|j|☆NoFishNoLife
|j|☆LastGREATEST
|t:|1760342650
|gametype|singles
|player|p1|NoFishNoLife|fisherman-gen4|1273
|player|p2|LastGREATEST|ryuki|1229
|gen|9
|tier|[Gen 9] OU
|rated|
|rule|HP Percentage Mod: HP is shown in percentages
|rule|Endless Battle Clause: Forcing endless battles is banned
|rule|Species Clause: Limit one of each Pokémon
|rule|OHKO Clause: OHKO moves are banned
|rule|Evasion Items Clause: Evasion items are banned
|rule|Evasion Moves Clause: Evasion moves are banned
|rule|Evasion Abilities Clause: Evasion abilities are banned
|rule|Sleep Moves Clause: Sleep-inducing moves are banned
|clearpoke
|poke|p1|Volcanion|
|poke|p1|Rabsca, M|
|poke|p1|Ditto|
|poke|p1|Clefable, F|
|poke|p1|Salamence, F|
|poke|p1|Hoopa-Unbound|
|poke|p2|Pelipper, M|
|poke|p2|Kingdra, F|
|poke|p2|Primarina, M|
|poke|p2|Toxicroak, M|
|poke|p2|Iron Treads|
|poke|p2|Lokix, M|
|teampreview
|
|t:|1760342664
|teamsize|p1|6
|teamsize|p2|6
|start
|switch|p1a: Birdy|Salamence, F|100/100
|switch|p2a: WART|Toxicroak, M|100/100
|turn|1
|
|t:|1760342671
|move|p1a: Birdy|Dragon Dance|p1a: Birdy
|-boost|p1a: Birdy|atk|1
|-boost|p1a: Birdy|spe|1
|move|p2a: WART|Encore|p1a: Birdy
|-start|p1a: Birdy|Encore
|
|upkeep
|turn|2
|inactive|Battle timer is ON: inactive players will automatically lose when time's up. (requested by NoFishNoLife)
|
|t:|1760342680
|switch|p2a: QUEENDRA|Kingdra, F, shiny|100/100
|move|p1a: Birdy|Dragon Dance|p1a: Birdy
|-boost|p1a: Birdy|atk|1
|-boost|p1a: Birdy|spe|1
|
|upkeep
|turn|3
|
|t:|1760342685
|move|p1a: Birdy|Dragon Dance|p1a: Birdy
|-boost|p1a: Birdy|atk|1
|-boost|p1a: Birdy|spe|1
|move|p2a: QUEENDRA|Draco Meteor|p1a: Birdy
|-supereffective|p1a: Birdy
|-damage|p1a: Birdy|0 fnt
|-unboost|p2a: QUEENDRA|spa|2
|faint|p1a: Birdy
|
|upkeep
|
|t:|1760342704
|switch|p1a: Fish|Volcanion|100/100
|turn|4
|
|t:|1760342722
|switch|p2a: AQUAFINA|Primarina, M, shiny|100/100
|move|p1a: Fish|Steam Eruption|p2a: AQUAFINA
|-resisted|p2a: AQUAFINA
|-damage|p2a: AQUAFINA|72/100
|
|-heal|p2a: AQUAFINA|78/100|[from] item: Leftovers
|upkeep
|turn|5
|inactive|NoFishNoLife has 120 seconds left.
|
|t:|1760342769
|move|p2a: AQUAFINA|Moonblast|p1a: Fish
|-resisted|p1a: Fish
|-damage|p1a: Fish|74/100
|-unboost|p1a: Fish|spa|1
|move|p1a: Fish|Sludge Bomb|p2a: AQUAFINA
|-supereffective|p2a: AQUAFINA
|-damage|p2a: AQUAFINA|34/100
|-status|p2a: AQUAFINA|psn
|
|-heal|p2a: AQUAFINA|40/100 psn|[from] item: Leftovers
|-damage|p2a: AQUAFINA|28/100 psn|[from] psn
|upkeep
|turn|6
|
|t:|1760342780
|switch|p2a: ELON TUSK|Iron Treads|100/100
|move|p1a: Fish|Steam Eruption|p2a: ELON TUSK
|-supereffective|p2a: ELON TUSK
|-damage|p2a: ELON TUSK|0 fnt
|faint|p2a: ELON TUSK
|-end|p2a: ELON TUSK|Quark Drive|[silent]
|
|upkeep
|inactive|LastGREATEST has 120 seconds left.
|
|t:|1760342833
|switch|p2a: TOILET|Pelipper, M|100/100
|-weather|RainDance|[from] ability: Drizzle|[of] p2a: TOILET
|turn|7
|
|t:|1760342838
|move|p1a: Fish|Steam Eruption|p2a: TOILET
|-resisted|p2a: TOILET
|-damage|p2a: TOILET|71/100
|-status|p2a: TOILET|brn
|move|p2a: TOILET|U-turn|p1a: Fish
|-resisted|p1a: Fish
|-damage|p1a: Fish|72/100
|
|t:|1760342856
|switch|p2a: WART|Toxicroak, M|100/100|[from] U-turn
|
|-weather|RainDance|[upkeep]
|upkeep
|turn|8
|
|t:|1760342861
|move|p2a: WART|Knock Off|p1a: Fish
|-damage|p1a: Fish|52/100
|-enditem|p1a: Fish|Zoom Lens|[from] move: Knock Off|[of] p2a: WART
|move|p1a: Fish|Earth Power|p2a: WART
|-supereffective|p2a: WART
|-damage|p2a: WART|48/100
|
|-weather|RainDance|[upkeep]
|-heal|p2a: WART|61/100|[from] ability: Dry Skin
|upkeep
|turn|9
|
|t:|1760342874
|switch|p1a: Hoopa|Hoopa-Unbound|100/100
|move|p2a: WART|Toxic|p1a: Hoopa
|-status|p1a: Hoopa|tox
|
|-weather|RainDance|[upkeep]
|-heal|p2a: WART|73/100|[from] ability: Dry Skin
|-damage|p1a: Hoopa|95/100 tox|[from] psn
|upkeep
|turn|10
|
|t:|1760342886
|switch|p2a: AQUAFINA|Primarina, M, shiny|28/100 psn
|move|p1a: Hoopa|Hyperspace Fury|p2a: AQUAFINA
|-resisted|p2a: AQUAFINA
|-damage|p2a: AQUAFINA|0 fnt
|-unboost|p1a: Hoopa|def|1
|faint|p2a: AQUAFINA
|
|-weather|RainDance|[upkeep]
|-damage|p1a: Hoopa|83/100 tox|[from] psn
|upkeep
|
|t:|1760342892
|switch|p2a: BUGSAW|Lokix, M|100/100
|turn|11
|
|t:|1760342900
|move|p1a: Hoopa|Hyperspace Fury|p2a: BUGSAW
|-resisted|p2a: BUGSAW
|-damage|p2a: BUGSAW|48/100
|-unboost|p1a: Hoopa|def|1
|move|p2a: BUGSAW|U-turn|p1a: Hoopa
|-supereffective|p1a: Hoopa
|-damage|p1a: Hoopa|0 fnt
|faint|p1a: Hoopa
|inactive|LastGREATEST has 120 seconds left.
|
|t:|1760342908
|switch|p2a: QUEENDRA|Kingdra, F, shiny|100/100|[from] U-turn
|
|-weather|RainDance|[upkeep]
|upkeep
|
|t:|1760342912
|switch|p1a: Fish|Volcanion|52/100
|turn|12
|
|t:|1760342920
|move|p2a: QUEENDRA|Hurricane|p1a: Fish
|-damage|p1a: Fish|5/100
|move|p1a: Fish|Steam Eruption|p2a: QUEENDRA
|-resisted|p2a: QUEENDRA
|-damage|p2a: QUEENDRA|74/100
|
|-weather|RainDance|[upkeep]
|upkeep
|turn|13
|
|t:|1760342924
|move|p2a: QUEENDRA|Hurricane|p1a: Fish
|-damage|p1a: Fish|0 fnt
|faint|p1a: Fish
|
|-weather|RainDance|[upkeep]
|upkeep
|
|t:|1760342926
|switch|p1a: Blessiy|Clefable, F, shiny|100/100
|turn|14
|
|t:|1760342931
|switch|p2a: WART|Toxicroak, M|73/100
|move|p1a: Blessiy|Cosmic Power|p1a: Blessiy
|-boost|p1a: Blessiy|def|1
|-boost|p1a: Blessiy|spd|1
|
|-weather|none
|upkeep
|turn|15
|
|t:|1760342935
|move|p2a: WART|Encore|p1a: Blessiy
|-start|p1a: Blessiy|Encore
|move|p1a: Blessiy|Cosmic Power|p1a: Blessiy
|-boost|p1a: Blessiy|def|1
|-boost|p1a: Blessiy|spd|1
|
|upkeep
|turn|16
|
|t:|1760342942
|switch|p1a: ._.|Ditto|100/100
|-transform|p1a: ._.|p2a: WART|[from] ability: Imposter
|move|p2a: WART|Knock Off|p1a: ._.
|-resisted|p1a: ._.
|-damage|p1a: ._.|86/100
|-enditem|p1a: ._.|Choice Scarf|[from] move: Knock Off|[of] p2a: WART
|
|upkeep
|turn|17
|
|t:|1760342967
|move|p2a: WART|Encore||[still]
|-fail|p2a: WART
|move|p1a: ._.|Knock Off|p2a: WART
|-resisted|p2a: WART
|-crit|p2a: WART
|-damage|p2a: WART|57/100
|-damage|p1a: ._.|70/100|[from] item: Rocky Helmet|[of] p2a: WART
|-enditem|p2a: WART|Rocky Helmet|[from] move: Knock Off|[of] p1a: ._.
|
|upkeep
|turn|18
|
|t:|1760342980
|switch|p1a: Pokemon center|Rabsca, M|100/100
|move|p2a: WART|Drain Punch|p1a: Pokemon center
|-resisted|p1a: Pokemon center
|-damage|p1a: Pokemon center|93/100
|-heal|p2a: WART|60/100|[from] drain|[of] p1a: Pokemon center
|
|-heal|p1a: Pokemon center|99/100|[from] item: Leftovers
|upkeep
|turn|19
|
|t:|1760342985
|move|p2a: WART|Knock Off|p1a: Pokemon center
|-supereffective|p1a: Pokemon center
|-damage|p1a: Pokemon center|48/100
|-enditem|p1a: Pokemon center|Leftovers|[from] move: Knock Off|[of] p2a: WART
|move|p1a: Pokemon center|Revival Blessing|p1a: Pokemon center
|inactive|NoFishNoLife has 120 seconds left.
|
|t:|1760343022
|-heal|p1: Birdy|50/100|[from] move: Revival Blessing
|
|upkeep
|turn|20
|
|t:|1760343030
|move|p2a: WART|Toxic|p1a: Pokemon center
|-status|p1a: Pokemon center|tox
|-activate|p1a: Pokemon center|ability: Synchronize
|-immune|p2a: WART
|move|p1a: Pokemon center|Rest|p1a: Pokemon center
|-status|p1a: Pokemon center|slp|[from] move: Rest
|-heal|p1a: Pokemon center|100/100 slp|[silent]
|
|upkeep
|turn|21
|
|t:|1760343042
|switch|p2a: TOILET|Pelipper, M|71/100 brn
|-weather|RainDance|[from] ability: Drizzle|[of] p2a: TOILET
|switch|p1a: Birdy|Salamence, F|50/100
|
|-weather|RainDance|[upkeep]
|-damage|p2a: TOILET|65/100 brn|[from] brn
|upkeep
|turn|22
|
|t:|1760343048
|move|p1a: Birdy|Dragon Dance|p1a: Birdy
|-boost|p1a: Birdy|atk|1
|-boost|p1a: Birdy|spe|1
|move|p2a: TOILET|Ice Beam|p1a: Birdy
|-supereffective|p1a: Birdy
|-crit|p1a: Birdy
|-damage|p1a: Birdy|0 fnt
|faint|p1a: Birdy
|
|-weather|RainDance|[upkeep]
|-damage|p2a: TOILET|58/100 brn|[from] brn
|upkeep
|
|t:|1760343056
|switch|p1a: Pokemon center|Rabsca, M|100/100 slp
|turn|23
|
|t:|1760343061
|move|p2a: TOILET|U-turn|p1a: Pokemon center
|-supereffective|p1a: Pokemon center
|-damage|p1a: Pokemon center|90/100 slp
|
|t:|1760343067
|switch|p2a: QUEENDRA|Kingdra, F, shiny|74/100|[from] U-turn
|cant|p1a: Pokemon center|slp
|move|p1a: Pokemon center|Sleep Talk|p1a: Pokemon center
|move|p1a: Pokemon center|Rest||[from] move: Sleep Talk|[still]
|-fail|p1a: Pokemon center
|
|-weather|RainDance|[upkeep]
|upkeep
|turn|24
|
|t:|1760343074
|-terastallize|p1a: Pokemon center|Normal
|move|p2a: QUEENDRA|Hurricane|p1a: Pokemon center
|-damage|p1a: Pokemon center|56/100 slp
|cant|p1a: Pokemon center|slp
|move|p1a: Pokemon center|Sleep Talk|p1a: Pokemon center
|move|p1a: Pokemon center|Revival Blessing|p1a: Pokemon center|[from] move: Sleep Talk
|
|t:|1760343076
|-heal|p1: Hoopa|50/100|[from] move: Revival Blessing
|
|-weather|RainDance|[upkeep]
|upkeep
|turn|25
|c|☆LastGREATEST|omg
|c|☆LastGREATEST|love the tech
|
|t:|1760343103
|switch|p2a: WART|Toxicroak, M|60/100
|-curestatus|p1a: Pokemon center|slp|[msg]
|move|p1a: Pokemon center|Rest|p1a: Pokemon center
|-status|p1a: Pokemon center|slp|[from] move: Rest
|-heal|p1a: Pokemon center|100/100 slp|[silent]
|
|-weather|RainDance|[upkeep]
|-heal|p2a: WART|73/100|[from] ability: Dry Skin
|upkeep
|turn|26
|c|☆NoFishNoLife|haha
|
|t:|1760343128
|switch|p1a: Hoopa|Hoopa-Unbound|50/100
|move|p2a: WART|Knock Off|p1a: Hoopa
|-damage|p1a: Hoopa|12/100
|-enditem|p1a: Hoopa|Choice Scarf|[from] move: Knock Off|[of] p2a: WART
|
|-weather|RainDance|[upkeep]
|-heal|p2a: WART|85/100|[from] ability: Dry Skin
|upkeep
|turn|27
|
|t:|1760343141
|move|p1a: Hoopa|Destiny Bond|p1a: Hoopa
|-singlemove|p1a: Hoopa|Destiny Bond
|move|p2a: WART|Drain Punch|p1a: Hoopa
|-damage|p1a: Hoopa|0 fnt
|-heal|p2a: WART|90/100|[from] drain|[of] p1a: Hoopa
|faint|p1a: Hoopa
|-activate|p1a: Hoopa|move: Destiny Bond
|faint|p2a: WART
|
|-weather|RainDance|[upkeep]
|upkeep
|
|t:|1760343149
|switch|p1a: Pokemon center|Rabsca, M, tera:Normal|100/100 slp
|switch|p2a: BUGSAW|Lokix, M|48/100
|turn|28
|inactive|LastGREATEST has 120 seconds left.
|
|t:|1760343175
|-terastallize|p2a: BUGSAW|Bug
|move|p2a: BUGSAW|Leech Life|p1a: Pokemon center
|-damage|p1a: Pokemon center|24/100 slp
|-heal|p2a: BUGSAW|96/100|[from] drain|[of] p1a: Pokemon center
|cant|p1a: Pokemon center|slp
|move|p1a: Pokemon center|Sleep Talk|p1a: Pokemon center
|move|p1a: Pokemon center|Revival Blessing|p1a: Pokemon center|[from] move: Sleep Talk
|inactive|NoFishNoLife has 120 seconds left.
|inactive|NoFishNoLife has 90 seconds left.
|
|t:|1760343232
|-heal|p1: Birdy|50/100|[from] move: Revival Blessing
|
|-weather|none
|upkeep
|turn|29
|inactive|NoFishNoLife has 90 seconds left.
|inactive|LastGREATEST has 120 seconds left.
|
|t:|1760343251
|switch|p2a: TOILET|Pelipper, M|58/100 brn
|-weather|RainDance|[from] ability: Drizzle|[of] p2a: TOILET
|switch|p1a: Birdy|Salamence, F|50/100
|
|-weather|RainDance|[upkeep]
|-damage|p2a: TOILET|52/100 brn|[from] brn
|upkeep
|turn|30
|inactive|LastGREATEST has 120 seconds left.
|
|t:|1760343263
|move|p1a: Birdy|Dual Wingbeat|p2a: TOILET
|-damage|p2a: TOILET|29/100 brn
|-damage|p2a: TOILET|5/100 brn
|-hitcount|p2a: TOILET|2
|move|p2a: TOILET|U-turn|p1a: Birdy
|-resisted|p1a: Birdy
|-damage|p1a: Birdy|48/100
|inactive|LastGREATEST has 120 seconds left.
|inactive|LastGREATEST has 90 seconds left.
|inactive|LastGREATEST has 60 seconds left.
|
|t:|1760343330
|switch|p2a: BUGSAW|Lokix, M, tera:Bug|96/100|[from] U-turn
|
|-weather|RainDance|[upkeep]
|upkeep
|turn|31
|
|t:|1760343338
|move|p2a: BUGSAW|Leech Life|p1a: Birdy
|-resisted|p1a: Birdy
|-damage|p1a: Birdy|0 fnt
|-heal|p2a: BUGSAW|100/100|[from] drain|[of] p1a: Birdy
|faint|p1a: Birdy
|
|-weather|RainDance|[upkeep]
|upkeep
|
|t:|1760343346
|switch|p1a: ._.|Ditto|70/100
|-transform|p1a: ._.|p2a: BUGSAW|[from] ability: Imposter
|turn|32
|
|t:|1760343361
|move|p1a: ._.|First Impression|p2a: BUGSAW
|-damage|p2a: BUGSAW|45/100
|move|p2a: BUGSAW|Leech Life|p1a: ._.
|-supereffective|p1a: ._.
|-damage|p1a: ._.|0 fnt
|-heal|p2a: BUGSAW|82/100|[from] drain|[of] p1a: ._.
|faint|p1a: ._.
|
|-weather|RainDance|[upkeep]
|upkeep
|inactive|NoFishNoLife has 90 seconds left.
|
|t:|1760343387
|switch|p1a: Blessiy|Clefable, F, shiny|100/100
|turn|33
|
|t:|1760343390
|move|p2a: BUGSAW|Leech Life|p1a: Blessiy
|-resisted|p1a: Blessiy
|-damage|p1a: Blessiy|46/100
|-heal|p2a: BUGSAW|100/100|[from] drain|[of] p1a: Blessiy
|move|p1a: Blessiy|Cosmic Power|p1a: Blessiy
|-boost|p1a: Blessiy|def|1
|-boost|p1a: Blessiy|spd|1
|
|-weather|RainDance|[upkeep]
|-heal|p1a: Blessiy|52/100|[from] item: Leftovers
|upkeep
|turn|34
|
|t:|1760343404
|move|p2a: BUGSAW|Leech Life|p1a: Blessiy
|-resisted|p1a: Blessiy
|-damage|p1a: Blessiy|13/100
|move|p1a: Blessiy|Moonlight|p1a: Blessiy
|-heal|p1a: Blessiy|38/100
|
|-weather|RainDance|[upkeep]
|-heal|p1a: Blessiy|44/100|[from] item: Leftovers
|upkeep
|turn|35
|
|t:|1760343414
|move|p2a: BUGSAW|Leech Life|p1a: Blessiy
|-resisted|p1a: Blessiy
|-damage|p1a: Blessiy|7/100
|move|p1a: Blessiy|Moonlight|p1a: Blessiy
|-heal|p1a: Blessiy|32/100
|
|-weather|RainDance|[upkeep]
|-heal|p1a: Blessiy|38/100|[from] item: Leftovers
|upkeep
|turn|36
|
|t:|1760343423
|move|p2a: BUGSAW|Leech Life|p1a: Blessiy
|-resisted|p1a: Blessiy
|-damage|p1a: Blessiy|2/100
|move|p1a: Blessiy|Moonlight|p1a: Blessiy
|-heal|p1a: Blessiy|27/100
|
|-weather|none
|-heal|p1a: Blessiy|33/100|[from] item: Leftovers
|upkeep
|turn|37
|
|t:|1760343428
|move|p2a: BUGSAW|Leech Life|p1a: Blessiy
|-resisted|p1a: Blessiy
|-damage|p1a: Blessiy|0 fnt
|faint|p1a: Blessiy
|
|upkeep
|
|t:|1760343430
|switch|p1a: Pokemon center|Rabsca, M, tera:Normal|24/100 slp
|turn|38
|c|☆NoFishNoLife|fuck that rainnnnnmnn
|
|t:|1760343444
|switch|p2a: TOILET|Pelipper, M|5/100 brn
|-weather|RainDance|[from] ability: Drizzle|[of] p2a: TOILET
|cant|p1a: Pokemon center|slp
|move|p1a: Pokemon center|Sleep Talk|p1a: Pokemon center
|move|p1a: Pokemon center|Revival Blessing|p1a: Pokemon center|[from] move: Sleep Talk
|
|t:|1760343447
|-heal|p1: Blessiy|50/100|[from] move: Revival Blessing
|
|-weather|RainDance|[upkeep]
|-damage|p2a: TOILET|0 fnt|[from] brn
|faint|p2a: TOILET
|upkeep
|c|☆LastGREATEST|whats your team?
|c|☆LastGREATEST|where can i find it
|inactive|LastGREATEST has 120 seconds left.
|c|☆NoFishNoLife|I create myself
|c|☆LastGREATEST|maybe you can run it with satall
|c|☆LastGREATEST|you are a wise man
|c|☆LastGREATEST|nice nickinames
|inactive|LastGREATEST has 90 seconds left.
|c|☆NoFishNoLife|Yeah,my clefable is stall
|c|☆NoFishNoLife|love ur nicknames too
|c|☆NoFishNoLife|toilet
|c|☆LastGREATEST|hoopa name is meh
|
|t:|1760343527
|switch|p2a: QUEENDRA|Kingdra, F, shiny|74/100
|turn|39
|c|☆NoFishNoLife|Hoopa is new in team
|inactive|NoFishNoLife has 120 seconds left.
|
|t:|1760343555
|move|p2a: QUEENDRA|Weather Ball|p1a: Pokemon center
|-damage|p1a: Pokemon center|0 fnt
|faint|p1a: Pokemon center
|
|-weather|RainDance|[upkeep]
|upkeep
|
|t:|1760343558
|switch|p1a: Blessiy|Clefable, F, shiny|50/100
|turn|40
|c|☆LastGREATEST|he has to earn his placfe
|
|t:|1760343565
|move|p2a: QUEENDRA|Weather Ball|p1a: Blessiy
|-damage|p1a: Blessiy|0 fnt
|faint|p1a: Blessiy
|
|win|LastGREATEST
|raw|NoFishNoLife's rating: 1273 &rarr; <strong>1245</strong><br />(-28 for losing)
|raw|LastGREATEST's rating: 1229 &rarr; <strong>1257</strong><br />(+28 for winning)
|c|☆NoFishNoLife|Ggwp
|c|☆NoFishNoLife|rainy day fucked my clefsble
|l|☆NoFishNoLife
|player|p1|
|l|☆LastGREATEST
|player|p2|
