|j|☆Achades
|j|☆great team haver
|t:|1760410726
|gametype|singles
|player|p1|Achades|169|1462
|player|p2|great team haver|skierf|1407
|gen|9
|tier|[Gen 9] OU
|rated|
|rule|HP Percentage Mod: HP is shown in percentages
|rule|Endless Battle Clause: Forcing endless battles is banned
|rule|Species Clause: Limit one of each Pokémon
|rule|OHKO Clause: OHKO moves are banned
|rule|Evasion Items Clause: Evasion items are banned
|rule|Evasion Moves Clause: Evasion moves are banned
|rule|Evasion Abilities Clause: Evasion abilities are banned
|rule|Sleep Moves Clause: Sleep-inducing moves are banned
|clearpoke
|poke|p1|Torkoal, F|
|poke|p1|Great Tusk|
|poke|p1|Walking Wake|
|poke|p1|Dragonite, M|
|poke|p1|Slowking-Galar, F|
|poke|p1|Zapdos|
|poke|p2|Hatterene, F|
|poke|p2|Rillaboom, M|
|poke|p2|Raging Bolt|
|poke|p2|Lapras, M|
|poke|p2|Cinderace, M|
|poke|p2|Gholdengo|
|teampreview
|inactive|Battle timer is ON: inactive players will automatically lose when time's up. (requested by great team haver)
|
|t:|1760410732
|teamsize|p1|6
|teamsize|p2|6
|start
|switch|p1a: Torkoal|Torkoal, F|100/100
|switch|p2a: Sprinkles|Hatterene, F|100/100
|-weather|SunnyDay|[from] ability: Drought|[of] p1a: Torkoal
|turn|1
|
|t:|1760410736
|switch|p1a: Slowking|Slowking-Galar, F|100/100
|move|p2a: Sprinkles|Calm Mind|p2a: Sprinkles
|-boost|p2a: Sprinkles|spa|1
|-boost|p2a: Sprinkles|spd|1
|
|-weather|SunnyDay|[upkeep]
|upkeep
|turn|2
|
|t:|1760410739
|-terastallize|p2a: Sprinkles|Psychic
|move|p2a: Sprinkles|Calm Mind|p2a: Sprinkles
|-boost|p2a: Sprinkles|spa|1
|-boost|p2a: Sprinkles|spd|1
|move|p1a: Slowking|Sludge Bomb|p2a: Sprinkles
|-damage|p2a: Sprinkles|78/100
|
|-weather|SunnyDay|[upkeep]
|upkeep
|turn|3
|
|t:|1760410755
|switch|p1a: Great Tusk|Great Tusk|100/100
|-activate|p1a: Great Tusk|ability: Protosynthesis
|-start|p1a: Great Tusk|protosynthesisdef
|move|p2a: Sprinkles|Agility|p2a: Sprinkles
|-boost|p2a: Sprinkles|spe|2
|
|-weather|SunnyDay|[upkeep]
|upkeep
|turn|4
|
|t:|1760410758
|-terastallize|p1a: Great Tusk|Steel
|move|p2a: Sprinkles|Draining Kiss|p1a: Great Tusk
|-resisted|p1a: Great Tusk
|-damage|p1a: Great Tusk|73/100
|-heal|p2a: Sprinkles|100/100|[from] drain|[of] p1a: Great Tusk
|move|p1a: Great Tusk|Knock Off|p2a: Sprinkles
|-supereffective|p2a: Sprinkles
|-damage|p2a: Sprinkles|32/100
|-enditem|p2a: Sprinkles|Grassy Seed|[from] move: Knock Off|[of] p1a: Great Tusk
|
|-weather|SunnyDay|[upkeep]
|-heal|p1a: Great Tusk|79/100|[from] item: Leftovers
|upkeep
|turn|5
|
|t:|1760410768
|move|p2a: Sprinkles|Stored Power|p1a: Great Tusk
|-resisted|p1a: Great Tusk
|-damage|p1a: Great Tusk|0 fnt
|faint|p1a: Great Tusk
|-end|p1a: Great Tusk|Protosynthesis|[silent]
|
|-weather|SunnyDay|[upkeep]
|upkeep
|
|t:|1760410771
|switch|p1a: Dragonite|Dragonite, M|100/100
|turn|6
|
|t:|1760410773
|move|p1a: Dragonite|Extreme Speed|p2a: Sprinkles
|-damage|p2a: Sprinkles|0 fnt
|faint|p2a: Sprinkles
|
|-weather|SunnyDay|[upkeep]
|upkeep
|
|t:|1760410776
|switch|p2a: GOLDEN JOE|Gholdengo|100/100
|turn|7
|
|t:|1760410781
|move|p2a: GOLDEN JOE|Trick|p1a: Dragonite
|-activate|p2a: GOLDEN JOE|move: Trick|[of] p1a: Dragonite
|-item|p1a: Dragonite|Choice Specs|[from] move: Trick
|-item|p2a: GOLDEN JOE|Heavy-Duty Boots|[from] move: Trick
|move|p1a: Dragonite|Earthquake|p2a: GOLDEN JOE
|-supereffective|p2a: GOLDEN JOE
|-damage|p2a: GOLDEN JOE|11/100
|
|-weather|SunnyDay|[upkeep]
|upkeep
|turn|8
|
|t:|1760410787
|switch|p2a: TOGETHER STRONG|Rillaboom, M|100/100
|-fieldstart|move: Grassy Terrain|[from] ability: Grassy Surge|[of] p2a: TOGETHER STRONG
|move|p1a: Dragonite|Earthquake|p2a: TOGETHER STRONG
|-resisted|p2a: TOGETHER STRONG
|-damage|p2a: TOGETHER STRONG|91/100
|
|-weather|none
|-heal|p2a: TOGETHER STRONG|97/100|[from] Grassy Terrain
|upkeep
|turn|9
|
|t:|1760410790
|switch|p1a: Torkoal|Torkoal, F|100/100
|-weather|SunnyDay|[from] ability: Drought|[of] p1a: Torkoal
|move|p2a: TOGETHER STRONG|U-turn|p1a: Torkoal
|-resisted|p1a: Torkoal
|-damage|p1a: Torkoal|87/100
|
|t:|1760410796
|switch|p2a: BAN WELLSPRING|Raging Bolt|100/100|[from] U-turn
|-activate|p2a: BAN WELLSPRING|ability: Protosynthesis
|-start|p2a: BAN WELLSPRING|protosynthesisspa
|
|-weather|SunnyDay|[upkeep]
|-heal|p1a: Torkoal|93/100|[from] Grassy Terrain
|upkeep
|turn|10
|
|t:|1760410800
|switch|p1a: Slowking|Slowking-Galar, F|100/100
|move|p2a: BAN WELLSPRING|Calm Mind|p2a: BAN WELLSPRING
|-boost|p2a: BAN WELLSPRING|spa|1
|-boost|p2a: BAN WELLSPRING|spd|1
|
|-weather|SunnyDay|[upkeep]
|upkeep
|turn|11
|
|t:|1760410809
|move|p2a: BAN WELLSPRING|Discharge|p1a: Slowking
|-damage|p1a: Slowking|62/100
|move|p1a: Slowking|Psyshock|p2a: BAN WELLSPRING
|-crit|p2a: BAN WELLSPRING
|-damage|p2a: BAN WELLSPRING|65/100
|
|-weather|SunnyDay|[upkeep]
|-heal|p2a: BAN WELLSPRING|71/100|[from] Grassy Terrain
|-heal|p2a: BAN WELLSPRING|77/100|[from] item: Leftovers
|-heal|p1a: Slowking|68/100|[from] Grassy Terrain
|upkeep
|turn|12
|
|t:|1760410814
|move|p2a: BAN WELLSPRING|Calm Mind|p2a: BAN WELLSPRING
|-boost|p2a: BAN WELLSPRING|spa|1
|-boost|p2a: BAN WELLSPRING|spd|1
|move|p1a: Slowking|Psyshock|p2a: BAN WELLSPRING
|-damage|p2a: BAN WELLSPRING|52/100
|
|-weather|SunnyDay|[upkeep]
|-heal|p2a: BAN WELLSPRING|58/100|[from] Grassy Terrain
|-heal|p2a: BAN WELLSPRING|64/100|[from] item: Leftovers
|-heal|p1a: Slowking|74/100|[from] Grassy Terrain
|-fieldend|move: Grassy Terrain
|upkeep
|turn|13
|
|t:|1760410816
|move|p2a: BAN WELLSPRING|Discharge|p1a: Slowking
|-damage|p1a: Slowking|24/100
|move|p1a: Slowking|Psyshock|p2a: BAN WELLSPRING
|-damage|p2a: BAN WELLSPRING|40/100
|
|-weather|SunnyDay|[upkeep]
|-heal|p2a: BAN WELLSPRING|46/100|[from] item: Leftovers
|upkeep
|turn|14
|
|t:|1760410819
|move|p2a: BAN WELLSPRING|Discharge|p1a: Slowking
|-damage|p1a: Slowking|0 fnt
|faint|p1a: Slowking
|
|-weather|SunnyDay|[upkeep]
|-heal|p2a: BAN WELLSPRING|52/100|[from] item: Leftovers
|upkeep
|
|t:|1760410821
|switch|p1a: Dragonite|Dragonite, M|100/100
|turn|15
|
|t:|1760410823
|-end|p2a: BAN WELLSPRING|Protosynthesis|[silent]
|switch|p2a: TOGETHER STRONG|Rillaboom, M|97/100
|-fieldstart|move: Grassy Terrain|[from] ability: Grassy Surge|[of] p2a: TOGETHER STRONG
|move|p1a: Dragonite|Earthquake|p2a: TOGETHER STRONG
|-resisted|p2a: TOGETHER STRONG
|-damage|p2a: TOGETHER STRONG|86/100
|
|-weather|SunnyDay|[upkeep]
|-heal|p2a: TOGETHER STRONG|92/100|[from] Grassy Terrain
|upkeep
|turn|16
|
|t:|1760410830
|switch|p1a: Torkoal|Torkoal, F|93/100
|move|p2a: TOGETHER STRONG|U-turn|p1a: Torkoal
|-resisted|p1a: Torkoal
|-damage|p1a: Torkoal|79/100
|
|t:|1760410833
|switch|p2a: BAN WELLSPRING|Raging Bolt|52/100|[from] U-turn
|-activate|p2a: BAN WELLSPRING|ability: Protosynthesis
|-start|p2a: BAN WELLSPRING|protosynthesisspa
|
|-weather|none
|-end|p2a: BAN WELLSPRING|Protosynthesis
|-heal|p2a: BAN WELLSPRING|58/100|[from] Grassy Terrain
|-heal|p2a: BAN WELLSPRING|64/100|[from] item: Leftovers
|-heal|p1a: Torkoal|85/100|[from] Grassy Terrain
|upkeep
|turn|17
|
|t:|1760410835
|switch|p1a: Dragonite|Dragonite, M|100/100
|move|p2a: BAN WELLSPRING|Calm Mind|p2a: BAN WELLSPRING
|-boost|p2a: BAN WELLSPRING|spa|1
|-boost|p2a: BAN WELLSPRING|spd|1
|
|-heal|p2a: BAN WELLSPRING|71/100|[from] Grassy Terrain
|-heal|p2a: BAN WELLSPRING|77/100|[from] item: Leftovers
|upkeep
|turn|18
|
|t:|1760410837
|move|p1a: Dragonite|Fire Punch|p2a: BAN WELLSPRING
|-resisted|p2a: BAN WELLSPRING
|-damage|p2a: BAN WELLSPRING|68/100
|move|p2a: BAN WELLSPRING|Dragon Pulse|p1a: Dragonite
|-supereffective|p1a: Dragonite
|-damage|p1a: Dragonite|43/100
|
|-heal|p2a: BAN WELLSPRING|74/100|[from] Grassy Terrain
|-heal|p2a: BAN WELLSPRING|80/100|[from] item: Leftovers
|upkeep
|turn|19
|
|t:|1760410841
|switch|p1a: Zapdos|Zapdos|100/100
|move|p2a: BAN WELLSPRING|Calm Mind|p2a: BAN WELLSPRING
|-boost|p2a: BAN WELLSPRING|spa|1
|-boost|p2a: BAN WELLSPRING|spd|1
|
|-heal|p2a: BAN WELLSPRING|86/100|[from] Grassy Terrain
|-heal|p2a: BAN WELLSPRING|93/100|[from] item: Leftovers
|-fieldend|move: Grassy Terrain
|upkeep
|turn|20
|
|t:|1760410844
|move|p1a: Zapdos|Volt Switch|p2a: BAN WELLSPRING
|-resisted|p2a: BAN WELLSPRING
|-damage|p2a: BAN WELLSPRING|90/100
|
|t:|1760410847
|switch|p1a: Dragonite|Dragonite, M|43/100|[from] Volt Switch
|move|p2a: BAN WELLSPRING|Calm Mind|p2a: BAN WELLSPRING
|-boost|p2a: BAN WELLSPRING|spa|1
|-boost|p2a: BAN WELLSPRING|spd|1
|
|-heal|p2a: BAN WELLSPRING|96/100|[from] item: Leftovers
|upkeep
|turn|21
|
|t:|1760410851
|move|p2a: BAN WELLSPRING|Thunderclap|p1a: Dragonite
|-damage|p1a: Dragonite|0 fnt
|faint|p1a: Dragonite
|
|-heal|p2a: BAN WELLSPRING|100/100|[from] item: Leftovers
|upkeep
|-message|Achades forfeited.
|
|win|great team haver
|raw|Achades's rating: 1462 &rarr; <strong>1439</strong><br />(-23 for losing)
|raw|great team haver's rating: 1407 &rarr; <strong>1430</strong><br />(+23 for winning)
|l|☆Achades
|player|p1|
