|j|☆HEEEEEEEEELP
|j|☆Spencer00
|t:|1760439634
|gametype|singles
|player|p1|HEEEEEEEEELP|170|1111
|player|p2|Spencer00|101|1107
|gen|9
|tier|[Gen 9] OU
|rated|
|rule|HP Percentage Mod: HP is shown in percentages
|rule|Endless Battle Clause: Forcing endless battles is banned
|rule|Species Clause: Limit one of each Pokémon
|rule|OHKO Clause: OHKO moves are banned
|rule|Evasion Items Clause: Evasion items are banned
|rule|Evasion Moves Clause: Evasion moves are banned
|rule|Evasion Abilities Clause: Evasion abilities are banned
|rule|Sleep Moves Clause: Sleep-inducing moves are banned
|clearpoke
|poke|p1|Clefable, F|
|poke|p1|Glimmora, F|
|poke|p1|Gholdengo|
|poke|p1|Hoopa-Unbound|
|poke|p1|Great Tusk|
|poke|p1|Ogerpon-Wellspring, F|
|poke|p2|Gliscor, M|
|poke|p2|Araquanid, M|
|poke|p2|Deoxys-Speed|
|poke|p2|Clefable, F|
|poke|p2|Blaziken, M|
|poke|p2|Weezing-Galar, M|
|teampreview
|
|t:|1760439643
|teamsize|p1|6
|teamsize|p2|6
|start
|switch|p1a: Glimmora|Glimmora, F, shiny|100/100
|switch|p2a: Blaziken|Blaziken, M|100/100
|turn|1
|
|t:|1760439669
|move|p2a: Blaziken|Close Combat|p1a: Glimmora
|-damage|p1a: Glimmora|29/100
|-unboost|p2a: Blaziken|def|1
|-unboost|p2a: Blaziken|spd|1
|-activate|p1a: Glimmora|ability: Toxic Debris
|-sidestart|p2: Spencer00|move: Toxic Spikes
|-damage|p2a: Blaziken|91/100|[from] item: Life Orb
|move|p1a: Glimmora|Stealth Rock|p2a: Blaziken
|-sidestart|p2: Spencer00|move: Stealth Rock
|
|-ability|p2a: Blaziken|Speed Boost|boost
|-boost|p2a: Blaziken|spe|1
|upkeep
|turn|2
|
|t:|1760439687
|move|p2a: Blaziken|Close Combat|p1a: Glimmora
|-damage|p1a: Glimmora|0 fnt
|-unboost|p2a: Blaziken|def|1
|-unboost|p2a: Blaziken|spd|1
|-activate|p1a: Glimmora|ability: Toxic Debris
|-sidestart|p2: Spencer00|move: Toxic Spikes
|faint|p1a: Glimmora
|-damage|p2a: Blaziken|81/100|[from] item: Life Orb
|
|-ability|p2a: Blaziken|Speed Boost|boost
|-boost|p2a: Blaziken|spe|1
|upkeep
|
|t:|1760439701
|switch|p1a: Clefable|Clefable, F, shiny|100/100
|turn|3
|
|t:|1760439716
|switch|p2a: Weezing|Weezing-Galar, M|100/100
|-damage|p2a: Weezing|88/100|[from] Stealth Rock
|move|p1a: Clefable|Wish|p1a: Clefable
|
|-heal|p2a: Weezing|94/100|[from] item: Leftovers
|upkeep
|turn|4
|
|t:|1760439729
|switch|p1a: Gholdengo|Gholdengo, shiny|100/100
|move|p2a: Weezing|Defog|p1a: Gholdengo
|-immune|p1a: Gholdengo|[from] ability: Good as Gold
|
|-heal|p2a: Weezing|99/100|[from] item: Leftovers
|upkeep
|turn|5
|
|t:|1760439754
|switch|p2a: Chico|Gliscor, M|100/100
|-damage|p2a: Chico|88/100|[from] Stealth Rock
|move|p1a: Gholdengo|Make It Rain|p2a: Chico
|-damage|p2a: Chico|0 fnt
|-unboost|p1a: Gholdengo|spa|1
|faint|p2a: Chico
|
|upkeep
|
|t:|1760439808
|switch|p2a: Sonicx|Deoxys-Speed|100/100
|-status|p2a: Sonicx|tox
|-damage|p2a: Sonicx|88/100 tox|[from] Stealth Rock
|-ability|p2a: Sonicx|Pressure
|turn|6
|
|t:|1760439822
|switch|p1a: Hoopa|Hoopa-Unbound|100/100
|move|p2a: Sonicx|Shadow Ball|p1a: Hoopa
|-damage|p1a: Hoopa|70/100
|
|-damage|p2a: Sonicx|82/100 tox|[from] psn
|upkeep
|turn|7
|
|t:|1760439836
|switch|p2a: Carla|Clefable, F|100/100
|-status|p2a: Carla|tox
|move|p1a: Hoopa|Hyperspace Fury|p2a: Carla
|-resisted|p2a: Carla
|-damage|p2a: Carla|71/100 tox
|-unboost|p1a: Hoopa|def|1
|-damage|p1a: Hoopa|60/100|[from] item: Life Orb
|
|-heal|p2a: Carla|77/100 tox|[from] item: Leftovers
|upkeep
|turn|8
|
|t:|1760439846
|switch|p1a: Clefable|Clefable, F, shiny|100/100
|move|p2a: Carla|Wish|p2a: Carla
|
|-heal|p2a: Carla|83/100 tox|[from] item: Leftovers
|upkeep
|turn|9
|
|t:|1760439852
|move|p2a: Carla|Calm Mind|p2a: Carla
|-boost|p2a: Carla|spa|1
|-boost|p2a: Carla|spd|1
|move|p1a: Clefable|Wish|p1a: Clefable
|
|-heal|p2a: Carla|100/100 tox|[from] move: Wish|[wisher] Carla
|upkeep
|turn|10
|
|t:|1760439864
|switch|p1a: Gholdengo|Gholdengo, shiny|100/100
|move|p2a: Carla|Moonblast|p1a: Gholdengo
|-resisted|p1a: Gholdengo
|-damage|p1a: Gholdengo|74/100
|-unboost|p1a: Gholdengo|spa|1
|
|-heal|p1a: Gholdengo|100/100|[from] move: Wish|[wisher] Clefable
|upkeep
|turn|11
|
|t:|1760439880
|-terastallize|p2a: Carla|Steel
|move|p1a: Gholdengo|Make It Rain|p2a: Carla
|-resisted|p2a: Carla
|-damage|p2a: Carla|79/100 tox
|-unboost|p1a: Gholdengo|spa|1
|move|p2a: Carla|Calm Mind|p2a: Carla
|-boost|p2a: Carla|spa|1
|-boost|p2a: Carla|spd|1
|
|-heal|p2a: Carla|85/100 tox|[from] item: Leftovers
|upkeep
|turn|12
|
|t:|1760439891
|switch|p1a: Great Tusk|Great Tusk, shiny|100/100
|move|p2a: Carla|Calm Mind|p2a: Carla
|-boost|p2a: Carla|spa|1
|-boost|p2a: Carla|spd|1
|
|-heal|p2a: Carla|91/100 tox|[from] item: Leftovers
|upkeep
|turn|13
|
|t:|1760439914
|switch|p2a: Weezing|Weezing-Galar, M|99/100
|-damage|p2a: Weezing|88/100|[from] Stealth Rock
|-terastallize|p1a: Great Tusk|Ground
|move|p1a: Great Tusk|Headlong Rush|p2a: Weezing
|-immune|p2a: Weezing|[from] ability: Levitate
|
|-heal|p2a: Weezing|94/100|[from] item: Leftovers
|upkeep
|turn|14
|
|t:|1760439933
|-end|p1a: Great Tusk|Protosynthesis|[silent]
|switch|p1a: Gholdengo|Gholdengo, shiny|100/100
|move|p2a: Weezing|Thunderbolt|p1a: Gholdengo
|-crit|p1a: Gholdengo
|-damage|p1a: Gholdengo|59/100
|-status|p1a: Gholdengo|par
|
|-heal|p2a: Weezing|99/100|[from] item: Leftovers
|upkeep
|turn|15
|
|t:|1760439943
|cant|p1a: Gholdengo|par
|move|p2a: Weezing|Thunderbolt|p1a: Gholdengo
|-damage|p1a: Gholdengo|29/100 par
|
|-heal|p2a: Weezing|100/100|[from] item: Leftovers
|upkeep
|turn|16
|
|t:|1760439948
|move|p1a: Gholdengo|Make It Rain|p2a: Weezing
|-supereffective|p2a: Weezing
|-damage|p2a: Weezing|0 fnt
|-unboost|p1a: Gholdengo|spa|1
|faint|p2a: Weezing
|
|upkeep
|
|t:|1760439965
|switch|p2a: Sonicx|Deoxys-Speed|82/100 tox
|-damage|p2a: Sonicx|69/100 tox|[from] Stealth Rock
|-ability|p2a: Sonicx|Pressure
|turn|17
|
|t:|1760439980
|switch|p1a: Clefable|Clefable, F, shiny|100/100
|move|p2a: Sonicx|Flash Cannon|p1a: Clefable
|-supereffective|p1a: Clefable
|-damage|p1a: Clefable|40/100
|
|-damage|p2a: Sonicx|63/100 tox|[from] psn
|upkeep
|turn|18
|
|t:|1760439996
|move|p1a: Clefable|Protect|p1a: Clefable
|-singleturn|p1a: Clefable|Protect
|move|p2a: Sonicx|Flash Cannon|p1a: Clefable
|-activate|p1a: Clefable|move: Protect
|
|-damage|p2a: Sonicx|51/100 tox|[from] psn
|upkeep
|turn|19
|
|t:|1760440003
|move|p2a: Sonicx|Flash Cannon|p1a: Clefable
|-supereffective|p1a: Clefable
|-damage|p1a: Clefable|0 fnt
|faint|p1a: Clefable
|
|-damage|p2a: Sonicx|32/100 tox|[from] psn
|upkeep
|
|t:|1760440007
|switch|p1a: Gholdengo|Gholdengo, shiny|29/100 par
|turn|20
|
|t:|1760440011
|move|p2a: Sonicx|Flash Cannon|p1a: Gholdengo
|-resisted|p1a: Gholdengo
|-damage|p1a: Gholdengo|11/100 par
|cant|p1a: Gholdengo|par
|
|-damage|p2a: Sonicx|7/100 tox|[from] psn
|upkeep
|turn|21
|
|t:|1760440020
|move|p2a: Sonicx|Flash Cannon|p1a: Gholdengo
|-resisted|p1a: Gholdengo
|-damage|p1a: Gholdengo|0 fnt
|faint|p1a: Gholdengo
|
|-damage|p2a: Sonicx|0 fnt|[from] psn
|faint|p2a: Sonicx
|upkeep
|
|t:|1760440033
|switch|p2a: Carla|Clefable, F, tera:Steel|91/100 tox
|switch|p1a: Hoopa|Hoopa-Unbound|60/100
|turn|22
|
|t:|1760440042
|move|p2a: Carla|Protect|p2a: Carla
|-singleturn|p2a: Carla|Protect
|move|p1a: Hoopa|Fire Punch|p2a: Carla
|-activate|p2a: Carla|move: Protect
|
|-heal|p2a: Carla|97/100 tox|[from] item: Leftovers
|upkeep
|turn|23
|
|t:|1760440051
|switch|p2a: Aranha água|Araquanid, M|100/100
|-status|p2a: Aranha água|tox
|-damage|p2a: Aranha água|75/100 tox|[from] Stealth Rock
|move|p1a: Hoopa|Fire Punch|p2a: Aranha água
|-damage|p2a: Aranha água|35/100 tox
|-damage|p1a: Hoopa|50/100|[from] item: Life Orb
|
|-heal|p2a: Aranha água|42/100 tox|[from] item: Leftovers
|-damage|p2a: Aranha água|35/100 tox|[from] psn
|upkeep
|turn|24
|
|t:|1760440067
|move|p1a: Hoopa|Psychic|p2a: Aranha água
|-damage|p2a: Aranha água|0 fnt
|faint|p2a: Aranha água
|-damage|p1a: Hoopa|40/100|[from] item: Life Orb
|
|upkeep
|
|t:|1760440075
|switch|p2a: Blaziken|Blaziken, M|81/100
|-status|p2a: Blaziken|tox
|-damage|p2a: Blaziken|68/100 tox|[from] Stealth Rock
|turn|25
|
|t:|1760440118
|move|p1a: Hoopa|Psychic|p2a: Blaziken
|-supereffective|p2a: Blaziken
|-damage|p2a: Blaziken|0 fnt
|faint|p2a: Blaziken
|-damage|p1a: Hoopa|30/100|[from] item: Life Orb
|
|upkeep
|
|t:|1760440121
|switch|p2a: Carla|Clefable, F, tera:Steel|97/100 tox
|turn|26
|
|t:|1760440131
|move|p1a: Hoopa|Fire Punch|p2a: Carla
|-supereffective|p2a: Carla
|-damage|p2a: Carla|41/100 tox
|-damage|p1a: Hoopa|20/100|[from] item: Life Orb
|move|p2a: Carla|Moonblast|p1a: Hoopa
|-supereffective|p1a: Hoopa
|-damage|p1a: Hoopa|0 fnt
|faint|p1a: Hoopa
|
|-heal|p2a: Carla|47/100 tox|[from] item: Leftovers
|upkeep
|
|t:|1760440136
|switch|p1a: Great Tusk|Great Tusk, shiny, tera:Ground|100/100
|turn|27
|
|t:|1760440144
|move|p1a: Great Tusk|Headlong Rush|p2a: Carla
|-supereffective|p2a: Carla
|-damage|p2a: Carla|0 fnt
|-unboost|p1a: Great Tusk|def|1
|-unboost|p1a: Great Tusk|spd|1
|faint|p2a: Carla
|
|win|HEEEEEEEEELP
|raw|HEEEEEEEEELP's rating: 1111 &rarr; <strong>1136</strong><br />(+25 for winning)
|raw|Spencer00's rating: 1107 &rarr; <strong>1082</strong><br />(-25 for losing)
|l|☆Spencer00
|player|p2|
