|j|☆A Regular Plumbus
|j|☆hey_rain_maker
|t:|1760302966
|gametype|singles
|player|p1|A Regular Plumbus|baker|1628
|player|p2|hey_rain_maker|caitlin|1661
|gen|9
|tier|[Gen 9] OU
|rated|
|rule|HP Percentage Mod: HP is shown in percentages
|rule|Endless Battle Clause: Forcing endless battles is banned
|rule|Species Clause: Limit one of each Pokémon
|rule|OHKO Clause: OHKO moves are banned
|rule|Evasion Items Clause: Evasion items are banned
|rule|Evasion Moves Clause: Evasion moves are banned
|rule|Evasion Abilities Clause: Evasion abilities are banned
|rule|Sleep Moves Clause: Sleep-inducing moves are banned
|clearpoke
|poke|p1|Chesnaught, M|
|poke|p1|Armarouge, M|
|poke|p1|Thundurus-Therian, M|
|poke|p1|Tentacruel, M|
|poke|p1|Tornadus-Therian, M|
|poke|p1|Garganacl, M|
|poke|p2|Samurott-Hisui, M|
|poke|p2|Darkrai|
|poke|p2|Gliscor, F|
|poke|p2|Cinderace, M|
|poke|p2|Raging Bolt|
|poke|p2|Ogerpon-Wellspring, F|
|teampreview
|inactive|Battle timer is ON: inactive players will automatically lose when time's up. (requested by A Regular Plumbus)
|inactive|hey_rain_maker also wants the timer to be on.
|
|t:|1760302995
|teamsize|p1|6
|teamsize|p2|6
|start
|switch|p1a: Garganacl|Garganacl, M|100/100
|switch|p2a: Darkrai|Darkrai|100/100
|turn|1
|
|t:|1760302997
|move|p2a: Darkrai|Trick|p1a: Garganacl
|-activate|p2a: Darkrai|move: Trick|[of] p1a: Garganacl
|-item|p1a: Garganacl|Choice Specs|[from] move: Trick
|-item|p2a: Darkrai|Leftovers|[from] move: Trick
|move|p1a: Garganacl|Salt Cure|p2a: Darkrai
|-damage|p2a: Darkrai|83/100
|-start|p2a: Darkrai|Salt Cure
|
|-heal|p2a: Darkrai|89/100|[from] item: Leftovers
|-damage|p2a: Darkrai|77/100|[from] Salt Cure
|upkeep
|turn|2
|
|t:|1760303000
|move|p2a: Darkrai|Dark Pulse|p1a: Garganacl
|-damage|p1a: Garganacl|71/100
|move|p1a: Garganacl|Salt Cure|p2a: Darkrai
|-damage|p2a: Darkrai|59/100
|
|-heal|p2a: Darkrai|65/100|[from] item: Leftovers
|-damage|p2a: Darkrai|52/100|[from] Salt Cure
|upkeep
|turn|3
|
|t:|1760303007
|move|p2a: Darkrai|Ice Beam|p1a: Garganacl
|-damage|p1a: Garganacl|50/100
|move|p1a: Garganacl|Salt Cure|p2a: Darkrai
|-damage|p2a: Darkrai|35/100
|
|-heal|p2a: Darkrai|41/100|[from] item: Leftovers
|-damage|p2a: Darkrai|29/100|[from] Salt Cure
|upkeep
|turn|4
|
|t:|1760303013
|switch|p2a: Gliscor|Gliscor, F|100/100
|move|p1a: Garganacl|Salt Cure|p2a: Gliscor
|-damage|p2a: Gliscor|93/100
|-start|p2a: Gliscor|Salt Cure
|
|-damage|p2a: Gliscor|80/100|[from] Salt Cure
|-status|p2a: Gliscor|tox|[from] item: Toxic Orb
|upkeep
|turn|5
|
|t:|1760303016
|switch|p1a: Tornadus|Tornadus-Therian, M|100/100
|move|p2a: Gliscor|Earthquake|p1a: Tornadus
|-immune|p1a: Tornadus
|
|-heal|p2a: Gliscor|93/100 tox|[from] ability: Poison Heal
|-damage|p2a: Gliscor|80/100 tox|[from] Salt Cure
|upkeep
|turn|6
|
|t:|1760303019
|move|p1a: Tornadus|Bleakwind Storm|p2a: Gliscor|[miss]
|-miss|p1a: Tornadus|p2a: Gliscor
|move|p2a: Gliscor|Toxic|p1a: Tornadus
|-status|p1a: Tornadus|tox
|
|-damage|p1a: Tornadus|94/100 tox|[from] psn
|-heal|p2a: Gliscor|93/100 tox|[from] ability: Poison Heal
|-damage|p2a: Gliscor|80/100 tox|[from] Salt Cure
|upkeep
|turn|7
|
|t:|1760303025
|move|p1a: Tornadus|Bleakwind Storm|p2a: Gliscor|[miss]
|-miss|p1a: Tornadus|p2a: Gliscor
|move|p2a: Gliscor|Knock Off|p1a: Tornadus
|-damage|p1a: Tornadus|64/100 tox
|-enditem|p1a: Tornadus|Choice Specs|[from] move: Knock Off|[of] p2a: Gliscor
|
|-damage|p1a: Tornadus|52/100 tox|[from] psn
|-heal|p2a: Gliscor|93/100 tox|[from] ability: Poison Heal
|-damage|p2a: Gliscor|80/100 tox|[from] Salt Cure
|upkeep
|turn|8
|
|t:|1760303031
|switch|p2a: Raging Bolt|Raging Bolt|100/100
|move|p1a: Tornadus|U-turn|p2a: Raging Bolt
|-damage|p2a: Raging Bolt|91/100
|
|t:|1760303035
|switch|p1a: Garganacl|Garganacl, M|50/100|[from] U-turn
|
|-heal|p2a: Raging Bolt|97/100|[from] item: Leftovers
|upkeep
|turn|9
|
|t:|1760303038
|-end|p2a: Raging Bolt|Protosynthesis|[silent]
|switch|p2a: Gliscor|Gliscor, F|80/100 tox
|move|p1a: Garganacl|Salt Cure|p2a: Gliscor
|-damage|p2a: Gliscor|71/100 tox
|-start|p2a: Gliscor|Salt Cure
|
|-heal|p2a: Gliscor|84/100 tox|[from] ability: Poison Heal
|-damage|p2a: Gliscor|71/100 tox|[from] Salt Cure
|upkeep
|turn|10
|
|t:|1760303042
|switch|p1a: Tornadus|Tornadus-Therian, M|85/100 tox
|move|p2a: Gliscor|Earthquake|p1a: Tornadus
|-immune|p1a: Tornadus
|
|-damage|p1a: Tornadus|79/100 tox|[from] psn
|-heal|p2a: Gliscor|84/100 tox|[from] ability: Poison Heal
|-damage|p2a: Gliscor|71/100 tox|[from] Salt Cure
|upkeep
|turn|11
|
|t:|1760303047
|move|p2a: Gliscor|Protect|p2a: Gliscor
|-singleturn|p2a: Gliscor|Protect
|move|p1a: Tornadus|U-turn|p2a: Gliscor
|-activate|p2a: Gliscor|move: Protect
|
|-damage|p1a: Tornadus|67/100 tox|[from] psn
|-heal|p2a: Gliscor|84/100 tox|[from] ability: Poison Heal
|-damage|p2a: Gliscor|71/100 tox|[from] Salt Cure
|upkeep
|turn|12
|
|t:|1760303050
|move|p1a: Tornadus|Bleakwind Storm|p2a: Gliscor
|-damage|p2a: Gliscor|18/100 tox
|move|p2a: Gliscor|Earthquake|p1a: Tornadus
|-immune|p1a: Tornadus
|
|-damage|p1a: Tornadus|49/100 tox|[from] psn
|-heal|p2a: Gliscor|31/100 tox|[from] ability: Poison Heal
|-damage|p2a: Gliscor|18/100 tox|[from] Salt Cure
|upkeep
|turn|13
|j| Ctannn
|
|t:|1760303068
|move|p1a: Tornadus|U-turn|p2a: Gliscor
|-resisted|p2a: Gliscor
|-damage|p2a: Gliscor|14/100 tox
|
|t:|1760303074
|switch|p1a: Tentacruel|Tentacruel, M|100/100|[from] U-turn
|move|p2a: Gliscor|Earthquake|p1a: Tentacruel
|-supereffective|p1a: Tentacruel
|-damage|p1a: Tentacruel|5/100
|
|-heal|p2a: Gliscor|27/100 tox|[from] ability: Poison Heal
|-damage|p2a: Gliscor|14/100 tox|[from] Salt Cure
|upkeep
|turn|14
|
|t:|1760303082
|switch|p2a: Darkrai|Darkrai|29/100
|move|p1a: Tentacruel|Flip Turn|p2a: Darkrai
|-damage|p2a: Darkrai|9/100
|
|t:|1760303093
|switch|p1a: Garganacl|Garganacl, M|50/100|[from] Flip Turn
|
|-heal|p2a: Darkrai|15/100|[from] item: Leftovers
|upkeep
|turn|15
|
|t:|1760303098
|move|p2a: Darkrai|Dark Pulse|p1a: Garganacl
|-damage|p1a: Garganacl|17/100
|move|p1a: Garganacl|Salt Cure|p2a: Darkrai
|-damage|p2a: Darkrai|0 fnt
|faint|p2a: Darkrai
|
|upkeep
|
|t:|1760303100
|switch|p2a: Ogerpon|Ogerpon-Wellspring, F|100/100
|turn|16
|
|t:|1760303102
|move|p2a: Ogerpon|Substitute|p2a: Ogerpon
|-start|p2a: Ogerpon|Substitute
|-damage|p2a: Ogerpon|75/100
|move|p1a: Garganacl|Salt Cure|p2a: Ogerpon
|-activate|p2a: Ogerpon|move: Substitute|[damage]
|
|upkeep
|turn|17
|
|t:|1760303107
|switch|p2a: Cinderace|Cinderace, M|100/100
|switch|p1a: Chesnaught|Chesnaught, M|100/100
|
|upkeep
|turn|18
|
|t:|1760303110
|move|p2a: Cinderace|Will-O-Wisp|p1a: Chesnaught
|-status|p1a: Chesnaught|brn
|move|p1a: Chesnaught|Knock Off|p2a: Cinderace
|-damage|p2a: Cinderace|85/100
|-enditem|p2a: Cinderace|Heavy-Duty Boots|[from] move: Knock Off|[of] p1a: Chesnaught
|
|-damage|p1a: Chesnaught|94/100 brn|[from] brn
|upkeep
|turn|19
|
|t:|1760303113
|move|p2a: Cinderace|U-turn|p1a: Chesnaught
|-damage|p1a: Chesnaught|82/100 brn
|-damage|p2a: Cinderace|69/100|[from] item: Rocky Helmet|[of] p1a: Chesnaught
|
|t:|1760303115
|switch|p2a: Gliscor|Gliscor, F|14/100 tox|[from] U-turn
|move|p1a: Chesnaught|Body Press|p2a: Gliscor
|-resisted|p2a: Gliscor
|-damage|p2a: Gliscor|7/100 tox
|
|-heal|p2a: Gliscor|20/100 tox|[from] ability: Poison Heal
|-damage|p1a: Chesnaught|76/100 brn|[from] brn
|upkeep
|turn|20
|
|t:|1760303122
|switch|p1a: Tentacruel|Tentacruel, M|5/100
|move|p2a: Gliscor|Protect||[still]
|-fail|p2a: Gliscor
|
|-heal|p2a: Gliscor|32/100 tox|[from] ability: Poison Heal
|upkeep
|turn|21
|
|t:|1760303125
|switch|p2a: Ogerpon|Ogerpon-Wellspring, F|75/100
|move|p1a: Tentacruel|Ice Beam|p2a: Ogerpon
|-damage|p2a: Ogerpon|56/100
|
|upkeep
|turn|22
|
|t:|1760303129
|move|p2a: Ogerpon|Horn Leech|p1a: Tentacruel
|-damage|p1a: Tentacruel|0 fnt
|-damage|p2a: Ogerpon|54/100|[from] ability: Liquid Ooze|[of] p1a: Tentacruel
|faint|p1a: Tentacruel
|
|upkeep
|
|t:|1760303131
|switch|p1a: Tornadus|Tornadus-Therian, M|82/100 tox
|turn|23
|
|t:|1760303136
|move|p1a: Tornadus|U-turn|p2a: Ogerpon
|-supereffective|p2a: Ogerpon
|-crit|p2a: Ogerpon
|-damage|p2a: Ogerpon|8/100
|
|t:|1760303138
|switch|p1a: Chesnaught|Chesnaught, M|76/100 brn|[from] U-turn
|move|p2a: Ogerpon|Ivy Cudgel|p1a: Chesnaught|[anim] Ivy Cudgel Water
|-resisted|p1a: Chesnaught
|-crit|p1a: Chesnaught
|-damage|p1a: Chesnaught|55/100 brn
|
|-damage|p1a: Chesnaught|49/100 brn|[from] brn
|upkeep
|turn|24
|
|t:|1760303143
|switch|p2a: Gliscor|Gliscor, F|32/100 tox
|move|p1a: Chesnaught|Synthesis|p1a: Chesnaught
|-heal|p1a: Chesnaught|99/100 brn
|
|-heal|p2a: Gliscor|45/100 tox|[from] ability: Poison Heal
|-damage|p1a: Chesnaught|93/100 brn|[from] brn
|upkeep
|turn|25
|
|t:|1760303148
|switch|p1a: Garganacl|Garganacl, M|17/100
|move|p2a: Gliscor|Earthquake|p1a: Garganacl
|-supereffective|p1a: Garganacl
|-damage|p1a: Garganacl|0 fnt
|faint|p1a: Garganacl
|
|-heal|p2a: Gliscor|57/100 tox|[from] ability: Poison Heal
|upkeep
|j| mrkillurpokes
|
|t:|1760303154
|switch|p1a: Tornadus|Tornadus-Therian, M|100/100 tox
|turn|26
|
|t:|1760303159
|move|p2a: Gliscor|Protect|p2a: Gliscor
|-singleturn|p2a: Gliscor|Protect
|move|p1a: Tornadus|Bleakwind Storm|p2a: Gliscor
|-activate|p2a: Gliscor|move: Protect
|
|-damage|p1a: Tornadus|94/100 tox|[from] psn
|-heal|p2a: Gliscor|70/100 tox|[from] ability: Poison Heal
|upkeep
|turn|27
|
|t:|1760303163
|move|p1a: Tornadus|Bleakwind Storm|p2a: Gliscor
|-damage|p2a: Gliscor|15/100 tox
|-unboost|p2a: Gliscor|spe|1
|move|p2a: Gliscor|Earthquake|p1a: Tornadus
|-immune|p1a: Tornadus
|
|-damage|p1a: Tornadus|82/100 tox|[from] psn
|-heal|p2a: Gliscor|28/100 tox|[from] ability: Poison Heal
|upkeep
|turn|28
|
|t:|1760303169
|move|p2a: Gliscor|Protect|p2a: Gliscor
|-singleturn|p2a: Gliscor|Protect
|move|p1a: Tornadus|Bleakwind Storm|p2a: Gliscor
|-activate|p2a: Gliscor|move: Protect
|
|-damage|p1a: Tornadus|64/100 tox|[from] psn
|-heal|p2a: Gliscor|40/100 tox|[from] ability: Poison Heal
|upkeep
|turn|29
|
|t:|1760303178
|switch|p2a: Ogerpon|Ogerpon-Wellspring, F|8/100
|move|p1a: Tornadus|U-turn|p2a: Ogerpon
|-supereffective|p2a: Ogerpon
|-damage|p2a: Ogerpon|0 fnt
|faint|p2a: Ogerpon
|
|t:|1760303187
|switch|p1a: Thundurus|Thundurus-Therian, M, shiny|100/100|[from] U-turn
|
|upkeep
|
|t:|1760303193
|switch|p2a: Gliscor|Gliscor, F|40/100 tox
|turn|30
|
|t:|1760303197
|switch|p1a: Tornadus|Tornadus-Therian, M|97/100 tox
|move|p2a: Gliscor|Protect||[still]
|-fail|p2a: Gliscor
|
|-damage|p1a: Tornadus|91/100 tox|[from] psn
|-heal|p2a: Gliscor|53/100 tox|[from] ability: Poison Heal
|upkeep
|turn|31
|
|t:|1760303201
|move|p1a: Tornadus|Bleakwind Storm|p2a: Gliscor
|-crit|p2a: Gliscor
|-damage|p2a: Gliscor|0 fnt
|faint|p2a: Gliscor
|
|-damage|p1a: Tornadus|79/100 tox|[from] psn
|upkeep
|
|t:|1760303205
|switch|p2a: Samurott|Samurott-Hisui, M|100/100
|turn|32
|
|t:|1760303209
|move|p1a: Tornadus|Focus Blast|p2a: Samurott
|-supereffective|p2a: Samurott
|-crit|p2a: Samurott
|-damage|p2a: Samurott|15/100
|move|p2a: Samurott|Ceaseless Edge|p1a: Tornadus
|-crit|p1a: Tornadus
|-damage|p1a: Tornadus|0 fnt
|-sidestart|p1: A Regular Plumbus|Spikes
|faint|p1a: Tornadus
|
|upkeep
|
|t:|1760303216
|switch|p1a: Chesnaught|Chesnaught, M|93/100 brn
|-damage|p1a: Chesnaught|80/100 brn|[from] Spikes
|turn|33
|
|t:|1760303219
|move|p2a: Samurott|Ceaseless Edge|p1a: Chesnaught
|-resisted|p1a: Chesnaught
|-damage|p1a: Chesnaught|67/100 brn
|-damage|p2a: Samurott|0 fnt|[from] item: Rocky Helmet|[of] p1a: Chesnaught
|faint|p2a: Samurott
|move|p1a: Chesnaught|Body Press|p2: Samurott|[notarget]
|-fail|p1a: Chesnaught
|
|-damage|p1a: Chesnaught|61/100 brn|[from] brn
|upkeep
|
|t:|1760303222
|switch|p2a: Raging Bolt|Raging Bolt|97/100
|turn|34
|
|t:|1760303228
|move|p2a: Raging Bolt|Calm Mind|p2a: Raging Bolt
|-boost|p2a: Raging Bolt|spa|1
|-boost|p2a: Raging Bolt|spd|1
|move|p1a: Chesnaught|Knock Off|p2a: Raging Bolt
|-damage|p2a: Raging Bolt|90/100
|-enditem|p2a: Raging Bolt|Leftovers|[from] move: Knock Off|[of] p1a: Chesnaught
|
|-damage|p1a: Chesnaught|55/100 brn|[from] brn
|upkeep
|turn|35
|
|t:|1760303234
|move|p2a: Raging Bolt|Dragon Pulse|p1a: Chesnaught
|-damage|p1a: Chesnaught|0 fnt
|faint|p1a: Chesnaught
|
|upkeep
|
|t:|1760303240
|switch|p1a: Thundurus|Thundurus-Therian, M, shiny|100/100
|turn|36
|
|t:|1760303250
|-terastallize|p1a: Thundurus|Fairy
|move|p1a: Thundurus|Agility|p1a: Thundurus
|-boost|p1a: Thundurus|spe|2
|move|p2a: Raging Bolt|Dragon Pulse|p1a: Thundurus
|-immune|p1a: Thundurus
|
|upkeep
|turn|37
|-message|hey_rain_maker forfeited.
|
|win|A Regular Plumbus
|raw|A Regular Plumbus's rating: 1628 &rarr; <strong>1650</strong><br />(+22 for winning)
|raw|hey_rain_maker's rating: 1661 &rarr; <strong>1639</strong><br />(-22 for losing)
|l|☆hey_rain_maker
|player|p2|
|l| Ctannn
