|j|☆The Prime $uspect
|j|☆dilf huntr
|t:|1760401189
|gametype|singles
|player|p1|The Prime $uspect|dragontamer|1608
|player|p2|dilf huntr|drasna|1656
|gen|9
|tier|[Gen 9] OU
|rated|
|rule|HP Percentage Mod: HP is shown in percentages
|rule|Endless Battle Clause: Forcing endless battles is banned
|rule|Species Clause: Limit one of each Pokémon
|rule|OHKO Clause: OHKO moves are banned
|rule|Evasion Items Clause: Evasion items are banned
|rule|Evasion Moves Clause: Evasion moves are banned
|rule|Evasion Abilities Clause: Evasion abilities are banned
|rule|Sleep Moves Clause: Sleep-inducing moves are banned
|clearpoke
|poke|p1|Chesnaught, F|
|poke|p1|Dragapult, F|
|poke|p1|Iron Crown|
|poke|p1|Tornadus-Therian, M|
|poke|p1|Great Tusk|
|poke|p1|Darkrai|
|poke|p2|Zamazenta-*|
|poke|p2|Okidogi, M|
|poke|p2|Landorus-Therian, M|
|poke|p2|Dragonite, F|
|poke|p2|Cinderace, M|
|poke|p2|Gholdengo|
|teampreview
|inactive|Battle timer is ON: inactive players will automatically lose when time's up. (requested by dilf huntr)
|inactive|The Prime $uspect has 120 seconds left.
|
|t:|1760401225
|teamsize|p1|6
|teamsize|p2|6
|start
|switch|p1a: Tornadus|Tornadus-Therian, M|100/100
|switch|p2a: Okidogi|Okidogi, M|100/100
|turn|1
|
|t:|1760401237
|move|p1a: Tornadus|Knock Off|p2a: Okidogi
|-resisted|p2a: Okidogi
|-damage|p2a: Okidogi|92/100
|-enditem|p2a: Okidogi|Assault Vest|[from] move: Knock Off|[of] p1a: Tornadus
|move|p2a: Okidogi|Gunk Shot|p1a: Tornadus
|-damage|p1a: Tornadus|17/100
|-status|p1a: Tornadus|psn
|
|-damage|p1a: Tornadus|4/100 psn|[from] psn
|upkeep
|turn|2
|
|t:|1760401247
|move|p1a: Tornadus|U-turn|p2a: Okidogi
|-resisted|p2a: Okidogi
|-damage|p2a: Okidogi|90/100
|
|t:|1760401249
|switch|p1a: Great Tusk|Great Tusk|100/100|[from] U-turn
|move|p2a: Okidogi|Knock Off|p1a: Great Tusk
|-resisted|p1a: Great Tusk
|-damage|p1a: Great Tusk|87/100
|-enditem|p1a: Great Tusk|Heavy-Duty Boots|[from] move: Knock Off|[of] p2a: Okidogi
|
|upkeep
|turn|3
|
|t:|1760401253
|move|p1a: Great Tusk|Stealth Rock|p2a: Okidogi
|-sidestart|p2: dilf huntr|move: Stealth Rock
|move|p2a: Okidogi|Ice Punch|p1a: Great Tusk
|-supereffective|p1a: Great Tusk
|-damage|p1a: Great Tusk|43/100
|
|upkeep
|turn|4
|
|t:|1760401257
|switch|p2a: Landorus|Landorus-Therian, M|100/100
|-damage|p2a: Landorus|88/100|[from] Stealth Rock
|-ability|p2a: Landorus|Intimidate|boost
|-unboost|p1a: Great Tusk|atk|1
|move|p1a: Great Tusk|Headlong Rush|p2a: Landorus
|-immune|p2a: Landorus
|
|upkeep
|turn|5
|
|t:|1760401264
|move|p2a: Landorus|Earthquake|p1a: Great Tusk
|-damage|p1a: Great Tusk|7/100
|move|p1a: Great Tusk|Rapid Spin|p2a: Landorus
|-crit|p2a: Landorus
|-damage|p2a: Landorus|62/100
|-boost|p1a: Great Tusk|spe|1
|-damage|p1a: Great Tusk|0 fnt|[from] item: Rocky Helmet|[of] p2a: Landorus
|faint|p1a: Great Tusk
|-end|p1a: Great Tusk|Protosynthesis|[silent]
|
|upkeep
|
|t:|1760401272
|switch|p1a: Dragapult|Dragapult, F|100/100
|turn|6
|
|t:|1760401277
|switch|p2a: Okidogi|Okidogi, M|90/100
|-damage|p2a: Okidogi|84/100|[from] Stealth Rock
|move|p1a: Dragapult|Dragon Darts|p2a: Okidogi
|-damage|p2a: Okidogi|56/100
|-anim|p1a: Dragapult|Dragon Darts|p2a: Okidogi
|-damage|p2a: Okidogi|24/100
|
|upkeep
|turn|7
|
|t:|1760401282
|move|p1a: Dragapult|Dragon Darts|p2a: Okidogi
|-damage|p2a: Okidogi|0 fnt
|faint|p2a: Okidogi
|
|upkeep
|
|t:|1760401301
|switch|p2a: Cinderace|Cinderace, M, shiny|100/100
|turn|8
|
|t:|1760401307
|switch|p1a: Darkrai|Darkrai|100/100
|move|p2a: Cinderace|Sucker Punch||[still]
|-fail|p2a: Cinderace
|
|upkeep
|turn|9
|
|t:|1760401315
|move|p1a: Darkrai|Thunder Wave|p2a: Cinderace
|-status|p2a: Cinderace|par
|move|p2a: Cinderace|Court Change|p2a: Cinderace
|-start|p2a: Cinderace|typechange|Normal|[from] ability: Libero
|-swapsideconditions
|-activate|p2a: Cinderace|move: Court Change
|
|upkeep
|turn|10
|
|t:|1760401327
|move|p1a: Darkrai|Dark Pulse|p2a: Cinderace
|-damage|p2a: Cinderace|48/100 par
|cant|p2a: Cinderace|flinch
|
|upkeep
|turn|11
|
|t:|1760401338
|switch|p2a: Zamazenta|Zamazenta|100/100
|-ability|p2a: Zamazenta|Dauntless Shield|boost
|-boost|p2a: Zamazenta|def|1
|move|p1a: Darkrai|Dark Pulse|p2a: Zamazenta
|-resisted|p2a: Zamazenta
|-damage|p2a: Zamazenta|81/100
|
|upkeep
|turn|12
|
|t:|1760401343
|switch|p1a: Chesnaught|Chesnaught, F|100/100
|-damage|p1a: Chesnaught|94/100|[from] Stealth Rock
|move|p2a: Zamazenta|Close Combat|p1a: Chesnaught
|-crit|p1a: Chesnaught
|-damage|p1a: Chesnaught|22/100
|-unboost|p2a: Zamazenta|def|1
|-unboost|p2a: Zamazenta|spd|1
|-damage|p2a: Zamazenta|65/100|[from] item: Rocky Helmet|[of] p1a: Chesnaught
|-damage|p2a: Zamazenta|55/100|[from] item: Life Orb
|
|upkeep
|turn|13
|
|t:|1760401349
|switch|p1a: Dragapult|Dragapult, F|100/100
|-damage|p1a: Dragapult|88/100|[from] Stealth Rock
|move|p2a: Zamazenta|Close Combat|p1a: Dragapult
|-immune|p1a: Dragapult
|
|upkeep
|turn|14
|
|t:|1760401355
|switch|p2a: Cinderace|Cinderace, M, shiny|48/100 par
|move|p1a: Dragapult|Dragon Darts|p2a: Cinderace
|-damage|p2a: Cinderace|2/100 par
|-anim|p1a: Dragapult|Dragon Darts|p2a: Cinderace
|-damage|p2a: Cinderace|0 fnt
|faint|p2a: Cinderace
|
|upkeep
|inactive|dilf huntr has 120 seconds left.
|
|t:|1760401403
|switch|p2a: Gholdengo|Gholdengo|100/100
|-item|p2a: Gholdengo|Air Balloon
|turn|15
|
|t:|1760401415
|switch|p1a: Tornadus|Tornadus-Therian, M|38/100 psn
|-damage|p1a: Tornadus|13/100 psn|[from] Stealth Rock
|move|p2a: Gholdengo|Thunder Wave||[still]
|-fail|p2a: Gholdengo
|
|-damage|p1a: Tornadus|0 fnt|[from] psn
|faint|p1a: Tornadus
|upkeep
|
|t:|1760401421
|switch|p1a: Darkrai|Darkrai|100/100
|turn|16
|inactive|dilf huntr has 120 seconds left.
|
|t:|1760401439
|switch|p2a: Zamazenta|Zamazenta|55/100
|move|p1a: Darkrai|Dark Pulse|p2a: Zamazenta
|-resisted|p2a: Zamazenta
|-damage|p2a: Zamazenta|34/100
|
|upkeep
|turn|17
|inactive|dilf huntr has 120 seconds left.
|
|t:|1760401450
|switch|p1a: Chesnaught|Chesnaught, F|22/100
|-damage|p1a: Chesnaught|16/100|[from] Stealth Rock
|move|p2a: Zamazenta|Heavy Slam|p1a: Chesnaught
|-damage|p1a: Chesnaught|0 fnt
|-damage|p2a: Zamazenta|17/100|[from] item: Rocky Helmet|[of] p1a: Chesnaught
|faint|p1a: Chesnaught
|-damage|p2a: Zamazenta|8/100|[from] item: Life Orb
|
|upkeep
|
|t:|1760401455
|switch|p1a: Dragapult|Dragapult, F|88/100
|-damage|p1a: Dragapult|76/100|[from] Stealth Rock
|turn|18
|
|t:|1760401459
|move|p1a: Dragapult|U-turn|p2a: Zamazenta
|-resisted|p2a: Zamazenta
|-damage|p2a: Zamazenta|0 fnt
|faint|p2a: Zamazenta
|
|t:|1760401462
|switch|p1a: Darkrai|Darkrai|100/100|[from] U-turn
|
|upkeep
|inactive|dilf huntr has 120 seconds left.
|
|t:|1760401491
|switch|p2a: Gholdengo|Gholdengo|100/100
|-item|p2a: Gholdengo|Air Balloon
|turn|19
|inactive|dilf huntr has 120 seconds left.
|
|t:|1760401500
|switch|p1a: Iron Crown|Iron Crown|100/100
|-damage|p1a: Iron Crown|94/100|[from] Stealth Rock
|-terastallize|p2a: Gholdengo|Fairy
|move|p2a: Gholdengo|Thunder Wave|p1a: Iron Crown
|-status|p1a: Iron Crown|par
|
|upkeep
|turn|20
|
|t:|1760401504
|switch|p2a: Landorus|Landorus-Therian, M|62/100
|-ability|p2a: Landorus|Intimidate|boost
|-unboost|p1a: Iron Crown|atk|1
|move|p1a: Iron Crown|Tachyon Cutter|p2a: Landorus
|-damage|p2a: Landorus|32/100
|-damage|p2a: Landorus|6/100
|-hitcount|p2a: Landorus|2
|
|upkeep
|turn|21
|
|t:|1760401510
|move|p2a: Landorus|Earthquake|p1a: Iron Crown
|-supereffective|p1a: Iron Crown
|-damage|p1a: Iron Crown|0 fnt
|faint|p1a: Iron Crown
|-end|p1a: Iron Crown|Quark Drive|[silent]
|
|upkeep
|
|t:|1760401523
|switch|p1a: Dragapult|Dragapult, F|76/100
|-damage|p1a: Dragapult|64/100|[from] Stealth Rock
|turn|22
|
|t:|1760401546
|-terastallize|p1a: Dragapult|Ghost
|move|p1a: Dragapult|Tera Blast|p2a: Landorus|[anim] Tera Blast Ghost
|-damage|p2a: Landorus|0 fnt
|faint|p2a: Landorus
|
|upkeep
|
|t:|1760401568
|switch|p2a: Dragonite|Dragonite, F|100/100
|turn|23
|
|t:|1760401570
|move|p1a: Dragapult|Tera Blast|p2a: Dragonite|[anim] Tera Blast Ghost
|-damage|p2a: Dragonite|58/100
|move|p2a: Dragonite|Dragon Dance|p2a: Dragonite
|-boost|p2a: Dragonite|atk|1
|-boost|p2a: Dragonite|spe|1
|
|upkeep
|turn|24
|
|t:|1760401573
|move|p2a: Dragonite|Earthquake|p1a: Dragapult
|-damage|p1a: Dragapult|0 fnt
|faint|p1a: Dragapult
|
|upkeep
|
|t:|1760401575
|switch|p1a: Darkrai|Darkrai|100/100
|turn|25
|
|t:|1760401578
|move|p2a: Dragonite|Earthquake|p1a: Darkrai
|-damage|p1a: Darkrai|34/100
|move|p1a: Darkrai|Thunder Wave|p2a: Dragonite
|-status|p2a: Dragonite|par
|
|upkeep
|turn|26
|
|t:|1760401582
|move|p1a: Darkrai|Ice Beam|p2a: Dragonite
|-supereffective|p2a: Dragonite
|-damage|p2a: Dragonite|0 fnt
|faint|p2a: Dragonite
|
|upkeep
|
|t:|1760401584
|switch|p2a: Gholdengo|Gholdengo, tera:Fairy|100/100
|-item|p2a: Gholdengo|Air Balloon
|turn|27
|
|t:|1760401587
|move|p1a: Darkrai|Dark Pulse|p2a: Gholdengo
|-resisted|p2a: Gholdengo
|-damage|p2a: Gholdengo|78/100
|-enditem|p2a: Gholdengo|Air Balloon
|move|p2a: Gholdengo|Make It Rain|p1a: Darkrai
|-damage|p1a: Darkrai|0 fnt
|-unboost|p2a: Gholdengo|spa|1
|faint|p1a: Darkrai
|
|win|dilf huntr
|raw|The Prime $uspect's rating: 1608 &rarr; <strong>1591</strong><br />(-17 for losing)
|raw|dilf huntr's rating: 1656 &rarr; <strong>1673</strong><br />(+17 for winning)
|l|☆dilf huntr
|player|p2|
