|j|☆dgp1397
|j|☆Buttologist
|t:|1760439505
|gametype|singles
|player|p1|dgp1397|265|1157
|player|p2|Buttologist|beauty-gen6xy|1172
|gen|9
|tier|[Gen 9] OU
|rated|
|rule|HP Percentage Mod: HP is shown in percentages
|rule|Endless Battle Clause: Forcing endless battles is banned
|rule|Species Clause: Limit one of each Pokémon
|rule|OHKO Clause: OHKO moves are banned
|rule|Evasion Items Clause: Evasion items are banned
|rule|Evasion Moves Clause: Evasion moves are banned
|rule|Evasion Abilities Clause: Evasion abilities are banned
|rule|Sleep Moves Clause: Sleep-inducing moves are banned
|clearpoke
|poke|p1|Ambipom, M|
|poke|p1|Slowking-Galar, F|
|poke|p1|Gliscor, M|
|poke|p1|Clefable, M|
|poke|p1|Great Tusk|
|poke|p1|Dragapult, M|
|poke|p2|Garganacl, F|
|poke|p2|Hippowdon, F|
|poke|p2|Hydrapple, F|
|poke|p2|Slowking-Galar, F|
|poke|p2|Samurott-Hisui, M|
|poke|p2|Excadrill, F|
|teampreview
|inactive|Battle timer is ON: inactive players will automatically lose when time's up. (requested by Buttologist)
|
|t:|1760439515
|teamsize|p1|6
|teamsize|p2|6
|start
|switch|p1a: Ambipom|Ambipom, M|100/100
|switch|p2a: Hippowdon|Hippowdon, F|100/100
|-weather|Sandstorm|[from] ability: Sand Stream|[of] p2a: Hippowdon
|turn|1
|
|t:|1760439528
|move|p1a: Ambipom|Fake Out|p2a: Hippowdon
|-damage|p2a: Hippowdon|86/100
|cant|p2a: Hippowdon|flinch
|
|-weather|Sandstorm|[upkeep]
|-damage|p1a: Ambipom|94/100|[from] Sandstorm
|upkeep
|turn|2
|
|t:|1760439536
|move|p1a: Ambipom|U-turn|p2a: Hippowdon
|-damage|p2a: Hippowdon|75/100
|
|t:|1760439539
|switch|p1a: Gliscor|Gliscor, M|100/100|[from] U-turn
|move|p2a: Hippowdon|Scorching Sands|p1a: Gliscor
|-immune|p1a: Gliscor
|
|-weather|Sandstorm|[upkeep]
|-status|p1a: Gliscor|tox|[from] item: Toxic Orb
|upkeep
|turn|3
|
|t:|1760439549
|move|p1a: Gliscor|Spikes|p2a: Hippowdon
|-sidestart|p2: Buttologist|Spikes
|move|p2a: Hippowdon|Stealth Rock|p1a: Gliscor
|-sidestart|p1: dgp1397|move: Stealth Rock
|
|-weather|Sandstorm|[upkeep]
|upkeep
|turn|4
|
|t:|1760439556
|switch|p2a: Excadrill|Excadrill, F|100/100
|-damage|p2a: Excadrill|88/100|[from] Spikes
|move|p1a: Gliscor|Spikes|p2a: Excadrill
|-sidestart|p2: Buttologist|Spikes
|
|-weather|Sandstorm|[upkeep]
|-heal|p2a: Excadrill|94/100|[from] item: Leftovers
|upkeep
|turn|5
|
|t:|1760439568
|-terastallize|p2a: Excadrill|Ice
|move|p2a: Excadrill|Tera Blast|p1a: Gliscor|[anim] Tera Blast Ice
|-supereffective|p1a: Gliscor
|-damage|p1a: Gliscor|0 fnt
|faint|p1a: Gliscor
|
|-weather|none
|-heal|p2a: Excadrill|99/100|[from] item: Leftovers
|upkeep
|
|t:|1760439580
|switch|p1a: Great Tusk|Great Tusk|100/100
|turn|6
|
|t:|1760439588
|switch|p2a: Hippowdon|Hippowdon, F|75/100
|-damage|p2a: Hippowdon|59/100|[from] Spikes
|-weather|Sandstorm|[from] ability: Sand Stream|[of] p2a: Hippowdon
|move|p1a: Great Tusk|Rapid Spin|p2a: Hippowdon
|-damage|p2a: Hippowdon|50/100
|-boost|p1a: Great Tusk|spe|1
|-damage|p1a: Great Tusk|84/100|[from] item: Rocky Helmet|[of] p2a: Hippowdon
|-sideend|p1: dgp1397|Stealth Rock|[from] move: Rapid Spin|[of] p1a: Great Tusk
|
|-weather|Sandstorm|[upkeep]
|upkeep
|turn|7
|
|t:|1760439601
|move|p1a: Great Tusk|Ice Spinner|p2a: Hippowdon
|-supereffective|p2a: Hippowdon
|-damage|p2a: Hippowdon|22/100
|-damage|p1a: Great Tusk|68/100|[from] item: Rocky Helmet|[of] p2a: Hippowdon
|move|p2a: Hippowdon|Slack Off|p2a: Hippowdon
|-heal|p2a: Hippowdon|72/100
|
|-weather|Sandstorm|[upkeep]
|upkeep
|turn|8
|
|t:|1760439613
|-end|p1a: Great Tusk|Protosynthesis|[silent]
|switch|p1a: Clefable|Clefable, M|100/100
|move|p2a: Hippowdon|Scorching Sands|p1a: Clefable
|-damage|p1a: Clefable|83/100
|
|-weather|Sandstorm|[upkeep]
|upkeep
|turn|9
|
|t:|1760439622
|switch|p2a: Slowking|Slowking-Galar, F|100/100
|-damage|p2a: Slowking|84/100|[from] Spikes
|move|p1a: Clefable|Knock Off|p2a: Slowking
|-supereffective|p2a: Slowking
|-damage|p2a: Slowking|61/100
|-enditem|p2a: Slowking|Assault Vest|[from] move: Knock Off|[of] p1a: Clefable
|
|-weather|Sandstorm|[upkeep]
|-damage|p2a: Slowking|54/100|[from] Sandstorm
|upkeep
|turn|10
|
|t:|1760439636
|move|p1a: Clefable|Stealth Rock|p2a: Slowking
|-sidestart|p2: Buttologist|move: Stealth Rock
|move|p2a: Slowking|Whirlpool|p1a: Clefable
|-damage|p1a: Clefable|75/100
|-activate|p1a: Clefable|move: Whirlpool|[of] p2a: Slowking
|
|-weather|none
|upkeep
|turn|11
|
|t:|1760439648
|move|p1a: Clefable|Knock Off|p2a: Slowking
|-supereffective|p2a: Slowking
|-damage|p2a: Slowking|39/100
|move|p2a: Slowking|Psychic Noise|p1a: Clefable
|-damage|p1a: Clefable|48/100
|-start|p1a: Clefable|move: Heal Block
|
|upkeep
|turn|12
|
|t:|1760439659
|move|p1a: Clefable|Moonblast|p2a: Slowking
|-resisted|p2a: Slowking
|-damage|p2a: Slowking|28/100
|move|p2a: Slowking|Sludge Bomb|p1a: Clefable
|-supereffective|p1a: Clefable
|-crit|p1a: Clefable
|-damage|p1a: Clefable|0 fnt
|faint|p1a: Clefable
|
|upkeep
|
|t:|1760439670
|switch|p1a: Dragapult|Dragapult, M|100/100
|turn|13
|
|t:|1760439680
|move|p1a: Dragapult|Draco Meteor|p2a: Slowking
|-damage|p2a: Slowking|0 fnt
|-unboost|p1a: Dragapult|spa|2
|faint|p2a: Slowking
|
|upkeep
|
|t:|1760439686
|switch|p2a: Samurott|Samurott-Hisui, M|100/100
|turn|14
|
|t:|1760439690
|switch|p1a: Great Tusk|Great Tusk|68/100
|move|p2a: Samurott|Flip Turn|p1a: Great Tusk
|-supereffective|p1a: Great Tusk
|-damage|p1a: Great Tusk|22/100
|
|t:|1760439694
|switch|p2a: Excadrill|Excadrill, F, tera:Ice|99/100|[from] Flip Turn
|-damage|p2a: Excadrill|84/100|[from] Spikes
|-damage|p2a: Excadrill|59/100|[from] Stealth Rock
|
|-heal|p2a: Excadrill|65/100|[from] item: Leftovers
|upkeep
|turn|15
|
|t:|1760439707
|move|p1a: Great Tusk|Close Combat|p2a: Excadrill
|-supereffective|p2a: Excadrill
|-damage|p2a: Excadrill|0 fnt
|-unboost|p1a: Great Tusk|def|1
|-unboost|p1a: Great Tusk|spd|1
|faint|p2a: Excadrill
|
|upkeep
|
|t:|1760439717
|switch|p2a: Hydrapple|Hydrapple, F|100/100
|turn|16
|
|t:|1760439724
|move|p1a: Great Tusk|Ice Spinner|p2a: Hydrapple
|-supereffective|p2a: Hydrapple
|-damage|p2a: Hydrapple|14/100
|move|p2a: Hydrapple|Fickle Beam|p1a: Great Tusk
|-damage|p1a: Great Tusk|0 fnt
|faint|p1a: Great Tusk
|-end|p1a: Great Tusk|Protosynthesis|[silent]
|
|upkeep
|
|t:|1760439733
|switch|p1a: Ambipom|Ambipom, M|94/100
|turn|17
|
|t:|1760439738
|switch|p2a: Hippowdon|Hippowdon, F|72/100
|-damage|p2a: Hippowdon|55/100|[from] Spikes
|-damage|p2a: Hippowdon|49/100|[from] Stealth Rock
|-weather|Sandstorm|[from] ability: Sand Stream|[of] p2a: Hippowdon
|move|p1a: Ambipom|Fake Out|p2a: Hippowdon
|-damage|p2a: Hippowdon|36/100
|
|-weather|Sandstorm|[upkeep]
|-damage|p1a: Ambipom|88/100|[from] Sandstorm
|upkeep
|turn|18
|
|t:|1760439756
|move|p1a: Ambipom|Low Kick|p2a: Hippowdon
|-damage|p2a: Hippowdon|18/100
|move|p2a: Hippowdon|Slack Off|p2a: Hippowdon
|-heal|p2a: Hippowdon|68/100
|
|-weather|Sandstorm|[upkeep]
|-damage|p1a: Ambipom|82/100|[from] Sandstorm
|upkeep
|turn|19
|
|t:|1760439769
|move|p1a: Ambipom|U-turn|p2a: Hippowdon
|-damage|p2a: Hippowdon|57/100
|
|t:|1760439772
|switch|p1a: Dragapult|Dragapult, M|100/100|[from] U-turn
|move|p2a: Hippowdon|Scorching Sands|p1a: Dragapult
|-damage|p1a: Dragapult|75/100
|
|-weather|Sandstorm|[upkeep]
|-damage|p1a: Dragapult|69/100|[from] Sandstorm
|upkeep
|turn|20
|
|t:|1760439786
|switch|p2a: Hydrapple|Hydrapple, F|47/100
|move|p1a: Dragapult|Draco Meteor|p2a: Hydrapple
|-supereffective|p2a: Hydrapple
|-damage|p2a: Hydrapple|0 fnt
|-unboost|p1a: Dragapult|spa|2
|faint|p2a: Hydrapple
|
|-weather|Sandstorm|[upkeep]
|-damage|p1a: Dragapult|63/100|[from] Sandstorm
|upkeep
|
|t:|1760439791
|switch|p2a: Samurott|Samurott-Hisui, M|100/100
|turn|21
|
|t:|1760439801
|-terastallize|p1a: Dragapult|Dragon
|move|p1a: Dragapult|Draco Meteor|p2a: Samurott
|-damage|p2a: Samurott|19/100
|-unboost|p1a: Dragapult|spa|2
|move|p2a: Samurott|Ceaseless Edge|p1a: Dragapult
|-damage|p1a: Dragapult|1/100
|-sidestart|p1: dgp1397|Spikes
|
|-weather|none
|upkeep
|turn|22
|
|t:|1760439814
|move|p2a: Samurott|Sucker Punch|p1a: Dragapult
|-damage|p1a: Dragapult|0 fnt
|faint|p1a: Dragapult
|
|upkeep
|
|t:|1760439819
|switch|p1a: Ambipom|Ambipom, M|82/100
|-damage|p1a: Ambipom|70/100|[from] Spikes
|turn|23
|
|t:|1760439826
|switch|p2a: Hippowdon|Hippowdon, F|57/100
|-damage|p2a: Hippowdon|41/100|[from] Spikes
|-damage|p2a: Hippowdon|34/100|[from] Stealth Rock
|-weather|Sandstorm|[from] ability: Sand Stream|[of] p2a: Hippowdon
|move|p1a: Ambipom|Fake Out|p2a: Hippowdon
|-damage|p2a: Hippowdon|21/100
|
|-weather|Sandstorm|[upkeep]
|-damage|p1a: Ambipom|63/100|[from] Sandstorm
|upkeep
|turn|24
|
|t:|1760439838
|move|p1a: Ambipom|Low Kick|p2a: Hippowdon
|-damage|p2a: Hippowdon|3/100
|move|p2a: Hippowdon|Slack Off|p2a: Hippowdon
|-heal|p2a: Hippowdon|53/100
|
|-weather|Sandstorm|[upkeep]
|-damage|p1a: Ambipom|57/100|[from] Sandstorm
|upkeep
|turn|25
|-message|dgp1397 forfeited.
|
|win|Buttologist
|raw|dgp1397's rating: 1157 &rarr; <strong>1133</strong><br />(-24 for losing)
|raw|Buttologist's rating: 1172 &rarr; <strong>1196</strong><br />(+24 for winning)
|l|☆dgp1397
|player|p1|
