|j|☆player jack
|j|☆chilloud1
|t:|1760436360
|gametype|singles
|player|p1|player jack|roxie|1215
|player|p2|chilloud1|dawn|1155
|gen|9
|tier|[Gen 9] OU
|rated|
|rule|HP Percentage Mod: HP is shown in percentages
|rule|Endless Battle Clause: Forcing endless battles is banned
|rule|Species Clause: Limit one of each Pokémon
|rule|OHKO Clause: OHKO moves are banned
|rule|Evasion Items Clause: Evasion items are banned
|rule|Evasion Moves Clause: Evasion moves are banned
|rule|Evasion Abilities Clause: Evasion abilities are banned
|rule|Sleep Moves Clause: Sleep-inducing moves are banned
|clearpoke
|poke|p1|Landorus-Therian, M|
|poke|p1|Arboliva, F|
|poke|p1|Arcanine-Hisui, F|
|poke|p1|Dragapult, F|
|poke|p1|Lokix, F|
|poke|p1|Tentacruel, F|
|poke|p2|Brute Bonnet|
|poke|p2|Ninetales, F|
|poke|p2|Kleavor, F|
|poke|p2|Vileplume, M|
|poke|p2|Walking Wake|
|poke|p2|Great Tusk|
|teampreview
|inactive|Battle timer is ON: inactive players will automatically lose when time's up. (requested by player jack)
|
|t:|1760436368
|teamsize|p1|6
|teamsize|p2|6
|start
|switch|p1a: Arcanine|Arcanine-Hisui, F, shiny|100/100
|switch|p2a: Ninetales|Ninetales, F|100/100
|-weather|SunnyDay|[from] ability: Drought|[of] p2a: Ninetales
|turn|1
|
|t:|1760436372
|switch|p2a: Great Tusk|Great Tusk|100/100
|-activate|p2a: Great Tusk|ability: Protosynthesis
|-start|p2a: Great Tusk|protosynthesisspe
|move|p1a: Arcanine|Head Smash|p2a: Great Tusk
|-resisted|p2a: Great Tusk
|-damage|p2a: Great Tusk|89/100
|
|-weather|SunnyDay|[upkeep]
|-heal|p2a: Great Tusk|95/100|[from] item: Leftovers
|upkeep
|turn|2
|
|t:|1760436384
|switch|p1a: Lokix|Lokix, F, shiny|100/100
|move|p2a: Great Tusk|Temper Flare|p1a: Lokix
|-supereffective|p1a: Lokix
|-damage|p1a: Lokix|0 fnt
|faint|p1a: Lokix
|
|-weather|SunnyDay|[upkeep]
|-heal|p2a: Great Tusk|100/100|[from] item: Leftovers
|upkeep
|
|t:|1760436391
|switch|p1a: Arcanine|Arcanine-Hisui, F, shiny|100/100
|turn|3
|
|t:|1760436394
|-end|p2a: Great Tusk|Protosynthesis|[silent]
|switch|p2a: Walking Wake|Walking Wake|100/100
|-activate|p2a: Walking Wake|ability: Protosynthesis
|-start|p2a: Walking Wake|protosynthesisspe
|-terastallize|p1a: Arcanine|Grass
|move|p1a: Arcanine|Flare Blitz|p2a: Walking Wake
|-resisted|p2a: Walking Wake
|-damage|p2a: Walking Wake|75/100
|
|-weather|SunnyDay|[upkeep]
|upkeep
|turn|4
|
|t:|1760436403
|switch|p1a: Tentacruel|Tentacruel, F, shiny|100/100
|move|p2a: Walking Wake|Flamethrower|p1a: Tentacruel
|-resisted|p1a: Tentacruel
|-damage|p1a: Tentacruel|87/100
|
|-weather|SunnyDay|[upkeep]
|upkeep
|turn|5
|
|t:|1760436408
|move|p2a: Walking Wake|Flip Turn|p1a: Tentacruel
|-resisted|p1a: Tentacruel
|-damage|p1a: Tentacruel|84/100
|
|t:|1760436414
|-end|p2a: Walking Wake|Protosynthesis|[silent]
|switch|p2a: Vileplume|Vileplume, M|100/100|[from] Flip Turn
|move|p1a: Tentacruel|Knock Off|p2a: Vileplume
|-damage|p2a: Vileplume|82/100
|-enditem|p2a: Vileplume|Life Orb|[from] move: Knock Off|[of] p1a: Tentacruel
|
|-weather|none
|upkeep
|turn|6
|
|t:|1760436424
|switch|p1a: Arcanine|Arcanine-Hisui, F, shiny, tera:Grass|100/100
|switch|p2a: Ninetales|Ninetales, F|100/100
|-weather|SunnyDay|[from] ability: Drought|[of] p2a: Ninetales
|
|-weather|SunnyDay|[upkeep]
|upkeep
|turn|7
|
|t:|1760436431
|switch|p2a: Great Tusk|Great Tusk|100/100
|-activate|p2a: Great Tusk|ability: Protosynthesis
|-start|p2a: Great Tusk|protosynthesisspe
|move|p1a: Arcanine|Flare Blitz|p2a: Great Tusk
|-damage|p2a: Great Tusk|44/100
|
|-weather|SunnyDay|[upkeep]
|-heal|p2a: Great Tusk|50/100|[from] item: Leftovers
|upkeep
|turn|8
|
|t:|1760436441
|move|p1a: Arcanine|Flare Blitz|p2a: Great Tusk
|-damage|p2a: Great Tusk|0 fnt
|faint|p2a: Great Tusk
|-end|p2a: Great Tusk|Protosynthesis|[silent]
|
|-weather|SunnyDay|[upkeep]
|upkeep
|
|t:|1760436447
|switch|p2a: Vileplume|Vileplume, M|82/100
|turn|9
|
|t:|1760436451
|move|p1a: Arcanine|Flare Blitz|p2a: Vileplume
|-supereffective|p2a: Vileplume
|-damage|p2a: Vileplume|0 fnt
|faint|p2a: Vileplume
|
|-weather|SunnyDay|[upkeep]
|upkeep
|
|t:|1760436459
|switch|p2a: Walking Wake|Walking Wake|75/100
|-activate|p2a: Walking Wake|ability: Protosynthesis
|-start|p2a: Walking Wake|protosynthesisspe
|turn|10
|
|t:|1760436463
|switch|p1a: Tentacruel|Tentacruel, F, shiny|84/100
|move|p2a: Walking Wake|Flip Turn|p1a: Tentacruel
|-resisted|p1a: Tentacruel
|-damage|p1a: Tentacruel|80/100
|
|t:|1760436466
|-end|p2a: Walking Wake|Protosynthesis|[silent]
|switch|p2a: Kleavor|Kleavor, F|100/100|[from] Flip Turn
|
|-weather|none
|upkeep
|turn|11
|
|t:|1760436468
|move|p2a: Kleavor|Swords Dance|p2a: Kleavor
|-boost|p2a: Kleavor|atk|2
|move|p1a: Tentacruel|Knock Off|p2a: Kleavor
|-damage|p2a: Kleavor|82/100
|-enditem|p2a: Kleavor|Focus Sash|[from] move: Knock Off|[of] p1a: Tentacruel
|
|upkeep
|turn|12
|
|t:|1760436471
|move|p2a: Kleavor|Stone Axe|p1a: Tentacruel
|-damage|p1a: Tentacruel|0 fnt
|-sidestart|p1: player jack|move: Stealth Rock
|faint|p1a: Tentacruel
|
|upkeep
|
|t:|1760436477
|switch|p1a: Dragapult|Dragapult, F, shiny|100/100
|turn|13
|
|t:|1760436481
|move|p1a: Dragapult|Draco Meteor|p2a: Kleavor
|-damage|p2a: Kleavor|0 fnt
|-unboost|p1a: Dragapult|spa|2
|faint|p2a: Kleavor
|
|upkeep
|
|t:|1760436485
|switch|p2a: Ninetales|Ninetales, F|100/100
|-weather|SunnyDay|[from] ability: Drought|[of] p2a: Ninetales
|turn|14
|
|t:|1760436490
|move|p1a: Dragapult|U-turn|p2a: Ninetales
|-resisted|p2a: Ninetales
|-damage|p2a: Ninetales|89/100
|
|t:|1760436493
|switch|p1a: Landorus|Landorus-Therian, M, shiny|100/100|[from] U-turn
|-damage|p1a: Landorus|88/100|[from] Stealth Rock
|-ability|p1a: Landorus|Intimidate|boost
|-unboost|p2a: Ninetales|atk|1
|move|p2a: Ninetales|Weather Ball|p1a: Landorus
|-damage|p1a: Landorus|33/100
|
|-weather|SunnyDay|[upkeep]
|-heal|p2a: Ninetales|95/100|[from] item: Leftovers
|upkeep
|turn|15
|
|t:|1760436502
|move|p2a: Ninetales|Weather Ball|p1a: Landorus
|-damage|p1a: Landorus|0 fnt
|faint|p1a: Landorus
|
|-weather|SunnyDay|[upkeep]
|-heal|p2a: Ninetales|100/100|[from] item: Leftovers
|upkeep
|
|t:|1760436504
|switch|p1a: Arcanine|Arcanine-Hisui, F, shiny, tera:Grass|100/100
|-damage|p1a: Arcanine|88/100|[from] Stealth Rock
|turn|16
|
|t:|1760436510
|switch|p2a: Brute Bonnet|Brute Bonnet|100/100
|-activate|p2a: Brute Bonnet|ability: Protosynthesis
|-start|p2a: Brute Bonnet|protosynthesisatk
|move|p1a: Arcanine|Head Smash|p2a: Brute Bonnet
|-damage|p2a: Brute Bonnet|41/100
|
|-weather|SunnyDay|[upkeep]
|upkeep
|turn|17
|
|t:|1760436515
|move|p1a: Arcanine|Head Smash|p2a: Brute Bonnet
|-damage|p2a: Brute Bonnet|0 fnt
|faint|p2a: Brute Bonnet
|-end|p2a: Brute Bonnet|Protosynthesis|[silent]
|
|-weather|SunnyDay|[upkeep]
|upkeep
|
|t:|1760436518
|switch|p2a: Walking Wake|Walking Wake|75/100
|-activate|p2a: Walking Wake|ability: Protosynthesis
|-start|p2a: Walking Wake|protosynthesisspe
|turn|18
|
|t:|1760436522
|switch|p1a: Arboliva|Arboliva, F, shiny|100/100
|-damage|p1a: Arboliva|88/100|[from] Stealth Rock
|move|p2a: Walking Wake|Flamethrower|p1a: Arboliva
|-supereffective|p1a: Arboliva
|-damage|p1a: Arboliva|35/100
|-fieldstart|move: Grassy Terrain|[from] ability: Seed Sower|[of] p1a: Arboliva
|
|-weather|none
|-end|p2a: Walking Wake|Protosynthesis
|-heal|p2a: Walking Wake|81/100|[from] Grassy Terrain
|-heal|p1a: Arboliva|41/100|[from] Grassy Terrain
|upkeep
|turn|19
|
|t:|1760436535
|move|p2a: Walking Wake|Flamethrower|p1a: Arboliva
|-supereffective|p1a: Arboliva
|-damage|p1a: Arboliva|3/100
|move|p1a: Arboliva|Earth Power|p2a: Walking Wake
|-damage|p2a: Walking Wake|47/100
|
|-heal|p2a: Walking Wake|53/100|[from] Grassy Terrain
|-heal|p1a: Arboliva|9/100|[from] Grassy Terrain
|upkeep
|turn|20
|
|t:|1760436543
|move|p2a: Walking Wake|Flamethrower|p1a: Arboliva
|-supereffective|p1a: Arboliva
|-damage|p1a: Arboliva|0 fnt
|faint|p1a: Arboliva
|
|-heal|p2a: Walking Wake|59/100|[from] Grassy Terrain
|upkeep
|
|t:|1760436547
|switch|p1a: Dragapult|Dragapult, F, shiny|100/100
|turn|21
|
|t:|1760436554
|-end|p2a: Walking Wake|Protosynthesis|[silent]
|switch|p2a: Ninetales|Ninetales, F|100/100
|-weather|SunnyDay|[from] ability: Drought|[of] p2a: Ninetales
|move|p1a: Dragapult|Shadow Ball|p2a: Ninetales
|-damage|p2a: Ninetales|69/100
|-unboost|p2a: Ninetales|spd|1
|
|-weather|SunnyDay|[upkeep]
|-heal|p2a: Ninetales|75/100|[from] Grassy Terrain
|-heal|p2a: Ninetales|81/100|[from] item: Leftovers
|upkeep
|turn|22
|
|t:|1760436564
|move|p1a: Dragapult|Shadow Ball|p2a: Ninetales
|-damage|p2a: Ninetales|30/100
|move|p2a: Ninetales|Healing Wish|p2a: Ninetales
|faint|p2a: Ninetales
|
|-weather|SunnyDay|[upkeep]
|-fieldend|move: Grassy Terrain
|upkeep
|
|t:|1760436566
|switch|p2a: Walking Wake|Walking Wake|59/100
|-heal|p2a: Walking Wake|100/100|[from] move: Healing Wish
|-activate|p2a: Walking Wake|ability: Protosynthesis
|-start|p2a: Walking Wake|protosynthesisspe
|turn|23
|
|t:|1760436574
|move|p2a: Walking Wake|Dragon Pulse|p1a: Dragapult
|-supereffective|p1a: Dragapult
|-damage|p1a: Dragapult|0 fnt
|faint|p1a: Dragapult
|
|-weather|SunnyDay|[upkeep]
|upkeep
|
|t:|1760436576
|switch|p1a: Arcanine|Arcanine-Hisui, F, shiny, tera:Grass|88/100
|-damage|p1a: Arcanine|75/100|[from] Stealth Rock
|turn|24
|
|t:|1760436578
|move|p2a: Walking Wake|Flamethrower|p1a: Arcanine
|-supereffective|p1a: Arcanine
|-damage|p1a: Arcanine|0 fnt
|faint|p1a: Arcanine
|
|win|chilloud1
|raw|player jack's rating: 1215 &rarr; <strong>1186</strong><br />(-29 for losing)
|raw|chilloud1's rating: 1155 &rarr; <strong>1184</strong><br />(+29 for winning)
|l|☆player jack
|player|p1|
|l|☆chilloud1
|player|p2|
