|j|☆TUMECENTZELL
|j|☆fujizen
|t:|1760326193
|gametype|singles
|player|p1|TUMECENTZELL|266|1370
|player|p2|fujizen|lance-gen1|1439
|gen|9
|tier|[Gen 9] OU
|rated|
|rule|HP Percentage Mod: HP is shown in percentages
|rule|Endless Battle Clause: Forcing endless battles is banned
|rule|Species Clause: Limit one of each Pokémon
|rule|OHKO Clause: OHKO moves are banned
|rule|Evasion Items Clause: Evasion items are banned
|rule|Evasion Moves Clause: Evasion moves are banned
|rule|Evasion Abilities Clause: Evasion abilities are banned
|rule|Sleep Moves Clause: Sleep-inducing moves are banned
|clearpoke
|poke|p1|Slowking-Galar, F|
|poke|p1|Goodra-Hisui, F|
|poke|p1|Slowbro, M|
|poke|p1|Corviknight, F|
|poke|p1|Staraptor, M|
|poke|p1|Ogerpon-Wellspring, F|
|poke|p2|Greninja-*, M|
|poke|p2|Dragonite, F|
|poke|p2|Landorus-Therian, M|
|poke|p2|Dondozo, M|
|poke|p2|Clodsire, M|
|poke|p2|Dragapult, F|
|teampreview
|inactive|Battle timer is ON: inactive players will automatically lose when time's up. (requested by fujizen)
|
|t:|1760326200
|teamsize|p1|6
|teamsize|p2|6
|start
|switch|p1a: Staraptor|Staraptor, M|100/100
|switch|p2a: Joseph Korman|Dragapult, F|100/100
|turn|1
|
|t:|1760326203
|-terastallize|p2a: Joseph Korman|Dragon
|move|p1a: Staraptor|Brave Bird|p2a: Joseph Korman
|-damage|p2a: Joseph Korman|1/100
|-damage|p1a: Staraptor|67/100|[from] Recoil
|move|p2a: Joseph Korman|Dragon Darts|p1a: Staraptor
|-crit|p1a: Staraptor
|-damage|p1a: Staraptor|0 fnt
|faint|p1a: Staraptor
|
|upkeep
|
|t:|1760326209
|switch|p1a: Corviknight|Corviknight, F|100/100
|-ability|p1a: Corviknight|Pressure
|turn|2
|
|t:|1760326219
|switch|p2a: Ethan Mohammed|Clodsire, M|100/100
|move|p1a: Corviknight|Brave Bird|p2a: Ethan Mohammed
|-damage|p2a: Ethan Mohammed|62/100
|-damage|p1a: Corviknight|85/100|[from] Recoil
|
|upkeep
|turn|3
|
|t:|1760326225
|move|p1a: Corviknight|Bulk Up|p1a: Corviknight
|-boost|p1a: Corviknight|atk|1
|-boost|p1a: Corviknight|def|1
|move|p2a: Ethan Mohammed|Recover|p2a: Ethan Mohammed
|-heal|p2a: Ethan Mohammed|100/100
|
|upkeep
|turn|4
|
|t:|1760326230
|switch|p2a: John McCane|Landorus-Therian, M|100/100
|-ability|p2a: John McCane|Intimidate|boost
|-unboost|p1a: Corviknight|atk|1
|move|p1a: Corviknight|Brave Bird|p2a: John McCane
|-damage|p2a: John McCane|59/100
|-damage|p1a: Corviknight|73/100|[from] Recoil
|
|upkeep
|turn|5
|
|t:|1760326237
|move|p2a: John McCane|Brick Break|p1a: Corviknight
|-damage|p1a: Corviknight|53/100
|-damage|p2a: John McCane|43/100|[from] item: Rocky Helmet|[of] p1a: Corviknight
|move|p1a: Corviknight|Roost|p1a: Corviknight
|-heal|p1a: Corviknight|100/100
|-singleturn|p1a: Corviknight|move: Roost
|
|upkeep
|turn|6
|
|t:|1760326243
|switch|p2a: Jackson Phillips|Dragonite, F|100/100
|move|p1a: Corviknight|Bulk Up|p1a: Corviknight
|-boost|p1a: Corviknight|atk|1
|-boost|p1a: Corviknight|def|1
|
|upkeep
|turn|7
|
|t:|1760326250
|switch|p2a: Kim Kardashian|Dondozo, M, shiny|100/100
|move|p1a: Corviknight|Bulk Up|p1a: Corviknight
|-boost|p1a: Corviknight|atk|1
|-boost|p1a: Corviknight|def|1
|
|upkeep
|turn|8
|
|t:|1760326254
|move|p1a: Corviknight|Brave Bird|p2a: Kim Kardashian
|-damage|p2a: Kim Kardashian|79/100
|-damage|p1a: Corviknight|91/100|[from] Recoil
|move|p2a: Kim Kardashian|Wave Crash|p1a: Corviknight
|-damage|p1a: Corviknight|52/100
|-damage|p2a: Kim Kardashian|62/100|[from] item: Rocky Helmet|[of] p1a: Corviknight
|-damage|p2a: Kim Kardashian|53/100|[from] Recoil
|
|upkeep
|turn|9
|
|t:|1760326263
|move|p1a: Corviknight|Roost|p1a: Corviknight
|-heal|p1a: Corviknight|100/100
|-singleturn|p1a: Corviknight|move: Roost
|move|p2a: Kim Kardashian|Rest|p2a: Kim Kardashian
|-status|p2a: Kim Kardashian|slp|[from] move: Rest
|-heal|p2a: Kim Kardashian|100/100 slp|[silent]
|
|upkeep
|turn|10
|
|t:|1760326268
|move|p1a: Corviknight|Bulk Up|p1a: Corviknight
|-boost|p1a: Corviknight|atk|1
|-boost|p1a: Corviknight|def|1
|cant|p2a: Kim Kardashian|slp
|move|p2a: Kim Kardashian|Sleep Talk|p2a: Kim Kardashian
|move|p2a: Kim Kardashian|Earthquake|p1a: Corviknight|[from] move: Sleep Talk
|-immune|p1a: Corviknight
|
|upkeep
|turn|11
|
|t:|1760326278
|move|p1a: Corviknight|Bulk Up|p1a: Corviknight
|-boost|p1a: Corviknight|atk|1
|-boost|p1a: Corviknight|def|1
|cant|p2a: Kim Kardashian|slp
|move|p2a: Kim Kardashian|Sleep Talk|p2a: Kim Kardashian
|move|p2a: Kim Kardashian|Earthquake|p1a: Corviknight|[from] move: Sleep Talk
|-immune|p1a: Corviknight
|
|upkeep
|turn|12
|
|t:|1760326281
|move|p1a: Corviknight|Bulk Up|p1a: Corviknight
|-boost|p1a: Corviknight|atk|1
|-boost|p1a: Corviknight|def|1
|-curestatus|p2a: Kim Kardashian|slp|[msg]
|move|p2a: Kim Kardashian|Wave Crash|p1a: Corviknight
|-damage|p1a: Corviknight|61/100
|-damage|p2a: Kim Kardashian|84/100|[from] item: Rocky Helmet|[of] p1a: Corviknight
|-damage|p2a: Kim Kardashian|74/100|[from] Recoil
|
|upkeep
|turn|13
|
|t:|1760326289
|move|p1a: Corviknight|Roost|p1a: Corviknight
|-heal|p1a: Corviknight|100/100
|-singleturn|p1a: Corviknight|move: Roost
|move|p2a: Kim Kardashian|Wave Crash|p1a: Corviknight
|-damage|p1a: Corviknight|63/100
|-damage|p2a: Kim Kardashian|58/100|[from] item: Rocky Helmet|[of] p1a: Corviknight
|-damage|p2a: Kim Kardashian|48/100|[from] Recoil
|
|upkeep
|turn|14
|
|t:|1760326292
|move|p1a: Corviknight|Roost|p1a: Corviknight
|-heal|p1a: Corviknight|100/100
|-singleturn|p1a: Corviknight|move: Roost
|move|p2a: Kim Kardashian|Rest|p2a: Kim Kardashian
|-status|p2a: Kim Kardashian|slp|[from] move: Rest
|-heal|p2a: Kim Kardashian|100/100 slp|[silent]
|
|upkeep
|turn|15
|
|t:|1760326295
|move|p1a: Corviknight|Brave Bird|p2a: Kim Kardashian
|-damage|p2a: Kim Kardashian|80/100 slp
|-damage|p1a: Corviknight|91/100|[from] Recoil
|cant|p2a: Kim Kardashian|slp
|move|p2a: Kim Kardashian|Sleep Talk|p2a: Kim Kardashian
|move|p2a: Kim Kardashian|Wave Crash|p1a: Corviknight|[from] move: Sleep Talk
|-crit|p1a: Corviknight
|-damage|p1a: Corviknight|34/100
|-damage|p2a: Kim Kardashian|64/100 slp|[from] item: Rocky Helmet|[of] p1a: Corviknight
|-damage|p2a: Kim Kardashian|49/100 slp|[from] Recoil
|
|upkeep
|turn|16
|
|t:|1760326304
|move|p1a: Corviknight|Roost|p1a: Corviknight
|-heal|p1a: Corviknight|84/100
|-singleturn|p1a: Corviknight|move: Roost
|cant|p2a: Kim Kardashian|slp
|move|p2a: Kim Kardashian|Sleep Talk|p2a: Kim Kardashian
|move|p2a: Kim Kardashian|Rest||[from] move: Sleep Talk|[still]
|-fail|p2a: Kim Kardashian
|
|upkeep
|turn|17
|
|t:|1760326307
|move|p1a: Corviknight|Brave Bird|p2a: Kim Kardashian
|-damage|p2a: Kim Kardashian|27/100 slp
|-damage|p1a: Corviknight|74/100|[from] Recoil
|-curestatus|p2a: Kim Kardashian|slp|[msg]
|move|p2a: Kim Kardashian|Rest|p2a: Kim Kardashian
|-status|p2a: Kim Kardashian|slp|[from] move: Rest
|-heal|p2a: Kim Kardashian|100/100 slp|[silent]
|
|upkeep
|turn|18
|
|t:|1760326310
|move|p1a: Corviknight|Brave Bird|p2a: Kim Kardashian
|-damage|p2a: Kim Kardashian|77/100 slp
|-damage|p1a: Corviknight|63/100|[from] Recoil
|cant|p2a: Kim Kardashian|slp
|move|p2a: Kim Kardashian|Sleep Talk|p2a: Kim Kardashian
|move|p2a: Kim Kardashian|Earthquake|p1a: Corviknight|[from] move: Sleep Talk
|-immune|p1a: Corviknight
|
|upkeep
|turn|19
|
|t:|1760326312
|move|p1a: Corviknight|Brave Bird|p2a: Kim Kardashian
|-damage|p2a: Kim Kardashian|57/100 slp
|-damage|p1a: Corviknight|54/100|[from] Recoil
|cant|p2a: Kim Kardashian|slp
|move|p2a: Kim Kardashian|Sleep Talk|p2a: Kim Kardashian
|move|p2a: Kim Kardashian|Wave Crash|p1a: Corviknight|[from] move: Sleep Talk
|-damage|p1a: Corviknight|15/100
|-damage|p2a: Kim Kardashian|40/100 slp|[from] item: Rocky Helmet|[of] p1a: Corviknight
|-damage|p2a: Kim Kardashian|31/100 slp|[from] Recoil
|
|upkeep
|turn|20
|
|t:|1760326315
|move|p1a: Corviknight|Roost|p1a: Corviknight
|-heal|p1a: Corviknight|65/100
|-singleturn|p1a: Corviknight|move: Roost
|-curestatus|p2a: Kim Kardashian|slp|[msg]
|move|p2a: Kim Kardashian|Rest|p2a: Kim Kardashian
|-status|p2a: Kim Kardashian|slp|[from] move: Rest
|-heal|p2a: Kim Kardashian|100/100 slp|[silent]
|
|upkeep
|turn|21
|
|t:|1760326317
|move|p1a: Corviknight|Roost|p1a: Corviknight
|-heal|p1a: Corviknight|100/100
|-singleturn|p1a: Corviknight|move: Roost
|cant|p2a: Kim Kardashian|slp
|move|p2a: Kim Kardashian|Sleep Talk|p2a: Kim Kardashian
|move|p2a: Kim Kardashian|Earthquake|p1a: Corviknight|[from] move: Sleep Talk
|-supereffective|p1a: Corviknight
|-damage|p1a: Corviknight|62/100
|
|upkeep
|turn|22
|
|t:|1760326322
|move|p1a: Corviknight|Brave Bird|p2a: Kim Kardashian
|-damage|p2a: Kim Kardashian|79/100 slp
|-damage|p1a: Corviknight|52/100|[from] Recoil
|cant|p2a: Kim Kardashian|slp
|move|p2a: Kim Kardashian|Sleep Talk|p2a: Kim Kardashian
|move|p2a: Kim Kardashian|Earthquake|p1a: Corviknight|[from] move: Sleep Talk
|-immune|p1a: Corviknight
|
|upkeep
|turn|23
|
|t:|1760326328
|move|p1a: Corviknight|Roost|p1a: Corviknight
|-heal|p1a: Corviknight|100/100
|-singleturn|p1a: Corviknight|move: Roost
|-curestatus|p2a: Kim Kardashian|slp|[msg]
|move|p2a: Kim Kardashian|Wave Crash|p1a: Corviknight
|-damage|p1a: Corviknight|65/100
|-damage|p2a: Kim Kardashian|63/100|[from] item: Rocky Helmet|[of] p1a: Corviknight
|-damage|p2a: Kim Kardashian|54/100|[from] Recoil
|
|upkeep
|turn|24
|
|t:|1760326334
|move|p1a: Corviknight|Brave Bird|p2a: Kim Kardashian
|-damage|p2a: Kim Kardashian|33/100
|-damage|p1a: Corviknight|56/100|[from] Recoil
|move|p2a: Kim Kardashian|Rest|p2a: Kim Kardashian
|-status|p2a: Kim Kardashian|slp|[from] move: Rest
|-heal|p2a: Kim Kardashian|100/100 slp|[silent]
|
|upkeep
|turn|25
|
|t:|1760326336
|move|p1a: Corviknight|Brave Bird|p2a: Kim Kardashian
|-damage|p2a: Kim Kardashian|78/100 slp
|-damage|p1a: Corviknight|46/100|[from] Recoil
|cant|p2a: Kim Kardashian|slp
|move|p2a: Kim Kardashian|Sleep Talk|p2a: Kim Kardashian
|move|p2a: Kim Kardashian|Earthquake|p1a: Corviknight|[from] move: Sleep Talk
|-immune|p1a: Corviknight
|
|upkeep
|turn|26
|
|t:|1760326340
|move|p1a: Corviknight|Brave Bird|p2a: Kim Kardashian
|-damage|p2a: Kim Kardashian|55/100 slp
|-damage|p1a: Corviknight|35/100|[from] Recoil
|cant|p2a: Kim Kardashian|slp
|
|upkeep
|turn|27
|
|t:|1760326344
|move|p1a: Corviknight|Brave Bird|p2a: Kim Kardashian
|-damage|p2a: Kim Kardashian|34/100 slp
|-damage|p1a: Corviknight|26/100|[from] Recoil
|-curestatus|p2a: Kim Kardashian|slp|[msg]
|move|p2a: Kim Kardashian|Wave Crash|p1a: Corviknight
|-damage|p1a: Corviknight|0 fnt
|-damage|p2a: Kim Kardashian|18/100|[from] item: Rocky Helmet|[of] p1a: Corviknight
|faint|p1a: Corviknight
|-damage|p2a: Kim Kardashian|12/100|[from] Recoil
|
|upkeep
|
|t:|1760326347
|switch|p1a: Ogerpon|Ogerpon-Wellspring, F|100/100
|turn|28
|c|☆TUMECENTZELL|Your pp -1 haha wtf
|inactive|TUMECENTZELL has 120 seconds left.
|
|t:|1760326382
|move|p1a: Ogerpon|Swords Dance|p1a: Ogerpon
|-boost|p1a: Ogerpon|atk|2
|move|p2a: Kim Kardashian|Rest|p2a: Kim Kardashian
|-status|p2a: Kim Kardashian|slp|[from] move: Rest
|-heal|p2a: Kim Kardashian|100/100 slp|[silent]
|
|upkeep
|turn|29
|
|t:|1760326390
|switch|p2a: John McCane|Landorus-Therian, M|43/100
|-ability|p2a: John McCane|Intimidate|boost
|-unboost|p1a: Ogerpon|atk|1
|move|p1a: Ogerpon|Horn Leech|p2a: John McCane
|-damage|p2a: John McCane|0 fnt
|faint|p2a: John McCane
|
|upkeep
|
|t:|1760326398
|switch|p2a: Joseph Korman|Dragapult, F, tera:Dragon|1/100
|turn|30
|
|t:|1760326405
|switch|p1a: Slowbro|Slowbro, M|100/100
|move|p2a: Joseph Korman|Dragon Darts|p1a: Slowbro
|-damage|p1a: Slowbro|74/100
|-anim|p2a: Joseph Korman|Dragon Darts|p1a: Slowbro
|-damage|p1a: Slowbro|46/100
|
|-heal|p1a: Slowbro|52/100|[from] item: Leftovers
|upkeep
|turn|31
|
|t:|1760326423
|move|p2a: Joseph Korman|Dragon Darts|p1a: Slowbro
|-damage|p1a: Slowbro|23/100
|-anim|p2a: Joseph Korman|Dragon Darts|p1a: Slowbro
|-damage|p1a: Slowbro|0 fnt
|faint|p1a: Slowbro
|
|upkeep
|
|t:|1760326426
|switch|p1a: Ogerpon|Ogerpon-Wellspring, F|100/100
|turn|32
|
|t:|1760326430
|move|p2a: Joseph Korman|Dragon Darts|p1a: Ogerpon
|-damage|p1a: Ogerpon|37/100
|-anim|p2a: Joseph Korman|Dragon Darts|p1a: Ogerpon
|-damage|p1a: Ogerpon|0 fnt
|faint|p1a: Ogerpon
|
|upkeep
|
|t:|1760326439
|switch|p1a: Goodra|Goodra-Hisui, F|100/100
|turn|33
|
|t:|1760326446
|switch|p2a: Ethan Mohammed|Clodsire, M|100/100
|-terastallize|p1a: Goodra|Fairy
|move|p1a: Goodra|Dragon Pulse|p2a: Ethan Mohammed
|-damage|p2a: Ethan Mohammed|67/100
|
|upkeep
|turn|34
|
|t:|1760326452
|move|p1a: Goodra|Surf|p2a: Ethan Mohammed
|-heal|p2a: Ethan Mohammed|92/100|[from] ability: Water Absorb|[of] p1a: Goodra
|move|p2a: Ethan Mohammed|Gunk Shot|p1a: Goodra
|-supereffective|p1a: Goodra
|-crit|p1a: Goodra
|-damage|p1a: Goodra|0 fnt
|faint|p1a: Goodra
|
|upkeep
|
|t:|1760326455
|switch|p1a: Slowking|Slowking-Galar, F|100/100
|turn|35
|-message|TUMECENTZELL forfeited.
|
|win|fujizen
|raw|TUMECENTZELL's rating: 1370 &rarr; <strong>1354</strong><br />(-16 for losing)
|raw|fujizen's rating: 1439 &rarr; <strong>1455</strong><br />(+16 for winning)
|l|☆TUMECENTZELL
|player|p1|
|l|☆fujizen
|player|p2|
