|badge|p2|bronze|gen9ou|100-7
|uhtml|medal-msg|<div class="broadcast-blue">Curious what those medals under the avatar are? PS now has Ladder Seasons! For more information, check out the <a href="https://www.smogon.com/forums/threads/3740067/">thread on Smogon.</a></div>
|j|☆jemaisjepa
|j|☆butts99999
|t:|1760457360
|gametype|singles
|player|p1|jemaisjepa|265|1761
|player|p2|butts99999|skierf-gen4dp|1857
|gen|9
|tier|[Gen 9] OU
|rated|
|rule|HP Percentage Mod: HP is shown in percentages
|rule|Endless Battle Clause: Forcing endless battles is banned
|rule|Species Clause: Limit one of each Pokémon
|rule|OHKO Clause: OHKO moves are banned
|rule|Evasion Items Clause: Evasion items are banned
|rule|Evasion Moves Clause: Evasion moves are banned
|rule|Evasion Abilities Clause: Evasion abilities are banned
|rule|Sleep Moves Clause: Sleep-inducing moves are banned
|clearpoke
|poke|p1|Alomomola, M|
|poke|p1|Dragonite, M|
|poke|p1|Great Tusk|
|poke|p1|Weezing-Galar, M|
|poke|p1|Ogerpon-Wellspring, F|
|poke|p1|Zamazenta-*|
|poke|p2|Kingambit, F|
|poke|p2|Cinderace, F|
|poke|p2|Landorus-Therian, M|
|poke|p2|Iron Valiant|
|poke|p2|Kyurem|
|poke|p2|Slowking-Galar, M|
|teampreview
|c|☆butts99999|hf
|j| Goobshiester1st
|inactive|Battle timer is ON: inactive players will automatically lose when time's up. (requested by jemaisjepa)
|
|t:|1760457387
|teamsize|p1|6
|teamsize|p2|6
|start
|switch|p1a: Alomomola|Alomomola, M|100/100
|switch|p2a: Mr. Freeze|Kyurem, shiny|100/100
|-ability|p2a: Mr. Freeze|Pressure
|turn|1
|
|t:|1760457391
|move|p2a: Mr. Freeze|Substitute|p2a: Mr. Freeze
|-start|p2a: Mr. Freeze|Substitute
|-damage|p2a: Mr. Freeze|76/100
|move|p1a: Alomomola|Flip Turn|p2a: Mr. Freeze
|-resisted|p2a: Mr. Freeze
|-activate|p2a: Mr. Freeze|move: Substitute|[damage]
|
|t:|1760457394
|switch|p1a: Ogerpon|Ogerpon-Wellspring, F|100/100|[from] Flip Turn
|
|-heal|p2a: Mr. Freeze|82/100|[from] item: Leftovers
|upkeep
|turn|2
|
|t:|1760457397
|move|p1a: Ogerpon|Encore|p2a: Mr. Freeze
|-start|p2a: Mr. Freeze|Encore
|move|p2a: Mr. Freeze|Substitute|p2a: Mr. Freeze
|-fail|p2a: Mr. Freeze|move: Substitute
|
|-heal|p2a: Mr. Freeze|88/100|[from] item: Leftovers
|upkeep
|turn|3
|
|t:|1760457408
|move|p1a: Ogerpon|Ivy Cudgel|p2a: Mr. Freeze|[anim] Ivy Cudgel Water
|-resisted|p2a: Mr. Freeze
|-end|p2a: Mr. Freeze|Substitute
|move|p2a: Mr. Freeze|Substitute|p2a: Mr. Freeze
|-start|p2a: Mr. Freeze|Substitute
|-damage|p2a: Mr. Freeze|63/100
|
|-heal|p2a: Mr. Freeze|69/100|[from] item: Leftovers
|upkeep
|turn|4
|
|t:|1760457419
|switch|p2a: Daenerys|Kingambit, F|100/100
|move|p1a: Ogerpon|Knock Off|p2a: Daenerys
|-resisted|p2a: Daenerys
|-damage|p2a: Daenerys|85/100
|-enditem|p2a: Daenerys|Leftovers|[from] move: Knock Off|[of] p1a: Ogerpon
|
|upkeep
|turn|5
|
|t:|1760457429
|move|p1a: Ogerpon|U-turn|p2a: Daenerys
|-damage|p2a: Daenerys|63/100
|
|t:|1760457436
|switch|p1a: Weezing|Weezing-Galar, M|100/100|[from] U-turn
|-ability|p1a: Weezing|Neutralizing Gas
|move|p2a: Daenerys|Swords Dance|p2a: Daenerys
|-boost|p2a: Daenerys|atk|2
|
|upkeep
|turn|6
|j| 54 Insane Rats
|
|t:|1760457439
|move|p2a: Daenerys|Iron Head|p1a: Weezing
|-supereffective|p1a: Weezing
|-damage|p1a: Weezing|0 fnt
|faint|p1a: Weezing
|-end|p1a: Weezing|ability: Neutralizing Gas
|
|upkeep
|j| nsdede
|
|t:|1760457446
|switch|p1a: Great Tusk|Great Tusk|100/100
|-enditem|p1a: Great Tusk|Booster Energy
|-activate|p1a: Great Tusk|ability: Protosynthesis|[fromitem]
|-start|p1a: Great Tusk|protosynthesisatk
|turn|7
|
|t:|1760457451
|move|p1a: Great Tusk|Ice Spinner|p2a: Daenerys
|-resisted|p2a: Daenerys
|-damage|p2a: Daenerys|49/100
|move|p2a: Daenerys|Iron Head|p1a: Great Tusk
|-damage|p1a: Great Tusk|29/100
|
|upkeep
|turn|8
|
|t:|1760457458
|move|p2a: Daenerys|Sucker Punch||[still]
|-fail|p2a: Daenerys
|move|p1a: Great Tusk|Stealth Rock|p2a: Daenerys
|-sidestart|p2: butts99999|move: Stealth Rock
|
|upkeep
|turn|9
|
|t:|1760457464
|-end|p1a: Great Tusk|Protosynthesis|[silent]
|switch|p1a: Ogerpon|Ogerpon-Wellspring, F|100/100
|move|p2a: Daenerys|Sucker Punch||[still]
|-fail|p2a: Daenerys
|
|upkeep
|turn|10
|
|t:|1760457470
|move|p2a: Daenerys|Sucker Punch|p1a: Ogerpon
|-damage|p1a: Ogerpon|0 fnt
|faint|p1a: Ogerpon
|
|upkeep
|c|☆jemaisjepa|Stop
|c|☆jemaisjepa|Haha
|j| Trucker Hat Mew
|
|t:|1760457481
|switch|p1a: Zamazenta|Zamazenta|100/100
|-ability|p1a: Zamazenta|Dauntless Shield|boost
|-boost|p1a: Zamazenta|def|1
|turn|11
|l| 54 Insane Rats
|j| 54 Insane Rats
|
|t:|1760457488
|-end|p2a: Daenerys|fallenundefined|[silent]
|switch|p2a: Chillionaire|Slowking-Galar, M, shiny|100/100
|move|p1a: Zamazenta|Close Combat|p2a: Chillionaire
|-resisted|p2a: Chillionaire
|-damage|p2a: Chillionaire|76/100
|-unboost|p1a: Zamazenta|def|1
|-unboost|p1a: Zamazenta|spd|1
|
|upkeep
|turn|12
|
|t:|1760457494
|switch|p1a: Alomomola|Alomomola, M|100/100
|move|p2a: Chillionaire|Future Sight|p1a: Alomomola
|-start|p2a: Chillionaire|move: Future Sight
|
|upkeep
|turn|13
|
|t:|1760457501
|move|p1a: Alomomola|Body Slam|p2a: Chillionaire
|-damage|p2a: Chillionaire|59/100
|-status|p2a: Chillionaire|par
|move|p2a: Chillionaire|Sludge Bomb|p1a: Alomomola
|-damage|p1a: Alomomola|82/100
|
|upkeep
|turn|14
|
|t:|1760457510
|move|p1a: Alomomola|Body Slam|p2a: Chillionaire
|-damage|p2a: Chillionaire|42/100 par
|-prepare|p2a: Chillionaire|Chilly Reception|[premajor]
|move|p2a: Chillionaire|Chilly Reception|p2a: Chillionaire
|-weather|Snowscape
|
|t:|1760457513
|switch|p2a: Kristine|Cinderace, F, shiny|100/100|[from] Chilly Reception
|
|-weather|Snowscape|[upkeep]
|-end|p1a: Alomomola|move: Future Sight
|-damage|p1a: Alomomola|56/100
|upkeep
|turn|15
|l| Trucker Hat Mew
|
|t:|1760457519
|move|p2a: Kristine|Court Change|p2a: Kristine
|-swapsideconditions
|-activate|p2a: Kristine|move: Court Change
|move|p1a: Alomomola|Flip Turn|p2a: Kristine
|-supereffective|p2a: Kristine
|-damage|p2a: Kristine|64/100
|
|t:|1760457525
|switch|p1a: Zamazenta|Zamazenta|100/100|[from] Flip Turn
|-damage|p1a: Zamazenta|94/100|[from] Stealth Rock
|
|-weather|Snowscape|[upkeep]
|upkeep
|turn|16
|
|t:|1760457530
|move|p1a: Zamazenta|Crunch|p2a: Kristine
|-crit|p2a: Kristine
|-damage|p2a: Kristine|0 fnt
|faint|p2a: Kristine
|
|-weather|Snowscape|[upkeep]
|upkeep
|c|☆butts99999|ow
|
|t:|1760457538
|switch|p2a: Homelandor|Landorus-Therian, M, shiny|100/100
|-ability|p2a: Homelandor|Intimidate|boost
|-unboost|p1a: Zamazenta|atk|1
|turn|17
|
|t:|1760457546
|switch|p1a: Alomomola|Alomomola, M|89/100
|-damage|p1a: Alomomola|77/100|[from] Stealth Rock
|move|p2a: Homelandor|U-turn|p1a: Alomomola
|-damage|p1a: Alomomola|63/100
|
|t:|1760457549
|switch|p2a: Mr. Freeze|Kyurem, shiny|69/100|[from] U-turn
|-ability|p2a: Mr. Freeze|Pressure
|
|-weather|Snowscape|[upkeep]
|-heal|p2a: Mr. Freeze|75/100|[from] item: Leftovers
|upkeep
|turn|18
|
|t:|1760457558
|move|p2a: Mr. Freeze|Substitute|p2a: Mr. Freeze
|-start|p2a: Mr. Freeze|Substitute
|-damage|p2a: Mr. Freeze|50/100
|move|p1a: Alomomola|Flip Turn|p2a: Mr. Freeze
|-resisted|p2a: Mr. Freeze
|-activate|p2a: Mr. Freeze|move: Substitute|[damage]
|
|t:|1760457568
|switch|p1a: Dragonite|Dragonite, M|100/100|[from] Flip Turn
|
|-weather|none
|-heal|p2a: Mr. Freeze|57/100|[from] item: Leftovers
|upkeep
|turn|19
|
|t:|1760457572
|-terastallize|p1a: Dragonite|Normal
|move|p2a: Mr. Freeze|Freeze-Dry|p1a: Dragonite
|-damage|p1a: Dragonite|85/100
|move|p1a: Dragonite|Dragon Tail|p2a: Mr. Freeze
|-supereffective|p2a: Mr. Freeze
|-end|p2a: Mr. Freeze|Substitute
|
|-heal|p2a: Mr. Freeze|63/100|[from] item: Leftovers
|upkeep
|turn|20
|
|t:|1760457583
|switch|p2a: Homelandor|Landorus-Therian, M, shiny|100/100
|-ability|p2a: Homelandor|Intimidate|boost
|-unboost|p1a: Dragonite|atk|1
|move|p1a: Dragonite|Extreme Speed|p2a: Homelandor
|-damage|p2a: Homelandor|73/100
|
|-heal|p2a: Homelandor|79/100|[from] item: Leftovers
|upkeep
|turn|21
|
|t:|1760457596
|switch|p1a: Alomomola|Alomomola, M|96/100
|-damage|p1a: Alomomola|83/100|[from] Stealth Rock
|move|p2a: Homelandor|Earthquake|p1a: Alomomola
|-damage|p1a: Alomomola|51/100
|
|-heal|p2a: Homelandor|86/100|[from] item: Leftovers
|upkeep
|turn|22
|
|t:|1760457601
|move|p2a: Homelandor|U-turn|p1a: Alomomola
|-damage|p1a: Alomomola|35/100
|
|t:|1760457603
|switch|p2a: Mr. Freeze|Kyurem, shiny|63/100|[from] U-turn
|-ability|p2a: Mr. Freeze|Pressure
|move|p1a: Alomomola|Flip Turn|p2a: Mr. Freeze
|-resisted|p2a: Mr. Freeze
|-damage|p2a: Mr. Freeze|55/100
|j| bruh_eggs
|
|t:|1760457611
|switch|p1a: Zamazenta|Zamazenta|94/100|[from] Flip Turn
|-damage|p1a: Zamazenta|88/100|[from] Stealth Rock
|
|-heal|p2a: Mr. Freeze|61/100|[from] item: Leftovers
|upkeep
|turn|23
|
|t:|1760457619
|switch|p2a: Chillionaire|Slowking-Galar, M, shiny|76/100 par
|move|p1a: Zamazenta|Close Combat|p2a: Chillionaire
|-resisted|p2a: Chillionaire
|-damage|p2a: Chillionaire|52/100 par
|-unboost|p1a: Zamazenta|def|1
|-unboost|p1a: Zamazenta|spd|1
|
|upkeep
|turn|24
|
|t:|1760457630
|switch|p1a: Great Tusk|Great Tusk|29/100
|-damage|p1a: Great Tusk|26/100|[from] Stealth Rock
|move|p2a: Chillionaire|Future Sight|p1a: Great Tusk
|-start|p2a: Chillionaire|move: Future Sight
|
|upkeep
|turn|25
|
|t:|1760457638
|move|p1a: Great Tusk|Stealth Rock|p2a: Chillionaire
|-sidestart|p2: butts99999|move: Stealth Rock
|-prepare|p2a: Chillionaire|Chilly Reception|[premajor]
|move|p2a: Chillionaire|Chilly Reception|p2a: Chillionaire
|-weather|Snowscape
|
|t:|1760457644
|switch|p2a: Mr. Freeze|Kyurem, shiny|61/100|[from] Chilly Reception
|-damage|p2a: Mr. Freeze|36/100|[from] Stealth Rock
|-ability|p2a: Mr. Freeze|Pressure
|
|-weather|Snowscape|[upkeep]
|-heal|p2a: Mr. Freeze|42/100|[from] item: Leftovers
|upkeep
|turn|26
|
|t:|1760457648
|move|p2a: Mr. Freeze|Freeze-Dry|p1a: Great Tusk
|-supereffective|p1a: Great Tusk
|-damage|p1a: Great Tusk|0 fnt
|faint|p1a: Great Tusk
|-end|p1a: Great Tusk|Protosynthesis|[silent]
|
|-weather|Snowscape|[upkeep]
|-hint|Future Sight did not hit because the target is fainted.
|-heal|p2a: Mr. Freeze|48/100|[from] item: Leftovers
|upkeep
|
|t:|1760457654
|switch|p1a: Zamazenta|Zamazenta|88/100
|-damage|p1a: Zamazenta|82/100|[from] Stealth Rock
|turn|27
|
|t:|1760457660
|move|p1a: Zamazenta|Stone Edge|p2a: Mr. Freeze
|-supereffective|p2a: Mr. Freeze
|-damage|p2a: Mr. Freeze|0 fnt
|faint|p2a: Mr. Freeze
|
|-weather|Snowscape|[upkeep]
|upkeep
|
|t:|1760457665
|switch|p2a: Daenerys|Kingambit, F|49/100
|-damage|p2a: Daenerys|43/100|[from] Stealth Rock
|-activate|p2a: Daenerys|ability: Supreme Overlord
|-start|p2a: Daenerys|fallen2|[silent]
|turn|28
|
|t:|1760457669
|switch|p1a: Alomomola|Alomomola, M|69/100
|-damage|p1a: Alomomola|56/100|[from] Stealth Rock
|move|p2a: Daenerys|Kowtow Cleave|p1a: Alomomola
|-damage|p1a: Alomomola|15/100
|
|-weather|Snowscape|[upkeep]
|upkeep
|turn|29
|
|t:|1760457676
|move|p1a: Alomomola|Aqua Jet|p2a: Daenerys
|-damage|p2a: Daenerys|34/100
|move|p2a: Daenerys|Iron Head|p1a: Alomomola
|-resisted|p1a: Alomomola
|-damage|p1a: Alomomola|0 fnt
|faint|p1a: Alomomola
|
|-weather|none
|upkeep
|
|t:|1760457680
|switch|p1a: Zamazenta|Zamazenta|82/100
|-damage|p1a: Zamazenta|76/100|[from] Stealth Rock
|turn|30
|
|t:|1760457689
|move|p2a: Daenerys|Sucker Punch|p1a: Zamazenta
|-resisted|p1a: Zamazenta
|-damage|p1a: Zamazenta|54/100
|move|p1a: Zamazenta|Close Combat|p2a: Daenerys
|-supereffective|p2a: Daenerys
|-damage|p2a: Daenerys|0 fnt
|-unboost|p1a: Zamazenta|def|1
|-unboost|p1a: Zamazenta|spd|1
|faint|p2a: Daenerys
|-end|p2a: Daenerys|fallen2|[silent]
|
|upkeep
|l| bruh_eggs
|
|t:|1760457703
|switch|p2a: Homelandor|Landorus-Therian, M, shiny|86/100
|-damage|p2a: Homelandor|73/100|[from] Stealth Rock
|-ability|p2a: Homelandor|Intimidate|boost
|-unboost|p1a: Zamazenta|atk|1
|turn|31
|
|t:|1760457708
|switch|p1a: Dragonite|Dragonite, M, tera:Normal|85/100
|move|p2a: Homelandor|Earthquake|p1a: Dragonite
|-damage|p1a: Dragonite|45/100
|
|-heal|p2a: Homelandor|79/100|[from] item: Leftovers
|upkeep
|turn|32
|
|t:|1760457721
|move|p2a: Homelandor|Earthquake|p1a: Dragonite
|-damage|p1a: Dragonite|3/100
|move|p1a: Dragonite|Roost|p1a: Dragonite
|-heal|p1a: Dragonite|53/100
|
|-heal|p2a: Homelandor|86/100|[from] item: Leftovers
|upkeep
|turn|33
|
|t:|1760457726
|move|p2a: Homelandor|Earthquake|p1a: Dragonite
|-damage|p1a: Dragonite|9/100
|move|p1a: Dragonite|Roost|p1a: Dragonite
|-heal|p1a: Dragonite|59/100
|
|-heal|p2a: Homelandor|92/100|[from] item: Leftovers
|upkeep
|turn|34
|
|t:|1760457732
|move|p2a: Homelandor|Earthquake|p1a: Dragonite
|-damage|p1a: Dragonite|17/100
|move|p1a: Dragonite|Roost|p1a: Dragonite
|-heal|p1a: Dragonite|67/100
|
|-heal|p2a: Homelandor|98/100|[from] item: Leftovers
|upkeep
|turn|35
|
|t:|1760457737
|move|p2a: Homelandor|Earthquake|p1a: Dragonite
|-damage|p1a: Dragonite|24/100
|move|p1a: Dragonite|Dragon Tail|p2a: Homelandor|[miss]
|-miss|p1a: Dragonite|p2a: Homelandor
|
|-heal|p2a: Homelandor|100/100|[from] item: Leftovers
|upkeep
|turn|36
|
|t:|1760457744
|move|p2a: Homelandor|Earthquake|p1a: Dragonite
|-damage|p1a: Dragonite|0 fnt
|faint|p1a: Dragonite
|
|upkeep
|
|t:|1760457746
|switch|p1a: Zamazenta|Zamazenta|54/100
|-damage|p1a: Zamazenta|48/100|[from] Stealth Rock
|turn|37
|
|t:|1760457750
|move|p1a: Zamazenta|Stone Edge|p2a: Homelandor
|-crit|p2a: Homelandor
|-damage|p2a: Homelandor|36/100
|move|p2a: Homelandor|Earthquake|p1a: Zamazenta
|-damage|p1a: Zamazenta|5/100
|
|-heal|p2a: Homelandor|42/100|[from] item: Leftovers
|upkeep
|turn|38
|
|t:|1760457754
|move|p1a: Zamazenta|Stone Edge|p2a: Homelandor
|-damage|p2a: Homelandor|0 fnt
|faint|p2a: Homelandor
|
|upkeep
|
|t:|1760457755
|switch|p2a: WALL-Y|Iron Valiant|100/100
|-damage|p2a: WALL-Y|94/100|[from] Stealth Rock
|-enditem|p2a: WALL-Y|Booster Energy
|-activate|p2a: WALL-Y|ability: Quark Drive|[fromitem]
|-start|p2a: WALL-Y|quarkdrivespe
|turn|39
|
|t:|1760457757
|move|p2a: WALL-Y|Moonblast|p1a: Zamazenta
|-supereffective|p1a: Zamazenta
|-damage|p1a: Zamazenta|0 fnt
|faint|p1a: Zamazenta
|
|win|butts99999
|raw|jemaisjepa's rating: 1761 &rarr; <strong>1746</strong><br />(-15 for losing)
|raw|butts99999's rating: 1857 &rarr; <strong>1872</strong><br />(+15 for winning)
|c|☆butts99999|gg
|l|☆jemaisjepa
|player|p1|
|l| Goobshiester1st
|l|☆butts99999
|player|p2|
