|j|☆arnocalypse
|j|☆NapedCrusader
|t:|1760454696
|gametype|singles
|player|p1|arnocalypse|266|1514
|player|p2|NapedCrusader|flint|1530
|gen|9
|tier|[Gen 9] OU
|rated|
|rule|HP Percentage Mod: HP is shown in percentages
|rule|Endless Battle Clause: Forcing endless battles is banned
|rule|Species Clause: Limit one of each Pokémon
|rule|OHKO Clause: OHKO moves are banned
|rule|Evasion Items Clause: Evasion items are banned
|rule|Evasion Moves Clause: Evasion moves are banned
|rule|Evasion Abilities Clause: Evasion abilities are banned
|rule|Sleep Moves Clause: Sleep-inducing moves are banned
|clearpoke
|poke|p1|Ninetales-Alola, M|
|poke|p1|Rillaboom, F|
|poke|p1|Ogerpon-Wellspring, F|
|poke|p1|Hatterene, F|
|poke|p1|Iron Moth|
|poke|p1|Iron Thorns|
|poke|p2|Kyurem|
|poke|p2|Ninetales-Alola, F|
|poke|p2|Necrozma|
|poke|p2|Hawlucha, M|
|poke|p2|Scizor, M|
|poke|p2|Alomomola, M|
|teampreview
|inactive|Battle timer is ON: inactive players will automatically lose when time's up. (requested by NapedCrusader)
|
|t:|1760454711
|teamsize|p1|6
|teamsize|p2|6
|start
|switch|p1a: Ninetales|Ninetales-Alola, M|100/100
|switch|p2a: Scizor|Scizor, M|100/100
|-weather|Snowscape|[from] ability: Snow Warning|[of] p1a: Ninetales
|turn|1
|
|t:|1760454716
|switch|p1a: Iron Moth|Iron Moth|100/100
|-enditem|p1a: Iron Moth|Booster Energy
|-activate|p1a: Iron Moth|ability: Quark Drive|[fromitem]
|-start|p1a: Iron Moth|quarkdrivespe
|move|p2a: Scizor|Bullet Punch|p1a: Iron Moth
|-resisted|p1a: Iron Moth
|-damage|p1a: Iron Moth|81/100
|
|-weather|Snowscape|[upkeep]
|upkeep
|turn|2
|
|t:|1760454728
|switch|p2a: Alomomola|Alomomola, M, shiny|100/100
|move|p1a: Iron Moth|Fiery Dance|p2a: Alomomola
|-resisted|p2a: Alomomola
|-damage|p2a: Alomomola|86/100
|-boost|p1a: Iron Moth|spa|1
|
|-weather|Snowscape|[upkeep]
|upkeep
|turn|3
|inactive|arnocalypse has 120 seconds left.
|inactive|arnocalypse has 90 seconds left.
|
|t:|1760454802
|move|p1a: Iron Moth|Energy Ball|p2a: Alomomola
|-supereffective|p2a: Alomomola
|-damage|p2a: Alomomola|23/100
|move|p2a: Alomomola|Flip Turn|p1a: Iron Moth
|-supereffective|p1a: Iron Moth
|-damage|p1a: Iron Moth|32/100
|
|t:|1760454810
|switch|p2a: Necrozma|Necrozma, shiny|100/100|[from] Flip Turn
|
|-weather|Snowscape|[upkeep]
|upkeep
|turn|4
|
|t:|1760454817
|move|p1a: Iron Moth|Fiery Dance|p2a: Necrozma
|-damage|p2a: Necrozma|35/100
|move|p2a: Necrozma|Photon Geyser|p1a: Iron Moth
|-supereffective|p1a: Iron Moth
|-damage|p1a: Iron Moth|0 fnt
|faint|p1a: Iron Moth
|-end|p1a: Iron Moth|Quark Drive|[silent]
|
|-weather|Snowscape|[upkeep]
|upkeep
|inactive|arnocalypse has 90 seconds left.
|
|t:|1760454829
|switch|p1a: Rillaboom|Rillaboom, F|100/100
|-fieldstart|move: Grassy Terrain|[from] ability: Grassy Surge|[of] p1a: Rillaboom
|turn|5
|
|t:|1760454832
|switch|p2a: Itachi|Hawlucha, M, shiny|100/100
|-ability|p2a: Itachi|Mold Breaker
|move|p1a: Rillaboom|Swords Dance|p1a: Rillaboom
|-boost|p1a: Rillaboom|atk|2
|
|-weather|none
|upkeep
|turn|6
|
|t:|1760454837
|move|p2a: Itachi|Encore|p1a: Rillaboom
|-start|p1a: Rillaboom|Encore
|move|p1a: Rillaboom|Swords Dance|p1a: Rillaboom
|-boost|p1a: Rillaboom|atk|2
|
|upkeep
|turn|7
|
|t:|1760454847
|switch|p1a: Ninetales|Ninetales-Alola, M|100/100
|-weather|Snowscape|[from] ability: Snow Warning|[of] p1a: Ninetales
|move|p2a: Itachi|Swords Dance|p2a: Itachi
|-boost|p2a: Itachi|atk|2
|
|-weather|Snowscape|[upkeep]
|upkeep
|turn|8
|inactive|arnocalypse has 120 seconds left.
|
|t:|1760454854
|move|p2a: Itachi|Brave Bird|p1a: Ninetales
|-damage|p1a: Ninetales|19/100
|-damage|p2a: Itachi|69/100|[from] Recoil
|move|p1a: Ninetales|Aurora Veil|p1a: Ninetales
|-sidestart|p1: arnocalypse|move: Aurora Veil
|
|-weather|Snowscape|[upkeep]
|-heal|p1a: Ninetales|25/100|[from] Grassy Terrain
|upkeep
|turn|9
|inactive|arnocalypse has 120 seconds left.
|
|t:|1760454865
|switch|p1a: Hatterene|Hatterene, F|100/100
|-enditem|p1a: Hatterene|Grassy Seed
|-boost|p1a: Hatterene|def|1|[from] item: Grassy Seed
|move|p2a: Itachi|Brave Bird|p1a: Hatterene
|-damage|p1a: Hatterene|67/100
|-damage|p2a: Itachi|58/100|[from] Recoil
|
|-weather|Snowscape|[upkeep]
|-heal|p1a: Hatterene|73/100|[from] Grassy Terrain
|upkeep
|turn|10
|
|t:|1760454878
|switch|p2a: Scizor|Scizor, M|100/100
|move|p1a: Hatterene|Calm Mind|p1a: Hatterene
|-boost|p1a: Hatterene|spa|1
|-boost|p1a: Hatterene|spd|1
|
|-weather|Snowscape|[upkeep]
|-heal|p1a: Hatterene|79/100|[from] Grassy Terrain
|upkeep
|turn|11
|inactive|arnocalypse has 120 seconds left.
|
|t:|1760454910
|-terastallize|p1a: Hatterene|Poison
|move|p1a: Hatterene|Agility|p1a: Hatterene
|-boost|p1a: Hatterene|spe|2
|move|p2a: Scizor|U-turn|p1a: Hatterene
|-resisted|p1a: Hatterene
|-damage|p1a: Hatterene|72/100
|
|t:|1760454921
|switch|p2a: Itachi|Hawlucha, M, shiny|58/100|[from] U-turn
|-ability|p2a: Itachi|Mold Breaker
|
|-weather|none
|-heal|p1a: Hatterene|78/100|[from] Grassy Terrain
|upkeep
|turn|12
|inactive|arnocalypse has 120 seconds left.
|
|t:|1760454933
|switch|p2a: Scizor|Scizor, M|100/100
|move|p1a: Hatterene|Stored Power|p2a: Scizor
|-resisted|p2a: Scizor
|-damage|p2a: Scizor|65/100
|
|-heal|p1a: Hatterene|84/100|[from] Grassy Terrain
|-heal|p2a: Scizor|71/100|[from] Grassy Terrain
|-fieldend|move: Grassy Terrain
|upkeep
|turn|13
|
|t:|1760454937
|move|p1a: Hatterene|Calm Mind|p1a: Hatterene
|-boost|p1a: Hatterene|spa|1
|-boost|p1a: Hatterene|spd|1
|move|p2a: Scizor|Dual Wingbeat|p1a: Hatterene
|-damage|p1a: Hatterene|77/100
|-damage|p1a: Hatterene|69/100
|-hitcount|p1a: Hatterene|2
|
|upkeep
|turn|14
|
|t:|1760454944
|move|p1a: Hatterene|Stored Power|p2a: Scizor
|-resisted|p2a: Scizor
|-damage|p2a: Scizor|8/100
|move|p2a: Scizor|U-turn|p1a: Hatterene
|-resisted|p1a: Hatterene
|-damage|p1a: Hatterene|63/100
|
|t:|1760454956
|switch|p2a: Itachi|Hawlucha, M, shiny|58/100|[from] U-turn
|-ability|p2a: Itachi|Mold Breaker
|
|upkeep
|turn|15
|
|t:|1760454961
|switch|p2a: Alomomola|Alomomola, M, shiny|56/100
|move|p1a: Hatterene|Agility|p1a: Hatterene
|-boost|p1a: Hatterene|spe|2
|
|-sideend|p1: arnocalypse|move: Aurora Veil
|upkeep
|turn|16
|
|t:|1760454964
|move|p1a: Hatterene|Stored Power|p2a: Alomomola
|-damage|p2a: Alomomola|0 fnt
|faint|p2a: Alomomola
|
|upkeep
|
|t:|1760454969
|switch|p2a: Itachi|Hawlucha, M, shiny|58/100
|-ability|p2a: Itachi|Mold Breaker
|turn|17
|
|t:|1760454971
|move|p1a: Hatterene|Stored Power|p2a: Itachi
|-supereffective|p2a: Itachi
|-damage|p2a: Itachi|0 fnt
|faint|p2a: Itachi
|
|upkeep
|
|t:|1760454976
|switch|p2a: Necrozma|Necrozma, shiny|35/100
|turn|18
|
|t:|1760454979
|move|p1a: Hatterene|Draining Kiss|p2a: Necrozma
|-damage|p2a: Necrozma|0 fnt
|-heal|p1a: Hatterene|90/100|[from] drain|[of] p2a: Necrozma
|faint|p2a: Necrozma
|
|upkeep
|
|t:|1760454988
|switch|p2a: Frieza|Kyurem, shiny|100/100
|-ability|p2a: Frieza|Pressure
|turn|19
|
|t:|1760454991
|-terastallize|p2a: Frieza|Ghost
|move|p1a: Hatterene|Stored Power|p2a: Frieza
|-damage|p2a: Frieza|0 fnt
|faint|p2a: Frieza
|
|upkeep
|-message|NapedCrusader forfeited.
|
|win|arnocalypse
|raw|arnocalypse's rating: 1514 &rarr; <strong>1535</strong><br />(+21 for winning)
|raw|NapedCrusader's rating: 1530 &rarr; <strong>1509</strong><br />(-21 for losing)
|l|☆NapedCrusader
|player|p2|
|l|☆arnocalypse
|player|p1|
