|j|☆Jouos
|j|☆CaradeCoso
|inactive|Battle timer is ON: inactive players will automatically lose when time's up.
|t:|1760405429
|gametype|singles
|player|p1|Jouos|265|
|player|p2|CaradeCoso|shauntal|
|gen|9
|tier|[Gen 9] OU
|rated|Tournament battle
|rule|HP Percentage Mod: HP is shown in percentages
|rule|Endless Battle Clause: Forcing endless battles is banned
|rule|Species Clause: Limit one of each Pokémon
|rule|OHKO Clause: OHKO moves are banned
|rule|Evasion Items Clause: Evasion items are banned
|rule|Evasion Moves Clause: Evasion moves are banned
|rule|Evasion Abilities Clause: Evasion abilities are banned
|rule|Sleep Moves Clause: Sleep-inducing moves are banned
|clearpoke
|poke|p1|Samurott-Hisui, M|
|poke|p1|Rillaboom, F|
|poke|p1|Great Tusk|
|poke|p1|Kingambit, F|
|poke|p1|Raging Bolt|
|poke|p1|Clefable, F|
|poke|p2|Dragonite, M|
|poke|p2|Darkrai|
|poke|p2|Iron Moth|
|poke|p2|Scizor, F|
|poke|p2|Great Tusk|
|poke|p2|Zapdos|
|teampreview
|j|*Lady Monita ☀
|j| BB-8-NU
|j| blaoh123
|c|☆Jouos|glhf
|j| cynthyeaah
|
|t:|1760405458
|teamsize|p1|6
|teamsize|p2|6
|start
|switch|p1a: Samurott|Samurott-Hisui, M|100/100
|switch|p2a: Come primas|Zapdos|100/100
|turn|1
|j| wuhss
|
|t:|1760405474
|switch|p1a: Raging Bolt|Raging Bolt|100/100
|move|p2a: Come primas|Volt Switch|p1a: Raging Bolt
|-resisted|p1a: Raging Bolt
|-damage|p1a: Raging Bolt|94/100
|
|t:|1760405486
|switch|p2a: Zapeoh|Scizor, F, shiny|100/100|[from] Volt Switch
|
|upkeep
|turn|2
|j| Sung Chip Woo
|
|t:|1760405512
|move|p1a: Raging Bolt|Thunderbolt|p2a: Zapeoh
|-damage|p2a: Zapeoh|33/100
|move|p2a: Zapeoh|U-turn|p1a: Raging Bolt
|-damage|p1a: Raging Bolt|39/100
|j| rioja_master
|
|t:|1760405526
|switch|p2a: Darko RAYO|Darkrai|100/100|[from] U-turn
|
|upkeep
|turn|3
|inactive|Jouos has 120 seconds left.
|inactive|Jouos has 90 seconds left.
|
|t:|1760405582
|-end|p1a: Raging Bolt|Protosynthesis|[silent]
|switch|p1a: Rillaboom|Rillaboom, F|100/100
|-fieldstart|move: Grassy Terrain|[from] ability: Grassy Surge|[of] p1a: Rillaboom
|move|p2a: Darko RAYO|Ice Beam|p1a: Rillaboom
|-supereffective|p1a: Rillaboom
|-crit|p1a: Rillaboom
|-damage|p1a: Rillaboom|0 fnt
|faint|p1a: Rillaboom
|-damage|p2a: Darko RAYO|91/100|[from] item: Life Orb
|
|-heal|p2a: Darko RAYO|97/100|[from] Grassy Terrain
|upkeep
|l| wuhss
|inactive|Jouos has 60 seconds left.
|
|t:|1760405617
|switch|p1a: Samurott|Samurott-Hisui, M|100/100
|turn|4
|
|t:|1760405628
|switch|p2a: Come primas|Zapdos|100/100
|move|p1a: Samurott|Sacred Sword|p2a: Come primas
|-resisted|p2a: Come primas
|-damage|p2a: Come primas|86/100
|
|upkeep
|turn|5
|
|t:|1760405636
|switch|p1a: Raging Bolt|Raging Bolt|39/100
|move|p2a: Come primas|Hurricane|p1a: Raging Bolt
|-resisted|p1a: Raging Bolt
|-damage|p1a: Raging Bolt|17/100
|-start|p1a: Raging Bolt|confusion
|
|-heal|p1a: Raging Bolt|23/100|[from] Grassy Terrain
|upkeep
|turn|6
|
|t:|1760405645
|move|p2a: Come primas|Volt Switch|p1a: Raging Bolt
|-resisted|p1a: Raging Bolt
|-damage|p1a: Raging Bolt|16/100
|
|t:|1760405652
|switch|p2a: Chris FPS viejito|Great Tusk|100/100|[from] Volt Switch
|-enditem|p2a: Chris FPS viejito|Booster Energy
|-activate|p2a: Chris FPS viejito|ability: Protosynthesis|[fromitem]
|-start|p2a: Chris FPS viejito|protosynthesisspe
|-activate|p1a: Raging Bolt|confusion
|-damage|p1a: Raging Bolt|11/100|[from] confusion
|
|-heal|p1a: Raging Bolt|17/100|[from] Grassy Terrain
|upkeep
|turn|7
|inactive|Jouos has 90 seconds left.
|c|☆Jouos|;hwfkaulh
|
|t:|1760405665
|-end|p1a: Raging Bolt|Protosynthesis|[silent]
|switch|p1a: Great Tusk|Great Tusk|100/100
|move|p2a: Chris FPS viejito|Bulk Up|p2a: Chris FPS viejito
|-boost|p2a: Chris FPS viejito|atk|1
|-boost|p2a: Chris FPS viejito|def|1
|
|-fieldend|move: Grassy Terrain
|upkeep
|turn|8
|inactive|Jouos has 90 seconds left.
|
|t:|1760405673
|move|p2a: Chris FPS viejito|Ice Spinner|p1a: Great Tusk
|-supereffective|p1a: Great Tusk
|-damage|p1a: Great Tusk|57/100
|move|p1a: Great Tusk|Ice Spinner|p2a: Chris FPS viejito
|-supereffective|p2a: Chris FPS viejito
|-damage|p2a: Chris FPS viejito|82/100
|
|-heal|p1a: Great Tusk|63/100|[from] item: Leftovers
|upkeep
|turn|9
|
|t:|1760405682
|-end|p1a: Great Tusk|Protosynthesis|[silent]
|switch|p1a: Clefable|Clefable, F|100/100
|move|p2a: Chris FPS viejito|Bulk Up|p2a: Chris FPS viejito
|-boost|p2a: Chris FPS viejito|atk|1
|-boost|p2a: Chris FPS viejito|def|1
|
|upkeep
|turn|10
|
|t:|1760405695
|-end|p2a: Chris FPS viejito|Protosynthesis|[silent]
|switch|p2a: Iron Moithrix|Iron Moth|100/100
|-enditem|p2a: Iron Moithrix|Booster Energy
|-activate|p2a: Iron Moithrix|ability: Quark Drive|[fromitem]
|-start|p2a: Iron Moithrix|quarkdrivespe
|move|p1a: Clefable|Moonblast|p2a: Iron Moithrix
|-resisted|p2a: Iron Moithrix
|-damage|p2a: Iron Moithrix|92/100
|
|upkeep
|turn|11
|
|t:|1760405712
|switch|p1a: Samurott|Samurott-Hisui, M|100/100
|move|p2a: Iron Moithrix|Toxic Spikes|p1a: Samurott
|-sidestart|p1: Jouos|move: Toxic Spikes
|
|upkeep
|turn|12
|
|t:|1760405728
|-end|p2a: Iron Moithrix|Quark Drive|[silent]
|switch|p2a: Come primas|Zapdos|86/100
|move|p1a: Samurott|Aqua Cutter|p2a: Come primas
|-crit|p2a: Come primas
|-damage|p2a: Come primas|34/100
|
|upkeep
|turn|13
|
|t:|1760405740
|move|p1a: Samurott|Aqua Cutter|p2a: Come primas
|-damage|p2a: Come primas|0 fnt
|faint|p2a: Come primas
|
|upkeep
|
|t:|1760405753
|switch|p2a: enFERRRmo|Dragonite, M, shiny|100/100
|turn|14
|
|t:|1760405756
|switch|p1a: Raging Bolt|Raging Bolt|17/100
|move|p2a: enFERRRmo|Dragon Dance|p2a: enFERRRmo
|-boost|p2a: enFERRRmo|atk|1
|-boost|p2a: enFERRRmo|spe|1
|
|upkeep
|turn|15
|
|t:|1760405765
|move|p2a: enFERRRmo|Extreme Speed|p1a: Raging Bolt
|-damage|p1a: Raging Bolt|0 fnt
|faint|p1a: Raging Bolt
|-end|p1a: Raging Bolt|Protosynthesis|[silent]
|
|upkeep
|j| ale44557
|
|t:|1760405775
|switch|p1a: Clefable|Clefable, F|100/100
|turn|16
|
|t:|1760405787
|switch|p2a: Iron Moithrix|Iron Moth|92/100
|move|p1a: Clefable|Moonblast|p2a: Iron Moithrix
|-resisted|p2a: Iron Moithrix
|-damage|p2a: Iron Moithrix|83/100
|
|upkeep
|turn|17
|inactive|Jouos has 120 seconds left.
|
|t:|1760405802
|switch|p1a: Kingambit|Kingambit, F|100/100
|-activate|p1a: Kingambit|ability: Supreme Overlord
|-start|p1a: Kingambit|fallen2|[silent]
|move|p2a: Iron Moithrix|Dazzling Gleam|p1a: Kingambit
|-damage|p1a: Kingambit|75/100
|
|-heal|p1a: Kingambit|82/100|[from] item: Leftovers
|upkeep
|turn|18
|
|t:|1760405810
|-end|p1a: Kingambit|fallen2|[silent]
|switch|p1a: Samurott|Samurott-Hisui, M|100/100
|-status|p1a: Samurott|psn
|move|p2a: Iron Moithrix|Fiery Dance|p1a: Samurott
|-resisted|p1a: Samurott
|-damage|p1a: Samurott|70/100 psn
|-boost|p2a: Iron Moithrix|spa|1
|
|-damage|p1a: Samurott|57/100 psn|[from] psn
|upkeep
|turn|19
|
|t:|1760405835
|move|p1a: Samurott|Ceaseless Edge|p2a: Iron Moithrix
|-crit|p2a: Iron Moithrix
|-damage|p2a: Iron Moithrix|0 fnt
|-sidestart|p2: CaradeCoso|Spikes
|faint|p2a: Iron Moithrix
|-end|p2a: Iron Moithrix|Quark Drive|[silent]
|
|-damage|p1a: Samurott|45/100 psn|[from] psn
|upkeep
|
|t:|1760405845
|switch|p2a: Chris FPS viejito|Great Tusk|82/100
|-damage|p2a: Chris FPS viejito|70/100|[from] Spikes
|turn|20
|
|t:|1760405858
|switch|p1a: Clefable|Clefable, F|100/100
|move|p2a: Chris FPS viejito|Rapid Spin|p1a: Clefable
|-damage|p1a: Clefable|90/100
|-boost|p2a: Chris FPS viejito|spe|1
|-sideend|p2: CaradeCoso|Spikes|[from] move: Rapid Spin|[of] p2a: Chris FPS viejito
|
|upkeep
|turn|21
|
|t:|1760405870
|move|p2a: Chris FPS viejito|Headlong Rush|p1a: Clefable
|-damage|p1a: Clefable|48/100
|-unboost|p2a: Chris FPS viejito|def|1
|-unboost|p2a: Chris FPS viejito|spd|1
|move|p1a: Clefable|Moonblast|p2a: Chris FPS viejito
|-supereffective|p2a: Chris FPS viejito
|-damage|p2a: Chris FPS viejito|0 fnt
|faint|p2a: Chris FPS viejito
|-end|p2a: Chris FPS viejito|Protosynthesis|[silent]
|
|upkeep
|
|t:|1760405881
|switch|p2a: Zapeoh|Scizor, F, shiny|33/100
|turn|22
|
|t:|1760405893
|switch|p1a: Samurott|Samurott-Hisui, M|45/100 psn
|move|p2a: Zapeoh|Bullet Punch|p1a: Samurott
|-resisted|p1a: Samurott
|-damage|p1a: Samurott|16/100 psn
|
|-damage|p1a: Samurott|3/100 psn|[from] psn
|upkeep
|turn|23
|
|t:|1760405900
|move|p2a: Zapeoh|Bullet Punch|p1a: Samurott
|-resisted|p1a: Samurott
|-damage|p1a: Samurott|0 fnt
|faint|p1a: Samurott
|
|upkeep
|
|t:|1760405902
|switch|p1a: Great Tusk|Great Tusk|63/100
|-status|p1a: Great Tusk|psn
|turn|24
|
|t:|1760405910
|switch|p2a: Darko RAYO|Darkrai|97/100
|move|p1a: Great Tusk|Headlong Rush|p2a: Darko RAYO
|-damage|p2a: Darko RAYO|26/100
|-unboost|p1a: Great Tusk|def|1
|-unboost|p1a: Great Tusk|spd|1
|
|-heal|p1a: Great Tusk|69/100 psn|[from] item: Leftovers
|-damage|p1a: Great Tusk|57/100 psn|[from] psn
|upkeep
|turn|25
|
|t:|1760405939
|-end|p1a: Great Tusk|Protosynthesis|[silent]
|switch|p1a: Kingambit|Kingambit, F|82/100
|-activate|p1a: Kingambit|ability: Supreme Overlord
|-start|p1a: Kingambit|fallen3|[silent]
|move|p2a: Darko RAYO|Ice Beam|p1a: Kingambit
|-resisted|p1a: Kingambit
|-damage|p1a: Kingambit|61/100
|-damage|p2a: Darko RAYO|16/100|[from] item: Life Orb
|
|-heal|p1a: Kingambit|67/100|[from] item: Leftovers
|upkeep
|turn|26
|inactive|Jouos has 120 seconds left.
|
|t:|1760405955
|move|p1a: Kingambit|Sucker Punch|p2a: Darko RAYO
|-resisted|p2a: Darko RAYO
|-damage|p2a: Darko RAYO|0 fnt
|faint|p2a: Darko RAYO
|
|-heal|p1a: Kingambit|73/100|[from] item: Leftovers
|upkeep
|inactive|CaradeCoso has 120 seconds left.
|
|t:|1760405981
|switch|p2a: Zapeoh|Scizor, F, shiny|33/100
|turn|27
|inactive|Jouos has 120 seconds left.
|
|t:|1760406004
|move|p1a: Kingambit|Sucker Punch|p2a: Zapeoh
|-damage|p2a: Zapeoh|0 fnt
|faint|p2a: Zapeoh
|
|-heal|p1a: Kingambit|79/100|[from] item: Leftovers
|upkeep
|
|t:|1760406007
|switch|p2a: enFERRRmo|Dragonite, M, shiny|100/100
|turn|28
|inactive|Jouos has 120 seconds left.
|
|t:|1760406017
|-terastallize|p1a: Kingambit|Fairy
|move|p2a: enFERRRmo|Dragon Dance|p2a: enFERRRmo
|-boost|p2a: enFERRRmo|atk|1
|-boost|p2a: enFERRRmo|spe|1
|move|p1a: Kingambit|Iron Head|p2a: enFERRRmo
|-damage|p2a: enFERRRmo|69/100
|
|-heal|p1a: Kingambit|86/100|[from] item: Leftovers
|upkeep
|turn|29
|
|t:|1760406027
|-terastallize|p2a: enFERRRmo|Normal
|move|p2a: enFERRRmo|Extreme Speed|p1a: Kingambit
|-damage|p1a: Kingambit|34/100
|move|p1a: Kingambit|Iron Head|p2a: enFERRRmo
|-damage|p2a: enFERRRmo|0 fnt
|faint|p2a: enFERRRmo
|
|win|Jouos
|n|☆Jouos|jouos
|n|☆CaradeCoso|caradecoso
|n|*Lady Monita ☀|ladymonita
|n| BB-8-NU|bb8nu
|n| blaoh123|blaoh123
|n| cynthyeaah|cynthyeaah
|n| Sung Chip Woo|sungchipwoo
|n| rioja_master|riojamaster
|n| ale44557|ale44557
|l|*Lady Monita ☀
|c|☆Jouos|gg
|l|☆Jouos
|player|p1|
|c|☆CaradeCoso|ggwp
