|j|☆slash_poke
|j|☆Exiowf
|t:|1760429898
|gametype|singles
|player|p1|slash_poke|volkner|1277
|player|p2|Exiowf|dawn|1284
|gen|9
|tier|[Gen 9] OU
|rated|
|rule|HP Percentage Mod: HP is shown in percentages
|rule|Endless Battle Clause: Forcing endless battles is banned
|rule|Species Clause: Limit one of each Pokémon
|rule|OHKO Clause: OHKO moves are banned
|rule|Evasion Items Clause: Evasion items are banned
|rule|Evasion Moves Clause: Evasion moves are banned
|rule|Evasion Abilities Clause: Evasion abilities are banned
|rule|Sleep Moves Clause: Sleep-inducing moves are banned
|clearpoke
|poke|p1|Swampert, M|
|poke|p1|Gardevoir, M|
|poke|p1|Kingambit, F|
|poke|p1|Salamence, F|
|poke|p1|Arcanine, M|
|poke|p1|Rotom-Wash|
|poke|p2|Glaceon, F|
|poke|p2|Slowking-Galar, F|
|poke|p2|Primarina, M|
|poke|p2|Corviknight, F|
|poke|p2|Ceruledge, F|
|poke|p2|Great Tusk|
|teampreview
|inactive|Battle timer is ON: inactive players will automatically lose when time's up. (requested by Exiowf)
|inactive|slash_poke also wants the timer to be on.
|
|t:|1760429906
|teamsize|p1|6
|teamsize|p2|6
|start
|switch|p1a: Rotom|Rotom-Wash|100/100
|switch|p2a: Slowking|Slowking-Galar, F|100/100
|turn|1
|
|t:|1760429912
|move|p1a: Rotom|Discharge|p2a: Slowking
|-damage|p2a: Slowking|81/100
|move|p2a: Slowking|Future Sight|p1a: Rotom
|-start|p2a: Slowking|move: Future Sight
|
|upkeep
|turn|2
|
|t:|1760429918
|move|p1a: Rotom|Discharge|p2a: Slowking
|-damage|p2a: Slowking|60/100
|-prepare|p2a: Slowking|Chilly Reception|[premajor]
|move|p2a: Slowking|Chilly Reception|p2a: Slowking
|-weather|Snowscape
|
|t:|1760429925
|switch|p2a: Glaceon|Glaceon, F, shiny|100/100|[from] Chilly Reception
|
|-weather|Snowscape|[upkeep]
|upkeep
|turn|3
|
|t:|1760429934
|-terastallize|p2a: Glaceon|Grass
|move|p1a: Rotom|Discharge|p2a: Glaceon
|-resisted|p2a: Glaceon
|-crit|p2a: Glaceon
|-damage|p2a: Glaceon|74/100
|move|p2a: Glaceon|Freeze-Dry|p1a: Rotom
|-supereffective|p1a: Rotom
|-damage|p1a: Rotom|47/100
|
|-weather|Snowscape|[upkeep]
|-heal|p2a: Glaceon|80/100|[from] ability: Ice Body
|-end|p1a: Rotom|move: Future Sight
|-damage|p1a: Rotom|18/100
|-heal|p2a: Glaceon|86/100|[from] item: Leftovers
|upkeep
|turn|4
|
|t:|1760429948
|move|p1a: Rotom|Discharge|p2a: Glaceon
|-resisted|p2a: Glaceon
|-damage|p2a: Glaceon|68/100
|-status|p2a: Glaceon|par
|move|p2a: Glaceon|Freeze-Dry|p1a: Rotom
|-supereffective|p1a: Rotom
|-damage|p1a: Rotom|0 fnt
|faint|p1a: Rotom
|
|-weather|Snowscape|[upkeep]
|-heal|p2a: Glaceon|74/100 par|[from] ability: Ice Body
|-heal|p2a: Glaceon|80/100 par|[from] item: Leftovers
|upkeep
|
|t:|1760429971
|switch|p1a: Kingambit|Kingambit, F|100/100
|-activate|p1a: Kingambit|ability: Supreme Overlord
|-start|p1a: Kingambit|fallen1|[silent]
|-item|p1a: Kingambit|Air Balloon
|turn|5
|inactive|slash_poke has 120 seconds left.
|
|t:|1760429994
|move|p1a: Kingambit|Brick Break|p2a: Glaceon
|-damage|p2a: Glaceon|39/100 par
|move|p2a: Glaceon|Alluring Voice|p1a: Kingambit
|-damage|p1a: Kingambit|71/100
|-enditem|p1a: Kingambit|Air Balloon
|
|-weather|Snowscape|[upkeep]
|-heal|p2a: Glaceon|45/100 par|[from] ability: Ice Body
|-heal|p2a: Glaceon|51/100 par|[from] item: Leftovers
|upkeep
|turn|6
|inactive|slash_poke has 120 seconds left.
|
|t:|1760430002
|switch|p2a: Corviknight|Corviknight, F, shiny|100/100
|-ability|p2a: Corviknight|Pressure
|move|p1a: Kingambit|Swords Dance|p1a: Kingambit
|-boost|p1a: Kingambit|atk|2
|
|-weather|none
|upkeep
|turn|7
|
|t:|1760430008
|move|p2a: Corviknight|Body Press|p1a: Kingambit
|-supereffective|p1a: Kingambit
|-damage|p1a: Kingambit|0 fnt
|faint|p1a: Kingambit
|-end|p1a: Kingambit|fallen1|[silent]
|
|upkeep
|
|t:|1760430013
|switch|p1a: Arcanine|Arcanine, M|100/100
|-ability|p1a: Arcanine|Intimidate|boost
|-unboost|p2a: Corviknight|atk|1
|turn|8
|
|t:|1760430016
|switch|p2a: Primarina|Primarina, M|100/100
|move|p1a: Arcanine|Flare Blitz|p2a: Primarina
|-resisted|p2a: Primarina
|-damage|p2a: Primarina|50/100
|-damage|p1a: Arcanine|82/100|[from] Recoil
|
|upkeep
|turn|9
|
|t:|1760430026
|switch|p2a: Slowking|Slowking-Galar, F|93/100
|move|p1a: Arcanine|Flare Blitz|p2a: Slowking
|-damage|p2a: Slowking|10/100
|-damage|p1a: Arcanine|48/100|[from] Recoil
|
|upkeep
|turn|10
|
|t:|1760430032
|switch|p2a: Ceruledge|Ceruledge, F|100/100
|move|p1a: Arcanine|Flare Blitz|p2a: Ceruledge
|-resisted|p2a: Ceruledge
|-damage|p2a: Ceruledge|39/100
|-ability|p2a: Ceruledge|Weak Armor|boost
|-unboost|p2a: Ceruledge|def|1
|-boost|p2a: Ceruledge|spe|2
|-damage|p1a: Arcanine|30/100|[from] Recoil
|
|upkeep
|turn|11
|
|t:|1760430041
|switch|p1a: Swampert|Swampert, M|100/100
|move|p2a: Ceruledge|Close Combat|p1a: Swampert
|-damage|p1a: Swampert|62/100
|-unboost|p2a: Ceruledge|def|1
|-unboost|p2a: Ceruledge|spd|1
|-damage|p2a: Ceruledge|23/100|[from] item: Rocky Helmet|[of] p1a: Swampert
|
|upkeep
|turn|12
|
|t:|1760430049
|switch|p2a: Corviknight|Corviknight, F, shiny|100/100
|-ability|p2a: Corviknight|Pressure
|move|p1a: Swampert|Knock Off|p2a: Corviknight
|-damage|p2a: Corviknight|79/100
|-damage|p1a: Swampert|46/100|[from] item: Rocky Helmet|[of] p2a: Corviknight
|-enditem|p2a: Corviknight|Rocky Helmet|[from] move: Knock Off|[of] p1a: Swampert
|
|upkeep
|turn|13
|
|t:|1760430061
|move|p2a: Corviknight|U-turn|p1a: Swampert
|-damage|p1a: Swampert|33/100
|-damage|p2a: Corviknight|63/100|[from] item: Rocky Helmet|[of] p1a: Swampert
|
|t:|1760430064
|switch|p2a: Slowking|Slowking-Galar, F|43/100|[from] U-turn
|move|p1a: Swampert|Liquidation|p2a: Slowking
|-damage|p2a: Slowking|0 fnt
|faint|p2a: Slowking
|
|upkeep
|
|t:|1760430071
|switch|p2a: Great Tusk|Great Tusk|100/100
|turn|14
|
|t:|1760430077
|move|p2a: Great Tusk|Headlong Rush|p1a: Swampert
|-damage|p1a: Swampert|0 fnt
|-unboost|p2a: Great Tusk|def|1
|-unboost|p2a: Great Tusk|spd|1
|-damage|p2a: Great Tusk|84/100|[from] item: Rocky Helmet|[of] p1a: Swampert
|faint|p1a: Swampert
|
|-heal|p2a: Great Tusk|90/100|[from] item: Leftovers
|upkeep
|
|t:|1760430097
|switch|p1a: Salamence|Salamence, F|100/100
|turn|15
|
|t:|1760430107
|-end|p2a: Great Tusk|Protosynthesis|[silent]
|switch|p2a: Corviknight|Corviknight, F, shiny|63/100
|-ability|p2a: Corviknight|Pressure
|-terastallize|p1a: Salamence|Steel
|move|p1a: Salamence|Dragon Dance|p1a: Salamence
|-boost|p1a: Salamence|atk|1
|-boost|p1a: Salamence|spe|1
|
|upkeep
|turn|16
|
|t:|1760430117
|switch|p1a: Arcanine|Arcanine, M|30/100
|-ability|p1a: Arcanine|Intimidate|boost
|-unboost|p2a: Corviknight|atk|1
|move|p2a: Corviknight|U-turn|p1a: Arcanine
|-resisted|p1a: Arcanine
|-damage|p1a: Arcanine|23/100
|
|t:|1760430122
|switch|p2a: Great Tusk|Great Tusk|90/100|[from] U-turn
|
|-heal|p2a: Great Tusk|96/100|[from] item: Leftovers
|upkeep
|turn|17
|
|t:|1760430128
|move|p1a: Arcanine|Play Rough|p2a: Great Tusk
|-supereffective|p2a: Great Tusk
|-damage|p2a: Great Tusk|36/100
|move|p2a: Great Tusk|Stealth Rock|p1a: Arcanine
|-sidestart|p1: slash_poke|move: Stealth Rock
|
|-heal|p2a: Great Tusk|43/100|[from] item: Leftovers
|upkeep
|turn|18
|
|t:|1760430133
|-end|p2a: Great Tusk|Protosynthesis|[silent]
|switch|p2a: Corviknight|Corviknight, F, shiny|63/100
|-ability|p2a: Corviknight|Pressure
|move|p1a: Arcanine|Play Rough|p2a: Corviknight|[miss]
|-miss|p1a: Arcanine|p2a: Corviknight
|
|upkeep
|turn|19
|
|t:|1760430140
|switch|p1a: Salamence|Salamence, F, tera:Steel|100/100
|move|p2a: Corviknight|U-turn|p1a: Salamence
|-resisted|p1a: Salamence
|-damage|p1a: Salamence|91/100
|
|t:|1760430146
|switch|p2a: Ceruledge|Ceruledge, F|23/100|[from] U-turn
|
|upkeep
|turn|20
|
|t:|1760430150
|switch|p1a: Arcanine|Arcanine, M|23/100
|-damage|p1a: Arcanine|0 fnt|[from] Stealth Rock
|faint|p1a: Arcanine
|move|p2a: Ceruledge|Bitter Blade|p1: Arcanine|[notarget]
|-fail|p2a: Ceruledge
|
|upkeep
|
|t:|1760430159
|switch|p1a: Gardevoir|Gardevoir, M|100/100
|-damage|p1a: Gardevoir|88/100|[from] Stealth Rock
|-ability|p1a: Gardevoir|Weak Armor|Trace|[from] ability: Trace|[of] p2a: Ceruledge
|turn|21
|
|t:|1760430171
|switch|p2a: Corviknight|Corviknight, F, shiny|63/100
|-ability|p2a: Corviknight|Pressure
|move|p1a: Gardevoir|Mystical Fire|p2a: Corviknight
|-supereffective|p2a: Corviknight
|-damage|p2a: Corviknight|5/100
|-unboost|p2a: Corviknight|spa|1
|
|upkeep
|turn|22
|
|t:|1760430178
|switch|p2a: Primarina|Primarina, M|50/100
|move|p1a: Gardevoir|Mystical Fire|p2a: Primarina
|-resisted|p2a: Primarina
|-damage|p2a: Primarina|43/100
|-unboost|p2a: Primarina|spa|1
|
|upkeep
|turn|23
|
|t:|1760430184
|switch|p1a: Salamence|Salamence, F, tera:Steel|91/100
|move|p2a: Primarina|Sparkling Aria|p1a: Salamence
|-damage|p1a: Salamence|51/100
|
|upkeep
|turn|24
|
|t:|1760430187
|move|p1a: Salamence|Dragon Dance|p1a: Salamence
|-boost|p1a: Salamence|atk|1
|-boost|p1a: Salamence|spe|1
|move|p2a: Primarina|Alluring Voice|p1a: Salamence
|-resisted|p1a: Salamence
|-damage|p1a: Salamence|33/100
|-start|p1a: Salamence|confusion
|
|upkeep
|turn|25
|
|t:|1760430197
|-activate|p1a: Salamence|confusion
|move|p1a: Salamence|Earthquake|p2a: Primarina
|-damage|p2a: Primarina|0 fnt
|faint|p2a: Primarina
|-ability|p1a: Salamence|Moxie|boost
|-boost|p1a: Salamence|atk|1
|
|upkeep
|
|t:|1760430207
|switch|p2a: Corviknight|Corviknight, F, shiny|5/100
|-ability|p2a: Corviknight|Pressure
|turn|26
|
|t:|1760430211
|-activate|p1a: Salamence|confusion
|move|p1a: Salamence|Dragon Claw|p2a: Corviknight
|-resisted|p2a: Corviknight
|-damage|p2a: Corviknight|0 fnt
|faint|p2a: Corviknight
|-ability|p1a: Salamence|Moxie|boost
|-boost|p1a: Salamence|atk|1
|
|upkeep
|
|t:|1760430221
|switch|p2a: Ceruledge|Ceruledge, F|23/100
|turn|27
|
|t:|1760430229
|move|p2a: Ceruledge|Shadow Sneak|p1a: Salamence
|-damage|p1a: Salamence|7/100
|-activate|p1a: Salamence|confusion
|-damage|p1a: Salamence|0 fnt|[from] confusion
|faint|p1a: Salamence
|
|upkeep
|
|t:|1760430234
|switch|p1a: Gardevoir|Gardevoir, M|88/100
|-damage|p1a: Gardevoir|76/100|[from] Stealth Rock
|-ability|p1a: Gardevoir|Weak Armor|Trace|[from] ability: Trace|[of] p2a: Ceruledge
|turn|28
|
|t:|1760430239
|move|p2a: Ceruledge|Shadow Sneak|p1a: Gardevoir
|-supereffective|p1a: Gardevoir
|-damage|p1a: Gardevoir|9/100
|-ability|p1a: Gardevoir|Weak Armor|boost
|-unboost|p1a: Gardevoir|def|1
|-boost|p1a: Gardevoir|spe|2
|move|p1a: Gardevoir|Moonblast|p2a: Ceruledge
|-resisted|p2a: Ceruledge
|-damage|p2a: Ceruledge|0 fnt
|faint|p2a: Ceruledge
|
|upkeep
|
|t:|1760430245
|switch|p2a: Great Tusk|Great Tusk|43/100
|turn|29
|
|t:|1760430248
|move|p1a: Gardevoir|Moonblast|p2a: Great Tusk
|-supereffective|p2a: Great Tusk
|-damage|p2a: Great Tusk|0 fnt
|faint|p2a: Great Tusk
|-end|p2a: Great Tusk|Protosynthesis|[silent]
|
|upkeep
|
|t:|1760430249
|switch|p2a: Glaceon|Glaceon, F, shiny, tera:Grass|51/100 par
|turn|30
|
|t:|1760430252
|move|p1a: Gardevoir|Moonblast|p2a: Glaceon
|-damage|p2a: Glaceon|0 fnt
|faint|p2a: Glaceon
|
|win|slash_poke
|raw|slash_poke's rating: 1277 &rarr; <strong>1303</strong><br />(+26 for winning)
|raw|Exiowf's rating: 1284 &rarr; <strong>1258</strong><br />(-26 for losing)
|l|☆Exiowf
|player|p2|
|c|☆slash_poke|ggs
|l|☆slash_poke
|player|p1|
