|j|☆310YM4N74N3R0
|j|☆Visiting Goat
|t:|1760303130
|gametype|singles
|player|p1|310YM4N74N3R0|pokemonrangerf|1445
|player|p2|Visiting Goat|alec-anime|1511
|gen|9
|tier|[Gen 9] OU
|rated|
|rule|HP Percentage Mod: HP is shown in percentages
|rule|Endless Battle Clause: Forcing endless battles is banned
|rule|Species Clause: Limit one of each Pokémon
|rule|OHKO Clause: OHKO moves are banned
|rule|Evasion Items Clause: Evasion items are banned
|rule|Evasion Moves Clause: Evasion moves are banned
|rule|Evasion Abilities Clause: Evasion abilities are banned
|rule|Sleep Moves Clause: Sleep-inducing moves are banned
|clearpoke
|poke|p1|Yanmega, F|
|poke|p1|Indeedee, M|
|poke|p1|Rillaboom, F|
|poke|p1|Blaziken, M|
|poke|p1|Blastoise, M|
|poke|p1|Tyranitar, F|
|poke|p2|Iron Valiant|
|poke|p2|Sinistcha|
|poke|p2|Enamorus, F|
|poke|p2|Zapdos|
|poke|p2|Iron Treads|
|poke|p2|Raging Bolt|
|teampreview
|inactive|Battle timer is ON: inactive players will automatically lose when time's up. (requested by Visiting Goat)
|c|☆Visiting Goat|glhf
|
|t:|1760303146
|teamsize|p1|6
|teamsize|p2|6
|start
|switch|p1a: Blaziken|Blaziken, M|100/100
|switch|p2a: Raging Bolt|Raging Bolt|100/100
|turn|1
|
|t:|1760303155
|move|p1a: Blaziken|Earthquake|p2a: Raging Bolt
|-supereffective|p2a: Raging Bolt
|-damage|p2a: Raging Bolt|28/100
|move|p2a: Raging Bolt|Volt Switch|p1a: Blaziken
|-damage|p1a: Blaziken|42/100
|
|t:|1760303168
|-end|p2a: Raging Bolt|Protosynthesis|[silent]
|switch|p2a: Enamorus|Enamorus, F|100/100|[from] Volt Switch
|
|-ability|p1a: Blaziken|Speed Boost|boost
|-boost|p1a: Blaziken|spe|1
|upkeep
|turn|2
|
|t:|1760303178
|move|p2a: Enamorus|Moonblast|p1a: Blaziken
|-damage|p1a: Blaziken|0 fnt
|faint|p1a: Blaziken
|
|upkeep
|
|t:|1760303186
|switch|p1a: Blastoise|Blastoise, M|100/100
|turn|3
|
|t:|1760303194
|switch|p2a: Raging Bolt|Raging Bolt|28/100
|move|p1a: Blastoise|Shell Smash|p1a: Blastoise
|-unboost|p1a: Blastoise|def|1
|-unboost|p1a: Blastoise|spd|1
|-boost|p1a: Blastoise|atk|2
|-boost|p1a: Blastoise|spa|2
|-boost|p1a: Blastoise|spe|2
|
|upkeep
|turn|4
|
|t:|1760303200
|-terastallize|p1a: Blastoise|Grass
|move|p2a: Raging Bolt|Thunderclap|p1a: Blastoise
|-resisted|p1a: Blastoise
|-damage|p1a: Blastoise|67/100
|move|p1a: Blastoise|Ice Beam|p2a: Raging Bolt
|-supereffective|p2a: Raging Bolt
|-crit|p2a: Raging Bolt
|-damage|p2a: Raging Bolt|0 fnt
|faint|p2a: Raging Bolt
|-end|p2a: Raging Bolt|Protosynthesis|[silent]
|-damage|p1a: Blastoise|57/100|[from] item: Life Orb
|
|upkeep
|inactive|Visiting Goat has 120 seconds left.
|inactive|Visiting Goat has 90 seconds left.
|inactive|Visiting Goat has 60 seconds left.
|
|t:|1760303298
|switch|p2a: Zapdos|Zapdos|100/100
|turn|5
|
|t:|1760303301
|-terastallize|p2a: Zapdos|Steel
|move|p1a: Blastoise|Hydro Pump|p2a: Zapdos
|-damage|p2a: Zapdos|0 fnt
|faint|p2a: Zapdos
|-damage|p1a: Blastoise|48/100|[from] item: Life Orb
|
|upkeep
|
|t:|1760303313
|switch|p2a: Sinistcha|Sinistcha|100/100
|turn|6
|
|t:|1760303318
|switch|p2a: Iron Treads|Iron Treads|100/100
|move|p1a: Blastoise|Ice Beam|p2a: Iron Treads
|-damage|p2a: Iron Treads|32/100
|-damage|p1a: Blastoise|38/100|[from] item: Life Orb
|
|-heal|p2a: Iron Treads|38/100|[from] item: Leftovers
|upkeep
|turn|7
|
|t:|1760303325
|move|p1a: Blastoise|Ice Beam|p2a: Iron Treads
|-damage|p2a: Iron Treads|0 fnt
|faint|p2a: Iron Treads
|-end|p2a: Iron Treads|Quark Drive|[silent]
|-damage|p1a: Blastoise|28/100|[from] item: Life Orb
|
|upkeep
|
|t:|1760303340
|switch|p2a: Iron Valiant|Iron Valiant|100/100
|-enditem|p2a: Iron Valiant|Booster Energy
|-activate|p2a: Iron Valiant|ability: Quark Drive|[fromitem]
|-start|p2a: Iron Valiant|quarkdrivespe
|turn|8
|
|t:|1760303351
|move|p2a: Iron Valiant|Moonblast|p1a: Blastoise
|-damage|p1a: Blastoise|0 fnt
|faint|p1a: Blastoise
|
|upkeep
|
|t:|1760303362
|switch|p1a: Indeedee|Indeedee, M|100/100
|-fieldstart|move: Psychic Terrain|[from] ability: Psychic Surge|[of] p1a: Indeedee
|turn|9
|inactive|Visiting Goat has 90 seconds left.
|
|t:|1760303392
|move|p2a: Iron Valiant|Moonblast|p1a: Indeedee
|-damage|p1a: Indeedee|33/100
|-unboost|p1a: Indeedee|spa|1
|move|p1a: Indeedee|Expanding Force|p2a: Iron Valiant
|-supereffective|p2a: Iron Valiant
|-damage|p2a: Iron Valiant|0 fnt
|faint|p2a: Iron Valiant
|-end|p2a: Iron Valiant|Quark Drive|[silent]
|
|upkeep
|
|t:|1760303400
|switch|p2a: Sinistcha|Sinistcha|100/100
|turn|10
|
|t:|1760303405
|switch|p1a: Yanmega|Yanmega, F|100/100
|move|p2a: Sinistcha|Calm Mind|p2a: Sinistcha
|-boost|p2a: Sinistcha|spa|1
|-boost|p2a: Sinistcha|spd|1
|
|upkeep
|turn|11
|inactive|Visiting Goat has 90 seconds left.
|
|t:|1760303413
|move|p1a: Yanmega|Bug Buzz|p2a: Sinistcha
|-damage|p2a: Sinistcha|61/100
|-enditem|p1a: Yanmega|Throat Spray
|-boost|p1a: Yanmega|spa|1|[from] item: Throat Spray
|move|p2a: Sinistcha|Calm Mind|p2a: Sinistcha
|-boost|p2a: Sinistcha|spa|1
|-boost|p2a: Sinistcha|spd|1
|
|-ability|p1a: Yanmega|Speed Boost|boost
|-boost|p1a: Yanmega|spe|1
|upkeep
|turn|12
|
|t:|1760303420
|move|p1a: Yanmega|Air Slash|p2a: Sinistcha
|-supereffective|p2a: Sinistcha
|-damage|p2a: Sinistcha|0 fnt
|faint|p2a: Sinistcha
|
|-ability|p1a: Yanmega|Speed Boost|boost
|-boost|p1a: Yanmega|spe|1
|upkeep
|
|t:|1760303424
|switch|p2a: Enamorus|Enamorus, F|100/100
|turn|13
|
|t:|1760303428
|move|p1a: Yanmega|Air Slash|p2a: Enamorus
|-damage|p2a: Enamorus|22/100
|move|p2a: Enamorus|Moonblast|p1a: Yanmega
|-damage|p1a: Yanmega|5/100
|-unboost|p1a: Yanmega|spa|1
|
|-fieldend|move: Psychic Terrain
|-ability|p1a: Yanmega|Speed Boost|boost
|-boost|p1a: Yanmega|spe|1
|upkeep
|turn|14
|-message|Visiting Goat forfeited.
|
|win|310YM4N74N3R0
|raw|310YM4N74N3R0's rating: 1445 &rarr; <strong>1469</strong><br />(+24 for winning)
|raw|Visiting Goat's rating: 1511 &rarr; <strong>1487</strong><br />(-24 for losing)
|l|☆Visiting Goat
|player|p2|
|l|☆310YM4N74N3R0
|player|p1|
