|j|☆Grem1234567
|j|☆SCiZ0rking
|t:|1760446841
|gametype|singles
|player|p1|Grem1234567|2|1356
|player|p2|SCiZ0rking|hiker-gen4|1376
|gen|9
|tier|[Gen 9] OU
|rated|
|rule|HP Percentage Mod: HP is shown in percentages
|rule|Endless Battle Clause: Forcing endless battles is banned
|rule|Species Clause: Limit one of each Pokémon
|rule|OHKO Clause: OHKO moves are banned
|rule|Evasion Items Clause: Evasion items are banned
|rule|Evasion Moves Clause: Evasion moves are banned
|rule|Evasion Abilities Clause: Evasion abilities are banned
|rule|Sleep Moves Clause: Sleep-inducing moves are banned
|clearpoke
|poke|p1|Pecharunt|
|poke|p1|Zapdos|
|poke|p1|Araquanid, F|
|poke|p1|Ogerpon-Wellspring, F|
|poke|p1|Iron Treads|
|poke|p1|Cinderace, F|
|poke|p2|Raging Bolt|
|poke|p2|Slowking-Galar, M|
|poke|p2|Meowscarada, M|
|poke|p2|Scizor, M|
|poke|p2|Cinderace, M|
|poke|p2|Gliscor, M|
|teampreview
|inactive|Battle timer is ON: inactive players will automatically lose when time's up. (requested by SCiZ0rking)
|
|t:|1760446854
|teamsize|p1|6
|teamsize|p2|6
|start
|switch|p1a: Iron Treads|Iron Treads|100/100
|switch|p2a: Meowscarada|Meowscarada, M|100/100
|turn|1
|
|t:|1760446859
|move|p2a: Meowscarada|U-turn|p1a: Iron Treads
|-start|p2a: Meowscarada|typechange|Bug|[from] ability: Protean
|-resisted|p1a: Iron Treads
|-damage|p1a: Iron Treads|79/100
|
|t:|1760446865
|switch|p2a: Cinderace|Cinderace, M|100/100|[from] U-turn
|move|p1a: Iron Treads|Knock Off|p2a: Cinderace
|-damage|p2a: Cinderace|68/100
|-enditem|p2a: Cinderace|Heavy-Duty Boots|[from] move: Knock Off|[of] p1a: Iron Treads
|
|upkeep
|turn|2
|
|t:|1760446876
|-end|p1a: Iron Treads|Quark Drive|[silent]
|switch|p1a: Zapdos|Zapdos|100/100
|move|p2a: Cinderace|Pyro Ball|p1a: Zapdos|[miss]
|-miss|p2a: Cinderace|p1a: Zapdos
|
|upkeep
|turn|3
|
|t:|1760446882
|switch|p2a: Slowking|Slowking-Galar, M|100/100
|move|p1a: Zapdos|Hurricane|p2a: Slowking
|-damage|p2a: Slowking|68/100
|-start|p2a: Slowking|confusion
|
|upkeep
|turn|4
|
|t:|1760446891
|move|p1a: Zapdos|Discharge|p2a: Slowking
|-damage|p2a: Slowking|41/100
|-status|p2a: Slowking|par
|-prepare|p2a: Slowking|Chilly Reception|[premajor]
|-activate|p2a: Slowking|confusion
|move|p2a: Slowking|Chilly Reception|p2a: Slowking
|-weather|Snowscape
|
|t:|1760446895
|switch|p2a: Gliscor|Gliscor, M|100/100|[from] Chilly Reception
|
|-weather|Snowscape|[upkeep]
|-status|p2a: Gliscor|tox|[from] item: Toxic Orb
|upkeep
|turn|5
|
|t:|1760446900
|switch|p1a: Pecharunt|Pecharunt|100/100
|move|p2a: Gliscor|Stealth Rock|p1a: Pecharunt
|-sidestart|p1: Grem1234567|move: Stealth Rock
|
|-weather|Snowscape|[upkeep]
|upkeep
|turn|6
|
|t:|1760446904
|move|p2a: Gliscor|U-turn|p1a: Pecharunt
|-resisted|p1a: Pecharunt
|-damage|p1a: Pecharunt|98/100
|
|t:|1760446913
|switch|p2a: Slowking|Slowking-Galar, M|75/100 par|[from] U-turn
|move|p1a: Pecharunt|Nasty Plot|p1a: Pecharunt
|-boost|p1a: Pecharunt|spa|2
|
|-weather|Snowscape|[upkeep]
|-heal|p1a: Pecharunt|100/100|[from] item: Leftovers
|upkeep
|turn|7
|
|t:|1760446918
|move|p1a: Pecharunt|Hex|p2a: Slowking
|-supereffective|p2a: Slowking
|-damage|p2a: Slowking|0 fnt
|faint|p2a: Slowking
|
|-weather|Snowscape|[upkeep]
|upkeep
|
|t:|1760446928
|switch|p2a: Meowscarada|Meowscarada, M|100/100
|turn|8
|
|t:|1760446935
|move|p2a: Meowscarada|Knock Off|p1a: Pecharunt
|-start|p2a: Meowscarada|typechange|Dark|[from] ability: Protean
|-supereffective|p1a: Pecharunt
|-damage|p1a: Pecharunt|19/100
|-enditem|p1a: Pecharunt|Leftovers|[from] move: Knock Off|[of] p2a: Meowscarada
|move|p1a: Pecharunt|Recover|p1a: Pecharunt
|-heal|p1a: Pecharunt|69/100
|
|-weather|none
|upkeep
|turn|9
|
|t:|1760446945
|move|p2a: Meowscarada|Knock Off|p1a: Pecharunt
|-supereffective|p1a: Pecharunt
|-damage|p1a: Pecharunt|18/100
|move|p1a: Pecharunt|Recover|p1a: Pecharunt
|-heal|p1a: Pecharunt|68/100
|
|upkeep
|turn|10
|
|t:|1760446954
|move|p2a: Meowscarada|Knock Off|p1a: Pecharunt
|-supereffective|p1a: Pecharunt
|-damage|p1a: Pecharunt|16/100
|move|p1a: Pecharunt|Malignant Chain|p2a: Meowscarada
|-damage|p2a: Meowscarada|0 fnt
|faint|p2a: Meowscarada
|
|upkeep
|
|t:|1760446968
|switch|p2a: Raging Bolt|Raging Bolt|100/100
|turn|11
|
|t:|1760446973
|move|p2a: Raging Bolt|Draco Meteor|p1a: Pecharunt
|-damage|p1a: Pecharunt|0 fnt
|-unboost|p2a: Raging Bolt|spa|2
|faint|p1a: Pecharunt
|
|upkeep
|
|t:|1760446987
|switch|p1a: Araquanid|Araquanid, F|100/100
|-damage|p1a: Araquanid|76/100|[from] Stealth Rock
|turn|12
|
|t:|1760446997
|-end|p2a: Raging Bolt|Protosynthesis|[silent]
|switch|p2a: Scizor|Scizor, M|100/100
|move|p1a: Araquanid|Sticky Web|p2a: Scizor
|-sidestart|p2: SCiZ0rking|move: Sticky Web
|
|upkeep
|turn|13
|
|t:|1760447001
|move|p2a: Scizor|Swords Dance|p2a: Scizor
|-boost|p2a: Scizor|atk|2
|move|p1a: Araquanid|Liquidation|p2a: Scizor
|-damage|p2a: Scizor|26/100
|-unboost|p2a: Scizor|def|1
|
|upkeep
|turn|14
|
|t:|1760447014
|switch|p1a: Zapdos|Zapdos|100/100
|-damage|p1a: Zapdos|76/100|[from] Stealth Rock
|-terastallize|p2a: Scizor|Steel
|move|p2a: Scizor|Bullet Punch|p1a: Zapdos
|-resisted|p1a: Zapdos
|-damage|p1a: Zapdos|19/100
|-damage|p2a: Scizor|10/100|[from] item: Rocky Helmet|[of] p1a: Zapdos
|-status|p2a: Scizor|par|[from] ability: Static|[of] p1a: Zapdos
|-damage|p2a: Scizor|0 fnt|[from] item: Life Orb
|faint|p2a: Scizor
|
|upkeep
|
|t:|1760447033
|switch|p2a: Raging Bolt|Raging Bolt|100/100
|-activate|p2a: Raging Bolt|move: Sticky Web
|-unboost|p2a: Raging Bolt|spe|1
|turn|15
|
|t:|1760447048
|move|p1a: Zapdos|Hurricane|p2a: Raging Bolt
|-resisted|p2a: Raging Bolt
|-damage|p2a: Raging Bolt|72/100
|move|p2a: Raging Bolt|Draco Meteor|p1a: Zapdos
|-damage|p1a: Zapdos|0 fnt
|-unboost|p2a: Raging Bolt|spa|2
|faint|p1a: Zapdos
|
|upkeep
|
|t:|1760447058
|switch|p1a: Ogerpon|Ogerpon-Wellspring, F|100/100
|-damage|p1a: Ogerpon|88/100|[from] Stealth Rock
|turn|16
|
|t:|1760447065
|-terastallize|p1a: Ogerpon|Water
|detailschange|p1a: Ogerpon|Ogerpon-Wellspring-Tera, F, tera:Water
|-ability|p1a: Ogerpon|Embody Aspect (Wellspring)|boost
|-boost|p1a: Ogerpon|spd|1
|move|p1a: Ogerpon|Swords Dance|p1a: Ogerpon
|-boost|p1a: Ogerpon|atk|2
|move|p2a: Raging Bolt|Draco Meteor|p1a: Ogerpon
|-damage|p1a: Ogerpon|42/100
|-unboost|p2a: Raging Bolt|spa|2
|
|upkeep
|turn|17
|
|t:|1760447073
|move|p1a: Ogerpon|Play Rough|p2a: Raging Bolt
|-supereffective|p2a: Raging Bolt
|-damage|p2a: Raging Bolt|0 fnt
|faint|p2a: Raging Bolt
|-end|p2a: Raging Bolt|Protosynthesis|[silent]
|
|upkeep
|
|t:|1760447074
|switch|p2a: Cinderace|Cinderace, M|68/100
|-activate|p2a: Cinderace|move: Sticky Web
|-unboost|p2a: Cinderace|spe|1
|turn|18
|
|t:|1760447078
|move|p2a: Cinderace|Sucker Punch|p1a: Ogerpon
|-start|p2a: Cinderace|typechange|Dark|[from] ability: Libero
|-damage|p1a: Ogerpon|0 fnt
|faint|p1a: Ogerpon
|detailschange|p1: Ogerpon|Ogerpon-Wellspring, F|[silent]
|
|upkeep
|
|t:|1760447083
|switch|p1a: Araquanid|Araquanid, F|76/100
|-damage|p1a: Araquanid|51/100|[from] Stealth Rock
|turn|19
|
|t:|1760447099
|move|p2a: Cinderace|Pyro Ball|p1a: Araquanid
|-damage|p1a: Araquanid|29/100
|move|p1a: Araquanid|Leech Life|p2a: Cinderace
|-supereffective|p2a: Cinderace
|-damage|p2a: Cinderace|0 fnt
|-heal|p1a: Araquanid|59/100|[from] drain|[of] p2a: Cinderace
|faint|p2a: Cinderace
|
|upkeep
|
|t:|1760447101
|switch|p2a: Gliscor|Gliscor, M|100/100 tox
|turn|20
|
|t:|1760447104
|move|p2a: Gliscor|Toxic|p1a: Araquanid
|-status|p1a: Araquanid|tox
|move|p1a: Araquanid|Liquidation|p2a: Gliscor
|-supereffective|p2a: Gliscor
|-damage|p2a: Gliscor|0 fnt
|faint|p2a: Gliscor
|
|win|Grem1234567
|raw|Grem1234567's rating: 1356 &rarr; <strong>1377</strong><br />(+21 for winning)
|raw|SCiZ0rking's rating: 1376 &rarr; <strong>1355</strong><br />(-21 for losing)
|l|☆SCiZ0rking
|player|p2|
