|j|☆ChuckMaurice14100
|j|☆jxrx
|t:|1760451240
|gametype|singles
|player|p1|ChuckMaurice14100|guitarist-gen4|1196
|player|p2|jxrx|norman|1245
|gen|9
|tier|[Gen 9] OU
|rated|
|rule|HP Percentage Mod: HP is shown in percentages
|rule|Endless Battle Clause: Forcing endless battles is banned
|rule|Species Clause: Limit one of each Pokémon
|rule|OHKO Clause: OHKO moves are banned
|rule|Evasion Items Clause: Evasion items are banned
|rule|Evasion Moves Clause: Evasion moves are banned
|rule|Evasion Abilities Clause: Evasion abilities are banned
|rule|Sleep Moves Clause: Sleep-inducing moves are banned
|clearpoke
|poke|p1|Moltres|
|poke|p1|Heatran, M|
|poke|p1|Landorus-Therian, M|
|poke|p1|Rotom-Wash|
|poke|p1|Jirachi|
|poke|p1|Zapdos|
|poke|p2|Heracross, M|
|poke|p2|Empoleon, M|
|poke|p2|Dragapult, M|
|poke|p2|Electivire, M|
|poke|p2|Moltres|
|poke|p2|Iron Treads|
|teampreview
|inactive|Battle timer is ON: inactive players will automatically lose when time's up. (requested by ChuckMaurice14100)
|
|t:|1760451262
|teamsize|p1|6
|teamsize|p2|6
|start
|switch|p1a: Rotom|Rotom-Wash|100/100
|switch|p2a: Heracross|Heracross, M|100/100
|turn|1
|
|t:|1760451270
|move|p1a: Rotom|Thunderbolt|p2a: Heracross
|-damage|p2a: Heracross|55/100
|move|p2a: Heracross|Knock Off|p1a: Rotom
|-damage|p1a: Rotom|54/100
|-enditem|p1a: Rotom|Choice Scarf|[from] move: Knock Off|[of] p2a: Heracross
|
|upkeep
|turn|2
|
|t:|1760451283
|move|p1a: Rotom|Trick|p2a: Heracross
|-activate|p1a: Rotom|move: Trick|[of] p2a: Heracross
|-enditem|p2a: Heracross|Loaded Dice|[silent]|[from] move: Trick
|-item|p1a: Rotom|Loaded Dice|[from] move: Trick
|move|p2a: Heracross|Knock Off|p1a: Rotom
|-damage|p1a: Rotom|7/100
|-enditem|p1a: Rotom|Loaded Dice|[from] move: Knock Off|[of] p2a: Heracross
|
|upkeep
|turn|3
|
|t:|1760451290
|move|p1a: Rotom|Hydro Pump|p2a: Heracross
|-damage|p2a: Heracross|0 fnt
|faint|p2a: Heracross
|
|upkeep
|
|t:|1760451298
|switch|p2a: Electivire|Electivire, M|100/100
|turn|4
|
|t:|1760451303
|move|p2a: Electivire|Ice Punch|p1a: Rotom
|-resisted|p1a: Rotom
|-damage|p1a: Rotom|0 fnt
|faint|p1a: Rotom
|-damage|p2a: Electivire|91/100|[from] item: Life Orb
|
|upkeep
|
|t:|1760451316
|switch|p1a: Moltres|Moltres|100/100
|turn|5
|
|t:|1760451323
|switch|p2a: Moltres|Moltres|100/100
|move|p1a: Moltres|Fire Blast|p2a: Moltres
|-resisted|p2a: Moltres
|-damage|p2a: Moltres|78/100
|
|upkeep
|turn|6
|
|t:|1760451333
|move|p1a: Moltres|Air Slash|p2a: Moltres
|-crit|p2a: Moltres
|-damage|p2a: Moltres|34/100
|cant|p2a: Moltres|flinch
|
|upkeep
|turn|7
|
|t:|1760451339
|move|p1a: Moltres|Air Slash|p2a: Moltres
|-damage|p2a: Moltres|5/100
|move|p2a: Moltres|Tailwind|p2a: Moltres
|-sidestart|p2: jxrx|move: Tailwind
|
|upkeep
|turn|8
|
|t:|1760451346
|move|p2a: Moltres|Roost|p2a: Moltres
|-heal|p2a: Moltres|55/100
|-singleturn|p2a: Moltres|move: Roost
|move|p1a: Moltres|Air Slash|p2a: Moltres
|-damage|p2a: Moltres|24/100
|
|upkeep
|turn|9
|
|t:|1760451349
|move|p2a: Moltres|U-turn|p1a: Moltres
|-resisted|p1a: Moltres
|-damage|p1a: Moltres|97/100
|
|t:|1760451352
|switch|p2a: Empoleon|Empoleon, M|100/100|[from] U-turn
|move|p1a: Moltres|Air Slash|p2a: Empoleon
|-resisted|p2a: Empoleon
|-damage|p2a: Empoleon|85/100
|
|-heal|p2a: Empoleon|91/100|[from] item: Leftovers
|upkeep
|turn|10
|
|t:|1760451361
|move|p2a: Empoleon|Agility|p2a: Empoleon
|-boost|p2a: Empoleon|spe|2
|move|p1a: Moltres|Roost|p1a: Moltres
|-heal|p1a: Moltres|100/100
|-singleturn|p1a: Moltres|move: Roost
|
|-heal|p2a: Empoleon|97/100|[from] item: Leftovers
|-sideend|p2: jxrx|move: Tailwind
|upkeep
|turn|11
|
|t:|1760451373
|move|p2a: Empoleon|Surf|p1a: Moltres
|-supereffective|p1a: Moltres
|-damage|p1a: Moltres|34/100
|move|p1a: Moltres|Air Slash|p2a: Empoleon
|-resisted|p2a: Empoleon
|-damage|p2a: Empoleon|80/100
|
|-heal|p2a: Empoleon|86/100|[from] item: Leftovers
|upkeep
|turn|12
|
|t:|1760451383
|move|p2a: Empoleon|Agility|p2a: Empoleon
|-boost|p2a: Empoleon|spe|2
|move|p1a: Moltres|Roost|p1a: Moltres
|-heal|p1a: Moltres|84/100
|-singleturn|p1a: Moltres|move: Roost
|
|-heal|p2a: Empoleon|92/100|[from] item: Leftovers
|upkeep
|turn|13
|
|t:|1760451394
|switch|p1a: Heatran|Heatran, M|100/100
|-item|p1a: Heatran|Air Balloon
|move|p2a: Empoleon|Surf|p1a: Heatran
|-supereffective|p1a: Heatran
|-damage|p1a: Heatran|20/100
|-enditem|p1a: Heatran|Air Balloon
|
|-heal|p2a: Empoleon|98/100|[from] item: Leftovers
|upkeep
|turn|14
|
|t:|1760451398
|move|p2a: Empoleon|Surf|p1a: Heatran
|-supereffective|p1a: Heatran
|-damage|p1a: Heatran|0 fnt
|faint|p1a: Heatran
|
|-heal|p2a: Empoleon|100/100|[from] item: Leftovers
|upkeep
|
|t:|1760451401
|switch|p1a: Jirachi|Jirachi|100/100
|turn|15
|
|t:|1760451421
|move|p2a: Empoleon|Surf|p1a: Jirachi
|-damage|p1a: Jirachi|56/100
|move|p1a: Jirachi|Trick|p2a: Empoleon
|-activate|p1a: Jirachi|move: Trick|[of] p2a: Empoleon
|-item|p2a: Empoleon|Choice Scarf|[from] move: Trick
|-item|p1a: Jirachi|Leftovers|[from] move: Trick
|
|-heal|p1a: Jirachi|62/100|[from] item: Leftovers
|upkeep
|turn|16
|
|t:|1760451427
|move|p2a: Empoleon|Surf|p1a: Jirachi
|-damage|p1a: Jirachi|13/100
|move|p1a: Jirachi|Energy Ball|p2a: Empoleon
|-damage|p2a: Empoleon|80/100
|
|-heal|p1a: Jirachi|19/100|[from] item: Leftovers
|upkeep
|turn|17
|
|t:|1760451434
|move|p2a: Empoleon|Surf|p1a: Jirachi
|-damage|p1a: Jirachi|0 fnt
|faint|p1a: Jirachi
|
|upkeep
|
|t:|1760451436
|switch|p1a: Zapdos|Zapdos|100/100
|turn|18
|
|t:|1760451445
|switch|p2a: Electivire|Electivire, M|91/100
|move|p1a: Zapdos|Thunderbolt|p2a: Electivire
|-ability|p2a: Electivire|Motor Drive|boost
|-boost|p2a: Electivire|spe|1
|
|upkeep
|turn|19
|
|t:|1760451449
|move|p2a: Electivire|Bulk Up|p2a: Electivire
|-boost|p2a: Electivire|atk|1
|-boost|p2a: Electivire|def|1
|move|p1a: Zapdos|Agility|p1a: Zapdos
|-boost|p1a: Zapdos|spe|2
|
|upkeep
|turn|20
|
|t:|1760451454
|move|p2a: Electivire|Ice Punch|p1a: Zapdos
|-supereffective|p1a: Zapdos
|-damage|p1a: Zapdos|4/100
|-damage|p2a: Electivire|81/100|[from] item: Life Orb
|move|p1a: Zapdos|Tera Blast|p2a: Electivire
|-damage|p2a: Electivire|44/100
|
|-heal|p1a: Zapdos|11/100|[from] item: Leftovers
|upkeep
|turn|21
|
|t:|1760451458
|-terastallize|p1a: Zapdos|Ice
|move|p2a: Electivire|Ice Punch|p1a: Zapdos
|-resisted|p1a: Zapdos
|-damage|p1a: Zapdos|0 fnt
|faint|p1a: Zapdos
|-damage|p2a: Electivire|34/100|[from] item: Life Orb
|
|upkeep
|-message|ChuckMaurice14100 forfeited.
|
|win|jxrx
|raw|ChuckMaurice14100's rating: 1196 &rarr; <strong>1175</strong><br />(-21 for losing)
|raw|jxrx's rating: 1245 &rarr; <strong>1266</strong><br />(+21 for winning)
|l|☆ChuckMaurice14100
|player|p1|
|l|☆jxrx
|player|p2|
