|j|☆saibayman
|j|☆EGmiau
|t:|1760331828
|gametype|singles
|player|p1|saibayman|170|1460
|player|p2|EGmiau|bianca|1570
|gen|9
|tier|[Gen 9] OU
|rated|
|rule|HP Percentage Mod: HP is shown in percentages
|rule|Endless Battle Clause: Forcing endless battles is banned
|rule|Species Clause: Limit one of each Pokémon
|rule|OHKO Clause: OHKO moves are banned
|rule|Evasion Items Clause: Evasion items are banned
|rule|Evasion Moves Clause: Evasion moves are banned
|rule|Evasion Abilities Clause: Evasion abilities are banned
|rule|Sleep Moves Clause: Sleep-inducing moves are banned
|clearpoke
|poke|p1|Metagross|
|poke|p1|Great Tusk|
|poke|p1|Slowking-Galar, F|
|poke|p1|Dragapult, M|
|poke|p1|Meowscarada, M|
|poke|p1|Zapdos|
|poke|p2|Gholdengo|
|poke|p2|Gliscor, M|
|poke|p2|Meowscarada, F|
|poke|p2|Dragonite, F|
|poke|p2|Slowking-Galar, F|
|poke|p2|Corviknight, F|
|teampreview
|inactive|Battle timer is ON: inactive players will automatically lose when time's up. (requested by saibayman)
|c|☆EGmiau|glhf
|
|t:|1760331840
|teamsize|p1|6
|teamsize|p2|6
|start
|switch|p1a: Metagross|Metagross|100/100
|switch|p2a: Gholdengo|Gholdengo|100/100
|turn|1
|
|t:|1760331850
|switch|p2a: Gliscor|Gliscor, M|100/100
|move|p1a: Metagross|Stealth Rock|p2a: Gliscor
|-sidestart|p2: EGmiau|move: Stealth Rock
|
|-status|p2a: Gliscor|tox|[from] item: Toxic Orb
|upkeep
|turn|2
|
|t:|1760331860
|move|p2a: Gliscor|Spikes|p1a: Metagross
|-sidestart|p1: saibayman|Spikes
|move|p1a: Metagross|Psychic Fangs|p2a: Gliscor
|-damage|p2a: Gliscor|76/100 tox
|
|-heal|p2a: Gliscor|88/100 tox|[from] ability: Poison Heal
|upkeep
|turn|3
|
|t:|1760331868
|switch|p1a: Zapdos|Zapdos|100/100
|move|p2a: Gliscor|Spikes|p1a: Zapdos
|-sidestart|p1: saibayman|Spikes
|
|-heal|p2a: Gliscor|100/100 tox|[from] ability: Poison Heal
|upkeep
|turn|4
|
|t:|1760331878
|-terastallize|p1a: Zapdos|Ice
|move|p2a: Gliscor|Protect|p2a: Gliscor
|-singleturn|p2a: Gliscor|Protect
|move|p1a: Zapdos|Tera Blast|p2a: Gliscor|[anim] Tera Blast Ice
|-activate|p2a: Gliscor|move: Protect
|
|upkeep
|turn|5
|
|t:|1760331886
|switch|p2a: Slowking|Slowking-Galar, F|100/100
|move|p1a: Zapdos|Tera Blast|p2a: Slowking|[anim] Tera Blast Ice
|-damage|p2a: Slowking|63/100
|
|upkeep
|turn|6
|
|t:|1760331892
|switch|p1a: Great Tusk|Great Tusk|100/100
|-damage|p1a: Great Tusk|84/100|[from] Spikes
|move|p2a: Slowking|Slack Off|p2a: Slowking
|-heal|p2a: Slowking|100/100
|
|-heal|p1a: Great Tusk|90/100|[from] item: Leftovers
|upkeep
|turn|7
|
|t:|1760331902
|switch|p2a: Corviknight|Corviknight, F|100/100
|-damage|p2a: Corviknight|88/100|[from] Stealth Rock
|-ability|p2a: Corviknight|Pressure
|move|p1a: Great Tusk|Earthquake|p2a: Corviknight
|-immune|p2a: Corviknight
|
|-heal|p1a: Great Tusk|96/100|[from] item: Leftovers
|upkeep
|turn|8
|
|t:|1760331912
|move|p1a: Great Tusk|Rapid Spin|p2a: Corviknight
|-resisted|p2a: Corviknight
|-damage|p2a: Corviknight|84/100
|-boost|p1a: Great Tusk|spe|1
|-damage|p1a: Great Tusk|80/100|[from] item: Rocky Helmet|[of] p2a: Corviknight
|-sideend|p1: saibayman|Spikes|[from] move: Rapid Spin|[of] p1a: Great Tusk
|move|p2a: Corviknight|Brave Bird|p1a: Great Tusk
|-supereffective|p1a: Great Tusk
|-damage|p1a: Great Tusk|43/100
|-damage|p2a: Corviknight|71/100|[from] Recoil
|
|-heal|p1a: Great Tusk|50/100|[from] item: Leftovers
|upkeep
|turn|9
|
|t:|1760331927
|-end|p1a: Great Tusk|Protosynthesis|[silent]
|switch|p1a: Metagross|Metagross|100/100
|move|p2a: Corviknight|Brave Bird|p1a: Metagross
|-resisted|p1a: Metagross
|-damage|p1a: Metagross|90/100
|-damage|p2a: Corviknight|54/100|[from] item: Rocky Helmet|[of] p1a: Metagross
|-damage|p2a: Corviknight|51/100|[from] Recoil
|
|upkeep
|turn|10
|
|t:|1760331939
|move|p1a: Metagross|Psychic Fangs|p2a: Corviknight
|-resisted|p2a: Corviknight
|-damage|p2a: Corviknight|40/100
|-damage|p1a: Metagross|73/100|[from] item: Rocky Helmet|[of] p2a: Corviknight
|move|p2a: Corviknight|Roost|p2a: Corviknight
|-heal|p2a: Corviknight|90/100
|-singleturn|p2a: Corviknight|move: Roost
|
|upkeep
|turn|11
|
|t:|1760331950
|switch|p1a: Slowking|Slowking-Galar, F|100/100
|move|p2a: Corviknight|U-turn|p1a: Slowking
|-damage|p1a: Slowking|84/100
|
|t:|1760331953
|switch|p2a: Meowscarada|Meowscarada, F|100/100|[from] U-turn
|
|upkeep
|turn|12
|
|t:|1760331962
|switch|p1a: Meowscarada|Meowscarada, M|100/100
|move|p2a: Meowscarada|Knock Off|p1a: Meowscarada
|-start|p2a: Meowscarada|typechange|Dark|[from] ability: Protean
|-resisted|p1a: Meowscarada
|-damage|p1a: Meowscarada|66/100
|-enditem|p1a: Meowscarada|Expert Belt|[from] move: Knock Off|[of] p2a: Meowscarada
|
|upkeep
|turn|13
|
|t:|1760331975
|move|p2a: Meowscarada|U-turn|p1a: Meowscarada
|-supereffective|p1a: Meowscarada
|-damage|p1a: Meowscarada|0 fnt
|faint|p1a: Meowscarada
|
|t:|1760331979
|switch|p2a: Gholdengo|Gholdengo|100/100|[from] U-turn
|-damage|p2a: Gholdengo|94/100|[from] Stealth Rock
|
|upkeep
|
|t:|1760331992
|switch|p1a: Great Tusk|Great Tusk|50/100
|turn|14
|
|t:|1760332004
|move|p2a: Gholdengo|Dazzling Gleam|p1a: Great Tusk
|-supereffective|p1a: Great Tusk
|-damage|p1a: Great Tusk|0 fnt
|faint|p1a: Great Tusk
|-end|p1a: Great Tusk|Protosynthesis|[silent]
|
|upkeep
|
|t:|1760332009
|switch|p1a: Zapdos|Zapdos, tera:Ice|100/100
|turn|15
|
|t:|1760332015
|switch|p2a: Slowking|Slowking-Galar, F|100/100
|move|p1a: Zapdos|Thunderbolt|p2a: Slowking
|-damage|p2a: Slowking|62/100
|
|upkeep
|turn|16
|
|t:|1760332021
|move|p1a: Zapdos|Thunderbolt|p2a: Slowking
|-damage|p2a: Slowking|20/100
|move|p2a: Slowking|Slack Off|p2a: Slowking
|-heal|p2a: Slowking|70/100
|
|upkeep
|turn|17
|
|t:|1760332027
|move|p1a: Zapdos|Thunderbolt|p2a: Slowking
|-damage|p2a: Slowking|27/100
|move|p2a: Slowking|Slack Off|p2a: Slowking
|-heal|p2a: Slowking|77/100
|
|upkeep
|turn|18
|
|t:|1760332033
|move|p1a: Zapdos|Thunderbolt|p2a: Slowking
|-damage|p2a: Slowking|35/100
|move|p2a: Slowking|Slack Off|p2a: Slowking
|-heal|p2a: Slowking|85/100
|
|upkeep
|turn|19
|
|t:|1760332039
|move|p1a: Zapdos|Thunderbolt|p2a: Slowking
|-damage|p2a: Slowking|46/100
|-prepare|p2a: Slowking|Chilly Reception|[premajor]
|move|p2a: Slowking|Chilly Reception|p2a: Slowking
|-weather|Snowscape
|
|t:|1760332045
|switch|p2a: Gholdengo|Gholdengo|94/100|[from] Chilly Reception
|-damage|p2a: Gholdengo|88/100|[from] Stealth Rock
|
|-weather|Snowscape|[upkeep]
|upkeep
|turn|20
|
|t:|1760332051
|move|p2a: Gholdengo|Make It Rain|p1a: Zapdos
|-supereffective|p1a: Zapdos
|-damage|p1a: Zapdos|0 fnt
|-unboost|p2a: Gholdengo|spa|1
|faint|p1a: Zapdos
|
|-weather|Snowscape|[upkeep]
|upkeep
|-message|saibayman forfeited.
|
|win|EGmiau
|raw|saibayman's rating: 1460 &rarr; <strong>1446</strong><br />(-14 for losing)
|raw|EGmiau's rating: 1570 &rarr; <strong>1584</strong><br />(+14 for winning)
|l|☆saibayman
|player|p1|
|l|☆EGmiau
|player|p2|
