|j|☆aawwa
|j|☆jop90
|t:|1760414304
|gametype|singles
|player|p1|aawwa|bianca-masters|1406
|player|p2|jop90|266|1381
|gen|9
|tier|[Gen 9] OU
|rated|
|rule|HP Percentage Mod: HP is shown in percentages
|rule|Endless Battle Clause: Forcing endless battles is banned
|rule|Species Clause: Limit one of each Pokémon
|rule|OHKO Clause: OHKO moves are banned
|rule|Evasion Items Clause: Evasion items are banned
|rule|Evasion Moves Clause: Evasion moves are banned
|rule|Evasion Abilities Clause: Evasion abilities are banned
|rule|Sleep Moves Clause: Sleep-inducing moves are banned
|clearpoke
|poke|p1|Weavile, F|
|poke|p1|Pecharunt|
|poke|p1|Ting-Lu|
|poke|p1|Tinkaton, F|
|poke|p1|Keldeo-Resolute|
|poke|p1|Dragonite, F|
|poke|p2|Araquanid, M|
|poke|p2|Scizor, M|
|poke|p2|Lokix, F|
|poke|p2|Yanmega, M|
|poke|p2|Forretress, F|
|poke|p2|Ribombee, F|
|teampreview
|inactive|Battle timer is ON: inactive players will automatically lose when time's up. (requested by aawwa)
|
|t:|1760414329
|teamsize|p1|6
|teamsize|p2|6
|start
|switch|p1a: sillie|Tinkaton, F|100/100
|switch|p2a: Lokix|Lokix, F|100/100
|-item|p1a: sillie|Air Balloon
|turn|1
|
|t:|1760414333
|switch|p2a: Forretress|Forretress, F|100/100
|move|p1a: sillie|Stealth Rock|p2a: Forretress
|-sidestart|p2: jop90|move: Stealth Rock
|
|upkeep
|turn|2
|
|t:|1760414341
|switch|p1a: goomie|Pecharunt|100/100
|move|p2a: Forretress|Rapid Spin|p1a: goomie
|-immune|p1a: goomie
|
|upkeep
|turn|3
|
|t:|1760414350
|move|p1a: goomie|Parting Shot|p2a: Forretress
|-unboost|p2a: Forretress|atk|1
|-unboost|p2a: Forretress|spa|1
|
|t:|1760414361
|switch|p1a: barnie|Dragonite, F|100/100|[from] Parting Shot
|move|p2a: Forretress|Volt Switch|p1a: barnie
|-damage|p1a: barnie|97/100
|inactive|jop90 has 120 seconds left.
|
|t:|1760414413
|switch|p2a: Ribombee|Ribombee, F|100/100|[from] Volt Switch
|-damage|p2a: Ribombee|76/100|[from] Stealth Rock
|
|upkeep
|turn|4
|
|t:|1760414421
|move|p2a: Ribombee|Moonblast|p1a: barnie
|-supereffective|p1a: barnie
|-damage|p1a: barnie|25/100
|-unboost|p1a: barnie|spa|1
|move|p1a: barnie|Hurricane|p2a: Ribombee
|-supereffective|p2a: Ribombee
|-damage|p2a: Ribombee|0 fnt
|faint|p2a: Ribombee
|
|upkeep
|
|t:|1760414437
|switch|p2a: Scizor|Scizor, M|100/100
|turn|5
|
|t:|1760414443
|switch|p1a: goomie|Pecharunt|100/100
|move|p2a: Scizor|Bullet Punch|p1a: goomie
|-damage|p1a: goomie|82/100
|
|upkeep
|turn|6
|
|t:|1760414449
|move|p1a: goomie|Parting Shot|p2a: Scizor
|-unboost|p2a: Scizor|atk|1
|-unboost|p2a: Scizor|spa|1
|
|t:|1760414459
|switch|p1a: horsie|Ting-Lu|100/100|[from] Parting Shot
|-ability|p1a: horsie|Vessel of Ruin
|move|p2a: Scizor|Defog|p1a: horsie
|-unboost|p1a: horsie|evasion|1
|-sideend|p2: jop90|Stealth Rock|[from] move: Defog|[of] p2a: Scizor
|
|upkeep
|turn|7
|inactive|jop90 has 120 seconds left.
|
|t:|1760414487
|switch|p2a: Lokix|Lokix, F|100/100
|move|p1a: horsie|Ruination|p2a: Lokix|[miss]
|-miss|p1a: horsie|p2a: Lokix
|
|upkeep
|turn|8
|
|t:|1760414493
|switch|p1a: sillie|Tinkaton, F|100/100
|-item|p1a: sillie|Air Balloon
|move|p2a: Lokix|Knock Off|p1a: sillie
|-resisted|p1a: sillie
|-damage|p1a: sillie|24/100
|-enditem|p1a: sillie|Air Balloon
|-enditem|p2a: Lokix|Choice Band|[silent]|[from] ability: Pickpocket|[of] p2a: Lokix
|-item|p1a: sillie|Choice Band|[from] ability: Pickpocket|[of] p2a: Lokix
|
|upkeep
|turn|9
|inactive|jop90 has 120 seconds left.
|
|t:|1760414505
|switch|p1a: goomie|Pecharunt|82/100
|move|p2a: Lokix|Knock Off|p1a: goomie
|-supereffective|p1a: goomie
|-damage|p1a: goomie|42/100
|-enditem|p1a: goomie|Heavy-Duty Boots|[from] move: Knock Off|[of] p2a: Lokix
|
|upkeep
|turn|10
|
|t:|1760414510
|switch|p2a: Yanmega|Yanmega, M|100/100
|move|p1a: goomie|Recover|p1a: goomie
|-heal|p1a: goomie|92/100
|
|upkeep
|turn|11
|
|t:|1760414516
|move|p2a: Yanmega|Psychic Noise|p1a: goomie
|-supereffective|p1a: goomie
|-damage|p1a: goomie|18/100
|-start|p1a: goomie|move: Heal Block
|move|p1a: goomie|Malignant Chain|p2a: Yanmega
|-damage|p2a: Yanmega|49/100
|-status|p2a: Yanmega|tox
|-start|p2a: Yanmega|confusion|[from] ability: Poison Puppeteer|[of] p1a: goomie
|
|-damage|p2a: Yanmega|43/100 tox|[from] psn
|upkeep
|turn|12
|
|t:|1760414533
|switch|p2a: Lokix|Lokix, F|100/100
|switch|p1a: chewie|Weavile, F|100/100
|-ability|p1a: chewie|Pressure
|
|upkeep
|turn|13
|
|t:|1760414545
|switch|p1a: goomie|Pecharunt|18/100
|move|p2a: Lokix|Knock Off|p1a: goomie
|-supereffective|p1a: goomie
|-damage|p1a: goomie|0 fnt
|faint|p1a: goomie
|
|upkeep
|
|t:|1760414564
|switch|p1a: ponie|Keldeo-Resolute|100/100
|turn|14
|
|t:|1760414579
|switch|p2a: Araquanid|Araquanid, M|100/100
|move|p1a: ponie|Surf|p2a: Araquanid
|-resisted|p2a: Araquanid
|-damage|p2a: Araquanid|89/100
|
|upkeep
|turn|15
|
|t:|1760414585
|switch|p1a: horsie|Ting-Lu|100/100
|-ability|p1a: horsie|Vessel of Ruin
|move|p2a: Araquanid|Liquidation|p1a: horsie
|-supereffective|p1a: horsie
|-damage|p1a: horsie|38/100
|
|-heal|p1a: horsie|44/100|[from] item: Leftovers
|upkeep
|turn|16
|
|t:|1760414593
|switch|p1a: ponie|Keldeo-Resolute|100/100
|move|p2a: Araquanid|Liquidation|p1a: ponie
|-resisted|p1a: ponie
|-damage|p1a: ponie|62/100
|
|upkeep
|turn|17
|
|t:|1760414610
|move|p1a: ponie|Secret Sword|p2a: Araquanid
|-resisted|p2a: Araquanid
|-damage|p2a: Araquanid|65/100
|move|p2a: Araquanid|Liquidation|p1a: ponie
|-resisted|p1a: ponie
|-damage|p1a: ponie|29/100
|
|upkeep
|turn|18
|
|t:|1760414615
|move|p1a: ponie|Secret Sword|p2a: Araquanid
|-resisted|p2a: Araquanid
|-damage|p2a: Araquanid|42/100
|move|p2a: Araquanid|Liquidation|p1a: ponie
|-resisted|p1a: ponie
|-damage|p1a: ponie|0 fnt
|faint|p1a: ponie
|
|upkeep
|
|t:|1760414617
|switch|p1a: barnie|Dragonite, F|25/100
|turn|19
|
|t:|1760414647
|switch|p2a: Yanmega|Yanmega, M|43/100 tox
|move|p1a: barnie|Roost|p1a: barnie
|-heal|p1a: barnie|75/100
|-singleturn|p1a: barnie|move: Roost
|
|-damage|p2a: Yanmega|37/100 tox|[from] psn
|upkeep
|turn|20
|
|t:|1760414651
|move|p1a: barnie|Extreme Speed|p2a: Yanmega
|-damage|p2a: Yanmega|0 fnt
|faint|p2a: Yanmega
|
|upkeep
|
|t:|1760414658
|switch|p2a: Lokix|Lokix, F|100/100
|turn|21
|
|t:|1760414672
|-terastallize|p2a: Lokix|Bug
|move|p2a: Lokix|First Impression|p1a: barnie
|-resisted|p1a: barnie
|-damage|p1a: barnie|19/100
|move|p1a: barnie|Hurricane|p2a: Lokix
|-supereffective|p2a: Lokix
|-damage|p2a: Lokix|0 fnt
|faint|p2a: Lokix
|
|upkeep
|
|t:|1760414686
|switch|p2a: Scizor|Scizor, M|100/100
|turn|22
|
|t:|1760414691
|switch|p1a: horsie|Ting-Lu|44/100
|-ability|p1a: horsie|Vessel of Ruin
|move|p2a: Scizor|Swords Dance|p2a: Scizor
|-boost|p2a: Scizor|atk|2
|
|-heal|p1a: horsie|50/100|[from] item: Leftovers
|upkeep
|turn|23
|
|t:|1760414705
|move|p2a: Scizor|Bullet Punch|p1a: horsie
|-damage|p1a: horsie|18/100
|move|p1a: horsie|Ruination|p2a: Scizor
|-damage|p2a: Scizor|50/100
|
|-heal|p1a: horsie|24/100|[from] item: Leftovers
|upkeep
|turn|24
|
|t:|1760414712
|move|p2a: Scizor|Bullet Punch|p1a: horsie
|-damage|p1a: horsie|0 fnt
|faint|p1a: horsie
|
|upkeep
|
|t:|1760414718
|switch|p1a: chewie|Weavile, F|100/100
|-ability|p1a: chewie|Pressure
|turn|25
|
|t:|1760414724
|switch|p2a: Forretress|Forretress, F|100/100
|-terastallize|p1a: chewie|Ghost
|move|p1a: chewie|Knock Off|p2a: Forretress
|-damage|p2a: Forretress|74/100
|-enditem|p2a: Forretress|Leftovers|[from] move: Knock Off|[of] p1a: chewie
|
|upkeep
|turn|26
|
|t:|1760414735
|switch|p1a: barnie|Dragonite, F|19/100
|move|p2a: Forretress|Gyro Ball|p1a: barnie
|-damage|p1a: barnie|0 fnt
|faint|p1a: barnie
|
|upkeep
|
|t:|1760414740
|switch|p1a: sillie|Tinkaton, F|24/100
|turn|27
|c|☆aawwa|gg
|
|t:|1760414750
|move|p1a: sillie|Thunder Wave|p2a: Forretress
|-status|p2a: Forretress|par
|move|p2a: Forretress|Gyro Ball|p1a: sillie
|-damage|p1a: sillie|0 fnt
|faint|p1a: sillie
|
|upkeep
|-message|aawwa forfeited.
|
|win|jop90
|raw|aawwa's rating: 1406 &rarr; <strong>1386</strong><br />(-20 for losing)
|raw|jop90's rating: 1398 &rarr; <strong>1418</strong><br />(+20 for winning)
|l|☆aawwa
|player|p1|
|l|☆jop90
|player|p2|
