|j|☆21212sdad
|j|☆JuliPabl
|t:|1760453872
|gametype|singles
|player|p1|21212sdad|266|1102
|player|p2|JuliPabl|youngster-gen4dp|1093
|gen|9
|tier|[Gen 9] OU
|rated|
|rule|HP Percentage Mod: HP is shown in percentages
|rule|Endless Battle Clause: Forcing endless battles is banned
|rule|Species Clause: Limit one of each Pokémon
|rule|OHKO Clause: OHKO moves are banned
|rule|Evasion Items Clause: Evasion items are banned
|rule|Evasion Moves Clause: Evasion moves are banned
|rule|Evasion Abilities Clause: Evasion abilities are banned
|rule|Sleep Moves Clause: Sleep-inducing moves are banned
|clearpoke
|poke|p1|Clodsire, M|
|poke|p1|Corviknight, F|
|poke|p1|Ogerpon-Wellspring, F|
|poke|p1|Heatran, M|
|poke|p1|Rillaboom, F|
|poke|p1|Tyranitar, F|
|poke|p2|Torterra, M|
|poke|p2|Magcargo, M|
|poke|p2|Conkeldurr, F|
|poke|p2|Krookodile, M|
|poke|p2|Magnezone|
|poke|p2|Porygon-Z|
|teampreview
|
|t:|1760453880
|teamsize|p1|6
|teamsize|p2|6
|start
|switch|p1a: Tyranitar|Tyranitar, F|100/100
|switch|p2a: Magcargo|Magcargo, M|100/100
|-weather|Sandstorm|[from] ability: Sand Stream|[of] p1a: Tyranitar
|turn|1
|
|t:|1760453890
|switch|p2a: Torterra|Torterra, M|100/100
|move|p1a: Tyranitar|Stealth Rock|p2a: Torterra
|-sidestart|p2: JuliPabl|move: Stealth Rock
|
|-weather|Sandstorm|[upkeep]
|upkeep
|turn|2
|
|t:|1760453900
|move|p1a: Tyranitar|Knock Off|p2a: Torterra
|-damage|p2a: Torterra|72/100
|-enditem|p2a: Torterra|Leftovers|[from] move: Knock Off|[of] p1a: Tyranitar
|move|p2a: Torterra|Leech Seed|p1a: Tyranitar
|-start|p1a: Tyranitar|move: Leech Seed
|
|-weather|Sandstorm|[upkeep]
|-damage|p1a: Tyranitar|88/100|[from] Leech Seed|[of] p2a: Torterra
|-heal|p2a: Torterra|85/100|[silent]
|upkeep
|turn|3
|
|t:|1760453921
|switch|p1a: Corviknight|Corviknight, F|100/100
|move|p2a: Torterra|Leech Seed|p1a: Corviknight
|-start|p1a: Corviknight|move: Leech Seed
|
|-weather|Sandstorm|[upkeep]
|-damage|p1a: Corviknight|88/100|[from] Leech Seed|[of] p2a: Torterra
|-heal|p2a: Torterra|98/100|[silent]
|upkeep
|turn|4
|
|t:|1760453931
|move|p1a: Corviknight|Iron Defense|p1a: Corviknight
|-boost|p1a: Corviknight|def|2
|move|p2a: Torterra|Stockpile|p2a: Torterra
|-start|p2a: Torterra|stockpile1
|-boost|p2a: Torterra|def|1
|-boost|p2a: Torterra|spd|1
|
|-weather|Sandstorm|[upkeep]
|-damage|p1a: Corviknight|75/100|[from] Leech Seed|[of] p2a: Torterra
|-heal|p2a: Torterra|100/100|[silent]
|upkeep
|turn|5
|
|t:|1760453944
|move|p1a: Corviknight|Iron Defense|p1a: Corviknight
|-boost|p1a: Corviknight|def|2
|move|p2a: Torterra|Stockpile|p2a: Torterra
|-start|p2a: Torterra|stockpile2
|-boost|p2a: Torterra|def|1
|-boost|p2a: Torterra|spd|1
|
|-weather|none
|-damage|p1a: Corviknight|63/100|[from] Leech Seed|[of] p2a: Torterra
|upkeep
|turn|6
|
|t:|1760453955
|move|p1a: Corviknight|Iron Defense|p1a: Corviknight
|-boost|p1a: Corviknight|def|2
|move|p2a: Torterra|Stockpile|p2a: Torterra
|-start|p2a: Torterra|stockpile3
|-boost|p2a: Torterra|def|1
|-boost|p2a: Torterra|spd|1
|
|-damage|p1a: Corviknight|50/100|[from] Leech Seed|[of] p2a: Torterra
|upkeep
|turn|7
|
|t:|1760453965
|move|p1a: Corviknight|Body Press|p2a: Torterra
|-damage|p2a: Torterra|73/100
|move|p2a: Torterra|Bulldoze|p1a: Corviknight
|-immune|p1a: Corviknight
|
|-damage|p1a: Corviknight|38/100|[from] Leech Seed|[of] p2a: Torterra
|-heal|p2a: Torterra|86/100|[silent]
|upkeep
|turn|8
|
|t:|1760453973
|move|p1a: Corviknight|Roost|p1a: Corviknight
|-heal|p1a: Corviknight|88/100
|-singleturn|p1a: Corviknight|move: Roost
|move|p2a: Torterra|Bulldoze|p1a: Corviknight
|-supereffective|p1a: Corviknight
|-damage|p1a: Corviknight|80/100
|-ability|p1a: Corviknight|Mirror Armor
|-unboost|p2a: Torterra|spe|1
|
|-damage|p1a: Corviknight|68/100|[from] Leech Seed|[of] p2a: Torterra
|-heal|p2a: Torterra|98/100|[silent]
|upkeep
|turn|9
|
|t:|1760453991
|switch|p2a: Magcargo|Magcargo, M|100/100
|-damage|p2a: Magcargo|75/100|[from] Stealth Rock
|move|p1a: Corviknight|Roost|p1a: Corviknight
|-heal|p1a: Corviknight|100/100
|-singleturn|p1a: Corviknight|move: Roost
|
|-damage|p1a: Corviknight|88/100|[from] Leech Seed|[of] p2a: Magcargo
|-heal|p2a: Magcargo|91/100|[silent]
|upkeep
|turn|10
|
|t:|1760454005
|switch|p1a: Heatran|Heatran, M|100/100
|-terastallize|p2a: Magcargo|Fire
|move|p2a: Magcargo|Lava Plume|p1a: Heatran
|-start|p1a: Heatran|ability: Flash Fire
|
|upkeep
|turn|11
|
|t:|1760454014
|move|p1a: Heatran|Earth Power|p2a: Magcargo
|-supereffective|p2a: Magcargo
|-damage|p2a: Magcargo|28/100
|-enditem|p2a: Magcargo|Sitrus Berry|[eat]
|-heal|p2a: Magcargo|53/100|[from] item: Sitrus Berry
|move|p2a: Magcargo|Stealth Rock|p1a: Heatran
|-sidestart|p1: 21212sdad|move: Stealth Rock
|
|upkeep
|turn|12
|
|t:|1760454025
|switch|p2a: Magnezone|Magnezone|100/100
|-damage|p2a: Magnezone|94/100|[from] Stealth Rock
|-item|p2a: Magnezone|Air Balloon
|move|p1a: Heatran|Earth Power|p2a: Magnezone
|-immune|p2a: Magnezone
|
|upkeep
|turn|13
|
|t:|1760454037
|move|p2a: Magnezone|Flash Cannon|p1a: Heatran
|-resisted|p1a: Heatran
|-damage|p1a: Heatran|91/100
|move|p1a: Heatran|Magma Storm|p2a: Magnezone
|-supereffective|p2a: Magnezone
|-damage|p2a: Magnezone|0 fnt
|-enditem|p2a: Magnezone|Air Balloon
|faint|p2a: Magnezone
|
|-heal|p1a: Heatran|98/100|[from] item: Leftovers
|upkeep
|
|t:|1760454049
|switch|p2a: Krookodile|Krookodile, M|100/100
|-damage|p2a: Krookodile|94/100|[from] Stealth Rock
|turn|14
|
|t:|1760454057
|-end|p1a: Heatran|ability: Flash Fire|[silent]
|switch|p1a: Rillaboom|Rillaboom, F|100/100
|-damage|p1a: Rillaboom|88/100|[from] Stealth Rock
|-fieldstart|move: Grassy Terrain|[from] ability: Grassy Surge|[of] p1a: Rillaboom
|move|p2a: Krookodile|Knock Off|p1a: Rillaboom
|-damage|p1a: Rillaboom|32/100
|-enditem|p1a: Rillaboom|Meadow Plate|[from] move: Knock Off|[of] p2a: Krookodile
|
|-heal|p2a: Krookodile|100/100|[from] Grassy Terrain
|-heal|p1a: Rillaboom|38/100|[from] Grassy Terrain
|upkeep
|turn|15
|
|t:|1760454070
|switch|p2a: Magcargo|Magcargo, M, tera:Fire|53/100
|-damage|p2a: Magcargo|28/100|[from] Stealth Rock
|move|p1a: Rillaboom|Grassy Glide|p2a: Magcargo
|-resisted|p2a: Magcargo
|-damage|p2a: Magcargo|13/100
|
|-heal|p1a: Rillaboom|44/100|[from] Grassy Terrain
|-heal|p2a: Magcargo|19/100|[from] Grassy Terrain
|upkeep
|turn|16
|
|t:|1760454084
|switch|p1a: Tyranitar|Tyranitar, F|88/100
|-damage|p1a: Tyranitar|76/100|[from] Stealth Rock
|-weather|Sandstorm|[from] ability: Sand Stream|[of] p1a: Tyranitar
|move|p2a: Magcargo|Lava Plume|p1a: Tyranitar
|-resisted|p1a: Tyranitar
|-damage|p1a: Tyranitar|67/100
|
|-weather|Sandstorm|[upkeep]
|-damage|p2a: Magcargo|13/100|[from] Sandstorm
|-heal|p1a: Tyranitar|74/100|[from] Grassy Terrain
|-heal|p2a: Magcargo|19/100|[from] Grassy Terrain
|upkeep
|turn|17
|
|t:|1760454098
|move|p1a: Tyranitar|Knock Off|p2a: Magcargo
|-damage|p2a: Magcargo|0 fnt
|faint|p2a: Magcargo
|
|-weather|Sandstorm|[upkeep]
|-heal|p1a: Tyranitar|80/100|[from] Grassy Terrain
|upkeep
|
|t:|1760454107
|switch|p2a: Conkeldurr|Conkeldurr, F|100/100
|-damage|p2a: Conkeldurr|94/100|[from] Stealth Rock
|turn|18
|
|t:|1760454116
|move|p1a: Tyranitar|Earthquake|p2a: Conkeldurr
|-damage|p2a: Conkeldurr|82/100
|move|p2a: Conkeldurr|Drain Punch|p1a: Tyranitar
|-supereffective|p1a: Tyranitar
|-damage|p1a: Tyranitar|0 fnt
|-heal|p2a: Conkeldurr|100/100|[from] drain|[of] p1a: Tyranitar
|faint|p1a: Tyranitar
|
|-weather|Sandstorm|[upkeep]
|-damage|p2a: Conkeldurr|94/100|[from] Sandstorm
|-heal|p2a: Conkeldurr|100/100|[from] Grassy Terrain
|-fieldend|move: Grassy Terrain
|upkeep
|
|t:|1760454131
|switch|p1a: Corviknight|Corviknight, F|88/100
|-damage|p1a: Corviknight|75/100|[from] Stealth Rock
|turn|19
|
|t:|1760454136
|move|p1a: Corviknight|Iron Defense|p1a: Corviknight
|-boost|p1a: Corviknight|def|2
|move|p2a: Conkeldurr|Fire Punch|p1a: Corviknight
|-supereffective|p1a: Corviknight
|-damage|p1a: Corviknight|52/100
|-damage|p2a: Conkeldurr|84/100|[from] item: Rocky Helmet|[of] p1a: Corviknight
|
|-weather|Sandstorm|[upkeep]
|-damage|p2a: Conkeldurr|78/100|[from] Sandstorm
|upkeep
|turn|20
|
|t:|1760454149
|switch|p2a: Porygon-Z|Porygon-Z|100/100
|-damage|p2a: Porygon-Z|88/100|[from] Stealth Rock
|move|p1a: Corviknight|Iron Defense|p1a: Corviknight
|-boost|p1a: Corviknight|def|2
|
|-weather|none
|upkeep
|turn|21
|
|t:|1760454158
|switch|p1a: Clodsire|Clodsire, M|100/100
|-damage|p1a: Clodsire|94/100|[from] Stealth Rock
|move|p2a: Porygon-Z|Discharge|p1a: Clodsire
|-immune|p1a: Clodsire
|
|-heal|p1a: Clodsire|100/100|[from] item: Black Sludge
|upkeep
|turn|22
|inactive|Battle timer is ON: inactive players will automatically lose when time's up. (requested by JuliPabl)
|
|t:|1760454168
|move|p2a: Porygon-Z|Psychic|p1a: Clodsire
|-supereffective|p1a: Clodsire
|-damage|p1a: Clodsire|63/100
|move|p1a: Clodsire|Toxic|p2a: Porygon-Z
|-status|p2a: Porygon-Z|tox
|
|-heal|p1a: Clodsire|69/100|[from] item: Black Sludge
|-damage|p2a: Porygon-Z|82/100 tox|[from] psn
|upkeep
|turn|23
|
|t:|1760454181
|switch|p2a: Torterra|Torterra, M|98/100
|-damage|p2a: Torterra|92/100|[from] Stealth Rock
|move|p1a: Clodsire|Recover|p1a: Clodsire
|-heal|p1a: Clodsire|100/100
|
|upkeep
|turn|24
|
|t:|1760454194
|move|p2a: Torterra|Leech Seed|p1a: Clodsire
|-start|p1a: Clodsire|move: Leech Seed
|move|p1a: Clodsire|Toxic|p2a: Torterra
|-status|p2a: Torterra|tox
|
|-damage|p1a: Clodsire|88/100|[from] Leech Seed|[of] p2a: Torterra
|-heal|p2a: Torterra|100/100 tox|[silent]
|-damage|p2a: Torterra|94/100 tox|[from] psn
|upkeep
|turn|25
|
|t:|1760454203
|move|p2a: Torterra|Leech Seed||[still]
|-fail|p2a: Torterra
|move|p1a: Clodsire|Spikes|p2a: Torterra
|-sidestart|p2: JuliPabl|Spikes
|
|-heal|p1a: Clodsire|94/100|[from] item: Black Sludge
|-damage|p1a: Clodsire|82/100|[from] Leech Seed|[of] p2a: Torterra
|-heal|p2a: Torterra|100/100 tox|[silent]
|-damage|p2a: Torterra|88/100 tox|[from] psn
|upkeep
|turn|26
|
|t:|1760454219
|switch|p2a: Porygon-Z|Porygon-Z|82/100 tox
|-damage|p2a: Porygon-Z|69/100 tox|[from] Stealth Rock
|-damage|p2a: Porygon-Z|57/100 tox|[from] Spikes
|move|p1a: Clodsire|Spikes|p2a: Porygon-Z
|-sidestart|p2: JuliPabl|Spikes
|
|-heal|p1a: Clodsire|88/100|[from] item: Black Sludge
|-damage|p1a: Clodsire|75/100|[from] Leech Seed|[of] p2a: Porygon-Z
|-heal|p2a: Porygon-Z|75/100 tox|[silent]
|-damage|p2a: Porygon-Z|69/100 tox|[from] psn
|upkeep
|turn|27
|
|t:|1760454233
|move|p2a: Porygon-Z|Tri Attack|p1a: Clodsire
|-damage|p1a: Clodsire|44/100
|-status|p1a: Clodsire|par
|move|p1a: Clodsire|Recover|p1a: Clodsire
|-heal|p1a: Clodsire|94/100 par
|
|-heal|p1a: Clodsire|99/100 par|[from] item: Black Sludge
|-damage|p1a: Clodsire|88/100 par|[from] Leech Seed|[of] p2a: Porygon-Z
|-heal|p2a: Porygon-Z|88/100 tox|[silent]
|-damage|p2a: Porygon-Z|76/100 tox|[from] psn
|upkeep
|turn|28
|
|t:|1760454246
|switch|p1a: Corviknight|Corviknight, F|52/100
|-damage|p1a: Corviknight|39/100|[from] Stealth Rock
|move|p2a: Porygon-Z|Dark Pulse|p1a: Corviknight
|-damage|p1a: Corviknight|11/100
|
|-damage|p2a: Porygon-Z|58/100 tox|[from] psn
|upkeep
|turn|29
|
|t:|1760454255
|move|p2a: Porygon-Z|Tri Attack|p1a: Corviknight
|-resisted|p1a: Corviknight
|-damage|p1a: Corviknight|0 fnt
|faint|p1a: Corviknight
|
|-damage|p2a: Porygon-Z|33/100 tox|[from] psn
|upkeep
|
|t:|1760454262
|switch|p1a: Clodsire|Clodsire, M|88/100 par
|-damage|p1a: Clodsire|82/100 par|[from] Stealth Rock
|turn|30
|
|t:|1760454266
|move|p2a: Porygon-Z|Psychic|p1a: Clodsire
|-supereffective|p1a: Clodsire
|-damage|p1a: Clodsire|41/100 par
|-unboost|p1a: Clodsire|spd|1
|move|p1a: Clodsire|Recover|p1a: Clodsire
|-heal|p1a: Clodsire|91/100 par
|
|-heal|p1a: Clodsire|97/100 par|[from] item: Black Sludge
|-damage|p2a: Porygon-Z|3/100 tox|[from] psn
|upkeep
|turn|31
|
|t:|1760454279
|move|p2a: Porygon-Z|Dark Pulse|p1a: Clodsire
|-damage|p1a: Clodsire|73/100 par
|cant|p1a: Clodsire|par
|
|-heal|p1a: Clodsire|79/100 par|[from] item: Black Sludge
|-damage|p2a: Porygon-Z|0 fnt|[from] psn
|faint|p2a: Porygon-Z
|upkeep
|inactive|JuliPabl has 120 seconds left.
|
|t:|1760454304
|switch|p2a: Conkeldurr|Conkeldurr, F|78/100
|-damage|p2a: Conkeldurr|72/100|[from] Stealth Rock
|-damage|p2a: Conkeldurr|55/100|[from] Spikes
|turn|32
|
|t:|1760454312
|move|p2a: Conkeldurr|Ice Punch|p1a: Clodsire
|-supereffective|p1a: Clodsire
|-damage|p1a: Clodsire|0 fnt
|faint|p1a: Clodsire
|
|upkeep
|
|t:|1760454317
|switch|p1a: Ogerpon|Ogerpon-Wellspring, F|100/100
|-damage|p1a: Ogerpon|88/100|[from] Stealth Rock
|turn|33
|
|t:|1760454322
|move|p1a: Ogerpon|Ivy Cudgel|p2a: Conkeldurr|[anim] Ivy Cudgel Water
|-damage|p2a: Conkeldurr|1/100
|move|p2a: Conkeldurr|Drain Punch|p1a: Ogerpon
|-damage|p1a: Ogerpon|14/100
|-heal|p2a: Conkeldurr|28/100|[from] drain|[of] p1a: Ogerpon
|
|upkeep
|turn|34
|
|t:|1760454330
|move|p2a: Conkeldurr|Mach Punch|p1a: Ogerpon
|-damage|p1a: Ogerpon|0 fnt
|faint|p1a: Ogerpon
|
|upkeep
|
|t:|1760454336
|switch|p1a: Rillaboom|Rillaboom, F|44/100
|-damage|p1a: Rillaboom|32/100|[from] Stealth Rock
|-fieldstart|move: Grassy Terrain|[from] ability: Grassy Surge|[of] p1a: Rillaboom
|turn|35
|
|t:|1760454355
|move|p1a: Rillaboom|Grassy Glide|p2a: Conkeldurr
|-damage|p2a: Conkeldurr|0 fnt
|faint|p2a: Conkeldurr
|
|-heal|p1a: Rillaboom|38/100|[from] Grassy Terrain
|upkeep
|
|t:|1760454365
|switch|p2a: Krookodile|Krookodile, M|100/100
|-damage|p2a: Krookodile|94/100|[from] Stealth Rock
|-damage|p2a: Krookodile|78/100|[from] Spikes
|turn|36
|
|t:|1760454383
|move|p1a: Rillaboom|Grassy Glide|p2a: Krookodile
|-supereffective|p2a: Krookodile
|-damage|p2a: Krookodile|0 fnt
|faint|p2a: Krookodile
|
|-heal|p1a: Rillaboom|44/100|[from] Grassy Terrain
|upkeep
|
|t:|1760454391
|switch|p2a: Torterra|Torterra, M|88/100 tox
|-damage|p2a: Torterra|82/100 tox|[from] Stealth Rock
|-damage|p2a: Torterra|66/100 tox|[from] Spikes
|turn|37
|
|t:|1760454398
|move|p1a: Rillaboom|Taunt|p2a: Torterra
|-start|p2a: Torterra|move: Taunt
|cant|p2a: Torterra|move: Taunt|Synthesis
|
|-heal|p1a: Rillaboom|50/100|[from] Grassy Terrain
|-heal|p2a: Torterra|72/100 tox|[from] Grassy Terrain
|-damage|p2a: Torterra|66/100 tox|[from] psn
|upkeep
|turn|38
|-message|JuliPabl forfeited.
|
|win|21212sdad
|raw|21212sdad's rating: 1077 &rarr; <strong>1107</strong><br />(+30 for winning)
|raw|JuliPabl's rating: 1093 &rarr; <strong>1068</strong><br />(-25 for losing)
|l|☆JuliPabl
|player|p2|
|l|☆21212sdad
|player|p1|
