|j|☆Alexzandarr
|j|☆Churrini
|t:|1760447968
|gametype|singles
|player|p1|Alexzandarr|hilbert-masters|1095
|player|p2|Churrini|morty|1120
|gen|9
|tier|[Gen 9] OU
|rated|
|rule|HP Percentage Mod: HP is shown in percentages
|rule|Endless Battle Clause: Forcing endless battles is banned
|rule|Species Clause: Limit one of each Pokémon
|rule|OHKO Clause: OHKO moves are banned
|rule|Evasion Items Clause: Evasion items are banned
|rule|Evasion Moves Clause: Evasion moves are banned
|rule|Evasion Abilities Clause: Evasion abilities are banned
|rule|Sleep Moves Clause: Sleep-inducing moves are banned
|clearpoke
|poke|p1|Araquanid, F|
|poke|p1|Landorus-Therian, M|
|poke|p1|Iron Treads|
|poke|p1|Kingambit, F|
|poke|p1|Dragapult, F|
|poke|p1|Iron Valiant|
|poke|p2|Iron Valiant|
|poke|p2|Ceruledge, F|
|poke|p2|Hatterene, F|
|poke|p2|Scizor, M|
|poke|p2|Alomomola, M|
|poke|p2|Landorus-Therian, M|
|teampreview
|inactive|Battle timer is ON: inactive players will automatically lose when time's up. (requested by Alexzandarr)
|
|t:|1760447985
|teamsize|p1|6
|teamsize|p2|6
|start
|switch|p1a: Araquanid|Araquanid, F, shiny|100/100
|switch|p2a: Ceruledge|Ceruledge, F|100/100
|turn|1
|
|t:|1760447993
|switch|p2a: Hatterene|Hatterene, F|100/100
|move|p1a: Araquanid|Surf|p2a: Hatterene
|-damage|p2a: Hatterene|67/100
|
|upkeep
|turn|2
|
|t:|1760448000
|move|p1a: Araquanid|Surf|p2a: Hatterene
|-damage|p2a: Hatterene|34/100
|move|p2a: Hatterene|Nuzzle|p1a: Araquanid
|-supereffective|p1a: Araquanid
|-damage|p1a: Araquanid|93/100
|-status|p1a: Araquanid|par
|
|upkeep
|turn|3
|
|t:|1760448006
|move|p2a: Hatterene|Draining Kiss|p1a: Araquanid
|-damage|p1a: Araquanid|71/100 par
|-heal|p2a: Hatterene|52/100|[from] drain|[of] p1a: Araquanid
|cant|p1a: Araquanid|par
|
|upkeep
|turn|4
|
|t:|1760448011
|switch|p2a: Alomomola|Alomomola, M|100/100
|move|p1a: Araquanid|Surf|p2a: Alomomola
|-resisted|p2a: Alomomola
|-damage|p2a: Alomomola|71/100
|
|upkeep
|turn|5
|
|t:|1760448016
|switch|p2a: Hatterene|Hatterene, F|52/100
|cant|p1a: Araquanid|par
|
|upkeep
|turn|6
|
|t:|1760448021
|switch|p2a: Alomomola|Alomomola, M|100/100
|move|p1a: Araquanid|Surf|p2a: Alomomola
|-resisted|p2a: Alomomola
|-damage|p2a: Alomomola|69/100
|
|upkeep
|turn|7
|
|t:|1760448029
|move|p2a: Alomomola|Flip Turn|p1a: Araquanid
|-resisted|p1a: Araquanid
|-damage|p1a: Araquanid|63/100 par
|
|t:|1760448038
|switch|p2a: Scizor|Scizor, M|100/100|[from] Flip Turn
|move|p1a: Araquanid|Sticky Web|p2a: Scizor
|-sidestart|p2: Churrini|move: Sticky Web
|
|upkeep
|turn|8
|
|t:|1760448042
|move|p2a: Scizor|Swords Dance|p2a: Scizor
|-boost|p2a: Scizor|atk|2
|cant|p1a: Araquanid|par
|
|upkeep
|turn|9
|
|t:|1760448048
|move|p2a: Scizor|Swords Dance|p2a: Scizor
|-boost|p2a: Scizor|atk|2
|move|p1a: Araquanid|Surf|p2a: Scizor
|-damage|p2a: Scizor|37/100
|
|upkeep
|turn|10
|
|t:|1760448053
|move|p2a: Scizor|Knock Off|p1a: Araquanid
|-damage|p1a: Araquanid|0 fnt
|-enditem|p1a: Araquanid|Custap Berry|[from] move: Knock Off|[of] p2a: Scizor
|faint|p1a: Araquanid
|-damage|p2a: Scizor|27/100|[from] item: Life Orb
|
|upkeep
|
|t:|1760448076
|switch|p1a: Landorus|Landorus-Therian, M, shiny|100/100
|-ability|p1a: Landorus|Intimidate|boost
|-unboost|p2a: Scizor|atk|1
|turn|11
|
|t:|1760448083
|-terastallize|p1a: Landorus|Fire
|move|p1a: Landorus|Earthquake|p2a: Scizor
|-damage|p2a: Scizor|0 fnt
|faint|p2a: Scizor
|
|upkeep
|
|t:|1760448088
|switch|p2a: Landorus|Landorus-Therian, M|100/100
|-ability|p2a: Landorus|Intimidate|boost
|-unboost|p1a: Landorus|atk|1
|turn|12
|
|t:|1760448093
|move|p1a: Landorus|Smack Down|p2a: Landorus
|-damage|p2a: Landorus|88/100
|-start|p2a: Landorus|Smack Down
|move|p2a: Landorus|Earth Power|p1a: Landorus
|-supereffective|p1a: Landorus
|-damage|p1a: Landorus|20/100
|
|upkeep
|turn|13
|
|t:|1760448097
|move|p2a: Landorus|Stealth Rock|p1a: Landorus
|-sidestart|p1: Alexzandarr|move: Stealth Rock
|move|p1a: Landorus|Tera Blast|p2a: Landorus|[anim] Tera Blast Fire
|-damage|p2a: Landorus|56/100
|
|upkeep
|turn|14
|
|t:|1760448100
|move|p2a: Landorus|Earth Power|p1a: Landorus
|-supereffective|p1a: Landorus
|-damage|p1a: Landorus|0 fnt
|faint|p1a: Landorus
|
|upkeep
|
|t:|1760448106
|switch|p1a: Iron Treads|Iron Treads|100/100
|-damage|p1a: Iron Treads|97/100|[from] Stealth Rock
|turn|15
|
|t:|1760448111
|move|p1a: Iron Treads|Ice Spinner|p2a: Landorus
|-supereffective|p2a: Landorus
|-damage|p2a: Landorus|0 fnt
|-damage|p1a: Iron Treads|81/100|[from] item: Rocky Helmet|[of] p2a: Landorus
|faint|p2a: Landorus
|-damage|p1a: Iron Treads|71/100|[from] item: Life Orb
|
|upkeep
|
|t:|1760448114
|switch|p2a: Ceruledge|Ceruledge, F|100/100
|-activate|p2a: Ceruledge|move: Sticky Web
|-unboost|p2a: Ceruledge|spe|1
|turn|16
|
|t:|1760448117
|move|p1a: Iron Treads|Earth Power|p2a: Ceruledge
|-supereffective|p2a: Ceruledge
|-crit|p2a: Ceruledge
|-enditem|p2a: Ceruledge|Focus Sash
|-damage|p2a: Ceruledge|1/100
|-damage|p1a: Iron Treads|61/100|[from] item: Life Orb
|move|p2a: Ceruledge|Poltergeist|p1a: Iron Treads
|-activate|p1a: Iron Treads|move: Poltergeist|Life Orb
|-damage|p1a: Iron Treads|9/100
|
|upkeep
|turn|17
|
|t:|1760448121
|move|p2a: Ceruledge|Shadow Sneak|p1a: Iron Treads
|-damage|p1a: Iron Treads|0 fnt
|faint|p1a: Iron Treads
|-end|p1a: Iron Treads|Quark Drive|[silent]
|
|upkeep
|
|t:|1760448129
|switch|p1a: Iron Valiant|Iron Valiant, shiny|100/100
|-damage|p1a: Iron Valiant|94/100|[from] Stealth Rock
|turn|18
|
|t:|1760448132
|move|p2a: Ceruledge|Shadow Sneak|p1a: Iron Valiant
|-damage|p1a: Iron Valiant|69/100
|move|p1a: Iron Valiant|Knock Off|p2a: Ceruledge
|-supereffective|p2a: Ceruledge
|-damage|p2a: Ceruledge|0 fnt
|faint|p2a: Ceruledge
|
|upkeep
|
|t:|1760448141
|switch|p2a: Hatterene|Hatterene, F|52/100
|-activate|p2a: Hatterene|move: Sticky Web
|-unboost|p2a: Hatterene|spe|1
|turn|19
|
|t:|1760448145
|move|p1a: Iron Valiant|Moonblast|p2a: Hatterene
|-damage|p2a: Hatterene|21/100
|move|p2a: Hatterene|Nuzzle|p1a: Iron Valiant
|-damage|p1a: Iron Valiant|65/100
|-status|p1a: Iron Valiant|par
|
|upkeep
|turn|20
|
|t:|1760448148
|cant|p1a: Iron Valiant|par
|move|p2a: Hatterene|Draining Kiss|p1a: Iron Valiant
|-supereffective|p1a: Iron Valiant
|-damage|p1a: Iron Valiant|0 fnt
|-heal|p2a: Hatterene|65/100|[from] drain|[of] p1a: Iron Valiant
|faint|p1a: Iron Valiant
|-end|p1a: Iron Valiant|Quark Drive|[silent]
|
|upkeep
|
|t:|1760448151
|switch|p1a: Kingambit|Kingambit, F, shiny|100/100
|-damage|p1a: Kingambit|94/100|[from] Stealth Rock
|-activate|p1a: Kingambit|ability: Supreme Overlord
|-start|p1a: Kingambit|fallen4|[silent]
|turn|21
|
|t:|1760448158
|move|p1a: Kingambit|Iron Head|p2a: Hatterene
|-supereffective|p2a: Hatterene
|-damage|p2a: Hatterene|0 fnt
|faint|p2a: Hatterene
|
|upkeep
|
|t:|1760448162
|switch|p2a: Iron Valiant|Iron Valiant|100/100
|-activate|p2a: Iron Valiant|move: Sticky Web
|-unboost|p2a: Iron Valiant|spe|1
|-enditem|p2a: Iron Valiant|Booster Energy
|-activate|p2a: Iron Valiant|ability: Quark Drive|[fromitem]
|-start|p2a: Iron Valiant|quarkdrivespa
|turn|22
|
|t:|1760448165
|move|p2a: Iron Valiant|Vacuum Wave|p1a: Kingambit
|-supereffective|p1a: Kingambit
|-damage|p1a: Kingambit|0 fnt
|faint|p1a: Kingambit
|-end|p1a: Kingambit|fallen4|[silent]
|
|upkeep
|
|t:|1760448167
|switch|p1a: Dragapult|Dragapult, F, shiny|100/100
|-damage|p1a: Dragapult|88/100|[from] Stealth Rock
|turn|23
|
|t:|1760448172
|move|p1a: Dragapult|Shadow Ball|p2a: Iron Valiant
|-damage|p2a: Iron Valiant|18/100
|-damage|p1a: Dragapult|78/100|[from] item: Life Orb
|move|p2a: Iron Valiant|Moonblast|p1a: Dragapult
|-supereffective|p1a: Dragapult
|-damage|p1a: Dragapult|0 fnt
|faint|p1a: Dragapult
|
|win|Churrini
|raw|Alexzandarr's rating: 1095 &rarr; <strong>1072</strong><br />(-23 for losing)
|raw|Churrini's rating: 1120 &rarr; <strong>1143</strong><br />(+23 for winning)
|l|☆Alexzandarr
|player|p1|
|c|☆Churrini|gg
