|j|☆fuckyeahdennis
|j|☆yourson3
|t:|1760368807
|gametype|singles
|player|p1|fuckyeahdennis|pokekid|1061
|player|p2|yourson3|aaron|1085
|gen|9
|tier|[Gen 9] OU
|rated|
|rule|HP Percentage Mod: HP is shown in percentages
|rule|Endless Battle Clause: Forcing endless battles is banned
|rule|Species Clause: Limit one of each Pokémon
|rule|OHKO Clause: OHKO moves are banned
|rule|Evasion Items Clause: Evasion items are banned
|rule|Evasion Moves Clause: Evasion moves are banned
|rule|Evasion Abilities Clause: Evasion abilities are banned
|rule|Sleep Moves Clause: Sleep-inducing moves are banned
|clearpoke
|poke|p1|Pichu, M|
|poke|p1|Jirachi|
|poke|p1|Corviknight, F|
|poke|p1|Quagsire, F|
|poke|p1|Clefable, M|
|poke|p1|Muk-Alola, F|
|poke|p2|Hatterene, F|
|poke|p2|Ursaluna, M|
|poke|p2|Iron Hands|
|poke|p2|Cresselia, F|
|poke|p2|Heatran, F|
|poke|p2|Scizor, M|
|teampreview
|c|☆yourson3|a pichu? very cool! I've never seen anyone using it
|
|t:|1760368832
|teamsize|p1|6
|teamsize|p2|6
|start
|switch|p1a: Muk|Muk-Alola, F|100/100
|switch|p2a: Ursaluna|Ursaluna, M|100/100
|turn|1
|c|☆fuckyeahdennis|haha thanks
|c|☆fuckyeahdennis|it's not my best choise
|
|t:|1760368856
|switch|p1a: Corviknight|Corviknight, F|100/100
|-ability|p1a: Corviknight|Pressure
|move|p2a: Ursaluna|Earthquake|p1a: Corviknight
|-immune|p1a: Corviknight
|
|-status|p2a: Ursaluna|brn|[from] item: Flame Orb
|upkeep
|turn|2
|c|☆yourson3|today is not my lucky day 😭
|
|t:|1760368876
|move|p1a: Corviknight|Brave Bird|p2a: Ursaluna
|-damage|p2a: Ursaluna|73/100 brn
|-damage|p1a: Corviknight|90/100|[from] Recoil
|move|p2a: Ursaluna|Facade|p1a: Corviknight
|-resisted|p1a: Corviknight
|-damage|p1a: Corviknight|55/100
|
|-damage|p2a: Ursaluna|67/100 brn|[from] brn
|upkeep
|turn|3
|
|t:|1760368884
|move|p1a: Corviknight|Bulk Up|p1a: Corviknight
|-boost|p1a: Corviknight|atk|1
|-boost|p1a: Corviknight|def|1
|move|p2a: Ursaluna|Close Combat|p1a: Corviknight
|-damage|p1a: Corviknight|27/100
|-unboost|p2a: Ursaluna|def|1
|-unboost|p2a: Ursaluna|spd|1
|
|-damage|p2a: Ursaluna|61/100 brn|[from] brn
|upkeep
|turn|4
|
|t:|1760368893
|move|p1a: Corviknight|Roost|p1a: Corviknight
|-heal|p1a: Corviknight|77/100
|-singleturn|p1a: Corviknight|move: Roost
|move|p2a: Ursaluna|Close Combat|p1a: Corviknight
|-supereffective|p1a: Corviknight
|-damage|p1a: Corviknight|23/100
|-unboost|p2a: Ursaluna|def|1
|-unboost|p2a: Ursaluna|spd|1
|
|-damage|p2a: Ursaluna|54/100 brn|[from] brn
|upkeep
|turn|5
|
|t:|1760368905
|move|p1a: Corviknight|Roost|p1a: Corviknight
|-heal|p1a: Corviknight|73/100
|-singleturn|p1a: Corviknight|move: Roost
|move|p2a: Ursaluna|Close Combat|p1a: Corviknight
|-supereffective|p1a: Corviknight
|-damage|p1a: Corviknight|15/100
|-unboost|p2a: Ursaluna|def|1
|-unboost|p2a: Ursaluna|spd|1
|
|-damage|p2a: Ursaluna|48/100 brn|[from] brn
|upkeep
|turn|6
|
|t:|1760368914
|move|p1a: Corviknight|Brave Bird|p2a: Ursaluna
|-damage|p2a: Ursaluna|0 fnt
|faint|p2a: Ursaluna
|-damage|p1a: Corviknight|0 fnt|[from] Recoil
|faint|p1a: Corviknight
|
|upkeep
|
|t:|1760368922
|switch|p1a: Muk|Muk-Alola, F|100/100
|switch|p2a: Hatterene|Hatterene, F|100/100
|turn|7
|
|t:|1760368928
|move|p1a: Muk|Knock Off|p2a: Hatterene
|-damage|p2a: Hatterene|44/100
|-enditem|p2a: Hatterene|Life Orb|[from] move: Knock Off|[of] p1a: Muk
|move|p2a: Hatterene|Trick Room|p2a: Hatterene
|-fieldstart|move: Trick Room|[of] p2a: Hatterene
|
|upkeep
|turn|8
|
|t:|1760368940
|move|p2a: Hatterene|Dazzling Gleam|p1a: Muk
|-damage|p1a: Muk|60/100
|move|p1a: Muk|Knock Off|p2a: Hatterene
|-damage|p2a: Hatterene|8/100
|
|-heal|p1a: Muk|66/100|[from] item: Black Sludge
|upkeep
|turn|9
|
|t:|1760368948
|move|p2a: Hatterene|Dazzling Gleam|p1a: Muk
|-damage|p1a: Muk|30/100
|move|p1a: Muk|Poison Jab|p2a: Hatterene
|-supereffective|p2a: Hatterene
|-damage|p2a: Hatterene|0 fnt
|faint|p2a: Hatterene
|
|-heal|p1a: Muk|36/100|[from] item: Black Sludge
|upkeep
|
|t:|1760368953
|switch|p2a: Scizor|Scizor, M|100/100
|turn|10
|
|t:|1760368958
|move|p1a: Muk|Knock Off|p2a: Scizor
|-damage|p2a: Scizor|51/100
|-enditem|p2a: Scizor|Choice Band|[from] move: Knock Off|[of] p1a: Muk
|move|p2a: Scizor|U-turn|p1a: Muk
|-damage|p1a: Muk|0 fnt
|faint|p1a: Muk
|
|t:|1760368964
|switch|p2a: Heatran|Heatran, F|100/100|[from] U-turn
|-item|p2a: Heatran|Air Balloon
|
|upkeep
|
|t:|1760368970
|switch|p1a: Jirachi|Jirachi, shiny|100/100
|turn|11
|
|t:|1760368977
|-terastallize|p1a: Jirachi|Fire
|move|p2a: Heatran|Protect|p2a: Heatran
|-singleturn|p2a: Heatran|Protect
|move|p1a: Jirachi|Psychic|p2a: Heatran
|-activate|p2a: Heatran|move: Protect
|
|-fieldend|move: Trick Room
|upkeep
|turn|12
|
|t:|1760368985
|move|p1a: Jirachi|Psychic|p2a: Heatran
|-resisted|p2a: Heatran
|-damage|p2a: Heatran|90/100
|-enditem|p2a: Heatran|Air Balloon
|move|p2a: Heatran|Stealth Rock|p1a: Jirachi
|-sidestart|p1: fuckyeahdennis|move: Stealth Rock
|
|upkeep
|turn|13
|
|t:|1760368992
|move|p1a: Jirachi|Iron Head|p2a: Heatran
|-resisted|p2a: Heatran
|-damage|p2a: Heatran|84/100
|cant|p2a: Heatran|flinch
|
|upkeep
|turn|14
|
|t:|1760368997
|move|p1a: Jirachi|Fire Punch|p2a: Heatran
|-start|p2a: Heatran|ability: Flash Fire
|move|p2a: Heatran|Earth Power|p1a: Jirachi
|-supereffective|p1a: Jirachi
|-damage|p1a: Jirachi|59/100
|
|-heal|p1a: Jirachi|65/100|[from] item: Leftovers
|upkeep
|turn|15
|
|t:|1760369005
|move|p1a: Jirachi|Iron Head|p2a: Heatran
|-resisted|p2a: Heatran
|-damage|p2a: Heatran|78/100
|cant|p2a: Heatran|flinch
|
|-heal|p1a: Jirachi|71/100|[from] item: Leftovers
|upkeep
|turn|16
|
|t:|1760369011
|move|p1a: Jirachi|Iron Head|p2a: Heatran
|-resisted|p2a: Heatran
|-damage|p2a: Heatran|73/100
|cant|p2a: Heatran|flinch
|
|-heal|p1a: Jirachi|77/100|[from] item: Leftovers
|upkeep
|turn|17
|c|☆yourson3|useless heatran
|
|t:|1760369025
|move|p1a: Jirachi|Iron Head|p2a: Heatran
|-resisted|p2a: Heatran
|-damage|p2a: Heatran|67/100
|cant|p2a: Heatran|flinch
|
|-heal|p1a: Jirachi|83/100|[from] item: Leftovers
|upkeep
|turn|18
|c|☆fuckyeahdennis|hahah
|
|t:|1760369039
|move|p1a: Jirachi|Iron Head|p2a: Heatran
|-resisted|p2a: Heatran
|-damage|p2a: Heatran|62/100
|cant|p2a: Heatran|flinch
|
|-heal|p1a: Jirachi|89/100|[from] item: Leftovers
|upkeep
|turn|19
|
|t:|1760369047
|move|p1a: Jirachi|Iron Head|p2a: Heatran
|-resisted|p2a: Heatran
|-damage|p2a: Heatran|57/100
|move|p2a: Heatran|Earth Power|p1a: Jirachi
|-supereffective|p1a: Jirachi
|-damage|p1a: Jirachi|42/100
|-unboost|p1a: Jirachi|spd|1
|
|-heal|p1a: Jirachi|48/100|[from] item: Leftovers
|upkeep
|turn|20
|c|☆yourson3|bro stop 😭😭
|
|t:|1760369057
|move|p1a: Jirachi|Iron Head|p2a: Heatran
|-resisted|p2a: Heatran
|-damage|p2a: Heatran|51/100
|move|p2a: Heatran|Earth Power|p1a: Jirachi
|-supereffective|p1a: Jirachi
|-damage|p1a: Jirachi|0 fnt
|faint|p1a: Jirachi
|
|upkeep
|c|☆fuckyeahdennis|i's my only option haha
|
|t:|1760369065
|switch|p1a: Quagsire|Quagsire, F, shiny|100/100
|-damage|p1a: Quagsire|94/100|[from] Stealth Rock
|turn|21
|c|☆yourson3|thanks 🥰🙌🫶
|
|t:|1760369088
|move|p2a: Heatran|Protect|p2a: Heatran
|-singleturn|p2a: Heatran|Protect
|move|p1a: Quagsire|Surf|p2a: Heatran
|-activate|p2a: Heatran|move: Protect
|
|upkeep
|turn|22
|
|t:|1760369095
|move|p2a: Heatran|Stealth Rock||[still]
|-fail|p2a: Heatran
|move|p1a: Quagsire|Surf|p2a: Heatran
|-supereffective|p2a: Heatran
|-damage|p2a: Heatran|25/100
|
|upkeep
|turn|23
|
|t:|1760369103
|move|p2a: Heatran|Earth Power|p1a: Quagsire
|-damage|p1a: Quagsire|62/100
|move|p1a: Quagsire|Surf|p2a: Heatran
|-supereffective|p2a: Heatran
|-damage|p2a: Heatran|0 fnt
|faint|p2a: Heatran
|
|upkeep
|
|t:|1760369111
|switch|p2a: Cresselia|Cresselia, F|100/100
|turn|24
|
|t:|1760369114
|move|p1a: Quagsire|Toxic|p2a: Cresselia
|-status|p2a: Cresselia|tox
|move|p2a: Cresselia|Trick Room|p2a: Cresselia
|-fieldstart|move: Trick Room|[of] p2a: Cresselia
|
|-damage|p2a: Cresselia|94/100 tox|[from] psn
|upkeep
|turn|25
|
|t:|1760369119
|move|p1a: Quagsire|Recover|p1a: Quagsire
|-heal|p1a: Quagsire|100/100
|move|p2a: Cresselia|Moonblast|p1a: Quagsire
|-crit|p1a: Quagsire
|-damage|p1a: Quagsire|57/100
|
|-damage|p2a: Cresselia|82/100 tox|[from] psn
|upkeep
|turn|26
|
|t:|1760369127
|move|p1a: Quagsire|Earthquake|p2a: Cresselia
|-immune|p2a: Cresselia|[from] ability: Levitate
|move|p2a: Cresselia|Psychic|p1a: Quagsire
|-damage|p1a: Quagsire|12/100
|
|-damage|p2a: Cresselia|64/100 tox|[from] psn
|upkeep
|turn|27
|
|t:|1760369135
|move|p1a: Quagsire|Recover|p1a: Quagsire
|-heal|p1a: Quagsire|62/100
|move|p2a: Cresselia|Psychic|p1a: Quagsire
|-damage|p1a: Quagsire|14/100
|
|-damage|p2a: Cresselia|40/100 tox|[from] psn
|upkeep
|turn|28
|
|t:|1760369141
|move|p1a: Quagsire|Recover|p1a: Quagsire
|-heal|p1a: Quagsire|64/100
|move|p2a: Cresselia|Psychic|p1a: Quagsire
|-damage|p1a: Quagsire|21/100
|
|-damage|p2a: Cresselia|9/100 tox|[from] psn
|-fieldend|move: Trick Room
|upkeep
|turn|29
|
|t:|1760369148
|move|p2a: Cresselia|Moonblast|p1a: Quagsire
|-crit|p1a: Quagsire
|-damage|p1a: Quagsire|0 fnt
|faint|p1a: Quagsire
|
|-damage|p2a: Cresselia|0 fnt|[from] psn
|faint|p2a: Cresselia
|upkeep
|c|☆fuckyeahdennis|this was so intense
|
|t:|1760369160
|switch|p2a: Iron Hands|Iron Hands|100/100
|switch|p1a: Clefable|Clefable, M|100/100
|-damage|p1a: Clefable|88/100|[from] Stealth Rock
|turn|30
|c|☆yourson3|I'm going to kill myself, my team is useless without my tricks
|
|t:|1760369190
|move|p1a: Clefable|Dig||[still]
|-prepare|p1a: Clefable|Dig
|move|p2a: Iron Hands|Drain Punch|p1a: Clefable|[miss]
|-miss|p2a: Iron Hands|p1a: Clefable
|
|-heal|p1a: Clefable|94/100|[from] item: Leftovers
|upkeep
|turn|31
|c|☆fuckyeahdennis|didn't wanna use my pichu
|
|t:|1760369200
|move|p1a: Clefable|Dig|p2a: Iron Hands|[from] lockedmove
|-supereffective|p2a: Iron Hands
|-damage|p2a: Iron Hands|86/100
|move|p2a: Iron Hands|Drain Punch|p1a: Clefable
|-resisted|p1a: Clefable
|-damage|p1a: Clefable|70/100
|-heal|p2a: Iron Hands|96/100|[from] drain|[of] p1a: Clefable
|
|-heal|p1a: Clefable|76/100|[from] item: Leftovers
|-heal|p2a: Iron Hands|100/100|[from] item: Leftovers
|upkeep
|turn|32
|c|☆yourson3|I THOUGHT CLEFABLE WAS NORMAL 😭😭
|
|t:|1760369226
|move|p1a: Clefable|Draining Kiss|p2a: Iron Hands
|-supereffective|p2a: Iron Hands
|-damage|p2a: Iron Hands|58/100
|-heal|p1a: Clefable|100/100|[from] drain|[of] p2a: Iron Hands
|move|p2a: Iron Hands|Wild Charge|p1a: Clefable
|-damage|p1a: Clefable|43/100
|-damage|p2a: Iron Hands|47/100|[from] Recoil
|
|-heal|p1a: Clefable|49/100|[from] item: Leftovers
|-heal|p2a: Iron Hands|53/100|[from] item: Leftovers
|upkeep
|turn|33
|c|☆fuckyeahdennis|HAHAHA NO WAY
|
|t:|1760369235
|move|p1a: Clefable|Draining Kiss|p2a: Iron Hands
|-supereffective|p2a: Iron Hands
|-damage|p2a: Iron Hands|10/100
|-heal|p1a: Clefable|92/100|[from] drain|[of] p2a: Iron Hands
|move|p2a: Iron Hands|Wild Charge|p1a: Clefable
|-damage|p1a: Clefable|36/100
|-damage|p2a: Iron Hands|0 fnt|[from] Recoil
|faint|p2a: Iron Hands
|-end|p2a: Iron Hands|Quark Drive|[silent]
|
|-heal|p1a: Clefable|42/100|[from] item: Leftovers
|upkeep
|c|☆yourson3|I'm dumb
|
|t:|1760369243
|switch|p2a: Scizor|Scizor, M|51/100
|turn|34
|c|☆fuckyeahdennis|not your day today no
|
|t:|1760369256
|move|p1a: Clefable|Draining Kiss|p2a: Scizor
|-resisted|p2a: Scizor
|-damage|p2a: Scizor|38/100
|-heal|p1a: Clefable|51/100|[from] drain|[of] p2a: Scizor
|move|p2a: Scizor|Close Combat|p1a: Clefable
|-resisted|p1a: Clefable
|-damage|p1a: Clefable|24/100
|-unboost|p2a: Scizor|def|1
|-unboost|p2a: Scizor|spd|1
|
|-heal|p1a: Clefable|30/100|[from] item: Leftovers
|upkeep
|turn|35
|
|t:|1760369266
|move|p2a: Scizor|Bullet Punch|p1a: Clefable
|-supereffective|p1a: Clefable
|-damage|p1a: Clefable|0 fnt
|faint|p1a: Clefable
|
|upkeep
|c|☆fuckyeahdennis|damn
|
|t:|1760369272
|switch|p1a: Pichu|Pichu, M|100/100
|-damage|p1a: Pichu|88/100|[from] Stealth Rock
|turn|36
|
|t:|1760369284
|move|p1a: Pichu|Thunderbolt|p2a: Scizor
|-damage|p2a: Scizor|0 fnt
|faint|p2a: Scizor
|
|win|fuckyeahdennis
|raw|fuckyeahdennis's rating: 1061 &rarr; <strong>1094</strong><br />(+33 for winning)
|raw|yourson3's rating: 1085 &rarr; <strong>1061</strong><br />(-24 for losing)
|c|☆fuckyeahdennis|DAMN
|c|☆fuckyeahdennis|YES
|c|☆yourson3|I'm going to kill myself there and I'll be right back
|c|☆yourson3|good game
|c|☆yourson3|😭🫶
|c|☆fuckyeahdennis|gg
|c|☆fuckyeahdennis|don't die
|l|☆fuckyeahdennis
|player|p1|
|l|☆yourson3
|player|p2|
