|j|☆Magguss
|j|☆dia90
|t:|1760325302
|gametype|singles
|player|p1|Magguss|265|1709
|player|p2|dia90|101|1719
|gen|9
|tier|[Gen 9] OU
|rated|
|rule|HP Percentage Mod: HP is shown in percentages
|rule|Endless Battle Clause: Forcing endless battles is banned
|rule|Species Clause: Limit one of each Pokémon
|rule|OHKO Clause: OHKO moves are banned
|rule|Evasion Items Clause: Evasion items are banned
|rule|Evasion Moves Clause: Evasion moves are banned
|rule|Evasion Abilities Clause: Evasion abilities are banned
|rule|Sleep Moves Clause: Sleep-inducing moves are banned
|clearpoke
|poke|p1|Zamazenta-*|
|poke|p1|Ursaluna, M|
|poke|p1|Sinistcha|
|poke|p1|Raging Bolt|
|poke|p1|Cinderace, M|
|poke|p1|Azumarill, F|
|poke|p2|Ursaluna, M|
|poke|p2|Raging Bolt|
|poke|p2|Cinderace, F|
|poke|p2|Pecharunt|
|poke|p2|Ogerpon, F|
|poke|p2|Scizor, M|
|teampreview
|inactive|Battle timer is ON: inactive players will automatically lose when time's up. (requested by Magguss)
|
|t:|1760325315
|teamsize|p1|6
|teamsize|p2|6
|start
|switch|p1a: Ursaluna|Ursaluna, M, shiny|100/100
|switch|p2a: Scizor|Scizor, M|100/100
|turn|1
|
|t:|1760325330
|move|p2a: Scizor|Close Combat|p1a: Ursaluna
|-supereffective|p1a: Ursaluna
|-damage|p1a: Ursaluna|0 fnt
|-unboost|p2a: Scizor|def|1
|-unboost|p2a: Scizor|spd|1
|faint|p1a: Ursaluna
|
|upkeep
|
|t:|1760325338
|switch|p1a: Cinderace|Cinderace, M|100/100
|turn|2
|j| loongfushichou4413
|j| Rizzofreko
|
|t:|1760325363
|switch|p2a: Pecharunt|Pecharunt|100/100
|move|p1a: Cinderace|Pyro Ball|p2a: Pecharunt
|-damage|p2a: Pecharunt|74/100
|
|-heal|p2a: Pecharunt|80/100|[from] item: Leftovers
|upkeep
|turn|3
|l| Rizzofreko
|
|t:|1760325380
|switch|p1a: Sinistcha|Sinistcha|100/100
|move|p2a: Pecharunt|Parting Shot|p1a: Sinistcha
|-unboost|p1a: Sinistcha|atk|1
|-unboost|p1a: Sinistcha|spa|1
|
|t:|1760325386
|switch|p2a: Ogerpon|Ogerpon, F|100/100|[from] Parting Shot
|
|upkeep
|turn|4
|
|t:|1760325399
|switch|p1a: Cinderace|Cinderace, M|100/100
|move|p2a: Ogerpon|Knock Off|p1a: Cinderace
|-damage|p1a: Cinderace|20/100
|-enditem|p1a: Cinderace|Heavy-Duty Boots|[from] move: Knock Off|[of] p2a: Ogerpon
|
|upkeep
|turn|5
|
|t:|1760325405
|switch|p2a: Pecharunt|Pecharunt|80/100
|move|p1a: Cinderace|Pyro Ball|p2a: Pecharunt
|-crit|p2a: Pecharunt
|-damage|p2a: Pecharunt|37/100
|
|-heal|p2a: Pecharunt|43/100|[from] item: Leftovers
|upkeep
|turn|6
|
|t:|1760325421
|switch|p1a: Sinistcha|Sinistcha|100/100
|move|p2a: Pecharunt|Recover|p2a: Pecharunt
|-heal|p2a: Pecharunt|93/100
|
|-heal|p2a: Pecharunt|99/100|[from] item: Leftovers
|upkeep
|turn|7
|
|t:|1760325430
|move|p2a: Pecharunt|Malignant Chain|p1a: Sinistcha
|-damage|p1a: Sinistcha|66/100
|move|p1a: Sinistcha|Shadow Ball|p2a: Pecharunt
|-supereffective|p2a: Pecharunt
|-damage|p2a: Pecharunt|35/100
|-unboost|p2a: Pecharunt|spd|1
|
|-heal|p2a: Pecharunt|41/100|[from] item: Leftovers
|-heal|p1a: Sinistcha|72/100|[from] item: Leftovers
|upkeep
|turn|8
|inactive|Magguss has 120 seconds left.
|j| bsbsjsksjsossb
|
|t:|1760325472
|move|p2a: Pecharunt|Parting Shot|p1a: Sinistcha
|-unboost|p1a: Sinistcha|atk|1
|-unboost|p1a: Sinistcha|spa|1
|
|t:|1760325496
|switch|p2a: Ursaluna|Ursaluna, M|100/100|[from] Parting Shot
|move|p1a: Sinistcha|Calm Mind|p1a: Sinistcha
|-boost|p1a: Sinistcha|spa|1
|-boost|p1a: Sinistcha|spd|1
|
|-heal|p1a: Sinistcha|78/100|[from] item: Leftovers
|upkeep
|turn|9
|inactive|Magguss has 120 seconds left.
|
|t:|1760325504
|switch|p2a: Ogerpon|Ogerpon, F|100/100
|move|p1a: Sinistcha|Matcha Gotcha|p2a: Ogerpon
|-resisted|p2a: Ogerpon
|-damage|p2a: Ogerpon|83/100
|-heal|p1a: Sinistcha|86/100|[from] drain|[of] p2a: Ogerpon
|-status|p2a: Ogerpon|brn
|
|-heal|p1a: Sinistcha|92/100|[from] item: Leftovers
|-damage|p2a: Ogerpon|77/100 brn|[from] brn
|upkeep
|turn|10
|
|t:|1760325516
|move|p2a: Ogerpon|Knock Off|p1a: Sinistcha
|-supereffective|p1a: Sinistcha
|-damage|p1a: Sinistcha|51/100
|-enditem|p1a: Sinistcha|Leftovers|[from] move: Knock Off|[of] p2a: Ogerpon
|move|p1a: Sinistcha|Calm Mind|p1a: Sinistcha
|-boost|p1a: Sinistcha|spa|1
|-boost|p1a: Sinistcha|spd|1
|
|-damage|p2a: Ogerpon|71/100 brn|[from] brn
|upkeep
|turn|11
|
|t:|1760325523
|move|p2a: Ogerpon|Knock Off|p1a: Sinistcha
|-supereffective|p1a: Sinistcha
|-damage|p1a: Sinistcha|27/100
|move|p1a: Sinistcha|Matcha Gotcha|p2a: Ogerpon
|-resisted|p2a: Ogerpon
|-damage|p2a: Ogerpon|41/100 brn
|-heal|p1a: Sinistcha|40/100|[from] drain|[of] p2a: Ogerpon
|
|-damage|p2a: Ogerpon|35/100 brn|[from] brn
|upkeep
|turn|12
|
|t:|1760325533
|move|p2a: Ogerpon|Knock Off|p1a: Sinistcha
|-supereffective|p1a: Sinistcha
|-damage|p1a: Sinistcha|14/100
|move|p1a: Sinistcha|Matcha Gotcha|p2a: Ogerpon
|-resisted|p2a: Ogerpon
|-damage|p2a: Ogerpon|9/100 brn
|-heal|p1a: Sinistcha|25/100|[from] drain|[of] p2a: Ogerpon
|
|-damage|p2a: Ogerpon|3/100 brn|[from] brn
|upkeep
|turn|13
|
|t:|1760325542
|move|p2a: Ogerpon|Knock Off|p1a: Sinistcha
|-supereffective|p1a: Sinistcha
|-damage|p1a: Sinistcha|0 fnt
|faint|p1a: Sinistcha
|
|-damage|p2a: Ogerpon|0 fnt|[from] brn
|faint|p2a: Ogerpon
|upkeep
|
|t:|1760325549
|switch|p2a: Cinderace|Cinderace, F|100/100
|switch|p1a: Azumarill|Azumarill, F, shiny|100/100
|turn|14
|
|t:|1760325555
|move|p2a: Cinderace|U-turn|p1a: Azumarill
|-start|p2a: Cinderace|typechange|Bug|[from] ability: Libero
|-resisted|p1a: Azumarill
|-damage|p1a: Azumarill|82/100
|
|t:|1760325561
|switch|p2a: Pecharunt|Pecharunt|41/100|[from] U-turn
|move|p1a: Azumarill|Liquidation|p2a: Pecharunt
|-damage|p2a: Pecharunt|15/100
|
|-heal|p2a: Pecharunt|21/100|[from] item: Leftovers
|upkeep
|turn|15
|
|t:|1760325570
|move|p2a: Pecharunt|Recover|p2a: Pecharunt
|-heal|p2a: Pecharunt|71/100
|move|p1a: Azumarill|Knock Off|p2a: Pecharunt
|-supereffective|p2a: Pecharunt
|-damage|p2a: Pecharunt|33/100
|-enditem|p2a: Pecharunt|Leftovers|[from] move: Knock Off|[of] p1a: Azumarill
|
|upkeep
|turn|16
|
|t:|1760325577
|move|p2a: Pecharunt|Recover|p2a: Pecharunt
|-heal|p2a: Pecharunt|83/100
|move|p1a: Azumarill|Liquidation|p2a: Pecharunt
|-damage|p2a: Pecharunt|56/100
|-unboost|p2a: Pecharunt|def|1
|
|upkeep
|turn|17
|
|t:|1760325585
|move|p2a: Pecharunt|Malignant Chain|p1a: Azumarill
|-supereffective|p1a: Azumarill
|-damage|p1a: Azumarill|24/100
|-status|p1a: Azumarill|tox
|-start|p1a: Azumarill|confusion|[from] ability: Poison Puppeteer|[of] p2a: Pecharunt
|-enditem|p1a: Azumarill|Lum Berry|[eat]
|-curestatus|p1a: Azumarill|tox|[msg]
|-end|p1a: Azumarill|confusion
|move|p1a: Azumarill|Liquidation|p2a: Pecharunt
|-damage|p2a: Pecharunt|19/100
|
|upkeep
|turn|18
|
|t:|1760325596
|move|p2a: Pecharunt|Malignant Chain|p1a: Azumarill
|-supereffective|p1a: Azumarill
|-damage|p1a: Azumarill|0 fnt
|faint|p1a: Azumarill
|
|upkeep
|
|t:|1760325601
|switch|p1a: Cinderace|Cinderace, M|20/100
|turn|19
|
|t:|1760325604
|move|p1a: Cinderace|Pyro Ball|p2a: Pecharunt
|-damage|p2a: Pecharunt|0 fnt
|faint|p2a: Pecharunt
|
|upkeep
|
|t:|1760325609
|switch|p2a: Cinderace|Cinderace, F|100/100
|turn|20
|
|t:|1760325612
|move|p1a: Cinderace|High Jump Kick|p2a: Cinderace
|-start|p1a: Cinderace|typechange|Fighting|[from] ability: Libero
|-damage|p2a: Cinderace|16/100
|move|p2a: Cinderace|U-turn|p1a: Cinderace
|-start|p2a: Cinderace|typechange|Bug|[from] ability: Libero
|-resisted|p1a: Cinderace
|-damage|p1a: Cinderace|0 fnt
|faint|p1a: Cinderace
|
|t:|1760325622
|switch|p2a: Scizor|Scizor, M|100/100|[from] U-turn
|
|upkeep
|j| St.Peewee
|
|t:|1760325624
|switch|p1a: Zamazenta|Zamazenta, shiny|100/100
|-ability|p1a: Zamazenta|Dauntless Shield|boost
|-boost|p1a: Zamazenta|def|1
|turn|21
|
|t:|1760325630
|move|p1a: Zamazenta|Iron Defense|p1a: Zamazenta
|-boost|p1a: Zamazenta|def|2
|move|p2a: Scizor|U-turn|p1a: Zamazenta
|-resisted|p1a: Zamazenta
|-damage|p1a: Zamazenta|92/100
|l| St.Peewee
|
|t:|1760325637
|switch|p2a: Raging Bolt|Raging Bolt|100/100|[from] U-turn
|
|-heal|p1a: Zamazenta|98/100|[from] item: Leftovers
|upkeep
|turn|22
|
|t:|1760325646
|-terastallize|p2a: Raging Bolt|Fairy
|move|p1a: Zamazenta|Body Press|p2a: Raging Bolt
|-resisted|p2a: Raging Bolt
|-damage|p2a: Raging Bolt|64/100
|move|p2a: Raging Bolt|Draco Meteor|p1a: Zamazenta
|-damage|p1a: Zamazenta|13/100
|-unboost|p2a: Raging Bolt|spa|2
|
|-heal|p1a: Zamazenta|19/100|[from] item: Leftovers
|upkeep
|turn|23
|
|t:|1760325656
|move|p2a: Raging Bolt|Draco Meteor|p1a: Zamazenta
|-damage|p1a: Zamazenta|0 fnt
|-unboost|p2a: Raging Bolt|spa|2
|faint|p1a: Zamazenta
|
|upkeep
|
|t:|1760325659
|switch|p1a: Raging Bolt|Raging Bolt|100/100
|-enditem|p1a: Raging Bolt|Booster Energy
|-activate|p1a: Raging Bolt|ability: Protosynthesis|[fromitem]
|-start|p1a: Raging Bolt|protosynthesisspa
|turn|24
|
|t:|1760325665
|-end|p2a: Raging Bolt|Protosynthesis|[silent]
|switch|p2a: Ursaluna|Ursaluna, M|100/100
|move|p1a: Raging Bolt|Calm Mind|p1a: Raging Bolt
|-boost|p1a: Raging Bolt|spa|1
|-boost|p1a: Raging Bolt|spd|1
|
|upkeep
|turn|25
|
|t:|1760325671
|-terastallize|p1a: Raging Bolt|Fairy
|move|p1a: Raging Bolt|Dragon Pulse|p2a: Ursaluna
|-damage|p2a: Ursaluna|13/100
|move|p2a: Ursaluna|Headlong Rush|p1a: Raging Bolt
|-damage|p1a: Raging Bolt|17/100
|-unboost|p2a: Ursaluna|def|1
|-unboost|p2a: Ursaluna|spd|1
|
|upkeep
|turn|26
|
|t:|1760325680
|move|p1a: Raging Bolt|Dragon Pulse|p2a: Ursaluna
|-damage|p2a: Ursaluna|0 fnt
|faint|p2a: Ursaluna
|
|upkeep
|
|t:|1760325685
|switch|p2a: Raging Bolt|Raging Bolt, tera:Fairy|64/100
|turn|27
|
|t:|1760325688
|move|p1a: Raging Bolt|Thunderclap|p2a: Raging Bolt
|-damage|p2a: Raging Bolt|0 fnt
|faint|p2a: Raging Bolt
|-end|p2a: Raging Bolt|Protosynthesis|[silent]
|
|upkeep
|
|t:|1760325692
|switch|p2a: Cinderace|Cinderace, F|16/100
|turn|28
|
|t:|1760325696
|move|p1a: Raging Bolt|Thunderclap||[still]
|-fail|p1a: Raging Bolt
|move|p2a: Cinderace|Court Change||[still]
|-start|p2a: Cinderace|typechange|Normal|[from] ability: Libero
|-fail|p2a: Cinderace
|
|upkeep
|turn|29
|
|t:|1760325703
|move|p1a: Raging Bolt|Thunderclap||[still]
|-fail|p1a: Raging Bolt
|move|p2a: Cinderace|Court Change||[still]
|-fail|p2a: Cinderace
|
|upkeep
|turn|30
|
|t:|1760325707
|move|p1a: Raging Bolt|Thunderclap||[still]
|-fail|p1a: Raging Bolt
|move|p2a: Cinderace|Court Change||[still]
|-fail|p2a: Cinderace
|
|upkeep
|turn|31
|
|t:|1760325712
|move|p1a: Raging Bolt|Thunderclap|p2a: Cinderace
|-damage|p2a: Cinderace|0 fnt
|faint|p2a: Cinderace
|
|upkeep
|
|t:|1760325715
|switch|p2a: Scizor|Scizor, M|100/100
|turn|32
|
|t:|1760325719
|move|p1a: Raging Bolt|Thunderclap|p2a: Scizor
|-damage|p2a: Scizor|0 fnt
|faint|p2a: Scizor
|
|win|Magguss
|raw|Magguss's rating: 1709 &rarr; <strong>1730</strong><br />(+21 for winning)
|raw|dia90's rating: 1719 &rarr; <strong>1698</strong><br />(-21 for losing)
|l|☆dia90
|player|p2|
|l|☆Magguss
|player|p1|
|l| loongfushichou4413
|l| bsbsjsksjsossb
