|j|☆woodnuzzle
|j|☆cowboykale
|t:|1760302862
|gametype|singles
|player|p1|woodnuzzle|harlequin|1386
|player|p2|cowboykale|clay|1400
|gen|9
|tier|[Gen 9] OU
|rated|
|rule|HP Percentage Mod: HP is shown in percentages
|rule|Endless Battle Clause: Forcing endless battles is banned
|rule|Species Clause: Limit one of each Pokémon
|rule|OHKO Clause: OHKO moves are banned
|rule|Evasion Items Clause: Evasion items are banned
|rule|Evasion Moves Clause: Evasion moves are banned
|rule|Evasion Abilities Clause: Evasion abilities are banned
|rule|Sleep Moves Clause: Sleep-inducing moves are banned
|clearpoke
|poke|p1|Kyurem|
|poke|p1|Zapdos|
|poke|p1|Gholdengo|
|poke|p1|Kingambit, M|
|poke|p1|Slowking-Galar, M|
|poke|p1|Cinderace, M|
|poke|p2|Lokix, F|
|poke|p2|Raging Bolt|
|poke|p2|Ogerpon-Wellspring, F|
|poke|p2|Skeledirge, F|
|poke|p2|Mamoswine, F|
|poke|p2|Glimmora, F|
|teampreview
|inactive|Battle timer is ON: inactive players will automatically lose when time's up. (requested by cowboykale)
|
|t:|1760302871
|teamsize|p1|6
|teamsize|p2|6
|start
|switch|p1a: Kyurem|Kyurem|100/100
|switch|p2a: UFO|Glimmora, F, shiny|100/100
|-ability|p1a: Kyurem|Pressure
|turn|1
|inactive|cowboykale has 120 seconds left.
|
|t:|1760302920
|switch|p2a: IDK|Ogerpon-Wellspring, F|100/100
|move|p1a: Kyurem|Ice Beam|p2a: IDK
|-damage|p2a: IDK|17/100
|
|upkeep
|turn|2
|
|t:|1760302929
|move|p2a: IDK|U-turn|p1a: Kyurem
|-damage|p1a: Kyurem|74/100
|
|t:|1760302935
|switch|p2a: Manny|Mamoswine, F|100/100|[from] U-turn
|move|p1a: Kyurem|Ice Beam|p2a: Manny
|-damage|p2a: Manny|49/100
|
|upkeep
|turn|3
|
|t:|1760302943
|move|p1a: Kyurem|Ice Beam|p2a: Manny
|-damage|p2a: Manny|0 fnt
|faint|p2a: Manny
|
|upkeep
|
|t:|1760302952
|switch|p2a: UFO|Glimmora, F, shiny|100/100
|turn|4
|
|t:|1760302963
|switch|p1a: Slowking|Slowking-Galar, M|100/100
|move|p2a: UFO|Meteor Beam||[still]
|-prepare|p2a: UFO|Meteor Beam
|-boost|p2a: UFO|spa|1
|-enditem|p2a: UFO|Power Herb
|-anim|p2a: UFO|Meteor Beam|p1a: Slowking
|-damage|p1a: Slowking|50/100
|
|upkeep
|turn|5
|
|t:|1760302971
|switch|p1a: Gholdengo|Gholdengo|100/100
|-item|p1a: Gholdengo|Air Balloon
|move|p2a: UFO|Stealth Rock|p1a: Gholdengo
|-sidestart|p1: woodnuzzle|move: Stealth Rock
|
|upkeep
|turn|6
|
|t:|1760302981
|move|p2a: UFO|Energy Ball|p1a: Gholdengo
|-resisted|p1a: Gholdengo
|-crit|p1a: Gholdengo
|-damage|p1a: Gholdengo|65/100
|-enditem|p1a: Gholdengo|Air Balloon
|move|p1a: Gholdengo|Shadow Ball|p2a: UFO
|-damage|p2a: UFO|53/100
|
|upkeep
|turn|7
|inactive|woodnuzzle has 120 seconds left.
|
|t:|1760303019
|move|p2a: UFO|Energy Ball|p1a: Gholdengo
|-resisted|p1a: Gholdengo
|-damage|p1a: Gholdengo|42/100
|-unboost|p1a: Gholdengo|spd|1
|move|p1a: Gholdengo|Make It Rain|p2a: UFO
|-supereffective|p2a: UFO
|-damage|p2a: UFO|0 fnt
|-unboost|p1a: Gholdengo|spa|1
|faint|p2a: UFO
|
|upkeep
|
|t:|1760303030
|switch|p2a: Karate Boi|Lokix, F|100/100
|turn|8
|
|t:|1760303035
|switch|p2a: Long NECK|Raging Bolt|100/100
|move|p1a: Gholdengo|Make It Rain|p2a: Long NECK
|-resisted|p2a: Long NECK
|-damage|p2a: Long NECK|83/100
|-unboost|p1a: Gholdengo|spa|1
|
|upkeep
|turn|9
|
|t:|1760303044
|switch|p1a: Slowking|Slowking-Galar, M|83/100
|move|p2a: Long NECK|Thunderbolt|p1a: Slowking
|-damage|p1a: Slowking|36/100
|
|upkeep
|turn|10
|
|t:|1760303055
|switch|p1a: Gholdengo|Gholdengo|42/100
|-damage|p1a: Gholdengo|36/100|[from] Stealth Rock
|move|p2a: Long NECK|Thunderbolt|p1a: Gholdengo
|-damage|p1a: Gholdengo|0 fnt
|faint|p1a: Gholdengo
|
|upkeep
|
|t:|1760303061
|switch|p1a: Slowking|Slowking-Galar, M|69/100
|turn|11
|
|t:|1760303068
|-end|p2a: Long NECK|Protosynthesis|[silent]
|switch|p2a: RIP Steve Irwin|Skeledirge, F|100/100
|move|p1a: Slowking|Future Sight|p2a: RIP Steve Irwin
|-start|p1a: Slowking|move: Future Sight
|
|upkeep
|turn|12
|
|t:|1760303073
|move|p2a: RIP Steve Irwin|Will-O-Wisp|p1a: Slowking
|-status|p1a: Slowking|brn
|move|p1a: Slowking|Thunder Wave|p2a: RIP Steve Irwin
|-status|p2a: RIP Steve Irwin|par
|
|-damage|p1a: Slowking|63/100 brn|[from] brn
|upkeep
|turn|13
|
|t:|1760303076
|move|p2a: RIP Steve Irwin|Will-O-Wisp|p1a: Slowking
|-fail|p1a: Slowking|brn
|-prepare|p1a: Slowking|Chilly Reception|[premajor]
|move|p1a: Slowking|Chilly Reception|p1a: Slowking
|-weather|Snowscape
|
|t:|1760303079
|switch|p1a: Cinderace|Cinderace, M|100/100|[from] Chilly Reception
|
|-weather|Snowscape|[upkeep]
|-end|p2a: RIP Steve Irwin|move: Future Sight
|-damage|p2a: RIP Steve Irwin|66/100 par
|upkeep
|turn|14
|
|t:|1760303090
|move|p1a: Cinderace|Pyro Ball|p2a: RIP Steve Irwin
|-resisted|p2a: RIP Steve Irwin
|-damage|p2a: RIP Steve Irwin|44/100 par
|move|p2a: RIP Steve Irwin|Slack Off|p2a: RIP Steve Irwin
|-heal|p2a: RIP Steve Irwin|94/100 par
|
|-weather|Snowscape|[upkeep]
|upkeep
|turn|15
|
|t:|1760303099
|move|p1a: Cinderace|Court Change|p1a: Cinderace
|-start|p1a: Cinderace|typechange|Normal|[from] ability: Libero
|-swapsideconditions
|-activate|p1a: Cinderace|move: Court Change
|move|p2a: RIP Steve Irwin|Torch Song|p1a: Cinderace
|-damage|p1a: Cinderace|61/100
|-boost|p2a: RIP Steve Irwin|spa|1
|
|-weather|Snowscape|[upkeep]
|upkeep
|turn|16
|
|t:|1760303103
|move|p1a: Cinderace|U-turn|p2a: RIP Steve Irwin
|-resisted|p2a: RIP Steve Irwin
|-damage|p2a: RIP Steve Irwin|90/100 par
|
|t:|1760303108
|switch|p1a: Kyurem|Kyurem|74/100|[from] U-turn
|-ability|p1a: Kyurem|Pressure
|move|p2a: RIP Steve Irwin|Torch Song|p1a: Kyurem
|-damage|p1a: Kyurem|32/100
|-boost|p2a: RIP Steve Irwin|spa|1
|
|-weather|Snowscape|[upkeep]
|upkeep
|turn|17
|
|t:|1760303118
|move|p1a: Kyurem|Earth Power|p2a: RIP Steve Irwin
|-supereffective|p2a: RIP Steve Irwin
|-damage|p2a: RIP Steve Irwin|23/100 par
|move|p2a: RIP Steve Irwin|Torch Song|p1a: Kyurem
|-damage|p1a: Kyurem|0 fnt
|-boost|p2a: RIP Steve Irwin|spa|1
|faint|p1a: Kyurem
|
|-weather|none
|upkeep
|
|t:|1760303122
|switch|p1a: Zapdos|Zapdos|100/100
|turn|18
|
|t:|1760303134
|move|p1a: Zapdos|Volt Switch|p2a: RIP Steve Irwin
|-damage|p2a: RIP Steve Irwin|3/100 par
|
|t:|1760303137
|switch|p1a: Cinderace|Cinderace, M|61/100|[from] Volt Switch
|move|p2a: RIP Steve Irwin|Slack Off|p2a: RIP Steve Irwin
|-heal|p2a: RIP Steve Irwin|53/100 par
|
|upkeep
|turn|19
|
|t:|1760303143
|move|p1a: Cinderace|Pyro Ball|p2a: RIP Steve Irwin
|-resisted|p2a: RIP Steve Irwin
|-damage|p2a: RIP Steve Irwin|33/100 par
|cant|p2a: RIP Steve Irwin|par
|
|upkeep
|turn|20
|
|t:|1760303161
|move|p1a: Cinderace|Pyro Ball|p2a: RIP Steve Irwin
|-resisted|p2a: RIP Steve Irwin
|-damage|p2a: RIP Steve Irwin|14/100 par
|cant|p2a: RIP Steve Irwin|par
|
|upkeep
|turn|21
|
|t:|1760303171
|move|p1a: Cinderace|Pyro Ball|p2a: RIP Steve Irwin
|-resisted|p2a: RIP Steve Irwin
|-damage|p2a: RIP Steve Irwin|0 fnt
|faint|p2a: RIP Steve Irwin
|
|upkeep
|
|t:|1760303176
|switch|p2a: Long NECK|Raging Bolt|83/100
|-damage|p2a: Long NECK|71/100|[from] Stealth Rock
|turn|22
|
|t:|1760303182
|move|p1a: Cinderace|Will-O-Wisp|p2a: Long NECK
|-status|p2a: Long NECK|brn
|move|p2a: Long NECK|Volt Switch|p1a: Cinderace
|-damage|p1a: Cinderace|0 fnt
|faint|p1a: Cinderace
|
|t:|1760303206
|-end|p2a: Long NECK|Protosynthesis|[silent]
|switch|p2a: IDK|Ogerpon-Wellspring, F|17/100|[from] Volt Switch
|-damage|p2a: IDK|4/100|[from] Stealth Rock
|
|upkeep
|
|t:|1760303214
|switch|p1a: Zapdos|Zapdos|100/100
|turn|23
|
|t:|1760303220
|move|p2a: IDK|Ivy Cudgel|p1a: Zapdos|[anim] Ivy Cudgel Water
|-damage|p1a: Zapdos|62/100
|move|p1a: Zapdos|U-turn|p2a: IDK
|-supereffective|p2a: IDK
|-damage|p2a: IDK|0 fnt
|faint|p2a: IDK
|
|t:|1760303233
|switch|p1a: Slowking|Slowking-Galar, M|96/100 brn|[from] U-turn
|
|-damage|p1a: Slowking|90/100 brn|[from] brn
|upkeep
|
|t:|1760303236
|switch|p2a: Karate Boi|Lokix, F|100/100
|turn|24
|
|t:|1760303245
|-terastallize|p1a: Slowking|Water
|move|p2a: Karate Boi|Knock Off|p1a: Slowking
|-damage|p1a: Slowking|49/100 brn
|-enditem|p1a: Slowking|Heavy-Duty Boots|[from] move: Knock Off|[of] p2a: Karate Boi
|move|p1a: Slowking|Thunder Wave|p2a: Karate Boi
|-status|p2a: Karate Boi|par
|
|-damage|p1a: Slowking|43/100 brn|[from] brn
|upkeep
|turn|25
|
|t:|1760303254
|move|p2a: Karate Boi|U-turn|p1a: Slowking
|-damage|p1a: Slowking|8/100 brn
|
|t:|1760303257
|switch|p2a: Long NECK|Raging Bolt|71/100 brn|[from] U-turn
|-damage|p2a: Long NECK|59/100 brn|[from] Stealth Rock
|-prepare|p1a: Slowking|Chilly Reception|[premajor]
|move|p1a: Slowking|Chilly Reception|p1a: Slowking
|-weather|Snowscape
|
|t:|1760303260
|switch|p1a: Kingambit|Kingambit, M|100/100|[from] Chilly Reception
|-activate|p1a: Kingambit|ability: Supreme Overlord
|-start|p1a: Kingambit|fallen3|[silent]
|-item|p1a: Kingambit|Air Balloon
|
|-weather|Snowscape|[upkeep]
|-damage|p2a: Long NECK|53/100 brn|[from] brn
|upkeep
|turn|26
|
|t:|1760303280
|-end|p1a: Kingambit|fallen3|[silent]
|switch|p1a: Slowking|Slowking-Galar, M, tera:Water|42/100 brn
|move|p2a: Long NECK|Volt Switch|p1a: Slowking
|-supereffective|p1a: Slowking
|-damage|p1a: Slowking|0 fnt
|faint|p1a: Slowking
|
|t:|1760303286
|-end|p2a: Long NECK|Protosynthesis|[silent]
|switch|p2a: Karate Boi|Lokix, F|100/100 par|[from] Volt Switch
|
|-weather|Snowscape|[upkeep]
|upkeep
|
|t:|1760303289
|switch|p1a: Zapdos|Zapdos|62/100
|turn|27
|
|t:|1760303293
|move|p2a: Karate Boi|Sucker Punch||[still]
|-fail|p2a: Karate Boi
|move|p1a: Zapdos|Roost|p1a: Zapdos
|-heal|p1a: Zapdos|100/100
|-singleturn|p1a: Zapdos|move: Roost
|
|-weather|Snowscape|[upkeep]
|upkeep
|turn|28
|
|t:|1760303297
|move|p1a: Zapdos|Hurricane|p2a: Karate Boi
|-supereffective|p2a: Karate Boi
|-damage|p2a: Karate Boi|0 fnt
|faint|p2a: Karate Boi
|
|-weather|Snowscape|[upkeep]
|upkeep
|
|t:|1760303299
|switch|p2a: Long NECK|Raging Bolt|53/100 brn
|-damage|p2a: Long NECK|40/100 brn|[from] Stealth Rock
|turn|29
|
|t:|1760303303
|move|p2a: Long NECK|Thunderbolt|p1a: Zapdos
|-damage|p1a: Zapdos|18/100
|move|p1a: Zapdos|Roost|p1a: Zapdos
|-heal|p1a: Zapdos|68/100
|-singleturn|p1a: Zapdos|move: Roost
|
|-weather|none
|-damage|p2a: Long NECK|34/100 brn|[from] brn
|upkeep
|turn|30
|
|t:|1760303313
|move|p2a: Long NECK|Thunderbolt|p1a: Zapdos
|-damage|p1a: Zapdos|0 fnt
|faint|p1a: Zapdos
|
|-damage|p2a: Long NECK|28/100 brn|[from] brn
|upkeep
|
|t:|1760303315
|switch|p1a: Kingambit|Kingambit, M|100/100
|-activate|p1a: Kingambit|ability: Supreme Overlord
|-start|p1a: Kingambit|fallen5|[silent]
|-item|p1a: Kingambit|Air Balloon
|turn|31
|
|t:|1760303317
|-terastallize|p2a: Long NECK|Fairy
|move|p1a: Kingambit|Sucker Punch|p2a: Long NECK
|-resisted|p2a: Long NECK
|-damage|p2a: Long NECK|0 fnt
|faint|p2a: Long NECK
|-end|p2a: Long NECK|Protosynthesis|[silent]
|
|win|woodnuzzle
|raw|woodnuzzle's rating: 1386 &rarr; <strong>1407</strong><br />(+21 for winning)
|raw|cowboykale's rating: 1400 &rarr; <strong>1379</strong><br />(-21 for losing)
|l|☆cowboykale
|player|p2|
