|j|☆Rhyzilla
|j|☆animeGametestteam
|t:|1760330166
|gametype|singles
|player|p1|Rhyzilla|pokemaniac|1271
|player|p2|animeGametestteam|acetrainer-gen4dp|1238
|gen|9
|tier|[Gen 9] OU
|rated|
|rule|HP Percentage Mod: HP is shown in percentages
|rule|Endless Battle Clause: Forcing endless battles is banned
|rule|Species Clause: Limit one of each Pokémon
|rule|OHKO Clause: OHKO moves are banned
|rule|Evasion Items Clause: Evasion items are banned
|rule|Evasion Moves Clause: Evasion moves are banned
|rule|Evasion Abilities Clause: Evasion abilities are banned
|rule|Sleep Moves Clause: Sleep-inducing moves are banned
|clearpoke
|poke|p1|Clodsire, F|
|poke|p1|Hatterene, F|
|poke|p1|Meowscarada, M|
|poke|p1|Garganacl, F|
|poke|p1|Iron Valiant|
|poke|p1|Kingambit, F|
|poke|p2|Tsareena, F|
|poke|p2|Incineroar, M|
|poke|p2|Toxapex, M|
|poke|p2|Kommo-o, M|
|poke|p2|Mimikyu, M|
|poke|p2|Lycanroc, M|
|teampreview
|inactive|Battle timer is ON: inactive players will automatically lose when time's up. (requested by Rhyzilla)
|c|☆Rhyzilla|glhf
|c|☆Rhyzilla|very gen 7 I like it
|
|t:|1760330187
|teamsize|p1|6
|teamsize|p2|6
|start
|switch|p1a: Garganacl|Garganacl, F|100/100
|switch|p2a: Tsareena|Tsareena, F|100/100
|turn|1
|
|t:|1760330199
|move|p2a: Tsareena|Trop Kick|p1a: Garganacl
|-supereffective|p1a: Garganacl
|-damage|p1a: Garganacl|53/100
|-unboost|p1a: Garganacl|atk|1
|move|p1a: Garganacl|Salt Cure|p2a: Tsareena
|-damage|p2a: Tsareena|89/100
|-start|p2a: Tsareena|Salt Cure
|
|-heal|p1a: Garganacl|59/100|[from] item: Leftovers
|-damage|p2a: Tsareena|76/100|[from] Salt Cure
|upkeep
|turn|2
|
|t:|1760330211
|switch|p1a: Iron Valiant|Iron Valiant|100/100
|-enditem|p1a: Iron Valiant|Booster Energy
|-activate|p1a: Iron Valiant|ability: Quark Drive|[fromitem]
|-start|p1a: Iron Valiant|quarkdrivespe
|move|p2a: Tsareena|U-turn|p1a: Iron Valiant
|-resisted|p1a: Iron Valiant
|-damage|p1a: Iron Valiant|94/100
|
|t:|1760330220
|switch|p2a: Mimikyu|Mimikyu, M|100/100|[from] U-turn
|
|upkeep
|turn|3
|
|t:|1760330228
|move|p1a: Iron Valiant|Thunderbolt|p2a: Mimikyu
|-activate|p2a: Mimikyu|ability: Disguise
|-damage|p2a: Mimikyu|100/100
|detailschange|p2a: Mimikyu|Mimikyu-Busted, M
|-damage|p2a: Mimikyu|88/100|[from] pokemon: Mimikyu-Busted
|move|p2a: Mimikyu|Play Rough|p1a: Iron Valiant
|-supereffective|p1a: Iron Valiant
|-damage|p1a: Iron Valiant|0 fnt
|faint|p1a: Iron Valiant
|-end|p1a: Iron Valiant|Quark Drive|[silent]
|-damage|p2a: Mimikyu|78/100|[from] item: Life Orb
|
|upkeep
|
|t:|1760330246
|switch|p1a: Garganacl|Garganacl, F|59/100
|turn|4
|
|t:|1760330251
|move|p2a: Mimikyu|Drain Punch|p1a: Garganacl
|-supereffective|p1a: Garganacl
|-damage|p1a: Garganacl|26/100
|-heal|p2a: Mimikyu|100/100|[from] drain|[of] p1a: Garganacl
|-damage|p2a: Mimikyu|91/100|[from] item: Life Orb
|move|p1a: Garganacl|Salt Cure|p2a: Mimikyu
|-damage|p2a: Mimikyu|66/100
|-start|p2a: Mimikyu|Salt Cure
|
|-heal|p1a: Garganacl|32/100|[from] item: Leftovers
|-damage|p2a: Mimikyu|54/100|[from] Salt Cure
|upkeep
|turn|5
|
|t:|1760330265
|switch|p2a: Kommo-o|Kommo-o, M|100/100
|switch|p1a: Clodsire|Clodsire, F|100/100
|
|upkeep
|turn|6
|
|t:|1760330280
|switch|p2a: Toxapex|Toxapex, M|100/100
|move|p1a: Clodsire|Toxic|p2a: Toxapex
|-immune|p2a: Toxapex
|
|upkeep
|turn|7
|
|t:|1760330290
|switch|p1a: Hatterene|Hatterene, F|100/100
|move|p2a: Toxapex|Chilling Water|p1a: Hatterene
|-damage|p1a: Hatterene|90/100
|-unboost|p1a: Hatterene|atk|1
|
|-heal|p1a: Hatterene|96/100|[from] item: Leftovers
|upkeep
|turn|8
|
|t:|1760330302
|switch|p2a: Tsareena|Tsareena, F|76/100
|move|p1a: Hatterene|Calm Mind|p1a: Hatterene
|-boost|p1a: Hatterene|spa|1
|-boost|p1a: Hatterene|spd|1
|
|-heal|p1a: Hatterene|100/100|[from] item: Leftovers
|upkeep
|turn|9
|
|t:|1760330313
|move|p2a: Tsareena|Trop Kick|p1a: Hatterene
|-damage|p1a: Hatterene|58/100
|-unboost|p1a: Hatterene|atk|1
|move|p1a: Hatterene|Nuzzle|p2a: Tsareena
|-resisted|p2a: Tsareena
|-damage|p2a: Tsareena|75/100
|-status|p2a: Tsareena|par
|-enditem|p2a: Tsareena|Lum Berry|[eat]
|-curestatus|p2a: Tsareena|par|[msg]
|
|-heal|p1a: Hatterene|64/100|[from] item: Leftovers
|upkeep
|turn|10
|
|t:|1760330327
|move|p2a: Tsareena|Trop Kick|p1a: Hatterene
|-damage|p1a: Hatterene|28/100
|-unboost|p1a: Hatterene|atk|1
|move|p1a: Hatterene|Nuzzle|p2a: Tsareena
|-resisted|p2a: Tsareena
|-damage|p2a: Tsareena|74/100
|-status|p2a: Tsareena|par
|
|-heal|p1a: Hatterene|34/100|[from] item: Leftovers
|upkeep
|turn|11
|
|t:|1760330340
|move|p2a: Tsareena|Trop Kick|p1a: Hatterene
|-damage|p1a: Hatterene|0 fnt
|faint|p1a: Hatterene
|
|upkeep
|
|t:|1760330348
|switch|p1a: Meowscarada|Meowscarada, M|100/100
|turn|12
|
|t:|1760330352
|switch|p2a: Toxapex|Toxapex, M|100/100
|move|p1a: Meowscarada|Triple Axel|p2a: Toxapex
|-start|p1a: Meowscarada|typechange|Ice|[from] ability: Protean
|-resisted|p2a: Toxapex
|-damage|p2a: Toxapex|98/100
|-damage|p1a: Meowscarada|84/100|[from] item: Rocky Helmet|[of] p2a: Toxapex
|-resisted|p2a: Toxapex
|-damage|p2a: Toxapex|92/100
|-damage|p1a: Meowscarada|68/100|[from] item: Rocky Helmet|[of] p2a: Toxapex
|-resisted|p2a: Toxapex
|-damage|p2a: Toxapex|83/100
|-damage|p1a: Meowscarada|51/100|[from] item: Rocky Helmet|[of] p2a: Toxapex
|-hitcount|p2a: Toxapex|3
|
|upkeep
|turn|13
|
|t:|1760330368
|move|p1a: Meowscarada|Flower Trick|p2a: Toxapex
|-crit|p2a: Toxapex
|-damage|p2a: Toxapex|63/100
|move|p2a: Toxapex|Chilling Water|p1a: Meowscarada
|-damage|p1a: Meowscarada|36/100
|-unboost|p1a: Meowscarada|atk|1
|
|upkeep
|turn|14
|
|t:|1760330378
|switch|p1a: Garganacl|Garganacl, F|32/100
|move|p2a: Toxapex|Chilling Water|p1a: Garganacl
|-supereffective|p1a: Garganacl
|-damage|p1a: Garganacl|19/100
|-unboost|p1a: Garganacl|atk|1
|
|-heal|p1a: Garganacl|25/100|[from] item: Leftovers
|upkeep
|turn|15
|
|t:|1760330396
|move|p2a: Toxapex|Baneful Bunker|p2a: Toxapex
|-singleturn|p2a: Toxapex|move: Protect
|move|p1a: Garganacl|Recover|p1a: Garganacl
|-heal|p1a: Garganacl|75/100
|
|-heal|p1a: Garganacl|81/100|[from] item: Leftovers
|upkeep
|turn|16
|
|t:|1760330409
|move|p2a: Toxapex|Chilling Water|p1a: Garganacl
|-supereffective|p1a: Garganacl
|-damage|p1a: Garganacl|68/100
|-unboost|p1a: Garganacl|atk|1
|move|p1a: Garganacl|Salt Cure|p2a: Toxapex
|-damage|p2a: Toxapex|58/100
|-start|p2a: Toxapex|Salt Cure
|
|-heal|p1a: Garganacl|74/100|[from] item: Leftovers
|-damage|p2a: Toxapex|33/100|[from] Salt Cure
|upkeep
|turn|17
|
|t:|1760330424
|switch|p2a: Kommo-o|Kommo-o, M|100/100
|move|p1a: Garganacl|Iron Defense|p1a: Garganacl
|-boost|p1a: Garganacl|def|2
|
|-heal|p1a: Garganacl|80/100|[from] item: Leftovers
|upkeep
|turn|18
|
|t:|1760330435
|move|p2a: Kommo-o|Clangorous Soul|p2a: Kommo-o
|-boost|p2a: Kommo-o|atk|1
|-boost|p2a: Kommo-o|def|1
|-boost|p2a: Kommo-o|spa|1
|-boost|p2a: Kommo-o|spd|1
|-boost|p2a: Kommo-o|spe|1
|-damage|p2a: Kommo-o|68/100
|move|p1a: Garganacl|Body Press|p2a: Kommo-o
|-damage|p2a: Kommo-o|39/100
|-enditem|p2a: Kommo-o|Sitrus Berry|[eat]
|-heal|p2a: Kommo-o|63/100|[from] item: Sitrus Berry
|
|-heal|p1a: Garganacl|86/100|[from] item: Leftovers
|upkeep
|turn|19
|
|t:|1760330452
|-terastallize|p1a: Garganacl|Fighting
|move|p2a: Kommo-o|Clanging Scales|p1a: Garganacl
|-damage|p1a: Garganacl|39/100
|-unboost|p2a: Kommo-o|def|1
|move|p1a: Garganacl|Salt Cure|p2a: Kommo-o
|-resisted|p2a: Kommo-o
|-damage|p2a: Kommo-o|60/100
|-start|p2a: Kommo-o|Salt Cure
|
|-heal|p1a: Garganacl|45/100|[from] item: Leftovers
|-damage|p2a: Kommo-o|48/100|[from] Salt Cure
|upkeep
|turn|20
|
|t:|1760330468
|switch|p1a: Clodsire|Clodsire, F|100/100
|move|p2a: Kommo-o|Clanging Scales|p1a: Clodsire
|-damage|p1a: Clodsire|75/100
|-unboost|p2a: Kommo-o|def|1
|
|-heal|p1a: Clodsire|82/100|[from] item: Leftovers
|-damage|p2a: Kommo-o|35/100|[from] Salt Cure
|upkeep
|turn|21
|
|t:|1760330486
|switch|p2a: Toxapex|Toxapex, M|66/100
|move|p1a: Clodsire|Earthquake|p2a: Toxapex
|-supereffective|p2a: Toxapex
|-damage|p2a: Toxapex|33/100
|
|-heal|p1a: Clodsire|88/100|[from] item: Leftovers
|upkeep
|turn|22
|
|t:|1760330495
|switch|p2a: Tsareena|Tsareena, F|74/100 par
|move|p1a: Clodsire|Earthquake|p2a: Tsareena
|-resisted|p2a: Tsareena
|-damage|p2a: Tsareena|59/100 par
|
|-heal|p1a: Clodsire|94/100|[from] item: Leftovers
|upkeep
|turn|23
|
|t:|1760330508
|move|p2a: Tsareena|Rapid Spin|p1a: Clodsire
|-damage|p1a: Clodsire|77/100
|-boost|p2a: Tsareena|spe|1
|move|p1a: Clodsire|Stealth Rock|p2a: Tsareena
|-sidestart|p2: animeGametestteam|move: Stealth Rock
|
|-heal|p1a: Clodsire|83/100|[from] item: Leftovers
|upkeep
|turn|24
|
|t:|1760330517
|switch|p1a: Garganacl|Garganacl, F, tera:Fighting|45/100
|cant|p2a: Tsareena|par
|
|-heal|p1a: Garganacl|51/100|[from] item: Leftovers
|upkeep
|turn|25
|
|t:|1760330526
|cant|p2a: Tsareena|par
|move|p1a: Garganacl|Recover|p1a: Garganacl
|-heal|p1a: Garganacl|100/100
|
|upkeep
|turn|26
|
|t:|1760330533
|cant|p2a: Tsareena|par
|move|p1a: Garganacl|Iron Defense|p1a: Garganacl
|-boost|p1a: Garganacl|def|2
|
|upkeep
|turn|27
|
|t:|1760330548
|switch|p2a: Mimikyu|Mimikyu-Busted, M|54/100
|-damage|p2a: Mimikyu|42/100|[from] Stealth Rock
|move|p1a: Garganacl|Iron Defense|p1a: Garganacl
|-boost|p1a: Garganacl|def|2
|
|upkeep
|turn|28
|
|t:|1760330562
|move|p2a: Mimikyu|Play Rough|p1a: Garganacl
|-supereffective|p1a: Garganacl
|-damage|p1a: Garganacl|79/100
|-damage|p2a: Mimikyu|32/100|[from] item: Life Orb
|move|p1a: Garganacl|Salt Cure|p2a: Mimikyu
|-damage|p2a: Mimikyu|10/100
|-start|p2a: Mimikyu|Salt Cure
|
|-heal|p1a: Garganacl|85/100|[from] item: Leftovers
|-damage|p2a: Mimikyu|0 fnt|[from] Salt Cure
|faint|p2a: Mimikyu
|upkeep
|
|t:|1760330579
|switch|p2a: Tsareena|Tsareena, F|59/100 par
|-damage|p2a: Tsareena|46/100 par|[from] Stealth Rock
|turn|29
|
|t:|1760330586
|cant|p2a: Tsareena|par
|move|p1a: Garganacl|Body Press|p2a: Tsareena
|-damage|p2a: Tsareena|0 fnt
|faint|p2a: Tsareena
|
|-heal|p1a: Garganacl|91/100|[from] item: Leftovers
|upkeep
|inactive|animeGametestteam has 120 seconds left.
|
|t:|1760330606
|switch|p2a: Toxapex|Toxapex, M|66/100
|-damage|p2a: Toxapex|54/100|[from] Stealth Rock
|turn|30
|c|☆Rhyzilla|kind of lacking on special attack it seems
|inactive|animeGametestteam has 120 seconds left.
|
|t:|1760330613
|-terastallize|p2a: Toxapex|Dragon
|move|p1a: Garganacl|Salt Cure|p2a: Toxapex
|-damage|p2a: Toxapex|44/100
|-start|p2a: Toxapex|Salt Cure
|move|p2a: Toxapex|Recover|p2a: Toxapex
|-heal|p2a: Toxapex|95/100
|
|-heal|p1a: Garganacl|97/100|[from] item: Leftovers
|-damage|p2a: Toxapex|82/100|[from] Salt Cure
|upkeep
|turn|31
|inactive|animeGametestteam has 120 seconds left.
|
|t:|1760330625
|move|p1a: Garganacl|Iron Defense|p1a: Garganacl
|-boost|p1a: Garganacl|def|2
|move|p2a: Toxapex|Chilling Water|p1a: Garganacl
|-damage|p1a: Garganacl|91/100
|-unboost|p1a: Garganacl|atk|1
|
|-heal|p1a: Garganacl|97/100|[from] item: Leftovers
|-damage|p2a: Toxapex|70/100|[from] Salt Cure
|upkeep
|turn|32
|inactive|animeGametestteam has 120 seconds left.
|
|t:|1760330636
|move|p2a: Toxapex|Baneful Bunker|p2a: Toxapex
|-singleturn|p2a: Toxapex|move: Protect
|move|p1a: Garganacl|Body Press|p2a: Toxapex
|-activate|p2a: Toxapex|move: Protect
|
|-heal|p1a: Garganacl|100/100|[from] item: Leftovers
|-damage|p2a: Toxapex|58/100|[from] Salt Cure
|upkeep
|turn|33
|-message|animeGametestteam forfeited.
|
|win|Rhyzilla
|raw|Rhyzilla's rating: 1271 &rarr; <strong>1294</strong><br />(+23 for winning)
|raw|animeGametestteam's rating: 1238 &rarr; <strong>1215</strong><br />(-23 for losing)
|l|☆animeGametestteam
|player|p2|
|c|☆Rhyzilla|gg
|l|☆Rhyzilla
|player|p1|
