|j|☆Breeder Klent
|j|☆Firebreathe
|t:|1760368609
|gametype|singles
|player|p1|Breeder Klent|pokemonbreeder-gen4|1174
|player|p2|Firebreathe|gambler|1138
|gen|9
|tier|[Gen 9] OU
|rated|
|rule|HP Percentage Mod: HP is shown in percentages
|rule|Endless Battle Clause: Forcing endless battles is banned
|rule|Species Clause: Limit one of each Pokémon
|rule|OHKO Clause: OHKO moves are banned
|rule|Evasion Items Clause: Evasion items are banned
|rule|Evasion Moves Clause: Evasion moves are banned
|rule|Evasion Abilities Clause: Evasion abilities are banned
|rule|Sleep Moves Clause: Sleep-inducing moves are banned
|clearpoke
|poke|p1|Gliscor, F|
|poke|p1|Blissey, F|
|poke|p1|Weezing-Galar, F|
|poke|p1|Toxapex, M|
|poke|p1|Talonflame, M|
|poke|p1|Dondozo, M|
|poke|p2|Indeedee-F, F|
|poke|p2|Armarouge, F|
|poke|p2|Raging Bolt|
|poke|p2|Weavile, M|
|poke|p2|Ceruledge, M|
|poke|p2|Great Tusk|
|teampreview
|inactive|Battle timer is ON: inactive players will automatically lose when time's up. (requested by Firebreathe)
|
|t:|1760368623
|teamsize|p1|6
|teamsize|p2|6
|start
|switch|p1a: Blissey|Blissey, F|100/100
|switch|p2a: Indeedee|Indeedee-F, F|100/100
|-fieldstart|move: Psychic Terrain|[from] ability: Psychic Surge|[of] p2a: Indeedee
|turn|1
|
|t:|1760368631
|move|p2a: Indeedee|Psyshock|p1a: Blissey
|-damage|p1a: Blissey|53/100
|move|p1a: Blissey|Stealth Rock|p2a: Indeedee
|-sidestart|p2: Firebreathe|move: Stealth Rock
|
|-heal|p1a: Blissey|60/100|[from] item: Leftovers
|upkeep
|turn|2
|
|t:|1760368646
|switch|p2a: Great Tusk|Great Tusk|100/100
|move|p1a: Blissey|Calm Mind|p1a: Blissey
|-boost|p1a: Blissey|spa|1
|-boost|p1a: Blissey|spd|1
|
|-heal|p1a: Blissey|66/100|[from] item: Leftovers
|upkeep
|turn|3
|
|t:|1760368657
|switch|p1a: Dondozo|Dondozo, M|100/100
|move|p2a: Great Tusk|Rapid Spin|p1a: Dondozo
|-damage|p1a: Dondozo|89/100
|-boost|p2a: Great Tusk|spe|1
|-sideend|p2: Firebreathe|Stealth Rock|[from] move: Rapid Spin|[of] p2a: Great Tusk
|
|-heal|p1a: Dondozo|96/100|[from] item: Leftovers
|upkeep
|turn|4
|
|t:|1760368665
|-end|p2a: Great Tusk|Protosynthesis|[silent]
|switch|p2a: Raging Bolt|Raging Bolt|100/100
|-enditem|p2a: Raging Bolt|Booster Energy
|-activate|p2a: Raging Bolt|ability: Protosynthesis|[fromitem]
|-start|p2a: Raging Bolt|protosynthesisspa
|move|p1a: Dondozo|Curse|p1a: Dondozo
|-unboost|p1a: Dondozo|spe|1
|-boost|p1a: Dondozo|atk|1
|-boost|p1a: Dondozo|def|1
|
|-heal|p1a: Dondozo|100/100|[from] item: Leftovers
|upkeep
|turn|5
|
|t:|1760368677
|switch|p1a: Blissey|Blissey, F|66/100
|move|p2a: Raging Bolt|Calm Mind|p2a: Raging Bolt
|-boost|p2a: Raging Bolt|spa|1
|-boost|p2a: Raging Bolt|spd|1
|
|-heal|p1a: Blissey|72/100|[from] item: Leftovers
|upkeep
|turn|6
|
|t:|1760368684
|move|p2a: Raging Bolt|Draco Meteor|p1a: Blissey
|-damage|p1a: Blissey|26/100
|-unboost|p2a: Raging Bolt|spa|2
|move|p1a: Blissey|Calm Mind|p1a: Blissey
|-boost|p1a: Blissey|spa|1
|-boost|p1a: Blissey|spd|1
|
|-heal|p1a: Blissey|32/100|[from] item: Leftovers
|upkeep
|turn|7
|
|t:|1760368694
|-end|p2a: Raging Bolt|Protosynthesis|[silent]
|switch|p2a: Weavile|Weavile, M|100/100
|-ability|p2a: Weavile|Pressure
|move|p1a: Blissey|Soft-Boiled|p1a: Blissey
|-heal|p1a: Blissey|82/100
|
|-heal|p1a: Blissey|88/100|[from] item: Leftovers
|upkeep
|turn|8
|
|t:|1760368705
|switch|p1a: Dondozo|Dondozo, M|100/100
|move|p2a: Weavile|Knock Off|p1a: Dondozo
|-damage|p1a: Dondozo|59/100
|-enditem|p1a: Dondozo|Leftovers|[from] move: Knock Off|[of] p2a: Weavile
|
|-fieldend|move: Psychic Terrain
|upkeep
|turn|9
|
|t:|1760368715
|switch|p2a: Indeedee|Indeedee-F, F|100/100
|-fieldstart|move: Psychic Terrain|[from] ability: Psychic Surge|[of] p2a: Indeedee
|move|p1a: Dondozo|Rest|p1a: Dondozo
|-status|p1a: Dondozo|slp|[from] move: Rest
|-heal|p1a: Dondozo|100/100 slp|[silent]
|
|upkeep
|turn|10
|
|t:|1760368727
|switch|p2a: Armarouge|Armarouge, F|100/100
|cant|p1a: Dondozo|slp
|move|p1a: Dondozo|Sleep Talk|p1a: Dondozo
|move|p1a: Dondozo|Rest||[from] move: Sleep Talk|[still]
|-fail|p1a: Dondozo
|
|upkeep
|turn|11
|
|t:|1760368736
|switch|p1a: Toxapex|Toxapex, M|100/100
|move|p2a: Armarouge|Expanding Force|p1a: Toxapex
|-supereffective|p1a: Toxapex
|-damage|p1a: Toxapex|0 fnt
|faint|p1a: Toxapex
|
|upkeep
|
|t:|1760368745
|switch|p1a: Blissey|Blissey, F|88/100
|turn|12
|
|t:|1760368751
|switch|p2a: Weavile|Weavile, M|100/100
|-ability|p2a: Weavile|Pressure
|move|p1a: Blissey|Calm Mind|p1a: Blissey
|-boost|p1a: Blissey|spa|1
|-boost|p1a: Blissey|spd|1
|
|-heal|p1a: Blissey|94/100|[from] item: Leftovers
|upkeep
|turn|13
|
|t:|1760368764
|switch|p1a: Weezing|Weezing-Galar, F|100/100
|-ability|p1a: Weezing|Neutralizing Gas
|move|p2a: Weavile|Knock Off|p1a: Weezing
|-resisted|p1a: Weezing
|-damage|p1a: Weezing|76/100
|-enditem|p1a: Weezing|Heavy-Duty Boots|[from] move: Knock Off|[of] p2a: Weavile
|
|upkeep
|turn|14
|
|t:|1760368776
|switch|p2a: Great Tusk|Great Tusk|100/100
|move|p1a: Weezing|Will-O-Wisp|p2a: Great Tusk|[miss]
|-miss|p1a: Weezing|p2a: Great Tusk
|
|upkeep
|turn|15
|
|t:|1760368782
|-end|p1a: Weezing|ability: Neutralizing Gas
|switch|p1a: Gliscor|Gliscor, F|100/100
|move|p2a: Great Tusk|Headlong Rush|p1a: Gliscor
|-immune|p1a: Gliscor
|
|-status|p1a: Gliscor|tox|[from] item: Toxic Orb
|upkeep
|turn|16
|
|t:|1760368796
|move|p1a: Gliscor|Protect|p1a: Gliscor
|-singleturn|p1a: Gliscor|Protect
|move|p2a: Great Tusk|Stealth Rock|p1a: Gliscor
|-sidestart|p1: Breeder Klent|move: Stealth Rock
|
|-fieldend|move: Psychic Terrain
|upkeep
|turn|17
|
|t:|1760368803
|-end|p2a: Great Tusk|Protosynthesis|[silent]
|switch|p2a: Weavile|Weavile, M|100/100
|-ability|p2a: Weavile|Pressure
|move|p1a: Gliscor|Spikes|p2a: Weavile
|-sidestart|p2: Firebreathe|Spikes
|
|upkeep
|turn|18
|
|t:|1760368812
|move|p2a: Weavile|Icicle Crash|p1a: Gliscor
|-supereffective|p1a: Gliscor
|-damage|p1a: Gliscor|0 fnt
|faint|p1a: Gliscor
|
|upkeep
|
|t:|1760368820
|switch|p1a: Talonflame|Talonflame, M|100/100
|turn|19
|
|t:|1760368823
|switch|p2a: Great Tusk|Great Tusk|100/100
|move|p1a: Talonflame|Will-O-Wisp|p2a: Great Tusk
|-status|p2a: Great Tusk|brn
|
|-damage|p2a: Great Tusk|94/100 brn|[from] brn
|upkeep
|turn|20
|
|t:|1760368831
|switch|p1a: Dondozo|Dondozo, M|100/100 slp
|-damage|p1a: Dondozo|88/100 slp|[from] Stealth Rock
|move|p2a: Great Tusk|Rapid Spin|p1a: Dondozo
|-damage|p1a: Dondozo|83/100 slp
|-boost|p2a: Great Tusk|spe|1
|-sideend|p2: Firebreathe|Spikes|[from] move: Rapid Spin|[of] p2a: Great Tusk
|
|-damage|p2a: Great Tusk|88/100 brn|[from] brn
|upkeep
|turn|21
|
|t:|1760368842
|-end|p2a: Great Tusk|Protosynthesis|[silent]
|switch|p2a: Indeedee|Indeedee-F, F|100/100
|-fieldstart|move: Psychic Terrain|[from] ability: Psychic Surge|[of] p2a: Indeedee
|cant|p1a: Dondozo|slp
|move|p1a: Dondozo|Sleep Talk|p1a: Dondozo
|move|p1a: Dondozo|Curse|p1a: Dondozo|[from] move: Sleep Talk
|-unboost|p1a: Dondozo|spe|1
|-boost|p1a: Dondozo|atk|1
|-boost|p1a: Dondozo|def|1
|
|upkeep
|turn|22
|
|t:|1760368853
|switch|p2a: Armarouge|Armarouge, F|100/100
|switch|p1a: Blissey|Blissey, F|94/100
|-damage|p1a: Blissey|82/100|[from] Stealth Rock
|
|-heal|p1a: Blissey|88/100|[from] item: Leftovers
|upkeep
|turn|23
|
|t:|1760368869
|switch|p2a: Weavile|Weavile, M|100/100
|-ability|p2a: Weavile|Pressure
|move|p1a: Blissey|Calm Mind|p1a: Blissey
|-boost|p1a: Blissey|spa|1
|-boost|p1a: Blissey|spd|1
|
|-heal|p1a: Blissey|94/100|[from] item: Leftovers
|upkeep
|turn|24
|
|t:|1760368885
|switch|p1a: Weezing|Weezing-Galar, F|76/100
|-ability|p1a: Weezing|Neutralizing Gas
|-damage|p1a: Weezing|64/100|[from] Stealth Rock
|move|p2a: Weavile|Icicle Crash|p1a: Weezing
|-damage|p1a: Weezing|23/100
|
|upkeep
|turn|25
|-message|Breeder Klent forfeited.
|
|win|Firebreathe
|raw|Breeder Klent's rating: 1174 &rarr; <strong>1146</strong><br />(-28 for losing)
|raw|Firebreathe's rating: 1138 &rarr; <strong>1166</strong><br />(+28 for winning)
|l|☆Breeder Klent
|player|p1|
|l|☆Firebreathe
|player|p2|
