|j|☆QuinnGod
|j|☆V_run658
|t:|1760434392
|gametype|singles
|player|p1|QuinnGod|cameraman|1384
|player|p2|V_run658|hugh|1409
|gen|9
|tier|[Gen 9] OU
|rated|
|rule|HP Percentage Mod: HP is shown in percentages
|rule|Endless Battle Clause: Forcing endless battles is banned
|rule|Species Clause: Limit one of each Pokémon
|rule|OHKO Clause: OHKO moves are banned
|rule|Evasion Items Clause: Evasion items are banned
|rule|Evasion Moves Clause: Evasion moves are banned
|rule|Evasion Abilities Clause: Evasion abilities are banned
|rule|Sleep Moves Clause: Sleep-inducing moves are banned
|clearpoke
|poke|p1|Heatran, M|
|poke|p1|Ogerpon-Wellspring, F|
|poke|p1|Rillaboom, M|
|poke|p1|Great Tusk|
|poke|p1|Dragapult, M|
|poke|p1|Bronzong|
|poke|p2|Greninja-*, M|
|poke|p2|Slowking-Galar, M|
|poke|p2|Conkeldurr, M|
|poke|p2|Garchomp, F|
|poke|p2|Rillaboom, M|
|poke|p2|Skeledirge, F|
|teampreview
|inactive|Battle timer is ON: inactive players will automatically lose when time's up. (requested by QuinnGod)
|
|t:|1760434413
|teamsize|p1|6
|teamsize|p2|6
|start
|switch|p1a: Dragapult|Dragapult, M|100/100
|switch|p2a: Slowking|Slowking-Galar, M|100/100
|turn|1
|
|t:|1760434434
|switch|p1a: Bronzong|Bronzong, shiny|100/100
|move|p2a: Slowking|Ice Beam|p1a: Bronzong
|-resisted|p1a: Bronzong
|-damage|p1a: Bronzong|89/100
|
|upkeep
|turn|2
|
|t:|1760434438
|move|p1a: Bronzong|Stealth Rock|p2a: Slowking
|-sidestart|p2: V_run658|move: Stealth Rock
|move|p2a: Slowking|Flamethrower|p1a: Bronzong
|-supereffective|p1a: Bronzong
|-damage|p1a: Bronzong|44/100
|
|upkeep
|turn|3
|
|t:|1760434445
|switch|p1a: Heatran|Heatran, M|100/100
|move|p2a: Slowking|Flamethrower|p1a: Heatran
|-start|p1a: Heatran|ability: Flash Fire
|
|upkeep
|turn|4
|
|t:|1760434449
|switch|p2a: Conkeldurr|Conkeldurr, M|100/100
|-damage|p2a: Conkeldurr|94/100|[from] Stealth Rock
|move|p1a: Heatran|Magma Storm|p2a: Conkeldurr
|-damage|p2a: Conkeldurr|11/100
|-activate|p2a: Conkeldurr|move: Magma Storm|[of] p1a: Heatran
|
|-damage|p2a: Conkeldurr|0 fnt|[from] move: Magma Storm|[partiallytrapped]
|faint|p2a: Conkeldurr
|upkeep
|
|t:|1760434460
|switch|p2a: Garchomp|Garchomp, F|100/100
|-damage|p2a: Garchomp|94/100|[from] Stealth Rock
|turn|5
|
|t:|1760434485
|-end|p1a: Heatran|ability: Flash Fire|[silent]
|switch|p1a: Bronzong|Bronzong, shiny|44/100
|move|p2a: Garchomp|Scale Shot|p1a: Bronzong
|-resisted|p1a: Bronzong
|-damage|p1a: Bronzong|39/100
|-resisted|p1a: Bronzong
|-damage|p1a: Bronzong|35/100
|-resisted|p1a: Bronzong
|-damage|p1a: Bronzong|31/100
|-resisted|p1a: Bronzong
|-damage|p1a: Bronzong|27/100
|-resisted|p1a: Bronzong
|-crit|p1a: Bronzong
|-damage|p1a: Bronzong|20/100
|-hitcount|p1a: Bronzong|5
|-unboost|p2a: Garchomp|def|1
|-boost|p2a: Garchomp|spe|1
|
|upkeep
|turn|6
|
|t:|1760434490
|move|p2a: Garchomp|Scale Shot|p1a: Bronzong|[miss]
|-miss|p2a: Garchomp|p1a: Bronzong
|move|p1a: Bronzong|Future Sight|p2a: Garchomp
|-start|p1a: Bronzong|move: Future Sight
|
|upkeep
|turn|7
|
|t:|1760434492
|move|p2a: Garchomp|Scale Shot|p1a: Bronzong|[miss]
|-miss|p2a: Garchomp|p1a: Bronzong
|move|p1a: Bronzong|Psychic Noise|p2a: Garchomp
|-damage|p2a: Garchomp|71/100
|-start|p2a: Garchomp|move: Heal Block
|
|upkeep
|turn|8
|c|☆V_run658|nice man
|
|t:|1760434500
|switch|p2a: Greninja|Greninja, M|100/100
|-damage|p2a: Greninja|88/100|[from] Stealth Rock
|move|p1a: Bronzong|Psychic Noise|p2a: Greninja
|-immune|p2a: Greninja
|
|-end|p2a: Greninja|move: Future Sight
|-immune|p2a: Greninja
|upkeep
|turn|9
|c|☆QuinnGod|it makes no diference
|c|☆QuinnGod|I want zong to die
|
|t:|1760434518
|switch|p1a: Rillaboom|Rillaboom, M|100/100
|-fieldstart|move: Grassy Terrain|[from] ability: Grassy Surge|[of] p1a: Rillaboom
|move|p2a: Greninja|Ice Beam|p1a: Rillaboom
|-supereffective|p1a: Rillaboom
|-damage|p1a: Rillaboom|34/100
|
|-heal|p2a: Greninja|94/100|[from] Grassy Terrain
|-heal|p1a: Rillaboom|40/100|[from] Grassy Terrain
|upkeep
|turn|10
|
|t:|1760434522
|-terastallize|p2a: Greninja|Poison
|move|p1a: Rillaboom|Grassy Glide|p2a: Greninja
|-resisted|p2a: Greninja
|-damage|p2a: Greninja|57/100
|move|p2a: Greninja|Ice Beam|p1a: Rillaboom
|-supereffective|p1a: Rillaboom
|-damage|p1a: Rillaboom|0 fnt
|faint|p1a: Rillaboom
|-ability|p2a: Greninja|Battle Bond|boost
|-boost|p2a: Greninja|atk|1
|-boost|p2a: Greninja|spa|1
|-boost|p2a: Greninja|spe|1
|-activate|p2a: Greninja|ability: Battle Bond
|
|-heal|p2a: Greninja|63/100|[from] Grassy Terrain
|upkeep
|
|t:|1760434526
|switch|p1a: Heatran|Heatran, M|100/100
|turn|11
|
|t:|1760434531
|-terastallize|p1a: Heatran|Grass
|move|p2a: Greninja|Dark Pulse|p1a: Heatran
|-damage|p1a: Heatran|67/100
|cant|p1a: Heatran|flinch
|
|-heal|p2a: Greninja|69/100|[from] Grassy Terrain
|-heal|p1a: Heatran|73/100|[from] Grassy Terrain
|-heal|p1a: Heatran|79/100|[from] item: Leftovers
|upkeep
|turn|12
|
|t:|1760434536
|move|p2a: Greninja|Gunk Shot|p1a: Heatran
|-supereffective|p1a: Heatran
|-damage|p1a: Heatran|0 fnt
|faint|p1a: Heatran
|
|-heal|p2a: Greninja|75/100|[from] Grassy Terrain
|upkeep
|
|t:|1760434540
|switch|p1a: Dragapult|Dragapult, M|100/100
|turn|13
|
|t:|1760434547
|move|p2a: Greninja|Dark Pulse|p1a: Dragapult
|-supereffective|p1a: Dragapult
|-damage|p1a: Dragapult|0 fnt
|faint|p1a: Dragapult
|
|-heal|p2a: Greninja|80/100|[from] Grassy Terrain
|upkeep
|-message|QuinnGod forfeited.
|
|win|V_run658
