|j|☆ploxay
|j|☆ocdaki
|t:|1760436511
|gametype|singles
|player|p1|ploxay|alder|1330
|player|p2|ocdaki|265|1268
|gen|9
|tier|[Gen 9] OU
|rated|
|rule|HP Percentage Mod: HP is shown in percentages
|rule|Endless Battle Clause: Forcing endless battles is banned
|rule|Species Clause: Limit one of each Pokémon
|rule|OHKO Clause: OHKO moves are banned
|rule|Evasion Items Clause: Evasion items are banned
|rule|Evasion Moves Clause: Evasion moves are banned
|rule|Evasion Abilities Clause: Evasion abilities are banned
|rule|Sleep Moves Clause: Sleep-inducing moves are banned
|clearpoke
|poke|p1|Iron Valiant|
|poke|p1|Dragapult, F|
|poke|p1|Slowking-Galar, F|
|poke|p1|Landorus-Therian, M|
|poke|p1|Weezing-Galar, F|
|poke|p1|Rotom-Wash|
|poke|p2|Deoxys-Speed|
|poke|p2|Furret, M|
|poke|p2|Braviary-Hisui, M|
|poke|p2|Politoed, F|
|poke|p2|Lokix, F|
|poke|p2|Avalugg, M|
|teampreview
|inactive|Battle timer is ON: inactive players will automatically lose when time's up. (requested by ploxay)
|
|t:|1760436525
|teamsize|p1|6
|teamsize|p2|6
|start
|switch|p1a: Rotom|Rotom-Wash|100/100
|switch|p2a: Deoxys|Deoxys-Speed|100/100
|-ability|p2a: Deoxys|Pressure
|turn|1
|
|t:|1760436529
|move|p2a: Deoxys|Psycho Boost|p1a: Rotom
|-damage|p1a: Rotom|33/100
|-unboost|p2a: Deoxys|spa|2
|-damage|p2a: Deoxys|91/100|[from] item: Life Orb
|move|p1a: Rotom|Volt Switch|p2a: Deoxys
|-damage|p2a: Deoxys|54/100
|
|t:|1760436542
|switch|p1a: Slowking|Slowking-Galar, F|100/100|[from] Volt Switch
|
|upkeep
|turn|2
|inactive|ocdaki has 120 seconds left.
|
|t:|1760436574
|switch|p2a: Politoed|Politoed, F|100/100
|-weather|RainDance|[from] ability: Drizzle|[of] p2a: Politoed
|move|p1a: Slowking|Sludge Bomb|p2a: Politoed
|-damage|p2a: Politoed|71/100
|
|-weather|RainDance|[upkeep]
|-heal|p2a: Politoed|77/100|[from] item: Leftovers
|upkeep
|turn|3
|inactive|ocdaki has 120 seconds left.
|
|t:|1760436592
|switch|p2a: Braviary|Braviary-Hisui, M|100/100
|switch|p1a: Rotom|Rotom-Wash|33/100
|
|-weather|RainDance|[upkeep]
|-heal|p1a: Rotom|40/100|[from] item: Leftovers
|upkeep
|turn|4
|inactive|ocdaki has 120 seconds left.
|
|t:|1760436624
|move|p2a: Braviary|Agility|p2a: Braviary
|-boost|p2a: Braviary|spe|2
|move|p1a: Rotom|Volt Switch|p2a: Braviary
|-supereffective|p2a: Braviary
|-damage|p2a: Braviary|32/100
|
|t:|1760436637
|switch|p1a: Iron Valiant|Iron Valiant|100/100|[from] Volt Switch
|-enditem|p1a: Iron Valiant|Booster Energy
|-activate|p1a: Iron Valiant|ability: Quark Drive|[fromitem]
|-start|p1a: Iron Valiant|quarkdrivespe
|
|-weather|RainDance|[upkeep]
|upkeep
|turn|5
|inactive|ocdaki has 90 seconds left.
|
|t:|1760436658
|-terastallize|p1a: Iron Valiant|Ghost
|move|p1a: Iron Valiant|Shadow Sneak|p2a: Braviary
|-supereffective|p2a: Braviary
|-damage|p2a: Braviary|0 fnt
|faint|p2a: Braviary
|
|-weather|RainDance|[upkeep]
|upkeep
|inactive|ocdaki has 90 seconds left.
|
|t:|1760436664
|switch|p2a: Lokix|Lokix, F|100/100
|turn|6
|
|t:|1760436670
|-end|p1a: Iron Valiant|Quark Drive|[silent]
|switch|p1a: Rotom|Rotom-Wash|40/100
|move|p2a: Lokix|Sucker Punch||[still]
|-fail|p2a: Lokix
|
|-weather|none
|-heal|p1a: Rotom|46/100|[from] item: Leftovers
|upkeep
|turn|7
|
|t:|1760436676
|move|p2a: Lokix|Swords Dance|p2a: Lokix
|-boost|p2a: Lokix|atk|2
|move|p1a: Rotom|Will-O-Wisp|p2a: Lokix
|-status|p2a: Lokix|brn
|
|-heal|p1a: Rotom|52/100|[from] item: Leftovers
|-damage|p2a: Lokix|94/100 brn|[from] brn
|upkeep
|turn|8
|
|t:|1760436681
|move|p2a: Lokix|Swords Dance|p2a: Lokix
|-boost|p2a: Lokix|atk|2
|move|p1a: Rotom|Hydro Pump|p2a: Lokix|[miss]
|-miss|p1a: Rotom|p2a: Lokix
|
|-heal|p1a: Rotom|58/100|[from] item: Leftovers
|-damage|p2a: Lokix|88/100 brn|[from] brn
|upkeep
|turn|9
|
|t:|1760436686
|move|p2a: Lokix|Leech Life|p1a: Rotom
|-damage|p1a: Rotom|7/100
|-heal|p2a: Lokix|100/100 brn|[from] drain|[of] p1a: Rotom
|-damage|p2a: Lokix|91/100 brn|[from] item: Life Orb
|move|p1a: Rotom|Hydro Pump|p2a: Lokix
|-damage|p2a: Lokix|18/100 brn
|
|-heal|p1a: Rotom|13/100|[from] item: Leftovers
|-damage|p2a: Lokix|12/100 brn|[from] brn
|upkeep
|turn|10
|
|t:|1760436694
|switch|p1a: Landorus|Landorus-Therian, M|100/100
|-ability|p1a: Landorus|Intimidate|boost
|-unboost|p2a: Lokix|atk|1
|move|p2a: Lokix|Leech Life|p1a: Landorus
|-resisted|p1a: Landorus
|-damage|p1a: Landorus|47/100
|-heal|p2a: Lokix|48/100 brn|[from] drain|[of] p1a: Landorus
|-damage|p2a: Lokix|32/100 brn|[from] item: Rocky Helmet|[of] p1a: Landorus
|-damage|p2a: Lokix|22/100 brn|[from] item: Life Orb
|
|-damage|p2a: Lokix|16/100 brn|[from] brn
|upkeep
|turn|11
|
|t:|1760436704
|move|p2a: Lokix|Sucker Punch|p1a: Landorus
|-damage|p1a: Landorus|0 fnt
|-damage|p2a: Lokix|0 fnt|[from] item: Rocky Helmet|[of] p1a: Landorus
|faint|p1a: Landorus
|faint|p2a: Lokix
|
|upkeep
|inactive|ocdaki has 120 seconds left.
|
|t:|1760436721
|switch|p2a: Deoxys|Deoxys-Speed|54/100
|switch|p1a: Dragapult|Dragapult, F|100/100
|-ability|p2a: Deoxys|Pressure
|turn|12
|inactive|ocdaki has 120 seconds left.
|
|t:|1760436739
|switch|p2a: Avalugg|Avalugg, M|100/100
|switch|p1a: Rotom|Rotom-Wash|13/100
|
|-heal|p1a: Rotom|19/100|[from] item: Leftovers
|upkeep
|turn|13
|
|t:|1760436748
|switch|p2a: Politoed|Politoed, F|77/100
|-weather|RainDance|[from] ability: Drizzle|[of] p2a: Politoed
|move|p1a: Rotom|Pain Split|p2a: Politoed
|-sethp|p2a: Politoed|46/100|[from] move: Pain Split|[silent]
|-sethp|p1a: Rotom|58/100|[from] move: Pain Split
|
|-weather|RainDance|[upkeep]
|-heal|p1a: Rotom|64/100|[from] item: Leftovers
|-heal|p2a: Politoed|52/100|[from] item: Leftovers
|upkeep
|turn|14
|
|t:|1760436759
|move|p2a: Politoed|Protect|p2a: Politoed
|-singleturn|p2a: Politoed|Protect
|move|p1a: Rotom|Volt Switch|p2a: Politoed
|-activate|p2a: Politoed|move: Protect
|
|-weather|RainDance|[upkeep]
|-heal|p1a: Rotom|71/100|[from] item: Leftovers
|-heal|p2a: Politoed|59/100|[from] item: Leftovers
|upkeep
|turn|15
|
|t:|1760436772
|move|p1a: Rotom|Volt Switch|p2a: Politoed
|-supereffective|p2a: Politoed
|-damage|p2a: Politoed|26/100
|
|t:|1760436777
|switch|p1a: Slowking|Slowking-Galar, F|100/100|[from] Volt Switch
|move|p2a: Politoed|Whirlpool|p1a: Slowking|[miss]
|-miss|p2a: Politoed|p1a: Slowking
|
|-weather|RainDance|[upkeep]
|-heal|p2a: Politoed|32/100|[from] item: Leftovers
|upkeep
|turn|16
|
|t:|1760436785
|move|p2a: Politoed|Whirlpool|p1a: Slowking
|-crit|p1a: Slowking
|-damage|p1a: Slowking|88/100
|-activate|p1a: Slowking|move: Whirlpool|[of] p2a: Politoed
|move|p1a: Slowking|Psyshock|p2a: Politoed
|-damage|p2a: Politoed|0 fnt
|faint|p2a: Politoed
|
|-weather|RainDance|[upkeep]
|-end|p1a: Slowking|Whirlpool|[partiallytrapped]|[silent]
|upkeep
|-message|ocdaki forfeited.
|
|win|ploxay
|raw|ploxay's rating: 1330 &rarr; <strong>1346</strong><br />(+16 for winning)
|raw|ocdaki's rating: 1268 &rarr; <strong>1247</strong><br />(-21 for losing)
|l|☆ocdaki
|player|p2|
|l|☆ploxay
|player|p1|
