|j|☆fianso-95
|j|☆Randompina
|t:|1760344690
|gametype|singles
|player|p1|fianso-95|palmer|1248
|player|p2|Randompina|doctor|1214
|gen|9
|tier|[Gen 9] OU
|rated|
|rule|HP Percentage Mod: HP is shown in percentages
|rule|Endless Battle Clause: Forcing endless battles is banned
|rule|Species Clause: Limit one of each Pokémon
|rule|OHKO Clause: OHKO moves are banned
|rule|Evasion Items Clause: Evasion items are banned
|rule|Evasion Moves Clause: Evasion moves are banned
|rule|Evasion Abilities Clause: Evasion abilities are banned
|rule|Sleep Moves Clause: Sleep-inducing moves are banned
|clearpoke
|poke|p1|Landorus-Therian, M|
|poke|p1|Volcanion|
|poke|p1|Weavile, F|
|poke|p1|Azelf|
|poke|p1|Dragonite, M|
|poke|p1|Zapdos|
|poke|p2|Ceruledge, F|
|poke|p2|Ninetales-Alola, M|
|poke|p2|Enamorus, F|
|poke|p2|Hydrapple, M|
|poke|p2|Great Tusk|
|poke|p2|Zoroark-Hisui, M|
|teampreview
|inactive|Battle timer is ON: inactive players will automatically lose when time's up. (requested by fianso-95)
|
|t:|1760344702
|teamsize|p1|6
|teamsize|p2|6
|start
|switch|p1a: Azelf|Azelf|100/100
|switch|p2a: Ninetales|Ninetales-Alola, M, shiny|100/100
|-weather|Snowscape|[from] ability: Snow Warning|[of] p2a: Ninetales
|turn|1
|
|t:|1760344711
|move|p1a: Azelf|Taunt|p2a: Ninetales
|-start|p2a: Ninetales|move: Taunt
|move|p2a: Ninetales|Blizzard|p1a: Azelf
|-damage|p1a: Azelf|23/100
|
|-weather|Snowscape|[upkeep]
|upkeep
|turn|2
|
|t:|1760344721
|move|p1a: Azelf|Explosion|p2a: Ninetales
|-damage|p2a: Ninetales|21/100
|faint|p1a: Azelf
|move|p2a: Ninetales|Moonblast|p1: Azelf|[notarget]
|-fail|p2a: Ninetales
|
|-weather|Snowscape|[upkeep]
|upkeep
|
|t:|1760344735
|switch|p1a: Landorus|Landorus-Therian, M|100/100
|-ability|p1a: Landorus|Intimidate|boost
|-unboost|p2a: Ninetales|atk|1
|turn|3
|
|t:|1760344740
|move|p1a: Landorus|Earthquake|p2a: Ninetales
|-damage|p2a: Ninetales|0 fnt
|faint|p2a: Ninetales
|
|-weather|Snowscape|[upkeep]
|upkeep
|
|t:|1760344755
|switch|p2a: Ceruledge|Ceruledge, F|100/100
|turn|4
|
|t:|1760344758
|move|p1a: Landorus|Earthquake|p2a: Ceruledge
|-supereffective|p2a: Ceruledge
|-enditem|p2a: Ceruledge|Focus Sash
|-damage|p2a: Ceruledge|1/100
|-ability|p2a: Ceruledge|Weak Armor|boost
|-unboost|p2a: Ceruledge|def|1
|-boost|p2a: Ceruledge|spe|2
|move|p2a: Ceruledge|Swords Dance|p2a: Ceruledge
|-boost|p2a: Ceruledge|atk|2
|
|-weather|Snowscape|[upkeep]
|upkeep
|turn|5
|
|t:|1760344780
|switch|p1a: Volcanion|Volcanion|100/100
|move|p2a: Ceruledge|Bitter Blade|p1a: Volcanion
|-resisted|p1a: Volcanion
|-crit|p1a: Volcanion
|-damage|p1a: Volcanion|67/100
|-heal|p2a: Ceruledge|18/100|[from] drain|[of] p1a: Volcanion
|
|-weather|none
|upkeep
|turn|6
|
|t:|1760344792
|move|p2a: Ceruledge|Shadow Claw|p1a: Volcanion
|-damage|p1a: Volcanion|0 fnt
|faint|p1a: Volcanion
|
|upkeep
|
|t:|1760344802
|switch|p1a: Landorus|Landorus-Therian, M|100/100
|-ability|p1a: Landorus|Intimidate|boost
|-unboost|p2a: Ceruledge|atk|1
|turn|7
|
|t:|1760344807
|move|p2a: Ceruledge|Bitter Blade|p1a: Landorus
|-damage|p1a: Landorus|13/100
|-heal|p2a: Ceruledge|66/100|[from] drain|[of] p1a: Landorus
|move|p1a: Landorus|Earthquake|p2a: Ceruledge
|-supereffective|p2a: Ceruledge
|-damage|p2a: Ceruledge|0 fnt
|faint|p2a: Ceruledge
|
|upkeep
|
|t:|1760344820
|switch|p2a: Enamorus|Enamorus, F|100/100
|turn|8
|
|t:|1760344826
|switch|p1a: Zapdos|Zapdos|100/100
|-terastallize|p2a: Enamorus|Stellar
|move|p2a: Enamorus|Tera Blast|p1a: Zapdos|[anim] Tera Blast Stellar
|-damage|p1a: Zapdos|48/100
|-boost|p2a: Enamorus|atk|1
|-boost|p2a: Enamorus|spa|1
|
|upkeep
|turn|9
|
|t:|1760344836
|move|p2a: Enamorus|Tera Blast|p1a: Zapdos|[anim] Tera Blast Stellar
|-damage|p1a: Zapdos|0 fnt
|-boost|p2a: Enamorus|atk|1
|-boost|p2a: Enamorus|spa|1
|faint|p1a: Zapdos
|
|upkeep
|
|t:|1760344846
|switch|p1a: Weavile|Weavile, F|100/100
|-ability|p1a: Weavile|Pressure
|turn|10
|
|t:|1760344852
|move|p1a: Weavile|Knock Off|p2a: Enamorus
|-resisted|p2a: Enamorus
|-damage|p2a: Enamorus|63/100
|-enditem|p2a: Enamorus|Lum Berry|[from] move: Knock Off|[of] p1a: Weavile
|move|p2a: Enamorus|Superpower|p1a: Weavile
|-supereffective|p1a: Weavile
|-enditem|p1a: Weavile|Focus Sash
|-damage|p1a: Weavile|1/100
|-boost|p2a: Enamorus|atk|1
|-boost|p2a: Enamorus|def|1
|
|upkeep
|turn|11
|
|t:|1760344865
|move|p1a: Weavile|Icicle Crash|p2a: Enamorus
|-supereffective|p2a: Enamorus
|-damage|p2a: Enamorus|0 fnt
|faint|p2a: Enamorus
|
|upkeep
|
|t:|1760344873
|switch|p2a: Great Tusk|Great Tusk|100/100
|-enditem|p2a: Great Tusk|Booster Energy
|-activate|p2a: Great Tusk|ability: Protosynthesis|[fromitem]
|-start|p2a: Great Tusk|protosynthesisdef
|turn|12
|
|t:|1760344879
|move|p1a: Weavile|Icicle Crash|p2a: Great Tusk
|-supereffective|p2a: Great Tusk
|-damage|p2a: Great Tusk|66/100
|move|p2a: Great Tusk|Rapid Spin|p1a: Weavile
|-damage|p1a: Weavile|0 fnt
|-boost|p2a: Great Tusk|spe|1
|faint|p1a: Weavile
|
|upkeep
|
|t:|1760344886
|switch|p1a: Dragonite|Dragonite, M|100/100
|turn|13
|
|t:|1760344893
|-terastallize|p1a: Dragonite|Dragon
|move|p2a: Great Tusk|Rapid Spin|p1a: Dragonite
|-damage|p1a: Dragonite|91/100
|-boost|p2a: Great Tusk|spe|1
|move|p1a: Dragonite|Dragon Claw|p2a: Great Tusk
|-damage|p2a: Great Tusk|41/100
|
|upkeep
|turn|14
|
|t:|1760344903
|move|p2a: Great Tusk|Body Press|p1a: Dragonite
|-damage|p1a: Dragonite|41/100
|move|p1a: Dragonite|Ice Spinner|p2a: Great Tusk
|-supereffective|p2a: Great Tusk
|-damage|p2a: Great Tusk|17/100
|
|upkeep
|turn|15
|
|t:|1760344909
|move|p1a: Dragonite|Extreme Speed|p2a: Great Tusk
|-damage|p2a: Great Tusk|6/100
|move|p2a: Great Tusk|Body Press|p1a: Dragonite
|-damage|p1a: Dragonite|0 fnt
|faint|p1a: Dragonite
|
|upkeep
|
|t:|1760344912
|switch|p1a: Landorus|Landorus-Therian, M|13/100
|-ability|p1a: Landorus|Intimidate|boost
|-unboost|p2a: Great Tusk|atk|1
|turn|16
|
|t:|1760344921
|move|p1a: Landorus|Earthquake|p2a: Great Tusk
|-damage|p2a: Great Tusk|0 fnt
|faint|p2a: Great Tusk
|-end|p2a: Great Tusk|Protosynthesis|[silent]
|
|upkeep
|
|t:|1760344928
|switch|p2a: Hydrapple|Hydrapple, M, shiny|100/100
|turn|17
|
|t:|1760344933
|move|p1a: Landorus|Earthquake|p2a: Hydrapple
|-enditem|p2a: Hydrapple|Focus Sash
|-damage|p2a: Hydrapple|1/100
|replace|p2a: Zoroark|Zoroark-Hisui, M
|-end|p2a: Zoroark|Illusion
|move|p2a: Zoroark|Bitter Malice|p1a: Landorus
|-damage|p1a: Landorus|0 fnt
|faint|p1a: Landorus
|
|win|Randompina
|raw|fianso-95's rating: 1248 &rarr; <strong>1221</strong><br />(-27 for losing)
|raw|Randompina's rating: 1214 &rarr; <strong>1241</strong><br />(+27 for winning)
|l|☆fianso-95
|player|p1|
|l|☆Randompina
|player|p2|
