|j|☆NutGuy420
|j|☆Kward17kw
|t:|1760334638
|gametype|singles
|player|p1|NutGuy420|265|1144
|player|p2|Kward17kw|266|1103
|gen|9
|tier|[Gen 9] OU
|rated|
|rule|HP Percentage Mod: HP is shown in percentages
|rule|Endless Battle Clause: Forcing endless battles is banned
|rule|Species Clause: Limit one of each Pokémon
|rule|OHKO Clause: OHKO moves are banned
|rule|Evasion Items Clause: Evasion items are banned
|rule|Evasion Moves Clause: Evasion moves are banned
|rule|Evasion Abilities Clause: Evasion abilities are banned
|rule|Sleep Moves Clause: Sleep-inducing moves are banned
|clearpoke
|poke|p1|Toxapex, F|
|poke|p1|Arboliva, F|
|poke|p1|Skarmory, M|
|poke|p1|Blissey, F|
|poke|p1|Slowking-Galar, M|
|poke|p1|Clodsire, M|
|poke|p2|Goodra-Hisui, F|
|poke|p2|Zapdos|
|poke|p2|Avalugg-Hisui, M|
|poke|p2|Glimmora, F|
|poke|p2|Yanmega, M|
|poke|p2|Greninja-*, M|
|teampreview
|inactive|Battle timer is ON: inactive players will automatically lose when time's up. (requested by Kward17kw)
|
|t:|1760334652
|teamsize|p1|6
|teamsize|p2|6
|start
|switch|p1a: Arboliva|Arboliva, F|100/100
|switch|p2a: Avalugg|Avalugg-Hisui, M|100/100
|turn|1
|
|t:|1760334659
|move|p1a: Arboliva|Sunny Day|p1a: Arboliva
|-weather|SunnyDay
|move|p2a: Avalugg|Stealth Rock|p1a: Arboliva
|-sidestart|p1: NutGuy420|move: Stealth Rock
|
|-weather|SunnyDay|[upkeep]
|upkeep
|turn|2
|
|t:|1760334669
|move|p1a: Arboliva|Tera Blast|p2a: Avalugg
|-resisted|p2a: Avalugg
|-crit|p2a: Avalugg
|-damage|p2a: Avalugg|50/100
|move|p2a: Avalugg|Mountain Gale|p1a: Arboliva|[miss]
|-miss|p2a: Avalugg|p1a: Arboliva
|
|-weather|SunnyDay|[upkeep]
|upkeep
|turn|3
|
|t:|1760334678
|move|p1a: Arboliva|Tera Blast|p2a: Avalugg
|-resisted|p2a: Avalugg
|-damage|p2a: Avalugg|20/100
|move|p2a: Avalugg|Mountain Gale|p1a: Arboliva
|-supereffective|p1a: Arboliva
|-damage|p1a: Arboliva|10/100
|-enditem|p1a: Arboliva|Sitrus Berry|[eat]
|-heal|p1a: Arboliva|35/100|[from] item: Sitrus Berry
|
|-weather|SunnyDay|[upkeep]
|-item|p1a: Arboliva|Sitrus Berry|[from] ability: Harvest
|upkeep
|-enditem|p1a: Arboliva|Sitrus Berry|[eat]
|-heal|p1a: Arboliva|59/100|[from] item: Sitrus Berry
|turn|4
|-enditem|p2a: Avalugg|Custap Berry|[eat]
|-activate|p2a: Avalugg|item: Custap Berry|[consumed]
|
|t:|1760334692
|move|p2a: Avalugg|Mountain Gale|p1a: Arboliva
|-supereffective|p1a: Arboliva
|-damage|p1a: Arboliva|0 fnt
|faint|p1a: Arboliva
|
|-weather|SunnyDay|[upkeep]
|upkeep
|
|t:|1760334703
|switch|p1a: Skarmory|Skarmory, M|100/100
|-damage|p1a: Skarmory|88/100|[from] Stealth Rock
|turn|5
|
|t:|1760334709
|switch|p2a: Glimmora|Glimmora, F|100/100
|-item|p2a: Glimmora|Air Balloon
|move|p1a: Skarmory|Iron Head|p2a: Glimmora
|-supereffective|p2a: Glimmora
|-damage|p2a: Glimmora|53/100
|-activate|p2a: Glimmora|ability: Toxic Debris
|-sidestart|p1: NutGuy420|move: Toxic Spikes
|-enditem|p2a: Glimmora|Air Balloon
|
|-weather|none
|upkeep
|turn|6
|
|t:|1760334722
|move|p2a: Glimmora|Spiky Shield|p2a: Glimmora
|-singleturn|p2a: Glimmora|move: Protect
|move|p1a: Skarmory|Spikes|p2a: Glimmora
|-sidestart|p2: Kward17kw|Spikes
|
|upkeep
|turn|7
|
|t:|1760334728
|move|p2a: Glimmora|Power Gem|p1a: Skarmory
|-damage|p1a: Skarmory|41/100
|move|p1a: Skarmory|Spikes|p2a: Glimmora
|-sidestart|p2: Kward17kw|Spikes
|
|upkeep
|turn|8
|
|t:|1760334735
|move|p2a: Glimmora|Power Gem|p1a: Skarmory
|-damage|p1a: Skarmory|0 fnt
|faint|p1a: Skarmory
|
|upkeep
|
|t:|1760334740
|switch|p1a: Toxapex|Toxapex, F|100/100
|-damage|p1a: Toxapex|88/100|[from] Stealth Rock
|-sideend|p1: NutGuy420|move: Toxic Spikes|[of] p1a: Toxapex
|turn|9
|
|t:|1760334747
|move|p2a: Glimmora|Mortal Spin|p1a: Toxapex
|-resisted|p1a: Toxapex
|-damage|p1a: Toxapex|86/100
|-damage|p2a: Glimmora|36/100|[from] item: Rocky Helmet|[of] p1a: Toxapex
|-sideend|p2: Kward17kw|Spikes|[from] move: Mortal Spin|[of] p2a: Glimmora
|move|p1a: Toxapex|Liquidation|p2a: Glimmora
|-supereffective|p2a: Glimmora
|-damage|p2a: Glimmora|2/100
|-activate|p2a: Glimmora|ability: Toxic Debris
|-sidestart|p1: NutGuy420|move: Toxic Spikes
|
|upkeep
|turn|10
|-message|NutGuy420 forfeited.
|
|win|Kward17kw
|raw|NutGuy420's rating: 1144 &rarr; <strong>1116</strong><br />(-28 for losing)
|raw|Kward17kw's rating: 1103 &rarr; <strong>1131</strong><br />(+28 for winning)
|l|☆NutGuy420
|player|p1|
|l|☆Kward17kw
|player|p2|
