|j|☆nicolasgimenez
|j|☆rouetourneatourne
|t:|1760387959
|gametype|singles
|player|p1|nicolasgimenez|169|1163
|player|p2|rouetourneatourne|2|1178
|gen|9
|tier|[Gen 9] OU
|rated|
|rule|HP Percentage Mod: HP is shown in percentages
|rule|Endless Battle Clause: Forcing endless battles is banned
|rule|Species Clause: Limit one of each Pokémon
|rule|OHKO Clause: OHKO moves are banned
|rule|Evasion Items Clause: Evasion items are banned
|rule|Evasion Moves Clause: Evasion moves are banned
|rule|Evasion Abilities Clause: Evasion abilities are banned
|rule|Sleep Moves Clause: Sleep-inducing moves are banned
|clearpoke
|poke|p1|Cobalion|
|poke|p1|Thundurus-Therian, M|
|poke|p1|Latios, M|
|poke|p1|Brambleghast, F|
|poke|p1|Salazzle, F|
|poke|p1|Heatran, F|
|poke|p2|Iron Jugulis|
|poke|p2|Great Tusk|
|poke|p2|Weezing, M|
|poke|p2|Noctowl, F|
|poke|p2|Primarina, M|
|poke|p2|Raging Bolt|
|teampreview
|inactive|Battle timer is ON: inactive players will automatically lose when time's up. (requested by rouetourneatourne)
|
|t:|1760387982
|teamsize|p1|6
|teamsize|p2|6
|start
|switch|p1a: Brambleghast|Brambleghast, F|100/100
|switch|p2a: Horreur-de-fer|Iron Jugulis|100/100
|turn|1
|
|t:|1760387999
|move|p2a: Horreur-de-fer|Earth Power|p1a: Brambleghast
|-resisted|p1a: Brambleghast
|-damage|p1a: Brambleghast|62/100
|move|p1a: Brambleghast|Leech Seed|p2a: Horreur-de-fer
|-start|p2a: Horreur-de-fer|move: Leech Seed
|
|-damage|p2a: Horreur-de-fer|88/100|[from] Leech Seed|[of] p1a: Brambleghast
|-heal|p1a: Brambleghast|79/100|[silent]
|upkeep
|turn|2
|
|t:|1760388011
|-end|p2a: Horreur-de-fer|Quark Drive|[silent]
|switch|p2a: Horreur-de-gaz|Weezing, M|100/100
|switch|p1a: Thundurus|Thundurus-Therian, M|100/100
|
|upkeep
|turn|3
|
|t:|1760388024
|switch|p2a: Great Tusk|Great Tusk|100/100
|move|p1a: Thundurus|Psychic|p2a: Great Tusk
|-supereffective|p2a: Great Tusk
|-damage|p2a: Great Tusk|9/100
|
|upkeep
|turn|4
|
|t:|1760388032
|-end|p2a: Great Tusk|Protosynthesis|[silent]
|switch|p2a: Horreur-de-fer|Iron Jugulis|88/100
|move|p1a: Thundurus|Psychic|p2a: Horreur-de-fer
|-immune|p2a: Horreur-de-fer
|
|upkeep
|turn|5
|
|t:|1760388042
|switch|p1a: Cobalion|Cobalion|100/100
|move|p2a: Horreur-de-fer|Dark Pulse|p1a: Cobalion
|-resisted|p1a: Cobalion
|-damage|p1a: Cobalion|57/100
|-ability|p1a: Cobalion|Justified|boost
|-boost|p1a: Cobalion|atk|1
|
|-heal|p1a: Cobalion|63/100|[from] item: Leftovers
|upkeep
|turn|6
|
|t:|1760388060
|-end|p2a: Horreur-de-fer|Quark Drive|[silent]
|switch|p2a: Great Tusk|Great Tusk|9/100
|move|p1a: Cobalion|Iron Head|p2a: Great Tusk
|-damage|p2a: Great Tusk|0 fnt
|faint|p2a: Great Tusk
|-end|p2a: Great Tusk|Protosynthesis|[silent]
|
|-heal|p1a: Cobalion|69/100|[from] item: Leftovers
|upkeep
|
|t:|1760388062
|switch|p2a: Horreur-de-fer|Iron Jugulis|88/100
|turn|7
|
|t:|1760388089
|move|p2a: Horreur-de-fer|Hurricane|p1a: Cobalion
|-damage|p1a: Cobalion|0 fnt
|faint|p1a: Cobalion
|
|upkeep
|
|t:|1760388099
|switch|p1a: Thundurus|Thundurus-Therian, M|100/100
|turn|8
|
|t:|1760388111
|-end|p2a: Horreur-de-fer|Quark Drive|[silent]
|switch|p2a: Raging Bolt|Raging Bolt|100/100
|-enditem|p2a: Raging Bolt|Booster Energy
|-activate|p2a: Raging Bolt|ability: Protosynthesis|[fromitem]
|-start|p2a: Raging Bolt|protosynthesisspa
|move|p1a: Thundurus|Volt Switch|p2a: Raging Bolt
|-resisted|p2a: Raging Bolt
|-damage|p2a: Raging Bolt|93/100
|
|t:|1760388119
|switch|p1a: Salazzle|Salazzle, F|100/100|[from] Volt Switch
|
|upkeep
|turn|9
|
|t:|1760388130
|move|p2a: Raging Bolt|Thunderclap||[still]
|-fail|p2a: Raging Bolt
|move|p1a: Salazzle|Toxic|p2a: Raging Bolt
|-status|p2a: Raging Bolt|tox
|
|-damage|p2a: Raging Bolt|87/100 tox|[from] psn
|upkeep
|turn|10
|
|t:|1760388139
|move|p2a: Raging Bolt|Thunderclap||[still]
|-fail|p2a: Raging Bolt
|move|p1a: Salazzle|Substitute|p1a: Salazzle
|-start|p1a: Salazzle|Substitute
|-damage|p1a: Salazzle|75/100
|
|-heal|p1a: Salazzle|82/100|[from] item: Leftovers
|-damage|p2a: Raging Bolt|74/100 tox|[from] psn
|upkeep
|turn|11
|
|t:|1760388150
|move|p1a: Salazzle|Sludge Wave|p2a: Raging Bolt
|-damage|p2a: Raging Bolt|44/100 tox
|move|p2a: Raging Bolt|Thunderbolt|p1a: Salazzle
|-end|p1a: Salazzle|Substitute
|
|-heal|p1a: Salazzle|88/100|[from] item: Leftovers
|-damage|p2a: Raging Bolt|25/100 tox|[from] psn
|upkeep
|turn|12
|
|t:|1760388161
|move|p1a: Salazzle|Substitute|p1a: Salazzle
|-start|p1a: Salazzle|Substitute
|-damage|p1a: Salazzle|63/100
|move|p2a: Raging Bolt|Thunderbolt|p1a: Salazzle
|-end|p1a: Salazzle|Substitute
|
|-heal|p1a: Salazzle|69/100|[from] item: Leftovers
|-damage|p2a: Raging Bolt|1/100 tox|[from] psn
|upkeep
|turn|13
|
|t:|1760388172
|move|p1a: Salazzle|Substitute|p1a: Salazzle
|-start|p1a: Salazzle|Substitute
|-damage|p1a: Salazzle|44/100
|move|p2a: Raging Bolt|Thunderbolt|p1a: Salazzle
|-end|p1a: Salazzle|Substitute
|
|-heal|p1a: Salazzle|50/100|[from] item: Leftovers
|-damage|p2a: Raging Bolt|0 fnt|[from] psn
|faint|p2a: Raging Bolt
|-end|p2a: Raging Bolt|Protosynthesis|[silent]
|upkeep
|
|t:|1760388180
|switch|p2a: Horreur-de-fer|Iron Jugulis|88/100
|turn|14
|
|t:|1760388198
|move|p1a: Salazzle|Toxic|p2a: Horreur-de-fer
|-status|p2a: Horreur-de-fer|tox
|move|p2a: Horreur-de-fer|Dark Pulse|p1a: Salazzle
|-damage|p1a: Salazzle|0 fnt
|faint|p1a: Salazzle
|
|-damage|p2a: Horreur-de-fer|82/100 tox|[from] psn
|upkeep
|inactive|nicolasgimenez has 120 seconds left.
|
|t:|1760388225
|switch|p1a: Heatran|Heatran, F|100/100
|turn|15
|inactive|nicolasgimenez has 120 seconds left.
|
|t:|1760388232
|-end|p2a: Horreur-de-fer|Quark Drive|[silent]
|switch|p2a: Primarina|Primarina, M|100/100
|move|p1a: Heatran|Stealth Rock|p2a: Primarina
|-sidestart|p2: rouetourneatourne|move: Stealth Rock
|
|upkeep
|turn|16
|
|t:|1760388241
|switch|p1a: Brambleghast|Brambleghast, F|79/100
|move|p2a: Primarina|Flip Turn|p1a: Brambleghast
|-resisted|p1a: Brambleghast
|-damage|p1a: Brambleghast|65/100
|
|t:|1760388246
|switch|p2a: Horreur-de-fer|Iron Jugulis|82/100 tox|[from] Flip Turn
|-damage|p2a: Horreur-de-fer|57/100 tox|[from] Stealth Rock
|
|-damage|p2a: Horreur-de-fer|51/100 tox|[from] psn
|upkeep
|turn|17
|
|t:|1760388262
|switch|p1a: Latios|Latios, M|100/100
|move|p2a: Horreur-de-fer|Dark Pulse|p1a: Latios
|-supereffective|p1a: Latios
|-damage|p1a: Latios|5/100
|
|-heal|p1a: Latios|11/100|[from] item: Leftovers
|-damage|p2a: Horreur-de-fer|39/100 tox|[from] psn
|upkeep
|turn|18
|
|t:|1760388284
|move|p1a: Latios|Aura Sphere|p2a: Horreur-de-fer
|-damage|p2a: Horreur-de-fer|9/100 tox
|move|p2a: Horreur-de-fer|Dark Pulse|p1a: Latios
|-supereffective|p1a: Latios
|-damage|p1a: Latios|0 fnt
|faint|p1a: Latios
|
|-damage|p2a: Horreur-de-fer|0 fnt|[from] psn
|faint|p2a: Horreur-de-fer
|-end|p2a: Horreur-de-fer|Quark Drive|[silent]
|upkeep
|inactive|nicolasgimenez has 120 seconds left.
|
|t:|1760388302
|switch|p1a: Thundurus|Thundurus-Therian, M|100/100
|switch|p2a: Primarina|Primarina, M|100/100
|-damage|p2a: Primarina|88/100|[from] Stealth Rock
|turn|19
|inactive|nicolasgimenez has 120 seconds left.
|
|t:|1760388312
|-terastallize|p1a: Thundurus|Electric
|-terastallize|p2a: Primarina|Steel
|move|p1a: Thundurus|Volt Switch|p2a: Primarina
|-damage|p2a: Primarina|57/100
|inactive|nicolasgimenez has 120 seconds left.
|
|t:|1760388320
|switch|p1a: Brambleghast|Brambleghast, F|65/100|[from] Volt Switch
|move|p2a: Primarina|Draining Kiss|p1a: Brambleghast
|-damage|p1a: Brambleghast|10/100
|-heal|p2a: Primarina|86/100|[from] drain|[of] p1a: Brambleghast
|
|upkeep
|turn|20
|inactive|nicolasgimenez has 120 seconds left.
|
|t:|1760388332
|move|p1a: Brambleghast|Leech Seed|p2a: Primarina
|-start|p2a: Primarina|move: Leech Seed
|move|p2a: Primarina|Draining Kiss|p1a: Brambleghast
|-damage|p1a: Brambleghast|0 fnt
|-heal|p2a: Primarina|91/100|[from] drain|[of] p1a: Brambleghast
|faint|p1a: Brambleghast
|
|upkeep
|inactive|nicolasgimenez has 120 seconds left.
|
|t:|1760388341
|switch|p1a: Heatran|Heatran, F|100/100
|turn|21
|
|t:|1760388356
|switch|p2a: Horreur-de-gaz|Weezing, M|100/100
|-damage|p2a: Horreur-de-gaz|88/100|[from] Stealth Rock
|move|p1a: Heatran|Magma Storm|p2a: Horreur-de-gaz
|-damage|p2a: Horreur-de-gaz|16/100
|-activate|p2a: Horreur-de-gaz|move: Magma Storm|[of] p1a: Heatran
|
|-damage|p2a: Horreur-de-gaz|4/100|[from] move: Magma Storm|[partiallytrapped]
|upkeep
|turn|22
|
|t:|1760388367
|move|p1a: Heatran|Flash Cannon|p2a: Horreur-de-gaz
|-damage|p2a: Horreur-de-gaz|0 fnt
|faint|p2a: Horreur-de-gaz
|
|upkeep
|
|t:|1760388370
|switch|p2a: Noctowl|Noctowl, F|100/100
|turn|23
|
|t:|1760388380
|move|p1a: Heatran|Magma Storm|p2a: Noctowl
|-damage|p2a: Noctowl|63/100
|-activate|p2a: Noctowl|move: Magma Storm|[of] p1a: Heatran
|move|p2a: Noctowl|Tailwind|p2a: Noctowl
|-sidestart|p2: rouetourneatourne|move: Tailwind
|
|-damage|p2a: Noctowl|51/100|[from] move: Magma Storm|[partiallytrapped]
|upkeep
|turn|24
|
|t:|1760388405
|move|p2a: Noctowl|Hurricane|p1a: Heatran|[miss]
|-miss|p2a: Noctowl|p1a: Heatran
|move|p1a: Heatran|Flash Cannon|p2a: Noctowl
|-damage|p2a: Noctowl|20/100
|
|-damage|p2a: Noctowl|8/100|[from] move: Magma Storm|[partiallytrapped]
|upkeep
|turn|25
|
|t:|1760388414
|move|p2a: Noctowl|Roost|p2a: Noctowl
|-heal|p2a: Noctowl|58/100
|-singleturn|p2a: Noctowl|move: Roost
|move|p1a: Heatran|Flash Cannon|p2a: Noctowl
|-damage|p2a: Noctowl|31/100
|
|-damage|p2a: Noctowl|18/100|[from] move: Magma Storm|[partiallytrapped]
|upkeep
|turn|26
|
|t:|1760388426
|move|p2a: Noctowl|Roost|p2a: Noctowl
|-heal|p2a: Noctowl|68/100
|-singleturn|p2a: Noctowl|move: Roost
|move|p1a: Heatran|Magma Storm|p2a: Noctowl
|-damage|p2a: Noctowl|33/100
|
|-damage|p2a: Noctowl|20/100|[from] move: Magma Storm|[partiallytrapped]
|-sideend|p2: rouetourneatourne|move: Tailwind
|upkeep
|turn|27
|
|t:|1760388438
|move|p1a: Heatran|Flash Cannon|p2a: Noctowl
|-damage|p2a: Noctowl|0 fnt
|faint|p2a: Noctowl
|
|upkeep
|
|t:|1760388457
|switch|p2a: Primarina|Primarina, M, tera:Steel|91/100
|-damage|p2a: Primarina|85/100|[from] Stealth Rock
|turn|28
|
|t:|1760388466
|move|p1a: Heatran|Magma Storm|p2a: Primarina
|-supereffective|p2a: Primarina
|-damage|p2a: Primarina|21/100
|-activate|p2a: Primarina|move: Magma Storm|[of] p1a: Heatran
|move|p2a: Primarina|Surf|p1a: Heatran
|-supereffective|p1a: Heatran
|-damage|p1a: Heatran|0 fnt
|faint|p1a: Heatran
|
|-end|p2a: Primarina|Magma Storm|[partiallytrapped]|[silent]
|upkeep
|-message|rouetourneatourne forfeited.
|
|win|nicolasgimenez
|raw|nicolasgimenez's rating: 1163 &rarr; <strong>1189</strong><br />(+26 for winning)
|raw|rouetourneatourne's rating: 1178 &rarr; <strong>1152</strong><br />(-26 for losing)
|l|☆rouetourneatourne
|player|p2|
|l|☆nicolasgimenez
|player|p1|
