|j|☆Rocksane
|j|☆lord mvee
|t:|1760444189
|gametype|singles
|player|p1|Rocksane|sabrina|1618
|player|p2|lord mvee|linebacker|1535
|gen|9
|tier|[Gen 9] OU
|rated|
|rule|HP Percentage Mod: HP is shown in percentages
|rule|Endless Battle Clause: Forcing endless battles is banned
|rule|Species Clause: Limit one of each Pokémon
|rule|OHKO Clause: OHKO moves are banned
|rule|Evasion Items Clause: Evasion items are banned
|rule|Evasion Moves Clause: Evasion moves are banned
|rule|Evasion Abilities Clause: Evasion abilities are banned
|rule|Sleep Moves Clause: Sleep-inducing moves are banned
|clearpoke
|poke|p1|Alomomola, F|
|poke|p1|Hydrapple, M|
|poke|p1|Slowking-Galar, F|
|poke|p1|Hoopa-Unbound|
|poke|p1|Kingambit, F|
|poke|p1|Great Tusk|
|poke|p2|Mienshao, M|
|poke|p2|Slowking-Galar, M|
|poke|p2|Dondozo, M|
|poke|p2|Cinderace, M|
|poke|p2|Ting-Lu|
|poke|p2|Corviknight, M|
|teampreview
|inactive|Battle timer is ON: inactive players will automatically lose when time's up. (requested by lord mvee)
|
|t:|1760444198
|teamsize|p1|6
|teamsize|p2|6
|start
|switch|p1a: Hoopa|Hoopa-Unbound|100/100
|switch|p2a: Mienshao|Mienshao, M|100/100
|turn|1
|
|t:|1760444206
|switch|p2a: Slowking|Slowking-Galar, M|100/100
|switch|p1a: Alomomola|Alomomola, F|100/100
|
|upkeep
|turn|2
|
|t:|1760444213
|switch|p1a: Hoopa|Hoopa-Unbound|100/100
|-prepare|p2a: Slowking|Chilly Reception|[premajor]
|move|p2a: Slowking|Chilly Reception|p2a: Slowking
|-weather|Snowscape
|
|t:|1760444222
|switch|p2a: Mienshao|Mienshao, M|100/100|[from] Chilly Reception
|
|-weather|Snowscape|[upkeep]
|upkeep
|turn|3
|
|t:|1760444228
|switch|p1a: Alomomola|Alomomola, F|100/100
|move|p2a: Mienshao|Swords Dance|p2a: Mienshao
|-boost|p2a: Mienshao|atk|2
|
|-weather|Snowscape|[upkeep]
|upkeep
|turn|4
|
|t:|1760444255
|move|p2a: Mienshao|Knock Off|p1a: Alomomola
|-damage|p1a: Alomomola|55/100
|-damage|p2a: Mienshao|84/100|[from] item: Rocky Helmet|[of] p1a: Alomomola
|-enditem|p1a: Alomomola|Rocky Helmet|[from] move: Knock Off|[of] p2a: Mienshao
|-damage|p2a: Mienshao|74/100|[from] item: Life Orb
|move|p1a: Alomomola|Flip Turn|p2a: Mienshao
|-damage|p2a: Mienshao|44/100
|inactive|Rocksane has 120 seconds left.
|
|t:|1760444268
|switch|p1a: Hydrapple|Hydrapple, M|100/100|[from] Flip Turn
|
|-weather|Snowscape|[upkeep]
|upkeep
|turn|5
|
|t:|1760444276
|move|p2a: Mienshao|Triple Axel|p1a: Hydrapple
|-supereffective|p1a: Hydrapple
|-crit|p1a: Hydrapple
|-damage|p1a: Hydrapple|43/100
|-supereffective|p1a: Hydrapple
|-damage|p1a: Hydrapple|0 fnt
|faint|p1a: Hydrapple
|-hitcount|p1: Hydrapple|2
|-damage|p2a: Mienshao|34/100|[from] item: Life Orb
|
|-weather|Snowscape|[upkeep]
|upkeep
|inactive|Rocksane has 120 seconds left.
|
|t:|1760444286
|switch|p1a: Kingambit|Kingambit, F|100/100
|-activate|p1a: Kingambit|ability: Supreme Overlord
|-start|p1a: Kingambit|fallen1|[silent]
|turn|6
|-message|Rocksane forfeited.
|
|win|lord mvee
|raw|Rocksane's rating: 1618 &rarr; <strong>1593</strong><br />(-25 for losing)
|raw|lord mvee's rating: 1535 &rarr; <strong>1560</strong><br />(+25 for winning)
|l|☆Rocksane
|player|p1|
|l|☆lord mvee
|player|p2|
