|j|☆jakkuza
|j|☆Arcaniner52
|t:|1760343754
|gametype|singles
|player|p1|jakkuza|dawn|1337
|player|p2|Arcaniner52|blue|1284
|gen|9
|tier|[Gen 9] OU
|rated|
|rule|HP Percentage Mod: HP is shown in percentages
|rule|Endless Battle Clause: Forcing endless battles is banned
|rule|Species Clause: Limit one of each Pokémon
|rule|OHKO Clause: OHKO moves are banned
|rule|Evasion Items Clause: Evasion items are banned
|rule|Evasion Moves Clause: Evasion moves are banned
|rule|Evasion Abilities Clause: Evasion abilities are banned
|rule|Sleep Moves Clause: Sleep-inducing moves are banned
|clearpoke
|poke|p1|Garganacl, F|
|poke|p1|Ceruledge, F|
|poke|p1|Clefable, M|
|poke|p1|Torterra, M|
|poke|p1|Zamazenta-*|
|poke|p1|Ditto|
|poke|p2|Typhlosion, M|
|poke|p2|Salamence, M|
|poke|p2|Magnezone|
|poke|p2|Great Tusk|
|poke|p2|Espeon, F|
|poke|p2|Greninja-*, M|
|teampreview
|inactive|Battle timer is ON: inactive players will automatically lose when time's up. (requested by Arcaniner52)
|
|t:|1760343769
|teamsize|p1|6
|teamsize|p2|6
|start
|switch|p1a: Holy Barrage|Torterra, M|100/100
|switch|p2a: Greninja|Greninja, M, shiny|100/100
|turn|1
|
|t:|1760343777
|move|p2a: Greninja|Ice Beam|p1a: Holy Barrage
|-start|p2a: Greninja|typechange|Ice|[from] ability: Protean
|-supereffective|p1a: Holy Barrage
|-damage|p1a: Holy Barrage|0 fnt
|faint|p1a: Holy Barrage
|
|upkeep
|inactive|jakkuza has 120 seconds left.
|
|t:|1760343813
|switch|p1a: Holy Salt|Garganacl, F|100/100
|turn|2
|inactive|jakkuza has 120 seconds left.
|
|t:|1760343825
|switch|p2a: Great Tusk|Great Tusk|100/100
|-terastallize|p1a: Holy Salt|Electric
|move|p1a: Holy Salt|Iron Defense|p1a: Holy Salt
|-boost|p1a: Holy Salt|def|2
|
|upkeep
|turn|3
|
|t:|1760343840
|move|p2a: Great Tusk|Earthquake|p1a: Holy Salt
|-supereffective|p1a: Holy Salt
|-damage|p1a: Holy Salt|63/100
|move|p1a: Holy Salt|Iron Defense|p1a: Holy Salt
|-boost|p1a: Holy Salt|def|2
|
|-heal|p1a: Holy Salt|70/100|[from] item: Leftovers
|upkeep
|turn|4
|
|t:|1760343848
|move|p2a: Great Tusk|Stealth Rock|p1a: Holy Salt
|-sidestart|p1: jakkuza|move: Stealth Rock
|move|p1a: Holy Salt|Recover|p1a: Holy Salt
|-heal|p1a: Holy Salt|100/100
|
|upkeep
|turn|5
|
|t:|1760343868
|move|p2a: Great Tusk|Earthquake|p1a: Holy Salt
|-supereffective|p1a: Holy Salt
|-damage|p1a: Holy Salt|78/100
|move|p1a: Holy Salt|Iron Defense|p1a: Holy Salt
|-boost|p1a: Holy Salt|def|2
|
|-heal|p1a: Holy Salt|84/100|[from] item: Leftovers
|upkeep
|turn|6
|
|t:|1760343877
|-end|p2a: Great Tusk|Protosynthesis|[silent]
|switch|p2a: Typhlosion|Typhlosion, M|100/100
|move|p1a: Holy Salt|Body Press|p2a: Typhlosion
|-damage|p2a: Typhlosion|0 fnt
|faint|p2a: Typhlosion
|
|-heal|p1a: Holy Salt|91/100|[from] item: Leftovers
|upkeep
|
|t:|1760343896
|switch|p2a: Greninja|Greninja, M, shiny|100/100
|turn|7
|
|t:|1760343904
|move|p2a: Greninja|Surf|p1a: Holy Salt
|-start|p2a: Greninja|typechange|Water|[from] ability: Protean
|-crit|p1a: Holy Salt
|-damage|p1a: Holy Salt|52/100
|move|p1a: Holy Salt|Body Press|p2a: Greninja
|-damage|p2a: Greninja|0 fnt
|faint|p2a: Greninja
|
|-heal|p1a: Holy Salt|59/100|[from] item: Leftovers
|upkeep
|
|t:|1760343916
|switch|p2a: Espeon|Espeon, F|100/100
|turn|8
|
|t:|1760343922
|move|p2a: Espeon|Psychic|p1a: Holy Salt
|-damage|p1a: Holy Salt|30/100
|move|p1a: Holy Salt|Recover|p1a: Holy Salt
|-heal|p1a: Holy Salt|80/100
|
|-heal|p1a: Holy Salt|86/100|[from] item: Leftovers
|upkeep
|turn|9
|-message|Arcaniner52 forfeited.
|
|win|jakkuza
|raw|jakkuza's rating: 1337 &rarr; <strong>1354</strong><br />(+17 for winning)
|raw|Arcaniner52's rating: 1284 &rarr; <strong>1263</strong><br />(-21 for losing)
|l|☆Arcaniner52
|player|p2|
|l|☆jakkuza
|player|p1|
