|j|☆yiwangshijie
|j|☆night law
|t:|1760367344
|gametype|singles
|player|p1|yiwangshijie|bugcatcher-gen4dp|1102
|player|p2|night law|giovanni|1134
|gen|9
|tier|[Gen 9] OU
|rated|
|rule|HP Percentage Mod: HP is shown in percentages
|rule|Endless Battle Clause: Forcing endless battles is banned
|rule|Species Clause: Limit one of each Pokémon
|rule|OHKO Clause: OHKO moves are banned
|rule|Evasion Items Clause: Evasion items are banned
|rule|Evasion Moves Clause: Evasion moves are banned
|rule|Evasion Abilities Clause: Evasion abilities are banned
|rule|Sleep Moves Clause: Sleep-inducing moves are banned
|clearpoke
|poke|p1|Umbreon, M|
|poke|p1|Sylveon, M|
|poke|p1|Jolteon, M|
|poke|p1|Espeon, F|
|poke|p1|Glaceon, M|
|poke|p1|Flareon, M|
|poke|p2|Mamoswine, M|
|poke|p2|Salamence, M|
|poke|p2|Clefable, M|
|poke|p2|Lanturn, F|
|poke|p2|Skarmory, F|
|poke|p2|Medicham, F|
|teampreview
|inactive|Battle timer is ON: inactive players will automatically lose when time's up. (requested by yiwangshijie)
|
|t:|1760367360
|teamsize|p1|6
|teamsize|p2|6
|start
|switch|p1a: Glaceon|Glaceon, M|100/100
|switch|p2a: Lanturn|Lanturn, F|100/100
|turn|1
|
|t:|1760367367
|move|p2a: Lanturn|Volt Switch|p1a: Glaceon
|-damage|p1a: Glaceon|69/100
|
|t:|1760367373
|switch|p2a: Clefable|Clefable, M|100/100|[from] Volt Switch
|move|p1a: Glaceon|Freeze-Dry|p2a: Clefable
|-damage|p2a: Clefable|65/100
|-status|p2a: Clefable|frz
|
|-heal|p2a: Clefable|72/100 frz|[from] item: Leftovers
|upkeep
|turn|2
|
|t:|1760367381
|move|p1a: Glaceon|Freeze-Dry|p2a: Clefable
|-crit|p2a: Clefable
|-damage|p2a: Clefable|21/100 frz
|cant|p2a: Clefable|frz
|
|-heal|p2a: Clefable|27/100 frz|[from] item: Leftovers
|upkeep
|turn|3
|
|t:|1760367396
|switch|p2a: Medicham|Medicham, F|100/100
|move|p1a: Glaceon|Freeze-Dry|p2a: Medicham
|-damage|p2a: Medicham|38/100
|
|upkeep
|turn|4
|
|t:|1760367406
|switch|p1a: Sylveon|Sylveon, M|100/100
|move|p2a: Medicham|Close Combat|p1a: Sylveon
|-resisted|p1a: Sylveon
|-damage|p1a: Sylveon|57/100
|-unboost|p2a: Medicham|def|1
|-unboost|p2a: Medicham|spd|1
|
|-heal|p1a: Sylveon|63/100|[from] item: Leftovers
|upkeep
|turn|5
|
|t:|1760367416
|switch|p2a: Lanturn|Lanturn, F|100/100
|move|p1a: Sylveon|Shadow Ball|p2a: Lanturn
|-damage|p2a: Lanturn|88/100
|
|-heal|p1a: Sylveon|69/100|[from] item: Leftovers
|upkeep
|turn|6
|
|t:|1760367423
|move|p2a: Lanturn|Volt Switch|p1a: Sylveon
|-damage|p1a: Sylveon|52/100
|
|t:|1760367427
|switch|p2a: Clefable|Clefable, M|27/100 frz|[from] Volt Switch
|move|p1a: Sylveon|Calm Mind|p1a: Sylveon
|-boost|p1a: Sylveon|spa|1
|-boost|p1a: Sylveon|spd|1
|
|-heal|p1a: Sylveon|58/100|[from] item: Leftovers
|-heal|p2a: Clefable|33/100 frz|[from] item: Leftovers
|upkeep
|turn|7
|
|t:|1760367433
|move|p1a: Sylveon|Calm Mind|p1a: Sylveon
|-boost|p1a: Sylveon|spa|1
|-boost|p1a: Sylveon|spd|1
|cant|p2a: Clefable|frz
|
|-heal|p1a: Sylveon|64/100|[from] item: Leftovers
|-heal|p2a: Clefable|39/100 frz|[from] item: Leftovers
|upkeep
|turn|8
|
|t:|1760367436
|cant|p2a: Clefable|frz
|move|p1a: Sylveon|Draining Kiss|p2a: Clefable
|-damage|p2a: Clefable|21/100 frz
|-heal|p1a: Sylveon|77/100|[from] drain|[of] p2a: Clefable
|
|-heal|p1a: Sylveon|83/100|[from] item: Leftovers
|-heal|p2a: Clefable|27/100 frz|[from] item: Leftovers
|upkeep
|turn|9
|
|t:|1760367441
|cant|p2a: Clefable|frz
|move|p1a: Sylveon|Draining Kiss|p2a: Clefable
|-damage|p2a: Clefable|10/100 frz
|-heal|p1a: Sylveon|96/100|[from] drain|[of] p2a: Clefable
|
|-heal|p1a: Sylveon|100/100|[from] item: Leftovers
|-heal|p2a: Clefable|16/100 frz|[from] item: Leftovers
|upkeep
|turn|10
|
|t:|1760367445
|-curestatus|p2a: Clefable|frz|[msg]
|move|p2a: Clefable|Moonlight|p2a: Clefable
|-heal|p2a: Clefable|66/100
|move|p1a: Sylveon|Draining Kiss|p2a: Clefable
|-damage|p2a: Clefable|50/100
|
|-heal|p2a: Clefable|56/100|[from] item: Leftovers
|upkeep
|turn|11
|
|t:|1760367449
|move|p2a: Clefable|Calm Mind|p2a: Clefable
|-boost|p2a: Clefable|spa|1
|-boost|p2a: Clefable|spd|1
|move|p1a: Sylveon|Calm Mind|p1a: Sylveon
|-boost|p1a: Sylveon|spa|1
|-boost|p1a: Sylveon|spd|1
|
|-heal|p2a: Clefable|62/100|[from] item: Leftovers
|upkeep
|turn|12
|
|t:|1760367454
|switch|p1a: Flareon|Flareon, M|100/100
|move|p2a: Clefable|Calm Mind|p2a: Clefable
|-boost|p2a: Clefable|spa|1
|-boost|p2a: Clefable|spd|1
|
|-heal|p2a: Clefable|68/100|[from] item: Leftovers
|-status|p1a: Flareon|tox|[from] item: Toxic Orb
|upkeep
|turn|13
|
|t:|1760367460
|switch|p2a: Salamence|Salamence, M|100/100
|-ability|p2a: Salamence|Intimidate|boost
|-unboost|p1a: Flareon|atk|1
|move|p1a: Flareon|Flare Blitz|p2a: Salamence
|-resisted|p2a: Salamence
|-damage|p2a: Salamence|62/100
|-damage|p1a: Flareon|85/100 tox|[from] Recoil
|
|-damage|p1a: Flareon|79/100 tox|[from] psn
|upkeep
|turn|14
|
|t:|1760367472
|switch|p1a: Sylveon|Sylveon, M|100/100
|move|p2a: Salamence|Air Slash|p1a: Sylveon
|-damage|p1a: Sylveon|79/100
|
|-heal|p1a: Sylveon|85/100|[from] item: Leftovers
|upkeep
|turn|15
|
|t:|1760367481
|switch|p2a: Clefable|Clefable, M|68/100
|switch|p1a: Flareon|Flareon, M|79/100 tox
|
|-heal|p2a: Clefable|74/100|[from] item: Leftovers
|-damage|p1a: Flareon|73/100 tox|[from] psn
|upkeep
|turn|16
|
|t:|1760367491
|switch|p2a: Salamence|Salamence, M|62/100
|-ability|p2a: Salamence|Intimidate|boost
|-unboost|p1a: Flareon|atk|1
|-terastallize|p1a: Flareon|Normal
|move|p1a: Flareon|Facade|p2a: Salamence
|-crit|p2a: Salamence
|-damage|p2a: Salamence|0 fnt
|faint|p2a: Salamence
|
|-damage|p1a: Flareon|60/100 tox|[from] psn
|upkeep
|
|t:|1760367505
|switch|p2a: Medicham|Medicham, F|38/100
|turn|17
|
|t:|1760367509
|switch|p1a: Sylveon|Sylveon, M|85/100
|move|p2a: Medicham|Close Combat|p1a: Sylveon
|-resisted|p1a: Sylveon
|-damage|p1a: Sylveon|35/100
|-unboost|p2a: Medicham|def|1
|-unboost|p2a: Medicham|spd|1
|
|-heal|p1a: Sylveon|41/100|[from] item: Leftovers
|upkeep
|turn|18
|
|t:|1760367520
|move|p2a: Medicham|Close Combat|p1a: Sylveon
|-resisted|p1a: Sylveon
|-damage|p1a: Sylveon|0 fnt
|-unboost|p2a: Medicham|def|1
|-unboost|p2a: Medicham|spd|1
|faint|p1a: Sylveon
|
|upkeep
|
|t:|1760367523
|switch|p1a: Flareon|Flareon, M, tera:Normal|60/100 tox
|turn|19
|
|t:|1760367530
|move|p1a: Flareon|Quick Attack|p2a: Medicham
|-damage|p2a: Medicham|0 fnt
|faint|p2a: Medicham
|
|-damage|p1a: Flareon|54/100 tox|[from] psn
|upkeep
|
|t:|1760367536
|switch|p2a: Lanturn|Lanturn, F|88/100
|turn|20
|
|t:|1760367540
|switch|p1a: Jolteon|Jolteon, M|100/100
|move|p2a: Lanturn|Scald|p1a: Jolteon
|-damage|p1a: Jolteon|58/100
|-status|p1a: Jolteon|brn
|
|-damage|p1a: Jolteon|52/100 brn|[from] brn
|upkeep
|turn|21
|
|t:|1760367550
|move|p1a: Jolteon|Shadow Ball|p2a: Lanturn
|-damage|p2a: Lanturn|63/100
|-unboost|p2a: Lanturn|spd|1
|move|p2a: Lanturn|Scald|p1a: Jolteon
|-crit|p1a: Jolteon
|-damage|p1a: Jolteon|0 fnt
|faint|p1a: Jolteon
|
|upkeep
|
|t:|1760367556
|switch|p1a: Glaceon|Glaceon, M|69/100
|turn|22
|
|t:|1760367563
|move|p2a: Lanturn|Discharge|p1a: Glaceon
|-damage|p1a: Glaceon|33/100
|move|p1a: Glaceon|Mirror Coat|p2a: Lanturn
|-damage|p2a: Lanturn|10/100
|
|upkeep
|turn|23
|
|t:|1760367570
|move|p2a: Lanturn|Scald|p1a: Glaceon
|-damage|p1a: Glaceon|0 fnt
|faint|p1a: Glaceon
|
|upkeep
|
|t:|1760367575
|switch|p1a: Flareon|Flareon, M, tera:Normal|54/100 tox
|turn|24
|
|t:|1760367579
|switch|p2a: Skarmory|Skarmory, F|100/100
|move|p1a: Flareon|Quick Attack|p2a: Skarmory
|-resisted|p2a: Skarmory
|-damage|p2a: Skarmory|91/100
|-damage|p1a: Flareon|37/100 tox|[from] item: Rocky Helmet|[of] p2a: Skarmory
|
|-damage|p1a: Flareon|31/100 tox|[from] psn
|upkeep
|turn|25
|
|t:|1760367590
|move|p1a: Flareon|Flare Blitz|p2a: Skarmory
|-supereffective|p2a: Skarmory
|-damage|p2a: Skarmory|0 fnt
|-damage|p1a: Flareon|14/100 tox|[from] item: Rocky Helmet|[of] p2a: Skarmory
|faint|p2a: Skarmory
|-damage|p1a: Flareon|0 fnt|[from] Recoil
|faint|p1a: Flareon
|
|upkeep
|
|t:|1760367603
|switch|p1a: Espeon|Espeon, F|100/100
|switch|p2a: Clefable|Clefable, M|74/100
|turn|26
|
|t:|1760367613
|move|p1a: Espeon|Psychic|p2a: Clefable
|-damage|p2a: Clefable|31/100
|move|p2a: Clefable|Calm Mind|p2a: Clefable
|-boost|p2a: Clefable|spa|1
|-boost|p2a: Clefable|spd|1
|
|-heal|p2a: Clefable|37/100|[from] item: Leftovers
|upkeep
|turn|27
|
|t:|1760367621
|move|p1a: Espeon|Psychic|p2a: Clefable
|-damage|p2a: Clefable|10/100
|move|p2a: Clefable|Moonlight|p2a: Clefable
|-heal|p2a: Clefable|60/100
|
|-heal|p2a: Clefable|66/100|[from] item: Leftovers
|upkeep
|turn|28
|
|t:|1760367627
|move|p1a: Espeon|Psychic|p2a: Clefable
|-damage|p2a: Clefable|34/100
|move|p2a: Clefable|Calm Mind|p2a: Clefable
|-boost|p2a: Clefable|spa|1
|-boost|p2a: Clefable|spd|1
|
|-heal|p2a: Clefable|40/100|[from] item: Leftovers
|upkeep
|turn|29
|
|t:|1760367632
|move|p1a: Espeon|Psychic|p2a: Clefable
|-damage|p2a: Clefable|17/100
|move|p2a: Clefable|Moonlight|p2a: Clefable
|-heal|p2a: Clefable|67/100
|
|-heal|p2a: Clefable|73/100|[from] item: Leftovers
|upkeep
|turn|30
|
|t:|1760367637
|move|p1a: Espeon|Psychic|p2a: Clefable
|-damage|p2a: Clefable|51/100
|move|p2a: Clefable|Moonblast|p1a: Espeon
|-damage|p1a: Espeon|19/100
|
|-heal|p2a: Clefable|57/100|[from] item: Leftovers
|upkeep
|turn|31
|-message|yiwangshijie forfeited.
|
|win|night law
|raw|yiwangshijie's rating: 1102 &rarr; <strong>1079</strong><br />(-23 for losing)
|raw|night law's rating: 1134 &rarr; <strong>1157</strong><br />(+23 for winning)
|l|☆yiwangshijie
|player|p1|
|l|☆night law
|player|p2|
