|j|☆syah7991
|j|☆master ball rus
|t:|1760454648
|gametype|singles
|player|p1|syah7991|brycenman|1508
|player|p2|master ball rus|swimmer-gen4|1559
|gen|9
|tier|[Gen 9] OU
|rated|
|rule|HP Percentage Mod: HP is shown in percentages
|rule|Endless Battle Clause: Forcing endless battles is banned
|rule|Species Clause: Limit one of each Pokémon
|rule|OHKO Clause: OHKO moves are banned
|rule|Evasion Items Clause: Evasion items are banned
|rule|Evasion Moves Clause: Evasion moves are banned
|rule|Evasion Abilities Clause: Evasion abilities are banned
|rule|Sleep Moves Clause: Sleep-inducing moves are banned
|clearpoke
|poke|p1|Chesnaught, F|
|poke|p1|Clefable, M|
|poke|p1|Rotom-Wash|
|poke|p1|Dragapult, M|
|poke|p1|Weavile, M|
|poke|p1|Iron Treads|
|poke|p2|Gholdengo|
|poke|p2|Zamazenta-*|
|poke|p2|Ting-Lu|
|poke|p2|Clefable, F|
|poke|p2|Dragonite, M|
|poke|p2|Deoxys-Speed|
|teampreview
|
|t:|1760454660
|teamsize|p1|6
|teamsize|p2|6
|start
|switch|p1a: Cosmo|Clefable, M, shiny|100/100
|switch|p2a: Ting-Lu|Ting-Lu|100/100
|-ability|p2a: Ting-Lu|Vessel of Ruin
|turn|1
|
|t:|1760454667
|move|p1a: Cosmo|Stealth Rock|p2a: Ting-Lu
|-sidestart|p2: master ball rus|move: Stealth Rock
|move|p2a: Ting-Lu|Spikes|p1a: Cosmo
|-sidestart|p1: syah7991|Spikes
|
|upkeep
|turn|2
|
|t:|1760454673
|move|p1a: Cosmo|Moonblast|p2a: Ting-Lu
|-supereffective|p2a: Ting-Lu
|-damage|p2a: Ting-Lu|75/100
|move|p2a: Ting-Lu|Ruination|p1a: Cosmo
|-damage|p1a: Cosmo|50/100
|
|-heal|p1a: Cosmo|57/100|[from] item: Leftovers
|-heal|p2a: Ting-Lu|81/100|[from] item: Leftovers
|upkeep
|turn|3
|
|t:|1760454678
|move|p1a: Cosmo|Wish|p1a: Cosmo
|move|p2a: Ting-Lu|Earthquake|p1a: Cosmo
|-damage|p1a: Cosmo|13/100
|
|-heal|p1a: Cosmo|19/100|[from] item: Leftovers
|-heal|p2a: Ting-Lu|87/100|[from] item: Leftovers
|upkeep
|turn|4
|
|t:|1760454685
|move|p1a: Cosmo|Protect|p1a: Cosmo
|-singleturn|p1a: Cosmo|Protect
|move|p2a: Ting-Lu|Spikes|p1a: Cosmo
|-sidestart|p1: syah7991|Spikes
|
|-heal|p1a: Cosmo|69/100|[from] move: Wish|[wisher] Cosmo
|-heal|p1a: Cosmo|75/100|[from] item: Leftovers
|-heal|p2a: Ting-Lu|93/100|[from] item: Leftovers
|upkeep
|turn|5
|
|t:|1760454688
|move|p1a: Cosmo|Wish|p1a: Cosmo
|move|p2a: Ting-Lu|Earthquake|p1a: Cosmo
|-damage|p1a: Cosmo|33/100
|
|-heal|p1a: Cosmo|39/100|[from] item: Leftovers
|-heal|p2a: Ting-Lu|99/100|[from] item: Leftovers
|upkeep
|turn|6
|
|t:|1760454690
|move|p1a: Cosmo|Protect|p1a: Cosmo
|-singleturn|p1a: Cosmo|Protect
|move|p2a: Ting-Lu|Spikes|p1a: Cosmo
|-sidestart|p1: syah7991|Spikes
|
|-heal|p1a: Cosmo|89/100|[from] move: Wish|[wisher] Cosmo
|-heal|p1a: Cosmo|95/100|[from] item: Leftovers
|-heal|p2a: Ting-Lu|100/100|[from] item: Leftovers
|upkeep
|turn|7
|
|t:|1760454694
|switch|p1a: Allspark|Rotom-Wash, shiny|100/100
|move|p2a: Ting-Lu|Ruination|p1a: Allspark
|-damage|p1a: Allspark|51/100
|
|upkeep
|turn|8
|
|t:|1760454701
|switch|p2a: Gholdengo|Gholdengo|100/100
|-damage|p2a: Gholdengo|94/100|[from] Stealth Rock
|-item|p2a: Gholdengo|Air Balloon
|move|p1a: Allspark|Trick|p2a: Gholdengo
|-immune|p2a: Gholdengo|[from] ability: Good as Gold
|
|upkeep
|turn|9
|
|t:|1760454715
|switch|p1a: We Vile 😈|Weavile, M, shiny|100/100
|-damage|p1a: We Vile 😈|76/100|[from] Spikes
|-ability|p1a: We Vile 😈|Pressure
|move|p2a: Gholdengo|Nasty Plot|p2a: Gholdengo
|-boost|p2a: Gholdengo|spa|2
|
|upkeep
|turn|10
|
|t:|1760454725
|switch|p2a: Clefable|Clefable, F|100/100
|move|p1a: We Vile 😈|Knock Off|p2a: Clefable
|-resisted|p2a: Clefable
|-damage|p2a: Clefable|75/100
|-damage|p1a: We Vile 😈|59/100|[from] item: Rocky Helmet|[of] p2a: Clefable
|-enditem|p2a: Clefable|Rocky Helmet|[from] move: Knock Off|[of] p1a: We Vile 😈
|-damage|p1a: We Vile 😈|49/100|[from] item: Life Orb
|
|upkeep
|turn|11
|
|t:|1760454732
|switch|p1a: Watto|Iron Treads|100/100
|-damage|p1a: Watto|76/100|[from] Spikes
|move|p2a: Clefable|Stealth Rock|p1a: Watto
|-sidestart|p1: syah7991|move: Stealth Rock
|
|upkeep
|turn|12
|
|t:|1760454740
|move|p1a: Watto|Knock Off|p2a: Clefable
|-resisted|p2a: Clefable
|-damage|p2a: Clefable|69/100
|move|p2a: Clefable|Knock Off|p1a: Watto
|-damage|p1a: Watto|64/100
|-enditem|p1a: Watto|Assault Vest|[from] move: Knock Off|[of] p2a: Clefable
|
|upkeep
|turn|13
|
|t:|1760454746
|switch|p2a: Gholdengo|Gholdengo|94/100
|-damage|p2a: Gholdengo|88/100|[from] Stealth Rock
|-item|p2a: Gholdengo|Air Balloon
|move|p1a: Watto|Knock Off|p2a: Gholdengo
|-supereffective|p2a: Gholdengo
|-damage|p2a: Gholdengo|55/100
|-enditem|p2a: Gholdengo|Air Balloon
|
|upkeep
|turn|14
|
|t:|1760454754
|move|p1a: Watto|Earthquake|p2a: Gholdengo
|-supereffective|p2a: Gholdengo
|-damage|p2a: Gholdengo|0 fnt
|faint|p2a: Gholdengo
|
|upkeep
|
|t:|1760454757
|switch|p2a: Zamazenta|Zamazenta|100/100
|-ability|p2a: Zamazenta|Dauntless Shield|boost
|-boost|p2a: Zamazenta|def|1
|turn|15
|
|t:|1760454766
|-terastallize|p1a: Watto|Ghost
|move|p2a: Zamazenta|Close Combat|p1a: Watto
|-immune|p1a: Watto
|move|p1a: Watto|Rapid Spin|p2a: Zamazenta
|-damage|p2a: Zamazenta|93/100
|-boost|p1a: Watto|spe|1
|-sideend|p1: syah7991|Spikes|[from] move: Rapid Spin|[of] p1a: Watto
|-sideend|p1: syah7991|Stealth Rock|[from] move: Rapid Spin|[of] p1a: Watto
|
|upkeep
|turn|16
|
|t:|1760454772
|move|p1a: Watto|Knock Off|p2a: Zamazenta
|-resisted|p2a: Zamazenta
|-damage|p2a: Zamazenta|86/100
|-enditem|p2a: Zamazenta|Heavy-Duty Boots|[from] move: Knock Off|[of] p1a: Watto
|move|p2a: Zamazenta|Crunch|p1a: Watto
|-supereffective|p1a: Watto
|-damage|p1a: Watto|25/100
|-unboost|p1a: Watto|def|1
|
|upkeep
|turn|17
|
|t:|1760454779
|-end|p1a: Watto|Quark Drive|[silent]
|switch|p1a: Droideka|Chesnaught, F, shiny|100/100
|move|p2a: Zamazenta|Crunch|p1a: Droideka
|-resisted|p1a: Droideka
|-crit|p1a: Droideka
|-damage|p1a: Droideka|89/100
|-unboost|p1a: Droideka|def|1
|-damage|p2a: Zamazenta|69/100|[from] item: Rocky Helmet|[of] p1a: Droideka
|
|upkeep
|turn|18
|
|t:|1760454783
|move|p2a: Zamazenta|Ice Fang|p1a: Droideka
|-supereffective|p1a: Droideka
|-damage|p1a: Droideka|53/100
|-damage|p2a: Zamazenta|53/100|[from] item: Rocky Helmet|[of] p1a: Droideka
|move|p1a: Droideka|Leech Seed|p2a: Zamazenta
|-start|p2a: Zamazenta|move: Leech Seed
|
|-damage|p2a: Zamazenta|40/100|[from] Leech Seed|[of] p1a: Droideka
|-heal|p1a: Droideka|64/100|[silent]
|upkeep
|turn|19
|
|t:|1760454789
|switch|p2a: Clefable|Clefable, F|69/100
|move|p1a: Droideka|Spikes|p2a: Clefable
|-sidestart|p2: master ball rus|Spikes
|
|upkeep
|turn|20
|
|t:|1760454795
|switch|p1a: Watto|Iron Treads, tera:Ghost|25/100
|move|p2a: Clefable|Stealth Rock|p1a: Watto
|-sidestart|p1: syah7991|move: Stealth Rock
|
|upkeep
|turn|21
|
|t:|1760454800
|move|p1a: Watto|Rapid Spin|p2a: Clefable
|-damage|p2a: Clefable|59/100
|-boost|p1a: Watto|spe|1
|-sideend|p1: syah7991|Stealth Rock|[from] move: Rapid Spin|[of] p1a: Watto
|move|p2a: Clefable|Moonblast|p1a: Watto
|-damage|p1a: Watto|0 fnt
|faint|p1a: Watto
|-end|p1a: Watto|Quark Drive|[silent]
|
|upkeep
|
|t:|1760454806
|switch|p1a: We Vile 😈|Weavile, M, shiny|49/100
|-ability|p1a: We Vile 😈|Pressure
|turn|22
|
|t:|1760454810
|move|p1a: We Vile 😈|Triple Axel|p2a: Clefable
|-damage|p2a: Clefable|49/100
|-damage|p2a: Clefable|27/100
|-damage|p2a: Clefable|0 fnt
|faint|p2a: Clefable
|-hitcount|p2: Clefable|3
|-damage|p1a: We Vile 😈|39/100|[from] item: Life Orb
|
|upkeep
|
|t:|1760454819
|switch|p2a: Dragonite|Dragonite, M|100/100
|turn|23
|
|t:|1760454829
|move|p2a: Dragonite|Extreme Speed|p1a: We Vile 😈
|-damage|p1a: We Vile 😈|0 fnt
|faint|p1a: We Vile 😈
|
|upkeep
|
|t:|1760454832
|switch|p1a: Allspark|Rotom-Wash, shiny|51/100
|turn|24
|
|t:|1760454841
|move|p1a: Allspark|Will-O-Wisp|p2a: Dragonite
|-status|p2a: Dragonite|brn
|move|p2a: Dragonite|Dragon Tail|p1a: Allspark
|-damage|p1a: Allspark|27/100
|drag|p1a: Pultersheist|Dragapult, M, shiny|100/100
|
|-damage|p2a: Dragonite|94/100 brn|[from] brn
|upkeep
|turn|25
|
|t:|1760454849
|move|p1a: Pultersheist|U-turn|p2a: Dragonite
|-resisted|p2a: Dragonite
|-damage|p2a: Dragonite|86/100 brn
|
|t:|1760454851
|switch|p1a: Droideka|Chesnaught, F, shiny|64/100|[from] U-turn
|move|p2a: Dragonite|Dragon Tail|p1a: Droideka|[miss]
|-miss|p2a: Dragonite|p1a: Droideka
|
|-damage|p2a: Dragonite|80/100 brn|[from] brn
|upkeep
|turn|26
|
|t:|1760454859
|move|p1a: Droideka|Synthesis|p1a: Droideka
|-heal|p1a: Droideka|100/100
|move|p2a: Dragonite|Dragon Tail|p1a: Droideka
|-damage|p1a: Droideka|91/100
|-damage|p2a: Dragonite|64/100 brn|[from] item: Rocky Helmet|[of] p1a: Droideka
|drag|p1a: Cosmo|Clefable, M, shiny|95/100
|
|-heal|p1a: Cosmo|100/100|[from] item: Leftovers
|-damage|p2a: Dragonite|58/100 brn|[from] brn
|upkeep
|turn|27
|
|t:|1760454867
|move|p2a: Dragonite|Earthquake|p1a: Cosmo
|-damage|p1a: Cosmo|78/100
|move|p1a: Cosmo|Wish|p1a: Cosmo
|
|-heal|p1a: Cosmo|84/100|[from] item: Leftovers
|-damage|p2a: Dragonite|52/100 brn|[from] brn
|upkeep
|turn|28
|
|t:|1760454876
|move|p1a: Cosmo|Moonblast|p2a: Dragonite
|-supereffective|p2a: Dragonite
|-damage|p2a: Dragonite|0 fnt
|faint|p2a: Dragonite
|
|-heal|p1a: Cosmo|100/100|[from] move: Wish|[wisher] Cosmo
|upkeep
|
|t:|1760454881
|switch|p2a: Ting-Lu|Ting-Lu|100/100
|-damage|p2a: Ting-Lu|94/100|[from] Stealth Rock
|-damage|p2a: Ting-Lu|82/100|[from] Spikes
|-ability|p2a: Ting-Lu|Vessel of Ruin
|turn|29
|
|t:|1760454885
|switch|p1a: Allspark|Rotom-Wash, shiny|27/100
|move|p2a: Ting-Lu|Ruination|p1a: Allspark
|-damage|p1a: Allspark|14/100
|
|-heal|p2a: Ting-Lu|88/100|[from] item: Leftovers
|upkeep
|turn|30
|
|t:|1760454888
|move|p1a: Allspark|Trick|p2a: Ting-Lu
|-activate|p1a: Allspark|move: Trick|[of] p2a: Ting-Lu
|-item|p2a: Ting-Lu|Choice Scarf|[from] move: Trick
|-item|p1a: Allspark|Leftovers|[from] move: Trick
|move|p2a: Ting-Lu|Spikes|p1a: Allspark
|-sidestart|p1: syah7991|Spikes
|
|-heal|p1a: Allspark|20/100|[from] item: Leftovers
|upkeep
|turn|31
|
|t:|1760454892
|move|p1a: Allspark|Will-O-Wisp|p2a: Ting-Lu
|-status|p2a: Ting-Lu|brn
|move|p2a: Ting-Lu|Spikes|p1a: Allspark
|-sidestart|p1: syah7991|Spikes
|
|-heal|p1a: Allspark|26/100|[from] item: Leftovers
|-damage|p2a: Ting-Lu|82/100 brn|[from] brn
|upkeep
|turn|32
|
|t:|1760454894
|move|p1a: Allspark|Will-O-Wisp|p2a: Ting-Lu
|-fail|p2a: Ting-Lu|brn
|move|p2a: Ting-Lu|Spikes|p1a: Allspark
|-sidestart|p1: syah7991|Spikes
|
|-heal|p1a: Allspark|32/100|[from] item: Leftovers
|-damage|p2a: Ting-Lu|76/100 brn|[from] brn
|upkeep
|turn|33
|
|t:|1760454908
|switch|p2a: Deoxys|Deoxys-Speed|100/100
|-ability|p2a: Deoxys|Pressure
|move|p1a: Allspark|Will-O-Wisp|p2a: Deoxys|[miss]
|-miss|p1a: Allspark|p2a: Deoxys
|
|-heal|p1a: Allspark|39/100|[from] item: Leftovers
|upkeep
|turn|34
|
|t:|1760454925
|move|p2a: Deoxys|Nasty Plot|p2a: Deoxys
|-boost|p2a: Deoxys|spa|2
|move|p1a: Allspark|Volt Switch|p2a: Deoxys
|-damage|p2a: Deoxys|57/100
|
|t:|1760454928
|switch|p1a: Cosmo|Clefable, M, shiny|100/100|[from] Volt Switch
|
|upkeep
|turn|35
|
|t:|1760454935
|move|p2a: Deoxys|Psycho Boost|p1a: Cosmo
|-damage|p1a: Cosmo|8/100
|-unboost|p2a: Deoxys|spa|2
|move|p1a: Cosmo|Moonblast|p2a: Deoxys
|-damage|p2a: Deoxys|15/100
|-unboost|p2a: Deoxys|spa|1
|
|-heal|p1a: Cosmo|14/100|[from] item: Leftovers
|upkeep
|turn|36
|
|t:|1760454943
|move|p2a: Deoxys|Ice Beam|p1a: Cosmo
|-damage|p1a: Cosmo|1/100
|move|p1a: Cosmo|Moonblast|p2a: Deoxys
|-damage|p2a: Deoxys|0 fnt
|faint|p2a: Deoxys
|
|-heal|p1a: Cosmo|7/100|[from] item: Leftovers
|upkeep
|
|t:|1760454954
|switch|p2a: Zamazenta|Zamazenta|40/100
|-damage|p2a: Zamazenta|34/100|[from] Stealth Rock
|-damage|p2a: Zamazenta|22/100|[from] Spikes
|turn|37
|-message|master ball rus forfeited.
|
|win|syah7991
|raw|syah7991's rating: 1508 &rarr; <strong>1531</strong><br />(+23 for winning)
|raw|master ball rus's rating: 1559 &rarr; <strong>1536</strong><br />(-23 for losing)
|l|☆master ball rus
|player|p2|
