|j|☆Agent Derf
|j|☆zhihe019
|t:|1760333472
|gametype|singles
|player|p1|Agent Derf|102|1454
|player|p2|zhihe019|cynthia|1451
|gen|9
|tier|[Gen 9] OU
|rated|
|rule|HP Percentage Mod: HP is shown in percentages
|rule|Endless Battle Clause: Forcing endless battles is banned
|rule|Species Clause: Limit one of each Pokémon
|rule|OHKO Clause: OHKO moves are banned
|rule|Evasion Items Clause: Evasion items are banned
|rule|Evasion Moves Clause: Evasion moves are banned
|rule|Evasion Abilities Clause: Evasion abilities are banned
|rule|Sleep Moves Clause: Sleep-inducing moves are banned
|clearpoke
|poke|p1|Typhlosion-Hisui, M|
|poke|p1|Ogerpon-Wellspring, F|
|poke|p1|Mienshao, M|
|poke|p1|Great Tusk|
|poke|p1|Glimmora, F|
|poke|p1|Dragapult, F|
|poke|p2|Pelipper, F|
|poke|p2|Basculegion, M|
|poke|p2|Kingdra, M|
|poke|p2|Zapdos|
|poke|p2|Mamoswine, M|
|poke|p2|Kingambit, M|
|teampreview
|inactive|Battle timer is ON: inactive players will automatically lose when time's up. (requested by zhihe019)
|
|t:|1760333499
|teamsize|p1|6
|teamsize|p2|6
|start
|switch|p1a: Dragapult|Dragapult, F|100/100
|switch|p2a: Pelipper|Pelipper, F|100/100
|-weather|RainDance|[from] ability: Drizzle|[of] p2a: Pelipper
|turn|1
|
|t:|1760333522
|move|p1a: Dragapult|Substitute|p1a: Dragapult
|-start|p1a: Dragapult|Substitute
|-damage|p1a: Dragapult|76/100
|move|p2a: Pelipper|U-turn|p1a: Dragapult
|-resisted|p1a: Dragapult
|-activate|p1a: Dragapult|move: Substitute|[damage]
|
|t:|1760333529
|switch|p2a: Zapdos|Zapdos|100/100|[from] U-turn
|
|-weather|RainDance|[upkeep]
|-heal|p1a: Dragapult|82/100|[from] item: Leftovers
|upkeep
|turn|2
|
|t:|1760333533
|move|p1a: Dragapult|Dragon Darts|p2a: Zapdos
|-damage|p2a: Zapdos|67/100
|-anim|p1a: Dragapult|Dragon Darts|p2a: Zapdos
|-damage|p2a: Zapdos|33/100
|move|p2a: Zapdos|Volt Switch|p1a: Dragapult
|-resisted|p1a: Dragapult
|-end|p1a: Dragapult|Substitute
|
|t:|1760333535
|switch|p2a: Kingdra|Kingdra, M|100/100|[from] Volt Switch
|
|-weather|RainDance|[upkeep]
|-heal|p1a: Dragapult|88/100|[from] item: Leftovers
|upkeep
|turn|3
|
|t:|1760333544
|switch|p1a: Typhlosion|Typhlosion-Hisui, M|100/100
|move|p2a: Kingdra|Weather Ball|p1a: Typhlosion
|-supereffective|p1a: Typhlosion
|-damage|p1a: Typhlosion|0 fnt
|faint|p1a: Typhlosion
|-damage|p2a: Kingdra|91/100|[from] item: Life Orb
|
|-weather|RainDance|[upkeep]
|upkeep
|
|t:|1760333549
|switch|p1a: Ogerpon|Ogerpon-Wellspring, F|100/100
|turn|4
|
|t:|1760333563
|move|p2a: Kingdra|Hurricane|p1a: Ogerpon
|-supereffective|p1a: Ogerpon
|-damage|p1a: Ogerpon|6/100
|-damage|p2a: Kingdra|81/100|[from] item: Life Orb
|move|p1a: Ogerpon|Horn Leech|p2a: Kingdra
|-damage|p2a: Kingdra|29/100
|-heal|p1a: Ogerpon|32/100|[from] drain|[of] p2a: Kingdra
|
|-weather|RainDance|[upkeep]
|upkeep
|turn|5
|
|t:|1760333582
|switch|p1a: Glimmora|Glimmora, F|100/100
|move|p2a: Kingdra|Hurricane|p1a: Glimmora
|-resisted|p1a: Glimmora
|-damage|p1a: Glimmora|72/100
|-enditem|p1a: Glimmora|Red Card|[of] p2a: Kingdra
|drag|p2a: Zapdos|Zapdos|33/100
|
|-weather|RainDance|[upkeep]
|upkeep
|turn|6
|
|t:|1760333610
|switch|p1a: Mienshao|Mienshao, M|100/100
|move|p2a: Zapdos|Thunder|p1a: Mienshao
|-damage|p1a: Mienshao|0 fnt
|faint|p1a: Mienshao
|
|-weather|RainDance|[upkeep]
|upkeep
|
|t:|1760333620
|switch|p1a: Dragapult|Dragapult, F|88/100
|turn|7
|
|t:|1760333629
|switch|p2a: Kingambit|Kingambit, M|100/100
|move|p1a: Dragapult|Substitute|p1a: Dragapult
|-start|p1a: Dragapult|Substitute
|-damage|p1a: Dragapult|63/100
|
|-weather|RainDance|[upkeep]
|-heal|p1a: Dragapult|69/100|[from] item: Leftovers
|upkeep
|turn|8
|
|t:|1760333634
|move|p1a: Dragapult|Dragon Darts|p2a: Kingambit
|-resisted|p2a: Kingambit
|-damage|p2a: Kingambit|90/100
|-anim|p1a: Dragapult|Dragon Darts|p2a: Kingambit
|-resisted|p2a: Kingambit
|-damage|p2a: Kingambit|81/100
|move|p2a: Kingambit|Kowtow Cleave|p1a: Dragapult
|-supereffective|p1a: Dragapult
|-crit|p1a: Dragapult
|-end|p1a: Dragapult|Substitute
|
|-weather|none
|-heal|p1a: Dragapult|75/100|[from] item: Leftovers
|upkeep
|turn|9
|
|t:|1760333638
|switch|p1a: Glimmora|Glimmora, F|72/100
|move|p2a: Kingambit|Kowtow Cleave|p1a: Glimmora
|-damage|p1a: Glimmora|0 fnt
|-activate|p1a: Glimmora|ability: Toxic Debris
|-sidestart|p2: zhihe019|move: Toxic Spikes
|faint|p1a: Glimmora
|
|upkeep
|
|t:|1760333646
|switch|p1a: Great Tusk|Great Tusk|100/100
|turn|10
|
|t:|1760333652
|-end|p1a: Great Tusk|Protosynthesis|[silent]
|switch|p1a: Ogerpon|Ogerpon-Wellspring, F|32/100
|-end|p2a: Kingambit|fallenundefined|[silent]
|switch|p2a: Pelipper|Pelipper, F|100/100
|-weather|RainDance|[from] ability: Drizzle|[of] p2a: Pelipper
|
|-weather|RainDance|[upkeep]
|upkeep
|turn|11
|
|t:|1760333657
|move|p1a: Ogerpon|Horn Leech|p2a: Pelipper
|-damage|p2a: Pelipper|64/100
|-heal|p1a: Ogerpon|51/100|[from] drain|[of] p2a: Pelipper
|move|p2a: Pelipper|Hurricane|p1a: Ogerpon
|-supereffective|p1a: Ogerpon
|-damage|p1a: Ogerpon|0 fnt
|faint|p1a: Ogerpon
|
|-weather|RainDance|[upkeep]
|upkeep
|
|t:|1760333661
|switch|p1a: Dragapult|Dragapult, F|75/100
|turn|12
|
|t:|1760333672
|move|p1a: Dragapult|Dragon Dance|p1a: Dragapult
|-boost|p1a: Dragapult|atk|1
|-boost|p1a: Dragapult|spe|1
|move|p2a: Pelipper|Hurricane|p1a: Dragapult
|-damage|p1a: Dragapult|24/100
|-start|p1a: Dragapult|confusion
|
|-weather|RainDance|[upkeep]
|-heal|p1a: Dragapult|30/100|[from] item: Leftovers
|upkeep
|turn|13
|
|t:|1760333675
|-activate|p1a: Dragapult|confusion
|move|p1a: Dragapult|Dragon Darts|p2a: Pelipper
|-crit|p2a: Pelipper
|-damage|p2a: Pelipper|14/100
|-anim|p1a: Dragapult|Dragon Darts|p2a: Pelipper
|-damage|p2a: Pelipper|0 fnt
|faint|p2a: Pelipper
|
|-weather|RainDance|[upkeep]
|-heal|p1a: Dragapult|36/100|[from] item: Leftovers
|upkeep
|
|t:|1760333682
|switch|p2a: Mamoswine|Mamoswine, M|100/100
|-status|p2a: Mamoswine|psn
|turn|14
|
|t:|1760333707
|-terastallize|p1a: Dragapult|Fire
|move|p2a: Mamoswine|Ice Shard|p1a: Dragapult
|-resisted|p1a: Dragapult
|-damage|p1a: Dragapult|21/100
|-end|p1a: Dragapult|confusion
|move|p1a: Dragapult|Tera Blast|p2a: Mamoswine|[anim] Tera Blast Fire
|-supereffective|p2a: Mamoswine
|-damage|p2a: Mamoswine|67/100 psn
|
|-weather|RainDance|[upkeep]
|-heal|p1a: Dragapult|27/100|[from] item: Leftovers
|-damage|p2a: Mamoswine|54/100 psn|[from] psn
|upkeep
|turn|15
|
|t:|1760333721
|move|p1a: Dragapult|Dragon Darts|p2a: Mamoswine
|-damage|p2a: Mamoswine|8/100 psn
|-anim|p1a: Dragapult|Dragon Darts|p2a: Mamoswine
|-damage|p2a: Mamoswine|0 fnt
|faint|p2a: Mamoswine
|
|-weather|RainDance|[upkeep]
|-heal|p1a: Dragapult|33/100|[from] item: Leftovers
|upkeep
|
|t:|1760333724
|switch|p2a: Kingambit|Kingambit, M|81/100
|-activate|p2a: Kingambit|ability: Supreme Overlord
|-start|p2a: Kingambit|fallen2|[silent]
|turn|16
|
|t:|1760333738
|-terastallize|p2a: Kingambit|Dark
|move|p1a: Dragapult|Substitute|p1a: Dragapult
|-start|p1a: Dragapult|Substitute
|-damage|p1a: Dragapult|8/100
|move|p2a: Kingambit|Kowtow Cleave|p1a: Dragapult
|-end|p1a: Dragapult|Substitute
|
|-weather|RainDance|[upkeep]
|-heal|p1a: Dragapult|14/100|[from] item: Leftovers
|upkeep
|turn|17
|
|t:|1760333742
|move|p1a: Dragapult|Dragon Darts|p2a: Kingambit
|-damage|p2a: Kingambit|54/100
|-anim|p1a: Dragapult|Dragon Darts|p2a: Kingambit
|-damage|p2a: Kingambit|27/100
|move|p2a: Kingambit|Kowtow Cleave|p1a: Dragapult
|-damage|p1a: Dragapult|0 fnt
|faint|p1a: Dragapult
|
|-weather|none
|upkeep
|
|t:|1760333745
|switch|p1a: Great Tusk|Great Tusk|100/100
|turn|18
|
|t:|1760333753
|move|p1a: Great Tusk|Rapid Spin|p2a: Kingambit
|-damage|p2a: Kingambit|15/100
|-boost|p1a: Great Tusk|spe|1
|move|p2a: Kingambit|Kowtow Cleave|p1a: Great Tusk
|-resisted|p1a: Great Tusk
|-damage|p1a: Great Tusk|62/100
|
|-heal|p1a: Great Tusk|68/100|[from] item: Leftovers
|upkeep
|turn|19
|
|t:|1760333756
|move|p1a: Great Tusk|Bulk Up|p1a: Great Tusk
|-boost|p1a: Great Tusk|atk|1
|-boost|p1a: Great Tusk|def|1
|move|p2a: Kingambit|Kowtow Cleave|p1a: Great Tusk
|-resisted|p1a: Great Tusk
|-damage|p1a: Great Tusk|42/100
|
|-heal|p1a: Great Tusk|48/100|[from] item: Leftovers
|upkeep
|turn|20
|
|t:|1760333766
|move|p1a: Great Tusk|Bulk Up|p1a: Great Tusk
|-boost|p1a: Great Tusk|atk|1
|-boost|p1a: Great Tusk|def|1
|move|p2a: Kingambit|Kowtow Cleave|p1a: Great Tusk
|-resisted|p1a: Great Tusk
|-crit|p1a: Great Tusk
|-damage|p1a: Great Tusk|0 fnt
|faint|p1a: Great Tusk
|-end|p1a: Great Tusk|Protosynthesis|[silent]
|
|win|zhihe019
|raw|Agent Derf's rating: 1454 &rarr; <strong>1434</strong><br />(-20 for losing)
|raw|zhihe019's rating: 1451 &rarr; <strong>1471</strong><br />(+20 for winning)
|l|☆zhihe019
|player|p2|
|l|☆Agent Derf
|player|p1|
