|j|☆blackviper1025
|j|☆Pepinillovasi
|t:|1760395350
|gametype|singles
|player|p1|blackviper1025|byron|1557
|player|p2|Pepinillovasi|barry|1544
|gen|9
|tier|[Gen 9] OU
|rated|
|rule|HP Percentage Mod: HP is shown in percentages
|rule|Endless Battle Clause: Forcing endless battles is banned
|rule|Species Clause: Limit one of each Pokémon
|rule|OHKO Clause: OHKO moves are banned
|rule|Evasion Items Clause: Evasion items are banned
|rule|Evasion Moves Clause: Evasion moves are banned
|rule|Evasion Abilities Clause: Evasion abilities are banned
|rule|Sleep Moves Clause: Sleep-inducing moves are banned
|clearpoke
|poke|p1|Samurott-Hisui, F|
|poke|p1|Heatran, F|
|poke|p1|Latios, M|
|poke|p1|Iron Valiant|
|poke|p1|Iron Treads|
|poke|p1|Dragapult, M|
|poke|p2|Samurott-Hisui, F|
|poke|p2|Glimmora, M|
|poke|p2|Landorus-Therian, M|
|poke|p2|Slither Wing|
|poke|p2|Gholdengo|
|poke|p2|Ogerpon, F|
|teampreview
|inactive|Battle timer is ON: inactive players will automatically lose when time's up. (requested by blackviper1025)
|inactive|blackviper1025 has 120 seconds left.
|
|t:|1760395425
|teamsize|p1|6
|teamsize|p2|6
|start
|switch|p1a: Transylvania|Dragapult, M|100/100
|switch|p2a: Samurott|Samurott-Hisui, F|100/100
|turn|1
|
|t:|1760395429
|move|p2a: Samurott|Ceaseless Edge|p1a: Transylvania|[miss]
|-miss|p2a: Samurott|p1a: Transylvania
|move|p1a: Transylvania|U-turn|p2a: Samurott
|-supereffective|p2a: Samurott
|-damage|p2a: Samurott|13/100
|
|t:|1760395434
|switch|p1a: Wish Upon A Star|Latios, M|100/100|[from] U-turn
|
|upkeep
|turn|2
|c|☆blackviper1025|Im.super sorry
|
|t:|1760395444
|move|p1a: Wish Upon A Star|Draco Meteor|p2a: Samurott
|-damage|p2a: Samurott|0 fnt
|-unboost|p1a: Wish Upon A Star|spa|2
|faint|p2a: Samurott
|
|upkeep
|
|t:|1760395453
|switch|p2a: Glimmora|Glimmora, M, shiny|100/100
|turn|3
|
|t:|1760395457
|switch|p1a: Lightning Rod|Iron Treads|100/100
|move|p2a: Glimmora|Stealth Rock|p1a: Lightning Rod
|-sidestart|p1: blackviper1025|move: Stealth Rock
|
|upkeep
|turn|4
|inactive|Pepinillovasi has 120 seconds left.
|
|t:|1760395490
|switch|p2a: Slither Wing|Slither Wing, shiny|100/100
|move|p1a: Lightning Rod|Rapid Spin|p2a: Slither Wing
|-damage|p2a: Slither Wing|91/100
|-boost|p1a: Lightning Rod|spe|1
|-damage|p1a: Lightning Rod|84/100|[from] item: Rocky Helmet|[of] p2a: Slither Wing
|-sideend|p1: blackviper1025|Stealth Rock|[from] move: Rapid Spin|[of] p1a: Lightning Rod
|
|-heal|p1a: Lightning Rod|90/100|[from] item: Leftovers
|upkeep
|turn|5
|
|t:|1760395496
|-end|p1a: Lightning Rod|Quark Drive|[silent]
|switch|p1a: Vesuvius|Heatran, F|100/100
|move|p2a: Slither Wing|Close Combat|p1a: Vesuvius
|-supereffective|p1a: Vesuvius
|-damage|p1a: Vesuvius|30/100
|-unboost|p2a: Slither Wing|def|1
|-unboost|p2a: Slither Wing|spd|1
|-damage|p2a: Slither Wing|75/100|[from] item: Rocky Helmet|[of] p1a: Vesuvius
|
|upkeep
|turn|6
|
|t:|1760395503
|switch|p1a: Transylvania|Dragapult, M|100/100
|move|p2a: Slither Wing|Close Combat|p1a: Transylvania
|-immune|p1a: Transylvania
|
|upkeep
|turn|7
|
|t:|1760395517
|-end|p2a: Slither Wing|Protosynthesis|[silent]
|switch|p2a: Glimmora|Glimmora, M, shiny|100/100
|-terastallize|p1a: Transylvania|Ghost
|move|p1a: Transylvania|Tera Blast|p2a: Glimmora|[anim] Tera Blast Ghost
|-damage|p2a: Glimmora|14/100
|-activate|p2a: Glimmora|ability: Toxic Debris
|-sidestart|p1: blackviper1025|move: Toxic Spikes
|
|upkeep
|turn|8
|
|t:|1760395545
|move|p1a: Transylvania|Tera Blast|p2a: Glimmora|[anim] Tera Blast Ghost
|-damage|p2a: Glimmora|0 fnt
|-activate|p2a: Glimmora|ability: Toxic Debris
|-sidestart|p1: blackviper1025|move: Toxic Spikes
|faint|p2a: Glimmora
|
|upkeep
|
|t:|1760395549
|switch|p2a: Ogerpon|Ogerpon, F|100/100
|turn|9
|
|t:|1760395554
|switch|p1a: Vesuvius|Heatran, F|30/100
|-terastallize|p2a: Ogerpon|Grass
|detailschange|p2a: Ogerpon|Ogerpon-Teal-Tera, F, tera:Grass
|-ability|p2a: Ogerpon|Embody Aspect (Teal)|boost
|-boost|p2a: Ogerpon|spe|1
|move|p2a: Ogerpon|Knock Off|p1a: Vesuvius
|-damage|p1a: Vesuvius|11/100
|-damage|p2a: Ogerpon|84/100|[from] item: Rocky Helmet|[of] p1a: Vesuvius
|-status|p2a: Ogerpon|brn|[from] ability: Flame Body|[of] p1a: Vesuvius
|-enditem|p1a: Vesuvius|Rocky Helmet|[from] move: Knock Off|[of] p2a: Ogerpon
|
|-damage|p2a: Ogerpon|78/100 brn|[from] brn
|upkeep
|turn|10
|inactive|Pepinillovasi has 120 seconds left.
|inactive|blackviper1025 has 120 seconds left.
|inactive|Pepinillovasi has 90 seconds left.
|
|t:|1760395637
|move|p2a: Ogerpon|Knock Off|p1a: Vesuvius
|-damage|p1a: Vesuvius|5/100
|move|p1a: Vesuvius|Lava Plume|p2a: Ogerpon
|-supereffective|p2a: Ogerpon
|-damage|p2a: Ogerpon|0 fnt
|faint|p2a: Ogerpon
|detailschange|p2: Ogerpon|Ogerpon, F|[silent]
|
|upkeep
|inactive|Pepinillovasi has 60 seconds left.
|-message|Pepinillovasi forfeited.
|
|win|blackviper1025
|raw|blackviper1025's rating: 1557 &rarr; <strong>1577</strong><br />(+20 for winning)
|raw|Pepinillovasi's rating: 1562 &rarr; <strong>1542</strong><br />(-20 for losing)
|l|☆Pepinillovasi
|player|p2|
|l|☆blackviper1025
|player|p1|
