|j|☆patte de l'ours
|j|☆Sgt_Pasteque
|t:|1760332604
|gametype|singles
|player|p1|patte de l'ours|265|1192
|player|p2|Sgt_Pasteque|2|1149
|gen|9
|tier|[Gen 9] OU
|rated|
|rule|HP Percentage Mod: HP is shown in percentages
|rule|Endless Battle Clause: Forcing endless battles is banned
|rule|Species Clause: Limit one of each Pokémon
|rule|OHKO Clause: OHKO moves are banned
|rule|Evasion Items Clause: Evasion items are banned
|rule|Evasion Moves Clause: Evasion moves are banned
|rule|Evasion Abilities Clause: Evasion abilities are banned
|rule|Sleep Moves Clause: Sleep-inducing moves are banned
|clearpoke
|poke|p1|Zapdos|
|poke|p1|Blaziken, M|
|poke|p1|Darkrai|
|poke|p1|Dragonite, M|
|poke|p1|Greninja-*, M|
|poke|p1|Kingambit, M|
|poke|p2|Empoleon, M|
|poke|p2|Ribombee, F|
|poke|p2|Corviknight, M|
|poke|p2|Hoopa-Unbound|
|poke|p2|Mimikyu, M|
|poke|p2|Chandelure, M|
|teampreview
|
|t:|1760332612
|teamsize|p1|6
|teamsize|p2|6
|start
|switch|p1a: Blaziken|Blaziken, M|100/100
|switch|p2a: Miel Pop's|Ribombee, F, shiny|100/100
|turn|1
|
|t:|1760332621
|move|p2a: Miel Pop's|Sticky Web|p1a: Blaziken
|-sidestart|p1: patte de l'ours|move: Sticky Web
|move|p1a: Blaziken|Swords Dance|p1a: Blaziken
|-boost|p1a: Blaziken|atk|2
|
|-ability|p1a: Blaziken|Speed Boost|boost
|-boost|p1a: Blaziken|spe|1
|upkeep
|turn|2
|
|t:|1760332630
|move|p1a: Blaziken|Blaze Kick|p2a: Miel Pop's
|-supereffective|p2a: Miel Pop's
|-enditem|p2a: Miel Pop's|Focus Sash
|-damage|p2a: Miel Pop's|1/100
|-damage|p1a: Blaziken|91/100|[from] item: Life Orb
|move|p2a: Miel Pop's|Stun Spore|p1a: Blaziken
|-status|p1a: Blaziken|par
|
|-ability|p1a: Blaziken|Speed Boost|boost
|-boost|p1a: Blaziken|spe|1
|upkeep
|turn|3
|
|t:|1760332645
|move|p2a: Miel Pop's|Moonblast|p1a: Blaziken
|-damage|p1a: Blaziken|33/100 par
|move|p1a: Blaziken|Blaze Kick|p2a: Miel Pop's|[miss]
|-miss|p1a: Blaziken|p2a: Miel Pop's
|
|-ability|p1a: Blaziken|Speed Boost|boost
|-boost|p1a: Blaziken|spe|1
|upkeep
|turn|4
|
|t:|1760332654
|move|p2a: Miel Pop's|Moonblast|p1a: Blaziken
|-damage|p1a: Blaziken|0 fnt
|faint|p1a: Blaziken
|
|upkeep
|
|t:|1760332658
|switch|p1a: Dragonite|Dragonite, M|100/100
|turn|5
|
|t:|1760332664
|move|p1a: Dragonite|Extreme Speed|p2a: Miel Pop's
|-damage|p2a: Miel Pop's|0 fnt
|faint|p2a: Miel Pop's
|
|upkeep
|
|t:|1760332679
|switch|p2a: PrincePlouf|Empoleon, M|100/100
|turn|6
|
|t:|1760332686
|move|p1a: Dragonite|Dragon Dance|p1a: Dragonite
|-boost|p1a: Dragonite|atk|1
|-boost|p1a: Dragonite|spe|1
|move|p2a: PrincePlouf|Ice Beam|p1a: Dragonite
|-supereffective|p1a: Dragonite
|-damage|p1a: Dragonite|7/100
|
|upkeep
|turn|7
|
|t:|1760332696
|switch|p2a: Hugin|Corviknight, M, shiny|100/100
|-ability|p2a: Hugin|Pressure
|move|p1a: Dragonite|Earthquake|p2a: Hugin
|-immune|p2a: Hugin
|
|upkeep
|turn|8
|
|t:|1760332712
|switch|p1a: Zapdos|Zapdos, shiny|100/100
|move|p2a: Hugin|Body Press|p1a: Zapdos
|-resisted|p1a: Zapdos
|-damage|p1a: Zapdos|86/100
|
|upkeep
|turn|9
|
|t:|1760332765
|switch|p2a: FakeMon|Mimikyu, M, shiny|100/100
|move|p1a: Zapdos|Thunderbolt|p2a: FakeMon
|-activate|p2a: FakeMon|ability: Disguise
|-damage|p2a: FakeMon|100/100
|detailschange|p2a: FakeMon|Mimikyu-Busted, M, shiny
|-damage|p2a: FakeMon|88/100|[from] pokemon: Mimikyu-Busted
|
|upkeep
|turn|10
|
|t:|1760332775
|move|p1a: Zapdos|Thunderbolt|p2a: FakeMon
|-damage|p2a: FakeMon|27/100
|move|p2a: FakeMon|Shadow Claw|p1a: Zapdos
|-damage|p1a: Zapdos|38/100
|-damage|p2a: FakeMon|17/100|[from] item: Life Orb
|
|upkeep
|turn|11
|
|t:|1760332783
|move|p2a: FakeMon|Shadow Sneak|p1a: Zapdos
|-damage|p1a: Zapdos|8/100
|-damage|p2a: FakeMon|8/100|[from] item: Life Orb
|move|p1a: Zapdos|Thunderbolt|p2a: FakeMon
|-damage|p2a: FakeMon|0 fnt
|faint|p2a: FakeMon
|
|upkeep
|
|t:|1760332799
|switch|p2a: Ganon|Hoopa-Unbound|100/100
|turn|12
|
|t:|1760332812
|move|p1a: Zapdos|Thunderbolt|p2a: Ganon
|-damage|p2a: Ganon|75/100
|move|p2a: Ganon|Knock Off|p1a: Zapdos
|-damage|p1a: Zapdos|0 fnt
|-enditem|p1a: Zapdos|Magnet|[from] move: Knock Off|[of] p2a: Ganon
|faint|p1a: Zapdos
|
|upkeep
|
|t:|1760332818
|switch|p1a: Darkrai|Darkrai|100/100
|-activate|p1a: Darkrai|move: Sticky Web
|-unboost|p1a: Darkrai|spe|1
|turn|13
|
|t:|1760332836
|move|p1a: Darkrai|Dark Pulse|p2a: Ganon
|-damage|p2a: Ganon|53/100
|move|p2a: Ganon|Drain Punch|p1a: Darkrai
|-supereffective|p1a: Darkrai
|-damage|p1a: Darkrai|24/100
|-heal|p2a: Ganon|82/100|[from] drain|[of] p1a: Darkrai
|
|upkeep
|turn|14
|
|t:|1760332884
|move|p1a: Darkrai|Dark Pulse|p2a: Ganon
|-damage|p2a: Ganon|62/100
|move|p2a: Ganon|Knock Off|p1a: Darkrai
|-resisted|p1a: Darkrai
|-damage|p1a: Darkrai|0 fnt
|-enditem|p1a: Darkrai|Focus Sash|[from] move: Knock Off|[of] p2a: Ganon
|faint|p1a: Darkrai
|
|upkeep
|
|t:|1760332888
|switch|p1a: Greninja|Greninja, M|100/100
|turn|15
|
|t:|1760332910
|move|p1a: Greninja|Surf|p2a: Ganon
|-damage|p2a: Ganon|43/100
|move|p2a: Ganon|Drain Punch|p1a: Greninja
|-supereffective|p1a: Greninja
|-damage|p1a: Greninja|7/100
|-heal|p2a: Ganon|79/100|[from] drain|[of] p1a: Greninja
|
|upkeep
|turn|16
|
|t:|1760332921
|move|p1a: Greninja|Surf|p2a: Ganon
|-damage|p2a: Ganon|60/100
|move|p2a: Ganon|Knock Off|p1a: Greninja
|-resisted|p1a: Greninja
|-damage|p1a: Greninja|0 fnt
|-enditem|p1a: Greninja|Heavy-Duty Boots|[from] move: Knock Off|[of] p2a: Ganon
|faint|p1a: Greninja
|
|upkeep
|
|t:|1760332924
|switch|p1a: Dragonite|Dragonite, M|7/100
|turn|17
|
|t:|1760332936
|move|p1a: Dragonite|Earthquake|p2a: Ganon
|-damage|p2a: Ganon|18/100
|move|p2a: Ganon|Drain Punch|p1a: Dragonite
|-resisted|p1a: Dragonite
|-damage|p1a: Dragonite|0 fnt
|-heal|p2a: Ganon|21/100|[from] drain|[of] p1a: Dragonite
|faint|p1a: Dragonite
|
|upkeep
|
|t:|1760332963
|switch|p1a: Kingambit|Kingambit, M, shiny|100/100
|-activate|p1a: Kingambit|move: Sticky Web
|-unboost|p1a: Kingambit|spe|1
|-activate|p1a: Kingambit|ability: Supreme Overlord
|-start|p1a: Kingambit|fallen5|[silent]
|turn|18
|
|t:|1760332970
|move|p2a: Ganon|Gunk Shot|p1a: Kingambit
|-immune|p1a: Kingambit
|move|p1a: Kingambit|Iron Head|p2a: Ganon
|-damage|p2a: Ganon|0 fnt
|faint|p2a: Ganon
|-damage|p1a: Kingambit|91/100|[from] item: Life Orb
|
|upkeep
|
|t:|1760333012
|switch|p2a: Méchandelier|Chandelure, M, shiny|100/100
|turn|19
|
|t:|1760333018
|move|p2a: Méchandelier|Fire Blast|p1a: Kingambit
|-supereffective|p1a: Kingambit
|-damage|p1a: Kingambit|0 fnt
|faint|p1a: Kingambit
|-end|p1a: Kingambit|fallen5|[silent]
|
|win|Sgt_Pasteque
|raw|patte de l&apos;ours's rating: 1192 &rarr; <strong>1164</strong><br />(-28 for losing)
|raw|Sgt_Pasteque's rating: 1149 &rarr; <strong>1177</strong><br />(+28 for winning)
|l|☆patte de l'ours
|player|p1|
