|j|☆sunkyunko
|j|‽magikarpmvp
|t:|1760357828
|gametype|singles
|player|p1|sunkyunko|266|1231
|player|p2|magikarpmvp|265|1228
|gen|9
|tier|[Gen 9] OU
|rated|
|rule|HP Percentage Mod: HP is shown in percentages
|rule|Endless Battle Clause: Forcing endless battles is banned
|rule|Species Clause: Limit one of each Pokémon
|rule|OHKO Clause: OHKO moves are banned
|rule|Evasion Items Clause: Evasion items are banned
|rule|Evasion Moves Clause: Evasion moves are banned
|rule|Evasion Abilities Clause: Evasion abilities are banned
|rule|Sleep Moves Clause: Sleep-inducing moves are banned
|clearpoke
|poke|p1|Diancie|
|poke|p1|Kingambit, F|
|poke|p1|Deoxys-Speed|
|poke|p1|Corviknight, F|
|poke|p1|Heatran, M|
|poke|p1|Tornadus-Therian, M|
|poke|p2|Porygon-Z|
|poke|p2|Slowking-Galar, M|
|poke|p2|Garchomp, M|
|poke|p2|Araquanid, F|
|poke|p2|Mandibuzz, F|
|poke|p2|Cloyster, F|
|teampreview
|inactive|Battle timer is ON: inactive players will automatically lose when time's up. (requested by magikarpmvp)
|
|t:|1760357836
|teamsize|p1|6
|teamsize|p2|6
|start
|switch|p1a: Diancie|Diancie|100/100
|switch|p2a: Porygon-Z|Porygon-Z, shiny|100/100
|turn|1
|
|t:|1760357842
|move|p2a: Porygon-Z|Hyper Beam|p1a: Diancie
|-resisted|p1a: Diancie
|-damage|p1a: Diancie|61/100
|-mustrecharge|p2a: Porygon-Z
|move|p1a: Diancie|Trick Room|p1a: Diancie
|-fieldstart|move: Trick Room|[of] p1a: Diancie
|
|upkeep
|turn|2
|
|t:|1760357847
|move|p1a: Diancie|Diamond Storm|p2a: Porygon-Z
|-damage|p2a: Porygon-Z|53/100
|-boost|p1a: Diancie|def|2
|cant|p2a: Porygon-Z|recharge
|
|upkeep
|turn|3
|
|t:|1760357853
|switch|p2a: Garchomp|Garchomp, M|100/100
|move|p1a: Diancie|Draining Kiss|p2a: Garchomp
|-supereffective|p2a: Garchomp
|-damage|p2a: Garchomp|61/100
|-heal|p1a: Diancie|100/100|[from] drain|[of] p2a: Garchomp
|-damage|p1a: Diancie|88/100|[from] ability: Rough Skin|[of] p2a: Garchomp
|-damage|p1a: Diancie|72/100|[from] item: Rocky Helmet|[of] p2a: Garchomp
|
|upkeep
|turn|4
|
|t:|1760357867
|move|p1a: Diancie|Diamond Storm|p2a: Garchomp
|-resisted|p2a: Garchomp
|-damage|p2a: Garchomp|50/100
|-boost|p1a: Diancie|def|2
|move|p2a: Garchomp|Stealth Rock|p1a: Diancie
|-sidestart|p1: sunkyunko|move: Stealth Rock
|
|upkeep
|turn|5
|
|t:|1760357876
|move|p1a: Diancie|Draining Kiss|p2a: Garchomp
|-supereffective|p2a: Garchomp
|-damage|p2a: Garchomp|8/100
|-heal|p1a: Diancie|100/100|[from] drain|[of] p2a: Garchomp
|-damage|p1a: Diancie|88/100|[from] ability: Rough Skin|[of] p2a: Garchomp
|-damage|p1a: Diancie|72/100|[from] item: Rocky Helmet|[of] p2a: Garchomp
|move|p2a: Garchomp|Spikes|p1a: Diancie
|-sidestart|p1: sunkyunko|Spikes
|
|-fieldend|move: Trick Room
|upkeep
|turn|6
|
|t:|1760357886
|move|p2a: Garchomp|Spikes|p1a: Diancie
|-sidestart|p1: sunkyunko|Spikes
|move|p1a: Diancie|Trick Room|p1a: Diancie
|-fieldstart|move: Trick Room|[of] p1a: Diancie
|
|upkeep
|turn|7
|
|t:|1760357893
|move|p1a: Diancie|Earth Power|p2a: Garchomp
|-damage|p2a: Garchomp|0 fnt
|faint|p2a: Garchomp
|
|upkeep
|inactive|magikarpmvp has 120 seconds left.
|
|t:|1760357926
|switch|p2a: Araquanid|Araquanid, F, shiny|100/100
|turn|8
|
|t:|1760357932
|move|p1a: Diancie|Diamond Storm|p2a: Araquanid|[miss]
|-miss|p1a: Diancie|p2a: Araquanid
|move|p2a: Araquanid|Sticky Web|p1a: Diancie
|-sidestart|p1: sunkyunko|move: Sticky Web
|
|upkeep
|turn|9
|
|t:|1760357937
|move|p1a: Diancie|Diamond Storm|p2a: Araquanid|[miss]
|-miss|p1a: Diancie|p2a: Araquanid
|move|p2a: Araquanid|Liquidation|p1a: Diancie
|-supereffective|p1a: Diancie
|-damage|p1a: Diancie|48/100
|-enditem|p1a: Diancie|Weakness Policy
|-boost|p1a: Diancie|atk|2|[from] item: Weakness Policy
|-boost|p1a: Diancie|spa|2|[from] item: Weakness Policy
|
|upkeep
|turn|10
|
|t:|1760357945
|move|p1a: Diancie|Diamond Storm|p2a: Araquanid
|-supereffective|p2a: Araquanid
|-damage|p2a: Araquanid|0 fnt
|-boost|p1a: Diancie|def|2
|faint|p2a: Araquanid
|
|-fieldend|move: Trick Room
|upkeep
|
|t:|1760357963
|switch|p2a: Slowking|Slowking-Galar, M|100/100
|turn|11
|
|t:|1760357972
|-terastallize|p1a: Diancie|Ground
|move|p2a: Slowking|Sludge Wave|p1a: Diancie
|-resisted|p1a: Diancie
|-damage|p1a: Diancie|34/100
|move|p1a: Diancie|Trick Room|p1a: Diancie
|-fieldstart|move: Trick Room|[of] p1a: Diancie
|
|upkeep
|turn|12
|
|t:|1760357983
|switch|p2a: Mandibuzz|Mandibuzz, F, shiny|100/100
|move|p1a: Diancie|Draining Kiss|p2a: Mandibuzz
|-supereffective|p2a: Mandibuzz
|-damage|p2a: Mandibuzz|32/100
|-heal|p1a: Diancie|100/100|[from] drain|[of] p2a: Mandibuzz
|-damage|p1a: Diancie|84/100|[from] item: Rocky Helmet|[of] p2a: Mandibuzz
|
|upkeep
|turn|13
|
|t:|1760357991
|move|p1a: Diancie|Draining Kiss|p2a: Mandibuzz
|-supereffective|p2a: Mandibuzz
|-damage|p2a: Mandibuzz|0 fnt
|-heal|p1a: Diancie|100/100|[from] drain|[of] p2a: Mandibuzz
|-damage|p1a: Diancie|84/100|[from] item: Rocky Helmet|[of] p2a: Mandibuzz
|faint|p2a: Mandibuzz
|
|upkeep
|
|t:|1760357997
|switch|p2a: Porygon-Z|Porygon-Z, shiny|53/100
|turn|14
|
|t:|1760358002
|move|p1a: Diancie|Earth Power|p2a: Porygon-Z
|-damage|p2a: Porygon-Z|0 fnt
|faint|p2a: Porygon-Z
|
|upkeep
|
|t:|1760358005
|switch|p2a: Cloyster|Cloyster, F, shiny|100/100
|turn|15
|
|t:|1760358018
|move|p1a: Diancie|Earth Power|p2a: Cloyster
|-enditem|p2a: Cloyster|Focus Sash
|-damage|p2a: Cloyster|1/100
|move|p2a: Cloyster|Shell Smash|p2a: Cloyster
|-unboost|p2a: Cloyster|def|1
|-unboost|p2a: Cloyster|spd|1
|-boost|p2a: Cloyster|atk|2
|-boost|p2a: Cloyster|spa|2
|-boost|p2a: Cloyster|spe|2
|
|-fieldend|move: Trick Room
|upkeep
|turn|16
|
|t:|1760358033
|move|p2a: Cloyster|Icicle Spear|p1a: Diancie
|-supereffective|p1a: Diancie
|-damage|p1a: Diancie|75/100
|-supereffective|p1a: Diancie
|-damage|p1a: Diancie|66/100
|-supereffective|p1a: Diancie
|-damage|p1a: Diancie|56/100
|-supereffective|p1a: Diancie
|-damage|p1a: Diancie|46/100
|-supereffective|p1a: Diancie
|-damage|p1a: Diancie|37/100
|-hitcount|p1a: Diancie|5
|move|p1a: Diancie|Earth Power|p2a: Cloyster
|-damage|p2a: Cloyster|0 fnt
|faint|p2a: Cloyster
|
|upkeep
|-message|magikarpmvp forfeited.
|
|win|sunkyunko
|raw|sunkyunko's rating: 1231 &rarr; <strong>1256</strong><br />(+25 for winning)
|raw|magikarpmvp's rating: 1228 &rarr; <strong>1203</strong><br />(-25 for losing)
|l|‽magikarpmvp
|player|p2|
|l|☆sunkyunko
|player|p1|
