|j|☆xw haha
|j|☆qwolff
|t:|1760327463
|gametype|singles
|player|p1|xw haha|volkner|1355
|player|p2|qwolff|169|1381
|gen|9
|tier|[Gen 9] OU
|rated|
|rule|HP Percentage Mod: HP is shown in percentages
|rule|Endless Battle Clause: Forcing endless battles is banned
|rule|Species Clause: Limit one of each Pokémon
|rule|OHKO Clause: OHKO moves are banned
|rule|Evasion Items Clause: Evasion items are banned
|rule|Evasion Moves Clause: Evasion moves are banned
|rule|Evasion Abilities Clause: Evasion abilities are banned
|rule|Sleep Moves Clause: Sleep-inducing moves are banned
|clearpoke
|poke|p1|Weezing-Galar, M|
|poke|p1|Garganacl, F|
|poke|p1|Gholdengo|
|poke|p1|Raging Bolt|
|poke|p1|Great Tusk|
|poke|p1|Iron Valiant|
|poke|p2|Iron Hands|
|poke|p2|Zamazenta-*|
|poke|p2|Slowking-Galar, F|
|poke|p2|Iron Valiant|
|poke|p2|Hoopa-Unbound|
|poke|p2|Great Tusk|
|teampreview
|inactive|Battle timer is ON: inactive players will automatically lose when time's up. (requested by xw haha)
|
|t:|1760327500
|teamsize|p1|6
|teamsize|p2|6
|start
|switch|p1a: Garganacl|Garganacl, F|100/100
|switch|p2a: Iron Hands|Iron Hands|100/100
|turn|1
|
|t:|1760327513
|switch|p1a: Great Tusk|Great Tusk|100/100
|move|p2a: Iron Hands|Drain Punch|p1a: Great Tusk
|-damage|p1a: Great Tusk|74/100
|-damage|p2a: Iron Hands|84/100|[from] item: Rocky Helmet|[of] p1a: Great Tusk
|
|upkeep
|turn|2
|
|t:|1760327532
|-end|p2a: Iron Hands|Quark Drive|[silent]
|switch|p2a: Great Tusk|Great Tusk|100/100
|move|p1a: Great Tusk|Knock Off|p2a: Great Tusk
|-resisted|p2a: Great Tusk
|-damage|p2a: Great Tusk|88/100
|-damage|p1a: Great Tusk|57/100|[from] item: Rocky Helmet|[of] p2a: Great Tusk
|-enditem|p2a: Great Tusk|Rocky Helmet|[from] move: Knock Off|[of] p1a: Great Tusk
|
|upkeep
|turn|3
|
|t:|1760327547
|-end|p1a: Great Tusk|Protosynthesis|[silent]
|switch|p1a: Weezing|Weezing-Galar, M|100/100
|move|p2a: Great Tusk|Stealth Rock|p1a: Weezing
|-sidestart|p1: xw haha|move: Stealth Rock
|
|upkeep
|turn|4
|
|t:|1760327560
|-end|p2a: Great Tusk|Protosynthesis|[silent]
|switch|p2a: Slowking|Slowking-Galar, F|100/100
|move|p1a: Weezing|Defog|p2a: Slowking
|-unboost|p2a: Slowking|evasion|1
|-sideend|p1: xw haha|Stealth Rock|[from] move: Defog|[of] p1a: Weezing
|
|upkeep
|turn|5
|
|t:|1760327569
|switch|p1a: Raging Bolt|Raging Bolt|100/100
|move|p2a: Slowking|Future Sight|p1a: Raging Bolt
|-start|p2a: Slowking|move: Future Sight
|
|upkeep
|turn|6
|inactive|qwolff has 120 seconds left.
|
|t:|1760327601
|move|p1a: Raging Bolt|Draco Meteor|p2a: Slowking
|-damage|p2a: Slowking|56/100
|-unboost|p1a: Raging Bolt|spa|2
|move|p2a: Slowking|Sludge Wave|p1a: Raging Bolt
|-damage|p1a: Raging Bolt|75/100
|
|upkeep
|turn|7
|inactive|qwolff has 120 seconds left.
|
|t:|1760327611
|switch|p2a: Hoopa|Hoopa-Unbound|100/100
|move|p1a: Raging Bolt|Volt Switch|p2a: Hoopa
|-damage|p2a: Hoopa|89/100
|
|t:|1760327625
|-end|p1a: Raging Bolt|Protosynthesis|[silent]
|switch|p1a: Garganacl|Garganacl, F|100/100|[from] Volt Switch
|
|-end|p1a: Garganacl|move: Future Sight
|-damage|p1a: Garganacl|58/100
|-heal|p1a: Garganacl|64/100|[from] item: Leftovers
|upkeep
|turn|8
|
|t:|1760327636
|move|p1a: Garganacl|Protect|p1a: Garganacl
|-singleturn|p1a: Garganacl|Protect
|move|p2a: Hoopa|Future Sight|p1a: Garganacl
|-start|p2a: Hoopa|move: Future Sight
|
|-heal|p1a: Garganacl|70/100|[from] item: Leftovers
|upkeep
|turn|9
|
|t:|1760327645
|switch|p2a: Great Tusk|Great Tusk|88/100
|move|p1a: Garganacl|Salt Cure|p2a: Great Tusk
|-resisted|p2a: Great Tusk
|-damage|p2a: Great Tusk|87/100
|-start|p2a: Great Tusk|Salt Cure
|
|-heal|p1a: Garganacl|76/100|[from] item: Leftovers
|-damage|p2a: Great Tusk|74/100|[from] Salt Cure
|upkeep
|turn|10
|inactive|qwolff has 120 seconds left.
|
|t:|1760327687
|move|p1a: Garganacl|Protect|p1a: Garganacl
|-singleturn|p1a: Garganacl|Protect
|move|p2a: Great Tusk|Stealth Rock|p1a: Garganacl
|-sidestart|p1: xw haha|move: Stealth Rock
|
|-end|p1a: Garganacl|move: Future Sight
|-damage|p1a: Garganacl|22/100
|-heal|p1a: Garganacl|28/100|[from] item: Leftovers
|-damage|p2a: Great Tusk|62/100|[from] Salt Cure
|upkeep
|turn|11
|
|t:|1760327700
|switch|p1a: Weezing|Weezing-Galar, M|100/100
|-damage|p1a: Weezing|88/100|[from] Stealth Rock
|move|p2a: Great Tusk|Headlong Rush|p1a: Weezing
|-immune|p1a: Weezing|[from] ability: Levitate
|
|-heal|p1a: Weezing|94/100|[from] item: Black Sludge
|-damage|p2a: Great Tusk|49/100|[from] Salt Cure
|upkeep
|turn|12
|inactive|qwolff has 120 seconds left.
|
|t:|1760327724
|-end|p2a: Great Tusk|Protosynthesis|[silent]
|switch|p2a: Slowking|Slowking-Galar, F|90/100
|move|p1a: Weezing|Will-O-Wisp|p2a: Slowking
|-status|p2a: Slowking|brn
|
|-heal|p1a: Weezing|99/100|[from] item: Black Sludge
|-damage|p2a: Slowking|83/100 brn|[from] brn
|upkeep
|turn|13
|
|t:|1760327734
|switch|p1a: Garganacl|Garganacl, F|28/100
|-damage|p1a: Garganacl|15/100|[from] Stealth Rock
|move|p2a: Slowking|Future Sight|p1a: Garganacl
|-start|p2a: Slowking|move: Future Sight
|
|-heal|p1a: Garganacl|22/100|[from] item: Leftovers
|-damage|p2a: Slowking|77/100 brn|[from] brn
|upkeep
|turn|14
|inactive|qwolff has 120 seconds left.
|
|t:|1760327748
|move|p1a: Garganacl|Recover|p1a: Garganacl
|-heal|p1a: Garganacl|72/100
|move|p2a: Slowking|Psychic Noise|p1a: Garganacl
|-damage|p1a: Garganacl|46/100
|-start|p1a: Garganacl|move: Heal Block
|
|-damage|p2a: Slowking|71/100 brn|[from] brn
|upkeep
|turn|15
|inactive|qwolff has 120 seconds left.
|
|t:|1760327760
|switch|p1a: Gholdengo|Gholdengo|100/100
|-damage|p1a: Gholdengo|94/100|[from] Stealth Rock
|-item|p1a: Gholdengo|Air Balloon
|switch|p2a: Great Tusk|Great Tusk|49/100
|
|-end|p1a: Gholdengo|move: Future Sight
|-resisted|p1a: Gholdengo
|-damage|p1a: Gholdengo|66/100
|-enditem|p1a: Gholdengo|Air Balloon
|upkeep
|turn|16
|
|t:|1760327776
|-terastallize|p1a: Gholdengo|Fighting
|move|p1a: Gholdengo|Make It Rain|p2a: Great Tusk
|-damage|p2a: Great Tusk|0 fnt
|-unboost|p1a: Gholdengo|spa|1
|faint|p2a: Great Tusk
|-end|p2a: Great Tusk|Protosynthesis|[silent]
|
|upkeep
|
|t:|1760327784
|switch|p2a: Slowking|Slowking-Galar, F|100/100 brn
|turn|17
|
|t:|1760327789
|move|p1a: Gholdengo|Recover|p1a: Gholdengo
|-heal|p1a: Gholdengo|100/100
|move|p2a: Slowking|Future Sight|p1a: Gholdengo
|-start|p2a: Slowking|move: Future Sight
|
|-damage|p2a: Slowking|94/100 brn|[from] brn
|upkeep
|turn|18
|inactive|xw haha has 120 seconds left.
|
|t:|1760327820
|switch|p1a: Raging Bolt|Raging Bolt|75/100
|-damage|p1a: Raging Bolt|62/100|[from] Stealth Rock
|move|p2a: Slowking|Psychic Noise|p1a: Raging Bolt
|-damage|p1a: Raging Bolt|40/100
|-start|p1a: Raging Bolt|move: Heal Block
|
|-damage|p2a: Slowking|88/100 brn|[from] brn
|upkeep
|turn|19
|inactive|xw haha has 120 seconds left.
|
|t:|1760327836
|move|p1a: Raging Bolt|Volt Switch|p2a: Slowking
|-crit|p2a: Slowking
|-damage|p2a: Slowking|53/100 brn
|inactive|xw haha has 120 seconds left.
|
|t:|1760327846
|-end|p1a: Raging Bolt|Protosynthesis|[silent]
|switch|p1a: Weezing|Weezing-Galar, M|99/100|[from] Volt Switch
|-damage|p1a: Weezing|88/100|[from] Stealth Rock
|move|p2a: Slowking|Sludge Wave|p1a: Weezing
|-damage|p1a: Weezing|24/100
|
|-end|p1a: Weezing|move: Future Sight
|-supereffective|p1a: Weezing
|-damage|p1a: Weezing|0 fnt
|faint|p1a: Weezing
|-damage|p2a: Slowking|47/100 brn|[from] brn
|upkeep
|inactive|xw haha has 120 seconds left.
|
|t:|1760327861
|switch|p1a: Great Tusk|Great Tusk|57/100
|-damage|p1a: Great Tusk|54/100|[from] Stealth Rock
|turn|20
|
|t:|1760327885
|switch|p2a: Iron Hands|Iron Hands|84/100
|move|p1a: Great Tusk|Rapid Spin|p2a: Iron Hands
|-damage|p2a: Iron Hands|72/100
|-boost|p1a: Great Tusk|spe|1
|-sideend|p1: xw haha|Stealth Rock|[from] move: Rapid Spin|[of] p1a: Great Tusk
|
|upkeep
|turn|21
|
|t:|1760327900
|move|p1a: Great Tusk|Stealth Rock|p2a: Iron Hands
|-sidestart|p2: qwolff|move: Stealth Rock
|move|p2a: Iron Hands|Ice Punch|p1a: Great Tusk
|-supereffective|p1a: Great Tusk
|-damage|p1a: Great Tusk|14/100
|-damage|p2a: Iron Hands|56/100|[from] item: Rocky Helmet|[of] p1a: Great Tusk
|
|upkeep
|turn|22
|
|t:|1760327919
|-end|p1a: Great Tusk|Protosynthesis|[silent]
|switch|p1a: Gholdengo|Gholdengo, tera:Fighting|100/100
|move|p2a: Iron Hands|Ice Punch|p1a: Gholdengo
|-damage|p1a: Gholdengo|74/100
|
|upkeep
|turn|23
|
|t:|1760327931
|-end|p2a: Iron Hands|Quark Drive|[silent]
|switch|p2a: Slowking|Slowking-Galar, F|80/100 brn
|-damage|p2a: Slowking|68/100 brn|[from] Stealth Rock
|move|p1a: Gholdengo|Shadow Ball|p2a: Slowking
|-supereffective|p2a: Slowking
|-damage|p2a: Slowking|24/100 brn
|
|-damage|p2a: Slowking|18/100 brn|[from] brn
|upkeep
|turn|24
|
|t:|1760327943
|switch|p2a: Iron Hands|Iron Hands|56/100
|-damage|p2a: Iron Hands|50/100|[from] Stealth Rock
|move|p1a: Gholdengo|Shadow Ball|p2a: Iron Hands
|-damage|p2a: Iron Hands|22/100
|
|upkeep
|turn|25
|inactive|qwolff has 120 seconds left.
|
|t:|1760327974
|move|p1a: Gholdengo|Shadow Ball|p2a: Iron Hands
|-damage|p2a: Iron Hands|0 fnt
|faint|p2a: Iron Hands
|-end|p2a: Iron Hands|Quark Drive|[silent]
|
|upkeep
|
|t:|1760327988
|switch|p2a: Hoopa|Hoopa-Unbound|89/100
|-damage|p2a: Hoopa|76/100|[from] Stealth Rock
|turn|26
|
|t:|1760327998
|switch|p1a: Raging Bolt|Raging Bolt|40/100
|move|p2a: Hoopa|Future Sight|p1a: Raging Bolt
|-start|p2a: Hoopa|move: Future Sight
|
|upkeep
|turn|27
|
|t:|1760328007
|move|p2a: Hoopa|Dark Pulse|p1a: Raging Bolt
|-damage|p1a: Raging Bolt|11/100
|move|p1a: Raging Bolt|Volt Switch|p2a: Hoopa
|-damage|p2a: Hoopa|55/100
|
|t:|1760328021
|-end|p1a: Raging Bolt|Protosynthesis|[silent]
|switch|p1a: Gholdengo|Gholdengo, tera:Fighting|74/100|[from] Volt Switch
|
|upkeep
|turn|28
|
|t:|1760328027
|switch|p1a: Great Tusk|Great Tusk|14/100
|switch|p2a: Slowking|Slowking-Galar, F|51/100 brn
|-damage|p2a: Slowking|39/100 brn|[from] Stealth Rock
|
|-end|p1a: Great Tusk|move: Future Sight
|-supereffective|p1a: Great Tusk
|-damage|p1a: Great Tusk|0 fnt
|faint|p1a: Great Tusk
|-end|p1a: Great Tusk|Protosynthesis|[silent]
|-damage|p2a: Slowking|32/100 brn|[from] brn
|upkeep
|
|t:|1760328048
|switch|p1a: Garganacl|Garganacl, F|46/100
|turn|29
|
|t:|1760328058
|switch|p2a: Zamazenta|Zamazenta|100/100
|-damage|p2a: Zamazenta|94/100|[from] Stealth Rock
|-ability|p2a: Zamazenta|Dauntless Shield|boost
|-boost|p2a: Zamazenta|def|1
|move|p1a: Garganacl|Salt Cure|p2a: Zamazenta
|-resisted|p2a: Zamazenta
|-damage|p2a: Zamazenta|92/100
|-start|p2a: Zamazenta|Salt Cure
|
|-heal|p2a: Zamazenta|98/100|[from] item: Leftovers
|-heal|p1a: Garganacl|52/100|[from] item: Leftovers
|-damage|p2a: Zamazenta|85/100|[from] Salt Cure
|upkeep
|turn|30
|
|t:|1760328078
|switch|p2a: Slowking|Slowking-Galar, F|66/100 brn
|-damage|p2a: Slowking|53/100 brn|[from] Stealth Rock
|move|p1a: Garganacl|Recover|p1a: Garganacl
|-heal|p1a: Garganacl|100/100
|
|-damage|p2a: Slowking|47/100 brn|[from] brn
|upkeep
|turn|31
|
|t:|1760328088
|switch|p2a: Zamazenta|Zamazenta|85/100
|-damage|p2a: Zamazenta|79/100|[from] Stealth Rock
|move|p1a: Garganacl|Salt Cure|p2a: Zamazenta
|-resisted|p2a: Zamazenta
|-damage|p2a: Zamazenta|75/100
|-start|p2a: Zamazenta|Salt Cure
|
|-heal|p2a: Zamazenta|81/100|[from] item: Leftovers
|-damage|p2a: Zamazenta|69/100|[from] Salt Cure
|upkeep
|turn|32
|
|t:|1760328101
|move|p2a: Zamazenta|Iron Defense|p2a: Zamazenta
|-boost|p2a: Zamazenta|def|2
|move|p1a: Garganacl|Salt Cure|p2a: Zamazenta
|-resisted|p2a: Zamazenta
|-damage|p2a: Zamazenta|67/100
|
|-heal|p2a: Zamazenta|73/100|[from] item: Leftovers
|-damage|p2a: Zamazenta|60/100|[from] Salt Cure
|upkeep
|turn|33
|
|t:|1760328112
|switch|p1a: Gholdengo|Gholdengo, tera:Fighting|74/100
|move|p2a: Zamazenta|Body Press|p1a: Gholdengo
|-damage|p1a: Gholdengo|0 fnt
|faint|p1a: Gholdengo
|
|-heal|p2a: Zamazenta|67/100|[from] item: Leftovers
|-damage|p2a: Zamazenta|54/100|[from] Salt Cure
|upkeep
|
|t:|1760328130
|switch|p1a: Raging Bolt|Raging Bolt|11/100
|turn|34
|
|t:|1760328143
|switch|p2a: Hoopa|Hoopa-Unbound|55/100
|-damage|p2a: Hoopa|43/100|[from] Stealth Rock
|move|p1a: Raging Bolt|Thunderclap||[still]
|-fail|p1a: Raging Bolt
|
|upkeep
|turn|35
|
|t:|1760328150
|move|p2a: Hoopa|Future Sight|p1a: Raging Bolt
|-start|p2a: Hoopa|move: Future Sight
|move|p1a: Raging Bolt|Volt Switch|p2a: Hoopa
|-damage|p2a: Hoopa|23/100
|
|t:|1760328156
|-end|p1a: Raging Bolt|Protosynthesis|[silent]
|switch|p1a: Garganacl|Garganacl, F|100/100|[from] Volt Switch
|
|upkeep
|turn|36
|
|t:|1760328162
|switch|p2a: Zamazenta|Zamazenta|54/100
|-damage|p2a: Zamazenta|48/100|[from] Stealth Rock
|move|p1a: Garganacl|Salt Cure|p2a: Zamazenta
|-resisted|p2a: Zamazenta
|-damage|p2a: Zamazenta|44/100
|-start|p2a: Zamazenta|Salt Cure
|
|-heal|p2a: Zamazenta|50/100|[from] item: Leftovers
|-damage|p2a: Zamazenta|38/100|[from] Salt Cure
|upkeep
|turn|37
|
|t:|1760328177
|move|p2a: Zamazenta|Body Press|p1a: Garganacl
|-supereffective|p1a: Garganacl
|-damage|p1a: Garganacl|47/100
|move|p1a: Garganacl|Recover|p1a: Garganacl
|-heal|p1a: Garganacl|97/100
|
|-end|p1a: Garganacl|move: Future Sight
|-damage|p1a: Garganacl|46/100
|-heal|p2a: Zamazenta|44/100|[from] item: Leftovers
|-heal|p1a: Garganacl|52/100|[from] item: Leftovers
|-damage|p2a: Zamazenta|31/100|[from] Salt Cure
|upkeep
|turn|38
|
|t:|1760328195
|move|p1a: Garganacl|Protect|p1a: Garganacl
|-singleturn|p1a: Garganacl|Protect
|move|p2a: Zamazenta|Iron Defense|p2a: Zamazenta
|-boost|p2a: Zamazenta|def|2
|
|-heal|p2a: Zamazenta|38/100|[from] item: Leftovers
|-heal|p1a: Garganacl|58/100|[from] item: Leftovers
|-damage|p2a: Zamazenta|25/100|[from] Salt Cure
|upkeep
|turn|39
|
|t:|1760328218
|switch|p1a: Iron Valiant|Iron Valiant|100/100
|-enditem|p1a: Iron Valiant|Booster Energy
|-activate|p1a: Iron Valiant|ability: Quark Drive|[fromitem]
|-start|p1a: Iron Valiant|quarkdrivespe
|move|p2a: Zamazenta|Body Press|p1a: Iron Valiant
|-resisted|p1a: Iron Valiant
|-crit|p1a: Iron Valiant
|-damage|p1a: Iron Valiant|13/100
|
|-heal|p2a: Zamazenta|31/100|[from] item: Leftovers
|-damage|p2a: Zamazenta|19/100|[from] Salt Cure
|upkeep
|turn|40
|
|t:|1760328232
|move|p1a: Iron Valiant|Moonblast|p2a: Zamazenta
|-supereffective|p2a: Zamazenta
|-damage|p2a: Zamazenta|0 fnt
|faint|p2a: Zamazenta
|
|upkeep
|
|t:|1760328236
|switch|p2a: Slowking|Slowking-Galar, F|80/100 brn
|-damage|p2a: Slowking|68/100 brn|[from] Stealth Rock
|turn|41
|
|t:|1760328242
|-end|p1a: Iron Valiant|Quark Drive|[silent]
|switch|p1a: Garganacl|Garganacl, F|58/100
|move|p2a: Slowking|Sludge Wave|p1a: Garganacl
|-resisted|p1a: Garganacl
|-damage|p1a: Garganacl|42/100
|
|-heal|p1a: Garganacl|48/100|[from] item: Leftovers
|-damage|p2a: Slowking|62/100 brn|[from] brn
|upkeep
|turn|42
|
|t:|1760328252
|move|p1a: Garganacl|Salt Cure|p2a: Slowking
|-damage|p2a: Slowking|48/100 brn
|-start|p2a: Slowking|Salt Cure
|move|p2a: Slowking|Future Sight|p1a: Garganacl
|-start|p2a: Slowking|move: Future Sight
|
|-heal|p1a: Garganacl|54/100|[from] item: Leftovers
|-damage|p2a: Slowking|42/100 brn|[from] brn
|-damage|p2a: Slowking|30/100 brn|[from] Salt Cure
|upkeep
|turn|43
|
|t:|1760328262
|switch|p2a: Iron Valiant|Iron Valiant|100/100
|-damage|p2a: Iron Valiant|94/100|[from] Stealth Rock
|-enditem|p2a: Iron Valiant|Booster Energy
|-activate|p2a: Iron Valiant|ability: Quark Drive|[fromitem]
|-start|p2a: Iron Valiant|quarkdrivespe
|move|p1a: Garganacl|Salt Cure|p2a: Iron Valiant
|-resisted|p2a: Iron Valiant
|-damage|p2a: Iron Valiant|87/100
|-start|p2a: Iron Valiant|Salt Cure
|
|-heal|p1a: Garganacl|60/100|[from] item: Leftovers
|-damage|p2a: Iron Valiant|74/100|[from] Salt Cure
|upkeep
|turn|44
|
|t:|1760328275
|move|p1a: Garganacl|Protect|p1a: Garganacl
|-singleturn|p1a: Garganacl|Protect
|move|p2a: Iron Valiant|Swords Dance|p2a: Iron Valiant
|-boost|p2a: Iron Valiant|atk|2
|
|-end|p1a: Garganacl|move: Future Sight
|-damage|p1a: Garganacl|21/100
|-heal|p1a: Garganacl|27/100|[from] item: Leftovers
|-damage|p2a: Iron Valiant|62/100|[from] Salt Cure
|upkeep
|turn|45
|
|t:|1760328291
|switch|p1a: Iron Valiant|Iron Valiant|13/100
|move|p2a: Iron Valiant|Drain Punch|p1a: Iron Valiant
|-resisted|p1a: Iron Valiant
|-damage|p1a: Iron Valiant|0 fnt
|-heal|p2a: Iron Valiant|68/100|[from] drain|[of] p1a: Iron Valiant
|faint|p1a: Iron Valiant
|-end|p1a: Iron Valiant|Quark Drive|[silent]
|
|-damage|p2a: Iron Valiant|56/100|[from] Salt Cure
|upkeep
|
|t:|1760328302
|switch|p1a: Raging Bolt|Raging Bolt|11/100
|turn|46
|
|t:|1760328315
|move|p1a: Raging Bolt|Thunderclap||[still]
|-fail|p1a: Raging Bolt
|move|p2a: Iron Valiant|Swords Dance|p2a: Iron Valiant
|-boost|p2a: Iron Valiant|atk|2
|
|-damage|p2a: Iron Valiant|43/100|[from] Salt Cure
|upkeep
|turn|47
|
|t:|1760328324
|move|p1a: Raging Bolt|Thunderclap|p2a: Iron Valiant
|-damage|p2a: Iron Valiant|0 fnt
|faint|p2a: Iron Valiant
|-end|p2a: Iron Valiant|Quark Drive|[silent]
|
|upkeep
|
|t:|1760328327
|switch|p2a: Slowking|Slowking-Galar, F|63/100 brn
|-damage|p2a: Slowking|50/100 brn|[from] Stealth Rock
|turn|48
|
|t:|1760328335
|move|p1a: Raging Bolt|Volt Switch|p2a: Slowking
|-damage|p2a: Slowking|30/100 brn
|
|t:|1760328338
|-end|p1a: Raging Bolt|Protosynthesis|[silent]
|switch|p1a: Garganacl|Garganacl, F|27/100|[from] Volt Switch
|move|p2a: Slowking|Psychic Noise|p1a: Garganacl
|-damage|p1a: Garganacl|3/100
|-start|p1a: Garganacl|move: Heal Block
|
|-damage|p2a: Slowking|24/100 brn|[from] brn
|upkeep
|turn|49
|
|t:|1760328352
|move|p1a: Garganacl|Protect|p1a: Garganacl
|-singleturn|p1a: Garganacl|Protect
|move|p2a: Slowking|Psychic Noise|p1a: Garganacl
|-activate|p1a: Garganacl|move: Protect
|
|-damage|p2a: Slowking|18/100 brn|[from] brn
|-end|p1a: Garganacl|move: Heal Block
|upkeep
|turn|50
|
|t:|1760328362
|move|p1a: Garganacl|Recover|p1a: Garganacl
|-heal|p1a: Garganacl|53/100
|move|p2a: Slowking|Sludge Wave|p1a: Garganacl
|-resisted|p1a: Garganacl
|-damage|p1a: Garganacl|38/100
|
|-heal|p1a: Garganacl|44/100|[from] item: Leftovers
|-damage|p2a: Slowking|11/100 brn|[from] brn
|upkeep
|turn|51
|-message|qwolff forfeited.
|
|win|xw haha
|raw|xw haha's rating: 1355 &rarr; <strong>1376</strong><br />(+21 for winning)
|raw|qwolff's rating: 1381 &rarr; <strong>1360</strong><br />(-21 for losing)
|l|☆qwolff
|player|p2|
|l|☆xw haha
|player|p1|
