|j|☆B.Clintonele10eux
|j|☆Palasucks
|t:|1760376012
|gametype|singles
|player|p1|B.Clintonele10eux|266|1426
|player|p2|Palasucks|winona|1392
|gen|9
|tier|[Gen 9] OU
|rated|
|rule|HP Percentage Mod: HP is shown in percentages
|rule|Endless Battle Clause: Forcing endless battles is banned
|rule|Species Clause: Limit one of each Pokémon
|rule|OHKO Clause: OHKO moves are banned
|rule|Evasion Items Clause: Evasion items are banned
|rule|Evasion Moves Clause: Evasion moves are banned
|rule|Evasion Abilities Clause: Evasion abilities are banned
|rule|Sleep Moves Clause: Sleep-inducing moves are banned
|clearpoke
|poke|p1|Darkrai|
|poke|p1|Moltres|
|poke|p1|Deoxys-Speed|
|poke|p1|Great Tusk|
|poke|p1|Dragapult, M|
|poke|p1|Alomomola, M|
|poke|p2|Raikou|
|poke|p2|Meowscarada, F|
|poke|p2|Ogerpon-Wellspring, F|
|poke|p2|Alomomola, F|
|poke|p2|Iron Treads|
|poke|p2|Enamorus, F|
|teampreview
|inactive|Battle timer is ON: inactive players will automatically lose when time's up. (requested by Palasucks)
|
|t:|1760376037
|teamsize|p1|6
|teamsize|p2|6
|start
|switch|p1a: Deoxys|Deoxys-Speed|100/100
|switch|p2a: Enamorus|Enamorus, F|100/100
|-ability|p1a: Deoxys|Pressure
|turn|1
|
|t:|1760376049
|move|p2a: Enamorus|Moonblast|p1a: Deoxys
|-damage|p1a: Deoxys|18/100
|move|p1a: Deoxys|Stealth Rock|p2a: Enamorus
|-sidestart|p2: Palasucks|move: Stealth Rock
|
|upkeep
|turn|2
|
|t:|1760376055
|switch|p1a: Moltres|Moltres|100/100
|move|p2a: Enamorus|Moonblast|p1a: Moltres
|-resisted|p1a: Moltres
|-damage|p1a: Moltres|71/100
|
|upkeep
|turn|3
|
|t:|1760376063
|switch|p2a: Alomomola|Alomomola, F|100/100
|move|p1a: Moltres|Roost|p1a: Moltres
|-heal|p1a: Moltres|100/100
|-singleturn|p1a: Moltres|move: Roost
|
|upkeep
|turn|4
|
|t:|1760376070
|move|p1a: Moltres|U-turn|p2a: Alomomola
|-damage|p2a: Alomomola|93/100
|
|t:|1760376092
|switch|p1a: Deoxys|Deoxys-Speed|18/100|[from] U-turn
|-ability|p1a: Deoxys|Pressure
|move|p2a: Alomomola|Flip Turn|p1a: Deoxys
|-damage|p1a: Deoxys|0 fnt
|faint|p1a: Deoxys
|
|t:|1760376102
|switch|p2a: Iron Treads|Iron Treads|100/100|[from] Flip Turn
|-damage|p2a: Iron Treads|97/100|[from] Stealth Rock
|
|upkeep
|
|t:|1760376115
|switch|p1a: Great Tusk|Great Tusk|100/100
|-enditem|p1a: Great Tusk|Booster Energy
|-activate|p1a: Great Tusk|ability: Protosynthesis|[fromitem]
|-start|p1a: Great Tusk|protosynthesisspe
|turn|5
|
|t:|1760376121
|-end|p2a: Iron Treads|Quark Drive|[silent]
|switch|p2a: Alomomola|Alomomola, F|100/100
|move|p1a: Great Tusk|Bulk Up|p1a: Great Tusk
|-boost|p1a: Great Tusk|atk|1
|-boost|p1a: Great Tusk|def|1
|
|upkeep
|turn|6
|
|t:|1760376132
|-terastallize|p1a: Great Tusk|Ice
|move|p1a: Great Tusk|Rapid Spin|p2a: Alomomola
|-damage|p2a: Alomomola|88/100
|-boost|p1a: Great Tusk|spe|1
|move|p2a: Alomomola|Scald|p1a: Great Tusk
|-damage|p1a: Great Tusk|83/100
|-status|p1a: Great Tusk|brn
|
|-damage|p1a: Great Tusk|77/100 brn|[from] brn
|upkeep
|turn|7
|
|t:|1760376142
|-end|p1a: Great Tusk|Protosynthesis|[silent]
|switch|p1a: Darkrai|Darkrai|100/100
|move|p2a: Alomomola|Scald|p1a: Darkrai
|-damage|p1a: Darkrai|82/100
|-status|p1a: Darkrai|brn
|
|-heal|p1a: Darkrai|88/100 brn|[from] item: Leftovers
|-damage|p1a: Darkrai|82/100 brn|[from] brn
|upkeep
|turn|8
|
|t:|1760376152
|move|p1a: Darkrai|Dark Pulse|p2a: Alomomola
|-damage|p2a: Alomomola|35/100
|move|p2a: Alomomola|Flip Turn|p1a: Darkrai
|-damage|p1a: Darkrai|60/100 brn
|
|t:|1760376158
|switch|p2a: Iron Treads|Iron Treads|97/100|[from] Flip Turn
|-damage|p2a: Iron Treads|94/100|[from] Stealth Rock
|
|-heal|p1a: Darkrai|66/100 brn|[from] item: Leftovers
|-damage|p1a: Darkrai|60/100 brn|[from] brn
|upkeep
|turn|9
|
|t:|1760376165
|switch|p1a: Moltres|Moltres|100/100
|move|p2a: Iron Treads|Rapid Spin|p1a: Moltres
|-damage|p1a: Moltres|89/100
|-boost|p2a: Iron Treads|spe|1
|-status|p2a: Iron Treads|brn|[from] ability: Flame Body|[of] p1a: Moltres
|-sideend|p2: Palasucks|Stealth Rock|[from] move: Rapid Spin|[of] p2a: Iron Treads
|
|-damage|p2a: Iron Treads|88/100 brn|[from] brn
|upkeep
|turn|10
|
|t:|1760376176
|move|p2a: Iron Treads|Knock Off|p1a: Moltres
|-damage|p1a: Moltres|79/100
|-enditem|p1a: Moltres|Heavy-Duty Boots|[from] move: Knock Off|[of] p2a: Iron Treads
|move|p1a: Moltres|Flamethrower|p2a: Iron Treads
|-supereffective|p2a: Iron Treads
|-damage|p2a: Iron Treads|21/100 brn
|
|-damage|p2a: Iron Treads|15/100 brn|[from] brn
|upkeep
|turn|11
|
|t:|1760376184
|move|p2a: Iron Treads|Ice Spinner|p1a: Moltres
|-damage|p1a: Moltres|71/100
|move|p1a: Moltres|Flamethrower|p2a: Iron Treads
|-supereffective|p2a: Iron Treads
|-damage|p2a: Iron Treads|0 fnt
|faint|p2a: Iron Treads
|-end|p2a: Iron Treads|Quark Drive|[silent]
|
|upkeep
|
|t:|1760376188
|switch|p2a: Raikou|Raikou|100/100
|-ability|p2a: Raikou|Pressure
|turn|12
|
|t:|1760376197
|switch|p1a: Dragapult|Dragapult, M|100/100
|move|p2a: Raikou|Scald|p1a: Dragapult
|-resisted|p1a: Dragapult
|-damage|p1a: Dragapult|74/100
|-status|p1a: Dragapult|brn
|-damage|p2a: Raikou|91/100|[from] item: Life Orb
|
|-damage|p1a: Dragapult|68/100 brn|[from] brn
|upkeep
|turn|13
|
|t:|1760376207
|switch|p2a: Enamorus|Enamorus, F|100/100
|move|p1a: Dragapult|Shadow Ball|p2a: Enamorus
|-damage|p2a: Enamorus|49/100
|
|-damage|p1a: Dragapult|62/100 brn|[from] brn
|upkeep
|turn|14
|
|t:|1760376213
|move|p1a: Dragapult|Shadow Ball|p2a: Enamorus
|-damage|p2a: Enamorus|0 fnt
|faint|p2a: Enamorus
|
|-damage|p1a: Dragapult|56/100 brn|[from] brn
|upkeep
|
|t:|1760376218
|switch|p2a: Meowscarada|Meowscarada, F|100/100
|turn|15
|
|t:|1760376223
|switch|p1a: Moltres|Moltres|71/100
|move|p2a: Meowscarada|Triple Axel|p1a: Moltres
|-start|p2a: Meowscarada|typechange|Ice|[from] ability: Protean
|-damage|p1a: Moltres|61/100
|-damage|p1a: Moltres|44/100
|-hitcount|p1a: Moltres|2
|
|upkeep
|turn|16
|
|t:|1760376239
|move|p2a: Meowscarada|Triple Axel|p1a: Moltres
|-damage|p1a: Moltres|34/100
|-damage|p1a: Moltres|15/100
|-damage|p1a: Moltres|0 fnt
|faint|p1a: Moltres
|-hitcount|p1: Moltres|3
|
|upkeep
|
|t:|1760376247
|switch|p1a: Great Tusk|Great Tusk, tera:Ice|77/100 brn
|turn|17
|
|t:|1760376252
|switch|p2a: Alomomola|Alomomola, F|68/100
|move|p1a: Great Tusk|Headlong Rush|p2a: Alomomola
|-damage|p2a: Alomomola|55/100
|-unboost|p1a: Great Tusk|def|1
|-unboost|p1a: Great Tusk|spd|1
|
|-damage|p1a: Great Tusk|71/100 brn|[from] brn
|upkeep
|turn|18
|
|t:|1760376261
|-end|p1a: Great Tusk|Protosynthesis|[silent]
|switch|p1a: Dragapult|Dragapult, M|56/100 brn
|move|p2a: Alomomola|Flip Turn|p1a: Dragapult
|-resisted|p1a: Dragapult
|-damage|p1a: Dragapult|46/100 brn
|
|t:|1760376268
|switch|p2a: Meowscarada|Meowscarada, F|100/100|[from] Flip Turn
|
|-damage|p1a: Dragapult|40/100 brn|[from] brn
|upkeep
|turn|19
|
|t:|1760376276
|move|p1a: Dragapult|U-turn|p2a: Meowscarada
|-supereffective|p2a: Meowscarada
|-damage|p2a: Meowscarada|41/100
|
|t:|1760376280
|switch|p1a: Alomomola|Alomomola, M|100/100|[from] U-turn
|move|p2a: Meowscarada|Knock Off|p1a: Alomomola
|-start|p2a: Meowscarada|typechange|Dark|[from] ability: Protean
|-damage|p1a: Alomomola|59/100
|-enditem|p1a: Alomomola|Assault Vest|[from] move: Knock Off|[of] p2a: Meowscarada
|
|upkeep
|turn|20
|
|t:|1760376289
|switch|p2a: Raikou|Raikou|91/100
|-ability|p2a: Raikou|Pressure
|move|p1a: Alomomola|Flip Turn|p2a: Raikou
|-damage|p2a: Raikou|68/100
|
|t:|1760376297
|switch|p1a: Darkrai|Darkrai|60/100 brn|[from] Flip Turn
|
|-heal|p1a: Darkrai|66/100 brn|[from] item: Leftovers
|-damage|p1a: Darkrai|60/100 brn|[from] brn
|upkeep
|turn|21
|
|t:|1760376303
|move|p1a: Darkrai|Dark Pulse|p2a: Raikou
|-damage|p2a: Raikou|25/100
|cant|p2a: Raikou|flinch
|
|-heal|p1a: Darkrai|66/100 brn|[from] item: Leftovers
|-damage|p1a: Darkrai|60/100 brn|[from] brn
|upkeep
|turn|22
|
|t:|1760376310
|move|p1a: Darkrai|Dark Pulse|p2a: Raikou
|-damage|p2a: Raikou|0 fnt
|faint|p2a: Raikou
|
|-heal|p1a: Darkrai|66/100 brn|[from] item: Leftovers
|-damage|p1a: Darkrai|60/100 brn|[from] brn
|upkeep
|
|t:|1760376314
|switch|p2a: Meowscarada|Meowscarada, F|41/100
|turn|23
|
|t:|1760376321
|switch|p1a: Great Tusk|Great Tusk, tera:Ice|71/100 brn
|move|p2a: Meowscarada|U-turn|p1a: Great Tusk
|-start|p2a: Meowscarada|typechange|Bug|[from] ability: Protean
|-damage|p1a: Great Tusk|40/100 brn
|
|t:|1760376328
|switch|p2a: Ogerpon|Ogerpon-Wellspring, F|100/100|[from] U-turn
|
|-damage|p1a: Great Tusk|34/100 brn|[from] brn
|upkeep
|turn|24
|
|t:|1760376338
|-terastallize|p2a: Ogerpon|Water
|detailschange|p2a: Ogerpon|Ogerpon-Wellspring-Tera, F, tera:Water
|-ability|p2a: Ogerpon|Embody Aspect (Wellspring)|boost
|-boost|p2a: Ogerpon|spd|1
|move|p2a: Ogerpon|Ivy Cudgel|p1a: Great Tusk|[anim] Ivy Cudgel Water
|-damage|p1a: Great Tusk|0 fnt
|faint|p1a: Great Tusk
|-end|p1a: Great Tusk|Protosynthesis|[silent]
|
|upkeep
|l|☆Palasucks
|inactive|Palasucks disconnected and has a minute to reconnect!
|player|p2|
|
|t:|1760376359
|switch|p1a: Alomomola|Alomomola, M|92/100
|turn|25
|j|☆Palasucks
|inactive|Palasucks reconnected and has 150 seconds left.
|player|p2|Palasucks|winona|
|
|t:|1760376364
|move|p2a: Ogerpon|Spikes|p1a: Alomomola
|-sidestart|p1: B.Clintonele10eux|Spikes
|move|p1a: Alomomola|Body Slam|p2a: Ogerpon
|-damage|p2a: Ogerpon|79/100
|
|upkeep
|turn|26
|
|t:|1760376372
|move|p2a: Ogerpon|U-turn|p1a: Alomomola
|-damage|p1a: Alomomola|73/100
|
|t:|1760376374
|switch|p2a: Alomomola|Alomomola, F|88/100|[from] U-turn
|move|p1a: Alomomola|Body Slam|p2a: Alomomola
|-damage|p2a: Alomomola|80/100
|-status|p2a: Alomomola|par
|
|upkeep
|turn|27
|
|t:|1760376382
|switch|p1a: Darkrai|Darkrai|60/100 brn
|-damage|p1a: Darkrai|47/100 brn|[from] Spikes
|cant|p2a: Alomomola|par
|
|-heal|p1a: Darkrai|53/100 brn|[from] item: Leftovers
|-damage|p1a: Darkrai|47/100 brn|[from] brn
|upkeep
|turn|28
|
|t:|1760376395
|move|p1a: Darkrai|Dark Pulse|p2a: Alomomola
|-damage|p2a: Alomomola|32/100 par
|move|p2a: Alomomola|Wish|p2a: Alomomola
|
|-heal|p1a: Darkrai|53/100 brn|[from] item: Leftovers
|-damage|p1a: Darkrai|47/100 brn|[from] brn
|upkeep
|turn|29
|
|t:|1760376402
|switch|p2a: Meowscarada|Meowscarada, F|41/100
|move|p1a: Darkrai|Nasty Plot|p1a: Darkrai
|-boost|p1a: Darkrai|spa|2
|
|-heal|p2a: Meowscarada|100/100|[from] move: Wish|[wisher] Alomomola
|-heal|p1a: Darkrai|53/100 brn|[from] item: Leftovers
|-damage|p1a: Darkrai|47/100 brn|[from] brn
|upkeep
|turn|30
|
|t:|1760376412
|move|p1a: Darkrai|Ice Beam|p2a: Meowscarada
|-supereffective|p2a: Meowscarada
|-damage|p2a: Meowscarada|0 fnt
|faint|p2a: Meowscarada
|
|-heal|p1a: Darkrai|53/100 brn|[from] item: Leftovers
|-damage|p1a: Darkrai|47/100 brn|[from] brn
|upkeep
|
|t:|1760376414
|switch|p2a: Ogerpon|Ogerpon-Wellspring-Tera, F, tera:Water|79/100
|-ability|p2a: Ogerpon|Embody Aspect (Wellspring)|boost
|-boost|p2a: Ogerpon|spd|1
|turn|31
|
|t:|1760376422
|move|p1a: Darkrai|Dark Pulse|p2a: Ogerpon
|-damage|p2a: Ogerpon|7/100
|move|p2a: Ogerpon|U-turn|p1a: Darkrai
|-supereffective|p1a: Darkrai
|-damage|p1a: Darkrai|0 fnt
|faint|p1a: Darkrai
|
|t:|1760376425
|switch|p2a: Alomomola|Alomomola, F|65/100 par|[from] U-turn
|
|upkeep
|
|t:|1760376435
|switch|p1a: Dragapult|Dragapult, M|40/100 brn
|-damage|p1a: Dragapult|28/100 brn|[from] Spikes
|turn|32
|
|t:|1760376439
|move|p2a: Alomomola|Protect|p2a: Alomomola
|-singleturn|p2a: Alomomola|Protect
|move|p1a: Dragapult|Shadow Ball|p2a: Alomomola
|-activate|p2a: Alomomola|move: Protect
|
|-damage|p1a: Dragapult|22/100 brn|[from] brn
|upkeep
|turn|33
|
|t:|1760376445
|move|p1a: Dragapult|Shadow Ball|p2a: Alomomola
|-damage|p2a: Alomomola|21/100 par
|move|p2a: Alomomola|Wish|p2a: Alomomola
|
|-damage|p1a: Dragapult|16/100 brn|[from] brn
|upkeep
|turn|34
|
|t:|1760376453
|move|p2a: Alomomola|Protect|p2a: Alomomola
|-singleturn|p2a: Alomomola|Protect
|move|p1a: Dragapult|Shadow Ball|p2a: Alomomola
|-activate|p2a: Alomomola|move: Protect
|
|-heal|p2a: Alomomola|71/100 par|[from] move: Wish|[wisher] Alomomola
|-damage|p1a: Dragapult|10/100 brn|[from] brn
|upkeep
|turn|35
|
|t:|1760376461
|move|p1a: Dragapult|Shadow Ball|p2a: Alomomola
|-damage|p2a: Alomomola|33/100 par
|cant|p2a: Alomomola|par
|
|-damage|p1a: Dragapult|4/100 brn|[from] brn
|upkeep
|turn|36
|
|t:|1760376467
|move|p2a: Alomomola|Protect|p2a: Alomomola
|-singleturn|p2a: Alomomola|Protect
|move|p1a: Dragapult|Shadow Ball|p2a: Alomomola
|-activate|p2a: Alomomola|move: Protect
|
|-damage|p1a: Dragapult|0 fnt|[from] brn
|faint|p1a: Dragapult
|upkeep
|
|t:|1760376475
|switch|p1a: Alomomola|Alomomola, M|100/100
|-damage|p1a: Alomomola|88/100|[from] Spikes
|turn|37
|
|t:|1760376479
|move|p1a: Alomomola|Body Slam|p2a: Alomomola
|-damage|p2a: Alomomola|24/100 par
|cant|p2a: Alomomola|par
|
|upkeep
|turn|38
|
|t:|1760376483
|move|p1a: Alomomola|Body Slam|p2a: Alomomola
|-damage|p2a: Alomomola|17/100 par
|move|p2a: Alomomola|Wish|p2a: Alomomola
|
|upkeep
|turn|39
|
|t:|1760376490
|move|p1a: Alomomola|Scald|p2a: Alomomola
|-resisted|p2a: Alomomola
|-damage|p2a: Alomomola|8/100 par
|move|p2a: Alomomola|Flip Turn|p1a: Alomomola
|-resisted|p1a: Alomomola
|-damage|p1a: Alomomola|83/100
|
|t:|1760376496
|switch|p2a: Ogerpon|Ogerpon-Wellspring-Tera, F, tera:Water|7/100|[from] Flip Turn
|-ability|p2a: Ogerpon|Embody Aspect (Wellspring)|boost
|-boost|p2a: Ogerpon|spd|1
|
|-heal|p2a: Ogerpon|96/100|[from] move: Wish|[wisher] Alomomola
|upkeep
|turn|40
|
|t:|1760376504
|move|p2a: Ogerpon|U-turn|p1a: Alomomola
|-damage|p1a: Alomomola|64/100
|
|t:|1760376506
|switch|p2a: Alomomola|Alomomola, F|41/100 par|[from] U-turn
|move|p1a: Alomomola|Body Slam|p2a: Alomomola
|-damage|p2a: Alomomola|33/100 par
|
|upkeep
|turn|41
|
|t:|1760376511
|move|p1a: Alomomola|Body Slam|p2a: Alomomola
|-crit|p2a: Alomomola
|-damage|p2a: Alomomola|20/100 par
|move|p2a: Alomomola|Wish|p2a: Alomomola
|
|upkeep
|turn|42
|
|t:|1760376517
|move|p1a: Alomomola|Body Slam|p2a: Alomomola
|-damage|p2a: Alomomola|12/100 par
|move|p2a: Alomomola|Scald|p1a: Alomomola
|-resisted|p1a: Alomomola
|-damage|p1a: Alomomola|59/100
|
|-heal|p2a: Alomomola|62/100 par|[from] move: Wish|[wisher] Alomomola
|upkeep
|turn|43
|-message|B.Clintonele10eux forfeited.
|
|win|Palasucks
|raw|B.Clintonele10eux's rating: 1426 &rarr; <strong>1404</strong><br />(-22 for losing)
|raw|Palasucks's rating: 1392 &rarr; <strong>1414</strong><br />(+22 for winning)
|l|☆B.Clintonele10eux
|player|p1|
|l|☆Palasucks
|player|p2|
