|j|☆B/CFan
|j|☆capone n norega
|t:|1760394200
|gametype|singles
|player|p1|B/CFan|266|1304
|player|p2|capone n norega|102|1327
|gen|9
|tier|[Gen 9] OU
|rated|
|rule|HP Percentage Mod: HP is shown in percentages
|rule|Endless Battle Clause: Forcing endless battles is banned
|rule|Species Clause: Limit one of each Pokémon
|rule|OHKO Clause: OHKO moves are banned
|rule|Evasion Items Clause: Evasion items are banned
|rule|Evasion Moves Clause: Evasion moves are banned
|rule|Evasion Abilities Clause: Evasion abilities are banned
|rule|Sleep Moves Clause: Sleep-inducing moves are banned
|clearpoke
|poke|p1|Hydreigon, M|
|poke|p1|Gholdengo|
|poke|p1|Araquanid, M|
|poke|p1|Dragonite, M|
|poke|p1|Corviknight, M|
|poke|p1|Gliscor, M|
|poke|p2|Zamazenta-*|
|poke|p2|Rillaboom, M|
|poke|p2|Great Tusk|
|poke|p2|Coalossal, F|
|poke|p2|Ogerpon-Wellspring, F|
|poke|p2|Tornadus-Therian, M|
|teampreview
|
|t:|1760394212
|teamsize|p1|6
|teamsize|p2|6
|start
|switch|p1a: Araquanid|Araquanid, M|100/100
|switch|p2a: Tornadus|Tornadus-Therian, M|100/100
|turn|1
|
|t:|1760394223
|move|p2a: Tornadus|Bleakwind Storm|p1a: Araquanid
|-supereffective|p1a: Araquanid
|-damage|p1a: Araquanid|38/100
|move|p1a: Araquanid|Mirror Coat|p2a: Tornadus
|-damage|p2a: Tornadus|0 fnt
|faint|p2a: Tornadus
|
|upkeep
|
|t:|1760394232
|switch|p2a: Rillaboom|Rillaboom, M|100/100
|-fieldstart|move: Grassy Terrain|[from] ability: Grassy Surge|[of] p2a: Rillaboom
|turn|2
|
|t:|1760394237
|switch|p1a: Corviknight|Corviknight, M|100/100
|move|p2a: Rillaboom|Wood Hammer|p1a: Corviknight
|-resisted|p1a: Corviknight
|-damage|p1a: Corviknight|86/100
|-damage|p2a: Rillaboom|84/100|[from] item: Rocky Helmet|[of] p1a: Corviknight
|-damage|p2a: Rillaboom|79/100|[from] Recoil
|
|-heal|p2a: Rillaboom|85/100|[from] Grassy Terrain
|upkeep
|turn|3
|
|t:|1760394242
|switch|p2a: Coalossal|Coalossal, F|100/100
|-item|p2a: Coalossal|Air Balloon
|move|p1a: Corviknight|U-turn|p2a: Coalossal
|-resisted|p2a: Coalossal
|-damage|p2a: Coalossal|97/100
|-enditem|p2a: Coalossal|Air Balloon
|
|t:|1760394249
|switch|p1a: Araquanid|Araquanid, M|38/100|[from] U-turn
|
|-heal|p1a: Araquanid|44/100|[from] Grassy Terrain
|-heal|p2a: Coalossal|100/100|[from] Grassy Terrain
|upkeep
|turn|4
|
|t:|1760394252
|switch|p2a: Ogerpon|Ogerpon-Wellspring, F|100/100
|move|p1a: Araquanid|Sticky Web|p2a: Ogerpon
|-sidestart|p2: capone n norega|move: Sticky Web
|
|-heal|p1a: Araquanid|50/100|[from] Grassy Terrain
|upkeep
|turn|5
|
|t:|1760394255
|move|p2a: Ogerpon|Swords Dance|p2a: Ogerpon
|-boost|p2a: Ogerpon|atk|2
|move|p1a: Araquanid|Leech Life|p2a: Ogerpon
|-supereffective|p2a: Ogerpon
|-damage|p2a: Ogerpon|18/100
|-heal|p1a: Araquanid|87/100|[from] drain|[of] p2a: Ogerpon
|
|-heal|p2a: Ogerpon|24/100|[from] Grassy Terrain
|-heal|p1a: Araquanid|93/100|[from] Grassy Terrain
|upkeep
|turn|6
|
|t:|1760394259
|move|p2a: Ogerpon|Horn Leech|p1a: Araquanid
|-crit|p1a: Araquanid
|-damage|p1a: Araquanid|0 fnt
|-heal|p2a: Ogerpon|76/100|[from] drain|[of] p1a: Araquanid
|faint|p1a: Araquanid
|
|-heal|p2a: Ogerpon|82/100|[from] Grassy Terrain
|upkeep
|
|t:|1760394265
|switch|p1a: Corviknight|Corviknight, M|86/100
|turn|7
|
|t:|1760394268
|-terastallize|p2a: Ogerpon|Water
|detailschange|p2a: Ogerpon|Ogerpon-Wellspring-Tera, F, tera:Water
|-ability|p2a: Ogerpon|Embody Aspect (Wellspring)|boost
|-boost|p2a: Ogerpon|spd|1
|move|p2a: Ogerpon|Ivy Cudgel|p1a: Corviknight|[anim] Ivy Cudgel Water
|-crit|p1a: Corviknight
|-damage|p1a: Corviknight|0 fnt
|faint|p1a: Corviknight
|
|-heal|p2a: Ogerpon|88/100|[from] Grassy Terrain
|upkeep
|
|t:|1760394282
|switch|p1a: Dragonite|Dragonite, M|100/100
|turn|8
|
|t:|1760394291
|move|p2a: Ogerpon|Play Rough|p1a: Dragonite
|-supereffective|p1a: Dragonite
|-damage|p1a: Dragonite|22/100
|move|p1a: Dragonite|Dragon Dance|p1a: Dragonite
|-boost|p1a: Dragonite|atk|1
|-boost|p1a: Dragonite|spe|1
|
|-heal|p2a: Ogerpon|94/100|[from] Grassy Terrain
|upkeep
|turn|9
|
|t:|1760394301
|-terastallize|p1a: Dragonite|Normal
|move|p1a: Dragonite|Extreme Speed|p2a: Ogerpon
|-crit|p2a: Ogerpon
|-damage|p2a: Ogerpon|0 fnt
|faint|p2a: Ogerpon
|detailschange|p2: Ogerpon|Ogerpon-Wellspring, F|[silent]
|
|-heal|p1a: Dragonite|29/100|[from] Grassy Terrain
|-fieldend|move: Grassy Terrain
|upkeep
|
|t:|1760394308
|switch|p2a: Zamazenta|Zamazenta|100/100
|-activate|p2a: Zamazenta|move: Sticky Web
|-unboost|p2a: Zamazenta|spe|1
|-ability|p2a: Zamazenta|Dauntless Shield|boost
|-boost|p2a: Zamazenta|def|1
|turn|10
|
|t:|1760394316
|switch|p1a: Gliscor|Gliscor, M|100/100
|move|p2a: Zamazenta|Crunch|p1a: Gliscor
|-damage|p1a: Gliscor|81/100
|-damage|p2a: Zamazenta|91/100|[from] item: Life Orb
|
|-status|p1a: Gliscor|tox|[from] item: Toxic Orb
|upkeep
|turn|11
|
|t:|1760394321
|switch|p2a: Great Tusk|Great Tusk|100/100
|-activate|p2a: Great Tusk|move: Sticky Web
|-unboost|p2a: Great Tusk|spe|1
|-enditem|p2a: Great Tusk|Booster Energy
|-activate|p2a: Great Tusk|ability: Protosynthesis|[fromitem]
|-start|p2a: Great Tusk|protosynthesisatk
|move|p1a: Gliscor|Toxic|p2a: Great Tusk
|-status|p2a: Great Tusk|tox
|
|-heal|p1a: Gliscor|93/100 tox|[from] ability: Poison Heal
|-damage|p2a: Great Tusk|94/100 tox|[from] psn
|upkeep
|turn|12
|
|t:|1760394328
|switch|p1a: Gholdengo|Gholdengo|100/100
|move|p2a: Great Tusk|Rapid Spin|p1a: Gholdengo
|-immune|p1a: Gholdengo
|
|-damage|p2a: Great Tusk|82/100 tox|[from] psn
|upkeep
|turn|13
|
|t:|1760394345
|-end|p2a: Great Tusk|Protosynthesis|[silent]
|switch|p2a: Coalossal|Coalossal, F|100/100
|-activate|p2a: Coalossal|move: Sticky Web
|-unboost|p2a: Coalossal|spe|1
|move|p1a: Gholdengo|Make It Rain|p2a: Coalossal
|-damage|p2a: Coalossal|46/100
|-unboost|p1a: Gholdengo|spa|1
|
|upkeep
|turn|14
|
|t:|1760394353
|move|p1a: Gholdengo|Make It Rain|p2a: Coalossal
|-damage|p2a: Coalossal|7/100
|-unboost|p1a: Gholdengo|spa|1
|move|p2a: Coalossal|Stealth Rock|p1a: Gholdengo
|-sidestart|p1: B/CFan|move: Stealth Rock
|
|upkeep
|turn|15
|
|t:|1760394356
|move|p1a: Gholdengo|Make It Rain|p2a: Coalossal
|-damage|p2a: Coalossal|0 fnt
|-unboost|p1a: Gholdengo|spa|1
|faint|p2a: Coalossal
|
|upkeep
|
|t:|1760394362
|switch|p2a: Rillaboom|Rillaboom, M|85/100
|-activate|p2a: Rillaboom|move: Sticky Web
|-unboost|p2a: Rillaboom|spe|1
|-fieldstart|move: Grassy Terrain|[from] ability: Grassy Surge|[of] p2a: Rillaboom
|turn|16
|
|t:|1760394367
|switch|p1a: Gliscor|Gliscor, M|93/100 tox
|-damage|p1a: Gliscor|81/100 tox|[from] Stealth Rock
|move|p2a: Rillaboom|Knock Off|p1a: Gliscor
|-damage|p1a: Gliscor|58/100 tox
|-enditem|p1a: Gliscor|Toxic Orb|[from] move: Knock Off|[of] p2a: Rillaboom
|
|-heal|p2a: Rillaboom|91/100|[from] Grassy Terrain
|-heal|p1a: Gliscor|70/100 tox|[from] ability: Poison Heal
|upkeep
|turn|17
|
|t:|1760394371
|move|p1a: Gliscor|Protect|p1a: Gliscor
|-singleturn|p1a: Gliscor|Protect
|move|p2a: Rillaboom|Wood Hammer|p1a: Gliscor
|-activate|p1a: Gliscor|move: Protect
|
|-heal|p2a: Rillaboom|97/100|[from] Grassy Terrain
|-heal|p1a: Gliscor|83/100 tox|[from] ability: Poison Heal
|upkeep
|turn|18
|
|t:|1760394379
|move|p1a: Gliscor|Toxic|p2a: Rillaboom
|-status|p2a: Rillaboom|tox
|move|p2a: Rillaboom|Wood Hammer|p1a: Gliscor
|-damage|p1a: Gliscor|32/100 tox
|-damage|p2a: Rillaboom|80/100 tox|[from] Recoil
|
|-heal|p2a: Rillaboom|86/100 tox|[from] Grassy Terrain
|-heal|p1a: Gliscor|45/100 tox|[from] ability: Poison Heal
|-damage|p2a: Rillaboom|80/100 tox|[from] psn
|upkeep
|turn|19
|
|t:|1760394389
|switch|p2a: Great Tusk|Great Tusk|82/100 tox
|-activate|p2a: Great Tusk|move: Sticky Web
|-unboost|p2a: Great Tusk|spe|1
|move|p1a: Gliscor|Protect||[still]
|-fail|p1a: Gliscor
|
|-heal|p2a: Great Tusk|88/100 tox|[from] Grassy Terrain
|-heal|p1a: Gliscor|57/100 tox|[from] ability: Poison Heal
|-damage|p2a: Great Tusk|82/100 tox|[from] psn
|upkeep
|turn|20
|
|t:|1760394393
|move|p1a: Gliscor|Earthquake|p2a: Great Tusk
|-crit|p2a: Great Tusk
|-damage|p2a: Great Tusk|65/100 tox
|move|p2a: Great Tusk|Rapid Spin|p1a: Gliscor
|-damage|p1a: Gliscor|45/100 tox
|-boost|p2a: Great Tusk|spe|1
|-sideend|p2: capone n norega|Sticky Web|[from] move: Rapid Spin|[of] p2a: Great Tusk
|
|-heal|p2a: Great Tusk|72/100 tox|[from] Grassy Terrain
|-damage|p2a: Great Tusk|59/100 tox|[from] psn
|-heal|p1a: Gliscor|58/100 tox|[from] ability: Poison Heal
|upkeep
|turn|21
|
|t:|1760394402
|move|p1a: Gliscor|Protect|p1a: Gliscor
|-singleturn|p1a: Gliscor|Protect
|move|p2a: Great Tusk|Head Smash|p1a: Gliscor
|-activate|p1a: Gliscor|move: Protect
|
|-heal|p2a: Great Tusk|65/100 tox|[from] Grassy Terrain
|-damage|p2a: Great Tusk|47/100 tox|[from] psn
|-heal|p1a: Gliscor|70/100 tox|[from] ability: Poison Heal
|upkeep
|turn|22
|
|t:|1760394410
|move|p2a: Great Tusk|Head Smash|p1a: Gliscor
|-damage|p1a: Gliscor|35/100 tox
|-damage|p2a: Great Tusk|30/100 tox|[from] Recoil
|move|p1a: Gliscor|Earthquake|p2a: Great Tusk
|-damage|p2a: Great Tusk|17/100 tox
|
|-heal|p2a: Great Tusk|23/100 tox|[from] Grassy Terrain
|-damage|p2a: Great Tusk|0 fnt|[from] psn
|faint|p2a: Great Tusk
|-end|p2a: Great Tusk|Protosynthesis|[silent]
|-heal|p1a: Gliscor|47/100 tox|[from] ability: Poison Heal
|upkeep
|
|t:|1760394414
|switch|p2a: Rillaboom|Rillaboom, M|80/100 tox
|turn|23
|
|t:|1760394422
|switch|p2a: Zamazenta|Zamazenta|91/100
|move|p1a: Gliscor|Protect||[still]
|-fail|p1a: Gliscor
|
|-heal|p2a: Zamazenta|97/100|[from] Grassy Terrain
|-heal|p1a: Gliscor|60/100 tox|[from] ability: Poison Heal
|-fieldend|move: Grassy Terrain
|upkeep
|turn|24
|
|t:|1760394423
|switch|p2a: Rillaboom|Rillaboom, M|80/100 tox
|-fieldstart|move: Grassy Terrain|[from] ability: Grassy Surge|[of] p2a: Rillaboom
|move|p1a: Gliscor|Toxic|p2a: Rillaboom
|-fail|p2a: Rillaboom|tox
|
|-heal|p2a: Rillaboom|86/100 tox|[from] Grassy Terrain
|-damage|p2a: Rillaboom|80/100 tox|[from] psn
|-heal|p1a: Gliscor|72/100 tox|[from] ability: Poison Heal
|upkeep
|turn|25
|
|t:|1760394429
|move|p1a: Gliscor|Protect|p1a: Gliscor
|-singleturn|p1a: Gliscor|Protect
|move|p2a: Rillaboom|Wood Hammer|p1a: Gliscor
|-activate|p1a: Gliscor|move: Protect
|
|-heal|p2a: Rillaboom|86/100 tox|[from] Grassy Terrain
|-damage|p2a: Rillaboom|74/100 tox|[from] psn
|-heal|p1a: Gliscor|84/100 tox|[from] ability: Poison Heal
|upkeep
|turn|26
|
|t:|1760394438
|switch|p1a: Gholdengo|Gholdengo|100/100
|-damage|p1a: Gholdengo|94/100|[from] Stealth Rock
|move|p2a: Rillaboom|Wood Hammer|p1a: Gholdengo
|-resisted|p1a: Gholdengo
|-damage|p1a: Gholdengo|41/100
|-damage|p2a: Rillaboom|58/100 tox|[from] Recoil
|
|-heal|p1a: Gholdengo|47/100|[from] Grassy Terrain
|-heal|p2a: Rillaboom|64/100 tox|[from] Grassy Terrain
|-damage|p2a: Rillaboom|45/100 tox|[from] psn
|upkeep
|turn|27
|
|t:|1760394463
|move|p1a: Gholdengo|Make It Rain|p2a: Rillaboom
|-damage|p2a: Rillaboom|0 fnt
|-unboost|p1a: Gholdengo|spa|1
|faint|p2a: Rillaboom
|
|-heal|p1a: Gholdengo|53/100|[from] Grassy Terrain
|upkeep
|
|t:|1760394465
|switch|p2a: Zamazenta|Zamazenta|97/100
|turn|28
|
|t:|1760394468
|switch|p1a: Gliscor|Gliscor, M|84/100 tox
|-damage|p1a: Gliscor|72/100 tox|[from] Stealth Rock
|move|p2a: Zamazenta|Crunch|p1a: Gliscor
|-damage|p1a: Gliscor|49/100 tox
|-damage|p2a: Zamazenta|87/100|[from] item: Life Orb
|
|-heal|p2a: Zamazenta|93/100|[from] Grassy Terrain
|-heal|p1a: Gliscor|61/100 tox|[from] ability: Poison Heal
|upkeep
|turn|29
|
|t:|1760394469
|move|p2a: Zamazenta|Crunch|p1a: Gliscor
|-damage|p1a: Gliscor|40/100 tox
|-unboost|p1a: Gliscor|def|1
|-damage|p2a: Zamazenta|83/100|[from] item: Life Orb
|move|p1a: Gliscor|Toxic|p2a: Zamazenta
|-status|p2a: Zamazenta|tox
|
|-heal|p2a: Zamazenta|89/100 tox|[from] Grassy Terrain
|-damage|p2a: Zamazenta|83/100 tox|[from] psn
|-heal|p1a: Gliscor|53/100 tox|[from] ability: Poison Heal
|upkeep
|turn|30
|-message|capone n norega forfeited.
|
|win|B/CFan
|raw|B&#x2f;CFan's rating: 1304 &rarr; <strong>1325</strong><br />(+21 for winning)
|raw|capone n norega's rating: 1327 &rarr; <strong>1306</strong><br />(-21 for losing)
|l|☆capone n norega
|player|p2|
|l|☆B/CFan
|player|p1|
