|j|☆RaeRae0
|j|☆Enrico B.
|t:|1760339394
|gametype|singles
|player|p1|RaeRae0|lass|1188
|player|p2|Enrico B.|hilbert|1198
|gen|9
|tier|[Gen 9] OU
|rated|
|rule|HP Percentage Mod: HP is shown in percentages
|rule|Endless Battle Clause: Forcing endless battles is banned
|rule|Species Clause: Limit one of each Pokémon
|rule|OHKO Clause: OHKO moves are banned
|rule|Evasion Items Clause: Evasion items are banned
|rule|Evasion Moves Clause: Evasion moves are banned
|rule|Evasion Abilities Clause: Evasion abilities are banned
|rule|Sleep Moves Clause: Sleep-inducing moves are banned
|clearpoke
|poke|p1|Pelipper, M|
|poke|p1|Iron Treads|
|poke|p1|Barraskewda, F|
|poke|p1|Primarina, M|
|poke|p1|Dragonite, F|
|poke|p1|Ogerpon-Wellspring, F|
|poke|p2|Scizor, M|
|poke|p2|Latias, F|
|poke|p2|Avalugg, M|
|poke|p2|Sylveon, F|
|poke|p2|Iron Moth|
|poke|p2|Landorus-Therian, M|
|teampreview
|inactive|Battle timer is ON: inactive players will automatically lose when time's up. (requested by RaeRae0)
|
|t:|1760339402
|teamsize|p1|6
|teamsize|p2|6
|start
|switch|p1a: Pelipper|Pelipper, M|100/100
|switch|p2a: Scizor|Scizor, M|100/100
|-weather|RainDance|[from] ability: Drizzle|[of] p1a: Pelipper
|turn|1
|
|t:|1760339409
|move|p2a: Scizor|Swords Dance|p2a: Scizor
|-boost|p2a: Scizor|atk|2
|move|p1a: Pelipper|U-turn|p2a: Scizor
|-resisted|p2a: Scizor
|-damage|p2a: Scizor|97/100
|
|t:|1760339419
|switch|p1a: Kè-pon|Ogerpon-Wellspring, F|100/100|[from] U-turn
|
|-weather|RainDance|[upkeep]
|upkeep
|turn|2
|
|t:|1760339426
|move|p1a: Kè-pon|Ivy Cudgel|p2a: Scizor|[anim] Ivy Cudgel Water
|-damage|p2a: Scizor|28/100
|move|p2a: Scizor|Acrobatics|p1a: Kè-pon
|-supereffective|p1a: Kè-pon
|-damage|p1a: Kè-pon|0 fnt
|faint|p1a: Kè-pon
|
|-weather|RainDance|[upkeep]
|upkeep
|
|t:|1760339433
|switch|p1a: Barraskewda|Barraskewda, F|100/100
|turn|3
|c|☆Enrico B.|edo tensi no jutsu!
|
|t:|1760339447
|switch|p2a: Avalugg|Avalugg, M|100/100
|move|p1a: Barraskewda|Aqua Jet|p2a: Avalugg
|-damage|p2a: Avalugg|81/100
|-damage|p1a: Barraskewda|84/100|[from] item: Rocky Helmet|[of] p2a: Avalugg
|
|-weather|RainDance|[upkeep]
|upkeep
|turn|4
|
|t:|1760339458
|switch|p1a: Iron Treads|Iron Treads|100/100
|move|p2a: Avalugg|Body Press|p1a: Iron Treads
|-supereffective|p1a: Iron Treads
|-damage|p1a: Iron Treads|41/100
|-enditem|p1a: Iron Treads|Eject Button
|
|t:|1760339469
|-end|p1a: Iron Treads|Quark Drive|[silent]
|switch|p1a: Barraskewda|Barraskewda, F|84/100
|
|-weather|RainDance|[upkeep]
|upkeep
|turn|5
|l|☆Enrico B.
|inactive|Enrico B. disconnected and has a minute to reconnect!
|player|p2|
|j|☆Enrico B.
|inactive|Enrico B. reconnected and has 110 seconds left.
|player|p2|Enrico B.|hilbert|
|
|t:|1760339513
|move|p1a: Barraskewda|Close Combat|p2a: Avalugg
|-supereffective|p2a: Avalugg
|-damage|p2a: Avalugg|24/100
|-unboost|p1a: Barraskewda|def|1
|-unboost|p1a: Barraskewda|spd|1
|-damage|p1a: Barraskewda|68/100|[from] item: Rocky Helmet|[of] p2a: Avalugg
|move|p2a: Avalugg|Body Press|p1a: Barraskewda
|-damage|p1a: Barraskewda|0 fnt
|faint|p1a: Barraskewda
|
|-weather|RainDance|[upkeep]
|upkeep
|
|t:|1760339520
|switch|p1a: Iron Treads|Iron Treads|41/100
|turn|6
|inactive|Enrico B. has 120 seconds left.
|
|t:|1760339527
|move|p1a: Iron Treads|Stealth Rock|p2a: Avalugg
|-sidestart|p2: Enrico B.|move: Stealth Rock
|move|p2a: Avalugg|Recover|p2a: Avalugg
|-heal|p2a: Avalugg|74/100
|
|-weather|RainDance|[upkeep]
|upkeep
|turn|7
|inactive|Enrico B. has 120 seconds left.
|
|t:|1760339549
|move|p1a: Iron Treads|Earthquake|p2a: Avalugg
|-damage|p2a: Avalugg|58/100
|move|p2a: Avalugg|Rapid Spin|p1a: Iron Treads
|-resisted|p1a: Iron Treads
|-damage|p1a: Iron Treads|36/100
|-boost|p2a: Avalugg|spe|1
|-sideend|p2: Enrico B.|Stealth Rock|[from] move: Rapid Spin|[of] p2a: Avalugg
|
|-weather|RainDance|[upkeep]
|upkeep
|turn|8
|
|t:|1760339560
|move|p1a: Iron Treads|Stealth Rock|p2a: Avalugg
|-sidestart|p2: Enrico B.|move: Stealth Rock
|move|p2a: Avalugg|Body Press|p1a: Iron Treads
|-supereffective|p1a: Iron Treads
|-damage|p1a: Iron Treads|0 fnt
|faint|p1a: Iron Treads
|-end|p1a: Iron Treads|Quark Drive|[silent]
|
|-weather|none
|upkeep
|
|t:|1760339563
|switch|p1a: Pelipper|Pelipper, M|100/100
|-weather|RainDance|[from] ability: Drizzle|[of] p1a: Pelipper
|turn|9
|inactive|Enrico B. has 120 seconds left.
|
|t:|1760339571
|move|p2a: Avalugg|Rapid Spin|p1a: Pelipper
|-damage|p1a: Pelipper|91/100
|-boost|p2a: Avalugg|spe|1
|-sideend|p2: Enrico B.|Stealth Rock|[from] move: Rapid Spin|[of] p2a: Avalugg
|move|p1a: Pelipper|Hurricane|p2a: Avalugg
|-damage|p2a: Avalugg|0 fnt
|faint|p2a: Avalugg
|
|-weather|RainDance|[upkeep]
|upkeep
|inactive|Enrico B. has 120 seconds left.
|
|t:|1760339580
|switch|p2a: Latias|Latias, F, shiny|100/100
|turn|10
|
|t:|1760339587
|move|p2a: Latias|Thunderbolt|p1a: Pelipper
|-supereffective|p1a: Pelipper
|-damage|p1a: Pelipper|0 fnt
|faint|p1a: Pelipper
|
|-weather|RainDance|[upkeep]
|upkeep
|
|t:|1760339593
|switch|p1a: Primarina|Primarina, M|100/100
|turn|11
|
|t:|1760339598
|-terastallize|p2a: Latias|Steel
|move|p2a: Latias|Calm Mind|p2a: Latias
|-boost|p2a: Latias|spa|1
|-boost|p2a: Latias|spd|1
|move|p1a: Primarina|Substitute|p1a: Primarina
|-start|p1a: Primarina|Substitute
|-damage|p1a: Primarina|76/100
|
|-weather|RainDance|[upkeep]
|-heal|p1a: Primarina|82/100|[from] item: Leftovers
|upkeep
|turn|12
|
|t:|1760339606
|move|p2a: Latias|Thunderbolt|p1a: Primarina
|-supereffective|p1a: Primarina
|-crit|p1a: Primarina
|-end|p1a: Primarina|Substitute
|move|p1a: Primarina|Surf|p2a: Latias
|-damage|p2a: Latias|61/100
|
|-weather|RainDance|[upkeep]
|-heal|p2a: Latias|67/100|[from] item: Leftovers
|-heal|p1a: Primarina|88/100|[from] item: Leftovers
|upkeep
|turn|13
|
|t:|1760339615
|move|p2a: Latias|Thunderbolt|p1a: Primarina
|-supereffective|p1a: Primarina
|-damage|p1a: Primarina|24/100
|move|p1a: Primarina|Surf|p2a: Latias
|-damage|p2a: Latias|10/100
|
|-weather|RainDance|[upkeep]
|-heal|p2a: Latias|16/100|[from] item: Leftovers
|-heal|p1a: Primarina|31/100|[from] item: Leftovers
|upkeep
|turn|14
|
|t:|1760339623
|move|p2a: Latias|Thunderbolt|p1a: Primarina
|-supereffective|p1a: Primarina
|-damage|p1a: Primarina|0 fnt
|faint|p1a: Primarina
|
|-weather|RainDance|[upkeep]
|-heal|p2a: Latias|22/100|[from] item: Leftovers
|upkeep
|
|t:|1760339626
|switch|p1a: Dragonite|Dragonite, F|100/100
|turn|15
|
|t:|1760339631
|-terastallize|p1a: Dragonite|Normal
|move|p1a: Dragonite|Extreme Speed|p2a: Latias
|-resisted|p2a: Latias
|-damage|p2a: Latias|0 fnt
|faint|p2a: Latias
|
|-weather|RainDance|[upkeep]
|upkeep
|
|t:|1760339639
|switch|p2a: Landorus|Landorus-Therian, M|100/100
|-ability|p2a: Landorus|Intimidate|boost
|-unboost|p1a: Dragonite|atk|1
|turn|16
|
|t:|1760339645
|move|p2a: Landorus|Rock Slide|p1a: Dragonite
|-damage|p1a: Dragonite|85/100
|cant|p1a: Dragonite|flinch
|
|-weather|none
|upkeep
|turn|17
|
|t:|1760339653
|move|p2a: Landorus|Rock Slide|p1a: Dragonite
|-damage|p1a: Dragonite|53/100
|move|p1a: Dragonite|Roost|p1a: Dragonite
|-heal|p1a: Dragonite|100/100
|
|upkeep
|turn|18
|
|t:|1760339661
|switch|p2a: Iron Moth|Iron Moth, shiny|100/100
|-enditem|p2a: Iron Moth|Booster Energy
|-activate|p2a: Iron Moth|ability: Quark Drive|[fromitem]
|-start|p2a: Iron Moth|quarkdrivespe
|move|p1a: Dragonite|Hurricane|p2a: Iron Moth|[miss]
|-miss|p1a: Dragonite|p2a: Iron Moth
|
|upkeep
|turn|19
|
|t:|1760339669
|move|p1a: Dragonite|Extreme Speed|p2a: Iron Moth
|-damage|p2a: Iron Moth|60/100
|move|p2a: Iron Moth|Fiery Dance|p1a: Dragonite
|-damage|p1a: Dragonite|78/100
|
|upkeep
|turn|20
|
|t:|1760339676
|move|p1a: Dragonite|Extreme Speed|p2a: Iron Moth
|-damage|p2a: Iron Moth|21/100
|move|p2a: Iron Moth|Fiery Dance|p1a: Dragonite
|-damage|p1a: Dragonite|32/100
|-boost|p2a: Iron Moth|spa|1
|
|upkeep
|turn|21
|
|t:|1760339687
|move|p1a: Dragonite|Extreme Speed|p2a: Iron Moth
|-damage|p2a: Iron Moth|0 fnt
|faint|p2a: Iron Moth
|-end|p2a: Iron Moth|Quark Drive|[silent]
|
|upkeep
|
|t:|1760339695
|switch|p2a: Landorus|Landorus-Therian, M|100/100
|-ability|p2a: Landorus|Intimidate|boost
|-unboost|p1a: Dragonite|atk|1
|turn|22
|
|t:|1760339699
|move|p2a: Landorus|Earthquake|p1a: Dragonite
|-damage|p1a: Dragonite|0 fnt
|faint|p1a: Dragonite
|
|win|Enrico B.
|raw|RaeRae0's rating: 1211 &rarr; <strong>1185</strong><br />(-26 for losing)
|raw|Enrico B.'s rating: 1198 &rarr; <strong>1224</strong><br />(+26 for winning)
|l|☆RaeRae0
|player|p1|
|l|☆Enrico B.
|player|p2|
