|badge|p2|bronze|gen9randombattle|100-7
|uhtml|medal-msg|<div class="broadcast-blue">Curious what those medals under the avatar are? PS now has Ladder Seasons! For more information, check out the <a href="https://www.smogon.com/forums/threads/3740067/">thread on Smogon.</a></div>
|j|☆ioalla
|j|☆psychoplasm
|t:|1760353569
|gametype|singles
|player|p1|ioalla|101|1453
|player|p2|psychoplasm|ghetsis|1458
|gen|9
|tier|[Gen 9] OU
|rated|
|rule|HP Percentage Mod: HP is shown in percentages
|rule|Endless Battle Clause: Forcing endless battles is banned
|rule|Species Clause: Limit one of each Pokémon
|rule|OHKO Clause: OHKO moves are banned
|rule|Evasion Items Clause: Evasion items are banned
|rule|Evasion Moves Clause: Evasion moves are banned
|rule|Evasion Abilities Clause: Evasion abilities are banned
|rule|Sleep Moves Clause: Sleep-inducing moves are banned
|clearpoke
|poke|p1|Dondozo, M|
|poke|p1|Blissey, F|
|poke|p1|Corviknight, M|
|poke|p1|Weezing-Galar, M|
|poke|p1|Gliscor, F|
|poke|p1|Toxapex, M|
|poke|p2|Kingambit, F|
|poke|p2|Cinderace, F|
|poke|p2|Landorus-Therian, M|
|poke|p2|Iron Valiant|
|poke|p2|Kyurem|
|poke|p2|Slowking-Galar, M|
|teampreview
|
|t:|1760353590
|teamsize|p1|6
|teamsize|p2|6
|start
|switch|p1a: Gliscor|Gliscor, F|100/100
|switch|p2a: Homelandor|Landorus-Therian, M, shiny|100/100
|-ability|p2a: Homelandor|Intimidate|boost
|-unboost|p1a: Gliscor|atk|1
|turn|1
|
|t:|1760353611
|move|p2a: Homelandor|Taunt|p1a: Gliscor
|-start|p1a: Gliscor|move: Taunt
|move|p1a: Gliscor|Knock Off|p2a: Homelandor
|-damage|p2a: Homelandor|88/100
|-damage|p1a: Gliscor|84/100|[from] item: Rocky Helmet|[of] p2a: Homelandor
|-enditem|p2a: Homelandor|Rocky Helmet|[from] move: Knock Off|[of] p1a: Gliscor
|
|-status|p1a: Gliscor|tox|[from] item: Toxic Orb
|upkeep
|turn|2
|
|t:|1760353623
|move|p2a: Homelandor|Stealth Rock|p1a: Gliscor
|-sidestart|p1: ioalla|move: Stealth Rock
|move|p1a: Gliscor|Knock Off|p2a: Homelandor
|-damage|p2a: Homelandor|79/100
|
|-heal|p1a: Gliscor|97/100 tox|[from] ability: Poison Heal
|upkeep
|turn|3
|
|t:|1760353631
|switch|p2a: WALL-Y|Iron Valiant|100/100
|-enditem|p2a: WALL-Y|Booster Energy
|-activate|p2a: WALL-Y|ability: Quark Drive|[fromitem]
|-start|p2a: WALL-Y|quarkdrivespe
|switch|p1a: Corviknight|Corviknight, M|100/100
|-damage|p1a: Corviknight|88/100|[from] Stealth Rock
|-ability|p1a: Corviknight|Pressure
|
|-heal|p1a: Corviknight|94/100|[from] item: Leftovers
|upkeep
|turn|4
|
|t:|1760353650
|-end|p2a: WALL-Y|Quark Drive|[silent]
|switch|p2a: Kristine|Cinderace, F, shiny|100/100
|move|p1a: Corviknight|Defog|p2a: Kristine
|-unboost|p2a: Kristine|evasion|1
|-sideend|p1: ioalla|Stealth Rock|[from] move: Defog|[of] p1a: Corviknight
|
|-heal|p1a: Corviknight|100/100|[from] item: Leftovers
|upkeep
|turn|5
|
|t:|1760353675
|switch|p1a: Toxapex|Toxapex, M|100/100
|move|p2a: Kristine|U-turn|p1a: Toxapex
|-resisted|p1a: Toxapex
|-damage|p1a: Toxapex|93/100
|
|t:|1760353678
|switch|p2a: Mr. Freeze|Kyurem, shiny|100/100|[from] U-turn
|-ability|p2a: Mr. Freeze|Pressure
|
|-heal|p1a: Toxapex|99/100|[from] item: Leftovers
|upkeep
|turn|6
|
|t:|1760353688
|move|p2a: Mr. Freeze|Substitute|p2a: Mr. Freeze
|-start|p2a: Mr. Freeze|Substitute
|-damage|p2a: Mr. Freeze|76/100
|move|p1a: Toxapex|Toxic||[still]
|-fail|p1a: Toxapex
|
|-heal|p2a: Mr. Freeze|82/100|[from] item: Leftovers
|-heal|p1a: Toxapex|100/100|[from] item: Leftovers
|upkeep
|turn|7
|
|t:|1760353698
|switch|p1a: Corviknight|Corviknight, M|100/100
|-ability|p1a: Corviknight|Pressure
|move|p2a: Mr. Freeze|Freeze-Dry|p1a: Corviknight
|-damage|p1a: Corviknight|67/100
|
|-heal|p2a: Mr. Freeze|88/100|[from] item: Leftovers
|-heal|p1a: Corviknight|73/100|[from] item: Leftovers
|upkeep
|turn|8
|
|t:|1760353706
|move|p2a: Mr. Freeze|Freeze-Dry|p1a: Corviknight
|-damage|p1a: Corviknight|39/100
|move|p1a: Corviknight|Body Press|p2a: Mr. Freeze
|-supereffective|p2a: Mr. Freeze
|-end|p2a: Mr. Freeze|Substitute
|
|-heal|p2a: Mr. Freeze|94/100|[from] item: Leftovers
|-heal|p1a: Corviknight|45/100|[from] item: Leftovers
|upkeep
|turn|9
|
|t:|1760353713
|move|p2a: Mr. Freeze|Freeze-Dry|p1a: Corviknight
|-damage|p1a: Corviknight|10/100
|move|p1a: Corviknight|Roost|p1a: Corviknight
|-heal|p1a: Corviknight|60/100
|-singleturn|p1a: Corviknight|move: Roost
|
|-heal|p2a: Mr. Freeze|99/100|[from] item: Leftovers
|-heal|p1a: Corviknight|66/100|[from] item: Leftovers
|upkeep
|turn|10
|
|t:|1760353733
|switch|p2a: Kristine|Cinderace, F, shiny|100/100
|move|p1a: Corviknight|Iron Defense|p1a: Corviknight
|-boost|p1a: Corviknight|def|2
|
|-heal|p1a: Corviknight|72/100|[from] item: Leftovers
|upkeep
|turn|11
|
|t:|1760353739
|switch|p1a: Toxapex|Toxapex, M|100/100
|move|p2a: Kristine|Will-O-Wisp|p1a: Toxapex|[miss]
|-miss|p2a: Kristine|p1a: Toxapex
|
|upkeep
|turn|12
|
|t:|1760353745
|switch|p2a: Chillionaire|Slowking-Galar, M, shiny|100/100
|move|p1a: Toxapex|Toxic|p2a: Chillionaire
|-immune|p2a: Chillionaire
|
|upkeep
|turn|13
|
|t:|1760353751
|switch|p1a: Blissey|Blissey, F|100/100
|-prepare|p2a: Chillionaire|Chilly Reception|[premajor]
|move|p2a: Chillionaire|Chilly Reception|p2a: Chillionaire
|-weather|Snowscape
|
|t:|1760353774
|switch|p2a: Homelandor|Landorus-Therian, M, shiny|79/100|[from] Chilly Reception
|-ability|p2a: Homelandor|Intimidate|boost
|-unboost|p1a: Blissey|atk|1
|
|-weather|Snowscape|[upkeep]
|upkeep
|turn|14
|
|t:|1760353783
|switch|p1a: Corviknight|Corviknight, M|72/100
|-ability|p1a: Corviknight|Pressure
|move|p2a: Homelandor|Stealth Rock|p1a: Corviknight
|-sidestart|p1: ioalla|move: Stealth Rock
|
|-weather|Snowscape|[upkeep]
|-heal|p1a: Corviknight|79/100|[from] item: Leftovers
|upkeep
|turn|15
|
|t:|1760353791
|move|p2a: Homelandor|Taunt|p1a: Corviknight
|-start|p1a: Corviknight|move: Taunt
|cant|p1a: Corviknight|move: Taunt|Defog
|
|-weather|Snowscape|[upkeep]
|-heal|p1a: Corviknight|85/100|[from] item: Leftovers
|upkeep
|turn|16
|
|t:|1760353797
|move|p2a: Homelandor|U-turn|p1a: Corviknight
|-resisted|p1a: Corviknight
|-damage|p1a: Corviknight|81/100
|
|t:|1760353803
|switch|p2a: Kristine|Cinderace, F, shiny|100/100|[from] U-turn
|move|p1a: Corviknight|Body Press|p2a: Kristine
|-damage|p2a: Kristine|66/100
|
|-weather|Snowscape|[upkeep]
|-heal|p1a: Corviknight|88/100|[from] item: Leftovers
|upkeep
|turn|17
|
|t:|1760353818
|switch|p1a: Toxapex|Toxapex, M|100/100
|-damage|p1a: Toxapex|88/100|[from] Stealth Rock
|move|p2a: Kristine|Will-O-Wisp|p1a: Toxapex|[miss]
|-miss|p2a: Kristine|p1a: Toxapex
|
|-weather|none
|-heal|p1a: Toxapex|94/100|[from] item: Leftovers
|upkeep
|turn|18
|
|t:|1760353825
|move|p2a: Kristine|U-turn|p1a: Toxapex
|-resisted|p1a: Toxapex
|-damage|p1a: Toxapex|87/100
|
|t:|1760353827
|switch|p2a: Chillionaire|Slowking-Galar, M, shiny|100/100|[from] U-turn
|move|p1a: Toxapex|Toxic|p2a: Chillionaire
|-immune|p2a: Chillionaire
|
|-heal|p1a: Toxapex|94/100|[from] item: Leftovers
|upkeep
|turn|19
|
|t:|1760353831
|switch|p1a: Corviknight|Corviknight, M|88/100
|-damage|p1a: Corviknight|75/100|[from] Stealth Rock
|-ability|p1a: Corviknight|Pressure
|-prepare|p2a: Chillionaire|Chilly Reception|[premajor]
|move|p2a: Chillionaire|Chilly Reception|p2a: Chillionaire
|-weather|Snowscape
|
|t:|1760353834
|switch|p2a: Kristine|Cinderace, F, shiny|66/100|[from] Chilly Reception
|
|-weather|Snowscape|[upkeep]
|-heal|p1a: Corviknight|81/100|[from] item: Leftovers
|upkeep
|turn|20
|
|t:|1760353844
|switch|p1a: Gliscor|Gliscor, F|97/100 tox
|-damage|p1a: Gliscor|84/100 tox|[from] Stealth Rock
|move|p2a: Kristine|Will-O-Wisp|p1a: Gliscor|[miss]
|-miss|p2a: Kristine|p1a: Gliscor
|
|-weather|Snowscape|[upkeep]
|-heal|p1a: Gliscor|97/100 tox|[from] ability: Poison Heal
|upkeep
|turn|21
|
|t:|1760353850
|move|p2a: Kristine|U-turn|p1a: Gliscor
|-resisted|p1a: Gliscor
|-damage|p1a: Gliscor|89/100 tox
|
|t:|1760353863
|switch|p2a: WALL-Y|Iron Valiant|100/100|[from] U-turn
|move|p1a: Gliscor|Earthquake|p2a: WALL-Y
|-damage|p2a: WALL-Y|57/100
|
|-weather|Snowscape|[upkeep]
|-heal|p1a: Gliscor|100/100 tox|[from] ability: Poison Heal
|upkeep
|turn|22
|
|t:|1760353880
|move|p2a: WALL-Y|Moonblast|p1a: Gliscor
|-damage|p1a: Gliscor|63/100 tox
|move|p1a: Gliscor|Earthquake|p2a: WALL-Y
|-damage|p2a: WALL-Y|15/100
|
|-weather|Snowscape|[upkeep]
|-heal|p1a: Gliscor|75/100 tox|[from] ability: Poison Heal
|upkeep
|turn|23
|
|t:|1760353889
|move|p1a: Gliscor|Protect|p1a: Gliscor
|-singleturn|p1a: Gliscor|Protect
|move|p2a: WALL-Y|Shadow Ball|p1a: Gliscor
|-activate|p1a: Gliscor|move: Protect
|
|-weather|none
|-heal|p1a: Gliscor|88/100 tox|[from] ability: Poison Heal
|upkeep
|turn|24
|
|t:|1760353898
|move|p2a: WALL-Y|Encore|p1a: Gliscor
|-start|p1a: Gliscor|Encore
|move|p1a: Gliscor|Protect||[still]
|-fail|p1a: Gliscor
|
|-heal|p1a: Gliscor|99/100 tox|[from] ability: Poison Heal
|upkeep
|turn|25
|
|t:|1760353913
|-end|p2a: WALL-Y|Quark Drive|[silent]
|switch|p2a: Mr. Freeze|Kyurem, shiny|99/100
|-ability|p2a: Mr. Freeze|Pressure
|switch|p1a: Blissey|Blissey, F|100/100
|-damage|p1a: Blissey|88/100|[from] Stealth Rock
|
|-heal|p2a: Mr. Freeze|100/100|[from] item: Leftovers
|-heal|p1a: Blissey|94/100|[from] item: Leftovers
|upkeep
|turn|26
|
|t:|1760353921
|move|p2a: Mr. Freeze|Substitute|p2a: Mr. Freeze
|-start|p2a: Mr. Freeze|Substitute
|-damage|p2a: Mr. Freeze|76/100
|move|p1a: Blissey|Stealth Rock|p2a: Mr. Freeze
|-sidestart|p2: psychoplasm|move: Stealth Rock
|
|-heal|p2a: Mr. Freeze|82/100|[from] item: Leftovers
|-heal|p1a: Blissey|100/100|[from] item: Leftovers
|upkeep
|turn|27
|
|t:|1760353928
|move|p2a: Mr. Freeze|Body Press|p1a: Blissey
|-supereffective|p1a: Blissey
|-damage|p1a: Blissey|65/100
|move|p1a: Blissey|Seismic Toss|p2a: Mr. Freeze
|-activate|p2a: Mr. Freeze|move: Substitute|[damage]
|
|-heal|p2a: Mr. Freeze|88/100|[from] item: Leftovers
|-heal|p1a: Blissey|71/100|[from] item: Leftovers
|upkeep
|turn|28
|
|t:|1760353955
|switch|p1a: Gliscor|Gliscor, F|99/100 tox
|-damage|p1a: Gliscor|88/100 tox|[from] Stealth Rock
|move|p2a: Mr. Freeze|Body Press|p1a: Gliscor
|-resisted|p1a: Gliscor
|-damage|p1a: Gliscor|81/100 tox
|
|-heal|p2a: Mr. Freeze|94/100|[from] item: Leftovers
|-heal|p1a: Gliscor|93/100 tox|[from] ability: Poison Heal
|upkeep
|turn|29
|
|t:|1760353972
|switch|p1a: Corviknight|Corviknight, M|81/100
|-damage|p1a: Corviknight|69/100|[from] Stealth Rock
|-ability|p1a: Corviknight|Pressure
|move|p2a: Mr. Freeze|Body Press|p1a: Corviknight
|-damage|p1a: Corviknight|60/100
|
|-heal|p2a: Mr. Freeze|99/100|[from] item: Leftovers
|-heal|p1a: Corviknight|66/100|[from] item: Leftovers
|upkeep
|turn|30
|
|t:|1760353983
|move|p2a: Mr. Freeze|Freeze-Dry|p1a: Corviknight
|-damage|p1a: Corviknight|31/100
|move|p1a: Corviknight|Body Press|p2a: Mr. Freeze
|-supereffective|p2a: Mr. Freeze
|-end|p2a: Mr. Freeze|Substitute
|
|-heal|p2a: Mr. Freeze|100/100|[from] item: Leftovers
|-heal|p1a: Corviknight|37/100|[from] item: Leftovers
|upkeep
|turn|31
|
|t:|1760353992
|move|p2a: Mr. Freeze|Freeze-Dry|p1a: Corviknight
|-damage|p1a: Corviknight|1/100
|-status|p1a: Corviknight|frz
|-curestatus|p1a: Corviknight|frz|[msg]
|move|p1a: Corviknight|Roost|p1a: Corviknight
|-heal|p1a: Corviknight|51/100
|-singleturn|p1a: Corviknight|move: Roost
|
|-heal|p1a: Corviknight|58/100|[from] item: Leftovers
|upkeep
|turn|32
|
|t:|1760354010
|move|p2a: Mr. Freeze|Freeze-Dry|p1a: Corviknight
|-damage|p1a: Corviknight|21/100
|move|p1a: Corviknight|Roost|p1a: Corviknight
|-heal|p1a: Corviknight|71/100
|-singleturn|p1a: Corviknight|move: Roost
|
|-heal|p1a: Corviknight|78/100|[from] item: Leftovers
|upkeep
|turn|33
|
|t:|1760354028
|move|p2a: Mr. Freeze|Freeze-Dry|p1a: Corviknight
|-damage|p1a: Corviknight|41/100
|move|p1a: Corviknight|Iron Defense|p1a: Corviknight
|-boost|p1a: Corviknight|def|2
|
|-heal|p1a: Corviknight|47/100|[from] item: Leftovers
|upkeep
|turn|34
|
|t:|1760354037
|switch|p2a: WALL-Y|Iron Valiant|15/100
|-damage|p2a: WALL-Y|9/100|[from] Stealth Rock
|move|p1a: Corviknight|Roost|p1a: Corviknight
|-heal|p1a: Corviknight|97/100
|-singleturn|p1a: Corviknight|move: Roost
|
|-heal|p1a: Corviknight|100/100|[from] item: Leftovers
|upkeep
|turn|35
|
|t:|1760354041
|move|p2a: WALL-Y|Encore|p1a: Corviknight
|-start|p1a: Corviknight|Encore
|move|p1a: Corviknight|Roost||[still]
|-fail|p1a: Corviknight|heal
|
|upkeep
|turn|36
|
|t:|1760354049
|-end|p2a: WALL-Y|Quark Drive|[silent]
|switch|p2a: Kristine|Cinderace, F, shiny|66/100
|switch|p1a: Weezing|Weezing-Galar, M|100/100
|-ability|p1a: Weezing|Neutralizing Gas
|
|upkeep
|turn|37
|
|t:|1760354057
|move|p2a: Kristine|U-turn|p1a: Weezing
|-resisted|p1a: Weezing
|-damage|p1a: Weezing|98/100
|
|t:|1760354059
|switch|p2a: Chillionaire|Slowking-Galar, M, shiny|100/100|[from] U-turn
|move|p1a: Weezing|Defog|p2a: Chillionaire
|-unboost|p2a: Chillionaire|evasion|1
|-sideend|p2: psychoplasm|Stealth Rock|[from] move: Defog|[of] p1a: Weezing
|-sideend|p1: ioalla|Stealth Rock|[from] move: Defog|[of] p1a: Weezing
|
|upkeep
|turn|38
|
|t:|1760354069
|-end|p1a: Weezing|ability: Neutralizing Gas
|switch|p1a: Blissey|Blissey, F|71/100
|-prepare|p2a: Chillionaire|Chilly Reception|[premajor]
|move|p2a: Chillionaire|Chilly Reception|p2a: Chillionaire
|-weather|Snowscape
|
|t:|1760354088
|switch|p2a: Homelandor|Landorus-Therian, M, shiny|79/100|[from] Chilly Reception
|-ability|p2a: Homelandor|Intimidate|boost
|-unboost|p1a: Blissey|atk|1
|
|-weather|Snowscape|[upkeep]
|-heal|p1a: Blissey|78/100|[from] item: Leftovers
|upkeep
|turn|39
|
|t:|1760354104
|switch|p1a: Weezing|Weezing-Galar, M|98/100
|-ability|p1a: Weezing|Neutralizing Gas
|move|p2a: Homelandor|U-turn|p1a: Weezing
|-resisted|p1a: Weezing
|-damage|p1a: Weezing|94/100
|
|t:|1760354113
|switch|p2a: Chillionaire|Slowking-Galar, M, shiny|100/100|[from] U-turn
|
|-weather|Snowscape|[upkeep]
|upkeep
|turn|40
|
|t:|1760354123
|move|p1a: Weezing|Will-O-Wisp|p2a: Chillionaire
|-status|p2a: Chillionaire|brn
|-prepare|p2a: Chillionaire|Chilly Reception|[premajor]
|move|p2a: Chillionaire|Chilly Reception|p2a: Chillionaire
|
|t:|1760354126
|switch|p2a: Homelandor|Landorus-Therian, M, shiny|79/100|[from] Chilly Reception
|
|-weather|Snowscape|[upkeep]
|upkeep
|turn|41
|
|t:|1760354144
|-end|p1a: Weezing|ability: Neutralizing Gas
|-ability|p2a: Homelandor|Intimidate|boost
|-unboost|p1a: Weezing|atk|1
|switch|p1a: Gliscor|Gliscor, F|93/100 tox
|move|p2a: Homelandor|U-turn|p1a: Gliscor
|-resisted|p1a: Gliscor
|-damage|p1a: Gliscor|85/100 tox
|
|t:|1760354164
|switch|p2a: Mr. Freeze|Kyurem, shiny|100/100|[from] U-turn
|-ability|p2a: Mr. Freeze|Pressure
|
|-weather|Snowscape|[upkeep]
|-heal|p1a: Gliscor|97/100 tox|[from] ability: Poison Heal
|upkeep
|turn|42
|
|t:|1760354178
|switch|p1a: Corviknight|Corviknight, M|100/100
|-ability|p1a: Corviknight|Pressure
|move|p2a: Mr. Freeze|Freeze-Dry|p1a: Corviknight
|-damage|p1a: Corviknight|67/100
|
|-weather|none
|-heal|p1a: Corviknight|73/100|[from] item: Leftovers
|upkeep
|turn|43
|
|t:|1760354193
|switch|p2a: Kristine|Cinderace, F, shiny|66/100
|move|p1a: Corviknight|Iron Defense|p1a: Corviknight
|-boost|p1a: Corviknight|def|2
|
|-heal|p1a: Corviknight|80/100|[from] item: Leftovers
|upkeep
|turn|44
|
|t:|1760354204
|move|p2a: Kristine|Will-O-Wisp|p1a: Corviknight
|-status|p1a: Corviknight|brn
|move|p1a: Corviknight|Body Press|p2a: Kristine
|-damage|p2a: Kristine|37/100
|
|-heal|p1a: Corviknight|86/100 brn|[from] item: Leftovers
|-damage|p1a: Corviknight|80/100 brn|[from] brn
|upkeep
|turn|45
|
|t:|1760354212
|move|p2a: Kristine|Pyro Ball|p1a: Corviknight
|-supereffective|p1a: Corviknight
|-damage|p1a: Corviknight|51/100 brn
|move|p1a: Corviknight|Iron Defense|p1a: Corviknight
|-boost|p1a: Corviknight|def|2
|
|-heal|p1a: Corviknight|57/100 brn|[from] item: Leftovers
|-damage|p1a: Corviknight|51/100 brn|[from] brn
|upkeep
|turn|46
|
|t:|1760354221
|move|p2a: Kristine|U-turn|p1a: Corviknight
|-resisted|p1a: Corviknight
|-damage|p1a: Corviknight|50/100 brn
|
|t:|1760354228
|switch|p2a: Chillionaire|Slowking-Galar, M, shiny|100/100 brn|[from] U-turn
|move|p1a: Corviknight|Roost|p1a: Corviknight
|-heal|p1a: Corviknight|99/100 brn
|-singleturn|p1a: Corviknight|move: Roost
|
|-heal|p1a: Corviknight|100/100 brn|[from] item: Leftovers
|-damage|p1a: Corviknight|94/100 brn|[from] brn
|-damage|p2a: Chillionaire|94/100 brn|[from] brn
|upkeep
|turn|47
|
|t:|1760354235
|move|p1a: Corviknight|Iron Defense|p1a: Corviknight
|-boost|p1a: Corviknight|def|2
|-prepare|p2a: Chillionaire|Chilly Reception|[premajor]
|move|p2a: Chillionaire|Chilly Reception|p2a: Chillionaire
|-weather|Snowscape
|
|t:|1760354238
|switch|p2a: WALL-Y|Iron Valiant|9/100|[from] Chilly Reception
|
|-weather|Snowscape|[upkeep]
|-heal|p1a: Corviknight|100/100 brn|[from] item: Leftovers
|-damage|p1a: Corviknight|94/100 brn|[from] brn
|upkeep
|turn|48
|
|t:|1760354246
|move|p2a: WALL-Y|Encore|p1a: Corviknight
|-start|p1a: Corviknight|Encore
|move|p1a: Corviknight|Iron Defense|p1a: Corviknight
|-boost|p1a: Corviknight|def|0
|
|-weather|Snowscape|[upkeep]
|-heal|p1a: Corviknight|100/100 brn|[from] item: Leftovers
|-damage|p1a: Corviknight|94/100 brn|[from] brn
|upkeep
|turn|49
|
|t:|1760354255
|-end|p2a: WALL-Y|Quark Drive|[silent]
|switch|p2a: Mr. Freeze|Kyurem, shiny|100/100
|-ability|p2a: Mr. Freeze|Pressure
|switch|p1a: Blissey|Blissey, F|78/100
|
|-weather|Snowscape|[upkeep]
|-heal|p1a: Blissey|84/100|[from] item: Leftovers
|upkeep
|turn|50
|
|t:|1760354271
|move|p2a: Mr. Freeze|Substitute|p2a: Mr. Freeze
|-start|p2a: Mr. Freeze|Substitute
|-damage|p2a: Mr. Freeze|76/100
|move|p1a: Blissey|Seismic Toss|p2a: Mr. Freeze
|-activate|p2a: Mr. Freeze|move: Substitute|[damage]
|
|-weather|Snowscape|[upkeep]
|-heal|p2a: Mr. Freeze|82/100|[from] item: Leftovers
|-heal|p1a: Blissey|90/100|[from] item: Leftovers
|upkeep
|turn|51
|
|t:|1760354274
|move|p2a: Mr. Freeze|Body Press|p1a: Blissey
|-supereffective|p1a: Blissey
|-damage|p1a: Blissey|58/100
|move|p1a: Blissey|Seismic Toss|p2a: Mr. Freeze
|-end|p2a: Mr. Freeze|Substitute
|
|-weather|none
|-heal|p2a: Mr. Freeze|88/100|[from] item: Leftovers
|-heal|p1a: Blissey|65/100|[from] item: Leftovers
|upkeep
|turn|52
|
|t:|1760354283
|switch|p1a: Weezing|Weezing-Galar, M|94/100
|-ability|p1a: Weezing|Neutralizing Gas
|move|p2a: Mr. Freeze|Substitute|p2a: Mr. Freeze
|-start|p2a: Mr. Freeze|Substitute
|-damage|p2a: Mr. Freeze|63/100
|
|-heal|p2a: Mr. Freeze|69/100|[from] item: Leftovers
|upkeep
|turn|53
|
|t:|1760354292
|move|p2a: Mr. Freeze|Earth Power|p1a: Weezing
|-supereffective|p1a: Weezing
|-damage|p1a: Weezing|7/100
|move|p1a: Weezing|Strange Steam|p2a: Mr. Freeze
|-supereffective|p2a: Mr. Freeze
|-end|p2a: Mr. Freeze|Substitute
|
|-heal|p2a: Mr. Freeze|75/100|[from] item: Leftovers
|upkeep
|turn|54
|
|t:|1760354304
|-end|p1a: Weezing|ability: Neutralizing Gas
|-ability|p2a: Mr. Freeze|Pressure
|switch|p1a: Gliscor|Gliscor, F|97/100 tox
|move|p2a: Mr. Freeze|Freeze-Dry|p1a: Gliscor
|-supereffective|p1a: Gliscor
|-damage|p1a: Gliscor|0 fnt
|faint|p1a: Gliscor
|
|-heal|p2a: Mr. Freeze|81/100|[from] item: Leftovers
|upkeep
|
|t:|1760354314
|switch|p1a: Dondozo|Dondozo, M|100/100
|turn|55
|l|☆psychoplasm
|player|p2|
|j|☆psychoplasm
|player|p2|psychoplasm|ghetsis|
|
|t:|1760354324
|move|p2a: Mr. Freeze|Substitute|p2a: Mr. Freeze
|-start|p2a: Mr. Freeze|Substitute
|-damage|p2a: Mr. Freeze|57/100
|move|p1a: Dondozo|Body Press|p2a: Mr. Freeze
|-supereffective|p2a: Mr. Freeze
|-end|p2a: Mr. Freeze|Substitute
|
|-heal|p2a: Mr. Freeze|63/100|[from] item: Leftovers
|upkeep
|turn|56
|
|t:|1760354329
|switch|p2a: Chillionaire|Slowking-Galar, M, shiny|100/100 brn
|move|p1a: Dondozo|Body Press|p2a: Chillionaire
|-resisted|p2a: Chillionaire
|-damage|p2a: Chillionaire|93/100 brn
|
|-damage|p2a: Chillionaire|87/100 brn|[from] brn
|upkeep
|turn|57
|
|t:|1760354338
|switch|p1a: Weezing|Weezing-Galar, M|7/100
|-ability|p1a: Weezing|Neutralizing Gas
|-prepare|p2a: Chillionaire|Chilly Reception|[premajor]
|move|p2a: Chillionaire|Chilly Reception|p2a: Chillionaire
|-weather|Snowscape
|
|t:|1760354348
|switch|p2a: Homelandor|Landorus-Therian, M, shiny|79/100|[from] Chilly Reception
|
|-weather|Snowscape|[upkeep]
|upkeep
|turn|58
|
|t:|1760354355
|move|p2a: Homelandor|Earthquake|p1a: Weezing
|-supereffective|p1a: Weezing
|-damage|p1a: Weezing|0 fnt
|faint|p1a: Weezing
|-end|p1a: Weezing|ability: Neutralizing Gas
|
|-weather|Snowscape|[upkeep]
|upkeep
|
|t:|1760354358
|switch|p1a: Corviknight|Corviknight, M|94/100 brn
|-ability|p1a: Corviknight|Pressure
|turn|59
|
|t:|1760354368
|move|p2a: Homelandor|U-turn|p1a: Corviknight
|-resisted|p1a: Corviknight
|-damage|p1a: Corviknight|91/100 brn
|
|t:|1760354373
|switch|p2a: Kristine|Cinderace, F, shiny|37/100|[from] U-turn
|move|p1a: Corviknight|Iron Defense|p1a: Corviknight
|-boost|p1a: Corviknight|def|2
|
|-weather|Snowscape|[upkeep]
|-heal|p1a: Corviknight|97/100 brn|[from] item: Leftovers
|-damage|p1a: Corviknight|91/100 brn|[from] brn
|upkeep
|turn|60
|
|t:|1760354379
|move|p2a: Kristine|Pyro Ball|p1a: Corviknight
|-supereffective|p1a: Corviknight
|-damage|p1a: Corviknight|63/100 brn
|move|p1a: Corviknight|Body Press|p2a: Kristine
|-damage|p2a: Kristine|7/100
|
|-weather|Snowscape|[upkeep]
|-heal|p1a: Corviknight|69/100 brn|[from] item: Leftovers
|-damage|p1a: Corviknight|63/100 brn|[from] brn
|upkeep
|turn|61
|
|t:|1760354384
|move|p2a: Kristine|U-turn|p1a: Corviknight
|-resisted|p1a: Corviknight
|-damage|p1a: Corviknight|62/100 brn
|
|t:|1760354390
|switch|p2a: Chillionaire|Slowking-Galar, M, shiny|87/100 brn|[from] U-turn
|move|p1a: Corviknight|Body Press|p2a: Chillionaire
|-resisted|p2a: Chillionaire
|-damage|p2a: Chillionaire|81/100 brn
|
|-weather|none
|-heal|p1a: Corviknight|68/100 brn|[from] item: Leftovers
|-damage|p1a: Corviknight|62/100 brn|[from] brn
|-damage|p2a: Chillionaire|75/100 brn|[from] brn
|upkeep
|turn|62
|
|t:|1760354398
|move|p1a: Corviknight|Iron Defense|p1a: Corviknight
|-boost|p1a: Corviknight|def|2
|move|p2a: Chillionaire|Psychic Noise|p1a: Corviknight
|-resisted|p1a: Corviknight
|-damage|p1a: Corviknight|49/100 brn
|-start|p1a: Corviknight|move: Heal Block
|
|-damage|p1a: Corviknight|43/100 brn|[from] brn
|-damage|p2a: Chillionaire|69/100 brn|[from] brn
|upkeep
|turn|63
|
|t:|1760354406
|move|p1a: Corviknight|Body Press|p2a: Chillionaire
|-resisted|p2a: Chillionaire
|-damage|p2a: Chillionaire|58/100 brn
|move|p2a: Chillionaire|Psychic Noise|p1a: Corviknight
|-resisted|p1a: Corviknight
|-damage|p1a: Corviknight|30/100 brn
|
|-damage|p1a: Corviknight|24/100 brn|[from] brn
|-damage|p2a: Chillionaire|52/100 brn|[from] brn
|-end|p1a: Corviknight|move: Heal Block
|upkeep
|turn|64
|
|t:|1760354413
|move|p1a: Corviknight|Roost|p1a: Corviknight
|-heal|p1a: Corviknight|74/100 brn
|-singleturn|p1a: Corviknight|move: Roost
|-prepare|p2a: Chillionaire|Chilly Reception|[premajor]
|move|p2a: Chillionaire|Chilly Reception|p2a: Chillionaire
|-weather|Snowscape
|
|t:|1760354415
|switch|p2a: WALL-Y|Iron Valiant|9/100|[from] Chilly Reception
|
|-weather|Snowscape|[upkeep]
|-heal|p1a: Corviknight|80/100 brn|[from] item: Leftovers
|-damage|p1a: Corviknight|74/100 brn|[from] brn
|upkeep
|turn|65
|
|t:|1760354422
|switch|p1a: Blissey|Blissey, F|65/100
|move|p2a: WALL-Y|Shadow Ball|p1a: Blissey
|-immune|p1a: Blissey
|
|-weather|Snowscape|[upkeep]
|-heal|p1a: Blissey|71/100|[from] item: Leftovers
|upkeep
|turn|66
|
|t:|1760354429
|-end|p2a: WALL-Y|Quark Drive|[silent]
|switch|p2a: Chillionaire|Slowking-Galar, M, shiny|85/100 brn
|move|p1a: Blissey|Seismic Toss|p2a: Chillionaire
|-damage|p2a: Chillionaire|60/100 brn
|
|-weather|Snowscape|[upkeep]
|-heal|p1a: Blissey|77/100|[from] item: Leftovers
|-damage|p2a: Chillionaire|54/100 brn|[from] brn
|upkeep
|turn|67
|
|t:|1760354436
|move|p1a: Blissey|Seismic Toss|p2a: Chillionaire
|-damage|p2a: Chillionaire|28/100 brn
|-prepare|p2a: Chillionaire|Chilly Reception|[premajor]
|move|p2a: Chillionaire|Chilly Reception|p2a: Chillionaire
|
|t:|1760354438
|switch|p2a: Mr. Freeze|Kyurem, shiny|63/100|[from] Chilly Reception
|-ability|p2a: Mr. Freeze|Pressure
|
|-weather|Snowscape|[upkeep]
|-heal|p2a: Mr. Freeze|69/100|[from] item: Leftovers
|-heal|p1a: Blissey|83/100|[from] item: Leftovers
|upkeep
|turn|68
|
|t:|1760354444
|switch|p1a: Dondozo|Dondozo, M|100/100
|move|p2a: Mr. Freeze|Substitute|p2a: Mr. Freeze
|-start|p2a: Mr. Freeze|Substitute
|-damage|p2a: Mr. Freeze|44/100
|
|-weather|none
|-heal|p2a: Mr. Freeze|50/100|[from] item: Leftovers
|upkeep
|turn|69
|
|t:|1760354447
|move|p2a: Mr. Freeze|Freeze-Dry|p1a: Dondozo
|-supereffective|p1a: Dondozo
|-damage|p1a: Dondozo|31/100
|move|p1a: Dondozo|Body Press|p2a: Mr. Freeze
|-supereffective|p2a: Mr. Freeze
|-end|p2a: Mr. Freeze|Substitute
|
|-heal|p2a: Mr. Freeze|56/100|[from] item: Leftovers
|-heal|p1a: Dondozo|37/100|[from] item: Leftovers
|upkeep
|turn|70
|
|t:|1760354453
|switch|p1a: Blissey|Blissey, F|83/100
|move|p2a: Mr. Freeze|Freeze-Dry|p1a: Blissey
|-damage|p1a: Blissey|73/100
|
|-heal|p2a: Mr. Freeze|62/100|[from] item: Leftovers
|-heal|p1a: Blissey|79/100|[from] item: Leftovers
|upkeep
|turn|71
|
|t:|1760354459
|move|p2a: Mr. Freeze|Substitute|p2a: Mr. Freeze
|-start|p2a: Mr. Freeze|Substitute
|-damage|p2a: Mr. Freeze|38/100
|move|p1a: Blissey|Seismic Toss|p2a: Mr. Freeze
|-activate|p2a: Mr. Freeze|move: Substitute|[damage]
|
|-heal|p2a: Mr. Freeze|44/100|[from] item: Leftovers
|-heal|p1a: Blissey|85/100|[from] item: Leftovers
|upkeep
|turn|72
|
|t:|1760354463
|move|p2a: Mr. Freeze|Body Press|p1a: Blissey
|-supereffective|p1a: Blissey
|-damage|p1a: Blissey|53/100
|move|p1a: Blissey|Seismic Toss|p2a: Mr. Freeze
|-end|p2a: Mr. Freeze|Substitute
|
|-heal|p2a: Mr. Freeze|50/100|[from] item: Leftovers
|-heal|p1a: Blissey|59/100|[from] item: Leftovers
|upkeep
|turn|73
|
|t:|1760354470
|move|p2a: Mr. Freeze|Substitute|p2a: Mr. Freeze
|-start|p2a: Mr. Freeze|Substitute
|-damage|p2a: Mr. Freeze|25/100
|move|p1a: Blissey|Seismic Toss|p2a: Mr. Freeze
|-activate|p2a: Mr. Freeze|move: Substitute|[damage]
|
|-heal|p2a: Mr. Freeze|31/100|[from] item: Leftovers
|-heal|p1a: Blissey|66/100|[from] item: Leftovers
|upkeep
|turn|74
|
|t:|1760354474
|move|p2a: Mr. Freeze|Body Press|p1a: Blissey
|-supereffective|p1a: Blissey
|-damage|p1a: Blissey|31/100
|move|p1a: Blissey|Seismic Toss|p2a: Mr. Freeze
|-end|p2a: Mr. Freeze|Substitute
|
|-heal|p2a: Mr. Freeze|37/100|[from] item: Leftovers
|-heal|p1a: Blissey|38/100|[from] item: Leftovers
|upkeep
|turn|75
|
|t:|1760354480
|move|p2a: Mr. Freeze|Body Press|p1a: Blissey
|-supereffective|p1a: Blissey
|-damage|p1a: Blissey|1/100
|move|p1a: Blissey|Soft-Boiled|p1a: Blissey
|-heal|p1a: Blissey|51/100
|
|-heal|p2a: Mr. Freeze|43/100|[from] item: Leftovers
|-heal|p1a: Blissey|58/100|[from] item: Leftovers
|upkeep
|turn|76
|
|t:|1760354489
|move|p2a: Mr. Freeze|Body Press|p1a: Blissey
|-supereffective|p1a: Blissey
|-damage|p1a: Blissey|25/100
|move|p1a: Blissey|Seismic Toss|p2a: Mr. Freeze
|-damage|p2a: Mr. Freeze|19/100
|
|-heal|p2a: Mr. Freeze|25/100|[from] item: Leftovers
|-heal|p1a: Blissey|31/100|[from] item: Leftovers
|upkeep
|turn|77
|
|t:|1760354498
|switch|p1a: Toxapex|Toxapex, M|100/100
|move|p2a: Mr. Freeze|Body Press|p1a: Toxapex
|-resisted|p1a: Toxapex
|-damage|p1a: Toxapex|94/100
|
|-heal|p2a: Mr. Freeze|31/100|[from] item: Leftovers
|-heal|p1a: Toxapex|99/100|[from] item: Leftovers
|upkeep
|turn|78
|
|t:|1760354511
|switch|p1a: Corviknight|Corviknight, M|74/100 brn
|-ability|p1a: Corviknight|Pressure
|move|p2a: Mr. Freeze|Substitute|p2a: Mr. Freeze
|-start|p2a: Mr. Freeze|Substitute
|-damage|p2a: Mr. Freeze|6/100
|
|-heal|p2a: Mr. Freeze|12/100|[from] item: Leftovers
|-heal|p1a: Corviknight|80/100 brn|[from] item: Leftovers
|-damage|p1a: Corviknight|74/100 brn|[from] brn
|upkeep
|turn|79
|
|t:|1760354519
|move|p2a: Mr. Freeze|Freeze-Dry|p1a: Corviknight
|-damage|p1a: Corviknight|39/100 brn
|move|p1a: Corviknight|Body Press|p2a: Mr. Freeze
|-supereffective|p2a: Mr. Freeze
|-activate|p2a: Mr. Freeze|move: Substitute|[damage]
|
|-heal|p2a: Mr. Freeze|19/100|[from] item: Leftovers
|-heal|p1a: Corviknight|45/100 brn|[from] item: Leftovers
|-damage|p1a: Corviknight|39/100 brn|[from] brn
|upkeep
|turn|80
|
|t:|1760354536
|move|p2a: Mr. Freeze|Freeze-Dry|p1a: Corviknight
|-damage|p1a: Corviknight|6/100 brn
|move|p1a: Corviknight|Roost|p1a: Corviknight
|-heal|p1a: Corviknight|56/100 brn
|-singleturn|p1a: Corviknight|move: Roost
|
|-heal|p2a: Mr. Freeze|25/100|[from] item: Leftovers
|-heal|p1a: Corviknight|62/100 brn|[from] item: Leftovers
|-damage|p1a: Corviknight|56/100 brn|[from] brn
|upkeep
|turn|81
|
|t:|1760354539
|move|p2a: Mr. Freeze|Freeze-Dry|p1a: Corviknight
|-damage|p1a: Corviknight|19/100 brn
|move|p1a: Corviknight|Body Press|p2a: Mr. Freeze
|-supereffective|p2a: Mr. Freeze
|-crit|p2a: Mr. Freeze
|-end|p2a: Mr. Freeze|Substitute
|
|-heal|p2a: Mr. Freeze|31/100|[from] item: Leftovers
|-heal|p1a: Corviknight|26/100 brn|[from] item: Leftovers
|-damage|p1a: Corviknight|19/100 brn|[from] brn
|upkeep
|turn|82
|
|t:|1760354547
|move|p2a: Mr. Freeze|Freeze-Dry|p1a: Corviknight
|-damage|p1a: Corviknight|0 fnt
|faint|p1a: Corviknight
|
|-heal|p2a: Mr. Freeze|37/100|[from] item: Leftovers
|upkeep
|
|t:|1760354550
|switch|p1a: Blissey|Blissey, F|31/100
|turn|83
|
|t:|1760354556
|move|p2a: Mr. Freeze|Body Press|p1a: Blissey
|-supereffective|p1a: Blissey
|-damage|p1a: Blissey|0 fnt
|faint|p1a: Blissey
|
|-heal|p2a: Mr. Freeze|43/100|[from] item: Leftovers
|upkeep
|-message|ioalla forfeited.
|
|win|psychoplasm
|raw|ioalla's rating: 1453 &rarr; <strong>1433</strong><br />(-20 for losing)
|raw|psychoplasm's rating: 1458 &rarr; <strong>1478</strong><br />(+20 for winning)
|l|☆ioalla
|player|p1|
