|j|☆butts99999
|j|☆Moreiny
|t:|1760307984
|gametype|singles
|player|p1|butts99999|skierf|1821
|player|p2|Moreiny|170|1789
|gen|9
|tier|[Gen 9] OU
|rated|
|rule|HP Percentage Mod: HP is shown in percentages
|rule|Endless Battle Clause: Forcing endless battles is banned
|rule|Species Clause: Limit one of each Pokémon
|rule|OHKO Clause: OHKO moves are banned
|rule|Evasion Items Clause: Evasion items are banned
|rule|Evasion Moves Clause: Evasion moves are banned
|rule|Evasion Abilities Clause: Evasion abilities are banned
|rule|Sleep Moves Clause: Sleep-inducing moves are banned
|clearpoke
|poke|p1|Dragonite, M|
|poke|p1|Manaphy|
|poke|p1|Darkrai|
|poke|p1|Zamazenta-*|
|poke|p1|Glimmora, F|
|poke|p1|Gholdengo|
|poke|p2|Indeedee, M|
|poke|p2|Great Tusk|
|poke|p2|Iron Crown|
|poke|p2|Polteageist|
|poke|p2|Hawlucha, M|
|poke|p2|Deoxys-Speed|
|teampreview
|inactive|Battle timer is ON: inactive players will automatically lose when time's up. (requested by butts99999)
|
|t:|1760307992
|teamsize|p1|6
|teamsize|p2|6
|start
|switch|p1a: Benadryl|Darkrai, shiny|100/100
|switch|p2a: Deoxys|Deoxys-Speed|100/100
|-ability|p2a: Deoxys|Pressure
|turn|1
|
|t:|1760307997
|move|p2a: Deoxys|Meteor Beam||[still]
|-prepare|p2a: Deoxys|Meteor Beam
|-boost|p2a: Deoxys|spa|1
|-enditem|p2a: Deoxys|Power Herb
|-anim|p2a: Deoxys|Meteor Beam|p1a: Benadryl
|-damage|p1a: Benadryl|33/100
|move|p1a: Benadryl|Dark Pulse|p2a: Deoxys
|-supereffective|p2a: Deoxys
|-damage|p2a: Deoxys|0 fnt
|faint|p2a: Deoxys
|
|upkeep
|
|t:|1760308000
|switch|p2a: Great Tusk|Great Tusk|100/100
|turn|2
|
|t:|1760308004
|move|p1a: Benadryl|Ice Beam|p2a: Great Tusk
|-supereffective|p2a: Great Tusk
|-damage|p2a: Great Tusk|18/100
|move|p2a: Great Tusk|Earthquake|p1a: Benadryl
|-damage|p1a: Benadryl|0 fnt
|faint|p1a: Benadryl
|
|upkeep
|j| switchblade0719
|
|t:|1760308010
|switch|p1a: Bubbles|Manaphy, shiny|100/100
|turn|3
|j| crowv2
|
|t:|1760308017
|move|p1a: Bubbles|Scald|p2a: Great Tusk
|-supereffective|p2a: Great Tusk
|-damage|p2a: Great Tusk|0 fnt
|faint|p2a: Great Tusk
|-end|p2a: Great Tusk|Protosynthesis|[silent]
|
|upkeep
|l| crowv2
|
|t:|1760308022
|switch|p2a: Iron Crown|Iron Crown|100/100
|turn|4
|
|t:|1760308027
|move|p1a: Bubbles|Tail Glow|p1a: Bubbles
|-boost|p1a: Bubbles|spa|3
|move|p2a: Iron Crown|Volt Switch|p1a: Bubbles
|-supereffective|p1a: Bubbles
|-crit|p1a: Bubbles
|-damage|p1a: Bubbles|17/100
|
|t:|1760308034
|-end|p2a: Iron Crown|Quark Drive|[silent]
|switch|p2a: Indeedee|Indeedee, M|100/100|[from] Volt Switch
|-fieldstart|move: Psychic Terrain|[from] ability: Psychic Surge|[of] p2a: Indeedee
|
|-heal|p1a: Bubbles|23/100|[from] item: Leftovers
|upkeep
|turn|5
|
|t:|1760308037
|move|p1a: Bubbles|Scald|p2a: Indeedee
|-damage|p2a: Indeedee|7/100
|move|p2a: Indeedee|Expanding Force|p1a: Bubbles
|-damage|p1a: Bubbles|0 fnt
|faint|p1a: Bubbles
|
|upkeep
|j| mem0r
|
|t:|1760308060
|switch|p1a: Clifford|Zamazenta, shiny|100/100
|-ability|p1a: Clifford|Dauntless Shield|boost
|-boost|p1a: Clifford|def|1
|turn|6
|
|t:|1760308064
|move|p1a: Clifford|Crunch|p2a: Indeedee
|-supereffective|p2a: Indeedee
|-damage|p2a: Indeedee|0 fnt
|faint|p2a: Indeedee
|
|upkeep
|
|t:|1760308066
|switch|p2a: Polteageist|Polteageist|100/100
|turn|7
|
|t:|1760308069
|move|p2a: Polteageist|Shell Smash|p2a: Polteageist
|-unboost|p2a: Polteageist|def|1
|-unboost|p2a: Polteageist|spd|1
|-boost|p2a: Polteageist|atk|2
|-boost|p2a: Polteageist|spa|2
|-boost|p2a: Polteageist|spe|2
|move|p1a: Clifford|Roar|p2a: Polteageist
|drag|p2a: Iron Crown|Iron Crown|100/100
|
|upkeep
|turn|8
|j| KappaHalo
|
|t:|1760308074
|move|p1a: Clifford|Crunch|p2a: Iron Crown
|-supereffective|p2a: Iron Crown
|-damage|p2a: Iron Crown|48/100
|move|p2a: Iron Crown|Future Sight|p1a: Clifford
|-start|p2a: Iron Crown|move: Future Sight
|
|upkeep
|turn|9
|
|t:|1760308081
|-end|p2a: Iron Crown|Quark Drive|[silent]
|switch|p2a: Hawlucha|Hawlucha, M|100/100
|-enditem|p2a: Hawlucha|Psychic Seed
|-boost|p2a: Hawlucha|spd|1|[from] item: Psychic Seed
|move|p1a: Clifford|Crunch|p2a: Hawlucha
|-resisted|p2a: Hawlucha
|-damage|p2a: Hawlucha|82/100
|
|upkeep
|turn|10
|
|t:|1760308085
|move|p2a: Hawlucha|Encore|p1a: Clifford
|-start|p1a: Clifford|Encore
|move|p1a: Clifford|Crunch|p2a: Hawlucha
|-resisted|p2a: Hawlucha
|-damage|p2a: Hawlucha|64/100
|
|-end|p1a: Clifford|move: Future Sight
|-supereffective|p1a: Clifford
|-damage|p1a: Clifford|0 fnt
|faint|p1a: Clifford
|upkeep
|
|t:|1760308087
|switch|p1a: Shimmer|Glimmora, F, shiny|100/100
|turn|11
|j| tabata toxapex
|
|t:|1760308101
|switch|p2a: Iron Crown|Iron Crown|48/100
|move|p1a: Shimmer|Mortal Spin|p2a: Iron Crown
|-immune|p2a: Iron Crown
|
|-fieldend|move: Psychic Terrain
|upkeep
|turn|12
|j| FaronAan
|
|t:|1760308110
|switch|p1a: The Money|Gholdengo, shiny|100/100
|-item|p1a: The Money|Air Balloon
|move|p2a: Iron Crown|Tachyon Cutter|p1a: The Money
|-resisted|p1a: The Money
|-damage|p1a: The Money|79/100
|-enditem|p1a: The Money|Air Balloon
|-resisted|p1a: The Money
|-damage|p1a: The Money|58/100
|-hitcount|p1a: The Money|2
|
|upkeep
|turn|13
|
|t:|1760308119
|-terastallize|p2a: Iron Crown|Steel
|move|p2a: Iron Crown|Tachyon Cutter|p1a: The Money
|-resisted|p1a: The Money
|-damage|p1a: The Money|31/100
|-resisted|p1a: The Money
|-damage|p1a: The Money|4/100
|-hitcount|p1a: The Money|2
|move|p1a: The Money|Make It Rain|p2a: Iron Crown
|-resisted|p2a: Iron Crown
|-damage|p2a: Iron Crown|11/100
|-unboost|p1a: The Money|spa|1
|
|upkeep
|turn|14
|
|t:|1760308125
|move|p2a: Iron Crown|Tachyon Cutter|p1a: The Money
|-resisted|p1a: The Money
|-damage|p1a: The Money|0 fnt
|faint|p1a: The Money
|-hitcount|p1: The Money|1
|
|upkeep
|
|t:|1760308126
|switch|p1a: Buddy|Dragonite, M, shiny|100/100
|turn|15
|j| Scoob252525
|
|t:|1760308129
|move|p2a: Iron Crown|Tachyon Cutter|p1a: Buddy
|-damage|p1a: Buddy|75/100
|-damage|p1a: Buddy|26/100
|-hitcount|p1a: Buddy|2
|move|p1a: Buddy|Dragon Dance|p1a: Buddy
|-boost|p1a: Buddy|atk|1
|-boost|p1a: Buddy|spe|1
|
|upkeep
|turn|16
|
|t:|1760308137
|move|p1a: Buddy|Earthquake|p2a: Iron Crown
|-supereffective|p2a: Iron Crown
|-damage|p2a: Iron Crown|0 fnt
|faint|p2a: Iron Crown
|-end|p2a: Iron Crown|Quark Drive|[silent]
|
|upkeep
|
|t:|1760308140
|switch|p2a: Hawlucha|Hawlucha, M|64/100
|turn|17
|j| crowv2
|l| crowv2
|
|t:|1760308161
|-terastallize|p1a: Buddy|Fairy
|move|p1a: Buddy|Tera Blast|p2a: Hawlucha|[anim] Tera Blast Fairy
|-supereffective|p2a: Hawlucha
|-damage|p2a: Hawlucha|0 fnt
|faint|p2a: Hawlucha
|
|upkeep
|
|t:|1760308165
|switch|p2a: Polteageist|Polteageist|100/100
|turn|18
|
|t:|1760308171
|move|p1a: Buddy|Tera Blast|p2a: Polteageist|[anim] Tera Blast Fairy
|-enditem|p2a: Polteageist|Focus Sash
|-damage|p2a: Polteageist|1/100
|-ability|p2a: Polteageist|Weak Armor|boost
|-unboost|p2a: Polteageist|def|1
|-boost|p2a: Polteageist|spe|2
|move|p2a: Polteageist|Shell Smash|p2a: Polteageist
|-unboost|p2a: Polteageist|def|1
|-unboost|p2a: Polteageist|spd|1
|-boost|p2a: Polteageist|atk|2
|-boost|p2a: Polteageist|spa|2
|-boost|p2a: Polteageist|spe|2
|
|upkeep
|turn|19
|
|t:|1760308174
|move|p2a: Polteageist|Stored Power|p1a: Buddy
|-damage|p1a: Buddy|0 fnt
|faint|p1a: Buddy
|
|upkeep
|
|t:|1760308175
|switch|p1a: Shimmer|Glimmora, F, shiny|100/100
|turn|20
|
|t:|1760308177
|move|p2a: Polteageist|Stored Power|p1a: Shimmer
|-supereffective|p1a: Shimmer
|-damage|p1a: Shimmer|0 fnt
|faint|p1a: Shimmer
|
|win|Moreiny
|raw|butts99999's rating: 1821 &rarr; <strong>1799</strong><br />(-22 for losing)
|raw|Moreiny's rating: 1789 &rarr; <strong>1811</strong><br />(+22 for winning)
|l| FaronAan
|l|☆Moreiny
|player|p2|
|l| switchblade0719
|l| KappaHalo
|l| Scoob252525
