|badge|p1|bronze|gen9ou|100-7
|uhtml|medal-msg|<div class="broadcast-blue">Curious what those medals under the avatar are? PS now has Ladder Seasons! For more information, check out the <a href="https://www.smogon.com/forums/threads/3740067/">thread on Smogon.</a></div>
|j|☆MooFarmer
|j|☆Johnny tots
|t:|1760380970
|gametype|singles
|player|p1|MooFarmer|1|1868
|player|p2|Johnny tots|1|1835
|gen|9
|tier|[Gen 9] OU
|rated|
|rule|HP Percentage Mod: HP is shown in percentages
|rule|Endless Battle Clause: Forcing endless battles is banned
|rule|Species Clause: Limit one of each Pokémon
|rule|OHKO Clause: OHKO moves are banned
|rule|Evasion Items Clause: Evasion items are banned
|rule|Evasion Moves Clause: Evasion moves are banned
|rule|Evasion Abilities Clause: Evasion abilities are banned
|rule|Sleep Moves Clause: Sleep-inducing moves are banned
|clearpoke
|poke|p1|Kyurem|
|poke|p1|Corviknight, M|
|poke|p1|Ting-Lu|
|poke|p1|Dondozo, M|
|poke|p1|Slowking-Galar, L99, F|
|poke|p1|Cinderace, F|
|poke|p2|Klefki, F|
|poke|p2|Manaphy|
|poke|p2|Kyurem|
|poke|p2|Cinderace, M|
|poke|p2|Iron Valiant|
|poke|p2|Clefable, F|
|teampreview
|inactive|Battle timer is ON: inactive players will automatically lose when time's up. (requested by Johnny tots)
|
|t:|1760381016
|teamsize|p1|6
|teamsize|p2|6
|start
|switch|p1a: Slowking|Slowking-Galar, L99, F|100/100
|switch|p2a: Manaphy|Manaphy|100/100
|turn|1
|inactive|MooFarmer also wants the timer to be on.
|inactive|MooFarmer has 120 seconds left.
|inactive|Johnny tots has 120 seconds left.
|
|t:|1760381075
|move|p2a: Manaphy|Take Heart|p2a: Manaphy
|-boost|p2a: Manaphy|spa|1
|-boost|p2a: Manaphy|spd|1
|move|p1a: Slowking|Future Sight|p2a: Manaphy
|-start|p1a: Slowking|move: Future Sight
|
|upkeep
|turn|2
|inactive|MooFarmer has 90 seconds left.
|
|t:|1760381121
|move|p2a: Manaphy|Take Heart|p2a: Manaphy
|-boost|p2a: Manaphy|spa|1
|-boost|p2a: Manaphy|spd|1
|move|p1a: Slowking|Toxic|p2a: Manaphy
|-status|p2a: Manaphy|tox
|
|-damage|p2a: Manaphy|94/100 tox|[from] psn
|upkeep
|turn|3
|inactive|MooFarmer has 60 seconds left.
|
|t:|1760381167
|move|p2a: Manaphy|Take Heart|p2a: Manaphy
|-boost|p2a: Manaphy|spa|1
|-boost|p2a: Manaphy|spd|1
|-curestatus|p2a: Manaphy|tox|[msg]
|-prepare|p1a: Slowking|Chilly Reception|[premajor]
|move|p1a: Slowking|Chilly Reception|p1a: Slowking
|-weather|Snowscape
|
|t:|1760381175
|switch|p1a: Kyurem|Kyurem|100/100|[from] Chilly Reception
|-ability|p1a: Kyurem|Pressure
|
|-weather|Snowscape|[upkeep]
|-end|p2a: Manaphy|move: Future Sight
|-crit|p2a: Manaphy
|-damage|p2a: Manaphy|39/100
|-heal|p2a: Manaphy|45/100|[from] item: Leftovers
|upkeep
|turn|4
|
|t:|1760381183
|move|p1a: Kyurem|Freeze-Dry|p2a: Manaphy
|-supereffective|p2a: Manaphy
|-damage|p2a: Manaphy|19/100
|move|p2a: Manaphy|Stored Power|p1a: Kyurem
|-damage|p1a: Kyurem|0 fnt
|faint|p1a: Kyurem
|
|-weather|Snowscape|[upkeep]
|-heal|p2a: Manaphy|25/100|[from] item: Leftovers
|upkeep
|
|t:|1760381193
|switch|p1a: Dondozo|Dondozo, M|100/100
|turn|5
|
|t:|1760381201
|move|p2a: Manaphy|Stored Power|p1a: Dondozo
|-damage|p1a: Dondozo|60/100
|move|p1a: Dondozo|Body Press|p2a: Manaphy
|-damage|p2a: Manaphy|0 fnt
|faint|p2a: Manaphy
|
|-weather|Snowscape|[upkeep]
|-heal|p1a: Dondozo|66/100|[from] item: Leftovers
|upkeep
|
|t:|1760381210
|switch|p2a: Clefable|Clefable, F|100/100
|turn|6
|
|t:|1760381219
|switch|p1a: Slowking|Slowking-Galar, L99, F|100/100
|move|p2a: Clefable|Calm Mind|p2a: Clefable
|-boost|p2a: Clefable|spa|1
|-boost|p2a: Clefable|spd|1
|
|-weather|Snowscape|[upkeep]
|upkeep
|turn|7
|inactive|MooFarmer has 60 seconds left.
|
|t:|1760381227
|move|p2a: Clefable|Calm Mind|p2a: Clefable
|-boost|p2a: Clefable|spa|1
|-boost|p2a: Clefable|spd|1
|move|p1a: Slowking|Future Sight|p2a: Clefable
|-start|p1a: Slowking|move: Future Sight
|
|-weather|none
|upkeep
|turn|8
|
|t:|1760381236
|move|p2a: Clefable|Calm Mind|p2a: Clefable
|-boost|p2a: Clefable|spa|1
|-boost|p2a: Clefable|spd|1
|move|p1a: Slowking|Toxic|p2a: Clefable
|-status|p2a: Clefable|tox
|
|upkeep
|turn|9
|
|t:|1760381244
|move|p2a: Clefable|Calm Mind|p2a: Clefable
|-boost|p2a: Clefable|spa|1
|-boost|p2a: Clefable|spd|1
|move|p1a: Slowking|Sludge Bomb|p2a: Clefable
|-supereffective|p2a: Clefable
|-damage|p2a: Clefable|79/100 tox
|
|-end|p2a: Clefable|move: Future Sight
|-damage|p2a: Clefable|65/100 tox
|-heal|p2a: Clefable|71/100 tox|[from] item: Leftovers
|upkeep
|turn|10
|
|t:|1760381254
|move|p2a: Clefable|Psyshock|p1a: Slowking
|-damage|p1a: Slowking|27/100
|move|p1a: Slowking|Future Sight|p2a: Clefable
|-start|p1a: Slowking|move: Future Sight
|
|-heal|p2a: Clefable|77/100 tox|[from] item: Leftovers
|upkeep
|turn|11
|
|t:|1760381263
|switch|p1a: Cinderace|Cinderace, F|100/100
|move|p2a: Clefable|Moonblast|p1a: Cinderace
|-resisted|p1a: Cinderace
|-damage|p1a: Cinderace|30/100
|-unboost|p1a: Cinderace|spa|1
|
|-heal|p2a: Clefable|84/100 tox|[from] item: Leftovers
|upkeep
|turn|12
|
|t:|1760381272
|move|p1a: Cinderace|Pyro Ball|p2a: Clefable
|-damage|p2a: Clefable|16/100 tox
|move|p2a: Clefable|Moonblast|p1a: Cinderace
|-resisted|p1a: Cinderace
|-damage|p1a: Cinderace|0 fnt
|faint|p1a: Cinderace
|
|-end|p2a: Clefable|move: Future Sight
|-damage|p2a: Clefable|2/100 tox
|-heal|p2a: Clefable|8/100 tox|[from] item: Leftovers
|upkeep
|j| Eepsilon
|
|t:|1760381280
|switch|p1a: Corviknight|Corviknight, M|100/100
|-ability|p1a: Corviknight|Pressure
|turn|13
|inactive|MooFarmer has 90 seconds left.
|
|t:|1760381300
|switch|p2a: Klefki|Klefki, F|100/100
|move|p1a: Corviknight|Brave Bird|p2a: Klefki
|-resisted|p2a: Klefki
|-damage|p2a: Klefki|87/100
|-damage|p1a: Corviknight|97/100|[from] Recoil
|
|upkeep
|turn|14
|inactive|MooFarmer has 90 seconds left.
|inactive|MooFarmer has 60 seconds left.
|
|t:|1760381346
|move|p2a: Klefki|Spikes|p1a: Corviknight
|-sidestart|p1: MooFarmer|Spikes
|move|p1a: Corviknight|U-turn|p2a: Klefki
|-resisted|p2a: Klefki
|-damage|p2a: Klefki|84/100
|inactive|MooFarmer has 30 seconds left.
|inactive|MooFarmer has 20 seconds left.
|
|t:|1760381391
|switch|p1a: Ting-Lu|Ting-Lu|100/100|[from] U-turn
|-damage|p1a: Ting-Lu|88/100|[from] Spikes
|-ability|p1a: Ting-Lu|Vessel of Ruin
|
|-heal|p1a: Ting-Lu|94/100|[from] item: Leftovers
|upkeep
|turn|15
|inactive|MooFarmer has 30 seconds left this turn.
|
|t:|1760381399
|move|p2a: Klefki|Reflect|p2a: Klefki
|-sidestart|p2: Johnny tots|Reflect
|move|p1a: Ting-Lu|Earthquake|p2a: Klefki
|-supereffective|p2a: Klefki
|-damage|p2a: Klefki|55/100
|
|-heal|p1a: Ting-Lu|100/100|[from] item: Leftovers
|upkeep
|turn|16
|inactive|MooFarmer has 30 seconds left.
|
|t:|1760381408
|switch|p1a: Slowking|Slowking-Galar, L99, F|61/100
|move|p2a: Klefki|Light Screen|p2a: Klefki
|-sidestart|p2: Johnny tots|move: Light Screen
|
|upkeep
|turn|17
|
|t:|1760381416
|move|p2a: Klefki|Spikes|p1a: Slowking
|-sidestart|p1: MooFarmer|Spikes
|move|p1a: Slowking|Toxic|p2a: Klefki
|-immune|p2a: Klefki
|
|upkeep
|turn|18
|
|t:|1760381424
|move|p2a: Klefki|Thunder Wave|p1a: Slowking
|-status|p1a: Slowking|par
|move|p1a: Slowking|Future Sight|p2a: Klefki
|-start|p1a: Slowking|move: Future Sight
|
|upkeep
|turn|19
|
|t:|1760381433
|switch|p1a: Ting-Lu|Ting-Lu|100/100
|-damage|p1a: Ting-Lu|84/100|[from] Spikes
|-ability|p1a: Ting-Lu|Vessel of Ruin
|move|p2a: Klefki|Spikes|p1a: Ting-Lu
|-sidestart|p1: MooFarmer|Spikes
|
|-heal|p1a: Ting-Lu|90/100|[from] item: Leftovers
|upkeep
|turn|20
|
|t:|1760381441
|switch|p1a: Slowking|Slowking-Galar, L99, F|94/100 par
|move|p2a: Klefki|Thunder Wave|p1a: Slowking
|-fail|p1a: Slowking|par
|
|-end|p2a: Klefki|move: Future Sight
|-resisted|p2a: Klefki
|-damage|p2a: Klefki|43/100
|upkeep
|turn|21
|
|t:|1760381450
|switch|p2a: Clefable|Clefable, F|8/100 tox
|move|p1a: Slowking|Future Sight|p2a: Clefable
|-start|p1a: Slowking|move: Future Sight
|
|-heal|p2a: Clefable|14/100 tox|[from] item: Leftovers
|upkeep
|turn|22
|inactive|MooFarmer has 60 seconds left.
|
|t:|1760381459
|switch|p2a: Klefki|Klefki, F|43/100
|move|p1a: Slowking|Sludge Bomb|p2a: Klefki
|-immune|p2a: Klefki
|
|-sideend|p2: Johnny tots|Reflect
|upkeep
|turn|23
|
|t:|1760381467
|move|p2a: Klefki|Reflect|p2a: Klefki
|-sidestart|p2: Johnny tots|Reflect
|cant|p1a: Slowking|par
|
|-end|p2a: Klefki|move: Future Sight
|-resisted|p2a: Klefki
|-damage|p2a: Klefki|30/100
|-sideend|p2: Johnny tots|move: Light Screen
|upkeep
|turn|24
|j| Puyu Paz
|
|t:|1760381477
|switch|p2a: Clefable|Clefable, F|14/100 tox
|move|p1a: Slowking|Future Sight|p2a: Clefable
|-start|p1a: Slowking|move: Future Sight
|
|-heal|p2a: Clefable|20/100 tox|[from] item: Leftovers
|upkeep
|turn|25
|
|t:|1760381486
|switch|p2a: Klefki|Klefki, F|30/100
|move|p1a: Slowking|Sludge Bomb|p2a: Klefki
|-immune|p2a: Klefki
|
|upkeep
|turn|26
|
|t:|1760381494
|switch|p1a: Corviknight|Corviknight, M|97/100
|-ability|p1a: Corviknight|Pressure
|move|p2a: Klefki|Light Screen|p2a: Klefki
|-sidestart|p2: Johnny tots|move: Light Screen
|
|-end|p2a: Klefki|move: Future Sight
|-resisted|p2a: Klefki
|-damage|p2a: Klefki|17/100
|upkeep
|turn|27
|
|t:|1760381502
|move|p2a: Klefki|Thunder Wave|p1a: Corviknight
|-status|p1a: Corviknight|par
|cant|p1a: Corviknight|par
|
|upkeep
|turn|28
|inactive|MooFarmer has 90 seconds left.
|
|t:|1760381511
|switch|p2a: Kyurem|Kyurem|100/100
|-ability|p2a: Kyurem|Pressure
|move|p1a: Corviknight|Defog|p2a: Kyurem
|-unboost|p2a: Kyurem|evasion|1
|-sideend|p2: Johnny tots|Reflect
|-sideend|p2: Johnny tots|move: Light Screen
|-sideend|p1: MooFarmer|Spikes|[from] move: Defog|[of] p1a: Corviknight
|
|upkeep
|turn|29
|inactive|MooFarmer has 90 seconds left.
|inactive|MooFarmer has 60 seconds left.
|c|☆Johnny tots|Clicking scale shot
|
|t:|1760381556
|switch|p1a: Slowking|Slowking-Galar, L99, F|100/100 par
|move|p2a: Kyurem|Scale Shot|p1a: Slowking
|-damage|p1a: Slowking|86/100 par
|-damage|p1a: Slowking|72/100 par
|-damage|p1a: Slowking|56/100 par
|-damage|p1a: Slowking|43/100 par
|-hitcount|p1a: Slowking|4
|-unboost|p2a: Kyurem|def|1
|-boost|p2a: Kyurem|spe|1
|
|upkeep
|turn|30
|inactive|MooFarmer has 60 seconds left.
|c|☆Johnny tots|Spear
|inactive|MooFarmer has 30 seconds left.
|
|t:|1760381602
|switch|p1a: Dondozo|Dondozo, M|66/100
|move|p2a: Kyurem|Icicle Spear|p1a: Dondozo
|-resisted|p1a: Dondozo
|-damage|p1a: Dondozo|63/100
|-resisted|p1a: Dondozo
|-damage|p1a: Dondozo|60/100
|-resisted|p1a: Dondozo
|-damage|p1a: Dondozo|56/100
|-resisted|p1a: Dondozo
|-damage|p1a: Dondozo|53/100
|-hitcount|p1a: Dondozo|4
|
|-heal|p1a: Dondozo|59/100|[from] item: Leftovers
|upkeep
|turn|31
|inactive|MooFarmer has 30 seconds left.
|
|t:|1760381610
|switch|p2a: Clefable|Clefable, F|20/100 tox
|move|p1a: Dondozo|Body Press|p2a: Clefable
|-resisted|p2a: Clefable
|-damage|p2a: Clefable|7/100 tox
|
|-heal|p2a: Clefable|14/100 tox|[from] item: Leftovers
|-heal|p1a: Dondozo|65/100|[from] item: Leftovers
|upkeep
|turn|32
|
|t:|1760381619
|switch|p1a: Slowking|Slowking-Galar, L99, F|76/100 par
|move|p2a: Clefable|Moonblast|p1a: Slowking
|-resisted|p1a: Slowking
|-damage|p1a: Slowking|64/100 par
|
|-heal|p2a: Clefable|20/100 tox|[from] item: Leftovers
|upkeep
|turn|33
|
|t:|1760381627
|move|p2a: Clefable|Calm Mind|p2a: Clefable
|-boost|p2a: Clefable|spa|1
|-boost|p2a: Clefable|spd|1
|move|p1a: Slowking|Future Sight|p2a: Clefable
|-start|p1a: Slowking|move: Future Sight
|
|-heal|p2a: Clefable|26/100 tox|[from] item: Leftovers
|upkeep
|turn|34
|
|t:|1760381636
|switch|p2a: Klefki|Klefki, F|17/100
|move|p1a: Slowking|Sludge Bomb|p2a: Klefki
|-immune|p2a: Klefki
|
|upkeep
|turn|35
|
|t:|1760381644
|switch|p1a: Ting-Lu|Ting-Lu|90/100
|-ability|p1a: Ting-Lu|Vessel of Ruin
|move|p2a: Klefki|Light Screen|p2a: Klefki
|-sidestart|p2: Johnny tots|move: Light Screen
|
|-end|p2a: Klefki|move: Future Sight
|-resisted|p2a: Klefki
|-damage|p2a: Klefki|7/100
|-heal|p1a: Ting-Lu|96/100|[from] item: Leftovers
|upkeep
|turn|36
|
|t:|1760381652
|move|p2a: Klefki|Reflect|p2a: Klefki
|-sidestart|p2: Johnny tots|Reflect
|move|p1a: Ting-Lu|Earthquake|p2a: Klefki
|-supereffective|p2a: Klefki
|-damage|p2a: Klefki|0 fnt
|faint|p2a: Klefki
|
|-heal|p1a: Ting-Lu|100/100|[from] item: Leftovers
|upkeep
|j| pacmanz
|j| Jimmy Powka
|
|t:|1760381675
|switch|p2a: Clefable|Clefable, F|26/100 tox
|turn|37
|
|t:|1760381683
|move|p2a: Clefable|Moonblast|p1a: Ting-Lu
|-supereffective|p1a: Ting-Lu
|-damage|p1a: Ting-Lu|67/100
|move|p1a: Ting-Lu|Earthquake|p2a: Clefable
|-damage|p2a: Clefable|6/100 tox
|
|-heal|p2a: Clefable|12/100 tox|[from] item: Leftovers
|-heal|p1a: Ting-Lu|73/100|[from] item: Leftovers
|upkeep
|turn|38
|
|t:|1760381692
|move|p2a: Clefable|Moonblast|p1a: Ting-Lu
|-supereffective|p1a: Ting-Lu
|-damage|p1a: Ting-Lu|41/100
|move|p1a: Ting-Lu|Earthquake|p2a: Clefable
|-damage|p2a: Clefable|0 fnt
|faint|p2a: Clefable
|
|-heal|p1a: Ting-Lu|48/100|[from] item: Leftovers
|upkeep
|
|t:|1760381695
|switch|p2a: Kyurem|Kyurem|100/100
|-ability|p2a: Kyurem|Pressure
|turn|39
|
|t:|1760381703
|switch|p1a: Dondozo|Dondozo, M|65/100
|move|p2a: Kyurem|Icicle Spear|p1a: Dondozo
|-resisted|p1a: Dondozo
|-damage|p1a: Dondozo|62/100
|-resisted|p1a: Dondozo
|-damage|p1a: Dondozo|59/100
|-resisted|p1a: Dondozo
|-damage|p1a: Dondozo|56/100
|-resisted|p1a: Dondozo
|-damage|p1a: Dondozo|53/100
|-resisted|p1a: Dondozo
|-damage|p1a: Dondozo|49/100
|-hitcount|p1a: Dondozo|5
|
|-heal|p1a: Dondozo|56/100|[from] item: Leftovers
|upkeep
|turn|40
|
|t:|1760381712
|-terastallize|p2a: Kyurem|Electric
|move|p2a: Kyurem|Tera Blast|p1a: Dondozo|[anim] Tera Blast Electric
|-supereffective|p1a: Dondozo
|-damage|p1a: Dondozo|14/100
|move|p1a: Dondozo|Curse|p1a: Dondozo
|-unboost|p1a: Dondozo|spe|1
|-boost|p1a: Dondozo|atk|1
|-boost|p1a: Dondozo|def|1
|
|-heal|p1a: Dondozo|20/100|[from] item: Leftovers
|upkeep
|turn|41
|inactive|MooFarmer has 90 seconds left.
|
|t:|1760381721
|-terastallize|p1a: Dondozo|Dark
|move|p2a: Kyurem|Tera Blast|p1a: Dondozo|[anim] Tera Blast Electric
|-crit|p1a: Dondozo
|-damage|p1a: Dondozo|0 fnt
|faint|p1a: Dondozo
|
|upkeep
|inactive|MooFarmer has 90 seconds left.
|
|t:|1760381729
|switch|p1a: Slowking|Slowking-Galar, L99, F|97/100 par
|turn|42
|
|t:|1760381737
|move|p2a: Kyurem|Dragon Dance|p2a: Kyurem
|-boost|p2a: Kyurem|atk|1
|-boost|p2a: Kyurem|spe|1
|move|p1a: Slowking|Toxic|p2a: Kyurem
|-status|p2a: Kyurem|tox
|
|-damage|p2a: Kyurem|94/100 tox|[from] psn
|-sideend|p2: Johnny tots|move: Light Screen
|upkeep
|turn|43
|
|t:|1760381746
|switch|p1a: Corviknight|Corviknight, M|97/100 par
|-ability|p1a: Corviknight|Pressure
|move|p2a: Kyurem|Icicle Spear|p1a: Corviknight
|-damage|p1a: Corviknight|82/100 par
|-damage|p1a: Corviknight|70/100 par
|-damage|p1a: Corviknight|58/100 par
|-damage|p1a: Corviknight|46/100 par
|-damage|p1a: Corviknight|34/100 par
|-hitcount|p1a: Corviknight|5
|
|-damage|p2a: Kyurem|82/100 tox|[from] psn
|-sideend|p2: Johnny tots|Reflect
|upkeep
|turn|44
|
|t:|1760381753
|move|p2a: Kyurem|Icicle Spear|p1a: Corviknight
|-damage|p1a: Corviknight|21/100 par
|-damage|p1a: Corviknight|8/100 par
|-damage|p1a: Corviknight|0 fnt
|faint|p1a: Corviknight
|-hitcount|p1: Corviknight|3
|
|-damage|p2a: Kyurem|64/100 tox|[from] psn
|upkeep
|
|t:|1760381761
|switch|p1a: Slowking|Slowking-Galar, L99, F|100/100 par
|turn|45
|
|t:|1760381768
|move|p2a: Kyurem|Icicle Spear|p1a: Slowking
|-damage|p1a: Slowking|78/100 par
|-damage|p1a: Slowking|55/100 par
|-damage|p1a: Slowking|30/100 par
|-damage|p1a: Slowking|7/100 par
|-hitcount|p1a: Slowking|4
|move|p1a: Slowking|Sludge Bomb|p2a: Kyurem
|-damage|p2a: Kyurem|34/100 tox
|
|-damage|p2a: Kyurem|9/100 tox|[from] psn
|upkeep
|turn|46
|
|t:|1760381776
|switch|p1a: Ting-Lu|Ting-Lu|48/100
|-ability|p1a: Ting-Lu|Vessel of Ruin
|move|p2a: Kyurem|Icicle Spear|p1a: Ting-Lu
|-supereffective|p1a: Ting-Lu
|-damage|p1a: Ting-Lu|23/100
|-supereffective|p1a: Ting-Lu
|-damage|p1a: Ting-Lu|0 fnt
|faint|p1a: Ting-Lu
|-hitcount|p1: Ting-Lu|2
|
|-damage|p2a: Kyurem|0 fnt|[from] psn
|faint|p2a: Kyurem
|upkeep
|
|t:|1760381783
|switch|p2a: Cinderace|Cinderace, M|100/100
|switch|p1a: Slowking|Slowking-Galar, L99, F|40/100 par
|turn|47
|inactive|MooFarmer has 120 seconds left.
|
|t:|1760381815
|move|p2a: Cinderace|Pyro Ball|p1a: Slowking
|-damage|p1a: Slowking|0 fnt
|faint|p1a: Slowking
|
|win|Johnny tots
|raw|MooFarmer's rating: 1868 &rarr; <strong>1846</strong><br />(-22 for losing)
|raw|Johnny tots's rating: 1835 &rarr; <strong>1857</strong><br />(+22 for winning)
|l|☆MooFarmer
|player|p1|
|l| Puyu Paz
|l|☆Johnny tots
|player|p2|
|l| pacmanz
