|j|☆salaflyxd
|j|☆hylo pump
|t:|1760356182
|gametype|singles
|player|p1|salaflyxd|karen|1187
|player|p2|hylo pump|ingo|1217
|gen|9
|tier|[Gen 9] OU
|rated|
|rule|HP Percentage Mod: HP is shown in percentages
|rule|Endless Battle Clause: Forcing endless battles is banned
|rule|Species Clause: Limit one of each Pokémon
|rule|OHKO Clause: OHKO moves are banned
|rule|Evasion Items Clause: Evasion items are banned
|rule|Evasion Moves Clause: Evasion moves are banned
|rule|Evasion Abilities Clause: Evasion abilities are banned
|rule|Sleep Moves Clause: Sleep-inducing moves are banned
|clearpoke
|poke|p1|Gholdengo|
|poke|p1|Clawitzer, F|
|poke|p1|Armarouge, M|
|poke|p1|Gardevoir, F|
|poke|p1|Iron Crown|
|poke|p1|Polteageist-Antique|
|poke|p2|Great Tusk|
|poke|p2|Kingambit, F|
|poke|p2|Samurott-Hisui, F|
|poke|p2|Gholdengo|
|poke|p2|Ogerpon-Wellspring, F|
|poke|p2|Ursaluna, M|
|teampreview
|inactive|Battle timer is ON: inactive players will automatically lose when time's up. (requested by hylo pump)
|
|t:|1760356189
|teamsize|p1|6
|teamsize|p2|6
|start
|switch|p1a: Gardevoir|Gardevoir, F|100/100
|switch|p2a: Cut|Samurott-Hisui, F|100/100
|-ability|p1a: Gardevoir|Sharpness|Trace|[from] ability: Trace|[of] p2a: Cut
|turn|1
|
|t:|1760356204
|move|p1a: Gardevoir|Focus Blast|p2a: Cut|[miss]
|-miss|p1a: Gardevoir|p2a: Cut
|move|p2a: Cut|X-Scissor|p1a: Gardevoir
|-crit|p1a: Gardevoir
|-damage|p1a: Gardevoir|0 fnt
|faint|p1a: Gardevoir
|-damage|p2a: Cut|91/100|[from] item: Life Orb
|
|upkeep
|
|t:|1760356218
|switch|p1a: Armarouge|Armarouge, M|100/100
|turn|2
|
|t:|1760356224
|move|p1a: Armarouge|Energy Ball|p2a: Cut
|-supereffective|p2a: Cut
|-damage|p2a: Cut|0 fnt
|faint|p2a: Cut
|
|upkeep
|
|t:|1760356242
|switch|p2a: Kroger|Ogerpon-Wellspring, F|100/100
|turn|3
|
|t:|1760356248
|switch|p1a: Clawitzer|Clawitzer, F|100/100
|move|p2a: Kroger|Ivy Cudgel|p1a: Clawitzer|[anim] Ivy Cudgel Water
|-resisted|p1a: Clawitzer
|-crit|p1a: Clawitzer
|-damage|p1a: Clawitzer|48/100
|
|upkeep
|turn|4
|
|t:|1760356270
|move|p2a: Kroger|Trailblaze|p1a: Clawitzer
|-supereffective|p1a: Clawitzer
|-damage|p1a: Clawitzer|0 fnt
|-boost|p2a: Kroger|spe|1
|faint|p1a: Clawitzer
|
|upkeep
|
|t:|1760356278
|switch|p1a: Polteageist|Polteageist-Antique|100/100
|turn|5
|
|t:|1760356287
|move|p2a: Kroger|Knock Off|p1a: Polteageist
|-supereffective|p1a: Polteageist
|-enditem|p1a: Polteageist|Focus Sash
|-damage|p1a: Polteageist|1/100
|-ability|p1a: Polteageist|Weak Armor|boost
|-unboost|p1a: Polteageist|def|1
|-boost|p1a: Polteageist|spe|2
|move|p1a: Polteageist|Shell Smash|p1a: Polteageist
|-unboost|p1a: Polteageist|def|1
|-unboost|p1a: Polteageist|spd|1
|-boost|p1a: Polteageist|atk|2
|-boost|p1a: Polteageist|spa|2
|-boost|p1a: Polteageist|spe|2
|
|upkeep
|turn|6
|
|t:|1760356300
|move|p1a: Polteageist|Stored Power|p2a: Kroger
|-damage|p2a: Kroger|0 fnt
|faint|p2a: Kroger
|
|upkeep
|
|t:|1760356306
|switch|p2a: The House|Kingambit, F, shiny|100/100
|-activate|p2a: The House|ability: Supreme Overlord
|-start|p2a: The House|fallen2|[silent]
|turn|7
|
|t:|1760356312
|move|p2a: The House|Sucker Punch|p1a: Polteageist
|-supereffective|p1a: Polteageist
|-damage|p1a: Polteageist|0 fnt
|faint|p1a: Polteageist
|
|upkeep
|
|t:|1760356320
|switch|p1a: Armarouge|Armarouge, M|100/100
|turn|8
|
|t:|1760356325
|move|p2a: The House|Sucker Punch|p1a: Armarouge
|-supereffective|p1a: Armarouge
|-damage|p1a: Armarouge|0 fnt
|faint|p1a: Armarouge
|
|upkeep
|
|t:|1760356338
|switch|p1a: Gholdengo|Gholdengo|100/100
|-item|p1a: Gholdengo|Air Balloon
|turn|9
|
|t:|1760356351
|move|p2a: The House|Sucker Punch|p1a: Gholdengo
|-supereffective|p1a: Gholdengo
|-damage|p1a: Gholdengo|0 fnt
|-enditem|p1a: Gholdengo|Air Balloon
|faint|p1a: Gholdengo
|
|upkeep
|
|t:|1760356358
|switch|p1a: Iron Crown|Iron Crown|100/100
|-enditem|p1a: Iron Crown|Booster Energy
|-activate|p1a: Iron Crown|ability: Quark Drive|[fromitem]
|-start|p1a: Iron Crown|quarkdrivespa
|turn|10
|
|t:|1760356366
|-terastallize|p1a: Iron Crown|Flying
|move|p1a: Iron Crown|Focus Blast|p2a: The House
|-supereffective|p2a: The House
|-damage|p2a: The House|0 fnt
|faint|p2a: The House
|-end|p2a: The House|fallen2|[silent]
|
|upkeep
|
|t:|1760356374
|switch|p2a: MONEY MONEY MONEY|Gholdengo, shiny|100/100
|turn|11
|
|t:|1760356380
|move|p2a: MONEY MONEY MONEY|Make It Rain|p1a: Iron Crown
|-damage|p1a: Iron Crown|33/100
|-unboost|p2a: MONEY MONEY MONEY|spa|1
|move|p1a: Iron Crown|Tachyon Cutter|p2a: MONEY MONEY MONEY
|-resisted|p2a: MONEY MONEY MONEY
|-damage|p2a: MONEY MONEY MONEY|80/100
|-resisted|p2a: MONEY MONEY MONEY
|-damage|p2a: MONEY MONEY MONEY|62/100
|-hitcount|p2a: MONEY MONEY MONEY|2
|
|upkeep
|turn|12
|
|t:|1760356392
|move|p2a: MONEY MONEY MONEY|Make It Rain|p1a: Iron Crown
|-damage|p1a: Iron Crown|0 fnt
|-unboost|p2a: MONEY MONEY MONEY|spa|1
|faint|p1a: Iron Crown
|-end|p1a: Iron Crown|Quark Drive|[silent]
|
|win|hylo pump
|raw|salaflyxd's rating: 1187 &rarr; <strong>1164</strong><br />(-23 for losing)
|raw|hylo pump's rating: 1217 &rarr; <strong>1240</strong><br />(+23 for winning)
|l|☆salaflyxd
|player|p1|
