|j|☆YJIOG
|j|☆walkemdowndonny
|t:|1760409170
|gametype|singles
|player|p1|YJIOG|scientist-gen4dp|1180
|player|p2|walkemdowndonny|170|1177
|gen|9
|tier|[Gen 9] OU
|rated|
|rule|HP Percentage Mod: HP is shown in percentages
|rule|Endless Battle Clause: Forcing endless battles is banned
|rule|Species Clause: Limit one of each Pokémon
|rule|OHKO Clause: OHKO moves are banned
|rule|Evasion Items Clause: Evasion items are banned
|rule|Evasion Moves Clause: Evasion moves are banned
|rule|Evasion Abilities Clause: Evasion abilities are banned
|rule|Sleep Moves Clause: Sleep-inducing moves are banned
|clearpoke
|poke|p1|Electivire, F|
|poke|p1|Alomomola, M|
|poke|p1|Dragapult, M|
|poke|p1|Hydrapple, F|
|poke|p1|Great Tusk|
|poke|p1|Goodra-Hisui, M|
|poke|p2|Raging Bolt|
|poke|p2|Iron Treads|
|poke|p2|Ting-Lu|
|poke|p2|Gholdengo|
|poke|p2|Zamazenta-*|
|poke|p2|Tornadus-Therian, M|
|teampreview
|
|t:|1760409177
|teamsize|p1|6
|teamsize|p2|6
|start
|switch|p1a: Great Tusk|Great Tusk|100/100
|switch|p2a: Ting-Lu|Ting-Lu|100/100
|-ability|p2a: Ting-Lu|Vessel of Ruin
|turn|1
|inactive|Battle timer is ON: inactive players will automatically lose when time's up. (requested by YJIOG)
|
|t:|1760409185
|move|p1a: Great Tusk|Ice Spinner|p2a: Ting-Lu
|-supereffective|p2a: Ting-Lu
|-damage|p2a: Ting-Lu|70/100
|-enditem|p2a: Ting-Lu|Weakness Policy
|-boost|p2a: Ting-Lu|atk|2|[from] item: Weakness Policy
|-boost|p2a: Ting-Lu|spa|2|[from] item: Weakness Policy
|move|p2a: Ting-Lu|Stealth Rock|p1a: Great Tusk
|-sidestart|p1: YJIOG|move: Stealth Rock
|
|upkeep
|turn|2
|
|t:|1760409196
|move|p1a: Great Tusk|Rapid Spin|p2a: Ting-Lu
|-damage|p2a: Ting-Lu|61/100
|-boost|p1a: Great Tusk|spe|1
|-sideend|p1: YJIOG|Stealth Rock|[from] move: Rapid Spin|[of] p1a: Great Tusk
|move|p2a: Ting-Lu|Earthquake|p1a: Great Tusk
|-damage|p1a: Great Tusk|30/100
|
|upkeep
|turn|3
|
|t:|1760409209
|-end|p1a: Great Tusk|Protosynthesis|[silent]
|switch|p1a: Hydrapple|Hydrapple, F|100/100
|move|p2a: Ting-Lu|Ruination|p1a: Hydrapple
|-damage|p1a: Hydrapple|50/100
|
|upkeep
|turn|4
|
|t:|1760409219
|move|p2a: Ting-Lu|Earthquake|p1a: Hydrapple
|-resisted|p1a: Hydrapple
|-damage|p1a: Hydrapple|23/100
|move|p1a: Hydrapple|Giga Drain|p2a: Ting-Lu
|-supereffective|p2a: Ting-Lu
|-damage|p2a: Ting-Lu|30/100
|-heal|p1a: Hydrapple|43/100|[from] drain|[of] p2a: Ting-Lu
|
|upkeep
|turn|5
|
|t:|1760409245
|-terastallize|p2a: Ting-Lu|Water
|move|p2a: Ting-Lu|Stealth Rock|p1a: Hydrapple
|-sidestart|p1: YJIOG|move: Stealth Rock
|move|p1a: Hydrapple|Giga Drain|p2a: Ting-Lu
|-supereffective|p2a: Ting-Lu
|-damage|p2a: Ting-Lu|0 fnt
|-heal|p1a: Hydrapple|61/100|[from] drain|[of] p2a: Ting-Lu
|faint|p2a: Ting-Lu
|
|upkeep
|inactive|walkemdowndonny has 120 seconds left.
|c|☆YJIOG|?
|c|☆YJIOG|What did that accomplish
|
|t:|1760409276
|switch|p2a: Tornadus|Tornadus-Therian, M|100/100
|turn|6
|
|t:|1760409283
|switch|p1a: Goodra|Goodra-Hisui, M|100/100
|-damage|p1a: Goodra|94/100|[from] Stealth Rock
|move|p2a: Tornadus|Nasty Plot|p2a: Tornadus
|-boost|p2a: Tornadus|spa|2
|
|upkeep
|turn|7
|inactive|walkemdowndonny has 90 seconds left.
|
|t:|1760409313
|move|p2a: Tornadus|Bleakwind Storm|p1a: Goodra|[miss]
|-miss|p2a: Tornadus|p1a: Goodra
|move|p1a: Goodra|Knock Off|p2a: Tornadus
|-damage|p2a: Tornadus|65/100
|-enditem|p2a: Tornadus|Life Orb|[from] move: Knock Off|[of] p1a: Goodra
|
|upkeep
|turn|8
|inactive|walkemdowndonny has 90 seconds left.
|
|t:|1760409321
|move|p2a: Tornadus|Focus Blast|p1a: Goodra
|-supereffective|p1a: Goodra
|-damage|p1a: Goodra|43/100
|move|p1a: Goodra|Flash Cannon|p2a: Tornadus
|-damage|p2a: Tornadus|28/100
|
|upkeep
|turn|9
|
|t:|1760409341
|move|p2a: Tornadus|Bleakwind Storm|p1a: Goodra
|-resisted|p1a: Goodra
|-damage|p1a: Goodra|25/100
|-unboost|p1a: Goodra|spe|1
|move|p1a: Goodra|Flash Cannon|p2a: Tornadus
|-damage|p2a: Tornadus|0 fnt
|faint|p2a: Tornadus
|
|upkeep
|c|☆walkemdowndonny|damn dumb move
|inactive|walkemdowndonny has 90 seconds left.
|
|t:|1760409360
|switch|p2a: Zamazenta|Zamazenta|100/100
|-ability|p2a: Zamazenta|Dauntless Shield|boost
|-boost|p2a: Zamazenta|def|1
|turn|10
|inactive|walkemdowndonny has 90 seconds left.
|
|t:|1760409367
|switch|p1a: Alomomola|Alomomola, M|100/100
|move|p2a: Zamazenta|Body Press|p1a: Alomomola
|-damage|p1a: Alomomola|68/100
|
|upkeep
|turn|11
|inactive|walkemdowndonny has 90 seconds left.
|
|t:|1760409379
|move|p1a: Alomomola|Scald|p2a: Zamazenta
|-damage|p2a: Zamazenta|89/100
|move|p2a: Zamazenta|Roar|p1a: Alomomola
|drag|p1a: Hydrapple|Hydrapple, F|94/100
|
|-heal|p2a: Zamazenta|95/100|[from] item: Leftovers
|upkeep
|turn|12
|inactive|walkemdowndonny has 90 seconds left.
|
|t:|1760409398
|move|p2a: Zamazenta|Body Press|p1a: Hydrapple
|-damage|p1a: Hydrapple|61/100
|move|p1a: Hydrapple|Nasty Plot|p1a: Hydrapple
|-boost|p1a: Hydrapple|spa|2
|
|-heal|p2a: Zamazenta|100/100|[from] item: Leftovers
|upkeep
|turn|13
|inactive|walkemdowndonny has 90 seconds left.
|
|t:|1760409416
|move|p2a: Zamazenta|Crunch|p1a: Hydrapple
|-crit|p1a: Hydrapple
|-damage|p1a: Hydrapple|44/100
|move|p1a: Hydrapple|Giga Drain|p2a: Zamazenta
|-damage|p2a: Zamazenta|42/100
|-heal|p1a: Hydrapple|67/100|[from] drain|[of] p2a: Zamazenta
|
|-heal|p2a: Zamazenta|48/100|[from] item: Leftovers
|upkeep
|turn|14
|inactive|walkemdowndonny has 90 seconds left.
|
|t:|1760409429
|move|p1a: Hydrapple|Giga Drain|p2a: Zamazenta
|-damage|p2a: Zamazenta|0 fnt
|-heal|p1a: Hydrapple|86/100|[from] drain|[of] p2a: Zamazenta
|faint|p2a: Zamazenta
|
|upkeep
|
|t:|1760409437
|switch|p2a: Iron Treads|Iron Treads|100/100
|-enditem|p2a: Iron Treads|Booster Energy
|-activate|p2a: Iron Treads|ability: Quark Drive|[fromitem]
|-start|p2a: Iron Treads|quarkdrivespe
|turn|15
|inactive|walkemdowndonny has 90 seconds left.
|
|t:|1760409455
|-end|p2a: Iron Treads|Quark Drive|[silent]
|switch|p2a: Raging Bolt|Raging Bolt|100/100
|-enditem|p2a: Raging Bolt|Booster Energy
|-activate|p2a: Raging Bolt|ability: Protosynthesis|[fromitem]
|-start|p2a: Raging Bolt|protosynthesisspa
|move|p1a: Hydrapple|Earth Power|p2a: Raging Bolt
|-supereffective|p2a: Raging Bolt
|-damage|p2a: Raging Bolt|16/100
|
|upkeep
|turn|16
|c|☆YJIOG|????
|c|☆walkemdowndonny|rip
|
|t:|1760409475
|switch|p1a: Goodra|Goodra-Hisui, M|25/100
|-damage|p1a: Goodra|19/100|[from] Stealth Rock
|move|p2a: Raging Bolt|Dragon Pulse|p1a: Goodra
|-damage|p1a: Goodra|0 fnt
|faint|p1a: Goodra
|
|upkeep
|
|t:|1760409483
|switch|p1a: Great Tusk|Great Tusk|30/100
|turn|17
|
|t:|1760409498
|move|p1a: Great Tusk|Ice Spinner|p2a: Raging Bolt
|-supereffective|p2a: Raging Bolt
|-damage|p2a: Raging Bolt|0 fnt
|faint|p2a: Raging Bolt
|-end|p2a: Raging Bolt|Protosynthesis|[silent]
|
|upkeep
|c|☆walkemdowndonny|5ever in my heart
|
|t:|1760409510
|switch|p2a: Iron Treads|Iron Treads|100/100
|turn|18
|
|t:|1760409525
|-end|p1a: Great Tusk|Protosynthesis|[silent]
|switch|p1a: Alomomola|Alomomola, M|100/100
|move|p2a: Iron Treads|Stone Edge|p1a: Alomomola
|-crit|p1a: Alomomola
|-damage|p1a: Alomomola|76/100
|
|upkeep
|turn|19
|
|t:|1760409533
|-end|p2a: Iron Treads|Quark Drive|[silent]
|switch|p2a: Gholdengo|Gholdengo|100/100
|-item|p2a: Gholdengo|Air Balloon
|move|p1a: Alomomola|Wish|p1a: Alomomola
|
|upkeep
|turn|20
|
|t:|1760409548
|move|p2a: Gholdengo|Shadow Ball|p1a: Alomomola
|-damage|p1a: Alomomola|28/100
|move|p1a: Alomomola|Flip Turn|p2a: Gholdengo
|-damage|p2a: Gholdengo|84/100
|-enditem|p2a: Gholdengo|Air Balloon
|
|t:|1760409555
|switch|p1a: Great Tusk|Great Tusk|30/100|[from] Flip Turn
|
|-heal|p1a: Great Tusk|100/100|[from] move: Wish|[wisher] Alomomola
|upkeep
|turn|21
|c|☆YJIOG|Gg
|
|t:|1760409566
|move|p1a: Great Tusk|Headlong Rush|p2a: Gholdengo
|-supereffective|p2a: Gholdengo
|-damage|p2a: Gholdengo|0 fnt
|-unboost|p1a: Great Tusk|def|1
|-unboost|p1a: Great Tusk|spd|1
|faint|p2a: Gholdengo
|
|upkeep
|c|☆walkemdowndonny|gg
|
|t:|1760409572
|switch|p2a: Iron Treads|Iron Treads|100/100
|turn|22
|-message|walkemdowndonny forfeited.
|
|win|YJIOG
|raw|YJIOG's rating: 1180 &rarr; <strong>1205</strong><br />(+25 for winning)
|raw|walkemdowndonny's rating: 1177 &rarr; <strong>1152</strong><br />(-25 for losing)
|l|☆walkemdowndonny
|player|p2|
