|j|☆Jdawg_2100
|j|☆EdrenalineKick
|t:|1760367582
|gametype|singles
|player|p1|Jdawg_2100|hilbert|1355
|player|p2|EdrenalineKick|265|1414
|gen|9
|tier|[Gen 9] OU
|rated|
|rule|HP Percentage Mod: HP is shown in percentages
|rule|Endless Battle Clause: Forcing endless battles is banned
|rule|Species Clause: Limit one of each Pokémon
|rule|OHKO Clause: OHKO moves are banned
|rule|Evasion Items Clause: Evasion items are banned
|rule|Evasion Moves Clause: Evasion moves are banned
|rule|Evasion Abilities Clause: Evasion abilities are banned
|rule|Sleep Moves Clause: Sleep-inducing moves are banned
|clearpoke
|poke|p1|Ribombee, M|
|poke|p1|Iron Valiant|
|poke|p1|Luxray, M|
|poke|p1|Kingambit, M|
|poke|p1|Great Tusk|
|poke|p1|Meowscarada, M|
|poke|p2|Great Tusk|
|poke|p2|Heatran, M|
|poke|p2|Weavile, M|
|poke|p2|Primarina, M|
|poke|p2|Ogerpon, F|
|poke|p2|Pecharunt|
|teampreview
|inactive|Battle timer is ON: inactive players will automatically lose when time's up. (requested by Jdawg_2100)
|c|☆Jdawg_2100|glhf
|c|☆EdrenalineKick|glhf
|
|t:|1760367608
|teamsize|p1|6
|teamsize|p2|6
|start
|switch|p1a: Meowscarada|Meowscarada, M, shiny|100/100
|switch|p2a: Chaos|Heatran, M, shiny|100/100
|-item|p2a: Chaos|Air Balloon
|turn|1
|
|t:|1760367620
|move|p1a: Meowscarada|U-turn|p2a: Chaos
|-start|p1a: Meowscarada|typechange|Bug|[from] ability: Protean
|-resisted|p2a: Chaos
|-damage|p2a: Chaos|88/100
|-enditem|p2a: Chaos|Air Balloon
|
|t:|1760367626
|switch|p1a: Great Tusk|Great Tusk, shiny|100/100|[from] U-turn
|move|p2a: Chaos|Magma Storm|p1a: Great Tusk
|-damage|p1a: Great Tusk|36/100
|-activate|p1a: Great Tusk|move: Magma Storm|[of] p2a: Chaos
|
|-heal|p1a: Great Tusk|42/100|[from] item: Leftovers
|-damage|p1a: Great Tusk|29/100|[from] move: Magma Storm|[partiallytrapped]
|upkeep
|turn|2
|
|t:|1760367641
|switch|p2a: Anonymous|Ogerpon, F|100/100
|move|p1a: Great Tusk|Knock Off|p2a: Anonymous
|-crit|p2a: Anonymous
|-damage|p2a: Anonymous|45/100
|-enditem|p2a: Anonymous|Choice Band|[from] move: Knock Off|[of] p1a: Great Tusk
|
|-heal|p1a: Great Tusk|36/100|[from] item: Leftovers
|-end|p1a: Great Tusk|Magma Storm|[partiallytrapped]|[silent]
|upkeep
|turn|3
|c|☆Jdawg_2100|TEEHEE
|
|t:|1760367659
|-end|p1a: Great Tusk|Protosynthesis|[silent]
|switch|p1a: Meowscarada|Meowscarada, M, shiny|100/100
|move|p2a: Anonymous|Ivy Cudgel|p1a: Meowscarada
|-resisted|p1a: Meowscarada
|-damage|p1a: Meowscarada|63/100
|
|upkeep
|turn|4
|
|t:|1760367672
|-terastallize|p2a: Anonymous|Grass
|detailschange|p2a: Anonymous|Ogerpon-Teal-Tera, F, tera:Grass
|-ability|p2a: Anonymous|Embody Aspect (Teal)|boost
|-boost|p2a: Anonymous|spe|1
|move|p2a: Anonymous|U-turn|p1a: Meowscarada
|-supereffective|p1a: Meowscarada
|-damage|p1a: Meowscarada|0 fnt
|faint|p1a: Meowscarada
|c|☆Jdawg_2100|smart
|
|t:|1760367682
|switch|p2a: Overseer|Pecharunt|100/100|[from] U-turn
|
|upkeep
|
|t:|1760367686
|switch|p1a: Ribombee|Ribombee, M|100/100
|turn|5
|
|t:|1760367689
|move|p1a: Ribombee|Sticky Web|p2a: Overseer
|-sidestart|p2: EdrenalineKick|move: Sticky Web
|move|p2a: Overseer|Malignant Chain|p1a: Ribombee
|-supereffective|p1a: Ribombee
|-damage|p1a: Ribombee|1/100
|
|upkeep
|turn|6
|
|t:|1760367695
|move|p1a: Ribombee|U-turn|p2a: Overseer
|-resisted|p2a: Overseer
|-damage|p2a: Overseer|99/100
|-damage|p1a: Ribombee|0 fnt|[from] item: Rocky Helmet|[of] p2a: Overseer
|faint|p1a: Ribombee
|move|p2a: Overseer|Shadow Ball|p1: Ribombee|[notarget]
|-fail|p2a: Overseer
|
|upkeep
|
|t:|1760367698
|switch|p1a: Kingambit|Kingambit, M, shiny|100/100
|-activate|p1a: Kingambit|ability: Supreme Overlord
|-start|p1a: Kingambit|fallen2|[silent]
|turn|7
|
|t:|1760367708
|move|p2a: Overseer|Parting Shot|p1a: Kingambit
|-unboost|p1a: Kingambit|atk|1
|-unboost|p1a: Kingambit|spa|1
|
|t:|1760367711
|switch|p2a: Behemoth|Great Tusk, shiny|100/100|[from] Parting Shot
|move|p1a: Kingambit|Kowtow Cleave|p2a: Behemoth
|-resisted|p2a: Behemoth
|-damage|p2a: Behemoth|84/100
|
|upkeep
|turn|8
|
|t:|1760367723
|-end|p1a: Kingambit|fallen2|[silent]
|switch|p1a: Iron Valiant|Iron Valiant, shiny|100/100
|-enditem|p1a: Iron Valiant|Booster Energy
|-activate|p1a: Iron Valiant|ability: Quark Drive|[fromitem]
|-start|p1a: Iron Valiant|quarkdrivespe
|move|p2a: Behemoth|Rapid Spin|p1a: Iron Valiant
|-damage|p1a: Iron Valiant|77/100
|-boost|p2a: Behemoth|spe|1
|-sideend|p2: EdrenalineKick|Sticky Web|[from] move: Rapid Spin|[of] p2a: Behemoth
|
|upkeep
|turn|9
|
|t:|1760367740
|-end|p2a: Behemoth|Protosynthesis|[silent]
|switch|p2a: Overseer|Pecharunt|99/100
|move|p1a: Iron Valiant|Moonblast|p2a: Overseer
|-resisted|p2a: Overseer
|-damage|p2a: Overseer|75/100
|
|upkeep
|turn|10
|
|t:|1760367748
|-end|p1a: Iron Valiant|Quark Drive|[silent]
|switch|p1a: Great Tusk|Great Tusk, shiny|36/100
|move|p2a: Overseer|Malignant Chain|p1a: Great Tusk
|-resisted|p1a: Great Tusk
|-damage|p1a: Great Tusk|17/100
|
|-heal|p1a: Great Tusk|23/100|[from] item: Leftovers
|upkeep
|turn|11
|
|t:|1760367760
|-end|p1a: Great Tusk|Protosynthesis|[silent]
|switch|p1a: Luxray|Luxray, M, shiny|100/100
|move|p2a: Overseer|Shadow Ball|p1a: Luxray
|-damage|p1a: Luxray|68/100
|-unboost|p1a: Luxray|spd|1
|
|-status|p1a: Luxray|brn|[from] item: Flame Orb
|upkeep
|turn|12
|
|t:|1760367768
|move|p1a: Luxray|Crunch|p2a: Overseer
|-supereffective|p2a: Overseer
|-damage|p2a: Overseer|33/100
|-damage|p1a: Luxray|51/100 brn|[from] item: Rocky Helmet|[of] p2a: Overseer
|move|p2a: Overseer|Shadow Ball|p1a: Luxray
|-damage|p1a: Luxray|0 fnt
|faint|p1a: Luxray
|
|upkeep
|
|t:|1760367774
|switch|p1a: Kingambit|Kingambit, M, shiny|100/100
|-activate|p1a: Kingambit|ability: Supreme Overlord
|-start|p1a: Kingambit|fallen3|[silent]
|turn|13
|
|t:|1760367784
|move|p2a: Overseer|Parting Shot|p1a: Kingambit
|-unboost|p1a: Kingambit|atk|1
|-unboost|p1a: Kingambit|spa|1
|
|t:|1760367788
|switch|p2a: Behemoth|Great Tusk, shiny|84/100|[from] Parting Shot
|move|p1a: Kingambit|Kowtow Cleave|p2a: Behemoth
|-resisted|p2a: Behemoth
|-damage|p2a: Behemoth|65/100
|
|upkeep
|turn|14
|
|t:|1760367794
|-end|p1a: Kingambit|fallen3|[silent]
|switch|p1a: Iron Valiant|Iron Valiant, shiny|77/100
|move|p2a: Behemoth|Headlong Rush|p1a: Iron Valiant
|-damage|p1a: Iron Valiant|2/100
|-unboost|p2a: Behemoth|def|1
|-unboost|p2a: Behemoth|spd|1
|
|upkeep
|turn|15
|
|t:|1760367805
|-end|p2a: Behemoth|Protosynthesis|[silent]
|switch|p2a: Overseer|Pecharunt|33/100
|move|p1a: Iron Valiant|Shadow Ball|p2a: Overseer
|-supereffective|p2a: Overseer
|-damage|p2a: Overseer|0 fnt
|faint|p2a: Overseer
|
|upkeep
|
|t:|1760367812
|switch|p2a: Anonymous|Ogerpon-Teal-Tera, F, tera:Grass|45/100
|-ability|p2a: Anonymous|Embody Aspect (Teal)|boost
|-boost|p2a: Anonymous|spe|1
|turn|16
|
|t:|1760367816
|move|p2a: Anonymous|U-turn|p1a: Iron Valiant
|-resisted|p1a: Iron Valiant
|-damage|p1a: Iron Valiant|0 fnt
|faint|p1a: Iron Valiant
|-end|p1a: Iron Valiant|Quark Drive|[silent]
|
|t:|1760367820
|switch|p2a: Behemoth|Great Tusk, shiny|65/100|[from] U-turn
|
|upkeep
|-message|Jdawg_2100 forfeited.
|
|win|EdrenalineKick
|raw|Jdawg_2100's rating: 1355 &rarr; <strong>1338</strong><br />(-17 for losing)
|raw|EdrenalineKick's rating: 1414 &rarr; <strong>1431</strong><br />(+17 for winning)
|c|☆Jdawg_2100|bleh
|l|☆Jdawg_2100
|player|p1|
|l|☆EdrenalineKick
|player|p2|
