|inactive|Battle timer is ON: inactive players will automatically lose when time's up.
|t:|1760378428
|gametype|singles
|player|p1|Electric win|#electricwin|
|player|p2|clean|lyra|
|gen|9
|tier|[Gen 9] OU
|rule|HP Percentage Mod: HP is shown in percentages
|rule|Endless Battle Clause: Forcing endless battles is banned
|rule|Species Clause: Limit one of each Pokémon
|rule|OHKO Clause: OHKO moves are banned
|rule|Evasion Items Clause: Evasion items are banned
|rule|Evasion Moves Clause: Evasion moves are banned
|rule|Evasion Abilities Clause: Evasion abilities are banned
|rule|Sleep Moves Clause: Sleep-inducing moves are banned
|clearpoke
|poke|p1|Skarmory, F|
|poke|p1|Gliscor, F|
|poke|p1|Amoonguss, M|
|poke|p1|Clodsire, F|
|poke|p1|Clefable, M|
|poke|p1|Blissey, F|
|poke|p2|Samurott-Hisui, F|
|poke|p2|Great Tusk|
|poke|p2|Hatterene, F|
|poke|p2|Gholdengo|
|poke|p2|Kyurem|
|poke|p2|Dragonite, F|
|teampreview
|inactive|clean also wants the timer to be on.
|c|☆Electric win|Hf
|c|☆clean|u2
|inactive|Electric win has 270 seconds left.
|inactive|clean has 270 seconds left.
|
|t:|1760378485
|teamsize|p1|6
|teamsize|p2|6
|start
|switch|p1a: The Fool|Amoonguss, M, shiny|100/100
|switch|p2a: Kyurem|Kyurem|100/100
|-ability|p2a: Kyurem|Pressure
|turn|1
|
|t:|1760378502
|switch|p2a: Gholdengo|Gholdengo|100/100
|move|p1a: The Fool|Toxic|p2a: Gholdengo
|-immune|p2a: Gholdengo|[from] ability: Good as Gold
|
|upkeep
|turn|2
|
|t:|1760378504
|switch|p1a: Angel born in Hell|Blissey, F|100/100
|move|p2a: Gholdengo|Trick|p1a: Angel born in Hell
|-activate|p2a: Gholdengo|move: Trick|[of] p1a: Angel born in Hell
|-item|p1a: Angel born in Hell|Choice Scarf|[from] move: Trick
|-item|p2a: Gholdengo|Heavy-Duty Boots|[from] move: Trick
|
|upkeep
|turn|3
|
|t:|1760378512
|switch|p2a: Hatterene|Hatterene, F|100/100
|move|p1a: Angel born in Hell|Trick|p2a: Hatterene
|-activate|p1a: Angel born in Hell|move: Trick|[of] p2a: Hatterene
|-item|p2a: Hatterene|Choice Scarf|[from] move: Trick
|-item|p1a: Angel born in Hell|Rocky Helmet|[from] move: Trick
|
|upkeep
|turn|4
|c|☆clean|thats insane
|inactive|clean has 270 seconds left.
|c|+Isza|0-nah
|inactive|Electric win has 270 seconds left.
|c|+BUNDY|LOL
|
|t:|1760378568
|switch|p2a: Great Tusk|Great Tusk|100/100
|move|p1a: Angel born in Hell|Light Screen|p1a: Angel born in Hell
|-sidestart|p1: Electric win|move: Light Screen
|
|upkeep
|turn|5
|inactive|Electric win has 270 seconds left.
|
|t:|1760378583
|switch|p1a: The Fool|Amoonguss, M, shiny|100/100
|move|p2a: Great Tusk|Stealth Rock|p1a: The Fool
|-sidestart|p1: Electric win|move: Stealth Rock
|
|upkeep
|turn|6
|
|t:|1760378588
|-end|p2a: Great Tusk|Protosynthesis|[silent]
|switch|p2a: Gholdengo|Gholdengo|100/100
|move|p1a: The Fool|Toxic|p2a: Gholdengo
|-immune|p2a: Gholdengo|[from] ability: Good as Gold
|
|upkeep
|turn|7
|
|t:|1760378599
|move|p2a: Gholdengo|Shadow Ball|p1a: The Fool
|-damage|p1a: The Fool|82/100
|move|p1a: The Fool|Stomping Tantrum|p2a: Gholdengo
|-supereffective|p2a: Gholdengo
|-damage|p2a: Gholdengo|34/100
|
|upkeep
|turn|8
|
|t:|1760378607
|switch|p1a: The Greatest Decoy|Clodsire, F|100/100
|move|p2a: Gholdengo|Recover|p2a: Gholdengo
|-heal|p2a: Gholdengo|85/100
|
|-sideend|p1: Electric win|move: Light Screen
|upkeep
|turn|9
|inactive|clean has 270 seconds left.
|
|t:|1760378636
|switch|p2a: Samurott|Samurott-Hisui, F|100/100
|move|p1a: The Greatest Decoy|Gunk Shot|p2a: Samurott
|-damage|p2a: Samurott|63/100
|
|upkeep
|turn|10
|inactive|Electric win has 270 seconds left.
|
|t:|1760378677
|switch|p1a: The Fool|Amoonguss, M, shiny|100/100
|move|p2a: Samurott|Knock Off|p1a: The Fool
|-damage|p1a: The Fool|73/100
|-enditem|p1a: The Fool|Heavy-Duty Boots|[from] move: Knock Off|[of] p2a: Samurott
|
|upkeep
|turn|11
|
|t:|1760378697
|switch|p2a: Gholdengo|Gholdengo|85/100
|switch|p1a: The Greatest Decoy|Clodsire, F|100/100
|
|upkeep
|turn|12
|
|t:|1760378705
|switch|p2a: Great Tusk|Great Tusk|100/100
|move|p1a: The Greatest Decoy|Gunk Shot|p2a: Great Tusk
|-resisted|p2a: Great Tusk
|-damage|p2a: Great Tusk|92/100
|
|upkeep
|turn|13
|inactive|clean has 270 seconds left.
|inactive|Electric win has 240 seconds left.
|
|t:|1760378748
|-end|p2a: Great Tusk|Protosynthesis|[silent]
|switch|p2a: Hatterene|Hatterene, F|100/100
|switch|p1a: The Fool|Amoonguss, M, shiny|100/100
|-damage|p1a: The Fool|88/100|[from] Stealth Rock
|
|upkeep
|turn|14
|inactive|Electric win has 240 seconds left.
|
|t:|1760378759
|switch|p1a: Hero of Hell|Gliscor, F, shiny|100/100
|-damage|p1a: Hero of Hell|88/100|[from] Stealth Rock
|move|p2a: Hatterene|Psychic Noise|p1a: Hero of Hell
|-damage|p1a: Hero of Hell|44/100
|-start|p1a: Hero of Hell|move: Heal Block
|
|-status|p1a: Hero of Hell|tox|[from] item: Toxic Orb
|upkeep
|turn|15
|
|t:|1760378762
|move|p1a: Hero of Hell|Protect|p1a: Hero of Hell
|-singleturn|p1a: Hero of Hell|Protect
|move|p2a: Hatterene|Psychic Noise|p1a: Hero of Hell
|-activate|p1a: Hero of Hell|move: Protect
|
|-end|p1a: Hero of Hell|move: Heal Block
|upkeep
|turn|16
|
|t:|1760378765
|switch|p1a: Angel born in Hell|Blissey, F|100/100
|-damage|p1a: Angel born in Hell|88/100|[from] Stealth Rock
|move|p2a: Hatterene|Psychic Noise|p1a: Angel born in Hell
|-damage|p1a: Angel born in Hell|77/100
|-start|p1a: Angel born in Hell|move: Heal Block
|
|upkeep
|turn|17
|
|t:|1760378771
|switch|p2a: Kyurem|Kyurem|100/100
|-ability|p2a: Kyurem|Pressure
|move|p1a: Angel born in Hell|Light Screen|p1a: Angel born in Hell
|-sidestart|p1: Electric win|move: Light Screen
|
|-end|p1a: Angel born in Hell|move: Heal Block
|upkeep
|turn|18
|
|t:|1760378776
|switch|p1a: Flaw of the World|Clefable, M, shiny|100/100
|move|p2a: Kyurem|Substitute|p2a: Kyurem
|-start|p2a: Kyurem|Substitute
|-damage|p2a: Kyurem|76/100
|
|upkeep
|turn|19
|
|t:|1760378793
|-terastallize|p2a: Kyurem|Ice
|move|p2a: Kyurem|Icicle Spear|p1a: Flaw of the World
|-damage|p1a: Flaw of the World|86/100
|-damage|p1a: Flaw of the World|73/100
|-damage|p1a: Flaw of the World|58/100
|-damage|p1a: Flaw of the World|45/100
|-hitcount|p1a: Flaw of the World|4
|move|p1a: Flaw of the World|Moonblast|p2a: Kyurem
|-end|p2a: Kyurem|Substitute
|
|upkeep
|turn|20
|inactive|Electric win has 270 seconds left.
|inactive|Electric win has 240 seconds left.
|
|t:|1760378857
|move|p2a: Kyurem|Icicle Spear|p1a: Flaw of the World
|-damage|p1a: Flaw of the World|30/100
|-damage|p1a: Flaw of the World|17/100
|-damage|p1a: Flaw of the World|2/100
|-crit|p1a: Flaw of the World
|-damage|p1a: Flaw of the World|0 fnt
|faint|p1a: Flaw of the World
|-hitcount|p1: Flaw of the World|4
|
|upkeep
|
|t:|1760378860
|switch|p1a: The Man of Steel|Skarmory, F|100/100
|-damage|p1a: The Man of Steel|88/100|[from] Stealth Rock
|turn|21
|
|t:|1760378867
|switch|p2a: Hatterene|Hatterene, F|100/100
|switch|p1a: Hero of Hell|Gliscor, F, shiny|44/100 tox
|-damage|p1a: Hero of Hell|32/100 tox|[from] Stealth Rock
|
|-heal|p1a: Hero of Hell|44/100 tox|[from] ability: Poison Heal
|-sideend|p1: Electric win|move: Light Screen
|upkeep
|turn|22
|
|t:|1760378881
|move|p1a: Hero of Hell|Protect|p1a: Hero of Hell
|-singleturn|p1a: Hero of Hell|Protect
|move|p2a: Hatterene|Psychic Noise|p1a: Hero of Hell
|-activate|p1a: Hero of Hell|move: Protect
|
|-heal|p1a: Hero of Hell|57/100 tox|[from] ability: Poison Heal
|upkeep
|turn|23
|
|t:|1760378891
|switch|p1a: Angel born in Hell|Blissey, F|77/100
|-damage|p1a: Angel born in Hell|65/100|[from] Stealth Rock
|move|p2a: Hatterene|Psychic Noise|p1a: Angel born in Hell
|-damage|p1a: Angel born in Hell|55/100
|-start|p1a: Angel born in Hell|move: Heal Block
|
|upkeep
|turn|24
|
|t:|1760378906
|switch|p2a: Kyurem|Kyurem, tera:Ice|76/100
|-ability|p2a: Kyurem|Pressure
|move|p1a: Angel born in Hell|Seismic Toss|p2a: Kyurem
|-damage|p2a: Kyurem|51/100
|
|-end|p1a: Angel born in Hell|move: Heal Block
|upkeep
|turn|25
|inactive|Electric win has 240 seconds left.
|
|t:|1760378944
|move|p2a: Kyurem|Icicle Spear|p1a: Angel born in Hell
|-crit|p1a: Angel born in Hell
|-damage|p1a: Angel born in Hell|31/100
|-damage|p1a: Angel born in Hell|17/100
|-damage|p1a: Angel born in Hell|1/100
|-damage|p1a: Angel born in Hell|0 fnt
|faint|p1a: Angel born in Hell
|-hitcount|p1: Angel born in Hell|4
|
|upkeep
|
|t:|1760378949
|switch|p1a: The Greatest Decoy|Clodsire, F|100/100
|turn|26
|
|t:|1760378968
|switch|p2a: Great Tusk|Great Tusk|92/100
|-terastallize|p1a: The Greatest Decoy|Steel
|move|p1a: The Greatest Decoy|Stealth Rock|p2a: Great Tusk
|-sidestart|p2: clean|move: Stealth Rock
|
|upkeep
|turn|27
|
|t:|1760378976
|switch|p1a: The Man of Steel|Skarmory, F|88/100
|-damage|p1a: The Man of Steel|76/100|[from] Stealth Rock
|move|p2a: Great Tusk|Rapid Spin|p1a: The Man of Steel
|-resisted|p1a: The Man of Steel
|-damage|p1a: The Man of Steel|72/100
|-boost|p2a: Great Tusk|spe|1
|-damage|p2a: Great Tusk|75/100|[from] item: Rocky Helmet|[of] p1a: The Man of Steel
|-sideend|p2: clean|Stealth Rock|[from] move: Rapid Spin|[of] p2a: Great Tusk
|
|upkeep
|turn|28
|
|t:|1760378984
|-end|p2a: Great Tusk|Protosynthesis|[silent]
|switch|p2a: Gholdengo|Gholdengo|85/100
|move|p1a: The Man of Steel|Roost|p1a: The Man of Steel
|-heal|p1a: The Man of Steel|100/100
|-singleturn|p1a: The Man of Steel|move: Roost
|
|upkeep
|turn|29
|inactive|Electric win has 270 seconds left.
|
|t:|1760378992
|switch|p1a: The Greatest Decoy|Clodsire, F, tera:Steel|100/100
|move|p2a: Gholdengo|Shadow Ball|p1a: The Greatest Decoy
|-damage|p1a: The Greatest Decoy|79/100
|
|upkeep
|turn|30
|
|t:|1760378997
|move|p2a: Gholdengo|Shadow Ball|p1a: The Greatest Decoy
|-damage|p1a: The Greatest Decoy|56/100
|-unboost|p1a: The Greatest Decoy|spd|1
|move|p1a: The Greatest Decoy|Stealth Rock|p2a: Gholdengo
|-sidestart|p2: clean|move: Stealth Rock
|
|upkeep
|turn|31
|
|t:|1760379000
|move|p2a: Gholdengo|Shadow Ball|p1a: The Greatest Decoy
|-crit|p1a: The Greatest Decoy
|-damage|p1a: The Greatest Decoy|3/100
|move|p1a: The Greatest Decoy|Recover|p1a: The Greatest Decoy
|-heal|p1a: The Greatest Decoy|53/100
|
|upkeep
|turn|32
|
|t:|1760379004
|move|p2a: Gholdengo|Shadow Ball|p1a: The Greatest Decoy
|-damage|p1a: The Greatest Decoy|20/100
|move|p1a: The Greatest Decoy|Recover|p1a: The Greatest Decoy
|-heal|p1a: The Greatest Decoy|70/100
|
|upkeep
|turn|33
|
|t:|1760379009
|move|p2a: Gholdengo|Shadow Ball|p1a: The Greatest Decoy
|-damage|p1a: The Greatest Decoy|38/100
|-unboost|p1a: The Greatest Decoy|spd|1
|move|p1a: The Greatest Decoy|Recover|p1a: The Greatest Decoy
|-heal|p1a: The Greatest Decoy|88/100
|
|upkeep
|turn|34
|
|t:|1760379012
|switch|p1a: The Fool|Amoonguss, M, shiny|100/100
|-damage|p1a: The Fool|88/100|[from] Stealth Rock
|move|p2a: Gholdengo|Shadow Ball|p1a: The Fool
|-damage|p1a: The Fool|52/100
|-unboost|p1a: The Fool|spd|1
|
|upkeep
|turn|35
|
|t:|1760379014
|switch|p1a: The Greatest Decoy|Clodsire, F, tera:Steel|88/100
|move|p2a: Gholdengo|Shadow Ball|p1a: The Greatest Decoy
|-damage|p1a: The Greatest Decoy|65/100
|
|upkeep
|turn|36
|
|t:|1760379017
|move|p2a: Gholdengo|Shadow Ball|p1a: The Greatest Decoy
|-damage|p1a: The Greatest Decoy|42/100
|move|p1a: The Greatest Decoy|Recover|p1a: The Greatest Decoy
|-heal|p1a: The Greatest Decoy|92/100
|
|upkeep
|turn|37
|
|t:|1760379019
|move|p2a: Gholdengo|Shadow Ball|p1a: The Greatest Decoy
|-crit|p1a: The Greatest Decoy
|-damage|p1a: The Greatest Decoy|57/100
|move|p1a: The Greatest Decoy|Earthquake|p2a: Gholdengo
|-supereffective|p2a: Gholdengo
|-damage|p2a: Gholdengo|27/100
|
|upkeep
|turn|38
|
|t:|1760379029
|switch|p2a: Great Tusk|Great Tusk|75/100
|-damage|p2a: Great Tusk|72/100|[from] Stealth Rock
|move|p1a: The Greatest Decoy|Recover|p1a: The Greatest Decoy
|-heal|p1a: The Greatest Decoy|100/100
|
|upkeep
|turn|39
|
|t:|1760379034
|switch|p1a: The Man of Steel|Skarmory, F|100/100
|-damage|p1a: The Man of Steel|88/100|[from] Stealth Rock
|move|p2a: Great Tusk|Rapid Spin|p1a: The Man of Steel
|-resisted|p1a: The Man of Steel
|-damage|p1a: The Man of Steel|84/100
|-boost|p2a: Great Tusk|spe|1
|-damage|p2a: Great Tusk|56/100|[from] item: Rocky Helmet|[of] p1a: The Man of Steel
|-sideend|p2: clean|Stealth Rock|[from] move: Rapid Spin|[of] p2a: Great Tusk
|
|upkeep
|turn|40
|
|t:|1760379041
|-end|p2a: Great Tusk|Protosynthesis|[silent]
|switch|p2a: Hatterene|Hatterene, F|100/100
|switch|p1a: The Greatest Decoy|Clodsire, F, tera:Steel|100/100
|
|upkeep
|turn|41
|
|t:|1760379060
|switch|p1a: Hero of Hell|Gliscor, F, shiny|57/100 tox
|-damage|p1a: Hero of Hell|44/100 tox|[from] Stealth Rock
|move|p2a: Hatterene|Nuzzle|p1a: Hero of Hell
|-immune|p1a: Hero of Hell
|
|-heal|p1a: Hero of Hell|57/100 tox|[from] ability: Poison Heal
|upkeep
|turn|42
|
|t:|1760379080
|switch|p2a: Great Tusk|Great Tusk|56/100
|move|p1a: Hero of Hell|Swords Dance|p1a: Hero of Hell
|-boost|p1a: Hero of Hell|atk|2
|
|-heal|p1a: Hero of Hell|69/100 tox|[from] ability: Poison Heal
|upkeep
|turn|43
|
|t:|1760379084
|move|p1a: Hero of Hell|Protect|p1a: Hero of Hell
|-singleturn|p1a: Hero of Hell|Protect
|move|p2a: Great Tusk|Ice Spinner|p1a: Hero of Hell
|-activate|p1a: Hero of Hell|move: Protect
|
|-heal|p1a: Hero of Hell|82/100 tox|[from] ability: Poison Heal
|upkeep
|turn|44
|
|t:|1760379099
|move|p1a: Hero of Hell|Earthquake|p2a: Great Tusk
|-damage|p2a: Great Tusk|20/100
|move|p2a: Great Tusk|Ice Spinner|p1a: Hero of Hell
|-supereffective|p1a: Hero of Hell
|-damage|p1a: Hero of Hell|9/100 tox
|
|-heal|p1a: Hero of Hell|21/100 tox|[from] ability: Poison Heal
|upkeep
|turn|45
|
|t:|1760379118
|-end|p2a: Great Tusk|Protosynthesis|[silent]
|switch|p2a: Dragonite|Dragonite, F|100/100
|move|p1a: Hero of Hell|Facade|p2a: Dragonite
|-damage|p2a: Dragonite|71/100
|
|-heal|p1a: Hero of Hell|34/100 tox|[from] ability: Poison Heal
|upkeep
|turn|46
|inactive|Electric win has 270 seconds left.
|
|t:|1760379154
|move|p1a: Hero of Hell|Protect|p1a: Hero of Hell
|-singleturn|p1a: Hero of Hell|Protect
|move|p2a: Dragonite|Dragon Dance|p2a: Dragonite
|-boost|p2a: Dragonite|atk|1
|-boost|p2a: Dragonite|spe|1
|
|-heal|p1a: Hero of Hell|46/100 tox|[from] ability: Poison Heal
|upkeep
|turn|47
|
|t:|1760379157
|switch|p1a: The Man of Steel|Skarmory, F|84/100
|-damage|p1a: The Man of Steel|71/100|[from] Stealth Rock
|move|p2a: Dragonite|Extreme Speed|p1a: The Man of Steel
|-resisted|p1a: The Man of Steel
|-damage|p1a: The Man of Steel|56/100
|-damage|p2a: Dragonite|54/100|[from] item: Rocky Helmet|[of] p1a: The Man of Steel
|
|upkeep
|turn|48
|
|t:|1760379168
|switch|p2a: Hatterene|Hatterene, F|100/100
|move|p1a: The Man of Steel|Roost|p1a: The Man of Steel
|-heal|p1a: The Man of Steel|100/100
|-singleturn|p1a: The Man of Steel|move: Roost
|
|upkeep
|turn|49
|
|t:|1760379179
|switch|p2a: Samurott|Samurott-Hisui, F|63/100
|move|p1a: The Man of Steel|Body Press|p2a: Samurott
|-supereffective|p2a: Samurott
|-damage|p2a: Samurott|2/100
|
|upkeep
|turn|50
|inactive|clean has 270 seconds left.
|inactive|Electric win has 270 seconds left.
|
|t:|1760379221
|switch|p2a: Hatterene|Hatterene, F|100/100
|move|p1a: The Man of Steel|Spikes|p2a: Hatterene
|move|p2a: Hatterene|Spikes|p1a: The Man of Steel|[from] ability: Magic Bounce
|-sidestart|p1: Electric win|Spikes
|
|upkeep
|turn|51
|inactive|Electric win has 270 seconds left.
|inactive|clean has 270 seconds left.
|
|t:|1760379233
|move|p1a: The Man of Steel|Body Press|p2a: Hatterene
|-resisted|p2a: Hatterene
|-damage|p2a: Hatterene|94/100
|move|p2a: Hatterene|Psychic Noise|p1a: The Man of Steel
|-resisted|p1a: The Man of Steel
|-damage|p1a: The Man of Steel|79/100
|-start|p1a: The Man of Steel|move: Heal Block
|
|upkeep
|turn|52
|inactive|Electric win has 270 seconds left.
|
|t:|1760379240
|move|p1a: The Man of Steel|Body Press|p2a: Hatterene
|-resisted|p2a: Hatterene
|-damage|p2a: Hatterene|89/100
|move|p2a: Hatterene|Psychic Noise|p1a: The Man of Steel
|-resisted|p1a: The Man of Steel
|-damage|p1a: The Man of Steel|56/100
|
|-end|p1a: The Man of Steel|move: Heal Block
|upkeep
|turn|53
|
|t:|1760379246
|switch|p2a: Gholdengo|Gholdengo|27/100
|move|p1a: The Man of Steel|Roost|p1a: The Man of Steel
|-heal|p1a: The Man of Steel|100/100
|-singleturn|p1a: The Man of Steel|move: Roost
|
|upkeep
|turn|54
|
|t:|1760379248
|switch|p1a: The Greatest Decoy|Clodsire, F, tera:Steel|100/100
|move|p2a: Gholdengo|Recover|p2a: Gholdengo
|-heal|p2a: Gholdengo|77/100
|
|upkeep
|turn|55
|
|t:|1760379254
|switch|p2a: Dragonite|Dragonite, F|54/100
|move|p1a: The Greatest Decoy|Stealth Rock|p2a: Dragonite
|-sidestart|p2: clean|move: Stealth Rock
|
|upkeep
|turn|56
|
|t:|1760379277
|switch|p1a: The Man of Steel|Skarmory, F|100/100
|-damage|p1a: The Man of Steel|88/100|[from] Stealth Rock
|move|p2a: Dragonite|Roost|p2a: Dragonite
|-heal|p2a: Dragonite|100/100
|-singleturn|p2a: Dragonite|move: Roost
|
|upkeep
|turn|57
|
|t:|1760379288
|switch|p2a: Hatterene|Hatterene, F|89/100
|-damage|p2a: Hatterene|76/100|[from] Stealth Rock
|switch|p1a: Hero of Hell|Gliscor, F, shiny|46/100 tox
|-damage|p1a: Hero of Hell|34/100 tox|[from] Stealth Rock
|
|-heal|p1a: Hero of Hell|46/100 tox|[from] ability: Poison Heal
|upkeep
|turn|58
|
|t:|1760379293
|move|p1a: Hero of Hell|Protect|p1a: Hero of Hell
|-singleturn|p1a: Hero of Hell|Protect
|move|p2a: Hatterene|Psychic Noise|p1a: Hero of Hell
|-activate|p1a: Hero of Hell|move: Protect
|
|-heal|p1a: Hero of Hell|58/100 tox|[from] ability: Poison Heal
|upkeep
|turn|59
|inactive|Electric win has 270 seconds left.
|
|t:|1760379331
|switch|p1a: The Greatest Decoy|Clodsire, F, tera:Steel|100/100
|move|p2a: Hatterene|Psychic Noise|p1a: The Greatest Decoy
|-resisted|p1a: The Greatest Decoy
|-damage|p1a: The Greatest Decoy|91/100
|-start|p1a: The Greatest Decoy|move: Heal Block
|
|upkeep
|turn|60
|inactive|clean has 270 seconds left.
|
|t:|1760379383
|switch|p2a: Samurott|Samurott-Hisui, F|2/100
|-damage|p2a: Samurott|0 fnt|[from] Stealth Rock
|faint|p2a: Samurott
|move|p1a: The Greatest Decoy|Gunk Shot|p2: Samurott|[notarget]
|-fail|p1a: The Greatest Decoy
|
|-end|p1a: The Greatest Decoy|move: Heal Block
|upkeep
|inactive|clean has 240 seconds left.
|inactive|clean has 210 seconds left.
|
|t:|1760379429
|switch|p2a: Dragonite|Dragonite, F|100/100
|turn|61
|
|t:|1760379438
|switch|p2a: Gholdengo|Gholdengo|77/100
|switch|p1a: The Man of Steel|Skarmory, F|88/100
|-damage|p1a: The Man of Steel|76/100|[from] Stealth Rock
|
|upkeep
|turn|62
|inactive|Electric win has 270 seconds left.
|
|t:|1760379464
|switch|p1a: The Fool|Amoonguss, M, shiny|86/100
|-damage|p1a: The Fool|73/100|[from] Stealth Rock
|-damage|p1a: The Fool|61/100|[from] Spikes
|move|p2a: Gholdengo|Shadow Ball|p1a: The Fool
|-damage|p1a: The Fool|21/100
|
|upkeep
|turn|63
|
|t:|1760379472
|move|p2a: Gholdengo|Shadow Ball|p1a: The Fool
|-damage|p1a: The Fool|0 fnt
|faint|p1a: The Fool
|
|upkeep
|
|t:|1760379473
|switch|p1a: The Greatest Decoy|Clodsire, F, tera:Steel|91/100
|turn|64
|inactive|clean has 240 seconds left.
|
|t:|1760379483
|switch|p2a: Dragonite|Dragonite, F|100/100
|move|p1a: The Greatest Decoy|Gunk Shot|p2a: Dragonite
|-damage|p2a: Dragonite|84/100
|
|upkeep
|turn|65
|inactive|clean has 240 seconds left.
|
|t:|1760379502
|switch|p2a: Hatterene|Hatterene, F|76/100
|-damage|p2a: Hatterene|64/100|[from] Stealth Rock
|switch|p1a: Hero of Hell|Gliscor, F, shiny|58/100 tox
|-damage|p1a: Hero of Hell|46/100 tox|[from] Stealth Rock
|
|-heal|p1a: Hero of Hell|58/100 tox|[from] ability: Poison Heal
|upkeep
|turn|66
|
|t:|1760379506
|move|p1a: Hero of Hell|Protect|p1a: Hero of Hell
|-singleturn|p1a: Hero of Hell|Protect
|move|p2a: Hatterene|Psychic Noise|p1a: Hero of Hell
|-activate|p1a: Hero of Hell|move: Protect
|
|-heal|p1a: Hero of Hell|71/100 tox|[from] ability: Poison Heal
|upkeep
|turn|67
|
|t:|1760379508
|switch|p1a: The Greatest Decoy|Clodsire, F, tera:Steel|91/100
|move|p2a: Hatterene|Psychic Noise|p1a: The Greatest Decoy
|-resisted|p1a: The Greatest Decoy
|-damage|p1a: The Greatest Decoy|82/100
|-start|p1a: The Greatest Decoy|move: Heal Block
|
|upkeep
|turn|68
|
|t:|1760379526
|switch|p2a: Great Tusk|Great Tusk|20/100
|-damage|p2a: Great Tusk|17/100|[from] Stealth Rock
|move|p1a: The Greatest Decoy|Gunk Shot|p2a: Great Tusk
|-resisted|p2a: Great Tusk
|-damage|p2a: Great Tusk|8/100
|-status|p2a: Great Tusk|psn
|
|-damage|p2a: Great Tusk|0 fnt|[from] psn
|faint|p2a: Great Tusk
|-end|p2a: Great Tusk|Protosynthesis|[silent]
|-end|p1a: The Greatest Decoy|move: Heal Block
|upkeep
|inactive|clean has 240 seconds left.
|inactive|clean has 210 seconds left.
|inactive|clean has 180 seconds left.
|
|t:|1760379598
|switch|p2a: Dragonite|Dragonite, F|84/100
|turn|69
|inactive|clean has 180 seconds left.
|
|t:|1760379609
|switch|p1a: Hero of Hell|Gliscor, F, shiny|71/100 tox
|-damage|p1a: Hero of Hell|58/100 tox|[from] Stealth Rock
|move|p2a: Dragonite|Earthquake|p1a: Hero of Hell
|-immune|p1a: Hero of Hell
|
|-heal|p1a: Hero of Hell|71/100 tox|[from] ability: Poison Heal
|upkeep
|turn|70
|
|t:|1760379617
|move|p1a: Hero of Hell|Swords Dance|p1a: Hero of Hell
|-boost|p1a: Hero of Hell|atk|2
|move|p2a: Dragonite|Dragon Dance|p2a: Dragonite
|-boost|p2a: Dragonite|atk|1
|-boost|p2a: Dragonite|spe|1
|
|-heal|p1a: Hero of Hell|83/100 tox|[from] ability: Poison Heal
|upkeep
|turn|71
|inactive|clean has 180 seconds left.
|
|t:|1760379636
|switch|p2a: Hatterene|Hatterene, F|64/100
|-damage|p2a: Hatterene|52/100|[from] Stealth Rock
|move|p1a: Hero of Hell|Facade|p2a: Hatterene
|-damage|p2a: Hatterene|2/100
|
|-heal|p1a: Hero of Hell|96/100 tox|[from] ability: Poison Heal
|upkeep
|turn|72
|
|t:|1760379641
|move|p1a: Hero of Hell|Facade|p2a: Hatterene
|-damage|p2a: Hatterene|0 fnt
|faint|p2a: Hatterene
|
|-heal|p1a: Hero of Hell|100/100 tox|[from] ability: Poison Heal
|upkeep
|
|t:|1760379643
|switch|p2a: Kyurem|Kyurem, tera:Ice|51/100
|-damage|p2a: Kyurem|26/100|[from] Stealth Rock
|-ability|p2a: Kyurem|Pressure
|turn|73
|inactive|Electric win has 270 seconds left.
|inactive|Electric win has 240 seconds left.
|inactive|Electric win has 210 seconds left.
|
|t:|1760379759
|switch|p1a: The Greatest Decoy|Clodsire, F, tera:Steel|82/100
|move|p2a: Kyurem|Freeze-Dry|p1a: The Greatest Decoy
|-resisted|p1a: The Greatest Decoy
|-damage|p1a: The Greatest Decoy|69/100
|
|upkeep
|turn|74
|inactive|clean has 210 seconds left.
|inactive|Electric win has 180 seconds left.
|inactive|clean has 180 seconds left.
|
|t:|1760379808
|move|p2a: Kyurem|Freeze-Dry|p1a: The Greatest Decoy
|-resisted|p1a: The Greatest Decoy
|-crit|p1a: The Greatest Decoy
|-damage|p1a: The Greatest Decoy|52/100
|move|p1a: The Greatest Decoy|Recover|p1a: The Greatest Decoy
|-heal|p1a: The Greatest Decoy|100/100
|
|upkeep
|turn|75
|
|t:|1760379818
|move|p2a: Kyurem|Freeze-Dry|p1a: The Greatest Decoy
|-resisted|p1a: The Greatest Decoy
|-damage|p1a: The Greatest Decoy|88/100
|move|p1a: The Greatest Decoy|Earthquake|p2a: Kyurem
|-damage|p2a: Kyurem|3/100
|
|upkeep
|turn|76
|
|t:|1760379821
|move|p2a: Kyurem|Freeze-Dry|p1a: The Greatest Decoy
|-resisted|p1a: The Greatest Decoy
|-damage|p1a: The Greatest Decoy|74/100
|move|p1a: The Greatest Decoy|Earthquake|p2a: Kyurem
|-damage|p2a: Kyurem|0 fnt
|faint|p2a: Kyurem
|
|upkeep
|inactive|clean has 180 seconds left.
|
|t:|1760379839
|switch|p2a: Gholdengo|Gholdengo|77/100
|turn|77
|inactive|clean has 180 seconds left.
|
|t:|1760379847
|move|p2a: Gholdengo|Shadow Ball|p1a: The Greatest Decoy
|-damage|p1a: The Greatest Decoy|53/100
|move|p1a: The Greatest Decoy|Earthquake|p2a: Gholdengo
|-supereffective|p2a: Gholdengo
|-damage|p2a: Gholdengo|17/100
|
|upkeep
|turn|78
|inactive|clean has 180 seconds left.
|inactive|Electric win has 210 seconds left.
|
|t:|1760379867
|switch|p2a: Dragonite|Dragonite, F|84/100
|move|p1a: The Greatest Decoy|Recover|p1a: The Greatest Decoy
|-heal|p1a: The Greatest Decoy|100/100
|
|upkeep
|turn|79
|
|t:|1760379872
|switch|p1a: The Man of Steel|Skarmory, F|76/100
|-damage|p1a: The Man of Steel|64/100|[from] Stealth Rock
|move|p2a: Dragonite|Dragon Dance|p2a: Dragonite
|-boost|p2a: Dragonite|atk|1
|-boost|p2a: Dragonite|spe|1
|
|upkeep
|turn|80
|
|t:|1760379875
|switch|p2a: Gholdengo|Gholdengo|17/100
|move|p1a: The Man of Steel|Roost|p1a: The Man of Steel
|-heal|p1a: The Man of Steel|100/100
|-singleturn|p1a: The Man of Steel|move: Roost
|
|upkeep
|turn|81
|
|t:|1760379883
|switch|p1a: The Greatest Decoy|Clodsire, F, tera:Steel|100/100
|move|p2a: Gholdengo|Make It Rain|p1a: The Greatest Decoy
|-resisted|p1a: The Greatest Decoy
|-damage|p1a: The Greatest Decoy|84/100
|-unboost|p2a: Gholdengo|spa|1
|
|upkeep
|turn|82
|
|t:|1760379886
|switch|p2a: Dragonite|Dragonite, F|84/100
|switch|p1a: Hero of Hell|Gliscor, F, shiny|100/100 tox
|-damage|p1a: Hero of Hell|88/100 tox|[from] Stealth Rock
|
|-heal|p1a: Hero of Hell|100/100 tox|[from] ability: Poison Heal
|upkeep
|turn|83
|
|t:|1760379889
|move|p1a: Hero of Hell|Swords Dance|p1a: Hero of Hell
|-boost|p1a: Hero of Hell|atk|2
|move|p2a: Dragonite|Dragon Dance|p2a: Dragonite
|-boost|p2a: Dragonite|atk|1
|-boost|p2a: Dragonite|spe|1
|
|upkeep
|turn|84
|
|t:|1760379892
|move|p2a: Dragonite|Dragon Dance|p2a: Dragonite
|-boost|p2a: Dragonite|atk|1
|-boost|p2a: Dragonite|spe|1
|move|p1a: Hero of Hell|Facade|p2a: Dragonite
|-damage|p2a: Dragonite|23/100
|
|upkeep
|turn|85
|c|☆clean|gg
|
|t:|1760379897
|move|p2a: Dragonite|Extreme Speed|p1a: Hero of Hell
|-damage|p1a: Hero of Hell|49/100 tox
|move|p1a: Hero of Hell|Facade|p2a: Dragonite
|-damage|p2a: Dragonite|0 fnt
|faint|p2a: Dragonite
|
|-heal|p1a: Hero of Hell|62/100 tox|[from] ability: Poison Heal
|upkeep
|
|t:|1760379900
|switch|p2a: Gholdengo|Gholdengo|17/100
|turn|86
|
|t:|1760379901
|move|p1a: Hero of Hell|Earthquake|p2a: Gholdengo
|-supereffective|p2a: Gholdengo
|-damage|p2a: Gholdengo|0 fnt
|faint|p2a: Gholdengo
|
|win|Electric win
|c|☆Electric win|gg
|player|p1|
|player|p2|
