|j|☆LamarTDB1
|j|☆Menos jungle
|t:|1760337484
|gametype|singles
|player|p1|LamarTDB1|102|1123
|player|p2|Menos jungle|lass-gen4dp|1110
|gen|9
|tier|[Gen 9] OU
|rated|
|rule|HP Percentage Mod: HP is shown in percentages
|rule|Endless Battle Clause: Forcing endless battles is banned
|rule|Species Clause: Limit one of each Pokémon
|rule|OHKO Clause: OHKO moves are banned
|rule|Evasion Items Clause: Evasion items are banned
|rule|Evasion Moves Clause: Evasion moves are banned
|rule|Evasion Abilities Clause: Evasion abilities are banned
|rule|Sleep Moves Clause: Sleep-inducing moves are banned
|clearpoke
|poke|p1|Garchomp, M|
|poke|p1|Typhlosion-Hisui, M|
|poke|p1|Rotom-Wash|
|poke|p1|Weezing-Galar, M|
|poke|p1|Sceptile, M|
|poke|p1|Polteageist-Antique|
|poke|p2|Ninetales, M|
|poke|p2|Espeon, F|
|poke|p2|Great Tusk|
|poke|p2|Slither Wing|
|poke|p2|Iron Moth|
|poke|p2|Raging Bolt|
|teampreview
|inactive|Battle timer is ON: inactive players will automatically lose when time's up. (requested by LamarTDB1)
|
|t:|1760337493
|teamsize|p1|6
|teamsize|p2|6
|start
|switch|p1a: Weezing|Weezing-Galar, M|100/100
|switch|p2a: Raging Bolt|Raging Bolt|100/100
|turn|1
|
|t:|1760337497
|move|p2a: Raging Bolt|Volt Switch|p1a: Weezing
|-damage|p1a: Weezing|57/100
|
|t:|1760337500
|-end|p2a: Raging Bolt|Protosynthesis|[silent]
|switch|p2a: Espeon|Espeon, F|100/100|[from] Volt Switch
|move|p1a: Weezing|Curse|p1a: Weezing
|-unboost|p1a: Weezing|spe|1
|-boost|p1a: Weezing|atk|1
|-boost|p1a: Weezing|def|1
|
|-heal|p1a: Weezing|63/100|[from] item: Leftovers
|upkeep
|turn|2
|
|t:|1760337504
|move|p2a: Espeon|Trick|p1a: Weezing
|-activate|p2a: Espeon|move: Trick|[of] p1a: Weezing
|-item|p1a: Weezing|Choice Scarf|[from] move: Trick
|-item|p2a: Espeon|Leftovers|[from] move: Trick
|move|p1a: Weezing|Gyro Ball|p2a: Espeon
|-damage|p2a: Espeon|56/100
|
|-heal|p2a: Espeon|62/100|[from] item: Leftovers
|upkeep
|turn|3
|
|t:|1760337513
|switch|p2a: Ninetales|Ninetales, M|100/100
|-weather|SunnyDay|[from] ability: Drought|[of] p2a: Ninetales
|move|p1a: Weezing|Gyro Ball|p2a: Ninetales
|-resisted|p2a: Ninetales
|-damage|p2a: Ninetales|88/100
|
|-weather|SunnyDay|[upkeep]
|upkeep
|turn|4
|
|t:|1760337520
|switch|p2a: Raging Bolt|Raging Bolt|100/100
|-activate|p2a: Raging Bolt|ability: Protosynthesis
|-start|p2a: Raging Bolt|protosynthesisspa
|move|p1a: Weezing|Gyro Ball|p2a: Raging Bolt
|-resisted|p2a: Raging Bolt
|-crit|p2a: Raging Bolt
|-damage|p2a: Raging Bolt|82/100
|
|-weather|SunnyDay|[upkeep]
|upkeep
|turn|5
|
|t:|1760337525
|move|p2a: Raging Bolt|Draco Meteor|p1a: Weezing
|-immune|p1a: Weezing
|move|p1a: Weezing|Gyro Ball|p2a: Raging Bolt
|-resisted|p2a: Raging Bolt
|-damage|p2a: Raging Bolt|70/100
|
|-weather|SunnyDay|[upkeep]
|upkeep
|turn|6
|
|t:|1760337529
|-end|p2a: Raging Bolt|Protosynthesis|[silent]
|switch|p2a: Iron Moth|Iron Moth|100/100
|move|p1a: Weezing|Gyro Ball|p2a: Iron Moth
|-resisted|p2a: Iron Moth
|-damage|p2a: Iron Moth|82/100
|
|-weather|SunnyDay|[upkeep]
|upkeep
|turn|7
|
|t:|1760337531
|move|p2a: Iron Moth|Fiery Dance|p1a: Weezing
|-damage|p1a: Weezing|0 fnt
|-boost|p2a: Iron Moth|spa|1
|faint|p1a: Weezing
|
|-weather|SunnyDay|[upkeep]
|upkeep
|
|t:|1760337537
|switch|p1a: Garchomp|Garchomp, M, shiny|100/100
|turn|8
|
|t:|1760337545
|-end|p2a: Iron Moth|Quark Drive|[silent]
|switch|p2a: Espeon|Espeon, F|62/100
|move|p1a: Garchomp|Swords Dance|p1a: Garchomp
|-boost|p1a: Garchomp|atk|2
|
|-weather|SunnyDay|[upkeep]
|-heal|p2a: Espeon|68/100|[from] item: Leftovers
|upkeep
|turn|9
|
|t:|1760337552
|move|p2a: Espeon|Alluring Voice|p1a: Garchomp
|-supereffective|p1a: Garchomp
|-damage|p1a: Garchomp|51/100
|move|p1a: Garchomp|Scale Shot|p2a: Espeon|[miss]
|-miss|p1a: Garchomp|p2a: Espeon
|
|-weather|SunnyDay|[upkeep]
|-heal|p2a: Espeon|74/100|[from] item: Leftovers
|upkeep
|turn|10
|
|t:|1760337557
|-terastallize|p1a: Garchomp|Fairy
|move|p2a: Espeon|Alluring Voice|p1a: Garchomp
|-damage|p1a: Garchomp|28/100
|move|p1a: Garchomp|Scale Shot|p2a: Espeon
|-damage|p2a: Espeon|34/100
|-damage|p2a: Espeon|0 fnt
|faint|p2a: Espeon
|-hitcount|p2: Espeon|2
|-unboost|p1a: Garchomp|def|1
|-boost|p1a: Garchomp|spe|1
|
|-weather|none
|upkeep
|
|t:|1760337567
|switch|p2a: Slither Wing|Slither Wing|100/100
|turn|11
|
|t:|1760337576
|move|p2a: Slither Wing|First Impression|p1a: Garchomp
|-resisted|p1a: Garchomp
|-damage|p1a: Garchomp|0 fnt
|-damage|p2a: Slither Wing|88/100|[from] ability: Rough Skin|[of] p1a: Garchomp
|faint|p1a: Garchomp
|
|upkeep
|
|t:|1760337581
|switch|p1a: Typhlosion|Typhlosion-Hisui, M, shiny|100/100
|turn|12
|
|t:|1760337585
|-end|p2a: Slither Wing|Protosynthesis|[silent]
|switch|p2a: Raging Bolt|Raging Bolt|70/100
|move|p1a: Typhlosion|Eruption|p2a: Raging Bolt
|-resisted|p2a: Raging Bolt
|-damage|p2a: Raging Bolt|33/100
|
|upkeep
|turn|13
|
|t:|1760337589
|move|p2a: Raging Bolt|Thunderclap|p1a: Typhlosion
|-damage|p1a: Typhlosion|48/100
|move|p1a: Typhlosion|Eruption|p2a: Raging Bolt
|-resisted|p2a: Raging Bolt
|-damage|p2a: Raging Bolt|18/100
|
|upkeep
|turn|14
|
|t:|1760337598
|-end|p2a: Raging Bolt|Protosynthesis|[silent]
|switch|p2a: Ninetales|Ninetales, M|88/100
|-weather|SunnyDay|[from] ability: Drought|[of] p2a: Ninetales
|move|p1a: Typhlosion|Eruption|p2a: Ninetales
|-resisted|p2a: Ninetales
|-damage|p2a: Ninetales|64/100
|
|-weather|SunnyDay|[upkeep]
|upkeep
|turn|15
|
|t:|1760337604
|switch|p1a: Rotom|Rotom-Wash|100/100
|switch|p2a: Iron Moth|Iron Moth|82/100
|
|-weather|SunnyDay|[upkeep]
|upkeep
|turn|16
|
|t:|1760337617
|move|p2a: Iron Moth|Fiery Dance|p1a: Rotom
|-resisted|p1a: Rotom
|-damage|p1a: Rotom|32/100
|move|p1a: Rotom|Trick|p2a: Iron Moth
|-activate|p1a: Rotom|move: Trick|[of] p2a: Iron Moth
|-item|p2a: Iron Moth|Choice Specs|[from] move: Trick
|-item|p1a: Rotom|Choice Specs|[from] move: Trick
|
|-weather|SunnyDay|[upkeep]
|upkeep
|turn|17
|
|t:|1760337623
|move|p2a: Iron Moth|Fiery Dance|p1a: Rotom
|-resisted|p1a: Rotom
|-damage|p1a: Rotom|0 fnt
|faint|p1a: Rotom
|
|-weather|SunnyDay|[upkeep]
|upkeep
|
|t:|1760337627
|switch|p1a: Sceptile|Sceptile, M|100/100
|turn|18
|
|t:|1760337630
|move|p1a: Sceptile|Swords Dance|p1a: Sceptile
|-boost|p1a: Sceptile|atk|2
|move|p2a: Iron Moth|Fiery Dance|p1a: Sceptile
|-supereffective|p1a: Sceptile
|-enditem|p1a: Sceptile|Focus Sash
|-damage|p1a: Sceptile|1/100
|
|-weather|SunnyDay|[upkeep]
|upkeep
|turn|19
|
|t:|1760337632
|move|p1a: Sceptile|Acrobatics|p2a: Iron Moth
|-damage|p2a: Iron Moth|0 fnt
|faint|p2a: Iron Moth
|-end|p2a: Iron Moth|Quark Drive|[silent]
|
|-weather|SunnyDay|[upkeep]
|upkeep
|
|t:|1760337634
|switch|p2a: Slither Wing|Slither Wing|88/100
|-activate|p2a: Slither Wing|ability: Protosynthesis
|-start|p2a: Slither Wing|protosynthesisatk
|turn|20
|
|t:|1760337638
|move|p2a: Slither Wing|First Impression|p1a: Sceptile
|-supereffective|p1a: Sceptile
|-damage|p1a: Sceptile|0 fnt
|faint|p1a: Sceptile
|
|-weather|SunnyDay|[upkeep]
|upkeep
|inactive|LamarTDB1 has 120 seconds left.
|
|t:|1760337678
|switch|p1a: Polteageist|Polteageist-Antique, shiny|100/100
|turn|21
|
|t:|1760337681
|-end|p2a: Slither Wing|Protosynthesis|[silent]
|switch|p2a: Raging Bolt|Raging Bolt|18/100
|-activate|p2a: Raging Bolt|ability: Protosynthesis
|-start|p2a: Raging Bolt|protosynthesisspa
|move|p1a: Polteageist|Shell Smash|p1a: Polteageist
|-unboost|p1a: Polteageist|def|1
|-unboost|p1a: Polteageist|spd|1
|-boost|p1a: Polteageist|atk|2
|-boost|p1a: Polteageist|spa|2
|-boost|p1a: Polteageist|spe|2
|
|-weather|none
|-end|p2a: Raging Bolt|Protosynthesis
|upkeep
|turn|22
|
|t:|1760337687
|move|p2a: Raging Bolt|Thunderclap|p1a: Polteageist
|-damage|p1a: Polteageist|22/100
|move|p1a: Polteageist|Giga Drain|p2a: Raging Bolt
|-resisted|p2a: Raging Bolt
|-crit|p2a: Raging Bolt
|-damage|p2a: Raging Bolt|0 fnt
|-heal|p1a: Polteageist|35/100|[from] drain|[of] p2a: Raging Bolt
|faint|p2a: Raging Bolt
|-end|p2a: Raging Bolt|Protosynthesis|[silent]
|
|upkeep
|
|t:|1760337690
|switch|p2a: Ninetales|Ninetales, M|64/100
|-weather|SunnyDay|[from] ability: Drought|[of] p2a: Ninetales
|turn|23
|
|t:|1760337693
|move|p1a: Polteageist|Shadow Ball|p2a: Ninetales
|-damage|p2a: Ninetales|0 fnt
|faint|p2a: Ninetales
|
|-weather|SunnyDay|[upkeep]
|upkeep
|
|t:|1760337696
|switch|p2a: Slither Wing|Slither Wing|88/100
|-activate|p2a: Slither Wing|ability: Protosynthesis
|-start|p2a: Slither Wing|protosynthesisatk
|turn|24
|
|t:|1760337698
|move|p2a: Slither Wing|First Impression|p1a: Polteageist
|-resisted|p1a: Polteageist
|-damage|p1a: Polteageist|0 fnt
|faint|p1a: Polteageist
|
|-weather|SunnyDay|[upkeep]
|upkeep
|
|t:|1760337701
|switch|p1a: Typhlosion|Typhlosion-Hisui, M, shiny|48/100
|turn|25
|
|t:|1760337705
|move|p2a: Slither Wing|First Impression||[still]
|-hint|First Impression only works on your first turn out.
|-fail|p2a: Slither Wing
|move|p1a: Typhlosion|Eruption|p2a: Slither Wing
|-supereffective|p2a: Slither Wing
|-damage|p2a: Slither Wing|0 fnt
|faint|p2a: Slither Wing
|-end|p2a: Slither Wing|Protosynthesis|[silent]
|
|-weather|SunnyDay|[upkeep]
|upkeep
|
|t:|1760337707
|switch|p2a: Great Tusk|Great Tusk|100/100
|-activate|p2a: Great Tusk|ability: Protosynthesis
|-start|p2a: Great Tusk|protosynthesisatk
|turn|26
|
|t:|1760337712
|move|p1a: Typhlosion|Eruption|p2a: Great Tusk
|-damage|p2a: Great Tusk|23/100
|move|p2a: Great Tusk|Headlong Rush|p1a: Typhlosion
|-supereffective|p1a: Typhlosion
|-damage|p1a: Typhlosion|0 fnt
|-unboost|p2a: Great Tusk|def|1
|-unboost|p2a: Great Tusk|spd|1
|faint|p1a: Typhlosion
|
|win|Menos jungle
|raw|LamarTDB1's rating: 1123 &rarr; <strong>1097</strong><br />(-26 for losing)
|raw|Menos jungle's rating: 1110 &rarr; <strong>1136</strong><br />(+26 for winning)
|l|☆LamarTDB1
|player|p1|
|l|☆Menos jungle
|player|p2|
