|j|☆rosepample23
|j|☆Chizzla
|t:|1760440006
|gametype|singles
|player|p1|rosepample23|2|1146
|player|p2|Chizzla|101|1123
|gen|9
|tier|[Gen 9] OU
|rated|
|rule|HP Percentage Mod: HP is shown in percentages
|rule|Endless Battle Clause: Forcing endless battles is banned
|rule|Species Clause: Limit one of each Pokémon
|rule|OHKO Clause: OHKO moves are banned
|rule|Evasion Items Clause: Evasion items are banned
|rule|Evasion Moves Clause: Evasion moves are banned
|rule|Evasion Abilities Clause: Evasion abilities are banned
|rule|Sleep Moves Clause: Sleep-inducing moves are banned
|clearpoke
|poke|p1|Scizor, F|
|poke|p1|Great Tusk|
|poke|p1|Samurott-Hisui, M|
|poke|p1|Glimmora, F|
|poke|p1|Gengar, M|
|poke|p1|Moltres|
|poke|p2|Dragonite, F|
|poke|p2|Rotom-Wash|
|poke|p2|Muk-Alola, M|
|poke|p2|Weezing-Galar, F|
|poke|p2|Pecharunt|
|poke|p2|Porygon-Z|
|teampreview
|inactive|Battle timer is ON: inactive players will automatically lose when time's up. (requested by Chizzla)
|
|t:|1760440058
|teamsize|p1|6
|teamsize|p2|6
|start
|switch|p1a: Gengar|Gengar, M|100/100
|switch|p2a: Rotom|Rotom-Wash, shiny|100/100
|turn|1
|
|t:|1760440071
|move|p1a: Gengar|Nasty Plot|p1a: Gengar
|-boost|p1a: Gengar|spa|2
|move|p2a: Rotom|Thunder Wave|p1a: Gengar
|-status|p1a: Gengar|par
|
|upkeep
|turn|2
|
|t:|1760440085
|move|p2a: Rotom|Confuse Ray|p1a: Gengar
|-start|p1a: Gengar|confusion
|-activate|p1a: Gengar|confusion
|move|p1a: Gengar|Shadow Ball|p2a: Rotom
|-damage|p2a: Rotom|18/100
|
|upkeep
|turn|3
|
|t:|1760440100
|move|p2a: Rotom|Volt Switch|p1a: Gengar
|-damage|p1a: Gengar|56/100 par
|
|t:|1760440103
|switch|p2a: Muk|Muk-Alola, M, shiny|100/100|[from] Volt Switch
|-activate|p1a: Gengar|confusion
|move|p1a: Gengar|Shadow Ball|p2a: Muk
|-resisted|p2a: Muk
|-damage|p2a: Muk|81/100
|-unboost|p2a: Muk|spd|1
|
|upkeep
|turn|4
|
|t:|1760440112
|-activate|p1a: Gengar|confusion
|move|p1a: Gengar|Destiny Bond|p1a: Gengar
|-singlemove|p1a: Gengar|Destiny Bond
|move|p2a: Muk|Knock Off|p1a: Gengar
|-supereffective|p1a: Gengar
|-damage|p1a: Gengar|0 fnt
|-start|p2a: Muk|Disable|Knock Off|[from] ability: Cursed Body|[of] p1a: Gengar
|-enditem|p1a: Gengar|Focus Sash|[from] move: Knock Off|[of] p2a: Muk
|faint|p1a: Gengar
|-activate|p1a: Gengar|move: Destiny Bond
|faint|p2a: Muk
|
|upkeep
|
|t:|1760440131
|switch|p1a: Samurott|Samurott-Hisui, M|100/100
|switch|p2a: Weezing|Weezing-Galar, F|100/100
|turn|5
|
|t:|1760440137
|move|p1a: Samurott|Ceaseless Edge|p2a: Weezing
|-resisted|p2a: Weezing
|-damage|p2a: Weezing|88/100
|-damage|p1a: Samurott|84/100|[from] item: Rocky Helmet|[of] p2a: Weezing
|-sidestart|p2: Chizzla|Spikes
|move|p2a: Weezing|Toxic Spikes|p1a: Samurott
|-sidestart|p1: rosepample23|move: Toxic Spikes
|
|upkeep
|turn|6
|
|t:|1760440149
|move|p1a: Samurott|Knock Off|p2a: Weezing
|-resisted|p2a: Weezing
|-damage|p2a: Weezing|74/100
|-damage|p1a: Samurott|68/100|[from] item: Rocky Helmet|[of] p2a: Weezing
|-enditem|p2a: Weezing|Rocky Helmet|[from] move: Knock Off|[of] p1a: Samurott
|move|p2a: Weezing|Strange Steam|p1a: Samurott
|-supereffective|p1a: Samurott
|-damage|p1a: Samurott|32/100
|-start|p1a: Samurott|confusion
|
|upkeep
|turn|7
|
|t:|1760440162
|-activate|p1a: Samurott|confusion
|move|p1a: Samurott|Ceaseless Edge|p2a: Weezing
|-resisted|p2a: Weezing
|-damage|p2a: Weezing|60/100
|-sidestart|p2: Chizzla|Spikes
|move|p2a: Weezing|Strange Steam|p1a: Samurott
|-supereffective|p1a: Samurott
|-damage|p1a: Samurott|0 fnt
|faint|p1a: Samurott
|
|upkeep
|
|t:|1760440170
|switch|p1a: Glimmora|Glimmora, F|100/100
|-sideend|p1: rosepample23|move: Toxic Spikes|[of] p1a: Glimmora
|turn|8
|
|t:|1760440174
|move|p1a: Glimmora|Stealth Rock|p2a: Weezing
|-sidestart|p2: Chizzla|move: Stealth Rock
|move|p2a: Weezing|Pain Split|p1a: Glimmora
|-sethp|p1a: Glimmora|83/100|[from] move: Pain Split|[silent]
|-sethp|p2a: Weezing|76/100|[from] move: Pain Split
|
|upkeep
|turn|9
|
|t:|1760440183
|move|p1a: Glimmora|Earth Power|p2a: Weezing
|-immune|p2a: Weezing|[from] ability: Levitate
|move|p2a: Weezing|Defog|p1a: Glimmora
|-unboost|p1a: Glimmora|evasion|1
|-sideend|p2: Chizzla|Spikes|[from] move: Defog|[of] p2a: Weezing
|-sideend|p2: Chizzla|Stealth Rock|[from] move: Defog|[of] p2a: Weezing
|
|upkeep
|turn|10
|
|t:|1760440193
|move|p1a: Glimmora|Sludge Wave|p2a: Weezing
|-damage|p2a: Weezing|9/100
|move|p2a: Weezing|Strange Steam|p1a: Glimmora
|-resisted|p1a: Glimmora
|-damage|p1a: Glimmora|65/100
|
|upkeep
|turn|11
|
|t:|1760440214
|switch|p2a: Pecharunt|Pecharunt|100/100
|move|p1a: Glimmora|Stealth Rock|p2a: Pecharunt
|-sidestart|p2: Chizzla|move: Stealth Rock
|
|upkeep
|turn|12
|
|t:|1760440223
|move|p1a: Glimmora|Earth Power|p2a: Pecharunt
|-supereffective|p2a: Pecharunt
|-damage|p2a: Pecharunt|71/100
|-unboost|p2a: Pecharunt|spd|1
|move|p2a: Pecharunt|Shadow Ball|p1a: Glimmora
|-damage|p1a: Glimmora|28/100
|
|upkeep
|turn|13
|
|t:|1760440233
|move|p1a: Glimmora|Earth Power|p2a: Pecharunt
|-supereffective|p2a: Pecharunt
|-damage|p2a: Pecharunt|18/100
|move|p2a: Pecharunt|Shadow Ball|p1a: Glimmora
|-damage|p1a: Glimmora|0 fnt
|faint|p1a: Glimmora
|
|upkeep
|
|t:|1760440242
|switch|p1a: Scizor|Scizor, F|100/100
|turn|14
|
|t:|1760440248
|move|p2a: Pecharunt|Shadow Ball|p1a: Scizor
|-damage|p1a: Scizor|69/100
|move|p1a: Scizor|Swords Dance|p1a: Scizor
|-boost|p1a: Scizor|atk|2
|
|-heal|p1a: Scizor|75/100|[from] item: Leftovers
|upkeep
|turn|15
|
|t:|1760440268
|move|p2a: Pecharunt|Shadow Ball|p1a: Scizor
|-damage|p1a: Scizor|44/100
|move|p1a: Scizor|Swords Dance|p1a: Scizor
|-boost|p1a: Scizor|atk|2
|
|-heal|p1a: Scizor|50/100|[from] item: Leftovers
|upkeep
|turn|16
|
|t:|1760440276
|move|p1a: Scizor|Bullet Punch|p2a: Pecharunt
|-damage|p2a: Pecharunt|0 fnt
|faint|p2a: Pecharunt
|
|-heal|p1a: Scizor|57/100|[from] item: Leftovers
|upkeep
|
|t:|1760440284
|switch|p2a: Porygon-Z|Porygon-Z, shiny|100/100
|-damage|p2a: Porygon-Z|88/100|[from] Stealth Rock
|turn|17
|
|t:|1760440294
|-terastallize|p2a: Porygon-Z|Normal
|move|p1a: Scizor|Bullet Punch|p2a: Porygon-Z
|-damage|p2a: Porygon-Z|0 fnt
|faint|p2a: Porygon-Z
|
|-heal|p1a: Scizor|63/100|[from] item: Leftovers
|upkeep
|
|t:|1760440303
|switch|p2a: Dragonite|Dragonite, F|100/100
|-damage|p2a: Dragonite|76/100|[from] Stealth Rock
|turn|18
|
|t:|1760440315
|move|p1a: Scizor|Bullet Punch|p2a: Dragonite
|-damage|p2a: Dragonite|0 fnt
|faint|p2a: Dragonite
|
|-heal|p1a: Scizor|69/100|[from] item: Leftovers
|upkeep
|c|☆Chizzla|1 button victory!
|-message|Chizzla forfeited.
|
|win|rosepample23
|raw|rosepample23's rating: 1146 &rarr; <strong>1169</strong><br />(+23 for winning)
|raw|Chizzla's rating: 1123 &rarr; <strong>1100</strong><br />(-23 for losing)
|l|☆rosepample23
|player|p1|
