|j|☆fdsfsdfsdfsg
|j|☆cook taster
|t:|1760328362
|gametype|singles
|player|p1|fdsfsdfsdfsg|1|1076
|player|p2|cook taster|maid|1126
|gen|9
|tier|[Gen 9] OU
|rated|
|rule|HP Percentage Mod: HP is shown in percentages
|rule|Endless Battle Clause: Forcing endless battles is banned
|rule|Species Clause: Limit one of each Pokémon
|rule|OHKO Clause: OHKO moves are banned
|rule|Evasion Items Clause: Evasion items are banned
|rule|Evasion Moves Clause: Evasion moves are banned
|rule|Evasion Abilities Clause: Evasion abilities are banned
|rule|Sleep Moves Clause: Sleep-inducing moves are banned
|clearpoke
|poke|p1|Scizor, M|
|poke|p1|Samurott-Hisui, F|
|poke|p1|Ogerpon-Wellspring, F|
|poke|p1|Gholdengo|
|poke|p1|Landorus-Therian, M|
|poke|p1|Tyranitar, F|
|poke|p2|Darkrai|
|poke|p2|Araquanid, F|
|poke|p2|Hatterene, F|
|poke|p2|Iron Valiant|
|poke|p2|Iron Treads|
|poke|p2|Zapdos|
|teampreview
|
|t:|1760328389
|teamsize|p1|6
|teamsize|p2|6
|start
|switch|p1a: Landorus|Landorus-Therian, M|100/100
|switch|p2a: Hatterene|Hatterene, F|100/100
|-ability|p1a: Landorus|Intimidate|boost
|-unboost|p2a: Hatterene|atk|1
|turn|1
|
|t:|1760328403
|move|p1a: Landorus|U-turn|p2a: Hatterene
|-damage|p2a: Hatterene|68/100
|-enditem|p2a: Hatterene|Red Card|[of] p1a: Landorus
|drag|p1a: Scizor|Scizor, M|100/100
|move|p2a: Hatterene|Draining Kiss|p1a: Scizor
|-resisted|p1a: Scizor
|-damage|p1a: Scizor|84/100
|-heal|p2a: Hatterene|81/100|[from] drain|[of] p1a: Scizor
|
|upkeep
|turn|2
|
|t:|1760328417
|move|p1a: Scizor|Bullet Punch|p2a: Hatterene
|-supereffective|p2a: Hatterene
|-damage|p2a: Hatterene|0 fnt
|faint|p2a: Hatterene
|-damage|p1a: Scizor|74/100|[from] item: Life Orb
|
|upkeep
|
|t:|1760328420
|switch|p2a: Zapdos|Zapdos|100/100
|turn|3
|
|t:|1760328427
|switch|p1a: Tyranitar|Tyranitar, F|100/100
|-weather|Sandstorm|[from] ability: Sand Stream|[of] p1a: Tyranitar
|move|p2a: Zapdos|Heat Wave|p1a: Tyranitar
|-resisted|p1a: Tyranitar
|-damage|p1a: Tyranitar|95/100
|
|-weather|Sandstorm|[upkeep]
|-damage|p2a: Zapdos|94/100|[from] Sandstorm
|-heal|p1a: Tyranitar|100/100|[from] item: Leftovers
|upkeep
|turn|4
|
|t:|1760328434
|move|p2a: Zapdos|Volt Switch|p1a: Tyranitar
|-damage|p1a: Tyranitar|87/100
|
|t:|1760328436
|switch|p2a: Araquanid|Araquanid, F|100/100|[from] Volt Switch
|move|p1a: Tyranitar|Knock Off|p2a: Araquanid
|-damage|p2a: Araquanid|60/100
|-enditem|p2a: Araquanid|Leftovers|[from] move: Knock Off|[of] p1a: Tyranitar
|
|-weather|Sandstorm|[upkeep]
|-damage|p2a: Araquanid|54/100|[from] Sandstorm
|-heal|p1a: Tyranitar|93/100|[from] item: Leftovers
|upkeep
|turn|5
|
|t:|1760328449
|move|p1a: Tyranitar|Stealth Rock|p2a: Araquanid
|-sidestart|p2: cook taster|move: Stealth Rock
|move|p2a: Araquanid|Leech Life|p1a: Tyranitar
|-supereffective|p1a: Tyranitar
|-damage|p1a: Tyranitar|53/100
|-heal|p2a: Araquanid|78/100|[from] drain|[of] p1a: Tyranitar
|
|-weather|Sandstorm|[upkeep]
|-damage|p2a: Araquanid|72/100|[from] Sandstorm
|-heal|p1a: Tyranitar|59/100|[from] item: Leftovers
|upkeep
|turn|6
|
|t:|1760328457
|move|p2a: Araquanid|Sticky Web|p1a: Tyranitar
|-sidestart|p1: fdsfsdfsdfsg|move: Sticky Web
|move|p1a: Tyranitar|Roar|p2a: Araquanid
|drag|p2a: Darkrai|Darkrai|100/100
|-damage|p2a: Darkrai|88/100|[from] Stealth Rock
|
|-weather|Sandstorm|[upkeep]
|-damage|p2a: Darkrai|82/100|[from] Sandstorm
|-heal|p1a: Tyranitar|65/100|[from] item: Leftovers
|upkeep
|turn|7
|
|t:|1760328465
|move|p2a: Darkrai|Ice Beam|p1a: Tyranitar
|-damage|p1a: Tyranitar|53/100
|move|p1a: Tyranitar|Roar|p2a: Darkrai
|drag|p2a: Zapdos|Zapdos|94/100
|-damage|p2a: Zapdos|70/100|[from] Stealth Rock
|
|-weather|none
|-heal|p1a: Tyranitar|59/100|[from] item: Leftovers
|upkeep
|turn|8
|
|t:|1760328473
|move|p2a: Zapdos|Discharge|p1a: Tyranitar
|-damage|p1a: Tyranitar|39/100
|move|p1a: Tyranitar|Roar|p2a: Zapdos
|drag|p2a: Araquanid|Araquanid, F|72/100
|-damage|p2a: Araquanid|47/100|[from] Stealth Rock
|
|-heal|p1a: Tyranitar|45/100|[from] item: Leftovers
|upkeep
|turn|9
|
|t:|1760328485
|switch|p1a: Ogerpon|Ogerpon-Wellspring, F|100/100
|-activate|p1a: Ogerpon|move: Sticky Web
|-unboost|p1a: Ogerpon|spe|1
|move|p2a: Araquanid|Liquidation|p1a: Ogerpon
|-immune|p1a: Ogerpon|[from] ability: Water Absorb
|
|upkeep
|turn|10
|
|t:|1760328495
|switch|p1a: Landorus|Landorus-Therian, M|100/100
|-ability|p1a: Landorus|Intimidate|boost
|-unboost|p2a: Araquanid|atk|1
|move|p2a: Araquanid|Leech Life|p1a: Landorus
|-resisted|p1a: Landorus
|-damage|p1a: Landorus|91/100
|-heal|p2a: Araquanid|52/100|[from] drain|[of] p1a: Landorus
|
|upkeep
|turn|11
|
|t:|1760328502
|move|p1a: Landorus|Stone Edge|p2a: Araquanid
|-supereffective|p2a: Araquanid
|-damage|p2a: Araquanid|0 fnt
|faint|p2a: Araquanid
|
|upkeep
|
|t:|1760328510
|switch|p2a: Darkrai|Darkrai|82/100
|-damage|p2a: Darkrai|69/100|[from] Stealth Rock
|turn|12
|inactive|Battle timer is ON: inactive players will automatically lose when time's up. (requested by fdsfsdfsdfsg)
|
|t:|1760328523
|switch|p1a: Tyranitar|Tyranitar, F|45/100
|-activate|p1a: Tyranitar|move: Sticky Web
|-unboost|p1a: Tyranitar|spe|1
|-weather|Sandstorm|[from] ability: Sand Stream|[of] p1a: Tyranitar
|-terastallize|p2a: Darkrai|Poison
|move|p2a: Darkrai|Nasty Plot|p2a: Darkrai
|-boost|p2a: Darkrai|spa|2
|
|-weather|Sandstorm|[upkeep]
|-damage|p2a: Darkrai|63/100|[from] Sandstorm
|-heal|p1a: Tyranitar|51/100|[from] item: Leftovers
|upkeep
|turn|13
|
|t:|1760328529
|move|p2a: Darkrai|Sludge Bomb|p1a: Tyranitar
|-resisted|p1a: Tyranitar
|-damage|p1a: Tyranitar|34/100
|move|p1a: Tyranitar|Roar|p2a: Darkrai
|drag|p2a: Iron Treads|Iron Treads|100/100
|-damage|p2a: Iron Treads|98/100|[from] Stealth Rock
|
|-weather|Sandstorm|[upkeep]
|-heal|p2a: Iron Treads|100/100|[from] item: Leftovers
|-heal|p1a: Tyranitar|40/100|[from] item: Leftovers
|upkeep
|turn|14
|-message|cook taster forfeited.
|
|win|fdsfsdfsdfsg
|raw|fdsfsdfsdfsg's rating: 1104 &rarr; <strong>1131</strong><br />(+27 for winning)
|raw|cook taster's rating: 1126 &rarr; <strong>1099</strong><br />(-27 for losing)
|l|☆cook taster
|player|p2|
|l|☆fdsfsdfsdfsg
|player|p1|
