|j|☆16 and 29
|j|☆imaginehavingskill
|t:|1760407609
|gametype|singles
|player|p1|16 and 29|delinquent|1328
|player|p2|imaginehavingskill|101|1290
|gen|9
|tier|[Gen 9] OU
|rated|
|rule|HP Percentage Mod: HP is shown in percentages
|rule|Endless Battle Clause: Forcing endless battles is banned
|rule|Species Clause: Limit one of each Pokémon
|rule|OHKO Clause: OHKO moves are banned
|rule|Evasion Items Clause: Evasion items are banned
|rule|Evasion Moves Clause: Evasion moves are banned
|rule|Evasion Abilities Clause: Evasion abilities are banned
|rule|Sleep Moves Clause: Sleep-inducing moves are banned
|clearpoke
|poke|p1|Raging Bolt|
|poke|p1|Ogerpon-Wellspring, F|
|poke|p1|Corviknight, M|
|poke|p1|Skeledirge, M|
|poke|p1|Slither Wing|
|poke|p1|Weezing-Galar, M|
|poke|p2|Toxicroak, F|
|poke|p2|Pelipper, F|
|poke|p2|Kingdra, F|
|poke|p2|Iron Treads|
|poke|p2|Ogerpon-Wellspring, F|
|poke|p2|Rotom-Heat|
|teampreview
|
|t:|1760407616
|teamsize|p1|6
|teamsize|p2|6
|start
|switch|p1a: Raging Bolt|Raging Bolt|100/100
|switch|p2a: Pelipper|Pelipper, F|100/100
|-weather|RainDance|[from] ability: Drizzle|[of] p2a: Pelipper
|-enditem|p1a: Raging Bolt|Booster Energy
|-activate|p1a: Raging Bolt|ability: Protosynthesis|[fromitem]
|-start|p1a: Raging Bolt|protosynthesisspa
|turn|1
|inactive|Battle timer is ON: inactive players will automatically lose when time's up. (requested by 16 and 29)
|
|t:|1760407647
|switch|p2a: Iron Treads|Iron Treads|100/100
|-terastallize|p1a: Raging Bolt|Ground
|move|p1a: Raging Bolt|Tera Blast|p2a: Iron Treads|[anim] Tera Blast Ground
|-supereffective|p2a: Iron Treads
|-damage|p2a: Iron Treads|30/100
|
|-weather|RainDance|[upkeep]
|upkeep
|turn|2
|
|t:|1760407659
|-end|p2a: Iron Treads|Quark Drive|[silent]
|switch|p2a: Rotom|Rotom-Heat|100/100
|-end|p1a: Raging Bolt|Protosynthesis|[silent]
|switch|p1a: Ogerpon|Ogerpon-Wellspring, F|100/100
|
|-weather|RainDance|[upkeep]
|upkeep
|turn|3
|
|t:|1760407674
|move|p1a: Ogerpon|Knock Off|p2a: Rotom
|-damage|p2a: Rotom|44/100
|-enditem|p2a: Rotom|Zap Plate|[from] move: Knock Off|[of] p1a: Ogerpon
|move|p2a: Rotom|Will-O-Wisp|p1a: Ogerpon
|-status|p1a: Ogerpon|brn
|
|-weather|RainDance|[upkeep]
|-damage|p1a: Ogerpon|95/100 brn|[from] brn
|upkeep
|turn|4
|
|t:|1760407681
|switch|p2a: Toxicroak|Toxicroak, F|100/100
|move|p1a: Ogerpon|Ivy Cudgel|p2a: Toxicroak|[anim] Ivy Cudgel Water
|-immune|p2a: Toxicroak|[from] ability: Dry Skin
|
|-weather|RainDance|[upkeep]
|-damage|p1a: Ogerpon|89/100 brn|[from] brn
|upkeep
|turn|5
|
|t:|1760407687
|switch|p1a: Corviknight|Corviknight, M|100/100
|move|p2a: Toxicroak|Toxic|p1a: Corviknight
|-immune|p1a: Corviknight
|
|-weather|RainDance|[upkeep]
|upkeep
|turn|6
|
|t:|1760407693
|switch|p2a: Kingdra|Kingdra, F|100/100
|move|p1a: Corviknight|U-turn|p2a: Kingdra
|-damage|p2a: Kingdra|84/100
|
|t:|1760407699
|switch|p1a: Weezing|Weezing-Galar, M|100/100|[from] U-turn
|
|-weather|RainDance|[upkeep]
|upkeep
|turn|7
|
|t:|1760407705
|-terastallize|p2a: Kingdra|Water
|move|p2a: Kingdra|Weather Ball|p1a: Weezing
|-damage|p1a: Weezing|0 fnt
|faint|p1a: Weezing
|
|-weather|RainDance|[upkeep]
|upkeep
|
|t:|1760407710
|switch|p1a: Ogerpon|Ogerpon-Wellspring, F|89/100 brn
|turn|8
|
|t:|1760407713
|switch|p2a: Toxicroak|Toxicroak, F|100/100
|move|p1a: Ogerpon|Horn Leech|p2a: Toxicroak
|-resisted|p2a: Toxicroak
|-damage|p2a: Toxicroak|89/100
|-heal|p1a: Ogerpon|96/100 brn|[from] drain|[of] p2a: Toxicroak
|
|-weather|none
|-heal|p2a: Toxicroak|95/100|[from] item: Leftovers
|-damage|p1a: Ogerpon|90/100 brn|[from] brn
|upkeep
|turn|9
|
|t:|1760407719
|switch|p1a: Corviknight|Corviknight, M|100/100
|move|p2a: Toxicroak|Knock Off|p1a: Corviknight
|-damage|p1a: Corviknight|84/100
|-damage|p2a: Toxicroak|78/100|[from] item: Rocky Helmet|[of] p1a: Corviknight
|-enditem|p1a: Corviknight|Rocky Helmet|[from] move: Knock Off|[of] p2a: Toxicroak
|
|-heal|p2a: Toxicroak|84/100|[from] item: Leftovers
|upkeep
|turn|10
|
|t:|1760407723
|switch|p2a: Pelipper|Pelipper, F|100/100
|-weather|RainDance|[from] ability: Drizzle|[of] p2a: Pelipper
|move|p1a: Corviknight|U-turn|p2a: Pelipper
|-resisted|p2a: Pelipper
|-crit|p2a: Pelipper
|-damage|p2a: Pelipper|92/100
|
|t:|1760407725
|switch|p1a: Raging Bolt|Raging Bolt, tera:Ground|100/100|[from] U-turn
|
|-weather|RainDance|[upkeep]
|upkeep
|turn|11
|
|t:|1760407734
|switch|p2a: Rotom|Rotom-Heat|44/100
|move|p1a: Raging Bolt|Thunderbolt|p2a: Rotom
|-resisted|p2a: Rotom
|-damage|p2a: Rotom|11/100
|
|-weather|RainDance|[upkeep]
|upkeep
|turn|12
|
|t:|1760407741
|move|p2a: Rotom|Thunder|p1a: Raging Bolt
|-immune|p1a: Raging Bolt
|move|p1a: Raging Bolt|Thunderbolt|p2a: Rotom
|-resisted|p2a: Rotom
|-damage|p2a: Rotom|0 fnt
|faint|p2a: Rotom
|
|-weather|RainDance|[upkeep]
|upkeep
|
|t:|1760407745
|switch|p2a: Ogerpon|Ogerpon-Wellspring, F|100/100
|turn|13
|
|t:|1760407752
|-end|p1a: Raging Bolt|Protosynthesis|[silent]
|switch|p1a: Ogerpon|Ogerpon-Wellspring, F|90/100 brn
|move|p2a: Ogerpon|U-turn|p1a: Ogerpon
|-supereffective|p1a: Ogerpon
|-damage|p1a: Ogerpon|21/100 brn
|
|t:|1760407757
|switch|p2a: Toxicroak|Toxicroak, F|84/100|[from] U-turn
|
|-weather|RainDance|[upkeep]
|-heal|p2a: Toxicroak|96/100|[from] ability: Dry Skin
|-heal|p2a: Toxicroak|100/100|[from] item: Leftovers
|-damage|p1a: Ogerpon|15/100 brn|[from] brn
|upkeep
|turn|14
|
|t:|1760407763
|switch|p1a: Corviknight|Corviknight, M|84/100
|switch|p2a: Kingdra|Kingdra, F, tera:Water|84/100
|
|-weather|RainDance|[upkeep]
|upkeep
|turn|15
|
|t:|1760407771
|switch|p1a: Ogerpon|Ogerpon-Wellspring, F|15/100 brn
|move|p2a: Kingdra|Draco Meteor|p1a: Ogerpon
|-damage|p1a: Ogerpon|0 fnt
|-unboost|p2a: Kingdra|spa|2
|faint|p1a: Ogerpon
|
|-weather|RainDance|[upkeep]
|upkeep
|
|t:|1760407777
|switch|p1a: Slither Wing|Slither Wing|100/100
|turn|16
|
|t:|1760407781
|switch|p2a: Pelipper|Pelipper, F|92/100
|move|p1a: Slither Wing|Earthquake|p2a: Pelipper
|-immune|p2a: Pelipper
|
|-weather|RainDance|[upkeep]
|upkeep
|turn|17
|
|t:|1760407786
|-end|p1a: Slither Wing|Protosynthesis|[silent]
|switch|p1a: Corviknight|Corviknight, M|84/100
|move|p2a: Pelipper|Hurricane|p1a: Corviknight
|-resisted|p1a: Corviknight
|-damage|p1a: Corviknight|66/100
|
|-weather|none
|upkeep
|turn|18
|
|t:|1760407790
|move|p1a: Corviknight|Roost|p1a: Corviknight
|-heal|p1a: Corviknight|100/100
|-singleturn|p1a: Corviknight|move: Roost
|move|p2a: Pelipper|U-turn|p1a: Corviknight
|-resisted|p1a: Corviknight
|-damage|p1a: Corviknight|97/100
|
|t:|1760407794
|switch|p2a: Ogerpon|Ogerpon-Wellspring, F|100/100|[from] U-turn
|
|upkeep
|turn|19
|
|t:|1760407797
|move|p2a: Ogerpon|U-turn|p1a: Corviknight
|-resisted|p1a: Corviknight
|-damage|p1a: Corviknight|93/100
|
|t:|1760407799
|switch|p2a: Pelipper|Pelipper, F|92/100|[from] U-turn
|-weather|RainDance|[from] ability: Drizzle|[of] p2a: Pelipper
|move|p1a: Corviknight|U-turn|p2a: Pelipper
|-resisted|p2a: Pelipper
|-damage|p2a: Pelipper|86/100
|
|t:|1760407801
|switch|p1a: Raging Bolt|Raging Bolt, tera:Ground|100/100|[from] U-turn
|
|-weather|RainDance|[upkeep]
|upkeep
|turn|20
|
|t:|1760407808
|switch|p2a: Iron Treads|Iron Treads|30/100
|move|p1a: Raging Bolt|Thunderbolt|p2a: Iron Treads
|-immune|p2a: Iron Treads
|
|-weather|RainDance|[upkeep]
|upkeep
|turn|21
|
|t:|1760407816
|-end|p1a: Raging Bolt|Protosynthesis|[silent]
|switch|p1a: Corviknight|Corviknight, M|93/100
|move|p2a: Iron Treads|Earthquake|p1a: Corviknight
|-immune|p1a: Corviknight
|
|-weather|RainDance|[upkeep]
|upkeep
|turn|22
|
|t:|1760407819
|move|p2a: Iron Treads|Volt Switch|p1a: Corviknight
|-supereffective|p1a: Corviknight
|-damage|p1a: Corviknight|73/100
|
|t:|1760407830
|-end|p2a: Iron Treads|Quark Drive|[silent]
|switch|p2a: Toxicroak|Toxicroak, F|100/100|[from] Volt Switch
|move|p1a: Corviknight|Body Press|p2a: Toxicroak
|-resisted|p2a: Toxicroak
|-damage|p2a: Toxicroak|88/100
|
|-weather|RainDance|[upkeep]
|-heal|p2a: Toxicroak|99/100|[from] ability: Dry Skin
|-heal|p2a: Toxicroak|100/100|[from] item: Leftovers
|upkeep
|turn|23
|
|t:|1760407837
|switch|p2a: Ogerpon|Ogerpon-Wellspring, F|100/100
|move|p1a: Corviknight|U-turn|p2a: Ogerpon
|-supereffective|p2a: Ogerpon
|-damage|p2a: Ogerpon|61/100
|
|t:|1760407841
|switch|p1a: Slither Wing|Slither Wing|100/100|[from] U-turn
|
|-weather|RainDance|[upkeep]
|upkeep
|turn|24
|
|t:|1760407847
|switch|p2a: Toxicroak|Toxicroak, F|100/100
|move|p1a: Slither Wing|U-turn|p2a: Toxicroak
|-resisted|p2a: Toxicroak
|-damage|p2a: Toxicroak|86/100
|
|t:|1760407850
|-end|p1a: Slither Wing|Protosynthesis|[silent]
|switch|p1a: Raging Bolt|Raging Bolt, tera:Ground|100/100|[from] U-turn
|
|-weather|RainDance|[upkeep]
|-heal|p2a: Toxicroak|98/100|[from] ability: Dry Skin
|-heal|p2a: Toxicroak|100/100|[from] item: Leftovers
|upkeep
|turn|25
|
|t:|1760407859
|switch|p2a: Pelipper|Pelipper, F|86/100
|move|p1a: Raging Bolt|Tera Blast|p2a: Pelipper|[anim] Tera Blast Ground
|-immune|p2a: Pelipper
|
|-weather|RainDance|[upkeep]
|upkeep
|turn|26
|
|t:|1760407862
|switch|p2a: Iron Treads|Iron Treads|30/100
|move|p1a: Raging Bolt|Tera Blast|p2a: Iron Treads|[anim] Tera Blast Ground
|-supereffective|p2a: Iron Treads
|-damage|p2a: Iron Treads|0 fnt
|faint|p2a: Iron Treads
|-end|p2a: Iron Treads|Quark Drive|[silent]
|
|-weather|none
|upkeep
|
|t:|1760407867
|switch|p2a: Ogerpon|Ogerpon-Wellspring, F|61/100
|turn|27
|
|t:|1760407869
|-end|p1a: Raging Bolt|Protosynthesis|[silent]
|switch|p1a: Corviknight|Corviknight, M|73/100
|move|p2a: Ogerpon|Ivy Cudgel|p1a: Corviknight|[anim] Ivy Cudgel Water
|-damage|p1a: Corviknight|35/100
|
|upkeep
|turn|28
|
|t:|1760407873
|move|p2a: Ogerpon|Ivy Cudgel|p1a: Corviknight|[anim] Ivy Cudgel Water
|-damage|p1a: Corviknight|2/100
|move|p1a: Corviknight|Roost|p1a: Corviknight
|-heal|p1a: Corviknight|52/100
|-singleturn|p1a: Corviknight|move: Roost
|
|upkeep
|turn|29
|
|t:|1760407878
|switch|p2a: Pelipper|Pelipper, F|86/100
|-weather|RainDance|[from] ability: Drizzle|[of] p2a: Pelipper
|move|p1a: Corviknight|Roost|p1a: Corviknight
|-heal|p1a: Corviknight|100/100
|-singleturn|p1a: Corviknight|move: Roost
|
|-weather|RainDance|[upkeep]
|upkeep
|turn|30
|
|t:|1760407880
|move|p1a: Corviknight|U-turn|p2a: Pelipper
|-resisted|p2a: Pelipper
|-damage|p2a: Pelipper|81/100
|
|t:|1760407883
|switch|p1a: Slither Wing|Slither Wing|100/100|[from] U-turn
|move|p2a: Pelipper|U-turn|p1a: Slither Wing
|-resisted|p1a: Slither Wing
|-damage|p1a: Slither Wing|95/100
|
|t:|1760407887
|switch|p2a: Toxicroak|Toxicroak, F|100/100|[from] U-turn
|
|-weather|RainDance|[upkeep]
|upkeep
|turn|31
|
|t:|1760407890
|move|p1a: Slither Wing|Earthquake|p2a: Toxicroak
|-supereffective|p2a: Toxicroak
|-damage|p2a: Toxicroak|0 fnt
|faint|p2a: Toxicroak
|
|-weather|RainDance|[upkeep]
|upkeep
|c|☆imaginehavingskill|gg
|-message|imaginehavingskill forfeited.
|
|win|16 and 29
|raw|16 and 29's rating: 1328 &rarr; <strong>1346</strong><br />(+18 for winning)
|raw|imaginehavingskill's rating: 1290 &rarr; <strong>1268</strong><br />(-22 for losing)
|l|☆imaginehavingskill
|player|p2|
|c|☆16 and 29|gg
