|badge|p1|bronze|gen9randombattle|100-7
|uhtml|medal-msg|<div class="broadcast-blue">Curious what those medals under the avatar are? PS now has Ladder Seasons! For more information, check out the <a href="https://www.smogon.com/forums/threads/3740067/">thread on Smogon.</a></div>
|badge|p2|silver|gen9ou|30-7
|uhtml|medal-msg|<div class="broadcast-blue">Curious what those medals under the avatar are? PS now has Ladder Seasons! For more information, check out the <a href="https://www.smogon.com/forums/threads/3740067/">thread on Smogon.</a></div>
|j|☆SpongeGar & Patar
|j|☆Swiscool
|t:|1760375353
|gametype|singles
|player|p1|SpongeGar & Patar|266|1837
|player|p2|Swiscool|2|1914
|gen|9
|tier|[Gen 9] OU
|rated|
|rule|HP Percentage Mod: HP is shown in percentages
|rule|Endless Battle Clause: Forcing endless battles is banned
|rule|Species Clause: Limit one of each Pokémon
|rule|OHKO Clause: OHKO moves are banned
|rule|Evasion Items Clause: Evasion items are banned
|rule|Evasion Moves Clause: Evasion moves are banned
|rule|Evasion Abilities Clause: Evasion abilities are banned
|rule|Sleep Moves Clause: Sleep-inducing moves are banned
|clearpoke
|poke|p1|Kyurem|
|poke|p1|Corviknight, F|
|poke|p1|Ting-Lu|
|poke|p1|Dondozo, M|
|poke|p1|Slowking-Galar, L99, F|
|poke|p1|Cinderace, F|
|poke|p2|Samurott-Hisui, F|
|poke|p2|Darkrai|
|poke|p2|Kingambit, M|
|poke|p2|Landorus-Therian, M|
|poke|p2|Pecharunt|
|poke|p2|Enamorus, F|
|teampreview
|j| bloodhound q50
|inactive|Battle timer is ON: inactive players will automatically lose when time's up. (requested by Swiscool)
|
|t:|1760375403
|teamsize|p1|6
|teamsize|p2|6
|start
|switch|p1a: Kyurem|Kyurem|100/100
|switch|p2a: Pecharunt|Pecharunt|100/100
|-ability|p1a: Kyurem|Pressure
|turn|1
|inactive|SpongeGar & Patar also wants the timer to be on.
|c| bloodhound q50|SpongeGar & Patar lol i know those names
|inactive|SpongeGar & Patar has 120 seconds left.
|
|t:|1760375451
|move|p1a: Kyurem|Freeze-Dry|p2a: Pecharunt
|-damage|p2a: Pecharunt|63/100
|move|p2a: Pecharunt|Parting Shot|p1a: Kyurem
|-unboost|p1a: Kyurem|atk|1
|-unboost|p1a: Kyurem|spa|1
|
|t:|1760375466
|switch|p2a: Samurott|Samurott-Hisui, F|100/100|[from] Parting Shot
|
|upkeep
|turn|2
|inactive|SpongeGar & Patar has 90 seconds left.
|
|t:|1760375514
|move|p1a: Kyurem|Freeze-Dry|p2a: Samurott
|-supereffective|p2a: Samurott
|-damage|p2a: Samurott|31/100
|-status|p2a: Samurott|frz
|cant|p2a: Samurott|frz
|
|upkeep
|turn|3
|c| bloodhound q50|why would u williingly go Hrott?
|c|☆Swiscool|Yeah fuck that
|inactive|SpongeGar & Patar has 60 seconds left.
|inactive|Swiscool has 120 seconds left.
|c| bloodhound q50|lol
|j| lemonlarry
|c|☆Swiscool|This kyurem has to be knocked as soon as possible otherwise it’s a bad matchup
|inactive|Swiscool has 90 seconds left.
|c|☆Swiscool|Either way it’s a terrible matchup and then add hax on top of it
|
|t:|1760375580
|switch|p2a: Darkrai|Darkrai|100/100
|move|p1a: Kyurem|Freeze-Dry|p2a: Darkrai
|-damage|p2a: Darkrai|70/100
|
|upkeep
|turn|4
|
|t:|1760375590
|move|p2a: Darkrai|Trick|p1a: Kyurem
|-activate|p2a: Darkrai|move: Trick|[of] p1a: Kyurem
|-item|p1a: Kyurem|Choice Scarf|[from] move: Trick
|-item|p2a: Darkrai|Leftovers|[from] move: Trick
|move|p1a: Kyurem|Freeze-Dry|p2a: Darkrai
|-damage|p2a: Darkrai|40/100
|
|-heal|p2a: Darkrai|46/100|[from] item: Leftovers
|upkeep
|turn|5
|inactive|Swiscool has 90 seconds left.
|
|t:|1760375599
|move|p1a: Kyurem|Freeze-Dry|p2a: Darkrai
|-damage|p2a: Darkrai|17/100
|move|p2a: Darkrai|Dark Pulse|p1a: Kyurem
|-damage|p1a: Kyurem|58/100
|
|-heal|p2a: Darkrai|23/100|[from] item: Leftovers
|upkeep
|turn|6
|
|t:|1760375610
|switch|p2a: Samurott|Samurott-Hisui, F|31/100 frz
|move|p1a: Kyurem|Freeze-Dry|p2a: Samurott
|-supereffective|p2a: Samurott
|-damage|p2a: Samurott|0 fnt
|faint|p2a: Samurott
|
|upkeep
|
|t:|1760375613
|switch|p2a: Kingambit|Kingambit, M|100/100
|-activate|p2a: Kingambit|ability: Supreme Overlord
|-start|p2a: Kingambit|fallen1|[silent]
|-item|p2a: Kingambit|Air Balloon
|turn|7
|
|t:|1760375622
|switch|p1a: Dondozo|Dondozo, M|100/100
|move|p2a: Kingambit|Kowtow Cleave|p1a: Dondozo
|-damage|p1a: Dondozo|75/100
|
|-heal|p1a: Dondozo|81/100|[from] item: Leftovers
|upkeep
|turn|8
|inactive|SpongeGar & Patar has 60 seconds left.
|
|t:|1760375634
|-end|p2a: Kingambit|fallen1|[silent]
|switch|p2a: Landorus|Landorus-Therian, M|100/100
|-ability|p2a: Landorus|Intimidate|boost
|-unboost|p1a: Dondozo|atk|1
|switch|p1a: Kyurem|Kyurem|58/100
|-ability|p1a: Kyurem|Pressure
|
|upkeep
|turn|9
|inactive|SpongeGar & Patar has 60 seconds left.
|inactive|Swiscool has 120 seconds left.
|
|t:|1760375643
|switch|p2a: Kingambit|Kingambit, M|100/100
|-activate|p2a: Kingambit|ability: Supreme Overlord
|-start|p2a: Kingambit|fallen1|[silent]
|-item|p2a: Kingambit|Air Balloon
|move|p1a: Kyurem|Freeze-Dry|p2a: Kingambit
|-resisted|p2a: Kingambit
|-damage|p2a: Kingambit|83/100
|-status|p2a: Kingambit|frz
|-enditem|p2a: Kingambit|Air Balloon
|
|upkeep
|turn|10
|inactive|SpongeGar & Patar has 60 seconds left.
|
|t:|1760375654
|switch|p1a: Dondozo|Dondozo, M|81/100
|-curestatus|p2a: Kingambit|frz|[msg]
|move|p2a: Kingambit|Swords Dance|p2a: Kingambit
|-boost|p2a: Kingambit|atk|2
|
|-heal|p1a: Dondozo|87/100|[from] item: Leftovers
|upkeep
|turn|11
|
|t:|1760375664
|-end|p2a: Kingambit|fallen1|[silent]
|switch|p2a: Landorus|Landorus-Therian, M|100/100
|-ability|p2a: Landorus|Intimidate|boost
|-unboost|p1a: Dondozo|atk|1
|move|p1a: Dondozo|Body Press|p2a: Landorus
|-resisted|p2a: Landorus
|-damage|p2a: Landorus|90/100
|-damage|p1a: Dondozo|70/100|[from] item: Rocky Helmet|[of] p2a: Landorus
|
|-heal|p1a: Dondozo|77/100|[from] item: Leftovers
|upkeep
|turn|12
|
|t:|1760375673
|switch|p1a: Corviknight|Corviknight, F|100/100
|-ability|p1a: Corviknight|Pressure
|move|p2a: Landorus|Stone Edge|p1a: Corviknight
|-damage|p1a: Corviknight|81/100
|
|upkeep
|turn|13
|
|t:|1760375683
|move|p2a: Landorus|Stealth Rock|p1a: Corviknight
|-sidestart|p1: SpongeGar & Patar|move: Stealth Rock
|move|p1a: Corviknight|Roost|p1a: Corviknight
|-heal|p1a: Corviknight|100/100
|-singleturn|p1a: Corviknight|move: Roost
|
|upkeep
|turn|14
|
|t:|1760375694
|move|p2a: Landorus|Stone Edge|p1a: Corviknight
|-damage|p1a: Corviknight|83/100
|move|p1a: Corviknight|Defog|p2a: Landorus
|-unboost|p2a: Landorus|evasion|1
|-sideend|p1: SpongeGar & Patar|Stealth Rock|[from] move: Defog|[of] p1a: Corviknight
|
|upkeep
|turn|15
|
|t:|1760375703
|move|p2a: Landorus|Stealth Rock|p1a: Corviknight
|-sidestart|p1: SpongeGar & Patar|move: Stealth Rock
|move|p1a: Corviknight|Roost|p1a: Corviknight
|-heal|p1a: Corviknight|100/100
|-singleturn|p1a: Corviknight|move: Roost
|
|upkeep
|turn|16
|inactive|SpongeGar & Patar has 90 seconds left.
|inactive|SpongeGar & Patar has 60 seconds left.
|
|t:|1760375751
|switch|p2a: Darkrai|Darkrai|23/100
|move|p1a: Corviknight|Defog|p2a: Darkrai
|-unboost|p2a: Darkrai|evasion|1
|-sideend|p1: SpongeGar & Patar|Stealth Rock|[from] move: Defog|[of] p1a: Corviknight
|
|-heal|p2a: Darkrai|29/100|[from] item: Leftovers
|upkeep
|turn|17
|inactive|SpongeGar & Patar has 30 seconds left.
|l| lemonlarry
|inactive|SpongeGar & Patar has 20 seconds left.
|inactive|SpongeGar & Patar has 15 seconds left.
|
|t:|1760375799
|move|p2a: Darkrai|Will-O-Wisp|p1a: Corviknight
|-status|p1a: Corviknight|brn
|move|p1a: Corviknight|U-turn|p2a: Darkrai
|-supereffective|p2a: Darkrai
|-damage|p2a: Darkrai|9/100
|inactive|SpongeGar & Patar has 20 seconds left this turn.
|inactive|SpongeGar & Patar has 15 seconds left.
|
|t:|1760375808
|switch|p1a: Kyurem|Kyurem|58/100|[from] U-turn
|-ability|p1a: Kyurem|Pressure
|
|-heal|p2a: Darkrai|15/100|[from] item: Leftovers
|upkeep
|turn|18
|inactive|SpongeGar & Patar has 25 seconds left this turn.
|inactive|SpongeGar & Patar has 20 seconds left.
|
|t:|1760375818
|switch|p2a: Kingambit|Kingambit, M|83/100
|-activate|p2a: Kingambit|ability: Supreme Overlord
|-start|p2a: Kingambit|fallen1|[silent]
|move|p1a: Kyurem|Freeze-Dry|p2a: Kingambit
|-resisted|p2a: Kingambit
|-damage|p2a: Kingambit|65/100
|
|upkeep
|turn|19
|inactive|SpongeGar & Patar has 30 seconds left this turn.
|inactive|SpongeGar & Patar has 20 seconds left.
|
|t:|1760375829
|switch|p1a: Dondozo|Dondozo, M|77/100
|move|p2a: Kingambit|Kowtow Cleave|p1a: Dondozo
|-damage|p1a: Dondozo|50/100
|
|-heal|p1a: Dondozo|57/100|[from] item: Leftovers
|upkeep
|turn|20
|inactive|SpongeGar & Patar has 30 seconds left this turn.
|inactive|SpongeGar & Patar has 20 seconds left.
|
|t:|1760375840
|-end|p2a: Kingambit|fallen1|[silent]
|switch|p2a: Darkrai|Darkrai|15/100
|switch|p1a: Kyurem|Kyurem|58/100
|-ability|p1a: Kyurem|Pressure
|
|-heal|p2a: Darkrai|21/100|[from] item: Leftovers
|upkeep
|turn|21
|inactive|SpongeGar & Patar has 30 seconds left this turn.
|
|t:|1760375849
|switch|p2a: Kingambit|Kingambit, M|65/100
|-activate|p2a: Kingambit|ability: Supreme Overlord
|-start|p2a: Kingambit|fallen1|[silent]
|move|p1a: Kyurem|Freeze-Dry|p2a: Kingambit
|-resisted|p2a: Kingambit
|-damage|p2a: Kingambit|47/100
|
|upkeep
|turn|22
|inactive|SpongeGar & Patar has 30 seconds left.
|
|t:|1760375860
|switch|p1a: Dondozo|Dondozo, M|57/100
|move|p2a: Kingambit|Kowtow Cleave|p1a: Dondozo
|-damage|p1a: Dondozo|31/100
|
|-heal|p1a: Dondozo|37/100|[from] item: Leftovers
|upkeep
|turn|23
|inactive|SpongeGar & Patar has 30 seconds left.
|
|t:|1760375871
|move|p2a: Kingambit|Iron Head|p1a: Dondozo
|-resisted|p1a: Dondozo
|-damage|p1a: Dondozo|26/100
|cant|p1a: Dondozo|flinch
|
|-heal|p1a: Dondozo|32/100|[from] item: Leftovers
|upkeep
|turn|24
|c| bloodhound q50|ooh
|inactive|SpongeGar & Patar has 30 seconds left.
|
|t:|1760375882
|move|p2a: Kingambit|Iron Head|p1a: Dondozo
|-resisted|p1a: Dondozo
|-damage|p1a: Dondozo|21/100
|cant|p1a: Dondozo|flinch
|
|-heal|p1a: Dondozo|27/100|[from] item: Leftovers
|upkeep
|turn|25
|inactive|SpongeGar & Patar has 30 seconds left.
|
|t:|1760375892
|move|p2a: Kingambit|Kowtow Cleave|p1a: Dondozo
|-damage|p1a: Dondozo|4/100
|move|p1a: Dondozo|Rest|p1a: Dondozo
|-status|p1a: Dondozo|slp|[from] move: Rest
|-heal|p1a: Dondozo|100/100 slp|[silent]
|
|upkeep
|turn|26
|inactive|SpongeGar & Patar has 30 seconds left.
|
|t:|1760375906
|move|p2a: Kingambit|Iron Head|p1a: Dondozo
|-resisted|p1a: Dondozo
|-damage|p1a: Dondozo|89/100 slp
|cant|p1a: Dondozo|slp
|
|-heal|p1a: Dondozo|95/100 slp|[from] item: Leftovers
|upkeep
|turn|27
|inactive|SpongeGar & Patar has 30 seconds left.
|
|t:|1760375917
|move|p2a: Kingambit|Kowtow Cleave|p1a: Dondozo
|-damage|p1a: Dondozo|71/100 slp
|cant|p1a: Dondozo|slp
|
|-heal|p1a: Dondozo|77/100 slp|[from] item: Leftovers
|upkeep
|turn|28
|inactive|SpongeGar & Patar has 30 seconds left.
|
|t:|1760375927
|-end|p2a: Kingambit|fallen1|[silent]
|switch|p2a: Landorus|Landorus-Therian, M|90/100
|-ability|p2a: Landorus|Intimidate|boost
|-unboost|p1a: Dondozo|atk|1
|switch|p1a: Kyurem|Kyurem|58/100
|-ability|p1a: Kyurem|Pressure
|
|upkeep
|turn|29
|inactive|SpongeGar & Patar has 30 seconds left.
|-message|Swiscool forfeited.
|
|win|SpongeGar & Patar
|raw|SpongeGar &amp; Patar's rating: 1837 &rarr; <strong>1861</strong><br />(+24 for winning)
|raw|Swiscool's rating: 1914 &rarr; <strong>1890</strong><br />(-24 for losing)
|l|☆Swiscool
|player|p2|
|l|☆SpongeGar & Patar
|player|p1|
|l| bloodhound q50
