|j|☆beeboobaa
|j|☆Haconnhabatrieu
|t:|1760347762
|gametype|singles
|player|p1|beeboobaa|169|1391
|player|p2|Haconnhabatrieu|ninjaboy|1379
|gen|9
|tier|[Gen 9] OU
|rated|
|rule|HP Percentage Mod: HP is shown in percentages
|rule|Endless Battle Clause: Forcing endless battles is banned
|rule|Species Clause: Limit one of each Pokémon
|rule|OHKO Clause: OHKO moves are banned
|rule|Evasion Items Clause: Evasion items are banned
|rule|Evasion Moves Clause: Evasion moves are banned
|rule|Evasion Abilities Clause: Evasion abilities are banned
|rule|Sleep Moves Clause: Sleep-inducing moves are banned
|clearpoke
|poke|p1|Blastoise, M|
|poke|p1|Clefable, F|
|poke|p1|Slowbro, M|
|poke|p1|Chansey, F|
|poke|p1|Zapdos|
|poke|p1|Dragonite, F|
|poke|p2|Gholdengo|
|poke|p2|Ogerpon-Wellspring, F|
|poke|p2|Great Tusk|
|poke|p2|Ting-Lu|
|poke|p2|Ninetales-Alola, M|
|poke|p2|Dragonite, M|
|teampreview
|inactive|Battle timer is ON: inactive players will automatically lose when time's up. (requested by beeboobaa)
|
|t:|1760347773
|teamsize|p1|6
|teamsize|p2|6
|start
|switch|p1a: Blastoise|Blastoise, M|100/100
|switch|p2a: Ogerpon|Ogerpon-Wellspring, F|100/100
|turn|1
|
|t:|1760347782
|switch|p1a: Zapdos|Zapdos|100/100
|move|p2a: Ogerpon|Horn Leech|p1a: Zapdos
|-resisted|p1a: Zapdos
|-damage|p1a: Zapdos|83/100
|
|upkeep
|turn|2
|
|t:|1760347790
|switch|p2a: Ting-Lu|Ting-Lu, shiny|100/100
|-ability|p2a: Ting-Lu|Vessel of Ruin
|move|p1a: Zapdos|Hurricane|p2a: Ting-Lu
|-damage|p2a: Ting-Lu|74/100
|
|upkeep
|turn|3
|
|t:|1760347799
|switch|p1a: Slowbro|Slowbro, M|100/100
|move|p2a: Ting-Lu|Stealth Rock|p1a: Slowbro
|-sidestart|p1: beeboobaa|move: Stealth Rock
|
|upkeep
|turn|4
|
|t:|1760347808
|switch|p2a: Ogerpon|Ogerpon-Wellspring, F|100/100
|move|p1a: Slowbro|Calm Mind|p1a: Slowbro
|-boost|p1a: Slowbro|spa|1
|-boost|p1a: Slowbro|spd|1
|
|upkeep
|turn|5
|
|t:|1760347834
|switch|p1a: Zapdos|Zapdos|83/100
|move|p2a: Ogerpon|Swords Dance|p2a: Ogerpon
|-boost|p2a: Ogerpon|atk|2
|
|upkeep
|turn|6
|
|t:|1760347846
|move|p2a: Ogerpon|Ivy Cudgel|p1a: Zapdos|[anim] Ivy Cudgel Water
|-damage|p1a: Zapdos|0 fnt
|faint|p1a: Zapdos
|
|upkeep
|
|t:|1760347861
|switch|p1a: Slowbro|Slowbro, M|100/100
|-damage|p1a: Slowbro|88/100|[from] Stealth Rock
|turn|7
|
|t:|1760347866
|move|p2a: Ogerpon|Horn Leech|p1a: Slowbro
|-supereffective|p1a: Slowbro
|-damage|p1a: Slowbro|0 fnt
|-damage|p2a: Ogerpon|84/100|[from] item: Rocky Helmet|[of] p1a: Slowbro
|faint|p1a: Slowbro
|
|upkeep
|c|☆beeboobaa|hmm
|
|t:|1760347877
|switch|p1a: Dragonite|Dragonite, F|100/100
|-damage|p1a: Dragonite|76/100|[from] Stealth Rock
|turn|8
|
|t:|1760347886
|-terastallize|p2a: Ogerpon|Water
|detailschange|p2a: Ogerpon|Ogerpon-Wellspring-Tera, F, tera:Water
|-ability|p2a: Ogerpon|Embody Aspect (Wellspring)|boost
|-boost|p2a: Ogerpon|spd|1
|move|p2a: Ogerpon|Ivy Cudgel|p1a: Dragonite|[anim] Ivy Cudgel Water
|-resisted|p1a: Dragonite
|-damage|p1a: Dragonite|5/100
|move|p1a: Dragonite|Earthquake|p2a: Ogerpon
|-damage|p2a: Ogerpon|34/100
|
|upkeep
|turn|9
|
|t:|1760347900
|move|p2a: Ogerpon|Ivy Cudgel|p1a: Dragonite|[anim] Ivy Cudgel Water
|-resisted|p1a: Dragonite
|-damage|p1a: Dragonite|0 fnt
|faint|p1a: Dragonite
|
|upkeep
|inactive|beeboobaa has 120 seconds left.
|inactive|beeboobaa has 90 seconds left.
|
|t:|1760347968
|switch|p1a: Blastoise|Blastoise, M|100/100
|-damage|p1a: Blastoise|88/100|[from] Stealth Rock
|turn|10
|
|t:|1760347982
|-terastallize|p1a: Blastoise|Electric
|move|p2a: Ogerpon|Horn Leech|p1a: Blastoise
|-damage|p1a: Blastoise|15/100
|-heal|p2a: Ogerpon|78/100|[from] drain|[of] p1a: Blastoise
|-damage|p2a: Ogerpon|61/100|[from] item: Rocky Helmet|[of] p1a: Blastoise
|move|p1a: Blastoise|Shell Smash|p1a: Blastoise
|-unboost|p1a: Blastoise|def|1
|-unboost|p1a: Blastoise|spd|1
|-boost|p1a: Blastoise|atk|2
|-boost|p1a: Blastoise|spa|2
|-boost|p1a: Blastoise|spe|2
|
|upkeep
|turn|11
|
|t:|1760347999
|move|p1a: Blastoise|Tera Blast|p2a: Ogerpon|[anim] Tera Blast Electric
|-supereffective|p2a: Ogerpon
|-damage|p2a: Ogerpon|0 fnt
|faint|p2a: Ogerpon
|detailschange|p2: Ogerpon|Ogerpon-Wellspring, F|[silent]
|
|upkeep
|inactive|Haconnhabatrieu has 120 seconds left.
|inactive|Haconnhabatrieu has 90 seconds left.
|inactive|Haconnhabatrieu has 60 seconds left.
|
|t:|1760348080
|switch|p2a: Ting-Lu|Ting-Lu, shiny|74/100
|-ability|p2a: Ting-Lu|Vessel of Ruin
|turn|12
|inactive|beeboobaa has 90 seconds left.
|
|t:|1760348089
|move|p1a: Blastoise|Ice Beam|p2a: Ting-Lu
|-supereffective|p2a: Ting-Lu
|-damage|p2a: Ting-Lu|36/100
|move|p2a: Ting-Lu|Whirlwind|p1a: Blastoise
|drag|p1a: Chansey|Chansey, F|100/100
|-damage|p1a: Chansey|88/100|[from] Stealth Rock
|
|upkeep
|turn|13
|inactive|beeboobaa has 90 seconds left.
|
|t:|1760348104
|switch|p2a: Great Tusk|Great Tusk, shiny|100/100
|move|p1a: Chansey|Seismic Toss|p2a: Great Tusk
|-damage|p2a: Great Tusk|75/100
|
|upkeep
|turn|14
|
|t:|1760348114
|move|p2a: Great Tusk|Rapid Spin|p1a: Chansey
|-damage|p1a: Chansey|74/100
|-boost|p2a: Great Tusk|spe|1
|move|p1a: Chansey|Seismic Toss|p2a: Great Tusk
|-damage|p2a: Great Tusk|50/100
|
|upkeep
|turn|15
|
|t:|1760348128
|switch|p1a: Blastoise|Blastoise, M, tera:Electric|15/100
|-damage|p1a: Blastoise|3/100|[from] Stealth Rock
|move|p2a: Great Tusk|Close Combat|p1a: Blastoise
|-damage|p1a: Blastoise|0 fnt
|-unboost|p2a: Great Tusk|def|1
|-unboost|p2a: Great Tusk|spd|1
|-damage|p2a: Great Tusk|34/100|[from] item: Rocky Helmet|[of] p1a: Blastoise
|faint|p1a: Blastoise
|
|upkeep
|
|t:|1760348136
|switch|p1a: Clefable|Clefable, F|100/100
|turn|16
|
|t:|1760348146
|-end|p2a: Great Tusk|Protosynthesis|[silent]
|switch|p2a: Ninetales|Ninetales-Alola, M|100/100
|-weather|Snowscape|[from] ability: Snow Warning|[of] p2a: Ninetales
|move|p1a: Clefable|Calm Mind|p1a: Clefable
|-boost|p1a: Clefable|spa|1
|-boost|p1a: Clefable|spd|1
|
|-weather|Snowscape|[upkeep]
|upkeep
|turn|17
|
|t:|1760348155
|move|p2a: Ninetales|Aurora Veil|p2a: Ninetales
|-sidestart|p2: Haconnhabatrieu|move: Aurora Veil
|move|p1a: Clefable|Thunder Wave|p2a: Ninetales
|-status|p2a: Ninetales|par
|
|-weather|Snowscape|[upkeep]
|upkeep
|turn|18
|
|t:|1760348160
|switch|p2a: Gholdengo|Gholdengo, shiny|100/100
|move|p1a: Clefable|Calm Mind|p1a: Clefable
|-boost|p1a: Clefable|spa|1
|-boost|p1a: Clefable|spd|1
|
|-weather|Snowscape|[upkeep]
|upkeep
|turn|19
|inactive|beeboobaa has 120 seconds left.
|
|t:|1760348170
|move|p2a: Gholdengo|Make It Rain|p1a: Clefable
|-supereffective|p1a: Clefable
|-damage|p1a: Clefable|10/100
|-unboost|p2a: Gholdengo|spa|1
|move|p1a: Clefable|Calm Mind|p1a: Clefable
|-boost|p1a: Clefable|spa|1
|-boost|p1a: Clefable|spd|1
|
|-weather|Snowscape|[upkeep]
|upkeep
|turn|20
|
|t:|1760348178
|move|p2a: Gholdengo|Make It Rain|p1a: Clefable
|-supereffective|p1a: Clefable
|-damage|p1a: Clefable|0 fnt
|-unboost|p2a: Gholdengo|spa|1
|faint|p1a: Clefable
|
|-weather|none
|upkeep
|
|t:|1760348180
|switch|p1a: Chansey|Chansey, F|74/100
|-damage|p1a: Chansey|61/100|[from] Stealth Rock
|turn|21
|inactive|Haconnhabatrieu has 120 seconds left.
|
|t:|1760348186
|switch|p2a: Ting-Lu|Ting-Lu, shiny|36/100
|-ability|p2a: Ting-Lu|Vessel of Ruin
|move|p1a: Chansey|Soft-Boiled|p1a: Chansey
|-heal|p1a: Chansey|100/100
|
|upkeep
|turn|22
|
|t:|1760348193
|move|p1a: Chansey|Seismic Toss|p2a: Ting-Lu
|-damage|p2a: Ting-Lu|16/100
|-damage|p1a: Chansey|84/100|[from] item: Rocky Helmet|[of] p2a: Ting-Lu
|move|p2a: Ting-Lu|Ruination|p1a: Chansey
|-damage|p1a: Chansey|42/100
|
|upkeep
|turn|23
|
|t:|1760348197
|switch|p2a: Great Tusk|Great Tusk, shiny|34/100
|move|p1a: Chansey|Seismic Toss|p2a: Great Tusk
|-damage|p2a: Great Tusk|9/100
|
|upkeep
|turn|24
|
|t:|1760348201
|move|p2a: Great Tusk|Close Combat|p1a: Chansey
|-supereffective|p1a: Chansey
|-damage|p1a: Chansey|0 fnt
|-unboost|p2a: Great Tusk|def|1
|-unboost|p2a: Great Tusk|spd|1
|faint|p1a: Chansey
|
|win|Haconnhabatrieu
|raw|beeboobaa's rating: 1391 &rarr; <strong>1370</strong><br />(-21 for losing)
|raw|Haconnhabatrieu's rating: 1379 &rarr; <strong>1400</strong><br />(+21 for winning)
