|j|☆A King Of The Ring
|j|☆Spyro190 testing
|t:|1760360661
|gametype|singles
|player|p1|A King Of The Ring|rocketexecutive-gen2|1688
|player|p2|Spyro190 testing|bugcatcher-gen4dp|1645
|gen|9
|tier|[Gen 9] OU
|rated|
|rule|HP Percentage Mod: HP is shown in percentages
|rule|Endless Battle Clause: Forcing endless battles is banned
|rule|Species Clause: Limit one of each Pokémon
|rule|OHKO Clause: OHKO moves are banned
|rule|Evasion Items Clause: Evasion items are banned
|rule|Evasion Moves Clause: Evasion moves are banned
|rule|Evasion Abilities Clause: Evasion abilities are banned
|rule|Sleep Moves Clause: Sleep-inducing moves are banned
|clearpoke
|poke|p1|Kyurem|
|poke|p1|Ursaluna, M|
|poke|p1|Darkrai|
|poke|p1|Ninetales-Alola, M|
|poke|p1|Comfey, M|
|poke|p1|Iron Crown|
|poke|p2|Enamorus, F|
|poke|p2|Slowking-Galar, M|
|poke|p2|Cinderace, M|
|poke|p2|Alomomola, M|
|poke|p2|Lokix, F|
|poke|p2|Great Tusk|
|teampreview
|
|t:|1760360677
|teamsize|p1|6
|teamsize|p2|6
|start
|switch|p1a: Darkrai|Darkrai, shiny|100/100
|switch|p2a: Slowking|Slowking-Galar, M|100/100
|turn|1
|inactive|Battle timer is ON: inactive players will automatically lose when time's up. (requested by Spyro190 testing)
|
|t:|1760360686
|switch|p2a: Alomomola|Alomomola, M|100/100
|move|p1a: Darkrai|Dark Pulse|p2a: Alomomola
|-damage|p2a: Alomomola|79/100
|
|upkeep
|turn|2
|
|t:|1760360693
|move|p1a: Darkrai|Taunt|p2a: Alomomola
|-start|p2a: Alomomola|move: Taunt
|move|p2a: Alomomola|Flip Turn|p1a: Darkrai
|-damage|p1a: Darkrai|79/100
|
|t:|1760360695
|switch|p2a: Enamorus|Enamorus, F|100/100|[from] Flip Turn
|
|upkeep
|turn|3
|
|t:|1760360698
|move|p2a: Enamorus|Earth Power|p1a: Darkrai
|-damage|p1a: Darkrai|35/100
|-unboost|p1a: Darkrai|spd|1
|move|p1a: Darkrai|Psychic|p2a: Enamorus
|-damage|p2a: Enamorus|56/100
|
|upkeep
|turn|4
|
|t:|1760360705
|move|p2a: Enamorus|Earth Power|p1a: Darkrai
|-damage|p1a: Darkrai|0 fnt
|faint|p1a: Darkrai
|
|upkeep
|
|t:|1760360710
|switch|p1a: Kyurem|Kyurem|100/100
|-ability|p1a: Kyurem|Pressure
|turn|5
|
|t:|1760360715
|switch|p2a: Slowking|Slowking-Galar, M|100/100
|switch|p1a: Ursaluna|Ursaluna, M, shiny|100/100
|
|-status|p1a: Ursaluna|brn|[from] item: Flame Orb
|upkeep
|turn|6
|
|t:|1760360720
|move|p1a: Ursaluna|Bulk Up|p1a: Ursaluna
|-boost|p1a: Ursaluna|atk|1
|-boost|p1a: Ursaluna|def|1
|move|p2a: Slowking|Ice Beam|p1a: Ursaluna
|-supereffective|p1a: Ursaluna
|-damage|p1a: Ursaluna|60/100 brn
|
|-damage|p1a: Ursaluna|54/100 brn|[from] brn
|upkeep
|turn|7
|
|t:|1760360736
|switch|p2a: Alomomola|Alomomola, M|100/100
|move|p1a: Ursaluna|Facade|p2a: Alomomola
|-damage|p2a: Alomomola|0 fnt
|faint|p2a: Alomomola
|
|-damage|p1a: Ursaluna|48/100 brn|[from] brn
|upkeep
|
|t:|1760360751
|switch|p2a: Enamorus|Enamorus, F|56/100
|turn|8
|
|t:|1760360757
|move|p2a: Enamorus|Moonblast|p1a: Ursaluna
|-damage|p1a: Ursaluna|0 fnt
|faint|p1a: Ursaluna
|
|upkeep
|
|t:|1760360761
|switch|p1a: Iron Crown|Iron Crown|100/100
|-enditem|p1a: Iron Crown|Booster Energy
|-activate|p1a: Iron Crown|ability: Quark Drive|[fromitem]
|-start|p1a: Iron Crown|quarkdrivespe
|turn|9
|
|t:|1760360766
|switch|p2a: Slowking|Slowking-Galar, M|100/100
|move|p1a: Iron Crown|Calm Mind|p1a: Iron Crown
|-boost|p1a: Iron Crown|spa|1
|-boost|p1a: Iron Crown|spd|1
|
|upkeep
|turn|10
|
|t:|1760360771
|move|p1a: Iron Crown|Calm Mind|p1a: Iron Crown
|-boost|p1a: Iron Crown|spa|1
|-boost|p1a: Iron Crown|spd|1
|-prepare|p2a: Slowking|Chilly Reception|[premajor]
|move|p2a: Slowking|Chilly Reception|p2a: Slowking
|-weather|Snowscape
|inactive|Spyro190 testing has 120 seconds left.
|
|t:|1760360813
|switch|p2a: Cinderace|Cinderace, M|100/100|[from] Chilly Reception
|
|-weather|Snowscape|[upkeep]
|upkeep
|turn|11
|
|t:|1760360821
|move|p1a: Iron Crown|Psyshock|p2a: Cinderace
|-damage|p2a: Cinderace|6/100
|move|p2a: Cinderace|Pyro Ball|p1a: Iron Crown|[miss]
|-miss|p2a: Cinderace|p1a: Iron Crown
|
|-weather|Snowscape|[upkeep]
|upkeep
|turn|12
|inactive|Spyro190 testing has 120 seconds left.
|
|t:|1760360835
|move|p1a: Iron Crown|Tachyon Cutter|p2a: Cinderace
|-resisted|p2a: Cinderace
|-damage|p2a: Cinderace|0 fnt
|faint|p2a: Cinderace
|-hitcount|p2: Cinderace|1
|
|-weather|Snowscape|[upkeep]
|upkeep
|
|t:|1760360837
|switch|p2a: Slowking|Slowking-Galar, M|100/100
|turn|13
|
|t:|1760360843
|move|p1a: Iron Crown|Psyshock|p2a: Slowking
|-damage|p2a: Slowking|50/100
|move|p2a: Slowking|Ice Beam|p1a: Iron Crown
|-resisted|p1a: Iron Crown
|-damage|p1a: Iron Crown|95/100
|
|-weather|Snowscape|[upkeep]
|upkeep
|turn|14
|
|t:|1760360864
|move|p1a: Iron Crown|Tachyon Cutter|p2a: Slowking
|-damage|p2a: Slowking|12/100
|-damage|p2a: Slowking|0 fnt
|faint|p2a: Slowking
|-hitcount|p2: Slowking|2
|
|-weather|none
|upkeep
|
|t:|1760360871
|switch|p2a: Lokix|Lokix, F|100/100
|turn|15
|
|t:|1760360895
|-terastallize|p1a: Iron Crown|Steel
|-terastallize|p2a: Lokix|Bug
|move|p2a: Lokix|First Impression|p1a: Iron Crown
|-resisted|p1a: Iron Crown
|-damage|p1a: Iron Crown|4/100
|move|p1a: Iron Crown|Tachyon Cutter|p2a: Lokix
|-damage|p2a: Lokix|0 fnt
|faint|p2a: Lokix
|-hitcount|p2: Lokix|1
|
|upkeep
|inactive|Spyro190 testing has 120 seconds left.
|
|t:|1760360917
|switch|p2a: Great Tusk|Great Tusk|100/100
|turn|16
|
|t:|1760360926
|move|p1a: Iron Crown|Tachyon Cutter|p2a: Great Tusk
|-crit|p2a: Great Tusk
|-damage|p2a: Great Tusk|0 fnt
|faint|p2a: Great Tusk
|-end|p2a: Great Tusk|Protosynthesis|[silent]
|-hitcount|p2: Great Tusk|1
|
|upkeep
|
|t:|1760360928
|switch|p2a: Enamorus|Enamorus, F|56/100
|turn|17
|
|t:|1760360931
|move|p1a: Iron Crown|Tachyon Cutter|p2a: Enamorus
|-supereffective|p2a: Enamorus
|-damage|p2a: Enamorus|0 fnt
|faint|p2a: Enamorus
|-hitcount|p2: Enamorus|1
|
|win|A King Of The Ring
|raw|A King Of The Ring's rating: 1688 &rarr; <strong>1706</strong><br />(+18 for winning)
|raw|Spyro190 testing's rating: 1645 &rarr; <strong>1627</strong><br />(-18 for losing)
