|j|☆The median voter
|j|☆Dbcool
|t:|1760311028
|gametype|singles
|player|p1|The median voter|scientist-gen4dp|1442
|player|p2|Dbcool|blue|1562
|gen|9
|tier|[Gen 9] OU
|rated|
|rule|HP Percentage Mod: HP is shown in percentages
|rule|Endless Battle Clause: Forcing endless battles is banned
|rule|Species Clause: Limit one of each Pokémon
|rule|OHKO Clause: OHKO moves are banned
|rule|Evasion Items Clause: Evasion items are banned
|rule|Evasion Moves Clause: Evasion moves are banned
|rule|Evasion Abilities Clause: Evasion abilities are banned
|rule|Sleep Moves Clause: Sleep-inducing moves are banned
|clearpoke
|poke|p1|Skeledirge, F|
|poke|p1|Ogerpon-Wellspring, F|
|poke|p1|Dragapult, M|
|poke|p1|Weezing-Galar, M|
|poke|p1|Ting-Lu|
|poke|p1|Corviknight, M|
|poke|p2|Ogerpon-Wellspring, F|
|poke|p2|Kingambit, M|
|poke|p2|Landorus-Therian, M|
|poke|p2|Glimmora, F|
|poke|p2|Dragapult, M|
|poke|p2|Iron Valiant|
|teampreview
|c|☆Dbcool|the median voter
|c|☆Dbcool|did not vote
|
|t:|1760311047
|teamsize|p1|6
|teamsize|p2|6
|start
|switch|p1a: Weezing|Weezing-Galar, M|100/100
|switch|p2a: Glimmora|Glimmora, F|100/100
|-ability|p1a: Weezing|Neutralizing Gas
|turn|1
|inactive|Battle timer is ON: inactive players will automatically lose when time's up. (requested by Dbcool)
|
|t:|1760311056
|-end|p1a: Weezing|ability: Neutralizing Gas
|switch|p1a: Ting-Lu|Ting-Lu, shiny|100/100
|-ability|p1a: Ting-Lu|Vessel of Ruin
|move|p2a: Glimmora|Meteor Beam||[still]
|-prepare|p2a: Glimmora|Meteor Beam
|-boost|p2a: Glimmora|spa|1
|-enditem|p2a: Glimmora|Power Herb
|-anim|p2a: Glimmora|Meteor Beam|p1a: Ting-Lu|[miss]
|-miss|p2a: Glimmora|p1a: Ting-Lu
|
|upkeep
|turn|2
|
|t:|1760311071
|move|p2a: Glimmora|Spikes|p1a: Ting-Lu
|-sidestart|p1: The median voter|Spikes
|move|p1a: Ting-Lu|Stealth Rock|p2a: Glimmora
|-sidestart|p2: Dbcool|move: Stealth Rock
|
|upkeep
|turn|3
|
|t:|1760311075
|move|p2a: Glimmora|Mortal Spin|p1a: Ting-Lu
|-resisted|p1a: Ting-Lu
|-damage|p1a: Ting-Lu|99/100
|-status|p1a: Ting-Lu|psn
|-sideend|p2: Dbcool|Stealth Rock|[from] move: Mortal Spin|[of] p2a: Glimmora
|move|p1a: Ting-Lu|Earthquake|p2a: Glimmora
|-supereffective|p2a: Glimmora
|-damage|p2a: Glimmora|0 fnt
|-activate|p2a: Glimmora|ability: Toxic Debris
|-sidestart|p1: The median voter|move: Toxic Spikes
|faint|p2a: Glimmora
|
|-heal|p1a: Ting-Lu|100/100 psn|[from] item: Leftovers
|-damage|p1a: Ting-Lu|88/100 psn|[from] psn
|upkeep
|
|t:|1760311086
|switch|p2a: Ogerpon|Ogerpon-Wellspring, F|100/100
|turn|4
|
|t:|1760311090
|switch|p1a: Weezing|Weezing-Galar, M|100/100
|-ability|p1a: Weezing|Neutralizing Gas
|-sideend|p1: The median voter|move: Toxic Spikes|[of] p1a: Weezing
|move|p2a: Ogerpon|Taunt|p1a: Weezing
|-start|p1a: Weezing|move: Taunt
|
|upkeep
|turn|5
|
|t:|1760311094
|move|p2a: Ogerpon|Ivy Cudgel|p1a: Weezing|[anim] Ivy Cudgel Water
|-damage|p1a: Weezing|55/100
|move|p1a: Weezing|Sludge Bomb|p2a: Ogerpon
|-supereffective|p2a: Ogerpon
|-damage|p2a: Ogerpon|37/100
|-status|p2a: Ogerpon|psn
|
|-damage|p2a: Ogerpon|24/100 psn|[from] psn
|upkeep
|turn|6
|
|t:|1760311101
|move|p2a: Ogerpon|Ivy Cudgel|p1a: Weezing|[anim] Ivy Cudgel Water
|-damage|p1a: Weezing|10/100
|move|p1a: Weezing|Sludge Bomb|p2a: Ogerpon
|-supereffective|p2a: Ogerpon
|-damage|p2a: Ogerpon|0 fnt
|faint|p2a: Ogerpon
|
|-end|p1a: Weezing|move: Taunt
|upkeep
|
|t:|1760311106
|switch|p2a: Iron Valiant|Iron Valiant|100/100
|turn|7
|
|t:|1760311109
|-terastallize|p2a: Iron Valiant|Steel
|move|p2a: Iron Valiant|Swords Dance|p2a: Iron Valiant
|-boost|p2a: Iron Valiant|atk|2
|move|p1a: Weezing|Pain Split|p2a: Iron Valiant
|-sethp|p2a: Iron Valiant|56/100|[from] move: Pain Split|[silent]
|-sethp|p1a: Weezing|48/100|[from] move: Pain Split
|
|upkeep
|turn|8
|
|t:|1760311117
|move|p2a: Iron Valiant|Swords Dance|p2a: Iron Valiant
|-boost|p2a: Iron Valiant|atk|2
|move|p1a: Weezing|Will-O-Wisp|p2a: Iron Valiant
|-status|p2a: Iron Valiant|brn
|
|-damage|p2a: Iron Valiant|50/100 brn|[from] brn
|upkeep
|turn|9
|
|t:|1760311122
|-end|p1a: Weezing|ability: Neutralizing Gas
|switch|p1a: Skeledirge|Skeledirge, F|100/100
|-enditem|p2a: Iron Valiant|Booster Energy
|-activate|p2a: Iron Valiant|ability: Quark Drive|[fromitem]
|-start|p2a: Iron Valiant|quarkdriveatk
|move|p2a: Iron Valiant|Spirit Break|p1a: Skeledirge
|-resisted|p1a: Skeledirge
|-damage|p1a: Skeledirge|91/100
|-unboost|p1a: Skeledirge|spa|1
|
|-damage|p2a: Iron Valiant|43/100 brn|[from] brn
|upkeep
|turn|10
|-message|Dbcool forfeited.
|
|win|The median voter
|raw|The median voter's rating: 1442 &rarr; <strong>1469</strong><br />(+27 for winning)
|raw|Dbcool's rating: 1562 &rarr; <strong>1535</strong><br />(-27 for losing)
|l|☆Dbcool
|player|p2|
