|j|☆AozkE
|j|☆Quantumry
|t:|1760330477
|gametype|singles
|player|p1|AozkE|cynthia-gen4|1183
|player|p2|Quantumry|steven|1135
|gen|9
|tier|[Gen 9] OU
|rated|
|rule|HP Percentage Mod: HP is shown in percentages
|rule|Endless Battle Clause: Forcing endless battles is banned
|rule|Species Clause: Limit one of each Pokémon
|rule|OHKO Clause: OHKO moves are banned
|rule|Evasion Items Clause: Evasion items are banned
|rule|Evasion Moves Clause: Evasion moves are banned
|rule|Evasion Abilities Clause: Evasion abilities are banned
|rule|Sleep Moves Clause: Sleep-inducing moves are banned
|clearpoke
|poke|p1|Weavile, F|
|poke|p1|Iron Valiant|
|poke|p1|Landorus-Therian, M|
|poke|p1|Alomomola, F|
|poke|p1|Hydrapple, M|
|poke|p1|Cinderace, M|
|poke|p2|Metagross|
|poke|p2|Kyurem|
|poke|p2|Slowking-Galar, M|
|poke|p2|Samurott-Hisui, M|
|poke|p2|Lokix, F|
|poke|p2|Corviknight, M|
|teampreview
|inactive|Battle timer is ON: inactive players will automatically lose when time's up. (requested by AozkE)
|
|t:|1760330494
|teamsize|p1|6
|teamsize|p2|6
|start
|switch|p1a: Landorus|Landorus-Therian, M|100/100
|switch|p2a: Kyurem|Kyurem|100/100
|-ability|p2a: Kyurem|Pressure
|-ability|p1a: Landorus|Intimidate|boost
|-unboost|p2a: Kyurem|atk|1
|turn|1
|
|t:|1760330511
|switch|p1a: Alomomola|Alomomola, F|100/100
|move|p2a: Kyurem|Freeze-Dry|p1a: Alomomola
|-supereffective|p1a: Alomomola
|-damage|p1a: Alomomola|61/100
|
|upkeep
|turn|2
|
|t:|1760330518
|move|p2a: Kyurem|Freeze-Dry|p1a: Alomomola
|-supereffective|p1a: Alomomola
|-damage|p1a: Alomomola|28/100
|move|p1a: Alomomola|Mirror Coat|p2a: Kyurem
|-damage|p2a: Kyurem|11/100
|
|upkeep
|turn|3
|
|t:|1760330524
|move|p1a: Alomomola|Aqua Jet|p2a: Kyurem
|-resisted|p2a: Kyurem
|-damage|p2a: Kyurem|5/100
|move|p2a: Kyurem|Freeze-Dry|p1a: Alomomola
|-supereffective|p1a: Alomomola
|-damage|p1a: Alomomola|0 fnt
|faint|p1a: Alomomola
|
|upkeep
|
|t:|1760330531
|switch|p1a: Weavile|Weavile, F|100/100
|-ability|p1a: Weavile|Pressure
|turn|4
|
|t:|1760330537
|switch|p2a: Slowking|Slowking-Galar, M|100/100
|move|p1a: Weavile|Ice Shard|p2a: Slowking
|-damage|p2a: Slowking|80/100
|
|upkeep
|turn|5
|
|t:|1760330543
|move|p1a: Weavile|Swords Dance|p1a: Weavile
|-boost|p1a: Weavile|atk|2
|-prepare|p2a: Slowking|Chilly Reception|[premajor]
|move|p2a: Slowking|Chilly Reception|p2a: Slowking
|-weather|Snowscape
|
|t:|1760330549
|switch|p2a: Lokix|Lokix, F|100/100|[from] Chilly Reception
|
|-weather|Snowscape|[upkeep]
|upkeep
|turn|6
|
|t:|1760330556
|-terastallize|p1a: Weavile|Ghost
|move|p2a: Lokix|First Impression|p1a: Weavile
|-resisted|p1a: Weavile
|-damage|p1a: Weavile|4/100
|move|p1a: Weavile|Knock Off|p2a: Lokix
|-resisted|p2a: Lokix
|-damage|p2a: Lokix|35/100
|-enditem|p2a: Lokix|Choice Band|[from] move: Knock Off|[of] p1a: Weavile
|
|-weather|Snowscape|[upkeep]
|upkeep
|turn|7
|
|t:|1760330567
|move|p1a: Weavile|Ice Shard|p2a: Lokix
|-damage|p2a: Lokix|0 fnt
|faint|p2a: Lokix
|
|-weather|Snowscape|[upkeep]
|upkeep
|
|t:|1760330573
|switch|p2a: Samurott|Samurott-Hisui, M|100/100
|turn|8
|
|t:|1760330578
|move|p2a: Samurott|Sucker Punch|p1a: Weavile
|-supereffective|p1a: Weavile
|-damage|p1a: Weavile|0 fnt
|faint|p1a: Weavile
|
|-weather|Snowscape|[upkeep]
|upkeep
|
|t:|1760330583
|switch|p1a: Iron Valiant|Iron Valiant|100/100
|turn|9
|
|t:|1760330587
|switch|p2a: Metagross|Metagross|100/100
|move|p1a: Iron Valiant|Moonblast|p2a: Metagross
|-resisted|p2a: Metagross
|-damage|p2a: Metagross|73/100
|
|-weather|none
|-heal|p2a: Metagross|79/100|[from] item: Leftovers
|upkeep
|turn|10
|
|t:|1760330593
|-end|p1a: Iron Valiant|Quark Drive|[silent]
|switch|p1a: Hydrapple|Hydrapple, M|100/100
|move|p2a: Metagross|Heavy Slam|p1a: Hydrapple
|-damage|p1a: Hydrapple|62/100
|
|-heal|p2a: Metagross|85/100|[from] item: Leftovers
|upkeep
|turn|11
|
|t:|1760330602
|move|p2a: Metagross|Knock Off|p1a: Hydrapple
|-damage|p1a: Hydrapple|41/100
|-enditem|p1a: Hydrapple|Heavy-Duty Boots|[from] move: Knock Off|[of] p2a: Metagross
|move|p1a: Hydrapple|Earth Power|p2a: Metagross
|-supereffective|p2a: Metagross
|-damage|p2a: Metagross|38/100
|
|-heal|p2a: Metagross|44/100|[from] item: Leftovers
|upkeep
|turn|12
|
|t:|1760330608
|move|p2a: Metagross|Heavy Slam|p1a: Hydrapple
|-damage|p1a: Hydrapple|2/100
|move|p1a: Hydrapple|Nasty Plot|p1a: Hydrapple
|-boost|p1a: Hydrapple|spa|2
|
|-heal|p2a: Metagross|50/100|[from] item: Leftovers
|upkeep
|turn|13
|
|t:|1760330614
|switch|p1a: Cinderace|Cinderace, M|100/100
|move|p2a: Metagross|Heavy Slam|p1a: Cinderace
|-resisted|p1a: Cinderace
|-damage|p1a: Cinderace|66/100
|
|-heal|p2a: Metagross|56/100|[from] item: Leftovers
|upkeep
|turn|14
|
|t:|1760330620
|-terastallize|p2a: Metagross|Fairy
|move|p1a: Cinderace|Pyro Ball|p2a: Metagross
|-damage|p2a: Metagross|22/100
|move|p2a: Metagross|Earthquake|p1a: Cinderace
|-supereffective|p1a: Cinderace
|-damage|p1a: Cinderace|0 fnt
|faint|p1a: Cinderace
|
|-heal|p2a: Metagross|28/100|[from] item: Leftovers
|upkeep
|
|t:|1760330623
|switch|p1a: Landorus|Landorus-Therian, M|100/100
|-ability|p1a: Landorus|Intimidate|boost
|-fail|p2a: Metagross|unboost|[from] ability: Clear Body|[of] p2a: Metagross
|turn|15
|
|t:|1760330636
|switch|p2a: Corviknight|Corviknight, M|100/100
|-ability|p2a: Corviknight|Pressure
|move|p1a: Landorus|Earthquake|p2a: Corviknight
|-immune|p2a: Corviknight
|
|upkeep
|turn|16
|
|t:|1760330643
|move|p1a: Landorus|Swords Dance|p1a: Landorus
|-boost|p1a: Landorus|atk|2
|move|p2a: Corviknight|Body Press|p1a: Landorus
|-resisted|p1a: Landorus
|-damage|p1a: Landorus|86/100
|
|-heal|p1a: Landorus|92/100|[from] item: Leftovers
|upkeep
|turn|17
|
|t:|1760330649
|move|p1a: Landorus|Smack Down|p2a: Corviknight
|-damage|p2a: Corviknight|77/100
|-start|p2a: Corviknight|Smack Down
|move|p2a: Corviknight|U-turn|p1a: Landorus
|-resisted|p1a: Landorus
|-damage|p1a: Landorus|83/100
|
|t:|1760330652
|switch|p2a: Samurott|Samurott-Hisui, M|100/100|[from] U-turn
|
|-heal|p1a: Landorus|89/100|[from] item: Leftovers
|upkeep
|turn|18
|
|t:|1760330658
|move|p2a: Samurott|Aqua Cutter|p1a: Landorus
|-supereffective|p1a: Landorus
|-damage|p1a: Landorus|0 fnt
|faint|p1a: Landorus
|
|upkeep
|
|t:|1760330662
|switch|p1a: Iron Valiant|Iron Valiant|100/100
|turn|19
|
|t:|1760330667
|switch|p2a: Slowking|Slowking-Galar, M|100/100
|move|p1a: Iron Valiant|Shadow Ball|p2a: Slowking
|-supereffective|p2a: Slowking
|-damage|p2a: Slowking|50/100
|
|upkeep
|turn|20
|-message|AozkE forfeited.
|
|win|Quantumry
|raw|AozkE's rating: 1183 &rarr; <strong>1155</strong><br />(-28 for losing)
|raw|Quantumry's rating: 1135 &rarr; <strong>1163</strong><br />(+28 for winning)
|l|☆AozkE
|player|p1|
