|j|☆lifeisgoodfuture
|j|☆shucklebestmon56
|t:|1760432768
|gametype|singles
|player|p1|lifeisgoodfuture|170|1442
|player|p2|shucklebestmon56|1|1422
|gen|9
|tier|[Gen 9] OU
|rated|
|rule|HP Percentage Mod: HP is shown in percentages
|rule|Endless Battle Clause: Forcing endless battles is banned
|rule|Species Clause: Limit one of each Pokémon
|rule|OHKO Clause: OHKO moves are banned
|rule|Evasion Items Clause: Evasion items are banned
|rule|Evasion Moves Clause: Evasion moves are banned
|rule|Evasion Abilities Clause: Evasion abilities are banned
|rule|Sleep Moves Clause: Sleep-inducing moves are banned
|clearpoke
|poke|p1|Enamorus, F|
|poke|p1|Ogerpon-Wellspring, F|
|poke|p1|Iron Crown|
|poke|p1|Iron Hands|
|poke|p1|Glimmora, M|
|poke|p1|Ursaluna, M|
|poke|p2|Kingambit, F|
|poke|p2|Cinderace, F|
|poke|p2|Landorus-Therian, M|
|poke|p2|Iron Valiant|
|poke|p2|Kyurem|
|poke|p2|Slowking-Galar, M|
|teampreview
|inactive|Battle timer is ON: inactive players will automatically lose when time's up. (requested by lifeisgoodfuture)
|
|t:|1760432789
|teamsize|p1|6
|teamsize|p2|6
|start
|switch|p1a: Glimmora|Glimmora, M, shiny|100/100
|switch|p2a: Landorus|Landorus-Therian, M, shiny|100/100
|-ability|p2a: Landorus|Intimidate|boost
|-unboost|p1a: Glimmora|atk|1
|turn|1
|
|t:|1760432810
|switch|p1a: Enamorus|Enamorus, F, shiny|100/100
|move|p2a: Landorus|Earthquake|p1a: Enamorus
|-immune|p1a: Enamorus
|
|upkeep
|turn|2
|
|t:|1760432819
|switch|p1a: Glimmora|Glimmora, M, shiny|100/100
|switch|p2a: Slowking|Slowking-Galar, M, shiny|100/100
|
|upkeep
|turn|3
|
|t:|1760432826
|move|p1a: Glimmora|Stealth Rock|p2a: Slowking
|-sidestart|p2: shucklebestmon56|move: Stealth Rock
|move|p2a: Slowking|Psychic Noise|p1a: Glimmora
|-supereffective|p1a: Glimmora
|-damage|p1a: Glimmora|53/100
|-start|p1a: Glimmora|move: Heal Block
|-enditem|p1a: Glimmora|Red Card|[of] p2a: Slowking
|drag|p2a: Cinderace|Cinderace, F, shiny|100/100
|
|upkeep
|turn|4
|
|t:|1760432838
|move|p2a: Cinderace|U-turn|p1a: Glimmora
|-resisted|p1a: Glimmora
|-damage|p1a: Glimmora|45/100
|-activate|p1a: Glimmora|ability: Toxic Debris
|-sidestart|p2: shucklebestmon56|move: Toxic Spikes
|
|t:|1760432842
|switch|p2a: Landorus|Landorus-Therian, M, shiny|100/100|[from] U-turn
|-damage|p2a: Landorus|88/100|[from] Stealth Rock
|-ability|p2a: Landorus|Intimidate|boost
|-unboost|p1a: Glimmora|atk|1
|move|p1a: Glimmora|Power Gem|p2a: Landorus
|-crit|p2a: Landorus
|-damage|p2a: Landorus|24/100
|
|-end|p1a: Glimmora|move: Heal Block
|upkeep
|turn|5
|
|t:|1760432847
|move|p2a: Landorus|Earthquake|p1a: Glimmora
|-supereffective|p1a: Glimmora
|-damage|p1a: Glimmora|0 fnt
|-activate|p1a: Glimmora|ability: Toxic Debris
|-sidestart|p2: shucklebestmon56|move: Toxic Spikes
|faint|p1a: Glimmora
|
|upkeep
|
|t:|1760432851
|switch|p1a: Ogerpon|Ogerpon-Wellspring, F|100/100
|turn|6
|
|t:|1760432856
|move|p1a: Ogerpon|Ivy Cudgel|p2a: Landorus|[anim] Ivy Cudgel Water
|-supereffective|p2a: Landorus
|-damage|p2a: Landorus|0 fnt
|faint|p2a: Landorus
|
|upkeep
|
|t:|1760432864
|switch|p2a: Cinderace|Cinderace, F, shiny|100/100
|turn|7
|
|t:|1760432871
|move|p2a: Cinderace|Court Change|p2a: Cinderace
|-swapsideconditions
|-activate|p2a: Cinderace|move: Court Change
|move|p1a: Ogerpon|Ivy Cudgel|p2a: Cinderace|[anim] Ivy Cudgel Water
|-supereffective|p2a: Cinderace
|-damage|p2a: Cinderace|0 fnt
|faint|p2a: Cinderace
|
|upkeep
|
|t:|1760432879
|switch|p2a: Slowking|Slowking-Galar, M, shiny|100/100
|turn|8
|
|t:|1760432888
|move|p1a: Ogerpon|U-turn|p2a: Slowking
|-damage|p2a: Slowking|72/100
|
|t:|1760432890
|switch|p1a: Ursaluna|Ursaluna, M, shiny|100/100|[from] U-turn
|-damage|p1a: Ursaluna|94/100|[from] Stealth Rock
|-status|p1a: Ursaluna|tox
|move|p2a: Slowking|Thunder Wave|p1a: Ursaluna
|-immune|p1a: Ursaluna
|
|-heal|p1a: Ursaluna|100/100 tox|[from] item: Leftovers
|-damage|p1a: Ursaluna|94/100 tox|[from] psn
|upkeep
|turn|9
|
|t:|1760432909
|-terastallize|p2a: Slowking|Water
|move|p1a: Ursaluna|Headlong Rush|p2a: Slowking
|-damage|p2a: Slowking|0 fnt
|-unboost|p1a: Ursaluna|def|1
|-unboost|p1a: Ursaluna|spd|1
|faint|p2a: Slowking
|
|-heal|p1a: Ursaluna|100/100 tox|[from] item: Leftovers
|-damage|p1a: Ursaluna|88/100 tox|[from] psn
|upkeep
|c|☆shucklebestmon56|GYATT
|
|t:|1760432920
|switch|p2a: Kyurem|Kyurem, shiny|100/100
|-ability|p2a: Kyurem|Pressure
|turn|10
|
|t:|1760432930
|switch|p1a: Iron Crown|Iron Crown|100/100
|-damage|p1a: Iron Crown|94/100|[from] Stealth Rock
|move|p2a: Kyurem|Substitute|p2a: Kyurem
|-start|p2a: Kyurem|Substitute
|-damage|p2a: Kyurem|76/100
|
|-heal|p2a: Kyurem|82/100|[from] item: Leftovers
|upkeep
|turn|11
|
|t:|1760432938
|move|p1a: Iron Crown|Tachyon Cutter|p2a: Kyurem
|-supereffective|p2a: Kyurem
|-end|p2a: Kyurem|Substitute
|-supereffective|p2a: Kyurem
|-damage|p2a: Kyurem|15/100
|-hitcount|p2a: Kyurem|2
|move|p2a: Kyurem|Earth Power|p1a: Iron Crown
|-supereffective|p1a: Iron Crown
|-damage|p1a: Iron Crown|33/100
|
|-heal|p2a: Kyurem|21/100|[from] item: Leftovers
|upkeep
|turn|12
|
|t:|1760432956
|move|p2a: Kyurem|Protect|p2a: Kyurem
|-singleturn|p2a: Kyurem|Protect
|move|p1a: Iron Crown|Tachyon Cutter|p2a: Kyurem
|-activate|p2a: Kyurem|move: Protect
|
|-heal|p2a: Kyurem|27/100|[from] item: Leftovers
|upkeep
|turn|13
|
|t:|1760432963
|switch|p2a: Kingambit|Kingambit, F|100/100
|-activate|p2a: Kingambit|ability: Supreme Overlord
|-start|p2a: Kingambit|fallen3|[silent]
|move|p1a: Iron Crown|Tachyon Cutter|p2a: Kingambit
|-resisted|p2a: Kingambit
|-damage|p2a: Kingambit|81/100
|-resisted|p2a: Kingambit
|-damage|p2a: Kingambit|61/100
|-hitcount|p2a: Kingambit|2
|
|-heal|p2a: Kingambit|68/100|[from] item: Leftovers
|upkeep
|turn|14
|
|t:|1760432987
|-end|p1a: Iron Crown|Quark Drive|[silent]
|switch|p1a: Iron Hands|Iron Hands, shiny|100/100
|-damage|p1a: Iron Hands|94/100|[from] Stealth Rock
|-status|p1a: Iron Hands|tox
|-enditem|p1a: Iron Hands|Booster Energy
|-activate|p1a: Iron Hands|ability: Quark Drive|[fromitem]
|-start|p1a: Iron Hands|quarkdriveatk
|move|p2a: Kingambit|Sucker Punch||[still]
|-fail|p2a: Kingambit
|
|-heal|p2a: Kingambit|74/100|[from] item: Leftovers
|-damage|p1a: Iron Hands|88/100 tox|[from] psn
|upkeep
|turn|15
|inactive|shucklebestmon56 has 120 seconds left.
|
|t:|1760433029
|-end|p2a: Kingambit|fallen3|[silent]
|switch|p2a: Iron Valiant|Iron Valiant|100/100
|-enditem|p2a: Iron Valiant|Booster Energy
|-activate|p2a: Iron Valiant|ability: Quark Drive|[fromitem]
|-start|p2a: Iron Valiant|quarkdrivespe
|move|p1a: Iron Hands|Drain Punch|p2a: Iron Valiant
|-resisted|p2a: Iron Valiant
|-damage|p2a: Iron Valiant|64/100
|-heal|p1a: Iron Hands|99/100 tox|[from] drain|[of] p2a: Iron Valiant
|
|-damage|p1a: Iron Hands|87/100 tox|[from] psn
|upkeep
|turn|16
|inactive|shucklebestmon56 has 120 seconds left.
|inactive|lifeisgoodfuture has 120 seconds left.
|
|t:|1760433046
|-terastallize|p1a: Iron Hands|Fire
|move|p2a: Iron Valiant|Moonblast|p1a: Iron Hands
|-resisted|p1a: Iron Hands
|-damage|p1a: Iron Hands|65/100 tox
|move|p1a: Iron Hands|Wild Charge|p2a: Iron Valiant
|-damage|p2a: Iron Valiant|0 fnt
|faint|p2a: Iron Valiant
|-end|p2a: Iron Valiant|Quark Drive|[silent]
|-damage|p1a: Iron Hands|56/100 tox|[from] Recoil
|
|-damage|p1a: Iron Hands|38/100 tox|[from] psn
|upkeep
|
|t:|1760433050
|switch|p2a: Kyurem|Kyurem, shiny|27/100
|-ability|p2a: Kyurem|Pressure
|turn|17
|inactive|lifeisgoodfuture has 120 seconds left.
|inactive|shucklebestmon56 has 120 seconds left.
|
|t:|1760433078
|move|p2a: Kyurem|Protect|p2a: Kyurem
|-singleturn|p2a: Kyurem|Protect
|move|p1a: Iron Hands|Drain Punch|p2a: Kyurem
|-activate|p2a: Kyurem|move: Protect
|
|-heal|p2a: Kyurem|34/100|[from] item: Leftovers
|-damage|p1a: Iron Hands|14/100 tox|[from] psn
|upkeep
|turn|18
|inactive|shucklebestmon56 has 120 seconds left.
|inactive|lifeisgoodfuture has 120 seconds left.
|
|t:|1760433101
|move|p2a: Kyurem|Freeze-Dry|p1a: Iron Hands
|-resisted|p1a: Iron Hands
|-damage|p1a: Iron Hands|0 fnt
|faint|p1a: Iron Hands
|-end|p1a: Iron Hands|Quark Drive|[silent]
|
|-heal|p2a: Kyurem|40/100|[from] item: Leftovers
|upkeep
|
|t:|1760433111
|switch|p1a: Enamorus|Enamorus, F, shiny|100/100
|-damage|p1a: Enamorus|76/100|[from] Stealth Rock
|turn|19
|
|t:|1760433114
|move|p2a: Kyurem|Protect|p2a: Kyurem
|-singleturn|p2a: Kyurem|Protect
|move|p1a: Enamorus|Moonblast|p2a: Kyurem
|-activate|p2a: Kyurem|move: Protect
|
|-heal|p2a: Kyurem|46/100|[from] item: Leftovers
|upkeep
|turn|20
|
|t:|1760433125
|move|p1a: Enamorus|Moonblast|p2a: Kyurem
|-supereffective|p2a: Kyurem
|-damage|p2a: Kyurem|0 fnt
|faint|p2a: Kyurem
|
|upkeep
|
|t:|1760433126
|switch|p2a: Kingambit|Kingambit, F|74/100
|-activate|p2a: Kingambit|ability: Supreme Overlord
|-start|p2a: Kingambit|fallen5|[silent]
|turn|21
|
|t:|1760433151
|move|p1a: Enamorus|Moonblast|p2a: Kingambit
|-damage|p2a: Kingambit|18/100
|move|p2a: Kingambit|Swords Dance|p2a: Kingambit
|-boost|p2a: Kingambit|atk|2
|
|-heal|p2a: Kingambit|25/100|[from] item: Leftovers
|upkeep
|turn|22
|
|t:|1760433159
|switch|p1a: Iron Crown|Iron Crown|33/100
|-damage|p1a: Iron Crown|26/100|[from] Stealth Rock
|move|p2a: Kingambit|Sucker Punch||[still]
|-fail|p2a: Kingambit
|
|-heal|p2a: Kingambit|31/100|[from] item: Leftovers
|upkeep
|turn|23
|
|t:|1760433166
|move|p1a: Iron Crown|Tachyon Cutter|p2a: Kingambit
|-resisted|p2a: Kingambit
|-damage|p2a: Kingambit|11/100
|-resisted|p2a: Kingambit
|-damage|p2a: Kingambit|0 fnt
|faint|p2a: Kingambit
|-end|p2a: Kingambit|fallen5|[silent]
|-hitcount|p2: Kingambit|2
|
|win|lifeisgoodfuture
|raw|lifeisgoodfuture's rating: 1464 &rarr; <strong>1482</strong><br />(+18 for winning)
|raw|shucklebestmon56's rating: 1422 &rarr; <strong>1404</strong><br />(-18 for losing)
|l|☆shucklebestmon56
|player|p2|
|l|☆lifeisgoodfuture
|player|p1|
