|badge|p2|silver|gen9doublesou|30-7
|badge|p2|bronze|gen9ru|100-7
|uhtml|medal-msg|<div class="broadcast-blue">Curious what those medals under the avatar are? PS now has Ladder Seasons! For more information, check out the <a href="https://www.smogon.com/forums/threads/3740067/">thread on Smogon.</a></div>
|j|☆A Regular Plumbus
|j|☆3idk
|t:|1760432782
|gametype|singles
|player|p1|A Regular Plumbus|baker|1638
|player|p2|3idk|cynthia-masters|1659
|gen|9
|tier|[Gen 9] OU
|rated|
|rule|HP Percentage Mod: HP is shown in percentages
|rule|Endless Battle Clause: Forcing endless battles is banned
|rule|Species Clause: Limit one of each Pokémon
|rule|OHKO Clause: OHKO moves are banned
|rule|Evasion Items Clause: Evasion items are banned
|rule|Evasion Moves Clause: Evasion moves are banned
|rule|Evasion Abilities Clause: Evasion abilities are banned
|rule|Sleep Moves Clause: Sleep-inducing moves are banned
|clearpoke
|poke|p1|Arcanine-Hisui, M|
|poke|p1|Quaquaval, M|
|poke|p1|Hydrapple, M|
|poke|p1|Iron Treads|
|poke|p1|Golem-Alola, F|
|poke|p1|Dragonite, F|
|poke|p2|Pelipper, M|
|poke|p2|Tornadus-Therian, M|
|poke|p2|Iron Treads|
|poke|p2|Decidueye-Hisui, M|
|poke|p2|Barraskewda, F|
|poke|p2|Raging Bolt|
|teampreview
|inactive|Battle timer is ON: inactive players will automatically lose when time's up. (requested by 3idk)
|inactive|A Regular Plumbus also wants the timer to be on.
|
|t:|1760432807
|teamsize|p1|6
|teamsize|p2|6
|start
|switch|p1a: Golem|Golem-Alola, F|100/100
|switch|p2a: Pelipper|Pelipper, M|100/100
|-weather|RainDance|[from] ability: Drizzle|[of] p2a: Pelipper
|turn|1
|
|t:|1760432814
|switch|p2a: Iron Treads|Iron Treads|100/100
|move|p1a: Golem|Stealth Rock|p2a: Iron Treads
|-sidestart|p2: 3idk|move: Stealth Rock
|
|-weather|RainDance|[upkeep]
|upkeep
|turn|2
|
|t:|1760432822
|switch|p1a: Quaquaval|Quaquaval, M|100/100
|move|p2a: Iron Treads|Rapid Spin|p1a: Quaquaval
|-damage|p1a: Quaquaval|83/100
|-boost|p2a: Iron Treads|spe|1
|-sideend|p2: 3idk|Stealth Rock|[from] move: Rapid Spin|[of] p2a: Iron Treads
|
|-weather|RainDance|[upkeep]
|upkeep
|turn|3
|
|t:|1760432830
|-end|p2a: Iron Treads|Quark Drive|[silent]
|switch|p2a: Decidueye|Decidueye-Hisui, M|100/100
|move|p1a: Quaquaval|Close Combat|p2a: Decidueye
|-damage|p2a: Decidueye|32/100
|-unboost|p1a: Quaquaval|def|1
|-unboost|p1a: Quaquaval|spd|1
|-damage|p1a: Quaquaval|67/100|[from] item: Rocky Helmet|[of] p2a: Decidueye
|
|-weather|RainDance|[upkeep]
|upkeep
|turn|4
|
|t:|1760432837
|switch|p2a: Tornadus|Tornadus-Therian, M|100/100
|move|p1a: Quaquaval|Close Combat|p2a: Tornadus
|-resisted|p2a: Tornadus
|-damage|p2a: Tornadus|42/100
|-unboost|p1a: Quaquaval|def|1
|-unboost|p1a: Quaquaval|spd|1
|
|-weather|RainDance|[upkeep]
|upkeep
|turn|5
|
|t:|1760432842
|switch|p1a: Iron Treads|Iron Treads|100/100
|move|p2a: Tornadus|Weather Ball|p1a: Iron Treads
|-supereffective|p1a: Iron Treads
|-damage|p1a: Iron Treads|0 fnt
|faint|p1a: Iron Treads
|-end|p1a: Iron Treads|Quark Drive|[silent]
|
|-weather|RainDance|[upkeep]
|upkeep
|
|t:|1760432847
|switch|p1a: Dragonite|Dragonite, F|100/100
|turn|6
|
|t:|1760432851
|move|p2a: Tornadus|Weather Ball|p1a: Dragonite
|-resisted|p1a: Dragonite
|-damage|p1a: Dragonite|85/100
|move|p1a: Dragonite|Dragon Dance|p1a: Dragonite
|-boost|p1a: Dragonite|atk|1
|-boost|p1a: Dragonite|spe|1
|
|-weather|RainDance|[upkeep]
|upkeep
|turn|7
|
|t:|1760432857
|switch|p2a: Decidueye|Decidueye-Hisui, M|32/100
|move|p1a: Dragonite|Dragon Dance|p1a: Dragonite
|-boost|p1a: Dragonite|atk|1
|-boost|p1a: Dragonite|spe|1
|
|-weather|RainDance|[upkeep]
|upkeep
|turn|8
|
|t:|1760432863
|move|p1a: Dragonite|Dragon Dance|p1a: Dragonite
|-boost|p1a: Dragonite|atk|1
|-boost|p1a: Dragonite|spe|1
|move|p2a: Decidueye|Triple Arrows|p1a: Dragonite
|-resisted|p1a: Dragonite
|-damage|p1a: Dragonite|66/100
|-unboost|p1a: Dragonite|def|1
|
|-weather|none
|upkeep
|turn|9
|
|t:|1760432870
|move|p1a: Dragonite|Roost|p1a: Dragonite
|-heal|p1a: Dragonite|100/100
|-singleturn|p1a: Dragonite|move: Roost
|move|p2a: Decidueye|U-turn|p1a: Dragonite
|-damage|p1a: Dragonite|87/100
|
|t:|1760432875
|switch|p2a: Raging Bolt|Raging Bolt|100/100|[from] U-turn
|-enditem|p2a: Raging Bolt|Booster Energy
|-activate|p2a: Raging Bolt|ability: Protosynthesis|[fromitem]
|-start|p2a: Raging Bolt|protosynthesisspa
|
|upkeep
|turn|10
|
|t:|1760432880
|-terastallize|p1a: Dragonite|Ghost
|-terastallize|p2a: Raging Bolt|Bug
|move|p1a: Dragonite|Tera Blast|p2a: Raging Bolt|[anim] Tera Blast Ghost
|-damage|p2a: Raging Bolt|9/100
|move|p2a: Raging Bolt|Dragon Pulse|p1a: Dragonite
|-damage|p1a: Dragonite|27/100
|
|upkeep
|turn|11
|
|t:|1760432889
|move|p1a: Dragonite|Roost|p1a: Dragonite
|-heal|p1a: Dragonite|77/100
|move|p2a: Raging Bolt|Dragon Pulse|p1a: Dragonite
|-damage|p1a: Dragonite|18/100
|
|upkeep
|turn|12
|
|t:|1760432892
|move|p1a: Dragonite|Roost|p1a: Dragonite
|-heal|p1a: Dragonite|68/100
|move|p2a: Raging Bolt|Dragon Pulse|p1a: Dragonite
|-damage|p1a: Dragonite|7/100
|
|upkeep
|turn|13
|
|t:|1760432897
|move|p2a: Raging Bolt|Thunderclap||[still]
|-fail|p2a: Raging Bolt
|move|p1a: Dragonite|Roost|p1a: Dragonite
|-heal|p1a: Dragonite|57/100
|
|upkeep
|turn|14
|
|t:|1760432900
|move|p2a: Raging Bolt|Thunderclap||[still]
|-fail|p2a: Raging Bolt
|move|p1a: Dragonite|Roost|p1a: Dragonite
|-heal|p1a: Dragonite|100/100
|
|upkeep
|turn|15
|
|t:|1760432903
|move|p2a: Raging Bolt|Thunderclap|p1a: Dragonite
|-damage|p1a: Dragonite|76/100
|move|p1a: Dragonite|Tera Blast|p2a: Raging Bolt|[anim] Tera Blast Ghost
|-damage|p2a: Raging Bolt|0 fnt
|faint|p2a: Raging Bolt
|-end|p2a: Raging Bolt|Protosynthesis|[silent]
|
|upkeep
|
|t:|1760432908
|switch|p2a: Pelipper|Pelipper, M|100/100
|-weather|RainDance|[from] ability: Drizzle|[of] p2a: Pelipper
|turn|16
|
|t:|1760432914
|move|p1a: Dragonite|Tera Blast|p2a: Pelipper|[anim] Tera Blast Ghost
|-damage|p2a: Pelipper|20/100
|move|p2a: Pelipper|U-turn|p1a: Dragonite
|-resisted|p1a: Dragonite
|-damage|p1a: Dragonite|68/100
|
|t:|1760432920
|switch|p2a: Barraskewda|Barraskewda, F|100/100|[from] U-turn
|
|-weather|RainDance|[upkeep]
|upkeep
|turn|17
|
|t:|1760432925
|switch|p1a: Hydrapple|Hydrapple, M|100/100
|move|p2a: Barraskewda|Flip Turn|p1a: Hydrapple
|-resisted|p1a: Hydrapple
|-damage|p1a: Hydrapple|91/100
|-damage|p2a: Barraskewda|91/100|[from] item: Life Orb
|
|t:|1760432928
|switch|p2a: Tornadus|Tornadus-Therian, M|75/100|[from] Flip Turn
|
|-weather|RainDance|[upkeep]
|upkeep
|turn|18
|
|t:|1760432935
|move|p2a: Tornadus|U-turn|p1a: Hydrapple
|-supereffective|p1a: Hydrapple
|-damage|p1a: Hydrapple|74/100
|
|t:|1760432939
|switch|p2a: Iron Treads|Iron Treads|100/100|[from] U-turn
|move|p1a: Hydrapple|Fickle Beam|p2a: Iron Treads|[anim] Fickle Beam All Out
|-activate|p1a: Hydrapple|move: Fickle Beam
|-resisted|p2a: Iron Treads
|-damage|p2a: Iron Treads|71/100
|
|-weather|RainDance|[upkeep]
|-heal|p2a: Iron Treads|77/100|[from] item: Leftovers
|upkeep
|turn|19
|
|t:|1760432947
|-end|p2a: Iron Treads|Quark Drive|[silent]
|switch|p2a: Tornadus|Tornadus-Therian, M|100/100
|move|p1a: Hydrapple|Earth Power|p2a: Tornadus
|-immune|p2a: Tornadus
|
|-weather|RainDance|[upkeep]
|upkeep
|turn|20
|
|t:|1760432954
|switch|p1a: Golem|Golem-Alola, F|100/100
|move|p2a: Tornadus|Hurricane|p1a: Golem
|-resisted|p1a: Golem
|-damage|p1a: Golem|73/100
|
|-weather|RainDance|[upkeep]
|upkeep
|turn|21
|
|t:|1760432963
|switch|p2a: Iron Treads|Iron Treads|77/100
|switch|p1a: Dragonite|Dragonite, F, tera:Ghost|68/100
|
|-weather|RainDance|[upkeep]
|-heal|p2a: Iron Treads|83/100|[from] item: Leftovers
|upkeep
|turn|22
|
|t:|1760432968
|move|p2a: Iron Treads|Knock Off|p1a: Dragonite
|-supereffective|p1a: Dragonite
|-damage|p1a: Dragonite|16/100
|-enditem|p1a: Dragonite|Lum Berry|[from] move: Knock Off|[of] p2a: Iron Treads
|move|p1a: Dragonite|Dragon Dance|p1a: Dragonite
|-boost|p1a: Dragonite|atk|1
|-boost|p1a: Dragonite|spe|1
|
|-weather|RainDance|[upkeep]
|-heal|p2a: Iron Treads|89/100|[from] item: Leftovers
|upkeep
|turn|23
|
|t:|1760432974
|move|p1a: Dragonite|Low Kick|p2a: Iron Treads
|-supereffective|p2a: Iron Treads
|-damage|p2a: Iron Treads|0 fnt
|faint|p2a: Iron Treads
|-end|p2a: Iron Treads|Quark Drive|[silent]
|
|-weather|none
|upkeep
|
|t:|1760432978
|switch|p2a: Barraskewda|Barraskewda, F|91/100
|turn|24
|
|t:|1760432981
|switch|p1a: Golem|Golem-Alola, F|73/100
|move|p2a: Barraskewda|Flip Turn|p1a: Golem
|-supereffective|p1a: Golem
|-damage|p1a: Golem|7/100
|-damage|p2a: Barraskewda|81/100|[from] item: Life Orb
|
|t:|1760432992
|switch|p2a: Tornadus|Tornadus-Therian, M|100/100|[from] Flip Turn
|
|upkeep
|turn|25
|-enditem|p1a: Golem|Custap Berry|[eat]
|-activate|p1a: Golem|item: Custap Berry|[consumed]
|
|t:|1760432996
|move|p1a: Golem|Explosion|p2a: Tornadus
|-damage|p2a: Tornadus|0 fnt
|faint|p1a: Golem
|faint|p2a: Tornadus
|
|upkeep
|
|t:|1760433005
|switch|p2a: Pelipper|Pelipper, M|20/100
|switch|p1a: Arcanine|Arcanine-Hisui, M|100/100
|-weather|RainDance|[from] ability: Drizzle|[of] p2a: Pelipper
|turn|26
|
|t:|1760433012
|switch|p2a: Decidueye|Decidueye-Hisui, M|32/100
|move|p1a: Arcanine|Extreme Speed|p2a: Decidueye
|-damage|p2a: Decidueye|5/100
|-damage|p1a: Arcanine|84/100|[from] item: Rocky Helmet|[of] p2a: Decidueye
|
|-weather|RainDance|[upkeep]
|upkeep
|turn|27
|
|t:|1760433018
|move|p1a: Arcanine|Extreme Speed|p2a: Decidueye
|-damage|p2a: Decidueye|0 fnt
|-damage|p1a: Arcanine|67/100|[from] item: Rocky Helmet|[of] p2a: Decidueye
|faint|p2a: Decidueye
|
|-weather|RainDance|[upkeep]
|upkeep
|
|t:|1760433021
|switch|p2a: Barraskewda|Barraskewda, F|81/100
|turn|28
|
|t:|1760433027
|move|p1a: Arcanine|Extreme Speed|p2a: Barraskewda
|-damage|p2a: Barraskewda|8/100
|move|p2a: Barraskewda|Liquidation|p1a: Arcanine
|-supereffective|p1a: Arcanine
|-damage|p1a: Arcanine|0 fnt
|faint|p1a: Arcanine
|-damage|p2a: Barraskewda|0 fnt|[from] item: Life Orb
|faint|p2a: Barraskewda
|
|-weather|RainDance|[upkeep]
|upkeep
|
|t:|1760433032
|switch|p2a: Pelipper|Pelipper, M|20/100
|switch|p1a: Quaquaval|Quaquaval, M|67/100
|turn|29
|-message|3idk forfeited.
|
|win|A Regular Plumbus
|raw|A Regular Plumbus's rating: 1638 &rarr; <strong>1659</strong><br />(+21 for winning)
|raw|3idk's rating: 1659 &rarr; <strong>1638</strong><br />(-21 for losing)
|l|☆3idk
|player|p2|
