|j|☆jadhe
|j|☆N4ts0s
|t:|1760433530
|gametype|singles
|player|p1|jadhe|169|1118
|player|p2|N4ts0s|169|1163
|gen|9
|tier|[Gen 9] OU
|rated|
|rule|HP Percentage Mod: HP is shown in percentages
|rule|Endless Battle Clause: Forcing endless battles is banned
|rule|Species Clause: Limit one of each Pokémon
|rule|OHKO Clause: OHKO moves are banned
|rule|Evasion Items Clause: Evasion items are banned
|rule|Evasion Moves Clause: Evasion moves are banned
|rule|Evasion Abilities Clause: Evasion abilities are banned
|rule|Sleep Moves Clause: Sleep-inducing moves are banned
|clearpoke
|poke|p1|Gliscor, F|
|poke|p1|Tropius, M|
|poke|p1|Blaziken, F|
|poke|p1|Indeedee, M|
|poke|p1|Iron Treads|
|poke|p1|Rillaboom, F|
|poke|p2|Pelipper, F|
|poke|p2|Barraskewda, F|
|poke|p2|Empoleon, F|
|poke|p2|Moltres-Galar|
|poke|p2|Excadrill, F|
|poke|p2|Ninetales-Alola, M|
|teampreview
|
|t:|1760433536
|teamsize|p1|6
|teamsize|p2|6
|start
|switch|p1a: Tropius|Tropius, M|100/100
|switch|p2a: Ninetales|Ninetales-Alola, M|100/100
|-weather|Snowscape|[from] ability: Snow Warning|[of] p2a: Ninetales
|turn|1
|
|t:|1760433542
|move|p2a: Ninetales|Aurora Veil|p2a: Ninetales
|-sidestart|p2: N4ts0s|move: Aurora Veil
|move|p1a: Tropius|Leech Seed|p2a: Ninetales
|-start|p2a: Ninetales|move: Leech Seed
|
|-weather|Snowscape|[upkeep]
|-damage|p2a: Ninetales|88/100|[from] Leech Seed|[of] p1a: Tropius
|upkeep
|turn|2
|inactive|Battle timer is ON: inactive players will automatically lose when time's up. (requested by N4ts0s)
|
|t:|1760433550
|move|p1a: Tropius|Protect|p1a: Tropius
|-singleturn|p1a: Tropius|Protect
|move|p2a: Ninetales|Encore|p1a: Tropius
|-activate|p1a: Tropius|move: Protect
|
|-weather|Snowscape|[upkeep]
|-damage|p2a: Ninetales|76/100|[from] Leech Seed|[of] p1a: Tropius
|upkeep
|turn|3
|
|t:|1760433566
|switch|p1a: Blaziken|Blaziken, F|100/100
|move|p2a: Ninetales|Freeze-Dry|p1a: Blaziken
|-resisted|p1a: Blaziken
|-damage|p1a: Blaziken|83/100
|
|-weather|Snowscape|[upkeep]
|-damage|p2a: Ninetales|64/100|[from] Leech Seed|[of] p1a: Blaziken
|-heal|p1a: Blaziken|94/100|[silent]
|upkeep
|turn|4
|
|t:|1760433575
|switch|p2a: Big Quack|Pelipper, F|100/100
|-weather|RainDance|[from] ability: Drizzle|[of] p2a: Big Quack
|move|p1a: Blaziken|Protect||[still]
|-fail|p1a: Blaziken
|
|-weather|RainDance|[upkeep]
|-ability|p1a: Blaziken|Speed Boost|boost
|-boost|p1a: Blaziken|spe|1
|upkeep
|turn|5
|
|t:|1760433588
|switch|p1a: Tropius|Tropius, M|100/100
|move|p2a: Big Quack|Hurricane|p1a: Tropius
|-supereffective|p1a: Tropius
|-damage|p1a: Tropius|4/100
|-start|p1a: Tropius|confusion
|-enditem|p1a: Tropius|Sitrus Berry|[eat]
|-heal|p1a: Tropius|29/100|[from] item: Sitrus Berry
|
|-weather|RainDance|[upkeep]
|upkeep
|turn|6
|
|t:|1760433600
|-activate|p1a: Tropius|confusion
|-damage|p1a: Tropius|24/100|[from] confusion
|move|p2a: Big Quack|U-turn|p1a: Tropius
|-damage|p1a: Tropius|15/100
|
|t:|1760433607
|switch|p2a: Ninetales|Ninetales-Alola, M|64/100|[from] U-turn
|-weather|Snowscape|[from] ability: Snow Warning|[of] p2a: Ninetales
|
|-weather|Snowscape|[upkeep]
|upkeep
|turn|7
|
|t:|1760433614
|switch|p1a: Blaziken|Blaziken, F|94/100
|move|p2a: Ninetales|Moonblast|p1a: Blaziken
|-damage|p1a: Blaziken|50/100
|
|-weather|Snowscape|[upkeep]
|upkeep
|turn|8
|
|t:|1760433623
|switch|p2a: Big Quack|Pelipper, F|100/100
|-weather|RainDance|[from] ability: Drizzle|[of] p2a: Big Quack
|move|p1a: Blaziken|Protect||[still]
|-fail|p1a: Blaziken
|
|-weather|RainDance|[upkeep]
|-sideend|p2: N4ts0s|move: Aurora Veil
|-ability|p1a: Blaziken|Speed Boost|boost
|-boost|p1a: Blaziken|spe|1
|upkeep
|turn|9
|
|t:|1760433649
|-terastallize|p1a: Blaziken|Flying
|move|p1a: Blaziken|Brave Bird|p2a: Big Quack
|-damage|p2a: Big Quack|2/100
|-damage|p1a: Blaziken|18/100|[from] Recoil
|-damage|p1a: Blaziken|8/100|[from] item: Life Orb
|move|p2a: Big Quack|Hurricane|p1a: Blaziken
|-damage|p1a: Blaziken|0 fnt
|faint|p1a: Blaziken
|
|-weather|RainDance|[upkeep]
|upkeep
|
|t:|1760433655
|switch|p1a: Rillaboom|Rillaboom, F|100/100
|-fieldstart|move: Grassy Terrain|[from] ability: Grassy Surge|[of] p1a: Rillaboom
|turn|10
|
|t:|1760433666
|move|p1a: Rillaboom|Grassy Glide|p2a: Big Quack
|-damage|p2a: Big Quack|0 fnt
|faint|p2a: Big Quack
|
|-weather|RainDance|[upkeep]
|upkeep
|
|t:|1760433669
|switch|p2a: Ninetales|Ninetales-Alola, M|64/100
|-weather|Snowscape|[from] ability: Snow Warning|[of] p2a: Ninetales
|turn|11
|
|t:|1760433674
|move|p1a: Rillaboom|Grassy Glide|p2a: Ninetales
|-damage|p2a: Ninetales|28/100
|move|p2a: Ninetales|Aurora Veil|p2a: Ninetales
|-sidestart|p2: N4ts0s|move: Aurora Veil
|
|-weather|Snowscape|[upkeep]
|-heal|p2a: Ninetales|34/100|[from] Grassy Terrain
|upkeep
|turn|12
|
|t:|1760433683
|switch|p2a: Moltres|Moltres-Galar, shiny|100/100
|move|p1a: Rillaboom|Grassy Glide|p2a: Moltres
|-resisted|p2a: Moltres
|-damage|p2a: Moltres|91/100
|
|-weather|Snowscape|[upkeep]
|upkeep
|turn|13
|
|t:|1760433693
|move|p1a: Rillaboom|Knock Off|p2a: Moltres
|-resisted|p2a: Moltres
|-damage|p2a: Moltres|83/100
|-enditem|p2a: Moltres|Sitrus Berry|[from] move: Knock Off|[of] p1a: Rillaboom
|move|p2a: Moltres|Agility|p2a: Moltres
|-boost|p2a: Moltres|spe|2
|
|-weather|Snowscape|[upkeep]
|upkeep
|turn|14
|
|t:|1760433705
|move|p2a: Moltres|Fiery Wrath|p1a: Rillaboom
|-damage|p1a: Rillaboom|61/100
|move|p1a: Rillaboom|U-turn|p2a: Moltres
|-damage|p2a: Moltres|71/100
|inactive|jadhe has 120 seconds left.
|inactive|jadhe has 90 seconds left.
|
|t:|1760433768
|switch|p1a: Gliscor|Gliscor, F|100/100|[from] U-turn
|
|-weather|Snowscape|[upkeep]
|-fieldend|move: Grassy Terrain
|-status|p1a: Gliscor|tox|[from] item: Toxic Orb
|upkeep
|turn|15
|
|t:|1760433774
|move|p2a: Moltres|Nasty Plot|p2a: Moltres
|-boost|p2a: Moltres|spa|2
|move|p1a: Gliscor|Toxic|p2a: Moltres
|-status|p2a: Moltres|tox
|
|-weather|none
|-damage|p2a: Moltres|65/100 tox|[from] psn
|upkeep
|turn|16
|
|t:|1760433780
|move|p2a: Moltres|Nasty Plot|p2a: Moltres
|-boost|p2a: Moltres|spa|2
|move|p1a: Gliscor|Toxic|p2a: Moltres
|-fail|p2a: Moltres|tox
|
|-damage|p2a: Moltres|52/100 tox|[from] psn
|upkeep
|turn|17
|
|t:|1760433785
|move|p1a: Gliscor|Protect|p1a: Gliscor
|-singleturn|p1a: Gliscor|Protect
|move|p2a: Moltres|Fiery Wrath|p1a: Gliscor
|-activate|p1a: Gliscor|move: Protect
|
|-damage|p2a: Moltres|34/100 tox|[from] psn
|upkeep
|turn|18
|
|t:|1760433794
|switch|p1a: Tropius|Tropius, M|15/100
|move|p2a: Moltres|Fiery Wrath|p1a: Tropius
|-damage|p1a: Tropius|0 fnt
|faint|p1a: Tropius
|
|-damage|p2a: Moltres|10/100 tox|[from] psn
|-sideend|p2: N4ts0s|move: Aurora Veil
|upkeep
|
|t:|1760433803
|switch|p1a: Gliscor|Gliscor, F|100/100 tox
|turn|19
|
|t:|1760433806
|move|p1a: Gliscor|Protect|p1a: Gliscor
|-singleturn|p1a: Gliscor|Protect
|move|p2a: Moltres|Agility|p2a: Moltres
|-boost|p2a: Moltres|spe|2
|
|-damage|p2a: Moltres|0 fnt|[from] psn
|faint|p2a: Moltres
|upkeep
|
|t:|1760433809
|switch|p2a: Ninetales|Ninetales-Alola, M|34/100
|-weather|Snowscape|[from] ability: Snow Warning|[of] p2a: Ninetales
|turn|20
|
|t:|1760433813
|move|p2a: Ninetales|Encore|p1a: Gliscor
|-start|p1a: Gliscor|Encore
|move|p1a: Gliscor|Protect||[still]
|-fail|p1a: Gliscor
|
|-weather|Snowscape|[upkeep]
|upkeep
|turn|21
|
|t:|1760433820
|switch|p1a: Iron Treads|Iron Treads|100/100
|-enditem|p1a: Iron Treads|Booster Energy
|-activate|p1a: Iron Treads|ability: Quark Drive|[fromitem]
|-start|p1a: Iron Treads|quarkdrivespe
|move|p2a: Ninetales|Aurora Veil|p2a: Ninetales
|-sidestart|p2: N4ts0s|move: Aurora Veil
|
|-weather|Snowscape|[upkeep]
|upkeep
|turn|22
|
|t:|1760433826
|switch|p2a: Excadrill|Excadrill, F|100/100
|-ability|p2a: Excadrill|Mold Breaker
|move|p1a: Iron Treads|Iron Head|p2a: Excadrill
|-resisted|p2a: Excadrill
|-damage|p2a: Excadrill|90/100
|
|-weather|Snowscape|[upkeep]
|upkeep
|turn|23
|
|t:|1760433832
|switch|p2a: Beep Beep|Empoleon, F, shiny|100/100
|move|p1a: Iron Treads|Earthquake|p2a: Beep Beep
|-supereffective|p2a: Beep Beep
|-damage|p2a: Beep Beep|54/100
|-enditem|p2a: Beep Beep|Weakness Policy
|-boost|p2a: Beep Beep|atk|2|[from] item: Weakness Policy
|-boost|p2a: Beep Beep|spa|2|[from] item: Weakness Policy
|
|-weather|Snowscape|[upkeep]
|upkeep
|turn|24
|
|t:|1760433840
|-terastallize|p2a: Beep Beep|Flying
|move|p1a: Iron Treads|Earthquake|p2a: Beep Beep
|-immune|p2a: Beep Beep
|move|p2a: Beep Beep|Agility|p2a: Beep Beep
|-boost|p2a: Beep Beep|spe|2
|
|-weather|none
|upkeep
|turn|25
|
|t:|1760433842
|move|p1a: Iron Treads|Ice Spinner|p2a: Beep Beep
|-supereffective|p2a: Beep Beep
|-damage|p2a: Beep Beep|31/100
|move|p2a: Beep Beep|Surf|p1a: Iron Treads
|-supereffective|p1a: Iron Treads
|-damage|p1a: Iron Treads|0 fnt
|faint|p1a: Iron Treads
|-end|p1a: Iron Treads|Quark Drive|[silent]
|
|upkeep
|
|t:|1760433863
|switch|p1a: Indeedee|Indeedee, M|100/100
|-fieldstart|move: Psychic Terrain|[from] ability: Psychic Surge|[of] p1a: Indeedee
|turn|26
|
|t:|1760433870
|move|p1a: Indeedee|Psychic|p2a: Beep Beep
|-crit|p2a: Beep Beep
|-damage|p2a: Beep Beep|0 fnt
|faint|p2a: Beep Beep
|
|upkeep
|
|t:|1760433877
|switch|p2a: Excadrill|Excadrill, F|90/100
|-ability|p2a: Excadrill|Mold Breaker
|turn|27
|
|t:|1760433885
|switch|p1a: Gliscor|Gliscor, F|100/100 tox
|move|p2a: Excadrill|Earthquake|p1a: Gliscor
|-immune|p1a: Gliscor
|
|upkeep
|turn|28
|c|☆N4ts0s|well played
|
|t:|1760433891
|move|p2a: Excadrill|Iron Head|p1a: Gliscor
|-damage|p1a: Gliscor|75/100 tox
|move|p1a: Gliscor|Substitute|p1a: Gliscor
|-start|p1a: Gliscor|Substitute
|-damage|p1a: Gliscor|50/100 tox
|
|-heal|p1a: Gliscor|63/100 tox|[from] ability: Poison Heal
|-sideend|p2: N4ts0s|move: Aurora Veil
|upkeep
|turn|29
|
|t:|1760433898
|move|p2a: Excadrill|Iron Head|p1a: Gliscor
|-end|p1a: Gliscor|Substitute
|move|p1a: Gliscor|Earthquake|p2a: Excadrill
|-supereffective|p2a: Excadrill
|-damage|p2a: Excadrill|0 fnt
|faint|p2a: Excadrill
|
|-heal|p1a: Gliscor|75/100 tox|[from] ability: Poison Heal
|upkeep
|
|t:|1760433902
|switch|p2a: Ninetales|Ninetales-Alola, M|34/100
|-weather|Snowscape|[from] ability: Snow Warning|[of] p2a: Ninetales
|turn|30
|
|t:|1760433908
|move|p2a: Ninetales|Freeze-Dry|p1a: Gliscor
|-supereffective|p1a: Gliscor
|-damage|p1a: Gliscor|0 fnt
|faint|p1a: Gliscor
|
|-weather|Snowscape|[upkeep]
|-fieldend|move: Psychic Terrain
|upkeep
|
|t:|1760433912
|switch|p1a: Indeedee|Indeedee, M|100/100
|-fieldstart|move: Psychic Terrain|[from] ability: Psychic Surge|[of] p1a: Indeedee
|turn|31
|
|t:|1760433915
|move|p1a: Indeedee|Psychic|p2a: Ninetales
|-damage|p2a: Ninetales|0 fnt
|faint|p2a: Ninetales
|
|-weather|Snowscape|[upkeep]
|upkeep
|
|t:|1760433917
|switch|p2a: Torpedo Fish|Barraskewda, F, shiny|100/100
|turn|32
|
|t:|1760433920
|move|p1a: Indeedee|Psychic|p2a: Torpedo Fish
|-damage|p2a: Torpedo Fish|0 fnt
|faint|p2a: Torpedo Fish
|
|win|jadhe
|raw|jadhe's rating: 1118 &rarr; <strong>1146</strong><br />(+28 for winning)
|raw|N4ts0s's rating: 1163 &rarr; <strong>1135</strong><br />(-28 for losing)
|l|☆N4ts0s
|player|p2|
|l|☆jadhe
|player|p1|
