|j|☆jn_r1z
|j|☆Aliashood75
|t:|1760436424
|gametype|singles
|player|p1|jn_r1z|burglar|1396
|player|p2|Aliashood75|1|1432
|gen|9
|tier|[Gen 9] OU
|rated|
|rule|HP Percentage Mod: HP is shown in percentages
|rule|Endless Battle Clause: Forcing endless battles is banned
|rule|Species Clause: Limit one of each Pokémon
|rule|OHKO Clause: OHKO moves are banned
|rule|Evasion Items Clause: Evasion items are banned
|rule|Evasion Moves Clause: Evasion moves are banned
|rule|Evasion Abilities Clause: Evasion abilities are banned
|rule|Sleep Moves Clause: Sleep-inducing moves are banned
|clearpoke
|poke|p1|Decidueye-Hisui, M|
|poke|p1|Corviknight, M|
|poke|p1|Clodsire, F|
|poke|p1|Haxorus, F|
|poke|p1|Skeledirge, M|
|poke|p1|Kilowattrel, F|
|poke|p2|Kingambit, F|
|poke|p2|Cinderace, F|
|poke|p2|Landorus-Therian, M|
|poke|p2|Iron Valiant|
|poke|p2|Kyurem|
|poke|p2|Slowking-Galar, M|
|teampreview
|
|t:|1760436443
|teamsize|p1|6
|teamsize|p2|6
|start
|switch|p1a: Kilowattrel|Kilowattrel, F|100/100
|switch|p2a: Landorus|Landorus-Therian, M, shiny|100/100
|-ability|p2a: Landorus|Intimidate|boost
|-unboost|p1a: Kilowattrel|atk|1
|turn|1
|
|t:|1760436452
|move|p1a: Kilowattrel|Hurricane|p2a: Landorus
|-damage|p2a: Landorus|21/100
|move|p2a: Landorus|Stealth Rock|p1a: Kilowattrel
|-sidestart|p1: jn_r1z|move: Stealth Rock
|
|upkeep
|turn|2
|
|t:|1760436459
|switch|p2a: Slowking|Slowking-Galar, M, shiny|100/100
|move|p1a: Kilowattrel|Hurricane|p2a: Slowking
|-damage|p2a: Slowking|58/100
|
|upkeep
|turn|3
|
|t:|1760436467
|move|p1a: Kilowattrel|Hurricane|p2a: Slowking
|-damage|p2a: Slowking|16/100
|-prepare|p2a: Slowking|Chilly Reception|[premajor]
|move|p2a: Slowking|Chilly Reception|p2a: Slowking
|-weather|Snowscape
|
|t:|1760436473
|switch|p2a: Kyurem|Kyurem, shiny|100/100|[from] Chilly Reception
|-ability|p2a: Kyurem|Pressure
|
|-weather|Snowscape|[upkeep]
|upkeep
|turn|4
|
|t:|1760436487
|switch|p1a: Corviknight|Corviknight, M|100/100
|move|p2a: Kyurem|Substitute|p2a: Kyurem
|-start|p2a: Kyurem|Substitute
|-damage|p2a: Kyurem|76/100
|
|-weather|Snowscape|[upkeep]
|-heal|p2a: Kyurem|82/100|[from] item: Leftovers
|upkeep
|turn|5
|
|t:|1760436501
|-terastallize|p2a: Kyurem|Ground
|move|p2a: Kyurem|Body Press|p1a: Corviknight
|-damage|p1a: Corviknight|90/100
|move|p1a: Corviknight|Defog|p2a: Kyurem
|-sideend|p1: jn_r1z|Stealth Rock|[from] move: Defog|[of] p1a: Corviknight
|
|-weather|Snowscape|[upkeep]
|-heal|p2a: Kyurem|88/100|[from] item: Leftovers
|upkeep
|turn|6
|
|t:|1760436511
|move|p2a: Kyurem|Freeze-Dry|p1a: Corviknight
|-damage|p1a: Corviknight|54/100
|move|p1a: Corviknight|Brave Bird|p2a: Kyurem
|-crit|p2a: Kyurem
|-end|p2a: Kyurem|Substitute
|-damage|p1a: Corviknight|46/100|[from] Recoil|[of] p2a: Kyurem
|
|-weather|Snowscape|[upkeep]
|-heal|p2a: Kyurem|94/100|[from] item: Leftovers
|upkeep
|turn|7
|inactive|Battle timer is ON: inactive players will automatically lose when time's up. (requested by Aliashood75)
|
|t:|1760436551
|switch|p1a: Skeledirge|Skeledirge, M|100/100
|move|p2a: Kyurem|Substitute|p2a: Kyurem
|-start|p2a: Kyurem|Substitute
|-damage|p2a: Kyurem|69/100
|
|-weather|none
|-heal|p2a: Kyurem|75/100|[from] item: Leftovers
|upkeep
|turn|8
|
|t:|1760436569
|move|p2a: Kyurem|Earth Power|p1a: Skeledirge
|-supereffective|p1a: Skeledirge
|-damage|p1a: Skeledirge|34/100
|move|p1a: Skeledirge|Torch Song|p2a: Kyurem
|-damage|p2a: Kyurem|47/100
|-boost|p1a: Skeledirge|spa|1
|
|-heal|p2a: Kyurem|53/100|[from] item: Leftovers
|-heal|p1a: Skeledirge|40/100|[from] item: Leftovers
|upkeep
|turn|9
|
|t:|1760436580
|-terastallize|p1a: Skeledirge|Fairy
|move|p2a: Kyurem|Earth Power|p1a: Skeledirge
|-damage|p1a: Skeledirge|7/100
|move|p1a: Skeledirge|Slack Off|p1a: Skeledirge
|-heal|p1a: Skeledirge|57/100
|
|-heal|p2a: Kyurem|60/100|[from] item: Leftovers
|-heal|p1a: Skeledirge|63/100|[from] item: Leftovers
|upkeep
|turn|10
|
|t:|1760436593
|move|p2a: Kyurem|Earth Power|p1a: Skeledirge
|-damage|p1a: Skeledirge|33/100
|move|p1a: Skeledirge|Slack Off|p1a: Skeledirge
|-heal|p1a: Skeledirge|83/100
|
|-heal|p2a: Kyurem|66/100|[from] item: Leftovers
|-heal|p1a: Skeledirge|89/100|[from] item: Leftovers
|upkeep
|turn|11
|
|t:|1760436603
|switch|p2a: Slowking|Slowking-Galar, M, shiny|50/100
|move|p1a: Skeledirge|Torch Song|p2a: Slowking
|-damage|p2a: Slowking|24/100
|-boost|p1a: Skeledirge|spa|1
|
|-heal|p1a: Skeledirge|95/100|[from] item: Leftovers
|upkeep
|turn|12
|
|t:|1760436614
|switch|p2a: Cinderace|Cinderace, F, shiny|100/100
|move|p1a: Skeledirge|Torch Song|p2a: Cinderace
|-resisted|p2a: Cinderace
|-damage|p2a: Cinderace|64/100
|-boost|p1a: Skeledirge|spa|1
|
|-heal|p1a: Skeledirge|100/100|[from] item: Leftovers
|upkeep
|turn|13
|
|t:|1760436630
|move|p2a: Cinderace|Pyro Ball|p1a: Skeledirge
|-damage|p1a: Skeledirge|63/100
|move|p1a: Skeledirge|Hex|p2a: Cinderace
|-damage|p2a: Cinderace|0 fnt
|faint|p2a: Cinderace
|
|-heal|p1a: Skeledirge|69/100|[from] item: Leftovers
|upkeep
|
|t:|1760436647
|switch|p2a: Landorus|Landorus-Therian, M, shiny|21/100
|-ability|p2a: Landorus|Intimidate|boost
|-unboost|p1a: Skeledirge|atk|1
|turn|14
|
|t:|1760436659
|move|p2a: Landorus|Earthquake|p1a: Skeledirge
|-damage|p1a: Skeledirge|30/100
|move|p1a: Skeledirge|Will-O-Wisp|p2a: Landorus
|-status|p2a: Landorus|brn
|
|-heal|p1a: Skeledirge|36/100|[from] item: Leftovers
|-damage|p2a: Landorus|15/100 brn|[from] brn
|upkeep
|turn|15
|
|t:|1760436670
|move|p2a: Landorus|Taunt|p1a: Skeledirge
|-start|p1a: Skeledirge|move: Taunt
|cant|p1a: Skeledirge|move: Taunt|Slack Off
|
|-heal|p1a: Skeledirge|42/100|[from] item: Leftovers
|-damage|p2a: Landorus|9/100 brn|[from] brn
|upkeep
|turn|16
|
|t:|1760436680
|switch|p1a: Corviknight|Corviknight, M|46/100
|move|p2a: Landorus|Earthquake|p1a: Corviknight
|-immune|p1a: Corviknight
|
|-damage|p2a: Landorus|3/100 brn|[from] brn
|upkeep
|turn|17
|
|t:|1760436686
|move|p2a: Landorus|Taunt|p1a: Corviknight
|-start|p1a: Corviknight|move: Taunt
|cant|p1a: Corviknight|move: Taunt|Roost
|
|-damage|p2a: Landorus|0 fnt|[from] brn
|faint|p2a: Landorus
|upkeep
|
|t:|1760436698
|switch|p2a: Kyurem|Kyurem, shiny, tera:Ground|66/100
|-ability|p2a: Kyurem|Pressure
|turn|18
|
|t:|1760436705
|move|p2a: Kyurem|Freeze-Dry|p1a: Corviknight
|-damage|p1a: Corviknight|10/100
|move|p1a: Corviknight|U-turn|p2a: Kyurem
|-damage|p2a: Kyurem|53/100
|
|t:|1760436715
|switch|p1a: Kilowattrel|Kilowattrel, F|100/100|[from] U-turn
|
|-heal|p2a: Kyurem|60/100|[from] item: Leftovers
|upkeep
|turn|19
|
|t:|1760436722
|move|p1a: Kilowattrel|Hurricane|p2a: Kyurem|[miss]
|-miss|p1a: Kilowattrel|p2a: Kyurem
|move|p2a: Kyurem|Freeze-Dry|p1a: Kilowattrel
|-supereffective|p1a: Kilowattrel
|-damage|p1a: Kilowattrel|0 fnt
|faint|p1a: Kilowattrel
|
|-heal|p2a: Kyurem|66/100|[from] item: Leftovers
|upkeep
|
|t:|1760436730
|switch|p1a: Haxorus|Haxorus, F|100/100
|-ability|p1a: Haxorus|Mold Breaker
|turn|20
|
|t:|1760436757
|move|p1a: Haxorus|Outrage|p2a: Kyurem
|-damage|p2a: Kyurem|0 fnt
|faint|p2a: Kyurem
|
|upkeep
|
|t:|1760436761
|switch|p2a: Iron Valiant|Iron Valiant|100/100
|-enditem|p2a: Iron Valiant|Booster Energy
|-activate|p2a: Iron Valiant|ability: Quark Drive|[fromitem]
|-start|p2a: Iron Valiant|quarkdrivespe
|turn|21
|
|t:|1760436766
|move|p2a: Iron Valiant|Calm Mind|p2a: Iron Valiant
|-boost|p2a: Iron Valiant|spa|1
|-boost|p2a: Iron Valiant|spd|1
|move|p1a: Haxorus|Outrage|p2a: Iron Valiant|[from] lockedmove
|-immune|p2a: Iron Valiant
|-start|p1a: Haxorus|confusion|[fatigue]
|
|upkeep
|turn|22
|
|t:|1760436778
|switch|p1a: Corviknight|Corviknight, M|10/100
|move|p2a: Iron Valiant|Calm Mind|p2a: Iron Valiant
|-boost|p2a: Iron Valiant|spa|1
|-boost|p2a: Iron Valiant|spd|1
|
|upkeep
|turn|23
|
|t:|1760436784
|move|p2a: Iron Valiant|Shadow Ball|p1a: Corviknight
|-damage|p1a: Corviknight|0 fnt
|faint|p1a: Corviknight
|
|upkeep
|
|t:|1760436790
|switch|p1a: Clodsire|Clodsire, F|100/100
|turn|24
|
|t:|1760436816
|move|p2a: Iron Valiant|Shadow Ball|p1a: Clodsire
|-damage|p1a: Clodsire|72/100
|move|p1a: Clodsire|Earthquake|p2a: Iron Valiant
|-damage|p2a: Iron Valiant|68/100
|
|-heal|p1a: Clodsire|79/100|[from] item: Leftovers
|upkeep
|turn|25
|
|t:|1760436828
|move|p2a: Iron Valiant|Shadow Ball|p1a: Clodsire
|-damage|p1a: Clodsire|51/100
|move|p1a: Clodsire|Toxic|p2a: Iron Valiant
|-status|p2a: Iron Valiant|tox
|
|-heal|p1a: Clodsire|57/100|[from] item: Leftovers
|-damage|p2a: Iron Valiant|62/100 tox|[from] psn
|upkeep
|turn|26
|
|t:|1760436837
|move|p2a: Iron Valiant|Encore|p1a: Clodsire
|-start|p1a: Clodsire|Encore
|move|p1a: Clodsire|Toxic|p2a: Iron Valiant
|-fail|p2a: Iron Valiant|tox
|
|-heal|p1a: Clodsire|64/100|[from] item: Leftovers
|-damage|p2a: Iron Valiant|49/100 tox|[from] psn
|upkeep
|turn|27
|
|t:|1760436848
|-end|p2a: Iron Valiant|Quark Drive|[silent]
|switch|p2a: Slowking|Slowking-Galar, M, shiny|57/100
|switch|p1a: Skeledirge|Skeledirge, M, tera:Fairy|42/100
|
|-heal|p1a: Skeledirge|48/100|[from] item: Leftovers
|upkeep
|turn|28
|
|t:|1760436857
|switch|p1a: Clodsire|Clodsire, F|64/100
|move|p2a: Slowking|Sludge Bomb|p1a: Clodsire
|-resisted|p1a: Clodsire
|-damage|p1a: Clodsire|59/100
|
|-heal|p1a: Clodsire|65/100|[from] item: Leftovers
|upkeep
|turn|29
|
|t:|1760436866
|move|p1a: Clodsire|Stealth Rock|p2a: Slowking
|-sidestart|p2: Aliashood75|move: Stealth Rock
|move|p2a: Slowking|Psychic Noise|p1a: Clodsire
|-supereffective|p1a: Clodsire
|-damage|p1a: Clodsire|32/100
|-start|p1a: Clodsire|move: Heal Block
|
|upkeep
|turn|30
|
|t:|1760436878
|switch|p1a: Haxorus|Haxorus, F|100/100
|-ability|p1a: Haxorus|Mold Breaker
|move|p2a: Slowking|Psychic Noise|p1a: Haxorus
|-damage|p1a: Haxorus|58/100
|-start|p1a: Haxorus|move: Heal Block
|
|upkeep
|turn|31
|
|t:|1760436889
|move|p1a: Haxorus|Earthquake|p2a: Slowking
|-supereffective|p2a: Slowking
|-damage|p2a: Slowking|0 fnt
|faint|p2a: Slowking
|
|-end|p1a: Haxorus|move: Heal Block
|upkeep
|
|t:|1760436896
|switch|p2a: Kingambit|Kingambit, F|100/100
|-damage|p2a: Kingambit|94/100|[from] Stealth Rock
|-activate|p2a: Kingambit|ability: Supreme Overlord
|-start|p2a: Kingambit|fallen4|[silent]
|turn|32
|
|t:|1760436905
|switch|p1a: Decidueye|Decidueye-Hisui, M|100/100
|move|p2a: Kingambit|Iron Head|p1a: Decidueye
|-damage|p1a: Decidueye|30/100
|
|-heal|p2a: Kingambit|100/100|[from] item: Leftovers
|-heal|p1a: Decidueye|36/100|[from] item: Leftovers
|upkeep
|turn|33
|
|t:|1760436921
|move|p2a: Kingambit|Sucker Punch||[still]
|-fail|p2a: Kingambit
|move|p1a: Decidueye|Roost|p1a: Decidueye
|-heal|p1a: Decidueye|86/100
|-singleturn|p1a: Decidueye|move: Roost
|
|-heal|p1a: Decidueye|92/100|[from] item: Leftovers
|upkeep
|turn|34
|
|t:|1760436930
|move|p2a: Kingambit|Iron Head|p1a: Decidueye
|-damage|p1a: Decidueye|27/100
|move|p1a: Decidueye|Bulk Up|p1a: Decidueye
|-boost|p1a: Decidueye|atk|1
|-boost|p1a: Decidueye|def|1
|
|-heal|p1a: Decidueye|33/100|[from] item: Leftovers
|upkeep
|turn|35
|
|t:|1760436938
|move|p2a: Kingambit|Iron Head|p1a: Decidueye
|-damage|p1a: Decidueye|0 fnt
|faint|p1a: Decidueye
|
|upkeep
|
|t:|1760436951
|switch|p1a: Skeledirge|Skeledirge, M, tera:Fairy|48/100
|turn|36
|
|t:|1760436957
|move|p2a: Kingambit|Iron Head|p1a: Skeledirge
|-supereffective|p1a: Skeledirge
|-damage|p1a: Skeledirge|0 fnt
|faint|p1a: Skeledirge
|
|upkeep
|
|t:|1760436961
|switch|p1a: Haxorus|Haxorus, F|58/100
|-ability|p1a: Haxorus|Mold Breaker
|turn|37
|
|t:|1760436965
|move|p2a: Kingambit|Sucker Punch|p1a: Haxorus
|-crit|p1a: Haxorus
|-damage|p1a: Haxorus|0 fnt
|faint|p1a: Haxorus
|
|upkeep
|
|t:|1760436975
|switch|p1a: Clodsire|Clodsire, F|32/100
|turn|38
|
|t:|1760436978
|move|p2a: Kingambit|Kowtow Cleave|p1a: Clodsire
|-damage|p1a: Clodsire|0 fnt
|faint|p1a: Clodsire
|
|win|Aliashood75
|raw|jn_r1z's rating: 1396 &rarr; <strong>1378</strong><br />(-18 for losing)
|raw|Aliashood75's rating: 1432 &rarr; <strong>1450</strong><br />(+18 for winning)
|l|☆jn_r1z
|player|p1|
|l|☆Aliashood75
|player|p2|
