|j|☆DisgracefulWhisper
|j|☆AEFAA2
|t:|1760309376
|gametype|singles
|player|p1|DisgracefulWhisper|ghetsis|1146
|player|p2|AEFAA2|scientist-gen4dp|1122
|gen|9
|tier|[Gen 9] OU
|rated|
|rule|HP Percentage Mod: HP is shown in percentages
|rule|Endless Battle Clause: Forcing endless battles is banned
|rule|Species Clause: Limit one of each Pokémon
|rule|OHKO Clause: OHKO moves are banned
|rule|Evasion Items Clause: Evasion items are banned
|rule|Evasion Moves Clause: Evasion moves are banned
|rule|Evasion Abilities Clause: Evasion abilities are banned
|rule|Sleep Moves Clause: Sleep-inducing moves are banned
|clearpoke
|poke|p1|Torkoal, F|
|poke|p1|Hatterene, F|
|poke|p1|Raging Bolt|
|poke|p1|Slither Wing|
|poke|p1|Venusaur, M|
|poke|p1|Walking Wake|
|poke|p2|Torkoal, M|
|poke|p2|Sunflora, F|
|poke|p2|Goodra-Hisui, F|
|poke|p2|Great Tusk|
|poke|p2|Scovillain, M|
|poke|p2|Ninetales, F|
|teampreview
|
|t:|1760309391
|teamsize|p1|6
|teamsize|p2|6
|start
|switch|p1a: Torkoal|Torkoal, F|100/100
|switch|p2a: Great Tusk|Great Tusk|100/100
|-weather|SunnyDay|[from] ability: Drought|[of] p1a: Torkoal
|-activate|p2a: Great Tusk|ability: Protosynthesis
|-start|p2a: Great Tusk|protosynthesisatk
|turn|1
|inactive|Battle timer is ON: inactive players will automatically lose when time's up. (requested by AEFAA2)
|
|t:|1760309405
|switch|p1a: Hatterene|Hatterene, F|100/100
|-item|p1a: Hatterene|Air Balloon
|move|p2a: Great Tusk|Headlong Rush|p1a: Hatterene
|-immune|p1a: Hatterene
|
|-weather|SunnyDay|[upkeep]
|upkeep
|turn|2
|
|t:|1760309419
|-end|p2a: Great Tusk|Protosynthesis|[silent]
|switch|p2a: Sunflora|Sunflora, F|100/100
|move|p1a: Hatterene|Dazzling Gleam|p2a: Sunflora
|-damage|p2a: Sunflora|50/100
|
|-weather|SunnyDay|[upkeep]
|upkeep
|turn|3
|
|t:|1760309429
|move|p2a: Sunflora|Weather Ball|p1a: Hatterene
|-damage|p1a: Hatterene|42/100
|-enditem|p1a: Hatterene|Air Balloon
|-damage|p2a: Sunflora|40/100|[from] item: Life Orb
|move|p1a: Hatterene|Dazzling Gleam|p2a: Sunflora
|-damage|p2a: Sunflora|0 fnt
|faint|p2a: Sunflora
|
|-weather|SunnyDay|[upkeep]
|upkeep
|
|t:|1760309447
|switch|p2a: Scovillain|Scovillain, M|100/100
|turn|4
|inactive|DisgracefulWhisper has 120 seconds left.
|inactive|DisgracefulWhisper has 90 seconds left.
|
|t:|1760309530
|switch|p1a: Venusaur|Venusaur, M|100/100
|move|p2a: Scovillain|Flamethrower|p1a: Venusaur
|-supereffective|p1a: Venusaur
|-damage|p1a: Venusaur|0 fnt
|faint|p1a: Venusaur
|
|-weather|SunnyDay|[upkeep]
|upkeep
|
|t:|1760309537
|switch|p1a: Walking Wake|Walking Wake|100/100
|-activate|p1a: Walking Wake|ability: Protosynthesis
|-start|p1a: Walking Wake|protosynthesisspe
|turn|5
|
|t:|1760309548
|switch|p2a: Goodra|Goodra-Hisui, F|100/100
|move|p1a: Walking Wake|Hydro Steam|p2a: Goodra
|-resisted|p2a: Goodra
|-damage|p2a: Goodra|90/100
|
|-weather|SunnyDay|[upkeep]
|upkeep
|turn|6
|
|t:|1760309575
|-end|p1a: Walking Wake|Protosynthesis|[silent]
|switch|p1a: Slither Wing|Slither Wing|100/100
|-activate|p1a: Slither Wing|ability: Protosynthesis
|-start|p1a: Slither Wing|protosynthesisatk
|move|p2a: Goodra|Draco Meteor|p1a: Slither Wing
|-crit|p1a: Slither Wing
|-damage|p1a: Slither Wing|51/100
|-unboost|p2a: Goodra|spa|2
|
|-weather|SunnyDay|[upkeep]
|upkeep
|turn|7
|
|t:|1760309589
|switch|p2a: Great Tusk|Great Tusk|100/100
|-activate|p2a: Great Tusk|ability: Protosynthesis
|-start|p2a: Great Tusk|protosynthesisatk
|move|p1a: Slither Wing|Earthquake|p2a: Great Tusk
|-damage|p2a: Great Tusk|63/100
|
|-weather|SunnyDay|[upkeep]
|upkeep
|turn|8
|
|t:|1760309601
|-end|p1a: Slither Wing|Protosynthesis|[silent]
|switch|p1a: Hatterene|Hatterene, F|42/100
|move|p2a: Great Tusk|Headlong Rush|p1a: Hatterene
|-damage|p1a: Hatterene|0 fnt
|-unboost|p2a: Great Tusk|def|1
|-unboost|p2a: Great Tusk|spd|1
|faint|p1a: Hatterene
|
|-weather|none
|-end|p2a: Great Tusk|Protosynthesis
|upkeep
|inactive|DisgracefulWhisper has 60 seconds left.
|
|t:|1760309616
|switch|p1a: Walking Wake|Walking Wake|100/100
|turn|9
|
|t:|1760309621
|-end|p2a: Great Tusk|Protosynthesis|[silent]
|switch|p2a: Goodra|Goodra-Hisui, F|90/100
|move|p1a: Walking Wake|Hydro Steam|p2a: Goodra
|-resisted|p2a: Goodra
|-damage|p2a: Goodra|81/100
|
|upkeep
|turn|10
|
|t:|1760309634
|-end|p1a: Walking Wake|Protosynthesis|[silent]
|switch|p1a: Torkoal|Torkoal, F|100/100
|-weather|SunnyDay|[from] ability: Drought|[of] p1a: Torkoal
|move|p2a: Goodra|Draco Meteor|p1a: Torkoal
|-damage|p1a: Torkoal|35/100
|-unboost|p2a: Goodra|spa|2
|
|-weather|SunnyDay|[upkeep]
|upkeep
|turn|11
|
|t:|1760309658
|switch|p2a: Great Tusk|Great Tusk|63/100
|-activate|p2a: Great Tusk|ability: Protosynthesis
|-start|p2a: Great Tusk|protosynthesisatk
|move|p1a: Torkoal|Stealth Rock|p2a: Great Tusk
|-sidestart|p2: AEFAA2|move: Stealth Rock
|
|-weather|SunnyDay|[upkeep]
|upkeep
|turn|12
|
|t:|1760309681
|switch|p1a: Walking Wake|Walking Wake|100/100
|-activate|p1a: Walking Wake|ability: Protosynthesis
|-start|p1a: Walking Wake|protosynthesisspe
|move|p2a: Great Tusk|Headlong Rush|p1a: Walking Wake
|-damage|p1a: Walking Wake|0 fnt
|-unboost|p2a: Great Tusk|def|1
|-unboost|p2a: Great Tusk|spd|1
|faint|p1a: Walking Wake
|-end|p1a: Walking Wake|Protosynthesis|[silent]
|
|-weather|SunnyDay|[upkeep]
|upkeep
|inactive|DisgracefulWhisper has 60 seconds left.
|
|t:|1760309696
|switch|p1a: Torkoal|Torkoal, F|35/100
|turn|13
|-message|DisgracefulWhisper forfeited.
|
|win|AEFAA2
|raw|DisgracefulWhisper's rating: 1146 &rarr; <strong>1119</strong><br />(-27 for losing)
|raw|AEFAA2's rating: 1122 &rarr; <strong>1149</strong><br />(+27 for winning)
|l|☆DisgracefulWhisper
|player|p1|
|l|☆AEFAA2
|player|p2|
