|j|☆ZATUGRO
|j|☆GreenMisfire
|t:|1760401892
|gametype|singles
|player|p1|ZATUGRO|alder|1365
|player|p2|GreenMisfire|acetrainer-gen4dp|1414
|gen|9
|tier|[Gen 9] OU
|rated|
|rule|HP Percentage Mod: HP is shown in percentages
|rule|Endless Battle Clause: Forcing endless battles is banned
|rule|Species Clause: Limit one of each Pokémon
|rule|OHKO Clause: OHKO moves are banned
|rule|Evasion Items Clause: Evasion items are banned
|rule|Evasion Moves Clause: Evasion moves are banned
|rule|Evasion Abilities Clause: Evasion abilities are banned
|rule|Sleep Moves Clause: Sleep-inducing moves are banned
|clearpoke
|poke|p1|Tyranitar, M|
|poke|p1|Rillaboom, F|
|poke|p1|Sceptile, M|
|poke|p1|Zapdos|
|poke|p1|Gholdengo|
|poke|p1|Garchomp, M|
|poke|p2|Araquanid, M|
|poke|p2|Kingambit, M|
|poke|p2|Raging Bolt|
|poke|p2|Iron Moth|
|poke|p2|Dragonite, M|
|poke|p2|Darkrai|
|teampreview
|inactive|Battle timer is ON: inactive players will automatically lose when time's up. (requested by ZATUGRO)
|
|t:|1760401904
|teamsize|p1|6
|teamsize|p2|6
|start
|switch|p1a: Zapdos|Zapdos, shiny|100/100
|switch|p2a: Skeeter|Araquanid, M|100/100
|turn|1
|
|t:|1760401915
|move|p1a: Zapdos|Thunderbolt|p2a: Skeeter
|-supereffective|p2a: Skeeter
|-damage|p2a: Skeeter|53/100
|move|p2a: Skeeter|Endeavor|p1a: Zapdos
|-damage|p1a: Zapdos|47/100
|
|upkeep
|turn|2
|
|t:|1760401926
|move|p1a: Zapdos|Thunderbolt|p2a: Skeeter
|-supereffective|p2a: Skeeter
|-damage|p2a: Skeeter|6/100
|move|p2a: Skeeter|Sticky Web|p1a: Zapdos
|-sidestart|p1: ZATUGRO|move: Sticky Web
|
|upkeep
|turn|3
|-enditem|p2a: Skeeter|Custap Berry|[eat]
|-activate|p2a: Skeeter|item: Custap Berry|[consumed]
|
|t:|1760401936
|move|p2a: Skeeter|Endeavor|p1a: Zapdos
|-damage|p1a: Zapdos|5/100
|-status|p2a: Skeeter|par|[from] ability: Static|[of] p1a: Zapdos
|move|p1a: Zapdos|Thunderbolt|p2a: Skeeter
|-supereffective|p2a: Skeeter
|-damage|p2a: Skeeter|0 fnt
|faint|p2a: Skeeter
|
|upkeep
|
|t:|1760401945
|switch|p2a: Nightmare|Darkrai|100/100
|turn|4
|
|t:|1760401954
|switch|p1a: Tyranitar|Tyranitar, M, shiny|100/100
|-activate|p1a: Tyranitar|move: Sticky Web
|-unboost|p1a: Tyranitar|spe|1
|-weather|Sandstorm|[from] ability: Sand Stream|[of] p1a: Tyranitar
|move|p2a: Nightmare|Dark Pulse|p1a: Tyranitar
|-resisted|p1a: Tyranitar
|-damage|p1a: Tyranitar|87/100
|-damage|p2a: Nightmare|91/100|[from] item: Life Orb
|
|-weather|Sandstorm|[upkeep]
|-damage|p2a: Nightmare|84/100|[from] Sandstorm
|-heal|p1a: Tyranitar|93/100|[from] item: Leftovers
|upkeep
|turn|5
|
|t:|1760401969
|switch|p2a: Knight|Kingambit, M, shiny|100/100
|-activate|p2a: Knight|ability: Supreme Overlord
|-start|p2a: Knight|fallen1|[silent]
|move|p1a: Tyranitar|Stealth Rock|p2a: Knight
|-sidestart|p2: GreenMisfire|move: Stealth Rock
|
|-weather|Sandstorm|[upkeep]
|-heal|p1a: Tyranitar|99/100|[from] item: Leftovers
|upkeep
|turn|6
|inactive|ZATUGRO has 120 seconds left.
|
|t:|1760402026
|switch|p1a: Zapdos|Zapdos, shiny|5/100
|move|p2a: Knight|Low Kick|p1a: Zapdos
|-resisted|p1a: Zapdos
|-damage|p1a: Zapdos|0 fnt
|-status|p2a: Knight|par|[from] ability: Static|[of] p1a: Zapdos
|-enditem|p2a: Knight|Lum Berry|[eat]
|-curestatus|p2a: Knight|par|[msg]
|faint|p1a: Zapdos
|
|-weather|Sandstorm|[upkeep]
|upkeep
|inactive|ZATUGRO has 90 seconds left.
|
|t:|1760402038
|switch|p1a: Garchomp|Garchomp, M, shiny|100/100
|-activate|p1a: Garchomp|move: Sticky Web
|-unboost|p1a: Garchomp|spe|1
|turn|7
|
|t:|1760402046
|move|p1a: Garchomp|Swords Dance|p1a: Garchomp
|-boost|p1a: Garchomp|atk|2
|move|p2a: Knight|Kowtow Cleave|p1a: Garchomp
|-damage|p1a: Garchomp|45/100
|-damage|p2a: Knight|88/100|[from] ability: Rough Skin|[of] p1a: Garchomp
|
|-weather|Sandstorm|[upkeep]
|upkeep
|turn|8
|
|t:|1760402060
|move|p2a: Knight|Sucker Punch|p1a: Garchomp
|-damage|p1a: Garchomp|0 fnt
|-damage|p2a: Knight|76/100|[from] ability: Rough Skin|[of] p1a: Garchomp
|faint|p1a: Garchomp
|
|-weather|none
|upkeep
|inactive|ZATUGRO has 90 seconds left.
|
|t:|1760402092
|switch|p1a: Rillaboom|Rillaboom, F, shiny|100/100
|-activate|p1a: Rillaboom|move: Sticky Web
|-unboost|p1a: Rillaboom|spe|1
|-fieldstart|move: Grassy Terrain|[from] ability: Grassy Surge|[of] p1a: Rillaboom
|turn|9
|
|t:|1760402104
|move|p1a: Rillaboom|U-turn|p2a: Knight
|-damage|p2a: Knight|51/100
|
|t:|1760402113
|switch|p1a: Tyranitar|Tyranitar, M, shiny|99/100|[from] U-turn
|-activate|p1a: Tyranitar|move: Sticky Web
|-unboost|p1a: Tyranitar|spe|1
|-weather|Sandstorm|[from] ability: Sand Stream|[of] p1a: Tyranitar
|move|p2a: Knight|Kowtow Cleave|p1a: Tyranitar
|-resisted|p1a: Tyranitar
|-damage|p1a: Tyranitar|77/100
|
|-weather|Sandstorm|[upkeep]
|-heal|p2a: Knight|57/100|[from] Grassy Terrain
|-heal|p1a: Tyranitar|83/100|[from] Grassy Terrain
|-heal|p1a: Tyranitar|89/100|[from] item: Leftovers
|upkeep
|turn|10
|
|t:|1760402127
|move|p2a: Knight|Low Kick|p1a: Tyranitar
|-supereffective|p1a: Tyranitar
|-damage|p1a: Tyranitar|0 fnt
|faint|p1a: Tyranitar
|
|-weather|Sandstorm|[upkeep]
|-heal|p2a: Knight|64/100|[from] Grassy Terrain
|upkeep
|
|t:|1760402133
|switch|p1a: Sceptile|Sceptile, M, shiny|100/100
|-activate|p1a: Sceptile|move: Sticky Web
|-unboost|p1a: Sceptile|spe|1
|-enditem|p1a: Sceptile|Grassy Seed
|-boost|p1a: Sceptile|def|1|[from] item: Grassy Seed
|turn|11
|
|t:|1760402148
|move|p1a: Sceptile|Swords Dance|p1a: Sceptile
|-boost|p1a: Sceptile|atk|2
|move|p2a: Knight|Kowtow Cleave|p1a: Sceptile
|-damage|p1a: Sceptile|33/100
|
|-weather|Sandstorm|[upkeep]
|-damage|p1a: Sceptile|27/100|[from] Sandstorm
|-heal|p1a: Sceptile|33/100|[from] Grassy Terrain
|-heal|p2a: Knight|70/100|[from] Grassy Terrain
|upkeep
|turn|12
|
|t:|1760402160
|-terastallize|p1a: Sceptile|Fire
|move|p2a: Knight|Sucker Punch|p1a: Sceptile
|-damage|p1a: Sceptile|0 fnt
|faint|p1a: Sceptile
|
|-weather|Sandstorm|[upkeep]
|-heal|p2a: Knight|76/100|[from] Grassy Terrain
|upkeep
|-message|ZATUGRO forfeited.
|
|win|GreenMisfire
|raw|ZATUGRO's rating: 1365 &rarr; <strong>1348</strong><br />(-17 for losing)
|raw|GreenMisfire's rating: 1414 &rarr; <strong>1431</strong><br />(+17 for winning)
|l|☆ZATUGRO
|player|p1|
|l|☆GreenMisfire
|player|p2|
