|j|☆jelynfish
|j|☆ThiefYT
|t:|1760415576
|gametype|singles
|player|p1|jelynfish|miku-ghost|1262
|player|p2|ThiefYT|dawn|1232
|gen|9
|tier|[Gen 9] OU
|rated|
|rule|HP Percentage Mod: HP is shown in percentages
|rule|Endless Battle Clause: Forcing endless battles is banned
|rule|Species Clause: Limit one of each Pokémon
|rule|OHKO Clause: OHKO moves are banned
|rule|Evasion Items Clause: Evasion items are banned
|rule|Evasion Moves Clause: Evasion moves are banned
|rule|Evasion Abilities Clause: Evasion abilities are banned
|rule|Sleep Moves Clause: Sleep-inducing moves are banned
|clearpoke
|poke|p1|Tyranitar, F|
|poke|p1|Excadrill, M|
|poke|p1|Zapdos|
|poke|p1|Gholdengo|
|poke|p1|Ogerpon-Wellspring, F|
|poke|p1|Kingambit, F|
|poke|p2|Walking Wake|
|poke|p2|Lilligant-Hisui, F|
|poke|p2|Torkoal, F|
|poke|p2|Jumpluff, M|
|poke|p2|Great Tusk|
|poke|p2|Arcanine-Hisui, F|
|teampreview
|inactive|Battle timer is ON: inactive players will automatically lose when time's up. (requested by ThiefYT)
|
|t:|1760415592
|teamsize|p1|6
|teamsize|p2|6
|start
|switch|p1a: Zapdos|Zapdos|100/100
|switch|p2a: Lilligant|Lilligant-Hisui, F|100/100
|turn|1
|
|t:|1760415599
|switch|p2a: Great Tusk|Great Tusk, shiny|100/100
|move|p1a: Zapdos|Hurricane|p2a: Great Tusk
|-supereffective|p2a: Great Tusk
|-damage|p2a: Great Tusk|0 fnt
|faint|p2a: Great Tusk
|-end|p2a: Great Tusk|Protosynthesis|[silent]
|
|upkeep
|
|t:|1760415607
|switch|p2a: Arcanine|Arcanine-Hisui, F, shiny|100/100
|turn|2
|
|t:|1760415614
|switch|p1a: Tyranitar|Tyranitar, F|100/100
|-weather|Sandstorm|[from] ability: Sand Stream|[of] p1a: Tyranitar
|move|p2a: Arcanine|Flare Blitz|p1a: Tyranitar
|-resisted|p1a: Tyranitar
|-damage|p1a: Tyranitar|53/100
|
|-weather|Sandstorm|[upkeep]
|upkeep
|turn|3
|
|t:|1760415623
|move|p2a: Arcanine|Flare Blitz|p1a: Tyranitar
|-resisted|p1a: Tyranitar
|-damage|p1a: Tyranitar|11/100
|move|p1a: Tyranitar|Stone Edge|p2a: Arcanine
|-supereffective|p2a: Arcanine
|-damage|p2a: Arcanine|0 fnt
|faint|p2a: Arcanine
|
|-weather|Sandstorm|[upkeep]
|upkeep
|
|t:|1760415632
|switch|p2a: Torkoal|Torkoal, F, shiny|100/100
|-weather|SunnyDay|[from] ability: Drought|[of] p2a: Torkoal
|turn|4
|
|t:|1760415636
|switch|p1a: Zapdos|Zapdos|100/100
|move|p2a: Torkoal|Lava Plume|p1a: Zapdos
|-crit|p1a: Zapdos
|-damage|p1a: Zapdos|39/100
|-status|p1a: Zapdos|brn
|
|-weather|SunnyDay|[upkeep]
|-damage|p1a: Zapdos|33/100 brn|[from] brn
|upkeep
|turn|5
|
|t:|1760415648
|move|p1a: Zapdos|Volt Switch|p2a: Torkoal
|-damage|p2a: Torkoal|64/100
|
|t:|1760415655
|switch|p1a: Ogerpon|Ogerpon-Wellspring, F|100/100|[from] Volt Switch
|move|p2a: Torkoal|Lava Plume|p1a: Ogerpon
|-damage|p1a: Ogerpon|56/100
|
|-weather|SunnyDay|[upkeep]
|upkeep
|turn|6
|
|t:|1760415666
|switch|p2a: Jumpluff|Jumpluff, M, shiny|100/100
|move|p1a: Ogerpon|Ivy Cudgel|p2a: Jumpluff|[anim] Ivy Cudgel Water
|-resisted|p2a: Jumpluff
|-damage|p2a: Jumpluff|83/100
|
|-weather|SunnyDay|[upkeep]
|upkeep
|turn|7
|
|t:|1760415674
|switch|p1a: Gholdengo|Gholdengo|100/100
|move|p2a: Jumpluff|Encore|p1a: Gholdengo
|-immune|p1a: Gholdengo|[from] ability: Good as Gold
|
|-weather|SunnyDay|[upkeep]
|upkeep
|turn|8
|
|t:|1760415682
|move|p2a: Jumpluff|Tailwind|p2a: Jumpluff
|-sidestart|p2: ThiefYT|move: Tailwind
|move|p1a: Gholdengo|Shadow Ball|p2a: Jumpluff
|-damage|p2a: Jumpluff|18/100
|-unboost|p2a: Jumpluff|spd|1
|
|-weather|SunnyDay|[upkeep]
|upkeep
|turn|9
|
|t:|1760415693
|switch|p1a: Kingambit|Kingambit, F|100/100
|move|p2a: Jumpluff|Memento|p1a: Kingambit
|-fail|p1a: Kingambit|unboost|[from] item: Clear Amulet|[of] p1a: Kingambit
|faint|p2a: Jumpluff
|
|-weather|SunnyDay|[upkeep]
|upkeep
|
|t:|1760415702
|switch|p2a: Lilligant|Lilligant-Hisui, F|100/100
|turn|10
|
|t:|1760415707
|-end|p1a: Kingambit|fallenundefined|[silent]
|switch|p1a: Ogerpon|Ogerpon-Wellspring, F|56/100
|move|p2a: Lilligant|Victory Dance|p2a: Lilligant
|-boost|p2a: Lilligant|atk|1
|-boost|p2a: Lilligant|def|1
|-boost|p2a: Lilligant|spe|1
|
|-weather|SunnyDay|[upkeep]
|upkeep
|turn|11
|
|t:|1760415716
|move|p2a: Lilligant|Victory Dance|p2a: Lilligant
|-boost|p2a: Lilligant|atk|1
|-boost|p2a: Lilligant|def|1
|-boost|p2a: Lilligant|spe|1
|move|p1a: Ogerpon|Trailblaze|p2a: Lilligant
|-resisted|p2a: Lilligant
|-damage|p2a: Lilligant|89/100
|-boost|p1a: Ogerpon|spe|1
|
|-weather|none
|-sideend|p2: ThiefYT|move: Tailwind
|upkeep
|turn|12
|
|t:|1760415732
|move|p2a: Lilligant|Leaf Blade|p1a: Ogerpon
|-damage|p1a: Ogerpon|0 fnt
|faint|p1a: Ogerpon
|
|upkeep
|
|t:|1760415736
|switch|p1a: Gholdengo|Gholdengo|100/100
|turn|13
|
|t:|1760415740
|-terastallize|p2a: Lilligant|Ghost
|move|p2a: Lilligant|Tera Blast|p1a: Gholdengo|[anim] Tera Blast Ghost
|-supereffective|p1a: Gholdengo
|-damage|p1a: Gholdengo|0 fnt
|faint|p1a: Gholdengo
|
|upkeep
|
|t:|1760415746
|switch|p1a: Kingambit|Kingambit, F|100/100
|-activate|p1a: Kingambit|ability: Supreme Overlord
|-start|p1a: Kingambit|fallen2|[silent]
|turn|14
|
|t:|1760415753
|move|p1a: Kingambit|Sucker Punch||[still]
|-fail|p1a: Kingambit
|move|p2a: Lilligant|Victory Dance|p2a: Lilligant
|-boost|p2a: Lilligant|atk|1
|-boost|p2a: Lilligant|def|1
|-boost|p2a: Lilligant|spe|1
|
|upkeep
|turn|15
|-message|jelynfish forfeited.
|
|win|ThiefYT
|raw|jelynfish's rating: 1262 &rarr; <strong>1235</strong><br />(-27 for losing)
|raw|ThiefYT's rating: 1232 &rarr; <strong>1259</strong><br />(+27 for winning)
|l|☆jelynfish
|player|p1|
|l|☆ThiefYT
|player|p2|
