|j|☆baibianqizui
|j|☆Moo Moo Meta
|t:|1760337095
|gametype|singles
|player|p1|baibianqizui|102|1270
|player|p2|Moo Moo Meta|rancher|1178
|gen|9
|tier|[Gen 9] OU
|rated|
|rule|HP Percentage Mod: HP is shown in percentages
|rule|Endless Battle Clause: Forcing endless battles is banned
|rule|Species Clause: Limit one of each Pokémon
|rule|OHKO Clause: OHKO moves are banned
|rule|Evasion Items Clause: Evasion items are banned
|rule|Evasion Moves Clause: Evasion moves are banned
|rule|Evasion Abilities Clause: Evasion abilities are banned
|rule|Sleep Moves Clause: Sleep-inducing moves are banned
|clearpoke
|poke|p1|Heatran, M|
|poke|p1|Rillaboom, M|
|poke|p1|Ogerpon-Wellspring, F|
|poke|p1|Dragapult, M|
|poke|p1|Great Tusk|
|poke|p1|Bronzong|
|poke|p2|Zamazenta-*|
|poke|p2|Landorus-Therian, M|
|poke|p2|Iron Moth|
|poke|p2|Gholdengo|
|poke|p2|Garchomp, M|
|poke|p2|Inteleon, M|
|teampreview
|inactive|Battle timer is ON: inactive players will automatically lose when time's up. (requested by baibianqizui)
|
|t:|1760337109
|teamsize|p1|6
|teamsize|p2|6
|start
|switch|p1a: Starlink|Bronzong, shiny|100/100
|switch|p2a: Inteleon|Inteleon, M|100/100
|turn|1
|
|t:|1760337118
|switch|p1a: Stardrum|Rillaboom, M|100/100
|-fieldstart|move: Grassy Terrain|[from] ability: Grassy Surge|[of] p1a: Stardrum
|move|p2a: Inteleon|Scald|p1a: Stardrum
|-resisted|p1a: Stardrum
|-damage|p1a: Stardrum|65/100
|
|-heal|p1a: Stardrum|71/100|[from] Grassy Terrain
|upkeep
|turn|2
|
|t:|1760337126
|switch|p2a: Landorus|Landorus-Therian, M|100/100
|-ability|p2a: Landorus|Intimidate|boost
|-unboost|p1a: Stardrum|atk|1
|move|p1a: Stardrum|U-turn|p2a: Landorus
|-resisted|p2a: Landorus
|-damage|p2a: Landorus|94/100
|
|t:|1760337132
|switch|p1a: Starforce|Ogerpon-Wellspring, F|100/100|[from] U-turn
|
|-heal|p2a: Landorus|100/100|[from] item: Leftovers
|upkeep
|turn|3
|inactive|Moo Moo Meta has 120 seconds left.
|
|t:|1760337172
|switch|p2a: Garchomp|Garchomp, M|100/100
|move|p1a: Starforce|Ivy Cudgel|p2a: Garchomp|[anim] Ivy Cudgel Water
|-damage|p2a: Garchomp|37/100
|
|-heal|p2a: Garchomp|44/100|[from] Grassy Terrain
|upkeep
|turn|4
|inactive|Moo Moo Meta has 120 seconds left.
|
|t:|1760337195
|move|p1a: Starforce|Grassy Glide|p2a: Garchomp
|-damage|p2a: Garchomp|0 fnt
|-damage|p1a: Starforce|88/100|[from] ability: Rough Skin|[of] p2a: Garchomp
|faint|p2a: Garchomp
|
|-heal|p1a: Starforce|94/100|[from] Grassy Terrain
|upkeep
|inactive|Moo Moo Meta has 120 seconds left.
|
|t:|1760337223
|switch|p2a: Iron Moth|Iron Moth|100/100
|turn|5
|
|t:|1760337229
|-terastallize|p1a: Starforce|Water
|detailschange|p1a: Starforce|Ogerpon-Wellspring-Tera, F, tera:Water
|-ability|p1a: Starforce|Embody Aspect (Wellspring)|boost
|-boost|p1a: Starforce|spd|1
|move|p2a: Iron Moth|Sludge Wave|p1a: Starforce
|-damage|p1a: Starforce|56/100
|-status|p1a: Starforce|psn
|move|p1a: Starforce|Ivy Cudgel|p2a: Iron Moth|[anim] Ivy Cudgel Water
|-supereffective|p2a: Iron Moth
|-damage|p2a: Iron Moth|0 fnt
|faint|p2a: Iron Moth
|-end|p2a: Iron Moth|Quark Drive|[silent]
|
|-heal|p1a: Starforce|62/100 psn|[from] Grassy Terrain
|-damage|p1a: Starforce|50/100 psn|[from] psn
|upkeep
|
|t:|1760337237
|switch|p2a: Zamazenta|Zamazenta|100/100
|-ability|p2a: Zamazenta|Dauntless Shield|boost
|-boost|p2a: Zamazenta|def|1
|turn|6
|
|t:|1760337241
|move|p1a: Starforce|Grassy Glide|p2a: Zamazenta
|-damage|p2a: Zamazenta|69/100
|move|p2a: Zamazenta|Close Combat|p1a: Starforce
|-damage|p1a: Starforce|0 fnt
|-unboost|p2a: Zamazenta|def|1
|-unboost|p2a: Zamazenta|spd|1
|faint|p1a: Starforce
|detailschange|p1: Starforce|Ogerpon-Wellspring, F|[silent]
|
|-heal|p2a: Zamazenta|75/100|[from] Grassy Terrain
|upkeep
|
|t:|1760337246
|switch|p1a: Starscream|Dragapult, M|100/100
|turn|7
|
|t:|1760337253
|switch|p2a: Inteleon|Inteleon, M|100/100
|move|p1a: Starscream|Draco Meteor|p2a: Inteleon
|-damage|p2a: Inteleon|0 fnt
|-unboost|p1a: Starscream|spa|2
|faint|p2a: Inteleon
|
|upkeep
|
|t:|1760337260
|switch|p2a: Gholdengo|Gholdengo|100/100
|turn|8
|
|t:|1760337268
|switch|p1a: Starblaze|Heatran, M|100/100
|move|p2a: Gholdengo|Nasty Plot|p2a: Gholdengo
|-boost|p2a: Gholdengo|spa|2
|
|-fieldend|move: Grassy Terrain
|upkeep
|turn|9
|
|t:|1760337274
|move|p2a: Gholdengo|Focus Blast|p1a: Starblaze|[miss]
|-miss|p2a: Gholdengo|p1a: Starblaze
|move|p1a: Starblaze|Magma Storm|p2a: Gholdengo
|-supereffective|p2a: Gholdengo
|-damage|p2a: Gholdengo|12/100
|-activate|p2a: Gholdengo|move: Magma Storm|[of] p1a: Starblaze
|
|-damage|p2a: Gholdengo|0 fnt|[from] move: Magma Storm|[partiallytrapped]
|faint|p2a: Gholdengo
|upkeep
|c|☆Moo Moo Meta|fun
|-message|Moo Moo Meta forfeited.
|
|win|baibianqizui
|raw|baibianqizui's rating: 1270 &rarr; <strong>1289</strong><br />(+19 for winning)
|raw|Moo Moo Meta's rating: 1178 &rarr; <strong>1159</strong><br />(-19 for losing)
|l|☆Moo Moo Meta
|player|p2|
|l|☆baibianqizui
|player|p1|
