|j|☆acoda
|j|☆Shad0x YT
|t:|1760348377
|gametype|singles
|player|p1|acoda|1|1304
|player|p2|Shad0x YT|elesa|1224
|gen|9
|tier|[Gen 9] OU
|rated|
|rule|HP Percentage Mod: HP is shown in percentages
|rule|Endless Battle Clause: Forcing endless battles is banned
|rule|Species Clause: Limit one of each Pokémon
|rule|OHKO Clause: OHKO moves are banned
|rule|Evasion Items Clause: Evasion items are banned
|rule|Evasion Moves Clause: Evasion moves are banned
|rule|Evasion Abilities Clause: Evasion abilities are banned
|rule|Sleep Moves Clause: Sleep-inducing moves are banned
|clearpoke
|poke|p1|Scizor, F|
|poke|p1|Quaquaval, F|
|poke|p1|Dragapult, M|
|poke|p1|Azelf|
|poke|p1|Arcanine-Hisui, F|
|poke|p1|Darkrai|
|poke|p2|Ribombee, F|
|poke|p2|Great Tusk|
|poke|p2|Landorus-Therian, M|
|poke|p2|Kingambit, F|
|poke|p2|Ogerpon-Wellspring, F|
|poke|p2|Dragapult, M|
|teampreview
|inactive|Battle timer is ON: inactive players will automatically lose when time's up. (requested by acoda)
|
|t:|1760348398
|teamsize|p1|6
|teamsize|p2|6
|start
|switch|p1a: Quaquaval|Quaquaval, F|100/100
|switch|p2a: Ribombee|Ribombee, F, shiny|100/100
|turn|1
|
|t:|1760348403
|move|p2a: Ribombee|Sticky Web|p1a: Quaquaval
|-sidestart|p1: acoda|move: Sticky Web
|move|p1a: Quaquaval|Aqua Step|p2a: Ribombee
|-damage|p2a: Ribombee|19/100
|-boost|p1a: Quaquaval|spe|1
|
|upkeep
|turn|2
|
|t:|1760348409
|move|p1a: Quaquaval|Aqua Step|p2a: Ribombee
|-damage|p2a: Ribombee|0 fnt
|-boost|p1a: Quaquaval|spe|1
|faint|p2a: Ribombee
|-ability|p1a: Quaquaval|Moxie|boost
|-boost|p1a: Quaquaval|atk|1
|
|upkeep
|
|t:|1760348422
|switch|p2a: Landorus|Landorus-Therian, M, shiny|100/100
|-ability|p2a: Landorus|Intimidate|boost
|-unboost|p1a: Quaquaval|atk|1
|turn|3
|
|t:|1760348435
|switch|p2a: Ogerpon|Ogerpon-Wellspring, F|100/100
|move|p1a: Quaquaval|Ice Spinner|p2a: Ogerpon
|-damage|p2a: Ogerpon|68/100
|
|upkeep
|turn|4
|
|t:|1760348446
|switch|p2a: Landorus|Landorus-Therian, M, shiny|100/100
|-ability|p2a: Landorus|Intimidate|boost
|-unboost|p1a: Quaquaval|atk|1
|move|p1a: Quaquaval|U-turn|p2a: Landorus
|-resisted|p2a: Landorus
|-damage|p2a: Landorus|92/100
|
|t:|1760348458
|switch|p1a: Darkrai|Darkrai|100/100|[from] U-turn
|
|upkeep
|turn|5
|
|t:|1760348462
|move|p2a: Landorus|U-turn|p1a: Darkrai
|-supereffective|p1a: Darkrai
|-damage|p1a: Darkrai|28/100
|
|t:|1760348466
|switch|p2a: Great Tusk|Great Tusk|100/100|[from] U-turn
|move|p1a: Darkrai|Ice Beam|p2a: Great Tusk
|-supereffective|p2a: Great Tusk
|-damage|p2a: Great Tusk|20/100
|
|upkeep
|turn|6
|
|t:|1760348474
|move|p1a: Darkrai|Ice Beam|p2a: Great Tusk
|-supereffective|p2a: Great Tusk
|-damage|p2a: Great Tusk|0 fnt
|faint|p2a: Great Tusk
|-end|p2a: Great Tusk|Protosynthesis|[silent]
|
|upkeep
|
|t:|1760348482
|switch|p2a: Landorus|Landorus-Therian, M, shiny|92/100
|-ability|p2a: Landorus|Intimidate|boost
|-unboost|p1a: Darkrai|atk|1
|turn|7
|
|t:|1760348488
|switch|p1a: Arcanine|Arcanine-Hisui, F|100/100
|move|p2a: Landorus|U-turn|p1a: Arcanine
|-resisted|p1a: Arcanine
|-damage|p1a: Arcanine|85/100
|
|t:|1760348495
|switch|p2a: Ogerpon|Ogerpon-Wellspring, F|68/100|[from] U-turn
|
|upkeep
|turn|8
|
|t:|1760348503
|switch|p1a: Dragapult|Dragapult, M|100/100
|-activate|p1a: Dragapult|move: Sticky Web
|-fail|p1a: Dragapult|unboost|[from] ability: Clear Body|[of] p1a: Dragapult
|move|p2a: Ogerpon|Ivy Cudgel|p1a: Dragapult|[anim] Ivy Cudgel Water
|-resisted|p1a: Dragapult
|-damage|p1a: Dragapult|57/100
|
|upkeep
|turn|9
|
|t:|1760348517
|-terastallize|p2a: Ogerpon|Water
|detailschange|p2a: Ogerpon|Ogerpon-Wellspring-Tera, F, tera:Water
|-ability|p2a: Ogerpon|Embody Aspect (Wellspring)|boost
|-boost|p2a: Ogerpon|spd|1
|move|p1a: Dragapult|Phantom Force||[still]
|-prepare|p1a: Dragapult|Phantom Force
|-enditem|p1a: Dragapult|Power Herb
|-anim|p1a: Dragapult|Phantom Force|p2a: Ogerpon
|-damage|p2a: Ogerpon|6/100
|move|p2a: Ogerpon|Knock Off|p1a: Dragapult
|-supereffective|p1a: Dragapult
|-damage|p1a: Dragapult|0 fnt
|faint|p1a: Dragapult
|
|upkeep
|
|t:|1760348524
|switch|p1a: Azelf|Azelf|100/100
|turn|10
|
|t:|1760348532
|move|p1a: Azelf|Shadow Ball|p2a: Ogerpon
|-damage|p2a: Ogerpon|0 fnt
|faint|p2a: Ogerpon
|detailschange|p2: Ogerpon|Ogerpon-Wellspring, F|[silent]
|
|upkeep
|
|t:|1760348537
|switch|p2a: Dragapult|Dragapult, M, shiny|100/100
|turn|11
|
|t:|1760348544
|move|p2a: Dragapult|Shadow Ball|p1a: Azelf
|-supereffective|p1a: Azelf
|-enditem|p1a: Azelf|Focus Sash
|-damage|p1a: Azelf|1/100
|move|p1a: Azelf|Stealth Rock|p2a: Dragapult
|-sidestart|p2: Shad0x YT|move: Stealth Rock
|
|upkeep
|turn|12
|
|t:|1760348551
|move|p2a: Dragapult|Shadow Ball|p1a: Azelf
|-supereffective|p1a: Azelf
|-damage|p1a: Azelf|0 fnt
|faint|p1a: Azelf
|
|upkeep
|
|t:|1760348556
|switch|p1a: Darkrai|Darkrai|28/100
|turn|13
|
|t:|1760348558
|move|p2a: Dragapult|Shadow Ball|p1a: Darkrai
|-resisted|p1a: Darkrai
|-damage|p1a: Darkrai|0 fnt
|faint|p1a: Darkrai
|
|upkeep
|
|t:|1760348566
|switch|p1a: Quaquaval|Quaquaval, F|100/100
|-activate|p1a: Quaquaval|move: Sticky Web
|-unboost|p1a: Quaquaval|spe|1
|turn|14
|
|t:|1760348572
|move|p2a: Dragapult|Shadow Ball|p1a: Quaquaval
|-damage|p1a: Quaquaval|33/100
|-unboost|p1a: Quaquaval|spd|1
|move|p1a: Quaquaval|Ice Spinner|p2a: Dragapult
|-supereffective|p2a: Dragapult
|-damage|p2a: Dragapult|28/100
|
|upkeep
|turn|15
|
|t:|1760348577
|move|p2a: Dragapult|Shadow Ball|p1a: Quaquaval
|-damage|p1a: Quaquaval|0 fnt
|faint|p1a: Quaquaval
|
|upkeep
|
|t:|1760348581
|switch|p1a: Scizor|Scizor, F|100/100
|-activate|p1a: Scizor|move: Sticky Web
|-unboost|p1a: Scizor|spe|1
|turn|16
|
|t:|1760348586
|switch|p2a: Landorus|Landorus-Therian, M, shiny|92/100
|-damage|p2a: Landorus|80/100|[from] Stealth Rock
|-ability|p2a: Landorus|Intimidate|boost
|-unboost|p1a: Scizor|atk|1
|move|p1a: Scizor|Bullet Punch|p2a: Landorus
|-damage|p2a: Landorus|54/100
|
|upkeep
|turn|17
|
|t:|1760348594
|move|p2a: Landorus|Earthquake|p1a: Scizor
|-damage|p1a: Scizor|40/100
|move|p1a: Scizor|Swords Dance|p1a: Scizor
|-boost|p1a: Scizor|atk|2
|
|upkeep
|turn|18
|
|t:|1760348605
|move|p1a: Scizor|Bullet Punch|p2a: Landorus
|-damage|p2a: Landorus|0 fnt
|faint|p2a: Landorus
|
|upkeep
|
|t:|1760348612
|switch|p2a: Kingambit|Kingambit, F|100/100
|-damage|p2a: Kingambit|94/100|[from] Stealth Rock
|-activate|p2a: Kingambit|ability: Supreme Overlord
|-start|p2a: Kingambit|fallen4|[silent]
|turn|19
|inactive|acoda has 120 seconds left.
|inactive|acoda has 90 seconds left.
|inactive|acoda has 60 seconds left.
|
|t:|1760348723
|move|p2a: Kingambit|Kowtow Cleave|p1a: Scizor
|-damage|p1a: Scizor|0 fnt
|faint|p1a: Scizor
|
|-heal|p2a: Kingambit|100/100|[from] item: Leftovers
|upkeep
|
|t:|1760348736
|switch|p1a: Arcanine|Arcanine-Hisui, F|85/100
|turn|20
|
|t:|1760348739
|move|p2a: Kingambit|Sucker Punch|p1a: Arcanine
|-damage|p1a: Arcanine|15/100
|move|p1a: Arcanine|Flare Blitz|p2a: Kingambit
|-supereffective|p2a: Kingambit
|-damage|p2a: Kingambit|3/100
|
|-heal|p2a: Kingambit|9/100|[from] item: Leftovers
|upkeep
|turn|21
|
|t:|1760348747
|move|p1a: Arcanine|Extreme Speed|p2a: Kingambit
|-resisted|p2a: Kingambit
|-damage|p2a: Kingambit|0 fnt
|faint|p2a: Kingambit
|-end|p2a: Kingambit|fallen4|[silent]
|
|upkeep
|
|t:|1760348749
|switch|p2a: Dragapult|Dragapult, M, shiny|28/100
|-damage|p2a: Dragapult|16/100|[from] Stealth Rock
|turn|22
|
|t:|1760348754
|move|p2a: Dragapult|Shadow Ball|p1a: Arcanine
|-damage|p1a: Arcanine|0 fnt
|faint|p1a: Arcanine
|
|win|Shad0x YT
|raw|acoda's rating: 1304 &rarr; <strong>1279</strong><br />(-25 for losing)
|raw|Shad0x YT's rating: 1224 &rarr; <strong>1255</strong><br />(+31 for winning)
|l|☆acoda
|player|p1|
|l|☆Shad0x YT
|player|p2|
