|j|☆aa78
|j|☆MyGoodBuddyMason
|t:|1760307814
|gametype|singles
|player|p1|aa78|1|1346
|player|p2|MyGoodBuddyMason|ghetsis|1337
|gen|9
|tier|[Gen 9] OU
|rated|
|rule|HP Percentage Mod: HP is shown in percentages
|rule|Endless Battle Clause: Forcing endless battles is banned
|rule|Species Clause: Limit one of each Pokémon
|rule|OHKO Clause: OHKO moves are banned
|rule|Evasion Items Clause: Evasion items are banned
|rule|Evasion Moves Clause: Evasion moves are banned
|rule|Evasion Abilities Clause: Evasion abilities are banned
|rule|Sleep Moves Clause: Sleep-inducing moves are banned
|clearpoke
|poke|p1|Torkoal, M|
|poke|p1|Hatterene, F|
|poke|p1|Incineroar, M|
|poke|p1|Raging Bolt|
|poke|p1|Iron Valiant|
|poke|p1|Walking Wake|
|poke|p2|Zapdos|
|poke|p2|Eiscue, M|
|poke|p2|Empoleon, M|
|poke|p2|Garchomp, F|
|poke|p2|Donphan, F|
|poke|p2|Lokix, M|
|teampreview
|
|t:|1760307821
|teamsize|p1|6
|teamsize|p2|6
|start
|switch|p1a: Torkoal|Torkoal, M|100/100
|switch|p2a: Sharkry|Garchomp, F|100/100
|-weather|SunnyDay|[from] ability: Drought|[of] p1a: Torkoal
|turn|1
|
|t:|1760307824
|switch|p1a: Hatterene|Hatterene, F|100/100
|-item|p1a: Hatterene|Air Balloon
|move|p2a: Sharkry|Earthquake|p1a: Hatterene
|-immune|p1a: Hatterene
|
|-weather|SunnyDay|[upkeep]
|upkeep
|turn|2
|
|t:|1760307830
|switch|p2a: Steel Beam Enjoyer|Empoleon, M|100/100
|move|p1a: Hatterene|Psychic Noise|p2a: Steel Beam Enjoyer
|-resisted|p2a: Steel Beam Enjoyer
|-damage|p2a: Steel Beam Enjoyer|90/100
|-start|p2a: Steel Beam Enjoyer|move: Heal Block
|
|-weather|SunnyDay|[upkeep]
|upkeep
|turn|3
|
|t:|1760307834
|switch|p1a: Incineroar|Incineroar, M|100/100
|-ability|p1a: Incineroar|Intimidate|boost
|-unboost|p2a: Steel Beam Enjoyer|atk|1
|-ability|p2a: Steel Beam Enjoyer|Competitive|boost
|-boost|p2a: Steel Beam Enjoyer|spa|2
|move|p2a: Steel Beam Enjoyer|Flash Cannon|p1a: Incineroar
|-resisted|p1a: Incineroar
|-damage|p1a: Incineroar|77/100
|-unboost|p1a: Incineroar|spd|1
|
|-weather|SunnyDay|[upkeep]
|-end|p2a: Steel Beam Enjoyer|move: Heal Block
|upkeep
|turn|4
|
|t:|1760307838
|move|p1a: Incineroar|Knock Off|p2a: Steel Beam Enjoyer
|-damage|p2a: Steel Beam Enjoyer|51/100
|-enditem|p2a: Steel Beam Enjoyer|Leftovers|[from] move: Knock Off|[of] p1a: Incineroar
|move|p2a: Steel Beam Enjoyer|Surf|p1a: Incineroar
|-supereffective|p1a: Incineroar
|-damage|p1a: Incineroar|2/100
|
|-weather|SunnyDay|[upkeep]
|upkeep
|turn|5
|
|t:|1760307850
|switch|p1a: Walking Wake|Walking Wake|100/100
|-activate|p1a: Walking Wake|ability: Protosynthesis
|-start|p1a: Walking Wake|protosynthesisspe
|move|p2a: Steel Beam Enjoyer|Roost|p2a: Steel Beam Enjoyer
|-heal|p2a: Steel Beam Enjoyer|100/100
|-singleturn|p2a: Steel Beam Enjoyer|move: Roost
|
|-weather|SunnyDay|[upkeep]
|upkeep
|turn|6
|
|t:|1760307862
|-end|p1a: Walking Wake|Protosynthesis|[silent]
|switch|p1a: Raging Bolt|Raging Bolt|100/100
|-activate|p1a: Raging Bolt|ability: Protosynthesis
|-start|p1a: Raging Bolt|protosynthesisspa
|move|p2a: Steel Beam Enjoyer|Roost||[still]
|-fail|p2a: Steel Beam Enjoyer|heal
|
|-weather|SunnyDay|[upkeep]
|upkeep
|turn|7
|
|t:|1760307869
|switch|p2a: Sharkry|Garchomp, F|100/100
|move|p1a: Raging Bolt|Weather Ball|p2a: Sharkry
|-resisted|p2a: Sharkry
|-damage|p2a: Sharkry|67/100
|
|-weather|SunnyDay|[upkeep]
|upkeep
|turn|8
|
|t:|1760307874
|-end|p1a: Raging Bolt|Protosynthesis|[silent]
|switch|p1a: Hatterene|Hatterene, F|100/100
|-item|p1a: Hatterene|Air Balloon
|move|p2a: Sharkry|Earthquake|p1a: Hatterene
|-immune|p1a: Hatterene
|
|-weather|none
|upkeep
|turn|9
|
|t:|1760307882
|switch|p2a: Shock Tuah|Zapdos|100/100
|move|p1a: Hatterene|Dazzling Gleam|p2a: Shock Tuah
|-damage|p2a: Shock Tuah|66/100
|
|upkeep
|turn|10
|
|t:|1760307888
|switch|p1a: Raging Bolt|Raging Bolt|100/100
|move|p2a: Shock Tuah|Discharge|p1a: Raging Bolt
|-resisted|p1a: Raging Bolt
|-damage|p1a: Raging Bolt|93/100
|
|upkeep
|turn|11
|
|t:|1760307894
|move|p1a: Raging Bolt|Dragon Pulse|p2a: Shock Tuah
|-damage|p2a: Shock Tuah|23/100
|move|p2a: Shock Tuah|U-turn|p1a: Raging Bolt
|-damage|p1a: Raging Bolt|80/100
|
|t:|1760307898
|switch|p2a: Long Snout|Donphan, F, shiny|100/100|[from] U-turn
|
|upkeep
|turn|12
|
|t:|1760307902
|-end|p1a: Raging Bolt|Protosynthesis|[silent]
|switch|p1a: Incineroar|Incineroar, M|2/100
|-ability|p1a: Incineroar|Intimidate|boost
|-unboost|p2a: Long Snout|atk|1
|move|p2a: Long Snout|Knock Off|p1a: Incineroar
|-resisted|p1a: Incineroar
|-damage|p1a: Incineroar|0 fnt
|-enditem|p1a: Incineroar|Heavy-Duty Boots|[from] move: Knock Off|[of] p2a: Long Snout
|faint|p1a: Incineroar
|
|upkeep
|
|t:|1760307911
|switch|p1a: Walking Wake|Walking Wake|100/100
|turn|13
|
|t:|1760307916
|switch|p2a: Steel Beam Enjoyer|Empoleon, M|100/100
|move|p1a: Walking Wake|Flip Turn|p2a: Steel Beam Enjoyer
|-resisted|p2a: Steel Beam Enjoyer
|-damage|p2a: Steel Beam Enjoyer|92/100
|
|t:|1760307919
|-end|p1a: Walking Wake|Protosynthesis|[silent]
|switch|p1a: Torkoal|Torkoal, M|100/100|[from] Flip Turn
|-weather|SunnyDay|[from] ability: Drought|[of] p1a: Torkoal
|
|-weather|SunnyDay|[upkeep]
|upkeep
|turn|14
|
|t:|1760307931
|move|p2a: Steel Beam Enjoyer|Flip Turn|p1a: Torkoal
|-supereffective|p1a: Torkoal
|-damage|p1a: Torkoal|87/100
|
|t:|1760307936
|switch|p2a: Shock Tuah|Zapdos|23/100|[from] Flip Turn
|move|p1a: Torkoal|Stealth Rock|p2a: Shock Tuah
|-sidestart|p2: MyGoodBuddyMason|move: Stealth Rock
|
|-weather|SunnyDay|[upkeep]
|upkeep
|turn|15
|
|t:|1760307939
|switch|p1a: Raging Bolt|Raging Bolt|80/100
|-activate|p1a: Raging Bolt|ability: Protosynthesis
|-start|p1a: Raging Bolt|protosynthesisspa
|move|p2a: Shock Tuah|Roost|p2a: Shock Tuah
|-heal|p2a: Shock Tuah|73/100
|-singleturn|p2a: Shock Tuah|move: Roost
|
|-weather|SunnyDay|[upkeep]
|upkeep
|turn|16
|
|t:|1760307946
|move|p1a: Raging Bolt|Dragon Pulse|p2a: Shock Tuah
|-damage|p2a: Shock Tuah|18/100
|move|p2a: Shock Tuah|U-turn|p1a: Raging Bolt
|-damage|p1a: Raging Bolt|69/100
|
|t:|1760307957
|switch|p2a: Long Snout|Donphan, F, shiny|100/100|[from] U-turn
|
|-weather|SunnyDay|[upkeep]
|upkeep
|turn|17
|
|t:|1760307964
|move|p1a: Raging Bolt|Solar Beam||[still]
|-prepare|p1a: Raging Bolt|Solar Beam
|-anim|p1a: Raging Bolt|Solar Beam|p2a: Long Snout
|-supereffective|p2a: Long Snout
|-crit|p2a: Long Snout
|-ability|p2a: Long Snout|Sturdy
|-damage|p2a: Long Snout|1/100
|move|p2a: Long Snout|Earthquake|p1a: Raging Bolt
|-supereffective|p1a: Raging Bolt
|-damage|p1a: Raging Bolt|0 fnt
|faint|p1a: Raging Bolt
|-end|p1a: Raging Bolt|Protosynthesis|[silent]
|
|-weather|SunnyDay|[upkeep]
|upkeep
|
|t:|1760307968
|switch|p1a: Walking Wake|Walking Wake|100/100
|-activate|p1a: Walking Wake|ability: Protosynthesis
|-start|p1a: Walking Wake|protosynthesisspe
|turn|18
|
|t:|1760307976
|switch|p2a: Steel Beam Enjoyer|Empoleon, M|92/100
|-damage|p2a: Steel Beam Enjoyer|86/100|[from] Stealth Rock
|move|p1a: Walking Wake|Weather Ball|p2a: Steel Beam Enjoyer
|-damage|p2a: Steel Beam Enjoyer|34/100
|
|-weather|SunnyDay|[upkeep]
|upkeep
|turn|19
|
|t:|1760307984
|move|p1a: Walking Wake|Weather Ball|p2a: Steel Beam Enjoyer
|-damage|p2a: Steel Beam Enjoyer|0 fnt
|faint|p2a: Steel Beam Enjoyer
|
|-weather|SunnyDay|[upkeep]
|upkeep
|
|t:|1760307988
|switch|p2a: Sharkry|Garchomp, F|67/100
|-damage|p2a: Sharkry|61/100|[from] Stealth Rock
|turn|20
|
|t:|1760307992
|-end|p1a: Walking Wake|Protosynthesis|[silent]
|switch|p1a: Hatterene|Hatterene, F|100/100
|-item|p1a: Hatterene|Air Balloon
|move|p2a: Sharkry|Dragon Tail|p1a: Hatterene
|-immune|p1a: Hatterene
|
|-weather|none
|upkeep
|turn|21
|
|t:|1760308002
|switch|p2a: Shock Tuah|Zapdos|18/100
|move|p1a: Hatterene|Dazzling Gleam|p2a: Shock Tuah
|-damage|p2a: Shock Tuah|0 fnt
|faint|p2a: Shock Tuah
|
|upkeep
|
|t:|1760308005
|switch|p2a: Long Snout|Donphan, F, shiny|1/100
|turn|22
|
|t:|1760308014
|switch|p1a: Iron Valiant|Iron Valiant|100/100
|-enditem|p1a: Iron Valiant|Booster Energy
|-activate|p1a: Iron Valiant|ability: Quark Drive|[fromitem]
|-start|p1a: Iron Valiant|quarkdrivespe
|move|p2a: Long Snout|Rapid Spin|p1a: Iron Valiant
|-damage|p1a: Iron Valiant|81/100
|-boost|p2a: Long Snout|spe|1
|-sideend|p2: MyGoodBuddyMason|Stealth Rock|[from] move: Rapid Spin|[of] p2a: Long Snout
|
|upkeep
|turn|23
|
|t:|1760308031
|move|p2a: Long Snout|Ice Shard|p1a: Iron Valiant
|-damage|p1a: Iron Valiant|64/100
|move|p1a: Iron Valiant|Moonblast|p2a: Long Snout
|-damage|p2a: Long Snout|0 fnt
|faint|p2a: Long Snout
|
|upkeep
|
|t:|1760308033
|switch|p2a: Zero-One|Lokix, M, shiny|100/100
|turn|24
|
|t:|1760308045
|-end|p1a: Iron Valiant|Quark Drive|[silent]
|switch|p1a: Torkoal|Torkoal, M|87/100
|-weather|SunnyDay|[from] ability: Drought|[of] p1a: Torkoal
|-terastallize|p2a: Zero-One|Bug
|move|p2a: Zero-One|First Impression|p1a: Torkoal
|-resisted|p1a: Torkoal
|-damage|p1a: Torkoal|14/100
|
|-weather|SunnyDay|[upkeep]
|upkeep
|turn|25
|
|t:|1760308057
|switch|p2a: Sharkry|Garchomp, F|61/100
|move|p1a: Torkoal|Stealth Rock|p2a: Sharkry
|-sidestart|p2: MyGoodBuddyMason|move: Stealth Rock
|
|-weather|SunnyDay|[upkeep]
|upkeep
|turn|26
|
|t:|1760308061
|switch|p2a: Zero-One|Lokix, M, shiny, tera:Bug|100/100
|-damage|p2a: Zero-One|76/100|[from] Stealth Rock
|switch|p1a: Hatterene|Hatterene, F|100/100
|-item|p1a: Hatterene|Air Balloon
|
|-weather|SunnyDay|[upkeep]
|upkeep
|turn|27
|
|t:|1760308069
|switch|p1a: Torkoal|Torkoal, M|14/100
|move|p2a: Zero-One|Knock Off|p1a: Torkoal
|-damage|p1a: Torkoal|0 fnt
|-enditem|p1a: Torkoal|Heat Rock|[from] move: Knock Off|[of] p2a: Zero-One
|faint|p1a: Torkoal
|
|-weather|SunnyDay|[upkeep]
|upkeep
|
|t:|1760308074
|switch|p1a: Walking Wake|Walking Wake|100/100
|-activate|p1a: Walking Wake|ability: Protosynthesis
|-start|p1a: Walking Wake|protosynthesisspe
|turn|28
|
|t:|1760308085
|switch|p2a: Sharkry|Garchomp, F|61/100
|-damage|p2a: Sharkry|55/100|[from] Stealth Rock
|move|p1a: Walking Wake|Hydro Steam|p2a: Sharkry
|-damage|p2a: Sharkry|0 fnt
|faint|p2a: Sharkry
|
|-weather|SunnyDay|[upkeep]
|upkeep
|
|t:|1760308090
|switch|p2a: Zero-One|Lokix, M, shiny, tera:Bug|76/100
|-damage|p2a: Zero-One|51/100|[from] Stealth Rock
|turn|29
|
|t:|1760308093
|move|p2a: Zero-One|First Impression|p1a: Walking Wake
|-damage|p1a: Walking Wake|0 fnt
|faint|p1a: Walking Wake
|-end|p1a: Walking Wake|Protosynthesis|[silent]
|
|-weather|SunnyDay|[upkeep]
|upkeep
|
|t:|1760308096
|switch|p1a: Hatterene|Hatterene, F|100/100
|-item|p1a: Hatterene|Air Balloon
|turn|30
|
|t:|1760308101
|switch|p2a: Mr. Freeze|Eiscue, M|100/100
|-damage|p2a: Mr. Freeze|76/100|[from] Stealth Rock
|move|p1a: Hatterene|Mystical Fire|p2a: Mr. Freeze
|-supereffective|p2a: Mr. Freeze
|-damage|p2a: Mr. Freeze|0 fnt
|faint|p2a: Mr. Freeze
|
|-weather|SunnyDay|[upkeep]
|upkeep
|
|t:|1760308102
|switch|p2a: Zero-One|Lokix, M, shiny, tera:Bug|51/100
|-damage|p2a: Zero-One|26/100|[from] Stealth Rock
|turn|31
|
|t:|1760308105
|move|p2a: Zero-One|Sucker Punch|p1a: Hatterene
|-damage|p1a: Hatterene|56/100
|-enditem|p1a: Hatterene|Air Balloon
|move|p1a: Hatterene|Mystical Fire|p2a: Zero-One
|-supereffective|p2a: Zero-One
|-damage|p2a: Zero-One|0 fnt
|faint|p2a: Zero-One
|
|win|aa78
|raw|aa78's rating: 1346 &rarr; <strong>1365</strong><br />(+19 for winning)
|raw|MyGoodBuddyMason's rating: 1337 &rarr; <strong>1318</strong><br />(-19 for losing)
|l|☆MyGoodBuddyMason
|player|p2|
|l|☆aa78
|player|p1|
