|j|☆johnlee17
|j|☆Gammur
|t:|1760340091
|gametype|singles
|player|p1|johnlee17|2|1383
|player|p2|Gammur|169|1384
|gen|9
|tier|[Gen 9] OU
|rated|
|rule|HP Percentage Mod: HP is shown in percentages
|rule|Endless Battle Clause: Forcing endless battles is banned
|rule|Species Clause: Limit one of each Pokémon
|rule|OHKO Clause: OHKO moves are banned
|rule|Evasion Items Clause: Evasion items are banned
|rule|Evasion Moves Clause: Evasion moves are banned
|rule|Evasion Abilities Clause: Evasion abilities are banned
|rule|Sleep Moves Clause: Sleep-inducing moves are banned
|clearpoke
|poke|p1|Zarude|
|poke|p1|Raging Bolt|
|poke|p1|Moltres|
|poke|p1|Iron Valiant|
|poke|p1|Scizor, M|
|poke|p1|Tentacruel, M|
|poke|p2|Alomomola, F|
|poke|p2|Meowscarada, M|
|poke|p2|Iron Valiant|
|poke|p2|Primarina, F|
|poke|p2|Garchomp, M|
|poke|p2|Gholdengo|
|teampreview
|inactive|Battle timer is ON: inactive players will automatically lose when time's up. (requested by Gammur)
|
|t:|1760340123
|teamsize|p1|6
|teamsize|p2|6
|start
|switch|p1a: Moltres|Moltres|100/100
|switch|p2a: Garchomp|Garchomp, M|100/100
|turn|1
|
|t:|1760340130
|move|p1a: Moltres|Hurricane|p2a: Garchomp
|-damage|p2a: Garchomp|50/100
|-start|p2a: Garchomp|confusion
|-activate|p2a: Garchomp|confusion
|-damage|p2a: Garchomp|42/100|[from] confusion
|
|upkeep
|turn|2
|
|t:|1760340138
|switch|p2a: Primarina|Primarina, F|100/100
|move|p1a: Moltres|Hurricane|p2a: Primarina
|-damage|p2a: Primarina|74/100
|-start|p2a: Primarina|confusion
|
|upkeep
|turn|3
|
|t:|1760340146
|move|p1a: Moltres|U-turn|p2a: Primarina
|-resisted|p2a: Primarina
|-damage|p2a: Primarina|65/100
|
|t:|1760340149
|switch|p1a: Tentacruel|Tentacruel, M|100/100|[from] U-turn
|-activate|p2a: Primarina|confusion
|move|p2a: Primarina|Flip Turn|p1a: Tentacruel
|-resisted|p1a: Tentacruel
|-damage|p1a: Tentacruel|90/100
|
|t:|1760340165
|switch|p2a: Garchomp|Garchomp, M|42/100|[from] Flip Turn
|
|upkeep
|turn|4
|
|t:|1760340172
|move|p1a: Tentacruel|Surf|p2a: Garchomp
|-damage|p2a: Garchomp|8/100
|move|p2a: Garchomp|Earthquake|p1a: Tentacruel
|-supereffective|p1a: Tentacruel
|-damage|p1a: Tentacruel|0 fnt
|faint|p1a: Tentacruel
|
|upkeep
|
|t:|1760340183
|switch|p1a: Moltres|Moltres|100/100
|turn|5
|
|t:|1760340203
|switch|p2a: Alomomola|Alomomola, F|100/100
|move|p1a: Moltres|Fire Blast|p2a: Alomomola
|-resisted|p2a: Alomomola
|-damage|p2a: Alomomola|81/100
|-enditem|p2a: Alomomola|Red Card|[of] p1a: Moltres
|drag|p1a: Raging Bolt|Raging Bolt|100/100
|
|upkeep
|turn|6
|inactive|Gammur has 120 seconds left.
|
|t:|1760340226
|switch|p2a: Gholdengo|Gholdengo|100/100
|move|p1a: Raging Bolt|Draco Meteor|p2a: Gholdengo
|-resisted|p2a: Gholdengo
|-damage|p2a: Gholdengo|56/100
|-unboost|p1a: Raging Bolt|spa|2
|
|upkeep
|turn|7
|
|t:|1760340233
|move|p2a: Gholdengo|Shadow Ball|p1a: Raging Bolt
|-damage|p1a: Raging Bolt|67/100
|move|p1a: Raging Bolt|Volt Switch|p2a: Gholdengo
|-damage|p2a: Gholdengo|33/100
|
|t:|1760340241
|-end|p1a: Raging Bolt|Protosynthesis|[silent]
|switch|p1a: Zarude|Zarude|100/100|[from] Volt Switch
|
|upkeep
|turn|8
|
|t:|1760340249
|switch|p2a: Iron Valiant|Iron Valiant|100/100
|move|p1a: Zarude|Knock Off|p2a: Iron Valiant
|-resisted|p2a: Iron Valiant
|-damage|p2a: Iron Valiant|84/100
|-enditem|p2a: Iron Valiant|Heavy-Duty Boots|[from] move: Knock Off|[of] p1a: Zarude
|
|upkeep
|turn|9
|
|t:|1760340259
|switch|p1a: Moltres|Moltres|100/100
|move|p2a: Iron Valiant|Swords Dance|p2a: Iron Valiant
|-boost|p2a: Iron Valiant|atk|2
|
|upkeep
|turn|10
|
|t:|1760340267
|move|p2a: Iron Valiant|Psycho Cut|p1a: Moltres
|-damage|p1a: Moltres|44/100
|move|p1a: Moltres|Fire Blast|p2a: Iron Valiant
|-damage|p2a: Iron Valiant|0 fnt
|faint|p2a: Iron Valiant
|-end|p2a: Iron Valiant|Quark Drive|[silent]
|
|upkeep
|
|t:|1760340283
|switch|p2a: Meowscarada|Meowscarada, M|100/100
|turn|11
|
|t:|1760340295
|-terastallize|p1a: Moltres|Fighting
|move|p2a: Meowscarada|Knock Off|p1a: Moltres
|-start|p2a: Meowscarada|typechange|Dark|[from] ability: Protean
|-resisted|p1a: Moltres
|-damage|p1a: Moltres|17/100
|-status|p2a: Meowscarada|brn|[from] ability: Flame Body|[of] p1a: Moltres
|-enditem|p1a: Moltres|Heavy-Duty Boots|[from] move: Knock Off|[of] p2a: Meowscarada
|move|p1a: Moltres|U-turn|p2a: Meowscarada
|-supereffective|p2a: Meowscarada
|-damage|p2a: Meowscarada|57/100 brn
|
|t:|1760340310
|switch|p1a: Iron Valiant|Iron Valiant|100/100|[from] U-turn
|-enditem|p1a: Iron Valiant|Booster Energy
|-activate|p1a: Iron Valiant|ability: Quark Drive|[fromitem]
|-start|p1a: Iron Valiant|quarkdrivespe
|
|-damage|p2a: Meowscarada|51/100 brn|[from] brn
|upkeep
|turn|12
|
|t:|1760340316
|move|p1a: Iron Valiant|Swords Dance|p1a: Iron Valiant
|-boost|p1a: Iron Valiant|atk|2
|move|p2a: Meowscarada|Knock Off|p1a: Iron Valiant
|-resisted|p1a: Iron Valiant
|-damage|p1a: Iron Valiant|96/100
|
|-damage|p2a: Meowscarada|45/100 brn|[from] brn
|upkeep
|turn|13
|
|t:|1760340327
|move|p1a: Iron Valiant|Swords Dance|p1a: Iron Valiant
|-boost|p1a: Iron Valiant|atk|2
|move|p2a: Meowscarada|U-turn|p1a: Iron Valiant
|-resisted|p1a: Iron Valiant
|-damage|p1a: Iron Valiant|93/100
|
|t:|1760340332
|switch|p2a: Gholdengo|Gholdengo|33/100|[from] U-turn
|
|upkeep
|turn|14
|
|t:|1760340337
|move|p1a: Iron Valiant|Spirit Break|p2a: Gholdengo
|-resisted|p2a: Gholdengo
|-damage|p2a: Gholdengo|0 fnt
|faint|p2a: Gholdengo
|
|upkeep
|
|t:|1760340344
|switch|p2a: Alomomola|Alomomola, F|100/100
|turn|15
|
|t:|1760340348
|-terastallize|p2a: Alomomola|Flying
|move|p1a: Iron Valiant|Swords Dance|p1a: Iron Valiant
|-boost|p1a: Iron Valiant|atk|2
|move|p2a: Alomomola|Acrobatics|p1a: Iron Valiant
|-supereffective|p1a: Iron Valiant
|-damage|p1a: Iron Valiant|22/100
|
|upkeep
|turn|16
|inactive|Gammur has 120 seconds left.
|inactive|Gammur has 90 seconds left.
|inactive|Gammur has 60 seconds left.
|inactive|Gammur has 30 seconds left.
|inactive|Gammur has 20 seconds left.
|inactive|Gammur has 15 seconds left.
|inactive|Gammur has 10 seconds left.
|inactive|Gammur has 5 seconds left.
|-message|Gammur lost due to inactivity.
|
|win|johnlee17
|raw|johnlee17's rating: 1383 &rarr; <strong>1403</strong><br />(+20 for winning)
|raw|Gammur's rating: 1384 &rarr; <strong>1364</strong><br />(-20 for losing)
|l|☆johnlee17
|player|p1|
