|j|☆Rudeword
|j|☆ch1ck3n nu99ets
|t:|1760387656
|gametype|singles
|player|p1|Rudeword|101|1647
|player|p2|ch1ck3n nu99ets|1|1637
|gen|9
|tier|[Gen 9] OU
|rated|
|rule|HP Percentage Mod: HP is shown in percentages
|rule|Endless Battle Clause: Forcing endless battles is banned
|rule|Species Clause: Limit one of each Pokémon
|rule|OHKO Clause: OHKO moves are banned
|rule|Evasion Items Clause: Evasion items are banned
|rule|Evasion Moves Clause: Evasion moves are banned
|rule|Evasion Abilities Clause: Evasion abilities are banned
|rule|Sleep Moves Clause: Sleep-inducing moves are banned
|clearpoke
|poke|p1|Ceruledge, F|
|poke|p1|Araquanid, F|
|poke|p1|Porygon-Z|
|poke|p1|Hoopa-Unbound|
|poke|p1|Lokix, F|
|poke|p1|Corviknight, M|
|poke|p2|Pelipper, F|
|poke|p2|Basculegion, M|
|poke|p2|Scizor, F|
|poke|p2|Iron Valiant|
|poke|p2|Sandy Shocks|
|poke|p2|Manaphy|
|teampreview
|inactive|Battle timer is ON: inactive players will automatically lose when time's up. (requested by ch1ck3n nu99ets)
|
|t:|1760387674
|teamsize|p1|6
|teamsize|p2|6
|start
|switch|p1a: Porygon-Z|Porygon-Z|100/100
|switch|p2a: Sandy Shocks|Sandy Shocks|100/100
|-enditem|p2a: Sandy Shocks|Booster Energy
|-activate|p2a: Sandy Shocks|ability: Protosynthesis|[fromitem]
|-start|p2a: Sandy Shocks|protosynthesisspe
|turn|1
|
|t:|1760387682
|move|p2a: Sandy Shocks|Stealth Rock|p1a: Porygon-Z
|-sidestart|p1: Rudeword|move: Stealth Rock
|move|p1a: Porygon-Z|Ice Beam|p2a: Sandy Shocks
|-supereffective|p2a: Sandy Shocks
|-damage|p2a: Sandy Shocks|14/100
|
|upkeep
|turn|2
|
|t:|1760387688
|move|p2a: Sandy Shocks|Earth Power|p1a: Porygon-Z
|-damage|p1a: Porygon-Z|45/100
|move|p1a: Porygon-Z|Ice Beam|p2a: Sandy Shocks
|-supereffective|p2a: Sandy Shocks
|-damage|p2a: Sandy Shocks|0 fnt
|faint|p2a: Sandy Shocks
|-end|p2a: Sandy Shocks|Protosynthesis|[silent]
|
|upkeep
|
|t:|1760387693
|switch|p2a: Scizor|Scizor, F|100/100
|turn|3
|
|t:|1760387698
|switch|p1a: Corviknight|Corviknight, M|100/100
|-damage|p1a: Corviknight|88/100|[from] Stealth Rock
|move|p2a: Scizor|U-turn|p1a: Corviknight
|-resisted|p1a: Corviknight
|-damage|p1a: Corviknight|82/100
|-damage|p2a: Scizor|84/100|[from] item: Rocky Helmet|[of] p1a: Corviknight
|
|t:|1760387712
|switch|p2a: Iron Valiant|Iron Valiant|100/100|[from] U-turn
|-enditem|p2a: Iron Valiant|Booster Energy
|-activate|p2a: Iron Valiant|ability: Quark Drive|[fromitem]
|-start|p2a: Iron Valiant|quarkdrivespe
|
|upkeep
|turn|4
|
|t:|1760387718
|move|p2a: Iron Valiant|Swords Dance|p2a: Iron Valiant
|-boost|p2a: Iron Valiant|atk|2
|move|p1a: Corviknight|Defog|p2a: Iron Valiant
|-unboost|p2a: Iron Valiant|evasion|1
|-sideend|p1: Rudeword|Stealth Rock|[from] move: Defog|[of] p1a: Corviknight
|
|upkeep
|turn|5
|
|t:|1760387725
|move|p2a: Iron Valiant|Encore|p1a: Corviknight
|-start|p1a: Corviknight|Encore
|move|p1a: Corviknight|Defog|p2a: Iron Valiant
|-unboost|p2a: Iron Valiant|evasion|1
|
|upkeep
|turn|6
|
|t:|1760387732
|switch|p1a: Porygon-Z|Porygon-Z|45/100
|move|p2a: Iron Valiant|Swords Dance|p2a: Iron Valiant
|-boost|p2a: Iron Valiant|atk|2
|
|upkeep
|turn|7
|
|t:|1760387740
|move|p2a: Iron Valiant|Liquidation|p1a: Porygon-Z
|-damage|p1a: Porygon-Z|0 fnt
|faint|p1a: Porygon-Z
|
|upkeep
|
|t:|1760387756
|switch|p1a: Ceruledge|Ceruledge, F|100/100
|turn|8
|
|t:|1760387764
|move|p2a: Iron Valiant|Liquidation|p1a: Ceruledge
|-supereffective|p1a: Ceruledge
|-enditem|p1a: Ceruledge|Focus Sash
|-damage|p1a: Ceruledge|1/100
|-unboost|p1a: Ceruledge|def|1
|-ability|p1a: Ceruledge|Weak Armor|boost
|-unboost|p1a: Ceruledge|def|1
|-boost|p1a: Ceruledge|spe|2
|move|p1a: Ceruledge|Bitter Blade|p2a: Iron Valiant
|-damage|p2a: Iron Valiant|41/100
|-heal|p1a: Ceruledge|30/100|[from] drain|[of] p2a: Iron Valiant
|
|upkeep
|turn|9
|
|t:|1760387771
|move|p2a: Iron Valiant|Liquidation|p1a: Ceruledge
|-supereffective|p1a: Ceruledge
|-damage|p1a: Ceruledge|0 fnt
|faint|p1a: Ceruledge
|
|upkeep
|
|t:|1760387774
|switch|p1a: Lokix|Lokix, F|100/100
|turn|10
|
|t:|1760387777
|move|p1a: Lokix|First Impression|p2a: Iron Valiant
|-resisted|p2a: Iron Valiant
|-damage|p2a: Iron Valiant|2/100
|move|p2a: Iron Valiant|Close Combat|p1a: Lokix
|-damage|p1a: Lokix|0 fnt
|-unboost|p2a: Iron Valiant|def|1
|-unboost|p2a: Iron Valiant|spd|1
|faint|p1a: Lokix
|
|upkeep
|
|t:|1760387783
|switch|p1a: Corviknight|Corviknight, M|82/100
|turn|11
|
|t:|1760387785
|move|p2a: Iron Valiant|Close Combat|p1a: Corviknight
|-damage|p1a: Corviknight|0 fnt
|-unboost|p2a: Iron Valiant|def|1
|-unboost|p2a: Iron Valiant|spd|1
|-damage|p2a: Iron Valiant|0 fnt|[from] item: Rocky Helmet|[of] p1a: Corviknight
|faint|p1a: Corviknight
|faint|p2a: Iron Valiant
|-end|p2a: Iron Valiant|Quark Drive|[silent]
|
|upkeep
|
|t:|1760387796
|switch|p2a: Pelipper|Pelipper, F|100/100
|switch|p1a: Araquanid|Araquanid, F|100/100
|-weather|RainDance|[from] ability: Drizzle|[of] p2a: Pelipper
|turn|12
|
|t:|1760387800
|-terastallize|p1a: Araquanid|Water
|move|p2a: Pelipper|Hurricane|p1a: Araquanid
|-damage|p1a: Araquanid|70/100
|move|p1a: Araquanid|Waterfall|p2a: Pelipper
|-resisted|p2a: Pelipper
|-damage|p2a: Pelipper|31/100
|
|-weather|RainDance|[upkeep]
|upkeep
|turn|13
|
|t:|1760387806
|move|p2a: Pelipper|Hurricane|p1a: Araquanid
|-damage|p1a: Araquanid|44/100
|-start|p1a: Araquanid|confusion
|-activate|p1a: Araquanid|confusion
|-damage|p1a: Araquanid|33/100|[from] confusion
|
|-weather|RainDance|[upkeep]
|upkeep
|turn|14
|
|t:|1760387809
|move|p2a: Pelipper|Hurricane|p1a: Araquanid
|-damage|p1a: Araquanid|3/100
|-end|p1a: Araquanid|confusion
|move|p1a: Araquanid|Waterfall|p2a: Pelipper
|-resisted|p2a: Pelipper
|-damage|p2a: Pelipper|0 fnt
|faint|p2a: Pelipper
|
|-weather|RainDance|[upkeep]
|upkeep
|
|t:|1760387811
|switch|p2a: Basculegion|Basculegion, M, shiny|100/100
|turn|15
|
|t:|1760387814
|move|p2a: Basculegion|Wave Crash|p1a: Araquanid
|-resisted|p1a: Araquanid
|-damage|p1a: Araquanid|0 fnt
|faint|p1a: Araquanid
|-damage|p2a: Basculegion|99/100|[from] Recoil
|
|-weather|RainDance|[upkeep]
|upkeep
|c|☆ch1ck3n nu99ets|gg
|-message|Rudeword forfeited.
|
|win|ch1ck3n nu99ets
|raw|Rudeword's rating: 1647 &rarr; <strong>1626</strong><br />(-21 for losing)
|raw|ch1ck3n nu99ets's rating: 1637 &rarr; <strong>1658</strong><br />(+21 for winning)
|l|☆Rudeword
|player|p1|
|l|☆ch1ck3n nu99ets
|player|p2|
