|j|☆PV_09
|j|☆Spyro190 testing
|t:|1760379900
|gametype|singles
|player|p1|PV_09|hexmaniac-gen3jp|1507
|player|p2|Spyro190 testing|bugcatcher-gen4dp|1564
|gen|9
|tier|[Gen 9] OU
|rated|
|rule|HP Percentage Mod: HP is shown in percentages
|rule|Endless Battle Clause: Forcing endless battles is banned
|rule|Species Clause: Limit one of each Pokémon
|rule|OHKO Clause: OHKO moves are banned
|rule|Evasion Items Clause: Evasion items are banned
|rule|Evasion Moves Clause: Evasion moves are banned
|rule|Evasion Abilities Clause: Evasion abilities are banned
|rule|Sleep Moves Clause: Sleep-inducing moves are banned
|clearpoke
|poke|p1|Hatterene, F|
|poke|p1|Bronzong|
|poke|p1|Primarina, F|
|poke|p1|Iron Hands|
|poke|p1|Gholdengo|
|poke|p1|Ursaluna, M|
|poke|p2|Enamorus, F|
|poke|p2|Slowking-Galar, F|
|poke|p2|Cinderace, F|
|poke|p2|Alomomola, F|
|poke|p2|Lokix, F|
|poke|p2|Great Tusk|
|teampreview
|inactive|Battle timer is ON: inactive players will automatically lose when time's up. (requested by Spyro190 testing)
|
|t:|1760379920
|teamsize|p1|6
|teamsize|p2|6
|start
|switch|p1a: raingurl|Gholdengo|100/100
|switch|p2a: Lokix|Lokix, F|100/100
|turn|1
|
|t:|1760379925
|switch|p2a: Alomomola|Alomomola, F|100/100
|switch|p1a: TESLA? GNARLY|Iron Hands|100/100
|
|upkeep
|turn|2
|
|t:|1760379938
|switch|p2a: Great Tusk|Great Tusk|100/100
|move|p1a: TESLA? GNARLY|Earthquake|p2a: Great Tusk
|-damage|p2a: Great Tusk|71/100
|
|-heal|p2a: Great Tusk|77/100|[from] item: Leftovers
|upkeep
|turn|3
|
|t:|1760379946
|-end|p1a: TESLA? GNARLY|Quark Drive|[silent]
|switch|p1a: espresso|Hatterene, F|100/100
|move|p2a: Great Tusk|Knock Off|p1a: espresso
|-damage|p1a: espresso|79/100
|-enditem|p1a: espresso|Leftovers|[from] move: Knock Off|[of] p2a: Great Tusk
|
|-heal|p2a: Great Tusk|83/100|[from] item: Leftovers
|upkeep
|turn|4
|
|t:|1760379954
|move|p2a: Great Tusk|Earthquake|p1a: espresso
|-damage|p1a: espresso|41/100
|move|p1a: espresso|Trick Room|p1a: espresso
|-fieldstart|move: Trick Room|[of] p1a: espresso
|
|-heal|p2a: Great Tusk|89/100|[from] item: Leftovers
|upkeep
|turn|5
|inactive|PV_09 has 120 seconds left.
|
|t:|1760379999
|switch|p1a: nice & slow|Ursaluna, M|100/100
|-end|p2a: Great Tusk|Protosynthesis|[silent]
|switch|p2a: Slowking|Slowking-Galar, F|100/100
|
|-status|p1a: nice & slow|brn|[from] item: Flame Orb
|upkeep
|turn|6
|
|t:|1760380006
|-terastallize|p1a: nice & slow|Normal
|move|p2a: Slowking|Ice Beam|p1a: nice & slow
|-damage|p1a: nice & slow|80/100 brn
|move|p1a: nice & slow|Facade|p2a: Slowking
|-damage|p2a: Slowking|0 fnt
|faint|p2a: Slowking
|
|-damage|p1a: nice & slow|74/100 brn|[from] brn
|upkeep
|
|t:|1760380015
|switch|p2a: Great Tusk|Great Tusk|89/100
|turn|7
|
|t:|1760380022
|move|p1a: nice & slow|Facade|p2a: Great Tusk
|-damage|p2a: Great Tusk|3/100
|move|p2a: Great Tusk|Earthquake|p1a: nice & slow
|-damage|p1a: nice & slow|43/100 brn
|
|-heal|p2a: Great Tusk|9/100|[from] item: Leftovers
|-damage|p1a: nice & slow|37/100 brn|[from] brn
|upkeep
|turn|8
|
|t:|1760380029
|move|p1a: nice & slow|Facade|p2a: Great Tusk
|-damage|p2a: Great Tusk|0 fnt
|faint|p2a: Great Tusk
|-end|p2a: Great Tusk|Protosynthesis|[silent]
|
|-damage|p1a: nice & slow|31/100 brn|[from] brn
|-fieldend|move: Trick Room
|upkeep
|
|t:|1760380032
|switch|p2a: Lokix|Lokix, F|100/100
|turn|9
|
|t:|1760380040
|switch|p1a: TESLA? GNARLY|Iron Hands|100/100
|move|p2a: Lokix|Knock Off|p1a: TESLA? GNARLY
|-resisted|p1a: TESLA? GNARLY
|-crit|p1a: TESLA? GNARLY
|-damage|p1a: TESLA? GNARLY|30/100
|-enditem|p1a: TESLA? GNARLY|Choice Band|[from] move: Knock Off|[of] p2a: Lokix
|
|upkeep
|turn|10
|
|t:|1760380058
|switch|p2a: Cinderace|Cinderace, F|100/100
|move|p1a: TESLA? GNARLY|Wild Charge|p2a: Cinderace
|-damage|p2a: Cinderace|35/100
|-damage|p1a: TESLA? GNARLY|18/100|[from] Recoil
|
|upkeep
|turn|11
|
|t:|1760380065
|move|p2a: Cinderace|Pyro Ball|p1a: TESLA? GNARLY
|-crit|p1a: TESLA? GNARLY
|-damage|p1a: TESLA? GNARLY|0 fnt
|faint|p1a: TESLA? GNARLY
|-end|p1a: TESLA? GNARLY|Quark Drive|[silent]
|
|upkeep
|
|t:|1760380068
|switch|p1a: primadonna|Primarina, F|100/100
|turn|12
|
|t:|1760380074
|move|p2a: Cinderace|U-turn|p1a: primadonna
|-resisted|p1a: primadonna
|-damage|p1a: primadonna|90/100
|
|t:|1760380078
|switch|p2a: Alomomola|Alomomola, F|100/100|[from] U-turn
|move|p1a: primadonna|Energy Ball|p2a: Alomomola
|-supereffective|p2a: Alomomola
|-damage|p2a: Alomomola|58/100
|-damage|p1a: primadonna|80/100|[from] item: Life Orb
|
|upkeep
|turn|13
|
|t:|1760380087
|switch|p1a: espresso|Hatterene, F|41/100
|move|p2a: Alomomola|Flip Turn|p1a: espresso
|-damage|p1a: espresso|26/100
|
|t:|1760380097
|switch|p2a: Lokix|Lokix, F|100/100|[from] Flip Turn
|
|upkeep
|turn|14
|
|t:|1760380112
|switch|p1a: primadonna|Primarina, F|80/100
|move|p2a: Lokix|U-turn|p1a: primadonna
|-resisted|p1a: primadonna
|-damage|p1a: primadonna|15/100
|
|t:|1760380118
|switch|p2a: Cinderace|Cinderace, F|35/100|[from] U-turn
|
|upkeep
|turn|15
|
|t:|1760380124
|move|p2a: Cinderace|Pyro Ball|p1a: primadonna
|-resisted|p1a: primadonna
|-damage|p1a: primadonna|0 fnt
|faint|p1a: primadonna
|
|upkeep
|
|t:|1760380138
|switch|p1a: *NSYNC|Bronzong|100/100
|turn|16
|
|t:|1760380141
|move|p2a: Cinderace|Pyro Ball|p1a: *NSYNC
|-supereffective|p1a: *NSYNC
|-damage|p1a: *NSYNC|26/100
|move|p1a: *NSYNC|Trick Room|p1a: *NSYNC
|-fieldstart|move: Trick Room|[of] p1a: *NSYNC
|
|-heal|p1a: *NSYNC|32/100|[from] item: Leftovers
|upkeep
|turn|17
|
|t:|1760380149
|switch|p2a: Alomomola|Alomomola, F|92/100
|move|p1a: *NSYNC|Body Press|p2a: Alomomola
|-crit|p2a: Alomomola
|-damage|p2a: Alomomola|66/100
|
|-heal|p1a: *NSYNC|38/100|[from] item: Leftovers
|upkeep
|turn|18
|
|t:|1760380156
|switch|p1a: espresso|Hatterene, F|26/100
|switch|p2a: Lokix|Lokix, F|100/100
|
|upkeep
|turn|19
|
|t:|1760380161
|move|p2a: Lokix|First Impression|p1a: espresso
|-damage|p1a: espresso|0 fnt
|faint|p1a: espresso
|
|upkeep
|
|t:|1760380164
|switch|p1a: nice & slow|Ursaluna, M, tera:Normal|31/100 brn
|turn|20
|
|t:|1760380169
|switch|p2a: Cinderace|Cinderace, F|35/100
|move|p1a: nice & slow|Facade|p2a: Cinderace
|-damage|p2a: Cinderace|0 fnt
|faint|p2a: Cinderace
|
|-damage|p1a: nice & slow|25/100 brn|[from] brn
|-fieldend|move: Trick Room
|upkeep
|
|t:|1760380175
|switch|p2a: Lokix|Lokix, F|100/100
|turn|21
|
|t:|1760380183
|move|p1a: nice & slow|Protect|p1a: nice & slow
|-singleturn|p1a: nice & slow|Protect
|move|p2a: Lokix|Knock Off|p1a: nice & slow
|-activate|p1a: nice & slow|move: Protect
|
|-damage|p1a: nice & slow|19/100 brn|[from] brn
|upkeep
|turn|22
|-message|PV_09 forfeited.
|
|win|Spyro190 testing
|raw|PV_09's rating: 1507 &rarr; <strong>1490</strong><br />(-17 for losing)
|raw|Spyro190 testing's rating: 1564 &rarr; <strong>1581</strong><br />(+17 for winning)
|l|☆PV_09
|player|p1|
