|j|☆hamoodiscute
|j|☆DIGIWAYNE123
|t:|1760362612
|gametype|singles
|player|p1|hamoodiscute|169|1500
|player|p2|DIGIWAYNE123|swimmerf-gen4|1571
|gen|9
|tier|[Gen 9] OU
|rated|
|rule|HP Percentage Mod: HP is shown in percentages
|rule|Endless Battle Clause: Forcing endless battles is banned
|rule|Species Clause: Limit one of each Pokémon
|rule|OHKO Clause: OHKO moves are banned
|rule|Evasion Items Clause: Evasion items are banned
|rule|Evasion Moves Clause: Evasion moves are banned
|rule|Evasion Abilities Clause: Evasion abilities are banned
|rule|Sleep Moves Clause: Sleep-inducing moves are banned
|clearpoke
|poke|p1|Rillaboom, M|
|poke|p1|Garganacl, F|
|poke|p1|Cinderace, F|
|poke|p1|Raging Bolt|
|poke|p1|Slowking-Galar, F|
|poke|p1|Landorus-Therian, M|
|poke|p2|Armarouge, F|
|poke|p2|Indeedee, M|
|poke|p2|Great Tusk|
|poke|p2|Hoopa-Unbound|
|poke|p2|Scream Tail|
|poke|p2|Drednaw, M|
|teampreview
|
|t:|1760362624
|teamsize|p1|6
|teamsize|p2|6
|start
|switch|p1a: Cinderace|Cinderace, F|100/100
|switch|p2a: Scream Tail|Scream Tail|100/100
|-enditem|p2a: Scream Tail|Booster Energy
|-activate|p2a: Scream Tail|ability: Protosynthesis|[fromitem]
|-start|p2a: Scream Tail|protosynthesisspe
|turn|1
|inactive|Battle timer is ON: inactive players will automatically lose when time's up. (requested by DIGIWAYNE123)
|
|t:|1760362637
|switch|p1a: Garganacl|Garganacl, F|100/100
|move|p2a: Scream Tail|Thunder Wave|p1a: Garganacl
|-immune|p1a: Garganacl|[from] ability: Purifying Salt
|
|upkeep
|turn|2
|
|t:|1760362640
|move|p2a: Scream Tail|Stealth Rock|p1a: Garganacl
|-sidestart|p1: hamoodiscute|move: Stealth Rock
|move|p1a: Garganacl|Salt Cure|p2a: Scream Tail
|-damage|p2a: Scream Tail|91/100
|-start|p2a: Scream Tail|Salt Cure
|
|-damage|p2a: Scream Tail|78/100|[from] Salt Cure
|upkeep
|turn|3
|
|t:|1760362646
|-end|p2a: Scream Tail|Protosynthesis|[silent]
|switch|p2a: Great Tusk|Great Tusk|100/100
|-enditem|p2a: Great Tusk|Booster Energy
|-activate|p2a: Great Tusk|ability: Protosynthesis|[fromitem]
|-start|p2a: Great Tusk|protosynthesisspe
|move|p1a: Garganacl|Curse|p1a: Garganacl
|-unboost|p1a: Garganacl|spe|1
|-boost|p1a: Garganacl|atk|1
|-boost|p1a: Garganacl|def|1
|
|upkeep
|turn|4
|
|t:|1760362652
|-terastallize|p1a: Garganacl|Water
|move|p2a: Great Tusk|Knock Off|p1a: Garganacl
|-damage|p1a: Garganacl|89/100
|-enditem|p1a: Garganacl|Leftovers|[from] move: Knock Off|[of] p2a: Great Tusk
|move|p1a: Garganacl|Salt Cure|p2a: Great Tusk
|-resisted|p2a: Great Tusk
|-damage|p2a: Great Tusk|97/100
|-start|p2a: Great Tusk|Salt Cure
|
|-damage|p2a: Great Tusk|85/100|[from] Salt Cure
|upkeep
|turn|5
|
|t:|1760362658
|-end|p2a: Great Tusk|Protosynthesis|[silent]
|switch|p2a: Hoopa|Hoopa-Unbound|100/100
|move|p1a: Garganacl|Curse|p1a: Garganacl
|-unboost|p1a: Garganacl|spe|1
|-boost|p1a: Garganacl|atk|1
|-boost|p1a: Garganacl|def|1
|
|upkeep
|turn|6
|
|t:|1760362661
|move|p2a: Hoopa|Thunderbolt|p1a: Garganacl
|-supereffective|p1a: Garganacl
|-damage|p1a: Garganacl|36/100
|move|p1a: Garganacl|Salt Cure|p2a: Hoopa
|-damage|p2a: Hoopa|62/100
|-start|p2a: Hoopa|Salt Cure
|
|-damage|p2a: Hoopa|50/100|[from] Salt Cure
|upkeep
|turn|7
|
|t:|1760362665
|switch|p2a: Indeedee|Indeedee, M|100/100
|-fieldstart|move: Psychic Terrain|[from] ability: Psychic Surge|[of] p2a: Indeedee
|move|p1a: Garganacl|Protect||[still]
|-fail|p1a: Garganacl
|
|upkeep
|turn|8
|
|t:|1760362667
|move|p2a: Indeedee|Expanding Force|p1a: Garganacl
|-crit|p1a: Garganacl
|-damage|p1a: Garganacl|0 fnt
|faint|p1a: Garganacl
|
|upkeep
|
|t:|1760362673
|switch|p1a: Rillaboom|Rillaboom, M|100/100
|-damage|p1a: Rillaboom|88/100|[from] Stealth Rock
|-fieldstart|move: Grassy Terrain|[from] ability: Grassy Surge|[of] p1a: Rillaboom
|turn|9
|
|t:|1760362676
|switch|p2a: Scream Tail|Scream Tail|78/100
|move|p1a: Rillaboom|Swords Dance|p1a: Rillaboom
|-boost|p1a: Rillaboom|atk|2
|
|-heal|p2a: Scream Tail|84/100|[from] Grassy Terrain
|-heal|p1a: Rillaboom|94/100|[from] Grassy Terrain
|upkeep
|turn|10
|
|t:|1760362680
|move|p1a: Rillaboom|Grassy Glide|p2a: Scream Tail
|-damage|p2a: Scream Tail|10/100
|move|p2a: Scream Tail|Thunder Wave|p1a: Rillaboom
|-status|p1a: Rillaboom|par
|
|-heal|p2a: Scream Tail|16/100|[from] Grassy Terrain
|-heal|p1a: Rillaboom|100/100 par|[from] Grassy Terrain
|upkeep
|turn|11
|
|t:|1760362688
|move|p2a: Scream Tail|Misty Explosion|p1a: Rillaboom
|-damage|p1a: Rillaboom|67/100 par
|faint|p2a: Scream Tail
|-end|p2a: Scream Tail|Protosynthesis|[silent]
|move|p1a: Rillaboom|Wood Hammer|p2: Scream Tail|[notarget]
|-fail|p1a: Rillaboom
|
|-heal|p1a: Rillaboom|73/100 par|[from] Grassy Terrain
|upkeep
|
|t:|1760362691
|switch|p2a: Indeedee|Indeedee, M|100/100
|-fieldstart|move: Psychic Terrain|[from] ability: Psychic Surge|[of] p2a: Indeedee
|turn|12
|
|t:|1760362694
|switch|p1a: Landorus|Landorus-Therian, M|100/100
|-damage|p1a: Landorus|88/100|[from] Stealth Rock
|-ability|p1a: Landorus|Intimidate|boost
|-unboost|p2a: Indeedee|atk|1
|move|p2a: Indeedee|Expanding Force|p1a: Landorus
|-damage|p1a: Landorus|11/100
|
|upkeep
|turn|13
|
|t:|1760362697
|move|p2a: Indeedee|Expanding Force|p1a: Landorus
|-damage|p1a: Landorus|0 fnt
|faint|p1a: Landorus
|
|upkeep
|
|t:|1760362699
|switch|p1a: Rillaboom|Rillaboom, M|73/100 par
|-damage|p1a: Rillaboom|61/100 par|[from] Stealth Rock
|-fieldstart|move: Grassy Terrain|[from] ability: Grassy Surge|[of] p1a: Rillaboom
|turn|14
|
|t:|1760362704
|switch|p2a: Hoopa|Hoopa-Unbound|50/100
|switch|p1a: Cinderace|Cinderace, F|100/100
|
|-heal|p2a: Hoopa|56/100|[from] Grassy Terrain
|upkeep
|turn|15
|
|t:|1760362713
|move|p1a: Cinderace|Court Change|p1a: Cinderace
|-start|p1a: Cinderace|typechange|Normal|[from] ability: Libero
|-swapsideconditions
|-activate|p1a: Cinderace|move: Court Change
|move|p2a: Hoopa|Drain Punch|p1a: Cinderace
|-supereffective|p1a: Cinderace
|-damage|p1a: Cinderace|20/100
|-heal|p2a: Hoopa|89/100|[from] drain|[of] p1a: Cinderace
|
|-heal|p1a: Cinderace|26/100|[from] Grassy Terrain
|-heal|p2a: Hoopa|96/100|[from] Grassy Terrain
|upkeep
|turn|16
|
|t:|1760362718
|switch|p2a: Great Tusk|Great Tusk|85/100
|-damage|p2a: Great Tusk|82/100|[from] Stealth Rock
|move|p1a: Cinderace|U-turn|p2a: Great Tusk
|-resisted|p2a: Great Tusk
|-damage|p2a: Great Tusk|74/100
|
|t:|1760362726
|switch|p1a: Rillaboom|Rillaboom, M|61/100 par|[from] U-turn
|
|-heal|p2a: Great Tusk|80/100|[from] Grassy Terrain
|-heal|p1a: Rillaboom|67/100 par|[from] Grassy Terrain
|upkeep
|turn|17
|
|t:|1760362731
|-terastallize|p2a: Great Tusk|Grass
|move|p2a: Great Tusk|Ice Spinner|p1a: Rillaboom
|-supereffective|p1a: Rillaboom
|-damage|p1a: Rillaboom|18/100 par
|-fieldend|move: Grassy Terrain
|move|p1a: Rillaboom|Wood Hammer|p2a: Great Tusk
|-resisted|p2a: Great Tusk
|-damage|p2a: Great Tusk|53/100
|-damage|p1a: Rillaboom|7/100 par|[from] Recoil
|
|upkeep
|turn|18
|
|t:|1760362738
|switch|p1a: Slowking|Slowking-Galar, F|100/100
|move|p2a: Great Tusk|Rapid Spin|p1a: Slowking
|-damage|p1a: Slowking|89/100
|-boost|p2a: Great Tusk|spe|1
|-damage|p2a: Great Tusk|36/100|[from] item: Rocky Helmet|[of] p1a: Slowking
|-sideend|p2: DIGIWAYNE123|Stealth Rock|[from] move: Rapid Spin|[of] p2a: Great Tusk
|
|upkeep
|turn|19
|
|t:|1760362742
|move|p2a: Great Tusk|Knock Off|p1a: Slowking
|-supereffective|p1a: Slowking
|-damage|p1a: Slowking|49/100
|-damage|p2a: Great Tusk|20/100|[from] item: Rocky Helmet|[of] p1a: Slowking
|-enditem|p1a: Slowking|Rocky Helmet|[from] move: Knock Off|[of] p2a: Great Tusk
|move|p1a: Slowking|Ice Beam|p2a: Great Tusk
|-supereffective|p2a: Great Tusk
|-damage|p2a: Great Tusk|0 fnt
|faint|p2a: Great Tusk
|-end|p2a: Great Tusk|Protosynthesis|[silent]
|
|upkeep
|
|t:|1760362749
|switch|p2a: Indeedee|Indeedee, M|100/100
|-fieldstart|move: Psychic Terrain|[from] ability: Psychic Surge|[of] p2a: Indeedee
|turn|20
|
|t:|1760362751
|move|p2a: Indeedee|Expanding Force|p1a: Slowking
|-damage|p1a: Slowking|0 fnt
|faint|p1a: Slowking
|
|upkeep
|
|t:|1760362754
|switch|p1a: Cinderace|Cinderace, F|26/100
|turn|21
|
|t:|1760362763
|switch|p1a: Rillaboom|Rillaboom, M|7/100 par
|-fieldstart|move: Grassy Terrain|[from] ability: Grassy Surge|[of] p1a: Rillaboom
|switch|p2a: Hoopa|Hoopa-Unbound|96/100
|
|-heal|p2a: Hoopa|100/100|[from] Grassy Terrain
|-heal|p1a: Rillaboom|13/100 par|[from] Grassy Terrain
|upkeep
|turn|22
|
|t:|1760362769
|cant|p1a: Rillaboom|par
|move|p2a: Hoopa|Dark Pulse|p1a: Rillaboom
|-damage|p1a: Rillaboom|0 fnt
|faint|p1a: Rillaboom
|
|upkeep
|
|t:|1760362771
|switch|p1a: Cinderace|Cinderace, F|26/100
|turn|23
|
|t:|1760362781
|switch|p2a: Indeedee|Indeedee, M|100/100
|-fieldstart|move: Psychic Terrain|[from] ability: Psychic Surge|[of] p2a: Indeedee
|move|p1a: Cinderace|U-turn|p2a: Indeedee
|-start|p1a: Cinderace|typechange|Bug|[from] ability: Libero
|-supereffective|p2a: Indeedee
|-damage|p2a: Indeedee|0 fnt
|faint|p2a: Indeedee
|
|t:|1760362783
|switch|p1a: Raging Bolt|Raging Bolt|100/100|[from] U-turn
|
|upkeep
|
|t:|1760362790
|switch|p2a: Armarouge|Armarouge, F|100/100
|turn|24
|
|t:|1760362796
|move|p2a: Armarouge|Expanding Force|p1a: Raging Bolt
|-damage|p1a: Raging Bolt|18/100
|move|p1a: Raging Bolt|Draco Meteor|p2a: Armarouge
|-enditem|p2a: Armarouge|Focus Sash
|-damage|p2a: Armarouge|1/100
|-unboost|p1a: Raging Bolt|spa|2
|
|upkeep
|turn|25
|
|t:|1760362802
|move|p2a: Armarouge|Expanding Force|p1a: Raging Bolt
|-damage|p1a: Raging Bolt|0 fnt
|faint|p1a: Raging Bolt
|-end|p1a: Raging Bolt|Protosynthesis|[silent]
|
|upkeep
|
|t:|1760362804
|switch|p1a: Cinderace|Cinderace, F|26/100
|turn|26
|
|t:|1760362807
|move|p2a: Armarouge|Endure|p2a: Armarouge
|-singleturn|p2a: Armarouge|move: Endure
|move|p1a: Cinderace|U-turn|p2a: Armarouge
|-start|p1a: Cinderace|typechange|Bug|[from] ability: Libero
|-crit|p2a: Armarouge
|-activate|p2a: Armarouge|move: Endure
|-damage|p2a: Armarouge|1/100
|-ability|p2a: Armarouge|Weak Armor|boost
|-unboost|p2a: Armarouge|def|1
|-boost|p2a: Armarouge|spe|2
|
|upkeep
|turn|27
|
|t:|1760362812
|move|p2a: Armarouge|Armor Cannon|p1a: Cinderace
|-supereffective|p1a: Cinderace
|-damage|p1a: Cinderace|0 fnt
|-unboost|p2a: Armarouge|def|1
|-unboost|p2a: Armarouge|spd|1
|faint|p1a: Cinderace
|
|win|DIGIWAYNE123
|raw|hamoodiscute's rating: 1500 &rarr; <strong>1484</strong><br />(-16 for losing)
|raw|DIGIWAYNE123's rating: 1571 &rarr; <strong>1587</strong><br />(+16 for winning)
|l|☆hamoodiscute
|player|p1|
