|j|☆henry151th
|j|☆scorpion257
|t:|1760340057
|gametype|singles
|player|p1|henry151th|wallace|1657
|player|p2|scorpion257|giovanni|1708
|gen|9
|tier|[Gen 9] OU
|rated|
|rule|HP Percentage Mod: HP is shown in percentages
|rule|Endless Battle Clause: Forcing endless battles is banned
|rule|Species Clause: Limit one of each Pokémon
|rule|OHKO Clause: OHKO moves are banned
|rule|Evasion Items Clause: Evasion items are banned
|rule|Evasion Moves Clause: Evasion moves are banned
|rule|Evasion Abilities Clause: Evasion abilities are banned
|rule|Sleep Moves Clause: Sleep-inducing moves are banned
|clearpoke
|poke|p1|Tyranitar, F|
|poke|p1|Excadrill, F|
|poke|p1|Garganacl, M|
|poke|p1|Tornadus-Therian, M|
|poke|p1|Keldeo-Resolute|
|poke|p1|Pecharunt|
|poke|p2|Dondozo, F|
|poke|p2|Blissey, F|
|poke|p2|Corviknight, M|
|poke|p2|Weezing-Galar, F|
|poke|p2|Gliscor, F|
|poke|p2|Toxapex, M|
|teampreview
|inactive|Battle timer is ON: inactive players will automatically lose when time's up. (requested by scorpion257)
|j| Offset Product
|j| Dor.Zf
|j| CloudyEJ
|l| Dor.Zf
|j| lujon
|inactive|henry151th has 120 seconds left.
|inactive|scorpion257 has 120 seconds left.
|
|t:|1760340096
|teamsize|p1|6
|teamsize|p2|6
|start
|switch|p1a: Tornadus|Tornadus-Therian, M|100/100
|switch|p2a: Weezing|Weezing-Galar, F|100/100
|-ability|p2a: Weezing|Neutralizing Gas
|turn|1
|
|t:|1760340103
|-end|p2a: Weezing|ability: Neutralizing Gas
|switch|p2a: Toxapex|Toxapex, M|100/100
|move|p1a: Tornadus|Bleakwind Storm|p2a: Toxapex
|-damage|p2a: Toxapex|74/100
|
|-heal|p2a: Toxapex|80/100|[from] item: Leftovers
|upkeep
|turn|2
|
|t:|1760340112
|move|p1a: Tornadus|U-turn|p2a: Toxapex
|-resisted|p2a: Toxapex
|-damage|p2a: Toxapex|75/100
|j| AbrarS
|j| ggmufc
|
|t:|1760340132
|switch|p1a: Garganacl|Garganacl, M|100/100|[from] U-turn
|move|p2a: Toxapex|Toxic Spikes|p1a: Garganacl
|-sidestart|p1: henry151th|move: Toxic Spikes
|
|-heal|p2a: Toxapex|81/100|[from] item: Leftovers
|upkeep
|turn|3
|
|t:|1760340137
|switch|p2a: Gliscor|Gliscor, F|100/100
|move|p1a: Garganacl|Salt Cure|p2a: Gliscor
|-damage|p2a: Gliscor|89/100
|-start|p2a: Gliscor|Salt Cure
|
|-damage|p2a: Gliscor|77/100|[from] Salt Cure
|-status|p2a: Gliscor|tox|[from] item: Toxic Orb
|upkeep
|turn|4
|
|t:|1760340155
|move|p2a: Gliscor|Knock Off|p1a: Garganacl
|-damage|p1a: Garganacl|86/100
|-enditem|p1a: Garganacl|Leftovers|[from] move: Knock Off|[of] p2a: Gliscor
|move|p1a: Garganacl|Iron Defense|p1a: Garganacl
|-boost|p1a: Garganacl|def|2
|
|-heal|p2a: Gliscor|89/100 tox|[from] ability: Poison Heal
|-damage|p2a: Gliscor|77/100 tox|[from] Salt Cure
|upkeep
|turn|5
|
|t:|1760340162
|switch|p2a: Toxapex|Toxapex, M|100/100
|move|p1a: Garganacl|Salt Cure|p2a: Toxapex
|-damage|p2a: Toxapex|90/100
|-start|p2a: Toxapex|Salt Cure
|
|-heal|p2a: Toxapex|96/100|[from] item: Leftovers
|-damage|p2a: Toxapex|71/100|[from] Salt Cure
|upkeep
|turn|6
|
|t:|1760340171
|move|p2a: Toxapex|Haze|p2a: Toxapex
|-clearallboost
|move|p1a: Garganacl|Salt Cure|p2a: Toxapex
|-damage|p2a: Toxapex|59/100
|
|-heal|p2a: Toxapex|65/100|[from] item: Leftovers
|-damage|p2a: Toxapex|40/100|[from] Salt Cure
|upkeep
|turn|7
|
|t:|1760340176
|switch|p2a: Gliscor|Gliscor, F|77/100 tox
|move|p1a: Garganacl|Salt Cure|p2a: Gliscor
|-damage|p2a: Gliscor|66/100 tox
|-start|p2a: Gliscor|Salt Cure
|
|-heal|p2a: Gliscor|79/100 tox|[from] ability: Poison Heal
|-damage|p2a: Gliscor|66/100 tox|[from] Salt Cure
|upkeep
|turn|8
|
|t:|1760340183
|move|p2a: Gliscor|Earthquake|p1a: Garganacl
|-supereffective|p1a: Garganacl
|-damage|p1a: Garganacl|45/100
|move|p1a: Garganacl|Iron Defense|p1a: Garganacl
|-boost|p1a: Garganacl|def|2
|
|-heal|p2a: Gliscor|79/100 tox|[from] ability: Poison Heal
|-damage|p2a: Gliscor|66/100 tox|[from] Salt Cure
|upkeep
|turn|9
|
|t:|1760340188
|switch|p2a: Toxapex|Toxapex, M|73/100
|move|p1a: Garganacl|Recover|p1a: Garganacl
|-heal|p1a: Garganacl|95/100
|
|-heal|p2a: Toxapex|79/100|[from] item: Leftovers
|upkeep
|turn|10
|j| kyrie sauce
|j| Samurajen
|inactive|henry151th has 120 seconds left.
|
|t:|1760340225
|move|p2a: Toxapex|Haze|p2a: Toxapex
|-clearallboost
|move|p1a: Garganacl|Salt Cure|p2a: Toxapex
|-damage|p2a: Toxapex|69/100
|-start|p2a: Toxapex|Salt Cure
|
|-heal|p2a: Toxapex|75/100|[from] item: Leftovers
|-damage|p2a: Toxapex|50/100|[from] Salt Cure
|upkeep
|turn|11
|
|t:|1760340246
|switch|p2a: Weezing|Weezing-Galar, F|100/100
|-ability|p2a: Weezing|Neutralizing Gas
|switch|p1a: Pecharunt|Pecharunt|100/100
|-sideend|p1: henry151th|move: Toxic Spikes|[of] p1a: Pecharunt
|
|upkeep
|turn|12
|inactive|henry151th has 120 seconds left.
|
|t:|1760340273
|-end|p2a: Weezing|ability: Neutralizing Gas
|switch|p2a: Corviknight|Corviknight, M|100/100
|-ability|p2a: Corviknight|Pressure
|move|p1a: Pecharunt|Malignant Chain|p2a: Corviknight
|-immune|p2a: Corviknight
|
|upkeep
|turn|13
|
|t:|1760340286
|switch|p2a: Toxapex|Toxapex, M|83/100
|move|p1a: Pecharunt|Parting Shot|p2a: Toxapex
|-unboost|p2a: Toxapex|atk|1
|-unboost|p2a: Toxapex|spa|1
|inactive|henry151th has 120 seconds left.
|
|t:|1760340305
|switch|p1a: Excadrill|Excadrill, F|100/100|[from] Parting Shot
|
|-heal|p2a: Toxapex|89/100|[from] item: Leftovers
|upkeep
|turn|14
|l| AbrarS
|
|t:|1760340325
|switch|p1a: Keldeo|Keldeo-Resolute|100/100
|switch|p2a: Corviknight|Corviknight, M|100/100
|-ability|p2a: Corviknight|Pressure
|
|upkeep
|turn|15
|
|t:|1760340331
|switch|p1a: Excadrill|Excadrill, F|100/100
|switch|p2a: Toxapex|Toxapex, M|100/100
|
|upkeep
|turn|16
|
|t:|1760340334
|switch|p1a: Keldeo|Keldeo-Resolute|100/100
|switch|p2a: Corviknight|Corviknight, M|100/100
|-ability|p2a: Corviknight|Pressure
|
|upkeep
|turn|17
|
|t:|1760340336
|switch|p1a: Tyranitar|Tyranitar, F|100/100
|-weather|Sandstorm|[from] ability: Sand Stream|[of] p1a: Tyranitar
|switch|p2a: Toxapex|Toxapex, M|100/100
|
|-weather|Sandstorm|[upkeep]
|-damage|p2a: Toxapex|94/100|[from] Sandstorm
|-heal|p2a: Toxapex|100/100|[from] item: Leftovers
|upkeep
|turn|18
|inactive|henry151th has 120 seconds left.
|
|t:|1760340384
|switch|p1a: Excadrill|Excadrill, F|100/100
|switch|p2a: Weezing|Weezing-Galar, F|100/100
|-ability|p2a: Weezing|Neutralizing Gas
|
|-weather|Sandstorm|[upkeep]
|-damage|p2a: Weezing|95/100|[from] Sandstorm
|upkeep
|turn|19
|
|t:|1760340399
|switch|p1a: Tyranitar|Tyranitar, F|100/100
|-end|p2a: Weezing|ability: Neutralizing Gas
|switch|p2a: Corviknight|Corviknight, M|100/100
|-ability|p2a: Corviknight|Pressure
|
|-weather|Sandstorm|[upkeep]
|upkeep
|turn|20
|l| ggmufc
|j| burger with pickle
|inactive|henry151th has 90 seconds left.
|
|t:|1760340440
|move|p2a: Corviknight|Body Press|p1a: Tyranitar
|-supereffective|p1a: Tyranitar
|-damage|p1a: Tyranitar|15/100
|move|p1a: Tyranitar|Stealth Rock|p2a: Corviknight
|-sidestart|p2: scorpion257|move: Stealth Rock
|
|-weather|Sandstorm|[upkeep]
|upkeep
|turn|21
|
|t:|1760340446
|switch|p1a: Pecharunt|Pecharunt|100/100
|move|p2a: Corviknight|Defog|p1a: Pecharunt
|-unboost|p1a: Pecharunt|evasion|1
|-sideend|p2: scorpion257|Stealth Rock|[from] move: Defog|[of] p2a: Corviknight
|
|-weather|Sandstorm|[upkeep]
|-damage|p1a: Pecharunt|94/100|[from] Sandstorm
|upkeep
|turn|22
|
|t:|1760340452
|switch|p2a: Blissey|Blissey, F|100/100
|move|p1a: Pecharunt|Parting Shot|p2a: Blissey
|-unboost|p2a: Blissey|atk|1
|-unboost|p2a: Blissey|spa|1
|inactive|henry151th has 90 seconds left.
|
|t:|1760340460
|switch|p1a: Tyranitar|Tyranitar, F|15/100|[from] Parting Shot
|
|-weather|Sandstorm|[upkeep]
|-damage|p2a: Blissey|94/100|[from] Sandstorm
|-heal|p2a: Blissey|100/100|[from] item: Leftovers
|upkeep
|turn|23
|
|t:|1760340463
|switch|p2a: Corviknight|Corviknight, M|100/100
|-ability|p2a: Corviknight|Pressure
|move|p1a: Tyranitar|Stealth Rock|p2a: Corviknight
|-sidestart|p2: scorpion257|move: Stealth Rock
|
|-weather|Sandstorm|[upkeep]
|upkeep
|turn|24
|
|t:|1760340468
|move|p2a: Corviknight|Defog|p1a: Tyranitar
|-unboost|p1a: Tyranitar|evasion|1
|-sideend|p2: scorpion257|Stealth Rock|[from] move: Defog|[of] p2a: Corviknight
|move|p1a: Tyranitar|Stealth Rock|p2a: Corviknight
|-sidestart|p2: scorpion257|move: Stealth Rock
|
|-weather|none
|upkeep
|turn|25
|j| NilsBoy
|
|t:|1760340476
|switch|p1a: Keldeo|Keldeo-Resolute|100/100
|move|p2a: Corviknight|Defog|p1a: Keldeo
|-unboost|p1a: Keldeo|evasion|1
|-sideend|p2: scorpion257|Stealth Rock|[from] move: Defog|[of] p2a: Corviknight
|
|upkeep
|turn|26
|c|☆scorpion257|Does he know?
|l| NilsBoy
|
|t:|1760340485
|switch|p1a: Tyranitar|Tyranitar, F|15/100
|-weather|Sandstorm|[from] ability: Sand Stream|[of] p1a: Tyranitar
|switch|p2a: Toxapex|Toxapex, M|100/100
|
|-weather|Sandstorm|[upkeep]
|-damage|p2a: Toxapex|94/100|[from] Sandstorm
|-heal|p2a: Toxapex|100/100|[from] item: Leftovers
|upkeep
|turn|27
|inactive|henry151th has 120 seconds left.
|c| kyrie sauce|if you’re talking about your opp
|c| kyrie sauce|he doesn’t know shit
|
|t:|1760340525
|switch|p2a: Corviknight|Corviknight, M|100/100
|-ability|p2a: Corviknight|Pressure
|move|p1a: Tyranitar|Stealth Rock|p2a: Corviknight
|-sidestart|p2: scorpion257|move: Stealth Rock
|
|-weather|Sandstorm|[upkeep]
|upkeep
|turn|28
|
|t:|1760340534
|switch|p1a: Tornadus|Tornadus-Therian, M|100/100
|move|p2a: Corviknight|Defog|p1a: Tornadus
|-unboost|p1a: Tornadus|evasion|1
|-sideend|p2: scorpion257|Stealth Rock|[from] move: Defog|[of] p2a: Corviknight
|
|-weather|Sandstorm|[upkeep]
|-damage|p1a: Tornadus|94/100|[from] Sandstorm
|upkeep
|turn|29
|
|t:|1760340542
|switch|p2a: Gliscor|Gliscor, F|66/100 tox
|move|p1a: Tornadus|U-turn|p2a: Gliscor
|-resisted|p2a: Gliscor
|-damage|p2a: Gliscor|61/100 tox
|
|t:|1760340545
|switch|p1a: Garganacl|Garganacl, M|95/100|[from] U-turn
|
|-weather|Sandstorm|[upkeep]
|-heal|p2a: Gliscor|73/100 tox|[from] ability: Poison Heal
|upkeep
|turn|30
|
|t:|1760340551
|move|p2a: Gliscor|Earthquake|p1a: Garganacl
|-supereffective|p1a: Garganacl
|-damage|p1a: Garganacl|54/100
|move|p1a: Garganacl|Iron Defense|p1a: Garganacl
|-boost|p1a: Garganacl|def|2
|
|-weather|Sandstorm|[upkeep]
|-heal|p2a: Gliscor|86/100 tox|[from] ability: Poison Heal
|upkeep
|turn|31
|
|t:|1760340567
|move|p2a: Gliscor|Earthquake|p1a: Garganacl
|-supereffective|p1a: Garganacl
|-damage|p1a: Garganacl|31/100
|move|p1a: Garganacl|Salt Cure|p2a: Gliscor
|-damage|p2a: Gliscor|75/100 tox
|-start|p2a: Gliscor|Salt Cure
|
|-weather|Sandstorm|[upkeep]
|-heal|p2a: Gliscor|87/100 tox|[from] ability: Poison Heal
|-damage|p2a: Gliscor|75/100 tox|[from] Salt Cure
|upkeep
|turn|32
|
|t:|1760340574
|switch|p2a: Weezing|Weezing-Galar, F|95/100
|-ability|p2a: Weezing|Neutralizing Gas
|move|p1a: Garganacl|Recover|p1a: Garganacl
|-heal|p1a: Garganacl|81/100
|
|-weather|Sandstorm|[upkeep]
|-damage|p2a: Weezing|89/100|[from] Sandstorm
|upkeep
|turn|33
|
|t:|1760340579
|move|p2a: Weezing|Will-O-Wisp|p1a: Garganacl
|-status|p1a: Garganacl|brn
|move|p1a: Garganacl|Salt Cure|p2a: Weezing
|-crit|p2a: Weezing
|-damage|p2a: Weezing|82/100
|-start|p2a: Weezing|Salt Cure
|
|-weather|none
|-damage|p1a: Garganacl|75/100 brn|[from] brn
|-damage|p2a: Weezing|70/100|[from] Salt Cure
|upkeep
|turn|34
|
|t:|1760340609
|-end|p2a: Weezing|ability: Neutralizing Gas
|switch|p2a: Toxapex|Toxapex, M|100/100
|move|p1a: Garganacl|Salt Cure|p2a: Toxapex
|-damage|p2a: Toxapex|95/100
|-start|p2a: Toxapex|Salt Cure
|
|-heal|p2a: Toxapex|100/100|[from] item: Leftovers
|-damage|p1a: Garganacl|69/100 brn|[from] brn
|-damage|p2a: Toxapex|75/100|[from] Salt Cure
|upkeep
|turn|35
|
|t:|1760340616
|move|p2a: Toxapex|Haze|p2a: Toxapex
|-clearallboost
|move|p1a: Garganacl|Body Press|p2a: Toxapex
|-resisted|p2a: Toxapex
|-damage|p2a: Toxapex|71/100
|
|-heal|p2a: Toxapex|77/100|[from] item: Leftovers
|-damage|p1a: Garganacl|63/100 brn|[from] brn
|-damage|p2a: Toxapex|52/100|[from] Salt Cure
|upkeep
|turn|36
|j| Narwhale37
|-message|henry151th forfeited.
|
|win|scorpion257
|raw|henry151th's rating: 1657 &rarr; <strong>1640</strong><br />(-17 for losing)
|raw|scorpion257's rating: 1708 &rarr; <strong>1725</strong><br />(+17 for winning)
|c|☆scorpion257|GGs
|l| kyrie sauce
|l| Narwhale37
|c|☆scorpion257|Well played or something
|l| burger with pickle
|l| CloudyEJ
|j| Narwhale37
|j| ggmufc
|l| Offset Product
|l| Narwhale37
|j| Dozkek
|l| Dozkek
