|j|☆patee aux croutes
|j|☆ImNotSureAnymore
|t:|1760339394
|gametype|singles
|player|p1|patee aux croutes|102|1094
|player|p2|ImNotSureAnymore|aromalady|1071
|gen|9
|tier|[Gen 9] OU
|rated|
|rule|HP Percentage Mod: HP is shown in percentages
|rule|Endless Battle Clause: Forcing endless battles is banned
|rule|Species Clause: Limit one of each Pokémon
|rule|OHKO Clause: OHKO moves are banned
|rule|Evasion Items Clause: Evasion items are banned
|rule|Evasion Moves Clause: Evasion moves are banned
|rule|Evasion Abilities Clause: Evasion abilities are banned
|rule|Sleep Moves Clause: Sleep-inducing moves are banned
|clearpoke
|poke|p1|Torterra, M|
|poke|p1|Blaziken, F|
|poke|p1|Garganacl, F|
|poke|p1|Polteageist-Antique|
|poke|p1|Cloyster, F|
|poke|p1|Excadrill, F|
|poke|p2|Alomomola, M|
|poke|p2|Crocalor, M|
|poke|p2|Altaria, F|
|poke|p2|Klefki, M|
|poke|p2|Goodra-Hisui, M|
|poke|p2|Lurantis, F|
|teampreview
|inactive|Battle timer is ON: inactive players will automatically lose when time's up. (requested by ImNotSureAnymore)
|
|t:|1760339408
|teamsize|p1|6
|teamsize|p2|6
|start
|switch|p1a: Garganacl|Garganacl, F|100/100
|switch|p2a: Klefki|Klefki, M|100/100
|turn|1
|
|t:|1760339413
|move|p2a: Klefki|Switcheroo|p1a: Garganacl
|-activate|p2a: Klefki|move: Trick|[of] p1a: Garganacl
|-item|p1a: Garganacl|Choice Scarf|[from] move: Switcheroo
|-item|p2a: Klefki|Leftovers|[from] move: Switcheroo
|move|p1a: Garganacl|Salt Cure|p2a: Klefki
|-resisted|p2a: Klefki
|-damage|p2a: Klefki|92/100
|-start|p2a: Klefki|Salt Cure
|
|-heal|p2a: Klefki|98/100|[from] item: Leftovers
|-damage|p2a: Klefki|73/100|[from] Salt Cure
|upkeep
|turn|2
|
|t:|1760339422
|switch|p2a: Lurantis|Lurantis, F|100/100
|move|p1a: Garganacl|Salt Cure|p2a: Lurantis
|-damage|p2a: Lurantis|89/100
|-start|p2a: Lurantis|Salt Cure
|
|-heal|p2a: Lurantis|95/100|[from] item: Leftovers
|-damage|p2a: Lurantis|83/100|[from] Salt Cure
|upkeep
|turn|3
|
|t:|1760339432
|switch|p1a: Blaziken|Blaziken, F|100/100
|-item|p1a: Blaziken|Air Balloon
|move|p2a: Lurantis|Superpower|p1a: Blaziken
|-damage|p1a: Blaziken|48/100
|-boost|p2a: Lurantis|atk|1
|-boost|p2a: Lurantis|def|1
|-enditem|p1a: Blaziken|Air Balloon
|
|-heal|p2a: Lurantis|89/100|[from] item: Leftovers
|-damage|p2a: Lurantis|77/100|[from] Salt Cure
|upkeep
|turn|4
|
|t:|1760339456
|switch|p2a: Alomomola|Alomomola, M|100/100
|move|p1a: Blaziken|Blaze Kick|p2a: Alomomola
|-resisted|p2a: Alomomola
|-damage|p2a: Alomomola|88/100
|-status|p2a: Alomomola|brn
|
|-heal|p2a: Alomomola|94/100 brn|[from] item: Leftovers
|-damage|p2a: Alomomola|88/100 brn|[from] brn
|-ability|p1a: Blaziken|Speed Boost|boost
|-boost|p1a: Blaziken|spe|1
|upkeep
|turn|5
|
|t:|1760339460
|move|p1a: Blaziken|Thunder Punch|p2a: Alomomola
|-supereffective|p2a: Alomomola
|-damage|p2a: Alomomola|60/100 brn
|move|p2a: Alomomola|Flip Turn|p1a: Blaziken
|-supereffective|p1a: Blaziken
|-damage|p1a: Blaziken|23/100
|
|t:|1760339464
|switch|p2a: Goodra|Goodra-Hisui, M|100/100|[from] Flip Turn
|
|-ability|p1a: Blaziken|Speed Boost|boost
|-boost|p1a: Blaziken|spe|1
|upkeep
|turn|6
|
|t:|1760339466
|switch|p2a: Alomomola|Alomomola, M|94/100 brn
|move|p1a: Blaziken|Blaze Kick|p2a: Alomomola
|-resisted|p2a: Alomomola
|-damage|p2a: Alomomola|81/100 brn
|
|-heal|p2a: Alomomola|87/100 brn|[from] item: Leftovers
|-damage|p2a: Alomomola|81/100 brn|[from] brn
|-ability|p1a: Blaziken|Speed Boost|boost
|-boost|p1a: Blaziken|spe|1
|upkeep
|turn|7
|
|t:|1760339469
|move|p1a: Blaziken|Thunder Punch|p2a: Alomomola
|-supereffective|p2a: Alomomola
|-damage|p2a: Alomomola|50/100 brn
|move|p2a: Alomomola|Flip Turn|p1a: Blaziken
|-supereffective|p1a: Blaziken
|-damage|p1a: Blaziken|0 fnt
|faint|p1a: Blaziken
|
|t:|1760339473
|switch|p2a: Lurantis|Lurantis, F|77/100|[from] Flip Turn
|
|-heal|p2a: Lurantis|83/100|[from] item: Leftovers
|upkeep
|
|t:|1760339476
|switch|p1a: Cloyster|Cloyster, F|100/100
|turn|8
|
|t:|1760339483
|switch|p2a: Crocalor|Crocalor, M|100/100
|move|p1a: Cloyster|Icicle Spear|p2a: Crocalor
|-resisted|p2a: Crocalor
|-damage|p2a: Crocalor|96/100
|-resisted|p2a: Crocalor
|-damage|p2a: Crocalor|91/100
|-resisted|p2a: Crocalor
|-damage|p2a: Crocalor|86/100
|-resisted|p2a: Crocalor
|-damage|p2a: Crocalor|82/100
|-resisted|p2a: Crocalor
|-damage|p2a: Crocalor|77/100
|-hitcount|p2a: Crocalor|5
|
|upkeep
|turn|9
|
|t:|1760339495
|-terastallize|p2a: Crocalor|Water
|move|p1a: Cloyster|Rock Blast|p2a: Crocalor
|-damage|p2a: Crocalor|71/100
|-damage|p2a: Crocalor|65/100
|-damage|p2a: Crocalor|59/100
|-damage|p2a: Crocalor|53/100
|-damage|p2a: Crocalor|47/100
|-hitcount|p2a: Crocalor|5
|move|p2a: Crocalor|Will-O-Wisp|p1a: Cloyster
|-status|p1a: Cloyster|brn
|
|-damage|p1a: Cloyster|94/100 brn|[from] brn
|upkeep
|turn|10
|
|t:|1760339505
|move|p1a: Cloyster|Drill Run|p2a: Crocalor
|-damage|p2a: Crocalor|37/100
|move|p2a: Crocalor|Slack Off|p2a: Crocalor
|-heal|p2a: Crocalor|87/100
|
|-damage|p1a: Cloyster|88/100 brn|[from] brn
|upkeep
|turn|11
|
|t:|1760339512
|move|p1a: Cloyster|Shell Smash|p1a: Cloyster
|-unboost|p1a: Cloyster|def|1
|-unboost|p1a: Cloyster|spd|1
|-boost|p1a: Cloyster|atk|2
|-boost|p1a: Cloyster|spa|2
|-boost|p1a: Cloyster|spe|2
|move|p2a: Crocalor|Flamethrower|p1a: Cloyster
|-damage|p1a: Cloyster|12/100 brn
|
|-damage|p1a: Cloyster|5/100 brn|[from] brn
|upkeep
|turn|12
|
|t:|1760339521
|move|p1a: Cloyster|Icicle Spear|p2a: Crocalor
|-resisted|p2a: Crocalor
|-damage|p2a: Crocalor|84/100
|-resisted|p2a: Crocalor
|-damage|p2a: Crocalor|82/100
|-resisted|p2a: Crocalor
|-damage|p2a: Crocalor|80/100
|-resisted|p2a: Crocalor
|-damage|p2a: Crocalor|78/100
|-resisted|p2a: Crocalor
|-damage|p2a: Crocalor|75/100
|-hitcount|p2a: Crocalor|5
|move|p2a: Crocalor|Slack Off|p2a: Crocalor
|-heal|p2a: Crocalor|100/100
|
|-damage|p1a: Cloyster|0 fnt|[from] brn
|faint|p1a: Cloyster
|upkeep
|
|t:|1760339527
|switch|p1a: Torterra|Torterra, M|100/100
|turn|13
|
|t:|1760339534
|switch|p2a: Lurantis|Lurantis, F|83/100
|-terastallize|p1a: Torterra|Fairy
|move|p1a: Torterra|Shell Smash|p1a: Torterra
|-unboost|p1a: Torterra|def|1
|-unboost|p1a: Torterra|spd|1
|-boost|p1a: Torterra|atk|2
|-boost|p1a: Torterra|spa|2
|-boost|p1a: Torterra|spe|2
|-enditem|p1a: Torterra|White Herb
|-clearnegativeboost|p1a: Torterra|[silent]
|
|-heal|p2a: Lurantis|89/100|[from] item: Leftovers
|upkeep
|turn|14
|
|t:|1760339552
|switch|p2a: Altaria|Altaria, F|100/100
|move|p1a: Torterra|Earthquake|p2a: Altaria
|-immune|p2a: Altaria
|
|upkeep
|turn|15
|
|t:|1760339555
|move|p1a: Torterra|Rock Blast|p2a: Altaria
|-supereffective|p2a: Altaria
|-damage|p2a: Altaria|76/100
|-supereffective|p2a: Altaria
|-damage|p2a: Altaria|52/100
|-hitcount|p2a: Altaria|2
|move|p2a: Altaria|Will-O-Wisp|p1a: Torterra
|-status|p1a: Torterra|brn
|
|-heal|p2a: Altaria|58/100|[from] item: Leftovers
|-damage|p1a: Torterra|94/100 brn|[from] brn
|upkeep
|turn|16
|l|☆patee aux croutes
|inactive|patee aux croutes disconnected and has a minute to reconnect!
|player|p1|
|
|t:|1760339565
|switch|p2a: Lurantis|Lurantis, F|89/100
|move|p1a: Torterra|Rock Blast|p2a: Lurantis
|-damage|p2a: Lurantis|82/100
|-damage|p2a: Lurantis|76/100
|-hitcount|p2a: Lurantis|2
|
|-heal|p2a: Lurantis|82/100|[from] item: Leftovers
|-damage|p1a: Torterra|88/100 brn|[from] brn
|upkeep
|turn|17
|inactive|patee aux croutes has 30 seconds to reconnect!
|inactive|patee aux croutes has 20 seconds to reconnect!
|inactive|patee aux croutes has 15 seconds to reconnect!
|inactive|patee aux croutes has 10 seconds to reconnect!
|inactive|patee aux croutes has 5 seconds to reconnect!
|-message|patee aux croutes lost due to inactivity.
|
|win|ImNotSureAnymore
|raw|patee aux croutes's rating: 1094 &rarr; <strong>1068</strong><br />(-26 for losing)
|raw|ImNotSureAnymore's rating: 1071 &rarr; <strong>1102</strong><br />(+31 for winning)
|l|☆ImNotSureAnymore
|player|p2|
