|j|☆theMaza21
|j|☆OdinGX
|t:|1760390263
|gametype|singles
|player|p1|theMaza21|cynthia-gen4|1154
|player|p2|OdinGX|will|1116
|gen|9
|tier|[Gen 9] OU
|rated|
|rule|HP Percentage Mod: HP is shown in percentages
|rule|Endless Battle Clause: Forcing endless battles is banned
|rule|Species Clause: Limit one of each Pokémon
|rule|OHKO Clause: OHKO moves are banned
|rule|Evasion Items Clause: Evasion items are banned
|rule|Evasion Moves Clause: Evasion moves are banned
|rule|Evasion Abilities Clause: Evasion abilities are banned
|rule|Sleep Moves Clause: Sleep-inducing moves are banned
|clearpoke
|poke|p1|Dondozo, F|
|poke|p1|Hatterene, F|
|poke|p1|Kingambit, M|
|poke|p1|Gliscor, M|
|poke|p1|Great Tusk|
|poke|p1|Garganacl, F|
|poke|p2|Espeon, F|
|poke|p2|Empoleon, F|
|poke|p2|Clefable, F|
|poke|p2|Iron Jugulis|
|poke|p2|Misdreavus, F|
|poke|p2|Zoroark-Hisui, M|
|teampreview
|inactive|Battle timer is ON: inactive players will automatically lose when time's up. (requested by OdinGX)
|
|t:|1760390274
|teamsize|p1|6
|teamsize|p2|6
|start
|switch|p1a: Hatterene|Hatterene, F|100/100
|switch|p2a: Misdreavus|Misdreavus, F, shiny|100/100
|turn|1
|
|t:|1760390302
|switch|p2a: Clefable|Clefable, F|100/100
|move|p1a: Hatterene|Light Screen|p1a: Hatterene
|-sidestart|p1: theMaza21|move: Light Screen
|
|upkeep
|turn|2
|
|t:|1760390313
|move|p2a: Clefable|Moonblast|p1a: Hatterene
|-damage|p1a: Hatterene|87/100
|move|p1a: Hatterene|Reflect|p1a: Hatterene
|-sidestart|p1: theMaza21|Reflect
|
|upkeep
|turn|3
|
|t:|1760390328
|switch|p1a: Garganacl|Garganacl, F|100/100
|move|p2a: Clefable|Moonblast|p1a: Garganacl
|-damage|p1a: Garganacl|82/100
|
|-heal|p1a: Garganacl|88/100|[from] item: Leftovers
|upkeep
|turn|4
|
|t:|1760390335
|switch|p2a: Misdreavus|Misdreavus, F, shiny|100/100
|move|p1a: Garganacl|Salt Cure|p2a: Misdreavus
|-damage|p2a: Misdreavus|83/100
|-start|p2a: Misdreavus|Salt Cure
|
|-heal|p1a: Garganacl|95/100|[from] item: Leftovers
|-damage|p2a: Misdreavus|70/100|[from] Salt Cure
|upkeep
|turn|5
|
|t:|1760390344
|move|p2a: Misdreavus|Calm Mind|p2a: Misdreavus
|-boost|p2a: Misdreavus|spa|1
|-boost|p2a: Misdreavus|spd|1
|move|p1a: Garganacl|Stealth Rock|p2a: Misdreavus
|-sidestart|p2: OdinGX|move: Stealth Rock
|
|-heal|p1a: Garganacl|100/100|[from] item: Leftovers
|-damage|p2a: Misdreavus|58/100|[from] Salt Cure
|upkeep
|turn|6
|
|t:|1760390369
|switch|p1a: Kingambit|Kingambit, M|100/100
|move|p2a: Misdreavus|Calm Mind|p2a: Misdreavus
|-boost|p2a: Misdreavus|spa|1
|-boost|p2a: Misdreavus|spd|1
|
|-damage|p2a: Misdreavus|46/100|[from] Salt Cure
|upkeep
|turn|7
|
|t:|1760390379
|move|p2a: Misdreavus|Will-O-Wisp|p1a: Kingambit
|-status|p1a: Kingambit|brn
|move|p1a: Kingambit|Substitute|p1a: Kingambit
|-start|p1a: Kingambit|Substitute
|-damage|p1a: Kingambit|76/100 brn
|
|-damage|p1a: Kingambit|70/100 brn|[from] brn
|-damage|p2a: Misdreavus|33/100|[from] Salt Cure
|upkeep
|turn|8
|
|t:|1760390388
|move|p2a: Misdreavus|Draining Kiss|p1a: Kingambit
|-activate|p1a: Kingambit|move: Substitute|[damage]
|-heal|p2a: Misdreavus|42/100|[from] drain|[of] p1a: Kingambit
|move|p1a: Kingambit|Swords Dance|p1a: Kingambit
|-boost|p1a: Kingambit|atk|2
|
|-damage|p1a: Kingambit|63/100 brn|[from] brn
|-damage|p2a: Misdreavus|30/100|[from] Salt Cure
|-sideend|p1: theMaza21|move: Light Screen
|upkeep
|turn|9
|
|t:|1760390398
|move|p2a: Misdreavus|Draining Kiss|p1a: Kingambit
|-end|p1a: Kingambit|Substitute
|-heal|p2a: Misdreavus|41/100|[from] drain|[of] p1a: Kingambit
|move|p1a: Kingambit|Swords Dance|p1a: Kingambit
|-boost|p1a: Kingambit|atk|2
|
|-damage|p1a: Kingambit|57/100 brn|[from] brn
|-damage|p2a: Misdreavus|29/100|[from] Salt Cure
|-sideend|p1: theMaza21|Reflect
|upkeep
|turn|10
|
|t:|1760390408
|move|p1a: Kingambit|Sucker Punch|p2a: Misdreavus
|-supereffective|p2a: Misdreavus
|-damage|p2a: Misdreavus|0 fnt
|faint|p2a: Misdreavus
|
|-damage|p1a: Kingambit|51/100 brn|[from] brn
|upkeep
|
|t:|1760390413
|switch|p2a: Espeon|Espeon, F|100/100
|-damage|p2a: Espeon|88/100|[from] Stealth Rock
|turn|11
|
|t:|1760390420
|move|p1a: Kingambit|Sucker Punch|p2a: Espeon
|-supereffective|p2a: Espeon
|-damage|p2a: Espeon|0 fnt
|replace|p2a: Zoroark|Zoroark-Hisui, M
|-end|p2a: Zoroark|Illusion
|faint|p2a: Zoroark
|
|-damage|p1a: Kingambit|45/100 brn|[from] brn
|upkeep
|
|t:|1760390423
|switch|p2a: Clefable|Clefable, F|100/100
|turn|12
|
|t:|1760390428
|move|p2a: Clefable|Flamethrower|p1a: Kingambit
|-supereffective|p1a: Kingambit
|-damage|p1a: Kingambit|0 fnt
|faint|p1a: Kingambit
|
|upkeep
|
|t:|1760390438
|switch|p1a: Gliscor|Gliscor, M|100/100
|turn|13
|
|t:|1760390452
|move|p1a: Gliscor|Toxic|p2a: Clefable
|-status|p2a: Clefable|tox
|move|p2a: Clefable|Stealth Rock|p1a: Gliscor
|-sidestart|p1: theMaza21|move: Stealth Rock
|
|-status|p1a: Gliscor|tox|[from] item: Toxic Orb
|upkeep
|turn|14
|
|t:|1760390458
|move|p1a: Gliscor|Knock Off|p2a: Clefable
|-resisted|p2a: Clefable
|-damage|p2a: Clefable|88/100 tox
|-enditem|p2a: Clefable|Leftovers|[from] move: Knock Off|[of] p1a: Gliscor
|move|p2a: Clefable|Moonblast|p1a: Gliscor
|-damage|p1a: Gliscor|68/100 tox
|
|-heal|p1a: Gliscor|81/100 tox|[from] ability: Poison Heal
|upkeep
|turn|15
|
|t:|1760390467
|switch|p2a: Iron Jugulis|Iron Jugulis, shiny|100/100
|-damage|p2a: Iron Jugulis|76/100|[from] Stealth Rock
|move|p1a: Gliscor|Spikes|p2a: Iron Jugulis
|-sidestart|p2: OdinGX|Spikes
|
|-heal|p1a: Gliscor|93/100 tox|[from] ability: Poison Heal
|upkeep
|turn|16
|
|t:|1760390484
|move|p2a: Iron Jugulis|Dark Pulse|p1a: Gliscor
|-damage|p1a: Gliscor|48/100 tox
|move|p1a: Gliscor|Taunt|p2a: Iron Jugulis
|-start|p2a: Iron Jugulis|move: Taunt
|
|-heal|p1a: Gliscor|61/100 tox|[from] ability: Poison Heal
|upkeep
|turn|17
|
|t:|1760390494
|move|p2a: Iron Jugulis|Dark Pulse|p1a: Gliscor
|-damage|p1a: Gliscor|19/100 tox
|move|p1a: Gliscor|Knock Off|p2a: Iron Jugulis
|-resisted|p2a: Iron Jugulis
|-damage|p2a: Iron Jugulis|63/100
|-enditem|p2a: Iron Jugulis|Choice Scarf|[from] move: Knock Off|[of] p1a: Gliscor
|
|-heal|p1a: Gliscor|32/100 tox|[from] ability: Poison Heal
|upkeep
|turn|18
|
|t:|1760390509
|move|p2a: Iron Jugulis|Dark Pulse|p1a: Gliscor
|-damage|p1a: Gliscor|0 fnt
|faint|p1a: Gliscor
|
|upkeep
|
|t:|1760390516
|switch|p1a: Great Tusk|Great Tusk|100/100
|-damage|p1a: Great Tusk|98/100|[from] Stealth Rock
|-enditem|p1a: Great Tusk|Booster Energy
|-activate|p1a: Great Tusk|ability: Protosynthesis|[fromitem]
|-start|p1a: Great Tusk|protosynthesisatk
|turn|19
|
|t:|1760390545
|move|p2a: Iron Jugulis|Hurricane|p1a: Great Tusk
|-supereffective|p1a: Great Tusk
|-damage|p1a: Great Tusk|0 fnt
|faint|p1a: Great Tusk
|-end|p1a: Great Tusk|Protosynthesis|[silent]
|
|-end|p2a: Iron Jugulis|move: Taunt
|upkeep
|
|t:|1760390553
|switch|p1a: Dondozo|Dondozo, F|100/100
|-damage|p1a: Dondozo|88/100|[from] Stealth Rock
|turn|20
|
|t:|1760390562
|-end|p2a: Iron Jugulis|Quark Drive|[silent]
|switch|p2a: Espeon|Espeon, F|100/100
|-damage|p2a: Espeon|88/100|[from] Stealth Rock
|-damage|p2a: Espeon|76/100|[from] Spikes
|move|p1a: Dondozo|Liquidation|p2a: Espeon
|-damage|p2a: Espeon|5/100
|
|upkeep
|turn|21
|
|t:|1760390570
|move|p2a: Espeon|Trick|p1a: Dondozo
|-activate|p2a: Espeon|move: Trick|[of] p1a: Dondozo
|-item|p1a: Dondozo|Choice Scarf|[from] move: Trick
|-item|p2a: Espeon|Chesto Berry|[from] move: Trick
|move|p1a: Dondozo|Liquidation|p2a: Espeon
|-damage|p2a: Espeon|0 fnt
|faint|p2a: Espeon
|
|upkeep
|
|t:|1760390575
|switch|p2a: Empoleon|Empoleon, F|100/100
|-damage|p2a: Empoleon|94/100|[from] Stealth Rock
|-damage|p2a: Empoleon|82/100|[from] Spikes
|turn|22
|
|t:|1760390580
|move|p1a: Dondozo|Liquidation|p2a: Empoleon
|-resisted|p2a: Empoleon
|-damage|p2a: Empoleon|64/100
|move|p2a: Empoleon|Grass Knot|p1a: Dondozo
|-supereffective|p1a: Dondozo
|-damage|p1a: Dondozo|0 fnt
|faint|p1a: Dondozo
|
|upkeep
|
|t:|1760390587
|switch|p1a: Hatterene|Hatterene, F|87/100
|-damage|p1a: Hatterene|75/100|[from] Stealth Rock
|turn|23
|
|t:|1760390593
|move|p2a: Empoleon|Flash Cannon|p1a: Hatterene
|-supereffective|p1a: Hatterene
|-damage|p1a: Hatterene|1/100
|move|p1a: Hatterene|Dazzling Gleam|p2a: Empoleon
|-resisted|p2a: Empoleon
|-damage|p2a: Empoleon|50/100
|
|upkeep
|turn|24
|
|t:|1760390605
|move|p2a: Empoleon|Surf|p1a: Hatterene
|-damage|p1a: Hatterene|0 fnt
|faint|p1a: Hatterene
|
|upkeep
|
|t:|1760390609
|switch|p1a: Garganacl|Garganacl, F|100/100
|-damage|p1a: Garganacl|88/100|[from] Stealth Rock
|turn|25
|
|t:|1760390614
|move|p2a: Empoleon|Surf|p1a: Garganacl
|-supereffective|p1a: Garganacl
|-damage|p1a: Garganacl|0 fnt
|faint|p1a: Garganacl
|
|win|OdinGX
|raw|theMaza21's rating: 1154 &rarr; <strong>1126</strong><br />(-28 for losing)
|raw|OdinGX's rating: 1116 &rarr; <strong>1144</strong><br />(+28 for winning)
|l|☆theMaza21
|player|p1|
|l|☆OdinGX
|player|p2|
