|j|☆Friea9zhan
|j|☆4mi powar
|t:|1760409529
|gametype|singles
|player|p1|Friea9zhan|red|1060
|player|p2|4mi powar|1|1110
|gen|9
|tier|[Gen 9] OU
|rated|
|rule|HP Percentage Mod: HP is shown in percentages
|rule|Endless Battle Clause: Forcing endless battles is banned
|rule|Species Clause: Limit one of each Pokémon
|rule|OHKO Clause: OHKO moves are banned
|rule|Evasion Items Clause: Evasion items are banned
|rule|Evasion Moves Clause: Evasion moves are banned
|rule|Evasion Abilities Clause: Evasion abilities are banned
|rule|Sleep Moves Clause: Sleep-inducing moves are banned
|clearpoke
|poke|p1|Landorus-Therian, M|
|poke|p1|Corviknight, F|
|poke|p1|Gholdengo|
|poke|p1|Raging Bolt|
|poke|p1|Darkrai|
|poke|p1|Rillaboom, M|
|poke|p2|Breloom, M|
|poke|p2|Swanna, F|
|teampreview
|inactive|Battle timer is ON: inactive players will automatically lose when time's up. (requested by 4mi powar)
|
|t:|1760409544
|teamsize|p1|6
|teamsize|p2|2
|start
|switch|p1a: Landorus|Landorus-Therian, M|100/100
|switch|p2a: Swanna|Swanna, F|100/100
|-ability|p1a: Landorus|Intimidate|boost
|-unboost|p2a: Swanna|atk|1
|turn|1
|
|t:|1760409557
|-terastallize|p2a: Swanna|Ground
|move|p1a: Landorus|Stone Edge|p2a: Swanna
|-resisted|p2a: Swanna
|-crit|p2a: Swanna
|-damage|p2a: Swanna|49/100
|move|p2a: Swanna|Aqua Ring|p2a: Swanna
|-start|p2a: Swanna|Aqua Ring
|
|-heal|p2a: Swanna|55/100|[from] item: Leftovers
|-heal|p2a: Swanna|61/100|[from] Aqua Ring
|upkeep
|turn|2
|
|t:|1760409568
|switch|p1a: Rillaboom|Rillaboom, M|100/100
|-fieldstart|move: Grassy Terrain|[from] ability: Grassy Surge|[of] p1a: Rillaboom
|move|p2a: Swanna|Rain Dance|p2a: Swanna
|-weather|RainDance
|
|-weather|RainDance|[upkeep]
|-heal|p2a: Swanna|68/100|[from] Grassy Terrain
|-heal|p2a: Swanna|74/100|[from] item: Leftovers
|-heal|p2a: Swanna|80/100|[from] Aqua Ring
|upkeep
|turn|3
|
|t:|1760409580
|switch|p2a: Breloom|Breloom, M, shiny|100/100
|move|p1a: Rillaboom|Knock Off|p2a: Breloom
|-resisted|p2a: Breloom
|-damage|p2a: Breloom|82/100
|-enditem|p2a: Breloom|Toxic Orb|[from] move: Knock Off|[of] p1a: Rillaboom
|
|-weather|RainDance|[upkeep]
|-heal|p2a: Breloom|88/100|[from] Grassy Terrain
|upkeep
|turn|4
|
|t:|1760409590
|move|p1a: Rillaboom|U-turn|p2a: Breloom
|-damage|p2a: Breloom|59/100
|
|t:|1760409593
|switch|p1a: Landorus|Landorus-Therian, M|100/100|[from] U-turn
|-ability|p1a: Landorus|Intimidate|boost
|-unboost|p2a: Breloom|atk|1
|move|p2a: Breloom|Poison Jab|p1a: Landorus
|-resisted|p1a: Landorus
|-damage|p1a: Landorus|89/100
|-status|p1a: Landorus|psn
|
|-weather|RainDance|[upkeep]
|-heal|p2a: Breloom|66/100|[from] Grassy Terrain
|-damage|p1a: Landorus|76/100 psn|[from] psn
|upkeep
|turn|5
|
|t:|1760409612
|move|p1a: Landorus|U-turn|p2a: Breloom
|-damage|p2a: Breloom|30/100
|
|t:|1760409617
|switch|p1a: Rillaboom|Rillaboom, M|100/100|[from] U-turn
|move|p2a: Breloom|Swords Dance|p2a: Breloom
|-boost|p2a: Breloom|atk|2
|
|-weather|RainDance|[upkeep]
|-heal|p2a: Breloom|36/100|[from] Grassy Terrain
|upkeep
|turn|6
|
|t:|1760409627
|move|p2a: Breloom|Mach Punch|p1a: Rillaboom
|-damage|p1a: Rillaboom|67/100
|move|p1a: Rillaboom|U-turn|p2a: Breloom
|-damage|p2a: Breloom|8/100
|
|t:|1760409633
|switch|p1a: Landorus|Landorus-Therian, M|76/100 psn|[from] U-turn
|-ability|p1a: Landorus|Intimidate|boost
|-unboost|p2a: Breloom|atk|1
|
|-weather|none
|-heal|p2a: Breloom|14/100|[from] Grassy Terrain
|-damage|p1a: Landorus|64/100 psn|[from] psn
|-fieldend|move: Grassy Terrain
|upkeep
|turn|7
|
|t:|1760409645
|move|p2a: Breloom|Mach Punch|p1a: Landorus
|-resisted|p1a: Landorus
|-damage|p1a: Landorus|49/100 psn
|move|p1a: Landorus|U-turn|p2a: Breloom
|-damage|p2a: Breloom|0 fnt
|faint|p2a: Breloom
|
|t:|1760409652
|switch|p1a: Rillaboom|Rillaboom, M|67/100|[from] U-turn
|-fieldstart|move: Grassy Terrain|[from] ability: Grassy Surge|[of] p1a: Rillaboom
|
|-heal|p1a: Rillaboom|73/100|[from] Grassy Terrain
|upkeep
|
|t:|1760409658
|switch|p2a: Swanna|Swanna, F, tera:Ground|80/100
|turn|8
|
|t:|1760409662
|move|p1a: Rillaboom|Grassy Glide|p2a: Swanna
|-supereffective|p2a: Swanna
|-damage|p2a: Swanna|0 fnt
|faint|p2a: Swanna
|
|win|Friea9zhan
|raw|Friea9zhan's rating: 1060 &rarr; <strong>1095</strong><br />(+35 for winning)
|raw|4mi powar's rating: 1110 &rarr; <strong>1081</strong><br />(-29 for losing)
|l|☆4mi powar
|player|p2|
|l|☆Friea9zhan
|player|p1|
