|j|☆LonelySxNner
|j|☆Buhf Luxray
|t:|1760345726
|gametype|singles
|player|p1|LonelySxNner|picnicker|1428
|player|p2|Buhf Luxray|policeman-gen4|1395
|gen|9
|tier|[Gen 9] OU
|rated|
|rule|HP Percentage Mod: HP is shown in percentages
|rule|Endless Battle Clause: Forcing endless battles is banned
|rule|Species Clause: Limit one of each Pokémon
|rule|OHKO Clause: OHKO moves are banned
|rule|Evasion Items Clause: Evasion items are banned
|rule|Evasion Moves Clause: Evasion moves are banned
|rule|Evasion Abilities Clause: Evasion abilities are banned
|rule|Sleep Moves Clause: Sleep-inducing moves are banned
|clearpoke
|poke|p1|Meloetta|
|poke|p1|Volcanion|
|poke|p1|Ceruledge, M|
|poke|p1|Grimmsnarl, M|
|poke|p1|Zoroark-Hisui, M|
|poke|p1|Slither Wing|
|poke|p2|Ninetales-Alola, M|
|poke|p2|Iron Valiant|
|poke|p2|Ogerpon-Wellspring, F|
|poke|p2|Great Tusk|
|poke|p2|Iron Boulder|
|poke|p2|Iron Moth|
|teampreview
|
|t:|1760345745
|teamsize|p1|6
|teamsize|p2|6
|start
|switch|p1a: Grimmsnarl|Grimmsnarl, M|100/100
|switch|p2a: Ninetales|Ninetales-Alola, M, shiny|100/100
|-weather|Snowscape|[from] ability: Snow Warning|[of] p2a: Ninetales
|turn|1
|
|t:|1760345767
|move|p1a: Grimmsnarl|Light Screen|p1a: Grimmsnarl
|-sidestart|p1: LonelySxNner|move: Light Screen
|move|p2a: Ninetales|Aurora Veil|p2a: Ninetales
|-sidestart|p2: Buhf Luxray|move: Aurora Veil
|
|-weather|Snowscape|[upkeep]
|upkeep
|turn|2
|
|t:|1760345772
|move|p1a: Grimmsnarl|Reflect|p1a: Grimmsnarl
|-sidestart|p1: LonelySxNner|Reflect
|move|p2a: Ninetales|Encore|p1a: Grimmsnarl
|-start|p1a: Grimmsnarl|Encore
|
|-weather|Snowscape|[upkeep]
|upkeep
|turn|3
|
|t:|1760345781
|switch|p1a: Volcanion|Volcanion|100/100
|move|p2a: Ninetales|Moonblast|p1a: Volcanion
|-resisted|p1a: Volcanion
|-damage|p1a: Volcanion|94/100
|
|-weather|Snowscape|[upkeep]
|-heal|p1a: Volcanion|99/100|[from] item: Leftovers
|upkeep
|turn|4
|inactive|Battle timer is ON: inactive players will automatically lose when time's up. (requested by LonelySxNner)
|
|t:|1760345807
|switch|p2a: Ogerpon|Ogerpon-Wellspring, F|100/100
|move|p1a: Volcanion|Sludge Wave|p2a: Ogerpon
|-supereffective|p2a: Ogerpon
|-damage|p2a: Ogerpon|58/100
|-status|p2a: Ogerpon|psn
|
|-weather|Snowscape|[upkeep]
|-heal|p1a: Volcanion|100/100|[from] item: Leftovers
|-damage|p2a: Ogerpon|46/100 psn|[from] psn
|upkeep
|turn|5
|
|t:|1760345818
|move|p2a: Ogerpon|Swords Dance|p2a: Ogerpon
|-boost|p2a: Ogerpon|atk|2
|move|p1a: Volcanion|Sludge Wave|p2a: Ogerpon
|-supereffective|p2a: Ogerpon
|-damage|p2a: Ogerpon|2/100 psn
|
|-weather|none
|-damage|p2a: Ogerpon|0 fnt|[from] psn
|faint|p2a: Ogerpon
|upkeep
|
|t:|1760345832
|switch|p2a: Iron Boulder|Iron Boulder|100/100
|-enditem|p2a: Iron Boulder|Booster Energy
|-activate|p2a: Iron Boulder|ability: Quark Drive|[fromitem]
|-start|p2a: Iron Boulder|quarkdrivespe
|turn|6
|
|t:|1760345840
|move|p2a: Iron Boulder|Swords Dance|p2a: Iron Boulder
|-boost|p2a: Iron Boulder|atk|2
|move|p1a: Volcanion|Steam Eruption|p2a: Iron Boulder
|-supereffective|p2a: Iron Boulder
|-damage|p2a: Iron Boulder|35/100
|
|upkeep
|turn|7
|
|t:|1760345851
|move|p2a: Iron Boulder|Mighty Cleave|p1a: Volcanion
|-supereffective|p1a: Volcanion
|-damage|p1a: Volcanion|20/100
|move|p1a: Volcanion|Steam Eruption|p2a: Iron Boulder
|-supereffective|p2a: Iron Boulder
|-damage|p2a: Iron Boulder|0 fnt
|faint|p2a: Iron Boulder
|-end|p2a: Iron Boulder|Quark Drive|[silent]
|
|-heal|p1a: Volcanion|26/100|[from] item: Leftovers
|upkeep
|
|t:|1760345866
|switch|p2a: Iron Moth|Iron Moth|100/100
|-enditem|p2a: Iron Moth|Booster Energy
|-activate|p2a: Iron Moth|ability: Quark Drive|[fromitem]
|-start|p2a: Iron Moth|quarkdrivespa
|turn|8
|
|t:|1760345877
|-terastallize|p2a: Iron Moth|Flying
|move|p2a: Iron Moth|Agility|p2a: Iron Moth
|-boost|p2a: Iron Moth|spe|2
|move|p1a: Volcanion|Steam Eruption|p2a: Iron Moth
|-damage|p2a: Iron Moth|70/100
|-status|p2a: Iron Moth|brn
|
|-heal|p1a: Volcanion|32/100|[from] item: Leftovers
|-damage|p2a: Iron Moth|64/100 brn|[from] brn
|-sideend|p1: LonelySxNner|move: Light Screen
|-sideend|p2: Buhf Luxray|move: Aurora Veil
|upkeep
|turn|9
|
|t:|1760345898
|move|p2a: Iron Moth|Sludge Wave|p1a: Volcanion
|-damage|p1a: Volcanion|0 fnt
|faint|p1a: Volcanion
|
|-damage|p2a: Iron Moth|58/100 brn|[from] brn
|-sideend|p1: LonelySxNner|Reflect
|upkeep
|
|t:|1760345908
|switch|p1a: Grimmsnarl|Grimmsnarl, M|100/100
|turn|10
|
|t:|1760345912
|move|p1a: Grimmsnarl|Light Screen|p1a: Grimmsnarl
|-sidestart|p1: LonelySxNner|move: Light Screen
|move|p2a: Iron Moth|Fiery Dance|p1a: Grimmsnarl
|-damage|p1a: Grimmsnarl|73/100
|
|-damage|p2a: Iron Moth|52/100 brn|[from] brn
|upkeep
|turn|11
|
|t:|1760345915
|move|p1a: Grimmsnarl|Parting Shot|p2a: Iron Moth
|-unboost|p2a: Iron Moth|atk|1
|-unboost|p2a: Iron Moth|spa|1
|
|t:|1760345918
|switch|p1a: Ceruledge|Ceruledge, M|100/100|[from] Parting Shot
|move|p2a: Iron Moth|Fiery Dance|p1a: Ceruledge
|-resisted|p1a: Ceruledge
|-damage|p1a: Ceruledge|88/100
|-boost|p2a: Iron Moth|spa|1
|
|-damage|p2a: Iron Moth|46/100 brn|[from] brn
|upkeep
|turn|12
|
|t:|1760345931
|move|p2a: Iron Moth|Fiery Dance|p1a: Ceruledge
|-resisted|p1a: Ceruledge
|-damage|p1a: Ceruledge|69/100
|-boost|p2a: Iron Moth|spa|1
|move|p1a: Ceruledge|Iron Defense|p1a: Ceruledge
|-boost|p1a: Ceruledge|def|2
|
|-damage|p2a: Iron Moth|40/100 brn|[from] brn
|upkeep
|turn|13
|
|t:|1760345940
|move|p2a: Iron Moth|Hurricane|p1a: Ceruledge
|-damage|p1a: Ceruledge|0 fnt
|faint|p1a: Ceruledge
|
|-damage|p2a: Iron Moth|34/100 brn|[from] brn
|upkeep
|
|t:|1760345945
|switch|p1a: Best girl|Meloetta, shiny|100/100
|turn|14
|
|t:|1760345949
|move|p2a: Iron Moth|Fiery Dance|p1a: Best girl
|-damage|p1a: Best girl|64/100
|move|p1a: Best girl|Relic Song|p2a: Iron Moth
|-damage|p2a: Iron Moth|0 fnt
|faint|p2a: Iron Moth
|-end|p2a: Iron Moth|Quark Drive|[silent]
|-formechange|p1a: Best girl|Meloetta-Pirouette|[msg]
|-enditem|p1a: Best girl|Throat Spray
|-boost|p1a: Best girl|spa|1|[from] item: Throat Spray
|
|upkeep
|
|t:|1760345959
|switch|p2a: Iron Valiant|Iron Valiant, shiny|100/100
|-enditem|p2a: Iron Valiant|Booster Energy
|-activate|p2a: Iron Valiant|ability: Quark Drive|[fromitem]
|-start|p2a: Iron Valiant|quarkdrivespe
|turn|15
|
|t:|1760345971
|move|p2a: Iron Valiant|Close Combat|p1a: Best girl
|-supereffective|p1a: Best girl
|-damage|p1a: Best girl|0 fnt
|-unboost|p2a: Iron Valiant|def|1
|-unboost|p2a: Iron Valiant|spd|1
|faint|p1a: Best girl
|
|upkeep
|
|t:|1760345976
|switch|p1a: Slither Wing|Slither Wing|100/100
|turn|16
|
|t:|1760345982
|-end|p2a: Iron Valiant|Quark Drive|[silent]
|switch|p2a: Ninetales|Ninetales-Alola, M, shiny|100/100
|-weather|Snowscape|[from] ability: Snow Warning|[of] p2a: Ninetales
|move|p1a: Slither Wing|Hyper Voice|p2a: Ninetales
|-damage|p2a: Ninetales|49/100
|
|-weather|Snowscape|[upkeep]
|upkeep
|turn|17
|
|t:|1760345988
|move|p1a: Slither Wing|Hyper Voice|p2a: Ninetales
|-damage|p2a: Ninetales|3/100
|move|p2a: Ninetales|Aurora Veil|p2a: Ninetales
|-sidestart|p2: Buhf Luxray|move: Aurora Veil
|
|-weather|Snowscape|[upkeep]
|-sideend|p1: LonelySxNner|move: Light Screen
|upkeep
|turn|18
|
|t:|1760345992
|switch|p1a: Grimmsnarl|Grimmsnarl, M|73/100
|move|p2a: Ninetales|Moonblast|p1a: Grimmsnarl
|-supereffective|p1a: Grimmsnarl
|-damage|p1a: Grimmsnarl|24/100
|
|-weather|Snowscape|[upkeep]
|upkeep
|turn|19
|
|t:|1760345995
|move|p1a: Grimmsnarl|Reflect|p1a: Grimmsnarl
|-sidestart|p1: LonelySxNner|Reflect
|move|p2a: Ninetales|Moonblast|p1a: Grimmsnarl
|-supereffective|p1a: Grimmsnarl
|-damage|p1a: Grimmsnarl|0 fnt
|faint|p1a: Grimmsnarl
|
|-weather|Snowscape|[upkeep]
|upkeep
|
|t:|1760346013
|switch|p1a: Slither Wing|Slither Wing|100/100
|turn|20
|
|t:|1760346032
|switch|p2a: Great Tusk|Great Tusk, shiny|100/100
|-enditem|p2a: Great Tusk|Booster Energy
|-activate|p2a: Great Tusk|ability: Protosynthesis|[fromitem]
|-start|p2a: Great Tusk|protosynthesisspe
|move|p1a: Slither Wing|Hyper Voice|p2a: Great Tusk
|-damage|p2a: Great Tusk|70/100
|
|-weather|none
|upkeep
|turn|21
|
|t:|1760346043
|move|p1a: Slither Wing|Hyper Voice|p2a: Great Tusk
|-damage|p2a: Great Tusk|36/100
|move|p2a: Great Tusk|Headlong Rush|p1a: Slither Wing
|-damage|p1a: Slither Wing|44/100
|-unboost|p2a: Great Tusk|def|1
|-unboost|p2a: Great Tusk|spd|1
|replace|p1a: Zoroark|Zoroark-Hisui, M
|-end|p1a: Zoroark|Illusion
|
|upkeep
|turn|22
|
|t:|1760346051
|move|p1a: Zoroark|Hyper Voice|p2a: Great Tusk
|-damage|p2a: Great Tusk|0 fnt
|faint|p2a: Great Tusk
|-end|p2a: Great Tusk|Protosynthesis|[silent]
|
|upkeep
|
|t:|1760346058
|switch|p2a: Iron Valiant|Iron Valiant, shiny|100/100
|turn|23
|
|t:|1760346062
|move|p1a: Zoroark|Hyper Voice|p2a: Iron Valiant
|-damage|p2a: Iron Valiant|52/100
|move|p2a: Iron Valiant|Knock Off|p1a: Zoroark
|-supereffective|p1a: Zoroark
|-damage|p1a: Zoroark|0 fnt
|-enditem|p1a: Zoroark|Choice Scarf|[from] move: Knock Off|[of] p2a: Iron Valiant
|faint|p1a: Zoroark
|
|upkeep
|
|t:|1760346065
|switch|p1a: Slither Wing|Slither Wing|100/100
|-enditem|p1a: Slither Wing|Booster Energy
|-activate|p1a: Slither Wing|ability: Protosynthesis|[fromitem]
|-start|p1a: Slither Wing|protosynthesisatk
|turn|24
|
|t:|1760346079
|-terastallize|p1a: Slither Wing|Fire
|move|p2a: Iron Valiant|Moonblast|p1a: Slither Wing
|-resisted|p1a: Slither Wing
|-damage|p1a: Slither Wing|81/100
|-unboost|p1a: Slither Wing|spa|1
|move|p1a: Slither Wing|Flame Charge|p2a: Iron Valiant
|-damage|p2a: Iron Valiant|23/100
|-boost|p1a: Slither Wing|spe|1
|
|-sideend|p2: Buhf Luxray|move: Aurora Veil
|upkeep
|turn|25
|
|t:|1760346091
|move|p1a: Slither Wing|Flame Charge|p2a: Iron Valiant
|-damage|p2a: Iron Valiant|0 fnt
|-boost|p1a: Slither Wing|spe|1
|faint|p2a: Iron Valiant
|-end|p2a: Iron Valiant|Quark Drive|[silent]
|
|upkeep
|
|t:|1760346094
|switch|p2a: Ninetales|Ninetales-Alola, M, shiny|3/100
|-weather|Snowscape|[from] ability: Snow Warning|[of] p2a: Ninetales
|turn|26
|
|t:|1760346098
|move|p1a: Slither Wing|Flame Charge|p2a: Ninetales
|-supereffective|p2a: Ninetales
|-damage|p2a: Ninetales|0 fnt
|-boost|p1a: Slither Wing|spe|1
|faint|p2a: Ninetales
|
|win|LonelySxNner
|raw|LonelySxNner's rating: 1428 &rarr; <strong>1446</strong><br />(+18 for winning)
|raw|Buhf Luxray's rating: 1395 &rarr; <strong>1377</strong><br />(-18 for losing)
|l|☆Buhf Luxray
|player|p2|
|l|☆LonelySxNner
|player|p1|
