|j|☆Vazaltur
|j|☆sirexcell
|t:|1760345258
|gametype|singles
|player|p1|Vazaltur|steven|1170
|player|p2|sirexcell|palmer|1275
|gen|9
|tier|[Gen 9] OU
|rated|
|rule|HP Percentage Mod: HP is shown in percentages
|rule|Endless Battle Clause: Forcing endless battles is banned
|rule|Species Clause: Limit one of each Pokémon
|rule|OHKO Clause: OHKO moves are banned
|rule|Evasion Items Clause: Evasion items are banned
|rule|Evasion Moves Clause: Evasion moves are banned
|rule|Evasion Abilities Clause: Evasion abilities are banned
|rule|Sleep Moves Clause: Sleep-inducing moves are banned
|clearpoke
|poke|p1|Cloyster, M|
|poke|p1|Drednaw, F|
|poke|p1|Magcargo, F|
|poke|p1|Minior|
|poke|p1|Polteageist-Antique|
|poke|p1|Torterra, F|
|poke|p2|Alomomola, F|
|poke|p2|Garchomp, M|
|poke|p2|Gholdengo|
|poke|p2|Weavile, F|
|poke|p2|Slowking-Galar, F|
|poke|p2|Hydreigon, F|
|teampreview
|
|t:|1760345272
|teamsize|p1|6
|teamsize|p2|6
|start
|switch|p1a: Drednaw|Drednaw, F, shiny|100/100
|switch|p2a: Garchomp|Garchomp, M|100/100
|turn|1
|inactive|Battle timer is ON: inactive players will automatically lose when time's up. (requested by sirexcell)
|
|t:|1760345285
|move|p1a: Drednaw|Shell Smash|p1a: Drednaw
|-unboost|p1a: Drednaw|def|1
|-unboost|p1a: Drednaw|spd|1
|-boost|p1a: Drednaw|atk|2
|-boost|p1a: Drednaw|spa|2
|-boost|p1a: Drednaw|spe|2
|-enditem|p1a: Drednaw|White Herb
|-clearnegativeboost|p1a: Drednaw|[silent]
|move|p2a: Garchomp|Earthquake|p1a: Drednaw
|-supereffective|p1a: Drednaw
|-damage|p1a: Drednaw|1/100
|
|upkeep
|turn|2
|inactive|sirexcell has 120 seconds left.
|
|t:|1760345315
|switch|p2a: Alomomola|Alomomola, F|100/100
|move|p1a: Drednaw|Liquidation|p2a: Alomomola
|-resisted|p2a: Alomomola
|-damage|p2a: Alomomola|78/100
|-enditem|p2a: Alomomola|Red Card|[of] p1a: Drednaw
|drag|p1a: Minior|Minior, shiny|100/100
|-formechange|p1a: Minior|Minior-Meteor||[from] ability: Shields Down
|
|upkeep
|turn|3
|inactive|sirexcell has 120 seconds left.
|
|t:|1760345329
|switch|p1a: Cloyster|Cloyster, M, shiny|100/100
|move|p2a: Alomomola|Flip Turn|p1a: Cloyster
|-resisted|p1a: Cloyster
|-damage|p1a: Cloyster|94/100
|inactive|sirexcell has 120 seconds left.
|
|t:|1760345350
|switch|p2a: Weavile|Weavile, F|100/100|[from] Flip Turn
|
|upkeep
|turn|4
|
|t:|1760345356
|move|p2a: Weavile|Low Kick|p1a: Cloyster
|-supereffective|p1a: Cloyster
|-damage|p1a: Cloyster|42/100
|move|p1a: Cloyster|Rock Blast|p2a: Weavile
|-supereffective|p2a: Weavile
|-damage|p2a: Weavile|75/100
|-supereffective|p2a: Weavile
|-damage|p2a: Weavile|47/100
|-supereffective|p2a: Weavile
|-damage|p2a: Weavile|19/100
|-supereffective|p2a: Weavile
|-damage|p2a: Weavile|0 fnt
|faint|p2a: Weavile
|-hitcount|p2: Weavile|4
|
|upkeep
|
|t:|1760345373
|switch|p2a: Hydreigon|Hydreigon, F|100/100
|turn|5
|
|t:|1760345379
|move|p2a: Hydreigon|Draco Meteor|p1a: Cloyster
|-damage|p1a: Cloyster|0 fnt
|-unboost|p2a: Hydreigon|spa|2
|faint|p1a: Cloyster
|
|upkeep
|
|t:|1760345402
|switch|p1a: Minior|Minior, shiny|100/100
|-formechange|p1a: Minior|Minior-Meteor||[from] ability: Shields Down
|turn|6
|inactive|sirexcell has 90 seconds left.
|
|t:|1760345435
|switch|p2a: Garchomp|Garchomp, M|100/100
|move|p1a: Minior|Shell Smash|p1a: Minior
|-unboost|p1a: Minior|def|1
|-unboost|p1a: Minior|spd|1
|-boost|p1a: Minior|atk|2
|-boost|p1a: Minior|spa|2
|-boost|p1a: Minior|spe|2
|-enditem|p1a: Minior|White Herb
|-clearnegativeboost|p1a: Minior|[silent]
|
|upkeep
|turn|7
|inactive|sirexcell has 90 seconds left.
|
|t:|1760345460
|move|p1a: Minior|Acrobatics|p2a: Garchomp
|-damage|p2a: Garchomp|52/100
|-damage|p1a: Minior|88/100|[from] ability: Rough Skin|[of] p2a: Garchomp
|move|p2a: Garchomp|Dragon Tail|p1a: Minior|[miss]
|-miss|p2a: Garchomp|p1a: Minior
|
|-heal|p2a: Garchomp|59/100|[from] item: Leftovers
|upkeep
|turn|8
|inactive|sirexcell has 90 seconds left.
|
|t:|1760345475
|move|p1a: Minior|Acrobatics|p2a: Garchomp
|-damage|p2a: Garchomp|10/100
|-damage|p1a: Minior|76/100|[from] ability: Rough Skin|[of] p2a: Garchomp
|move|p2a: Garchomp|Dragon Tail|p1a: Minior
|-damage|p1a: Minior|41/100
|drag|p1a: Drednaw|Drednaw, F, shiny|1/100
|
|-heal|p2a: Garchomp|17/100|[from] item: Leftovers
|upkeep
|turn|9
|inactive|sirexcell has 90 seconds left.
|
|t:|1760345493
|switch|p2a: Alomomola|Alomomola, F|100/100
|move|p1a: Drednaw|Liquidation|p2a: Alomomola
|-resisted|p2a: Alomomola
|-damage|p2a: Alomomola|89/100
|-unboost|p2a: Alomomola|def|1
|
|upkeep
|turn|10
|
|t:|1760345504
|move|p1a: Drednaw|Stone Edge|p2a: Alomomola
|-damage|p2a: Alomomola|44/100
|move|p2a: Alomomola|Wish|p2a: Alomomola
|
|upkeep
|turn|11
|inactive|sirexcell has 90 seconds left.
|
|t:|1760345510
|move|p1a: Drednaw|Stone Edge|p2a: Alomomola|[miss]
|-miss|p1a: Drednaw|p2a: Alomomola
|move|p2a: Alomomola|Flip Turn|p1a: Drednaw
|-damage|p1a: Drednaw|0 fnt
|faint|p1a: Drednaw
|inactive|sirexcell has 90 seconds left.
|
|t:|1760345518
|switch|p2a: Garchomp|Garchomp, M|17/100|[from] Flip Turn
|
|-heal|p2a: Garchomp|73/100|[from] move: Wish|[wisher] Alomomola
|-heal|p2a: Garchomp|79/100|[from] item: Leftovers
|upkeep
|
|t:|1760345531
|switch|p1a: Torterra|Torterra, F, shiny|100/100
|turn|12
|
|t:|1760345540
|move|p1a: Torterra|Bullet Seed|p2a: Garchomp
|-damage|p2a: Garchomp|71/100
|-damage|p2a: Garchomp|64/100
|-damage|p2a: Garchomp|56/100
|-damage|p2a: Garchomp|48/100
|-damage|p2a: Garchomp|40/100
|-hitcount|p2a: Garchomp|5
|move|p2a: Garchomp|Dragon Tail|p1a: Torterra
|-damage|p1a: Torterra|74/100
|drag|p1a: Minior|Minior, shiny|41/100
|
|-heal|p2a: Garchomp|46/100|[from] item: Leftovers
|upkeep
|turn|13
|
|t:|1760345559
|move|p1a: Minior|Acrobatics|p2a: Garchomp
|-damage|p2a: Garchomp|11/100
|-damage|p1a: Minior|29/100|[from] ability: Rough Skin|[of] p2a: Garchomp
|move|p2a: Garchomp|Stealth Rock|p1a: Minior
|-sidestart|p1: Vazaltur|move: Stealth Rock
|
|-heal|p2a: Garchomp|17/100|[from] item: Leftovers
|upkeep
|turn|14
|
|t:|1760345571
|switch|p2a: Alomomola|Alomomola, F|77/100
|move|p1a: Minior|Acrobatics|p2a: Alomomola
|-crit|p2a: Alomomola
|-damage|p2a: Alomomola|28/100
|
|upkeep
|turn|15
|
|t:|1760345584
|switch|p2a: Slowking|Slowking-Galar, F|100/100
|move|p1a: Minior|Acrobatics|p2a: Slowking
|-damage|p2a: Slowking|56/100
|
|upkeep
|turn|16
|
|t:|1760345595
|switch|p2a: Alomomola|Alomomola, F|61/100
|move|p1a: Minior|Earthquake|p2a: Alomomola
|-damage|p2a: Alomomola|41/100
|
|upkeep
|turn|17
|
|t:|1760345602
|move|p1a: Minior|Acrobatics|p2a: Alomomola
|-damage|p2a: Alomomola|11/100
|move|p2a: Alomomola|Wish|p2a: Alomomola
|
|upkeep
|turn|18
|inactive|sirexcell has 90 seconds left.
|
|t:|1760345626
|switch|p2a: Slowking|Slowking-Galar, F|89/100
|move|p1a: Minior|Acrobatics|p2a: Slowking
|-damage|p2a: Slowking|42/100
|
|-heal|p2a: Slowking|100/100|[from] move: Wish|[wisher] Alomomola
|upkeep
|turn|19
|inactive|sirexcell has 90 seconds left.
|
|t:|1760345643
|move|p1a: Minior|Acrobatics|p2a: Slowking
|-damage|p2a: Slowking|54/100
|-prepare|p2a: Slowking|Chilly Reception|[premajor]
|move|p2a: Slowking|Chilly Reception|p2a: Slowking
|-weather|Snowscape
|
|t:|1760345650
|switch|p2a: Hydreigon|Hydreigon, F|100/100|[from] Chilly Reception
|
|-weather|Snowscape|[upkeep]
|upkeep
|turn|20
|inactive|sirexcell has 90 seconds left.
|
|t:|1760345667
|move|p2a: Hydreigon|Dark Pulse|p1a: Minior
|-damage|p1a: Minior|0 fnt
|faint|p1a: Minior
|
|-weather|Snowscape|[upkeep]
|upkeep
|
|t:|1760345677
|switch|p1a: Magcargo|Magcargo, F, shiny|100/100
|-damage|p1a: Magcargo|76/100|[from] Stealth Rock
|turn|21
|
|t:|1760345686
|move|p2a: Hydreigon|Dark Pulse|p1a: Magcargo
|-damage|p1a: Magcargo|0 fnt
|faint|p1a: Magcargo
|
|-weather|Snowscape|[upkeep]
|upkeep
|-message|Vazaltur forfeited.
|
|win|sirexcell
|raw|Vazaltur's rating: 1170 &rarr; <strong>1152</strong><br />(-18 for losing)
|raw|sirexcell's rating: 1275 &rarr; <strong>1293</strong><br />(+18 for winning)
|l|☆Vazaltur
|player|p1|
|l|☆sirexcell
|player|p2|
