|j|☆ooo01w
|j|☆mymaze
|t:|1760443436
|gametype|singles
|player|p1|ooo01w|101|1465
|player|p2|mymaze|gambler|1472
|gen|9
|tier|[Gen 9] OU
|rated|
|rule|HP Percentage Mod: HP is shown in percentages
|rule|Endless Battle Clause: Forcing endless battles is banned
|rule|Species Clause: Limit one of each Pokémon
|rule|OHKO Clause: OHKO moves are banned
|rule|Evasion Items Clause: Evasion items are banned
|rule|Evasion Moves Clause: Evasion moves are banned
|rule|Evasion Abilities Clause: Evasion abilities are banned
|rule|Sleep Moves Clause: Sleep-inducing moves are banned
|clearpoke
|poke|p1|Kyurem|
|poke|p1|Corviknight, M|
|poke|p1|Ting-Lu|
|poke|p1|Dondozo, F|
|poke|p1|Slowking-Galar, L99, F|
|poke|p1|Cinderace, F|
|poke|p2|Pelipper, F|
|poke|p2|Ogerpon-Wellspring, F|
|poke|p2|Raging Bolt|
|poke|p2|Barraskewda, M|
|poke|p2|Maushold-Four|
|poke|p2|Klefki, M|
|teampreview
|
|t:|1760443475
|teamsize|p1|6
|teamsize|p2|6
|start
|switch|p1a: Kyurem|Kyurem|100/100
|switch|p2a: Pelipper|Pelipper, F|100/100
|-ability|p1a: Kyurem|Pressure
|-weather|RainDance|[from] ability: Drizzle|[of] p2a: Pelipper
|turn|1
|
|t:|1760443493
|move|p1a: Kyurem|Substitute|p1a: Kyurem
|-start|p1a: Kyurem|Substitute
|-damage|p1a: Kyurem|75/100
|move|p2a: Pelipper|Hurricane|p1a: Kyurem
|-end|p1a: Kyurem|Substitute
|
|-weather|RainDance|[upkeep]
|-heal|p1a: Kyurem|82/100|[from] item: Leftovers
|upkeep
|turn|2
|
|t:|1760443502
|move|p1a: Kyurem|Freeze-Dry|p2a: Pelipper
|-supereffective|p2a: Pelipper
|-damage|p2a: Pelipper|0 fnt
|faint|p2a: Pelipper
|
|-weather|RainDance|[upkeep]
|-heal|p1a: Kyurem|88/100|[from] item: Leftovers
|upkeep
|
|t:|1760443509
|switch|p2a: Maushold|Maushold-Four|100/100
|turn|3
|
|t:|1760443515
|switch|p1a: Corviknight|Corviknight, M|100/100
|-ability|p1a: Corviknight|Pressure
|move|p2a: Maushold|Population Bomb|p1a: Corviknight
|-resisted|p1a: Corviknight
|-damage|p1a: Corviknight|97/100
|-damage|p2a: Maushold|84/100|[from] item: Rocky Helmet|[of] p1a: Corviknight
|-resisted|p1a: Corviknight
|-damage|p1a: Corviknight|94/100
|-damage|p2a: Maushold|67/100|[from] item: Rocky Helmet|[of] p1a: Corviknight
|-resisted|p1a: Corviknight
|-damage|p1a: Corviknight|91/100
|-damage|p2a: Maushold|51/100|[from] item: Rocky Helmet|[of] p1a: Corviknight
|-resisted|p1a: Corviknight
|-damage|p1a: Corviknight|88/100
|-damage|p2a: Maushold|34/100|[from] item: Rocky Helmet|[of] p1a: Corviknight
|-resisted|p1a: Corviknight
|-damage|p1a: Corviknight|85/100
|-damage|p2a: Maushold|17/100|[from] item: Rocky Helmet|[of] p1a: Corviknight
|-resisted|p1a: Corviknight
|-damage|p1a: Corviknight|81/100
|-damage|p2a: Maushold|1/100|[from] item: Rocky Helmet|[of] p1a: Corviknight
|-resisted|p1a: Corviknight
|-damage|p1a: Corviknight|78/100
|-damage|p2a: Maushold|0 fnt|[from] item: Rocky Helmet|[of] p1a: Corviknight
|faint|p2a: Maushold
|-hitcount|p1a: Corviknight|7
|
|-weather|RainDance|[upkeep]
|upkeep
|
|t:|1760443518
|switch|p2a: Raging Bolt|Raging Bolt|100/100
|turn|4
|
|t:|1760443546
|switch|p1a: Ting-Lu|Ting-Lu|100/100
|-ability|p1a: Ting-Lu|Vessel of Ruin
|move|p2a: Raging Bolt|Weather Ball|p1a: Ting-Lu
|-supereffective|p1a: Ting-Lu
|-damage|p1a: Ting-Lu|47/100
|
|-weather|RainDance|[upkeep]
|-heal|p1a: Ting-Lu|53/100|[from] item: Leftovers
|upkeep
|turn|5
|
|t:|1760443559
|move|p2a: Raging Bolt|Weather Ball|p1a: Ting-Lu
|-supereffective|p1a: Ting-Lu
|-damage|p1a: Ting-Lu|1/100
|move|p1a: Ting-Lu|Earthquake|p2a: Raging Bolt
|-supereffective|p2a: Raging Bolt
|-damage|p2a: Raging Bolt|34/100
|
|-weather|RainDance|[upkeep]
|-heal|p1a: Ting-Lu|8/100|[from] item: Leftovers
|upkeep
|turn|6
|
|t:|1760443570
|move|p2a: Raging Bolt|Dragon Pulse|p1a: Ting-Lu
|-crit|p1a: Ting-Lu
|-damage|p1a: Ting-Lu|0 fnt
|faint|p1a: Ting-Lu
|
|-weather|RainDance|[upkeep]
|upkeep
|
|t:|1760443578
|switch|p1a: Slowking|Slowking-Galar, L99, F|100/100
|turn|7
|
|t:|1760443590
|-end|p2a: Raging Bolt|Protosynthesis|[silent]
|switch|p2a: Barraskewda|Barraskewda, M|100/100
|-prepare|p1a: Slowking|Chilly Reception|[premajor]
|move|p1a: Slowking|Chilly Reception|p1a: Slowking
|-weather|Snowscape
|
|t:|1760443601
|switch|p1a: Kyurem|Kyurem|88/100|[from] Chilly Reception
|-ability|p1a: Kyurem|Pressure
|
|-weather|Snowscape|[upkeep]
|-heal|p1a: Kyurem|94/100|[from] item: Leftovers
|upkeep
|turn|8
|
|t:|1760443612
|move|p2a: Barraskewda|Poison Jab|p1a: Kyurem
|-damage|p1a: Kyurem|72/100
|-status|p1a: Kyurem|psn
|-damage|p2a: Barraskewda|91/100|[from] item: Life Orb
|move|p1a: Kyurem|Freeze-Dry|p2a: Barraskewda
|-supereffective|p2a: Barraskewda
|-damage|p2a: Barraskewda|0 fnt
|faint|p2a: Barraskewda
|
|-weather|Snowscape|[upkeep]
|-heal|p1a: Kyurem|78/100 psn|[from] item: Leftovers
|-damage|p1a: Kyurem|66/100 psn|[from] psn
|upkeep
|
|t:|1760443619
|switch|p2a: Klefki|Klefki, M|100/100
|turn|9
|
|t:|1760443635
|switch|p1a: Cinderace|Cinderace, F|100/100
|move|p2a: Klefki|Dazzling Gleam|p1a: Cinderace
|-resisted|p1a: Cinderace
|-damage|p1a: Cinderace|86/100
|
|-weather|Snowscape|[upkeep]
|upkeep
|turn|10
|
|t:|1760443644
|switch|p2a: Raging Bolt|Raging Bolt|34/100
|move|p1a: Cinderace|Will-O-Wisp|p2a: Raging Bolt
|-status|p2a: Raging Bolt|brn
|
|-weather|Snowscape|[upkeep]
|-damage|p2a: Raging Bolt|28/100 brn|[from] brn
|upkeep
|turn|11
|
|t:|1760443656
|switch|p1a: Slowking|Slowking-Galar, L99, F|100/100
|move|p2a: Raging Bolt|Thunderbolt|p1a: Slowking
|-damage|p1a: Slowking|69/100
|-status|p1a: Slowking|par
|
|-weather|none
|-damage|p2a: Raging Bolt|22/100 brn|[from] brn
|upkeep
|turn|12
|
|t:|1760443666
|move|p2a: Raging Bolt|Thunderbolt|p1a: Slowking
|-damage|p1a: Slowking|36/100 par
|move|p1a: Slowking|Future Sight|p2a: Raging Bolt
|-start|p1a: Slowking|move: Future Sight
|
|-damage|p2a: Raging Bolt|16/100 brn|[from] brn
|upkeep
|turn|13
|
|t:|1760443671
|move|p2a: Raging Bolt|Thunderbolt|p1a: Slowking
|-damage|p1a: Slowking|2/100 par
|-prepare|p1a: Slowking|Chilly Reception|[premajor]
|move|p1a: Slowking|Chilly Reception|p1a: Slowking
|-weather|Snowscape
|
|t:|1760443696
|switch|p1a: Kyurem|Kyurem|66/100 psn|[from] Chilly Reception
|-ability|p1a: Kyurem|Pressure
|
|-weather|Snowscape|[upkeep]
|-heal|p1a: Kyurem|72/100 psn|[from] item: Leftovers
|-damage|p1a: Kyurem|60/100 psn|[from] psn
|-damage|p2a: Raging Bolt|10/100 brn|[from] brn
|upkeep
|turn|14
|
|t:|1760443713
|move|p1a: Kyurem|Substitute|p1a: Kyurem
|-start|p1a: Kyurem|Substitute
|-damage|p1a: Kyurem|35/100 psn
|move|p2a: Raging Bolt|Dragon Pulse|p1a: Kyurem
|-supereffective|p1a: Kyurem
|-end|p1a: Kyurem|Substitute
|
|-weather|Snowscape|[upkeep]
|-end|p2a: Raging Bolt|move: Future Sight
|-damage|p2a: Raging Bolt|0 fnt
|faint|p2a: Raging Bolt
|-end|p2a: Raging Bolt|Protosynthesis|[silent]
|-heal|p1a: Kyurem|41/100 psn|[from] item: Leftovers
|-damage|p1a: Kyurem|29/100 psn|[from] psn
|upkeep
|
|t:|1760443718
|switch|p2a: Klefki|Klefki, M|100/100
|turn|15
|
|t:|1760443726
|move|p1a: Kyurem|Earth Power|p2a: Klefki
|-supereffective|p2a: Klefki
|-damage|p2a: Klefki|33/100
|move|p2a: Klefki|Dazzling Gleam|p1a: Kyurem
|-supereffective|p1a: Kyurem
|-damage|p1a: Kyurem|0 fnt
|faint|p1a: Kyurem
|
|-weather|Snowscape|[upkeep]
|upkeep
|
|t:|1760443735
|switch|p1a: Cinderace|Cinderace, F|86/100
|turn|16
|
|t:|1760443742
|move|p2a: Klefki|Reflect|p2a: Klefki
|-sidestart|p2: mymaze|Reflect
|move|p1a: Cinderace|Pyro Ball|p2a: Klefki
|-supereffective|p2a: Klefki
|-damage|p2a: Klefki|0 fnt
|faint|p2a: Klefki
|
|-weather|Snowscape|[upkeep]
|upkeep
|
|t:|1760443745
|switch|p2a: Ogerpon|Ogerpon-Wellspring, F|100/100
|turn|17
|
|t:|1760443753
|move|p1a: Cinderace|Court Change|p1a: Cinderace
|-swapsideconditions
|-activate|p1a: Cinderace|move: Court Change
|move|p2a: Ogerpon|Ivy Cudgel|p1a: Cinderace|[anim] Ivy Cudgel Water
|-supereffective|p1a: Cinderace
|-damage|p1a: Cinderace|15/100
|
|-weather|none
|upkeep
|turn|18
|
|t:|1760443764
|move|p1a: Cinderace|U-turn|p2a: Ogerpon
|-supereffective|p2a: Ogerpon
|-damage|p2a: Ogerpon|51/100
|
|t:|1760443768
|switch|p1a: Corviknight|Corviknight, M|78/100|[from] U-turn
|-ability|p1a: Corviknight|Pressure
|move|p2a: Ogerpon|Ivy Cudgel|p1a: Corviknight|[anim] Ivy Cudgel Water
|-damage|p1a: Corviknight|60/100
|
|upkeep
|turn|19
|
|t:|1760443777
|-terastallize|p2a: Ogerpon|Water
|detailschange|p2a: Ogerpon|Ogerpon-Wellspring-Tera, F, tera:Water
|-ability|p2a: Ogerpon|Embody Aspect (Wellspring)|boost
|-boost|p2a: Ogerpon|spd|1
|move|p2a: Ogerpon|Swords Dance|p2a: Ogerpon
|-boost|p2a: Ogerpon|atk|2
|move|p1a: Corviknight|Brave Bird|p2a: Ogerpon
|-damage|p2a: Ogerpon|1/100
|-damage|p1a: Corviknight|47/100|[from] Recoil
|
|upkeep
|turn|20
|
|t:|1760443789
|move|p2a: Ogerpon|Horn Leech|p1a: Corviknight
|-resisted|p1a: Corviknight
|-damage|p1a: Corviknight|41/100
|-heal|p2a: Ogerpon|5/100|[from] drain|[of] p1a: Corviknight
|-damage|p2a: Ogerpon|0 fnt|[from] item: Rocky Helmet|[of] p1a: Corviknight
|faint|p2a: Ogerpon
|detailschange|p2: Ogerpon|Ogerpon-Wellspring, F|[silent]
|
|win|ooo01w
|raw|ooo01w's rating: 1465 &rarr; <strong>1485</strong><br />(+20 for winning)
|raw|mymaze's rating: 1472 &rarr; <strong>1452</strong><br />(-20 for losing)
|l|☆mymaze
|player|p2|
|l|☆ooo01w
|player|p1|
