|inactive|Battle timer is ON: inactive players will automatically lose when time's up.
|t:|1760299399
|gametype|singles
|player|p1|DCA|lucas|
|player|p2|hiko|#scl5machines2|
|gen|9
|tier|[Gen 9] OU
|rule|HP Percentage Mod: HP is shown in percentages
|rule|Endless Battle Clause: Forcing endless battles is banned
|rule|Species Clause: Limit one of each Pokémon
|rule|OHKO Clause: OHKO moves are banned
|rule|Evasion Items Clause: Evasion items are banned
|rule|Evasion Moves Clause: Evasion moves are banned
|rule|Evasion Abilities Clause: Evasion abilities are banned
|rule|Sleep Moves Clause: Sleep-inducing moves are banned
|clearpoke
|poke|p1|Kingambit, F|
|poke|p1|Raging Bolt|
|poke|p1|Landorus-Therian, M|
|poke|p1|Cinderace, F|
|poke|p1|Primarina, F|
|poke|p1|Zamazenta-*|
|poke|p2|Hydrapple, M|
|poke|p2|Blissey, F|
|poke|p2|Gliscor, M|
|poke|p2|Gholdengo|
|poke|p2|Dragonite, M|
|poke|p2|Tornadus-Therian, M|
|teampreview
|inactive|hiko also wants the timer to be on.
|c|☆hiko|hf
|c|☆DCA|hf
|rated|Smogon Champions League
|inactive|DCA has 270 seconds left.
|inactive|DCA has 240 seconds left.
|inactive|DCA has 210 seconds left.
|
|t:|1760299490
|teamsize|p1|6
|teamsize|p2|6
|start
|switch|p1a: Raging Bolt|Raging Bolt|100/100
|switch|p2a: Tornadus|Tornadus-Therian, M|100/100
|turn|1
|
|t:|1760299504
|-end|p1a: Raging Bolt|Protosynthesis|[silent]
|switch|p1a: Landorus|Landorus-Therian, M|100/100
|-ability|p1a: Landorus|Intimidate|boost
|-unboost|p2a: Tornadus|atk|1
|move|p2a: Tornadus|U-turn|p1a: Landorus
|-resisted|p1a: Landorus
|-damage|p1a: Landorus|96/100
|-damage|p2a: Tornadus|84/100|[from] item: Rocky Helmet|[of] p1a: Landorus
|
|t:|1760299514
|switch|p2a: Gliscor|Gliscor, M|100/100|[from] U-turn
|
|-status|p2a: Gliscor|tox|[from] item: Toxic Orb
|upkeep
|turn|2
|
|t:|1760299527
|switch|p2a: Tornadus|Tornadus-Therian, M|100/100
|move|p1a: Landorus|Taunt|p2a: Tornadus
|-start|p2a: Tornadus|move: Taunt
|
|upkeep
|turn|3
|
|t:|1760299538
|move|p2a: Tornadus|Bleakwind Storm|p1a: Landorus
|-damage|p1a: Landorus|59/100
|move|p1a: Landorus|Stealth Rock|p2a: Tornadus
|-sidestart|p2: hiko|move: Stealth Rock
|
|upkeep
|turn|4
|inactive|DCA has 270 seconds left.
|
|t:|1760299590
|move|p2a: Tornadus|Bleakwind Storm|p1a: Landorus
|-damage|p1a: Landorus|20/100
|move|p1a: Landorus|U-turn|p2a: Tornadus
|-resisted|p2a: Tornadus
|-damage|p2a: Tornadus|90/100
|
|t:|1760299595
|switch|p1a: Raging Bolt|Raging Bolt|100/100|[from] U-turn
|
|-end|p2a: Tornadus|move: Taunt
|upkeep
|turn|5
|inactive|DCA has 240 seconds left.
|
|t:|1760299631
|switch|p2a: Blissey|Blissey, F|100/100
|move|p1a: Raging Bolt|Thunderclap||[still]
|-fail|p1a: Raging Bolt
|
|upkeep
|turn|6
|
|t:|1760299637
|-end|p1a: Raging Bolt|Protosynthesis|[silent]
|switch|p1a: Zamazenta|Zamazenta|100/100
|-ability|p1a: Zamazenta|Dauntless Shield|boost
|-boost|p1a: Zamazenta|def|1
|move|p2a: Blissey|Stealth Rock|p1a: Zamazenta
|-sidestart|p1: DCA|move: Stealth Rock
|
|upkeep
|turn|7
|
|t:|1760299649
|switch|p2a: Gliscor|Gliscor, M|100/100 tox
|-damage|p2a: Gliscor|88/100 tox|[from] Stealth Rock
|move|p1a: Zamazenta|Crunch|p2a: Gliscor
|-damage|p2a: Gliscor|66/100 tox
|-unboost|p2a: Gliscor|def|1
|-damage|p1a: Zamazenta|91/100|[from] item: Life Orb
|
|-heal|p2a: Gliscor|79/100 tox|[from] ability: Poison Heal
|upkeep
|turn|8
|
|t:|1760299668
|move|p2a: Gliscor|Protect|p2a: Gliscor
|-singleturn|p2a: Gliscor|Protect
|move|p1a: Zamazenta|Crunch|p2a: Gliscor
|-activate|p2a: Gliscor|move: Protect
|
|-heal|p2a: Gliscor|91/100 tox|[from] ability: Poison Heal
|upkeep
|turn|9
|inactive|DCA has 240 seconds left.
|inactive|hiko has 270 seconds left.
|
|t:|1760299705
|switch|p2a: Gholdengo|Gholdengo|100/100
|-damage|p2a: Gholdengo|94/100|[from] Stealth Rock
|move|p1a: Zamazenta|Ice Fang|p2a: Gholdengo
|-resisted|p2a: Gholdengo
|-damage|p2a: Gholdengo|78/100
|-damage|p1a: Zamazenta|81/100|[from] item: Life Orb
|
|upkeep
|turn|10
|inactive|DCA has 240 seconds left.
|inactive|hiko has 270 seconds left.
|inactive|DCA has 210 seconds left.
|inactive|DCA has 180 seconds left.
|
|t:|1760299786
|move|p2a: Gholdengo|Make It Rain|p1a: Zamazenta
|-damage|p1a: Zamazenta|21/100
|-unboost|p2a: Gholdengo|spa|1
|move|p1a: Zamazenta|Crunch|p2a: Gholdengo
|-supereffective|p2a: Gholdengo
|-damage|p2a: Gholdengo|1/100
|-damage|p1a: Zamazenta|11/100|[from] item: Life Orb
|
|upkeep
|turn|11
|
|t:|1760299793
|switch|p1a: Cinderace|Cinderace, F|100/100
|move|p2a: Gholdengo|Make It Rain|p1a: Cinderace
|-resisted|p1a: Cinderace
|-damage|p1a: Cinderace|69/100
|-unboost|p2a: Gholdengo|spa|1
|
|upkeep
|turn|12
|
|t:|1760299798
|switch|p2a: Gliscor|Gliscor, M|91/100 tox
|-damage|p2a: Gliscor|79/100 tox|[from] Stealth Rock
|move|p1a: Cinderace|U-turn|p2a: Gliscor
|-resisted|p2a: Gliscor
|-damage|p2a: Gliscor|72/100 tox
|inactive|DCA has 180 seconds left.
|inactive|DCA has 150 seconds left.
|
|t:|1760299838
|switch|p1a: Zamazenta|Zamazenta|11/100|[from] U-turn
|-damage|p1a: Zamazenta|5/100|[from] Stealth Rock
|
|-heal|p2a: Gliscor|85/100 tox|[from] ability: Poison Heal
|upkeep
|turn|13
|
|t:|1760299847
|move|p2a: Gliscor|Protect|p2a: Gliscor
|-singleturn|p2a: Gliscor|Protect
|move|p1a: Zamazenta|Ice Fang|p2a: Gliscor
|-activate|p2a: Gliscor|move: Protect
|
|-heal|p2a: Gliscor|97/100 tox|[from] ability: Poison Heal
|upkeep
|turn|14
|inactive|DCA has 150 seconds left.
|
|t:|1760299864
|move|p1a: Zamazenta|Ice Fang|p2a: Gliscor
|-supereffective|p2a: Gliscor
|-damage|p2a: Gliscor|33/100 tox
|-damage|p1a: Zamazenta|0 fnt|[from] item: Life Orb
|faint|p1a: Zamazenta
|move|p2a: Gliscor|Spikes|p1: Zamazenta
|-sidestart|p1: DCA|Spikes
|
|-heal|p2a: Gliscor|46/100 tox|[from] ability: Poison Heal
|upkeep
|inactive|DCA has 150 seconds left.
|inactive|DCA has 120 seconds left.
|inactive|DCA has 90 seconds left.
|
|t:|1760299943
|switch|p1a: Cinderace|Cinderace, F|69/100
|turn|15
|
|t:|1760299956
|move|p2a: Gliscor|Protect|p2a: Gliscor
|-singleturn|p2a: Gliscor|Protect
|move|p1a: Cinderace|Court Change|p1a: Cinderace
|-swapsideconditions
|-activate|p1a: Cinderace|move: Court Change
|
|-heal|p2a: Gliscor|58/100 tox|[from] ability: Poison Heal
|upkeep
|turn|16
|
|t:|1760299961
|move|p1a: Cinderace|Pyro Ball|p2a: Gliscor
|-damage|p2a: Gliscor|26/100 tox
|move|p2a: Gliscor|Spikes|p1a: Cinderace
|-sidestart|p1: DCA|Spikes
|
|-heal|p2a: Gliscor|38/100 tox|[from] ability: Poison Heal
|upkeep
|turn|17
|
|t:|1760299968
|move|p2a: Gliscor|Protect|p2a: Gliscor
|-singleturn|p2a: Gliscor|Protect
|move|p1a: Cinderace|Pyro Ball|p2a: Gliscor
|-activate|p2a: Gliscor|move: Protect
|
|-heal|p2a: Gliscor|51/100 tox|[from] ability: Poison Heal
|upkeep
|turn|18
|
|t:|1760299974
|move|p1a: Cinderace|Pyro Ball|p2a: Gliscor
|-damage|p2a: Gliscor|15/100 tox
|move|p2a: Gliscor|Earthquake|p1a: Cinderace
|-supereffective|p1a: Cinderace
|-damage|p1a: Cinderace|0 fnt
|faint|p1a: Cinderace
|
|-heal|p2a: Gliscor|27/100 tox|[from] ability: Poison Heal
|upkeep
|
|t:|1760299994
|switch|p1a: Landorus|Landorus-Therian, M|20/100
|-damage|p1a: Landorus|8/100|[from] Stealth Rock
|-ability|p1a: Landorus|Intimidate|boost
|-unboost|p2a: Gliscor|atk|1
|turn|19
|
|t:|1760300001
|move|p2a: Gliscor|Protect|p2a: Gliscor
|-singleturn|p2a: Gliscor|Protect
|move|p1a: Landorus|Taunt|p2a: Gliscor
|-activate|p2a: Gliscor|move: Protect
|
|-heal|p2a: Gliscor|40/100 tox|[from] ability: Poison Heal
|upkeep
|turn|20
|
|t:|1760300018
|move|p1a: Landorus|Taunt|p2a: Gliscor
|-start|p2a: Gliscor|move: Taunt
|cant|p2a: Gliscor|move: Taunt|Spikes
|
|-heal|p2a: Gliscor|52/100 tox|[from] ability: Poison Heal
|upkeep
|turn|21
|inactive|hiko has 270 seconds left.
|
|t:|1760300071
|move|p1a: Landorus|U-turn|p2a: Gliscor
|-resisted|p2a: Gliscor
|-damage|p2a: Gliscor|47/100 tox
|
|t:|1760300077
|switch|p1a: Kingambit|Kingambit, F|100/100|[from] U-turn
|-damage|p1a: Kingambit|94/100|[from] Stealth Rock
|-activate|p1a: Kingambit|ability: Supreme Overlord
|-start|p1a: Kingambit|fallen2|[silent]
|-item|p1a: Kingambit|Air Balloon
|move|p2a: Gliscor|Earthquake|p1a: Kingambit
|-immune|p1a: Kingambit
|
|-heal|p2a: Gliscor|59/100 tox|[from] ability: Poison Heal
|upkeep
|turn|22
|inactive|DCA has 120 seconds left.
|
|t:|1760300091
|switch|p2a: Dragonite|Dragonite, M|100/100
|move|p1a: Kingambit|Swords Dance|p1a: Kingambit
|-boost|p1a: Kingambit|atk|2
|
|upkeep
|turn|23
|inactive|DCA has 120 seconds left.
|
|t:|1760300118
|-end|p1a: Kingambit|fallen2|[silent]
|switch|p1a: Landorus|Landorus-Therian, M|8/100
|-damage|p1a: Landorus|0 fnt|[from] Stealth Rock
|faint|p1a: Landorus
|move|p2a: Dragonite|Dragon Tail|p1: Landorus|[notarget]
|-fail|p2a: Dragonite
|
|upkeep
|inactive|DCA has 90 seconds left.
|
|t:|1760300139
|switch|p1a: Raging Bolt|Raging Bolt|100/100
|-damage|p1a: Raging Bolt|88/100|[from] Stealth Rock
|-damage|p1a: Raging Bolt|76/100|[from] Spikes
|turn|24
|
|t:|1760300164
|-terastallize|p2a: Dragonite|Normal
|move|p2a: Dragonite|Extreme Speed|p1a: Raging Bolt
|-damage|p1a: Raging Bolt|43/100
|move|p1a: Raging Bolt|Dragon Pulse|p2a: Dragonite
|-damage|p2a: Dragonite|83/100
|
|-heal|p1a: Raging Bolt|49/100|[from] item: Leftovers
|upkeep
|turn|25
|inactive|hiko has 240 seconds left.
|
|t:|1760300190
|move|p1a: Raging Bolt|Thunderbolt|p2a: Dragonite
|-crit|p2a: Dragonite
|-damage|p2a: Dragonite|25/100
|-status|p2a: Dragonite|par
|move|p2a: Dragonite|Roost|p2a: Dragonite
|-heal|p2a: Dragonite|75/100 par
|
|-heal|p1a: Raging Bolt|56/100|[from] item: Leftovers
|upkeep
|turn|26
|
|t:|1760300206
|move|p1a: Raging Bolt|Dragon Pulse|p2a: Dragonite
|-damage|p2a: Dragonite|39/100 par
|cant|p2a: Dragonite|par
|
|-heal|p1a: Raging Bolt|62/100|[from] item: Leftovers
|upkeep
|turn|27
|
|t:|1760300215
|move|p1a: Raging Bolt|Thunderbolt|p2a: Dragonite
|-damage|p2a: Dragonite|0 fnt
|faint|p2a: Dragonite
|
|-heal|p1a: Raging Bolt|68/100|[from] item: Leftovers
|upkeep
|inactive|hiko has 210 seconds left.
|
|t:|1760300264
|switch|p2a: Blissey|Blissey, F|100/100
|turn|28
|
|t:|1760300269
|move|p1a: Raging Bolt|Calm Mind|p1a: Raging Bolt
|-boost|p1a: Raging Bolt|spa|1
|-boost|p1a: Raging Bolt|spd|1
|move|p2a: Blissey|Seismic Toss|p1a: Raging Bolt
|-damage|p1a: Raging Bolt|44/100
|
|-heal|p1a: Raging Bolt|50/100|[from] item: Leftovers
|upkeep
|turn|29
|inactive|hiko has 210 seconds left.
|
|t:|1760300276
|move|p1a: Raging Bolt|Thunderbolt|p2a: Blissey
|-damage|p2a: Blissey|80/100
|move|p2a: Blissey|Seismic Toss|p1a: Raging Bolt
|-damage|p1a: Raging Bolt|26/100
|
|-heal|p1a: Raging Bolt|33/100|[from] item: Leftovers
|upkeep
|turn|30
|inactive|DCA has 120 seconds left.
|
|t:|1760300287
|move|p1a: Raging Bolt|Dragon Pulse|p2a: Blissey
|-damage|p2a: Blissey|61/100
|move|p2a: Blissey|Seismic Toss|p1a: Raging Bolt
|-damage|p1a: Raging Bolt|9/100
|
|-heal|p1a: Raging Bolt|15/100|[from] item: Leftovers
|upkeep
|turn|31
|
|t:|1760300293
|move|p1a: Raging Bolt|Calm Mind|p1a: Raging Bolt
|-boost|p1a: Raging Bolt|spa|1
|-boost|p1a: Raging Bolt|spd|1
|move|p2a: Blissey|Seismic Toss|p1a: Raging Bolt
|-damage|p1a: Raging Bolt|0 fnt
|faint|p1a: Raging Bolt
|-end|p1a: Raging Bolt|Protosynthesis|[silent]
|
|upkeep
|inactive|DCA has 120 seconds left.
|
|t:|1760300321
|switch|p1a: Primarina|Primarina, F|100/100
|-damage|p1a: Primarina|88/100|[from] Stealth Rock
|-damage|p1a: Primarina|76/100|[from] Spikes
|turn|32
|inactive|hiko has 240 seconds left.
|
|t:|1760300327
|-terastallize|p1a: Primarina|Ghost
|move|p1a: Primarina|Substitute|p1a: Primarina
|-start|p1a: Primarina|Substitute
|-damage|p1a: Primarina|51/100
|move|p2a: Blissey|Seismic Toss|p1a: Primarina
|-immune|p1a: Primarina
|
|-heal|p1a: Primarina|57/100|[from] item: Leftovers
|upkeep
|turn|33
|inactive|hiko has 240 seconds left.
|
|t:|1760300344
|switch|p2a: Tornadus|Tornadus-Therian, M|100/100
|move|p1a: Primarina|Calm Mind|p1a: Primarina
|-boost|p1a: Primarina|spa|1
|-boost|p1a: Primarina|spd|1
|
|-heal|p1a: Primarina|63/100|[from] item: Leftovers
|upkeep
|turn|34
|inactive|hiko has 240 seconds left.
|inactive|DCA has 120 seconds left.
|inactive|DCA has 90 seconds left.
|
|t:|1760300397
|move|p2a: Tornadus|Knock Off|p1a: Primarina
|-supereffective|p1a: Primarina
|-end|p1a: Primarina|Substitute
|move|p1a: Primarina|Calm Mind|p1a: Primarina
|-boost|p1a: Primarina|spa|1
|-boost|p1a: Primarina|spd|1
|
|-heal|p1a: Primarina|69/100|[from] item: Leftovers
|upkeep
|turn|35
|
|t:|1760300404
|move|p2a: Tornadus|Knock Off|p1a: Primarina
|-supereffective|p1a: Primarina
|-damage|p1a: Primarina|32/100
|-enditem|p1a: Primarina|Leftovers|[from] move: Knock Off|[of] p2a: Tornadus
|move|p1a: Primarina|Draining Kiss|p2a: Tornadus
|-damage|p2a: Tornadus|54/100
|-heal|p1a: Primarina|67/100|[from] drain|[of] p2a: Tornadus
|
|upkeep
|turn|36
|inactive|DCA has 90 seconds left.
|inactive|hiko has 240 seconds left.
|inactive|DCA has 60 seconds left.
|inactive|hiko has 210 seconds left.
|inactive|hiko has 180 seconds left.
|
|t:|1760300508
|move|p2a: Tornadus|Taunt|p1a: Primarina
|-start|p1a: Primarina|move: Taunt
|move|p1a: Primarina|Draining Kiss|p2a: Tornadus
|-damage|p2a: Tornadus|2/100
|-heal|p1a: Primarina|100/100|[from] drain|[of] p2a: Tornadus
|
|upkeep
|turn|37
|inactive|DCA has 30 seconds left.
|
|t:|1760300537
|move|p2a: Tornadus|U-turn|p1a: Primarina
|-resisted|p1a: Primarina
|-damage|p1a: Primarina|93/100
|
|t:|1760300543
|switch|p2a: Gholdengo|Gholdengo|1/100|[from] U-turn
|-damage|p2a: Gholdengo|0 fnt|[from] Stealth Rock
|faint|p2a: Gholdengo
|move|p1a: Primarina|Draining Kiss|p2: Gholdengo|[notarget]
|-fail|p1a: Primarina
|
|upkeep
|
|t:|1760300548
|switch|p2a: Gliscor|Gliscor, M|59/100 tox
|-damage|p2a: Gliscor|47/100 tox|[from] Stealth Rock
|turn|38
|
|t:|1760300561
|move|p2a: Gliscor|Protect|p2a: Gliscor
|-singleturn|p2a: Gliscor|Protect
|move|p1a: Primarina|Psychic Noise|p2a: Gliscor
|-activate|p2a: Gliscor|move: Protect
|
|-heal|p2a: Gliscor|59/100 tox|[from] ability: Poison Heal
|-end|p1a: Primarina|move: Taunt
|upkeep
|turn|39
|
|t:|1760300566
|move|p2a: Gliscor|Toxic|p1a: Primarina
|-status|p1a: Primarina|tox
|move|p1a: Primarina|Psychic Noise|p2a: Gliscor
|-supereffective|p2a: Gliscor
|-damage|p2a: Gliscor|0 fnt
|faint|p2a: Gliscor
|
|-damage|p1a: Primarina|87/100 tox|[from] psn
|upkeep
|
|t:|1760300575
|switch|p2a: Blissey|Blissey, F|61/100
|turn|40
|
|t:|1760300594
|move|p1a: Primarina|Psychic Noise|p2a: Blissey
|-damage|p2a: Blissey|41/100
|-start|p2a: Blissey|move: Heal Block
|move|p2a: Blissey|Calm Mind|p2a: Blissey
|-boost|p2a: Blissey|spa|1
|-boost|p2a: Blissey|spd|1
|
|-damage|p1a: Primarina|75/100 tox|[from] psn
|upkeep
|turn|41
|
|t:|1760300607
|move|p1a: Primarina|Draining Kiss|p2a: Blissey
|-damage|p2a: Blissey|32/100
|-heal|p1a: Primarina|87/100 tox|[from] drain|[of] p2a: Blissey
|move|p2a: Blissey|Calm Mind|p2a: Blissey
|-boost|p2a: Blissey|spa|1
|-boost|p2a: Blissey|spd|1
|
|-damage|p1a: Primarina|69/100 tox|[from] psn
|-end|p2a: Blissey|move: Heal Block
|upkeep
|turn|42
|inactive|hiko has 180 seconds left.
|
|t:|1760300617
|move|p1a: Primarina|Psychic Noise|p2a: Blissey
|-damage|p2a: Blissey|20/100
|-start|p2a: Blissey|move: Heal Block
|cant|p2a: Blissey|move: Heal Block|Soft-Boiled
|
|-damage|p1a: Primarina|44/100 tox|[from] psn
|upkeep
|turn|43
|inactive|DCA has 60 seconds left.
|inactive|hiko has 180 seconds left.
|inactive|DCA has 30 seconds left.
|inactive|DCA has 20 seconds left.
|inactive|DCA has 15 seconds left.
|
|t:|1760300692
|move|p1a: Primarina|Psychic Noise|p2a: Blissey
|-damage|p2a: Blissey|10/100
|move|p2a: Blissey|Seismic Toss|p1a: Primarina
|-immune|p1a: Primarina
|
|-damage|p1a: Primarina|14/100 tox|[from] psn
|-end|p2a: Blissey|move: Heal Block
|upkeep
|turn|44
|inactive|DCA has 25 seconds left this turn.
|inactive|DCA has 20 seconds left.
|inactive|hiko has 180 seconds left.
|inactive|DCA has 15 seconds left.
|inactive|hiko has 150 seconds left.
|inactive|hiko has 120 seconds left.
|
|t:|1760300774
|switch|p2a: Tornadus|Tornadus-Therian, M|35/100
|move|p1a: Primarina|Draining Kiss|p2a: Tornadus
|-damage|p2a: Tornadus|0 fnt
|-heal|p1a: Primarina|40/100 tox|[from] drain|[of] p2a: Tornadus
|faint|p2a: Tornadus
|
|-damage|p1a: Primarina|4/100 tox|[from] psn
|upkeep
|
|t:|1760300791
|switch|p2a: Blissey|Blissey, F|10/100
|turn|45
|inactive|DCA has 30 seconds left this turn.
|inactive|hiko has 90 seconds left.
|
|t:|1760300817
|move|p1a: Primarina|Substitute|p1a: Primarina
|-fail|p1a: Primarina|move: Substitute|[weak]
|move|p2a: Blissey|Seismic Toss|p1a: Primarina
|-immune|p1a: Primarina
|
|-damage|p1a: Primarina|0 fnt|[from] psn
|faint|p1a: Primarina
|upkeep
|
|t:|1760300821
|switch|p1a: Kingambit|Kingambit, F|94/100
|-damage|p1a: Kingambit|88/100|[from] Stealth Rock
|-activate|p1a: Kingambit|ability: Supreme Overlord
|-start|p1a: Kingambit|fallen5|[silent]
|-item|p1a: Kingambit|Air Balloon
|turn|46
|inactive|hiko has 90 seconds left.
|
|t:|1760300827
|move|p1a: Kingambit|Swords Dance|p1a: Kingambit
|-boost|p1a: Kingambit|atk|2
|move|p2a: Blissey|Seismic Toss|p1a: Kingambit
|-damage|p1a: Kingambit|62/100
|-enditem|p1a: Kingambit|Air Balloon
|
|upkeep
|turn|47
|
|t:|1760300830
|move|p1a: Kingambit|Swords Dance|p1a: Kingambit
|-boost|p1a: Kingambit|atk|2
|move|p2a: Blissey|Seismic Toss|p1a: Kingambit
|-damage|p1a: Kingambit|36/100
|
|upkeep
|turn|48
|
|t:|1760300834
|move|p1a: Kingambit|Kowtow Cleave|p2a: Blissey
|-damage|p2a: Blissey|0 fnt
|faint|p2a: Blissey
|
|upkeep
|
|t:|1760300836
|switch|p2a: Hydrapple|Hydrapple, M|100/100
|turn|49
|
|t:|1760300839
|move|p1a: Kingambit|Kowtow Cleave|p2a: Hydrapple
|-damage|p2a: Hydrapple|0 fnt
|faint|p2a: Hydrapple
|
|win|DCA
|player|p2|
|c|☆DCA|gg
|player|p2|hiko|#scl5machines2|
