|j|☆PV_09
|j|☆undertalethemovie
|t:|1760415431
|gametype|singles
|player|p1|PV_09|hexmaniac-gen3jp|1449
|player|p2|undertalethemovie|n|1471
|gen|9
|tier|[Gen 9] OU
|rated|
|rule|HP Percentage Mod: HP is shown in percentages
|rule|Endless Battle Clause: Forcing endless battles is banned
|rule|Species Clause: Limit one of each Pokémon
|rule|OHKO Clause: OHKO moves are banned
|rule|Evasion Items Clause: Evasion items are banned
|rule|Evasion Moves Clause: Evasion moves are banned
|rule|Evasion Abilities Clause: Evasion abilities are banned
|rule|Sleep Moves Clause: Sleep-inducing moves are banned
|clearpoke
|poke|p1|Hatterene, F|
|poke|p1|Bronzong|
|poke|p1|Primarina, F|
|poke|p1|Iron Hands|
|poke|p1|Gholdengo|
|poke|p1|Ursaluna, M|
|poke|p2|Clodsire, M|
|poke|p2|Ogerpon-Wellspring, F|
|poke|p2|Zoroark-Hisui, F|
|poke|p2|Zamazenta-*|
|poke|p2|Cinderace, F|
|poke|p2|Deoxys-Speed|
|teampreview
|inactive|Battle timer is ON: inactive players will automatically lose when time's up. (requested by undertalethemovie)
|inactive|PV_09 has 120 seconds left.
|
|t:|1760415479
|teamsize|p1|6
|teamsize|p2|6
|start
|switch|p1a: espresso|Hatterene, F|100/100
|switch|p2a: The Writer|Ogerpon-Wellspring, F|100/100
|turn|1
|
|t:|1760415501
|move|p2a: The Writer|U-turn|p1a: espresso
|-damage|p1a: espresso|79/100
|
|t:|1760415503
|switch|p2a: Mumbo|Clodsire, M|100/100|[from] U-turn
|-item|p2a: Mumbo|Air Balloon
|move|p1a: espresso|Trick Room|p1a: espresso
|-fieldstart|move: Trick Room|[of] p1a: espresso
|
|-heal|p1a: espresso|85/100|[from] item: Leftovers
|upkeep
|turn|2
|
|t:|1760415516
|move|p1a: espresso|Psychic|p2a: Mumbo
|-supereffective|p2a: Mumbo
|-damage|p2a: Mumbo|56/100
|-enditem|p2a: Mumbo|Air Balloon
|move|p2a: Mumbo|Toxic|p1a: espresso
|move|p1a: espresso|Toxic|p2a: Mumbo|[from] ability: Magic Bounce
|-immune|p2a: Mumbo
|
|-heal|p1a: espresso|91/100|[from] item: Leftovers
|upkeep
|turn|3
|
|t:|1760415527
|move|p1a: espresso|Psychic|p2a: Mumbo
|-supereffective|p2a: Mumbo
|-damage|p2a: Mumbo|12/100
|move|p2a: Mumbo|Recover|p2a: Mumbo
|-heal|p2a: Mumbo|62/100
|
|-heal|p1a: espresso|97/100|[from] item: Leftovers
|upkeep
|turn|4
|
|t:|1760415535
|move|p1a: espresso|Psychic|p2a: Mumbo
|-supereffective|p2a: Mumbo
|-damage|p2a: Mumbo|22/100
|move|p2a: Mumbo|Recover|p2a: Mumbo
|-heal|p2a: Mumbo|72/100
|
|-heal|p1a: espresso|100/100|[from] item: Leftovers
|upkeep
|turn|5
|
|t:|1760415540
|move|p1a: espresso|Psychic|p2a: Mumbo
|-supereffective|p2a: Mumbo
|-damage|p2a: Mumbo|30/100
|-unboost|p2a: Mumbo|spd|1
|move|p2a: Mumbo|Recover|p2a: Mumbo
|-heal|p2a: Mumbo|80/100
|
|-fieldend|move: Trick Room
|upkeep
|turn|6
|
|t:|1760415549
|move|p2a: Mumbo|Toxic Spikes|p1a: espresso
|move|p1a: espresso|Toxic Spikes|p2a: Mumbo|[from] ability: Magic Bounce
|-sidestart|p2: undertalethemovie|move: Toxic Spikes
|move|p1a: espresso|Trick Room|p1a: espresso
|-fieldstart|move: Trick Room|[of] p1a: espresso
|
|upkeep
|turn|7
|
|t:|1760415555
|move|p1a: espresso|Psychic|p2a: Mumbo
|-supereffective|p2a: Mumbo
|-damage|p2a: Mumbo|20/100
|move|p2a: Mumbo|Toxic Spikes|p1a: espresso
|move|p1a: espresso|Toxic Spikes|p2a: Mumbo|[from] ability: Magic Bounce
|-sidestart|p2: undertalethemovie|move: Toxic Spikes
|
|upkeep
|turn|8
|
|t:|1760415558
|move|p1a: espresso|Psychic|p2a: Mumbo
|-supereffective|p2a: Mumbo
|-damage|p2a: Mumbo|0 fnt
|faint|p2a: Mumbo
|
|upkeep
|
|t:|1760415559
|switch|p2a: Ingerland|Cinderace, F|100/100
|turn|9
|c|☆PV_09|Why?!
|
|t:|1760415570
|move|p1a: espresso|Psychic|p2a: Ingerland
|-damage|p2a: Ingerland|42/100
|-unboost|p2a: Ingerland|spd|1
|move|p2a: Ingerland|Court Change|p2a: Ingerland
|-start|p2a: Ingerland|typechange|Normal|[from] ability: Libero
|-swapsideconditions
|-activate|p2a: Ingerland|move: Court Change
|
|upkeep
|turn|10
|
|t:|1760415579
|move|p1a: espresso|Psychic|p2a: Ingerland
|-damage|p2a: Ingerland|0 fnt
|faint|p2a: Ingerland
|
|-fieldend|move: Trick Room
|upkeep
|
|t:|1760415581
|switch|p2a: The Writer|Ogerpon-Wellspring, F|100/100
|turn|11
|
|t:|1760415587
|-terastallize|p2a: The Writer|Water
|detailschange|p2a: The Writer|Ogerpon-Wellspring-Tera, F, tera:Water
|-ability|p2a: The Writer|Embody Aspect (Wellspring)|boost
|-boost|p2a: The Writer|spd|1
|move|p2a: The Writer|Ivy Cudgel|p1a: espresso|[anim] Ivy Cudgel Water
|-damage|p1a: espresso|33/100
|move|p1a: espresso|Trick Room|p1a: espresso
|-fieldstart|move: Trick Room|[of] p1a: espresso
|
|-heal|p1a: espresso|39/100|[from] item: Leftovers
|upkeep
|turn|12
|
|t:|1760415602
|switch|p2a: The Writer|Ogerpon-Wellspring-Tera, F|100/100
|-item|p2a: The Writer|Air Balloon
|move|p1a: espresso|Psychic|p2a: The Writer
|-damage|p2a: The Writer|13/100
|-unboost|p2a: The Writer|spd|1
|replace|p2a: Count St. Germain|Zoroark-Hisui, F, shiny
|-end|p2a: Count St. Germain|Illusion
|-enditem|p2a: Count St. Germain|Air Balloon
|
|-heal|p1a: espresso|45/100|[from] item: Leftovers
|upkeep
|turn|13
|
|t:|1760415614
|move|p2a: Count St. Germain|Detect|p2a: Count St. Germain
|-singleturn|p2a: Count St. Germain|Protect
|move|p1a: espresso|Draining Kiss|p2a: Count St. Germain
|-activate|p2a: Count St. Germain|move: Protect
|
|-heal|p1a: espresso|50/100|[from] item: Leftovers
|upkeep
|turn|14
|
|t:|1760415620
|switch|p2a: Minami Torishima|Deoxys-Speed|100/100
|-ability|p2a: Minami Torishima|Pressure
|move|p1a: espresso|Draining Kiss|p2a: Minami Torishima
|-crit|p2a: Minami Torishima
|-damage|p2a: Minami Torishima|49/100
|-heal|p1a: espresso|80/100|[from] drain|[of] p2a: Minami Torishima
|
|-heal|p1a: espresso|86/100|[from] item: Leftovers
|upkeep
|turn|15
|
|t:|1760415632
|switch|p2a: The Writer|Ogerpon-Wellspring-Tera, F|13/100
|move|p1a: espresso|Draining Kiss|p2a: The Writer
|-damage|p2a: The Writer|0 fnt
|-heal|p1a: espresso|93/100|[from] drain|[of] p2a: The Writer
|replace|p2a: Count St. Germain|Zoroark-Hisui, F, shiny
|-end|p2a: Count St. Germain|Illusion
|faint|p2a: Count St. Germain
|
|-heal|p1a: espresso|99/100|[from] item: Leftovers
|-fieldend|move: Trick Room
|upkeep
|
|t:|1760415633
|switch|p2a: The Writer|Ogerpon-Wellspring-Tera, F, tera:Water|100/100
|-ability|p2a: The Writer|Embody Aspect (Wellspring)|boost
|-boost|p2a: The Writer|spd|1
|turn|16
|
|t:|1760415645
|move|p2a: The Writer|Encore|p1a: espresso
|move|p1a: espresso|Encore||[from] ability: Magic Bounce|[still]
|-fail|p1a: espresso
|move|p1a: espresso|Trick Room|p1a: espresso
|-fieldstart|move: Trick Room|[of] p1a: espresso
|
|-heal|p1a: espresso|100/100|[from] item: Leftovers
|upkeep
|turn|17
|
|t:|1760415655
|move|p1a: espresso|Psychic|p2a: The Writer
|-damage|p2a: The Writer|71/100
|-unboost|p2a: The Writer|spd|1
|move|p2a: The Writer|Ivy Cudgel|p1a: espresso|[anim] Ivy Cudgel Water
|-damage|p1a: espresso|38/100
|
|-heal|p1a: espresso|44/100|[from] item: Leftovers
|upkeep
|turn|18
|
|t:|1760415664
|move|p1a: espresso|Draining Kiss|p2a: The Writer
|-damage|p2a: The Writer|42/100
|-heal|p1a: espresso|64/100|[from] drain|[of] p2a: The Writer
|move|p2a: The Writer|Ivy Cudgel|p1a: espresso|[anim] Ivy Cudgel Water
|-damage|p1a: espresso|0 fnt
|faint|p1a: espresso
|
|upkeep
|
|t:|1760415671
|switch|p1a: nice & slow|Ursaluna, M|100/100
|-status|p1a: nice & slow|tox
|turn|19
|
|t:|1760415678
|switch|p2a: Pokemon Shield|Zamazenta|100/100
|-ability|p2a: Pokemon Shield|Dauntless Shield|boost
|-boost|p2a: Pokemon Shield|def|1
|move|p1a: nice & slow|Facade|p2a: Pokemon Shield
|-damage|p2a: Pokemon Shield|29/100
|
|-heal|p2a: Pokemon Shield|35/100|[from] item: Leftovers
|-damage|p1a: nice & slow|94/100 tox|[from] psn
|upkeep
|turn|20
|
|t:|1760415685
|switch|p2a: Minami Torishima|Deoxys-Speed|49/100
|-ability|p2a: Minami Torishima|Pressure
|move|p1a: nice & slow|Facade|p2a: Minami Torishima
|-damage|p2a: Minami Torishima|0 fnt
|faint|p2a: Minami Torishima
|
|-damage|p1a: nice & slow|82/100 tox|[from] psn
|-fieldend|move: Trick Room
|upkeep
|
|t:|1760415687
|switch|p2a: Pokemon Shield|Zamazenta|35/100
|turn|21
|
|t:|1760415690
|switch|p1a: *NSYNC|Bronzong|100/100
|move|p2a: Pokemon Shield|Close Combat|p1a: *NSYNC
|-crit|p1a: *NSYNC
|-damage|p1a: *NSYNC|24/100
|-unboost|p2a: Pokemon Shield|def|1
|-unboost|p2a: Pokemon Shield|spd|1
|
|-heal|p2a: Pokemon Shield|41/100|[from] item: Leftovers
|-heal|p1a: *NSYNC|30/100|[from] item: Leftovers
|upkeep
|turn|22
|
|t:|1760415696
|move|p2a: Pokemon Shield|Crunch|p1a: *NSYNC
|-supereffective|p1a: *NSYNC
|-damage|p1a: *NSYNC|0 fnt
|faint|p1a: *NSYNC
|
|-heal|p2a: Pokemon Shield|47/100|[from] item: Leftovers
|upkeep
|
|t:|1760415706
|switch|p1a: primadonna|Primarina, F|100/100
|-status|p1a: primadonna|tox
|turn|23
|
|t:|1760415709
|move|p2a: Pokemon Shield|Iron Head|p1a: primadonna
|-damage|p1a: primadonna|69/100 tox
|move|p1a: primadonna|Moonblast|p2a: Pokemon Shield
|-supereffective|p2a: Pokemon Shield
|-damage|p2a: Pokemon Shield|0 fnt
|faint|p2a: Pokemon Shield
|-damage|p1a: primadonna|59/100 tox|[from] item: Life Orb
|
|-damage|p1a: primadonna|53/100 tox|[from] psn
|upkeep
|
|t:|1760415712
|switch|p2a: The Writer|Ogerpon-Wellspring-Tera, F, tera:Water|42/100
|-ability|p2a: The Writer|Embody Aspect (Wellspring)|boost
|-boost|p2a: The Writer|spd|1
|turn|24
|
|t:|1760415724
|-terastallize|p1a: primadonna|Grass
|move|p2a: The Writer|Horn Leech|p1a: primadonna
|-resisted|p1a: primadonna
|-damage|p1a: primadonna|25/100 tox
|-heal|p2a: The Writer|58/100|[from] drain|[of] p1a: primadonna
|move|p1a: primadonna|Moonblast|p2a: The Writer
|-damage|p2a: The Writer|2/100
|-unboost|p2a: The Writer|spa|1
|-damage|p1a: primadonna|16/100 tox|[from] item: Life Orb
|
|-damage|p1a: primadonna|4/100 tox|[from] psn
|upkeep
|turn|25
|
|t:|1760415734
|move|p2a: The Writer|U-turn|p1a: primadonna
|-supereffective|p1a: primadonna
|-damage|p1a: primadonna|0 fnt
|faint|p1a: primadonna
|
|upkeep
|
|t:|1760415736
|switch|p1a: tesla-gnarly|Iron Hands|100/100
|-status|p1a: tesla-gnarly|tox
|turn|26
|
|t:|1760415738
|move|p2a: The Writer|Ivy Cudgel|p1a: tesla-gnarly|[anim] Ivy Cudgel Water
|-damage|p1a: tesla-gnarly|51/100 tox
|move|p1a: tesla-gnarly|Wild Charge|p2a: The Writer
|-supereffective|p2a: The Writer
|-damage|p2a: The Writer|0 fnt
|faint|p2a: The Writer
|detailschange|p2: The Writer|Ogerpon-Wellspring, F|[silent]
|-damage|p1a: tesla-gnarly|50/100 tox|[from] Recoil
|
|win|PV_09
|raw|PV_09's rating: 1449 &rarr; <strong>1470</strong><br />(+21 for winning)
|raw|undertalethemovie's rating: 1471 &rarr; <strong>1450</strong><br />(-21 for losing)
|l|☆undertalethemovie
|player|p2|
|l|☆PV_09
|player|p1|
