|j|☆Elphix
|j|☆zgtthtrdhnfj
|t:|1760332853
|gametype|singles
|player|p1|Elphix|madame-gen4|1137
|player|p2|zgtthtrdhnfj|crasherwake|1159
|gen|9
|tier|[Gen 9] OU
|rated|
|rule|HP Percentage Mod: HP is shown in percentages
|rule|Endless Battle Clause: Forcing endless battles is banned
|rule|Species Clause: Limit one of each Pokémon
|rule|OHKO Clause: OHKO moves are banned
|rule|Evasion Items Clause: Evasion items are banned
|rule|Evasion Moves Clause: Evasion moves are banned
|rule|Evasion Abilities Clause: Evasion abilities are banned
|rule|Sleep Moves Clause: Sleep-inducing moves are banned
|clearpoke
|poke|p1|Latias, F|
|poke|p1|Ursaluna, F|
|poke|p1|Skarmory, F|
|poke|p1|Zapdos-Galar|
|poke|p1|Vikavolt, F|
|poke|p1|Primarina, F|
|poke|p2|Blissey, F|
|poke|p2|Corviknight, M|
|poke|p2|Weezing-Galar, F|
|poke|p2|Gliscor, M|
|poke|p2|Toxapex, F|
|poke|p2|Glimmora, F|
|teampreview
|
|t:|1760332870
|teamsize|p1|6
|teamsize|p2|6
|start
|switch|p1a: Latias|Latias, F|100/100
|switch|p2a: Gliscor|Gliscor, M|100/100
|turn|1
|
|t:|1760332883
|switch|p1a: Skarmory|Skarmory, F, shiny|100/100
|move|p2a: Gliscor|Stealth Rock|p1a: Skarmory
|-sidestart|p1: Elphix|move: Stealth Rock
|
|-status|p2a: Gliscor|tox|[from] item: Toxic Orb
|upkeep
|turn|2
|
|t:|1760332897
|switch|p2a: Corviknight|Corviknight, M|100/100
|-ability|p2a: Corviknight|Pressure
|move|p1a: Skarmory|Iron Defense|p1a: Skarmory
|-boost|p1a: Skarmory|def|2
|
|upkeep
|turn|3
|
|t:|1760332917
|move|p1a: Skarmory|Body Press|p2a: Corviknight
|-damage|p2a: Corviknight|64/100
|move|p2a: Corviknight|Iron Defense|p2a: Corviknight
|-boost|p2a: Corviknight|def|2
|
|-heal|p2a: Corviknight|70/100|[from] item: Leftovers
|upkeep
|turn|4
|
|t:|1760332928
|move|p1a: Skarmory|Iron Defense|p1a: Skarmory
|-boost|p1a: Skarmory|def|2
|move|p2a: Corviknight|Iron Defense|p2a: Corviknight
|-boost|p2a: Corviknight|def|2
|
|-heal|p2a: Corviknight|76/100|[from] item: Leftovers
|upkeep
|turn|5
|
|t:|1760332939
|move|p1a: Skarmory|Body Press|p2a: Corviknight
|-damage|p2a: Corviknight|57/100
|move|p2a: Corviknight|Iron Defense|p2a: Corviknight
|-boost|p2a: Corviknight|def|2
|
|-heal|p2a: Corviknight|63/100|[from] item: Leftovers
|upkeep
|turn|6
|
|t:|1760332955
|move|p1a: Skarmory|Iron Defense|p1a: Skarmory
|-boost|p1a: Skarmory|def|2
|move|p2a: Corviknight|Body Press|p1a: Skarmory
|-damage|p1a: Skarmory|85/100
|-damage|p2a: Corviknight|47/100|[from] item: Rocky Helmet|[of] p1a: Skarmory
|
|-heal|p2a: Corviknight|53/100|[from] item: Leftovers
|upkeep
|turn|7
|
|t:|1760332966
|move|p1a: Skarmory|Stealth Rock|p2a: Corviknight
|-sidestart|p2: zgtthtrdhnfj|move: Stealth Rock
|move|p2a: Corviknight|Roost|p2a: Corviknight
|-heal|p2a: Corviknight|100/100
|-singleturn|p2a: Corviknight|move: Roost
|
|upkeep
|turn|8
|
|t:|1760332981
|move|p1a: Skarmory|Body Press|p2a: Corviknight
|-damage|p2a: Corviknight|81/100
|move|p2a: Corviknight|Body Press|p1a: Skarmory
|-damage|p1a: Skarmory|71/100
|-damage|p2a: Corviknight|65/100|[from] item: Rocky Helmet|[of] p1a: Skarmory
|
|-heal|p2a: Corviknight|71/100|[from] item: Leftovers
|upkeep
|turn|9
|
|t:|1760333002
|move|p1a: Skarmory|Body Press|p2a: Corviknight
|-damage|p2a: Corviknight|51/100
|move|p2a: Corviknight|Iron Defense|p2a: Corviknight
|-boost|p2a: Corviknight|def|0
|
|-heal|p2a: Corviknight|57/100|[from] item: Leftovers
|upkeep
|turn|10
|
|t:|1760333010
|move|p1a: Skarmory|Body Press|p2a: Corviknight
|-damage|p2a: Corviknight|38/100
|move|p2a: Corviknight|Body Press|p1a: Skarmory
|-damage|p1a: Skarmory|55/100
|-damage|p2a: Corviknight|21/100|[from] item: Rocky Helmet|[of] p1a: Skarmory
|
|-heal|p2a: Corviknight|27/100|[from] item: Leftovers
|upkeep
|turn|11
|
|t:|1760333021
|move|p1a: Skarmory|Body Press|p2a: Corviknight
|-damage|p2a: Corviknight|9/100
|move|p2a: Corviknight|Roost|p2a: Corviknight
|-heal|p2a: Corviknight|59/100
|-singleturn|p2a: Corviknight|move: Roost
|
|-heal|p2a: Corviknight|65/100|[from] item: Leftovers
|upkeep
|turn|12
|
|t:|1760333032
|move|p1a: Skarmory|Body Press|p2a: Corviknight
|-damage|p2a: Corviknight|45/100
|move|p2a: Corviknight|Brave Bird|p1a: Skarmory
|-resisted|p1a: Skarmory
|-damage|p1a: Skarmory|52/100
|-damage|p2a: Corviknight|28/100|[from] item: Rocky Helmet|[of] p1a: Skarmory
|-damage|p2a: Corviknight|28/100|[from] Recoil
|
|-heal|p2a: Corviknight|34/100|[from] item: Leftovers
|upkeep
|turn|13
|
|t:|1760333049
|move|p1a: Skarmory|Body Press|p2a: Corviknight
|-damage|p2a: Corviknight|14/100
|move|p2a: Corviknight|Roost|p2a: Corviknight
|-heal|p2a: Corviknight|64/100
|-singleturn|p2a: Corviknight|move: Roost
|
|-heal|p2a: Corviknight|70/100|[from] item: Leftovers
|upkeep
|turn|14
|
|t:|1760333062
|move|p1a: Skarmory|Iron Defense|p1a: Skarmory
|-boost|p1a: Skarmory|def|0
|move|p2a: Corviknight|Body Press|p1a: Skarmory
|-damage|p1a: Skarmory|38/100
|-damage|p2a: Corviknight|54/100|[from] item: Rocky Helmet|[of] p1a: Skarmory
|
|-heal|p2a: Corviknight|60/100|[from] item: Leftovers
|upkeep
|turn|15
|
|t:|1760333074
|move|p1a: Skarmory|Iron Defense|p1a: Skarmory
|-boost|p1a: Skarmory|def|0
|move|p2a: Corviknight|Body Press|p1a: Skarmory
|-damage|p1a: Skarmory|23/100
|-damage|p2a: Corviknight|44/100|[from] item: Rocky Helmet|[of] p1a: Skarmory
|
|-heal|p2a: Corviknight|50/100|[from] item: Leftovers
|upkeep
|turn|16
|
|t:|1760333084
|move|p1a: Skarmory|Iron Defense|p1a: Skarmory
|-boost|p1a: Skarmory|def|0
|move|p2a: Corviknight|Body Press|p1a: Skarmory
|-damage|p1a: Skarmory|8/100
|-damage|p2a: Corviknight|33/100|[from] item: Rocky Helmet|[of] p1a: Skarmory
|
|-heal|p2a: Corviknight|40/100|[from] item: Leftovers
|upkeep
|turn|17
|
|t:|1760333094
|move|p1a: Skarmory|Roost|p1a: Skarmory
|-heal|p1a: Skarmory|58/100
|-singleturn|p1a: Skarmory|move: Roost
|move|p2a: Corviknight|Roost|p2a: Corviknight
|-heal|p2a: Corviknight|90/100
|-singleturn|p2a: Corviknight|move: Roost
|
|-heal|p2a: Corviknight|96/100|[from] item: Leftovers
|upkeep
|turn|18
|
|t:|1760333107
|move|p1a: Skarmory|Iron Defense|p1a: Skarmory
|-boost|p1a: Skarmory|def|0
|move|p2a: Corviknight|Body Press|p1a: Skarmory
|-damage|p1a: Skarmory|43/100
|-damage|p2a: Corviknight|79/100|[from] item: Rocky Helmet|[of] p1a: Skarmory
|
|-heal|p2a: Corviknight|86/100|[from] item: Leftovers
|upkeep
|turn|19
|
|t:|1760333117
|move|p1a: Skarmory|Iron Defense|p1a: Skarmory
|-boost|p1a: Skarmory|def|0
|move|p2a: Corviknight|Body Press|p1a: Skarmory
|-damage|p1a: Skarmory|27/100
|-damage|p2a: Corviknight|69/100|[from] item: Rocky Helmet|[of] p1a: Skarmory
|
|-heal|p2a: Corviknight|75/100|[from] item: Leftovers
|upkeep
|turn|20
|
|t:|1760333126
|move|p1a: Skarmory|Iron Defense|p1a: Skarmory
|-boost|p1a: Skarmory|def|0
|move|p2a: Corviknight|Body Press|p1a: Skarmory
|-damage|p1a: Skarmory|12/100
|-damage|p2a: Corviknight|59/100|[from] item: Rocky Helmet|[of] p1a: Skarmory
|
|-heal|p2a: Corviknight|65/100|[from] item: Leftovers
|upkeep
|turn|21
|
|t:|1760333137
|move|p1a: Skarmory|Roost|p1a: Skarmory
|-heal|p1a: Skarmory|62/100
|-singleturn|p1a: Skarmory|move: Roost
|move|p2a: Corviknight|Body Press|p1a: Skarmory
|-supereffective|p1a: Skarmory
|-damage|p1a: Skarmory|32/100
|-damage|p2a: Corviknight|49/100|[from] item: Rocky Helmet|[of] p1a: Skarmory
|
|-heal|p2a: Corviknight|55/100|[from] item: Leftovers
|upkeep
|turn|22
|
|t:|1760333151
|move|p1a: Skarmory|Roost|p1a: Skarmory
|-heal|p1a: Skarmory|82/100
|-singleturn|p1a: Skarmory|move: Roost
|move|p2a: Corviknight|Iron Defense|p2a: Corviknight
|-boost|p2a: Corviknight|def|0
|
|-heal|p2a: Corviknight|61/100|[from] item: Leftovers
|upkeep
|turn|23
|
|t:|1760333176
|move|p1a: Skarmory|Iron Defense|p1a: Skarmory
|-boost|p1a: Skarmory|def|0
|move|p2a: Corviknight|Iron Defense|p2a: Corviknight
|-boost|p2a: Corviknight|def|0
|
|-heal|p2a: Corviknight|67/100|[from] item: Leftovers
|upkeep
|turn|24
|
|t:|1760333185
|move|p1a: Skarmory|Iron Defense|p1a: Skarmory
|-boost|p1a: Skarmory|def|0
|move|p2a: Corviknight|Iron Defense|p2a: Corviknight
|-boost|p2a: Corviknight|def|0
|
|-heal|p2a: Corviknight|74/100|[from] item: Leftovers
|upkeep
|turn|25
|
|t:|1760333193
|move|p1a: Skarmory|Iron Defense|p1a: Skarmory
|-boost|p1a: Skarmory|def|0
|move|p2a: Corviknight|Iron Defense|p2a: Corviknight
|-boost|p2a: Corviknight|def|0
|
|-heal|p2a: Corviknight|80/100|[from] item: Leftovers
|upkeep
|turn|26
|
|t:|1760333220
|move|p1a: Skarmory|Iron Defense|p1a: Skarmory
|-boost|p1a: Skarmory|def|0
|move|p2a: Corviknight|Iron Defense|p2a: Corviknight
|-boost|p2a: Corviknight|def|0
|
|-heal|p2a: Corviknight|86/100|[from] item: Leftovers
|upkeep
|turn|27
|
|t:|1760333245
|switch|p1a: Vikavolt|Vikavolt, F, shiny|100/100
|-damage|p1a: Vikavolt|75/100|[from] Stealth Rock
|move|p2a: Corviknight|Body Press|p1a: Vikavolt
|-resisted|p1a: Vikavolt
|-damage|p1a: Vikavolt|9/100
|
|-heal|p2a: Corviknight|92/100|[from] item: Leftovers
|upkeep
|turn|28
|
|t:|1760333256
|move|p2a: Corviknight|Brave Bird|p1a: Vikavolt
|-damage|p1a: Vikavolt|0 fnt
|faint|p1a: Vikavolt
|-damage|p2a: Corviknight|90/100|[from] Recoil
|
|-heal|p2a: Corviknight|96/100|[from] item: Leftovers
|upkeep
|
|t:|1760333274
|switch|p1a: Latias|Latias, F|100/100
|-damage|p1a: Latias|88/100|[from] Stealth Rock
|turn|29
|
|t:|1760333293
|move|p1a: Latias|Dragon Pulse|p2a: Corviknight
|-resisted|p2a: Corviknight
|-damage|p2a: Corviknight|72/100
|move|p2a: Corviknight|Brave Bird|p1a: Latias
|-damage|p1a: Latias|38/100
|-damage|p2a: Corviknight|60/100|[from] Recoil
|
|-heal|p2a: Corviknight|66/100|[from] item: Leftovers
|upkeep
|turn|30
|-message|Elphix forfeited.
|
|win|zgtthtrdhnfj
|raw|Elphix's rating: 1137 &rarr; <strong>1114</strong><br />(-23 for losing)
|raw|zgtthtrdhnfj's rating: 1159 &rarr; <strong>1182</strong><br />(+23 for winning)
|l|☆Elphix
|player|p1|
|l|☆zgtthtrdhnfj
|player|p2|
