|j|☆mr tickley
|j|☆DontMissMantine
|t:|1760396158
|gametype|singles
|player|p1|mr tickley|preschooler|1711
|player|p2|DontMissMantine|lucas|1787
|gen|9
|tier|[Gen 9] OU
|rated|
|rule|HP Percentage Mod: HP is shown in percentages
|rule|Endless Battle Clause: Forcing endless battles is banned
|rule|Species Clause: Limit one of each Pokémon
|rule|OHKO Clause: OHKO moves are banned
|rule|Evasion Items Clause: Evasion items are banned
|rule|Evasion Moves Clause: Evasion moves are banned
|rule|Evasion Abilities Clause: Evasion abilities are banned
|rule|Sleep Moves Clause: Sleep-inducing moves are banned
|clearpoke
|poke|p1|Duraludon, M|
|poke|p1|Great Tusk|
|poke|p1|Rillaboom, F|
|poke|p1|Dragapult, M|
|poke|p1|Samurott-Hisui, M|
|poke|p1|Slowking-Galar, F|
|poke|p2|Pelipper, M|
|poke|p2|Beartic, M|
|poke|p2|Barraskewda, M|
|poke|p2|Ogerpon-Wellspring, F|
|poke|p2|Zapdos|
|poke|p2|Hatterene, F|
|teampreview
|inactive|Battle timer is ON: inactive players will automatically lose when time's up. (requested by mr tickley)
|
|t:|1760396162
|teamsize|p1|6
|teamsize|p2|6
|start
|switch|p1a: Dragapult|Dragapult, M|100/100
|switch|p2a: Pelipper|Pelipper, M|100/100
|-weather|RainDance|[from] ability: Drizzle|[of] p2a: Pelipper
|turn|1
|
|t:|1760396174
|switch|p2a: Zapdos|Zapdos|100/100
|move|p1a: Dragapult|Shadow Ball|p2a: Zapdos
|-damage|p2a: Zapdos|64/100
|
|-weather|RainDance|[upkeep]
|upkeep
|turn|2
|
|t:|1760396192
|move|p1a: Dragapult|Shadow Ball|p2a: Zapdos
|-damage|p2a: Zapdos|23/100
|move|p2a: Zapdos|Volt Switch|p1a: Dragapult
|-resisted|p1a: Dragapult
|-damage|p1a: Dragapult|75/100
|
|t:|1760396201
|switch|p2a: Barraskewda|Barraskewda, M|100/100|[from] Volt Switch
|
|-weather|RainDance|[upkeep]
|upkeep
|turn|3
|
|t:|1760396222
|switch|p1a: Duraludon|Duraludon, M|100/100
|-terastallize|p2a: Barraskewda|Water
|move|p2a: Barraskewda|Liquidation|p1a: Duraludon
|-resisted|p1a: Duraludon
|-damage|p1a: Duraludon|77/100
|-unboost|p1a: Duraludon|def|1
|
|-weather|RainDance|[upkeep]
|upkeep
|turn|4
|j| FaronAan
|l| FaronAan
|inactive|mr tickley has 120 seconds left.
|
|t:|1760396243
|move|p2a: Barraskewda|Flip Turn|p1a: Duraludon
|-resisted|p1a: Duraludon
|-damage|p1a: Duraludon|50/100
|
|t:|1760396247
|switch|p2a: Hatterene|Hatterene, F|100/100|[from] Flip Turn
|move|p1a: Duraludon|Thunder Wave|p2a: Hatterene
|move|p2a: Hatterene|Thunder Wave|p1a: Duraludon|[from] ability: Magic Bounce
|-status|p1a: Duraludon|par
|
|-weather|RainDance|[upkeep]
|upkeep
|turn|5
|
|t:|1760396259
|switch|p2a: Barraskewda|Barraskewda, M, tera:Water|100/100
|move|p1a: Duraludon|Flash Cannon|p2a: Barraskewda
|-resisted|p2a: Barraskewda
|-crit|p2a: Barraskewda
|-damage|p2a: Barraskewda|52/100
|
|-weather|RainDance|[upkeep]
|upkeep
|turn|6
|
|t:|1760396271
|switch|p1a: Slowking|Slowking-Galar, F|100/100
|move|p2a: Barraskewda|Close Combat|p1a: Slowking
|-resisted|p1a: Slowking
|-damage|p1a: Slowking|90/100
|-unboost|p2a: Barraskewda|def|1
|-unboost|p2a: Barraskewda|spd|1
|
|-weather|RainDance|[upkeep]
|upkeep
|turn|7
|
|t:|1760396282
|move|p2a: Barraskewda|Liquidation|p1a: Slowking
|-damage|p1a: Slowking|0 fnt
|faint|p1a: Slowking
|
|-weather|RainDance|[upkeep]
|upkeep
|
|t:|1760396286
|switch|p1a: Rillaboom|Rillaboom, F|100/100
|-fieldstart|move: Grassy Terrain|[from] ability: Grassy Surge|[of] p1a: Rillaboom
|turn|8
|
|t:|1760396294
|switch|p2a: Hatterene|Hatterene, F|100/100
|move|p1a: Rillaboom|Grassy Glide|p2a: Hatterene
|-damage|p2a: Hatterene|58/100
|-enditem|p2a: Hatterene|Eject Button
|-damage|p1a: Rillaboom|91/100|[from] item: Life Orb
|
|t:|1760396305
|switch|p2a: Zapdos|Zapdos|23/100
|
|-weather|none
|-heal|p1a: Rillaboom|97/100|[from] Grassy Terrain
|upkeep
|turn|9
|
|t:|1760396311
|-terastallize|p1a: Rillaboom|Grass
|move|p1a: Rillaboom|Grassy Glide|p2a: Zapdos
|-resisted|p2a: Zapdos
|-crit|p2a: Zapdos
|-damage|p2a: Zapdos|0 fnt
|faint|p2a: Zapdos
|-damage|p1a: Rillaboom|87/100|[from] item: Life Orb
|
|-heal|p1a: Rillaboom|93/100|[from] Grassy Terrain
|upkeep
|
|t:|1760396322
|switch|p2a: Pelipper|Pelipper, M|100/100
|-weather|RainDance|[from] ability: Drizzle|[of] p2a: Pelipper
|turn|10
|
|t:|1760396327
|move|p1a: Rillaboom|U-turn|p2a: Pelipper
|-resisted|p2a: Pelipper
|-damage|p2a: Pelipper|88/100
|-damage|p1a: Rillaboom|83/100|[from] item: Life Orb
|
|t:|1760396330
|switch|p1a: Duraludon|Duraludon, M|50/100 par|[from] U-turn
|move|p2a: Pelipper|Hurricane|p1a: Duraludon
|-resisted|p1a: Duraludon
|-damage|p1a: Duraludon|28/100 par
|
|-weather|RainDance|[upkeep]
|-heal|p1a: Duraludon|35/100 par|[from] Grassy Terrain
|upkeep
|turn|11
|
|t:|1760396340
|switch|p2a: Ogerpon|Ogerpon-Wellspring, F|100/100
|move|p1a: Duraludon|Stealth Rock|p2a: Ogerpon
|-sidestart|p2: DontMissMantine|move: Stealth Rock
|
|-weather|RainDance|[upkeep]
|-heal|p1a: Duraludon|41/100 par|[from] Grassy Terrain
|upkeep
|turn|12
|
|t:|1760396348
|move|p2a: Ogerpon|Encore|p1a: Duraludon
|-start|p1a: Duraludon|Encore
|move|p1a: Duraludon|Stealth Rock||[still]
|-fail|p1a: Duraludon
|
|-weather|RainDance|[upkeep]
|-heal|p1a: Duraludon|47/100 par|[from] Grassy Terrain
|-fieldend|move: Grassy Terrain
|upkeep
|turn|13
|
|t:|1760396357
|switch|p1a: Dragapult|Dragapult, M|75/100
|move|p2a: Ogerpon|Ivy Cudgel|p1a: Dragapult|[anim] Ivy Cudgel Water
|-resisted|p1a: Dragapult
|-damage|p1a: Dragapult|12/100
|
|-weather|RainDance|[upkeep]
|upkeep
|turn|14
|
|t:|1760396368
|move|p1a: Dragapult|Draco Meteor|p2a: Ogerpon
|-damage|p2a: Ogerpon|0 fnt
|-unboost|p1a: Dragapult|spa|2
|faint|p2a: Ogerpon
|
|-weather|RainDance|[upkeep]
|upkeep
|
|t:|1760396376
|switch|p2a: Beartic|Beartic, M|100/100
|-damage|p2a: Beartic|76/100|[from] Stealth Rock
|turn|15
|
|t:|1760396383
|move|p1a: Dragapult|Draco Meteor|p2a: Beartic
|-damage|p2a: Beartic|19/100
|-unboost|p1a: Dragapult|spa|2
|move|p2a: Beartic|Icicle Spear|p1a: Dragapult
|-supereffective|p1a: Dragapult
|-damage|p1a: Dragapult|0 fnt
|faint|p1a: Dragapult
|-hitcount|p1: Dragapult|1
|
|-weather|RainDance|[upkeep]
|upkeep
|-message|DontMissMantine forfeited.
|
|win|mr tickley
|raw|mr tickley's rating: 1711 &rarr; <strong>1735</strong><br />(+24 for winning)
|raw|DontMissMantine's rating: 1787 &rarr; <strong>1763</strong><br />(-24 for losing)
|l|☆DontMissMantine
|player|p2|
|l|☆mr tickley
|player|p1|
