|j|☆Istiakwub
|j|☆Mazu623
|t:|1760433990
|gametype|singles
|player|p1|Istiakwub|101|1059
|player|p2|Mazu623|102|1102
|gen|9
|tier|[Gen 9] OU
|rated|
|rule|HP Percentage Mod: HP is shown in percentages
|rule|Endless Battle Clause: Forcing endless battles is banned
|rule|Species Clause: Limit one of each Pokémon
|rule|OHKO Clause: OHKO moves are banned
|rule|Evasion Items Clause: Evasion items are banned
|rule|Evasion Moves Clause: Evasion moves are banned
|rule|Evasion Abilities Clause: Evasion abilities are banned
|rule|Sleep Moves Clause: Sleep-inducing moves are banned
|clearpoke
|poke|p1|Hydreigon, M|
|poke|p1|Clawitzer, F|
|poke|p1|Azumarill, F|
|poke|p1|Serperior, F|
|poke|p1|Excadrill, M|
|poke|p1|Blaziken, M|
|poke|p2|Bronzong|
|poke|p2|Toxapex, F|
|poke|p2|Ursaluna, M|
|poke|p2|Porygon2|
|poke|p2|Scizor, F|
|poke|p2|Moltres|
|teampreview
|
|t:|1760434032
|teamsize|p1|6
|teamsize|p2|6
|start
|switch|p1a: Blaziken|Blaziken, M, shiny|100/100
|switch|p2a: Toxapex|Toxapex, F|100/100
|turn|1
|
|t:|1760434060
|-terastallize|p1a: Blaziken|Flying
|move|p1a: Blaziken|Brave Bird|p2a: Toxapex
|-damage|p2a: Toxapex|37/100
|-damage|p1a: Blaziken|80/100|[from] Recoil
|-damage|p1a: Blaziken|70/100|[from] item: Life Orb
|move|p2a: Toxapex|Sludge Bomb|p1a: Blaziken
|-damage|p1a: Blaziken|26/100
|
|-ability|p1a: Blaziken|Speed Boost|boost
|-boost|p1a: Blaziken|spe|1
|upkeep
|turn|2
|
|t:|1760434086
|switch|p2a: Moltres|Moltres|100/100
|move|p1a: Blaziken|Brave Bird|p2a: Moltres
|-damage|p2a: Moltres|3/100
|-damage|p1a: Blaziken|0 fnt|[from] Recoil
|faint|p1a: Blaziken
|
|upkeep
|
|t:|1760434108
|switch|p1a: Azumarill|Azumarill, F, shiny|100/100
|turn|3
|
|t:|1760434122
|switch|p2a: Porygon2|Porygon2|100/100
|-ability|p2a: Porygon2|Download|boost
|-boost|p2a: Porygon2|atk|1
|move|p1a: Azumarill|Aqua Jet|p2a: Porygon2
|-damage|p2a: Porygon2|83/100
|
|upkeep
|turn|4
|
|t:|1760434134
|move|p2a: Porygon2|Thunderbolt|p1a: Azumarill
|-supereffective|p1a: Azumarill
|-damage|p1a: Azumarill|59/100
|move|p1a: Azumarill|Superpower|p2a: Porygon2
|-supereffective|p2a: Porygon2
|-damage|p2a: Porygon2|16/100
|-unboost|p1a: Azumarill|atk|1
|-unboost|p1a: Azumarill|def|1
|
|upkeep
|turn|5
|
|t:|1760434156
|switch|p2a: Toxapex|Toxapex, F|71/100
|move|p1a: Azumarill|Aqua Jet|p2a: Toxapex
|-resisted|p2a: Toxapex
|-damage|p2a: Toxapex|64/100
|
|upkeep
|turn|6
|
|t:|1760434170
|switch|p1a: Excadrill|Excadrill, M|100/100
|-ability|p1a: Excadrill|Mold Breaker
|move|p2a: Toxapex|Surf|p1a: Excadrill
|-supereffective|p1a: Excadrill
|-damage|p1a: Excadrill|19/100
|
|upkeep
|turn|7
|
|t:|1760434187
|switch|p2a: Bronzong|Bronzong|100/100
|move|p1a: Excadrill|Slash|p2a: Bronzong
|-resisted|p2a: Bronzong
|-crit|p2a: Bronzong
|-damage|p2a: Bronzong|83/100
|
|-heal|p2a: Bronzong|89/100|[from] item: Leftovers
|upkeep
|turn|8
|
|t:|1760434199
|move|p1a: Excadrill|Drill Run|p2a: Bronzong
|-supereffective|p2a: Bronzong
|-damage|p2a: Bronzong|16/100
|move|p2a: Bronzong|Trick Room|p2a: Bronzong
|-fieldstart|move: Trick Room|[of] p2a: Bronzong
|
|-heal|p2a: Bronzong|23/100|[from] item: Leftovers
|upkeep
|turn|9
|
|t:|1760434222
|switch|p1a: Azumarill|Azumarill, F, shiny|59/100
|move|p2a: Bronzong|Earthquake|p1a: Azumarill
|-damage|p1a: Azumarill|30/100
|
|-heal|p2a: Bronzong|29/100|[from] item: Leftovers
|upkeep
|turn|10
|
|t:|1760434236
|move|p2a: Bronzong|Gyro Ball|p1a: Azumarill
|-damage|p1a: Azumarill|7/100
|move|p1a: Azumarill|Waterfall|p2a: Bronzong
|-damage|p2a: Bronzong|0 fnt
|faint|p2a: Bronzong
|
|upkeep
|
|t:|1760434243
|switch|p2a: Porygon2|Porygon2|16/100
|-ability|p2a: Porygon2|Download|boost
|-boost|p2a: Porygon2|atk|1
|turn|11
|
|t:|1760434253
|move|p1a: Azumarill|Waterfall|p2a: Porygon2
|-damage|p2a: Porygon2|0 fnt
|faint|p2a: Porygon2
|
|upkeep
|
|t:|1760434263
|switch|p2a: Toxapex|Toxapex, F|97/100
|turn|12
|
|t:|1760434299
|switch|p1a: Clawitzer|Clawitzer, F|100/100
|move|p2a: Toxapex|Surf|p1a: Clawitzer
|-resisted|p1a: Clawitzer
|-damage|p1a: Clawitzer|89/100
|
|-fieldend|move: Trick Room
|upkeep
|turn|13
|
|t:|1760434313
|move|p1a: Clawitzer|Dark Pulse|p2a: Toxapex
|-damage|p2a: Toxapex|75/100
|move|p2a: Toxapex|Sludge Bomb|p1a: Clawitzer
|-damage|p1a: Clawitzer|69/100
|-status|p1a: Clawitzer|psn
|
|-damage|p1a: Clawitzer|57/100 psn|[from] psn
|upkeep
|turn|14
|
|t:|1760434336
|switch|p1a: Excadrill|Excadrill, M|19/100
|-ability|p1a: Excadrill|Mold Breaker
|switch|p2a: Scizor|Scizor, F|100/100
|
|upkeep
|turn|15
|
|t:|1760434361
|switch|p1a: Hydreigon|Hydreigon, M|100/100
|move|p2a: Scizor|Bullet Punch|p1a: Hydreigon
|-damage|p1a: Hydreigon|60/100
|
|upkeep
|turn|16
|
|t:|1760434373
|move|p1a: Hydreigon|Focus Energy|p1a: Hydreigon
|-start|p1a: Hydreigon|move: Focus Energy
|move|p2a: Scizor|U-turn|p1a: Hydreigon
|-supereffective|p1a: Hydreigon
|-crit|p1a: Hydreigon
|-damage|p1a: Hydreigon|0 fnt
|faint|p1a: Hydreigon
|
|t:|1760434385
|switch|p2a: Ursaluna|Ursaluna, M|100/100|[from] U-turn
|
|-status|p2a: Ursaluna|brn|[from] item: Flame Orb
|upkeep
|
|t:|1760434399
|switch|p1a: Clawitzer|Clawitzer, F|57/100 psn
|turn|17
|
|t:|1760434408
|move|p1a: Clawitzer|Water Pulse|p2a: Ursaluna
|-supereffective|p2a: Ursaluna
|-damage|p2a: Ursaluna|7/100 brn
|move|p2a: Ursaluna|Facade|p1a: Clawitzer
|-damage|p1a: Clawitzer|0 fnt
|faint|p1a: Clawitzer
|
|-damage|p2a: Ursaluna|1/100 brn|[from] brn
|upkeep
|
|t:|1760434424
|switch|p1a: Azumarill|Azumarill, F, shiny|7/100
|turn|18
|
|t:|1760434435
|move|p1a: Azumarill|Aqua Jet|p2a: Ursaluna
|-supereffective|p2a: Ursaluna
|-damage|p2a: Ursaluna|0 fnt
|faint|p2a: Ursaluna
|
|upkeep
|
|t:|1760434451
|switch|p2a: Scizor|Scizor, F|100/100
|turn|19
|
|t:|1760434461
|move|p1a: Azumarill|Aqua Jet|p2a: Scizor
|-damage|p2a: Scizor|74/100
|move|p2a: Scizor|Knock Off|p1a: Azumarill
|-resisted|p1a: Azumarill
|-damage|p1a: Azumarill|0 fnt
|-enditem|p1a: Azumarill|Assault Vest|[from] move: Knock Off|[of] p2a: Scizor
|faint|p1a: Azumarill
|
|upkeep
|
|t:|1760434472
|switch|p1a: Serperior|Serperior, F|100/100
|turn|20
|
|t:|1760434485
|move|p1a: Serperior|Substitute|p1a: Serperior
|-start|p1a: Serperior|Substitute
|-damage|p1a: Serperior|76/100
|move|p2a: Scizor|U-turn|p1a: Serperior
|-supereffective|p1a: Serperior
|-end|p1a: Serperior|Substitute
|
|t:|1760434490
|switch|p2a: Moltres|Moltres|3/100|[from] U-turn
|
|-heal|p1a: Serperior|82/100|[from] item: Leftovers
|upkeep
|turn|21
|
|t:|1760434499
|switch|p1a: Excadrill|Excadrill, M|19/100
|-ability|p1a: Excadrill|Mold Breaker
|move|p2a: Moltres|Fire Blast|p1a: Excadrill
|-supereffective|p1a: Excadrill
|-damage|p1a: Excadrill|0 fnt
|faint|p1a: Excadrill
|
|upkeep
|-message|Istiakwub forfeited.
|
|win|Mazu623
|raw|Istiakwub's rating: 1059 &rarr; <strong>1042</strong><br />(-17 for losing)
|raw|Mazu623's rating: 1102 &rarr; <strong>1124</strong><br />(+22 for winning)
|l|☆Istiakwub
|player|p1|
|l|☆Mazu623
|player|p2|
