|j|☆thefourdolf
|j|☆Chillmaxxer
|t:|1760299939
|gametype|singles
|player|p1|thefourdolf|blaine|1498
|player|p2|Chillmaxxer|scientist-gen4|1448
|gen|9
|tier|[Gen 9] OU
|rated|
|rule|HP Percentage Mod: HP is shown in percentages
|rule|Endless Battle Clause: Forcing endless battles is banned
|rule|Species Clause: Limit one of each Pokémon
|rule|OHKO Clause: OHKO moves are banned
|rule|Evasion Items Clause: Evasion items are banned
|rule|Evasion Moves Clause: Evasion moves are banned
|rule|Evasion Abilities Clause: Evasion abilities are banned
|rule|Sleep Moves Clause: Sleep-inducing moves are banned
|clearpoke
|poke|p1|Kyurem|
|poke|p1|Slowking-Galar, F|
|poke|p1|Tornadus-Therian, M|
|poke|p1|Alomomola, M|
|poke|p1|Great Tusk|
|poke|p1|Clefable, M|
|poke|p2|Moltres-Galar|
|poke|p2|Pelipper, M|
|poke|p2|Pawmot, F|
|poke|p2|Quaquaval, M|
|poke|p2|Beartic, M|
|poke|p2|Veluza, F|
|teampreview
|inactive|Battle timer is ON: inactive players will automatically lose when time's up. (requested by thefourdolf)
|
|t:|1760299956
|teamsize|p1|6
|teamsize|p2|6
|start
|switch|p1a: Slowking|Slowking-Galar, F|100/100
|switch|p2a: Pelipper|Pelipper, M|100/100
|-weather|RainDance|[from] ability: Drizzle|[of] p2a: Pelipper
|turn|1
|
|t:|1760299960
|move|p2a: Pelipper|U-turn|p1a: Slowking
|-damage|p1a: Slowking|92/100
|
|t:|1760299970
|switch|p2a: Moltres|Moltres-Galar|100/100|[from] U-turn
|-prepare|p1a: Slowking|Chilly Reception|[premajor]
|move|p1a: Slowking|Chilly Reception|p1a: Slowking
|-weather|Snowscape
|
|t:|1760299972
|switch|p1a: Kyurem|Kyurem|100/100|[from] Chilly Reception
|-ability|p1a: Kyurem|Pressure
|
|-weather|Snowscape|[upkeep]
|upkeep
|turn|2
|
|t:|1760299982
|move|p1a: Kyurem|Freeze-Dry|p2a: Moltres
|-supereffective|p2a: Moltres
|-damage|p2a: Moltres|13/100
|-ability|p2a: Moltres|Berserk|boost
|-boost|p2a: Moltres|spa|1
|move|p2a: Moltres|Fiery Wrath|p1a: Kyurem
|-damage|p1a: Kyurem|12/100
|
|-weather|Snowscape|[upkeep]
|upkeep
|turn|3
|
|t:|1760299992
|move|p1a: Kyurem|Freeze-Dry|p2a: Moltres
|-supereffective|p2a: Moltres
|-damage|p2a: Moltres|0 fnt
|faint|p2a: Moltres
|
|-weather|Snowscape|[upkeep]
|upkeep
|
|t:|1760299994
|switch|p2a: Pawmot|Pawmot, F|100/100
|turn|4
|
|t:|1760300001
|switch|p1a: Great Tusk|Great Tusk|100/100
|move|p2a: Pawmot|Revival Blessing|p2a: Pawmot
|-enditem|p2a: Pawmot|Leppa Berry|[eat]
|-activate|p2a: Pawmot|item: Leppa Berry|Revival Blessing|[consumed]
|
|t:|1760300003
|-heal|p2: Moltres|50/100|[from] move: Revival Blessing
|
|-weather|Snowscape|[upkeep]
|upkeep
|turn|5
|
|t:|1760300006
|switch|p2a: Pelipper|Pelipper, M|100/100
|-weather|RainDance|[from] ability: Drizzle|[of] p2a: Pelipper
|move|p1a: Great Tusk|Stealth Rock|p2a: Pelipper
|-sidestart|p2: Chillmaxxer|move: Stealth Rock
|
|-weather|RainDance|[upkeep]
|upkeep
|turn|6
|
|t:|1760300012
|-end|p1a: Great Tusk|Protosynthesis|[silent]
|switch|p1a: Slowking|Slowking-Galar, F|100/100
|move|p2a: Pelipper|U-turn|p1a: Slowking
|-damage|p1a: Slowking|91/100
|
|t:|1760300026
|switch|p2a: Veluza|Veluza, F|100/100|[from] U-turn
|-damage|p2a: Veluza|88/100|[from] Stealth Rock
|-ability|p2a: Veluza|Mold Breaker
|
|-weather|RainDance|[upkeep]
|upkeep
|turn|7
|
|t:|1760300030
|move|p2a: Veluza|Fillet Away|p2a: Veluza
|-boost|p2a: Veluza|atk|2
|-boost|p2a: Veluza|spa|2
|-boost|p2a: Veluza|spe|2
|-damage|p2a: Veluza|38/100
|-enditem|p2a: Veluza|Sitrus Berry|[eat]
|-heal|p2a: Veluza|63/100|[from] item: Sitrus Berry
|move|p1a: Slowking|Thunder Wave|p2a: Veluza
|-status|p2a: Veluza|par
|
|-weather|RainDance|[upkeep]
|upkeep
|turn|8
|
|t:|1760300044
|switch|p1a: Alomomola|Alomomola, M|100/100
|move|p2a: Veluza|Stored Power|p1a: Alomomola
|-damage|p1a: Alomomola|0 fnt
|faint|p1a: Alomomola
|
|-weather|RainDance|[upkeep]
|upkeep
|
|t:|1760300057
|switch|p1a: Kyurem|Kyurem|12/100
|-ability|p1a: Kyurem|Pressure
|turn|9
|
|t:|1760300060
|move|p1a: Kyurem|Freeze-Dry|p2a: Veluza
|-supereffective|p2a: Veluza
|-damage|p2a: Veluza|0 fnt
|faint|p2a: Veluza
|
|-weather|RainDance|[upkeep]
|upkeep
|
|t:|1760300075
|switch|p2a: Pawmot|Pawmot, F|100/100
|-damage|p2a: Pawmot|94/100|[from] Stealth Rock
|turn|10
|
|t:|1760300086
|switch|p1a: Great Tusk|Great Tusk|100/100
|move|p2a: Pawmot|Low Kick|p1a: Great Tusk
|-damage|p1a: Great Tusk|71/100
|
|-weather|RainDance|[upkeep]
|upkeep
|turn|11
|
|t:|1760300093
|switch|p2a: Moltres|Moltres-Galar|50/100
|-damage|p2a: Moltres|26/100|[from] Stealth Rock
|move|p1a: Great Tusk|Close Combat|p2a: Moltres
|-damage|p2a: Moltres|0 fnt
|-unboost|p1a: Great Tusk|def|1
|-unboost|p1a: Great Tusk|spd|1
|faint|p2a: Moltres
|
|-weather|RainDance|[upkeep]
|upkeep
|
|t:|1760300100
|switch|p2a: Beartic|Beartic, M|100/100
|-damage|p2a: Beartic|76/100|[from] Stealth Rock
|turn|12
|
|t:|1760300110
|-end|p1a: Great Tusk|Protosynthesis|[silent]
|switch|p1a: Slowking|Slowking-Galar, F|100/100
|move|p2a: Beartic|Icicle Spear|p1a: Slowking
|-damage|p1a: Slowking|88/100
|-damage|p1a: Slowking|74/100
|-damage|p1a: Slowking|59/100
|-damage|p1a: Slowking|45/100
|-damage|p1a: Slowking|30/100
|-hitcount|p1a: Slowking|5
|
|-weather|none
|upkeep
|turn|13
|
|t:|1760300116
|move|p2a: Beartic|Icicle Spear|p1a: Slowking
|-damage|p1a: Slowking|15/100
|-damage|p1a: Slowking|1/100
|-damage|p1a: Slowking|0 fnt
|faint|p1a: Slowking
|-hitcount|p1: Slowking|3
|
|upkeep
|
|t:|1760300130
|switch|p1a: Great Tusk|Great Tusk|71/100
|turn|14
|
|t:|1760300137
|switch|p2a: Pelipper|Pelipper, M|100/100
|-damage|p2a: Pelipper|75/100|[from] Stealth Rock
|-weather|RainDance|[from] ability: Drizzle|[of] p2a: Pelipper
|move|p1a: Great Tusk|Head Smash|p2a: Pelipper
|-supereffective|p2a: Pelipper
|-damage|p2a: Pelipper|12/100
|-damage|p1a: Great Tusk|48/100|[from] Recoil
|
|-weather|RainDance|[upkeep]
|upkeep
|turn|15
|
|t:|1760300148
|move|p1a: Great Tusk|Close Combat|p2a: Pelipper
|-resisted|p2a: Pelipper
|-damage|p2a: Pelipper|0 fnt
|-unboost|p1a: Great Tusk|def|1
|-unboost|p1a: Great Tusk|spd|1
|faint|p2a: Pelipper
|
|-weather|RainDance|[upkeep]
|upkeep
|
|t:|1760300155
|switch|p2a: Quaquaval|Quaquaval, M|100/100
|-damage|p2a: Quaquaval|94/100|[from] Stealth Rock
|turn|16
|
|t:|1760300162
|move|p1a: Great Tusk|Close Combat|p2a: Quaquaval
|-damage|p2a: Quaquaval|25/100
|-unboost|p1a: Great Tusk|def|1
|-unboost|p1a: Great Tusk|spd|1
|-enditem|p2a: Quaquaval|Liechi Berry|[eat]
|-boost|p2a: Quaquaval|atk|1|[from] item: Liechi Berry
|move|p2a: Quaquaval|Aqua Step|p1a: Great Tusk
|-supereffective|p1a: Great Tusk
|-damage|p1a: Great Tusk|0 fnt
|-boost|p2a: Quaquaval|spe|1
|faint|p1a: Great Tusk
|-end|p1a: Great Tusk|Protosynthesis|[silent]
|
|-weather|RainDance|[upkeep]
|upkeep
|
|t:|1760300180
|switch|p1a: Tornadus|Tornadus-Therian, M|100/100
|turn|17
|
|t:|1760300192
|-terastallize|p2a: Quaquaval|Water
|move|p2a: Quaquaval|Aqua Step|p1a: Tornadus
|-crit|p1a: Tornadus
|-damage|p1a: Tornadus|0 fnt
|-boost|p2a: Quaquaval|spe|1
|faint|p1a: Tornadus
|
|-weather|RainDance|[upkeep]
|upkeep
|
|t:|1760300195
|switch|p1a: Clefable|Clefable, M|100/100
|turn|18
|
|t:|1760300200
|move|p2a: Quaquaval|Aqua Step|p1a: Clefable
|-damage|p1a: Clefable|0 fnt
|-boost|p2a: Quaquaval|spe|1
|faint|p1a: Clefable
|
|-weather|RainDance|[upkeep]
|upkeep
|-message|thefourdolf forfeited.
|
|win|Chillmaxxer
|raw|thefourdolf's rating: 1498 &rarr; <strong>1475</strong><br />(-23 for losing)
|raw|Chillmaxxer's rating: 1448 &rarr; <strong>1471</strong><br />(+23 for winning)
|l|☆thefourdolf
|player|p1|
