|j|☆shucklebestmon56
|j|☆Maltyy
|t:|1760414693
|gametype|singles
|player|p1|shucklebestmon56|170|1381
|player|p2|Maltyy|harlequin|1383
|gen|9
|tier|[Gen 9] OU
|rated|
|rule|HP Percentage Mod: HP is shown in percentages
|rule|Endless Battle Clause: Forcing endless battles is banned
|rule|Species Clause: Limit one of each Pokémon
|rule|OHKO Clause: OHKO moves are banned
|rule|Evasion Items Clause: Evasion items are banned
|rule|Evasion Moves Clause: Evasion moves are banned
|rule|Evasion Abilities Clause: Evasion abilities are banned
|rule|Sleep Moves Clause: Sleep-inducing moves are banned
|clearpoke
|poke|p1|Kingambit, F|
|poke|p1|Cinderace, F|
|poke|p1|Landorus-Therian, M|
|poke|p1|Iron Valiant|
|poke|p1|Kyurem|
|poke|p1|Slowking-Galar, M|
|poke|p2|Lokix, F|
|poke|p2|Cinderace, F|
|poke|p2|Great Tusk|
|poke|p2|Alomomola, M|
|poke|p2|Enamorus, F|
|poke|p2|Slowking-Galar, M|
|teampreview
|inactive|Battle timer is ON: inactive players will automatically lose when time's up. (requested by shucklebestmon56)
|
|t:|1760414714
|teamsize|p1|6
|teamsize|p2|6
|start
|switch|p1a: Landorus|Landorus-Therian, M, shiny|100/100
|switch|p2a: Enamorus|Enamorus, F|100/100
|-ability|p1a: Landorus|Intimidate|boost
|-boost|p2a: Enamorus|atk|1
|turn|1
|
|t:|1760414726
|move|p2a: Enamorus|Moonblast|p1a: Landorus
|-crit|p1a: Landorus
|-damage|p1a: Landorus|0 fnt
|faint|p1a: Landorus
|
|upkeep
|
|t:|1760414735
|switch|p1a: Slowking|Slowking-Galar, M, shiny|100/100
|turn|2
|
|t:|1760414740
|switch|p2a: Slowking|Slowking-Galar, M|100/100
|move|p1a: Slowking|Thunder Wave|p2a: Slowking
|-status|p2a: Slowking|par
|
|upkeep
|turn|3
|
|t:|1760414751
|move|p1a: Slowking|Psychic Noise|p2a: Slowking
|-damage|p2a: Slowking|76/100 par
|-start|p2a: Slowking|move: Heal Block
|-prepare|p2a: Slowking|Chilly Reception|[premajor]
|move|p2a: Slowking|Chilly Reception|p2a: Slowking
|-weather|Snowscape
|
|t:|1760414755
|switch|p2a: Lokix|Lokix, F|100/100|[from] Chilly Reception
|
|-weather|Snowscape|[upkeep]
|upkeep
|turn|4
|
|t:|1760414767
|switch|p1a: Cinderace|Cinderace, F, shiny|100/100
|move|p2a: Lokix|U-turn|p1a: Cinderace
|-resisted|p1a: Cinderace
|-damage|p1a: Cinderace|41/100
|
|t:|1760414776
|switch|p2a: Great Tusk|Great Tusk|100/100|[from] U-turn
|
|-weather|Snowscape|[upkeep]
|upkeep
|turn|5
|
|t:|1760414788
|move|p1a: Cinderace|Will-O-Wisp|p2a: Great Tusk
|-status|p2a: Great Tusk|brn
|move|p2a: Great Tusk|Rapid Spin|p1a: Cinderace
|-damage|p1a: Cinderace|33/100
|-boost|p2a: Great Tusk|spe|1
|
|-weather|Snowscape|[upkeep]
|-damage|p2a: Great Tusk|94/100 brn|[from] brn
|upkeep
|turn|6
|
|t:|1760414803
|switch|p1a: Kyurem|Kyurem, shiny|100/100
|-ability|p1a: Kyurem|Pressure
|move|p2a: Great Tusk|Earthquake|p1a: Kyurem
|-damage|p1a: Kyurem|87/100
|
|-weather|Snowscape|[upkeep]
|-heal|p2a: Great Tusk|100/100 brn|[from] item: Leftovers
|-heal|p1a: Kyurem|93/100|[from] item: Leftovers
|-damage|p2a: Great Tusk|94/100 brn|[from] brn
|upkeep
|turn|7
|
|t:|1760414814
|-end|p2a: Great Tusk|Protosynthesis|[silent]
|switch|p2a: Alomomola|Alomomola, M|100/100
|move|p1a: Kyurem|Substitute|p1a: Kyurem
|-start|p1a: Kyurem|Substitute
|-damage|p1a: Kyurem|68/100
|
|-weather|none
|-heal|p1a: Kyurem|75/100|[from] item: Leftovers
|upkeep
|turn|8
|
|t:|1760414820
|move|p1a: Kyurem|Freeze-Dry|p2a: Alomomola
|-supereffective|p2a: Alomomola
|-crit|p2a: Alomomola
|-damage|p2a: Alomomola|53/100
|-status|p2a: Alomomola|frz
|cant|p2a: Alomomola|frz
|
|-heal|p1a: Kyurem|81/100|[from] item: Leftovers
|upkeep
|turn|9
|
|t:|1760414827
|move|p1a: Kyurem|Freeze-Dry|p2a: Alomomola
|-supereffective|p2a: Alomomola
|-damage|p2a: Alomomola|17/100 frz
|-curestatus|p2a: Alomomola|frz|[msg]
|move|p2a: Alomomola|Mirror Coat|p1a: Kyurem
|-end|p1a: Kyurem|Substitute
|
|-heal|p1a: Kyurem|87/100|[from] item: Leftovers
|upkeep
|turn|10
|
|t:|1760414836
|switch|p2a: Cinderace|Cinderace, F|100/100
|move|p1a: Kyurem|Substitute|p1a: Kyurem
|-start|p1a: Kyurem|Substitute
|-damage|p1a: Kyurem|62/100
|
|-heal|p1a: Kyurem|68/100|[from] item: Leftovers
|upkeep
|turn|11
|
|t:|1760414838
|move|p2a: Cinderace|Pyro Ball|p1a: Kyurem
|-end|p1a: Kyurem|Substitute
|move|p1a: Kyurem|Earth Power|p2a: Cinderace
|-supereffective|p2a: Cinderace
|-damage|p2a: Cinderace|28/100
|-unboost|p2a: Cinderace|spd|1
|
|-heal|p1a: Kyurem|74/100|[from] item: Leftovers
|upkeep
|turn|12
|
|t:|1760414849
|move|p1a: Kyurem|Protect|p1a: Kyurem
|-singleturn|p1a: Kyurem|Protect
|move|p2a: Cinderace|U-turn|p1a: Kyurem
|-activate|p1a: Kyurem|move: Protect
|
|-heal|p1a: Kyurem|80/100|[from] item: Leftovers
|upkeep
|turn|13
|inactive|shucklebestmon56 has 120 seconds left.
|
|t:|1760414883
|move|p2a: Cinderace|Pyro Ball|p1a: Kyurem
|-damage|p1a: Kyurem|17/100
|move|p1a: Kyurem|Freeze-Dry|p2a: Cinderace
|-resisted|p2a: Cinderace
|-damage|p2a: Cinderace|0 fnt
|faint|p2a: Cinderace
|
|-heal|p1a: Kyurem|23/100|[from] item: Leftovers
|upkeep
|
|t:|1760414889
|switch|p2a: Lokix|Lokix, F|100/100
|turn|14
|
|t:|1760414891
|move|p1a: Kyurem|Protect|p1a: Kyurem
|-singleturn|p1a: Kyurem|Protect
|move|p2a: Lokix|First Impression|p1a: Kyurem
|-activate|p1a: Kyurem|move: Protect
|
|-heal|p1a: Kyurem|30/100|[from] item: Leftovers
|upkeep
|turn|15
|
|t:|1760414903
|switch|p1a: Cinderace|Cinderace, F, shiny|33/100
|switch|p2a: Slowking|Slowking-Galar, M|100/100 par
|
|upkeep
|turn|16
|
|t:|1760414909
|move|p1a: Cinderace|U-turn|p2a: Slowking
|-damage|p2a: Slowking|88/100 par
|
|t:|1760414920
|switch|p1a: Kingambit|Kingambit, F|100/100|[from] U-turn
|-activate|p1a: Kingambit|ability: Supreme Overlord
|-start|p1a: Kingambit|fallen1|[silent]
|-prepare|p2a: Slowking|Chilly Reception|[premajor]
|move|p2a: Slowking|Chilly Reception|p2a: Slowking
|-weather|Snowscape
|
|t:|1760414934
|switch|p2a: Lokix|Lokix, F|100/100|[from] Chilly Reception
|
|-weather|Snowscape|[upkeep]
|upkeep
|turn|17
|
|t:|1760414963
|move|p2a: Lokix|Leech Life|p1a: Kingambit
|-damage|p1a: Kingambit|54/100
|move|p1a: Kingambit|Iron Head|p2a: Lokix
|-damage|p2a: Lokix|20/100
|
|-weather|Snowscape|[upkeep]
|-heal|p1a: Kingambit|60/100|[from] item: Leftovers
|upkeep
|turn|18
|inactive|shucklebestmon56 has 120 seconds left.
|
|t:|1760414989
|switch|p2a: Great Tusk|Great Tusk|94/100 brn
|move|p1a: Kingambit|Sucker Punch||[still]
|-fail|p1a: Kingambit
|
|-weather|Snowscape|[upkeep]
|-heal|p2a: Great Tusk|100/100 brn|[from] item: Leftovers
|-heal|p1a: Kingambit|66/100|[from] item: Leftovers
|-damage|p2a: Great Tusk|94/100 brn|[from] brn
|upkeep
|turn|19
|
|t:|1760414999
|-end|p1a: Kingambit|fallen1|[silent]
|switch|p1a: Kyurem|Kyurem, shiny|30/100
|-ability|p1a: Kyurem|Pressure
|move|p2a: Great Tusk|Bulk Up|p2a: Great Tusk
|-boost|p2a: Great Tusk|atk|1
|-boost|p2a: Great Tusk|def|1
|
|-weather|Snowscape|[upkeep]
|-heal|p1a: Kyurem|36/100|[from] item: Leftovers
|-heal|p2a: Great Tusk|100/100 brn|[from] item: Leftovers
|-damage|p2a: Great Tusk|94/100 brn|[from] brn
|upkeep
|turn|20
|inactive|shucklebestmon56 has 120 seconds left.
|
|t:|1760415008
|-end|p2a: Great Tusk|Protosynthesis|[silent]
|switch|p2a: Slowking|Slowking-Galar, M|100/100 par
|move|p1a: Kyurem|Protect||[still]
|-fail|p1a: Kyurem
|
|-weather|none
|-heal|p1a: Kyurem|42/100|[from] item: Leftovers
|upkeep
|turn|21
|
|t:|1760415015
|move|p1a: Kyurem|Protect|p1a: Kyurem
|-singleturn|p1a: Kyurem|Protect
|cant|p2a: Slowking|par
|
|-heal|p1a: Kyurem|48/100|[from] item: Leftovers
|upkeep
|turn|22
|
|t:|1760415021
|switch|p1a: Kingambit|Kingambit, F|66/100
|-activate|p1a: Kingambit|ability: Supreme Overlord
|-start|p1a: Kingambit|fallen1|[silent]
|move|p2a: Slowking|Future Sight|p1a: Kingambit
|-start|p2a: Slowking|move: Future Sight
|
|-heal|p1a: Kingambit|73/100|[from] item: Leftovers
|upkeep
|turn|23
|
|t:|1760415036
|switch|p2a: Great Tusk|Great Tusk|94/100 brn
|move|p1a: Kingambit|Iron Head|p2a: Great Tusk
|-crit|p2a: Great Tusk
|-damage|p2a: Great Tusk|57/100 brn
|
|-heal|p2a: Great Tusk|63/100 brn|[from] item: Leftovers
|-heal|p1a: Kingambit|79/100|[from] item: Leftovers
|-damage|p2a: Great Tusk|57/100 brn|[from] brn
|upkeep
|turn|24
|inactive|shucklebestmon56 has 120 seconds left.
|
|t:|1760415078
|-end|p1a: Kingambit|fallen1|[silent]
|switch|p1a: Slowking|Slowking-Galar, M, shiny|100/100
|move|p2a: Great Tusk|Earthquake|p1a: Slowking
|-supereffective|p1a: Slowking
|-damage|p1a: Slowking|55/100
|
|-end|p1a: Slowking|move: Future Sight
|-damage|p1a: Slowking|29/100
|-heal|p2a: Great Tusk|63/100 brn|[from] item: Leftovers
|-damage|p2a: Great Tusk|57/100 brn|[from] brn
|upkeep
|turn|25
|c|☆shucklebestmon56|ooowww
|
|t:|1760415091
|switch|p1a: Kyurem|Kyurem, shiny|48/100
|-ability|p1a: Kyurem|Pressure
|move|p2a: Great Tusk|Earthquake|p1a: Kyurem
|-damage|p1a: Kyurem|27/100
|
|-heal|p1a: Kyurem|33/100|[from] item: Leftovers
|-heal|p2a: Great Tusk|63/100 brn|[from] item: Leftovers
|-damage|p2a: Great Tusk|57/100 brn|[from] brn
|upkeep
|turn|26
|
|t:|1760415105
|-end|p2a: Great Tusk|Protosynthesis|[silent]
|switch|p2a: Slowking|Slowking-Galar, M|100/100 par
|move|p1a: Kyurem|Freeze-Dry|p2a: Slowking
|-damage|p2a: Slowking|74/100 par
|
|-heal|p1a: Kyurem|39/100|[from] item: Leftovers
|upkeep
|turn|27
|inactive|shucklebestmon56 has 90 seconds left.
|inactive|shucklebestmon56 has 60 seconds left.
|
|t:|1760415156
|move|p1a: Kyurem|Substitute|p1a: Kyurem
|-start|p1a: Kyurem|Substitute
|-damage|p1a: Kyurem|14/100
|move|p2a: Slowking|Future Sight|p1a: Kyurem
|-start|p2a: Slowking|move: Future Sight
|
|-heal|p1a: Kyurem|20/100|[from] item: Leftovers
|upkeep
|turn|28
|inactive|shucklebestmon56 has 60 seconds left.
|
|t:|1760415168
|move|p1a: Kyurem|Earth Power|p2a: Slowking
|-supereffective|p2a: Slowking
|-enditem|p2a: Slowking|Shuca Berry|[eat]
|-enditem|p2a: Slowking|Shuca Berry|[weaken]
|-damage|p2a: Slowking|49/100 par
|cant|p2a: Slowking|par
|
|-heal|p1a: Kyurem|26/100|[from] item: Leftovers
|upkeep
|turn|29
|
|t:|1760415175
|move|p1a: Kyurem|Earth Power|p2a: Slowking
|-supereffective|p2a: Slowking
|-damage|p2a: Slowking|0 fnt
|faint|p2a: Slowking
|
|-end|p1a: Kyurem|move: Future Sight
|-end|p1a: Kyurem|Substitute
|-heal|p1a: Kyurem|33/100|[from] item: Leftovers
|upkeep
|
|t:|1760415183
|switch|p2a: Enamorus|Enamorus, F|100/100
|turn|30
|
|t:|1760415195
|-terastallize|p2a: Enamorus|Stellar
|move|p1a: Kyurem|Protect|p1a: Kyurem
|-singleturn|p1a: Kyurem|Protect
|move|p2a: Enamorus|Tera Blast|p1a: Kyurem|[anim] Tera Blast Stellar
|-activate|p1a: Kyurem|move: Protect
|
|-heal|p1a: Kyurem|39/100|[from] item: Leftovers
|upkeep
|turn|31
|
|t:|1760415221
|switch|p1a: Cinderace|Cinderace, F, shiny|33/100
|move|p2a: Enamorus|Tera Blast|p1a: Cinderace|[anim] Tera Blast Stellar
|-damage|p1a: Cinderace|0 fnt
|-boost|p2a: Enamorus|atk|1
|-boost|p2a: Enamorus|spa|1
|faint|p1a: Cinderace
|
|upkeep
|inactive|shucklebestmon56 has 60 seconds left.
|c|☆shucklebestmon56|what???
|c|☆shucklebestmon56|wait how did u gain some bs like that
|c|☆Maltyy|it’s Contrary + Tera Blast
|inactive|shucklebestmon56 has 30 seconds left.
|c|☆Maltyy|tera stellar tera blast
|inactive|shucklebestmon56 has 20 seconds left.
|inactive|shucklebestmon56 has 15 seconds left.
|
|t:|1760415279
|switch|p1a: Iron Valiant|Iron Valiant|100/100
|-enditem|p1a: Iron Valiant|Booster Energy
|-activate|p1a: Iron Valiant|ability: Quark Drive|[fromitem]
|-start|p1a: Iron Valiant|quarkdrivespe
|turn|32
|inactive|shucklebestmon56 has 25 seconds left this turn.
|inactive|shucklebestmon56 has 20 seconds left.
|c|☆shucklebestmon56|wtf
|
|t:|1760415288
|-terastallize|p1a: Iron Valiant|Ghost
|move|p1a: Iron Valiant|Shadow Ball|p2a: Enamorus
|-damage|p2a: Enamorus|47/100
|-boost|p2a: Enamorus|spd|1
|move|p2a: Enamorus|Tera Blast|p1a: Iron Valiant|[anim] Tera Blast Stellar
|-supereffective|p1a: Iron Valiant
|-damage|p1a: Iron Valiant|0 fnt
|-boost|p2a: Enamorus|atk|1
|-boost|p2a: Enamorus|spa|1
|faint|p1a: Iron Valiant
|-end|p1a: Iron Valiant|Quark Drive|[silent]
|
|upkeep
|inactive|shucklebestmon56 has 25 seconds left this turn.
|inactive|shucklebestmon56 has 20 seconds left.
|inactive|shucklebestmon56 has 15 seconds left.
|c|☆shucklebestmon56|how r u supposed tobeat
|
|t:|1760415302
|switch|p1a: Slowking|Slowking-Galar, M, shiny|63/100
|turn|33
|inactive|shucklebestmon56 has 25 seconds left this turn.
|
|t:|1760415306
|move|p2a: Enamorus|Tera Blast|p1a: Slowking|[anim] Tera Blast Stellar
|-damage|p1a: Slowking|18/100
|-boost|p2a: Enamorus|atk|1
|-boost|p2a: Enamorus|spa|1
|move|p1a: Slowking|Thunder Wave|p2a: Enamorus
|-status|p2a: Enamorus|par
|
|upkeep
|turn|34
|inactive|shucklebestmon56 has 30 seconds left.
|
|t:|1760415311
|move|p2a: Enamorus|Tera Blast|p1a: Slowking|[anim] Tera Blast Stellar
|-damage|p1a: Slowking|0 fnt
|-boost|p2a: Enamorus|atk|1
|-boost|p2a: Enamorus|spa|1
|faint|p1a: Slowking
|
|upkeep
|
|t:|1760415313
|switch|p1a: Kyurem|Kyurem, shiny|39/100
|-ability|p1a: Kyurem|Pressure
|turn|35
|
|t:|1760415317
|move|p1a: Kyurem|Protect|p1a: Kyurem
|-singleturn|p1a: Kyurem|Protect
|move|p2a: Enamorus|Tera Blast|p1a: Kyurem|[anim] Tera Blast Stellar
|-activate|p1a: Kyurem|move: Protect
|
|-heal|p1a: Kyurem|45/100|[from] item: Leftovers
|upkeep
|turn|36
|
|t:|1760415320
|move|p1a: Kyurem|Freeze-Dry|p2a: Enamorus
|-supereffective|p2a: Enamorus
|-damage|p2a: Enamorus|0 fnt
|faint|p2a: Enamorus
|
|-heal|p1a: Kyurem|51/100|[from] item: Leftovers
|upkeep
|
|t:|1760415327
|switch|p2a: Lokix|Lokix, F|20/100
|turn|37
|
|t:|1760415330
|move|p1a: Kyurem|Protect|p1a: Kyurem
|-singleturn|p1a: Kyurem|Protect
|move|p2a: Lokix|First Impression|p1a: Kyurem
|-activate|p1a: Kyurem|move: Protect
|
|-heal|p1a: Kyurem|57/100|[from] item: Leftovers
|upkeep
|turn|38
|
|t:|1760415337
|switch|p2a: Alomomola|Alomomola, M|50/100
|move|p1a: Kyurem|Substitute|p1a: Kyurem
|-start|p1a: Kyurem|Substitute
|-damage|p1a: Kyurem|32/100
|
|-heal|p1a: Kyurem|39/100|[from] item: Leftovers
|upkeep
|turn|39
|
|t:|1760415342
|move|p1a: Kyurem|Freeze-Dry|p2a: Alomomola
|-supereffective|p2a: Alomomola
|-damage|p2a: Alomomola|15/100
|-status|p2a: Alomomola|frz
|cant|p2a: Alomomola|frz
|
|-heal|p1a: Kyurem|45/100|[from] item: Leftovers
|upkeep
|turn|40
|inactive|shucklebestmon56 has 90 seconds left.
|c|☆Maltyy|with that lmao
|inactive|shucklebestmon56 has 60 seconds left.
|inactive|Maltyy has 120 seconds left.
|c|☆shucklebestmon56|omg dude
|
|t:|1760415385
|switch|p2a: Lokix|Lokix, F|20/100
|move|p1a: Kyurem|Freeze-Dry|p2a: Lokix
|-damage|p2a: Lokix|0 fnt
|faint|p2a: Lokix
|
|-heal|p1a: Kyurem|51/100|[from] item: Leftovers
|upkeep
|
|t:|1760415387
|switch|p2a: Great Tusk|Great Tusk|57/100 brn
|turn|41
|
|t:|1760415389
|move|p1a: Kyurem|Freeze-Dry|p2a: Great Tusk
|-supereffective|p2a: Great Tusk
|-damage|p2a: Great Tusk|0 fnt
|faint|p2a: Great Tusk
|-end|p2a: Great Tusk|Protosynthesis|[silent]
|
|-heal|p1a: Kyurem|57/100|[from] item: Leftovers
|upkeep
|
|t:|1760415395
|switch|p2a: Alomomola|Alomomola, M|49/100 frz
|turn|42
|
|t:|1760415397
|move|p1a: Kyurem|Freeze-Dry|p2a: Alomomola
|-supereffective|p2a: Alomomola
|-damage|p2a: Alomomola|17/100 frz
|cant|p2a: Alomomola|frz
|
|-heal|p1a: Kyurem|63/100|[from] item: Leftovers
|upkeep
|turn|43
|c|☆shucklebestmon56|ggs dude
|
|t:|1760415403
|move|p1a: Kyurem|Freeze-Dry|p2a: Alomomola
|-supereffective|p2a: Alomomola
|-damage|p2a: Alomomola|0 fnt
|faint|p2a: Alomomola
|
|win|shucklebestmon56
|raw|shucklebestmon56's rating: 1381 &rarr; <strong>1401</strong><br />(+20 for winning)
|raw|Maltyy's rating: 1383 &rarr; <strong>1363</strong><br />(-20 for losing)
|c|☆shucklebestmon56|lucky
|l|☆Maltyy
|player|p2|
|l|☆shucklebestmon56
|player|p1|
