|j|☆DragonQueenNiisan
|j|☆esta man oe
|t:|1760381211
|gametype|singles
|player|p1|DragonQueenNiisan|ghetsis|1168
|player|p2|esta man oe|preschooler|1219
|gen|9
|tier|[Gen 9] OU
|rated|
|rule|HP Percentage Mod: HP is shown in percentages
|rule|Endless Battle Clause: Forcing endless battles is banned
|rule|Species Clause: Limit one of each Pokémon
|rule|OHKO Clause: OHKO moves are banned
|rule|Evasion Items Clause: Evasion items are banned
|rule|Evasion Moves Clause: Evasion moves are banned
|rule|Evasion Abilities Clause: Evasion abilities are banned
|rule|Sleep Moves Clause: Sleep-inducing moves are banned
|clearpoke
|poke|p1|Alomomola, F|
|poke|p1|Hawlucha, M|
|poke|p1|Spidops, F|
|poke|p1|Hydrapple, M|
|poke|p1|Minior-Violet|
|poke|p1|Darkrai|
|poke|p2|Torkoal, M|
|poke|p2|Pelipper, M|
|poke|p2|Raging Bolt|
|poke|p2|Walking Wake|
|poke|p2|Alomomola, F|
|poke|p2|Corviknight, M|
|teampreview
|inactive|Battle timer is ON: inactive players will automatically lose when time's up. (requested by esta man oe)
|
|t:|1760381240
|teamsize|p1|6
|teamsize|p2|6
|start
|switch|p1a: Minior|Minior-Violet|100/100
|switch|p2a: Torkoal|Torkoal, M|100/100
|-weather|SunnyDay|[from] ability: Drought|[of] p2a: Torkoal
|-formechange|p1a: Minior|Minior-Meteor||[from] ability: Shields Down
|turn|1
|
|t:|1760381253
|move|p1a: Minior|Shell Smash|p1a: Minior
|-unboost|p1a: Minior|def|1
|-unboost|p1a: Minior|spd|1
|-boost|p1a: Minior|atk|2
|-boost|p1a: Minior|spa|2
|-boost|p1a: Minior|spe|2
|move|p2a: Torkoal|Lava Plume|p1a: Minior
|-resisted|p1a: Minior
|-damage|p1a: Minior|67/100
|
|-weather|SunnyDay|[upkeep]
|upkeep
|turn|2
|
|t:|1760381271
|switch|p2a: Corviknight|Corviknight, M|100/100
|move|p1a: Minior|Earthquake|p2a: Corviknight
|-immune|p2a: Corviknight
|
|-weather|SunnyDay|[upkeep]
|upkeep
|turn|3
|
|t:|1760381284
|switch|p1a: Spidops|Spidops, F|100/100
|move|p2a: Corviknight|Brave Bird|p1a: Spidops
|-supereffective|p1a: Spidops
|-damage|p1a: Spidops|33/100
|-damage|p2a: Corviknight|82/100|[from] Recoil
|
|-weather|SunnyDay|[upkeep]
|upkeep
|turn|4
|
|t:|1760381293
|move|p2a: Corviknight|U-turn|p1a: Spidops
|-damage|p1a: Spidops|20/100
|
|t:|1760381295
|switch|p2a: Torkoal|Torkoal, M|100/100|[from] U-turn
|move|p1a: Spidops|Sticky Web|p2a: Torkoal
|-sidestart|p2: esta man oe|move: Sticky Web
|
|-weather|SunnyDay|[upkeep]
|upkeep
|turn|5
|-enditem|p1a: Spidops|Custap Berry|[eat]
|-activate|p1a: Spidops|item: Custap Berry|[consumed]
|
|t:|1760381305
|move|p1a: Spidops|Silk Trap|p1a: Spidops
|-singleturn|p1a: Spidops|Protect
|move|p2a: Torkoal|Rapid Spin|p1a: Spidops
|-activate|p1a: Spidops|move: Protect
|-unboost|p2a: Torkoal|spe|1
|
|-weather|SunnyDay|[upkeep]
|upkeep
|turn|6
|
|t:|1760381317
|move|p1a: Spidops|Knock Off|p2a: Torkoal
|-damage|p2a: Torkoal|90/100
|-enditem|p2a: Torkoal|Heat Rock|[from] move: Knock Off|[of] p1a: Spidops
|move|p2a: Torkoal|Rapid Spin|p1a: Spidops
|-damage|p1a: Spidops|10/100
|-boost|p2a: Torkoal|spe|1
|-sideend|p2: esta man oe|Sticky Web|[from] move: Rapid Spin|[of] p2a: Torkoal
|
|-weather|SunnyDay|[upkeep]
|upkeep
|turn|7
|
|t:|1760381325
|move|p1a: Spidops|Sticky Web|p2a: Torkoal
|-sidestart|p2: esta man oe|move: Sticky Web
|move|p2a: Torkoal|Will-O-Wisp|p1a: Spidops
|-status|p1a: Spidops|brn
|
|-weather|SunnyDay|[upkeep]
|-damage|p1a: Spidops|4/100 brn|[from] brn
|upkeep
|turn|8
|
|t:|1760381332
|move|p1a: Spidops|Silk Trap|p1a: Spidops
|-singleturn|p1a: Spidops|Protect
|move|p2a: Torkoal|Rapid Spin|p1a: Spidops
|-activate|p1a: Spidops|move: Protect
|-unboost|p2a: Torkoal|spe|1
|
|-weather|none
|-damage|p1a: Spidops|0 fnt|[from] brn
|faint|p1a: Spidops
|upkeep
|
|t:|1760381346
|switch|p1a: Minior|Minior-Violet|67/100
|-formechange|p1a: Minior|Minior-Meteor||[from] ability: Shields Down
|turn|9
|
|t:|1760381351
|move|p1a: Minior|Shell Smash|p1a: Minior
|-unboost|p1a: Minior|def|1
|-unboost|p1a: Minior|spd|1
|-boost|p1a: Minior|atk|2
|-boost|p1a: Minior|spa|2
|-boost|p1a: Minior|spe|2
|move|p2a: Torkoal|Rapid Spin|p1a: Minior
|-resisted|p1a: Minior
|-damage|p1a: Minior|57/100
|-boost|p2a: Torkoal|spe|1
|-sideend|p2: esta man oe|Sticky Web|[from] move: Rapid Spin|[of] p2a: Torkoal
|
|upkeep
|turn|10
|
|t:|1760381356
|switch|p2a: Corviknight|Corviknight, M|82/100
|move|p1a: Minior|Shell Smash|p1a: Minior
|-unboost|p1a: Minior|def|1
|-unboost|p1a: Minior|spd|1
|-boost|p1a: Minior|atk|2
|-boost|p1a: Minior|spa|2
|-boost|p1a: Minior|spe|2
|
|upkeep
|turn|11
|
|t:|1760381362
|-terastallize|p1a: Minior|Rock
|move|p1a: Minior|Tera Blast|p2a: Corviknight|[anim] Tera Blast Rock
|-damage|p2a: Corviknight|21/100
|move|p2a: Corviknight|Brave Bird|p1a: Minior
|-resisted|p1a: Minior
|-damage|p1a: Minior|7/100
|-damage|p2a: Corviknight|10/100|[from] Recoil
|
|-formechange|p1a: Minior|Minior-Violet||[from] ability: Shields Down
|upkeep
|turn|12
|
|t:|1760381372
|move|p1a: Minior|Tera Blast|p2a: Corviknight|[anim] Tera Blast Rock
|-damage|p2a: Corviknight|0 fnt
|faint|p2a: Corviknight
|
|upkeep
|
|t:|1760381374
|switch|p2a: Raging Bolt|Raging Bolt|100/100
|turn|13
|
|t:|1760381379
|move|p2a: Raging Bolt|Thunderclap|p1a: Minior
|-damage|p1a: Minior|0 fnt
|faint|p1a: Minior
|
|upkeep
|
|t:|1760381389
|switch|p1a: Hydrapple|Hydrapple, M|100/100
|turn|14
|
|t:|1760381394
|-end|p2a: Raging Bolt|Protosynthesis|[silent]
|switch|p2a: Torkoal|Torkoal, M|90/100
|-weather|SunnyDay|[from] ability: Drought|[of] p2a: Torkoal
|move|p1a: Hydrapple|Draco Meteor|p2a: Torkoal
|-damage|p2a: Torkoal|0 fnt
|-unboost|p1a: Hydrapple|spa|2
|faint|p2a: Torkoal
|
|-weather|SunnyDay|[upkeep]
|upkeep
|
|t:|1760381407
|switch|p2a: Raging Bolt|Raging Bolt|100/100
|-activate|p2a: Raging Bolt|ability: Protosynthesis
|-start|p2a: Raging Bolt|protosynthesisspa
|turn|15
|
|t:|1760381412
|switch|p1a: Hawlucha|Hawlucha, M|100/100
|-ability|p1a: Hawlucha|Mold Breaker
|move|p2a: Raging Bolt|Draco Meteor|p1a: Hawlucha
|-damage|p1a: Hawlucha|20/100
|-unboost|p2a: Raging Bolt|spa|2
|
|-weather|SunnyDay|[upkeep]
|upkeep
|turn|16
|
|t:|1760381422
|move|p2a: Raging Bolt|Draco Meteor|p1a: Hawlucha
|-damage|p1a: Hawlucha|0 fnt
|-unboost|p2a: Raging Bolt|spa|2
|faint|p1a: Hawlucha
|
|-weather|SunnyDay|[upkeep]
|upkeep
|
|t:|1760381426
|switch|p1a: Hydrapple|Hydrapple, M|100/100
|turn|17
|l|☆esta man oe
|inactive|esta man oe disconnected and has a minute to reconnect!
|player|p2|
|inactive|esta man oe has 30 seconds to reconnect!
|inactive|esta man oe has 20 seconds to reconnect!
|inactive|esta man oe has 15 seconds to reconnect!
|inactive|esta man oe has 10 seconds to reconnect!
|inactive|esta man oe has 5 seconds to reconnect!
|-message|esta man oe lost due to inactivity.
|
|win|DragonQueenNiisan
|raw|DragonQueenNiisan's rating: 1168 &rarr; <strong>1195</strong><br />(+27 for winning)
|raw|esta man oe's rating: 1195 &rarr; <strong>1168</strong><br />(-27 for losing)
|j| GOAT of CC1v1
|c| GOAT of CC1v1|s
|c|☆DragonQueenNiisan|Oh hai ther.e
|l| GOAT of CC1v1
|l|☆DragonQueenNiisan
|player|p1|
