|j|☆jibreel69
|j|‽I AM AMPD 2 PLAY
|t:|1760382075
|gametype|singles
|player|p1|jibreel69|101|1588
|player|p2|I AM AMPD 2 PLAY|170|1509
|gen|9
|tier|[Gen 9] OU
|rated|
|rule|HP Percentage Mod: HP is shown in percentages
|rule|Endless Battle Clause: Forcing endless battles is banned
|rule|Species Clause: Limit one of each Pokémon
|rule|OHKO Clause: OHKO moves are banned
|rule|Evasion Items Clause: Evasion items are banned
|rule|Evasion Moves Clause: Evasion moves are banned
|rule|Evasion Abilities Clause: Evasion abilities are banned
|rule|Sleep Moves Clause: Sleep-inducing moves are banned
|clearpoke
|poke|p1|Kingambit, F|
|poke|p1|Clodsire, F|
|poke|p1|Zamazenta-*|
|poke|p1|Great Tusk|
|poke|p1|Ogerpon, F|
|poke|p1|Raging Bolt|
|poke|p2|Great Tusk|
|poke|p2|Heatran, M|
|poke|p2|Weavile, M|
|poke|p2|Primarina, M|
|poke|p2|Ogerpon, F|
|poke|p2|Pecharunt|
|teampreview
|inactive|Battle timer is ON: inactive players will automatically lose when time's up. (requested by I AM AMPD 2 PLAY)
|
|t:|1760382125
|teamsize|p1|6
|teamsize|p2|6
|start
|switch|p1a: Ogerpon|Ogerpon, F|100/100
|switch|p2a: Weavile|Weavile, M, shiny|100/100
|-ability|p2a: Weavile|Pressure
|turn|1
|
|t:|1760382136
|switch|p2a: Pecharunt|Pecharunt|100/100
|-terastallize|p1a: Ogerpon|Grass
|detailschange|p1a: Ogerpon|Ogerpon-Teal-Tera, F, tera:Grass
|-ability|p1a: Ogerpon|Embody Aspect (Teal)|boost
|-boost|p1a: Ogerpon|spe|1
|move|p1a: Ogerpon|U-turn|p2a: Pecharunt
|-resisted|p2a: Pecharunt
|-damage|p2a: Pecharunt|96/100
|-damage|p1a: Ogerpon|84/100|[from] item: Rocky Helmet|[of] p2a: Pecharunt
|
|t:|1760382139
|switch|p1a: Kingambit|Kingambit, F|100/100|[from] U-turn
|
|upkeep
|turn|2
|
|t:|1760382145
|switch|p2a: Great Tusk|Great Tusk, shiny|100/100
|-end|p1a: Kingambit|fallenundefined|[silent]
|switch|p1a: Ogerpon|Ogerpon-Teal-Tera, F, tera:Grass|84/100
|-ability|p1a: Ogerpon|Embody Aspect (Teal)|boost
|-boost|p1a: Ogerpon|spe|1
|
|upkeep
|turn|3
|
|t:|1760382155
|-end|p2a: Great Tusk|Protosynthesis|[silent]
|switch|p2a: Pecharunt|Pecharunt|96/100
|move|p1a: Ogerpon|Knock Off|p2a: Pecharunt
|-supereffective|p2a: Pecharunt
|-damage|p2a: Pecharunt|50/100
|-damage|p1a: Ogerpon|67/100|[from] item: Rocky Helmet|[of] p2a: Pecharunt
|-enditem|p2a: Pecharunt|Rocky Helmet|[from] move: Knock Off|[of] p1a: Ogerpon
|
|upkeep
|turn|4
|
|t:|1760382167
|switch|p1a: Kingambit|Kingambit, F|100/100
|move|p2a: Pecharunt|Recover|p2a: Pecharunt
|-heal|p2a: Pecharunt|100/100
|
|upkeep
|turn|5
|
|t:|1760382179
|switch|p2a: Great Tusk|Great Tusk, shiny|100/100
|-end|p1a: Kingambit|fallenundefined|[silent]
|switch|p1a: Ogerpon|Ogerpon-Teal-Tera, F, tera:Grass|67/100
|-ability|p1a: Ogerpon|Embody Aspect (Teal)|boost
|-boost|p1a: Ogerpon|spe|1
|
|upkeep
|turn|6
|
|t:|1760382185
|-end|p2a: Great Tusk|Protosynthesis|[silent]
|switch|p2a: Pecharunt|Pecharunt|100/100
|move|p1a: Ogerpon|U-turn|p2a: Pecharunt
|-resisted|p2a: Pecharunt
|-damage|p2a: Pecharunt|97/100
|
|t:|1760382196
|switch|p1a: Kingambit|Kingambit, F|100/100|[from] U-turn
|
|upkeep
|turn|7
|
|t:|1760382199
|switch|p2a: Great Tusk|Great Tusk, shiny|100/100
|move|p1a: Kingambit|Swords Dance|p1a: Kingambit
|-boost|p1a: Kingambit|atk|2
|
|upkeep
|turn|8
|
|t:|1760382209
|move|p2a: Great Tusk|Headlong Rush|p1a: Kingambit
|-supereffective|p1a: Kingambit
|-damage|p1a: Kingambit|19/100
|-unboost|p2a: Great Tusk|def|1
|-unboost|p2a: Great Tusk|spd|1
|move|p1a: Kingambit|Iron Head|p2a: Great Tusk
|-damage|p2a: Great Tusk|19/100
|
|-heal|p1a: Kingambit|25/100|[from] item: Leftovers
|upkeep
|turn|9
|
|t:|1760382238
|move|p1a: Kingambit|Sucker Punch|p2a: Great Tusk
|-resisted|p2a: Great Tusk
|-damage|p2a: Great Tusk|0 fnt
|faint|p2a: Great Tusk
|-end|p2a: Great Tusk|Protosynthesis|[silent]
|
|-heal|p1a: Kingambit|31/100|[from] item: Leftovers
|upkeep
|inactive|I AM AMPD 2 PLAY has 120 seconds left.
|
|t:|1760382249
|switch|p2a: Weavile|Weavile, M, shiny|100/100
|-ability|p2a: Weavile|Pressure
|turn|10
|
|t:|1760382258
|move|p1a: Kingambit|Sucker Punch|p2a: Weavile
|-resisted|p2a: Weavile
|-damage|p2a: Weavile|42/100
|move|p2a: Weavile|Low Kick|p1a: Kingambit
|-supereffective|p1a: Kingambit
|-damage|p1a: Kingambit|0 fnt
|faint|p1a: Kingambit
|-end|p1a: Kingambit|fallenundefined|[silent]
|
|upkeep
|
|t:|1760382273
|switch|p1a: Clodsire|Clodsire, F|100/100
|turn|11
|
|t:|1760382278
|switch|p2a: Primarina|Primarina, M, shiny|100/100
|move|p1a: Clodsire|Stealth Rock|p2a: Primarina
|-sidestart|p2: I AM AMPD 2 PLAY|move: Stealth Rock
|
|upkeep
|turn|12
|
|t:|1760382300
|switch|p2a: Heatran|Heatran, M, shiny|100/100
|-damage|p2a: Heatran|88/100|[from] Stealth Rock
|-item|p2a: Heatran|Air Balloon
|move|p1a: Clodsire|Toxic|p2a: Heatran
|-immune|p2a: Heatran
|
|upkeep
|turn|13
|
|t:|1760382309
|switch|p1a: Raging Bolt|Raging Bolt|100/100
|move|p2a: Heatran|Stealth Rock|p1a: Raging Bolt
|-sidestart|p1: jibreel69|move: Stealth Rock
|
|upkeep
|turn|14
|
|t:|1760382314
|move|p2a: Heatran|Earth Power|p1a: Raging Bolt
|-supereffective|p1a: Raging Bolt
|-damage|p1a: Raging Bolt|40/100
|-unboost|p1a: Raging Bolt|spd|1
|move|p1a: Raging Bolt|Calm Mind|p1a: Raging Bolt
|-boost|p1a: Raging Bolt|spa|1
|-boost|p1a: Raging Bolt|spd|1
|
|-heal|p1a: Raging Bolt|47/100|[from] item: Leftovers
|upkeep
|turn|15
|
|t:|1760382320
|move|p2a: Heatran|Earth Power|p1a: Raging Bolt
|-supereffective|p1a: Raging Bolt
|-damage|p1a: Raging Bolt|0 fnt
|faint|p1a: Raging Bolt
|-end|p1a: Raging Bolt|Protosynthesis|[silent]
|
|upkeep
|
|t:|1760382323
|switch|p1a: Great Tusk|Great Tusk|100/100
|turn|16
|
|t:|1760382339
|-terastallize|p2a: Heatran|Fairy
|move|p1a: Great Tusk|Knock Off|p2a: Heatran
|-resisted|p2a: Heatran
|-damage|p2a: Heatran|70/100
|-enditem|p2a: Heatran|Air Balloon
|move|p2a: Heatran|Magma Storm|p1a: Great Tusk
|-damage|p1a: Great Tusk|20/100
|-activate|p1a: Great Tusk|move: Magma Storm|[of] p2a: Heatran
|
|-damage|p1a: Great Tusk|8/100|[from] move: Magma Storm|[partiallytrapped]
|upkeep
|turn|17
|
|t:|1760382353
|move|p1a: Great Tusk|Headlong Rush|p2a: Heatran
|-damage|p2a: Heatran|11/100
|-unboost|p1a: Great Tusk|def|1
|-unboost|p1a: Great Tusk|spd|1
|move|p2a: Heatran|Stealth Rock||[still]
|-fail|p2a: Heatran
|
|-damage|p1a: Great Tusk|0 fnt|[from] move: Magma Storm|[partiallytrapped]
|faint|p1a: Great Tusk
|-end|p1a: Great Tusk|Protosynthesis|[silent]
|upkeep
|
|t:|1760382371
|switch|p1a: Ogerpon|Ogerpon-Teal-Tera, F, tera:Grass|67/100
|-damage|p1a: Ogerpon|55/100|[from] Stealth Rock
|-ability|p1a: Ogerpon|Embody Aspect (Teal)|boost
|-boost|p1a: Ogerpon|spe|1
|turn|18
|
|t:|1760382373
|move|p1a: Ogerpon|Ivy Cudgel|p2a: Heatran
|-damage|p2a: Heatran|0 fnt
|faint|p2a: Heatran
|
|upkeep
|
|t:|1760382381
|switch|p2a: Pecharunt|Pecharunt|97/100
|-damage|p2a: Pecharunt|84/100|[from] Stealth Rock
|turn|19
|
|t:|1760382391
|switch|p1a: Clodsire|Clodsire, F|100/100
|-damage|p1a: Clodsire|94/100|[from] Stealth Rock
|move|p2a: Pecharunt|Malignant Chain|p1a: Clodsire
|-resisted|p1a: Clodsire
|-damage|p1a: Clodsire|91/100
|
|-heal|p1a: Clodsire|97/100|[from] item: Leftovers
|upkeep
|turn|20
|
|t:|1760382400
|move|p2a: Pecharunt|Parting Shot|p1a: Clodsire
|-unboost|p1a: Clodsire|atk|1
|-unboost|p1a: Clodsire|spa|1
|
|t:|1760382402
|switch|p2a: Ogerpon|Ogerpon, F|100/100|[from] Parting Shot
|-damage|p2a: Ogerpon|88/100|[from] Stealth Rock
|move|p1a: Clodsire|Toxic|p2a: Ogerpon
|-status|p2a: Ogerpon|tox
|
|-heal|p1a: Clodsire|100/100|[from] item: Leftovers
|-damage|p2a: Ogerpon|82/100 tox|[from] psn
|upkeep
|turn|21
|
|t:|1760382412
|switch|p1a: Zamazenta|Zamazenta|100/100
|-damage|p1a: Zamazenta|94/100|[from] Stealth Rock
|-ability|p1a: Zamazenta|Dauntless Shield|boost
|-boost|p1a: Zamazenta|def|1
|move|p2a: Ogerpon|Ivy Cudgel|p1a: Zamazenta
|-crit|p1a: Zamazenta
|-damage|p1a: Zamazenta|18/100
|
|-heal|p1a: Zamazenta|24/100|[from] item: Leftovers
|-damage|p2a: Ogerpon|70/100 tox|[from] psn
|upkeep
|turn|22
|
|t:|1760382423
|switch|p2a: Pecharunt|Pecharunt|84/100
|-damage|p2a: Pecharunt|72/100|[from] Stealth Rock
|move|p1a: Zamazenta|Body Press|p2a: Pecharunt
|-immune|p2a: Pecharunt
|
|-heal|p1a: Zamazenta|30/100|[from] item: Leftovers
|upkeep
|turn|23
|
|t:|1760382434
|switch|p1a: Clodsire|Clodsire, F|100/100
|-damage|p1a: Clodsire|94/100|[from] Stealth Rock
|move|p2a: Pecharunt|Shadow Ball|p1a: Clodsire
|-damage|p1a: Clodsire|81/100
|
|-heal|p1a: Clodsire|87/100|[from] item: Leftovers
|upkeep
|turn|24
|
|t:|1760382444
|switch|p1a: Ogerpon|Ogerpon-Teal-Tera, F, tera:Grass|55/100
|-damage|p1a: Ogerpon|43/100|[from] Stealth Rock
|-ability|p1a: Ogerpon|Embody Aspect (Teal)|boost
|-boost|p1a: Ogerpon|spe|1
|move|p2a: Pecharunt|Parting Shot|p1a: Ogerpon
|-unboost|p1a: Ogerpon|atk|1
|-unboost|p1a: Ogerpon|spa|1
|
|t:|1760382451
|switch|p2a: Weavile|Weavile, M, shiny|42/100|[from] Parting Shot
|-damage|p2a: Weavile|17/100|[from] Stealth Rock
|-ability|p2a: Weavile|Pressure
|
|upkeep
|turn|25
|
|t:|1760382457
|switch|p1a: Zamazenta|Zamazenta|30/100
|-damage|p1a: Zamazenta|24/100|[from] Stealth Rock
|move|p2a: Weavile|Ice Shard|p1a: Zamazenta
|-damage|p1a: Zamazenta|1/100
|
|-heal|p1a: Zamazenta|7/100|[from] item: Leftovers
|upkeep
|turn|26
|
|t:|1760382461
|move|p2a: Weavile|Ice Shard|p1a: Zamazenta
|-damage|p1a: Zamazenta|0 fnt
|faint|p1a: Zamazenta
|
|upkeep
|
|t:|1760382463
|switch|p1a: Clodsire|Clodsire, F|87/100
|-damage|p1a: Clodsire|81/100|[from] Stealth Rock
|turn|27
|
|t:|1760382467
|move|p2a: Weavile|Ice Shard|p1a: Clodsire
|-supereffective|p1a: Clodsire
|-damage|p1a: Clodsire|13/100
|move|p1a: Clodsire|Recover|p1a: Clodsire
|-heal|p1a: Clodsire|63/100
|
|-heal|p1a: Clodsire|69/100|[from] item: Leftovers
|upkeep
|turn|28
|
|t:|1760382473
|move|p2a: Weavile|Ice Shard|p1a: Clodsire
|-supereffective|p1a: Clodsire
|-crit|p1a: Clodsire
|-damage|p1a: Clodsire|0 fnt
|faint|p1a: Clodsire
|
|upkeep
|
|t:|1760382475
|switch|p1a: Ogerpon|Ogerpon-Teal-Tera, F, tera:Grass|43/100
|-damage|p1a: Ogerpon|30/100|[from] Stealth Rock
|-ability|p1a: Ogerpon|Embody Aspect (Teal)|boost
|-boost|p1a: Ogerpon|spe|1
|turn|29
|
|t:|1760382476
|move|p2a: Weavile|Ice Shard|p1a: Ogerpon
|-supereffective|p1a: Ogerpon
|-damage|p1a: Ogerpon|0 fnt
|faint|p1a: Ogerpon
|detailschange|p1: Ogerpon|Ogerpon, F|[silent]
|
|win|I AM AMPD 2 PLAY
|raw|jibreel69's rating: 1588 &rarr; <strong>1564</strong><br />(-24 for losing)
|raw|I AM AMPD 2 PLAY's rating: 1509 &rarr; <strong>1533</strong><br />(+24 for winning)
