|j|☆Poklie
|j|‽big_macis_bussin
|t:|1760377140
|gametype|singles
|player|p1|Poklie|barry|1153
|player|p2|big_macis_bussin|102|1122
|gen|9
|tier|[Gen 9] OU
|rated|
|rule|HP Percentage Mod: HP is shown in percentages
|rule|Endless Battle Clause: Forcing endless battles is banned
|rule|Species Clause: Limit one of each Pokémon
|rule|OHKO Clause: OHKO moves are banned
|rule|Evasion Items Clause: Evasion items are banned
|rule|Evasion Moves Clause: Evasion moves are banned
|rule|Evasion Abilities Clause: Evasion abilities are banned
|rule|Sleep Moves Clause: Sleep-inducing moves are banned
|clearpoke
|poke|p1|Dragapult, F|
|poke|p1|Iron Valiant|
|poke|p1|Slowking-Galar, F|
|poke|p1|Great Tusk|
|poke|p1|Moltres|
|poke|p1|Dondozo, M|
|poke|p2|Ninetales-Alola, F|
|poke|p2|Oricorio, F|
|poke|p2|Kyurem|
|poke|p2|Zamazenta-*|
|poke|p2|Iron Treads|
|poke|p2|Hatterene, F|
|teampreview
|inactive|Battle timer is ON: inactive players will automatically lose when time's up. (requested by big_macis_bussin)
|
|t:|1760377187
|teamsize|p1|6
|teamsize|p2|6
|start
|switch|p1a: Moltres|Moltres|100/100
|switch|p2a: Ninetales|Ninetales-Alola, F|100/100
|-weather|Snowscape|[from] ability: Snow Warning|[of] p2a: Ninetales
|-ability|p1a: Moltres|Pressure
|turn|1
|
|t:|1760377203
|move|p2a: Ninetales|Aurora Veil|p2a: Ninetales
|-sidestart|p2: big_macis_bussin|move: Aurora Veil
|move|p1a: Moltres|Flamethrower|p2a: Ninetales
|-supereffective|p2a: Ninetales
|-damage|p2a: Ninetales|62/100
|
|-weather|Snowscape|[upkeep]
|upkeep
|turn|2
|
|t:|1760377211
|move|p2a: Ninetales|Disable|p1a: Moltres
|-start|p1a: Moltres|Disable|Flamethrower
|cant|p1a: Moltres|Disable|Flamethrower
|
|-weather|Snowscape|[upkeep]
|upkeep
|turn|3
|
|t:|1760377219
|move|p2a: Ninetales|Encore|p1a: Moltres
|-start|p1a: Moltres|Encore
|cant|p1a: Moltres|Disable|Flamethrower
|
|-weather|Snowscape|[upkeep]
|upkeep
|turn|4
|
|t:|1760377228
|switch|p1a: Dragapult|Dragapult, F|100/100
|move|p2a: Ninetales|Freeze-Dry|p1a: Dragapult
|-supereffective|p1a: Dragapult
|-damage|p1a: Dragapult|48/100
|
|-weather|Snowscape|[upkeep]
|upkeep
|turn|5
|
|t:|1760377241
|move|p1a: Dragapult|U-turn|p2a: Ninetales
|-resisted|p2a: Ninetales
|-damage|p2a: Ninetales|55/100
|
|t:|1760377254
|switch|p1a: Iron Valiant|Iron Valiant|100/100|[from] U-turn
|-enditem|p1a: Iron Valiant|Booster Energy
|-activate|p1a: Iron Valiant|ability: Quark Drive|[fromitem]
|-start|p1a: Iron Valiant|quarkdrivespe
|move|p2a: Ninetales|Freeze-Dry|p1a: Iron Valiant
|-damage|p1a: Iron Valiant|60/100
|
|-weather|none
|upkeep
|turn|6
|
|t:|1760377274
|move|p1a: Iron Valiant|Knock Off|p2a: Ninetales
|-resisted|p2a: Ninetales
|-damage|p2a: Ninetales|45/100
|-enditem|p2a: Ninetales|Light Clay|[from] move: Knock Off|[of] p1a: Iron Valiant
|move|p2a: Ninetales|Freeze-Dry|p1a: Iron Valiant
|-damage|p1a: Iron Valiant|20/100
|
|upkeep
|turn|7
|inactive|Poklie has 120 seconds left.
|
|t:|1760377296
|-end|p1a: Iron Valiant|Quark Drive|[silent]
|switch|p1a: Dondozo|Dondozo, M|100/100
|move|p2a: Ninetales|Freeze-Dry|p1a: Dondozo
|-supereffective|p1a: Dondozo
|-damage|p1a: Dondozo|63/100
|
|-heal|p1a: Dondozo|69/100|[from] item: Leftovers
|upkeep
|turn|8
|inactive|Poklie has 120 seconds left.
|
|t:|1760377310
|move|p2a: Ninetales|Freeze-Dry|p1a: Dondozo
|-supereffective|p1a: Dondozo
|-damage|p1a: Dondozo|34/100
|move|p1a: Dondozo|Rest|p1a: Dondozo
|-status|p1a: Dondozo|slp|[from] move: Rest
|-heal|p1a: Dondozo|100/100 slp|[silent]
|
|-sideend|p2: big_macis_bussin|move: Aurora Veil
|upkeep
|turn|9
|
|t:|1760377320
|move|p2a: Ninetales|Encore|p1a: Dondozo
|-start|p1a: Dondozo|Encore
|cant|p1a: Dondozo|slp
|
|upkeep
|turn|10
|
|t:|1760377330
|switch|p1a: Moltres|Moltres|100/100
|-ability|p1a: Moltres|Pressure
|move|p2a: Ninetales|Aurora Veil||[still]
|-fail|p2a: Ninetales
|
|upkeep
|turn|11
|
|t:|1760377349
|switch|p2a: Oricorio|Oricorio, F|100/100
|move|p1a: Moltres|Flamethrower|p2a: Oricorio
|-resisted|p2a: Oricorio
|-damage|p2a: Oricorio|69/100
|
|upkeep
|turn|12
|
|t:|1760377358
|move|p2a: Oricorio|Quiver Dance|p2a: Oricorio
|-boost|p2a: Oricorio|spa|1
|-boost|p2a: Oricorio|spd|1
|-boost|p2a: Oricorio|spe|1
|move|p1a: Moltres|Air Slash|p2a: Oricorio
|-damage|p2a: Oricorio|36/100
|
|upkeep
|turn|13
|
|t:|1760377368
|move|p2a: Oricorio|Revelation Dance|p1a: Moltres
|-resisted|p1a: Moltres
|-damage|p1a: Moltres|72/100
|move|p1a: Moltres|U-turn|p2a: Oricorio
|-resisted|p2a: Oricorio
|-damage|p2a: Oricorio|31/100
|
|t:|1760377385
|switch|p1a: Dondozo|Dondozo, M|100/100 slp|[from] U-turn
|
|upkeep
|turn|14
|
|t:|1760377397
|move|p2a: Oricorio|Quiver Dance|p2a: Oricorio
|-boost|p2a: Oricorio|spa|1
|-boost|p2a: Oricorio|spd|1
|-boost|p2a: Oricorio|spe|1
|cant|p1a: Dondozo|slp
|move|p1a: Dondozo|Sleep Talk|p1a: Dondozo
|move|p1a: Dondozo|Rest||[from] move: Sleep Talk|[still]
|-fail|p1a: Dondozo
|
|upkeep
|turn|15
|
|t:|1760377409
|move|p2a: Oricorio|Quiver Dance|p2a: Oricorio
|-boost|p2a: Oricorio|spa|1
|-boost|p2a: Oricorio|spd|1
|-boost|p2a: Oricorio|spe|1
|-curestatus|p1a: Dondozo|slp|[msg]
|move|p1a: Dondozo|Liquidation|p2a: Oricorio
|-supereffective|p2a: Oricorio
|-damage|p2a: Oricorio|0 fnt
|faint|p2a: Oricorio
|
|upkeep
|
|t:|1760377416
|switch|p2a: Zamazenta|Zamazenta|100/100
|-ability|p2a: Zamazenta|Dauntless Shield|boost
|-boost|p2a: Zamazenta|def|1
|turn|16
|
|t:|1760377426
|move|p2a: Zamazenta|Iron Defense|p2a: Zamazenta
|-boost|p2a: Zamazenta|def|2
|move|p1a: Dondozo|Earthquake|p2a: Zamazenta
|-damage|p2a: Zamazenta|83/100
|
|-heal|p2a: Zamazenta|89/100|[from] item: Leftovers
|upkeep
|turn|17
|
|t:|1760377436
|move|p2a: Zamazenta|Iron Defense|p2a: Zamazenta
|-boost|p2a: Zamazenta|def|2
|move|p1a: Dondozo|Liquidation|p2a: Zamazenta
|-damage|p2a: Zamazenta|69/100
|
|-heal|p2a: Zamazenta|75/100|[from] item: Leftovers
|upkeep
|turn|18
|
|t:|1760377445
|move|p1a: Dondozo|Liquidation|p2a: Zamazenta
|-damage|p2a: Zamazenta|54/100
|move|p2a: Zamazenta|Roar|p1a: Dondozo
|drag|p1a: Slowking|Slowking-Galar, F|100/100
|
|-heal|p2a: Zamazenta|61/100|[from] item: Leftovers
|upkeep
|turn|19
|
|t:|1760377458
|move|p1a: Slowking|Psychic Noise|p2a: Zamazenta
|-supereffective|p2a: Zamazenta
|-damage|p2a: Zamazenta|18/100
|-start|p2a: Zamazenta|move: Heal Block
|move|p2a: Zamazenta|Roar|p1a: Slowking
|drag|p1a: Dragapult|Dragapult, F|48/100
|
|upkeep
|turn|20
|
|t:|1760377477
|move|p1a: Dragapult|Hex|p2a: Zamazenta
|-damage|p2a: Zamazenta|0 fnt
|faint|p2a: Zamazenta
|
|upkeep
|
|t:|1760377484
|switch|p2a: Iron Treads|Iron Treads|100/100
|-enditem|p2a: Iron Treads|Booster Energy
|-activate|p2a: Iron Treads|ability: Quark Drive|[fromitem]
|-start|p2a: Iron Treads|quarkdrivespe
|turn|21
|inactive|Poklie has 120 seconds left.
|
|t:|1760377535
|switch|p1a: Dondozo|Dondozo, M|100/100
|move|p2a: Iron Treads|Steel Beam|p1a: Dondozo
|-resisted|p1a: Dondozo
|-damage|p1a: Dondozo|78/100
|-damage|p2a: Iron Treads|50/100|[from] steelbeam
|
|-heal|p1a: Dondozo|85/100|[from] item: Leftovers
|upkeep
|turn|22
|
|t:|1760377548
|move|p2a: Iron Treads|Stealth Rock|p1a: Dondozo
|-sidestart|p1: Poklie|move: Stealth Rock
|move|p1a: Dondozo|Earthquake|p2a: Iron Treads
|-supereffective|p2a: Iron Treads
|-damage|p2a: Iron Treads|5/100
|
|-heal|p1a: Dondozo|91/100|[from] item: Leftovers
|upkeep
|turn|23
|
|t:|1760377557
|move|p2a: Iron Treads|Earth Power|p1a: Dondozo
|-damage|p1a: Dondozo|60/100
|move|p1a: Dondozo|Liquidation|p2a: Iron Treads
|-supereffective|p2a: Iron Treads
|-damage|p2a: Iron Treads|0 fnt
|faint|p2a: Iron Treads
|-end|p2a: Iron Treads|Quark Drive|[silent]
|
|-heal|p1a: Dondozo|66/100|[from] item: Leftovers
|upkeep
|
|t:|1760377560
|switch|p2a: Hatterene|Hatterene, F|100/100
|turn|24
|inactive|Poklie has 120 seconds left.
|
|t:|1760377572
|move|p2a: Hatterene|Calm Mind|p2a: Hatterene
|-boost|p2a: Hatterene|spa|1
|-boost|p2a: Hatterene|spd|1
|move|p1a: Dondozo|Liquidation|p2a: Hatterene
|-crit|p2a: Hatterene
|-damage|p2a: Hatterene|62/100
|
|-heal|p1a: Dondozo|73/100|[from] item: Leftovers
|upkeep
|turn|25
|inactive|Poklie has 120 seconds left.
|
|t:|1760377581
|-terastallize|p2a: Hatterene|Water
|move|p2a: Hatterene|Calm Mind|p2a: Hatterene
|-boost|p2a: Hatterene|spa|1
|-boost|p2a: Hatterene|spd|1
|move|p1a: Dondozo|Liquidation|p2a: Hatterene
|-resisted|p2a: Hatterene
|-damage|p2a: Hatterene|49/100
|
|-heal|p1a: Dondozo|79/100|[from] item: Leftovers
|upkeep
|turn|26
|inactive|Poklie has 120 seconds left.
|
|t:|1760377592
|switch|p1a: Dragapult|Dragapult, F|48/100
|move|p2a: Hatterene|Psychic Noise|p1a: Dragapult
|-damage|p1a: Dragapult|0 fnt
|faint|p1a: Dragapult
|
|upkeep
|inactive|Poklie has 120 seconds left.
|
|t:|1760377605
|switch|p1a: Slowking|Slowking-Galar, F|100/100
|-damage|p1a: Slowking|88/100|[from] Stealth Rock
|turn|27
|inactive|Poklie has 120 seconds left.
|
|t:|1760377613
|move|p2a: Hatterene|Psychic Noise|p1a: Slowking
|-damage|p1a: Slowking|45/100
|-start|p1a: Slowking|move: Heal Block
|move|p1a: Slowking|Toxic|p2a: Hatterene
|move|p2a: Hatterene|Toxic|p1a: Slowking|[from] ability: Magic Bounce
|-immune|p1a: Slowking
|
|upkeep
|turn|28
|inactive|Poklie has 120 seconds left.
|
|t:|1760377628
|move|p2a: Hatterene|Psychic Noise|p1a: Slowking
|-damage|p1a: Slowking|6/100
|move|p1a: Slowking|Psychic Noise|p2a: Hatterene
|-damage|p2a: Hatterene|34/100
|
|-end|p1a: Slowking|move: Heal Block
|upkeep
|turn|29
|inactive|Poklie has 120 seconds left.
|
|t:|1760377650
|switch|p1a: Dondozo|Dondozo, M|79/100
|-damage|p1a: Dondozo|66/100|[from] Stealth Rock
|move|p2a: Hatterene|Draining Kiss|p1a: Dondozo
|-damage|p1a: Dondozo|45/100
|-heal|p2a: Hatterene|60/100|[from] drain|[of] p1a: Dondozo
|
|-heal|p1a: Dondozo|51/100|[from] item: Leftovers
|upkeep
|turn|30
|
|t:|1760377671
|move|p2a: Hatterene|Draining Kiss|p1a: Dondozo
|-damage|p1a: Dondozo|30/100
|-heal|p2a: Hatterene|85/100|[from] drain|[of] p1a: Dondozo
|move|p1a: Dondozo|Earthquake|p2a: Hatterene
|-damage|p2a: Hatterene|66/100
|
|-heal|p1a: Dondozo|36/100|[from] item: Leftovers
|upkeep
|turn|31
|inactive|Poklie has 90 seconds left.
|
|t:|1760377706
|move|p2a: Hatterene|Draining Kiss|p1a: Dondozo
|-damage|p1a: Dondozo|14/100
|-heal|p2a: Hatterene|92/100|[from] drain|[of] p1a: Dondozo
|move|p1a: Dondozo|Earthquake|p2a: Hatterene
|-damage|p2a: Hatterene|74/100
|
|-heal|p1a: Dondozo|20/100|[from] item: Leftovers
|upkeep
|turn|32
|inactive|Poklie has 90 seconds left.
|
|t:|1760377729
|move|p2a: Hatterene|Draining Kiss|p1a: Dondozo
|-damage|p1a: Dondozo|0 fnt
|-heal|p2a: Hatterene|97/100|[from] drain|[of] p1a: Dondozo
|faint|p1a: Dondozo
|
|upkeep
|inactive|Poklie has 60 seconds left.
|
|t:|1760377768
|switch|p1a: Great Tusk|Great Tusk|100/100
|-damage|p1a: Great Tusk|98/100|[from] Stealth Rock
|-enditem|p1a: Great Tusk|Booster Energy
|-activate|p1a: Great Tusk|ability: Protosynthesis|[fromitem]
|-start|p1a: Great Tusk|protosynthesisdef
|turn|33
|
|t:|1760377780
|move|p1a: Great Tusk|Knock Off|p2a: Hatterene
|-damage|p2a: Hatterene|75/100
|-enditem|p2a: Hatterene|Covert Cloak|[from] move: Knock Off|[of] p1a: Great Tusk
|move|p2a: Hatterene|Draining Kiss|p1a: Great Tusk
|-supereffective|p1a: Great Tusk
|-damage|p1a: Great Tusk|0 fnt
|-heal|p2a: Hatterene|100/100|[from] drain|[of] p1a: Great Tusk
|faint|p1a: Great Tusk
|-end|p1a: Great Tusk|Protosynthesis|[silent]
|
|upkeep
|
|t:|1760377795
|switch|p1a: Iron Valiant|Iron Valiant|20/100
|-damage|p1a: Iron Valiant|14/100|[from] Stealth Rock
|turn|34
|
|t:|1760377808
|-terastallize|p1a: Iron Valiant|Fairy
|move|p1a: Iron Valiant|Moonblast|p2a: Hatterene
|-damage|p2a: Hatterene|74/100
|move|p2a: Hatterene|Psychic Noise|p1a: Iron Valiant
|-damage|p1a: Iron Valiant|0 fnt
|faint|p1a: Iron Valiant
|-end|p1a: Iron Valiant|Quark Drive|[silent]
|
|upkeep
|
|t:|1760377820
|switch|p1a: Moltres|Moltres|72/100
|-ability|p1a: Moltres|Pressure
|turn|35
|
|t:|1760377825
|move|p1a: Moltres|Air Slash|p2a: Hatterene
|-damage|p2a: Hatterene|55/100
|cant|p2a: Hatterene|flinch
|
|upkeep
|turn|36
|
|t:|1760377832
|move|p1a: Moltres|Air Slash|p2a: Hatterene
|-damage|p2a: Hatterene|38/100
|move|p2a: Hatterene|Psychic Noise|p1a: Moltres
|-damage|p1a: Moltres|9/100
|-start|p1a: Moltres|move: Heal Block
|
|upkeep
|turn|37
|
|t:|1760377841
|move|p1a: Moltres|Air Slash|p2a: Hatterene
|-damage|p2a: Hatterene|19/100
|cant|p2a: Hatterene|flinch
|
|-end|p1a: Moltres|move: Heal Block
|upkeep
|turn|38
|
|t:|1760377848
|move|p1a: Moltres|Air Slash|p2a: Hatterene
|-damage|p2a: Hatterene|2/100
|move|p2a: Hatterene|Draining Kiss|p1a: Moltres
|-resisted|p1a: Moltres
|-damage|p1a: Moltres|0 fnt
|-heal|p2a: Hatterene|9/100|[from] drain|[of] p1a: Moltres
|faint|p1a: Moltres
|
|upkeep
|
|t:|1760377857
|switch|p1a: Slowking|Slowking-Galar, F|39/100
|-damage|p1a: Slowking|27/100|[from] Stealth Rock
|turn|39
|
|t:|1760377862
|move|p2a: Hatterene|Psychic Noise|p1a: Slowking
|-damage|p1a: Slowking|0 fnt
|faint|p1a: Slowking
|
|win|big_macis_bussin
|raw|Poklie's rating: 1153 &rarr; <strong>1126</strong><br />(-27 for losing)
|raw|big_macis_bussin's rating: 1122 &rarr; <strong>1149</strong><br />(+27 for winning)
|l|☆Poklie
|player|p1|
|l|‽big_macis_bussin
|player|p2|
