|j|☆yourmum1999
|j|☆Z-Bean
|t:|1760375842
|gametype|singles
|player|p1|yourmum1999|266|1152
|player|p2|Z-Bean|crasherwake|1188
|gen|9
|tier|[Gen 9] OU
|rated|
|rule|HP Percentage Mod: HP is shown in percentages
|rule|Endless Battle Clause: Forcing endless battles is banned
|rule|Species Clause: Limit one of each Pokémon
|rule|OHKO Clause: OHKO moves are banned
|rule|Evasion Items Clause: Evasion items are banned
|rule|Evasion Moves Clause: Evasion moves are banned
|rule|Evasion Abilities Clause: Evasion abilities are banned
|rule|Sleep Moves Clause: Sleep-inducing moves are banned
|clearpoke
|poke|p1|Kingambit, F|
|poke|p1|Cinderace, F|
|poke|p1|Landorus-Therian, M|
|poke|p1|Iron Valiant|
|poke|p1|Kyurem|
|poke|p1|Slowking-Galar, M|
|poke|p2|Rotom-Wash|
|poke|p2|Slowking-Galar, F|
|poke|p2|Great Tusk|
|poke|p2|Corviknight, F|
|poke|p2|Kyurem|
|poke|p2|Spidops, M|
|teampreview
|inactive|Battle timer is ON: inactive players will automatically lose when time's up. (requested by yourmum1999)
|
|t:|1760375854
|teamsize|p1|6
|teamsize|p2|6
|start
|switch|p1a: Homelandor|Landorus-Therian, M, shiny|100/100
|switch|p2a: Rubbaband|Spidops, M|100/100
|-ability|p1a: Homelandor|Intimidate|boost
|-unboost|p2a: Rubbaband|atk|1
|turn|1
|
|t:|1760375862
|move|p1a: Homelandor|Taunt|p2a: Rubbaband
|-start|p2a: Rubbaband|move: Taunt
|move|p2a: Rubbaband|Knock Off|p1a: Homelandor
|-damage|p1a: Homelandor|78/100
|-damage|p2a: Rubbaband|84/100|[from] item: Rocky Helmet|[of] p1a: Homelandor
|-enditem|p1a: Homelandor|Rocky Helmet|[from] move: Knock Off|[of] p2a: Rubbaband
|-damage|p2a: Rubbaband|74/100|[from] item: Life Orb
|
|upkeep
|turn|2
|
|t:|1760375877
|switch|p2a: Chronos|Kyurem|100/100
|-ability|p2a: Chronos|Pressure
|move|p1a: Homelandor|Stealth Rock|p2a: Chronos
|-sidestart|p2: Z-Bean|move: Stealth Rock
|
|upkeep
|turn|3
|
|t:|1760375888
|switch|p1a: Chillionaire|Slowking-Galar, M, shiny|100/100
|move|p2a: Chronos|Dragon Dance|p2a: Chronos
|-boost|p2a: Chronos|atk|1
|-boost|p2a: Chronos|spe|1
|
|upkeep
|turn|4
|
|t:|1760375898
|move|p2a: Chronos|Freeze-Dry|p1a: Chillionaire
|-damage|p1a: Chillionaire|71/100
|-damage|p2a: Chronos|91/100|[from] item: Life Orb
|move|p1a: Chillionaire|Thunder Wave|p2a: Chronos|[miss]
|-miss|p1a: Chillionaire|p2a: Chronos
|
|upkeep
|turn|5
|
|t:|1760375904
|switch|p2a: Mercedes|Rotom-Wash|100/100
|-damage|p2a: Mercedes|88/100|[from] Stealth Rock
|move|p1a: Chillionaire|Thunder Wave|p2a: Mercedes
|-immune|p2a: Mercedes
|
|upkeep
|turn|6
|
|t:|1760375927
|move|p2a: Mercedes|Trick|p1a: Chillionaire
|-activate|p2a: Mercedes|move: Trick|[of] p1a: Chillionaire
|-item|p1a: Chillionaire|Choice Scarf|[from] move: Trick
|-item|p2a: Mercedes|Heavy-Duty Boots|[from] move: Trick
|-prepare|p1a: Chillionaire|Chilly Reception|[premajor]
|move|p1a: Chillionaire|Chilly Reception|p1a: Chillionaire
|-weather|Snowscape
|
|t:|1760375943
|switch|p1a: Mr. Freeze|Kyurem, shiny|100/100|[from] Chilly Reception
|-ability|p1a: Mr. Freeze|Pressure
|
|-weather|Snowscape|[upkeep]
|upkeep
|turn|7
|
|t:|1760375950
|switch|p2a: Toledo|Corviknight, F|100/100
|-damage|p2a: Toledo|88/100|[from] Stealth Rock
|-ability|p2a: Toledo|Pressure
|move|p1a: Mr. Freeze|Substitute|p1a: Mr. Freeze
|-start|p1a: Mr. Freeze|Substitute
|-damage|p1a: Mr. Freeze|76/100
|
|-weather|Snowscape|[upkeep]
|-heal|p1a: Mr. Freeze|82/100|[from] item: Leftovers
|-heal|p2a: Toledo|94/100|[from] item: Leftovers
|upkeep
|turn|8
|
|t:|1760375960
|move|p1a: Mr. Freeze|Freeze-Dry|p2a: Toledo
|-damage|p2a: Toledo|61/100
|move|p2a: Toledo|Brave Bird|p1a: Mr. Freeze
|-activate|p1a: Mr. Freeze|move: Substitute|[damage]
|-damage|p2a: Toledo|54/100|[from] Recoil|[of] p1a: Mr. Freeze
|
|-weather|Snowscape|[upkeep]
|-heal|p1a: Mr. Freeze|88/100|[from] item: Leftovers
|-heal|p2a: Toledo|60/100|[from] item: Leftovers
|upkeep
|turn|9
|
|t:|1760375969
|move|p1a: Mr. Freeze|Freeze-Dry|p2a: Toledo
|-damage|p2a: Toledo|25/100
|move|p2a: Toledo|Roost|p2a: Toledo
|-heal|p2a: Toledo|75/100
|-singleturn|p2a: Toledo|move: Roost
|
|-weather|Snowscape|[upkeep]
|-heal|p1a: Mr. Freeze|94/100|[from] item: Leftovers
|-heal|p2a: Toledo|81/100|[from] item: Leftovers
|upkeep
|turn|10
|
|t:|1760375978
|move|p1a: Mr. Freeze|Freeze-Dry|p2a: Toledo
|-damage|p2a: Toledo|45/100
|move|p2a: Toledo|Brave Bird|p1a: Mr. Freeze
|-end|p1a: Mr. Freeze|Substitute
|-damage|p2a: Toledo|44/100|[from] Recoil|[of] p1a: Mr. Freeze
|
|-weather|none
|-heal|p1a: Mr. Freeze|99/100|[from] item: Leftovers
|-heal|p2a: Toledo|50/100|[from] item: Leftovers
|upkeep
|turn|11
|
|t:|1760375993
|switch|p1a: Homelandor|Landorus-Therian, M, shiny|78/100
|-ability|p1a: Homelandor|Intimidate|boost
|-unboost|p2a: Toledo|atk|1
|move|p2a: Toledo|Roost|p2a: Toledo
|-heal|p2a: Toledo|99/100
|-singleturn|p2a: Toledo|move: Roost
|
|-heal|p2a: Toledo|100/100|[from] item: Leftovers
|upkeep
|turn|12
|
|t:|1760376003
|move|p1a: Homelandor|Taunt|p2a: Toledo
|-start|p2a: Toledo|move: Taunt
|move|p2a: Toledo|U-turn|p1a: Homelandor
|-resisted|p1a: Homelandor
|-damage|p1a: Homelandor|74/100
|
|t:|1760376013
|switch|p2a: Nelly|Slowking-Galar, F|100/100|[from] U-turn
|-damage|p2a: Nelly|88/100|[from] Stealth Rock
|
|-heal|p2a: Nelly|94/100|[from] item: Leftovers
|upkeep
|turn|13
|
|t:|1760376023
|move|p1a: Homelandor|Taunt|p2a: Nelly
|-start|p2a: Nelly|move: Taunt
|-prepare|p2a: Nelly|Chilly Reception|[premajor]
|cant|p2a: Nelly|move: Taunt|Chilly Reception
|
|-heal|p2a: Nelly|99/100|[from] item: Leftovers
|upkeep
|turn|14
|
|t:|1760376030
|move|p1a: Homelandor|Earthquake|p2a: Nelly
|-supereffective|p2a: Nelly
|-damage|p2a: Nelly|0 fnt
|faint|p2a: Nelly
|
|upkeep
|
|t:|1760376036
|switch|p2a: Mercedes|Rotom-Wash|88/100
|turn|15
|
|t:|1760376042
|switch|p1a: Mr. Freeze|Kyurem, shiny|99/100
|-ability|p1a: Mr. Freeze|Pressure
|move|p2a: Mercedes|Hydro Pump|p1a: Mr. Freeze
|-resisted|p1a: Mr. Freeze
|-damage|p1a: Mr. Freeze|77/100
|
|-heal|p1a: Mr. Freeze|83/100|[from] item: Leftovers
|upkeep
|turn|16
|
|t:|1760376056
|switch|p1a: Homelandor|Landorus-Therian, M, shiny|74/100
|-ability|p1a: Homelandor|Intimidate|boost
|-unboost|p2a: Mercedes|atk|1
|-terastallize|p2a: Mercedes|Poison
|move|p2a: Mercedes|Thunderbolt|p1a: Homelandor
|-immune|p1a: Homelandor
|
|upkeep
|turn|17
|
|t:|1760376065
|switch|p1a: Mr. Freeze|Kyurem, shiny|83/100
|-ability|p1a: Mr. Freeze|Pressure
|move|p2a: Mercedes|Thunderbolt|p1a: Mr. Freeze
|-resisted|p1a: Mr. Freeze
|-damage|p1a: Mr. Freeze|65/100
|
|-heal|p1a: Mr. Freeze|71/100|[from] item: Leftovers
|upkeep
|turn|18
|
|t:|1760376082
|move|p1a: Mr. Freeze|Substitute|p1a: Mr. Freeze
|-start|p1a: Mr. Freeze|Substitute
|-damage|p1a: Mr. Freeze|46/100
|move|p2a: Mercedes|Volt Switch|p1a: Mr. Freeze
|-resisted|p1a: Mr. Freeze
|-activate|p1a: Mr. Freeze|move: Substitute|[damage]
|
|t:|1760376086
|switch|p2a: Botin|Great Tusk|100/100|[from] Volt Switch
|-damage|p2a: Botin|98/100|[from] Stealth Rock
|
|-heal|p1a: Mr. Freeze|52/100|[from] item: Leftovers
|-heal|p2a: Botin|100/100|[from] item: Leftovers
|upkeep
|turn|19
|
|t:|1760376094
|move|p1a: Mr. Freeze|Freeze-Dry|p2a: Botin
|-supereffective|p2a: Botin
|-damage|p2a: Botin|0 fnt
|faint|p2a: Botin
|-end|p2a: Botin|Protosynthesis|[silent]
|
|-heal|p1a: Mr. Freeze|59/100|[from] item: Leftovers
|upkeep
|
|t:|1760376100
|switch|p2a: Toledo|Corviknight, F|100/100
|-damage|p2a: Toledo|88/100|[from] Stealth Rock
|-ability|p2a: Toledo|Pressure
|turn|20
|
|t:|1760376106
|move|p1a: Mr. Freeze|Freeze-Dry|p2a: Toledo
|-damage|p2a: Toledo|53/100
|move|p2a: Toledo|Defog|p1a: Mr. Freeze
|-sideend|p2: Z-Bean|Stealth Rock|[from] move: Defog|[of] p2a: Toledo
|
|-heal|p1a: Mr. Freeze|65/100|[from] item: Leftovers
|-heal|p2a: Toledo|59/100|[from] item: Leftovers
|upkeep
|turn|21
|
|t:|1760376113
|move|p1a: Mr. Freeze|Freeze-Dry|p2a: Toledo
|-damage|p2a: Toledo|24/100
|move|p2a: Toledo|Roost|p2a: Toledo
|-heal|p2a: Toledo|74/100
|-singleturn|p2a: Toledo|move: Roost
|
|-heal|p1a: Mr. Freeze|71/100|[from] item: Leftovers
|-heal|p2a: Toledo|80/100|[from] item: Leftovers
|upkeep
|turn|22
|
|t:|1760376121
|move|p1a: Mr. Freeze|Freeze-Dry|p2a: Toledo
|-damage|p2a: Toledo|48/100
|move|p2a: Toledo|Brave Bird|p1a: Mr. Freeze
|-end|p1a: Mr. Freeze|Substitute
|-damage|p2a: Toledo|45/100|[from] Recoil|[of] p1a: Mr. Freeze
|
|-heal|p1a: Mr. Freeze|77/100|[from] item: Leftovers
|-heal|p2a: Toledo|51/100|[from] item: Leftovers
|upkeep
|turn|23
|
|t:|1760376131
|switch|p1a: Homelandor|Landorus-Therian, M, shiny|74/100
|-ability|p1a: Homelandor|Intimidate|boost
|-unboost|p2a: Toledo|atk|1
|move|p2a: Toledo|Roost|p2a: Toledo
|-heal|p2a: Toledo|100/100
|-singleturn|p2a: Toledo|move: Roost
|
|upkeep
|turn|24
|
|t:|1760376148
|move|p1a: Homelandor|Stealth Rock|p2a: Toledo
|-sidestart|p2: Z-Bean|move: Stealth Rock
|move|p2a: Toledo|Brave Bird|p1a: Homelandor
|-damage|p1a: Homelandor|50/100
|-damage|p2a: Toledo|93/100|[from] Recoil
|
|-heal|p2a: Toledo|99/100|[from] item: Leftovers
|upkeep
|turn|25
|
|t:|1760376156
|move|p1a: Homelandor|Taunt|p2a: Toledo
|-start|p2a: Toledo|move: Taunt
|move|p2a: Toledo|Brave Bird|p1a: Homelandor
|-damage|p1a: Homelandor|25/100
|-damage|p2a: Toledo|92/100|[from] Recoil
|
|-heal|p2a: Toledo|98/100|[from] item: Leftovers
|upkeep
|turn|26
|
|t:|1760376164
|move|p1a: Homelandor|U-turn|p2a: Toledo
|-resisted|p2a: Toledo
|-damage|p2a: Toledo|95/100
|
|t:|1760376173
|switch|p1a: Chillionaire|Slowking-Galar, M, shiny|100/100|[from] U-turn
|move|p2a: Toledo|Brave Bird|p1a: Chillionaire
|-damage|p1a: Chillionaire|73/100
|-damage|p2a: Toledo|86/100|[from] Recoil
|
|-heal|p2a: Toledo|92/100|[from] item: Leftovers
|upkeep
|turn|27
|
|t:|1760376193
|move|p2a: Toledo|U-turn|p1a: Chillionaire
|-damage|p1a: Chillionaire|63/100
|
|t:|1760376196
|switch|p2a: Mercedes|Rotom-Wash, tera:Poison|88/100|[from] U-turn
|move|p1a: Chillionaire|Psychic Noise|p2a: Mercedes
|-supereffective|p2a: Mercedes
|-damage|p2a: Mercedes|8/100
|-start|p2a: Mercedes|move: Heal Block
|
|upkeep
|turn|28
|
|t:|1760376206
|move|p2a: Mercedes|Hydro Pump|p1a: Chillionaire
|-damage|p1a: Chillionaire|33/100
|move|p1a: Chillionaire|Psychic Noise|p2a: Mercedes
|-supereffective|p2a: Mercedes
|-damage|p2a: Mercedes|0 fnt
|faint|p2a: Mercedes
|
|upkeep
|
|t:|1760376214
|switch|p2a: Rubbaband|Spidops, M|74/100
|-damage|p2a: Rubbaband|49/100|[from] Stealth Rock
|turn|29
|
|t:|1760376224
|move|p2a: Rubbaband|Sucker Punch|p1a: Chillionaire
|-supereffective|p1a: Chillionaire
|-damage|p1a: Chillionaire|0 fnt
|faint|p1a: Chillionaire
|-damage|p2a: Rubbaband|39/100|[from] item: Life Orb
|
|upkeep
|
|t:|1760376241
|switch|p1a: Kristine|Cinderace, F, shiny|100/100
|turn|30
|
|t:|1760376245
|move|p2a: Rubbaband|Sucker Punch|p1a: Kristine
|-damage|p1a: Kristine|69/100
|-damage|p2a: Rubbaband|29/100|[from] item: Life Orb
|move|p1a: Kristine|Pyro Ball|p2a: Rubbaband
|-supereffective|p2a: Rubbaband
|-damage|p2a: Rubbaband|0 fnt
|faint|p2a: Rubbaband
|
|upkeep
|
|t:|1760376249
|switch|p2a: Chronos|Kyurem|91/100
|-damage|p2a: Chronos|66/100|[from] Stealth Rock
|-ability|p2a: Chronos|Pressure
|turn|31
|
|t:|1760376259
|move|p1a: Kristine|Will-O-Wisp|p2a: Chronos
|-status|p2a: Chronos|brn
|move|p2a: Chronos|Dragon Dance|p2a: Chronos
|-boost|p2a: Chronos|atk|1
|-boost|p2a: Chronos|spe|1
|
|-damage|p2a: Chronos|60/100 brn|[from] brn
|upkeep
|turn|32
|
|t:|1760376268
|move|p2a: Chronos|Draco Meteor|p1a: Kristine
|-damage|p1a: Kristine|0 fnt
|-unboost|p2a: Chronos|spa|2
|faint|p1a: Kristine
|-damage|p2a: Chronos|50/100 brn|[from] item: Life Orb
|
|-damage|p2a: Chronos|43/100 brn|[from] brn
|upkeep
|
|t:|1760376289
|switch|p1a: Homelandor|Landorus-Therian, M, shiny|25/100
|-ability|p1a: Homelandor|Intimidate|boost
|-unboost|p2a: Chronos|atk|1
|turn|33
|
|t:|1760376294
|move|p2a: Chronos|Freeze-Dry|p1a: Homelandor
|-supereffective|p1a: Homelandor
|-damage|p1a: Homelandor|0 fnt
|faint|p1a: Homelandor
|-damage|p2a: Chronos|33/100 brn|[from] item: Life Orb
|
|-damage|p2a: Chronos|27/100 brn|[from] brn
|upkeep
|
|t:|1760376307
|switch|p1a: Mr. Freeze|Kyurem, shiny|77/100
|-ability|p1a: Mr. Freeze|Pressure
|turn|34
|
|t:|1760376311
|move|p2a: Chronos|Draco Meteor|p1a: Mr. Freeze
|-supereffective|p1a: Mr. Freeze
|-crit|p1a: Mr. Freeze
|-damage|p1a: Mr. Freeze|0 fnt
|-unboost|p2a: Chronos|spa|2
|faint|p1a: Mr. Freeze
|-damage|p2a: Chronos|17/100 brn|[from] item: Life Orb
|
|-damage|p2a: Chronos|11/100 brn|[from] brn
|upkeep
|
|t:|1760376326
|switch|p1a: WALL-Y|Iron Valiant|100/100
|-enditem|p1a: WALL-Y|Booster Energy
|-activate|p1a: WALL-Y|ability: Quark Drive|[fromitem]
|-start|p1a: WALL-Y|quarkdrivespe
|turn|35
|
|t:|1760376333
|move|p1a: WALL-Y|Moonblast|p2a: Chronos
|-supereffective|p2a: Chronos
|-damage|p2a: Chronos|0 fnt
|faint|p2a: Chronos
|
|upkeep
|
|t:|1760376336
|switch|p2a: Toledo|Corviknight, F|92/100
|-damage|p2a: Toledo|80/100|[from] Stealth Rock
|-ability|p2a: Toledo|Pressure
|turn|36
|
|t:|1760376343
|-terastallize|p1a: WALL-Y|Ghost
|move|p1a: WALL-Y|Shadow Ball|p2a: Toledo
|-damage|p2a: Toledo|40/100
|-unboost|p2a: Toledo|spd|1
|move|p2a: Toledo|Brave Bird|p1a: WALL-Y
|-damage|p1a: WALL-Y|50/100
|-damage|p2a: Toledo|28/100|[from] Recoil
|
|-heal|p2a: Toledo|34/100|[from] item: Leftovers
|upkeep
|turn|37
|
|t:|1760376354
|move|p1a: WALL-Y|Shadow Ball|p2a: Toledo
|-damage|p2a: Toledo|0 fnt
|faint|p2a: Toledo
|
|win|yourmum1999
|raw|yourmum1999's rating: 1152 &rarr; <strong>1180</strong><br />(+28 for winning)
|raw|Z-Bean's rating: 1188 &rarr; <strong>1160</strong><br />(-28 for losing)
|c|☆Z-Bean|can't be too pissed off
|l|☆yourmum1999
|player|p1|
|c|☆Z-Bean|I did kick your ass a bit there
|l|☆Z-Bean
|player|p2|
