|j|‽huzkage
|j|☆Genericname4113
|t:|1760454796
|gametype|singles
|player|p1|huzkage|sabrina|1116
|player|p2|Genericname4113|pokemaniac|1156
|gen|9
|tier|[Gen 9] OU
|rated|
|rule|HP Percentage Mod: HP is shown in percentages
|rule|Endless Battle Clause: Forcing endless battles is banned
|rule|Species Clause: Limit one of each Pokémon
|rule|OHKO Clause: OHKO moves are banned
|rule|Evasion Items Clause: Evasion items are banned
|rule|Evasion Moves Clause: Evasion moves are banned
|rule|Evasion Abilities Clause: Evasion abilities are banned
|rule|Sleep Moves Clause: Sleep-inducing moves are banned
|clearpoke
|poke|p1|Cinderace, F|
|poke|p1|Kingambit, F|
|poke|p1|Landorus-Therian, M|
|poke|p1|Iron Valiant|
|poke|p1|Kyurem|
|poke|p1|Slowking-Galar, M|
|poke|p2|Pelipper, M|
|poke|p2|Feraligatr, M|
|poke|p2|Inteleon, M|
|poke|p2|Basculegion, M|
|poke|p2|Politoed, M|
|poke|p2|Kingdra, M|
|teampreview
|
|t:|1760454821
|teamsize|p1|6
|teamsize|p2|6
|start
|switch|p1a: Slowking|Slowking-Galar, M, shiny|100/100
|switch|p2a: Pelipper|Pelipper, M|100/100
|-weather|RainDance|[from] ability: Drizzle|[of] p2a: Pelipper
|turn|1
|
|t:|1760454831
|move|p2a: Pelipper|U-turn|p1a: Slowking
|-damage|p1a: Slowking|91/100
|inactive|Battle timer is ON: inactive players will automatically lose when time's up. (requested by huzkage)
|
|t:|1760454834
|switch|p2a: Inteleon|Inteleon, M|100/100|[from] U-turn
|move|p1a: Slowking|Thunder Wave|p2a: Inteleon|[miss]
|-miss|p1a: Slowking|p2a: Inteleon
|
|-weather|RainDance|[upkeep]
|upkeep
|turn|2
|
|t:|1760454841
|move|p2a: Inteleon|Dark Pulse|p1a: Slowking
|-supereffective|p1a: Slowking
|-damage|p1a: Slowking|62/100
|cant|p1a: Slowking|flinch
|
|-weather|RainDance|[upkeep]
|upkeep
|turn|3
|
|t:|1760454846
|move|p2a: Inteleon|Dark Pulse|p1a: Slowking
|-supereffective|p1a: Slowking
|-damage|p1a: Slowking|28/100
|move|p1a: Slowking|Thunder Wave|p2a: Inteleon
|-status|p2a: Inteleon|par
|
|-weather|RainDance|[upkeep]
|upkeep
|turn|4
|
|t:|1760454860
|switch|p1a: Kingambit|Kingambit, F|100/100
|move|p2a: Inteleon|Flip Turn|p1a: Kingambit
|-damage|p1a: Kingambit|82/100
|
|t:|1760454868
|switch|p2a: Kingdra|Kingdra, M|100/100|[from] Flip Turn
|
|-weather|RainDance|[upkeep]
|-heal|p1a: Kingambit|89/100|[from] item: Leftovers
|upkeep
|turn|5
|
|t:|1760454881
|-end|p1a: Kingambit|fallenundefined|[silent]
|switch|p1a: Slowking|Slowking-Galar, M, shiny|61/100
|move|p2a: Kingdra|Weather Ball|p1a: Slowking
|-damage|p1a: Slowking|0 fnt
|faint|p1a: Slowking
|
|-weather|RainDance|[upkeep]
|upkeep
|
|t:|1760454885
|switch|p1a: Iron Valiant|Iron Valiant|100/100
|-enditem|p1a: Iron Valiant|Booster Energy
|-activate|p1a: Iron Valiant|ability: Quark Drive|[fromitem]
|-start|p1a: Iron Valiant|quarkdrivespe
|turn|6
|
|t:|1760454895
|move|p1a: Iron Valiant|Moonblast|p2a: Kingdra
|-supereffective|p2a: Kingdra
|-damage|p2a: Kingdra|0 fnt
|faint|p2a: Kingdra
|
|-weather|RainDance|[upkeep]
|upkeep
|
|t:|1760454906
|switch|p2a: Basculegion|Basculegion, M|100/100
|turn|7
|
|t:|1760454911
|move|p1a: Iron Valiant|Destiny Bond|p1a: Iron Valiant
|-singlemove|p1a: Iron Valiant|Destiny Bond
|move|p2a: Basculegion|Zen Headbutt|p1a: Iron Valiant
|-supereffective|p1a: Iron Valiant
|-damage|p1a: Iron Valiant|1/100
|
|-weather|RainDance|[upkeep]
|upkeep
|turn|8
|-message|huzkage forfeited.
|
|win|Genericname4113
|raw|huzkage's rating: 1116 &rarr; <strong>1094</strong><br />(-22 for losing)
|raw|Genericname4113's rating: 1156 &rarr; <strong>1178</strong><br />(+22 for winning)
|l|‽huzkage
|player|p1|
|l|☆Genericname4113
|player|p2|
