|j|☆WittleFiddle
|j|☆Head Smash Machine
|t:|1760461867
|gametype|singles
|player|p1|WittleFiddle|janitor|1484
|player|p2|Head Smash Machine|workerice|1436
|gen|9
|tier|[Gen 9] OU
|rated|
|rule|HP Percentage Mod: HP is shown in percentages
|rule|Endless Battle Clause: Forcing endless battles is banned
|rule|Species Clause: Limit one of each Pokémon
|rule|OHKO Clause: OHKO moves are banned
|rule|Evasion Items Clause: Evasion items are banned
|rule|Evasion Moves Clause: Evasion moves are banned
|rule|Evasion Abilities Clause: Evasion abilities are banned
|rule|Sleep Moves Clause: Sleep-inducing moves are banned
|clearpoke
|poke|p1|Araquanid, F|
|poke|p1|Great Tusk|
|poke|p1|Scizor, F|
|poke|p1|Iron Valiant|
|poke|p1|Sandy Shocks|
|poke|p1|Ceruledge, M|
|poke|p2|Greninja-*, M|
|poke|p2|Rillaboom, M|
|poke|p2|Chandelure, F|
|poke|p2|Hawlucha, F|
|poke|p2|Orthworm, F|
|poke|p2|Weezing-Galar, M|
|teampreview
|inactive|Battle timer is ON: inactive players will automatically lose when time's up. (requested by Head Smash Machine)
|j| masajea teturras
|
|t:|1760461881
|teamsize|p1|6
|teamsize|p2|6
|start
|switch|p1a: Scizor|Scizor, F|100/100
|switch|p2a: Weezing|Weezing-Galar, M|100/100
|-ability|p2a: Weezing|Neutralizing Gas
|turn|1
|
|t:|1760461886
|move|p1a: Scizor|U-turn|p2a: Weezing
|-resisted|p2a: Weezing
|-damage|p2a: Weezing|87/100
|
|t:|1760461904
|switch|p1a: Araquanid|Araquanid, F|100/100|[from] U-turn
|move|p2a: Weezing|Will-O-Wisp|p1a: Araquanid
|-status|p1a: Araquanid|brn
|
|-heal|p2a: Weezing|93/100|[from] item: Leftovers
|-damage|p1a: Araquanid|94/100 brn|[from] brn
|upkeep
|turn|2
|
|t:|1760461908
|move|p2a: Weezing|Strange Steam|p1a: Araquanid
|-damage|p1a: Araquanid|72/100 brn
|move|p1a: Araquanid|Surf|p2a: Weezing
|-damage|p2a: Weezing|66/100
|
|-heal|p2a: Weezing|72/100|[from] item: Leftovers
|-damage|p1a: Araquanid|66/100 brn|[from] brn
|upkeep
|turn|3
|
|t:|1760461920
|-end|p2a: Weezing|ability: Neutralizing Gas
|switch|p2a: Rillaboom|Rillaboom, M|100/100
|-activate|p1a: Araquanid|ability: Water Bubble
|-curestatus|p1a: Araquanid|brn|[msg]
|-fieldstart|move: Grassy Terrain|[from] ability: Grassy Surge|[of] p2a: Rillaboom
|move|p1a: Araquanid|Sticky Web|p2a: Rillaboom
|-sidestart|p2: Head Smash Machine|move: Sticky Web
|
|-heal|p1a: Araquanid|72/100|[from] Grassy Terrain
|upkeep
|turn|4
|
|t:|1760461927
|move|p2a: Rillaboom|Wood Hammer|p1a: Araquanid
|-damage|p1a: Araquanid|0 fnt
|faint|p1a: Araquanid
|-damage|p2a: Rillaboom|77/100|[from] Recoil
|
|-heal|p2a: Rillaboom|83/100|[from] Grassy Terrain
|upkeep
|
|t:|1760461930
|switch|p1a: Ceruledge|Ceruledge, M|100/100
|turn|5
|
|t:|1760461934
|move|p1a: Ceruledge|Swords Dance|p1a: Ceruledge
|-boost|p1a: Ceruledge|atk|2
|move|p2a: Rillaboom|Knock Off|p1a: Ceruledge
|-supereffective|p1a: Ceruledge
|-damage|p1a: Ceruledge|9/100
|-ability|p1a: Ceruledge|Weak Armor|boost
|-unboost|p1a: Ceruledge|def|1
|-boost|p1a: Ceruledge|spe|2
|-enditem|p1a: Ceruledge|Focus Sash|[from] move: Knock Off|[of] p2a: Rillaboom
|
|-heal|p1a: Ceruledge|15/100|[from] Grassy Terrain
|-heal|p2a: Rillaboom|89/100|[from] Grassy Terrain
|upkeep
|turn|6
|
|t:|1760461940
|move|p2a: Rillaboom|Grassy Glide|p1a: Ceruledge
|-resisted|p1a: Ceruledge
|-damage|p1a: Ceruledge|0 fnt
|faint|p1a: Ceruledge
|
|-heal|p2a: Rillaboom|96/100|[from] Grassy Terrain
|upkeep
|l| masajea teturras
|
|t:|1760461945
|switch|p1a: Scizor|Scizor, F|100/100
|turn|7
|
|t:|1760461949
|switch|p2a: Weezing|Weezing-Galar, M|72/100
|-ability|p2a: Weezing|Neutralizing Gas
|-activate|p2a: Weezing|move: Sticky Web
|-unboost|p2a: Weezing|spe|1
|move|p1a: Scizor|U-turn|p2a: Weezing
|-resisted|p2a: Weezing
|-damage|p2a: Weezing|59/100
|
|t:|1760461952
|switch|p1a: Sandy Shocks|Sandy Shocks|100/100|[from] U-turn
|
|-heal|p2a: Weezing|65/100|[from] Grassy Terrain
|-heal|p2a: Weezing|71/100|[from] item: Leftovers
|upkeep
|turn|8
|
|t:|1760461956
|move|p1a: Sandy Shocks|Earth Power|p2a: Weezing
|-supereffective|p2a: Weezing
|-damage|p2a: Weezing|0 fnt
|faint|p2a: Weezing
|-end|p2a: Weezing|ability: Neutralizing Gas
|-damage|p1a: Sandy Shocks|91/100|[from] item: Life Orb
|
|-heal|p1a: Sandy Shocks|97/100|[from] Grassy Terrain
|upkeep
|
|t:|1760461966
|switch|p2a: Orthworm|Orthworm, F|100/100
|-activate|p2a: Orthworm|move: Sticky Web
|-unboost|p2a: Orthworm|spe|1
|turn|9
|
|t:|1760461971
|move|p1a: Sandy Shocks|Volt Switch|p2a: Orthworm
|-damage|p2a: Orthworm|24/100
|-damage|p1a: Sandy Shocks|87/100|[from] item: Life Orb
|
|t:|1760461977
|-end|p1a: Sandy Shocks|Protosynthesis|[silent]
|switch|p1a: Scizor|Scizor, F|100/100|[from] Volt Switch
|move|p2a: Orthworm|Metal Burst|p1a: Scizor
|-damage|p1a: Scizor|0 fnt
|faint|p1a: Scizor
|
|-heal|p2a: Orthworm|31/100|[from] Grassy Terrain
|upkeep
|
|t:|1760461992
|switch|p1a: Sandy Shocks|Sandy Shocks|87/100
|turn|10
|
|t:|1760461995
|move|p1a: Sandy Shocks|Volt Switch|p2a: Orthworm
|-damage|p2a: Orthworm|0 fnt
|faint|p2a: Orthworm
|-damage|p1a: Sandy Shocks|77/100|[from] item: Life Orb
|
|t:|1760462001
|-end|p1a: Sandy Shocks|Protosynthesis|[silent]
|switch|p1a: Iron Valiant|Iron Valiant|100/100|[from] Volt Switch
|-enditem|p1a: Iron Valiant|Booster Energy
|-activate|p1a: Iron Valiant|ability: Quark Drive|[fromitem]
|-start|p1a: Iron Valiant|quarkdrivespe
|
|-fieldend|move: Grassy Terrain
|upkeep
|
|t:|1760462004
|switch|p2a: Rillaboom|Rillaboom, M|96/100
|-activate|p2a: Rillaboom|move: Sticky Web
|-unboost|p2a: Rillaboom|spe|1
|-fieldstart|move: Grassy Terrain|[from] ability: Grassy Surge|[of] p2a: Rillaboom
|turn|11
|
|t:|1760462020
|move|p1a: Iron Valiant|Moonblast|p2a: Rillaboom
|-damage|p2a: Rillaboom|28/100
|-unboost|p2a: Rillaboom|spa|1
|move|p2a: Rillaboom|U-turn|p1a: Iron Valiant
|-resisted|p1a: Iron Valiant
|-damage|p1a: Iron Valiant|93/100
|
|t:|1760462023
|switch|p2a: Hawlucha|Hawlucha, F|100/100|[from] U-turn
|-enditem|p2a: Hawlucha|Grassy Seed
|-boost|p2a: Hawlucha|def|1|[from] item: Grassy Seed
|
|-heal|p1a: Iron Valiant|99/100|[from] Grassy Terrain
|upkeep
|turn|12
|
|t:|1760462026
|move|p2a: Hawlucha|Substitute|p2a: Hawlucha
|-start|p2a: Hawlucha|Substitute
|-damage|p2a: Hawlucha|76/100
|move|p1a: Iron Valiant|Moonblast|p2a: Hawlucha
|-supereffective|p2a: Hawlucha
|-end|p2a: Hawlucha|Substitute
|
|-heal|p1a: Iron Valiant|100/100|[from] Grassy Terrain
|upkeep
|turn|13
|
|t:|1760462028
|move|p2a: Hawlucha|Acrobatics|p1a: Iron Valiant
|-supereffective|p1a: Iron Valiant
|-damage|p1a: Iron Valiant|0 fnt
|faint|p1a: Iron Valiant
|-end|p1a: Iron Valiant|Quark Drive|[silent]
|
|upkeep
|
|t:|1760462032
|switch|p1a: Great Tusk|Great Tusk|100/100
|-enditem|p1a: Great Tusk|Booster Energy
|-activate|p1a: Great Tusk|ability: Protosynthesis|[fromitem]
|-start|p1a: Great Tusk|protosynthesisspe
|turn|14
|
|t:|1760462037
|-terastallize|p1a: Great Tusk|Poison
|move|p2a: Hawlucha|Substitute|p2a: Hawlucha
|-start|p2a: Hawlucha|Substitute
|-damage|p2a: Hawlucha|51/100
|move|p1a: Great Tusk|Bulk Up|p1a: Great Tusk
|-boost|p1a: Great Tusk|atk|1
|-boost|p1a: Great Tusk|def|1
|
|upkeep
|turn|15
|
|t:|1760462039
|move|p2a: Hawlucha|Bulk Up|p2a: Hawlucha
|-boost|p2a: Hawlucha|atk|1
|-boost|p2a: Hawlucha|def|1
|move|p1a: Great Tusk|Bulk Up|p1a: Great Tusk
|-boost|p1a: Great Tusk|atk|1
|-boost|p1a: Great Tusk|def|1
|
|upkeep
|turn|16
|
|t:|1760462042
|move|p2a: Hawlucha|Bulk Up|p2a: Hawlucha
|-boost|p2a: Hawlucha|atk|1
|-boost|p2a: Hawlucha|def|1
|move|p1a: Great Tusk|Ice Spinner|p2a: Hawlucha
|-supereffective|p2a: Hawlucha
|-crit|p2a: Hawlucha
|-end|p2a: Hawlucha|Substitute
|-fieldend|move: Grassy Terrain
|
|upkeep
|turn|17
|
|t:|1760462048
|-terastallize|p2a: Hawlucha|Fighting
|move|p2a: Hawlucha|Acrobatics|p1a: Great Tusk
|-damage|p1a: Great Tusk|68/100
|move|p1a: Great Tusk|Ice Spinner|p2a: Hawlucha
|-crit|p2a: Hawlucha
|-damage|p2a: Hawlucha|0 fnt
|faint|p2a: Hawlucha
|
|upkeep
|
|t:|1760462056
|switch|p2a: Rillaboom|Rillaboom, M|28/100
|-activate|p2a: Rillaboom|move: Sticky Web
|-unboost|p2a: Rillaboom|spe|1
|-fieldstart|move: Grassy Terrain|[from] ability: Grassy Surge|[of] p2a: Rillaboom
|turn|18
|
|t:|1760462059
|move|p1a: Great Tusk|Ice Spinner|p2a: Rillaboom
|-supereffective|p2a: Rillaboom
|-damage|p2a: Rillaboom|0 fnt
|-fieldend|move: Grassy Terrain
|faint|p2a: Rillaboom
|
|upkeep
|
|t:|1760462062
|switch|p2a: Greninja|Greninja, M|100/100
|-activate|p2a: Greninja|move: Sticky Web
|-unboost|p2a: Greninja|spe|1
|turn|19
|
|t:|1760462067
|move|p1a: Great Tusk|Headlong Rush|p2a: Greninja
|-damage|p2a: Greninja|0 fnt
|-unboost|p1a: Great Tusk|def|1
|-unboost|p1a: Great Tusk|spd|1
|faint|p2a: Greninja
|
|upkeep
|
|t:|1760462068
|switch|p2a: Chandelure|Chandelure, F|100/100
|-activate|p2a: Chandelure|move: Sticky Web
|-unboost|p2a: Chandelure|spe|1
|turn|20
|
|t:|1760462072
|move|p1a: Great Tusk|Headlong Rush|p2a: Chandelure
|-supereffective|p2a: Chandelure
|-damage|p2a: Chandelure|0 fnt
|-unboost|p1a: Great Tusk|def|1
|-unboost|p1a: Great Tusk|spd|1
|faint|p2a: Chandelure
|
|win|WittleFiddle
|raw|WittleFiddle's rating: 1484 &rarr; <strong>1501</strong><br />(+17 for winning)
|raw|Head Smash Machine's rating: 1436 &rarr; <strong>1419</strong><br />(-17 for losing)
|l|☆Head Smash Machine
|player|p2|
|l|☆WittleFiddle
|player|p1|
