|j|‽Hurdiid
|j|☆Princessjosie1001!
|t:|1760361076
|gametype|singles
|player|p1|Hurdiid|ruinmaniac|1328
|player|p2|Princessjosie1001!|nurse|1344
|gen|9
|tier|[Gen 9] OU
|rated|
|rule|HP Percentage Mod: HP is shown in percentages
|rule|Endless Battle Clause: Forcing endless battles is banned
|rule|Species Clause: Limit one of each Pokémon
|rule|OHKO Clause: OHKO moves are banned
|rule|Evasion Items Clause: Evasion items are banned
|rule|Evasion Moves Clause: Evasion moves are banned
|rule|Evasion Abilities Clause: Evasion abilities are banned
|rule|Sleep Moves Clause: Sleep-inducing moves are banned
|clearpoke
|poke|p1|Great Tusk|
|poke|p1|Gallade, M|
|poke|p1|Alomomola, M|
|poke|p1|Iron Thorns|
|poke|p1|Dragonite, F|
|poke|p1|Pincurchin, M|
|poke|p2|Yanmega, F|
|poke|p2|Cloyster, M|
|poke|p2|Salazzle, F|
|poke|p2|Espeon, M|
|poke|p2|Jirachi|
|poke|p2|Maushold-Four|
|teampreview
|
|t:|1760361085
|teamsize|p1|6
|teamsize|p2|6
|start
|switch|p1a: Pincurchin|Pincurchin, M|100/100
|switch|p2a: No hazard allowed|Espeon, M|100/100
|-fieldstart|move: Electric Terrain|[from] ability: Electric Surge|[of] p1a: Pincurchin
|turn|1
|
|t:|1760361093
|move|p2a: No hazard allowed|Psychic|p1a: Pincurchin
|-damage|p1a: Pincurchin|36/100
|move|p1a: Pincurchin|Discharge|p2a: No hazard allowed
|-damage|p2a: No hazard allowed|50/100
|
|upkeep
|turn|2
|
|t:|1760361100
|switch|p1a: Alomomola|Alomomola, M|100/100
|move|p2a: No hazard allowed|Psychic|p1a: Alomomola
|-damage|p1a: Alomomola|42/100
|-unboost|p1a: Alomomola|spd|1
|
|upkeep
|turn|3
|
|t:|1760361109
|switch|p1a: Dragonite|Dragonite, F|100/100
|move|p2a: No hazard allowed|Psychic|p1a: Dragonite
|-damage|p1a: Dragonite|74/100
|
|upkeep
|turn|4
|
|t:|1760361115
|move|p2a: No hazard allowed|Psychic|p1a: Dragonite
|-damage|p1a: Dragonite|23/100
|move|p1a: Dragonite|Scale Shot|p2a: No hazard allowed
|-damage|p2a: No hazard allowed|19/100
|-damage|p2a: No hazard allowed|0 fnt
|faint|p2a: No hazard allowed
|-hitcount|p2: No hazard allowed|2
|-unboost|p1a: Dragonite|def|1
|-boost|p1a: Dragonite|spe|1
|
|upkeep
|inactive|Battle timer is ON: inactive players will automatically lose when time's up. (requested by Hurdiid)
|
|t:|1760361126
|switch|p2a: Jirachi|Jirachi|100/100
|turn|5
|
|t:|1760361130
|move|p2a: Jirachi|Iron Head|p1a: Dragonite
|-damage|p1a: Dragonite|0 fnt
|faint|p1a: Dragonite
|
|upkeep
|
|t:|1760361134
|switch|p1a: Alomomola|Alomomola, M|76/100
|turn|6
|
|t:|1760361140
|switch|p2a: Yanmega|Yanmega, F|100/100
|move|p1a: Alomomola|Wish|p1a: Alomomola
|
|upkeep
|turn|7
|
|t:|1760361144
|move|p2a: Yanmega|Bug Buzz|p1a: Alomomola
|-damage|p1a: Alomomola|3/100
|-damage|p2a: Yanmega|91/100|[from] item: Life Orb
|move|p1a: Alomomola|Light Screen|p1a: Alomomola
|-sidestart|p1: Hurdiid|move: Light Screen
|
|-heal|p1a: Alomomola|53/100|[from] move: Wish|[wisher] Alomomola
|-ability|p2a: Yanmega|Speed Boost|boost
|-boost|p2a: Yanmega|spe|1
|upkeep
|turn|8
|
|t:|1760361153
|move|p2a: Yanmega|Air Slash|p1a: Alomomola
|-damage|p1a: Alomomola|22/100
|-damage|p2a: Yanmega|81/100|[from] item: Life Orb
|move|p1a: Alomomola|Flip Turn|p2a: Yanmega
|-damage|p2a: Yanmega|62/100
|
|t:|1760361162
|switch|p1a: Iron Thorns|Iron Thorns|100/100|[from] Flip Turn
|-activate|p1a: Iron Thorns|ability: Quark Drive
|-start|p1a: Iron Thorns|quarkdriveatk
|
|-fieldend|move: Electric Terrain
|-end|p1a: Iron Thorns|Quark Drive
|-ability|p2a: Yanmega|Speed Boost|boost
|-boost|p2a: Yanmega|spe|1
|upkeep
|turn|9
|
|t:|1760361171
|switch|p2a: Maushold|Maushold-Four|100/100
|move|p1a: Iron Thorns|Stone Edge|p2a: Maushold
|-damage|p2a: Maushold|11/100
|
|upkeep
|turn|10
|
|t:|1760361177
|move|p1a: Iron Thorns|Stone Edge|p2a: Maushold|[miss]
|-miss|p1a: Iron Thorns|p2a: Maushold
|move|p2a: Maushold|Bullet Seed|p1a: Iron Thorns
|-supereffective|p1a: Iron Thorns
|-crit|p1a: Iron Thorns
|-damage|p1a: Iron Thorns|75/100
|-supereffective|p1a: Iron Thorns
|-damage|p1a: Iron Thorns|58/100
|-supereffective|p1a: Iron Thorns
|-damage|p1a: Iron Thorns|39/100
|-supereffective|p1a: Iron Thorns
|-damage|p1a: Iron Thorns|20/100
|-hitcount|p1a: Iron Thorns|4
|
|upkeep
|turn|11
|
|t:|1760361188
|move|p1a: Iron Thorns|Stone Edge|p2a: Maushold
|-damage|p2a: Maushold|0 fnt
|faint|p2a: Maushold
|
|-sideend|p1: Hurdiid|move: Light Screen
|upkeep
|
|t:|1760361195
|switch|p2a: Yanmega|Yanmega, F|62/100
|turn|12
|
|t:|1760361198
|move|p2a: Yanmega|Protect|p2a: Yanmega
|-singleturn|p2a: Yanmega|Protect
|move|p1a: Iron Thorns|Stone Edge|p2a: Yanmega
|-activate|p2a: Yanmega|move: Protect
|
|-ability|p2a: Yanmega|Speed Boost|boost
|-boost|p2a: Yanmega|spe|1
|upkeep
|turn|13
|
|t:|1760361208
|move|p2a: Yanmega|Bug Buzz|p1a: Iron Thorns
|-damage|p1a: Iron Thorns|0 fnt
|faint|p1a: Iron Thorns
|-end|p1a: Iron Thorns|Quark Drive|[silent]
|-damage|p2a: Yanmega|52/100|[from] item: Life Orb
|
|-ability|p2a: Yanmega|Speed Boost|boost
|-boost|p2a: Yanmega|spe|1
|upkeep
|
|t:|1760361216
|switch|p1a: Gallade|Gallade, M|100/100
|turn|14
|
|t:|1760361219
|move|p2a: Yanmega|Air Slash|p1a: Gallade
|-supereffective|p1a: Gallade
|-damage|p1a: Gallade|47/100
|-damage|p2a: Yanmega|42/100|[from] item: Life Orb
|move|p1a: Gallade|Psycho Cut|p2a: Yanmega
|-damage|p2a: Yanmega|0 fnt
|faint|p2a: Yanmega
|
|upkeep
|
|t:|1760361227
|switch|p2a: Jirachi|Jirachi|100/100
|turn|15
|
|t:|1760361232
|switch|p1a: Alomomola|Alomomola, M|55/100
|move|p2a: Jirachi|Iron Head|p1a: Alomomola
|-resisted|p1a: Alomomola
|-damage|p1a: Alomomola|45/100
|-damage|p2a: Jirachi|84/100|[from] item: Rocky Helmet|[of] p1a: Alomomola
|
|upkeep
|turn|16
|
|t:|1760361241
|switch|p2a: Salazzle|Salazzle, F|100/100
|move|p1a: Alomomola|Wish|p1a: Alomomola
|
|upkeep
|turn|17
|
|t:|1760361245
|move|p2a: Salazzle|Toxic|p1a: Alomomola
|-status|p1a: Alomomola|tox
|move|p1a: Alomomola|Flip Turn|p2a: Salazzle
|-supereffective|p2a: Salazzle
|-damage|p2a: Salazzle|33/100
|
|t:|1760361249
|switch|p1a: Great Tusk|Great Tusk|100/100|[from] Flip Turn
|
|upkeep
|turn|18
|
|t:|1760361253
|move|p2a: Salazzle|Flamethrower|p1a: Great Tusk
|-damage|p1a: Great Tusk|32/100
|move|p1a: Great Tusk|Rapid Spin|p2a: Salazzle
|-damage|p2a: Salazzle|0 fnt
|-boost|p1a: Great Tusk|spe|1
|faint|p2a: Salazzle
|
|upkeep
|
|t:|1760361260
|switch|p2a: Cloyster|Cloyster, M|100/100
|turn|19
|
|t:|1760361265
|move|p2a: Cloyster|Ice Shard|p1a: Great Tusk
|-supereffective|p1a: Great Tusk
|-damage|p1a: Great Tusk|9/100
|move|p1a: Great Tusk|Headlong Rush|p2a: Cloyster
|-damage|p2a: Cloyster|55/100
|-unboost|p1a: Great Tusk|def|1
|-unboost|p1a: Great Tusk|spd|1
|
|upkeep
|turn|20
|
|t:|1760361273
|-end|p1a: Great Tusk|Protosynthesis|[silent]
|switch|p1a: Alomomola|Alomomola, M|78/100 tox
|move|p2a: Cloyster|Shell Smash|p2a: Cloyster
|-unboost|p2a: Cloyster|def|1
|-unboost|p2a: Cloyster|spd|1
|-boost|p2a: Cloyster|atk|2
|-boost|p2a: Cloyster|spa|2
|-boost|p2a: Cloyster|spe|2
|
|-damage|p1a: Alomomola|72/100 tox|[from] psn
|upkeep
|turn|21
|
|t:|1760361286
|move|p2a: Cloyster|Rock Blast|p1a: Alomomola
|-damage|p1a: Alomomola|63/100 tox
|-damage|p1a: Alomomola|56/100 tox
|-damage|p1a: Alomomola|48/100 tox
|-damage|p1a: Alomomola|39/100 tox
|-damage|p1a: Alomomola|32/100 tox
|-hitcount|p1a: Alomomola|5
|move|p1a: Alomomola|Flip Turn|p2a: Cloyster
|-resisted|p2a: Cloyster
|-damage|p2a: Cloyster|44/100
|
|t:|1760361292
|switch|p1a: Gallade|Gallade, M|47/100|[from] Flip Turn
|
|upkeep
|turn|22
|-message|Hurdiid forfeited.
|
|win|Princessjosie1001!
|raw|Hurdiid's rating: 1328 &rarr; <strong>1309</strong><br />(-19 for losing)
|raw|Princessjosie1001!'s rating: 1344 &rarr; <strong>1363</strong><br />(+19 for winning)
|l|‽Hurdiid
|player|p1|
|l|☆Princessjosie1001!
|player|p2|
