|j|☆Wkhdbd6
|j|☆Scaloppina97
|t:|1760431316
|gametype|singles
|player|p1|Wkhdbd6|pokekid|1081
|player|p2|Scaloppina97|fisherman-gen4|1119
|gen|9
|tier|[Gen 9] OU
|rated|
|rule|HP Percentage Mod: HP is shown in percentages
|rule|Endless Battle Clause: Forcing endless battles is banned
|rule|Species Clause: Limit one of each Pokémon
|rule|OHKO Clause: OHKO moves are banned
|rule|Evasion Items Clause: Evasion items are banned
|rule|Evasion Moves Clause: Evasion moves are banned
|rule|Evasion Abilities Clause: Evasion abilities are banned
|rule|Sleep Moves Clause: Sleep-inducing moves are banned
|clearpoke
|poke|p1|Regidrago|
|poke|p1|Lycanroc, M|
|poke|p1|Moltres|
|poke|p1|Scizor, F|
|poke|p1|Dondozo, M|
|poke|p1|Excadrill, M|
|poke|p2|Gliscor, F|
|poke|p2|Clefable, F|
|poke|p2|Dondozo, F|
|poke|p2|Blissey, F|
|poke|p2|Clodsire, M|
|poke|p2|Corviknight, M|
|teampreview
|inactive|Battle timer is ON: inactive players will automatically lose when time's up. (requested by Wkhdbd6)
|
|t:|1760431326
|teamsize|p1|6
|teamsize|p2|6
|start
|switch|p1a: Regidrago|Regidrago|100/100
|switch|p2a: Gliscor|Gliscor, F|100/100
|turn|1
|
|t:|1760431340
|move|p1a: Regidrago|Draco Meteor|p2a: Gliscor
|-damage|p2a: Gliscor|5/100
|-unboost|p1a: Regidrago|spa|2
|-enditem|p1a: Regidrago|Eject Pack
|
|t:|1760431345
|switch|p1a: Lycanroc|Lycanroc, M|100/100
|move|p2a: Gliscor|Toxic|p1a: Lycanroc
|-status|p1a: Lycanroc|tox
|
|-damage|p1a: Lycanroc|94/100 tox|[from] psn
|-status|p2a: Gliscor|tox|[from] item: Toxic Orb
|upkeep
|turn|2
|
|t:|1760431355
|move|p2a: Gliscor|Protect|p2a: Gliscor
|-singleturn|p2a: Gliscor|Protect
|move|p1a: Lycanroc|Rock Blast|p2a: Gliscor
|-activate|p2a: Gliscor|move: Protect
|
|-damage|p1a: Lycanroc|82/100 tox|[from] psn
|-heal|p2a: Gliscor|17/100 tox|[from] ability: Poison Heal
|upkeep
|turn|3
|
|t:|1760431368
|switch|p2a: Corviknight|Corviknight, M|100/100
|-ability|p2a: Corviknight|Pressure
|move|p1a: Lycanroc|Rock Blast|p2a: Corviknight
|-crit|p2a: Corviknight
|-damage|p2a: Corviknight|89/100
|-damage|p2a: Corviknight|82/100
|-hitcount|p2a: Corviknight|2
|
|-damage|p1a: Lycanroc|63/100 tox|[from] psn
|upkeep
|turn|4
|
|t:|1760431381
|move|p1a: Lycanroc|Stealth Rock|p2a: Corviknight
|-sidestart|p2: Scaloppina97|move: Stealth Rock
|move|p2a: Corviknight|Body Press|p1a: Lycanroc
|-supereffective|p1a: Lycanroc
|-damage|p1a: Lycanroc|0 fnt
|faint|p1a: Lycanroc
|
|upkeep
|
|t:|1760431390
|switch|p1a: Hotwings-OU|Moltres, shiny|100/100
|turn|5
|
|t:|1760431416
|switch|p2a: Slug|Clodsire, M|100/100
|move|p1a: Hotwings-OU|Flamethrower|p2a: Slug
|-damage|p2a: Slug|80/100
|
|upkeep
|turn|6
|
|t:|1760431424
|move|p1a: Hotwings-OU|U-turn|p2a: Slug
|-resisted|p2a: Slug
|-damage|p2a: Slug|72/100
|
|t:|1760431428
|switch|p1a: Excadrill|Excadrill, M|100/100|[from] U-turn
|-ability|p1a: Excadrill|Mold Breaker
|move|p2a: Slug|Poison Jab|p1a: Excadrill
|-immune|p1a: Excadrill
|
|upkeep
|turn|7
|
|t:|1760431440
|switch|p2a: Bozo|Dondozo, F|100/100
|move|p1a: Excadrill|Earthquake|p2a: Bozo
|-damage|p2a: Bozo|77/100
|
|upkeep
|turn|8
|
|t:|1760431447
|switch|p1a: Dondozo|Dondozo, M|100/100
|move|p2a: Bozo|Waterfall|p1a: Dondozo
|-resisted|p1a: Dondozo
|-crit|p1a: Dondozo
|-damage|p1a: Dondozo|92/100
|
|upkeep
|turn|9
|
|t:|1760431474
|move|p1a: Dondozo|Curse|p1a: Dondozo
|-unboost|p1a: Dondozo|spe|1
|-boost|p1a: Dondozo|atk|1
|-boost|p1a: Dondozo|def|1
|move|p2a: Bozo|Curse|p2a: Bozo
|-unboost|p2a: Bozo|spe|1
|-boost|p2a: Bozo|atk|1
|-boost|p2a: Bozo|def|1
|-enditem|p1a: Dondozo|Mirror Herb
|-boost|p1a: Dondozo|atk|1|[from] item: Mirror Herb
|-boost|p1a: Dondozo|def|1|[from] item: Mirror Herb
|
|upkeep
|turn|10
|
|t:|1760431486
|move|p1a: Dondozo|Curse|p1a: Dondozo
|-unboost|p1a: Dondozo|spe|1
|-boost|p1a: Dondozo|atk|1
|-boost|p1a: Dondozo|def|1
|move|p2a: Bozo|Curse|p2a: Bozo
|-unboost|p2a: Bozo|spe|1
|-boost|p2a: Bozo|atk|1
|-boost|p2a: Bozo|def|1
|
|upkeep
|turn|11
|inactive|Scaloppina97 has 120 seconds left.
|-message|Wkhdbd6 forfeited.
|
|win|Scaloppina97
|raw|Wkhdbd6's rating: 1081 &rarr; <strong>1061</strong><br />(-20 for losing)
|raw|Scaloppina97's rating: 1119 &rarr; <strong>1141</strong><br />(+22 for winning)
|l|☆Wkhdbd6
|player|p1|
|l|☆Scaloppina97
|player|p2|
