|badge|p1|bronze|gen9ou|100-7
|uhtml|medal-msg|<div class="broadcast-blue">Curious what those medals under the avatar are? PS now has Ladder Seasons! For more information, check out the <a href="https://www.smogon.com/forums/threads/3740067/">thread on Smogon.</a></div>
|j|☆Swiscool
|j|☆K3c8ge4
|t:|1760368903
|gametype|singles
|player|p1|Swiscool|2|1912
|player|p2|K3c8ge4|elesa|1825
|gen|9
|tier|[Gen 9] OU
|rated|
|rule|HP Percentage Mod: HP is shown in percentages
|rule|Endless Battle Clause: Forcing endless battles is banned
|rule|Species Clause: Limit one of each Pokémon
|rule|OHKO Clause: OHKO moves are banned
|rule|Evasion Items Clause: Evasion items are banned
|rule|Evasion Moves Clause: Evasion moves are banned
|rule|Evasion Abilities Clause: Evasion abilities are banned
|rule|Sleep Moves Clause: Sleep-inducing moves are banned
|clearpoke
|poke|p1|Kingambit, F|
|poke|p1|Landorus-Therian, M|
|poke|p1|Darkrai|
|poke|p1|Ogerpon-Wellspring, F|
|poke|p1|Slowking-Galar, M|
|poke|p1|Enamorus, F|
|poke|p2|Scizor, M|
|poke|p2|Raging Bolt|
|poke|p2|Primarina, M|
|poke|p2|Ogerpon-Cornerstone, F|
|poke|p2|Great Tusk|
|poke|p2|Zamazenta-*|
|teampreview
|inactive|Battle timer is ON: inactive players will automatically lose when time's up. (requested by K3c8ge4)
|inactive|K3c8ge4 has 120 seconds left.
|inactive|Swiscool has 120 seconds left.
|inactive|K3c8ge4 has 90 seconds left.
|
|t:|1760368987
|teamsize|p1|6
|teamsize|p2|6
|start
|switch|p1a: Ogerpon|Ogerpon-Wellspring, F|100/100
|switch|p2a: Scizor|Scizor, M|100/100
|turn|1
|
|t:|1760368997
|move|p1a: Ogerpon|Ivy Cudgel|p2a: Scizor|[anim] Ivy Cudgel Water
|-damage|p2a: Scizor|40/100
|move|p2a: Scizor|U-turn|p1a: Ogerpon
|-supereffective|p1a: Ogerpon
|-damage|p1a: Ogerpon|0 fnt
|faint|p1a: Ogerpon
|
|t:|1760369006
|switch|p2a: Ogerpon|Ogerpon-Cornerstone, F|100/100|[from] U-turn
|
|upkeep
|
|t:|1760369009
|switch|p1a: Landorus|Landorus-Therian, M|100/100
|-ability|p1a: Landorus|Intimidate|boost
|-unboost|p2a: Ogerpon|atk|1
|turn|2
|
|t:|1760369013
|move|p2a: Ogerpon|U-turn|p1a: Landorus
|-resisted|p1a: Landorus
|-damage|p1a: Landorus|91/100
|-damage|p2a: Ogerpon|84/100|[from] item: Rocky Helmet|[of] p1a: Landorus
|
|t:|1760369017
|switch|p2a: Great Tusk|Great Tusk|100/100|[from] U-turn
|move|p1a: Landorus|Stealth Rock|p2a: Great Tusk
|-sidestart|p2: K3c8ge4|move: Stealth Rock
|
|upkeep
|turn|3
|
|t:|1760369022
|move|p1a: Landorus|U-turn|p2a: Great Tusk
|-resisted|p2a: Great Tusk
|-crit|p2a: Great Tusk
|-damage|p2a: Great Tusk|91/100
|
|t:|1760369024
|switch|p1a: Enamorus|Enamorus, F|100/100|[from] U-turn
|move|p2a: Great Tusk|Rapid Spin|p1a: Enamorus
|-damage|p1a: Enamorus|79/100
|-boost|p2a: Great Tusk|spe|1
|-sideend|p2: K3c8ge4|Stealth Rock|[from] move: Rapid Spin|[of] p2a: Great Tusk
|
|upkeep
|turn|4
|
|t:|1760369029
|-end|p2a: Great Tusk|Protosynthesis|[silent]
|switch|p2a: Primarina|Primarina, M|100/100
|move|p1a: Enamorus|Moonblast|p2a: Primarina
|-damage|p2a: Primarina|71/100
|-unboost|p2a: Primarina|spa|1
|
|upkeep
|turn|5
|
|t:|1760369033
|move|p1a: Enamorus|Moonblast|p2a: Primarina
|-damage|p2a: Primarina|40/100
|move|p2a: Primarina|Flip Turn|p1a: Enamorus
|-damage|p1a: Enamorus|56/100
|
|t:|1760369037
|switch|p2a: Scizor|Scizor, M|40/100|[from] Flip Turn
|
|upkeep
|turn|6
|
|t:|1760369048
|switch|p1a: Landorus|Landorus-Therian, M|91/100
|-ability|p1a: Landorus|Intimidate|boost
|-unboost|p2a: Scizor|atk|1
|move|p2a: Scizor|Knock Off|p1a: Landorus
|-damage|p1a: Landorus|56/100
|-damage|p2a: Scizor|24/100|[from] item: Rocky Helmet|[of] p1a: Landorus
|-enditem|p1a: Landorus|Rocky Helmet|[from] move: Knock Off|[of] p2a: Scizor
|
|upkeep
|turn|7
|
|t:|1760369054
|switch|p2a: Great Tusk|Great Tusk|91/100
|move|p1a: Landorus|Earthquake|p2a: Great Tusk
|-damage|p2a: Great Tusk|63/100
|
|upkeep
|turn|8
|
|t:|1760369059
|move|p1a: Landorus|Earthquake|p2a: Great Tusk
|-damage|p2a: Great Tusk|32/100
|move|p2a: Great Tusk|Stealth Rock|p1a: Landorus
|-sidestart|p1: Swiscool|move: Stealth Rock
|
|upkeep
|turn|9
|
|t:|1760369065
|move|p1a: Landorus|Earthquake|p2a: Great Tusk
|-damage|p2a: Great Tusk|4/100
|move|p2a: Great Tusk|Ice Spinner|p1a: Landorus
|-supereffective|p1a: Landorus
|-damage|p1a: Landorus|0 fnt
|faint|p1a: Landorus
|
|upkeep
|
|t:|1760369081
|switch|p1a: Darkrai|Darkrai|100/100
|-damage|p1a: Darkrai|88/100|[from] Stealth Rock
|turn|10
|
|t:|1760369084
|move|p1a: Darkrai|Dark Pulse|p2a: Great Tusk
|-resisted|p2a: Great Tusk
|-damage|p2a: Great Tusk|0 fnt
|faint|p2a: Great Tusk
|-end|p2a: Great Tusk|Protosynthesis|[silent]
|
|upkeep
|
|t:|1760369093
|switch|p2a: Primarina|Primarina, M|40/100
|turn|11
|
|t:|1760369103
|switch|p1a: Slowking|Slowking-Galar, M|100/100
|move|p2a: Primarina|Draining Kiss|p1a: Slowking
|-resisted|p1a: Slowking
|-damage|p1a: Slowking|92/100
|-heal|p2a: Primarina|47/100|[from] drain|[of] p1a: Slowking
|
|upkeep
|turn|12
|
|t:|1760369110
|move|p2a: Primarina|Flip Turn|p1a: Slowking
|-damage|p1a: Slowking|77/100
|
|t:|1760369112
|switch|p2a: Ogerpon|Ogerpon-Cornerstone, F|84/100|[from] Flip Turn
|-prepare|p1a: Slowking|Chilly Reception|[premajor]
|move|p1a: Slowking|Chilly Reception|p1a: Slowking
|-weather|Snowscape
|
|t:|1760369117
|switch|p1a: Darkrai|Darkrai|88/100|[from] Chilly Reception
|-damage|p1a: Darkrai|76/100|[from] Stealth Rock
|
|-weather|Snowscape|[upkeep]
|upkeep
|turn|13
|
|t:|1760369127
|switch|p2a: Primarina|Primarina, M|47/100
|move|p1a: Darkrai|Dark Pulse|p2a: Primarina
|-resisted|p2a: Primarina
|-damage|p2a: Primarina|30/100
|
|-weather|Snowscape|[upkeep]
|upkeep
|turn|14
|
|t:|1760369139
|move|p1a: Darkrai|Dark Pulse|p2a: Primarina
|-resisted|p2a: Primarina
|-crit|p2a: Primarina
|-damage|p2a: Primarina|6/100
|move|p2a: Primarina|Flip Turn|p1a: Darkrai
|-damage|p1a: Darkrai|48/100
|
|t:|1760369150
|switch|p2a: Scizor|Scizor, M|24/100|[from] Flip Turn
|
|-weather|Snowscape|[upkeep]
|upkeep
|turn|15
|
|t:|1760369156
|move|p2a: Scizor|Bullet Punch|p1a: Darkrai
|-damage|p1a: Darkrai|0 fnt
|faint|p1a: Darkrai
|
|-weather|Snowscape|[upkeep]
|upkeep
|
|t:|1760369158
|switch|p1a: Kingambit|Kingambit, F|100/100
|-damage|p1a: Kingambit|94/100|[from] Stealth Rock
|-activate|p1a: Kingambit|ability: Supreme Overlord
|-start|p1a: Kingambit|fallen3|[silent]
|-item|p1a: Kingambit|Air Balloon
|turn|16
|
|t:|1760369163
|switch|p2a: Zamazenta|Zamazenta|100/100
|-ability|p2a: Zamazenta|Dauntless Shield|boost
|-boost|p2a: Zamazenta|def|1
|move|p1a: Kingambit|Swords Dance|p1a: Kingambit
|-boost|p1a: Kingambit|atk|2
|
|-weather|none
|upkeep
|turn|17
|
|t:|1760369169
|-terastallize|p1a: Kingambit|Fire
|move|p1a: Kingambit|Iron Head|p2a: Zamazenta
|-crit|p2a: Zamazenta
|-damage|p2a: Zamazenta|0 fnt
|faint|p2a: Zamazenta
|
|upkeep
|
|t:|1760369176
|switch|p2a: Raging Bolt|Raging Bolt|100/100
|turn|18
|
|t:|1760369179
|move|p1a: Kingambit|Sucker Punch|p2a: Raging Bolt
|-damage|p2a: Raging Bolt|11/100
|move|p2a: Raging Bolt|Draco Meteor|p1a: Kingambit
|-damage|p1a: Kingambit|0 fnt
|-unboost|p2a: Raging Bolt|spa|2
|-enditem|p1a: Kingambit|Air Balloon
|faint|p1a: Kingambit
|-end|p1a: Kingambit|fallen3|[silent]
|
|upkeep
|
|t:|1760369190
|switch|p1a: Enamorus|Enamorus, F|56/100
|-damage|p1a: Enamorus|31/100|[from] Stealth Rock
|turn|19
|
|t:|1760369194
|move|p1a: Enamorus|Moonblast|p2a: Raging Bolt
|-supereffective|p2a: Raging Bolt
|-damage|p2a: Raging Bolt|0 fnt
|faint|p2a: Raging Bolt
|-end|p2a: Raging Bolt|Protosynthesis|[silent]
|
|upkeep
|
|t:|1760369196
|switch|p2a: Scizor|Scizor, M|24/100
|turn|20
|
|t:|1760369203
|switch|p1a: Slowking|Slowking-Galar, M|100/100
|-terastallize|p2a: Scizor|Steel
|move|p2a: Scizor|Bullet Punch|p1a: Slowking
|-damage|p1a: Slowking|29/100
|
|upkeep
|turn|21
|
|t:|1760369210
|move|p2a: Scizor|Bullet Punch|p1a: Slowking
|-damage|p1a: Slowking|0 fnt
|faint|p1a: Slowking
|
|upkeep
|
|t:|1760369212
|switch|p1a: Enamorus|Enamorus, F|31/100
|-damage|p1a: Enamorus|6/100|[from] Stealth Rock
|turn|22
|
|t:|1760369215
|move|p2a: Scizor|Bullet Punch|p1a: Enamorus
|-supereffective|p1a: Enamorus
|-damage|p1a: Enamorus|0 fnt
|faint|p1a: Enamorus
|
|win|K3c8ge4
|raw|Swiscool's rating: 1912 &rarr; <strong>1887</strong><br />(-25 for losing)
|raw|K3c8ge4's rating: 1825 &rarr; <strong>1850</strong><br />(+25 for winning)
|l|☆Swiscool
|player|p1|
|l|☆K3c8ge4
|player|p2|
