|j|☆Iagordo
|j|☆8daniel8
|t:|1760366816
|gametype|singles
|player|p1|Iagordo|169|1373
|player|p2|8daniel8|koga|1374
|gen|9
|tier|[Gen 9] OU
|rated|
|rule|HP Percentage Mod: HP is shown in percentages
|rule|Endless Battle Clause: Forcing endless battles is banned
|rule|Species Clause: Limit one of each Pokémon
|rule|OHKO Clause: OHKO moves are banned
|rule|Evasion Items Clause: Evasion items are banned
|rule|Evasion Moves Clause: Evasion moves are banned
|rule|Evasion Abilities Clause: Evasion abilities are banned
|rule|Sleep Moves Clause: Sleep-inducing moves are banned
|clearpoke
|poke|p1|Serperior, M|
|poke|p1|Ceruledge, M|
|poke|p1|Umbreon, M|
|poke|p1|Ditto|
|poke|p1|Metagross|
|poke|p1|Greninja-*, M|
|poke|p2|Rhyperior, F|
|poke|p2|Corviknight, M|
|poke|p2|Primarina, M|
|poke|p2|Dragapult, F|
|poke|p2|Okidogi, M|
|poke|p2|Reuniclus, M|
|teampreview
|inactive|Battle timer is ON: inactive players will automatically lose when time's up. (requested by Iagordo)
|
|t:|1760366836
|teamsize|p1|6
|teamsize|p2|6
|start
|switch|p1a: Greninja|Greninja, M|100/100
|switch|p2a: Rhyperior|Rhyperior, F|100/100
|turn|1
|
|t:|1760366847
|switch|p2a: Primarina|Primarina, M|100/100
|move|p1a: Greninja|Hydro Pump|p2a: Primarina
|-resisted|p2a: Primarina
|-damage|p2a: Primarina|74/100
|-damage|p1a: Greninja|91/100|[from] item: Life Orb
|
|-heal|p2a: Primarina|80/100|[from] item: Leftovers
|upkeep
|turn|2
|
|t:|1760366864
|switch|p1a: Metagross|Metagross|100/100
|move|p2a: Primarina|Flip Turn|p1a: Metagross
|-damage|p1a: Metagross|90/100
|
|t:|1760366874
|switch|p2a: Corviknight|Corviknight, M|100/100|[from] Flip Turn
|-ability|p2a: Corviknight|Pressure
|
|-heal|p1a: Metagross|96/100|[from] item: Leftovers
|upkeep
|turn|3
|
|t:|1760366882
|move|p1a: Metagross|Knock Off|p2a: Corviknight
|-damage|p2a: Corviknight|79/100
|-damage|p1a: Metagross|79/100|[from] item: Rocky Helmet|[of] p2a: Corviknight
|-enditem|p2a: Corviknight|Rocky Helmet|[from] move: Knock Off|[of] p1a: Metagross
|move|p2a: Corviknight|U-turn|p1a: Metagross
|-damage|p1a: Metagross|68/100
|
|t:|1760366893
|switch|p2a: Rhyperior|Rhyperior, F|100/100|[from] U-turn
|
|-heal|p1a: Metagross|74/100|[from] item: Leftovers
|upkeep
|turn|4
|
|t:|1760366914
|move|p1a: Metagross|Knock Off|p2a: Rhyperior
|-damage|p2a: Rhyperior|80/100
|-enditem|p2a: Rhyperior|Life Orb|[from] move: Knock Off|[of] p1a: Metagross
|move|p2a: Rhyperior|Earthquake|p1a: Metagross
|-supereffective|p1a: Metagross
|-damage|p1a: Metagross|0 fnt
|faint|p1a: Metagross
|
|upkeep
|
|t:|1760366922
|switch|p1a: Greninja|Greninja, M|91/100
|turn|5
|
|t:|1760366926
|switch|p2a: Primarina|Primarina, M|80/100
|move|p1a: Greninja|Spikes|p2a: Primarina
|-sidestart|p2: 8daniel8|Spikes
|
|-heal|p2a: Primarina|86/100|[from] item: Leftovers
|upkeep
|turn|6
|
|t:|1760366935
|switch|p1a: Serperior|Serperior, M|100/100
|move|p2a: Primarina|Calm Mind|p2a: Primarina
|-boost|p2a: Primarina|spa|1
|-boost|p2a: Primarina|spd|1
|
|-heal|p2a: Primarina|92/100|[from] item: Leftovers
|upkeep
|turn|7
|
|t:|1760366943
|move|p1a: Serperior|Leaf Storm|p2a: Primarina|[miss]
|-miss|p1a: Serperior|p2a: Primarina
|move|p2a: Primarina|Draining Kiss|p1a: Serperior
|-damage|p1a: Serperior|44/100
|-heal|p2a: Primarina|100/100|[from] drain|[of] p1a: Serperior
|
|-heal|p1a: Serperior|51/100|[from] item: Leftovers
|upkeep
|turn|8
|
|t:|1760366952
|move|p1a: Serperior|Leaf Storm|p2a: Primarina
|-supereffective|p2a: Primarina
|-crit|p2a: Primarina
|-damage|p2a: Primarina|0 fnt
|-boost|p1a: Serperior|spa|2
|faint|p2a: Primarina
|
|-heal|p1a: Serperior|57/100|[from] item: Leftovers
|upkeep
|
|t:|1760366961
|switch|p2a: Dragapult|Dragapult, F|100/100
|-damage|p2a: Dragapult|88/100|[from] Spikes
|turn|9
|c|☆Iagordo|:)
|
|t:|1760366966
|move|p2a: Dragapult|Dragon Darts|p1a: Serperior
|-damage|p1a: Serperior|8/100
|-anim|p2a: Dragapult|Dragon Darts|p1a: Serperior
|-damage|p1a: Serperior|0 fnt
|faint|p1a: Serperior
|
|upkeep
|
|t:|1760366976
|switch|p1a: Umbreon|Umbreon, M, shiny|100/100
|turn|10
|
|t:|1760366980
|switch|p2a: Corviknight|Corviknight, M|79/100
|-ability|p2a: Corviknight|Pressure
|move|p1a: Umbreon|Foul Play|p2a: Corviknight
|-damage|p2a: Corviknight|63/100
|
|upkeep
|turn|11
|
|t:|1760366988
|move|p2a: Corviknight|Defog|p1a: Umbreon
|-unboost|p1a: Umbreon|evasion|1
|-sideend|p2: 8daniel8|Spikes|[from] move: Defog|[of] p2a: Corviknight
|move|p1a: Umbreon|Wish|p1a: Umbreon
|
|upkeep
|turn|12
|
|t:|1760366994
|switch|p1a: Ceruledge|Ceruledge, M, shiny|100/100
|move|p2a: Corviknight|U-turn|p1a: Ceruledge
|-resisted|p1a: Ceruledge
|-damage|p1a: Ceruledge|95/100
|-ability|p1a: Ceruledge|Weak Armor|boost
|-unboost|p1a: Ceruledge|def|1
|-boost|p1a: Ceruledge|spe|2
|
|t:|1760367003
|switch|p2a: Rhyperior|Rhyperior, F|80/100|[from] U-turn
|
|-heal|p1a: Ceruledge|100/100|[from] move: Wish|[wisher] Umbreon
|upkeep
|turn|13
|
|t:|1760367015
|move|p1a: Ceruledge|Swords Dance|p1a: Ceruledge
|-boost|p1a: Ceruledge|atk|2
|move|p2a: Rhyperior|Earthquake|p1a: Ceruledge
|-supereffective|p1a: Ceruledge
|-enditem|p1a: Ceruledge|Focus Sash
|-damage|p1a: Ceruledge|1/100
|-ability|p1a: Ceruledge|Weak Armor|boost
|-unboost|p1a: Ceruledge|def|1
|-boost|p1a: Ceruledge|spe|2
|
|upkeep
|turn|14
|
|t:|1760367026
|move|p1a: Ceruledge|Bitter Blade|p2a: Rhyperior
|-resisted|p2a: Rhyperior
|-damage|p2a: Rhyperior|51/100
|-heal|p1a: Ceruledge|22/100|[from] drain|[of] p2a: Rhyperior
|move|p2a: Rhyperior|Earthquake|p1a: Ceruledge
|-supereffective|p1a: Ceruledge
|-damage|p1a: Ceruledge|0 fnt
|faint|p1a: Ceruledge
|
|upkeep
|
|t:|1760367032
|switch|p1a: Greninja|Greninja, M|91/100
|turn|15
|
|t:|1760367047
|switch|p2a: Reuniclus|Reuniclus, M|100/100
|move|p1a: Greninja|Ice Beam|p2a: Reuniclus
|-damage|p2a: Reuniclus|79/100
|-damage|p1a: Greninja|81/100|[from] item: Life Orb
|
|upkeep
|turn|16
|
|t:|1760367058
|move|p1a: Greninja|Dark Pulse|p2a: Reuniclus
|-supereffective|p2a: Reuniclus
|-damage|p2a: Reuniclus|27/100
|-damage|p1a: Greninja|71/100|[from] item: Life Orb
|move|p2a: Reuniclus|Focus Blast|p1a: Greninja
|-supereffective|p1a: Greninja
|-damage|p1a: Greninja|0 fnt
|faint|p1a: Greninja
|
|upkeep
|
|t:|1760367065
|switch|p1a: Umbreon|Umbreon, M, shiny|100/100
|turn|17
|
|t:|1760367070
|switch|p2a: Okidogi|Okidogi, M|100/100
|move|p1a: Umbreon|Foul Play|p2a: Okidogi
|-resisted|p2a: Okidogi
|-damage|p2a: Okidogi|86/100
|
|-heal|p2a: Okidogi|92/100|[from] item: Leftovers
|upkeep
|turn|18
|
|t:|1760367083
|move|p2a: Okidogi|Bulk Up|p2a: Okidogi
|-boost|p2a: Okidogi|atk|1
|-boost|p2a: Okidogi|def|1
|move|p1a: Umbreon|Wish|p1a: Umbreon
|
|-heal|p2a: Okidogi|98/100|[from] item: Leftovers
|upkeep
|turn|19
|c|☆8daniel8|:)
|inactive|Iagordo has 120 seconds left.
|
|t:|1760367119
|move|p2a: Okidogi|Bulk Up|p2a: Okidogi
|-boost|p2a: Okidogi|atk|1
|-boost|p2a: Okidogi|def|1
|move|p1a: Umbreon|Wish||[still]
|-fail|p1a: Umbreon
|
|-heal|p2a: Okidogi|100/100|[from] item: Leftovers
|upkeep
|turn|20
|
|t:|1760367127
|move|p2a: Okidogi|Bulk Up|p2a: Okidogi
|-boost|p2a: Okidogi|atk|1
|-boost|p2a: Okidogi|def|1
|move|p1a: Umbreon|Foul Play|p2a: Okidogi
|-resisted|p2a: Okidogi
|-crit|p2a: Okidogi
|-damage|p2a: Okidogi|46/100
|
|-heal|p2a: Okidogi|52/100|[from] item: Leftovers
|upkeep
|turn|21
|
|t:|1760367137
|move|p2a: Okidogi|Drain Punch|p1a: Umbreon
|-supereffective|p1a: Umbreon
|-damage|p1a: Umbreon|0 fnt
|-heal|p2a: Okidogi|100/100|[from] drain|[of] p1a: Umbreon
|faint|p1a: Umbreon
|
|upkeep
|
|t:|1760367140
|switch|p1a: Ditto|Ditto, shiny|100/100
|-transform|p1a: Ditto|p2a: Okidogi|[from] ability: Imposter
|turn|22
|
|t:|1760367153
|move|p1a: Ditto|Drain Punch|p2a: Okidogi
|-resisted|p2a: Okidogi
|-damage|p2a: Okidogi|89/100
|move|p2a: Okidogi|Drain Punch|p1a: Ditto
|-resisted|p1a: Ditto
|-damage|p1a: Ditto|86/100
|-heal|p2a: Okidogi|95/100|[from] drain|[of] p1a: Ditto
|
|-heal|p2a: Okidogi|100/100|[from] item: Leftovers
|upkeep
|turn|23
|-message|Iagordo forfeited.
|
|win|8daniel8
|raw|Iagordo's rating: 1373 &rarr; <strong>1353</strong><br />(-20 for losing)
|raw|8daniel8's rating: 1374 &rarr; <strong>1394</strong><br />(+20 for winning)
|l|☆Iagordo
|player|p1|
|l|☆8daniel8
|player|p2|
