|j|☆HEEEEEEEEELP
|j|☆bloodmoon55
|t:|1760386875
|gametype|singles
|player|p1|HEEEEEEEEELP|2|1144
|player|p2|bloodmoon55|bruno|1198
|gen|9
|tier|[Gen 9] OU
|rated|
|rule|HP Percentage Mod: HP is shown in percentages
|rule|Endless Battle Clause: Forcing endless battles is banned
|rule|Species Clause: Limit one of each Pokémon
|rule|OHKO Clause: OHKO moves are banned
|rule|Evasion Items Clause: Evasion items are banned
|rule|Evasion Moves Clause: Evasion moves are banned
|rule|Evasion Abilities Clause: Evasion abilities are banned
|rule|Sleep Moves Clause: Sleep-inducing moves are banned
|clearpoke
|poke|p1|Ribombee, M|
|poke|p1|Glimmora, F|
|poke|p1|Gholdengo|
|poke|p1|Samurott-Hisui, M|
|poke|p1|Rillaboom, M|
|poke|p1|Conkeldurr, F|
|poke|p2|Ribombee, F|
|poke|p2|Meowscarada, F|
|poke|p2|Darkrai|
|poke|p2|Kingambit, M|
|poke|p2|Corviknight, M|
|poke|p2|Slowking-Galar, M|
|teampreview
|inactive|Battle timer is ON: inactive players will automatically lose when time's up. (requested by bloodmoon55)
|
|t:|1760386882
|teamsize|p1|6
|teamsize|p2|6
|start
|switch|p1a: Ribombee|Ribombee, M|100/100
|switch|p2a: Darkrai|Darkrai|100/100
|turn|1
|
|t:|1760386885
|move|p2a: Darkrai|Sludge Bomb|p1a: Ribombee
|-supereffective|p1a: Ribombee
|-enditem|p1a: Ribombee|Focus Sash
|-damage|p1a: Ribombee|1/100
|move|p1a: Ribombee|Sticky Web|p2a: Darkrai
|-sidestart|p2: bloodmoon55|move: Sticky Web
|
|upkeep
|turn|2
|
|t:|1760386895
|move|p2a: Darkrai|Sludge Bomb|p1a: Ribombee
|-supereffective|p1a: Ribombee
|-damage|p1a: Ribombee|0 fnt
|faint|p1a: Ribombee
|
|upkeep
|
|t:|1760386908
|switch|p1a: Gholdengo|Gholdengo|100/100
|turn|3
|
|t:|1760386912
|switch|p2a: Slowking|Slowking-Galar, M|100/100
|move|p1a: Gholdengo|Dazzling Gleam|p2a: Slowking
|-resisted|p2a: Slowking
|-damage|p2a: Slowking|88/100
|
|upkeep
|turn|4
|
|t:|1760386921
|switch|p1a: Samurott|Samurott-Hisui, M|100/100
|move|p2a: Slowking|Future Sight|p1a: Samurott
|-start|p2a: Slowking|move: Future Sight
|
|upkeep
|turn|5
|
|t:|1760386926
|move|p1a: Samurott|Ceaseless Edge|p2a: Slowking
|-supereffective|p2a: Slowking
|-damage|p2a: Slowking|0 fnt
|-sidestart|p2: bloodmoon55|Spikes
|faint|p2a: Slowking
|
|upkeep
|
|t:|1760386930
|switch|p2a: Corviknight|Corviknight, M|100/100
|-ability|p2a: Corviknight|Pressure
|turn|6
|
|t:|1760386933
|move|p1a: Samurott|Ceaseless Edge|p2a: Corviknight
|-damage|p2a: Corviknight|61/100
|-damage|p1a: Samurott|84/100|[from] item: Rocky Helmet|[of] p2a: Corviknight
|-sidestart|p2: bloodmoon55|Spikes
|move|p2a: Corviknight|U-turn|p1a: Samurott
|-supereffective|p1a: Samurott
|-damage|p1a: Samurott|50/100
|
|t:|1760386938
|switch|p2a: Meowscarada|Meowscarada, F|100/100|[from] U-turn
|-activate|p2a: Meowscarada|move: Sticky Web
|-unboost|p2a: Meowscarada|spe|1
|-damage|p2a: Meowscarada|84/100|[from] Spikes
|
|-end|p1a: Samurott|move: Future Sight
|-immune|p1a: Samurott
|upkeep
|turn|7
|
|t:|1760386951
|switch|p1a: Glimmora|Glimmora, F|100/100
|move|p2a: Meowscarada|U-turn|p1a: Glimmora
|-start|p2a: Meowscarada|typechange|Bug|[from] ability: Protean
|-resisted|p1a: Glimmora
|-crit|p1a: Glimmora
|-damage|p1a: Glimmora|72/100
|-activate|p1a: Glimmora|ability: Toxic Debris
|-sidestart|p2: bloodmoon55|move: Toxic Spikes
|
|t:|1760386957
|switch|p2a: Corviknight|Corviknight, M|61/100|[from] U-turn
|-ability|p2a: Corviknight|Pressure
|
|upkeep
|turn|8
|
|t:|1760386960
|move|p1a: Glimmora|Stealth Rock|p2a: Corviknight
|-sidestart|p2: bloodmoon55|move: Stealth Rock
|move|p2a: Corviknight|Defog|p1a: Glimmora
|-unboost|p1a: Glimmora|evasion|1
|-sideend|p2: bloodmoon55|Spikes|[from] move: Defog|[of] p2a: Corviknight
|-sideend|p2: bloodmoon55|Toxic Spikes|[from] move: Defog|[of] p2a: Corviknight
|-sideend|p2: bloodmoon55|Stealth Rock|[from] move: Defog|[of] p2a: Corviknight
|-sideend|p2: bloodmoon55|Sticky Web|[from] move: Defog|[of] p2a: Corviknight
|
|upkeep
|turn|9
|
|t:|1760386966
|switch|p2a: Ribombee|Ribombee, F|100/100
|move|p1a: Glimmora|Ancient Power|p2a: Ribombee
|-supereffective|p2a: Ribombee
|-damage|p2a: Ribombee|15/100
|
|upkeep
|turn|10
|
|t:|1760386971
|move|p2a: Ribombee|Stun Spore|p1a: Glimmora
|-status|p1a: Glimmora|par
|move|p1a: Glimmora|Mortal Spin|p2a: Ribombee
|-supereffective|p2a: Ribombee
|-crit|p2a: Ribombee
|-damage|p2a: Ribombee|0 fnt
|faint|p2a: Ribombee
|
|upkeep
|
|t:|1760386974
|switch|p2a: Darkrai|Darkrai|100/100
|turn|11
|
|t:|1760386987
|move|p2a: Darkrai|Dark Pulse|p1a: Glimmora
|-damage|p1a: Glimmora|7/100 par
|cant|p1a: Glimmora|par
|
|upkeep
|turn|12
|
|t:|1760386992
|move|p2a: Darkrai|Dark Pulse|p1a: Glimmora
|-damage|p1a: Glimmora|0 fnt
|faint|p1a: Glimmora
|
|upkeep
|
|t:|1760386995
|switch|p1a: Conkeldurr|Conkeldurr, F|100/100
|turn|13
|
|t:|1760387017
|switch|p2a: Corviknight|Corviknight, M|61/100
|-ability|p2a: Corviknight|Pressure
|-terastallize|p1a: Conkeldurr|Fighting
|move|p1a: Conkeldurr|Mach Punch|p2a: Corviknight
|-damage|p2a: Corviknight|42/100
|-damage|p1a: Conkeldurr|84/100|[from] item: Rocky Helmet|[of] p2a: Corviknight
|
|-status|p1a: Conkeldurr|brn|[from] item: Flame Orb
|upkeep
|turn|14
|
|t:|1760387025
|move|p2a: Corviknight|Roost|p2a: Corviknight
|-heal|p2a: Corviknight|92/100
|-singleturn|p2a: Corviknight|move: Roost
|move|p1a: Conkeldurr|Drain Punch|p2a: Corviknight
|-supereffective|p2a: Corviknight
|-damage|p2a: Corviknight|0 fnt
|-heal|p1a: Conkeldurr|100/100 brn|[from] drain|[of] p2a: Corviknight
|-damage|p1a: Conkeldurr|84/100 brn|[from] item: Rocky Helmet|[of] p2a: Corviknight
|faint|p2a: Corviknight
|
|-damage|p1a: Conkeldurr|78/100 brn|[from] brn
|upkeep
|
|t:|1760387030
|switch|p2a: Meowscarada|Meowscarada, F|84/100
|turn|15
|
|t:|1760387034
|move|p1a: Conkeldurr|Mach Punch|p2a: Meowscarada
|-supereffective|p2a: Meowscarada
|-damage|p2a: Meowscarada|0 fnt
|faint|p2a: Meowscarada
|
|-damage|p1a: Conkeldurr|71/100 brn|[from] brn
|upkeep
|
|t:|1760387040
|switch|p2a: Kingambit|Kingambit, M|100/100
|-activate|p2a: Kingambit|ability: Supreme Overlord
|-start|p2a: Kingambit|fallen4|[silent]
|turn|16
|
|t:|1760387054
|switch|p1a: Rillaboom|Rillaboom, M|100/100
|-fieldstart|move: Grassy Terrain|[from] ability: Grassy Surge|[of] p1a: Rillaboom
|-terastallize|p2a: Kingambit|Flying
|move|p2a: Kingambit|Iron Head|p1a: Rillaboom
|-damage|p1a: Rillaboom|33/100
|
|-heal|p1a: Rillaboom|39/100|[from] Grassy Terrain
|upkeep
|turn|17
|
|t:|1760387074
|move|p1a: Rillaboom|Grassy Glide|p2a: Kingambit
|-resisted|p2a: Kingambit
|-damage|p2a: Kingambit|86/100
|move|p2a: Kingambit|Sucker Punch||[still]
|-fail|p2a: Kingambit
|
|-heal|p1a: Rillaboom|45/100|[from] Grassy Terrain
|-heal|p2a: Kingambit|92/100|[from] item: Leftovers
|upkeep
|turn|18
|
|t:|1760387082
|move|p1a: Rillaboom|Grassy Glide|p2a: Kingambit
|-resisted|p2a: Kingambit
|-damage|p2a: Kingambit|76/100
|move|p2a: Kingambit|Kowtow Cleave|p1a: Rillaboom
|-damage|p1a: Rillaboom|0 fnt
|faint|p1a: Rillaboom
|
|-heal|p2a: Kingambit|82/100|[from] item: Leftovers
|upkeep
|
|t:|1760387088
|switch|p1a: Gholdengo|Gholdengo|100/100
|turn|19
|
|t:|1760387102
|move|p1a: Gholdengo|Shadow Ball|p2a: Kingambit
|-damage|p2a: Kingambit|19/100
|move|p2a: Kingambit|Kowtow Cleave|p1a: Gholdengo
|-supereffective|p1a: Gholdengo
|-crit|p1a: Gholdengo
|-damage|p1a: Gholdengo|0 fnt
|faint|p1a: Gholdengo
|
|-heal|p2a: Kingambit|25/100|[from] item: Leftovers
|upkeep
|
|t:|1760387106
|switch|p1a: Samurott|Samurott-Hisui, M|50/100
|turn|20
|
|t:|1760387112
|-end|p2a: Kingambit|fallen4|[silent]
|switch|p2a: Darkrai|Darkrai|100/100
|move|p1a: Samurott|Razor Shell|p2a: Darkrai
|-damage|p2a: Darkrai|9/100
|
|-heal|p2a: Darkrai|15/100|[from] Grassy Terrain
|-heal|p1a: Samurott|56/100|[from] Grassy Terrain
|upkeep
|turn|21
|
|t:|1760387118
|move|p2a: Darkrai|Sludge Bomb|p1a: Samurott
|-damage|p1a: Samurott|0 fnt
|faint|p1a: Samurott
|
|-heal|p2a: Darkrai|21/100|[from] Grassy Terrain
|upkeep
|
|t:|1760387120
|switch|p1a: Conkeldurr|Conkeldurr, F, tera:Fighting|71/100 brn
|turn|22
|
|t:|1760387124
|move|p1a: Conkeldurr|Mach Punch|p2a: Darkrai
|-supereffective|p2a: Darkrai
|-damage|p2a: Darkrai|0 fnt
|faint|p2a: Darkrai
|
|-heal|p1a: Conkeldurr|78/100 brn|[from] Grassy Terrain
|-damage|p1a: Conkeldurr|71/100 brn|[from] brn
|upkeep
|
|t:|1760387125
|switch|p2a: Kingambit|Kingambit, M, tera:Flying|25/100
|-activate|p2a: Kingambit|ability: Supreme Overlord
|-start|p2a: Kingambit|fallen5|[silent]
|turn|23
|
|t:|1760387129
|move|p2a: Kingambit|Iron Head|p1a: Conkeldurr
|-damage|p1a: Conkeldurr|0 fnt
|faint|p1a: Conkeldurr
|
|win|bloodmoon55
|raw|HEEEEEEEEELP's rating: 1144 &rarr; <strong>1123</strong><br />(-21 for losing)
|raw|bloodmoon55's rating: 1198 &rarr; <strong>1219</strong><br />(+21 for winning)
|l|☆bloodmoon55
|player|p2|
