|j|☆Qazxcdewsf
|j|☆xxxjkl
|t:|1760367485
|gametype|singles
|player|p1|Qazxcdewsf|1|1463
|player|p2|xxxjkl|benga|1443
|gen|9
|tier|[Gen 9] OU
|rated|
|rule|HP Percentage Mod: HP is shown in percentages
|rule|Endless Battle Clause: Forcing endless battles is banned
|rule|Species Clause: Limit one of each Pokémon
|rule|OHKO Clause: OHKO moves are banned
|rule|Evasion Items Clause: Evasion items are banned
|rule|Evasion Moves Clause: Evasion moves are banned
|rule|Evasion Abilities Clause: Evasion abilities are banned
|rule|Sleep Moves Clause: Sleep-inducing moves are banned
|clearpoke
|poke|p1|Gliscor, F|
|poke|p1|Alomomola, M|
|poke|p1|Darkrai|
|poke|p1|Dragonite, M|
|poke|p1|Tinkaton, F|
|poke|p1|Cinderace, F|
|poke|p2|Torkoal, M|
|poke|p2|Hatterene, F|
|poke|p2|Raging Bolt|
|poke|p2|Walking Wake|
|poke|p2|Sawsbuck, M|
|poke|p2|Ceruledge, M|
|teampreview
|inactive|Battle timer is ON: inactive players will automatically lose when time's up. (requested by xxxjkl)
|
|t:|1760367497
|teamsize|p1|6
|teamsize|p2|6
|start
|switch|p1a: Tinkaton|Tinkaton, F|100/100
|switch|p2a: Torkoal|Torkoal, M|100/100
|-ability|p1a: Tinkaton|Mold Breaker
|-weather|SunnyDay|[from] ability: Drought|[of] p2a: Torkoal
|turn|1
|
|t:|1760367502
|switch|p1a: Alomomola|Alomomola, M|100/100
|move|p2a: Torkoal|Eruption|p1a: Alomomola
|-resisted|p1a: Alomomola
|-damage|p1a: Alomomola|65/100
|
|-weather|SunnyDay|[upkeep]
|upkeep
|turn|2
|
|t:|1760367509
|move|p1a: Alomomola|Flip Turn|p2a: Torkoal
|-supereffective|p2a: Torkoal
|-damage|p2a: Torkoal|87/100
|
|t:|1760367514
|switch|p1a: Cinderace|Cinderace, F|100/100|[from] Flip Turn
|move|p2a: Torkoal|Stealth Rock|p1a: Cinderace
|-sidestart|p1: Qazxcdewsf|move: Stealth Rock
|
|-weather|SunnyDay|[upkeep]
|upkeep
|turn|3
|
|t:|1760367524
|move|p1a: Cinderace|U-turn|p2a: Torkoal
|-resisted|p2a: Torkoal
|-damage|p2a: Torkoal|74/100
|
|t:|1760367529
|switch|p1a: Alomomola|Alomomola, M|99/100|[from] U-turn
|move|p2a: Torkoal|Earthquake|p1a: Alomomola
|-damage|p1a: Alomomola|84/100
|
|-weather|SunnyDay|[upkeep]
|upkeep
|turn|4
|
|t:|1760367538
|switch|p2a: Sawsbuck|Sawsbuck, M|100/100
|move|p1a: Alomomola|Wish|p1a: Alomomola
|
|-weather|SunnyDay|[upkeep]
|upkeep
|turn|5
|
|t:|1760367546
|switch|p1a: Dragonite|Dragonite, M|100/100
|move|p2a: Sawsbuck|Swords Dance|p2a: Sawsbuck
|-boost|p2a: Sawsbuck|atk|2
|
|-weather|SunnyDay|[upkeep]
|upkeep
|turn|6
|
|t:|1760367554
|move|p2a: Sawsbuck|Horn Leech|p1a: Dragonite
|-resisted|p1a: Dragonite
|-damage|p1a: Dragonite|89/100
|-damage|p2a: Sawsbuck|91/100|[from] item: Life Orb
|move|p1a: Dragonite|Dragon Dance|p1a: Dragonite
|-boost|p1a: Dragonite|atk|1
|-boost|p1a: Dragonite|spe|1
|
|-weather|SunnyDay|[upkeep]
|upkeep
|turn|7
|
|t:|1760367563
|switch|p2a: Walking Wake|Walking Wake|100/100
|-activate|p2a: Walking Wake|ability: Protosynthesis
|-start|p2a: Walking Wake|protosynthesisspe
|move|p1a: Dragonite|Dragon Dance|p1a: Dragonite
|-boost|p1a: Dragonite|atk|1
|-boost|p1a: Dragonite|spe|1
|
|-weather|SunnyDay|[upkeep]
|upkeep
|turn|8
|
|t:|1760367577
|-terastallize|p1a: Dragonite|Normal
|move|p1a: Dragonite|Extreme Speed|p2a: Walking Wake
|-damage|p2a: Walking Wake|0 fnt
|faint|p2a: Walking Wake
|-end|p2a: Walking Wake|Protosynthesis|[silent]
|
|-weather|none
|upkeep
|
|t:|1760367582
|switch|p2a: Ceruledge|Ceruledge, M|100/100
|turn|9
|
|t:|1760367598
|move|p1a: Dragonite|Earthquake|p2a: Ceruledge
|-supereffective|p2a: Ceruledge
|-damage|p2a: Ceruledge|0 fnt
|faint|p2a: Ceruledge
|
|upkeep
|
|t:|1760367602
|switch|p2a: Torkoal|Torkoal, M|74/100
|-weather|SunnyDay|[from] ability: Drought|[of] p2a: Torkoal
|turn|10
|
|t:|1760367605
|move|p1a: Dragonite|Earthquake|p2a: Torkoal
|-supereffective|p2a: Torkoal
|-damage|p2a: Torkoal|0 fnt
|faint|p2a: Torkoal
|
|-weather|SunnyDay|[upkeep]
|upkeep
|
|t:|1760367609
|switch|p2a: Sawsbuck|Sawsbuck, M|91/100
|turn|11
|
|t:|1760367615
|move|p1a: Dragonite|Extreme Speed|p2a: Sawsbuck
|-damage|p2a: Sawsbuck|0 fnt
|faint|p2a: Sawsbuck
|
|-weather|SunnyDay|[upkeep]
|upkeep
|
|t:|1760367620
|switch|p2a: Raging Bolt|Raging Bolt|100/100
|-activate|p2a: Raging Bolt|ability: Protosynthesis
|-start|p2a: Raging Bolt|protosynthesisspa
|turn|12
|
|t:|1760367626
|-terastallize|p2a: Raging Bolt|Ghost
|move|p1a: Dragonite|Extreme Speed|p2a: Raging Bolt
|-immune|p2a: Raging Bolt
|move|p2a: Raging Bolt|Weather Ball|p1a: Dragonite
|-damage|p1a: Dragonite|0 fnt
|faint|p1a: Dragonite
|-damage|p2a: Raging Bolt|91/100|[from] item: Life Orb
|
|-weather|SunnyDay|[upkeep]
|upkeep
|
|t:|1760367634
|switch|p1a: Darkrai|Darkrai|100/100
|turn|13
|
|t:|1760367637
|move|p2a: Raging Bolt|Thunderclap|p1a: Darkrai
|-damage|p1a: Darkrai|13/100
|-damage|p2a: Raging Bolt|81/100|[from] item: Life Orb
|move|p1a: Darkrai|Dark Pulse|p2a: Raging Bolt
|-supereffective|p2a: Raging Bolt
|-damage|p2a: Raging Bolt|0 fnt
|faint|p2a: Raging Bolt
|-end|p2a: Raging Bolt|Protosynthesis|[silent]
|
|-weather|SunnyDay|[upkeep]
|upkeep
|
|t:|1760367643
|switch|p2a: Hatterene|Hatterene, F|100/100
|turn|14
|
|t:|1760367648
|switch|p1a: Tinkaton|Tinkaton, F|100/100
|-damage|p1a: Tinkaton|94/100|[from] Stealth Rock
|-ability|p1a: Tinkaton|Mold Breaker
|move|p2a: Hatterene|Dazzling Gleam|p1a: Tinkaton
|-resisted|p1a: Tinkaton
|-damage|p1a: Tinkaton|75/100
|
|-weather|SunnyDay|[upkeep]
|-heal|p1a: Tinkaton|82/100|[from] item: Leftovers
|upkeep
|turn|15
|
|t:|1760367655
|move|p1a: Tinkaton|Gigaton Hammer|p2a: Hatterene
|-supereffective|p2a: Hatterene
|-damage|p2a: Hatterene|2/100
|move|p2a: Hatterene|Mystical Fire|p1a: Tinkaton
|-supereffective|p1a: Tinkaton
|-damage|p1a: Tinkaton|6/100
|-unboost|p1a: Tinkaton|spa|1
|
|-weather|SunnyDay|[upkeep]
|-heal|p1a: Tinkaton|12/100|[from] item: Leftovers
|upkeep
|turn|16
|
|t:|1760367661
|move|p1a: Tinkaton|Knock Off|p2a: Hatterene
|-damage|p2a: Hatterene|0 fnt
|-enditem|p2a: Hatterene|Eject Button|[from] move: Knock Off|[of] p1a: Tinkaton
|faint|p2a: Hatterene
|
|win|Qazxcdewsf
|raw|Qazxcdewsf's rating: 1463 &rarr; <strong>1482</strong><br />(+19 for winning)
|raw|xxxjkl's rating: 1443 &rarr; <strong>1424</strong><br />(-19 for losing)
|l|☆xxxjkl
|player|p2|
|l|☆Qazxcdewsf
|player|p1|
