|j|☆BBT94
|j|☆Defast 4
|t:|1760396501
|gametype|singles
|player|p1|BBT94|265|1643
|player|p2|Defast 4|169|1551
|gen|9
|tier|[Gen 9] OU
|rated|
|rule|HP Percentage Mod: HP is shown in percentages
|rule|Endless Battle Clause: Forcing endless battles is banned
|rule|Species Clause: Limit one of each Pokémon
|rule|OHKO Clause: OHKO moves are banned
|rule|Evasion Items Clause: Evasion items are banned
|rule|Evasion Moves Clause: Evasion moves are banned
|rule|Evasion Abilities Clause: Evasion abilities are banned
|rule|Sleep Moves Clause: Sleep-inducing moves are banned
|clearpoke
|poke|p1|Great Tusk|
|poke|p1|Dragapult, F|
|poke|p1|Alomomola, F|
|poke|p1|Slowking-Galar, M|
|poke|p1|Kingambit, F|
|poke|p1|Iron Valiant|
|poke|p2|Corviknight, F|
|poke|p2|Mew|
|poke|p2|Pecharunt|
|poke|p2|Cinderace, F|
|poke|p2|Dondozo, M|
|poke|p2|Ting-Lu|
|teampreview
|inactive|Battle timer is ON: inactive players will automatically lose when time's up. (requested by Defast 4)
|
|t:|1760396530
|teamsize|p1|6
|teamsize|p2|6
|start
|switch|p1a: Great Tusk|Great Tusk|100/100
|switch|p2a: Cinderace|Cinderace, F|100/100
|-enditem|p1a: Great Tusk|Booster Energy
|-activate|p1a: Great Tusk|ability: Protosynthesis|[fromitem]
|-start|p1a: Great Tusk|protosynthesisspe
|turn|1
|
|t:|1760396536
|switch|p2a: Corviknight|Corviknight, F, shiny|100/100
|-ability|p2a: Corviknight|Pressure
|move|p1a: Great Tusk|Stealth Rock|p2a: Corviknight
|-sidestart|p2: Defast 4|move: Stealth Rock
|
|upkeep
|turn|2
|
|t:|1760396539
|move|p1a: Great Tusk|Knock Off|p2a: Corviknight
|-damage|p2a: Corviknight|83/100
|-damage|p1a: Great Tusk|84/100|[from] item: Rocky Helmet|[of] p2a: Corviknight
|-enditem|p2a: Corviknight|Rocky Helmet|[from] move: Knock Off|[of] p1a: Great Tusk
|move|p2a: Corviknight|Defog|p1a: Great Tusk
|-unboost|p1a: Great Tusk|evasion|1
|-sideend|p2: Defast 4|Stealth Rock|[from] move: Defog|[of] p2a: Corviknight
|
|upkeep
|turn|3
|
|t:|1760396545
|move|p1a: Great Tusk|Stealth Rock|p2a: Corviknight
|-sidestart|p2: Defast 4|move: Stealth Rock
|move|p2a: Corviknight|Defog|p1a: Great Tusk
|-unboost|p1a: Great Tusk|evasion|1
|-sideend|p2: Defast 4|Stealth Rock|[from] move: Defog|[of] p2a: Corviknight
|
|upkeep
|turn|4
|
|t:|1760396548
|move|p1a: Great Tusk|Stealth Rock|p2a: Corviknight
|-sidestart|p2: Defast 4|move: Stealth Rock
|move|p2a: Corviknight|Iron Defense|p2a: Corviknight
|-boost|p2a: Corviknight|def|2
|
|upkeep
|turn|5
|
|t:|1760396552
|-end|p1a: Great Tusk|Protosynthesis|[silent]
|switch|p1a: Iron Valiant|Iron Valiant|100/100
|-enditem|p1a: Iron Valiant|Booster Energy
|-activate|p1a: Iron Valiant|ability: Quark Drive|[fromitem]
|-start|p1a: Iron Valiant|quarkdrivespe
|move|p2a: Corviknight|Defog|p1a: Iron Valiant
|-unboost|p1a: Iron Valiant|evasion|1
|-sideend|p2: Defast 4|Stealth Rock|[from] move: Defog|[of] p2a: Corviknight
|
|upkeep
|turn|6
|
|t:|1760396557
|switch|p2a: Mew|Mew|100/100
|move|p1a: Iron Valiant|Encore||[still]
|-fail|p1a: Iron Valiant
|
|upkeep
|turn|7
|
|t:|1760396570
|move|p1a: Iron Valiant|Calm Mind|p1a: Iron Valiant
|-boost|p1a: Iron Valiant|spa|1
|-boost|p1a: Iron Valiant|spd|1
|move|p2a: Mew|Fire Spin|p1a: Iron Valiant
|-damage|p1a: Iron Valiant|90/100
|-activate|p1a: Iron Valiant|move: Fire Spin|[of] p2a: Mew
|
|-damage|p1a: Iron Valiant|78/100|[from] move: Fire Spin|[partiallytrapped]
|upkeep
|turn|8
|
|t:|1760396575
|move|p2a: Mew|Protect|p2a: Mew
|-singleturn|p2a: Mew|Protect
|move|p1a: Iron Valiant|Shadow Ball|p2a: Mew
|-activate|p2a: Mew|move: Protect
|
|-damage|p1a: Iron Valiant|66/100|[from] move: Fire Spin|[partiallytrapped]
|upkeep
|turn|9
|
|t:|1760396581
|switch|p2a: Dondozo|Dondozo, M|100/100
|move|p1a: Iron Valiant|Encore||[still]
|-fail|p1a: Iron Valiant
|
|-end|p1a: Iron Valiant|Fire Spin|[partiallytrapped]|[silent]
|upkeep
|turn|10
|
|t:|1760396583
|move|p1a: Iron Valiant|Moonblast|p2a: Dondozo
|-damage|p2a: Dondozo|73/100
|move|p2a: Dondozo|Liquidation|p1a: Iron Valiant
|-damage|p1a: Iron Valiant|30/100
|-unboost|p1a: Iron Valiant|def|1
|
|-heal|p2a: Dondozo|79/100|[from] item: Leftovers
|upkeep
|turn|11
|
|t:|1760396587
|move|p1a: Iron Valiant|Moonblast|p2a: Dondozo
|-damage|p2a: Dondozo|50/100
|move|p2a: Dondozo|Liquidation|p1a: Iron Valiant
|-crit|p1a: Iron Valiant
|-damage|p1a: Iron Valiant|0 fnt
|faint|p1a: Iron Valiant
|-end|p1a: Iron Valiant|Quark Drive|[silent]
|
|-heal|p2a: Dondozo|56/100|[from] item: Leftovers
|upkeep
|
|t:|1760396594
|switch|p1a: Dragapult|Dragapult, F|100/100
|turn|12
|
|t:|1760396597
|move|p1a: Dragapult|Dragon Darts|p2a: Dondozo
|-damage|p2a: Dondozo|34/100
|-anim|p1a: Dragapult|Dragon Darts|p2a: Dondozo
|-damage|p2a: Dondozo|14/100
|move|p2a: Dondozo|Rest|p2a: Dondozo
|-status|p2a: Dondozo|slp|[from] move: Rest
|-heal|p2a: Dondozo|100/100 slp|[silent]
|
|upkeep
|turn|13
|
|t:|1760396602
|move|p1a: Dragapult|Dragon Darts|p2a: Dondozo
|-damage|p2a: Dondozo|79/100 slp
|-anim|p1a: Dragapult|Dragon Darts|p2a: Dondozo
|-damage|p2a: Dondozo|58/100 slp
|cant|p2a: Dondozo|slp
|move|p2a: Dondozo|Sleep Talk|p2a: Dondozo
|move|p2a: Dondozo|Liquidation|p1a: Dragapult|[from] move: Sleep Talk
|-resisted|p1a: Dragapult
|-damage|p1a: Dragapult|81/100
|
|-heal|p2a: Dondozo|64/100 slp|[from] item: Leftovers
|upkeep
|turn|14
|
|t:|1760396608
|move|p1a: Dragapult|Dragon Darts|p2a: Dondozo
|-damage|p2a: Dondozo|42/100 slp
|-anim|p1a: Dragapult|Dragon Darts|p2a: Dondozo
|-damage|p2a: Dondozo|21/100 slp
|cant|p2a: Dondozo|slp
|move|p2a: Dondozo|Sleep Talk|p2a: Dondozo
|move|p2a: Dondozo|Rest||[from] move: Sleep Talk|[still]
|-fail|p2a: Dondozo
|
|-heal|p2a: Dondozo|27/100 slp|[from] item: Leftovers
|upkeep
|turn|15
|
|t:|1760396614
|switch|p2a: Mew|Mew|100/100
|move|p1a: Dragapult|Dragon Darts|p2a: Mew
|-damage|p2a: Mew|71/100
|-anim|p1a: Dragapult|Dragon Darts|p2a: Mew
|-damage|p2a: Mew|39/100
|
|-heal|p2a: Mew|45/100|[from] item: Leftovers
|upkeep
|turn|16
|
|t:|1760396617
|-terastallize|p2a: Mew|Fairy
|move|p1a: Dragapult|Dragon Darts|p2a: Mew
|-immune|p2a: Mew
|move|p2a: Mew|Fire Spin|p1a: Dragapult
|-resisted|p1a: Dragapult
|-damage|p1a: Dragapult|76/100
|-activate|p1a: Dragapult|move: Fire Spin|[of] p2a: Mew
|
|-heal|p2a: Mew|51/100|[from] item: Leftovers
|-damage|p1a: Dragapult|64/100|[from] move: Fire Spin|[partiallytrapped]
|upkeep
|turn|17
|
|t:|1760396624
|switch|p1a: Slowking|Slowking-Galar, M|100/100
|move|p2a: Mew|Imprison|p2a: Mew
|-start|p2a: Mew|move: Imprison
|
|-heal|p2a: Mew|57/100|[from] item: Leftovers
|upkeep
|turn|18
|
|t:|1760396634
|switch|p1a: Kingambit|Kingambit, F|100/100
|-activate|p1a: Kingambit|ability: Supreme Overlord
|-start|p1a: Kingambit|fallen1|[silent]
|move|p2a: Mew|Fire Spin|p1a: Kingambit
|-supereffective|p1a: Kingambit
|-damage|p1a: Kingambit|82/100
|-activate|p1a: Kingambit|move: Fire Spin|[of] p2a: Mew
|
|-heal|p2a: Mew|63/100|[from] item: Leftovers
|-heal|p1a: Kingambit|88/100|[from] item: Leftovers
|-damage|p1a: Kingambit|76/100|[from] move: Fire Spin|[partiallytrapped]
|upkeep
|turn|19
|
|t:|1760396640
|move|p2a: Mew|Transform|p1a: Kingambit
|-transform|p2a: Mew|p1a: Kingambit
|cant|p1a: Kingambit|move: Imprison|Kowtow Cleave
|
|-heal|p2a: Mew|70/100|[from] item: Leftovers
|-heal|p1a: Kingambit|82/100|[from] item: Leftovers
|-damage|p1a: Kingambit|70/100|[from] move: Fire Spin|[partiallytrapped]
|upkeep
|turn|20
|
|t:|1760396646
|-activate|p1a: Kingambit|move: Struggle
|move|p1a: Kingambit|Struggle|p2a: Mew
|-damage|p2a: Mew|52/100
|-damage|p1a: Kingambit|45/100|[from] recoil
|move|p2a: Mew|Swords Dance|p2a: Mew
|-boost|p2a: Mew|atk|2
|
|-heal|p1a: Kingambit|51/100|[from] item: Leftovers
|-heal|p2a: Mew|59/100|[from] item: Leftovers
|-damage|p1a: Kingambit|39/100|[from] move: Fire Spin|[partiallytrapped]
|upkeep
|turn|21
|l|☆BBT94
|inactive|BBT94 disconnected and has a minute to reconnect!
|player|p1|
|inactive|BBT94 has 30 seconds to reconnect!
|inactive|BBT94 has 20 seconds to reconnect!
|inactive|BBT94 has 15 seconds to reconnect!
|inactive|BBT94 has 10 seconds to reconnect!
|inactive|BBT94 has 5 seconds to reconnect!
|-message|BBT94 lost due to inactivity.
|
|win|Defast 4
|raw|BBT94's rating: 1643 &rarr; <strong>1618</strong><br />(-25 for losing)
|raw|Defast 4's rating: 1551 &rarr; <strong>1576</strong><br />(+25 for winning)
|l|☆Defast 4
|player|p2|
