|j|☆Pyrax69
|j|☆chaomei_shen
|t:|1760416390
|gametype|singles
|player|p1|Pyrax69|cynthia-gen4|1471
|player|p2|chaomei_shen|266|1497
|gen|9
|tier|[Gen 9] OU
|rated|
|rule|HP Percentage Mod: HP is shown in percentages
|rule|Endless Battle Clause: Forcing endless battles is banned
|rule|Species Clause: Limit one of each Pokémon
|rule|OHKO Clause: OHKO moves are banned
|rule|Evasion Items Clause: Evasion items are banned
|rule|Evasion Moves Clause: Evasion moves are banned
|rule|Evasion Abilities Clause: Evasion abilities are banned
|rule|Sleep Moves Clause: Sleep-inducing moves are banned
|clearpoke
|poke|p1|Iron Valiant|
|poke|p1|Gholdengo|
|poke|p1|Great Tusk|
|poke|p1|Raging Bolt|
|poke|p1|Volcanion|
|poke|p1|Weavile, F|
|poke|p2|Dragonite, M|
|poke|p2|Hatterene, F|
|poke|p2|Great Tusk|
|poke|p2|Raging Bolt|
|poke|p2|Ting-Lu|
|poke|p2|Kyurem|
|teampreview
|inactive|Battle timer is ON: inactive players will automatically lose when time's up. (requested by chaomei_shen)
|
|t:|1760416404
|teamsize|p1|6
|teamsize|p2|6
|start
|switch|p1a: Volcanion|Volcanion|100/100
|switch|p2a: Kyurem|Kyurem|100/100
|-ability|p2a: Kyurem|Pressure
|turn|1
|
|t:|1760416413
|move|p2a: Kyurem|Dragon Dance|p2a: Kyurem
|-boost|p2a: Kyurem|atk|1
|-boost|p2a: Kyurem|spe|1
|move|p1a: Volcanion|Flamethrower|p2a: Kyurem
|-damage|p2a: Kyurem|22/100
|
|upkeep
|turn|2
|
|t:|1760416427
|switch|p1a: Great Tusk|Great Tusk|100/100
|move|p2a: Kyurem|Scale Shot|p1a: Great Tusk
|-damage|p1a: Great Tusk|86/100
|-damage|p1a: Great Tusk|72/100
|-damage|p1a: Great Tusk|57/100
|-damage|p1a: Great Tusk|43/100
|-damage|p1a: Great Tusk|28/100
|-hitcount|p1a: Great Tusk|5
|-unboost|p2a: Kyurem|def|1
|-boost|p2a: Kyurem|spe|1
|
|upkeep
|turn|3
|
|t:|1760416442
|move|p2a: Kyurem|Icicle Spear|p1a: Great Tusk
|-supereffective|p1a: Great Tusk
|-damage|p1a: Great Tusk|0 fnt
|faint|p1a: Great Tusk
|-end|p1a: Great Tusk|Protosynthesis|[silent]
|-hitcount|p1: Great Tusk|1
|
|upkeep
|
|t:|1760416448
|switch|p1a: Weavile|Weavile, F|100/100
|-ability|p1a: Weavile|Pressure
|turn|4
|
|t:|1760416453
|move|p1a: Weavile|Ice Shard|p2a: Kyurem
|-damage|p2a: Kyurem|0 fnt
|faint|p2a: Kyurem
|
|upkeep
|
|t:|1760416459
|switch|p2a: Raging Bolt|Raging Bolt|100/100
|turn|5
|
|t:|1760416462
|move|p1a: Weavile|Knock Off|p2a: Raging Bolt
|-damage|p2a: Raging Bolt|60/100
|-enditem|p2a: Raging Bolt|Choice Specs|[from] move: Knock Off|[of] p1a: Weavile
|move|p2a: Raging Bolt|Volt Switch|p1a: Weavile
|-damage|p1a: Weavile|47/100
|
|t:|1760416466
|-end|p2a: Raging Bolt|Protosynthesis|[silent]
|switch|p2a: Dragonite|Dragonite, M|100/100|[from] Volt Switch
|
|upkeep
|turn|6
|
|t:|1760416472
|-terastallize|p2a: Dragonite|Normal
|move|p1a: Weavile|Ice Shard|p2a: Dragonite
|-damage|p2a: Dragonite|90/100
|move|p2a: Dragonite|Earthquake|p1a: Weavile
|-crit|p1a: Weavile
|-damage|p1a: Weavile|0 fnt
|faint|p1a: Weavile
|
|upkeep
|l|☆chaomei_shen
|inactive|chaomei_shen disconnected and has a minute to reconnect!
|player|p2|
|
|t:|1760416486
|switch|p1a: Gholdengo|Gholdengo|100/100
|turn|7
|j|☆chaomei_shen
|inactive|chaomei_shen reconnected and has 135 seconds left.
|player|p2|chaomei_shen|266|
|
|t:|1760416507
|move|p1a: Gholdengo|Trick|p2a: Dragonite
|-activate|p1a: Gholdengo|move: Trick|[of] p2a: Dragonite
|-item|p2a: Dragonite|Choice Scarf|[from] move: Trick
|-item|p1a: Gholdengo|Choice Band|[from] move: Trick
|move|p2a: Dragonite|Earthquake|p1a: Gholdengo
|-supereffective|p1a: Gholdengo
|-damage|p1a: Gholdengo|15/100
|
|upkeep
|turn|8
|
|t:|1760416516
|move|p2a: Dragonite|Earthquake|p1a: Gholdengo
|-supereffective|p1a: Gholdengo
|-damage|p1a: Gholdengo|0 fnt
|faint|p1a: Gholdengo
|
|upkeep
|
|t:|1760416523
|switch|p1a: Iron Valiant|Iron Valiant|100/100
|-enditem|p1a: Iron Valiant|Booster Energy
|-activate|p1a: Iron Valiant|ability: Quark Drive|[fromitem]
|-start|p1a: Iron Valiant|quarkdrivespe
|turn|9
|
|t:|1760416529
|switch|p2a: Hatterene|Hatterene, F|100/100
|move|p1a: Iron Valiant|Swords Dance|p1a: Iron Valiant
|-boost|p1a: Iron Valiant|atk|2
|
|upkeep
|turn|10
|
|t:|1760416536
|move|p1a: Iron Valiant|Knock Off|p2a: Hatterene
|-crit|p2a: Hatterene
|-damage|p2a: Hatterene|3/100
|-enditem|p2a: Hatterene|Assault Vest|[from] move: Knock Off|[of] p1a: Iron Valiant
|move|p2a: Hatterene|Nuzzle|p1a: Iron Valiant
|-damage|p1a: Iron Valiant|95/100
|-status|p1a: Iron Valiant|par
|
|upkeep
|turn|11
|
|t:|1760416544
|move|p1a: Iron Valiant|Moonblast|p2a: Hatterene
|-damage|p2a: Hatterene|0 fnt
|faint|p2a: Hatterene
|
|upkeep
|
|t:|1760416551
|switch|p2a: Great Tusk|Great Tusk|100/100
|turn|12
|
|t:|1760416555
|move|p2a: Great Tusk|Headlong Rush|p1a: Iron Valiant
|-damage|p1a: Iron Valiant|13/100 par
|-unboost|p2a: Great Tusk|def|1
|-unboost|p2a: Great Tusk|spd|1
|move|p1a: Iron Valiant|Moonblast|p2a: Great Tusk
|-supereffective|p2a: Great Tusk
|-damage|p2a: Great Tusk|0 fnt
|faint|p2a: Great Tusk
|-end|p2a: Great Tusk|Protosynthesis|[silent]
|
|upkeep
|
|t:|1760416560
|switch|p2a: Dragonite|Dragonite, M, tera:Normal|90/100
|turn|13
|
|t:|1760416567
|move|p2a: Dragonite|Earthquake|p1a: Iron Valiant
|-damage|p1a: Iron Valiant|0 fnt
|faint|p1a: Iron Valiant
|-end|p1a: Iron Valiant|Quark Drive|[silent]
|
|upkeep
|
|t:|1760416572
|switch|p1a: Volcanion|Volcanion|100/100
|turn|14
|
|t:|1760416578
|-terastallize|p1a: Volcanion|Ground
|move|p2a: Dragonite|Earthquake|p1a: Volcanion
|-damage|p1a: Volcanion|64/100
|move|p1a: Volcanion|Steam Eruption|p2a: Dragonite
|-damage|p2a: Dragonite|0 fnt
|faint|p2a: Dragonite
|
|upkeep
|
|t:|1760416584
|switch|p2a: Ting-Lu|Ting-Lu|100/100
|-ability|p2a: Ting-Lu|Vessel of Ruin
|turn|15
|
|t:|1760416591
|move|p1a: Volcanion|Steam Eruption|p2a: Ting-Lu
|-supereffective|p2a: Ting-Lu
|-damage|p2a: Ting-Lu|12/100
|move|p2a: Ting-Lu|Earthquake|p1a: Volcanion
|-damage|p1a: Volcanion|27/100
|
|-heal|p2a: Ting-Lu|18/100|[from] item: Leftovers
|upkeep
|turn|16
|
|t:|1760416600
|move|p1a: Volcanion|Steam Eruption|p2a: Ting-Lu
|-supereffective|p2a: Ting-Lu
|-damage|p2a: Ting-Lu|0 fnt
|faint|p2a: Ting-Lu
|
|upkeep
|
|t:|1760416602
|switch|p2a: Raging Bolt|Raging Bolt|60/100
|turn|17
|
|t:|1760416608
|switch|p1a: Raging Bolt|Raging Bolt|100/100
|-enditem|p1a: Raging Bolt|Booster Energy
|-activate|p1a: Raging Bolt|ability: Protosynthesis|[fromitem]
|-start|p1a: Raging Bolt|protosynthesisspa
|move|p2a: Raging Bolt|Draco Meteor|p1a: Raging Bolt|[miss]
|-miss|p2a: Raging Bolt|p1a: Raging Bolt
|
|upkeep
|turn|18
|
|t:|1760416617
|move|p1a: Raging Bolt|Dragon Pulse|p2a: Raging Bolt
|-supereffective|p2a: Raging Bolt
|-damage|p2a: Raging Bolt|0 fnt
|faint|p2a: Raging Bolt
|-end|p2a: Raging Bolt|Protosynthesis|[silent]
|
|win|Pyrax69
|raw|Pyrax69's rating: 1471 &rarr; <strong>1492</strong><br />(+21 for winning)
|raw|chaomei_shen's rating: 1497 &rarr; <strong>1476</strong><br />(-21 for losing)
|l|☆chaomei_shen
|player|p2|
|l|☆Pyrax69
|player|p1|
