|j|☆Cenotaphs
|j|☆RogerBuster
|t:|1760402269
|gametype|singles
|player|p1|Cenotaphs|marley|1408
|player|p2|RogerBuster|winona|1410
|gen|9
|tier|[Gen 9] OU
|rated|
|rule|HP Percentage Mod: HP is shown in percentages
|rule|Endless Battle Clause: Forcing endless battles is banned
|rule|Species Clause: Limit one of each Pokémon
|rule|OHKO Clause: OHKO moves are banned
|rule|Evasion Items Clause: Evasion items are banned
|rule|Evasion Moves Clause: Evasion moves are banned
|rule|Evasion Abilities Clause: Evasion abilities are banned
|rule|Sleep Moves Clause: Sleep-inducing moves are banned
|clearpoke
|poke|p1|Torkoal, M|
|poke|p1|Hatterene, F|
|poke|p1|Cresselia, F|
|poke|p1|Walking Wake|
|poke|p1|Zamazenta-*|
|poke|p1|Ursaluna, M|
|poke|p2|Abomasnow, M|
|poke|p2|Cloyster, M|
|poke|p2|Talonflame, M|
|poke|p2|Electrode-Hisui|
|poke|p2|Muk-Alola, M|
|poke|p2|Thundurus-Therian, M|
|teampreview
|inactive|Battle timer is ON: inactive players will automatically lose when time's up. (requested by RogerBuster)
|inactive|Cenotaphs also wants the timer to be on.
|
|t:|1760402287
|teamsize|p1|6
|teamsize|p2|6
|start
|switch|p1a: Hatterene|Hatterene, F|100/100
|switch|p2a: Talonflame|Talonflame, M|100/100
|turn|1
|
|t:|1760402294
|move|p2a: Talonflame|U-turn|p1a: Hatterene
|-damage|p1a: Hatterene|89/100
|
|t:|1760402296
|switch|p2a: Thundurus|Thundurus-Therian, M|100/100|[from] U-turn
|move|p1a: Hatterene|Trick Room|p1a: Hatterene
|-fieldstart|move: Trick Room|[of] p1a: Hatterene
|
|upkeep
|turn|2
|
|t:|1760402310
|switch|p1a: Ursaluna|Ursaluna, M, shiny|100/100
|move|p2a: Thundurus|Thunderbolt|p1a: Ursaluna
|-immune|p1a: Ursaluna
|
|-status|p1a: Ursaluna|brn|[from] item: Flame Orb
|upkeep
|turn|3
|
|t:|1760402327
|switch|p2a: Abomasnow|Abomasnow, M|100/100
|-weather|Snowscape|[from] ability: Snow Warning|[of] p2a: Abomasnow
|move|p1a: Ursaluna|Facade|p2a: Abomasnow
|-damage|p2a: Abomasnow|9/100
|
|-weather|Snowscape|[upkeep]
|-damage|p1a: Ursaluna|94/100 brn|[from] brn
|upkeep
|turn|4
|
|t:|1760402335
|move|p2a: Abomasnow|Ice Shard|p1a: Ursaluna
|-supereffective|p1a: Ursaluna
|-damage|p1a: Ursaluna|76/100 brn
|move|p1a: Ursaluna|Facade|p2a: Abomasnow
|-damage|p2a: Abomasnow|0 fnt
|faint|p2a: Abomasnow
|
|-weather|Snowscape|[upkeep]
|-damage|p1a: Ursaluna|69/100 brn|[from] brn
|upkeep
|
|t:|1760402343
|switch|p2a: Cloyster|Cloyster, M|100/100
|turn|5
|
|t:|1760402345
|move|p1a: Ursaluna|Facade|p2a: Cloyster
|-damage|p2a: Cloyster|32/100
|move|p2a: Cloyster|Shell Smash|p2a: Cloyster
|-unboost|p2a: Cloyster|def|1
|-unboost|p2a: Cloyster|spd|1
|-boost|p2a: Cloyster|atk|2
|-boost|p2a: Cloyster|spa|2
|-boost|p2a: Cloyster|spe|2
|-enditem|p2a: Cloyster|White Herb
|-clearnegativeboost|p2a: Cloyster|[silent]
|
|-weather|Snowscape|[upkeep]
|-damage|p1a: Ursaluna|63/100 brn|[from] brn
|-fieldend|move: Trick Room
|upkeep
|turn|6
|
|t:|1760402365
|-terastallize|p2a: Cloyster|Ice
|move|p2a: Cloyster|Icicle Spear|p1a: Ursaluna
|-supereffective|p1a: Ursaluna
|-damage|p1a: Ursaluna|18/100 brn
|-supereffective|p1a: Ursaluna
|-damage|p1a: Ursaluna|0 fnt
|faint|p1a: Ursaluna
|-hitcount|p1: Ursaluna|2
|
|-weather|Snowscape|[upkeep]
|upkeep
|
|t:|1760402368
|switch|p1a: Cresselia|Cresselia, F, shiny|100/100
|turn|7
|
|t:|1760402374
|move|p2a: Cloyster|Icicle Spear|p1a: Cresselia
|-damage|p1a: Cresselia|84/100
|-damage|p1a: Cresselia|68/100
|-damage|p1a: Cresselia|51/100
|-damage|p1a: Cresselia|35/100
|-damage|p1a: Cresselia|17/100
|-hitcount|p1a: Cresselia|5
|move|p1a: Cresselia|Trick Room|p1a: Cresselia
|-fieldstart|move: Trick Room|[of] p1a: Cresselia
|
|-weather|none
|upkeep
|turn|8
|
|t:|1760402384
|switch|p2a: Muk|Muk-Alola, M|100/100
|move|p1a: Cresselia|Lunar Dance|p1a: Cresselia
|faint|p1a: Cresselia
|
|upkeep
|
|t:|1760402386
|switch|p1a: Torkoal|Torkoal, M, shiny|100/100
|-weather|SunnyDay|[from] ability: Drought|[of] p1a: Torkoal
|turn|9
|
|t:|1760402394
|switch|p2a: Talonflame|Talonflame, M|100/100
|move|p1a: Torkoal|Eruption|p2a: Talonflame
|-resisted|p2a: Talonflame
|-crit|p2a: Talonflame
|-damage|p2a: Talonflame|0 fnt
|faint|p2a: Talonflame
|
|-weather|SunnyDay|[upkeep]
|upkeep
|
|t:|1760402409
|switch|p2a: Muk|Muk-Alola, M|100/100
|turn|10
|
|t:|1760402414
|move|p2a: Muk|Shadow Sneak|p1a: Torkoal
|-damage|p1a: Torkoal|90/100
|move|p1a: Torkoal|Eruption|p2a: Muk
|-damage|p2a: Muk|28/100
|
|-weather|SunnyDay|[upkeep]
|upkeep
|turn|11
|
|t:|1760402421
|move|p2a: Muk|Shadow Sneak|p1a: Torkoal
|-damage|p1a: Torkoal|80/100
|-status|p1a: Torkoal|psn|[from] ability: Poison Touch|[of] p2a: Muk
|move|p1a: Torkoal|Eruption|p2a: Muk
|-damage|p2a: Muk|0 fnt
|faint|p2a: Muk
|
|-weather|SunnyDay|[upkeep]
|-damage|p1a: Torkoal|68/100 psn|[from] psn
|-fieldend|move: Trick Room
|upkeep
|
|t:|1760402434
|switch|p2a: Thundurus|Thundurus-Therian, M|100/100
|turn|12
|
|t:|1760402440
|switch|p1a: Walking Wake|Walking Wake|100/100
|-activate|p1a: Walking Wake|ability: Protosynthesis
|-start|p1a: Walking Wake|protosynthesisspe
|move|p2a: Thundurus|Nasty Plot|p2a: Thundurus
|-boost|p2a: Thundurus|spa|2
|
|-weather|SunnyDay|[upkeep]
|upkeep
|turn|13
|
|t:|1760402449
|move|p1a: Walking Wake|Hydro Steam|p2a: Thundurus
|-damage|p2a: Thundurus|4/100
|move|p2a: Thundurus|Thunderbolt|p1a: Walking Wake
|-damage|p1a: Walking Wake|0 fnt
|faint|p1a: Walking Wake
|-end|p1a: Walking Wake|Protosynthesis|[silent]
|
|-weather|none
|upkeep
|
|t:|1760402457
|switch|p1a: Hatterene|Hatterene, F|89/100
|-heal|p1a: Hatterene|100/100|[from] move: Lunar Dance
|turn|14
|
|t:|1760402460
|move|p2a: Thundurus|Thunderbolt|p1a: Hatterene
|-enditem|p1a: Hatterene|Focus Sash
|-damage|p1a: Hatterene|1/100
|move|p1a: Hatterene|Trick Room|p1a: Hatterene
|-fieldstart|move: Trick Room|[of] p1a: Hatterene
|
|upkeep
|turn|15
|
|t:|1760402467
|move|p1a: Hatterene|Healing Wish|p1a: Hatterene
|faint|p1a: Hatterene
|move|p2a: Thundurus|Thunderbolt|p1: Hatterene|[notarget]
|-fail|p2a: Thundurus
|
|upkeep
|
|t:|1760402469
|switch|p1a: Torkoal|Torkoal, M, shiny|68/100 psn
|-heal|p1a: Torkoal|100/100|[from] move: Healing Wish
|-weather|SunnyDay|[from] ability: Drought|[of] p1a: Torkoal
|turn|16
|
|t:|1760402476
|move|p1a: Torkoal|Eruption|p2a: Thundurus
|-damage|p2a: Thundurus|0 fnt
|faint|p2a: Thundurus
|
|-weather|SunnyDay|[upkeep]
|upkeep
|
|t:|1760402482
|switch|p2a: Cloyster|Cloyster, M, tera:Ice|32/100
|turn|17
|
|t:|1760402486
|move|p1a: Torkoal|Eruption|p2a: Cloyster
|-supereffective|p2a: Cloyster
|-damage|p2a: Cloyster|0 fnt
|faint|p2a: Cloyster
|
|-weather|SunnyDay|[upkeep]
|upkeep
|
|t:|1760402491
|switch|p2a: Electrode|Electrode-Hisui|100/100
|turn|18
|
|t:|1760402494
|move|p1a: Torkoal|Eruption|p2a: Electrode
|-supereffective|p2a: Electrode
|-damage|p2a: Electrode|0 fnt
|faint|p2a: Electrode
|
|win|Cenotaphs
|raw|Cenotaphs's rating: 1408 &rarr; <strong>1428</strong><br />(+20 for winning)
|raw|RogerBuster's rating: 1410 &rarr; <strong>1390</strong><br />(-20 for losing)
|c|☆RogerBuster|gg
|l|☆Cenotaphs
|player|p1|
|l|☆RogerBuster
|player|p2|
