|j|☆IkarisDikaris
|j|☆Myadetectiveroyal
|t:|1760395523
|gametype|singles
|player|p1|IkarisDikaris|red|1163
|player|p2|Myadetectiveroyal|picnicker|1228
|gen|9
|tier|[Gen 9] OU
|rated|
|rule|HP Percentage Mod: HP is shown in percentages
|rule|Endless Battle Clause: Forcing endless battles is banned
|rule|Species Clause: Limit one of each Pokémon
|rule|OHKO Clause: OHKO moves are banned
|rule|Evasion Items Clause: Evasion items are banned
|rule|Evasion Moves Clause: Evasion moves are banned
|rule|Evasion Abilities Clause: Evasion abilities are banned
|rule|Sleep Moves Clause: Sleep-inducing moves are banned
|clearpoke
|poke|p1|Cinderace, M|
|poke|p1|Deoxys-Speed|
|poke|p1|Enamorus, F|
|poke|p1|Gliscor, F|
|poke|p1|Great Tusk|
|poke|p1|Gholdengo|
|poke|p2|Sandslash, F|
|poke|p2|Tyranitar, F|
|poke|p2|Houndstone, M|
|poke|p2|Corviknight, F|
|poke|p2|Hydrapple, M|
|poke|p2|Fezandipiti, M|
|teampreview
|c|☆IkarisDikaris|glhf king
|inactive|Battle timer is ON: inactive players will automatically lose when time's up. (requested by Myadetectiveroyal)
|
|t:|1760395542
|teamsize|p1|6
|teamsize|p2|6
|start
|switch|p1a: Deoxys|Deoxys-Speed|100/100
|switch|p2a: Tyrakaiju|Tyranitar, F|100/100
|-ability|p1a: Deoxys|Pressure
|-weather|Sandstorm|[from] ability: Sand Stream|[of] p2a: Tyrakaiju
|turn|1
|
|t:|1760395556
|switch|p2a: Piaf sasuke|Corviknight, F|100/100
|-ability|p2a: Piaf sasuke|Unnerve
|move|p1a: Deoxys|Stealth Rock|p2a: Piaf sasuke
|-sidestart|p2: Myadetectiveroyal|move: Stealth Rock
|
|-weather|Sandstorm|[upkeep]
|-damage|p1a: Deoxys|94/100|[from] Sandstorm
|upkeep
|turn|2
|
|t:|1760395565
|move|p1a: Deoxys|Taunt|p2a: Piaf sasuke
|-start|p2a: Piaf sasuke|move: Taunt
|move|p2a: Piaf sasuke|U-turn|p1a: Deoxys
|-supereffective|p1a: Deoxys
|-damage|p1a: Deoxys|61/100
|
|t:|1760395581
|switch|p2a: Sacrifice inutile|Houndstone, M|100/100|[from] U-turn
|-damage|p2a: Sacrifice inutile|88/100|[from] Stealth Rock
|
|-weather|Sandstorm|[upkeep]
|-damage|p1a: Deoxys|55/100|[from] Sandstorm
|upkeep
|turn|3
|
|t:|1760395589
|move|p1a: Deoxys|Spikes|p2a: Sacrifice inutile
|-sidestart|p2: Myadetectiveroyal|Spikes
|move|p2a: Sacrifice inutile|Poltergeist|p1a: Deoxys
|-activate|p1a: Deoxys|move: Poltergeist|Focus Sash
|-supereffective|p1a: Deoxys
|-damage|p1a: Deoxys|0 fnt
|faint|p1a: Deoxys
|
|-weather|Sandstorm|[upkeep]
|upkeep
|
|t:|1760395595
|switch|p1a: Gliscor|Gliscor, F|100/100
|turn|4
|
|t:|1760395602
|move|p2a: Sacrifice inutile|Poltergeist|p1a: Gliscor
|-activate|p1a: Gliscor|move: Poltergeist|Toxic Orb
|-damage|p1a: Gliscor|42/100
|move|p1a: Gliscor|Knock Off|p2a: Sacrifice inutile
|-supereffective|p2a: Sacrifice inutile
|-damage|p2a: Sacrifice inutile|22/100
|-enditem|p2a: Sacrifice inutile|Choice Band|[from] move: Knock Off|[of] p1a: Gliscor
|
|-weather|Sandstorm|[upkeep]
|-status|p1a: Gliscor|tox|[from] item: Toxic Orb
|upkeep
|turn|5
|
|t:|1760395612
|-terastallize|p2a: Sacrifice inutile|Ghost
|move|p1a: Gliscor|Protect|p1a: Gliscor
|-singleturn|p1a: Gliscor|Protect
|move|p2a: Sacrifice inutile|Poltergeist|p1a: Gliscor
|-activate|p1a: Gliscor|move: Protect
|
|-weather|Sandstorm|[upkeep]
|-heal|p1a: Gliscor|54/100 tox|[from] ability: Poison Heal
|upkeep
|turn|6
|
|t:|1760395629
|switch|p1a: Great Tusk|Great Tusk|100/100
|-enditem|p1a: Great Tusk|Booster Energy
|-activate|p1a: Great Tusk|ability: Protosynthesis|[fromitem]
|-start|p1a: Great Tusk|protosynthesisatk
|move|p2a: Sacrifice inutile|Poltergeist||[still]
|-fail|p2a: Sacrifice inutile
|
|-weather|Sandstorm|[upkeep]
|upkeep
|turn|7
|
|t:|1760395637
|move|p2a: Sacrifice inutile|Destiny Bond|p2a: Sacrifice inutile
|-singlemove|p2a: Sacrifice inutile|Destiny Bond
|move|p1a: Great Tusk|Headlong Rush|p2a: Sacrifice inutile
|-damage|p2a: Sacrifice inutile|0 fnt
|-unboost|p1a: Great Tusk|def|1
|-unboost|p1a: Great Tusk|spd|1
|faint|p2a: Sacrifice inutile
|-activate|p2a: Sacrifice inutile|move: Destiny Bond
|faint|p1a: Great Tusk
|-end|p1a: Great Tusk|Protosynthesis|[silent]
|
|-weather|Sandstorm|[upkeep]
|upkeep
|
|t:|1760395655
|switch|p2a: Frozis|Fezandipiti, M|100/100
|switch|p1a: Gliscor|Gliscor, F|54/100 tox
|turn|8
|
|t:|1760395663
|move|p2a: Frozis|U-turn|p1a: Gliscor
|-resisted|p1a: Gliscor
|-damage|p1a: Gliscor|49/100 tox
|
|t:|1760395667
|switch|p2a: Piaf sasuke|Corviknight, F|100/100|[from] U-turn
|-ability|p2a: Piaf sasuke|Unnerve
|-damage|p2a: Piaf sasuke|88/100|[from] Stealth Rock
|move|p1a: Gliscor|Earthquake|p2a: Piaf sasuke
|-immune|p2a: Piaf sasuke
|
|-weather|none
|-heal|p2a: Piaf sasuke|94/100|[from] item: Leftovers
|-heal|p1a: Gliscor|61/100 tox|[from] ability: Poison Heal
|upkeep
|turn|9
|
|t:|1760395679
|move|p1a: Gliscor|Knock Off|p2a: Piaf sasuke
|-damage|p2a: Piaf sasuke|76/100
|-enditem|p2a: Piaf sasuke|Leftovers|[from] move: Knock Off|[of] p1a: Gliscor
|move|p2a: Piaf sasuke|U-turn|p1a: Gliscor
|-resisted|p1a: Gliscor
|-damage|p1a: Gliscor|55/100 tox
|
|t:|1760395688
|switch|p2a: Hydre pomme|Hydrapple, M|100/100|[from] U-turn
|
|-heal|p1a: Gliscor|68/100 tox|[from] ability: Poison Heal
|upkeep
|turn|10
|
|t:|1760395697
|switch|p1a: Cinderace|Cinderace, M|100/100
|move|p2a: Hydre pomme|Fickle Beam|p1a: Cinderace
|-damage|p1a: Cinderace|55/100
|
|upkeep
|turn|11
|
|t:|1760395705
|move|p1a: Cinderace|Pyro Ball|p2a: Hydre pomme
|-damage|p2a: Hydre pomme|70/100
|move|p2a: Hydre pomme|Fickle Beam|p1a: Cinderace
|-damage|p1a: Cinderace|4/100
|
|upkeep
|turn|12
|
|t:|1760395715
|move|p1a: Cinderace|U-turn|p2a: Hydre pomme
|-start|p1a: Cinderace|typechange|Bug|[from] ability: Libero
|-supereffective|p2a: Hydre pomme
|-damage|p2a: Hydre pomme|30/100
|
|t:|1760395718
|switch|p1a: Enamorus|Enamorus, F|100/100|[from] U-turn
|move|p2a: Hydre pomme|Fickle Beam|p1a: Enamorus
|-immune|p1a: Enamorus
|
|upkeep
|turn|13
|
|t:|1760395725
|switch|p2a: Frozis|Fezandipiti, M|100/100
|-terastallize|p1a: Enamorus|Stellar
|move|p1a: Enamorus|Tera Blast|p2a: Frozis|[anim] Tera Blast Stellar
|-damage|p2a: Frozis|50/100
|-boost|p1a: Enamorus|atk|1
|-boost|p1a: Enamorus|spa|1
|
|upkeep
|turn|14
|
|t:|1760395736
|move|p1a: Enamorus|Tera Blast|p2a: Frozis|[anim] Tera Blast Stellar
|-damage|p2a: Frozis|0 fnt
|-boost|p1a: Enamorus|atk|1
|-boost|p1a: Enamorus|spa|1
|faint|p2a: Frozis
|
|upkeep
|
|t:|1760395743
|switch|p2a: Tyrakaiju|Tyranitar, F|100/100
|-damage|p2a: Tyrakaiju|88/100|[from] Stealth Rock
|-damage|p2a: Tyrakaiju|76/100|[from] Spikes
|-weather|Sandstorm|[from] ability: Sand Stream|[of] p2a: Tyrakaiju
|turn|15
|
|t:|1760395762
|switch|p2a: Hydre pomme|Hydrapple, M|63/100
|move|p1a: Enamorus|Tera Blast|p2a: Hydre pomme|[anim] Tera Blast Stellar
|-damage|p2a: Hydre pomme|0 fnt
|-boost|p1a: Enamorus|atk|1
|-boost|p1a: Enamorus|spa|1
|faint|p2a: Hydre pomme
|
|-weather|Sandstorm|[upkeep]
|-damage|p1a: Enamorus|94/100|[from] Sandstorm
|upkeep
|
|t:|1760395772
|switch|p2a: Sandaslash|Sandslash, F|100/100
|-damage|p2a: Sandaslash|94/100|[from] Stealth Rock
|-damage|p2a: Sandaslash|82/100|[from] Spikes
|turn|16
|
|t:|1760395779
|move|p2a: Sandaslash|Stone Edge|p1a: Enamorus
|-supereffective|p1a: Enamorus
|-damage|p1a: Enamorus|0 fnt
|faint|p1a: Enamorus
|-damage|p2a: Sandaslash|72/100|[from] item: Life Orb
|
|-weather|Sandstorm|[upkeep]
|upkeep
|
|t:|1760395788
|switch|p1a: Gholdengo|Gholdengo|100/100
|turn|17
|
|t:|1760395793
|move|p2a: Sandaslash|Earthquake|p1a: Gholdengo
|-supereffective|p1a: Gholdengo
|-damage|p1a: Gholdengo|0 fnt
|faint|p1a: Gholdengo
|-damage|p2a: Sandaslash|62/100|[from] item: Life Orb
|
|-weather|Sandstorm|[upkeep]
|upkeep
|
|t:|1760395796
|switch|p1a: Gliscor|Gliscor, F|68/100 tox
|turn|18
|
|t:|1760395802
|move|p2a: Sandaslash|Swords Dance|p2a: Sandaslash
|-boost|p2a: Sandaslash|atk|2
|move|p1a: Gliscor|Knock Off|p2a: Sandaslash
|-damage|p2a: Sandaslash|29/100
|-enditem|p2a: Sandaslash|Life Orb|[from] move: Knock Off|[of] p1a: Gliscor
|
|-weather|Sandstorm|[upkeep]
|-heal|p1a: Gliscor|80/100 tox|[from] ability: Poison Heal
|upkeep
|turn|19
|
|t:|1760395812
|move|p2a: Sandaslash|Stone Edge|p1a: Gliscor
|-damage|p1a: Gliscor|26/100 tox
|move|p1a: Gliscor|Earthquake|p2a: Sandaslash
|-damage|p2a: Sandaslash|0 fnt
|faint|p2a: Sandaslash
|
|-weather|Sandstorm|[upkeep]
|-heal|p1a: Gliscor|39/100 tox|[from] ability: Poison Heal
|upkeep
|
|t:|1760395820
|switch|p2a: Tyrakaiju|Tyranitar, F|76/100
|-damage|p2a: Tyrakaiju|63/100|[from] Stealth Rock
|-damage|p2a: Tyrakaiju|51/100|[from] Spikes
|turn|20
|
|t:|1760395827
|move|p1a: Gliscor|Earthquake|p2a: Tyrakaiju
|-supereffective|p2a: Tyrakaiju
|-damage|p2a: Tyrakaiju|0 fnt
|faint|p2a: Tyrakaiju
|
|-weather|Sandstorm|[upkeep]
|-heal|p1a: Gliscor|51/100 tox|[from] ability: Poison Heal
|upkeep
|
|t:|1760395834
|switch|p2a: Piaf sasuke|Corviknight, F|76/100
|-ability|p2a: Piaf sasuke|Unnerve
|-damage|p2a: Piaf sasuke|63/100|[from] Stealth Rock
|turn|21
|
|t:|1760395841
|move|p1a: Gliscor|Knock Off|p2a: Piaf sasuke
|-damage|p2a: Piaf sasuke|51/100
|move|p2a: Piaf sasuke|Roost|p2a: Piaf sasuke
|-heal|p2a: Piaf sasuke|100/100
|-singleturn|p2a: Piaf sasuke|move: Roost
|
|-weather|Sandstorm|[upkeep]
|-heal|p1a: Gliscor|63/100 tox|[from] ability: Poison Heal
|upkeep
|turn|22
|c|☆Myadetectiveroyal|Gg
|-message|Myadetectiveroyal forfeited.
|
|win|IkarisDikaris
|raw|IkarisDikaris's rating: 1163 &rarr; <strong>1193</strong><br />(+30 for winning)
|raw|Myadetectiveroyal's rating: 1228 &rarr; <strong>1198</strong><br />(-30 for losing)
|l|☆Myadetectiveroyal
|player|p2|
|c|☆IkarisDikaris|g
|c|☆IkarisDikaris|g
|l|☆IkarisDikaris
|player|p1|
