|inactive|Battle timer is ON: inactive players will automatically lose when time's up.
|t:|1760303630
|gametype|singles
|player|p1|ATTRIBUTE|#scl5spartans|
|player|p2|3d|#scl5shoguns|
|gen|9
|tier|[Gen 9] OU
|rule|HP Percentage Mod: HP is shown in percentages
|rule|Endless Battle Clause: Forcing endless battles is banned
|rule|Species Clause: Limit one of each Pokémon
|rule|OHKO Clause: OHKO moves are banned
|rule|Evasion Items Clause: Evasion items are banned
|rule|Evasion Moves Clause: Evasion moves are banned
|rule|Evasion Abilities Clause: Evasion abilities are banned
|rule|Sleep Moves Clause: Sleep-inducing moves are banned
|clearpoke
|poke|p1|Dragonite, F|
|poke|p1|Gholdengo|
|poke|p1|Volcanion|
|poke|p1|Darkrai|
|poke|p1|Ting-Lu|
|poke|p1|Enamorus, F|
|poke|p2|Moltres|
|poke|p2|Pecharunt|
|poke|p2|Tyranitar, F|
|poke|p2|Excadrill, F|
|poke|p2|Rotom-Wash|
|poke|p2|Zamazenta-*|
|teampreview
|inactive|ATTRIBUTE also wants the timer to be on.
|c|☆3d|hf
|c|☆ATTRIBUTE|hf
|rated|Smogon Champions League
|inactive|ATTRIBUTE has 270 seconds left.
|inactive|3d has 270 seconds left.
|inactive|ATTRIBUTE has 240 seconds left.
|inactive|3d has 240 seconds left.
|inactive|3d has 210 seconds left.
|inactive|3d has 180 seconds left.
|inactive|3d has 150 seconds left.
|
|t:|1760303788
|teamsize|p1|6
|teamsize|p2|6
|start
|switch|p1a: so much to be|Darkrai|100/100
|switch|p2a: Rotom|Rotom-Wash|100/100
|turn|1
|inactive|3d has 210 seconds left.
|
|t:|1760303807
|switch|p2a: Zamazenta|Zamazenta|100/100
|-ability|p2a: Zamazenta|Dauntless Shield|boost
|-boost|p2a: Zamazenta|def|1
|move|p1a: so much to be|Dark Pulse|p2a: Zamazenta
|-resisted|p2a: Zamazenta
|-damage|p2a: Zamazenta|81/100
|
|upkeep
|turn|2
|inactive|ATTRIBUTE has 270 seconds left.
|inactive|3d has 180 seconds left.
|inactive|ATTRIBUTE has 240 seconds left.
|inactive|3d has 150 seconds left.
|
|t:|1760303893
|move|p2a: Zamazenta|Body Press|p1a: so much to be
|-supereffective|p1a: so much to be
|-damage|p1a: so much to be|0 fnt
|faint|p1a: so much to be
|
|upkeep
|
|t:|1760303900
|switch|p1a: never seek|Volcanion|100/100
|turn|3
|inactive|3d has 120 seconds left.
|
|t:|1760303928
|move|p2a: Zamazenta|Body Press|p1a: never seek
|-damage|p1a: never seek|53/100
|move|p1a: never seek|Steam Eruption|p2a: Zamazenta
|-damage|p2a: Zamazenta|29/100
|
|upkeep
|turn|4
|inactive|3d has 120 seconds left.
|
|t:|1760303954
|switch|p1a: as to console|Enamorus, F|100/100
|move|p2a: Zamazenta|Body Press|p1a: as to console
|-resisted|p1a: as to console
|-damage|p1a: as to console|80/100
|
|upkeep
|turn|5
|
|t:|1760303968
|switch|p1a: never seek|Volcanion|53/100
|move|p2a: Zamazenta|Body Press|p1a: never seek
|-damage|p1a: never seek|3/100
|
|upkeep
|turn|6
|
|t:|1760303976
|switch|p1a: as to console|Enamorus, F|80/100
|move|p2a: Zamazenta|Rest|p2a: Zamazenta
|-status|p2a: Zamazenta|slp|[from] move: Rest
|-heal|p2a: Zamazenta|100/100 slp|[silent]
|-enditem|p2a: Zamazenta|Chesto Berry|[eat]
|-curestatus|p2a: Zamazenta|slp|[msg]
|
|upkeep
|turn|7
|
|t:|1760303993
|switch|p2a: Tyranitar|Tyranitar, F|100/100
|-weather|Sandstorm|[from] ability: Sand Stream|[of] p2a: Tyranitar
|switch|p1a: never seek|Volcanion|3/100
|
|-weather|Sandstorm|[upkeep]
|-damage|p1a: never seek|0 fnt|[from] Sandstorm
|faint|p1a: never seek
|upkeep
|
|t:|1760303998
|switch|p1a: consoled|Ting-Lu|100/100
|-ability|p1a: consoled|Vessel of Ruin
|turn|8
|
|t:|1760304009
|move|p2a: Tyranitar|Knock Off|p1a: consoled
|-resisted|p1a: consoled
|-damage|p1a: consoled|88/100
|-damage|p2a: Tyranitar|84/100|[from] item: Rocky Helmet|[of] p1a: consoled
|-enditem|p1a: consoled|Rocky Helmet|[from] move: Knock Off|[of] p2a: Tyranitar
|move|p1a: consoled|Ruination|p2a: Tyranitar
|-damage|p2a: Tyranitar|42/100
|
|-weather|Sandstorm|[upkeep]
|upkeep
|turn|9
|
|t:|1760304017
|move|p2a: Tyranitar|Stealth Rock|p1a: consoled
|-sidestart|p1: ATTRIBUTE|move: Stealth Rock
|move|p1a: consoled|Stealth Rock|p2a: Tyranitar
|-sidestart|p2: 3d|move: Stealth Rock
|
|-weather|Sandstorm|[upkeep]
|upkeep
|turn|10
|inactive|3d has 90 seconds left.
|
|t:|1760304050
|switch|p2a: Zamazenta|Zamazenta|100/100
|-damage|p2a: Zamazenta|94/100|[from] Stealth Rock
|move|p1a: consoled|Ruination|p2a: Zamazenta
|-damage|p2a: Zamazenta|48/100
|
|-weather|Sandstorm|[upkeep]
|-damage|p2a: Zamazenta|42/100|[from] Sandstorm
|upkeep
|turn|11
|inactive|3d has 90 seconds left.
|
|t:|1760304066
|switch|p1a: as to console|Enamorus, F|80/100
|move|p2a: Zamazenta|Body Press|p1a: as to console
|-resisted|p1a: as to console
|-damage|p1a: as to console|67/100
|
|-weather|none
|upkeep
|turn|12
|inactive|3d has 90 seconds left.
|
|t:|1760304093
|switch|p2a: If I Ruled DaWorld|Moltres|100/100
|switch|p1a: that i may|Gholdengo|100/100
|-damage|p1a: that i may|94/100|[from] Stealth Rock
|
|upkeep
|turn|13
|
|t:|1760304103
|move|p1a: that i may|Make It Rain|p2a: If I Ruled DaWorld
|-resisted|p2a: If I Ruled DaWorld
|-damage|p2a: If I Ruled DaWorld|76/100
|-unboost|p1a: that i may|spa|1
|move|p2a: If I Ruled DaWorld|Flamethrower|p1a: that i may
|-supereffective|p1a: that i may
|-damage|p1a: that i may|7/100
|
|upkeep
|turn|14
|
|t:|1760304116
|switch|p1a: consoled|Ting-Lu|88/100
|-damage|p1a: consoled|82/100|[from] Stealth Rock
|-ability|p1a: consoled|Vessel of Ruin
|move|p2a: If I Ruled DaWorld|Roost|p2a: If I Ruled DaWorld
|-heal|p2a: If I Ruled DaWorld|100/100
|-singleturn|p2a: If I Ruled DaWorld|move: Roost
|
|upkeep
|turn|15
|
|t:|1760304131
|move|p2a: If I Ruled DaWorld|U-turn|p1a: consoled
|-supereffective|p1a: consoled
|-damage|p1a: consoled|68/100
|
|t:|1760304140
|switch|p2a: Zamazenta|Zamazenta|42/100|[from] U-turn
|-damage|p2a: Zamazenta|35/100|[from] Stealth Rock
|move|p1a: consoled|Ruination|p2a: Zamazenta
|-damage|p2a: Zamazenta|18/100
|
|upkeep
|turn|16
|
|t:|1760304148
|switch|p1a: as to console|Enamorus, F|67/100
|move|p2a: Zamazenta|Body Press|p1a: as to console
|-resisted|p1a: as to console
|-damage|p1a: as to console|54/100
|
|upkeep
|turn|17
|
|t:|1760304151
|switch|p2a: If I Ruled DaWorld|Moltres|100/100
|move|p1a: as to console|Moonblast|p2a: If I Ruled DaWorld
|-resisted|p2a: If I Ruled DaWorld
|-damage|p2a: If I Ruled DaWorld|82/100
|-unboost|p2a: If I Ruled DaWorld|spa|1
|
|upkeep
|turn|18
|
|t:|1760304155
|move|p1a: as to console|Moonblast|p2a: If I Ruled DaWorld
|-resisted|p2a: If I Ruled DaWorld
|-damage|p2a: If I Ruled DaWorld|63/100
|move|p2a: If I Ruled DaWorld|Flamethrower|p1a: as to console
|-damage|p1a: as to console|17/100
|
|upkeep
|turn|19
|
|t:|1760304158
|move|p1a: as to console|Taunt|p2a: If I Ruled DaWorld
|-start|p2a: If I Ruled DaWorld|move: Taunt
|cant|p2a: If I Ruled DaWorld|move: Taunt|Roost
|
|upkeep
|turn|20
|
|t:|1760304180
|move|p1a: as to console|Healing Wish|p1a: as to console
|faint|p1a: as to console
|move|p2a: If I Ruled DaWorld|Flamethrower|p1: as to console|[notarget]
|-fail|p2a: If I Ruled DaWorld
|
|upkeep
|
|t:|1760304183
|switch|p1a: that i may|Gholdengo|7/100
|-heal|p1a: that i may|100/100|[from] move: Healing Wish
|-damage|p1a: that i may|94/100|[from] Stealth Rock
|turn|21
|inactive|3d has 120 seconds left.
|
|t:|1760304220
|move|p1a: that i may|Shadow Ball|p2a: If I Ruled DaWorld
|-damage|p2a: If I Ruled DaWorld|34/100
|-unboost|p2a: If I Ruled DaWorld|spd|1
|move|p2a: If I Ruled DaWorld|Flamethrower|p1a: that i may
|-supereffective|p1a: that i may
|-damage|p1a: that i may|41/100
|
|-end|p2a: If I Ruled DaWorld|move: Taunt
|upkeep
|turn|22
|
|t:|1760304232
|switch|p1a: oh master grant|Dragonite, F|100/100
|switch|p2a: Tyranitar|Tyranitar, F|42/100
|-weather|Sandstorm|[from] ability: Sand Stream|[of] p2a: Tyranitar
|
|-weather|Sandstorm|[upkeep]
|-damage|p1a: oh master grant|94/100|[from] Sandstorm
|upkeep
|turn|23
|inactive|3d has 90 seconds left.
|
|t:|1760304255
|switch|p2a: Rotom|Rotom-Wash|100/100
|-damage|p2a: Rotom|88/100|[from] Stealth Rock
|move|p1a: oh master grant|Dragon Dance|p1a: oh master grant
|-boost|p1a: oh master grant|atk|1
|-boost|p1a: oh master grant|spe|1
|
|-weather|Sandstorm|[upkeep]
|-damage|p1a: oh master grant|88/100|[from] Sandstorm
|-damage|p2a: Rotom|82/100|[from] Sandstorm
|-heal|p2a: Rotom|88/100|[from] item: Leftovers
|upkeep
|turn|24
|
|t:|1760304260
|move|p1a: oh master grant|Dragon Dance|p1a: oh master grant
|-boost|p1a: oh master grant|atk|1
|-boost|p1a: oh master grant|spe|1
|move|p2a: Rotom|Will-O-Wisp|p1a: oh master grant
|-status|p1a: oh master grant|brn
|
|-weather|Sandstorm|[upkeep]
|-damage|p1a: oh master grant|82/100 brn|[from] Sandstorm
|-damage|p2a: Rotom|82/100|[from] Sandstorm
|-heal|p2a: Rotom|88/100|[from] item: Leftovers
|-damage|p1a: oh master grant|76/100 brn|[from] brn
|upkeep
|turn|25
|
|t:|1760304266
|move|p1a: oh master grant|Dragon Dance|p1a: oh master grant
|-boost|p1a: oh master grant|atk|1
|-boost|p1a: oh master grant|spe|1
|move|p2a: Rotom|Volt Switch|p1a: oh master grant
|-damage|p1a: oh master grant|52/100 brn
|
|t:|1760304280
|switch|p2a: Paperboy Enigma|Pecharunt|100/100|[from] Volt Switch
|
|-weather|Sandstorm|[upkeep]
|-damage|p1a: oh master grant|46/100 brn|[from] Sandstorm
|-damage|p2a: Paperboy Enigma|94/100|[from] Sandstorm
|-damage|p1a: oh master grant|40/100 brn|[from] brn
|upkeep
|turn|26
|
|t:|1760304283
|move|p1a: oh master grant|Roost|p1a: oh master grant
|-heal|p1a: oh master grant|90/100 brn
|-singleturn|p1a: oh master grant|move: Roost
|move|p2a: Paperboy Enigma|Hex|p1a: oh master grant
|-damage|p1a: oh master grant|56/100 brn
|
|-weather|none
|-damage|p1a: oh master grant|49/100 brn|[from] brn
|upkeep
|turn|27
|
|t:|1760304288
|move|p1a: oh master grant|Roost|p1a: oh master grant
|-heal|p1a: oh master grant|99/100 brn
|-singleturn|p1a: oh master grant|move: Roost
|move|p2a: Paperboy Enigma|Hex|p1a: oh master grant
|-damage|p1a: oh master grant|63/100 brn
|
|-damage|p1a: oh master grant|57/100 brn|[from] brn
|upkeep
|turn|28
|
|t:|1760304291
|move|p1a: oh master grant|Roost|p1a: oh master grant
|-heal|p1a: oh master grant|100/100 brn
|-singleturn|p1a: oh master grant|move: Roost
|move|p2a: Paperboy Enigma|Parting Shot|p1a: oh master grant
|-unboost|p1a: oh master grant|atk|1
|-unboost|p1a: oh master grant|spa|1
|
|t:|1760304300
|switch|p2a: Rotom|Rotom-Wash|88/100|[from] Parting Shot
|-damage|p2a: Rotom|75/100|[from] Stealth Rock
|
|-heal|p2a: Rotom|82/100|[from] item: Leftovers
|-damage|p1a: oh master grant|94/100 brn|[from] brn
|upkeep
|turn|29
|
|t:|1760304302
|move|p1a: oh master grant|Dragon Dance|p1a: oh master grant
|-boost|p1a: oh master grant|atk|1
|-boost|p1a: oh master grant|spe|1
|move|p2a: Rotom|Volt Switch|p1a: oh master grant
|-damage|p1a: oh master grant|70/100 brn
|
|t:|1760304308
|switch|p2a: Paperboy Enigma|Pecharunt|94/100|[from] Volt Switch
|
|-damage|p1a: oh master grant|64/100 brn|[from] brn
|upkeep
|turn|30
|
|t:|1760304316
|move|p1a: oh master grant|Dragon Dance|p1a: oh master grant
|-boost|p1a: oh master grant|atk|1
|-boost|p1a: oh master grant|spe|1
|move|p2a: Paperboy Enigma|Hex|p1a: oh master grant
|-damage|p1a: oh master grant|25/100 brn
|
|-damage|p1a: oh master grant|19/100 brn|[from] brn
|upkeep
|turn|31
|
|t:|1760304324
|move|p1a: oh master grant|Roost|p1a: oh master grant
|-heal|p1a: oh master grant|69/100 brn
|-singleturn|p1a: oh master grant|move: Roost
|move|p2a: Paperboy Enigma|Hex|p1a: oh master grant
|-damage|p1a: oh master grant|35/100 brn
|
|-damage|p1a: oh master grant|28/100 brn|[from] brn
|upkeep
|turn|32
|
|t:|1760304332
|move|p1a: oh master grant|Roost|p1a: oh master grant
|-heal|p1a: oh master grant|78/100 brn
|-singleturn|p1a: oh master grant|move: Roost
|move|p2a: Paperboy Enigma|Hex|p1a: oh master grant
|-damage|p1a: oh master grant|42/100 brn
|
|-damage|p1a: oh master grant|36/100 brn|[from] brn
|upkeep
|turn|33
|
|t:|1760304338
|move|p1a: oh master grant|Roost|p1a: oh master grant
|-heal|p1a: oh master grant|86/100 brn
|-singleturn|p1a: oh master grant|move: Roost
|move|p2a: Paperboy Enigma|Hex|p1a: oh master grant
|-damage|p1a: oh master grant|52/100 brn
|
|-damage|p1a: oh master grant|45/100 brn|[from] brn
|upkeep
|turn|34
|
|t:|1760304345
|move|p1a: oh master grant|Roost|p1a: oh master grant
|-heal|p1a: oh master grant|96/100 brn
|-singleturn|p1a: oh master grant|move: Roost
|move|p2a: Paperboy Enigma|Hex|p1a: oh master grant
|-damage|p1a: oh master grant|61/100 brn
|
|-damage|p1a: oh master grant|55/100 brn|[from] brn
|upkeep
|turn|35
|
|t:|1760304350
|move|p1a: oh master grant|Earthquake|p2a: Paperboy Enigma
|-supereffective|p2a: Paperboy Enigma
|-damage|p2a: Paperboy Enigma|49/100
|move|p2a: Paperboy Enigma|Parting Shot|p1a: oh master grant
|-unboost|p1a: oh master grant|atk|1
|-unboost|p1a: oh master grant|spa|1
|
|t:|1760304369
|switch|p2a: If I Ruled DaWorld|Moltres|34/100|[from] Parting Shot
|
|-damage|p1a: oh master grant|49/100 brn|[from] brn
|upkeep
|turn|36
|
|t:|1760304392
|move|p1a: oh master grant|Dragon Dance|p1a: oh master grant
|-boost|p1a: oh master grant|atk|1
|-boost|p1a: oh master grant|spe|1
|move|p2a: If I Ruled DaWorld|Roar|p1a: oh master grant
|drag|p1a: consoled|Ting-Lu|68/100
|-damage|p1a: consoled|62/100|[from] Stealth Rock
|-ability|p1a: consoled|Vessel of Ruin
|
|upkeep
|turn|37
|inactive|3d has 180 seconds left.
|inactive|ATTRIBUTE has 270 seconds left.
|inactive|ATTRIBUTE has 240 seconds left.
|
|t:|1760304459
|move|p2a: If I Ruled DaWorld|Flamethrower|p1a: consoled
|-damage|p1a: consoled|42/100
|move|p1a: consoled|Whirlwind|p2a: If I Ruled DaWorld
|drag|p2a: Zamazenta|Zamazenta|18/100
|-damage|p2a: Zamazenta|12/100|[from] Stealth Rock
|
|upkeep
|turn|38
|
|t:|1760304483
|switch|p1a: that i may|Gholdengo|41/100
|-damage|p1a: that i may|35/100|[from] Stealth Rock
|move|p2a: Zamazenta|Body Press|p1a: that i may
|-immune|p1a: that i may
|
|upkeep
|turn|39
|
|t:|1760304488
|move|p1a: that i may|Shadow Ball|p2a: Zamazenta
|-crit|p2a: Zamazenta
|-damage|p2a: Zamazenta|0 fnt
|faint|p2a: Zamazenta
|
|upkeep
|
|t:|1760304494
|switch|p2a: Tyranitar|Tyranitar, F|42/100
|-weather|Sandstorm|[from] ability: Sand Stream|[of] p2a: Tyranitar
|turn|40
|
|t:|1760304512
|switch|p1a: consoled|Ting-Lu|42/100
|-damage|p1a: consoled|36/100|[from] Stealth Rock
|-ability|p1a: consoled|Vessel of Ruin
|move|p2a: Tyranitar|Ice Beam|p1a: consoled
|-supereffective|p1a: consoled
|-damage|p1a: consoled|17/100
|
|-weather|Sandstorm|[upkeep]
|upkeep
|turn|41
|c|☆ATTRIBUTE|gg
|-message|ATTRIBUTE forfeited.
|
|win|3d
|c|☆3d|gg
