|j|☆Arcosara
|j|☆nrkjr45
|t:|1760324591
|gametype|singles
|player|p1|Arcosara|miku-water|1419
|player|p2|nrkjr45|volkner|1424
|gen|9
|tier|[Gen 9] OU
|rated|
|rule|HP Percentage Mod: HP is shown in percentages
|rule|Endless Battle Clause: Forcing endless battles is banned
|rule|Species Clause: Limit one of each Pokémon
|rule|OHKO Clause: OHKO moves are banned
|rule|Evasion Items Clause: Evasion items are banned
|rule|Evasion Moves Clause: Evasion moves are banned
|rule|Evasion Abilities Clause: Evasion abilities are banned
|rule|Sleep Moves Clause: Sleep-inducing moves are banned
|clearpoke
|poke|p1|Latios, M|
|poke|p1|Dragapult, M|
|poke|p1|Great Tusk|
|poke|p1|Alomomola, F|
|poke|p1|Slowking-Galar, L99, F|
|poke|p1|Iron Valiant|
|poke|p2|Jirachi|
|poke|p2|Maushold-Four|
|poke|p2|Primarina, M|
|poke|p2|Iron Crown|
|poke|p2|Garganacl, M|
|poke|p2|Landorus-Therian, M|
|teampreview
|
|t:|1760324605
|teamsize|p1|6
|teamsize|p2|6
|start
|switch|p1a: Slowking|Slowking-Galar, L99, F|100/100
|switch|p2a: Jirachi|Jirachi|100/100
|turn|1
|inactive|Battle timer is ON: inactive players will automatically lose when time's up. (requested by nrkjr45)
|
|t:|1760324613
|move|p2a: Jirachi|Body Slam|p1a: Slowking
|-damage|p1a: Slowking|73/100
|move|p1a: Slowking|Future Sight|p2a: Jirachi
|-start|p1a: Slowking|move: Future Sight
|
|upkeep
|turn|2
|
|t:|1760324618
|move|p2a: Jirachi|Body Slam|p1a: Slowking
|-crit|p1a: Slowking
|-damage|p1a: Slowking|34/100
|-status|p1a: Slowking|par
|-prepare|p1a: Slowking|Chilly Reception|[premajor]
|cant|p1a: Slowking|par
|
|upkeep
|turn|3
|
|t:|1760324626
|switch|p1a: Dragapult|Dragapult, M|100/100
|move|p2a: Jirachi|Wish|p2a: Jirachi
|
|-end|p2a: Jirachi|move: Future Sight
|-resisted|p2a: Jirachi
|-damage|p2a: Jirachi|89/100
|-heal|p2a: Jirachi|95/100|[from] item: Leftovers
|upkeep
|turn|4
|
|t:|1760324631
|move|p1a: Dragapult|Phantom Force||[still]
|-prepare|p1a: Dragapult|Phantom Force
|move|p2a: Jirachi|Iron Head|p1a: Dragapult|[miss]
|-miss|p2a: Jirachi|p1a: Dragapult
|
|-heal|p2a: Jirachi|100/100|[from] move: Wish|[wisher] Jirachi
|upkeep
|turn|5
|
|t:|1760324634
|switch|p2a: Maushold|Maushold-Four|100/100
|move|p1a: Dragapult|Phantom Force|p2a: Maushold|[from] lockedmove
|-immune|p2a: Maushold
|
|upkeep
|turn|6
|
|t:|1760324641
|switch|p1a: Slowking|Slowking-Galar, L99, F|67/100 par
|switch|p2a: Landorus|Landorus-Therian, M|100/100
|-ability|p2a: Landorus|Intimidate|boost
|-unboost|p1a: Slowking|atk|1
|
|upkeep
|turn|7
|
|t:|1760324649
|switch|p1a: Latios|Latios, M|100/100
|move|p2a: Landorus|Earthquake|p1a: Latios
|-immune|p1a: Latios|[from] ability: Levitate
|
|upkeep
|turn|8
|
|t:|1760324656
|move|p1a: Latios|Calm Mind|p1a: Latios
|-boost|p1a: Latios|spa|1
|-boost|p1a: Latios|spd|1
|move|p2a: Landorus|U-turn|p1a: Latios
|-supereffective|p1a: Latios
|-damage|p1a: Latios|31/100
|
|t:|1760324661
|switch|p2a: Maushold|Maushold-Four|100/100|[from] U-turn
|
|upkeep
|turn|9
|
|t:|1760324667
|switch|p1a: Dragapult|Dragapult, M|100/100
|move|p2a: Maushold|Encore||[still]
|-fail|p2a: Maushold
|
|upkeep
|turn|10
|
|t:|1760324672
|switch|p2a: Landorus|Landorus-Therian, M|100/100
|-ability|p2a: Landorus|Intimidate|boost
|-unboost|p1a: Dragapult|atk|1
|move|p1a: Dragapult|Dragon Darts|p2a: Landorus
|-damage|p2a: Landorus|71/100
|-anim|p1a: Dragapult|Dragon Darts|p2a: Landorus
|-damage|p2a: Landorus|44/100
|
|upkeep
|turn|11
|
|t:|1760324683
|switch|p1a: Slowking|Slowking-Galar, L99, F|100/100 par
|move|p2a: Landorus|Earthquake|p1a: Slowking
|-supereffective|p1a: Slowking
|-damage|p1a: Slowking|0 fnt
|faint|p1a: Slowking
|
|upkeep
|
|t:|1760324689
|switch|p1a: Dragapult|Dragapult, M|100/100
|turn|12
|
|t:|1760324697
|move|p1a: Dragapult|Dragon Darts|p2a: Landorus
|-damage|p2a: Landorus|0 fnt
|faint|p2a: Landorus
|
|upkeep
|
|t:|1760324701
|switch|p2a: Primarina|Primarina, M|100/100
|turn|13
|
|t:|1760324705
|switch|p1a: Alomomola|Alomomola, F|100/100
|move|p2a: Primarina|Calm Mind|p2a: Primarina
|-boost|p2a: Primarina|spa|1
|-boost|p2a: Primarina|spd|1
|
|upkeep
|turn|14
|
|t:|1760324712
|move|p1a: Alomomola|Flip Turn|p2a: Primarina
|-resisted|p2a: Primarina
|-damage|p2a: Primarina|92/100
|
|t:|1760324726
|switch|p1a: Latios|Latios, M|31/100|[from] Flip Turn
|move|p2a: Primarina|Substitute|p2a: Primarina
|-start|p2a: Primarina|Substitute
|-damage|p2a: Primarina|67/100
|
|-heal|p2a: Primarina|73/100|[from] item: Leftovers
|upkeep
|turn|15
|
|t:|1760324737
|move|p1a: Latios|Psychic Noise|p2a: Primarina
|-damage|p2a: Primarina|46/100
|-start|p2a: Primarina|move: Heal Block
|cant|p2a: Primarina|move: Heal Block|Draining Kiss
|
|upkeep
|turn|16
|
|t:|1760324748
|-terastallize|p1a: Latios|Steel
|move|p1a: Latios|Recover|p1a: Latios
|-heal|p1a: Latios|81/100
|move|p2a: Primarina|Hyper Voice|p1a: Latios
|-damage|p1a: Latios|0 fnt
|faint|p1a: Latios
|
|-end|p2a: Primarina|move: Heal Block
|upkeep
|
|t:|1760324756
|switch|p1a: Dragapult|Dragapult, M|100/100
|turn|17
|
|t:|1760324768
|move|p1a: Dragapult|Phantom Force||[still]
|-prepare|p1a: Dragapult|Phantom Force
|move|p2a: Primarina|Draining Kiss|p1a: Dragapult|[miss]
|-miss|p2a: Primarina|p1a: Dragapult
|
|-heal|p2a: Primarina|52/100|[from] item: Leftovers
|upkeep
|turn|18
|
|t:|1760324781
|move|p1a: Dragapult|Phantom Force|p2a: Primarina|[from] lockedmove
|-crit|p2a: Primarina
|-damage|p2a: Primarina|0 fnt
|faint|p2a: Primarina
|
|upkeep
|
|t:|1760324785
|switch|p2a: Maushold|Maushold-Four|100/100
|turn|19
|
|t:|1760324790
|switch|p1a: Alomomola|Alomomola, F|100/100
|move|p2a: Maushold|Tidy Up|p2a: Maushold
|-boost|p2a: Maushold|atk|1
|-boost|p2a: Maushold|spe|1
|
|upkeep
|turn|20
|
|t:|1760324798
|move|p2a: Maushold|Bite|p1a: Alomomola
|-damage|p1a: Alomomola|83/100
|move|p1a: Alomomola|Scald|p2a: Maushold
|-damage|p2a: Maushold|80/100
|-status|p2a: Maushold|brn
|
|-damage|p2a: Maushold|74/100 brn|[from] brn
|upkeep
|turn|21
|
|t:|1760324806
|move|p2a: Maushold|Tidy Up|p2a: Maushold
|-boost|p2a: Maushold|atk|1
|-boost|p2a: Maushold|spe|1
|move|p1a: Alomomola|Flip Turn|p2a: Maushold
|-damage|p2a: Maushold|49/100 brn
|
|t:|1760324822
|switch|p1a: Great Tusk|Great Tusk|100/100|[from] Flip Turn
|
|-damage|p2a: Maushold|42/100 brn|[from] brn
|upkeep
|turn|22
|
|t:|1760324828
|move|p2a: Maushold|Population Bomb|p1a: Great Tusk
|-damage|p1a: Great Tusk|93/100
|-damage|p1a: Great Tusk|87/100
|-damage|p1a: Great Tusk|79/100
|-damage|p1a: Great Tusk|72/100
|-damage|p1a: Great Tusk|66/100
|-damage|p1a: Great Tusk|59/100
|-damage|p1a: Great Tusk|52/100
|-damage|p1a: Great Tusk|44/100
|-damage|p1a: Great Tusk|38/100
|-damage|p1a: Great Tusk|32/100
|-hitcount|p1a: Great Tusk|10
|move|p1a: Great Tusk|Headlong Rush|p2a: Maushold
|-damage|p2a: Maushold|0 fnt
|-unboost|p1a: Great Tusk|def|1
|-unboost|p1a: Great Tusk|spd|1
|faint|p2a: Maushold
|
|upkeep
|
|t:|1760324842
|switch|p2a: Iron Crown|Iron Crown|100/100
|-enditem|p2a: Iron Crown|Booster Energy
|-activate|p2a: Iron Crown|ability: Quark Drive|[fromitem]
|-start|p2a: Iron Crown|quarkdrivespe
|turn|23
|
|t:|1760324860
|-end|p1a: Great Tusk|Protosynthesis|[silent]
|switch|p1a: Alomomola|Alomomola, F|100/100
|move|p2a: Iron Crown|Psychic|p1a: Alomomola
|-damage|p1a: Alomomola|53/100
|
|upkeep
|turn|24
|
|t:|1760324865
|move|p2a: Iron Crown|Calm Mind|p2a: Iron Crown
|-boost|p2a: Iron Crown|spa|1
|-boost|p2a: Iron Crown|spd|1
|move|p1a: Alomomola|Wish|p1a: Alomomola
|
|upkeep
|turn|25
|
|t:|1760324887
|move|p2a: Iron Crown|Psychic|p1a: Alomomola
|-damage|p1a: Alomomola|0 fnt
|faint|p1a: Alomomola
|
|upkeep
|
|t:|1760324891
|switch|p1a: Great Tusk|Great Tusk|32/100
|turn|26
|
|t:|1760324899
|move|p2a: Iron Crown|Psychic|p1a: Great Tusk
|-supereffective|p1a: Great Tusk
|-damage|p1a: Great Tusk|0 fnt
|faint|p1a: Great Tusk
|-end|p1a: Great Tusk|Protosynthesis|[silent]
|
|upkeep
|
|t:|1760324902
|switch|p1a: Dragapult|Dragapult, M|100/100
|turn|27
|
|t:|1760324908
|move|p2a: Iron Crown|Psychic|p1a: Dragapult
|-damage|p1a: Dragapult|10/100
|move|p1a: Dragapult|Phantom Force||[still]
|-prepare|p1a: Dragapult|Phantom Force
|
|upkeep
|turn|28
|
|t:|1760324915
|move|p2a: Iron Crown|Calm Mind|p2a: Iron Crown
|-boost|p2a: Iron Crown|spa|1
|-boost|p2a: Iron Crown|spd|1
|move|p1a: Dragapult|Phantom Force|p2a: Iron Crown|[from] lockedmove
|-supereffective|p2a: Iron Crown
|-damage|p2a: Iron Crown|0 fnt
|faint|p2a: Iron Crown
|-end|p2a: Iron Crown|Quark Drive|[silent]
|
|upkeep
|
|t:|1760324929
|switch|p2a: Garganacl|Garganacl, M|100/100
|turn|29
|
|t:|1760324933
|switch|p1a: Iron Valiant|Iron Valiant|100/100
|-enditem|p1a: Iron Valiant|Booster Energy
|-activate|p1a: Iron Valiant|ability: Quark Drive|[fromitem]
|-start|p1a: Iron Valiant|quarkdrivespe
|move|p2a: Garganacl|Iron Defense|p2a: Garganacl
|-boost|p2a: Garganacl|def|2
|
|upkeep
|turn|30
|
|t:|1760324959
|-terastallize|p2a: Garganacl|Water
|move|p1a: Iron Valiant|Encore|p2a: Garganacl
|-start|p2a: Garganacl|Encore
|move|p2a: Garganacl|Iron Defense|p2a: Garganacl
|-boost|p2a: Garganacl|def|2
|
|upkeep
|turn|31
|
|t:|1760324967
|switch|p2a: Jirachi|Jirachi|100/100
|move|p1a: Iron Valiant|Swords Dance|p1a: Iron Valiant
|-boost|p1a: Iron Valiant|atk|2
|
|upkeep
|turn|32
|
|t:|1760324975
|move|p1a: Iron Valiant|Close Combat|p2a: Jirachi
|-damage|p2a: Jirachi|0 fnt
|-unboost|p1a: Iron Valiant|def|1
|-unboost|p1a: Iron Valiant|spd|1
|faint|p2a: Jirachi
|
|upkeep
|
|t:|1760324978
|switch|p2a: Garganacl|Garganacl, M, tera:Water|100/100
|turn|33
|l|☆nrkjr45
|inactive|nrkjr45 disconnected and has a minute to reconnect!
|player|p2|
|inactive|nrkjr45 has 30 seconds to reconnect!
|inactive|nrkjr45 has 20 seconds to reconnect!
|inactive|nrkjr45 has 15 seconds to reconnect!
|inactive|nrkjr45 has 10 seconds to reconnect!
|inactive|nrkjr45 has 5 seconds to reconnect!
|-message|nrkjr45 lost due to inactivity.
|
|win|Arcosara
|raw|Arcosara's rating: 1419 &rarr; <strong>1439</strong><br />(+20 for winning)
|raw|nrkjr45's rating: 1424 &rarr; <strong>1404</strong><br />(-20 for losing)
