|j|☆xXb1llyXx
|j|☆dr. drake6782
|t:|1760388598
|gametype|singles
|player|p1|xXb1llyXx|mom-unova|1733
|player|p2|dr. drake6782|hilbert-masters|1657
|gen|9
|tier|[Gen 9] OU
|rated|
|rule|HP Percentage Mod: HP is shown in percentages
|rule|Endless Battle Clause: Forcing endless battles is banned
|rule|Species Clause: Limit one of each Pokémon
|rule|OHKO Clause: OHKO moves are banned
|rule|Evasion Items Clause: Evasion items are banned
|rule|Evasion Moves Clause: Evasion moves are banned
|rule|Evasion Abilities Clause: Evasion abilities are banned
|rule|Sleep Moves Clause: Sleep-inducing moves are banned
|clearpoke
|poke|p1|Gholdengo|
|poke|p1|Ting-Lu|
|poke|p1|Iron Treads|
|poke|p1|Tornadus-Therian, M|
|poke|p1|Raging Bolt|
|poke|p1|Zamazenta-*|
|poke|p2|Pelipper, F|
|poke|p2|Tornadus-Therian, M|
|poke|p2|Iron Treads|
|poke|p2|Decidueye-Hisui, M|
|poke|p2|Barraskewda, F|
|poke|p2|Raging Bolt|
|teampreview
|inactive|Battle timer is ON: inactive players will automatically lose when time's up. (requested by dr. drake6782)
|
|t:|1760388616
|teamsize|p1|6
|teamsize|p2|6
|start
|switch|p1a: Ting-Lu|Ting-Lu|100/100
|switch|p2a: Pelipper|Pelipper, F|100/100
|-ability|p1a: Ting-Lu|Vessel of Ruin
|-weather|RainDance|[from] ability: Drizzle|[of] p2a: Pelipper
|turn|1
|
|t:|1760388627
|move|p1a: Ting-Lu|Stealth Rock|p2a: Pelipper
|-sidestart|p2: dr. drake6782|move: Stealth Rock
|move|p2a: Pelipper|U-turn|p1a: Ting-Lu
|-supereffective|p1a: Ting-Lu
|-damage|p1a: Ting-Lu|90/100
|-enditem|p1a: Ting-Lu|Weakness Policy
|-boost|p1a: Ting-Lu|atk|2|[from] item: Weakness Policy
|-boost|p1a: Ting-Lu|spa|2|[from] item: Weakness Policy
|
|t:|1760388639
|switch|p2a: Barraskewda|Barraskewda, F, shiny|100/100|[from] U-turn
|-damage|p2a: Barraskewda|88/100|[from] Stealth Rock
|
|-weather|RainDance|[upkeep]
|upkeep
|turn|2
|
|t:|1760388648
|-terastallize|p1a: Ting-Lu|Dark
|move|p2a: Barraskewda|Liquidation|p1a: Ting-Lu
|-damage|p1a: Ting-Lu|37/100
|-unboost|p1a: Ting-Lu|def|1
|-damage|p2a: Barraskewda|78/100|[from] item: Life Orb
|move|p1a: Ting-Lu|Earthquake|p2a: Barraskewda
|-damage|p2a: Barraskewda|0 fnt
|faint|p2a: Barraskewda
|
|-weather|RainDance|[upkeep]
|upkeep
|inactive|dr. drake6782 has 120 seconds left.
|
|t:|1760388680
|switch|p2a: Decidueye|Decidueye-Hisui, M, shiny|100/100
|-damage|p2a: Decidueye|94/100|[from] Stealth Rock
|turn|3
|
|t:|1760388689
|move|p2a: Decidueye|Triple Arrows|p1a: Ting-Lu
|-supereffective|p1a: Ting-Lu
|-damage|p1a: Ting-Lu|0 fnt
|faint|p1a: Ting-Lu
|
|-weather|RainDance|[upkeep]
|upkeep
|
|t:|1760388697
|switch|p1a: Tornadus|Tornadus-Therian, M|100/100
|turn|4
|
|t:|1760388714
|switch|p1a: Iron Treads|Iron Treads|100/100
|-enditem|p1a: Iron Treads|Booster Energy
|-activate|p1a: Iron Treads|ability: Quark Drive|[fromitem]
|-start|p1a: Iron Treads|quarkdrivespe
|switch|p2a: Raging Bolt|Raging Bolt|100/100
|-damage|p2a: Raging Bolt|88/100|[from] Stealth Rock
|-enditem|p2a: Raging Bolt|Booster Energy
|-activate|p2a: Raging Bolt|ability: Protosynthesis|[fromitem]
|-start|p2a: Raging Bolt|protosynthesisspa
|
|-weather|RainDance|[upkeep]
|upkeep
|turn|5
|
|t:|1760388723
|-terastallize|p2a: Raging Bolt|Bug
|move|p1a: Iron Treads|Ice Spinner|p2a: Raging Bolt
|-damage|p2a: Raging Bolt|65/100
|move|p2a: Raging Bolt|Weather Ball|p1a: Iron Treads
|-supereffective|p1a: Iron Treads
|-damage|p1a: Iron Treads|0 fnt
|faint|p1a: Iron Treads
|-end|p1a: Iron Treads|Quark Drive|[silent]
|
|-weather|RainDance|[upkeep]
|upkeep
|
|t:|1760388741
|switch|p1a: Raging Bolt|Raging Bolt|100/100
|-enditem|p1a: Raging Bolt|Booster Energy
|-activate|p1a: Raging Bolt|ability: Protosynthesis|[fromitem]
|-start|p1a: Raging Bolt|protosynthesisspa
|turn|6
|
|t:|1760388752
|move|p2a: Raging Bolt|Dragon Pulse|p1a: Raging Bolt
|-supereffective|p1a: Raging Bolt
|-damage|p1a: Raging Bolt|0 fnt
|faint|p1a: Raging Bolt
|-end|p1a: Raging Bolt|Protosynthesis|[silent]
|
|-weather|RainDance|[upkeep]
|upkeep
|
|t:|1760388756
|switch|p1a: Gholdengo|Gholdengo|100/100
|-item|p1a: Gholdengo|Air Balloon
|turn|7
|
|t:|1760388762
|move|p2a: Raging Bolt|Thunder|p1a: Gholdengo
|-damage|p1a: Gholdengo|11/100
|-status|p1a: Gholdengo|par
|-enditem|p1a: Gholdengo|Air Balloon
|move|p1a: Gholdengo|Shadow Ball|p2a: Raging Bolt
|-damage|p2a: Raging Bolt|34/100
|
|-weather|RainDance|[upkeep]
|upkeep
|turn|8
|
|t:|1760388772
|move|p2a: Raging Bolt|Thunder|p1a: Gholdengo
|-damage|p1a: Gholdengo|0 fnt
|faint|p1a: Gholdengo
|
|-weather|none
|upkeep
|
|t:|1760388784
|switch|p1a: Zamazenta|Zamazenta|100/100
|-ability|p1a: Zamazenta|Dauntless Shield|boost
|-boost|p1a: Zamazenta|def|1
|turn|9
|
|t:|1760388792
|move|p1a: Zamazenta|Iron Defense|p1a: Zamazenta
|-boost|p1a: Zamazenta|def|2
|move|p2a: Raging Bolt|Dragon Pulse|p1a: Zamazenta
|-crit|p1a: Zamazenta
|-damage|p1a: Zamazenta|29/100
|
|-heal|p1a: Zamazenta|36/100|[from] item: Leftovers
|upkeep
|turn|10
|
|t:|1760388801
|move|p2a: Raging Bolt|Thunderclap|p1a: Zamazenta
|-damage|p1a: Zamazenta|0 fnt
|faint|p1a: Zamazenta
|
|upkeep
|-message|xXb1llyXx forfeited.
|
|win|dr. drake6782
|raw|xXb1llyXx's rating: 1733 &rarr; <strong>1709</strong><br />(-24 for losing)
|raw|dr. drake6782's rating: 1657 &rarr; <strong>1681</strong><br />(+24 for winning)
|l|☆xXb1llyXx
|player|p1|
