|j|☆ChessDennis
|j|☆yanyee
|t:|1760429108
|gametype|singles
|player|p1|ChessDennis|2|1344
|player|p2|yanyee|janine|1287
|gen|9
|tier|[Gen 9] OU
|rated|
|rule|HP Percentage Mod: HP is shown in percentages
|rule|Endless Battle Clause: Forcing endless battles is banned
|rule|Species Clause: Limit one of each Pokémon
|rule|OHKO Clause: OHKO moves are banned
|rule|Evasion Items Clause: Evasion items are banned
|rule|Evasion Moves Clause: Evasion moves are banned
|rule|Evasion Abilities Clause: Evasion abilities are banned
|rule|Sleep Moves Clause: Sleep-inducing moves are banned
|clearpoke
|poke|p1|Walking Wake|
|poke|p1|Thundurus-Therian, M|
|poke|p1|Amoonguss, M|
|poke|p1|Ninetales-Alola, M|
|poke|p1|Corviknight, F|
|poke|p1|Garchomp, M|
|poke|p2|Quagsire, M|
|poke|p2|Corviknight, F|
|poke|p2|Clodsire, F|
|poke|p2|Slowking, F|
|poke|p2|Greninja-*, F|
|poke|p2|Blaziken, M|
|teampreview
|
|t:|1760429121
|teamsize|p1|6
|teamsize|p2|6
|start
|switch|p1a: Garchomp|Garchomp, M|100/100
|switch|p2a: Blaziken|Blaziken, M|100/100
|turn|1
|
|t:|1760429146
|switch|p2a: Corviknight|Corviknight, F|100/100
|move|p1a: Garchomp|Stealth Rock|p2a: Corviknight
|-sidestart|p2: yanyee|move: Stealth Rock
|
|upkeep
|turn|2
|
|t:|1760429151
|switch|p1a: Thundurus|Thundurus-Therian, M|100/100
|move|p2a: Corviknight|Defog|p1a: Thundurus
|-unboost|p1a: Thundurus|evasion|1
|-sideend|p2: yanyee|Stealth Rock|[from] move: Defog|[of] p2a: Corviknight
|
|upkeep
|turn|3
|
|t:|1760429163
|switch|p1a: Ninetales|Ninetales-Alola, M|100/100
|-weather|Snowscape|[from] ability: Snow Warning|[of] p1a: Ninetales
|switch|p2a: Clodsire|Clodsire, F|100/100
|
|-weather|Snowscape|[upkeep]
|upkeep
|turn|4
|
|t:|1760429170
|move|p1a: Ninetales|Blizzard|p2a: Clodsire
|-supereffective|p2a: Clodsire
|-damage|p2a: Clodsire|50/100
|-enditem|p2a: Clodsire|Sitrus Berry|[eat]
|-heal|p2a: Clodsire|75/100|[from] item: Sitrus Berry
|move|p2a: Clodsire|Toxic|p1a: Ninetales
|-status|p1a: Ninetales|tox
|
|-weather|Snowscape|[upkeep]
|-damage|p1a: Ninetales|94/100 tox|[from] psn
|upkeep
|turn|5
|
|t:|1760429177
|switch|p1a: Thundurus|Thundurus-Therian, M|100/100
|switch|p2a: Slowking|Slowking, F|100/100
|
|-weather|Snowscape|[upkeep]
|upkeep
|turn|6
|
|t:|1760429184
|move|p1a: Thundurus|Volt Switch|p2a: Slowking
|-supereffective|p2a: Slowking
|-damage|p2a: Slowking|53/100
|
|t:|1760429187
|switch|p1a: Amoonguss|Amoonguss, M|100/100|[from] Volt Switch
|move|p2a: Slowking|Future Sight|p1a: Amoonguss
|-start|p2a: Slowking|move: Future Sight
|
|-weather|Snowscape|[upkeep]
|upkeep
|turn|7
|
|t:|1760429195
|switch|p2a: Clodsire|Clodsire, F|75/100
|move|p1a: Amoonguss|Leaf Storm|p2a: Clodsire
|-damage|p2a: Clodsire|41/100
|-unboost|p1a: Amoonguss|spa|2
|-damage|p1a: Amoonguss|91/100|[from] item: Life Orb
|
|-weather|none
|upkeep
|turn|8
|
|t:|1760429199
|switch|p1a: Ninetales|Ninetales-Alola, M|94/100 tox
|-weather|Snowscape|[from] ability: Snow Warning|[of] p1a: Ninetales
|move|p2a: Clodsire|Recover|p2a: Clodsire
|-heal|p2a: Clodsire|91/100
|
|-weather|Snowscape|[upkeep]
|-end|p1a: Ninetales|move: Future Sight
|-damage|p1a: Ninetales|50/100 tox
|-damage|p1a: Ninetales|44/100 tox|[from] psn
|upkeep
|turn|9
|
|t:|1760429203
|switch|p2a: Slowking|Slowking, F|86/100
|move|p1a: Ninetales|Pain Split|p2a: Slowking
|-sethp|p2a: Slowking|60/100|[from] move: Pain Split|[silent]
|-sethp|p1a: Ninetales|79/100 tox|[from] move: Pain Split
|
|-weather|Snowscape|[upkeep]
|-damage|p1a: Ninetales|67/100 tox|[from] psn
|upkeep
|turn|10
|
|t:|1760429209
|switch|p1a: Thundurus|Thundurus-Therian, M|100/100
|move|p2a: Slowking|Future Sight|p1a: Thundurus
|-start|p2a: Slowking|move: Future Sight
|
|-weather|Snowscape|[upkeep]
|upkeep
|turn|11
|
|t:|1760429215
|switch|p2a: Clodsire|Clodsire, F|91/100
|move|p1a: Thundurus|Weather Ball|p2a: Clodsire
|-supereffective|p2a: Clodsire
|-damage|p2a: Clodsire|52/100
|
|-weather|Snowscape|[upkeep]
|upkeep
|turn|12
|
|t:|1760429220
|move|p1a: Thundurus|Weather Ball|p2a: Clodsire
|-supereffective|p2a: Clodsire
|-damage|p2a: Clodsire|10/100
|move|p2a: Clodsire|Recover|p2a: Clodsire
|-heal|p2a: Clodsire|60/100
|
|-weather|none
|-end|p1a: Thundurus|move: Future Sight
|-damage|p1a: Thundurus|46/100
|upkeep
|turn|13
|
|t:|1760429228
|switch|p1a: Garchomp|Garchomp, M|100/100
|move|p2a: Clodsire|Recover|p2a: Clodsire
|-heal|p2a: Clodsire|100/100
|
|upkeep
|turn|14
|
|t:|1760429240
|switch|p2a: Corviknight|Corviknight, F|100/100
|move|p1a: Garchomp|Earthquake|p2a: Corviknight
|-immune|p2a: Corviknight
|
|upkeep
|turn|15
|
|t:|1760429244
|move|p1a: Garchomp|Stealth Rock|p2a: Corviknight
|-sidestart|p2: yanyee|move: Stealth Rock
|move|p2a: Corviknight|U-turn|p1a: Garchomp
|-damage|p1a: Garchomp|89/100
|-damage|p2a: Corviknight|88/100|[from] ability: Rough Skin|[of] p1a: Garchomp
|-damage|p2a: Corviknight|71/100|[from] item: Rocky Helmet|[of] p1a: Garchomp
|
|t:|1760429246
|switch|p2a: Greninja|Greninja, F|100/100|[from] U-turn
|-damage|p2a: Greninja|88/100|[from] Stealth Rock
|
|upkeep
|turn|16
|
|t:|1760429251
|switch|p1a: Ninetales|Ninetales-Alola, M|67/100 tox
|-weather|Snowscape|[from] ability: Snow Warning|[of] p1a: Ninetales
|move|p2a: Greninja|Ice Beam|p1a: Ninetales
|-start|p2a: Greninja|typechange|Ice|[from] ability: Protean
|-resisted|p1a: Ninetales
|-damage|p1a: Ninetales|33/100 tox
|
|-weather|Snowscape|[upkeep]
|-damage|p1a: Ninetales|27/100 tox|[from] psn
|upkeep
|turn|17
|
|t:|1760429256
|move|p1a: Ninetales|Moonblast|p2a: Greninja
|-damage|p2a: Greninja|31/100
|move|p2a: Greninja|Ice Beam|p1a: Ninetales
|-resisted|p1a: Ninetales
|-crit|p1a: Ninetales
|-damage|p1a: Ninetales|0 fnt
|faint|p1a: Ninetales
|
|-weather|Snowscape|[upkeep]
|upkeep
|
|t:|1760429260
|switch|p1a: Thundurus|Thundurus-Therian, M|46/100
|turn|18
|
|t:|1760429272
|switch|p2a: Slowking|Slowking, F|93/100
|-damage|p2a: Slowking|81/100|[from] Stealth Rock
|move|p1a: Thundurus|Volt Switch|p2a: Slowking
|-supereffective|p2a: Slowking
|-damage|p2a: Slowking|33/100
|
|t:|1760429278
|switch|p1a: Garchomp|Garchomp, M|89/100|[from] Volt Switch
|
|-weather|Snowscape|[upkeep]
|upkeep
|turn|19
|
|t:|1760429281
|switch|p2a: Corviknight|Corviknight, F|71/100
|-damage|p2a: Corviknight|59/100|[from] Stealth Rock
|move|p1a: Garchomp|Earthquake|p2a: Corviknight
|-immune|p2a: Corviknight
|
|-weather|Snowscape|[upkeep]
|upkeep
|turn|20
|
|t:|1760429286
|move|p1a: Garchomp|Spikes|p2a: Corviknight
|-sidestart|p2: yanyee|Spikes
|move|p2a: Corviknight|Roost|p2a: Corviknight
|-heal|p2a: Corviknight|100/100
|-singleturn|p2a: Corviknight|move: Roost
|
|-weather|none
|upkeep
|turn|21
|
|t:|1760429290
|move|p1a: Garchomp|Stealth Rock||[still]
|-fail|p1a: Garchomp
|move|p2a: Corviknight|Defog|p1a: Garchomp
|-unboost|p1a: Garchomp|evasion|1
|-sideend|p2: yanyee|Spikes|[from] move: Defog|[of] p2a: Corviknight
|-sideend|p2: yanyee|Stealth Rock|[from] move: Defog|[of] p2a: Corviknight
|
|upkeep
|turn|22
|
|t:|1760429293
|move|p1a: Garchomp|Stealth Rock|p2a: Corviknight
|-sidestart|p2: yanyee|move: Stealth Rock
|move|p2a: Corviknight|U-turn|p1a: Garchomp
|-damage|p1a: Garchomp|77/100
|-damage|p2a: Corviknight|88/100|[from] ability: Rough Skin|[of] p1a: Garchomp
|-damage|p2a: Corviknight|71/100|[from] item: Rocky Helmet|[of] p1a: Garchomp
|
|t:|1760429298
|switch|p2a: Greninja|Greninja, F|31/100|[from] U-turn
|-damage|p2a: Greninja|19/100|[from] Stealth Rock
|
|upkeep
|turn|23
|
|t:|1760429304
|switch|p1a: Corviknight|Corviknight, F|100/100
|-ability|p1a: Corviknight|Pressure
|move|p2a: Greninja|Ice Beam|p1a: Corviknight
|-start|p2a: Greninja|typechange|Ice|[from] ability: Protean
|-damage|p1a: Corviknight|47/100
|
|upkeep
|turn|24
|
|t:|1760429309
|switch|p1a: Walking Wake|Walking Wake|100/100
|move|p2a: Greninja|Ice Beam|p1a: Walking Wake
|-damage|p1a: Walking Wake|33/100
|
|upkeep
|turn|25
|
|t:|1760429318
|move|p2a: Greninja|Ice Beam|p1a: Walking Wake
|-crit|p1a: Walking Wake
|-damage|p1a: Walking Wake|0 fnt
|faint|p1a: Walking Wake
|-end|p1a: Walking Wake|Protosynthesis|[silent]
|
|upkeep
|
|t:|1760429320
|switch|p1a: Thundurus|Thundurus-Therian, M|46/100
|turn|26
|
|t:|1760429325
|switch|p1a: Garchomp|Garchomp, M|77/100
|switch|p2a: Clodsire|Clodsire, F|100/100
|-damage|p2a: Clodsire|94/100|[from] Stealth Rock
|
|upkeep
|turn|27
|
|t:|1760429328
|switch|p2a: Corviknight|Corviknight, F|71/100
|-damage|p2a: Corviknight|59/100|[from] Stealth Rock
|move|p1a: Garchomp|Spikes|p2a: Corviknight
|-sidestart|p2: yanyee|Spikes
|
|upkeep
|turn|28
|
|t:|1760429334
|switch|p1a: Thundurus|Thundurus-Therian, M|46/100
|move|p2a: Corviknight|Defog|p1a: Thundurus
|-unboost|p1a: Thundurus|evasion|1
|-sideend|p2: yanyee|Spikes|[from] move: Defog|[of] p2a: Corviknight
|-sideend|p2: yanyee|Stealth Rock|[from] move: Defog|[of] p2a: Corviknight
|
|upkeep
|turn|29
|
|t:|1760429338
|switch|p1a: Garchomp|Garchomp, M|77/100
|switch|p2a: Clodsire|Clodsire, F|94/100
|
|upkeep
|turn|30
|
|t:|1760429342
|switch|p2a: Corviknight|Corviknight, F|59/100
|move|p1a: Garchomp|Earthquake|p2a: Corviknight
|-immune|p2a: Corviknight
|
|upkeep
|turn|31
|
|t:|1760429350
|move|p1a: Garchomp|Stealth Rock|p2a: Corviknight
|-sidestart|p2: yanyee|move: Stealth Rock
|move|p2a: Corviknight|U-turn|p1a: Garchomp
|-damage|p1a: Garchomp|64/100
|-damage|p2a: Corviknight|46/100|[from] ability: Rough Skin|[of] p1a: Garchomp
|-damage|p2a: Corviknight|30/100|[from] item: Rocky Helmet|[of] p1a: Garchomp
|
|t:|1760429353
|switch|p2a: Greninja|Greninja, F|19/100|[from] U-turn
|-damage|p2a: Greninja|6/100|[from] Stealth Rock
|
|upkeep
|turn|32
|
|t:|1760429360
|switch|p1a: Amoonguss|Amoonguss, M|100/100
|move|p2a: Greninja|Ice Beam|p1a: Amoonguss
|-start|p2a: Greninja|typechange|Ice|[from] ability: Protean
|-supereffective|p1a: Amoonguss
|-damage|p1a: Amoonguss|0 fnt
|faint|p1a: Amoonguss
|
|upkeep
|
|t:|1760429362
|switch|p1a: Thundurus|Thundurus-Therian, M|46/100
|turn|33
|
|t:|1760429366
|move|p1a: Thundurus|Volt Switch|p2a: Greninja
|-damage|p2a: Greninja|0 fnt
|faint|p2a: Greninja
|
|t:|1760429368
|switch|p1a: Garchomp|Garchomp, M|64/100|[from] Volt Switch
|
|upkeep
|
|t:|1760429372
|switch|p2a: Corviknight|Corviknight, F|30/100
|-damage|p2a: Corviknight|17/100|[from] Stealth Rock
|turn|34
|
|t:|1760429374
|move|p1a: Garchomp|Draco Meteor|p2a: Corviknight
|-resisted|p2a: Corviknight
|-damage|p2a: Corviknight|0 fnt
|-unboost|p1a: Garchomp|spa|2
|faint|p2a: Corviknight
|
|upkeep
|
|t:|1760429384
|switch|p2a: Blaziken|Blaziken, M|100/100
|-damage|p2a: Blaziken|88/100|[from] Stealth Rock
|turn|35
|
|t:|1760429395
|move|p2a: Blaziken|Close Combat|p1a: Garchomp
|-crit|p1a: Garchomp
|-damage|p1a: Garchomp|0 fnt
|-unboost|p2a: Blaziken|def|1
|-unboost|p2a: Blaziken|spd|1
|-damage|p2a: Blaziken|76/100|[from] ability: Rough Skin|[of] p1a: Garchomp
|-damage|p2a: Blaziken|59/100|[from] item: Rocky Helmet|[of] p1a: Garchomp
|faint|p1a: Garchomp
|-damage|p2a: Blaziken|49/100|[from] item: Life Orb
|
|-ability|p2a: Blaziken|Speed Boost|boost
|-boost|p2a: Blaziken|spe|1
|upkeep
|
|t:|1760429397
|switch|p1a: Thundurus|Thundurus-Therian, M|46/100
|turn|36
|
|t:|1760429402
|-terastallize|p1a: Thundurus|Fairy
|move|p2a: Blaziken|Protect|p2a: Blaziken
|-singleturn|p2a: Blaziken|Protect
|move|p1a: Thundurus|Tera Blast|p2a: Blaziken|[anim] Tera Blast Fairy
|-activate|p2a: Blaziken|move: Protect
|
|-ability|p2a: Blaziken|Speed Boost|boost
|-boost|p2a: Blaziken|spe|1
|upkeep
|turn|37
|
|t:|1760429406
|move|p2a: Blaziken|Flare Blitz|p1a: Thundurus
|-damage|p1a: Thundurus|0 fnt
|faint|p1a: Thundurus
|-damage|p2a: Blaziken|34/100|[from] Recoil
|-damage|p2a: Blaziken|24/100|[from] item: Life Orb
|
|-ability|p2a: Blaziken|Speed Boost|boost
|-boost|p2a: Blaziken|spe|1
|upkeep
|
|t:|1760429408
|switch|p1a: Corviknight|Corviknight, F|47/100
|-ability|p1a: Corviknight|Pressure
|turn|38
|
|t:|1760429410
|move|p2a: Blaziken|Flare Blitz|p1a: Corviknight
|-supereffective|p1a: Corviknight
|-damage|p1a: Corviknight|0 fnt
|faint|p1a: Corviknight
|-damage|p2a: Blaziken|6/100|[from] Recoil
|-damage|p2a: Blaziken|0 fnt|[from] item: Life Orb
|faint|p2a: Blaziken
|
|win|yanyee
|raw|ChessDennis's rating: 1344 &rarr; <strong>1321</strong><br />(-23 for losing)
|raw|yanyee's rating: 1287 &rarr; <strong>1316</strong><br />(+29 for winning)
|l|☆yanyee
|player|p2|
|l|☆ChessDennis
|player|p1|
