|j|☆junin77PT
|j|☆jrg123
|t:|1760299922
|gametype|singles
|player|p1|junin77PT|265|1409
|player|p2|jrg123|266|1456
|gen|9
|tier|[Gen 9] OU
|rated|
|rule|HP Percentage Mod: HP is shown in percentages
|rule|Endless Battle Clause: Forcing endless battles is banned
|rule|Species Clause: Limit one of each Pokémon
|rule|OHKO Clause: OHKO moves are banned
|rule|Evasion Items Clause: Evasion items are banned
|rule|Evasion Moves Clause: Evasion moves are banned
|rule|Evasion Abilities Clause: Evasion abilities are banned
|rule|Sleep Moves Clause: Sleep-inducing moves are banned
|clearpoke
|poke|p1|Kyurem|
|poke|p1|Great Tusk|
|poke|p1|Scizor, M|
|poke|p1|Primarina, F|
|poke|p1|Iron Valiant|
|poke|p1|Zamazenta-*|
|poke|p2|Kyurem|
|poke|p2|Corviknight, F|
|poke|p2|Ting-Lu|
|poke|p2|Dondozo, M|
|poke|p2|Slowking-Galar, L99, F|
|poke|p2|Cinderace, M|
|teampreview
|inactive|Battle timer is ON: inactive players will automatically lose when time's up. (requested by jrg123)
|
|t:|1760299974
|teamsize|p1|6
|teamsize|p2|6
|start
|switch|p1a: Scizor|Scizor, M|100/100
|switch|p2a: Slowking|Slowking-Galar, L99, F|100/100
|turn|1
|inactive|junin77PT has 120 seconds left.
|
|t:|1760300008
|switch|p2a: Corviknight|Corviknight, F|100/100
|-ability|p2a: Corviknight|Pressure
|move|p1a: Scizor|Knock Off|p2a: Corviknight
|-damage|p2a: Corviknight|66/100
|-damage|p1a: Scizor|84/100|[from] item: Rocky Helmet|[of] p2a: Corviknight
|-enditem|p2a: Corviknight|Rocky Helmet|[from] move: Knock Off|[of] p1a: Scizor
|
|upkeep
|turn|2
|inactive|junin77PT has 120 seconds left.
|
|t:|1760300026
|switch|p1a: Primarina|Primarina, F|100/100
|move|p2a: Corviknight|Roost|p2a: Corviknight
|-heal|p2a: Corviknight|100/100
|-singleturn|p2a: Corviknight|move: Roost
|
|upkeep
|turn|3
|
|t:|1760300032
|switch|p2a: Slowking|Slowking-Galar, L99, F|100/100
|move|p1a: Primarina|Surf|p2a: Slowking
|-damage|p2a: Slowking|70/100
|
|upkeep
|turn|4
|inactive|junin77PT has 120 seconds left.
|
|t:|1760300048
|move|p1a: Primarina|Surf|p2a: Slowking
|-damage|p2a: Slowking|41/100
|move|p2a: Slowking|Toxic|p1a: Primarina
|-status|p1a: Primarina|tox
|
|-damage|p1a: Primarina|94/100 tox|[from] psn
|upkeep
|turn|5
|
|t:|1760300075
|switch|p2a: Dondozo|Dondozo, M|100/100
|move|p1a: Primarina|Flip Turn|p2a: Dondozo
|-resisted|p2a: Dondozo
|-damage|p2a: Dondozo|97/100
|inactive|junin77PT has 120 seconds left.
|
|t:|1760300096
|switch|p1a: Kyurem|Kyurem|100/100|[from] Flip Turn
|-ability|p1a: Kyurem|Pressure
|
|-heal|p2a: Dondozo|100/100|[from] item: Leftovers
|upkeep
|turn|6
|inactive|junin77PT has 120 seconds left.
|inactive|jrg123 has 120 seconds left.
|
|t:|1760300133
|switch|p2a: Cinderace|Cinderace, M|100/100
|move|p1a: Kyurem|Freeze-Dry|p2a: Cinderace
|-resisted|p2a: Cinderace
|-damage|p2a: Cinderace|78/100
|
|upkeep
|turn|7
|
|t:|1760300144
|switch|p1a: Primarina|Primarina, F|94/100 tox
|move|p2a: Cinderace|Will-O-Wisp||[still]
|-fail|p2a: Cinderace
|
|-damage|p1a: Primarina|88/100 tox|[from] psn
|upkeep
|turn|8
|
|t:|1760300148
|move|p2a: Cinderace|U-turn|p1a: Primarina
|-resisted|p1a: Primarina
|-damage|p1a: Primarina|77/100 tox
|
|t:|1760300151
|switch|p2a: Slowking|Slowking-Galar, L99, F|75/100|[from] U-turn
|move|p1a: Primarina|Flip Turn|p2a: Slowking
|-damage|p2a: Slowking|60/100
|
|t:|1760300156
|switch|p1a: Scizor|Scizor, M|84/100|[from] Flip Turn
|
|upkeep
|turn|9
|inactive|junin77PT has 120 seconds left.
|inactive|jrg123 has 120 seconds left.
|
|t:|1760300179
|switch|p2a: Corviknight|Corviknight, F|100/100
|-ability|p2a: Corviknight|Pressure
|move|p1a: Scizor|U-turn|p2a: Corviknight
|-resisted|p2a: Corviknight
|-damage|p2a: Corviknight|91/100
|inactive|junin77PT has 90 seconds left.
|
|t:|1760300236
|switch|p1a: Primarina|Primarina, F|77/100 tox|[from] U-turn
|
|-damage|p1a: Primarina|70/100 tox|[from] psn
|upkeep
|turn|10
|
|t:|1760300242
|move|p1a: Primarina|Flip Turn|p2a: Corviknight
|-damage|p2a: Corviknight|82/100
|
|t:|1760300247
|switch|p1a: Great Tusk|Great Tusk|100/100|[from] Flip Turn
|move|p2a: Corviknight|U-turn|p1a: Great Tusk
|-resisted|p1a: Great Tusk
|-damage|p1a: Great Tusk|95/100
|
|t:|1760300254
|switch|p2a: Kyurem|Kyurem|100/100|[from] U-turn
|-ability|p2a: Kyurem|Pressure
|
|upkeep
|turn|11
|inactive|junin77PT has 90 seconds left.
|
|t:|1760300262
|-end|p1a: Great Tusk|Protosynthesis|[silent]
|switch|p1a: Scizor|Scizor, M|84/100
|-terastallize|p2a: Kyurem|Ground
|move|p2a: Kyurem|Freeze-Dry|p1a: Scizor
|-resisted|p1a: Scizor
|-damage|p1a: Scizor|61/100
|
|upkeep
|turn|12
|inactive|junin77PT has 90 seconds left.
|
|t:|1760300274
|move|p2a: Kyurem|Earth Power|p1a: Scizor
|-damage|p1a: Scizor|5/100
|move|p1a: Scizor|U-turn|p2a: Kyurem
|-damage|p2a: Kyurem|45/100
|inactive|junin77PT has 90 seconds left.
|inactive|junin77PT has 60 seconds left.
|
|t:|1760300325
|switch|p1a: Zamazenta|Zamazenta|100/100|[from] U-turn
|-ability|p1a: Zamazenta|Dauntless Shield|boost
|-boost|p1a: Zamazenta|def|1
|
|-heal|p2a: Kyurem|51/100|[from] item: Leftovers
|upkeep
|turn|13
|
|t:|1760300340
|switch|p2a: Dondozo|Dondozo, M|100/100
|move|p1a: Zamazenta|Body Press|p2a: Dondozo
|-damage|p2a: Dondozo|85/100
|
|-heal|p2a: Dondozo|91/100|[from] item: Leftovers
|upkeep
|turn|14
|
|t:|1760300362
|switch|p1a: Primarina|Primarina, F|70/100 tox
|move|p2a: Dondozo|Body Press|p1a: Primarina
|-resisted|p1a: Primarina
|-damage|p1a: Primarina|51/100 tox
|
|-heal|p2a: Dondozo|97/100|[from] item: Leftovers
|-damage|p1a: Primarina|45/100 tox|[from] psn
|upkeep
|turn|15
|
|t:|1760300372
|switch|p2a: Slowking|Slowking-Galar, L99, F|93/100
|move|p1a: Primarina|Psychic Noise|p2a: Slowking
|-damage|p2a: Slowking|77/100
|-start|p2a: Slowking|move: Heal Block
|
|-damage|p1a: Primarina|33/100 tox|[from] psn
|upkeep
|turn|16
|
|t:|1760300381
|move|p1a: Primarina|Flip Turn|p2a: Slowking
|-damage|p2a: Slowking|55/100
|
|t:|1760300385
|switch|p1a: Scizor|Scizor, M|5/100|[from] Flip Turn
|move|p2a: Slowking|Future Sight|p1a: Scizor
|-start|p2a: Slowking|move: Future Sight
|
|-end|p2a: Slowking|move: Heal Block
|upkeep
|turn|17
|inactive|junin77PT has 60 seconds left.
|
|t:|1760300396
|switch|p2a: Corviknight|Corviknight, F|82/100
|-ability|p2a: Corviknight|Pressure
|move|p1a: Scizor|U-turn|p2a: Corviknight
|-resisted|p2a: Corviknight
|-damage|p2a: Corviknight|73/100
|inactive|junin77PT has 60 seconds left.
|
|t:|1760300410
|switch|p1a: Primarina|Primarina, F|33/100 tox|[from] U-turn
|
|-damage|p1a: Primarina|26/100 tox|[from] psn
|upkeep
|turn|18
|
|t:|1760300419
|switch|p2a: Slowking|Slowking-Galar, L99, F|89/100
|move|p1a: Primarina|Surf|p2a: Slowking
|-damage|p2a: Slowking|46/100
|
|-end|p1a: Primarina|move: Future Sight
|-damage|p1a: Primarina|2/100 tox
|-damage|p1a: Primarina|0 fnt|[from] psn
|faint|p1a: Primarina
|upkeep
|inactive|junin77PT has 60 seconds left.
|
|t:|1760300453
|switch|p1a: Kyurem|Kyurem|100/100
|-ability|p1a: Kyurem|Pressure
|turn|19
|
|t:|1760300472
|switch|p2a: Dondozo|Dondozo, M|97/100
|move|p1a: Kyurem|Dragon Dance|p1a: Kyurem
|-boost|p1a: Kyurem|atk|1
|-boost|p1a: Kyurem|spe|1
|
|-heal|p2a: Dondozo|100/100|[from] item: Leftovers
|upkeep
|turn|20
|
|t:|1760300488
|move|p1a: Kyurem|Freeze-Dry|p2a: Dondozo
|-supereffective|p2a: Dondozo
|-damage|p2a: Dondozo|24/100
|move|p2a: Dondozo|Body Press|p1a: Kyurem
|-supereffective|p1a: Kyurem
|-damage|p1a: Kyurem|42/100
|
|-heal|p2a: Dondozo|30/100|[from] item: Leftovers
|upkeep
|turn|21
|
|t:|1760300504
|move|p1a: Kyurem|Freeze-Dry|p2a: Dondozo
|-supereffective|p2a: Dondozo
|-damage|p2a: Dondozo|0 fnt
|faint|p2a: Dondozo
|
|upkeep
|
|t:|1760300515
|switch|p2a: Corviknight|Corviknight, F|73/100
|-ability|p2a: Corviknight|Pressure
|turn|22
|inactive|junin77PT has 60 seconds left.
|
|t:|1760300532
|move|p1a: Kyurem|Icicle Spear|p2a: Corviknight
|-damage|p2a: Corviknight|59/100
|-damage|p2a: Corviknight|45/100
|-damage|p2a: Corviknight|33/100
|-damage|p2a: Corviknight|19/100
|-hitcount|p2a: Corviknight|4
|move|p2a: Corviknight|Brave Bird|p1a: Kyurem
|-damage|p1a: Kyurem|3/100
|-damage|p2a: Corviknight|6/100|[from] Recoil
|
|upkeep
|turn|23
|c|☆junin77PT|crazy
|
|t:|1760300555
|move|p1a: Kyurem|Icicle Spear|p2a: Corviknight
|-damage|p2a: Corviknight|0 fnt
|faint|p2a: Corviknight
|-hitcount|p2: Corviknight|1
|
|upkeep
|inactive|jrg123 has 120 seconds left.
|
|t:|1760300576
|switch|p2a: Slowking|Slowking-Galar, L99, F|79/100
|turn|24
|
|t:|1760300585
|-terastallize|p1a: Kyurem|Ice
|move|p1a: Kyurem|Icicle Spear|p2a: Slowking
|-damage|p2a: Slowking|48/100
|-damage|p2a: Slowking|18/100
|-hitcount|p2a: Slowking|2
|move|p2a: Slowking|Sludge Bomb|p1a: Kyurem
|-damage|p1a: Kyurem|0 fnt
|faint|p1a: Kyurem
|
|upkeep
|c|☆junin77PT|bruh
|
|t:|1760300600
|switch|p1a: Great Tusk|Great Tusk|95/100
|turn|25
|
|t:|1760300606
|move|p1a: Great Tusk|Headlong Rush|p2a: Slowking
|-supereffective|p2a: Slowking
|-damage|p2a: Slowking|0 fnt
|-unboost|p1a: Great Tusk|def|1
|-unboost|p1a: Great Tusk|spd|1
|faint|p2a: Slowking
|
|upkeep
|
|t:|1760300609
|switch|p2a: Kyurem|Kyurem, tera:Ground|51/100
|-ability|p2a: Kyurem|Pressure
|turn|26
|inactive|junin77PT has 60 seconds left.
|inactive|junin77PT has 30 seconds left.
|inactive|junin77PT has 20 seconds left.
|inactive|junin77PT has 15 seconds left.
|
|t:|1760300662
|move|p2a: Kyurem|Freeze-Dry|p1a: Great Tusk
|-supereffective|p1a: Great Tusk
|-damage|p1a: Great Tusk|0 fnt
|faint|p1a: Great Tusk
|-end|p1a: Great Tusk|Protosynthesis|[silent]
|
|-heal|p2a: Kyurem|58/100|[from] item: Leftovers
|upkeep
|inactive|junin77PT has 20 seconds left this turn.
|
|t:|1760300664
|switch|p1a: Zamazenta|Zamazenta|100/100
|turn|27
|inactive|junin77PT has 30 seconds left this turn.
|
|t:|1760300679
|move|p1a: Zamazenta|Iron Defense|p1a: Zamazenta
|-boost|p1a: Zamazenta|def|2
|move|p2a: Kyurem|Earth Power|p1a: Zamazenta
|-damage|p1a: Zamazenta|63/100
|-unboost|p1a: Zamazenta|spd|1
|
|-heal|p1a: Zamazenta|69/100|[from] item: Leftovers
|-heal|p2a: Kyurem|64/100|[from] item: Leftovers
|upkeep
|turn|28
|inactive|junin77PT has 30 seconds left.
|
|t:|1760300684
|move|p1a: Zamazenta|Body Press|p2a: Kyurem
|-damage|p2a: Kyurem|1/100
|move|p2a: Kyurem|Earth Power|p1a: Zamazenta
|-damage|p1a: Zamazenta|20/100
|
|-heal|p1a: Zamazenta|26/100|[from] item: Leftovers
|-heal|p2a: Kyurem|7/100|[from] item: Leftovers
|upkeep
|turn|29
|c|☆junin77PT|bruh
|
|t:|1760300695
|move|p1a: Zamazenta|Body Press|p2a: Kyurem
|-damage|p2a: Kyurem|0 fnt
|faint|p2a: Kyurem
|
|-heal|p1a: Zamazenta|32/100|[from] item: Leftovers
|upkeep
|
|t:|1760300700
|switch|p2a: Cinderace|Cinderace, M|78/100
|turn|30
|
|t:|1760300709
|move|p1a: Zamazenta|Substitute|p1a: Zamazenta
|-start|p1a: Zamazenta|Substitute
|-damage|p1a: Zamazenta|7/100
|move|p2a: Cinderace|Will-O-Wisp||[still]
|-fail|p2a: Cinderace
|
|-heal|p1a: Zamazenta|13/100|[from] item: Leftovers
|upkeep
|turn|31
|-message|jrg123 forfeited.
|
|win|junin77PT
|raw|junin77PT's rating: 1409 &rarr; <strong>1432</strong><br />(+23 for winning)
|raw|jrg123's rating: 1456 &rarr; <strong>1433</strong><br />(-23 for losing)
|l|☆jrg123
|player|p2|
