|j|☆Jikm4n
|j|☆Glocklutherking
|t:|1760462364
|gametype|singles
|player|p1|Jikm4n|li|1132
|player|p2|Glocklutherking|benga|1123
|gen|9
|tier|[Gen 9] OU
|rated|
|rule|HP Percentage Mod: HP is shown in percentages
|rule|Endless Battle Clause: Forcing endless battles is banned
|rule|Species Clause: Limit one of each Pokémon
|rule|OHKO Clause: OHKO moves are banned
|rule|Evasion Items Clause: Evasion items are banned
|rule|Evasion Moves Clause: Evasion moves are banned
|rule|Evasion Abilities Clause: Evasion abilities are banned
|rule|Sleep Moves Clause: Sleep-inducing moves are banned
|clearpoke
|poke|p1|Grimmsnarl, M|
|poke|p1|Flamigo, M|
|poke|p1|Coalossal, M|
|poke|p1|Furret, F|
|poke|p1|Sandaconda, F|
|poke|p1|Dragalge, M|
|poke|p2|Ceruledge, F|
|poke|p2|Dragonite, F|
|poke|p2|Garganacl, F|
|poke|p2|Great Tusk|
|poke|p2|Samurott-Hisui, F|
|poke|p2|Latias, F|
|teampreview
|inactive|Battle timer is ON: inactive players will automatically lose when time's up. (requested by Glocklutherking)
|
|t:|1760462376
|teamsize|p1|6
|teamsize|p2|6
|start
|switch|p1a: Flamigo|Flamigo, M|100/100
|switch|p2a: Latias|Latias, F|100/100
|turn|1
|
|t:|1760462381
|move|p1a: Flamigo|U-turn|p2a: Latias
|-supereffective|p2a: Latias
|-damage|p2a: Latias|59/100
|
|t:|1760462385
|switch|p1a: Grimmsnarl|Grimmsnarl, M|100/100|[from] U-turn
|move|p2a: Latias|Calm Mind|p2a: Latias
|-boost|p2a: Latias|spa|1
|-boost|p2a: Latias|spd|1
|
|-heal|p2a: Latias|65/100|[from] item: Leftovers
|upkeep
|turn|2
|
|t:|1760462392
|-terastallize|p2a: Latias|Fairy
|move|p2a: Latias|Calm Mind|p2a: Latias
|-boost|p2a: Latias|spa|1
|-boost|p2a: Latias|spd|1
|move|p1a: Grimmsnarl|Crunch|p2a: Latias
|-resisted|p2a: Latias
|-crit|p2a: Latias
|-damage|p2a: Latias|29/100
|
|-heal|p2a: Latias|35/100|[from] item: Leftovers
|upkeep
|turn|3
|
|t:|1760462399
|move|p2a: Latias|Draining Kiss|p1a: Grimmsnarl
|-supereffective|p1a: Grimmsnarl
|-damage|p1a: Grimmsnarl|4/100
|-heal|p2a: Latias|100/100|[from] drain|[of] p1a: Grimmsnarl
|move|p1a: Grimmsnarl|Spirit Break|p2a: Latias
|-damage|p2a: Latias|64/100
|-unboost|p2a: Latias|spa|1
|
|-heal|p2a: Latias|70/100|[from] item: Leftovers
|upkeep
|turn|4
|
|t:|1760462413
|move|p1a: Grimmsnarl|Thunder Wave|p2a: Latias
|-status|p2a: Latias|par
|move|p2a: Latias|Draining Kiss|p1a: Grimmsnarl
|-supereffective|p1a: Grimmsnarl
|-damage|p1a: Grimmsnarl|0 fnt
|-heal|p2a: Latias|73/100 par|[from] drain|[of] p1a: Grimmsnarl
|faint|p1a: Grimmsnarl
|
|-heal|p2a: Latias|79/100 par|[from] item: Leftovers
|upkeep
|
|t:|1760462418
|switch|p1a: Dragalge|Dragalge, M|100/100
|turn|5
|
|t:|1760462425
|move|p1a: Dragalge|Sludge Wave|p2a: Latias
|-supereffective|p2a: Latias
|-damage|p2a: Latias|17/100 par
|cant|p2a: Latias|par
|
|-heal|p2a: Latias|23/100 par|[from] item: Leftovers
|upkeep
|turn|6
|
|t:|1760462432
|move|p1a: Dragalge|Sludge Wave|p2a: Latias
|-supereffective|p2a: Latias
|-damage|p2a: Latias|0 fnt
|faint|p2a: Latias
|
|upkeep
|
|t:|1760462440
|switch|p2a: Garganacl|Garganacl, F|100/100
|turn|7
|
|t:|1760462443
|switch|p1a: Sandaconda|Sandaconda, F|100/100
|move|p2a: Garganacl|Salt Cure|p1a: Sandaconda
|-resisted|p1a: Sandaconda
|-damage|p1a: Sandaconda|96/100
|-start|p1a: Sandaconda|Salt Cure
|
|-heal|p1a: Sandaconda|100/100|[from] item: Leftovers
|-damage|p1a: Sandaconda|88/100|[from] Salt Cure
|upkeep
|turn|8
|
|t:|1760462448
|switch|p2a: Dragonite|Dragonite, F|100/100
|move|p1a: Sandaconda|Coil|p1a: Sandaconda
|-boost|p1a: Sandaconda|atk|1
|-boost|p1a: Sandaconda|def|1
|-boost|p1a: Sandaconda|accuracy|1
|
|-heal|p1a: Sandaconda|94/100|[from] item: Leftovers
|-damage|p1a: Sandaconda|82/100|[from] Salt Cure
|upkeep
|turn|9
|
|t:|1760462452
|move|p2a: Dragonite|Encore|p1a: Sandaconda
|-start|p1a: Sandaconda|Encore
|move|p1a: Sandaconda|Coil|p1a: Sandaconda
|-boost|p1a: Sandaconda|atk|1
|-boost|p1a: Sandaconda|def|1
|-boost|p1a: Sandaconda|accuracy|1
|
|-heal|p1a: Sandaconda|88/100|[from] item: Leftovers
|-damage|p1a: Sandaconda|75/100|[from] Salt Cure
|upkeep
|turn|10
|
|t:|1760462463
|move|p2a: Dragonite|Dragon Dance|p2a: Dragonite
|-boost|p2a: Dragonite|atk|1
|-boost|p2a: Dragonite|spe|1
|move|p1a: Sandaconda|Coil|p1a: Sandaconda
|-boost|p1a: Sandaconda|atk|1
|-boost|p1a: Sandaconda|def|1
|-boost|p1a: Sandaconda|accuracy|1
|
|-heal|p1a: Sandaconda|82/100|[from] item: Leftovers
|-damage|p1a: Sandaconda|69/100|[from] Salt Cure
|upkeep
|turn|11
|
|t:|1760462469
|move|p2a: Dragonite|Dragon Dance|p2a: Dragonite
|-boost|p2a: Dragonite|atk|1
|-boost|p2a: Dragonite|spe|1
|move|p1a: Sandaconda|Coil|p1a: Sandaconda
|-boost|p1a: Sandaconda|atk|1
|-boost|p1a: Sandaconda|def|1
|-boost|p1a: Sandaconda|accuracy|1
|
|-heal|p1a: Sandaconda|75/100|[from] item: Leftovers
|-damage|p1a: Sandaconda|63/100|[from] Salt Cure
|-end|p1a: Sandaconda|Encore
|upkeep
|turn|12
|
|t:|1760462471
|move|p2a: Dragonite|Encore|p1a: Sandaconda
|-start|p1a: Sandaconda|Encore
|move|p1a: Sandaconda|Coil|p1a: Sandaconda
|-boost|p1a: Sandaconda|atk|1
|-boost|p1a: Sandaconda|def|1
|-boost|p1a: Sandaconda|accuracy|1
|
|-heal|p1a: Sandaconda|69/100|[from] item: Leftovers
|-damage|p1a: Sandaconda|57/100|[from] Salt Cure
|upkeep
|turn|13
|
|t:|1760462479
|move|p2a: Dragonite|Dragon Dance|p2a: Dragonite
|-boost|p2a: Dragonite|atk|1
|-boost|p2a: Dragonite|spe|1
|move|p1a: Sandaconda|Coil|p1a: Sandaconda
|-boost|p1a: Sandaconda|atk|1
|-boost|p1a: Sandaconda|def|1
|-boost|p1a: Sandaconda|accuracy|1
|
|-heal|p1a: Sandaconda|63/100|[from] item: Leftovers
|-damage|p1a: Sandaconda|50/100|[from] Salt Cure
|upkeep
|turn|14
|
|t:|1760462486
|move|p2a: Dragonite|Dragon Dance|p2a: Dragonite
|-boost|p2a: Dragonite|atk|1
|-boost|p2a: Dragonite|spe|1
|move|p1a: Sandaconda|Coil|p1a: Sandaconda
|-boost|p1a: Sandaconda|atk|0
|-boost|p1a: Sandaconda|def|0
|-boost|p1a: Sandaconda|accuracy|0
|
|-heal|p1a: Sandaconda|56/100|[from] item: Leftovers
|-damage|p1a: Sandaconda|44/100|[from] Salt Cure
|-end|p1a: Sandaconda|Encore
|upkeep
|turn|15
|
|t:|1760462491
|move|p2a: Dragonite|Encore|p1a: Sandaconda
|-start|p1a: Sandaconda|Encore
|move|p1a: Sandaconda|Coil|p1a: Sandaconda
|-boost|p1a: Sandaconda|atk|0
|-boost|p1a: Sandaconda|def|0
|-boost|p1a: Sandaconda|accuracy|0
|
|-heal|p1a: Sandaconda|50/100|[from] item: Leftovers
|-damage|p1a: Sandaconda|38/100|[from] Salt Cure
|upkeep
|turn|16
|-message|Jikm4n forfeited.
|
|win|Glocklutherking
|raw|Jikm4n's rating: 1132 &rarr; <strong>1106</strong><br />(-26 for losing)
|raw|Glocklutherking's rating: 1123 &rarr; <strong>1149</strong><br />(+26 for winning)
|l|☆Jikm4n
|player|p1|
|l|☆Glocklutherking
|player|p2|
