|j|☆KuroNoTamashi
|j|☆Fiexthur0314
|t:|1760447787
|gametype|singles
|player|p1|KuroNoTamashi|169|1432
|player|p2|Fiexthur0314|1|1424
|gen|9
|tier|[Gen 9] OU
|rated|
|rule|HP Percentage Mod: HP is shown in percentages
|rule|Endless Battle Clause: Forcing endless battles is banned
|rule|Species Clause: Limit one of each Pokémon
|rule|OHKO Clause: OHKO moves are banned
|rule|Evasion Items Clause: Evasion items are banned
|rule|Evasion Moves Clause: Evasion moves are banned
|rule|Evasion Abilities Clause: Evasion abilities are banned
|rule|Sleep Moves Clause: Sleep-inducing moves are banned
|clearpoke
|poke|p1|Dragapult, F|
|poke|p1|Fezandipiti, M|
|poke|p1|Moltres|
|poke|p1|Alomomola, F|
|poke|p1|Kingambit, F|
|poke|p1|Hatterene, F|
|poke|p2|Pelipper, F|
|poke|p2|Thundurus-Therian, M|
|poke|p2|Barraskewda, F|
|poke|p2|Toxicroak, M|
|poke|p2|Iron Treads|
|poke|p2|Hatterene, F|
|teampreview
|inactive|Battle timer is ON: inactive players will automatically lose when time's up. (requested by Fiexthur0314)
|
|t:|1760447793
|teamsize|p1|6
|teamsize|p2|6
|start
|switch|p1a: Fezandipiti|Fezandipiti, M|100/100
|switch|p2a: Pelipper|Pelipper, F|100/100
|-weather|RainDance|[from] ability: Drizzle|[of] p2a: Pelipper
|turn|1
|
|t:|1760447795
|move|p1a: Fezandipiti|Moonblast|p2a: Pelipper
|-damage|p2a: Pelipper|53/100
|move|p2a: Pelipper|U-turn|p1a: Fezandipiti
|-resisted|p1a: Fezandipiti
|-damage|p1a: Fezandipiti|98/100
|
|t:|1760447804
|switch|p2a: Iron Treads|Iron Treads|100/100|[from] U-turn
|
|-weather|RainDance|[upkeep]
|upkeep
|turn|2
|
|t:|1760447807
|switch|p1a: Hatterene|Hatterene, F|100/100
|move|p2a: Iron Treads|Stealth Rock|p1a: Hatterene
|move|p1a: Hatterene|Stealth Rock|p2a: Iron Treads|[from] ability: Magic Bounce
|-sidestart|p2: Fiexthur0314|move: Stealth Rock
|
|-weather|RainDance|[upkeep]
|upkeep
|turn|3
|
|t:|1760447814
|switch|p1a: Alomomola|Alomomola, F|100/100
|move|p2a: Iron Treads|Rapid Spin|p1a: Alomomola
|-damage|p1a: Alomomola|90/100
|-boost|p2a: Iron Treads|spe|1
|-sideend|p2: Fiexthur0314|Stealth Rock|[from] move: Rapid Spin|[of] p2a: Iron Treads
|
|-weather|RainDance|[upkeep]
|upkeep
|turn|4
|
|t:|1760447820
|switch|p1a: Hatterene|Hatterene, F|100/100
|move|p2a: Iron Treads|Stealth Rock|p1a: Hatterene
|move|p1a: Hatterene|Stealth Rock|p2a: Iron Treads|[from] ability: Magic Bounce
|-sidestart|p2: Fiexthur0314|move: Stealth Rock
|
|-weather|RainDance|[upkeep]
|upkeep
|turn|5
|
|t:|1760447825
|move|p2a: Iron Treads|Rapid Spin|p1a: Hatterene
|-damage|p1a: Hatterene|86/100
|-boost|p2a: Iron Treads|spe|1
|-sideend|p2: Fiexthur0314|Stealth Rock|[from] move: Rapid Spin|[of] p2a: Iron Treads
|move|p1a: Hatterene|Mystical Fire|p2a: Iron Treads
|-supereffective|p2a: Iron Treads
|-damage|p2a: Iron Treads|67/100
|-unboost|p2a: Iron Treads|spa|1
|
|-weather|RainDance|[upkeep]
|-heal|p2a: Iron Treads|73/100|[from] item: Leftovers
|upkeep
|turn|6
|
|t:|1760447837
|move|p2a: Iron Treads|Earthquake|p1a: Hatterene
|-damage|p1a: Hatterene|43/100
|move|p1a: Hatterene|Mystical Fire|p2a: Iron Treads
|-supereffective|p2a: Iron Treads
|-damage|p2a: Iron Treads|41/100
|-unboost|p2a: Iron Treads|spa|1
|
|-weather|RainDance|[upkeep]
|-heal|p2a: Iron Treads|47/100|[from] item: Leftovers
|upkeep
|turn|7
|
|t:|1760447843
|move|p2a: Iron Treads|Earthquake|p1a: Hatterene
|-damage|p1a: Hatterene|4/100
|move|p1a: Hatterene|Mystical Fire|p2a: Iron Treads
|-supereffective|p2a: Iron Treads
|-damage|p2a: Iron Treads|10/100
|-unboost|p2a: Iron Treads|spa|1
|
|-weather|RainDance|[upkeep]
|-heal|p2a: Iron Treads|16/100|[from] item: Leftovers
|upkeep
|turn|8
|
|t:|1760447851
|switch|p1a: Moltres|Moltres|100/100
|move|p2a: Iron Treads|Ice Spinner|p1a: Moltres
|-damage|p1a: Moltres|87/100
|
|-weather|none
|-heal|p2a: Iron Treads|22/100|[from] item: Leftovers
|upkeep
|turn|9
|
|t:|1760447860
|-end|p2a: Iron Treads|Quark Drive|[silent]
|switch|p2a: Pelipper|Pelipper, F|53/100
|-weather|RainDance|[from] ability: Drizzle|[of] p2a: Pelipper
|move|p1a: Moltres|Hurricane|p2a: Pelipper
|-damage|p2a: Pelipper|13/100
|-start|p2a: Pelipper|confusion
|
|-weather|RainDance|[upkeep]
|upkeep
|turn|10
|
|t:|1760447869
|switch|p2a: Thundurus|Thundurus-Therian, M|100/100
|move|p1a: Moltres|Hurricane|p2a: Thundurus
|-resisted|p2a: Thundurus
|-crit|p2a: Thundurus
|-damage|p2a: Thundurus|54/100
|-start|p2a: Thundurus|confusion
|
|-weather|RainDance|[upkeep]
|upkeep
|turn|11
|
|t:|1760447878
|switch|p1a: Hatterene|Hatterene, F|4/100
|-activate|p2a: Thundurus|confusion
|move|p2a: Thundurus|Thunder|p1a: Hatterene
|-damage|p1a: Hatterene|0 fnt
|faint|p1a: Hatterene
|
|-weather|RainDance|[upkeep]
|upkeep
|
|t:|1760447883
|switch|p1a: Fezandipiti|Fezandipiti, M|98/100
|turn|12
|
|t:|1760447895
|switch|p2a: Iron Treads|Iron Treads|22/100
|move|p1a: Fezandipiti|Moonblast|p2a: Iron Treads
|-resisted|p2a: Iron Treads
|-damage|p2a: Iron Treads|0 fnt
|faint|p2a: Iron Treads
|-end|p2a: Iron Treads|Quark Drive|[silent]
|
|-weather|RainDance|[upkeep]
|upkeep
|
|t:|1760447903
|switch|p2a: Barraskewda|Barraskewda, F|100/100
|turn|13
|
|t:|1760447909
|switch|p1a: Alomomola|Alomomola, F|100/100
|move|p2a: Barraskewda|Liquidation|p1a: Alomomola
|-resisted|p1a: Alomomola
|-damage|p1a: Alomomola|56/100
|-unboost|p1a: Alomomola|def|1
|
|-weather|RainDance|[upkeep]
|upkeep
|turn|14
|
|t:|1760447918
|move|p2a: Barraskewda|Liquidation|p1a: Alomomola
|-resisted|p1a: Alomomola
|-crit|p1a: Alomomola
|-damage|p1a: Alomomola|0 fnt
|faint|p1a: Alomomola
|
|-weather|RainDance|[upkeep]
|upkeep
|
|t:|1760447921
|switch|p1a: Dragapult|Dragapult, F, shiny|100/100
|turn|15
|
|t:|1760447928
|switch|p2a: Thundurus|Thundurus-Therian, M|54/100
|move|p1a: Dragapult|Dragon Darts|p2a: Thundurus
|-damage|p2a: Thundurus|0 fnt
|faint|p2a: Thundurus
|
|-weather|RainDance|[upkeep]
|upkeep
|
|t:|1760447931
|switch|p2a: Hatterene|Hatterene, F|100/100
|turn|16
|
|t:|1760447940
|switch|p1a: Kingambit|Kingambit, F|100/100
|-activate|p1a: Kingambit|ability: Supreme Overlord
|-start|p1a: Kingambit|fallen2|[silent]
|-terastallize|p2a: Hatterene|Dark
|move|p2a: Hatterene|Draining Kiss|p1a: Kingambit
|-damage|p1a: Kingambit|79/100
|
|-weather|none
|upkeep
|turn|17
|
|t:|1760447946
|switch|p2a: Toxicroak|Toxicroak, M|100/100
|move|p1a: Kingambit|Iron Head|p2a: Toxicroak
|-damage|p2a: Toxicroak|53/100
|-damage|p1a: Kingambit|62/100|[from] item: Rocky Helmet|[of] p2a: Toxicroak
|
|upkeep
|turn|18
|
|t:|1760447953
|-end|p1a: Kingambit|fallen2|[silent]
|switch|p1a: Moltres|Moltres|87/100
|move|p2a: Toxicroak|Drain Punch|p1a: Moltres
|-resisted|p1a: Moltres
|-damage|p1a: Moltres|78/100
|-heal|p2a: Toxicroak|58/100|[from] drain|[of] p1a: Moltres
|
|upkeep
|turn|19
|
|t:|1760447961
|move|p2a: Toxicroak|Protect|p2a: Toxicroak
|-singleturn|p2a: Toxicroak|Protect
|move|p1a: Moltres|Hurricane|p2a: Toxicroak
|-activate|p2a: Toxicroak|move: Protect
|
|upkeep
|turn|20
|
|t:|1760447971
|switch|p2a: Pelipper|Pelipper, F|13/100
|-weather|RainDance|[from] ability: Drizzle|[of] p2a: Pelipper
|move|p1a: Moltres|Hurricane|p2a: Pelipper
|-damage|p2a: Pelipper|0 fnt
|faint|p2a: Pelipper
|
|-weather|RainDance|[upkeep]
|upkeep
|
|t:|1760447986
|switch|p2a: Hatterene|Hatterene, F, tera:Dark|100/100
|turn|21
|
|t:|1760447993
|move|p1a: Moltres|U-turn|p2a: Hatterene
|-supereffective|p2a: Hatterene
|-damage|p2a: Hatterene|68/100
|
|t:|1760447995
|switch|p1a: Kingambit|Kingambit, F|62/100|[from] U-turn
|-activate|p1a: Kingambit|ability: Supreme Overlord
|-start|p1a: Kingambit|fallen2|[silent]
|move|p2a: Hatterene|Psychic Noise|p1a: Kingambit
|-immune|p1a: Kingambit
|
|-weather|RainDance|[upkeep]
|upkeep
|turn|22
|
|t:|1760448002
|switch|p2a: Toxicroak|Toxicroak, M|58/100
|move|p1a: Kingambit|Iron Head|p2a: Toxicroak
|-damage|p2a: Toxicroak|6/100
|-damage|p1a: Kingambit|46/100|[from] item: Rocky Helmet|[of] p2a: Toxicroak
|
|-weather|RainDance|[upkeep]
|-heal|p2a: Toxicroak|19/100|[from] ability: Dry Skin
|upkeep
|turn|23
|
|t:|1760448005
|-end|p1a: Kingambit|fallen2|[silent]
|switch|p1a: Moltres|Moltres|78/100
|move|p2a: Toxicroak|Protect||[still]
|-fail|p2a: Toxicroak
|
|-weather|RainDance|[upkeep]
|-heal|p2a: Toxicroak|31/100|[from] ability: Dry Skin
|upkeep
|turn|24
|
|t:|1760448011
|move|p2a: Toxicroak|Protect|p2a: Toxicroak
|-singleturn|p2a: Toxicroak|Protect
|move|p1a: Moltres|Hurricane|p2a: Toxicroak
|-activate|p2a: Toxicroak|move: Protect
|
|-weather|RainDance|[upkeep]
|-heal|p2a: Toxicroak|44/100|[from] ability: Dry Skin
|upkeep
|turn|25
|
|t:|1760448017
|switch|p2a: Hatterene|Hatterene, F, tera:Dark|68/100
|move|p1a: Moltres|Hurricane|p2a: Hatterene
|-damage|p2a: Hatterene|37/100
|-start|p2a: Hatterene|confusion
|
|-weather|RainDance|[upkeep]
|upkeep
|turn|26
|
|t:|1760448020
|move|p1a: Moltres|Hurricane|p2a: Hatterene
|-crit|p2a: Hatterene
|-damage|p2a: Hatterene|0 fnt
|faint|p2a: Hatterene
|
|-weather|RainDance|[upkeep]
|upkeep
|
|t:|1760448023
|switch|p2a: Barraskewda|Barraskewda, F|100/100
|turn|27
|
|t:|1760448025
|move|p2a: Barraskewda|Flip Turn|p1a: Moltres
|-supereffective|p1a: Moltres
|-damage|p1a: Moltres|0 fnt
|faint|p1a: Moltres
|
|t:|1760448031
|switch|p2a: Toxicroak|Toxicroak, M|44/100|[from] Flip Turn
|
|-weather|none
|upkeep
|
|t:|1760448033
|switch|p1a: Fezandipiti|Fezandipiti, M|98/100
|turn|28
|
|t:|1760448037
|move|p1a: Fezandipiti|Moonblast|p2a: Toxicroak
|-damage|p2a: Toxicroak|0 fnt
|faint|p2a: Toxicroak
|
|upkeep
|-message|Fiexthur0314 forfeited.
|
|win|KuroNoTamashi
|raw|KuroNoTamashi's rating: 1432 &rarr; <strong>1452</strong><br />(+20 for winning)
|raw|Fiexthur0314's rating: 1424 &rarr; <strong>1404</strong><br />(-20 for losing)
|l|☆Fiexthur0314
|player|p2|
|l|☆KuroNoTamashi
|player|p1|
|j|☆KuroNoTamashi
|player|p1|KuroNoTamashi|169|
