|j|☆randalboy
|j|☆Godislaw
|t:|1760461457
|gametype|singles
|player|p1|randalboy|clown|1317
|player|p2|Godislaw|266|1329
|gen|9
|tier|[Gen 9] OU
|rated|
|rule|HP Percentage Mod: HP is shown in percentages
|rule|Endless Battle Clause: Forcing endless battles is banned
|rule|Species Clause: Limit one of each Pokémon
|rule|OHKO Clause: OHKO moves are banned
|rule|Evasion Items Clause: Evasion items are banned
|rule|Evasion Moves Clause: Evasion moves are banned
|rule|Evasion Abilities Clause: Evasion abilities are banned
|rule|Sleep Moves Clause: Sleep-inducing moves are banned
|clearpoke
|poke|p1|Gholdengo|
|poke|p1|Iron Valiant|
|poke|p1|Slowking-Galar, M|
|poke|p1|Alomomola, F|
|poke|p1|Meowscarada, M|
|poke|p1|Dondozo, M|
|poke|p2|Darkrai|
|poke|p2|Galvantula, F|
|poke|p2|Garchomp, M|
|poke|p2|Dusclops, M|
|poke|p2|Skeledirge, F|
|poke|p2|Ogerpon-Wellspring, F|
|teampreview
|
|t:|1760461469
|teamsize|p1|6
|teamsize|p2|6
|start
|switch|p1a: Gholdengo|Gholdengo|100/100
|switch|p2a: Galvantula|Galvantula, F, shiny|100/100
|turn|1
|
|t:|1760461481
|move|p1a: Gholdengo|Make It Rain|p2a: Galvantula
|-resisted|p2a: Galvantula
|-damage|p2a: Galvantula|47/100
|-unboost|p1a: Gholdengo|spa|1
|move|p2a: Galvantula|Sticky Web|p1a: Gholdengo
|-sidestart|p1: randalboy|move: Sticky Web
|
|upkeep
|turn|2
|
|t:|1760461491
|-terastallize|p1a: Gholdengo|Steel
|move|p1a: Gholdengo|Make It Rain|p2a: Galvantula
|-resisted|p2a: Galvantula
|-damage|p2a: Galvantula|0 fnt
|-unboost|p1a: Gholdengo|spa|1
|faint|p2a: Galvantula
|
|upkeep
|
|t:|1760461503
|switch|p2a: Garchomp|Garchomp, M|100/100
|turn|3
|
|t:|1760461508
|switch|p1a: Alomomola|Alomomola, F|100/100
|-activate|p1a: Alomomola|move: Sticky Web
|-unboost|p1a: Alomomola|spe|1
|move|p2a: Garchomp|Swords Dance|p2a: Garchomp
|-boost|p2a: Garchomp|atk|2
|
|upkeep
|turn|4
|
|t:|1760461520
|move|p2a: Garchomp|Scale Shot|p1a: Alomomola
|-damage|p1a: Alomomola|84/100
|-damage|p1a: Alomomola|70/100
|-damage|p1a: Alomomola|53/100
|-damage|p1a: Alomomola|37/100
|-hitcount|p1a: Alomomola|4
|-unboost|p2a: Garchomp|def|1
|-boost|p2a: Garchomp|spe|1
|move|p1a: Alomomola|Flip Turn|p2a: Garchomp
|-damage|p2a: Garchomp|76/100
|-damage|p1a: Alomomola|25/100|[from] ability: Rough Skin|[of] p2a: Garchomp
|
|t:|1760461533
|switch|p1a: Dondozo|Dondozo, M|100/100|[from] Flip Turn
|-activate|p1a: Dondozo|move: Sticky Web
|-unboost|p1a: Dondozo|spe|1
|
|upkeep
|turn|5
|
|t:|1760461543
|move|p2a: Garchomp|Earthquake|p1a: Dondozo
|-crit|p1a: Dondozo
|-damage|p1a: Dondozo|47/100
|move|p1a: Dondozo|Curse|p1a: Dondozo
|-unboost|p1a: Dondozo|spe|1
|-boost|p1a: Dondozo|atk|1
|-boost|p1a: Dondozo|def|1
|
|-heal|p1a: Dondozo|53/100|[from] item: Leftovers
|upkeep
|turn|6
|
|t:|1760461555
|switch|p2a: Ogerpon|Ogerpon-Wellspring, F|100/100
|move|p1a: Dondozo|Waterfall|p2a: Ogerpon
|-immune|p2a: Ogerpon|[from] ability: Water Absorb
|
|-heal|p1a: Dondozo|60/100|[from] item: Leftovers
|upkeep
|turn|7
|
|t:|1760461563
|move|p2a: Ogerpon|Swords Dance|p2a: Ogerpon
|-boost|p2a: Ogerpon|atk|2
|move|p1a: Dondozo|Body Press|p2a: Ogerpon
|-damage|p2a: Ogerpon|61/100
|
|-heal|p1a: Dondozo|66/100|[from] item: Leftovers
|upkeep
|turn|8
|
|t:|1760461572
|move|p2a: Ogerpon|Horn Leech|p1a: Dondozo
|-supereffective|p1a: Dondozo
|-crit|p1a: Dondozo
|-damage|p1a: Dondozo|0 fnt
|-heal|p2a: Ogerpon|100/100|[from] drain|[of] p1a: Dondozo
|faint|p1a: Dondozo
|
|upkeep
|
|t:|1760461577
|switch|p1a: Slowking|Slowking-Galar, M|100/100
|-activate|p1a: Slowking|move: Sticky Web
|-unboost|p1a: Slowking|spe|1
|turn|9
|
|t:|1760461585
|-terastallize|p2a: Ogerpon|Water
|detailschange|p2a: Ogerpon|Ogerpon-Wellspring-Tera, F, tera:Water
|-ability|p2a: Ogerpon|Embody Aspect (Wellspring)|boost
|-boost|p2a: Ogerpon|spd|1
|move|p2a: Ogerpon|Ivy Cudgel|p1a: Slowking|[anim] Ivy Cudgel Water
|-damage|p1a: Slowking|0 fnt
|faint|p1a: Slowking
|
|upkeep
|c|☆randalboy|Another crit I guess
|c|☆randalboy|lmao
|c|☆randalboy|Yeah can't win with those crits
|c|☆randalboy|ggs
|-message|randalboy forfeited.
|
|win|Godislaw
|raw|randalboy's rating: 1317 &rarr; <strong>1298</strong><br />(-19 for losing)
|raw|Godislaw's rating: 1329 &rarr; <strong>1348</strong><br />(+19 for winning)
|l|☆randalboy
|player|p1|
|l|☆Godislaw
|player|p2|
