|j|☆The Sword of Ruin
|j|☆pcklee
|t:|1760459836
|gametype|singles
|player|p1|The Sword of Ruin|169|1612
|player|p2|pcklee|102|1680
|gen|9
|tier|[Gen 9] OU
|rated|
|rule|HP Percentage Mod: HP is shown in percentages
|rule|Endless Battle Clause: Forcing endless battles is banned
|rule|Species Clause: Limit one of each Pokémon
|rule|OHKO Clause: OHKO moves are banned
|rule|Evasion Items Clause: Evasion items are banned
|rule|Evasion Moves Clause: Evasion moves are banned
|rule|Evasion Abilities Clause: Evasion abilities are banned
|rule|Sleep Moves Clause: Sleep-inducing moves are banned
|clearpoke
|poke|p1|Ogerpon-Wellspring, F|
|poke|p1|Kingambit, M|
|poke|p1|Moltres|
|poke|p1|Great Tusk|
|poke|p1|Slowking-Galar, M|
|poke|p1|Landorus-Therian, M|
|poke|p2|Darkrai|
|poke|p2|Rillaboom, F|
|poke|p2|Zamazenta-*|
|poke|p2|Gholdengo|
|poke|p2|Raging Bolt|
|poke|p2|Cinderace, M|
|teampreview
|
|t:|1760459850
|teamsize|p1|6
|teamsize|p2|6
|start
|switch|p1a: Landorus|Landorus-Therian, M|100/100
|switch|p2a: Darkrai|Darkrai|100/100
|-ability|p1a: Landorus|Intimidate|boost
|-unboost|p2a: Darkrai|atk|1
|turn|1
|inactive|Battle timer is ON: inactive players will automatically lose when time's up. (requested by pcklee)
|j| TysonTokyo
|j| poor ce
|
|t:|1760459874
|move|p1a: Landorus|U-turn|p2a: Darkrai
|-supereffective|p2a: Darkrai
|-damage|p2a: Darkrai|26/100
|
|t:|1760459878
|switch|p1a: Slowking|Slowking-Galar, M|100/100|[from] U-turn
|move|p2a: Darkrai|Dark Pulse|p1a: Slowking
|-supereffective|p1a: Slowking
|-damage|p1a: Slowking|27/100
|
|upkeep
|turn|2
|j| Le Bouquetin
|
|t:|1760459890
|switch|p2a: Cinderace|Cinderace, M|100/100
|switch|p1a: Kingambit|Kingambit, M, shiny|100/100
|
|upkeep
|turn|3
|l|☆The Sword of Ruin
|inactive|The Sword of Ruin disconnected and has a minute to reconnect!
|player|p1|
|j|☆The Sword of Ruin
|inactive|The Sword of Ruin reconnected.
|player|p1|The Sword of Ruin|169|
|inactive|pcklee has 120 seconds left.
|
|t:|1760459928
|-end|p1a: Kingambit|fallenundefined|[silent]
|switch|p1a: Moltres|Moltres, shiny|100/100
|move|p2a: Cinderace|U-turn|p1a: Moltres
|-resisted|p1a: Moltres
|-damage|p1a: Moltres|98/100
|inactive|pcklee has 120 seconds left.
|
|t:|1760459940
|switch|p2a: Raging Bolt|Raging Bolt|100/100|[from] U-turn
|-enditem|p2a: Raging Bolt|Booster Energy
|-activate|p2a: Raging Bolt|ability: Protosynthesis|[fromitem]
|-start|p2a: Raging Bolt|protosynthesisspa
|
|upkeep
|turn|4
|inactive|pcklee has 120 seconds left.
|
|t:|1760459953
|move|p2a: Raging Bolt|Draco Meteor|p1a: Moltres
|-damage|p1a: Moltres|0 fnt
|-unboost|p2a: Raging Bolt|spa|2
|faint|p1a: Moltres
|
|upkeep
|
|t:|1760459962
|switch|p1a: Landorus|Landorus-Therian, M|100/100
|-ability|p1a: Landorus|Intimidate|boost
|-unboost|p2a: Raging Bolt|atk|1
|turn|5
|inactive|pcklee has 120 seconds left.
|
|t:|1760459990
|-end|p2a: Raging Bolt|Protosynthesis|[silent]
|switch|p2a: Zamazenta|Zamazenta|100/100
|-ability|p2a: Zamazenta|Dauntless Shield|boost
|-boost|p2a: Zamazenta|def|1
|move|p1a: Landorus|U-turn|p2a: Zamazenta
|-resisted|p2a: Zamazenta
|-damage|p2a: Zamazenta|94/100
|
|t:|1760459996
|switch|p1a: Slowking|Slowking-Galar, M|61/100|[from] U-turn
|
|-heal|p2a: Zamazenta|99/100|[from] item: Leftovers
|upkeep
|turn|6
|
|t:|1760460006
|move|p2a: Zamazenta|Crunch|p1a: Slowking
|-supereffective|p1a: Slowking
|-damage|p1a: Slowking|16/100
|move|p1a: Slowking|Thunder Wave|p2a: Zamazenta
|-status|p2a: Zamazenta|par
|
|-heal|p2a: Zamazenta|100/100 par|[from] item: Leftovers
|upkeep
|turn|7
|inactive|pcklee has 120 seconds left.
|
|t:|1760460023
|switch|p1a: Landorus|Landorus-Therian, M|100/100
|-ability|p1a: Landorus|Intimidate|boost
|-unboost|p2a: Zamazenta|atk|1
|move|p2a: Zamazenta|Body Press|p1a: Landorus
|-resisted|p1a: Landorus
|-damage|p1a: Landorus|68/100
|
|upkeep
|turn|8
|l| TysonTokyo
|
|t:|1760460040
|move|p1a: Landorus|U-turn|p2a: Zamazenta
|-resisted|p2a: Zamazenta
|-damage|p2a: Zamazenta|94/100 par
|
|t:|1760460041
|switch|p1a: Great Tusk|Great Tusk|100/100|[from] U-turn
|move|p2a: Zamazenta|Crunch|p1a: Great Tusk
|-resisted|p1a: Great Tusk
|-damage|p1a: Great Tusk|97/100
|-damage|p2a: Zamazenta|77/100 par|[from] item: Rocky Helmet|[of] p1a: Great Tusk
|
|-heal|p2a: Zamazenta|83/100 par|[from] item: Leftovers
|upkeep
|turn|9
|
|t:|1760460060
|move|p1a: Great Tusk|Earthquake|p2a: Zamazenta
|-damage|p2a: Zamazenta|62/100 par
|move|p2a: Zamazenta|Roar|p1a: Great Tusk
|-end|p1a: Great Tusk|Protosynthesis|[silent]
|drag|p1a: Ogerpon|Ogerpon-Wellspring, F|100/100
|
|-heal|p2a: Zamazenta|69/100 par|[from] item: Leftovers
|upkeep
|turn|10
|
|t:|1760460069
|move|p1a: Ogerpon|Encore|p2a: Zamazenta
|-start|p2a: Zamazenta|Encore
|move|p2a: Zamazenta|Roar|p1a: Ogerpon
|drag|p1a: Great Tusk|Great Tusk|97/100
|
|-heal|p2a: Zamazenta|75/100 par|[from] item: Leftovers
|upkeep
|turn|11
|
|t:|1760460076
|switch|p2a: Rillaboom|Rillaboom, F|100/100
|-fieldstart|move: Grassy Terrain|[from] ability: Grassy Surge|[of] p2a: Rillaboom
|move|p1a: Great Tusk|Ice Spinner|p2a: Rillaboom
|-supereffective|p2a: Rillaboom
|-damage|p2a: Rillaboom|50/100
|-fieldend|move: Grassy Terrain
|
|upkeep
|turn|12
|inactive|pcklee has 120 seconds left.
|
|t:|1760460094
|switch|p2a: Cinderace|Cinderace, M|100/100
|move|p1a: Great Tusk|Stealth Rock|p2a: Cinderace
|-sidestart|p2: pcklee|move: Stealth Rock
|
|upkeep
|turn|13
|
|t:|1760460100
|move|p2a: Cinderace|Will-O-Wisp|p1a: Great Tusk
|-status|p1a: Great Tusk|brn
|move|p1a: Great Tusk|Earthquake|p2a: Cinderace
|-supereffective|p2a: Cinderace
|-damage|p2a: Cinderace|51/100
|
|-damage|p1a: Great Tusk|91/100 brn|[from] brn
|upkeep
|turn|14
|inactive|pcklee has 120 seconds left.
|
|t:|1760460112
|move|p2a: Cinderace|Court Change|p2a: Cinderace
|-swapsideconditions
|-activate|p2a: Cinderace|move: Court Change
|move|p1a: Great Tusk|Rapid Spin|p2a: Cinderace
|-damage|p2a: Cinderace|43/100
|-boost|p1a: Great Tusk|spe|1
|-sideend|p1: The Sword of Ruin|Stealth Rock|[from] move: Rapid Spin|[of] p1a: Great Tusk
|
|-damage|p1a: Great Tusk|85/100 brn|[from] brn
|upkeep
|turn|15
|
|t:|1760460121
|switch|p2a: Rillaboom|Rillaboom, F|50/100
|-fieldstart|move: Grassy Terrain|[from] ability: Grassy Surge|[of] p2a: Rillaboom
|move|p1a: Great Tusk|Stealth Rock|p2a: Rillaboom
|-sidestart|p2: pcklee|move: Stealth Rock
|
|-heal|p1a: Great Tusk|91/100 brn|[from] Grassy Terrain
|-heal|p2a: Rillaboom|56/100|[from] Grassy Terrain
|-damage|p1a: Great Tusk|85/100 brn|[from] brn
|upkeep
|turn|16
|inactive|pcklee has 120 seconds left.
|
|t:|1760460142
|-end|p1a: Great Tusk|Protosynthesis|[silent]
|switch|p1a: Kingambit|Kingambit, M, shiny|100/100
|-activate|p1a: Kingambit|ability: Supreme Overlord
|-start|p1a: Kingambit|fallen1|[silent]
|move|p2a: Rillaboom|Grassy Glide|p1a: Kingambit
|-resisted|p1a: Kingambit
|-damage|p1a: Kingambit|78/100
|
|-heal|p2a: Rillaboom|62/100|[from] Grassy Terrain
|-heal|p1a: Kingambit|84/100|[from] Grassy Terrain
|-heal|p1a: Kingambit|90/100|[from] item: Leftovers
|upkeep
|turn|17
|inactive|pcklee has 120 seconds left.
|
|t:|1760460155
|switch|p2a: Cinderace|Cinderace, M|43/100
|move|p1a: Kingambit|Low Kick|p2a: Cinderace
|-damage|p2a: Cinderace|10/100
|
|-heal|p2a: Cinderace|16/100|[from] Grassy Terrain
|-heal|p1a: Kingambit|96/100|[from] Grassy Terrain
|-heal|p1a: Kingambit|100/100|[from] item: Leftovers
|upkeep
|turn|18
|inactive|pcklee has 120 seconds left.
|
|t:|1760460164
|-end|p1a: Kingambit|fallen1|[silent]
|switch|p1a: Great Tusk|Great Tusk|85/100 brn
|move|p2a: Cinderace|Court Change|p2a: Cinderace
|-swapsideconditions
|-activate|p2a: Cinderace|move: Court Change
|
|-heal|p2a: Cinderace|22/100|[from] Grassy Terrain
|-heal|p1a: Great Tusk|91/100 brn|[from] Grassy Terrain
|-damage|p1a: Great Tusk|85/100 brn|[from] brn
|upkeep
|turn|19
|inactive|pcklee has 120 seconds left.
|
|t:|1760460178
|switch|p2a: Gholdengo|Gholdengo|100/100
|-enditem|p2a: Gholdengo|Grassy Seed
|-boost|p2a: Gholdengo|def|1|[from] item: Grassy Seed
|move|p1a: Great Tusk|Stealth Rock|p2a: Gholdengo
|-sidestart|p2: pcklee|move: Stealth Rock
|
|-heal|p1a: Great Tusk|91/100 brn|[from] Grassy Terrain
|-damage|p1a: Great Tusk|85/100 brn|[from] brn
|-fieldend|move: Grassy Terrain
|upkeep
|turn|20
|inactive|pcklee has 120 seconds left.
|
|t:|1760460192
|-end|p1a: Great Tusk|Protosynthesis|[silent]
|switch|p1a: Ogerpon|Ogerpon-Wellspring, F|100/100
|-damage|p1a: Ogerpon|88/100|[from] Stealth Rock
|move|p2a: Gholdengo|Make It Rain|p1a: Ogerpon
|-resisted|p1a: Ogerpon
|-damage|p1a: Ogerpon|50/100
|-unboost|p2a: Gholdengo|spa|1
|
|upkeep
|turn|21
|inactive|pcklee has 120 seconds left.
|
|t:|1760460207
|move|p1a: Ogerpon|U-turn|p2a: Gholdengo
|-resisted|p2a: Gholdengo
|-damage|p2a: Gholdengo|96/100
|
|t:|1760460209
|switch|p1a: Kingambit|Kingambit, M, shiny|100/100|[from] U-turn
|-damage|p1a: Kingambit|94/100|[from] Stealth Rock
|-activate|p1a: Kingambit|ability: Supreme Overlord
|-start|p1a: Kingambit|fallen1|[silent]
|move|p2a: Gholdengo|Shadow Ball|p1a: Kingambit
|-resisted|p1a: Kingambit
|-damage|p1a: Kingambit|80/100
|
|-heal|p1a: Kingambit|86/100|[from] item: Leftovers
|upkeep
|turn|22
|inactive|pcklee has 120 seconds left.
|
|t:|1760460227
|switch|p2a: Zamazenta|Zamazenta|75/100 par
|-damage|p2a: Zamazenta|69/100 par|[from] Stealth Rock
|move|p1a: Kingambit|Low Kick|p2a: Zamazenta
|-damage|p2a: Zamazenta|30/100 par
|
|-heal|p2a: Zamazenta|37/100 par|[from] item: Leftovers
|-heal|p1a: Kingambit|93/100|[from] item: Leftovers
|upkeep
|turn|23
|inactive|pcklee has 120 seconds left.
|
|t:|1760460240
|-end|p1a: Kingambit|fallen1|[silent]
|switch|p1a: Great Tusk|Great Tusk|85/100 brn
|-damage|p1a: Great Tusk|82/100 brn|[from] Stealth Rock
|move|p2a: Zamazenta|Roar|p1a: Great Tusk
|-end|p1a: Great Tusk|Protosynthesis|[silent]
|drag|p1a: Landorus|Landorus-Therian, M|68/100
|-damage|p1a: Landorus|56/100|[from] Stealth Rock
|-ability|p1a: Landorus|Intimidate|boost
|-unboost|p2a: Zamazenta|atk|1
|
|-heal|p2a: Zamazenta|43/100 par|[from] item: Leftovers
|upkeep
|turn|24
|inactive|pcklee has 120 seconds left.
|
|t:|1760460250
|move|p1a: Landorus|U-turn|p2a: Zamazenta
|-resisted|p2a: Zamazenta
|-damage|p2a: Zamazenta|33/100 par
|
|t:|1760460253
|switch|p1a: Great Tusk|Great Tusk|82/100 brn|[from] U-turn
|-damage|p1a: Great Tusk|79/100 brn|[from] Stealth Rock
|move|p2a: Zamazenta|Roar|p1a: Great Tusk
|-end|p1a: Great Tusk|Protosynthesis|[silent]
|drag|p1a: Landorus|Landorus-Therian, M|56/100
|-damage|p1a: Landorus|43/100|[from] Stealth Rock
|-ability|p1a: Landorus|Intimidate|boost
|-unboost|p2a: Zamazenta|atk|1
|
|-heal|p2a: Zamazenta|39/100 par|[from] item: Leftovers
|upkeep
|turn|25
|
|t:|1760460263
|move|p1a: Landorus|U-turn|p2a: Zamazenta
|-resisted|p2a: Zamazenta
|-damage|p2a: Zamazenta|30/100 par
|
|t:|1760460265
|switch|p1a: Great Tusk|Great Tusk|79/100 brn|[from] U-turn
|-damage|p1a: Great Tusk|76/100 brn|[from] Stealth Rock
|cant|p2a: Zamazenta|par
|
|-heal|p2a: Zamazenta|36/100 par|[from] item: Leftovers
|-damage|p1a: Great Tusk|69/100 brn|[from] brn
|upkeep
|turn|26
|
|t:|1760460276
|switch|p2a: Gholdengo|Gholdengo|96/100
|-damage|p2a: Gholdengo|90/100|[from] Stealth Rock
|move|p1a: Great Tusk|Earthquake|p2a: Gholdengo
|-supereffective|p2a: Gholdengo
|-damage|p2a: Gholdengo|44/100
|
|-damage|p1a: Great Tusk|63/100 brn|[from] brn
|upkeep
|turn|27
|
|t:|1760460286
|switch|p2a: Rillaboom|Rillaboom, F|62/100
|-damage|p2a: Rillaboom|49/100|[from] Stealth Rock
|-fieldstart|move: Grassy Terrain|[from] ability: Grassy Surge|[of] p2a: Rillaboom
|-end|p1a: Great Tusk|Protosynthesis|[silent]
|switch|p1a: Kingambit|Kingambit, M, shiny|93/100
|-damage|p1a: Kingambit|86/100|[from] Stealth Rock
|-activate|p1a: Kingambit|ability: Supreme Overlord
|-start|p1a: Kingambit|fallen1|[silent]
|
|-heal|p2a: Rillaboom|55/100|[from] Grassy Terrain
|-heal|p1a: Kingambit|93/100|[from] Grassy Terrain
|-heal|p1a: Kingambit|99/100|[from] item: Leftovers
|upkeep
|turn|28
|l|☆pcklee
|inactive|pcklee disconnected and has a minute to reconnect!
|player|p2|
|inactive|pcklee has 30 seconds to reconnect!
|inactive|pcklee has 20 seconds to reconnect!
|inactive|pcklee has 15 seconds to reconnect!
|inactive|pcklee has 10 seconds to reconnect!
|inactive|pcklee has 5 seconds to reconnect!
|-message|pcklee lost due to inactivity.
|
|win|The Sword of Ruin
|raw|The Sword of Ruin's rating: 1612 &rarr; <strong>1636</strong><br />(+24 for winning)
|raw|pcklee's rating: 1680 &rarr; <strong>1656</strong><br />(-24 for losing)
|l|☆The Sword of Ruin
|player|p1|
|l| Le Bouquetin
|l| poor ce
