|j|☆Kiraink
|j|☆Bluelamentation
|t:|1760392519
|gametype|singles
|player|p1|Kiraink|grimsley|1388
|player|p2|Bluelamentation|giovanni|1342
|gen|9
|tier|[Gen 9] OU
|rated|
|rule|HP Percentage Mod: HP is shown in percentages
|rule|Endless Battle Clause: Forcing endless battles is banned
|rule|Species Clause: Limit one of each Pokémon
|rule|OHKO Clause: OHKO moves are banned
|rule|Evasion Items Clause: Evasion items are banned
|rule|Evasion Moves Clause: Evasion moves are banned
|rule|Evasion Abilities Clause: Evasion abilities are banned
|rule|Sleep Moves Clause: Sleep-inducing moves are banned
|clearpoke
|poke|p1|Iron Valiant|
|poke|p1|Raging Bolt|
|poke|p1|Great Tusk|
|poke|p1|Alomomola, F|
|poke|p1|Slowking-Galar, F|
|poke|p1|Enamorus, F|
|poke|p2|Talonflame, M|
|poke|p2|Iron Crown|
|poke|p2|Keldeo-Resolute|
|poke|p2|Garganacl, M|
|poke|p2|Pecharunt|
|poke|p2|Rotom-Mow|
|teampreview
|inactive|Battle timer is ON: inactive players will automatically lose when time's up. (requested by Bluelamentation)
|
|t:|1760392527
|teamsize|p1|6
|teamsize|p2|6
|start
|switch|p1a: Raging Bolt|Raging Bolt|100/100
|switch|p2a: Rotom|Rotom-Mow|100/100
|turn|1
|
|t:|1760392531
|move|p2a: Rotom|Trick|p1a: Raging Bolt
|-activate|p2a: Rotom|move: Trick|[of] p1a: Raging Bolt
|-item|p1a: Raging Bolt|Choice Scarf|[from] move: Trick
|-item|p2a: Rotom|Heavy-Duty Boots|[from] move: Trick
|move|p1a: Raging Bolt|Draco Meteor|p2a: Rotom
|-damage|p2a: Rotom|13/100
|-unboost|p1a: Raging Bolt|spa|2
|
|upkeep
|turn|2
|
|t:|1760392542
|switch|p2a: Garganacl|Garganacl, M|100/100
|move|p1a: Raging Bolt|Draco Meteor|p2a: Garganacl
|-damage|p2a: Garganacl|74/100
|-unboost|p1a: Raging Bolt|spa|2
|
|-heal|p2a: Garganacl|80/100|[from] item: Leftovers
|upkeep
|turn|3
|
|t:|1760392552
|-end|p1a: Raging Bolt|Protosynthesis|[silent]
|switch|p1a: Slowking|Slowking-Galar, F|100/100
|move|p2a: Garganacl|Stealth Rock|p1a: Slowking
|-sidestart|p1: Kiraink|move: Stealth Rock
|
|-heal|p2a: Garganacl|86/100|[from] item: Leftovers
|upkeep
|turn|4
|
|t:|1760392556
|move|p2a: Garganacl|Salt Cure|p1a: Slowking
|-damage|p1a: Slowking|87/100
|-start|p1a: Slowking|Salt Cure
|-prepare|p1a: Slowking|Chilly Reception|[premajor]
|move|p1a: Slowking|Chilly Reception|p1a: Slowking
|-weather|Snowscape
|
|t:|1760392571
|switch|p1a: Iron Valiant|Iron Valiant|100/100|[from] Chilly Reception
|-damage|p1a: Iron Valiant|94/100|[from] Stealth Rock
|
|-weather|Snowscape|[upkeep]
|-heal|p2a: Garganacl|92/100|[from] item: Leftovers
|upkeep
|turn|5
|
|t:|1760392576
|-terastallize|p2a: Garganacl|Fairy
|move|p1a: Iron Valiant|Moonblast|p2a: Garganacl
|-damage|p2a: Garganacl|44/100
|-unboost|p2a: Garganacl|spa|1
|move|p2a: Garganacl|Salt Cure|p1a: Iron Valiant
|-resisted|p1a: Iron Valiant
|-damage|p1a: Iron Valiant|86/100
|-start|p1a: Iron Valiant|Salt Cure
|
|-weather|Snowscape|[upkeep]
|-heal|p2a: Garganacl|50/100|[from] item: Leftovers
|-damage|p1a: Iron Valiant|74/100|[from] Salt Cure
|upkeep
|turn|6
|
|t:|1760392589
|switch|p2a: Pecharunt|Pecharunt|100/100
|move|p1a: Iron Valiant|Moonblast|p2a: Pecharunt
|-resisted|p2a: Pecharunt
|-damage|p2a: Pecharunt|63/100
|
|-weather|Snowscape|[upkeep]
|-damage|p1a: Iron Valiant|61/100|[from] Salt Cure
|upkeep
|turn|7
|c|☆Bluelamentation|is that specs ival lmao
|
|t:|1760392599
|-end|p1a: Iron Valiant|Quark Drive|[silent]
|switch|p1a: Alomomola|Alomomola, F|100/100
|-damage|p1a: Alomomola|88/100|[from] Stealth Rock
|move|p2a: Pecharunt|Recover|p2a: Pecharunt
|-heal|p2a: Pecharunt|100/100
|
|-weather|Snowscape|[upkeep]
|upkeep
|turn|8
|
|t:|1760392601
|move|p2a: Pecharunt|Malignant Chain|p1a: Alomomola
|-damage|p1a: Alomomola|48/100
|move|p1a: Alomomola|Flip Turn|p2a: Pecharunt
|-damage|p2a: Pecharunt|93/100
|
|t:|1760392609
|switch|p1a: Great Tusk|Great Tusk|100/100|[from] Flip Turn
|
|-weather|none
|upkeep
|turn|9
|
|t:|1760392620
|switch|p2a: Talonflame|Talonflame, M|100/100
|move|p1a: Great Tusk|Headlong Rush|p2a: Talonflame
|-immune|p2a: Talonflame
|
|upkeep
|turn|10
|
|t:|1760392632
|switch|p2a: Iron Crown|Iron Crown|100/100
|-end|p1a: Great Tusk|Protosynthesis|[silent]
|switch|p1a: Alomomola|Alomomola, F|82/100
|-damage|p1a: Alomomola|69/100|[from] Stealth Rock
|
|upkeep
|turn|11
|
|t:|1760392643
|move|p2a: Iron Crown|Future Sight|p1a: Alomomola
|-start|p2a: Iron Crown|move: Future Sight
|move|p1a: Alomomola|Flip Turn|p2a: Iron Crown
|-damage|p2a: Iron Crown|82/100
|
|t:|1760392661
|switch|p1a: Enamorus|Enamorus, F|100/100|[from] Flip Turn
|-damage|p1a: Enamorus|76/100|[from] Stealth Rock
|
|upkeep
|turn|12
|
|t:|1760392667
|-end|p2a: Iron Crown|Quark Drive|[silent]
|switch|p2a: Talonflame|Talonflame, M|100/100
|move|p1a: Enamorus|Mystical Fire|p2a: Talonflame
|-resisted|p2a: Talonflame
|-damage|p2a: Talonflame|82/100
|-unboost|p2a: Talonflame|spa|1
|
|upkeep
|turn|13
|
|t:|1760392676
|move|p1a: Enamorus|Mystical Fire|p2a: Talonflame
|-resisted|p2a: Talonflame
|-damage|p2a: Talonflame|62/100
|-unboost|p2a: Talonflame|spa|1
|move|p2a: Talonflame|Roost|p2a: Talonflame
|-heal|p2a: Talonflame|100/100
|-singleturn|p2a: Talonflame|move: Roost
|
|-end|p1a: Enamorus|move: Future Sight
|-damage|p1a: Enamorus|0 fnt
|faint|p1a: Enamorus
|upkeep
|
|t:|1760392689
|switch|p1a: Raging Bolt|Raging Bolt|100/100
|-damage|p1a: Raging Bolt|88/100|[from] Stealth Rock
|turn|14
|
|t:|1760392697
|switch|p2a: Iron Crown|Iron Crown|82/100
|move|p1a: Raging Bolt|Thunderbolt|p2a: Iron Crown
|-damage|p2a: Iron Crown|49/100
|
|upkeep
|turn|15
|
|t:|1760392705
|-end|p1a: Raging Bolt|Protosynthesis|[silent]
|switch|p1a: Slowking|Slowking-Galar, F|100/100
|move|p2a: Iron Crown|Future Sight|p1a: Slowking
|-start|p2a: Iron Crown|move: Future Sight
|
|upkeep
|turn|16
|
|t:|1760392715
|-terastallize|p1a: Slowking|Water
|move|p2a: Iron Crown|Psyshock|p1a: Slowking
|-damage|p1a: Slowking|61/100
|move|p1a: Slowking|Future Sight|p2a: Iron Crown
|-start|p1a: Slowking|move: Future Sight
|
|upkeep
|turn|17
|
|t:|1760392723
|move|p2a: Iron Crown|Volt Switch|p1a: Slowking
|-supereffective|p1a: Slowking
|-damage|p1a: Slowking|31/100
|
|t:|1760392733
|-end|p2a: Iron Crown|Quark Drive|[silent]
|switch|p2a: Keldeo|Keldeo-Resolute|100/100|[from] Volt Switch
|-prepare|p1a: Slowking|Chilly Reception|[premajor]
|move|p1a: Slowking|Chilly Reception|p1a: Slowking
|-weather|Snowscape
|
|t:|1760392735
|switch|p1a: Alomomola|Alomomola, F|100/100|[from] Chilly Reception
|-damage|p1a: Alomomola|88/100|[from] Stealth Rock
|
|-weather|Snowscape|[upkeep]
|-end|p1a: Alomomola|move: Future Sight
|-damage|p1a: Alomomola|15/100
|upkeep
|turn|18
|
|t:|1760392742
|switch|p1a: Slowking|Slowking-Galar, F, tera:Water|64/100
|move|p2a: Keldeo|Surf|p1a: Slowking
|-resisted|p1a: Slowking
|-damage|p1a: Slowking|50/100
|
|-weather|Snowscape|[upkeep]
|-end|p2a: Keldeo|move: Future Sight
|-supereffective|p2a: Keldeo
|-damage|p2a: Keldeo|4/100
|upkeep
|turn|19
|
|t:|1760392756
|switch|p2a: Rotom|Rotom-Mow|13/100
|-prepare|p1a: Slowking|Chilly Reception|[premajor]
|move|p1a: Slowking|Chilly Reception|p1a: Slowking
|
|t:|1760392763
|switch|p1a: Iron Valiant|Iron Valiant|61/100|[from] Chilly Reception
|-damage|p1a: Iron Valiant|55/100|[from] Stealth Rock
|
|-weather|Snowscape|[upkeep]
|upkeep
|turn|20
|
|t:|1760392766
|move|p1a: Iron Valiant|Moonblast|p2a: Rotom
|-damage|p2a: Rotom|0 fnt
|faint|p2a: Rotom
|
|-weather|Snowscape|[upkeep]
|upkeep
|
|t:|1760392770
|switch|p2a: Keldeo|Keldeo-Resolute|4/100
|turn|21
|
|t:|1760392774
|-end|p1a: Iron Valiant|Quark Drive|[silent]
|switch|p1a: Slowking|Slowking-Galar, F, tera:Water|83/100
|move|p2a: Keldeo|Secret Sword|p1a: Slowking
|-damage|p1a: Slowking|32/100
|
|-weather|none
|upkeep
|turn|22
|
|t:|1760392781
|switch|p1a: Alomomola|Alomomola, F|48/100
|-damage|p1a: Alomomola|36/100|[from] Stealth Rock
|move|p2a: Keldeo|Secret Sword|p1a: Alomomola
|-damage|p1a: Alomomola|10/100
|
|upkeep
|turn|23
|
|t:|1760392784
|move|p2a: Keldeo|Secret Sword|p1a: Alomomola
|-damage|p1a: Alomomola|0 fnt
|faint|p1a: Alomomola
|
|upkeep
|
|t:|1760392794
|switch|p1a: Iron Valiant|Iron Valiant|55/100
|-damage|p1a: Iron Valiant|49/100|[from] Stealth Rock
|turn|24
|
|t:|1760392798
|switch|p2a: Pecharunt|Pecharunt|93/100
|move|p1a: Iron Valiant|Vacuum Wave|p2a: Pecharunt
|-immune|p2a: Pecharunt
|
|upkeep
|turn|25
|
|t:|1760392803
|-end|p1a: Iron Valiant|Quark Drive|[silent]
|switch|p1a: Slowking|Slowking-Galar, F, tera:Water|66/100
|move|p2a: Pecharunt|Malignant Chain|p1a: Slowking
|-crit|p1a: Slowking
|-damage|p1a: Slowking|40/100
|-status|p1a: Slowking|tox
|-start|p1a: Slowking|confusion|[from] ability: Poison Puppeteer|[of] p2a: Pecharunt
|
|-damage|p1a: Slowking|33/100 tox|[from] psn
|upkeep
|turn|26
|
|t:|1760392811
|move|p2a: Pecharunt|Hex|p1a: Slowking
|-damage|p1a: Slowking|9/100 tox
|-prepare|p1a: Slowking|Chilly Reception|[premajor]
|-activate|p1a: Slowking|confusion
|-damage|p1a: Slowking|3/100 tox|[from] confusion
|
|-damage|p1a: Slowking|0 fnt|[from] psn
|faint|p1a: Slowking
|upkeep
|
|t:|1760392827
|switch|p1a: Great Tusk|Great Tusk|100/100
|turn|27
|
|t:|1760392834
|switch|p2a: Talonflame|Talonflame, M|100/100
|move|p1a: Great Tusk|Ice Spinner|p2a: Talonflame
|-damage|p2a: Talonflame|66/100
|-status|p1a: Great Tusk|brn|[from] ability: Flame Body|[of] p2a: Talonflame
|
|-damage|p1a: Great Tusk|94/100 brn|[from] brn
|upkeep
|turn|28
|
|t:|1760392843
|switch|p2a: Garganacl|Garganacl, M, tera:Fairy|50/100
|move|p1a: Great Tusk|Rapid Spin|p2a: Garganacl
|-damage|p2a: Garganacl|45/100
|-boost|p1a: Great Tusk|spe|1
|-sideend|p1: Kiraink|Stealth Rock|[from] move: Rapid Spin|[of] p1a: Great Tusk
|
|-heal|p2a: Garganacl|51/100|[from] item: Leftovers
|-damage|p1a: Great Tusk|88/100 brn|[from] brn
|upkeep
|turn|29
|
|t:|1760392850
|move|p1a: Great Tusk|Headlong Rush|p2a: Garganacl
|-damage|p2a: Garganacl|34/100
|-unboost|p1a: Great Tusk|def|1
|-unboost|p1a: Great Tusk|spd|1
|move|p2a: Garganacl|Recover|p2a: Garganacl
|-heal|p2a: Garganacl|84/100
|
|-heal|p2a: Garganacl|90/100|[from] item: Leftovers
|-damage|p1a: Great Tusk|82/100 brn|[from] brn
|upkeep
|turn|30
|-message|Kiraink forfeited.
|
|win|Bluelamentation
|raw|Kiraink's rating: 1388 &rarr; <strong>1365</strong><br />(-23 for losing)
|raw|Bluelamentation's rating: 1342 &rarr; <strong>1365</strong><br />(+23 for winning)
|l|☆Kiraink
|player|p1|
|l|☆Bluelamentation
|player|p2|
