|j|☆lousiv
|j|☆Ostenberg
|t:|1760438110
|gametype|singles
|player|p1|lousiv|guitarist|1313
|player|p2|Ostenberg|dawn|1371
|gen|9
|tier|[Gen 9] OU
|rated|
|rule|HP Percentage Mod: HP is shown in percentages
|rule|Endless Battle Clause: Forcing endless battles is banned
|rule|Species Clause: Limit one of each Pokémon
|rule|OHKO Clause: OHKO moves are banned
|rule|Evasion Items Clause: Evasion items are banned
|rule|Evasion Moves Clause: Evasion moves are banned
|rule|Evasion Abilities Clause: Evasion abilities are banned
|rule|Sleep Moves Clause: Sleep-inducing moves are banned
|clearpoke
|poke|p1|Blissey, F|
|poke|p1|Sableye, M|
|poke|p1|Venusaur, F|
|poke|p1|Quagsire, M|
|poke|p1|Mandibuzz, F|
|poke|p1|Mienshao, M|
|poke|p2|Ogerpon-Wellspring, F|
|poke|p2|Toxapex, M|
|poke|p2|Meowscarada, F|
|poke|p2|Metagross|
|poke|p2|Moltres|
|poke|p2|Great Tusk|
|teampreview
|inactive|Battle timer is ON: inactive players will automatically lose when time's up. (requested by lousiv)
|c|☆Ostenberg|Holy shit that's a bulky team it's gonna be hard
|inactive|Ostenberg has 120 seconds left.
|
|t:|1760438162
|teamsize|p1|6
|teamsize|p2|6
|start
|switch|p1a: Sableye|Sableye, M|100/100
|switch|p2a: Metagross|Metagross|100/100
|turn|1
|c|☆lousiv|heh
|
|t:|1760438184
|switch|p2a: Moltres|Moltres|100/100
|move|p1a: Sableye|Will-O-Wisp|p2a: Moltres
|-immune|p2a: Moltres
|
|upkeep
|turn|2
|
|t:|1760438195
|switch|p1a: Blissey|Blissey, F|100/100
|move|p2a: Moltres|Flamethrower|p1a: Blissey
|-damage|p1a: Blissey|83/100
|
|upkeep
|turn|3
|
|t:|1760438204
|switch|p2a: Toxapex|Toxapex, M|100/100
|move|p1a: Blissey|Thunder Wave|p2a: Toxapex
|-status|p2a: Toxapex|par
|
|upkeep
|turn|4
|
|t:|1760438211
|move|p1a: Blissey|Stealth Rock|p2a: Toxapex
|-sidestart|p2: Ostenberg|move: Stealth Rock
|move|p2a: Toxapex|Toxic|p1a: Blissey
|-status|p1a: Blissey|tox
|
|-damage|p1a: Blissey|77/100 tox|[from] psn
|upkeep
|turn|5
|
|t:|1760438218
|-curestatus|p1a: Blissey|tox|[from] ability: Natural Cure
|switch|p1a: Venusaur|Venusaur, F|100/100
|move|p2a: Toxapex|Infestation|p1a: Venusaur
|-damage|p1a: Venusaur|98/100
|-activate|p1a: Venusaur|move: Infestation|[of] p2a: Toxapex
|
|-heal|p1a: Venusaur|100/100|[from] item: Black Sludge
|-damage|p1a: Venusaur|88/100|[from] move: Infestation|[partiallytrapped]
|upkeep
|turn|6
|
|t:|1760438230
|switch|p2a: Moltres|Moltres|100/100
|move|p1a: Venusaur|Knock Off|p2a: Moltres
|-damage|p2a: Moltres|83/100
|-enditem|p2a: Moltres|Heavy-Duty Boots|[from] move: Knock Off|[of] p1a: Venusaur
|
|-heal|p1a: Venusaur|94/100|[from] item: Black Sludge
|-end|p1a: Venusaur|Infestation|[partiallytrapped]|[silent]
|upkeep
|turn|7
|
|t:|1760438239
|switch|p1a: Blissey|Blissey, F|77/100
|move|p2a: Moltres|Flamethrower|p1a: Blissey
|-damage|p1a: Blissey|60/100
|
|upkeep
|turn|8
|
|t:|1760438250
|switch|p2a: Great Tusk|Great Tusk|100/100
|-damage|p2a: Great Tusk|98/100|[from] Stealth Rock
|-enditem|p2a: Great Tusk|Booster Energy
|-activate|p2a: Great Tusk|ability: Protosynthesis|[fromitem]
|-start|p2a: Great Tusk|protosynthesisatk
|move|p1a: Blissey|Soft-Boiled|p1a: Blissey
|-heal|p1a: Blissey|100/100
|
|upkeep
|turn|9
|
|t:|1760438264
|switch|p1a: Sableye|Sableye, M|100/100
|move|p2a: Great Tusk|Rapid Spin|p1a: Sableye
|-immune|p1a: Sableye
|
|upkeep
|turn|10
|
|t:|1760438273
|-end|p2a: Great Tusk|Protosynthesis|[silent]
|switch|p2a: Moltres|Moltres|83/100
|-damage|p2a: Moltres|33/100|[from] Stealth Rock
|move|p1a: Sableye|Will-O-Wisp|p2a: Moltres|[miss]
|-miss|p1a: Sableye|p2a: Moltres
|
|upkeep
|turn|11
|
|t:|1760438281
|move|p1a: Sableye|Taunt|p2a: Moltres
|-start|p2a: Moltres|move: Taunt
|cant|p2a: Moltres|move: Taunt|Roost
|
|upkeep
|turn|12
|
|t:|1760438288
|switch|p1a: Blissey|Blissey, F|100/100
|move|p2a: Moltres|Scorching Sands|p1a: Blissey
|-damage|p1a: Blissey|90/100
|
|upkeep
|turn|13
|
|t:|1760438296
|switch|p2a: Toxapex|Toxapex, M|100/100 par
|-damage|p2a: Toxapex|88/100 par|[from] Stealth Rock
|move|p1a: Blissey|Thunder Wave|p2a: Toxapex
|-fail|p2a: Toxapex|par
|
|upkeep
|turn|14
|
|t:|1760438315
|switch|p1a: Sableye|Sableye, M|100/100
|move|p2a: Toxapex|Infestation|p1a: Sableye
|-damage|p1a: Sableye|96/100
|-activate|p1a: Sableye|move: Infestation|[of] p2a: Toxapex
|
|-heal|p1a: Sableye|100/100|[from] item: Leftovers
|-damage|p1a: Sableye|88/100|[from] move: Infestation|[partiallytrapped]
|upkeep
|turn|15
|
|t:|1760438325
|move|p1a: Sableye|Taunt|p2a: Toxapex
|-start|p2a: Toxapex|move: Taunt
|cant|p2a: Toxapex|move: Taunt|Toxic
|
|-heal|p1a: Sableye|94/100|[from] item: Leftovers
|-damage|p1a: Sableye|82/100|[from] move: Infestation|[partiallytrapped]
|upkeep
|turn|16
|
|t:|1760438333
|move|p1a: Sableye|Knock Off|p2a: Toxapex
|-damage|p2a: Toxapex|70/100 par
|-damage|p1a: Sableye|65/100|[from] item: Rocky Helmet|[of] p2a: Toxapex
|-enditem|p2a: Toxapex|Rocky Helmet|[from] move: Knock Off|[of] p1a: Sableye
|move|p2a: Toxapex|Infestation|p1a: Sableye
|-damage|p1a: Sableye|61/100
|
|-heal|p1a: Sableye|67/100|[from] item: Leftovers
|-damage|p1a: Sableye|55/100|[from] move: Infestation|[partiallytrapped]
|upkeep
|turn|17
|
|t:|1760438345
|move|p1a: Sableye|Recover|p1a: Sableye
|-heal|p1a: Sableye|100/100
|cant|p2a: Toxapex|par
|
|-damage|p1a: Sableye|88/100|[from] move: Infestation|[partiallytrapped]
|-end|p2a: Toxapex|move: Taunt
|upkeep
|turn|18
|c|☆Ostenberg|Damn bro this team is probably the worst I have come across this entire week
|inactive|Ostenberg has 120 seconds left.
|c|☆lousiv|tox and sableye go eye for an eye trust
|
|t:|1760438388
|move|p2a: Toxapex|Baneful Bunker|p2a: Toxapex
|-singleturn|p2a: Toxapex|move: Protect
|move|p1a: Sableye|Taunt|p2a: Toxapex
|-activate|p2a: Toxapex|move: Protect
|
|-heal|p1a: Sableye|94/100|[from] item: Leftovers
|-damage|p1a: Sableye|82/100|[from] move: Infestation|[partiallytrapped]
|upkeep
|turn|19
|
|t:|1760438406
|move|p1a: Sableye|Taunt|p2a: Toxapex
|-start|p2a: Toxapex|move: Taunt
|cant|p2a: Toxapex|move: Taunt|Toxic
|
|-heal|p1a: Sableye|88/100|[from] item: Leftovers
|-end|p1a: Sableye|Infestation|[partiallytrapped]
|upkeep
|turn|20
|
|t:|1760438416
|switch|p1a: Quagsire|Quagsire, M|100/100
|move|p2a: Toxapex|Infestation|p1a: Quagsire
|-damage|p1a: Quagsire|97/100
|-activate|p1a: Quagsire|move: Infestation|[of] p2a: Toxapex
|
|-heal|p1a: Quagsire|100/100|[from] item: Leftovers
|-damage|p1a: Quagsire|88/100|[from] move: Infestation|[partiallytrapped]
|upkeep
|turn|21
|
|t:|1760438431
|move|p1a: Quagsire|Earthquake|p2a: Toxapex
|-supereffective|p2a: Toxapex
|-damage|p2a: Toxapex|30/100 par
|cant|p2a: Toxapex|par
|
|-heal|p1a: Quagsire|94/100|[from] item: Leftovers
|-damage|p1a: Quagsire|82/100|[from] move: Infestation|[partiallytrapped]
|-end|p2a: Toxapex|move: Taunt
|upkeep
|turn|22
|
|t:|1760438442
|move|p1a: Quagsire|Earthquake|p2a: Toxapex
|-supereffective|p2a: Toxapex
|-damage|p2a: Toxapex|0 fnt
|faint|p2a: Toxapex
|
|-heal|p1a: Quagsire|88/100|[from] item: Leftovers
|-end|p1a: Quagsire|Infestation|[partiallytrapped]|[silent]
|upkeep
|inactive|Ostenberg has 90 seconds left.
|c|☆Ostenberg|Damn only mon with some hope of beating your team is gone
|c|☆lousiv|yay i took doen the wall
|c|☆Ostenberg|Gg
|
|t:|1760438474
|switch|p2a: Great Tusk|Great Tusk|98/100
|-damage|p2a: Great Tusk|95/100|[from] Stealth Rock
|turn|23
|c|☆lousiv|i made this semi stall team to be anti meta
|
|t:|1760438482
|switch|p1a: Sableye|Sableye, M|88/100
|move|p2a: Great Tusk|Headlong Rush|p1a: Sableye
|-damage|p1a: Sableye|25/100
|-unboost|p2a: Great Tusk|def|1
|-unboost|p2a: Great Tusk|spd|1
|
|-heal|p1a: Sableye|31/100|[from] item: Leftovers
|upkeep
|turn|24
|inactive|Ostenberg has 90 seconds left.
|
|t:|1760438492
|move|p1a: Sableye|Will-O-Wisp|p2a: Great Tusk
|-status|p2a: Great Tusk|brn
|move|p2a: Great Tusk|Supercell Slam|p1a: Sableye
|-damage|p1a: Sableye|15/100
|
|-heal|p1a: Sableye|21/100|[from] item: Leftovers
|-damage|p2a: Great Tusk|88/100 brn|[from] brn
|upkeep
|turn|25
|inactive|Ostenberg has 90 seconds left.
|c|☆Ostenberg|Semi stall? Dude your team is Omega ultra super stall
|inactive|Ostenberg has 60 seconds left.
|
|t:|1760438531
|move|p1a: Sableye|Recover|p1a: Sableye
|-heal|p1a: Sableye|71/100
|move|p2a: Great Tusk|Supercell Slam|p1a: Sableye
|-damage|p1a: Sableye|55/100
|
|-heal|p1a: Sableye|61/100|[from] item: Leftovers
|-damage|p2a: Great Tusk|82/100 brn|[from] brn
|upkeep
|turn|26
|inactive|Ostenberg has 60 seconds left.
|c|☆Ostenberg|Yeah I quit ggs
|-message|Ostenberg forfeited.
|
|win|lousiv
|raw|lousiv's rating: 1313 &rarr; <strong>1336</strong><br />(+23 for winning)
|raw|Ostenberg's rating: 1371 &rarr; <strong>1348</strong><br />(-23 for losing)
|c|☆lousiv|nah turst its semi
|c|☆lousiv|i added u
|l|☆lousiv
|player|p1|
