|j|☆fengjj
|j|☆bibiGKC
|t:|1760338215
|gametype|singles
|player|p1|fengjj|170|1000
|player|p2|bibiGKC|n|1081
|gen|9
|tier|[Gen 9] OU
|rated|
|rule|HP Percentage Mod: HP is shown in percentages
|rule|Endless Battle Clause: Forcing endless battles is banned
|rule|Species Clause: Limit one of each Pokémon
|rule|OHKO Clause: OHKO moves are banned
|rule|Evasion Items Clause: Evasion items are banned
|rule|Evasion Moves Clause: Evasion moves are banned
|rule|Evasion Abilities Clause: Evasion abilities are banned
|rule|Sleep Moves Clause: Sleep-inducing moves are banned
|clearpoke
|poke|p1|Moltres-Galar|
|poke|p1|Pelipper, M|
|poke|p1|Kingdra, M|
|poke|p1|Hydreigon, M|
|poke|p1|Tornadus, M|
|poke|p1|Thundurus, M|
|poke|p2|Crawdaunt, F|
|poke|p2|Arboliva, M|
|poke|p2|Porygon2|
|poke|p2|Fezandipiti, M|
|poke|p2|Deoxys-Defense|
|poke|p2|Umbreon, F|
|teampreview
|
|t:|1760338230
|teamsize|p1|6
|teamsize|p2|6
|start
|switch|p1a: Pelipper|Pelipper, M|100/100
|switch|p2a: Crawdaunt|Crawdaunt, F, shiny|100/100
|-weather|RainDance|[from] ability: Drizzle|[of] p1a: Pelipper
|turn|1
|inactive|Battle timer is ON: inactive players will automatically lose when time's up. (requested by bibiGKC)
|
|t:|1760338255
|move|p1a: Pelipper|U-turn|p2a: Crawdaunt
|-supereffective|p2a: Crawdaunt
|-damage|p2a: Crawdaunt|80/100
|
|t:|1760338260
|switch|p1a: Kingdra|Kingdra, M|100/100|[from] U-turn
|move|p2a: Crawdaunt|Knock Off|p1a: Kingdra
|-enditem|p1a: Kingdra|Focus Sash
|-damage|p1a: Kingdra|1/100
|
|-weather|RainDance|[upkeep]
|upkeep
|turn|2
|
|t:|1760338282
|switch|p2a: Fezandipiti|Fezandipiti, M|100/100
|-terastallize|p1a: Kingdra|Water
|move|p1a: Kingdra|Surf|p2a: Fezandipiti
|-damage|p2a: Fezandipiti|30/100
|
|-weather|RainDance|[upkeep]
|-heal|p2a: Fezandipiti|36/100|[from] item: Leftovers
|upkeep
|turn|3
|
|t:|1760338300
|switch|p2a: Arboliva|Arboliva, M|100/100
|move|p1a: Kingdra|Surf|p2a: Arboliva
|-resisted|p2a: Arboliva
|-damage|p2a: Arboliva|63/100
|-fieldstart|move: Grassy Terrain|[from] ability: Seed Sower|[of] p2a: Arboliva
|
|-weather|RainDance|[upkeep]
|-heal|p1a: Kingdra|7/100|[from] Grassy Terrain
|-heal|p2a: Arboliva|70/100|[from] Grassy Terrain
|-heal|p2a: Arboliva|76/100|[from] item: Leftovers
|upkeep
|turn|4
|
|t:|1760338317
|move|p1a: Kingdra|Draco Meteor|p2a: Arboliva
|-damage|p2a: Arboliva|23/100
|-unboost|p1a: Kingdra|spa|2
|move|p2a: Arboliva|Grass Knot|p1a: Kingdra
|-supereffective|p1a: Kingdra
|-damage|p1a: Kingdra|0 fnt
|faint|p1a: Kingdra
|
|-weather|RainDance|[upkeep]
|-heal|p2a: Arboliva|29/100|[from] Grassy Terrain
|-heal|p2a: Arboliva|35/100|[from] item: Leftovers
|upkeep
|
|t:|1760338331
|switch|p1a: Tornadus|Tornadus, M|100/100
|turn|5
|
|t:|1760338341
|switch|p2a: Umbreon|Umbreon, F, shiny|100/100
|move|p1a: Tornadus|Taunt|p2a: Umbreon
|-hint|Since gen 7, Dark is immune to Prankster moves.
|-immune|p2a: Umbreon
|
|-weather|RainDance|[upkeep]
|upkeep
|turn|6
|
|t:|1760338361
|move|p1a: Tornadus|Hurricane|p2a: Umbreon
|-damage|p2a: Umbreon|63/100
|move|p2a: Umbreon|Wish|p2a: Umbreon
|
|-weather|RainDance|[upkeep]
|-heal|p2a: Umbreon|69/100|[from] Grassy Terrain
|-heal|p2a: Umbreon|75/100|[from] item: Leftovers
|upkeep
|turn|7
|
|t:|1760338379
|move|p1a: Tornadus|Hurricane|p2a: Umbreon
|-damage|p2a: Umbreon|36/100
|move|p2a: Umbreon|Toxic|p1a: Tornadus|[miss]
|-miss|p2a: Umbreon|p1a: Tornadus
|
|-weather|RainDance|[upkeep]
|-heal|p2a: Umbreon|86/100|[from] move: Wish|[wisher] Umbreon
|-heal|p2a: Umbreon|92/100|[from] Grassy Terrain
|-heal|p2a: Umbreon|98/100|[from] item: Leftovers
|-fieldend|move: Grassy Terrain
|upkeep
|turn|8
|
|t:|1760338393
|move|p1a: Tornadus|Hurricane|p2a: Umbreon
|-damage|p2a: Umbreon|63/100
|move|p2a: Umbreon|Wish|p2a: Umbreon
|
|-weather|none
|-heal|p2a: Umbreon|69/100|[from] item: Leftovers
|upkeep
|turn|9
|
|t:|1760338403
|move|p1a: Tornadus|Tailwind|p1a: Tornadus
|-sidestart|p1: fengjj|move: Tailwind
|move|p2a: Umbreon|Toxic|p1a: Tornadus
|-status|p1a: Tornadus|tox
|
|-heal|p2a: Umbreon|100/100|[from] move: Wish|[wisher] Umbreon
|-damage|p1a: Tornadus|94/100 tox|[from] psn
|upkeep
|turn|10
|
|t:|1760338417
|switch|p1a: Hydreigon|Hydreigon, M|100/100
|move|p2a: Umbreon|Roar|p1a: Hydreigon
|drag|p1a: Tornadus|Tornadus, M|94/100 tox
|
|-heal|p1a: Tornadus|100/100 tox|[from] item: Leftovers
|-damage|p1a: Tornadus|94/100 tox|[from] psn
|upkeep
|turn|11
|
|t:|1760338437
|switch|p1a: Hydreigon|Hydreigon, M|100/100
|move|p2a: Umbreon|Roar|p1a: Hydreigon
|drag|p1a: Moltres|Moltres-Galar|100/100
|
|upkeep
|turn|12
|
|t:|1760338447
|switch|p2a: Crawdaunt|Crawdaunt, F, shiny|80/100
|move|p1a: Moltres|Fiery Wrath|p2a: Crawdaunt
|-resisted|p2a: Crawdaunt
|-damage|p2a: Crawdaunt|57/100
|
|-sideend|p1: fengjj|move: Tailwind
|upkeep
|turn|13
|
|t:|1760338457
|move|p1a: Moltres|Hurricane|p2a: Crawdaunt
|-damage|p2a: Crawdaunt|0 fnt
|faint|p2a: Crawdaunt
|
|upkeep
|
|t:|1760338463
|switch|p2a: Umbreon|Umbreon, F, shiny|100/100
|turn|14
|
|t:|1760338469
|move|p1a: Moltres|Hurricane|p2a: Umbreon|[miss]
|-miss|p1a: Moltres|p2a: Umbreon
|move|p2a: Umbreon|Wish|p2a: Umbreon
|
|upkeep
|turn|15
|
|t:|1760338483
|switch|p1a: Pelipper|Pelipper, M|100/100
|-weather|RainDance|[from] ability: Drizzle|[of] p1a: Pelipper
|switch|p2a: Fezandipiti|Fezandipiti, M|36/100
|
|-weather|RainDance|[upkeep]
|-heal|p2a: Fezandipiti|89/100|[from] move: Wish|[wisher] Umbreon
|-heal|p2a: Fezandipiti|95/100|[from] item: Leftovers
|upkeep
|turn|16
|
|t:|1760338495
|move|p2a: Fezandipiti|Poison Jab|p1a: Pelipper
|-damage|p1a: Pelipper|65/100
|-status|p1a: Pelipper|psn
|move|p1a: Pelipper|U-turn|p2a: Fezandipiti
|-resisted|p2a: Fezandipiti
|-damage|p2a: Fezandipiti|92/100
|
|t:|1760338502
|switch|p1a: Thundurus|Thundurus, M|100/100|[from] U-turn
|
|-weather|RainDance|[upkeep]
|-heal|p2a: Fezandipiti|98/100|[from] item: Leftovers
|upkeep
|turn|17
|
|t:|1760338521
|switch|p2a: Umbreon|Umbreon, F, shiny|100/100
|move|p1a: Thundurus|Thunder|p2a: Umbreon
|-damage|p2a: Umbreon|54/100
|-damage|p1a: Thundurus|90/100|[from] item: Life Orb
|
|-weather|RainDance|[upkeep]
|-heal|p2a: Umbreon|60/100|[from] item: Leftovers
|upkeep
|turn|18
|
|t:|1760338534
|move|p1a: Thundurus|Sludge Wave|p2a: Umbreon
|-damage|p2a: Umbreon|31/100
|-damage|p1a: Thundurus|80/100|[from] item: Life Orb
|move|p2a: Umbreon|Wish|p2a: Umbreon
|
|-weather|RainDance|[upkeep]
|-heal|p2a: Umbreon|37/100|[from] item: Leftovers
|upkeep
|turn|19
|
|t:|1760338544
|switch|p2a: Arboliva|Arboliva, M|35/100
|move|p1a: Thundurus|Thunder|p2a: Arboliva
|-resisted|p2a: Arboliva
|-damage|p2a: Arboliva|5/100
|-fieldstart|move: Grassy Terrain|[from] ability: Seed Sower|[of] p2a: Arboliva
|-damage|p1a: Thundurus|70/100|[from] item: Life Orb
|
|-weather|RainDance|[upkeep]
|-heal|p2a: Arboliva|51/100|[from] move: Wish|[wisher] Umbreon
|-heal|p2a: Arboliva|58/100|[from] Grassy Terrain
|-heal|p2a: Arboliva|64/100|[from] item: Leftovers
|upkeep
|turn|20
|
|t:|1760338559
|-terastallize|p2a: Arboliva|Poison
|move|p1a: Thundurus|Sludge Wave|p2a: Arboliva
|-resisted|p2a: Arboliva
|-damage|p2a: Arboliva|46/100
|-damage|p1a: Thundurus|60/100|[from] item: Life Orb
|move|p2a: Arboliva|Strength Sap|p1a: Thundurus
|-unboost|p1a: Thundurus|atk|1
|-ability|p1a: Thundurus|Defiant|boost
|-boost|p1a: Thundurus|atk|2
|-heal|p2a: Arboliva|100/100
|
|-weather|RainDance|[upkeep]
|upkeep
|turn|21
|
|t:|1760338581
|move|p1a: Thundurus|Focus Blast|p2a: Arboliva|[miss]
|-miss|p1a: Thundurus|p2a: Arboliva
|move|p2a: Arboliva|Tera Blast|p1a: Thundurus|[anim] Tera Blast Poison
|-damage|p1a: Thundurus|0 fnt
|faint|p1a: Thundurus
|
|-weather|RainDance|[upkeep]
|upkeep
|inactive|fengjj has 120 seconds left.
|
|t:|1760338592
|switch|p1a: Moltres|Moltres-Galar|100/100
|turn|22
|
|t:|1760338611
|switch|p2a: Porygon2|Porygon2|100/100
|-ability|p2a: Porygon2|Berserk|Trace|[from] ability: Trace|[of] p1a: Moltres
|move|p1a: Moltres|Hurricane|p2a: Porygon2
|-damage|p2a: Porygon2|83/100
|-start|p2a: Porygon2|confusion
|
|-weather|none
|-heal|p2a: Porygon2|89/100|[from] Grassy Terrain
|upkeep
|turn|23
|
|t:|1760338624
|move|p1a: Moltres|Fiery Wrath|p2a: Porygon2
|-damage|p2a: Porygon2|75/100
|-activate|p2a: Porygon2|confusion
|move|p2a: Porygon2|Thunder Wave|p1a: Moltres|[miss]
|-miss|p2a: Porygon2|p1a: Moltres
|
|-heal|p2a: Porygon2|81/100|[from] Grassy Terrain
|-fieldend|move: Grassy Terrain
|upkeep
|turn|24
|
|t:|1760338640
|move|p1a: Moltres|Fiery Wrath|p2a: Porygon2
|-damage|p2a: Porygon2|67/100
|cant|p2a: Porygon2|flinch
|
|upkeep
|turn|25
|
|t:|1760338648
|move|p1a: Moltres|Fiery Wrath|p2a: Porygon2
|-damage|p2a: Porygon2|53/100
|-end|p2a: Porygon2|confusion
|move|p2a: Porygon2|Thunder Wave|p1a: Moltres
|-status|p1a: Moltres|par
|
|upkeep
|turn|26
|
|t:|1760338656
|move|p2a: Porygon2|Recover|p2a: Porygon2
|-heal|p2a: Porygon2|100/100
|move|p1a: Moltres|Fiery Wrath|p2a: Porygon2
|-crit|p2a: Porygon2
|-damage|p2a: Porygon2|78/100
|
|upkeep
|turn|27
|
|t:|1760338670
|switch|p1a: Hydreigon|Hydreigon, M|100/100
|move|p2a: Porygon2|Discharge|p1a: Hydreigon
|-resisted|p1a: Hydreigon
|-damage|p1a: Hydreigon|90/100
|-status|p1a: Hydreigon|par
|
|-heal|p1a: Hydreigon|96/100 par|[from] item: Leftovers
|upkeep
|turn|28
|
|t:|1760338687
|switch|p2a: Fezandipiti|Fezandipiti, M|98/100
|move|p1a: Hydreigon|Fire Blast|p2a: Fezandipiti
|-damage|p2a: Fezandipiti|65/100
|
|-heal|p2a: Fezandipiti|71/100|[from] item: Leftovers
|-heal|p1a: Hydreigon|100/100 par|[from] item: Leftovers
|upkeep
|turn|29
|
|t:|1760338701
|switch|p1a: Tornadus|Tornadus, M|94/100 tox
|move|p2a: Fezandipiti|Protect||[still]
|-fail|p2a: Fezandipiti
|
|-heal|p1a: Tornadus|100/100 tox|[from] item: Leftovers
|-heal|p2a: Fezandipiti|77/100|[from] item: Leftovers
|-damage|p1a: Tornadus|94/100 tox|[from] psn
|upkeep
|turn|30
|
|t:|1760338715
|move|p2a: Fezandipiti|Protect|p2a: Fezandipiti
|-singleturn|p2a: Fezandipiti|Protect
|move|p1a: Tornadus|Hurricane|p2a: Fezandipiti
|-activate|p2a: Fezandipiti|move: Protect
|
|-heal|p1a: Tornadus|100/100 tox|[from] item: Leftovers
|-heal|p2a: Fezandipiti|83/100|[from] item: Leftovers
|-damage|p1a: Tornadus|88/100 tox|[from] psn
|upkeep
|turn|31
|
|t:|1760338736
|switch|p1a: Pelipper|Pelipper, M|65/100 psn
|-weather|RainDance|[from] ability: Drizzle|[of] p1a: Pelipper
|switch|p2a: Deoxys|Deoxys-Defense|100/100
|-ability|p2a: Deoxys|Pressure
|
|-weather|RainDance|[upkeep]
|-damage|p1a: Pelipper|53/100 psn|[from] psn
|upkeep
|turn|32
|
|t:|1760338747
|move|p2a: Deoxys|Psychic Noise|p1a: Pelipper
|-damage|p1a: Pelipper|31/100 psn
|-start|p1a: Pelipper|move: Heal Block
|move|p1a: Pelipper|U-turn|p2a: Deoxys
|-supereffective|p2a: Deoxys
|-damage|p2a: Deoxys|87/100
|
|t:|1760338755
|switch|p1a: Moltres|Moltres-Galar|100/100 par|[from] U-turn
|
|-weather|RainDance|[upkeep]
|-heal|p2a: Deoxys|93/100|[from] item: Leftovers
|upkeep
|turn|33
|
|t:|1760338766
|move|p2a: Deoxys|Protect|p2a: Deoxys
|-singleturn|p2a: Deoxys|Protect
|move|p1a: Moltres|Fiery Wrath|p2a: Deoxys
|-activate|p2a: Deoxys|move: Protect
|
|-weather|RainDance|[upkeep]
|-heal|p2a: Deoxys|99/100|[from] item: Leftovers
|upkeep
|turn|34
|
|t:|1760338779
|switch|p2a: Umbreon|Umbreon, F, shiny|37/100
|move|p1a: Moltres|Fiery Wrath|p2a: Umbreon
|-resisted|p2a: Umbreon
|-damage|p2a: Umbreon|28/100
|
|-weather|RainDance|[upkeep]
|-heal|p2a: Umbreon|34/100|[from] item: Leftovers
|upkeep
|turn|35
|
|t:|1760338788
|move|p2a: Umbreon|Wish|p2a: Umbreon
|move|p1a: Moltres|Hurricane|p2a: Umbreon
|-damage|p2a: Umbreon|9/100
|-start|p2a: Umbreon|confusion
|
|-weather|RainDance|[upkeep]
|-heal|p2a: Umbreon|15/100|[from] item: Leftovers
|upkeep
|turn|36
|
|t:|1760338816
|-activate|p2a: Umbreon|confusion
|move|p2a: Umbreon|Foul Play|p1a: Moltres
|-resisted|p1a: Moltres
|-damage|p1a: Moltres|93/100 par
|move|p1a: Moltres|Hurricane|p2a: Umbreon
|-damage|p2a: Umbreon|0 fnt
|faint|p2a: Umbreon
|
|-weather|RainDance|[upkeep]
|-heal|p1a: Moltres|99/100 par|[from] item: Leftovers
|upkeep
|
|t:|1760338825
|switch|p2a: Deoxys|Deoxys-Defense|99/100
|-ability|p2a: Deoxys|Pressure
|turn|37
|
|t:|1760338830
|move|p2a: Deoxys|Protect|p2a: Deoxys
|-singleturn|p2a: Deoxys|Protect
|move|p1a: Moltres|Fiery Wrath|p2a: Deoxys
|-activate|p2a: Deoxys|move: Protect
|
|-weather|RainDance|[upkeep]
|-heal|p2a: Deoxys|100/100|[from] item: Leftovers
|-heal|p1a: Moltres|100/100 par|[from] item: Leftovers
|upkeep
|turn|38
|
|t:|1760338844
|switch|p2a: Porygon2|Porygon2|78/100
|-ability|p2a: Porygon2|Berserk|Trace|[from] ability: Trace|[of] p1a: Moltres
|move|p1a: Moltres|Fiery Wrath|p2a: Porygon2
|-damage|p2a: Porygon2|63/100
|
|-weather|none
|upkeep
|turn|39
|
|t:|1760338860
|switch|p1a: Hydreigon|Hydreigon, M|100/100 par
|move|p2a: Porygon2|Discharge|p1a: Hydreigon
|-resisted|p1a: Hydreigon
|-damage|p1a: Hydreigon|89/100 par
|
|-heal|p1a: Hydreigon|95/100 par|[from] item: Leftovers
|upkeep
|turn|40
|
|t:|1760338869
|cant|p1a: Hydreigon|par
|move|p2a: Porygon2|Recover|p2a: Porygon2
|-heal|p2a: Porygon2|100/100
|
|-heal|p1a: Hydreigon|100/100 par|[from] item: Leftovers
|upkeep
|turn|41
|
|t:|1760338876
|switch|p2a: Deoxys|Deoxys-Defense|100/100
|-ability|p2a: Deoxys|Pressure
|move|p1a: Hydreigon|Flash Cannon|p2a: Deoxys
|-damage|p2a: Deoxys|78/100
|-unboost|p2a: Deoxys|spd|1
|
|-heal|p2a: Deoxys|84/100|[from] item: Leftovers
|upkeep
|turn|42
|
|t:|1760338888
|move|p2a: Deoxys|Knock Off|p1a: Hydreigon
|-resisted|p1a: Hydreigon
|-damage|p1a: Hydreigon|93/100 par
|-enditem|p1a: Hydreigon|Leftovers|[from] move: Knock Off|[of] p2a: Deoxys
|move|p1a: Hydreigon|Dragon Dance|p1a: Hydreigon
|-boost|p1a: Hydreigon|atk|1
|-boost|p1a: Hydreigon|spe|1
|
|-heal|p2a: Deoxys|90/100|[from] item: Leftovers
|upkeep
|turn|43
|
|t:|1760338903
|switch|p2a: Fezandipiti|Fezandipiti, M|83/100
|move|p1a: Hydreigon|Dark Pulse|p2a: Fezandipiti
|-resisted|p2a: Fezandipiti
|-damage|p2a: Fezandipiti|67/100
|
|-heal|p2a: Fezandipiti|73/100|[from] item: Leftovers
|upkeep
|turn|44
|
|t:|1760338912
|move|p2a: Fezandipiti|Play Rough|p1a: Hydreigon
|-supereffective|p1a: Hydreigon
|-damage|p1a: Hydreigon|0 fnt
|faint|p1a: Hydreigon
|
|-heal|p2a: Fezandipiti|79/100|[from] item: Leftovers
|upkeep
|-message|fengjj forfeited.
|
|win|bibiGKC
|raw|fengjj's rating: 1000 &rarr; <strong>1000</strong><br />(+0 for losing)
|raw|bibiGKC's rating: 1081 &rarr; <strong>1102</strong><br />(+21 for winning)
|l|☆fengjj
|player|p1|
