|j|☆Siwis2
|j|☆master ball rus
|t:|1760455485
|gametype|singles
|player|p1|Siwis2|ghetsis-gen5bw|1520
|player|p2|master ball rus|swimmer-gen4|1555
|gen|9
|tier|[Gen 9] OU
|rated|
|rule|HP Percentage Mod: HP is shown in percentages
|rule|Endless Battle Clause: Forcing endless battles is banned
|rule|Species Clause: Limit one of each Pokémon
|rule|OHKO Clause: OHKO moves are banned
|rule|Evasion Items Clause: Evasion items are banned
|rule|Evasion Moves Clause: Evasion moves are banned
|rule|Evasion Abilities Clause: Evasion abilities are banned
|rule|Sleep Moves Clause: Sleep-inducing moves are banned
|clearpoke
|poke|p1|Pecharunt|
|poke|p1|Iron Valiant|
|poke|p1|Samurott-Hisui, F|
|poke|p1|Kingambit, F|
|poke|p1|Reuniclus, F|
|poke|p1|Moltres|
|poke|p2|Gholdengo|
|poke|p2|Zamazenta-*|
|poke|p2|Ting-Lu|
|poke|p2|Clefable, F|
|poke|p2|Dragonite, M|
|poke|p2|Deoxys-Speed|
|teampreview
|inactive|Battle timer is ON: inactive players will automatically lose when time's up. (requested by Siwis2)
|
|t:|1760455494
|teamsize|p1|6
|teamsize|p2|6
|start
|switch|p1a: Samurott|Samurott-Hisui, F|100/100
|switch|p2a: Ting-Lu|Ting-Lu|100/100
|-ability|p2a: Ting-Lu|Vessel of Ruin
|turn|1
|
|t:|1760455496
|switch|p2a: Clefable|Clefable, F|100/100
|move|p1a: Samurott|Aqua Cutter|p2a: Clefable
|-damage|p2a: Clefable|64/100
|
|upkeep
|turn|2
|
|t:|1760455503
|switch|p1a: Pecharunt|Pecharunt|100/100
|move|p2a: Clefable|Knock Off|p1a: Pecharunt
|-supereffective|p1a: Pecharunt
|-damage|p1a: Pecharunt|80/100
|-enditem|p1a: Pecharunt|Shuca Berry|[from] move: Knock Off|[of] p2a: Clefable
|
|upkeep
|turn|3
|
|t:|1760455513
|move|p1a: Pecharunt|Malignant Chain|p2a: Clefable
|-supereffective|p2a: Clefable
|-damage|p2a: Clefable|0 fnt
|faint|p2a: Clefable
|
|upkeep
|
|t:|1760455516
|switch|p2a: Ting-Lu|Ting-Lu|100/100
|-ability|p2a: Ting-Lu|Vessel of Ruin
|turn|4
|
|t:|1760455520
|switch|p1a: Samurott|Samurott-Hisui, F|100/100
|move|p2a: Ting-Lu|Ruination|p1a: Samurott
|-damage|p1a: Samurott|51/100
|
|upkeep
|turn|5
|
|t:|1760455523
|switch|p2a: Zamazenta|Zamazenta|100/100
|-ability|p2a: Zamazenta|Dauntless Shield|boost
|-boost|p2a: Zamazenta|def|1
|move|p1a: Samurott|Taunt|p2a: Zamazenta
|-start|p2a: Zamazenta|move: Taunt
|
|upkeep
|turn|6
|
|t:|1760455530
|switch|p1a: Pecharunt|Pecharunt|80/100
|move|p2a: Zamazenta|Stone Edge|p1a: Pecharunt|[miss]
|-miss|p2a: Zamazenta|p1a: Pecharunt
|
|upkeep
|turn|7
|
|t:|1760455534
|move|p2a: Zamazenta|Crunch|p1a: Pecharunt
|-supereffective|p1a: Pecharunt
|-crit|p1a: Pecharunt
|-damage|p1a: Pecharunt|25/100
|move|p1a: Pecharunt|Malignant Chain|p2a: Zamazenta
|-damage|p2a: Zamazenta|67/100
|
|-end|p2a: Zamazenta|move: Taunt
|upkeep
|turn|8
|
|t:|1760455542
|move|p2a: Zamazenta|Stone Edge|p1a: Pecharunt
|-damage|p1a: Pecharunt|2/100
|move|p1a: Pecharunt|Malignant Chain|p2a: Zamazenta
|-damage|p2a: Zamazenta|32/100
|-status|p2a: Zamazenta|tox
|-start|p2a: Zamazenta|confusion|[from] ability: Poison Puppeteer|[of] p1a: Pecharunt
|
|-damage|p2a: Zamazenta|26/100 tox|[from] psn
|upkeep
|turn|9
|
|t:|1760455549
|-activate|p2a: Zamazenta|confusion
|-damage|p2a: Zamazenta|17/100 tox|[from] confusion
|move|p1a: Pecharunt|Malignant Chain|p2a: Zamazenta
|-damage|p2a: Zamazenta|0 fnt
|faint|p2a: Zamazenta
|
|upkeep
|
|t:|1760455555
|switch|p2a: Deoxys|Deoxys-Speed|100/100
|-ability|p2a: Deoxys|Pressure
|turn|10
|
|t:|1760455572
|move|p2a: Deoxys|Thunderbolt|p1a: Pecharunt
|-damage|p1a: Pecharunt|0 fnt
|faint|p1a: Pecharunt
|
|upkeep
|
|t:|1760455583
|switch|p1a: Reuniclus|Reuniclus, F|100/100
|turn|11
|
|t:|1760455597
|switch|p2a: Ting-Lu|Ting-Lu|100/100
|-ability|p2a: Ting-Lu|Vessel of Ruin
|move|p1a: Reuniclus|Trick Room|p1a: Reuniclus
|-fieldstart|move: Trick Room|[of] p1a: Reuniclus
|
|upkeep
|turn|12
|
|t:|1760455605
|-terastallize|p1a: Reuniclus|Fighting
|move|p1a: Reuniclus|Focus Blast|p2a: Ting-Lu
|-supereffective|p2a: Ting-Lu
|-damage|p2a: Ting-Lu|30/100
|move|p2a: Ting-Lu|Spikes|p1a: Reuniclus
|-sidestart|p1: Siwis2|Spikes
|
|-heal|p2a: Ting-Lu|36/100|[from] item: Leftovers
|upkeep
|turn|13
|
|t:|1760455614
|switch|p2a: Gholdengo|Gholdengo|100/100
|-item|p2a: Gholdengo|Air Balloon
|move|p1a: Reuniclus|Focus Blast|p2a: Gholdengo
|-immune|p2a: Gholdengo
|
|upkeep
|turn|14
|
|t:|1760455624
|move|p1a: Reuniclus|Shadow Ball|p2a: Gholdengo
|-supereffective|p2a: Gholdengo
|-damage|p2a: Gholdengo|36/100
|-unboost|p2a: Gholdengo|spd|1
|-enditem|p2a: Gholdengo|Air Balloon
|move|p2a: Gholdengo|Nasty Plot|p2a: Gholdengo
|-boost|p2a: Gholdengo|spa|2
|
|upkeep
|turn|15
|
|t:|1760455631
|switch|p2a: Ting-Lu|Ting-Lu|36/100
|-ability|p2a: Ting-Lu|Vessel of Ruin
|move|p1a: Reuniclus|Shadow Ball|p2a: Ting-Lu
|-resisted|p2a: Ting-Lu
|-damage|p2a: Ting-Lu|30/100
|
|-heal|p2a: Ting-Lu|36/100|[from] item: Leftovers
|-fieldend|move: Trick Room
|upkeep
|turn|16
|
|t:|1760455639
|move|p2a: Ting-Lu|Ruination|p1a: Reuniclus
|-damage|p1a: Reuniclus|50/100
|move|p1a: Reuniclus|Trick Room|p1a: Reuniclus
|-fieldstart|move: Trick Room|[of] p1a: Reuniclus
|
|-heal|p2a: Ting-Lu|42/100|[from] item: Leftovers
|upkeep
|turn|17
|
|t:|1760455648
|-terastallize|p2a: Ting-Lu|Water
|move|p1a: Reuniclus|Focus Blast|p2a: Ting-Lu
|-damage|p2a: Ting-Lu|12/100
|move|p2a: Ting-Lu|Earthquake|p1a: Reuniclus
|-damage|p1a: Reuniclus|16/100
|
|-heal|p2a: Ting-Lu|18/100|[from] item: Leftovers
|upkeep
|turn|18
|
|t:|1760455656
|move|p1a: Reuniclus|Psychic Noise|p2a: Ting-Lu
|-damage|p2a: Ting-Lu|0 fnt
|faint|p2a: Ting-Lu
|
|upkeep
|
|t:|1760455659
|switch|p2a: Dragonite|Dragonite, M|100/100
|turn|19
|
|t:|1760455664
|move|p2a: Dragonite|Extreme Speed|p1a: Reuniclus
|-damage|p1a: Reuniclus|0 fnt
|faint|p1a: Reuniclus
|
|upkeep
|
|t:|1760455667
|switch|p1a: Kingambit|Kingambit, F|100/100
|-damage|p1a: Kingambit|88/100|[from] Spikes
|-activate|p1a: Kingambit|ability: Supreme Overlord
|-start|p1a: Kingambit|fallen2|[silent]
|turn|20
|
|t:|1760455670
|move|p1a: Kingambit|Kowtow Cleave|p2a: Dragonite
|-damage|p2a: Dragonite|72/100
|move|p2a: Dragonite|Earthquake|p1a: Kingambit
|-supereffective|p1a: Kingambit
|-damage|p1a: Kingambit|35/100
|
|-fieldend|move: Trick Room
|upkeep
|turn|21
|
|t:|1760455677
|move|p2a: Dragonite|Earthquake|p1a: Kingambit
|-supereffective|p1a: Kingambit
|-damage|p1a: Kingambit|0 fnt
|faint|p1a: Kingambit
|-end|p1a: Kingambit|fallen2|[silent]
|
|upkeep
|
|t:|1760455680
|switch|p1a: Moltres|Moltres|100/100
|turn|22
|
|t:|1760455685
|move|p1a: Moltres|Will-O-Wisp|p2a: Dragonite
|-status|p2a: Dragonite|brn
|move|p2a: Dragonite|Roost|p2a: Dragonite
|-heal|p2a: Dragonite|100/100 brn
|-singleturn|p2a: Dragonite|move: Roost
|
|-damage|p2a: Dragonite|94/100 brn|[from] brn
|upkeep
|turn|23
|
|t:|1760455688
|move|p1a: Moltres|Hurricane|p2a: Dragonite|[miss]
|-miss|p1a: Moltres|p2a: Dragonite
|move|p2a: Dragonite|Dragon Tail|p1a: Moltres
|-damage|p1a: Moltres|85/100
|drag|p1a: Samurott|Samurott-Hisui, F|51/100
|-damage|p1a: Samurott|38/100|[from] Spikes
|
|-damage|p2a: Dragonite|88/100 brn|[from] brn
|upkeep
|turn|24
|
|t:|1760455696
|move|p1a: Samurott|Ceaseless Edge|p2a: Dragonite
|-damage|p2a: Dragonite|49/100 brn
|-sidestart|p2: master ball rus|Spikes
|move|p2a: Dragonite|Earthquake|p1a: Samurott
|-crit|p1a: Samurott
|-damage|p1a: Samurott|4/100
|
|-damage|p2a: Dragonite|43/100 brn|[from] brn
|upkeep
|turn|25
|
|t:|1760455700
|move|p2a: Dragonite|Extreme Speed|p1a: Samurott
|-damage|p1a: Samurott|0 fnt
|faint|p1a: Samurott
|
|-damage|p2a: Dragonite|37/100 brn|[from] brn
|upkeep
|
|t:|1760455702
|switch|p1a: Moltres|Moltres|85/100
|turn|26
|
|t:|1760455704
|move|p1a: Moltres|Roost|p1a: Moltres
|-heal|p1a: Moltres|100/100
|-singleturn|p1a: Moltres|move: Roost
|move|p2a: Dragonite|Roost|p2a: Dragonite
|-heal|p2a: Dragonite|87/100 brn
|-singleturn|p2a: Dragonite|move: Roost
|
|-damage|p2a: Dragonite|81/100 brn|[from] brn
|upkeep
|turn|27
|
|t:|1760455707
|move|p1a: Moltres|Hurricane|p2a: Dragonite
|-damage|p2a: Dragonite|39/100 brn
|move|p2a: Dragonite|Roost|p2a: Dragonite
|-heal|p2a: Dragonite|89/100 brn
|-singleturn|p2a: Dragonite|move: Roost
|
|-damage|p2a: Dragonite|83/100 brn|[from] brn
|upkeep
|turn|28
|
|t:|1760455711
|move|p1a: Moltres|Hurricane|p2a: Dragonite
|-damage|p2a: Dragonite|42/100 brn
|move|p2a: Dragonite|Dragon Tail|p1a: Moltres
|-damage|p1a: Moltres|85/100
|drag|p1a: Iron Valiant|Iron Valiant|100/100
|-damage|p1a: Iron Valiant|88/100|[from] Spikes
|-enditem|p1a: Iron Valiant|Booster Energy
|-activate|p1a: Iron Valiant|ability: Quark Drive|[fromitem]
|-start|p1a: Iron Valiant|quarkdrivespa
|
|-damage|p2a: Dragonite|36/100 brn|[from] brn
|upkeep
|turn|29
|
|t:|1760455716
|move|p2a: Dragonite|Extreme Speed|p1a: Iron Valiant
|-damage|p1a: Iron Valiant|69/100
|move|p1a: Iron Valiant|Moonblast|p2a: Dragonite
|-supereffective|p2a: Dragonite
|-damage|p2a: Dragonite|0 fnt
|faint|p2a: Dragonite
|
|upkeep
|
|t:|1760455725
|switch|p2a: Deoxys|Deoxys-Speed|100/100
|-ability|p2a: Deoxys|Pressure
|turn|30
|
|t:|1760455730
|move|p2a: Deoxys|Psycho Boost|p1a: Iron Valiant
|-supereffective|p1a: Iron Valiant
|-damage|p1a: Iron Valiant|0 fnt
|-unboost|p2a: Deoxys|spa|2
|faint|p1a: Iron Valiant
|-end|p1a: Iron Valiant|Quark Drive|[silent]
|
|upkeep
|
|t:|1760455731
|switch|p1a: Moltres|Moltres|85/100
|turn|31
|
|t:|1760455733
|switch|p2a: Gholdengo|Gholdengo|36/100
|-damage|p2a: Gholdengo|24/100|[from] Spikes
|move|p1a: Moltres|Flamethrower|p2a: Gholdengo
|-supereffective|p2a: Gholdengo
|-damage|p2a: Gholdengo|0 fnt
|faint|p2a: Gholdengo
|
|upkeep
|
|t:|1760455739
|switch|p2a: Deoxys|Deoxys-Speed|100/100
|-ability|p2a: Deoxys|Pressure
|turn|32
|
|t:|1760455747
|move|p2a: Deoxys|Thunderbolt|p1a: Moltres
|-supereffective|p1a: Moltres
|-damage|p1a: Moltres|38/100
|move|p1a: Moltres|Flamethrower|p2a: Deoxys
|-damage|p2a: Deoxys|44/100
|
|upkeep
|turn|33
|
|t:|1760455753
|move|p2a: Deoxys|Thunderbolt|p1a: Moltres
|-supereffective|p1a: Moltres
|-damage|p1a: Moltres|0 fnt
|faint|p1a: Moltres
|
|win|master ball rus
|raw|Siwis2's rating: 1520 &rarr; <strong>1502</strong><br />(-18 for losing)
|raw|master ball rus's rating: 1555 &rarr; <strong>1573</strong><br />(+18 for winning)
|l|☆Siwis2
|player|p1|
|l|☆master ball rus
|player|p2|
