|j|☆acoda
|j|☆frostywingz
|t:|1760434219
|gametype|singles
|player|p1|acoda|101|1226
|player|p2|frostywingz|dahlia|1272
|gen|9
|tier|[Gen 9] OU
|rated|
|rule|HP Percentage Mod: HP is shown in percentages
|rule|Endless Battle Clause: Forcing endless battles is banned
|rule|Species Clause: Limit one of each Pokémon
|rule|OHKO Clause: OHKO moves are banned
|rule|Evasion Items Clause: Evasion items are banned
|rule|Evasion Moves Clause: Evasion moves are banned
|rule|Evasion Abilities Clause: Evasion abilities are banned
|rule|Sleep Moves Clause: Sleep-inducing moves are banned
|clearpoke
|poke|p1|Scizor, F|
|poke|p1|Quaquaval, F|
|poke|p1|Dragapult, F|
|poke|p1|Azelf|
|poke|p1|Arcanine-Hisui, F|
|poke|p1|Darkrai|
|poke|p2|Chandelure, M|
|poke|p2|Ninetales, F|
|poke|p2|Venusaur, M|
|poke|p2|Great Tusk|
|poke|p2|Walking Wake|
|poke|p2|Jolteon, F|
|teampreview
|inactive|Battle timer is ON: inactive players will automatically lose when time's up. (requested by acoda)
|
|t:|1760434239
|teamsize|p1|6
|teamsize|p2|6
|start
|switch|p1a: Azelf|Azelf|100/100
|switch|p2a: Ninetales|Ninetales, F, shiny|100/100
|-weather|SunnyDay|[from] ability: Drought|[of] p2a: Ninetales
|turn|1
|
|t:|1760434248
|move|p1a: Azelf|Stealth Rock|p2a: Ninetales
|-sidestart|p2: frostywingz|move: Stealth Rock
|move|p2a: Ninetales|Weather Ball|p1a: Azelf
|-crit|p1a: Azelf
|-enditem|p1a: Azelf|Focus Sash
|-damage|p1a: Azelf|1/100
|
|-weather|SunnyDay|[upkeep]
|upkeep
|turn|2
|
|t:|1760434272
|switch|p2a: Great Tusk|Great Tusk|100/100
|-damage|p2a: Great Tusk|98/100|[from] Stealth Rock
|-activate|p2a: Great Tusk|ability: Protosynthesis
|-start|p2a: Great Tusk|protosynthesisdef
|move|p1a: Azelf|Psychic|p2a: Great Tusk
|-supereffective|p2a: Great Tusk
|-damage|p2a: Great Tusk|50/100
|
|-weather|SunnyDay|[upkeep]
|upkeep
|turn|3
|
|t:|1760434279
|-terastallize|p2a: Great Tusk|Steel
|move|p1a: Azelf|Psychic|p2a: Great Tusk
|-resisted|p2a: Great Tusk
|-damage|p2a: Great Tusk|38/100
|move|p2a: Great Tusk|Rapid Spin|p1a: Azelf
|-damage|p1a: Azelf|0 fnt
|-boost|p2a: Great Tusk|spe|1
|-sideend|p2: frostywingz|Stealth Rock|[from] move: Rapid Spin|[of] p2a: Great Tusk
|faint|p1a: Azelf
|
|-weather|SunnyDay|[upkeep]
|upkeep
|
|t:|1760434296
|switch|p1a: Quaquaval|Quaquaval, F|100/100
|turn|4
|inactive|frostywingz has 120 seconds left.
|
|t:|1760434331
|move|p2a: Great Tusk|Close Combat|p1a: Quaquaval
|-damage|p1a: Quaquaval|26/100
|-unboost|p2a: Great Tusk|def|1
|-unboost|p2a: Great Tusk|spd|1
|move|p1a: Quaquaval|Aqua Step|p2a: Great Tusk
|-damage|p2a: Great Tusk|24/100
|-boost|p1a: Quaquaval|spe|1
|
|-weather|SunnyDay|[upkeep]
|upkeep
|turn|5
|
|t:|1760434337
|-end|p2a: Great Tusk|Protosynthesis|[silent]
|switch|p2a: Venusaur|Venusaur, M, shiny|100/100
|move|p1a: Quaquaval|Close Combat|p2a: Venusaur
|-resisted|p2a: Venusaur
|-damage|p2a: Venusaur|62/100
|-unboost|p1a: Quaquaval|def|1
|-unboost|p1a: Quaquaval|spd|1
|
|-weather|SunnyDay|[upkeep]
|upkeep
|turn|6
|
|t:|1760434342
|move|p2a: Venusaur|Giga Drain|p1a: Quaquaval
|-supereffective|p1a: Quaquaval
|-damage|p1a: Quaquaval|0 fnt
|-heal|p2a: Venusaur|75/100|[from] drain|[of] p1a: Quaquaval
|faint|p1a: Quaquaval
|-damage|p2a: Venusaur|65/100|[from] item: Life Orb
|
|-weather|SunnyDay|[upkeep]
|upkeep
|
|t:|1760434354
|switch|p1a: Arcanine|Arcanine-Hisui, F|100/100
|turn|7
|
|t:|1760434367
|switch|p2a: Great Tusk|Great Tusk, tera:Steel|24/100
|-activate|p2a: Great Tusk|ability: Protosynthesis
|-start|p2a: Great Tusk|protosynthesisdef
|move|p1a: Arcanine|Head Smash|p2a: Great Tusk
|-resisted|p2a: Great Tusk
|-damage|p2a: Great Tusk|7/100
|
|-weather|SunnyDay|[upkeep]
|upkeep
|turn|8
|
|t:|1760434372
|move|p1a: Arcanine|Flare Blitz|p2a: Great Tusk
|-supereffective|p2a: Great Tusk
|-damage|p2a: Great Tusk|0 fnt
|faint|p2a: Great Tusk
|-end|p2a: Great Tusk|Protosynthesis|[silent]
|
|-weather|none
|upkeep
|
|t:|1760434382
|switch|p2a: Ninetales|Ninetales, F, shiny|100/100
|-weather|SunnyDay|[from] ability: Drought|[of] p2a: Ninetales
|turn|9
|
|t:|1760434385
|switch|p2a: Jolteon|Jolteon, F|100/100
|move|p1a: Arcanine|Head Smash|p2a: Jolteon
|-damage|p2a: Jolteon|0 fnt
|faint|p2a: Jolteon
|
|-weather|SunnyDay|[upkeep]
|upkeep
|
|t:|1760434387
|switch|p2a: Venusaur|Venusaur, M, shiny|65/100
|turn|10
|
|t:|1760434390
|move|p2a: Venusaur|Giga Drain|p1a: Arcanine
|-damage|p1a: Arcanine|44/100
|-heal|p2a: Venusaur|96/100|[from] drain|[of] p1a: Arcanine
|-damage|p2a: Venusaur|86/100|[from] item: Life Orb
|move|p1a: Arcanine|Flare Blitz|p2a: Venusaur
|-supereffective|p2a: Venusaur
|-damage|p2a: Venusaur|0 fnt
|faint|p2a: Venusaur
|
|-weather|SunnyDay|[upkeep]
|upkeep
|
|t:|1760434393
|switch|p2a: Walking Wake|Walking Wake|100/100
|-activate|p2a: Walking Wake|ability: Protosynthesis
|-start|p2a: Walking Wake|protosynthesisspe
|turn|11
|
|t:|1760434398
|move|p2a: Walking Wake|Hydro Steam|p1a: Arcanine
|-supereffective|p1a: Arcanine
|-damage|p1a: Arcanine|0 fnt
|faint|p1a: Arcanine
|-damage|p2a: Walking Wake|91/100|[from] item: Life Orb
|
|-weather|SunnyDay|[upkeep]
|upkeep
|
|t:|1760434412
|switch|p1a: Dragapult|Dragapult, F|100/100
|turn|12
|
|t:|1760434416
|move|p2a: Walking Wake|Draco Meteor|p1a: Dragapult
|-supereffective|p1a: Dragapult
|-damage|p1a: Dragapult|0 fnt
|-unboost|p2a: Walking Wake|spa|2
|faint|p1a: Dragapult
|-damage|p2a: Walking Wake|81/100|[from] item: Life Orb
|
|-weather|SunnyDay|[upkeep]
|upkeep
|
|t:|1760434419
|switch|p1a: Scizor|Scizor, F|100/100
|turn|13
|
|t:|1760434421
|move|p2a: Walking Wake|Flamethrower|p1a: Scizor
|-supereffective|p1a: Scizor
|-enditem|p1a: Scizor|Focus Sash
|-damage|p1a: Scizor|1/100
|-damage|p2a: Walking Wake|71/100|[from] item: Life Orb
|move|p1a: Scizor|Swords Dance|p1a: Scizor
|-boost|p1a: Scizor|atk|2
|
|-weather|SunnyDay|[upkeep]
|upkeep
|turn|14
|
|t:|1760434424
|move|p1a: Scizor|Bullet Punch|p2a: Walking Wake
|-resisted|p2a: Walking Wake
|-damage|p2a: Walking Wake|34/100
|move|p2a: Walking Wake|Flamethrower|p1a: Scizor
|-supereffective|p1a: Scizor
|-damage|p1a: Scizor|0 fnt
|faint|p1a: Scizor
|-damage|p2a: Walking Wake|24/100|[from] item: Life Orb
|
|-weather|SunnyDay|[upkeep]
|upkeep
|
|t:|1760434426
|switch|p1a: Darkrai|Darkrai|100/100
|turn|15
|
|t:|1760434429
|-end|p2a: Walking Wake|Protosynthesis|[silent]
|switch|p2a: Chandelure|Chandelure, M|100/100
|move|p1a: Darkrai|Dark Pulse|p2a: Chandelure
|-supereffective|p2a: Chandelure
|-damage|p2a: Chandelure|0 fnt
|faint|p2a: Chandelure
|
|-weather|SunnyDay|[upkeep]
|upkeep
|
|t:|1760434433
|switch|p2a: Walking Wake|Walking Wake|24/100
|-activate|p2a: Walking Wake|ability: Protosynthesis
|-start|p2a: Walking Wake|protosynthesisspe
|turn|16
|
|t:|1760434436
|move|p2a: Walking Wake|Hydro Steam|p1a: Darkrai
|-damage|p1a: Darkrai|0 fnt
|faint|p1a: Darkrai
|-damage|p2a: Walking Wake|14/100|[from] item: Life Orb
|
|win|frostywingz
|raw|acoda's rating: 1226 &rarr; <strong>1204</strong><br />(-22 for losing)
|raw|frostywingz's rating: 1272 &rarr; <strong>1294</strong><br />(+22 for winning)
|l|☆acoda
|player|p1|
|l|☆frostywingz
|player|p2|
