|j|☆bbbmmmkkklll
|j|☆Tusia88
|t:|1760434965
|gametype|singles
|player|p1|bbbmmmkkklll|265|1435
|player|p2|Tusia88|1|1574
|gen|9
|tier|[Gen 9] OU
|rated|
|rule|HP Percentage Mod: HP is shown in percentages
|rule|Endless Battle Clause: Forcing endless battles is banned
|rule|Species Clause: Limit one of each Pokémon
|rule|OHKO Clause: OHKO moves are banned
|rule|Evasion Items Clause: Evasion items are banned
|rule|Evasion Moves Clause: Evasion moves are banned
|rule|Evasion Abilities Clause: Evasion abilities are banned
|rule|Sleep Moves Clause: Sleep-inducing moves are banned
|clearpoke
|poke|p1|Diancie|
|poke|p1|Hatterene, F|
|poke|p1|Ursaluna, F|
|poke|p1|Hoopa-Unbound|
|poke|p1|Sinistcha|
|poke|p1|Iron Hands|
|poke|p2|Ninetales, M|
|poke|p2|Dragonite, M|
|poke|p2|Cinderace, M|
|poke|p2|Walking Wake|
|poke|p2|Cresselia, F|
|poke|p2|Great Tusk|
|teampreview
|inactive|Battle timer is ON: inactive players will automatically lose when time's up. (requested by bbbmmmkkklll)
|
|t:|1760434983
|teamsize|p1|6
|teamsize|p2|6
|start
|switch|p1a: Hatterene|Hatterene, F|100/100
|switch|p2a: Cinderace|Cinderace, M|100/100
|turn|1
|
|t:|1760434993
|move|p2a: Cinderace|U-turn|p1a: Hatterene
|-start|p2a: Cinderace|typechange|Bug|[from] ability: Libero
|-damage|p1a: Hatterene|66/100
|
|t:|1760435003
|switch|p2a: Cresselia|Cresselia, F|100/100|[from] U-turn
|move|p1a: Hatterene|Trick Room|p1a: Hatterene
|-fieldstart|move: Trick Room|[of] p1a: Hatterene
|
|upkeep
|turn|2
|
|t:|1760435006
|move|p1a: Hatterene|Healing Wish|p1a: Hatterene
|faint|p1a: Hatterene
|move|p2a: Cresselia|Ice Beam|p1: Hatterene|[notarget]
|-fail|p2a: Cresselia
|
|upkeep
|
|t:|1760435008
|switch|p1a: Hoopa|Hoopa-Unbound|100/100
|turn|3
|
|t:|1760435017
|switch|p2a: Great Tusk|Great Tusk|100/100
|move|p1a: Hoopa|Hyperspace Fury|p2a: Great Tusk
|-resisted|p2a: Great Tusk
|-damage|p2a: Great Tusk|76/100
|-unboost|p1a: Hoopa|def|1
|-damage|p1a: Hoopa|91/100|[from] item: Life Orb
|
|upkeep
|turn|4
|
|t:|1760435026
|-end|p2a: Great Tusk|Protosynthesis|[silent]
|switch|p2a: Cresselia|Cresselia, F|100/100
|move|p1a: Hoopa|Psychic|p2a: Cresselia
|-resisted|p2a: Cresselia
|-damage|p2a: Cresselia|81/100
|-enditem|p2a: Cresselia|Eject Button
|-damage|p1a: Hoopa|81/100|[from] item: Life Orb
|
|t:|1760435033
|switch|p2a: Great Tusk|Great Tusk|76/100
|
|upkeep
|turn|5
|
|t:|1760435039
|-end|p2a: Great Tusk|Protosynthesis|[silent]
|switch|p2a: Cresselia|Cresselia, F|81/100
|move|p1a: Hoopa|Psychic|p2a: Cresselia
|-resisted|p2a: Cresselia
|-damage|p2a: Cresselia|64/100
|-damage|p1a: Hoopa|71/100|[from] item: Life Orb
|
|-fieldend|move: Trick Room
|upkeep
|turn|6
|
|t:|1760435045
|move|p2a: Cresselia|Thunder Wave|p1a: Hoopa
|-status|p1a: Hoopa|par
|move|p1a: Hoopa|Trick Room|p1a: Hoopa
|-fieldstart|move: Trick Room|[of] p1a: Hoopa
|
|upkeep
|turn|7
|
|t:|1760435051
|move|p1a: Hoopa|Hyperspace Fury|p2a: Cresselia
|-supereffective|p2a: Cresselia
|-damage|p2a: Cresselia|0 fnt
|-unboost|p1a: Hoopa|def|1
|faint|p2a: Cresselia
|-damage|p1a: Hoopa|61/100 par|[from] item: Life Orb
|
|upkeep
|
|t:|1760435055
|switch|p2a: Cinderace|Cinderace, M|100/100
|turn|8
|
|t:|1760435057
|move|p1a: Hoopa|Hyperspace Fury|p2a: Cinderace
|-damage|p2a: Cinderace|0 fnt
|-unboost|p1a: Hoopa|def|1
|faint|p2a: Cinderace
|-damage|p1a: Hoopa|51/100 par|[from] item: Life Orb
|
|upkeep
|
|t:|1760435064
|switch|p2a: Great Tusk|Great Tusk|76/100
|turn|9
|
|t:|1760435067
|cant|p1a: Hoopa|par
|move|p2a: Great Tusk|Headlong Rush|p1a: Hoopa
|-damage|p1a: Hoopa|0 fnt
|-unboost|p2a: Great Tusk|def|1
|-unboost|p2a: Great Tusk|spd|1
|faint|p1a: Hoopa
|-enditem|p2a: Great Tusk|Eject Pack
|
|t:|1760435082
|-end|p2a: Great Tusk|Protosynthesis|[silent]
|switch|p2a: Ninetales|Ninetales, M|100/100
|-weather|SunnyDay|[from] ability: Drought|[of] p2a: Ninetales
|
|-weather|SunnyDay|[upkeep]
|upkeep
|
|t:|1760435088
|switch|p1a: Diancie|Diancie|100/100
|turn|10
|
|t:|1760435092
|move|p1a: Diancie|Diamond Storm|p2a: Ninetales
|-supereffective|p2a: Ninetales
|-damage|p2a: Ninetales|0 fnt
|faint|p2a: Ninetales
|-damage|p1a: Diancie|91/100|[from] item: Life Orb
|
|-weather|SunnyDay|[upkeep]
|-fieldend|move: Trick Room
|upkeep
|
|t:|1760435095
|switch|p2a: Walking Wake|Walking Wake|100/100
|-activate|p2a: Walking Wake|ability: Protosynthesis
|-start|p2a: Walking Wake|protosynthesisspa
|turn|11
|
|t:|1760435102
|-terastallize|p2a: Walking Wake|Water
|-terastallize|p1a: Diancie|Grass
|move|p2a: Walking Wake|Hydro Steam|p1a: Diancie
|-resisted|p1a: Diancie
|-damage|p1a: Diancie|21/100
|move|p1a: Diancie|Trick Room|p1a: Diancie
|-fieldstart|move: Trick Room|[of] p1a: Diancie
|
|-weather|SunnyDay|[upkeep]
|upkeep
|turn|12
|
|t:|1760435109
|move|p1a: Diancie|Diamond Storm|p2a: Walking Wake
|-damage|p2a: Walking Wake|29/100
|-boost|p1a: Diancie|def|2
|-damage|p1a: Diancie|11/100|[from] item: Life Orb
|move|p2a: Walking Wake|Hydro Steam|p1a: Diancie
|-resisted|p1a: Diancie
|-damage|p1a: Diancie|0 fnt
|faint|p1a: Diancie
|
|-weather|SunnyDay|[upkeep]
|upkeep
|
|t:|1760435118
|switch|p1a: Ursaluna|Ursaluna, F|100/100
|turn|13
|
|t:|1760435123
|-end|p2a: Walking Wake|Protosynthesis|[silent]
|switch|p2a: Dragonite|Dragonite, M|100/100
|move|p1a: Ursaluna|Facade|p2a: Dragonite
|-damage|p2a: Dragonite|76/100
|
|-weather|SunnyDay|[upkeep]
|-status|p1a: Ursaluna|brn|[from] item: Flame Orb
|upkeep
|turn|14
|
|t:|1760435140
|switch|p2a: Great Tusk|Great Tusk|76/100
|-activate|p2a: Great Tusk|ability: Protosynthesis
|-start|p2a: Great Tusk|protosynthesisspe
|move|p1a: Ursaluna|Facade|p2a: Great Tusk
|-damage|p2a: Great Tusk|1/100
|
|-weather|SunnyDay|[upkeep]
|-damage|p1a: Ursaluna|94/100 brn|[from] brn
|upkeep
|turn|15
|
|t:|1760435147
|move|p1a: Ursaluna|Facade|p2a: Great Tusk
|-damage|p2a: Great Tusk|0 fnt
|faint|p2a: Great Tusk
|-end|p2a: Great Tusk|Protosynthesis|[silent]
|
|-weather|SunnyDay|[upkeep]
|-damage|p1a: Ursaluna|88/100 brn|[from] brn
|-fieldend|move: Trick Room
|upkeep
|
|t:|1760435149
|switch|p2a: Walking Wake|Walking Wake, tera:Water|29/100
|-activate|p2a: Walking Wake|ability: Protosynthesis
|-start|p2a: Walking Wake|protosynthesisspa
|turn|16
|
|t:|1760435161
|move|p2a: Walking Wake|Weather Ball|p1a: Ursaluna
|-damage|p1a: Ursaluna|0 fnt
|faint|p1a: Ursaluna
|
|-weather|none
|-end|p2a: Walking Wake|Protosynthesis
|upkeep
|
|t:|1760435165
|switch|p1a: Sinistcha|Sinistcha, shiny|100/100
|turn|17
|
|t:|1760435169
|-end|p2a: Walking Wake|Protosynthesis|[silent]
|switch|p2a: Dragonite|Dragonite, M|76/100
|move|p1a: Sinistcha|Trick Room|p1a: Sinistcha
|-fieldstart|move: Trick Room|[of] p1a: Sinistcha
|
|upkeep
|turn|18
|
|t:|1760435175
|move|p1a: Sinistcha|Shadow Ball|p2a: Dragonite
|-damage|p2a: Dragonite|17/100
|-unboost|p2a: Dragonite|spd|1
|-damage|p1a: Sinistcha|91/100|[from] item: Life Orb
|move|p2a: Dragonite|Earthquake|p1a: Sinistcha
|-resisted|p1a: Sinistcha
|-damage|p1a: Sinistcha|74/100
|
|upkeep
|turn|19
|-message|Tusia88 forfeited.
|
|win|bbbmmmkkklll
|raw|bbbmmmkkklll's rating: 1435 &rarr; <strong>1463</strong><br />(+28 for winning)
|raw|Tusia88's rating: 1574 &rarr; <strong>1546</strong><br />(-28 for losing)
|l|☆Tusia88
|player|p2|
|l|☆bbbmmmkkklll
|player|p1|
