|inactive|Battle timer is ON: inactive players will automatically lose when time's up.
|t:|1760381291
|gametype|singles
|player|p1|Electric win|#electricwin|
|player|p2|clean|lyra|
|gen|9
|tier|[Gen 9] OU
|rule|HP Percentage Mod: HP is shown in percentages
|rule|Endless Battle Clause: Forcing endless battles is banned
|rule|Species Clause: Limit one of each Pokémon
|rule|OHKO Clause: OHKO moves are banned
|rule|Evasion Items Clause: Evasion items are banned
|rule|Evasion Moves Clause: Evasion moves are banned
|rule|Evasion Abilities Clause: Evasion abilities are banned
|rule|Sleep Moves Clause: Sleep-inducing moves are banned
|clearpoke
|poke|p1|Gliscor, F|
|poke|p1|Samurott-Hisui, F|
|poke|p1|Dragonite, M|
|poke|p1|Clefable, M|
|poke|p1|Gholdengo|
|poke|p1|Zamazenta-*|
|poke|p2|Tyranitar, M|
|poke|p2|Excadrill, M|
|poke|p2|Tornadus-Therian, M|
|poke|p2|Tinkaton, F|
|poke|p2|Sinistcha|
|poke|p2|Toxapex, M|
|teampreview
|inactive|clean also wants the timer to be on.
|c|☆Electric win|Hf
|c|☆clean|u2
|inactive|Electric win has 270 seconds left.
|inactive|clean has 270 seconds left.
|inactive|clean has 240 seconds left.
|inactive|clean has 210 seconds left.
|inactive|clean has 180 seconds left.
|
|t:|1760381418
|teamsize|p1|6
|teamsize|p2|6
|start
|switch|p1a: Clefable|Clefable, M|100/100
|switch|p2a: Tyranitar|Tyranitar, M|100/100
|-weather|Sandstorm|[from] ability: Sand Stream|[of] p2a: Tyranitar
|turn|1
|inactive|clean has 240 seconds left.
|inactive|clean has 210 seconds left.
|
|t:|1760381462
|move|p2a: Tyranitar|Stone Edge|p1a: Clefable
|-damage|p1a: Clefable|28/100
|move|p1a: Clefable|Thunder Wave|p2a: Tyranitar
|-status|p2a: Tyranitar|par
|
|-weather|Sandstorm|[upkeep]
|upkeep
|turn|2
|inactive|Electric win has 270 seconds left.
|
|t:|1760381488
|switch|p1a: Gholdengo|Gholdengo|100/100
|move|p2a: Tyranitar|Stone Edge|p1a: Gholdengo
|-resisted|p1a: Gholdengo
|-damage|p1a: Gholdengo|52/100
|
|-weather|Sandstorm|[upkeep]
|upkeep
|turn|3
|inactive|clean has 210 seconds left.
|inactive|Electric win has 270 seconds left.
|
|t:|1760381516
|switch|p2a: Toxapex|Toxapex, M|100/100
|move|p1a: Gholdengo|Recover|p1a: Gholdengo
|-heal|p1a: Gholdengo|100/100
|
|-weather|Sandstorm|[upkeep]
|-damage|p2a: Toxapex|95/100|[from] Sandstorm
|upkeep
|turn|4
|inactive|Electric win has 270 seconds left.
|inactive|clean has 210 seconds left.
|
|t:|1760381524
|switch|p1a: Gliscor|Gliscor, F, shiny|100/100
|move|p2a: Toxapex|Toxic Spikes|p1a: Gliscor
|-sidestart|p1: Electric win|move: Toxic Spikes
|
|-weather|Sandstorm|[upkeep]
|-damage|p2a: Toxapex|89/100|[from] Sandstorm
|-status|p1a: Gliscor|tox|[from] item: Toxic Orb
|upkeep
|turn|5
|
|t:|1760381533
|switch|p2a: Tinkaton|Tinkaton, F|100/100
|-item|p2a: Tinkaton|Air Balloon
|move|p1a: Gliscor|Swords Dance|p1a: Gliscor
|-boost|p1a: Gliscor|atk|2
|
|-weather|none
|upkeep
|turn|6
|
|t:|1760381542
|move|p1a: Gliscor|Facade|p2a: Tinkaton
|-resisted|p2a: Tinkaton
|-damage|p2a: Tinkaton|58/100
|-enditem|p2a: Tinkaton|Air Balloon
|-enditem|p1a: Gliscor|Toxic Orb|[silent]|[from] ability: Pickpocket|[of] p1a: Gliscor
|-item|p2a: Tinkaton|Toxic Orb|[from] ability: Pickpocket|[of] p1a: Gliscor
|move|p2a: Tinkaton|Encore|p1a: Gliscor
|-start|p1a: Gliscor|Encore
|
|upkeep
|turn|7
|
|t:|1760381548
|switch|p2a: Sinistcha|Sinistcha|100/100
|move|p1a: Gliscor|Facade|p2a: Sinistcha
|-immune|p2a: Sinistcha
|
|upkeep
|turn|8
|
|t:|1760381558
|move|p1a: Gliscor|Facade|p2a: Sinistcha
|-immune|p2a: Sinistcha
|move|p2a: Sinistcha|Calm Mind|p2a: Sinistcha
|-boost|p2a: Sinistcha|spa|1
|-boost|p2a: Sinistcha|spd|1
|
|upkeep
|turn|9
|inactive|clean has 240 seconds left.
|
|t:|1760381582
|switch|p1a: Dragonite|Dragonite, M|100/100
|move|p2a: Sinistcha|Shadow Ball|p1a: Dragonite
|-damage|p1a: Dragonite|81/100
|
|upkeep
|turn|10
|inactive|clean has 240 seconds left.
|
|t:|1760381593
|move|p1a: Dragonite|Roost|p1a: Dragonite
|-heal|p1a: Dragonite|100/100
|-singleturn|p1a: Dragonite|move: Roost
|move|p2a: Sinistcha|Shadow Ball|p1a: Dragonite
|-damage|p1a: Dragonite|78/100
|
|upkeep
|turn|11
|
|t:|1760381605
|move|p2a: Sinistcha|Shadow Ball|p1a: Dragonite
|-damage|p1a: Dragonite|37/100
|move|p1a: Dragonite|Dragon Tail|p2a: Sinistcha
|-damage|p2a: Sinistcha|78/100
|drag|p2a: Excadrill|Excadrill, M|100/100
|
|upkeep
|turn|12
|inactive|clean has 240 seconds left.
|
|t:|1760381628
|switch|p2a: Tornadus|Tornadus-Therian, M|100/100
|switch|p1a: Gliscor|Gliscor, F, shiny|100/100 tox
|
|upkeep
|turn|13
|
|t:|1760381634
|move|p1a: Gliscor|Protect|p1a: Gliscor
|-singleturn|p1a: Gliscor|Protect
|move|p2a: Tornadus|Bleakwind Storm|p1a: Gliscor
|-activate|p1a: Gliscor|move: Protect
|
|upkeep
|turn|14
|inactive|Electric win has 270 seconds left.
|
|t:|1760381669
|switch|p1a: Gholdengo|Gholdengo|100/100
|move|p2a: Tornadus|Bleakwind Storm|p1a: Gholdengo
|-resisted|p1a: Gholdengo
|-damage|p1a: Gholdengo|58/100
|
|upkeep
|turn|15
|inactive|Electric win has 270 seconds left.
|inactive|clean has 240 seconds left.
|inactive|Electric win has 240 seconds left.
|inactive|clean has 210 seconds left.
|inactive|Electric win has 210 seconds left.
|
|t:|1760381754
|switch|p2a: Excadrill|Excadrill, M|100/100
|move|p1a: Gholdengo|Trick|p2a: Excadrill
|-activate|p1a: Gholdengo|move: Trick|[of] p2a: Excadrill
|-item|p2a: Excadrill|Choice Scarf|[from] move: Trick
|-item|p1a: Gholdengo|Loaded Dice|[from] move: Trick
|
|upkeep
|turn|16
|inactive|clean has 210 seconds left.
|inactive|Electric win has 180 seconds left.
|
|t:|1760381790
|switch|p2a: Tornadus|Tornadus-Therian, M|100/100
|move|p1a: Gholdengo|Thunder Wave|p2a: Tornadus
|-status|p2a: Tornadus|par
|
|upkeep
|turn|17
|inactive|Electric win has 150 seconds left.
|inactive|Electric win has 120 seconds left.
|
|t:|1760381857
|switch|p1a: Dragonite|Dragonite, M|37/100
|move|p2a: Tornadus|Heat Wave|p1a: Dragonite
|-resisted|p1a: Dragonite
|-damage|p1a: Dragonite|18/100
|-status|p1a: Dragonite|brn
|
|-damage|p1a: Dragonite|11/100 brn|[from] brn
|upkeep
|turn|18
|inactive|Electric win has 120 seconds left.
|
|t:|1760381874
|switch|p2a: Tinkaton|Tinkaton, F|58/100
|move|p1a: Dragonite|Roost|p1a: Dragonite
|-heal|p1a: Dragonite|61/100 brn
|-singleturn|p1a: Dragonite|move: Roost
|
|-damage|p1a: Dragonite|55/100 brn|[from] brn
|upkeep
|turn|19
|inactive|Electric win has 90 seconds left.
|
|t:|1760381915
|switch|p1a: Samurott|Samurott-Hisui, F|100/100
|move|p2a: Tinkaton|Stealth Rock|p1a: Samurott
|-sidestart|p1: Electric win|move: Stealth Rock
|
|upkeep
|turn|20
|
|t:|1760381928
|switch|p2a: Toxapex|Toxapex, M|100/100
|move|p1a: Samurott|Ceaseless Edge|p2a: Toxapex
|-damage|p2a: Toxapex|67/100
|-sidestart|p2: clean|Spikes
|-enditem|p2a: Toxapex|Eject Button
|inactive|clean has 180 seconds left.
|
|t:|1760381980
|switch|p2a: Excadrill|Excadrill, M|100/100
|-damage|p2a: Excadrill|88/100|[from] Spikes
|
|upkeep
|turn|21
|inactive|Electric win has 90 seconds left.
|
|t:|1760382006
|move|p2a: Excadrill|Earthquake|p1a: Samurott
|-damage|p1a: Samurott|30/100
|move|p1a: Samurott|Aqua Cutter|p2a: Excadrill
|-supereffective|p2a: Excadrill
|-damage|p2a: Excadrill|0 fnt
|faint|p2a: Excadrill
|
|upkeep
|
|t:|1760382017
|switch|p2a: Tinkaton|Tinkaton, F|58/100
|-damage|p2a: Tinkaton|46/100|[from] Spikes
|turn|22
|
|t:|1760382023
|switch|p1a: Gliscor|Gliscor, F, shiny|100/100 tox
|-damage|p1a: Gliscor|88/100 tox|[from] Stealth Rock
|move|p2a: Tinkaton|Gigaton Hammer|p1a: Gliscor
|-damage|p1a: Gliscor|38/100 tox
|
|-heal|p1a: Gliscor|50/100 tox|[from] ability: Poison Heal
|upkeep
|turn|23
|inactive|Electric win has 90 seconds left.
|inactive|clean has 150 seconds left.
|
|t:|1760382071
|switch|p2a: Sinistcha|Sinistcha|78/100
|-damage|p2a: Sinistcha|66/100|[from] Spikes
|move|p1a: Gliscor|Earthquake|p2a: Sinistcha
|-resisted|p2a: Sinistcha
|-damage|p2a: Sinistcha|54/100
|
|-heal|p2a: Sinistcha|60/100|[from] item: Leftovers
|-heal|p1a: Gliscor|63/100 tox|[from] ability: Poison Heal
|upkeep
|turn|24
|
|t:|1760382082
|switch|p1a: Dragonite|Dragonite, M|55/100 brn
|move|p2a: Sinistcha|Strength Sap|p1a: Dragonite
|-unboost|p1a: Dragonite|atk|1
|-heal|p2a: Sinistcha|100/100
|
|-damage|p1a: Dragonite|49/100 brn|[from] brn
|upkeep
|turn|25
|
|t:|1760382090
|move|p2a: Sinistcha|Calm Mind|p2a: Sinistcha
|-boost|p2a: Sinistcha|spa|1
|-boost|p2a: Sinistcha|spd|1
|move|p1a: Dragonite|Dragon Tail|p2a: Sinistcha
|-damage|p2a: Sinistcha|92/100
|drag|p2a: Tyranitar|Tyranitar, M|100/100 par
|-damage|p2a: Tyranitar|88/100 par|[from] Spikes
|-weather|Sandstorm|[from] ability: Sand Stream|[of] p2a: Tyranitar
|
|-weather|Sandstorm|[upkeep]
|-damage|p1a: Dragonite|43/100 brn|[from] Sandstorm
|-damage|p1a: Dragonite|37/100 brn|[from] brn
|upkeep
|turn|26
|inactive|clean has 150 seconds left.
|
|t:|1760382106
|switch|p1a: Zamazenta|Zamazenta|100/100
|-status|p1a: Zamazenta|psn
|-damage|p1a: Zamazenta|94/100 psn|[from] Stealth Rock
|-ability|p1a: Zamazenta|Dauntless Shield|boost
|-boost|p1a: Zamazenta|def|1
|move|p2a: Tyranitar|Knock Off|p1a: Zamazenta
|-resisted|p1a: Zamazenta
|-damage|p1a: Zamazenta|73/100 psn
|-enditem|p1a: Zamazenta|Leftovers|[from] move: Knock Off|[of] p2a: Tyranitar
|
|-weather|Sandstorm|[upkeep]
|-damage|p1a: Zamazenta|67/100 psn|[from] Sandstorm
|-damage|p1a: Zamazenta|54/100 psn|[from] psn
|upkeep
|turn|27
|inactive|clean has 150 seconds left.
|
|t:|1760382121
|switch|p1a: Samurott|Samurott-Hisui, F|30/100
|switch|p2a: Tornadus|Tornadus-Therian, M|100/100 par
|
|-weather|Sandstorm|[upkeep]
|-damage|p1a: Samurott|24/100|[from] Sandstorm
|-damage|p2a: Tornadus|94/100 par|[from] Sandstorm
|upkeep
|turn|28
|inactive|clean has 150 seconds left.
|
|t:|1760382134
|move|p1a: Samurott|Ceaseless Edge|p2a: Tornadus
|-damage|p2a: Tornadus|32/100 par
|-sidestart|p2: clean|Spikes
|move|p2a: Tornadus|Weather Ball|p1a: Samurott
|-damage|p1a: Samurott|0 fnt
|faint|p1a: Samurott
|
|-weather|Sandstorm|[upkeep]
|-damage|p2a: Tornadus|26/100 par|[from] Sandstorm
|upkeep
|inactive|Electric win has 60 seconds left.
|
|t:|1760382169
|switch|p1a: Gholdengo|Gholdengo|58/100
|-damage|p1a: Gholdengo|52/100|[from] Stealth Rock
|turn|29
|
|t:|1760382174
|switch|p2a: Tyranitar|Tyranitar, M|88/100 par
|-damage|p2a: Tyranitar|72/100 par|[from] Spikes
|move|p1a: Gholdengo|Recover|p1a: Gholdengo
|-heal|p1a: Gholdengo|100/100
|
|-weather|none
|upkeep
|turn|30
|inactive|Electric win has 60 seconds left.
|inactive|clean has 150 seconds left.
|
|t:|1760382212
|switch|p1a: Zamazenta|Zamazenta|54/100 psn
|-damage|p1a: Zamazenta|48/100 psn|[from] Stealth Rock
|move|p2a: Tyranitar|Knock Off|p1a: Zamazenta
|-resisted|p1a: Zamazenta
|-damage|p1a: Zamazenta|26/100 psn
|
|-damage|p1a: Zamazenta|14/100 psn|[from] psn
|upkeep
|turn|31
|inactive|clean has 150 seconds left.
|
|t:|1760382218
|switch|p2a: Tornadus|Tornadus-Therian, M|59/100 par
|move|p1a: Zamazenta|Heavy Slam|p2a: Tornadus
|-damage|p2a: Tornadus|28/100 par
|
|-damage|p1a: Zamazenta|2/100 psn|[from] psn
|upkeep
|turn|32
|
|t:|1760382224
|switch|p2a: Toxapex|Toxapex, M|100/100
|-damage|p2a: Toxapex|84/100|[from] Spikes
|move|p1a: Zamazenta|Heavy Slam|p2a: Toxapex
|-resisted|p2a: Toxapex
|-damage|p2a: Toxapex|72/100
|
|-damage|p1a: Zamazenta|0 fnt|[from] psn
|faint|p1a: Zamazenta
|upkeep
|
|t:|1760382225
|switch|p1a: Clefable|Clefable, M|28/100
|-status|p1a: Clefable|psn
|turn|33
|inactive|Electric win has 60 seconds left.
|
|t:|1760382235
|switch|p2a: Tornadus|Tornadus-Therian, M|61/100 par
|move|p1a: Clefable|Stealth Rock|p2a: Tornadus
|-sidestart|p2: clean|move: Stealth Rock
|
|upkeep
|turn|34
|inactive|Electric win has 60 seconds left.
|
|t:|1760382250
|move|p2a: Tornadus|Bleakwind Storm|p1a: Clefable
|-damage|p1a: Clefable|0 fnt
|faint|p1a: Clefable
|
|upkeep
|
|t:|1760382252
|switch|p1a: Gholdengo|Gholdengo|100/100
|-damage|p1a: Gholdengo|95/100|[from] Stealth Rock
|turn|35
|inactive|clean has 180 seconds left.
|
|t:|1760382266
|switch|p2a: Toxapex|Toxapex, M|100/100
|-damage|p2a: Toxapex|84/100|[from] Spikes
|-damage|p2a: Toxapex|72/100|[from] Stealth Rock
|move|p1a: Gholdengo|Shadow Ball|p2a: Toxapex
|-damage|p2a: Toxapex|41/100
|
|upkeep
|turn|36
|
|t:|1760382271
|move|p1a: Gholdengo|Shadow Ball|p2a: Toxapex
|-damage|p2a: Toxapex|12/100
|move|p2a: Toxapex|Recover|p2a: Toxapex
|-heal|p2a: Toxapex|62/100
|
|upkeep
|turn|37
|
|t:|1760382275
|move|p1a: Gholdengo|Shadow Ball|p2a: Toxapex
|-damage|p2a: Toxapex|31/100
|move|p2a: Toxapex|Recover|p2a: Toxapex
|-heal|p2a: Toxapex|81/100
|
|upkeep
|turn|38
|
|t:|1760382290
|move|p1a: Gholdengo|Shadow Ball|p2a: Toxapex
|-damage|p2a: Toxapex|50/100
|-unboost|p2a: Toxapex|spd|1
|move|p2a: Toxapex|Recover|p2a: Toxapex
|-heal|p2a: Toxapex|100/100
|
|upkeep
|turn|39
|
|t:|1760382293
|move|p1a: Gholdengo|Shadow Ball|p2a: Toxapex
|-damage|p2a: Toxapex|60/100
|move|p2a: Toxapex|Haze|p2a: Toxapex
|-clearallboost
|
|upkeep
|turn|40
|
|t:|1760382296
|move|p1a: Gholdengo|Shadow Ball|p2a: Toxapex
|-damage|p2a: Toxapex|29/100
|move|p2a: Toxapex|Recover|p2a: Toxapex
|-heal|p2a: Toxapex|79/100
|
|upkeep
|turn|41
|inactive|clean has 210 seconds left.
|
|t:|1760382322
|switch|p2a: Tinkaton|Tinkaton, F|46/100
|-damage|p2a: Tinkaton|29/100|[from] Spikes
|-damage|p2a: Tinkaton|23/100|[from] Stealth Rock
|move|p1a: Gholdengo|Shadow Ball|p2a: Tinkaton
|-damage|p2a: Tinkaton|0 fnt
|faint|p2a: Tinkaton
|
|upkeep
|
|t:|1760382349
|switch|p2a: Tyranitar|Tyranitar, M|72/100 par
|-damage|p2a: Tyranitar|55/100 par|[from] Spikes
|-damage|p2a: Tyranitar|43/100 par|[from] Stealth Rock
|-weather|Sandstorm|[from] ability: Sand Stream|[of] p2a: Tyranitar
|turn|42
|inactive|clean has 180 seconds left.
|
|t:|1760382364
|switch|p1a: Dragonite|Dragonite, M|37/100 brn
|move|p2a: Tyranitar|Knock Off|p1a: Dragonite
|-damage|p1a: Dragonite|0 fnt
|-enditem|p1a: Dragonite|Heavy-Duty Boots|[from] move: Knock Off|[of] p2a: Tyranitar
|faint|p1a: Dragonite
|
|-weather|Sandstorm|[upkeep]
|upkeep
|
|t:|1760382368
|switch|p1a: Gliscor|Gliscor, F, shiny|63/100 tox
|-damage|p1a: Gliscor|50/100 tox|[from] Stealth Rock
|turn|43
|
|t:|1760382383
|switch|p2a: Toxapex|Toxapex, M|100/100
|-damage|p2a: Toxapex|84/100|[from] Spikes
|-damage|p2a: Toxapex|72/100|[from] Stealth Rock
|move|p1a: Gliscor|Earthquake|p2a: Toxapex
|-supereffective|p2a: Toxapex
|-damage|p2a: Toxapex|26/100
|
|-weather|Sandstorm|[upkeep]
|-damage|p2a: Toxapex|20/100|[from] Sandstorm
|-heal|p1a: Gliscor|63/100 tox|[from] ability: Poison Heal
|upkeep
|turn|44
|
|t:|1760382388
|move|p1a: Gliscor|Swords Dance|p1a: Gliscor
|-boost|p1a: Gliscor|atk|2
|move|p2a: Toxapex|Haze|p2a: Toxapex
|-clearallboost
|
|-weather|Sandstorm|[upkeep]
|-damage|p2a: Toxapex|14/100|[from] Sandstorm
|-heal|p1a: Gliscor|75/100 tox|[from] ability: Poison Heal
|upkeep
|turn|45
|inactive|clean has 180 seconds left.
|inactive|Electric win has 150 seconds left.
|
|t:|1760382433
|switch|p1a: Gholdengo|Gholdengo|95/100
|-damage|p1a: Gholdengo|89/100|[from] Stealth Rock
|move|p2a: Toxapex|Haze|p2a: Toxapex
|-clearallboost
|
|-weather|Sandstorm|[upkeep]
|-damage|p2a: Toxapex|8/100|[from] Sandstorm
|upkeep
|turn|46
|inactive|clean has 180 seconds left.
|inactive|Electric win has 120 seconds left.
|inactive|clean has 150 seconds left.
|inactive|clean has 120 seconds left.
|
|t:|1760382509
|move|p1a: Gholdengo|Recover|p1a: Gholdengo
|-heal|p1a: Gholdengo|100/100
|move|p2a: Toxapex|Haze|p2a: Toxapex
|-clearallboost
|
|-weather|none
|upkeep
|turn|47
|
|t:|1760382512
|move|p1a: Gholdengo|Shadow Ball|p2a: Toxapex
|-damage|p2a: Toxapex|0 fnt
|faint|p2a: Toxapex
|
|upkeep
|inactive|clean has 120 seconds left.
|
|t:|1760382528
|switch|p2a: Tornadus|Tornadus-Therian, M|94/100 par
|-damage|p2a: Tornadus|69/100 par|[from] Stealth Rock
|turn|48
|
|t:|1760382542
|-terastallize|p1a: Gholdengo|Ghost
|move|p1a: Gholdengo|Shadow Ball|p2a: Tornadus
|-damage|p2a: Tornadus|0 fnt
|faint|p2a: Tornadus
|
|upkeep
|inactive|clean has 120 seconds left.
|
|t:|1760382571
|switch|p2a: Tyranitar|Tyranitar, M|43/100 par
|-damage|p2a: Tyranitar|27/100 par|[from] Spikes
|-damage|p2a: Tyranitar|14/100 par|[from] Stealth Rock
|-weather|Sandstorm|[from] ability: Sand Stream|[of] p2a: Tyranitar
|turn|49
|inactive|Electric win has 120 seconds left.
|
|t:|1760382578
|move|p1a: Gholdengo|Shadow Ball|p2a: Tyranitar
|-resisted|p2a: Tyranitar
|-damage|p2a: Tyranitar|0 fnt
|faint|p2a: Tyranitar
|
|-weather|Sandstorm|[upkeep]
|-damage|p1a: Gholdengo|95/100|[from] Sandstorm
|upkeep
|
|t:|1760382586
|switch|p2a: Sinistcha|Sinistcha|92/100
|-damage|p2a: Sinistcha|76/100|[from] Spikes
|-damage|p2a: Sinistcha|63/100|[from] Stealth Rock
|turn|50
|inactive|clean has 120 seconds left.
|
|t:|1760382593
|-terastallize|p2a: Sinistcha|Fighting
|move|p1a: Gholdengo|Shadow Ball|p2a: Sinistcha
|-damage|p2a: Sinistcha|0 fnt
|faint|p2a: Sinistcha
|
|win|Electric win
|c|☆Electric win|gg
|c|☆Electric win|a
|c|☆Electric win|s*
|c|☆clean|ggs
