|j|☆depart168
|j|☆kurobots
|t:|1760340093
|gametype|singles
|player|p1|depart168|1|1555
|player|p2|kurobots|ghetsis-gen5bw|1528
|gen|9
|tier|[Gen 9] OU
|rated|
|rule|HP Percentage Mod: HP is shown in percentages
|rule|Endless Battle Clause: Forcing endless battles is banned
|rule|Species Clause: Limit one of each Pokémon
|rule|OHKO Clause: OHKO moves are banned
|rule|Evasion Items Clause: Evasion items are banned
|rule|Evasion Moves Clause: Evasion moves are banned
|rule|Evasion Abilities Clause: Evasion abilities are banned
|rule|Sleep Moves Clause: Sleep-inducing moves are banned
|clearpoke
|poke|p1|Pelipper, F|
|poke|p1|Overqwil, M|
|poke|p1|Zapdos|
|poke|p1|Barraskewda, F|
|poke|p1|Iron Treads|
|poke|p1|Keldeo-Resolute|
|poke|p2|Skeledirge, M|
|poke|p2|Ogerpon-Wellspring, F|
|poke|p2|Dragapult, F|
|poke|p2|Weezing-Galar, M|
|poke|p2|Ting-Lu|
|poke|p2|Corviknight, F|
|teampreview
|inactive|Battle timer is ON: inactive players will automatically lose when time's up. (requested by kurobots)
|
|t:|1760340112
|teamsize|p1|6
|teamsize|p2|6
|start
|switch|p1a: Pelipper|Pelipper, F|100/100
|switch|p2a: Dragapult|Dragapult, F|100/100
|-weather|RainDance|[from] ability: Drizzle|[of] p1a: Pelipper
|turn|1
|
|t:|1760340126
|move|p2a: Dragapult|Draco Meteor|p1a: Pelipper
|-damage|p1a: Pelipper|0 fnt
|-unboost|p2a: Dragapult|spa|2
|faint|p1a: Pelipper
|
|-weather|RainDance|[upkeep]
|upkeep
|
|t:|1760340133
|switch|p1a: Overqwil|Overqwil, M|100/100
|turn|2
|inactive|kurobots has 120 seconds left.
|
|t:|1760340163
|switch|p2a: Corviknight|Corviknight, F|100/100
|-ability|p2a: Corviknight|Pressure
|move|p1a: Overqwil|Swords Dance|p1a: Overqwil
|-boost|p1a: Overqwil|atk|2
|
|-weather|RainDance|[upkeep]
|upkeep
|turn|3
|inactive|kurobots has 120 seconds left.
|j| Dor.Zf
|inactive|kurobots has 90 seconds left.
|
|t:|1760340214
|move|p1a: Overqwil|Crunch|p2a: Corviknight
|-damage|p2a: Corviknight|35/100
|-damage|p1a: Overqwil|84/100|[from] item: Rocky Helmet|[of] p2a: Corviknight
|-damage|p1a: Overqwil|74/100|[from] item: Life Orb
|move|p2a: Corviknight|Body Press|p1a: Overqwil
|-damage|p1a: Overqwil|46/100
|
|-weather|RainDance|[upkeep]
|upkeep
|turn|4
|
|t:|1760340223
|move|p1a: Overqwil|Crunch|p2a: Corviknight
|-damage|p2a: Corviknight|0 fnt
|-damage|p1a: Overqwil|29/100|[from] item: Rocky Helmet|[of] p2a: Corviknight
|faint|p2a: Corviknight
|-damage|p1a: Overqwil|19/100|[from] item: Life Orb
|
|-weather|RainDance|[upkeep]
|upkeep
|
|t:|1760340234
|switch|p2a: Ogerpon|Ogerpon-Wellspring, F|100/100
|turn|5
|
|t:|1760340236
|switch|p2a: Ting-Lu|Ting-Lu, shiny|100/100
|-ability|p2a: Ting-Lu|Vessel of Ruin
|move|p1a: Overqwil|Self-Destruct|p2a: Ting-Lu
|-damage|p2a: Ting-Lu|0 fnt
|faint|p1a: Overqwil
|faint|p2a: Ting-Lu
|
|-weather|RainDance|[upkeep]
|upkeep
|inactive|kurobots has 90 seconds left.
|
|t:|1760340252
|switch|p1a: Barraskewda|Barraskewda, F|100/100
|switch|p2a: Ogerpon|Ogerpon-Wellspring, F|100/100
|turn|6
|
|t:|1760340254
|move|p1a: Barraskewda|Poison Jab|p2a: Ogerpon
|-supereffective|p2a: Ogerpon
|-damage|p2a: Ogerpon|2/100
|-status|p2a: Ogerpon|psn
|move|p2a: Ogerpon|Ivy Cudgel|p1a: Barraskewda|[anim] Ivy Cudgel Water
|-resisted|p1a: Barraskewda
|-damage|p1a: Barraskewda|22/100
|
|-weather|RainDance|[upkeep]
|-damage|p2a: Ogerpon|0 fnt|[from] psn
|faint|p2a: Ogerpon
|upkeep
|inactive|kurobots has 90 seconds left.
|
|t:|1760340285
|switch|p2a: Skeledirge|Skeledirge, M|100/100
|turn|7
|
|t:|1760340303
|switch|p1a: Keldeo|Keldeo-Resolute|100/100
|move|p2a: Skeledirge|Torch Song|p1a: Keldeo
|-resisted|p1a: Keldeo
|-damage|p1a: Keldeo|92/100
|-boost|p2a: Skeledirge|spa|1
|
|-weather|RainDance|[upkeep]
|upkeep
|turn|8
|
|t:|1760340310
|-terastallize|p2a: Skeledirge|Dark
|move|p1a: Keldeo|Surf|p2a: Skeledirge
|-damage|p2a: Skeledirge|41/100
|move|p2a: Skeledirge|Torch Song|p1a: Keldeo
|-resisted|p1a: Keldeo
|-damage|p1a: Keldeo|80/100
|-boost|p2a: Skeledirge|spa|1
|
|-weather|none
|upkeep
|turn|9
|
|t:|1760340322
|move|p1a: Keldeo|Surf|p2a: Skeledirge
|-damage|p2a: Skeledirge|3/100
|move|p2a: Skeledirge|Slack Off|p2a: Skeledirge
|-heal|p2a: Skeledirge|53/100
|
|upkeep
|turn|10
|
|t:|1760340328
|switch|p1a: Zapdos|Zapdos|100/100
|move|p2a: Skeledirge|Slack Off|p2a: Skeledirge
|-heal|p2a: Skeledirge|100/100
|
|upkeep
|turn|11
|
|t:|1760340331
|move|p1a: Zapdos|Volt Switch|p2a: Skeledirge
|-damage|p2a: Skeledirge|79/100
|
|t:|1760340333
|switch|p1a: Keldeo|Keldeo-Resolute|80/100|[from] Volt Switch
|move|p2a: Skeledirge|Torch Song|p1a: Keldeo
|-resisted|p1a: Keldeo
|-crit|p1a: Keldeo
|-damage|p1a: Keldeo|25/100
|-boost|p2a: Skeledirge|spa|1
|
|upkeep
|turn|12
|
|t:|1760340336
|switch|p2a: Dragapult|Dragapult, F|100/100
|move|p1a: Keldeo|Secret Sword|p2a: Dragapult
|-immune|p2a: Dragapult
|
|upkeep
|turn|13
|
|t:|1760340341
|switch|p1a: Iron Treads|Iron Treads|100/100
|move|p2a: Dragapult|Shadow Ball|p1a: Iron Treads
|-damage|p1a: Iron Treads|51/100
|
|upkeep
|turn|14
|
|t:|1760340347
|move|p2a: Dragapult|Shadow Ball|p1a: Iron Treads
|-damage|p1a: Iron Treads|0 fnt
|faint|p1a: Iron Treads
|-end|p1a: Iron Treads|Quark Drive|[silent]
|
|upkeep
|
|t:|1760340352
|switch|p1a: Zapdos|Zapdos|100/100
|turn|15
|
|t:|1760340354
|move|p2a: Dragapult|Shadow Ball|p1a: Zapdos
|-damage|p1a: Zapdos|54/100
|move|p1a: Zapdos|Thunder|p2a: Dragapult
|-resisted|p2a: Dragapult
|-damage|p2a: Dragapult|67/100
|
|upkeep
|turn|16
|
|t:|1760340361
|move|p2a: Dragapult|Shadow Ball|p1a: Zapdos
|-damage|p1a: Zapdos|2/100
|-unboost|p1a: Zapdos|spd|1
|move|p1a: Zapdos|Hurricane|p2a: Dragapult
|-damage|p2a: Dragapult|0 fnt
|faint|p2a: Dragapult
|
|upkeep
|
|t:|1760340369
|switch|p2a: Skeledirge|Skeledirge, M, tera:Dark|79/100
|turn|17
|
|t:|1760340376
|move|p1a: Zapdos|Thunder|p2a: Skeledirge
|-damage|p2a: Skeledirge|47/100
|-status|p2a: Skeledirge|par
|move|p2a: Skeledirge|Torch Song|p1a: Zapdos
|-damage|p1a: Zapdos|0 fnt
|-boost|p2a: Skeledirge|spa|1
|faint|p1a: Zapdos
|
|upkeep
|
|t:|1760340380
|switch|p1a: Barraskewda|Barraskewda, F|22/100
|turn|18
|
|t:|1760340383
|switch|p2a: Weezing|Weezing-Galar, M|100/100
|-ability|p2a: Weezing|Neutralizing Gas
|-terastallize|p1a: Barraskewda|Water
|move|p1a: Barraskewda|Waterfall|p2a: Weezing
|-damage|p2a: Weezing|29/100
|
|upkeep
|turn|19
|l| Dor.Zf
|-message|kurobots forfeited.
|
|win|depart168
|raw|depart168's rating: 1555 &rarr; <strong>1573</strong><br />(+18 for winning)
|raw|kurobots's rating: 1528 &rarr; <strong>1510</strong><br />(-18 for losing)
|l|☆kurobots
|player|p2|
|l|☆depart168
|player|p1|
