|j|☆Swagataka
|j|☆xXb1llyXx
|t:|1760390727
|gametype|singles
|player|p1|Swagataka|byron|1725
|player|p2|xXb1llyXx|mom-unova|1733
|gen|9
|tier|[Gen 9] OU
|rated|
|rule|HP Percentage Mod: HP is shown in percentages
|rule|Endless Battle Clause: Forcing endless battles is banned
|rule|Species Clause: Limit one of each Pokémon
|rule|OHKO Clause: OHKO moves are banned
|rule|Evasion Items Clause: Evasion items are banned
|rule|Evasion Moves Clause: Evasion moves are banned
|rule|Evasion Abilities Clause: Evasion abilities are banned
|rule|Sleep Moves Clause: Sleep-inducing moves are banned
|clearpoke
|poke|p1|Kingambit, F|
|poke|p1|Regigigas|
|poke|p1|Great Tusk|
|poke|p1|Pecharunt|
|poke|p1|Crabominable, F|
|poke|p1|Zoroark-Hisui, M|
|poke|p2|Gholdengo|
|poke|p2|Ting-Lu|
|poke|p2|Iron Treads|
|poke|p2|Tornadus-Therian, M|
|poke|p2|Raging Bolt|
|poke|p2|Zamazenta-*|
|teampreview
|
|t:|1760390741
|teamsize|p1|6
|teamsize|p2|6
|start
|switch|p1a: Crabominable|Crabominable, F|100/100
|switch|p2a: Ting-Lu|Ting-Lu|100/100
|-ability|p2a: Ting-Lu|Vessel of Ruin
|turn|1
|
|t:|1760390747
|move|p2a: Ting-Lu|Earthquake|p1a: Crabominable
|-damage|p1a: Crabominable|42/100
|move|p1a: Crabominable|Ice Hammer|p2a: Ting-Lu|[miss]
|-miss|p1a: Crabominable|p2a: Ting-Lu
|
|upkeep
|turn|2
|
|t:|1760390755
|switch|p1a: Great Tusk|Great Tusk|100/100
|move|p2a: Ting-Lu|Earthquake|p1a: Great Tusk
|-damage|p1a: Great Tusk|62/100
|
|upkeep
|turn|3
|c|☆xXb1llyXx|rip
|
|t:|1760390761
|move|p1a: Great Tusk|Knock Off|p2a: Ting-Lu
|-resisted|p2a: Ting-Lu
|-damage|p2a: Ting-Lu|91/100
|-enditem|p2a: Ting-Lu|Weakness Policy|[from] move: Knock Off|[of] p1a: Great Tusk
|move|p2a: Ting-Lu|Earthquake|p1a: Great Tusk
|-damage|p1a: Great Tusk|21/100
|
|upkeep
|turn|4
|
|t:|1760390775
|-end|p1a: Great Tusk|Protosynthesis|[silent]
|switch|p1a: Crabominable|Crabominable, F|42/100
|move|p2a: Ting-Lu|Earthquake|p1a: Crabominable
|-damage|p1a: Crabominable|0 fnt
|faint|p1a: Crabominable
|
|upkeep
|
|t:|1760390780
|switch|p1a: Kingambit|Kingambit, F|100/100
|-item|p1a: Kingambit|Air Balloon
|turn|5
|
|t:|1760390784
|move|p1a: Kingambit|Iron Head|p2a: Ting-Lu
|-damage|p2a: Ting-Lu|63/100
|move|p2a: Ting-Lu|Ruination|p1a: Kingambit
|-damage|p1a: Kingambit|51/100
|-enditem|p1a: Kingambit|Air Balloon
|
|upkeep
|turn|6
|
|t:|1760390789
|move|p1a: Kingambit|Iron Head|p2a: Ting-Lu
|-damage|p2a: Ting-Lu|35/100
|move|p2a: Ting-Lu|Earthquake|p1a: Kingambit
|-supereffective|p1a: Kingambit
|-crit|p1a: Kingambit
|-damage|p1a: Kingambit|0 fnt
|faint|p1a: Kingambit
|
|upkeep
|
|t:|1760390795
|switch|p1a: Great Tusk|Great Tusk|21/100
|turn|7
|
|t:|1760390798
|move|p1a: Great Tusk|Headlong Rush|p2a: Ting-Lu
|-damage|p2a: Ting-Lu|1/100
|-unboost|p1a: Great Tusk|def|1
|-unboost|p1a: Great Tusk|spd|1
|move|p2a: Ting-Lu|Earthquake|p1a: Great Tusk
|-damage|p1a: Great Tusk|0 fnt
|faint|p1a: Great Tusk
|-end|p1a: Great Tusk|Protosynthesis|[silent]
|
|upkeep
|
|t:|1760390802
|switch|p1a: Regigigas|Regigigas, shiny|100/100
|-item|p1a: Regigigas|Air Balloon
|turn|8
|
|t:|1760390806
|move|p1a: Regigigas|Flamethrower|p2a: Ting-Lu
|-damage|p2a: Ting-Lu|0 fnt
|faint|p2a: Ting-Lu
|
|upkeep
|
|t:|1760390816
|switch|p2a: Tornadus|Tornadus-Therian, M|100/100
|turn|9
|
|t:|1760390818
|move|p2a: Tornadus|Dark Pulse|p1a: Regigigas
|-supereffective|p1a: Regigigas
|-crit|p1a: Regigigas
|-damage|p1a: Regigigas|0 fnt
|replace|p1a: Linkin Zark|Zoroark-Hisui, M, shiny
|-end|p1a: Linkin Zark|Illusion
|-enditem|p1a: Linkin Zark|Air Balloon
|faint|p1a: Linkin Zark
|-damage|p2a: Tornadus|91/100|[from] item: Life Orb
|
|upkeep
|-message|Swagataka forfeited.
|
|win|xXb1llyXx
|raw|Swagataka's rating: 1725 &rarr; <strong>1705</strong><br />(-20 for losing)
|raw|xXb1llyXx's rating: 1733 &rarr; <strong>1753</strong><br />(+20 for winning)
|l|☆Swagataka
|player|p1|
|l|☆xXb1llyXx
|player|p2|
