|j|☆Andrewtre
|j|☆nastqisbetteratpkm
|t:|1760410658
|gametype|singles
|player|p1|Andrewtre|psychic|1202
|player|p2|nastqisbetteratpkm|170|1228
|gen|9
|tier|[Gen 9] OU
|rated|
|rule|HP Percentage Mod: HP is shown in percentages
|rule|Endless Battle Clause: Forcing endless battles is banned
|rule|Species Clause: Limit one of each Pokémon
|rule|OHKO Clause: OHKO moves are banned
|rule|Evasion Items Clause: Evasion items are banned
|rule|Evasion Moves Clause: Evasion moves are banned
|rule|Evasion Abilities Clause: Evasion abilities are banned
|rule|Sleep Moves Clause: Sleep-inducing moves are banned
|clearpoke
|poke|p1|Slowking, F|
|poke|p1|Farigiraf, F|
|poke|p1|Hatterene, F|
|poke|p1|Gengar, F|
|poke|p1|Golurk|
|poke|p1|Golduck, F|
|poke|p2|Goodra-Hisui, F|
|poke|p2|Alomomola, F|
|poke|p2|Clefable, F|
|poke|p2|Lokix, F|
|poke|p2|Dragapult, M|
|poke|p2|Cinderace, M|
|teampreview
|inactive|Battle timer is ON: inactive players will automatically lose when time's up. (requested by Andrewtre)
|
|t:|1760410663
|teamsize|p1|6
|teamsize|p2|6
|start
|switch|p1a: Hatterene|Hatterene, F|100/100
|switch|p2a: Cinderace|Cinderace, M|100/100
|turn|1
|
|t:|1760410669
|move|p2a: Cinderace|U-turn|p1a: Hatterene
|-start|p2a: Cinderace|typechange|Bug|[from] ability: Libero
|-damage|p1a: Hatterene|61/100
|
|t:|1760410681
|switch|p2a: Clefable|Clefable, F|100/100|[from] U-turn
|move|p1a: Hatterene|Trick Room|p1a: Hatterene
|-fieldstart|move: Trick Room|[of] p1a: Hatterene
|
|upkeep
|turn|2
|
|t:|1760410688
|move|p1a: Hatterene|Psychic|p2a: Clefable
|-crit|p2a: Clefable
|-damage|p2a: Clefable|18/100
|-unboost|p2a: Clefable|spd|1
|move|p2a: Clefable|Stealth Rock|p1a: Hatterene
|move|p1a: Hatterene|Stealth Rock|p2a: Clefable|[from] ability: Magic Bounce
|-sidestart|p2: nastqisbetteratpkm|move: Stealth Rock
|
|-heal|p2a: Clefable|24/100|[from] item: Leftovers
|upkeep
|turn|3
|
|t:|1760410699
|switch|p2a: Goodra|Goodra-Hisui, F|100/100
|-damage|p2a: Goodra|94/100|[from] Stealth Rock
|move|p1a: Hatterene|Draining Kiss|p2a: Goodra
|-damage|p2a: Goodra|80/100
|-heal|p1a: Hatterene|73/100|[from] drain|[of] p2a: Goodra
|
|upkeep
|turn|4
|
|t:|1760410709
|switch|p1a: Golurk|Golurk|100/100
|move|p2a: Goodra|Knock Off|p1a: Golurk
|-supereffective|p1a: Golurk
|-damage|p1a: Golurk|52/100
|-enditem|p1a: Golurk|Life Orb|[from] move: Knock Off|[of] p2a: Goodra
|
|upkeep
|turn|5
|
|t:|1760410721
|switch|p2a: Clefable|Clefable, F|24/100
|move|p1a: Golurk|Dynamic Punch|p2a: Clefable
|-resisted|p2a: Clefable
|-damage|p2a: Clefable|11/100
|-start|p2a: Clefable|confusion
|
|-heal|p2a: Clefable|17/100|[from] item: Leftovers
|-fieldend|move: Trick Room
|upkeep
|turn|6
|
|t:|1760410732
|switch|p1a: Hatterene|Hatterene, F|73/100
|-activate|p2a: Clefable|confusion
|move|p2a: Clefable|Moonlight|p2a: Clefable
|-heal|p2a: Clefable|67/100
|
|-heal|p2a: Clefable|73/100|[from] item: Leftovers
|upkeep
|turn|7
|
|t:|1760410742
|-activate|p2a: Clefable|confusion
|move|p2a: Clefable|Moonblast|p1a: Hatterene
|-damage|p1a: Hatterene|37/100
|move|p1a: Hatterene|Trick Room|p1a: Hatterene
|-fieldstart|move: Trick Room|[of] p1a: Hatterene
|
|-heal|p2a: Clefable|79/100|[from] item: Leftovers
|upkeep
|turn|8
|
|t:|1760410750
|move|p1a: Hatterene|Psychic|p2a: Clefable
|-damage|p2a: Clefable|33/100
|-end|p2a: Clefable|confusion
|move|p2a: Clefable|Moonblast|p1a: Hatterene
|-damage|p1a: Hatterene|4/100
|-unboost|p1a: Hatterene|spa|1
|
|-heal|p2a: Clefable|39/100|[from] item: Leftovers
|upkeep
|turn|9
|
|t:|1760410759
|move|p1a: Hatterene|Draining Kiss|p2a: Clefable
|-damage|p2a: Clefable|21/100
|-heal|p1a: Hatterene|20/100|[from] drain|[of] p2a: Clefable
|move|p2a: Clefable|Moonlight|p2a: Clefable
|-heal|p2a: Clefable|71/100
|
|-heal|p2a: Clefable|77/100|[from] item: Leftovers
|upkeep
|turn|10
|
|t:|1760410768
|move|p1a: Hatterene|Psychic|p2a: Clefable
|-crit|p2a: Clefable
|-damage|p2a: Clefable|0 fnt
|faint|p2a: Clefable
|
|upkeep
|
|t:|1760410775
|switch|p2a: Lokix|Lokix, F|100/100
|-damage|p2a: Lokix|76/100|[from] Stealth Rock
|turn|11
|
|t:|1760410780
|move|p2a: Lokix|First Impression|p1a: Hatterene
|-damage|p1a: Hatterene|0 fnt
|faint|p1a: Hatterene
|
|-fieldend|move: Trick Room
|upkeep
|
|t:|1760410784
|switch|p1a: Gengar|Gengar, F, shiny|100/100
|turn|12
|
|t:|1760410790
|switch|p2a: Goodra|Goodra-Hisui, F|80/100
|-damage|p2a: Goodra|74/100|[from] Stealth Rock
|move|p1a: Gengar|Sludge Bomb|p2a: Goodra
|-immune|p2a: Goodra
|
|upkeep
|turn|13
|
|t:|1760410803
|switch|p1a: Golduck|Golduck, F, shiny|100/100
|move|p2a: Goodra|Dragon Tail|p1a: Golduck
|-damage|p1a: Golduck|71/100
|drag|p1a: Gengar|Gengar, F, shiny|100/100
|
|upkeep
|turn|14
|
|t:|1760410811
|move|p1a: Gengar|Shadow Ball|p2a: Goodra
|-damage|p2a: Goodra|55/100
|move|p2a: Goodra|Knock Off|p1a: Gengar
|-supereffective|p1a: Gengar
|-damage|p1a: Gengar|6/100
|-enditem|p1a: Gengar|Choice Scarf|[from] move: Knock Off|[of] p2a: Goodra
|
|upkeep
|turn|15
|
|t:|1760410819
|move|p1a: Gengar|Shadow Ball|p2a: Goodra
|-damage|p2a: Goodra|36/100
|move|p2a: Goodra|Dragon Tail|p1a: Gengar
|-damage|p1a: Gengar|0 fnt
|faint|p1a: Gengar
|
|upkeep
|
|t:|1760410827
|switch|p1a: Golurk|Golurk|52/100
|turn|16
|
|t:|1760410831
|switch|p2a: Dragapult|Dragapult, M|100/100
|move|p1a: Golurk|Earthquake|p2a: Dragapult
|-damage|p2a: Dragapult|25/100
|
|upkeep
|turn|17
|
|t:|1760410845
|switch|p1a: Farigiraf|Farigiraf, F|100/100
|move|p2a: Dragapult|Hex|p1a: Farigiraf
|-immune|p1a: Farigiraf
|
|upkeep
|turn|18
|
|t:|1760410852
|move|p2a: Dragapult|U-turn|p1a: Farigiraf
|-supereffective|p1a: Farigiraf
|-damage|p1a: Farigiraf|59/100
|
|t:|1760410856
|switch|p2a: Alomomola|Alomomola, F|100/100|[from] U-turn
|move|p1a: Farigiraf|Trick Room|p1a: Farigiraf
|-fieldstart|move: Trick Room|[of] p1a: Farigiraf
|
|upkeep
|turn|19
|
|t:|1760410864
|move|p2a: Alomomola|Protect|p2a: Alomomola
|-singleturn|p2a: Alomomola|Protect
|move|p1a: Farigiraf|Tera Blast|p2a: Alomomola
|-activate|p2a: Alomomola|move: Protect
|
|upkeep
|turn|20
|
|t:|1760410870
|move|p1a: Farigiraf|Twin Beam|p2a: Alomomola
|-damage|p2a: Alomomola|71/100
|-damage|p2a: Alomomola|37/100
|-hitcount|p2a: Alomomola|2
|-damage|p1a: Farigiraf|49/100|[from] item: Life Orb
|move|p2a: Alomomola|Wish|p2a: Alomomola
|
|upkeep
|turn|21
|
|t:|1760410878
|switch|p1a: Golurk|Golurk|52/100
|move|p2a: Alomomola|Protect||[still]
|-fail|p2a: Alomomola
|
|-heal|p2a: Alomomola|87/100|[from] move: Wish|[wisher] Alomomola
|upkeep
|turn|22
|
|t:|1760410886
|move|p2a: Alomomola|Protect|p2a: Alomomola
|-singleturn|p2a: Alomomola|Protect
|move|p1a: Golurk|Poltergeist|p2a: Alomomola
|-activate|p2a: Alomomola|move: Protect
|
|-fieldend|move: Trick Room
|upkeep
|turn|23
|
|t:|1760410895
|move|p2a: Alomomola|Flip Turn|p1a: Golurk
|-supereffective|p1a: Golurk
|-damage|p1a: Golurk|12/100
|
|t:|1760410904
|switch|p2a: Lokix|Lokix, F|76/100|[from] Flip Turn
|-damage|p2a: Lokix|51/100|[from] Stealth Rock
|move|p1a: Golurk|Poltergeist|p2a: Lokix
|-activate|p2a: Lokix|move: Poltergeist|Choice Band
|-resisted|p2a: Lokix
|-damage|p2a: Lokix|3/100
|
|upkeep
|turn|24
|
|t:|1760410916
|switch|p1a: Farigiraf|Farigiraf, F|49/100
|move|p2a: Lokix|Leech Life|p1a: Farigiraf
|-supereffective|p1a: Farigiraf
|-damage|p1a: Farigiraf|0 fnt
|-heal|p2a: Lokix|41/100|[from] drain|[of] p1a: Farigiraf
|faint|p1a: Farigiraf
|
|upkeep
|
|t:|1760410924
|switch|p1a: Slowking|Slowking, F|100/100
|turn|25
|
|t:|1760410932
|-terastallize|p2a: Lokix|Bug
|-terastallize|p1a: Slowking|Fire
|move|p2a: Lokix|Leech Life|p1a: Slowking
|-resisted|p1a: Slowking
|-damage|p1a: Slowking|21/100
|-heal|p2a: Lokix|97/100|[from] drain|[of] p1a: Slowking
|move|p1a: Slowking|Trick Room|p1a: Slowking
|-fieldstart|move: Trick Room|[of] p1a: Slowking
|
|upkeep
|turn|26
|
|t:|1760410945
|switch|p2a: Alomomola|Alomomola, F|100/100
|move|p1a: Slowking|Psychic|p2a: Alomomola
|-damage|p2a: Alomomola|39/100
|-damage|p1a: Slowking|11/100|[from] item: Life Orb
|
|upkeep
|turn|27
|
|t:|1760410953
|switch|p2a: Goodra|Goodra-Hisui, F|36/100
|-damage|p2a: Goodra|30/100|[from] Stealth Rock
|move|p1a: Slowking|Psychic|p2a: Goodra
|-resisted|p2a: Goodra
|-damage|p2a: Goodra|18/100
|-damage|p1a: Slowking|1/100|[from] item: Life Orb
|
|upkeep
|turn|28
|
|t:|1760410962
|switch|p1a: Golurk|Golurk|12/100
|move|p2a: Goodra|Knock Off|p1a: Golurk
|-supereffective|p1a: Golurk
|-damage|p1a: Golurk|0 fnt
|faint|p1a: Golurk
|
|upkeep
|
|t:|1760410968
|switch|p1a: Slowking|Slowking, F, tera:Fire|34/100
|turn|29
|
|t:|1760410977
|switch|p1a: Golduck|Golduck, F, shiny|71/100
|move|p2a: Goodra|Knock Off|p1a: Golduck
|-damage|p1a: Golduck|42/100
|-enditem|p1a: Golduck|Focus Sash|[from] move: Knock Off|[of] p2a: Goodra
|
|-fieldend|move: Trick Room
|upkeep
|turn|30
|
|t:|1760410985
|move|p1a: Golduck|Ice Beam|p2a: Goodra
|-damage|p2a: Goodra|5/100
|move|p2a: Goodra|Dragon Tail|p1a: Golduck
|-damage|p1a: Golduck|13/100
|drag|p1a: Slowking|Slowking, F, tera:Fire|68/100
|
|upkeep
|turn|31
|
|t:|1760410993
|switch|p1a: Golduck|Golduck, F, shiny|13/100
|move|p2a: Goodra|Knock Off|p1a: Golduck
|-damage|p1a: Golduck|0 fnt
|faint|p1a: Golduck
|
|upkeep
|
|t:|1760411000
|switch|p1a: Slowking|Slowking, F, tera:Fire|100/100
|turn|32
|
|t:|1760411005
|move|p2a: Goodra|Knock Off|p1a: Slowking
|-damage|p1a: Slowking|77/100
|-enditem|p1a: Slowking|Life Orb|[from] move: Knock Off|[of] p2a: Goodra
|move|p1a: Slowking|Trick Room|p1a: Slowking
|-fieldstart|move: Trick Room|[of] p1a: Slowking
|
|upkeep
|turn|33
|
|t:|1760411018
|move|p1a: Slowking|Psychic|p2a: Goodra
|-resisted|p2a: Goodra
|-damage|p2a: Goodra|0 fnt
|faint|p2a: Goodra
|
|upkeep
|
|t:|1760411025
|switch|p2a: Lokix|Lokix, F, tera:Bug|97/100
|-damage|p2a: Lokix|72/100|[from] Stealth Rock
|turn|34
|
|t:|1760411030
|move|p2a: Lokix|First Impression|p1a: Slowking
|-resisted|p1a: Slowking
|-damage|p1a: Slowking|0 fnt
|faint|p1a: Slowking
|
|win|nastqisbetteratpkm
|raw|Andrewtre's rating: 1202 &rarr; <strong>1179</strong><br />(-23 for losing)
|raw|nastqisbetteratpkm's rating: 1228 &rarr; <strong>1251</strong><br />(+23 for winning)
|l|☆Andrewtre
|player|p1|
