|j|☆geckomoriakagenomi
|j|☆noahthebadplayer
|t:|1760382127
|gametype|singles
|player|p1|geckomoriakagenomi|dragontamer|1175
|player|p2|noahthebadplayer|169|1158
|gen|9
|tier|[Gen 9] OU
|rated|
|rule|HP Percentage Mod: HP is shown in percentages
|rule|Endless Battle Clause: Forcing endless battles is banned
|rule|Species Clause: Limit one of each Pokémon
|rule|OHKO Clause: OHKO moves are banned
|rule|Evasion Items Clause: Evasion items are banned
|rule|Evasion Moves Clause: Evasion moves are banned
|rule|Evasion Abilities Clause: Evasion abilities are banned
|rule|Sleep Moves Clause: Sleep-inducing moves are banned
|clearpoke
|poke|p1|Garganacl, M|
|poke|p1|Great Tusk|
|poke|p1|Muk-Alola, M|
|poke|p1|Gholdengo|
|poke|p1|Zamazenta-*|
|poke|p1|Primarina, M|
|poke|p2|Darkrai|
|poke|p2|Ceruledge, M|
|poke|p2|Comfey, M|
|poke|p2|Scyther, F|
|poke|p2|Keldeo-Resolute|
|poke|p2|Perrserker, F|
|teampreview
|inactive|Battle timer is ON: inactive players will automatically lose when time's up. (requested by geckomoriakagenomi)
|
|t:|1760382149
|teamsize|p1|6
|teamsize|p2|6
|start
|switch|p1a: H2O|Primarina, M|100/100
|switch|p2a: Keldeo|Keldeo-Resolute|100/100
|turn|1
|
|t:|1760382158
|move|p2a: Keldeo|Flip Turn|p1a: H2O
|-resisted|p1a: H2O
|-damage|p1a: H2O|91/100
|
|t:|1760382175
|switch|p2a: Perrserker|Perrserker, F|100/100|[from] Flip Turn
|move|p1a: H2O|Moonblast|p2a: Perrserker
|-resisted|p2a: Perrserker
|-damage|p2a: Perrserker|64/100
|
|upkeep
|turn|2
|
|t:|1760382186
|move|p2a: Perrserker|Fake Out|p1a: H2O
|-enditem|p2a: Perrserker|Normal Gem|[from] gem
|-damage|p1a: H2O|65/100
|cant|p1a: H2O|flinch
|
|upkeep
|turn|3
|
|t:|1760382199
|move|p1a: H2O|Flip Turn|p2a: Perrserker
|-damage|p2a: Perrserker|50/100
|
|t:|1760382202
|switch|p1a: Au|Gholdengo|100/100|[from] Flip Turn
|move|p2a: Perrserker|Iron Head|p1a: Au
|-resisted|p1a: Au
|-damage|p1a: Au|82/100
|
|upkeep
|turn|4
|
|t:|1760382210
|move|p1a: Au|Shadow Ball|p2a: Perrserker
|-damage|p2a: Perrserker|0 fnt
|faint|p2a: Perrserker
|
|upkeep
|
|t:|1760382217
|switch|p2a: Darkrai|Darkrai|100/100
|turn|5
|
|t:|1760382224
|switch|p1a: H2O|Primarina, M|65/100
|move|p2a: Darkrai|Dark Pulse|p1a: H2O
|-resisted|p1a: H2O
|-damage|p1a: H2O|54/100
|
|upkeep
|turn|6
|
|t:|1760382228
|move|p2a: Darkrai|Sludge Bomb|p1a: H2O
|-supereffective|p1a: H2O
|-damage|p1a: H2O|21/100
|move|p1a: H2O|Moonblast|p2a: Darkrai
|-supereffective|p2a: Darkrai
|-damage|p2a: Darkrai|2/100
|-unboost|p2a: Darkrai|spa|1
|
|upkeep
|turn|7
|
|t:|1760382234
|move|p2a: Darkrai|Sludge Bomb|p1a: H2O
|-supereffective|p1a: H2O
|-damage|p1a: H2O|0 fnt
|faint|p1a: H2O
|
|upkeep
|
|t:|1760382246
|switch|p1a: CnH2n↓+2.|Muk-Alola, M|100/100
|turn|8
|
|t:|1760382251
|switch|p2a: Scyther|Scyther, F|100/100
|move|p1a: CnH2n↓+2.|Knock Off|p2a: Scyther
|-damage|p2a: Scyther|58/100
|-enditem|p2a: Scyther|Eviolite|[from] move: Knock Off|[of] p1a: CnH2n↓+2.
|
|upkeep
|turn|9
|
|t:|1760382265
|move|p2a: Scyther|Close Combat|p1a: CnH2n↓+2.
|-damage|p1a: CnH2n↓+2.|60/100
|-unboost|p2a: Scyther|def|1
|-unboost|p2a: Scyther|spd|1
|move|p1a: CnH2n↓+2.|Ice Punch|p2a: Scyther
|-supereffective|p2a: Scyther
|-damage|p2a: Scyther|0 fnt
|faint|p2a: Scyther
|
|-heal|p1a: CnH2n↓+2.|66/100|[from] item: Leftovers
|upkeep
|
|t:|1760382269
|switch|p2a: Keldeo|Keldeo-Resolute|100/100
|turn|10
|
|t:|1760382280
|move|p2a: Keldeo|Surf|p1a: CnH2n↓+2.
|-damage|p1a: CnH2n↓+2.|28/100
|move|p1a: CnH2n↓+2.|Knock Off|p2a: Keldeo
|-resisted|p2a: Keldeo
|-damage|p2a: Keldeo|71/100
|-ability|p2a: Keldeo|Justified|boost
|-boost|p2a: Keldeo|atk|1
|-enditem|p2a: Keldeo|Choice Scarf|[from] move: Knock Off|[of] p1a: CnH2n↓+2.
|
|-heal|p1a: CnH2n↓+2.|34/100|[from] item: Leftovers
|upkeep
|turn|11
|
|t:|1760382291
|move|p1a: CnH2n↓+2.|Protect|p1a: CnH2n↓+2.
|-singleturn|p1a: CnH2n↓+2.|Protect
|move|p2a: Keldeo|Surf|p1a: CnH2n↓+2.
|-activate|p1a: CnH2n↓+2.|move: Protect
|
|-heal|p1a: CnH2n↓+2.|40/100|[from] item: Leftovers
|upkeep
|turn|12
|
|t:|1760382298
|move|p2a: Keldeo|Surf|p1a: CnH2n↓+2.
|-damage|p1a: CnH2n↓+2.|5/100
|move|p1a: CnH2n↓+2.|Poison Jab|p2a: Keldeo
|-damage|p2a: Keldeo|28/100
|-status|p2a: Keldeo|psn|[from] ability: Poison Touch|[of] p1a: CnH2n↓+2.
|
|-heal|p1a: CnH2n↓+2.|11/100|[from] item: Leftovers
|-damage|p2a: Keldeo|16/100 psn|[from] psn
|upkeep
|turn|13
|
|t:|1760382303
|switch|p2a: Darkrai|Darkrai|2/100
|move|p1a: CnH2n↓+2.|Protect||[still]
|-fail|p1a: CnH2n↓+2.
|
|-heal|p1a: CnH2n↓+2.|17/100|[from] item: Leftovers
|upkeep
|turn|14
|
|t:|1760382308
|move|p2a: Darkrai|Ice Beam|p1a: CnH2n↓+2.
|-damage|p1a: CnH2n↓+2.|0 fnt
|faint|p1a: CnH2n↓+2.
|
|upkeep
|
|t:|1760382313
|switch|p1a: NaCl|Garganacl, M, shiny|100/100
|turn|15
|
|t:|1760382317
|switch|p2a: Keldeo|Keldeo-Resolute|16/100 psn
|move|p1a: NaCl|Stealth Rock|p2a: Keldeo
|-sidestart|p2: noahthebadplayer|move: Stealth Rock
|
|-damage|p2a: Keldeo|4/100 psn|[from] psn
|upkeep
|turn|16
|
|t:|1760382321
|move|p1a: NaCl|Protect|p1a: NaCl
|-singleturn|p1a: NaCl|Protect
|move|p2a: Keldeo|Surf|p1a: NaCl
|-activate|p1a: NaCl|move: Protect
|
|-damage|p2a: Keldeo|0 fnt|[from] psn
|faint|p2a: Keldeo
|upkeep
|
|t:|1760382324
|switch|p2a: Darkrai|Darkrai|2/100
|-damage|p2a: Darkrai|0 fnt|[from] Stealth Rock
|faint|p2a: Darkrai
|
|t:|1760382325
|switch|p2a: Comfey|Comfey, M|100/100
|-damage|p2a: Comfey|88/100|[from] Stealth Rock
|turn|17
|
|t:|1760382337
|move|p2a: Comfey|Calm Mind|p2a: Comfey
|-boost|p2a: Comfey|spa|1
|-boost|p2a: Comfey|spd|1
|move|p1a: NaCl|Salt Cure|p2a: Comfey
|-damage|p2a: Comfey|68/100
|-start|p2a: Comfey|Salt Cure
|
|-damage|p2a: Comfey|56/100|[from] Salt Cure
|upkeep
|turn|18
|
|t:|1760382342
|switch|p1a: Au|Gholdengo|82/100
|move|p2a: Comfey|Calm Mind|p2a: Comfey
|-boost|p2a: Comfey|spa|1
|-boost|p2a: Comfey|spd|1
|
|-damage|p2a: Comfey|43/100|[from] Salt Cure
|upkeep
|turn|19
|
|t:|1760382346
|move|p2a: Comfey|Calm Mind|p2a: Comfey
|-boost|p2a: Comfey|spa|1
|-boost|p2a: Comfey|spd|1
|move|p1a: Au|Make It Rain|p2a: Comfey
|-supereffective|p2a: Comfey
|-crit|p2a: Comfey
|-damage|p2a: Comfey|0 fnt
|-unboost|p1a: Au|spa|1
|faint|p2a: Comfey
|
|upkeep
|
|t:|1760382349
|switch|p2a: Ceruledge|Ceruledge, M|100/100
|-damage|p2a: Ceruledge|76/100|[from] Stealth Rock
|turn|20
|
|t:|1760382351
|move|p2a: Ceruledge|Swords Dance|p2a: Ceruledge
|-boost|p2a: Ceruledge|atk|2
|move|p1a: Au|Shadow Ball|p2a: Ceruledge
|-supereffective|p2a: Ceruledge
|-damage|p2a: Ceruledge|22/100
|
|upkeep
|turn|21
|
|t:|1760382354
|move|p2a: Ceruledge|Bitter Blade|p1a: Au
|-supereffective|p1a: Au
|-damage|p1a: Au|0 fnt
|-heal|p2a: Ceruledge|75/100|[from] drain|[of] p1a: Au
|faint|p1a: Au
|
|upkeep
|
|t:|1760382358
|switch|p1a: NaCl|Garganacl, M, shiny|100/100
|turn|22
|
|t:|1760382360
|move|p2a: Ceruledge|Poltergeist|p1a: NaCl
|-activate|p1a: NaCl|move: Poltergeist|Leftovers
|-crit|p1a: NaCl
|-damage|p1a: NaCl|45/100
|move|p1a: NaCl|Salt Cure|p2a: Ceruledge
|-supereffective|p2a: Ceruledge
|-damage|p2a: Ceruledge|36/100
|-start|p2a: Ceruledge|Salt Cure
|-ability|p2a: Ceruledge|Weak Armor|boost
|-unboost|p2a: Ceruledge|def|1
|-boost|p2a: Ceruledge|spe|2
|
|-heal|p1a: NaCl|51/100|[from] item: Leftovers
|-damage|p2a: Ceruledge|24/100|[from] Salt Cure
|upkeep
|turn|23
|
|t:|1760382368
|move|p1a: NaCl|Protect|p1a: NaCl
|-singleturn|p1a: NaCl|Protect
|move|p2a: Ceruledge|Swords Dance|p2a: Ceruledge
|-boost|p2a: Ceruledge|atk|2
|
|-heal|p1a: NaCl|57/100|[from] item: Leftovers
|-damage|p2a: Ceruledge|11/100|[from] Salt Cure
|upkeep
|turn|24
|
|t:|1760382372
|move|p2a: Ceruledge|Poltergeist|p1a: NaCl
|-activate|p1a: NaCl|move: Poltergeist|Leftovers
|-damage|p1a: NaCl|9/100
|move|p1a: NaCl|Recover|p1a: NaCl
|-heal|p1a: NaCl|60/100
|
|-heal|p1a: NaCl|66/100|[from] item: Leftovers
|-damage|p2a: Ceruledge|0 fnt|[from] Salt Cure
|faint|p2a: Ceruledge
|
|win|geckomoriakagenomi
|raw|geckomoriakagenomi's rating: 1175 &rarr; <strong>1199</strong><br />(+24 for winning)
|raw|noahthebadplayer's rating: 1158 &rarr; <strong>1134</strong><br />(-24 for losing)
|l|☆noahthebadplayer
|player|p2|
|l|☆geckomoriakagenomi
|player|p1|
