|j|☆levi6969
|j|☆meowmeowcowchow
|t:|1760414829
|gametype|singles
|player|p1|levi6969|266|1091
|player|p2|meowmeowcowchow|101|1102
|gen|9
|tier|[Gen 9] OU
|rated|
|rule|HP Percentage Mod: HP is shown in percentages
|rule|Endless Battle Clause: Forcing endless battles is banned
|rule|Species Clause: Limit one of each Pokémon
|rule|OHKO Clause: OHKO moves are banned
|rule|Evasion Items Clause: Evasion items are banned
|rule|Evasion Moves Clause: Evasion moves are banned
|rule|Evasion Abilities Clause: Evasion abilities are banned
|rule|Sleep Moves Clause: Sleep-inducing moves are banned
|clearpoke
|poke|p1|Garchomp, F|
|poke|p1|Great Tusk|
|poke|p1|Skarmory, M|
|poke|p1|Blissey, F|
|poke|p1|Clefable, F|
|poke|p1|Ogerpon-Wellspring, F|
|poke|p2|Quaquaval, M|
|poke|p2|Ceruledge, M|
|poke|p2|Greninja-*, M|
|poke|p2|Gholdengo|
|poke|p2|Zamazenta-*|
|poke|p2|Pelipper, F|
|teampreview
|inactive|Battle timer is ON: inactive players will automatically lose when time's up. (requested by levi6969)
|
|t:|1760414853
|teamsize|p1|6
|teamsize|p2|6
|start
|switch|p1a: Garchomp|Garchomp, F|100/100
|switch|p2a: Pelipper|Pelipper, F|100/100
|-weather|RainDance|[from] ability: Drizzle|[of] p2a: Pelipper
|turn|1
|
|t:|1760414877
|-terastallize|p1a: Garchomp|Electric
|move|p1a: Garchomp|Tera Blast|p2a: Pelipper|[anim] Tera Blast Electric
|-supereffective|p2a: Pelipper
|-damage|p2a: Pelipper|0 fnt
|faint|p2a: Pelipper
|
|-weather|RainDance|[upkeep]
|upkeep
|
|t:|1760414888
|switch|p2a: Ceruledge|Ceruledge, M|100/100
|turn|2
|
|t:|1760414897
|switch|p1a: Clefable|Clefable, F|100/100
|-terastallize|p2a: Ceruledge|Dragon
|move|p2a: Ceruledge|Bitter Blade|p1a: Clefable
|-damage|p1a: Clefable|81/100
|
|-weather|RainDance|[upkeep]
|upkeep
|turn|3
|
|t:|1760414907
|switch|p2a: Gholdengo|Gholdengo|100/100
|move|p1a: Clefable|Thunder Wave|p2a: Gholdengo
|-immune|p2a: Gholdengo|[from] ability: Good as Gold
|
|-weather|RainDance|[upkeep]
|upkeep
|turn|4
|
|t:|1760414920
|switch|p1a: Blissey|Blissey, F|100/100
|move|p2a: Gholdengo|Make It Rain|p1a: Blissey
|-damage|p1a: Blissey|80/100
|-unboost|p2a: Gholdengo|spa|1
|
|-weather|RainDance|[upkeep]
|upkeep
|turn|5
|
|t:|1760414936
|switch|p1a: Garchomp|Garchomp, F, tera:Electric|100/100
|move|p2a: Gholdengo|Nasty Plot|p2a: Gholdengo
|-boost|p2a: Gholdengo|spa|2
|
|-weather|none
|upkeep
|turn|6
|
|t:|1760414942
|move|p1a: Garchomp|Earthquake|p2a: Gholdengo
|-supereffective|p2a: Gholdengo
|-damage|p2a: Gholdengo|0 fnt
|faint|p2a: Gholdengo
|
|upkeep
|
|t:|1760414958
|switch|p2a: Ceruledge|Ceruledge, M, tera:Dragon|100/100
|turn|7
|
|t:|1760414966
|switch|p1a: Clefable|Clefable, F|81/100
|move|p2a: Ceruledge|Dragon Claw|p1a: Clefable
|-immune|p1a: Clefable
|
|upkeep
|turn|8
|
|t:|1760414974
|switch|p2a: Greninja|Greninja, M|100/100
|move|p1a: Clefable|Thunder Wave|p2a: Greninja
|-status|p2a: Greninja|par
|
|upkeep
|turn|9
|
|t:|1760414982
|cant|p2a: Greninja|par
|move|p1a: Clefable|Calm Mind|p1a: Clefable
|-boost|p1a: Clefable|spa|1
|-boost|p1a: Clefable|spd|1
|
|upkeep
|turn|10
|
|t:|1760414988
|move|p2a: Greninja|Water Shuriken|p1a: Clefable
|-damage|p1a: Clefable|76/100
|-damage|p1a: Clefable|69/100
|-hitcount|p1a: Clefable|2
|-damage|p2a: Greninja|91/100 par|[from] item: Life Orb
|move|p1a: Clefable|Moonblast|p2a: Greninja
|-supereffective|p2a: Greninja
|-damage|p2a: Greninja|0 fnt
|faint|p2a: Greninja
|
|upkeep
|
|t:|1760415002
|switch|p2a: Zamazenta|Zamazenta|100/100
|-ability|p2a: Zamazenta|Dauntless Shield|boost
|-boost|p2a: Zamazenta|def|1
|turn|11
|
|t:|1760415010
|move|p2a: Zamazenta|Light Screen|p2a: Zamazenta
|-sidestart|p2: meowmeowcowchow|move: Light Screen
|move|p1a: Clefable|Moonblast|p2a: Zamazenta
|-supereffective|p2a: Zamazenta
|-crit|p2a: Zamazenta
|-damage|p2a: Zamazenta|0 fnt
|faint|p2a: Zamazenta
|
|upkeep
|
|t:|1760415017
|switch|p2a: Quaquaval|Quaquaval, M|100/100
|turn|12
|
|t:|1760415021
|move|p2a: Quaquaval|Aqua Step|p1a: Clefable
|-damage|p1a: Clefable|15/100
|-boost|p2a: Quaquaval|spe|1
|move|p1a: Clefable|Thunder Wave|p2a: Quaquaval
|-status|p2a: Quaquaval|par
|
|upkeep
|turn|13
|
|t:|1760415029
|switch|p1a: Ogerpon|Ogerpon-Wellspring, F|100/100
|move|p2a: Quaquaval|Aqua Step|p1a: Ogerpon
|-immune|p1a: Ogerpon|[from] ability: Water Absorb
|
|upkeep
|turn|14
|
|t:|1760415035
|switch|p2a: Ceruledge|Ceruledge, M, tera:Dragon|100/100
|move|p1a: Ogerpon|Ivy Cudgel|p2a: Ceruledge|[anim] Ivy Cudgel Water
|-resisted|p2a: Ceruledge
|-damage|p2a: Ceruledge|64/100
|-ability|p2a: Ceruledge|Weak Armor|boost
|-unboost|p2a: Ceruledge|def|1
|-boost|p2a: Ceruledge|spe|2
|
|upkeep
|turn|15
|
|t:|1760415049
|move|p2a: Ceruledge|Bitter Blade|p1a: Ogerpon
|-damage|p1a: Ogerpon|37/100
|-heal|p2a: Ceruledge|94/100|[from] drain|[of] p1a: Ogerpon
|move|p1a: Ogerpon|Encore|p2a: Ceruledge
|-start|p2a: Ceruledge|Encore
|
|-sideend|p2: meowmeowcowchow|move: Light Screen
|upkeep
|turn|16
|
|t:|1760415059
|switch|p1a: Skarmory|Skarmory, M|100/100
|move|p2a: Ceruledge|Bitter Blade|p1a: Skarmory
|-supereffective|p1a: Skarmory
|-damage|p1a: Skarmory|40/100
|-heal|p2a: Ceruledge|100/100|[from] drain|[of] p1a: Skarmory
|-damage|p2a: Ceruledge|84/100|[from] item: Rocky Helmet|[of] p1a: Skarmory
|
|upkeep
|turn|17
|
|t:|1760415068
|move|p2a: Ceruledge|Bitter Blade|p1a: Skarmory
|-supereffective|p1a: Skarmory
|-damage|p1a: Skarmory|0 fnt
|-heal|p2a: Ceruledge|100/100|[from] drain|[of] p1a: Skarmory
|-damage|p2a: Ceruledge|84/100|[from] item: Rocky Helmet|[of] p1a: Skarmory
|faint|p1a: Skarmory
|
|upkeep
|
|t:|1760415076
|switch|p1a: Garchomp|Garchomp, F, tera:Electric|100/100
|turn|18
|
|t:|1760415080
|move|p2a: Ceruledge|Bitter Blade|p1a: Garchomp
|-damage|p1a: Garchomp|56/100
|-heal|p2a: Ceruledge|100/100|[from] drain|[of] p1a: Garchomp
|-damage|p2a: Ceruledge|88/100|[from] ability: Rough Skin|[of] p1a: Garchomp
|move|p1a: Garchomp|Outrage|p2a: Ceruledge
|-supereffective|p2a: Ceruledge
|-damage|p2a: Ceruledge|0 fnt
|faint|p2a: Ceruledge
|
|upkeep
|
|t:|1760415090
|switch|p2a: Quaquaval|Quaquaval, M|100/100 par
|turn|19
|
|t:|1760415095
|move|p1a: Garchomp|Outrage|p2a: Quaquaval|[from] lockedmove
|-damage|p2a: Quaquaval|0 fnt
|faint|p2a: Quaquaval
|
|win|levi6969
|raw|levi6969's rating: 1091 &rarr; <strong>1118</strong><br />(+27 for winning)
|raw|meowmeowcowchow's rating: 1102 &rarr; <strong>1076</strong><br />(-26 for losing)
|l|☆levi6969
|player|p1|
|l|☆meowmeowcowchow
|player|p2|
