|j|☆Wisaither
|j|☆NatanMarchais
|t:|1760437848
|gametype|singles
|player|p1|Wisaither|liko|1393
|player|p2|NatanMarchais|rocketgrunt|1365
|gen|9
|tier|[Gen 9] OU
|rated|
|rule|HP Percentage Mod: HP is shown in percentages
|rule|Endless Battle Clause: Forcing endless battles is banned
|rule|Species Clause: Limit one of each Pokémon
|rule|OHKO Clause: OHKO moves are banned
|rule|Evasion Items Clause: Evasion items are banned
|rule|Evasion Moves Clause: Evasion moves are banned
|rule|Evasion Abilities Clause: Evasion abilities are banned
|rule|Sleep Moves Clause: Sleep-inducing moves are banned
|clearpoke
|poke|p1|Comfey, M|
|poke|p1|Whimsicott, M|
|poke|p1|Iron Moth|
|poke|p1|Walking Wake|
|poke|p1|Great Tusk|
|poke|p1|Ninetales, F|
|poke|p2|Cramorant, M|
|poke|p2|Kyurem|
|poke|p2|Araquanid, F|
|poke|p2|Ogerpon, F|
|poke|p2|Gholdengo|
|poke|p2|Crawdaunt, F|
|teampreview
|inactive|Battle timer is ON: inactive players will automatically lose when time's up. (requested by NatanMarchais)
|
|t:|1760437873
|teamsize|p1|6
|teamsize|p2|6
|start
|switch|p1a: Ninetales|Ninetales, F|100/100
|switch|p2a: Araquanid|Araquanid, F|100/100
|-weather|SunnyDay|[from] ability: Drought|[of] p1a: Ninetales
|turn|1
|
|t:|1760437881
|switch|p1a: Whimsicott|Whimsicott, M|100/100
|move|p2a: Araquanid|Sticky Web|p1a: Whimsicott
|-sidestart|p1: Wisaither|move: Sticky Web
|
|-weather|SunnyDay|[upkeep]
|upkeep
|turn|2
|
|t:|1760437894
|switch|p2a: Gholdengo|Gholdengo|100/100
|move|p1a: Whimsicott|Growth|p1a: Whimsicott
|-boost|p1a: Whimsicott|atk|2
|-boost|p1a: Whimsicott|spa|2
|
|-weather|SunnyDay|[upkeep]
|upkeep
|turn|3
|
|t:|1760437906
|move|p1a: Whimsicott|Shadow Ball|p2a: Gholdengo
|-supereffective|p2a: Gholdengo
|-damage|p2a: Gholdengo|0 fnt
|faint|p2a: Gholdengo
|-damage|p1a: Whimsicott|91/100|[from] item: Life Orb
|
|-weather|SunnyDay|[upkeep]
|upkeep
|
|t:|1760437919
|switch|p2a: Araquanid|Araquanid, F|100/100
|turn|4
|
|t:|1760437922
|move|p1a: Whimsicott|Growth|p1a: Whimsicott
|-boost|p1a: Whimsicott|atk|2
|-boost|p1a: Whimsicott|spa|2
|move|p2a: Araquanid|Mirror Coat||[still]
|-fail|p2a: Araquanid
|
|-weather|SunnyDay|[upkeep]
|upkeep
|turn|5
|
|t:|1760437930
|move|p1a: Whimsicott|Giga Drain|p2a: Araquanid
|-damage|p2a: Araquanid|30/100
|-heal|p1a: Whimsicott|100/100|[from] drain|[of] p2a: Araquanid
|-damage|p1a: Whimsicott|91/100|[from] item: Life Orb
|move|p2a: Araquanid|Mirror Coat|p1a: Whimsicott
|-damage|p1a: Whimsicott|0 fnt
|faint|p1a: Whimsicott
|
|-weather|SunnyDay|[upkeep]
|-heal|p2a: Araquanid|37/100|[from] item: Leftovers
|upkeep
|
|t:|1760437942
|switch|p1a: Comfey|Comfey, M|100/100
|-activate|p1a: Comfey|move: Sticky Web
|-unboost|p1a: Comfey|spe|1
|turn|6
|
|t:|1760437950
|move|p1a: Comfey|Growth|p1a: Comfey
|-boost|p1a: Comfey|atk|2
|-boost|p1a: Comfey|spa|2
|move|p2a: Araquanid|Liquidation|p1a: Comfey
|-damage|p1a: Comfey|73/100
|
|-weather|SunnyDay|[upkeep]
|-heal|p2a: Araquanid|43/100|[from] item: Leftovers
|upkeep
|turn|7
|
|t:|1760437962
|move|p1a: Comfey|Growth|p1a: Comfey
|-boost|p1a: Comfey|atk|2
|-boost|p1a: Comfey|spa|2
|move|p2a: Araquanid|Mirror Coat||[still]
|-fail|p2a: Araquanid
|
|-weather|SunnyDay|[upkeep]
|-heal|p2a: Araquanid|49/100|[from] item: Leftovers
|upkeep
|turn|8
|
|t:|1760437971
|move|p1a: Comfey|Draining Kiss|p2a: Araquanid
|-damage|p2a: Araquanid|0 fnt
|-heal|p1a: Comfey|100/100|[from] drain|[of] p2a: Araquanid
|faint|p2a: Araquanid
|-damage|p1a: Comfey|91/100|[from] item: Life Orb
|
|-weather|none
|upkeep
|
|t:|1760437981
|switch|p2a: Ogerpon|Ogerpon, F|100/100
|turn|9
|
|t:|1760437985
|move|p1a: Comfey|Draining Kiss|p2a: Ogerpon
|-damage|p2a: Ogerpon|0 fnt
|-heal|p1a: Comfey|100/100|[from] drain|[of] p2a: Ogerpon
|faint|p2a: Ogerpon
|-damage|p1a: Comfey|91/100|[from] item: Life Orb
|
|upkeep
|-message|NatanMarchais forfeited.
|
|win|Wisaither
|raw|Wisaither's rating: 1393 &rarr; <strong>1411</strong><br />(+18 for winning)
|raw|NatanMarchais's rating: 1365 &rarr; <strong>1347</strong><br />(-18 for losing)
|l|☆NatanMarchais
|player|p2|
|l|☆Wisaither
|player|p1|
