|j|☆HahaGamingPart2
|j|☆StrifePK
|t:|1760395992
|gametype|singles
|player|p1|HahaGamingPart2|swimmerf-gen6|1162
|player|p2|StrifePK|266|1090
|gen|9
|tier|[Gen 9] OU
|rated|
|rule|HP Percentage Mod: HP is shown in percentages
|rule|Endless Battle Clause: Forcing endless battles is banned
|rule|Species Clause: Limit one of each Pokémon
|rule|OHKO Clause: OHKO moves are banned
|rule|Evasion Items Clause: Evasion items are banned
|rule|Evasion Moves Clause: Evasion moves are banned
|rule|Evasion Abilities Clause: Evasion abilities are banned
|rule|Sleep Moves Clause: Sleep-inducing moves are banned
|clearpoke
|poke|p1|Ting-Lu|
|poke|p1|Landorus-Therian, M|
|poke|p1|Great Tusk|
|poke|p1|Hoopa|
|poke|p1|Wo-Chien|
|poke|p1|Weavile, M|
|poke|p2|Maushold-Four|
|poke|p2|Corviknight, M|
|poke|p2|Ribombee, F|
|poke|p2|Rillaboom, M|
|poke|p2|Dragapult, M|
|poke|p2|Toxapex, F|
|teampreview
|inactive|Battle timer is ON: inactive players will automatically lose when time's up. (requested by HahaGamingPart2)
|c|☆HahaGamingPart2|GG
|c|☆HahaGamingPart2|I can’t beat corv
|inactive|StrifePK has 120 seconds left.
|l|☆HahaGamingPart2
|inactive|HahaGamingPart2 disconnected and has a minute to reconnect!
|player|p1|
|j|☆HahaGamingPart2
|inactive|HahaGamingPart2 reconnected.
|player|p1|HahaGamingPart2|swimmerf-gen6|
|
|t:|1760396047
|teamsize|p1|6
|teamsize|p2|6
|start
|switch|p1a: Landorus|Landorus-Therian, M|100/100
|switch|p2a: نسيم|Ribombee, F|100/100
|-ability|p1a: Landorus|Intimidate|boost
|-unboost|p2a: نسيم|atk|1
|turn|1
|
|t:|1760396056
|move|p1a: Landorus|Stone Edge|p2a: نسيم
|-supereffective|p2a: نسيم
|-enditem|p2a: نسيم|Focus Sash
|-damage|p2a: نسيم|1/100
|move|p2a: نسيم|Sticky Web|p1a: Landorus
|-sidestart|p1: HahaGamingPart2|move: Sticky Web
|
|upkeep
|turn|2
|
|t:|1760396064
|move|p1a: Landorus|Stone Edge|p2a: نسيم
|-supereffective|p2a: نسيم
|-crit|p2a: نسيم
|-damage|p2a: نسيم|0 fnt
|faint|p2a: نسيم
|
|upkeep
|c|☆HahaGamingPart2|Who’s that for?
|
|t:|1760396072
|switch|p2a: ماردحديد|Toxapex, F|100/100
|turn|3
|c|☆StrifePK|Wym
|c|☆HahaGamingPart2|The webs
|c|☆StrifePK|? anyone ig
|inactive|HahaGamingPart2 has 120 seconds left.
|inactive|StrifePK has 120 seconds left.
|
|t:|1760396104
|switch|p1a: Ting-Lu|Ting-Lu|100/100
|-activate|p1a: Ting-Lu|move: Sticky Web
|-unboost|p1a: Ting-Lu|spe|1
|-ability|p1a: Ting-Lu|Vessel of Ruin
|move|p2a: ماردحديد|Toxic Spikes|p1a: Ting-Lu
|-sidestart|p1: HahaGamingPart2|move: Toxic Spikes
|
|upkeep
|turn|4
|
|t:|1760396112
|move|p2a: ماردحديد|Toxic Spikes|p1a: Ting-Lu
|-sidestart|p1: HahaGamingPart2|move: Toxic Spikes
|move|p1a: Ting-Lu|Spikes|p2a: ماردحديد
|-sidestart|p2: StrifePK|Spikes
|
|upkeep
|turn|5
|
|t:|1760396118
|move|p2a: ماردحديد|Liquidation|p1a: Ting-Lu
|-supereffective|p1a: Ting-Lu
|-damage|p1a: Ting-Lu|82/100
|move|p1a: Ting-Lu|Spikes|p2a: ماردحديد
|-sidestart|p2: StrifePK|Spikes
|
|-heal|p1a: Ting-Lu|88/100|[from] item: Leftovers
|upkeep
|turn|6
|
|t:|1760396122
|move|p2a: ماردحديد|Liquidation|p1a: Ting-Lu
|-supereffective|p1a: Ting-Lu
|-damage|p1a: Ting-Lu|68/100
|move|p1a: Ting-Lu|Spikes|p2a: ماردحديد
|-sidestart|p2: StrifePK|Spikes
|
|-heal|p1a: Ting-Lu|74/100|[from] item: Leftovers
|upkeep
|turn|7
|
|t:|1760396125
|move|p2a: ماردحديد|Liquidation|p1a: Ting-Lu
|-supereffective|p1a: Ting-Lu
|-damage|p1a: Ting-Lu|54/100
|-unboost|p1a: Ting-Lu|def|1
|move|p1a: Ting-Lu|Earthquake|p2a: ماردحديد
|-supereffective|p2a: ماردحديد
|-damage|p2a: ماردحديد|57/100
|
|-heal|p2a: ماردحديد|63/100|[from] item: Black Sludge
|-heal|p1a: Ting-Lu|60/100|[from] item: Leftovers
|upkeep
|turn|8
|
|t:|1760396130
|move|p2a: ماردحديد|Baneful Bunker|p2a: ماردحديد
|-singleturn|p2a: ماردحديد|move: Protect
|move|p1a: Ting-Lu|Earthquake|p2a: ماردحديد
|-activate|p2a: ماردحديد|move: Protect
|
|-heal|p2a: ماردحديد|70/100|[from] item: Black Sludge
|-heal|p1a: Ting-Lu|67/100|[from] item: Leftovers
|upkeep
|turn|9
|
|t:|1760396137
|move|p2a: ماردحديد|Liquidation|p1a: Ting-Lu
|-supereffective|p1a: Ting-Lu
|-damage|p1a: Ting-Lu|35/100
|move|p1a: Ting-Lu|Earthquake|p2a: ماردحديد
|-supereffective|p2a: ماردحديد
|-damage|p2a: ماردحديد|25/100
|
|-heal|p2a: ماردحديد|32/100|[from] item: Black Sludge
|-heal|p1a: Ting-Lu|41/100|[from] item: Leftovers
|upkeep
|turn|10
|
|t:|1760396146
|move|p2a: ماردحديد|Liquidation|p1a: Ting-Lu
|-supereffective|p1a: Ting-Lu
|-damage|p1a: Ting-Lu|13/100
|move|p1a: Ting-Lu|Earthquake|p2a: ماردحديد
|-supereffective|p2a: ماردحديد
|-damage|p2a: ماردحديد|0 fnt
|faint|p2a: ماردحديد
|
|-heal|p1a: Ting-Lu|20/100|[from] item: Leftovers
|upkeep
|
|t:|1760396156
|switch|p2a: Muscle Mice|Maushold-Four|100/100
|-damage|p2a: Muscle Mice|76/100|[from] Spikes
|turn|11
|
|t:|1760396160
|move|p2a: Muscle Mice|Population Bomb|p1a: Ting-Lu
|-damage|p1a: Ting-Lu|11/100
|-damage|p1a: Ting-Lu|1/100
|-damage|p1a: Ting-Lu|0 fnt
|faint|p1a: Ting-Lu
|-hitcount|p1: Ting-Lu|3
|
|upkeep
|
|t:|1760396169
|switch|p1a: Landorus|Landorus-Therian, M|100/100
|-ability|p1a: Landorus|Intimidate|boost
|-unboost|p2a: Muscle Mice|atk|1
|turn|12
|
|t:|1760396180
|-terastallize|p1a: Landorus|Flying
|move|p1a: Landorus|Tera Blast|p2a: Muscle Mice|[anim] Tera Blast Flying
|-damage|p2a: Muscle Mice|0 fnt
|faint|p2a: Muscle Mice
|
|upkeep
|
|t:|1760396190
|switch|p2a: Ryūmon Hōzukimaru|Dragapult, M|100/100
|-damage|p2a: Ryūmon Hōzukimaru|76/100|[from] Spikes
|turn|13
|
|t:|1760396200
|switch|p1a: Wo-Chien|Wo-Chien|100/100
|-ability|p1a: Wo-Chien|Tablets of Ruin
|move|p2a: Ryūmon Hōzukimaru|Flamethrower|p1a: Wo-Chien
|-supereffective|p1a: Wo-Chien
|-damage|p1a: Wo-Chien|56/100
|-status|p1a: Wo-Chien|brn
|-damage|p2a: Ryūmon Hōzukimaru|66/100|[from] item: Life Orb
|
|-damage|p1a: Wo-Chien|50/100 brn|[from] brn
|upkeep
|turn|14
|
|t:|1760396210
|move|p2a: Ryūmon Hōzukimaru|Flamethrower|p1a: Wo-Chien
|-supereffective|p1a: Wo-Chien
|-damage|p1a: Wo-Chien|0 fnt
|faint|p1a: Wo-Chien
|-damage|p2a: Ryūmon Hōzukimaru|56/100|[from] item: Life Orb
|
|upkeep
|
|t:|1760396224
|switch|p1a: Weavile|Weavile, M|100/100
|-activate|p1a: Weavile|move: Sticky Web
|-unboost|p1a: Weavile|spe|1
|-status|p1a: Weavile|tox
|-ability|p1a: Weavile|Pressure
|turn|15
|
|t:|1760396230
|move|p1a: Weavile|Ice Shard|p2a: Ryūmon Hōzukimaru
|-supereffective|p2a: Ryūmon Hōzukimaru
|-damage|p2a: Ryūmon Hōzukimaru|0 fnt
|faint|p2a: Ryūmon Hōzukimaru
|
|-damage|p1a: Weavile|94/100 tox|[from] psn
|upkeep
|
|t:|1760396235
|switch|p2a: جبلطوفان|Rillaboom, M|100/100
|-damage|p2a: جبلطوفان|75/100|[from] Spikes
|-fieldstart|move: Grassy Terrain|[from] ability: Grassy Surge|[of] p2a: جبلطوفان
|turn|16
|
|t:|1760396241
|switch|p1a: Landorus|Landorus-Therian, M, tera:Flying|100/100
|-ability|p1a: Landorus|Intimidate|boost
|-unboost|p2a: جبلطوفان|atk|1
|move|p2a: جبلطوفان|Drain Punch|p1a: Landorus
|-resisted|p1a: Landorus
|-damage|p1a: Landorus|90/100
|-heal|p2a: جبلطوفان|80/100|[from] drain|[of] p1a: Landorus
|
|-heal|p2a: جبلطوفان|86/100|[from] Grassy Terrain
|-heal|p2a: جبلطوفان|92/100|[from] item: Leftovers
|upkeep
|turn|17
|
|t:|1760396248
|move|p1a: Landorus|Tera Blast|p2a: جبلطوفان|[anim] Tera Blast Flying
|-supereffective|p2a: جبلطوفان
|-damage|p2a: جبلطوفان|0 fnt
|faint|p2a: جبلطوفان
|
|upkeep
|
|t:|1760396251
|switch|p2a: Tokoyami|Corviknight, M|100/100
|turn|18
|
|t:|1760396255
|switch|p1a: Great Tusk|Great Tusk|100/100
|move|p2a: Tokoyami|Substitute|p2a: Tokoyami
|-start|p2a: Tokoyami|Substitute
|-damage|p2a: Tokoyami|75/100
|
|-heal|p2a: Tokoyami|82/100|[from] item: Leftovers
|upkeep
|turn|19
|
|t:|1760396266
|move|p1a: Great Tusk|Rapid Spin|p2a: Tokoyami
|-resisted|p2a: Tokoyami
|-activate|p2a: Tokoyami|move: Substitute|[damage]
|-sideend|p1: HahaGamingPart2|Toxic Spikes|[from] move: Rapid Spin|[of] p1a: Great Tusk
|-sideend|p1: HahaGamingPart2|Sticky Web|[from] move: Rapid Spin|[of] p1a: Great Tusk
|-boost|p1a: Great Tusk|spe|1
|move|p2a: Tokoyami|Iron Defense|p2a: Tokoyami
|-boost|p2a: Tokoyami|def|2
|
|-heal|p2a: Tokoyami|88/100|[from] item: Leftovers
|upkeep
|turn|20
|
|t:|1760396281
|-end|p1a: Great Tusk|Protosynthesis|[silent]
|switch|p1a: Hoopa|Hoopa|100/100
|move|p2a: Tokoyami|Iron Defense|p2a: Tokoyami
|-boost|p2a: Tokoyami|def|2
|
|-heal|p2a: Tokoyami|94/100|[from] item: Leftovers
|-fieldend|move: Grassy Terrain
|upkeep
|turn|21
|
|t:|1760396290
|move|p1a: Hoopa|Shadow Ball|p2a: Tokoyami
|-end|p2a: Tokoyami|Substitute
|move|p2a: Tokoyami|Iron Defense|p2a: Tokoyami
|-boost|p2a: Tokoyami|def|2
|
|-heal|p2a: Tokoyami|100/100|[from] item: Leftovers
|upkeep
|turn|22
|
|t:|1760396295
|move|p1a: Hoopa|Shadow Ball|p2a: Tokoyami
|-damage|p2a: Tokoyami|46/100
|move|p2a: Tokoyami|Substitute|p2a: Tokoyami
|-start|p2a: Tokoyami|Substitute
|-damage|p2a: Tokoyami|21/100
|
|-heal|p2a: Tokoyami|28/100|[from] item: Leftovers
|upkeep
|turn|23
|
|t:|1760396300
|move|p1a: Hoopa|Shadow Ball|p2a: Tokoyami
|-end|p2a: Tokoyami|Substitute
|move|p2a: Tokoyami|Roost|p2a: Tokoyami
|-heal|p2a: Tokoyami|78/100
|-singleturn|p2a: Tokoyami|move: Roost
|
|-heal|p2a: Tokoyami|84/100|[from] item: Leftovers
|upkeep
|turn|24
|-message|StrifePK forfeited.
|
|win|HahaGamingPart2
|raw|HahaGamingPart2's rating: 1162 &rarr; <strong>1182</strong><br />(+20 for winning)
|raw|StrifePK's rating: 1090 &rarr; <strong>1071</strong><br />(-19 for losing)
|l|☆StrifePK
|player|p2|
|l|☆HahaGamingPart2
|player|p1|
