|j|☆eliopl24
|j|☆chikunu
|t:|1760359144
|gametype|singles
|player|p1|eliopl24|janitor|1319
|player|p2|chikunu|roughneck|1306
|gen|9
|tier|[Gen 9] OU
|rated|
|rule|HP Percentage Mod: HP is shown in percentages
|rule|Endless Battle Clause: Forcing endless battles is banned
|rule|Species Clause: Limit one of each Pokémon
|rule|OHKO Clause: OHKO moves are banned
|rule|Evasion Items Clause: Evasion items are banned
|rule|Evasion Moves Clause: Evasion moves are banned
|rule|Evasion Abilities Clause: Evasion abilities are banned
|rule|Sleep Moves Clause: Sleep-inducing moves are banned
|clearpoke
|poke|p1|Pelipper, F|
|poke|p1|Zapdos|
|poke|p1|Electrode-Hisui|
|poke|p1|Iron Treads|
|poke|p1|Heatran, M|
|poke|p1|Barraskewda, F|
|poke|p2|Iron Moth|
|poke|p2|Kingambit, F|
|poke|p2|Dragonite, M|
|poke|p2|Ogerpon-Cornerstone, F|
|poke|p2|Iron Valiant|
|poke|p2|Raging Bolt|
|teampreview
|inactive|Battle timer is ON: inactive players will automatically lose when time's up. (requested by eliopl24)
|
|t:|1760359149
|teamsize|p1|6
|teamsize|p2|6
|start
|switch|p1a: Pelipper|Pelipper, F|100/100
|switch|p2a: Raging Bolt|Raging Bolt|100/100
|-weather|RainDance|[from] ability: Drizzle|[of] p1a: Pelipper
|-enditem|p2a: Raging Bolt|Booster Energy
|-activate|p2a: Raging Bolt|ability: Protosynthesis|[fromitem]
|-start|p2a: Raging Bolt|protosynthesisspa
|turn|1
|
|t:|1760359157
|switch|p1a: Iron Treads|Iron Treads|100/100
|move|p2a: Raging Bolt|Dragon Pulse|p1a: Iron Treads
|-resisted|p1a: Iron Treads
|-damage|p1a: Iron Treads|50/100
|
|-weather|RainDance|[upkeep]
|upkeep
|turn|2
|
|t:|1760359169
|move|p1a: Iron Treads|Earthquake|p2a: Raging Bolt
|-supereffective|p2a: Raging Bolt
|-damage|p2a: Raging Bolt|0 fnt
|faint|p2a: Raging Bolt
|-end|p2a: Raging Bolt|Protosynthesis|[silent]
|
|-weather|RainDance|[upkeep]
|upkeep
|
|t:|1760359174
|switch|p2a: Dragonite|Dragonite, M|100/100
|turn|3
|
|t:|1760359180
|-end|p1a: Iron Treads|Quark Drive|[silent]
|switch|p1a: Electrode|Electrode-Hisui|100/100
|move|p2a: Dragonite|Dragon Dance|p2a: Dragonite
|-boost|p2a: Dragonite|atk|1
|-boost|p2a: Dragonite|spe|1
|
|-weather|RainDance|[upkeep]
|upkeep
|turn|4
|
|t:|1760359186
|move|p1a: Electrode|Thunder|p2a: Dragonite
|-damage|p2a: Dragonite|78/100
|move|p2a: Dragonite|Earthquake|p1a: Electrode
|-damage|p1a: Electrode|0 fnt
|faint|p1a: Electrode
|
|-weather|RainDance|[upkeep]
|upkeep
|
|t:|1760359195
|switch|p1a: Barraskewda|Barraskewda, F|100/100
|turn|5
|
|t:|1760359201
|move|p2a: Dragonite|Extreme Speed|p1a: Barraskewda
|-damage|p1a: Barraskewda|2/100
|move|p1a: Barraskewda|Flip Turn|p2a: Dragonite
|-resisted|p2a: Dragonite
|-damage|p2a: Dragonite|40/100
|
|t:|1760359207
|switch|p1a: Zapdos|Zapdos|100/100|[from] Flip Turn
|
|-weather|RainDance|[upkeep]
|upkeep
|turn|6
|
|t:|1760359219
|move|p2a: Dragonite|Extreme Speed|p1a: Zapdos
|-damage|p1a: Zapdos|41/100
|-status|p2a: Dragonite|par|[from] ability: Static|[of] p1a: Zapdos
|move|p1a: Zapdos|Hurricane|p2a: Dragonite
|-damage|p2a: Dragonite|0 fnt
|faint|p2a: Dragonite
|
|-weather|RainDance|[upkeep]
|upkeep
|
|t:|1760359227
|switch|p2a: Ogerpon|Ogerpon-Cornerstone, F|100/100
|turn|7
|
|t:|1760359236
|switch|p1a: Iron Treads|Iron Treads|50/100
|move|p2a: Ogerpon|Ivy Cudgel|p1a: Iron Treads|[anim] Ivy Cudgel Rock
|-resisted|p1a: Iron Treads
|-damage|p1a: Iron Treads|38/100
|
|-weather|RainDance|[upkeep]
|upkeep
|turn|8
|
|t:|1760359247
|move|p2a: Ogerpon|Power Whip|p1a: Iron Treads
|-damage|p1a: Iron Treads|0 fnt
|faint|p1a: Iron Treads
|-end|p1a: Iron Treads|Quark Drive|[silent]
|
|-weather|none
|upkeep
|
|t:|1760359262
|switch|p1a: Heatran|Heatran, M|100/100
|turn|9
|
|t:|1760359273
|switch|p2a: Iron Moth|Iron Moth|100/100
|-enditem|p2a: Iron Moth|Booster Energy
|-activate|p2a: Iron Moth|ability: Quark Drive|[fromitem]
|-start|p2a: Iron Moth|quarkdrivespe
|move|p1a: Heatran|Magma Storm|p2a: Iron Moth
|-resisted|p2a: Iron Moth
|-damage|p2a: Iron Moth|77/100
|-activate|p2a: Iron Moth|move: Magma Storm|[of] p1a: Heatran
|
|-damage|p2a: Iron Moth|65/100|[from] move: Magma Storm|[partiallytrapped]
|upkeep
|turn|10
|
|t:|1760359282
|move|p2a: Iron Moth|Fiery Dance|p1a: Heatran
|-damage|p1a: Heatran|76/100
|-boost|p2a: Iron Moth|spa|1
|move|p1a: Heatran|Stealth Rock|p2a: Iron Moth
|-sidestart|p2: chikunu|move: Stealth Rock
|
|-heal|p1a: Heatran|82/100|[from] item: Leftovers
|-damage|p2a: Iron Moth|52/100|[from] move: Magma Storm|[partiallytrapped]
|upkeep
|turn|11
|
|t:|1760359287
|move|p2a: Iron Moth|Fiery Dance|p1a: Heatran
|-damage|p1a: Heatran|41/100
|move|p1a: Heatran|Earth Power|p2a: Iron Moth
|-supereffective|p2a: Iron Moth
|-damage|p2a: Iron Moth|0 fnt
|faint|p2a: Iron Moth
|-end|p2a: Iron Moth|Quark Drive|[silent]
|
|-heal|p1a: Heatran|47/100|[from] item: Leftovers
|upkeep
|
|t:|1760359295
|switch|p2a: Kingambit|Kingambit, F|100/100
|-damage|p2a: Kingambit|94/100|[from] Stealth Rock
|-activate|p2a: Kingambit|ability: Supreme Overlord
|-start|p2a: Kingambit|fallen3|[silent]
|turn|12
|
|t:|1760359302
|-terastallize|p2a: Kingambit|Ghost
|move|p1a: Heatran|Magma Storm|p2a: Kingambit
|-damage|p2a: Kingambit|48/100
|-activate|p2a: Kingambit|move: Magma Storm|[of] p1a: Heatran
|move|p2a: Kingambit|Swords Dance|p2a: Kingambit
|-boost|p2a: Kingambit|atk|2
|
|-heal|p1a: Heatran|53/100|[from] item: Leftovers
|-damage|p2a: Kingambit|35/100|[from] move: Magma Storm|[partiallytrapped]
|upkeep
|turn|13
|
|t:|1760359317
|move|p2a: Kingambit|Sucker Punch||[still]
|-fail|p2a: Kingambit
|move|p1a: Heatran|Taunt|p2a: Kingambit
|-start|p2a: Kingambit|move: Taunt
|
|-heal|p1a: Heatran|59/100|[from] item: Leftovers
|-damage|p2a: Kingambit|23/100|[from] move: Magma Storm|[partiallytrapped]
|upkeep
|turn|14
|
|t:|1760359323
|switch|p1a: Barraskewda|Barraskewda, F|2/100
|move|p2a: Kingambit|Sucker Punch||[still]
|-fail|p2a: Kingambit
|
|-end|p2a: Kingambit|Magma Storm|[partiallytrapped]|[silent]
|upkeep
|turn|15
|
|t:|1760359327
|move|p1a: Barraskewda|Aqua Jet|p2a: Kingambit
|-damage|p2a: Kingambit|0 fnt
|faint|p2a: Kingambit
|-end|p2a: Kingambit|fallen3|[silent]
|
|upkeep
|-message|chikunu forfeited.
|
|win|eliopl24
|raw|eliopl24's rating: 1319 &rarr; <strong>1338</strong><br />(+19 for winning)
|raw|chikunu's rating: 1306 &rarr; <strong>1287</strong><br />(-19 for losing)
|l|☆chikunu
|player|p2|
|l|☆eliopl24
|player|p1|
