|j|☆amnakoy
|j|‽Clump_017
|t:|1760447343
|gametype|singles
|player|p1|amnakoy|workerice|1401
|player|p2|Clump_017|2|1409
|gen|9
|tier|[Gen 9] OU
|rated|
|rule|HP Percentage Mod: HP is shown in percentages
|rule|Endless Battle Clause: Forcing endless battles is banned
|rule|Species Clause: Limit one of each Pokémon
|rule|OHKO Clause: OHKO moves are banned
|rule|Evasion Items Clause: Evasion items are banned
|rule|Evasion Moves Clause: Evasion moves are banned
|rule|Evasion Abilities Clause: Evasion abilities are banned
|rule|Sleep Moves Clause: Sleep-inducing moves are banned
|clearpoke
|poke|p1|Enamorus, F|
|poke|p1|Serperior, M|
|poke|p1|Ribombee, M|
|poke|p1|Cinderace, F|
|poke|p1|Kingambit, M|
|poke|p1|Malamar, M|
|poke|p2|Heatran, M|
|poke|p2|Rillaboom, M|
|poke|p2|Ogerpon-Wellspring, F|
|poke|p2|Dragapult, M|
|poke|p2|Great Tusk|
|poke|p2|Bronzong|
|teampreview
|inactive|Battle timer is ON: inactive players will automatically lose when time's up. (requested by amnakoy)
|inactive|Clump_017 has 120 seconds left.
|
|t:|1760447386
|teamsize|p1|6
|teamsize|p2|6
|start
|switch|p1a: Ribombee|Ribombee, M, shiny|100/100
|switch|p2a: Bronzong|Bronzong|100/100
|turn|1
|
|t:|1760447394
|move|p1a: Ribombee|Sticky Web|p2a: Bronzong
|-sidestart|p2: Clump_017|move: Sticky Web
|move|p2a: Bronzong|Gyro Ball|p1a: Ribombee
|-supereffective|p1a: Ribombee
|-enditem|p1a: Ribombee|Focus Sash
|-damage|p1a: Ribombee|1/100
|
|upkeep
|turn|2
|
|t:|1760447396
|move|p1a: Ribombee|Stun Spore|p2a: Bronzong
|-status|p2a: Bronzong|par
|cant|p2a: Bronzong|par
|
|upkeep
|turn|3
|
|t:|1760447404
|move|p1a: Ribombee|Skill Swap|p2a: Bronzong
|-activate|p1a: Ribombee|move: Skill Swap|Levitate|Shield Dust|[of] p2a: Bronzong
|cant|p2a: Bronzong|par
|
|upkeep
|turn|4
|
|t:|1760447409
|move|p1a: Ribombee|Moonblast|p2a: Bronzong
|-resisted|p2a: Bronzong
|-damage|p2a: Bronzong|82/100 par
|move|p2a: Bronzong|Psychic Noise|p1a: Ribombee
|-damage|p1a: Ribombee|0 fnt
|faint|p1a: Ribombee
|
|upkeep
|
|t:|1760447417
|switch|p1a: Malamar|Malamar, M|100/100
|turn|5
|
|t:|1760447423
|move|p1a: Malamar|Superpower|p2a: Bronzong
|-damage|p2a: Bronzong|61/100 par
|-boost|p1a: Malamar|atk|1
|-boost|p1a: Malamar|def|1
|move|p2a: Bronzong|Gyro Ball|p1a: Malamar
|-damage|p1a: Malamar|59/100
|
|upkeep
|turn|6
|
|t:|1760447433
|move|p1a: Malamar|Superpower|p2a: Bronzong
|-damage|p2a: Bronzong|26/100 par
|-boost|p1a: Malamar|atk|1
|-boost|p1a: Malamar|def|1
|cant|p2a: Bronzong|par
|
|upkeep
|turn|7
|
|t:|1760447438
|move|p1a: Malamar|Superpower|p2a: Bronzong
|-damage|p2a: Bronzong|0 fnt
|-boost|p1a: Malamar|atk|1
|-boost|p1a: Malamar|def|1
|faint|p2a: Bronzong
|
|upkeep
|
|t:|1760447441
|switch|p2a: Dragapult|Dragapult, M|100/100
|-activate|p2a: Dragapult|move: Sticky Web
|-fail|p2a: Dragapult|unboost|[from] ability: Clear Body|[of] p2a: Dragapult
|turn|8
|
|t:|1760447446
|move|p2a: Dragapult|Draco Meteor|p1a: Malamar
|-damage|p1a: Malamar|0 fnt
|-unboost|p2a: Dragapult|spa|2
|faint|p1a: Malamar
|
|upkeep
|
|t:|1760447452
|switch|p1a: Serperior|Serperior, M|100/100
|turn|9
|
|t:|1760447458
|switch|p2a: Heatran|Heatran, M|100/100
|-activate|p2a: Heatran|move: Sticky Web
|-unboost|p2a: Heatran|spe|1
|move|p1a: Serperior|Leaf Storm|p2a: Heatran
|-resisted|p2a: Heatran
|-damage|p2a: Heatran|92/100
|-boost|p1a: Serperior|spa|2
|-damage|p1a: Serperior|91/100|[from] item: Life Orb
|
|-heal|p2a: Heatran|98/100|[from] item: Leftovers
|upkeep
|turn|10
|
|t:|1760447465
|switch|p1a: Cinderace|Cinderace, F|100/100
|move|p2a: Heatran|Magma Storm|p1a: Cinderace
|-resisted|p1a: Cinderace
|-damage|p1a: Cinderace|68/100
|-activate|p1a: Cinderace|move: Magma Storm|[of] p2a: Heatran
|
|-heal|p2a: Heatran|100/100|[from] item: Leftovers
|-damage|p1a: Cinderace|56/100|[from] move: Magma Storm|[partiallytrapped]
|upkeep
|turn|11
|
|t:|1760447479
|switch|p2a: Great Tusk|Great Tusk|100/100
|move|p1a: Cinderace|U-turn|p2a: Great Tusk
|-start|p1a: Cinderace|typechange|Bug|[from] ability: Libero
|-resisted|p2a: Great Tusk
|-damage|p2a: Great Tusk|88/100
|
|t:|1760447482
|switch|p1a: Serperior|Serperior, M|91/100|[from] U-turn
|
|upkeep
|turn|12
|
|t:|1760447492
|-end|p2a: Great Tusk|Protosynthesis|[silent]
|switch|p2a: Heatran|Heatran, M|100/100
|-activate|p2a: Heatran|move: Sticky Web
|-unboost|p2a: Heatran|spe|1
|move|p1a: Serperior|Leaf Storm|p2a: Heatran
|-resisted|p2a: Heatran
|-damage|p2a: Heatran|91/100
|-boost|p1a: Serperior|spa|2
|-damage|p1a: Serperior|81/100|[from] item: Life Orb
|
|-heal|p2a: Heatran|98/100|[from] item: Leftovers
|upkeep
|turn|13
|
|t:|1760447501
|switch|p1a: Cinderace|Cinderace, F|56/100
|move|p2a: Heatran|Magma Storm|p1a: Cinderace
|-resisted|p1a: Cinderace
|-damage|p1a: Cinderace|23/100
|-activate|p1a: Cinderace|move: Magma Storm|[of] p2a: Heatran
|
|-heal|p2a: Heatran|100/100|[from] item: Leftovers
|-damage|p1a: Cinderace|11/100|[from] move: Magma Storm|[partiallytrapped]
|upkeep
|turn|14
|
|t:|1760447511
|move|p1a: Cinderace|Court Change|p1a: Cinderace
|-start|p1a: Cinderace|typechange|Normal|[from] ability: Libero
|-swapsideconditions
|-activate|p1a: Cinderace|move: Court Change
|move|p2a: Heatran|Stealth Rock|p1a: Cinderace
|-sidestart|p1: amnakoy|move: Stealth Rock
|
|-damage|p1a: Cinderace|0 fnt|[from] move: Magma Storm|[partiallytrapped]
|faint|p1a: Cinderace
|upkeep
|
|t:|1760447517
|switch|p1a: Enamorus|Enamorus, F, shiny|100/100
|-damage|p1a: Enamorus|76/100|[from] Stealth Rock
|turn|15
|
|t:|1760447522
|switch|p2a: Rillaboom|Rillaboom, M|100/100
|-fieldstart|move: Grassy Terrain|[from] ability: Grassy Surge|[of] p2a: Rillaboom
|move|p1a: Enamorus|Earth Power|p2a: Rillaboom
|-resisted|p2a: Rillaboom
|-damage|p2a: Rillaboom|84/100
|
|-heal|p2a: Rillaboom|91/100|[from] Grassy Terrain
|upkeep
|turn|16
|
|t:|1760447527
|switch|p1a: Serperior|Serperior, M|81/100
|-activate|p1a: Serperior|move: Sticky Web
|-boost|p1a: Serperior|spe|1
|-damage|p1a: Serperior|68/100|[from] Stealth Rock
|move|p2a: Rillaboom|U-turn|p1a: Serperior
|-supereffective|p1a: Serperior
|-damage|p1a: Serperior|5/100
|
|t:|1760447531
|switch|p2a: Ogerpon|Ogerpon-Wellspring, F|100/100|[from] U-turn
|
|-heal|p1a: Serperior|11/100|[from] Grassy Terrain
|upkeep
|turn|17
|
|t:|1760447539
|-terastallize|p1a: Serperior|Stellar
|move|p2a: Ogerpon|Grassy Glide|p1a: Serperior
|-resisted|p1a: Serperior
|-damage|p1a: Serperior|0 fnt
|faint|p1a: Serperior
|
|upkeep
|
|t:|1760447545
|switch|p1a: Kingambit|Kingambit, M|100/100
|-activate|p1a: Kingambit|move: Sticky Web
|-unboost|p1a: Kingambit|spe|1
|-ability|p1a: Kingambit|Defiant|boost
|-boost|p1a: Kingambit|atk|2
|-damage|p1a: Kingambit|94/100|[from] Stealth Rock
|turn|18
|
|t:|1760447550
|move|p2a: Ogerpon|Ivy Cudgel|p1a: Kingambit|[anim] Ivy Cudgel Water
|-damage|p1a: Kingambit|46/100
|move|p1a: Kingambit|Iron Head|p2a: Ogerpon
|-resisted|p2a: Ogerpon
|-damage|p2a: Ogerpon|39/100
|
|-heal|p2a: Ogerpon|45/100|[from] Grassy Terrain
|-heal|p1a: Kingambit|52/100|[from] Grassy Terrain
|-heal|p1a: Kingambit|58/100|[from] item: Leftovers
|upkeep
|turn|19
|
|t:|1760447556
|move|p2a: Ogerpon|Ivy Cudgel|p1a: Kingambit|[anim] Ivy Cudgel Water
|-damage|p1a: Kingambit|10/100
|move|p1a: Kingambit|Kowtow Cleave|p2a: Ogerpon
|-damage|p2a: Ogerpon|0 fnt
|faint|p2a: Ogerpon
|
|-heal|p1a: Kingambit|16/100|[from] Grassy Terrain
|-heal|p1a: Kingambit|22/100|[from] item: Leftovers
|upkeep
|
|t:|1760447559
|switch|p2a: Great Tusk|Great Tusk|88/100
|turn|20
|
|t:|1760447561
|switch|p1a: Enamorus|Enamorus, F, shiny|76/100
|-damage|p1a: Enamorus|51/100|[from] Stealth Rock
|move|p2a: Great Tusk|Headlong Rush|p1a: Enamorus
|-immune|p1a: Enamorus
|
|-heal|p2a: Great Tusk|94/100|[from] Grassy Terrain
|upkeep
|turn|21
|
|t:|1760447566
|-end|p2a: Great Tusk|Protosynthesis|[silent]
|switch|p2a: Heatran|Heatran, M|100/100
|move|p1a: Enamorus|Play Rough|p2a: Heatran
|-resisted|p2a: Heatran
|-crit|p2a: Heatran
|-damage|p2a: Heatran|87/100
|-unboost|p2a: Heatran|atk|1
|
|-heal|p2a: Heatran|94/100|[from] Grassy Terrain
|-heal|p2a: Heatran|99/100|[from] item: Leftovers
|upkeep
|turn|22
|-message|amnakoy forfeited.
|
|win|Clump_017
|raw|amnakoy's rating: 1401 &rarr; <strong>1381</strong><br />(-20 for losing)
|raw|Clump_017's rating: 1409 &rarr; <strong>1429</strong><br />(+20 for winning)
|l|☆amnakoy
|player|p1|
|l|‽Clump_017
|player|p2|
