|j|☆pikachulover32
|j|☆ooo01w
|t:|1760433707
|gametype|singles
|player|p1|pikachulover32|brendan|1537
|player|p2|ooo01w|101|1502
|gen|9
|tier|[Gen 9] OU
|rated|
|rule|HP Percentage Mod: HP is shown in percentages
|rule|Endless Battle Clause: Forcing endless battles is banned
|rule|Species Clause: Limit one of each Pokémon
|rule|OHKO Clause: OHKO moves are banned
|rule|Evasion Items Clause: Evasion items are banned
|rule|Evasion Moves Clause: Evasion moves are banned
|rule|Evasion Abilities Clause: Evasion abilities are banned
|rule|Sleep Moves Clause: Sleep-inducing moves are banned
|clearpoke
|poke|p1|Weezing-Galar, F|
|poke|p1|Iron Treads|
|poke|p1|Zapdos|
|poke|p1|Samurott-Hisui, M|
|poke|p1|Slowking-Galar, F|
|poke|p1|Garchomp, M|
|poke|p2|Indeedee, M|
|poke|p2|Hawlucha, F|
|poke|p2|Ceruledge, M|
|poke|p2|Polteageist|
|poke|p2|Zapdos|
|poke|p2|Dragapult, F|
|teampreview
|inactive|Battle timer is ON: inactive players will automatically lose when time's up. (requested by pikachulover32)
|inactive|pikachulover32 has 120 seconds left.
|
|t:|1760433738
|teamsize|p1|6
|teamsize|p2|6
|start
|switch|p1a: sheist guru|Slowking-Galar, F, shiny|100/100
|switch|p2a: Dragapult|Dragapult, F|100/100
|turn|1
|
|t:|1760433749
|-terastallize|p1a: sheist guru|Water
|move|p2a: Dragapult|Will-O-Wisp|p1a: sheist guru
|-status|p1a: sheist guru|brn
|move|p1a: sheist guru|Psyshock|p2a: Dragapult
|-damage|p2a: Dragapult|45/100
|
|-damage|p1a: sheist guru|94/100 brn|[from] brn
|upkeep
|turn|2
|
|t:|1760433759
|move|p2a: Dragapult|U-turn|p1a: sheist guru
|-damage|p1a: sheist guru|75/100 brn
|
|t:|1760433763
|switch|p2a: Indeedee|Indeedee, M|100/100|[from] U-turn
|-fieldstart|move: Psychic Terrain|[from] ability: Psychic Surge|[of] p2a: Indeedee
|move|p1a: sheist guru|Psyshock|p2a: Indeedee
|-resisted|p2a: Indeedee
|-damage|p2a: Indeedee|73/100
|
|-damage|p1a: sheist guru|69/100 brn|[from] brn
|upkeep
|turn|3
|
|t:|1760433778
|switch|p1a: samus|Samurott-Hisui, M, shiny|100/100
|move|p2a: Indeedee|Expanding Force|p1a: samus
|-immune|p1a: samus
|
|upkeep
|turn|4
|
|t:|1760433789
|switch|p2a: Hawlucha|Hawlucha, F|100/100
|-enditem|p2a: Hawlucha|Psychic Seed
|-boost|p2a: Hawlucha|spd|1|[from] item: Psychic Seed
|move|p1a: samus|Ceaseless Edge|p2a: Hawlucha
|-resisted|p2a: Hawlucha
|-damage|p2a: Hawlucha|69/100
|-sidestart|p2: ooo01w|Spikes
|
|upkeep
|turn|5
|
|t:|1760433807
|switch|p1a: dirty bong|Weezing-Galar, F|100/100
|move|p2a: Hawlucha|Swords Dance|p2a: Hawlucha
|-boost|p2a: Hawlucha|atk|2
|
|upkeep
|turn|6
|
|t:|1760433815
|move|p2a: Hawlucha|Acrobatics|p1a: dirty bong
|-damage|p1a: dirty bong|33/100
|-damage|p2a: Hawlucha|53/100|[from] item: Rocky Helmet|[of] p1a: dirty bong
|move|p1a: dirty bong|Will-O-Wisp|p2a: Hawlucha
|-status|p2a: Hawlucha|brn
|
|-damage|p2a: Hawlucha|47/100 brn|[from] brn
|upkeep
|turn|7
|
|t:|1760433828
|move|p2a: Hawlucha|Acrobatics|p1a: dirty bong
|-damage|p1a: dirty bong|1/100
|-damage|p2a: Hawlucha|30/100 brn|[from] item: Rocky Helmet|[of] p1a: dirty bong
|move|p1a: dirty bong|Dazzling Gleam|p2a: Hawlucha
|-supereffective|p2a: Hawlucha
|-damage|p2a: Hawlucha|0 fnt
|faint|p2a: Hawlucha
|
|upkeep
|
|t:|1760433855
|switch|p2a: Dragapult|Dragapult, F|45/100
|turn|8
|inactive|pikachulover32 has 120 seconds left.
|
|t:|1760433890
|switch|p1a: megatron|Iron Treads, shiny|100/100
|move|p2a: Dragapult|U-turn|p1a: megatron
|-resisted|p1a: megatron
|-damage|p1a: megatron|91/100
|
|t:|1760433898
|switch|p2a: Polteageist|Polteageist|100/100|[from] U-turn
|-damage|p2a: Polteageist|88/100|[from] Spikes
|
|upkeep
|turn|9
|
|t:|1760433908
|move|p1a: megatron|Earthquake|p2a: Polteageist
|-crit|p2a: Polteageist
|-damage|p2a: Polteageist|1/100
|move|p2a: Polteageist|Shell Smash|p2a: Polteageist
|-unboost|p2a: Polteageist|def|1
|-unboost|p2a: Polteageist|spd|1
|-boost|p2a: Polteageist|atk|2
|-boost|p2a: Polteageist|spa|2
|-boost|p2a: Polteageist|spe|2
|-enditem|p2a: Polteageist|White Herb
|-clearnegativeboost|p2a: Polteageist|[silent]
|
|-fieldend|move: Psychic Terrain
|upkeep
|turn|10
|inactive|pikachulover32 has 120 seconds left.
|
|t:|1760433923
|move|p2a: Polteageist|Strength Sap|p1a: megatron
|-unboost|p1a: megatron|atk|1
|-heal|p2a: Polteageist|99/100
|move|p1a: megatron|Iron Head|p2a: Polteageist
|-crit|p2a: Polteageist
|-damage|p2a: Polteageist|33/100
|
|upkeep
|turn|11
|
|t:|1760433931
|move|p2a: Polteageist|Strength Sap|p1a: megatron
|-unboost|p1a: megatron|atk|1
|-heal|p2a: Polteageist|99/100
|move|p1a: megatron|Earthquake|p2a: Polteageist
|-damage|p2a: Polteageist|74/100
|-start|p1a: megatron|Disable|Earthquake|[from] ability: Cursed Body|[of] p2a: Polteageist
|
|upkeep
|turn|12
|
|t:|1760433959
|-end|p1a: megatron|Quark Drive|[silent]
|switch|p1a: sheist guru|Slowking-Galar, F, shiny, tera:Water|100/100 brn
|move|p2a: Polteageist|Shadow Ball|p1a: sheist guru
|-damage|p1a: sheist guru|66/100 brn
|-unboost|p1a: sheist guru|spd|1
|
|-damage|p1a: sheist guru|60/100 brn|[from] brn
|upkeep
|turn|13
|
|t:|1760433969
|switch|p1a: samus|Samurott-Hisui, M, shiny|100/100
|move|p2a: Polteageist|Shadow Ball|p1a: samus
|-resisted|p1a: samus
|-damage|p1a: samus|70/100
|-unboost|p1a: samus|spd|1
|
|upkeep
|turn|14
|
|t:|1760433977
|-terastallize|p2a: Polteageist|Fighting
|move|p2a: Polteageist|Tera Blast|p1a: samus|[anim] Tera Blast Fighting
|-supereffective|p1a: samus
|-damage|p1a: samus|0 fnt
|faint|p1a: samus
|
|upkeep
|
|t:|1760433983
|switch|p1a: sheist guru|Slowking-Galar, F, shiny, tera:Water|93/100 brn
|turn|15
|
|t:|1760433988
|switch|p2a: Indeedee|Indeedee, M|73/100
|-damage|p2a: Indeedee|61/100|[from] Spikes
|-fieldstart|move: Psychic Terrain|[from] ability: Psychic Surge|[of] p2a: Indeedee
|move|p1a: sheist guru|Psyshock|p2a: Indeedee
|-resisted|p2a: Indeedee
|-damage|p2a: Indeedee|33/100
|
|-damage|p1a: sheist guru|87/100 brn|[from] brn
|upkeep
|turn|16
|
|t:|1760434000
|switch|p1a: megatron|Iron Treads, shiny|91/100
|move|p2a: Indeedee|Expanding Force|p1a: megatron
|-resisted|p1a: megatron
|-damage|p1a: megatron|67/100
|
|upkeep
|turn|17
|
|t:|1760434010
|move|p1a: megatron|Earthquake|p2a: Indeedee
|-damage|p2a: Indeedee|0 fnt
|faint|p2a: Indeedee
|
|upkeep
|
|t:|1760434016
|switch|p2a: Dragapult|Dragapult, F|45/100
|turn|18
|
|t:|1760434029
|move|p2a: Dragapult|Will-O-Wisp|p1a: megatron
|-status|p1a: megatron|brn
|move|p1a: megatron|Ice Spinner|p2a: Dragapult
|-supereffective|p2a: Dragapult
|-crit|p2a: Dragapult
|-damage|p2a: Dragapult|0 fnt
|-fieldend|move: Psychic Terrain
|faint|p2a: Dragapult
|
|-damage|p1a: megatron|61/100 brn|[from] brn
|upkeep
|
|t:|1760434038
|switch|p2a: Ceruledge|Ceruledge, M|100/100
|-damage|p2a: Ceruledge|88/100|[from] Spikes
|turn|19
|
|t:|1760434044
|-end|p1a: megatron|Quark Drive|[silent]
|switch|p1a: jj da jet|Garchomp, M|100/100
|move|p2a: Ceruledge|Swords Dance|p2a: Ceruledge
|-boost|p2a: Ceruledge|atk|2
|
|upkeep
|turn|20
|
|t:|1760434058
|move|p2a: Ceruledge|Bitter Blade|p1a: jj da jet
|-resisted|p1a: jj da jet
|-damage|p1a: jj da jet|71/100
|-heal|p2a: Ceruledge|100/100|[from] drain|[of] p1a: jj da jet
|-damage|p2a: Ceruledge|88/100|[from] ability: Rough Skin|[of] p1a: jj da jet
|-damage|p2a: Ceruledge|72/100|[from] item: Rocky Helmet|[of] p1a: jj da jet
|move|p1a: jj da jet|Dragon Tail|p2a: Ceruledge|[miss]
|-miss|p1a: jj da jet|p2a: Ceruledge
|
|upkeep
|turn|21
|
|t:|1760434069
|move|p2a: Ceruledge|Poltergeist|p1a: jj da jet|[miss]
|-miss|p2a: Ceruledge|p1a: jj da jet
|move|p1a: jj da jet|Dragon Tail|p2a: Ceruledge|[miss]
|-miss|p1a: jj da jet|p2a: Ceruledge
|
|upkeep
|turn|22
|
|t:|1760434076
|move|p2a: Ceruledge|Poltergeist|p1a: jj da jet
|-activate|p1a: jj da jet|move: Poltergeist|Rocky Helmet
|-damage|p1a: jj da jet|6/100
|move|p1a: jj da jet|Dragon Tail|p2a: Ceruledge
|-damage|p2a: Ceruledge|32/100
|-ability|p2a: Ceruledge|Weak Armor|boost
|-unboost|p2a: Ceruledge|def|1
|-boost|p2a: Ceruledge|spe|2
|drag|p2a: Zapdos|Zapdos|100/100
|
|upkeep
|turn|23
|
|t:|1760434091
|switch|p1a: megatron|Iron Treads, shiny|61/100 brn
|move|p2a: Zapdos|Hurricane|p1a: megatron|[miss]
|-miss|p2a: Zapdos|p1a: megatron
|
|-damage|p1a: megatron|54/100 brn|[from] brn
|upkeep
|turn|24
|
|t:|1760434106
|switch|p2a: Polteageist|Polteageist, tera:Fighting|74/100
|-damage|p2a: Polteageist|62/100|[from] Spikes
|move|p1a: megatron|Ice Spinner|p2a: Polteageist
|-damage|p2a: Polteageist|47/100
|
|-damage|p1a: megatron|48/100 brn|[from] brn
|upkeep
|turn|25
|
|t:|1760434114
|-end|p1a: megatron|Quark Drive|[silent]
|switch|p1a: sheist guru|Slowking-Galar, F, shiny, tera:Water|100/100 brn
|move|p2a: Polteageist|Strength Sap|p1a: sheist guru
|-unboost|p1a: sheist guru|atk|1
|-heal|p2a: Polteageist|89/100
|
|-damage|p1a: sheist guru|94/100 brn|[from] brn
|upkeep
|turn|26
|
|t:|1760434127
|switch|p2a: Zapdos|Zapdos|100/100
|move|p1a: sheist guru|Psyshock|p2a: Zapdos
|-damage|p2a: Zapdos|74/100
|
|-damage|p1a: sheist guru|88/100 brn|[from] brn
|upkeep
|turn|27
|
|t:|1760434137
|switch|p1a: mr.banana|Zapdos, shiny|100/100
|move|p2a: Zapdos|Hurricane|p1a: mr.banana
|-resisted|p1a: mr.banana
|-damage|p1a: mr.banana|77/100
|
|upkeep
|turn|28
|
|t:|1760434143
|move|p2a: Zapdos|Volt Switch|p1a: mr.banana
|-damage|p1a: mr.banana|43/100
|
|t:|1760434157
|switch|p2a: Ceruledge|Ceruledge, M|32/100|[from] Volt Switch
|-damage|p2a: Ceruledge|20/100|[from] Spikes
|move|p1a: mr.banana|Heat Wave|p2a: Ceruledge
|-resisted|p2a: Ceruledge
|-damage|p2a: Ceruledge|2/100
|
|upkeep
|turn|29
|
|t:|1760434168
|switch|p1a: dirty bong|Weezing-Galar, F|1/100
|move|p2a: Ceruledge|Destiny Bond|p2a: Ceruledge
|-singlemove|p2a: Ceruledge|Destiny Bond
|
|upkeep
|turn|30
|
|t:|1760434178
|move|p2a: Ceruledge|Bitter Blade|p1a: dirty bong
|-damage|p1a: dirty bong|0 fnt
|-heal|p2a: Ceruledge|3/100|[from] drain|[of] p1a: dirty bong
|-damage|p2a: Ceruledge|0 fnt|[from] item: Rocky Helmet|[of] p1a: dirty bong
|faint|p1a: dirty bong
|faint|p2a: Ceruledge
|
|upkeep
|
|t:|1760434194
|switch|p2a: Polteageist|Polteageist, tera:Fighting|89/100
|switch|p1a: sheist guru|Slowking-Galar, F, shiny, tera:Water|100/100 brn
|-damage|p2a: Polteageist|76/100|[from] Spikes
|turn|31
|
|t:|1760434201
|move|p2a: Polteageist|Shadow Ball|p1a: sheist guru
|-damage|p1a: sheist guru|82/100 brn
|move|p1a: sheist guru|Sludge Bomb|p2a: Polteageist
|-damage|p2a: Polteageist|33/100
|
|-damage|p1a: sheist guru|76/100 brn|[from] brn
|upkeep
|turn|32
|
|t:|1760434208
|move|p2a: Polteageist|Tera Blast|p1a: sheist guru|[anim] Tera Blast Fighting
|-damage|p1a: sheist guru|58/100 brn
|move|p1a: sheist guru|Sludge Bomb|p2a: Polteageist
|-damage|p2a: Polteageist|0 fnt
|faint|p2a: Polteageist
|
|-damage|p1a: sheist guru|51/100 brn|[from] brn
|upkeep
|
|t:|1760434216
|switch|p2a: Zapdos|Zapdos|74/100
|turn|33
|
|t:|1760434222
|switch|p1a: jj da jet|Garchomp, M|6/100
|move|p2a: Zapdos|Volt Switch|p1a: jj da jet
|-immune|p1a: jj da jet
|
|upkeep
|turn|34
|
|t:|1760434228
|move|p1a: jj da jet|Poison Jab|p2a: Zapdos
|-damage|p2a: Zapdos|58/100
|move|p2a: Zapdos|Hurricane|p1a: jj da jet
|-damage|p1a: jj da jet|0 fnt
|faint|p1a: jj da jet
|
|upkeep
|
|t:|1760434243
|switch|p1a: megatron|Iron Treads, shiny|48/100 brn
|turn|35
|
|t:|1760434248
|move|p1a: megatron|Ice Spinner|p2a: Zapdos
|-supereffective|p2a: Zapdos
|-damage|p2a: Zapdos|40/100
|move|p2a: Zapdos|Roost|p2a: Zapdos
|-heal|p2a: Zapdos|90/100
|-singleturn|p2a: Zapdos|move: Roost
|
|-damage|p1a: megatron|42/100 brn|[from] brn
|upkeep
|turn|36
|
|t:|1760434257
|move|p1a: megatron|Ice Spinner|p2a: Zapdos
|-supereffective|p2a: Zapdos
|-damage|p2a: Zapdos|70/100
|move|p2a: Zapdos|Hurricane|p1a: megatron
|-resisted|p1a: megatron
|-damage|p1a: megatron|23/100 brn
|-start|p1a: megatron|confusion
|
|-damage|p1a: megatron|17/100 brn|[from] brn
|upkeep
|turn|37
|
|t:|1760434276
|-activate|p1a: megatron|confusion
|-damage|p1a: megatron|5/100 brn|[from] confusion
|move|p2a: Zapdos|Hurricane|p1a: megatron
|-resisted|p1a: megatron
|-damage|p1a: megatron|0 fnt
|faint|p1a: megatron
|-end|p1a: megatron|Quark Drive|[silent]
|
|upkeep
|
|t:|1760434283
|switch|p1a: mr.banana|Zapdos, shiny|43/100
|turn|38
|
|t:|1760434286
|move|p1a: mr.banana|Roost|p1a: mr.banana
|-heal|p1a: mr.banana|94/100
|-singleturn|p1a: mr.banana|move: Roost
|move|p2a: Zapdos|Volt Switch|p1a: mr.banana
|-resisted|p1a: mr.banana
|-damage|p1a: mr.banana|77/100
|
|upkeep
|turn|39
|
|t:|1760434294
|move|p1a: mr.banana|Heat Wave|p2a: Zapdos
|-damage|p2a: Zapdos|40/100
|move|p2a: Zapdos|Volt Switch|p1a: mr.banana
|-damage|p1a: mr.banana|44/100
|
|upkeep
|turn|40
|
|t:|1760434301
|move|p2a: Zapdos|Roost|p2a: Zapdos
|-heal|p2a: Zapdos|91/100
|-singleturn|p2a: Zapdos|move: Roost
|move|p1a: mr.banana|Roost|p1a: mr.banana
|-heal|p1a: mr.banana|94/100
|-singleturn|p1a: mr.banana|move: Roost
|
|upkeep
|turn|41
|
|t:|1760434309
|move|p1a: mr.banana|Heat Wave|p2a: Zapdos
|-damage|p2a: Zapdos|58/100
|move|p2a: Zapdos|Hurricane|p1a: mr.banana
|-resisted|p1a: mr.banana
|-damage|p1a: mr.banana|71/100
|-start|p1a: mr.banana|confusion
|
|upkeep
|turn|42
|
|t:|1760434320
|-activate|p1a: mr.banana|confusion
|move|p1a: mr.banana|Heat Wave|p2a: Zapdos
|-damage|p2a: Zapdos|26/100
|move|p2a: Zapdos|Volt Switch|p1a: mr.banana
|-damage|p1a: mr.banana|42/100
|
|upkeep
|turn|43
|
|t:|1760434330
|move|p2a: Zapdos|Roost|p2a: Zapdos
|-heal|p2a: Zapdos|76/100
|-singleturn|p2a: Zapdos|move: Roost
|-end|p1a: mr.banana|confusion
|move|p1a: mr.banana|Roost|p1a: mr.banana
|-heal|p1a: mr.banana|92/100
|-singleturn|p1a: mr.banana|move: Roost
|
|upkeep
|turn|44
|
|t:|1760434341
|move|p1a: mr.banana|Heat Wave|p2a: Zapdos
|-damage|p2a: Zapdos|44/100
|move|p2a: Zapdos|Volt Switch|p1a: mr.banana
|-damage|p1a: mr.banana|62/100
|
|upkeep
|turn|45
|
|t:|1760434347
|move|p2a: Zapdos|Roost|p2a: Zapdos
|-heal|p2a: Zapdos|94/100
|-singleturn|p2a: Zapdos|move: Roost
|move|p1a: mr.banana|Heat Wave|p2a: Zapdos
|-damage|p2a: Zapdos|62/100
|
|upkeep
|turn|46
|
|t:|1760434354
|move|p2a: Zapdos|Volt Switch|p1a: mr.banana
|-damage|p1a: mr.banana|28/100
|move|p1a: mr.banana|Heat Wave|p2a: Zapdos
|-damage|p2a: Zapdos|29/100
|
|upkeep
|turn|47
|
|t:|1760434360
|move|p1a: mr.banana|Roost|p1a: mr.banana
|-heal|p1a: mr.banana|78/100
|-singleturn|p1a: mr.banana|move: Roost
|move|p2a: Zapdos|Volt Switch|p1a: mr.banana
|-resisted|p1a: mr.banana
|-crit|p1a: mr.banana
|-damage|p1a: mr.banana|55/100
|
|upkeep
|turn|48
|
|t:|1760434369
|move|p1a: mr.banana|Heat Wave|p2a: Zapdos
|-damage|p2a: Zapdos|0 fnt
|faint|p2a: Zapdos
|
|win|pikachulover32
|raw|pikachulover32's rating: 1537 &rarr; <strong>1555</strong><br />(+18 for winning)
|raw|ooo01w's rating: 1502 &rarr; <strong>1484</strong><br />(-18 for losing)
|l|☆ooo01w
|player|p2|
|c|☆pikachulover32|gg
|l|☆pikachulover32
|player|p1|
