|j|☆magikarpsoup
|j|☆john pork the 1st
|t:|1760307524
|gametype|singles
|player|p1|magikarpsoup|medium|1686
|player|p2|john pork the 1st|crasherwake|1671
|gen|9
|tier|[Gen 9] OU
|rated|
|rule|HP Percentage Mod: HP is shown in percentages
|rule|Endless Battle Clause: Forcing endless battles is banned
|rule|Species Clause: Limit one of each Pokémon
|rule|OHKO Clause: OHKO moves are banned
|rule|Evasion Items Clause: Evasion items are banned
|rule|Evasion Moves Clause: Evasion moves are banned
|rule|Evasion Abilities Clause: Evasion abilities are banned
|rule|Sleep Moves Clause: Sleep-inducing moves are banned
|clearpoke
|poke|p1|Breloom, F|
|poke|p1|Alomomola, F|
|poke|p1|Raging Bolt|
|poke|p1|Scizor, M|
|poke|p1|Landorus-Therian, M|
|poke|p1|Dragapult, F|
|poke|p2|Kyurem|
|poke|p2|Landorus-Therian, M|
|poke|p2|Kingambit, M|
|poke|p2|Zamazenta-*|
|poke|p2|Great Tusk|
|poke|p2|Zapdos|
|teampreview
|c|☆john pork the 1st|Ayo
|c|☆magikarpsoup|lmao
|c|☆magikarpsoup|glhf
|c|☆john pork the 1st|u2
|
|t:|1760307571
|teamsize|p1|6
|teamsize|p2|6
|start
|switch|p1a: Dragapult|Dragapult, F|100/100
|switch|p2a: What is Wrong|Zapdos|100/100
|turn|1
|
|t:|1760307607
|switch|p1a: Raging Bolt|Raging Bolt|100/100
|-terastallize|p2a: What is Wrong|Fairy
|move|p2a: What is Wrong|Tera Blast|p1a: Raging Bolt|[anim] Tera Blast Fairy
|-supereffective|p1a: Raging Bolt
|-damage|p1a: Raging Bolt|21/100
|
|upkeep
|turn|2
|
|t:|1760307623
|switch|p2a: Never Forget|Landorus-Therian, M|100/100
|-ability|p2a: Never Forget|Intimidate|boost
|-unboost|p1a: Raging Bolt|atk|1
|move|p1a: Raging Bolt|Thunderclap||[still]
|-fail|p1a: Raging Bolt
|
|upkeep
|turn|3
|
|t:|1760307628
|-end|p1a: Raging Bolt|Protosynthesis|[silent]
|switch|p1a: Landorus|Landorus-Therian, M|100/100
|-ability|p1a: Landorus|Intimidate|boost
|-unboost|p2a: Never Forget|atk|1
|move|p2a: Never Forget|Earth Power|p1a: Landorus
|-immune|p1a: Landorus
|
|upkeep
|turn|4
|
|t:|1760307634
|move|p2a: Never Forget|Taunt|p1a: Landorus
|-start|p1a: Landorus|move: Taunt
|cant|p1a: Landorus|move: Taunt|Taunt
|
|upkeep
|turn|5
|
|t:|1760307636
|move|p2a: Never Forget|Stealth Rock|p1a: Landorus
|-sidestart|p1: magikarpsoup|move: Stealth Rock
|move|p1a: Landorus|U-turn|p2a: Never Forget
|-resisted|p2a: Never Forget
|-damage|p2a: Never Forget|91/100
|-damage|p1a: Landorus|84/100|[from] item: Rocky Helmet|[of] p2a: Never Forget
|
|t:|1760307641
|switch|p1a: Alomomola|Alomomola, F|100/100|[from] U-turn
|-damage|p1a: Alomomola|88/100|[from] Stealth Rock
|
|upkeep
|turn|6
|
|t:|1760307648
|move|p2a: Never Forget|U-turn|p1a: Alomomola
|-damage|p1a: Alomomola|79/100
|
|t:|1760307650
|switch|p2a: What is Wrong|Zapdos, tera:Fairy|100/100|[from] U-turn
|move|p1a: Alomomola|Scald|p2a: What is Wrong
|-damage|p2a: What is Wrong|90/100
|
|upkeep
|turn|7
|
|t:|1760307655
|move|p2a: What is Wrong|Volt Switch|p1a: Alomomola
|-supereffective|p1a: Alomomola
|-damage|p1a: Alomomola|37/100
|
|t:|1760307658
|switch|p2a: Never Forget|Landorus-Therian, M|91/100|[from] Volt Switch
|-ability|p2a: Never Forget|Intimidate|boost
|-unboost|p1a: Alomomola|atk|1
|move|p1a: Alomomola|Mirror Coat|p2a: Never Forget
|-damage|p2a: Never Forget|0 fnt
|faint|p2a: Never Forget
|
|upkeep
|c|☆john pork the 1st|I always forget this guy gets that
|
|t:|1760307670
|switch|p2a: What is Wrong|Zapdos, tera:Fairy|90/100
|turn|8
|c|☆magikarpsoup|lmao
|
|t:|1760307678
|switch|p1a: Landorus|Landorus-Therian, M|84/100
|-damage|p1a: Landorus|72/100|[from] Stealth Rock
|-ability|p1a: Landorus|Intimidate|boost
|-unboost|p2a: What is Wrong|atk|1
|move|p2a: What is Wrong|Hurricane|p1a: Landorus
|-damage|p1a: Landorus|14/100
|
|upkeep
|turn|9
|
|t:|1760307686
|move|p2a: What is Wrong|Tera Blast|p1a: Landorus|[anim] Tera Blast Fairy
|-damage|p1a: Landorus|0 fnt
|faint|p1a: Landorus
|
|upkeep
|
|t:|1760307690
|switch|p1a: Scizor|Scizor, M|100/100
|-damage|p1a: Scizor|88/100|[from] Stealth Rock
|turn|10
|
|t:|1760307699
|switch|p2a: Milky Way|Zamazenta, shiny|100/100
|-ability|p2a: Milky Way|Dauntless Shield|boost
|-boost|p2a: Milky Way|def|1
|move|p1a: Scizor|Bullet Punch|p2a: Milky Way
|-damage|p2a: Milky Way|79/100
|
|upkeep
|turn|11
|
|t:|1760307704
|move|p2a: Milky Way|Crunch|p1a: Scizor
|-damage|p1a: Scizor|50/100
|-enditem|p1a: Scizor|Sitrus Berry|[eat]
|-heal|p1a: Scizor|75/100|[from] item: Sitrus Berry
|-damage|p2a: Milky Way|69/100|[from] item: Life Orb
|move|p1a: Scizor|Defog|p2a: Milky Way
|-unboost|p2a: Milky Way|evasion|1
|-sideend|p1: magikarpsoup|Stealth Rock|[from] move: Defog|[of] p1a: Scizor
|
|upkeep
|turn|12
|
|t:|1760307711
|switch|p1a: Alomomola|Alomomola, F|71/100
|move|p2a: Milky Way|Close Combat|p1a: Alomomola
|-damage|p1a: Alomomola|14/100
|-unboost|p2a: Milky Way|def|1
|-unboost|p2a: Milky Way|spd|1
|-damage|p2a: Milky Way|60/100|[from] item: Life Orb
|
|upkeep
|turn|13
|
|t:|1760307721
|switch|p1a: Raging Bolt|Raging Bolt|21/100
|move|p2a: Milky Way|Crunch|p1a: Raging Bolt
|-damage|p1a: Raging Bolt|0 fnt
|faint|p1a: Raging Bolt
|-end|p1a: Raging Bolt|Protosynthesis|[silent]
|-damage|p2a: Milky Way|50/100|[from] item: Life Orb
|
|upkeep
|
|t:|1760307724
|switch|p1a: Dragapult|Dragapult, F|100/100
|turn|14
|
|t:|1760307736
|move|p1a: Dragapult|Fire Blast|p2a: Milky Way
|-damage|p2a: Milky Way|0 fnt
|faint|p2a: Milky Way
|-damage|p1a: Dragapult|91/100|[from] item: Life Orb
|
|upkeep
|
|t:|1760307739
|switch|p2a: What is Wrong|Zapdos, tera:Fairy|90/100
|turn|15
|
|t:|1760307754
|switch|p1a: Alomomola|Alomomola, F|47/100
|move|p2a: What is Wrong|Volt Switch|p1a: Alomomola
|-supereffective|p1a: Alomomola
|-crit|p1a: Alomomola
|-damage|p1a: Alomomola|0 fnt
|faint|p1a: Alomomola
|
|t:|1760307759
|switch|p2a: Bundled Dreams|Kyurem, shiny|100/100|[from] Volt Switch
|-ability|p2a: Bundled Dreams|Pressure
|
|upkeep
|
|t:|1760307769
|switch|p1a: Scizor|Scizor, M|75/100
|turn|16
|
|t:|1760307786
|switch|p2a: Chronostasis|Great Tusk|100/100
|move|p1a: Scizor|U-turn|p2a: Chronostasis
|-resisted|p2a: Chronostasis
|-damage|p2a: Chronostasis|85/100
|
|t:|1760307790
|switch|p1a: Breloom|Breloom, F|100/100|[from] U-turn
|
|upkeep
|turn|17
|
|t:|1760307796
|move|p2a: Chronostasis|Ice Spinner|p1a: Breloom
|-supereffective|p1a: Breloom
|-damage|p1a: Breloom|9/100
|move|p1a: Breloom|Bullet Seed|p2a: Chronostasis
|-supereffective|p2a: Chronostasis
|-crit|p2a: Chronostasis
|-damage|p2a: Chronostasis|20/100
|-supereffective|p2a: Chronostasis
|-damage|p2a: Chronostasis|0 fnt
|faint|p2a: Chronostasis
|-end|p2a: Chronostasis|Protosynthesis|[silent]
|-hitcount|p2: Chronostasis|2
|-damage|p1a: Breloom|0 fnt|[from] item: Life Orb
|faint|p1a: Breloom
|
|upkeep
|
|t:|1760307812
|switch|p2a: Bundled Dreams|Kyurem, shiny|100/100
|switch|p1a: Scizor|Scizor, M|75/100
|-ability|p2a: Bundled Dreams|Pressure
|turn|18
|
|t:|1760307823
|switch|p2a: Unite|Kingambit, M|100/100
|-activate|p2a: Unite|ability: Supreme Overlord
|-start|p2a: Unite|fallen3|[silent]
|move|p1a: Scizor|Bullet Punch|p2a: Unite
|-resisted|p2a: Unite
|-damage|p2a: Unite|89/100
|
|-heal|p2a: Unite|95/100|[from] item: Leftovers
|upkeep
|turn|19
|
|t:|1760307841
|-end|p2a: Unite|fallen3|[silent]
|switch|p2a: What is Wrong|Zapdos, tera:Fairy|90/100
|move|p1a: Scizor|U-turn|p2a: What is Wrong
|-resisted|p2a: What is Wrong
|-damage|p2a: What is Wrong|67/100
|-status|p1a: Scizor|par|[from] ability: Static|[of] p2a: What is Wrong
|
|t:|1760307844
|switch|p1a: Dragapult|Dragapult, F|91/100|[from] U-turn
|
|upkeep
|turn|20
|
|t:|1760307857
|move|p1a: Dragapult|Shadow Ball|p2a: What is Wrong
|-damage|p2a: What is Wrong|34/100
|-damage|p1a: Dragapult|81/100|[from] item: Life Orb
|move|p2a: What is Wrong|Tera Blast|p1a: Dragapult|[anim] Tera Blast Fairy
|-supereffective|p1a: Dragapult
|-crit|p1a: Dragapult
|-damage|p1a: Dragapult|0 fnt
|faint|p1a: Dragapult
|
|upkeep
|
|t:|1760307861
|switch|p1a: Scizor|Scizor, M|75/100 par
|turn|21
|c|☆magikarpsoup|gg
|c|☆john pork the 1st|gg
|
|t:|1760307870
|-terastallize|p1a: Scizor|Steel
|move|p1a: Scizor|Bullet Punch|p2a: What is Wrong
|-supereffective|p2a: What is Wrong
|-damage|p2a: What is Wrong|0 fnt
|faint|p2a: What is Wrong
|
|upkeep
|
|t:|1760307874
|switch|p2a: Unite|Kingambit, M|95/100
|-activate|p2a: Unite|ability: Supreme Overlord
|-start|p2a: Unite|fallen4|[silent]
|turn|22
|
|t:|1760307876
|move|p2a: Unite|Kowtow Cleave|p1a: Scizor
|-damage|p1a: Scizor|0 fnt
|faint|p1a: Scizor
|
|win|john pork the 1st
|raw|magikarpsoup's rating: 1686 &rarr; <strong>1665</strong><br />(-21 for losing)
|raw|john pork the 1st's rating: 1671 &rarr; <strong>1692</strong><br />(+21 for winning)
