|j|☆mulie
|j|☆ja hoi
|t:|1760450201
|gametype|singles
|player|p1|mulie|2|1435
|player|p2|ja hoi|169|1404
|gen|9
|tier|[Gen 9] OU
|rated|
|rule|HP Percentage Mod: HP is shown in percentages
|rule|Endless Battle Clause: Forcing endless battles is banned
|rule|Species Clause: Limit one of each Pokémon
|rule|OHKO Clause: OHKO moves are banned
|rule|Evasion Items Clause: Evasion items are banned
|rule|Evasion Moves Clause: Evasion moves are banned
|rule|Evasion Abilities Clause: Evasion abilities are banned
|rule|Sleep Moves Clause: Sleep-inducing moves are banned
|clearpoke
|poke|p1|Mabosstiff, M|
|poke|p1|Ribombee, M|
|poke|p1|Dragapult, F|
|poke|p1|Pecharunt|
|poke|p1|Heatran, F|
|poke|p1|Krookodile, F|
|poke|p2|Quaquaval, M|
|poke|p2|Iron Moth|
|poke|p2|Dragapult, F|
|poke|p2|Corviknight, F|
|poke|p2|Grimmsnarl, M|
|poke|p2|Garganacl, M|
|teampreview
|inactive|Battle timer is ON: inactive players will automatically lose when time's up. (requested by ja hoi)
|
|t:|1760450238
|teamsize|p1|6
|teamsize|p2|6
|start
|switch|p1a: Heatran|Heatran, F|100/100
|switch|p2a: Grimmsnarl|Grimmsnarl, M|100/100
|turn|1
|inactive|ja hoi has 120 seconds left.
|
|t:|1760450274
|move|p2a: Grimmsnarl|Taunt|p1a: Heatran
|-start|p1a: Heatran|move: Taunt
|move|p1a: Heatran|Flash Cannon|p2a: Grimmsnarl
|-supereffective|p2a: Grimmsnarl
|-damage|p2a: Grimmsnarl|39/100
|
|upkeep
|turn|2
|inactive|ja hoi has 120 seconds left.
|
|t:|1760450286
|move|p2a: Grimmsnarl|Light Screen|p2a: Grimmsnarl
|-sidestart|p2: ja hoi|move: Light Screen
|move|p1a: Heatran|Flash Cannon|p2a: Grimmsnarl
|-supereffective|p2a: Grimmsnarl
|-damage|p2a: Grimmsnarl|11/100
|
|upkeep
|turn|3
|inactive|ja hoi has 120 seconds left.
|
|t:|1760450298
|move|p2a: Grimmsnarl|Parting Shot|p1a: Heatran
|-unboost|p1a: Heatran|atk|1
|-unboost|p1a: Heatran|spa|1
|inactive|ja hoi has 120 seconds left.
|
|t:|1760450325
|switch|p2a: Garganacl|Garganacl, M|100/100|[from] Parting Shot
|move|p1a: Heatran|Flash Cannon|p2a: Garganacl
|-supereffective|p2a: Garganacl
|-damage|p2a: Garganacl|85/100
|
|-heal|p2a: Garganacl|91/100|[from] item: Leftovers
|-end|p1a: Heatran|move: Taunt
|upkeep
|turn|4
|
|t:|1760450333
|switch|p1a: Krookodile|Krookodile, F|100/100
|move|p2a: Garganacl|Salt Cure|p1a: Krookodile
|-resisted|p1a: Krookodile
|-damage|p1a: Krookodile|92/100
|-start|p1a: Krookodile|Salt Cure
|
|-heal|p2a: Garganacl|97/100|[from] item: Leftovers
|-damage|p1a: Krookodile|80/100|[from] Salt Cure
|upkeep
|turn|5
|
|t:|1760450343
|switch|p2a: Corviknight|Corviknight, F|100/100
|-ability|p2a: Corviknight|Pressure
|move|p1a: Krookodile|Hone Claws|p1a: Krookodile
|-boost|p1a: Krookodile|atk|1
|-boost|p1a: Krookodile|accuracy|1
|
|-damage|p1a: Krookodile|68/100|[from] Salt Cure
|upkeep
|turn|6
|
|t:|1760450366
|switch|p1a: Heatran|Heatran, F|100/100
|move|p2a: Corviknight|Brave Bird|p1a: Heatran
|-resisted|p1a: Heatran
|-damage|p1a: Heatran|80/100
|-status|p2a: Corviknight|brn|[from] ability: Flame Body|[of] p1a: Heatran
|-damage|p2a: Corviknight|94/100 brn|[from] Recoil
|
|-heal|p1a: Heatran|86/100|[from] item: Leftovers
|-damage|p2a: Corviknight|88/100 brn|[from] brn
|upkeep
|turn|7
|
|t:|1760450376
|move|p1a: Heatran|Stealth Rock|p2a: Corviknight
|-sidestart|p2: ja hoi|move: Stealth Rock
|move|p2a: Corviknight|U-turn|p1a: Heatran
|-resisted|p1a: Heatran
|-damage|p1a: Heatran|84/100
|inactive|ja hoi has 90 seconds left.
|
|t:|1760450402
|switch|p2a: Garganacl|Garganacl, M|97/100|[from] U-turn
|-damage|p2a: Garganacl|85/100|[from] Stealth Rock
|
|-heal|p1a: Heatran|90/100|[from] item: Leftovers
|-heal|p2a: Garganacl|91/100|[from] item: Leftovers
|upkeep
|turn|8
|
|t:|1760450420
|switch|p1a: Methanol|Mabosstiff, M|100/100
|move|p2a: Garganacl|Salt Cure|p1a: Methanol
|-damage|p1a: Methanol|84/100
|-start|p1a: Methanol|Salt Cure
|
|-heal|p2a: Garganacl|97/100|[from] item: Leftovers
|-damage|p1a: Methanol|72/100|[from] Salt Cure
|upkeep
|turn|9
|inactive|ja hoi has 90 seconds left.
|
|t:|1760450436
|move|p1a: Methanol|Crunch|p2a: Garganacl
|-crit|p2a: Garganacl
|-damage|p2a: Garganacl|30/100
|move|p2a: Garganacl|Body Press|p1a: Methanol
|-supereffective|p1a: Methanol
|-damage|p1a: Methanol|10/100
|
|-heal|p2a: Garganacl|37/100|[from] item: Leftovers
|-damage|p1a: Methanol|0 fnt|[from] Salt Cure
|faint|p1a: Methanol
|-sideend|p2: ja hoi|move: Light Screen
|upkeep
|
|t:|1760450447
|switch|p1a: Krookodile|Krookodile, F|68/100
|turn|10
|inactive|ja hoi has 90 seconds left.
|inactive|ja hoi has 60 seconds left.
|
|t:|1760450483
|switch|p1a: Heatran|Heatran, F|90/100
|move|p2a: Garganacl|Recover|p2a: Garganacl
|-heal|p2a: Garganacl|87/100
|
|-heal|p1a: Heatran|96/100|[from] item: Leftovers
|-heal|p2a: Garganacl|93/100|[from] item: Leftovers
|upkeep
|turn|11
|
|t:|1760450492
|move|p1a: Heatran|Flash Cannon|p2a: Garganacl
|-supereffective|p2a: Garganacl
|-damage|p2a: Garganacl|47/100
|-unboost|p2a: Garganacl|spd|1
|move|p2a: Garganacl|Salt Cure|p1a: Heatran
|-damage|p1a: Heatran|85/100
|-start|p1a: Heatran|Salt Cure
|
|-heal|p1a: Heatran|91/100|[from] item: Leftovers
|-heal|p2a: Garganacl|53/100|[from] item: Leftovers
|-damage|p1a: Heatran|67/100|[from] Salt Cure
|upkeep
|turn|12
|j| Pikmin 13
|inactive|ja hoi has 60 seconds left.
|
|t:|1760450515
|switch|p1a: Krookodile|Krookodile, F|68/100
|switch|p2a: Corviknight|Corviknight, F|88/100 brn
|-damage|p2a: Corviknight|75/100 brn|[from] Stealth Rock
|-ability|p2a: Corviknight|Pressure
|
|-damage|p2a: Corviknight|69/100 brn|[from] brn
|upkeep
|turn|13
|inactive|ja hoi has 60 seconds left.
|
|t:|1760450532
|switch|p1a: Pecharunt|Pecharunt|100/100
|move|p2a: Corviknight|U-turn|p1a: Pecharunt
|-resisted|p1a: Pecharunt
|-damage|p1a: Pecharunt|99/100
|inactive|ja hoi has 60 seconds left.
|
|t:|1760450550
|switch|p2a: Grimmsnarl|Grimmsnarl, M|11/100|[from] U-turn
|-damage|p2a: Grimmsnarl|0 fnt|[from] Stealth Rock
|faint|p2a: Grimmsnarl
|
|-heal|p1a: Pecharunt|100/100|[from] item: Leftovers
|upkeep
|
|t:|1760450557
|switch|p2a: Iron Moth|Iron Moth|100/100
|-damage|p2a: Iron Moth|76/100|[from] Stealth Rock
|-enditem|p2a: Iron Moth|Booster Energy
|-activate|p2a: Iron Moth|ability: Quark Drive|[fromitem]
|-start|p2a: Iron Moth|quarkdrivespa
|turn|14
|
|t:|1760450564
|move|p2a: Iron Moth|Fiery Dance|p1a: Pecharunt
|-damage|p1a: Pecharunt|33/100
|-boost|p2a: Iron Moth|spa|1
|move|p1a: Pecharunt|Parting Shot|p2a: Iron Moth
|-unboost|p2a: Iron Moth|atk|1
|-unboost|p2a: Iron Moth|spa|1
|
|t:|1760450578
|switch|p1a: Heatran|Heatran, F|67/100|[from] Parting Shot
|
|-heal|p1a: Heatran|73/100|[from] item: Leftovers
|upkeep
|turn|15
|inactive|ja hoi has 60 seconds left.
|
|t:|1760450602
|-end|p2a: Iron Moth|Quark Drive|[silent]
|switch|p2a: Corviknight|Corviknight, F|69/100 brn
|-damage|p2a: Corviknight|57/100 brn|[from] Stealth Rock
|-ability|p2a: Corviknight|Pressure
|move|p1a: Heatran|Earth Power|p2a: Corviknight
|-immune|p2a: Corviknight
|
|-heal|p1a: Heatran|79/100|[from] item: Leftovers
|-damage|p2a: Corviknight|51/100 brn|[from] brn
|upkeep
|turn|16
|
|t:|1760450613
|move|p1a: Heatran|Flamethrower|p2a: Corviknight
|-supereffective|p2a: Corviknight
|-damage|p2a: Corviknight|0 fnt
|faint|p2a: Corviknight
|
|-heal|p1a: Heatran|85/100|[from] item: Leftovers
|upkeep
|
|t:|1760450622
|switch|p2a: Quaquaval|Quaquaval, M|100/100
|-damage|p2a: Quaquaval|94/100|[from] Stealth Rock
|turn|17
|
|t:|1760450635
|switch|p1a: Pecharunt|Pecharunt|33/100
|move|p2a: Quaquaval|Aqua Step|p1a: Pecharunt
|-damage|p1a: Pecharunt|12/100
|-boost|p2a: Quaquaval|spe|1
|
|-heal|p1a: Pecharunt|18/100|[from] item: Leftovers
|upkeep
|turn|18
|inactive|ja hoi has 60 seconds left.
|
|t:|1760450645
|move|p2a: Quaquaval|Aqua Step|p1a: Pecharunt
|-damage|p1a: Pecharunt|0 fnt
|-boost|p2a: Quaquaval|spe|1
|faint|p1a: Pecharunt
|-ability|p2a: Quaquaval|Moxie|boost
|-boost|p2a: Quaquaval|atk|1
|
|upkeep
|
|t:|1760450650
|switch|p1a: Ribombee|Ribombee, M|100/100
|turn|19
|
|t:|1760450655
|-terastallize|p2a: Quaquaval|Water
|move|p2a: Quaquaval|Aqua Step|p1a: Ribombee
|-enditem|p1a: Ribombee|Focus Sash
|-damage|p1a: Ribombee|1/100
|-boost|p2a: Quaquaval|spe|1
|move|p1a: Ribombee|Stun Spore|p2a: Quaquaval
|-status|p2a: Quaquaval|par
|
|upkeep
|turn|20
|
|t:|1760450666
|move|p1a: Ribombee|Moonblast|p2a: Quaquaval
|-damage|p2a: Quaquaval|34/100 par
|move|p2a: Quaquaval|Aqua Step|p1a: Ribombee
|-damage|p1a: Ribombee|0 fnt
|-boost|p2a: Quaquaval|spe|1
|faint|p1a: Ribombee
|-ability|p2a: Quaquaval|Moxie|boost
|-boost|p2a: Quaquaval|atk|1
|
|upkeep
|c|☆ja hoi|huh
|
|t:|1760450672
|switch|p1a: Dragapult|Dragapult, F|100/100
|turn|21
|c|☆ja hoi|why were you faster there
|c|☆ja hoi|i dont get it
|
|t:|1760450685
|move|p2a: Quaquaval|Ice Spinner|p1a: Dragapult
|-supereffective|p1a: Dragapult
|-damage|p1a: Dragapult|0 fnt
|faint|p1a: Dragapult
|-ability|p2a: Quaquaval|Moxie|boost
|-boost|p2a: Quaquaval|atk|1
|
|upkeep
|
|t:|1760450691
|switch|p1a: Heatran|Heatran, F|85/100
|turn|22
|c|☆ja hoi|if i didnt misread my speed was higher than your max stat?
|inactive|ja hoi has 90 seconds left.
|
|t:|1760450702
|-terastallize|p1a: Heatran|Flying
|move|p2a: Quaquaval|Close Combat|p1a: Heatran
|-resisted|p1a: Heatran
|-damage|p1a: Heatran|27/100
|-unboost|p2a: Quaquaval|def|1
|-unboost|p2a: Quaquaval|spd|1
|move|p1a: Heatran|Earth Power|p2a: Quaquaval
|-damage|p2a: Quaquaval|0 fnt
|faint|p2a: Quaquaval
|
|-heal|p1a: Heatran|34/100|[from] item: Leftovers
|upkeep
|c|☆ja hoi|gj
|
|t:|1760450714
|switch|p2a: Iron Moth|Iron Moth|76/100
|-damage|p2a: Iron Moth|51/100|[from] Stealth Rock
|turn|23
|
|t:|1760450720
|move|p2a: Iron Moth|Sludge Wave|p1a: Heatran
|-damage|p1a: Heatran|0 fnt
|faint|p1a: Heatran
|
|upkeep
|
|t:|1760450723
|switch|p1a: Krookodile|Krookodile, F|68/100
|turn|24
|
|t:|1760450729
|move|p2a: Iron Moth|Energy Ball|p1a: Krookodile
|-supereffective|p1a: Krookodile
|-damage|p1a: Krookodile|0 fnt
|faint|p1a: Krookodile
|
|win|ja hoi
|raw|mulie's rating: 1435 &rarr; <strong>1413</strong><br />(-22 for losing)
|raw|ja hoi's rating: 1404 &rarr; <strong>1426</strong><br />(+22 for winning)
|l|☆mulie
|player|p1|
|c|☆ja hoi|gg
|l|☆ja hoi
|player|p2|
|l| Pikmin 13
