|j|☆antzinmypantz
|j|☆NoFishNoLife
|t:|1760405631
|gametype|singles
|player|p1|antzinmypantz|2|1168
|player|p2|NoFishNoLife|fisherman-gen4|1232
|gen|9
|tier|[Gen 9] OU
|rated|
|rule|HP Percentage Mod: HP is shown in percentages
|rule|Endless Battle Clause: Forcing endless battles is banned
|rule|Species Clause: Limit one of each Pokémon
|rule|OHKO Clause: OHKO moves are banned
|rule|Evasion Items Clause: Evasion items are banned
|rule|Evasion Moves Clause: Evasion moves are banned
|rule|Evasion Abilities Clause: Evasion abilities are banned
|rule|Sleep Moves Clause: Sleep-inducing moves are banned
|clearpoke
|poke|p1|Rillaboom, F|
|poke|p1|Passimian, M|
|poke|p1|Zebstrika, M|
|poke|p1|Vaporeon, F|
|poke|p1|Malamar, F|
|poke|p1|Clefable, F|
|poke|p2|Volcanion|
|poke|p2|Rabsca, F|
|poke|p2|Ditto|
|poke|p2|Clefable, F|
|poke|p2|Hoopa-Unbound|
|poke|p2|Cloyster, M|
|teampreview
|inactive|Battle timer is ON: inactive players will automatically lose when time's up. (requested by NoFishNoLife)
|
|t:|1760405642
|teamsize|p1|6
|teamsize|p2|6
|start
|switch|p1a: Zebstrika|Zebstrika, M|100/100
|switch|p2a: Fish|Volcanion|100/100
|turn|1
|
|t:|1760405649
|move|p1a: Zebstrika|Volt Switch|p2a: Fish
|-supereffective|p2a: Fish
|-damage|p2a: Fish|39/100
|
|t:|1760405652
|switch|p1a: Vaporeon|Vaporeon, F|100/100|[from] Volt Switch
|move|p2a: Fish|Steam Eruption|p1a: Vaporeon
|-immune|p1a: Vaporeon|[from] ability: Water Absorb
|
|upkeep
|turn|2
|
|t:|1760405659
|move|p1a: Vaporeon|Wish|p1a: Vaporeon
|move|p2a: Fish|Sludge Bomb|p1a: Vaporeon
|-damage|p1a: Vaporeon|75/100
|
|-heal|p1a: Vaporeon|81/100|[from] item: Leftovers
|upkeep
|turn|3
|
|t:|1760405669
|switch|p1a: Zebstrika|Zebstrika, M|100/100
|move|p2a: Fish|Sludge Bomb|p1a: Zebstrika
|-damage|p1a: Zebstrika|41/100
|-status|p1a: Zebstrika|psn
|
|-heal|p1a: Zebstrika|100/100 psn|[from] move: Wish|[wisher] Vaporeon
|-damage|p1a: Zebstrika|88/100 psn|[from] psn
|upkeep
|turn|4
|
|t:|1760405681
|switch|p2a: Blessiy|Clefable, F, shiny|100/100
|move|p1a: Zebstrika|High Horsepower|p2a: Blessiy
|-damage|p2a: Blessiy|84/100
|
|-heal|p2a: Blessiy|90/100|[from] item: Leftovers
|-damage|p1a: Zebstrika|76/100 psn|[from] psn
|upkeep
|turn|5
|
|t:|1760405687
|move|p1a: Zebstrika|Volt Switch|p2a: Blessiy
|-damage|p2a: Blessiy|64/100
|
|t:|1760405691
|switch|p1a: Clefable|Clefable, F|100/100|[from] Volt Switch
|move|p2a: Blessiy|Cosmic Power|p2a: Blessiy
|-boost|p2a: Blessiy|def|1
|-boost|p2a: Blessiy|spd|1
|
|-heal|p2a: Blessiy|70/100|[from] item: Leftovers
|upkeep
|turn|6
|
|t:|1760405696
|switch|p1a: Malamar|Malamar, F|100/100
|move|p2a: Blessiy|Cosmic Power|p2a: Blessiy
|-boost|p2a: Blessiy|def|1
|-boost|p2a: Blessiy|spd|1
|
|-heal|p2a: Blessiy|76/100|[from] item: Leftovers
|upkeep
|turn|7
|
|t:|1760405705
|move|p1a: Malamar|Switcheroo|p2a: Blessiy
|-activate|p1a: Malamar|move: Trick|[of] p2a: Blessiy
|-item|p2a: Blessiy|Choice Scarf|[from] move: Switcheroo
|-item|p1a: Malamar|Leftovers|[from] move: Switcheroo
|move|p2a: Blessiy|Cosmic Power|p2a: Blessiy
|-boost|p2a: Blessiy|def|1
|-boost|p2a: Blessiy|spd|1
|
|upkeep
|turn|8
|
|t:|1760405719
|switch|p2a: Cloyster|Cloyster, M|100/100
|move|p1a: Malamar|Superpower|p2a: Cloyster
|-supereffective|p2a: Cloyster
|-damage|p2a: Cloyster|50/100
|-boost|p1a: Malamar|atk|1
|-boost|p1a: Malamar|def|1
|
|upkeep
|turn|9
|
|t:|1760405732
|move|p1a: Malamar|Knock Off|p2a: Cloyster
|-damage|p2a: Cloyster|0 fnt
|-enditem|p2a: Cloyster|Scope Lens|[from] move: Knock Off|[of] p1a: Malamar
|faint|p2a: Cloyster
|
|upkeep
|
|t:|1760405740
|switch|p2a: Blessiy|Clefable, F, shiny|76/100
|turn|10
|
|t:|1760405746
|switch|p1a: Vaporeon|Vaporeon, F|81/100
|move|p2a: Blessiy|Charge Beam|p1a: Vaporeon
|-supereffective|p1a: Vaporeon
|-damage|p1a: Vaporeon|65/100
|
|-heal|p1a: Vaporeon|71/100|[from] item: Leftovers
|upkeep
|turn|11
|
|t:|1760405756
|switch|p1a: Zebstrika|Zebstrika, M|76/100 psn
|move|p2a: Blessiy|Charge Beam|p1a: Zebstrika
|-ability|p1a: Zebstrika|Motor Drive|boost
|-boost|p1a: Zebstrika|spe|1
|
|-damage|p1a: Zebstrika|63/100 psn|[from] psn
|upkeep
|turn|12
|
|t:|1760405768
|move|p1a: Zebstrika|Volt Switch|p2a: Blessiy
|-crit|p2a: Blessiy
|-damage|p2a: Blessiy|38/100
|
|t:|1760405775
|switch|p1a: Clefable|Clefable, F|100/100|[from] Volt Switch
|move|p2a: Blessiy|Charge Beam|p1a: Clefable
|-damage|p1a: Clefable|93/100
|-boost|p2a: Blessiy|spa|1
|
|-heal|p1a: Clefable|99/100|[from] item: Leftovers
|upkeep
|turn|13
|
|t:|1760405781
|move|p2a: Blessiy|Charge Beam|p1a: Clefable
|-damage|p1a: Clefable|88/100
|-boost|p2a: Blessiy|spa|1
|move|p1a: Clefable|Stealth Rock|p2a: Blessiy
|-sidestart|p2: NoFishNoLife|move: Stealth Rock
|
|-heal|p1a: Clefable|94/100|[from] item: Leftovers
|upkeep
|turn|14
|
|t:|1760405784
|move|p2a: Blessiy|Charge Beam|p1a: Clefable
|-damage|p1a: Clefable|80/100
|move|p1a: Clefable|Moonblast|p2a: Blessiy
|-damage|p2a: Blessiy|6/100
|
|-heal|p1a: Clefable|86/100|[from] item: Leftovers
|upkeep
|turn|15
|
|t:|1760405790
|move|p2a: Blessiy|Charge Beam|p1a: Clefable
|-damage|p1a: Clefable|72/100
|-boost|p2a: Blessiy|spa|1
|move|p1a: Clefable|Moonblast|p2a: Blessiy
|-damage|p2a: Blessiy|0 fnt
|faint|p2a: Blessiy
|
|-heal|p1a: Clefable|78/100|[from] item: Leftovers
|upkeep
|
|t:|1760405793
|switch|p2a: ._.|Ditto|100/100
|-damage|p2a: ._.|88/100|[from] Stealth Rock
|-transform|p2a: ._.|p1a: Clefable|[from] ability: Imposter
|turn|16
|
|t:|1760405801
|move|p2a: ._.|Stealth Rock|p1a: Clefable
|-sidestart|p1: antzinmypantz|move: Stealth Rock
|move|p1a: Clefable|Thunder Wave|p2a: ._.
|-status|p2a: ._.|par
|
|-heal|p1a: Clefable|84/100|[from] item: Leftovers
|upkeep
|turn|17
|
|t:|1760405814
|switch|p2a: Pokemon center|Rabsca, F|100/100
|-damage|p2a: Pokemon center|76/100|[from] Stealth Rock
|move|p1a: Clefable|Moonblast|p2a: Pokemon center
|-damage|p2a: Pokemon center|52/100
|-unboost|p2a: Pokemon center|spa|1
|
|-heal|p1a: Clefable|90/100|[from] item: Leftovers
|-heal|p2a: Pokemon center|58/100|[from] item: Leftovers
|upkeep
|turn|18
|
|t:|1760405822
|move|p1a: Clefable|Thunder Wave|p2a: Pokemon center
|-status|p2a: Pokemon center|par
|-activate|p2a: Pokemon center|ability: Synchronize
|-status|p1a: Clefable|par
|move|p2a: Pokemon center|Revival Blessing|p2a: Pokemon center
|
|t:|1760405827
|-heal|p2: Cloyster|50/100|[from] move: Revival Blessing
|
|-heal|p1a: Clefable|96/100 par|[from] item: Leftovers
|-heal|p2a: Pokemon center|64/100 par|[from] item: Leftovers
|upkeep
|turn|19
|
|t:|1760405833
|move|p1a: Clefable|Moonblast|p2a: Pokemon center
|-damage|p2a: Pokemon center|41/100 par
|-unboost|p2a: Pokemon center|spa|1
|move|p2a: Pokemon center|Rest|p2a: Pokemon center
|-status|p2a: Pokemon center|slp|[from] move: Rest
|-heal|p2a: Pokemon center|100/100 slp|[silent]
|
|-heal|p1a: Clefable|100/100 par|[from] item: Leftovers
|upkeep
|turn|20
|
|t:|1760405846
|switch|p1a: Passimian|Passimian, M|100/100
|-damage|p1a: Passimian|94/100|[from] Stealth Rock
|cant|p2a: Pokemon center|slp
|move|p2a: Pokemon center|Sleep Talk|p2a: Pokemon center
|move|p2a: Pokemon center|Rest||[from] move: Sleep Talk|[still]
|-fail|p2a: Pokemon center
|
|upkeep
|turn|21
|
|t:|1760405873
|switch|p2a: Fish|Volcanion|39/100
|-damage|p2a: Fish|14/100|[from] Stealth Rock
|move|p1a: Passimian|Bulk Up|p1a: Passimian
|-boost|p1a: Passimian|atk|1
|-boost|p1a: Passimian|def|1
|
|upkeep
|turn|22
|
|t:|1760405879
|move|p1a: Passimian|Knock Off|p2a: Fish
|-crit|p2a: Fish
|-damage|p2a: Fish|0 fnt
|-enditem|p2a: Fish|Zoom Lens|[from] move: Knock Off|[of] p1a: Passimian
|faint|p2a: Fish
|
|upkeep
|
|t:|1760405892
|switch|p2a: ._.|Ditto|88/100 par
|-damage|p2a: ._.|76/100 par|[from] Stealth Rock
|-transform|p2a: ._.|p1a: Passimian|[from] ability: Imposter
|turn|23
|
|t:|1760405897
|move|p1a: Passimian|Close Combat|p2a: ._.
|-damage|p2a: ._.|6/100 par
|-unboost|p1a: Passimian|def|1
|-unboost|p1a: Passimian|spd|1
|move|p2a: ._.|Close Combat|p1a: Passimian
|-damage|p1a: Passimian|0 fnt
|-unboost|p2a: ._.|def|1
|-unboost|p2a: ._.|spd|1
|faint|p1a: Passimian
|
|upkeep
|
|t:|1760405909
|switch|p1a: Malamar|Malamar, F|100/100
|-damage|p1a: Malamar|88/100|[from] Stealth Rock
|turn|24
|
|t:|1760405913
|move|p1a: Malamar|Knock Off|p2a: ._.
|-resisted|p2a: ._.
|-damage|p2a: ._.|0 fnt
|-enditem|p2a: ._.|Choice Scarf|[from] move: Knock Off|[of] p1a: Malamar
|faint|p2a: ._.
|
|-heal|p1a: Malamar|94/100|[from] item: Leftovers
|upkeep
|
|t:|1760405927
|switch|p2a: Pokemon center|Rabsca, F|100/100 slp
|-damage|p2a: Pokemon center|76/100 slp|[from] Stealth Rock
|turn|25
|
|t:|1760405931
|-terastallize|p2a: Pokemon center|Normal
|move|p1a: Malamar|Knock Off|p2a: Pokemon center
|-damage|p2a: Pokemon center|28/100 slp
|-enditem|p2a: Pokemon center|Leftovers|[from] move: Knock Off|[of] p1a: Malamar
|cant|p2a: Pokemon center|slp
|move|p2a: Pokemon center|Sleep Talk|p2a: Pokemon center
|move|p2a: Pokemon center|Rest||[from] move: Sleep Talk|[still]
|-fail|p2a: Pokemon center
|
|-heal|p1a: Malamar|99/100|[from] item: Leftovers
|upkeep
|turn|26
|
|t:|1760405942
|move|p1a: Malamar|Superpower|p2a: Pokemon center
|-supereffective|p2a: Pokemon center
|-damage|p2a: Pokemon center|0 fnt
|-boost|p1a: Malamar|atk|1
|-boost|p1a: Malamar|def|1
|faint|p2a: Pokemon center
|
|-heal|p1a: Malamar|100/100|[from] item: Leftovers
|upkeep
|
|t:|1760405948
|switch|p2a: Hoopa|Hoopa-Unbound|100/100
|-damage|p2a: Hoopa|88/100|[from] Stealth Rock
|turn|27
|
|t:|1760405956
|move|p2a: Hoopa|Destiny Bond|p2a: Hoopa
|-singlemove|p2a: Hoopa|Destiny Bond
|move|p1a: Malamar|Superpower|p2a: Hoopa
|-damage|p2a: Hoopa|10/100
|-boost|p1a: Malamar|atk|1
|-boost|p1a: Malamar|def|1
|
|upkeep
|turn|28
|-message|NoFishNoLife forfeited.
|
|win|antzinmypantz
|raw|antzinmypantz's rating: 1168 &rarr; <strong>1198</strong><br />(+30 for winning)
|raw|NoFishNoLife's rating: 1232 &rarr; <strong>1202</strong><br />(-30 for losing)
|l|☆NoFishNoLife
|player|p2|
|l|☆antzinmypantz
|player|p1|
