|j|☆Bluelamentation
|j|☆Ao_Blue_Poison
|t:|1760392083
|gametype|singles
|player|p1|Bluelamentation|giovanni|1360
|player|p2|Ao_Blue_Poison|iono|1392
|gen|9
|tier|[Gen 9] OU
|rated|
|rule|HP Percentage Mod: HP is shown in percentages
|rule|Endless Battle Clause: Forcing endless battles is banned
|rule|Species Clause: Limit one of each Pokémon
|rule|OHKO Clause: OHKO moves are banned
|rule|Evasion Items Clause: Evasion items are banned
|rule|Evasion Moves Clause: Evasion moves are banned
|rule|Evasion Abilities Clause: Evasion abilities are banned
|rule|Sleep Moves Clause: Sleep-inducing moves are banned
|clearpoke
|poke|p1|Talonflame, F|
|poke|p1|Iron Crown|
|poke|p1|Keldeo-Resolute|
|poke|p1|Garganacl, F|
|poke|p1|Pecharunt|
|poke|p1|Rotom-Mow|
|poke|p2|Quaquaval, F|
|poke|p2|Blaziken, M|
|poke|p2|Corviknight, F|
|poke|p2|Iron Crown|
|poke|p2|Rillaboom, F|
|poke|p2|Garganacl, M|
|teampreview
|inactive|Battle timer is ON: inactive players will automatically lose when time's up. (requested by Ao_Blue_Poison)
|
|t:|1760392098
|teamsize|p1|6
|teamsize|p2|6
|start
|switch|p1a: Keldeo|Keldeo-Resolute|100/100
|switch|p2a: Temple|Garganacl, M, shiny|100/100
|turn|1
|
|t:|1760392102
|switch|p2a: Percussion|Rillaboom, F, shiny|100/100
|-fieldstart|move: Grassy Terrain|[from] ability: Grassy Surge|[of] p2a: Percussion
|move|p1a: Keldeo|Surf|p2a: Percussion
|-resisted|p2a: Percussion
|-damage|p2a: Percussion|79/100
|
|-heal|p2a: Percussion|86/100|[from] Grassy Terrain
|upkeep
|turn|2
|
|t:|1760392105
|switch|p1a: Pecharunt|Pecharunt|100/100
|move|p2a: Percussion|Drum Beating|p1a: Pecharunt
|-resisted|p1a: Pecharunt
|-damage|p1a: Pecharunt|89/100
|-unboost|p1a: Pecharunt|spe|1
|
|-heal|p2a: Percussion|92/100|[from] Grassy Terrain
|-heal|p1a: Pecharunt|95/100|[from] Grassy Terrain
|upkeep
|turn|3
|
|t:|1760392109
|move|p2a: Percussion|U-turn|p1a: Pecharunt
|-resisted|p1a: Pecharunt
|-crit|p1a: Pecharunt
|-damage|p1a: Pecharunt|90/100
|
|t:|1760392111
|switch|p2a: Temple|Garganacl, M, shiny|100/100|[from] U-turn
|move|p1a: Pecharunt|Parting Shot|p2a: Temple
|-unboost|p2a: Temple|atk|1
|-unboost|p2a: Temple|spa|1
|
|t:|1760392113
|switch|p1a: Keldeo|Keldeo-Resolute|100/100|[from] Parting Shot
|
|upkeep
|turn|4
|
|t:|1760392119
|switch|p2a: Tachyon|Iron Crown|100/100
|-enditem|p2a: Tachyon|Booster Energy
|-activate|p2a: Tachyon|ability: Quark Drive|[fromitem]
|-start|p2a: Tachyon|quarkdrivespa
|-terastallize|p1a: Keldeo|Ice
|move|p1a: Keldeo|Icy Wind|p2a: Tachyon
|-resisted|p2a: Tachyon
|-damage|p2a: Tachyon|83/100
|-unboost|p2a: Tachyon|spe|1
|
|-heal|p2a: Tachyon|89/100|[from] Grassy Terrain
|upkeep
|turn|5
|
|t:|1760392125
|switch|p1a: Iron Crown|Iron Crown|100/100
|move|p2a: Tachyon|Tachyon Cutter|p1a: Iron Crown
|-resisted|p1a: Iron Crown
|-damage|p1a: Iron Crown|90/100
|-resisted|p1a: Iron Crown
|-damage|p1a: Iron Crown|80/100
|-hitcount|p1a: Iron Crown|2
|
|-heal|p1a: Iron Crown|86/100|[from] Grassy Terrain
|-heal|p2a: Tachyon|95/100|[from] Grassy Terrain
|-fieldend|move: Grassy Terrain
|upkeep
|turn|6
|
|t:|1760392127
|move|p1a: Iron Crown|Volt Switch|p2a: Tachyon
|-damage|p2a: Tachyon|71/100
|
|t:|1760392132
|-end|p1a: Iron Crown|Quark Drive|[silent]
|switch|p1a: Rotom|Rotom-Mow|100/100|[from] Volt Switch
|move|p2a: Tachyon|Volt Switch|p1a: Rotom
|-resisted|p1a: Rotom
|-damage|p1a: Rotom|93/100
|
|t:|1760392138
|-end|p2a: Tachyon|Quark Drive|[silent]
|switch|p2a: Percussion|Rillaboom, F, shiny|92/100|[from] Volt Switch
|-fieldstart|move: Grassy Terrain|[from] ability: Grassy Surge|[of] p2a: Percussion
|
|-heal|p2a: Percussion|98/100|[from] Grassy Terrain
|upkeep
|turn|7
|
|t:|1760392141
|move|p1a: Rotom|Will-O-Wisp|p2a: Percussion|[miss]
|-miss|p1a: Rotom|p2a: Percussion
|move|p2a: Percussion|U-turn|p1a: Rotom
|-supereffective|p1a: Rotom
|-damage|p1a: Rotom|39/100
|
|t:|1760392143
|switch|p2a: Axel|Blaziken, M, shiny|100/100|[from] U-turn
|
|upkeep
|turn|8
|
|t:|1760392149
|switch|p1a: Pecharunt|Pecharunt|90/100
|move|p2a: Axel|Flamethrower|p1a: Pecharunt
|-damage|p1a: Pecharunt|47/100
|
|-heal|p1a: Pecharunt|53/100|[from] Grassy Terrain
|-ability|p2a: Axel|Speed Boost|boost
|-boost|p2a: Axel|spe|1
|upkeep
|turn|9
|
|t:|1760392156
|move|p2a: Axel|Protect|p2a: Axel
|-singleturn|p2a: Axel|Protect
|move|p1a: Pecharunt|Malignant Chain|p2a: Axel
|-activate|p2a: Axel|move: Protect
|
|-heal|p1a: Pecharunt|59/100|[from] Grassy Terrain
|-ability|p2a: Axel|Speed Boost|boost
|-boost|p2a: Axel|spe|1
|upkeep
|turn|10
|
|t:|1760392161
|switch|p2a: Tachyon|Iron Crown|71/100
|move|p1a: Pecharunt|Parting Shot|p2a: Tachyon
|-unboost|p2a: Tachyon|atk|1
|-unboost|p2a: Tachyon|spa|1
|
|t:|1760392170
|switch|p1a: Keldeo|Keldeo-Resolute, tera:Ice|100/100|[from] Parting Shot
|
|-heal|p2a: Tachyon|77/100|[from] Grassy Terrain
|-fieldend|move: Grassy Terrain
|upkeep
|turn|11
|
|t:|1760392174
|move|p1a: Keldeo|Flip Turn|p2a: Tachyon
|-damage|p2a: Tachyon|62/100
|
|t:|1760392177
|switch|p1a: Iron Crown|Iron Crown|86/100|[from] Flip Turn
|move|p2a: Tachyon|Tachyon Cutter|p1a: Iron Crown
|-resisted|p1a: Iron Crown
|-damage|p1a: Iron Crown|81/100
|-resisted|p1a: Iron Crown
|-damage|p1a: Iron Crown|76/100
|-hitcount|p1a: Iron Crown|2
|
|upkeep
|turn|12
|
|t:|1760392179
|move|p1a: Iron Crown|Volt Switch|p2a: Tachyon
|-damage|p2a: Tachyon|38/100
|
|t:|1760392184
|-end|p1a: Iron Crown|Quark Drive|[silent]
|switch|p1a: Talonflame|Talonflame, F|100/100|[from] Volt Switch
|move|p2a: Tachyon|Volt Switch|p1a: Talonflame
|-supereffective|p1a: Talonflame
|-damage|p1a: Talonflame|60/100
|
|t:|1760392188
|-end|p2a: Tachyon|Quark Drive|[silent]
|switch|p2a: Temple|Garganacl, M, shiny|100/100|[from] Volt Switch
|
|upkeep
|turn|13
|
|t:|1760392193
|move|p1a: Talonflame|Roost|p1a: Talonflame
|-heal|p1a: Talonflame|100/100
|-singleturn|p1a: Talonflame|move: Roost
|move|p2a: Temple|Salt Cure|p1a: Talonflame
|-supereffective|p1a: Talonflame
|-damage|p1a: Talonflame|65/100
|-start|p1a: Talonflame|Salt Cure
|
|-damage|p1a: Talonflame|52/100|[from] Salt Cure
|upkeep
|turn|14
|
|t:|1760392196
|switch|p1a: Rotom|Rotom-Mow|39/100
|move|p2a: Temple|Salt Cure|p1a: Rotom
|-damage|p1a: Rotom|25/100
|-start|p1a: Rotom|Salt Cure
|
|-damage|p1a: Rotom|13/100|[from] Salt Cure
|upkeep
|turn|15
|
|t:|1760392206
|switch|p2a: Percussion|Rillaboom, F, shiny|98/100
|-fieldstart|move: Grassy Terrain|[from] ability: Grassy Surge|[of] p2a: Percussion
|move|p1a: Rotom|Trick|p2a: Percussion
|-activate|p1a: Rotom|move: Trick|[of] p2a: Percussion
|-item|p2a: Percussion|Choice Scarf|[from] move: Trick
|-item|p1a: Rotom|Assault Vest|[from] move: Trick
|
|-heal|p2a: Percussion|100/100|[from] Grassy Terrain
|-damage|p1a: Rotom|0 fnt|[from] Salt Cure
|faint|p1a: Rotom
|upkeep
|
|t:|1760392215
|switch|p1a: Talonflame|Talonflame, F|52/100
|turn|16
|
|t:|1760392220
|move|p2a: Percussion|Knock Off|p1a: Talonflame
|-damage|p1a: Talonflame|14/100
|-enditem|p1a: Talonflame|Heavy-Duty Boots|[from] move: Knock Off|[of] p2a: Percussion
|move|p1a: Talonflame|Roost|p1a: Talonflame
|-heal|p1a: Talonflame|64/100
|-singleturn|p1a: Talonflame|move: Roost
|
|-heal|p1a: Talonflame|70/100|[from] Grassy Terrain
|upkeep
|turn|17
|
|t:|1760392224
|switch|p2a: Temple|Garganacl, M, shiny|100/100
|move|p1a: Talonflame|Roost|p1a: Talonflame
|-heal|p1a: Talonflame|100/100
|-singleturn|p1a: Talonflame|move: Roost
|
|upkeep
|turn|18
|
|t:|1760392234
|switch|p1a: Iron Crown|Iron Crown|76/100
|move|p2a: Temple|Salt Cure|p1a: Iron Crown
|-resisted|p1a: Iron Crown
|-damage|p1a: Iron Crown|68/100
|-start|p1a: Iron Crown|Salt Cure
|
|-heal|p1a: Iron Crown|74/100|[from] Grassy Terrain
|-damage|p1a: Iron Crown|50/100|[from] Salt Cure
|upkeep
|turn|19
|
|t:|1760392242
|switch|p2a: Tachyon|Iron Crown|38/100
|move|p1a: Iron Crown|Future Sight|p2a: Tachyon
|-start|p1a: Iron Crown|move: Future Sight
|
|-heal|p1a: Iron Crown|56/100|[from] Grassy Terrain
|-heal|p2a: Tachyon|44/100|[from] Grassy Terrain
|-damage|p1a: Iron Crown|31/100|[from] Salt Cure
|-fieldend|move: Grassy Terrain
|upkeep
|turn|20
|
|t:|1760392246
|move|p2a: Tachyon|Tachyon Cutter|p1a: Iron Crown
|-resisted|p1a: Iron Crown
|-damage|p1a: Iron Crown|23/100
|-resisted|p1a: Iron Crown
|-damage|p1a: Iron Crown|14/100
|-hitcount|p1a: Iron Crown|2
|move|p1a: Iron Crown|Volt Switch|p2a: Tachyon
|-damage|p2a: Tachyon|22/100
|
|t:|1760392251
|-end|p1a: Iron Crown|Quark Drive|[silent]
|switch|p1a: Keldeo|Keldeo-Resolute, tera:Ice|100/100|[from] Volt Switch
|
|upkeep
|turn|21
|
|t:|1760392256
|move|p1a: Keldeo|Secret Sword|p2a: Tachyon
|-damage|p2a: Tachyon|0 fnt
|faint|p2a: Tachyon
|-end|p2a: Tachyon|Quark Drive|[silent]
|
|-hint|Future Sight did not hit because the target is fainted.
|upkeep
|
|t:|1760392267
|switch|p2a: Percussion|Rillaboom, F, shiny|100/100
|-fieldstart|move: Grassy Terrain|[from] ability: Grassy Surge|[of] p2a: Percussion
|turn|22
|
|t:|1760392271
|switch|p1a: Talonflame|Talonflame, F|100/100
|move|p2a: Percussion|Drum Beating|p1a: Talonflame
|-resisted|p1a: Talonflame
|-crit|p1a: Talonflame
|-damage|p1a: Talonflame|75/100
|-unboost|p1a: Talonflame|spe|1
|
|upkeep
|turn|23
|
|t:|1760392278
|switch|p2a: Temple|Garganacl, M, shiny|100/100
|move|p1a: Talonflame|Air Slash|p2a: Temple
|-resisted|p2a: Temple
|-damage|p2a: Temple|94/100
|
|-heal|p2a: Temple|100/100|[from] Grassy Terrain
|upkeep
|turn|24
|
|t:|1760392282
|switch|p1a: Garganacl|Garganacl, F|100/100
|move|p2a: Temple|Salt Cure|p1a: Garganacl
|-damage|p1a: Garganacl|93/100
|-start|p1a: Garganacl|Salt Cure
|
|-heal|p1a: Garganacl|99/100|[from] Grassy Terrain
|-heal|p1a: Garganacl|100/100|[from] item: Leftovers
|-damage|p1a: Garganacl|88/100|[from] Salt Cure
|upkeep
|turn|25
|
|t:|1760392287
|move|p2a: Temple|Curse|p2a: Temple
|-unboost|p2a: Temple|spe|1
|-boost|p2a: Temple|atk|1
|-boost|p2a: Temple|def|1
|move|p1a: Garganacl|Stealth Rock|p2a: Temple
|-sidestart|p2: Ao_Blue_Poison|move: Stealth Rock
|
|-heal|p1a: Garganacl|94/100|[from] Grassy Terrain
|-heal|p1a: Garganacl|100/100|[from] item: Leftovers
|-damage|p1a: Garganacl|88/100|[from] Salt Cure
|upkeep
|turn|26
|
|t:|1760392290
|move|p1a: Garganacl|Salt Cure|p2a: Temple
|-damage|p2a: Temple|94/100
|-start|p2a: Temple|Salt Cure
|move|p2a: Temple|Salt Cure|p1a: Garganacl
|-damage|p1a: Garganacl|76/100
|
|-heal|p1a: Garganacl|82/100|[from] Grassy Terrain
|-heal|p1a: Garganacl|89/100|[from] item: Leftovers
|-heal|p2a: Temple|100/100|[from] Grassy Terrain
|-damage|p1a: Garganacl|76/100|[from] Salt Cure
|-damage|p2a: Temple|88/100|[from] Salt Cure
|-fieldend|move: Grassy Terrain
|upkeep
|turn|27
|
|t:|1760392294
|switch|p1a: Iron Crown|Iron Crown|14/100
|move|p2a: Temple|Salt Cure|p1a: Iron Crown
|-resisted|p1a: Iron Crown
|-damage|p1a: Iron Crown|3/100
|-start|p1a: Iron Crown|Salt Cure
|
|-heal|p2a: Temple|94/100|[from] item: Leftovers
|-damage|p1a: Iron Crown|0 fnt|[from] Salt Cure
|faint|p1a: Iron Crown
|-end|p1a: Iron Crown|Quark Drive|[silent]
|-damage|p2a: Temple|82/100|[from] Salt Cure
|upkeep
|
|t:|1760392300
|switch|p1a: Keldeo|Keldeo-Resolute, tera:Ice|100/100
|turn|28
|
|t:|1760392306
|switch|p2a: Sir Aaron|Corviknight, F, shiny|100/100
|-damage|p2a: Sir Aaron|88/100|[from] Stealth Rock
|-ability|p2a: Sir Aaron|Pressure
|move|p1a: Keldeo|Icy Wind|p2a: Sir Aaron
|-crit|p2a: Sir Aaron
|-damage|p2a: Sir Aaron|50/100
|-unboost|p2a: Sir Aaron|spe|1
|
|-heal|p2a: Sir Aaron|56/100|[from] item: Leftovers
|upkeep
|turn|29
|
|t:|1760392316
|switch|p1a: Garganacl|Garganacl, F|76/100
|move|p2a: Sir Aaron|Defog|p1a: Garganacl
|-unboost|p1a: Garganacl|evasion|1
|-sideend|p2: Ao_Blue_Poison|Stealth Rock|[from] move: Defog|[of] p2a: Sir Aaron
|
|-heal|p2a: Sir Aaron|62/100|[from] item: Leftovers
|-heal|p1a: Garganacl|82/100|[from] item: Leftovers
|upkeep
|turn|30
|
|t:|1760392320
|move|p2a: Sir Aaron|Iron Head|p1a: Garganacl
|-supereffective|p1a: Garganacl
|-damage|p1a: Garganacl|51/100
|cant|p1a: Garganacl|flinch
|
|-heal|p2a: Sir Aaron|68/100|[from] item: Leftovers
|-heal|p1a: Garganacl|57/100|[from] item: Leftovers
|upkeep
|turn|31
|
|t:|1760392324
|move|p2a: Sir Aaron|Iron Head|p1a: Garganacl
|-supereffective|p1a: Garganacl
|-damage|p1a: Garganacl|26/100
|move|p1a: Garganacl|Recover|p1a: Garganacl
|-heal|p1a: Garganacl|76/100
|
|-heal|p2a: Sir Aaron|75/100|[from] item: Leftovers
|-heal|p1a: Garganacl|82/100|[from] item: Leftovers
|upkeep
|turn|32
|
|t:|1760392328
|move|p2a: Sir Aaron|Iron Head|p1a: Garganacl
|-supereffective|p1a: Garganacl
|-damage|p1a: Garganacl|55/100
|move|p1a: Garganacl|Salt Cure|p2a: Sir Aaron
|-damage|p2a: Sir Aaron|65/100
|-start|p2a: Sir Aaron|Salt Cure
|
|-heal|p2a: Sir Aaron|72/100|[from] item: Leftovers
|-heal|p1a: Garganacl|61/100|[from] item: Leftovers
|-damage|p2a: Sir Aaron|47/100|[from] Salt Cure
|upkeep
|turn|33
|
|t:|1760392334
|move|p1a: Garganacl|Protect|p1a: Garganacl
|-singleturn|p1a: Garganacl|Protect
|move|p2a: Sir Aaron|Bulk Up|p2a: Sir Aaron
|-boost|p2a: Sir Aaron|atk|1
|-boost|p2a: Sir Aaron|def|1
|
|-heal|p2a: Sir Aaron|53/100|[from] item: Leftovers
|-heal|p1a: Garganacl|68/100|[from] item: Leftovers
|-damage|p2a: Sir Aaron|28/100|[from] Salt Cure
|upkeep
|turn|34
|
|t:|1760392340
|move|p2a: Sir Aaron|Roost|p2a: Sir Aaron
|-heal|p2a: Sir Aaron|78/100
|-singleturn|p2a: Sir Aaron|move: Roost
|move|p1a: Garganacl|Stealth Rock|p2a: Sir Aaron
|-sidestart|p2: Ao_Blue_Poison|move: Stealth Rock
|
|-heal|p2a: Sir Aaron|84/100|[from] item: Leftovers
|-heal|p1a: Garganacl|74/100|[from] item: Leftovers
|-damage|p2a: Sir Aaron|59/100|[from] Salt Cure
|upkeep
|turn|35
|
|t:|1760392343
|switch|p1a: Talonflame|Talonflame, F|75/100
|move|p2a: Sir Aaron|Iron Head|p1a: Talonflame
|-resisted|p1a: Talonflame
|-damage|p1a: Talonflame|51/100
|
|-heal|p2a: Sir Aaron|65/100|[from] item: Leftovers
|-damage|p2a: Sir Aaron|40/100|[from] Salt Cure
|upkeep
|turn|36
|
|t:|1760392349
|switch|p1a: Keldeo|Keldeo-Resolute, tera:Ice|100/100
|switch|p2a: Temple|Garganacl, M, shiny|82/100
|-damage|p2a: Temple|70/100|[from] Stealth Rock
|
|-heal|p2a: Temple|76/100|[from] item: Leftovers
|upkeep
|turn|37
|
|t:|1760392359
|-terastallize|p2a: Temple|Ghost
|move|p1a: Keldeo|Surf|p2a: Temple
|-damage|p2a: Temple|43/100
|move|p2a: Temple|Salt Cure|p1a: Keldeo
|-supereffective|p1a: Keldeo
|-damage|p1a: Keldeo|65/100
|-start|p1a: Keldeo|Salt Cure
|
|-heal|p2a: Temple|49/100|[from] item: Leftovers
|-damage|p1a: Keldeo|52/100|[from] Salt Cure
|upkeep
|turn|38
|
|t:|1760392368
|move|p1a: Keldeo|Surf|p2a: Temple
|-damage|p2a: Temple|18/100
|move|p2a: Temple|Recover|p2a: Temple
|-heal|p2a: Temple|68/100
|
|-heal|p2a: Temple|74/100|[from] item: Leftovers
|-damage|p1a: Keldeo|40/100|[from] Salt Cure
|upkeep
|turn|39
|
|t:|1760392370
|switch|p1a: Pecharunt|Pecharunt|59/100
|move|p2a: Temple|Salt Cure|p1a: Pecharunt
|-damage|p1a: Pecharunt|52/100
|-start|p1a: Pecharunt|Salt Cure
|
|-heal|p2a: Temple|80/100|[from] item: Leftovers
|-damage|p1a: Pecharunt|40/100|[from] Salt Cure
|upkeep
|turn|40
|
|t:|1760392375
|move|p1a: Pecharunt|Recover|p1a: Pecharunt
|-heal|p1a: Pecharunt|90/100
|move|p2a: Temple|Salt Cure|p1a: Pecharunt
|-damage|p1a: Pecharunt|83/100
|
|-heal|p2a: Temple|86/100|[from] item: Leftovers
|-damage|p1a: Pecharunt|70/100|[from] Salt Cure
|upkeep
|turn|41
|
|t:|1760392378
|move|p1a: Pecharunt|Parting Shot|p2a: Temple
|-unboost|p2a: Temple|atk|1
|-unboost|p2a: Temple|spa|1
|
|t:|1760392380
|switch|p1a: Garganacl|Garganacl, F|74/100|[from] Parting Shot
|move|p2a: Temple|Earthquake|p1a: Garganacl
|-supereffective|p1a: Garganacl
|-damage|p1a: Garganacl|56/100
|
|-heal|p1a: Garganacl|62/100|[from] item: Leftovers
|-heal|p2a: Temple|92/100|[from] item: Leftovers
|upkeep
|turn|42
|
|t:|1760392383
|move|p2a: Temple|Salt Cure|p1a: Garganacl
|-damage|p1a: Garganacl|56/100
|-start|p1a: Garganacl|Salt Cure
|move|p1a: Garganacl|Salt Cure|p2a: Temple
|-damage|p2a: Temple|82/100
|-start|p2a: Temple|Salt Cure
|
|-heal|p1a: Garganacl|62/100|[from] item: Leftovers
|-heal|p2a: Temple|88/100|[from] item: Leftovers
|-damage|p1a: Garganacl|50/100|[from] Salt Cure
|-damage|p2a: Temple|76/100|[from] Salt Cure
|upkeep
|turn|43
|
|t:|1760392389
|switch|p1a: Pecharunt|Pecharunt|70/100
|switch|p2a: Sir Aaron|Corviknight, F, shiny|40/100
|-damage|p2a: Sir Aaron|28/100|[from] Stealth Rock
|-ability|p2a: Sir Aaron|Pressure
|
|-heal|p2a: Sir Aaron|34/100|[from] item: Leftovers
|upkeep
|turn|44
|
|t:|1760392394
|move|p1a: Pecharunt|Parting Shot|p2a: Sir Aaron
|-unboost|p2a: Sir Aaron|atk|1
|-unboost|p2a: Sir Aaron|spa|1
|
|t:|1760392397
|switch|p1a: Garganacl|Garganacl, F|50/100|[from] Parting Shot
|move|p2a: Sir Aaron|Defog|p1a: Garganacl
|-unboost|p1a: Garganacl|evasion|1
|-sideend|p2: Ao_Blue_Poison|Stealth Rock|[from] move: Defog|[of] p2a: Sir Aaron
|
|-heal|p2a: Sir Aaron|40/100|[from] item: Leftovers
|-heal|p1a: Garganacl|56/100|[from] item: Leftovers
|upkeep
|turn|45
|
|t:|1760392400
|move|p2a: Sir Aaron|Iron Head|p1a: Garganacl
|-supereffective|p1a: Garganacl
|-damage|p1a: Garganacl|35/100
|cant|p1a: Garganacl|flinch
|
|-heal|p2a: Sir Aaron|47/100|[from] item: Leftovers
|-heal|p1a: Garganacl|42/100|[from] item: Leftovers
|upkeep
|turn|46
|
|t:|1760392406
|switch|p2a: Axel|Blaziken, M, shiny|100/100
|move|p1a: Garganacl|Salt Cure|p2a: Axel
|-damage|p2a: Axel|81/100
|-start|p2a: Axel|Salt Cure
|
|-heal|p2a: Axel|87/100|[from] item: Leftovers
|-heal|p1a: Garganacl|48/100|[from] item: Leftovers
|-damage|p2a: Axel|74/100|[from] Salt Cure
|upkeep
|turn|47
|
|t:|1760392412
|switch|p1a: Pecharunt|Pecharunt|70/100
|move|p2a: Axel|Aura Sphere|p1a: Pecharunt
|-immune|p1a: Pecharunt
|
|-heal|p2a: Axel|80/100|[from] item: Leftovers
|-damage|p2a: Axel|68/100|[from] Salt Cure
|-ability|p2a: Axel|Speed Boost|boost
|-boost|p2a: Axel|spe|1
|upkeep
|turn|48
|
|t:|1760392425
|move|p2a: Axel|Flamethrower|p1a: Pecharunt
|-damage|p1a: Pecharunt|32/100
|move|p1a: Pecharunt|Parting Shot|p2a: Axel
|-unboost|p2a: Axel|atk|1
|-unboost|p2a: Axel|spa|1
|
|t:|1760392430
|switch|p1a: Talonflame|Talonflame, F|51/100|[from] Parting Shot
|
|-heal|p2a: Axel|74/100|[from] item: Leftovers
|-damage|p2a: Axel|62/100|[from] Salt Cure
|-ability|p2a: Axel|Speed Boost|boost
|-boost|p2a: Axel|spe|1
|upkeep
|turn|49
|
|t:|1760392434
|switch|p2a: Temple|Garganacl, M, shiny, tera:Ghost|76/100
|move|p1a: Talonflame|Air Slash|p2a: Temple
|-damage|p2a: Temple|62/100
|
|-heal|p2a: Temple|68/100|[from] item: Leftovers
|upkeep
|turn|50
|
|t:|1760392436
|move|p1a: Talonflame|Roost|p1a: Talonflame
|-heal|p1a: Talonflame|100/100
|-singleturn|p1a: Talonflame|move: Roost
|move|p2a: Temple|Salt Cure|p1a: Talonflame
|-supereffective|p1a: Talonflame
|-damage|p1a: Talonflame|67/100
|-start|p1a: Talonflame|Salt Cure
|
|-heal|p2a: Temple|74/100|[from] item: Leftovers
|-damage|p1a: Talonflame|55/100|[from] Salt Cure
|upkeep
|turn|51
|
|t:|1760392439
|move|p1a: Talonflame|Roost|p1a: Talonflame
|-heal|p1a: Talonflame|100/100
|-singleturn|p1a: Talonflame|move: Roost
|move|p2a: Temple|Salt Cure|p1a: Talonflame
|-supereffective|p1a: Talonflame
|-damage|p1a: Talonflame|62/100
|
|-heal|p2a: Temple|80/100|[from] item: Leftovers
|-damage|p1a: Talonflame|49/100|[from] Salt Cure
|upkeep
|turn|52
|
|t:|1760392443
|move|p1a: Talonflame|Roost|p1a: Talonflame
|-heal|p1a: Talonflame|99/100
|-singleturn|p1a: Talonflame|move: Roost
|move|p2a: Temple|Salt Cure|p1a: Talonflame
|-supereffective|p1a: Talonflame
|-damage|p1a: Talonflame|66/100
|
|-heal|p2a: Temple|86/100|[from] item: Leftovers
|-damage|p1a: Talonflame|53/100|[from] Salt Cure
|upkeep
|turn|53
|
|t:|1760392448
|move|p1a: Talonflame|Roost|p1a: Talonflame
|-heal|p1a: Talonflame|100/100
|-singleturn|p1a: Talonflame|move: Roost
|move|p2a: Temple|Salt Cure|p1a: Talonflame
|-supereffective|p1a: Talonflame
|-damage|p1a: Talonflame|64/100
|
|-heal|p2a: Temple|93/100|[from] item: Leftovers
|-damage|p1a: Talonflame|51/100|[from] Salt Cure
|upkeep
|turn|54
|
|t:|1760392452
|switch|p1a: Pecharunt|Pecharunt|32/100
|move|p2a: Temple|Salt Cure|p1a: Pecharunt
|-crit|p1a: Pecharunt
|-damage|p1a: Pecharunt|22/100
|-start|p1a: Pecharunt|Salt Cure
|
|-heal|p2a: Temple|99/100|[from] item: Leftovers
|-damage|p1a: Pecharunt|10/100|[from] Salt Cure
|upkeep
|turn|55
|
|t:|1760392456
|move|p1a: Pecharunt|Recover|p1a: Pecharunt
|-heal|p1a: Pecharunt|60/100
|move|p2a: Temple|Curse|p1a: Pecharunt
|-start|p1a: Pecharunt|Curse|[of] p2a: Temple
|-damage|p2a: Temple|49/100
|
|-heal|p2a: Temple|55/100|[from] item: Leftovers
|-damage|p1a: Pecharunt|35/100|[from] Curse
|-damage|p1a: Pecharunt|22/100|[from] Salt Cure
|upkeep
|turn|56
|
|t:|1760392466
|switch|p1a: Garganacl|Garganacl, F|48/100
|move|p2a: Temple|Salt Cure|p1a: Garganacl
|-damage|p1a: Garganacl|39/100
|-start|p1a: Garganacl|Salt Cure
|
|-heal|p2a: Temple|61/100|[from] item: Leftovers
|-heal|p1a: Garganacl|45/100|[from] item: Leftovers
|-damage|p1a: Garganacl|32/100|[from] Salt Cure
|upkeep
|turn|57
|
|t:|1760392469
|move|p1a: Garganacl|Salt Cure|p2a: Temple
|-damage|p2a: Temple|53/100
|-start|p2a: Temple|Salt Cure
|move|p2a: Temple|Curse|p1a: Garganacl
|-start|p1a: Garganacl|Curse|[of] p2a: Temple
|-damage|p2a: Temple|3/100
|
|-heal|p1a: Garganacl|39/100|[from] item: Leftovers
|-heal|p2a: Temple|9/100|[from] item: Leftovers
|-damage|p1a: Garganacl|14/100|[from] Curse
|-damage|p2a: Temple|0 fnt|[from] Salt Cure
|faint|p2a: Temple
|-damage|p1a: Garganacl|1/100|[from] Salt Cure
|upkeep
|
|t:|1760392481
|switch|p2a: Harlequin|Quaquaval, F, shiny|100/100
|turn|58
|
|t:|1760392487
|switch|p1a: Talonflame|Talonflame, F|51/100
|move|p2a: Harlequin|Aqua Step|p1a: Talonflame
|-supereffective|p1a: Talonflame
|-damage|p1a: Talonflame|0 fnt
|-boost|p2a: Harlequin|spe|1
|faint|p1a: Talonflame
|-ability|p2a: Harlequin|Moxie|boost
|-boost|p2a: Harlequin|atk|1
|
|upkeep
|
|t:|1760392498
|switch|p1a: Pecharunt|Pecharunt|22/100
|turn|59
|
|t:|1760392500
|move|p2a: Harlequin|Aqua Step|p1a: Pecharunt
|-damage|p1a: Pecharunt|0 fnt
|-boost|p2a: Harlequin|spe|1
|faint|p1a: Pecharunt
|-ability|p2a: Harlequin|Moxie|boost
|-boost|p2a: Harlequin|atk|1
|
|upkeep
|-message|Bluelamentation forfeited.
|
|win|Ao_Blue_Poison
|raw|Bluelamentation's rating: 1360 &rarr; <strong>1342</strong><br />(-18 for losing)
|raw|Ao_Blue_Poison's rating: 1392 &rarr; <strong>1410</strong><br />(+18 for winning)
|l|☆Bluelamentation
|player|p1|
|l|☆Ao_Blue_Poison
|player|p2|
