|j|☆Nameless Moron
|j|☆raaid 10
|t:|1760457796
|gametype|singles
|player|p1|Nameless Moron|unknown|1127
|player|p2|raaid 10|unknown|1124
|gen|9
|tier|[Gen 9] OU
|rated|
|rule|HP Percentage Mod: HP is shown in percentages
|rule|Endless Battle Clause: Forcing endless battles is banned
|rule|Species Clause: Limit one of each Pokémon
|rule|OHKO Clause: OHKO moves are banned
|rule|Evasion Items Clause: Evasion items are banned
|rule|Evasion Moves Clause: Evasion moves are banned
|rule|Evasion Abilities Clause: Evasion abilities are banned
|rule|Sleep Moves Clause: Sleep-inducing moves are banned
|clearpoke
|poke|p1|Weezing-Galar, F|
|poke|p1|Ogerpon-Wellspring, F|
|poke|p1|Great Tusk|
|poke|p1|Glimmora, F|
|poke|p1|Hawlucha, F|
|poke|p1|Enamorus, F|
|poke|p2|Skeledirge, M|
|poke|p2|Clodsire, F|
|poke|p2|Rillaboom, M|
|poke|p2|Iron Hands|
|poke|p2|Samurott-Hisui, F|
|poke|p2|Avalugg-Hisui, M|
|teampreview
|inactive|Battle timer is ON: inactive players will automatically lose when time's up. (requested by Nameless Moron)
|inactive|Nameless Moron has 120 seconds left.
|
|t:|1760457850
|teamsize|p1|6
|teamsize|p2|6
|start
|switch|p1a: Glimmora|Glimmora, F|100/100
|switch|p2a: Clodsire|Clodsire, F|100/100
|turn|1
|
|t:|1760457858
|move|p1a: Glimmora|Stealth Rock|p2a: Clodsire
|-sidestart|p2: raaid 10|move: Stealth Rock
|move|p2a: Clodsire|Earthquake|p1a: Glimmora
|-supereffective|p1a: Glimmora
|-enditem|p1a: Glimmora|Focus Sash
|-damage|p1a: Glimmora|1/100
|-activate|p1a: Glimmora|ability: Toxic Debris
|-sidestart|p2: raaid 10|move: Toxic Spikes
|
|upkeep
|turn|2
|
|t:|1760457868
|move|p1a: Glimmora|Earth Power|p2a: Clodsire
|-supereffective|p2a: Clodsire
|-damage|p2a: Clodsire|55/100
|move|p2a: Clodsire|Poison Jab|p1a: Glimmora
|-resisted|p1a: Glimmora
|-damage|p1a: Glimmora|0 fnt
|-activate|p1a: Glimmora|ability: Toxic Debris
|-sidestart|p2: raaid 10|move: Toxic Spikes
|faint|p1a: Glimmora
|
|-heal|p2a: Clodsire|61/100|[from] item: Black Sludge
|upkeep
|
|t:|1760457897
|switch|p1a: Ogerpon|Ogerpon-Wellspring, F|100/100
|turn|3
|
|t:|1760457902
|move|p1a: Ogerpon|Trailblaze|p2a: Clodsire
|-damage|p2a: Clodsire|28/100
|-boost|p1a: Ogerpon|spe|1
|move|p2a: Clodsire|Recover|p2a: Clodsire
|-heal|p2a: Clodsire|78/100
|
|-heal|p2a: Clodsire|84/100|[from] item: Black Sludge
|upkeep
|turn|4
|
|t:|1760457923
|switch|p1a: Weezing|Weezing-Galar, F|100/100
|-fieldstart|move: Misty Terrain|[from] ability: Misty Surge|[of] p1a: Weezing
|-terastallize|p2a: Clodsire|Poison
|move|p2a: Clodsire|Poison Jab|p1a: Weezing
|-damage|p1a: Weezing|60/100
|
|-heal|p2a: Clodsire|90/100|[from] item: Black Sludge
|upkeep
|turn|5
|
|t:|1760457937
|move|p1a: Weezing|Taunt|p2a: Clodsire
|-start|p2a: Clodsire|move: Taunt
|move|p2a: Clodsire|Earthquake|p1a: Weezing
|-supereffective|p1a: Weezing
|-damage|p1a: Weezing|0 fnt
|faint|p1a: Weezing
|
|-heal|p2a: Clodsire|97/100|[from] item: Black Sludge
|upkeep
|inactive|Nameless Moron has 120 seconds left.
|inactive|Nameless Moron has 90 seconds left.
|inactive|Nameless Moron has 60 seconds left.
|inactive|Nameless Moron has 30 seconds left.
|inactive|Nameless Moron has 20 seconds left.
|inactive|Nameless Moron has 15 seconds left.
|inactive|Nameless Moron has 10 seconds left.
|
|t:|1760458058
|switch|p1a: Great Tusk|Great Tusk|100/100
|-enditem|p1a: Great Tusk|Booster Energy
|-activate|p1a: Great Tusk|ability: Protosynthesis|[fromitem]
|-start|p1a: Great Tusk|protosynthesisspe
|turn|6
|inactive|Nameless Moron has 20 seconds left this turn.
|
|t:|1760458065
|switch|p2a: Rillaboom|Rillaboom, M|100/100
|-damage|p2a: Rillaboom|88/100|[from] Stealth Rock
|-fieldstart|move: Grassy Terrain|[from] ability: Grassy Surge|[of] p2a: Rillaboom
|move|p1a: Great Tusk|Bulk Up|p1a: Great Tusk
|-boost|p1a: Great Tusk|atk|1
|-boost|p1a: Great Tusk|def|1
|
|-heal|p2a: Rillaboom|94/100|[from] Grassy Terrain
|-heal|p2a: Rillaboom|100/100|[from] item: Leftovers
|upkeep
|turn|7
|inactive|Nameless Moron has 30 seconds left this turn.
|inactive|Nameless Moron has 20 seconds left.
|
|t:|1760458080
|-terastallize|p1a: Great Tusk|Steel
|move|p1a: Great Tusk|Ice Spinner|p2a: Rillaboom
|-supereffective|p2a: Rillaboom
|-damage|p2a: Rillaboom|20/100
|-fieldend|move: Grassy Terrain
|move|p2a: Rillaboom|Drum Beating|p1a: Great Tusk
|-resisted|p1a: Great Tusk
|-damage|p1a: Great Tusk|92/100
|-unboost|p1a: Great Tusk|spe|1
|
|-heal|p2a: Rillaboom|26/100|[from] item: Leftovers
|upkeep
|turn|8
|inactive|Nameless Moron has 30 seconds left this turn.
|inactive|Nameless Moron has 20 seconds left.
|
|t:|1760458094
|move|p1a: Great Tusk|Bulk Up|p1a: Great Tusk
|-boost|p1a: Great Tusk|atk|1
|-boost|p1a: Great Tusk|def|1
|move|p2a: Rillaboom|Knock Off|p1a: Great Tusk
|-damage|p1a: Great Tusk|86/100
|
|-heal|p2a: Rillaboom|32/100|[from] item: Leftovers
|upkeep
|turn|9
|inactive|Nameless Moron has 30 seconds left this turn.
|inactive|Nameless Moron has 20 seconds left.
|
|t:|1760458107
|move|p1a: Great Tusk|Bulk Up|p1a: Great Tusk
|-boost|p1a: Great Tusk|atk|1
|-boost|p1a: Great Tusk|def|1
|move|p2a: Rillaboom|Drum Beating|p1a: Great Tusk
|-resisted|p1a: Great Tusk
|-damage|p1a: Great Tusk|81/100
|-unboost|p1a: Great Tusk|spe|1
|
|-heal|p2a: Rillaboom|38/100|[from] item: Leftovers
|upkeep
|turn|10
|inactive|Nameless Moron has 30 seconds left this turn.
|
|t:|1760458116
|switch|p2a: Clodsire|Clodsire, F, tera:Poison|97/100
|-damage|p2a: Clodsire|84/100|[from] Stealth Rock
|-sideend|p2: raaid 10|move: Toxic Spikes|[of] p2a: Clodsire
|move|p1a: Great Tusk|Rapid Spin|p2a: Clodsire
|-damage|p2a: Clodsire|47/100
|-boost|p1a: Great Tusk|spe|1
|
|-heal|p2a: Clodsire|53/100|[from] item: Black Sludge
|upkeep
|turn|11
|inactive|Nameless Moron has 30 seconds left.
|
|t:|1760458128
|move|p1a: Great Tusk|Headlong Rush|p2a: Clodsire
|-supereffective|p2a: Clodsire
|-damage|p2a: Clodsire|0 fnt
|-unboost|p1a: Great Tusk|def|1
|-unboost|p1a: Great Tusk|spd|1
|faint|p2a: Clodsire
|
|upkeep
|
|t:|1760458139
|switch|p2a: Iron Hands|Iron Hands|100/100
|-damage|p2a: Iron Hands|94/100|[from] Stealth Rock
|turn|12
|
|t:|1760458146
|move|p1a: Great Tusk|Headlong Rush|p2a: Iron Hands
|-supereffective|p2a: Iron Hands
|-damage|p2a: Iron Hands|0 fnt
|-unboost|p1a: Great Tusk|def|1
|-unboost|p1a: Great Tusk|spd|1
|faint|p2a: Iron Hands
|-end|p2a: Iron Hands|Quark Drive|[silent]
|
|upkeep
|
|t:|1760458154
|switch|p2a: Avalugg|Avalugg-Hisui, M|100/100
|-damage|p2a: Avalugg|76/100|[from] Stealth Rock
|turn|13
|
|t:|1760458160
|move|p1a: Great Tusk|Headlong Rush|p2a: Avalugg
|-supereffective|p2a: Avalugg
|-damage|p2a: Avalugg|0 fnt
|-unboost|p1a: Great Tusk|def|1
|-unboost|p1a: Great Tusk|spd|1
|faint|p2a: Avalugg
|
|upkeep
|-message|raaid 10 forfeited.
|
|win|Nameless Moron
|raw|Nameless Moron's rating: 1127 &rarr; <strong>1152</strong><br />(+25 for winning)
|raw|raaid 10's rating: 1124 &rarr; <strong>1099</strong><br />(-25 for losing)
|l|☆raaid 10
|player|p2|
