|j|☆SegmentalDragon1
|j|☆Overgame00
|t:|1760449487
|gametype|singles
|player|p1|SegmentalDragon1|101|1488
|player|p2|Overgame00|baker|1442
|gen|9
|tier|[Gen 9] OU
|rated|
|rule|HP Percentage Mod: HP is shown in percentages
|rule|Endless Battle Clause: Forcing endless battles is banned
|rule|Species Clause: Limit one of each Pokémon
|rule|OHKO Clause: OHKO moves are banned
|rule|Evasion Items Clause: Evasion items are banned
|rule|Evasion Moves Clause: Evasion moves are banned
|rule|Evasion Abilities Clause: Evasion abilities are banned
|rule|Sleep Moves Clause: Sleep-inducing moves are banned
|clearpoke
|poke|p1|Glimmora, F|
|poke|p1|Ogerpon-Wellspring, F|
|poke|p1|Hatterene, F|
|poke|p1|Iron Moth|
|poke|p1|Dragonite, F|
|poke|p1|Kingambit, F|
|poke|p2|Revavroom, F|
|poke|p2|Enamorus, F|
|poke|p2|Cinderace, M|
|poke|p2|Ting-Lu|
|poke|p2|Ogerpon-Wellspring, F|
|poke|p2|Raging Bolt|
|teampreview
|inactive|Battle timer is ON: inactive players will automatically lose when time's up. (requested by SegmentalDragon1)
|
|t:|1760449507
|teamsize|p1|6
|teamsize|p2|6
|start
|switch|p1a: The Advocate|Glimmora, F|100/100
|switch|p2a: Bambi|Ting-Lu|100/100
|-ability|p2a: Bambi|Vessel of Ruin
|turn|1
|
|t:|1760449533
|move|p1a: The Advocate|Stealth Rock|p2a: Bambi
|-sidestart|p2: Overgame00|move: Stealth Rock
|move|p2a: Bambi|Earthquake|p1a: The Advocate
|-supereffective|p1a: The Advocate
|-enditem|p1a: The Advocate|Focus Sash
|-damage|p1a: The Advocate|1/100
|-activate|p1a: The Advocate|ability: Toxic Debris
|-sidestart|p2: Overgame00|move: Toxic Spikes
|
|upkeep
|turn|2
|
|t:|1760449539
|move|p1a: The Advocate|Energy Ball|p2a: Bambi
|-supereffective|p2a: Bambi
|-damage|p2a: Bambi|70/100
|move|p2a: Bambi|Earthquake|p1a: The Advocate
|-supereffective|p1a: The Advocate
|-damage|p1a: The Advocate|0 fnt
|-activate|p1a: The Advocate|ability: Toxic Debris
|-sidestart|p2: Overgame00|move: Toxic Spikes
|faint|p1a: The Advocate
|
|-heal|p2a: Bambi|76/100|[from] item: Leftovers
|upkeep
|
|t:|1760449545
|switch|p1a: The Ogerponzi|Ogerpon-Wellspring, F|100/100
|turn|3
|
|t:|1760449551
|move|p1a: The Ogerponzi|Ivy Cudgel|p2a: Bambi|[anim] Ivy Cudgel Water
|-supereffective|p2a: Bambi
|-damage|p2a: Bambi|22/100
|move|p2a: Bambi|Whirlwind|p1a: The Ogerponzi
|drag|p1a: The Leader|Kingambit, F|100/100
|-activate|p1a: The Leader|ability: Supreme Overlord
|-start|p1a: The Leader|fallen1|[silent]
|
|-heal|p2a: Bambi|28/100|[from] item: Leftovers
|upkeep
|turn|4
|
|t:|1760449560
|move|p1a: The Leader|Iron Head|p2a: Bambi
|-damage|p2a: Bambi|4/100
|cant|p2a: Bambi|flinch
|
|-heal|p2a: Bambi|10/100|[from] item: Leftovers
|upkeep
|turn|5
|
|t:|1760449563
|move|p1a: The Leader|Iron Head|p2a: Bambi
|-damage|p2a: Bambi|0 fnt
|faint|p2a: Bambi
|
|upkeep
|
|t:|1760449567
|switch|p2a: Napoli|Cinderace, M|100/100
|turn|6
|
|t:|1760449572
|-end|p1a: The Leader|fallen1|[silent]
|switch|p1a: Satan|Dragonite, F|100/100
|move|p2a: Napoli|Court Change|p2a: Napoli
|-start|p2a: Napoli|typechange|Normal|[from] ability: Libero
|-swapsideconditions
|-activate|p2a: Napoli|move: Court Change
|
|upkeep
|turn|7
|
|t:|1760449577
|move|p2a: Napoli|U-turn|p1a: Satan
|-resisted|p1a: Satan
|-damage|p1a: Satan|94/100
|
|t:|1760449580
|switch|p2a: TURBOMOTORE|Revavroom, F|100/100|[from] U-turn
|move|p1a: Satan|Dragon Dance|p1a: Satan
|-boost|p1a: Satan|atk|1
|-boost|p1a: Satan|spe|1
|
|upkeep
|turn|8
|
|t:|1760449589
|-terastallize|p2a: TURBOMOTORE|Ice
|move|p1a: Satan|Earthquake|p2a: TURBOMOTORE
|-damage|p2a: TURBOMOTORE|26/100
|move|p2a: TURBOMOTORE|Tera Blast|p1a: Satan|[anim] Tera Blast Ice
|-supereffective|p1a: Satan
|-damage|p1a: Satan|0 fnt
|faint|p1a: Satan
|
|-heal|p2a: TURBOMOTORE|32/100|[from] item: Leftovers
|upkeep
|
|t:|1760449600
|switch|p1a: The Idol|Iron Moth|100/100
|-damage|p1a: The Idol|76/100|[from] Stealth Rock
|-sideend|p1: SegmentalDragon1|move: Toxic Spikes|[of] p1a: The Idol
|-enditem|p1a: The Idol|Booster Energy
|-activate|p1a: The Idol|ability: Quark Drive|[fromitem]
|-start|p1a: The Idol|quarkdrivespe
|turn|9
|
|t:|1760449604
|switch|p2a: RatherMadThunder|Raging Bolt|100/100
|move|p1a: The Idol|Fiery Dance|p2a: RatherMadThunder
|-resisted|p2a: RatherMadThunder
|-damage|p2a: RatherMadThunder|83/100
|-boost|p1a: The Idol|spa|1
|
|-heal|p2a: RatherMadThunder|89/100|[from] item: Leftovers
|upkeep
|turn|10
|
|t:|1760449612
|-terastallize|p1a: The Idol|Fairy
|move|p1a: The Idol|Substitute|p1a: The Idol
|-start|p1a: The Idol|Substitute
|-damage|p1a: The Idol|51/100
|move|p2a: RatherMadThunder|Calm Mind|p2a: RatherMadThunder
|-boost|p2a: RatherMadThunder|spa|1
|-boost|p2a: RatherMadThunder|spd|1
|
|-heal|p2a: RatherMadThunder|95/100|[from] item: Leftovers
|upkeep
|turn|11
|
|t:|1760449618
|move|p2a: RatherMadThunder|Thunderclap|p1a: The Idol
|-end|p1a: The Idol|Substitute
|move|p1a: The Idol|Dazzling Gleam|p2a: RatherMadThunder
|-supereffective|p2a: RatherMadThunder
|-damage|p2a: RatherMadThunder|23/100
|
|-heal|p2a: RatherMadThunder|29/100|[from] item: Leftovers
|upkeep
|turn|12
|
|t:|1760449622
|move|p1a: The Idol|Dazzling Gleam|p2a: RatherMadThunder
|-supereffective|p2a: RatherMadThunder
|-damage|p2a: RatherMadThunder|0 fnt
|faint|p2a: RatherMadThunder
|-end|p2a: RatherMadThunder|Protosynthesis|[silent]
|
|upkeep
|
|t:|1760449633
|switch|p2a: Napoli|Cinderace, M|100/100
|turn|13
|
|t:|1760449641
|move|p1a: The Idol|Sludge Wave|p2a: Napoli
|-damage|p2a: Napoli|2/100
|-status|p2a: Napoli|psn
|move|p2a: Napoli|Pyro Ball|p1a: The Idol
|-damage|p1a: The Idol|0 fnt
|faint|p1a: The Idol
|-end|p1a: The Idol|Quark Drive|[silent]
|
|-damage|p2a: Napoli|0 fnt|[from] psn
|faint|p2a: Napoli
|upkeep
|
|t:|1760449650
|switch|p2a: TURBOMOTORE|Revavroom, F, tera:Ice|32/100
|switch|p1a: The Ogerponzi|Ogerpon-Wellspring, F|100/100
|-damage|p1a: The Ogerponzi|88/100|[from] Stealth Rock
|turn|14
|
|t:|1760449655
|switch|p2a: Ogeporn|Ogerpon-Wellspring, F|100/100
|move|p1a: The Ogerponzi|Horn Leech|p2a: Ogeporn
|-damage|p2a: Ogeporn|37/100
|-heal|p1a: The Ogerponzi|100/100|[from] drain|[of] p2a: Ogeporn
|
|upkeep
|turn|15
|
|t:|1760449658
|move|p2a: Ogeporn|Horn Leech|p1a: The Ogerponzi
|-damage|p1a: The Ogerponzi|44/100
|-heal|p2a: Ogeporn|66/100|[from] drain|[of] p1a: The Ogerponzi
|move|p1a: The Ogerponzi|Horn Leech|p2a: Ogeporn
|-damage|p2a: Ogeporn|6/100
|-heal|p1a: The Ogerponzi|74/100|[from] drain|[of] p2a: Ogeporn
|
|upkeep
|turn|16
|
|t:|1760449663
|move|p1a: The Ogerponzi|Horn Leech|p2a: Ogeporn
|-damage|p2a: Ogeporn|0 fnt
|-heal|p1a: The Ogerponzi|77/100|[from] drain|[of] p2a: Ogeporn
|faint|p2a: Ogeporn
|
|upkeep
|
|t:|1760449665
|switch|p2a: Enamorbius|Enamorus, F|100/100
|turn|17
|
|t:|1760449669
|move|p2a: Enamorbius|Moonblast|p1a: The Ogerponzi
|-damage|p1a: The Ogerponzi|21/100
|move|p1a: The Ogerponzi|Ivy Cudgel|p2a: Enamorbius|[anim] Ivy Cudgel Water
|-damage|p2a: Enamorbius|4/100
|
|upkeep
|turn|18
|
|t:|1760449672
|move|p2a: Enamorbius|Moonblast|p1a: The Ogerponzi
|-damage|p1a: The Ogerponzi|0 fnt
|faint|p1a: The Ogerponzi
|
|upkeep
|
|t:|1760449676
|switch|p1a: The Leader|Kingambit, F|100/100
|-damage|p1a: The Leader|94/100|[from] Stealth Rock
|-activate|p1a: The Leader|ability: Supreme Overlord
|-start|p1a: The Leader|fallen4|[silent]
|turn|19
|
|t:|1760449683
|move|p2a: Enamorbius|Moonblast|p1a: The Leader
|-crit|p1a: The Leader
|-damage|p1a: The Leader|7/100
|-unboost|p1a: The Leader|spa|1
|move|p1a: The Leader|Kowtow Cleave|p2a: Enamorbius
|-resisted|p2a: Enamorbius
|-damage|p2a: Enamorbius|0 fnt
|faint|p2a: Enamorbius
|
|upkeep
|
|t:|1760449686
|switch|p2a: TURBOMOTORE|Revavroom, F, tera:Ice|32/100
|turn|20
|
|t:|1760449695
|move|p1a: The Leader|Sucker Punch||[still]
|-fail|p1a: The Leader
|move|p2a: TURBOMOTORE|Shift Gear|p2a: TURBOMOTORE
|-boost|p2a: TURBOMOTORE|spe|2
|-boost|p2a: TURBOMOTORE|atk|1
|
|-heal|p2a: TURBOMOTORE|38/100|[from] item: Leftovers
|upkeep
|turn|21
|
|t:|1760449701
|move|p1a: The Leader|Sucker Punch||[still]
|-fail|p1a: The Leader
|move|p2a: TURBOMOTORE|Shift Gear|p2a: TURBOMOTORE
|-boost|p2a: TURBOMOTORE|spe|2
|-boost|p2a: TURBOMOTORE|atk|1
|
|-heal|p2a: TURBOMOTORE|44/100|[from] item: Leftovers
|upkeep
|turn|22
|
|t:|1760449706
|move|p1a: The Leader|Sucker Punch||[still]
|-fail|p1a: The Leader
|move|p2a: TURBOMOTORE|Shift Gear|p2a: TURBOMOTORE
|-boost|p2a: TURBOMOTORE|spe|2
|-boost|p2a: TURBOMOTORE|atk|1
|
|-heal|p2a: TURBOMOTORE|50/100|[from] item: Leftovers
|upkeep
|turn|23
|
|t:|1760449709
|move|p1a: The Leader|Sucker Punch|p2a: TURBOMOTORE
|-damage|p2a: TURBOMOTORE|0 fnt
|faint|p2a: TURBOMOTORE
|
|win|SegmentalDragon1
|raw|SegmentalDragon1's rating: 1488 &rarr; <strong>1505</strong><br />(+17 for winning)
|raw|Overgame00's rating: 1442 &rarr; <strong>1425</strong><br />(-17 for losing)
|c|☆SegmentalDragon1|gg wp
|c|☆Overgame00|Gg
|l|☆Overgame00
|player|p2|
|l|☆SegmentalDragon1
|player|p1|
