|j|☆Christendom
|j|☆dia90
|t:|1760318854
|gametype|singles
|player|p1|Christendom|worker|1626
|player|p2|dia90|101|1626
|gen|9
|tier|[Gen 9] OU
|rated|
|rule|HP Percentage Mod: HP is shown in percentages
|rule|Endless Battle Clause: Forcing endless battles is banned
|rule|Species Clause: Limit one of each Pokémon
|rule|OHKO Clause: OHKO moves are banned
|rule|Evasion Items Clause: Evasion items are banned
|rule|Evasion Moves Clause: Evasion moves are banned
|rule|Evasion Abilities Clause: Evasion abilities are banned
|rule|Sleep Moves Clause: Sleep-inducing moves are banned
|clearpoke
|poke|p1|Enamorus, F|
|poke|p1|Great Tusk|
|poke|p1|Slowking-Galar, F|
|poke|p1|Kingambit, F|
|poke|p1|Torkoal, F|
|poke|p1|Walking Wake|
|poke|p2|Ursaluna, F|
|poke|p2|Raging Bolt|
|poke|p2|Cinderace, F|
|poke|p2|Pecharunt|
|poke|p2|Ogerpon, F|
|poke|p2|Scizor, M|
|teampreview
|
|t:|1760318860
|teamsize|p1|6
|teamsize|p2|6
|start
|switch|p1a: Great Tusk|Great Tusk|100/100
|switch|p2a: Raging Bolt|Raging Bolt|100/100
|turn|1
|
|t:|1760318877
|move|p1a: Great Tusk|Headlong Rush|p2a: Raging Bolt
|-supereffective|p2a: Raging Bolt
|-damage|p2a: Raging Bolt|0 fnt
|-unboost|p1a: Great Tusk|def|1
|-unboost|p1a: Great Tusk|spd|1
|faint|p2a: Raging Bolt
|-end|p2a: Raging Bolt|Protosynthesis|[silent]
|
|upkeep
|
|t:|1760318892
|switch|p2a: Ursaluna|Ursaluna, F|100/100
|turn|2
|
|t:|1760318899
|-end|p1a: Great Tusk|Protosynthesis|[silent]
|switch|p1a: Walking Wake|Walking Wake|100/100
|move|p2a: Ursaluna|Headlong Rush|p1a: Walking Wake
|-damage|p1a: Walking Wake|0 fnt
|-unboost|p2a: Ursaluna|def|1
|-unboost|p2a: Ursaluna|spd|1
|faint|p1a: Walking Wake
|-end|p1a: Walking Wake|Protosynthesis|[silent]
|
|upkeep
|
|t:|1760318913
|switch|p1a: Great Tusk|Great Tusk|100/100
|turn|3
|
|t:|1760318931
|switch|p2a: Pecharunt|Pecharunt|100/100
|move|p1a: Great Tusk|Headlong Rush|p2a: Pecharunt
|-supereffective|p2a: Pecharunt
|-damage|p2a: Pecharunt|8/100
|-unboost|p1a: Great Tusk|def|1
|-unboost|p1a: Great Tusk|spd|1
|
|-heal|p2a: Pecharunt|14/100|[from] item: Leftovers
|upkeep
|turn|4
|
|t:|1760318942
|switch|p2a: Ogerpon|Ogerpon, F|100/100
|move|p1a: Great Tusk|Headlong Rush|p2a: Ogerpon
|-resisted|p2a: Ogerpon
|-crit|p2a: Ogerpon
|-damage|p2a: Ogerpon|9/100
|-unboost|p1a: Great Tusk|def|1
|-unboost|p1a: Great Tusk|spd|1
|
|upkeep
|turn|5
|
|t:|1760318958
|-end|p1a: Great Tusk|Protosynthesis|[silent]
|switch|p1a: Slowking|Slowking-Galar, F|100/100
|move|p2a: Ogerpon|Knock Off|p1a: Slowking
|-supereffective|p1a: Slowking
|-damage|p1a: Slowking|27/100
|-enditem|p1a: Slowking|Assault Vest|[from] move: Knock Off|[of] p2a: Ogerpon
|
|upkeep
|turn|6
|
|t:|1760318968
|move|p2a: Ogerpon|Knock Off|p1a: Slowking
|-supereffective|p1a: Slowking
|-damage|p1a: Slowking|0 fnt
|faint|p1a: Slowking
|
|upkeep
|
|t:|1760318969
|switch|p1a: Torkoal|Torkoal, F|100/100
|-weather|SunnyDay|[from] ability: Drought|[of] p1a: Torkoal
|turn|7
|
|t:|1760318988
|switch|p2a: Pecharunt|Pecharunt|14/100
|move|p1a: Torkoal|Lava Plume|p2a: Pecharunt
|-damage|p2a: Pecharunt|0 fnt
|faint|p2a: Pecharunt
|
|-weather|SunnyDay|[upkeep]
|upkeep
|
|t:|1760318994
|switch|p2a: Ursaluna|Ursaluna, F|100/100
|turn|8
|
|t:|1760319001
|move|p2a: Ursaluna|Double-Edge|p1a: Torkoal
|-damage|p1a: Torkoal|20/100
|-damage|p2a: Ursaluna|81/100|[from] Recoil
|move|p1a: Torkoal|Lava Plume|p2a: Ursaluna
|-damage|p2a: Ursaluna|47/100
|
|-weather|SunnyDay|[upkeep]
|upkeep
|turn|9
|
|t:|1760319009
|move|p2a: Ursaluna|Double-Edge|p1a: Torkoal
|-damage|p1a: Torkoal|0 fnt
|faint|p1a: Torkoal
|-damage|p2a: Ursaluna|42/100|[from] Recoil
|
|-weather|SunnyDay|[upkeep]
|upkeep
|
|t:|1760319013
|switch|p1a: Great Tusk|Great Tusk|100/100
|-activate|p1a: Great Tusk|ability: Protosynthesis
|-start|p1a: Great Tusk|protosynthesisatk
|turn|10
|
|t:|1760319020
|move|p1a: Great Tusk|Headlong Rush|p2a: Ursaluna
|-damage|p2a: Ursaluna|0 fnt
|-unboost|p1a: Great Tusk|def|1
|-unboost|p1a: Great Tusk|spd|1
|faint|p2a: Ursaluna
|
|-weather|SunnyDay|[upkeep]
|upkeep
|inactive|Battle timer is ON: inactive players will automatically lose when time's up. (requested by Christendom)
|
|t:|1760319052
|switch|p2a: Ogerpon|Ogerpon, F|9/100
|turn|11
|
|t:|1760319057
|-end|p1a: Great Tusk|Protosynthesis|[silent]
|switch|p1a: Kingambit|Kingambit, F|100/100
|-activate|p1a: Kingambit|ability: Supreme Overlord
|-start|p1a: Kingambit|fallen3|[silent]
|move|p2a: Ogerpon|Power Whip|p1a: Kingambit
|-resisted|p1a: Kingambit
|-damage|p1a: Kingambit|67/100
|
|-weather|SunnyDay|[upkeep]
|-heal|p1a: Kingambit|73/100|[from] item: Leftovers
|upkeep
|turn|12
|
|t:|1760319073
|switch|p2a: Cinderace|Cinderace, F|100/100
|move|p1a: Kingambit|Kowtow Cleave|p2a: Cinderace
|-damage|p2a: Cinderace|9/100
|
|-weather|SunnyDay|[upkeep]
|-heal|p1a: Kingambit|79/100|[from] item: Leftovers
|upkeep
|turn|13
|
|t:|1760319085
|move|p1a: Kingambit|Sucker Punch||[still]
|-fail|p1a: Kingambit
|move|p2a: Cinderace|Court Change||[still]
|-start|p2a: Cinderace|typechange|Normal|[from] ability: Libero
|-fail|p2a: Cinderace
|
|-weather|SunnyDay|[upkeep]
|-heal|p1a: Kingambit|86/100|[from] item: Leftovers
|upkeep
|turn|14
|
|t:|1760319093
|move|p1a: Kingambit|Sucker Punch||[still]
|-fail|p1a: Kingambit
|move|p2a: Cinderace|Court Change||[still]
|-fail|p2a: Cinderace
|
|-weather|none
|-heal|p1a: Kingambit|92/100|[from] item: Leftovers
|upkeep
|turn|15
|
|t:|1760319100
|switch|p2a: Scizor|Scizor, M|100/100
|move|p1a: Kingambit|Sucker Punch||[still]
|-fail|p1a: Kingambit
|
|-heal|p1a: Kingambit|98/100|[from] item: Leftovers
|upkeep
|turn|16
|
|t:|1760319118
|-end|p1a: Kingambit|fallen3|[silent]
|switch|p1a: Great Tusk|Great Tusk|100/100
|move|p2a: Scizor|Close Combat|p1a: Great Tusk
|-damage|p1a: Great Tusk|50/100
|-unboost|p2a: Scizor|def|1
|-unboost|p2a: Scizor|spd|1
|
|upkeep
|turn|17
|
|t:|1760319127
|switch|p2a: Cinderace|Cinderace, F|9/100
|move|p1a: Great Tusk|Close Combat|p2a: Cinderace
|-damage|p2a: Cinderace|0 fnt
|-unboost|p1a: Great Tusk|def|1
|-unboost|p1a: Great Tusk|spd|1
|faint|p2a: Cinderace
|
|upkeep
|
|t:|1760319136
|switch|p2a: Ogerpon|Ogerpon, F|9/100
|turn|18
|
|t:|1760319143
|-end|p1a: Great Tusk|Protosynthesis|[silent]
|switch|p1a: Enamorus|Enamorus, F|100/100
|move|p2a: Ogerpon|Low Kick|p1a: Enamorus
|-resisted|p1a: Enamorus
|-damage|p1a: Enamorus|87/100
|
|upkeep
|turn|19
|
|t:|1760319149
|switch|p2a: Scizor|Scizor, M|100/100
|move|p1a: Enamorus|Mystical Fire|p2a: Scizor
|-supereffective|p2a: Scizor
|-damage|p2a: Scizor|0 fnt
|faint|p2a: Scizor
|
|upkeep
|-message|dia90 forfeited.
|
|win|Christendom
|raw|Christendom's rating: 1626 &rarr; <strong>1645</strong><br />(+19 for winning)
|raw|dia90's rating: 1608 &rarr; <strong>1589</strong><br />(-19 for losing)
|l|☆dia90
|player|p2|
