|j|☆MothmanMoss
|j|☆startersareop
|t:|1760344557
|gametype|singles
|player|p1|MothmanMoss|harlequin|1115
|player|p2|startersareop|170|1191
|gen|9
|tier|[Gen 9] OU
|rated|
|rule|HP Percentage Mod: HP is shown in percentages
|rule|Endless Battle Clause: Forcing endless battles is banned
|rule|Species Clause: Limit one of each Pokémon
|rule|OHKO Clause: OHKO moves are banned
|rule|Evasion Items Clause: Evasion items are banned
|rule|Evasion Moves Clause: Evasion moves are banned
|rule|Evasion Abilities Clause: Evasion abilities are banned
|rule|Sleep Moves Clause: Sleep-inducing moves are banned
|clearpoke
|poke|p1|Hoopa-Unbound|
|poke|p1|Alomomola, F|
|poke|p1|Dragapult, F|
|poke|p1|Weezing-Galar, F|
|poke|p1|Kingambit, F|
|poke|p1|Landorus-Therian, M|
|poke|p2|Blaziken, F|
|poke|p2|Greninja-*, M|
|poke|p2|Samurott-Hisui, F|
|poke|p2|Chesnaught, F|
|poke|p2|Decidueye, M|
|poke|p2|Delphox, M|
|teampreview
|inactive|Battle timer is ON: inactive players will automatically lose when time's up. (requested by startersareop)
|
|t:|1760344576
|teamsize|p1|6
|teamsize|p2|6
|start
|switch|p1a: DogIHate|Landorus-Therian, M|100/100
|switch|p2a: Chesnaught|Chesnaught, F|100/100
|-ability|p1a: DogIHate|Intimidate|boost
|-unboost|p2a: Chesnaught|atk|1
|turn|1
|
|t:|1760344594
|move|p1a: DogIHate|U-turn|p2a: Chesnaught
|-damage|p2a: Chesnaught|88/100
|-damage|p1a: DogIHate|84/100|[from] item: Rocky Helmet|[of] p2a: Chesnaught
|
|t:|1760344598
|switch|p1a: LoveMyMustache(s)|Weezing-Galar, F, shiny|100/100|[from] U-turn
|-ability|p1a: LoveMyMustache(s)|Neutralizing Gas
|move|p2a: Chesnaught|Leech Seed|p1a: LoveMyMustache(s)
|-start|p1a: LoveMyMustache(s)|move: Leech Seed
|
|-damage|p1a: LoveMyMustache(s)|88/100|[from] Leech Seed|[of] p2a: Chesnaught
|-heal|p2a: Chesnaught|98/100|[silent]
|upkeep
|turn|2
|
|t:|1760344609
|switch|p2a: Delphox|Delphox, M|100/100
|move|p1a: LoveMyMustache(s)|Will-O-Wisp|p2a: Delphox|[miss]
|-miss|p1a: LoveMyMustache(s)|p2a: Delphox
|
|-damage|p1a: LoveMyMustache(s)|76/100|[from] Leech Seed|[of] p2a: Delphox
|upkeep
|turn|3
|
|t:|1760344617
|-end|p1a: LoveMyMustache(s)|ability: Neutralizing Gas
|switch|p1a: Sideways Chansey|Alomomola, F, shiny|100/100
|move|p2a: Delphox|Will-O-Wisp|p1a: Sideways Chansey
|-status|p1a: Sideways Chansey|brn
|
|-damage|p1a: Sideways Chansey|94/100 brn|[from] brn
|upkeep
|turn|4
|
|t:|1760344632
|move|p2a: Delphox|Future Sight|p1a: Sideways Chansey
|-start|p2a: Delphox|move: Future Sight
|move|p1a: Sideways Chansey|Flip Turn|p2a: Delphox
|-supereffective|p2a: Delphox
|-damage|p2a: Delphox|76/100
|-enditem|p2a: Delphox|Eject Button
|
|t:|1760344649
|switch|p2a: Blaziken|Blaziken, F|100/100
|
|-damage|p1a: Sideways Chansey|88/100 brn|[from] brn
|upkeep
|turn|5
|
|t:|1760344664
|move|p2a: Blaziken|Swords Dance|p2a: Blaziken
|-boost|p2a: Blaziken|atk|2
|move|p1a: Sideways Chansey|Wish|p1a: Sideways Chansey
|
|-damage|p1a: Sideways Chansey|82/100 brn|[from] brn
|-ability|p2a: Blaziken|Speed Boost|boost
|-boost|p2a: Blaziken|spe|1
|upkeep
|turn|6
|
|t:|1760344680
|move|p2a: Blaziken|Knock Off|p1a: Sideways Chansey
|-damage|p1a: Sideways Chansey|37/100 brn
|-enditem|p1a: Sideways Chansey|Heavy-Duty Boots|[from] move: Knock Off|[of] p2a: Blaziken
|move|p1a: Sideways Chansey|Flip Turn|p2a: Blaziken
|-supereffective|p2a: Blaziken
|-damage|p2a: Blaziken|76/100
|
|t:|1760344702
|switch|p1a: Trungle|Dragapult, F|100/100|[from] Flip Turn
|
|-end|p1a: Trungle|move: Future Sight
|-damage|p1a: Trungle|20/100
|-heal|p1a: Trungle|94/100|[from] move: Wish|[wisher] Sideways Chansey
|-heal|p2a: Blaziken|82/100|[from] item: Leftovers
|-ability|p2a: Blaziken|Speed Boost|boost
|-boost|p2a: Blaziken|spe|1
|upkeep
|turn|7
|
|t:|1760344725
|move|p2a: Blaziken|Knock Off|p1a: Trungle
|-supereffective|p1a: Trungle
|-damage|p1a: Trungle|0 fnt
|-enditem|p1a: Trungle|Heavy-Duty Boots|[from] move: Knock Off|[of] p2a: Blaziken
|faint|p1a: Trungle
|
|-heal|p2a: Blaziken|88/100|[from] item: Leftovers
|-ability|p2a: Blaziken|Speed Boost|boost
|-boost|p2a: Blaziken|spe|1
|upkeep
|l|☆MothmanMoss
|inactive|MothmanMoss disconnected and has a minute to reconnect!
|player|p1|
|j|☆MothmanMoss
|inactive|MothmanMoss reconnected and has 140 seconds left.
|player|p1|MothmanMoss|harlequin|
|
|t:|1760344745
|switch|p1a: LoveMyMustache(s)|Weezing-Galar, F, shiny|76/100
|-ability|p1a: LoveMyMustache(s)|Neutralizing Gas
|turn|8
|
|t:|1760344756
|-terastallize|p1a: LoveMyMustache(s)|Water
|move|p2a: Blaziken|Flare Blitz|p1a: LoveMyMustache(s)
|-resisted|p1a: LoveMyMustache(s)
|-damage|p1a: LoveMyMustache(s)|29/100
|-status|p1a: LoveMyMustache(s)|brn
|-damage|p2a: Blaziken|73/100|[from] Recoil
|move|p1a: LoveMyMustache(s)|Strange Steam|p2a: Blaziken
|-damage|p2a: Blaziken|34/100
|
|-heal|p2a: Blaziken|40/100|[from] item: Leftovers
|-damage|p1a: LoveMyMustache(s)|23/100 brn|[from] brn
|upkeep
|turn|9
|
|t:|1760344768
|-end|p1a: LoveMyMustache(s)|ability: Neutralizing Gas
|switch|p1a: Sideways Chansey|Alomomola, F, shiny|71/100 brn
|move|p2a: Blaziken|Knock Off|p1a: Sideways Chansey
|-damage|p1a: Sideways Chansey|37/100 brn
|
|-heal|p2a: Blaziken|46/100|[from] item: Leftovers
|-damage|p1a: Sideways Chansey|31/100 brn|[from] brn
|-ability|p2a: Blaziken|Speed Boost|boost
|-boost|p2a: Blaziken|spe|1
|upkeep
|turn|10
|
|t:|1760344787
|move|p2a: Blaziken|Knock Off|p1a: Sideways Chansey
|-damage|p1a: Sideways Chansey|1/100 brn
|move|p1a: Sideways Chansey|Flip Turn|p2a: Blaziken
|-supereffective|p2a: Blaziken
|-damage|p2a: Blaziken|21/100
|
|t:|1760344792
|switch|p1a: LoveMyMustache(s)|Weezing-Galar, F, shiny, tera:Water|23/100 brn|[from] Flip Turn
|-ability|p1a: LoveMyMustache(s)|Neutralizing Gas
|
|-heal|p2a: Blaziken|27/100|[from] item: Leftovers
|-damage|p1a: LoveMyMustache(s)|17/100 brn|[from] brn
|upkeep
|turn|11
|
|t:|1760344801
|move|p2a: Blaziken|Knock Off|p1a: LoveMyMustache(s)
|-crit|p1a: LoveMyMustache(s)
|-damage|p1a: LoveMyMustache(s)|0 fnt
|-enditem|p1a: LoveMyMustache(s)|Heavy-Duty Boots|[from] move: Knock Off|[of] p2a: Blaziken
|faint|p1a: LoveMyMustache(s)
|-end|p1a: LoveMyMustache(s)|ability: Neutralizing Gas
|
|-heal|p2a: Blaziken|33/100|[from] item: Leftovers
|-ability|p2a: Blaziken|Speed Boost|boost
|-boost|p2a: Blaziken|spe|1
|upkeep
|
|t:|1760344806
|switch|p1a: Beetle|Kingambit, F|100/100
|-activate|p1a: Beetle|ability: Supreme Overlord
|-start|p1a: Beetle|fallen2|[silent]
|turn|12
|
|t:|1760344809
|move|p1a: Beetle|Sucker Punch|p2a: Blaziken
|-resisted|p2a: Blaziken
|-damage|p2a: Blaziken|0 fnt
|faint|p2a: Blaziken
|
|upkeep
|
|t:|1760344814
|switch|p2a: Chesnaught|Chesnaught, F|98/100
|turn|13
|
|t:|1760344820
|-end|p1a: Beetle|fallen2|[silent]
|switch|p1a: DogIHate|Landorus-Therian, M|84/100
|-ability|p1a: DogIHate|Intimidate|boost
|-unboost|p2a: Chesnaught|atk|1
|move|p2a: Chesnaught|Leech Seed|p1a: DogIHate
|-start|p1a: DogIHate|move: Leech Seed
|
|-damage|p1a: DogIHate|72/100|[from] Leech Seed|[of] p2a: Chesnaught
|-heal|p2a: Chesnaught|100/100|[silent]
|upkeep
|turn|14
|
|t:|1760344828
|move|p1a: DogIHate|U-turn|p2a: Chesnaught
|-damage|p2a: Chesnaught|88/100
|-damage|p1a: DogIHate|55/100|[from] item: Rocky Helmet|[of] p2a: Chesnaught
|
|t:|1760344831
|switch|p1a: Sideways Chansey|Alomomola, F, shiny|35/100 brn|[from] U-turn
|move|p2a: Chesnaught|Seed Bomb|p1a: Sideways Chansey
|-supereffective|p1a: Sideways Chansey
|-damage|p1a: Sideways Chansey|9/100 brn
|
|-damage|p1a: Sideways Chansey|3/100 brn|[from] brn
|upkeep
|turn|15
|
|t:|1760344841
|switch|p1a: Beetle|Kingambit, F|100/100
|-activate|p1a: Beetle|ability: Supreme Overlord
|-start|p1a: Beetle|fallen2|[silent]
|move|p2a: Chesnaught|Leech Seed|p1a: Beetle
|-start|p1a: Beetle|move: Leech Seed
|
|-damage|p1a: Beetle|88/100|[from] Leech Seed|[of] p2a: Chesnaught
|-heal|p2a: Chesnaught|99/100|[silent]
|upkeep
|turn|16
|
|t:|1760344861
|move|p2a: Chesnaught|Body Press|p1a: Beetle
|-supereffective|p1a: Beetle
|-damage|p1a: Beetle|0 fnt
|faint|p1a: Beetle
|-end|p1a: Beetle|fallen2|[silent]
|
|upkeep
|
|t:|1760344863
|switch|p1a: DogIHate|Landorus-Therian, M|55/100
|-ability|p1a: DogIHate|Intimidate|boost
|-unboost|p2a: Chesnaught|atk|1
|turn|17
|
|t:|1760344874
|move|p1a: DogIHate|U-turn|p2a: Chesnaught
|-damage|p2a: Chesnaught|85/100
|-damage|p1a: DogIHate|39/100|[from] item: Rocky Helmet|[of] p2a: Chesnaught
|-message|MothmanMoss forfeited.
|
|win|startersareop
|raw|MothmanMoss's rating: 1115 &rarr; <strong>1095</strong><br />(-20 for losing)
|raw|startersareop's rating: 1191 &rarr; <strong>1211</strong><br />(+20 for winning)
|l|☆startersareop
|player|p2|
|c|☆MothmanMoss|gg
|l|☆MothmanMoss
|player|p1|
