|j|☆ollierob1
|j|☆teikavideo
|t:|1760374314
|gametype|singles
|player|p1|ollierob1|hoopster|1563
|player|p2|teikavideo|1|1570
|gen|9
|tier|[Gen 9] OU
|rated|
|rule|HP Percentage Mod: HP is shown in percentages
|rule|Endless Battle Clause: Forcing endless battles is banned
|rule|Species Clause: Limit one of each Pokémon
|rule|OHKO Clause: OHKO moves are banned
|rule|Evasion Items Clause: Evasion items are banned
|rule|Evasion Moves Clause: Evasion moves are banned
|rule|Evasion Abilities Clause: Evasion abilities are banned
|rule|Sleep Moves Clause: Sleep-inducing moves are banned
|clearpoke
|poke|p1|Iron Valiant|
|poke|p1|Landorus-Therian, M|
|poke|p1|Pecharunt|
|poke|p1|Volcanion|
|poke|p1|Deoxys-Speed|
|poke|p1|Kingambit, M|
|poke|p2|Tyranitar, F|
|poke|p2|Excadrill, M|
|poke|p2|Hydrapple, M|
|poke|p2|Garganacl, F|
|poke|p2|Talonflame, M|
|poke|p2|Dragapult, M|
|teampreview
|inactive|Battle timer is ON: inactive players will automatically lose when time's up. (requested by teikavideo)
|
|t:|1760374347
|teamsize|p1|6
|teamsize|p2|6
|start
|switch|p1a: Deoxys|Deoxys-Speed|100/100
|switch|p2a: Tyranitar|Tyranitar, F|100/100
|-ability|p1a: Deoxys|Pressure
|-weather|Sandstorm|[from] ability: Sand Stream|[of] p2a: Tyranitar
|turn|1
|
|t:|1760374360
|switch|p1a: Landorus|Landorus-Therian, M|100/100
|-ability|p1a: Landorus|Intimidate|boost
|-unboost|p2a: Tyranitar|atk|1
|move|p2a: Tyranitar|Knock Off|p1a: Landorus
|-damage|p1a: Landorus|70/100
|-damage|p2a: Tyranitar|84/100|[from] item: Rocky Helmet|[of] p1a: Landorus
|-enditem|p1a: Landorus|Rocky Helmet|[from] move: Knock Off|[of] p2a: Tyranitar
|
|-weather|Sandstorm|[upkeep]
|upkeep
|turn|2
|
|t:|1760374371
|move|p1a: Landorus|Earthquake|p2a: Tyranitar
|-supereffective|p2a: Tyranitar
|-damage|p2a: Tyranitar|13/100
|move|p2a: Tyranitar|Ice Beam|p1a: Landorus
|-supereffective|p1a: Landorus
|-damage|p1a: Landorus|0 fnt
|faint|p1a: Landorus
|
|-weather|Sandstorm|[upkeep]
|upkeep
|
|t:|1760374378
|switch|p1a: Volcanion|Volcanion|100/100
|turn|3
|
|t:|1760374401
|switch|p2a: Hydrapple|Hydrapple, M|100/100
|move|p1a: Volcanion|Earth Power|p2a: Hydrapple
|-resisted|p2a: Hydrapple
|-damage|p2a: Hydrapple|83/100
|
|-weather|Sandstorm|[upkeep]
|-damage|p1a: Volcanion|94/100|[from] Sandstorm
|-damage|p2a: Hydrapple|77/100|[from] Sandstorm
|upkeep
|turn|4
|
|t:|1760374414
|move|p1a: Volcanion|Sludge Bomb|p2a: Hydrapple
|-supereffective|p2a: Hydrapple
|-damage|p2a: Hydrapple|4/100
|-status|p2a: Hydrapple|psn
|move|p2a: Hydrapple|Earth Power|p1a: Volcanion
|-supereffective|p1a: Volcanion
|-damage|p1a: Volcanion|34/100
|
|-weather|Sandstorm|[upkeep]
|-damage|p1a: Volcanion|28/100|[from] Sandstorm
|-damage|p2a: Hydrapple|0 fnt|[from] Sandstorm
|faint|p2a: Hydrapple
|upkeep
|
|t:|1760374428
|switch|p2a: Dragapult|Dragapult, M|100/100
|turn|5
|
|t:|1760374439
|move|p2a: Dragapult|U-turn|p1a: Volcanion
|-resisted|p1a: Volcanion
|-damage|p1a: Volcanion|9/100
|
|t:|1760374454
|switch|p2a: Talonflame|Talonflame, M|100/100|[from] U-turn
|move|p1a: Volcanion|Steam Eruption|p2a: Talonflame
|-supereffective|p2a: Talonflame
|-damage|p2a: Talonflame|0 fnt
|faint|p2a: Talonflame
|
|-weather|Sandstorm|[upkeep]
|-damage|p1a: Volcanion|3/100|[from] Sandstorm
|upkeep
|inactive|teikavideo has 120 seconds left.
|
|t:|1760374465
|switch|p2a: Garganacl|Garganacl, F|100/100
|turn|6
|
|t:|1760374474
|-terastallize|p2a: Garganacl|Water
|move|p1a: Volcanion|Steam Eruption|p2a: Garganacl
|-resisted|p2a: Garganacl
|-damage|p2a: Garganacl|80/100
|move|p2a: Garganacl|Iron Defense|p2a: Garganacl
|-boost|p2a: Garganacl|def|2
|
|-weather|Sandstorm|[upkeep]
|-damage|p1a: Volcanion|0 fnt|[from] Sandstorm
|-damage|p2a: Garganacl|74/100|[from] Sandstorm
|faint|p1a: Volcanion
|-heal|p2a: Garganacl|80/100|[from] item: Leftovers
|upkeep
|inactive|ollierob1 has 120 seconds left.
|
|t:|1760374505
|switch|p1a: Iron Valiant|Iron Valiant, shiny|100/100
|-enditem|p1a: Iron Valiant|Booster Energy
|-activate|p1a: Iron Valiant|ability: Quark Drive|[fromitem]
|-start|p1a: Iron Valiant|quarkdrivespe
|turn|7
|
|t:|1760374511
|move|p1a: Iron Valiant|Knock Off|p2a: Garganacl
|-damage|p2a: Garganacl|72/100
|-enditem|p2a: Garganacl|Leftovers|[from] move: Knock Off|[of] p1a: Iron Valiant
|move|p2a: Garganacl|Salt Cure|p1a: Iron Valiant
|-resisted|p1a: Iron Valiant
|-damage|p1a: Iron Valiant|91/100
|-start|p1a: Iron Valiant|Salt Cure
|
|-weather|Sandstorm|[upkeep]
|-damage|p1a: Iron Valiant|85/100|[from] Sandstorm
|-damage|p2a: Garganacl|66/100|[from] Sandstorm
|-damage|p1a: Iron Valiant|72/100|[from] Salt Cure
|upkeep
|turn|8
|
|t:|1760374523
|move|p1a: Iron Valiant|Moonblast|p2a: Garganacl
|-crit|p2a: Garganacl
|-damage|p2a: Garganacl|17/100
|-unboost|p2a: Garganacl|spa|1
|move|p2a: Garganacl|Recover|p2a: Garganacl
|-heal|p2a: Garganacl|67/100
|
|-weather|none
|-damage|p1a: Iron Valiant|60/100|[from] Salt Cure
|upkeep
|turn|9
|
|t:|1760374532
|move|p1a: Iron Valiant|Moonblast|p2a: Garganacl
|-damage|p2a: Garganacl|32/100
|move|p2a: Garganacl|Recover|p2a: Garganacl
|-heal|p2a: Garganacl|82/100
|
|-damage|p1a: Iron Valiant|48/100|[from] Salt Cure
|upkeep
|turn|10
|
|t:|1760374539
|move|p1a: Iron Valiant|Moonblast|p2a: Garganacl
|-damage|p2a: Garganacl|47/100
|move|p2a: Garganacl|Recover|p2a: Garganacl
|-heal|p2a: Garganacl|97/100
|
|-damage|p1a: Iron Valiant|35/100|[from] Salt Cure
|upkeep
|turn|11
|
|t:|1760374547
|move|p1a: Iron Valiant|Moonblast|p2a: Garganacl
|-damage|p2a: Garganacl|62/100
|-unboost|p2a: Garganacl|spa|1
|move|p2a: Garganacl|Recover|p2a: Garganacl
|-heal|p2a: Garganacl|100/100
|
|-damage|p1a: Iron Valiant|23/100|[from] Salt Cure
|upkeep
|turn|12
|
|t:|1760374560
|move|p1a: Iron Valiant|Moonblast|p2a: Garganacl
|-damage|p2a: Garganacl|69/100
|move|p2a: Garganacl|Recover|p2a: Garganacl
|-heal|p2a: Garganacl|100/100
|
|-damage|p1a: Iron Valiant|10/100|[from] Salt Cure
|upkeep
|turn|13
|
|t:|1760374570
|move|p1a: Iron Valiant|Moonblast|p2a: Garganacl
|-damage|p2a: Garganacl|69/100
|-unboost|p2a: Garganacl|spa|1
|move|p2a: Garganacl|Iron Defense|p2a: Garganacl
|-boost|p2a: Garganacl|def|2
|
|-damage|p1a: Iron Valiant|0 fnt|[from] Salt Cure
|faint|p1a: Iron Valiant
|-end|p1a: Iron Valiant|Quark Drive|[silent]
|upkeep
|
|t:|1760374579
|switch|p1a: Deoxys|Deoxys-Speed|100/100
|-ability|p1a: Deoxys|Pressure
|turn|14
|
|t:|1760374583
|move|p1a: Deoxys|Nasty Plot|p1a: Deoxys
|-boost|p1a: Deoxys|spa|2
|move|p2a: Garganacl|Salt Cure|p1a: Deoxys
|-damage|p1a: Deoxys|78/100
|-start|p1a: Deoxys|Salt Cure
|
|-damage|p1a: Deoxys|65/100|[from] Salt Cure
|upkeep
|turn|15
|
|t:|1760374593
|switch|p2a: Tyranitar|Tyranitar, F|13/100
|-weather|Sandstorm|[from] ability: Sand Stream|[of] p2a: Tyranitar
|move|p1a: Deoxys|Psycho Boost|p2a: Tyranitar
|-immune|p2a: Tyranitar
|
|-weather|Sandstorm|[upkeep]
|-damage|p1a: Deoxys|59/100|[from] Sandstorm
|-damage|p1a: Deoxys|47/100|[from] Salt Cure
|upkeep
|turn|16
|
|t:|1760374605
|move|p1a: Deoxys|Focus Blast|p2a: Tyranitar|[miss]
|-miss|p1a: Deoxys|p2a: Tyranitar
|move|p2a: Tyranitar|Knock Off|p1a: Deoxys
|-supereffective|p1a: Deoxys
|-damage|p1a: Deoxys|0 fnt
|-enditem|p1a: Deoxys|Heavy-Duty Boots|[from] move: Knock Off|[of] p2a: Tyranitar
|faint|p1a: Deoxys
|
|-weather|Sandstorm|[upkeep]
|upkeep
|
|t:|1760374613
|switch|p1a: Kingambit|Kingambit, M|100/100
|-activate|p1a: Kingambit|ability: Supreme Overlord
|-start|p1a: Kingambit|fallen4|[silent]
|turn|17
|
|t:|1760374619
|move|p1a: Kingambit|Sucker Punch||[still]
|-fail|p1a: Kingambit
|move|p2a: Tyranitar|Roar|p1a: Kingambit
|-end|p1a: Kingambit|fallen4|[silent]
|drag|p1a: Pecharunt|Pecharunt|100/100
|
|-weather|Sandstorm|[upkeep]
|-damage|p1a: Pecharunt|94/100|[from] Sandstorm
|upkeep
|turn|18
|
|t:|1760374637
|move|p1a: Pecharunt|Parting Shot|p2a: Tyranitar
|-unboost|p2a: Tyranitar|atk|1
|-unboost|p2a: Tyranitar|spa|1
|
|t:|1760374638
|switch|p1a: Kingambit|Kingambit, M|100/100|[from] Parting Shot
|-activate|p1a: Kingambit|ability: Supreme Overlord
|-start|p1a: Kingambit|fallen4|[silent]
|move|p2a: Tyranitar|Knock Off|p1a: Kingambit
|-resisted|p1a: Kingambit
|-damage|p1a: Kingambit|87/100
|-enditem|p1a: Kingambit|Leftovers|[from] move: Knock Off|[of] p2a: Tyranitar
|
|-weather|Sandstorm|[upkeep]
|upkeep
|turn|19
|
|t:|1760374650
|move|p1a: Kingambit|Kowtow Cleave|p2a: Tyranitar
|-resisted|p2a: Tyranitar
|-damage|p2a: Tyranitar|0 fnt
|faint|p2a: Tyranitar
|
|-weather|Sandstorm|[upkeep]
|upkeep
|
|t:|1760374657
|switch|p2a: Excadrill|Excadrill, M|100/100
|turn|20
|
|t:|1760374680
|-terastallize|p1a: Kingambit|Fairy
|move|p2a: Excadrill|Earthquake|p1a: Kingambit
|-damage|p1a: Kingambit|49/100
|move|p1a: Kingambit|Swords Dance|p1a: Kingambit
|-boost|p1a: Kingambit|atk|2
|
|-weather|Sandstorm|[upkeep]
|-damage|p1a: Kingambit|43/100|[from] Sandstorm
|upkeep
|turn|21
|
|t:|1760374692
|move|p1a: Kingambit|Sucker Punch|p2a: Excadrill
|-damage|p2a: Excadrill|0 fnt
|faint|p2a: Excadrill
|
|-weather|Sandstorm|[upkeep]
|-damage|p1a: Kingambit|37/100|[from] Sandstorm
|upkeep
|c|☆teikavideo|balanced
|
|t:|1760374708
|switch|p2a: Garganacl|Garganacl, F, tera:Water|69/100
|turn|22
|
|t:|1760374720
|move|p1a: Kingambit|Kowtow Cleave|p2a: Garganacl
|-damage|p2a: Garganacl|0 fnt
|faint|p2a: Garganacl
|
|-weather|none
|upkeep
|-message|teikavideo forfeited.
|
|win|ollierob1
|raw|ollierob1's rating: 1563 &rarr; <strong>1583</strong><br />(+20 for winning)
|raw|teikavideo's rating: 1570 &rarr; <strong>1550</strong><br />(-20 for losing)
|l|☆teikavideo
|player|p2|
|l|☆ollierob1
|player|p1|
