|j|☆hacksareus10
|j|☆akf123456789
|t:|1760430224
|gametype|singles
|player|p1|hacksareus10|170|1168
|player|p2|akf123456789|n|1207
|gen|9
|tier|[Gen 9] OU
|rated|
|rule|HP Percentage Mod: HP is shown in percentages
|rule|Endless Battle Clause: Forcing endless battles is banned
|rule|Species Clause: Limit one of each Pokémon
|rule|OHKO Clause: OHKO moves are banned
|rule|Evasion Items Clause: Evasion items are banned
|rule|Evasion Moves Clause: Evasion moves are banned
|rule|Evasion Abilities Clause: Evasion abilities are banned
|rule|Sleep Moves Clause: Sleep-inducing moves are banned
|clearpoke
|poke|p1|Walking Wake|
|poke|p1|Arboliva, M|
|poke|p1|Ninetales, F|
|poke|p1|Corviknight, M|
|poke|p1|Landorus-Therian, M|
|poke|p1|Armarouge, M|
|poke|p2|Iron Valiant|
|poke|p2|Kingambit, F|
|poke|p2|Iron Moth|
|poke|p2|Zamazenta-*|
|poke|p2|Deoxys-Speed|
|poke|p2|Iron Treads|
|teampreview
|inactive|Battle timer is ON: inactive players will automatically lose when time's up. (requested by hacksareus10)
|inactive|hacksareus10 has 120 seconds left.
|
|t:|1760430265
|teamsize|p1|6
|teamsize|p2|6
|start
|switch|p1a: Ninetales|Ninetales, F|100/100
|switch|p2a: Iron Valiant|Iron Valiant|100/100
|-weather|SunnyDay|[from] ability: Drought|[of] p1a: Ninetales
|-enditem|p2a: Iron Valiant|Booster Energy
|-activate|p2a: Iron Valiant|ability: Quark Drive|[fromitem]
|-start|p2a: Iron Valiant|quarkdrivespe
|turn|1
|inactive|hacksareus10 has 120 seconds left.
|inactive|akf123456789 has 120 seconds left.
|
|t:|1760430303
|move|p2a: Iron Valiant|Swords Dance|p2a: Iron Valiant
|-boost|p2a: Iron Valiant|atk|2
|move|p1a: Ninetales|Weather Ball|p2a: Iron Valiant
|-damage|p2a: Iron Valiant|21/100
|
|-weather|SunnyDay|[upkeep]
|upkeep
|turn|2
|inactive|hacksareus10 has 120 seconds left.
|inactive|akf123456789 has 120 seconds left.
|
|t:|1760430321
|move|p2a: Iron Valiant|Close Combat|p1a: Ninetales
|-damage|p1a: Ninetales|0 fnt
|-unboost|p2a: Iron Valiant|def|1
|-unboost|p2a: Iron Valiant|spd|1
|faint|p1a: Ninetales
|
|-weather|SunnyDay|[upkeep]
|upkeep
|inactive|hacksareus10 has 90 seconds left.
|
|t:|1760430355
|switch|p1a: Landorus|Landorus-Therian, M|100/100
|-ability|p1a: Landorus|Intimidate|boost
|-unboost|p2a: Iron Valiant|atk|1
|turn|3
|inactive|hacksareus10 has 90 seconds left.
|inactive|akf123456789 has 120 seconds left.
|
|t:|1760430376
|switch|p1a: Corviknight|Corviknight, M|100/100
|-ability|p1a: Corviknight|Pressure
|move|p2a: Iron Valiant|Knock Off|p1a: Corviknight
|-damage|p1a: Corviknight|67/100
|-damage|p2a: Iron Valiant|5/100|[from] item: Rocky Helmet|[of] p1a: Corviknight
|-enditem|p1a: Corviknight|Rocky Helmet|[from] move: Knock Off|[of] p2a: Iron Valiant
|
|-weather|SunnyDay|[upkeep]
|upkeep
|turn|4
|inactive|akf123456789 has 120 seconds left.
|
|t:|1760430389
|move|p2a: Iron Valiant|Close Combat|p1a: Corviknight
|-damage|p1a: Corviknight|8/100
|-unboost|p2a: Iron Valiant|def|1
|-unboost|p2a: Iron Valiant|spd|1
|move|p1a: Corviknight|Roost|p1a: Corviknight
|-heal|p1a: Corviknight|58/100
|-singleturn|p1a: Corviknight|move: Roost
|
|-weather|SunnyDay|[upkeep]
|upkeep
|turn|5
|inactive|akf123456789 has 120 seconds left.
|
|t:|1760430403
|move|p2a: Iron Valiant|Close Combat|p1a: Corviknight
|-damage|p1a: Corviknight|3/100
|-unboost|p2a: Iron Valiant|def|1
|-unboost|p2a: Iron Valiant|spd|1
|move|p1a: Corviknight|Roost|p1a: Corviknight
|-heal|p1a: Corviknight|53/100
|-singleturn|p1a: Corviknight|move: Roost
|
|-weather|SunnyDay|[upkeep]
|upkeep
|turn|6
|inactive|akf123456789 has 120 seconds left.
|
|t:|1760430414
|move|p2a: Iron Valiant|Close Combat|p1a: Corviknight
|-damage|p1a: Corviknight|0 fnt
|-unboost|p2a: Iron Valiant|def|1
|-unboost|p2a: Iron Valiant|spd|1
|faint|p1a: Corviknight
|
|-weather|SunnyDay|[upkeep]
|upkeep
|
|t:|1760430425
|switch|p1a: Landorus|Landorus-Therian, M|100/100
|-ability|p1a: Landorus|Intimidate|boost
|-unboost|p2a: Iron Valiant|atk|1
|turn|7
|
|t:|1760430430
|move|p2a: Iron Valiant|Knock Off|p1a: Landorus
|-damage|p1a: Landorus|61/100
|-enditem|p1a: Landorus|Choice Scarf|[from] move: Knock Off|[of] p2a: Iron Valiant
|move|p1a: Landorus|U-turn|p2a: Iron Valiant
|-resisted|p2a: Iron Valiant
|-damage|p2a: Iron Valiant|0 fnt
|faint|p2a: Iron Valiant
|-end|p2a: Iron Valiant|Quark Drive|[silent]
|
|t:|1760430446
|switch|p1a: Walking Wake|Walking Wake|100/100|[from] U-turn
|-activate|p1a: Walking Wake|ability: Protosynthesis
|-start|p1a: Walking Wake|protosynthesisspe
|
|-weather|SunnyDay|[upkeep]
|upkeep
|inactive|akf123456789 has 120 seconds left.
|
|t:|1760430463
|switch|p2a: Iron Moth|Iron Moth|100/100
|-enditem|p2a: Iron Moth|Booster Energy
|-activate|p2a: Iron Moth|ability: Quark Drive|[fromitem]
|-start|p2a: Iron Moth|quarkdrivespe
|turn|8
|
|t:|1760430473
|-terastallize|p2a: Iron Moth|Grass
|move|p2a: Iron Moth|Energy Ball|p1a: Walking Wake
|-damage|p1a: Walking Wake|50/100
|move|p1a: Walking Wake|Hydro Steam|p2a: Iron Moth
|-resisted|p2a: Iron Moth
|-crit|p2a: Iron Moth
|-damage|p2a: Iron Moth|40/100
|
|-weather|none
|-end|p1a: Walking Wake|Protosynthesis
|upkeep
|turn|9
|inactive|hacksareus10 has 60 seconds left.
|
|t:|1760430503
|move|p2a: Iron Moth|Dazzling Gleam|p1a: Walking Wake
|-supereffective|p1a: Walking Wake
|-damage|p1a: Walking Wake|0 fnt
|faint|p1a: Walking Wake
|-end|p1a: Walking Wake|Protosynthesis|[silent]
|
|upkeep
|inactive|hacksareus10 has 60 seconds left.
|
|t:|1760430508
|switch|p1a: Arboliva|Arboliva, M|100/100
|turn|10
|
|t:|1760430518
|-terastallize|p1a: Arboliva|Ghost
|move|p2a: Iron Moth|Fiery Dance|p1a: Arboliva
|-damage|p1a: Arboliva|65/100
|move|p1a: Arboliva|Substitute|p1a: Arboliva
|-start|p1a: Arboliva|Substitute
|-damage|p1a: Arboliva|40/100
|-enditem|p1a: Arboliva|Sitrus Berry|[eat]
|-heal|p1a: Arboliva|65/100|[from] item: Sitrus Berry
|
|upkeep
|turn|11
|
|t:|1760430533
|move|p2a: Iron Moth|Fiery Dance|p1a: Arboliva
|-end|p1a: Arboliva|Substitute
|-boost|p2a: Iron Moth|spa|1
|move|p1a: Arboliva|Tera Blast|p2a: Iron Moth|[anim] Tera Blast Ghost
|-crit|p2a: Iron Moth
|-damage|p2a: Iron Moth|0 fnt
|faint|p2a: Iron Moth
|-end|p2a: Iron Moth|Quark Drive|[silent]
|
|upkeep
|
|t:|1760430543
|switch|p2a: Zamazenta|Zamazenta|100/100
|-ability|p2a: Zamazenta|Dauntless Shield|boost
|-boost|p2a: Zamazenta|def|1
|turn|12
|
|t:|1760430548
|move|p2a: Zamazenta|Crunch|p1a: Arboliva
|-supereffective|p1a: Arboliva
|-damage|p1a: Arboliva|16/100
|move|p1a: Arboliva|Substitute|p1a: Arboliva
|-fail|p1a: Arboliva|move: Substitute|[weak]
|
|upkeep
|turn|13
|
|t:|1760430556
|move|p1a: Arboliva|Protect|p1a: Arboliva
|-singleturn|p1a: Arboliva|Protect
|move|p2a: Zamazenta|Crunch|p1a: Arboliva
|-activate|p1a: Arboliva|move: Protect
|
|upkeep
|turn|14
|inactive|hacksareus10 has 90 seconds left.
|
|t:|1760430566
|move|p1a: Arboliva|Protect|p1a: Arboliva
|-singleturn|p1a: Arboliva|Protect
|move|p2a: Zamazenta|Crunch|p1a: Arboliva
|-activate|p1a: Arboliva|move: Protect
|
|upkeep
|turn|15
|inactive|hacksareus10 has 90 seconds left.
|
|t:|1760430576
|switch|p1a: Armarouge|Armarouge, M|100/100
|move|p2a: Zamazenta|Crunch|p1a: Armarouge
|-supereffective|p1a: Armarouge
|-damage|p1a: Armarouge|35/100
|-ability|p1a: Armarouge|Weak Armor|boost
|-unboost|p1a: Armarouge|def|1
|-boost|p1a: Armarouge|spe|2
|-enditem|p1a: Armarouge|Weakness Policy
|-boost|p1a: Armarouge|atk|2|[from] item: Weakness Policy
|-boost|p1a: Armarouge|spa|2|[from] item: Weakness Policy
|
|upkeep
|turn|16
|inactive|hacksareus10 has 90 seconds left.
|
|t:|1760430590
|move|p1a: Armarouge|Endure|p1a: Armarouge
|-singleturn|p1a: Armarouge|move: Endure
|move|p2a: Zamazenta|Crunch|p1a: Armarouge
|-supereffective|p1a: Armarouge
|-activate|p1a: Armarouge|move: Endure
|-damage|p1a: Armarouge|1/100
|-ability|p1a: Armarouge|Weak Armor|boost
|-unboost|p1a: Armarouge|def|1
|-boost|p1a: Armarouge|spe|2
|
|upkeep
|turn|17
|inactive|hacksareus10 has 90 seconds left.
|
|t:|1760430601
|move|p1a: Armarouge|Stored Power|p2a: Zamazenta
|-supereffective|p2a: Zamazenta
|-damage|p2a: Zamazenta|0 fnt
|faint|p2a: Zamazenta
|
|upkeep
|
|t:|1760430607
|switch|p2a: Kingambit|Kingambit, F|100/100
|-activate|p2a: Kingambit|ability: Supreme Overlord
|-start|p2a: Kingambit|fallen3|[silent]
|turn|18
|
|t:|1760430617
|move|p1a: Armarouge|Psychic Terrain|p1a: Armarouge
|-fieldstart|move: Psychic Terrain
|move|p2a: Kingambit|Iron Head|p1a: Armarouge
|-resisted|p1a: Armarouge
|-crit|p1a: Armarouge
|-damage|p1a: Armarouge|0 fnt
|faint|p1a: Armarouge
|
|upkeep
|
|t:|1760430632
|switch|p1a: Landorus|Landorus-Therian, M|61/100
|-ability|p1a: Landorus|Intimidate|boost
|-unboost|p2a: Kingambit|atk|1
|turn|19
|
|t:|1760430643
|-end|p2a: Kingambit|fallen3|[silent]
|switch|p2a: Deoxys|Deoxys-Speed|100/100
|-ability|p2a: Deoxys|Pressure
|move|p1a: Landorus|Earthquake|p2a: Deoxys
|-damage|p2a: Deoxys|0 fnt
|faint|p2a: Deoxys
|
|upkeep
|
|t:|1760430656
|switch|p2a: Iron Treads|Iron Treads|100/100
|-enditem|p2a: Iron Treads|Booster Energy
|-activate|p2a: Iron Treads|ability: Quark Drive|[fromitem]
|-start|p2a: Iron Treads|quarkdrivespe
|turn|20
|
|t:|1760430663
|move|p2a: Iron Treads|Knock Off|p1a: Landorus
|-damage|p1a: Landorus|40/100
|move|p1a: Landorus|Earthquake|p2a: Iron Treads
|-supereffective|p2a: Iron Treads
|-damage|p2a: Iron Treads|0 fnt
|faint|p2a: Iron Treads
|-end|p2a: Iron Treads|Quark Drive|[silent]
|
|upkeep
|
|t:|1760430670
|switch|p2a: Kingambit|Kingambit, F|100/100
|-activate|p2a: Kingambit|ability: Supreme Overlord
|-start|p2a: Kingambit|fallen5|[silent]
|turn|21
|
|t:|1760430675
|move|p2a: Kingambit|Sucker Punch|p1a: Landorus
|-hint|Psychic Terrain doesn't affect Pokémon immune to Ground.
|-damage|p1a: Landorus|0 fnt
|faint|p1a: Landorus
|
|upkeep
|inactive|hacksareus10 has 120 seconds left.
|
|t:|1760430709
|switch|p1a: Arboliva|Arboliva, M, tera:Ghost|16/100
|turn|22
|
|t:|1760430716
|move|p2a: Kingambit|Sucker Punch||[still]
|-fail|p2a: Kingambit
|move|p1a: Arboliva|Leech Seed|p2a: Kingambit
|-start|p2a: Kingambit|move: Leech Seed
|
|-damage|p2a: Kingambit|88/100|[from] Leech Seed|[of] p1a: Arboliva
|-heal|p1a: Arboliva|30/100|[silent]
|-fieldend|move: Psychic Terrain
|upkeep
|turn|23
|
|t:|1760430726
|move|p1a: Arboliva|Protect|p1a: Arboliva
|-singleturn|p1a: Arboliva|Protect
|move|p2a: Kingambit|Iron Head|p1a: Arboliva
|-activate|p1a: Arboliva|move: Protect
|
|-heal|p2a: Kingambit|94/100|[from] item: Leftovers
|-damage|p2a: Kingambit|82/100|[from] Leech Seed|[of] p1a: Arboliva
|-heal|p1a: Arboliva|44/100|[silent]
|-item|p1a: Arboliva|Sitrus Berry|[from] ability: Harvest
|upkeep
|-enditem|p1a: Arboliva|Sitrus Berry|[eat]
|-heal|p1a: Arboliva|69/100|[from] item: Sitrus Berry
|turn|24
|
|t:|1760430740
|move|p2a: Kingambit|Swords Dance|p2a: Kingambit
|-boost|p2a: Kingambit|atk|2
|move|p1a: Arboliva|Substitute|p1a: Arboliva
|-start|p1a: Arboliva|Substitute
|-damage|p1a: Arboliva|44/100
|
|-heal|p2a: Kingambit|88/100|[from] item: Leftovers
|-damage|p2a: Kingambit|76/100|[from] Leech Seed|[of] p1a: Arboliva
|-heal|p1a: Arboliva|58/100|[silent]
|upkeep
|turn|25
|
|t:|1760430750
|move|p1a: Arboliva|Protect|p1a: Arboliva
|-singleturn|p1a: Arboliva|Protect
|move|p2a: Kingambit|Iron Head|p1a: Arboliva
|-activate|p1a: Arboliva|move: Protect
|
|-heal|p2a: Kingambit|82/100|[from] item: Leftovers
|-damage|p2a: Kingambit|70/100|[from] Leech Seed|[of] p1a: Arboliva
|-heal|p1a: Arboliva|72/100|[silent]
|upkeep
|turn|26
|inactive|hacksareus10 has 120 seconds left.
|
|t:|1760430762
|move|p2a: Kingambit|Iron Head|p1a: Arboliva
|-end|p1a: Arboliva|Substitute
|move|p1a: Arboliva|Substitute|p1a: Arboliva
|-start|p1a: Arboliva|Substitute
|-damage|p1a: Arboliva|47/100
|
|-heal|p2a: Kingambit|76/100|[from] item: Leftovers
|-damage|p2a: Kingambit|63/100|[from] Leech Seed|[of] p1a: Arboliva
|-heal|p1a: Arboliva|60/100|[silent]
|-item|p1a: Arboliva|Sitrus Berry|[from] ability: Harvest
|upkeep
|turn|27
|inactive|hacksareus10 has 120 seconds left.
|
|t:|1760430773
|move|p1a: Arboliva|Protect|p1a: Arboliva
|-singleturn|p1a: Arboliva|Protect
|move|p2a: Kingambit|Swords Dance|p2a: Kingambit
|-boost|p2a: Kingambit|atk|2
|
|-heal|p2a: Kingambit|70/100|[from] item: Leftovers
|-damage|p2a: Kingambit|57/100|[from] Leech Seed|[of] p1a: Arboliva
|-heal|p1a: Arboliva|74/100|[silent]
|upkeep
|turn|28
|inactive|hacksareus10 has 120 seconds left.
|
|t:|1760430783
|move|p2a: Kingambit|Iron Head|p1a: Arboliva
|-end|p1a: Arboliva|Substitute
|move|p1a: Arboliva|Substitute|p1a: Arboliva
|-start|p1a: Arboliva|Substitute
|-damage|p1a: Arboliva|49/100
|-enditem|p1a: Arboliva|Sitrus Berry|[eat]
|-heal|p1a: Arboliva|74/100|[from] item: Sitrus Berry
|
|-heal|p2a: Kingambit|63/100|[from] item: Leftovers
|-damage|p2a: Kingambit|51/100|[from] Leech Seed|[of] p1a: Arboliva
|-heal|p1a: Arboliva|88/100|[silent]
|-item|p1a: Arboliva|Sitrus Berry|[from] ability: Harvest
|upkeep
|turn|29
|inactive|hacksareus10 has 120 seconds left.
|
|t:|1760430796
|move|p2a: Kingambit|Swords Dance|p2a: Kingambit
|-boost|p2a: Kingambit|atk|2
|move|p1a: Arboliva|Tera Blast|p2a: Kingambit|[anim] Tera Blast Ghost
|-resisted|p2a: Kingambit
|-damage|p2a: Kingambit|34/100
|
|-heal|p2a: Kingambit|40/100|[from] item: Leftovers
|-damage|p2a: Kingambit|28/100|[from] Leech Seed|[of] p1a: Arboliva
|-heal|p1a: Arboliva|100/100|[silent]
|upkeep
|turn|30
|-message|akf123456789 forfeited.
|
|win|hacksareus10
|raw|hacksareus10's rating: 1168 &rarr; <strong>1196</strong><br />(+28 for winning)
|raw|akf123456789's rating: 1207 &rarr; <strong>1179</strong><br />(-28 for losing)
|l|☆akf123456789
|player|p2|
|l|☆hacksareus10
|player|p1|
