|j|☆evening sheep
|j|☆A9MG
|t:|1760416756
|gametype|singles
|player|p1|evening sheep|iris|1360
|player|p2|A9MG|nurseryaide|1320
|gen|9
|tier|[Gen 9] OU
|rated|
|rule|HP Percentage Mod: HP is shown in percentages
|rule|Endless Battle Clause: Forcing endless battles is banned
|rule|Species Clause: Limit one of each Pokémon
|rule|OHKO Clause: OHKO moves are banned
|rule|Evasion Items Clause: Evasion items are banned
|rule|Evasion Moves Clause: Evasion moves are banned
|rule|Evasion Abilities Clause: Evasion abilities are banned
|rule|Sleep Moves Clause: Sleep-inducing moves are banned
|clearpoke
|poke|p1|Tinkaton, F|
|poke|p1|Great Tusk|
|poke|p1|Garganacl, M|
|poke|p1|Keldeo-Resolute|
|poke|p1|Zapdos|
|poke|p1|Dragapult, M|
|poke|p2|Azumarill, F|
|poke|p2|Great Tusk|
|poke|p2|Iron Moth|
|poke|p2|Iron Valiant|
|poke|p2|Landorus-Therian, M|
|poke|p2|Zarude|
|teampreview
|inactive|Battle timer is ON: inactive players will automatically lose when time's up. (requested by A9MG)
|
|t:|1760416771
|teamsize|p1|6
|teamsize|p2|6
|start
|switch|p1a: Booster|Dragapult, M|100/100
|switch|p2a: Zarude|Zarude|100/100
|turn|1
|
|t:|1760416780
|switch|p2a: Landorus|Landorus-Therian, M|100/100
|-ability|p2a: Landorus|Intimidate|boost
|-fail|p1a: Booster|unboost|[from] ability: Clear Body|[of] p1a: Booster
|move|p1a: Booster|U-turn|p2a: Landorus
|-resisted|p2a: Landorus
|-damage|p2a: Landorus|83/100
|-damage|p1a: Booster|84/100|[from] item: Rocky Helmet|[of] p2a: Landorus
|
|t:|1760416788
|switch|p1a: Champ|Keldeo-Resolute|100/100|[from] U-turn
|
|upkeep
|turn|2
|
|t:|1760416794
|switch|p2a: Zarude|Zarude|100/100
|move|p1a: Champ|Surf|p2a: Zarude
|-resisted|p2a: Zarude
|-damage|p2a: Zarude|79/100
|
|upkeep
|turn|3
|
|t:|1760416802
|switch|p1a: Taxman|Zapdos|100/100
|move|p2a: Zarude|Knock Off|p1a: Taxman
|-damage|p1a: Taxman|60/100
|-enditem|p1a: Taxman|Heavy-Duty Boots|[from] move: Knock Off|[of] p2a: Zarude
|
|upkeep
|turn|4
|
|t:|1760416828
|move|p2a: Zarude|Power Whip|p1a: Taxman
|-resisted|p1a: Taxman
|-damage|p1a: Taxman|38/100
|move|p1a: Taxman|Hurricane|p2a: Zarude
|-supereffective|p2a: Zarude
|-damage|p2a: Zarude|28/100
|
|upkeep
|turn|5
|
|t:|1760416840
|move|p2a: Zarude|Power Whip|p1a: Taxman|[miss]
|-miss|p2a: Zarude|p1a: Taxman
|move|p1a: Taxman|Thunder Wave|p2a: Zarude
|-status|p2a: Zarude|par
|
|upkeep
|turn|6
|
|t:|1760416851
|move|p1a: Taxman|Hurricane|p2a: Zarude
|-supereffective|p2a: Zarude
|-damage|p2a: Zarude|0 fnt
|faint|p2a: Zarude
|
|upkeep
|
|t:|1760416862
|switch|p2a: Iron Valiant|Iron Valiant|100/100
|turn|7
|
|t:|1760416880
|switch|p1a: Judge|Tinkaton, F|100/100
|-ability|p1a: Judge|Mold Breaker
|-item|p1a: Judge|Air Balloon
|move|p2a: Iron Valiant|Moonblast|p1a: Judge
|-resisted|p1a: Judge
|-damage|p1a: Judge|66/100
|-enditem|p1a: Judge|Air Balloon
|
|upkeep
|turn|8
|
|t:|1760416890
|-end|p2a: Iron Valiant|Quark Drive|[silent]
|switch|p2a: Landorus|Landorus-Therian, M|83/100
|-ability|p2a: Landorus|Intimidate|boost
|-unboost|p1a: Judge|atk|1
|move|p1a: Judge|Gigaton Hammer|p2a: Landorus
|-damage|p2a: Landorus|54/100
|
|upkeep
|turn|9
|
|t:|1760416907
|switch|p1a: Champ|Keldeo-Resolute|100/100
|move|p2a: Landorus|Taunt|p1a: Champ
|-start|p1a: Champ|move: Taunt
|
|upkeep
|turn|10
|
|t:|1760416918
|switch|p2a: Azumarill|Azumarill, F|100/100
|-terastallize|p1a: Champ|Water
|move|p1a: Champ|Surf|p2a: Azumarill
|-resisted|p2a: Azumarill
|-damage|p2a: Azumarill|42/100
|
|upkeep
|turn|11
|
|t:|1760416927
|move|p1a: Champ|Surf|p2a: Azumarill
|-resisted|p2a: Azumarill
|-damage|p2a: Azumarill|0 fnt
|faint|p2a: Azumarill
|
|-end|p1a: Champ|move: Taunt
|upkeep
|
|t:|1760416935
|switch|p2a: Iron Valiant|Iron Valiant|100/100
|turn|12
|
|t:|1760416942
|move|p1a: Champ|Surf|p2a: Iron Valiant
|-damage|p2a: Iron Valiant|0 fnt
|faint|p2a: Iron Valiant
|-end|p2a: Iron Valiant|Quark Drive|[silent]
|
|upkeep
|-message|A9MG forfeited.
|
|win|evening sheep
|raw|evening sheep's rating: 1360 &rarr; <strong>1378</strong><br />(+18 for winning)
|raw|A9MG's rating: 1320 &rarr; <strong>1302</strong><br />(-18 for losing)
|l|☆A9MG
|player|p2|
|l|☆evening sheep
|player|p1|
