|j|☆Enrico B.
|j|☆Ayswayyy
|t:|1760338926
|gametype|singles
|player|p1|Enrico B.|hilbert|1220
|player|p2|Ayswayyy|265|1275
|gen|9
|tier|[Gen 9] OU
|rated|
|rule|HP Percentage Mod: HP is shown in percentages
|rule|Endless Battle Clause: Forcing endless battles is banned
|rule|Species Clause: Limit one of each Pokémon
|rule|OHKO Clause: OHKO moves are banned
|rule|Evasion Items Clause: Evasion items are banned
|rule|Evasion Moves Clause: Evasion moves are banned
|rule|Evasion Abilities Clause: Evasion abilities are banned
|rule|Sleep Moves Clause: Sleep-inducing moves are banned
|clearpoke
|poke|p1|Scizor, M|
|poke|p1|Latias, F|
|poke|p1|Avalugg, M|
|poke|p1|Sylveon, F|
|poke|p1|Iron Moth|
|poke|p1|Landorus-Therian, M|
|poke|p2|Meloetta|
|poke|p2|Enamorus, F|
|poke|p2|Gholdengo|
|poke|p2|Slowking-Galar, F|
|poke|p2|Great Tusk|
|poke|p2|Kingambit, M|
|teampreview
|c|☆Enrico B.|oh, meloetta back in action
|
|t:|1760338950
|teamsize|p1|6
|teamsize|p2|6
|start
|switch|p1a: Landorus|Landorus-Therian, M|100/100
|switch|p2a: Great Tusk|Great Tusk|100/100
|-ability|p1a: Landorus|Intimidate|boost
|-unboost|p2a: Great Tusk|atk|1
|turn|1
|
|t:|1760338959
|move|p1a: Landorus|Earthquake|p2a: Great Tusk
|-damage|p2a: Great Tusk|72/100
|move|p2a: Great Tusk|Stealth Rock|p1a: Landorus
|-sidestart|p1: Enrico B.|move: Stealth Rock
|
|-heal|p2a: Great Tusk|78/100|[from] item: Leftovers
|upkeep
|turn|2
|
|t:|1760338967
|switch|p1a: Avalugg|Avalugg, M|100/100
|-damage|p1a: Avalugg|76/100|[from] Stealth Rock
|move|p2a: Great Tusk|Ice Spinner|p1a: Avalugg
|-resisted|p1a: Avalugg
|-damage|p1a: Avalugg|73/100
|-damage|p2a: Great Tusk|62/100|[from] item: Rocky Helmet|[of] p1a: Avalugg
|
|-heal|p2a: Great Tusk|68/100|[from] item: Leftovers
|upkeep
|turn|3
|inactive|Battle timer is ON: inactive players will automatically lose when time's up. (requested by Ayswayyy)
|
|t:|1760338978
|-end|p2a: Great Tusk|Protosynthesis|[silent]
|switch|p2a: Gholdengo|Gholdengo|100/100
|-item|p2a: Gholdengo|Air Balloon
|move|p1a: Avalugg|Rapid Spin|p2a: Gholdengo
|-immune|p2a: Gholdengo
|
|upkeep
|turn|4
|
|t:|1760339002
|switch|p1a: Iron Moth|Iron Moth, shiny|100/100
|-damage|p1a: Iron Moth|76/100|[from] Stealth Rock
|-enditem|p1a: Iron Moth|Booster Energy
|-activate|p1a: Iron Moth|ability: Quark Drive|[fromitem]
|-start|p1a: Iron Moth|quarkdrivespe
|move|p2a: Gholdengo|Shadow Ball|p1a: Iron Moth
|-damage|p1a: Iron Moth|43/100
|
|upkeep
|turn|5
|
|t:|1760339026
|switch|p2a: Slowking|Slowking-Galar, F|100/100
|move|p1a: Iron Moth|Fiery Dance|p2a: Slowking
|-damage|p2a: Slowking|78/100
|
|upkeep
|turn|6
|
|t:|1760339036
|move|p1a: Iron Moth|Fiery Dance|p2a: Slowking
|-damage|p2a: Slowking|55/100
|move|p2a: Slowking|Future Sight|p1a: Iron Moth
|-start|p2a: Slowking|move: Future Sight
|
|upkeep
|turn|7
|
|t:|1760339042
|move|p1a: Iron Moth|Fiery Dance|p2a: Slowking
|-damage|p2a: Slowking|35/100
|-boost|p1a: Iron Moth|spa|1
|move|p2a: Slowking|Slack Off|p2a: Slowking
|-heal|p2a: Slowking|85/100
|
|upkeep
|turn|8
|
|t:|1760339049
|move|p1a: Iron Moth|Fiery Dance|p2a: Slowking
|-damage|p2a: Slowking|51/100
|-prepare|p2a: Slowking|Chilly Reception|[premajor]
|move|p2a: Slowking|Chilly Reception|p2a: Slowking
|-weather|Snowscape
|
|t:|1760339058
|switch|p2a: Enamorus|Enamorus, F|100/100|[from] Chilly Reception
|
|-weather|Snowscape|[upkeep]
|-end|p1a: Iron Moth|move: Future Sight
|-supereffective|p1a: Iron Moth
|-damage|p1a: Iron Moth|0 fnt
|faint|p1a: Iron Moth
|-end|p1a: Iron Moth|Quark Drive|[silent]
|upkeep
|
|t:|1760339068
|switch|p1a: Scizor|Scizor, M|100/100
|turn|9
|
|t:|1760339073
|move|p2a: Enamorus|Mystical Fire|p1a: Scizor
|-supereffective|p1a: Scizor
|-damage|p1a: Scizor|0 fnt
|faint|p1a: Scizor
|
|-weather|Snowscape|[upkeep]
|upkeep
|-message|Enrico B. forfeited.
|
|win|Ayswayyy
|raw|Enrico B.'s rating: 1220 &rarr; <strong>1199</strong><br />(-21 for losing)
|raw|Ayswayyy's rating: 1275 &rarr; <strong>1296</strong><br />(+21 for winning)
|l|☆Enrico B.
|player|p1|
|l|☆Ayswayyy
|player|p2|
