|j|☆shrek5baby
|j|☆BobbyAxe1
|t:|1760462599
|gametype|singles
|player|p1|shrek5baby|rood|1435
|player|p2|BobbyAxe1|ethan|1377
|gen|9
|tier|[Gen 9] OU
|rated|
|rule|HP Percentage Mod: HP is shown in percentages
|rule|Endless Battle Clause: Forcing endless battles is banned
|rule|Species Clause: Limit one of each Pokémon
|rule|OHKO Clause: OHKO moves are banned
|rule|Evasion Items Clause: Evasion items are banned
|rule|Evasion Moves Clause: Evasion moves are banned
|rule|Evasion Abilities Clause: Evasion abilities are banned
|rule|Sleep Moves Clause: Sleep-inducing moves are banned
|clearpoke
|poke|p1|Scizor, F|
|poke|p1|Alomomola, M|
|poke|p1|Darkrai|
|poke|p1|Cinderace, F|
|poke|p1|Primarina, F|
|poke|p1|Dragonite, F|
|poke|p2|Ursaluna, M|
|poke|p2|Scizor, F|
|poke|p2|Skarmory, F|
|poke|p2|Tyranitar, M|
|poke|p2|Walking Wake|
|poke|p2|Meganium, F|
|teampreview
|inactive|Battle timer is ON: inactive players will automatically lose when time's up. (requested by shrek5baby)
|
|t:|1760462608
|teamsize|p1|6
|teamsize|p2|6
|start
|switch|p1a: Cinderace|Cinderace, F|100/100
|switch|p2a: Ursaluna|Ursaluna, M|100/100
|turn|1
|
|t:|1760462617
|move|p1a: Cinderace|High Jump Kick|p2a: Ursaluna|[miss]
|-start|p1a: Cinderace|typechange|Fighting|[from] ability: Libero
|-miss|p1a: Cinderace|p2a: Ursaluna
|-damage|p1a: Cinderace|51/100|[from] highjumpkick
|move|p2a: Ursaluna|Earthquake|p1a: Cinderace
|-damage|p1a: Cinderace|0 fnt
|faint|p1a: Cinderace
|
|-status|p2a: Ursaluna|brn|[from] item: Flame Orb
|upkeep
|
|t:|1760462626
|switch|p1a: Primarina|Primarina, F|100/100
|turn|2
|
|t:|1760462636
|switch|p2a: Meganium|Meganium, F|100/100
|move|p1a: Primarina|Hydro Pump|p2a: Meganium
|-resisted|p2a: Meganium
|-damage|p2a: Meganium|78/100
|
|-heal|p2a: Meganium|84/100|[from] item: Leftovers
|upkeep
|turn|3
|
|t:|1760462646
|switch|p1a: Scizor|Scizor, F|100/100
|move|p2a: Meganium|Encore||[still]
|-fail|p2a: Meganium
|
|-heal|p2a: Meganium|90/100|[from] item: Leftovers
|upkeep
|turn|4
|
|t:|1760462653
|switch|p2a: Skarmory|Skarmory, F|100/100
|move|p1a: Scizor|Dual Wingbeat|p2a: Skarmory
|-resisted|p2a: Skarmory
|-damage|p2a: Skarmory|92/100
|-damage|p1a: Scizor|84/100|[from] item: Rocky Helmet|[of] p2a: Skarmory
|-resisted|p2a: Skarmory
|-damage|p2a: Skarmory|83/100
|-damage|p1a: Scizor|67/100|[from] item: Rocky Helmet|[of] p2a: Skarmory
|-hitcount|p2a: Skarmory|2
|-damage|p1a: Scizor|57/100|[from] item: Life Orb
|
|upkeep
|turn|5
|
|t:|1760462664
|move|p2a: Skarmory|Spikes|p1a: Scizor
|-sidestart|p1: shrek5baby|Spikes
|move|p1a: Scizor|Swords Dance|p1a: Scizor
|-boost|p1a: Scizor|atk|2
|
|upkeep
|turn|6
|
|t:|1760462670
|-terastallize|p1a: Scizor|Dark
|move|p1a: Scizor|Knock Off|p2a: Skarmory
|-damage|p2a: Skarmory|0 fnt
|-damage|p1a: Scizor|41/100|[from] item: Rocky Helmet|[of] p2a: Skarmory
|-enditem|p2a: Skarmory|Rocky Helmet|[from] move: Knock Off|[of] p1a: Scizor
|faint|p2a: Skarmory
|-damage|p1a: Scizor|31/100|[from] item: Life Orb
|
|upkeep
|
|t:|1760462680
|switch|p2a: Scizor|Scizor, F|100/100
|turn|7
|
|t:|1760462685
|switch|p1a: Alomomola|Alomomola, M|100/100
|move|p2a: Scizor|Bullet Punch|p1a: Alomomola
|-resisted|p1a: Alomomola
|-damage|p1a: Alomomola|91/100
|
|upkeep
|turn|8
|
|t:|1760462695
|switch|p2a: Meganium|Meganium, F|90/100
|move|p1a: Alomomola|Wish|p1a: Alomomola
|
|-heal|p2a: Meganium|96/100|[from] item: Leftovers
|upkeep
|turn|9
|
|t:|1760462700
|switch|p1a: Scizor|Scizor, F, tera:Dark|31/100
|-damage|p1a: Scizor|19/100|[from] Spikes
|move|p2a: Meganium|Leech Seed|p1a: Scizor|[miss]
|-miss|p2a: Meganium|p1a: Scizor
|
|-heal|p1a: Scizor|96/100|[from] move: Wish|[wisher] Alomomola
|-heal|p2a: Meganium|100/100|[from] item: Leftovers
|upkeep
|turn|10
|
|t:|1760462710
|move|p1a: Scizor|Dual Wingbeat|p2a: Meganium
|-supereffective|p2a: Meganium
|-damage|p2a: Meganium|47/100
|-supereffective|p2a: Meganium
|-damage|p2a: Meganium|0 fnt
|faint|p2a: Meganium
|-hitcount|p2: Meganium|2
|-damage|p1a: Scizor|87/100|[from] item: Life Orb
|
|upkeep
|
|t:|1760462720
|switch|p2a: Walking Wake|Walking Wake|100/100
|-enditem|p2a: Walking Wake|Booster Energy
|-activate|p2a: Walking Wake|ability: Protosynthesis|[fromitem]
|-start|p2a: Walking Wake|protosynthesisspa
|turn|11
|
|t:|1760462733
|switch|p1a: Alomomola|Alomomola, M|100/100
|-terastallize|p2a: Walking Wake|Ghost
|move|p2a: Walking Wake|Tera Blast|p1a: Alomomola|[anim] Tera Blast Ghost
|-damage|p1a: Alomomola|28/100
|
|upkeep
|turn|12
|
|t:|1760462742
|switch|p1a: Darkrai|Darkrai|100/100
|-damage|p1a: Darkrai|88/100|[from] Spikes
|move|p2a: Walking Wake|Tera Blast|p1a: Darkrai|[anim] Tera Blast Ghost
|-resisted|p1a: Darkrai
|-damage|p1a: Darkrai|52/100
|
|upkeep
|turn|13
|
|t:|1760462751
|-end|p2a: Walking Wake|Protosynthesis|[silent]
|switch|p2a: Tyranitar|Tyranitar, M|100/100
|-weather|Sandstorm|[from] ability: Sand Stream|[of] p2a: Tyranitar
|move|p1a: Darkrai|Shadow Ball|p2a: Tyranitar
|-resisted|p2a: Tyranitar
|-damage|p2a: Tyranitar|92/100
|
|-weather|Sandstorm|[upkeep]
|-damage|p1a: Darkrai|46/100|[from] Sandstorm
|-heal|p2a: Tyranitar|98/100|[from] item: Leftovers
|upkeep
|turn|14
|
|t:|1760462766
|switch|p1a: Scizor|Scizor, F, tera:Dark|87/100
|-damage|p1a: Scizor|74/100|[from] Spikes
|move|p2a: Tyranitar|Stealth Rock|p1a: Scizor
|-sidestart|p1: shrek5baby|move: Stealth Rock
|
|-weather|Sandstorm|[upkeep]
|-damage|p1a: Scizor|68/100|[from] Sandstorm
|-heal|p2a: Tyranitar|100/100|[from] item: Leftovers
|upkeep
|turn|15
|
|t:|1760462780
|move|p1a: Scizor|Bullet Punch|p2a: Tyranitar
|-supereffective|p2a: Tyranitar
|-damage|p2a: Tyranitar|26/100
|-damage|p1a: Scizor|58/100|[from] item: Life Orb
|move|p2a: Tyranitar|Stone Edge|p1a: Scizor
|-damage|p1a: Scizor|1/100
|
|-weather|Sandstorm|[upkeep]
|-damage|p1a: Scizor|0 fnt|[from] Sandstorm
|faint|p1a: Scizor
|-heal|p2a: Tyranitar|32/100|[from] item: Leftovers
|upkeep
|
|t:|1760462789
|switch|p1a: Dragonite|Dragonite, F|100/100
|-damage|p1a: Dragonite|76/100|[from] Stealth Rock
|turn|16
|
|t:|1760462797
|move|p1a: Dragonite|Earthquake|p2a: Tyranitar
|-supereffective|p2a: Tyranitar
|-damage|p2a: Tyranitar|0 fnt
|faint|p2a: Tyranitar
|
|-weather|Sandstorm|[upkeep]
|-damage|p1a: Dragonite|70/100|[from] Sandstorm
|upkeep
|
|t:|1760462809
|switch|p2a: Ursaluna|Ursaluna, M|100/100 brn
|turn|17
|
|t:|1760462818
|switch|p1a: Darkrai|Darkrai|46/100
|-damage|p1a: Darkrai|34/100|[from] Spikes
|-damage|p1a: Darkrai|21/100|[from] Stealth Rock
|move|p2a: Ursaluna|Facade|p1a: Darkrai
|-damage|p1a: Darkrai|0 fnt
|faint|p1a: Darkrai
|
|-weather|none
|-damage|p2a: Ursaluna|94/100 brn|[from] brn
|upkeep
|
|t:|1760462823
|switch|p1a: Primarina|Primarina, F|100/100
|-damage|p1a: Primarina|88/100|[from] Spikes
|-damage|p1a: Primarina|76/100|[from] Stealth Rock
|turn|18
|
|t:|1760462844
|move|p1a: Primarina|Hydro Pump|p2a: Ursaluna
|-supereffective|p2a: Ursaluna
|-crit|p2a: Ursaluna
|-damage|p2a: Ursaluna|0 fnt
|faint|p2a: Ursaluna
|
|upkeep
|
|t:|1760462850
|switch|p2a: Walking Wake|Walking Wake, tera:Ghost|100/100
|turn|19
|
|t:|1760462857
|move|p2a: Walking Wake|Tera Blast|p1a: Primarina|[anim] Tera Blast Ghost
|-damage|p1a: Primarina|44/100
|move|p1a: Primarina|Draining Kiss|p2a: Walking Wake
|-damage|p2a: Walking Wake|68/100
|-heal|p1a: Primarina|71/100|[from] drain|[of] p2a: Walking Wake
|
|upkeep
|turn|20
|
|t:|1760462865
|-end|p2a: Walking Wake|Protosynthesis|[silent]
|switch|p2a: Scizor|Scizor, F|100/100
|move|p1a: Primarina|Draining Kiss|p2a: Scizor
|-resisted|p2a: Scizor
|-damage|p2a: Scizor|84/100
|-heal|p1a: Primarina|85/100|[from] drain|[of] p2a: Scizor
|
|upkeep
|turn|21
|
|t:|1760462880
|move|p2a: Scizor|Swords Dance|p2a: Scizor
|-boost|p2a: Scizor|atk|2
|move|p1a: Primarina|Psychic Noise|p2a: Scizor
|-damage|p2a: Scizor|33/100
|-start|p2a: Scizor|move: Heal Block
|
|upkeep
|turn|22
|
|t:|1760462888
|move|p2a: Scizor|Bullet Punch|p1a: Primarina
|-damage|p1a: Primarina|11/100
|move|p1a: Primarina|Psychic Noise|p2a: Scizor
|-damage|p2a: Scizor|0 fnt
|faint|p2a: Scizor
|
|upkeep
|
|t:|1760462894
|switch|p2a: Walking Wake|Walking Wake, tera:Ghost|68/100
|turn|23
|
|t:|1760462898
|move|p2a: Walking Wake|Tera Blast|p1a: Primarina|[anim] Tera Blast Ghost
|-damage|p1a: Primarina|0 fnt
|faint|p1a: Primarina
|
|upkeep
|
|t:|1760462901
|switch|p1a: Alomomola|Alomomola, M|61/100
|turn|24
|
|t:|1760462904
|move|p2a: Walking Wake|Tera Blast|p1a: Alomomola|[anim] Tera Blast Ghost
|-damage|p1a: Alomomola|11/100
|move|p1a: Alomomola|Wish|p1a: Alomomola
|
|upkeep
|turn|25
|
|t:|1760462915
|move|p2a: Walking Wake|Tera Blast|p1a: Alomomola|[anim] Tera Blast Ghost
|-damage|p1a: Alomomola|0 fnt
|faint|p1a: Alomomola
|
|upkeep
|
|t:|1760462917
|switch|p1a: Dragonite|Dragonite, F|70/100
|-damage|p1a: Dragonite|45/100|[from] Stealth Rock
|turn|26
|
|t:|1760462924
|move|p1a: Dragonite|Extreme Speed|p2a: Walking Wake
|-immune|p2a: Walking Wake
|move|p2a: Walking Wake|Draco Meteor|p1a: Dragonite
|-supereffective|p1a: Dragonite
|-damage|p1a: Dragonite|0 fnt
|-unboost|p2a: Walking Wake|spa|2
|faint|p1a: Dragonite
|
|win|BobbyAxe1
|raw|shrek5baby's rating: 1435 &rarr; <strong>1412</strong><br />(-23 for losing)
|raw|BobbyAxe1's rating: 1377 &rarr; <strong>1400</strong><br />(+23 for winning)
|l|☆shrek5baby
|player|p1|
|l|☆BobbyAxe1
|player|p2|
