|j|☆Flach 2.0
|j|☆barry1234zjy
|t:|1760349654
|gametype|singles
|player|p1|Flach 2.0|1|1357
|player|p2|barry1234zjy|youngster-gen4dp|1430
|gen|9
|tier|[Gen 9] OU
|rated|
|rule|HP Percentage Mod: HP is shown in percentages
|rule|Endless Battle Clause: Forcing endless battles is banned
|rule|Species Clause: Limit one of each Pokémon
|rule|OHKO Clause: OHKO moves are banned
|rule|Evasion Items Clause: Evasion items are banned
|rule|Evasion Moves Clause: Evasion moves are banned
|rule|Evasion Abilities Clause: Evasion abilities are banned
|rule|Sleep Moves Clause: Sleep-inducing moves are banned
|clearpoke
|poke|p1|Araquanid, F|
|poke|p1|Iron Crown|
|poke|p1|Iron Valiant|
|poke|p1|Mimikyu, F|
|poke|p1|Darkrai|
|poke|p1|Great Tusk|
|poke|p2|Comfey, F|
|poke|p2|Whimsicott, F|
|poke|p2|Iron Moth|
|poke|p2|Great Tusk|
|poke|p2|Walking Wake|
|poke|p2|Ninetales, M|
|teampreview
|
|t:|1760349676
|teamsize|p1|6
|teamsize|p2|6
|start
|switch|p1a: Araquanid|Araquanid, F|100/100
|switch|p2a: Walking Wake|Walking Wake|100/100
|turn|1
|
|t:|1760349682
|move|p2a: Walking Wake|Knock Off|p1a: Araquanid
|-damage|p1a: Araquanid|84/100
|-enditem|p1a: Araquanid|Light Clay|[from] move: Knock Off|[of] p2a: Walking Wake
|move|p1a: Araquanid|Sticky Web|p2a: Walking Wake
|-sidestart|p2: barry1234zjy|move: Sticky Web
|
|upkeep
|turn|2
|
|t:|1760349696
|move|p2a: Walking Wake|Draco Meteor|p1a: Araquanid
|-damage|p1a: Araquanid|46/100
|-unboost|p2a: Walking Wake|spa|2
|move|p1a: Araquanid|Reflect|p1a: Araquanid
|-sidestart|p1: Flach 2.0|Reflect
|
|upkeep
|turn|3
|
|t:|1760349705
|switch|p1a: Iron Crown|Iron Crown|100/100
|move|p2a: Walking Wake|Flip Turn|p1a: Iron Crown
|-damage|p1a: Iron Crown|93/100
|
|t:|1760349707
|-end|p2a: Walking Wake|Protosynthesis|[silent]
|switch|p2a: Great Tusk|Great Tusk|100/100|[from] Flip Turn
|-activate|p2a: Great Tusk|move: Sticky Web
|-unboost|p2a: Great Tusk|spe|1
|
|-heal|p1a: Iron Crown|99/100|[from] item: Leftovers
|upkeep
|turn|4
|
|t:|1760349717
|-end|p1a: Iron Crown|Quark Drive|[silent]
|switch|p1a: Mimikyu|Mimikyu, F|100/100
|move|p2a: Great Tusk|Headlong Rush|p1a: Mimikyu
|-activate|p1a: Mimikyu|ability: Disguise
|-damage|p1a: Mimikyu|100/100
|-unboost|p2a: Great Tusk|def|1
|-unboost|p2a: Great Tusk|spd|1
|detailschange|p1a: Mimikyu|Mimikyu-Busted, F
|-damage|p1a: Mimikyu|88/100|[from] pokemon: Mimikyu-Busted
|-enditem|p1a: Mimikyu|Red Card|[of] p2a: Great Tusk
|-end|p2a: Great Tusk|Protosynthesis|[silent]
|drag|p2a: Comfey|Comfey, F|100/100
|-activate|p2a: Comfey|move: Sticky Web
|-unboost|p2a: Comfey|spe|1
|
|upkeep
|turn|5
|
|t:|1760349733
|switch|p1a: Iron Crown|Iron Crown|99/100
|switch|p2a: Ninetales|Ninetales, M|100/100
|-activate|p2a: Ninetales|move: Sticky Web
|-unboost|p2a: Ninetales|spe|1
|-weather|SunnyDay|[from] ability: Drought|[of] p2a: Ninetales
|
|-weather|SunnyDay|[upkeep]
|-heal|p1a: Iron Crown|100/100|[from] item: Leftovers
|upkeep
|turn|6
|
|t:|1760349747
|move|p1a: Iron Crown|Agility|p1a: Iron Crown
|-boost|p1a: Iron Crown|spe|2
|move|p2a: Ninetales|Weather Ball|p1a: Iron Crown
|-supereffective|p1a: Iron Crown
|-damage|p1a: Iron Crown|20/100
|
|-weather|SunnyDay|[upkeep]
|-heal|p1a: Iron Crown|26/100|[from] item: Leftovers
|-sideend|p1: Flach 2.0|Reflect
|upkeep
|turn|7
|
|t:|1760349762
|move|p1a: Iron Crown|Stored Power|p2a: Ninetales
|-damage|p2a: Ninetales|73/100
|move|p2a: Ninetales|Weather Ball|p1a: Iron Crown
|-supereffective|p1a: Iron Crown
|-damage|p1a: Iron Crown|0 fnt
|faint|p1a: Iron Crown
|-end|p1a: Iron Crown|Quark Drive|[silent]
|
|-weather|SunnyDay|[upkeep]
|upkeep
|
|t:|1760349771
|switch|p1a: Great Tusk|Great Tusk|100/100
|-activate|p1a: Great Tusk|ability: Protosynthesis
|-start|p1a: Great Tusk|protosynthesisatk
|turn|8
|
|t:|1760349776
|switch|p2a: Great Tusk|Great Tusk|100/100
|-activate|p2a: Great Tusk|move: Sticky Web
|-unboost|p2a: Great Tusk|spe|1
|-activate|p2a: Great Tusk|ability: Protosynthesis
|-start|p2a: Great Tusk|protosynthesisatk
|move|p1a: Great Tusk|Earthquake|p2a: Great Tusk
|-damage|p2a: Great Tusk|53/100
|
|-weather|SunnyDay|[upkeep]
|upkeep
|turn|9
|
|t:|1760349786
|-end|p1a: Great Tusk|Protosynthesis|[silent]
|switch|p1a: Mimikyu|Mimikyu-Busted, F|88/100
|move|p2a: Great Tusk|Rapid Spin|p1a: Mimikyu
|-immune|p1a: Mimikyu
|
|-weather|SunnyDay|[upkeep]
|upkeep
|turn|10
|
|t:|1760349793
|-end|p2a: Great Tusk|Protosynthesis|[silent]
|switch|p2a: Iron Moth|Iron Moth|100/100
|-activate|p2a: Iron Moth|move: Sticky Web
|-unboost|p2a: Iron Moth|spe|1
|-enditem|p2a: Iron Moth|Booster Energy
|-activate|p2a: Iron Moth|ability: Quark Drive|[fromitem]
|-start|p2a: Iron Moth|quarkdrivespa
|move|p1a: Mimikyu|Play Rough|p2a: Iron Moth
|-resisted|p2a: Iron Moth
|-damage|p2a: Iron Moth|85/100
|
|-weather|SunnyDay|[upkeep]
|upkeep
|turn|11
|
|t:|1760349801
|move|p1a: Mimikyu|Destiny Bond|p1a: Mimikyu
|-singlemove|p1a: Mimikyu|Destiny Bond
|move|p2a: Iron Moth|Fiery Dance|p1a: Mimikyu
|-damage|p1a: Mimikyu|0 fnt
|-boost|p2a: Iron Moth|spa|1
|faint|p1a: Mimikyu
|-activate|p1a: Mimikyu|move: Destiny Bond
|faint|p2a: Iron Moth
|-end|p2a: Iron Moth|Quark Drive|[silent]
|
|-weather|SunnyDay|[upkeep]
|upkeep
|
|t:|1760349814
|switch|p2a: Whimsicott|Whimsicott, F|100/100
|switch|p1a: Darkrai|Darkrai|100/100
|-activate|p2a: Whimsicott|move: Sticky Web
|-unboost|p2a: Whimsicott|spe|1
|turn|12
|
|t:|1760349818
|move|p2a: Whimsicott|Moonblast|p1a: Darkrai
|-supereffective|p1a: Darkrai
|-damage|p1a: Darkrai|0 fnt
|faint|p1a: Darkrai
|-damage|p2a: Whimsicott|91/100|[from] item: Life Orb
|
|-weather|none
|upkeep
|
|t:|1760349828
|switch|p1a: Araquanid|Araquanid, F|46/100
|turn|13
|
|t:|1760349832
|switch|p2a: Great Tusk|Great Tusk|53/100
|-activate|p2a: Great Tusk|move: Sticky Web
|-unboost|p2a: Great Tusk|spe|1
|move|p1a: Araquanid|Leech Life|p2a: Great Tusk
|-resisted|p2a: Great Tusk
|-damage|p2a: Great Tusk|48/100
|-heal|p1a: Araquanid|50/100|[from] drain|[of] p2a: Great Tusk
|-damage|p1a: Araquanid|33/100|[from] item: Rocky Helmet|[of] p2a: Great Tusk
|
|upkeep
|turn|14
|
|t:|1760349845
|-terastallize|p1a: Araquanid|Ghost
|move|p2a: Great Tusk|Rapid Spin|p1a: Araquanid
|-immune|p1a: Araquanid
|move|p1a: Araquanid|Liquidation|p2a: Great Tusk
|-supereffective|p2a: Great Tusk
|-damage|p2a: Great Tusk|0 fnt
|-damage|p1a: Araquanid|17/100|[from] item: Rocky Helmet|[of] p2a: Great Tusk
|faint|p2a: Great Tusk
|-end|p2a: Great Tusk|Protosynthesis|[silent]
|
|upkeep
|
|t:|1760349850
|switch|p2a: Comfey|Comfey, F|100/100
|-activate|p2a: Comfey|move: Sticky Web
|-unboost|p2a: Comfey|spe|1
|turn|15
|
|t:|1760349858
|switch|p2a: Ninetales|Ninetales, M|73/100
|-activate|p2a: Ninetales|move: Sticky Web
|-unboost|p2a: Ninetales|spe|1
|-weather|SunnyDay|[from] ability: Drought|[of] p2a: Ninetales
|move|p1a: Araquanid|Liquidation|p2a: Ninetales
|-supereffective|p2a: Ninetales
|-damage|p2a: Ninetales|17/100
|
|-weather|SunnyDay|[upkeep]
|upkeep
|turn|16
|
|t:|1760349867
|move|p2a: Ninetales|Weather Ball|p1a: Araquanid
|-damage|p1a: Araquanid|2/100
|move|p1a: Araquanid|Liquidation|p2a: Ninetales
|-supereffective|p2a: Ninetales
|-damage|p2a: Ninetales|0 fnt
|faint|p2a: Ninetales
|
|-weather|SunnyDay|[upkeep]
|upkeep
|
|t:|1760349872
|switch|p2a: Comfey|Comfey, F|100/100
|-activate|p2a: Comfey|move: Sticky Web
|-unboost|p2a: Comfey|spe|1
|turn|17
|
|t:|1760349876
|-terastallize|p2a: Comfey|Water
|move|p2a: Comfey|Growth|p2a: Comfey
|-boost|p2a: Comfey|atk|2
|-boost|p2a: Comfey|spa|2
|move|p1a: Araquanid|Liquidation|p2a: Comfey
|-resisted|p2a: Comfey
|-damage|p2a: Comfey|87/100
|
|-weather|SunnyDay|[upkeep]
|upkeep
|turn|18
|
|t:|1760349886
|move|p2a: Comfey|Growth|p2a: Comfey
|-boost|p2a: Comfey|atk|2
|-boost|p2a: Comfey|spa|2
|move|p1a: Araquanid|Leech Life|p2a: Comfey
|-damage|p2a: Comfey|60/100
|-heal|p1a: Araquanid|14/100|[from] drain|[of] p2a: Comfey
|
|-weather|SunnyDay|[upkeep]
|upkeep
|turn|19
|
|t:|1760349896
|move|p2a: Comfey|Draining Kiss|p1a: Araquanid
|-damage|p1a: Araquanid|0 fnt
|-heal|p2a: Comfey|72/100|[from] drain|[of] p1a: Araquanid
|faint|p1a: Araquanid
|-damage|p2a: Comfey|62/100|[from] item: Life Orb
|
|-weather|SunnyDay|[upkeep]
|upkeep
|-message|Flach 2.0 forfeited.
|
|win|barry1234zjy
|raw|Flach 2.0's rating: 1357 &rarr; <strong>1341</strong><br />(-16 for losing)
|raw|barry1234zjy's rating: 1430 &rarr; <strong>1446</strong><br />(+16 for winning)
|l|☆Flach 2.0
|player|p1|
|l|☆barry1234zjy
|player|p2|
