|j|☆pekashew64
|j|☆papagoi19
|t:|1760377363
|gametype|singles
|player|p1|pekashew64|tuber|1298
|player|p2|papagoi19|gentleman-gen4|1355
|gen|9
|tier|[Gen 9] OU
|rated|
|rule|HP Percentage Mod: HP is shown in percentages
|rule|Endless Battle Clause: Forcing endless battles is banned
|rule|Species Clause: Limit one of each Pokémon
|rule|OHKO Clause: OHKO moves are banned
|rule|Evasion Items Clause: Evasion items are banned
|rule|Evasion Moves Clause: Evasion moves are banned
|rule|Evasion Abilities Clause: Evasion abilities are banned
|rule|Sleep Moves Clause: Sleep-inducing moves are banned
|clearpoke
|poke|p1|Hatterene, F|
|poke|p1|Sunflora, M|
|poke|p1|Diancie|
|poke|p1|Greedent, F|
|poke|p1|Cresselia, F|
|poke|p1|Kingambit, F|
|poke|p2|Dragapult, M|
|poke|p2|Clefable, M|
|poke|p2|Samurott-Hisui, M|
|poke|p2|Gliscor, F|
|poke|p2|Iron Treads|
|poke|p2|Slowking-Galar, F|
|teampreview
|
|t:|1760377373
|teamsize|p1|6
|teamsize|p2|6
|start
|switch|p1a: Cresselia|Cresselia, F|100/100
|switch|p2a: Dragapult|Dragapult, M|100/100
|turn|1
|
|t:|1760377384
|move|p2a: Dragapult|Dragon Darts|p1a: Cresselia
|-damage|p1a: Cresselia|74/100
|-anim|p2a: Dragapult|Dragon Darts|p1a: Cresselia
|-damage|p1a: Cresselia|47/100
|move|p1a: Cresselia|Trick Room|p1a: Cresselia
|-fieldstart|move: Trick Room|[of] p1a: Cresselia
|
|upkeep
|turn|2
|
|t:|1760377389
|switch|p1a: Hatterene|Hatterene, F|100/100
|move|p2a: Dragapult|Dragon Darts|p1a: Hatterene
|-immune|p1a: Hatterene
|
|upkeep
|turn|3
|
|t:|1760377395
|switch|p2a: Slowking|Slowking-Galar, F|100/100
|move|p1a: Hatterene|Dazzling Gleam|p2a: Slowking
|-resisted|p2a: Slowking
|-crit|p2a: Slowking
|-damage|p2a: Slowking|80/100
|
|upkeep
|turn|4
|
|t:|1760377410
|switch|p1a: Kingambit|Kingambit, F|100/100
|move|p2a: Slowking|Sludge Bomb|p1a: Kingambit
|-immune|p1a: Kingambit
|
|upkeep
|turn|5
|
|t:|1760377419
|switch|p2a: Samurott|Samurott-Hisui, M|100/100
|move|p1a: Kingambit|Kowtow Cleave|p2a: Samurott
|-resisted|p2a: Samurott
|-damage|p2a: Samurott|68/100
|
|-fieldend|move: Trick Room
|upkeep
|turn|6
|inactive|Battle timer is ON: inactive players will automatically lose when time's up. (requested by pekashew64)
|
|t:|1760377459
|-end|p1a: Kingambit|fallenundefined|[silent]
|switch|p1a: Hatterene|Hatterene, F|100/100
|move|p2a: Samurott|Air Slash|p1a: Hatterene
|-damage|p1a: Hatterene|67/100
|
|upkeep
|turn|7
|
|t:|1760377466
|move|p2a: Samurott|Air Slash|p1a: Hatterene
|-damage|p1a: Hatterene|36/100
|move|p1a: Hatterene|Dazzling Gleam|p2a: Samurott
|-supereffective|p2a: Samurott
|-damage|p2a: Samurott|0 fnt
|faint|p2a: Samurott
|
|upkeep
|
|t:|1760377470
|switch|p2a: Iron Treads|Iron Treads|100/100
|-enditem|p2a: Iron Treads|Booster Energy
|-activate|p2a: Iron Treads|ability: Quark Drive|[fromitem]
|-start|p2a: Iron Treads|quarkdrivespe
|turn|8
|
|t:|1760377475
|move|p2a: Iron Treads|Stealth Rock|p1a: Hatterene
|move|p1a: Hatterene|Stealth Rock|p2a: Iron Treads|[from] ability: Magic Bounce
|-sidestart|p2: papagoi19|move: Stealth Rock
|move|p1a: Hatterene|Trick Room|p1a: Hatterene
|-fieldstart|move: Trick Room|[of] p1a: Hatterene
|
|upkeep
|turn|9
|
|t:|1760377481
|switch|p1a: Sunflora|Sunflora, M|100/100
|move|p2a: Iron Treads|Stealth Rock|p1a: Sunflora
|-sidestart|p1: pekashew64|move: Stealth Rock
|
|upkeep
|turn|10
|
|t:|1760377488
|-terastallize|p2a: Iron Treads|Grass
|move|p1a: Sunflora|Earth Power|p2a: Iron Treads
|-resisted|p2a: Iron Treads
|-damage|p2a: Iron Treads|70/100
|move|p2a: Iron Treads|Ice Spinner|p1a: Sunflora
|-supereffective|p1a: Sunflora
|-damage|p1a: Sunflora|33/100
|
|upkeep
|turn|11
|
|t:|1760377500
|switch|p1a: Kingambit|Kingambit, F|100/100
|-damage|p1a: Kingambit|94/100|[from] Stealth Rock
|move|p2a: Iron Treads|Ice Spinner|p1a: Kingambit
|-resisted|p1a: Kingambit
|-damage|p1a: Kingambit|85/100
|
|-heal|p1a: Kingambit|91/100|[from] item: Leftovers
|upkeep
|turn|12
|
|t:|1760377509
|move|p1a: Kingambit|Kowtow Cleave|p2a: Iron Treads
|-damage|p2a: Iron Treads|24/100
|move|p2a: Iron Treads|Earthquake|p1a: Kingambit
|-supereffective|p1a: Kingambit
|-damage|p1a: Kingambit|14/100
|
|-heal|p1a: Kingambit|20/100|[from] item: Leftovers
|-fieldend|move: Trick Room
|upkeep
|turn|13
|
|t:|1760377515
|-end|p2a: Iron Treads|Quark Drive|[silent]
|switch|p2a: Gliscor|Gliscor, F, shiny|100/100
|-damage|p2a: Gliscor|88/100|[from] Stealth Rock
|move|p1a: Kingambit|Sucker Punch||[still]
|-fail|p1a: Kingambit
|
|-heal|p1a: Kingambit|26/100|[from] item: Leftovers
|-status|p2a: Gliscor|tox|[from] item: Toxic Orb
|upkeep
|turn|14
|
|t:|1760377520
|-end|p1a: Kingambit|fallenundefined|[silent]
|switch|p1a: Hatterene|Hatterene, F|36/100
|-damage|p1a: Hatterene|23/100|[from] Stealth Rock
|move|p2a: Gliscor|Swords Dance|p2a: Gliscor
|-boost|p2a: Gliscor|atk|2
|
|-heal|p2a: Gliscor|100/100 tox|[from] ability: Poison Heal
|upkeep
|turn|15
|
|t:|1760377526
|move|p2a: Gliscor|Earthquake|p1a: Hatterene
|-crit|p1a: Hatterene
|-damage|p1a: Hatterene|0 fnt
|faint|p1a: Hatterene
|
|upkeep
|
|t:|1760377530
|switch|p1a: Cresselia|Cresselia, F|47/100
|-damage|p1a: Cresselia|35/100|[from] Stealth Rock
|turn|16
|
|t:|1760377545
|move|p2a: Gliscor|Facade|p1a: Cresselia
|-damage|p1a: Cresselia|0 fnt
|faint|p1a: Cresselia
|
|upkeep
|
|t:|1760377551
|switch|p1a: Diancie|Diancie|100/100
|-damage|p1a: Diancie|88/100|[from] Stealth Rock
|turn|17
|
|t:|1760377562
|move|p2a: Gliscor|Earthquake|p1a: Diancie
|-supereffective|p1a: Diancie
|-damage|p1a: Diancie|0 fnt
|faint|p1a: Diancie
|
|upkeep
|
|t:|1760377567
|switch|p1a: Big chungus|Greedent, F|100/100
|-damage|p1a: Big chungus|88/100|[from] Stealth Rock
|turn|18
|-message|pekashew64 forfeited.
|
|win|papagoi19
|raw|pekashew64's rating: 1298 &rarr; <strong>1275</strong><br />(-23 for losing)
|raw|papagoi19's rating: 1331 &rarr; <strong>1349</strong><br />(+18 for winning)
|l|☆pekashew64
|player|p1|
|l|☆papagoi19
|player|p2|
