|j|☆vuopuer
|j|☆fadingstrawberry
|t:|1760332318
|gametype|singles
|player|p1|vuopuer|may-masters2|1585
|player|p2|fadingstrawberry|2|1546
|gen|9
|tier|[Gen 9] OU
|rated|
|rule|HP Percentage Mod: HP is shown in percentages
|rule|Endless Battle Clause: Forcing endless battles is banned
|rule|Species Clause: Limit one of each Pokémon
|rule|OHKO Clause: OHKO moves are banned
|rule|Evasion Items Clause: Evasion items are banned
|rule|Evasion Moves Clause: Evasion moves are banned
|rule|Evasion Abilities Clause: Evasion abilities are banned
|rule|Sleep Moves Clause: Sleep-inducing moves are banned
|clearpoke
|poke|p1|Blaziken, F|
|poke|p1|Kingambit, F|
|poke|p1|Ting-Lu|
|poke|p1|Pecharunt|
|poke|p1|Ogerpon-Wellspring, F|
|poke|p1|Hatterene, F|
|poke|p2|Iron Crown|
|poke|p2|Raging Bolt|
|poke|p2|Araquanid, F|
|poke|p2|Kingambit, F|
|poke|p2|Latios, M|
|poke|p2|Zapdos-Galar|
|teampreview
|j| arturohdez
|inactive|Battle timer is ON: inactive players will automatically lose when time's up. (requested by vuopuer)
|
|t:|1760332332
|teamsize|p1|6
|teamsize|p2|6
|start
|switch|p1a: Ting-Lu|Ting-Lu|100/100
|switch|p2a: Zapdos|Zapdos-Galar|100/100
|-ability|p1a: Ting-Lu|Vessel of Ruin
|turn|1
|
|t:|1760332338
|move|p2a: Zapdos|U-turn|p1a: Ting-Lu
|-supereffective|p1a: Ting-Lu
|-damage|p1a: Ting-Lu|75/100
|
|t:|1760332342
|switch|p2a: Latios|Latios, M, shiny|100/100|[from] U-turn
|move|p1a: Ting-Lu|Stealth Rock|p2a: Latios
|-sidestart|p2: fadingstrawberry|move: Stealth Rock
|
|-heal|p1a: Ting-Lu|81/100|[from] item: Leftovers
|upkeep
|turn|2
|
|t:|1760332352
|move|p2a: Latios|Flip Turn|p1a: Ting-Lu
|-supereffective|p1a: Ting-Lu
|-damage|p1a: Ting-Lu|69/100
|
|t:|1760332355
|switch|p2a: Zapdos|Zapdos-Galar|100/100|[from] Flip Turn
|-damage|p2a: Zapdos|88/100|[from] Stealth Rock
|move|p1a: Ting-Lu|Whirlwind|p2a: Zapdos
|drag|p2a: Araquanid|Araquanid, F, shiny|100/100
|
|-heal|p1a: Ting-Lu|76/100|[from] item: Leftovers
|upkeep
|turn|3
|
|t:|1760332366
|switch|p1a: Hatterene|Hatterene, F|100/100
|move|p2a: Araquanid|Surf|p1a: Hatterene
|-damage|p1a: Hatterene|59/100
|-enditem|p1a: Hatterene|Eject Button
|
|t:|1760332381
|switch|p1a: Kingambit|Kingambit, F|100/100
|
|upkeep
|turn|4
|
|t:|1760332387
|switch|p2a: Zapdos|Zapdos-Galar|88/100
|-damage|p2a: Zapdos|76/100|[from] Stealth Rock
|move|p1a: Kingambit|Kowtow Cleave|p2a: Zapdos
|-resisted|p2a: Zapdos
|-damage|p2a: Zapdos|41/100
|
|upkeep
|turn|5
|
|t:|1760332399
|-end|p1a: Kingambit|fallenundefined|[silent]
|switch|p1a: Pecharunt|Pecharunt|100/100
|-item|p1a: Pecharunt|Air Balloon
|move|p2a: Zapdos|Close Combat|p1a: Pecharunt
|-immune|p1a: Pecharunt
|
|upkeep
|turn|6
|
|t:|1760332404
|switch|p2a: Kingambit|Kingambit, F|100/100
|-damage|p2a: Kingambit|94/100|[from] Stealth Rock
|move|p1a: Pecharunt|Parting Shot|p2a: Kingambit
|-unboost|p2a: Kingambit|atk|1
|-unboost|p2a: Kingambit|spa|1
|
|t:|1760332407
|switch|p1a: Blaziken|Blaziken, F, shiny|100/100|[from] Parting Shot
|
|-heal|p2a: Kingambit|100/100|[from] item: Leftovers
|upkeep
|turn|7
|
|t:|1760332414
|-end|p2a: Kingambit|fallenundefined|[silent]
|switch|p2a: Araquanid|Araquanid, F, shiny|100/100
|move|p1a: Blaziken|Overheat|p2a: Araquanid|[miss]
|-miss|p1a: Blaziken|p2a: Araquanid
|
|-ability|p1a: Blaziken|Speed Boost|boost
|-boost|p1a: Blaziken|spe|1
|upkeep
|turn|8
|
|t:|1760332432
|switch|p1a: Ogerpon|Ogerpon-Wellspring, F|100/100
|move|p2a: Araquanid|Sticky Web|p1a: Ogerpon
|-sidestart|p1: vuopuer|move: Sticky Web
|
|upkeep
|turn|9
|
|t:|1760332438
|switch|p2a: Zapdos|Zapdos-Galar|41/100
|-damage|p2a: Zapdos|29/100|[from] Stealth Rock
|move|p1a: Ogerpon|Swords Dance|p1a: Ogerpon
|-boost|p1a: Ogerpon|atk|2
|
|upkeep
|turn|10
|
|t:|1760332443
|move|p2a: Zapdos|Brave Bird|p1a: Ogerpon
|-supereffective|p1a: Ogerpon
|-damage|p1a: Ogerpon|0 fnt
|faint|p1a: Ogerpon
|-damage|p2a: Zapdos|0 fnt|[from] Recoil
|faint|p2a: Zapdos
|
|upkeep
|
|t:|1760332456
|switch|p1a: Pecharunt|Pecharunt|100/100
|switch|p2a: Latios|Latios, M, shiny|100/100
|-damage|p2a: Latios|88/100|[from] Stealth Rock
|-item|p1a: Pecharunt|Air Balloon
|turn|11
|
|t:|1760332464
|move|p2a: Latios|Draco Meteor|p1a: Pecharunt
|-damage|p1a: Pecharunt|0 fnt
|-unboost|p2a: Latios|spa|2
|-enditem|p1a: Pecharunt|Air Balloon
|faint|p1a: Pecharunt
|
|upkeep
|
|t:|1760332469
|switch|p1a: Kingambit|Kingambit, F|100/100
|-activate|p1a: Kingambit|move: Sticky Web
|-unboost|p1a: Kingambit|spe|1
|-activate|p1a: Kingambit|ability: Supreme Overlord
|-start|p1a: Kingambit|fallen2|[silent]
|turn|12
|
|t:|1760332476
|switch|p2a: Kingambit|Kingambit, F|100/100
|-damage|p2a: Kingambit|94/100|[from] Stealth Rock
|-activate|p2a: Kingambit|ability: Supreme Overlord
|-start|p2a: Kingambit|fallen1|[silent]
|move|p1a: Kingambit|Kowtow Cleave|p2a: Kingambit
|-resisted|p2a: Kingambit
|-crit|p2a: Kingambit
|-damage|p2a: Kingambit|47/100
|
|-heal|p2a: Kingambit|54/100|[from] item: Leftovers
|upkeep
|turn|13
|
|t:|1760332485
|-terastallize|p1a: Kingambit|Flying
|move|p2a: Kingambit|Low Kick|p1a: Kingambit
|-resisted|p1a: Kingambit
|-damage|p1a: Kingambit|83/100
|move|p1a: Kingambit|Low Kick|p2a: Kingambit
|-supereffective|p2a: Kingambit
|-damage|p2a: Kingambit|0 fnt
|faint|p2a: Kingambit
|-end|p2a: Kingambit|fallen1|[silent]
|
|upkeep
|
|t:|1760332490
|switch|p2a: Raging Bolt|Raging Bolt|100/100
|turn|14
|
|t:|1760332493
|-end|p1a: Kingambit|fallen2|[silent]
|switch|p1a: Ting-Lu|Ting-Lu|76/100
|-activate|p1a: Ting-Lu|move: Sticky Web
|-unboost|p1a: Ting-Lu|spe|1
|-ability|p1a: Ting-Lu|Vessel of Ruin
|move|p2a: Raging Bolt|Thunderbolt|p1a: Ting-Lu
|-immune|p1a: Ting-Lu
|
|-heal|p1a: Ting-Lu|82/100|[from] item: Leftovers
|upkeep
|turn|15
|
|t:|1760332506
|-end|p2a: Raging Bolt|Protosynthesis|[silent]
|switch|p2a: Latios|Latios, M, shiny|88/100
|-damage|p2a: Latios|76/100|[from] Stealth Rock
|move|p1a: Ting-Lu|Stone Edge|p2a: Latios
|-damage|p2a: Latios|42/100
|
|-heal|p1a: Ting-Lu|88/100|[from] item: Leftovers
|upkeep
|turn|16
|
|t:|1760332514
|move|p2a: Latios|Aura Sphere|p1a: Ting-Lu
|-supereffective|p1a: Ting-Lu
|-damage|p1a: Ting-Lu|53/100
|move|p1a: Ting-Lu|Earthquake|p2a: Latios
|-immune|p2a: Latios|[from] ability: Levitate
|
|-heal|p1a: Ting-Lu|59/100|[from] item: Leftovers
|upkeep
|turn|17
|
|t:|1760332518
|switch|p1a: Hatterene|Hatterene, F|59/100
|-activate|p1a: Hatterene|move: Sticky Web
|-unboost|p1a: Hatterene|spe|1
|move|p2a: Latios|Aura Sphere|p1a: Hatterene
|-resisted|p1a: Hatterene
|-damage|p1a: Hatterene|50/100
|
|upkeep
|turn|18
|
|t:|1760332527
|switch|p2a: Iron Crown|Iron Crown|100/100
|-damage|p2a: Iron Crown|94/100|[from] Stealth Rock
|move|p1a: Hatterene|Nuzzle|p2a: Iron Crown
|-damage|p2a: Iron Crown|90/100
|-status|p2a: Iron Crown|par
|
|upkeep
|turn|19
|
|t:|1760332538
|switch|p1a: Ting-Lu|Ting-Lu|59/100
|-activate|p1a: Ting-Lu|move: Sticky Web
|-unboost|p1a: Ting-Lu|spe|1
|-ability|p1a: Ting-Lu|Vessel of Ruin
|move|p2a: Iron Crown|Focus Blast|p1a: Ting-Lu
|-supereffective|p1a: Ting-Lu
|-damage|p1a: Ting-Lu|11/100
|
|-heal|p1a: Ting-Lu|17/100|[from] item: Leftovers
|upkeep
|turn|20
|
|t:|1760332544
|switch|p1a: Hatterene|Hatterene, F|50/100
|-activate|p1a: Hatterene|move: Sticky Web
|-unboost|p1a: Hatterene|spe|1
|move|p2a: Iron Crown|Focus Blast|p1a: Hatterene
|-resisted|p1a: Hatterene
|-damage|p1a: Hatterene|39/100
|
|upkeep
|turn|21
|
|t:|1760332549
|-end|p2a: Iron Crown|Quark Drive|[silent]
|switch|p2a: Araquanid|Araquanid, F, shiny|100/100
|move|p1a: Hatterene|Healing Wish|p1a: Hatterene
|faint|p1a: Hatterene
|
|upkeep
|
|t:|1760332552
|switch|p1a: Ting-Lu|Ting-Lu|17/100
|-heal|p1a: Ting-Lu|100/100|[from] move: Healing Wish
|-activate|p1a: Ting-Lu|move: Sticky Web
|-unboost|p1a: Ting-Lu|spe|1
|-ability|p1a: Ting-Lu|Vessel of Ruin
|turn|22
|
|t:|1760332559
|switch|p1a: Kingambit|Kingambit, F, tera:Flying|83/100
|-activate|p1a: Kingambit|ability: Supreme Overlord
|-start|p1a: Kingambit|fallen3|[silent]
|move|p2a: Araquanid|Surf|p1a: Kingambit
|-damage|p1a: Kingambit|25/100
|
|upkeep
|turn|23
|
|t:|1760332563
|move|p1a: Kingambit|Kowtow Cleave|p2a: Araquanid
|-damage|p2a: Araquanid|14/100
|move|p2a: Araquanid|Surf|p1a: Kingambit
|-damage|p1a: Kingambit|0 fnt
|faint|p1a: Kingambit
|-end|p1a: Kingambit|fallen3|[silent]
|
|upkeep
|
|t:|1760332566
|switch|p1a: Blaziken|Blaziken, F, shiny|100/100
|-activate|p1a: Blaziken|move: Sticky Web
|-unboost|p1a: Blaziken|spe|1
|turn|24
|
|t:|1760332571
|move|p1a: Blaziken|Protect|p1a: Blaziken
|-singleturn|p1a: Blaziken|Protect
|move|p2a: Araquanid|Surf|p1a: Blaziken
|-activate|p1a: Blaziken|move: Protect
|
|-ability|p1a: Blaziken|Speed Boost|boost
|-boost|p1a: Blaziken|spe|1
|upkeep
|turn|25
|
|t:|1760332576
|move|p1a: Blaziken|Close Combat|p2a: Araquanid
|-resisted|p2a: Araquanid
|-damage|p2a: Araquanid|0 fnt
|-unboost|p1a: Blaziken|def|1
|-unboost|p1a: Blaziken|spd|1
|faint|p2a: Araquanid
|
|-ability|p1a: Blaziken|Speed Boost|boost
|-boost|p1a: Blaziken|spe|1
|upkeep
|
|t:|1760332592
|switch|p2a: Raging Bolt|Raging Bolt|100/100
|turn|26
|
|t:|1760332596
|switch|p1a: Ting-Lu|Ting-Lu|100/100
|-activate|p1a: Ting-Lu|move: Sticky Web
|-unboost|p1a: Ting-Lu|spe|1
|-ability|p1a: Ting-Lu|Vessel of Ruin
|move|p2a: Raging Bolt|Draco Meteor|p1a: Ting-Lu
|-damage|p1a: Ting-Lu|65/100
|-unboost|p2a: Raging Bolt|spa|2
|
|-heal|p1a: Ting-Lu|71/100|[from] item: Leftovers
|upkeep
|turn|27
|
|t:|1760332609
|-end|p2a: Raging Bolt|Protosynthesis|[silent]
|switch|p2a: Iron Crown|Iron Crown|90/100 par
|-damage|p2a: Iron Crown|84/100 par|[from] Stealth Rock
|move|p1a: Ting-Lu|Stone Edge|p2a: Iron Crown
|-resisted|p2a: Iron Crown
|-damage|p2a: Iron Crown|70/100 par
|
|-heal|p1a: Ting-Lu|77/100|[from] item: Leftovers
|upkeep
|turn|28
|
|t:|1760332612
|cant|p2a: Iron Crown|par
|move|p1a: Ting-Lu|Earthquake|p2a: Iron Crown
|-supereffective|p2a: Iron Crown
|-damage|p2a: Iron Crown|0 fnt
|faint|p2a: Iron Crown
|-end|p2a: Iron Crown|Quark Drive|[silent]
|
|-heal|p1a: Ting-Lu|83/100|[from] item: Leftovers
|upkeep
|
|t:|1760332625
|switch|p2a: Latios|Latios, M, shiny|42/100
|-damage|p2a: Latios|30/100|[from] Stealth Rock
|turn|29
|
|t:|1760332628
|-terastallize|p2a: Latios|Steel
|move|p2a: Latios|Aura Sphere|p1a: Ting-Lu
|-supereffective|p1a: Ting-Lu
|-damage|p1a: Ting-Lu|46/100
|move|p1a: Ting-Lu|Stone Edge|p2a: Latios
|-resisted|p2a: Latios
|-damage|p2a: Latios|12/100
|
|-heal|p1a: Ting-Lu|52/100|[from] item: Leftovers
|upkeep
|turn|30
|
|t:|1760332646
|switch|p1a: Blaziken|Blaziken, F, shiny|100/100
|-activate|p1a: Blaziken|move: Sticky Web
|-unboost|p1a: Blaziken|spe|1
|move|p2a: Latios|Aura Sphere|p1a: Blaziken
|-damage|p1a: Blaziken|25/100
|
|upkeep
|turn|31
|c|☆fadingstrawberry|Miss
|
|t:|1760332651
|move|p1a: Blaziken|Protect|p1a: Blaziken
|-singleturn|p1a: Blaziken|Protect
|move|p2a: Latios|Aura Sphere|p1a: Blaziken
|-activate|p1a: Blaziken|move: Protect
|
|-ability|p1a: Blaziken|Speed Boost|boost
|-boost|p1a: Blaziken|spe|1
|upkeep
|turn|32
|
|t:|1760332658
|move|p1a: Blaziken|Protect||[still]
|-fail|p1a: Blaziken
|move|p2a: Latios|Aura Sphere|p1a: Blaziken
|-damage|p1a: Blaziken|0 fnt
|faint|p1a: Blaziken
|
|upkeep
|
|t:|1760332660
|switch|p1a: Ting-Lu|Ting-Lu|52/100
|-activate|p1a: Ting-Lu|move: Sticky Web
|-unboost|p1a: Ting-Lu|spe|1
|-ability|p1a: Ting-Lu|Vessel of Ruin
|turn|33
|
|t:|1760332662
|move|p2a: Latios|Aura Sphere|p1a: Ting-Lu
|-supereffective|p1a: Ting-Lu
|-damage|p1a: Ting-Lu|18/100
|move|p1a: Ting-Lu|Earthquake|p2a: Latios
|-immune|p2a: Latios|[from] ability: Levitate
|
|-heal|p1a: Ting-Lu|24/100|[from] item: Leftovers
|upkeep
|turn|34
|
|t:|1760332665
|move|p2a: Latios|Aura Sphere|p1a: Ting-Lu
|-supereffective|p1a: Ting-Lu
|-damage|p1a: Ting-Lu|0 fnt
|faint|p1a: Ting-Lu
|
|win|fadingstrawberry
|raw|vuopuer's rating: 1585 &rarr; <strong>1563</strong><br />(-22 for losing)
|raw|fadingstrawberry's rating: 1546 &rarr; <strong>1568</strong><br />(+22 for winning)
|c|☆fadingstrawberry|Gg
|l|☆vuopuer
|player|p1|
|l| arturohdez
