|j|☆DeeGrader
|j|☆john torkoal
|t:|1760398850
|gametype|singles
|player|p1|DeeGrader|169|1099
|player|p2|john torkoal|rosa|1144
|gen|9
|tier|[Gen 9] OU
|rated|
|rule|HP Percentage Mod: HP is shown in percentages
|rule|Endless Battle Clause: Forcing endless battles is banned
|rule|Species Clause: Limit one of each Pokémon
|rule|OHKO Clause: OHKO moves are banned
|rule|Evasion Items Clause: Evasion items are banned
|rule|Evasion Moves Clause: Evasion moves are banned
|rule|Evasion Abilities Clause: Evasion abilities are banned
|rule|Sleep Moves Clause: Sleep-inducing moves are banned
|clearpoke
|poke|p1|Dragonite, F|
|poke|p1|Hatterene, F|
|poke|p1|Gholdengo|
|poke|p1|Slowking-Galar, M|
|poke|p1|Great Tusk|
|poke|p1|Rotom-Wash|
|poke|p2|Ninetales-Alola, M|
|poke|p2|Kingambit, M|
|poke|p2|Hatterene, F|
|poke|p2|Ogerpon-Wellspring, F|
|poke|p2|Rhyperior, M|
|poke|p2|Primarina, F|
|teampreview
|inactive|Battle timer is ON: inactive players will automatically lose when time's up. (requested by DeeGrader)
|inactive|john torkoal has 120 seconds left.
|
|t:|1760398886
|teamsize|p1|6
|teamsize|p2|6
|start
|switch|p1a: Gholdengo|Gholdengo|100/100
|switch|p2a: Ninetales|Ninetales-Alola, M|100/100
|-weather|Snowscape|[from] ability: Snow Warning|[of] p2a: Ninetales
|turn|1
|
|t:|1760398893
|move|p2a: Ninetales|Aurora Veil|p2a: Ninetales
|-sidestart|p2: john torkoal|move: Aurora Veil
|move|p1a: Gholdengo|Nasty Plot|p1a: Gholdengo
|-boost|p1a: Gholdengo|spa|2
|
|-weather|Snowscape|[upkeep]
|upkeep
|turn|2
|
|t:|1760398908
|switch|p2a: Kingambit|Kingambit, M|100/100
|move|p1a: Gholdengo|Nasty Plot|p1a: Gholdengo
|-boost|p1a: Gholdengo|spa|2
|
|-weather|Snowscape|[upkeep]
|upkeep
|turn|3
|
|t:|1760398916
|move|p1a: Gholdengo|Focus Blast|p2a: Kingambit
|-supereffective|p2a: Kingambit
|-damage|p2a: Kingambit|0 fnt
|faint|p2a: Kingambit
|-end|p2a: Kingambit|fallenundefined|[silent]
|
|-weather|Snowscape|[upkeep]
|upkeep
|
|t:|1760398919
|switch|p2a: Rhyperior|Rhyperior, M|100/100
|turn|4
|
|t:|1760398926
|-terastallize|p2a: Rhyperior|Flying
|move|p1a: Gholdengo|Make It Rain|p2a: Rhyperior
|-damage|p2a: Rhyperior|0 fnt
|-unboost|p1a: Gholdengo|spa|1
|faint|p2a: Rhyperior
|
|-weather|Snowscape|[upkeep]
|upkeep
|
|t:|1760398931
|switch|p2a: Ninetales|Ninetales-Alola, M|100/100
|turn|5
|
|t:|1760398941
|switch|p2a: Ogerpon|Ogerpon-Wellspring, F|100/100
|move|p1a: Gholdengo|Nasty Plot|p1a: Gholdengo
|-boost|p1a: Gholdengo|spa|2
|
|-weather|none
|upkeep
|turn|6
|
|t:|1760398948
|move|p2a: Ogerpon|Swords Dance|p2a: Ogerpon
|-boost|p2a: Ogerpon|atk|2
|move|p1a: Gholdengo|Shadow Ball|p2a: Ogerpon
|-damage|p2a: Ogerpon|9/100
|-unboost|p2a: Ogerpon|spd|1
|
|upkeep
|turn|7
|
|t:|1760398956
|move|p2a: Ogerpon|Ivy Cudgel|p1a: Gholdengo|[anim] Ivy Cudgel Water
|-damage|p1a: Gholdengo|0 fnt
|faint|p1a: Gholdengo
|
|upkeep
|
|t:|1760398963
|switch|p1a: Dragonite|Dragonite, F|100/100
|turn|8
|
|t:|1760398972
|move|p1a: Dragonite|Extreme Speed|p2a: Ogerpon
|-damage|p2a: Ogerpon|0 fnt
|faint|p2a: Ogerpon
|
|-sideend|p2: john torkoal|move: Aurora Veil
|upkeep
|
|t:|1760398974
|switch|p2a: Ninetales|Ninetales-Alola, M|100/100
|-weather|Snowscape|[from] ability: Snow Warning|[of] p2a: Ninetales
|turn|9
|
|t:|1760398982
|switch|p1a: Slowking|Slowking-Galar, M|100/100
|move|p2a: Ninetales|Aurora Veil|p2a: Ninetales
|-sidestart|p2: john torkoal|move: Aurora Veil
|
|-weather|Snowscape|[upkeep]
|upkeep
|turn|10
|inactive|john torkoal has 120 seconds left.
|
|t:|1760399026
|switch|p2a: Primarina|Primarina, F|100/100
|move|p1a: Slowking|Future Sight|p2a: Primarina
|-start|p1a: Slowking|move: Future Sight
|
|-weather|Snowscape|[upkeep]
|upkeep
|turn|11
|
|t:|1760399032
|move|p2a: Primarina|Calm Mind|p2a: Primarina
|-boost|p2a: Primarina|spa|1
|-boost|p2a: Primarina|spd|1
|move|p1a: Slowking|Sludge Bomb|p2a: Primarina
|-supereffective|p2a: Primarina
|-damage|p2a: Primarina|72/100
|
|-weather|Snowscape|[upkeep]
|-heal|p2a: Primarina|79/100|[from] item: Leftovers
|upkeep
|turn|12
|
|t:|1760399043
|switch|p1a: Hatterene|Hatterene, F|100/100
|move|p2a: Primarina|Calm Mind|p2a: Primarina
|-boost|p2a: Primarina|spa|1
|-boost|p2a: Primarina|spd|1
|
|-weather|Snowscape|[upkeep]
|-end|p2a: Primarina|move: Future Sight
|-damage|p2a: Primarina|65/100
|-heal|p2a: Primarina|71/100|[from] item: Leftovers
|upkeep
|turn|13
|
|t:|1760399053
|move|p2a: Primarina|Moonblast|p1a: Hatterene
|-damage|p1a: Hatterene|0 fnt
|faint|p1a: Hatterene
|
|-weather|none
|-heal|p2a: Primarina|77/100|[from] item: Leftovers
|upkeep
|
|t:|1760399060
|switch|p1a: Rotom|Rotom-Wash|100/100
|turn|14
|
|t:|1760399064
|move|p1a: Rotom|Thunder Wave|p2a: Primarina|[miss]
|-miss|p1a: Rotom|p2a: Primarina
|move|p2a: Primarina|Moonblast|p1a: Rotom
|-damage|p1a: Rotom|0 fnt
|faint|p1a: Rotom
|
|-heal|p2a: Primarina|83/100|[from] item: Leftovers
|upkeep
|
|t:|1760399077
|switch|p1a: Slowking|Slowking-Galar, M|100/100
|turn|15
|inactive|john torkoal has 120 seconds left.
|
|t:|1760399109
|move|p2a: Primarina|Calm Mind|p2a: Primarina
|-boost|p2a: Primarina|spa|1
|-boost|p2a: Primarina|spd|1
|-prepare|p1a: Slowking|Chilly Reception|[premajor]
|move|p1a: Slowking|Chilly Reception|p1a: Slowking
|-weather|Snowscape
|
|t:|1760399115
|switch|p1a: Great Tusk|Great Tusk|100/100|[from] Chilly Reception
|
|-weather|Snowscape|[upkeep]
|-heal|p2a: Primarina|90/100|[from] item: Leftovers
|upkeep
|turn|16
|
|t:|1760399121
|move|p1a: Great Tusk|Knock Off|p2a: Primarina
|-resisted|p2a: Primarina
|-damage|p2a: Primarina|79/100
|-enditem|p2a: Primarina|Leftovers|[from] move: Knock Off|[of] p1a: Great Tusk
|move|p2a: Primarina|Moonblast|p1a: Great Tusk
|-supereffective|p1a: Great Tusk
|-damage|p1a: Great Tusk|0 fnt
|faint|p1a: Great Tusk
|-end|p1a: Great Tusk|Protosynthesis|[silent]
|
|-weather|Snowscape|[upkeep]
|-sideend|p2: john torkoal|move: Aurora Veil
|upkeep
|
|t:|1760399132
|switch|p1a: Slowking|Slowking-Galar, M|100/100
|turn|17
|
|t:|1760399135
|move|p2a: Primarina|Hydro Pump|p1a: Slowking
|-damage|p1a: Slowking|0 fnt
|faint|p1a: Slowking
|
|-weather|Snowscape|[upkeep]
|upkeep
|
|t:|1760399141
|switch|p1a: Dragonite|Dragonite, F|100/100
|turn|18
|c|☆DeeGrader|Gg
|
|t:|1760399145
|move|p1a: Dragonite|Dragon Dance|p1a: Dragonite
|-boost|p1a: Dragonite|atk|1
|-boost|p1a: Dragonite|spe|1
|move|p2a: Primarina|Moonblast|p1a: Dragonite
|-supereffective|p1a: Dragonite
|-damage|p1a: Dragonite|0 fnt
|faint|p1a: Dragonite
|
|win|john torkoal
|raw|DeeGrader's rating: 1099 &rarr; <strong>1077</strong><br />(-22 for losing)
|raw|john torkoal's rating: 1144 &rarr; <strong>1166</strong><br />(+22 for winning)
