|j|☆ExiDudi
|j|☆jamosb test
|t:|1760360106
|gametype|singles
|player|p1|ExiDudi|170|1504
|player|p2|jamosb test|2|1467
|gen|9
|tier|[Gen 9] OU
|rated|
|rule|HP Percentage Mod: HP is shown in percentages
|rule|Endless Battle Clause: Forcing endless battles is banned
|rule|Species Clause: Limit one of each Pokémon
|rule|OHKO Clause: OHKO moves are banned
|rule|Evasion Items Clause: Evasion items are banned
|rule|Evasion Moves Clause: Evasion moves are banned
|rule|Evasion Abilities Clause: Evasion abilities are banned
|rule|Sleep Moves Clause: Sleep-inducing moves are banned
|clearpoke
|poke|p1|Samurott-Hisui, M|
|poke|p1|Great Tusk|
|poke|p1|Gholdengo|
|poke|p1|Dragonite, F|
|poke|p1|Deoxys-Speed|
|poke|p1|Scizor, F|
|poke|p2|Rillaboom, M|
|poke|p2|Okidogi, M|
|poke|p2|Zamazenta-*|
|poke|p2|Iron Treads|
|poke|p2|Clefable, F|
|poke|p2|Walking Wake|
|teampreview
|inactive|Battle timer is ON: inactive players will automatically lose when time's up. (requested by ExiDudi)
|inactive|jamosb test has 120 seconds left.
|
|t:|1760360149
|teamsize|p1|6
|teamsize|p2|6
|start
|switch|p1a: Scizor|Scizor, F|100/100
|switch|p2a: Rillaboom|Rillaboom, M|100/100
|-fieldstart|move: Grassy Terrain|[from] ability: Grassy Surge|[of] p2a: Rillaboom
|turn|1
|
|t:|1760360158
|switch|p2a: Okidogi|Okidogi, M|100/100
|move|p1a: Scizor|U-turn|p2a: Okidogi
|-resisted|p2a: Okidogi
|-damage|p2a: Okidogi|88/100
|
|t:|1760360162
|switch|p1a: Deoxys|Deoxys-Speed|100/100|[from] U-turn
|-ability|p1a: Deoxys|Pressure
|
|-heal|p2a: Okidogi|94/100|[from] Grassy Terrain
|-heal|p2a: Okidogi|100/100|[from] item: Leftovers
|upkeep
|turn|2
|
|t:|1760360173
|switch|p2a: Iron Treads|Iron Treads|100/100
|move|p1a: Deoxys|Psycho Boost|p2a: Iron Treads
|-resisted|p2a: Iron Treads
|-damage|p2a: Iron Treads|52/100
|-unboost|p1a: Deoxys|spa|2
|-damage|p1a: Deoxys|91/100|[from] item: Life Orb
|
|-heal|p1a: Deoxys|97/100|[from] Grassy Terrain
|-heal|p2a: Iron Treads|58/100|[from] Grassy Terrain
|-heal|p2a: Iron Treads|64/100|[from] item: Leftovers
|upkeep
|turn|3
|
|t:|1760360178
|move|p1a: Deoxys|Focus Blast|p2a: Iron Treads
|-supereffective|p2a: Iron Treads
|-damage|p2a: Iron Treads|9/100
|-damage|p1a: Deoxys|87/100|[from] item: Life Orb
|move|p2a: Iron Treads|Stealth Rock|p1a: Deoxys
|-sidestart|p1: ExiDudi|move: Stealth Rock
|
|-heal|p1a: Deoxys|93/100|[from] Grassy Terrain
|-heal|p2a: Iron Treads|15/100|[from] Grassy Terrain
|-heal|p2a: Iron Treads|21/100|[from] item: Leftovers
|upkeep
|turn|4
|
|t:|1760360191
|-end|p2a: Iron Treads|Quark Drive|[silent]
|switch|p2a: Clefable|Clefable, F|100/100
|move|p1a: Deoxys|Focus Blast|p2a: Clefable|[miss]
|-miss|p1a: Deoxys|p2a: Clefable
|
|-heal|p1a: Deoxys|99/100|[from] Grassy Terrain
|upkeep
|turn|5
|
|t:|1760360198
|switch|p1a: Gholdengo|Gholdengo|100/100
|-damage|p1a: Gholdengo|94/100|[from] Stealth Rock
|-item|p1a: Gholdengo|Air Balloon
|move|p2a: Clefable|Calm Mind|p2a: Clefable
|-boost|p2a: Clefable|spa|1
|-boost|p2a: Clefable|spd|1
|
|upkeep
|turn|6
|
|t:|1760360202
|move|p1a: Gholdengo|Nasty Plot|p1a: Gholdengo
|-boost|p1a: Gholdengo|spa|2
|move|p2a: Clefable|Moonblast|p1a: Gholdengo
|-resisted|p1a: Gholdengo
|-damage|p1a: Gholdengo|73/100
|-enditem|p1a: Gholdengo|Air Balloon
|
|-heal|p1a: Gholdengo|79/100|[from] Grassy Terrain
|upkeep
|turn|7
|
|t:|1760360232
|-terastallize|p2a: Clefable|Water
|move|p1a: Gholdengo|Make It Rain|p2a: Clefable
|-resisted|p2a: Clefable
|-damage|p2a: Clefable|70/100
|-unboost|p1a: Gholdengo|spa|1
|move|p2a: Clefable|Calm Mind|p2a: Clefable
|-boost|p2a: Clefable|spa|1
|-boost|p2a: Clefable|spd|1
|
|-heal|p1a: Gholdengo|85/100|[from] Grassy Terrain
|-heal|p2a: Clefable|76/100|[from] Grassy Terrain
|-heal|p2a: Clefable|82/100|[from] item: Leftovers
|upkeep
|turn|8
|
|t:|1760360239
|move|p1a: Gholdengo|Nasty Plot|p1a: Gholdengo
|-boost|p1a: Gholdengo|spa|2
|move|p2a: Clefable|Calm Mind|p2a: Clefable
|-boost|p2a: Clefable|spa|1
|-boost|p2a: Clefable|spd|1
|
|-heal|p1a: Gholdengo|91/100|[from] Grassy Terrain
|-heal|p2a: Clefable|88/100|[from] Grassy Terrain
|-heal|p2a: Clefable|94/100|[from] item: Leftovers
|-fieldend|move: Grassy Terrain
|upkeep
|turn|9
|
|t:|1760360243
|move|p1a: Gholdengo|Nasty Plot|p1a: Gholdengo
|-boost|p1a: Gholdengo|spa|2
|move|p2a: Clefable|Calm Mind|p2a: Clefable
|-boost|p2a: Clefable|spa|1
|-boost|p2a: Clefable|spd|1
|
|-heal|p2a: Clefable|100/100|[from] item: Leftovers
|upkeep
|turn|10
|
|t:|1760360247
|move|p1a: Gholdengo|Shadow Ball|p2a: Clefable
|-damage|p2a: Clefable|61/100
|move|p2a: Clefable|Moonblast|p1a: Gholdengo
|-resisted|p1a: Gholdengo
|-damage|p1a: Gholdengo|49/100
|
|-heal|p2a: Clefable|68/100|[from] item: Leftovers
|upkeep
|turn|11
|
|t:|1760360252
|move|p1a: Gholdengo|Shadow Ball|p2a: Clefable
|-damage|p2a: Clefable|28/100
|move|p2a: Clefable|Moonlight|p2a: Clefable
|-heal|p2a: Clefable|78/100
|
|-heal|p2a: Clefable|84/100|[from] item: Leftovers
|upkeep
|turn|12
|
|t:|1760360255
|move|p1a: Gholdengo|Shadow Ball|p2a: Clefable
|-damage|p2a: Clefable|44/100
|move|p2a: Clefable|Moonblast|p1a: Gholdengo
|-resisted|p1a: Gholdengo
|-damage|p1a: Gholdengo|3/100
|
|-heal|p2a: Clefable|50/100|[from] item: Leftovers
|upkeep
|turn|13
|
|t:|1760360261
|move|p1a: Gholdengo|Shadow Ball|p2a: Clefable
|-damage|p2a: Clefable|10/100
|move|p2a: Clefable|Moonlight|p2a: Clefable
|-heal|p2a: Clefable|60/100
|
|-heal|p2a: Clefable|66/100|[from] item: Leftovers
|upkeep
|turn|14
|
|t:|1760360264
|move|p1a: Gholdengo|Shadow Ball|p2a: Clefable
|-damage|p2a: Clefable|29/100
|-unboost|p2a: Clefable|spd|1
|move|p2a: Clefable|Moonlight|p2a: Clefable
|-heal|p2a: Clefable|79/100
|
|-heal|p2a: Clefable|86/100|[from] item: Leftovers
|upkeep
|turn|15
|
|t:|1760360267
|move|p1a: Gholdengo|Shadow Ball|p2a: Clefable
|-damage|p2a: Clefable|41/100
|move|p2a: Clefable|Moonblast|p1a: Gholdengo
|-resisted|p1a: Gholdengo
|-damage|p1a: Gholdengo|0 fnt
|faint|p1a: Gholdengo
|
|-heal|p2a: Clefable|47/100|[from] item: Leftovers
|upkeep
|
|t:|1760360283
|switch|p1a: Scizor|Scizor, F|100/100
|-damage|p1a: Scizor|88/100|[from] Stealth Rock
|turn|16
|
|t:|1760360287
|move|p1a: Scizor|Close Combat|p2a: Clefable
|-damage|p2a: Clefable|0 fnt
|-unboost|p1a: Scizor|def|1
|-unboost|p1a: Scizor|spd|1
|faint|p2a: Clefable
|
|upkeep
|
|t:|1760360306
|switch|p2a: Iron Treads|Iron Treads|21/100
|turn|17
|
|t:|1760360316
|switch|p1a: Great Tusk|Great Tusk|100/100
|move|p2a: Iron Treads|Knock Off|p1a: Great Tusk
|-resisted|p1a: Great Tusk
|-crit|p1a: Great Tusk
|-damage|p1a: Great Tusk|87/100
|-enditem|p1a: Great Tusk|Heavy-Duty Boots|[from] move: Knock Off|[of] p2a: Iron Treads
|
|-heal|p2a: Iron Treads|27/100|[from] item: Leftovers
|upkeep
|turn|18
|
|t:|1760360324
|-end|p2a: Iron Treads|Quark Drive|[silent]
|switch|p2a: Walking Wake|Walking Wake|100/100
|move|p1a: Great Tusk|Rapid Spin|p2a: Walking Wake
|-damage|p2a: Walking Wake|80/100
|-boost|p1a: Great Tusk|spe|1
|-sideend|p1: ExiDudi|Stealth Rock|[from] move: Rapid Spin|[of] p1a: Great Tusk
|
|upkeep
|turn|19
|
|t:|1760360334
|-end|p1a: Great Tusk|Protosynthesis|[silent]
|switch|p1a: Samurott|Samurott-Hisui, M|100/100
|move|p2a: Walking Wake|Flip Turn|p1a: Samurott
|-resisted|p1a: Samurott
|-damage|p1a: Samurott|92/100
|
|t:|1760360345
|-end|p2a: Walking Wake|Protosynthesis|[silent]
|switch|p2a: Rillaboom|Rillaboom, M|100/100|[from] Flip Turn
|-fieldstart|move: Grassy Terrain|[from] ability: Grassy Surge|[of] p2a: Rillaboom
|
|-heal|p1a: Samurott|98/100|[from] Grassy Terrain
|upkeep
|turn|20
|
|t:|1760360361
|move|p2a: Rillaboom|Swords Dance|p2a: Rillaboom
|-boost|p2a: Rillaboom|atk|2
|move|p1a: Samurott|Ceaseless Edge|p2a: Rillaboom|[miss]
|-miss|p1a: Samurott|p2a: Rillaboom
|
|-heal|p1a: Samurott|100/100|[from] Grassy Terrain
|upkeep
|turn|21
|
|t:|1760360377
|move|p2a: Rillaboom|Grassy Glide|p1a: Samurott
|-supereffective|p1a: Samurott
|-damage|p1a: Samurott|0 fnt
|faint|p1a: Samurott
|
|upkeep
|
|t:|1760360390
|switch|p1a: Dragonite|Dragonite, F|100/100
|turn|22
|
|t:|1760360397
|move|p1a: Dragonite|Dragon Dance|p1a: Dragonite
|-boost|p1a: Dragonite|atk|1
|-boost|p1a: Dragonite|spe|1
|move|p2a: Rillaboom|Knock Off|p1a: Dragonite
|-damage|p1a: Dragonite|61/100
|-enditem|p1a: Dragonite|Heavy-Duty Boots|[from] move: Knock Off|[of] p2a: Rillaboom
|
|upkeep
|turn|23
|
|t:|1760360406
|move|p1a: Dragonite|Roost|p1a: Dragonite
|-heal|p1a: Dragonite|100/100
|-singleturn|p1a: Dragonite|move: Roost
|move|p2a: Rillaboom|Knock Off|p1a: Dragonite
|-damage|p1a: Dragonite|73/100
|
|-heal|p1a: Dragonite|79/100|[from] Grassy Terrain
|upkeep
|turn|24
|
|t:|1760360410
|move|p1a: Dragonite|Dragon Dance|p1a: Dragonite
|-boost|p1a: Dragonite|atk|1
|-boost|p1a: Dragonite|spe|1
|move|p2a: Rillaboom|Wood Hammer|p1a: Dragonite
|-resisted|p1a: Dragonite
|-crit|p1a: Dragonite
|-damage|p1a: Dragonite|4/100
|-damage|p2a: Rillaboom|80/100|[from] Recoil
|
|-heal|p2a: Rillaboom|86/100|[from] Grassy Terrain
|upkeep
|turn|25
|
|t:|1760360421
|-terastallize|p1a: Dragonite|Normal
|move|p1a: Dragonite|Extreme Speed|p2a: Rillaboom
|-damage|p2a: Rillaboom|3/100
|move|p2a: Rillaboom|Grassy Glide|p1a: Dragonite
|-damage|p1a: Dragonite|0 fnt
|faint|p1a: Dragonite
|
|-heal|p2a: Rillaboom|9/100|[from] Grassy Terrain
|upkeep
|
|t:|1760360430
|switch|p1a: Scizor|Scizor, F|88/100
|turn|26
|
|t:|1760360444
|switch|p2a: Okidogi|Okidogi, M|100/100
|move|p1a: Scizor|Bullet Punch|p2a: Okidogi
|-damage|p2a: Okidogi|61/100
|
|-heal|p2a: Okidogi|68/100|[from] Grassy Terrain
|-heal|p2a: Okidogi|74/100|[from] item: Leftovers
|-heal|p1a: Scizor|94/100|[from] Grassy Terrain
|-fieldend|move: Grassy Terrain
|upkeep
|turn|27
|
|t:|1760360455
|switch|p1a: Great Tusk|Great Tusk|87/100
|move|p2a: Okidogi|Bulk Up|p2a: Okidogi
|-boost|p2a: Okidogi|atk|1
|-boost|p2a: Okidogi|def|1
|
|-heal|p2a: Okidogi|80/100|[from] item: Leftovers
|upkeep
|turn|28
|
|t:|1760360469
|move|p1a: Great Tusk|Rapid Spin|p2a: Okidogi
|-damage|p2a: Okidogi|70/100
|-boost|p1a: Great Tusk|spe|1
|move|p2a: Okidogi|Drain Punch|p1a: Great Tusk
|-damage|p1a: Great Tusk|48/100
|-heal|p2a: Okidogi|89/100|[from] drain|[of] p1a: Great Tusk
|-status|p1a: Great Tusk|tox|[from] ability: Toxic Chain|[of] p2a: Okidogi
|
|-heal|p2a: Okidogi|95/100|[from] item: Leftovers
|-damage|p1a: Great Tusk|42/100 tox|[from] psn
|upkeep
|turn|29
|
|t:|1760360475
|move|p1a: Great Tusk|Headlong Rush|p2a: Okidogi
|-supereffective|p2a: Okidogi
|-damage|p2a: Okidogi|31/100
|-unboost|p1a: Great Tusk|def|1
|-unboost|p1a: Great Tusk|spd|1
|move|p2a: Okidogi|Drain Punch|p1a: Great Tusk
|-damage|p1a: Great Tusk|0 fnt
|-heal|p2a: Okidogi|51/100|[from] drain|[of] p1a: Great Tusk
|faint|p1a: Great Tusk
|-end|p1a: Great Tusk|Protosynthesis|[silent]
|
|-heal|p2a: Okidogi|57/100|[from] item: Leftovers
|upkeep
|
|t:|1760360479
|switch|p1a: Deoxys|Deoxys-Speed|99/100
|-ability|p1a: Deoxys|Pressure
|turn|30
|
|t:|1760360485
|move|p1a: Deoxys|Psycho Boost|p2a: Okidogi
|-supereffective|p2a: Okidogi
|-damage|p2a: Okidogi|0 fnt
|-unboost|p1a: Deoxys|spa|2
|faint|p2a: Okidogi
|-damage|p1a: Deoxys|89/100|[from] item: Life Orb
|
|upkeep
|
|t:|1760360502
|switch|p2a: Zamazenta|Zamazenta|100/100
|-ability|p2a: Zamazenta|Dauntless Shield|boost
|-boost|p2a: Zamazenta|def|1
|turn|31
|
|t:|1760360508
|move|p1a: Deoxys|Psycho Boost|p2a: Zamazenta
|-supereffective|p2a: Zamazenta
|-damage|p2a: Zamazenta|18/100
|-unboost|p1a: Deoxys|spa|2
|-damage|p1a: Deoxys|79/100|[from] item: Life Orb
|move|p2a: Zamazenta|Iron Defense|p2a: Zamazenta
|-boost|p2a: Zamazenta|def|2
|
|-heal|p2a: Zamazenta|24/100|[from] item: Leftovers
|upkeep
|turn|32
|
|t:|1760360529
|switch|p2a: Iron Treads|Iron Treads|27/100
|move|p1a: Deoxys|Psycho Boost|p2a: Iron Treads
|-resisted|p2a: Iron Treads
|-damage|p2a: Iron Treads|12/100
|-unboost|p1a: Deoxys|spa|2
|-damage|p1a: Deoxys|69/100|[from] item: Life Orb
|
|-heal|p2a: Iron Treads|18/100|[from] item: Leftovers
|upkeep
|turn|33
|
|t:|1760360535
|move|p1a: Deoxys|Focus Blast|p2a: Iron Treads
|-supereffective|p2a: Iron Treads
|-damage|p2a: Iron Treads|0 fnt
|faint|p2a: Iron Treads
|-end|p2a: Iron Treads|Quark Drive|[silent]
|-damage|p1a: Deoxys|59/100|[from] item: Life Orb
|
|upkeep
|
|t:|1760360546
|switch|p2a: Walking Wake|Walking Wake|80/100
|turn|34
|
|t:|1760360561
|switch|p1a: Scizor|Scizor, F|94/100
|move|p2a: Walking Wake|Surf|p1a: Scizor
|-damage|p1a: Scizor|4/100
|
|upkeep
|turn|35
|
|t:|1760360565
|move|p1a: Scizor|Bullet Punch|p2a: Walking Wake
|-resisted|p2a: Walking Wake
|-damage|p2a: Walking Wake|51/100
|move|p2a: Walking Wake|Surf|p1a: Scizor
|-damage|p1a: Scizor|0 fnt
|faint|p1a: Scizor
|
|upkeep
|
|t:|1760360568
|switch|p1a: Deoxys|Deoxys-Speed|59/100
|-ability|p1a: Deoxys|Pressure
|turn|36
|
|t:|1760360580
|-end|p2a: Walking Wake|Protosynthesis|[silent]
|switch|p2a: Zamazenta|Zamazenta|24/100
|move|p1a: Deoxys|Focus Blast|p2a: Zamazenta
|-damage|p2a: Zamazenta|0 fnt
|faint|p2a: Zamazenta
|-damage|p1a: Deoxys|49/100|[from] item: Life Orb
|
|upkeep
|
|t:|1760360585
|switch|p2a: Walking Wake|Walking Wake|51/100
|turn|37
|
|t:|1760360590
|move|p1a: Deoxys|Psycho Boost|p2a: Walking Wake
|-damage|p2a: Walking Wake|0 fnt
|-unboost|p1a: Deoxys|spa|2
|faint|p2a: Walking Wake
|-end|p2a: Walking Wake|Protosynthesis|[silent]
|-damage|p1a: Deoxys|40/100|[from] item: Life Orb
|
|upkeep
|
|t:|1760360594
|switch|p2a: Rillaboom|Rillaboom, M|9/100
|-fieldstart|move: Grassy Terrain|[from] ability: Grassy Surge|[of] p2a: Rillaboom
|turn|38
|
|t:|1760360597
|move|p2a: Rillaboom|Grassy Glide|p1a: Deoxys
|-damage|p1a: Deoxys|0 fnt
|faint|p1a: Deoxys
|
|win|jamosb test
|raw|ExiDudi's rating: 1504 &rarr; <strong>1482</strong><br />(-22 for losing)
|raw|jamosb test's rating: 1467 &rarr; <strong>1489</strong><br />(+22 for winning)
|l|☆ExiDudi
|player|p1|
|l|☆jamosb test
|player|p2|
