|j|☆PrimeXStriker
|j|☆fregene97
|t:|1760366410
|gametype|singles
|player|p1|PrimeXStriker|marshal|1554
|player|p2|fregene97|101|1677
|gen|9
|tier|[Gen 9] OU
|rated|
|rule|HP Percentage Mod: HP is shown in percentages
|rule|Endless Battle Clause: Forcing endless battles is banned
|rule|Species Clause: Limit one of each Pokémon
|rule|OHKO Clause: OHKO moves are banned
|rule|Evasion Items Clause: Evasion items are banned
|rule|Evasion Moves Clause: Evasion moves are banned
|rule|Evasion Abilities Clause: Evasion abilities are banned
|rule|Sleep Moves Clause: Sleep-inducing moves are banned
|clearpoke
|poke|p1|Zapdos-Galar|
|poke|p1|Iron Jugulis|
|poke|p1|Primarina, F|
|poke|p1|Cinderace, F|
|poke|p1|Tyranitar, F|
|poke|p1|Great Tusk|
|poke|p2|Darkrai|
|poke|p2|Great Tusk|
|poke|p2|Iron Moth|
|poke|p2|Rillaboom, M|
|poke|p2|Raging Bolt|
|poke|p2|Zamazenta-*|
|teampreview
|inactive|Battle timer is ON: inactive players will automatically lose when time's up. (requested by fregene97)
|
|t:|1760366421
|teamsize|p1|6
|teamsize|p2|6
|start
|switch|p1a: Iron Jugulis|Iron Jugulis|100/100
|switch|p2a: Darkrai|Darkrai|100/100
|turn|1
|
|t:|1760366447
|move|p1a: Iron Jugulis|U-turn|p2a: Darkrai
|-supereffective|p2a: Darkrai
|-damage|p2a: Darkrai|68/100
|
|t:|1760366452
|-end|p1a: Iron Jugulis|Quark Drive|[silent]
|switch|p1a: Tyranitar|Tyranitar, F|100/100|[from] U-turn
|-weather|Sandstorm|[from] ability: Sand Stream|[of] p1a: Tyranitar
|move|p2a: Darkrai|Ice Beam|p1a: Tyranitar
|-damage|p1a: Tyranitar|87/100
|-status|p1a: Tyranitar|frz
|
|-weather|Sandstorm|[upkeep]
|-damage|p2a: Darkrai|62/100|[from] Sandstorm
|-heal|p2a: Darkrai|68/100|[from] item: Leftovers
|-heal|p1a: Tyranitar|93/100 frz|[from] item: Leftovers
|upkeep
|turn|2
|inactive|fregene97 has 120 seconds left.
|
|t:|1760366482
|move|p2a: Darkrai|Nasty Plot|p2a: Darkrai
|-boost|p2a: Darkrai|spa|2
|cant|p1a: Tyranitar|frz
|
|-weather|Sandstorm|[upkeep]
|-damage|p2a: Darkrai|62/100|[from] Sandstorm
|-heal|p2a: Darkrai|68/100|[from] item: Leftovers
|-heal|p1a: Tyranitar|99/100 frz|[from] item: Leftovers
|upkeep
|turn|3
|
|t:|1760366488
|-terastallize|p2a: Darkrai|Poison
|move|p2a: Darkrai|Sludge Bomb|p1a: Tyranitar
|-resisted|p1a: Tyranitar
|-crit|p1a: Tyranitar
|-damage|p1a: Tyranitar|68/100 frz
|-curestatus|p1a: Tyranitar|frz|[msg]
|move|p1a: Tyranitar|Roar|p2a: Darkrai
|drag|p2a: Zamazenta|Zamazenta|100/100
|-ability|p2a: Zamazenta|Dauntless Shield|boost
|-boost|p2a: Zamazenta|def|1
|
|-weather|Sandstorm|[upkeep]
|-damage|p2a: Zamazenta|94/100|[from] Sandstorm
|-heal|p2a: Zamazenta|100/100|[from] item: Leftovers
|-heal|p1a: Tyranitar|74/100|[from] item: Leftovers
|upkeep
|turn|4
|
|t:|1760366495
|switch|p1a: Primarina|Primarina, F|100/100
|move|p2a: Zamazenta|Iron Defense|p2a: Zamazenta
|-boost|p2a: Zamazenta|def|2
|
|-weather|Sandstorm|[upkeep]
|-damage|p2a: Zamazenta|94/100|[from] Sandstorm
|-damage|p1a: Primarina|94/100|[from] Sandstorm
|-heal|p2a: Zamazenta|100/100|[from] item: Leftovers
|-heal|p1a: Primarina|100/100|[from] item: Leftovers
|upkeep
|turn|5
|
|t:|1760366510
|move|p2a: Zamazenta|Iron Defense|p2a: Zamazenta
|-boost|p2a: Zamazenta|def|2
|move|p1a: Primarina|Draining Kiss|p2a: Zamazenta
|-supereffective|p2a: Zamazenta
|-damage|p2a: Zamazenta|66/100
|
|-weather|none
|-heal|p2a: Zamazenta|73/100|[from] item: Leftovers
|upkeep
|turn|6
|
|t:|1760366514
|move|p2a: Zamazenta|Iron Defense|p2a: Zamazenta
|-boost|p2a: Zamazenta|def|1
|move|p1a: Primarina|Calm Mind|p1a: Primarina
|-boost|p1a: Primarina|spa|1
|-boost|p1a: Primarina|spd|1
|
|-heal|p2a: Zamazenta|79/100|[from] item: Leftovers
|upkeep
|turn|7
|
|t:|1760366516
|move|p2a: Zamazenta|Body Press|p1a: Primarina
|-resisted|p1a: Primarina
|-damage|p1a: Primarina|43/100
|move|p1a: Primarina|Draining Kiss|p2a: Zamazenta
|-supereffective|p2a: Zamazenta
|-damage|p2a: Zamazenta|25/100
|-heal|p1a: Primarina|86/100|[from] drain|[of] p2a: Zamazenta
|
|-heal|p2a: Zamazenta|31/100|[from] item: Leftovers
|-heal|p1a: Primarina|92/100|[from] item: Leftovers
|upkeep
|turn|8
|
|t:|1760366520
|move|p2a: Zamazenta|Body Press|p1a: Primarina
|-resisted|p1a: Primarina
|-damage|p1a: Primarina|37/100
|move|p1a: Primarina|Draining Kiss|p2a: Zamazenta
|-supereffective|p2a: Zamazenta
|-damage|p2a: Zamazenta|0 fnt
|-heal|p1a: Primarina|61/100|[from] drain|[of] p2a: Zamazenta
|faint|p2a: Zamazenta
|
|-heal|p1a: Primarina|68/100|[from] item: Leftovers
|upkeep
|
|t:|1760366524
|switch|p2a: Iron Moth|Iron Moth|100/100
|-enditem|p2a: Iron Moth|Booster Energy
|-activate|p2a: Iron Moth|ability: Quark Drive|[fromitem]
|-start|p2a: Iron Moth|quarkdrivespe
|turn|9
|
|t:|1760366539
|switch|p1a: Tyranitar|Tyranitar, F|74/100
|-weather|Sandstorm|[from] ability: Sand Stream|[of] p1a: Tyranitar
|move|p2a: Iron Moth|Sludge Wave|p1a: Tyranitar
|-resisted|p1a: Tyranitar
|-damage|p1a: Tyranitar|65/100
|
|-weather|Sandstorm|[upkeep]
|-damage|p2a: Iron Moth|95/100|[from] Sandstorm
|-heal|p1a: Tyranitar|71/100|[from] item: Leftovers
|upkeep
|turn|10
|
|t:|1760366546
|move|p2a: Iron Moth|Dazzling Gleam|p1a: Tyranitar
|-supereffective|p1a: Tyranitar
|-damage|p1a: Tyranitar|49/100
|move|p1a: Tyranitar|Roar|p2a: Iron Moth
|-end|p2a: Iron Moth|Quark Drive|[silent]
|drag|p2a: Darkrai|Darkrai, tera:Poison|68/100
|
|-weather|Sandstorm|[upkeep]
|-damage|p2a: Darkrai|62/100|[from] Sandstorm
|-heal|p2a: Darkrai|68/100|[from] item: Leftovers
|-heal|p1a: Tyranitar|55/100|[from] item: Leftovers
|upkeep
|turn|11
|
|t:|1760366552
|move|p2a: Darkrai|Ice Beam|p1a: Tyranitar
|-damage|p1a: Tyranitar|41/100
|move|p1a: Tyranitar|Knock Off|p2a: Darkrai
|-damage|p2a: Darkrai|13/100
|-enditem|p2a: Darkrai|Leftovers|[from] move: Knock Off|[of] p1a: Tyranitar
|
|-weather|Sandstorm|[upkeep]
|-damage|p2a: Darkrai|7/100|[from] Sandstorm
|-heal|p1a: Tyranitar|48/100|[from] item: Leftovers
|upkeep
|turn|12
|
|t:|1760366555
|move|p2a: Darkrai|Ice Beam|p1a: Tyranitar
|-damage|p1a: Tyranitar|34/100
|-status|p1a: Tyranitar|frz
|-curestatus|p1a: Tyranitar|frz|[msg]
|move|p1a: Tyranitar|Knock Off|p2a: Darkrai
|-damage|p2a: Darkrai|0 fnt
|faint|p2a: Darkrai
|
|-weather|Sandstorm|[upkeep]
|-heal|p1a: Tyranitar|40/100|[from] item: Leftovers
|upkeep
|
|t:|1760366558
|switch|p2a: Rillaboom|Rillaboom, M|100/100
|-fieldstart|move: Grassy Terrain|[from] ability: Grassy Surge|[of] p2a: Rillaboom
|turn|13
|
|t:|1760366562
|switch|p1a: Zapdos|Zapdos-Galar|100/100
|move|p2a: Rillaboom|Swords Dance|p2a: Rillaboom
|-boost|p2a: Rillaboom|atk|2
|
|-weather|none
|upkeep
|turn|14
|
|t:|1760366566
|move|p1a: Zapdos|Brave Bird|p2a: Rillaboom
|-supereffective|p2a: Rillaboom
|-damage|p2a: Rillaboom|0 fnt
|faint|p2a: Rillaboom
|-damage|p1a: Zapdos|65/100|[from] Recoil
|
|upkeep
|
|t:|1760366574
|switch|p2a: Iron Moth|Iron Moth|95/100
|turn|15
|
|t:|1760366578
|switch|p1a: Tyranitar|Tyranitar, F|40/100
|-weather|Sandstorm|[from] ability: Sand Stream|[of] p1a: Tyranitar
|move|p2a: Iron Moth|Dazzling Gleam|p1a: Tyranitar
|-supereffective|p1a: Tyranitar
|-damage|p1a: Tyranitar|17/100
|
|-weather|Sandstorm|[upkeep]
|-damage|p2a: Iron Moth|89/100|[from] Sandstorm
|-heal|p2a: Iron Moth|95/100|[from] Grassy Terrain
|-heal|p1a: Tyranitar|23/100|[from] Grassy Terrain
|-heal|p1a: Tyranitar|29/100|[from] item: Leftovers
|upkeep
|turn|16
|
|t:|1760366582
|move|p2a: Iron Moth|Substitute|p2a: Iron Moth
|-start|p2a: Iron Moth|Substitute
|-damage|p2a: Iron Moth|70/100
|move|p1a: Tyranitar|Knock Off|p2a: Iron Moth
|-end|p2a: Iron Moth|Substitute
|
|-weather|Sandstorm|[upkeep]
|-damage|p2a: Iron Moth|64/100|[from] Sandstorm
|-heal|p2a: Iron Moth|70/100|[from] Grassy Terrain
|-heal|p1a: Tyranitar|35/100|[from] Grassy Terrain
|-heal|p1a: Tyranitar|41/100|[from] item: Leftovers
|upkeep
|turn|17
|
|t:|1760366584
|move|p2a: Iron Moth|Dazzling Gleam|p1a: Tyranitar
|-supereffective|p1a: Tyranitar
|-damage|p1a: Tyranitar|17/100
|move|p1a: Tyranitar|Knock Off|p2a: Iron Moth
|-damage|p2a: Iron Moth|30/100
|
|-weather|Sandstorm|[upkeep]
|-damage|p2a: Iron Moth|24/100|[from] Sandstorm
|-heal|p2a: Iron Moth|30/100|[from] Grassy Terrain
|-heal|p1a: Tyranitar|23/100|[from] Grassy Terrain
|-heal|p1a: Tyranitar|29/100|[from] item: Leftovers
|-fieldend|move: Grassy Terrain
|upkeep
|turn|18
|
|t:|1760366588
|move|p2a: Iron Moth|Dazzling Gleam|p1a: Tyranitar
|-supereffective|p1a: Tyranitar
|-damage|p1a: Tyranitar|6/100
|move|p1a: Tyranitar|Knock Off|p2a: Iron Moth
|-damage|p2a: Iron Moth|0 fnt
|faint|p2a: Iron Moth
|-end|p2a: Iron Moth|Quark Drive|[silent]
|
|-weather|Sandstorm|[upkeep]
|-heal|p1a: Tyranitar|12/100|[from] item: Leftovers
|upkeep
|
|t:|1760366594
|switch|p2a: Great Tusk|Great Tusk|100/100
|turn|19
|
|t:|1760366597
|move|p2a: Great Tusk|Rapid Spin|p1a: Tyranitar
|-resisted|p1a: Tyranitar
|-damage|p1a: Tyranitar|5/100
|-boost|p2a: Great Tusk|spe|1
|move|p1a: Tyranitar|Ice Beam|p2a: Great Tusk
|-supereffective|p2a: Great Tusk
|-damage|p2a: Great Tusk|39/100
|-status|p2a: Great Tusk|frz
|
|-weather|none
|-heal|p1a: Tyranitar|11/100|[from] item: Leftovers
|upkeep
|turn|20
|
|t:|1760366600
|cant|p2a: Great Tusk|frz
|move|p1a: Tyranitar|Ice Beam|p2a: Great Tusk
|-supereffective|p2a: Great Tusk
|-damage|p2a: Great Tusk|0 fnt
|faint|p2a: Great Tusk
|-end|p2a: Great Tusk|Protosynthesis|[silent]
|
|-heal|p1a: Tyranitar|17/100|[from] item: Leftovers
|upkeep
|
|t:|1760366602
|switch|p2a: Raging Bolt|Raging Bolt|100/100
|-enditem|p2a: Raging Bolt|Booster Energy
|-activate|p2a: Raging Bolt|ability: Protosynthesis|[fromitem]
|-start|p2a: Raging Bolt|protosynthesisspa
|turn|21
|
|t:|1760366606
|switch|p1a: Great Tusk|Great Tusk|100/100
|move|p2a: Raging Bolt|Dragon Pulse|p1a: Great Tusk
|-damage|p1a: Great Tusk|15/100
|
|upkeep
|turn|22
|inactive|fregene97 has 120 seconds left.
|
|t:|1760366639
|move|p2a: Raging Bolt|Dragon Pulse|p1a: Great Tusk
|-damage|p1a: Great Tusk|0 fnt
|faint|p1a: Great Tusk
|-end|p1a: Great Tusk|Protosynthesis|[silent]
|
|upkeep
|
|t:|1760366646
|switch|p1a: Iron Jugulis|Iron Jugulis|100/100
|turn|23
|inactive|fregene97 has 120 seconds left.
|
|t:|1760366674
|-terastallize|p1a: Iron Jugulis|Ground
|move|p1a: Iron Jugulis|Earth Power|p2a: Raging Bolt
|-supereffective|p2a: Raging Bolt
|-damage|p2a: Raging Bolt|8/100
|move|p2a: Raging Bolt|Dragon Pulse|p1a: Iron Jugulis
|-damage|p1a: Iron Jugulis|28/100
|
|upkeep
|turn|24
|
|t:|1760366679
|move|p1a: Iron Jugulis|Earth Power|p2a: Raging Bolt
|-supereffective|p2a: Raging Bolt
|-damage|p2a: Raging Bolt|0 fnt
|faint|p2a: Raging Bolt
|-end|p2a: Raging Bolt|Protosynthesis|[silent]
|
|win|PrimeXStriker
|raw|PrimeXStriker's rating: 1554 &rarr; <strong>1580</strong><br />(+26 for winning)
|raw|fregene97's rating: 1660 &rarr; <strong>1634</strong><br />(-26 for losing)
|l|☆fregene97
|player|p2|
|l|☆PrimeXStriker
|player|p1|
