|j|☆colonel moulatov
|j|☆Abracadaver
|t:|1760443583
|gametype|singles
|player|p1|colonel moulatov|169|1409
|player|p2|Abracadaver|169|1341
|gen|9
|tier|[Gen 9] OU
|rated|
|rule|HP Percentage Mod: HP is shown in percentages
|rule|Endless Battle Clause: Forcing endless battles is banned
|rule|Species Clause: Limit one of each Pokémon
|rule|OHKO Clause: OHKO moves are banned
|rule|Evasion Items Clause: Evasion items are banned
|rule|Evasion Moves Clause: Evasion moves are banned
|rule|Evasion Abilities Clause: Evasion abilities are banned
|rule|Sleep Moves Clause: Sleep-inducing moves are banned
|clearpoke
|poke|p1|Alomomola, F|
|poke|p1|Goodra-Hisui, M|
|poke|p1|Pecharunt|
|poke|p1|Great Tusk|
|poke|p1|Rillaboom, F|
|poke|p1|Darkrai|
|poke|p2|Mimikyu, M|
|poke|p2|Umbreon, M|
|poke|p2|Gastrodon-East, M|
|poke|p2|Zapdos|
|poke|p2|Meowscarada, M|
|poke|p2|Gholdengo|
|teampreview
|inactive|Battle timer is ON: inactive players will automatically lose when time's up. (requested by colonel moulatov)
|
|t:|1760443595
|teamsize|p1|6
|teamsize|p2|6
|start
|switch|p1a: Darkrai|Darkrai|100/100
|switch|p2a: Umbreon|Umbreon, M, shiny|100/100
|turn|1
|
|t:|1760443599
|move|p1a: Darkrai|Focus Blast|p2a: Umbreon
|-supereffective|p2a: Umbreon
|-damage|p2a: Umbreon|55/100
|move|p2a: Umbreon|Toxic|p1a: Darkrai
|-status|p1a: Darkrai|tox
|
|-heal|p2a: Umbreon|61/100|[from] item: Leftovers
|-damage|p1a: Darkrai|94/100 tox|[from] psn
|upkeep
|turn|2
|
|t:|1760443608
|switch|p1a: Goodra|Goodra-Hisui, M|100/100
|move|p2a: Umbreon|Wish|p2a: Umbreon
|
|-heal|p2a: Umbreon|68/100|[from] item: Leftovers
|upkeep
|turn|3
|
|t:|1760443615
|switch|p2a: Gastrodon|Gastrodon-East, M, shiny|100/100
|move|p1a: Goodra|Body Press|p2a: Gastrodon
|-damage|p2a: Gastrodon|75/100
|
|-heal|p2a: Gastrodon|100/100|[from] move: Wish|[wisher] Umbreon
|upkeep
|turn|4
|
|t:|1760443623
|switch|p1a: Rillaboom|Rillaboom, F|100/100
|-fieldstart|move: Grassy Terrain|[from] ability: Grassy Surge|[of] p1a: Rillaboom
|move|p2a: Gastrodon|Earth Power|p1a: Rillaboom
|-resisted|p1a: Rillaboom
|-damage|p1a: Rillaboom|76/100
|
|-heal|p1a: Rillaboom|82/100|[from] Grassy Terrain
|upkeep
|turn|5
|
|t:|1760443631
|switch|p1a: Darkrai|Darkrai|94/100 tox
|switch|p2a: Zapdos|Zapdos|100/100
|
|-heal|p1a: Darkrai|100/100 tox|[from] Grassy Terrain
|-damage|p1a: Darkrai|94/100 tox|[from] psn
|upkeep
|turn|6
|
|t:|1760443639
|switch|p2a: Umbreon|Umbreon, M, shiny|68/100
|move|p1a: Darkrai|Ice Beam|p2a: Umbreon
|-damage|p2a: Umbreon|49/100
|
|-heal|p1a: Darkrai|100/100 tox|[from] Grassy Terrain
|-heal|p2a: Umbreon|55/100|[from] Grassy Terrain
|-heal|p2a: Umbreon|61/100|[from] item: Leftovers
|-damage|p1a: Darkrai|88/100 tox|[from] psn
|upkeep
|turn|7
|
|t:|1760443648
|switch|p1a: Goodra|Goodra-Hisui, M|100/100
|move|p2a: Umbreon|Protect||[still]
|-fail|p2a: Umbreon
|
|-heal|p2a: Umbreon|68/100|[from] Grassy Terrain
|-heal|p2a: Umbreon|74/100|[from] item: Leftovers
|upkeep
|turn|8
|
|t:|1760443655
|move|p2a: Umbreon|Protect|p2a: Umbreon
|-singleturn|p2a: Umbreon|Protect
|move|p1a: Goodra|Sludge Wave|p2a: Umbreon
|-activate|p2a: Umbreon|move: Protect
|
|-heal|p2a: Umbreon|80/100|[from] Grassy Terrain
|-heal|p2a: Umbreon|86/100|[from] item: Leftovers
|-fieldend|move: Grassy Terrain
|upkeep
|turn|9
|
|t:|1760443663
|switch|p2a: Gholdengo|Gholdengo|100/100
|move|p1a: Goodra|Ice Beam|p2a: Gholdengo
|-resisted|p2a: Gholdengo
|-damage|p2a: Gholdengo|88/100
|
|-heal|p2a: Gholdengo|94/100|[from] item: Leftovers
|upkeep
|turn|10
|
|t:|1760443674
|switch|p1a: Alomomola|Alomomola, F|100/100
|move|p2a: Gholdengo|Make It Rain|p1a: Alomomola
|-resisted|p1a: Alomomola
|-damage|p1a: Alomomola|67/100
|-unboost|p2a: Gholdengo|spa|1
|
|-heal|p2a: Gholdengo|100/100|[from] item: Leftovers
|upkeep
|turn|11
|
|t:|1760443683
|move|p2a: Gholdengo|Nasty Plot|p2a: Gholdengo
|-boost|p2a: Gholdengo|spa|2
|move|p1a: Alomomola|Wish|p1a: Alomomola
|
|upkeep
|turn|12
|
|t:|1760443688
|switch|p2a: Gastrodon|Gastrodon-East, M, shiny|100/100
|move|p1a: Alomomola|Flip Turn|p2a: Gastrodon
|-ability|p2a: Gastrodon|Storm Drain|boost
|-boost|p2a: Gastrodon|spa|1
|
|-heal|p1a: Alomomola|100/100|[from] move: Wish|[wisher] Alomomola
|upkeep
|turn|13
|
|t:|1760443696
|move|p1a: Alomomola|Wish|p1a: Alomomola
|move|p2a: Gastrodon|Ice Beam|p1a: Alomomola
|-resisted|p1a: Alomomola
|-damage|p1a: Alomomola|83/100
|
|upkeep
|turn|14
|
|t:|1760443704
|switch|p1a: Rillaboom|Rillaboom, F|82/100
|-fieldstart|move: Grassy Terrain|[from] ability: Grassy Surge|[of] p1a: Rillaboom
|move|p2a: Gastrodon|Ice Beam|p1a: Rillaboom
|-supereffective|p1a: Rillaboom
|-damage|p1a: Rillaboom|0 fnt
|faint|p1a: Rillaboom
|
|upkeep
|
|t:|1760443710
|switch|p1a: Pecharunt|Pecharunt|100/100
|turn|15
|
|t:|1760443715
|move|p1a: Pecharunt|Parting Shot|p2a: Gastrodon
|-unboost|p2a: Gastrodon|atk|1
|-unboost|p2a: Gastrodon|spa|1
|
|t:|1760443718
|switch|p1a: Alomomola|Alomomola, F|100/100|[from] Parting Shot
|move|p2a: Gastrodon|Earth Power|p1a: Alomomola
|-damage|p1a: Alomomola|65/100
|
|-heal|p1a: Alomomola|71/100|[from] Grassy Terrain
|upkeep
|turn|16
|
|t:|1760443725
|switch|p1a: Pecharunt|Pecharunt|100/100
|move|p2a: Gastrodon|Earth Power|p1a: Pecharunt
|-supereffective|p1a: Pecharunt
|-damage|p1a: Pecharunt|32/100
|
|-heal|p1a: Pecharunt|38/100|[from] Grassy Terrain
|upkeep
|turn|17
|
|t:|1760443739
|move|p1a: Pecharunt|Parting Shot|p2a: Gastrodon
|-unboost|p2a: Gastrodon|atk|1
|-unboost|p2a: Gastrodon|spa|1
|
|t:|1760443743
|switch|p1a: Alomomola|Alomomola, F|100/100|[from] Parting Shot
|move|p2a: Gastrodon|Earth Power|p1a: Alomomola
|-damage|p1a: Alomomola|80/100
|
|-heal|p1a: Alomomola|86/100|[from] Grassy Terrain
|upkeep
|turn|18
|
|t:|1760443752
|switch|p2a: Meowscarada|Meowscarada, M|100/100
|move|p1a: Alomomola|Wish|p1a: Alomomola
|
|-heal|p1a: Alomomola|92/100|[from] Grassy Terrain
|-fieldend|move: Grassy Terrain
|upkeep
|turn|19
|
|t:|1760443759
|switch|p1a: Pecharunt|Pecharunt|38/100
|move|p2a: Meowscarada|Knock Off|p1a: Pecharunt
|-start|p2a: Meowscarada|typechange|Dark|[from] ability: Protean
|-supereffective|p1a: Pecharunt
|-damage|p1a: Pecharunt|0 fnt
|-enditem|p1a: Pecharunt|Heavy-Duty Boots|[from] move: Knock Off|[of] p2a: Meowscarada
|faint|p1a: Pecharunt
|
|upkeep
|-message|colonel moulatov forfeited.
|
|win|Abracadaver
|raw|colonel moulatov's rating: 1409 &rarr; <strong>1385</strong><br />(-24 for losing)
|raw|Abracadaver's rating: 1341 &rarr; <strong>1365</strong><br />(+24 for winning)
|l|☆colonel moulatov
|player|p1|
|l|☆Abracadaver
|player|p2|
