|j|☆liouts
|j|☆Myadetectiveroyal
|t:|1760396894
|gametype|singles
|player|p1|liouts|fisherman-gen4|1251
|player|p2|Myadetectiveroyal|picnicker|1245
|gen|9
|tier|[Gen 9] OU
|rated|
|rule|HP Percentage Mod: HP is shown in percentages
|rule|Endless Battle Clause: Forcing endless battles is banned
|rule|Species Clause: Limit one of each Pokémon
|rule|OHKO Clause: OHKO moves are banned
|rule|Evasion Items Clause: Evasion items are banned
|rule|Evasion Moves Clause: Evasion moves are banned
|rule|Evasion Abilities Clause: Evasion abilities are banned
|rule|Sleep Moves Clause: Sleep-inducing moves are banned
|clearpoke
|poke|p1|Pelipper, F|
|poke|p1|Barraskewda, F|
|poke|p1|Ogerpon-Wellspring, F|
|poke|p1|Cramorant, M|
|poke|p1|Dondozo, F|
|poke|p1|Raging Bolt|
|poke|p2|Sandslash, F|
|poke|p2|Tyranitar, F|
|poke|p2|Houndstone, F|
|poke|p2|Corviknight, M|
|poke|p2|Hydrapple, F|
|poke|p2|Fezandipiti, M|
|teampreview
|inactive|Battle timer is ON: inactive players will automatically lose when time's up. (requested by Myadetectiveroyal)
|
|t:|1760396899
|teamsize|p1|6
|teamsize|p2|6
|start
|switch|p1a: Pelipper|Pelipper, F|100/100
|switch|p2a: Tyrakaiju|Tyranitar, F|100/100
|-weather|RainDance|[from] ability: Drizzle|[of] p1a: Pelipper
|-weather|Sandstorm|[from] ability: Sand Stream|[of] p2a: Tyrakaiju
|turn|1
|
|t:|1760396908
|switch|p1a: Cramorant|Cramorant, M|100/100
|move|p2a: Tyrakaiju|Thunder Wave|p1a: Cramorant
|-status|p1a: Cramorant|par
|
|-weather|Sandstorm|[upkeep]
|-damage|p1a: Cramorant|94/100 par|[from] Sandstorm
|upkeep
|turn|2
|
|t:|1760396918
|move|p2a: Tyrakaiju|Stealth Rock|p1a: Cramorant
|-sidestart|p1: liouts|move: Stealth Rock
|move|p1a: Cramorant|Surf|p2a: Tyrakaiju
|-formechange|p1a: Cramorant|Cramorant-Gulping|
|-supereffective|p2a: Tyrakaiju
|-damage|p2a: Tyrakaiju|70/100
|
|-weather|Sandstorm|[upkeep]
|-damage|p1a: Cramorant|88/100 par|[from] Sandstorm
|upkeep
|turn|3
|
|t:|1760396927
|switch|p2a: Frozis|Fezandipiti, M|100/100
|cant|p1a: Cramorant|par
|
|-weather|Sandstorm|[upkeep]
|-damage|p2a: Frozis|94/100|[from] Sandstorm
|-damage|p1a: Cramorant|82/100 par|[from] Sandstorm
|upkeep
|turn|4
|
|t:|1760396936
|move|p2a: Frozis|Moonblast|p1a: Cramorant
|-damage|p1a: Cramorant|64/100 par
|-unboost|p1a: Cramorant|spa|1
|-damage|p2a: Frozis|69/100|[from] ability: Gulp Missile|[of] p1a: Cramorant
|-unboost|p2a: Frozis|def|1
|-formechange|p1a: Cramorant|Cramorant|
|cant|p1a: Cramorant|par
|
|-weather|Sandstorm|[upkeep]
|-damage|p2a: Frozis|63/100|[from] Sandstorm
|-damage|p1a: Cramorant|58/100 par|[from] Sandstorm
|upkeep
|turn|5
|
|t:|1760396948
|move|p2a: Frozis|Moonblast|p1a: Cramorant
|-damage|p1a: Cramorant|41/100 par
|move|p1a: Cramorant|Surf|p2a: Frozis
|-formechange|p1a: Cramorant|Cramorant-Gorging|
|-damage|p2a: Frozis|50/100
|
|-weather|Sandstorm|[upkeep]
|-damage|p2a: Frozis|44/100|[from] Sandstorm
|-damage|p1a: Cramorant|35/100 par|[from] Sandstorm
|upkeep
|turn|6
|
|t:|1760396958
|move|p2a: Frozis|Roost|p2a: Frozis
|-heal|p2a: Frozis|94/100
|-singleturn|p2a: Frozis|move: Roost
|move|p1a: Cramorant|Roost|p1a: Cramorant
|-heal|p1a: Cramorant|85/100 par
|-singleturn|p1a: Cramorant|move: Roost
|
|-weather|Sandstorm|[upkeep]
|-damage|p2a: Frozis|87/100|[from] Sandstorm
|-damage|p1a: Cramorant|79/100 par|[from] Sandstorm
|upkeep
|turn|7
|
|t:|1760396974
|move|p2a: Frozis|Moonblast|p1a: Cramorant
|-damage|p1a: Cramorant|60/100 par
|-damage|p2a: Frozis|63/100|[from] ability: Gulp Missile|[of] p1a: Cramorant
|-status|p2a: Frozis|par
|-formechange|p1a: Cramorant|Cramorant|
|move|p1a: Cramorant|Defog|p2a: Frozis
|-unboost|p2a: Frozis|evasion|1
|-sideend|p1: liouts|Stealth Rock|[from] move: Defog|[of] p1a: Cramorant
|
|-weather|Sandstorm|[upkeep]
|-damage|p2a: Frozis|56/100 par|[from] Sandstorm
|-damage|p1a: Cramorant|53/100 par|[from] Sandstorm
|upkeep
|turn|8
|
|t:|1760396986
|move|p2a: Frozis|Roost|p2a: Frozis
|-heal|p2a: Frozis|100/100 par
|-singleturn|p2a: Frozis|move: Roost
|move|p1a: Cramorant|Surf|p2a: Frozis
|-formechange|p1a: Cramorant|Cramorant-Gulping|
|-damage|p2a: Frozis|87/100 par
|
|-weather|none
|upkeep
|turn|9
|
|t:|1760396995
|move|p2a: Frozis|Moonblast|p1a: Cramorant
|-damage|p1a: Cramorant|35/100 par
|-damage|p2a: Frozis|62/100 par|[from] ability: Gulp Missile|[of] p1a: Cramorant
|-unboost|p2a: Frozis|def|1
|-formechange|p1a: Cramorant|Cramorant|
|move|p1a: Cramorant|Roost|p1a: Cramorant
|-heal|p1a: Cramorant|85/100 par
|-singleturn|p1a: Cramorant|move: Roost
|
|upkeep
|turn|10
|
|t:|1760397005
|move|p2a: Frozis|Moonblast|p1a: Cramorant
|-damage|p1a: Cramorant|66/100 par
|-unboost|p1a: Cramorant|spa|1
|cant|p1a: Cramorant|par
|
|upkeep
|turn|11
|
|t:|1760397012
|cant|p2a: Frozis|par
|move|p1a: Cramorant|Surf|p2a: Frozis
|-formechange|p1a: Cramorant|Cramorant-Gulping|
|-damage|p2a: Frozis|53/100 par
|
|upkeep
|turn|12
|
|t:|1760397020
|move|p2a: Frozis|Roost|p2a: Frozis
|-heal|p2a: Frozis|100/100 par
|-singleturn|p2a: Frozis|move: Roost
|move|p1a: Cramorant|Surf|p2a: Frozis
|-damage|p2a: Frozis|90/100 par
|
|upkeep
|turn|13
|inactive|Myadetectiveroyal has 120 seconds left.
|
|t:|1760397050
|switch|p2a: Tyrakaiju|Tyranitar, F|70/100
|-weather|Sandstorm|[from] ability: Sand Stream|[of] p2a: Tyrakaiju
|switch|p1a: Pelipper|Pelipper, F|100/100
|-weather|RainDance|[from] ability: Drizzle|[of] p1a: Pelipper
|
|-weather|RainDance|[upkeep]
|upkeep
|turn|14
|inactive|Myadetectiveroyal has 120 seconds left.
|
|t:|1760397065
|switch|p1a: Ogerpon|Ogerpon-Wellspring, F|100/100
|switch|p2a: Hydre pomme|Hydrapple, F|100/100
|
|-weather|RainDance|[upkeep]
|upkeep
|turn|15
|
|t:|1760397072
|move|p1a: Ogerpon|U-turn|p2a: Hydre pomme
|-supereffective|p2a: Hydre pomme
|-damage|p2a: Hydre pomme|67/100
|
|t:|1760397080
|switch|p1a: Pelipper|Pelipper, F|100/100|[from] U-turn
|move|p2a: Hydre pomme|Fickle Beam|p1a: Pelipper|[anim] Fickle Beam All Out
|-activate|p2a: Hydre pomme|move: Fickle Beam
|-damage|p1a: Pelipper|12/100
|
|-weather|RainDance|[upkeep]
|upkeep
|turn|16
|
|t:|1760397093
|switch|p1a: Dondozo|Dondozo, F|100/100
|switch|p2a: Tyrakaiju|Tyranitar, F|70/100
|-weather|Sandstorm|[from] ability: Sand Stream|[of] p2a: Tyrakaiju
|
|-weather|Sandstorm|[upkeep]
|-damage|p1a: Dondozo|94/100|[from] Sandstorm
|-heal|p1a: Dondozo|100/100|[from] item: Leftovers
|upkeep
|turn|17
|
|t:|1760397104
|switch|p2a: Frozis|Fezandipiti, M|90/100 par
|move|p1a: Dondozo|Curse|p1a: Dondozo
|-unboost|p1a: Dondozo|spe|1
|-boost|p1a: Dondozo|atk|1
|-boost|p1a: Dondozo|def|1
|
|-weather|Sandstorm|[upkeep]
|-damage|p2a: Frozis|84/100 par|[from] Sandstorm
|-damage|p1a: Dondozo|94/100|[from] Sandstorm
|-heal|p1a: Dondozo|100/100|[from] item: Leftovers
|upkeep
|turn|18
|
|t:|1760397115
|move|p2a: Frozis|Beat Up|p1a: Dondozo
|-crit|p1a: Dondozo
|-damage|p1a: Dondozo|98/100
|-damage|p1a: Dondozo|97/100
|-damage|p1a: Dondozo|96/100
|-damage|p1a: Dondozo|96/100
|-damage|p1a: Dondozo|95/100
|-damage|p1a: Dondozo|94/100
|-hitcount|p1a: Dondozo|6
|move|p1a: Dondozo|Liquidation|p2a: Frozis
|-damage|p2a: Frozis|36/100 par
|
|-weather|Sandstorm|[upkeep]
|-damage|p2a: Frozis|30/100 par|[from] Sandstorm
|-damage|p1a: Dondozo|87/100|[from] Sandstorm
|-heal|p1a: Dondozo|94/100|[from] item: Leftovers
|upkeep
|turn|19
|
|t:|1760397132
|move|p2a: Frozis|Moonblast|p1a: Dondozo
|-damage|p1a: Dondozo|69/100
|-status|p1a: Dondozo|tox|[from] ability: Toxic Chain|[of] p2a: Frozis
|move|p1a: Dondozo|Liquidation|p2a: Frozis
|-damage|p2a: Frozis|0 fnt
|faint|p2a: Frozis
|
|-weather|Sandstorm|[upkeep]
|-damage|p1a: Dondozo|63/100 tox|[from] Sandstorm
|-heal|p1a: Dondozo|69/100 tox|[from] item: Leftovers
|-damage|p1a: Dondozo|63/100 tox|[from] psn
|upkeep
|inactive|Myadetectiveroyal has 120 seconds left.
|
|t:|1760397146
|switch|p2a: Hydre pomme|Hydrapple, F|99/100
|turn|20
|
|t:|1760397151
|move|p2a: Hydre pomme|Fickle Beam|p1a: Dondozo
|-damage|p1a: Dondozo|32/100 tox
|move|p1a: Dondozo|Rest|p1a: Dondozo
|-status|p1a: Dondozo|slp|[from] move: Rest
|-heal|p1a: Dondozo|100/100 slp|[silent]
|
|-weather|Sandstorm|[upkeep]
|-damage|p2a: Hydre pomme|94/100|[from] Sandstorm
|-damage|p1a: Dondozo|94/100 slp|[from] Sandstorm
|-heal|p1a: Dondozo|100/100 slp|[from] item: Leftovers
|upkeep
|turn|21
|
|t:|1760397163
|move|p2a: Hydre pomme|Fickle Beam|p1a: Dondozo
|-damage|p1a: Dondozo|66/100 slp
|cant|p1a: Dondozo|slp
|move|p1a: Dondozo|Sleep Talk|p1a: Dondozo
|move|p1a: Dondozo|Curse|p1a: Dondozo|[from] move: Sleep Talk
|-unboost|p1a: Dondozo|spe|1
|-boost|p1a: Dondozo|atk|1
|-boost|p1a: Dondozo|def|1
|
|-weather|Sandstorm|[upkeep]
|-damage|p2a: Hydre pomme|87/100|[from] Sandstorm
|-damage|p1a: Dondozo|60/100 slp|[from] Sandstorm
|-heal|p1a: Dondozo|66/100 slp|[from] item: Leftovers
|upkeep
|turn|22
|
|t:|1760397176
|move|p2a: Hydre pomme|Fickle Beam|p1a: Dondozo|[anim] Fickle Beam All Out
|-activate|p2a: Hydre pomme|move: Fickle Beam
|-crit|p1a: Dondozo
|-damage|p1a: Dondozo|0 fnt
|faint|p1a: Dondozo
|
|-weather|Sandstorm|[upkeep]
|-damage|p2a: Hydre pomme|81/100|[from] Sandstorm
|upkeep
|
|t:|1760397186
|switch|p1a: Pelipper|Pelipper, F|12/100
|-weather|RainDance|[from] ability: Drizzle|[of] p1a: Pelipper
|turn|23
|
|t:|1760397194
|switch|p1a: Raging Bolt|Raging Bolt|100/100
|-enditem|p1a: Raging Bolt|Booster Energy
|-activate|p1a: Raging Bolt|ability: Protosynthesis|[fromitem]
|-start|p1a: Raging Bolt|protosynthesisspa
|move|p2a: Hydre pomme|Fickle Beam|p1a: Raging Bolt|[anim] Fickle Beam All Out
|-activate|p2a: Hydre pomme|move: Fickle Beam
|-supereffective|p1a: Raging Bolt
|-damage|p1a: Raging Bolt|0 fnt
|faint|p1a: Raging Bolt
|-end|p1a: Raging Bolt|Protosynthesis|[silent]
|
|-weather|RainDance|[upkeep]
|upkeep
|
|t:|1760397207
|switch|p1a: Ogerpon|Ogerpon-Wellspring, F|100/100
|turn|24
|
|t:|1760397213
|move|p1a: Ogerpon|U-turn|p2a: Hydre pomme
|-supereffective|p2a: Hydre pomme
|-damage|p2a: Hydre pomme|50/100
|
|t:|1760397216
|switch|p1a: Cramorant|Cramorant, M|66/100 par|[from] U-turn
|move|p2a: Hydre pomme|Breaking Swipe|p1a: Cramorant
|-crit|p1a: Cramorant
|-damage|p1a: Cramorant|23/100 par
|-unboost|p1a: Cramorant|atk|1
|-damage|p2a: Hydre pomme|33/100|[from] item: Rocky Helmet|[of] p1a: Cramorant
|
|-weather|RainDance|[upkeep]
|upkeep
|turn|25
|
|t:|1760397226
|move|p1a: Cramorant|Surf|p2a: Hydre pomme
|-formechange|p1a: Cramorant|Cramorant-Gorging|
|-resisted|p2a: Hydre pomme
|-damage|p2a: Hydre pomme|22/100
|move|p2a: Hydre pomme|Breaking Swipe|p1a: Cramorant
|-crit|p1a: Cramorant
|-damage|p1a: Cramorant|0 fnt
|-damage|p2a: Hydre pomme|6/100|[from] item: Rocky Helmet|[of] p1a: Cramorant
|-damage|p2a: Hydre pomme|0 fnt|[from] ability: Gulp Missile|[of] p1a: Cramorant
|-formechange|p1a: Cramorant|Cramorant|
|faint|p1a: Cramorant
|faint|p2a: Hydre pomme
|
|-weather|RainDance|[upkeep]
|upkeep
|
|t:|1760397242
|switch|p1a: Ogerpon|Ogerpon-Wellspring, F|100/100
|switch|p2a: Tyrakaiju|Tyranitar, F|70/100
|-weather|Sandstorm|[from] ability: Sand Stream|[of] p2a: Tyrakaiju
|turn|26
|
|t:|1760397249
|switch|p2a: Piaf sasuke|Corviknight, M|100/100
|-ability|p2a: Piaf sasuke|Unnerve
|move|p1a: Ogerpon|Ivy Cudgel|p2a: Piaf sasuke|[anim] Ivy Cudgel Water
|-damage|p2a: Piaf sasuke|66/100
|
|-weather|Sandstorm|[upkeep]
|-damage|p1a: Ogerpon|95/100|[from] Sandstorm
|-heal|p2a: Piaf sasuke|72/100|[from] item: Leftovers
|upkeep
|turn|27
|
|t:|1760397261
|move|p1a: Ogerpon|Knock Off|p2a: Piaf sasuke
|-damage|p2a: Piaf sasuke|50/100
|-enditem|p2a: Piaf sasuke|Leftovers|[from] move: Knock Off|[of] p1a: Ogerpon
|move|p2a: Piaf sasuke|U-turn|p1a: Ogerpon
|-supereffective|p1a: Ogerpon
|-damage|p1a: Ogerpon|54/100
|
|t:|1760397268
|switch|p2a: Sacrifice inutile|Houndstone, F|100/100|[from] U-turn
|
|-weather|Sandstorm|[upkeep]
|-damage|p1a: Ogerpon|48/100|[from] Sandstorm
|upkeep
|turn|28
|
|t:|1760397274
|switch|p1a: Pelipper|Pelipper, F|12/100
|-weather|RainDance|[from] ability: Drizzle|[of] p1a: Pelipper
|move|p2a: Sacrifice inutile|Poltergeist|p1a: Pelipper
|-activate|p1a: Pelipper|move: Poltergeist|Damp Rock
|-damage|p1a: Pelipper|0 fnt
|faint|p1a: Pelipper
|
|-weather|RainDance|[upkeep]
|upkeep
|
|t:|1760397281
|switch|p1a: Barraskewda|Barraskewda, F, shiny|100/100
|turn|29
|
|t:|1760397287
|switch|p2a: Tyrakaiju|Tyranitar, F|70/100
|-weather|Sandstorm|[from] ability: Sand Stream|[of] p2a: Tyrakaiju
|move|p1a: Barraskewda|Liquidation|p2a: Tyrakaiju
|-supereffective|p2a: Tyrakaiju
|-damage|p2a: Tyrakaiju|0 fnt
|faint|p2a: Tyrakaiju
|-damage|p1a: Barraskewda|91/100|[from] item: Life Orb
|
|-weather|Sandstorm|[upkeep]
|-damage|p1a: Barraskewda|85/100|[from] Sandstorm
|upkeep
|
|t:|1760397298
|switch|p2a: Sacrifice inutile|Houndstone, F|100/100
|turn|30
|
|t:|1760397302
|move|p2a: Sacrifice inutile|Poltergeist|p1a: Barraskewda
|-activate|p1a: Barraskewda|move: Poltergeist|Life Orb
|-damage|p1a: Barraskewda|0 fnt
|faint|p1a: Barraskewda
|
|-weather|Sandstorm|[upkeep]
|upkeep
|
|t:|1760397306
|switch|p1a: Ogerpon|Ogerpon-Wellspring, F|48/100
|turn|31
|
|t:|1760397312
|-terastallize|p2a: Sacrifice inutile|Ghost
|move|p2a: Sacrifice inutile|Poltergeist|p1a: Ogerpon
|-activate|p1a: Ogerpon|move: Poltergeist|Wellspring Mask
|-damage|p1a: Ogerpon|0 fnt
|faint|p1a: Ogerpon
|
|win|Myadetectiveroyal
|raw|liouts's rating: 1251 &rarr; <strong>1226</strong><br />(-25 for losing)
|raw|Myadetectiveroyal's rating: 1245 &rarr; <strong>1270</strong><br />(+25 for winning)
|l|☆liouts
|player|p1|
