|j|☆Gasterdc1
|j|☆Broadsword115
|t:|1760316192
|gametype|singles
|player|p1|Gasterdc1|marley|1139
|player|p2|Broadsword115|102|1176
|gen|9
|tier|[Gen 9] OU
|rated|
|rule|HP Percentage Mod: HP is shown in percentages
|rule|Endless Battle Clause: Forcing endless battles is banned
|rule|Species Clause: Limit one of each Pokémon
|rule|OHKO Clause: OHKO moves are banned
|rule|Evasion Items Clause: Evasion items are banned
|rule|Evasion Moves Clause: Evasion moves are banned
|rule|Evasion Abilities Clause: Evasion abilities are banned
|rule|Sleep Moves Clause: Sleep-inducing moves are banned
|clearpoke
|poke|p1|Sandaconda, F|
|poke|p1|Blissey, F|
|poke|p1|Charizard, M|
|poke|p1|Eevee, F|
|poke|p1|Sandslash, M|
|poke|p1|Abomasnow, M|
|poke|p2|Necrozma|
|poke|p2|Regice|
|poke|p2|Blastoise, M|
|poke|p2|Mimikyu, M|
|poke|p2|Galvantula, M|
|poke|p2|Lucario, M|
|teampreview
|
|t:|1760316201
|teamsize|p1|6
|teamsize|p2|6
|start
|switch|p1a: Sandaconda|Sandaconda, F, shiny|100/100
|switch|p2a: Mimikyu|Mimikyu, M|100/100
|turn|1
|
|t:|1760316210
|move|p2a: Mimikyu|Swords Dance|p2a: Mimikyu
|-boost|p2a: Mimikyu|atk|2
|move|p1a: Sandaconda|Earthquake|p2a: Mimikyu
|-activate|p2a: Mimikyu|ability: Disguise
|-damage|p2a: Mimikyu|100/100
|detailschange|p2a: Mimikyu|Mimikyu-Busted, M
|-damage|p2a: Mimikyu|88/100|[from] pokemon: Mimikyu-Busted
|-enditem|p2a: Mimikyu|Red Card|[of] p1a: Sandaconda
|drag|p1a: Blissey|Blissey, F, shiny|100/100
|
|upkeep
|turn|2
|
|t:|1760316217
|move|p2a: Mimikyu|Drain Punch|p1a: Blissey
|-supereffective|p1a: Blissey
|-damage|p1a: Blissey|30/100
|-heal|p2a: Mimikyu|100/100|[from] drain|[of] p1a: Blissey
|move|p1a: Blissey|Thunder Wave|p2a: Mimikyu
|-status|p2a: Mimikyu|par
|
|-heal|p1a: Blissey|36/100|[from] item: Leftovers
|upkeep
|turn|3
|
|t:|1760316222
|move|p2a: Mimikyu|Drain Punch|p1a: Blissey
|-supereffective|p1a: Blissey
|-damage|p1a: Blissey|0 fnt
|faint|p1a: Blissey
|
|upkeep
|
|t:|1760316237
|switch|p1a: Sandaconda|Sandaconda, F, shiny|100/100
|turn|4
|
|t:|1760316249
|move|p1a: Sandaconda|Earthquake|p2a: Mimikyu
|-damage|p2a: Mimikyu|38/100 par
|cant|p2a: Mimikyu|par
|
|upkeep
|turn|5
|
|t:|1760316253
|move|p1a: Sandaconda|Earthquake|p2a: Mimikyu
|-damage|p2a: Mimikyu|0 fnt
|faint|p2a: Mimikyu
|
|upkeep
|
|t:|1760316259
|switch|p2a: Regice|Regice, shiny|100/100
|turn|6
|
|t:|1760316268
|-terastallize|p1a: Sandaconda|Steel
|move|p1a: Sandaconda|Iron Defense|p1a: Sandaconda
|-boost|p1a: Sandaconda|def|2
|move|p2a: Regice|Curse|p2a: Regice
|-unboost|p2a: Regice|spe|1
|-boost|p2a: Regice|atk|1
|-boost|p2a: Regice|def|1
|
|upkeep
|turn|7
|
|t:|1760316272
|move|p1a: Sandaconda|Body Press|p2a: Regice
|-supereffective|p2a: Regice
|-damage|p2a: Regice|21/100
|move|p2a: Regice|Curse|p2a: Regice
|-unboost|p2a: Regice|spe|1
|-boost|p2a: Regice|atk|1
|-boost|p2a: Regice|def|1
|
|-heal|p2a: Regice|27/100|[from] item: Leftovers
|upkeep
|turn|8
|
|t:|1760316278
|move|p1a: Sandaconda|Body Press|p2a: Regice
|-supereffective|p2a: Regice
|-damage|p2a: Regice|0 fnt
|faint|p2a: Regice
|
|upkeep
|
|t:|1760316280
|switch|p2a: Lucario|Lucario, M|100/100
|turn|9
|
|t:|1760316286
|move|p2a: Lucario|Nasty Plot|p2a: Lucario
|-boost|p2a: Lucario|spa|2
|move|p1a: Sandaconda|Earthquake|p2a: Lucario
|-supereffective|p2a: Lucario
|-enditem|p2a: Lucario|Focus Sash
|-damage|p2a: Lucario|1/100
|
|upkeep
|turn|10
|
|t:|1760316289
|move|p2a: Lucario|Aura Sphere|p1a: Sandaconda
|-supereffective|p1a: Sandaconda
|-damage|p1a: Sandaconda|0 fnt
|-weather|Sandstorm|[from] ability: Sand Spit|[of] p1a: Sandaconda
|faint|p1a: Sandaconda
|
|-weather|Sandstorm|[upkeep]
|upkeep
|
|t:|1760316293
|switch|p1a: Sandslash|Sandslash, M|100/100
|turn|11
|
|t:|1760316299
|move|p2a: Lucario|Vacuum Wave|p1a: Sandslash
|-damage|p1a: Sandslash|28/100
|move|p1a: Sandslash|Earthquake|p2a: Lucario
|-supereffective|p2a: Lucario
|-crit|p2a: Lucario
|-damage|p2a: Lucario|0 fnt
|faint|p2a: Lucario
|
|-weather|Sandstorm|[upkeep]
|upkeep
|
|t:|1760316305
|switch|p2a: Galvantula|Galvantula, M|100/100
|turn|12
|
|t:|1760316309
|move|p1a: Sandslash|Earthquake|p2a: Galvantula
|-damage|p2a: Galvantula|15/100
|move|p2a: Galvantula|Energy Ball|p1a: Sandslash
|-supereffective|p1a: Sandslash
|-damage|p1a: Sandslash|0 fnt
|faint|p1a: Sandslash
|
|-weather|Sandstorm|[upkeep]
|-damage|p2a: Galvantula|9/100|[from] Sandstorm
|upkeep
|
|t:|1760316315
|switch|p1a: Eevee|Eevee, F, shiny|100/100
|turn|13
|
|t:|1760316323
|switch|p2a: Necrozma|Necrozma|100/100
|move|p1a: Eevee|Alluring Voice|p2a: Necrozma
|-crit|p2a: Necrozma
|-damage|p2a: Necrozma|80/100
|
|-weather|Sandstorm|[upkeep]
|-damage|p2a: Necrozma|74/100|[from] Sandstorm
|-damage|p1a: Eevee|94/100|[from] Sandstorm
|-heal|p2a: Necrozma|80/100|[from] item: Leftovers
|upkeep
|turn|14
|
|t:|1760316329
|move|p2a: Necrozma|Dragon Dance|p2a: Necrozma
|-boost|p2a: Necrozma|atk|1
|-boost|p2a: Necrozma|spe|1
|move|p1a: Eevee|Fake Tears|p2a: Necrozma
|-unboost|p2a: Necrozma|spd|2
|
|-weather|none
|-heal|p2a: Necrozma|86/100|[from] item: Leftovers
|upkeep
|turn|15
|
|t:|1760316337
|move|p2a: Necrozma|Photon Geyser|p1a: Eevee
|-damage|p1a: Eevee|5/100
|move|p1a: Eevee|Charm|p2a: Necrozma
|-unboost|p2a: Necrozma|atk|2
|
|-heal|p2a: Necrozma|92/100|[from] item: Leftovers
|upkeep
|turn|16
|
|t:|1760316346
|move|p2a: Necrozma|X-Scissor|p1a: Eevee
|-damage|p1a: Eevee|0 fnt
|faint|p1a: Eevee
|
|-heal|p2a: Necrozma|98/100|[from] item: Leftovers
|upkeep
|
|t:|1760316351
|switch|p1a: Charizard|Charizard, M, shiny|100/100
|turn|17
|
|t:|1760316359
|switch|p2a: Blastoise|Blastoise, M|100/100
|move|p1a: Charizard|Flamethrower|p2a: Blastoise
|-resisted|p2a: Blastoise
|-damage|p2a: Blastoise|78/100
|
|upkeep
|turn|18
|
|t:|1760316368
|switch|p1a: Abomasnow|Abomasnow, M|100/100
|-weather|Snowscape|[from] ability: Snow Warning|[of] p1a: Abomasnow
|move|p2a: Blastoise|Shell Smash|p2a: Blastoise
|-unboost|p2a: Blastoise|def|1
|-unboost|p2a: Blastoise|spd|1
|-boost|p2a: Blastoise|atk|2
|-boost|p2a: Blastoise|spa|2
|-boost|p2a: Blastoise|spe|2
|-enditem|p2a: Blastoise|White Herb
|-clearnegativeboost|p2a: Blastoise|[silent]
|
|-weather|Snowscape|[upkeep]
|upkeep
|turn|19
|
|t:|1760316373
|move|p2a: Blastoise|Ice Beam|p1a: Abomasnow
|-damage|p1a: Abomasnow|63/100
|move|p1a: Abomasnow|Giga Drain|p2a: Blastoise
|-supereffective|p2a: Blastoise
|-damage|p2a: Blastoise|12/100
|-heal|p1a: Abomasnow|89/100|[from] drain|[of] p2a: Blastoise
|
|-weather|Snowscape|[upkeep]
|-heal|p1a: Abomasnow|95/100|[from] item: Leftovers
|upkeep
|turn|20
|
|t:|1760316377
|move|p2a: Blastoise|Ice Beam|p1a: Abomasnow
|-damage|p1a: Abomasnow|53/100
|move|p1a: Abomasnow|Aurora Veil|p1a: Abomasnow
|-sidestart|p1: Gasterdc1|move: Aurora Veil
|
|-weather|Snowscape|[upkeep]
|-heal|p1a: Abomasnow|59/100|[from] item: Leftovers
|upkeep
|turn|21
|
|t:|1760316380
|move|p2a: Blastoise|Ice Beam|p1a: Abomasnow
|-damage|p1a: Abomasnow|40/100
|move|p1a: Abomasnow|Giga Drain|p2a: Blastoise
|-supereffective|p2a: Blastoise
|-damage|p2a: Blastoise|0 fnt
|-heal|p1a: Abomasnow|45/100|[from] drain|[of] p2a: Blastoise
|faint|p2a: Blastoise
|
|-weather|Snowscape|[upkeep]
|-heal|p1a: Abomasnow|51/100|[from] item: Leftovers
|upkeep
|
|t:|1760316383
|switch|p2a: Galvantula|Galvantula, M|9/100
|turn|22
|
|t:|1760316397
|move|p2a: Galvantula|Bug Buzz|p1a: Abomasnow
|-supereffective|p1a: Abomasnow
|-crit|p1a: Abomasnow
|-damage|p1a: Abomasnow|0 fnt
|faint|p1a: Abomasnow
|
|-weather|none
|upkeep
|
|t:|1760316400
|switch|p1a: Charizard|Charizard, M, shiny|100/100
|turn|23
|
|t:|1760316404
|switch|p2a: Necrozma|Necrozma|98/100
|move|p1a: Charizard|Scorching Sands|p2a: Necrozma
|-damage|p2a: Necrozma|70/100
|-status|p2a: Necrozma|brn
|
|-heal|p2a: Necrozma|76/100 brn|[from] item: Leftovers
|-damage|p2a: Necrozma|70/100 brn|[from] brn
|upkeep
|turn|24
|
|t:|1760316409
|move|p1a: Charizard|Sunny Day|p1a: Charizard
|-weather|SunnyDay
|move|p2a: Necrozma|Dragon Dance|p2a: Necrozma
|-boost|p2a: Necrozma|atk|1
|-boost|p2a: Necrozma|spe|1
|
|-weather|SunnyDay|[upkeep]
|-damage|p1a: Charizard|88/100|[from] ability: Solar Power|[of] p1a: Charizard
|-heal|p2a: Necrozma|76/100 brn|[from] item: Leftovers
|-damage|p2a: Necrozma|70/100 brn|[from] brn
|-sideend|p1: Gasterdc1|move: Aurora Veil
|upkeep
|turn|25
|
|t:|1760316415
|move|p2a: Necrozma|Photon Geyser|p1a: Charizard
|-damage|p1a: Charizard|36/100
|move|p1a: Charizard|Flamethrower|p2a: Necrozma
|-damage|p2a: Necrozma|0 fnt
|faint|p2a: Necrozma
|
|-weather|SunnyDay|[upkeep]
|-damage|p1a: Charizard|24/100|[from] ability: Solar Power|[of] p1a: Charizard
|upkeep
|
|t:|1760316417
|switch|p2a: Galvantula|Galvantula, M|9/100
|turn|26
|
|t:|1760316421
|move|p2a: Galvantula|Thunder|p1a: Charizard
|-supereffective|p1a: Charizard
|-damage|p1a: Charizard|0 fnt
|faint|p1a: Charizard
|
|win|Broadsword115
|raw|Gasterdc1's rating: 1139 &rarr; <strong>1117</strong><br />(-22 for losing)
|raw|Broadsword115's rating: 1176 &rarr; <strong>1198</strong><br />(+22 for winning)
|c|☆Broadsword115|gg
|l|☆Gasterdc1
|player|p1|
|l|☆Broadsword115
|player|p2|
