|j|☆random05
|j|‽liamjg1028
|t:|1760453319
|gametype|singles
|player|p1|random05|steven|1123
|player|p2|liamjg1028|1|1112
|gen|9
|tier|[Gen 9] OU
|rated|
|rule|HP Percentage Mod: HP is shown in percentages
|rule|Endless Battle Clause: Forcing endless battles is banned
|rule|Species Clause: Limit one of each Pokémon
|rule|OHKO Clause: OHKO moves are banned
|rule|Evasion Items Clause: Evasion items are banned
|rule|Evasion Moves Clause: Evasion moves are banned
|rule|Evasion Abilities Clause: Evasion abilities are banned
|rule|Sleep Moves Clause: Sleep-inducing moves are banned
|clearpoke
|poke|p1|Dragonite, F|
|poke|p1|Tornadus-Therian, M|
|poke|p1|Corviknight, M|
|poke|p1|Quagsire, M|
|poke|p1|Orthworm, F|
|poke|p1|Poliwrath, F|
|poke|p2|Pelipper, M|
|poke|p2|Barraskewda, F|
|poke|p2|Iron Moth|
|poke|p2|Kingdra, M|
|poke|p2|Zapdos|
|poke|p2|Dondozo, F|
|teampreview
|inactive|Battle timer is ON: inactive players will automatically lose when time's up. (requested by liamjg1028)
|
|t:|1760453324
|teamsize|p1|6
|teamsize|p2|6
|start
|switch|p1a: Quagsire|Quagsire, M|100/100
|switch|p2a: Pelipper|Pelipper, M, shiny|100/100
|-weather|RainDance|[from] ability: Drizzle|[of] p2a: Pelipper
|turn|1
|inactiveoff|Battle timer is now OFF.
|
|t:|1760453341
|move|p2a: Pelipper|Hurricane|p1a: Quagsire
|-crit|p1a: Quagsire
|-damage|p1a: Quagsire|36/100
|move|p1a: Quagsire|Toxic|p2a: Pelipper|[miss]
|-miss|p1a: Quagsire|p2a: Pelipper
|
|-weather|RainDance|[upkeep]
|-heal|p1a: Quagsire|42/100|[from] item: Leftovers
|upkeep
|turn|2
|
|t:|1760453346
|switch|p2a: Iron Moth|Iron Moth, shiny|100/100
|-enditem|p2a: Iron Moth|Booster Energy
|-activate|p2a: Iron Moth|ability: Quark Drive|[fromitem]
|-start|p2a: Iron Moth|quarkdrivespa
|switch|p1a: Corviknight|Corviknight, M|100/100
|-ability|p1a: Corviknight|Pressure
|
|-weather|RainDance|[upkeep]
|upkeep
|turn|3
|inactive|Battle timer is ON: inactive players will automatically lose when time's up. (requested by liamjg1028)
|
|t:|1760453357
|move|p2a: Iron Moth|Fiery Dance|p1a: Corviknight
|-supereffective|p1a: Corviknight
|-damage|p1a: Corviknight|49/100
|-boost|p2a: Iron Moth|spa|1
|move|p1a: Corviknight|Brave Bird|p2a: Iron Moth
|-damage|p2a: Iron Moth|32/100
|-damage|p1a: Corviknight|32/100|[from] Recoil
|
|-weather|RainDance|[upkeep]
|upkeep
|turn|4
|
|t:|1760453364
|-terastallize|p1a: Corviknight|Dragon
|move|p2a: Iron Moth|Fiery Dance|p1a: Corviknight
|-resisted|p1a: Corviknight
|-damage|p1a: Corviknight|13/100
|move|p1a: Corviknight|Roost|p1a: Corviknight
|-heal|p1a: Corviknight|63/100
|
|-weather|RainDance|[upkeep]
|upkeep
|turn|5
|
|t:|1760453370
|move|p2a: Iron Moth|Sludge Wave|p1a: Corviknight
|-damage|p1a: Corviknight|0 fnt
|faint|p1a: Corviknight
|
|-weather|RainDance|[upkeep]
|upkeep
|
|t:|1760453382
|switch|p1a: Quagsire|Quagsire, M|42/100
|turn|6
|
|t:|1760453384
|move|p2a: Iron Moth|Sludge Wave|p1a: Quagsire
|-resisted|p1a: Quagsire
|-damage|p1a: Quagsire|0 fnt
|faint|p1a: Quagsire
|
|-weather|RainDance|[upkeep]
|upkeep
|
|t:|1760453390
|switch|p1a: Poliwrath|Poliwrath, F|100/100
|turn|7
|
|t:|1760453401
|move|p2a: Iron Moth|Sludge Wave|p1a: Poliwrath
|-damage|p1a: Poliwrath|32/100
|move|p1a: Poliwrath|Knock Off|p2a: Iron Moth
|-damage|p2a: Iron Moth|9/100
|
|-weather|RainDance|[upkeep]
|-heal|p1a: Poliwrath|38/100|[from] item: Leftovers
|upkeep
|turn|8
|-message|random05 forfeited.
|
|win|liamjg1028
|raw|random05's rating: 1123 &rarr; <strong>1097</strong><br />(-26 for losing)
|raw|liamjg1028's rating: 1112 &rarr; <strong>1138</strong><br />(+26 for winning)
|l|☆random05
|player|p1|
|l|‽liamjg1028
|player|p2|
