|j|☆shierr
|j|☆arthurfr4545
|t:|1760400858
|gametype|singles
|player|p1|shierr|265|1749
|player|p2|arthurfr4545|102|1727
|gen|9
|tier|[Gen 9] OU
|rated|
|rule|HP Percentage Mod: HP is shown in percentages
|rule|Endless Battle Clause: Forcing endless battles is banned
|rule|Species Clause: Limit one of each Pokémon
|rule|OHKO Clause: OHKO moves are banned
|rule|Evasion Items Clause: Evasion items are banned
|rule|Evasion Moves Clause: Evasion moves are banned
|rule|Evasion Abilities Clause: Evasion abilities are banned
|rule|Sleep Moves Clause: Sleep-inducing moves are banned
|clearpoke
|poke|p1|Great Tusk|
|poke|p1|Samurott-Hisui, M|
|poke|p1|Gholdengo|
|poke|p1|Ninetales-Alola, M|
|poke|p1|Ceruledge, F|
|poke|p1|Raging Bolt|
|poke|p2|Entei|
|poke|p2|Great Tusk|
|poke|p2|Heatran, F|
|poke|p2|Latios, M|
|poke|p2|Kingambit, F|
|poke|p2|Rotom-Wash|
|teampreview
|
|t:|1760400861
|teamsize|p1|6
|teamsize|p2|6
|start
|switch|p1a: Samurott|Samurott-Hisui, M|100/100
|switch|p2a: Rotom|Rotom-Wash|100/100
|turn|1
|j| Joltments
|inactive|Battle timer is ON: inactive players will automatically lose when time's up. (requested by arthurfr4545)
|
|t:|1760400865
|move|p1a: Samurott|Flip Turn|p2a: Rotom
|-resisted|p2a: Rotom
|-damage|p2a: Rotom|89/100
|
|t:|1760400868
|switch|p1a: Ninetales|Ninetales-Alola, M|100/100|[from] Flip Turn
|-weather|Snowscape|[from] ability: Snow Warning|[of] p1a: Ninetales
|move|p2a: Rotom|Volt Switch|p1a: Ninetales
|-damage|p1a: Ninetales|78/100
|
|t:|1760400871
|switch|p2a: Heatran|Heatran, F|100/100|[from] Volt Switch
|
|-weather|Snowscape|[upkeep]
|upkeep
|turn|2
|
|t:|1760400876
|switch|p1a: Ceruledge|Ceruledge, F|100/100
|move|p2a: Heatran|Flash Cannon|p1a: Ceruledge
|-resisted|p1a: Ceruledge
|-damage|p1a: Ceruledge|81/100
|
|-weather|Snowscape|[upkeep]
|upkeep
|turn|3
|
|t:|1760400880
|move|p1a: Ceruledge|Endure|p1a: Ceruledge
|-singleturn|p1a: Ceruledge|move: Endure
|move|p2a: Heatran|Earth Power|p1a: Ceruledge
|-supereffective|p1a: Ceruledge
|-damage|p1a: Ceruledge|20/100
|-enditem|p1a: Ceruledge|Weakness Policy
|-boost|p1a: Ceruledge|atk|2|[from] item: Weakness Policy
|-boost|p1a: Ceruledge|spa|2|[from] item: Weakness Policy
|
|-weather|Snowscape|[upkeep]
|upkeep
|turn|4
|
|t:|1760400883
|switch|p2a: Great Tusk|Great Tusk|100/100
|move|p1a: Ceruledge|Poltergeist|p2a: Great Tusk
|-activate|p2a: Great Tusk|move: Poltergeist|Rocky Helmet
|-damage|p2a: Great Tusk|39/100
|
|-weather|Snowscape|[upkeep]
|upkeep
|turn|5
|
|t:|1760400889
|move|p1a: Ceruledge|Endure|p1a: Ceruledge
|-singleturn|p1a: Ceruledge|move: Endure
|move|p2a: Great Tusk|Earthquake|p1a: Ceruledge
|-supereffective|p1a: Ceruledge
|-activate|p1a: Ceruledge|move: Endure
|-damage|p1a: Ceruledge|1/100
|-ability|p1a: Ceruledge|Weak Armor|boost
|-unboost|p1a: Ceruledge|def|1
|-boost|p1a: Ceruledge|spe|2
|
|-weather|none
|upkeep
|turn|6
|
|t:|1760400893
|move|p1a: Ceruledge|Bitter Blade|p2a: Great Tusk
|-damage|p2a: Great Tusk|0 fnt
|-heal|p1a: Ceruledge|25/100|[from] drain|[of] p2a: Great Tusk
|-damage|p1a: Ceruledge|9/100|[from] item: Rocky Helmet|[of] p2a: Great Tusk
|faint|p2a: Great Tusk
|-end|p2a: Great Tusk|Protosynthesis|[silent]
|
|upkeep
|
|t:|1760400907
|switch|p2a: Kingambit|Kingambit, F|100/100
|-activate|p2a: Kingambit|ability: Supreme Overlord
|-start|p2a: Kingambit|fallen1|[silent]
|turn|7
|
|t:|1760400910
|switch|p1a: Samurott|Samurott-Hisui, M|100/100
|move|p2a: Kingambit|Sucker Punch||[still]
|-fail|p2a: Kingambit
|
|upkeep
|turn|8
|
|t:|1760400914
|move|p1a: Samurott|Ceaseless Edge|p2a: Kingambit
|-resisted|p2a: Kingambit
|-damage|p2a: Kingambit|83/100
|-sidestart|p2: arthurfr4545|Spikes
|move|p2a: Kingambit|Low Kick|p1a: Samurott
|-supereffective|p1a: Samurott
|-damage|p1a: Samurott|7/100
|
|upkeep
|turn|9
|
|t:|1760400918
|switch|p1a: Ninetales|Ninetales-Alola, M|78/100
|-weather|Snowscape|[from] ability: Snow Warning|[of] p1a: Ninetales
|move|p2a: Kingambit|Kowtow Cleave|p1a: Ninetales
|-resisted|p1a: Ninetales
|-damage|p1a: Ninetales|51/100
|
|-weather|Snowscape|[upkeep]
|upkeep
|turn|10
|
|t:|1760400926
|-end|p2a: Kingambit|fallen1|[silent]
|switch|p2a: Heatran|Heatran, F|100/100
|-damage|p2a: Heatran|88/100|[from] Spikes
|move|p1a: Ninetales|Aurora Veil|p1a: Ninetales
|-sidestart|p1: shierr|move: Aurora Veil
|
|-weather|Snowscape|[upkeep]
|upkeep
|turn|11
|
|t:|1760400932
|switch|p1a: Ceruledge|Ceruledge, F|9/100
|move|p2a: Heatran|Flash Cannon|p1a: Ceruledge
|-resisted|p1a: Ceruledge
|-damage|p1a: Ceruledge|0 fnt
|faint|p1a: Ceruledge
|
|-weather|Snowscape|[upkeep]
|upkeep
|
|t:|1760400935
|switch|p1a: Samurott|Samurott-Hisui, M|7/100
|turn|12
|
|t:|1760400937
|switch|p2a: Rotom|Rotom-Wash|89/100
|move|p1a: Samurott|Ceaseless Edge|p2a: Rotom
|-damage|p2a: Rotom|51/100
|-sidestart|p2: arthurfr4545|Spikes
|
|-weather|Snowscape|[upkeep]
|-heal|p2a: Rotom|57/100|[from] item: Leftovers
|upkeep
|turn|13
|
|t:|1760400939
|move|p1a: Samurott|Ceaseless Edge|p2a: Rotom
|-damage|p2a: Rotom|20/100
|-sidestart|p2: arthurfr4545|Spikes
|move|p2a: Rotom|Volt Switch|p1a: Samurott
|-supereffective|p1a: Samurott
|-damage|p1a: Samurott|0 fnt
|faint|p1a: Samurott
|
|t:|1760400942
|switch|p2a: Latios|Latios, M|100/100|[from] Volt Switch
|
|-weather|none
|upkeep
|
|t:|1760400952
|switch|p1a: Raging Bolt|Raging Bolt|100/100
|-enditem|p1a: Raging Bolt|Booster Energy
|-activate|p1a: Raging Bolt|ability: Protosynthesis|[fromitem]
|-start|p1a: Raging Bolt|protosynthesisspa
|turn|14
|
|t:|1760400959
|move|p2a: Latios|Draco Meteor|p1a: Raging Bolt
|-supereffective|p1a: Raging Bolt
|-damage|p1a: Raging Bolt|34/100
|-unboost|p2a: Latios|spa|2
|move|p1a: Raging Bolt|Dragon Pulse|p2a: Latios
|-supereffective|p2a: Latios
|-damage|p2a: Latios|0 fnt
|faint|p2a: Latios
|
|upkeep
|
|t:|1760400966
|switch|p2a: Kingambit|Kingambit, F|83/100
|-damage|p2a: Kingambit|58/100|[from] Spikes
|-activate|p2a: Kingambit|ability: Supreme Overlord
|-start|p2a: Kingambit|fallen2|[silent]
|turn|15
|
|t:|1760400970
|move|p1a: Raging Bolt|Thunderbolt|p2a: Kingambit
|-damage|p2a: Kingambit|0 fnt
|faint|p2a: Kingambit
|-end|p2a: Kingambit|fallen2|[silent]
|
|upkeep
|
|t:|1760400973
|switch|p2a: Heatran|Heatran, F|88/100
|-damage|p2a: Heatran|63/100|[from] Spikes
|turn|16
|
|t:|1760400975
|move|p1a: Raging Bolt|Thunderbolt|p2a: Heatran
|-damage|p2a: Heatran|27/100
|move|p2a: Heatran|Earth Power|p1a: Raging Bolt
|-supereffective|p1a: Raging Bolt
|-damage|p1a: Raging Bolt|6/100
|
|upkeep
|turn|17
|
|t:|1760400978
|move|p1a: Raging Bolt|Thunderbolt|p2a: Heatran
|-damage|p2a: Heatran|0 fnt
|faint|p2a: Heatran
|
|-sideend|p1: shierr|move: Aurora Veil
|upkeep
|
|t:|1760400980
|switch|p2a: Entei|Entei|100/100
|-damage|p2a: Entei|76/100|[from] Spikes
|-ability|p2a: Entei|Pressure
|turn|18
|
|t:|1760400983
|move|p1a: Raging Bolt|Thunderclap||[still]
|-fail|p1a: Raging Bolt
|move|p2a: Entei|Swagger|p1a: Raging Bolt
|-boost|p1a: Raging Bolt|atk|2
|-start|p1a: Raging Bolt|confusion
|-enditem|p2a: Entei|Mirror Herb
|-boost|p2a: Entei|atk|2|[from] item: Mirror Herb
|
|upkeep
|turn|19
|
|t:|1760400989
|move|p2a: Entei|Extreme Speed|p1a: Raging Bolt
|-damage|p1a: Raging Bolt|0 fnt
|faint|p1a: Raging Bolt
|-end|p1a: Raging Bolt|Protosynthesis|[silent]
|
|upkeep
|
|t:|1760400994
|switch|p1a: Ninetales|Ninetales-Alola, M|51/100
|-weather|Snowscape|[from] ability: Snow Warning|[of] p1a: Ninetales
|turn|20
|
|t:|1760400998
|-terastallize|p2a: Entei|Normal
|move|p2a: Entei|Extreme Speed|p1a: Ninetales
|-damage|p1a: Ninetales|0 fnt
|faint|p1a: Ninetales
|
|-weather|Snowscape|[upkeep]
|upkeep
|
|t:|1760401001
|switch|p1a: Great Tusk|Great Tusk|100/100
|-enditem|p1a: Great Tusk|Booster Energy
|-activate|p1a: Great Tusk|ability: Protosynthesis|[fromitem]
|-start|p1a: Great Tusk|protosynthesisatk
|turn|21
|
|t:|1760401005
|move|p1a: Great Tusk|Close Combat|p2a: Entei
|-supereffective|p2a: Entei
|-damage|p2a: Entei|0 fnt
|-unboost|p1a: Great Tusk|def|1
|-unboost|p1a: Great Tusk|spd|1
|faint|p2a: Entei
|
|-weather|Snowscape|[upkeep]
|upkeep
|-message|arthurfr4545 forfeited.
|
|win|shierr
|raw|shierr's rating: 1749 &rarr; <strong>1768</strong><br />(+19 for winning)
|raw|arthurfr4545's rating: 1727 &rarr; <strong>1708</strong><br />(-19 for losing)
|l|☆arthurfr4545
|player|p2|
|l|☆shierr
|player|p1|
|l| Joltments
