|j|☆TTXl
|j|☆shedislead
|t:|1760462214
|gametype|singles
|player|p1|TTXl|2|1136
|player|p2|shedislead|2|1100
|gen|9
|tier|[Gen 9] OU
|rated|
|rule|HP Percentage Mod: HP is shown in percentages
|rule|Endless Battle Clause: Forcing endless battles is banned
|rule|Species Clause: Limit one of each Pokémon
|rule|OHKO Clause: OHKO moves are banned
|rule|Evasion Items Clause: Evasion items are banned
|rule|Evasion Moves Clause: Evasion moves are banned
|rule|Evasion Abilities Clause: Evasion abilities are banned
|rule|Sleep Moves Clause: Sleep-inducing moves are banned
|clearpoke
|poke|p1|Bronzong|
|poke|p1|Lurantis, M|
|poke|p1|Ursaluna, F|
|poke|p1|Iron Valiant|
|poke|p1|Porygon2|
|poke|p1|Zapdos|
|poke|p2|Kilowattrel, M|
|poke|p2|Ceruledge, M|
|poke|p2|Iron Valiant|
|poke|p2|Ogerpon-Cornerstone, F|
|poke|p2|Tatsugiri, M|
|poke|p2|Kingambit, F|
|teampreview
|
|t:|1760462233
|teamsize|p1|6
|teamsize|p2|6
|start
|switch|p1a: Ursaluna|Ursaluna, F, shiny|100/100
|switch|p2a: Ceruledge|Ceruledge, M|100/100
|turn|1
|
|t:|1760462240
|-terastallize|p2a: Ceruledge|Fighting
|move|p2a: Ceruledge|Close Combat|p1a: Ursaluna
|-supereffective|p1a: Ursaluna
|-damage|p1a: Ursaluna|19/100
|-unboost|p2a: Ceruledge|def|1
|-unboost|p2a: Ceruledge|spd|1
|move|p1a: Ursaluna|Earthquake|p2a: Ceruledge
|-damage|p2a: Ceruledge|9/100
|-ability|p2a: Ceruledge|Weak Armor|boost
|-unboost|p2a: Ceruledge|def|1
|-boost|p2a: Ceruledge|spe|2
|
|-status|p1a: Ursaluna|brn|[from] item: Flame Orb
|upkeep
|turn|2
|
|t:|1760462255
|move|p2a: Ceruledge|Close Combat|p1a: Ursaluna
|-supereffective|p1a: Ursaluna
|-damage|p1a: Ursaluna|0 fnt
|-unboost|p2a: Ceruledge|def|1
|-unboost|p2a: Ceruledge|spd|1
|faint|p1a: Ursaluna
|
|upkeep
|
|t:|1760462269
|switch|p1a: Iron Valiant|Iron Valiant, shiny|100/100
|-enditem|p1a: Iron Valiant|Booster Energy
|-activate|p1a: Iron Valiant|ability: Quark Drive|[fromitem]
|-start|p1a: Iron Valiant|quarkdriveatk
|turn|3
|
|t:|1760462275
|move|p2a: Ceruledge|Bitter Blade|p1a: Iron Valiant
|-damage|p1a: Iron Valiant|45/100
|-heal|p2a: Ceruledge|37/100|[from] drain|[of] p1a: Iron Valiant
|move|p1a: Iron Valiant|Dazzling Gleam|p2a: Ceruledge
|-supereffective|p2a: Ceruledge
|-damage|p2a: Ceruledge|0 fnt
|faint|p2a: Ceruledge
|
|upkeep
|
|t:|1760462285
|switch|p2a: Ogerpon|Ogerpon-Cornerstone, F|100/100
|turn|4
|
|t:|1760462297
|move|p2a: Ogerpon|Ivy Cudgel|p1a: Iron Valiant|[anim] Ivy Cudgel Rock
|-resisted|p1a: Iron Valiant
|-crit|p1a: Iron Valiant
|-damage|p1a: Iron Valiant|0 fnt
|faint|p1a: Iron Valiant
|-end|p1a: Iron Valiant|Quark Drive|[silent]
|
|upkeep
|
|t:|1760462303
|switch|p1a: Lurantis|Lurantis, M, shiny|100/100
|turn|5
|
|t:|1760462309
|move|p2a: Ogerpon|Spiky Shield|p2a: Ogerpon
|-singleturn|p2a: Ogerpon|move: Protect
|move|p1a: Lurantis|Superpower|p2a: Ogerpon
|-activate|p2a: Ogerpon|move: Protect
|-damage|p1a: Lurantis|88/100|[from] Spiky Shield|[of] p2a: Ogerpon
|
|upkeep
|turn|6
|
|t:|1760462318
|move|p2a: Ogerpon|Play Rough|p1a: Lurantis
|-damage|p1a: Lurantis|52/100
|move|p1a: Lurantis|Superpower|p2a: Ogerpon
|-supereffective|p2a: Ogerpon
|-damage|p2a: Ogerpon|15/100
|-boost|p1a: Lurantis|atk|1
|-boost|p1a: Lurantis|def|1
|
|upkeep
|turn|7
|
|t:|1760462328
|move|p2a: Ogerpon|Ivy Cudgel|p1a: Lurantis|[anim] Ivy Cudgel Rock
|-damage|p1a: Lurantis|14/100
|move|p1a: Lurantis|Leaf Storm|p2a: Ogerpon|[miss]
|-miss|p1a: Lurantis|p2a: Ogerpon
|
|upkeep
|turn|8
|
|t:|1760462333
|move|p2a: Ogerpon|Ivy Cudgel|p1a: Lurantis|[anim] Ivy Cudgel Rock
|-damage|p1a: Lurantis|0 fnt
|faint|p1a: Lurantis
|
|upkeep
|
|t:|1760462346
|switch|p1a: Zapdos|Zapdos|100/100
|turn|9
|
|t:|1760462352
|move|p2a: Ogerpon|Ivy Cudgel|p1a: Zapdos|[anim] Ivy Cudgel Rock
|-supereffective|p1a: Zapdos
|-damage|p1a: Zapdos|0 fnt
|faint|p1a: Zapdos
|
|upkeep
|
|t:|1760462357
|switch|p1a: Bronzong|Bronzong, shiny|100/100
|turn|10
|
|t:|1760462362
|-terastallize|p1a: Bronzong|Electric
|move|p2a: Ogerpon|Horn Leech|p1a: Bronzong
|-damage|p1a: Bronzong|58/100
|-heal|p2a: Ogerpon|34/100|[from] drain|[of] p1a: Bronzong
|move|p1a: Bronzong|Body Press|p2a: Ogerpon
|-supereffective|p2a: Ogerpon
|-damage|p2a: Ogerpon|0 fnt
|faint|p2a: Ogerpon
|
|upkeep
|
|t:|1760462374
|switch|p2a: Iron Valiant|Iron Valiant|100/100
|-enditem|p2a: Iron Valiant|Booster Energy
|-activate|p2a: Iron Valiant|ability: Quark Drive|[fromitem]
|-start|p2a: Iron Valiant|quarkdriveatk
|turn|11
|
|t:|1760462383
|move|p2a: Iron Valiant|Drain Punch|p1a: Bronzong
|-damage|p1a: Bronzong|0 fnt
|faint|p1a: Bronzong
|
|upkeep
|
|t:|1760462387
|switch|p1a: Porygon2|Porygon2, shiny|100/100
|-ability|p1a: Porygon2|Download|boost
|-boost|p1a: Porygon2|spa|1
|turn|12
|
|t:|1760462400
|move|p2a: Iron Valiant|Drain Punch|p1a: Porygon2
|-supereffective|p1a: Porygon2
|-damage|p1a: Porygon2|32/100
|move|p1a: Porygon2|Shadow Ball|p2a: Iron Valiant
|-damage|p2a: Iron Valiant|45/100
|
|upkeep
|turn|13
|
|t:|1760462407
|move|p2a: Iron Valiant|Close Combat|p1a: Porygon2
|-supereffective|p1a: Porygon2
|-damage|p1a: Porygon2|0 fnt
|-unboost|p2a: Iron Valiant|def|1
|-unboost|p2a: Iron Valiant|spd|1
|faint|p1a: Porygon2
|
|win|shedislead
|raw|TTXl's rating: 1136 &rarr; <strong>1108</strong><br />(-28 for losing)
|raw|shedislead's rating: 1100 &rarr; <strong>1128</strong><br />(+28 for winning)
|c|☆shedislead|ggs
|l|☆TTXl
|player|p1|
|l|☆shedislead
|player|p2|
