|j|☆queenelan
|j|☆sminey
|t:|1760335199
|gametype|singles
|player|p1|queenelan|2|1624
|player|p2|sminey|2|1595
|gen|9
|tier|[Gen 9] OU
|rated|
|rule|HP Percentage Mod: HP is shown in percentages
|rule|Endless Battle Clause: Forcing endless battles is banned
|rule|Species Clause: Limit one of each Pokémon
|rule|OHKO Clause: OHKO moves are banned
|rule|Evasion Items Clause: Evasion items are banned
|rule|Evasion Moves Clause: Evasion moves are banned
|rule|Evasion Abilities Clause: Evasion abilities are banned
|rule|Sleep Moves Clause: Sleep-inducing moves are banned
|clearpoke
|poke|p1|Great Tusk|
|poke|p1|Kingambit, M|
|poke|p1|Raging Bolt|
|poke|p1|Walking Wake|
|poke|p1|Ninetales, F|
|poke|p1|Ceruledge, F|
|poke|p2|Latios, M|
|poke|p2|Cinderace, F|
|poke|p2|Weavile, M|
|poke|p2|Zapdos|
|poke|p2|Clefable, F|
|poke|p2|Slowking-Galar, F|
|teampreview
|inactive|Battle timer is ON: inactive players will automatically lose when time's up. (requested by sminey)
|
|t:|1760335213
|teamsize|p1|6
|teamsize|p2|6
|start
|switch|p1a: Ninetales|Ninetales, F|100/100
|switch|p2a: Cinderace|Cinderace, F|100/100
|-weather|SunnyDay|[from] ability: Drought|[of] p1a: Ninetales
|turn|1
|
|t:|1760335218
|switch|p1a: Walking Wake|Walking Wake|100/100
|-activate|p1a: Walking Wake|ability: Protosynthesis
|-start|p1a: Walking Wake|protosynthesisspe
|move|p2a: Cinderace|Pyro Ball|p1a: Walking Wake
|-resisted|p1a: Walking Wake
|-damage|p1a: Walking Wake|78/100
|
|-weather|SunnyDay|[upkeep]
|upkeep
|turn|2
|
|t:|1760335221
|switch|p2a: Slowking|Slowking-Galar, F|100/100
|move|p1a: Walking Wake|Hydro Steam|p2a: Slowking
|-damage|p2a: Slowking|74/100
|
|-weather|SunnyDay|[upkeep]
|upkeep
|turn|3
|
|t:|1760335230
|move|p1a: Walking Wake|Flip Turn|p2a: Slowking
|-damage|p2a: Slowking|67/100
|
|t:|1760335245
|-end|p1a: Walking Wake|Protosynthesis|[silent]
|switch|p1a: Kingambit|Kingambit, M|100/100|[from] Flip Turn
|-item|p1a: Kingambit|Air Balloon
|move|p2a: Slowking|Sludge Bomb|p1a: Kingambit
|-immune|p1a: Kingambit
|
|-weather|SunnyDay|[upkeep]
|upkeep
|turn|4
|
|t:|1760335251
|switch|p2a: Zapdos|Zapdos|100/100
|move|p1a: Kingambit|Kowtow Cleave|p2a: Zapdos
|-crit|p2a: Zapdos
|-damage|p2a: Zapdos|47/100
|
|-weather|SunnyDay|[upkeep]
|upkeep
|turn|5
|
|t:|1760335263
|move|p2a: Zapdos|Roost|p2a: Zapdos
|-heal|p2a: Zapdos|97/100
|-singleturn|p2a: Zapdos|move: Roost
|move|p1a: Kingambit|Kowtow Cleave|p2a: Zapdos
|-damage|p2a: Zapdos|59/100
|
|-weather|SunnyDay|[upkeep]
|upkeep
|turn|6
|
|t:|1760335274
|-end|p1a: Kingambit|fallenundefined|[silent]
|switch|p1a: Raging Bolt|Raging Bolt|100/100
|-activate|p1a: Raging Bolt|ability: Protosynthesis
|-start|p1a: Raging Bolt|protosynthesisspa
|move|p2a: Zapdos|Thunder Wave|p1a: Raging Bolt
|-immune|p1a: Raging Bolt
|
|-weather|SunnyDay|[upkeep]
|upkeep
|turn|7
|
|t:|1760335278
|switch|p2a: Slowking|Slowking-Galar, F|99/100
|move|p1a: Raging Bolt|Dragon Pulse|p2a: Slowking
|-damage|p2a: Slowking|66/100
|-damage|p1a: Raging Bolt|91/100|[from] item: Life Orb
|
|-weather|SunnyDay|[upkeep]
|upkeep
|turn|8
|
|t:|1760335285
|move|p1a: Raging Bolt|Dragon Pulse|p2a: Slowking
|-damage|p2a: Slowking|31/100
|-damage|p1a: Raging Bolt|81/100|[from] item: Life Orb
|move|p2a: Slowking|Ice Beam|p1a: Raging Bolt
|-supereffective|p1a: Raging Bolt
|-damage|p1a: Raging Bolt|35/100
|
|-weather|none
|-end|p1a: Raging Bolt|Protosynthesis
|upkeep
|turn|9
|
|t:|1760335302
|-end|p1a: Raging Bolt|Protosynthesis|[silent]
|switch|p1a: Ninetales|Ninetales, F|100/100
|-weather|SunnyDay|[from] ability: Drought|[of] p1a: Ninetales
|switch|p2a: Clefable|Clefable, F|100/100
|
|-weather|SunnyDay|[upkeep]
|upkeep
|turn|10
|
|t:|1760335315
|move|p1a: Ninetales|Overheat|p2a: Clefable
|-damage|p2a: Clefable|29/100
|-unboost|p1a: Ninetales|spa|2
|move|p2a: Clefable|Calm Mind|p2a: Clefable
|-boost|p2a: Clefable|spa|1
|-boost|p2a: Clefable|spd|1
|
|-weather|SunnyDay|[upkeep]
|upkeep
|turn|11
|
|t:|1760335326
|switch|p2a: Cinderace|Cinderace, F|100/100
|move|p1a: Ninetales|Encore||[still]
|-fail|p1a: Ninetales
|
|-weather|SunnyDay|[upkeep]
|upkeep
|turn|12
|
|t:|1760335334
|move|p2a: Cinderace|Pyro Ball|p1a: Ninetales
|-resisted|p1a: Ninetales
|-damage|p1a: Ninetales|35/100
|move|p1a: Ninetales|Scorching Sands|p2a: Cinderace
|-supereffective|p2a: Cinderace
|-damage|p2a: Cinderace|75/100
|
|-weather|SunnyDay|[upkeep]
|upkeep
|turn|13
|
|t:|1760335341
|switch|p1a: Walking Wake|Walking Wake|78/100
|-activate|p1a: Walking Wake|ability: Protosynthesis
|-start|p1a: Walking Wake|protosynthesisspe
|move|p2a: Cinderace|Pyro Ball|p1a: Walking Wake
|-resisted|p1a: Walking Wake
|-damage|p1a: Walking Wake|56/100
|
|-weather|SunnyDay|[upkeep]
|upkeep
|turn|14
|
|t:|1760335349
|switch|p2a: Slowking|Slowking-Galar, F|65/100
|move|p1a: Walking Wake|Hydro Steam|p2a: Slowking
|-damage|p2a: Slowking|36/100
|
|-weather|SunnyDay|[upkeep]
|upkeep
|turn|15
|
|t:|1760335361
|move|p1a: Walking Wake|Draco Meteor|p2a: Slowking
|-damage|p2a: Slowking|4/100
|-unboost|p1a: Walking Wake|spa|2
|move|p2a: Slowking|Flamethrower|p1a: Walking Wake
|-resisted|p1a: Walking Wake
|-damage|p1a: Walking Wake|45/100
|
|-weather|SunnyDay|[upkeep]
|upkeep
|turn|16
|
|t:|1760335369
|switch|p2a: Latios|Latios, M|100/100
|move|p1a: Walking Wake|Hydro Steam|p2a: Latios
|-resisted|p2a: Latios
|-damage|p2a: Latios|84/100
|
|-weather|none
|-end|p1a: Walking Wake|Protosynthesis
|upkeep
|turn|17
|
|t:|1760335377
|-end|p1a: Walking Wake|Protosynthesis|[silent]
|switch|p1a: Kingambit|Kingambit, M|100/100
|-item|p1a: Kingambit|Air Balloon
|move|p2a: Latios|Flip Turn|p1a: Kingambit
|-damage|p1a: Kingambit|92/100
|-enditem|p1a: Kingambit|Air Balloon
|
|t:|1760335379
|switch|p2a: Cinderace|Cinderace, F|75/100|[from] Flip Turn
|
|upkeep
|turn|18
|
|t:|1760335386
|move|p1a: Kingambit|Sucker Punch|p2a: Cinderace
|-crit|p2a: Cinderace
|-damage|p2a: Cinderace|0 fnt
|faint|p2a: Cinderace
|
|upkeep
|
|t:|1760335398
|switch|p2a: Zapdos|Zapdos|59/100
|turn|19
|
|t:|1760335407
|-end|p1a: Kingambit|fallenundefined|[silent]
|switch|p1a: Ninetales|Ninetales, F|35/100
|-weather|SunnyDay|[from] ability: Drought|[of] p1a: Ninetales
|move|p2a: Zapdos|Volt Switch|p1a: Ninetales
|-damage|p1a: Ninetales|3/100
|
|t:|1760335415
|switch|p2a: Weavile|Weavile, M|100/100|[from] Volt Switch
|-ability|p2a: Weavile|Pressure
|
|-weather|SunnyDay|[upkeep]
|upkeep
|turn|20
|inactive|queenelan has 120 seconds left.
|
|t:|1760335460
|switch|p1a: Kingambit|Kingambit, M|92/100
|move|p2a: Weavile|Knock Off|p1a: Kingambit
|-resisted|p1a: Kingambit
|-damage|p1a: Kingambit|78/100
|
|-weather|SunnyDay|[upkeep]
|upkeep
|turn|21
|
|t:|1760335469
|switch|p2a: Zapdos|Zapdos|59/100
|move|p1a: Kingambit|Kowtow Cleave|p2a: Zapdos
|-crit|p2a: Zapdos
|-damage|p2a: Zapdos|0 fnt
|faint|p2a: Zapdos
|
|-weather|SunnyDay|[upkeep]
|upkeep
|
|t:|1760335478
|switch|p2a: Latios|Latios, M|84/100
|turn|22
|
|t:|1760335481
|move|p2a: Latios|Trick|p1a: Kingambit
|-activate|p2a: Latios|move: Trick|[of] p1a: Kingambit
|-item|p1a: Kingambit|Choice Scarf|[from] move: Trick
|-enditem|p2a: Latios|Choice Scarf|[silent]|[from] move: Trick
|move|p1a: Kingambit|Kowtow Cleave|p2a: Latios
|-supereffective|p2a: Latios
|-damage|p2a: Latios|0 fnt
|faint|p2a: Latios
|
|-weather|SunnyDay|[upkeep]
|upkeep
|
|t:|1760335491
|switch|p2a: Clefable|Clefable, F|29/100
|turn|23
|
|t:|1760335503
|-end|p1a: Kingambit|fallenundefined|[silent]
|switch|p1a: Ninetales|Ninetales, F|3/100
|move|p2a: Clefable|Moonlight|p2a: Clefable
|-heal|p2a: Clefable|96/100
|
|-weather|SunnyDay|[upkeep]
|upkeep
|turn|24
|
|t:|1760335514
|switch|p2a: Slowking|Slowking-Galar, F|37/100
|move|p1a: Ninetales|Healing Wish|p1a: Ninetales
|faint|p1a: Ninetales
|
|-weather|SunnyDay|[upkeep]
|upkeep
|-message|sminey forfeited.
|
|win|queenelan
|raw|queenelan's rating: 1624 &rarr; <strong>1642</strong><br />(+18 for winning)
|raw|sminey's rating: 1595 &rarr; <strong>1577</strong><br />(-18 for losing)
|l|☆sminey
|player|p2|
|l|☆queenelan
|player|p1|
