|j|☆dreepy airlines
|j|☆Prav33n
|t:|1760424372
|gametype|singles
|player|p1|dreepy airlines|marley|1701
|player|p2|Prav33n|koga|1744
|gen|9
|tier|[Gen 9] OU
|rated|
|rule|HP Percentage Mod: HP is shown in percentages
|rule|Endless Battle Clause: Forcing endless battles is banned
|rule|Species Clause: Limit one of each Pokémon
|rule|OHKO Clause: OHKO moves are banned
|rule|Evasion Items Clause: Evasion items are banned
|rule|Evasion Moves Clause: Evasion moves are banned
|rule|Evasion Abilities Clause: Evasion abilities are banned
|rule|Sleep Moves Clause: Sleep-inducing moves are banned
|clearpoke
|poke|p1|Ceruledge, M|
|poke|p1|Ogerpon-Wellspring, F|
|poke|p1|Dragonite, F|
|poke|p1|Iron Treads|
|poke|p1|Hatterene, F|
|poke|p1|Zamazenta-*|
|poke|p2|Landorus-Therian, M|
|poke|p2|Cinderace, M|
|poke|p2|Zamazenta-*|
|poke|p2|Slowking-Galar, F|
|poke|p2|Ogerpon-Wellspring, F|
|poke|p2|Hydreigon, F|
|teampreview
|inactive|Battle timer is ON: inactive players will automatically lose when time's up. (requested by dreepy airlines)
|
|t:|1760424388
|teamsize|p1|6
|teamsize|p2|6
|start
|switch|p1a: Hatterene|Hatterene, F|100/100
|switch|p2a: Hydreigon|Hydreigon, F|100/100
|turn|1
|j| Hildi Thryth
|
|t:|1760424399
|move|p2a: Hydreigon|U-turn|p1a: Hatterene
|-damage|p1a: Hatterene|83/100
|
|t:|1760424404
|switch|p2a: Landorus|Landorus-Therian, M|100/100|[from] U-turn
|-ability|p2a: Landorus|Intimidate|boost
|-unboost|p1a: Hatterene|atk|1
|move|p1a: Hatterene|Nuzzle|p2a: Landorus
|-immune|p2a: Landorus
|
|upkeep
|turn|2
|
|t:|1760424416
|move|p2a: Landorus|U-turn|p1a: Hatterene
|-damage|p1a: Hatterene|57/100
|
|t:|1760424417
|switch|p2a: Slowking|Slowking-Galar, F|100/100|[from] U-turn
|move|p1a: Hatterene|Draining Kiss|p2a: Slowking
|-resisted|p2a: Slowking
|-damage|p2a: Slowking|94/100
|-heal|p1a: Hatterene|63/100|[from] drain|[of] p2a: Slowking
|
|upkeep
|turn|3
|
|t:|1760424424
|switch|p1a: Iron Treads|Iron Treads|100/100
|-enditem|p1a: Iron Treads|Booster Energy
|-activate|p1a: Iron Treads|ability: Quark Drive|[fromitem]
|-start|p1a: Iron Treads|quarkdriveatk
|move|p2a: Slowking|Flamethrower|p1a: Iron Treads
|-supereffective|p1a: Iron Treads
|-damage|p1a: Iron Treads|18/100
|
|upkeep
|turn|4
|
|t:|1760424451
|move|p1a: Iron Treads|Stealth Rock|p2a: Slowking
|-sidestart|p2: Prav33n|move: Stealth Rock
|move|p2a: Slowking|Flamethrower|p1a: Iron Treads
|-supereffective|p1a: Iron Treads
|-damage|p1a: Iron Treads|0 fnt
|faint|p1a: Iron Treads
|-end|p1a: Iron Treads|Quark Drive|[silent]
|
|upkeep
|
|t:|1760424457
|switch|p1a: Ceruledge|Ceruledge, M|100/100
|turn|5
|
|t:|1760424461
|switch|p2a: Hydreigon|Hydreigon, F|100/100
|-damage|p2a: Hydreigon|88/100|[from] Stealth Rock
|move|p1a: Ceruledge|Swords Dance|p1a: Ceruledge
|-boost|p1a: Ceruledge|atk|2
|
|upkeep
|turn|6
|
|t:|1760424476
|-terastallize|p1a: Ceruledge|Fairy
|move|p2a: Hydreigon|Dark Pulse|p1a: Ceruledge
|-resisted|p1a: Ceruledge
|-damage|p1a: Ceruledge|63/100
|move|p1a: Ceruledge|Swords Dance|p1a: Ceruledge
|-boost|p1a: Ceruledge|atk|2
|
|upkeep
|turn|7
|
|t:|1760424487
|move|p2a: Hydreigon|Dark Pulse|p1a: Ceruledge
|-resisted|p1a: Ceruledge
|-damage|p1a: Ceruledge|26/100
|move|p1a: Ceruledge|Bitter Blade|p2a: Hydreigon
|-resisted|p2a: Hydreigon
|-damage|p2a: Hydreigon|21/100
|-heal|p1a: Ceruledge|63/100|[from] drain|[of] p2a: Hydreigon
|
|upkeep
|turn|8
|
|t:|1760424493
|move|p1a: Ceruledge|Shadow Sneak|p2a: Hydreigon
|-resisted|p2a: Hydreigon
|-damage|p2a: Hydreigon|0 fnt
|faint|p2a: Hydreigon
|
|upkeep
|
|t:|1760424504
|switch|p2a: Ogerpon|Ogerpon-Wellspring, F|100/100
|-damage|p2a: Ogerpon|88/100|[from] Stealth Rock
|turn|9
|
|t:|1760424525
|switch|p1a: Dragonite|Dragonite, F|100/100
|move|p2a: Ogerpon|Ivy Cudgel|p1a: Dragonite|[anim] Ivy Cudgel Water
|-resisted|p1a: Dragonite
|-damage|p1a: Dragonite|86/100
|
|upkeep
|turn|10
|
|t:|1760424528
|move|p2a: Ogerpon|Play Rough|p1a: Dragonite|[miss]
|-miss|p2a: Ogerpon|p1a: Dragonite
|move|p1a: Dragonite|Dragon Dance|p1a: Dragonite
|-boost|p1a: Dragonite|atk|1
|-boost|p1a: Dragonite|spe|1
|
|upkeep
|turn|11
|
|t:|1760424531
|move|p1a: Dragonite|Scale Shot|p2a: Ogerpon
|-damage|p2a: Ogerpon|62/100
|-damage|p2a: Ogerpon|36/100
|-damage|p2a: Ogerpon|10/100
|-damage|p2a: Ogerpon|0 fnt
|faint|p2a: Ogerpon
|-hitcount|p2: Ogerpon|4
|-unboost|p1a: Dragonite|def|1
|-boost|p1a: Dragonite|spe|1
|
|upkeep
|
|t:|1760424535
|switch|p2a: Landorus|Landorus-Therian, M|100/100
|-damage|p2a: Landorus|88/100|[from] Stealth Rock
|-ability|p2a: Landorus|Intimidate|boost
|-unboost|p1a: Dragonite|atk|1
|turn|12
|
|t:|1760424541
|move|p1a: Dragonite|Dragon Dance|p1a: Dragonite
|-boost|p1a: Dragonite|atk|1
|-boost|p1a: Dragonite|spe|1
|move|p2a: Landorus|Stone Edge|p1a: Dragonite
|-supereffective|p1a: Dragonite
|-damage|p1a: Dragonite|0 fnt
|faint|p1a: Dragonite
|
|upkeep
|
|t:|1760424559
|switch|p1a: Ogerpon|Ogerpon-Wellspring, F|100/100
|turn|13
|
|t:|1760424567
|-terastallize|p2a: Landorus|Water
|move|p1a: Ogerpon|Swords Dance|p1a: Ogerpon
|-boost|p1a: Ogerpon|atk|2
|move|p2a: Landorus|U-turn|p1a: Ogerpon
|-supereffective|p1a: Ogerpon
|-damage|p1a: Ogerpon|38/100
|
|t:|1760424571
|switch|p2a: Cinderace|Cinderace, M|100/100|[from] U-turn
|
|upkeep
|turn|14
|
|t:|1760424576
|switch|p1a: Ceruledge|Ceruledge, M, tera:Fairy|63/100
|move|p2a: Cinderace|Pyro Ball|p1a: Ceruledge
|-damage|p1a: Ceruledge|0 fnt
|faint|p1a: Ceruledge
|
|upkeep
|
|t:|1760424579
|switch|p1a: Zamazenta|Zamazenta|100/100
|-ability|p1a: Zamazenta|Dauntless Shield|boost
|-boost|p1a: Zamazenta|def|1
|turn|15
|
|t:|1760424583
|move|p1a: Zamazenta|Stone Edge|p2a: Cinderace
|-supereffective|p2a: Cinderace
|-damage|p2a: Cinderace|3/100
|-damage|p1a: Zamazenta|91/100|[from] item: Life Orb
|move|p2a: Cinderace|Court Change|p2a: Cinderace
|-swapsideconditions
|-activate|p2a: Cinderace|move: Court Change
|
|upkeep
|turn|16
|
|t:|1760424591
|switch|p2a: Zamazenta|Zamazenta|100/100
|-ability|p2a: Zamazenta|Dauntless Shield|boost
|-boost|p2a: Zamazenta|def|1
|move|p1a: Zamazenta|Crunch|p2a: Zamazenta
|-resisted|p2a: Zamazenta
|-damage|p2a: Zamazenta|93/100
|-damage|p1a: Zamazenta|81/100|[from] item: Life Orb
|
|-heal|p2a: Zamazenta|99/100|[from] item: Leftovers
|upkeep
|turn|17
|
|t:|1760424606
|switch|p1a: Hatterene|Hatterene, F|63/100
|-damage|p1a: Hatterene|51/100|[from] Stealth Rock
|move|p2a: Zamazenta|Body Press|p1a: Hatterene
|-resisted|p1a: Hatterene
|-damage|p1a: Hatterene|36/100
|
|-heal|p2a: Zamazenta|100/100|[from] item: Leftovers
|upkeep
|turn|18
|
|t:|1760424618
|switch|p2a: Slowking|Slowking-Galar, F|100/100
|switch|p1a: Zamazenta|Zamazenta|81/100
|-damage|p1a: Zamazenta|75/100|[from] Stealth Rock
|
|upkeep
|turn|19
|
|t:|1760424623
|switch|p2a: Landorus|Landorus-Therian, M, tera:Water|88/100
|-ability|p2a: Landorus|Intimidate|boost
|-unboost|p1a: Zamazenta|atk|1
|move|p1a: Zamazenta|Crunch|p2a: Landorus
|-damage|p2a: Landorus|65/100
|-unboost|p2a: Landorus|def|1
|-damage|p1a: Zamazenta|58/100|[from] item: Rocky Helmet|[of] p2a: Landorus
|-damage|p1a: Zamazenta|48/100|[from] item: Life Orb
|
|upkeep
|turn|20
|
|t:|1760424627
|switch|p2a: Zamazenta|Zamazenta|100/100
|move|p1a: Zamazenta|Close Combat|p2a: Zamazenta
|-damage|p2a: Zamazenta|61/100
|-unboost|p1a: Zamazenta|def|1
|-unboost|p1a: Zamazenta|spd|1
|-damage|p1a: Zamazenta|38/100|[from] item: Life Orb
|
|-heal|p2a: Zamazenta|67/100|[from] item: Leftovers
|upkeep
|turn|21
|-message|dreepy airlines forfeited.
|
|win|Prav33n
|raw|dreepy airlines's rating: 1701 &rarr; <strong>1683</strong><br />(-18 for losing)
|raw|Prav33n's rating: 1744 &rarr; <strong>1762</strong><br />(+18 for winning)
|l|☆dreepy airlines
|player|p1|
