|j|☆MrCorph
|j|☆Katze 632
|t:|1760388446
|gametype|singles
|player|p1|MrCorph|1|1122
|player|p2|Katze 632|ingo|1167
|gen|9
|tier|[Gen 9] OU
|rated|
|rule|HP Percentage Mod: HP is shown in percentages
|rule|Endless Battle Clause: Forcing endless battles is banned
|rule|Species Clause: Limit one of each Pokémon
|rule|OHKO Clause: OHKO moves are banned
|rule|Evasion Items Clause: Evasion items are banned
|rule|Evasion Moves Clause: Evasion moves are banned
|rule|Evasion Abilities Clause: Evasion abilities are banned
|rule|Sleep Moves Clause: Sleep-inducing moves are banned
|clearpoke
|poke|p1|Gliscor, F|
|poke|p1|Iron Moth|
|poke|p1|Darkrai|
|poke|p1|Iron Hands|
|poke|p1|Forretress, F|
|poke|p1|Ogerpon-Wellspring, F|
|poke|p2|Ceruledge, F|
|poke|p2|Hatterene, F|
|poke|p2|Scizor, F|
|poke|p2|Samurott-Hisui, F|
|poke|p2|Tornadus-Therian, M|
|poke|p2|Weezing-Galar, F|
|teampreview
|inactive|Battle timer is ON: inactive players will automatically lose when time's up. (requested by Katze 632)
|
|t:|1760388465
|teamsize|p1|6
|teamsize|p2|6
|start
|switch|p1a: Ogerpon|Ogerpon-Wellspring, F|100/100
|switch|p2a: Elf bar|Weezing-Galar, F|100/100
|-ability|p2a: Elf bar|Neutralizing Gas
|turn|1
|
|t:|1760388478
|-end|p2a: Elf bar|ability: Neutralizing Gas
|switch|p2a: Green Beast|Tornadus-Therian, M|100/100
|move|p1a: Ogerpon|Knock Off|p2a: Green Beast
|-damage|p2a: Green Beast|52/100
|-enditem|p2a: Green Beast|Life Orb|[from] move: Knock Off|[of] p1a: Ogerpon
|
|upkeep
|turn|2
|
|t:|1760388494
|move|p2a: Green Beast|Nasty Plot|p2a: Green Beast
|-boost|p2a: Green Beast|spa|2
|move|p1a: Ogerpon|Ivy Cudgel|p2a: Green Beast|[anim] Ivy Cudgel Water
|-damage|p2a: Green Beast|0 fnt
|faint|p2a: Green Beast
|
|upkeep
|
|t:|1760388509
|switch|p2a: Pebble|Samurott-Hisui, F|100/100
|turn|3
|
|t:|1760388520
|move|p1a: Ogerpon|Horn Leech|p2a: Pebble
|-supereffective|p2a: Pebble
|-damage|p2a: Pebble|9/100
|move|p2a: Pebble|Ceaseless Edge|p1a: Ogerpon
|-damage|p1a: Ogerpon|50/100
|-sidestart|p1: MrCorph|Spikes
|
|upkeep
|turn|4
|inactive|Katze 632 has 120 seconds left.
|
|t:|1760388540
|move|p1a: Ogerpon|Knock Off|p2a: Pebble
|-resisted|p2a: Pebble
|-damage|p2a: Pebble|0 fnt
|-enditem|p2a: Pebble|Assault Vest|[from] move: Knock Off|[of] p1a: Ogerpon
|faint|p2a: Pebble
|
|upkeep
|inactive|Katze 632 has 120 seconds left.
|
|t:|1760388560
|switch|p2a: Soulvester|Ceruledge, F|100/100
|turn|5
|
|t:|1760388572
|move|p1a: Ogerpon|Ivy Cudgel|p2a: Soulvester|[anim] Ivy Cudgel Water
|-supereffective|p2a: Soulvester
|-crit|p2a: Soulvester
|-enditem|p2a: Soulvester|Focus Sash
|-damage|p2a: Soulvester|1/100
|-ability|p2a: Soulvester|Weak Armor|boost
|-unboost|p2a: Soulvester|def|1
|-boost|p2a: Soulvester|spe|2
|move|p2a: Soulvester|Swords Dance|p2a: Soulvester
|-boost|p2a: Soulvester|atk|2
|
|upkeep
|turn|6
|
|t:|1760388588
|move|p2a: Soulvester|Shadow Sneak|p1a: Ogerpon
|-damage|p1a: Ogerpon|0 fnt
|faint|p1a: Ogerpon
|
|upkeep
|
|t:|1760388594
|switch|p1a: Forretress|Forretress, F, shiny|100/100
|turn|7
|inactive|Katze 632 has 120 seconds left.
|
|t:|1760388603
|move|p2a: Soulvester|Bitter Blade|p1a: Forretress
|-supereffective|p1a: Forretress
|-ability|p1a: Forretress|Sturdy
|-damage|p1a: Forretress|1/100
|-heal|p2a: Soulvester|62/100|[from] drain|[of] p1a: Forretress
|move|p1a: Forretress|Gyro Ball|p2a: Soulvester
|-resisted|p2a: Soulvester
|-damage|p2a: Soulvester|13/100
|-ability|p2a: Soulvester|Weak Armor|boost
|-unboost|p2a: Soulvester|def|1
|-boost|p2a: Soulvester|spe|2
|
|upkeep
|turn|8
|inactive|Katze 632 has 120 seconds left.
|
|t:|1760388621
|move|p2a: Soulvester|Shadow Sneak|p1a: Forretress
|-damage|p1a: Forretress|0 fnt
|faint|p1a: Forretress
|
|upkeep
|
|t:|1760388629
|switch|p1a: Darkrai|Darkrai, shiny|100/100
|-damage|p1a: Darkrai|88/100|[from] Spikes
|turn|9
|inactive|Katze 632 has 120 seconds left.
|
|t:|1760388640
|move|p2a: Soulvester|Bitter Blade|p1a: Darkrai
|-damage|p1a: Darkrai|0 fnt
|-heal|p2a: Soulvester|55/100|[from] drain|[of] p1a: Darkrai
|faint|p1a: Darkrai
|
|upkeep
|
|t:|1760388647
|switch|p1a: Iron Moth|Iron Moth, shiny|100/100
|turn|10
|
|t:|1760388655
|move|p2a: Soulvester|Shadow Sneak|p1a: Iron Moth
|-damage|p1a: Iron Moth|34/100
|move|p1a: Iron Moth|Sludge Wave|p2a: Soulvester
|-resisted|p2a: Soulvester
|-damage|p2a: Soulvester|24/100
|
|upkeep
|turn|11
|
|t:|1760388661
|move|p2a: Soulvester|Shadow Sneak|p1a: Iron Moth
|-damage|p1a: Iron Moth|0 fnt
|faint|p1a: Iron Moth
|-end|p1a: Iron Moth|Quark Drive|[silent]
|
|upkeep
|inactive|MrCorph has 120 seconds left.
|
|t:|1760388693
|switch|p1a: Gliscor|Gliscor, F, shiny|100/100
|turn|12
|
|t:|1760388697
|move|p1a: Gliscor|Protect|p1a: Gliscor
|-singleturn|p1a: Gliscor|Protect
|move|p2a: Soulvester|Bitter Blade|p1a: Gliscor
|-activate|p1a: Gliscor|move: Protect
|
|-status|p1a: Gliscor|tox|[from] item: Toxic Orb
|upkeep
|turn|13
|
|t:|1760388705
|move|p2a: Soulvester|Bitter Blade|p1a: Gliscor
|-damage|p1a: Gliscor|30/100 tox
|-heal|p2a: Soulvester|67/100|[from] drain|[of] p1a: Gliscor
|move|p1a: Gliscor|Earthquake|p2a: Soulvester
|-supereffective|p2a: Soulvester
|-damage|p2a: Soulvester|0 fnt
|faint|p2a: Soulvester
|
|-heal|p1a: Gliscor|42/100 tox|[from] ability: Poison Heal
|upkeep
|
|t:|1760388710
|switch|p2a: Shrimpo|Scizor, F|100/100
|turn|14
|
|t:|1760388719
|move|p2a: Shrimpo|Bullet Punch|p1a: Gliscor
|-damage|p1a: Gliscor|0 fnt
|faint|p1a: Gliscor
|
|upkeep
|
|t:|1760388735
|switch|p1a: Iron Hands|Iron Hands, shiny|100/100
|-damage|p1a: Iron Hands|88/100|[from] Spikes
|-enditem|p1a: Iron Hands|Booster Energy
|-activate|p1a: Iron Hands|ability: Quark Drive|[fromitem]
|-start|p1a: Iron Hands|quarkdriveatk
|turn|15
|
|t:|1760388750
|move|p2a: Shrimpo|Bullet Punch|p1a: Iron Hands
|-resisted|p1a: Iron Hands
|-damage|p1a: Iron Hands|74/100
|move|p1a: Iron Hands|Fire Punch|p2a: Shrimpo
|-supereffective|p2a: Shrimpo
|-damage|p2a: Shrimpo|0 fnt
|faint|p2a: Shrimpo
|
|upkeep
|
|t:|1760388753
|switch|p2a: Bassie|Hatterene, F|100/100
|turn|16
|inactive|MrCorph has 120 seconds left.
|
|t:|1760388790
|-terastallize|p1a: Iron Hands|Ice
|move|p1a: Iron Hands|Supercell Slam|p2a: Bassie
|-damage|p2a: Bassie|40/100
|move|p2a: Bassie|Psychic Noise|p1a: Iron Hands
|-damage|p1a: Iron Hands|38/100
|-start|p1a: Iron Hands|move: Heal Block
|
|-heal|p2a: Bassie|46/100|[from] item: Leftovers
|upkeep
|turn|17
|inactive|MrCorph has 120 seconds left.
|
|t:|1760388813
|move|p1a: Iron Hands|Supercell Slam|p2a: Bassie
|-damage|p2a: Bassie|0 fnt
|faint|p2a: Bassie
|
|-end|p1a: Iron Hands|move: Heal Block
|upkeep
|
|t:|1760388820
|switch|p2a: Elf bar|Weezing-Galar, F|100/100
|-ability|p2a: Elf bar|Neutralizing Gas
|turn|18
|
|t:|1760388828
|move|p2a: Elf bar|Will-O-Wisp|p1a: Iron Hands
|-status|p1a: Iron Hands|brn
|move|p1a: Iron Hands|Supercell Slam|p2a: Elf bar
|-damage|p2a: Elf bar|84/100
|
|-damage|p1a: Iron Hands|32/100 brn|[from] brn
|upkeep
|turn|19
|inactive|MrCorph has 120 seconds left.
|
|t:|1760388852
|move|p2a: Elf bar|Strange Steam|p1a: Iron Hands
|-damage|p1a: Iron Hands|6/100 brn
|move|p1a: Iron Hands|Supercell Slam|p2a: Elf bar
|-damage|p2a: Elf bar|67/100
|
|-damage|p1a: Iron Hands|0 fnt|[from] brn
|faint|p1a: Iron Hands
|-end|p1a: Iron Hands|Quark Drive|[silent]
|
|win|Katze 632
|raw|MrCorph's rating: 1122 &rarr; <strong>1100</strong><br />(-22 for losing)
|raw|Katze 632's rating: 1167 &rarr; <strong>1189</strong><br />(+22 for winning)
|c|☆Katze 632|Gg
