|j|☆fleep vs floop
|j|☆ivon_neeeeeee
|t:|1760363664
|gametype|singles
|player|p1|fleep vs floop|candice|1643
|player|p2|ivon_neeeeeee|acetrainerf|1653
|gen|9
|tier|[Gen 9] OU
|rated|
|rule|HP Percentage Mod: HP is shown in percentages
|rule|Endless Battle Clause: Forcing endless battles is banned
|rule|Species Clause: Limit one of each Pokémon
|rule|OHKO Clause: OHKO moves are banned
|rule|Evasion Items Clause: Evasion items are banned
|rule|Evasion Moves Clause: Evasion moves are banned
|rule|Evasion Abilities Clause: Evasion abilities are banned
|rule|Sleep Moves Clause: Sleep-inducing moves are banned
|clearpoke
|poke|p1|Dragapult, F|
|poke|p1|Darkrai|
|poke|p1|Ogerpon-Wellspring, F|
|poke|p1|Samurott-Hisui, M|
|poke|p1|Pecharunt|
|poke|p1|Moltres|
|poke|p2|Iron Valiant|
|poke|p2|Klefki, F|
|poke|p2|Alomomola, M|
|poke|p2|Kingambit, M|
|poke|p2|Gliscor, M|
|poke|p2|Slowking-Galar, M|
|teampreview
|inactive|Battle timer is ON: inactive players will automatically lose when time's up. (requested by fleep vs floop)
|inactive|ivon_neeeeeee has 120 seconds left.
|
|t:|1760363700
|teamsize|p1|6
|teamsize|p2|6
|start
|switch|p1a: Darkrai|Darkrai|100/100
|switch|p2a: Klefki|Klefki, F|100/100
|turn|1
|
|t:|1760363707
|switch|p1a: Samurott|Samurott-Hisui, M|100/100
|move|p2a: Klefki|Spikes|p1a: Samurott
|-sidestart|p1: fleep vs floop|Spikes
|
|upkeep
|turn|2
|
|t:|1760363713
|switch|p2a: Iron Valiant|Iron Valiant|100/100
|move|p1a: Samurott|Ceaseless Edge|p2a: Iron Valiant
|-resisted|p2a: Iron Valiant
|-damage|p2a: Iron Valiant|86/100
|-sidestart|p2: ivon_neeeeeee|Spikes
|
|upkeep
|turn|3
|
|t:|1760363720
|switch|p1a: Moltres|Moltres|100/100
|move|p2a: Iron Valiant|Moonblast|p1a: Moltres
|-resisted|p1a: Moltres
|-damage|p1a: Moltres|72/100
|
|upkeep
|turn|4
|
|t:|1760363727
|move|p2a: Iron Valiant|Thunderbolt|p1a: Moltres
|-supereffective|p1a: Moltres
|-damage|p1a: Moltres|8/100
|move|p1a: Moltres|Will-O-Wisp|p2a: Iron Valiant
|-status|p2a: Iron Valiant|brn
|
|-damage|p2a: Iron Valiant|79/100 brn|[from] brn
|upkeep
|turn|5
|
|t:|1760363739
|switch|p1a: Pecharunt|Pecharunt|100/100
|-item|p1a: Pecharunt|Air Balloon
|move|p2a: Iron Valiant|Moonblast|p1a: Pecharunt
|-resisted|p1a: Pecharunt
|-damage|p1a: Pecharunt|74/100
|-enditem|p1a: Pecharunt|Air Balloon
|
|-damage|p2a: Iron Valiant|73/100 brn|[from] brn
|upkeep
|turn|6
|
|t:|1760363752
|-end|p2a: Iron Valiant|Quark Drive|[silent]
|switch|p2a: Klefki|Klefki, F|100/100
|-damage|p2a: Klefki|88/100|[from] Spikes
|move|p1a: Pecharunt|Recover|p1a: Pecharunt
|-heal|p1a: Pecharunt|100/100
|
|upkeep
|turn|7
|
|t:|1760363758
|switch|p1a: Samurott|Samurott-Hisui, M|100/100
|-damage|p1a: Samurott|88/100|[from] Spikes
|move|p2a: Klefki|Spikes|p1a: Samurott
|-sidestart|p1: fleep vs floop|Spikes
|
|upkeep
|turn|8
|
|t:|1760363764
|move|p2a: Klefki|Spikes|p1a: Samurott
|-sidestart|p1: fleep vs floop|Spikes
|move|p1a: Samurott|Ceaseless Edge|p2a: Klefki
|-resisted|p2a: Klefki
|-damage|p2a: Klefki|67/100
|-damage|p1a: Samurott|72/100|[from] item: Rocky Helmet|[of] p2a: Klefki
|-sidestart|p2: ivon_neeeeeee|Spikes
|
|upkeep
|turn|9
|
|t:|1760363776
|switch|p2a: Alomomola|Alomomola, M|100/100
|move|p1a: Samurott|Ceaseless Edge|p2a: Alomomola
|-damage|p2a: Alomomola|74/100
|-sidestart|p2: ivon_neeeeeee|Spikes
|
|upkeep
|turn|10
|
|t:|1760363783
|move|p1a: Samurott|Knock Off|p2a: Alomomola
|-damage|p2a: Alomomola|48/100
|-enditem|p2a: Alomomola|Heavy-Duty Boots|[from] move: Knock Off|[of] p1a: Samurott
|move|p2a: Alomomola|Wish|p2a: Alomomola
|
|upkeep
|turn|11
|
|t:|1760363788
|switch|p1a: Ogerpon|Ogerpon-Wellspring, F|100/100
|-damage|p1a: Ogerpon|76/100|[from] Spikes
|move|p2a: Alomomola|Flip Turn|p1a: Ogerpon
|-heal|p1a: Ogerpon|100/100|[from] ability: Water Absorb|[of] p2a: Alomomola
|
|-heal|p2a: Alomomola|98/100|[from] move: Wish|[wisher] Alomomola
|upkeep
|turn|12
|
|t:|1760363797
|switch|p2a: Klefki|Klefki, F|67/100
|-damage|p2a: Klefki|42/100|[from] Spikes
|move|p1a: Ogerpon|Swords Dance|p1a: Ogerpon
|-boost|p1a: Ogerpon|atk|2
|
|upkeep
|turn|13
|
|t:|1760363805
|move|p1a: Ogerpon|Ivy Cudgel|p2a: Klefki|[anim] Ivy Cudgel Water
|-crit|p2a: Klefki
|-damage|p2a: Klefki|0 fnt
|faint|p2a: Klefki
|
|upkeep
|
|t:|1760363811
|switch|p2a: Kingambit|Kingambit, M|100/100
|-damage|p2a: Kingambit|76/100|[from] Spikes
|-activate|p2a: Kingambit|ability: Supreme Overlord
|-start|p2a: Kingambit|fallen1|[silent]
|turn|14
|
|t:|1760363816
|-terastallize|p1a: Ogerpon|Water
|detailschange|p1a: Ogerpon|Ogerpon-Wellspring-Tera, F, tera:Water
|-ability|p1a: Ogerpon|Embody Aspect (Wellspring)|boost
|-boost|p1a: Ogerpon|spd|1
|move|p1a: Ogerpon|Ivy Cudgel|p2a: Kingambit|[anim] Ivy Cudgel Water
|-damage|p2a: Kingambit|0 fnt
|faint|p2a: Kingambit
|-end|p2a: Kingambit|fallen1|[silent]
|
|upkeep
|-message|ivon_neeeeeee forfeited.
|
|win|fleep vs floop
|raw|fleep vs floop's rating: 1643 &rarr; <strong>1664</strong><br />(+21 for winning)
|raw|ivon_neeeeeee's rating: 1653 &rarr; <strong>1632</strong><br />(-21 for losing)
|l|☆ivon_neeeeeee
|player|p2|
|l|☆fleep vs floop
|player|p1|
