|j|☆Palafin Paladin
|j|‽dwellingabyss
|t:|1760405639
|gametype|singles
|player|p1|Palafin Paladin|marlon|1317
|player|p2|dwellingabyss|102|1364
|gen|9
|tier|[Gen 9] OU
|rated|
|rule|HP Percentage Mod: HP is shown in percentages
|rule|Endless Battle Clause: Forcing endless battles is banned
|rule|Species Clause: Limit one of each Pokémon
|rule|OHKO Clause: OHKO moves are banned
|rule|Evasion Items Clause: Evasion items are banned
|rule|Evasion Moves Clause: Evasion moves are banned
|rule|Evasion Abilities Clause: Evasion abilities are banned
|rule|Sleep Moves Clause: Sleep-inducing moves are banned
|clearpoke
|poke|p1|Toxtricity, F|
|poke|p1|Barraskewda, M|
|poke|p1|Bellossom, F|
|poke|p1|Copperajah, M|
|poke|p1|Flygon, M|
|poke|p1|Hitmontop, M|
|poke|p2|Landorus-Therian, M|
|poke|p2|Gholdengo|
|poke|p2|Samurott-Hisui, M|
|poke|p2|Dragapult, F|
|poke|p2|Enamorus, F|
|poke|p2|Raging Bolt|
|teampreview
|inactive|Battle timer is ON: inactive players will automatically lose when time's up. (requested by Palafin Paladin)
|
|t:|1760405650
|teamsize|p1|6
|teamsize|p2|6
|start
|switch|p1a: Toxtricity|Toxtricity, F|100/100
|switch|p2a: Landorus|Landorus-Therian, M|100/100
|-ability|p2a: Landorus|Intimidate|boost
|-unboost|p1a: Toxtricity|atk|1
|turn|1
|
|t:|1760405657
|switch|p1a: Flygon|Flygon, M|100/100
|move|p2a: Landorus|Earthquake|p1a: Flygon
|-immune|p1a: Flygon|[from] ability: Levitate
|
|upkeep
|turn|2
|
|t:|1760405664
|move|p2a: Landorus|Stealth Rock|p1a: Flygon
|-sidestart|p1: Palafin Paladin|move: Stealth Rock
|move|p1a: Flygon|Dragon Dance|p1a: Flygon
|-boost|p1a: Flygon|atk|1
|-boost|p1a: Flygon|spe|1
|
|upkeep
|turn|3
|
|t:|1760405670
|move|p1a: Flygon|Dragon Dance|p1a: Flygon
|-boost|p1a: Flygon|atk|1
|-boost|p1a: Flygon|spe|1
|move|p2a: Landorus|Smack Down|p1a: Flygon
|-resisted|p1a: Flygon
|-damage|p1a: Flygon|89/100
|-start|p1a: Flygon|Smack Down
|
|upkeep
|turn|4
|
|t:|1760405679
|move|p1a: Flygon|Dragon Claw|p2a: Landorus
|-damage|p2a: Landorus|0 fnt
|-damage|p1a: Flygon|72/100|[from] item: Rocky Helmet|[of] p2a: Landorus
|faint|p2a: Landorus
|-damage|p1a: Flygon|62/100|[from] item: Life Orb
|
|upkeep
|
|t:|1760405684
|switch|p2a: Gholdengo|Gholdengo|100/100
|-item|p2a: Gholdengo|Air Balloon
|turn|5
|
|t:|1760405690
|move|p1a: Flygon|Fire Punch|p2a: Gholdengo
|-supereffective|p2a: Gholdengo
|-damage|p2a: Gholdengo|0 fnt
|-enditem|p2a: Gholdengo|Air Balloon
|faint|p2a: Gholdengo
|-damage|p1a: Flygon|52/100|[from] item: Life Orb
|
|upkeep
|
|t:|1760405698
|switch|p2a: Samurott|Samurott-Hisui, M|100/100
|turn|6
|
|t:|1760405701
|move|p2a: Samurott|Sucker Punch|p1a: Flygon
|-damage|p1a: Flygon|3/100
|move|p1a: Flygon|Earthquake|p2a: Samurott
|-damage|p2a: Samurott|0 fnt
|faint|p2a: Samurott
|-damage|p1a: Flygon|0 fnt|[from] item: Life Orb
|faint|p1a: Flygon
|
|upkeep
|
|t:|1760405714
|switch|p1a: Toxtricity|Toxtricity, F|100/100
|switch|p2a: Raging Bolt|Raging Bolt|100/100
|-damage|p1a: Toxtricity|88/100|[from] Stealth Rock
|turn|7
|
|t:|1760405718
|move|p1a: Toxtricity|Boomburst|p2a: Raging Bolt
|-damage|p2a: Raging Bolt|42/100
|move|p2a: Raging Bolt|Draco Meteor|p1a: Toxtricity
|-damage|p1a: Toxtricity|0 fnt
|-unboost|p2a: Raging Bolt|spa|2
|faint|p1a: Toxtricity
|
|upkeep
|
|t:|1760405726
|switch|p1a: Hitmontop|Hitmontop, M|100/100
|-damage|p1a: Hitmontop|94/100|[from] Stealth Rock
|turn|8
|
|t:|1760405729
|-end|p2a: Raging Bolt|Protosynthesis|[silent]
|switch|p2a: Dragapult|Dragapult, F|100/100
|move|p1a: Hitmontop|Triple Axel|p2a: Dragapult
|-supereffective|p2a: Dragapult
|-damage|p2a: Dragapult|76/100
|-supereffective|p2a: Dragapult
|-damage|p2a: Dragapult|30/100
|-supereffective|p2a: Dragapult
|-damage|p2a: Dragapult|0 fnt
|faint|p2a: Dragapult
|-hitcount|p2: Dragapult|3
|
|upkeep
|
|t:|1760405734
|switch|p2a: Enamorus|Enamorus, F|100/100
|turn|9
|c|☆Palafin Paladin|Gg
|
|t:|1760405740
|-terastallize|p1a: Hitmontop|Steel
|move|p2a: Enamorus|Moonblast|p1a: Hitmontop
|-resisted|p1a: Hitmontop
|-damage|p1a: Hitmontop|75/100
|move|p1a: Hitmontop|Triple Axel|p2a: Enamorus
|-supereffective|p2a: Enamorus
|-damage|p2a: Enamorus|74/100
|-supereffective|p2a: Enamorus
|-damage|p2a: Enamorus|11/100
|-supereffective|p2a: Enamorus
|-damage|p2a: Enamorus|0 fnt
|faint|p2a: Enamorus
|-hitcount|p2: Enamorus|3
|
|upkeep
|-message|dwellingabyss forfeited.
|
|win|Palafin Paladin
|raw|Palafin Paladin's rating: 1317 &rarr; <strong>1340</strong><br />(+23 for winning)
|raw|dwellingabyss's rating: 1364 &rarr; <strong>1341</strong><br />(-23 for losing)
|l|‽dwellingabyss
|player|p2|
|l|☆Palafin Paladin
|player|p1|
