|j|☆oficial matute
|j|☆stepdj_shade
|t:|1760382051
|gametype|singles
|player|p1|oficial matute|policeman|1185
|player|p2|stepdj_shade|266|1181
|gen|9
|tier|[Gen 9] OU
|rated|
|rule|HP Percentage Mod: HP is shown in percentages
|rule|Endless Battle Clause: Forcing endless battles is banned
|rule|Species Clause: Limit one of each Pokémon
|rule|OHKO Clause: OHKO moves are banned
|rule|Evasion Items Clause: Evasion items are banned
|rule|Evasion Moves Clause: Evasion moves are banned
|rule|Evasion Abilities Clause: Evasion abilities are banned
|rule|Sleep Moves Clause: Sleep-inducing moves are banned
|clearpoke
|poke|p1|Noivern, M|
|poke|p1|Tropius, M|
|poke|p1|Garchomp, M|
|poke|p1|Hydrapple, M|
|poke|p1|Torterra, M|
|poke|p1|Landorus-Therian, M|
|poke|p2|Hoopa-Unbound|
|poke|p2|Kyurem|
|poke|p2|Ceruledge, F|
|poke|p2|Dragapult, F|
|poke|p2|Iron Boulder|
|poke|p2|Ninetales-Alola, F|
|teampreview
|inactive|Battle timer is ON: inactive players will automatically lose when time's up. (requested by stepdj_shade)
|
|t:|1760382063
|teamsize|p1|6
|teamsize|p2|6
|start
|switch|p1a: 👁👅👁|Noivern, M|100/100
|switch|p2a: Kyurem|Kyurem|100/100
|-item|p2a: Kyurem|Choice Specs|[from] ability: Frisk|[of] p1a: 👁👅👁
|-ability|p2a: Kyurem|Pressure
|turn|1
|
|t:|1760382086
|-terastallize|p2a: Kyurem|Ice
|move|p1a: 👁👅👁|Switcheroo|p2a: Kyurem
|-activate|p1a: 👁👅👁|move: Trick|[of] p2a: Kyurem
|-item|p2a: Kyurem|Choice Scarf|[from] move: Switcheroo
|-item|p1a: 👁👅👁|Choice Specs|[from] move: Switcheroo
|move|p2a: Kyurem|Ice Beam|p1a: 👁👅👁
|-supereffective|p1a: 👁👅👁
|-damage|p1a: 👁👅👁|0 fnt
|faint|p1a: 👁👅👁
|
|upkeep
|
|t:|1760382096
|switch|p1a: 👁🐽👁|Tropius, M, shiny|100/100
|turn|2
|
|t:|1760382101
|-terastallize|p1a: 👁🐽👁|Ghost
|move|p2a: Kyurem|Ice Beam|p1a: 👁🐽👁
|-damage|p1a: 👁🐽👁|59/100
|move|p1a: 👁🐽👁|Leech Seed|p2a: Kyurem
|-start|p2a: Kyurem|move: Leech Seed
|
|-damage|p2a: Kyurem|88/100|[from] Leech Seed|[of] p1a: 👁🐽👁
|-heal|p1a: 👁🐽👁|71/100|[silent]
|upkeep
|turn|3
|
|t:|1760382111
|switch|p2a: Ninetales|Ninetales-Alola, F|100/100
|-weather|Snowscape|[from] ability: Snow Warning|[of] p2a: Ninetales
|move|p1a: 👁🐽👁|Leech Seed|p2a: Ninetales
|-start|p2a: Ninetales|move: Leech Seed
|
|-weather|Snowscape|[upkeep]
|-damage|p2a: Ninetales|88/100|[from] Leech Seed|[of] p1a: 👁🐽👁
|-heal|p1a: 👁🐽👁|81/100|[silent]
|upkeep
|turn|4
|
|t:|1760382130
|move|p1a: 👁🐽👁|Protect|p1a: 👁🐽👁
|-singleturn|p1a: 👁🐽👁|Protect
|move|p2a: Ninetales|Aurora Veil|p2a: Ninetales
|-sidestart|p2: stepdj_shade|move: Aurora Veil
|
|-weather|Snowscape|[upkeep]
|-damage|p2a: Ninetales|76/100|[from] Leech Seed|[of] p1a: 👁🐽👁
|-heal|p1a: 👁🐽👁|92/100|[silent]
|upkeep
|turn|5
|
|t:|1760382138
|switch|p2a: Hoopa|Hoopa-Unbound|100/100
|move|p1a: 👁🐽👁|Leech Seed|p2a: Hoopa
|-start|p2a: Hoopa|move: Leech Seed
|
|-weather|Snowscape|[upkeep]
|-damage|p2a: Hoopa|88/100|[from] Leech Seed|[of] p1a: 👁🐽👁
|-heal|p1a: 👁🐽👁|100/100|[silent]
|upkeep
|turn|6
|
|t:|1760382147
|switch|p1a: 👁👃👁|Landorus-Therian, M|100/100
|-ability|p1a: 👁👃👁|Intimidate|boost
|-unboost|p2a: Hoopa|atk|1
|move|p2a: Hoopa|Dark Pulse|p1a: 👁👃👁
|-damage|p1a: 👁👃👁|51/100
|
|-weather|Snowscape|[upkeep]
|-damage|p2a: Hoopa|76/100|[from] Leech Seed|[of] p1a: 👁👃👁
|-heal|p1a: 👁👃👁|63/100|[silent]
|upkeep
|turn|7
|
|t:|1760382157
|move|p1a: 👁👃👁|Stealth Rock|p2a: Hoopa
|-sidestart|p2: stepdj_shade|move: Stealth Rock
|move|p2a: Hoopa|Psychic Noise|p1a: 👁👃👁
|-damage|p1a: 👁👃👁|15/100
|-start|p1a: 👁👃👁|move: Heal Block
|
|-weather|none
|-damage|p2a: Hoopa|63/100|[from] Leech Seed|[of] p1a: 👁👃👁
|upkeep
|turn|8
|
|t:|1760382167
|move|p1a: 👁👃👁|U-turn|p2a: Hoopa
|-supereffective|p2a: Hoopa
|-damage|p2a: Hoopa|21/100
|
|t:|1760382172
|switch|p1a: 👁👄👁|Hydrapple, M|100/100|[from] U-turn
|move|p2a: Hoopa|Psychic Noise|p1a: 👁👄👁
|-damage|p1a: 👁👄👁|72/100
|-start|p1a: 👁👄👁|move: Heal Block
|
|-damage|p2a: Hoopa|8/100|[from] Leech Seed|[of] p1a: 👁👄👁
|upkeep
|turn|9
|
|t:|1760382187
|move|p2a: Hoopa|Gunk Shot|p1a: 👁👄👁|[miss]
|-miss|p2a: Hoopa|p1a: 👁👄👁
|move|p1a: 👁👄👁|Dragon Breath|p2a: Hoopa
|-damage|p2a: Hoopa|0 fnt
|faint|p2a: Hoopa
|
|-end|p1a: 👁👄👁|move: Heal Block
|upkeep
|
|t:|1760382199
|switch|p2a: Ceruledge|Ceruledge, F|100/100
|-damage|p2a: Ceruledge|76/100|[from] Stealth Rock
|turn|10
|
|t:|1760382208
|switch|p1a: 👁🫦👁|Garchomp, M|100/100
|move|p2a: Ceruledge|Bitter Blade|p1a: 👁🫦👁
|-resisted|p1a: 👁🫦👁
|-damage|p1a: 👁🫦👁|79/100
|-heal|p2a: Ceruledge|89/100|[from] drain|[of] p1a: 👁🫦👁
|-damage|p2a: Ceruledge|77/100|[from] ability: Rough Skin|[of] p1a: 👁🫦👁
|
|upkeep
|turn|11
|
|t:|1760382223
|move|p1a: 👁🫦👁|Scale Shot|p2a: Ceruledge
|-damage|p2a: Ceruledge|68/100
|-ability|p2a: Ceruledge|Weak Armor|boost
|-unboost|p2a: Ceruledge|def|1
|-boost|p2a: Ceruledge|spe|2
|-damage|p2a: Ceruledge|53/100
|-ability|p2a: Ceruledge|Weak Armor|boost
|-unboost|p2a: Ceruledge|def|1
|-boost|p2a: Ceruledge|spe|2
|-damage|p2a: Ceruledge|35/100
|-ability|p2a: Ceruledge|Weak Armor|boost
|-unboost|p2a: Ceruledge|def|1
|-boost|p2a: Ceruledge|spe|2
|-damage|p2a: Ceruledge|14/100
|-ability|p2a: Ceruledge|Weak Armor|boost
|-unboost|p2a: Ceruledge|def|1
|-damage|p2a: Ceruledge|0 fnt
|faint|p2a: Ceruledge
|-hitcount|p2: Ceruledge|5
|-unboost|p1a: 👁🫦👁|def|1
|-boost|p1a: 👁🫦👁|spe|1
|
|-sideend|p2: stepdj_shade|move: Aurora Veil
|upkeep
|
|t:|1760382242
|switch|p2a: Ninetales|Ninetales-Alola, F|76/100
|-damage|p2a: Ninetales|51/100|[from] Stealth Rock
|-weather|Snowscape|[from] ability: Snow Warning|[of] p2a: Ninetales
|turn|12
|
|t:|1760382247
|move|p1a: 👁🫦👁|Earthquake|p2a: Ninetales
|-damage|p2a: Ninetales|7/100
|move|p2a: Ninetales|Aurora Veil|p2a: Ninetales
|-sidestart|p2: stepdj_shade|move: Aurora Veil
|
|-weather|Snowscape|[upkeep]
|upkeep
|turn|13
|
|t:|1760382259
|move|p1a: 👁🫦👁|Earthquake|p2a: Ninetales
|-damage|p2a: Ninetales|0 fnt
|faint|p2a: Ninetales
|
|-weather|Snowscape|[upkeep]
|upkeep
|
|t:|1760382266
|switch|p2a: Kyurem|Kyurem, tera:Ice|88/100
|-damage|p2a: Kyurem|63/100|[from] Stealth Rock
|-ability|p2a: Kyurem|Pressure
|turn|14
|
|t:|1760382274
|switch|p1a: 👁🐽👁|Tropius, M, shiny, tera:Ghost|100/100
|move|p2a: Kyurem|Ice Beam|p1a: 👁🐽👁
|-damage|p1a: 👁🐽👁|59/100
|
|-weather|Snowscape|[upkeep]
|upkeep
|turn|15
|
|t:|1760382282
|move|p2a: Kyurem|Ice Beam|p1a: 👁🐽👁
|-damage|p1a: 👁🐽👁|19/100
|-status|p1a: 👁🐽👁|frz
|-enditem|p1a: 👁🐽👁|Sitrus Berry|[eat]
|-heal|p1a: 👁🐽👁|44/100 frz|[from] item: Sitrus Berry
|cant|p1a: 👁🐽👁|frz
|
|-weather|Snowscape|[upkeep]
|upkeep
|turn|16
|
|t:|1760382292
|cant|p1a: 👁🐽👁|frz
|move|p2a: Kyurem|Ice Beam|p1a: 👁🐽👁
|-damage|p1a: 👁🐽👁|0 fnt
|faint|p1a: 👁🐽👁
|
|-weather|none
|upkeep
|
|t:|1760382302
|switch|p1a: 👁🫦👁|Garchomp, M|79/100
|turn|17
|
|t:|1760382306
|move|p2a: Kyurem|Ice Beam|p1a: 👁🫦👁
|-supereffective|p1a: 👁🫦👁
|-damage|p1a: 👁🫦👁|0 fnt
|faint|p1a: 👁🫦👁
|
|upkeep
|
|t:|1760382314
|switch|p1a: 👁💋👁|Torterra, M|100/100
|turn|18
|
|t:|1760382317
|move|p2a: Kyurem|Ice Beam|p1a: 👁💋👁
|-supereffective|p1a: 👁💋👁
|-enditem|p1a: 👁💋👁|Focus Sash
|-damage|p1a: 👁💋👁|1/100
|move|p1a: 👁💋👁|Wood Hammer|p2a: Kyurem
|-damage|p2a: Kyurem|19/100
|-damage|p1a: 👁💋👁|0 fnt|[from] Recoil
|faint|p1a: 👁💋👁
|
|upkeep
|-message|oficial matute forfeited.
|
|win|stepdj_shade
|raw|oficial matute's rating: 1185 &rarr; <strong>1160</strong><br />(-25 for losing)
|raw|stepdj_shade's rating: 1181 &rarr; <strong>1206</strong><br />(+25 for winning)
|l|☆oficial matute
|player|p1|
|l|☆stepdj_shade
|player|p2|
