|j|☆lpdfwfwfw
|j|☆wqqwwqeqewewq
|t:|1760362167
|gametype|singles
|player|p1|lpdfwfwfw|265|1093
|player|p2|wqqwwqeqewewq|ethan|1045
|gen|9
|tier|[Gen 9] OU
|rated|
|rule|HP Percentage Mod: HP is shown in percentages
|rule|Endless Battle Clause: Forcing endless battles is banned
|rule|Species Clause: Limit one of each Pokémon
|rule|OHKO Clause: OHKO moves are banned
|rule|Evasion Items Clause: Evasion items are banned
|rule|Evasion Moves Clause: Evasion moves are banned
|rule|Evasion Abilities Clause: Evasion abilities are banned
|rule|Sleep Moves Clause: Sleep-inducing moves are banned
|clearpoke
|poke|p1|Dondozo, F|
|poke|p1|Blissey, F|
|poke|p1|Corviknight, M|
|poke|p1|Weezing-Galar, F|
|poke|p1|Gliscor, M|
|poke|p1|Toxapex, M|
|poke|p2|Okidogi, M|
|poke|p2|Rillaboom, F|
|poke|p2|Latias, F|
|poke|p2|Landorus-Therian, M|
|poke|p2|Zamazenta-*|
|poke|p2|Primarina, M|
|teampreview
|
|t:|1760362178
|teamsize|p1|6
|teamsize|p2|6
|start
|switch|p1a: Corviknight|Corviknight, M|100/100
|switch|p2a: Okidogi|Okidogi, M|100/100
|-ability|p1a: Corviknight|Pressure
|turn|1
|
|t:|1760362190
|switch|p2a: Landorus|Landorus-Therian, M|100/100
|-ability|p2a: Landorus|Intimidate|boost
|-unboost|p1a: Corviknight|atk|1
|move|p1a: Corviknight|Iron Defense|p1a: Corviknight
|-boost|p1a: Corviknight|def|2
|
|upkeep
|turn|2
|
|t:|1760362200
|switch|p2a: Primarina|Primarina, M|100/100
|move|p1a: Corviknight|Body Press|p2a: Primarina
|-resisted|p2a: Primarina
|-damage|p2a: Primarina|67/100
|
|upkeep
|turn|3
|
|t:|1760362214
|switch|p1a: Blissey|Blissey, F|100/100
|move|p2a: Primarina|Surf|p1a: Blissey
|-damage|p1a: Blissey|85/100
|
|-heal|p1a: Blissey|92/100|[from] item: Leftovers
|upkeep
|turn|4
|
|t:|1760362224
|move|p2a: Primarina|Flip Turn|p1a: Blissey
|-damage|p1a: Blissey|74/100
|
|t:|1760362227
|switch|p2a: Landorus|Landorus-Therian, M|100/100|[from] Flip Turn
|-ability|p2a: Landorus|Intimidate|boost
|-unboost|p1a: Blissey|atk|1
|move|p1a: Blissey|Stealth Rock|p2a: Landorus
|-sidestart|p2: wqqwwqeqewewq|move: Stealth Rock
|
|-heal|p1a: Blissey|81/100|[from] item: Leftovers
|upkeep
|turn|5
|
|t:|1760362243
|switch|p1a: Gliscor|Gliscor, M|100/100
|move|p2a: Landorus|Stealth Rock|p1a: Gliscor
|-sidestart|p1: lpdfwfwfw|move: Stealth Rock
|
|-status|p1a: Gliscor|tox|[from] item: Toxic Orb
|upkeep
|turn|6
|
|t:|1760362253
|move|p2a: Landorus|U-turn|p1a: Gliscor
|-resisted|p1a: Gliscor
|-damage|p1a: Gliscor|92/100 tox
|
|t:|1760362257
|switch|p2a: Okidogi|Okidogi, M|100/100|[from] U-turn
|-damage|p2a: Okidogi|94/100|[from] Stealth Rock
|move|p1a: Gliscor|Knock Off|p2a: Okidogi
|-resisted|p2a: Okidogi
|-damage|p2a: Okidogi|86/100
|-enditem|p2a: Okidogi|Assault Vest|[from] move: Knock Off|[of] p1a: Gliscor
|
|-heal|p1a: Gliscor|100/100 tox|[from] ability: Poison Heal
|upkeep
|turn|7
|
|t:|1760362276
|switch|p1a: Corviknight|Corviknight, M|100/100
|-damage|p1a: Corviknight|88/100|[from] Stealth Rock
|-ability|p1a: Corviknight|Pressure
|move|p2a: Okidogi|Knock Off|p1a: Corviknight
|-damage|p1a: Corviknight|66/100
|-enditem|p1a: Corviknight|Leftovers|[from] move: Knock Off|[of] p2a: Okidogi
|
|upkeep
|turn|8
|
|t:|1760362290
|move|p2a: Okidogi|Drain Punch|p1a: Corviknight
|-crit|p1a: Corviknight
|-damage|p1a: Corviknight|30/100
|-heal|p2a: Okidogi|100/100|[from] drain|[of] p1a: Corviknight
|move|p1a: Corviknight|Roost|p1a: Corviknight
|-heal|p1a: Corviknight|80/100
|-singleturn|p1a: Corviknight|move: Roost
|
|upkeep
|turn|9
|
|t:|1760362315
|switch|p2a: Primarina|Primarina, M|67/100
|-damage|p2a: Primarina|55/100|[from] Stealth Rock
|move|p1a: Corviknight|Iron Defense|p1a: Corviknight
|-boost|p1a: Corviknight|def|2
|
|upkeep
|turn|10
|
|t:|1760362326
|switch|p1a: Blissey|Blissey, F|81/100
|-damage|p1a: Blissey|68/100|[from] Stealth Rock
|move|p2a: Primarina|Surf|p1a: Blissey
|-damage|p1a: Blissey|53/100
|
|-heal|p1a: Blissey|59/100|[from] item: Leftovers
|upkeep
|turn|11
|
|t:|1760362338
|move|p2a: Primarina|Flip Turn|p1a: Blissey
|-damage|p1a: Blissey|44/100
|
|t:|1760362341
|switch|p2a: Okidogi|Okidogi, M|100/100|[from] Flip Turn
|-damage|p2a: Okidogi|94/100|[from] Stealth Rock
|move|p1a: Blissey|Soft-Boiled|p1a: Blissey
|-heal|p1a: Blissey|94/100
|
|-heal|p1a: Blissey|100/100|[from] item: Leftovers
|upkeep
|turn|12
|
|t:|1760362357
|switch|p1a: Corviknight|Corviknight, M|80/100
|-damage|p1a: Corviknight|67/100|[from] Stealth Rock
|-ability|p1a: Corviknight|Pressure
|move|p2a: Okidogi|Drain Punch|p1a: Corviknight
|-damage|p1a: Corviknight|43/100
|-heal|p2a: Okidogi|100/100|[from] drain|[of] p1a: Corviknight
|
|upkeep
|turn|13
|
|t:|1760362369
|switch|p2a: Primarina|Primarina, M|55/100
|-damage|p2a: Primarina|43/100|[from] Stealth Rock
|move|p1a: Corviknight|Roost|p1a: Corviknight
|-heal|p1a: Corviknight|93/100
|-singleturn|p1a: Corviknight|move: Roost
|
|upkeep
|turn|14
|
|t:|1760362389
|switch|p1a: Blissey|Blissey, F|100/100
|-damage|p1a: Blissey|88/100|[from] Stealth Rock
|move|p2a: Primarina|Surf|p1a: Blissey
|-damage|p1a: Blissey|73/100
|
|-heal|p1a: Blissey|79/100|[from] item: Leftovers
|upkeep
|turn|15
|
|t:|1760362399
|move|p2a: Primarina|Flip Turn|p1a: Blissey
|-damage|p1a: Blissey|62/100
|
|t:|1760362410
|switch|p2a: Okidogi|Okidogi, M|100/100|[from] Flip Turn
|-damage|p2a: Okidogi|94/100|[from] Stealth Rock
|move|p1a: Blissey|Seismic Toss|p2a: Okidogi
|-damage|p2a: Okidogi|68/100
|
|-heal|p1a: Blissey|69/100|[from] item: Leftovers
|upkeep
|turn|16
|
|t:|1760362424
|switch|p1a: Corviknight|Corviknight, M|93/100
|-damage|p1a: Corviknight|80/100|[from] Stealth Rock
|-ability|p1a: Corviknight|Pressure
|move|p2a: Okidogi|Drain Punch|p1a: Corviknight
|-damage|p1a: Corviknight|55/100
|-heal|p2a: Okidogi|81/100|[from] drain|[of] p1a: Corviknight
|
|upkeep
|turn|17
|
|t:|1760362436
|move|p2a: Okidogi|Drain Punch|p1a: Corviknight
|-damage|p1a: Corviknight|31/100
|-heal|p2a: Okidogi|94/100|[from] drain|[of] p1a: Corviknight
|move|p1a: Corviknight|Roost|p1a: Corviknight
|-heal|p1a: Corviknight|81/100
|-singleturn|p1a: Corviknight|move: Roost
|
|upkeep
|turn|18
|
|t:|1760362453
|move|p2a: Okidogi|Drain Punch|p1a: Corviknight
|-damage|p1a: Corviknight|56/100
|-heal|p2a: Okidogi|100/100|[from] drain|[of] p1a: Corviknight
|move|p1a: Corviknight|Brave Bird|p2a: Okidogi
|-supereffective|p2a: Okidogi
|-damage|p2a: Okidogi|38/100
|-damage|p1a: Corviknight|37/100|[from] Recoil
|
|upkeep
|turn|19
|
|t:|1760362468
|switch|p1a: Toxapex|Toxapex, M|100/100
|-damage|p1a: Toxapex|88/100|[from] Stealth Rock
|move|p2a: Okidogi|Drain Punch|p1a: Toxapex
|-resisted|p1a: Toxapex
|-damage|p1a: Toxapex|73/100
|-heal|p2a: Okidogi|45/100|[from] drain|[of] p1a: Toxapex
|
|-heal|p1a: Toxapex|79/100|[from] item: Leftovers
|upkeep
|turn|20
|
|t:|1760362481
|move|p1a: Toxapex|Baneful Bunker|p1a: Toxapex
|-singleturn|p1a: Toxapex|move: Protect
|move|p2a: Okidogi|Knock Off|p1a: Toxapex
|-activate|p1a: Toxapex|move: Protect
|
|-heal|p1a: Toxapex|85/100|[from] item: Leftovers
|upkeep
|turn|21
|
|t:|1760362493
|move|p2a: Okidogi|Knock Off|p1a: Toxapex
|-damage|p1a: Toxapex|57/100
|-enditem|p1a: Toxapex|Leftovers|[from] move: Knock Off|[of] p2a: Okidogi
|move|p1a: Toxapex|Toxic Spikes|p2a: Okidogi
|-sidestart|p2: wqqwwqeqewewq|move: Toxic Spikes
|
|upkeep
|turn|22
|
|t:|1760362512
|switch|p2a: Rillaboom|Rillaboom, F|100/100
|-damage|p2a: Rillaboom|88/100|[from] Stealth Rock
|-status|p2a: Rillaboom|psn
|-fieldstart|move: Grassy Terrain|[from] ability: Grassy Surge|[of] p2a: Rillaboom
|move|p1a: Toxapex|Baneful Bunker||[still]
|-fail|p1a: Toxapex
|
|-heal|p2a: Rillaboom|94/100 psn|[from] Grassy Terrain
|-heal|p1a: Toxapex|63/100|[from] Grassy Terrain
|-damage|p2a: Rillaboom|82/100 psn|[from] psn
|upkeep
|turn|23
|
|t:|1760362545
|switch|p2a: Okidogi|Okidogi, M|45/100
|-damage|p2a: Okidogi|38/100|[from] Stealth Rock
|-sideend|p2: wqqwwqeqewewq|move: Toxic Spikes|[of] p2a: Okidogi
|-terastallize|p1a: Toxapex|Steel
|move|p1a: Toxapex|Toxic|p2a: Okidogi|[miss]
|-miss|p1a: Toxapex|p2a: Okidogi
|
|-heal|p2a: Okidogi|45/100|[from] Grassy Terrain
|-heal|p1a: Toxapex|69/100|[from] Grassy Terrain
|upkeep
|turn|24
|
|t:|1760362559
|move|p1a: Toxapex|Baneful Bunker|p1a: Toxapex
|-singleturn|p1a: Toxapex|move: Protect
|move|p2a: Okidogi|Drain Punch|p1a: Toxapex
|-activate|p1a: Toxapex|move: Protect
|
|-heal|p2a: Okidogi|51/100|[from] Grassy Terrain
|-heal|p1a: Toxapex|75/100|[from] Grassy Terrain
|upkeep
|turn|25
|
|t:|1760362578
|move|p2a: Okidogi|Ice Punch|p1a: Toxapex
|-resisted|p1a: Toxapex
|-damage|p1a: Toxapex|65/100
|move|p1a: Toxapex|Toxic Spikes|p2a: Okidogi
|-sidestart|p2: wqqwwqeqewewq|move: Toxic Spikes
|
|-heal|p2a: Okidogi|57/100|[from] Grassy Terrain
|-heal|p1a: Toxapex|72/100|[from] Grassy Terrain
|upkeep
|turn|26
|
|t:|1760362593
|move|p2a: Okidogi|Knock Off|p1a: Toxapex
|-damage|p1a: Toxapex|54/100
|move|p1a: Toxapex|Toxic|p2a: Okidogi
|-immune|p2a: Okidogi
|
|-heal|p2a: Okidogi|63/100|[from] Grassy Terrain
|-heal|p1a: Toxapex|60/100|[from] Grassy Terrain
|-fieldend|move: Grassy Terrain
|upkeep
|turn|27
|
|t:|1760362620
|switch|p1a: Gliscor|Gliscor, M|100/100 tox
|-damage|p1a: Gliscor|88/100 tox|[from] Stealth Rock
|move|p2a: Okidogi|Knock Off|p1a: Gliscor
|-damage|p1a: Gliscor|57/100 tox
|-enditem|p1a: Gliscor|Toxic Orb|[from] move: Knock Off|[of] p2a: Okidogi
|
|-heal|p1a: Gliscor|70/100 tox|[from] ability: Poison Heal
|upkeep
|turn|28
|
|t:|1760362633
|move|p1a: Gliscor|Protect|p1a: Gliscor
|-singleturn|p1a: Gliscor|Protect
|move|p2a: Okidogi|Ice Punch|p1a: Gliscor
|-activate|p1a: Gliscor|move: Protect
|
|-heal|p1a: Gliscor|82/100 tox|[from] ability: Poison Heal
|upkeep
|turn|29
|
|t:|1760362656
|switch|p1a: Weezing|Weezing-Galar, F|100/100
|-ability|p1a: Weezing|Neutralizing Gas
|move|p2a: Okidogi|Ice Punch|p1a: Weezing
|-damage|p1a: Weezing|81/100
|
|upkeep
|turn|30
|
|t:|1760362667
|move|p2a: Okidogi|Knock Off|p1a: Weezing
|-resisted|p1a: Weezing
|-damage|p1a: Weezing|69/100
|-enditem|p1a: Weezing|Heavy-Duty Boots|[from] move: Knock Off|[of] p2a: Okidogi
|move|p1a: Weezing|Will-O-Wisp|p2a: Okidogi
|-status|p2a: Okidogi|brn
|
|-damage|p2a: Okidogi|57/100 brn|[from] brn
|upkeep
|turn|31
|
|t:|1760362683
|switch|p2a: Rillaboom|Rillaboom, F|82/100 psn
|-damage|p2a: Rillaboom|70/100 psn|[from] Stealth Rock
|move|p1a: Weezing|Strange Steam|p2a: Rillaboom|[miss]
|-miss|p1a: Weezing|p2a: Rillaboom
|
|-damage|p2a: Rillaboom|57/100 psn|[from] psn
|upkeep
|turn|32
|
|t:|1760362694
|switch|p2a: Landorus|Landorus-Therian, M|100/100
|-damage|p2a: Landorus|88/100|[from] Stealth Rock
|move|p1a: Weezing|Pain Split|p2a: Landorus
|-sethp|p2a: Landorus|74/100|[from] move: Pain Split|[silent]
|-sethp|p1a: Weezing|85/100|[from] move: Pain Split
|
|upkeep
|turn|33
|
|t:|1760362710
|-end|p1a: Weezing|ability: Neutralizing Gas
|-ability|p2a: Landorus|Intimidate|boost
|-unboost|p1a: Weezing|atk|1
|switch|p1a: Corviknight|Corviknight, M|37/100
|-damage|p1a: Corviknight|24/100|[from] Stealth Rock
|-ability|p1a: Corviknight|Pressure
|move|p2a: Landorus|U-turn|p1a: Corviknight
|-resisted|p1a: Corviknight
|-damage|p1a: Corviknight|21/100
|
|t:|1760362727
|switch|p2a: Primarina|Primarina, M|43/100|[from] U-turn
|-damage|p2a: Primarina|30/100|[from] Stealth Rock
|-status|p2a: Primarina|psn
|
|-damage|p2a: Primarina|18/100 psn|[from] psn
|upkeep
|turn|34
|
|t:|1760362739
|move|p2a: Primarina|Surf|p1a: Corviknight
|-damage|p1a: Corviknight|0 fnt
|faint|p1a: Corviknight
|
|-damage|p2a: Primarina|5/100 psn|[from] psn
|upkeep
|
|t:|1760362751
|switch|p1a: Toxapex|Toxapex, M, tera:Steel|93/100
|-damage|p1a: Toxapex|87/100|[from] Stealth Rock
|turn|35
|
|t:|1760362760
|switch|p2a: Rillaboom|Rillaboom, F|57/100 psn
|-damage|p2a: Rillaboom|45/100 psn|[from] Stealth Rock
|-fieldstart|move: Grassy Terrain|[from] ability: Grassy Surge|[of] p2a: Rillaboom
|move|p1a: Toxapex|Baneful Bunker||[still]
|-fail|p1a: Toxapex
|
|-heal|p2a: Rillaboom|51/100 psn|[from] Grassy Terrain
|-heal|p1a: Toxapex|93/100|[from] Grassy Terrain
|-damage|p2a: Rillaboom|39/100 psn|[from] psn
|upkeep
|turn|36
|
|t:|1760362788
|switch|p2a: Primarina|Primarina, M|5/100 psn
|-damage|p2a: Primarina|0 fnt|[from] Stealth Rock
|faint|p2a: Primarina
|move|p1a: Toxapex|Baneful Bunker||[still]
|-fail|p1a: Toxapex
|
|-heal|p1a: Toxapex|99/100|[from] Grassy Terrain
|upkeep
|
|t:|1760362797
|switch|p2a: Latias|Latias, F|100/100
|-damage|p2a: Latias|88/100|[from] Stealth Rock
|-enditem|p2a: Latias|Grassy Seed
|-boost|p2a: Latias|def|1|[from] item: Grassy Seed
|turn|37
|
|t:|1760362807
|-terastallize|p2a: Latias|Poison
|move|p2a: Latias|Calm Mind|p2a: Latias
|-boost|p2a: Latias|spa|1
|-boost|p2a: Latias|spd|1
|move|p1a: Toxapex|Toxic|p2a: Latias
|-immune|p2a: Latias
|
|-heal|p1a: Toxapex|100/100|[from] Grassy Terrain
|upkeep
|turn|38
|
|t:|1760362819
|move|p2a: Latias|Aura Sphere|p1a: Toxapex
|-supereffective|p1a: Toxapex
|-damage|p1a: Toxapex|59/100
|move|p1a: Toxapex|Haze|p1a: Toxapex
|-clearallboost
|
|-heal|p1a: Toxapex|65/100|[from] Grassy Terrain
|upkeep
|turn|39
|
|t:|1760362830
|switch|p1a: Blissey|Blissey, F|69/100
|-damage|p1a: Blissey|56/100|[from] Stealth Rock
|move|p2a: Latias|Calm Mind|p2a: Latias
|-boost|p2a: Latias|spa|1
|-boost|p2a: Latias|spd|1
|
|-heal|p1a: Blissey|62/100|[from] Grassy Terrain
|-heal|p1a: Blissey|69/100|[from] item: Leftovers
|-fieldend|move: Grassy Terrain
|upkeep
|turn|40
|
|t:|1760362845
|move|p2a: Latias|Calm Mind|p2a: Latias
|-boost|p2a: Latias|spa|1
|-boost|p2a: Latias|spd|1
|move|p1a: Blissey|Soft-Boiled|p1a: Blissey
|-heal|p1a: Blissey|100/100
|
|upkeep
|turn|41
|
|t:|1760362853
|move|p2a: Latias|Calm Mind|p2a: Latias
|-boost|p2a: Latias|spa|1
|-boost|p2a: Latias|spd|1
|move|p1a: Blissey|Calm Mind|p1a: Blissey
|-boost|p1a: Blissey|spa|1
|-boost|p1a: Blissey|spd|1
|
|upkeep
|turn|42
|
|t:|1760362862
|move|p2a: Latias|Calm Mind|p2a: Latias
|-boost|p2a: Latias|spa|1
|-boost|p2a: Latias|spd|1
|move|p1a: Blissey|Calm Mind|p1a: Blissey
|-boost|p1a: Blissey|spa|1
|-boost|p1a: Blissey|spd|1
|
|upkeep
|turn|43
|
|t:|1760362873
|move|p2a: Latias|Calm Mind|p2a: Latias
|-boost|p2a: Latias|spa|1
|-boost|p2a: Latias|spd|1
|move|p1a: Blissey|Calm Mind|p1a: Blissey
|-boost|p1a: Blissey|spa|1
|-boost|p1a: Blissey|spd|1
|
|upkeep
|turn|44
|
|t:|1760362883
|move|p2a: Latias|Calm Mind|p2a: Latias
|-boost|p2a: Latias|spa|1
|-boost|p2a: Latias|spd|1
|move|p1a: Blissey|Calm Mind|p1a: Blissey
|-boost|p1a: Blissey|spa|1
|-boost|p1a: Blissey|spd|1
|
|upkeep
|turn|45
|
|t:|1760362892
|move|p2a: Latias|Stored Power|p1a: Blissey
|-damage|p1a: Blissey|62/100
|move|p1a: Blissey|Seismic Toss|p2a: Latias
|-damage|p2a: Latias|61/100
|
|-heal|p1a: Blissey|68/100|[from] item: Leftovers
|upkeep
|turn|46
|
|t:|1760362908
|move|p2a: Latias|Stored Power|p1a: Blissey
|-crit|p1a: Blissey
|-damage|p1a: Blissey|0 fnt
|faint|p1a: Blissey
|
|upkeep
|
|t:|1760362921
|switch|p1a: Dondozo|Dondozo, F|100/100
|-damage|p1a: Dondozo|88/100|[from] Stealth Rock
|turn|47
|
|t:|1760362951
|move|p2a: Latias|Stored Power|p1a: Dondozo
|-damage|p1a: Dondozo|0 fnt
|faint|p1a: Dondozo
|
|upkeep
|
|t:|1760362967
|switch|p1a: Toxapex|Toxapex, M, tera:Steel|99/100
|-damage|p1a: Toxapex|92/100|[from] Stealth Rock
|turn|48
|l|☆lpdfwfwfw
|player|p1|
|inactive|Battle timer is ON: inactive players will automatically lose when time's up. (requested by wqqwwqeqewewq)
|inactive|lpdfwfwfw has 30 seconds to reconnect!
|inactive|lpdfwfwfw has 20 seconds to reconnect!
|inactive|lpdfwfwfw has 15 seconds to reconnect!
|inactive|lpdfwfwfw has 10 seconds to reconnect!
|inactive|lpdfwfwfw has 5 seconds to reconnect!
|-message|lpdfwfwfw lost due to inactivity.
|
|win|wqqwwqeqewewq
|raw|lpdfwfwfw's rating: 1093 &rarr; <strong>1066</strong><br />(-27 for losing)
|raw|wqqwwqeqewewq's rating: 1045 &rarr; <strong>1083</strong><br />(+38 for winning)
