|j|☆kpo2022
|j|☆ichoseyoupoppo
|t:|1760441525
|gametype|singles
|player|p1|kpo2022|swimmerf|1126
|player|p2|ichoseyoupoppo|101|1177
|gen|9
|tier|[Gen 9] OU
|rated|
|rule|HP Percentage Mod: HP is shown in percentages
|rule|Endless Battle Clause: Forcing endless battles is banned
|rule|Species Clause: Limit one of each Pokémon
|rule|OHKO Clause: OHKO moves are banned
|rule|Evasion Items Clause: Evasion items are banned
|rule|Evasion Moves Clause: Evasion moves are banned
|rule|Evasion Abilities Clause: Evasion abilities are banned
|rule|Sleep Moves Clause: Sleep-inducing moves are banned
|clearpoke
|poke|p1|Moltres|
|poke|p1|Blissey, F|
|poke|p1|Alomomola, M|
|poke|p1|Gholdengo|
|poke|p1|Weezing-Galar, F|
|poke|p1|Clodsire, M|
|poke|p2|Hippowdon, F|
|poke|p2|Latios, M|
|poke|p2|Excadrill, M|
|poke|p2|Primarina, F|
|poke|p2|Skarmory, F|
|poke|p2|Weavile, F|
|teampreview
|inactive|Battle timer is ON: inactive players will automatically lose when time's up. (requested by kpo2022)
|
|t:|1760441544
|teamsize|p1|6
|teamsize|p2|6
|start
|switch|p1a: Gholdengo|Gholdengo|100/100
|switch|p2a: Hippowdon|Hippowdon, F|100/100
|-item|p1a: Gholdengo|Air Balloon
|-weather|Sandstorm|[from] ability: Sand Stream|[of] p2a: Hippowdon
|turn|1
|
|t:|1760441554
|move|p1a: Gholdengo|Nasty Plot|p1a: Gholdengo
|-boost|p1a: Gholdengo|spa|2
|move|p2a: Hippowdon|Stealth Rock|p1a: Gholdengo
|-sidestart|p1: kpo2022|move: Stealth Rock
|
|-weather|Sandstorm|[upkeep]
|upkeep
|turn|2
|
|t:|1760441561
|move|p1a: Gholdengo|Make It Rain|p2a: Hippowdon
|-damage|p2a: Hippowdon|0 fnt
|-unboost|p1a: Gholdengo|spa|1
|faint|p2a: Hippowdon
|
|-weather|Sandstorm|[upkeep]
|upkeep
|
|t:|1760441566
|switch|p2a: Primarina|Primarina, F|100/100
|turn|3
|
|t:|1760441578
|move|p1a: Gholdengo|Make It Rain|p2a: Primarina
|-damage|p2a: Primarina|52/100
|-unboost|p1a: Gholdengo|spa|1
|move|p2a: Primarina|Flip Turn|p1a: Gholdengo
|-damage|p1a: Gholdengo|85/100
|-enditem|p1a: Gholdengo|Air Balloon
|
|t:|1760441583
|switch|p2a: Excadrill|Excadrill, M|100/100|[from] Flip Turn
|-item|p2a: Excadrill|Air Balloon
|
|-weather|Sandstorm|[upkeep]
|upkeep
|turn|4
|
|t:|1760441593
|switch|p1a: Alomomola|Alomomola, M|100/100
|-damage|p1a: Alomomola|88/100|[from] Stealth Rock
|move|p2a: Excadrill|Swords Dance|p2a: Excadrill
|-boost|p2a: Excadrill|atk|2
|
|-weather|Sandstorm|[upkeep]
|-damage|p1a: Alomomola|82/100|[from] Sandstorm
|upkeep
|turn|5
|
|t:|1760441604
|move|p2a: Excadrill|Rapid Spin|p1a: Alomomola
|-damage|p1a: Alomomola|62/100
|-boost|p2a: Excadrill|spe|1
|-damage|p2a: Excadrill|84/100|[from] item: Rocky Helmet|[of] p1a: Alomomola
|move|p1a: Alomomola|Flip Turn|p2a: Excadrill
|-supereffective|p2a: Excadrill
|-damage|p2a: Excadrill|41/100
|-enditem|p2a: Excadrill|Air Balloon
|
|t:|1760441620
|switch|p1a: Moltres|Moltres|100/100|[from] Flip Turn
|-damage|p1a: Moltres|50/100|[from] Stealth Rock
|
|-weather|none
|-heal|p1a: Moltres|57/100|[from] item: Leftovers
|upkeep
|turn|6
|
|t:|1760441626
|move|p2a: Excadrill|Iron Head|p1a: Moltres
|-resisted|p1a: Moltres
|-damage|p1a: Moltres|26/100
|cant|p1a: Moltres|flinch
|
|-heal|p1a: Moltres|33/100|[from] item: Leftovers
|upkeep
|turn|7
|
|t:|1760441636
|move|p2a: Excadrill|Iron Head|p1a: Moltres
|-resisted|p1a: Moltres
|-damage|p1a: Moltres|2/100
|cant|p1a: Moltres|flinch
|
|-heal|p1a: Moltres|9/100|[from] item: Leftovers
|upkeep
|turn|8
|
|t:|1760441646
|switch|p1a: Alomomola|Alomomola, M|96/100
|-damage|p1a: Alomomola|83/100|[from] Stealth Rock
|move|p2a: Excadrill|Iron Head|p1a: Alomomola
|-resisted|p1a: Alomomola
|-damage|p1a: Alomomola|62/100
|-damage|p2a: Excadrill|24/100|[from] item: Rocky Helmet|[of] p1a: Alomomola
|
|upkeep
|turn|9
|
|t:|1760441665
|-terastallize|p2a: Excadrill|Ground
|move|p2a: Excadrill|Earthquake|p1a: Alomomola
|-damage|p1a: Alomomola|0 fnt
|faint|p1a: Alomomola
|
|upkeep
|l|☆kpo2022
|inactive|kpo2022 disconnected and has a minute to reconnect!
|player|p1|
|inactive|kpo2022 has 30 seconds to reconnect!
|inactive|kpo2022 has 20 seconds to reconnect!
|inactive|kpo2022 has 15 seconds to reconnect!
|inactive|kpo2022 has 10 seconds to reconnect!
|inactive|kpo2022 has 5 seconds to reconnect!
|-message|kpo2022 lost due to inactivity.
|
|win|ichoseyoupoppo
|raw|kpo2022's rating: 1126 &rarr; <strong>1105</strong><br />(-21 for losing)
|raw|ichoseyoupoppo's rating: 1177 &rarr; <strong>1198</strong><br />(+21 for winning)
