|j|☆Ant blast 3
|j|☆Llamitas_73
|t:|1760430161
|gametype|singles
|player|p1|Ant blast 3|ninjaboy|1092
|player|p2|Llamitas_73|gentleman-gen4|1124
|gen|9
|tier|[Gen 9] OU
|rated|
|rule|HP Percentage Mod: HP is shown in percentages
|rule|Endless Battle Clause: Forcing endless battles is banned
|rule|Species Clause: Limit one of each Pokémon
|rule|OHKO Clause: OHKO moves are banned
|rule|Evasion Items Clause: Evasion items are banned
|rule|Evasion Moves Clause: Evasion moves are banned
|rule|Evasion Abilities Clause: Evasion abilities are banned
|rule|Sleep Moves Clause: Sleep-inducing moves are banned
|clearpoke
|poke|p1|Weezing-Galar, M|
|poke|p1|Arcanine-Hisui, F|
|poke|p1|Iron Boulder|
|poke|p1|Pecharunt|
|poke|p2|Metagross|
|poke|p2|Iron Moth|
|poke|p2|Rotom-Wash|
|poke|p2|Wo-Chien|
|poke|p2|Gholdengo|
|poke|p2|Dragapult, F|
|teampreview
|inactive|Battle timer is ON: inactive players will automatically lose when time's up. (requested by Ant blast 3)
|
|t:|1760430171
|teamsize|p1|4
|teamsize|p2|6
|start
|switch|p1a: Bull(future)|Iron Boulder|100/100
|switch|p2a: Wo-Chien|Wo-Chien|100/100
|-ability|p2a: Wo-Chien|Tablets of Ruin
|-enditem|p1a: Bull(future)|Booster Energy
|-activate|p1a: Bull(future)|ability: Quark Drive|[fromitem]
|-start|p1a: Bull(future)|quarkdrivespe
|turn|1
|
|t:|1760430187
|move|p1a: Bull(future)|Swords Dance|p1a: Bull(future)
|-boost|p1a: Bull(future)|atk|2
|move|p2a: Wo-Chien|Substitute|p2a: Wo-Chien
|-start|p2a: Wo-Chien|Substitute
|-damage|p2a: Wo-Chien|76/100
|
|-heal|p2a: Wo-Chien|82/100|[from] item: Leftovers
|upkeep
|turn|2
|
|t:|1760430196
|move|p1a: Bull(future)|Close Combat|p2a: Wo-Chien
|-supereffective|p2a: Wo-Chien
|-end|p2a: Wo-Chien|Substitute
|-unboost|p1a: Bull(future)|def|1
|-unboost|p1a: Bull(future)|spd|1
|move|p2a: Wo-Chien|Leech Seed|p1a: Bull(future)
|-start|p1a: Bull(future)|move: Leech Seed
|
|-heal|p2a: Wo-Chien|88/100|[from] item: Leftovers
|-damage|p1a: Bull(future)|88/100|[from] Leech Seed|[of] p2a: Wo-Chien
|-heal|p2a: Wo-Chien|99/100|[silent]
|upkeep
|turn|3
|
|t:|1760430212
|-terastallize|p2a: Wo-Chien|Water
|move|p1a: Bull(future)|Close Combat|p2a: Wo-Chien
|-damage|p2a: Wo-Chien|51/100
|-unboost|p1a: Bull(future)|def|1
|-unboost|p1a: Bull(future)|spd|1
|move|p2a: Wo-Chien|Substitute|p2a: Wo-Chien
|-start|p2a: Wo-Chien|Substitute
|-damage|p2a: Wo-Chien|26/100
|
|-heal|p2a: Wo-Chien|32/100|[from] item: Leftovers
|-damage|p1a: Bull(future)|76/100|[from] Leech Seed|[of] p2a: Wo-Chien
|-heal|p2a: Wo-Chien|43/100|[silent]
|upkeep
|turn|4
|
|t:|1760430226
|move|p2a: Wo-Chien|Protect|p2a: Wo-Chien
|-singleturn|p2a: Wo-Chien|Protect
|move|p1a: Bull(future)|Mighty Cleave|p2a: Wo-Chien
|-end|p2a: Wo-Chien|Substitute
|
|-heal|p2a: Wo-Chien|49/100|[from] item: Leftovers
|-damage|p1a: Bull(future)|63/100|[from] Leech Seed|[of] p2a: Wo-Chien
|-heal|p2a: Wo-Chien|60/100|[silent]
|upkeep
|turn|5
|
|t:|1760430236
|move|p1a: Bull(future)|Mighty Cleave|p2a: Wo-Chien
|-damage|p2a: Wo-Chien|0 fnt
|faint|p2a: Wo-Chien
|
|upkeep
|
|t:|1760430245
|switch|p2a: Metagross|Metagross|100/100
|turn|6
|
|t:|1760430251
|move|p1a: Bull(future)|Close Combat|p2a: Metagross
|-damage|p2a: Metagross|35/100
|-unboost|p1a: Bull(future)|def|1
|-unboost|p1a: Bull(future)|spd|1
|move|p2a: Metagross|Meteor Mash|p1a: Bull(future)
|-supereffective|p1a: Bull(future)
|-damage|p1a: Bull(future)|0 fnt
|faint|p1a: Bull(future)
|-end|p1a: Bull(future)|Quark Drive|[silent]
|
|upkeep
|
|t:|1760430261
|switch|p1a: Rocky dawg|Arcanine-Hisui, F|100/100
|turn|7
|
|t:|1760430268
|move|p1a: Rocky dawg|Flare Blitz|p2a: Metagross
|-supereffective|p2a: Metagross
|-damage|p2a: Metagross|0 fnt
|faint|p2a: Metagross
|
|upkeep
|
|t:|1760430275
|switch|p2a: Rotom|Rotom-Wash|100/100
|turn|8
|
|t:|1760430283
|switch|p1a: Factory|Weezing-Galar, M|100/100
|-ability|p1a: Factory|Neutralizing Gas
|move|p2a: Rotom|Hydro Pump|p1a: Factory
|-damage|p1a: Factory|57/100
|
|-heal|p1a: Factory|63/100|[from] item: Leftovers
|upkeep
|turn|9
|
|t:|1760430296
|move|p2a: Rotom|Volt Switch|p1a: Factory
|-damage|p1a: Factory|34/100
|
|t:|1760430300
|switch|p2a: Gholdengo|Gholdengo|100/100|[from] Volt Switch
|move|p1a: Factory|Pain Split|p2a: Gholdengo
|-sethp|p2a: Gholdengo|65/100|[from] move: Pain Split|[silent]
|-sethp|p1a: Factory|75/100|[from] move: Pain Split
|
|-heal|p1a: Factory|81/100|[from] item: Leftovers
|upkeep
|turn|10
|
|t:|1760430321
|-terastallize|p1a: Factory|Steel
|move|p2a: Gholdengo|Make It Rain|p1a: Factory
|-resisted|p1a: Factory
|-damage|p1a: Factory|42/100
|-unboost|p2a: Gholdengo|spa|1
|move|p1a: Factory|Pain Split|p2a: Gholdengo
|-sethp|p2a: Gholdengo|50/100|[from] move: Pain Split|[silent]
|-sethp|p1a: Factory|58/100|[from] move: Pain Split
|
|-heal|p1a: Factory|65/100|[from] item: Leftovers
|upkeep
|turn|11
|
|t:|1760430335
|move|p2a: Gholdengo|Recover|p2a: Gholdengo
|-heal|p2a: Gholdengo|100/100
|move|p1a: Factory|Strange Steam|p2a: Gholdengo
|-resisted|p2a: Gholdengo
|-damage|p2a: Gholdengo|85/100
|-start|p2a: Gholdengo|confusion
|
|-heal|p1a: Factory|71/100|[from] item: Leftovers
|upkeep
|turn|12
|inactive|Llamitas_73 has 120 seconds left.
|
|t:|1760430367
|-activate|p2a: Gholdengo|confusion
|-damage|p2a: Gholdengo|81/100|[from] confusion
|move|p1a: Factory|Pain Split|p2a: Gholdengo
|-sethp|p2a: Gholdengo|71/100|[from] move: Pain Split|[silent]
|-sethp|p1a: Factory|82/100|[from] move: Pain Split
|
|-heal|p1a: Factory|88/100|[from] item: Leftovers
|upkeep
|turn|13
|
|t:|1760430377
|-activate|p2a: Gholdengo|confusion
|move|p2a: Gholdengo|Nasty Plot|p2a: Gholdengo
|-boost|p2a: Gholdengo|spa|2
|move|p1a: Factory|Pain Split|p2a: Gholdengo
|-sethp|p2a: Gholdengo|74/100|[from] move: Pain Split|[silent]
|-sethp|p1a: Factory|85/100|[from] move: Pain Split
|
|-heal|p1a: Factory|91/100|[from] item: Leftovers
|upkeep
|turn|14
|
|t:|1760430387
|-activate|p2a: Gholdengo|confusion
|move|p2a: Gholdengo|Nasty Plot|p2a: Gholdengo
|-boost|p2a: Gholdengo|spa|2
|move|p1a: Factory|Strange Steam|p2a: Gholdengo
|-resisted|p2a: Gholdengo
|-damage|p2a: Gholdengo|59/100
|
|-heal|p1a: Factory|97/100|[from] item: Leftovers
|upkeep
|turn|15
|
|t:|1760430396
|-activate|p2a: Gholdengo|confusion
|move|p2a: Gholdengo|Recover|p2a: Gholdengo
|-heal|p2a: Gholdengo|100/100
|move|p1a: Factory|Strange Steam|p2a: Gholdengo
|-resisted|p2a: Gholdengo
|-damage|p2a: Gholdengo|86/100
|
|-heal|p1a: Factory|100/100|[from] item: Leftovers
|upkeep
|turn|16
|
|t:|1760430406
|-end|p2a: Gholdengo|confusion
|move|p2a: Gholdengo|Shadow Ball|p1a: Factory
|-damage|p1a: Factory|0 fnt
|faint|p1a: Factory
|-end|p1a: Factory|ability: Neutralizing Gas
|
|upkeep
|
|t:|1760430414
|switch|p1a: Rocky dawg|Arcanine-Hisui, F|100/100
|turn|17
|
|t:|1760430421
|move|p1a: Rocky dawg|Head Smash|p2a: Gholdengo
|-resisted|p2a: Gholdengo
|-damage|p2a: Gholdengo|36/100
|-damage|p1a: Rocky dawg|84/100|[from] item: Rocky Helmet|[of] p2a: Gholdengo
|move|p2a: Gholdengo|Make It Rain|p1a: Rocky dawg
|-damage|p1a: Rocky dawg|0 fnt
|-unboost|p2a: Gholdengo|spa|1
|faint|p1a: Rocky dawg
|
|upkeep
|
|t:|1760430432
|switch|p1a: Master mochi|Pecharunt|100/100
|turn|18
|
|t:|1760430438
|move|p1a: Master mochi|Hex|p2a: Gholdengo
|-supereffective|p2a: Gholdengo
|-damage|p2a: Gholdengo|0 fnt
|faint|p2a: Gholdengo
|
|upkeep
|
|t:|1760430445
|switch|p2a: Dragapult|Dragapult, F|100/100
|turn|19
|
|t:|1760430449
|move|p2a: Dragapult|Dragon Darts|p1a: Master mochi
|-damage|p1a: Master mochi|87/100
|-anim|p2a: Dragapult|Dragon Darts|p1a: Master mochi
|-damage|p1a: Master mochi|72/100
|move|p1a: Master mochi|Hex|p2a: Dragapult
|-supereffective|p2a: Dragapult
|-damage|p2a: Dragapult|23/100
|
|-heal|p1a: Master mochi|78/100|[from] item: Leftovers
|upkeep
|turn|20
|
|t:|1760430463
|switch|p2a: Rotom|Rotom-Wash|100/100
|move|p1a: Master mochi|Hex|p2a: Rotom
|-damage|p2a: Rotom|75/100
|
|-heal|p2a: Rotom|81/100|[from] item: Leftovers
|-heal|p1a: Master mochi|84/100|[from] item: Leftovers
|upkeep
|turn|21
|
|t:|1760430475
|move|p2a: Rotom|Will-O-Wisp|p1a: Master mochi
|-status|p1a: Master mochi|brn
|move|p1a: Master mochi|Malignant Chain|p2a: Rotom
|-damage|p2a: Rotom|39/100
|
|-heal|p2a: Rotom|46/100|[from] item: Leftovers
|-heal|p1a: Master mochi|90/100 brn|[from] item: Leftovers
|-damage|p1a: Master mochi|84/100 brn|[from] brn
|upkeep
|turn|22
|
|t:|1760430488
|move|p2a: Rotom|Nasty Plot|p2a: Rotom
|-boost|p2a: Rotom|spa|2
|move|p1a: Master mochi|Malignant Chain|p2a: Rotom
|-damage|p2a: Rotom|0 fnt
|faint|p2a: Rotom
|
|-heal|p1a: Master mochi|90/100 brn|[from] item: Leftovers
|-damage|p1a: Master mochi|84/100 brn|[from] brn
|upkeep
|
|t:|1760430500
|switch|p2a: Dragapult|Dragapult, F|23/100
|turn|23
|
|t:|1760430505
|move|p2a: Dragapult|Sucker Punch|p1a: Master mochi
|-supereffective|p1a: Master mochi
|-damage|p1a: Master mochi|57/100 brn
|move|p1a: Master mochi|Hex|p2a: Dragapult
|-supereffective|p2a: Dragapult
|-damage|p2a: Dragapult|0 fnt
|faint|p2a: Dragapult
|
|-heal|p1a: Master mochi|63/100 brn|[from] item: Leftovers
|-damage|p1a: Master mochi|57/100 brn|[from] brn
|upkeep
|
|t:|1760430514
|switch|p2a: Iron Moth|Iron Moth|100/100
|-enditem|p2a: Iron Moth|Booster Energy
|-activate|p2a: Iron Moth|ability: Quark Drive|[fromitem]
|-start|p2a: Iron Moth|quarkdrivespa
|turn|24
|
|t:|1760430524
|move|p2a: Iron Moth|Fiery Dance|p1a: Master mochi
|-damage|p1a: Master mochi|4/100 brn
|-boost|p2a: Iron Moth|spa|1
|move|p1a: Master mochi|Recover|p1a: Master mochi
|-heal|p1a: Master mochi|54/100 brn
|
|-heal|p1a: Master mochi|60/100 brn|[from] item: Leftovers
|-damage|p1a: Master mochi|54/100 brn|[from] brn
|upkeep
|turn|25
|
|t:|1760430538
|move|p2a: Iron Moth|Fiery Dance|p1a: Master mochi
|-damage|p1a: Master mochi|0 fnt
|faint|p1a: Master mochi
|
|win|Llamitas_73
|raw|Ant blast 3's rating: 1092 &rarr; <strong>1070</strong><br />(-22 for losing)
|raw|Llamitas_73's rating: 1124 &rarr; <strong>1147</strong><br />(+23 for winning)
|l|☆Ant blast 3
|player|p1|
|l|☆Llamitas_73
|player|p2|
