|j|☆hyperchoice
|j|☆WeRrsome
|t:|1760436621
|gametype|singles
|player|p1|hyperchoice|1|1508
|player|p2|WeRrsome|1|1564
|gen|9
|tier|[Gen 9] OU
|rated|
|rule|HP Percentage Mod: HP is shown in percentages
|rule|Endless Battle Clause: Forcing endless battles is banned
|rule|Species Clause: Limit one of each Pokémon
|rule|OHKO Clause: OHKO moves are banned
|rule|Evasion Items Clause: Evasion items are banned
|rule|Evasion Moves Clause: Evasion moves are banned
|rule|Evasion Abilities Clause: Evasion abilities are banned
|rule|Sleep Moves Clause: Sleep-inducing moves are banned
|clearpoke
|poke|p1|Tyranitar, M|
|poke|p1|Excadrill, M|
|poke|p1|Kingambit, M|
|poke|p1|Garchomp, M|
|poke|p1|Pecharunt|
|poke|p1|Rotom-Wash|
|poke|p2|Araquanid, F|
|poke|p2|Dragonite, M|
|poke|p2|Magnezone|
|poke|p2|Landorus-Therian, M|
|poke|p2|Iron Treads|
|poke|p2|Gengar, M|
|teampreview
|
|t:|1760436625
|teamsize|p1|6
|teamsize|p2|6
|start
|switch|p1a: Garchomp|Garchomp, M|100/100
|switch|p2a: Landorus|Landorus-Therian, M|100/100
|-ability|p2a: Landorus|Intimidate|boost
|-unboost|p1a: Garchomp|atk|1
|turn|1
|
|t:|1760436633
|move|p2a: Landorus|Earthquake|p1a: Garchomp
|-damage|p1a: Garchomp|43/100
|move|p1a: Garchomp|Swords Dance|p1a: Garchomp
|-boost|p1a: Garchomp|atk|2
|
|upkeep
|turn|2
|inactive|Battle timer is ON: inactive players will automatically lose when time's up. (requested by WeRrsome)
|
|t:|1760436639
|switch|p1a: Excadrill|Excadrill, M|100/100
|-item|p1a: Excadrill|Air Balloon
|move|p2a: Landorus|Earthquake|p1a: Excadrill
|-immune|p1a: Excadrill
|
|upkeep
|turn|3
|inactive|WeRrsome has 120 seconds left.
|
|t:|1760436680
|switch|p2a: Dragonite|Dragonite, M|100/100
|move|p1a: Excadrill|Rock Slide|p2a: Dragonite
|-supereffective|p2a: Dragonite
|-damage|p2a: Dragonite|82/100
|
|upkeep
|turn|4
|
|t:|1760436700
|switch|p1a: Tyranitar|Tyranitar, M|100/100
|-weather|Sandstorm|[from] ability: Sand Stream|[of] p1a: Tyranitar
|move|p2a: Dragonite|Flamethrower|p1a: Tyranitar
|-resisted|p1a: Tyranitar
|-damage|p1a: Tyranitar|97/100
|
|-weather|Sandstorm|[upkeep]
|-damage|p2a: Dragonite|76/100|[from] Sandstorm
|upkeep
|turn|5
|inactive|WeRrsome has 90 seconds left.
|
|t:|1760436729
|switch|p2a: Iron Treads|Iron Treads|100/100
|move|p1a: Tyranitar|Ice Beam|p2a: Iron Treads
|-damage|p2a: Iron Treads|89/100
|
|-weather|Sandstorm|[upkeep]
|upkeep
|turn|6
|
|t:|1760436736
|switch|p1a: Rotom|Rotom-Wash|100/100
|move|p2a: Iron Treads|Knock Off|p1a: Rotom
|-damage|p1a: Rotom|80/100
|-enditem|p1a: Rotom|Leftovers|[from] move: Knock Off|[of] p2a: Iron Treads
|
|-weather|Sandstorm|[upkeep]
|-damage|p1a: Rotom|74/100|[from] Sandstorm
|upkeep
|turn|7
|
|t:|1760436746
|-end|p2a: Iron Treads|Quark Drive|[silent]
|switch|p2a: Araquanid|Araquanid, F|100/100
|move|p1a: Rotom|Volt Switch|p2a: Araquanid
|-supereffective|p2a: Araquanid
|-damage|p2a: Araquanid|57/100
|
|t:|1760436754
|switch|p1a: Garchomp|Garchomp, M|43/100|[from] Volt Switch
|
|-weather|Sandstorm|[upkeep]
|-damage|p2a: Araquanid|51/100|[from] Sandstorm
|upkeep
|turn|8
|
|t:|1760436765
|move|p1a: Garchomp|Scale Shot|p2a: Araquanid
|-damage|p2a: Araquanid|37/100
|-damage|p2a: Araquanid|23/100
|-damage|p2a: Araquanid|8/100
|-damage|p2a: Araquanid|0 fnt
|faint|p2a: Araquanid
|-hitcount|p2: Araquanid|4
|-unboost|p1a: Garchomp|def|1
|-boost|p1a: Garchomp|spe|1
|
|-weather|Sandstorm|[upkeep]
|upkeep
|
|t:|1760436769
|switch|p2a: Landorus|Landorus-Therian, M|100/100
|-ability|p2a: Landorus|Intimidate|boost
|-unboost|p1a: Garchomp|atk|1
|turn|9
|
|t:|1760436777
|move|p1a: Garchomp|Scale Shot|p2a: Landorus|[miss]
|-miss|p1a: Garchomp|p2a: Landorus
|move|p2a: Landorus|Earthquake|p1a: Garchomp
|-damage|p1a: Garchomp|0 fnt
|faint|p1a: Garchomp
|
|-weather|Sandstorm|[upkeep]
|upkeep
|
|t:|1760436782
|switch|p1a: Pecharunt|Pecharunt|100/100
|-item|p1a: Pecharunt|Air Balloon
|turn|10
|inactive|WeRrsome has 120 seconds left.
|
|t:|1760436789
|switch|p2a: Magnezone|Magnezone|100/100
|move|p1a: Pecharunt|Parting Shot|p2a: Magnezone
|-unboost|p2a: Magnezone|atk|1
|-unboost|p2a: Magnezone|spa|1
|
|t:|1760436792
|switch|p1a: Excadrill|Excadrill, M|100/100|[from] Parting Shot
|-item|p1a: Excadrill|Air Balloon
|
|-weather|Sandstorm|[upkeep]
|upkeep
|turn|11
|
|t:|1760436801
|move|p1a: Excadrill|Earthquake|p2a: Magnezone
|-supereffective|p2a: Magnezone
|-damage|p2a: Magnezone|0 fnt
|faint|p2a: Magnezone
|
|-weather|none
|upkeep
|
|t:|1760436803
|switch|p2a: Landorus|Landorus-Therian, M|100/100
|-ability|p2a: Landorus|Intimidate|boost
|-unboost|p1a: Excadrill|atk|1
|turn|12
|
|t:|1760436808
|switch|p1a: Rotom|Rotom-Wash|74/100
|move|p2a: Landorus|U-turn|p1a: Rotom
|-damage|p1a: Rotom|54/100
|
|t:|1760436819
|switch|p2a: Gengar|Gengar, M|100/100|[from] U-turn
|
|upkeep
|turn|13
|
|t:|1760436826
|switch|p1a: Tyranitar|Tyranitar, M|97/100
|-weather|Sandstorm|[from] ability: Sand Stream|[of] p1a: Tyranitar
|move|p2a: Gengar|Toxic|p1a: Tyranitar
|-status|p1a: Tyranitar|tox
|
|-weather|Sandstorm|[upkeep]
|-damage|p2a: Gengar|94/100|[from] Sandstorm
|-damage|p1a: Tyranitar|90/100 tox|[from] psn
|upkeep
|turn|14
|
|t:|1760436830
|switch|p2a: Iron Treads|Iron Treads|89/100
|move|p1a: Tyranitar|Knock Off|p2a: Iron Treads
|-damage|p2a: Iron Treads|59/100
|-enditem|p2a: Iron Treads|Assault Vest|[from] move: Knock Off|[of] p1a: Tyranitar
|
|-weather|Sandstorm|[upkeep]
|-damage|p1a: Tyranitar|78/100 tox|[from] psn
|upkeep
|turn|15
|
|t:|1760436838
|switch|p1a: Rotom|Rotom-Wash|54/100
|move|p2a: Iron Treads|Knock Off|p1a: Rotom
|-damage|p1a: Rotom|40/100
|
|-weather|Sandstorm|[upkeep]
|-damage|p1a: Rotom|34/100|[from] Sandstorm
|upkeep
|turn|16
|
|t:|1760436844
|move|p2a: Iron Treads|Iron Head|p1a: Rotom
|-resisted|p1a: Rotom
|-damage|p1a: Rotom|27/100
|move|p1a: Rotom|Will-O-Wisp|p2a: Iron Treads
|-status|p2a: Iron Treads|brn
|
|-weather|Sandstorm|[upkeep]
|-damage|p1a: Rotom|21/100|[from] Sandstorm
|-damage|p2a: Iron Treads|52/100 brn|[from] brn
|upkeep
|turn|17
|
|t:|1760436860
|move|p2a: Iron Treads|Rapid Spin|p1a: Rotom
|-damage|p1a: Rotom|17/100
|-boost|p2a: Iron Treads|spe|1
|move|p1a: Rotom|Pain Split|p2a: Iron Treads
|-sethp|p2a: Iron Treads|33/100 brn|[from] move: Pain Split|[silent]
|-sethp|p1a: Rotom|41/100|[from] move: Pain Split
|
|-weather|Sandstorm|[upkeep]
|-damage|p1a: Rotom|35/100|[from] Sandstorm
|-damage|p2a: Iron Treads|27/100 brn|[from] brn
|upkeep
|turn|18
|
|t:|1760436868
|move|p2a: Iron Treads|Knock Off|p1a: Rotom
|-damage|p1a: Rotom|28/100
|move|p1a: Rotom|Hydro Pump|p2a: Iron Treads
|-supereffective|p2a: Iron Treads
|-damage|p2a: Iron Treads|0 fnt
|faint|p2a: Iron Treads
|-end|p2a: Iron Treads|Quark Drive|[silent]
|
|-weather|Sandstorm|[upkeep]
|-damage|p1a: Rotom|22/100|[from] Sandstorm
|upkeep
|
|t:|1760436875
|switch|p2a: Gengar|Gengar, M|94/100
|turn|19
|
|t:|1760436878
|switch|p1a: Tyranitar|Tyranitar, M|78/100 tox
|move|p2a: Gengar|Shadow Ball|p1a: Tyranitar
|-resisted|p1a: Tyranitar
|-damage|p1a: Tyranitar|64/100 tox
|
|-weather|Sandstorm|[upkeep]
|-damage|p2a: Gengar|88/100|[from] Sandstorm
|-damage|p1a: Tyranitar|58/100 tox|[from] psn
|upkeep
|turn|20
|
|t:|1760436886
|switch|p2a: Dragonite|Dragonite, M|76/100
|move|p1a: Tyranitar|Knock Off|p2a: Dragonite
|-damage|p2a: Dragonite|47/100
|-damage|p1a: Tyranitar|41/100 tox|[from] item: Rocky Helmet|[of] p2a: Dragonite
|-enditem|p2a: Dragonite|Rocky Helmet|[from] move: Knock Off|[of] p1a: Tyranitar
|
|-weather|none
|-damage|p1a: Tyranitar|29/100 tox|[from] psn
|upkeep
|turn|21
|
|t:|1760436898
|switch|p1a: Rotom|Rotom-Wash|22/100
|move|p2a: Dragonite|Roost|p2a: Dragonite
|-heal|p2a: Dragonite|97/100
|-singleturn|p2a: Dragonite|move: Roost
|
|upkeep
|turn|22
|
|t:|1760436902
|switch|p2a: Gengar|Gengar, M|88/100
|move|p1a: Rotom|Pain Split|p2a: Gengar
|-sethp|p2a: Gengar|57/100|[from] move: Pain Split|[silent]
|-sethp|p1a: Rotom|49/100|[from] move: Pain Split
|
|upkeep
|turn|23
|
|t:|1760436919
|switch|p1a: Tyranitar|Tyranitar, M|29/100 tox
|-weather|Sandstorm|[from] ability: Sand Stream|[of] p1a: Tyranitar
|move|p2a: Gengar|Shadow Ball|p1a: Tyranitar
|-resisted|p1a: Tyranitar
|-damage|p1a: Tyranitar|16/100 tox
|
|-weather|Sandstorm|[upkeep]
|-damage|p2a: Gengar|51/100|[from] Sandstorm
|-damage|p1a: Tyranitar|9/100 tox|[from] psn
|upkeep
|turn|24
|
|t:|1760436926
|switch|p2a: Dragonite|Dragonite, M|97/100
|move|p1a: Tyranitar|Stealth Rock|p2a: Dragonite
|-sidestart|p2: WeRrsome|move: Stealth Rock
|
|-weather|Sandstorm|[upkeep]
|-damage|p2a: Dragonite|91/100|[from] Sandstorm
|-damage|p1a: Tyranitar|0 fnt|[from] psn
|faint|p1a: Tyranitar
|upkeep
|
|t:|1760436929
|switch|p1a: Pecharunt|Pecharunt|100/100
|-item|p1a: Pecharunt|Air Balloon
|turn|25
|
|t:|1760436942
|move|p1a: Pecharunt|Parting Shot|p2a: Dragonite
|-unboost|p2a: Dragonite|atk|1
|-unboost|p2a: Dragonite|spa|1
|
|t:|1760436945
|switch|p1a: Rotom|Rotom-Wash|49/100|[from] Parting Shot
|move|p2a: Dragonite|Flamethrower|p1a: Rotom
|-resisted|p1a: Rotom
|-damage|p1a: Rotom|42/100
|
|-weather|Sandstorm|[upkeep]
|-damage|p1a: Rotom|35/100|[from] Sandstorm
|-damage|p2a: Dragonite|85/100|[from] Sandstorm
|upkeep
|turn|26
|
|t:|1760436959
|move|p1a: Rotom|Volt Switch|p2a: Dragonite
|-damage|p2a: Dragonite|61/100
|
|t:|1760436962
|switch|p1a: Pecharunt|Pecharunt|100/100|[from] Volt Switch
|-item|p1a: Pecharunt|Air Balloon
|move|p2a: Dragonite|Dragon Tail|p1a: Pecharunt
|-damage|p1a: Pecharunt|93/100
|-enditem|p1a: Pecharunt|Air Balloon
|drag|p1a: Kingambit|Kingambit, M|100/100
|-activate|p1a: Kingambit|ability: Supreme Overlord
|-start|p1a: Kingambit|fallen2|[silent]
|
|-weather|Sandstorm|[upkeep]
|-damage|p2a: Dragonite|54/100|[from] Sandstorm
|upkeep
|turn|27
|
|t:|1760436977
|move|p1a: Kingambit|Kowtow Cleave|p2a: Dragonite
|-damage|p2a: Dragonite|9/100
|move|p2a: Dragonite|Thunder Wave|p1a: Kingambit
|-status|p1a: Kingambit|par
|
|-weather|Sandstorm|[upkeep]
|-damage|p2a: Dragonite|3/100|[from] Sandstorm
|upkeep
|turn|28
|
|t:|1760436982
|move|p2a: Dragonite|Roost|p2a: Dragonite
|-heal|p2a: Dragonite|53/100
|-singleturn|p2a: Dragonite|move: Roost
|move|p1a: Kingambit|Swords Dance|p1a: Kingambit
|-boost|p1a: Kingambit|atk|2
|
|-weather|Sandstorm|[upkeep]
|-damage|p2a: Dragonite|47/100|[from] Sandstorm
|upkeep
|turn|29
|
|t:|1760436989
|move|p2a: Dragonite|Roost|p2a: Dragonite
|-heal|p2a: Dragonite|97/100
|-singleturn|p2a: Dragonite|move: Roost
|move|p1a: Kingambit|Kowtow Cleave|p2a: Dragonite
|-damage|p2a: Dragonite|8/100
|
|-weather|Sandstorm|[upkeep]
|-damage|p2a: Dragonite|2/100|[from] Sandstorm
|upkeep
|turn|30
|
|t:|1760436994
|move|p2a: Dragonite|Flamethrower|p1a: Kingambit
|-supereffective|p1a: Kingambit
|-damage|p1a: Kingambit|72/100 par
|move|p1a: Kingambit|Kowtow Cleave|p2a: Dragonite
|-damage|p2a: Dragonite|0 fnt
|faint|p2a: Dragonite
|
|-weather|none
|upkeep
|
|t:|1760437000
|switch|p2a: Landorus|Landorus-Therian, M|100/100
|-damage|p2a: Landorus|88/100|[from] Stealth Rock
|-ability|p2a: Landorus|Intimidate|boost
|-unboost|p1a: Kingambit|atk|1
|turn|31
|
|t:|1760437011
|cant|p1a: Kingambit|par
|move|p2a: Landorus|Earthquake|p1a: Kingambit
|-supereffective|p1a: Kingambit
|-damage|p1a: Kingambit|0 fnt
|faint|p1a: Kingambit
|-end|p1a: Kingambit|fallen2|[silent]
|
|upkeep
|
|t:|1760437014
|switch|p1a: Excadrill|Excadrill, M|100/100
|-item|p1a: Excadrill|Air Balloon
|turn|32
|
|t:|1760437018
|switch|p2a: Gengar|Gengar, M|51/100
|-damage|p2a: Gengar|38/100|[from] Stealth Rock
|move|p1a: Excadrill|Earthquake|p2a: Gengar
|-supereffective|p2a: Gengar
|-damage|p2a: Gengar|0 fnt
|faint|p2a: Gengar
|
|upkeep
|
|t:|1760437020
|switch|p2a: Landorus|Landorus-Therian, M|88/100
|-damage|p2a: Landorus|76/100|[from] Stealth Rock
|-ability|p2a: Landorus|Intimidate|boost
|-unboost|p1a: Excadrill|atk|1
|turn|33
|
|t:|1760437031
|-terastallize|p2a: Landorus|Ground
|move|p2a: Landorus|Stone Edge|p1a: Excadrill
|-resisted|p1a: Excadrill
|-damage|p1a: Excadrill|87/100
|-enditem|p1a: Excadrill|Air Balloon
|move|p1a: Excadrill|Rapid Spin|p2a: Landorus
|-damage|p2a: Landorus|61/100
|-boost|p1a: Excadrill|spe|1
|
|upkeep
|turn|34
|-message|WeRrsome forfeited.
|
|win|hyperchoice
|raw|hyperchoice's rating: 1508 &rarr; <strong>1531</strong><br />(+23 for winning)
|raw|WeRrsome's rating: 1564 &rarr; <strong>1541</strong><br />(-23 for losing)
|l|☆WeRrsome
|player|p2|
|l|☆hyperchoice
|player|p1|
