|j|☆jimy92
|j|☆fhfghbffg随便取的
|t:|1760434721
|gametype|singles
|player|p1|jimy92|266|1595
|player|p2|fhfghbffg随便取的|iono|1605
|gen|9
|tier|[Gen 9] OU
|rated|
|rule|HP Percentage Mod: HP is shown in percentages
|rule|Endless Battle Clause: Forcing endless battles is banned
|rule|Species Clause: Limit one of each Pokémon
|rule|OHKO Clause: OHKO moves are banned
|rule|Evasion Items Clause: Evasion items are banned
|rule|Evasion Moves Clause: Evasion moves are banned
|rule|Evasion Abilities Clause: Evasion abilities are banned
|rule|Sleep Moves Clause: Sleep-inducing moves are banned
|clearpoke
|poke|p1|Pelipper, F|
|poke|p1|Hatterene, F|
|poke|p1|Iron Treads|
|poke|p1|Toxicroak, F|
|poke|p1|Barraskewda, F|
|poke|p1|Zapdos|
|poke|p2|Blaziken, F|
|poke|p2|Grimmsnarl, M|
|poke|p2|Kingambit, M|
|poke|p2|Ogerpon-Wellspring, F|
|poke|p2|Ninetales-Alola, M|
|poke|p2|Kyurem|
|teampreview
|inactive|Battle timer is ON: inactive players will automatically lose when time's up. (requested by fhfghbffg随便取的)
|
|t:|1760434743
|teamsize|p1|6
|teamsize|p2|6
|start
|switch|p1a: Zapdos|Zapdos|100/100
|switch|p2a: Grimmsnarl|Grimmsnarl, M|100/100
|turn|1
|
|t:|1760434750
|move|p2a: Grimmsnarl|Light Screen|p2a: Grimmsnarl
|-sidestart|p2: fhfghbffg随便取的|move: Light Screen
|move|p1a: Zapdos|Volt Switch|p2a: Grimmsnarl
|-damage|p2a: Grimmsnarl|80/100
|
|t:|1760434763
|switch|p1a: Pelipper|Pelipper, F|100/100|[from] Volt Switch
|-weather|RainDance|[from] ability: Drizzle|[of] p1a: Pelipper
|
|-weather|RainDance|[upkeep]
|upkeep
|turn|2
|
|t:|1760434775
|move|p2a: Grimmsnarl|Reflect|p2a: Grimmsnarl
|-sidestart|p2: fhfghbffg随便取的|Reflect
|move|p1a: Pelipper|Knock Off|p2a: Grimmsnarl
|-resisted|p2a: Grimmsnarl
|-crit|p2a: Grimmsnarl
|-damage|p2a: Grimmsnarl|75/100
|-enditem|p2a: Grimmsnarl|Light Clay|[from] move: Knock Off|[of] p1a: Pelipper
|
|-weather|RainDance|[upkeep]
|upkeep
|turn|3
|
|t:|1760434780
|move|p2a: Grimmsnarl|Parting Shot|p1a: Pelipper
|-unboost|p1a: Pelipper|atk|1
|-unboost|p1a: Pelipper|spa|1
|
|t:|1760434787
|switch|p2a: Kyurem|Kyurem|100/100|[from] Parting Shot
|-ability|p2a: Kyurem|Pressure
|move|p1a: Pelipper|Knock Off|p2a: Kyurem
|-damage|p2a: Kyurem|96/100
|-enditem|p2a: Kyurem|Leftovers|[from] move: Knock Off|[of] p1a: Pelipper
|
|-weather|RainDance|[upkeep]
|upkeep
|turn|4
|
|t:|1760434802
|switch|p1a: Hatterene|Hatterene, F|100/100
|move|p2a: Kyurem|Dragon Dance|p2a: Kyurem
|-boost|p2a: Kyurem|atk|1
|-boost|p2a: Kyurem|spe|1
|
|-weather|RainDance|[upkeep]
|upkeep
|turn|5
|
|t:|1760434814
|switch|p1a: Toxicroak|Toxicroak, F|100/100
|-terastallize|p2a: Kyurem|Ice
|move|p2a: Kyurem|Dragon Dance|p2a: Kyurem
|-boost|p2a: Kyurem|atk|1
|-boost|p2a: Kyurem|spe|1
|
|-weather|RainDance|[upkeep]
|upkeep
|turn|6
|
|t:|1760434826
|move|p2a: Kyurem|Earth Power|p1a: Toxicroak
|-supereffective|p1a: Toxicroak
|-damage|p1a: Toxicroak|18/100
|move|p1a: Toxicroak|Encore|p2a: Kyurem
|-start|p2a: Kyurem|Encore
|
|-weather|RainDance|[upkeep]
|-heal|p1a: Toxicroak|30/100|[from] ability: Dry Skin
|upkeep
|turn|7
|
|t:|1760434842
|switch|p2a: Grimmsnarl|Grimmsnarl, M|75/100
|switch|p1a: Zapdos|Zapdos|100/100
|
|-weather|RainDance|[upkeep]
|upkeep
|turn|8
|
|t:|1760434849
|move|p2a: Grimmsnarl|Taunt|p1a: Zapdos
|-start|p1a: Zapdos|move: Taunt
|move|p1a: Zapdos|Volt Switch|p2a: Grimmsnarl
|-damage|p2a: Grimmsnarl|56/100
|
|t:|1760434855
|switch|p1a: Toxicroak|Toxicroak, F|30/100|[from] Volt Switch
|
|-weather|none
|-sideend|p2: fhfghbffg随便取的|move: Light Screen
|upkeep
|turn|9
|
|t:|1760434865
|switch|p1a: Pelipper|Pelipper, F|100/100
|-weather|RainDance|[from] ability: Drizzle|[of] p1a: Pelipper
|move|p2a: Grimmsnarl|Taunt|p1a: Pelipper
|-start|p1a: Pelipper|move: Taunt
|
|-weather|RainDance|[upkeep]
|-sideend|p2: fhfghbffg随便取的|Reflect
|upkeep
|turn|10
|
|t:|1760434868
|move|p2a: Grimmsnarl|Light Screen|p2a: Grimmsnarl
|-sidestart|p2: fhfghbffg随便取的|move: Light Screen
|move|p1a: Pelipper|U-turn|p2a: Grimmsnarl
|-damage|p2a: Grimmsnarl|44/100
|
|t:|1760434873
|switch|p1a: Barraskewda|Barraskewda, F|100/100|[from] U-turn
|
|-weather|RainDance|[upkeep]
|upkeep
|turn|11
|
|t:|1760434882
|move|p2a: Grimmsnarl|Reflect|p2a: Grimmsnarl
|-sidestart|p2: fhfghbffg随便取的|Reflect
|move|p1a: Barraskewda|Flip Turn|p2a: Grimmsnarl
|-crit|p2a: Grimmsnarl
|-damage|p2a: Grimmsnarl|0 fnt
|faint|p2a: Grimmsnarl
|
|t:|1760434886
|switch|p1a: Toxicroak|Toxicroak, F|30/100|[from] Flip Turn
|
|-weather|RainDance|[upkeep]
|-heal|p1a: Toxicroak|43/100|[from] ability: Dry Skin
|upkeep
|
|t:|1760434894
|switch|p2a: Blaziken|Blaziken, F|100/100
|turn|12
|
|t:|1760434902
|move|p2a: Blaziken|Swords Dance|p2a: Blaziken
|-boost|p2a: Blaziken|atk|2
|move|p1a: Toxicroak|Encore|p2a: Blaziken
|-start|p2a: Blaziken|Encore
|
|-weather|RainDance|[upkeep]
|-heal|p1a: Toxicroak|55/100|[from] ability: Dry Skin
|-ability|p2a: Blaziken|Speed Boost|boost
|-boost|p2a: Blaziken|spe|1
|upkeep
|turn|13
|
|t:|1760434910
|switch|p1a: Zapdos|Zapdos|100/100
|move|p2a: Blaziken|Swords Dance|p2a: Blaziken
|-boost|p2a: Blaziken|atk|2
|
|-weather|RainDance|[upkeep]
|-ability|p2a: Blaziken|Speed Boost|boost
|-boost|p2a: Blaziken|spe|1
|upkeep
|turn|14
|
|t:|1760434913
|move|p2a: Blaziken|Swords Dance|p2a: Blaziken
|-boost|p2a: Blaziken|atk|2
|move|p1a: Zapdos|Hurricane|p2a: Blaziken
|-supereffective|p2a: Blaziken
|-damage|p2a: Blaziken|0 fnt
|faint|p2a: Blaziken
|
|-weather|RainDance|[upkeep]
|-sideend|p2: fhfghbffg随便取的|move: Light Screen
|upkeep
|
|t:|1760434920
|switch|p2a: Ninetales|Ninetales-Alola, M|100/100
|-weather|Snowscape|[from] ability: Snow Warning|[of] p2a: Ninetales
|turn|15
|
|t:|1760434930
|switch|p2a: Kyurem|Kyurem, tera:Ice|96/100
|-ability|p2a: Kyurem|Pressure
|switch|p1a: Pelipper|Pelipper, F|100/100
|-weather|RainDance|[from] ability: Drizzle|[of] p1a: Pelipper
|
|-weather|RainDance|[upkeep]
|-sideend|p2: fhfghbffg随便取的|Reflect
|upkeep
|turn|16
|
|t:|1760434939
|move|p2a: Kyurem|Dragon Dance|p2a: Kyurem
|-boost|p2a: Kyurem|atk|1
|-boost|p2a: Kyurem|spe|1
|move|p1a: Pelipper|U-turn|p2a: Kyurem
|-damage|p2a: Kyurem|86/100
|
|t:|1760434949
|switch|p1a: Barraskewda|Barraskewda, F|100/100|[from] U-turn
|
|-weather|RainDance|[upkeep]
|upkeep
|turn|17
|
|t:|1760434959
|move|p1a: Barraskewda|Flip Turn|p2a: Kyurem
|-damage|p2a: Kyurem|3/100
|
|t:|1760434964
|switch|p1a: Hatterene|Hatterene, F|100/100|[from] Flip Turn
|move|p2a: Kyurem|Earth Power|p1a: Hatterene
|-damage|p1a: Hatterene|68/100
|-enditem|p1a: Hatterene|Eject Button
|
|t:|1760434966
|switch|p1a: Barraskewda|Barraskewda, F|100/100
|
|-weather|RainDance|[upkeep]
|upkeep
|turn|18
|
|t:|1760434971
|switch|p2a: Ogerpon|Ogerpon-Wellspring, F|100/100
|move|p1a: Barraskewda|Close Combat|p2a: Ogerpon
|-damage|p2a: Ogerpon|11/100
|-unboost|p1a: Barraskewda|def|1
|-unboost|p1a: Barraskewda|spd|1
|
|-weather|RainDance|[upkeep]
|upkeep
|turn|19
|
|t:|1760434978
|switch|p2a: Ninetales|Ninetales-Alola, M|100/100
|-weather|Snowscape|[from] ability: Snow Warning|[of] p2a: Ninetales
|move|p1a: Barraskewda|Close Combat|p2a: Ninetales
|-damage|p2a: Ninetales|43/100
|-unboost|p1a: Barraskewda|def|1
|-unboost|p1a: Barraskewda|spd|1
|
|-weather|Snowscape|[upkeep]
|upkeep
|turn|20
|
|t:|1760434991
|switch|p2a: Kyurem|Kyurem, tera:Ice|3/100
|-ability|p2a: Kyurem|Pressure
|move|p1a: Barraskewda|Close Combat|p2a: Kyurem
|-supereffective|p2a: Kyurem
|-damage|p2a: Kyurem|0 fnt
|-unboost|p1a: Barraskewda|def|1
|-unboost|p1a: Barraskewda|spd|1
|faint|p2a: Kyurem
|
|-weather|Snowscape|[upkeep]
|upkeep
|
|t:|1760434997
|switch|p2a: Kingambit|Kingambit, M|100/100
|-activate|p2a: Kingambit|ability: Supreme Overlord
|-start|p2a: Kingambit|fallen3|[silent]
|-item|p2a: Kingambit|Air Balloon
|turn|21
|
|t:|1760435004
|switch|p1a: Toxicroak|Toxicroak, F|55/100
|move|p2a: Kingambit|Kowtow Cleave|p1a: Toxicroak
|-resisted|p1a: Toxicroak
|-damage|p1a: Toxicroak|28/100
|-damage|p2a: Kingambit|84/100|[from] item: Rocky Helmet|[of] p1a: Toxicroak
|
|-weather|Snowscape|[upkeep]
|upkeep
|turn|22
|
|t:|1760435012
|move|p1a: Toxicroak|Drain Punch|p2a: Kingambit
|-supereffective|p2a: Kingambit
|-damage|p2a: Kingambit|0 fnt
|-heal|p1a: Toxicroak|67/100|[from] drain|[of] p2a: Kingambit
|-enditem|p2a: Kingambit|Air Balloon
|faint|p2a: Kingambit
|-end|p2a: Kingambit|fallen3|[silent]
|
|-weather|Snowscape|[upkeep]
|upkeep
|-message|fhfghbffg随便取的 forfeited.
|
|win|jimy92
|raw|jimy92's rating: 1595 &rarr; <strong>1616</strong><br />(+21 for winning)
|raw|fhfghbffg随便取的's rating: 1605 &rarr; <strong>1584</strong><br />(-21 for losing)
|l|☆fhfghbffg随便取的
|player|p2|
|l|☆jimy92
|player|p1|
