|j|☆Spyro190 testing
|j|☆S0fiane
|t:|1760381211
|gametype|singles
|player|p1|Spyro190 testing|bugcatcher-gen4dp|1620
|player|p2|S0fiane|pokefanf|1589
|gen|9
|tier|[Gen 9] OU
|rated|
|rule|HP Percentage Mod: HP is shown in percentages
|rule|Endless Battle Clause: Forcing endless battles is banned
|rule|Species Clause: Limit one of each Pokémon
|rule|OHKO Clause: OHKO moves are banned
|rule|Evasion Items Clause: Evasion items are banned
|rule|Evasion Moves Clause: Evasion moves are banned
|rule|Evasion Abilities Clause: Evasion abilities are banned
|rule|Sleep Moves Clause: Sleep-inducing moves are banned
|clearpoke
|poke|p1|Enamorus, F|
|poke|p1|Slowking-Galar, M|
|poke|p1|Cinderace, M|
|poke|p1|Alomomola, M|
|poke|p1|Lokix, M|
|poke|p1|Great Tusk|
|poke|p2|Great Tusk|
|poke|p2|Darkrai|
|poke|p2|Ogerpon-Wellspring, F|
|poke|p2|Dragonite, M|
|poke|p2|Gholdengo|
|poke|p2|Ting-Lu|
|teampreview
|inactive|Battle timer is ON: inactive players will automatically lose when time's up. (requested by S0fiane)
|
|t:|1760381219
|teamsize|p1|6
|teamsize|p2|6
|start
|switch|p1a: Slowking|Slowking-Galar, M|100/100
|switch|p2a: Ogerpon|Ogerpon-Wellspring, F|100/100
|turn|1
|
|t:|1760381223
|move|p2a: Ogerpon|Knock Off|p1a: Slowking
|-supereffective|p1a: Slowking
|-damage|p1a: Slowking|45/100
|-enditem|p1a: Slowking|Shuca Berry|[from] move: Knock Off|[of] p2a: Ogerpon
|move|p1a: Slowking|Sludge Bomb|p2a: Ogerpon
|-supereffective|p2a: Ogerpon
|-damage|p2a: Ogerpon|15/100
|
|upkeep
|turn|2
|
|t:|1760381233
|switch|p1a: Alomomola|Alomomola, M|100/100
|move|p2a: Ogerpon|Ivy Cudgel|p1a: Alomomola|[anim] Ivy Cudgel Water
|-resisted|p1a: Alomomola
|-damage|p1a: Alomomola|76/100
|
|upkeep
|turn|3
|
|t:|1760381240
|switch|p1a: Slowking|Slowking-Galar, M|78/100
|move|p2a: Ogerpon|Power Whip|p1a: Slowking
|-resisted|p1a: Slowking
|-damage|p1a: Slowking|52/100
|
|upkeep
|turn|4
|
|t:|1760381247
|-terastallize|p2a: Ogerpon|Water
|detailschange|p2a: Ogerpon|Ogerpon-Wellspring-Tera, F, tera:Water
|-ability|p2a: Ogerpon|Embody Aspect (Wellspring)|boost
|-boost|p2a: Ogerpon|spd|1
|move|p2a: Ogerpon|Ivy Cudgel|p1a: Slowking|[anim] Ivy Cudgel Water
|-damage|p1a: Slowking|0 fnt
|faint|p1a: Slowking
|
|upkeep
|
|t:|1760381264
|switch|p1a: Cinderace|Cinderace, M|100/100
|turn|5
|
|t:|1760381268
|switch|p2a: Great Tusk|Great Tusk|100/100
|move|p1a: Cinderace|U-turn|p2a: Great Tusk
|-resisted|p2a: Great Tusk
|-crit|p2a: Great Tusk
|-damage|p2a: Great Tusk|91/100
|
|t:|1760381273
|switch|p1a: Enamorus|Enamorus, F|100/100|[from] U-turn
|
|upkeep
|turn|6
|
|t:|1760381278
|-end|p2a: Great Tusk|Protosynthesis|[silent]
|switch|p2a: Gholdengo|Gholdengo|100/100
|-item|p2a: Gholdengo|Air Balloon
|move|p1a: Enamorus|Moonblast|p2a: Gholdengo
|-resisted|p2a: Gholdengo
|-damage|p2a: Gholdengo|71/100
|-enditem|p2a: Gholdengo|Air Balloon
|
|upkeep
|turn|7
|
|t:|1760381283
|switch|p1a: Alomomola|Alomomola, M|100/100
|move|p2a: Gholdengo|Dazzling Gleam|p1a: Alomomola
|-damage|p1a: Alomomola|90/100
|
|upkeep
|turn|8
|
|t:|1760381289
|move|p2a: Gholdengo|Nasty Plot|p2a: Gholdengo
|-boost|p2a: Gholdengo|spa|2
|move|p1a: Alomomola|Body Slam|p2a: Gholdengo
|-immune|p2a: Gholdengo
|
|upkeep
|turn|9
|
|t:|1760381293
|move|p2a: Gholdengo|Shadow Ball|p1a: Alomomola
|-damage|p1a: Alomomola|56/100
|move|p1a: Alomomola|Mirror Coat|p2a: Gholdengo
|-damage|p2a: Gholdengo|0 fnt
|faint|p2a: Gholdengo
|
|upkeep
|
|t:|1760381298
|switch|p2a: Ogerpon|Ogerpon-Wellspring-Tera, F, tera:Water|15/100
|-ability|p2a: Ogerpon|Embody Aspect (Wellspring)|boost
|-boost|p2a: Ogerpon|spd|1
|turn|10
|
|t:|1760381302
|move|p2a: Ogerpon|Ivy Cudgel|p1a: Alomomola|[anim] Ivy Cudgel Water
|-resisted|p1a: Alomomola
|-damage|p1a: Alomomola|27/100
|move|p1a: Alomomola|Body Slam|p2a: Ogerpon
|-damage|p2a: Ogerpon|0 fnt
|faint|p2a: Ogerpon
|detailschange|p2: Ogerpon|Ogerpon-Wellspring, F|[silent]
|
|upkeep
|
|t:|1760381308
|switch|p2a: Great Tusk|Great Tusk|91/100
|turn|11
|
|t:|1760381312
|switch|p1a: Enamorus|Enamorus, F|100/100
|move|p2a: Great Tusk|Stealth Rock|p1a: Enamorus
|-sidestart|p1: Spyro190 testing|move: Stealth Rock
|
|upkeep
|turn|12
|
|t:|1760381317
|-end|p2a: Great Tusk|Protosynthesis|[silent]
|switch|p2a: Ting-Lu|Ting-Lu|100/100
|-ability|p2a: Ting-Lu|Vessel of Ruin
|move|p1a: Enamorus|Moonblast|p2a: Ting-Lu
|-supereffective|p2a: Ting-Lu
|-damage|p2a: Ting-Lu|54/100
|-unboost|p2a: Ting-Lu|spa|1
|
|-heal|p2a: Ting-Lu|60/100|[from] item: Leftovers
|upkeep
|turn|13
|
|t:|1760381324
|switch|p1a: Lokix|Lokix, M|100/100
|-damage|p1a: Lokix|76/100|[from] Stealth Rock
|move|p2a: Ting-Lu|Spikes|p1a: Lokix
|-sidestart|p1: Spyro190 testing|Spikes
|
|-heal|p2a: Ting-Lu|66/100|[from] item: Leftovers
|upkeep
|turn|14
|
|t:|1760381338
|-terastallize|p1a: Lokix|Bug
|move|p1a: Lokix|Leech Life|p2a: Ting-Lu
|-supereffective|p2a: Ting-Lu
|-damage|p2a: Ting-Lu|0 fnt
|-heal|p1a: Lokix|100/100|[from] drain|[of] p2a: Ting-Lu
|faint|p2a: Ting-Lu
|
|upkeep
|
|t:|1760381344
|switch|p2a: Great Tusk|Great Tusk|91/100
|turn|15
|
|t:|1760381355
|switch|p1a: Alomomola|Alomomola, M|61/100
|-damage|p1a: Alomomola|48/100|[from] Stealth Rock
|-damage|p1a: Alomomola|36/100|[from] Spikes
|move|p2a: Great Tusk|Ice Spinner|p1a: Alomomola
|-resisted|p1a: Alomomola
|-damage|p1a: Alomomola|26/100
|
|upkeep
|turn|16
|
|t:|1760381362
|move|p1a: Alomomola|Aqua Jet|p2a: Great Tusk
|-supereffective|p2a: Great Tusk
|-damage|p2a: Great Tusk|75/100
|move|p2a: Great Tusk|Rapid Spin|p1a: Alomomola
|-damage|p1a: Alomomola|13/100
|-boost|p2a: Great Tusk|spe|1
|
|upkeep
|turn|17
|
|t:|1760381368
|move|p1a: Alomomola|Aqua Jet|p2a: Great Tusk
|-supereffective|p2a: Great Tusk
|-damage|p2a: Great Tusk|58/100
|move|p2a: Great Tusk|Rapid Spin|p1a: Alomomola
|-damage|p1a: Alomomola|0 fnt
|-boost|p2a: Great Tusk|spe|1
|faint|p1a: Alomomola
|
|upkeep
|inactive|Spyro190 testing has 120 seconds left.
|
|t:|1760381407
|switch|p1a: Lokix|Lokix, M, tera:Bug|100/100
|-damage|p1a: Lokix|76/100|[from] Stealth Rock
|-damage|p1a: Lokix|63/100|[from] Spikes
|turn|18
|
|t:|1760381413
|move|p2a: Great Tusk|Headlong Rush|p1a: Lokix
|-resisted|p1a: Lokix
|-damage|p1a: Lokix|23/100
|-unboost|p2a: Great Tusk|def|1
|-unboost|p2a: Great Tusk|spd|1
|move|p1a: Lokix|Leech Life|p2a: Great Tusk
|-resisted|p2a: Great Tusk
|-damage|p2a: Great Tusk|0 fnt
|-heal|p1a: Lokix|60/100|[from] drain|[of] p2a: Great Tusk
|faint|p2a: Great Tusk
|-end|p2a: Great Tusk|Protosynthesis|[silent]
|
|upkeep
|
|t:|1760381418
|switch|p2a: Dragonite|Dragonite, M|100/100
|turn|19
|
|t:|1760381422
|move|p1a: Lokix|Leech Life|p2a: Dragonite
|-resisted|p2a: Dragonite
|-crit|p2a: Dragonite
|-damage|p2a: Dragonite|46/100
|-heal|p1a: Lokix|96/100|[from] drain|[of] p2a: Dragonite
|move|p2a: Dragonite|Dragon Tail|p1a: Lokix
|-damage|p1a: Lokix|45/100
|drag|p1a: Cinderace|Cinderace, M|100/100
|
|upkeep
|turn|20
|
|t:|1760381433
|move|p1a: Cinderace|Will-O-Wisp|p2a: Dragonite
|-status|p2a: Dragonite|brn
|move|p2a: Dragonite|Earthquake|p1a: Cinderace
|-supereffective|p1a: Cinderace
|-damage|p1a: Cinderace|58/100
|
|-damage|p2a: Dragonite|40/100 brn|[from] brn
|upkeep
|turn|21
|
|t:|1760381439
|move|p1a: Cinderace|Court Change|p1a: Cinderace
|-swapsideconditions
|-activate|p1a: Cinderace|move: Court Change
|move|p2a: Dragonite|Dragon Tail|p1a: Cinderace
|-damage|p1a: Cinderace|36/100
|drag|p1a: Lokix|Lokix, M, tera:Bug|45/100
|
|-damage|p2a: Dragonite|34/100 brn|[from] brn
|upkeep
|turn|22
|
|t:|1760381444
|move|p2a: Dragonite|Extreme Speed|p1a: Lokix
|-damage|p1a: Lokix|23/100
|move|p1a: Lokix|Leech Life|p2a: Dragonite
|-resisted|p2a: Dragonite
|-damage|p2a: Dragonite|0 fnt
|-heal|p1a: Lokix|45/100|[from] drain|[of] p2a: Dragonite
|faint|p2a: Dragonite
|
|upkeep
|
|t:|1760381447
|switch|p2a: Darkrai|Darkrai|100/100
|-damage|p2a: Darkrai|88/100|[from] Stealth Rock
|-damage|p2a: Darkrai|76/100|[from] Spikes
|turn|23
|
|t:|1760381450
|switch|p1a: Cinderace|Cinderace, M|36/100
|move|p2a: Darkrai|Dark Pulse|p1a: Cinderace
|-damage|p1a: Cinderace|0 fnt
|faint|p1a: Cinderace
|
|-heal|p2a: Darkrai|82/100|[from] item: Leftovers
|upkeep
|
|t:|1760381455
|switch|p1a: Lokix|Lokix, M, tera:Bug|45/100
|turn|24
|
|t:|1760381458
|move|p1a: Lokix|First Impression|p2a: Darkrai
|-supereffective|p2a: Darkrai
|-damage|p2a: Darkrai|0 fnt
|faint|p2a: Darkrai
|
|win|Spyro190 testing
|raw|Spyro190 testing's rating: 1620 &rarr; <strong>1638</strong><br />(+18 for winning)
|raw|S0fiane's rating: 1589 &rarr; <strong>1571</strong><br />(-18 for losing)
