|j|☆pikaragedd
|j|☆Oxymore25
|t:|1760393370
|gametype|singles
|player|p1|pikaragedd|lucas|1277
|player|p2|Oxymore25|265|1272
|gen|9
|tier|[Gen 9] OU
|rated|
|rule|HP Percentage Mod: HP is shown in percentages
|rule|Endless Battle Clause: Forcing endless battles is banned
|rule|Species Clause: Limit one of each Pokémon
|rule|OHKO Clause: OHKO moves are banned
|rule|Evasion Items Clause: Evasion items are banned
|rule|Evasion Moves Clause: Evasion moves are banned
|rule|Evasion Abilities Clause: Evasion abilities are banned
|rule|Sleep Moves Clause: Sleep-inducing moves are banned
|clearpoke
|poke|p1|Flareon, M|
|poke|p1|Alomomola, M|
|poke|p1|Weezing-Galar, M|
|poke|p1|Rillaboom, M|
|poke|p1|Primarina, F|
|poke|p1|Dragapult, M|
|poke|p2|Deoxys-Speed|
|poke|p2|Gholdengo|
|poke|p2|Iron Treads|
|poke|p2|Dragonite, M|
|poke|p2|Iron Moth|
|poke|p2|Samurott-Hisui, M|
|teampreview
|inactive|Battle timer is ON: inactive players will automatically lose when time's up. (requested by Oxymore25)
|inactive|pikaragedd also wants the timer to be on.
|
|t:|1760393383
|teamsize|p1|6
|teamsize|p2|6
|start
|switch|p1a: vaporeon 2.0|Alomomola, M|100/100
|switch|p2a: Iron Treads|Iron Treads|100/100
|-enditem|p2a: Iron Treads|Booster Energy
|-activate|p2a: Iron Treads|ability: Quark Drive|[fromitem]
|-start|p2a: Iron Treads|quarkdrivespe
|turn|1
|
|t:|1760393391
|move|p2a: Iron Treads|Stealth Rock|p1a: vaporeon 2.0
|-sidestart|p1: pikaragedd|move: Stealth Rock
|move|p1a: vaporeon 2.0|Scald|p2a: Iron Treads
|-supereffective|p2a: Iron Treads
|-crit|p2a: Iron Treads
|-damage|p2a: Iron Treads|47/100
|
|upkeep
|turn|2
|
|t:|1760393400
|-end|p2a: Iron Treads|Quark Drive|[silent]
|switch|p2a: Samurott|Samurott-Hisui, M|100/100
|move|p1a: vaporeon 2.0|Flip Turn|p2a: Samurott
|-resisted|p2a: Samurott
|-damage|p2a: Samurott|90/100
|inactive|pikaragedd has 120 seconds left.
|
|t:|1760393436
|switch|p1a: Weezing|Weezing-Galar, M|100/100|[from] Flip Turn
|-ability|p1a: Weezing|Neutralizing Gas
|-damage|p1a: Weezing|88/100|[from] Stealth Rock
|
|-heal|p1a: Weezing|94/100|[from] item: Leftovers
|upkeep
|turn|3
|inactive|pikaragedd has 120 seconds left.
|
|t:|1760393448
|switch|p2a: Iron Treads|Iron Treads|47/100
|move|p1a: Weezing|Strange Steam|p2a: Iron Treads
|-resisted|p2a: Iron Treads
|-damage|p2a: Iron Treads|30/100
|
|-heal|p1a: Weezing|99/100|[from] item: Leftovers
|upkeep
|turn|4
|inactive|pikaragedd has 120 seconds left.
|
|t:|1760393459
|-end|p1a: Weezing|ability: Neutralizing Gas
|switch|p1a: vaporeon 2.0|Alomomola, M|100/100
|-damage|p1a: vaporeon 2.0|88/100|[from] Stealth Rock
|move|p2a: Iron Treads|Knock Off|p1a: vaporeon 2.0
|-damage|p1a: vaporeon 2.0|76/100
|-damage|p2a: Iron Treads|13/100|[from] item: Rocky Helmet|[of] p1a: vaporeon 2.0
|-enditem|p1a: vaporeon 2.0|Rocky Helmet|[from] move: Knock Off|[of] p2a: Iron Treads
|
|upkeep
|turn|5
|inactive|pikaragedd has 120 seconds left.
|
|t:|1760393470
|-end|p2a: Iron Treads|Quark Drive|[silent]
|switch|p2a: Samurott|Samurott-Hisui, M|90/100
|move|p1a: vaporeon 2.0|Flip Turn|p2a: Samurott
|-resisted|p2a: Samurott
|-damage|p2a: Samurott|81/100
|inactive|pikaragedd has 120 seconds left.
|
|t:|1760393477
|switch|p1a: Weezing|Weezing-Galar, M|99/100|[from] Flip Turn
|-ability|p1a: Weezing|Neutralizing Gas
|-damage|p1a: Weezing|88/100|[from] Stealth Rock
|
|-heal|p1a: Weezing|94/100|[from] item: Leftovers
|upkeep
|turn|6
|
|t:|1760393489
|switch|p2a: Iron Treads|Iron Treads|13/100
|move|p1a: Weezing|Defog|p2a: Iron Treads
|-unboost|p2a: Iron Treads|evasion|1
|-sideend|p1: pikaragedd|Stealth Rock|[from] move: Defog|[of] p1a: Weezing
|
|-heal|p1a: Weezing|99/100|[from] item: Leftovers
|upkeep
|turn|7
|
|t:|1760393497
|move|p2a: Iron Treads|Earthquake|p1a: Weezing
|-supereffective|p1a: Weezing
|-damage|p1a: Weezing|54/100
|move|p1a: Weezing|Strange Steam|p2a: Iron Treads
|-resisted|p2a: Iron Treads
|-damage|p2a: Iron Treads|0 fnt
|faint|p2a: Iron Treads
|-end|p2a: Iron Treads|Quark Drive|[silent]
|
|-heal|p1a: Weezing|60/100|[from] item: Leftovers
|upkeep
|
|t:|1760393506
|switch|p2a: Iron Moth|Iron Moth|100/100
|turn|8
|
|t:|1760393526
|move|p2a: Iron Moth|Fiery Dance|p1a: Weezing
|-damage|p1a: Weezing|7/100
|move|p1a: Weezing|Taunt|p2a: Iron Moth
|-start|p2a: Iron Moth|move: Taunt
|
|-heal|p1a: Weezing|13/100|[from] item: Leftovers
|upkeep
|turn|9
|
|t:|1760393535
|-end|p1a: Weezing|ability: Neutralizing Gas
|switch|p1a: vaporeon 2.0|Alomomola, M|100/100
|-enditem|p2a: Iron Moth|Booster Energy
|-activate|p2a: Iron Moth|ability: Quark Drive|[fromitem]
|-start|p2a: Iron Moth|quarkdrivespe
|move|p2a: Iron Moth|Fiery Dance|p1a: vaporeon 2.0
|-resisted|p1a: vaporeon 2.0
|-damage|p1a: vaporeon 2.0|75/100
|
|upkeep
|turn|10
|
|t:|1760393551
|-end|p2a: Iron Moth|Quark Drive|[silent]
|switch|p2a: Dragonite|Dragonite, M|100/100
|move|p1a: vaporeon 2.0|Flip Turn|p2a: Dragonite
|-resisted|p2a: Dragonite
|-damage|p2a: Dragonite|96/100
|
|t:|1760393565
|switch|p1a: Dragapult|Dragapult, M|100/100|[from] Flip Turn
|
|upkeep
|turn|11
|
|t:|1760393575
|-terastallize|p2a: Dragonite|Normal
|move|p1a: Dragapult|U-turn|p2a: Dragonite
|-damage|p2a: Dragonite|78/100
|
|t:|1760393582
|switch|p1a: vaporeon 2.0|Alomomola, M|100/100|[from] U-turn
|move|p2a: Dragonite|Dragon Dance|p2a: Dragonite
|-boost|p2a: Dragonite|atk|1
|-boost|p2a: Dragonite|spe|1
|
|upkeep
|turn|12
|
|t:|1760393589
|move|p2a: Dragonite|Dragon Dance|p2a: Dragonite
|-boost|p2a: Dragonite|atk|1
|-boost|p2a: Dragonite|spe|1
|move|p1a: vaporeon 2.0|Scald|p2a: Dragonite
|-damage|p2a: Dragonite|63/100
|
|upkeep
|turn|13
|
|t:|1760393598
|move|p2a: Dragonite|Dragon Dance|p2a: Dragonite
|-boost|p2a: Dragonite|atk|1
|-boost|p2a: Dragonite|spe|1
|move|p1a: vaporeon 2.0|Scald|p2a: Dragonite
|-damage|p2a: Dragonite|49/100
|-status|p2a: Dragonite|brn
|
|-damage|p2a: Dragonite|43/100 brn|[from] brn
|upkeep
|turn|14
|
|t:|1760393614
|move|p2a: Dragonite|Dragon Dance|p2a: Dragonite
|-boost|p2a: Dragonite|atk|1
|-boost|p2a: Dragonite|spe|1
|move|p1a: vaporeon 2.0|Wish|p1a: vaporeon 2.0
|
|-damage|p2a: Dragonite|37/100 brn|[from] brn
|upkeep
|turn|15
|
|t:|1760393621
|move|p2a: Dragonite|Extreme Speed|p1a: vaporeon 2.0
|-damage|p1a: vaporeon 2.0|69/100
|move|p1a: vaporeon 2.0|Scald|p2a: Dragonite
|-damage|p2a: Dragonite|22/100 brn
|
|-heal|p1a: vaporeon 2.0|100/100|[from] move: Wish|[wisher] vaporeon 2.0
|-damage|p2a: Dragonite|16/100 brn|[from] brn
|upkeep
|turn|16
|
|t:|1760393634
|move|p2a: Dragonite|Extreme Speed|p1a: vaporeon 2.0
|-damage|p1a: vaporeon 2.0|68/100
|move|p1a: vaporeon 2.0|Flip Turn|p2a: Dragonite
|-damage|p2a: Dragonite|0 fnt
|faint|p2a: Dragonite
|inactive|pikaragedd has 120 seconds left.
|
|t:|1760393659
|switch|p1a: Primarina|Primarina, F|100/100|[from] Flip Turn
|
|upkeep
|
|t:|1760393666
|switch|p2a: Gholdengo|Gholdengo|100/100
|-item|p2a: Gholdengo|Air Balloon
|turn|17
|
|t:|1760393674
|move|p2a: Gholdengo|Nasty Plot|p2a: Gholdengo
|-boost|p2a: Gholdengo|spa|2
|move|p1a: Primarina|Flip Turn|p2a: Gholdengo
|-damage|p2a: Gholdengo|91/100
|-enditem|p2a: Gholdengo|Air Balloon
|
|t:|1760393681
|switch|p1a: Dragapult|Dragapult, M|100/100|[from] Flip Turn
|
|upkeep
|turn|18
|
|t:|1760393692
|switch|p1a: Primarina|Primarina, F|100/100
|move|p2a: Gholdengo|Shadow Ball|p1a: Primarina
|-crit|p1a: Primarina
|-damage|p1a: Primarina|42/100
|
|upkeep
|turn|19
|
|t:|1760393702
|move|p2a: Gholdengo|Shadow Ball|p1a: Primarina
|-damage|p1a: Primarina|5/100
|move|p1a: Primarina|Surf|p2a: Gholdengo
|-damage|p2a: Gholdengo|46/100
|
|upkeep
|turn|20
|
|t:|1760393708
|move|p2a: Gholdengo|Recover|p2a: Gholdengo
|-heal|p2a: Gholdengo|96/100
|move|p1a: Primarina|Surf|p2a: Gholdengo
|-damage|p2a: Gholdengo|47/100
|
|upkeep
|turn|21
|
|t:|1760393713
|move|p2a: Gholdengo|Recover|p2a: Gholdengo
|-heal|p2a: Gholdengo|97/100
|move|p1a: Primarina|Flip Turn|p2a: Gholdengo
|-damage|p2a: Gholdengo|85/100
|
|t:|1760393719
|switch|p1a: Dragapult|Dragapult, M|100/100|[from] Flip Turn
|
|upkeep
|turn|22
|
|t:|1760393724
|move|p1a: Dragapult|Shadow Ball|p2a: Gholdengo
|-supereffective|p2a: Gholdengo
|-damage|p2a: Gholdengo|0 fnt
|faint|p2a: Gholdengo
|
|upkeep
|
|t:|1760393732
|switch|p2a: Deoxys|Deoxys-Speed|100/100
|-ability|p2a: Deoxys|Pressure
|turn|23
|
|t:|1760393745
|switch|p1a: Weezing|Weezing-Galar, M|13/100
|-ability|p1a: Weezing|Neutralizing Gas
|move|p2a: Deoxys|Knock Off|p1a: Weezing
|-resisted|p1a: Weezing
|-damage|p1a: Weezing|4/100
|-enditem|p1a: Weezing|Leftovers|[from] move: Knock Off|[of] p2a: Deoxys
|-damage|p2a: Deoxys|91/100|[from] item: Life Orb
|
|upkeep
|turn|24
|
|t:|1760393758
|move|p2a: Deoxys|Knock Off|p1a: Weezing
|-resisted|p1a: Weezing
|-damage|p1a: Weezing|0 fnt
|faint|p1a: Weezing
|-end|p1a: Weezing|ability: Neutralizing Gas
|-ability|p2a: Deoxys|Pressure
|-damage|p2a: Deoxys|81/100|[from] item: Life Orb
|
|upkeep
|
|t:|1760393773
|switch|p1a: vaporeon 2.0|Alomomola, M|100/100
|turn|25
|
|t:|1760393778
|move|p2a: Deoxys|Psycho Boost|p1a: vaporeon 2.0
|-damage|p1a: vaporeon 2.0|16/100
|-unboost|p2a: Deoxys|spa|2
|-damage|p2a: Deoxys|71/100|[from] item: Life Orb
|move|p1a: vaporeon 2.0|Scald|p2a: Deoxys
|-damage|p2a: Deoxys|45/100
|
|upkeep
|turn|26
|
|t:|1760393790
|switch|p1a: Primarina|Primarina, F|5/100
|move|p2a: Deoxys|Psycho Boost|p1a: Primarina|[miss]
|-miss|p2a: Deoxys|p1a: Primarina
|
|upkeep
|turn|27
|
|t:|1760393797
|switch|p2a: Samurott|Samurott-Hisui, M|81/100
|move|p1a: Primarina|Flip Turn|p2a: Samurott
|-resisted|p2a: Samurott
|-damage|p2a: Samurott|72/100
|
|t:|1760393803
|switch|p1a: vaporeon 2.0|Alomomola, M|50/100|[from] Flip Turn
|
|upkeep
|turn|28
|
|t:|1760393822
|switch|p1a: Primarina|Primarina, F|5/100
|move|p2a: Samurott|Ceaseless Edge|p1a: Primarina
|-resisted|p1a: Primarina
|-damage|p1a: Primarina|0 fnt
|-sidestart|p1: pikaragedd|Spikes
|faint|p1a: Primarina
|
|upkeep
|
|t:|1760393830
|switch|p1a: Rillaboom|Rillaboom, M|100/100
|-damage|p1a: Rillaboom|88/100|[from] Spikes
|-fieldstart|move: Grassy Terrain|[from] ability: Grassy Surge|[of] p1a: Rillaboom
|turn|29
|
|t:|1760393836
|switch|p2a: Iron Moth|Iron Moth|100/100
|move|p1a: Rillaboom|U-turn|p2a: Iron Moth
|-resisted|p2a: Iron Moth
|-damage|p2a: Iron Moth|86/100
|
|t:|1760393846
|switch|p1a: fluffy boi|Flareon, M|100/100|[from] U-turn
|-damage|p1a: fluffy boi|88/100|[from] Spikes
|
|-heal|p2a: Iron Moth|92/100|[from] Grassy Terrain
|-heal|p1a: fluffy boi|94/100|[from] Grassy Terrain
|upkeep
|turn|30
|inactive|pikaragedd has 120 seconds left.
|
|t:|1760393890
|-terastallize|p1a: fluffy boi|Normal
|move|p2a: Iron Moth|Substitute|p2a: Iron Moth
|-start|p2a: Iron Moth|Substitute
|-damage|p2a: Iron Moth|67/100
|move|p1a: fluffy boi|Trailblaze|p2a: Iron Moth
|-resisted|p2a: Iron Moth
|-activate|p2a: Iron Moth|move: Substitute|[damage]
|-boost|p1a: fluffy boi|spe|1
|
|-heal|p2a: Iron Moth|73/100|[from] Grassy Terrain
|-heal|p1a: fluffy boi|100/100|[from] Grassy Terrain
|-status|p1a: fluffy boi|brn|[from] item: Flame Orb
|upkeep
|turn|31
|
|t:|1760393902
|move|p2a: Iron Moth|Fiery Dance|p1a: fluffy boi
|-damage|p1a: fluffy boi|53/100 brn
|move|p1a: fluffy boi|Trailblaze|p2a: Iron Moth
|-resisted|p2a: Iron Moth
|-activate|p2a: Iron Moth|move: Substitute|[damage]
|-boost|p1a: fluffy boi|spe|1
|
|-heal|p1a: fluffy boi|59/100 brn|[from] Grassy Terrain
|-heal|p2a: Iron Moth|79/100|[from] Grassy Terrain
|-damage|p1a: fluffy boi|53/100 brn|[from] brn
|upkeep
|turn|32
|
|t:|1760393915
|move|p1a: fluffy boi|Trailblaze|p2a: Iron Moth
|-resisted|p2a: Iron Moth
|-end|p2a: Iron Moth|Substitute
|-boost|p1a: fluffy boi|spe|1
|move|p2a: Iron Moth|Fiery Dance|p1a: fluffy boi
|-damage|p1a: fluffy boi|4/100 brn
|-boost|p2a: Iron Moth|spa|1
|
|-heal|p1a: fluffy boi|10/100 brn|[from] Grassy Terrain
|-heal|p2a: Iron Moth|85/100|[from] Grassy Terrain
|-damage|p1a: fluffy boi|4/100 brn|[from] brn
|upkeep
|turn|33
|
|t:|1760393929
|move|p1a: fluffy boi|Facade|p2a: Iron Moth
|-damage|p2a: Iron Moth|0 fnt
|faint|p2a: Iron Moth
|-end|p2a: Iron Moth|Quark Drive|[silent]
|
|-heal|p1a: fluffy boi|10/100 brn|[from] Grassy Terrain
|-damage|p1a: fluffy boi|4/100 brn|[from] brn
|-fieldend|move: Grassy Terrain
|upkeep
|
|t:|1760393942
|switch|p2a: Samurott|Samurott-Hisui, M|72/100
|turn|34
|
|t:|1760393954
|switch|p1a: vaporeon 2.0|Alomomola, M|83/100
|-damage|p1a: vaporeon 2.0|71/100|[from] Spikes
|move|p2a: Samurott|Ceaseless Edge|p1a: vaporeon 2.0
|-damage|p1a: vaporeon 2.0|48/100
|-sidestart|p1: pikaragedd|Spikes
|
|upkeep
|turn|35
|
|t:|1760393970
|move|p2a: Samurott|Ceaseless Edge|p1a: vaporeon 2.0
|-damage|p1a: vaporeon 2.0|24/100
|-sidestart|p1: pikaragedd|Spikes
|move|p1a: vaporeon 2.0|Wish|p1a: vaporeon 2.0
|
|upkeep
|turn|36
|
|t:|1760393975
|move|p1a: vaporeon 2.0|Protect|p1a: vaporeon 2.0
|-singleturn|p1a: vaporeon 2.0|Protect
|move|p2a: Samurott|Ceaseless Edge|p1a: vaporeon 2.0
|-activate|p1a: vaporeon 2.0|move: Protect
|
|-heal|p1a: vaporeon 2.0|74/100|[from] move: Wish|[wisher] vaporeon 2.0
|upkeep
|turn|37
|inactive|pikaragedd has 120 seconds left.
|
|t:|1760393983
|switch|p1a: fluffy boi|Flareon, M, tera:Normal|4/100 brn
|-damage|p1a: fluffy boi|0 fnt|[from] Spikes
|faint|p1a: fluffy boi
|move|p2a: Samurott|Ceaseless Edge|p1: fluffy boi|[notarget]
|-fail|p2a: Samurott
|
|upkeep
|inactive|pikaragedd has 120 seconds left.
|
|t:|1760393992
|switch|p1a: Dragapult|Dragapult, M|100/100
|-damage|p1a: Dragapult|76/100|[from] Spikes
|turn|38
|
|t:|1760393998
|switch|p1a: vaporeon 2.0|Alomomola, M|100/100
|-damage|p1a: vaporeon 2.0|76/100|[from] Spikes
|move|p2a: Samurott|Ceaseless Edge|p1a: vaporeon 2.0
|-damage|p1a: vaporeon 2.0|53/100
|
|upkeep
|turn|39
|
|t:|1760394007
|move|p1a: vaporeon 2.0|Protect|p1a: vaporeon 2.0
|-singleturn|p1a: vaporeon 2.0|Protect
|move|p2a: Samurott|Encore|p1a: vaporeon 2.0
|-activate|p1a: vaporeon 2.0|move: Protect
|
|upkeep
|turn|40
|
|t:|1760394014
|switch|p1a: Rillaboom|Rillaboom, M|88/100
|-damage|p1a: Rillaboom|63/100|[from] Spikes
|-fieldstart|move: Grassy Terrain|[from] ability: Grassy Surge|[of] p1a: Rillaboom
|move|p2a: Samurott|Ceaseless Edge|p1a: Rillaboom
|-damage|p1a: Rillaboom|23/100
|
|-heal|p2a: Samurott|78/100|[from] Grassy Terrain
|-heal|p1a: Rillaboom|29/100|[from] Grassy Terrain
|upkeep
|turn|41
|
|t:|1760394029
|move|p1a: Rillaboom|Grassy Glide|p2a: Samurott
|-supereffective|p2a: Samurott
|-damage|p2a: Samurott|0 fnt
|faint|p2a: Samurott
|
|-heal|p1a: Rillaboom|35/100|[from] Grassy Terrain
|upkeep
|
|t:|1760394035
|switch|p2a: Deoxys|Deoxys-Speed|45/100
|-ability|p2a: Deoxys|Pressure
|turn|42
|
|t:|1760394042
|move|p1a: Rillaboom|Grassy Glide|p2a: Deoxys
|-damage|p2a: Deoxys|0 fnt
|faint|p2a: Deoxys
|
|win|pikaragedd
|raw|pikaragedd's rating: 1277 &rarr; <strong>1302</strong><br />(+25 for winning)
|raw|Oxymore25's rating: 1272 &rarr; <strong>1247</strong><br />(-25 for losing)
|c|☆pikaragedd|gg
|c|☆Oxymore25|gg
|l|☆pikaragedd
|player|p1|
|l|☆Oxymore25
|player|p2|
