|j|☆Pipspedre
|j|‽gguestie
|t:|1760350864
|gametype|singles
|player|p1|Pipspedre|steven|1536
|player|p2|gguestie|1|1533
|gen|9
|tier|[Gen 9] OU
|rated|
|rule|HP Percentage Mod: HP is shown in percentages
|rule|Endless Battle Clause: Forcing endless battles is banned
|rule|Species Clause: Limit one of each Pokémon
|rule|OHKO Clause: OHKO moves are banned
|rule|Evasion Items Clause: Evasion items are banned
|rule|Evasion Moves Clause: Evasion moves are banned
|rule|Evasion Abilities Clause: Evasion abilities are banned
|rule|Sleep Moves Clause: Sleep-inducing moves are banned
|clearpoke
|poke|p1|Dragonite, M|
|poke|p1|Gholdengo|
|poke|p1|Great Tusk|
|poke|p1|Iron Valiant|
|poke|p1|Iron Moth|
|poke|p1|Slowking-Galar, F|
|poke|p2|Whimsicott, M|
|poke|p2|Greninja-*, F|
|poke|p2|Smeargle, F|
|poke|p2|Moltres|
|poke|p2|Volbeat, M|
|poke|p2|Kyurem|
|teampreview
|inactive|Battle timer is ON: inactive players will automatically lose when time's up. (requested by Pipspedre)
|
|t:|1760350876
|teamsize|p1|6
|teamsize|p2|6
|start
|switch|p1a: Gholdengo|Gholdengo|100/100
|switch|p2a: Smeargle|Smeargle, F|100/100
|turn|1
|
|t:|1760350897
|move|p2a: Smeargle|Endure|p2a: Smeargle
|-singleturn|p2a: Smeargle|move: Endure
|move|p1a: Gholdengo|Focus Blast|p2a: Smeargle
|-supereffective|p2a: Smeargle
|-activate|p2a: Smeargle|move: Endure
|-damage|p2a: Smeargle|1/100
|
|upkeep
|turn|2
|-enditem|p2a: Smeargle|Custap Berry|[eat]
|-activate|p2a: Smeargle|item: Custap Berry|[consumed]
|
|t:|1760350904
|move|p2a: Smeargle|Stealth Rock|p1a: Gholdengo
|-sidestart|p1: Pipspedre|move: Stealth Rock
|move|p1a: Gholdengo|Focus Blast|p2a: Smeargle
|-supereffective|p2a: Smeargle
|-damage|p2a: Smeargle|0 fnt
|faint|p2a: Smeargle
|
|upkeep
|
|t:|1760350908
|switch|p2a: Moltres|Moltres, shiny|100/100
|turn|3
|inactive|Pipspedre has 120 seconds left.
|
|t:|1760350945
|switch|p1a: Slowking|Slowking-Galar, F|100/100
|move|p2a: Moltres|Hurricane|p1a: Slowking
|-damage|p1a: Slowking|43/100
|
|upkeep
|turn|4
|inactive|Pipspedre has 120 seconds left.
|
|t:|1760350958
|move|p2a: Moltres|Hurricane|p1a: Slowking
|-damage|p1a: Slowking|0 fnt
|faint|p1a: Slowking
|
|upkeep
|
|t:|1760350968
|switch|p1a: Iron Moth|Iron Moth|100/100
|-damage|p1a: Iron Moth|76/100|[from] Stealth Rock
|turn|5
|
|t:|1760350972
|move|p1a: Iron Moth|Sludge Wave|p2a: Moltres
|-damage|p2a: Moltres|5/100
|move|p2a: Moltres|Hurricane|p1a: Iron Moth
|-damage|p1a: Iron Moth|0 fnt
|faint|p1a: Iron Moth
|-end|p1a: Iron Moth|Quark Drive|[silent]
|
|upkeep
|inactive|Pipspedre has 120 seconds left.
|
|t:|1760350981
|switch|p1a: Gholdengo|Gholdengo|100/100
|-damage|p1a: Gholdengo|94/100|[from] Stealth Rock
|turn|6
|
|t:|1760350986
|switch|p2a: Volbeat|Volbeat, M|100/100
|move|p1a: Gholdengo|Shadow Ball|p2a: Volbeat
|-damage|p2a: Volbeat|68/100
|
|upkeep
|turn|7
|
|t:|1760350994
|switch|p1a: Great Tusk|Great Tusk|100/100
|-damage|p1a: Great Tusk|98/100|[from] Stealth Rock
|move|p2a: Volbeat|Trick|p1a: Great Tusk
|-activate|p2a: Volbeat|move: Trick|[of] p1a: Great Tusk
|-item|p1a: Great Tusk|Lagging Tail|[from] move: Trick
|-item|p2a: Volbeat|Leftovers|[from] move: Trick
|
|-heal|p2a: Volbeat|74/100|[from] item: Leftovers
|upkeep
|turn|8
|
|t:|1760351002
|move|p2a: Volbeat|U-turn|p1a: Great Tusk
|-resisted|p1a: Great Tusk
|-damage|p1a: Great Tusk|93/100
|
|t:|1760351003
|switch|p2a: Greninja|Greninja, F|100/100|[from] U-turn
|move|p1a: Great Tusk|Stealth Rock|p2a: Greninja
|-sidestart|p2: gguestie|move: Stealth Rock
|
|upkeep
|turn|9
|
|t:|1760351016
|move|p2a: Greninja|Ice Beam|p1a: Great Tusk
|-start|p2a: Greninja|typechange|Ice|[from] ability: Protean
|-supereffective|p1a: Great Tusk
|-damage|p1a: Great Tusk|0 fnt
|faint|p1a: Great Tusk
|-end|p1a: Great Tusk|Protosynthesis|[silent]
|
|upkeep
|
|t:|1760351023
|switch|p1a: Gholdengo|Gholdengo|94/100
|-damage|p1a: Gholdengo|88/100|[from] Stealth Rock
|turn|10
|
|t:|1760351030
|switch|p2a: Moltres|Moltres, shiny|5/100
|-damage|p2a: Moltres|0 fnt|[from] Stealth Rock
|faint|p2a: Moltres
|move|p1a: Gholdengo|Make It Rain|p2: Moltres|[notarget]
|-fail|p1a: Gholdengo
|
|upkeep
|
|t:|1760351034
|switch|p2a: Greninja|Greninja, F|100/100
|-damage|p2a: Greninja|88/100|[from] Stealth Rock
|turn|11
|
|t:|1760351047
|move|p1a: Gholdengo|Make It Rain|p2a: Greninja
|-resisted|p2a: Greninja
|-damage|p2a: Greninja|39/100
|-unboost|p1a: Gholdengo|spa|1
|move|p2a: Greninja|Dark Pulse|p1a: Gholdengo
|-start|p2a: Greninja|typechange|Dark|[from] ability: Protean
|-supereffective|p1a: Gholdengo
|-damage|p1a: Gholdengo|0 fnt
|faint|p1a: Gholdengo
|
|upkeep
|
|t:|1760351051
|switch|p1a: Iron Valiant|Iron Valiant|100/100
|-damage|p1a: Iron Valiant|94/100|[from] Stealth Rock
|-enditem|p1a: Iron Valiant|Booster Energy
|-activate|p1a: Iron Valiant|ability: Quark Drive|[fromitem]
|-start|p1a: Iron Valiant|quarkdrivespe
|turn|12
|
|t:|1760351059
|switch|p2a: Volbeat|Volbeat, M|74/100
|-damage|p2a: Volbeat|49/100|[from] Stealth Rock
|move|p1a: Iron Valiant|Spirit Break|p2a: Volbeat
|-damage|p2a: Volbeat|0 fnt
|faint|p2a: Volbeat
|
|upkeep
|
|t:|1760351063
|switch|p2a: Whimsicott|Whimsicott, M|100/100
|-damage|p2a: Whimsicott|88/100|[from] Stealth Rock
|turn|13
|
|t:|1760351069
|move|p2a: Whimsicott|Tailwind|p2a: Whimsicott
|-sidestart|p2: gguestie|move: Tailwind
|move|p1a: Iron Valiant|Spirit Break|p2a: Whimsicott
|-damage|p2a: Whimsicott|53/100
|-unboost|p2a: Whimsicott|spa|1
|
|upkeep
|turn|14
|
|t:|1760351077
|move|p1a: Iron Valiant|Knock Off|p2a: Whimsicott
|-resisted|p2a: Whimsicott
|-damage|p2a: Whimsicott|38/100
|-enditem|p2a: Whimsicott|Lagging Tail|[from] move: Knock Off|[of] p1a: Iron Valiant
|move|p2a: Whimsicott|U-turn|p1a: Iron Valiant
|-resisted|p1a: Iron Valiant
|-damage|p1a: Iron Valiant|90/100
|
|t:|1760351086
|switch|p2a: Greninja|Greninja, F|39/100|[from] U-turn
|-damage|p2a: Greninja|27/100|[from] Stealth Rock
|
|upkeep
|turn|15
|
|t:|1760351095
|move|p2a: Greninja|Ice Beam|p1a: Iron Valiant
|-start|p2a: Greninja|typechange|Ice|[from] ability: Protean
|-crit|p1a: Iron Valiant
|-damage|p1a: Iron Valiant|0 fnt
|faint|p1a: Iron Valiant
|-end|p1a: Iron Valiant|Quark Drive|[silent]
|
|upkeep
|
|t:|1760351099
|switch|p1a: Dragonite|Dragonite, M|100/100
|turn|16
|
|t:|1760351107
|move|p1a: Dragonite|Extreme Speed|p2a: Greninja
|-damage|p2a: Greninja|0 fnt
|faint|p2a: Greninja
|
|-sideend|p2: gguestie|move: Tailwind
|upkeep
|
|t:|1760351113
|switch|p2a: Kyurem|Kyurem|100/100
|-damage|p2a: Kyurem|76/100|[from] Stealth Rock
|-ability|p2a: Kyurem|Pressure
|turn|17
|
|t:|1760351123
|-terastallize|p1a: Dragonite|Normal
|move|p1a: Dragonite|Extreme Speed|p2a: Kyurem
|-damage|p2a: Kyurem|38/100
|move|p2a: Kyurem|Ice Beam|p1a: Dragonite
|-damage|p1a: Dragonite|59/100
|
|upkeep
|turn|18
|
|t:|1760351132
|-terastallize|p2a: Kyurem|Ice
|move|p1a: Dragonite|Extreme Speed|p2a: Kyurem
|-damage|p2a: Kyurem|0 fnt
|faint|p2a: Kyurem
|
|upkeep
|-message|gguestie forfeited.
|
|win|Pipspedre
|raw|Pipspedre's rating: 1536 &rarr; <strong>1556</strong><br />(+20 for winning)
|raw|gguestie's rating: 1533 &rarr; <strong>1513</strong><br />(-20 for losing)
|l|‽gguestie
|player|p2|
|l|☆Pipspedre
|player|p1|
