|j|☆ayyyyyyuhsucconme
|j|☆Lonelyenders
|t:|1760440295
|gametype|singles
|player|p1|ayyyyyyuhsucconme|linebacker|1299
|player|p2|Lonelyenders|acetrainer|1338
|gen|9
|tier|[Gen 9] OU
|rated|
|rule|HP Percentage Mod: HP is shown in percentages
|rule|Endless Battle Clause: Forcing endless battles is banned
|rule|Species Clause: Limit one of each Pokémon
|rule|OHKO Clause: OHKO moves are banned
|rule|Evasion Items Clause: Evasion items are banned
|rule|Evasion Moves Clause: Evasion moves are banned
|rule|Evasion Abilities Clause: Evasion abilities are banned
|rule|Sleep Moves Clause: Sleep-inducing moves are banned
|clearpoke
|poke|p1|Gholdengo|
|poke|p1|Clodsire, F|
|poke|p1|Skarmory, F|
|poke|p1|Gliscor, F|
|poke|p1|Quaquaval, F|
|poke|p1|Goodra-Hisui, M|
|poke|p2|Krookodile, F|
|poke|p2|Heracross, M|
|poke|p2|Dragonite, M|
|poke|p2|Zapdos|
|poke|p2|Sylveon, F|
|poke|p2|Heatran, M|
|teampreview
|inactive|Battle timer is ON: inactive players will automatically lose when time's up. (requested by Lonelyenders)
|inactive|ayyyyyyuhsucconme has 120 seconds left.
|
|t:|1760440341
|teamsize|p1|6
|teamsize|p2|6
|start
|switch|p1a: Skarmory|Skarmory, F|100/100
|switch|p2a: Heracross|Heracross, M|100/100
|turn|1
|inactive|Lonelyenders has 120 seconds left.
|
|t:|1760440385
|switch|p2a: Heatran|Heatran, M|100/100
|move|p1a: Skarmory|Spikes|p2a: Heatran
|-sidestart|p2: Lonelyenders|Spikes
|
|upkeep
|turn|2
|
|t:|1760440396
|switch|p1a: Clodsire|Clodsire, F, shiny|100/100
|move|p2a: Heatran|Taunt|p1a: Clodsire
|-start|p1a: Clodsire|move: Taunt
|
|upkeep
|turn|3
|inactive|Lonelyenders has 120 seconds left.
|
|t:|1760440410
|switch|p2a: Krookodile|Krookodile, F|100/100
|-damage|p2a: Krookodile|88/100|[from] Spikes
|move|p1a: Clodsire|Earthquake|p2a: Krookodile
|-damage|p2a: Krookodile|55/100
|
|upkeep
|turn|4
|
|t:|1760440416
|switch|p1a: Skarmory|Skarmory, F|100/100
|move|p2a: Krookodile|Knock Off|p1a: Skarmory
|-damage|p1a: Skarmory|75/100
|-damage|p2a: Krookodile|38/100|[from] item: Rocky Helmet|[of] p1a: Skarmory
|-enditem|p1a: Skarmory|Rocky Helmet|[from] move: Knock Off|[of] p2a: Krookodile
|
|upkeep
|turn|5
|
|t:|1760440421
|switch|p2a: Heatran|Heatran, M|100/100
|-damage|p2a: Heatran|88/100|[from] Spikes
|move|p1a: Skarmory|Spikes|p2a: Heatran
|-sidestart|p2: Lonelyenders|Spikes
|
|-heal|p2a: Heatran|94/100|[from] item: Leftovers
|upkeep
|turn|6
|
|t:|1760440433
|switch|p1a: Goodra|Goodra-Hisui, M|100/100
|move|p2a: Heatran|Stealth Rock|p1a: Goodra
|-sidestart|p1: ayyyyyyuhsucconme|move: Stealth Rock
|
|-heal|p2a: Heatran|100/100|[from] item: Leftovers
|upkeep
|turn|7
|
|t:|1760440441
|move|p2a: Heatran|Magma Storm|p1a: Goodra|[miss]
|-miss|p2a: Heatran|p1a: Goodra
|move|p1a: Goodra|Dragon Tail|p2a: Heatran
|-resisted|p2a: Heatran
|-damage|p2a: Heatran|92/100
|drag|p2a: Heracross|Heracross, M|100/100
|-damage|p2a: Heracross|84/100|[from] Spikes
|
|-status|p2a: Heracross|brn|[from] item: Flame Orb
|upkeep
|turn|8
|
|t:|1760440454
|switch|p1a: Gliscor|Gliscor, F, shiny|100/100
|-damage|p1a: Gliscor|88/100|[from] Stealth Rock
|move|p2a: Heracross|Knock Off|p1a: Gliscor
|-damage|p1a: Gliscor|59/100
|-enditem|p1a: Gliscor|Toxic Orb|[from] move: Knock Off|[of] p2a: Heracross
|
|-damage|p2a: Heracross|78/100 brn|[from] brn
|upkeep
|turn|9
|
|t:|1760440462
|move|p2a: Heracross|Trailblaze|p1a: Gliscor
|-damage|p1a: Gliscor|45/100
|-boost|p2a: Heracross|spe|1
|move|p1a: Gliscor|Knock Off|p2a: Heracross
|-resisted|p2a: Heracross
|-damage|p2a: Heracross|62/100 brn
|-enditem|p2a: Heracross|Flame Orb|[from] move: Knock Off|[of] p1a: Gliscor
|
|-damage|p2a: Heracross|56/100 brn|[from] brn
|upkeep
|turn|10
|
|t:|1760440466
|move|p1a: Gliscor|Protect|p1a: Gliscor
|-singleturn|p1a: Gliscor|Protect
|move|p2a: Heracross|Facade|p1a: Gliscor
|-activate|p1a: Gliscor|move: Protect
|
|-damage|p2a: Heracross|50/100 brn|[from] brn
|upkeep
|turn|11
|
|t:|1760440471
|move|p2a: Heracross|Facade|p1a: Gliscor
|-damage|p1a: Gliscor|6/100
|move|p1a: Gliscor|Earthquake|p2a: Heracross
|-resisted|p2a: Heracross
|-damage|p2a: Heracross|28/100 brn
|
|-damage|p2a: Heracross|22/100 brn|[from] brn
|upkeep
|turn|12
|
|t:|1760440477
|switch|p2a: Krookodile|Krookodile, F|38/100
|-damage|p2a: Krookodile|21/100|[from] Spikes
|move|p1a: Gliscor|Earthquake|p2a: Krookodile
|-damage|p2a: Krookodile|0 fnt
|faint|p2a: Krookodile
|
|upkeep
|
|t:|1760440480
|switch|p2a: Zapdos|Zapdos|100/100
|turn|13
|
|t:|1760440483
|move|p2a: Zapdos|Hurricane|p1a: Gliscor|[miss]
|-miss|p2a: Zapdos|p1a: Gliscor
|move|p1a: Gliscor|Knock Off|p2a: Zapdos
|-damage|p2a: Zapdos|77/100
|-enditem|p2a: Zapdos|Heavy-Duty Boots|[from] move: Knock Off|[of] p1a: Gliscor
|
|upkeep
|turn|14
|
|t:|1760440491
|switch|p1a: Clodsire|Clodsire, F, shiny|100/100
|-damage|p1a: Clodsire|94/100|[from] Stealth Rock
|move|p2a: Zapdos|Hurricane|p1a: Clodsire|[miss]
|-miss|p2a: Zapdos|p1a: Clodsire
|
|-heal|p1a: Clodsire|100/100|[from] item: Leftovers
|upkeep
|turn|15
|
|t:|1760440495
|switch|p2a: Heatran|Heatran, M|92/100
|-damage|p2a: Heatran|76/100|[from] Spikes
|move|p1a: Clodsire|Stealth Rock|p2a: Heatran
|-sidestart|p2: Lonelyenders|move: Stealth Rock
|
|-heal|p2a: Heatran|82/100|[from] item: Leftovers
|upkeep
|turn|16
|
|t:|1760440501
|move|p2a: Heatran|Magma Storm|p1a: Clodsire
|-damage|p1a: Clodsire|78/100
|-activate|p1a: Clodsire|move: Magma Storm|[of] p2a: Heatran
|move|p1a: Clodsire|Earthquake|p2a: Heatran
|-supereffective|p2a: Heatran
|-damage|p2a: Heatran|0 fnt
|faint|p2a: Heatran
|
|-heal|p1a: Clodsire|84/100|[from] item: Leftovers
|-end|p1a: Clodsire|Magma Storm|[partiallytrapped]|[silent]
|upkeep
|
|t:|1760440510
|switch|p2a: Sylveon|Sylveon, F|100/100
|-damage|p2a: Sylveon|84/100|[from] Spikes
|-damage|p2a: Sylveon|71/100|[from] Stealth Rock
|turn|17
|
|t:|1760440520
|switch|p1a: Gliscor|Gliscor, F, shiny|6/100
|-damage|p1a: Gliscor|0 fnt|[from] Stealth Rock
|faint|p1a: Gliscor
|move|p2a: Sylveon|Psyshock|p1: Gliscor|[notarget]
|-fail|p2a: Sylveon
|
|upkeep
|
|t:|1760440527
|switch|p1a: Gholdengo|Gholdengo|100/100
|-damage|p1a: Gholdengo|94/100|[from] Stealth Rock
|-item|p1a: Gholdengo|Air Balloon
|turn|18
|
|t:|1760440530
|switch|p2a: Zapdos|Zapdos|77/100
|-damage|p2a: Zapdos|52/100|[from] Stealth Rock
|move|p1a: Gholdengo|Make It Rain|p2a: Zapdos
|-resisted|p2a: Zapdos
|-damage|p2a: Zapdos|10/100
|-unboost|p1a: Gholdengo|spa|1
|
|upkeep
|turn|19
|
|t:|1760440537
|switch|p1a: Clodsire|Clodsire, F, shiny|84/100
|-damage|p1a: Clodsire|78/100|[from] Stealth Rock
|move|p2a: Zapdos|Roost|p2a: Zapdos
|-heal|p2a: Zapdos|60/100
|-singleturn|p2a: Zapdos|move: Roost
|
|-heal|p1a: Clodsire|84/100|[from] item: Leftovers
|upkeep
|turn|20
|
|t:|1760440541
|switch|p2a: Heracross|Heracross, M|22/100 brn
|-damage|p2a: Heracross|6/100 brn|[from] Spikes
|-damage|p2a: Heracross|0 fnt|[from] Stealth Rock
|faint|p2a: Heracross
|move|p1a: Clodsire|Toxic|p2: Heracross|[notarget]
|-fail|p1a: Clodsire
|
|-heal|p1a: Clodsire|90/100|[from] item: Leftovers
|upkeep
|
|t:|1760440543
|switch|p2a: Sylveon|Sylveon, F|71/100
|-damage|p2a: Sylveon|55/100|[from] Spikes
|-damage|p2a: Sylveon|42/100|[from] Stealth Rock
|turn|21
|
|t:|1760440549
|move|p2a: Sylveon|Shadow Ball|p1a: Clodsire
|-damage|p1a: Clodsire|70/100
|move|p1a: Clodsire|Earthquake|p2a: Sylveon
|-damage|p2a: Sylveon|1/100
|
|-heal|p1a: Clodsire|76/100|[from] item: Leftovers
|upkeep
|turn|22
|
|t:|1760440556
|move|p2a: Sylveon|Shadow Ball|p1a: Clodsire
|-damage|p1a: Clodsire|56/100
|-unboost|p1a: Clodsire|spd|1
|move|p1a: Clodsire|Toxic|p2a: Sylveon
|-status|p2a: Sylveon|tox
|
|-heal|p1a: Clodsire|62/100|[from] item: Leftovers
|-damage|p2a: Sylveon|0 fnt|[from] psn
|faint|p2a: Sylveon
|upkeep
|
|t:|1760440558
|switch|p2a: Dragonite|Dragonite, M|100/100
|turn|23
|
|t:|1760440561
|switch|p1a: Skarmory|Skarmory, F|75/100
|-damage|p1a: Skarmory|63/100|[from] Stealth Rock
|move|p2a: Dragonite|Dragon Dance|p2a: Dragonite
|-boost|p2a: Dragonite|atk|1
|-boost|p2a: Dragonite|spe|1
|
|upkeep
|turn|24
|
|t:|1760440567
|move|p2a: Dragonite|Dragon Dance|p2a: Dragonite
|-boost|p2a: Dragonite|atk|1
|-boost|p2a: Dragonite|spe|1
|move|p1a: Skarmory|Roost|p1a: Skarmory
|-heal|p1a: Skarmory|100/100
|-singleturn|p1a: Skarmory|move: Roost
|
|upkeep
|turn|25
|
|t:|1760440572
|move|p2a: Dragonite|Dragon Dance|p2a: Dragonite
|-boost|p2a: Dragonite|atk|1
|-boost|p2a: Dragonite|spe|1
|move|p1a: Skarmory|Roar|p2a: Dragonite
|drag|p2a: Zapdos|Zapdos|60/100
|-damage|p2a: Zapdos|35/100|[from] Stealth Rock
|
|upkeep
|turn|26
|
|t:|1760440579
|switch|p1a: Clodsire|Clodsire, F, shiny|62/100
|-damage|p1a: Clodsire|56/100|[from] Stealth Rock
|move|p2a: Zapdos|Discharge|p1a: Clodsire
|-immune|p1a: Clodsire
|
|-heal|p1a: Clodsire|62/100|[from] item: Leftovers
|upkeep
|turn|27
|
|t:|1760440588
|move|p2a: Zapdos|Hurricane|p1a: Clodsire|[miss]
|-miss|p2a: Zapdos|p1a: Clodsire
|move|p1a: Clodsire|Recover|p1a: Clodsire
|-heal|p1a: Clodsire|100/100
|
|upkeep
|turn|28
|
|t:|1760440602
|move|p2a: Zapdos|Hurricane|p1a: Clodsire
|-damage|p1a: Clodsire|72/100
|move|p1a: Clodsire|Toxic|p2a: Zapdos
|-status|p2a: Zapdos|tox
|
|-heal|p1a: Clodsire|78/100|[from] item: Leftovers
|-damage|p2a: Zapdos|29/100 tox|[from] psn
|upkeep
|turn|29
|
|t:|1760440613
|switch|p2a: Dragonite|Dragonite, M|100/100
|move|p1a: Clodsire|Earthquake|p2a: Dragonite
|-immune|p2a: Dragonite
|
|-heal|p1a: Clodsire|85/100|[from] item: Leftovers
|upkeep
|turn|30
|
|t:|1760440617
|switch|p1a: Skarmory|Skarmory, F|100/100
|-damage|p1a: Skarmory|88/100|[from] Stealth Rock
|move|p2a: Dragonite|Dragon Dance|p2a: Dragonite
|-boost|p2a: Dragonite|atk|1
|-boost|p2a: Dragonite|spe|1
|
|upkeep
|turn|31
|
|t:|1760440622
|move|p2a: Dragonite|Ice Spinner|p1a: Skarmory
|-damage|p1a: Skarmory|63/100
|move|p1a: Skarmory|Roar|p2a: Dragonite
|drag|p2a: Zapdos|Zapdos|29/100 tox
|-damage|p2a: Zapdos|4/100 tox|[from] Stealth Rock
|
|-damage|p2a: Zapdos|0 fnt|[from] psn
|faint|p2a: Zapdos
|upkeep
|
|t:|1760440626
|switch|p2a: Dragonite|Dragonite, M|100/100
|turn|32
|
|t:|1760440633
|move|p2a: Dragonite|Dragon Dance|p2a: Dragonite
|-boost|p2a: Dragonite|atk|1
|-boost|p2a: Dragonite|spe|1
|move|p1a: Skarmory|Brave Bird|p2a: Dragonite
|-damage|p2a: Dragonite|82/100
|-damage|p1a: Skarmory|57/100|[from] Recoil
|
|upkeep
|turn|33
|
|t:|1760440642
|switch|p1a: Clodsire|Clodsire, F, shiny|85/100
|-damage|p1a: Clodsire|78/100|[from] Stealth Rock
|move|p2a: Dragonite|Dragon Dance|p2a: Dragonite
|-boost|p2a: Dragonite|atk|1
|-boost|p2a: Dragonite|spe|1
|
|-heal|p1a: Clodsire|85/100|[from] item: Leftovers
|upkeep
|turn|34
|
|t:|1760440645
|move|p2a: Dragonite|Earthquake|p1a: Clodsire
|-supereffective|p1a: Clodsire
|-damage|p1a: Clodsire|0 fnt
|faint|p1a: Clodsire
|
|upkeep
|
|t:|1760440656
|switch|p1a: Gholdengo|Gholdengo|94/100
|-damage|p1a: Gholdengo|88/100|[from] Stealth Rock
|-item|p1a: Gholdengo|Air Balloon
|turn|35
|
|t:|1760440662
|-terastallize|p2a: Dragonite|Normal
|move|p2a: Dragonite|Ice Spinner|p1a: Gholdengo
|-resisted|p1a: Gholdengo
|-damage|p1a: Gholdengo|57/100
|-enditem|p1a: Gholdengo|Air Balloon
|move|p1a: Gholdengo|Make It Rain|p2a: Dragonite
|-damage|p2a: Dragonite|11/100
|-unboost|p1a: Gholdengo|spa|1
|
|upkeep
|turn|36
|
|t:|1760440674
|switch|p1a: Skarmory|Skarmory, F|57/100
|-damage|p1a: Skarmory|45/100|[from] Stealth Rock
|move|p2a: Dragonite|Earthquake|p1a: Skarmory
|-immune|p1a: Skarmory
|
|upkeep
|turn|37
|
|t:|1760440681
|move|p2a: Dragonite|Ice Spinner|p1a: Skarmory
|-damage|p1a: Skarmory|10/100
|move|p1a: Skarmory|Roost|p1a: Skarmory
|-heal|p1a: Skarmory|60/100
|-singleturn|p1a: Skarmory|move: Roost
|
|upkeep
|turn|38
|
|t:|1760440688
|move|p2a: Dragonite|Ice Spinner|p1a: Skarmory
|-damage|p1a: Skarmory|25/100
|move|p1a: Skarmory|Brave Bird|p2a: Dragonite
|-damage|p2a: Dragonite|0 fnt
|faint|p2a: Dragonite
|-damage|p1a: Skarmory|21/100|[from] Recoil
|
|win|ayyyyyyuhsucconme
|raw|ayyyyyyuhsucconme's rating: 1299 &rarr; <strong>1327</strong><br />(+28 for winning)
|raw|Lonelyenders's rating: 1338 &rarr; <strong>1316</strong><br />(-22 for losing)
|l|☆Lonelyenders
|player|p2|
|l|☆ayyyyyyuhsucconme
|player|p1|
