|j|☆hoang nguyen
|j|☆ChessDennis
|t:|1760364905
|gametype|singles
|player|p1|hoang nguyen|2|1336
|player|p2|ChessDennis|1|1285
|gen|9
|tier|[Gen 9] OU
|rated|
|rule|HP Percentage Mod: HP is shown in percentages
|rule|Endless Battle Clause: Forcing endless battles is banned
|rule|Species Clause: Limit one of each Pokémon
|rule|OHKO Clause: OHKO moves are banned
|rule|Evasion Items Clause: Evasion items are banned
|rule|Evasion Moves Clause: Evasion moves are banned
|rule|Evasion Abilities Clause: Evasion abilities are banned
|rule|Sleep Moves Clause: Sleep-inducing moves are banned
|clearpoke
|poke|p1|Alomomola, F|
|poke|p1|Gholdengo|
|poke|p1|Dragonite, F|
|poke|p1|Garchomp, M|
|poke|p1|Terrakion|
|poke|p1|Slowking-Galar, M|
|poke|p2|Walking Wake|
|poke|p2|Thundurus-Therian, M|
|poke|p2|Amoonguss, F|
|poke|p2|Gardevoir, F|
|poke|p2|Cinderace, M|
|poke|p2|Great Tusk|
|teampreview
|
|t:|1760364922
|teamsize|p1|6
|teamsize|p2|6
|start
|switch|p1a: Alomomola|Alomomola, F|100/100
|switch|p2a: Cinderace|Cinderace, M|100/100
|turn|1
|
|t:|1760364930
|move|p2a: Cinderace|Sunny Day|p2a: Cinderace
|-weather|SunnyDay
|move|p1a: Alomomola|Flip Turn|p2a: Cinderace
|-supereffective|p2a: Cinderace
|-damage|p2a: Cinderace|81/100
|
|t:|1760364942
|switch|p1a: Terrakion|Terrakion|100/100|[from] Flip Turn
|
|-weather|SunnyDay|[upkeep]
|upkeep
|turn|2
|
|t:|1760364952
|move|p1a: Terrakion|Stone Edge|p2a: Cinderace
|-supereffective|p2a: Cinderace
|-damage|p2a: Cinderace|0 fnt
|faint|p2a: Cinderace
|
|-weather|SunnyDay|[upkeep]
|upkeep
|
|t:|1760364958
|switch|p2a: Great Tusk|Great Tusk|100/100
|-activate|p2a: Great Tusk|ability: Protosynthesis
|-start|p2a: Great Tusk|protosynthesisspe
|turn|3
|
|t:|1760364975
|switch|p1a: Garchomp|Garchomp, M|100/100
|move|p2a: Great Tusk|Ice Spinner|p1a: Garchomp
|-supereffective|p1a: Garchomp
|-damage|p1a: Garchomp|13/100
|-damage|p2a: Great Tusk|88/100|[from] ability: Rough Skin|[of] p1a: Garchomp
|-damage|p2a: Great Tusk|72/100|[from] item: Rocky Helmet|[of] p1a: Garchomp
|-damage|p2a: Great Tusk|62/100|[from] item: Life Orb
|
|-weather|SunnyDay|[upkeep]
|upkeep
|turn|4
|
|t:|1760364989
|move|p2a: Great Tusk|Ice Spinner|p1a: Garchomp
|-supereffective|p1a: Garchomp
|-damage|p1a: Garchomp|0 fnt
|-damage|p2a: Great Tusk|49/100|[from] ability: Rough Skin|[of] p1a: Garchomp
|-damage|p2a: Great Tusk|33/100|[from] item: Rocky Helmet|[of] p1a: Garchomp
|faint|p1a: Garchomp
|-damage|p2a: Great Tusk|23/100|[from] item: Life Orb
|
|-weather|SunnyDay|[upkeep]
|upkeep
|
|t:|1760365006
|switch|p1a: Alomomola|Alomomola, F|100/100
|turn|5
|
|t:|1760365020
|-end|p2a: Great Tusk|Protosynthesis|[silent]
|switch|p2a: Gardevoir|Gardevoir, F|100/100
|-ability|p2a: Gardevoir|Regenerator|Trace|[from] ability: Trace|[of] p1a: Alomomola
|move|p1a: Alomomola|Scald|p2a: Gardevoir
|-damage|p2a: Gardevoir|94/100
|
|-weather|none
|upkeep
|turn|6
|
|t:|1760365032
|move|p1a: Alomomola|Flip Turn|p2a: Gardevoir
|-damage|p2a: Gardevoir|69/100
|inactive|Battle timer is ON: inactive players will automatically lose when time's up. (requested by ChessDennis)
|
|t:|1760365051
|switch|p1a: Dragonite|Dragonite, F|100/100|[from] Flip Turn
|move|p2a: Gardevoir|Trick Room|p2a: Gardevoir
|-fieldstart|move: Trick Room|[of] p2a: Gardevoir
|
|upkeep
|turn|7
|
|t:|1760365077
|switch|p1a: Slowking|Slowking-Galar, M|100/100
|move|p2a: Gardevoir|Psychic Noise|p1a: Slowking
|-damage|p1a: Slowking|70/100
|-start|p1a: Slowking|move: Heal Block
|-enditem|p2a: Gardevoir|Throat Spray
|-boost|p2a: Gardevoir|spa|1|[from] item: Throat Spray
|
|upkeep
|turn|8
|
|t:|1760365091
|move|p1a: Slowking|Future Sight|p2a: Gardevoir
|-start|p1a: Slowking|move: Future Sight
|move|p2a: Gardevoir|Psychic Noise|p1a: Slowking
|-damage|p1a: Slowking|20/100
|
|-end|p1a: Slowking|move: Heal Block
|upkeep
|turn|9
|
|t:|1760365098
|move|p1a: Slowking|Sludge Bomb|p2a: Gardevoir
|-supereffective|p2a: Gardevoir
|-damage|p2a: Gardevoir|0 fnt
|faint|p2a: Gardevoir
|
|-heal|p1a: Slowking|26/100|[from] item: Leftovers
|upkeep
|
|t:|1760365101
|switch|p2a: Amoonguss|Amoonguss, F|100/100
|turn|10
|
|t:|1760365107
|switch|p1a: Gholdengo|Gholdengo|100/100
|move|p2a: Amoonguss|Growth|p2a: Amoonguss
|-boost|p2a: Amoonguss|atk|1
|-boost|p2a: Amoonguss|spa|1
|
|-end|p2a: Amoonguss|move: Future Sight
|-supereffective|p2a: Amoonguss
|-damage|p2a: Amoonguss|9/100
|-fieldend|move: Trick Room
|upkeep
|turn|11
|
|t:|1760365117
|switch|p2a: Great Tusk|Great Tusk|23/100
|move|p1a: Gholdengo|Nasty Plot|p1a: Gholdengo
|-boost|p1a: Gholdengo|spa|2
|
|upkeep
|turn|12
|
|t:|1760365125
|switch|p1a: Alomomola|Alomomola, F|100/100
|move|p2a: Great Tusk|Headlong Rush|p1a: Alomomola
|-damage|p1a: Alomomola|65/100
|-unboost|p2a: Great Tusk|def|1
|-unboost|p2a: Great Tusk|spd|1
|-damage|p2a: Great Tusk|13/100|[from] item: Life Orb
|
|upkeep
|turn|13
|
|t:|1760365131
|move|p2a: Great Tusk|Knock Off|p1a: Alomomola
|-damage|p1a: Alomomola|45/100
|-enditem|p1a: Alomomola|Heavy-Duty Boots|[from] move: Knock Off|[of] p2a: Great Tusk
|-damage|p2a: Great Tusk|3/100|[from] item: Life Orb
|move|p1a: Alomomola|Flip Turn|p2a: Great Tusk
|-supereffective|p2a: Great Tusk
|-damage|p2a: Great Tusk|0 fnt
|faint|p2a: Great Tusk
|-end|p2a: Great Tusk|Protosynthesis|[silent]
|
|t:|1760365144
|switch|p1a: Slowking|Slowking-Galar, M|59/100|[from] Flip Turn
|
|-heal|p1a: Slowking|65/100|[from] item: Leftovers
|upkeep
|
|t:|1760365154
|switch|p2a: Walking Wake|Walking Wake|100/100
|turn|14
|
|t:|1760365160
|move|p2a: Walking Wake|Sunny Day|p2a: Walking Wake
|-weather|SunnyDay
|-activate|p2a: Walking Wake|ability: Protosynthesis
|-start|p2a: Walking Wake|protosynthesisspe
|move|p1a: Slowking|Thunder Wave|p2a: Walking Wake
|-status|p2a: Walking Wake|par
|
|-weather|SunnyDay|[upkeep]
|-heal|p1a: Slowking|71/100|[from] item: Leftovers
|upkeep
|turn|15
|
|t:|1760365166
|move|p2a: Walking Wake|Hydro Steam|p1a: Slowking
|-damage|p1a: Slowking|8/100
|-prepare|p1a: Slowking|Chilly Reception|[premajor]
|move|p1a: Slowking|Chilly Reception|p1a: Slowking
|-weather|Snowscape
|-end|p2a: Walking Wake|Protosynthesis
|l|☆hoang nguyen
|inactive|hoang nguyen disconnected and has a minute to reconnect!
|player|p1|
|inactive|hoang nguyen has 30 seconds to reconnect!
|inactive|hoang nguyen has 20 seconds to reconnect!
|inactive|hoang nguyen has 15 seconds to reconnect!
|j|☆hoang nguyen
|inactive|hoang nguyen reconnected and has 80 seconds left.
|player|p1|hoang nguyen|2|
|
|t:|1760365255
|switch|p1a: Dragonite|Dragonite, F|100/100|[from] Chilly Reception
|
|-weather|Snowscape|[upkeep]
|upkeep
|turn|16
|
|t:|1760365263
|-terastallize|p1a: Dragonite|Fairy
|move|p1a: Dragonite|Dragon Dance|p1a: Dragonite
|-boost|p1a: Dragonite|atk|1
|-boost|p1a: Dragonite|spe|1
|move|p2a: Walking Wake|Draco Meteor|p1a: Dragonite
|-immune|p1a: Dragonite
|
|-weather|Snowscape|[upkeep]
|upkeep
|turn|17
|
|t:|1760365273
|move|p1a: Dragonite|Scale Shot|p2a: Walking Wake
|-supereffective|p2a: Walking Wake
|-damage|p2a: Walking Wake|56/100 par
|-supereffective|p2a: Walking Wake
|-damage|p2a: Walking Wake|3/100 par
|-supereffective|p2a: Walking Wake
|-damage|p2a: Walking Wake|0 fnt
|faint|p2a: Walking Wake
|-end|p2a: Walking Wake|Protosynthesis|[silent]
|-hitcount|p2: Walking Wake|3
|-unboost|p1a: Dragonite|def|1
|-boost|p1a: Dragonite|spe|1
|
|-weather|Snowscape|[upkeep]
|upkeep
|
|t:|1760365275
|switch|p2a: Amoonguss|Amoonguss, F|42/100
|turn|18
|
|t:|1760365286
|move|p1a: Dragonite|Fire Punch|p2a: Amoonguss
|-supereffective|p2a: Amoonguss
|-damage|p2a: Amoonguss|0 fnt
|faint|p2a: Amoonguss
|
|-weather|Snowscape|[upkeep]
|upkeep
|
|t:|1760365289
|switch|p2a: Thundurus|Thundurus-Therian, M|100/100
|turn|19
|inactive|hoang nguyen has 90 seconds left.
|
|t:|1760365294
|move|p1a: Dragonite|Scale Shot|p2a: Thundurus
|-damage|p2a: Thundurus|62/100
|-crit|p2a: Thundurus
|-damage|p2a: Thundurus|8/100
|-damage|p2a: Thundurus|0 fnt
|faint|p2a: Thundurus
|-hitcount|p2: Thundurus|3
|
|win|hoang nguyen
|raw|hoang nguyen's rating: 1336 &rarr; <strong>1353</strong><br />(+17 for winning)
|raw|ChessDennis's rating: 1285 &rarr; <strong>1264</strong><br />(-21 for losing)
|l|☆ChessDennis
|player|p2|
|l|☆hoang nguyen
|player|p1|
