|j|☆suijilurenjia
|j|☆PalWrld
|t:|1760461626
|gametype|singles
|player|p1|suijilurenjia|bugcatcher-gen4dp|1135
|player|p2|PalWrld|volkner|1097
|gen|9
|tier|[Gen 9] OU
|rated|
|rule|HP Percentage Mod: HP is shown in percentages
|rule|Endless Battle Clause: Forcing endless battles is banned
|rule|Species Clause: Limit one of each Pokémon
|rule|OHKO Clause: OHKO moves are banned
|rule|Evasion Items Clause: Evasion items are banned
|rule|Evasion Moves Clause: Evasion moves are banned
|rule|Evasion Abilities Clause: Evasion abilities are banned
|rule|Sleep Moves Clause: Sleep-inducing moves are banned
|clearpoke
|poke|p1|Cacturne, M|
|poke|p1|Swampert, F|
|poke|p1|Gallade, M|
|poke|p1|Vespiquen, F|
|poke|p1|Grafaiai, F|
|poke|p1|Dragapult, F|
|poke|p2|Garchomp, M|
|poke|p2|Darkrai|
|poke|p2|Gholdengo|
|poke|p2|Ogerpon-Wellspring, F|
|poke|p2|Iron Valiant|
|poke|p2|Iron Treads|
|teampreview
|inactive|Battle timer is ON: inactive players will automatically lose when time's up. (requested by PalWrld)
|
|t:|1760461642
|teamsize|p1|6
|teamsize|p2|6
|start
|switch|p1a: Grafaiai|Grafaiai, F, shiny|100/100
|switch|p2a: Garchomp|Garchomp, M|100/100
|turn|1
|
|t:|1760461647
|move|p1a: Grafaiai|Swords Dance|p1a: Grafaiai
|-boost|p1a: Grafaiai|atk|2
|move|p2a: Garchomp|Earthquake|p1a: Grafaiai
|-supereffective|p1a: Grafaiai
|-enditem|p1a: Grafaiai|Focus Sash
|-damage|p1a: Grafaiai|1/100
|
|upkeep
|turn|2
|
|t:|1760461654
|-terastallize|p1a: Grafaiai|Flying
|move|p1a: Grafaiai|Encore|p2a: Garchomp
|-start|p2a: Garchomp|Encore
|move|p2a: Garchomp|Earthquake|p1a: Grafaiai
|-immune|p1a: Grafaiai
|
|upkeep
|turn|3
|
|t:|1760461668
|switch|p2a: Iron Treads|Iron Treads|100/100
|move|p1a: Grafaiai|Endeavor|p2a: Iron Treads
|-damage|p2a: Iron Treads|1/100
|
|-heal|p2a: Iron Treads|7/100|[from] item: Leftovers
|upkeep
|turn|4
|
|t:|1760461681
|move|p1a: Grafaiai|Acrobatics|p2a: Iron Treads
|-resisted|p2a: Iron Treads
|-damage|p2a: Iron Treads|0 fnt
|faint|p2a: Iron Treads
|-end|p2a: Iron Treads|Quark Drive|[silent]
|
|upkeep
|
|t:|1760461690
|switch|p2a: Darkrai|Darkrai|100/100
|turn|5
|
|t:|1760461696
|move|p1a: Grafaiai|Acrobatics|p2a: Darkrai
|-crit|p2a: Darkrai
|-damage|p2a: Darkrai|0 fnt
|faint|p2a: Darkrai
|
|upkeep
|
|t:|1760461703
|switch|p2a: Garchomp|Garchomp, M|100/100
|turn|6
|
|t:|1760461707
|move|p1a: Grafaiai|Endeavor|p2a: Garchomp
|-damage|p2a: Garchomp|1/100
|-damage|p1a: Grafaiai|0 fnt|[from] ability: Rough Skin|[of] p2a: Garchomp
|faint|p1a: Grafaiai
|move|p2a: Garchomp|Stealth Rock|p1: Grafaiai
|-sidestart|p1: suijilurenjia|move: Stealth Rock
|
|upkeep
|
|t:|1760461716
|switch|p1a: Vespiquen|Vespiquen, F|100/100
|-damage|p1a: Vespiquen|50/100|[from] Stealth Rock
|-ability|p1a: Vespiquen|Pressure
|turn|7
|
|t:|1760461727
|move|p2a: Garchomp|Spikes|p1a: Vespiquen
|-sidestart|p1: suijilurenjia|Spikes
|move|p1a: Vespiquen|Bug Buzz|p2a: Garchomp
|-damage|p2a: Garchomp|0 fnt
|faint|p2a: Garchomp
|
|upkeep
|
|t:|1760461736
|switch|p2a: Gholdengo|Gholdengo|100/100
|-item|p2a: Gholdengo|Air Balloon
|turn|8
|
|t:|1760461761
|move|p2a: Gholdengo|Nasty Plot|p2a: Gholdengo
|-boost|p2a: Gholdengo|spa|2
|move|p1a: Vespiquen|Bug Buzz|p2a: Gholdengo
|-resisted|p2a: Gholdengo
|-damage|p2a: Gholdengo|94/100
|-enditem|p2a: Gholdengo|Air Balloon
|
|upkeep
|turn|9
|
|t:|1760461772
|move|p2a: Gholdengo|Nasty Plot|p2a: Gholdengo
|-boost|p2a: Gholdengo|spa|2
|move|p1a: Vespiquen|Destiny Bond|p1a: Vespiquen
|-singlemove|p1a: Vespiquen|Destiny Bond
|
|upkeep
|turn|10
|
|t:|1760461784
|move|p2a: Gholdengo|Nasty Plot|p2a: Gholdengo
|-boost|p2a: Gholdengo|spa|2
|move|p1a: Vespiquen|Power Gem|p2a: Gholdengo
|-resisted|p2a: Gholdengo
|-damage|p2a: Gholdengo|86/100
|
|upkeep
|turn|11
|
|t:|1760461790
|move|p2a: Gholdengo|Shadow Ball|p1a: Vespiquen
|-damage|p1a: Vespiquen|0 fnt
|faint|p1a: Vespiquen
|
|upkeep
|
|t:|1760461798
|switch|p1a: Cacturne|Cacturne, M|100/100
|-damage|p1a: Cacturne|88/100|[from] Stealth Rock
|-damage|p1a: Cacturne|76/100|[from] Spikes
|turn|12
|
|t:|1760461806
|-terastallize|p2a: Gholdengo|Fairy
|move|p1a: Cacturne|Sucker Punch|p2a: Gholdengo
|-resisted|p2a: Gholdengo
|-damage|p2a: Gholdengo|73/100
|move|p2a: Gholdengo|Shadow Ball|p1a: Cacturne
|-resisted|p1a: Cacturne
|-crit|p1a: Cacturne
|-damage|p1a: Cacturne|0 fnt
|faint|p1a: Cacturne
|
|upkeep
|
|t:|1760461821
|switch|p1a: Dragapult|Dragapult, F|100/100
|-damage|p1a: Dragapult|88/100|[from] Stealth Rock
|-damage|p1a: Dragapult|76/100|[from] Spikes
|turn|13
|
|t:|1760461826
|move|p1a: Dragapult|Acrobatics|p2a: Gholdengo
|-damage|p2a: Gholdengo|55/100
|-damage|p1a: Dragapult|66/100|[from] item: Life Orb
|move|p2a: Gholdengo|Shadow Ball|p1a: Dragapult
|-supereffective|p1a: Dragapult
|-damage|p1a: Dragapult|0 fnt
|faint|p1a: Dragapult
|
|upkeep
|
|t:|1760461834
|switch|p1a: Swampert|Swampert, F|100/100
|-damage|p1a: Swampert|94/100|[from] Stealth Rock
|-damage|p1a: Swampert|82/100|[from] Spikes
|turn|14
|
|t:|1760461837
|move|p2a: Gholdengo|Recover|p2a: Gholdengo
|-heal|p2a: Gholdengo|100/100
|move|p1a: Swampert|Earthquake|p2a: Gholdengo
|-damage|p2a: Gholdengo|72/100
|
|-heal|p1a: Swampert|88/100|[from] item: Leftovers
|upkeep
|turn|15
|
|t:|1760461844
|move|p2a: Gholdengo|Shadow Ball|p1a: Swampert
|-damage|p1a: Swampert|0 fnt
|faint|p1a: Swampert
|
|upkeep
|
|t:|1760461846
|switch|p1a: Gallade|Gallade, M|100/100
|-damage|p1a: Gallade|94/100|[from] Stealth Rock
|-damage|p1a: Gallade|82/100|[from] Spikes
|turn|16
|
|t:|1760461850
|move|p1a: Gallade|Psycho Cut|p2a: Gholdengo
|-crit|p2a: Gholdengo
|-damage|p2a: Gholdengo|13/100
|move|p2a: Gholdengo|Shadow Ball|p1a: Gallade
|-supereffective|p1a: Gallade
|-damage|p1a: Gallade|0 fnt
|faint|p1a: Gallade
|
|win|PalWrld
|raw|suijilurenjia's rating: 1135 &rarr; <strong>1107</strong><br />(-28 for losing)
|raw|PalWrld's rating: 1097 &rarr; <strong>1125</strong><br />(+28 for winning)
|l|☆suijilurenjia
|player|p1|
|l|☆PalWrld
|player|p2|
