|j|☆Tutedroga
|j|☆fusty333
|t:|1760303889
|gametype|singles
|player|p1|Tutedroga|steven|1592
|player|p2|fusty333|burglar|1538
|gen|9
|tier|[Gen 9] OU
|rated|
|rule|HP Percentage Mod: HP is shown in percentages
|rule|Endless Battle Clause: Forcing endless battles is banned
|rule|Species Clause: Limit one of each Pokémon
|rule|OHKO Clause: OHKO moves are banned
|rule|Evasion Items Clause: Evasion items are banned
|rule|Evasion Moves Clause: Evasion moves are banned
|rule|Evasion Abilities Clause: Evasion abilities are banned
|rule|Sleep Moves Clause: Sleep-inducing moves are banned
|clearpoke
|poke|p1|Enamorus, F|
|poke|p1|Slowking-Galar, F|
|poke|p1|Kyurem|
|poke|p1|Ogerpon-Wellspring, F|
|poke|p1|Ting-Lu|
|poke|p1|Corviknight, F|
|poke|p2|Dragapult, F|
|poke|p2|Excadrill, F|
|poke|p2|Rotom-Heat|
|poke|p2|Corviknight, F|
|poke|p2|Araquanid, F|
|poke|p2|Zamazenta-*|
|teampreview
|inactive|Battle timer is ON: inactive players will automatically lose when time's up. (requested by fusty333)
|
|t:|1760303910
|teamsize|p1|6
|teamsize|p2|6
|start
|switch|p1a: Kyurem|Kyurem|100/100
|switch|p2a: Rotom|Rotom-Heat|100/100
|-ability|p1a: Kyurem|Pressure
|turn|1
|
|t:|1760303921
|move|p2a: Rotom|Trick|p1a: Kyurem
|-activate|p2a: Rotom|move: Trick|[of] p1a: Kyurem
|-item|p1a: Kyurem|Choice Scarf|[from] move: Trick
|-item|p2a: Rotom|Loaded Dice|[from] move: Trick
|move|p1a: Kyurem|Scale Shot|p2a: Rotom
|-damage|p2a: Rotom|81/100
|-damage|p2a: Rotom|64/100
|-damage|p2a: Rotom|45/100
|-hitcount|p2a: Rotom|3
|-unboost|p1a: Kyurem|def|1
|-boost|p1a: Kyurem|spe|1
|
|upkeep
|turn|2
|
|t:|1760303933
|switch|p2a: Corviknight|Corviknight, F, shiny|100/100
|move|p1a: Kyurem|Scale Shot|p2a: Corviknight
|-resisted|p2a: Corviknight
|-damage|p2a: Corviknight|96/100
|-resisted|p2a: Corviknight
|-damage|p2a: Corviknight|92/100
|-hitcount|p2a: Corviknight|2
|-unboost|p1a: Kyurem|def|1
|-boost|p1a: Kyurem|spe|1
|
|upkeep
|turn|3
|
|t:|1760303944
|switch|p1a: Corviknight|Corviknight, F|100/100
|-ability|p1a: Corviknight|Pressure
|move|p2a: Corviknight|U-turn|p1a: Corviknight
|-resisted|p1a: Corviknight
|-damage|p1a: Corviknight|98/100
|-damage|p2a: Corviknight|75/100|[from] item: Rocky Helmet|[of] p1a: Corviknight
|
|t:|1760303946
|switch|p2a: Rotom|Rotom-Heat|45/100|[from] U-turn
|
|upkeep
|turn|4
|
|t:|1760303958
|switch|p1a: Kyurem|Kyurem|100/100
|-ability|p1a: Kyurem|Pressure
|move|p2a: Rotom|Trick|p1a: Kyurem
|-activate|p2a: Rotom|move: Trick|[of] p1a: Kyurem
|-item|p1a: Kyurem|Loaded Dice|[from] move: Trick
|-item|p2a: Rotom|Choice Scarf|[from] move: Trick
|
|upkeep
|turn|5
|
|t:|1760303968
|move|p2a: Rotom|Volt Switch|p1a: Kyurem
|-resisted|p1a: Kyurem
|-damage|p1a: Kyurem|82/100
|
|t:|1760303971
|switch|p2a: Corviknight|Corviknight, F, shiny|75/100|[from] Volt Switch
|move|p1a: Kyurem|Scale Shot|p2a: Corviknight|[miss]
|-miss|p1a: Kyurem|p2a: Corviknight
|
|upkeep
|turn|6
|
|t:|1760303979
|switch|p1a: Corviknight|Corviknight, F|98/100
|-ability|p1a: Corviknight|Pressure
|move|p2a: Corviknight|U-turn|p1a: Corviknight
|-resisted|p1a: Corviknight
|-damage|p1a: Corviknight|96/100
|-damage|p2a: Corviknight|59/100|[from] item: Rocky Helmet|[of] p1a: Corviknight
|
|t:|1760303982
|switch|p2a: Dragapult|Dragapult, F|100/100|[from] U-turn
|
|upkeep
|turn|7
|
|t:|1760303991
|switch|p1a: Ting-Lu|Ting-Lu|100/100
|-ability|p1a: Ting-Lu|Vessel of Ruin
|move|p2a: Dragapult|Shadow Ball|p1a: Ting-Lu
|-resisted|p1a: Ting-Lu
|-damage|p1a: Ting-Lu|89/100
|-unboost|p1a: Ting-Lu|spd|1
|
|-heal|p1a: Ting-Lu|95/100|[from] item: Leftovers
|upkeep
|turn|8
|
|t:|1760304005
|switch|p2a: Araquanid|Araquanid, F, shiny|100/100
|move|p1a: Ting-Lu|Spikes|p2a: Araquanid
|-sidestart|p2: fusty333|Spikes
|
|-heal|p1a: Ting-Lu|100/100|[from] item: Leftovers
|upkeep
|turn|9
|
|t:|1760304013
|switch|p1a: Kyurem|Kyurem|82/100
|-ability|p1a: Kyurem|Pressure
|move|p2a: Araquanid|Infestation|p1a: Kyurem
|-damage|p1a: Kyurem|79/100
|-activate|p1a: Kyurem|move: Infestation|[of] p2a: Araquanid
|
|-damage|p1a: Kyurem|66/100|[from] move: Infestation|[partiallytrapped]
|upkeep
|turn|10
|
|t:|1760304023
|switch|p2a: Corviknight|Corviknight, F, shiny|59/100
|move|p1a: Kyurem|Dragon Dance|p1a: Kyurem
|-boost|p1a: Kyurem|atk|1
|-boost|p1a: Kyurem|spe|1
|
|-end|p1a: Kyurem|Infestation|[partiallytrapped]|[silent]
|upkeep
|turn|11
|
|t:|1760304030
|-terastallize|p1a: Kyurem|Ice
|move|p1a: Kyurem|Icicle Spear|p2a: Corviknight
|-damage|p2a: Corviknight|40/100
|-damage|p2a: Corviknight|23/100
|-damage|p2a: Corviknight|5/100
|-damage|p2a: Corviknight|0 fnt
|faint|p2a: Corviknight
|-hitcount|p2: Corviknight|4
|
|upkeep
|
|t:|1760304034
|switch|p2a: Zamazenta|Zamazenta|100/100
|-damage|p2a: Zamazenta|88/100|[from] Spikes
|-ability|p2a: Zamazenta|Dauntless Shield|boost
|-boost|p2a: Zamazenta|def|1
|turn|12
|
|t:|1760304050
|switch|p1a: Enamorus|Enamorus, F|100/100
|move|p2a: Zamazenta|Substitute|p2a: Zamazenta
|-start|p2a: Zamazenta|Substitute
|-damage|p2a: Zamazenta|63/100
|
|-heal|p2a: Zamazenta|69/100|[from] item: Leftovers
|upkeep
|turn|13
|
|t:|1760304059
|move|p2a: Zamazenta|Body Press|p1a: Enamorus
|-resisted|p1a: Enamorus
|-damage|p1a: Enamorus|83/100
|move|p1a: Enamorus|Moonblast|p2a: Zamazenta
|-supereffective|p2a: Zamazenta
|-end|p2a: Zamazenta|Substitute
|
|-heal|p2a: Zamazenta|75/100|[from] item: Leftovers
|upkeep
|turn|14
|
|t:|1760304069
|switch|p2a: Araquanid|Araquanid, F, shiny|100/100
|-damage|p2a: Araquanid|88/100|[from] Spikes
|move|p1a: Enamorus|Moonblast|p2a: Araquanid
|-damage|p2a: Araquanid|59/100
|
|-heal|p2a: Araquanid|65/100|[from] item: Leftovers
|upkeep
|turn|15
|
|t:|1760304078
|switch|p1a: Kyurem|Kyurem, tera:Ice|66/100
|-ability|p1a: Kyurem|Pressure
|move|p2a: Araquanid|Liquidation|p1a: Kyurem
|-damage|p1a: Kyurem|22/100
|
|-heal|p2a: Araquanid|71/100|[from] item: Leftovers
|upkeep
|turn|16
|
|t:|1760304088
|move|p1a: Kyurem|Freeze-Dry|p2a: Araquanid
|-supereffective|p2a: Araquanid
|-crit|p2a: Araquanid
|-damage|p2a: Araquanid|0 fnt
|faint|p2a: Araquanid
|
|upkeep
|
|t:|1760304095
|switch|p2a: Dragapult|Dragapult, F|100/100
|-damage|p2a: Dragapult|88/100|[from] Spikes
|turn|17
|
|t:|1760304101
|switch|p1a: Ting-Lu|Ting-Lu|100/100
|-ability|p1a: Ting-Lu|Vessel of Ruin
|move|p2a: Dragapult|Surf|p1a: Ting-Lu
|-supereffective|p1a: Ting-Lu
|-damage|p1a: Ting-Lu|67/100
|
|-heal|p1a: Ting-Lu|74/100|[from] item: Leftovers
|upkeep
|turn|18
|
|t:|1760304112
|move|p2a: Dragapult|Surf|p1a: Ting-Lu
|-supereffective|p1a: Ting-Lu
|-damage|p1a: Ting-Lu|38/100
|move|p1a: Ting-Lu|Ruination|p2a: Dragapult
|-damage|p2a: Dragapult|44/100
|
|-heal|p1a: Ting-Lu|44/100|[from] item: Leftovers
|upkeep
|turn|19
|
|t:|1760304127
|switch|p1a: Ogerpon|Ogerpon-Wellspring, F|100/100
|move|p2a: Dragapult|Surf|p1a: Ogerpon
|-immune|p1a: Ogerpon|[from] ability: Water Absorb
|
|upkeep
|turn|20
|
|t:|1760304133
|switch|p2a: Excadrill|Excadrill, F|100/100
|-damage|p2a: Excadrill|88/100|[from] Spikes
|-ability|p2a: Excadrill|Mold Breaker
|move|p1a: Ogerpon|Knock Off|p2a: Excadrill
|-damage|p2a: Excadrill|32/100
|-enditem|p2a: Excadrill|Choice Scarf|[from] move: Knock Off|[of] p1a: Ogerpon
|
|upkeep
|turn|21
|
|t:|1760304143
|move|p1a: Ogerpon|Ivy Cudgel|p2a: Excadrill|[anim] Ivy Cudgel Water
|-supereffective|p2a: Excadrill
|-damage|p2a: Excadrill|0 fnt
|faint|p2a: Excadrill
|
|upkeep
|
|t:|1760304150
|switch|p2a: Dragapult|Dragapult, F|44/100
|-damage|p2a: Dragapult|32/100|[from] Spikes
|turn|22
|
|t:|1760304155
|move|p2a: Dragapult|Draco Meteor|p1a: Ogerpon
|-damage|p1a: Ogerpon|0 fnt
|-unboost|p2a: Dragapult|spa|2
|faint|p1a: Ogerpon
|
|upkeep
|
|t:|1760304164
|switch|p1a: Enamorus|Enamorus, F|83/100
|turn|23
|
|t:|1760304170
|switch|p2a: Rotom|Rotom-Heat|45/100
|move|p1a: Enamorus|Moonblast|p2a: Rotom
|-resisted|p2a: Rotom
|-damage|p2a: Rotom|10/100
|
|upkeep
|turn|24
|
|t:|1760304178
|switch|p1a: Ting-Lu|Ting-Lu|44/100
|-ability|p1a: Ting-Lu|Vessel of Ruin
|move|p2a: Rotom|Overheat|p1a: Ting-Lu
|-crit|p1a: Ting-Lu
|-damage|p1a: Ting-Lu|8/100
|-unboost|p2a: Rotom|spa|2
|
|-heal|p1a: Ting-Lu|14/100|[from] item: Leftovers
|upkeep
|turn|25
|
|t:|1760304192
|move|p2a: Rotom|Overheat|p1a: Ting-Lu
|-damage|p1a: Ting-Lu|0 fnt
|-unboost|p2a: Rotom|spa|2
|faint|p1a: Ting-Lu
|
|upkeep
|
|t:|1760304199
|switch|p1a: Enamorus|Enamorus, F|83/100
|turn|26
|
|t:|1760304206
|move|p2a: Rotom|Overheat|p1a: Enamorus
|-damage|p1a: Enamorus|52/100
|-unboost|p2a: Rotom|spa|2
|move|p1a: Enamorus|Moonblast|p2a: Rotom
|-resisted|p2a: Rotom
|-damage|p2a: Rotom|0 fnt
|faint|p2a: Rotom
|
|upkeep
|
|t:|1760304209
|switch|p2a: Dragapult|Dragapult, F|32/100
|-damage|p2a: Dragapult|20/100|[from] Spikes
|turn|27
|
|t:|1760304221
|switch|p1a: Kyurem|Kyurem, tera:Ice|22/100
|-ability|p1a: Kyurem|Pressure
|move|p2a: Dragapult|Shadow Ball|p1a: Kyurem
|-damage|p1a: Kyurem|0 fnt
|faint|p1a: Kyurem
|
|upkeep
|
|t:|1760304230
|switch|p1a: Corviknight|Corviknight, F|96/100
|-ability|p1a: Corviknight|Pressure
|turn|28
|
|t:|1760304239
|move|p2a: Dragapult|Shadow Ball|p1a: Corviknight
|-damage|p1a: Corviknight|43/100
|move|p1a: Corviknight|Brave Bird|p2a: Dragapult
|-damage|p2a: Dragapult|0 fnt
|faint|p2a: Dragapult
|-damage|p1a: Corviknight|38/100|[from] Recoil
|
|upkeep
|
|t:|1760304241
|switch|p2a: Zamazenta|Zamazenta|75/100
|-damage|p2a: Zamazenta|63/100|[from] Spikes
|turn|29
|
|t:|1760304254
|switch|p1a: Enamorus|Enamorus, F|52/100
|move|p2a: Zamazenta|Iron Defense|p2a: Zamazenta
|-boost|p2a: Zamazenta|def|2
|
|-heal|p2a: Zamazenta|69/100|[from] item: Leftovers
|upkeep
|turn|30
|
|t:|1760304262
|-terastallize|p2a: Zamazenta|Ghost
|move|p2a: Zamazenta|Body Press|p1a: Enamorus
|-resisted|p1a: Enamorus
|-damage|p1a: Enamorus|27/100
|move|p1a: Enamorus|Moonblast|p2a: Zamazenta
|-damage|p2a: Zamazenta|31/100
|
|-heal|p2a: Zamazenta|38/100|[from] item: Leftovers
|upkeep
|turn|31
|
|t:|1760304273
|move|p2a: Zamazenta|Body Press|p1a: Enamorus
|-resisted|p1a: Enamorus
|-damage|p1a: Enamorus|4/100
|move|p1a: Enamorus|Moonblast|p2a: Zamazenta
|-damage|p2a: Zamazenta|0 fnt
|faint|p2a: Zamazenta
|
|win|Tutedroga
|raw|Tutedroga's rating: 1592 &rarr; <strong>1609</strong><br />(+17 for winning)
|raw|fusty333's rating: 1538 &rarr; <strong>1521</strong><br />(-17 for losing)
|l|☆fusty333
|player|p2|
|l|☆Tutedroga
|player|p1|
