|j|☆xlbxaaa
|j|☆Adoumi_
|t:|1760430286
|gametype|singles
|player|p1|xlbxaaa|2|1072
|player|p2|Adoumi_|hiker-gen4|1080
|gen|9
|tier|[Gen 9] OU
|rated|
|rule|HP Percentage Mod: HP is shown in percentages
|rule|Endless Battle Clause: Forcing endless battles is banned
|rule|Species Clause: Limit one of each Pokémon
|rule|OHKO Clause: OHKO moves are banned
|rule|Evasion Items Clause: Evasion items are banned
|rule|Evasion Moves Clause: Evasion moves are banned
|rule|Evasion Abilities Clause: Evasion abilities are banned
|rule|Sleep Moves Clause: Sleep-inducing moves are banned
|clearpoke
|poke|p1|Pelipper, F|
|poke|p1|Greninja-*, F|
|poke|p1|Basculegion, M|
|poke|p1|Zapdos|
|poke|p1|Sandy Shocks|
|poke|p1|Scizor, M|
|poke|p2|Ursaluna, M|
|poke|p2|Dragonite, F|
|poke|p2|Polteageist-Antique|
|poke|p2|Kingambit, F|
|poke|p2|Azumarill, F|
|poke|p2|Scizor, F|
|teampreview
|inactive|Battle timer is ON: inactive players will automatically lose when time's up. (requested by Adoumi_)
|
|t:|1760430300
|teamsize|p1|6
|teamsize|p2|6
|start
|switch|p1a: Sandy Shocks|Sandy Shocks|100/100
|switch|p2a: Kinder|Azumarill, F|100/100
|-enditem|p1a: Sandy Shocks|Booster Energy
|-activate|p1a: Sandy Shocks|ability: Protosynthesis|[fromitem]
|-start|p1a: Sandy Shocks|protosynthesisspe
|turn|1
|
|t:|1760430321
|-terastallize|p2a: Kinder|Poison
|move|p1a: Sandy Shocks|Thunderbolt|p2a: Kinder
|-damage|p2a: Kinder|57/100
|-status|p2a: Kinder|par
|cant|p2a: Kinder|par
|
|upkeep
|turn|2
|
|t:|1760430335
|switch|p2a: Orangina|Dragonite, F|100/100
|move|p1a: Sandy Shocks|Thunderbolt|p2a: Orangina
|-damage|p2a: Orangina|83/100
|
|upkeep
|turn|3
|
|t:|1760430345
|move|p1a: Sandy Shocks|Tera Blast|p2a: Orangina
|-damage|p2a: Orangina|62/100
|move|p2a: Orangina|Dragon Dance|p2a: Orangina
|-boost|p2a: Orangina|atk|1
|-boost|p2a: Orangina|spe|1
|
|upkeep
|turn|4
|
|t:|1760430354
|-terastallize|p1a: Sandy Shocks|Ice
|move|p1a: Sandy Shocks|Tera Blast|p2a: Orangina|[anim] Tera Blast Ice
|-supereffective|p2a: Orangina
|-damage|p2a: Orangina|0 fnt
|faint|p2a: Orangina
|
|upkeep
|
|t:|1760430364
|switch|p2a: Atay|Polteageist-Antique|100/100
|turn|5
|
|t:|1760430376
|move|p1a: Sandy Shocks|Earth Power|p2a: Atay
|-damage|p2a: Atay|50/100
|move|p2a: Atay|Shell Smash|p2a: Atay
|-unboost|p2a: Atay|def|1
|-unboost|p2a: Atay|spd|1
|-boost|p2a: Atay|atk|2
|-boost|p2a: Atay|spa|2
|-boost|p2a: Atay|spe|2
|-enditem|p2a: Atay|White Herb
|-clearnegativeboost|p2a: Atay|[silent]
|
|upkeep
|turn|6
|
|t:|1760430389
|move|p1a: Sandy Shocks|Earth Power|p2a: Atay
|-damage|p2a: Atay|0 fnt
|faint|p2a: Atay
|
|upkeep
|
|t:|1760430404
|switch|p2a: Loplox|Scizor, F, shiny|100/100
|turn|7
|
|t:|1760430415
|-end|p1a: Sandy Shocks|Protosynthesis|[silent]
|switch|p1a: Pelipper|Pelipper, F|100/100
|-weather|RainDance|[from] ability: Drizzle|[of] p1a: Pelipper
|move|p2a: Loplox|Swords Dance|p2a: Loplox
|-boost|p2a: Loplox|atk|2
|
|-weather|RainDance|[upkeep]
|upkeep
|turn|8
|
|t:|1760430434
|move|p1a: Pelipper|Surf|p2a: Loplox
|-damage|p2a: Loplox|27/100
|move|p2a: Loplox|U-turn|p1a: Pelipper
|-resisted|p1a: Pelipper
|-damage|p1a: Pelipper|58/100
|
|t:|1760430441
|switch|p2a: Kinder|Azumarill, F, tera:Poison|57/100 par|[from] U-turn
|
|-weather|RainDance|[upkeep]
|upkeep
|turn|9
|
|t:|1760430448
|move|p1a: Pelipper|U-turn|p2a: Kinder
|-resisted|p2a: Kinder
|-damage|p2a: Kinder|53/100 par
|
|t:|1760430452
|switch|p1a: Basculegion|Basculegion, M|100/100|[from] U-turn
|cant|p2a: Kinder|par
|
|-weather|RainDance|[upkeep]
|upkeep
|turn|10
|
|t:|1760430464
|move|p1a: Basculegion|Wave Crash|p2a: Kinder
|-damage|p2a: Kinder|0 fnt
|faint|p2a: Kinder
|-damage|p1a: Basculegion|82/100|[from] Recoil
|
|-weather|RainDance|[upkeep]
|upkeep
|
|t:|1760430474
|switch|p2a: Burger Store|Ursaluna, M|100/100
|turn|11
|
|t:|1760430479
|move|p1a: Basculegion|Wave Crash|p2a: Burger Store
|-supereffective|p2a: Burger Store
|-damage|p2a: Burger Store|0 fnt
|faint|p2a: Burger Store
|-damage|p1a: Basculegion|47/100|[from] Recoil
|
|-weather|RainDance|[upkeep]
|upkeep
|-message|Adoumi_ forfeited.
|
|win|xlbxaaa
|raw|xlbxaaa's rating: 1072 &rarr; <strong>1102</strong><br />(+30 for winning)
|raw|Adoumi_'s rating: 1080 &rarr; <strong>1057</strong><br />(-23 for losing)
|l|☆Adoumi_
|player|p2|
|l|☆xlbxaaa
|player|p1|
