|j|☆himal_ad321
|j|☆buttercroissant777
|t:|1760437275
|gametype|singles
|player|p1|himal_ad321|dragontamer|1276
|player|p2|buttercroissant777|169|1330
|gen|9
|tier|[Gen 9] OU
|rated|
|rule|HP Percentage Mod: HP is shown in percentages
|rule|Endless Battle Clause: Forcing endless battles is banned
|rule|Species Clause: Limit one of each Pokémon
|rule|OHKO Clause: OHKO moves are banned
|rule|Evasion Items Clause: Evasion items are banned
|rule|Evasion Moves Clause: Evasion moves are banned
|rule|Evasion Abilities Clause: Evasion abilities are banned
|rule|Sleep Moves Clause: Sleep-inducing moves are banned
|clearpoke
|poke|p1|Ogerpon-Wellspring, F|
|poke|p1|Kingambit, M|
|poke|p1|Landorus-Therian, M|
|poke|p1|Glimmora, M|
|poke|p1|Dragapult, F|
|poke|p1|Iron Valiant|
|poke|p2|Charizard, F|
|poke|p2|Torkoal, M|
|poke|p2|Hatterene, F|
|poke|p2|Great Tusk|
|poke|p2|Lilligant-Hisui, F|
|poke|p2|Walking Wake|
|teampreview
|inactive|Battle timer is ON: inactive players will automatically lose when time's up. (requested by himal_ad321)
|
|t:|1760437284
|teamsize|p1|6
|teamsize|p2|6
|start
|switch|p1a: Glimmora|Glimmora, M|100/100
|switch|p2a: 河内恭介|Torkoal, M|100/100
|-weather|SunnyDay|[from] ability: Drought|[of] p2a: 河内恭介
|turn|1
|
|t:|1760437304
|switch|p2a: 梓川月乃|Hatterene, F|100/100
|move|p1a: Glimmora|Meteor Beam||[still]
|-prepare|p1a: Glimmora|Meteor Beam
|-boost|p1a: Glimmora|spa|1
|-enditem|p1a: Glimmora|Power Herb
|-anim|p1a: Glimmora|Meteor Beam|p2a: 梓川月乃
|-damage|p2a: 梓川月乃|12/100
|-enditem|p2a: 梓川月乃|Eject Button
|
|t:|1760437309
|switch|p2a: 东和马|Charizard, F|100/100
|
|-weather|SunnyDay|[upkeep]
|-damage|p2a: 东和马|88/100|[from] ability: Solar Power|[of] p2a: 东和马
|upkeep
|turn|2
|
|t:|1760437318
|-terastallize|p2a: 东和马|Fire
|move|p2a: 东和马|Overheat|p1a: Glimmora
|-resisted|p1a: Glimmora
|-damage|p1a: Glimmora|0 fnt
|-unboost|p2a: 东和马|spa|2
|faint|p1a: Glimmora
|
|-weather|SunnyDay|[upkeep]
|-damage|p2a: 东和马|76/100|[from] ability: Solar Power|[of] p2a: 东和马
|upkeep
|
|t:|1760437331
|switch|p1a: Dragapult|Dragapult, F|100/100
|turn|3
|
|t:|1760437348
|switch|p2a: 梓川月乃|Hatterene, F|12/100
|move|p1a: Dragapult|Shadow Ball|p2a: 梓川月乃
|-supereffective|p2a: 梓川月乃
|-damage|p2a: 梓川月乃|0 fnt
|faint|p2a: 梓川月乃
|
|-weather|SunnyDay|[upkeep]
|upkeep
|
|t:|1760437359
|switch|p2a: 诹访原戒|Lilligant-Hisui, F|100/100
|turn|4
|
|t:|1760437379
|switch|p1a: Landorus|Landorus-Therian, M|100/100
|-ability|p1a: Landorus|Intimidate|boost
|-unboost|p2a: 诹访原戒|atk|1
|move|p2a: 诹访原戒|Triple Axel|p1a: Landorus
|-supereffective|p1a: Landorus
|-damage|p1a: Landorus|75/100
|-damage|p2a: 诹访原戒|84/100|[from] item: Rocky Helmet|[of] p1a: Landorus
|-supereffective|p1a: Landorus
|-damage|p1a: Landorus|31/100
|-damage|p2a: 诹访原戒|68/100|[from] item: Rocky Helmet|[of] p1a: Landorus
|-supereffective|p1a: Landorus
|-damage|p1a: Landorus|0 fnt
|-damage|p2a: 诹访原戒|51/100|[from] item: Rocky Helmet|[of] p1a: Landorus
|faint|p1a: Landorus
|-hitcount|p1: Landorus|3
|-damage|p2a: 诹访原戒|41/100|[from] item: Life Orb
|
|-weather|SunnyDay|[upkeep]
|upkeep
|
|t:|1760437388
|switch|p1a: Dragapult|Dragapult, F|100/100
|turn|5
|inactive|buttercroissant777 has 120 seconds left.
|
|t:|1760437418
|switch|p2a: 松代健|Great Tusk|100/100
|-activate|p2a: 松代健|ability: Protosynthesis
|-start|p2a: 松代健|protosynthesisatk
|move|p1a: Dragapult|Flamethrower|p2a: 松代健
|-damage|p2a: 松代健|11/100
|
|-weather|SunnyDay|[upkeep]
|upkeep
|turn|6
|
|t:|1760437426
|-end|p2a: 松代健|Protosynthesis|[silent]
|switch|p2a: 冠茂|Walking Wake|100/100
|-activate|p2a: 冠茂|ability: Protosynthesis
|-start|p2a: 冠茂|protosynthesisspe
|move|p1a: Dragapult|Flamethrower|p2a: 冠茂
|-resisted|p2a: 冠茂
|-damage|p2a: 冠茂|83/100
|
|-weather|SunnyDay|[upkeep]
|upkeep
|turn|7
|
|t:|1760437436
|switch|p1a: Iron Valiant|Iron Valiant|100/100
|-enditem|p1a: Iron Valiant|Booster Energy
|-activate|p1a: Iron Valiant|ability: Quark Drive|[fromitem]
|-start|p1a: Iron Valiant|quarkdrivespe
|move|p2a: 冠茂|Hydro Steam|p1a: Iron Valiant
|-damage|p1a: Iron Valiant|0 fnt
|faint|p1a: Iron Valiant
|-end|p1a: Iron Valiant|Quark Drive|[silent]
|
|-weather|SunnyDay|[upkeep]
|upkeep
|
|t:|1760437448
|switch|p1a: Dragapult|Dragapult, F|100/100
|turn|8
|
|t:|1760437455
|-end|p2a: 冠茂|Protosynthesis|[silent]
|switch|p2a: 松代健|Great Tusk|11/100
|-activate|p2a: 松代健|ability: Protosynthesis
|-start|p2a: 松代健|protosynthesisatk
|move|p1a: Dragapult|Draco Meteor|p2a: 松代健
|-damage|p2a: 松代健|0 fnt
|-unboost|p1a: Dragapult|spa|2
|faint|p2a: 松代健
|-end|p2a: 松代健|Protosynthesis|[silent]
|
|-weather|none
|upkeep
|
|t:|1760437461
|switch|p2a: 河内恭介|Torkoal, M|100/100
|-weather|SunnyDay|[from] ability: Drought|[of] p2a: 河内恭介
|turn|9
|
|t:|1760437468
|move|p1a: Dragapult|Draco Meteor|p2a: 河内恭介
|-damage|p2a: 河内恭介|45/100
|-unboost|p1a: Dragapult|spa|2
|move|p2a: 河内恭介|Will-O-Wisp|p1a: Dragapult
|-status|p1a: Dragapult|brn
|
|-weather|SunnyDay|[upkeep]
|-damage|p1a: Dragapult|95/100 brn|[from] brn
|upkeep
|turn|10
|
|t:|1760437481
|switch|p1a: Ogerpon|Ogerpon-Wellspring, F|100/100
|move|p2a: 河内恭介|Will-O-Wisp|p1a: Ogerpon
|-status|p1a: Ogerpon|brn
|
|-weather|SunnyDay|[upkeep]
|-damage|p1a: Ogerpon|95/100 brn|[from] brn
|upkeep
|turn|11
|-message|himal_ad321 forfeited.
|
|win|buttercroissant777
|raw|himal_ad321's rating: 1276 &rarr; <strong>1255</strong><br />(-21 for losing)
|raw|buttercroissant777's rating: 1330 &rarr; <strong>1347</strong><br />(+17 for winning)
|l|☆himal_ad321
|player|p1|
|l|☆buttercroissant777
|player|p2|
