|j|☆ay cheu
|j|☆bill1218
|t:|1760454666
|gametype|singles
|player|p1|ay cheu|riley|1522
|player|p2|bill1218|2|1494
|gen|9
|tier|[Gen 9] OU
|rated|
|rule|HP Percentage Mod: HP is shown in percentages
|rule|Endless Battle Clause: Forcing endless battles is banned
|rule|Species Clause: Limit one of each Pokémon
|rule|OHKO Clause: OHKO moves are banned
|rule|Evasion Items Clause: Evasion items are banned
|rule|Evasion Moves Clause: Evasion moves are banned
|rule|Evasion Abilities Clause: Evasion abilities are banned
|rule|Sleep Moves Clause: Sleep-inducing moves are banned
|clearpoke
|poke|p1|Arcanine-Hisui, M|
|poke|p1|Hydreigon, M|
|poke|p1|Sandy Shocks|
|poke|p1|Jirachi|
|poke|p1|Noivern, M|
|poke|p1|Azumarill, M|
|poke|p2|Tinkaton, F|
|poke|p2|Serperior, M|
|poke|p2|Indeedee, M|
|poke|p2|Araquanid, M|
|poke|p2|Great Tusk|
|poke|p2|Hawlucha, F|
|teampreview
|inactive|Battle timer is ON: inactive players will automatically lose when time's up. (requested by ay cheu)
|
|t:|1760454677
|teamsize|p1|6
|teamsize|p2|6
|start
|switch|p1a: 灰灰|Arcanine-Hisui, M|100/100
|switch|p2a: Araquanid|Araquanid, M, shiny|100/100
|turn|1
|
|t:|1760454680
|switch|p2a: Tinkaton|Tinkaton, F, shiny|100/100
|move|p1a: 灰灰|Head Smash|p2a: Tinkaton
|-resisted|p2a: Tinkaton
|-damage|p2a: Tinkaton|72/100
|
|-heal|p2a: Tinkaton|79/100|[from] item: Leftovers
|upkeep
|turn|2
|
|t:|1760454687
|move|p1a: 灰灰|Flare Blitz|p2a: Tinkaton
|-supereffective|p2a: Tinkaton
|-damage|p2a: Tinkaton|0 fnt
|faint|p2a: Tinkaton
|
|upkeep
|
|t:|1760454701
|switch|p2a: Great Tusk|Great Tusk, shiny|100/100
|turn|3
|
|t:|1760454705
|switch|p1a: Noivern|Noivern, M|100/100
|-item|p2a: Great Tusk|Heavy-Duty Boots|[from] ability: Frisk|[of] p1a: Noivern
|move|p2a: Great Tusk|Rapid Spin|p1a: Noivern
|-damage|p1a: Noivern|84/100
|-boost|p2a: Great Tusk|spe|1
|
|upkeep
|turn|4
|
|t:|1760454713
|switch|p1a: Azumarill|Azumarill, M|100/100
|move|p2a: Great Tusk|Ice Spinner|p1a: Azumarill
|-resisted|p1a: Azumarill
|-damage|p1a: Azumarill|85/100
|
|upkeep
|turn|5
|
|t:|1760454719
|move|p2a: Great Tusk|Supercell Slam|p1a: Azumarill
|-supereffective|p1a: Azumarill
|-damage|p1a: Azumarill|14/100
|move|p1a: Azumarill|Liquidation|p2a: Great Tusk
|-supereffective|p2a: Great Tusk
|-damage|p2a: Great Tusk|0 fnt
|faint|p2a: Great Tusk
|-end|p2a: Great Tusk|Protosynthesis|[silent]
|
|upkeep
|
|t:|1760454725
|switch|p2a: Araquanid|Araquanid, M, shiny|100/100
|turn|6
|
|t:|1760454728
|switch|p1a: Noivern|Noivern, M|84/100
|-item|p2a: Araquanid|Custap Berry|[from] ability: Frisk|[of] p1a: Noivern
|move|p2a: Araquanid|Sticky Web|p1a: Noivern
|-sidestart|p1: ay cheu|move: Sticky Web
|
|upkeep
|turn|7
|
|t:|1760454735
|move|p1a: Noivern|Defog|p2a: Araquanid
|-unboost|p2a: Araquanid|evasion|1
|-sideend|p1: ay cheu|Sticky Web|[from] move: Defog|[of] p1a: Noivern
|move|p2a: Araquanid|Mirror Coat||[still]
|-fail|p2a: Araquanid
|
|upkeep
|turn|8
|
|t:|1760454738
|move|p1a: Noivern|Hurricane|p2a: Araquanid
|-supereffective|p2a: Araquanid
|-damage|p2a: Araquanid|42/100
|-start|p2a: Araquanid|confusion
|-activate|p2a: Araquanid|confusion
|-damage|p2a: Araquanid|31/100|[from] confusion
|
|upkeep
|turn|9
|
|t:|1760454750
|move|p1a: Noivern|Hurricane|p2a: Araquanid
|-supereffective|p2a: Araquanid
|-damage|p2a: Araquanid|0 fnt
|faint|p2a: Araquanid
|
|upkeep
|
|t:|1760454754
|switch|p2a: Indeedee|Indeedee, M, shiny|100/100
|-fieldstart|move: Psychic Terrain|[from] ability: Psychic Surge|[of] p2a: Indeedee
|turn|10
|
|t:|1760454760
|move|p1a: Noivern|U-turn|p2a: Indeedee
|-supereffective|p2a: Indeedee
|-damage|p2a: Indeedee|54/100
|
|t:|1760454763
|switch|p1a: Jirachi|Jirachi|100/100|[from] U-turn
|move|p2a: Indeedee|Trick|p1a: Jirachi
|-activate|p2a: Indeedee|move: Trick|[of] p1a: Jirachi
|-item|p1a: Jirachi|Choice Specs|[from] move: Trick
|-item|p2a: Indeedee|Leftovers|[from] move: Trick
|
|-heal|p2a: Indeedee|60/100|[from] item: Leftovers
|upkeep
|turn|11
|
|t:|1760454771
|move|p2a: Indeedee|Shadow Ball|p1a: Jirachi
|-supereffective|p1a: Jirachi
|-damage|p1a: Jirachi|69/100
|move|p1a: Jirachi|U-turn|p2a: Indeedee
|-supereffective|p2a: Indeedee
|-damage|p2a: Indeedee|0 fnt
|faint|p2a: Indeedee
|
|t:|1760454779
|switch|p1a: Sandy Shocks|Sandy Shocks|100/100|[from] U-turn
|
|upkeep
|
|t:|1760454786
|switch|p2a: Serperior|Serperior, M, shiny|100/100
|turn|12
|
|t:|1760454790
|-end|p1a: Sandy Shocks|Protosynthesis|[silent]
|switch|p1a: Jirachi|Jirachi|69/100
|move|p2a: Serperior|Leaf Storm|p1a: Jirachi
|-resisted|p1a: Jirachi
|-damage|p1a: Jirachi|55/100
|-boost|p2a: Serperior|spa|2
|
|upkeep
|turn|13
|
|t:|1760454797
|move|p2a: Serperior|Glare|p1a: Jirachi
|-status|p1a: Jirachi|par
|cant|p1a: Jirachi|par
|
|upkeep
|turn|14
|
|t:|1760454801
|switch|p2a: Hawlucha|Hawlucha, F, shiny|100/100
|-enditem|p2a: Hawlucha|Psychic Seed
|-boost|p2a: Hawlucha|spd|1|[from] item: Psychic Seed
|move|p1a: Jirachi|U-turn|p2a: Hawlucha
|-resisted|p2a: Hawlucha
|-damage|p2a: Hawlucha|94/100
|
|t:|1760454808
|switch|p1a: Sandy Shocks|Sandy Shocks|100/100|[from] U-turn
|
|-fieldend|move: Psychic Terrain
|upkeep
|turn|15
|
|t:|1760454817
|-terastallize|p2a: Hawlucha|Steel
|move|p2a: Hawlucha|Swords Dance|p2a: Hawlucha
|-boost|p2a: Hawlucha|atk|2
|move|p1a: Sandy Shocks|Discharge|p2a: Hawlucha
|-damage|p2a: Hawlucha|50/100
|-status|p2a: Hawlucha|par
|
|upkeep
|turn|16
|
|t:|1760454824
|move|p2a: Hawlucha|Drain Punch|p1a: Sandy Shocks
|-damage|p1a: Sandy Shocks|19/100
|-heal|p2a: Hawlucha|92/100 par|[from] drain|[of] p1a: Sandy Shocks
|move|p1a: Sandy Shocks|Discharge|p2a: Hawlucha
|-damage|p2a: Hawlucha|47/100 par
|
|upkeep
|turn|17
|
|t:|1760454832
|-terastallize|p1a: Sandy Shocks|Ghost
|move|p2a: Hawlucha|Drain Punch|p1a: Sandy Shocks
|-immune|p1a: Sandy Shocks
|move|p1a: Sandy Shocks|Discharge|p2a: Hawlucha
|-damage|p2a: Hawlucha|0 fnt
|faint|p2a: Hawlucha
|
|upkeep
|
|t:|1760454835
|switch|p2a: Serperior|Serperior, M, shiny|100/100
|turn|18
|
|t:|1760454842
|move|p2a: Serperior|Substitute|p2a: Serperior
|-start|p2a: Serperior|Substitute
|-damage|p2a: Serperior|76/100
|move|p1a: Sandy Shocks|Volt Switch|p2a: Serperior
|-resisted|p2a: Serperior
|-activate|p2a: Serperior|move: Substitute|[damage]
|
|t:|1760454848
|-end|p1a: Sandy Shocks|Protosynthesis|[silent]
|switch|p1a: Noivern|Noivern, M|84/100|[from] Volt Switch
|-item|p2a: Serperior|Leftovers|[from] ability: Frisk|[of] p1a: Noivern
|
|-heal|p2a: Serperior|82/100|[from] item: Leftovers
|upkeep
|turn|19
|
|t:|1760454852
|move|p2a: Serperior|Glare|p1a: Noivern
|-status|p1a: Noivern|par
|move|p1a: Noivern|U-turn|p2a: Serperior
|-supereffective|p2a: Serperior
|-end|p2a: Serperior|Substitute
|
|t:|1760454855
|switch|p1a: Hydreigon|Hydreigon, M|100/100|[from] U-turn
|
|-heal|p2a: Serperior|88/100|[from] item: Leftovers
|upkeep
|turn|20
|
|t:|1760454860
|move|p1a: Hydreigon|U-turn|p2a: Serperior
|-supereffective|p2a: Serperior
|-damage|p2a: Serperior|54/100
|
|t:|1760454864
|switch|p1a: Noivern|Noivern, M|84/100 par|[from] U-turn
|-item|p2a: Serperior|Leftovers|[from] ability: Frisk|[of] p1a: Noivern
|move|p2a: Serperior|Leech Seed|p1a: Noivern|[miss]
|-miss|p2a: Serperior|p1a: Noivern
|
|-heal|p2a: Serperior|60/100|[from] item: Leftovers
|upkeep
|turn|21
|
|t:|1760454868
|move|p2a: Serperior|Substitute|p2a: Serperior
|-start|p2a: Serperior|Substitute
|-damage|p2a: Serperior|35/100
|cant|p1a: Noivern|par
|
|-heal|p2a: Serperior|41/100|[from] item: Leftovers
|upkeep
|turn|22
|
|t:|1760454873
|move|p2a: Serperior|Leaf Storm|p1a: Noivern
|-resisted|p1a: Noivern
|-damage|p1a: Noivern|69/100 par
|-boost|p2a: Serperior|spa|2
|move|p1a: Noivern|U-turn|p2a: Serperior
|-supereffective|p2a: Serperior
|-end|p2a: Serperior|Substitute
|
|t:|1760454876
|switch|p1a: Hydreigon|Hydreigon, M|100/100|[from] U-turn
|
|-heal|p2a: Serperior|48/100|[from] item: Leftovers
|upkeep
|turn|23
|
|t:|1760454882
|move|p1a: Hydreigon|Dark Pulse|p2a: Serperior
|-damage|p2a: Serperior|0 fnt
|faint|p2a: Serperior
|
|win|ay cheu
|raw|ay cheu's rating: 1522 &rarr; <strong>1540</strong><br />(+18 for winning)
|raw|bill1218's rating: 1494 &rarr; <strong>1476</strong><br />(-18 for losing)
|l|☆bill1218
|player|p2|
|l|☆ay cheu
|player|p1|
