|j|☆Bluelamentation
|j|☆Vanderbilt
|t:|1760393739
|gametype|singles
|player|p1|Bluelamentation|giovanni|1389
|player|p2|Vanderbilt|hiker-gen4|1469
|gen|9
|tier|[Gen 9] OU
|rated|
|rule|HP Percentage Mod: HP is shown in percentages
|rule|Endless Battle Clause: Forcing endless battles is banned
|rule|Species Clause: Limit one of each Pokémon
|rule|OHKO Clause: OHKO moves are banned
|rule|Evasion Items Clause: Evasion items are banned
|rule|Evasion Moves Clause: Evasion moves are banned
|rule|Evasion Abilities Clause: Evasion abilities are banned
|rule|Sleep Moves Clause: Sleep-inducing moves are banned
|clearpoke
|poke|p1|Talonflame, M|
|poke|p1|Iron Crown|
|poke|p1|Keldeo-Resolute|
|poke|p1|Garganacl, F|
|poke|p1|Pecharunt|
|poke|p1|Rotom-Mow|
|poke|p2|Gholdengo|
|poke|p2|Zamazenta-*|
|poke|p2|Ting-Lu|
|poke|p2|Clefable, F|
|poke|p2|Dragonite, F|
|poke|p2|Deoxys-Speed|
|teampreview
|inactive|Battle timer is ON: inactive players will automatically lose when time's up. (requested by Bluelamentation)
|
|t:|1760393747
|teamsize|p1|6
|teamsize|p2|6
|start
|switch|p1a: Garganacl|Garganacl, F|100/100
|switch|p2a: Ting-Lu|Ting-Lu|100/100
|-ability|p2a: Ting-Lu|Vessel of Ruin
|turn|1
|
|t:|1760393754
|switch|p1a: Talonflame|Talonflame, M|100/100
|move|p2a: Ting-Lu|Stealth Rock|p1a: Talonflame
|-sidestart|p1: Bluelamentation|move: Stealth Rock
|
|upkeep
|turn|2
|
|t:|1760393758
|switch|p2a: Clefable|Clefable, F|100/100
|move|p1a: Talonflame|Defog|p2a: Clefable
|-unboost|p2a: Clefable|evasion|1
|-sideend|p1: Bluelamentation|Stealth Rock|[from] move: Defog|[of] p1a: Talonflame
|
|upkeep
|turn|3
|
|t:|1760393764
|switch|p1a: Garganacl|Garganacl, F|100/100
|move|p2a: Clefable|Calm Mind|p2a: Clefable
|-boost|p2a: Clefable|spa|1
|-boost|p2a: Clefable|spd|1
|
|upkeep
|turn|4
|
|t:|1760393766
|move|p2a: Clefable|Calm Mind|p2a: Clefable
|-boost|p2a: Clefable|spa|1
|-boost|p2a: Clefable|spd|1
|move|p1a: Garganacl|Salt Cure|p2a: Clefable
|-damage|p2a: Clefable|90/100
|-start|p2a: Clefable|Salt Cure
|
|upkeep
|turn|5
|
|t:|1760393773
|move|p2a: Clefable|Knock Off|p1a: Garganacl
|-damage|p1a: Garganacl|92/100
|-enditem|p1a: Garganacl|Leftovers|[from] move: Knock Off|[of] p2a: Clefable
|move|p1a: Garganacl|Stealth Rock|p2a: Clefable
|-sidestart|p2: Vanderbilt|move: Stealth Rock
|
|upkeep
|turn|6
|
|t:|1760393778
|switch|p1a: Iron Crown|Iron Crown|100/100
|move|p2a: Clefable|Calm Mind|p2a: Clefable
|-boost|p2a: Clefable|spa|1
|-boost|p2a: Clefable|spd|1
|
|upkeep
|turn|7
|
|t:|1760393787
|-terastallize|p2a: Clefable|Water
|move|p1a: Iron Crown|Psyshock|p2a: Clefable
|-crit|p2a: Clefable
|-damage|p2a: Clefable|45/100
|move|p2a: Clefable|Calm Mind|p2a: Clefable
|-boost|p2a: Clefable|spa|1
|-boost|p2a: Clefable|spd|1
|
|upkeep
|turn|8
|
|t:|1760393794
|move|p1a: Iron Crown|Psyshock|p2a: Clefable
|-damage|p2a: Clefable|15/100
|move|p2a: Clefable|Moonlight|p2a: Clefable
|-heal|p2a: Clefable|65/100
|
|upkeep
|turn|9
|c|☆Bluelamentation|lol salt cure isnt dealing damage for some reason
|
|t:|1760393807
|move|p1a: Iron Crown|Psyshock|p2a: Clefable
|-damage|p2a: Clefable|34/100
|move|p2a: Clefable|Moonlight|p2a: Clefable
|-heal|p2a: Clefable|84/100
|
|upkeep
|turn|10
|
|t:|1760393817
|move|p1a: Iron Crown|Psyshock|p2a: Clefable
|-damage|p2a: Clefable|56/100
|move|p2a: Clefable|Moonblast|p1a: Iron Crown
|-resisted|p1a: Iron Crown
|-damage|p1a: Iron Crown|67/100
|
|upkeep
|turn|11
|
|t:|1760393828
|-end|p1a: Iron Crown|Quark Drive|[silent]
|switch|p1a: Pecharunt|Pecharunt|100/100
|move|p2a: Clefable|Moonlight|p2a: Clefable
|-heal|p2a: Clefable|100/100
|
|upkeep
|turn|12
|
|t:|1760393834
|move|p1a: Pecharunt|Malignant Chain|p2a: Clefable
|-crit|p2a: Clefable
|-damage|p2a: Clefable|54/100
|-status|p2a: Clefable|tox
|-start|p2a: Clefable|confusion|[from] ability: Poison Puppeteer|[of] p1a: Pecharunt
|-activate|p2a: Clefable|confusion
|move|p2a: Clefable|Knock Off|p1a: Pecharunt
|-supereffective|p1a: Pecharunt
|-damage|p1a: Pecharunt|87/100
|-enditem|p1a: Pecharunt|Heavy-Duty Boots|[from] move: Knock Off|[of] p2a: Clefable
|
|upkeep
|turn|13
|
|t:|1760393847
|move|p1a: Pecharunt|Parting Shot|p2a: Clefable
|-unboost|p2a: Clefable|atk|1
|-unboost|p2a: Clefable|spa|1
|
|t:|1760393852
|switch|p1a: Rotom|Rotom-Mow|100/100|[from] Parting Shot
|-activate|p2a: Clefable|confusion
|move|p2a: Clefable|Moonlight|p2a: Clefable
|-heal|p2a: Clefable|100/100 tox
|
|upkeep
|turn|14
|
|t:|1760393858
|move|p1a: Rotom|Trick|p2a: Clefable
|-activate|p1a: Rotom|move: Trick|[of] p2a: Clefable
|-item|p2a: Clefable|Choice Scarf|[from] move: Trick
|-item|p1a: Rotom|Rocky Helmet|[from] move: Trick
|-activate|p2a: Clefable|confusion
|-damage|p2a: Clefable|97/100 tox|[from] confusion
|
|upkeep
|turn|15
|
|t:|1760393864
|move|p1a: Rotom|Will-O-Wisp||[still]
|-fail|p1a: Rotom
|-activate|p2a: Clefable|confusion
|move|p2a: Clefable|Moonblast|p1a: Rotom
|-damage|p1a: Rotom|22/100
|
|upkeep
|turn|16
|
|t:|1760393869
|switch|p1a: Garganacl|Garganacl, F|92/100
|-end|p2a: Clefable|confusion
|move|p2a: Clefable|Moonblast|p1a: Garganacl
|-damage|p1a: Garganacl|38/100
|-unboost|p1a: Garganacl|spa|1
|
|upkeep
|turn|17
|
|t:|1760393875
|switch|p1a: Iron Crown|Iron Crown|67/100
|move|p2a: Clefable|Moonblast|p1a: Iron Crown
|-resisted|p1a: Iron Crown
|-damage|p1a: Iron Crown|41/100
|-unboost|p1a: Iron Crown|spa|1
|
|upkeep
|turn|18
|
|t:|1760393879
|move|p1a: Iron Crown|Psyshock|p2a: Clefable
|-damage|p2a: Clefable|76/100 tox
|move|p2a: Clefable|Moonblast|p1a: Iron Crown
|-resisted|p1a: Iron Crown
|-damage|p1a: Iron Crown|17/100
|
|upkeep
|turn|19
|
|t:|1760393891
|move|p1a: Iron Crown|Psyshock|p2a: Clefable
|-damage|p2a: Clefable|56/100 tox
|move|p2a: Clefable|Moonblast|p1a: Iron Crown
|-resisted|p1a: Iron Crown
|-damage|p1a: Iron Crown|0 fnt
|faint|p1a: Iron Crown
|-end|p1a: Iron Crown|Quark Drive|[silent]
|
|upkeep
|
|t:|1760393900
|switch|p1a: Keldeo|Keldeo-Resolute|100/100
|turn|20
|
|t:|1760393903
|move|p1a: Keldeo|Secret Sword|p2a: Clefable
|-damage|p2a: Clefable|19/100 tox
|move|p2a: Clefable|Moonblast|p1a: Keldeo
|-supereffective|p1a: Keldeo
|-damage|p1a: Keldeo|0 fnt
|faint|p1a: Keldeo
|
|upkeep
|-message|Bluelamentation forfeited.
|
|win|Vanderbilt
|raw|Bluelamentation's rating: 1389 &rarr; <strong>1374</strong><br />(-15 for losing)
|raw|Vanderbilt's rating: 1469 &rarr; <strong>1484</strong><br />(+15 for winning)
|l|☆Bluelamentation
|player|p1|
|l|☆Vanderbilt
|player|p2|
