|j|☆mo007001
|j|☆lovelymoa
|t:|1760434357
|gametype|singles
|player|p1|mo007001|burglar|1154
|player|p2|lovelymoa|swimmerf|1140
|gen|9
|tier|[Gen 9] OU
|rated|
|rule|HP Percentage Mod: HP is shown in percentages
|rule|Endless Battle Clause: Forcing endless battles is banned
|rule|Species Clause: Limit one of each Pokémon
|rule|OHKO Clause: OHKO moves are banned
|rule|Evasion Items Clause: Evasion items are banned
|rule|Evasion Moves Clause: Evasion moves are banned
|rule|Evasion Abilities Clause: Evasion abilities are banned
|rule|Sleep Moves Clause: Sleep-inducing moves are banned
|clearpoke
|poke|p1|Ursaluna, M|
|poke|p1|Gumshoos, F|
|poke|p1|Lokix, M|
|poke|p1|Kingambit, F|
|poke|p1|Slowking-Galar, M|
|poke|p1|Skeledirge, M|
|poke|p2|Polteageist|
|poke|p2|Indeedee, M|
|poke|p2|Hatterene, F|
|poke|p2|Cloyster, M|
|poke|p2|Iron Treads|
|poke|p2|Ting-Lu|
|teampreview
|inactive|Battle timer is ON: inactive players will automatically lose when time's up. (requested by lovelymoa)
|
|t:|1760434392
|teamsize|p1|6
|teamsize|p2|6
|start
|switch|p1a: Gumshoos|Gumshoos, F|100/100
|switch|p2a: Indeedee|Indeedee, M|100/100
|-fieldstart|move: Psychic Terrain|[from] ability: Psychic Surge|[of] p2a: Indeedee
|turn|1
|
|t:|1760434407
|switch|p2a: Hatterene|Hatterene, F|100/100
|move|p1a: Gumshoos|Knock Off|p2a: Hatterene
|-damage|p2a: Hatterene|31/100
|-enditem|p2a: Hatterene|Eject Button|[from] move: Knock Off|[of] p1a: Gumshoos
|
|upkeep
|turn|2
|
|t:|1760434415
|move|p1a: Gumshoos|Double-Edge|p2a: Hatterene
|-damage|p2a: Hatterene|0 fnt
|faint|p2a: Hatterene
|-damage|p1a: Gumshoos|92/100|[from] Recoil
|
|upkeep
|
|t:|1760434420
|switch|p2a: Polteageist|Polteageist|100/100
|turn|3
|
|t:|1760434424
|move|p2a: Polteageist|Shell Smash|p2a: Polteageist
|-unboost|p2a: Polteageist|def|1
|-unboost|p2a: Polteageist|spd|1
|-boost|p2a: Polteageist|atk|2
|-boost|p2a: Polteageist|spa|2
|-boost|p2a: Polteageist|spe|2
|move|p1a: Gumshoos|Knock Off|p2a: Polteageist
|-supereffective|p2a: Polteageist
|-enditem|p2a: Polteageist|Focus Sash
|-damage|p2a: Polteageist|1/100
|-ability|p2a: Polteageist|Weak Armor|boost
|-unboost|p2a: Polteageist|def|1
|-boost|p2a: Polteageist|spe|2
|
|upkeep
|turn|4
|
|t:|1760434440
|switch|p1a: Lokix|Lokix, M|100/100
|move|p2a: Polteageist|Stored Power|p1a: Lokix
|-immune|p1a: Lokix
|
|upkeep
|turn|5
|
|t:|1760434452
|move|p2a: Polteageist|Shadow Ball|p1a: Lokix
|-resisted|p1a: Lokix
|-damage|p1a: Lokix|24/100
|move|p1a: Lokix|Leech Life|p2a: Polteageist
|-resisted|p2a: Polteageist
|-damage|p2a: Polteageist|0 fnt
|-heal|p1a: Lokix|24/100|[from] drain|[of] p2a: Polteageist
|faint|p2a: Polteageist
|
|upkeep
|
|t:|1760434461
|switch|p2a: Cloyster|Cloyster, M|100/100
|turn|6
|
|t:|1760434474
|move|p2a: Cloyster|Shell Smash|p2a: Cloyster
|-unboost|p2a: Cloyster|def|1
|-unboost|p2a: Cloyster|spd|1
|-boost|p2a: Cloyster|atk|2
|-boost|p2a: Cloyster|spa|2
|-boost|p2a: Cloyster|spe|2
|move|p1a: Lokix|Leech Life|p2a: Cloyster
|-damage|p2a: Cloyster|20/100
|-heal|p1a: Lokix|53/100|[from] drain|[of] p2a: Cloyster
|
|upkeep
|turn|7
|
|t:|1760434487
|switch|p1a: Gumshoos|Gumshoos, F|92/100
|move|p2a: Cloyster|Icicle Spear|p1a: Gumshoos
|-damage|p1a: Gumshoos|60/100
|-damage|p1a: Gumshoos|29/100
|-damage|p1a: Gumshoos|0 fnt
|faint|p1a: Gumshoos
|-hitcount|p1: Gumshoos|3
|
|upkeep
|
|t:|1760434501
|switch|p1a: Slowking|Slowking-Galar, M|100/100
|turn|8
|
|t:|1760434509
|move|p2a: Cloyster|Icicle Spear|p1a: Slowking
|-crit|p1a: Slowking
|-damage|p1a: Slowking|72/100
|-damage|p1a: Slowking|52/100
|-damage|p1a: Slowking|35/100
|-damage|p1a: Slowking|16/100
|-damage|p1a: Slowking|0 fnt
|faint|p1a: Slowking
|-hitcount|p1: Slowking|5
|
|-fieldend|move: Psychic Terrain
|upkeep
|
|t:|1760434520
|switch|p1a: Lokix|Lokix, M|53/100
|turn|9
|
|t:|1760434524
|switch|p2a: Indeedee|Indeedee, M|100/100
|-fieldstart|move: Psychic Terrain|[from] ability: Psychic Surge|[of] p2a: Indeedee
|move|p1a: Lokix|First Impression|p2a: Indeedee
|-activate|p2a: Indeedee|move: Psychic Terrain
|
|upkeep
|turn|10
|
|t:|1760434533
|switch|p1a: Ursaluna|Ursaluna, M|100/100
|move|p2a: Indeedee|Healing Wish|p2a: Indeedee
|faint|p2a: Indeedee
|
|-status|p1a: Ursaluna|brn|[from] item: Flame Orb
|upkeep
|
|t:|1760434539
|switch|p2a: Cloyster|Cloyster, M|20/100
|-heal|p2a: Cloyster|100/100|[from] move: Healing Wish
|turn|11
|
|t:|1760434548
|move|p2a: Cloyster|Shell Smash|p2a: Cloyster
|-unboost|p2a: Cloyster|def|1
|-unboost|p2a: Cloyster|spd|1
|-boost|p2a: Cloyster|atk|2
|-boost|p2a: Cloyster|spa|2
|-boost|p2a: Cloyster|spe|2
|move|p1a: Ursaluna|Headlong Rush|p2a: Cloyster
|-damage|p2a: Cloyster|3/100
|-unboost|p1a: Ursaluna|def|1
|-unboost|p1a: Ursaluna|spd|1
|
|-damage|p1a: Ursaluna|94/100 brn|[from] brn
|upkeep
|turn|12
|inactive|mo007001 has 120 seconds left.
|
|t:|1760434584
|switch|p1a: Lokix|Lokix, M|53/100
|move|p2a: Cloyster|Icicle Spear|p1a: Lokix
|-damage|p1a: Lokix|25/100
|-damage|p1a: Lokix|0 fnt
|faint|p1a: Lokix
|-hitcount|p1: Lokix|2
|
|upkeep
|
|t:|1760434593
|switch|p1a: Skeledirge|Skeledirge, M, shiny|100/100
|turn|13
|inactive|mo007001 has 120 seconds left.
|
|t:|1760434604
|-terastallize|p1a: Skeledirge|Water
|move|p2a: Cloyster|Rock Blast|p1a: Skeledirge
|-damage|p1a: Skeledirge|96/100
|-damage|p1a: Skeledirge|90/100
|-damage|p1a: Skeledirge|85/100
|-damage|p1a: Skeledirge|79/100
|-damage|p1a: Skeledirge|74/100
|-hitcount|p1a: Skeledirge|5
|move|p1a: Skeledirge|Torch Song|p2a: Cloyster
|-damage|p2a: Cloyster|0 fnt
|-boost|p1a: Skeledirge|spa|1
|faint|p2a: Cloyster
|
|upkeep
|
|t:|1760434618
|switch|p2a: Ting-Lu|Ting-Lu|100/100
|-ability|p2a: Ting-Lu|Vessel of Ruin
|turn|14
|
|t:|1760434626
|move|p1a: Skeledirge|Will-O-Wisp|p2a: Ting-Lu
|-status|p2a: Ting-Lu|brn
|move|p2a: Ting-Lu|Ruination|p1a: Skeledirge
|-damage|p1a: Skeledirge|37/100
|
|-damage|p2a: Ting-Lu|94/100 brn|[from] brn
|upkeep
|turn|15
|
|t:|1760434636
|move|p1a: Skeledirge|Slack Off|p1a: Skeledirge
|-heal|p1a: Skeledirge|87/100
|move|p2a: Ting-Lu|Stealth Rock|p1a: Skeledirge
|-sidestart|p1: mo007001|move: Stealth Rock
|
|-damage|p2a: Ting-Lu|88/100 brn|[from] brn
|upkeep
|turn|16
|
|t:|1760434645
|move|p1a: Skeledirge|Torch Song|p2a: Ting-Lu
|-damage|p2a: Ting-Lu|62/100 brn
|-boost|p1a: Skeledirge|spa|1
|move|p2a: Ting-Lu|Spikes|p1a: Skeledirge
|-sidestart|p1: mo007001|Spikes
|
|-damage|p2a: Ting-Lu|56/100 brn|[from] brn
|-fieldend|move: Psychic Terrain
|upkeep
|turn|17
|
|t:|1760434655
|move|p1a: Skeledirge|Torch Song|p2a: Ting-Lu
|-damage|p2a: Ting-Lu|20/100 brn
|-boost|p1a: Skeledirge|spa|1
|move|p2a: Ting-Lu|Whirlwind|p1a: Skeledirge
|drag|p1a: Kingambit|Kingambit, F|100/100
|-damage|p1a: Kingambit|94/100|[from] Stealth Rock
|-activate|p1a: Kingambit|ability: Supreme Overlord
|-start|p1a: Kingambit|fallen3|[silent]
|-item|p1a: Kingambit|Air Balloon
|
|-damage|p2a: Ting-Lu|14/100 brn|[from] brn
|upkeep
|turn|18
|
|t:|1760434671
|move|p1a: Kingambit|Swords Dance|p1a: Kingambit
|-boost|p1a: Kingambit|atk|2
|move|p2a: Ting-Lu|Whirlwind|p1a: Kingambit
|-end|p1a: Kingambit|fallen3|[silent]
|drag|p1a: Skeledirge|Skeledirge, M, shiny, tera:Water|87/100
|
|-damage|p2a: Ting-Lu|8/100 brn|[from] brn
|upkeep
|turn|19
|
|t:|1760434680
|move|p1a: Skeledirge|Torch Song|p2a: Ting-Lu
|-damage|p2a: Ting-Lu|0 fnt
|-boost|p1a: Skeledirge|spa|1
|faint|p2a: Ting-Lu
|
|upkeep
|
|t:|1760434685
|switch|p2a: Iron Treads|Iron Treads|100/100
|-item|p2a: Iron Treads|Air Balloon
|turn|20
|
|t:|1760434693
|-terastallize|p2a: Iron Treads|Ground
|move|p2a: Iron Treads|Knock Off|p1a: Skeledirge
|-damage|p1a: Skeledirge|70/100
|-enditem|p1a: Skeledirge|Heavy-Duty Boots|[from] move: Knock Off|[of] p2a: Iron Treads
|move|p1a: Skeledirge|Torch Song|p2a: Iron Treads
|-damage|p2a: Iron Treads|50/100
|-boost|p1a: Skeledirge|spa|1
|-enditem|p2a: Iron Treads|Air Balloon
|
|upkeep
|turn|21
|-message|lovelymoa forfeited.
|
|win|mo007001
|raw|mo007001's rating: 1154 &rarr; <strong>1178</strong><br />(+24 for winning)
|raw|lovelymoa's rating: 1140 &rarr; <strong>1116</strong><br />(-24 for losing)
|l|☆lovelymoa
|player|p2|
|l|☆mo007001
|player|p1|
