|j|☆RocketMilt
|j|☆clemelc
|t:|1760391449
|gametype|singles
|player|p1|RocketMilt|102|1387
|player|p2|clemelc|rosa|1418
|gen|9
|tier|[Gen 9] OU
|rated|
|rule|HP Percentage Mod: HP is shown in percentages
|rule|Endless Battle Clause: Forcing endless battles is banned
|rule|Species Clause: Limit one of each Pokémon
|rule|OHKO Clause: OHKO moves are banned
|rule|Evasion Items Clause: Evasion items are banned
|rule|Evasion Moves Clause: Evasion moves are banned
|rule|Evasion Abilities Clause: Evasion abilities are banned
|rule|Sleep Moves Clause: Sleep-inducing moves are banned
|clearpoke
|poke|p1|Porygon-Z|
|poke|p1|Rillaboom, M|
|poke|p1|Samurott-Hisui, F|
|poke|p1|Slowking-Galar, M|
|poke|p1|Great Tusk|
|poke|p1|Moltres|
|poke|p2|Iron Crown|
|poke|p2|Samurott-Hisui, F|
|poke|p2|Zapdos|
|poke|p2|Dragapult, F|
|poke|p2|Great Tusk|
|poke|p2|Iron Boulder|
|teampreview
|inactive|Battle timer is ON: inactive players will automatically lose when time's up. (requested by RocketMilt)
|c|☆clemelc|gl:)
|
|t:|1760391461
|teamsize|p1|6
|teamsize|p2|6
|start
|switch|p1a: Rillaboom|Rillaboom, M|100/100
|switch|p2a: Everytime We Touch|Samurott-Hisui, F|100/100
|-fieldstart|move: Grassy Terrain|[from] ability: Grassy Surge|[of] p1a: Rillaboom
|turn|1
|
|t:|1760391476
|switch|p2a: Hurikan|Zapdos|100/100
|move|p1a: Rillaboom|U-turn|p2a: Hurikan
|-resisted|p2a: Hurikan
|-damage|p2a: Hurikan|87/100
|-status|p1a: Rillaboom|par|[from] ability: Static|[of] p2a: Hurikan
|
|t:|1760391484
|switch|p1a: Porygon-Z|Porygon-Z|100/100|[from] U-turn
|-ability|p1a: Porygon-Z|Download|boost
|-boost|p1a: Porygon-Z|spa|1
|
|upkeep
|turn|2
|
|t:|1760391491
|switch|p2a: Mindreader|Iron Crown|100/100
|move|p1a: Porygon-Z|Ice Beam|p2a: Mindreader
|-resisted|p2a: Mindreader
|-damage|p2a: Mindreader|67/100
|
|-heal|p2a: Mindreader|73/100|[from] Grassy Terrain
|upkeep
|turn|3
|
|t:|1760391498
|switch|p1a: Slowking|Slowking-Galar, M|100/100
|move|p2a: Mindreader|Volt Switch|p1a: Slowking
|-damage|p1a: Slowking|79/100
|
|t:|1760391504
|-end|p2a: Mindreader|Quark Drive|[silent]
|switch|p2a: Everytime We Touch|Samurott-Hisui, F|100/100|[from] Volt Switch
|
|-heal|p1a: Slowking|86/100|[from] Grassy Terrain
|upkeep
|turn|4
|
|t:|1760391509
|switch|p1a: Samurott|Samurott-Hisui, F|100/100
|move|p2a: Everytime We Touch|Razor Shell|p1a: Samurott
|-resisted|p1a: Samurott
|-damage|p1a: Samurott|74/100
|-unboost|p1a: Samurott|def|1
|
|-heal|p1a: Samurott|80/100|[from] Grassy Terrain
|upkeep
|turn|5
|
|t:|1760391515
|switch|p2a: Hurikan|Zapdos|87/100
|move|p1a: Samurott|Ceaseless Edge|p2a: Hurikan
|-damage|p2a: Hurikan|56/100
|-status|p1a: Samurott|par|[from] ability: Static|[of] p2a: Hurikan
|-sidestart|p2: clemelc|Spikes
|
|-heal|p1a: Samurott|86/100 par|[from] Grassy Terrain
|-fieldend|move: Grassy Terrain
|upkeep
|turn|6
|
|t:|1760391520
|switch|p1a: Slowking|Slowking-Galar, M|100/100
|move|p2a: Hurikan|U-turn|p1a: Slowking
|-damage|p1a: Slowking|86/100
|c|☆clemelc|sry
|
|t:|1760391528
|switch|p2a: Everytime We Touch|Samurott-Hisui, F|100/100|[from] U-turn
|-damage|p2a: Everytime We Touch|88/100|[from] Spikes
|
|upkeep
|turn|7
|
|t:|1760391535
|switch|p1a: Great Tusk|Great Tusk|100/100
|-enditem|p1a: Great Tusk|Booster Energy
|-activate|p1a: Great Tusk|ability: Protosynthesis|[fromitem]
|-start|p1a: Great Tusk|protosynthesisspe
|move|p2a: Everytime We Touch|Ceaseless Edge|p1a: Great Tusk
|-resisted|p1a: Great Tusk
|-damage|p1a: Great Tusk|87/100
|-sidestart|p1: RocketMilt|Spikes
|
|upkeep
|turn|8
|
|t:|1760391545
|switch|p2a: Pump It|Great Tusk|100/100
|move|p1a: Great Tusk|Bulk Up|p1a: Great Tusk
|-boost|p1a: Great Tusk|atk|1
|-boost|p1a: Great Tusk|def|1
|
|upkeep
|turn|9
|
|t:|1760391548
|move|p1a: Great Tusk|Bulk Up|p1a: Great Tusk
|-boost|p1a: Great Tusk|atk|1
|-boost|p1a: Great Tusk|def|1
|move|p2a: Pump It|Rapid Spin|p1a: Great Tusk
|-crit|p1a: Great Tusk
|-damage|p1a: Great Tusk|71/100
|-boost|p2a: Pump It|spe|1
|-sideend|p2: clemelc|Spikes|[from] move: Rapid Spin|[of] p2a: Pump It
|
|upkeep
|turn|10
|
|t:|1760391551
|move|p1a: Great Tusk|Bulk Up|p1a: Great Tusk
|-boost|p1a: Great Tusk|atk|1
|-boost|p1a: Great Tusk|def|1
|move|p2a: Pump It|Ice Spinner|p1a: Great Tusk
|-supereffective|p1a: Great Tusk
|-damage|p1a: Great Tusk|57/100
|
|upkeep
|turn|11
|
|t:|1760391556
|move|p1a: Great Tusk|Ice Spinner|p2a: Pump It
|-supereffective|p2a: Pump It
|-damage|p2a: Pump It|21/100
|move|p2a: Pump It|Ice Spinner|p1a: Great Tusk
|-supereffective|p1a: Great Tusk
|-damage|p1a: Great Tusk|42/100
|
|upkeep
|turn|12
|
|t:|1760391559
|move|p1a: Great Tusk|Rapid Spin|p2a: Pump It
|-damage|p2a: Pump It|0 fnt
|-boost|p1a: Great Tusk|spe|1
|-sideend|p1: RocketMilt|Spikes|[from] move: Rapid Spin|[of] p1a: Great Tusk
|faint|p2a: Pump It
|-end|p2a: Pump It|Protosynthesis|[silent]
|
|upkeep
|
|t:|1760391565
|switch|p2a: Hurikan|Zapdos|56/100
|turn|13
|
|t:|1760391567
|move|p1a: Great Tusk|Ice Spinner|p2a: Hurikan
|-supereffective|p2a: Hurikan
|-damage|p2a: Hurikan|0 fnt
|faint|p2a: Hurikan
|
|upkeep
|
|t:|1760391577
|switch|p2a: Revery|Iron Boulder|100/100
|-enditem|p2a: Revery|Booster Energy
|-activate|p2a: Revery|ability: Quark Drive|[fromitem]
|-start|p2a: Revery|quarkdrivespe
|turn|14
|
|t:|1760391580
|move|p1a: Great Tusk|Headlong Rush|p2a: Revery
|-supereffective|p2a: Revery
|-damage|p2a: Revery|0 fnt
|-unboost|p1a: Great Tusk|def|1
|-unboost|p1a: Great Tusk|spd|1
|faint|p2a: Revery
|-end|p2a: Revery|Quark Drive|[silent]
|
|upkeep
|c|☆clemelc|gg
|
|t:|1760391588
|switch|p2a: Parasite|Dragapult, F|100/100
|turn|15
|
|t:|1760391591
|move|p2a: Parasite|Sucker Punch|p1a: Great Tusk
|-resisted|p1a: Great Tusk
|-crit|p1a: Great Tusk
|-damage|p1a: Great Tusk|25/100
|move|p1a: Great Tusk|Headlong Rush|p2a: Parasite
|-damage|p2a: Parasite|0 fnt
|-unboost|p1a: Great Tusk|def|1
|-unboost|p1a: Great Tusk|spd|1
|faint|p2a: Parasite
|
|upkeep
|-message|clemelc forfeited.
|
|win|RocketMilt
|raw|RocketMilt's rating: 1387 &rarr; <strong>1409</strong><br />(+22 for winning)
|raw|clemelc's rating: 1418 &rarr; <strong>1396</strong><br />(-22 for losing)
|l|☆clemelc
|player|p2|
|c|☆RocketMilt|Gg
|l|☆RocketMilt
|player|p1|
