|j|☆SillyScallop
|j|☆BBT94
|t:|1760392794
|gametype|singles
|player|p1|SillyScallop|maid|1597
|player|p2|BBT94|265|1667
|gen|9
|tier|[Gen 9] OU
|rated|
|rule|HP Percentage Mod: HP is shown in percentages
|rule|Endless Battle Clause: Forcing endless battles is banned
|rule|Species Clause: Limit one of each Pokémon
|rule|OHKO Clause: OHKO moves are banned
|rule|Evasion Items Clause: Evasion items are banned
|rule|Evasion Moves Clause: Evasion moves are banned
|rule|Evasion Abilities Clause: Evasion abilities are banned
|rule|Sleep Moves Clause: Sleep-inducing moves are banned
|clearpoke
|poke|p1|Hydreigon, F|
|poke|p1|Jirachi|
|poke|p1|Alomomola, F|
|poke|p1|Cinderace, F|
|poke|p1|Great Tusk|
|poke|p1|Rillaboom, F|
|poke|p2|Great Tusk|
|poke|p2|Dragapult, M|
|poke|p2|Alomomola, M|
|poke|p2|Slowking-Galar, M|
|poke|p2|Kingambit, F|
|poke|p2|Enamorus, F|
|teampreview
|
|t:|1760392802
|teamsize|p1|6
|teamsize|p2|6
|start
|switch|p1a: Alomomola|Alomomola, F|100/100
|switch|p2a: Enamorus|Enamorus, F|100/100
|turn|1
|inactive|Battle timer is ON: inactive players will automatically lose when time's up. (requested by SillyScallop)
|
|t:|1760392807
|switch|p2a: Slowking|Slowking-Galar, M|100/100
|move|p1a: Alomomola|Mirror Coat||[still]
|-fail|p1a: Alomomola
|
|upkeep
|turn|2
|
|t:|1760392811
|move|p1a: Alomomola|Flip Turn|p2a: Slowking
|-damage|p2a: Slowking|83/100
|
|t:|1760392817
|switch|p1a: Jirachi|Jirachi|100/100|[from] Flip Turn
|move|p2a: Slowking|Thunder Wave|p1a: Jirachi
|-status|p1a: Jirachi|par
|
|upkeep
|turn|3
|
|t:|1760392821
|move|p1a: Jirachi|Encore|p2a: Slowking
|-start|p2a: Slowking|Encore
|move|p2a: Slowking|Thunder Wave|p1a: Jirachi|[miss]
|-miss|p2a: Slowking|p1a: Jirachi
|
|upkeep
|turn|4
|
|t:|1760392824
|switch|p2a: Kingambit|Kingambit, F|100/100
|move|p1a: Jirachi|Doom Desire|p2a: Kingambit
|-start|p1a: Jirachi|Doom Desire
|
|upkeep
|turn|5
|
|t:|1760392829
|switch|p1a: Great Tusk|Great Tusk|100/100
|move|p2a: Kingambit|Low Kick|p1a: Great Tusk
|-damage|p1a: Great Tusk|74/100
|
|-heal|p1a: Great Tusk|80/100|[from] item: Leftovers
|upkeep
|turn|6
|
|t:|1760392838
|move|p1a: Great Tusk|Ice Spinner|p2a: Kingambit
|-resisted|p2a: Kingambit
|-damage|p2a: Kingambit|91/100
|move|p2a: Kingambit|Low Kick|p1a: Great Tusk
|-damage|p1a: Great Tusk|50/100
|
|-end|p2a: Kingambit|move: Doom Desire
|-resisted|p2a: Kingambit
|-damage|p2a: Kingambit|57/100
|-heal|p1a: Great Tusk|56/100|[from] item: Leftovers
|-heal|p2a: Kingambit|64/100|[from] item: Leftovers
|upkeep
|turn|7
|
|t:|1760392846
|-end|p2a: Kingambit|fallenundefined|[silent]
|switch|p2a: Enamorus|Enamorus, F|100/100
|move|p1a: Great Tusk|Ice Spinner|p2a: Enamorus
|-supereffective|p2a: Enamorus
|-damage|p2a: Enamorus|33/100
|
|-heal|p1a: Great Tusk|63/100|[from] item: Leftovers
|upkeep
|turn|8
|
|t:|1760392860
|switch|p2a: Dragapult|Dragapult, M|100/100
|-end|p1a: Great Tusk|Protosynthesis|[silent]
|switch|p1a: Jirachi|Jirachi|100/100 par
|
|upkeep
|turn|9
|
|t:|1760392868
|-terastallize|p2a: Dragapult|Ghost
|move|p2a: Dragapult|Tera Blast|p1a: Jirachi|[anim] Tera Blast Ghost
|-supereffective|p1a: Jirachi
|-damage|p1a: Jirachi|0 fnt
|faint|p1a: Jirachi
|
|upkeep
|
|t:|1760392873
|switch|p1a: Hydreigon|Hydreigon, F, shiny|100/100
|turn|10
|
|t:|1760392881
|switch|p2a: Great Tusk|Great Tusk|100/100
|-enditem|p2a: Great Tusk|Booster Energy
|-activate|p2a: Great Tusk|ability: Protosynthesis|[fromitem]
|-start|p2a: Great Tusk|protosynthesisspe
|move|p1a: Hydreigon|Dark Pulse|p2a: Great Tusk
|-resisted|p2a: Great Tusk
|-damage|p2a: Great Tusk|58/100
|
|upkeep
|turn|11
|
|t:|1760392889
|switch|p1a: Alomomola|Alomomola, F|100/100
|move|p2a: Great Tusk|Stealth Rock|p1a: Alomomola
|-sidestart|p1: SillyScallop|move: Stealth Rock
|
|upkeep
|turn|12
|
|t:|1760392892
|move|p2a: Great Tusk|Knock Off|p1a: Alomomola
|-damage|p1a: Alomomola|81/100
|-enditem|p1a: Alomomola|Assault Vest|[from] move: Knock Off|[of] p2a: Great Tusk
|move|p1a: Alomomola|Flip Turn|p2a: Great Tusk
|-supereffective|p2a: Great Tusk
|-damage|p2a: Great Tusk|37/100
|
|t:|1760392898
|switch|p1a: Rillaboom|Rillaboom, F|100/100|[from] Flip Turn
|-damage|p1a: Rillaboom|88/100|[from] Stealth Rock
|-fieldstart|move: Grassy Terrain|[from] ability: Grassy Surge|[of] p1a: Rillaboom
|
|-heal|p2a: Great Tusk|43/100|[from] Grassy Terrain
|-heal|p1a: Rillaboom|94/100|[from] Grassy Terrain
|upkeep
|turn|13
|
|t:|1760392905
|move|p1a: Rillaboom|Grassy Glide|p2a: Great Tusk
|-supereffective|p2a: Great Tusk
|-damage|p2a: Great Tusk|0 fnt
|faint|p2a: Great Tusk
|-end|p2a: Great Tusk|Protosynthesis|[silent]
|
|-heal|p1a: Rillaboom|100/100|[from] Grassy Terrain
|upkeep
|
|t:|1760392910
|switch|p2a: Slowking|Slowking-Galar, M|100/100
|turn|14
|
|t:|1760392916
|switch|p1a: Alomomola|Alomomola, F|100/100
|-damage|p1a: Alomomola|88/100|[from] Stealth Rock
|move|p2a: Slowking|Sludge Bomb|p1a: Alomomola
|-damage|p1a: Alomomola|60/100
|
|-heal|p1a: Alomomola|66/100|[from] Grassy Terrain
|upkeep
|turn|15
|
|t:|1760392922
|move|p1a: Alomomola|Flip Turn|p2a: Slowking
|-damage|p2a: Slowking|85/100
|
|t:|1760392925
|switch|p1a: Great Tusk|Great Tusk|63/100|[from] Flip Turn
|-damage|p1a: Great Tusk|60/100|[from] Stealth Rock
|move|p2a: Slowking|Sludge Bomb|p1a: Great Tusk
|-resisted|p1a: Great Tusk
|-damage|p1a: Great Tusk|37/100
|
|-heal|p1a: Great Tusk|43/100|[from] Grassy Terrain
|-heal|p1a: Great Tusk|49/100|[from] item: Leftovers
|-heal|p2a: Slowking|91/100|[from] Grassy Terrain
|upkeep
|turn|16
|
|t:|1760392932
|move|p1a: Great Tusk|Rapid Spin|p2a: Slowking
|-damage|p2a: Slowking|76/100
|-boost|p1a: Great Tusk|spe|1
|-sideend|p1: SillyScallop|Stealth Rock|[from] move: Rapid Spin|[of] p1a: Great Tusk
|move|p2a: Slowking|Ice Beam|p1a: Great Tusk
|-supereffective|p1a: Great Tusk
|-damage|p1a: Great Tusk|0 fnt
|faint|p1a: Great Tusk
|-end|p1a: Great Tusk|Protosynthesis|[silent]
|
|-heal|p2a: Slowking|82/100|[from] Grassy Terrain
|-fieldend|move: Grassy Terrain
|upkeep
|
|t:|1760392939
|switch|p1a: Rillaboom|Rillaboom, F|100/100
|-fieldstart|move: Grassy Terrain|[from] ability: Grassy Surge|[of] p1a: Rillaboom
|turn|17
|
|t:|1760392952
|switch|p2a: Kingambit|Kingambit, F|64/100
|-activate|p2a: Kingambit|ability: Supreme Overlord
|-start|p2a: Kingambit|fallen1|[silent]
|move|p1a: Rillaboom|Knock Off|p2a: Kingambit
|-resisted|p2a: Kingambit
|-damage|p2a: Kingambit|41/100
|-enditem|p2a: Kingambit|Leftovers|[from] move: Knock Off|[of] p1a: Rillaboom
|
|-heal|p2a: Kingambit|47/100|[from] Grassy Terrain
|upkeep
|turn|18
|
|t:|1760392956
|switch|p1a: Alomomola|Alomomola, F|99/100
|move|p2a: Kingambit|Low Kick|p1a: Alomomola
|-damage|p1a: Alomomola|81/100
|
|-heal|p2a: Kingambit|53/100|[from] Grassy Terrain
|-heal|p1a: Alomomola|88/100|[from] Grassy Terrain
|upkeep
|turn|19
|
|t:|1760392964
|move|p2a: Kingambit|Kowtow Cleave|p1a: Alomomola
|-damage|p1a: Alomomola|51/100
|move|p1a: Alomomola|Flip Turn|p2a: Kingambit
|-damage|p2a: Kingambit|39/100
|
|t:|1760392967
|switch|p1a: Cinderace|Cinderace, F|100/100|[from] Flip Turn
|
|-heal|p2a: Kingambit|45/100|[from] Grassy Terrain
|upkeep
|turn|20
|
|t:|1760392975
|-end|p2a: Kingambit|fallen1|[silent]
|switch|p2a: Alomomola|Alomomola, M|100/100
|move|p1a: Cinderace|Will-O-Wisp|p2a: Alomomola
|-status|p2a: Alomomola|brn
|
|-damage|p2a: Alomomola|94/100 brn|[from] brn
|upkeep
|turn|21
|
|t:|1760392978
|move|p1a: Cinderace|U-turn|p2a: Alomomola
|-crit|p2a: Alomomola
|-damage|p2a: Alomomola|79/100 brn
|
|t:|1760392981
|switch|p1a: Alomomola|Alomomola, F|84/100|[from] U-turn
|move|p2a: Alomomola|Flip Turn|p1a: Alomomola
|-resisted|p1a: Alomomola
|-damage|p1a: Alomomola|82/100
|
|t:|1760392988
|switch|p2a: Dragapult|Dragapult, M, tera:Ghost|100/100|[from] Flip Turn
|
|-heal|p1a: Alomomola|88/100|[from] Grassy Terrain
|-fieldend|move: Grassy Terrain
|upkeep
|turn|22
|
|t:|1760392993
|move|p2a: Dragapult|Dragon Darts|p1a: Alomomola
|-damage|p1a: Alomomola|64/100
|-anim|p2a: Dragapult|Dragon Darts|p1a: Alomomola
|-damage|p1a: Alomomola|40/100
|move|p1a: Alomomola|Play Rough|p2a: Dragapult
|-damage|p2a: Dragapult|78/100
|
|upkeep
|turn|23
|
|t:|1760393003
|-terastallize|p1a: Alomomola|Fairy
|move|p2a: Dragapult|Dragon Darts|p1a: Alomomola
|-immune|p1a: Alomomola
|move|p1a: Alomomola|Flip Turn|p2a: Dragapult
|-crit|p2a: Dragapult
|-damage|p2a: Dragapult|47/100
|
|t:|1760393008
|switch|p1a: Rillaboom|Rillaboom, F|100/100|[from] Flip Turn
|-fieldstart|move: Grassy Terrain|[from] ability: Grassy Surge|[of] p1a: Rillaboom
|
|-heal|p2a: Dragapult|53/100|[from] Grassy Terrain
|upkeep
|turn|24
|
|t:|1760393021
|switch|p2a: Slowking|Slowking-Galar, M|100/100
|move|p1a: Rillaboom|Knock Off|p2a: Slowking
|-supereffective|p2a: Slowking
|-damage|p2a: Slowking|0 fnt
|-enditem|p2a: Slowking|Heavy-Duty Boots|[from] move: Knock Off|[of] p1a: Rillaboom
|faint|p2a: Slowking
|
|upkeep
|
|t:|1760393025
|switch|p2a: Enamorus|Enamorus, F|33/100
|turn|25
|
|t:|1760393030
|switch|p1a: Cinderace|Cinderace, F|100/100
|move|p2a: Enamorus|Healing Wish|p2a: Enamorus
|faint|p2a: Enamorus
|
|upkeep
|
|t:|1760393035
|switch|p2a: Kingambit|Kingambit, F|45/100
|-heal|p2a: Kingambit|100/100|[from] move: Healing Wish
|-activate|p2a: Kingambit|ability: Supreme Overlord
|-start|p2a: Kingambit|fallen3|[silent]
|turn|26
|
|t:|1760393037
|-end|p2a: Kingambit|fallen3|[silent]
|switch|p2a: Alomomola|Alomomola, M|100/100 brn
|move|p1a: Cinderace|Will-O-Wisp|p2a: Alomomola
|-fail|p2a: Alomomola|brn
|
|-damage|p2a: Alomomola|94/100 brn|[from] brn
|upkeep
|turn|27
|
|t:|1760393041
|move|p1a: Cinderace|Pyro Ball|p2a: Alomomola
|-resisted|p2a: Alomomola
|-damage|p2a: Alomomola|82/100 brn
|move|p2a: Alomomola|Scald|p1a: Cinderace
|-supereffective|p1a: Cinderace
|-damage|p1a: Cinderace|65/100
|
|-heal|p1a: Cinderace|71/100|[from] Grassy Terrain
|-heal|p2a: Alomomola|88/100 brn|[from] Grassy Terrain
|-damage|p2a: Alomomola|82/100 brn|[from] brn
|-fieldend|move: Grassy Terrain
|upkeep
|turn|28
|
|t:|1760393045
|move|p1a: Cinderace|U-turn|p2a: Alomomola
|-damage|p2a: Alomomola|72/100 brn
|
|t:|1760393046
|switch|p1a: Alomomola|Alomomola, F, tera:Fairy|73/100|[from] U-turn
|move|p2a: Alomomola|Wish|p2a: Alomomola
|
|-damage|p2a: Alomomola|66/100 brn|[from] brn
|upkeep
|turn|29
|
|t:|1760393050
|move|p2a: Alomomola|Flip Turn|p1a: Alomomola
|-damage|p1a: Alomomola|67/100
|
|t:|1760393051
|switch|p2a: Dragapult|Dragapult, M, tera:Ghost|53/100|[from] Flip Turn
|move|p1a: Alomomola|Flip Turn|p2a: Dragapult
|-damage|p2a: Dragapult|29/100
|
|t:|1760393058
|switch|p1a: Rillaboom|Rillaboom, F|100/100|[from] Flip Turn
|-fieldstart|move: Grassy Terrain|[from] ability: Grassy Surge|[of] p1a: Rillaboom
|
|-heal|p2a: Dragapult|100/100|[from] move: Wish|[wisher] Alomomola
|upkeep
|turn|30
|
|t:|1760393069
|move|p1a: Rillaboom|Grassy Glide|p2a: Dragapult
|-crit|p2a: Dragapult
|-damage|p2a: Dragapult|0 fnt
|faint|p2a: Dragapult
|
|upkeep
|
|t:|1760393074
|switch|p2a: Kingambit|Kingambit, F|100/100
|-activate|p2a: Kingambit|ability: Supreme Overlord
|-start|p2a: Kingambit|fallen4|[silent]
|turn|31
|c|☆SillyScallop|My b
|
|t:|1760393079
|switch|p1a: Hydreigon|Hydreigon, F, shiny|100/100
|move|p2a: Kingambit|Swords Dance|p2a: Kingambit
|-boost|p2a: Kingambit|atk|2
|
|upkeep
|turn|32
|c|☆BBT94|its ok
|
|t:|1760393082
|move|p1a: Hydreigon|Heat Wave|p2a: Kingambit
|-supereffective|p2a: Kingambit
|-damage|p2a: Kingambit|0 fnt
|faint|p2a: Kingambit
|-end|p2a: Kingambit|fallen4|[silent]
|
|upkeep
|-message|BBT94 forfeited.
|
|win|SillyScallop
|raw|SillyScallop's rating: 1597 &rarr; <strong>1621</strong><br />(+24 for winning)
|raw|BBT94's rating: 1667 &rarr; <strong>1643</strong><br />(-24 for losing)
|l|☆BBT94
|player|p2|
|l|☆SillyScallop
|player|p1|
