|j|‽xiexieqs
|j|☆pelicano17
|t:|1760446512
|gametype|singles
|player|p1|xiexieqs|1|1337
|player|p2|pelicano17|skyla|1371
|gen|9
|tier|[Gen 9] OU
|rated|
|rule|HP Percentage Mod: HP is shown in percentages
|rule|Endless Battle Clause: Forcing endless battles is banned
|rule|Species Clause: Limit one of each Pokémon
|rule|OHKO Clause: OHKO moves are banned
|rule|Evasion Items Clause: Evasion items are banned
|rule|Evasion Moves Clause: Evasion moves are banned
|rule|Evasion Abilities Clause: Evasion abilities are banned
|rule|Sleep Moves Clause: Sleep-inducing moves are banned
|clearpoke
|poke|p1|Torkoal, F|
|poke|p1|Hatterene, F|
|poke|p1|Raging Bolt|
|poke|p1|Slither Wing|
|poke|p1|Venusaur, F|
|poke|p1|Walking Wake|
|poke|p2|Iron Valiant|
|poke|p2|Ceruledge, F|
|poke|p2|Great Tusk|
|poke|p2|Landorus-Therian, M|
|poke|p2|Lapras, F|
|poke|p2|Darkrai|
|teampreview
|j| priimaal
|inactive|Battle timer is ON: inactive players will automatically lose when time's up. (requested by pelicano17)
|
|t:|1760446541
|teamsize|p1|6
|teamsize|p2|6
|start
|switch|p1a: Slither Wing|Slither Wing|100/100
|switch|p2a: Landorus|Landorus-Therian, M|100/100
|-ability|p2a: Landorus|Intimidate|boost
|-unboost|p1a: Slither Wing|atk|1
|turn|1
|
|t:|1760446553
|move|p2a: Landorus|U-turn|p1a: Slither Wing
|-resisted|p1a: Slither Wing
|-damage|p1a: Slither Wing|86/100
|
|t:|1760446558
|switch|p2a: Ceruledge|Ceruledge, F|100/100|[from] U-turn
|move|p1a: Slither Wing|U-turn|p2a: Ceruledge
|-resisted|p2a: Ceruledge
|-damage|p2a: Ceruledge|93/100
|-ability|p2a: Ceruledge|Weak Armor|boost
|-unboost|p2a: Ceruledge|def|1
|-boost|p2a: Ceruledge|spe|2
|
|t:|1760446573
|-end|p1a: Slither Wing|Protosynthesis|[silent]
|switch|p1a: Walking Wake|Walking Wake|100/100|[from] U-turn
|
|upkeep
|turn|2
|
|t:|1760446584
|-terastallize|p2a: Ceruledge|Flying
|move|p2a: Ceruledge|Swords Dance|p2a: Ceruledge
|-boost|p2a: Ceruledge|atk|2
|move|p1a: Walking Wake|Hydro Steam|p2a: Ceruledge
|-damage|p2a: Ceruledge|54/100
|
|upkeep
|turn|3
|inactive|xiexieqs has 120 seconds left.
|
|t:|1760446634
|-end|p1a: Walking Wake|Protosynthesis|[silent]
|switch|p1a: Hatterene|Hatterene, F|100/100
|-item|p1a: Hatterene|Air Balloon
|move|p2a: Ceruledge|Bitter Blade|p1a: Hatterene
|-damage|p1a: Hatterene|33/100
|-heal|p2a: Ceruledge|84/100|[from] drain|[of] p1a: Hatterene
|-enditem|p1a: Hatterene|Air Balloon
|
|upkeep
|turn|4
|
|t:|1760446647
|move|p2a: Ceruledge|Bitter Blade|p1a: Hatterene
|-damage|p1a: Hatterene|0 fnt
|-heal|p2a: Ceruledge|99/100|[from] drain|[of] p1a: Hatterene
|faint|p1a: Hatterene
|
|upkeep
|
|t:|1760446651
|switch|p1a: Torkoal|Torkoal, F|100/100
|-weather|SunnyDay|[from] ability: Drought|[of] p1a: Torkoal
|turn|5
|
|t:|1760446657
|move|p2a: Ceruledge|Swords Dance|p2a: Ceruledge
|-boost|p2a: Ceruledge|atk|2
|move|p1a: Torkoal|Overheat|p2a: Ceruledge
|-damage|p2a: Ceruledge|16/100
|-unboost|p1a: Torkoal|spa|2
|
|-weather|SunnyDay|[upkeep]
|upkeep
|turn|6
|inactive|xiexieqs has 120 seconds left.
|
|t:|1760446690
|move|p2a: Ceruledge|Bitter Blade|p1a: Torkoal
|-resisted|p1a: Torkoal
|-damage|p1a: Torkoal|12/100
|-heal|p2a: Ceruledge|55/100|[from] drain|[of] p1a: Torkoal
|move|p1a: Torkoal|Overheat|p2a: Ceruledge
|-damage|p2a: Ceruledge|14/100
|-unboost|p1a: Torkoal|spa|2
|
|-weather|SunnyDay|[upkeep]
|upkeep
|turn|7
|
|t:|1760446697
|move|p2a: Ceruledge|Bitter Blade|p1a: Torkoal
|-resisted|p1a: Torkoal
|-damage|p1a: Torkoal|0 fnt
|-heal|p2a: Ceruledge|19/100|[from] drain|[of] p1a: Torkoal
|faint|p1a: Torkoal
|
|-weather|SunnyDay|[upkeep]
|upkeep
|
|t:|1760446706
|switch|p1a: Walking Wake|Walking Wake|100/100
|-activate|p1a: Walking Wake|ability: Protosynthesis
|-start|p1a: Walking Wake|protosynthesisspe
|turn|8
|
|t:|1760446716
|move|p2a: Ceruledge|Shadow Sneak|p1a: Walking Wake
|-damage|p1a: Walking Wake|41/100
|move|p1a: Walking Wake|Weather Ball|p2a: Ceruledge
|-damage|p2a: Ceruledge|0 fnt
|faint|p2a: Ceruledge
|
|-weather|SunnyDay|[upkeep]
|upkeep
|
|t:|1760446727
|switch|p2a: Darkrai|Darkrai|100/100
|turn|9
|inactive|xiexieqs has 120 seconds left.
|
|t:|1760446738
|-end|p1a: Walking Wake|Protosynthesis|[silent]
|switch|p1a: Slither Wing|Slither Wing|86/100
|-activate|p1a: Slither Wing|ability: Protosynthesis
|-start|p1a: Slither Wing|protosynthesisatk
|move|p2a: Darkrai|Dark Pulse|p1a: Slither Wing
|-resisted|p1a: Slither Wing
|-damage|p1a: Slither Wing|73/100
|
|-weather|SunnyDay|[upkeep]
|upkeep
|turn|10
|
|t:|1760446747
|switch|p2a: Landorus|Landorus-Therian, M|100/100
|-ability|p2a: Landorus|Intimidate|boost
|-unboost|p1a: Slither Wing|atk|1
|move|p1a: Slither Wing|U-turn|p2a: Landorus
|-resisted|p2a: Landorus
|-damage|p2a: Landorus|80/100
|-damage|p1a: Slither Wing|57/100|[from] item: Rocky Helmet|[of] p2a: Landorus
|
|t:|1760446750
|-end|p1a: Slither Wing|Protosynthesis|[silent]
|switch|p1a: Walking Wake|Walking Wake|41/100|[from] U-turn
|-activate|p1a: Walking Wake|ability: Protosynthesis
|-start|p1a: Walking Wake|protosynthesisspe
|
|-weather|SunnyDay|[upkeep]
|upkeep
|turn|11
|
|t:|1760446754
|switch|p2a: Lapras|Lapras, F|100/100
|move|p1a: Walking Wake|Hydro Steam|p2a: Lapras
|-immune|p2a: Lapras|[from] ability: Water Absorb
|
|-weather|SunnyDay|[upkeep]
|upkeep
|turn|12
|
|t:|1760446758
|-end|p1a: Walking Wake|Protosynthesis|[silent]
|switch|p1a: Raging Bolt|Raging Bolt|100/100
|-activate|p1a: Raging Bolt|ability: Protosynthesis
|-start|p1a: Raging Bolt|protosynthesisspa
|move|p2a: Lapras|Dragon Dance|p2a: Lapras
|-boost|p2a: Lapras|atk|1
|-boost|p2a: Lapras|spe|1
|
|-weather|none
|-end|p1a: Raging Bolt|Protosynthesis
|upkeep
|turn|13
|
|t:|1760446770
|switch|p2a: Landorus|Landorus-Therian, M|80/100
|-ability|p2a: Landorus|Intimidate|boost
|-unboost|p1a: Raging Bolt|atk|1
|move|p1a: Raging Bolt|Dragon Pulse|p2a: Landorus
|-damage|p2a: Landorus|0 fnt
|faint|p2a: Landorus
|-damage|p1a: Raging Bolt|91/100|[from] item: Life Orb
|
|upkeep
|
|t:|1760446781
|switch|p2a: Iron Valiant|Iron Valiant|100/100
|-enditem|p2a: Iron Valiant|Booster Energy
|-activate|p2a: Iron Valiant|ability: Quark Drive|[fromitem]
|-start|p2a: Iron Valiant|quarkdrivespe
|turn|14
|
|t:|1760446796
|-end|p1a: Raging Bolt|Protosynthesis|[silent]
|switch|p1a: Venusaur|Venusaur, F|100/100
|move|p2a: Iron Valiant|Encore||[still]
|-fail|p2a: Iron Valiant
|
|upkeep
|turn|15
|
|t:|1760446806
|-end|p2a: Iron Valiant|Quark Drive|[silent]
|switch|p2a: Great Tusk|Great Tusk|100/100
|move|p1a: Venusaur|Giga Drain|p2a: Great Tusk
|-supereffective|p2a: Great Tusk
|-damage|p2a: Great Tusk|0 fnt
|faint|p2a: Great Tusk
|-end|p2a: Great Tusk|Protosynthesis|[silent]
|-damage|p1a: Venusaur|91/100|[from] item: Life Orb
|
|upkeep
|
|t:|1760446813
|switch|p2a: Darkrai|Darkrai|100/100
|turn|16
|
|t:|1760446819
|switch|p1a: Slither Wing|Slither Wing|57/100
|move|p2a: Darkrai|Ice Beam|p1a: Slither Wing
|-damage|p1a: Slither Wing|34/100
|
|upkeep
|turn|17
|
|t:|1760446848
|switch|p2a: Lapras|Lapras, F|100/100
|move|p1a: Slither Wing|Earthquake|p2a: Lapras
|-damage|p2a: Lapras|60/100
|
|upkeep
|turn|18
|
|t:|1760446861
|move|p1a: Slither Wing|U-turn|p2a: Lapras
|-damage|p2a: Lapras|18/100
|
|t:|1760446867
|-end|p1a: Slither Wing|Protosynthesis|[silent]
|switch|p1a: Walking Wake|Walking Wake|41/100|[from] U-turn
|move|p2a: Lapras|Icicle Spear|p1a: Walking Wake
|-damage|p1a: Walking Wake|29/100
|-damage|p1a: Walking Wake|18/100
|-damage|p1a: Walking Wake|7/100
|-damage|p1a: Walking Wake|0 fnt
|faint|p1a: Walking Wake
|-end|p1a: Walking Wake|Protosynthesis|[silent]
|-hitcount|p1: Walking Wake|4
|
|upkeep
|
|t:|1760446876
|switch|p1a: Venusaur|Venusaur, F|91/100
|turn|19
|
|t:|1760446879
|move|p1a: Venusaur|Giga Drain|p2a: Lapras
|-supereffective|p2a: Lapras
|-damage|p2a: Lapras|0 fnt
|-heal|p1a: Venusaur|100/100|[from] drain|[of] p2a: Lapras
|faint|p2a: Lapras
|-damage|p1a: Venusaur|91/100|[from] item: Life Orb
|
|upkeep
|
|t:|1760446882
|switch|p2a: Darkrai|Darkrai|100/100
|turn|20
|
|t:|1760446889
|switch|p1a: Slither Wing|Slither Wing|34/100
|move|p2a: Darkrai|Ice Beam|p1a: Slither Wing
|-damage|p1a: Slither Wing|13/100
|
|upkeep
|turn|21
|
|t:|1760446898
|move|p1a: Slither Wing|First Impression|p2a: Darkrai
|-supereffective|p2a: Darkrai
|-damage|p2a: Darkrai|0 fnt
|faint|p2a: Darkrai
|
|upkeep
|
|t:|1760446902
|switch|p2a: Iron Valiant|Iron Valiant|100/100
|turn|22
|
|t:|1760446909
|move|p2a: Iron Valiant|Moonblast|p1a: Slither Wing
|-supereffective|p1a: Slither Wing
|-damage|p1a: Slither Wing|0 fnt
|faint|p1a: Slither Wing
|-end|p1a: Slither Wing|Protosynthesis|[silent]
|
|upkeep
|
|t:|1760446923
|switch|p1a: Venusaur|Venusaur, F|91/100
|turn|23
|
|t:|1760446926
|move|p2a: Iron Valiant|Destiny Bond|p2a: Iron Valiant
|-singlemove|p2a: Iron Valiant|Destiny Bond
|move|p1a: Venusaur|Giga Drain|p2a: Iron Valiant
|-damage|p2a: Iron Valiant|12/100
|-heal|p1a: Venusaur|100/100|[from] drain|[of] p2a: Iron Valiant
|-damage|p1a: Venusaur|91/100|[from] item: Life Orb
|
|upkeep
|turn|24
|
|t:|1760446932
|move|p2a: Iron Valiant|Close Combat|p1a: Venusaur
|-resisted|p1a: Venusaur
|-damage|p1a: Venusaur|50/100
|-unboost|p2a: Iron Valiant|def|1
|-unboost|p2a: Iron Valiant|spd|1
|move|p1a: Venusaur|Giga Drain|p2a: Iron Valiant
|-damage|p2a: Iron Valiant|0 fnt
|-heal|p1a: Venusaur|56/100|[from] drain|[of] p2a: Iron Valiant
|faint|p2a: Iron Valiant
|-end|p2a: Iron Valiant|Quark Drive|[silent]
|-damage|p1a: Venusaur|46/100|[from] item: Life Orb
|
|win|xiexieqs
|raw|xiexieqs's rating: 1337 &rarr; <strong>1359</strong><br />(+22 for winning)
|raw|pelicano17's rating: 1371 &rarr; <strong>1349</strong><br />(-22 for losing)
|l|☆pelicano17
|player|p2|
