|j|☆ColeQAQ
|j|☆Garg749494
|t:|1760328953
|gametype|singles
|player|p1|ColeQAQ|266|1184
|player|p2|Garg749494|101|1133
|gen|9
|tier|[Gen 9] OU
|rated|
|rule|HP Percentage Mod: HP is shown in percentages
|rule|Endless Battle Clause: Forcing endless battles is banned
|rule|Species Clause: Limit one of each Pokémon
|rule|OHKO Clause: OHKO moves are banned
|rule|Evasion Items Clause: Evasion items are banned
|rule|Evasion Moves Clause: Evasion moves are banned
|rule|Evasion Abilities Clause: Evasion abilities are banned
|rule|Sleep Moves Clause: Sleep-inducing moves are banned
|clearpoke
|poke|p1|Zapdos|
|poke|p1|Cinderace, M|
|poke|p1|Pecharunt|
|poke|p1|Keldeo-Resolute|
|poke|p1|Blissey, F|
|poke|p1|Kingambit, F|
|poke|p2|Muk-Alola, M|
|poke|p2|Gallade, M|
|poke|p2|Lokix, F|
|poke|p2|Clodsire, M|
|poke|p2|Brambleghast, F|
|poke|p2|Glimmora, M|
|teampreview
|
|t:|1760328960
|teamsize|p1|6
|teamsize|p2|6
|start
|switch|p1a: Keldeo|Keldeo-Resolute|100/100
|switch|p2a: Glimmora|Glimmora, M|100/100
|turn|1
|
|t:|1760328966
|switch|p2a: Clodsire|Clodsire, M, shiny|100/100
|-terastallize|p1a: Keldeo|Steel
|move|p1a: Keldeo|Calm Mind|p1a: Keldeo
|-boost|p1a: Keldeo|spa|1
|-boost|p1a: Keldeo|spd|1
|
|upkeep
|turn|2
|
|t:|1760328973
|move|p1a: Keldeo|Surf|p2a: Clodsire
|-supereffective|p2a: Clodsire
|-damage|p2a: Clodsire|52/100
|move|p2a: Clodsire|Earthquake|p1a: Keldeo
|-supereffective|p1a: Keldeo
|-damage|p1a: Keldeo|43/100
|
|-heal|p1a: Keldeo|49/100|[from] item: Leftovers
|-heal|p2a: Clodsire|58/100|[from] item: Leftovers
|upkeep
|turn|3
|
|t:|1760328981
|move|p1a: Keldeo|Surf|p2a: Clodsire
|-supereffective|p2a: Clodsire
|-damage|p2a: Clodsire|9/100
|move|p2a: Clodsire|Recover|p2a: Clodsire
|-heal|p2a: Clodsire|59/100
|
|-heal|p1a: Keldeo|55/100|[from] item: Leftovers
|-heal|p2a: Clodsire|65/100|[from] item: Leftovers
|upkeep
|turn|4
|
|t:|1760328993
|move|p1a: Keldeo|Surf|p2a: Clodsire
|-supereffective|p2a: Clodsire
|-damage|p2a: Clodsire|15/100
|move|p2a: Clodsire|Earthquake|p1a: Keldeo
|-supereffective|p1a: Keldeo
|-damage|p1a: Keldeo|0 fnt
|faint|p1a: Keldeo
|
|-heal|p2a: Clodsire|21/100|[from] item: Leftovers
|upkeep
|
|t:|1760329006
|switch|p1a: Cinderace|Cinderace, M|100/100
|turn|5
|
|t:|1760329010
|switch|p2a: Glimmora|Glimmora, M|100/100
|move|p1a: Cinderace|Pyro Ball|p2a: Glimmora
|-resisted|p2a: Glimmora
|-damage|p2a: Glimmora|65/100
|-activate|p2a: Glimmora|ability: Toxic Debris
|-sidestart|p1: ColeQAQ|move: Toxic Spikes
|
|upkeep
|turn|6
|
|t:|1760329017
|move|p1a: Cinderace|High Jump Kick|p2a: Glimmora|[miss]
|-start|p1a: Cinderace|typechange|Fighting|[from] ability: Libero
|-miss|p1a: Cinderace|p2a: Glimmora
|-damage|p1a: Cinderace|51/100|[from] highjumpkick
|move|p2a: Glimmora|Power Gem|p1a: Cinderace
|-resisted|p1a: Cinderace
|-damage|p1a: Cinderace|22/100
|
|upkeep
|turn|7
|
|t:|1760329025
|move|p1a: Cinderace|High Jump Kick|p2a: Glimmora
|-damage|p2a: Glimmora|0 fnt
|-activate|p2a: Glimmora|ability: Toxic Debris
|-sidestart|p1: ColeQAQ|move: Toxic Spikes
|faint|p2a: Glimmora
|
|upkeep
|
|t:|1760329033
|switch|p2a: Lokix|Lokix, F|100/100
|turn|8
|
|t:|1760329038
|move|p2a: Lokix|First Impression|p1a: Cinderace
|-resisted|p1a: Cinderace
|-crit|p1a: Cinderace
|-damage|p1a: Cinderace|0 fnt
|faint|p1a: Cinderace
|-damage|p2a: Lokix|91/100|[from] item: Life Orb
|
|upkeep
|
|t:|1760329045
|switch|p1a: Pecharunt|Pecharunt|100/100
|-sideend|p1: ColeQAQ|move: Toxic Spikes|[of] p1a: Pecharunt
|turn|9
|
|t:|1760329049
|switch|p2a: Muk|Muk-Alola, M, shiny|100/100
|move|p1a: Pecharunt|Malignant Chain|p2a: Muk
|-resisted|p2a: Muk
|-damage|p2a: Muk|84/100
|
|-heal|p2a: Muk|90/100|[from] item: Leftovers
|upkeep
|turn|10
|
|t:|1760329057
|switch|p1a: Blissey|Blissey, F|100/100
|move|p2a: Muk|Knock Off|p1a: Blissey
|-damage|p1a: Blissey|71/100
|-status|p1a: Blissey|psn|[from] ability: Poison Touch|[of] p2a: Muk
|-enditem|p1a: Blissey|Leftovers|[from] move: Knock Off|[of] p2a: Muk
|
|-heal|p2a: Muk|96/100|[from] item: Leftovers
|-damage|p1a: Blissey|58/100 psn|[from] psn
|upkeep
|turn|11
|
|t:|1760329067
|move|p1a: Blissey|Stealth Rock|p2a: Muk
|-sidestart|p2: Garg749494|move: Stealth Rock
|move|p2a: Muk|Drain Punch|p1a: Blissey
|-supereffective|p1a: Blissey
|-damage|p1a: Blissey|24/100 psn
|-heal|p2a: Muk|100/100|[from] drain|[of] p1a: Blissey
|
|-damage|p1a: Blissey|12/100 psn|[from] psn
|upkeep
|turn|12
|
|t:|1760329077
|-curestatus|p1a: Blissey|psn|[from] ability: Natural Cure
|switch|p1a: Kingambit|Kingambit, F|100/100
|-activate|p1a: Kingambit|ability: Supreme Overlord
|-start|p1a: Kingambit|fallen2|[silent]
|-item|p1a: Kingambit|Air Balloon
|move|p2a: Muk|Knock Off|p1a: Kingambit
|-resisted|p1a: Kingambit
|-damage|p1a: Kingambit|89/100
|-enditem|p1a: Kingambit|Air Balloon
|
|upkeep
|turn|13
|
|t:|1760329087
|move|p1a: Kingambit|Swords Dance|p1a: Kingambit
|-boost|p1a: Kingambit|atk|2
|move|p2a: Muk|Drain Punch|p1a: Kingambit
|-supereffective|p1a: Kingambit
|-damage|p1a: Kingambit|40/100
|
|upkeep
|turn|14
|
|t:|1760329097
|move|p2a: Muk|Drain Punch|p1a: Kingambit
|-supereffective|p1a: Kingambit
|-damage|p1a: Kingambit|0 fnt
|faint|p1a: Kingambit
|-end|p1a: Kingambit|fallen2|[silent]
|
|upkeep
|-message|ColeQAQ forfeited.
|
|win|Garg749494
|raw|ColeQAQ's rating: 1184 &rarr; <strong>1155</strong><br />(-29 for losing)
|raw|Garg749494's rating: 1133 &rarr; <strong>1162</strong><br />(+29 for winning)
|l|☆ColeQAQ
|player|p1|
|l|☆Garg749494
|player|p2|
