|j|☆cheeselover255
|j|☆I will eat another
|t:|1760440803
|gametype|singles
|player|p1|cheeselover255|101|1307
|player|p2|I will eat another|plasmagrunt|1340
|gen|9
|tier|[Gen 9] OU
|rated|
|rule|HP Percentage Mod: HP is shown in percentages
|rule|Endless Battle Clause: Forcing endless battles is banned
|rule|Species Clause: Limit one of each Pokémon
|rule|OHKO Clause: OHKO moves are banned
|rule|Evasion Items Clause: Evasion items are banned
|rule|Evasion Moves Clause: Evasion moves are banned
|rule|Evasion Abilities Clause: Evasion abilities are banned
|rule|Sleep Moves Clause: Sleep-inducing moves are banned
|clearpoke
|poke|p1|Moltres|
|poke|p1|Slowking-Galar, F|
|poke|p1|Gliscor, M|
|poke|p1|Raikou|
|poke|p1|Sandslash-Alola, F|
|poke|p1|Zamazenta-*|
|poke|p2|Breloom, F|
|poke|p2|Swinub, M|
|poke|p2|Iron Crown|
|poke|p2|Glimmora, F|
|poke|p2|Talonflame, M|
|poke|p2|Greninja-*, M|
|teampreview
|inactive|Battle timer is ON: inactive players will automatically lose when time's up. (requested by I will eat another)
|
|t:|1760440816
|teamsize|p1|6
|teamsize|p2|6
|start
|switch|p1a: Gliscor|Gliscor, M|100/100
|switch|p2a: Lumiflora|Glimmora, F|100/100
|turn|1
|
|t:|1760440821
|move|p2a: Lumiflora|Meteor Beam||[still]
|-prepare|p2a: Lumiflora|Meteor Beam
|-boost|p2a: Lumiflora|spa|1
|-enditem|p2a: Lumiflora|Power Herb
|-anim|p2a: Lumiflora|Meteor Beam|p1a: Gliscor
|-damage|p1a: Gliscor|17/100
|move|p1a: Gliscor|Knock Off|p2a: Lumiflora
|-damage|p2a: Lumiflora|81/100
|-activate|p2a: Lumiflora|ability: Toxic Debris
|-sidestart|p1: cheeselover255|move: Toxic Spikes
|
|-status|p1a: Gliscor|tox|[from] item: Toxic Orb
|upkeep
|turn|2
|
|t:|1760440837
|move|p1a: Gliscor|Protect|p1a: Gliscor
|-singleturn|p1a: Gliscor|Protect
|move|p2a: Lumiflora|Sludge Wave|p1a: Gliscor
|-activate|p1a: Gliscor|move: Protect
|
|-heal|p1a: Gliscor|29/100 tox|[from] ability: Poison Heal
|upkeep
|turn|3
|
|t:|1760440843
|switch|p1a: Slowking|Slowking-Galar, F|100/100
|-sideend|p1: cheeselover255|move: Toxic Spikes|[of] p1a: Slowking
|move|p2a: Lumiflora|Sludge Wave|p1a: Slowking
|-resisted|p1a: Slowking
|-damage|p1a: Slowking|72/100
|
|upkeep
|turn|4
|
|t:|1760440853
|-terastallize|p2a: Lumiflora|Dark
|move|p2a: Lumiflora|Tera Blast|p1a: Slowking|[anim] Tera Blast Dark
|-supereffective|p1a: Slowking
|-damage|p1a: Slowking|0 fnt
|faint|p1a: Slowking
|
|upkeep
|
|t:|1760440861
|switch|p1a: Zamazenta|Zamazenta|100/100
|-ability|p1a: Zamazenta|Dauntless Shield|boost
|-boost|p1a: Zamazenta|def|1
|turn|5
|
|t:|1760440865
|switch|p2a: Fiaro|Talonflame, M|100/100
|move|p1a: Zamazenta|Close Combat|p2a: Fiaro
|-resisted|p2a: Fiaro
|-damage|p2a: Fiaro|76/100
|-unboost|p1a: Zamazenta|def|1
|-unboost|p1a: Zamazenta|spd|1
|
|upkeep
|turn|6
|
|t:|1760440874
|switch|p1a: Moltres|Moltres|100/100
|move|p2a: Fiaro|Flamethrower|p1a: Moltres
|-resisted|p1a: Moltres
|-damage|p1a: Moltres|89/100
|
|upkeep
|turn|7
|
|t:|1760440886
|switch|p2a: Quajutsu|Greninja, M|100/100
|move|p1a: Moltres|U-turn|p2a: Quajutsu
|-supereffective|p2a: Quajutsu
|-damage|p2a: Quajutsu|48/100
|
|t:|1760440902
|switch|p1a: Raikou|Raikou|100/100|[from] U-turn
|-ability|p1a: Raikou|Pressure
|
|upkeep
|turn|8
|
|t:|1760440915
|switch|p2a: Quiekel|Swinub, M|100/100
|switch|p1a: Moltres|Moltres|89/100
|
|upkeep
|turn|9
|
|t:|1760440926
|move|p1a: Moltres|Flamethrower|p2a: Quiekel
|-supereffective|p2a: Quiekel
|-enditem|p2a: Quiekel|Focus Sash
|-damage|p2a: Quiekel|1/100
|move|p2a: Quiekel|Endeavor|p1a: Moltres
|-damage|p1a: Moltres|1/100
|-status|p2a: Quiekel|brn|[from] ability: Flame Body|[of] p1a: Moltres
|
|-damage|p2a: Quiekel|0 fnt|[from] brn
|faint|p2a: Quiekel
|upkeep
|
|t:|1760440941
|switch|p2a: Lumiflora|Glimmora, F, tera:Dark|81/100
|turn|10
|
|t:|1760440944
|move|p2a: Lumiflora|Sludge Wave|p1a: Moltres
|-damage|p1a: Moltres|0 fnt
|faint|p1a: Moltres
|
|upkeep
|
|t:|1760440953
|switch|p1a: Raikou|Raikou|100/100
|-ability|p1a: Raikou|Pressure
|turn|11
|
|t:|1760440958
|move|p1a: Raikou|Calm Mind|p1a: Raikou
|-boost|p1a: Raikou|spa|1
|-boost|p1a: Raikou|spd|1
|move|p2a: Lumiflora|Sludge Wave|p1a: Raikou
|-damage|p1a: Raikou|65/100
|
|upkeep
|turn|12
|
|t:|1760440968
|move|p1a: Raikou|Calm Mind|p1a: Raikou
|-boost|p1a: Raikou|spa|1
|-boost|p1a: Raikou|spd|1
|move|p2a: Lumiflora|Sludge Wave|p1a: Raikou
|-damage|p1a: Raikou|39/100
|
|upkeep
|turn|13
|
|t:|1760440974
|move|p1a: Raikou|Thunderbolt|p2a: Lumiflora
|-damage|p2a: Lumiflora|0 fnt
|faint|p2a: Lumiflora
|
|upkeep
|
|t:|1760440979
|switch|p2a: Eisenkrone|Iron Crown|100/100
|-enditem|p2a: Eisenkrone|Booster Energy
|-activate|p2a: Eisenkrone|ability: Quark Drive|[fromitem]
|-start|p2a: Eisenkrone|quarkdrivespe
|turn|14
|
|t:|1760440984
|move|p2a: Eisenkrone|Psyshock|p1a: Raikou
|-crit|p1a: Raikou
|-damage|p1a: Raikou|0 fnt
|faint|p1a: Raikou
|
|upkeep
|
|t:|1760440989
|switch|p1a: Gliscor|Gliscor, M|29/100 tox
|turn|15
|
|t:|1760440992
|move|p1a: Gliscor|Protect|p1a: Gliscor
|-singleturn|p1a: Gliscor|Protect
|move|p2a: Eisenkrone|Tachyon Cutter|p1a: Gliscor
|-activate|p1a: Gliscor|move: Protect
|
|-heal|p1a: Gliscor|42/100 tox|[from] ability: Poison Heal
|upkeep
|turn|16
|
|t:|1760440998
|switch|p1a: Sandslash|Sandslash-Alola, F|100/100
|move|p2a: Eisenkrone|Tachyon Cutter|p1a: Sandslash
|-damage|p1a: Sandslash|63/100
|-damage|p1a: Sandslash|21/100
|-hitcount|p1a: Sandslash|2
|
|upkeep
|turn|17
|
|t:|1760441004
|move|p2a: Eisenkrone|Tachyon Cutter|p1a: Sandslash
|-damage|p1a: Sandslash|0 fnt
|faint|p1a: Sandslash
|-hitcount|p1: Sandslash|1
|
|upkeep
|
|t:|1760441009
|switch|p1a: Gliscor|Gliscor, M|42/100 tox
|turn|18
|
|t:|1760441012
|move|p1a: Gliscor|Protect|p1a: Gliscor
|-singleturn|p1a: Gliscor|Protect
|move|p2a: Eisenkrone|Calm Mind|p2a: Eisenkrone
|-boost|p2a: Eisenkrone|spa|1
|-boost|p2a: Eisenkrone|spd|1
|
|-heal|p1a: Gliscor|54/100 tox|[from] ability: Poison Heal
|upkeep
|turn|19
|
|t:|1760441031
|move|p2a: Eisenkrone|Tachyon Cutter|p1a: Gliscor
|-damage|p1a: Gliscor|24/100 tox
|-crit|p1a: Gliscor
|-damage|p1a: Gliscor|0 fnt
|faint|p1a: Gliscor
|-hitcount|p1: Gliscor|2
|
|upkeep
|
|t:|1760441033
|switch|p1a: Zamazenta|Zamazenta|100/100
|turn|20
|
|t:|1760441038
|-terastallize|p1a: Zamazenta|Dark
|move|p2a: Eisenkrone|Psyshock|p1a: Zamazenta
|-immune|p1a: Zamazenta
|move|p1a: Zamazenta|Crunch|p2a: Eisenkrone
|-supereffective|p2a: Eisenkrone
|-damage|p2a: Eisenkrone|18/100
|
|upkeep
|turn|21
|
|t:|1760441045
|move|p2a: Eisenkrone|Focus Blast|p1a: Zamazenta
|-supereffective|p1a: Zamazenta
|-damage|p1a: Zamazenta|3/100
|move|p1a: Zamazenta|Crunch|p2a: Eisenkrone
|-supereffective|p2a: Eisenkrone
|-damage|p2a: Eisenkrone|0 fnt
|faint|p2a: Eisenkrone
|-end|p2a: Eisenkrone|Quark Drive|[silent]
|
|upkeep
|
|t:|1760441052
|switch|p2a: Kapilz|Breloom, F|100/100
|turn|22
|
|t:|1760441055
|move|p2a: Kapilz|Mach Punch|p1a: Zamazenta
|-supereffective|p1a: Zamazenta
|-damage|p1a: Zamazenta|0 fnt
|faint|p1a: Zamazenta
|-damage|p2a: Kapilz|91/100|[from] item: Life Orb
|
|win|I will eat another
|raw|cheeselover255's rating: 1307 &rarr; <strong>1289</strong><br />(-18 for losing)
|raw|I will eat another's rating: 1340 &rarr; <strong>1358</strong><br />(+18 for winning)
|l|☆cheeselover255
|player|p1|
|l|☆I will eat another
|player|p2|
