|j|☆staples
|j|☆Yz99999
|t:|1760429097
|gametype|singles
|player|p1|staples|marley|1381
|player|p2|Yz99999|265|1536
|gen|9
|tier|[Gen 9] OU
|rated|
|rule|HP Percentage Mod: HP is shown in percentages
|rule|Endless Battle Clause: Forcing endless battles is banned
|rule|Species Clause: Limit one of each Pokémon
|rule|OHKO Clause: OHKO moves are banned
|rule|Evasion Items Clause: Evasion items are banned
|rule|Evasion Moves Clause: Evasion moves are banned
|rule|Evasion Abilities Clause: Evasion abilities are banned
|rule|Sleep Moves Clause: Sleep-inducing moves are banned
|clearpoke
|poke|p1|Raging Bolt|
|poke|p1|Ogerpon-Wellspring, F|
|poke|p1|Hatterene, F|
|poke|p1|Landorus-Therian, M|
|poke|p1|Kingambit, F|
|poke|p1|Zamazenta-*|
|poke|p2|Garganacl, F|
|poke|p2|Corviknight, F|
|poke|p2|Great Tusk|
|poke|p2|Scizor, F|
|poke|p2|Raging Bolt|
|poke|p2|Maushold|
|teampreview
|
|t:|1760429110
|teamsize|p1|6
|teamsize|p2|6
|start
|switch|p1a: Raging Bolt|Raging Bolt|100/100
|switch|p2a: Great Tusk|Great Tusk|100/100
|turn|1
|inactive|Battle timer is ON: inactive players will automatically lose when time's up. (requested by Yz99999)
|
|t:|1760429115
|move|p2a: Great Tusk|Headlong Rush|p1a: Raging Bolt
|-supereffective|p1a: Raging Bolt
|-damage|p1a: Raging Bolt|0 fnt
|-unboost|p2a: Great Tusk|def|1
|-unboost|p2a: Great Tusk|spd|1
|faint|p1a: Raging Bolt
|-end|p1a: Raging Bolt|Protosynthesis|[silent]
|
|upkeep
|
|t:|1760429119
|switch|p1a: Ogerpon|Ogerpon-Wellspring, F|100/100
|turn|2
|
|t:|1760429121
|-end|p2a: Great Tusk|Protosynthesis|[silent]
|switch|p2a: Raging Bolt|Raging Bolt|100/100
|move|p1a: Ogerpon|U-turn|p2a: Raging Bolt
|-damage|p2a: Raging Bolt|76/100
|
|t:|1760429125
|switch|p1a: Landorus|Landorus-Therian, M|100/100|[from] U-turn
|-ability|p1a: Landorus|Intimidate|boost
|-unboost|p2a: Raging Bolt|atk|1
|
|upkeep
|turn|3
|
|t:|1760429130
|move|p1a: Landorus|Stealth Rock|p2a: Raging Bolt
|-sidestart|p2: Yz99999|move: Stealth Rock
|move|p2a: Raging Bolt|Draco Meteor|p1a: Landorus|[miss]
|-miss|p2a: Raging Bolt|p1a: Landorus
|
|upkeep
|turn|4
|
|t:|1760429134
|-end|p2a: Raging Bolt|Protosynthesis|[silent]
|switch|p2a: Corviknight|Corviknight, F|100/100
|-damage|p2a: Corviknight|88/100|[from] Stealth Rock
|-ability|p2a: Corviknight|Pressure
|move|p1a: Landorus|Earth Power|p2a: Corviknight
|-immune|p2a: Corviknight
|
|upkeep
|turn|5
|
|t:|1760429138
|move|p1a: Landorus|Taunt|p2a: Corviknight
|-start|p2a: Corviknight|move: Taunt
|move|p2a: Corviknight|U-turn|p1a: Landorus
|-resisted|p1a: Landorus
|-damage|p1a: Landorus|94/100
|-damage|p2a: Corviknight|72/100|[from] item: Rocky Helmet|[of] p1a: Landorus
|
|t:|1760429140
|switch|p2a: Great Tusk|Great Tusk|100/100|[from] U-turn
|
|upkeep
|turn|6
|
|t:|1760429146
|switch|p1a: Ogerpon|Ogerpon-Wellspring, F|100/100
|move|p2a: Great Tusk|Rapid Spin|p1a: Ogerpon
|-damage|p1a: Ogerpon|78/100
|-boost|p2a: Great Tusk|spe|1
|-sideend|p2: Yz99999|Stealth Rock|[from] move: Rapid Spin|[of] p2a: Great Tusk
|
|upkeep
|turn|7
|
|t:|1760429154
|-end|p2a: Great Tusk|Protosynthesis|[silent]
|switch|p2a: Raging Bolt|Raging Bolt|76/100
|switch|p1a: Hatterene|Hatterene, F|100/100
|
|upkeep
|turn|8
|
|t:|1760429156
|move|p2a: Raging Bolt|Volt Switch|p1a: Hatterene
|-crit|p1a: Hatterene
|-damage|p1a: Hatterene|41/100
|
|t:|1760429159
|-end|p2a: Raging Bolt|Protosynthesis|[silent]
|switch|p2a: Corviknight|Corviknight, F|72/100|[from] Volt Switch
|-ability|p2a: Corviknight|Pressure
|move|p1a: Hatterene|Draining Kiss|p2a: Corviknight
|-resisted|p2a: Corviknight
|-damage|p2a: Corviknight|62/100
|-heal|p1a: Hatterene|50/100|[from] drain|[of] p2a: Corviknight
|-damage|p1a: Hatterene|33/100|[from] item: Rocky Helmet|[of] p2a: Corviknight
|
|upkeep
|turn|9
|
|t:|1760429164
|move|p2a: Corviknight|U-turn|p1a: Hatterene
|-damage|p1a: Hatterene|17/100
|
|t:|1760429166
|switch|p2a: Garganacl|Garganacl, F|100/100|[from] U-turn
|move|p1a: Hatterene|Mystical Fire|p2a: Garganacl
|-resisted|p2a: Garganacl
|-damage|p2a: Garganacl|92/100
|-unboost|p2a: Garganacl|spa|1
|
|-heal|p2a: Garganacl|98/100|[from] item: Leftovers
|upkeep
|turn|10
|
|t:|1760429174
|move|p1a: Hatterene|Draining Kiss|p2a: Garganacl
|-damage|p2a: Garganacl|81/100
|-heal|p1a: Hatterene|33/100|[from] drain|[of] p2a: Garganacl
|move|p2a: Garganacl|Salt Cure|p1a: Hatterene
|-damage|p1a: Hatterene|19/100
|-start|p1a: Hatterene|Salt Cure
|
|-heal|p2a: Garganacl|87/100|[from] item: Leftovers
|-damage|p1a: Hatterene|6/100|[from] Salt Cure
|upkeep
|turn|11
|
|t:|1760429180
|switch|p1a: Ogerpon|Ogerpon-Wellspring, F|78/100
|move|p2a: Garganacl|Protect||[still]
|-fail|p2a: Garganacl
|
|-heal|p2a: Garganacl|93/100|[from] item: Leftovers
|upkeep
|turn|12
|
|t:|1760429192
|-terastallize|p2a: Garganacl|Fairy
|move|p1a: Ogerpon|Power Whip|p2a: Garganacl
|-damage|p2a: Garganacl|44/100
|move|p2a: Garganacl|Salt Cure|p1a: Ogerpon
|-damage|p1a: Ogerpon|59/100
|-start|p1a: Ogerpon|Salt Cure
|
|-heal|p2a: Garganacl|50/100|[from] item: Leftovers
|-damage|p1a: Ogerpon|34/100|[from] Salt Cure
|upkeep
|turn|13
|
|t:|1760429197
|switch|p1a: Kingambit|Kingambit, F|100/100
|-activate|p1a: Kingambit|ability: Supreme Overlord
|-start|p1a: Kingambit|fallen1|[silent]
|move|p2a: Garganacl|Protect||[still]
|-fail|p2a: Garganacl
|
|-heal|p2a: Garganacl|56/100|[from] item: Leftovers
|upkeep
|turn|14
|
|t:|1760429201
|move|p2a: Garganacl|Protect|p2a: Garganacl
|-singleturn|p2a: Garganacl|Protect
|move|p1a: Kingambit|Swords Dance|p1a: Kingambit
|-boost|p1a: Kingambit|atk|2
|
|-heal|p2a: Garganacl|62/100|[from] item: Leftovers
|upkeep
|turn|15
|
|t:|1760429213
|switch|p2a: Corviknight|Corviknight, F|62/100
|-ability|p2a: Corviknight|Pressure
|move|p1a: Kingambit|Iron Head|p2a: Corviknight
|-resisted|p2a: Corviknight
|-damage|p2a: Corviknight|19/100
|-damage|p1a: Kingambit|84/100|[from] item: Rocky Helmet|[of] p2a: Corviknight
|
|-heal|p1a: Kingambit|90/100|[from] item: Leftovers
|upkeep
|turn|16
|
|t:|1760429219
|move|p1a: Kingambit|Sucker Punch|p2a: Corviknight
|-damage|p2a: Corviknight|0 fnt
|-damage|p1a: Kingambit|74/100|[from] item: Rocky Helmet|[of] p2a: Corviknight
|faint|p2a: Corviknight
|
|-heal|p1a: Kingambit|80/100|[from] item: Leftovers
|upkeep
|
|t:|1760429221
|switch|p2a: Great Tusk|Great Tusk|100/100
|turn|17
|
|t:|1760429225
|-terastallize|p1a: Kingambit|Fairy
|move|p2a: Great Tusk|Headlong Rush|p1a: Kingambit
|-damage|p1a: Kingambit|26/100
|-unboost|p2a: Great Tusk|def|1
|-unboost|p2a: Great Tusk|spd|1
|move|p1a: Kingambit|Tera Blast|p2a: Great Tusk|[anim] Tera Blast Fairy
|-supereffective|p2a: Great Tusk
|-damage|p2a: Great Tusk|0 fnt
|faint|p2a: Great Tusk
|-end|p2a: Great Tusk|Protosynthesis|[silent]
|
|-heal|p1a: Kingambit|32/100|[from] item: Leftovers
|upkeep
|
|t:|1760429227
|switch|p2a: Scizor|Scizor, F|100/100
|turn|18
|
|t:|1760429232
|move|p1a: Kingambit|Sucker Punch|p2a: Scizor
|-damage|p2a: Scizor|17/100
|move|p2a: Scizor|Bullet Punch|p1a: Kingambit
|-supereffective|p1a: Kingambit
|-damage|p1a: Kingambit|0 fnt
|faint|p1a: Kingambit
|-end|p1a: Kingambit|fallen1|[silent]
|
|upkeep
|
|t:|1760429236
|switch|p1a: Landorus|Landorus-Therian, M|94/100
|-ability|p1a: Landorus|Intimidate|boost
|-unboost|p2a: Scizor|atk|1
|turn|19
|
|t:|1760429239
|move|p2a: Scizor|Bullet Punch|p1a: Landorus
|-crit|p1a: Landorus
|-damage|p1a: Landorus|18/100
|-damage|p2a: Scizor|0 fnt|[from] item: Rocky Helmet|[of] p1a: Landorus
|faint|p2a: Scizor
|move|p1a: Landorus|Earth Power|p2: Scizor|[notarget]
|-fail|p1a: Landorus
|
|upkeep
|
|t:|1760429243
|switch|p2a: Maushold|Maushold|100/100
|turn|20
|
|t:|1760429246
|move|p2a: Maushold|Population Bomb|p1a: Landorus
|-damage|p1a: Landorus|7/100
|-damage|p2a: Maushold|84/100|[from] item: Rocky Helmet|[of] p1a: Landorus
|-damage|p1a: Landorus|0 fnt
|-damage|p2a: Maushold|67/100|[from] item: Rocky Helmet|[of] p1a: Landorus
|faint|p1a: Landorus
|-hitcount|p1: Landorus|2
|
|upkeep
|
|t:|1760429251
|switch|p1a: Zamazenta|Zamazenta|100/100
|-ability|p1a: Zamazenta|Dauntless Shield|boost
|-boost|p1a: Zamazenta|def|1
|turn|21
|
|t:|1760429255
|switch|p2a: Garganacl|Garganacl, F, tera:Fairy|62/100
|move|p1a: Zamazenta|Iron Defense|p1a: Zamazenta
|-boost|p1a: Zamazenta|def|2
|
|-heal|p2a: Garganacl|68/100|[from] item: Leftovers
|upkeep
|turn|22
|
|t:|1760429259
|move|p1a: Zamazenta|Iron Defense|p1a: Zamazenta
|-boost|p1a: Zamazenta|def|2
|move|p2a: Garganacl|Salt Cure|p1a: Zamazenta
|-resisted|p1a: Zamazenta
|-damage|p1a: Zamazenta|99/100
|-start|p1a: Zamazenta|Salt Cure
|
|-heal|p1a: Zamazenta|100/100|[from] item: Leftovers
|-heal|p2a: Garganacl|75/100|[from] item: Leftovers
|-damage|p1a: Zamazenta|88/100|[from] Salt Cure
|upkeep
|turn|23
|
|t:|1760429262
|move|p2a: Garganacl|Protect|p2a: Garganacl
|-singleturn|p2a: Garganacl|Protect
|move|p1a: Zamazenta|Iron Defense|p1a: Zamazenta
|-boost|p1a: Zamazenta|def|1
|
|-heal|p1a: Zamazenta|94/100|[from] item: Leftovers
|-heal|p2a: Garganacl|81/100|[from] item: Leftovers
|-damage|p1a: Zamazenta|82/100|[from] Salt Cure
|upkeep
|turn|24
|
|t:|1760429264
|move|p1a: Zamazenta|Body Press|p2a: Garganacl
|-resisted|p2a: Garganacl
|-damage|p2a: Garganacl|39/100
|move|p2a: Garganacl|Recover|p2a: Garganacl
|-heal|p2a: Garganacl|89/100
|
|-heal|p1a: Zamazenta|88/100|[from] item: Leftovers
|-heal|p2a: Garganacl|95/100|[from] item: Leftovers
|-damage|p1a: Zamazenta|76/100|[from] Salt Cure
|upkeep
|turn|25
|
|t:|1760429269
|move|p2a: Garganacl|Protect|p2a: Garganacl
|-singleturn|p2a: Garganacl|Protect
|move|p1a: Zamazenta|Roar|p2a: Garganacl
|drag|p2a: Raging Bolt|Raging Bolt|76/100
|
|-heal|p1a: Zamazenta|82/100|[from] item: Leftovers
|-damage|p1a: Zamazenta|70/100|[from] Salt Cure
|upkeep
|turn|26
|
|t:|1760429274
|-end|p2a: Raging Bolt|Protosynthesis|[silent]
|switch|p2a: Garganacl|Garganacl, F, tera:Fairy|95/100
|move|p1a: Zamazenta|Body Press|p2a: Garganacl
|-resisted|p2a: Garganacl
|-damage|p2a: Garganacl|54/100
|
|-heal|p1a: Zamazenta|76/100|[from] item: Leftovers
|-heal|p2a: Garganacl|60/100|[from] item: Leftovers
|-damage|p1a: Zamazenta|63/100|[from] Salt Cure
|upkeep
|turn|27
|
|t:|1760429277
|switch|p1a: Ogerpon|Ogerpon-Wellspring, F|34/100
|move|p2a: Garganacl|Recover|p2a: Garganacl
|-heal|p2a: Garganacl|100/100
|
|upkeep
|turn|28
|
|t:|1760429280
|move|p1a: Ogerpon|U-turn|p2a: Garganacl
|-resisted|p2a: Garganacl
|-damage|p2a: Garganacl|91/100
|
|t:|1760429283
|switch|p1a: Hatterene|Hatterene, F|6/100|[from] U-turn
|move|p2a: Garganacl|Salt Cure|p1a: Hatterene
|-damage|p1a: Hatterene|0 fnt
|faint|p1a: Hatterene
|
|-heal|p2a: Garganacl|97/100|[from] item: Leftovers
|upkeep
|
|t:|1760429285
|switch|p1a: Ogerpon|Ogerpon-Wellspring, F|34/100
|turn|29
|
|t:|1760429287
|switch|p2a: Raging Bolt|Raging Bolt|76/100
|move|p1a: Ogerpon|Power Whip|p2a: Raging Bolt
|-resisted|p2a: Raging Bolt
|-damage|p2a: Raging Bolt|43/100
|
|upkeep
|turn|30
|
|t:|1760429293
|move|p1a: Ogerpon|Encore||[still]
|-fail|p1a: Ogerpon
|move|p2a: Raging Bolt|Volt Switch|p1a: Ogerpon
|-damage|p1a: Ogerpon|0 fnt
|faint|p1a: Ogerpon
|
|t:|1760429297
|-end|p2a: Raging Bolt|Protosynthesis|[silent]
|switch|p2a: Garganacl|Garganacl, F, tera:Fairy|97/100|[from] Volt Switch
|
|-heal|p2a: Garganacl|100/100|[from] item: Leftovers
|upkeep
|-message|staples forfeited.
|
|win|Yz99999
|raw|staples's rating: 1381 &rarr; <strong>1369</strong><br />(-12 for losing)
|raw|Yz99999's rating: 1536 &rarr; <strong>1548</strong><br />(+12 for winning)
|l|☆staples
|player|p1|
|l|☆Yz99999
|player|p2|
