|j|☆DuckyBro
|j|☆Enrico B.
|t:|1760344033
|gametype|singles
|player|p1|DuckyBro|ghetsis|1342
|player|p2|Enrico B.|hilbert|1255
|gen|9
|tier|[Gen 9] OU
|rated|
|rule|HP Percentage Mod: HP is shown in percentages
|rule|Endless Battle Clause: Forcing endless battles is banned
|rule|Species Clause: Limit one of each Pokémon
|rule|OHKO Clause: OHKO moves are banned
|rule|Evasion Items Clause: Evasion items are banned
|rule|Evasion Moves Clause: Evasion moves are banned
|rule|Evasion Abilities Clause: Evasion abilities are banned
|rule|Sleep Moves Clause: Sleep-inducing moves are banned
|clearpoke
|poke|p1|Comfey, M|
|poke|p1|Corviknight, F|
|poke|p1|Deoxys-Speed|
|poke|p1|Dondozo, F|
|poke|p1|Glimmora, F|
|poke|p1|Landorus-Therian, M|
|poke|p2|Scizor, M|
|poke|p2|Latias, F|
|poke|p2|Avalugg, M|
|poke|p2|Sylveon, F|
|poke|p2|Iron Moth|
|poke|p2|Landorus-Therian, M|
|teampreview
|l|☆Enrico B.
|player|p2|
|
|t:|1760344068
|teamsize|p1|6
|teamsize|p2|6
|start
|switch|p1a: Deoxys|Deoxys-Speed|100/100
|switch|p2a: Landorus|Landorus-Therian, M|100/100
|-ability|p2a: Landorus|Intimidate|boost
|-unboost|p1a: Deoxys|atk|1
|-ability|p1a: Deoxys|Pressure
|turn|1
|j|☆Enrico B.
|player|p2|Enrico B.|hilbert|
|
|t:|1760344084
|move|p2a: Landorus|U-turn|p1a: Deoxys
|-supereffective|p1a: Deoxys
|-damage|p1a: Deoxys|13/100
|
|t:|1760344091
|switch|p2a: Sylveon|Sylveon, F|100/100|[from] U-turn
|move|p1a: Deoxys|Ice Beam|p2a: Sylveon
|-crit|p2a: Sylveon
|-damage|p2a: Sylveon|67/100
|
|-heal|p2a: Sylveon|73/100|[from] item: Leftovers
|upkeep
|turn|2
|
|t:|1760344118
|switch|p1a: Glimmora|Glimmora, F|100/100
|move|p2a: Sylveon|Hyper Voice|p1a: Glimmora
|-resisted|p1a: Glimmora
|-damage|p1a: Glimmora|63/100
|
|-heal|p2a: Sylveon|79/100|[from] item: Leftovers
|upkeep
|turn|3
|l|☆Enrico B.
|player|p2|
|j|☆Enrico B.
|player|p2|Enrico B.|hilbert|
|l|☆Enrico B.
|player|p2|
|j|☆Enrico B.
|player|p2|Enrico B.|hilbert|
|
|t:|1760344179
|switch|p2a: Landorus|Landorus-Therian, M|100/100
|-ability|p2a: Landorus|Intimidate|boost
|-unboost|p1a: Glimmora|atk|1
|move|p1a: Glimmora|Mortal Spin|p2a: Landorus
|-resisted|p2a: Landorus
|-damage|p2a: Landorus|98/100
|-status|p2a: Landorus|psn
|
|-damage|p2a: Landorus|86/100 psn|[from] psn
|upkeep
|turn|4
|
|t:|1760344194
|switch|p1a: Landorus|Landorus-Therian, M|100/100
|-ability|p1a: Landorus|Intimidate|boost
|-unboost|p2a: Landorus|atk|1
|move|p2a: Landorus|Rock Slide|p1a: Landorus
|-damage|p1a: Landorus|79/100
|
|-damage|p2a: Landorus|73/100 psn|[from] psn
|upkeep
|turn|5
|
|t:|1760344205
|switch|p2a: Avalugg|Avalugg, M|100/100
|move|p1a: Landorus|Stone Edge|p2a: Avalugg|[miss]
|-miss|p1a: Landorus|p2a: Avalugg
|
|upkeep
|turn|6
|
|t:|1760344213
|switch|p1a: Glimmora|Glimmora, F|63/100
|move|p2a: Avalugg|Body Press|p1a: Glimmora
|-damage|p1a: Glimmora|15/100
|-activate|p1a: Glimmora|ability: Toxic Debris
|-sidestart|p2: Enrico B.|move: Toxic Spikes
|
|upkeep
|turn|7
|
|t:|1760344221
|move|p1a: Glimmora|Mortal Spin|p2a: Avalugg
|-damage|p2a: Avalugg|97/100
|-status|p2a: Avalugg|psn
|-damage|p1a: Glimmora|0 fnt|[from] item: Rocky Helmet|[of] p2a: Avalugg
|faint|p1a: Glimmora
|move|p2a: Avalugg|Rapid Spin|p1: Glimmora|[notarget]
|-fail|p2a: Avalugg
|
|-damage|p2a: Avalugg|85/100 psn|[from] psn
|upkeep
|
|t:|1760344231
|switch|p1a: Deoxys|Deoxys-Speed|13/100
|-ability|p1a: Deoxys|Pressure
|turn|8
|l|☆Enrico B.
|player|p2|
|j|☆Enrico B.
|player|p2|Enrico B.|hilbert|
|
|t:|1760344257
|switch|p2a: Sylveon|Sylveon, F|79/100
|-status|p2a: Sylveon|psn
|move|p1a: Deoxys|Psycho Boost|p2a: Sylveon
|-damage|p2a: Sylveon|24/100 psn
|-unboost|p1a: Deoxys|spa|2
|
|-heal|p2a: Sylveon|30/100 psn|[from] item: Leftovers
|-damage|p2a: Sylveon|18/100 psn|[from] psn
|upkeep
|turn|9
|
|t:|1760344270
|switch|p1a: Corviknight|Corviknight, F|100/100
|-ability|p1a: Corviknight|Pressure
|move|p2a: Sylveon|Hyper Voice|p1a: Corviknight
|-resisted|p1a: Corviknight
|-damage|p1a: Corviknight|79/100
|
|-heal|p1a: Corviknight|85/100|[from] item: Leftovers
|-heal|p2a: Sylveon|24/100 psn|[from] item: Leftovers
|-damage|p2a: Sylveon|11/100 psn|[from] psn
|upkeep
|turn|10
|
|t:|1760344282
|move|p1a: Corviknight|Tailwind|p1a: Corviknight
|-sidestart|p1: DuckyBro|move: Tailwind
|move|p2a: Sylveon|Wish|p2a: Sylveon
|
|-heal|p1a: Corviknight|91/100|[from] item: Leftovers
|-heal|p2a: Sylveon|18/100 psn|[from] item: Leftovers
|-damage|p2a: Sylveon|5/100 psn|[from] psn
|upkeep
|turn|11
|
|t:|1760344294
|switch|p2a: Iron Moth|Iron Moth, shiny|100/100
|-sideend|p2: Enrico B.|move: Toxic Spikes|[of] p2a: Iron Moth
|-enditem|p2a: Iron Moth|Booster Energy
|-activate|p2a: Iron Moth|ability: Quark Drive|[fromitem]
|-start|p2a: Iron Moth|quarkdrivespe
|move|p1a: Corviknight|U-turn|p2a: Iron Moth
|-resisted|p2a: Iron Moth
|-damage|p2a: Iron Moth|95/100
|
|t:|1760344302
|switch|p1a: Deoxys|Deoxys-Speed|13/100|[from] U-turn
|-ability|p1a: Deoxys|Pressure
|
|-heal|p2a: Iron Moth|100/100|[from] move: Wish|[wisher] Sylveon
|upkeep
|turn|12
|
|t:|1760344313
|move|p1a: Deoxys|Psycho Boost|p2a: Iron Moth
|-supereffective|p2a: Iron Moth
|-damage|p2a: Iron Moth|0 fnt
|-unboost|p1a: Deoxys|spa|2
|faint|p2a: Iron Moth
|-end|p2a: Iron Moth|Quark Drive|[silent]
|
|upkeep
|
|t:|1760344321
|switch|p2a: Landorus|Landorus-Therian, M|73/100 psn
|-ability|p2a: Landorus|Intimidate|boost
|-unboost|p1a: Deoxys|atk|1
|turn|13
|l|☆Enrico B.
|player|p2|
|l|☆DuckyBro
|player|p1|
|j|☆DuckyBro
|player|p1|DuckyBro|ghetsis|
|inactive|Battle timer is ON: inactive players will automatically lose when time's up. (requested by DuckyBro)
|inactive|Enrico B. has 30 seconds to reconnect!
|inactive|Enrico B. has 20 seconds to reconnect!
|inactive|Enrico B. has 15 seconds to reconnect!
|inactive|Enrico B. has 10 seconds to reconnect!
|inactive|Enrico B. has 5 seconds to reconnect!
|-message|Enrico B. lost due to inactivity.
|
|win|DuckyBro
|raw|DuckyBro's rating: 1342 &rarr; <strong>1357</strong><br />(+15 for winning)
|raw|Enrico B.'s rating: 1255 &rarr; <strong>1236</strong><br />(-19 for losing)
|l|☆DuckyBro
|player|p1|
