|j|☆panzershock
|j|☆bidoofwinstoday
|t:|1760376644
|gametype|singles
|player|p1|panzershock|2|1325
|player|p2|bidoofwinstoday|rocketgruntf|1291
|gen|9
|tier|[Gen 9] OU
|rated|
|rule|HP Percentage Mod: HP is shown in percentages
|rule|Endless Battle Clause: Forcing endless battles is banned
|rule|Species Clause: Limit one of each Pokémon
|rule|OHKO Clause: OHKO moves are banned
|rule|Evasion Items Clause: Evasion items are banned
|rule|Evasion Moves Clause: Evasion moves are banned
|rule|Evasion Abilities Clause: Evasion abilities are banned
|rule|Sleep Moves Clause: Sleep-inducing moves are banned
|clearpoke
|poke|p1|Iron Boulder|
|poke|p1|Houndstone, F|
|poke|p1|Farigiraf, M|
|poke|p1|Ogerpon-Cornerstone, F|
|poke|p1|Bruxish, M|
|poke|p1|Comfey, M|
|poke|p2|Blaziken, M|
|poke|p2|Ninetales, M|
|poke|p2|Deoxys-Speed|
|poke|p2|Gholdengo|
|poke|p2|Hatterene, F|
|poke|p2|Zamazenta-*|
|teampreview
|inactive|Battle timer is ON: inactive players will automatically lose when time's up. (requested by bidoofwinstoday)
|
|t:|1760376654
|teamsize|p1|6
|teamsize|p2|6
|start
|switch|p1a: Iron Boulder|Iron Boulder|100/100
|switch|p2a: Nihao|Deoxys-Speed|100/100
|-ability|p2a: Nihao|Pressure
|turn|1
|
|t:|1760376663
|move|p2a: Nihao|Stealth Rock|p1a: Iron Boulder
|-sidestart|p1: panzershock|move: Stealth Rock
|move|p1a: Iron Boulder|Rock Blast|p2a: Nihao|[miss]
|-miss|p1a: Iron Boulder|p2a: Nihao
|
|upkeep
|turn|2
|
|t:|1760376667
|move|p2a: Nihao|Knock Off|p1a: Iron Boulder
|-supereffective|p1a: Iron Boulder
|-damage|p1a: Iron Boulder|48/100
|-enditem|p1a: Iron Boulder|Expert Belt|[from] move: Knock Off|[of] p2a: Nihao
|move|p1a: Iron Boulder|Rock Blast|p2a: Nihao
|-damage|p2a: Nihao|85/100
|-damage|p2a: Nihao|69/100
|-damage|p2a: Nihao|53/100
|-damage|p2a: Nihao|37/100
|-damage|p2a: Nihao|20/100
|-hitcount|p2a: Nihao|5
|
|upkeep
|turn|3
|
|t:|1760376692
|move|p2a: Nihao|Thunder Wave|p1a: Iron Boulder
|-status|p1a: Iron Boulder|par
|move|p1a: Iron Boulder|Rock Blast|p2a: Nihao
|-damage|p2a: Nihao|4/100
|-damage|p2a: Nihao|0 fnt
|faint|p2a: Nihao
|-hitcount|p2: Nihao|2
|
|upkeep
|inactive|bidoofwinstoday has 120 seconds left.
|
|t:|1760376708
|switch|p2a: cheese stick|Gholdengo|100/100
|-item|p2a: cheese stick|Air Balloon
|turn|4
|inactive|bidoofwinstoday has 120 seconds left.
|
|t:|1760376716
|move|p2a: cheese stick|Nasty Plot|p2a: cheese stick
|-boost|p2a: cheese stick|spa|2
|cant|p1a: Iron Boulder|par
|
|upkeep
|turn|5
|
|t:|1760376721
|move|p2a: cheese stick|Shadow Ball|p1a: Iron Boulder
|-supereffective|p1a: Iron Boulder
|-damage|p1a: Iron Boulder|0 fnt
|faint|p1a: Iron Boulder
|-end|p1a: Iron Boulder|Quark Drive|[silent]
|
|upkeep
|
|t:|1760376725
|switch|p1a: Farigiraf|Farigiraf, M|100/100
|-damage|p1a: Farigiraf|88/100|[from] Stealth Rock
|turn|6
|
|t:|1760376735
|move|p2a: cheese stick|Make It Rain|p1a: Farigiraf
|-damage|p1a: Farigiraf|6/100
|-unboost|p2a: cheese stick|spa|1
|move|p1a: Farigiraf|Twin Beam|p2a: cheese stick
|-resisted|p2a: cheese stick
|-damage|p2a: cheese stick|90/100
|-enditem|p2a: cheese stick|Air Balloon
|-resisted|p2a: cheese stick
|-damage|p2a: cheese stick|81/100
|-hitcount|p2a: cheese stick|2
|
|upkeep
|turn|7
|
|t:|1760376751
|move|p2a: cheese stick|Nasty Plot|p2a: cheese stick
|-boost|p2a: cheese stick|spa|2
|move|p1a: Farigiraf|High Horsepower|p2a: cheese stick
|-supereffective|p2a: cheese stick
|-damage|p2a: cheese stick|44/100
|
|upkeep
|turn|8
|
|t:|1760376759
|move|p2a: cheese stick|Recover|p2a: cheese stick
|-heal|p2a: cheese stick|94/100
|move|p1a: Farigiraf|High Horsepower|p2a: cheese stick
|-supereffective|p2a: cheese stick
|-damage|p2a: cheese stick|58/100
|
|upkeep
|turn|9
|
|t:|1760376768
|move|p2a: cheese stick|Nasty Plot|p2a: cheese stick
|-boost|p2a: cheese stick|spa|2
|move|p1a: Farigiraf|High Horsepower|p2a: cheese stick
|-supereffective|p2a: cheese stick
|-damage|p2a: cheese stick|23/100
|
|upkeep
|turn|10
|
|t:|1760376777
|move|p2a: cheese stick|Recover|p2a: cheese stick
|-heal|p2a: cheese stick|73/100
|move|p1a: Farigiraf|High Horsepower|p2a: cheese stick
|-supereffective|p2a: cheese stick
|-damage|p2a: cheese stick|36/100
|
|upkeep
|turn|11
|
|t:|1760376781
|move|p2a: cheese stick|Recover|p2a: cheese stick
|-heal|p2a: cheese stick|86/100
|move|p1a: Farigiraf|High Horsepower|p2a: cheese stick
|-supereffective|p2a: cheese stick
|-damage|p2a: cheese stick|48/100
|
|upkeep
|turn|12
|
|t:|1760376784
|move|p2a: cheese stick|Recover|p2a: cheese stick
|-heal|p2a: cheese stick|98/100
|move|p1a: Farigiraf|High Horsepower|p2a: cheese stick
|-supereffective|p2a: cheese stick
|-damage|p2a: cheese stick|61/100
|
|upkeep
|turn|13
|
|t:|1760376789
|move|p2a: cheese stick|Shadow Ball|p1a: Farigiraf
|-immune|p1a: Farigiraf
|move|p1a: Farigiraf|High Horsepower|p2a: cheese stick
|-supereffective|p2a: cheese stick
|-damage|p2a: cheese stick|27/100
|
|upkeep
|turn|14
|
|t:|1760376796
|move|p2a: cheese stick|Recover|p2a: cheese stick
|-heal|p2a: cheese stick|77/100
|move|p1a: Farigiraf|High Horsepower|p2a: cheese stick
|-supereffective|p2a: cheese stick
|-damage|p2a: cheese stick|38/100
|
|upkeep
|turn|15
|
|t:|1760376798
|move|p2a: cheese stick|Recover|p2a: cheese stick
|-heal|p2a: cheese stick|88/100
|move|p1a: Farigiraf|High Horsepower|p2a: cheese stick
|-supereffective|p2a: cheese stick
|-damage|p2a: cheese stick|54/100
|
|upkeep
|turn|16
|
|t:|1760376803
|move|p2a: cheese stick|Recover|p2a: cheese stick
|-heal|p2a: cheese stick|100/100
|move|p1a: Farigiraf|High Horsepower|p2a: cheese stick
|-supereffective|p2a: cheese stick
|-damage|p2a: cheese stick|62/100
|
|upkeep
|turn|17
|
|t:|1760376807
|move|p2a: cheese stick|Make It Rain|p1a: Farigiraf
|-damage|p1a: Farigiraf|0 fnt
|-unboost|p2a: cheese stick|spa|1
|faint|p1a: Farigiraf
|
|upkeep
|
|t:|1760376813
|switch|p1a: Bruxish|Bruxish, M|100/100
|-damage|p1a: Bruxish|88/100|[from] Stealth Rock
|turn|18
|
|t:|1760376821
|move|p1a: Bruxish|Crunch|p2a: cheese stick
|-supereffective|p2a: cheese stick
|-damage|p2a: cheese stick|5/100
|move|p2a: cheese stick|Shadow Ball|p1a: Bruxish
|-supereffective|p1a: Bruxish
|-damage|p1a: Bruxish|0 fnt
|faint|p1a: Bruxish
|
|upkeep
|
|t:|1760376842
|switch|p1a: Ogerpon|Ogerpon-Cornerstone, F|100/100
|-damage|p1a: Ogerpon|88/100|[from] Stealth Rock
|turn|19
|
|t:|1760376856
|move|p1a: Ogerpon|Horn Leech|p2a: cheese stick
|-resisted|p2a: cheese stick
|-damage|p2a: cheese stick|0 fnt
|-heal|p1a: Ogerpon|91/100|[from] drain|[of] p2a: cheese stick
|faint|p2a: cheese stick
|
|upkeep
|
|t:|1760376875
|switch|p2a: my cat|Zamazenta|100/100
|-ability|p2a: my cat|Dauntless Shield|boost
|-boost|p2a: my cat|def|1
|turn|20
|
|t:|1760376880
|move|p2a: my cat|Heavy Slam|p1a: Ogerpon
|-supereffective|p1a: Ogerpon
|-damage|p1a: Ogerpon|0 fnt
|faint|p1a: Ogerpon
|-damage|p2a: my cat|91/100|[from] item: Life Orb
|
|upkeep
|
|t:|1760376884
|switch|p1a: Houndstone|Houndstone, F|100/100
|-damage|p1a: Houndstone|88/100|[from] Stealth Rock
|turn|21
|
|t:|1760376907
|-terastallize|p2a: my cat|Dark
|move|p2a: my cat|Crunch|p1a: Houndstone
|-supereffective|p1a: Houndstone
|-damage|p1a: Houndstone|53/100
|-unboost|p1a: Houndstone|def|1
|-damage|p2a: my cat|81/100|[from] item: Life Orb
|move|p1a: Houndstone|Substitute|p1a: Houndstone
|-start|p1a: Houndstone|Substitute
|-damage|p1a: Houndstone|28/100
|
|-heal|p1a: Houndstone|34/100|[from] item: Leftovers
|upkeep
|turn|22
|
|t:|1760376916
|move|p2a: my cat|Crunch|p1a: Houndstone
|-supereffective|p1a: Houndstone
|-end|p1a: Houndstone|Substitute
|-damage|p2a: my cat|71/100|[from] item: Life Orb
|move|p1a: Houndstone|Will-O-Wisp|p2a: my cat
|-status|p2a: my cat|brn
|
|-heal|p1a: Houndstone|40/100|[from] item: Leftovers
|-damage|p2a: my cat|65/100 brn|[from] brn
|upkeep
|turn|23
|
|t:|1760376926
|move|p2a: my cat|Crunch|p1a: Houndstone
|-supereffective|p1a: Houndstone
|-damage|p1a: Houndstone|15/100
|-damage|p2a: my cat|55/100 brn|[from] item: Life Orb
|move|p1a: Houndstone|Body Press|p2a: my cat
|-supereffective|p2a: my cat
|-damage|p2a: my cat|33/100 brn
|
|-heal|p1a: Houndstone|21/100|[from] item: Leftovers
|-damage|p2a: my cat|27/100 brn|[from] brn
|upkeep
|turn|24
|
|t:|1760376934
|move|p2a: my cat|Crunch|p1a: Houndstone
|-supereffective|p1a: Houndstone
|-damage|p1a: Houndstone|0 fnt
|faint|p1a: Houndstone
|-damage|p2a: my cat|17/100 brn|[from] item: Life Orb
|
|-damage|p2a: my cat|11/100 brn|[from] brn
|upkeep
|
|t:|1760376938
|switch|p1a: Comfey|Comfey, M|100/100
|-damage|p1a: Comfey|88/100|[from] Stealth Rock
|turn|25
|
|t:|1760376945
|move|p1a: Comfey|Draining Kiss|p2a: my cat
|-supereffective|p2a: my cat
|-damage|p2a: my cat|0 fnt
|-heal|p1a: Comfey|97/100|[from] drain|[of] p2a: my cat
|faint|p2a: my cat
|
|upkeep
|
|t:|1760376974
|switch|p2a: never lucky|Hatterene, F|100/100
|turn|26
|
|t:|1760376979
|move|p1a: Comfey|Calm Mind|p1a: Comfey
|-boost|p1a: Comfey|spa|1
|-boost|p1a: Comfey|spd|1
|move|p2a: never lucky|Nuzzle|p1a: Comfey
|-crit|p1a: Comfey
|-damage|p1a: Comfey|91/100
|-status|p1a: Comfey|par
|
|upkeep
|turn|27
|
|t:|1760376993
|move|p1a: Comfey|Calm Mind|p1a: Comfey
|-boost|p1a: Comfey|spa|1
|-boost|p1a: Comfey|spd|1
|move|p2a: never lucky|Calm Mind|p2a: never lucky
|-boost|p2a: never lucky|spa|1
|-boost|p2a: never lucky|spd|1
|-enditem|p1a: Comfey|Mirror Herb
|-boost|p1a: Comfey|spa|1|[from] item: Mirror Herb
|-boost|p1a: Comfey|spd|1|[from] item: Mirror Herb
|
|upkeep
|turn|28
|
|t:|1760376997
|move|p1a: Comfey|Calm Mind|p1a: Comfey
|-boost|p1a: Comfey|spa|1
|-boost|p1a: Comfey|spd|1
|move|p2a: never lucky|Calm Mind|p2a: never lucky
|-boost|p2a: never lucky|spa|1
|-boost|p2a: never lucky|spd|1
|
|upkeep
|turn|29
|
|t:|1760377001
|move|p1a: Comfey|Calm Mind|p1a: Comfey
|-boost|p1a: Comfey|spa|1
|-boost|p1a: Comfey|spd|1
|move|p2a: never lucky|Calm Mind|p2a: never lucky
|-boost|p2a: never lucky|spa|1
|-boost|p2a: never lucky|spd|1
|
|upkeep
|turn|30
|
|t:|1760377005
|move|p1a: Comfey|Calm Mind|p1a: Comfey
|-boost|p1a: Comfey|spa|1
|-boost|p1a: Comfey|spd|1
|move|p2a: never lucky|Calm Mind|p2a: never lucky
|-boost|p2a: never lucky|spa|1
|-boost|p2a: never lucky|spd|1
|
|upkeep
|turn|31
|
|t:|1760377025
|move|p1a: Comfey|Stored Power|p2a: never lucky
|-resisted|p2a: never lucky
|-damage|p2a: never lucky|63/100
|move|p2a: never lucky|Calm Mind|p2a: never lucky
|-boost|p2a: never lucky|spa|1
|-boost|p2a: never lucky|spd|1
|
|upkeep
|turn|32
|
|t:|1760377036
|-terastallize|p1a: Comfey|Steel
|move|p1a: Comfey|Stored Power|p2a: never lucky
|-resisted|p2a: never lucky
|-damage|p2a: never lucky|33/100
|move|p2a: never lucky|Psychic Noise|p1a: Comfey
|-resisted|p1a: Comfey
|-damage|p1a: Comfey|75/100 par
|-start|p1a: Comfey|move: Heal Block
|
|upkeep
|turn|33
|c|☆bidoofwinstoday|dw
|c|☆bidoofwinstoday|my para will do something
|
|t:|1760377058
|cant|p1a: Comfey|par
|move|p2a: never lucky|Psychic Noise|p1a: Comfey
|-resisted|p1a: Comfey
|-damage|p1a: Comfey|61/100 par
|
|-end|p1a: Comfey|move: Heal Block
|upkeep
|turn|34
|
|t:|1760377065
|move|p1a: Comfey|Draining Kiss|p2a: never lucky
|-damage|p2a: never lucky|15/100
|-heal|p1a: Comfey|74/100 par|[from] drain|[of] p2a: never lucky
|move|p2a: never lucky|Psychic Noise|p1a: Comfey
|-resisted|p1a: Comfey
|-damage|p1a: Comfey|58/100 par
|-start|p1a: Comfey|move: Heal Block
|
|upkeep
|turn|35
|
|t:|1760377072
|move|p1a: Comfey|Stored Power|p2a: never lucky
|-resisted|p2a: never lucky
|-damage|p2a: never lucky|0 fnt
|faint|p2a: never lucky
|
|-end|p1a: Comfey|move: Heal Block
|upkeep
|
|t:|1760377088
|switch|p2a: weather ball|Ninetales, M, shiny|100/100
|-weather|SunnyDay|[from] ability: Drought|[of] p2a: weather ball
|turn|36
|
|t:|1760377095
|move|p1a: Comfey|Draining Kiss|p2a: weather ball
|-resisted|p2a: weather ball
|-crit|p2a: weather ball
|-damage|p2a: weather ball|60/100
|-heal|p1a: Comfey|93/100 par|[from] drain|[of] p2a: weather ball
|move|p2a: weather ball|Memento|p1a: Comfey
|-unboost|p1a: Comfey|atk|2
|-unboost|p1a: Comfey|spa|2
|faint|p2a: weather ball
|
|-weather|SunnyDay|[upkeep]
|upkeep
|
|t:|1760377105
|switch|p2a: baton pass|Blaziken, M, shiny|100/100
|turn|37
|
|t:|1760377111
|move|p1a: Comfey|Draining Kiss|p2a: baton pass
|-damage|p2a: baton pass|39/100
|-heal|p1a: Comfey|100/100 par|[from] drain|[of] p2a: baton pass
|move|p2a: baton pass|Close Combat|p1a: Comfey
|-supereffective|p1a: Comfey
|-crit|p1a: Comfey
|-damage|p1a: Comfey|0 fnt
|-unboost|p2a: baton pass|def|1
|-unboost|p2a: baton pass|spd|1
|faint|p1a: Comfey
|
|win|bidoofwinstoday
|raw|panzershock's rating: 1325 &rarr; <strong>1303</strong><br />(-22 for losing)
|raw|bidoofwinstoday's rating: 1291 &rarr; <strong>1318</strong><br />(+27 for winning)
|c|☆bidoofwinstoday|1 para
|c|☆bidoofwinstoday|in
|c|☆bidoofwinstoday|10 turns
|c|☆bidoofwinstoday|AHAHHA
|l|☆panzershock
|player|p1|
|l|☆bidoofwinstoday
|player|p2|
