|badge|p2|bronze|gen9ou|100-7
|uhtml|medal-msg|<div class="broadcast-blue">Curious what those medals under the avatar are? PS now has Ladder Seasons! For more information, check out the <a href="https://www.smogon.com/forums/threads/3740067/">thread on Smogon.</a></div>
|j|☆mansonabuluting
|j|☆yesterdaymister
|t:|1760381975
|gametype|singles
|player|p1|mansonabuluting|bellelba|1689
|player|p2|yesterdaymister|striker|1823
|gen|9
|tier|[Gen 9] OU
|rated|
|rule|HP Percentage Mod: HP is shown in percentages
|rule|Endless Battle Clause: Forcing endless battles is banned
|rule|Species Clause: Limit one of each Pokémon
|rule|OHKO Clause: OHKO moves are banned
|rule|Evasion Items Clause: Evasion items are banned
|rule|Evasion Moves Clause: Evasion moves are banned
|rule|Evasion Abilities Clause: Evasion abilities are banned
|rule|Sleep Moves Clause: Sleep-inducing moves are banned
|clearpoke
|poke|p1|Rillaboom, F|
|poke|p1|Hawlucha, M|
|poke|p1|Thundurus-Therian, M|
|poke|p1|Great Tusk|
|poke|p1|Volcanion|
|poke|p1|Goodra-Hisui, F|
|poke|p2|Ninetales, M|
|poke|p2|Ceruledge, F|
|poke|p2|Venusaur, M|
|poke|p2|Hatterene, F|
|poke|p2|Great Tusk|
|poke|p2|Walking Wake|
|teampreview
|inactive|Battle timer is ON: inactive players will automatically lose when time's up. (requested by yesterdaymister)
|
|t:|1760381982
|teamsize|p1|6
|teamsize|p2|6
|start
|switch|p1a: Volcanion|Volcanion|100/100
|switch|p2a: arda guler|Ninetales, M|100/100
|-weather|SunnyDay|[from] ability: Drought|[of] p2a: arda guler
|turn|1
|
|t:|1760381991
|switch|p2a: maccabi|Hatterene, F|100/100
|move|p1a: Volcanion|Overheat|p2a: maccabi
|-damage|p2a: maccabi|0 fnt
|-unboost|p1a: Volcanion|spa|2
|faint|p2a: maccabi
|
|-weather|SunnyDay|[upkeep]
|upkeep
|j| Puyu Paz
|
|t:|1760382019
|switch|p2a: chama|Walking Wake|100/100
|-activate|p2a: chama|ability: Protosynthesis
|-start|p2a: chama|protosynthesisspa
|turn|2
|inactive|yesterdaymister has 120 seconds left.
|inactive|mansonabuluting has 120 seconds left.
|inactive|mansonabuluting has 90 seconds left.
|
|t:|1760382081
|switch|p1a: Goodra|Goodra-Hisui, F|100/100
|move|p2a: chama|Dragon Pulse|p1a: Goodra
|-damage|p1a: Goodra|63/100
|
|-weather|SunnyDay|[upkeep]
|upkeep
|turn|3
|inactive|mansonabuluting has 90 seconds left.
|inactive|yesterdaymister has 120 seconds left.
|
|t:|1760382118
|-end|p2a: chama|Protosynthesis|[silent]
|switch|p2a: mignolet|Great Tusk|100/100
|-activate|p2a: mignolet|ability: Protosynthesis
|-start|p2a: mignolet|protosynthesisspe
|move|p1a: Goodra|Draco Meteor|p2a: mignolet
|-damage|p2a: mignolet|20/100
|-unboost|p1a: Goodra|spa|2
|
|-weather|SunnyDay|[upkeep]
|upkeep
|turn|4
|
|t:|1760382126
|switch|p1a: Great Tusk|Great Tusk|100/100
|-activate|p1a: Great Tusk|ability: Protosynthesis
|-start|p1a: Great Tusk|protosynthesisdef
|move|p2a: mignolet|Headlong Rush|p1a: Great Tusk
|-damage|p1a: Great Tusk|82/100
|-unboost|p2a: mignolet|def|1
|-unboost|p2a: mignolet|spd|1
|-damage|p2a: mignolet|3/100|[from] item: Rocky Helmet|[of] p1a: Great Tusk
|
|-weather|SunnyDay|[upkeep]
|upkeep
|turn|5
|
|t:|1760382133
|-end|p2a: mignolet|Protosynthesis|[silent]
|switch|p2a: hans vanaken|Venusaur, M|100/100
|move|p1a: Great Tusk|Stealth Rock|p2a: hans vanaken
|-sidestart|p2: yesterdaymister|move: Stealth Rock
|
|-weather|SunnyDay|[upkeep]
|upkeep
|turn|6
|inactive|mansonabuluting has 90 seconds left.
|
|t:|1760382148
|-end|p1a: Great Tusk|Protosynthesis|[silent]
|switch|p1a: Rillaboom|Rillaboom, F|100/100
|-fieldstart|move: Grassy Terrain|[from] ability: Grassy Surge|[of] p1a: Rillaboom
|move|p2a: hans vanaken|Giga Drain|p1a: Rillaboom
|-resisted|p1a: Rillaboom
|-damage|p1a: Rillaboom|67/100
|-damage|p2a: hans vanaken|91/100|[from] item: Life Orb
|
|-weather|SunnyDay|[upkeep]
|-heal|p2a: hans vanaken|97/100|[from] Grassy Terrain
|-heal|p1a: Rillaboom|74/100|[from] Grassy Terrain
|upkeep
|turn|7
|inactive|mansonabuluting has 90 seconds left.
|
|t:|1760382153
|switch|p1a: Goodra|Goodra-Hisui, F|63/100
|move|p2a: hans vanaken|Weather Ball|p1a: Goodra
|-damage|p1a: Goodra|37/100
|-damage|p2a: hans vanaken|87/100|[from] item: Life Orb
|
|-weather|SunnyDay|[upkeep]
|-heal|p2a: hans vanaken|93/100|[from] Grassy Terrain
|-heal|p1a: Goodra|43/100|[from] Grassy Terrain
|upkeep
|turn|8
|
|t:|1760382171
|switch|p2a: chama|Walking Wake|100/100
|-damage|p2a: chama|88/100|[from] Stealth Rock
|-activate|p2a: chama|ability: Protosynthesis
|-start|p2a: chama|protosynthesisspa
|move|p1a: Goodra|Flamethrower|p2a: chama
|-resisted|p2a: chama
|-damage|p2a: chama|74/100
|
|-weather|none
|-end|p2a: chama|Protosynthesis
|-heal|p2a: chama|80/100|[from] Grassy Terrain
|-heal|p1a: Goodra|50/100|[from] Grassy Terrain
|upkeep
|turn|9
|
|t:|1760382185
|-end|p2a: chama|Protosynthesis|[silent]
|switch|p2a: arda guler|Ninetales, M|100/100
|-damage|p2a: arda guler|76/100|[from] Stealth Rock
|-weather|SunnyDay|[from] ability: Drought|[of] p2a: arda guler
|move|p1a: Goodra|Draco Meteor|p2a: arda guler
|-damage|p2a: arda guler|12/100
|-unboost|p1a: Goodra|spa|2
|
|-weather|SunnyDay|[upkeep]
|-heal|p2a: arda guler|18/100|[from] Grassy Terrain
|-heal|p1a: Goodra|56/100|[from] Grassy Terrain
|upkeep
|turn|10
|
|t:|1760382196
|move|p2a: arda guler|Healing Wish|p2a: arda guler
|faint|p2a: arda guler
|move|p1a: Goodra|Draco Meteor|p2: arda guler|[notarget]
|-fail|p1a: Goodra
|
|-weather|SunnyDay|[upkeep]
|-heal|p1a: Goodra|62/100|[from] Grassy Terrain
|-fieldend|move: Grassy Terrain
|upkeep
|
|t:|1760382202
|switch|p2a: mignolet|Great Tusk|3/100
|-heal|p2a: mignolet|100/100|[from] move: Healing Wish
|-damage|p2a: mignolet|98/100|[from] Stealth Rock
|-activate|p2a: mignolet|ability: Protosynthesis
|-start|p2a: mignolet|protosynthesisspe
|turn|11
|
|t:|1760382212
|switch|p1a: Thundurus|Thundurus-Therian, M|100/100
|move|p2a: mignolet|Rapid Spin|p1a: Thundurus
|-damage|p1a: Thundurus|78/100
|-boost|p2a: mignolet|spe|1
|-sideend|p2: yesterdaymister|Stealth Rock|[from] move: Rapid Spin|[of] p2a: mignolet
|
|-weather|SunnyDay|[upkeep]
|upkeep
|turn|12
|
|t:|1760382219
|-end|p2a: mignolet|Protosynthesis|[silent]
|switch|p2a: hans vanaken|Venusaur, M|93/100
|switch|p1a: Great Tusk|Great Tusk|82/100
|-activate|p1a: Great Tusk|ability: Protosynthesis
|-start|p1a: Great Tusk|protosynthesisdef
|
|-weather|SunnyDay|[upkeep]
|upkeep
|turn|13
|inactive|mansonabuluting has 120 seconds left.
|
|t:|1760382226
|-end|p1a: Great Tusk|Protosynthesis|[silent]
|switch|p1a: Rillaboom|Rillaboom, F|74/100
|-fieldstart|move: Grassy Terrain|[from] ability: Grassy Surge|[of] p1a: Rillaboom
|move|p2a: hans vanaken|Giga Drain|p1a: Rillaboom
|-resisted|p1a: Rillaboom
|-damage|p1a: Rillaboom|38/100
|-heal|p2a: hans vanaken|100/100|[from] drain|[of] p1a: Rillaboom
|-damage|p2a: hans vanaken|91/100|[from] item: Life Orb
|
|-weather|SunnyDay|[upkeep]
|-heal|p2a: hans vanaken|97/100|[from] Grassy Terrain
|-heal|p1a: Rillaboom|44/100|[from] Grassy Terrain
|upkeep
|turn|14
|
|t:|1760382233
|switch|p1a: Volcanion|Volcanion|100/100
|move|p2a: hans vanaken|Growth|p2a: hans vanaken
|-boost|p2a: hans vanaken|atk|2
|-boost|p2a: hans vanaken|spa|2
|
|-weather|SunnyDay|[upkeep]
|-heal|p2a: hans vanaken|100/100|[from] Grassy Terrain
|upkeep
|turn|15
|
|t:|1760382240
|move|p2a: hans vanaken|Sludge Bomb|p1a: Volcanion
|-damage|p1a: Volcanion|0 fnt
|faint|p1a: Volcanion
|-damage|p2a: hans vanaken|91/100|[from] item: Life Orb
|
|-weather|SunnyDay|[upkeep]
|-heal|p2a: hans vanaken|97/100|[from] Grassy Terrain
|upkeep
|
|t:|1760382244
|switch|p1a: Goodra|Goodra-Hisui, F|62/100
|turn|16
|
|t:|1760382266
|switch|p2a: mignolet|Great Tusk|98/100
|-activate|p2a: mignolet|ability: Protosynthesis
|-start|p2a: mignolet|protosynthesisspe
|move|p1a: Goodra|Flamethrower|p2a: mignolet
|-damage|p2a: mignolet|40/100
|
|-weather|none
|-end|p2a: mignolet|Protosynthesis
|-heal|p2a: mignolet|46/100|[from] Grassy Terrain
|-heal|p1a: Goodra|68/100|[from] Grassy Terrain
|upkeep
|turn|17
|
|t:|1760382275
|switch|p1a: Great Tusk|Great Tusk|82/100
|move|p2a: mignolet|Headlong Rush|p1a: Great Tusk
|-damage|p1a: Great Tusk|56/100
|-unboost|p2a: mignolet|def|1
|-unboost|p2a: mignolet|spd|1
|-damage|p2a: mignolet|30/100|[from] item: Rocky Helmet|[of] p1a: Great Tusk
|
|-heal|p2a: mignolet|36/100|[from] Grassy Terrain
|-heal|p1a: Great Tusk|62/100|[from] Grassy Terrain
|-fieldend|move: Grassy Terrain
|upkeep
|turn|18
|
|t:|1760382282
|-end|p2a: mignolet|Protosynthesis|[silent]
|switch|p2a: lebron|Ceruledge, F|100/100
|move|p1a: Great Tusk|Rapid Spin|p2a: lebron
|-immune|p2a: lebron
|
|upkeep
|turn|19
|
|t:|1760382296
|move|p2a: lebron|Swords Dance|p2a: lebron
|-boost|p2a: lebron|atk|2
|move|p1a: Great Tusk|Headlong Rush|p2a: lebron
|-supereffective|p2a: lebron
|-enditem|p2a: lebron|Focus Sash
|-damage|p2a: lebron|1/100
|-unboost|p1a: Great Tusk|def|1
|-unboost|p1a: Great Tusk|spd|1
|-ability|p2a: lebron|Weak Armor|boost
|-unboost|p2a: lebron|def|1
|-boost|p2a: lebron|spe|2
|
|upkeep
|turn|20
|
|t:|1760382302
|move|p2a: lebron|Bitter Blade|p1a: Great Tusk
|-damage|p1a: Great Tusk|3/100
|-heal|p2a: lebron|45/100|[from] drain|[of] p1a: Great Tusk
|-damage|p2a: lebron|28/100|[from] item: Rocky Helmet|[of] p1a: Great Tusk
|move|p1a: Great Tusk|Headlong Rush|p2a: lebron
|-supereffective|p2a: lebron
|-damage|p2a: lebron|0 fnt
|-unboost|p1a: Great Tusk|def|1
|-unboost|p1a: Great Tusk|spd|1
|faint|p2a: lebron
|
|upkeep
|
|t:|1760382307
|switch|p2a: mignolet|Great Tusk|36/100
|turn|21
|
|t:|1760382310
|move|p2a: mignolet|Stealth Rock|p1a: Great Tusk
|-sidestart|p1: mansonabuluting|move: Stealth Rock
|move|p1a: Great Tusk|Stealth Rock|p2a: mignolet
|-sidestart|p2: yesterdaymister|move: Stealth Rock
|
|upkeep
|turn|22
|
|t:|1760382314
|move|p2a: mignolet|Rapid Spin|p1a: Great Tusk
|-damage|p1a: Great Tusk|0 fnt
|-boost|p2a: mignolet|spe|1
|-damage|p2a: mignolet|19/100|[from] item: Rocky Helmet|[of] p1a: Great Tusk
|-sideend|p2: yesterdaymister|Stealth Rock|[from] move: Rapid Spin|[of] p2a: mignolet
|faint|p1a: Great Tusk
|-end|p1a: Great Tusk|Protosynthesis|[silent]
|
|upkeep
|
|t:|1760382317
|switch|p1a: Thundurus|Thundurus-Therian, M|78/100
|-damage|p1a: Thundurus|54/100|[from] Stealth Rock
|turn|23
|
|t:|1760382322
|-terastallize|p1a: Thundurus|Flying
|move|p1a: Thundurus|Tera Blast|p2a: mignolet|[anim] Tera Blast Flying
|-supereffective|p2a: mignolet
|-damage|p2a: mignolet|0 fnt
|faint|p2a: mignolet
|-end|p2a: mignolet|Protosynthesis|[silent]
|
|upkeep
|
|t:|1760382327
|switch|p2a: chama|Walking Wake|80/100
|turn|24
|
|t:|1760382332
|move|p1a: Thundurus|Tera Blast|p2a: chama|[anim] Tera Blast Flying
|-damage|p2a: chama|4/100
|move|p2a: chama|Hydro Steam|p1a: Thundurus
|-damage|p1a: Thundurus|0 fnt
|faint|p1a: Thundurus
|
|upkeep
|
|t:|1760382335
|switch|p1a: Rillaboom|Rillaboom, F|44/100
|-damage|p1a: Rillaboom|32/100|[from] Stealth Rock
|-fieldstart|move: Grassy Terrain|[from] ability: Grassy Surge|[of] p1a: Rillaboom
|turn|25
|
|t:|1760382340
|-end|p2a: chama|Protosynthesis|[silent]
|switch|p2a: hans vanaken|Venusaur, M|97/100
|move|p1a: Rillaboom|U-turn|p2a: hans vanaken
|-damage|p2a: hans vanaken|42/100
|
|t:|1760382342
|switch|p1a: Hawlucha|Hawlucha, M|100/100|[from] U-turn
|-damage|p1a: Hawlucha|88/100|[from] Stealth Rock
|-enditem|p1a: Hawlucha|Grassy Seed
|-boost|p1a: Hawlucha|def|1|[from] item: Grassy Seed
|
|-heal|p2a: hans vanaken|48/100|[from] Grassy Terrain
|upkeep
|turn|26
|
|t:|1760382349
|-terastallize|p2a: hans vanaken|Fire
|move|p1a: Hawlucha|Acrobatics|p2a: hans vanaken
|-damage|p2a: hans vanaken|0 fnt
|faint|p2a: hans vanaken
|
|upkeep
|c|☆mansonabuluting|gg
|c|☆yesterdaymister|gg
|-message|yesterdaymister forfeited.
|
|win|mansonabuluting
|raw|mansonabuluting's rating: 1689 &rarr; <strong>1716</strong><br />(+27 for winning)
|raw|yesterdaymister's rating: 1823 &rarr; <strong>1796</strong><br />(-27 for losing)
|l|☆mansonabuluting
|player|p1|
|l|☆yesterdaymister
|player|p2|
