|j|☆Bipo9
|j|☆RK Earth 9000
|t:|1760461176
|gametype|singles
|player|p1|Bipo9|1|1252
|player|p2|RK Earth 9000|volkner|1215
|gen|9
|tier|[Gen 9] OU
|rated|
|rule|HP Percentage Mod: HP is shown in percentages
|rule|Endless Battle Clause: Forcing endless battles is banned
|rule|Species Clause: Limit one of each Pokémon
|rule|OHKO Clause: OHKO moves are banned
|rule|Evasion Items Clause: Evasion items are banned
|rule|Evasion Moves Clause: Evasion moves are banned
|rule|Evasion Abilities Clause: Evasion abilities are banned
|rule|Sleep Moves Clause: Sleep-inducing moves are banned
|clearpoke
|poke|p1|Chandelure, M|
|poke|p1|Blissey, F|
|poke|p1|Forretress, M|
|poke|p1|Iron Valiant|
|poke|p1|Ogerpon-Wellspring, F|
|poke|p1|Iron Treads|
|poke|p2|Regidrago|
|poke|p2|Lapras, F|
|poke|p2|Eelektross, M|
|poke|p2|Orthworm, M|
|poke|p2|Landorus-Therian, M|
|poke|p2|Cresselia, F|
|teampreview
|
|t:|1760461186
|teamsize|p1|6
|teamsize|p2|6
|start
|switch|p1a: Iron Treads|Iron Treads, shiny|100/100
|switch|p2a: Cresselia|Cresselia, F, shiny|100/100
|turn|1
|
|t:|1760461193
|-end|p1a: Iron Treads|Quark Drive|[silent]
|switch|p1a: Blissey|Blissey, F, shiny|100/100
|switch|p2a: Landorus|Landorus-Therian, M, shiny|100/100
|-ability|p2a: Landorus|Intimidate|boost
|-unboost|p1a: Blissey|atk|1
|
|upkeep
|turn|2
|
|t:|1760461203
|switch|p1a: Iron Treads|Iron Treads, shiny|100/100
|move|p2a: Landorus|Stealth Rock|p1a: Iron Treads
|-sidestart|p1: Bipo9|move: Stealth Rock
|
|upkeep
|turn|3
|
|t:|1760461209
|switch|p2a: Eelektross|Eelektross, M, shiny|100/100
|move|p1a: Iron Treads|Ice Spinner|p2a: Eelektross
|-damage|p2a: Eelektross|72/100
|
|upkeep
|turn|4
|
|t:|1760461218
|move|p1a: Iron Treads|Rapid Spin|p2a: Eelektross
|-damage|p2a: Eelektross|56/100
|-boost|p1a: Iron Treads|spe|1
|-sideend|p1: Bipo9|Stealth Rock|[from] move: Rapid Spin|[of] p1a: Iron Treads
|move|p2a: Eelektross|Drain Punch|p1a: Iron Treads
|-supereffective|p1a: Iron Treads
|-damage|p1a: Iron Treads|54/100
|-heal|p2a: Eelektross|84/100|[from] drain|[of] p1a: Iron Treads
|-damage|p2a: Eelektross|74/100|[from] item: Life Orb
|
|upkeep
|turn|5
|
|t:|1760461231
|-end|p1a: Iron Treads|Quark Drive|[silent]
|switch|p1a: Chandelure|Chandelure, M, shiny|100/100
|switch|p2a: Landorus|Landorus-Therian, M, shiny|100/100
|-ability|p2a: Landorus|Intimidate|boost
|-unboost|p1a: Chandelure|atk|1
|
|upkeep
|turn|6
|
|t:|1760461250
|-terastallize|p1a: Chandelure|Grass
|move|p2a: Landorus|Sludge Bomb|p1a: Chandelure
|-supereffective|p1a: Chandelure
|-crit|p1a: Chandelure
|-damage|p1a: Chandelure|0 fnt
|faint|p1a: Chandelure
|
|upkeep
|-message|Bipo9 forfeited.
|
|win|RK Earth 9000
|raw|Bipo9's rating: 1252 &rarr; <strong>1224</strong><br />(-28 for losing)
|raw|RK Earth 9000's rating: 1215 &rarr; <strong>1243</strong><br />(+28 for winning)
|l|☆Bipo9
|player|p1|
