|j|☆Joao v9898
|j|☆loki stays
|t:|1760378946
|gametype|singles
|player|p1|Joao v9898|101|1497
|player|p2|loki stays|266|1520
|gen|9
|tier|[Gen 9] OU
|rated|
|rule|HP Percentage Mod: HP is shown in percentages
|rule|Endless Battle Clause: Forcing endless battles is banned
|rule|Species Clause: Limit one of each Pokémon
|rule|OHKO Clause: OHKO moves are banned
|rule|Evasion Items Clause: Evasion items are banned
|rule|Evasion Moves Clause: Evasion moves are banned
|rule|Evasion Abilities Clause: Evasion abilities are banned
|rule|Sleep Moves Clause: Sleep-inducing moves are banned
|clearpoke
|poke|p1|Zapdos|
|poke|p1|Iron Crown|
|poke|p1|Samurott-Hisui, M|
|poke|p1|Great Tusk|
|poke|p1|Landorus-Therian, M|
|poke|p1|Kingambit, M|
|poke|p2|Landorus-Therian, M|
|poke|p2|Ting-Lu|
|poke|p2|Cinderace, M|
|poke|p2|Dondozo, M|
|poke|p2|Slowking-Galar, M|
|poke|p2|Corviknight, F|
|teampreview
|inactive|Battle timer is ON: inactive players will automatically lose when time's up. (requested by loki stays)
|
|t:|1760378967
|teamsize|p1|6
|teamsize|p2|6
|start
|switch|p1a: Landorus|Landorus-Therian, M|100/100
|switch|p2a: Landorus|Landorus-Therian, M, shiny|100/100
|-ability|p1a: Landorus|Intimidate|boost
|-unboost|p2a: Landorus|atk|1
|-ability|p2a: Landorus|Intimidate|boost
|-unboost|p1a: Landorus|atk|1
|turn|1
|
|t:|1760378982
|switch|p2a: Dondozo|Dondozo, M, shiny|100/100
|-terastallize|p1a: Landorus|Ice
|move|p1a: Landorus|Tera Blast|p2a: Dondozo|[anim] Tera Blast Ice
|-resisted|p2a: Dondozo
|-damage|p2a: Dondozo|87/100
|
|upkeep
|turn|2
|
|t:|1760378998
|switch|p1a: Zapdos|Zapdos|100/100
|move|p2a: Dondozo|Liquidation|p1a: Zapdos
|-damage|p1a: Zapdos|78/100
|
|upkeep
|turn|3
|
|t:|1760379005
|switch|p1a: Samurott|Samurott-Hisui, M|100/100
|switch|p2a: Ting-Lu|Ting-Lu|100/100
|-ability|p2a: Ting-Lu|Vessel of Ruin
|
|upkeep
|turn|4
|inactive|loki stays has 120 seconds left.
|
|t:|1760379037
|switch|p2a: Dondozo|Dondozo, M, shiny|87/100
|move|p1a: Samurott|Razor Shell|p2a: Dondozo
|-resisted|p2a: Dondozo
|-damage|p2a: Dondozo|73/100
|-unboost|p2a: Dondozo|def|1
|
|upkeep
|turn|5
|
|t:|1760379043
|move|p1a: Samurott|Ceaseless Edge|p2a: Dondozo|[miss]
|-miss|p1a: Samurott|p2a: Dondozo
|move|p2a: Dondozo|Curse|p2a: Dondozo
|-unboost|p2a: Dondozo|spe|1
|-boost|p2a: Dondozo|atk|1
|-boost|p2a: Dondozo|def|1
|
|upkeep
|turn|6
|
|t:|1760379048
|switch|p1a: Zapdos|Zapdos|78/100
|move|p2a: Dondozo|Liquidation|p1a: Zapdos
|-damage|p1a: Zapdos|49/100
|-unboost|p1a: Zapdos|def|1
|-status|p2a: Dondozo|par|[from] ability: Static|[of] p1a: Zapdos
|
|upkeep
|turn|7
|
|t:|1760379053
|switch|p2a: Ting-Lu|Ting-Lu|100/100
|-ability|p2a: Ting-Lu|Vessel of Ruin
|move|p1a: Zapdos|Roost|p1a: Zapdos
|-heal|p1a: Zapdos|99/100
|-singleturn|p1a: Zapdos|move: Roost
|
|upkeep
|turn|8
|
|t:|1760379075
|switch|p1a: Samurott|Samurott-Hisui, M|100/100
|move|p2a: Ting-Lu|Ruination|p1a: Samurott|[miss]
|-miss|p2a: Ting-Lu|p1a: Samurott
|
|upkeep
|turn|9
|
|t:|1760379080
|switch|p2a: Dondozo|Dondozo, M, shiny|73/100 par
|move|p1a: Samurott|Razor Shell|p2a: Dondozo
|-resisted|p2a: Dondozo
|-damage|p2a: Dondozo|57/100 par
|-unboost|p2a: Dondozo|def|1
|
|upkeep
|turn|10
|
|t:|1760379084
|move|p1a: Samurott|Ceaseless Edge|p2a: Dondozo
|-damage|p2a: Dondozo|20/100 par
|-sidestart|p2: loki stays|Spikes
|move|p2a: Dondozo|Rest|p2a: Dondozo
|-status|p2a: Dondozo|slp|[from] move: Rest
|-heal|p2a: Dondozo|100/100 slp|[silent]
|
|upkeep
|turn|11
|
|t:|1760379089
|move|p1a: Samurott|Ceaseless Edge|p2a: Dondozo
|-damage|p2a: Dondozo|65/100 slp
|-sidestart|p2: loki stays|Spikes
|cant|p2a: Dondozo|slp
|move|p2a: Dondozo|Sleep Talk|p2a: Dondozo
|move|p2a: Dondozo|Rest||[from] move: Sleep Talk|[still]
|-fail|p2a: Dondozo
|
|upkeep
|turn|12
|
|t:|1760379099
|switch|p2a: Corviknight|Corviknight, F, shiny|100/100
|-ability|p2a: Corviknight|Pressure
|move|p1a: Samurott|Ceaseless Edge|p2a: Corviknight
|-damage|p2a: Corviknight|73/100
|-damage|p1a: Samurott|84/100|[from] item: Rocky Helmet|[of] p2a: Corviknight
|-sidestart|p2: loki stays|Spikes
|
|upkeep
|turn|13
|
|t:|1760379108
|switch|p1a: Zapdos|Zapdos|99/100
|move|p2a: Corviknight|Body Press|p1a: Zapdos
|-resisted|p1a: Zapdos
|-crit|p1a: Zapdos
|-damage|p1a: Zapdos|84/100
|
|upkeep
|turn|14
|
|t:|1760379112
|switch|p2a: Ting-Lu|Ting-Lu|100/100
|-damage|p2a: Ting-Lu|76/100|[from] Spikes
|-ability|p2a: Ting-Lu|Vessel of Ruin
|move|p1a: Zapdos|Thunder Wave|p2a: Ting-Lu
|-immune|p2a: Ting-Lu
|
|-heal|p2a: Ting-Lu|82/100|[from] item: Leftovers
|upkeep
|turn|15
|
|t:|1760379116
|move|p1a: Zapdos|Hurricane|p2a: Ting-Lu
|-damage|p2a: Ting-Lu|63/100
|move|p2a: Ting-Lu|Ruination|p1a: Zapdos
|-damage|p1a: Zapdos|42/100
|
|-heal|p2a: Ting-Lu|69/100|[from] item: Leftovers
|upkeep
|turn|16
|
|t:|1760379121
|move|p1a: Zapdos|Hurricane|p2a: Ting-Lu
|-damage|p2a: Ting-Lu|49/100
|-start|p2a: Ting-Lu|confusion
|-activate|p2a: Ting-Lu|confusion
|-damage|p2a: Ting-Lu|43/100|[from] confusion
|
|-heal|p2a: Ting-Lu|50/100|[from] item: Leftovers
|upkeep
|turn|17
|
|t:|1760379127
|move|p1a: Zapdos|Hurricane|p2a: Ting-Lu|[miss]
|-miss|p1a: Zapdos|p2a: Ting-Lu
|-end|p2a: Ting-Lu|confusion
|move|p2a: Ting-Lu|Ruination|p1a: Zapdos
|-damage|p1a: Zapdos|21/100
|
|-heal|p2a: Ting-Lu|56/100|[from] item: Leftovers
|upkeep
|turn|18
|
|t:|1760379132
|move|p1a: Zapdos|Hurricane|p2a: Ting-Lu
|-damage|p2a: Ting-Lu|35/100
|move|p2a: Ting-Lu|Earthquake|p1a: Zapdos
|-immune|p1a: Zapdos
|
|-heal|p2a: Ting-Lu|41/100|[from] item: Leftovers
|upkeep
|turn|19
|
|t:|1760379140
|move|p1a: Zapdos|Hurricane|p2a: Ting-Lu
|-damage|p2a: Ting-Lu|22/100
|move|p2a: Ting-Lu|Earthquake|p1a: Zapdos
|-immune|p1a: Zapdos
|
|-heal|p2a: Ting-Lu|28/100|[from] item: Leftovers
|upkeep
|turn|20
|
|t:|1760379148
|move|p1a: Zapdos|Hurricane|p2a: Ting-Lu
|-damage|p2a: Ting-Lu|9/100
|move|p2a: Ting-Lu|Rest|p2a: Ting-Lu
|-status|p2a: Ting-Lu|slp|[from] move: Rest
|-heal|p2a: Ting-Lu|100/100 slp|[silent]
|
|upkeep
|turn|21
|
|t:|1760379152
|move|p1a: Zapdos|Roost|p1a: Zapdos
|-heal|p1a: Zapdos|72/100
|-singleturn|p1a: Zapdos|move: Roost
|cant|p2a: Ting-Lu|slp
|move|p2a: Ting-Lu|Sleep Talk|p2a: Ting-Lu
|move|p2a: Ting-Lu|Ruination|p1a: Zapdos|[from] move: Sleep Talk
|-damage|p1a: Zapdos|36/100
|
|upkeep
|turn|22
|
|t:|1760379155
|move|p1a: Zapdos|Roost|p1a: Zapdos
|-heal|p1a: Zapdos|86/100
|-singleturn|p1a: Zapdos|move: Roost
|cant|p2a: Ting-Lu|slp
|move|p2a: Ting-Lu|Sleep Talk|p2a: Ting-Lu
|move|p2a: Ting-Lu|Ruination|p1a: Zapdos|[from] move: Sleep Talk
|-damage|p1a: Zapdos|43/100
|
|upkeep
|turn|23
|
|t:|1760379161
|move|p1a: Zapdos|Roost|p1a: Zapdos
|-heal|p1a: Zapdos|93/100
|-singleturn|p1a: Zapdos|move: Roost
|-curestatus|p2a: Ting-Lu|slp|[msg]
|move|p2a: Ting-Lu|Ruination|p1a: Zapdos
|-damage|p1a: Zapdos|47/100
|
|upkeep
|turn|24
|
|t:|1760379164
|move|p1a: Zapdos|Roost|p1a: Zapdos
|-heal|p1a: Zapdos|97/100
|-singleturn|p1a: Zapdos|move: Roost
|move|p2a: Ting-Lu|Earthquake|p1a: Zapdos
|-supereffective|p1a: Zapdos
|-damage|p1a: Zapdos|46/100
|
|upkeep
|turn|25
|
|t:|1760379180
|move|p1a: Zapdos|Hurricane|p2a: Ting-Lu|[miss]
|-miss|p1a: Zapdos|p2a: Ting-Lu
|move|p2a: Ting-Lu|Ruination|p1a: Zapdos
|-damage|p1a: Zapdos|23/100
|
|upkeep
|turn|26
|
|t:|1760379184
|switch|p2a: Landorus|Landorus-Therian, M, shiny|100/100
|-ability|p2a: Landorus|Intimidate|boost
|-unboost|p1a: Zapdos|atk|1
|move|p1a: Zapdos|Hurricane|p2a: Landorus
|-damage|p2a: Landorus|38/100
|
|upkeep
|turn|27
|
|t:|1760379188
|move|p2a: Landorus|Stone Edge|p1a: Zapdos
|-supereffective|p1a: Zapdos
|-damage|p1a: Zapdos|0 fnt
|faint|p1a: Zapdos
|
|upkeep
|
|t:|1760379191
|switch|p1a: Great Tusk|Great Tusk|100/100
|turn|28
|
|t:|1760379195
|switch|p2a: Corviknight|Corviknight, F, shiny|73/100
|-ability|p2a: Corviknight|Pressure
|move|p1a: Great Tusk|Knock Off|p2a: Corviknight
|-damage|p2a: Corviknight|51/100
|-damage|p1a: Great Tusk|84/100|[from] item: Rocky Helmet|[of] p2a: Corviknight
|-enditem|p2a: Corviknight|Rocky Helmet|[from] move: Knock Off|[of] p1a: Great Tusk
|
|upkeep
|turn|29
|
|t:|1760379200
|-end|p1a: Great Tusk|Protosynthesis|[silent]
|switch|p1a: Iron Crown|Iron Crown|100/100
|move|p2a: Corviknight|Roost|p2a: Corviknight
|-heal|p2a: Corviknight|100/100
|-singleturn|p2a: Corviknight|move: Roost
|
|upkeep
|turn|30
|
|t:|1760379204
|switch|p2a: Ting-Lu|Ting-Lu|100/100
|-damage|p2a: Ting-Lu|76/100|[from] Spikes
|-ability|p2a: Ting-Lu|Vessel of Ruin
|move|p1a: Iron Crown|Focus Blast|p2a: Ting-Lu
|-supereffective|p2a: Ting-Lu
|-damage|p2a: Ting-Lu|24/100
|
|-heal|p2a: Ting-Lu|30/100|[from] item: Leftovers
|upkeep
|turn|31
|
|t:|1760379216
|switch|p2a: Slowking|Slowking-Galar, M, shiny|100/100
|-damage|p2a: Slowking|76/100|[from] Spikes
|move|p1a: Iron Crown|Focus Blast|p2a: Slowking
|-resisted|p2a: Slowking
|-damage|p2a: Slowking|65/100
|-unboost|p2a: Slowking|spd|1
|
|-heal|p2a: Slowking|71/100|[from] item: Black Sludge
|upkeep
|turn|32
|
|t:|1760379222
|-end|p1a: Iron Crown|Quark Drive|[silent]
|switch|p1a: Mahoraga|Kingambit, M, shiny|100/100
|-activate|p1a: Mahoraga|ability: Supreme Overlord
|-start|p1a: Mahoraga|fallen1|[silent]
|-prepare|p2a: Slowking|Chilly Reception|[premajor]
|move|p2a: Slowking|Chilly Reception|p2a: Slowking
|-weather|Snowscape
|
|t:|1760379227
|switch|p2a: Corviknight|Corviknight, F, shiny|100/100|[from] Chilly Reception
|-ability|p2a: Corviknight|Pressure
|
|-weather|Snowscape|[upkeep]
|upkeep
|turn|33
|
|t:|1760379232
|-end|p1a: Mahoraga|fallen1|[silent]
|switch|p1a: Iron Crown|Iron Crown|100/100
|move|p2a: Corviknight|Defog|p1a: Iron Crown
|-unboost|p1a: Iron Crown|evasion|1
|-sideend|p2: loki stays|Spikes|[from] move: Defog|[of] p2a: Corviknight
|
|-weather|Snowscape|[upkeep]
|upkeep
|turn|34
|
|t:|1760379236
|switch|p2a: Slowking|Slowking-Galar, M, shiny|100/100
|move|p1a: Iron Crown|Focus Blast|p2a: Slowking|[miss]
|-miss|p1a: Iron Crown|p2a: Slowking
|
|-weather|Snowscape|[upkeep]
|upkeep
|turn|35
|
|t:|1760379239
|-end|p1a: Iron Crown|Quark Drive|[silent]
|switch|p1a: Samurott|Samurott-Hisui, M|84/100
|-prepare|p2a: Slowking|Chilly Reception|[premajor]
|move|p2a: Slowking|Chilly Reception|p2a: Slowking
|
|t:|1760379252
|switch|p2a: Corviknight|Corviknight, F, shiny|100/100|[from] Chilly Reception
|-ability|p2a: Corviknight|Pressure
|
|-weather|Snowscape|[upkeep]
|upkeep
|turn|36
|
|t:|1760379257
|switch|p1a: Iron Crown|Iron Crown|100/100
|move|p2a: Corviknight|Body Press|p1a: Iron Crown
|-damage|p1a: Iron Crown|70/100
|
|-weather|none
|upkeep
|turn|37
|
|t:|1760379262
|switch|p2a: Slowking|Slowking-Galar, M, shiny|100/100
|move|p1a: Iron Crown|Tachyon Cutter|p2a: Slowking
|-damage|p2a: Slowking|72/100
|-damage|p2a: Slowking|46/100
|-hitcount|p2a: Slowking|2
|
|-heal|p2a: Slowking|52/100|[from] item: Black Sludge
|upkeep
|turn|38
|
|t:|1760379289
|switch|p2a: Corviknight|Corviknight, F, shiny|100/100
|-ability|p2a: Corviknight|Pressure
|move|p1a: Iron Crown|Tachyon Cutter|p2a: Corviknight
|-resisted|p2a: Corviknight
|-damage|p2a: Corviknight|82/100
|-resisted|p2a: Corviknight
|-damage|p2a: Corviknight|64/100
|-hitcount|p2a: Corviknight|2
|
|upkeep
|turn|39
|
|t:|1760379299
|move|p1a: Iron Crown|Tachyon Cutter|p2a: Corviknight
|-resisted|p2a: Corviknight
|-damage|p2a: Corviknight|47/100
|-resisted|p2a: Corviknight
|-damage|p2a: Corviknight|30/100
|-hitcount|p2a: Corviknight|2
|move|p2a: Corviknight|Body Press|p1a: Iron Crown
|-damage|p1a: Iron Crown|41/100
|
|upkeep
|turn|40
|
|t:|1760379307
|switch|p2a: Cinderace|Cinderace, M, shiny|100/100
|move|p1a: Iron Crown|Tachyon Cutter|p2a: Cinderace
|-resisted|p2a: Cinderace
|-damage|p2a: Cinderace|77/100
|-resisted|p2a: Cinderace
|-damage|p2a: Cinderace|55/100
|-hitcount|p2a: Cinderace|2
|
|upkeep
|turn|41
|
|t:|1760379311
|-end|p1a: Iron Crown|Quark Drive|[silent]
|switch|p1a: Landorus|Landorus-Therian, M, tera:Ice|100/100
|-ability|p1a: Landorus|Intimidate|boost
|-unboost|p2a: Cinderace|atk|1
|move|p2a: Cinderace|U-turn|p1a: Landorus
|-damage|p1a: Landorus|86/100
|inactive|loki stays has 120 seconds left.
|inactive|loki stays has 90 seconds left.
|
|t:|1760379382
|switch|p2a: Dondozo|Dondozo, M, shiny|65/100 slp|[from] U-turn
|
|upkeep
|turn|42
|
|t:|1760379394
|switch|p2a: Landorus|Landorus-Therian, M, shiny|38/100
|-ability|p2a: Landorus|Intimidate|boost
|-unboost|p1a: Landorus|atk|1
|move|p1a: Landorus|U-turn|p2a: Landorus
|-resisted|p2a: Landorus
|-damage|p2a: Landorus|28/100
|
|t:|1760379418
|switch|p1a: Iron Crown|Iron Crown|41/100|[from] U-turn
|
|upkeep
|turn|43
|
|t:|1760379427
|move|p1a: Iron Crown|Tachyon Cutter|p2a: Landorus
|-damage|p2a: Landorus|0 fnt
|faint|p2a: Landorus
|-hitcount|p2: Landorus|1
|
|upkeep
|inactive|loki stays has 90 seconds left.
|
|t:|1760379439
|switch|p2a: Cinderace|Cinderace, M, shiny|55/100
|turn|44
|
|t:|1760379443
|-end|p1a: Iron Crown|Quark Drive|[silent]
|switch|p1a: Samurott|Samurott-Hisui, M|84/100
|move|p2a: Cinderace|Pyro Ball|p1a: Samurott|[miss]
|-miss|p2a: Cinderace|p1a: Samurott
|
|upkeep
|turn|45
|
|t:|1760379450
|move|p2a: Cinderace|U-turn|p1a: Samurott
|-supereffective|p1a: Samurott
|-damage|p1a: Samurott|44/100
|
|t:|1760379453
|switch|p2a: Dondozo|Dondozo, M, shiny|65/100 slp|[from] U-turn
|move|p1a: Samurott|Ceaseless Edge|p2a: Dondozo
|-damage|p2a: Dondozo|40/100 slp
|-sidestart|p2: loki stays|Spikes
|
|upkeep
|turn|46
|
|t:|1760379457
|move|p1a: Samurott|Ceaseless Edge|p2a: Dondozo
|-damage|p2a: Dondozo|13/100 slp
|-sidestart|p2: loki stays|Spikes
|cant|p2a: Dondozo|slp
|
|upkeep
|turn|47
|
|t:|1760379460
|move|p1a: Samurott|Ceaseless Edge|p2a: Dondozo
|-damage|p2a: Dondozo|0 fnt
|-sidestart|p2: loki stays|Spikes
|faint|p2a: Dondozo
|
|upkeep
|inactive|loki stays has 120 seconds left.
|
|t:|1760379482
|switch|p2a: Corviknight|Corviknight, F, shiny|30/100
|-ability|p2a: Corviknight|Pressure
|turn|48
|
|t:|1760379486
|move|p1a: Samurott|Razor Shell|p2a: Corviknight
|-damage|p2a: Corviknight|1/100
|-unboost|p2a: Corviknight|def|1
|move|p2a: Corviknight|Roost|p2a: Corviknight
|-heal|p2a: Corviknight|51/100
|-singleturn|p2a: Corviknight|move: Roost
|
|upkeep
|turn|49
|
|t:|1760379497
|move|p1a: Samurott|Razor Shell|p2a: Corviknight
|-damage|p2a: Corviknight|7/100
|move|p2a: Corviknight|Roost|p2a: Corviknight
|-heal|p2a: Corviknight|57/100
|-singleturn|p2a: Corviknight|move: Roost
|
|upkeep
|turn|50
|
|t:|1760379502
|move|p1a: Samurott|Razor Shell|p2a: Corviknight
|-damage|p2a: Corviknight|16/100
|move|p2a: Corviknight|Roost|p2a: Corviknight
|-heal|p2a: Corviknight|66/100
|-singleturn|p2a: Corviknight|move: Roost
|
|upkeep
|turn|51
|
|t:|1760379506
|switch|p2a: Ting-Lu|Ting-Lu|30/100
|-damage|p2a: Ting-Lu|6/100|[from] Spikes
|-ability|p2a: Ting-Lu|Vessel of Ruin
|move|p1a: Samurott|Razor Shell|p2a: Ting-Lu
|-supereffective|p2a: Ting-Lu
|-damage|p2a: Ting-Lu|0 fnt
|faint|p2a: Ting-Lu
|
|upkeep
|
|t:|1760379509
|switch|p2a: Corviknight|Corviknight, F, shiny|66/100
|-ability|p2a: Corviknight|Pressure
|turn|52
|
|t:|1760379512
|move|p1a: Samurott|Razor Shell|p2a: Corviknight
|-damage|p2a: Corviknight|39/100
|move|p2a: Corviknight|Roost|p2a: Corviknight
|-heal|p2a: Corviknight|89/100
|-singleturn|p2a: Corviknight|move: Roost
|
|upkeep
|turn|53
|
|t:|1760379517
|move|p1a: Samurott|Razor Shell|p2a: Corviknight
|-damage|p2a: Corviknight|62/100
|-unboost|p2a: Corviknight|def|1
|move|p2a: Corviknight|Body Press|p1a: Samurott
|-supereffective|p1a: Samurott
|-damage|p1a: Samurott|4/100
|
|upkeep
|turn|54
|inactive|loki stays has 120 seconds left.
|
|t:|1760379552
|switch|p2a: Slowking|Slowking-Galar, M, shiny|85/100
|-damage|p2a: Slowking|60/100|[from] Spikes
|move|p1a: Samurott|Razor Shell|p2a: Slowking
|-damage|p2a: Slowking|24/100
|
|-heal|p2a: Slowking|30/100|[from] item: Black Sludge
|upkeep
|turn|55
|inactive|loki stays has 120 seconds left.
|
|t:|1760379558
|move|p1a: Samurott|Razor Shell|p2a: Slowking
|-damage|p2a: Slowking|0 fnt
|faint|p2a: Slowking
|
|upkeep
|
|t:|1760379560
|switch|p2a: Cinderace|Cinderace, M, shiny|55/100
|turn|56
|
|t:|1760379562
|move|p1a: Samurott|Sucker Punch|p2a: Cinderace
|-damage|p2a: Cinderace|18/100
|move|p2a: Cinderace|Pyro Ball|p1a: Samurott
|-resisted|p1a: Samurott
|-damage|p1a: Samurott|0 fnt
|faint|p1a: Samurott
|
|upkeep
|
|t:|1760379569
|switch|p1a: Landorus|Landorus-Therian, M, tera:Ice|86/100
|-ability|p1a: Landorus|Intimidate|boost
|-unboost|p2a: Cinderace|atk|1
|turn|57
|
|t:|1760379572
|switch|p2a: Corviknight|Corviknight, F, shiny|62/100
|-ability|p2a: Corviknight|Pressure
|move|p1a: Landorus|Tera Blast|p2a: Corviknight|[anim] Tera Blast Ice
|-damage|p2a: Corviknight|36/100
|
|upkeep
|turn|58
|
|t:|1760379582
|switch|p1a: Iron Crown|Iron Crown|41/100
|move|p2a: Corviknight|Roost|p2a: Corviknight
|-heal|p2a: Corviknight|86/100
|-singleturn|p2a: Corviknight|move: Roost
|
|upkeep
|turn|59
|
|t:|1760379592
|move|p1a: Iron Crown|Volt Switch|p2a: Corviknight
|-supereffective|p2a: Corviknight
|-damage|p2a: Corviknight|21/100
|
|t:|1760379597
|-end|p1a: Iron Crown|Quark Drive|[silent]
|switch|p1a: Great Tusk|Great Tusk|84/100|[from] Volt Switch
|move|p2a: Corviknight|Roost|p2a: Corviknight
|-heal|p2a: Corviknight|71/100
|-singleturn|p2a: Corviknight|move: Roost
|
|upkeep
|turn|60
|
|t:|1760379608
|-end|p1a: Great Tusk|Protosynthesis|[silent]
|switch|p1a: Mahoraga|Kingambit, M, shiny|100/100
|-activate|p1a: Mahoraga|ability: Supreme Overlord
|-start|p1a: Mahoraga|fallen2|[silent]
|move|p2a: Corviknight|Iron Defense|p2a: Corviknight
|-boost|p2a: Corviknight|def|2
|
|upkeep
|turn|61
|
|t:|1760379613
|-end|p1a: Mahoraga|fallen2|[silent]
|switch|p1a: Iron Crown|Iron Crown|41/100
|move|p2a: Corviknight|Body Press|p1a: Iron Crown
|-damage|p1a: Iron Crown|0 fnt
|faint|p1a: Iron Crown
|-end|p1a: Iron Crown|Quark Drive|[silent]
|
|upkeep
|c|☆Joao v9898|MOTHERFUCK
|-message|Joao v9898 forfeited.
|
|win|loki stays
|raw|Joao v9898's rating: 1497 &rarr; <strong>1478</strong><br />(-19 for losing)
|raw|loki stays's rating: 1520 &rarr; <strong>1539</strong><br />(+19 for winning)
|l|☆Joao v9898
|player|p1|
