|j|☆catchphrasejones12
|j|☆phrugsqueek
|t:|1760389163
|gametype|singles
|player|p1|catchphrasejones12|266|1129
|player|p2|phrugsqueek|psychicf-gen4|1172
|gen|9
|tier|[Gen 9] OU
|rated|
|rule|HP Percentage Mod: HP is shown in percentages
|rule|Endless Battle Clause: Forcing endless battles is banned
|rule|Species Clause: Limit one of each Pokémon
|rule|OHKO Clause: OHKO moves are banned
|rule|Evasion Items Clause: Evasion items are banned
|rule|Evasion Moves Clause: Evasion moves are banned
|rule|Evasion Abilities Clause: Evasion abilities are banned
|rule|Sleep Moves Clause: Sleep-inducing moves are banned
|clearpoke
|poke|p1|Kingambit, F|
|poke|p1|Cinderace, F|
|poke|p1|Landorus-Therian, M|
|poke|p1|Iron Valiant|
|poke|p1|Kyurem|
|poke|p1|Slowking-Galar, M|
|poke|p2|Azumarill, F|
|poke|p2|Garganacl, M|
|poke|p2|Whiscash, M|
|poke|p2|Polteageist|
|poke|p2|Swalot, M|
|poke|p2|Hitmonchan, M|
|teampreview
|inactive|Battle timer is ON: inactive players will automatically lose when time's up. (requested by phrugsqueek)
|
|t:|1760389179
|teamsize|p1|6
|teamsize|p2|6
|start
|switch|p1a: Landorus|Landorus-Therian, M, shiny|100/100
|switch|p2a: Whiscash|Whiscash, M|100/100
|-ability|p1a: Landorus|Intimidate|boost
|-fail|p2a: Whiscash|unboost|Attack|[from] ability: Oblivious|[of] p2a: Whiscash
|turn|1
|
|t:|1760389195
|move|p1a: Landorus|Taunt|p2a: Whiscash
|-immune|p2a: Whiscash|[from] ability: Oblivious
|move|p2a: Whiscash|Stealth Rock|p1a: Landorus
|-sidestart|p1: catchphrasejones12|move: Stealth Rock
|
|upkeep
|turn|2
|
|t:|1760389204
|move|p1a: Landorus|U-turn|p2a: Whiscash
|-damage|p2a: Whiscash|83/100
|-damage|p1a: Landorus|84/100|[from] item: Rocky Helmet|[of] p2a: Whiscash
|
|t:|1760389216
|switch|p1a: Kyurem|Kyurem, shiny|100/100|[from] U-turn
|-damage|p1a: Kyurem|76/100|[from] Stealth Rock
|-ability|p1a: Kyurem|Pressure
|move|p2a: Whiscash|Dragon Dance|p2a: Whiscash
|-boost|p2a: Whiscash|atk|1
|-boost|p2a: Whiscash|spe|1
|
|-heal|p1a: Kyurem|82/100|[from] item: Leftovers
|upkeep
|turn|3
|
|t:|1760389232
|move|p1a: Kyurem|Freeze-Dry|p2a: Whiscash
|-supereffective|p2a: Whiscash
|-damage|p2a: Whiscash|0 fnt
|faint|p2a: Whiscash
|
|-heal|p1a: Kyurem|88/100|[from] item: Leftovers
|upkeep
|
|t:|1760389240
|switch|p2a: Hitmonchan|Hitmonchan, M|100/100
|turn|4
|
|t:|1760389251
|move|p1a: Kyurem|Substitute|p1a: Kyurem
|-start|p1a: Kyurem|Substitute
|-damage|p1a: Kyurem|63/100
|move|p2a: Hitmonchan|Bulk Up|p2a: Hitmonchan
|-boost|p2a: Hitmonchan|atk|1
|-boost|p2a: Hitmonchan|def|1
|
|-heal|p1a: Kyurem|69/100|[from] item: Leftovers
|upkeep
|turn|5
|
|t:|1760389266
|move|p1a: Kyurem|Freeze-Dry|p2a: Hitmonchan
|-damage|p2a: Hitmonchan|57/100
|-status|p2a: Hitmonchan|frz
|cant|p2a: Hitmonchan|frz
|
|-heal|p1a: Kyurem|75/100|[from] item: Leftovers
|upkeep
|turn|6
|
|t:|1760389275
|move|p1a: Kyurem|Freeze-Dry|p2a: Hitmonchan
|-damage|p2a: Hitmonchan|12/100 frz
|cant|p2a: Hitmonchan|frz
|
|-heal|p1a: Kyurem|81/100|[from] item: Leftovers
|upkeep
|turn|7
|
|t:|1760389286
|move|p1a: Kyurem|Earth Power|p2a: Hitmonchan
|-damage|p2a: Hitmonchan|0 fnt
|faint|p2a: Hitmonchan
|
|-heal|p1a: Kyurem|88/100|[from] item: Leftovers
|upkeep
|
|t:|1760389294
|switch|p2a: Garganacl|Garganacl, M|100/100
|turn|8
|
|t:|1760389298
|move|p1a: Kyurem|Freeze-Dry|p2a: Garganacl
|-damage|p2a: Garganacl|69/100
|move|p2a: Garganacl|Body Press|p1a: Kyurem
|-supereffective|p1a: Kyurem
|-end|p1a: Kyurem|Substitute
|
|-heal|p1a: Kyurem|94/100|[from] item: Leftovers
|upkeep
|turn|9
|
|t:|1760389318
|move|p1a: Kyurem|Earth Power|p2a: Garganacl
|-supereffective|p2a: Garganacl
|-damage|p2a: Garganacl|15/100
|move|p2a: Garganacl|Body Press|p1a: Kyurem
|-supereffective|p1a: Kyurem
|-damage|p1a: Kyurem|34/100
|
|-heal|p1a: Kyurem|40/100|[from] item: Leftovers
|upkeep
|turn|10
|
|t:|1760389327
|move|p2a: Garganacl|Protect|p2a: Garganacl
|-singleturn|p2a: Garganacl|Protect
|move|p1a: Kyurem|Earth Power|p2a: Garganacl
|-activate|p2a: Garganacl|move: Protect
|
|-heal|p1a: Kyurem|46/100|[from] item: Leftovers
|upkeep
|turn|11
|
|t:|1760389337
|move|p1a: Kyurem|Earth Power|p2a: Garganacl
|-supereffective|p2a: Garganacl
|-damage|p2a: Garganacl|0 fnt
|faint|p2a: Garganacl
|
|-heal|p1a: Kyurem|52/100|[from] item: Leftovers
|upkeep
|
|t:|1760389344
|switch|p2a: Polteageist|Polteageist|100/100
|turn|12
|
|t:|1760389373
|move|p1a: Kyurem|Freeze-Dry|p2a: Polteageist
|-damage|p2a: Polteageist|60/100
|move|p2a: Polteageist|Shell Smash|p2a: Polteageist
|-unboost|p2a: Polteageist|def|1
|-unboost|p2a: Polteageist|spd|1
|-boost|p2a: Polteageist|atk|2
|-boost|p2a: Polteageist|spa|2
|-boost|p2a: Polteageist|spe|2
|
|-heal|p1a: Kyurem|58/100|[from] item: Leftovers
|upkeep
|turn|13
|
|t:|1760389386
|move|p2a: Polteageist|Poltergeist|p1a: Kyurem
|-activate|p1a: Kyurem|move: Poltergeist|Leftovers
|-damage|p1a: Kyurem|14/100
|move|p1a: Kyurem|Freeze-Dry|p2a: Polteageist
|-damage|p2a: Polteageist|0 fnt
|faint|p2a: Polteageist
|
|-heal|p1a: Kyurem|20/100|[from] item: Leftovers
|upkeep
|
|t:|1760389397
|switch|p2a: Azumarill|Azumarill, F|100/100
|turn|14
|
|t:|1760389405
|move|p1a: Kyurem|Protect|p1a: Kyurem
|-singleturn|p1a: Kyurem|Protect
|move|p2a: Azumarill|Belly Drum|p2a: Azumarill
|-damage|p2a: Azumarill|50/100
|-setboost|p2a: Azumarill|atk|6|[from] move: Belly Drum
|-enditem|p2a: Azumarill|Sitrus Berry|[eat]
|-heal|p2a: Azumarill|75/100|[from] item: Sitrus Berry
|
|-heal|p1a: Kyurem|27/100|[from] item: Leftovers
|upkeep
|turn|15
|
|t:|1760389415
|move|p2a: Azumarill|Aqua Jet|p1a: Kyurem
|-resisted|p1a: Kyurem
|-damage|p1a: Kyurem|0 fnt
|faint|p1a: Kyurem
|
|upkeep
|
|t:|1760389428
|switch|p1a: Slowking|Slowking-Galar, M, shiny|100/100
|turn|16
|
|t:|1760389435
|move|p2a: Azumarill|Aqua Jet|p1a: Slowking
|-damage|p1a: Slowking|6/100
|move|p1a: Slowking|Thunder Wave|p2a: Azumarill|[miss]
|-miss|p1a: Slowking|p2a: Azumarill
|
|upkeep
|turn|17
|
|t:|1760389454
|move|p2a: Azumarill|Aqua Jet|p1a: Slowking
|-damage|p1a: Slowking|0 fnt
|faint|p1a: Slowking
|
|upkeep
|-message|catchphrasejones12 forfeited.
|
|win|phrugsqueek
|raw|catchphrasejones12's rating: 1129 &rarr; <strong>1107</strong><br />(-22 for losing)
|raw|phrugsqueek's rating: 1172 &rarr; <strong>1194</strong><br />(+22 for winning)
|l|☆catchphrasejones12
|player|p1|
|l|☆phrugsqueek
|player|p2|
