|j|☆erouuu
|j|☆tarsierprime
|inactive|Battle timer is ON: inactive players will automatically lose when time's up.
|t:|1760369627
|gametype|singles
|player|p1|erouuu|pokemaniac|
|player|p2|tarsierprime|drayden|
|gen|9
|tier|[Gen 9] OU
|rated|Tournament battle
|rule|HP Percentage Mod: HP is shown in percentages
|rule|Endless Battle Clause: Forcing endless battles is banned
|rule|Species Clause: Limit one of each Pokémon
|rule|OHKO Clause: OHKO moves are banned
|rule|Evasion Items Clause: Evasion items are banned
|rule|Evasion Moves Clause: Evasion moves are banned
|rule|Evasion Abilities Clause: Evasion abilities are banned
|rule|Sleep Moves Clause: Sleep-inducing moves are banned
|raw|<div class="infobox"><details class="readmore" open><summary><strong>1 custom rule:</strong></summary> -wobbuffet</details></div>
|clearpoke
|poke|p1|Reuniclus, F|
|poke|p1|Torracat, F|
|poke|p1|Cloyster, F|
|poke|p2|Dugtrio, F|
|poke|p2|Stunky, M|
|poke|p2|Weavile, M|
|teampreview
|j|*Lady Monita ☀
|
|t:|1760369639
|teamsize|p1|3
|teamsize|p2|3
|start
|switch|p1a: Torracat|Torracat, F, shiny|100/100
|switch|p2a: Stunky|Stunky, M|100/100
|-ability|p1a: Torracat|Intimidate|boost
|-unboost|p2a: Stunky|atk|1
|turn|1
|
|t:|1760369647
|move|p1a: Torracat|Fake Out|p2a: Stunky
|-damage|p2a: Stunky|92/100
|cant|p2a: Stunky|flinch
|
|upkeep
|turn|2
|
|t:|1760369652
|move|p1a: Torracat|U-turn|p2a: Stunky
|-damage|p2a: Stunky|77/100
|
|t:|1760369655
|switch|p1a: Cloyster|Cloyster, F, shiny|100/100|[from] U-turn
|move|p2a: Stunky|Toxic|p1a: Cloyster
|-status|p1a: Cloyster|tox
|
|-damage|p1a: Cloyster|94/100 tox|[from] psn
|upkeep
|turn|3
|
|t:|1760369664
|move|p1a: Cloyster|Shell Smash|p1a: Cloyster
|-unboost|p1a: Cloyster|def|1
|-unboost|p1a: Cloyster|spd|1
|-boost|p1a: Cloyster|atk|2
|-boost|p1a: Cloyster|spa|2
|-boost|p1a: Cloyster|spe|2
|-enditem|p1a: Cloyster|White Herb
|-clearnegativeboost|p1a: Cloyster|[silent]
|move|p2a: Stunky|Taunt|p1a: Cloyster
|-start|p1a: Cloyster|move: Taunt
|
|-damage|p1a: Cloyster|82/100 tox|[from] psn
|upkeep
|turn|4
|
|t:|1760369694
|move|p2a: Stunky|Protect|p2a: Stunky
|-singleturn|p2a: Stunky|Protect
|move|p1a: Cloyster|Rock Blast|p2a: Stunky
|-activate|p2a: Stunky|move: Protect
|
|-damage|p1a: Cloyster|63/100 tox|[from] psn
|upkeep
|turn|5
|j| Albrtix
|
|t:|1760369705
|move|p1a: Cloyster|Rock Blast|p2a: Stunky
|-damage|p2a: Stunky|66/100
|-damage|p2a: Stunky|53/100
|-damage|p2a: Stunky|40/100
|-damage|p2a: Stunky|29/100
|-damage|p2a: Stunky|16/100
|-hitcount|p2a: Stunky|5
|move|p2a: Stunky|Knock Off|p1a: Cloyster
|-crit|p1a: Cloyster
|-damage|p1a: Cloyster|42/100 tox
|
|-damage|p1a: Cloyster|17/100 tox|[from] psn
|upkeep
|turn|6
|
|t:|1760369716
|move|p2a: Stunky|Protect|p2a: Stunky
|-singleturn|p2a: Stunky|Protect
|move|p1a: Cloyster|Rock Blast|p2a: Stunky
|-activate|p2a: Stunky|move: Protect
|
|-damage|p1a: Cloyster|0 fnt|[from] psn
|faint|p1a: Cloyster
|upkeep
|
|t:|1760369725
|switch|p1a: Torracat|Torracat, F, shiny|100/100
|-ability|p1a: Torracat|Intimidate|boost
|-unboost|p2a: Stunky|atk|1
|turn|7
|
|t:|1760369735
|move|p1a: Torracat|Fake Out|p2a: Stunky
|-damage|p2a: Stunky|7/100
|cant|p2a: Stunky|flinch
|
|upkeep
|turn|8
|
|t:|1760369742
|move|p2a: Stunky|Protect|p2a: Stunky
|-singleturn|p2a: Stunky|Protect
|move|p1a: Torracat|U-turn|p2a: Stunky
|-activate|p2a: Stunky|move: Protect
|
|upkeep
|turn|9
|
|t:|1760369749
|move|p1a: Torracat|Crunch|p2a: Stunky
|-resisted|p2a: Stunky
|-damage|p2a: Stunky|0 fnt
|-damage|p1a: Torracat|76/100|[from] ability: Aftermath|[of] p2a: Stunky
|faint|p2a: Stunky
|
|upkeep
|
|t:|1760369758
|switch|p2a: Dugtrio|Dugtrio, F|100/100
|turn|10
|
|t:|1760369787
|move|p2a: Dugtrio|Earthquake|p1a: Torracat
|-supereffective|p1a: Torracat
|-damage|p1a: Torracat|0 fnt
|faint|p1a: Torracat
|
|upkeep
|inactive|erouuu has 120 seconds left.
|
|t:|1760369799
|switch|p1a: Reuniclus|Reuniclus, F, shiny|100/100
|turn|11
|
|t:|1760369807
|move|p2a: Dugtrio|Swords Dance|p2a: Dugtrio
|-boost|p2a: Dugtrio|atk|2
|move|p1a: Reuniclus|Knock Off|p2a: Dugtrio
|-damage|p2a: Dugtrio|57/100
|-enditem|p2a: Dugtrio|Focus Sash|[from] move: Knock Off|[of] p1a: Reuniclus
|
|upkeep
|turn|12
|
|t:|1760369815
|-terastallize|p1a: Reuniclus|Stellar
|move|p2a: Dugtrio|Earthquake|p1a: Reuniclus
|-damage|p1a: Reuniclus|19/100
|move|p1a: Reuniclus|Psychic|p2a: Dugtrio
|-damage|p2a: Dugtrio|0 fnt
|faint|p2a: Dugtrio
|
|-heal|p1a: Reuniclus|25/100|[from] item: Leftovers
|upkeep
|
|t:|1760369819
|switch|p2a: Weavile|Weavile, M|100/100
|-ability|p2a: Weavile|Pressure
|turn|13
|
|t:|1760369831
|move|p2a: Weavile|Knock Off|p1a: Reuniclus
|-supereffective|p1a: Reuniclus
|-damage|p1a: Reuniclus|0 fnt
|-enditem|p1a: Reuniclus|Leftovers|[from] move: Knock Off|[of] p2a: Weavile
|faint|p1a: Reuniclus
|
|win|tarsierprime
|n|☆erouuu|erouuu
|n|☆tarsierprime|tarsierprime
|n|*Lady Monita ☀|ladymonita
|n| Albrtix|albrtix
