|j|☆jxrx
|j|☆Pachydon
|t:|1760389841
|gametype|singles
|player|p1|jxrx|norman|1290
|player|p2|Pachydon|169|1248
|gen|9
|tier|[Gen 9] OU
|rated|
|rule|HP Percentage Mod: HP is shown in percentages
|rule|Endless Battle Clause: Forcing endless battles is banned
|rule|Species Clause: Limit one of each Pokémon
|rule|OHKO Clause: OHKO moves are banned
|rule|Evasion Items Clause: Evasion items are banned
|rule|Evasion Moves Clause: Evasion moves are banned
|rule|Evasion Abilities Clause: Evasion abilities are banned
|rule|Sleep Moves Clause: Sleep-inducing moves are banned
|clearpoke
|poke|p1|Sableye, M|
|poke|p1|Empoleon, M|
|poke|p1|Cyclizar, M|
|poke|p1|Ting-Lu|
|poke|p1|Gholdengo|
|poke|p1|Iron Moth|
|poke|p2|Gholdengo|
|poke|p2|Iron Treads|
|poke|p2|Moltres|
|poke|p2|Samurott-Hisui, F|
|poke|p2|Sinistcha|
|poke|p2|Ting-Lu|
|teampreview
|inactive|Battle timer is ON: inactive players will automatically lose when time's up. (requested by jxrx)
|
|t:|1760389847
|teamsize|p1|6
|teamsize|p2|6
|start
|switch|p1a: Cyclizar|Cyclizar, M|100/100
|switch|p2a: Samurott|Samurott-Hisui, F|100/100
|turn|1
|inactive|jxrx has 120 seconds left.
|inactive|jxrx has 90 seconds left.
|inactive|jxrx has 60 seconds left.
|
|t:|1760389940
|move|p2a: Samurott|Ceaseless Edge|p1a: Cyclizar
|-damage|p1a: Cyclizar|21/100
|-sidestart|p1: jxrx|Spikes
|move|p1a: Cyclizar|U-turn|p2a: Samurott
|-supereffective|p2a: Samurott
|-damage|p2a: Samurott|46/100
|inactive|jxrx has 60 seconds left.
|
|t:|1760389950
|switch|p1a: Ting-Lu|Ting-Lu|100/100|[from] U-turn
|-damage|p1a: Ting-Lu|88/100|[from] Spikes
|-ability|p1a: Ting-Lu|Vessel of Ruin
|
|-heal|p1a: Ting-Lu|94/100|[from] item: Leftovers
|upkeep
|turn|2
|
|t:|1760389966
|switch|p2a: Sinistcha|Sinistcha|100/100
|move|p1a: Ting-Lu|Spikes|p2a: Sinistcha
|-sidestart|p2: Pachydon|Spikes
|
|-heal|p1a: Ting-Lu|100/100|[from] item: Leftovers
|upkeep
|turn|3
|
|t:|1760389971
|move|p2a: Sinistcha|Matcha Gotcha|p1a: Ting-Lu
|-supereffective|p1a: Ting-Lu
|-damage|p1a: Ting-Lu|64/100
|move|p1a: Ting-Lu|Spikes|p2a: Sinistcha
|-sidestart|p2: Pachydon|Spikes
|
|-heal|p1a: Ting-Lu|71/100|[from] item: Leftovers
|upkeep
|turn|4
|
|t:|1760389977
|switch|p1a: Gholdengo|Gholdengo|100/100
|-damage|p1a: Gholdengo|88/100|[from] Spikes
|move|p2a: Sinistcha|Matcha Gotcha|p1a: Gholdengo|[miss]
|-miss|p2a: Sinistcha|p1a: Gholdengo
|
|upkeep
|turn|5
|
|t:|1760389984
|switch|p2a: Ting-Lu|Ting-Lu, shiny|100/100
|-damage|p2a: Ting-Lu|84/100|[from] Spikes
|-ability|p2a: Ting-Lu|Vessel of Ruin
|move|p1a: Gholdengo|Trick|p2a: Ting-Lu
|-activate|p1a: Gholdengo|move: Trick|[of] p2a: Ting-Lu
|-item|p2a: Ting-Lu|Choice Scarf|[from] move: Trick
|-item|p1a: Gholdengo|Leftovers|[from] move: Trick
|
|-heal|p1a: Gholdengo|94/100|[from] item: Leftovers
|upkeep
|turn|6
|inactive|jxrx has 90 seconds left.
|
|t:|1760389992
|switch|p1a: Cyclizar|Cyclizar, M|55/100
|move|p2a: Ting-Lu|Earthquake|p1a: Cyclizar
|-damage|p1a: Cyclizar|0 fnt
|faint|p1a: Cyclizar
|
|upkeep
|inactive|jxrx has 90 seconds left.
|
|t:|1760390001
|switch|p1a: Ting-Lu|Ting-Lu|71/100
|-damage|p1a: Ting-Lu|58/100|[from] Spikes
|-ability|p1a: Ting-Lu|Vessel of Ruin
|turn|7
|
|t:|1760390007
|move|p2a: Ting-Lu|Earthquake|p1a: Ting-Lu
|-damage|p1a: Ting-Lu|43/100
|move|p1a: Ting-Lu|Ruination|p2a: Ting-Lu
|-damage|p2a: Ting-Lu|42/100
|
|-heal|p1a: Ting-Lu|50/100|[from] item: Leftovers
|upkeep
|turn|8
|
|t:|1760390020
|switch|p2a: Moltres|Moltres|100/100
|move|p1a: Ting-Lu|Spikes|p2a: Moltres
|-sidestart|p2: Pachydon|Spikes
|
|-heal|p1a: Ting-Lu|56/100|[from] item: Leftovers
|upkeep
|turn|9
|
|t:|1760390023
|move|p2a: Moltres|Will-O-Wisp|p1a: Ting-Lu
|-status|p1a: Ting-Lu|brn
|move|p1a: Ting-Lu|Ruination|p2a: Moltres
|-damage|p2a: Moltres|51/100
|
|-heal|p1a: Ting-Lu|62/100 brn|[from] item: Leftovers
|-damage|p1a: Ting-Lu|56/100 brn|[from] brn
|upkeep
|turn|10
|
|t:|1760390026
|move|p2a: Moltres|Roost|p2a: Moltres
|-heal|p2a: Moltres|100/100
|-singleturn|p2a: Moltres|move: Roost
|move|p1a: Ting-Lu|Stealth Rock|p2a: Moltres
|-sidestart|p2: Pachydon|move: Stealth Rock
|
|-heal|p1a: Ting-Lu|62/100 brn|[from] item: Leftovers
|-damage|p1a: Ting-Lu|56/100 brn|[from] brn
|upkeep
|turn|11
|
|t:|1760390032
|move|p2a: Moltres|Flamethrower|p1a: Ting-Lu
|-damage|p1a: Ting-Lu|32/100 brn
|move|p1a: Ting-Lu|Whirlwind|p2a: Moltres
|drag|p2a: Sinistcha|Sinistcha|100/100
|
|-heal|p1a: Ting-Lu|39/100 brn|[from] item: Leftovers
|-damage|p1a: Ting-Lu|32/100 brn|[from] brn
|upkeep
|turn|12
|
|t:|1760390037
|move|p2a: Sinistcha|Shadow Ball|p1a: Ting-Lu
|-resisted|p1a: Ting-Lu
|-damage|p1a: Ting-Lu|22/100 brn
|-unboost|p1a: Ting-Lu|spd|1
|move|p1a: Ting-Lu|Whirlwind|p2a: Sinistcha
|drag|p2a: Iron Treads|Iron Treads|100/100
|-damage|p2a: Iron Treads|76/100|[from] Spikes
|-damage|p2a: Iron Treads|73/100|[from] Stealth Rock
|
|-heal|p1a: Ting-Lu|29/100 brn|[from] item: Leftovers
|-damage|p1a: Ting-Lu|22/100 brn|[from] brn
|upkeep
|turn|13
|
|t:|1760390042
|switch|p1a: Sableye|Sableye, M|100/100
|-damage|p1a: Sableye|88/100|[from] Spikes
|move|p2a: Iron Treads|Earthquake|p1a: Sableye
|-damage|p1a: Sableye|53/100
|
|upkeep
|turn|14
|
|t:|1760390050
|-end|p2a: Iron Treads|Quark Drive|[silent]
|switch|p2a: Moltres|Moltres|100/100
|move|p1a: Sableye|Will-O-Wisp|p2a: Moltres
|-immune|p2a: Moltres
|
|upkeep
|turn|15
|
|t:|1760390055
|move|p1a: Sableye|Recover|p1a: Sableye
|-heal|p1a: Sableye|100/100
|move|p2a: Moltres|Flamethrower|p1a: Sableye
|-damage|p1a: Sableye|40/100
|-status|p1a: Sableye|brn
|
|-damage|p1a: Sableye|34/100 brn|[from] brn
|upkeep
|turn|16
|
|t:|1760390059
|move|p2a: Moltres|Flamethrower|p1a: Sableye
|-damage|p1a: Sableye|0 fnt
|faint|p1a: Sableye
|
|upkeep
|
|t:|1760390061
|switch|p1a: Empoleon|Empoleon, M|100/100
|-damage|p1a: Empoleon|88/100|[from] Spikes
|turn|17
|
|t:|1760390077
|switch|p2a: Sinistcha|Sinistcha|100/100
|move|p1a: Empoleon|Agility|p1a: Empoleon
|-boost|p1a: Empoleon|spe|2
|
|-heal|p1a: Empoleon|94/100|[from] item: Leftovers
|upkeep
|turn|18
|inactive|jxrx has 120 seconds left.
|
|t:|1760390129
|move|p1a: Empoleon|Ice Beam|p2a: Sinistcha
|-supereffective|p2a: Sinistcha
|-damage|p2a: Sinistcha|26/100
|move|p2a: Sinistcha|Calm Mind|p2a: Sinistcha
|-boost|p2a: Sinistcha|spa|1
|-boost|p2a: Sinistcha|spd|1
|
|-heal|p1a: Empoleon|99/100|[from] item: Leftovers
|upkeep
|turn|19
|
|t:|1760390144
|move|p1a: Empoleon|Flash Cannon|p2a: Sinistcha
|-damage|p2a: Sinistcha|0 fnt
|faint|p2a: Sinistcha
|
|-heal|p1a: Empoleon|100/100|[from] item: Leftovers
|upkeep
|
|t:|1760390154
|switch|p2a: Gholdengo|Gholdengo|100/100
|-damage|p2a: Gholdengo|76/100|[from] Spikes
|-damage|p2a: Gholdengo|70/100|[from] Stealth Rock
|turn|20
|inactive|jxrx has 120 seconds left.
|
|t:|1760390160
|move|p1a: Empoleon|Surf|p2a: Gholdengo
|-damage|p2a: Gholdengo|12/100
|move|p2a: Gholdengo|Thunderbolt|p1a: Empoleon
|-supereffective|p1a: Empoleon
|-damage|p1a: Empoleon|29/100
|
|-heal|p1a: Empoleon|35/100|[from] item: Leftovers
|upkeep
|turn|21
|
|t:|1760390166
|move|p1a: Empoleon|Flash Cannon|p2a: Gholdengo
|-resisted|p2a: Gholdengo
|-damage|p2a: Gholdengo|0 fnt
|faint|p2a: Gholdengo
|
|-heal|p1a: Empoleon|41/100|[from] item: Leftovers
|upkeep
|
|t:|1760390170
|switch|p2a: Moltres|Moltres|100/100
|turn|22
|inactive|jxrx has 120 seconds left.
|
|t:|1760390200
|-terastallize|p2a: Moltres|Fairy
|move|p1a: Empoleon|Surf|p2a: Moltres
|-damage|p2a: Moltres|57/100
|move|p2a: Moltres|Flamethrower|p1a: Empoleon
|-damage|p1a: Empoleon|0 fnt
|faint|p1a: Empoleon
|
|upkeep
|
|t:|1760390206
|switch|p1a: Gholdengo|Gholdengo|94/100
|-damage|p1a: Gholdengo|82/100|[from] Spikes
|turn|23
|
|t:|1760390211
|move|p1a: Gholdengo|Make It Rain|p2a: Moltres
|-supereffective|p2a: Moltres
|-damage|p2a: Moltres|0 fnt
|-unboost|p1a: Gholdengo|spa|1
|faint|p2a: Moltres
|
|-heal|p1a: Gholdengo|88/100|[from] item: Leftovers
|upkeep
|
|t:|1760390214
|switch|p2a: Iron Treads|Iron Treads|73/100
|-damage|p2a: Iron Treads|48/100|[from] Spikes
|-damage|p2a: Iron Treads|45/100|[from] Stealth Rock
|turn|24
|
|t:|1760390232
|switch|p1a: Ting-Lu|Ting-Lu|22/100 brn
|-damage|p1a: Ting-Lu|10/100 brn|[from] Spikes
|-ability|p1a: Ting-Lu|Vessel of Ruin
|move|p2a: Iron Treads|Rapid Spin|p1a: Ting-Lu
|-damage|p1a: Ting-Lu|5/100 brn
|-boost|p2a: Iron Treads|spe|1
|-sideend|p2: Pachydon|Spikes|[from] move: Rapid Spin|[of] p2a: Iron Treads
|-sideend|p2: Pachydon|Stealth Rock|[from] move: Rapid Spin|[of] p2a: Iron Treads
|
|-heal|p1a: Ting-Lu|11/100 brn|[from] item: Leftovers
|-damage|p1a: Ting-Lu|5/100 brn|[from] brn
|upkeep
|turn|25
|
|t:|1760390243
|move|p2a: Iron Treads|Earthquake|p1a: Ting-Lu
|-damage|p1a: Ting-Lu|0 fnt
|faint|p1a: Ting-Lu
|
|upkeep
|
|t:|1760390245
|switch|p1a: Iron Moth|Iron Moth|100/100
|-damage|p1a: Iron Moth|88/100|[from] Spikes
|turn|26
|
|t:|1760390249
|-terastallize|p1a: Iron Moth|Grass
|move|p2a: Iron Treads|Earthquake|p1a: Iron Moth
|-resisted|p1a: Iron Moth
|-damage|p1a: Iron Moth|58/100
|move|p1a: Iron Moth|Fiery Dance|p2a: Iron Treads
|-supereffective|p2a: Iron Treads
|-damage|p2a: Iron Treads|0 fnt
|faint|p2a: Iron Treads
|-end|p2a: Iron Treads|Quark Drive|[silent]
|
|upkeep
|
|t:|1760390255
|switch|p2a: Samurott|Samurott-Hisui, F|46/100
|turn|27
|
|t:|1760390280
|move|p2a: Samurott|Knock Off|p1a: Iron Moth
|-damage|p1a: Iron Moth|0 fnt
|-enditem|p1a: Iron Moth|Assault Vest|[from] move: Knock Off|[of] p2a: Samurott
|faint|p1a: Iron Moth
|-end|p1a: Iron Moth|Quark Drive|[silent]
|
|upkeep
|-message|jxrx forfeited.
|
|win|Pachydon
|raw|jxrx's rating: 1311 &rarr; <strong>1287</strong><br />(-24 for losing)
|raw|Pachydon's rating: 1248 &rarr; <strong>1277</strong><br />(+29 for winning)
|l|☆jxrx
|player|p1|
