|j|☆sdor16
|j|☆LordFueg
|t:|1760446137
|gametype|singles
|player|p1|sdor16|101|1533
|player|p2|LordFueg|265|1577
|gen|9
|tier|[Gen 9] OU
|rated|
|rule|HP Percentage Mod: HP is shown in percentages
|rule|Endless Battle Clause: Forcing endless battles is banned
|rule|Species Clause: Limit one of each Pokémon
|rule|OHKO Clause: OHKO moves are banned
|rule|Evasion Items Clause: Evasion items are banned
|rule|Evasion Moves Clause: Evasion moves are banned
|rule|Evasion Abilities Clause: Evasion abilities are banned
|rule|Sleep Moves Clause: Sleep-inducing moves are banned
|clearpoke
|poke|p1|Zapdos-Galar|
|poke|p1|Tornadus-Therian, M|
|poke|p1|Primarina, M|
|poke|p1|Cinderace, M|
|poke|p1|Tyranitar, F|
|poke|p1|Great Tusk|
|poke|p2|Indeedee, M|
|poke|p2|Hatterene, F|
|poke|p2|Maushold|
|poke|p2|Armarouge, M|
|poke|p2|Polteageist|
|poke|p2|Hawlucha, M|
|teampreview
|inactive|Battle timer is ON: inactive players will automatically lose when time's up. (requested by LordFueg)
|
|t:|1760446148
|teamsize|p1|6
|teamsize|p2|6
|start
|switch|p1a: Cinderace|Cinderace, M|100/100
|switch|p2a: Indeedee|Indeedee, M|100/100
|-fieldstart|move: Psychic Terrain|[from] ability: Psychic Surge|[of] p2a: Indeedee
|turn|1
|
|t:|1760446153
|switch|p2a: Hatterene|Hatterene, F|100/100
|move|p1a: Cinderace|U-turn|p2a: Hatterene
|-start|p1a: Cinderace|typechange|Bug|[from] ability: Libero
|-damage|p2a: Hatterene|72/100
|-enditem|p2a: Hatterene|Eject Button
|
|t:|1760446160
|switch|p2a: Polteageist|Polteageist|100/100
|
|upkeep
|turn|2
|
|t:|1760446163
|switch|p1a: Tyranitar|Tyranitar, F|100/100
|-weather|Sandstorm|[from] ability: Sand Stream|[of] p1a: Tyranitar
|move|p2a: Polteageist|Shell Smash|p2a: Polteageist
|-unboost|p2a: Polteageist|def|1
|-unboost|p2a: Polteageist|spd|1
|-boost|p2a: Polteageist|atk|2
|-boost|p2a: Polteageist|spa|2
|-boost|p2a: Polteageist|spe|2
|
|-weather|Sandstorm|[upkeep]
|-damage|p2a: Polteageist|94/100|[from] Sandstorm
|upkeep
|turn|3
|
|t:|1760446169
|-terastallize|p2a: Polteageist|Fighting
|move|p2a: Polteageist|Tera Blast|p1a: Tyranitar|[anim] Tera Blast Fighting
|-supereffective|p1a: Tyranitar
|-crit|p1a: Tyranitar
|-damage|p1a: Tyranitar|0 fnt
|faint|p1a: Tyranitar
|
|-weather|Sandstorm|[upkeep]
|-damage|p2a: Polteageist|88/100|[from] Sandstorm
|upkeep
|
|t:|1760446178
|switch|p1a: Tornadus|Tornadus-Therian, M|100/100
|turn|4
|
|t:|1760446182
|move|p2a: Polteageist|Stored Power|p1a: Tornadus
|-damage|p1a: Tornadus|10/100
|move|p1a: Tornadus|Bleakwind Storm|p2a: Polteageist
|-supereffective|p2a: Polteageist
|-damage|p2a: Polteageist|0 fnt
|faint|p2a: Polteageist
|
|-weather|Sandstorm|[upkeep]
|-damage|p1a: Tornadus|4/100|[from] Sandstorm
|upkeep
|
|t:|1760446197
|switch|p2a: Hatterene|Hatterene, F|72/100
|turn|5
|
|t:|1760446211
|move|p1a: Tornadus|U-turn|p2a: Hatterene
|-damage|p2a: Hatterene|60/100
|
|t:|1760446215
|switch|p1a: Cinderace|Cinderace, M|100/100|[from] U-turn
|move|p2a: Hatterene|Psyshock|p1a: Cinderace
|-damage|p1a: Cinderace|35/100
|
|-weather|Sandstorm|[upkeep]
|-damage|p1a: Cinderace|29/100|[from] Sandstorm
|-damage|p2a: Hatterene|54/100|[from] Sandstorm
|upkeep
|turn|6
|
|t:|1760446221
|move|p1a: Cinderace|Pyro Ball|p2a: Hatterene
|-damage|p2a: Hatterene|10/100
|move|p2a: Hatterene|Psyshock|p1a: Cinderace
|-damage|p1a: Cinderace|0 fnt
|faint|p1a: Cinderace
|
|-weather|none
|upkeep
|
|t:|1760446225
|switch|p1a: Tornadus|Tornadus-Therian, M|37/100
|turn|7
|
|t:|1760446254
|move|p1a: Tornadus|Knock Off|p2a: Hatterene
|-damage|p2a: Hatterene|0 fnt
|faint|p2a: Hatterene
|
|upkeep
|inactive|LordFueg has 120 seconds left.
|
|t:|1760446282
|switch|p2a: Hawlucha|Hawlucha, M|100/100
|-enditem|p2a: Hawlucha|Psychic Seed
|-boost|p2a: Hawlucha|spd|1|[from] item: Psychic Seed
|turn|8
|
|t:|1760446286
|switch|p1a: Primarina|Primarina, M|100/100
|move|p2a: Hawlucha|Acrobatics|p1a: Primarina
|-damage|p1a: Primarina|57/100
|
|-heal|p1a: Primarina|63/100|[from] item: Leftovers
|-fieldend|move: Psychic Terrain
|upkeep
|turn|9
|inactive|LordFueg has 120 seconds left.
|
|t:|1760446293
|move|p2a: Hawlucha|Swords Dance|p2a: Hawlucha
|-boost|p2a: Hawlucha|atk|2
|move|p1a: Primarina|Draining Kiss|p2a: Hawlucha
|-supereffective|p2a: Hawlucha
|-damage|p2a: Hawlucha|53/100
|-heal|p1a: Primarina|92/100|[from] drain|[of] p2a: Hawlucha
|
|-heal|p1a: Primarina|98/100|[from] item: Leftovers
|upkeep
|turn|10
|inactive|LordFueg has 120 seconds left.
|
|t:|1760446311
|move|p2a: Hawlucha|Acrobatics|p1a: Primarina
|-damage|p1a: Primarina|18/100
|move|p1a: Primarina|Draining Kiss|p2a: Hawlucha
|-supereffective|p2a: Hawlucha
|-damage|p2a: Hawlucha|7/100
|-heal|p1a: Primarina|46/100|[from] drain|[of] p2a: Hawlucha
|
|-heal|p1a: Primarina|52/100|[from] item: Leftovers
|upkeep
|turn|11
|inactive|LordFueg has 120 seconds left.
|
|t:|1760446319
|-terastallize|p1a: Primarina|Steel
|move|p2a: Hawlucha|Acrobatics|p1a: Primarina
|-resisted|p1a: Primarina
|-crit|p1a: Primarina
|-damage|p1a: Primarina|0 fnt
|faint|p1a: Primarina
|
|upkeep
|-message|sdor16 forfeited.
|
|win|LordFueg
|raw|sdor16's rating: 1533 &rarr; <strong>1516</strong><br />(-17 for losing)
|raw|LordFueg's rating: 1577 &rarr; <strong>1594</strong><br />(+17 for winning)
|l|☆sdor16
|player|p1|
|l|☆LordFueg
|player|p2|
