|j|☆clouddaearth
|j|☆arvends5
|t:|1760330547
|gametype|singles
|player|p1|clouddaearth|265|1167
|player|p2|arvends5|blackbelt|1145
|gen|9
|tier|[Gen 9] OU
|rated|
|rule|HP Percentage Mod: HP is shown in percentages
|rule|Endless Battle Clause: Forcing endless battles is banned
|rule|Species Clause: Limit one of each Pokémon
|rule|OHKO Clause: OHKO moves are banned
|rule|Evasion Items Clause: Evasion items are banned
|rule|Evasion Moves Clause: Evasion moves are banned
|rule|Evasion Abilities Clause: Evasion abilities are banned
|rule|Sleep Moves Clause: Sleep-inducing moves are banned
|clearpoke
|poke|p1|Dragonite, M|
|poke|p1|Weavile, M|
|poke|p1|Gengar, M|
|poke|p1|Azumarill, M|
|poke|p1|Iron Treads|
|poke|p1|Blaziken, M|
|poke|p2|Venusaur, M|
|poke|p2|Ninetales, M|
|poke|p2|Clefable, F|
|poke|p2|Tentacruel, M|
|poke|p2|Ditto|
|poke|p2|Haxorus, M|
|teampreview
|
|t:|1760330561
|teamsize|p1|6
|teamsize|p2|6
|start
|switch|p1a: Weavile|Weavile, M|100/100
|switch|p2a: Ninetales|Ninetales, M|100/100
|-weather|SunnyDay|[from] ability: Drought|[of] p2a: Ninetales
|turn|1
|
|t:|1760330567
|move|p1a: Weavile|Knock Off|p2a: Ninetales
|-damage|p2a: Ninetales|27/100
|-enditem|p2a: Ninetales|Heat Rock|[from] move: Knock Off|[of] p1a: Weavile
|move|p2a: Ninetales|Will-O-Wisp|p1a: Weavile
|-status|p1a: Weavile|brn
|
|-weather|SunnyDay|[upkeep]
|-damage|p1a: Weavile|94/100 brn|[from] brn
|upkeep
|turn|2
|
|t:|1760330576
|move|p1a: Weavile|Knock Off|p2a: Ninetales
|-damage|p2a: Ninetales|4/100
|move|p2a: Ninetales|Flamethrower|p1a: Weavile
|-supereffective|p1a: Weavile
|-damage|p1a: Weavile|0 fnt
|faint|p1a: Weavile
|
|-weather|SunnyDay|[upkeep]
|upkeep
|
|t:|1760330580
|switch|p1a: Iron Treads|Iron Treads|100/100
|-enditem|p1a: Iron Treads|Booster Energy
|-activate|p1a: Iron Treads|ability: Quark Drive|[fromitem]
|-start|p1a: Iron Treads|quarkdrivespe
|turn|3
|
|t:|1760330591
|move|p1a: Iron Treads|Rapid Spin|p2a: Ninetales
|-damage|p2a: Ninetales|0 fnt
|-boost|p1a: Iron Treads|spe|1
|faint|p2a: Ninetales
|
|-weather|SunnyDay|[upkeep]
|upkeep
|
|t:|1760330599
|switch|p2a: Haxorus|Haxorus, M|100/100
|-ability|p2a: Haxorus|Mold Breaker
|turn|4
|
|t:|1760330604
|-terastallize|p1a: Iron Treads|Ground
|move|p1a: Iron Treads|Earthquake|p2a: Haxorus
|-damage|p2a: Haxorus|20/100
|move|p2a: Haxorus|Earthquake|p1a: Iron Treads
|-damage|p1a: Iron Treads|41/100
|
|-weather|SunnyDay|[upkeep]
|upkeep
|turn|5
|
|t:|1760330614
|switch|p2a: Clefable|Clefable, F|100/100
|move|p1a: Iron Treads|Earthquake|p2a: Clefable
|-damage|p2a: Clefable|50/100
|
|-weather|SunnyDay|[upkeep]
|upkeep
|turn|6
|
|t:|1760330621
|move|p1a: Iron Treads|Earthquake|p2a: Clefable
|-damage|p2a: Clefable|2/100
|move|p2a: Clefable|Calm Mind|p2a: Clefable
|-boost|p2a: Clefable|spa|1
|-boost|p2a: Clefable|spd|1
|
|-weather|SunnyDay|[upkeep]
|upkeep
|turn|7
|
|t:|1760330624
|move|p1a: Iron Treads|Rapid Spin|p2a: Clefable
|-damage|p2a: Clefable|0 fnt
|-boost|p1a: Iron Treads|spe|1
|faint|p2a: Clefable
|
|-weather|SunnyDay|[upkeep]
|upkeep
|
|t:|1760330628
|switch|p2a: Haxorus|Haxorus, M|20/100
|-ability|p2a: Haxorus|Mold Breaker
|turn|8
|
|t:|1760330632
|move|p2a: Haxorus|First Impression|p1a: Iron Treads
|-damage|p1a: Iron Treads|0 fnt
|faint|p1a: Iron Treads
|-end|p1a: Iron Treads|Quark Drive|[silent]
|
|-weather|none
|upkeep
|
|t:|1760330638
|switch|p1a: Gengar|Gengar, M|100/100
|turn|9
|
|t:|1760330643
|switch|p2a: Tentacruel|Tentacruel, M|100/100
|move|p1a: Gengar|Shadow Ball|p2a: Tentacruel
|-damage|p2a: Tentacruel|77/100
|-unboost|p2a: Tentacruel|spd|1
|
|-heal|p2a: Tentacruel|83/100|[from] item: Black Sludge
|upkeep
|turn|10
|
|t:|1760330654
|switch|p1a: Dragonite|Dragonite, M|100/100
|move|p2a: Tentacruel|Mirror Coat||[still]
|-fail|p2a: Tentacruel
|
|-heal|p2a: Tentacruel|89/100|[from] item: Black Sludge
|upkeep
|turn|11
|
|t:|1760330659
|move|p1a: Dragonite|Dragon Dance|p1a: Dragonite
|-boost|p1a: Dragonite|atk|1
|-boost|p1a: Dragonite|spe|1
|move|p2a: Tentacruel|Toxic|p1a: Dragonite
|-status|p1a: Dragonite|tox
|-enditem|p1a: Dragonite|Lum Berry|[eat]
|-curestatus|p1a: Dragonite|tox|[msg]
|
|-heal|p2a: Tentacruel|95/100|[from] item: Black Sludge
|upkeep
|turn|12
|
|t:|1760330669
|move|p1a: Dragonite|Earthquake|p2a: Tentacruel
|-supereffective|p2a: Tentacruel
|-crit|p2a: Tentacruel
|-damage|p2a: Tentacruel|0 fnt
|faint|p2a: Tentacruel
|
|upkeep
|
|t:|1760330675
|switch|p2a: Haxorus|Haxorus, M|20/100
|-ability|p2a: Haxorus|Mold Breaker
|turn|13
|
|t:|1760330679
|move|p1a: Dragonite|Extreme Speed|p2a: Haxorus
|-damage|p2a: Haxorus|0 fnt
|faint|p2a: Haxorus
|
|upkeep
|
|t:|1760330684
|switch|p2a: Ditto|Ditto|100/100
|-transform|p2a: Ditto|p1a: Dragonite|[from] ability: Imposter
|turn|14
|
|t:|1760330690
|switch|p1a: Gengar|Gengar, M|100/100
|-terastallize|p2a: Ditto|Normal
|move|p2a: Ditto|Extreme Speed|p1a: Gengar
|-immune|p1a: Gengar
|
|upkeep
|turn|15
|
|t:|1760330699
|switch|p2a: Venusaur|Venusaur, M|100/100
|move|p1a: Gengar|Sludge Bomb|p2a: Venusaur
|-damage|p2a: Venusaur|44/100
|
|upkeep
|turn|16
|-message|arvends5 forfeited.
|
|win|clouddaearth
|raw|clouddaearth's rating: 1188 &rarr; <strong>1210</strong><br />(+22 for winning)
|raw|arvends5's rating: 1145 &rarr; <strong>1123</strong><br />(-22 for losing)
|l|☆arvends5
|player|p2|
|l|☆clouddaearth
|player|p1|
