|j|☆koudaimiZo
|j|☆Lotadfan22
|t:|1760363744
|gametype|singles
|player|p1|koudaimiZo|brendan|1238
|player|p2|Lotadfan22|blaine|1152
|gen|9
|tier|[Gen 9] OU
|rated|
|rule|HP Percentage Mod: HP is shown in percentages
|rule|Endless Battle Clause: Forcing endless battles is banned
|rule|Species Clause: Limit one of each Pokémon
|rule|OHKO Clause: OHKO moves are banned
|rule|Evasion Items Clause: Evasion items are banned
|rule|Evasion Moves Clause: Evasion moves are banned
|rule|Evasion Abilities Clause: Evasion abilities are banned
|rule|Sleep Moves Clause: Sleep-inducing moves are banned
|clearpoke
|poke|p1|Zoroark, F|
|poke|p1|Chandelure, F|
|poke|p1|Kingambit, M|
|poke|p1|Sylveon, F|
|poke|p1|Rhydon, M|
|poke|p1|Conkeldurr, M|
|poke|p2|Zapdos|
|poke|p2|Arcanine-Hisui, M|
|poke|p2|Slowking-Galar, F|
|poke|p2|Ogerpon-Wellspring, F|
|poke|p2|Corviknight, M|
|poke|p2|Darkrai|
|teampreview
|inactive|Battle timer is ON: inactive players will automatically lose when time's up. (requested by koudaimiZo)
|inactive|Lotadfan22 has 120 seconds left.
|
|t:|1760363801
|teamsize|p1|6
|teamsize|p2|6
|start
|switch|p1a: Kingambit|Kingambit, M|100/100
|switch|p2a: Ogerpon|Ogerpon-Wellspring, F|100/100
|turn|1
|inactive|Lotadfan22 has 120 seconds left.
|
|t:|1760363846
|switch|p2a: Corviknight|Corviknight, M|100/100
|-ability|p2a: Corviknight|Pressure
|move|p1a: Kingambit|Sludge Bomb|p2a: Corviknight
|-immune|p2a: Corviknight
|
|upkeep
|turn|2
|
|t:|1760363856
|switch|p1a: Chandelure|Chandelure, F|100/100
|move|p2a: Corviknight|Brave Bird|p1a: Chandelure
|-damage|p1a: Chandelure|55/100
|-damage|p2a: Corviknight|90/100|[from] Recoil
|
|upkeep
|turn|3
|
|t:|1760363866
|switch|p2a: Arcanine|Arcanine-Hisui, M|100/100
|move|p1a: Chandelure|Trick Room|p1a: Chandelure
|-fieldstart|move: Trick Room|[of] p1a: Chandelure
|
|upkeep
|turn|4
|inactive|Lotadfan22 has 120 seconds left.
|
|t:|1760363881
|switch|p1a: Rhydon|Rhydon, M|100/100
|move|p2a: Arcanine|Close Combat|p1a: Rhydon
|-supereffective|p1a: Rhydon
|-damage|p1a: Rhydon|65/100
|-unboost|p2a: Arcanine|def|1
|-unboost|p2a: Arcanine|spd|1
|
|upkeep
|turn|5
|
|t:|1760363897
|switch|p2a: Corviknight|Corviknight, M|90/100
|-ability|p2a: Corviknight|Pressure
|move|p1a: Rhydon|Swords Dance|p1a: Rhydon
|-boost|p1a: Rhydon|atk|2
|
|upkeep
|turn|6
|
|t:|1760363905
|move|p1a: Rhydon|Rock Slide|p2a: Corviknight
|-damage|p2a: Corviknight|20/100
|cant|p2a: Corviknight|flinch
|
|upkeep
|turn|7
|inactive|Lotadfan22 has 120 seconds left.
|
|t:|1760363940
|move|p1a: Rhydon|Rock Slide|p2a: Corviknight
|-damage|p2a: Corviknight|0 fnt
|faint|p2a: Corviknight
|
|-fieldend|move: Trick Room
|upkeep
|
|t:|1760363945
|switch|p2a: Ogerpon|Ogerpon-Wellspring, F|100/100
|turn|8
|
|t:|1760363950
|-terastallize|p1a: Rhydon|Poison
|move|p2a: Ogerpon|Ivy Cudgel|p1a: Rhydon|[anim] Ivy Cudgel Water
|-damage|p1a: Rhydon|36/100
|move|p1a: Rhydon|Megahorn|p2a: Ogerpon
|-supereffective|p2a: Ogerpon
|-damage|p2a: Ogerpon|0 fnt
|faint|p2a: Ogerpon
|
|upkeep
|inactive|Lotadfan22 has 120 seconds left.
|
|t:|1760363961
|switch|p2a: Darkrai|Darkrai|100/100
|turn|9
|
|t:|1760363968
|move|p2a: Darkrai|Dark Pulse|p1a: Rhydon
|-damage|p1a: Rhydon|0 fnt
|faint|p1a: Rhydon
|
|upkeep
|
|t:|1760363977
|switch|p1a: Conkeldurr|Conkeldurr, M, shiny|100/100
|turn|10
|
|t:|1760363984
|switch|p2a: Zapdos|Zapdos|100/100
|move|p1a: Conkeldurr|Knock Off|p2a: Zapdos
|-damage|p2a: Zapdos|71/100
|-status|p1a: Conkeldurr|par|[from] ability: Static|[of] p2a: Zapdos
|-enditem|p2a: Zapdos|Heavy-Duty Boots|[from] move: Knock Off|[of] p1a: Conkeldurr
|
|upkeep
|turn|11
|
|t:|1760364006
|switch|p1a: Kingambit|Kingambit, M|100/100
|-activate|p1a: Kingambit|ability: Supreme Overlord
|-start|p1a: Kingambit|fallen1|[silent]
|move|p2a: Zapdos|Hurricane|p1a: Kingambit
|-resisted|p1a: Kingambit
|-damage|p1a: Kingambit|78/100
|-start|p1a: Kingambit|confusion
|
|-heal|p1a: Kingambit|84/100|[from] item: Leftovers
|upkeep
|turn|12
|
|t:|1760364021
|move|p2a: Zapdos|Thunder Wave|p1a: Kingambit
|-status|p1a: Kingambit|par
|-activate|p1a: Kingambit|confusion
|-damage|p1a: Kingambit|73/100 par|[from] confusion
|
|-heal|p1a: Kingambit|79/100 par|[from] item: Leftovers
|upkeep
|turn|13
|
|t:|1760364040
|move|p2a: Zapdos|Volt Switch|p1a: Kingambit
|-damage|p1a: Kingambit|50/100 par
|
|t:|1760364044
|switch|p2a: Arcanine|Arcanine-Hisui, M|100/100|[from] Volt Switch
|-activate|p1a: Kingambit|confusion
|-damage|p1a: Kingambit|39/100 par|[from] confusion
|
|-heal|p1a: Kingambit|45/100 par|[from] item: Leftovers
|upkeep
|turn|14
|c|☆koudaimiZo|。。。
|inactive|Lotadfan22 has 120 seconds left.
|inactive|Lotadfan22 has 90 seconds left.
|c|☆koudaimiZo|？
|inactive|Lotadfan22 has 60 seconds left.
|inactive|Lotadfan22 has 30 seconds left.
|inactive|Lotadfan22 has 20 seconds left.
|inactive|Lotadfan22 has 15 seconds left.
|inactive|Lotadfan22 has 10 seconds left.
|inactive|Lotadfan22 has 5 seconds left.
|
|t:|1760364190
|-activate|p1a: Kingambit|confusion
|-damage|p1a: Kingambit|35/100 par|[from] confusion
|move|p2a: Arcanine|Flare Blitz|p1a: Kingambit
|-supereffective|p1a: Kingambit
|-damage|p1a: Kingambit|0 fnt
|faint|p1a: Kingambit
|-end|p1a: Kingambit|fallen1|[silent]
|
|upkeep
|c|☆Lotadfan22|myb
|c|☆Lotadfan22|im playing clash royale on the side
|inactive|koudaimiZo has 120 seconds left.
|
|t:|1760364219
|switch|p1a: Sylveon|Sylveon, F, shiny|100/100
|turn|15
|inactive|Lotadfan22 has 20 seconds left this turn.
|c|☆koudaimiZo|？
|inactive|koudaimiZo has 120 seconds left.
|inactive|Lotadfan22 has 15 seconds left.
|inactive|Lotadfan22 has 10 seconds left.
|
|t:|1760364235
|switch|p2a: Slowking|Slowking-Galar, F|100/100
|move|p1a: Sylveon|Hyper Voice|p2a: Slowking
|-resisted|p2a: Slowking
|-damage|p2a: Slowking|84/100
|-enditem|p1a: Sylveon|Throat Spray
|-boost|p1a: Sylveon|spa|1|[from] item: Throat Spray
|
|upkeep
|turn|16
|inactive|Lotadfan22 has 20 seconds left this turn.
|inactive|Lotadfan22 has 15 seconds left.
|
|t:|1760364243
|move|p1a: Sylveon|Psychic|p2a: Slowking
|-damage|p2a: Slowking|58/100
|move|p2a: Slowking|Thunder Wave|p1a: Sylveon
|-status|p1a: Sylveon|par
|
|upkeep
|turn|17
|inactive|Lotadfan22 has 25 seconds left this turn.
|inactive|koudaimiZo has 120 seconds left.
|inactive|Lotadfan22 has 20 seconds left.
|l|☆koudaimiZo
|inactive|koudaimiZo disconnected and has a minute to reconnect!
|player|p1|
|j|☆koudaimiZo
|inactive|koudaimiZo reconnected and has 85 seconds left.
|player|p1|koudaimiZo|brendan|
|
|t:|1760364295
|move|p1a: Sylveon|Psychic|p2a: Slowking
|-damage|p2a: Slowking|29/100
|move|p2a: Slowking|Future Sight|p1a: Sylveon
|-start|p2a: Slowking|move: Future Sight
|
|upkeep
|turn|18
|inactive|Lotadfan22 has 30 seconds left this turn.
|
|t:|1760364304
|cant|p1a: Sylveon|par
|move|p2a: Slowking|Sludge Bomb|p1a: Sylveon
|-supereffective|p1a: Sylveon
|-damage|p1a: Sylveon|56/100 par
|
|upkeep
|turn|19
|inactive|Lotadfan22 has 30 seconds left.
|
|t:|1760364311
|move|p1a: Sylveon|Psychic|p2a: Slowking
|-damage|p2a: Slowking|2/100
|-prepare|p2a: Slowking|Chilly Reception|[premajor]
|move|p2a: Slowking|Chilly Reception|p2a: Slowking
|-weather|Snowscape
|inactive|Lotadfan22 has 30 seconds left.
|
|t:|1760364317
|switch|p2a: Darkrai|Darkrai|100/100|[from] Chilly Reception
|
|-weather|Snowscape|[upkeep]
|-end|p1a: Sylveon|move: Future Sight
|-damage|p1a: Sylveon|24/100 par
|upkeep
|turn|20
|
|t:|1760364327
|move|p2a: Darkrai|Sludge Bomb|p1a: Sylveon
|-supereffective|p1a: Sylveon
|-damage|p1a: Sylveon|0 fnt
|faint|p1a: Sylveon
|
|-weather|Snowscape|[upkeep]
|upkeep
|-message|koudaimiZo forfeited.
|
|win|Lotadfan22
|raw|koudaimiZo's rating: 1238 &rarr; <strong>1207</strong><br />(-31 for losing)
|raw|Lotadfan22's rating: 1152 &rarr; <strong>1183</strong><br />(+31 for winning)
|l|☆koudaimiZo
|player|p1|
