|j|☆JyroSSJ
|j|☆rinnilune
|t:|1760381696
|gametype|singles
|player|p1|JyroSSJ|1|1124
|player|p2|rinnilune|pokemonrangerf|1163
|gen|9
|tier|[Gen 9] OU
|rated|
|rule|HP Percentage Mod: HP is shown in percentages
|rule|Endless Battle Clause: Forcing endless battles is banned
|rule|Species Clause: Limit one of each Pokémon
|rule|OHKO Clause: OHKO moves are banned
|rule|Evasion Items Clause: Evasion items are banned
|rule|Evasion Moves Clause: Evasion moves are banned
|rule|Evasion Abilities Clause: Evasion abilities are banned
|rule|Sleep Moves Clause: Sleep-inducing moves are banned
|clearpoke
|poke|p1|Kingambit, F|
|poke|p1|Great Tusk|
|poke|p1|Skeledirge, F|
|poke|p1|Dragapult, F|
|poke|p1|Meowscarada, F|
|poke|p1|Toxapex, F|
|poke|p2|Deoxys-Speed|
|poke|p2|Ribombee, M|
|poke|p2|Gholdengo|
|poke|p2|Keldeo-Resolute|
|poke|p2|Iron Leaves|
|poke|p2|Scizor, F|
|teampreview
|inactive|Battle timer is ON: inactive players will automatically lose when time's up. (requested by JyroSSJ)
|
|t:|1760381714
|teamsize|p1|6
|teamsize|p2|6
|start
|switch|p1a: Meowscarada|Meowscarada, F|100/100
|switch|p2a: Deoxys|Deoxys-Speed|100/100
|-ability|p2a: Deoxys|Pressure
|turn|1
|
|t:|1760381732
|switch|p2a: Scizor|Scizor, F|100/100
|move|p1a: Meowscarada|Knock Off|p2a: Scizor
|-start|p1a: Meowscarada|typechange|Dark|[from] ability: Protean
|-damage|p2a: Scizor|56/100
|-enditem|p2a: Scizor|Choice Band|[from] move: Knock Off|[of] p1a: Meowscarada
|
|upkeep
|turn|2
|
|t:|1760381740
|move|p1a: Meowscarada|Spikes|p2a: Scizor
|-sidestart|p2: rinnilune|Spikes
|move|p2a: Scizor|U-turn|p1a: Meowscarada
|-supereffective|p1a: Meowscarada
|-enditem|p1a: Meowscarada|Focus Sash
|-damage|p1a: Meowscarada|1/100
|
|t:|1760381746
|switch|p2a: Ribombee|Ribombee, M, shiny|100/100|[from] U-turn
|
|upkeep
|turn|3
|
|t:|1760381759
|move|p1a: Meowscarada|U-turn|p2a: Ribombee
|-resisted|p2a: Ribombee
|-damage|p2a: Ribombee|80/100
|
|t:|1760381775
|switch|p1a: Toxapex|Toxapex, F|100/100|[from] U-turn
|move|p2a: Ribombee|Sticky Web|p1a: Toxapex
|-sidestart|p1: JyroSSJ|move: Sticky Web
|
|upkeep
|turn|4
|
|t:|1760381781
|move|p2a: Ribombee|Stun Spore|p1a: Toxapex
|-status|p1a: Toxapex|par
|move|p1a: Toxapex|Toxic|p2a: Ribombee
|-status|p2a: Ribombee|tox
|
|-damage|p2a: Ribombee|74/100 tox|[from] psn
|upkeep
|turn|5
|
|t:|1760381796
|switch|p2a: Gholdengo|Gholdengo|100/100
|-item|p2a: Gholdengo|Air Balloon
|switch|p1a: Meowscarada|Meowscarada, F|1/100
|-activate|p1a: Meowscarada|move: Sticky Web
|-unboost|p1a: Meowscarada|spe|1
|
|upkeep
|turn|6
|
|t:|1760381806
|move|p2a: Gholdengo|Shadow Ball|p1a: Meowscarada
|-resisted|p1a: Meowscarada
|-damage|p1a: Meowscarada|0 fnt
|faint|p1a: Meowscarada
|
|upkeep
|
|t:|1760381816
|switch|p1a: Dragapult|Dragapult, F|100/100
|-activate|p1a: Dragapult|move: Sticky Web
|-unboost|p1a: Dragapult|spe|1
|turn|7
|
|t:|1760381825
|-terastallize|p1a: Dragapult|Fairy
|move|p1a: Dragapult|Shadow Ball|p2a: Gholdengo
|-supereffective|p2a: Gholdengo
|-damage|p2a: Gholdengo|0 fnt
|-enditem|p2a: Gholdengo|Air Balloon
|faint|p2a: Gholdengo
|
|upkeep
|
|t:|1760381841
|switch|p2a: Deoxys|Deoxys-Speed|100/100
|-damage|p2a: Deoxys|88/100|[from] Spikes
|-ability|p2a: Deoxys|Pressure
|turn|8
|
|t:|1760381857
|switch|p1a: Toxapex|Toxapex, F|100/100 par
|-activate|p1a: Toxapex|move: Sticky Web
|-unboost|p1a: Toxapex|spe|1
|move|p2a: Deoxys|Psycho Boost|p1a: Toxapex
|-supereffective|p1a: Toxapex
|-damage|p1a: Toxapex|0 fnt
|-unboost|p2a: Deoxys|spa|2
|faint|p1a: Toxapex
|-damage|p2a: Deoxys|78/100|[from] item: Life Orb
|
|upkeep
|
|t:|1760381875
|switch|p1a: Great Tusk|Great Tusk|100/100
|-activate|p1a: Great Tusk|move: Sticky Web
|-unboost|p1a: Great Tusk|spe|1
|turn|9
|
|t:|1760381880
|move|p2a: Deoxys|Psycho Boost|p1a: Great Tusk|[miss]
|-miss|p2a: Deoxys|p1a: Great Tusk
|move|p1a: Great Tusk|Rapid Spin|p2a: Deoxys
|-damage|p2a: Deoxys|53/100
|-boost|p1a: Great Tusk|spe|1
|-sideend|p1: JyroSSJ|Sticky Web|[from] move: Rapid Spin|[of] p1a: Great Tusk
|
|upkeep
|turn|10
|
|t:|1760381895
|move|p2a: Deoxys|Psycho Boost|p1a: Great Tusk|[miss]
|-miss|p2a: Deoxys|p1a: Great Tusk
|move|p1a: Great Tusk|Stealth Rock|p2a: Deoxys
|-sidestart|p2: rinnilune|move: Stealth Rock
|
|upkeep
|turn|11
|
|t:|1760381903
|move|p2a: Deoxys|Psycho Boost|p1a: Great Tusk
|-supereffective|p1a: Great Tusk
|-damage|p1a: Great Tusk|0 fnt
|-unboost|p2a: Deoxys|spa|2
|faint|p1a: Great Tusk
|-end|p1a: Great Tusk|Protosynthesis|[silent]
|-damage|p2a: Deoxys|43/100|[from] item: Life Orb
|
|upkeep
|
|t:|1760381907
|switch|p1a: Dragapult|Dragapult, F, tera:Fairy|100/100
|turn|12
|
|t:|1760381920
|move|p2a: Deoxys|Stealth Rock|p1a: Dragapult
|-sidestart|p1: JyroSSJ|move: Stealth Rock
|move|p1a: Dragapult|Shadow Ball|p2a: Deoxys
|-supereffective|p2a: Deoxys
|-damage|p2a: Deoxys|0 fnt
|faint|p2a: Deoxys
|
|upkeep
|
|t:|1760381937
|switch|p2a: Scizor|Scizor, F|56/100
|-damage|p2a: Scizor|44/100|[from] Spikes
|-damage|p2a: Scizor|31/100|[from] Stealth Rock
|turn|13
|
|t:|1760381943
|move|p2a: Scizor|Bullet Punch|p1a: Dragapult
|-supereffective|p1a: Dragapult
|-damage|p1a: Dragapult|13/100
|move|p1a: Dragapult|Shadow Ball|p2a: Scizor
|-damage|p2a: Scizor|0 fnt
|faint|p2a: Scizor
|
|upkeep
|
|t:|1760381954
|switch|p2a: Keldeo|Keldeo-Resolute|100/100
|-damage|p2a: Keldeo|88/100|[from] Spikes
|-damage|p2a: Keldeo|82/100|[from] Stealth Rock
|turn|14
|
|t:|1760381968
|move|p1a: Dragapult|Shadow Ball|p2a: Keldeo
|-damage|p2a: Keldeo|17/100
|-unboost|p2a: Keldeo|spd|1
|move|p2a: Keldeo|Calm Mind|p2a: Keldeo
|-boost|p2a: Keldeo|spa|1
|-boost|p2a: Keldeo|spd|1
|
|-heal|p2a: Keldeo|23/100|[from] item: Leftovers
|upkeep
|turn|15
|
|t:|1760381976
|move|p2a: Keldeo|Vacuum Wave|p1a: Dragapult
|-resisted|p1a: Dragapult
|-damage|p1a: Dragapult|0 fnt
|faint|p1a: Dragapult
|
|-heal|p2a: Keldeo|29/100|[from] item: Leftovers
|upkeep
|
|t:|1760381979
|switch|p1a: Skeledirge|Skeledirge, F|100/100
|turn|16
|
|t:|1760381996
|switch|p2a: Ribombee|Ribombee, M, shiny|74/100 tox
|move|p1a: Skeledirge|Torch Song|p2a: Ribombee
|-supereffective|p2a: Ribombee
|-damage|p2a: Ribombee|0 fnt
|-boost|p1a: Skeledirge|spa|1
|faint|p2a: Ribombee
|
|upkeep
|
|t:|1760382004
|switch|p2a: Iron Leaves|Iron Leaves|100/100
|-damage|p2a: Iron Leaves|88/100|[from] Spikes
|-damage|p2a: Iron Leaves|76/100|[from] Stealth Rock
|-enditem|p2a: Iron Leaves|Booster Energy
|-activate|p2a: Iron Leaves|ability: Quark Drive|[fromitem]
|-start|p2a: Iron Leaves|quarkdriveatk
|turn|17
|inactive|rinnilune has 120 seconds left.
|
|t:|1760382041
|-terastallize|p2a: Iron Leaves|Dark
|move|p2a: Iron Leaves|Psyblade|p1a: Skeledirge
|-damage|p1a: Skeledirge|63/100
|move|p1a: Skeledirge|Torch Song|p2a: Iron Leaves
|-damage|p2a: Iron Leaves|31/100
|-boost|p1a: Skeledirge|spa|1
|
|upkeep
|turn|18
|
|t:|1760382057
|move|p2a: Iron Leaves|Psyblade|p1a: Skeledirge
|-damage|p1a: Skeledirge|29/100
|move|p1a: Skeledirge|Torch Song|p2a: Iron Leaves
|-damage|p2a: Iron Leaves|0 fnt
|-boost|p1a: Skeledirge|spa|1
|faint|p2a: Iron Leaves
|-end|p2a: Iron Leaves|Quark Drive|[silent]
|
|upkeep
|
|t:|1760382065
|switch|p2a: Keldeo|Keldeo-Resolute|29/100
|-damage|p2a: Keldeo|17/100|[from] Spikes
|-damage|p2a: Keldeo|11/100|[from] Stealth Rock
|turn|19
|
|t:|1760382081
|move|p2a: Keldeo|Hydro Pump|p1a: Skeledirge
|-supereffective|p1a: Skeledirge
|-damage|p1a: Skeledirge|0 fnt
|faint|p1a: Skeledirge
|
|-heal|p2a: Keldeo|17/100|[from] item: Leftovers
|upkeep
|
|t:|1760382083
|switch|p1a: Kingambit|Kingambit, F|100/100
|-damage|p1a: Kingambit|94/100|[from] Stealth Rock
|-activate|p1a: Kingambit|ability: Supreme Overlord
|-start|p1a: Kingambit|fallen5|[silent]
|turn|20
|
|t:|1760382093
|move|p1a: Kingambit|Sucker Punch||[still]
|-fail|p1a: Kingambit
|move|p2a: Keldeo|Calm Mind|p2a: Keldeo
|-boost|p2a: Keldeo|spa|1
|-boost|p2a: Keldeo|spd|1
|
|-heal|p2a: Keldeo|23/100|[from] item: Leftovers
|upkeep
|turn|21
|
|t:|1760382101
|move|p2a: Keldeo|Vacuum Wave|p1a: Kingambit
|-supereffective|p1a: Kingambit
|-crit|p1a: Kingambit
|-damage|p1a: Kingambit|0 fnt
|faint|p1a: Kingambit
|-end|p1a: Kingambit|fallen5|[silent]
|
|win|rinnilune
|raw|JyroSSJ's rating: 1124 &rarr; <strong>1102</strong><br />(-22 for losing)
|raw|rinnilune's rating: 1163 &rarr; <strong>1185</strong><br />(+22 for winning)
|l|☆JyroSSJ
|player|p1|
