|j|☆Fucomix
|j|☆Buttsnow
|t:|1760336712
|gametype|singles
|player|p1|Fucomix|veteran|1086
|player|p2|Buttsnow|102|1058
|gen|9
|tier|[Gen 9] OU
|rated|
|rule|HP Percentage Mod: HP is shown in percentages
|rule|Endless Battle Clause: Forcing endless battles is banned
|rule|Species Clause: Limit one of each Pokémon
|rule|OHKO Clause: OHKO moves are banned
|rule|Evasion Items Clause: Evasion items are banned
|rule|Evasion Moves Clause: Evasion moves are banned
|rule|Evasion Abilities Clause: Evasion abilities are banned
|rule|Sleep Moves Clause: Sleep-inducing moves are banned
|clearpoke
|poke|p1|Mightyena, F|
|poke|p1|Masquerain, F|
|poke|p1|Forretress, M|
|poke|p1|Quagsire, M|
|poke|p1|Feraligatr, F|
|poke|p1|Muk, F|
|poke|p2|Iron Valiant|
|poke|p2|Cloyster, M|
|poke|p2|Dragonite, M|
|poke|p2|Blaziken, M|
|poke|p2|Latios, M|
|poke|p2|Metagross|
|teampreview
|inactive|Battle timer is ON: inactive players will automatically lose when time's up. (requested by Buttsnow)
|
|t:|1760336773
|teamsize|p1|6
|teamsize|p2|6
|start
|switch|p1a: Forretress|Forretress, M|100/100
|switch|p2a: Metagross|Metagross, shiny|100/100
|turn|1
|
|t:|1760336781
|move|p2a: Metagross|Earthquake|p1a: Forretress
|-damage|p1a: Forretress|71/100
|move|p1a: Forretress|Stealth Rock|p2a: Metagross
|-sidestart|p2: Buttsnow|move: Stealth Rock
|
|upkeep
|turn|2
|
|t:|1760336788
|move|p2a: Metagross|Earthquake|p1a: Forretress
|-damage|p1a: Forretress|45/100
|move|p1a: Forretress|Toxic Spikes|p2a: Metagross
|-sidestart|p2: Buttsnow|move: Toxic Spikes
|
|upkeep
|turn|3
|
|t:|1760336793
|move|p2a: Metagross|Earthquake|p1a: Forretress
|-damage|p1a: Forretress|19/100
|move|p1a: Forretress|Toxic Spikes|p2a: Metagross
|-sidestart|p2: Buttsnow|move: Toxic Spikes
|
|upkeep
|turn|4
|
|t:|1760336801
|move|p2a: Metagross|Earthquake|p1a: Forretress
|-damage|p1a: Forretress|0 fnt
|faint|p1a: Forretress
|
|upkeep
|
|t:|1760336812
|switch|p1a: Masquerain|Masquerain, F|100/100
|-ability|p1a: Masquerain|Intimidate|boost
|-fail|p2a: Metagross|unboost|[from] ability: Clear Body|[of] p2a: Metagross
|turn|5
|
|t:|1760336821
|move|p2a: Metagross|Bullet Punch|p1a: Masquerain
|-damage|p1a: Masquerain|66/100
|-damage|p2a: Metagross|84/100|[from] item: Rocky Helmet|[of] p1a: Masquerain
|move|p1a: Masquerain|Tailwind|p1a: Masquerain
|-sidestart|p1: Fucomix|move: Tailwind
|
|upkeep
|turn|6
|
|t:|1760336827
|move|p2a: Metagross|Bullet Punch|p1a: Masquerain
|-damage|p1a: Masquerain|30/100
|-damage|p2a: Metagross|68/100|[from] item: Rocky Helmet|[of] p1a: Masquerain
|move|p1a: Masquerain|Sticky Web|p2a: Metagross
|-sidestart|p2: Buttsnow|move: Sticky Web
|
|upkeep
|turn|7
|
|t:|1760336833
|move|p2a: Metagross|Bullet Punch|p1a: Masquerain
|-damage|p1a: Masquerain|0 fnt
|-damage|p2a: Metagross|51/100|[from] item: Rocky Helmet|[of] p1a: Masquerain
|faint|p1a: Masquerain
|
|upkeep
|
|t:|1760336839
|switch|p1a: Mightyena|Mightyena, F|100/100
|turn|8
|
|t:|1760336843
|-terastallize|p1a: Mightyena|Dark
|move|p1a: Mightyena|Crunch|p2a: Metagross
|-supereffective|p2a: Metagross
|-crit|p2a: Metagross
|-damage|p2a: Metagross|0 fnt
|-damage|p1a: Mightyena|84/100|[from] item: Rocky Helmet|[of] p2a: Metagross
|faint|p2a: Metagross
|-ability|p1a: Mightyena|Moxie|boost
|-boost|p1a: Mightyena|atk|1
|-damage|p1a: Mightyena|74/100|[from] item: Life Orb
|
|-sideend|p1: Fucomix|move: Tailwind
|upkeep
|
|t:|1760336868
|switch|p2a: Latios|Latios, M, shiny|100/100
|-damage|p2a: Latios|88/100|[from] Stealth Rock
|turn|9
|
|t:|1760336879
|move|p2a: Latios|Aura Sphere|p1a: Mightyena
|-supereffective|p1a: Mightyena
|-damage|p1a: Mightyena|0 fnt
|faint|p1a: Mightyena
|
|upkeep
|
|t:|1760336886
|switch|p1a: Quagsire|Quagsire, M|100/100
|turn|10
|
|t:|1760336891
|move|p2a: Latios|Luster Purge|p1a: Quagsire
|-damage|p1a: Quagsire|52/100
|-unboost|p1a: Quagsire|spd|1
|move|p1a: Quagsire|Amnesia|p1a: Quagsire
|-boost|p1a: Quagsire|spd|2
|
|-heal|p1a: Quagsire|58/100|[from] item: Leftovers
|upkeep
|turn|11
|
|t:|1760336901
|move|p2a: Latios|Luster Purge|p1a: Quagsire
|-damage|p1a: Quagsire|25/100
|move|p1a: Quagsire|Recover|p1a: Quagsire
|-heal|p1a: Quagsire|75/100
|
|-heal|p1a: Quagsire|81/100|[from] item: Leftovers
|upkeep
|turn|12
|
|t:|1760336918
|move|p2a: Latios|Luster Purge|p1a: Quagsire
|-damage|p1a: Quagsire|48/100
|move|p1a: Quagsire|Amnesia|p1a: Quagsire
|-boost|p1a: Quagsire|spd|2
|
|-heal|p1a: Quagsire|54/100|[from] item: Leftovers
|upkeep
|turn|13
|
|t:|1760336926
|move|p2a: Latios|Luster Purge|p1a: Quagsire
|-damage|p1a: Quagsire|32/100
|-unboost|p1a: Quagsire|spd|1
|move|p1a: Quagsire|Recover|p1a: Quagsire
|-heal|p1a: Quagsire|82/100
|
|-heal|p1a: Quagsire|88/100|[from] item: Leftovers
|upkeep
|turn|14
|
|t:|1760336934
|move|p2a: Latios|Luster Purge|p1a: Quagsire
|-damage|p1a: Quagsire|61/100
|-unboost|p1a: Quagsire|spd|1
|move|p1a: Quagsire|Amnesia|p1a: Quagsire
|-boost|p1a: Quagsire|spd|2
|
|-heal|p1a: Quagsire|67/100|[from] item: Leftovers
|upkeep
|turn|15
|
|t:|1760336944
|move|p2a: Latios|Luster Purge|p1a: Quagsire
|-crit|p1a: Quagsire
|-damage|p1a: Quagsire|0 fnt
|faint|p1a: Quagsire
|
|upkeep
|-message|Fucomix forfeited.
|
|win|Buttsnow
|raw|Fucomix's rating: 1086 &rarr; <strong>1061</strong><br />(-25 for losing)
|raw|Buttsnow's rating: 1058 &rarr; <strong>1092</strong><br />(+34 for winning)
|l|☆Fucomix
|player|p1|
|l|☆Buttsnow
|player|p2|
