|j|☆Kaleor
|j|☆great_expectations
|t:|1760429290
|gametype|singles
|player|p1|Kaleor|swimmer-gen4dp|1605
|player|p2|great_expectations|sonia|1630
|gen|9
|tier|[Gen 9] OU
|rated|
|rule|HP Percentage Mod: HP is shown in percentages
|rule|Endless Battle Clause: Forcing endless battles is banned
|rule|Species Clause: Limit one of each Pokémon
|rule|OHKO Clause: OHKO moves are banned
|rule|Evasion Items Clause: Evasion items are banned
|rule|Evasion Moves Clause: Evasion moves are banned
|rule|Evasion Abilities Clause: Evasion abilities are banned
|rule|Sleep Moves Clause: Sleep-inducing moves are banned
|clearpoke
|poke|p1|Alomomola, M|
|poke|p1|Great Tusk|
|poke|p1|Slowking-Galar, F|
|poke|p1|Crawdaunt, F|
|poke|p1|Dragapult, F|
|poke|p1|Corviknight, F|
|poke|p2|Corviknight, F|
|poke|p2|Samurott-Hisui, F|
|poke|p2|Latios, M|
|poke|p2|Iron Valiant|
|poke|p2|Clodsire, F|
|poke|p2|Rillaboom, F|
|teampreview
|inactive|Battle timer is ON: inactive players will automatically lose when time's up. (requested by Kaleor)
|
|t:|1760429304
|teamsize|p1|6
|teamsize|p2|6
|start
|switch|p1a: Corviknight|Corviknight, F|100/100
|switch|p2a: Latios|Latios, M|100/100
|-ability|p1a: Corviknight|Pressure
|turn|1
|
|t:|1760429310
|move|p2a: Latios|Trick|p1a: Corviknight
|-activate|p2a: Latios|move: Trick|[of] p1a: Corviknight
|-item|p1a: Corviknight|Choice Specs|[from] move: Trick
|-item|p2a: Latios|Rocky Helmet|[from] move: Trick
|move|p1a: Corviknight|U-turn|p2a: Latios
|-supereffective|p2a: Latios
|-damage|p2a: Latios|63/100
|-damage|p1a: Corviknight|84/100|[from] item: Rocky Helmet|[of] p2a: Latios
|
|t:|1760429319
|switch|p1a: Dragapult|Dragapult, F|100/100|[from] U-turn
|
|upkeep
|turn|2
|
|t:|1760429325
|switch|p2a: Corviknight|Corviknight, F|100/100
|-ability|p2a: Corviknight|Pressure
|move|p1a: Dragapult|Shadow Ball|p2a: Corviknight
|-damage|p2a: Corviknight|48/100
|
|-heal|p2a: Corviknight|55/100|[from] item: Leftovers
|upkeep
|turn|3
|
|t:|1760429327
|switch|p2a: Clodsire|Clodsire, F|100/100
|-terastallize|p1a: Dragapult|Ghost
|move|p1a: Dragapult|Shadow Ball|p2a: Clodsire
|-damage|p2a: Clodsire|66/100
|-unboost|p2a: Clodsire|spd|1
|
|-heal|p2a: Clodsire|73/100|[from] item: Black Sludge
|upkeep
|turn|4
|
|t:|1760429338
|switch|p2a: Samurott|Samurott-Hisui, F|100/100
|move|p1a: Dragapult|Shadow Ball|p2a: Samurott
|-resisted|p2a: Samurott
|-damage|p2a: Samurott|45/100
|
|upkeep
|turn|5
|
|t:|1760429356
|switch|p1a: Corviknight|Corviknight, F|84/100
|-ability|p1a: Corviknight|Pressure
|move|p2a: Samurott|Ceaseless Edge|p1a: Corviknight
|-damage|p1a: Corviknight|59/100
|-sidestart|p1: Kaleor|Spikes
|
|upkeep
|turn|6
|
|t:|1760429365
|switch|p2a: Corviknight|Corviknight, F|55/100
|-ability|p2a: Corviknight|Pressure
|move|p1a: Corviknight|U-turn|p2a: Corviknight
|-resisted|p2a: Corviknight
|-damage|p2a: Corviknight|52/100
|
|t:|1760429368
|switch|p1a: Dragapult|Dragapult, F, tera:Ghost|100/100|[from] U-turn
|-damage|p1a: Dragapult|88/100|[from] Spikes
|
|-heal|p2a: Corviknight|59/100|[from] item: Leftovers
|upkeep
|turn|7
|
|t:|1760429397
|switch|p2a: Clodsire|Clodsire, F|73/100
|move|p1a: Dragapult|Shadow Ball|p2a: Clodsire
|-damage|p2a: Clodsire|39/100
|
|-heal|p2a: Clodsire|45/100|[from] item: Black Sludge
|upkeep
|turn|8
|
|t:|1760429403
|switch|p1a: Great Tusk|Great Tusk|100/100
|move|p2a: Clodsire|Recover|p2a: Clodsire
|-heal|p2a: Clodsire|95/100
|
|-heal|p2a: Clodsire|100/100|[from] item: Black Sludge
|upkeep
|turn|9
|
|t:|1760429409
|switch|p2a: Corviknight|Corviknight, F|59/100
|-ability|p2a: Corviknight|Pressure
|move|p1a: Great Tusk|Stealth Rock|p2a: Corviknight
|-sidestart|p2: great_expectations|move: Stealth Rock
|
|-heal|p2a: Corviknight|65/100|[from] item: Leftovers
|upkeep
|turn|10
|
|t:|1760429415
|move|p1a: Great Tusk|Rapid Spin|p2a: Corviknight
|-resisted|p2a: Corviknight
|-damage|p2a: Corviknight|59/100
|-boost|p1a: Great Tusk|spe|1
|-sideend|p1: Kaleor|Spikes|[from] move: Rapid Spin|[of] p1a: Great Tusk
|move|p2a: Corviknight|Roost|p2a: Corviknight
|-heal|p2a: Corviknight|100/100
|-singleturn|p2a: Corviknight|move: Roost
|
|upkeep
|turn|11
|
|t:|1760429423
|-end|p1a: Great Tusk|Protosynthesis|[silent]
|switch|p1a: Alomomola|Alomomola, M|100/100
|move|p2a: Corviknight|Defog|p1a: Alomomola
|-unboost|p1a: Alomomola|evasion|1
|-sideend|p2: great_expectations|Stealth Rock|[from] move: Defog|[of] p2a: Corviknight
|
|upkeep
|turn|12
|
|t:|1760429427
|switch|p2a: Clodsire|Clodsire, F|100/100
|move|p1a: Alomomola|Flip Turn|p2a: Clodsire
|-immune|p2a: Clodsire|[from] ability: Water Absorb
|
|upkeep
|turn|13
|
|t:|1760429435
|switch|p1a: Crawdaunt|Crawdaunt, F|100/100
|move|p2a: Clodsire|Toxic|p1a: Crawdaunt
|-status|p1a: Crawdaunt|tox
|
|-damage|p1a: Crawdaunt|95/100 tox|[from] psn
|upkeep
|turn|14
|
|t:|1760429440
|switch|p2a: Samurott|Samurott-Hisui, F|45/100
|move|p1a: Crawdaunt|Knock Off|p2a: Samurott
|-resisted|p2a: Samurott
|-damage|p2a: Samurott|0 fnt
|-enditem|p2a: Samurott|Choice Scarf|[from] move: Knock Off|[of] p1a: Crawdaunt
|faint|p2a: Samurott
|
|-damage|p1a: Crawdaunt|83/100 tox|[from] psn
|upkeep
|
|t:|1760429445
|switch|p2a: Rillaboom|Rillaboom, F|100/100
|-fieldstart|move: Grassy Terrain|[from] ability: Grassy Surge|[of] p2a: Rillaboom
|turn|15
|
|t:|1760429448
|switch|p1a: Corviknight|Corviknight, F|59/100
|-ability|p1a: Corviknight|Pressure
|move|p2a: Rillaboom|U-turn|p1a: Corviknight
|-resisted|p1a: Corviknight
|-damage|p1a: Corviknight|53/100
|
|t:|1760429462
|switch|p2a: Latios|Latios, M|63/100|[from] U-turn
|
|upkeep
|turn|16
|
|t:|1760429471
|move|p2a: Latios|Luster Purge|p1a: Corviknight
|-resisted|p1a: Corviknight
|-damage|p1a: Corviknight|31/100
|move|p1a: Corviknight|U-turn|p2a: Latios
|-supereffective|p2a: Latios
|-damage|p2a: Latios|21/100
|-damage|p1a: Corviknight|14/100|[from] item: Rocky Helmet|[of] p2a: Latios
|
|t:|1760429474
|switch|p1a: Dragapult|Dragapult, F, tera:Ghost|88/100|[from] U-turn
|
|-heal|p1a: Dragapult|94/100|[from] Grassy Terrain
|upkeep
|turn|17
|
|t:|1760429480
|move|p1a: Dragapult|Shadow Ball|p2a: Latios
|-supereffective|p2a: Latios
|-damage|p2a: Latios|0 fnt
|faint|p2a: Latios
|
|-heal|p1a: Dragapult|99/100|[from] Grassy Terrain
|upkeep
|
|t:|1760429482
|switch|p2a: Clodsire|Clodsire, F|100/100
|turn|18
|
|t:|1760429488
|switch|p1a: Slowking|Slowking-Galar, F|100/100
|switch|p2a: Iron Valiant|Iron Valiant|100/100
|-enditem|p2a: Iron Valiant|Booster Energy
|-activate|p2a: Iron Valiant|ability: Quark Drive|[fromitem]
|-start|p2a: Iron Valiant|quarkdrivespe
|
|upkeep
|turn|19
|
|t:|1760429490
|move|p2a: Iron Valiant|Knock Off|p1a: Slowking
|-supereffective|p1a: Slowking
|-damage|p1a: Slowking|29/100
|-enditem|p1a: Slowking|Heavy-Duty Boots|[from] move: Knock Off|[of] p2a: Iron Valiant
|move|p1a: Slowking|Sludge Bomb|p2a: Iron Valiant
|-supereffective|p2a: Iron Valiant
|-damage|p2a: Iron Valiant|0 fnt
|faint|p2a: Iron Valiant
|-end|p2a: Iron Valiant|Quark Drive|[silent]
|
|-heal|p1a: Slowking|35/100|[from] Grassy Terrain
|-fieldend|move: Grassy Terrain
|upkeep
|
|t:|1760429493
|switch|p2a: Rillaboom|Rillaboom, F|100/100
|-fieldstart|move: Grassy Terrain|[from] ability: Grassy Surge|[of] p2a: Rillaboom
|turn|20
|
|t:|1760429503
|switch|p1a: Corviknight|Corviknight, F|14/100
|-ability|p1a: Corviknight|Pressure
|move|p2a: Rillaboom|Wood Hammer|p1a: Corviknight
|-resisted|p1a: Corviknight
|-damage|p1a: Corviknight|0 fnt
|faint|p1a: Corviknight
|-damage|p2a: Rillaboom|95/100|[from] Recoil
|
|-heal|p2a: Rillaboom|100/100|[from] Grassy Terrain
|upkeep
|
|t:|1760429509
|switch|p1a: Dragapult|Dragapult, F, tera:Ghost|99/100
|turn|21
|
|t:|1760429512
|switch|p2a: Clodsire|Clodsire, F|100/100
|move|p1a: Dragapult|U-turn|p2a: Clodsire
|-resisted|p2a: Clodsire
|-damage|p2a: Clodsire|92/100
|
|t:|1760429514
|switch|p1a: Slowking|Slowking-Galar, F|68/100|[from] U-turn
|
|-heal|p2a: Clodsire|98/100|[from] Grassy Terrain
|-heal|p2a: Clodsire|100/100|[from] item: Black Sludge
|-heal|p1a: Slowking|74/100|[from] Grassy Terrain
|upkeep
|turn|22
|
|t:|1760429518
|move|p2a: Clodsire|Stealth Rock|p1a: Slowking
|-sidestart|p1: Kaleor|move: Stealth Rock
|move|p1a: Slowking|Future Sight|p2a: Clodsire
|-start|p1a: Slowking|move: Future Sight
|
|-heal|p1a: Slowking|80/100|[from] Grassy Terrain
|upkeep
|turn|23
|
|t:|1760429523
|move|p2a: Clodsire|Toxic|p1a: Slowking
|-immune|p1a: Slowking
|-prepare|p1a: Slowking|Chilly Reception|[premajor]
|move|p1a: Slowking|Chilly Reception|p1a: Slowking
|-weather|Snowscape
|
|t:|1760429528
|switch|p1a: Crawdaunt|Crawdaunt, F|83/100 tox|[from] Chilly Reception
|-damage|p1a: Crawdaunt|70/100 tox|[from] Stealth Rock
|
|-weather|Snowscape|[upkeep]
|-heal|p1a: Crawdaunt|76/100 tox|[from] Grassy Terrain
|-damage|p1a: Crawdaunt|70/100 tox|[from] psn
|upkeep
|turn|24
|
|t:|1760429534
|switch|p2a: Corviknight|Corviknight, F|100/100
|-ability|p2a: Corviknight|Pressure
|move|p1a: Crawdaunt|Knock Off|p2a: Corviknight
|-damage|p2a: Corviknight|39/100
|-enditem|p2a: Corviknight|Leftovers|[from] move: Knock Off|[of] p1a: Crawdaunt
|
|-weather|Snowscape|[upkeep]
|-end|p2a: Corviknight|move: Future Sight
|-resisted|p2a: Corviknight
|-damage|p2a: Corviknight|19/100
|-heal|p1a: Crawdaunt|76/100 tox|[from] Grassy Terrain
|-damage|p1a: Crawdaunt|64/100 tox|[from] psn
|-fieldend|move: Grassy Terrain
|upkeep
|turn|25
|
|t:|1760429538
|move|p1a: Crawdaunt|Knock Off|p2a: Corviknight
|-damage|p2a: Corviknight|0 fnt
|faint|p2a: Corviknight
|
|-weather|Snowscape|[upkeep]
|-damage|p1a: Crawdaunt|46/100 tox|[from] psn
|upkeep
|
|t:|1760429541
|switch|p2a: Rillaboom|Rillaboom, F|100/100
|-fieldstart|move: Grassy Terrain|[from] ability: Grassy Surge|[of] p2a: Rillaboom
|turn|26
|
|t:|1760429552
|switch|p1a: Alomomola|Alomomola, M|100/100
|-damage|p1a: Alomomola|88/100|[from] Stealth Rock
|-terastallize|p2a: Rillaboom|Grass
|move|p2a: Rillaboom|Wood Hammer|p1a: Alomomola
|-supereffective|p1a: Alomomola
|-damage|p1a: Alomomola|0 fnt
|faint|p1a: Alomomola
|-damage|p2a: Rillaboom|60/100|[from] Recoil
|
|-weather|Snowscape|[upkeep]
|-heal|p2a: Rillaboom|66/100|[from] Grassy Terrain
|upkeep
|
|t:|1760429555
|switch|p1a: Dragapult|Dragapult, F, tera:Ghost|99/100
|-damage|p1a: Dragapult|88/100|[from] Stealth Rock
|turn|27
|
|t:|1760429560
|move|p1a: Dragapult|Shadow Ball|p2a: Rillaboom
|-damage|p2a: Rillaboom|0 fnt
|faint|p2a: Rillaboom
|
|-weather|none
|-heal|p1a: Dragapult|94/100|[from] Grassy Terrain
|upkeep
|
|t:|1760429562
|switch|p2a: Clodsire|Clodsire, F|100/100
|turn|28
|-message|great_expectations forfeited.
|
|win|Kaleor
|raw|Kaleor's rating: 1605 &rarr; <strong>1627</strong><br />(+22 for winning)
|raw|great_expectations's rating: 1645 &rarr; <strong>1623</strong><br />(-22 for losing)
|l|☆great_expectations
|player|p2|
|l|☆Kaleor
|player|p1|
