|j|☆scarlet999
|j|☆matougris
|t:|1760434754
|gametype|singles
|player|p1|scarlet999|chili|1499
|player|p2|matougris|cameraman|1505
|gen|9
|tier|[Gen 9] OU
|rated|
|rule|HP Percentage Mod: HP is shown in percentages
|rule|Endless Battle Clause: Forcing endless battles is banned
|rule|Species Clause: Limit one of each Pokémon
|rule|OHKO Clause: OHKO moves are banned
|rule|Evasion Items Clause: Evasion items are banned
|rule|Evasion Moves Clause: Evasion moves are banned
|rule|Evasion Abilities Clause: Evasion abilities are banned
|rule|Sleep Moves Clause: Sleep-inducing moves are banned
|clearpoke
|poke|p1|Raging Bolt|
|poke|p1|Iron Treads|
|poke|p1|Ting-Lu|
|poke|p1|Gholdengo|
|poke|p1|Zamazenta-*|
|poke|p1|Tornadus-Therian, M|
|poke|p2|Ninetales, F|
|poke|p2|Walking Wake|
|poke|p2|Hatterene, F|
|poke|p2|Great Tusk|
|poke|p2|Venusaur, F|
|poke|p2|Kingambit, F|
|teampreview
|
|t:|1760434770
|teamsize|p1|6
|teamsize|p2|6
|start
|switch|p1a: Ting-Lu|Ting-Lu|100/100
|switch|p2a: africa|Great Tusk|100/100
|-ability|p1a: Ting-Lu|Vessel of Ruin
|turn|1
|
|t:|1760434783
|move|p2a: africa|Stealth Rock|p1a: Ting-Lu
|-sidestart|p1: scarlet999|move: Stealth Rock
|move|p1a: Ting-Lu|Ruination|p2a: africa
|-damage|p2a: africa|50/100
|
|upkeep
|turn|2
|
|t:|1760434790
|-end|p2a: africa|Protosynthesis|[silent]
|switch|p2a: gargamelle|Hatterene, F|100/100
|move|p1a: Ting-Lu|Earthquake|p2a: gargamelle
|-damage|p2a: gargamelle|59/100
|-enditem|p2a: gargamelle|Eject Button
|
|t:|1760434800
|switch|p2a: old gen|Ninetales, F|100/100
|-weather|SunnyDay|[from] ability: Drought|[of] p2a: old gen
|
|-weather|SunnyDay|[upkeep]
|upkeep
|turn|3
|
|t:|1760434806
|switch|p2a: longue queue|Walking Wake|100/100
|-activate|p2a: longue queue|ability: Protosynthesis
|-start|p2a: longue queue|protosynthesisspe
|move|p1a: Ting-Lu|Earthquake|p2a: longue queue
|-damage|p2a: longue queue|54/100
|
|-weather|SunnyDay|[upkeep]
|upkeep
|turn|4
|
|t:|1760434822
|-terastallize|p2a: longue queue|Water
|move|p2a: longue queue|Hydro Steam|p1a: Ting-Lu
|-supereffective|p1a: Ting-Lu
|-damage|p1a: Ting-Lu|0 fnt
|faint|p1a: Ting-Lu
|
|-weather|SunnyDay|[upkeep]
|upkeep
|
|t:|1760434842
|switch|p1a: Raging Bolt|Raging Bolt|100/100
|-damage|p1a: Raging Bolt|88/100|[from] Stealth Rock
|-activate|p1a: Raging Bolt|ability: Protosynthesis
|-start|p1a: Raging Bolt|protosynthesisspa
|turn|5
|inactive|Battle timer is ON: inactive players will automatically lose when time's up. (requested by matougris)
|
|t:|1760434861
|-end|p2a: longue queue|Protosynthesis|[silent]
|switch|p2a: africa|Great Tusk|50/100
|-activate|p2a: africa|ability: Protosynthesis
|-start|p2a: africa|protosynthesisspe
|-terastallize|p1a: Raging Bolt|Fairy
|move|p1a: Raging Bolt|Calm Mind|p1a: Raging Bolt
|-boost|p1a: Raging Bolt|spa|1
|-boost|p1a: Raging Bolt|spd|1
|
|-weather|SunnyDay|[upkeep]
|upkeep
|turn|6
|
|t:|1760434866
|move|p2a: africa|Headlong Rush|p1a: Raging Bolt
|-damage|p1a: Raging Bolt|46/100
|-unboost|p2a: africa|def|1
|-unboost|p2a: africa|spd|1
|move|p1a: Raging Bolt|Dragon Pulse|p2a: africa
|-damage|p2a: africa|0 fnt
|faint|p2a: africa
|-end|p2a: africa|Protosynthesis|[silent]
|
|-weather|SunnyDay|[upkeep]
|upkeep
|
|t:|1760434885
|switch|p2a: croa croa|Venusaur, F|100/100
|turn|7
|
|t:|1760434891
|move|p2a: croa croa|Weather Ball|p1a: Raging Bolt
|-damage|p1a: Raging Bolt|14/100
|-damage|p2a: croa croa|91/100|[from] item: Life Orb
|move|p1a: Raging Bolt|Dragon Pulse|p2a: croa croa
|-damage|p2a: croa croa|0 fnt
|faint|p2a: croa croa
|
|-weather|SunnyDay|[upkeep]
|upkeep
|inactive|matougris has 120 seconds left.
|
|t:|1760434921
|switch|p2a: tapefort|Kingambit, F, shiny|100/100
|-activate|p2a: tapefort|ability: Supreme Overlord
|-start|p2a: tapefort|fallen2|[silent]
|turn|8
|
|t:|1760434932
|move|p1a: Raging Bolt|Thunderclap|p2a: tapefort
|-damage|p2a: tapefort|13/100
|move|p2a: tapefort|Sucker Punch||[still]
|-fail|p2a: tapefort
|
|-weather|SunnyDay|[upkeep]
|-heal|p2a: tapefort|19/100|[from] item: Leftovers
|upkeep
|turn|9
|
|t:|1760434938
|move|p1a: Raging Bolt|Thunderclap|p2a: tapefort
|-damage|p2a: tapefort|0 fnt
|faint|p2a: tapefort
|-end|p2a: tapefort|fallen2|[silent]
|
|-weather|none
|-end|p1a: Raging Bolt|Protosynthesis
|upkeep
|-enditem|p1a: Raging Bolt|Booster Energy
|-activate|p1a: Raging Bolt|ability: Protosynthesis|[fromitem]
|-start|p1a: Raging Bolt|protosynthesisspa
|
|t:|1760434941
|switch|p2a: old gen|Ninetales, F|100/100
|-weather|SunnyDay|[from] ability: Drought|[of] p2a: old gen
|turn|10
|
|t:|1760434948
|move|p1a: Raging Bolt|Thunderclap|p2a: old gen
|-damage|p2a: old gen|22/100
|move|p2a: old gen|Weather Ball|p1a: Raging Bolt
|-damage|p1a: Raging Bolt|0 fnt
|faint|p1a: Raging Bolt
|-end|p1a: Raging Bolt|Protosynthesis|[silent]
|
|-weather|SunnyDay|[upkeep]
|upkeep
|
|t:|1760434967
|switch|p1a: Zamazenta|Zamazenta|100/100
|-damage|p1a: Zamazenta|94/100|[from] Stealth Rock
|-ability|p1a: Zamazenta|Dauntless Shield|boost
|-boost|p1a: Zamazenta|def|1
|turn|11
|
|t:|1760434974
|move|p1a: Zamazenta|Body Press|p2a: old gen
|-damage|p2a: old gen|0 fnt
|faint|p2a: old gen
|
|-weather|SunnyDay|[upkeep]
|-heal|p1a: Zamazenta|100/100|[from] item: Leftovers
|upkeep
|
|t:|1760434976
|switch|p2a: gargamelle|Hatterene, F|59/100
|turn|12
|
|t:|1760434982
|switch|p1a: Gholdengo|Gholdengo|100/100
|-damage|p1a: Gholdengo|94/100|[from] Stealth Rock
|-item|p1a: Gholdengo|Air Balloon
|move|p2a: gargamelle|Nuzzle|p1a: Gholdengo
|-damage|p1a: Gholdengo|91/100
|-status|p1a: Gholdengo|par
|-enditem|p1a: Gholdengo|Air Balloon
|
|-weather|SunnyDay|[upkeep]
|upkeep
|turn|13
|
|t:|1760434991
|move|p2a: gargamelle|Healing Wish|p2a: gargamelle
|faint|p2a: gargamelle
|move|p1a: Gholdengo|Shadow Ball|p2: gargamelle|[notarget]
|-fail|p1a: Gholdengo
|
|-weather|SunnyDay|[upkeep]
|upkeep
|
|t:|1760434994
|switch|p2a: longue queue|Walking Wake, tera:Water|54/100
|-heal|p2a: longue queue|100/100|[from] move: Healing Wish
|-activate|p2a: longue queue|ability: Protosynthesis
|-start|p2a: longue queue|protosynthesisspe
|turn|14
|
|t:|1760434999
|move|p2a: longue queue|Hydro Steam|p1a: Gholdengo
|-damage|p1a: Gholdengo|0 fnt
|faint|p1a: Gholdengo
|
|-weather|SunnyDay|[upkeep]
|upkeep
|
|t:|1760435013
|switch|p1a: Iron Treads|Iron Treads|100/100
|-damage|p1a: Iron Treads|98/100|[from] Stealth Rock
|-enditem|p1a: Iron Treads|Booster Energy
|-activate|p1a: Iron Treads|ability: Quark Drive|[fromitem]
|-start|p1a: Iron Treads|quarkdrivespe
|turn|15
|
|t:|1760435016
|move|p2a: longue queue|Hydro Steam|p1a: Iron Treads
|-supereffective|p1a: Iron Treads
|-damage|p1a: Iron Treads|0 fnt
|faint|p1a: Iron Treads
|-end|p1a: Iron Treads|Quark Drive|[silent]
|
|-weather|SunnyDay|[upkeep]
|upkeep
|
|t:|1760435020
|switch|p1a: Zamazenta|Zamazenta|100/100
|-damage|p1a: Zamazenta|94/100|[from] Stealth Rock
|turn|16
|
|t:|1760435023
|switch|p1a: Tornadus|Tornadus-Therian, M|100/100
|-damage|p1a: Tornadus|76/100|[from] Stealth Rock
|move|p2a: longue queue|Hydro Steam|p1a: Tornadus
|-damage|p1a: Tornadus|0 fnt
|faint|p1a: Tornadus
|
|-weather|SunnyDay|[upkeep]
|upkeep
|
|t:|1760435028
|switch|p1a: Zamazenta|Zamazenta|94/100
|-damage|p1a: Zamazenta|88/100|[from] Stealth Rock
|turn|17
|
|t:|1760435034
|move|p2a: longue queue|Hydro Steam|p1a: Zamazenta
|-damage|p1a: Zamazenta|0 fnt
|faint|p1a: Zamazenta
|
|win|matougris
|raw|scarlet999's rating: 1499 &rarr; <strong>1479</strong><br />(-20 for losing)
|raw|matougris's rating: 1505 &rarr; <strong>1525</strong><br />(+20 for winning)
|l|☆scarlet999
|player|p1|
|c|☆matougris|gg
|l|☆matougris
|player|p2|
