|j|☆sgCURRY3
|j|☆Contrary_Lurantis
|t:|1760337095
|gametype|singles
|player|p1|sgCURRY3|cynthia|1172
|player|p2|Contrary_Lurantis|170|1119
|gen|9
|tier|[Gen 9] OU
|rated|
|rule|HP Percentage Mod: HP is shown in percentages
|rule|Endless Battle Clause: Forcing endless battles is banned
|rule|Species Clause: Limit one of each Pokémon
|rule|OHKO Clause: OHKO moves are banned
|rule|Evasion Items Clause: Evasion items are banned
|rule|Evasion Moves Clause: Evasion moves are banned
|rule|Evasion Abilities Clause: Evasion abilities are banned
|rule|Sleep Moves Clause: Sleep-inducing moves are banned
|clearpoke
|poke|p1|Greninja-*, M|
|poke|p1|Glimmora, M|
|poke|p1|Gholdengo|
|poke|p1|Great Tusk|
|poke|p1|Dragonite, F|
|poke|p1|Dragapult, F|
|poke|p2|Great Tusk|
|poke|p2|Glimmora, F|
|poke|p2|Rillaboom, M|
|poke|p2|Cinderace, M|
|poke|p2|Gholdengo|
|poke|p2|Hatterene, F|
|teampreview
|inactive|Battle timer is ON: inactive players will automatically lose when time's up. (requested by sgCURRY3)
|
|t:|1760337106
|teamsize|p1|6
|teamsize|p2|6
|start
|switch|p1a: Dragapult|Dragapult, F, shiny|100/100
|switch|p2a: Gravastar|Hatterene, F|100/100
|turn|1
|
|t:|1760337118
|move|p1a: Dragapult|U-turn|p2a: Gravastar
|-damage|p2a: Gravastar|80/100
|-enditem|p2a: Gravastar|Red Card|[of] p1a: Dragapult
|drag|p1a: Great Tusk|Great Tusk|100/100
|move|p2a: Gravastar|Trick Room|p2a: Gravastar
|-fieldstart|move: Trick Room|[of] p2a: Gravastar
|
|upkeep
|turn|2
|
|t:|1760337125
|-end|p1a: Great Tusk|Protosynthesis|[silent]
|switch|p1a: Glimmora|Glimmora, M|100/100
|move|p2a: Gravastar|Psychic|p1a: Glimmora
|-supereffective|p1a: Glimmora
|-enditem|p1a: Glimmora|Focus Sash
|-damage|p1a: Glimmora|1/100
|
|upkeep
|turn|3
|
|t:|1760337137
|move|p2a: Gravastar|Dark Pulse|p1a: Glimmora
|-damage|p1a: Glimmora|0 fnt
|faint|p1a: Glimmora
|
|upkeep
|
|t:|1760337148
|switch|p1a: Gholdengo|Gholdengo|100/100
|-item|p1a: Gholdengo|Air Balloon
|turn|4
|
|t:|1760337155
|move|p2a: Gravastar|Dark Pulse|p1a: Gholdengo
|-supereffective|p1a: Gholdengo
|-damage|p1a: Gholdengo|25/100
|-enditem|p1a: Gholdengo|Air Balloon
|move|p1a: Gholdengo|Make It Rain|p2a: Gravastar
|-supereffective|p2a: Gravastar
|-damage|p2a: Gravastar|0 fnt
|-unboost|p1a: Gholdengo|spa|1
|faint|p2a: Gravastar
|
|upkeep
|
|t:|1760337167
|switch|p2a: Fat Albert|Rillaboom, M, shiny|100/100
|-fieldstart|move: Grassy Terrain|[from] ability: Grassy Surge|[of] p2a: Fat Albert
|-enditem|p2a: Fat Albert|Grassy Seed
|-boost|p2a: Fat Albert|def|1|[from] item: Grassy Seed
|turn|5
|
|t:|1760337183
|move|p2a: Fat Albert|Grassy Glide|p1a: Gholdengo
|-resisted|p1a: Gholdengo
|-damage|p1a: Gholdengo|2/100
|move|p1a: Gholdengo|Recover|p1a: Gholdengo
|-heal|p1a: Gholdengo|52/100
|
|-heal|p1a: Gholdengo|58/100|[from] Grassy Terrain
|-fieldend|move: Trick Room
|upkeep
|turn|6
|
|t:|1760337190
|move|p2a: Fat Albert|Swords Dance|p2a: Fat Albert
|-boost|p2a: Fat Albert|atk|2
|move|p1a: Gholdengo|Thunder Wave|p2a: Fat Albert|[miss]
|-miss|p1a: Gholdengo|p2a: Fat Albert
|
|-heal|p1a: Gholdengo|64/100|[from] Grassy Terrain
|upkeep
|turn|7
|
|t:|1760337199
|move|p2a: Fat Albert|Grassy Glide|p1a: Gholdengo
|-resisted|p1a: Gholdengo
|-damage|p1a: Gholdengo|21/100
|move|p1a: Gholdengo|Thunder Wave|p2a: Fat Albert
|-status|p2a: Fat Albert|par
|
|-heal|p1a: Gholdengo|27/100|[from] Grassy Terrain
|upkeep
|turn|8
|
|t:|1760337207
|move|p2a: Fat Albert|Grassy Glide|p1a: Gholdengo
|-resisted|p1a: Gholdengo
|-damage|p1a: Gholdengo|0 fnt
|faint|p1a: Gholdengo
|
|upkeep
|
|t:|1760337211
|switch|p1a: Dragonite|Dragonite, F|100/100
|turn|9
|
|t:|1760337219
|switch|p2a: Troublemaker|Glimmora, F|100/100
|-item|p2a: Troublemaker|Air Balloon
|move|p1a: Dragonite|Dragon Dance|p1a: Dragonite
|-boost|p1a: Dragonite|atk|1
|-boost|p1a: Dragonite|spe|1
|
|-fieldend|move: Grassy Terrain
|upkeep
|turn|10
|
|t:|1760337229
|move|p1a: Dragonite|Extreme Speed|p2a: Troublemaker
|-resisted|p2a: Troublemaker
|-damage|p2a: Troublemaker|73/100
|-activate|p2a: Troublemaker|ability: Toxic Debris
|-sidestart|p1: sgCURRY3|move: Toxic Spikes
|-enditem|p2a: Troublemaker|Air Balloon
|move|p2a: Troublemaker|Power Gem|p1a: Dragonite
|-supereffective|p1a: Dragonite
|-damage|p1a: Dragonite|59/100
|
|upkeep
|turn|11
|
|t:|1760337240
|move|p1a: Dragonite|Earthquake|p2a: Troublemaker
|-supereffective|p2a: Troublemaker
|-damage|p2a: Troublemaker|0 fnt
|-activate|p2a: Troublemaker|ability: Toxic Debris
|-sidestart|p1: sgCURRY3|move: Toxic Spikes
|faint|p2a: Troublemaker
|
|upkeep
|
|t:|1760337247
|switch|p2a: Cleanup Crew|Great Tusk, shiny|100/100
|turn|12
|
|t:|1760337251
|-terastallize|p1a: Dragonite|Normal
|move|p1a: Dragonite|Roost|p1a: Dragonite
|-heal|p1a: Dragonite|100/100
|move|p2a: Cleanup Crew|Play Rough|p1a: Dragonite
|-crit|p1a: Dragonite
|-damage|p1a: Dragonite|74/100
|
|upkeep
|turn|13
|
|t:|1760337262
|move|p1a: Dragonite|Extreme Speed|p2a: Cleanup Crew
|-damage|p2a: Cleanup Crew|58/100
|move|p2a: Cleanup Crew|Headlong Rush|p1a: Dragonite
|-damage|p1a: Dragonite|0 fnt
|-unboost|p2a: Cleanup Crew|def|1
|-unboost|p2a: Cleanup Crew|spd|1
|faint|p1a: Dragonite
|
|upkeep
|
|t:|1760337268
|switch|p1a: Greninja|Greninja, M|100/100
|-status|p1a: Greninja|tox
|turn|14
|
|t:|1760337277
|-terastallize|p2a: Cleanup Crew|Steel
|move|p1a: Greninja|Ice Beam|p2a: Cleanup Crew
|-resisted|p2a: Cleanup Crew
|-damage|p2a: Cleanup Crew|37/100
|-damage|p1a: Greninja|91/100 tox|[from] item: Life Orb
|move|p2a: Cleanup Crew|Play Rough|p1a: Greninja
|-supereffective|p1a: Greninja
|-damage|p1a: Greninja|0 fnt
|faint|p1a: Greninja
|
|upkeep
|
|t:|1760337282
|switch|p1a: Great Tusk|Great Tusk|100/100
|-status|p1a: Great Tusk|tox
|turn|15
|
|t:|1760337290
|move|p1a: Great Tusk|Rapid Spin|p2a: Cleanup Crew
|-resisted|p2a: Cleanup Crew
|-damage|p2a: Cleanup Crew|29/100
|-boost|p1a: Great Tusk|spe|1
|-sideend|p1: sgCURRY3|Toxic Spikes|[from] move: Rapid Spin|[of] p1a: Great Tusk
|move|p2a: Cleanup Crew|Play Rough|p1a: Great Tusk
|-supereffective|p1a: Great Tusk
|-damage|p1a: Great Tusk|51/100 tox
|
|-damage|p1a: Great Tusk|45/100 tox|[from] psn
|upkeep
|turn|16
|
|t:|1760337303
|move|p1a: Great Tusk|Headlong Rush|p2a: Cleanup Crew
|-supereffective|p2a: Cleanup Crew
|-damage|p2a: Cleanup Crew|0 fnt
|-unboost|p1a: Great Tusk|def|1
|-unboost|p1a: Great Tusk|spd|1
|faint|p2a: Cleanup Crew
|-end|p2a: Cleanup Crew|Protosynthesis|[silent]
|
|-damage|p1a: Great Tusk|32/100 tox|[from] psn
|upkeep
|
|t:|1760337311
|switch|p2a: Fat Albert|Rillaboom, M, shiny|100/100 par
|-fieldstart|move: Grassy Terrain|[from] ability: Grassy Surge|[of] p2a: Fat Albert
|turn|17
|
|t:|1760337314
|move|p2a: Fat Albert|Grassy Glide|p1a: Great Tusk
|-supereffective|p1a: Great Tusk
|-damage|p1a: Great Tusk|0 fnt
|faint|p1a: Great Tusk
|-end|p1a: Great Tusk|Protosynthesis|[silent]
|
|upkeep
|
|t:|1760337317
|switch|p1a: Dragapult|Dragapult, F, shiny|100/100
|turn|18
|
|t:|1760337321
|move|p1a: Dragapult|Flamethrower|p2a: Fat Albert
|-supereffective|p2a: Fat Albert
|-damage|p2a: Fat Albert|0 fnt
|faint|p2a: Fat Albert
|
|upkeep
|
|t:|1760337326
|switch|p2a: Bank Account|Gholdengo|100/100
|turn|19
|
|t:|1760337329
|move|p1a: Dragapult|Flamethrower|p2a: Bank Account
|-supereffective|p2a: Bank Account
|-damage|p2a: Bank Account|11/100
|move|p2a: Bank Account|Shadow Ball|p1a: Dragapult
|-supereffective|p1a: Dragapult
|-damage|p1a: Dragapult|0 fnt
|faint|p1a: Dragapult
|
|win|Contrary_Lurantis
|raw|sgCURRY3's rating: 1172 &rarr; <strong>1143</strong><br />(-29 for losing)
|raw|Contrary_Lurantis's rating: 1119 &rarr; <strong>1148</strong><br />(+29 for winning)
|l|☆sgCURRY3
|player|p1|
