|j|☆Jus4funsies
|j|☆SAVAG3Racoon
|t:|1760339614
|gametype|singles
|player|p1|Jus4funsies|teamrocket|1437
|player|p2|SAVAG3Racoon|miku-ground|1383
|gen|9
|tier|[Gen 9] OU
|rated|
|rule|HP Percentage Mod: HP is shown in percentages
|rule|Endless Battle Clause: Forcing endless battles is banned
|rule|Species Clause: Limit one of each Pokémon
|rule|OHKO Clause: OHKO moves are banned
|rule|Evasion Items Clause: Evasion items are banned
|rule|Evasion Moves Clause: Evasion moves are banned
|rule|Evasion Abilities Clause: Evasion abilities are banned
|rule|Sleep Moves Clause: Sleep-inducing moves are banned
|clearpoke
|poke|p1|Samurott-Hisui, F|
|poke|p1|Gholdengo|
|poke|p1|Great Tusk|
|poke|p1|Raging Bolt|
|poke|p1|Dragonite, F|
|poke|p1|Kingambit, F|
|poke|p2|Keldeo-Resolute|
|poke|p2|Excadrill, F|
|poke|p2|Clodsire, M|
|poke|p2|Sinistcha-Masterpiece|
|poke|p2|Tyranitar, M|
|poke|p2|Kyurem|
|teampreview
|
|t:|1760339632
|teamsize|p1|6
|teamsize|p2|6
|start
|switch|p1a: Samurott|Samurott-Hisui, F|100/100
|switch|p2a: Destoroyah|Keldeo-Resolute|100/100
|turn|1
|
|t:|1760339638
|move|p2a: Destoroyah|Secret Sword|p1a: Samurott
|-supereffective|p1a: Samurott
|-enditem|p1a: Samurott|Focus Sash
|-damage|p1a: Samurott|1/100
|-damage|p2a: Destoroyah|91/100|[from] item: Life Orb
|move|p1a: Samurott|Ceaseless Edge|p2a: Destoroyah
|-resisted|p2a: Destoroyah
|-crit|p2a: Destoroyah
|-damage|p2a: Destoroyah|49/100
|-ability|p2a: Destoroyah|Justified|boost
|-boost|p2a: Destoroyah|atk|1
|-sidestart|p2: SAVAG3Racoon|Spikes
|
|upkeep
|turn|2
|
|t:|1760339653
|move|p1a: Samurott|Sucker Punch|p2a: Destoroyah
|-resisted|p2a: Destoroyah
|-damage|p2a: Destoroyah|31/100
|-ability|p2a: Destoroyah|Justified|boost
|-boost|p2a: Destoroyah|atk|1
|move|p2a: Destoroyah|Flip Turn|p1a: Samurott
|-resisted|p1a: Samurott
|-damage|p1a: Samurott|0 fnt
|faint|p1a: Samurott
|-damage|p2a: Destoroyah|21/100|[from] item: Life Orb
|
|t:|1760339661
|switch|p2a: Space Godzilla|Tyranitar, M|100/100|[from] Flip Turn
|-damage|p2a: Space Godzilla|88/100|[from] Spikes
|-weather|Sandstorm|[from] ability: Sand Stream|[of] p2a: Space Godzilla
|
|-weather|Sandstorm|[upkeep]
|upkeep
|
|t:|1760339675
|switch|p1a: Great Tusk|Great Tusk|100/100
|turn|3
|
|t:|1760339685
|switch|p2a: Hedorah|Sinistcha-Masterpiece|100/100
|-damage|p2a: Hedorah|88/100|[from] Spikes
|move|p1a: Great Tusk|Headlong Rush|p2a: Hedorah
|-resisted|p2a: Hedorah
|-damage|p2a: Hedorah|67/100
|-unboost|p1a: Great Tusk|def|1
|-unboost|p1a: Great Tusk|spd|1
|-damage|p1a: Great Tusk|84/100|[from] item: Rocky Helmet|[of] p2a: Hedorah
|
|-weather|Sandstorm|[upkeep]
|-damage|p2a: Hedorah|61/100|[from] Sandstorm
|upkeep
|turn|4
|
|t:|1760339696
|-end|p1a: Great Tusk|Protosynthesis|[silent]
|switch|p1a: Kingambit|Kingambit, F, shiny|100/100
|-activate|p1a: Kingambit|ability: Supreme Overlord
|-start|p1a: Kingambit|fallen1|[silent]
|move|p2a: Hedorah|Strength Sap|p1a: Kingambit
|-unboost|p1a: Kingambit|atk|1
|-heal|p2a: Hedorah|100/100
|
|-weather|Sandstorm|[upkeep]
|-damage|p2a: Hedorah|94/100|[from] Sandstorm
|upkeep
|turn|5
|
|t:|1760339701
|switch|p2a: Space Godzilla|Tyranitar, M|88/100
|-damage|p2a: Space Godzilla|76/100|[from] Spikes
|move|p1a: Kingambit|Swords Dance|p1a: Kingambit
|-boost|p1a: Kingambit|atk|2
|
|-weather|Sandstorm|[upkeep]
|upkeep
|turn|6
|
|t:|1760339708
|-end|p1a: Kingambit|fallen1|[silent]
|switch|p1a: Gholdengo|Gholdengo, shiny|100/100
|-item|p1a: Gholdengo|Air Balloon
|move|p2a: Space Godzilla|High Horsepower|p1a: Gholdengo
|-immune|p1a: Gholdengo
|
|-weather|none
|upkeep
|turn|7
|
|t:|1760339713
|move|p1a: Gholdengo|Make It Rain|p2a: Space Godzilla
|-supereffective|p2a: Space Godzilla
|-damage|p2a: Space Godzilla|0 fnt
|-unboost|p1a: Gholdengo|spa|1
|faint|p2a: Space Godzilla
|
|upkeep
|
|t:|1760339722
|switch|p2a: Megalon|Excadrill, F|100/100
|-item|p2a: Megalon|Air Balloon
|turn|8
|
|t:|1760339728
|move|p2a: Megalon|Iron Head|p1a: Gholdengo
|-resisted|p1a: Gholdengo
|-damage|p1a: Gholdengo|78/100
|-enditem|p1a: Gholdengo|Air Balloon
|cant|p1a: Gholdengo|flinch
|
|upkeep
|turn|9
|
|t:|1760339735
|switch|p1a: Dragonite|Dragonite, F|100/100
|move|p2a: Megalon|Earthquake|p1a: Dragonite
|-immune|p1a: Dragonite
|
|upkeep
|turn|10
|
|t:|1760339738
|move|p1a: Dragonite|Extreme Speed|p2a: Megalon
|-resisted|p2a: Megalon
|-damage|p2a: Megalon|79/100
|-enditem|p2a: Megalon|Air Balloon
|move|p2a: Megalon|Rock Slide|p1a: Dragonite
|-supereffective|p1a: Dragonite
|-damage|p1a: Dragonite|72/100
|
|upkeep
|turn|11
|
|t:|1760339745
|move|p2a: Megalon|Rock Slide|p1a: Dragonite
|-supereffective|p1a: Dragonite
|-damage|p1a: Dragonite|12/100
|move|p1a: Dragonite|Earthquake|p2a: Megalon
|-supereffective|p2a: Megalon
|-damage|p2a: Megalon|0 fnt
|faint|p2a: Megalon
|
|upkeep
|
|t:|1760339756
|switch|p2a: Destoroyah|Keldeo-Resolute|21/100
|-damage|p2a: Destoroyah|9/100|[from] Spikes
|turn|12
|
|t:|1760339760
|move|p1a: Dragonite|Extreme Speed|p2a: Destoroyah
|-damage|p2a: Destoroyah|0 fnt
|faint|p2a: Destoroyah
|
|upkeep
|
|t:|1760339764
|switch|p2a: Bagaron|Clodsire, M|100/100
|-damage|p2a: Bagaron|88/100|[from] Spikes
|turn|13
|
|t:|1760339767
|move|p1a: Dragonite|Earthquake|p2a: Bagaron
|-supereffective|p2a: Bagaron
|-damage|p2a: Bagaron|20/100
|move|p2a: Bagaron|Toxic|p1a: Dragonite
|-status|p1a: Dragonite|tox
|
|-heal|p2a: Bagaron|26/100|[from] item: Leftovers
|-damage|p1a: Dragonite|6/100 tox|[from] psn
|upkeep
|turn|14
|
|t:|1760339773
|switch|p2a: Hedorah|Sinistcha-Masterpiece|94/100
|-damage|p2a: Hedorah|82/100|[from] Spikes
|move|p1a: Dragonite|Earthquake|p2a: Hedorah
|-resisted|p2a: Hedorah
|-damage|p2a: Hedorah|70/100
|
|-damage|p1a: Dragonite|0 fnt|[from] psn
|faint|p1a: Dragonite
|upkeep
|
|t:|1760339778
|switch|p1a: Kingambit|Kingambit, F, shiny|100/100
|-activate|p1a: Kingambit|ability: Supreme Overlord
|-start|p1a: Kingambit|fallen2|[silent]
|turn|15
|-message|SAVAG3Racoon forfeited.
|
|win|Jus4funsies
|raw|Jus4funsies's rating: 1437 &rarr; <strong>1454</strong><br />(+17 for winning)
|raw|SAVAG3Racoon's rating: 1383 &rarr; <strong>1366</strong><br />(-17 for losing)
|l|☆SAVAG3Racoon
|player|p2|
|l|☆Jus4funsies
|player|p1|
