|j|☆Tonni stark
|j|☆Demar14
|t:|1760349000
|gametype|singles
|player|p1|Tonni stark|170|1362
|player|p2|Demar14|101|1332
|gen|9
|tier|[Gen 9] OU
|rated|
|rule|HP Percentage Mod: HP is shown in percentages
|rule|Endless Battle Clause: Forcing endless battles is banned
|rule|Species Clause: Limit one of each Pokémon
|rule|OHKO Clause: OHKO moves are banned
|rule|Evasion Items Clause: Evasion items are banned
|rule|Evasion Moves Clause: Evasion moves are banned
|rule|Evasion Abilities Clause: Evasion abilities are banned
|rule|Sleep Moves Clause: Sleep-inducing moves are banned
|clearpoke
|poke|p1|Pecharunt|
|poke|p1|Yanmega, M|
|poke|p1|Clefable, F|
|poke|p1|Cryogonal|
|poke|p1|Blaziken, F|
|poke|p1|Quaquaval, F|
|poke|p2|Slowking-Galar, F|
|poke|p2|Moltres|
|poke|p2|Samurott-Hisui, F|
|poke|p2|Dragonite, M|
|poke|p2|Great Tusk|
|poke|p2|Darkrai|
|teampreview
|inactive|Battle timer is ON: inactive players will automatically lose when time's up. (requested by Tonni stark)
|
|t:|1760349018
|teamsize|p1|6
|teamsize|p2|6
|start
|switch|p1a: Quaquaval|Quaquaval, F, shiny|100/100
|switch|p2a: Darkrai|Darkrai|100/100
|turn|1
|
|t:|1760349024
|move|p1a: Quaquaval|Aqua Step|p2a: Darkrai
|-crit|p2a: Darkrai
|-damage|p2a: Darkrai|17/100
|-boost|p1a: Quaquaval|spe|1
|move|p2a: Darkrai|Will-O-Wisp|p1a: Quaquaval
|-status|p1a: Quaquaval|brn
|
|-damage|p1a: Quaquaval|94/100 brn|[from] brn
|upkeep
|turn|2
|
|t:|1760349030
|switch|p2a: Samurott|Samurott-Hisui, F|100/100
|move|p1a: Quaquaval|Aqua Step|p2a: Samurott
|-resisted|p2a: Samurott
|-damage|p2a: Samurott|87/100
|-boost|p1a: Quaquaval|spe|1
|
|-damage|p1a: Quaquaval|88/100 brn|[from] brn
|upkeep
|turn|3
|
|t:|1760349036
|switch|p1a: Pecharunt|Pecharunt|100/100
|move|p2a: Samurott|Ceaseless Edge|p1a: Pecharunt
|-supereffective|p1a: Pecharunt
|-damage|p1a: Pecharunt|19/100
|-sidestart|p1: Tonni stark|Spikes
|
|-heal|p1a: Pecharunt|25/100|[from] item: Leftovers
|upkeep
|turn|4
|
|t:|1760349042
|move|p2a: Samurott|Ceaseless Edge|p1a: Pecharunt
|-supereffective|p1a: Pecharunt
|-damage|p1a: Pecharunt|0 fnt
|-sidestart|p1: Tonni stark|Spikes
|faint|p1a: Pecharunt
|
|upkeep
|
|t:|1760349044
|switch|p1a: Cryogonal|Cryogonal|100/100
|turn|5
|
|t:|1760349058
|switch|p2a: Slowking|Slowking-Galar, F|100/100
|move|p1a: Cryogonal|Freeze-Dry|p2a: Slowking
|-damage|p2a: Slowking|86/100
|
|upkeep
|turn|6
|
|t:|1760349061
|move|p1a: Cryogonal|Rapid Spin|p2a: Slowking
|-damage|p2a: Slowking|79/100
|-boost|p1a: Cryogonal|spe|1
|-sideend|p1: Tonni stark|Spikes|[from] move: Rapid Spin|[of] p1a: Cryogonal
|move|p2a: Slowking|Sludge Bomb|p1a: Cryogonal
|-damage|p1a: Cryogonal|77/100
|
|upkeep
|turn|7
|
|t:|1760349067
|move|p1a: Cryogonal|Frost Breath|p2a: Slowking
|-crit|p2a: Slowking
|-damage|p2a: Slowking|61/100
|move|p2a: Slowking|Psyshock|p1a: Cryogonal
|-damage|p1a: Cryogonal|0 fnt
|faint|p1a: Cryogonal
|
|upkeep
|
|t:|1760349079
|switch|p1a: Blaziken|Blaziken, F, shiny|100/100
|turn|8
|
|t:|1760349082
|move|p1a: Blaziken|Knock Off|p2a: Slowking
|-supereffective|p2a: Slowking
|-damage|p2a: Slowking|0 fnt
|-enditem|p2a: Slowking|Assault Vest|[from] move: Knock Off|[of] p1a: Blaziken
|faint|p2a: Slowking
|-damage|p1a: Blaziken|91/100|[from] item: Life Orb
|
|-ability|p1a: Blaziken|Speed Boost|boost
|-boost|p1a: Blaziken|spe|1
|upkeep
|
|t:|1760349089
|switch|p2a: Great Tusk|Great Tusk|100/100
|turn|9
|
|t:|1760349096
|move|p1a: Blaziken|Overheat|p2a: Great Tusk
|-damage|p2a: Great Tusk|0 fnt
|-unboost|p1a: Blaziken|spa|2
|faint|p2a: Great Tusk
|-end|p2a: Great Tusk|Protosynthesis|[silent]
|-damage|p1a: Blaziken|81/100|[from] item: Life Orb
|
|-ability|p1a: Blaziken|Speed Boost|boost
|-boost|p1a: Blaziken|spe|1
|upkeep
|
|t:|1760349113
|switch|p2a: Moltres|Moltres|100/100
|turn|10
|
|t:|1760349116
|move|p1a: Blaziken|Knock Off|p2a: Moltres
|-damage|p2a: Moltres|78/100
|-enditem|p2a: Moltres|Heavy-Duty Boots|[from] move: Knock Off|[of] p1a: Blaziken
|-damage|p1a: Blaziken|71/100|[from] item: Life Orb
|move|p2a: Moltres|Roar|p1a: Blaziken
|drag|p1a: Yanmega|Yanmega, M, shiny|100/100
|
|upkeep
|turn|11
|
|t:|1760349126
|move|p1a: Yanmega|Bug Buzz|p2a: Moltres
|-resisted|p2a: Moltres
|-damage|p2a: Moltres|66/100
|-enditem|p1a: Yanmega|Throat Spray
|-boost|p1a: Yanmega|spa|1|[from] item: Throat Spray
|move|p2a: Moltres|Flamethrower|p1a: Yanmega
|-supereffective|p1a: Yanmega
|-damage|p1a: Yanmega|0 fnt
|faint|p1a: Yanmega
|
|upkeep
|
|t:|1760349129
|switch|p1a: Quaquaval|Quaquaval, F, shiny|88/100 brn
|turn|12
|
|t:|1760349138
|switch|p2a: Darkrai|Darkrai|17/100
|move|p1a: Quaquaval|Close Combat|p2a: Darkrai
|-supereffective|p2a: Darkrai
|-damage|p2a: Darkrai|0 fnt
|-unboost|p1a: Quaquaval|def|1
|-unboost|p1a: Quaquaval|spd|1
|faint|p2a: Darkrai
|-ability|p1a: Quaquaval|Moxie|boost
|-boost|p1a: Quaquaval|atk|1
|
|-damage|p1a: Quaquaval|82/100 brn|[from] brn
|upkeep
|
|t:|1760349141
|switch|p2a: Dragonite|Dragonite, M|100/100
|turn|13
|
|t:|1760349147
|switch|p1a: Clefable|Clefable, F|100/100
|move|p2a: Dragonite|Dragon Dance|p2a: Dragonite
|-boost|p2a: Dragonite|atk|1
|-boost|p2a: Dragonite|spe|1
|
|upkeep
|turn|14
|
|t:|1760349153
|move|p2a: Dragonite|Dragon Dance|p2a: Dragonite
|-boost|p2a: Dragonite|atk|1
|-boost|p2a: Dragonite|spe|1
|move|p1a: Clefable|Moonblast|p2a: Dragonite
|-supereffective|p2a: Dragonite
|-damage|p2a: Dragonite|62/100
|
|upkeep
|turn|15
|
|t:|1760349162
|-terastallize|p2a: Dragonite|Fairy
|move|p2a: Dragonite|Dragon Dance|p2a: Dragonite
|-boost|p2a: Dragonite|atk|1
|-boost|p2a: Dragonite|spe|1
|move|p1a: Clefable|Moonblast|p2a: Dragonite
|-crit|p2a: Dragonite
|-damage|p2a: Dragonite|3/100
|
|upkeep
|turn|16
|
|t:|1760349173
|move|p2a: Dragonite|Tera Blast|p1a: Clefable|[anim] Tera Blast Fairy
|-damage|p1a: Clefable|59/100
|move|p1a: Clefable|Moonblast|p2a: Dragonite
|-damage|p2a: Dragonite|0 fnt
|faint|p2a: Dragonite
|
|-heal|p1a: Clefable|65/100|[from] item: Leftovers
|upkeep
|
|t:|1760349180
|switch|p2a: Moltres|Moltres|66/100
|turn|17
|
|t:|1760349184
|move|p2a: Moltres|Flamethrower|p1a: Clefable
|-damage|p1a: Clefable|29/100
|move|p1a: Clefable|Moonlight|p1a: Clefable
|-heal|p1a: Clefable|79/100
|
|-heal|p1a: Clefable|85/100|[from] item: Leftovers
|upkeep
|turn|18
|
|t:|1760349189
|move|p1a: Clefable|Moonlight|p1a: Clefable
|-heal|p1a: Clefable|100/100
|move|p2a: Moltres|Roar|p1a: Clefable
|drag|p1a: Quaquaval|Quaquaval, F, shiny|82/100 brn
|
|-damage|p1a: Quaquaval|76/100 brn|[from] brn
|upkeep
|turn|19
|
|t:|1760349195
|switch|p2a: Samurott|Samurott-Hisui, F|87/100
|move|p1a: Quaquaval|Aqua Step|p2a: Samurott
|-resisted|p2a: Samurott
|-damage|p2a: Samurott|73/100
|-boost|p1a: Quaquaval|spe|1
|
|-damage|p1a: Quaquaval|70/100 brn|[from] brn
|upkeep
|turn|20
|
|t:|1760349206
|move|p1a: Quaquaval|Aqua Step|p2a: Samurott
|-resisted|p2a: Samurott
|-damage|p2a: Samurott|60/100
|-boost|p1a: Quaquaval|spe|1
|move|p2a: Samurott|Ceaseless Edge|p1a: Quaquaval
|-resisted|p1a: Quaquaval
|-damage|p1a: Quaquaval|32/100 brn
|-sidestart|p1: Tonni stark|Spikes
|
|-damage|p1a: Quaquaval|26/100 brn|[from] brn
|upkeep
|turn|21
|
|t:|1760349209
|move|p1a: Quaquaval|Aqua Step|p2a: Samurott
|-resisted|p2a: Samurott
|-damage|p2a: Samurott|46/100
|-boost|p1a: Quaquaval|spe|1
|move|p2a: Samurott|Ceaseless Edge|p1a: Quaquaval
|-resisted|p1a: Quaquaval
|-damage|p1a: Quaquaval|0 fnt
|-sidestart|p1: Tonni stark|Spikes
|faint|p1a: Quaquaval
|
|upkeep
|
|t:|1760349212
|switch|p1a: Blaziken|Blaziken, F, shiny|71/100
|-damage|p1a: Blaziken|54/100|[from] Spikes
|turn|22
|
|t:|1760349221
|switch|p2a: Moltres|Moltres|66/100
|move|p1a: Blaziken|Vacuum Wave|p2a: Moltres
|-resisted|p2a: Moltres
|-damage|p2a: Moltres|51/100
|-damage|p1a: Blaziken|44/100|[from] item: Life Orb
|
|-ability|p1a: Blaziken|Speed Boost|boost
|-boost|p1a: Blaziken|spe|1
|upkeep
|turn|23
|
|t:|1760349227
|-terastallize|p1a: Blaziken|Fire
|move|p1a: Blaziken|Overheat|p2a: Moltres
|-resisted|p2a: Moltres
|-damage|p2a: Moltres|0 fnt
|-unboost|p1a: Blaziken|spa|2
|faint|p2a: Moltres
|-damage|p1a: Blaziken|34/100|[from] item: Life Orb
|
|-ability|p1a: Blaziken|Speed Boost|boost
|-boost|p1a: Blaziken|spe|1
|upkeep
|
|t:|1760349231
|switch|p2a: Samurott|Samurott-Hisui, F|46/100
|turn|24
|
|t:|1760349235
|move|p1a: Blaziken|Aura Sphere|p2a: Samurott
|-supereffective|p2a: Samurott
|-damage|p2a: Samurott|0 fnt
|faint|p2a: Samurott
|-damage|p1a: Blaziken|24/100|[from] item: Life Orb
|
|win|Tonni stark
|raw|Tonni stark's rating: 1362 &rarr; <strong>1380</strong><br />(+18 for winning)
|raw|Demar14's rating: 1332 &rarr; <strong>1314</strong><br />(-18 for losing)
|l|☆Tonni stark
|player|p1|
|l|☆Demar14
|player|p2|
