|j|☆HWH8SB
|j|☆nevellen l
|t:|1760365354
|gametype|singles
|player|p1|HWH8SB|pokemaniac|1382
|player|p2|nevellen l|hilbert|1394
|gen|9
|tier|[Gen 9] OU
|rated|
|rule|HP Percentage Mod: HP is shown in percentages
|rule|Endless Battle Clause: Forcing endless battles is banned
|rule|Species Clause: Limit one of each Pokémon
|rule|OHKO Clause: OHKO moves are banned
|rule|Evasion Items Clause: Evasion items are banned
|rule|Evasion Moves Clause: Evasion moves are banned
|rule|Evasion Abilities Clause: Evasion abilities are banned
|rule|Sleep Moves Clause: Sleep-inducing moves are banned
|clearpoke
|poke|p1|Cinderace, F|
|poke|p1|Great Tusk|
|poke|p1|Gholdengo|
|poke|p1|Dragapult, F|
|poke|p1|Gyarados, M|
|poke|p1|Raging Bolt|
|poke|p2|Samurott-Hisui, M|
|poke|p2|Great Tusk|
|poke|p2|Volcanion|
|poke|p2|Hydrapple, F|
|poke|p2|Gholdengo|
|poke|p2|Landorus-Therian, M|
|teampreview
|inactive|Battle timer is ON: inactive players will automatically lose when time's up. (requested by HWH8SB)
|
|t:|1760365373
|teamsize|p1|6
|teamsize|p2|6
|start
|switch|p1a: Raging Bolt|Raging Bolt|100/100
|switch|p2a: Samurott|Samurott-Hisui, M|100/100
|turn|1
|
|t:|1760365391
|-terastallize|p2a: Samurott|Poison
|move|p2a: Samurott|Knock Off|p1a: Raging Bolt
|-damage|p1a: Raging Bolt|66/100
|-enditem|p1a: Raging Bolt|Assault Vest|[from] move: Knock Off|[of] p2a: Samurott
|move|p1a: Raging Bolt|Volt Switch|p2a: Samurott
|-damage|p2a: Samurott|70/100
|
|t:|1760365407
|-end|p1a: Raging Bolt|Protosynthesis|[silent]
|switch|p1a: Dragapult|Dragapult, F|100/100|[from] Volt Switch
|
|upkeep
|turn|2
|
|t:|1760365415
|move|p1a: Dragapult|Dragon Darts|p2a: Samurott
|-damage|p2a: Samurott|34/100
|-anim|p1a: Dragapult|Dragon Darts|p2a: Samurott
|-damage|p2a: Samurott|0 fnt
|faint|p2a: Samurott
|
|upkeep
|
|t:|1760365421
|switch|p2a: Landorus|Landorus-Therian, M|100/100
|-ability|p2a: Landorus|Intimidate|boost
|-fail|p1a: Dragapult|unboost|[from] ability: Clear Body|[of] p1a: Dragapult
|turn|3
|
|t:|1760365431
|switch|p1a: Money Man Kona|Gholdengo|100/100
|-item|p1a: Money Man Kona|Air Balloon
|move|p2a: Landorus|Earthquake|p1a: Money Man Kona
|-immune|p1a: Money Man Kona
|
|upkeep
|turn|4
|
|t:|1760365441
|switch|p2a: Volcanion|Volcanion|100/100
|move|p1a: Money Man Kona|Thunder Wave|p2a: Volcanion
|-status|p2a: Volcanion|par
|
|upkeep
|turn|5
|
|t:|1760365452
|switch|p1a: Raging Bolt|Raging Bolt|66/100
|move|p2a: Volcanion|Steam Eruption|p1a: Raging Bolt
|-resisted|p1a: Raging Bolt
|-damage|p1a: Raging Bolt|43/100
|
|upkeep
|turn|6
|
|t:|1760365469
|switch|p2a: Landorus|Landorus-Therian, M|100/100
|-ability|p2a: Landorus|Intimidate|boost
|-unboost|p1a: Raging Bolt|atk|1
|move|p1a: Raging Bolt|Draco Meteor|p2a: Landorus
|-damage|p2a: Landorus|0 fnt
|-unboost|p1a: Raging Bolt|spa|2
|faint|p2a: Landorus
|
|upkeep
|
|t:|1760365480
|switch|p2a: Great Tusk|Great Tusk|100/100
|turn|7
|
|t:|1760365501
|-end|p1a: Raging Bolt|Protosynthesis|[silent]
|switch|p1a: Money Man Kona|Gholdengo|100/100
|-item|p1a: Money Man Kona|Air Balloon
|move|p2a: Great Tusk|Ice Spinner|p1a: Money Man Kona
|-resisted|p1a: Money Man Kona
|-damage|p1a: Money Man Kona|91/100
|-enditem|p1a: Money Man Kona|Air Balloon
|
|upkeep
|turn|8
|
|t:|1760365511
|move|p2a: Great Tusk|Headlong Rush|p1a: Money Man Kona
|-supereffective|p1a: Money Man Kona
|-damage|p1a: Money Man Kona|2/100
|-unboost|p2a: Great Tusk|def|1
|-unboost|p2a: Great Tusk|spd|1
|move|p1a: Money Man Kona|Make It Rain|p2a: Great Tusk
|-damage|p2a: Great Tusk|0 fnt
|-unboost|p1a: Money Man Kona|spa|1
|faint|p2a: Great Tusk
|-end|p2a: Great Tusk|Protosynthesis|[silent]
|
|upkeep
|
|t:|1760365525
|switch|p2a: Volcanion|Volcanion|100/100 par
|turn|9
|
|t:|1760365534
|move|p1a: Money Man Kona|Recover|p1a: Money Man Kona
|-heal|p1a: Money Man Kona|52/100
|move|p2a: Volcanion|Flamethrower|p1a: Money Man Kona
|-supereffective|p1a: Money Man Kona
|-damage|p1a: Money Man Kona|0 fnt
|faint|p1a: Money Man Kona
|
|upkeep
|
|t:|1760365543
|switch|p1a: Raging Bolt|Raging Bolt|43/100
|turn|10
|
|t:|1760365548
|move|p1a: Raging Bolt|Volt Switch|p2a: Volcanion
|-supereffective|p2a: Volcanion
|-damage|p2a: Volcanion|21/100 par
|
|t:|1760365557
|-end|p1a: Raging Bolt|Protosynthesis|[silent]
|switch|p1a: Gyarados|Gyarados, M, shiny|100/100|[from] Volt Switch
|move|p2a: Volcanion|Sludge Bomb|p1a: Gyarados
|-damage|p1a: Gyarados|68/100
|
|upkeep
|turn|11
|
|t:|1760365568
|move|p1a: Gyarados|Dragon Dance|p1a: Gyarados
|-boost|p1a: Gyarados|atk|1
|-boost|p1a: Gyarados|spe|1
|move|p2a: Volcanion|Will-O-Wisp|p1a: Gyarados
|-status|p1a: Gyarados|brn
|
|-damage|p1a: Gyarados|62/100 brn|[from] brn
|upkeep
|turn|12
|
|t:|1760365597
|move|p1a: Gyarados|Earthquake|p2a: Volcanion
|-supereffective|p2a: Volcanion
|-damage|p2a: Volcanion|0 fnt
|faint|p2a: Volcanion
|-ability|p1a: Gyarados|Moxie|boost
|-boost|p1a: Gyarados|atk|1
|
|-damage|p1a: Gyarados|56/100 brn|[from] brn
|upkeep
|
|t:|1760365599
|switch|p2a: Hydrapple|Hydrapple, F|100/100
|turn|13
|
|t:|1760365608
|move|p1a: Gyarados|Crunch|p2a: Hydrapple
|-damage|p2a: Hydrapple|86/100
|-damage|p1a: Gyarados|39/100 brn|[from] item: Rocky Helmet|[of] p2a: Hydrapple
|move|p2a: Hydrapple|Nasty Plot|p2a: Hydrapple
|-boost|p2a: Hydrapple|spa|2
|
|-damage|p1a: Gyarados|33/100 brn|[from] brn
|upkeep
|turn|14
|
|t:|1760365615
|move|p1a: Gyarados|Crunch|p2a: Hydrapple
|-damage|p2a: Hydrapple|72/100
|-damage|p1a: Gyarados|17/100 brn|[from] item: Rocky Helmet|[of] p2a: Hydrapple
|move|p2a: Hydrapple|Fickle Beam|p1a: Gyarados
|-damage|p1a: Gyarados|0 fnt
|faint|p1a: Gyarados
|
|upkeep
|
|t:|1760365618
|switch|p1a: Dragapult|Dragapult, F|100/100
|turn|15
|
|t:|1760365623
|move|p1a: Dragapult|Dragon Darts|p2a: Hydrapple
|-supereffective|p2a: Hydrapple
|-damage|p2a: Hydrapple|33/100
|-anim|p1a: Dragapult|Dragon Darts|p2a: Hydrapple
|-supereffective|p2a: Hydrapple
|-damage|p2a: Hydrapple|0 fnt
|faint|p2a: Hydrapple
|
|upkeep
|
|t:|1760365626
|switch|p2a: Gholdengo|Gholdengo|100/100
|-item|p2a: Gholdengo|Air Balloon
|turn|16
|
|t:|1760365630
|move|p1a: Dragapult|Dragon Darts|p2a: Gholdengo
|-resisted|p2a: Gholdengo
|-damage|p2a: Gholdengo|83/100
|-enditem|p2a: Gholdengo|Air Balloon
|-anim|p1a: Dragapult|Dragon Darts|p2a: Gholdengo
|-resisted|p2a: Gholdengo
|-damage|p2a: Gholdengo|65/100
|move|p2a: Gholdengo|Shadow Ball|p1a: Dragapult
|-supereffective|p1a: Dragapult
|-damage|p1a: Dragapult|0 fnt
|faint|p1a: Dragapult
|
|upkeep
|
|t:|1760365632
|switch|p1a: Freddie Gibbs|Cinderace, F, shiny|100/100
|turn|17
|
|t:|1760365641
|move|p1a: Freddie Gibbs|Pyro Ball|p2a: Gholdengo
|-supereffective|p2a: Gholdengo
|-damage|p2a: Gholdengo|0 fnt
|faint|p2a: Gholdengo
|-damage|p1a: Freddie Gibbs|91/100|[from] item: Life Orb
|
|win|HWH8SB
|raw|HWH8SB's rating: 1382 &rarr; <strong>1403</strong><br />(+21 for winning)
|raw|nevellen l's rating: 1394 &rarr; <strong>1373</strong><br />(-21 for losing)
|l|☆nevellen l
|player|p2|
|l|☆HWH8SB
|player|p1|
