|j|☆mahjini
|j|☆hussein119
|t:|1760429723
|gametype|singles
|player|p1|mahjini|hoopster|1272
|player|p2|hussein119|lyra|1196
|gen|9
|tier|[Gen 9] OU
|rated|
|rule|HP Percentage Mod: HP is shown in percentages
|rule|Endless Battle Clause: Forcing endless battles is banned
|rule|Species Clause: Limit one of each Pokémon
|rule|OHKO Clause: OHKO moves are banned
|rule|Evasion Items Clause: Evasion items are banned
|rule|Evasion Moves Clause: Evasion moves are banned
|rule|Evasion Abilities Clause: Evasion abilities are banned
|rule|Sleep Moves Clause: Sleep-inducing moves are banned
|clearpoke
|poke|p1|Ribombee, M|
|poke|p1|Empoleon, M|
|poke|p1|Cresselia, F|
|poke|p1|Kingambit, M|
|poke|p1|Hatterene, F|
|poke|p1|Raging Bolt|
|poke|p2|Lokix, M|
|poke|p2|Comfey, F|
|poke|p2|Great Tusk|
|poke|p2|Krookodile, M|
|poke|p2|Revavroom, F|
|poke|p2|Dragapult, F|
|teampreview
|inactive|Battle timer is ON: inactive players will automatically lose when time's up. (requested by mahjini)
|
|t:|1760429737
|teamsize|p1|6
|teamsize|p2|6
|start
|switch|p1a: Ribombee|Ribombee, M|100/100
|switch|p2a: Lokix|Lokix, M|100/100
|turn|1
|
|t:|1760429745
|move|p1a: Ribombee|Stun Spore|p2a: Lokix|[miss]
|-miss|p1a: Ribombee|p2a: Lokix
|move|p2a: Lokix|U-turn|p1a: Ribombee
|-resisted|p1a: Ribombee
|-damage|p1a: Ribombee|9/100
|
|t:|1760429754
|switch|p2a: Krookodile|Krookodile, M|100/100|[from] U-turn
|
|upkeep
|turn|2
|
|t:|1760429759
|move|p1a: Ribombee|Moonblast|p2a: Krookodile
|-supereffective|p2a: Krookodile
|-damage|p2a: Krookodile|0 fnt
|faint|p2a: Krookodile
|
|upkeep
|
|t:|1760429764
|switch|p2a: Lokix|Lokix, M|100/100
|turn|3
|
|t:|1760429769
|move|p2a: Lokix|First Impression|p1a: Ribombee
|-resisted|p1a: Ribombee
|-damage|p1a: Ribombee|0 fnt
|faint|p1a: Ribombee
|
|upkeep
|
|t:|1760429774
|switch|p1a: Hatterene|Hatterene, F|100/100
|turn|4
|
|t:|1760429778
|switch|p2a: Revavroom|Revavroom, F|100/100
|move|p1a: Hatterene|Trick Room|p1a: Hatterene
|-fieldstart|move: Trick Room|[of] p1a: Hatterene
|
|upkeep
|turn|5
|
|t:|1760429797
|switch|p1a: Empoleon|Empoleon, M|100/100
|move|p2a: Revavroom|Gunk Shot|p1a: Empoleon
|-immune|p1a: Empoleon
|
|upkeep
|turn|6
|
|t:|1760429802
|move|p1a: Empoleon|Vacuum Wave|p2a: Revavroom
|-damage|p2a: Revavroom|70/100
|move|p2a: Revavroom|High Horsepower|p1a: Empoleon
|-supereffective|p1a: Empoleon
|-damage|p1a: Empoleon|33/100
|
|upkeep
|turn|7
|
|t:|1760429814
|switch|p1a: Cresselia|Cresselia, F|100/100
|move|p2a: Revavroom|High Horsepower|p1a: Cresselia
|-immune|p1a: Cresselia|[from] ability: Levitate
|
|upkeep
|turn|8
|
|t:|1760429822
|move|p1a: Cresselia|Ice Beam|p2a: Revavroom
|-resisted|p2a: Revavroom
|-damage|p2a: Revavroom|57/100
|move|p2a: Revavroom|Shift Gear|p2a: Revavroom
|-boost|p2a: Revavroom|spe|2
|-boost|p2a: Revavroom|atk|1
|
|-fieldend|move: Trick Room
|upkeep
|turn|9
|
|t:|1760429832
|move|p2a: Revavroom|Iron Head|p1a: Cresselia
|-crit|p1a: Cresselia
|-damage|p1a: Cresselia|54/100
|move|p1a: Cresselia|Trick Room|p1a: Cresselia
|-fieldstart|move: Trick Room|[of] p1a: Cresselia
|
|upkeep
|turn|10
|
|t:|1760429837
|switch|p1a: Kingambit|Kingambit, M|100/100
|move|p2a: Revavroom|Gunk Shot|p1a: Kingambit
|-immune|p1a: Kingambit
|
|upkeep
|turn|11
|
|t:|1760429847
|-terastallize|p1a: Kingambit|Dark
|move|p1a: Kingambit|Low Kick|p2a: Revavroom
|-damage|p2a: Revavroom|0 fnt
|faint|p2a: Revavroom
|-damage|p1a: Kingambit|91/100|[from] item: Life Orb
|
|upkeep
|
|t:|1760429855
|switch|p2a: Lokix|Lokix, M|100/100
|turn|12
|
|t:|1760429860
|switch|p1a: Hatterene|Hatterene, F|100/100
|-terastallize|p2a: Lokix|Bug
|move|p2a: Lokix|First Impression|p1a: Hatterene
|-damage|p1a: Hatterene|16/100
|
|upkeep
|turn|13
|
|t:|1760429870
|switch|p2a: Comfey|Comfey, F, shiny|100/100
|move|p1a: Hatterene|Psychic|p2a: Comfey
|-damage|p2a: Comfey|43/100
|
|-heal|p2a: Comfey|50/100|[from] item: Leftovers
|-fieldend|move: Trick Room
|upkeep
|turn|14
|
|t:|1760429878
|move|p2a: Comfey|Draining Kiss|p1a: Hatterene
|-damage|p1a: Hatterene|0 fnt
|-heal|p2a: Comfey|62/100|[from] drain|[of] p1a: Hatterene
|faint|p1a: Hatterene
|
|-heal|p2a: Comfey|68/100|[from] item: Leftovers
|upkeep
|
|t:|1760429880
|switch|p1a: Cresselia|Cresselia, F|54/100
|turn|15
|
|t:|1760429889
|move|p2a: Comfey|Calm Mind|p2a: Comfey
|-boost|p2a: Comfey|spa|1
|-boost|p2a: Comfey|spd|1
|move|p1a: Cresselia|Trick Room|p1a: Cresselia
|-fieldstart|move: Trick Room|[of] p1a: Cresselia
|
|-heal|p2a: Comfey|74/100|[from] item: Leftovers
|upkeep
|turn|16
|
|t:|1760429894
|switch|p1a: Kingambit|Kingambit, M, tera:Dark|91/100
|move|p2a: Comfey|Calm Mind|p2a: Comfey
|-boost|p2a: Comfey|spa|1
|-boost|p2a: Comfey|spd|1
|
|-heal|p2a: Comfey|81/100|[from] item: Leftovers
|upkeep
|turn|17
|
|t:|1760429899
|move|p2a: Comfey|Draining Kiss|p1a: Kingambit
|-supereffective|p1a: Kingambit
|-damage|p1a: Kingambit|16/100
|-heal|p2a: Comfey|100/100|[from] drain|[of] p1a: Kingambit
|move|p1a: Kingambit|Iron Head|p2a: Comfey
|-supereffective|p2a: Comfey
|-damage|p2a: Comfey|0 fnt
|faint|p2a: Comfey
|-damage|p1a: Kingambit|6/100|[from] item: Life Orb
|
|upkeep
|
|t:|1760429913
|switch|p2a: Lokix|Lokix, M, tera:Bug|100/100
|turn|18
|
|t:|1760429916
|move|p2a: Lokix|First Impression|p1a: Kingambit
|-supereffective|p1a: Kingambit
|-damage|p1a: Kingambit|0 fnt
|faint|p1a: Kingambit
|
|upkeep
|
|t:|1760429917
|switch|p1a: Raging Bolt|Raging Bolt|100/100
|-enditem|p1a: Raging Bolt|Booster Energy
|-activate|p1a: Raging Bolt|ability: Protosynthesis|[fromitem]
|-start|p1a: Raging Bolt|protosynthesisspa
|turn|19
|
|t:|1760429924
|switch|p2a: Great Tusk|Great Tusk|100/100
|-enditem|p2a: Great Tusk|Booster Energy
|-activate|p2a: Great Tusk|ability: Protosynthesis|[fromitem]
|-start|p2a: Great Tusk|protosynthesisatk
|move|p1a: Raging Bolt|Dragon Pulse|p2a: Great Tusk
|-damage|p2a: Great Tusk|0 fnt
|faint|p2a: Great Tusk
|-end|p2a: Great Tusk|Protosynthesis|[silent]
|
|-fieldend|move: Trick Room
|upkeep
|
|t:|1760429933
|switch|p2a: Dragapult|Dragapult, F|100/100
|turn|20
|
|t:|1760429940
|-end|p1a: Raging Bolt|Protosynthesis|[silent]
|switch|p1a: Empoleon|Empoleon, M|33/100
|move|p2a: Dragapult|Draco Meteor|p1a: Empoleon
|-resisted|p1a: Empoleon
|-damage|p1a: Empoleon|0 fnt
|-unboost|p2a: Dragapult|spa|2
|faint|p1a: Empoleon
|
|upkeep
|
|t:|1760429942
|switch|p1a: Cresselia|Cresselia, F|54/100
|turn|21
|
|t:|1760429950
|switch|p2a: Lokix|Lokix, M, tera:Bug|100/100
|move|p1a: Cresselia|Trick Room|p1a: Cresselia
|-fieldstart|move: Trick Room|[of] p1a: Cresselia
|
|upkeep
|turn|22
|
|t:|1760429956
|move|p2a: Lokix|First Impression|p1a: Cresselia
|-supereffective|p1a: Cresselia
|-damage|p1a: Cresselia|0 fnt
|faint|p1a: Cresselia
|
|upkeep
|
|t:|1760429958
|switch|p1a: Raging Bolt|Raging Bolt|100/100
|turn|23
|
|t:|1760429989
|switch|p2a: Dragapult|Dragapult, F|100/100
|move|p1a: Raging Bolt|Dragon Pulse|p2a: Dragapult
|-supereffective|p2a: Dragapult
|-crit|p2a: Dragapult
|-damage|p2a: Dragapult|0 fnt
|faint|p2a: Dragapult
|
|upkeep
|c|☆mahjini|ggs
|
|t:|1760430003
|switch|p2a: Lokix|Lokix, M, tera:Bug|100/100
|turn|24
|
|t:|1760430012
|move|p2a: Lokix|First Impression|p1a: Raging Bolt
|-damage|p1a: Raging Bolt|40/100
|move|p1a: Raging Bolt|Dragon Pulse|p2a: Lokix
|-damage|p2a: Lokix|7/100
|
|upkeep
|turn|25
|
|t:|1760430021
|move|p2a: Lokix|First Impression||[still]
|-hint|First Impression only works on your first turn out.
|-fail|p2a: Lokix
|move|p1a: Raging Bolt|Dragon Pulse|p2a: Lokix
|-damage|p2a: Lokix|0 fnt
|faint|p2a: Lokix
|
|win|mahjini
|raw|mahjini's rating: 1272 &rarr; <strong>1292</strong><br />(+20 for winning)
|raw|hussein119's rating: 1196 &rarr; <strong>1176</strong><br />(-20 for losing)
|l|☆mahjini
|player|p1|
|l|☆hussein119
|player|p2|
