|j|☆mlap3000
|j|☆Alice Wooper
|t:|1760412641
|gametype|singles
|player|p1|mlap3000|volkner|1358
|player|p2|Alice Wooper|roxie|1389
|gen|9
|tier|[Gen 9] OU
|rated|
|rule|HP Percentage Mod: HP is shown in percentages
|rule|Endless Battle Clause: Forcing endless battles is banned
|rule|Species Clause: Limit one of each Pokémon
|rule|OHKO Clause: OHKO moves are banned
|rule|Evasion Items Clause: Evasion items are banned
|rule|Evasion Moves Clause: Evasion moves are banned
|rule|Evasion Abilities Clause: Evasion abilities are banned
|rule|Sleep Moves Clause: Sleep-inducing moves are banned
|clearpoke
|poke|p1|Primarina, M|
|poke|p1|Cinderace, F|
|poke|p1|Garchomp, F|
|poke|p1|Gliscor, M|
|poke|p1|Zamazenta-*|
|poke|p1|Darkrai|
|poke|p2|Garchomp, M|
|poke|p2|Ting-Lu|
|poke|p2|Heatran, M|
|poke|p2|Great Tusk|
|poke|p2|Dragapult, M|
|poke|p2|Iron Valiant|
|teampreview
|
|t:|1760412650
|teamsize|p1|6
|teamsize|p2|6
|start
|switch|p1a: Garchomp|Garchomp, F|100/100
|switch|p2a: Dragapult|Dragapult, M|100/100
|turn|1
|inactive|Battle timer is ON: inactive players will automatically lose when time's up. (requested by mlap3000)
|
|t:|1760412664
|switch|p1a: Primarina|Primarina, M|100/100
|move|p2a: Dragapult|Draco Meteor|p1a: Primarina
|-immune|p1a: Primarina
|
|upkeep
|turn|2
|
|t:|1760412679
|switch|p2a: Ting-Lu|Ting-Lu|100/100
|-ability|p2a: Ting-Lu|Vessel of Ruin
|move|p1a: Primarina|Moonblast|p2a: Ting-Lu
|-supereffective|p2a: Ting-Lu
|-damage|p2a: Ting-Lu|57/100
|
|-heal|p2a: Ting-Lu|63/100|[from] item: Leftovers
|upkeep
|turn|3
|
|t:|1760412693
|move|p1a: Primarina|Moonblast|p2a: Ting-Lu
|-supereffective|p2a: Ting-Lu
|-damage|p2a: Ting-Lu|22/100
|move|p2a: Ting-Lu|Stealth Rock|p1a: Primarina
|-sidestart|p1: mlap3000|move: Stealth Rock
|
|-heal|p2a: Ting-Lu|28/100|[from] item: Leftovers
|upkeep
|turn|4
|
|t:|1760412703
|move|p1a: Primarina|Surf|p2a: Ting-Lu
|-supereffective|p2a: Ting-Lu
|-damage|p2a: Ting-Lu|0 fnt
|faint|p2a: Ting-Lu
|
|upkeep
|
|t:|1760412713
|switch|p2a: Iron Valiant|Iron Valiant|100/100
|turn|5
|
|t:|1760412718
|move|p2a: Iron Valiant|Trick|p1a: Primarina
|-activate|p2a: Iron Valiant|move: Trick|[of] p1a: Primarina
|-item|p1a: Primarina|Choice Scarf|[from] move: Trick
|-item|p2a: Iron Valiant|Assault Vest|[from] move: Trick
|move|p1a: Primarina|Moonblast|p2a: Iron Valiant
|-supereffective|p2a: Iron Valiant
|-damage|p2a: Iron Valiant|0 fnt
|faint|p2a: Iron Valiant
|-end|p2a: Iron Valiant|Quark Drive|[silent]
|
|upkeep
|
|t:|1760412725
|switch|p2a: Heatran|Heatran, M|100/100
|turn|6
|
|t:|1760412735
|switch|p1a: Cinderace|Cinderace, F|100/100
|move|p2a: Heatran|Protect||[still]
|-fail|p2a: Heatran
|
|upkeep
|turn|7
|
|t:|1760412744
|switch|p2a: Dragapult|Dragapult, M|100/100
|move|p1a: Cinderace|Court Change|p1a: Cinderace
|-swapsideconditions
|-activate|p1a: Cinderace|move: Court Change
|
|upkeep
|turn|8
|
|t:|1760412755
|move|p2a: Dragapult|U-turn|p1a: Cinderace
|-resisted|p1a: Cinderace
|-damage|p1a: Cinderace|91/100
|
|t:|1760412760
|switch|p2a: Great Tusk|Great Tusk|100/100|[from] U-turn
|-damage|p2a: Great Tusk|98/100|[from] Stealth Rock
|move|p1a: Cinderace|U-turn|p2a: Great Tusk
|-resisted|p2a: Great Tusk
|-damage|p2a: Great Tusk|93/100
|-damage|p1a: Cinderace|74/100|[from] item: Rocky Helmet|[of] p2a: Great Tusk
|
|t:|1760412767
|switch|p1a: Primarina|Primarina, M|100/100|[from] U-turn
|
|upkeep
|turn|9
|
|t:|1760412772
|-terastallize|p2a: Great Tusk|Water
|move|p1a: Primarina|Surf|p2a: Great Tusk
|-resisted|p2a: Great Tusk
|-damage|p2a: Great Tusk|63/100
|move|p2a: Great Tusk|Rapid Spin|p1a: Primarina
|-damage|p1a: Primarina|81/100
|-boost|p2a: Great Tusk|spe|1
|-sideend|p2: Alice Wooper|Stealth Rock|[from] move: Rapid Spin|[of] p2a: Great Tusk
|
|upkeep
|turn|10
|
|t:|1760412787
|switch|p1a: 16 bron|Zamazenta|100/100
|-ability|p1a: 16 bron|Dauntless Shield|boost
|-boost|p1a: 16 bron|def|1
|move|p2a: Great Tusk|Headlong Rush|p1a: 16 bron
|-damage|p1a: 16 bron|77/100
|-unboost|p2a: Great Tusk|def|1
|-unboost|p2a: Great Tusk|spd|1
|
|-heal|p1a: 16 bron|83/100|[from] item: Leftovers
|upkeep
|turn|11
|
|t:|1760412798
|-end|p2a: Great Tusk|Protosynthesis|[silent]
|switch|p2a: Dragapult|Dragapult, M|100/100
|move|p1a: 16 bron|Iron Defense|p1a: 16 bron
|-boost|p1a: 16 bron|def|2
|
|-heal|p1a: 16 bron|89/100|[from] item: Leftovers
|upkeep
|turn|12
|
|t:|1760412807
|move|p2a: Dragapult|Draco Meteor|p1a: 16 bron
|-damage|p1a: 16 bron|26/100
|-unboost|p2a: Dragapult|spa|2
|move|p1a: 16 bron|Crunch|p2a: Dragapult
|-supereffective|p2a: Dragapult
|-damage|p2a: Dragapult|38/100
|
|-heal|p1a: 16 bron|32/100|[from] item: Leftovers
|upkeep
|turn|13
|
|t:|1760412824
|switch|p1a: Primarina|Primarina, M|81/100
|move|p2a: Dragapult|Draco Meteor|p1a: Primarina
|-immune|p1a: Primarina
|
|upkeep
|turn|14
|
|t:|1760412833
|switch|p2a: Great Tusk|Great Tusk, tera:Water|63/100
|switch|p1a: Garchomp|Garchomp, F|100/100
|
|upkeep
|turn|15
|
|t:|1760412855
|-terastallize|p1a: Garchomp|Fire
|move|p1a: Garchomp|Scale Shot|p2a: Great Tusk
|-damage|p2a: Great Tusk|55/100
|-damage|p2a: Great Tusk|49/100
|-damage|p2a: Great Tusk|42/100
|-damage|p2a: Great Tusk|34/100
|-hitcount|p2a: Great Tusk|4
|-unboost|p1a: Garchomp|def|1
|-boost|p1a: Garchomp|spe|1
|move|p2a: Great Tusk|Ice Spinner|p1a: Garchomp
|-resisted|p1a: Garchomp
|-damage|p1a: Garchomp|82/100
|-damage|p2a: Great Tusk|21/100|[from] ability: Rough Skin|[of] p1a: Garchomp
|
|upkeep
|turn|16
|
|t:|1760412869
|move|p1a: Garchomp|Scale Shot|p2a: Great Tusk
|-damage|p2a: Great Tusk|14/100
|-damage|p2a: Great Tusk|7/100
|-damage|p2a: Great Tusk|0 fnt
|faint|p2a: Great Tusk
|-end|p2a: Great Tusk|Protosynthesis|[silent]
|-hitcount|p2: Great Tusk|3
|-unboost|p1a: Garchomp|def|1
|-boost|p1a: Garchomp|spe|1
|
|upkeep
|
|t:|1760412880
|switch|p2a: Dragapult|Dragapult, M|38/100
|turn|17
|
|t:|1760412889
|move|p1a: Garchomp|Earthquake|p2a: Dragapult
|-damage|p2a: Dragapult|0 fnt
|faint|p2a: Dragapult
|
|upkeep
|
|t:|1760412893
|switch|p2a: Garchomp|Garchomp, M, shiny|100/100
|turn|18
|-message|Alice Wooper forfeited.
|
|win|mlap3000
|raw|mlap3000's rating: 1358 &rarr; <strong>1380</strong><br />(+22 for winning)
|raw|Alice Wooper's rating: 1389 &rarr; <strong>1367</strong><br />(-22 for losing)
|l|☆Alice Wooper
|player|p2|
