|j|☆egoistou
|j|☆Spooky_boup
|t:|1760328357
|gametype|singles
|player|p1|egoistou|striker|1311
|player|p2|Spooky_boup|hiker-gen4|1316
|gen|9
|tier|[Gen 9] OU
|rated|
|rule|HP Percentage Mod: HP is shown in percentages
|rule|Endless Battle Clause: Forcing endless battles is banned
|rule|Species Clause: Limit one of each Pokémon
|rule|OHKO Clause: OHKO moves are banned
|rule|Evasion Items Clause: Evasion items are banned
|rule|Evasion Moves Clause: Evasion moves are banned
|rule|Evasion Abilities Clause: Evasion abilities are banned
|rule|Sleep Moves Clause: Sleep-inducing moves are banned
|clearpoke
|poke|p1|Quaquaval, F|
|poke|p1|Rillaboom, M|
|poke|p1|Hawlucha, F|
|poke|p1|Iron Treads|
|poke|p1|Dragapult, M|
|poke|p1|Raging Bolt|
|poke|p2|Tyranitar, M|
|poke|p2|Excadrill, M|
|poke|p2|Zapdos|
|poke|p2|Ceruledge, F|
|poke|p2|Darkrai|
|poke|p2|Primarina, F|
|teampreview
|
|t:|1760328372
|teamsize|p1|6
|teamsize|p2|6
|start
|switch|p1a: Iron Treads|Iron Treads|100/100
|switch|p2a: Ceruledge|Ceruledge, F|100/100
|-enditem|p1a: Iron Treads|Booster Energy
|-activate|p1a: Iron Treads|ability: Quark Drive|[fromitem]
|-start|p1a: Iron Treads|quarkdrivespe
|turn|1
|inactive|Battle timer is ON: inactive players will automatically lose when time's up. (requested by egoistou)
|
|t:|1760328380
|move|p1a: Iron Treads|Earth Power|p2a: Ceruledge
|-supereffective|p2a: Ceruledge
|-damage|p2a: Ceruledge|24/100
|move|p2a: Ceruledge|Bitter Blade|p1a: Iron Treads
|-supereffective|p1a: Iron Treads
|-damage|p1a: Iron Treads|20/100
|-heal|p2a: Ceruledge|69/100|[from] drain|[of] p1a: Iron Treads
|
|upkeep
|turn|2
|
|t:|1760328389
|move|p1a: Iron Treads|Earth Power|p2a: Ceruledge
|-supereffective|p2a: Ceruledge
|-damage|p2a: Ceruledge|0 fnt
|faint|p2a: Ceruledge
|
|upkeep
|
|t:|1760328398
|switch|p2a: Zapdos|Zapdos|100/100
|turn|3
|
|t:|1760328403
|move|p1a: Iron Treads|Stealth Rock|p2a: Zapdos
|-sidestart|p2: Spooky_boup|move: Stealth Rock
|move|p2a: Zapdos|Hurricane|p1a: Iron Treads
|-resisted|p1a: Iron Treads
|-damage|p1a: Iron Treads|0 fnt
|faint|p1a: Iron Treads
|-end|p1a: Iron Treads|Quark Drive|[silent]
|
|upkeep
|
|t:|1760328417
|switch|p1a: Raging Bolt|Raging Bolt|100/100
|-enditem|p1a: Raging Bolt|Booster Energy
|-activate|p1a: Raging Bolt|ability: Protosynthesis|[fromitem]
|-start|p1a: Raging Bolt|protosynthesisspa
|turn|4
|
|t:|1760328431
|-end|p1a: Raging Bolt|Protosynthesis|[silent]
|switch|p1a: Rillaboom|Rillaboom, M|100/100
|-fieldstart|move: Grassy Terrain|[from] ability: Grassy Surge|[of] p1a: Rillaboom
|move|p2a: Zapdos|Hurricane|p1a: Rillaboom
|-supereffective|p1a: Rillaboom
|-damage|p1a: Rillaboom|0 fnt
|faint|p1a: Rillaboom
|
|upkeep
|
|t:|1760328438
|switch|p1a: Raging Bolt|Raging Bolt|100/100
|turn|5
|
|t:|1760328441
|move|p1a: Raging Bolt|Calm Mind|p1a: Raging Bolt
|-boost|p1a: Raging Bolt|spa|1
|-boost|p1a: Raging Bolt|spd|1
|move|p2a: Zapdos|Hurricane|p1a: Raging Bolt|[miss]
|-miss|p2a: Zapdos|p1a: Raging Bolt
|
|upkeep
|turn|6
|
|t:|1760328454
|switch|p2a: Tyranitar|Tyranitar, M|100/100
|-damage|p2a: Tyranitar|88/100|[from] Stealth Rock
|-weather|Sandstorm|[from] ability: Sand Stream|[of] p2a: Tyranitar
|move|p1a: Raging Bolt|Calm Mind|p1a: Raging Bolt
|-boost|p1a: Raging Bolt|spa|1
|-boost|p1a: Raging Bolt|spd|1
|
|-weather|Sandstorm|[upkeep]
|-damage|p1a: Raging Bolt|94/100|[from] Sandstorm
|-heal|p1a: Raging Bolt|100/100|[from] Grassy Terrain
|-heal|p2a: Tyranitar|94/100|[from] Grassy Terrain
|upkeep
|turn|7
|
|t:|1760328461
|move|p1a: Raging Bolt|Draco Meteor|p2a: Tyranitar
|-damage|p2a: Tyranitar|1/100
|-unboost|p1a: Raging Bolt|spa|2
|move|p2a: Tyranitar|Earthquake|p1a: Raging Bolt
|-supereffective|p1a: Raging Bolt
|-damage|p1a: Raging Bolt|63/100
|
|-weather|Sandstorm|[upkeep]
|-damage|p1a: Raging Bolt|57/100|[from] Sandstorm
|-heal|p1a: Raging Bolt|63/100|[from] Grassy Terrain
|-heal|p2a: Tyranitar|7/100|[from] Grassy Terrain
|upkeep
|turn|8
|
|t:|1760328474
|move|p1a: Raging Bolt|Thunderbolt|p2a: Tyranitar
|-damage|p2a: Tyranitar|0 fnt
|faint|p2a: Tyranitar
|
|-weather|Sandstorm|[upkeep]
|-damage|p1a: Raging Bolt|57/100|[from] Sandstorm
|-heal|p1a: Raging Bolt|63/100|[from] Grassy Terrain
|-fieldend|move: Grassy Terrain
|upkeep
|
|t:|1760328490
|switch|p2a: Excadrill|Excadrill, M, shiny|100/100
|-damage|p2a: Excadrill|97/100|[from] Stealth Rock
|turn|9
|
|t:|1760328499
|-end|p1a: Raging Bolt|Protosynthesis|[silent]
|switch|p1a: Hawlucha|Hawlucha, F, shiny|100/100
|move|p2a: Excadrill|Earthquake|p1a: Hawlucha
|-immune|p1a: Hawlucha
|
|-weather|Sandstorm|[upkeep]
|-damage|p1a: Hawlucha|94/100|[from] Sandstorm
|upkeep
|turn|10
|
|t:|1760328508
|switch|p2a: Zapdos|Zapdos|100/100
|switch|p1a: Dragapult|Dragapult, M|100/100
|
|-weather|Sandstorm|[upkeep]
|-damage|p1a: Dragapult|95/100|[from] Sandstorm
|-damage|p2a: Zapdos|94/100|[from] Sandstorm
|upkeep
|turn|11
|
|t:|1760328514
|switch|p1a: Raging Bolt|Raging Bolt|63/100
|move|p2a: Zapdos|Thunder Wave|p1a: Raging Bolt
|-immune|p1a: Raging Bolt
|
|-weather|Sandstorm|[upkeep]
|-damage|p1a: Raging Bolt|57/100|[from] Sandstorm
|-damage|p2a: Zapdos|88/100|[from] Sandstorm
|upkeep
|turn|12
|
|t:|1760328519
|switch|p2a: Excadrill|Excadrill, M, shiny|97/100
|-damage|p2a: Excadrill|94/100|[from] Stealth Rock
|move|p1a: Raging Bolt|Draco Meteor|p2a: Excadrill
|-resisted|p2a: Excadrill
|-damage|p2a: Excadrill|40/100
|-unboost|p1a: Raging Bolt|spa|2
|
|-weather|Sandstorm|[upkeep]
|-damage|p1a: Raging Bolt|51/100|[from] Sandstorm
|upkeep
|turn|13
|
|t:|1760328529
|-end|p1a: Raging Bolt|Protosynthesis|[silent]
|switch|p1a: Quaquaval|Quaquaval, F|100/100
|move|p2a: Excadrill|Iron Head|p1a: Quaquaval
|-resisted|p1a: Quaquaval
|-damage|p1a: Quaquaval|56/100
|
|-weather|none
|upkeep
|turn|14
|
|t:|1760328540
|move|p2a: Excadrill|Iron Head|p1a: Quaquaval
|-resisted|p1a: Quaquaval
|-damage|p1a: Quaquaval|16/100
|move|p1a: Quaquaval|Triple Axel|p2a: Excadrill
|-damage|p2a: Excadrill|30/100
|-hitcount|p2a: Excadrill|1
|
|upkeep
|turn|15
|
|t:|1760328547
|move|p2a: Excadrill|Iron Head|p1a: Quaquaval
|-resisted|p1a: Quaquaval
|-damage|p1a: Quaquaval|0 fnt
|faint|p1a: Quaquaval
|
|upkeep
|
|t:|1760328551
|switch|p1a: Hawlucha|Hawlucha, F, shiny|94/100
|turn|16
|
|t:|1760328560
|move|p2a: Excadrill|Iron Head|p1a: Hawlucha
|-damage|p1a: Hawlucha|10/100
|move|p1a: Hawlucha|Close Combat|p2a: Excadrill
|-supereffective|p2a: Excadrill
|-damage|p2a: Excadrill|0 fnt
|-unboost|p1a: Hawlucha|def|1
|-unboost|p1a: Hawlucha|spd|1
|faint|p2a: Excadrill
|
|upkeep
|
|t:|1760328568
|switch|p2a: Primarina|Primarina, F|100/100
|-damage|p2a: Primarina|88/100|[from] Stealth Rock
|turn|17
|
|t:|1760328574
|move|p1a: Hawlucha|Acrobatics|p2a: Primarina
|-crit|p2a: Primarina
|-damage|p2a: Primarina|59/100
|move|p2a: Primarina|Draining Kiss|p1a: Hawlucha
|-supereffective|p1a: Hawlucha
|-damage|p1a: Hawlucha|0 fnt
|-heal|p2a: Primarina|65/100|[from] drain|[of] p1a: Hawlucha
|faint|p1a: Hawlucha
|
|-heal|p2a: Primarina|71/100|[from] item: Leftovers
|upkeep
|
|t:|1760328579
|switch|p1a: Dragapult|Dragapult, M|95/100
|turn|18
|
|t:|1760328591
|-terastallize|p1a: Dragapult|Ghost
|move|p1a: Dragapult|Thunder Wave|p2a: Primarina
|-status|p2a: Primarina|par
|move|p2a: Primarina|Draining Kiss|p1a: Dragapult
|-damage|p1a: Dragapult|65/100
|-heal|p2a: Primarina|91/100 par|[from] drain|[of] p1a: Dragapult
|
|-heal|p2a: Primarina|97/100 par|[from] item: Leftovers
|upkeep
|turn|19
|
|t:|1760328600
|move|p1a: Dragapult|Hex|p2a: Primarina
|-damage|p2a: Primarina|35/100 par
|move|p2a: Primarina|Substitute|p2a: Primarina
|-start|p2a: Primarina|Substitute
|-damage|p2a: Primarina|10/100 par
|
|-heal|p2a: Primarina|16/100 par|[from] item: Leftovers
|upkeep
|turn|20
|
|t:|1760328608
|move|p1a: Dragapult|Hex|p2a: Primarina
|-damage|p2a: Primarina|0 fnt
|faint|p2a: Primarina
|
|upkeep
|
|t:|1760328615
|switch|p2a: Zapdos|Zapdos|88/100
|turn|21
|
|t:|1760328620
|switch|p1a: Raging Bolt|Raging Bolt|51/100
|move|p2a: Zapdos|Thunderbolt|p1a: Raging Bolt
|-resisted|p1a: Raging Bolt
|-crit|p1a: Raging Bolt
|-damage|p1a: Raging Bolt|32/100
|
|upkeep
|turn|22
|
|t:|1760328627
|move|p1a: Raging Bolt|Calm Mind|p1a: Raging Bolt
|-boost|p1a: Raging Bolt|spa|1
|-boost|p1a: Raging Bolt|spd|1
|move|p2a: Zapdos|Hurricane|p1a: Raging Bolt
|-resisted|p1a: Raging Bolt
|-damage|p1a: Raging Bolt|11/100
|-start|p1a: Raging Bolt|confusion
|
|upkeep
|turn|23
|
|t:|1760328634
|-activate|p1a: Raging Bolt|confusion
|move|p1a: Raging Bolt|Draco Meteor|p2a: Zapdos
|-damage|p2a: Zapdos|0 fnt
|-unboost|p1a: Raging Bolt|spa|2
|faint|p2a: Zapdos
|
|upkeep
|
|t:|1760328639
|switch|p2a: Darkrai|Darkrai|100/100
|-damage|p2a: Darkrai|88/100|[from] Stealth Rock
|turn|24
|
|t:|1760328645
|-activate|p1a: Raging Bolt|confusion
|move|p1a: Raging Bolt|Thunderclap|p2a: Darkrai
|-damage|p2a: Darkrai|50/100
|move|p2a: Darkrai|Ice Beam|p1a: Raging Bolt
|-supereffective|p1a: Raging Bolt
|-damage|p1a: Raging Bolt|0 fnt
|faint|p1a: Raging Bolt
|-end|p1a: Raging Bolt|Protosynthesis|[silent]
|-damage|p2a: Darkrai|40/100|[from] item: Life Orb
|
|upkeep
|
|t:|1760328648
|switch|p1a: Dragapult|Dragapult, M, tera:Ghost|65/100
|turn|25
|
|t:|1760328655
|move|p1a: Dragapult|Draco Meteor|p2a: Darkrai
|-damage|p2a: Darkrai|0 fnt
|-unboost|p1a: Dragapult|spa|2
|faint|p2a: Darkrai
|
|win|egoistou
|raw|egoistou's rating: 1311 &rarr; <strong>1331</strong><br />(+20 for winning)
|raw|Spooky_boup's rating: 1316 &rarr; <strong>1296</strong><br />(-20 for losing)
|l|☆egoistou
|player|p1|
|l|☆Spooky_boup
|player|p2|
