|j|☆ChickenTalk2006
|j|☆dr. drake6782
|t:|1760315744
|gametype|singles
|player|p1|ChickenTalk2006|galacticgrunt|1678
|player|p2|dr. drake6782|hilbert-masters|1617
|gen|9
|tier|[Gen 9] OU
|rated|
|rule|HP Percentage Mod: HP is shown in percentages
|rule|Endless Battle Clause: Forcing endless battles is banned
|rule|Species Clause: Limit one of each Pokémon
|rule|OHKO Clause: OHKO moves are banned
|rule|Evasion Items Clause: Evasion items are banned
|rule|Evasion Moves Clause: Evasion moves are banned
|rule|Evasion Abilities Clause: Evasion abilities are banned
|rule|Sleep Moves Clause: Sleep-inducing moves are banned
|clearpoke
|poke|p1|Enamorus, F|
|poke|p1|Iron Hands|
|poke|p1|Kingambit, F|
|poke|p1|Cinderace, F|
|poke|p1|Rhyperior, M|
|poke|p1|Volcanion|
|poke|p2|Gholdengo|
|poke|p2|Ceruledge, F|
|poke|p2|Enamorus, F|
|poke|p2|Ribombee, M|
|poke|p2|Quaquaval, F|
|poke|p2|Iron Treads|
|teampreview
|inactive|Battle timer is ON: inactive players will automatically lose when time's up. (requested by dr. drake6782)
|inactive|ChickenTalk2006 has 120 seconds left.
|
|t:|1760315792
|teamsize|p1|6
|teamsize|p2|6
|start
|switch|p1a: Cinderace|Cinderace, F|100/100
|switch|p2a: Ribombee|Ribombee, M, shiny|100/100
|turn|1
|
|t:|1760315807
|move|p2a: Ribombee|Stun Spore|p1a: Cinderace
|-status|p1a: Cinderace|par
|move|p1a: Cinderace|Pyro Ball|p2a: Ribombee
|-supereffective|p2a: Ribombee
|-enditem|p2a: Ribombee|Focus Sash
|-damage|p2a: Ribombee|1/100
|
|upkeep
|turn|2
|
|t:|1760315815
|move|p2a: Ribombee|Sticky Web|p1a: Cinderace
|-sidestart|p1: ChickenTalk2006|move: Sticky Web
|move|p1a: Cinderace|Pyro Ball|p2a: Ribombee
|-supereffective|p2a: Ribombee
|-damage|p2a: Ribombee|0 fnt
|faint|p2a: Ribombee
|
|upkeep
|
|t:|1760315822
|switch|p2a: Quaquaval|Quaquaval, F|100/100
|turn|3
|
|t:|1760315825
|move|p2a: Quaquaval|Aqua Step|p1a: Cinderace
|-supereffective|p1a: Cinderace
|-enditem|p1a: Cinderace|Focus Sash
|-damage|p1a: Cinderace|1/100 par
|-boost|p2a: Quaquaval|spe|1
|cant|p1a: Cinderace|par
|
|upkeep
|turn|4
|
|t:|1760315830
|move|p2a: Quaquaval|Aqua Step|p1a: Cinderace
|-supereffective|p1a: Cinderace
|-damage|p1a: Cinderace|0 fnt
|-boost|p2a: Quaquaval|spe|1
|faint|p1a: Cinderace
|-ability|p2a: Quaquaval|Moxie|boost
|-boost|p2a: Quaquaval|atk|1
|
|upkeep
|c|☆dr. drake6782|lmfao
|
|t:|1760315843
|switch|p1a: Enamorus|Enamorus, F|100/100
|turn|5
|
|t:|1760315847
|-terastallize|p2a: Quaquaval|Steel
|move|p2a: Quaquaval|Aqua Step|p1a: Enamorus
|-damage|p1a: Enamorus|8/100
|-boost|p2a: Quaquaval|spe|1
|move|p1a: Enamorus|Moonblast|p2a: Quaquaval
|-resisted|p2a: Quaquaval
|-damage|p2a: Quaquaval|77/100
|
|upkeep
|turn|6
|
|t:|1760315854
|move|p2a: Quaquaval|Aqua Step|p1a: Enamorus
|-damage|p1a: Enamorus|0 fnt
|-boost|p2a: Quaquaval|spe|1
|faint|p1a: Enamorus
|-ability|p2a: Quaquaval|Moxie|boost
|-boost|p2a: Quaquaval|atk|1
|
|upkeep
|
|t:|1760315858
|switch|p1a: Iron Hands|Iron Hands|100/100
|-activate|p1a: Iron Hands|move: Sticky Web
|-unboost|p1a: Iron Hands|spe|1
|turn|7
|
|t:|1760315861
|-terastallize|p1a: Iron Hands|Ghost
|move|p2a: Quaquaval|Close Combat|p1a: Iron Hands
|-immune|p1a: Iron Hands
|move|p1a: Iron Hands|Drain Punch|p2a: Quaquaval
|-supereffective|p2a: Quaquaval
|-damage|p2a: Quaquaval|0 fnt
|faint|p2a: Quaquaval
|
|upkeep
|
|t:|1760315867
|switch|p2a: Ceruledge|Ceruledge, F|100/100
|turn|8
|
|t:|1760315870
|-end|p1a: Iron Hands|Quark Drive|[silent]
|switch|p1a: Rhyperior|Rhyperior, M, shiny|100/100
|-activate|p1a: Rhyperior|move: Sticky Web
|-unboost|p1a: Rhyperior|spe|1
|move|p2a: Ceruledge|Swords Dance|p2a: Ceruledge
|-boost|p2a: Ceruledge|atk|2
|
|upkeep
|turn|9
|
|t:|1760315872
|move|p2a: Ceruledge|Poltergeist|p1a: Rhyperior
|-activate|p1a: Rhyperior|move: Poltergeist|Quick Claw
|-crit|p1a: Rhyperior
|-damage|p1a: Rhyperior|0 fnt
|faint|p1a: Rhyperior
|
|upkeep
|c|☆dr. drake6782|LMAO
|
|t:|1760315878
|switch|p1a: Volcanion|Volcanion|100/100
|-activate|p1a: Volcanion|move: Sticky Web
|-unboost|p1a: Volcanion|spe|1
|turn|10
|
|t:|1760315880
|move|p2a: Ceruledge|Poltergeist|p1a: Volcanion
|-activate|p1a: Volcanion|move: Poltergeist|Shuca Berry
|-damage|p1a: Volcanion|0 fnt
|faint|p1a: Volcanion
|
|upkeep
|c|☆dr. drake6782|this is kinda ez
|c|☆dr. drake6782|ngl
|-message|ChickenTalk2006 forfeited.
|
|win|dr. drake6782
|raw|ChickenTalk2006's rating: 1678 &rarr; <strong>1655</strong><br />(-23 for losing)
|raw|dr. drake6782's rating: 1617 &rarr; <strong>1640</strong><br />(+23 for winning)
|l|☆ChickenTalk2006
|player|p1|
|l|☆dr. drake6782
|player|p2|
