|j|☆slider04
|j|☆enormouschilli
|t:|1760393288
|gametype|singles
|player|p1|slider04|1|1407
|player|p2|enormouschilli|1|1426
|gen|9
|tier|[Gen 9] OU
|rated|
|rule|HP Percentage Mod: HP is shown in percentages
|rule|Endless Battle Clause: Forcing endless battles is banned
|rule|Species Clause: Limit one of each Pokémon
|rule|OHKO Clause: OHKO moves are banned
|rule|Evasion Items Clause: Evasion items are banned
|rule|Evasion Moves Clause: Evasion moves are banned
|rule|Evasion Abilities Clause: Evasion abilities are banned
|rule|Sleep Moves Clause: Sleep-inducing moves are banned
|clearpoke
|poke|p1|Hoopa-Unbound|
|poke|p1|Rillaboom, M|
|poke|p1|Metagross|
|poke|p1|Dragapult, M|
|poke|p1|Kyurem|
|poke|p1|Corviknight, M|
|poke|p2|Iron Moth|
|poke|p2|Kingambit, M|
|poke|p2|Deoxys-Speed|
|poke|p2|Raging Bolt|
|poke|p2|Rillaboom, M|
|poke|p2|Eiscue, F|
|teampreview
|inactive|Battle timer is ON: inactive players will automatically lose when time's up. (requested by slider04)
|
|t:|1760393307
|teamsize|p1|6
|teamsize|p2|6
|start
|switch|p1a: Metagross|Metagross|100/100
|switch|p2a: Eiscue|Eiscue, F|100/100
|turn|1
|
|t:|1760393316
|move|p2a: Eiscue|Belly Drum|p2a: Eiscue
|-damage|p2a: Eiscue|51/100
|-setboost|p2a: Eiscue|atk|6|[from] move: Belly Drum
|move|p1a: Metagross|Stealth Rock|p2a: Eiscue
|-sidestart|p2: enormouschilli|move: Stealth Rock
|
|upkeep
|turn|2
|
|t:|1760393326
|move|p1a: Metagross|Bullet Punch|p2a: Eiscue
|-activate|p2a: Eiscue|ability: Ice Face
|-damage|p2a: Eiscue|51/100
|detailschange|p2a: Eiscue|Eiscue-Noice, F
|move|p2a: Eiscue|Liquidation|p1a: Metagross
|-damage|p1a: Metagross|36/100
|
|-heal|p1a: Metagross|42/100|[from] item: Leftovers
|upkeep
|turn|3
|
|t:|1760393339
|move|p1a: Metagross|Bullet Punch|p2a: Eiscue
|-supereffective|p2a: Eiscue
|-damage|p2a: Eiscue|0 fnt
|faint|p2a: Eiscue
|
|-heal|p1a: Metagross|48/100|[from] item: Leftovers
|upkeep
|
|t:|1760393343
|switch|p2a: Anomаly|Iron Moth|100/100
|-damage|p2a: Anomаly|76/100|[from] Stealth Rock
|-enditem|p2a: Anomаly|Booster Energy
|-activate|p2a: Anomаly|ability: Quark Drive|[fromitem]
|-start|p2a: Anomаly|quarkdrivespe
|turn|4
|
|t:|1760393352
|switch|p1a: Rillaboom|Rillaboom, M|100/100
|-fieldstart|move: Grassy Terrain|[from] ability: Grassy Surge|[of] p1a: Rillaboom
|-enditem|p1a: Rillaboom|Grassy Seed
|-boost|p1a: Rillaboom|def|1|[from] item: Grassy Seed
|move|p2a: Anomаly|Fiery Dance|p1a: Rillaboom
|-supereffective|p1a: Rillaboom
|-damage|p1a: Rillaboom|0 fnt
|faint|p1a: Rillaboom
|
|-heal|p2a: Anomаly|82/100|[from] Grassy Terrain
|upkeep
|
|t:|1760393364
|switch|p1a: Hoopa|Hoopa-Unbound|100/100
|-enditem|p1a: Hoopa|Grassy Seed
|-boost|p1a: Hoopa|def|1|[from] item: Grassy Seed
|turn|5
|
|t:|1760393385
|move|p2a: Anomаly|Sludge Wave|p1a: Hoopa
|-damage|p1a: Hoopa|57/100
|move|p1a: Hoopa|Hyperspace Fury|p2a: Anomаly
|-damage|p2a: Anomаly|0 fnt
|-unboost|p1a: Hoopa|def|1
|faint|p2a: Anomаly
|-end|p2a: Anomаly|Quark Drive|[silent]
|
|-heal|p1a: Hoopa|63/100|[from] Grassy Terrain
|upkeep
|
|t:|1760393394
|switch|p2a: Rillaboom|Rillaboom, M|100/100
|-damage|p2a: Rillaboom|88/100|[from] Stealth Rock
|turn|6
|
|t:|1760393398
|switch|p1a: Corviknight|Corviknight, M|100/100
|-ability|p1a: Corviknight|Pressure
|move|p2a: Rillaboom|U-turn|p1a: Corviknight
|-resisted|p1a: Corviknight
|-damage|p1a: Corviknight|97/100
|
|t:|1760393403
|switch|p2a: Raging Bolt|Raging Bolt|100/100|[from] U-turn
|-damage|p2a: Raging Bolt|88/100|[from] Stealth Rock
|-enditem|p2a: Raging Bolt|Booster Energy
|-activate|p2a: Raging Bolt|ability: Protosynthesis|[fromitem]
|-start|p2a: Raging Bolt|protosynthesisspa
|
|-heal|p2a: Raging Bolt|94/100|[from] Grassy Terrain
|-heal|p1a: Corviknight|100/100|[from] item: Leftovers
|upkeep
|turn|7
|
|t:|1760393412
|move|p2a: Raging Bolt|Calm Mind|p2a: Raging Bolt
|-boost|p2a: Raging Bolt|spa|1
|-boost|p2a: Raging Bolt|spd|1
|move|p1a: Corviknight|U-turn|p2a: Raging Bolt
|-damage|p2a: Raging Bolt|82/100
|
|t:|1760393419
|switch|p1a: Kyurem|Kyurem|100/100|[from] U-turn
|-ability|p1a: Kyurem|Pressure
|
|-heal|p2a: Raging Bolt|88/100|[from] Grassy Terrain
|upkeep
|turn|8
|
|t:|1760393426
|-terastallize|p2a: Raging Bolt|Fairy
|move|p1a: Kyurem|Draco Meteor|p2a: Raging Bolt
|-immune|p2a: Raging Bolt
|move|p2a: Raging Bolt|Dragon Pulse|p1a: Kyurem
|-supereffective|p1a: Kyurem
|-damage|p1a: Kyurem|0 fnt
|faint|p1a: Kyurem
|
|-heal|p2a: Raging Bolt|94/100|[from] Grassy Terrain
|-fieldend|move: Grassy Terrain
|upkeep
|
|t:|1760393430
|switch|p1a: Metagross|Metagross|48/100
|turn|9
|
|t:|1760393443
|move|p2a: Raging Bolt|Thunderclap|p1a: Metagross
|-damage|p1a: Metagross|0 fnt
|faint|p1a: Metagross
|
|upkeep
|
|t:|1760393455
|switch|p1a: Dragapult|Dragapult, M|100/100
|turn|10
|
|t:|1760393463
|move|p1a: Dragapult|Curse|p2a: Raging Bolt
|-start|p2a: Raging Bolt|Curse|[of] p1a: Dragapult
|-damage|p1a: Dragapult|51/100
|move|p2a: Raging Bolt|Dragon Pulse|p1a: Dragapult
|-supereffective|p1a: Dragapult
|-damage|p1a: Dragapult|0 fnt
|faint|p1a: Dragapult
|
|-damage|p2a: Raging Bolt|69/100|[from] Curse
|upkeep
|
|t:|1760393468
|switch|p1a: Hoopa|Hoopa-Unbound|63/100
|turn|11
|
|t:|1760393477
|move|p1a: Hoopa|Ice Punch|p2a: Raging Bolt
|-damage|p2a: Raging Bolt|44/100
|move|p2a: Raging Bolt|Thunderbolt|p1a: Hoopa
|-damage|p1a: Hoopa|0 fnt
|faint|p1a: Hoopa
|
|-damage|p2a: Raging Bolt|19/100|[from] Curse
|upkeep
|
|t:|1760393482
|switch|p1a: Corviknight|Corviknight, M|100/100
|-ability|p1a: Corviknight|Pressure
|turn|12
|
|t:|1760393488
|-terastallize|p1a: Corviknight|Dragon
|move|p2a: Raging Bolt|Thunderbolt|p1a: Corviknight
|-resisted|p1a: Corviknight
|-damage|p1a: Corviknight|46/100
|move|p1a: Corviknight|Roost|p1a: Corviknight
|-heal|p1a: Corviknight|96/100
|
|-heal|p1a: Corviknight|100/100|[from] item: Leftovers
|-damage|p2a: Raging Bolt|0 fnt|[from] Curse
|faint|p2a: Raging Bolt
|-end|p2a: Raging Bolt|Protosynthesis|[silent]
|upkeep
|
|t:|1760393494
|switch|p2a: Deoxys|Deoxys-Speed|100/100
|-damage|p2a: Deoxys|88/100|[from] Stealth Rock
|-ability|p2a: Deoxys|Pressure
|turn|13
|
|t:|1760393503
|move|p2a: Deoxys|Nasty Plot|p2a: Deoxys
|-boost|p2a: Deoxys|spa|2
|move|p1a: Corviknight|U-turn|p2a: Deoxys
|-supereffective|p2a: Deoxys
|-damage|p2a: Deoxys|45/100
|
|upkeep
|turn|14
|
|t:|1760393506
|move|p2a: Deoxys|Psycho Boost|p1a: Corviknight|[miss]
|-miss|p2a: Deoxys|p1a: Corviknight
|move|p1a: Corviknight|U-turn|p2a: Deoxys
|-supereffective|p2a: Deoxys
|-damage|p2a: Deoxys|2/100
|
|upkeep
|turn|15
|
|t:|1760393512
|move|p2a: Deoxys|Psycho Boost|p1a: Corviknight
|-damage|p1a: Corviknight|0 fnt
|-unboost|p2a: Deoxys|spa|2
|faint|p1a: Corviknight
|-damage|p2a: Deoxys|0 fnt|[from] item: Life Orb
|faint|p2a: Deoxys
|
|win|enormouschilli
|raw|slider04's rating: 1407 &rarr; <strong>1388</strong><br />(-19 for losing)
|raw|enormouschilli's rating: 1426 &rarr; <strong>1445</strong><br />(+19 for winning)
|l|☆slider04
|player|p1|
