|j|☆Swaglord03
|j|☆CourtTre
|t:|1760453174
|gametype|singles
|player|p1|Swaglord03|brock|1300
|player|p2|CourtTre|clair|1282
|gen|9
|tier|[Gen 9] OU
|rated|
|rule|HP Percentage Mod: HP is shown in percentages
|rule|Endless Battle Clause: Forcing endless battles is banned
|rule|Species Clause: Limit one of each Pokémon
|rule|OHKO Clause: OHKO moves are banned
|rule|Evasion Items Clause: Evasion items are banned
|rule|Evasion Moves Clause: Evasion moves are banned
|rule|Evasion Abilities Clause: Evasion abilities are banned
|rule|Sleep Moves Clause: Sleep-inducing moves are banned
|clearpoke
|poke|p1|Alcremie-Ruby-Cream, F|
|poke|p1|Grimmsnarl, M|
|poke|p1|Great Tusk|
|poke|p1|Corviknight, F|
|poke|p1|Electrode-Hisui|
|poke|p1|Kommo-o, M|
|poke|p2|Smeargle, M|
|poke|p2|Salazzle, F|
|poke|p2|Great Tusk|
|poke|p2|Cloyster, F|
|poke|p2|Polteageist|
|poke|p2|Quaquaval, F|
|teampreview
|inactive|Battle timer is ON: inactive players will automatically lose when time's up. (requested by Swaglord03)
|
|t:|1760453189
|teamsize|p1|6
|teamsize|p2|6
|start
|switch|p1a: Kommo-o|Kommo-o, M|100/100
|switch|p2a: Smeargle|Smeargle, M|100/100
|turn|1
|
|t:|1760453192
|move|p2a: Smeargle|Toxic Thread|p1a: Kommo-o
|-unboost|p1a: Kommo-o|spe|1
|-status|p1a: Kommo-o|psn
|move|p1a: Kommo-o|Close Combat|p2a: Smeargle
|-supereffective|p2a: Smeargle
|-enditem|p2a: Smeargle|Focus Sash
|-damage|p2a: Smeargle|1/100
|-unboost|p1a: Kommo-o|def|1
|-unboost|p1a: Kommo-o|spd|1
|
|-damage|p1a: Kommo-o|88/100 psn|[from] psn
|upkeep
|turn|2
|
|t:|1760453198
|move|p2a: Smeargle|Endeavor|p1a: Kommo-o
|-damage|p1a: Kommo-o|1/100 psn
|move|p1a: Kommo-o|Close Combat|p2a: Smeargle
|-supereffective|p2a: Smeargle
|-damage|p2a: Smeargle|0 fnt
|-unboost|p1a: Kommo-o|def|1
|-unboost|p1a: Kommo-o|spd|1
|faint|p2a: Smeargle
|
|-damage|p1a: Kommo-o|0 fnt|[from] psn
|faint|p1a: Kommo-o
|upkeep
|
|t:|1760453206
|switch|p2a: Salazzle|Salazzle, F, shiny|100/100
|switch|p1a: Grimmsnarl|Grimmsnarl, M|100/100
|turn|3
|
|t:|1760453214
|move|p1a: Grimmsnarl|Light Screen|p1a: Grimmsnarl
|-sidestart|p1: Swaglord03|move: Light Screen
|move|p2a: Salazzle|Toxic|p1a: Grimmsnarl
|-status|p1a: Grimmsnarl|tox
|
|-damage|p1a: Grimmsnarl|94/100 tox|[from] psn
|upkeep
|turn|4
|
|t:|1760453223
|move|p1a: Grimmsnarl|Reflect|p1a: Grimmsnarl
|-sidestart|p1: Swaglord03|Reflect
|move|p2a: Salazzle|Encore|p1a: Grimmsnarl
|-start|p1a: Grimmsnarl|Encore
|
|-damage|p1a: Grimmsnarl|82/100 tox|[from] psn
|upkeep
|turn|5
|
|t:|1760453229
|switch|p1a: Electrode|Electrode-Hisui|100/100
|move|p2a: Salazzle|Toxic|p1a: Electrode
|-status|p1a: Electrode|tox
|
|-damage|p1a: Electrode|94/100 tox|[from] psn
|upkeep
|turn|6
|
|t:|1760453238
|move|p1a: Electrode|Volt Switch|p2a: Salazzle
|-damage|p2a: Salazzle|25/100
|
|t:|1760453241
|switch|p1a: Grimmsnarl|Grimmsnarl, M|82/100 tox|[from] Volt Switch
|move|p2a: Salazzle|Overheat|p1a: Grimmsnarl
|-damage|p1a: Grimmsnarl|60/100 tox
|-unboost|p2a: Salazzle|spa|2
|
|-damage|p1a: Grimmsnarl|54/100 tox|[from] psn
|upkeep
|turn|7
|
|t:|1760453250
|move|p1a: Grimmsnarl|Parting Shot|p2a: Salazzle
|-unboost|p2a: Salazzle|atk|1
|-unboost|p2a: Salazzle|spa|1
|
|t:|1760453253
|switch|p1a: Electrode|Electrode-Hisui|94/100 tox|[from] Parting Shot
|move|p2a: Salazzle|Encore||[still]
|-fail|p2a: Salazzle
|
|-damage|p1a: Electrode|88/100 tox|[from] psn
|upkeep
|turn|8
|
|t:|1760453259
|switch|p2a: Great Tusk|Great Tusk|100/100
|-enditem|p2a: Great Tusk|Booster Energy
|-activate|p2a: Great Tusk|ability: Protosynthesis|[fromitem]
|-start|p2a: Great Tusk|protosynthesisatk
|move|p1a: Electrode|Volt Switch|p2a: Great Tusk
|-immune|p2a: Great Tusk
|
|-damage|p1a: Electrode|76/100 tox|[from] psn
|upkeep
|turn|9
|
|t:|1760453268
|switch|p1a: Corviknight|Corviknight, F|100/100
|-ability|p1a: Corviknight|Pressure
|-terastallize|p2a: Great Tusk|Steel
|move|p2a: Great Tusk|Rapid Spin|p1a: Corviknight
|-resisted|p1a: Corviknight
|-damage|p1a: Corviknight|97/100
|-boost|p2a: Great Tusk|spe|1
|-damage|p2a: Great Tusk|84/100|[from] item: Rocky Helmet|[of] p1a: Corviknight
|
|upkeep
|turn|10
|
|t:|1760453275
|move|p2a: Great Tusk|Ice Spinner|p1a: Corviknight
|-damage|p1a: Corviknight|85/100
|-damage|p2a: Great Tusk|67/100|[from] item: Rocky Helmet|[of] p1a: Corviknight
|move|p1a: Corviknight|U-turn|p2a: Great Tusk
|-resisted|p2a: Great Tusk
|-damage|p2a: Great Tusk|63/100
|
|t:|1760453278
|switch|p1a: Electrode|Electrode-Hisui|76/100 tox|[from] U-turn
|
|-damage|p1a: Electrode|70/100 tox|[from] psn
|-sideend|p1: Swaglord03|move: Light Screen
|upkeep
|turn|11
|
|t:|1760453282
|move|p1a: Electrode|Volt Switch|p2a: Great Tusk
|-damage|p2a: Great Tusk|12/100
|
|t:|1760453285
|switch|p1a: Corviknight|Corviknight, F|85/100|[from] Volt Switch
|-ability|p1a: Corviknight|Pressure
|move|p2a: Great Tusk|Ice Spinner|p1a: Corviknight
|-damage|p1a: Corviknight|74/100
|-damage|p2a: Great Tusk|0 fnt|[from] item: Rocky Helmet|[of] p1a: Corviknight
|faint|p2a: Great Tusk
|-end|p2a: Great Tusk|Protosynthesis|[silent]
|
|-sideend|p1: Swaglord03|Reflect
|upkeep
|
|t:|1760453298
|switch|p2a: Polteageist|Polteageist, shiny|100/100
|turn|12
|
|t:|1760453300
|move|p2a: Polteageist|Shell Smash|p2a: Polteageist
|-unboost|p2a: Polteageist|def|1
|-unboost|p2a: Polteageist|spd|1
|-boost|p2a: Polteageist|atk|2
|-boost|p2a: Polteageist|spa|2
|-boost|p2a: Polteageist|spe|2
|move|p1a: Corviknight|U-turn|p2a: Polteageist
|-resisted|p2a: Polteageist
|-damage|p2a: Polteageist|82/100
|-ability|p2a: Polteageist|Weak Armor|boost
|-unboost|p2a: Polteageist|def|1
|-boost|p2a: Polteageist|spe|2
|
|t:|1760453315
|switch|p1a: Grimmsnarl|Grimmsnarl, M|54/100 tox|[from] U-turn
|
|-damage|p1a: Grimmsnarl|47/100 tox|[from] psn
|upkeep
|turn|13
|
|t:|1760453325
|move|p2a: Polteageist|Shadow Ball|p1a: Grimmsnarl
|-resisted|p1a: Grimmsnarl
|-damage|p1a: Grimmsnarl|14/100 tox
|move|p1a: Grimmsnarl|Spirit Break|p2a: Polteageist
|-crit|p2a: Polteageist
|-damage|p2a: Polteageist|0 fnt
|faint|p2a: Polteageist
|
|-damage|p1a: Grimmsnarl|2/100 tox|[from] psn
|upkeep
|
|t:|1760453333
|switch|p2a: Cloyster|Cloyster, F|100/100
|turn|14
|
|t:|1760453343
|move|p1a: Grimmsnarl|Reflect|p1a: Grimmsnarl
|-sidestart|p1: Swaglord03|Reflect
|move|p2a: Cloyster|Shell Smash|p2a: Cloyster
|-unboost|p2a: Cloyster|def|1
|-unboost|p2a: Cloyster|spd|1
|-boost|p2a: Cloyster|atk|2
|-boost|p2a: Cloyster|spa|2
|-boost|p2a: Cloyster|spe|2
|
|-damage|p1a: Grimmsnarl|0 fnt|[from] psn
|faint|p1a: Grimmsnarl
|upkeep
|
|t:|1760453345
|switch|p1a: Corviknight|Corviknight, F|74/100
|-ability|p1a: Corviknight|Pressure
|turn|15
|
|t:|1760453350
|move|p2a: Cloyster|Shell Smash|p2a: Cloyster
|-unboost|p2a: Cloyster|def|1
|-unboost|p2a: Cloyster|spd|1
|-boost|p2a: Cloyster|atk|2
|-boost|p2a: Cloyster|spa|2
|-boost|p2a: Cloyster|spe|2
|move|p1a: Corviknight|Body Press|p2a: Cloyster
|-supereffective|p2a: Cloyster
|-damage|p2a: Cloyster|9/100
|
|upkeep
|turn|16
|
|t:|1760453364
|-terastallize|p1a: Corviknight|Water
|move|p2a: Cloyster|Icicle Spear|p1a: Corviknight
|-resisted|p1a: Corviknight
|-damage|p1a: Corviknight|69/100
|-resisted|p1a: Corviknight
|-damage|p1a: Corviknight|64/100
|-resisted|p1a: Corviknight
|-damage|p1a: Corviknight|60/100
|-resisted|p1a: Corviknight
|-damage|p1a: Corviknight|55/100
|-resisted|p1a: Corviknight
|-damage|p1a: Corviknight|51/100
|-hitcount|p1a: Corviknight|5
|move|p1a: Corviknight|U-turn|p2a: Cloyster
|-damage|p2a: Cloyster|0 fnt
|faint|p2a: Cloyster
|
|t:|1760453368
|switch|p1a: Electrode|Electrode-Hisui|70/100 tox|[from] U-turn
|
|-damage|p1a: Electrode|64/100 tox|[from] psn
|upkeep
|
|t:|1760453375
|switch|p2a: Quaquaval|Quaquaval, F|100/100
|turn|17
|
|t:|1760453383
|move|p1a: Electrode|Volt Switch|p2a: Quaquaval
|-supereffective|p2a: Quaquaval
|-damage|p2a: Quaquaval|0 fnt
|faint|p2a: Quaquaval
|-message|CourtTre forfeited.
|
|win|Swaglord03
|raw|Swaglord03's rating: 1300 &rarr; <strong>1324</strong><br />(+24 for winning)
|raw|CourtTre's rating: 1282 &rarr; <strong>1258</strong><br />(-24 for losing)
|l|☆CourtTre
|player|p2|
|l|☆Swaglord03
|player|p1|
