|j|☆busto2412
|j|☆romandlui
|t:|1760375700
|gametype|singles
|player|p1|busto2412|hilbert-wonderlauncher|1573
|player|p2|romandlui|101|1544
|gen|9
|tier|[Gen 9] OU
|rated|
|rule|HP Percentage Mod: HP is shown in percentages
|rule|Endless Battle Clause: Forcing endless battles is banned
|rule|Species Clause: Limit one of each Pokémon
|rule|OHKO Clause: OHKO moves are banned
|rule|Evasion Items Clause: Evasion items are banned
|rule|Evasion Moves Clause: Evasion moves are banned
|rule|Evasion Abilities Clause: Evasion abilities are banned
|rule|Sleep Moves Clause: Sleep-inducing moves are banned
|clearpoke
|poke|p1|Ursaluna, M|
|poke|p1|Dragapult, M|
|poke|p1|Zamazenta-*|
|poke|p1|Greninja-*, M|
|poke|p1|Zapdos|
|poke|p1|Hoopa-Unbound|
|poke|p2|Toucannon, F|
|poke|p2|Dragonite, M|
|poke|p2|Zamazenta-*|
|poke|p2|Iron Treads|
|poke|p2|Zapdos|
|poke|p2|Primarina, M|
|teampreview
|
|t:|1760375710
|teamsize|p1|6
|teamsize|p2|6
|start
|switch|p1a: Hoopa|Hoopa-Unbound|100/100
|switch|p2a: Franky|Toucannon, F|100/100
|turn|1
|inactive|Battle timer is ON: inactive players will automatically lose when time's up. (requested by romandlui)
|
|t:|1760375716
|move|p1a: Hoopa|Knock Off|p2a: Franky
|-damage|p2a: Franky|37/100
|-enditem|p2a: Franky|Assault Vest|[from] move: Knock Off|[of] p1a: Hoopa
|move|p2a: Franky|Knock Off|p1a: Hoopa
|-damage|p1a: Hoopa|65/100
|-enditem|p1a: Hoopa|Assault Vest|[from] move: Knock Off|[of] p2a: Franky
|
|upkeep
|turn|2
|
|t:|1760375723
|-singleturn|p2a: Franky|move: Beak Blast
|move|p1a: Hoopa|Psychic Noise|p2a: Franky
|-damage|p2a: Franky|0 fnt
|faint|p2a: Franky
|
|upkeep
|
|t:|1760375732
|switch|p2a: Shanks|Zamazenta|100/100
|-ability|p2a: Shanks|Dauntless Shield|boost
|-boost|p2a: Shanks|def|1
|turn|3
|
|t:|1760375735
|switch|p1a: Zapdos|Zapdos, shiny|100/100
|move|p2a: Shanks|Close Combat|p1a: Zapdos
|-resisted|p1a: Zapdos
|-damage|p1a: Zapdos|71/100
|-unboost|p2a: Shanks|def|1
|-unboost|p2a: Shanks|spd|1
|-damage|p2a: Shanks|84/100|[from] item: Rocky Helmet|[of] p1a: Zapdos
|
|upkeep
|turn|4
|
|t:|1760375744
|switch|p2a: Enel|Zapdos|100/100
|move|p1a: Zapdos|Hurricane|p2a: Enel
|-resisted|p2a: Enel
|-damage|p2a: Enel|75/100
|
|upkeep
|turn|5
|c|☆busto2412|are you italian
|
|t:|1760375760
|switch|p1a: Ursaluna|Ursaluna, M, shiny|100/100
|move|p2a: Enel|Hurricane|p1a: Ursaluna
|-damage|p1a: Ursaluna|15/100
|-start|p1a: Ursaluna|confusion
|
|-status|p1a: Ursaluna|brn|[from] item: Flame Orb
|upkeep
|turn|6
|
|t:|1760375768
|move|p2a: Enel|Hurricane|p1a: Ursaluna
|-damage|p1a: Ursaluna|0 fnt
|faint|p1a: Ursaluna
|
|upkeep
|
|t:|1760375772
|switch|p1a: Hoopa|Hoopa-Unbound|65/100
|turn|7
|
|t:|1760375775
|move|p2a: Enel|Hurricane|p1a: Hoopa
|-damage|p1a: Hoopa|0 fnt
|faint|p1a: Hoopa
|
|upkeep
|
|t:|1760375781
|switch|p1a: Dragapult|Dragapult, M, shiny|100/100
|turn|8
|
|t:|1760375785
|switch|p2a: Shirahoshi|Primarina, M|100/100
|move|p1a: Dragapult|Dragon Darts|p2a: Shirahoshi
|-immune|p2a: Shirahoshi
|
|upkeep
|turn|9
|
|t:|1760375791
|switch|p1a: Zapdos|Zapdos, shiny|71/100
|move|p2a: Shirahoshi|Moonblast|p1a: Zapdos
|-damage|p1a: Zapdos|20/100
|-unboost|p1a: Zapdos|spa|1
|
|upkeep
|turn|10
|
|t:|1760375797
|switch|p2a: Enel|Zapdos|75/100
|move|p1a: Zapdos|Roost|p1a: Zapdos
|-heal|p1a: Zapdos|70/100
|-singleturn|p1a: Zapdos|move: Roost
|
|upkeep
|turn|11
|
|t:|1760375804
|move|p2a: Enel|Thunderbolt|p1a: Zapdos
|-damage|p1a: Zapdos|5/100
|move|p1a: Zapdos|Discharge|p2a: Enel
|-damage|p2a: Enel|49/100
|
|upkeep
|turn|12
|
|t:|1760375810
|move|p2a: Enel|Thunderbolt|p1a: Zapdos
|-damage|p1a: Zapdos|0 fnt
|faint|p1a: Zapdos
|
|upkeep
|
|t:|1760375815
|switch|p1a: Dragapult|Dragapult, M, shiny|100/100
|turn|13
|
|t:|1760375819
|switch|p2a: Shirahoshi|Primarina, M|100/100
|move|p1a: Dragapult|Phantom Force||[still]
|-prepare|p1a: Dragapult|Phantom Force
|
|upkeep
|turn|14
|
|t:|1760375824
|move|p1a: Dragapult|Phantom Force|p2a: Shirahoshi|[from] lockedmove
|-damage|p2a: Shirahoshi|17/100
|move|p2a: Shirahoshi|Moonblast|p1a: Dragapult
|-supereffective|p1a: Dragapult
|-damage|p1a: Dragapult|0 fnt
|faint|p1a: Dragapult
|
|upkeep
|
|t:|1760375831
|switch|p1a: Greninja|Greninja, M|100/100
|turn|15
|
|t:|1760375835
|move|p1a: Greninja|Surf|p2a: Shirahoshi
|-resisted|p2a: Shirahoshi
|-damage|p2a: Shirahoshi|3/100
|-damage|p1a: Greninja|91/100|[from] item: Life Orb
|move|p2a: Shirahoshi|Moonblast|p1a: Greninja
|-supereffective|p1a: Greninja
|-damage|p1a: Greninja|0 fnt
|faint|p1a: Greninja
|
|upkeep
|-message|busto2412 forfeited.
|
|win|romandlui
|raw|busto2412's rating: 1573 &rarr; <strong>1551</strong><br />(-22 for losing)
|raw|romandlui's rating: 1544 &rarr; <strong>1566</strong><br />(+22 for winning)
|l|☆busto2412
|player|p1|
|l|☆romandlui
|player|p2|
