|j|☆drop a baby
|j|☆NiZZaYe
|t:|1760458202
|gametype|singles
|player|p1|drop a baby|chase|1817
|player|p2|NiZZaYe|170|1760
|gen|9
|tier|[Gen 9] OU
|rated|
|rule|HP Percentage Mod: HP is shown in percentages
|rule|Endless Battle Clause: Forcing endless battles is banned
|rule|Species Clause: Limit one of each Pokémon
|rule|OHKO Clause: OHKO moves are banned
|rule|Evasion Items Clause: Evasion items are banned
|rule|Evasion Moves Clause: Evasion moves are banned
|rule|Evasion Abilities Clause: Evasion abilities are banned
|rule|Sleep Moves Clause: Sleep-inducing moves are banned
|clearpoke
|poke|p1|Darkrai|
|poke|p1|Deoxys-Speed|
|poke|p1|Raging Bolt|
|poke|p1|Kingambit, F|
|poke|p1|Iron Valiant|
|poke|p1|Great Tusk|
|poke|p2|Hoopa-Unbound|
|poke|p2|Hydrapple, M|
|poke|p2|Gliscor, M|
|poke|p2|Cinderace, M|
|poke|p2|Alomomola, M|
|poke|p2|Gholdengo|
|teampreview
|inactive|Battle timer is ON: inactive players will automatically lose when time's up. (requested by NiZZaYe)
|c|☆drop a baby|Hf big bro
|
|t:|1760458231
|teamsize|p1|6
|teamsize|p2|6
|start
|switch|p1a: Deoxys|Deoxys-Speed|100/100
|switch|p2a: Hoopa|Hoopa-Unbound|100/100
|-ability|p1a: Deoxys|Pressure
|turn|1
|
|t:|1760458236
|move|p1a: Deoxys|Stealth Rock|p2a: Hoopa
|-sidestart|p2: NiZZaYe|move: Stealth Rock
|move|p2a: Hoopa|Knock Off|p1a: Deoxys
|-supereffective|p1a: Deoxys
|-damage|p1a: Deoxys|0 fnt
|-enditem|p1a: Deoxys|Life Orb|[from] move: Knock Off|[of] p2a: Hoopa
|faint|p1a: Deoxys
|
|upkeep
|
|t:|1760458242
|switch|p1a: Iron Valiant|Iron Valiant|100/100
|-enditem|p1a: Iron Valiant|Booster Energy
|-activate|p1a: Iron Valiant|ability: Quark Drive|[fromitem]
|-start|p1a: Iron Valiant|quarkdrivespe
|turn|2
|inactive|NiZZaYe has 120 seconds left.
|
|t:|1760458277
|switch|p2a: Alomomola|Alomomola, M|100/100
|-damage|p2a: Alomomola|88/100|[from] Stealth Rock
|move|p1a: Iron Valiant|Calm Mind|p1a: Iron Valiant
|-boost|p1a: Iron Valiant|spa|1
|-boost|p1a: Iron Valiant|spd|1
|
|upkeep
|turn|3
|inactive|NiZZaYe has 120 seconds left.
|
|t:|1760458301
|move|p1a: Iron Valiant|Calm Mind|p1a: Iron Valiant
|-boost|p1a: Iron Valiant|spa|1
|-boost|p1a: Iron Valiant|spd|1
|move|p2a: Alomomola|Body Slam|p1a: Iron Valiant
|-damage|p1a: Iron Valiant|81/100
|
|upkeep
|turn|4
|
|t:|1760458314
|move|p1a: Iron Valiant|Moonblast|p2a: Alomomola
|-damage|p2a: Alomomola|44/100
|move|p2a: Alomomola|Body Slam|p1a: Iron Valiant
|-damage|p1a: Iron Valiant|60/100
|
|upkeep
|turn|5
|
|t:|1760458321
|move|p1a: Iron Valiant|Calm Mind|p1a: Iron Valiant
|-boost|p1a: Iron Valiant|spa|1
|-boost|p1a: Iron Valiant|spd|1
|move|p2a: Alomomola|Mirror Coat||[still]
|-fail|p2a: Alomomola
|
|upkeep
|turn|6
|
|t:|1760458333
|move|p1a: Iron Valiant|Moonblast|p2a: Alomomola
|-damage|p2a: Alomomola|0 fnt
|faint|p2a: Alomomola
|
|upkeep
|
|t:|1760458343
|switch|p2a: Gholdengo|Gholdengo|100/100
|-damage|p2a: Gholdengo|94/100|[from] Stealth Rock
|-item|p2a: Gholdengo|Air Balloon
|turn|7
|
|t:|1760458347
|-terastallize|p2a: Gholdengo|Fairy
|move|p1a: Iron Valiant|Shadow Ball|p2a: Gholdengo
|-damage|p2a: Gholdengo|33/100
|-enditem|p2a: Gholdengo|Air Balloon
|move|p2a: Gholdengo|Make It Rain|p1a: Iron Valiant
|-supereffective|p1a: Iron Valiant
|-damage|p1a: Iron Valiant|0 fnt
|-unboost|p2a: Gholdengo|spa|1
|faint|p1a: Iron Valiant
|-end|p1a: Iron Valiant|Quark Drive|[silent]
|
|upkeep
|
|t:|1760458364
|switch|p1a: Raging Bolt|Raging Bolt|100/100
|-enditem|p1a: Raging Bolt|Booster Energy
|-activate|p1a: Raging Bolt|ability: Protosynthesis|[fromitem]
|-start|p1a: Raging Bolt|protosynthesisspa
|turn|8
|
|t:|1760458374
|switch|p2a: Gliscor|Gliscor, M|100/100
|-damage|p2a: Gliscor|88/100|[from] Stealth Rock
|move|p1a: Raging Bolt|Calm Mind|p1a: Raging Bolt
|-boost|p1a: Raging Bolt|spa|1
|-boost|p1a: Raging Bolt|spd|1
|
|-status|p2a: Gliscor|tox|[from] item: Toxic Orb
|upkeep
|turn|9
|
|t:|1760458383
|move|p2a: Gliscor|Toxic|p1a: Raging Bolt
|-status|p1a: Raging Bolt|tox
|move|p1a: Raging Bolt|Dragon Pulse|p2a: Gliscor
|-damage|p2a: Gliscor|1/100 tox
|
|-heal|p2a: Gliscor|14/100 tox|[from] ability: Poison Heal
|-damage|p1a: Raging Bolt|94/100 tox|[from] psn
|upkeep
|turn|10
|j| Aos drxpz
|
|t:|1760458394
|move|p2a: Gliscor|Earthquake|p1a: Raging Bolt
|-supereffective|p1a: Raging Bolt
|-damage|p1a: Raging Bolt|37/100 tox
|move|p1a: Raging Bolt|Dragon Pulse|p2a: Gliscor
|-damage|p2a: Gliscor|0 fnt
|faint|p2a: Gliscor
|
|-damage|p1a: Raging Bolt|25/100 tox|[from] psn
|upkeep
|inactive|NiZZaYe has 120 seconds left.
|inactive|NiZZaYe has 90 seconds left.
|
|t:|1760458460
|switch|p2a: Hoopa|Hoopa-Unbound|100/100
|-damage|p2a: Hoopa|88/100|[from] Stealth Rock
|turn|11
|
|t:|1760458473
|move|p1a: Raging Bolt|Thunderclap||[still]
|-fail|p1a: Raging Bolt
|move|p2a: Hoopa|Trick|p1a: Raging Bolt
|-activate|p2a: Hoopa|move: Trick|[of] p1a: Raging Bolt
|-item|p1a: Raging Bolt|Choice Scarf|[from] move: Trick
|-enditem|p2a: Hoopa|Choice Scarf|[silent]|[from] move: Trick
|
|-damage|p1a: Raging Bolt|6/100 tox|[from] psn
|upkeep
|turn|12
|j| wgw2333
|
|t:|1760458488
|switch|p2a: Gholdengo|Gholdengo, tera:Fairy|33/100
|-damage|p2a: Gholdengo|21/100|[from] Stealth Rock
|move|p1a: Raging Bolt|Thunderbolt|p2a: Gholdengo
|-damage|p2a: Gholdengo|0 fnt
|faint|p2a: Gholdengo
|
|-damage|p1a: Raging Bolt|0 fnt|[from] psn
|faint|p1a: Raging Bolt
|-end|p1a: Raging Bolt|Protosynthesis|[silent]
|upkeep
|l| Aos drxpz
|
|t:|1760458500
|switch|p1a: Great Tusk|Great Tusk|100/100
|switch|p2a: Cinderace|Cinderace, M|100/100
|-enditem|p1a: Great Tusk|Booster Energy
|-activate|p1a: Great Tusk|ability: Protosynthesis|[fromitem]
|-start|p1a: Great Tusk|protosynthesisspe
|turn|13
|
|t:|1760458504
|-end|p1a: Great Tusk|Protosynthesis|[silent]
|switch|p1a: Darkrai|Darkrai|100/100
|move|p2a: Cinderace|Will-O-Wisp|p1a: Darkrai
|-status|p1a: Darkrai|brn
|
|-damage|p1a: Darkrai|94/100 brn|[from] brn
|upkeep
|turn|14
|
|t:|1760458509
|move|p1a: Darkrai|Dark Pulse|p2a: Cinderace
|-damage|p2a: Cinderace|48/100
|move|p2a: Cinderace|Court Change|p2a: Cinderace
|-swapsideconditions
|-activate|p2a: Cinderace|move: Court Change
|
|-damage|p1a: Darkrai|88/100 brn|[from] brn
|upkeep
|turn|15
|inactive|NiZZaYe has 90 seconds left.
|j| JustAbsolvement
|j| lazertan
|l| JustAbsolvement
|inactive|NiZZaYe has 60 seconds left.
|
|t:|1760458553
|switch|p2a: Hoopa|Hoopa-Unbound|88/100
|move|p1a: Darkrai|Dark Pulse|p2a: Hoopa
|-damage|p2a: Hoopa|52/100
|
|-damage|p1a: Darkrai|82/100 brn|[from] brn
|upkeep
|turn|16
|inactive|NiZZaYe has 60 seconds left.
|
|t:|1760458561
|switch|p1a: Great Tusk|Great Tusk|100/100
|-damage|p1a: Great Tusk|98/100|[from] Stealth Rock
|move|p2a: Hoopa|Gunk Shot|p1a: Great Tusk
|-resisted|p1a: Great Tusk
|-crit|p1a: Great Tusk
|-damage|p1a: Great Tusk|76/100
|
|upkeep
|turn|17
|
|t:|1760458566
|-end|p1a: Great Tusk|Protosynthesis|[silent]
|switch|p1a: Darkrai|Darkrai|82/100 brn
|-damage|p1a: Darkrai|70/100 brn|[from] Stealth Rock
|move|p2a: Hoopa|Psychic Noise|p1a: Darkrai
|-immune|p1a: Darkrai
|
|-damage|p1a: Darkrai|64/100 brn|[from] brn
|upkeep
|turn|18
|inactive|NiZZaYe has 60 seconds left.
|
|t:|1760458591
|switch|p1a: Great Tusk|Great Tusk|76/100
|-damage|p1a: Great Tusk|73/100|[from] Stealth Rock
|move|p2a: Hoopa|Gunk Shot|p1a: Great Tusk
|-resisted|p1a: Great Tusk
|-damage|p1a: Great Tusk|57/100
|-status|p1a: Great Tusk|psn
|
|-damage|p1a: Great Tusk|45/100 psn|[from] psn
|upkeep
|turn|19
|l| wgw2333
|inactive|NiZZaYe has 60 seconds left.
|
|t:|1760458599
|switch|p2a: Hydrapple|Hydrapple, M, shiny|100/100
|move|p1a: Great Tusk|Headlong Rush|p2a: Hydrapple
|-resisted|p2a: Hydrapple
|-damage|p2a: Hydrapple|82/100
|-unboost|p1a: Great Tusk|def|1
|-unboost|p1a: Great Tusk|spd|1
|-damage|p1a: Great Tusk|28/100 psn|[from] item: Rocky Helmet|[of] p2a: Hydrapple
|
|-damage|p1a: Great Tusk|15/100 psn|[from] psn
|upkeep
|turn|20
|j| wgw2333
|inactive|NiZZaYe has 60 seconds left.
|
|t:|1760458617
|switch|p2a: Hoopa|Hoopa-Unbound|52/100
|move|p1a: Great Tusk|Headlong Rush|p2a: Hoopa
|-damage|p2a: Hoopa|0 fnt
|-unboost|p1a: Great Tusk|def|1
|-unboost|p1a: Great Tusk|spd|1
|faint|p2a: Hoopa
|
|-damage|p1a: Great Tusk|3/100 psn|[from] psn
|upkeep
|
|t:|1760458630
|switch|p2a: Cinderace|Cinderace, M|48/100
|turn|21
|
|t:|1760458637
|move|p2a: Cinderace|U-turn|p1a: Great Tusk
|-resisted|p1a: Great Tusk
|-damage|p1a: Great Tusk|0 fnt
|faint|p1a: Great Tusk
|-end|p1a: Great Tusk|Protosynthesis|[silent]
|
|t:|1760458641
|switch|p2a: Hydrapple|Hydrapple, M, shiny|100/100|[from] U-turn
|
|upkeep
|
|t:|1760458644
|switch|p1a: Darkrai|Darkrai|64/100 brn
|-damage|p1a: Darkrai|51/100 brn|[from] Stealth Rock
|turn|22
|
|t:|1760458648
|switch|p2a: Cinderace|Cinderace, M|48/100
|move|p1a: Darkrai|Ice Beam|p2a: Cinderace
|-resisted|p2a: Cinderace
|-damage|p2a: Cinderace|27/100
|
|-damage|p1a: Darkrai|45/100 brn|[from] brn
|upkeep
|turn|23
|
|t:|1760458656
|move|p1a: Darkrai|Dark Pulse|p2a: Cinderace
|-damage|p2a: Cinderace|0 fnt
|faint|p2a: Cinderace
|
|-damage|p1a: Darkrai|39/100 brn|[from] brn
|upkeep
|
|t:|1760458658
|switch|p2a: Hydrapple|Hydrapple, M, shiny|100/100
|turn|24
|
|t:|1760458660
|move|p1a: Darkrai|Ice Beam|p2a: Hydrapple
|-supereffective|p2a: Hydrapple
|-damage|p2a: Hydrapple|0 fnt
|faint|p2a: Hydrapple
|
|win|drop a baby
|raw|drop a baby's rating: 1817 &rarr; <strong>1834</strong><br />(+17 for winning)
|raw|NiZZaYe's rating: 1760 &rarr; <strong>1743</strong><br />(-17 for losing)
|l|☆NiZZaYe
|player|p2|
|l|☆drop a baby
|player|p1|
|l| wgw2333
