|j|☆goldapplegang
|j|☆Jzawesome004
|t:|1760317288
|gametype|singles
|player|p1|goldapplegang|265|1106
|player|p2|Jzawesome004|101|1114
|gen|9
|tier|[Gen 9] OU
|rated|
|rule|HP Percentage Mod: HP is shown in percentages
|rule|Endless Battle Clause: Forcing endless battles is banned
|rule|Species Clause: Limit one of each Pokémon
|rule|OHKO Clause: OHKO moves are banned
|rule|Evasion Items Clause: Evasion items are banned
|rule|Evasion Moves Clause: Evasion moves are banned
|rule|Evasion Abilities Clause: Evasion abilities are banned
|rule|Sleep Moves Clause: Sleep-inducing moves are banned
|clearpoke
|poke|p1|Weezing-Galar, F|
|poke|p1|Ting-Lu|
|poke|p1|Kingambit, M|
|poke|p1|Raging Bolt|
|poke|p1|Gyarados, M|
|poke|p1|Mimikyu, F|
|poke|p2|Moltres|
|poke|p2|Raging Bolt|
|poke|p2|Alomomola, F|
|poke|p2|Gliscor, F|
|poke|p2|Ursaluna, F|
|poke|p2|Dragapult, F|
|teampreview
|
|t:|1760317337
|teamsize|p1|6
|teamsize|p2|6
|start
|switch|p1a: Weezing|Weezing-Galar, F|100/100
|switch|p2a: Ursaluna|Ursaluna, F|100/100
|-fieldstart|move: Misty Terrain|[from] ability: Misty Surge|[of] p1a: Weezing
|turn|1
|
|t:|1760317348
|switch|p1a: Gyarados|Gyarados, M|100/100
|-enditem|p1a: Gyarados|Misty Seed
|-boost|p1a: Gyarados|spd|1|[from] item: Misty Seed
|move|p2a: Ursaluna|Facade|p1a: Gyarados
|-damage|p1a: Gyarados|50/100
|
|upkeep
|turn|2
|
|t:|1760317371
|switch|p2a: Alomomola|Alomomola, F|100/100
|move|p1a: Gyarados|Waterfall|p2a: Alomomola
|-resisted|p2a: Alomomola
|-damage|p2a: Alomomola|88/100
|
|-heal|p2a: Alomomola|94/100|[from] item: Leftovers
|upkeep
|turn|3
|
|t:|1760317382
|move|p1a: Gyarados|Dragon Dance|p1a: Gyarados
|-boost|p1a: Gyarados|atk|1
|-boost|p1a: Gyarados|spe|1
|move|p2a: Alomomola|Wish|p2a: Alomomola
|
|-heal|p2a: Alomomola|99/100|[from] item: Leftovers
|upkeep
|turn|4
|
|t:|1760317389
|move|p1a: Gyarados|Earthquake|p2a: Alomomola
|-damage|p2a: Alomomola|70/100
|move|p2a: Alomomola|Alluring Voice|p1a: Gyarados
|-damage|p1a: Gyarados|44/100
|
|-heal|p2a: Alomomola|100/100|[from] move: Wish|[wisher] Alomomola
|upkeep
|turn|5
|
|t:|1760317404
|move|p1a: Gyarados|Ice Fang|p2a: Alomomola
|-resisted|p2a: Alomomola
|-damage|p2a: Alomomola|91/100
|cant|p2a: Alomomola|flinch
|
|-heal|p2a: Alomomola|97/100|[from] item: Leftovers
|-fieldend|Misty Terrain
|upkeep
|turn|6
|
|t:|1760317410
|move|p1a: Gyarados|Dragon Dance|p1a: Gyarados
|-boost|p1a: Gyarados|atk|1
|-boost|p1a: Gyarados|spe|1
|move|p2a: Alomomola|Alluring Voice|p1a: Gyarados
|-damage|p1a: Gyarados|38/100
|-start|p1a: Gyarados|confusion
|
|-heal|p2a: Alomomola|100/100|[from] item: Leftovers
|upkeep
|turn|7
|
|t:|1760317421
|-activate|p1a: Gyarados|confusion
|move|p1a: Gyarados|Earthquake|p2a: Alomomola
|-damage|p2a: Alomomola|60/100
|move|p2a: Alomomola|Alluring Voice|p1a: Gyarados
|-damage|p1a: Gyarados|31/100
|
|-heal|p2a: Alomomola|66/100|[from] item: Leftovers
|upkeep
|turn|8
|
|t:|1760317429
|-activate|p1a: Gyarados|confusion
|move|p1a: Gyarados|Earthquake|p2a: Alomomola
|-damage|p2a: Alomomola|24/100
|move|p2a: Alomomola|Wish|p2a: Alomomola
|
|-heal|p2a: Alomomola|30/100|[from] item: Leftovers
|upkeep
|turn|9
|
|t:|1760317465
|switch|p2a: Dragapult|Dragapult, F|100/100
|-activate|p1a: Gyarados|confusion
|-damage|p1a: Gyarados|0 fnt|[from] confusion
|faint|p1a: Gyarados
|
|upkeep
|
|t:|1760317473
|switch|p1a: Weezing|Weezing-Galar, F|100/100
|-fieldstart|move: Misty Terrain|[from] ability: Misty Surge|[of] p1a: Weezing
|turn|10
|
|t:|1760317492
|move|p2a: Dragapult|Will-O-Wisp|p1a: Weezing
|-activate|p1a: Weezing|move: Misty Terrain
|move|p1a: Weezing|Strange Steam|p2a: Dragapult
|-supereffective|p2a: Dragapult
|-damage|p2a: Dragapult|38/100
|
|-heal|p2a: Dragapult|44/100|[from] item: Leftovers
|upkeep
|turn|11
|
|t:|1760317507
|move|p2a: Dragapult|U-turn|p1a: Weezing
|-resisted|p1a: Weezing
|-damage|p1a: Weezing|98/100
|
|t:|1760317514
|switch|p2a: Moltres|Moltres|100/100|[from] U-turn
|move|p1a: Weezing|Strange Steam|p2a: Moltres
|-resisted|p2a: Moltres
|-damage|p2a: Moltres|92/100
|
|-heal|p1a: Weezing|100/100|[from] item: Leftovers
|upkeep
|turn|12
|
|t:|1760317539
|switch|p1a: Raging Bolt|Raging Bolt|100/100
|-enditem|p1a: Raging Bolt|Booster Energy
|-activate|p1a: Raging Bolt|ability: Protosynthesis|[fromitem]
|-start|p1a: Raging Bolt|protosynthesisspa
|move|p2a: Moltres|Tailwind|p2a: Moltres
|-sidestart|p2: Jzawesome004|move: Tailwind
|
|upkeep
|turn|13
|
|t:|1760317579
|move|p1a: Raging Bolt|Thunderclap|p2a: Moltres
|-supereffective|p2a: Moltres
|-damage|p2a: Moltres|20/100
|move|p2a: Moltres|U-turn|p1a: Raging Bolt
|-damage|p1a: Raging Bolt|88/100
|
|t:|1760317586
|switch|p2a: Ursaluna|Ursaluna, F|100/100|[from] U-turn
|
|upkeep
|turn|14
|
|t:|1760317615
|move|p2a: Ursaluna|Earthquake|p1a: Raging Bolt
|-supereffective|p1a: Raging Bolt
|-damage|p1a: Raging Bolt|0 fnt
|faint|p1a: Raging Bolt
|-end|p1a: Raging Bolt|Protosynthesis|[silent]
|
|-fieldend|Misty Terrain
|-status|p2a: Ursaluna|brn|[from] item: Flame Orb
|upkeep
|
|t:|1760317631
|switch|p1a: Ting-Lu|Ting-Lu|100/100
|-ability|p1a: Ting-Lu|Vessel of Ruin
|turn|15
|
|t:|1760317660
|move|p1a: Ting-Lu|Protect|p1a: Ting-Lu
|-singleturn|p1a: Ting-Lu|Protect
|move|p2a: Ursaluna|Close Combat|p1a: Ting-Lu
|-activate|p1a: Ting-Lu|move: Protect
|
|-damage|p2a: Ursaluna|94/100 brn|[from] brn
|-sideend|p2: Jzawesome004|move: Tailwind
|upkeep
|turn|16
|
|t:|1760317685
|switch|p1a: Weezing|Weezing-Galar, F|100/100
|-fieldstart|move: Misty Terrain|[from] ability: Misty Surge|[of] p1a: Weezing
|move|p2a: Ursaluna|Close Combat|p1a: Weezing
|-resisted|p1a: Weezing
|-damage|p1a: Weezing|90/100
|-unboost|p2a: Ursaluna|def|1
|-unboost|p2a: Ursaluna|spd|1
|
|-heal|p1a: Weezing|96/100|[from] item: Leftovers
|-damage|p2a: Ursaluna|88/100 brn|[from] brn
|upkeep
|turn|17
|
|t:|1760317695
|move|p2a: Ursaluna|Facade|p1a: Weezing
|-damage|p1a: Weezing|14/100
|move|p1a: Weezing|Strange Steam|p2a: Ursaluna
|-damage|p2a: Ursaluna|49/100 brn
|
|-heal|p1a: Weezing|20/100|[from] item: Leftovers
|-damage|p2a: Ursaluna|43/100 brn|[from] brn
|upkeep
|turn|18
|
|t:|1760317703
|move|p1a: Weezing|Protect|p1a: Weezing
|-singleturn|p1a: Weezing|Protect
|move|p2a: Ursaluna|Facade|p1a: Weezing
|-activate|p1a: Weezing|move: Protect
|
|-heal|p1a: Weezing|26/100|[from] item: Leftovers
|-damage|p2a: Ursaluna|37/100 brn|[from] brn
|upkeep
|turn|19
|
|t:|1760317722
|switch|p1a: Ting-Lu|Ting-Lu|100/100
|-ability|p1a: Ting-Lu|Vessel of Ruin
|move|p2a: Ursaluna|Ice Punch|p1a: Ting-Lu
|-supereffective|p1a: Ting-Lu
|-crit|p1a: Ting-Lu
|-damage|p1a: Ting-Lu|44/100
|
|-heal|p1a: Ting-Lu|50/100|[from] item: Leftovers
|-damage|p2a: Ursaluna|31/100 brn|[from] brn
|upkeep
|turn|20
|
|t:|1760317743
|move|p1a: Ting-Lu|Protect|p1a: Ting-Lu
|-singleturn|p1a: Ting-Lu|Protect
|move|p2a: Ursaluna|Earthquake|p1a: Ting-Lu
|-activate|p1a: Ting-Lu|move: Protect
|
|-heal|p1a: Ting-Lu|57/100|[from] item: Leftovers
|-damage|p2a: Ursaluna|24/100 brn|[from] brn
|-fieldend|Misty Terrain
|upkeep
|turn|21
|
|t:|1760317758
|move|p2a: Ursaluna|Close Combat|p1a: Ting-Lu
|-supereffective|p1a: Ting-Lu
|-damage|p1a: Ting-Lu|2/100
|-unboost|p2a: Ursaluna|def|1
|-unboost|p2a: Ursaluna|spd|1
|move|p1a: Ting-Lu|Stealth Rock|p2a: Ursaluna
|-sidestart|p2: Jzawesome004|move: Stealth Rock
|
|-heal|p1a: Ting-Lu|8/100|[from] item: Leftovers
|-damage|p2a: Ursaluna|18/100 brn|[from] brn
|upkeep
|turn|22
|
|t:|1760317783
|move|p1a: Ting-Lu|Protect|p1a: Ting-Lu
|-singleturn|p1a: Ting-Lu|Protect
|move|p2a: Ursaluna|Earthquake|p1a: Ting-Lu
|-activate|p1a: Ting-Lu|move: Protect
|
|-heal|p1a: Ting-Lu|14/100|[from] item: Leftovers
|-damage|p2a: Ursaluna|12/100 brn|[from] brn
|upkeep
|turn|23
|
|t:|1760317800
|move|p2a: Ursaluna|Facade|p1a: Ting-Lu
|-damage|p1a: Ting-Lu|0 fnt
|faint|p1a: Ting-Lu
|
|-damage|p2a: Ursaluna|6/100 brn|[from] brn
|upkeep
|
|t:|1760317804
|switch|p1a: Weezing|Weezing-Galar, F|26/100
|-fieldstart|move: Misty Terrain|[from] ability: Misty Surge|[of] p1a: Weezing
|turn|24
|
|t:|1760317829
|switch|p2a: Moltres|Moltres|20/100
|move|p1a: Weezing|Protect||[still]
|-fail|p1a: Weezing
|
|-heal|p1a: Weezing|32/100|[from] item: Leftovers
|upkeep
|turn|25
|
|t:|1760317868
|move|p2a: Moltres|Tailwind|p2a: Moltres
|-sidestart|p2: Jzawesome004|move: Tailwind
|move|p1a: Weezing|Strange Steam|p2a: Moltres|[miss]
|-miss|p1a: Weezing|p2a: Moltres
|
|-heal|p1a: Weezing|38/100|[from] item: Leftovers
|upkeep
|turn|26
|
|t:|1760317880
|move|p2a: Moltres|U-turn|p1a: Weezing
|-resisted|p1a: Weezing
|-damage|p1a: Weezing|35/100
|
|t:|1760317886
|switch|p2a: Raging Bolt|Raging Bolt|100/100|[from] U-turn
|-damage|p2a: Raging Bolt|88/100|[from] Stealth Rock
|move|p1a: Weezing|Clear Smog|p2a: Raging Bolt
|-damage|p2a: Raging Bolt|74/100
|-clearboost|p2a: Raging Bolt
|
|-heal|p1a: Weezing|41/100|[from] item: Leftovers
|upkeep
|turn|27
|
|t:|1760317896
|move|p2a: Raging Bolt|Thunderbolt|p1a: Weezing
|-damage|p1a: Weezing|0 fnt
|faint|p1a: Weezing
|
|upkeep
|
|t:|1760317900
|switch|p1a: Mimikyu|Mimikyu, F|100/100
|turn|28
|inactive|Battle timer is ON: inactive players will automatically lose when time's up. (requested by goldapplegang)
|
|t:|1760318008
|-end|p2a: Raging Bolt|Protosynthesis|[silent]
|switch|p2a: Alomomola|Alomomola, F|64/100
|-damage|p2a: Alomomola|51/100|[from] Stealth Rock
|move|p1a: Mimikyu|Swords Dance|p1a: Mimikyu
|-boost|p1a: Mimikyu|atk|2
|
|-heal|p2a: Alomomola|57/100|[from] item: Leftovers
|-sideend|p2: Jzawesome004|move: Tailwind
|-fieldend|Misty Terrain
|upkeep
|turn|29
|
|t:|1760318022
|move|p1a: Mimikyu|Swords Dance|p1a: Mimikyu
|-boost|p1a: Mimikyu|atk|2
|move|p2a: Alomomola|Wish|p2a: Alomomola
|
|-heal|p2a: Alomomola|64/100|[from] item: Leftovers
|upkeep
|turn|30
|
|t:|1760318031
|move|p1a: Mimikyu|Swords Dance|p1a: Mimikyu
|-boost|p1a: Mimikyu|atk|2
|move|p2a: Alomomola|Flip Turn|p1a: Mimikyu
|-activate|p1a: Mimikyu|ability: Disguise
|-damage|p1a: Mimikyu|100/100
|detailschange|p1a: Mimikyu|Mimikyu-Busted, F
|-damage|p1a: Mimikyu|88/100|[from] pokemon: Mimikyu-Busted
|-enditem|p1a: Mimikyu|Red Card|[of] p2a: Alomomola
|drag|p2a: Dragapult|Dragapult, F|44/100
|-damage|p2a: Dragapult|32/100|[from] Stealth Rock
|
|-heal|p2a: Dragapult|100/100|[from] move: Wish|[wisher] Alomomola
|upkeep
|turn|31
|
|t:|1760318052
|-terastallize|p2a: Dragapult|Steel
|-terastallize|p1a: Mimikyu|Ghost
|move|p1a: Mimikyu|Shadow Sneak|p2a: Dragapult
|-damage|p2a: Dragapult|0 fnt
|faint|p2a: Dragapult
|
|upkeep
|inactive|Jzawesome004 has 120 seconds left.
|
|t:|1760318087
|switch|p2a: Alomomola|Alomomola, F|97/100
|-damage|p2a: Alomomola|85/100|[from] Stealth Rock
|turn|32
|
|t:|1760318099
|move|p1a: Mimikyu|Shadow Sneak|p2a: Alomomola
|-damage|p2a: Alomomola|39/100
|move|p2a: Alomomola|Wish|p2a: Alomomola
|
|-heal|p2a: Alomomola|45/100|[from] item: Leftovers
|upkeep
|turn|33
|inactive|Jzawesome004 has 90 seconds left.
|
|t:|1760318131
|switch|p2a: Gliscor|Gliscor, F|100/100
|-damage|p2a: Gliscor|88/100|[from] Stealth Rock
|move|p1a: Mimikyu|Play Rough|p2a: Gliscor
|-damage|p2a: Gliscor|0 fnt
|faint|p2a: Gliscor
|
|upkeep
|
|t:|1760318140
|switch|p2a: Raging Bolt|Raging Bolt|74/100
|-damage|p2a: Raging Bolt|62/100|[from] Stealth Rock
|turn|34
|
|t:|1760318151
|move|p2a: Raging Bolt|Thunderclap|p1a: Mimikyu
|-crit|p1a: Mimikyu
|-damage|p1a: Mimikyu|2/100
|move|p1a: Mimikyu|Play Rough|p2a: Raging Bolt
|-supereffective|p2a: Raging Bolt
|-damage|p2a: Raging Bolt|0 fnt
|faint|p2a: Raging Bolt
|-end|p2a: Raging Bolt|Protosynthesis|[silent]
|
|upkeep
|inactive|Jzawesome004 has 90 seconds left.
|
|t:|1760318173
|switch|p2a: Alomomola|Alomomola, F|78/100
|-damage|p2a: Alomomola|66/100|[from] Stealth Rock
|turn|35
|
|t:|1760318196
|move|p1a: Mimikyu|Play Rough|p2a: Alomomola
|-damage|p2a: Alomomola|0 fnt
|faint|p2a: Alomomola
|
|upkeep
|
|t:|1760318203
|switch|p2a: Ursaluna|Ursaluna, F|6/100 brn
|-damage|p2a: Ursaluna|0 fnt|[from] Stealth Rock
|faint|p2a: Ursaluna
|
|t:|1760318204
|switch|p2a: Moltres|Moltres|20/100
|turn|36
|
|t:|1760318209
|move|p1a: Mimikyu|Shadow Sneak|p2a: Moltres
|-damage|p2a: Moltres|0 fnt
|faint|p2a: Moltres
|
|win|goldapplegang
|raw|goldapplegang's rating: 1106 &rarr; <strong>1132</strong><br />(+26 for winning)
|raw|Jzawesome004's rating: 1114 &rarr; <strong>1088</strong><br />(-26 for losing)
|l|☆Jzawesome004
|player|p2|
|c|☆goldapplegang|gg
