|j|☆LunarRoge
|j|☆neptiger72
|t:|1760335263
|gametype|singles
|player|p1|LunarRoge|lorelei-gen1rb|1231
|player|p2|neptiger72|depotagent|1241
|gen|9
|tier|[Gen 9] OU
|rated|
|rule|HP Percentage Mod: HP is shown in percentages
|rule|Endless Battle Clause: Forcing endless battles is banned
|rule|Species Clause: Limit one of each Pokémon
|rule|OHKO Clause: OHKO moves are banned
|rule|Evasion Items Clause: Evasion items are banned
|rule|Evasion Moves Clause: Evasion moves are banned
|rule|Evasion Abilities Clause: Evasion abilities are banned
|rule|Sleep Moves Clause: Sleep-inducing moves are banned
|clearpoke
|poke|p1|Charizard, M|
|poke|p1|Walking Wake|
|poke|p1|Lilligant-Hisui, F|
|poke|p1|Hatterene, F|
|poke|p1|Ninetales, M|
|poke|p1|Great Tusk|
|poke|p2|Cinderace, F|
|poke|p2|Empoleon, F|
|poke|p2|Galvantula, F|
|poke|p2|Serperior, M|
|poke|p2|Malamar, M|
|poke|p2|Kingambit, M|
|teampreview
|inactive|Battle timer is ON: inactive players will automatically lose when time's up. (requested by LunarRoge)
|c|☆LunarRoge|glhf
|
|t:|1760335269
|teamsize|p1|6
|teamsize|p2|6
|start
|switch|p1a: Ninetales|Ninetales, M|100/100
|switch|p2a: Galvantula|Galvantula, F|100/100
|-weather|SunnyDay|[from] ability: Drought|[of] p1a: Ninetales
|turn|1
|
|t:|1760335275
|switch|p1a: Hatterene|Hatterene, F|100/100
|move|p2a: Galvantula|Sticky Web|p1a: Hatterene
|move|p1a: Hatterene|Sticky Web|p2a: Galvantula|[from] ability: Magic Bounce
|-sidestart|p2: neptiger72|move: Sticky Web
|
|-weather|SunnyDay|[upkeep]
|upkeep
|turn|2
|
|t:|1760335280
|move|p2a: Galvantula|Thunder|p1a: Hatterene
|-damage|p1a: Hatterene|50/100
|-enditem|p1a: Hatterene|Eject Button
|
|t:|1760335282
|switch|p1a: Walking Wake|Walking Wake|100/100
|-activate|p1a: Walking Wake|ability: Protosynthesis
|-start|p1a: Walking Wake|protosynthesisspe
|
|-weather|SunnyDay|[upkeep]
|upkeep
|turn|3
|
|t:|1760335309
|move|p1a: Walking Wake|Flamethrower|p2a: Galvantula
|-supereffective|p2a: Galvantula
|-enditem|p2a: Galvantula|Focus Sash
|-damage|p2a: Galvantula|1/100
|move|p2a: Galvantula|Thunder Wave|p1a: Walking Wake
|-status|p1a: Walking Wake|par
|
|-weather|SunnyDay|[upkeep]
|upkeep
|turn|4
|
|t:|1760335314
|move|p2a: Galvantula|Sticky Web|p1a: Walking Wake
|-sidestart|p1: LunarRoge|move: Sticky Web
|cant|p1a: Walking Wake|par
|
|-weather|SunnyDay|[upkeep]
|upkeep
|turn|5
|inactive|LunarRoge has 120 seconds left.
|
|t:|1760335338
|move|p2a: Galvantula|Thunder|p1a: Walking Wake
|-damage|p1a: Walking Wake|43/100 par
|cant|p1a: Walking Wake|par
|
|-weather|SunnyDay|[upkeep]
|upkeep
|turn|6
|c|☆neptiger72|Sorry for that
|
|t:|1760335350
|-end|p1a: Walking Wake|Protosynthesis|[silent]
|switch|p1a: Hatterene|Hatterene, F|50/100
|-activate|p1a: Hatterene|move: Sticky Web
|-unboost|p1a: Hatterene|spe|1
|move|p2a: Galvantula|String Shot|p1a: Hatterene
|move|p1a: Hatterene|String Shot|p2a: Galvantula|[from] ability: Magic Bounce
|-unboost|p2a: Galvantula|spe|2
|
|-weather|SunnyDay|[upkeep]
|upkeep
|turn|7
|
|t:|1760335364
|move|p2a: Galvantula|Thunder|p1a: Hatterene|[miss]
|-miss|p2a: Galvantula|p1a: Hatterene
|move|p1a: Hatterene|Healing Wish|p1a: Hatterene
|faint|p1a: Hatterene
|
|-weather|SunnyDay|[upkeep]
|upkeep
|
|t:|1760335365
|switch|p1a: Walking Wake|Walking Wake|43/100 par
|-heal|p1a: Walking Wake|100/100|[from] move: Healing Wish
|-activate|p1a: Walking Wake|move: Sticky Web
|-unboost|p1a: Walking Wake|spe|1
|-activate|p1a: Walking Wake|ability: Protosynthesis
|-start|p1a: Walking Wake|protosynthesisspa
|turn|8
|
|t:|1760335372
|move|p1a: Walking Wake|Flamethrower|p2a: Galvantula
|-supereffective|p2a: Galvantula
|-damage|p2a: Galvantula|0 fnt
|faint|p2a: Galvantula
|
|-weather|none
|-end|p1a: Walking Wake|Protosynthesis
|upkeep
|
|t:|1760335374
|switch|p2a: Empoleon|Empoleon, F|100/100
|-activate|p2a: Empoleon|move: Sticky Web
|-unboost|p2a: Empoleon|spe|1
|-ability|p2a: Empoleon|Competitive|boost
|-boost|p2a: Empoleon|spa|2
|turn|9
|
|t:|1760335383
|-end|p1a: Walking Wake|Protosynthesis|[silent]
|switch|p1a: Ninetales|Ninetales, M|100/100
|-activate|p1a: Ninetales|move: Sticky Web
|-unboost|p1a: Ninetales|spe|1
|-weather|SunnyDay|[from] ability: Drought|[of] p1a: Ninetales
|move|p2a: Empoleon|Flash Cannon|p1a: Ninetales
|-resisted|p1a: Ninetales
|-damage|p1a: Ninetales|72/100
|
|-weather|SunnyDay|[upkeep]
|upkeep
|turn|10
|
|t:|1760335405
|move|p1a: Ninetales|Overheat|p2a: Empoleon|[miss]
|-miss|p1a: Ninetales|p2a: Empoleon
|move|p2a: Empoleon|Surf|p1a: Ninetales
|-supereffective|p1a: Ninetales
|-damage|p1a: Ninetales|10/100
|
|-weather|SunnyDay|[upkeep]
|upkeep
|turn|11
|l|☆neptiger72
|inactive|neptiger72 disconnected and has a minute to reconnect!
|player|p2|
|j|☆neptiger72
|inactive|neptiger72 reconnected and has 140 seconds left.
|player|p2|neptiger72|depotagent|
|
|t:|1760335428
|switch|p1a: Great Tusk|Great Tusk|100/100
|-activate|p1a: Great Tusk|move: Sticky Web
|-unboost|p1a: Great Tusk|spe|1
|-activate|p1a: Great Tusk|ability: Protosynthesis
|-start|p1a: Great Tusk|protosynthesisatk
|-enditem|p1a: Great Tusk|Eject Pack
|
|t:|1760335436
|-end|p1a: Great Tusk|Protosynthesis|[silent]
|switch|p1a: Walking Wake|Walking Wake|100/100
|-activate|p1a: Walking Wake|move: Sticky Web
|-unboost|p1a: Walking Wake|spe|1
|-activate|p1a: Walking Wake|ability: Protosynthesis
|-start|p1a: Walking Wake|protosynthesisspa
|move|p2a: Empoleon|Roost||[still]
|-fail|p2a: Empoleon|heal
|
|-weather|SunnyDay|[upkeep]
|upkeep
|turn|12
|
|t:|1760335441
|move|p1a: Walking Wake|Flamethrower|p2a: Empoleon
|-damage|p2a: Empoleon|64/100
|move|p2a: Empoleon|Flash Cannon|p1a: Walking Wake
|-resisted|p1a: Walking Wake
|-damage|p1a: Walking Wake|68/100
|
|-weather|SunnyDay|[upkeep]
|-heal|p2a: Empoleon|70/100|[from] item: Leftovers
|upkeep
|turn|13
|
|t:|1760335459
|move|p1a: Walking Wake|Flamethrower|p2a: Empoleon
|-damage|p2a: Empoleon|33/100
|move|p2a: Empoleon|Stealth Rock|p1a: Walking Wake
|-sidestart|p1: LunarRoge|move: Stealth Rock
|
|-weather|SunnyDay|[upkeep]
|-heal|p2a: Empoleon|39/100|[from] item: Leftovers
|upkeep
|turn|14
|
|t:|1760335463
|-terastallize|p2a: Empoleon|Water
|move|p1a: Walking Wake|Flamethrower|p2a: Empoleon
|-resisted|p2a: Empoleon
|-damage|p2a: Empoleon|20/100
|move|p2a: Empoleon|Roost|p2a: Empoleon
|-heal|p2a: Empoleon|70/100
|
|-weather|SunnyDay|[upkeep]
|-heal|p2a: Empoleon|76/100|[from] item: Leftovers
|upkeep
|turn|15
|
|t:|1760335474
|move|p1a: Walking Wake|Draco Meteor|p2a: Empoleon
|-damage|p2a: Empoleon|23/100
|-unboost|p1a: Walking Wake|spa|2
|move|p2a: Empoleon|Surf|p1a: Walking Wake
|-resisted|p1a: Walking Wake
|-damage|p1a: Walking Wake|54/100
|
|-weather|SunnyDay|[upkeep]
|-heal|p2a: Empoleon|29/100|[from] item: Leftovers
|upkeep
|turn|16
|
|t:|1760335478
|move|p1a: Walking Wake|Draco Meteor|p2a: Empoleon
|-damage|p2a: Empoleon|3/100
|-unboost|p1a: Walking Wake|spa|2
|move|p2a: Empoleon|Roost|p2a: Empoleon
|-heal|p2a: Empoleon|53/100
|
|-weather|none
|-end|p1a: Walking Wake|Protosynthesis
|-heal|p2a: Empoleon|59/100|[from] item: Leftovers
|upkeep
|turn|17
|
|t:|1760335492
|move|p1a: Walking Wake|Flip Turn|p2a: Empoleon
|-resisted|p2a: Empoleon
|-damage|p2a: Empoleon|50/100
|
|t:|1760335497
|-end|p1a: Walking Wake|Protosynthesis|[silent]
|switch|p1a: Great Tusk|Great Tusk|100/100|[from] Flip Turn
|-activate|p1a: Great Tusk|move: Sticky Web
|-unboost|p1a: Great Tusk|spe|1
|-damage|p1a: Great Tusk|97/100|[from] Stealth Rock
|move|p2a: Empoleon|Surf|p1a: Great Tusk
|-supereffective|p1a: Great Tusk
|-damage|p1a: Great Tusk|0 fnt
|faint|p1a: Great Tusk
|-end|p1a: Great Tusk|Protosynthesis|[silent]
|
|-heal|p2a: Empoleon|56/100|[from] item: Leftovers
|upkeep
|
|t:|1760335508
|switch|p1a: Ninetales|Ninetales, M|10/100
|-activate|p1a: Ninetales|move: Sticky Web
|-unboost|p1a: Ninetales|spe|1
|-damage|p1a: Ninetales|0 fnt|[from] Stealth Rock
|faint|p1a: Ninetales
|
|t:|1760335513
|switch|p1a: Lilligant|Lilligant-Hisui, F|100/100
|-activate|p1a: Lilligant|move: Sticky Web
|-unboost|p1a: Lilligant|spe|1
|-damage|p1a: Lilligant|94/100|[from] Stealth Rock
|turn|18
|l|☆neptiger72
|inactive|neptiger72 disconnected and has a minute to reconnect!
|player|p2|
|j|☆neptiger72
|inactive|neptiger72 reconnected and has 130 seconds left.
|player|p2|neptiger72|depotagent|
|
|t:|1760335539
|switch|p2a: Malamar|Malamar, M|100/100
|-activate|p2a: Malamar|move: Sticky Web
|-boost|p2a: Malamar|spe|1
|move|p1a: Lilligant|Solar Blade||[still]
|-prepare|p1a: Lilligant|Solar Blade
|
|-heal|p1a: Lilligant|100/100|[from] item: Leftovers
|upkeep
|turn|19
|
|t:|1760335546
|move|p2a: Malamar|Superpower|p1a: Lilligant
|-damage|p1a: Lilligant|63/100
|-boost|p2a: Malamar|atk|1
|-boost|p2a: Malamar|def|1
|move|p1a: Lilligant|Solar Blade|p2a: Malamar|[from] lockedmove
|-damage|p2a: Malamar|72/100
|
|-heal|p2a: Malamar|78/100|[from] item: Leftovers
|-heal|p1a: Lilligant|69/100|[from] item: Leftovers
|upkeep
|turn|20
|c|☆LunarRoge|gg
|-message|LunarRoge forfeited.
|
|win|neptiger72
|raw|LunarRoge's rating: 1231 &rarr; <strong>1207</strong><br />(-24 for losing)
|raw|neptiger72's rating: 1241 &rarr; <strong>1265</strong><br />(+24 for winning)
|l|☆LunarRoge
|player|p1|
|c|☆neptiger72|Wp
|l|☆neptiger72
|player|p2|
