|j|☆AlexCHZ
|j|☆thiereo
|t:|1760378945
|gametype|singles
|player|p1|AlexCHZ|hilbert-wonderlauncher|1105
|player|p2|thiereo|1|1069
|gen|9
|tier|[Gen 9] OU
|rated|
|rule|HP Percentage Mod: HP is shown in percentages
|rule|Endless Battle Clause: Forcing endless battles is banned
|rule|Species Clause: Limit one of each Pokémon
|rule|OHKO Clause: OHKO moves are banned
|rule|Evasion Items Clause: Evasion items are banned
|rule|Evasion Moves Clause: Evasion moves are banned
|rule|Evasion Abilities Clause: Evasion abilities are banned
|rule|Sleep Moves Clause: Sleep-inducing moves are banned
|clearpoke
|poke|p1|Pincurchin, M|
|poke|p1|Hawlucha, F|
|poke|p1|Iron Moth|
|poke|p1|Moltres-Galar|
|poke|p1|Arboliva, F|
|poke|p1|Mienshao, F|
|poke|p2|Tyranitar, M|
|poke|p2|Palossand, F|
|poke|p2|Armarouge, F|
|poke|p2|Indeedee-F, F|
|poke|p2|Scizor, M|
|poke|p2|Excadrill, F|
|teampreview
|inactive|Battle timer is ON: inactive players will automatically lose when time's up. (requested by thiereo)
|
|t:|1760378961
|teamsize|p1|6
|teamsize|p2|6
|start
|switch|p1a: Arboliva|Arboliva, F|100/100
|switch|p2a: Tyranitar|Tyranitar, M|100/100
|-weather|Sandstorm|[from] ability: Sand Stream|[of] p2a: Tyranitar
|turn|1
|
|t:|1760378973
|move|p1a: Arboliva|Energy Ball|p2a: Tyranitar
|-supereffective|p2a: Tyranitar
|-damage|p2a: Tyranitar|73/100
|-unboost|p2a: Tyranitar|spd|1
|move|p2a: Tyranitar|Dragon Tail|p1a: Arboliva
|-damage|p1a: Arboliva|83/100
|drag|p1a: Mienshao|Mienshao, F|100/100
|
|-weather|Sandstorm|[upkeep]
|-damage|p1a: Mienshao|95/100|[from] Sandstorm
|upkeep
|turn|2
|
|t:|1760378991
|switch|p2a: Whitecastle|Palossand, F, shiny|100/100
|move|p1a: Mienshao|U-turn|p2a: Whitecastle
|-resisted|p2a: Whitecastle
|-damage|p2a: Whitecastle|88/100
|-damage|p1a: Mienshao|85/100|[from] item: Life Orb
|
|t:|1760379003
|switch|p1a: Moltres|Moltres-Galar|100/100|[from] U-turn
|
|-weather|Sandstorm|[upkeep]
|-damage|p1a: Moltres|94/100|[from] Sandstorm
|-heal|p2a: Whitecastle|94/100|[from] item: Leftovers
|upkeep
|turn|3
|
|t:|1760379019
|move|p1a: Moltres|Fiery Wrath|p2a: Whitecastle
|-supereffective|p2a: Whitecastle
|-damage|p2a: Whitecastle|4/100
|move|p2a: Whitecastle|Destiny Bond|p2a: Whitecastle
|-singlemove|p2a: Whitecastle|Destiny Bond
|
|-weather|Sandstorm|[upkeep]
|-damage|p1a: Moltres|88/100|[from] Sandstorm
|-heal|p2a: Whitecastle|10/100|[from] item: Leftovers
|upkeep
|turn|4
|inactive|AlexCHZ has 120 seconds left.
|
|t:|1760379053
|move|p1a: Moltres|Nasty Plot|p1a: Moltres
|-boost|p1a: Moltres|spa|2
|move|p2a: Whitecastle|Shore Up|p2a: Whitecastle
|-heal|p2a: Whitecastle|77/100
|
|-weather|Sandstorm|[upkeep]
|-damage|p1a: Moltres|82/100|[from] Sandstorm
|-heal|p2a: Whitecastle|83/100|[from] item: Leftovers
|upkeep
|turn|5
|inactive|AlexCHZ has 120 seconds left.
|
|t:|1760379066
|move|p1a: Moltres|Fiery Wrath|p2a: Whitecastle
|-supereffective|p2a: Whitecastle
|-damage|p2a: Whitecastle|0 fnt
|faint|p2a: Whitecastle
|
|-weather|none
|upkeep
|
|t:|1760379068
|switch|p2a: Indeedee|Indeedee-F, F|100/100
|-fieldstart|move: Psychic Terrain|[from] ability: Psychic Surge|[of] p2a: Indeedee
|turn|6
|inactive|AlexCHZ has 120 seconds left.
|
|t:|1760379080
|-terastallize|p2a: Indeedee|Fairy
|move|p1a: Moltres|Air Slash|p2a: Indeedee
|-damage|p2a: Indeedee|49/100
|cant|p2a: Indeedee|flinch
|
|upkeep
|turn|7
|
|t:|1760379088
|move|p1a: Moltres|Air Slash|p2a: Indeedee
|-damage|p2a: Indeedee|0 fnt
|faint|p2a: Indeedee
|
|upkeep
|
|t:|1760379091
|switch|p2a: Armarouge|Armarouge, F|100/100
|turn|8
|
|t:|1760379104
|move|p1a: Moltres|Fiery Wrath|p2a: Armarouge
|-supereffective|p2a: Armarouge
|-damage|p2a: Armarouge|0 fnt
|faint|p2a: Armarouge
|
|upkeep
|
|t:|1760379107
|switch|p2a: Tyranitar|Tyranitar, M|73/100
|-weather|Sandstorm|[from] ability: Sand Stream|[of] p2a: Tyranitar
|turn|9
|
|t:|1760379121
|move|p1a: Moltres|Nasty Plot|p1a: Moltres
|-boost|p1a: Moltres|spa|2
|move|p2a: Tyranitar|Rock Slide|p1a: Moltres
|-supereffective|p1a: Moltres
|-damage|p1a: Moltres|0 fnt
|faint|p1a: Moltres
|
|-weather|Sandstorm|[upkeep]
|upkeep
|
|t:|1760379135
|switch|p1a: Mienshao|Mienshao, F|100/100
|turn|10
|
|t:|1760379153
|switch|p2a: Scizor|Scizor, M|100/100
|move|p1a: Mienshao|Close Combat|p2a: Scizor
|-damage|p2a: Scizor|24/100
|-unboost|p1a: Mienshao|def|1
|-unboost|p1a: Mienshao|spd|1
|-damage|p1a: Mienshao|91/100|[from] item: Life Orb
|
|-weather|Sandstorm|[upkeep]
|-damage|p1a: Mienshao|85/100|[from] Sandstorm
|-fieldend|move: Psychic Terrain
|upkeep
|turn|11
|
|t:|1760379173
|switch|p1a: Pincurchin|Pincurchin, M|100/100
|-fieldstart|move: Electric Terrain|[from] ability: Electric Surge|[of] p1a: Pincurchin
|move|p2a: Scizor|Wing Attack|p1a: Pincurchin
|-resisted|p1a: Pincurchin
|-damage|p1a: Pincurchin|77/100
|
|-weather|Sandstorm|[upkeep]
|-damage|p1a: Pincurchin|71/100|[from] Sandstorm
|upkeep
|turn|12
|
|t:|1760379192
|move|p2a: Scizor|Pounce|p1a: Pincurchin
|-damage|p1a: Pincurchin|19/100
|-unboost|p1a: Pincurchin|spe|1
|move|p1a: Pincurchin|Liquidation|p2a: Scizor
|-damage|p2a: Scizor|0 fnt
|faint|p2a: Scizor
|
|-weather|Sandstorm|[upkeep]
|-damage|p1a: Pincurchin|13/100|[from] Sandstorm
|upkeep
|
|t:|1760379202
|switch|p2a: Excadrill|Excadrill, F|100/100
|turn|13
|
|t:|1760379209
|move|p1a: Pincurchin|Sucker Punch|p2a: Excadrill
|-damage|p2a: Excadrill|76/100
|move|p2a: Excadrill|Iron Head|p1a: Pincurchin
|-resisted|p1a: Pincurchin
|-damage|p1a: Pincurchin|0 fnt
|faint|p1a: Pincurchin
|
|-weather|none
|upkeep
|
|t:|1760379223
|switch|p1a: Hawlucha|Hawlucha, F|100/100
|-enditem|p1a: Hawlucha|Electric Seed
|-boost|p1a: Hawlucha|def|1|[from] item: Electric Seed
|turn|14
|
|t:|1760379238
|switch|p2a: Tyranitar|Tyranitar, M|73/100
|-weather|Sandstorm|[from] ability: Sand Stream|[of] p2a: Tyranitar
|move|p1a: Hawlucha|Close Combat|p2a: Tyranitar
|-supereffective|p2a: Tyranitar
|-damage|p2a: Tyranitar|0 fnt
|-unboost|p1a: Hawlucha|def|1
|-unboost|p1a: Hawlucha|spd|1
|faint|p2a: Tyranitar
|
|-weather|Sandstorm|[upkeep]
|-damage|p1a: Hawlucha|94/100|[from] Sandstorm
|upkeep
|
|t:|1760379249
|switch|p2a: Excadrill|Excadrill, F|76/100
|turn|15
|
|t:|1760379260
|move|p1a: Hawlucha|Close Combat|p2a: Excadrill
|-supereffective|p2a: Excadrill
|-damage|p2a: Excadrill|0 fnt
|-unboost|p1a: Hawlucha|def|1
|-unboost|p1a: Hawlucha|spd|1
|faint|p2a: Excadrill
|
|win|AlexCHZ
|raw|AlexCHZ's rating: 1105 &rarr; <strong>1127</strong><br />(+22 for winning)
|raw|thiereo's rating: 1069 &rarr; <strong>1051</strong><br />(-18 for losing)
|l|☆thiereo
|player|p2|
