|j|☆TTXl
|j|☆qinwenxin
|t:|1760461902
|gametype|singles
|player|p1|TTXl|2|1108
|player|p2|qinwenxin|backersf|1153
|gen|9
|tier|[Gen 9] OU
|rated|
|rule|HP Percentage Mod: HP is shown in percentages
|rule|Endless Battle Clause: Forcing endless battles is banned
|rule|Species Clause: Limit one of each Pokémon
|rule|OHKO Clause: OHKO moves are banned
|rule|Evasion Items Clause: Evasion items are banned
|rule|Evasion Moves Clause: Evasion moves are banned
|rule|Evasion Abilities Clause: Evasion abilities are banned
|rule|Sleep Moves Clause: Sleep-inducing moves are banned
|clearpoke
|poke|p1|Bronzong|
|poke|p1|Lurantis, F|
|poke|p1|Ursaluna, M|
|poke|p1|Iron Valiant|
|poke|p1|Porygon2|
|poke|p1|Zapdos|
|poke|p2|Iron Moth|
|poke|p2|Great Tusk|
|poke|p2|Ogerpon-Wellspring, F|
|poke|p2|Tinkaton, F|
|poke|p2|Iron Crown|
|poke|p2|Rillaboom, M|
|teampreview
|
|t:|1760461908
|teamsize|p1|6
|teamsize|p2|6
|start
|switch|p1a: Zapdos|Zapdos|100/100
|switch|p2a: Tinkaton|Tinkaton, F|100/100
|-item|p2a: Tinkaton|Air Balloon
|turn|1
|
|t:|1760461915
|move|p2a: Tinkaton|Gigaton Hammer|p1a: Zapdos
|-resisted|p1a: Zapdos
|-damage|p1a: Zapdos|73/100
|move|p1a: Zapdos|U-turn|p2a: Tinkaton
|-resisted|p2a: Tinkaton
|-damage|p2a: Tinkaton|95/100
|-enditem|p2a: Tinkaton|Air Balloon
|-enditem|p1a: Zapdos|Expert Belt|[silent]|[from] ability: Pickpocket|[of] p1a: Zapdos
|-item|p2a: Tinkaton|Expert Belt|[from] ability: Pickpocket|[of] p1a: Zapdos
|
|t:|1760461924
|switch|p1a: Ursaluna|Ursaluna, M, shiny|100/100|[from] U-turn
|
|-status|p1a: Ursaluna|brn|[from] item: Flame Orb
|upkeep
|turn|2
|
|t:|1760461930
|switch|p2a: Rillaboom|Rillaboom, M|100/100
|-fieldstart|move: Grassy Terrain|[from] ability: Grassy Surge|[of] p2a: Rillaboom
|move|p1a: Ursaluna|Earthquake|p2a: Rillaboom
|-resisted|p2a: Rillaboom
|-damage|p2a: Rillaboom|85/100
|
|-heal|p2a: Rillaboom|91/100|[from] Grassy Terrain
|-damage|p1a: Ursaluna|94/100 brn|[from] brn
|upkeep
|turn|3
|inactive|Battle timer is ON: inactive players will automatically lose when time's up. (requested by TTXl)
|
|t:|1760461953
|switch|p1a: Zapdos|Zapdos|73/100
|move|p2a: Rillaboom|Knock Off|p1a: Zapdos
|-damage|p1a: Zapdos|32/100
|-status|p2a: Rillaboom|par|[from] ability: Static|[of] p1a: Zapdos
|
|-heal|p2a: Rillaboom|97/100 par|[from] Grassy Terrain
|upkeep
|turn|4
|
|t:|1760461968
|switch|p2a: Iron Crown|Iron Crown|100/100
|-enditem|p2a: Iron Crown|Booster Energy
|-activate|p2a: Iron Crown|ability: Quark Drive|[fromitem]
|-start|p2a: Iron Crown|quarkdrivespe
|move|p1a: Zapdos|Brave Bird|p2a: Iron Crown
|-resisted|p2a: Iron Crown
|-damage|p2a: Iron Crown|77/100
|-damage|p1a: Zapdos|24/100|[from] Recoil
|
|-heal|p2a: Iron Crown|83/100|[from] Grassy Terrain
|upkeep
|turn|5
|
|t:|1760461982
|move|p2a: Iron Crown|Calm Mind|p2a: Iron Crown
|-boost|p2a: Iron Crown|spa|1
|-boost|p2a: Iron Crown|spd|1
|move|p1a: Zapdos|U-turn|p2a: Iron Crown
|-damage|p2a: Iron Crown|64/100
|
|t:|1760461995
|switch|p1a: Porygon2|Porygon2, shiny|100/100|[from] U-turn
|-ability|p1a: Porygon2|Download|boost
|-boost|p1a: Porygon2|atk|1
|
|-heal|p2a: Iron Crown|71/100|[from] Grassy Terrain
|upkeep
|turn|6
|
|t:|1760462002
|-terastallize|p2a: Iron Crown|Fighting
|move|p2a: Iron Crown|Focus Blast|p1a: Porygon2
|-supereffective|p1a: Porygon2
|-damage|p1a: Porygon2|8/100
|move|p1a: Porygon2|Shadow Ball|p2a: Iron Crown
|-damage|p2a: Iron Crown|58/100
|-unboost|p2a: Iron Crown|spd|1
|
|-heal|p2a: Iron Crown|64/100|[from] Grassy Terrain
|-heal|p1a: Porygon2|14/100|[from] Grassy Terrain
|-fieldend|move: Grassy Terrain
|upkeep
|turn|7
|
|t:|1760462015
|move|p2a: Iron Crown|Calm Mind|p2a: Iron Crown
|-boost|p2a: Iron Crown|spa|1
|-boost|p2a: Iron Crown|spd|1
|move|p1a: Porygon2|Shadow Ball|p2a: Iron Crown
|-damage|p2a: Iron Crown|51/100
|
|upkeep
|turn|8
|
|t:|1760462025
|move|p2a: Iron Crown|Tachyon Cutter|p1a: Porygon2
|-damage|p1a: Porygon2|0 fnt
|faint|p1a: Porygon2
|-hitcount|p1: Porygon2|1
|
|upkeep
|
|t:|1760462035
|switch|p1a: Bronzong|Bronzong, shiny|100/100
|turn|9
|
|t:|1760462039
|-terastallize|p1a: Bronzong|Electric
|move|p2a: Iron Crown|Focus Blast|p1a: Bronzong|[miss]
|-miss|p2a: Iron Crown|p1a: Bronzong
|move|p1a: Bronzong|Expanding Force|p2a: Iron Crown
|-supereffective|p2a: Iron Crown
|-damage|p2a: Iron Crown|19/100
|
|upkeep
|turn|10
|
|t:|1760462046
|move|p2a: Iron Crown|Tachyon Cutter|p1a: Bronzong
|-resisted|p1a: Bronzong
|-damage|p1a: Bronzong|87/100
|-resisted|p1a: Bronzong
|-damage|p1a: Bronzong|73/100
|-hitcount|p1a: Bronzong|2
|move|p1a: Bronzong|Expanding Force|p2a: Iron Crown
|-supereffective|p2a: Iron Crown
|-damage|p2a: Iron Crown|0 fnt
|faint|p2a: Iron Crown
|-end|p2a: Iron Crown|Quark Drive|[silent]
|
|upkeep
|inactive|qinwenxin has 120 seconds left.
|
|t:|1760462077
|switch|p2a: Rillaboom|Rillaboom, M|97/100 par
|-fieldstart|move: Grassy Terrain|[from] ability: Grassy Surge|[of] p2a: Rillaboom
|turn|11
|
|t:|1760462089
|cant|p2a: Rillaboom|par
|move|p1a: Bronzong|Body Press|p2a: Rillaboom
|-damage|p2a: Rillaboom|76/100 par
|
|-heal|p2a: Rillaboom|82/100 par|[from] Grassy Terrain
|upkeep
|turn|12
|
|t:|1760462095
|move|p2a: Rillaboom|Wood Hammer|p1a: Bronzong
|-damage|p1a: Bronzong|0 fnt
|faint|p1a: Bronzong
|-damage|p2a: Rillaboom|66/100 par|[from] Recoil
|
|-heal|p2a: Rillaboom|72/100 par|[from] Grassy Terrain
|upkeep
|
|t:|1760462099
|switch|p1a: Zapdos|Zapdos|24/100
|turn|13
|
|t:|1760462105
|switch|p2a: Iron Moth|Iron Moth|100/100
|-enditem|p2a: Iron Moth|Booster Energy
|-activate|p2a: Iron Moth|ability: Quark Drive|[fromitem]
|-start|p2a: Iron Moth|quarkdrivespa
|move|p1a: Zapdos|Brave Bird|p2a: Iron Moth
|-damage|p2a: Iron Moth|18/100
|-damage|p1a: Zapdos|0 fnt|[from] Recoil
|faint|p1a: Zapdos
|
|-heal|p2a: Iron Moth|24/100|[from] Grassy Terrain
|upkeep
|
|t:|1760462119
|switch|p1a: Ursaluna|Ursaluna, M, shiny|94/100 brn
|turn|14
|
|t:|1760462123
|move|p2a: Iron Moth|Sludge Wave|p1a: Ursaluna
|-resisted|p1a: Ursaluna
|-damage|p1a: Ursaluna|72/100 brn
|move|p1a: Ursaluna|Earthquake|p2a: Iron Moth
|-supereffective|p2a: Iron Moth
|-damage|p2a: Iron Moth|0 fnt
|faint|p2a: Iron Moth
|-end|p2a: Iron Moth|Quark Drive|[silent]
|
|-heal|p1a: Ursaluna|78/100 brn|[from] Grassy Terrain
|-damage|p1a: Ursaluna|72/100 brn|[from] brn
|upkeep
|
|t:|1760462131
|switch|p2a: Rillaboom|Rillaboom, M|72/100 par
|turn|15
|
|t:|1760462138
|move|p2a: Rillaboom|Wood Hammer|p1a: Ursaluna
|-supereffective|p1a: Ursaluna
|-damage|p1a: Ursaluna|0 fnt
|faint|p1a: Ursaluna
|-damage|p2a: Rillaboom|49/100 par|[from] Recoil
|
|-heal|p2a: Rillaboom|55/100 par|[from] Grassy Terrain
|-fieldend|move: Grassy Terrain
|upkeep
|
|t:|1760462143
|switch|p1a: Lurantis|Lurantis, F, shiny|100/100
|turn|16
|
|t:|1760462148
|switch|p2a: Tinkaton|Tinkaton, F|95/100
|move|p1a: Lurantis|Superpower|p2a: Tinkaton
|-damage|p2a: Tinkaton|56/100
|-boost|p1a: Lurantis|atk|1
|-boost|p1a: Lurantis|def|1
|
|upkeep
|turn|17
|
|t:|1760462160
|move|p2a: Tinkaton|Gigaton Hammer|p1a: Lurantis
|-damage|p1a: Lurantis|72/100
|move|p1a: Lurantis|Superpower|p2a: Tinkaton
|-damage|p2a: Tinkaton|0 fnt
|-boost|p1a: Lurantis|atk|1
|-boost|p1a: Lurantis|def|1
|faint|p2a: Tinkaton
|
|upkeep
|
|t:|1760462169
|switch|p2a: Great Tusk|Great Tusk|100/100
|-enditem|p2a: Great Tusk|Booster Energy
|-activate|p2a: Great Tusk|ability: Protosynthesis|[fromitem]
|-start|p2a: Great Tusk|protosynthesisspe
|turn|18
|
|t:|1760462177
|move|p2a: Great Tusk|Ice Spinner|p1a: Lurantis
|-supereffective|p1a: Lurantis
|-damage|p1a: Lurantis|50/100
|move|p1a: Lurantis|Leaf Storm|p2a: Great Tusk
|-supereffective|p2a: Great Tusk
|-damage|p2a: Great Tusk|0 fnt
|-boost|p1a: Lurantis|spa|2
|faint|p2a: Great Tusk
|-end|p2a: Great Tusk|Protosynthesis|[silent]
|
|upkeep
|
|t:|1760462185
|switch|p2a: Ogerpon|Ogerpon-Wellspring, F|100/100
|turn|19
|
|t:|1760462191
|move|p2a: Ogerpon|Play Rough|p1a: Lurantis
|-damage|p1a: Lurantis|32/100
|move|p1a: Lurantis|Poison Jab|p2a: Ogerpon
|-supereffective|p2a: Ogerpon
|-damage|p2a: Ogerpon|0 fnt
|faint|p2a: Ogerpon
|
|upkeep
|
|t:|1760462196
|switch|p2a: Rillaboom|Rillaboom, M|55/100 par
|-fieldstart|move: Grassy Terrain|[from] ability: Grassy Surge|[of] p2a: Rillaboom
|turn|20
|
|t:|1760462200
|cant|p2a: Rillaboom|par
|move|p1a: Lurantis|Poison Jab|p2a: Rillaboom
|-supereffective|p2a: Rillaboom
|-damage|p2a: Rillaboom|0 fnt
|faint|p2a: Rillaboom
|
|win|TTXl
|raw|TTXl's rating: 1108 &rarr; <strong>1136</strong><br />(+28 for winning)
|raw|qinwenxin's rating: 1153 &rarr; <strong>1125</strong><br />(-28 for losing)
|l|☆TTXl
|player|p1|
|l|☆qinwenxin
|player|p2|
