|j|☆Casper17
|j|☆lmhuge
|t:|1760415964
|gametype|singles
|player|p1|Casper17|lady-gen4|1075
|player|p2|lmhuge|ninjaboy|1068
|gen|9
|tier|[Gen 9] OU
|rated|
|rule|HP Percentage Mod: HP is shown in percentages
|rule|Endless Battle Clause: Forcing endless battles is banned
|rule|Species Clause: Limit one of each Pokémon
|rule|OHKO Clause: OHKO moves are banned
|rule|Evasion Items Clause: Evasion items are banned
|rule|Evasion Moves Clause: Evasion moves are banned
|rule|Evasion Abilities Clause: Evasion abilities are banned
|rule|Sleep Moves Clause: Sleep-inducing moves are banned
|clearpoke
|poke|p1|Cinderace, F|
|poke|p1|Altaria, M|
|poke|p1|Pecharunt|
|poke|p1|Greninja-*, M|
|poke|p1|Slowking-Galar, M|
|poke|p1|Kingambit, F|
|poke|p2|Alomomola, M|
|poke|p2|Corviknight, M|
|poke|p2|Clefable, F|
|poke|p2|Garganacl, M|
|poke|p2|Gliscor, M|
|poke|p2|Slowking-Galar, F|
|teampreview
|inactive|Battle timer is ON: inactive players will automatically lose when time's up. (requested by lmhuge)
|
|t:|1760415990
|teamsize|p1|6
|teamsize|p2|6
|start
|switch|p1a: Cinderace|Cinderace, F|100/100
|switch|p2a: Gliscor|Gliscor, M, shiny|100/100
|turn|1
|
|t:|1760415995
|move|p1a: Cinderace|U-turn|p2a: Gliscor
|-start|p1a: Cinderace|typechange|Bug|[from] ability: Libero
|-resisted|p2a: Gliscor
|-damage|p2a: Gliscor|85/100
|-damage|p1a: Cinderace|91/100|[from] item: Life Orb
|inactive|Casper17 has 120 seconds left.
|
|t:|1760416037
|switch|p1a: Greninja|Greninja, M|100/100|[from] U-turn
|move|p2a: Gliscor|Stealth Rock|p1a: Greninja
|-sidestart|p1: Casper17|move: Stealth Rock
|
|-status|p2a: Gliscor|tox|[from] item: Toxic Orb
|upkeep
|turn|2
|
|t:|1760416047
|move|p2a: Gliscor|Protect|p2a: Gliscor
|-singleturn|p2a: Gliscor|Protect
|move|p1a: Greninja|Hydro Pump|p2a: Gliscor
|-activate|p2a: Gliscor|move: Protect
|
|-heal|p2a: Gliscor|97/100 tox|[from] ability: Poison Heal
|upkeep
|turn|3
|
|t:|1760416060
|switch|p2a: Slowking|Slowking-Galar, F, shiny|100/100
|move|p1a: Greninja|Hydro Pump|p2a: Slowking
|-crit|p2a: Slowking
|-damage|p2a: Slowking|40/100
|-damage|p1a: Greninja|91/100|[from] item: Life Orb
|
|upkeep
|turn|4
|
|t:|1760416069
|move|p1a: Greninja|Dark Pulse|p2a: Slowking
|-supereffective|p2a: Slowking
|-damage|p2a: Slowking|0 fnt
|faint|p2a: Slowking
|-ability|p1a: Greninja|Battle Bond|boost
|-boost|p1a: Greninja|atk|1
|-boost|p1a: Greninja|spa|1
|-boost|p1a: Greninja|spe|1
|-activate|p1a: Greninja|ability: Battle Bond
|-damage|p1a: Greninja|81/100|[from] item: Life Orb
|
|upkeep
|
|t:|1760416082
|switch|p2a: Clefable|Clefable, F|100/100
|turn|5
|
|t:|1760416089
|move|p1a: Greninja|Hydro Pump|p2a: Clefable|[miss]
|-miss|p1a: Greninja|p2a: Clefable
|move|p2a: Clefable|Calm Mind|p2a: Clefable
|-boost|p2a: Clefable|spa|1
|-boost|p2a: Clefable|spd|1
|
|upkeep
|turn|6
|
|t:|1760416093
|move|p1a: Greninja|Liquidation|p2a: Clefable
|-damage|p2a: Clefable|60/100
|-unboost|p2a: Clefable|def|1
|-damage|p1a: Greninja|71/100|[from] item: Life Orb
|move|p2a: Clefable|Calm Mind|p2a: Clefable
|-boost|p2a: Clefable|spa|1
|-boost|p2a: Clefable|spd|1
|
|-heal|p2a: Clefable|66/100|[from] item: Leftovers
|upkeep
|turn|7
|
|t:|1760416098
|move|p1a: Greninja|Liquidation|p2a: Clefable
|-damage|p2a: Clefable|4/100
|-damage|p1a: Greninja|61/100|[from] item: Life Orb
|move|p2a: Clefable|Draining Kiss|p1a: Greninja
|-supereffective|p1a: Greninja
|-damage|p1a: Greninja|0 fnt
|-heal|p2a: Clefable|37/100|[from] drain|[of] p1a: Greninja
|faint|p1a: Greninja
|
|-heal|p2a: Clefable|43/100|[from] item: Leftovers
|upkeep
|
|t:|1760416108
|switch|p1a: Slowking|Slowking-Galar, M|100/100
|-damage|p1a: Slowking|88/100|[from] Stealth Rock
|turn|8
|
|t:|1760416132
|switch|p2a: Garganacl|Garganacl, M, shiny|100/100
|move|p1a: Slowking|Future Sight|p2a: Garganacl
|-start|p1a: Slowking|move: Future Sight
|
|upkeep
|turn|9
|
|t:|1760416135
|move|p2a: Garganacl|Salt Cure|p1a: Slowking
|-damage|p1a: Slowking|74/100
|-start|p1a: Slowking|Salt Cure
|move|p1a: Slowking|Focus Blast|p2a: Garganacl
|-supereffective|p2a: Garganacl
|-damage|p2a: Garganacl|33/100
|
|-damage|p1a: Slowking|62/100|[from] Salt Cure
|upkeep
|turn|10
|
|t:|1760416151
|switch|p2a: Corviknight|Corviknight, M, shiny|100/100
|-ability|p2a: Corviknight|Pressure
|switch|p1a: Pecharunt|Pecharunt|100/100
|
|-end|p2a: Corviknight|move: Future Sight
|-resisted|p2a: Corviknight
|-damage|p2a: Corviknight|74/100
|upkeep
|turn|11
|
|t:|1760416157
|move|p1a: Pecharunt|Parting Shot|p2a: Corviknight
|-unboost|p2a: Corviknight|atk|1
|-unboost|p2a: Corviknight|spa|1
|
|t:|1760416167
|switch|p1a: Cinderace|Cinderace, F|91/100|[from] Parting Shot
|-damage|p1a: Cinderace|66/100|[from] Stealth Rock
|move|p2a: Corviknight|Brave Bird|p1a: Cinderace
|-damage|p1a: Cinderace|30/100
|-damage|p2a: Corviknight|65/100|[from] Recoil
|
|upkeep
|turn|12
|
|t:|1760416178
|switch|p2a: Gliscor|Gliscor, M, shiny|97/100 tox
|move|p1a: Cinderace|Pyro Ball|p2a: Gliscor
|-damage|p2a: Gliscor|42/100 tox
|-damage|p1a: Cinderace|20/100|[from] item: Life Orb
|
|-heal|p2a: Gliscor|55/100 tox|[from] ability: Poison Heal
|upkeep
|turn|13
|
|t:|1760416184
|move|p2a: Gliscor|Protect|p2a: Gliscor
|-singleturn|p2a: Gliscor|Protect
|move|p1a: Cinderace|Pyro Ball|p2a: Gliscor
|-activate|p2a: Gliscor|move: Protect
|
|-heal|p2a: Gliscor|67/100 tox|[from] ability: Poison Heal
|upkeep
|turn|14
|
|t:|1760416190
|switch|p2a: Alomomola|Alomomola, M|100/100
|move|p1a: Cinderace|Pyro Ball|p2a: Alomomola
|-resisted|p2a: Alomomola
|-damage|p2a: Alomomola|80/100
|-damage|p1a: Cinderace|10/100|[from] item: Life Orb
|
|upkeep
|turn|15
|
|t:|1760416194
|move|p1a: Cinderace|Gunk Shot|p2a: Alomomola
|-start|p1a: Cinderace|typechange|Poison|[from] ability: Libero
|-damage|p2a: Alomomola|33/100
|-damage|p1a: Cinderace|0 fnt|[from] item: Life Orb
|faint|p1a: Cinderace
|move|p2a: Alomomola|Wish|p2a: Alomomola
|
|upkeep
|
|t:|1760416201
|switch|p1a: Slowking|Slowking-Galar, M|95/100
|-damage|p1a: Slowking|83/100|[from] Stealth Rock
|turn|16
|
|t:|1760416210
|move|p2a: Alomomola|Scald|p1a: Slowking
|-damage|p1a: Slowking|76/100
|-status|p1a: Slowking|brn
|move|p1a: Slowking|Future Sight|p2a: Alomomola
|-start|p1a: Slowking|move: Future Sight
|
|-heal|p2a: Alomomola|83/100|[from] move: Wish|[wisher] Alomomola
|-damage|p1a: Slowking|70/100 brn|[from] brn
|upkeep
|turn|17
|
|t:|1760416216
|move|p2a: Alomomola|Wish|p2a: Alomomola
|move|p1a: Slowking|Sludge Bomb|p2a: Alomomola
|-damage|p2a: Alomomola|40/100
|
|-damage|p1a: Slowking|64/100 brn|[from] brn
|upkeep
|turn|18
|
|t:|1760416220
|move|p2a: Alomomola|Protect|p2a: Alomomola
|-singleturn|p2a: Alomomola|Protect
|move|p1a: Slowking|Sludge Bomb|p2a: Alomomola
|-activate|p2a: Alomomola|move: Protect
|
|-end|p2a: Alomomola|move: Future Sight
|-damage|p2a: Alomomola|0 fnt
|faint|p2a: Alomomola
|-damage|p1a: Slowking|58/100 brn|[from] brn
|upkeep
|
|t:|1760416231
|switch|p2a: Garganacl|Garganacl, M, shiny|33/100
|turn|19
|
|t:|1760416235
|move|p2a: Garganacl|Recover|p2a: Garganacl
|-heal|p2a: Garganacl|83/100
|move|p1a: Slowking|Surf|p2a: Garganacl
|-supereffective|p2a: Garganacl
|-damage|p2a: Garganacl|30/100
|
|-damage|p1a: Slowking|52/100 brn|[from] brn
|upkeep
|turn|20
|
|t:|1760416241
|move|p2a: Garganacl|Recover|p2a: Garganacl
|-heal|p2a: Garganacl|80/100
|move|p1a: Slowking|Future Sight|p2a: Garganacl
|-start|p1a: Slowking|move: Future Sight
|
|-damage|p1a: Slowking|46/100 brn|[from] brn
|upkeep
|turn|21
|
|t:|1760416247
|move|p2a: Garganacl|Salt Cure|p1a: Slowking
|-crit|p1a: Slowking
|-damage|p1a: Slowking|25/100 brn
|-start|p1a: Slowking|Salt Cure
|move|p1a: Slowking|Focus Blast|p2a: Garganacl
|-supereffective|p2a: Garganacl
|-damage|p2a: Garganacl|13/100
|
|-damage|p1a: Slowking|19/100 brn|[from] brn
|-damage|p1a: Slowking|6/100 brn|[from] Salt Cure
|upkeep
|turn|22
|
|t:|1760416255
|switch|p1a: Pecharunt|Pecharunt|100/100
|move|p2a: Garganacl|Recover|p2a: Garganacl
|-heal|p2a: Garganacl|63/100
|
|-end|p2a: Garganacl|move: Future Sight
|-damage|p2a: Garganacl|10/100
|upkeep
|turn|23
|
|t:|1760416262
|move|p1a: Pecharunt|Malignant Chain|p2a: Garganacl
|-resisted|p2a: Garganacl
|-damage|p2a: Garganacl|0 fnt
|faint|p2a: Garganacl
|
|upkeep
|
|t:|1760416268
|switch|p2a: Gliscor|Gliscor, M, shiny|67/100 tox
|turn|24
|
|t:|1760416276
|-terastallize|p1a: Pecharunt|Dark
|move|p2a: Gliscor|Knock Off|p1a: Pecharunt
|-resisted|p1a: Pecharunt
|-damage|p1a: Pecharunt|94/100
|-enditem|p1a: Pecharunt|Heavy-Duty Boots|[from] move: Knock Off|[of] p2a: Gliscor
|move|p1a: Pecharunt|Acid Spray|p2a: Gliscor
|-resisted|p2a: Gliscor
|-damage|p2a: Gliscor|60/100 tox
|-unboost|p2a: Gliscor|spd|2
|
|-heal|p2a: Gliscor|72/100 tox|[from] ability: Poison Heal
|upkeep
|turn|25
|
|t:|1760416287
|move|p2a: Gliscor|Protect|p2a: Gliscor
|-singleturn|p2a: Gliscor|Protect
|move|p1a: Pecharunt|Acid Spray|p2a: Gliscor
|-activate|p2a: Gliscor|move: Protect
|
|-heal|p2a: Gliscor|85/100 tox|[from] ability: Poison Heal
|upkeep
|turn|26
|
|t:|1760416295
|switch|p2a: Corviknight|Corviknight, M, shiny|65/100
|-ability|p2a: Corviknight|Pressure
|move|p1a: Pecharunt|Acid Spray|p2a: Corviknight
|-immune|p2a: Corviknight
|
|upkeep
|turn|27
|
|t:|1760416309
|move|p1a: Pecharunt|Parting Shot|p2a: Corviknight
|-unboost|p2a: Corviknight|atk|1
|-unboost|p2a: Corviknight|spa|1
|
|t:|1760416311
|switch|p1a: Altaria|Altaria, M|100/100|[from] Parting Shot
|move|p2a: Corviknight|Roost|p2a: Corviknight
|-heal|p2a: Corviknight|100/100
|-singleturn|p2a: Corviknight|move: Roost
|
|upkeep
|turn|28
|
|t:|1760416321
|switch|p2a: Gliscor|Gliscor, M, shiny|85/100 tox
|move|p1a: Altaria|Will-O-Wisp||[still]
|-fail|p1a: Altaria
|
|-heal|p2a: Gliscor|97/100 tox|[from] ability: Poison Heal
|upkeep
|turn|29
|
|t:|1760416332
|move|p2a: Gliscor|Knock Off|p1a: Altaria
|-damage|p1a: Altaria|72/100
|-enditem|p1a: Altaria|Heavy-Duty Boots|[from] move: Knock Off|[of] p2a: Gliscor
|move|p1a: Altaria|Brave Bird|p2a: Gliscor
|-damage|p2a: Gliscor|75/100 tox
|-damage|p1a: Altaria|65/100|[from] Recoil
|
|-heal|p2a: Gliscor|88/100 tox|[from] ability: Poison Heal
|upkeep
|turn|30
|
|t:|1760416344
|switch|p2a: Corviknight|Corviknight, M, shiny|100/100
|-ability|p2a: Corviknight|Pressure
|move|p1a: Altaria|Roost|p1a: Altaria
|-heal|p1a: Altaria|100/100
|-singleturn|p1a: Altaria|move: Roost
|
|upkeep
|turn|31
|
|t:|1760416354
|move|p1a: Altaria|Will-O-Wisp|p2a: Corviknight
|-status|p2a: Corviknight|brn
|move|p2a: Corviknight|Brave Bird|p1a: Altaria
|-damage|p1a: Altaria|80/100
|-damage|p2a: Corviknight|94/100 brn|[from] Recoil
|
|-damage|p2a: Corviknight|88/100 brn|[from] brn
|upkeep
|turn|32
|
|t:|1760416373
|switch|p1a: Pecharunt|Pecharunt, tera:Dark|94/100
|-damage|p1a: Pecharunt|82/100|[from] Stealth Rock
|switch|p2a: Gliscor|Gliscor, M, shiny|88/100 tox
|
|-heal|p2a: Gliscor|99/100 tox|[from] ability: Poison Heal
|upkeep
|turn|33
|
|t:|1760416378
|move|p2a: Gliscor|Earthquake|p1a: Pecharunt
|-damage|p1a: Pecharunt|63/100
|move|p1a: Pecharunt|Acid Spray|p2a: Gliscor
|-resisted|p2a: Gliscor
|-damage|p2a: Gliscor|91/100 tox
|-unboost|p2a: Gliscor|spd|2
|
|-heal|p2a: Gliscor|100/100 tox|[from] ability: Poison Heal
|upkeep
|turn|34
|
|t:|1760416384
|switch|p2a: Corviknight|Corviknight, M, shiny|88/100 brn
|-ability|p2a: Corviknight|Pressure
|move|p1a: Pecharunt|Acid Spray|p2a: Corviknight
|-immune|p2a: Corviknight
|
|-damage|p2a: Corviknight|82/100 brn|[from] brn
|upkeep
|turn|35
|
|t:|1760416390
|move|p1a: Pecharunt|Parting Shot|p2a: Corviknight
|-unboost|p2a: Corviknight|atk|1
|-unboost|p2a: Corviknight|spa|1
|
|t:|1760416394
|switch|p1a: Slowking|Slowking-Galar, M|39/100 brn|[from] Parting Shot
|-damage|p1a: Slowking|27/100 brn|[from] Stealth Rock
|move|p2a: Corviknight|Brave Bird|p1a: Slowking
|-damage|p1a: Slowking|15/100 brn
|-damage|p2a: Corviknight|78/100 brn|[from] Recoil
|
|-damage|p2a: Corviknight|72/100 brn|[from] brn
|-damage|p1a: Slowking|9/100 brn|[from] brn
|upkeep
|turn|36
|
|t:|1760416406
|switch|p2a: Gliscor|Gliscor, M, shiny|100/100 tox
|switch|p1a: Pecharunt|Pecharunt, tera:Dark|63/100
|-damage|p1a: Pecharunt|51/100|[from] Stealth Rock
|
|upkeep
|turn|37
|
|t:|1760416409
|move|p2a: Gliscor|Earthquake|p1a: Pecharunt
|-damage|p1a: Pecharunt|33/100
|move|p1a: Pecharunt|Acid Spray|p2a: Gliscor
|-resisted|p2a: Gliscor
|-damage|p2a: Gliscor|92/100 tox
|-unboost|p2a: Gliscor|spd|2
|
|-heal|p2a: Gliscor|100/100 tox|[from] ability: Poison Heal
|upkeep
|turn|38
|
|t:|1760416420
|move|p2a: Gliscor|Protect|p2a: Gliscor
|-singleturn|p2a: Gliscor|Protect
|move|p1a: Pecharunt|Foul Play|p2a: Gliscor
|-activate|p2a: Gliscor|move: Protect
|
|upkeep
|turn|39
|
|t:|1760416426
|switch|p2a: Corviknight|Corviknight, M, shiny|72/100 brn
|-ability|p2a: Corviknight|Pressure
|move|p1a: Pecharunt|Malignant Chain|p2a: Corviknight
|-immune|p2a: Corviknight
|
|-damage|p2a: Corviknight|65/100 brn|[from] brn
|upkeep
|turn|40
|
|t:|1760416430
|move|p1a: Pecharunt|Parting Shot|p2a: Corviknight
|-unboost|p2a: Corviknight|atk|1
|-unboost|p2a: Corviknight|spa|1
|
|t:|1760416434
|switch|p1a: Slowking|Slowking-Galar, M|42/100 brn|[from] Parting Shot
|-damage|p1a: Slowking|29/100 brn|[from] Stealth Rock
|move|p2a: Corviknight|Roost|p2a: Corviknight
|-heal|p2a: Corviknight|100/100 brn
|-singleturn|p2a: Corviknight|move: Roost
|
|-damage|p2a: Corviknight|94/100 brn|[from] brn
|-damage|p1a: Slowking|23/100 brn|[from] brn
|upkeep
|turn|41
|
|t:|1760416447
|switch|p2a: Gliscor|Gliscor, M, shiny|100/100 tox
|move|p1a: Slowking|Future Sight|p2a: Gliscor
|-start|p1a: Slowking|move: Future Sight
|
|-damage|p1a: Slowking|17/100 brn|[from] brn
|upkeep
|turn|42
|inactive|Casper17 has 120 seconds left.
|inactive|Casper17 has 90 seconds left.
|
|t:|1760416509
|move|p2a: Gliscor|Earthquake|p1a: Slowking
|-supereffective|p1a: Slowking
|-damage|p1a: Slowking|0 fnt
|faint|p1a: Slowking
|
|upkeep
|inactive|Casper17 has 90 seconds left.
|
|t:|1760416514
|switch|p1a: Altaria|Altaria, M|80/100
|-damage|p1a: Altaria|55/100|[from] Stealth Rock
|turn|43
|
|t:|1760416524
|switch|p2a: Corviknight|Corviknight, M, shiny|94/100 brn
|-ability|p2a: Corviknight|Pressure
|move|p1a: Altaria|Roost|p1a: Altaria
|-heal|p1a: Altaria|100/100
|-singleturn|p1a: Altaria|move: Roost
|
|-end|p2a: Corviknight|move: Future Sight
|-resisted|p2a: Corviknight
|-damage|p2a: Corviknight|67/100 brn
|-damage|p2a: Corviknight|61/100 brn|[from] brn
|upkeep
|turn|44
|
|t:|1760416535
|move|p1a: Altaria|Alluring Voice|p2a: Corviknight
|-resisted|p2a: Corviknight
|-damage|p2a: Corviknight|55/100 brn
|move|p2a: Corviknight|Roost|p2a: Corviknight
|-heal|p2a: Corviknight|100/100 brn
|-singleturn|p2a: Corviknight|move: Roost
|
|-damage|p2a: Corviknight|94/100 brn|[from] brn
|upkeep
|turn|45
|
|t:|1760416545
|move|p1a: Altaria|Alluring Voice|p2a: Corviknight
|-resisted|p2a: Corviknight
|-damage|p2a: Corviknight|87/100 brn
|move|p2a: Corviknight|Brave Bird|p1a: Altaria
|-damage|p1a: Altaria|82/100
|-damage|p2a: Corviknight|82/100 brn|[from] Recoil
|
|-damage|p2a: Corviknight|76/100 brn|[from] brn
|upkeep
|turn|46
|
|t:|1760416552
|move|p1a: Altaria|Brave Bird|p2a: Corviknight
|-resisted|p2a: Corviknight
|-damage|p2a: Corviknight|67/100 brn
|-damage|p1a: Altaria|65/100|[from] item: Rocky Helmet|[of] p2a: Corviknight
|-damage|p1a: Altaria|62/100|[from] Recoil
|move|p2a: Corviknight|Brave Bird|p1a: Altaria
|-crit|p1a: Altaria
|-damage|p1a: Altaria|35/100
|-damage|p2a: Corviknight|59/100 brn|[from] Recoil
|
|-damage|p2a: Corviknight|53/100 brn|[from] brn
|upkeep
|turn|47
|
|t:|1760416563
|move|p1a: Altaria|Roost|p1a: Altaria
|-heal|p1a: Altaria|85/100
|-singleturn|p1a: Altaria|move: Roost
|move|p2a: Corviknight|Roost|p2a: Corviknight
|-heal|p2a: Corviknight|100/100 brn
|-singleturn|p2a: Corviknight|move: Roost
|
|-damage|p2a: Corviknight|94/100 brn|[from] brn
|upkeep
|turn|48
|
|t:|1760416590
|move|p1a: Altaria|Roost|p1a: Altaria
|-heal|p1a: Altaria|100/100
|-singleturn|p1a: Altaria|move: Roost
|move|p2a: Corviknight|Brave Bird|p1a: Altaria
|-damage|p1a: Altaria|80/100
|-damage|p2a: Corviknight|88/100 brn|[from] Recoil
|
|-damage|p2a: Corviknight|82/100 brn|[from] brn
|upkeep
|turn|49
|
|t:|1760416601
|move|p1a: Altaria|Alluring Voice|p2a: Corviknight
|-resisted|p2a: Corviknight
|-damage|p2a: Corviknight|75/100 brn
|move|p2a: Corviknight|Brave Bird|p1a: Altaria
|-damage|p1a: Altaria|62/100
|-damage|p2a: Corviknight|70/100 brn|[from] Recoil
|
|-damage|p2a: Corviknight|64/100 brn|[from] brn
|upkeep
|turn|50
|
|t:|1760416614
|move|p1a: Altaria|Alluring Voice|p2a: Corviknight
|-resisted|p2a: Corviknight
|-damage|p2a: Corviknight|57/100 brn
|move|p2a: Corviknight|Brave Bird|p1a: Altaria
|-damage|p1a: Altaria|43/100
|-damage|p2a: Corviknight|52/100 brn|[from] Recoil
|
|-damage|p2a: Corviknight|46/100 brn|[from] brn
|upkeep
|turn|51
|
|t:|1760416620
|move|p1a: Altaria|Roost|p1a: Altaria
|-heal|p1a: Altaria|93/100
|-singleturn|p1a: Altaria|move: Roost
|move|p2a: Corviknight|Roost|p2a: Corviknight
|-heal|p2a: Corviknight|96/100 brn
|-singleturn|p2a: Corviknight|move: Roost
|
|-damage|p2a: Corviknight|90/100 brn|[from] brn
|upkeep
|turn|52
|
|t:|1760416627
|move|p1a: Altaria|Alluring Voice|p2a: Corviknight
|-resisted|p2a: Corviknight
|-damage|p2a: Corviknight|83/100 brn
|move|p2a: Corviknight|Brave Bird|p1a: Altaria
|-damage|p1a: Altaria|74/100
|-damage|p2a: Corviknight|78/100 brn|[from] Recoil
|
|-damage|p2a: Corviknight|72/100 brn|[from] brn
|upkeep
|turn|53
|
|t:|1760416652
|switch|p2a: Gliscor|Gliscor, M, shiny|100/100 tox
|move|p1a: Altaria|Alluring Voice|p2a: Gliscor
|-damage|p2a: Gliscor|83/100 tox
|
|-heal|p2a: Gliscor|95/100 tox|[from] ability: Poison Heal
|upkeep
|turn|54
|inactive|Casper17 has 120 seconds left.
|
|t:|1760416661
|move|p2a: Gliscor|Knock Off|p1a: Altaria
|-damage|p1a: Altaria|54/100
|move|p1a: Altaria|Brave Bird|p2a: Gliscor
|-crit|p2a: Gliscor
|-damage|p2a: Gliscor|60/100 tox
|-damage|p1a: Altaria|43/100|[from] Recoil
|
|-heal|p2a: Gliscor|73/100 tox|[from] ability: Poison Heal
|upkeep
|turn|55
|
|t:|1760416668
|move|p2a: Gliscor|Knock Off|p1a: Altaria
|-damage|p1a: Altaria|25/100
|move|p1a: Altaria|Roost|p1a: Altaria
|-heal|p1a: Altaria|75/100
|-singleturn|p1a: Altaria|move: Roost
|
|-heal|p2a: Gliscor|85/100 tox|[from] ability: Poison Heal
|upkeep
|turn|56
|
|t:|1760416679
|switch|p1a: Pecharunt|Pecharunt, tera:Dark|33/100
|-damage|p1a: Pecharunt|20/100|[from] Stealth Rock
|move|p2a: Gliscor|Knock Off|p1a: Pecharunt
|-resisted|p1a: Pecharunt
|-damage|p1a: Pecharunt|16/100
|
|-heal|p2a: Gliscor|98/100 tox|[from] ability: Poison Heal
|upkeep
|turn|57
|
|t:|1760416688
|move|p2a: Gliscor|Stealth Rock||[still]
|-fail|p2a: Gliscor
|move|p1a: Pecharunt|Foul Play|p2a: Gliscor
|-damage|p2a: Gliscor|66/100 tox
|
|-heal|p2a: Gliscor|79/100 tox|[from] ability: Poison Heal
|upkeep
|turn|58
|
|t:|1760416693
|move|p2a: Gliscor|Protect|p2a: Gliscor
|-singleturn|p2a: Gliscor|Protect
|move|p1a: Pecharunt|Acid Spray|p2a: Gliscor
|-activate|p2a: Gliscor|move: Protect
|
|-heal|p2a: Gliscor|91/100 tox|[from] ability: Poison Heal
|upkeep
|turn|59
|
|t:|1760416698
|move|p2a: Gliscor|Earthquake|p1a: Pecharunt
|-damage|p1a: Pecharunt|0 fnt
|faint|p1a: Pecharunt
|
|-heal|p2a: Gliscor|100/100 tox|[from] ability: Poison Heal
|upkeep
|
|t:|1760416706
|switch|p1a: Altaria|Altaria, M|75/100
|-damage|p1a: Altaria|50/100|[from] Stealth Rock
|turn|60
|
|t:|1760416710
|move|p2a: Gliscor|Knock Off|p1a: Altaria
|-damage|p1a: Altaria|32/100
|move|p1a: Altaria|Roost|p1a: Altaria
|-heal|p1a: Altaria|82/100
|-singleturn|p1a: Altaria|move: Roost
|
|upkeep
|turn|61
|
|t:|1760416734
|move|p2a: Gliscor|Knock Off|p1a: Altaria
|-damage|p1a: Altaria|62/100
|move|p1a: Altaria|Alluring Voice|p2a: Gliscor
|-damage|p2a: Gliscor|82/100 tox
|
|-heal|p2a: Gliscor|94/100 tox|[from] ability: Poison Heal
|upkeep
|turn|62
|
|t:|1760416746
|move|p2a: Gliscor|Knock Off|p1a: Altaria
|-damage|p1a: Altaria|42/100
|move|p1a: Altaria|Roost|p1a: Altaria
|-heal|p1a: Altaria|92/100
|-singleturn|p1a: Altaria|move: Roost
|
|-heal|p2a: Gliscor|100/100 tox|[from] ability: Poison Heal
|upkeep
|turn|63
|
|t:|1760416760
|move|p2a: Gliscor|Knock Off|p1a: Altaria
|-damage|p1a: Altaria|74/100
|move|p1a: Altaria|Brave Bird|p2a: Gliscor
|-damage|p2a: Gliscor|80/100 tox
|-damage|p1a: Altaria|67/100|[from] Recoil
|
|-heal|p2a: Gliscor|92/100 tox|[from] ability: Poison Heal
|upkeep
|turn|64
|inactive|lmhuge has 120 seconds left.
|
|t:|1760416795
|switch|p2a: Corviknight|Corviknight, M, shiny|72/100 brn
|-ability|p2a: Corviknight|Pressure
|move|p1a: Altaria|Brave Bird|p2a: Corviknight
|-resisted|p2a: Corviknight
|-damage|p2a: Corviknight|63/100 brn
|-damage|p1a: Altaria|51/100|[from] item: Rocky Helmet|[of] p2a: Corviknight
|-damage|p1a: Altaria|47/100|[from] Recoil
|
|-damage|p2a: Corviknight|56/100 brn|[from] brn
|upkeep
|turn|65
|inactive|lmhuge has 120 seconds left.
|inactive|Casper17 has 120 seconds left.
|
|t:|1760416845
|move|p1a: Altaria|Brave Bird|p2a: Corviknight
|-resisted|p2a: Corviknight
|-damage|p2a: Corviknight|47/100 brn
|-damage|p1a: Altaria|31/100|[from] item: Rocky Helmet|[of] p2a: Corviknight
|-damage|p1a: Altaria|27/100|[from] Recoil
|move|p2a: Corviknight|Brave Bird|p1a: Altaria
|-crit|p1a: Altaria
|-damage|p1a: Altaria|0 fnt
|faint|p1a: Altaria
|-damage|p2a: Corviknight|39/100 brn|[from] Recoil
|
|-damage|p2a: Corviknight|33/100 brn|[from] brn
|upkeep
|
|t:|1760416848
|switch|p1a: Kingambit|Kingambit, F|100/100
|-damage|p1a: Kingambit|94/100|[from] Stealth Rock
|-activate|p1a: Kingambit|ability: Supreme Overlord
|-start|p1a: Kingambit|fallen5|[silent]
|turn|66
|
|t:|1760416859
|move|p2a: Corviknight|Body Press|p1a: Kingambit
|-supereffective|p1a: Kingambit
|-damage|p1a: Kingambit|58/100
|move|p1a: Kingambit|Swords Dance|p1a: Kingambit
|-boost|p1a: Kingambit|atk|2
|
|-damage|p2a: Corviknight|26/100 brn|[from] brn
|upkeep
|turn|67
|
|t:|1760416866
|move|p1a: Kingambit|Sucker Punch|p2a: Corviknight
|-damage|p2a: Corviknight|0 fnt
|-damage|p1a: Kingambit|41/100|[from] item: Rocky Helmet|[of] p2a: Corviknight
|faint|p2a: Corviknight
|
|upkeep
|
|t:|1760416871
|switch|p2a: Clefable|Clefable, F|43/100
|turn|68
|
|t:|1760416878
|-terastallize|p2a: Clefable|Steel
|move|p1a: Kingambit|Sucker Punch||[still]
|-fail|p1a: Kingambit
|move|p2a: Clefable|Moonlight|p2a: Clefable
|-heal|p2a: Clefable|93/100
|
|-heal|p2a: Clefable|99/100|[from] item: Leftovers
|upkeep
|turn|69
|
|t:|1760416884
|move|p2a: Clefable|Draining Kiss|p1a: Kingambit
|-damage|p1a: Kingambit|26/100
|-heal|p2a: Clefable|100/100|[from] drain|[of] p1a: Kingambit
|move|p1a: Kingambit|Swords Dance|p1a: Kingambit
|-boost|p1a: Kingambit|atk|2
|
|upkeep
|turn|70
|
|t:|1760416891
|move|p2a: Clefable|Draining Kiss|p1a: Kingambit
|-damage|p1a: Kingambit|9/100
|move|p1a: Kingambit|Kowtow Cleave|p2a: Clefable
|-damage|p2a: Clefable|0 fnt
|faint|p2a: Clefable
|
|upkeep
|
|t:|1760416896
|switch|p2a: Gliscor|Gliscor, M, shiny|92/100 tox
|turn|71
|
|t:|1760416902
|move|p2a: Gliscor|Protect|p2a: Gliscor
|-singleturn|p2a: Gliscor|Protect
|move|p1a: Kingambit|Sucker Punch||[still]
|-fail|p1a: Kingambit
|
|-heal|p2a: Gliscor|100/100 tox|[from] ability: Poison Heal
|upkeep
|turn|72
|
|t:|1760416908
|move|p1a: Kingambit|Sucker Punch||[still]
|-fail|p1a: Kingambit
|move|p2a: Gliscor|Stealth Rock||[still]
|-fail|p2a: Gliscor
|
|upkeep
|turn|73
|
|t:|1760416913
|move|p2a: Gliscor|Earthquake|p1a: Kingambit
|-supereffective|p1a: Kingambit
|-damage|p1a: Kingambit|0 fnt
|faint|p1a: Kingambit
|-end|p1a: Kingambit|fallen5|[silent]
|
|win|lmhuge
|raw|Casper17's rating: 1075 &rarr; <strong>1053</strong><br />(-22 for losing)
|raw|lmhuge's rating: 1068 &rarr; <strong>1098</strong><br />(+30 for winning)
|l|☆Casper17
|player|p1|
|c|☆lmhuge|gg
