|j|☆Korkie
|j|☆Denvertzzz
|t:|1760462303
|gametype|singles
|player|p1|Korkie|backersf|1175
|player|p2|Denvertzzz|266|1181
|gen|9
|tier|[Gen 9] OU
|rated|
|rule|HP Percentage Mod: HP is shown in percentages
|rule|Endless Battle Clause: Forcing endless battles is banned
|rule|Species Clause: Limit one of each Pokémon
|rule|OHKO Clause: OHKO moves are banned
|rule|Evasion Items Clause: Evasion items are banned
|rule|Evasion Moves Clause: Evasion moves are banned
|rule|Evasion Abilities Clause: Evasion abilities are banned
|rule|Sleep Moves Clause: Sleep-inducing moves are banned
|clearpoke
|poke|p1|Overqwil, F|
|poke|p1|Ursaluna, F|
|poke|p1|Pelipper, M|
|poke|p1|Ogerpon-Cornerstone, F|
|poke|p1|Scizor, F|
|poke|p1|Hitmontop, M|
|poke|p2|Grimmsnarl, M|
|poke|p2|Pincurchin, M|
|poke|p2|Raichu-Alola, M|
|poke|p2|Drifblim, M|
|poke|p2|Corviknight, M|
|poke|p2|Haxorus, M|
|teampreview
|inactive|Battle timer is ON: inactive players will automatically lose when time's up. (requested by Denvertzzz)
|
|t:|1760462312
|teamsize|p1|6
|teamsize|p2|6
|start
|switch|p1a: Pelipper|Pelipper, M|100/100
|switch|p2a: Fuzzie|Pincurchin, M, shiny|100/100
|-weather|RainDance|[from] ability: Drizzle|[of] p1a: Pelipper
|-fieldstart|move: Electric Terrain|[from] ability: Electric Surge|[of] p2a: Fuzzie
|turn|1
|
|t:|1760462324
|switch|p2a: Brownie|Raichu-Alola, M, shiny|100/100
|move|p1a: Pelipper|Surf|p2a: Brownie
|-damage|p2a: Brownie|36/100
|
|-weather|RainDance|[upkeep]
|upkeep
|turn|2
|
|t:|1760462335
|-terastallize|p1a: Pelipper|Ground
|move|p2a: Brownie|Thunderbolt|p1a: Pelipper
|-immune|p1a: Pelipper
|move|p1a: Pelipper|Surf|p2a: Brownie
|-damage|p2a: Brownie|0 fnt
|faint|p2a: Brownie
|
|-weather|RainDance|[upkeep]
|upkeep
|
|t:|1760462347
|switch|p2a: Glowie|Drifblim, M, shiny|100/100
|-enditem|p2a: Glowie|Electric Seed
|-boost|p2a: Glowie|def|1|[from] item: Electric Seed
|turn|3
|
|t:|1760462353
|move|p2a: Glowie|Calm Mind|p2a: Glowie
|-boost|p2a: Glowie|spa|1
|-boost|p2a: Glowie|spd|1
|move|p1a: Pelipper|U-turn|p2a: Glowie
|-resisted|p2a: Glowie
|-damage|p2a: Glowie|99/100
|
|t:|1760462357
|switch|p1a: Overqwil|Overqwil, F|100/100|[from] U-turn
|
|-weather|RainDance|[upkeep]
|upkeep
|turn|4
|
|t:|1760462368
|-terastallize|p2a: Glowie|Electric
|move|p1a: Overqwil|Swords Dance|p1a: Overqwil
|-boost|p1a: Overqwil|atk|2
|move|p2a: Glowie|Strength Sap|p1a: Overqwil
|-unboost|p1a: Overqwil|atk|1
|-heal|p2a: Glowie|100/100
|
|-weather|RainDance|[upkeep]
|upkeep
|turn|5
|
|t:|1760462379
|move|p1a: Overqwil|Swords Dance|p1a: Overqwil
|-boost|p1a: Overqwil|atk|2
|move|p2a: Glowie|Thunderbolt|p1a: Overqwil
|-damage|p1a: Overqwil|0 fnt
|faint|p1a: Overqwil
|
|-weather|RainDance|[upkeep]
|upkeep
|
|t:|1760462387
|switch|p1a: Ursaluna|Ursaluna, F|100/100
|turn|6
|
|t:|1760462412
|switch|p2a: Boogie|Corviknight, M, shiny|100/100
|move|p1a: Ursaluna|Trailblaze|p2a: Boogie
|-resisted|p2a: Boogie
|-damage|p2a: Boogie|97/100
|-boost|p1a: Ursaluna|spe|1
|-damage|p1a: Ursaluna|84/100|[from] item: Rocky Helmet|[of] p2a: Boogie
|
|-weather|RainDance|[upkeep]
|-status|p1a: Ursaluna|brn|[from] item: Flame Orb
|upkeep
|turn|7
|
|t:|1760462424
|switch|p1a: Pelipper|Pelipper, M, tera:Ground|100/100
|move|p2a: Boogie|Iron Defense|p2a: Boogie
|-boost|p2a: Boogie|def|2
|
|-weather|RainDance|[upkeep]
|upkeep
|turn|8
|inactive|Denvertzzz has 120 seconds left.
|
|t:|1760462444
|switch|p2a: Fuzzie|Pincurchin, M, shiny|100/100
|move|p1a: Pelipper|Surf|p2a: Fuzzie
|-damage|p2a: Fuzzie|32/100
|
|-weather|none
|-fieldend|move: Electric Terrain
|upkeep
|turn|9
|
|t:|1760462454
|move|p1a: Pelipper|Surf|p2a: Fuzzie
|-damage|p2a: Fuzzie|0 fnt
|faint|p2a: Fuzzie
|
|upkeep
|
|t:|1760462462
|switch|p2a: Coolie|Haxorus, M, shiny|100/100
|-ability|p2a: Coolie|Mold Breaker
|turn|10
|
|t:|1760462466
|move|p2a: Coolie|Dragon Dance|p2a: Coolie
|-boost|p2a: Coolie|atk|1
|-boost|p2a: Coolie|spe|1
|move|p1a: Pelipper|U-turn|p2a: Coolie
|-damage|p2a: Coolie|90/100
|
|t:|1760462468
|switch|p1a: Hitmontop|Hitmontop, M|100/100|[from] U-turn
|
|upkeep
|turn|11
|
|t:|1760462482
|move|p2a: Coolie|Dragon Dance|p2a: Coolie
|-boost|p2a: Coolie|atk|1
|-boost|p2a: Coolie|spe|1
|move|p1a: Hitmontop|Triple Axel|p2a: Coolie
|-supereffective|p2a: Coolie
|-damage|p2a: Coolie|64/100
|-supereffective|p2a: Coolie
|-damage|p2a: Coolie|19/100
|-supereffective|p2a: Coolie
|-damage|p2a: Coolie|0 fnt
|faint|p2a: Coolie
|-hitcount|p2: Coolie|3
|
|upkeep
|
|t:|1760462494
|switch|p2a: Gringo|Grimmsnarl, M, shiny|100/100
|turn|12
|
|t:|1760462498
|move|p2a: Gringo|Bulk Up|p2a: Gringo
|-boost|p2a: Gringo|atk|1
|-boost|p2a: Gringo|def|1
|move|p1a: Hitmontop|High Jump Kick|p2a: Gringo
|-damage|p2a: Gringo|53/100
|
|upkeep
|turn|13
|
|t:|1760462505
|move|p2a: Gringo|Bulk Up|p2a: Gringo
|-boost|p2a: Gringo|atk|1
|-boost|p2a: Gringo|def|1
|move|p1a: Hitmontop|High Jump Kick|p2a: Gringo
|-damage|p2a: Gringo|18/100
|
|upkeep
|turn|14
|
|t:|1760462520
|move|p2a: Gringo|Sucker Punch|p1a: Hitmontop
|-resisted|p1a: Hitmontop
|-damage|p1a: Hitmontop|46/100
|-damage|p2a: Gringo|8/100|[from] item: Life Orb
|move|p1a: Hitmontop|High Jump Kick|p2a: Gringo
|-damage|p2a: Gringo|0 fnt
|faint|p2a: Gringo
|
|upkeep
|-message|Denvertzzz forfeited.
|
|win|Korkie
|raw|Korkie's rating: 1175 &rarr; <strong>1200</strong><br />(+25 for winning)
|raw|Denvertzzz's rating: 1181 &rarr; <strong>1156</strong><br />(-25 for losing)
|l|☆Denvertzzz
|player|p2|
|l|☆Korkie
|player|p1|
