|j|☆nate the poo
|j|☆dadddydaddy
|t:|1760415098
|gametype|singles
|player|p1|nate the poo|266|1197
|player|p2|dadddydaddy|blackbelt|1177
|gen|9
|tier|[Gen 9] OU
|rated|
|rule|HP Percentage Mod: HP is shown in percentages
|rule|Endless Battle Clause: Forcing endless battles is banned
|rule|Species Clause: Limit one of each Pokémon
|rule|OHKO Clause: OHKO moves are banned
|rule|Evasion Items Clause: Evasion items are banned
|rule|Evasion Moves Clause: Evasion moves are banned
|rule|Evasion Abilities Clause: Evasion abilities are banned
|rule|Sleep Moves Clause: Sleep-inducing moves are banned
|clearpoke
|poke|p1|Torterra, M|
|poke|p1|Metagross|
|poke|p1|Basculegion-F, F|
|poke|p1|Talonflame, M|
|poke|p1|Toxtricity, M|
|poke|p1|Hydreigon, M|
|poke|p2|Skeledirge, M|
|poke|p2|Ogerpon-Wellspring, F|
|poke|p2|Dragapult, M|
|poke|p2|Weezing-Galar, M|
|poke|p2|Ting-Lu|
|poke|p2|Corviknight, F|
|teampreview
|inactive|Battle timer is ON: inactive players will automatically lose when time's up. (requested by nate the poo)
|
|t:|1760415129
|teamsize|p1|6
|teamsize|p2|6
|start
|switch|p1a: Basculegion|Basculegion-F, F|100/100
|switch|p2a: Ting-Lu|Ting-Lu, shiny|100/100
|-ability|p2a: Ting-Lu|Vessel of Ruin
|turn|1
|
|t:|1760415133
|move|p1a: Basculegion|Hydro Pump|p2a: Ting-Lu|[miss]
|-miss|p1a: Basculegion|p2a: Ting-Lu
|move|p2a: Ting-Lu|Throat Chop|p1a: Basculegion
|-supereffective|p1a: Basculegion
|-damage|p1a: Basculegion|13/100
|-start|p1a: Basculegion|Throat Chop|[silent]
|
|upkeep
|turn|2
|
|t:|1760415143
|move|p1a: Basculegion|Shadow Ball|p2a: Ting-Lu
|-resisted|p2a: Ting-Lu
|-damage|p2a: Ting-Lu|88/100
|-damage|p1a: Basculegion|3/100|[from] item: Life Orb
|move|p2a: Ting-Lu|Stealth Rock|p1a: Basculegion
|-sidestart|p1: nate the poo|move: Stealth Rock
|
|-heal|p2a: Ting-Lu|95/100|[from] item: Leftovers
|-end|p1a: Basculegion|Throat Chop|[silent]
|upkeep
|turn|3
|
|t:|1760415158
|move|p1a: Basculegion|Hydro Pump|p2a: Ting-Lu
|-supereffective|p2a: Ting-Lu
|-damage|p2a: Ting-Lu|26/100
|-damage|p1a: Basculegion|0 fnt|[from] item: Life Orb
|faint|p1a: Basculegion
|move|p2a: Ting-Lu|Throat Chop|p1: Basculegion|[notarget]
|-fail|p2a: Ting-Lu
|
|-heal|p2a: Ting-Lu|32/100|[from] item: Leftovers
|upkeep
|
|t:|1760415175
|switch|p1a: Toxtricity|Toxtricity, M|100/100
|-damage|p1a: Toxtricity|88/100|[from] Stealth Rock
|turn|4
|
|t:|1760415181
|move|p1a: Toxtricity|Boomburst|p2a: Ting-Lu
|-damage|p2a: Ting-Lu|4/100
|move|p2a: Ting-Lu|Earthquake|p1a: Toxtricity
|-supereffective|p1a: Toxtricity
|-damage|p1a: Toxtricity|0 fnt
|faint|p1a: Toxtricity
|
|-heal|p2a: Ting-Lu|10/100|[from] item: Leftovers
|upkeep
|
|t:|1760415186
|switch|p1a: Hydreigon|Hydreigon, M|100/100
|-damage|p1a: Hydreigon|88/100|[from] Stealth Rock
|turn|5
|
|t:|1760415195
|move|p1a: Hydreigon|Dark Pulse|p2a: Ting-Lu
|-resisted|p2a: Ting-Lu
|-damage|p2a: Ting-Lu|1/100
|move|p2a: Ting-Lu|Rest|p2a: Ting-Lu
|-status|p2a: Ting-Lu|slp|[from] move: Rest
|-heal|p2a: Ting-Lu|100/100 slp|[silent]
|
|upkeep
|turn|6
|
|t:|1760415210
|switch|p2a: Ogerpon|Ogerpon-Wellspring, F|100/100
|move|p1a: Hydreigon|Nasty Plot|p1a: Hydreigon
|-boost|p1a: Hydreigon|spa|2
|
|upkeep
|turn|7
|
|t:|1760415219
|move|p1a: Hydreigon|Dark Pulse|p2a: Ogerpon
|-damage|p2a: Ogerpon|17/100
|move|p2a: Ogerpon|Ivy Cudgel|p1a: Hydreigon|[anim] Ivy Cudgel Water
|-resisted|p1a: Hydreigon
|-crit|p1a: Hydreigon
|-damage|p1a: Hydreigon|39/100
|
|upkeep
|turn|8
|
|t:|1760415227
|move|p1a: Hydreigon|Dark Pulse|p2a: Ogerpon
|-damage|p2a: Ogerpon|0 fnt
|faint|p2a: Ogerpon
|
|upkeep
|
|t:|1760415231
|switch|p2a: Dragapult|Dragapult, M|100/100
|turn|9
|
|t:|1760415238
|move|p2a: Dragapult|U-turn|p1a: Hydreigon
|-supereffective|p1a: Hydreigon
|-damage|p1a: Hydreigon|3/100
|
|t:|1760415241
|switch|p2a: Ting-Lu|Ting-Lu, shiny|100/100 slp|[from] U-turn
|-ability|p2a: Ting-Lu|Vessel of Ruin
|move|p1a: Hydreigon|Dark Pulse|p2a: Ting-Lu
|-resisted|p2a: Ting-Lu
|-crit|p2a: Ting-Lu
|-damage|p2a: Ting-Lu|77/100 slp
|
|-heal|p2a: Ting-Lu|83/100 slp|[from] item: Leftovers
|upkeep
|turn|10
|
|t:|1760415267
|move|p1a: Hydreigon|Dragon Pulse|p2a: Ting-Lu
|-damage|p2a: Ting-Lu|44/100 slp
|cant|p2a: Ting-Lu|slp
|
|-heal|p2a: Ting-Lu|50/100 slp|[from] item: Leftovers
|upkeep
|turn|11
|
|t:|1760415272
|move|p1a: Hydreigon|Dark Pulse|p2a: Ting-Lu
|-resisted|p2a: Ting-Lu
|-damage|p2a: Ting-Lu|33/100 slp
|cant|p2a: Ting-Lu|slp
|
|-heal|p2a: Ting-Lu|39/100 slp|[from] item: Leftovers
|upkeep
|turn|12
|
|t:|1760415277
|move|p1a: Hydreigon|Dragon Pulse|p2a: Ting-Lu
|-damage|p2a: Ting-Lu|5/100 slp
|-curestatus|p2a: Ting-Lu|slp|[msg]
|move|p2a: Ting-Lu|Throat Chop|p1a: Hydreigon
|-resisted|p1a: Hydreigon
|-damage|p1a: Hydreigon|0 fnt
|faint|p1a: Hydreigon
|
|-heal|p2a: Ting-Lu|11/100|[from] item: Leftovers
|upkeep
|
|t:|1760415285
|switch|p1a: Torterra|Torterra, M|100/100
|-damage|p1a: Torterra|94/100|[from] Stealth Rock
|turn|13
|
|t:|1760415309
|switch|p2a: Corviknight|Corviknight, F|100/100
|-ability|p2a: Corviknight|Pressure
|move|p1a: Torterra|Shell Smash|p1a: Torterra
|-unboost|p1a: Torterra|def|1
|-unboost|p1a: Torterra|spd|1
|-boost|p1a: Torterra|atk|2
|-boost|p1a: Torterra|spa|2
|-boost|p1a: Torterra|spe|2
|
|upkeep
|turn|14
|
|t:|1760415314
|move|p1a: Torterra|Rock Blast|p2a: Corviknight
|-damage|p2a: Corviknight|89/100
|-damage|p2a: Corviknight|79/100
|-damage|p2a: Corviknight|68/100
|-damage|p2a: Corviknight|57/100
|-damage|p2a: Corviknight|47/100
|-hitcount|p2a: Corviknight|5
|move|p2a: Corviknight|Iron Defense|p2a: Corviknight
|-boost|p2a: Corviknight|def|2
|
|upkeep
|turn|15
|
|t:|1760415324
|move|p1a: Torterra|Rock Blast|p2a: Corviknight|[miss]
|-miss|p1a: Torterra|p2a: Corviknight
|move|p2a: Corviknight|Roost|p2a: Corviknight
|-heal|p2a: Corviknight|97/100
|-singleturn|p2a: Corviknight|move: Roost
|
|upkeep
|turn|16
|
|t:|1760415328
|switch|p1a: Talonflame|Talonflame, M|100/100
|move|p2a: Corviknight|Body Press|p1a: Talonflame
|-resisted|p1a: Talonflame
|-damage|p1a: Talonflame|65/100
|
|upkeep
|turn|17
|
|t:|1760415336
|switch|p2a: Ting-Lu|Ting-Lu, shiny|11/100
|-ability|p2a: Ting-Lu|Vessel of Ruin
|move|p1a: Talonflame|Bulk Up|p1a: Talonflame
|-boost|p1a: Talonflame|atk|1
|-boost|p1a: Talonflame|def|1
|
|-heal|p2a: Ting-Lu|17/100|[from] item: Leftovers
|upkeep
|turn|18
|
|t:|1760415341
|move|p1a: Talonflame|Bulk Up|p1a: Talonflame
|-boost|p1a: Talonflame|atk|1
|-boost|p1a: Talonflame|def|1
|move|p2a: Ting-Lu|Throat Chop|p1a: Talonflame
|-damage|p1a: Talonflame|46/100
|-start|p1a: Talonflame|Throat Chop|[silent]
|
|-heal|p2a: Ting-Lu|23/100|[from] item: Leftovers
|upkeep
|turn|19
|
|t:|1760415347
|move|p1a: Talonflame|Flame Charge|p2a: Ting-Lu
|-damage|p2a: Ting-Lu|7/100
|-boost|p1a: Talonflame|spe|1
|move|p2a: Ting-Lu|Rest|p2a: Ting-Lu
|-status|p2a: Ting-Lu|slp|[from] move: Rest
|-heal|p2a: Ting-Lu|100/100 slp|[silent]
|
|-end|p1a: Talonflame|Throat Chop|[silent]
|upkeep
|turn|20
|
|t:|1760415356
|switch|p2a: Skeledirge|Skeledirge, M|100/100
|move|p1a: Talonflame|Roost|p1a: Talonflame
|-heal|p1a: Talonflame|96/100
|-singleturn|p1a: Talonflame|move: Roost
|
|upkeep
|turn|21
|
|t:|1760415361
|move|p1a: Talonflame|Bulk Up|p1a: Talonflame
|-boost|p1a: Talonflame|atk|1
|-boost|p1a: Talonflame|def|1
|move|p2a: Skeledirge|Torch Song|p1a: Talonflame
|-resisted|p1a: Talonflame
|-damage|p1a: Talonflame|76/100
|-boost|p2a: Skeledirge|spa|1
|
|upkeep
|turn|22
|
|t:|1760415366
|move|p1a: Talonflame|Roost|p1a: Talonflame
|-heal|p1a: Talonflame|100/100
|-singleturn|p1a: Talonflame|move: Roost
|move|p2a: Skeledirge|Torch Song|p1a: Talonflame
|-resisted|p1a: Talonflame
|-damage|p1a: Talonflame|70/100
|-boost|p2a: Skeledirge|spa|1
|
|upkeep
|turn|23
|
|t:|1760415369
|move|p1a: Talonflame|Dual Wingbeat|p2a: Skeledirge
|-damage|p2a: Skeledirge|90/100
|-damage|p2a: Skeledirge|80/100
|-hitcount|p2a: Skeledirge|2
|move|p2a: Skeledirge|Torch Song|p1a: Talonflame
|-resisted|p1a: Talonflame
|-damage|p1a: Talonflame|34/100
|-boost|p2a: Skeledirge|spa|1
|
|upkeep
|turn|24
|
|t:|1760415378
|move|p1a: Talonflame|Roost|p1a: Talonflame
|-heal|p1a: Talonflame|84/100
|-singleturn|p1a: Talonflame|move: Roost
|move|p2a: Skeledirge|Torch Song|p1a: Talonflame
|-resisted|p1a: Talonflame
|-damage|p1a: Talonflame|35/100
|-boost|p2a: Skeledirge|spa|1
|
|upkeep
|turn|25
|
|t:|1760415385
|switch|p1a: Metagross|Metagross|100/100
|-damage|p1a: Metagross|94/100|[from] Stealth Rock
|move|p2a: Skeledirge|Slack Off|p2a: Skeledirge
|-heal|p2a: Skeledirge|100/100
|
|upkeep
|turn|26
|
|t:|1760415391
|move|p1a: Metagross|Stealth Rock|p2a: Skeledirge
|-sidestart|p2: dadddydaddy|move: Stealth Rock
|move|p2a: Skeledirge|Torch Song|p1a: Metagross
|-supereffective|p1a: Metagross
|-damage|p1a: Metagross|0 fnt
|-boost|p2a: Skeledirge|spa|1
|faint|p1a: Metagross
|
|upkeep
|
|t:|1760415396
|switch|p1a: Torterra|Torterra, M|94/100
|-damage|p1a: Torterra|88/100|[from] Stealth Rock
|turn|27
|
|t:|1760415400
|-terastallize|p2a: Skeledirge|Dark
|move|p1a: Torterra|Earthquake|p2a: Skeledirge
|-damage|p2a: Skeledirge|60/100
|move|p2a: Skeledirge|Torch Song|p1a: Torterra
|-supereffective|p1a: Torterra
|-damage|p1a: Torterra|0 fnt
|-boost|p2a: Skeledirge|spa|1
|faint|p1a: Torterra
|
|upkeep
|
|t:|1760415405
|switch|p1a: Talonflame|Talonflame, M|35/100
|turn|28
|
|t:|1760415408
|move|p1a: Talonflame|Dual Wingbeat|p2a: Skeledirge
|-damage|p2a: Skeledirge|51/100
|-damage|p2a: Skeledirge|42/100
|-hitcount|p2a: Skeledirge|2
|move|p2a: Skeledirge|Torch Song|p1a: Talonflame
|-resisted|p1a: Talonflame
|-damage|p1a: Talonflame|0 fnt
|faint|p1a: Talonflame
|
|win|dadddydaddy
|raw|nate the poo's rating: 1197 &rarr; <strong>1171</strong><br />(-26 for losing)
|raw|dadddydaddy's rating: 1177 &rarr; <strong>1203</strong><br />(+26 for winning)
|l|☆dadddydaddy
|player|p2|
|l|☆nate the poo
|player|p1|
