|j|☆dishes_ttv
|j|☆smogonules
|t:|1760445724
|gametype|singles
|player|p1|dishes_ttv|265|1405
|player|p2|smogonules|266|1366
|gen|9
|tier|[Gen 9] OU
|rated|
|rule|HP Percentage Mod: HP is shown in percentages
|rule|Endless Battle Clause: Forcing endless battles is banned
|rule|Species Clause: Limit one of each Pokémon
|rule|OHKO Clause: OHKO moves are banned
|rule|Evasion Items Clause: Evasion items are banned
|rule|Evasion Moves Clause: Evasion moves are banned
|rule|Evasion Abilities Clause: Evasion abilities are banned
|rule|Sleep Moves Clause: Sleep-inducing moves are banned
|clearpoke
|poke|p1|Gholdengo|
|poke|p1|Dragonite, M|
|poke|p1|Clefable, F|
|poke|p1|Arcanine-Hisui, F|
|poke|p1|Araquanid, M|
|poke|p1|Iron Treads|
|poke|p2|Jirachi|
|poke|p2|Great Tusk|
|poke|p2|Latios, M|
|poke|p2|Gardevoir, F|
|poke|p2|Polteageist|
|poke|p2|Crawdaunt, F|
|teampreview
|
|t:|1760445752
|teamsize|p1|6
|teamsize|p2|6
|start
|switch|p1a: Araquanid|Araquanid, M|100/100
|switch|p2a: Chamomile|Jirachi|100/100
|turn|1
|inactive|Battle timer is ON: inactive players will automatically lose when time's up. (requested by dishes_ttv)
|inactive|smogonules has 120 seconds left.
|
|t:|1760445785
|move|p2a: Chamomile|Stealth Rock|p1a: Araquanid
|-sidestart|p1: dishes_ttv|move: Stealth Rock
|move|p1a: Araquanid|Liquidation|p2a: Chamomile
|-damage|p2a: Chamomile|56/100
|-unboost|p2a: Chamomile|def|1
|
|upkeep
|turn|2
|
|t:|1760445791
|move|p2a: Chamomile|Thunder Wave|p1a: Araquanid
|-status|p1a: Araquanid|par
|move|p1a: Araquanid|Liquidation|p2a: Chamomile
|-damage|p2a: Chamomile|0 fnt
|faint|p2a: Chamomile
|
|upkeep
|
|t:|1760445793
|switch|p2a: Scampi|Crawdaunt, F|100/100
|turn|3
|
|t:|1760445804
|switch|p1a: Clefable|Clefable, F|100/100
|move|p2a: Scampi|Swords Dance|p2a: Scampi
|-boost|p2a: Scampi|atk|2
|
|upkeep
|turn|4
|
|t:|1760445812
|-terastallize|p1a: Clefable|Water
|move|p2a: Scampi|Crabhammer|p1a: Clefable
|-resisted|p1a: Clefable
|-crit|p1a: Clefable
|-damage|p1a: Clefable|2/100
|-damage|p2a: Scampi|91/100|[from] item: Life Orb
|move|p1a: Clefable|Moonblast|p2a: Scampi
|-supereffective|p2a: Scampi
|-damage|p2a: Scampi|0 fnt
|faint|p2a: Scampi
|
|-heal|p1a: Clefable|8/100|[from] item: Leftovers
|upkeep
|
|t:|1760445819
|switch|p2a: Biscuit|Polteageist|100/100
|turn|5
|
|t:|1760445822
|move|p2a: Biscuit|Shadow Ball|p1a: Clefable
|-damage|p1a: Clefable|0 fnt
|faint|p1a: Clefable
|
|upkeep
|
|t:|1760445826
|switch|p1a: Gholdengo|Gholdengo|100/100
|-damage|p1a: Gholdengo|94/100|[from] Stealth Rock
|turn|6
|
|t:|1760445837
|move|p1a: Gholdengo|Trick|p2a: Biscuit
|-activate|p1a: Gholdengo|move: Trick|[of] p2a: Biscuit
|-item|p2a: Biscuit|Choice Scarf|[from] move: Trick
|-item|p1a: Gholdengo|Focus Sash|[from] move: Trick
|move|p2a: Biscuit|Shadow Ball|p1a: Gholdengo
|-supereffective|p1a: Gholdengo
|-damage|p1a: Gholdengo|0 fnt
|faint|p1a: Gholdengo
|
|upkeep
|
|t:|1760445844
|switch|p1a: Arcanine|Arcanine-Hisui, F|100/100
|-damage|p1a: Arcanine|76/100|[from] Stealth Rock
|turn|7
|
|t:|1760445846
|move|p2a: Biscuit|Shadow Ball|p1a: Arcanine
|-damage|p1a: Arcanine|18/100
|move|p1a: Arcanine|Flare Blitz|p2a: Biscuit
|-damage|p2a: Biscuit|0 fnt
|faint|p2a: Biscuit
|
|upkeep
|
|t:|1760445855
|switch|p2a: Syrup|Latios, M|100/100
|turn|8
|
|t:|1760445858
|move|p2a: Syrup|Luster Purge|p1a: Arcanine
|-damage|p1a: Arcanine|0 fnt
|faint|p1a: Arcanine
|
|upkeep
|
|t:|1760445864
|switch|p1a: Dragonite|Dragonite, M|100/100
|turn|9
|
|t:|1760445872
|switch|p1a: Araquanid|Araquanid, M|100/100 par
|-damage|p1a: Araquanid|75/100 par|[from] Stealth Rock
|move|p2a: Syrup|Reflect|p2a: Syrup
|-sidestart|p2: smogonules|Reflect
|
|upkeep
|turn|10
|
|t:|1760445878
|move|p2a: Syrup|Simple Beam|p1a: Araquanid
|-ability|p1a: Araquanid|Simple|Water Bubble|[from] move: Simple Beam
|move|p1a: Araquanid|Liquidation|p2a: Syrup
|-resisted|p2a: Syrup
|-damage|p2a: Syrup|93/100
|
|upkeep
|turn|11
|
|t:|1760445884
|move|p2a: Syrup|Memento|p1a: Araquanid
|-unboost|p1a: Araquanid|atk|4
|-unboost|p1a: Araquanid|spa|4
|faint|p2a: Syrup
|move|p1a: Araquanid|Liquidation|p2: Syrup|[notarget]
|-fail|p1a: Araquanid
|
|upkeep
|
|t:|1760445886
|switch|p2a: Cucumber|Gardevoir, F|100/100
|-ability|p2a: Cucumber|Simple|Trace|[from] ability: Trace|[of] p1a: Araquanid
|turn|12
|
|t:|1760445896
|move|p2a: Cucumber|Substitute|p2a: Cucumber
|-start|p2a: Cucumber|Substitute
|-damage|p2a: Cucumber|75/100
|move|p1a: Araquanid|Liquidation|p2a: Cucumber
|-activate|p2a: Cucumber|move: Substitute|[damage]
|
|upkeep
|turn|13
|
|t:|1760445900
|switch|p1a: Iron Treads|Iron Treads|100/100
|-damage|p1a: Iron Treads|97/100|[from] Stealth Rock
|move|p2a: Cucumber|Calm Mind|p2a: Cucumber
|-boost|p2a: Cucumber|spa|2
|-boost|p2a: Cucumber|spd|2
|
|-heal|p1a: Iron Treads|100/100|[from] item: Leftovers
|upkeep
|turn|14
|
|t:|1760445910
|move|p2a: Cucumber|Calm Mind|p2a: Cucumber
|-boost|p2a: Cucumber|spa|2
|-boost|p2a: Cucumber|spd|2
|move|p1a: Iron Treads|Earthquake|p2a: Cucumber
|-end|p2a: Cucumber|Substitute
|
|upkeep
|turn|15
|
|t:|1760445921
|move|p2a: Cucumber|Stored Power|p1a: Iron Treads
|-resisted|p1a: Iron Treads
|-damage|p1a: Iron Treads|12/100
|move|p1a: Iron Treads|Rapid Spin|p2a: Cucumber
|-damage|p2a: Cucumber|67/100
|-boost|p1a: Iron Treads|spe|1
|-sideend|p1: dishes_ttv|Stealth Rock|[from] move: Rapid Spin|[of] p1a: Iron Treads
|
|-heal|p1a: Iron Treads|18/100|[from] item: Leftovers
|upkeep
|turn|16
|
|t:|1760445928
|move|p1a: Iron Treads|Earthquake|p2a: Cucumber
|-crit|p2a: Cucumber
|-damage|p2a: Cucumber|0 fnt
|faint|p2a: Cucumber
|
|-heal|p1a: Iron Treads|25/100|[from] item: Leftovers
|-sideend|p2: smogonules|Reflect
|upkeep
|
|t:|1760445936
|switch|p2a: Spud|Great Tusk|100/100
|turn|17
|
|t:|1760445940
|move|p1a: Iron Treads|Knock Off|p2a: Spud
|-resisted|p2a: Spud
|-damage|p2a: Spud|92/100
|-enditem|p2a: Spud|Heavy-Duty Boots|[from] move: Knock Off|[of] p1a: Iron Treads
|move|p2a: Spud|Rapid Spin|p1a: Iron Treads
|-resisted|p1a: Iron Treads
|-damage|p1a: Iron Treads|18/100
|-boost|p2a: Spud|spe|1
|
|-heal|p1a: Iron Treads|24/100|[from] item: Leftovers
|upkeep
|turn|18
|
|t:|1760445945
|move|p2a: Spud|Bulk Up|p2a: Spud
|-boost|p2a: Spud|atk|1
|-boost|p2a: Spud|def|1
|move|p1a: Iron Treads|Earthquake|p2a: Spud
|-damage|p2a: Spud|73/100
|
|-heal|p1a: Iron Treads|30/100|[from] item: Leftovers
|upkeep
|turn|19
|
|t:|1760445948
|move|p2a: Spud|Bulk Up|p2a: Spud
|-boost|p2a: Spud|atk|1
|-boost|p2a: Spud|def|1
|move|p1a: Iron Treads|Earthquake|p2a: Spud
|-damage|p2a: Spud|59/100
|
|-heal|p1a: Iron Treads|37/100|[from] item: Leftovers
|upkeep
|turn|20
|
|t:|1760445952
|move|p2a: Spud|Bulk Up|p2a: Spud
|-boost|p2a: Spud|atk|1
|-boost|p2a: Spud|def|1
|move|p1a: Iron Treads|Earthquake|p2a: Spud
|-damage|p2a: Spud|48/100
|
|-heal|p1a: Iron Treads|43/100|[from] item: Leftovers
|upkeep
|turn|21
|
|t:|1760445954
|move|p2a: Spud|Rapid Spin|p1a: Iron Treads
|-resisted|p1a: Iron Treads
|-damage|p1a: Iron Treads|28/100
|-boost|p2a: Spud|spe|1
|move|p1a: Iron Treads|Earthquake|p2a: Spud
|-damage|p2a: Spud|38/100
|
|-heal|p1a: Iron Treads|34/100|[from] item: Leftovers
|upkeep
|turn|22
|
|t:|1760445958
|move|p2a: Spud|Bulk Up|p2a: Spud
|-boost|p2a: Spud|atk|1
|-boost|p2a: Spud|def|1
|move|p1a: Iron Treads|Earthquake|p2a: Spud
|-damage|p2a: Spud|28/100
|
|-heal|p1a: Iron Treads|40/100|[from] item: Leftovers
|upkeep
|turn|23
|
|t:|1760445961
|move|p2a: Spud|Earthquake|p1a: Iron Treads
|-supereffective|p1a: Iron Treads
|-damage|p1a: Iron Treads|0 fnt
|faint|p1a: Iron Treads
|-end|p1a: Iron Treads|Quark Drive|[silent]
|
|upkeep
|
|t:|1760445966
|switch|p1a: Dragonite|Dragonite, M|100/100
|turn|24
|
|t:|1760445970
|move|p2a: Spud|Ice Spinner|p1a: Dragonite
|-supereffective|p1a: Dragonite
|-damage|p1a: Dragonite|0 fnt
|faint|p1a: Dragonite
|
|upkeep
|
|t:|1760445973
|switch|p1a: Araquanid|Araquanid, M|75/100 par
|turn|25
|
|t:|1760445989
|-terastallize|p2a: Spud|Poison
|cant|p1a: Araquanid|par
|move|p2a: Spud|Earthquake|p1a: Araquanid
|-resisted|p1a: Araquanid
|-damage|p1a: Araquanid|7/100 par
|
|upkeep
|turn|26
|-enditem|p1a: Araquanid|Custap Berry|[eat]
|-activate|p1a: Araquanid|item: Custap Berry|[consumed]
|
|t:|1760446000
|move|p1a: Araquanid|Liquidation|p2a: Spud
|-damage|p2a: Spud|18/100
|-unboost|p2a: Spud|def|1
|move|p2a: Spud|Earthquake|p1a: Araquanid
|-resisted|p1a: Araquanid
|-damage|p1a: Araquanid|0 fnt
|faint|p1a: Araquanid
|
|win|smogonules
|raw|dishes_ttv's rating: 1405 &rarr; <strong>1383</strong><br />(-22 for losing)
|raw|smogonules's rating: 1366 &rarr; <strong>1388</strong><br />(+22 for winning)
|l|☆dishes_ttv
|player|p1|
|l|☆smogonules
|player|p2|
