|j|‽Its bob Ross
|j|☆forestkingmonkey
|t:|1760357375
|gametype|singles
|player|p1|Its bob Ross|artist|1305
|player|p2|forestkingmonkey|101|1247
|gen|9
|tier|[Gen 9] OU
|rated|
|rule|HP Percentage Mod: HP is shown in percentages
|rule|Endless Battle Clause: Forcing endless battles is banned
|rule|Species Clause: Limit one of each Pokémon
|rule|OHKO Clause: OHKO moves are banned
|rule|Evasion Items Clause: Evasion items are banned
|rule|Evasion Moves Clause: Evasion moves are banned
|rule|Evasion Abilities Clause: Evasion abilities are banned
|rule|Sleep Moves Clause: Sleep-inducing moves are banned
|clearpoke
|poke|p1|Lokix, F|
|poke|p1|Iron Valiant|
|poke|p1|Great Tusk|
|poke|p1|Hydrapple, M|
|poke|p1|Empoleon, M|
|poke|p1|Infernape, M|
|poke|p2|Gyarados, M|
|poke|p2|Kilowattrel, M|
|poke|p2|Politoed, F|
|poke|p2|Clodsire, M|
|poke|p2|Dragonite, F|
|poke|p2|Floatzel, M|
|teampreview
|inactive|Battle timer is ON: inactive players will automatically lose when time's up. (requested by Its bob Ross)
|
|t:|1760357381
|teamsize|p1|6
|teamsize|p2|6
|start
|switch|p1a: Hydrapple|Hydrapple, M|100/100
|switch|p2a: Politoed|Politoed, F|100/100
|-weather|RainDance|[from] ability: Drizzle|[of] p2a: Politoed
|turn|1
|
|t:|1760357399
|switch|p2a: Clodsire|Clodsire, M|100/100
|move|p1a: Hydrapple|Fickle Beam|p2a: Clodsire|[anim] Fickle Beam All Out
|-activate|p1a: Hydrapple|move: Fickle Beam
|-damage|p2a: Clodsire|55/100
|
|-weather|RainDance|[upkeep]
|-heal|p2a: Clodsire|61/100|[from] item: Leftovers
|upkeep
|turn|2
|
|t:|1760357408
|move|p2a: Clodsire|Protect|p2a: Clodsire
|-singleturn|p2a: Clodsire|Protect
|move|p1a: Hydrapple|Earth Power|p2a: Clodsire
|-activate|p2a: Clodsire|move: Protect
|
|-weather|RainDance|[upkeep]
|-heal|p2a: Clodsire|68/100|[from] item: Leftovers
|upkeep
|turn|3
|
|t:|1760357418
|switch|p2a: Kilowattrel|Kilowattrel, M|100/100
|move|p1a: Hydrapple|Fickle Beam|p2a: Kilowattrel
|-damage|p2a: Kilowattrel|32/100
|
|-weather|RainDance|[upkeep]
|upkeep
|turn|4
|
|t:|1760357427
|move|p2a: Kilowattrel|Hurricane|p1a: Hydrapple
|-supereffective|p1a: Hydrapple
|-damage|p1a: Hydrapple|50/100
|move|p1a: Hydrapple|Fickle Beam|p2a: Kilowattrel
|-damage|p2a: Kilowattrel|0 fnt
|faint|p2a: Kilowattrel
|
|-weather|RainDance|[upkeep]
|upkeep
|
|t:|1760357435
|switch|p2a: Gyarados|Gyarados, M, shiny|100/100
|-ability|p2a: Gyarados|Intimidate|boost
|-unboost|p1a: Hydrapple|atk|1
|turn|5
|
|t:|1760357441
|-terastallize|p1a: Hydrapple|Electric
|move|p2a: Gyarados|Dragon Dance|p2a: Gyarados
|-boost|p2a: Gyarados|atk|1
|-boost|p2a: Gyarados|spe|1
|move|p1a: Hydrapple|Tera Blast|p2a: Gyarados|[anim] Tera Blast Electric
|-supereffective|p2a: Gyarados
|-damage|p2a: Gyarados|0 fnt
|faint|p2a: Gyarados
|
|-weather|RainDance|[upkeep]
|upkeep
|
|t:|1760357450
|switch|p2a: Dragonite|Dragonite, F|100/100
|turn|6
|
|t:|1760357458
|move|p2a: Dragonite|Extreme Speed|p1a: Hydrapple
|-damage|p1a: Hydrapple|26/100
|move|p1a: Hydrapple|Fickle Beam|p2a: Dragonite
|-supereffective|p2a: Dragonite
|-damage|p2a: Dragonite|80/100
|
|-weather|RainDance|[upkeep]
|upkeep
|turn|7
|
|t:|1760357466
|switch|p1a: Great Tusk|Great Tusk|100/100
|-enditem|p1a: Great Tusk|Booster Energy
|-activate|p1a: Great Tusk|ability: Protosynthesis|[fromitem]
|-start|p1a: Great Tusk|protosynthesisatk
|move|p2a: Dragonite|Extreme Speed|p1a: Great Tusk
|-damage|p1a: Great Tusk|79/100
|
|-weather|RainDance|[upkeep]
|upkeep
|turn|8
|
|t:|1760357475
|move|p2a: Dragonite|Aqua Jet|p1a: Great Tusk
|-supereffective|p1a: Great Tusk
|-damage|p1a: Great Tusk|46/100
|move|p1a: Great Tusk|Rapid Spin|p2a: Dragonite
|-damage|p2a: Dragonite|56/100
|-boost|p1a: Great Tusk|spe|1
|
|-weather|none
|upkeep
|turn|9
|
|t:|1760357482
|move|p2a: Dragonite|Aqua Jet|p1a: Great Tusk
|-supereffective|p1a: Great Tusk
|-damage|p1a: Great Tusk|25/100
|move|p1a: Great Tusk|Ice Spinner|p2a: Dragonite
|-supereffective|p2a: Dragonite
|-damage|p2a: Dragonite|0 fnt
|faint|p2a: Dragonite
|
|upkeep
|
|t:|1760357489
|switch|p2a: Politoed|Politoed, F|100/100
|-weather|RainDance|[from] ability: Drizzle|[of] p2a: Politoed
|turn|10
|
|t:|1760357493
|move|p1a: Great Tusk|Close Combat|p2a: Politoed
|-damage|p2a: Politoed|6/100
|-unboost|p1a: Great Tusk|def|1
|-unboost|p1a: Great Tusk|spd|1
|move|p2a: Politoed|Weather Ball|p1a: Great Tusk
|-supereffective|p1a: Great Tusk
|-damage|p1a: Great Tusk|0 fnt
|faint|p1a: Great Tusk
|-end|p1a: Great Tusk|Protosynthesis|[silent]
|
|-weather|RainDance|[upkeep]
|upkeep
|
|t:|1760357500
|switch|p1a: Infernape|Infernape, M|100/100
|turn|11
|
|t:|1760357504
|move|p1a: Infernape|Vacuum Wave|p2a: Politoed
|-damage|p2a: Politoed|0 fnt
|faint|p2a: Politoed
|
|-weather|RainDance|[upkeep]
|upkeep
|
|t:|1760357509
|switch|p2a: King Float|Floatzel, M|100/100
|turn|12
|
|t:|1760357514
|-terastallize|p2a: King Float|Water
|move|p2a: King Float|Wave Crash|p1a: Infernape
|-supereffective|p1a: Infernape
|-enditem|p1a: Infernape|Focus Sash
|-damage|p1a: Infernape|1/100
|-damage|p2a: King Float|75/100|[from] Recoil
|move|p1a: Infernape|Endeavor|p2a: King Float
|-damage|p2a: King Float|1/100
|
|-weather|RainDance|[upkeep]
|upkeep
|turn|13
|
|t:|1760357524
|move|p1a: Infernape|Vacuum Wave|p2a: King Float
|-damage|p2a: King Float|0 fnt
|faint|p2a: King Float
|
|-weather|RainDance|[upkeep]
|upkeep
|
|t:|1760357529
|switch|p2a: Clodsire|Clodsire, M|68/100
|turn|14
|
|t:|1760357532
|move|p1a: Infernape|Endeavor|p2a: Clodsire
|-damage|p2a: Clodsire|1/100
|move|p2a: Clodsire|Earthquake|p1a: Infernape
|-supereffective|p1a: Infernape
|-damage|p1a: Infernape|0 fnt
|faint|p1a: Infernape
|
|-weather|RainDance|[upkeep]
|-heal|p2a: Clodsire|7/100|[from] item: Leftovers
|upkeep
|
|t:|1760357537
|switch|p1a: Lokix|Lokix, F|100/100
|turn|15
|
|t:|1760357542
|move|p2a: Clodsire|Protect|p2a: Clodsire
|-singleturn|p2a: Clodsire|Protect
|move|p1a: Lokix|First Impression|p2a: Clodsire
|-activate|p2a: Clodsire|move: Protect
|
|-weather|RainDance|[upkeep]
|-heal|p2a: Clodsire|13/100|[from] item: Leftovers
|upkeep
|turn|16
|
|t:|1760357551
|move|p1a: Lokix|Knock Off|p2a: Clodsire
|-damage|p2a: Clodsire|0 fnt
|-enditem|p2a: Clodsire|Leftovers|[from] move: Knock Off|[of] p1a: Lokix
|faint|p2a: Clodsire
|
|win|Its bob Ross
|raw|Its bob Ross's rating: 1305 &rarr; <strong>1322</strong><br />(+17 for winning)
|raw|forestkingmonkey's rating: 1247 &rarr; <strong>1226</strong><br />(-21 for losing)
||Ladder isn't responding, score probably updated but might not have (Bad Gateway).
|l|‽Its bob Ross
|player|p1|
