|j|☆sol invicta
|j|☆Blackspectre23
|t:|1760380982
|gametype|singles
|player|p1|sol invicta|ethan|1155
|player|p2|Blackspectre23|veteran|1102
|gen|9
|tier|[Gen 9] OU
|rated|
|rule|HP Percentage Mod: HP is shown in percentages
|rule|Endless Battle Clause: Forcing endless battles is banned
|rule|Species Clause: Limit one of each Pokémon
|rule|OHKO Clause: OHKO moves are banned
|rule|Evasion Items Clause: Evasion items are banned
|rule|Evasion Moves Clause: Evasion moves are banned
|rule|Evasion Abilities Clause: Evasion abilities are banned
|rule|Sleep Moves Clause: Sleep-inducing moves are banned
|clearpoke
|poke|p1|Dragapult, M|
|poke|p1|Kyurem|
|poke|p1|Cinderace, M|
|poke|p1|Rillaboom, F|
|poke|p1|Iron Moth|
|poke|p1|Kingambit, M|
|poke|p2|Regigigas|
|poke|p2|Clodsire, F|
|poke|p2|Blaziken, M|
|poke|p2|Necrozma|
|poke|p2|Kingambit, M|
|poke|p2|Ogerpon-Cornerstone, F|
|teampreview
|inactive|Battle timer is ON: inactive players will automatically lose when time's up. (requested by sol invicta)
|
|t:|1760381000
|teamsize|p1|6
|teamsize|p2|6
|start
|switch|p1a: Blitzfeuer|Cinderace, M, shiny|100/100
|switch|p2a: Regigigas|Regigigas, shiny|100/100
|-start|p2a: Regigigas|ability: Slow Start
|turn|1
|
|t:|1760381013
|move|p1a: Blitzfeuer|High Jump Kick|p2a: Regigigas
|-start|p1a: Blitzfeuer|typechange|Fighting|[from] ability: Libero
|-supereffective|p2a: Regigigas
|-damage|p2a: Regigigas|0 fnt
|faint|p2a: Regigigas
|
|upkeep
|
|t:|1760381017
|switch|p2a: Ogerpon|Ogerpon-Cornerstone, F|100/100
|turn|2
|
|t:|1760381023
|move|p1a: Blitzfeuer|High Jump Kick|p2a: Ogerpon
|-supereffective|p2a: Ogerpon
|-ability|p2a: Ogerpon|Sturdy
|-damage|p2a: Ogerpon|1/100
|move|p2a: Ogerpon|Ivy Cudgel|p1a: Blitzfeuer|[anim] Ivy Cudgel Rock
|-resisted|p1a: Blitzfeuer
|-damage|p1a: Blitzfeuer|58/100
|
|upkeep
|turn|3
|
|t:|1760381043
|move|p1a: Blitzfeuer|U-turn|p2a: Ogerpon
|-supereffective|p2a: Ogerpon
|-damage|p2a: Ogerpon|0 fnt
|faint|p2a: Ogerpon
|
|t:|1760381050
|switch|p1a: Ghost Rider|Dragapult, M|100/100|[from] U-turn
|
|upkeep
|
|t:|1760381075
|switch|p2a: Necrozma|Necrozma, shiny|100/100
|turn|4
|inactive|sol invicta has 120 seconds left.
|
|t:|1760381106
|switch|p1a: Checkmate|Kingambit, M|100/100
|move|p2a: Necrozma|Dragon Dance|p2a: Necrozma
|-boost|p2a: Necrozma|atk|1
|-boost|p2a: Necrozma|spe|1
|
|upkeep
|turn|5
|inactive|sol invicta has 120 seconds left.
|
|t:|1760381122
|move|p1a: Checkmate|Sucker Punch|p2a: Necrozma
|-supereffective|p2a: Necrozma
|-damage|p2a: Necrozma|23/100
|move|p2a: Necrozma|Earthquake|p1a: Checkmate
|-supereffective|p1a: Checkmate
|-damage|p1a: Checkmate|48/100
|
|upkeep
|turn|6
|
|t:|1760381129
|move|p1a: Checkmate|Sucker Punch||[still]
|-fail|p1a: Checkmate
|move|p2a: Necrozma|Dragon Dance|p2a: Necrozma
|-boost|p2a: Necrozma|atk|1
|-boost|p2a: Necrozma|spe|1
|
|upkeep
|turn|7
|
|t:|1760381136
|move|p1a: Checkmate|Sucker Punch|p2a: Necrozma
|-supereffective|p2a: Necrozma
|-damage|p2a: Necrozma|0 fnt
|faint|p2a: Necrozma
|
|upkeep
|
|t:|1760381140
|switch|p2a: Blaziken|Blaziken, M, shiny|100/100
|turn|8
|
|t:|1760381150
|-end|p1a: Checkmate|fallenundefined|[silent]
|switch|p1a: Hyōrinmaru|Kyurem, shiny|100/100
|-ability|p1a: Hyōrinmaru|Pressure
|move|p2a: Blaziken|Blaze Kick|p1a: Hyōrinmaru
|-damage|p1a: Hyōrinmaru|58/100
|
|-ability|p2a: Blaziken|Speed Boost|boost
|-boost|p2a: Blaziken|spe|1
|upkeep
|turn|9
|
|t:|1760381168
|move|p2a: Blaziken|Blaze Kick|p1a: Hyōrinmaru
|-damage|p1a: Hyōrinmaru|9/100
|-status|p1a: Hyōrinmaru|brn
|move|p1a: Hyōrinmaru|Draco Meteor|p2a: Blaziken
|-damage|p2a: Blaziken|9/100
|-unboost|p1a: Hyōrinmaru|spa|2
|
|-damage|p1a: Hyōrinmaru|3/100 brn|[from] brn
|-ability|p2a: Blaziken|Speed Boost|boost
|-boost|p2a: Blaziken|spe|1
|upkeep
|turn|10
|
|t:|1760381179
|move|p2a: Blaziken|Blaze Kick|p1a: Hyōrinmaru
|-damage|p1a: Hyōrinmaru|0 fnt
|faint|p1a: Hyōrinmaru
|
|-ability|p2a: Blaziken|Speed Boost|boost
|-boost|p2a: Blaziken|spe|1
|upkeep
|
|t:|1760381185
|switch|p1a: Mojo Jojo|Rillaboom, F, shiny|100/100
|-fieldstart|move: Grassy Terrain|[from] ability: Grassy Surge|[of] p1a: Mojo Jojo
|turn|11
|
|t:|1760381190
|move|p1a: Mojo Jojo|Grassy Glide|p2a: Blaziken
|-resisted|p2a: Blaziken
|-damage|p2a: Blaziken|0 fnt
|faint|p2a: Blaziken
|
|upkeep
|
|t:|1760381198
|switch|p2a: Clodsire|Clodsire, F, shiny|100/100
|turn|12
|
|t:|1760381208
|switch|p1a: Blitzfeuer|Cinderace, M, shiny|58/100
|move|p2a: Clodsire|Stealth Rock|p1a: Blitzfeuer
|-sidestart|p1: sol invicta|move: Stealth Rock
|
|-heal|p1a: Blitzfeuer|64/100|[from] Grassy Terrain
|upkeep
|turn|13
|
|t:|1760381214
|move|p1a: Blitzfeuer|Court Change|p1a: Blitzfeuer
|-start|p1a: Blitzfeuer|typechange|Normal|[from] ability: Libero
|-swapsideconditions
|-activate|p1a: Blitzfeuer|move: Court Change
|move|p2a: Clodsire|Earthquake|p1a: Blitzfeuer
|-damage|p1a: Blitzfeuer|45/100
|
|-heal|p1a: Blitzfeuer|51/100|[from] Grassy Terrain
|upkeep
|turn|14
|
|t:|1760381225
|move|p1a: Blitzfeuer|Pyro Ball|p2a: Clodsire|[miss]
|-miss|p1a: Blitzfeuer|p2a: Clodsire
|move|p2a: Clodsire|Earthquake|p1a: Blitzfeuer
|-damage|p1a: Blitzfeuer|30/100
|
|-heal|p1a: Blitzfeuer|36/100|[from] Grassy Terrain
|upkeep
|turn|15
|
|t:|1760381232
|move|p1a: Blitzfeuer|Pyro Ball|p2a: Clodsire
|-damage|p2a: Clodsire|68/100
|move|p2a: Clodsire|Earthquake|p1a: Blitzfeuer
|-damage|p1a: Blitzfeuer|16/100
|
|-heal|p1a: Blitzfeuer|22/100|[from] Grassy Terrain
|-heal|p2a: Clodsire|74/100|[from] Grassy Terrain
|-heal|p2a: Clodsire|80/100|[from] item: Leftovers
|-fieldend|move: Grassy Terrain
|upkeep
|turn|16
|
|t:|1760381241
|move|p1a: Blitzfeuer|Pyro Ball|p2a: Clodsire
|-damage|p2a: Clodsire|48/100
|move|p2a: Clodsire|Earthquake|p1a: Blitzfeuer
|-damage|p1a: Blitzfeuer|0 fnt
|faint|p1a: Blitzfeuer
|
|-heal|p2a: Clodsire|54/100|[from] item: Leftovers
|upkeep
|
|t:|1760381251
|switch|p1a: Mojo Jojo|Rillaboom, F, shiny|100/100
|-fieldstart|move: Grassy Terrain|[from] ability: Grassy Surge|[of] p1a: Mojo Jojo
|turn|17
|
|t:|1760381258
|move|p1a: Mojo Jojo|Knock Off|p2a: Clodsire
|-damage|p2a: Clodsire|6/100
|-enditem|p2a: Clodsire|Leftovers|[from] move: Knock Off|[of] p1a: Mojo Jojo
|move|p2a: Clodsire|Earthquake|p1a: Mojo Jojo
|-resisted|p1a: Mojo Jojo
|-damage|p1a: Mojo Jojo|93/100
|
|-heal|p1a: Mojo Jojo|99/100|[from] Grassy Terrain
|-heal|p2a: Clodsire|12/100|[from] Grassy Terrain
|upkeep
|turn|18
|
|t:|1760381266
|move|p1a: Mojo Jojo|Knock Off|p2a: Clodsire
|-damage|p2a: Clodsire|0 fnt
|faint|p2a: Clodsire
|
|-heal|p1a: Mojo Jojo|100/100|[from] Grassy Terrain
|upkeep
|
|t:|1760381269
|switch|p2a: Kingambit|Kingambit, M, shiny|100/100
|-damage|p2a: Kingambit|94/100|[from] Stealth Rock
|-activate|p2a: Kingambit|ability: Supreme Overlord
|-start|p2a: Kingambit|fallen5|[silent]
|turn|19
|
|t:|1760381290
|switch|p1a: Checkmate|Kingambit, M|48/100
|-activate|p1a: Checkmate|ability: Supreme Overlord
|-start|p1a: Checkmate|fallen2|[silent]
|move|p2a: Kingambit|Swords Dance|p2a: Kingambit
|-boost|p2a: Kingambit|atk|2
|
|-heal|p2a: Kingambit|100/100|[from] Grassy Terrain
|-heal|p1a: Checkmate|54/100|[from] Grassy Terrain
|upkeep
|turn|20
|
|t:|1760381305
|move|p2a: Kingambit|Kowtow Cleave|p1a: Checkmate
|-resisted|p1a: Checkmate
|-damage|p1a: Checkmate|0 fnt
|faint|p1a: Checkmate
|-end|p1a: Checkmate|fallen2|[silent]
|
|upkeep
|
|t:|1760381314
|switch|p1a: D4C|Iron Moth, shiny|100/100
|-enditem|p1a: D4C|Booster Energy
|-activate|p1a: D4C|ability: Quark Drive|[fromitem]
|-start|p1a: D4C|quarkdrivespa
|turn|21
|
|t:|1760381334
|move|p1a: D4C|Fiery Dance|p2a: Kingambit
|-supereffective|p2a: Kingambit
|-damage|p2a: Kingambit|0 fnt
|-boost|p1a: D4C|spa|1
|faint|p2a: Kingambit
|-end|p2a: Kingambit|fallen5|[silent]
|
|win|sol invicta
|raw|sol invicta's rating: 1155 &rarr; <strong>1176</strong><br />(+21 for winning)
|raw|Blackspectre23's rating: 1102 &rarr; <strong>1081</strong><br />(-21 for losing)
|c|☆Blackspectre23|gg
|l|☆sol invicta
|player|p1|
|l|☆Blackspectre23
|player|p2|
