|j|☆gsgah
|j|☆Tusia88
|t:|1760343402
|gametype|singles
|player|p1|gsgah|102|1080
|player|p2|Tusia88|2|1077
|gen|9
|tier|[Gen 9] OU
|rated|
|rule|HP Percentage Mod: HP is shown in percentages
|rule|Endless Battle Clause: Forcing endless battles is banned
|rule|Species Clause: Limit one of each Pokémon
|rule|OHKO Clause: OHKO moves are banned
|rule|Evasion Items Clause: Evasion items are banned
|rule|Evasion Moves Clause: Evasion moves are banned
|rule|Evasion Abilities Clause: Evasion abilities are banned
|rule|Sleep Moves Clause: Sleep-inducing moves are banned
|clearpoke
|poke|p1|Samurott-Hisui, F|
|poke|p1|Zapdos|
|poke|p1|Iron Treads|
|poke|p1|Salamence, F|
|poke|p1|Hariyama, F|
|poke|p1|Alomomola, F|
|poke|p2|Ninetales, M|
|poke|p2|Dragonite, F|
|poke|p2|Cinderace, F|
|poke|p2|Walking Wake|
|poke|p2|Cresselia, F|
|poke|p2|Great Tusk|
|teampreview
|inactive|Battle timer is ON: inactive players will automatically lose when time's up. (requested by Tusia88)
|
|t:|1760343425
|teamsize|p1|6
|teamsize|p2|6
|start
|switch|p1a: Samurott|Samurott-Hisui, F|100/100
|switch|p2a: Cinderace|Cinderace, F|100/100
|turn|1
|
|t:|1760343434
|move|p2a: Cinderace|U-turn|p1a: Samurott
|-start|p2a: Cinderace|typechange|Bug|[from] ability: Libero
|-supereffective|p1a: Samurott
|-damage|p1a: Samurott|17/100
|
|t:|1760343438
|switch|p2a: Great Tusk|Great Tusk|100/100|[from] U-turn
|move|p1a: Samurott|Aqua Cutter|p2a: Great Tusk
|-supereffective|p2a: Great Tusk
|-damage|p2a: Great Tusk|44/100
|
|upkeep
|turn|2
|
|t:|1760343449
|move|p1a: Samurott|Aqua Cutter|p2a: Great Tusk
|-supereffective|p2a: Great Tusk
|-crit|p2a: Great Tusk
|-damage|p2a: Great Tusk|0 fnt
|faint|p2a: Great Tusk
|-end|p2a: Great Tusk|Protosynthesis|[silent]
|
|upkeep
|
|t:|1760343454
|switch|p2a: Cinderace|Cinderace, F|100/100
|turn|3
|
|t:|1760343459
|switch|p1a: Zapdos|Zapdos|100/100
|move|p2a: Cinderace|U-turn|p1a: Zapdos
|-start|p2a: Cinderace|typechange|Bug|[from] ability: Libero
|-resisted|p1a: Zapdos
|-damage|p1a: Zapdos|83/100
|
|t:|1760343462
|switch|p2a: Ninetales|Ninetales, M|100/100|[from] U-turn
|-weather|SunnyDay|[from] ability: Drought|[of] p2a: Ninetales
|
|-weather|SunnyDay|[upkeep]
|upkeep
|turn|4
|
|t:|1760343478
|move|p2a: Ninetales|Overheat|p1a: Zapdos
|-damage|p1a: Zapdos|33/100
|-unboost|p2a: Ninetales|spa|2
|move|p1a: Zapdos|U-turn|p2a: Ninetales
|-resisted|p2a: Ninetales
|-damage|p2a: Ninetales|91/100
|
|t:|1760343491
|switch|p1a: Salamence|Salamence, F|100/100|[from] U-turn
|-ability|p1a: Salamence|Intimidate|boost
|-unboost|p2a: Ninetales|atk|1
|
|-weather|SunnyDay|[upkeep]
|upkeep
|turn|5
|
|t:|1760343499
|switch|p2a: Cresselia|Cresselia, F|100/100
|move|p1a: Salamence|Dragon Dance|p1a: Salamence
|-boost|p1a: Salamence|atk|1
|-boost|p1a: Salamence|spe|1
|
|-weather|SunnyDay|[upkeep]
|upkeep
|turn|6
|
|t:|1760343511
|-terastallize|p1a: Salamence|Fire
|move|p1a: Salamence|Fire Fang|p2a: Cresselia
|-damage|p2a: Cresselia|45/100
|-enditem|p2a: Cresselia|Eject Button
|-damage|p1a: Salamence|91/100|[from] item: Life Orb
|
|t:|1760343525
|switch|p2a: Walking Wake|Walking Wake|100/100
|-activate|p2a: Walking Wake|ability: Protosynthesis
|-start|p2a: Walking Wake|protosynthesisspa
|
|-weather|SunnyDay|[upkeep]
|upkeep
|turn|7
|
|t:|1760343545
|switch|p1a: Alomomola|Alomomola, F|100/100
|-terastallize|p2a: Walking Wake|Water
|move|p2a: Walking Wake|Hydro Steam|p1a: Alomomola
|-resisted|p1a: Alomomola
|-damage|p1a: Alomomola|0 fnt
|faint|p1a: Alomomola
|
|-weather|SunnyDay|[upkeep]
|upkeep
|
|t:|1760343557
|switch|p1a: Zapdos|Zapdos|33/100
|turn|8
|
|t:|1760343561
|move|p2a: Walking Wake|Hydro Steam|p1a: Zapdos
|-damage|p1a: Zapdos|0 fnt
|faint|p1a: Zapdos
|
|-weather|SunnyDay|[upkeep]
|upkeep
|
|t:|1760343569
|switch|p1a: Hariyama|Hariyama, F|100/100
|turn|9
|
|t:|1760343574
|move|p2a: Walking Wake|Hydro Steam|p1a: Hariyama
|-damage|p1a: Hariyama|0 fnt
|faint|p1a: Hariyama
|
|-weather|SunnyDay|[upkeep]
|upkeep
|
|t:|1760343584
|switch|p1a: Samurott|Samurott-Hisui, F|17/100
|turn|10
|
|t:|1760343587
|-end|p2a: Walking Wake|Protosynthesis|[silent]
|switch|p2a: Cinderace|Cinderace, F|100/100
|move|p1a: Samurott|Knock Off|p2a: Cinderace
|-damage|p2a: Cinderace|32/100
|-enditem|p2a: Cinderace|Choice Scarf|[from] move: Knock Off|[of] p1a: Samurott
|
|-weather|none
|upkeep
|turn|11
|
|t:|1760343596
|move|p1a: Samurott|Knock Off|p2a: Cinderace
|-damage|p2a: Cinderace|0 fnt
|faint|p2a: Cinderace
|
|upkeep
|
|t:|1760343597
|switch|p2a: Ninetales|Ninetales, M|91/100
|-weather|SunnyDay|[from] ability: Drought|[of] p2a: Ninetales
|turn|12
|
|t:|1760343614
|switch|p1a: Salamence|Salamence, F, tera:Fire|91/100
|-ability|p1a: Salamence|Intimidate|boost
|-unboost|p2a: Ninetales|atk|1
|move|p2a: Ninetales|Scorching Sands|p1a: Salamence
|-supereffective|p1a: Salamence
|-damage|p1a: Salamence|47/100
|
|-weather|SunnyDay|[upkeep]
|upkeep
|turn|13
|
|t:|1760343628
|move|p2a: Ninetales|Scorching Sands|p1a: Salamence
|-supereffective|p1a: Salamence
|-damage|p1a: Salamence|5/100
|move|p1a: Salamence|Dual Wingbeat|p2a: Ninetales
|-damage|p2a: Ninetales|48/100
|-damage|p2a: Ninetales|6/100
|-hitcount|p2a: Ninetales|2
|-damage|p1a: Salamence|0 fnt|[from] item: Life Orb
|faint|p1a: Salamence
|
|-weather|SunnyDay|[upkeep]
|upkeep
|
|t:|1760343640
|switch|p1a: Samurott|Samurott-Hisui, F|17/100
|turn|14
|
|t:|1760343651
|move|p1a: Samurott|Ceaseless Edge|p2a: Ninetales
|-damage|p2a: Ninetales|0 fnt
|-sidestart|p2: Tusia88|Spikes
|faint|p2a: Ninetales
|
|-weather|SunnyDay|[upkeep]
|upkeep
|
|t:|1760343654
|switch|p2a: Dragonite|Dragonite, F|100/100
|turn|15
|
|t:|1760343664
|move|p1a: Samurott|Ceaseless Edge|p2a: Dragonite
|-damage|p2a: Dragonite|77/100
|-sidestart|p2: Tusia88|Spikes
|move|p2a: Dragonite|Dragon Dance|p2a: Dragonite
|-boost|p2a: Dragonite|atk|1
|-boost|p2a: Dragonite|spe|1
|
|-weather|SunnyDay|[upkeep]
|upkeep
|turn|16
|
|t:|1760343674
|move|p1a: Samurott|Ceaseless Edge|p2a: Dragonite
|-damage|p2a: Dragonite|27/100
|-sidestart|p2: Tusia88|Spikes
|move|p2a: Dragonite|Dragon Dance|p2a: Dragonite
|-boost|p2a: Dragonite|atk|1
|-boost|p2a: Dragonite|spe|1
|
|-weather|SunnyDay|[upkeep]
|upkeep
|turn|17
|
|t:|1760343682
|move|p2a: Dragonite|Earthquake|p1a: Samurott
|-damage|p1a: Samurott|0 fnt
|faint|p1a: Samurott
|
|-weather|SunnyDay|[upkeep]
|upkeep
|
|t:|1760343688
|switch|p1a: Iron Treads|Iron Treads|100/100
|turn|18
|
|t:|1760343694
|move|p2a: Dragonite|Earthquake|p1a: Iron Treads
|-supereffective|p1a: Iron Treads
|-damage|p1a: Iron Treads|0 fnt
|faint|p1a: Iron Treads
|-end|p1a: Iron Treads|Quark Drive|[silent]
|
|win|Tusia88
|raw|gsgah's rating: 1080 &rarr; <strong>1058</strong><br />(-22 for losing)
|raw|Tusia88's rating: 1077 &rarr; <strong>1106</strong><br />(+29 for winning)
|l|☆gsgah
|player|p1|
|l|☆Tusia88
|player|p2|
