|j|☆mach95a113
|j|☆Moo Moo Meta
|t:|1760331454
|gametype|singles
|player|p1|mach95a113|gardenia|1155
|player|p2|Moo Moo Meta|rancher|1185
|gen|9
|tier|[Gen 9] OU
|rated|
|rule|HP Percentage Mod: HP is shown in percentages
|rule|Endless Battle Clause: Forcing endless battles is banned
|rule|Species Clause: Limit one of each Pokémon
|rule|OHKO Clause: OHKO moves are banned
|rule|Evasion Items Clause: Evasion items are banned
|rule|Evasion Moves Clause: Evasion moves are banned
|rule|Evasion Abilities Clause: Evasion abilities are banned
|rule|Sleep Moves Clause: Sleep-inducing moves are banned
|clearpoke
|poke|p1|Serperior, F|
|poke|p1|Hoopa-Unbound|
|poke|p1|Grimmsnarl, M|
|poke|p1|Great Tusk|
|poke|p1|Glimmora, M|
|poke|p1|Blaziken, F|
|poke|p2|Zamazenta-*|
|poke|p2|Landorus-Therian, M|
|poke|p2|Iron Moth|
|poke|p2|Gholdengo|
|poke|p2|Garchomp, M|
|poke|p2|Inteleon, M|
|teampreview
|c|☆mach95a113|Good luck!
|c|☆Moo Moo Meta|u2
|
|t:|1760331466
|teamsize|p1|6
|teamsize|p2|6
|start
|switch|p1a: Glimmora|Glimmora, M|100/100
|switch|p2a: Inteleon|Inteleon, M|100/100
|turn|1
|
|t:|1760331471
|move|p2a: Inteleon|Scald|p1a: Glimmora
|-supereffective|p1a: Glimmora
|-enditem|p1a: Glimmora|Focus Sash
|-damage|p1a: Glimmora|1/100
|move|p1a: Glimmora|Stealth Rock|p2a: Inteleon
|-sidestart|p2: Moo Moo Meta|move: Stealth Rock
|
|upkeep
|turn|2
|
|t:|1760331476
|move|p2a: Inteleon|Scald|p1a: Glimmora
|-supereffective|p1a: Glimmora
|-damage|p1a: Glimmora|0 fnt
|faint|p1a: Glimmora
|
|upkeep
|
|t:|1760331501
|switch|p1a: Serperior|Serperior, F|100/100
|turn|3
|
|t:|1760331508
|switch|p2a: Gholdengo|Gholdengo|100/100
|-damage|p2a: Gholdengo|94/100|[from] Stealth Rock
|move|p1a: Serperior|Substitute|p1a: Serperior
|-start|p1a: Serperior|Substitute
|-damage|p1a: Serperior|76/100
|
|-heal|p1a: Serperior|82/100|[from] item: Leftovers
|upkeep
|turn|4
|
|t:|1760331516
|move|p1a: Serperior|Leaf Storm|p2a: Gholdengo
|-resisted|p2a: Gholdengo
|-damage|p2a: Gholdengo|71/100
|-boost|p1a: Serperior|spa|2
|move|p2a: Gholdengo|Shadow Ball|p1a: Serperior
|-end|p1a: Serperior|Substitute
|
|-heal|p1a: Serperior|88/100|[from] item: Leftovers
|upkeep
|turn|5
|
|t:|1760331541
|-terastallize|p1a: Serperior|Stellar
|move|p1a: Serperior|Leaf Storm|p2a: Gholdengo
|-resisted|p2a: Gholdengo
|-crit|p2a: Gholdengo
|-damage|p2a: Gholdengo|0 fnt
|-boost|p1a: Serperior|spa|2
|faint|p2a: Gholdengo
|
|-heal|p1a: Serperior|94/100|[from] item: Leftovers
|upkeep
|
|t:|1760331553
|switch|p2a: Iron Moth|Iron Moth|100/100
|-damage|p2a: Iron Moth|76/100|[from] Stealth Rock
|turn|6
|
|t:|1760331570
|switch|p1a: Grimmsnarl|Grimmsnarl, M|100/100
|move|p2a: Iron Moth|Sludge Wave|p1a: Grimmsnarl
|-supereffective|p1a: Grimmsnarl
|-damage|p1a: Grimmsnarl|24/100
|
|upkeep
|turn|7
|
|t:|1760331578
|move|p1a: Grimmsnarl|Light Screen|p1a: Grimmsnarl
|-sidestart|p1: mach95a113|move: Light Screen
|move|p2a: Iron Moth|Sludge Wave|p1a: Grimmsnarl
|-supereffective|p1a: Grimmsnarl
|-damage|p1a: Grimmsnarl|0 fnt
|faint|p1a: Grimmsnarl
|
|upkeep
|
|t:|1760331589
|switch|p1a: Hoopa|Hoopa-Unbound|100/100
|turn|8
|
|t:|1760331596
|-end|p2a: Iron Moth|Quark Drive|[silent]
|switch|p2a: Landorus|Landorus-Therian, M|100/100
|-damage|p2a: Landorus|88/100|[from] Stealth Rock
|-ability|p2a: Landorus|Intimidate|boost
|-unboost|p1a: Hoopa|atk|1
|move|p1a: Hoopa|Thunder Wave|p2a: Landorus
|-immune|p2a: Landorus
|
|-heal|p2a: Landorus|94/100|[from] item: Leftovers
|upkeep
|turn|9
|
|t:|1760331601
|switch|p1a: Great Tusk|Great Tusk|100/100
|-enditem|p1a: Great Tusk|Booster Energy
|-activate|p1a: Great Tusk|ability: Protosynthesis|[fromitem]
|-start|p1a: Great Tusk|protosynthesisatk
|move|p2a: Landorus|U-turn|p1a: Great Tusk
|-resisted|p1a: Great Tusk
|-crit|p1a: Great Tusk
|-damage|p1a: Great Tusk|89/100
|
|t:|1760331610
|switch|p2a: Inteleon|Inteleon, M|100/100|[from] U-turn
|-damage|p2a: Inteleon|88/100|[from] Stealth Rock
|
|upkeep
|turn|10
|
|t:|1760331617
|move|p2a: Inteleon|Scald|p1a: Great Tusk
|-supereffective|p1a: Great Tusk
|-damage|p1a: Great Tusk|1/100
|move|p1a: Great Tusk|Headlong Rush|p2a: Inteleon
|-damage|p2a: Inteleon|0 fnt
|-unboost|p1a: Great Tusk|def|1
|-unboost|p1a: Great Tusk|spd|1
|faint|p2a: Inteleon
|
|upkeep
|
|t:|1760331630
|switch|p2a: Garchomp|Garchomp, M|100/100
|-damage|p2a: Garchomp|94/100|[from] Stealth Rock
|turn|11
|
|t:|1760331639
|move|p2a: Garchomp|Scale Shot|p1a: Great Tusk
|-damage|p1a: Great Tusk|0 fnt
|faint|p1a: Great Tusk
|-end|p1a: Great Tusk|Protosynthesis|[silent]
|-hitcount|p1: Great Tusk|1
|-unboost|p2a: Garchomp|def|1
|-boost|p2a: Garchomp|spe|1
|
|upkeep
|
|t:|1760331649
|switch|p1a: Blaziken|Blaziken, F|100/100
|turn|12
|
|t:|1760331654
|move|p2a: Garchomp|Earthquake|p1a: Blaziken
|-supereffective|p1a: Blaziken
|-damage|p1a: Blaziken|0 fnt
|faint|p1a: Blaziken
|
|upkeep
|
|t:|1760331666
|switch|p1a: Hoopa|Hoopa-Unbound|100/100
|turn|13
|
|t:|1760331672
|move|p2a: Garchomp|Earthquake|p1a: Hoopa
|-damage|p1a: Hoopa|20/100
|move|p1a: Hoopa|Hyperspace Fury|p2a: Garchomp
|-damage|p2a: Garchomp|0 fnt
|-unboost|p1a: Hoopa|def|1
|faint|p2a: Garchomp
|
|upkeep
|
|t:|1760331694
|switch|p2a: Landorus|Landorus-Therian, M|94/100
|-damage|p2a: Landorus|82/100|[from] Stealth Rock
|-ability|p2a: Landorus|Intimidate|boost
|-unboost|p1a: Hoopa|atk|1
|turn|14
|
|t:|1760331699
|move|p2a: Landorus|U-turn|p1a: Hoopa
|-supereffective|p1a: Hoopa
|-damage|p1a: Hoopa|0 fnt
|faint|p1a: Hoopa
|
|t:|1760331702
|switch|p2a: Iron Moth|Iron Moth|76/100|[from] U-turn
|-damage|p2a: Iron Moth|51/100|[from] Stealth Rock
|
|-sideend|p1: mach95a113|move: Light Screen
|upkeep
|
|t:|1760331705
|switch|p1a: Serperior|Serperior, F, tera:Stellar|94/100
|turn|15
|
|t:|1760331719
|move|p2a: Iron Moth|Sludge Wave|p1a: Serperior
|-supereffective|p1a: Serperior
|-damage|p1a: Serperior|0 fnt
|faint|p1a: Serperior
|
|win|Moo Moo Meta
|raw|mach95a113's rating: 1155 &rarr; <strong>1132</strong><br />(-23 for losing)
|raw|Moo Moo Meta's rating: 1185 &rarr; <strong>1208</strong><br />(+23 for winning)
|c|☆mach95a113|Gg\
|c|☆Moo Moo Meta|gg
|l|☆Moo Moo Meta
|player|p2|
