|j|☆Miyagi is waifu
|j|☆SillyScallop
|t:|1760378993
|gametype|singles
|player|p1|Miyagi is waifu|101|1384
|player|p2|SillyScallop|maid|1432
|gen|9
|tier|[Gen 9] OU
|rated|
|rule|HP Percentage Mod: HP is shown in percentages
|rule|Endless Battle Clause: Forcing endless battles is banned
|rule|Species Clause: Limit one of each Pokémon
|rule|OHKO Clause: OHKO moves are banned
|rule|Evasion Items Clause: Evasion items are banned
|rule|Evasion Moves Clause: Evasion moves are banned
|rule|Evasion Abilities Clause: Evasion abilities are banned
|rule|Sleep Moves Clause: Sleep-inducing moves are banned
|clearpoke
|poke|p1|Primarina, M|
|poke|p1|Iron Treads|
|poke|p1|Lokix, M|
|poke|p1|Kingdra, M|
|poke|p1|Pelipper, M|
|poke|p1|Toxicroak, M|
|poke|p2|Zamazenta-*|
|poke|p2|Cinderace, F|
|poke|p2|Slowking-Galar, F|
|poke|p2|Corviknight, M|
|poke|p2|Ting-Lu|
|poke|p2|Kyurem|
|teampreview
|inactive|Battle timer is ON: inactive players will automatically lose when time's up. (requested by Miyagi is waifu)
|
|t:|1760379005
|teamsize|p1|6
|teamsize|p2|6
|start
|switch|p1a: Lokix|Lokix, M, shiny|100/100
|switch|p2a: Slowking|Slowking-Galar, F|100/100
|turn|1
|
|t:|1760379008
|switch|p2a: Corviknight|Corviknight, M|100/100
|-ability|p2a: Corviknight|Pressure
|move|p1a: Lokix|Knock Off|p2a: Corviknight
|-damage|p2a: Corviknight|57/100
|-damage|p1a: Lokix|84/100|[from] item: Rocky Helmet|[of] p2a: Corviknight
|-enditem|p2a: Corviknight|Rocky Helmet|[from] move: Knock Off|[of] p1a: Lokix
|
|upkeep
|turn|2
|
|t:|1760379017
|switch|p1a: Pelipper|Pelipper, M, shiny|100/100
|-weather|RainDance|[from] ability: Drizzle|[of] p1a: Pelipper
|move|p2a: Corviknight|Roost|p2a: Corviknight
|-heal|p2a: Corviknight|100/100
|-singleturn|p2a: Corviknight|move: Roost
|
|-weather|RainDance|[upkeep]
|upkeep
|turn|3
|
|t:|1760379025
|move|p2a: Corviknight|Iron Defense|p2a: Corviknight
|-boost|p2a: Corviknight|def|2
|move|p1a: Pelipper|U-turn|p2a: Corviknight
|-resisted|p2a: Corviknight
|-damage|p2a: Corviknight|99/100
|
|t:|1760379040
|switch|p1a: Toxicroak|Toxicroak, M, shiny|100/100|[from] U-turn
|
|-weather|RainDance|[upkeep]
|upkeep
|turn|4
|
|t:|1760379045
|move|p1a: Toxicroak|Encore|p2a: Corviknight
|-start|p2a: Corviknight|Encore
|move|p2a: Corviknight|Iron Defense|p2a: Corviknight
|-boost|p2a: Corviknight|def|2
|
|-weather|RainDance|[upkeep]
|upkeep
|turn|5
|
|t:|1760379049
|switch|p1a: Kingdra|Kingdra, M, shiny|100/100
|switch|p2a: Slowking|Slowking-Galar, F|100/100
|
|-weather|RainDance|[upkeep]
|upkeep
|turn|6
|
|t:|1760379057
|switch|p1a: Iron Treads|Iron Treads, shiny|100/100
|-prepare|p2a: Slowking|Chilly Reception|[premajor]
|move|p2a: Slowking|Chilly Reception|p2a: Slowking
|-weather|Snowscape
|
|t:|1760379066
|switch|p2a: Zamazenta|Zamazenta|100/100|[from] Chilly Reception
|-ability|p2a: Zamazenta|Dauntless Shield|boost
|-boost|p2a: Zamazenta|def|1
|
|-weather|Snowscape|[upkeep]
|upkeep
|turn|7
|
|t:|1760379073
|-end|p1a: Iron Treads|Quark Drive|[silent]
|switch|p1a: Toxicroak|Toxicroak, M, shiny|100/100
|move|p2a: Zamazenta|Close Combat|p1a: Toxicroak
|-resisted|p1a: Toxicroak
|-damage|p1a: Toxicroak|54/100
|-unboost|p2a: Zamazenta|def|1
|-unboost|p2a: Zamazenta|spd|1
|-damage|p2a: Zamazenta|84/100|[from] item: Rocky Helmet|[of] p1a: Toxicroak
|
|-weather|Snowscape|[upkeep]
|upkeep
|turn|8
|
|t:|1760379089
|switch|p2a: Slowking|Slowking-Galar, F|100/100
|move|p1a: Toxicroak|Toxic|p2a: Slowking
|-immune|p2a: Slowking
|
|-weather|Snowscape|[upkeep]
|upkeep
|turn|9
|
|t:|1760379095
|move|p1a: Toxicroak|Knock Off|p2a: Slowking
|-supereffective|p2a: Slowking
|-damage|p2a: Slowking|64/100
|-enditem|p2a: Slowking|Shuca Berry|[from] move: Knock Off|[of] p1a: Toxicroak
|-prepare|p2a: Slowking|Chilly Reception|[premajor]
|move|p2a: Slowking|Chilly Reception|p2a: Slowking
|
|t:|1760379104
|switch|p2a: Cinderace|Cinderace, F|100/100|[from] Chilly Reception
|
|-weather|Snowscape|[upkeep]
|upkeep
|turn|10
|
|t:|1760379110
|switch|p1a: Pelipper|Pelipper, M, shiny|100/100
|-weather|RainDance|[from] ability: Drizzle|[of] p1a: Pelipper
|move|p2a: Cinderace|U-turn|p1a: Pelipper
|-resisted|p1a: Pelipper
|-crit|p1a: Pelipper
|-damage|p1a: Pelipper|87/100
|
|t:|1760379112
|switch|p2a: Slowking|Slowking-Galar, F|97/100|[from] U-turn
|
|-weather|RainDance|[upkeep]
|upkeep
|turn|11
|
|t:|1760379117
|move|p1a: Pelipper|U-turn|p2a: Slowking
|-damage|p2a: Slowking|89/100
|
|t:|1760379122
|switch|p1a: Toxicroak|Toxicroak, M, shiny|54/100|[from] U-turn
|-prepare|p2a: Slowking|Chilly Reception|[premajor]
|move|p2a: Slowking|Chilly Reception|p2a: Slowking
|-weather|Snowscape
|inactive|SillyScallop has 120 seconds left.
|inactive|SillyScallop has 90 seconds left.
|
|t:|1760379188
|switch|p2a: Kyurem|Kyurem|100/100|[from] Chilly Reception
|-ability|p2a: Kyurem|Pressure
|
|-weather|Snowscape|[upkeep]
|upkeep
|turn|12
|
|t:|1760379207
|move|p2a: Kyurem|Icicle Spear|p1a: Toxicroak
|-damage|p1a: Toxicroak|40/100
|-damage|p1a: Toxicroak|26/100
|-damage|p1a: Toxicroak|12/100
|-crit|p1a: Toxicroak
|-damage|p1a: Toxicroak|0 fnt
|faint|p1a: Toxicroak
|-hitcount|p1: Toxicroak|4
|
|-weather|Snowscape|[upkeep]
|upkeep
|
|t:|1760379217
|switch|p1a: Primarina|Primarina, M, shiny|100/100
|turn|13
|inactive|SillyScallop has 90 seconds left.
|
|t:|1760379252
|-terastallize|p2a: Kyurem|Electric
|move|p2a: Kyurem|Tera Blast|p1a: Primarina|[anim] Tera Blast Electric
|-supereffective|p1a: Primarina
|-damage|p1a: Primarina|0 fnt
|faint|p1a: Primarina
|
|-weather|Snowscape|[upkeep]
|upkeep
|
|t:|1760379263
|switch|p1a: Pelipper|Pelipper, M, shiny|87/100
|-weather|RainDance|[from] ability: Drizzle|[of] p1a: Pelipper
|turn|14
|inactive|SillyScallop has 90 seconds left.
|
|t:|1760379282
|switch|p1a: Iron Treads|Iron Treads, shiny|100/100
|move|p2a: Kyurem|Icicle Spear|p1a: Iron Treads
|-crit|p1a: Iron Treads
|-damage|p1a: Iron Treads|80/100
|-damage|p1a: Iron Treads|67/100
|-damage|p1a: Iron Treads|53/100
|-damage|p1a: Iron Treads|41/100
|-damage|p1a: Iron Treads|27/100
|-hitcount|p1a: Iron Treads|5
|
|-weather|RainDance|[upkeep]
|upkeep
|turn|15
|
|t:|1760379295
|switch|p2a: Ting-Lu|Ting-Lu|100/100
|-ability|p2a: Ting-Lu|Vessel of Ruin
|move|p1a: Iron Treads|Earthquake|p2a: Ting-Lu
|-crit|p2a: Ting-Lu
|-damage|p2a: Ting-Lu|64/100
|
|-weather|RainDance|[upkeep]
|-heal|p2a: Ting-Lu|70/100|[from] item: Leftovers
|upkeep
|turn|16
|
|t:|1760379304
|move|p1a: Iron Treads|Stealth Rock|p2a: Ting-Lu
|-sidestart|p2: SillyScallop|move: Stealth Rock
|move|p2a: Ting-Lu|Payback|p1a: Iron Treads
|-damage|p1a: Iron Treads|0 fnt
|faint|p1a: Iron Treads
|-end|p1a: Iron Treads|Quark Drive|[silent]
|
|-weather|RainDance|[upkeep]
|-heal|p2a: Ting-Lu|76/100|[from] item: Leftovers
|upkeep
|
|t:|1760379308
|switch|p1a: Kingdra|Kingdra, M, shiny|100/100
|turn|17
|
|t:|1760379315
|move|p1a: Kingdra|Weather Ball|p2a: Ting-Lu
|-supereffective|p2a: Ting-Lu
|-damage|p2a: Ting-Lu|0 fnt
|faint|p2a: Ting-Lu
|
|-weather|RainDance|[upkeep]
|upkeep
|
|t:|1760379319
|switch|p2a: Slowking|Slowking-Galar, F|100/100
|-damage|p2a: Slowking|88/100|[from] Stealth Rock
|turn|18
|
|t:|1760379322
|move|p1a: Kingdra|Weather Ball|p2a: Slowking
|-damage|p2a: Slowking|16/100
|-prepare|p2a: Slowking|Chilly Reception|[premajor]
|move|p2a: Slowking|Chilly Reception|p2a: Slowking
|-weather|Snowscape
|inactive|SillyScallop has 120 seconds left.
|
|t:|1760379333
|switch|p2a: Cinderace|Cinderace, F|100/100|[from] Chilly Reception
|
|-weather|Snowscape|[upkeep]
|upkeep
|turn|19
|
|t:|1760379338
|switch|p1a: Pelipper|Pelipper, M, shiny|87/100
|-weather|RainDance|[from] ability: Drizzle|[of] p1a: Pelipper
|move|p2a: Cinderace|Court Change|p2a: Cinderace
|-swapsideconditions
|-activate|p2a: Cinderace|move: Court Change
|
|-weather|RainDance|[upkeep]
|upkeep
|turn|20
|
|t:|1760379345
|move|p2a: Cinderace|U-turn|p1a: Pelipper
|-resisted|p1a: Pelipper
|-damage|p1a: Pelipper|77/100
|
|t:|1760379347
|switch|p2a: Slowking|Slowking-Galar, F|49/100|[from] U-turn
|move|p1a: Pelipper|U-turn|p2a: Slowking
|-damage|p2a: Slowking|43/100
|
|t:|1760379350
|switch|p1a: Kingdra|Kingdra, M, shiny|100/100|[from] U-turn
|-damage|p1a: Kingdra|88/100|[from] Stealth Rock
|
|-weather|RainDance|[upkeep]
|upkeep
|turn|21
|
|t:|1760379364
|switch|p2a: Cinderace|Cinderace, F|100/100
|move|p1a: Kingdra|Weather Ball|p2a: Cinderace
|-supereffective|p2a: Cinderace
|-damage|p2a: Cinderace|0 fnt
|faint|p2a: Cinderace
|
|-weather|RainDance|[upkeep]
|upkeep
|
|t:|1760379369
|switch|p2a: Zamazenta|Zamazenta|84/100
|turn|22
|
|t:|1760379378
|move|p1a: Kingdra|Weather Ball|p2a: Zamazenta
|-damage|p2a: Zamazenta|0 fnt
|faint|p2a: Zamazenta
|
|-weather|RainDance|[upkeep]
|upkeep
|
|t:|1760379382
|switch|p2a: Slowking|Slowking-Galar, F|76/100
|turn|23
|
|t:|1760379385
|move|p1a: Kingdra|Weather Ball|p2a: Slowking
|-damage|p2a: Slowking|3/100
|-prepare|p2a: Slowking|Chilly Reception|[premajor]
|move|p2a: Slowking|Chilly Reception|p2a: Slowking
|-weather|Snowscape
|
|t:|1760379389
|switch|p2a: Kyurem|Kyurem, tera:Electric|100/100|[from] Chilly Reception
|-ability|p2a: Kyurem|Pressure
|
|-weather|Snowscape|[upkeep]
|upkeep
|turn|24
|
|t:|1760379395
|switch|p1a: Pelipper|Pelipper, M, shiny|77/100
|-damage|p1a: Pelipper|52/100|[from] Stealth Rock
|-weather|RainDance|[from] ability: Drizzle|[of] p1a: Pelipper
|move|p2a: Kyurem|Dragon Dance|p2a: Kyurem
|-boost|p2a: Kyurem|atk|1
|-boost|p2a: Kyurem|spe|1
|
|-weather|RainDance|[upkeep]
|upkeep
|turn|25
|
|t:|1760379405
|move|p2a: Kyurem|Scale Shot|p1a: Pelipper
|-damage|p1a: Pelipper|29/100
|-damage|p1a: Pelipper|5/100
|-damage|p1a: Pelipper|0 fnt
|faint|p1a: Pelipper
|-hitcount|p1: Pelipper|3
|-unboost|p2a: Kyurem|def|1
|-boost|p2a: Kyurem|spe|1
|
|-weather|RainDance|[upkeep]
|upkeep
|
|t:|1760379416
|switch|p1a: Kingdra|Kingdra, M, shiny|88/100
|-damage|p1a: Kingdra|76/100|[from] Stealth Rock
|turn|26
|
|t:|1760379426
|-terastallize|p1a: Kingdra|Dragon
|move|p2a: Kyurem|Tera Blast|p1a: Kingdra|[anim] Tera Blast Electric
|-resisted|p1a: Kingdra
|-damage|p1a: Kingdra|35/100
|move|p1a: Kingdra|Draco Meteor|p2a: Kyurem
|-damage|p2a: Kyurem|0 fnt
|-unboost|p1a: Kingdra|spa|2
|faint|p2a: Kyurem
|
|-weather|RainDance|[upkeep]
|upkeep
|
|t:|1760379434
|switch|p2a: Slowking|Slowking-Galar, F|36/100
|turn|27
|
|t:|1760379448
|switch|p2a: Corviknight|Corviknight, M|99/100
|-ability|p2a: Corviknight|Pressure
|move|p1a: Kingdra|Draco Meteor|p2a: Corviknight
|-resisted|p2a: Corviknight
|-damage|p2a: Corviknight|72/100
|-unboost|p1a: Kingdra|spa|2
|
|-weather|RainDance|[upkeep]
|upkeep
|turn|28
|
|t:|1760379453
|switch|p1a: Lokix|Lokix, M, shiny|84/100
|-damage|p1a: Lokix|59/100|[from] Stealth Rock
|move|p2a: Corviknight|Body Press|p1a: Lokix
|-damage|p1a: Lokix|22/100
|
|-weather|RainDance|[upkeep]
|upkeep
|turn|29
|
|t:|1760379458
|move|p1a: Lokix|Knock Off|p2a: Corviknight
|-damage|p2a: Corviknight|44/100
|move|p2a: Corviknight|Roost|p2a: Corviknight
|-heal|p2a: Corviknight|94/100
|-singleturn|p2a: Corviknight|move: Roost
|
|-weather|RainDance|[upkeep]
|upkeep
|turn|30
|
|t:|1760379463
|switch|p1a: Kingdra|Kingdra, M, shiny, tera:Dragon|35/100
|-damage|p1a: Kingdra|22/100|[from] Stealth Rock
|move|p2a: Corviknight|Roost|p2a: Corviknight
|-heal|p2a: Corviknight|100/100
|-singleturn|p2a: Corviknight|move: Roost
|
|-weather|RainDance|[upkeep]
|upkeep
|turn|31
|
|t:|1760379471
|switch|p2a: Slowking|Slowking-Galar, F|69/100
|move|p1a: Kingdra|Weather Ball|p2a: Slowking
|-damage|p2a: Slowking|3/100
|
|-weather|none
|upkeep
|turn|32
|
|t:|1760379485
|switch|p1a: Lokix|Lokix, M, shiny|22/100
|-damage|p1a: Lokix|0 fnt|[from] Stealth Rock
|faint|p1a: Lokix
|switch|p2a: Corviknight|Corviknight, M|100/100
|-ability|p2a: Corviknight|Pressure
|
|upkeep
|
|t:|1760379488
|switch|p1a: Kingdra|Kingdra, M, shiny, tera:Dragon|22/100
|-damage|p1a: Kingdra|10/100|[from] Stealth Rock
|turn|33
|
|t:|1760379505
|move|p1a: Kingdra|Draco Meteor|p2a: Corviknight
|-resisted|p2a: Corviknight
|-damage|p2a: Corviknight|50/100
|-unboost|p1a: Kingdra|spa|2
|move|p2a: Corviknight|Body Press|p1a: Kingdra
|-damage|p1a: Kingdra|0 fnt
|faint|p1a: Kingdra
|
|win|SillyScallop
|raw|Miyagi is waifu's rating: 1384 &rarr; <strong>1367</strong><br />(-17 for losing)
|raw|SillyScallop's rating: 1432 &rarr; <strong>1449</strong><br />(+17 for winning)
