|j|☆sikort
|j|☆Maroverl488
|t:|1760365904
|gametype|singles
|player|p1|sikort|byron|1448
|player|p2|Maroverl488|n|1473
|gen|9
|tier|[Gen 9] OU
|rated|
|rule|HP Percentage Mod: HP is shown in percentages
|rule|Endless Battle Clause: Forcing endless battles is banned
|rule|Species Clause: Limit one of each Pokémon
|rule|OHKO Clause: OHKO moves are banned
|rule|Evasion Items Clause: Evasion items are banned
|rule|Evasion Moves Clause: Evasion moves are banned
|rule|Evasion Abilities Clause: Evasion abilities are banned
|rule|Sleep Moves Clause: Sleep-inducing moves are banned
|clearpoke
|poke|p1|Great Tusk|
|poke|p1|Moltres|
|poke|p1|Araquanid, M|
|poke|p1|Dragapult, M|
|poke|p1|Iron Valiant|
|poke|p1|Meowscarada, F|
|poke|p2|Emboar, F|
|poke|p2|Alomomola, M|
|poke|p2|Clodsire, F|
|poke|p2|Corviknight, M|
|poke|p2|Serperior, F|
|poke|p2|Clefable, F|
|teampreview
|inactive|Battle timer is ON: inactive players will automatically lose when time's up. (requested by Maroverl488)
|inactive|sikort has 120 seconds left.
|
|t:|1760365956
|teamsize|p1|6
|teamsize|p2|6
|start
|switch|p1a: Araquanid|Araquanid, M, shiny|100/100
|switch|p2a: Alomomola|Alomomola, M|100/100
|turn|1
|
|t:|1760365980
|move|p1a: Araquanid|Lunge|p2a: Alomomola
|-damage|p2a: Alomomola|84/100
|-unboost|p2a: Alomomola|atk|1
|move|p2a: Alomomola|Flip Turn|p1a: Araquanid
|-resisted|p1a: Araquanid
|-crit|p1a: Araquanid
|-damage|p1a: Araquanid|88/100
|
|t:|1760365992
|switch|p2a: Clefable|Clefable, F|100/100|[from] Flip Turn
|
|upkeep
|turn|2
|inactive|sikort has 120 seconds left.
|
|t:|1760366044
|move|p2a: Clefable|Calm Mind|p2a: Clefable
|-boost|p2a: Clefable|spa|1
|-boost|p2a: Clefable|spd|1
|move|p1a: Araquanid|Liquidation|p2a: Clefable
|-damage|p2a: Clefable|62/100
|
|-heal|p2a: Clefable|68/100|[from] item: Leftovers
|upkeep
|turn|3
|
|t:|1760366059
|move|p2a: Clefable|Moonblast|p1a: Araquanid
|-crit|p1a: Araquanid
|-damage|p1a: Araquanid|36/100
|move|p1a: Araquanid|Liquidation|p2a: Clefable
|-damage|p2a: Clefable|30/100
|-unboost|p2a: Clefable|def|1
|
|-heal|p2a: Clefable|36/100|[from] item: Leftovers
|upkeep
|turn|4
|inactive|Maroverl488 has 120 seconds left.
|inactive|Maroverl488 has 90 seconds left.
|inactive|Maroverl488 has 60 seconds left.
|
|t:|1760366169
|move|p2a: Clefable|Moonblast|p1a: Araquanid
|-damage|p1a: Araquanid|2/100
|move|p1a: Araquanid|Liquidation|p2a: Clefable
|-damage|p2a: Clefable|0 fnt
|faint|p2a: Clefable
|
|upkeep
|
|t:|1760366174
|switch|p2a: Serperior|Serperior, F|100/100
|turn|5
|inactive|sikort has 120 seconds left.
|
|t:|1760366183
|switch|p1a: Moltres|Moltres|100/100
|move|p2a: Serperior|Leaf Storm|p1a: Moltres
|-resisted|p1a: Moltres
|-damage|p1a: Moltres|89/100
|-boost|p2a: Serperior|spa|2
|
|upkeep
|turn|6
|
|t:|1760366191
|-terastallize|p2a: Serperior|Fire
|move|p2a: Serperior|Glare|p1a: Moltres
|-status|p1a: Moltres|par
|cant|p1a: Moltres|par
|
|upkeep
|turn|7
|
|t:|1760366200
|move|p2a: Serperior|Leaf Storm|p1a: Moltres
|-resisted|p1a: Moltres
|-damage|p1a: Moltres|67/100 par
|-boost|p2a: Serperior|spa|2
|move|p1a: Moltres|U-turn|p2a: Serperior
|-resisted|p2a: Serperior
|-damage|p2a: Serperior|92/100
|
|t:|1760366209
|switch|p1a: Dragapult|Dragapult, M, shiny|100/100|[from] U-turn
|
|-heal|p2a: Serperior|98/100|[from] item: Leftovers
|upkeep
|turn|8
|
|t:|1760366214
|move|p1a: Dragapult|Draco Meteor|p2a: Serperior
|-damage|p2a: Serperior|0 fnt
|-unboost|p1a: Dragapult|spa|2
|faint|p2a: Serperior
|
|upkeep
|
|t:|1760366220
|switch|p2a: Clodsire|Clodsire, F|100/100
|turn|9
|
|t:|1760366229
|switch|p1a: Moltres|Moltres|67/100 par
|move|p2a: Clodsire|Toxic||[still]
|-fail|p2a: Clodsire
|
|upkeep
|turn|10
|inactive|sikort has 120 seconds left.
|inactive|sikort has 90 seconds left.
|inactive|sikort has 60 seconds left.
|
|t:|1760366327
|move|p1a: Moltres|Will-O-Wisp|p2a: Clodsire
|-status|p2a: Clodsire|brn
|move|p2a: Clodsire|Stealth Rock|p1a: Moltres
|-sidestart|p1: sikort|move: Stealth Rock
|
|-damage|p2a: Clodsire|94/100 brn|[from] brn
|upkeep
|turn|11
|inactive|sikort has 60 seconds left.
|inactive|Maroverl488 has 90 seconds left.
|inactive|sikort has 30 seconds left.
|inactive|sikort has 20 seconds left.
|inactive|sikort has 15 seconds left.
|
|t:|1760366381
|switch|p2a: Emboar|Emboar, F|100/100
|move|p1a: Moltres|Roost|p1a: Moltres
|-heal|p1a: Moltres|100/100 par
|-singleturn|p1a: Moltres|move: Roost
|
|upkeep
|turn|12
|inactive|sikort has 25 seconds left this turn.
|inactive|sikort has 20 seconds left.
|inactive|sikort has 15 seconds left.
|inactive|Maroverl488 has 90 seconds left.
|inactive|sikort has 10 seconds left.
|inactive|sikort has 5 seconds left.
|
|t:|1760366403
|move|p2a: Emboar|Wild Charge|p1a: Moltres
|-supereffective|p1a: Moltres
|-damage|p1a: Moltres|49/100 par
|-damage|p2a: Emboar|87/100|[from] Recoil
|move|p1a: Moltres|U-turn|p2a: Emboar
|-resisted|p2a: Emboar
|-damage|p2a: Emboar|82/100
|inactive|sikort has 10 seconds left this turn.
|inactive|sikort has 5 seconds left.
|
|t:|1760366409
|switch|p1a: Great Tusk|Great Tusk|100/100|[from] U-turn
|
|upkeep
|turn|13
|inactive|sikort has 15 seconds left this turn.
|inactive|Maroverl488 has 90 seconds left.
|
|t:|1760366414
|switch|p2a: Alomomola|Alomomola, M|100/100
|move|p1a: Great Tusk|Rapid Spin|p2a: Alomomola
|-damage|p2a: Alomomola|88/100
|-boost|p1a: Great Tusk|spe|1
|-sideend|p1: sikort|Stealth Rock|[from] move: Rapid Spin|[of] p1a: Great Tusk
|
|upkeep
|turn|14
|inactive|sikort has 25 seconds left this turn.
|inactive|sikort has 20 seconds left.
|inactive|sikort has 15 seconds left.
|inactive|sikort has 10 seconds left.
|inactive|sikort has 5 seconds left.
|-message|sikort lost due to inactivity.
|
|win|Maroverl488
|raw|sikort's rating: 1448 &rarr; <strong>1429</strong><br />(-19 for losing)
|raw|Maroverl488's rating: 1473 &rarr; <strong>1492</strong><br />(+19 for winning)
|l|☆Maroverl488
|player|p2|
|l|☆sikort
|player|p1|
