|j|☆vitosouzakk
|j|☆DragonQueenNiisan
|t:|1760379875
|gametype|singles
|player|p1|vitosouzakk|266|1153
|player|p2|DragonQueenNiisan|ghetsis|1119
|gen|9
|tier|[Gen 9] OU
|rated|
|rule|HP Percentage Mod: HP is shown in percentages
|rule|Endless Battle Clause: Forcing endless battles is banned
|rule|Species Clause: Limit one of each Pokémon
|rule|OHKO Clause: OHKO moves are banned
|rule|Evasion Items Clause: Evasion items are banned
|rule|Evasion Moves Clause: Evasion moves are banned
|rule|Evasion Abilities Clause: Evasion abilities are banned
|rule|Sleep Moves Clause: Sleep-inducing moves are banned
|clearpoke
|poke|p1|Gliscor, M|
|poke|p1|Iron Valiant|
|poke|p1|Walking Wake|
|poke|p1|Meowscarada, F|
|poke|p1|Iron Moth|
|poke|p1|Torkoal, M|
|poke|p2|Alomomola, F|
|poke|p2|Hawlucha, F|
|poke|p2|Spidops, M|
|poke|p2|Hydrapple, M|
|poke|p2|Minior|
|poke|p2|Darkrai|
|teampreview
|inactive|Battle timer is ON: inactive players will automatically lose when time's up. (requested by vitosouzakk)
|
|t:|1760379891
|teamsize|p1|6
|teamsize|p2|6
|start
|switch|p1a: Torkoal|Torkoal, M|100/100
|switch|p2a: Minior|Minior|100/100
|-weather|SunnyDay|[from] ability: Drought|[of] p1a: Torkoal
|-formechange|p2a: Minior|Minior-Meteor||[from] ability: Shields Down
|turn|1
|
|t:|1760379899
|switch|p1a: Walking Wake|Walking Wake|100/100
|-activate|p1a: Walking Wake|ability: Protosynthesis
|-start|p1a: Walking Wake|protosynthesisspa
|move|p2a: Minior|Shell Smash|p2a: Minior
|-unboost|p2a: Minior|def|1
|-unboost|p2a: Minior|spd|1
|-boost|p2a: Minior|atk|2
|-boost|p2a: Minior|spa|2
|-boost|p2a: Minior|spe|2
|
|-weather|SunnyDay|[upkeep]
|upkeep
|turn|2
|
|t:|1760379919
|move|p2a: Minior|Shell Smash|p2a: Minior
|-unboost|p2a: Minior|def|1
|-unboost|p2a: Minior|spd|1
|-boost|p2a: Minior|atk|2
|-boost|p2a: Minior|spa|2
|-boost|p2a: Minior|spe|2
|move|p1a: Walking Wake|Hydro Steam|p2a: Minior
|-supereffective|p2a: Minior
|-enditem|p2a: Minior|Focus Sash
|-damage|p2a: Minior|1/100
|
|-weather|SunnyDay|[upkeep]
|-formechange|p2a: Minior|Minior||[from] ability: Shields Down
|upkeep
|turn|3
|
|t:|1760379935
|-end|p1a: Walking Wake|Protosynthesis|[silent]
|switch|p1a: Torkoal|Torkoal, M|100/100
|-terastallize|p2a: Minior|Rock
|move|p2a: Minior|Tera Blast|p1a: Torkoal|[anim] Tera Blast Rock
|-supereffective|p1a: Torkoal
|-damage|p1a: Torkoal|0 fnt
|faint|p1a: Torkoal
|
|-weather|SunnyDay|[upkeep]
|upkeep
|
|t:|1760379938
|switch|p1a: Meowscarada|Meowscarada, F|100/100
|turn|4
|
|t:|1760379945
|move|p1a: Meowscarada|Sucker Punch|p2a: Minior
|-start|p1a: Meowscarada|typechange|Dark|[from] ability: Protean
|-damage|p2a: Minior|0 fnt
|faint|p2a: Minior
|-damage|p1a: Meowscarada|91/100|[from] item: Life Orb
|
|-weather|SunnyDay|[upkeep]
|upkeep
|
|t:|1760379950
|switch|p2a: Spidops|Spidops, M|100/100
|turn|5
|
|t:|1760379955
|move|p1a: Meowscarada|U-turn|p2a: Spidops
|-damage|p2a: Spidops|67/100
|-damage|p1a: Meowscarada|81/100|[from] item: Life Orb
|
|t:|1760379957
|switch|p1a: Gliscor|Gliscor, M|100/100|[from] U-turn
|move|p2a: Spidops|Sticky Web|p1a: Gliscor
|-sidestart|p1: vitosouzakk|move: Sticky Web
|
|-weather|none
|-status|p1a: Gliscor|tox|[from] item: Toxic Orb
|upkeep
|turn|6
|
|t:|1760379971
|move|p1a: Gliscor|Earthquake|p2a: Spidops
|-resisted|p2a: Spidops
|-damage|p2a: Spidops|45/100
|move|p2a: Spidops|Circle Throw|p1a: Gliscor
|-resisted|p1a: Gliscor
|-crit|p1a: Gliscor
|-damage|p1a: Gliscor|92/100 tox
|drag|p1a: Iron Valiant|Iron Valiant|100/100
|-activate|p1a: Iron Valiant|move: Sticky Web
|-unboost|p1a: Iron Valiant|spe|1
|-enditem|p1a: Iron Valiant|Booster Energy
|-activate|p1a: Iron Valiant|ability: Quark Drive|[fromitem]
|-start|p1a: Iron Valiant|quarkdrivespa
|
|upkeep
|turn|7
|
|t:|1760379986
|move|p1a: Iron Valiant|Moonblast|p2a: Spidops
|-damage|p2a: Spidops|0 fnt
|faint|p2a: Spidops
|
|upkeep
|
|t:|1760379996
|switch|p2a: Darkrai|Darkrai|100/100
|turn|8
|
|t:|1760380007
|-end|p1a: Iron Valiant|Quark Drive|[silent]
|switch|p1a: Gliscor|Gliscor, M|92/100 tox
|move|p2a: Darkrai|Sludge Bomb|p1a: Gliscor
|-resisted|p1a: Gliscor
|-damage|p1a: Gliscor|64/100 tox
|-damage|p2a: Darkrai|91/100|[from] item: Life Orb
|
|-heal|p1a: Gliscor|76/100 tox|[from] ability: Poison Heal
|upkeep
|turn|9
|
|t:|1760380016
|move|p2a: Darkrai|Ice Beam|p1a: Gliscor
|-supereffective|p1a: Gliscor
|-damage|p1a: Gliscor|0 fnt
|faint|p1a: Gliscor
|-damage|p2a: Darkrai|81/100|[from] item: Life Orb
|
|upkeep
|
|t:|1760380026
|switch|p1a: Walking Wake|Walking Wake|100/100
|-activate|p1a: Walking Wake|move: Sticky Web
|-unboost|p1a: Walking Wake|spe|1
|-enditem|p1a: Walking Wake|Booster Energy
|-activate|p1a: Walking Wake|ability: Protosynthesis|[fromitem]
|-start|p1a: Walking Wake|protosynthesisspa
|turn|10
|
|t:|1760380038
|switch|p2a: Hydrapple|Hydrapple, M|100/100
|move|p1a: Walking Wake|Dragon Pulse|p2a: Hydrapple
|-supereffective|p2a: Hydrapple
|-damage|p2a: Hydrapple|13/100
|
|upkeep
|turn|11
|
|t:|1760380046
|move|p1a: Walking Wake|Dragon Pulse|p2a: Hydrapple
|-supereffective|p2a: Hydrapple
|-damage|p2a: Hydrapple|0 fnt
|faint|p2a: Hydrapple
|
|upkeep
|
|t:|1760380052
|switch|p2a: Alomomola|Alomomola, F|100/100
|turn|12
|
|t:|1760380058
|move|p1a: Walking Wake|Dragon Pulse|p2a: Alomomola
|-damage|p2a: Alomomola|29/100
|move|p2a: Alomomola|Mirror Coat|p1a: Walking Wake
|-damage|p1a: Walking Wake|0 fnt
|faint|p1a: Walking Wake
|-end|p1a: Walking Wake|Protosynthesis|[silent]
|
|upkeep
|
|t:|1760380065
|switch|p1a: Iron Valiant|Iron Valiant|100/100
|-activate|p1a: Iron Valiant|move: Sticky Web
|-unboost|p1a: Iron Valiant|spe|1
|turn|13
|
|t:|1760380071
|switch|p2a: Hawlucha|Hawlucha, F|100/100
|-ability|p2a: Hawlucha|Mold Breaker
|move|p1a: Iron Valiant|Thunderbolt|p2a: Hawlucha
|-supereffective|p2a: Hawlucha
|-damage|p2a: Hawlucha|45/100
|
|upkeep
|turn|14
|
|t:|1760380082
|-terastallize|p1a: Iron Valiant|Fairy
|move|p2a: Hawlucha|U-turn|p1a: Iron Valiant
|-resisted|p1a: Iron Valiant
|-damage|p1a: Iron Valiant|91/100
|
|t:|1760380087
|switch|p2a: Alomomola|Alomomola, F|62/100|[from] U-turn
|move|p1a: Iron Valiant|Moonblast|p2a: Alomomola
|-damage|p2a: Alomomola|0 fnt
|faint|p2a: Alomomola
|
|upkeep
|
|t:|1760380092
|switch|p2a: Darkrai|Darkrai|81/100
|turn|15
|
|t:|1760380102
|-end|p1a: Iron Valiant|Quark Drive|[silent]
|switch|p1a: Iron Moth|Iron Moth, shiny|100/100
|-activate|p1a: Iron Moth|move: Sticky Web
|-unboost|p1a: Iron Moth|spe|1
|-enditem|p1a: Iron Moth|Booster Energy
|-activate|p1a: Iron Moth|ability: Quark Drive|[fromitem]
|-start|p1a: Iron Moth|quarkdrivespa
|move|p2a: Darkrai|Sludge Bomb|p1a: Iron Moth
|-resisted|p1a: Iron Moth
|-damage|p1a: Iron Moth|79/100
|-damage|p2a: Darkrai|71/100|[from] item: Life Orb
|
|upkeep
|turn|16
|
|t:|1760380112
|move|p2a: Darkrai|Psychic|p1a: Iron Moth
|-supereffective|p1a: Iron Moth
|-crit|p1a: Iron Moth
|-damage|p1a: Iron Moth|0 fnt
|faint|p1a: Iron Moth
|-end|p1a: Iron Moth|Quark Drive|[silent]
|-damage|p2a: Darkrai|61/100|[from] item: Life Orb
|
|upkeep
|
|t:|1760380115
|switch|p1a: Meowscarada|Meowscarada, F|81/100
|-activate|p1a: Meowscarada|move: Sticky Web
|-unboost|p1a: Meowscarada|spe|1
|turn|17
|
|t:|1760380122
|switch|p2a: Hawlucha|Hawlucha, F|45/100
|-ability|p2a: Hawlucha|Mold Breaker
|move|p1a: Meowscarada|Sucker Punch||[still]
|-fail|p1a: Meowscarada
|
|upkeep
|turn|18
|-message|vitosouzakk forfeited.
|
|win|DragonQueenNiisan
|raw|vitosouzakk's rating: 1153 &rarr; <strong>1126</strong><br />(-27 for losing)
|raw|DragonQueenNiisan's rating: 1119 &rarr; <strong>1146</strong><br />(+27 for winning)
|l|☆vitosouzakk
|player|p1|
|c|☆DragonQueenNiisan|GG
|l|☆DragonQueenNiisan
|player|p2|
