|j|☆javiconb
|j|☆Haconnhabatrieu
|t:|1760347498
|gametype|singles
|player|p1|javiconb|266|1380
|player|p2|Haconnhabatrieu|ninjaboy|1358
|gen|9
|tier|[Gen 9] OU
|rated|
|rule|HP Percentage Mod: HP is shown in percentages
|rule|Endless Battle Clause: Forcing endless battles is banned
|rule|Species Clause: Limit one of each Pokémon
|rule|OHKO Clause: OHKO moves are banned
|rule|Evasion Items Clause: Evasion items are banned
|rule|Evasion Moves Clause: Evasion moves are banned
|rule|Evasion Abilities Clause: Evasion abilities are banned
|rule|Sleep Moves Clause: Sleep-inducing moves are banned
|clearpoke
|poke|p1|Rabsca, F|
|poke|p1|Slowking-Galar, M|
|poke|p1|Ursaluna, M|
|poke|p1|Azumarill, M|
|poke|p1|Mimikyu, M|
|poke|p1|Kingambit, F|
|poke|p2|Gholdengo|
|poke|p2|Ogerpon-Wellspring, F|
|poke|p2|Great Tusk|
|poke|p2|Ting-Lu|
|poke|p2|Ninetales-Alola, M|
|poke|p2|Dragonite, M|
|teampreview
|inactive|Battle timer is ON: inactive players will automatically lose when time's up. (requested by javiconb)
|
|t:|1760347566
|teamsize|p1|6
|teamsize|p2|6
|start
|switch|p1a: Slowking|Slowking-Galar, M|100/100
|switch|p2a: Ninetales|Ninetales-Alola, M|100/100
|-weather|Snowscape|[from] ability: Snow Warning|[of] p2a: Ninetales
|turn|1
|
|t:|1760347578
|move|p2a: Ninetales|Aurora Veil|p2a: Ninetales
|-sidestart|p2: Haconnhabatrieu|move: Aurora Veil
|move|p1a: Slowking|Trick Room|p1a: Slowking
|-fieldstart|move: Trick Room|[of] p1a: Slowking
|
|-weather|Snowscape|[upkeep]
|upkeep
|turn|2
|
|t:|1760347582
|switch|p2a: Ting-Lu|Ting-Lu, shiny|100/100
|-ability|p2a: Ting-Lu|Vessel of Ruin
|move|p1a: Slowking|Sludge Wave|p2a: Ting-Lu
|-resisted|p2a: Ting-Lu
|-damage|p2a: Ting-Lu|93/100
|-damage|p1a: Slowking|91/100|[from] item: Life Orb
|
|-weather|Snowscape|[upkeep]
|upkeep
|turn|3
|
|t:|1760347597
|switch|p1a: Rabsca|Rabsca, F|100/100
|move|p2a: Ting-Lu|Stealth Rock|p1a: Rabsca
|-sidestart|p1: javiconb|move: Stealth Rock
|
|-weather|Snowscape|[upkeep]
|upkeep
|turn|4
|
|t:|1760347614
|move|p1a: Rabsca|Future Sight|p2a: Ting-Lu
|-start|p1a: Rabsca|move: Future Sight
|move|p2a: Ting-Lu|Ruination|p1a: Rabsca
|-damage|p1a: Rabsca|50/100
|
|-weather|Snowscape|[upkeep]
|upkeep
|turn|5
|
|t:|1760347625
|switch|p1a: Azumarill|Azumarill, M|100/100
|-damage|p1a: Azumarill|88/100|[from] Stealth Rock
|move|p2a: Ting-Lu|Whirlwind|p1a: Azumarill
|drag|p1a: Ursaluna|Ursaluna, M|100/100
|-damage|p1a: Ursaluna|94/100|[from] Stealth Rock
|
|-weather|none
|-fieldend|move: Trick Room
|-status|p1a: Ursaluna|brn|[from] item: Flame Orb
|upkeep
|turn|6
|
|t:|1760347639
|-terastallize|p1a: Ursaluna|Normal
|move|p2a: Ting-Lu|Ruination|p1a: Ursaluna
|-damage|p1a: Ursaluna|48/100 brn
|move|p1a: Ursaluna|Facade|p2a: Ting-Lu
|-damage|p2a: Ting-Lu|55/100
|-damage|p1a: Ursaluna|31/100 brn|[from] item: Rocky Helmet|[of] p2a: Ting-Lu
|
|-end|p2a: Ting-Lu|move: Future Sight
|-immune|p2a: Ting-Lu
|-damage|p1a: Ursaluna|25/100 brn|[from] brn
|upkeep
|turn|7
|
|t:|1760347657
|move|p2a: Ting-Lu|Earthquake|p1a: Ursaluna
|-crit|p1a: Ursaluna
|-damage|p1a: Ursaluna|0 fnt
|faint|p1a: Ursaluna
|
|upkeep
|-message|javiconb forfeited.
|
|win|Haconnhabatrieu
|raw|javiconb's rating: 1380 &rarr; <strong>1359</strong><br />(-21 for losing)
|raw|Haconnhabatrieu's rating: 1358 &rarr; <strong>1379</strong><br />(+21 for winning)
|l|☆javiconb
|player|p1|
