|j|☆Overgame00
|j|☆TrapLyf
|t:|1760447161
|gametype|singles
|player|p1|Overgame00|baker|1431
|player|p2|TrapLyf|1|1479
|gen|9
|tier|[Gen 9] OU
|rated|
|rule|HP Percentage Mod: HP is shown in percentages
|rule|Endless Battle Clause: Forcing endless battles is banned
|rule|Species Clause: Limit one of each Pokémon
|rule|OHKO Clause: OHKO moves are banned
|rule|Evasion Items Clause: Evasion items are banned
|rule|Evasion Moves Clause: Evasion moves are banned
|rule|Evasion Abilities Clause: Evasion abilities are banned
|rule|Sleep Moves Clause: Sleep-inducing moves are banned
|clearpoke
|poke|p1|Revavroom, F|
|poke|p1|Enamorus, F|
|poke|p1|Cinderace, F|
|poke|p1|Ting-Lu|
|poke|p1|Ogerpon-Wellspring, F|
|poke|p1|Raging Bolt|
|poke|p2|Ogerpon-Wellspring, F|
|poke|p2|Rillaboom, F|
|poke|p2|Heatran, M|
|poke|p2|Weezing-Galar, F|
|poke|p2|Ursaluna, F|
|poke|p2|Raging Bolt|
|teampreview
|inactive|Battle timer is ON: inactive players will automatically lose when time's up. (requested by TrapLyf)
|
|t:|1760447181
|teamsize|p1|6
|teamsize|p2|6
|start
|switch|p1a: Enamorbius|Enamorus, F|100/100
|switch|p2a: Heatran|Heatran, M|100/100
|turn|1
|
|t:|1760447187
|move|p2a: Heatran|Protect|p2a: Heatran
|-singleturn|p2a: Heatran|Protect
|move|p1a: Enamorbius|Earth Power|p2a: Heatran
|-activate|p2a: Heatran|move: Protect
|
|upkeep
|turn|2
|
|t:|1760447197
|switch|p1a: Napoli|Cinderace, F|100/100
|switch|p2a: Ursaluna|Ursaluna, F|100/100
|
|upkeep
|turn|3
|
|t:|1760447202
|move|p1a: Napoli|U-turn|p2a: Ursaluna
|-start|p1a: Napoli|typechange|Bug|[from] ability: Libero
|-damage|p2a: Ursaluna|80/100
|
|t:|1760447209
|switch|p1a: Bambi|Ting-Lu|100/100|[from] U-turn
|-ability|p1a: Bambi|Vessel of Ruin
|move|p2a: Ursaluna|Headlong Rush|p1a: Bambi
|-damage|p1a: Bambi|71/100
|-unboost|p2a: Ursaluna|def|1
|-unboost|p2a: Ursaluna|spd|1
|
|-heal|p1a: Bambi|78/100|[from] item: Leftovers
|upkeep
|turn|4
|
|t:|1760447221
|switch|p2a: Rillaboom|Rillaboom, F|100/100
|-fieldstart|move: Grassy Terrain|[from] ability: Grassy Surge|[of] p2a: Rillaboom
|move|p1a: Bambi|Ruination|p2a: Rillaboom|[miss]
|-miss|p1a: Bambi|p2a: Rillaboom
|
|-heal|p1a: Bambi|84/100|[from] Grassy Terrain
|-heal|p1a: Bambi|90/100|[from] item: Leftovers
|upkeep
|turn|5
|
|t:|1760447230
|switch|p1a: RatherMadThunder|Raging Bolt|100/100
|move|p2a: Rillaboom|Wood Hammer|p1a: RatherMadThunder
|-resisted|p1a: RatherMadThunder
|-crit|p1a: RatherMadThunder
|-damage|p1a: RatherMadThunder|56/100
|-damage|p2a: Rillaboom|81/100|[from] Recoil
|
|-heal|p2a: Rillaboom|87/100|[from] Grassy Terrain
|-heal|p1a: RatherMadThunder|62/100|[from] Grassy Terrain
|-heal|p1a: RatherMadThunder|69/100|[from] item: Leftovers
|upkeep
|turn|6
|
|t:|1760447235
|switch|p2a: Ursaluna|Ursaluna, F|80/100
|move|p1a: RatherMadThunder|Volt Switch|p2a: Ursaluna
|-immune|p2a: Ursaluna
|
|-heal|p1a: RatherMadThunder|75/100|[from] Grassy Terrain
|-heal|p1a: RatherMadThunder|81/100|[from] item: Leftovers
|-heal|p2a: Ursaluna|86/100|[from] Grassy Terrain
|upkeep
|turn|7
|
|t:|1760447244
|move|p1a: RatherMadThunder|Draco Meteor|p2a: Ursaluna
|-damage|p2a: Ursaluna|51/100
|-unboost|p1a: RatherMadThunder|spa|2
|move|p2a: Ursaluna|Close Combat|p1a: RatherMadThunder
|-damage|p1a: RatherMadThunder|53/100
|-unboost|p2a: Ursaluna|def|1
|-unboost|p2a: Ursaluna|spd|1
|
|-heal|p1a: RatherMadThunder|59/100|[from] Grassy Terrain
|-heal|p1a: RatherMadThunder|65/100|[from] item: Leftovers
|-heal|p2a: Ursaluna|57/100|[from] Grassy Terrain
|upkeep
|turn|8
|
|t:|1760447250
|-end|p1a: RatherMadThunder|Protosynthesis|[silent]
|switch|p1a: Bambi|Ting-Lu|90/100
|-ability|p1a: Bambi|Vessel of Ruin
|move|p2a: Ursaluna|Headlong Rush|p1a: Bambi
|-damage|p1a: Bambi|60/100
|-unboost|p2a: Ursaluna|def|1
|-unboost|p2a: Ursaluna|spd|1
|
|-heal|p2a: Ursaluna|63/100|[from] Grassy Terrain
|-heal|p1a: Bambi|66/100|[from] Grassy Terrain
|-heal|p1a: Bambi|72/100|[from] item: Leftovers
|upkeep
|turn|9
|
|t:|1760447263
|switch|p2a: Weezing|Weezing-Galar, F|100/100
|-ability|p2a: Weezing|Neutralizing Gas
|move|p1a: Bambi|Earthquake|p2a: Weezing
|-supereffective|p2a: Weezing
|-damage|p2a: Weezing|68/100
|
|-heal|p2a: Weezing|74/100|[from] Grassy Terrain
|-heal|p1a: Bambi|78/100|[from] Grassy Terrain
|-heal|p1a: Bambi|85/100|[from] item: Leftovers
|upkeep
|turn|10
|
|t:|1760447271
|move|p2a: Weezing|Will-O-Wisp|p1a: Bambi
|-status|p1a: Bambi|brn
|move|p1a: Bambi|Heavy Slam|p2a: Weezing
|-supereffective|p2a: Weezing
|-damage|p2a: Weezing|48/100
|-damage|p1a: Bambi|68/100 brn|[from] item: Rocky Helmet|[of] p2a: Weezing
|
|-heal|p2a: Weezing|54/100|[from] Grassy Terrain
|-heal|p1a: Bambi|74/100 brn|[from] Grassy Terrain
|-heal|p1a: Bambi|80/100 brn|[from] item: Leftovers
|-damage|p1a: Bambi|74/100 brn|[from] brn
|upkeep
|turn|11
|
|t:|1760447276
|move|p2a: Weezing|Pain Split|p1a: Bambi
|-sethp|p1a: Bambi|55/100 brn|[from] move: Pain Split|[silent]
|-sethp|p2a: Weezing|84/100|[from] move: Pain Split
|move|p1a: Bambi|Whirlwind|p2a: Weezing
|-end|p2a: Weezing|ability: Neutralizing Gas
|-ability|p1a: Bambi|Vessel of Ruin
|drag|p2a: Raging Bolt|Raging Bolt|100/100
|-enditem|p2a: Raging Bolt|Grassy Seed
|-boost|p2a: Raging Bolt|def|1|[from] item: Grassy Seed
|
|-heal|p1a: Bambi|61/100 brn|[from] Grassy Terrain
|-heal|p1a: Bambi|67/100 brn|[from] item: Leftovers
|-damage|p1a: Bambi|61/100 brn|[from] brn
|-fieldend|move: Grassy Terrain
|upkeep
|turn|12
|
|t:|1760447287
|-end|p2a: Raging Bolt|Protosynthesis|[silent]
|switch|p2a: Rillaboom|Rillaboom, F|87/100
|-fieldstart|move: Grassy Terrain|[from] ability: Grassy Surge|[of] p2a: Rillaboom
|move|p1a: Bambi|Earthquake|p2a: Rillaboom
|-resisted|p2a: Rillaboom
|-damage|p2a: Rillaboom|82/100
|
|-heal|p2a: Rillaboom|88/100|[from] Grassy Terrain
|-heal|p1a: Bambi|67/100 brn|[from] Grassy Terrain
|-heal|p1a: Bambi|73/100 brn|[from] item: Leftovers
|-damage|p1a: Bambi|67/100 brn|[from] brn
|upkeep
|turn|13
|
|t:|1760447293
|move|p2a: Rillaboom|Swords Dance|p2a: Rillaboom
|-boost|p2a: Rillaboom|atk|2
|move|p1a: Bambi|Ruination|p2a: Rillaboom
|-damage|p2a: Rillaboom|44/100
|
|-heal|p2a: Rillaboom|51/100|[from] Grassy Terrain
|-heal|p1a: Bambi|73/100 brn|[from] Grassy Terrain
|-heal|p1a: Bambi|79/100 brn|[from] item: Leftovers
|-damage|p1a: Bambi|73/100 brn|[from] brn
|upkeep
|turn|14
|
|t:|1760447296
|move|p2a: Rillaboom|Grassy Glide|p1a: Bambi
|-supereffective|p1a: Bambi
|-damage|p1a: Bambi|2/100 brn
|move|p1a: Bambi|Whirlwind|p2a: Rillaboom
|drag|p2a: Weezing|Weezing-Galar, F|84/100
|-ability|p2a: Weezing|Neutralizing Gas
|
|-heal|p2a: Weezing|90/100|[from] Grassy Terrain
|-heal|p1a: Bambi|8/100 brn|[from] Grassy Terrain
|-heal|p1a: Bambi|15/100 brn|[from] item: Leftovers
|-damage|p1a: Bambi|8/100 brn|[from] brn
|upkeep
|turn|15
|
|t:|1760447302
|move|p2a: Weezing|Strange Steam|p1a: Bambi
|-supereffective|p1a: Bambi
|-damage|p1a: Bambi|0 fnt
|faint|p1a: Bambi
|
|-heal|p2a: Weezing|96/100|[from] Grassy Terrain
|upkeep
|
|t:|1760447309
|switch|p1a: Enamorbius|Enamorus, F|100/100
|turn|16
|
|t:|1760447318
|-end|p2a: Weezing|ability: Neutralizing Gas
|switch|p2a: Ursaluna|Ursaluna, F|63/100
|move|p1a: Enamorbius|Earth Power|p2a: Ursaluna
|-damage|p2a: Ursaluna|48/100
|
|-heal|p2a: Ursaluna|54/100|[from] Grassy Terrain
|upkeep
|turn|17
|
|t:|1760447334
|switch|p1a: RatherMadThunder|Raging Bolt|65/100
|move|p2a: Ursaluna|Gunk Shot|p1a: RatherMadThunder
|-crit|p1a: RatherMadThunder
|-damage|p1a: RatherMadThunder|19/100
|-status|p1a: RatherMadThunder|psn
|
|-heal|p1a: RatherMadThunder|25/100 psn|[from] Grassy Terrain
|-heal|p1a: RatherMadThunder|31/100 psn|[from] item: Leftovers
|-heal|p2a: Ursaluna|60/100|[from] Grassy Terrain
|-damage|p1a: RatherMadThunder|19/100 psn|[from] psn
|upkeep
|turn|18
|
|t:|1760447339
|move|p1a: RatherMadThunder|Draco Meteor|p2a: Ursaluna
|-damage|p2a: Ursaluna|25/100
|-unboost|p1a: RatherMadThunder|spa|2
|move|p2a: Ursaluna|Ice Punch|p1a: RatherMadThunder
|-supereffective|p1a: RatherMadThunder
|-damage|p1a: RatherMadThunder|0 fnt
|faint|p1a: RatherMadThunder
|-end|p1a: RatherMadThunder|Protosynthesis|[silent]
|
|-heal|p2a: Ursaluna|31/100|[from] Grassy Terrain
|upkeep
|
|t:|1760447343
|switch|p1a: Enamorbius|Enamorus, F|100/100
|turn|19
|
|t:|1760447346
|move|p1a: Enamorbius|Moonblast|p2a: Ursaluna
|-damage|p2a: Ursaluna|6/100
|move|p2a: Ursaluna|Gunk Shot|p1a: Enamorbius
|-supereffective|p1a: Enamorbius
|-damage|p1a: Enamorbius|0 fnt
|faint|p1a: Enamorbius
|
|-heal|p2a: Ursaluna|12/100|[from] Grassy Terrain
|-fieldend|move: Grassy Terrain
|upkeep
|c|☆TrapLyf|naughty
|
|t:|1760447366
|switch|p1a: Napoli|Cinderace, F|100/100
|turn|20
|
|t:|1760447368
|move|p1a: Napoli|U-turn|p2a: Ursaluna
|-start|p1a: Napoli|typechange|Bug|[from] ability: Libero
|-damage|p2a: Ursaluna|0 fnt
|faint|p2a: Ursaluna
|
|t:|1760447372
|switch|p1a: TURBOMOTORE|Revavroom, F|100/100|[from] U-turn
|
|upkeep
|
|t:|1760447379
|switch|p2a: Heatran|Heatran, M|100/100
|turn|21
|
|t:|1760447382
|move|p1a: TURBOMOTORE|High Horsepower|p2a: Heatran
|-supereffective|p2a: Heatran
|-damage|p2a: Heatran|0 fnt
|faint|p2a: Heatran
|
|upkeep
|
|t:|1760447392
|switch|p2a: Weezing|Weezing-Galar, F|96/100
|-ability|p2a: Weezing|Neutralizing Gas
|turn|22
|
|t:|1760447396
|switch|p1a: Napoli|Cinderace, F|100/100
|move|p2a: Weezing|Will-O-Wisp|p1a: Napoli
|-immune|p1a: Napoli
|
|upkeep
|turn|23
|
|t:|1760447401
|-end|p2a: Weezing|ability: Neutralizing Gas
|switch|p2a: Raging Bolt|Raging Bolt|100/100
|move|p1a: Napoli|Pyro Ball|p2a: Raging Bolt
|-resisted|p2a: Raging Bolt
|-damage|p2a: Raging Bolt|76/100
|
|upkeep
|turn|24
|
|t:|1760447409
|move|p1a: Napoli|U-turn|p2a: Raging Bolt
|-start|p1a: Napoli|typechange|Bug|[from] ability: Libero
|-damage|p2a: Raging Bolt|46/100
|
|t:|1760447414
|switch|p1a: Ogeporn|Ogerpon-Wellspring, F|100/100|[from] U-turn
|move|p2a: Raging Bolt|Discharge|p1a: Ogeporn
|-damage|p1a: Ogeporn|40/100
|
|upkeep
|turn|25
|
|t:|1760447421
|move|p2a: Raging Bolt|Thunderclap||[still]
|-fail|p2a: Raging Bolt
|move|p1a: Ogeporn|Swords Dance|p1a: Ogeporn
|-boost|p1a: Ogeporn|atk|2
|
|upkeep
|turn|26
|
|t:|1760447425
|move|p1a: Ogeporn|Encore|p2a: Raging Bolt
|-start|p2a: Raging Bolt|Encore
|move|p2a: Raging Bolt|Thunderclap||[still]
|-fail|p2a: Raging Bolt
|
|upkeep
|turn|27
|
|t:|1760447429
|-end|p2a: Raging Bolt|Protosynthesis|[silent]
|switch|p2a: Ogerpon|Ogerpon-Wellspring, F|100/100
|move|p1a: Ogeporn|Swords Dance|p1a: Ogeporn
|-boost|p1a: Ogeporn|atk|2
|
|upkeep
|turn|28
|
|t:|1760447433
|move|p2a: Ogerpon|Encore|p1a: Ogeporn
|-start|p1a: Ogeporn|Encore
|move|p1a: Ogeporn|Swords Dance|p1a: Ogeporn
|-boost|p1a: Ogeporn|atk|2
|
|upkeep
|turn|29
|
|t:|1760447436
|move|p1a: Ogeporn|Swords Dance|p1a: Ogeporn
|-boost|p1a: Ogeporn|atk|0
|move|p2a: Ogerpon|Power Whip|p1a: Ogeporn
|-damage|p1a: Ogeporn|0 fnt
|faint|p1a: Ogeporn
|
|upkeep
|
|t:|1760447439
|switch|p1a: TURBOMOTORE|Revavroom, F|100/100
|turn|30
|
|t:|1760447443
|move|p2a: Ogerpon|Ivy Cudgel|p1a: TURBOMOTORE|[anim] Ivy Cudgel Water
|-damage|p1a: TURBOMOTORE|30/100
|move|p1a: TURBOMOTORE|Shift Gear|p1a: TURBOMOTORE
|-boost|p1a: TURBOMOTORE|spe|2
|-boost|p1a: TURBOMOTORE|atk|1
|
|-heal|p1a: TURBOMOTORE|36/100|[from] item: Leftovers
|upkeep
|turn|31
|
|t:|1760447453
|move|p1a: TURBOMOTORE|Gunk Shot|p2a: Ogerpon
|-supereffective|p2a: Ogerpon
|-damage|p2a: Ogerpon|0 fnt
|faint|p2a: Ogerpon
|
|-heal|p1a: TURBOMOTORE|42/100|[from] item: Leftovers
|upkeep
|
|t:|1760447474
|switch|p2a: Weezing|Weezing-Galar, F|96/100
|-ability|p2a: Weezing|Neutralizing Gas
|turn|32
|
|t:|1760447493
|-terastallize|p2a: Weezing|Flying
|move|p1a: TURBOMOTORE|Gunk Shot|p2a: Weezing|[miss]
|-miss|p1a: TURBOMOTORE|p2a: Weezing
|move|p2a: Weezing|Will-O-Wisp|p1a: TURBOMOTORE
|-status|p1a: TURBOMOTORE|brn
|
|-heal|p1a: TURBOMOTORE|48/100 brn|[from] item: Leftovers
|-damage|p1a: TURBOMOTORE|42/100 brn|[from] brn
|upkeep
|turn|33
|
|t:|1760447506
|move|p1a: TURBOMOTORE|Shift Gear|p1a: TURBOMOTORE
|-boost|p1a: TURBOMOTORE|spe|2
|-boost|p1a: TURBOMOTORE|atk|1
|move|p2a: Weezing|Strange Steam|p1a: TURBOMOTORE
|-resisted|p1a: TURBOMOTORE
|-damage|p1a: TURBOMOTORE|32/100 brn
|
|-heal|p1a: TURBOMOTORE|38/100 brn|[from] item: Leftovers
|-damage|p1a: TURBOMOTORE|32/100 brn|[from] brn
|upkeep
|turn|34
|
|t:|1760447517
|-end|p2a: Weezing|ability: Neutralizing Gas
|switch|p2a: Rillaboom|Rillaboom, F|51/100
|-fieldstart|move: Grassy Terrain|[from] ability: Grassy Surge|[of] p2a: Rillaboom
|-terastallize|p1a: TURBOMOTORE|Ice
|move|p1a: TURBOMOTORE|Tera Blast|p2a: Rillaboom|[anim] Tera Blast Ice
|-supereffective|p2a: Rillaboom
|-damage|p2a: Rillaboom|0 fnt
|faint|p2a: Rillaboom
|
|-heal|p1a: TURBOMOTORE|38/100 brn|[from] Grassy Terrain
|-heal|p1a: TURBOMOTORE|44/100 brn|[from] item: Leftovers
|-damage|p1a: TURBOMOTORE|38/100 brn|[from] brn
|upkeep
|
|t:|1760447524
|switch|p2a: Raging Bolt|Raging Bolt|46/100
|turn|35
|
|t:|1760447527
|move|p1a: TURBOMOTORE|Shift Gear|p1a: TURBOMOTORE
|-boost|p1a: TURBOMOTORE|spe|2
|-boost|p1a: TURBOMOTORE|atk|1
|move|p2a: Raging Bolt|Dragon Pulse|p1a: TURBOMOTORE
|-damage|p1a: TURBOMOTORE|0 fnt
|faint|p1a: TURBOMOTORE
|
|-heal|p2a: Raging Bolt|52/100|[from] Grassy Terrain
|upkeep
|
|t:|1760447530
|switch|p1a: Napoli|Cinderace, F|100/100
|turn|36
|
|t:|1760447537
|move|p1a: Napoli|Pyro Ball|p2a: Raging Bolt
|-resisted|p2a: Raging Bolt
|-damage|p2a: Raging Bolt|26/100
|move|p2a: Raging Bolt|Discharge|p1a: Napoli
|-damage|p1a: Napoli|29/100
|
|-heal|p1a: Napoli|35/100|[from] Grassy Terrain
|-heal|p2a: Raging Bolt|33/100|[from] Grassy Terrain
|upkeep
|turn|37
|
|t:|1760447542
|move|p1a: Napoli|Sucker Punch|p2a: Raging Bolt
|-start|p1a: Napoli|typechange|Dark|[from] ability: Libero
|-crit|p2a: Raging Bolt
|-damage|p2a: Raging Bolt|0 fnt
|faint|p2a: Raging Bolt
|-end|p2a: Raging Bolt|Protosynthesis|[silent]
|
|-heal|p1a: Napoli|41/100|[from] Grassy Terrain
|upkeep
|
|t:|1760447546
|switch|p2a: Weezing|Weezing-Galar, F, tera:Flying|96/100
|-ability|p2a: Weezing|Neutralizing Gas
|turn|38
|
|t:|1760447549
|move|p1a: Napoli|Pyro Ball|p2a: Weezing
|-damage|p2a: Weezing|64/100
|move|p2a: Weezing|Strange Steam|p1a: Napoli
|-supereffective|p1a: Napoli
|-damage|p1a: Napoli|0 fnt
|faint|p1a: Napoli
|
|win|TrapLyf
|raw|Overgame00's rating: 1431 &rarr; <strong>1414</strong><br />(-17 for losing)
|raw|TrapLyf's rating: 1479 &rarr; <strong>1496</strong><br />(+17 for winning)
|c|☆TrapLyf|gg
|c|☆Overgame00|Gg
|l|☆TrapLyf
|player|p2|
|l|☆Overgame00
|player|p1|
