|j|☆Zephy23
|j|☆Garg749494
|t:|1760366540
|gametype|singles
|player|p1|Zephy23|winona|1072
|player|p2|Garg749494|265|1117
|gen|9
|tier|[Gen 9] OU
|rated|
|rule|HP Percentage Mod: HP is shown in percentages
|rule|Endless Battle Clause: Forcing endless battles is banned
|rule|Species Clause: Limit one of each Pokémon
|rule|OHKO Clause: OHKO moves are banned
|rule|Evasion Items Clause: Evasion items are banned
|rule|Evasion Moves Clause: Evasion moves are banned
|rule|Evasion Abilities Clause: Evasion abilities are banned
|rule|Sleep Moves Clause: Sleep-inducing moves are banned
|clearpoke
|poke|p1|Ogerpon-Wellspring, F|
|poke|p1|Kingambit, F|
|poke|p1|Landorus-Therian, M|
|poke|p1|Glimmora, F|
|poke|p1|Dragapult, M|
|poke|p1|Iron Valiant|
|poke|p2|Golurk|
|poke|p2|Scrafty, M|
|poke|p2|Shiftry, F|
|poke|p2|Goodra, F|
|poke|p2|Kleavor, M|
|poke|p2|Dedenne, F|
|teampreview
|inactive|Battle timer is ON: inactive players will automatically lose when time's up. (requested by Zephy23)
|
|t:|1760366557
|teamsize|p1|6
|teamsize|p2|6
|start
|switch|p1a: Dragapult|Dragapult, M|100/100
|switch|p2a: Goodra|Goodra, F|100/100
|turn|1
|
|t:|1760366562
|move|p1a: Dragapult|Draco Meteor|p2a: Goodra
|-supereffective|p2a: Goodra
|-damage|p2a: Goodra|30/100
|-unboost|p1a: Dragapult|spa|2
|move|p2a: Goodra|Ice Beam|p1a: Dragapult
|-supereffective|p1a: Dragapult
|-damage|p1a: Dragapult|21/100
|
|upkeep
|turn|2
|
|t:|1760366568
|move|p1a: Dragapult|Draco Meteor|p2a: Goodra
|-supereffective|p2a: Goodra
|-damage|p2a: Goodra|0 fnt
|-unboost|p1a: Dragapult|spa|2
|faint|p2a: Goodra
|
|upkeep
|
|t:|1760366573
|switch|p2a: Dedenne|Dedenne, F|100/100
|turn|3
|
|t:|1760366578
|switch|p1a: Kingambit|Kingambit, F|100/100
|move|p2a: Dedenne|Nuzzle|p1a: Kingambit
|-damage|p1a: Kingambit|96/100
|-status|p1a: Kingambit|par
|
|-heal|p1a: Kingambit|100/100 par|[from] item: Leftovers
|upkeep
|turn|4
|
|t:|1760366584
|move|p2a: Dedenne|Super Fang|p1a: Kingambit
|-damage|p1a: Kingambit|51/100 par
|move|p1a: Kingambit|Swords Dance|p1a: Kingambit
|-boost|p1a: Kingambit|atk|2
|
|-heal|p1a: Kingambit|57/100 par|[from] item: Leftovers
|upkeep
|turn|5
|
|t:|1760366592
|move|p1a: Kingambit|Sucker Punch|p2a: Dedenne
|-resisted|p2a: Dedenne
|-damage|p2a: Dedenne|6/100
|-enditem|p2a: Dedenne|Mago Berry|[eat]
|-heal|p2a: Dedenne|39/100|[from] item: Mago Berry
|-heal|p2a: Dedenne|72/100|[from] ability: Cheek Pouch
|move|p2a: Dedenne|Super Fang|p1a: Kingambit
|-damage|p1a: Kingambit|29/100 par
|
|-heal|p1a: Kingambit|35/100 par|[from] item: Leftovers
|upkeep
|turn|6
|
|t:|1760366601
|cant|p1a: Kingambit|par
|move|p2a: Dedenne|Draining Kiss|p1a: Kingambit
|-damage|p1a: Kingambit|21/100 par
|-heal|p2a: Dedenne|87/100|[from] drain|[of] p1a: Kingambit
|
|-heal|p1a: Kingambit|28/100 par|[from] item: Leftovers
|upkeep
|turn|7
|
|t:|1760366605
|move|p1a: Kingambit|Sucker Punch|p2a: Dedenne
|-resisted|p2a: Dedenne
|-damage|p2a: Dedenne|0 fnt
|faint|p2a: Dedenne
|
|-heal|p1a: Kingambit|34/100 par|[from] item: Leftovers
|upkeep
|
|t:|1760366617
|switch|p2a: Scrafty|Scrafty, M|100/100
|turn|8
|
|t:|1760366627
|-terastallize|p1a: Kingambit|Ghost
|move|p2a: Scrafty|Dragon Dance|p2a: Scrafty
|-boost|p2a: Scrafty|atk|1
|-boost|p2a: Scrafty|spe|1
|move|p1a: Kingambit|Iron Head|p2a: Scrafty
|-damage|p2a: Scrafty|0 fnt
|faint|p2a: Scrafty
|
|-heal|p1a: Kingambit|40/100 par|[from] item: Leftovers
|upkeep
|
|t:|1760366633
|switch|p2a: Golurk|Golurk|100/100
|turn|9
|
|t:|1760366639
|cant|p1a: Kingambit|par
|move|p2a: Golurk|Stealth Rock|p1a: Kingambit
|-sidestart|p1: Zephy23|move: Stealth Rock
|
|-heal|p1a: Kingambit|46/100 par|[from] item: Leftovers
|upkeep
|turn|10
|
|t:|1760366644
|move|p1a: Kingambit|Sucker Punch|p2a: Golurk
|-supereffective|p2a: Golurk
|-crit|p2a: Golurk
|-damage|p2a: Golurk|0 fnt
|faint|p2a: Golurk
|
|-heal|p1a: Kingambit|53/100 par|[from] item: Leftovers
|upkeep
|-message|Garg749494 forfeited.
|
|win|Zephy23
|raw|Zephy23's rating: 1072 &rarr; <strong>1105</strong><br />(+33 for winning)
|raw|Garg749494's rating: 1117 &rarr; <strong>1089</strong><br />(-28 for losing)
|l|☆Garg749494
|player|p2|
|l|☆Zephy23
|player|p1|
