|j|☆potipot
|j|☆Rapidashhhhh
|t:|1760366608
|gametype|singles
|player|p1|potipot|psychic-gen4|1095
|player|p2|Rapidashhhhh|benga|1086
|gen|9
|tier|[Gen 9] OU
|rated|
|rule|HP Percentage Mod: HP is shown in percentages
|rule|Endless Battle Clause: Forcing endless battles is banned
|rule|Species Clause: Limit one of each Pokémon
|rule|OHKO Clause: OHKO moves are banned
|rule|Evasion Items Clause: Evasion items are banned
|rule|Evasion Moves Clause: Evasion moves are banned
|rule|Evasion Abilities Clause: Evasion abilities are banned
|rule|Sleep Moves Clause: Sleep-inducing moves are banned
|clearpoke
|poke|p1|Clodsire, M|
|poke|p1|Primarina, F|
|poke|p1|Mimikyu, M|
|poke|p1|Indeedee-F, F|
|poke|p1|Deoxys-Speed|
|poke|p1|Hawlucha, M|
|poke|p2|Cinccino, F|
|poke|p2|Hitmonlee, M|
|poke|p2|Whimsicott, F|
|poke|p2|Iron Treads|
|poke|p2|Salazzle, F|
|poke|p2|Kommo-o, M|
|teampreview
|inactive|Battle timer is ON: inactive players will automatically lose when time's up. (requested by potipot)
|
|t:|1760366613
|teamsize|p1|6
|teamsize|p2|6
|start
|switch|p1a: Clodsire|Clodsire, M|100/100
|switch|p2a: ^ %{!+|Kommo-o, M, shiny|100/100
|turn|1
|c|☆potipot|hi and gl
|
|t:|1760366630
|move|p2a: ^ %{!+|Clangorous Soul|p2a: ^ %{!+
|-boost|p2a: ^ %{!+|atk|1
|-boost|p2a: ^ %{!+|def|1
|-boost|p2a: ^ %{!+|spa|1
|-boost|p2a: ^ %{!+|spd|1
|-boost|p2a: ^ %{!+|spe|1
|-damage|p2a: ^ %{!+|68/100
|move|p1a: Clodsire|Toxic|p2a: ^ %{!+
|-status|p2a: ^ %{!+|tox
|
|-damage|p2a: ^ %{!+|61/100 tox|[from] psn
|upkeep
|turn|2
|
|t:|1760366643
|move|p2a: ^ %{!+|Clanging Scales|p1a: Clodsire
|-damage|p1a: Clodsire|69/100
|-unboost|p2a: ^ %{!+|def|1
|move|p1a: Clodsire|Stealth Rock|p2a: ^ %{!+
|-sidestart|p2: Rapidashhhhh|move: Stealth Rock
|
|-heal|p1a: Clodsire|75/100|[from] item: Leftovers
|-damage|p2a: ^ %{!+|49/100 tox|[from] psn
|upkeep
|turn|3
|
|t:|1760366655
|move|p2a: ^ %{!+|Clanging Scales|p1a: Clodsire
|-damage|p1a: Clodsire|41/100
|-unboost|p2a: ^ %{!+|def|1
|move|p1a: Clodsire|Spikes|p2a: ^ %{!+
|-sidestart|p2: Rapidashhhhh|Spikes
|
|-heal|p1a: Clodsire|47/100|[from] item: Leftovers
|-damage|p2a: ^ %{!+|30/100 tox|[from] psn
|upkeep
|turn|4
|
|t:|1760366665
|move|p2a: ^ %{!+|Clanging Scales|p1a: Clodsire
|-damage|p1a: Clodsire|12/100
|-unboost|p2a: ^ %{!+|def|1
|move|p1a: Clodsire|Earthquake|p2a: ^ %{!+
|-crit|p2a: ^ %{!+
|-damage|p2a: ^ %{!+|0 fnt
|faint|p2a: ^ %{!+
|
|-heal|p1a: Clodsire|19/100|[from] item: Leftovers
|upkeep
|
|t:|1760366676
|switch|p2a: Ellia|Iron Treads, shiny|100/100
|-damage|p2a: Ellia|97/100|[from] Stealth Rock
|-damage|p2a: Ellia|85/100|[from] Spikes
|-enditem|p2a: Ellia|Booster Energy
|-activate|p2a: Ellia|ability: Quark Drive|[fromitem]
|-start|p2a: Ellia|quarkdrivespe
|turn|5
|
|t:|1760366684
|switch|p1a: Mimikyu|Mimikyu, M|100/100
|move|p2a: Ellia|Rapid Spin|p1a: Mimikyu
|-immune|p1a: Mimikyu
|
|upkeep
|turn|6
|
|t:|1760366691
|move|p2a: Ellia|Earth Power|p1a: Mimikyu
|-activate|p1a: Mimikyu|ability: Disguise
|-damage|p1a: Mimikyu|100/100
|detailschange|p1a: Mimikyu|Mimikyu-Busted, M
|-damage|p1a: Mimikyu|88/100|[from] pokemon: Mimikyu-Busted
|-enditem|p1a: Mimikyu|Red Card|[of] p2a: Ellia
|-end|p2a: Ellia|Quark Drive|[silent]
|drag|p2a: Cotton Boii|Whimsicott, F, shiny|100/100
|-damage|p2a: Cotton Boii|88/100|[from] Stealth Rock
|-damage|p2a: Cotton Boii|76/100|[from] Spikes
|move|p1a: Mimikyu|Swords Dance|p1a: Mimikyu
|-boost|p1a: Mimikyu|atk|2
|
|upkeep
|turn|7
|
|t:|1760366706
|move|p2a: Cotton Boii|Encore|p1a: Mimikyu
|-start|p1a: Mimikyu|Encore
|move|p1a: Mimikyu|Swords Dance|p1a: Mimikyu
|-boost|p1a: Mimikyu|atk|2
|
|upkeep
|turn|8
|
|t:|1760366714
|switch|p1a: Indeedee|Indeedee-F, F|100/100
|-fieldstart|move: Psychic Terrain|[from] ability: Psychic Surge|[of] p1a: Indeedee
|move|p2a: Cotton Boii|Stun Spore|p1a: Indeedee
|-activate|p1a: Indeedee|move: Psychic Terrain
|
|upkeep
|turn|9
|
|t:|1760366729
|switch|p1a: Hawlucha|Hawlucha, M, shiny|100/100
|-enditem|p1a: Hawlucha|Psychic Seed
|-boost|p1a: Hawlucha|spd|1|[from] item: Psychic Seed
|move|p2a: Cotton Boii|Tailwind|p2a: Cotton Boii
|-sidestart|p2: Rapidashhhhh|move: Tailwind
|
|upkeep
|turn|10
|
|t:|1760366740
|move|p2a: Cotton Boii|Stun Spore|p1a: Hawlucha
|-status|p1a: Hawlucha|par
|move|p1a: Hawlucha|Swords Dance|p1a: Hawlucha
|-boost|p1a: Hawlucha|atk|2
|
|upkeep
|turn|11
|inactive|potipot has 120 seconds left.
|inactive|potipot has 90 seconds left.
|
|t:|1760366811
|move|p2a: Cotton Boii|Encore|p1a: Hawlucha
|-start|p1a: Hawlucha|Encore
|move|p1a: Hawlucha|Swords Dance|p1a: Hawlucha
|-boost|p1a: Hawlucha|atk|2
|
|upkeep
|turn|12
|
|t:|1760366824
|switch|p2a: R.A.T.|Cinccino, F, shiny|100/100
|-damage|p2a: R.A.T.|88/100|[from] Stealth Rock
|-damage|p2a: R.A.T.|76/100|[from] Spikes
|move|p1a: Hawlucha|Swords Dance|p1a: Hawlucha
|-boost|p1a: Hawlucha|atk|2
|
|-sideend|p2: Rapidashhhhh|move: Tailwind
|upkeep
|turn|13
|
|t:|1760366842
|move|p2a: R.A.T.|Tidy Up|p2a: R.A.T.
|-sideend|p2: Rapidashhhhh|Spikes
|-sideend|p2: Rapidashhhhh|Stealth Rock
|-activate|p2a: R.A.T.|move: Tidy Up
|-boost|p2a: R.A.T.|atk|1
|-boost|p2a: R.A.T.|spe|1
|cant|p1a: Hawlucha|par
|
|-end|p1a: Hawlucha|Encore
|upkeep
|turn|14
|
|t:|1760366857
|move|p2a: R.A.T.|Encore|p1a: Hawlucha
|-start|p1a: Hawlucha|Encore
|cant|p1a: Hawlucha|par
|
|upkeep
|turn|15
|
|t:|1760366865
|switch|p1a: Clodsire|Clodsire, M|19/100
|move|p2a: R.A.T.|Tidy Up|p2a: R.A.T.
|-boost|p2a: R.A.T.|atk|1
|-boost|p2a: R.A.T.|spe|1
|
|-heal|p1a: Clodsire|25/100|[from] item: Leftovers
|-fieldend|move: Psychic Terrain
|upkeep
|turn|16
|inactive|potipot has 90 seconds left.
|
|t:|1760366874
|move|p2a: R.A.T.|Bullet Seed|p1a: Clodsire
|-damage|p1a: Clodsire|15/100
|-damage|p1a: Clodsire|6/100
|-damage|p1a: Clodsire|0 fnt
|faint|p1a: Clodsire
|-hitcount|p1: Clodsire|3
|
|upkeep
|inactive|potipot has 90 seconds left.
|
|t:|1760366886
|switch|p1a: Mimikyu|Mimikyu-Busted, M|88/100
|turn|17
|
|t:|1760366892
|move|p2a: R.A.T.|Bullet Seed|p1a: Mimikyu
|-damage|p1a: Mimikyu|50/100
|-damage|p1a: Mimikyu|12/100
|-damage|p1a: Mimikyu|0 fnt
|faint|p1a: Mimikyu
|-hitcount|p1: Mimikyu|3
|
|upkeep
|
|t:|1760366899
|switch|p1a: Indeedee|Indeedee-F, F|100/100
|-fieldstart|move: Psychic Terrain|[from] ability: Psychic Surge|[of] p1a: Indeedee
|turn|18
|
|t:|1760366906
|move|p2a: R.A.T.|Tail Slap|p1a: Indeedee
|-damage|p1a: Indeedee|71/100
|-damage|p1a: Indeedee|39/100
|-damage|p1a: Indeedee|8/100
|-damage|p1a: Indeedee|0 fnt
|faint|p1a: Indeedee
|-hitcount|p1: Indeedee|4
|
|upkeep
|
|t:|1760366913
|switch|p1a: Deoxys|Deoxys-Speed|100/100
|-ability|p1a: Deoxys|Pressure
|turn|19
|
|t:|1760366917
|move|p2a: R.A.T.|Tail Slap|p1a: Deoxys
|-damage|p1a: Deoxys|44/100
|-damage|p1a: Deoxys|0 fnt
|faint|p1a: Deoxys
|-hitcount|p1: Deoxys|2
|
|upkeep
|
|t:|1760366922
|switch|p1a: Hawlucha|Hawlucha, M, shiny|100/100 par
|turn|20
|
|t:|1760366926
|move|p2a: R.A.T.|Tail Slap|p1a: Hawlucha
|-damage|p1a: Hawlucha|62/100 par
|-damage|p1a: Hawlucha|22/100 par
|-damage|p1a: Hawlucha|0 fnt
|faint|p1a: Hawlucha
|-hitcount|p1: Hawlucha|3
|
|upkeep
|
|t:|1760366931
|switch|p1a: Primarina|Primarina, F|100/100
|turn|21
|
|t:|1760366935
|move|p2a: R.A.T.|Bullet Seed|p1a: Primarina
|-supereffective|p1a: Primarina
|-damage|p1a: Primarina|36/100
|-supereffective|p1a: Primarina
|-damage|p1a: Primarina|0 fnt
|faint|p1a: Primarina
|-hitcount|p1: Primarina|2
|
|win|Rapidashhhhh
|raw|potipot's rating: 1095 &rarr; <strong>1070</strong><br />(-25 for losing)
|raw|Rapidashhhhh's rating: 1086 &rarr; <strong>1114</strong><br />(+28 for winning)
|c|☆potipot|^wpwp
|l|☆potipot
|player|p1|
|l|☆Rapidashhhhh
|player|p2|
