|j|☆delete tera
|j|☆sappaling
|t:|1760440671
|gametype|singles
|player|p1|delete tera|265|1329
|player|p2|sappaling|unknown|1260
|gen|9
|tier|[Gen 9] OU
|rated|
|rule|HP Percentage Mod: HP is shown in percentages
|rule|Endless Battle Clause: Forcing endless battles is banned
|rule|Species Clause: Limit one of each Pokémon
|rule|OHKO Clause: OHKO moves are banned
|rule|Evasion Items Clause: Evasion items are banned
|rule|Evasion Moves Clause: Evasion moves are banned
|rule|Evasion Abilities Clause: Evasion abilities are banned
|rule|Sleep Moves Clause: Sleep-inducing moves are banned
|clearpoke
|poke|p1|Garchomp, F|
|poke|p1|Zamazenta-*|
|poke|p1|Iron Hands|
|poke|p1|Dragonite, F|
|poke|p1|Iron Valiant|
|poke|p1|Salazzle, F|
|poke|p2|Samurott-Hisui, F|
|poke|p2|Ninetales-Alola, M|
|poke|p2|Zoroark-Hisui, F|
|poke|p2|Kommo-o, F|
|poke|p2|Clodsire, F|
|poke|p2|Skeledirge, M|
|teampreview
|inactive|Battle timer is ON: inactive players will automatically lose when time's up. (requested by sappaling)
|
|t:|1760440689
|teamsize|p1|6
|teamsize|p2|6
|start
|switch|p1a: Zamazenta|Zamazenta|100/100
|switch|p2a: Ninetales|Ninetales-Alola, M|100/100
|-ability|p1a: Zamazenta|Dauntless Shield|boost
|-boost|p1a: Zamazenta|def|1
|-weather|Snowscape|[from] ability: Snow Warning|[of] p2a: Ninetales
|turn|1
|
|t:|1760440699
|move|p2a: Ninetales|Aurora Veil|p2a: Ninetales
|-sidestart|p2: sappaling|move: Aurora Veil
|move|p1a: Zamazenta|Roar|p2a: Ninetales
|drag|p2a: Clodsire|Clodsire, F|100/100
|
|-weather|Snowscape|[upkeep]
|upkeep
|turn|2
|
|t:|1760440704
|switch|p1a: Salazzle|Salazzle, F, shiny|100/100
|move|p2a: Clodsire|Stealth Rock|p1a: Salazzle
|-sidestart|p1: delete tera|move: Stealth Rock
|
|-weather|Snowscape|[upkeep]
|upkeep
|turn|3
|
|t:|1760440708
|move|p1a: Salazzle|Toxic|p2a: Clodsire
|-status|p2a: Clodsire|tox
|move|p2a: Clodsire|Earthquake|p1a: Salazzle
|-supereffective|p1a: Salazzle
|-damage|p1a: Salazzle|0 fnt
|faint|p1a: Salazzle
|
|-weather|Snowscape|[upkeep]
|-damage|p2a: Clodsire|94/100 tox|[from] psn
|upkeep
|
|t:|1760440716
|switch|p1a: Dragonite|Dragonite, F|100/100
|turn|4
|
|t:|1760440720
|move|p1a: Dragonite|Earthquake|p2a: Clodsire
|-supereffective|p2a: Clodsire
|-damage|p2a: Clodsire|49/100 tox
|move|p2a: Clodsire|Gunk Shot|p1a: Dragonite
|-damage|p1a: Dragonite|84/100
|-status|p1a: Dragonite|psn
|
|-weather|Snowscape|[upkeep]
|-heal|p2a: Clodsire|55/100 tox|[from] item: Black Sludge
|-damage|p1a: Dragonite|72/100 psn|[from] psn
|-damage|p2a: Clodsire|43/100 tox|[from] psn
|upkeep
|turn|5
|
|t:|1760440726
|move|p1a: Dragonite|Roost|p1a: Dragonite
|-heal|p1a: Dragonite|100/100 psn
|-singleturn|p1a: Dragonite|move: Roost
|move|p2a: Clodsire|Recover|p2a: Clodsire
|-heal|p2a: Clodsire|93/100 tox
|
|-weather|none
|-heal|p2a: Clodsire|99/100 tox|[from] item: Black Sludge
|-damage|p1a: Dragonite|88/100 psn|[from] psn
|-damage|p2a: Clodsire|81/100 tox|[from] psn
|-sideend|p2: sappaling|move: Aurora Veil
|upkeep
|turn|6
|
|t:|1760440733
|switch|p2a: Ninetales|Ninetales-Alola, M|100/100
|-weather|Snowscape|[from] ability: Snow Warning|[of] p2a: Ninetales
|move|p1a: Dragonite|Earthquake|p2a: Ninetales
|-damage|p2a: Ninetales|59/100
|
|-weather|Snowscape|[upkeep]
|-damage|p1a: Dragonite|76/100 psn|[from] psn
|upkeep
|turn|7
|
|t:|1760440742
|switch|p1a: Iron Valiant|Iron Valiant|100/100
|-damage|p1a: Iron Valiant|94/100|[from] Stealth Rock
|-enditem|p1a: Iron Valiant|Booster Energy
|-activate|p1a: Iron Valiant|ability: Quark Drive|[fromitem]
|-start|p1a: Iron Valiant|quarkdrivespe
|move|p2a: Ninetales|Blizzard|p1a: Iron Valiant
|-crit|p1a: Iron Valiant
|-damage|p1a: Iron Valiant|0 fnt
|faint|p1a: Iron Valiant
|-end|p1a: Iron Valiant|Quark Drive|[silent]
|
|-weather|Snowscape|[upkeep]
|upkeep
|
|t:|1760440745
|switch|p1a: Zamazenta|Zamazenta|100/100
|-damage|p1a: Zamazenta|94/100|[from] Stealth Rock
|turn|8
|
|t:|1760440748
|move|p1a: Zamazenta|Iron Defense|p1a: Zamazenta
|-boost|p1a: Zamazenta|def|2
|move|p2a: Ninetales|Moonblast|p1a: Zamazenta
|-supereffective|p1a: Zamazenta
|-damage|p1a: Zamazenta|37/100
|
|-weather|Snowscape|[upkeep]
|-heal|p1a: Zamazenta|43/100|[from] item: Leftovers
|upkeep
|turn|9
|
|t:|1760440753
|move|p1a: Zamazenta|Body Press|p2a: Ninetales
|-damage|p2a: Ninetales|0 fnt
|faint|p2a: Ninetales
|
|-weather|Snowscape|[upkeep]
|-heal|p1a: Zamazenta|49/100|[from] item: Leftovers
|upkeep
|
|t:|1760440757
|switch|p2a: Samurott|Samurott-Hisui, F|100/100
|turn|10
|
|t:|1760440760
|move|p1a: Zamazenta|Crunch|p2a: Samurott
|-supereffective|p2a: Samurott
|-damage|p2a: Samurott|16/100
|-unboost|p2a: Samurott|def|1
|replace|p2a: Zoroark|Zoroark-Hisui, F
|-end|p2a: Zoroark|Illusion
|move|p2a: Zoroark|Agility|p2a: Zoroark
|-boost|p2a: Zoroark|spe|2
|
|-weather|none
|-heal|p1a: Zamazenta|56/100|[from] item: Leftovers
|upkeep
|turn|11
|
|t:|1760440766
|move|p2a: Zoroark|Shadow Ball|p1a: Zamazenta
|-crit|p1a: Zamazenta
|-damage|p1a: Zamazenta|0 fnt
|faint|p1a: Zamazenta
|-damage|p2a: Zoroark|6/100|[from] item: Life Orb
|
|upkeep
|
|t:|1760440771
|switch|p1a: Dragonite|Dragonite, F|76/100 psn
|turn|12
|
|t:|1760440775
|move|p2a: Zoroark|Hyper Voice|p1a: Dragonite
|-damage|p1a: Dragonite|15/100 psn
|-damage|p2a: Zoroark|0 fnt|[from] item: Life Orb
|faint|p2a: Zoroark
|move|p1a: Dragonite|Earthquake|p2: Zoroark|[notarget]
|-fail|p1a: Dragonite
|
|-damage|p1a: Dragonite|3/100 psn|[from] psn
|upkeep
|
|t:|1760440784
|switch|p2a: Samurott|Samurott-Hisui, F|100/100
|turn|13
|
|t:|1760440787
|move|p1a: Dragonite|Extreme Speed|p2a: Samurott
|-damage|p2a: Samurott|62/100
|move|p2a: Samurott|Aqua Jet|p1a: Dragonite
|-resisted|p1a: Dragonite
|-crit|p1a: Dragonite
|-damage|p1a: Dragonite|0 fnt
|faint|p1a: Dragonite
|
|upkeep
|
|t:|1760440790
|switch|p1a: Iron Hands|Iron Hands|100/100
|-damage|p1a: Iron Hands|94/100|[from] Stealth Rock
|-enditem|p1a: Iron Hands|Booster Energy
|-activate|p1a: Iron Hands|ability: Quark Drive|[fromitem]
|-start|p1a: Iron Hands|quarkdriveatk
|turn|14
|
|t:|1760440796
|switch|p2a: Skeledirge|Skeledirge, M|100/100
|move|p1a: Iron Hands|Drain Punch|p2a: Skeledirge
|-immune|p2a: Skeledirge
|
|upkeep
|turn|15
|
|t:|1760440799
|move|p2a: Skeledirge|Will-O-Wisp|p1a: Iron Hands
|-status|p1a: Iron Hands|brn
|move|p1a: Iron Hands|Thunder Punch|p2a: Skeledirge
|-damage|p2a: Skeledirge|84/100
|
|-damage|p1a: Iron Hands|88/100 brn|[from] brn
|upkeep
|turn|16
|
|t:|1760440806
|-end|p1a: Iron Hands|Quark Drive|[silent]
|switch|p1a: Garchomp|Garchomp, F|100/100
|-damage|p1a: Garchomp|94/100|[from] Stealth Rock
|move|p2a: Skeledirge|Torch Song|p1a: Garchomp
|-resisted|p1a: Garchomp
|-damage|p1a: Garchomp|77/100
|-boost|p2a: Skeledirge|spa|1
|
|upkeep
|turn|17
|
|t:|1760440810
|-terastallize|p1a: Garchomp|Fire
|-terastallize|p2a: Skeledirge|Water
|move|p1a: Garchomp|Earthquake|p2a: Skeledirge
|-damage|p2a: Skeledirge|56/100
|move|p2a: Skeledirge|Will-O-Wisp|p1a: Garchomp
|-immune|p1a: Garchomp
|
|upkeep
|turn|18
|
|t:|1760440816
|move|p1a: Garchomp|Scale Shot|p2a: Skeledirge
|-damage|p2a: Skeledirge|47/100
|-damage|p2a: Skeledirge|39/100
|-damage|p2a: Skeledirge|31/100
|-damage|p2a: Skeledirge|23/100
|-damage|p2a: Skeledirge|15/100
|-hitcount|p2a: Skeledirge|5
|-unboost|p1a: Garchomp|def|1
|-boost|p1a: Garchomp|spe|1
|move|p2a: Skeledirge|Torch Song|p1a: Garchomp
|-resisted|p1a: Garchomp
|-crit|p1a: Garchomp
|-damage|p1a: Garchomp|41/100
|-boost|p2a: Skeledirge|spa|1
|
|upkeep
|turn|19
|
|t:|1760440835
|move|p1a: Garchomp|Earthquake|p2a: Skeledirge
|-damage|p2a: Skeledirge|0 fnt
|faint|p2a: Skeledirge
|
|upkeep
|
|t:|1760440839
|switch|p2a: Clodsire|Clodsire, F|81/100 tox
|turn|20
|
|t:|1760440843
|move|p1a: Garchomp|Earthquake|p2a: Clodsire
|-supereffective|p2a: Clodsire
|-damage|p2a: Clodsire|0 fnt
|faint|p2a: Clodsire
|
|upkeep
|
|t:|1760440852
|switch|p2a: Samurott|Samurott-Hisui, F|62/100
|turn|21
|
|t:|1760440865
|switch|p1a: Iron Hands|Iron Hands|88/100 brn
|-damage|p1a: Iron Hands|82/100 brn|[from] Stealth Rock
|move|p2a: Samurott|Aqua Jet|p1a: Iron Hands
|-damage|p1a: Iron Hands|70/100 brn
|
|-damage|p1a: Iron Hands|64/100 brn|[from] brn
|upkeep
|turn|22
|
|t:|1760440874
|move|p2a: Samurott|Ceaseless Edge|p1a: Iron Hands
|-resisted|p1a: Iron Hands
|-damage|p1a: Iron Hands|51/100 brn
|-sidestart|p1: delete tera|Spikes
|move|p1a: Iron Hands|Swords Dance|p1a: Iron Hands
|-boost|p1a: Iron Hands|atk|2
|
|-damage|p1a: Iron Hands|45/100 brn|[from] brn
|upkeep
|turn|23
|
|t:|1760440884
|move|p2a: Samurott|Aqua Cutter|p1a: Iron Hands
|-damage|p1a: Iron Hands|16/100 brn
|move|p1a: Iron Hands|Swords Dance|p1a: Iron Hands
|-boost|p1a: Iron Hands|atk|2
|
|-damage|p1a: Iron Hands|10/100 brn|[from] brn
|upkeep
|turn|24
|
|t:|1760440889
|move|p2a: Samurott|Aqua Jet|p1a: Iron Hands
|-damage|p1a: Iron Hands|0 fnt
|faint|p1a: Iron Hands
|-end|p1a: Iron Hands|Quark Drive|[silent]
|
|upkeep
|-message|delete tera forfeited.
|
|win|sappaling
|raw|delete tera's rating: 1329 &rarr; <strong>1305</strong><br />(-24 for losing)
|raw|sappaling's rating: 1260 &rarr; <strong>1290</strong><br />(+30 for winning)
|l|☆delete tera
|player|p1|
|l|☆sappaling
|player|p2|
