|j|☆SUKUNA THE KING
|j|☆Blitzburgh
|inactive|Battle timer is ON: inactive players will automatically lose when time's up.
|t:|1760321299
|gametype|singles
|player|p1|SUKUNA THE KING|lance|
|player|p2|Blitzburgh|265|
|gen|9
|tier|[Gen 9] OU
|rated|Tournament battle
|rule|HP Percentage Mod: HP is shown in percentages
|rule|Endless Battle Clause: Forcing endless battles is banned
|rule|Species Clause: Limit one of each Pokémon
|rule|OHKO Clause: OHKO moves are banned
|rule|Evasion Items Clause: Evasion items are banned
|rule|Evasion Moves Clause: Evasion moves are banned
|rule|Evasion Abilities Clause: Evasion abilities are banned
|rule|Sleep Moves Clause: Sleep-inducing moves are banned
|clearpoke
|poke|p1|Lokix, M|
|poke|p1|Pecharunt|
|poke|p1|Zamazenta-*|
|poke|p1|Ting-Lu|
|poke|p1|Latios, M|
|poke|p1|Gliscor, M|
|poke|p2|Gholdengo|
|poke|p2|Zamazenta-*|
|poke|p2|Ting-Lu|
|poke|p2|Clefable, F|
|poke|p2|Dragonite, M|
|poke|p2|Deoxys-Speed|
|teampreview
|j|*Lady Monita ☀
|j| BB-8-NU
|inactive|SUKUNA THE KING also wants the timer to be on.
|inactive|Blitzburgh also wants the timer to be on.
|j| ShadedOnline
|j| blabala
|c| ShadedOnline|goodluck guys
|j|+Etjx
|j| SmilingTamamonomae
|j| Sung Chip Woo
|
|t:|1760321316
|teamsize|p1|6
|teamsize|p2|6
|start
|switch|p1a: Gliscor|Gliscor, M|100/100
|switch|p2a: Up Bowl On Em|Ting-Lu|100/100
|-ability|p2a: Up Bowl On Em|Vessel of Ruin
|turn|1
|j| ralzie
|
|t:|1760321327
|move|p1a: Gliscor|Spikes|p2a: Up Bowl On Em
|-sidestart|p2: Blitzburgh|Spikes
|move|p2a: Up Bowl On Em|Spikes|p1a: Gliscor
|-sidestart|p1: SUKUNA THE KING|Spikes
|
|-status|p1a: Gliscor|tox|[from] item: Toxic Orb
|upkeep
|turn|2
|
|t:|1760321337
|move|p1a: Gliscor|Spikes|p2a: Up Bowl On Em
|-sidestart|p2: Blitzburgh|Spikes
|move|p2a: Up Bowl On Em|Spikes|p1a: Gliscor
|-sidestart|p1: SUKUNA THE KING|Spikes
|
|upkeep
|turn|3
|c| ShadedOnline|u guys really like spikes
|
|t:|1760321343
|move|p1a: Gliscor|Spikes|p2a: Up Bowl On Em
|-sidestart|p2: Blitzburgh|Spikes
|move|p2a: Up Bowl On Em|Spikes|p1a: Gliscor
|-sidestart|p1: SUKUNA THE KING|Spikes
|
|upkeep
|turn|4
|
|t:|1760321347
|switch|p2a: Moonrock 350|Clefable, F|100/100
|move|p1a: Gliscor|Knock Off|p2a: Moonrock 350
|-resisted|p2a: Moonrock 350
|-damage|p2a: Moonrock 350|93/100
|-damage|p1a: Gliscor|84/100 tox|[from] item: Rocky Helmet|[of] p2a: Moonrock 350
|-enditem|p2a: Moonrock 350|Rocky Helmet|[from] move: Knock Off|[of] p1a: Gliscor
|
|-heal|p1a: Gliscor|97/100 tox|[from] ability: Poison Heal
|upkeep
|turn|5
|
|t:|1760321354
|move|p1a: Gliscor|U-turn|p2a: Moonrock 350
|-resisted|p2a: Moonrock 350
|-damage|p2a: Moonrock 350|86/100
|
|t:|1760321359
|switch|p1a: Pecharunt|Pecharunt|100/100|[from] U-turn
|move|p2a: Moonrock 350|Stealth Rock|p1a: Pecharunt
|-sidestart|p1: SUKUNA THE KING|move: Stealth Rock
|
|upkeep
|turn|6
|j| blaoh123
|c|☆Blitzburgh|spikes are fun
|
|t:|1760321369
|switch|p2a: Up Bowl On Em|Ting-Lu|100/100
|-damage|p2a: Up Bowl On Em|76/100|[from] Spikes
|-ability|p2a: Up Bowl On Em|Vessel of Ruin
|move|p1a: Pecharunt|Parting Shot|p2a: Up Bowl On Em
|-unboost|p2a: Up Bowl On Em|atk|1
|-unboost|p2a: Up Bowl On Em|spa|1
|
|t:|1760321375
|switch|p1a: Lokix|Lokix, M|100/100|[from] Parting Shot
|
|-heal|p2a: Up Bowl On Em|82/100|[from] item: Leftovers
|upkeep
|turn|7
|
|t:|1760321379
|switch|p2a: Moonrock 350|Clefable, F|86/100
|move|p1a: Lokix|U-turn|p2a: Moonrock 350
|-resisted|p2a: Moonrock 350
|-damage|p2a: Moonrock 350|58/100
|
|t:|1760321385
|switch|p1a: Pecharunt|Pecharunt|100/100|[from] U-turn
|
|upkeep
|turn|8
|l| blabala
|
|t:|1760321397
|move|p1a: Pecharunt|Malignant Chain|p2a: Moonrock 350
|-supereffective|p2a: Moonrock 350
|-damage|p2a: Moonrock 350|0 fnt
|faint|p2a: Moonrock 350
|
|upkeep
|c| ShadedOnline|okay satan
|
|t:|1760321402
|switch|p2a: Dude Nasty Asf|Deoxys-Speed|100/100
|-ability|p2a: Dude Nasty Asf|Pressure
|turn|9
|
|t:|1760321410
|switch|p1a: Lokix|Lokix, M|100/100
|move|p2a: Dude Nasty Asf|Nasty Plot|p2a: Dude Nasty Asf
|-boost|p2a: Dude Nasty Asf|spa|2
|
|upkeep
|turn|10
|
|t:|1760321415
|switch|p2a: CClifford|Zamazenta|100/100
|-ability|p2a: CClifford|Dauntless Shield|boost
|-boost|p2a: CClifford|def|1
|move|p1a: Lokix|First Impression|p2a: CClifford
|-resisted|p2a: CClifford
|-crit|p2a: CClifford
|-damage|p2a: CClifford|41/100
|
|upkeep
|turn|11
|c| ShadedOnline|i prefer toxic spikes tbh
|
|t:|1760321424
|switch|p1a: Latios|Latios, M|100/100
|-damage|p1a: Latios|88/100|[from] Stealth Rock
|move|p2a: CClifford|Crunch|p1a: Latios
|-supereffective|p1a: Latios
|-damage|p1a: Latios|12/100
|
|upkeep
|turn|12
|
|t:|1760321433
|move|p2a: CClifford|Crunch|p1a: Latios
|-supereffective|p1a: Latios
|-damage|p1a: Latios|0 fnt
|faint|p1a: Latios
|
|upkeep
|
|t:|1760321437
|switch|p1a: Pecharunt|Pecharunt|100/100
|turn|13
|
|t:|1760321440
|move|p2a: CClifford|Crunch|p1a: Pecharunt
|-supereffective|p1a: Pecharunt
|-damage|p1a: Pecharunt|74/100
|move|p1a: Pecharunt|Malignant Chain|p2a: CClifford
|-damage|p2a: CClifford|12/100
|-status|p2a: CClifford|tox
|-start|p2a: CClifford|confusion|[from] ability: Poison Puppeteer|[of] p1a: Pecharunt
|
|-damage|p2a: CClifford|6/100 tox|[from] psn
|upkeep
|turn|14
|
|t:|1760321445
|-activate|p2a: CClifford|confusion
|move|p2a: CClifford|Crunch|p1a: Pecharunt
|-supereffective|p1a: Pecharunt
|-damage|p1a: Pecharunt|48/100
|move|p1a: Pecharunt|Recover|p1a: Pecharunt
|-heal|p1a: Pecharunt|98/100
|
|-damage|p2a: CClifford|0 fnt|[from] psn
|faint|p2a: CClifford
|upkeep
|
|t:|1760321450
|switch|p2a: Dude Nasty Asf|Deoxys-Speed|100/100
|-ability|p2a: Dude Nasty Asf|Pressure
|turn|15
|
|t:|1760321455
|switch|p1a: Lokix|Lokix, M|100/100
|move|p2a: Dude Nasty Asf|Psycho Boost|p1a: Lokix
|-immune|p1a: Lokix
|
|upkeep
|turn|16
|
|t:|1760321464
|switch|p2a: Djengo Unrained|Gholdengo|100/100
|move|p1a: Lokix|First Impression|p2a: Djengo Unrained
|-resisted|p2a: Djengo Unrained
|-damage|p2a: Djengo Unrained|86/100
|
|upkeep
|turn|17
|
|t:|1760321474
|-terastallize|p2a: Djengo Unrained|Fairy
|move|p1a: Lokix|Knock Off|p2a: Djengo Unrained
|-resisted|p2a: Djengo Unrained
|-damage|p2a: Djengo Unrained|52/100
|-enditem|p2a: Djengo Unrained|Heavy-Duty Boots|[from] move: Knock Off|[of] p1a: Lokix
|move|p2a: Djengo Unrained|Make It Rain|p1a: Lokix
|-damage|p1a: Lokix|0 fnt
|-unboost|p2a: Djengo Unrained|spa|1
|faint|p1a: Lokix
|
|upkeep
|
|t:|1760321485
|switch|p1a: Ting-Lu|Ting-Lu|100/100
|-damage|p1a: Ting-Lu|76/100|[from] Spikes
|-damage|p1a: Ting-Lu|69/100|[from] Stealth Rock
|-ability|p1a: Ting-Lu|Vessel of Ruin
|turn|18
|
|t:|1760321490
|switch|p2a: Up Bowl On Em|Ting-Lu|82/100
|-damage|p2a: Up Bowl On Em|57/100|[from] Spikes
|-ability|p2a: Up Bowl On Em|Vessel of Ruin
|move|p1a: Ting-Lu|Whirlwind|p2a: Up Bowl On Em
|drag|p2a: Djengo Unrained|Gholdengo, tera:Fairy|52/100
|-damage|p2a: Djengo Unrained|27/100|[from] Spikes
|
|-heal|p1a: Ting-Lu|76/100|[from] item: Leftovers
|upkeep
|turn|19
|
|t:|1760321495
|move|p2a: Djengo Unrained|Make It Rain|p1a: Ting-Lu
|-damage|p1a: Ting-Lu|52/100
|-unboost|p2a: Djengo Unrained|spa|1
|move|p1a: Ting-Lu|Earthquake|p2a: Djengo Unrained
|-damage|p2a: Djengo Unrained|0 fnt
|faint|p2a: Djengo Unrained
|
|-heal|p1a: Ting-Lu|58/100|[from] item: Leftovers
|upkeep
|
|t:|1760321499
|switch|p2a: Up Bowl On Em|Ting-Lu|57/100
|-damage|p2a: Up Bowl On Em|32/100|[from] Spikes
|-ability|p2a: Up Bowl On Em|Vessel of Ruin
|turn|20
|
|t:|1760321504
|move|p2a: Up Bowl On Em|Ruination|p1a: Ting-Lu
|-damage|p1a: Ting-Lu|29/100
|move|p1a: Ting-Lu|Whirlwind|p2a: Up Bowl On Em
|drag|p2a: Dude Nasty Asf|Deoxys-Speed|100/100
|-ability|p2a: Dude Nasty Asf|Pressure
|
|-heal|p1a: Ting-Lu|36/100|[from] item: Leftovers
|upkeep
|turn|21
|
|t:|1760321513
|move|p2a: Dude Nasty Asf|Ice Beam|p1a: Ting-Lu
|-supereffective|p1a: Ting-Lu
|-damage|p1a: Ting-Lu|12/100
|move|p1a: Ting-Lu|Ruination|p2a: Dude Nasty Asf
|-damage|p2a: Dude Nasty Asf|51/100
|
|-heal|p1a: Ting-Lu|18/100|[from] item: Leftovers
|upkeep
|turn|22
|
|t:|1760321520
|move|p2a: Dude Nasty Asf|Ice Beam|p1a: Ting-Lu
|-supereffective|p1a: Ting-Lu
|-damage|p1a: Ting-Lu|0 fnt
|faint|p1a: Ting-Lu
|
|upkeep
|
|t:|1760321529
|switch|p1a: Pecharunt|Pecharunt|98/100
|turn|23
|j| FuecocoFan6789
|
|t:|1760321533
|switch|p2a: Up Bowl On Em|Ting-Lu|32/100
|-damage|p2a: Up Bowl On Em|7/100|[from] Spikes
|-ability|p2a: Up Bowl On Em|Vessel of Ruin
|-terastallize|p1a: Pecharunt|Dark
|move|p1a: Pecharunt|Foul Play|p2a: Up Bowl On Em
|-resisted|p2a: Up Bowl On Em
|-damage|p2a: Up Bowl On Em|0 fnt
|faint|p2a: Up Bowl On Em
|
|upkeep
|
|t:|1760321540
|switch|p2a: Secret Service|Dragonite, M|100/100
|turn|24
|
|t:|1760321549
|move|p1a: Pecharunt|Malignant Chain|p2a: Secret Service
|-damage|p2a: Secret Service|86/100
|move|p2a: Secret Service|Dragon Tail|p1a: Pecharunt
|-damage|p1a: Pecharunt|82/100
|drag|p1a: Gliscor|Gliscor, M|97/100 tox
|-damage|p1a: Gliscor|84/100 tox|[from] Stealth Rock
|
|-heal|p1a: Gliscor|97/100 tox|[from] ability: Poison Heal
|upkeep
|turn|25
|
|t:|1760321558
|move|p1a: Gliscor|U-turn|p2a: Secret Service
|-resisted|p2a: Secret Service
|-damage|p2a: Secret Service|79/100
|
|t:|1760321562
|switch|p1a: Zamazenta|Zamazenta|100/100|[from] U-turn
|-ability|p1a: Zamazenta|Dauntless Shield|boost
|-boost|p1a: Zamazenta|def|1
|move|p2a: Secret Service|Dragon Tail|p1a: Zamazenta
|-damage|p1a: Zamazenta|79/100
|drag|p1a: Gliscor|Gliscor, M|97/100 tox
|-damage|p1a: Gliscor|84/100 tox|[from] Stealth Rock
|
|-heal|p1a: Gliscor|97/100 tox|[from] ability: Poison Heal
|upkeep
|turn|26
|
|t:|1760321569
|move|p1a: Gliscor|Knock Off|p2a: Secret Service
|-damage|p2a: Secret Service|59/100
|-enditem|p2a: Secret Service|Heavy-Duty Boots|[from] move: Knock Off|[of] p1a: Gliscor
|move|p2a: Secret Service|Dragon Tail|p1a: Gliscor
|-damage|p1a: Gliscor|71/100 tox
|drag|p1a: Pecharunt|Pecharunt, tera:Dark|82/100
|
|upkeep
|turn|27
|
|t:|1760321575
|move|p1a: Pecharunt|Malignant Chain|p2a: Secret Service
|-damage|p2a: Secret Service|32/100
|-status|p2a: Secret Service|tox
|-start|p2a: Secret Service|confusion|[from] ability: Poison Puppeteer|[of] p1a: Pecharunt
|-activate|p2a: Secret Service|confusion
|move|p2a: Secret Service|Dragon Tail|p1a: Pecharunt
|-damage|p1a: Pecharunt|65/100
|drag|p1a: Zamazenta|Zamazenta|79/100
|
|-damage|p2a: Secret Service|26/100 tox|[from] psn
|upkeep
|turn|28
|j| 00cheese
|l| 00cheese
|
|t:|1760321584
|-activate|p2a: Secret Service|confusion
|move|p2a: Secret Service|Extreme Speed|p1a: Zamazenta
|-damage|p1a: Zamazenta|49/100
|move|p1a: Zamazenta|Crunch|p2a: Secret Service
|-damage|p2a: Secret Service|0 fnt
|faint|p2a: Secret Service
|
|upkeep
|
|t:|1760321587
|switch|p2a: Dude Nasty Asf|Deoxys-Speed|51/100
|-ability|p2a: Dude Nasty Asf|Pressure
|turn|29
|
|t:|1760321589
|move|p2a: Dude Nasty Asf|Ice Beam|p1a: Zamazenta
|-damage|p1a: Zamazenta|23/100
|move|p1a: Zamazenta|Crunch|p2a: Dude Nasty Asf
|-supereffective|p2a: Dude Nasty Asf
|-damage|p2a: Dude Nasty Asf|0 fnt
|faint|p2a: Dude Nasty Asf
|
|win|SUKUNA THE KING
|n|☆SUKUNA THE KING|sukunatheking
|n|☆Blitzburgh|blitzburgh
|n|*Lady Monita ☀|ladymonita
|n| BB-8-NU|bb8nu
|n| ShadedOnline|shadedonline
|n| Etjx|etjx
|n| SmilingTamamonomae|smilingtamamonomae
|n| Sung Chip Woo|sungchipwoo
|n| ralzie|ralzie
|n| blaoh123|blaoh123
|n| FuecocoFan6789|fuecocofan6789
|l|*Lady Monita ☀
