|j|☆LucyLikePizza
|j|☆wattdog21
|t:|1760449086
|gametype|singles
|player|p1|LucyLikePizza|karen|1575
|player|p2|wattdog21|volkner|1591
|gen|9
|tier|[Gen 9] OU
|rated|
|rule|HP Percentage Mod: HP is shown in percentages
|rule|Endless Battle Clause: Forcing endless battles is banned
|rule|Species Clause: Limit one of each Pokémon
|rule|OHKO Clause: OHKO moves are banned
|rule|Evasion Items Clause: Evasion items are banned
|rule|Evasion Moves Clause: Evasion moves are banned
|rule|Evasion Abilities Clause: Evasion abilities are banned
|rule|Sleep Moves Clause: Sleep-inducing moves are banned
|clearpoke
|poke|p1|Iron Jugulis|
|poke|p1|Kingambit, M|
|poke|p1|Dragapult, F|
|poke|p1|Great Tusk|
|poke|p1|Iron Crown|
|poke|p1|Tornadus-Therian, M|
|poke|p2|Tyranitar, M|
|poke|p2|Corviknight, M|
|poke|p2|Clodsire, F|
|poke|p2|Gliscor, M|
|poke|p2|Scizor, M|
|poke|p2|Heatran, M|
|teampreview
|inactive|Battle timer is ON: inactive players will automatically lose when time's up. (requested by wattdog21)
|
|t:|1760449097
|teamsize|p1|6
|teamsize|p2|6
|start
|switch|p1a: Iron Jugulis|Iron Jugulis|100/100
|switch|p2a: Scizor|Scizor, M|100/100
|-enditem|p1a: Iron Jugulis|Booster Energy
|-activate|p1a: Iron Jugulis|ability: Quark Drive|[fromitem]
|-start|p1a: Iron Jugulis|quarkdrivespa
|turn|1
|
|t:|1760449105
|move|p1a: Iron Jugulis|Flamethrower|p2a: Scizor
|-supereffective|p2a: Scizor
|-damage|p2a: Scizor|0 fnt
|faint|p2a: Scizor
|
|upkeep
|
|t:|1760449112
|switch|p2a: Tyranitar|Tyranitar, M|100/100
|-weather|Sandstorm|[from] ability: Sand Stream|[of] p2a: Tyranitar
|turn|2
|
|t:|1760449121
|-end|p1a: Iron Jugulis|Quark Drive|[silent]
|switch|p1a: Great Tusk|Great Tusk|100/100
|move|p2a: Tyranitar|Stone Edge|p1a: Great Tusk
|-resisted|p1a: Great Tusk
|-damage|p1a: Great Tusk|91/100
|
|-weather|Sandstorm|[upkeep]
|upkeep
|turn|3
|
|t:|1760449134
|switch|p2a: Corviknight|Corviknight, M|100/100
|move|p1a: Great Tusk|Stealth Rock|p2a: Corviknight
|-sidestart|p2: wattdog21|move: Stealth Rock
|
|-weather|Sandstorm|[upkeep]
|upkeep
|turn|4
|
|t:|1760449144
|-end|p1a: Great Tusk|Protosynthesis|[silent]
|switch|p1a: Iron Jugulis|Iron Jugulis|100/100
|move|p2a: Corviknight|Defog|p1a: Iron Jugulis
|-unboost|p1a: Iron Jugulis|evasion|1
|-sideend|p2: wattdog21|Stealth Rock|[from] move: Defog|[of] p2a: Corviknight
|
|-weather|Sandstorm|[upkeep]
|-damage|p1a: Iron Jugulis|94/100|[from] Sandstorm
|upkeep
|turn|5
|
|t:|1760449158
|switch|p2a: Clodsire|Clodsire, F|100/100
|move|p1a: Iron Jugulis|Flamethrower|p2a: Clodsire
|-damage|p2a: Clodsire|82/100
|
|-weather|Sandstorm|[upkeep]
|-damage|p1a: Iron Jugulis|88/100|[from] Sandstorm
|-heal|p2a: Clodsire|88/100|[from] item: Black Sludge
|upkeep
|turn|6
|
|t:|1760449169
|-end|p1a: Iron Jugulis|Quark Drive|[silent]
|switch|p1a: Iron Crown|Iron Crown|100/100
|move|p2a: Clodsire|Stealth Rock|p1a: Iron Crown
|-sidestart|p1: LucyLikePizza|move: Stealth Rock
|
|-weather|none
|-heal|p2a: Clodsire|94/100|[from] item: Black Sludge
|upkeep
|turn|7
|
|t:|1760449184
|switch|p2a: Tyranitar|Tyranitar, M|100/100
|-weather|Sandstorm|[from] ability: Sand Stream|[of] p2a: Tyranitar
|move|p1a: Iron Crown|Future Sight|p2a: Tyranitar
|-start|p1a: Iron Crown|move: Future Sight
|
|-weather|Sandstorm|[upkeep]
|upkeep
|turn|8
|
|t:|1760449193
|move|p1a: Iron Crown|Tachyon Cutter|p2a: Tyranitar
|-supereffective|p2a: Tyranitar
|-damage|p2a: Tyranitar|84/100
|-supereffective|p2a: Tyranitar
|-damage|p2a: Tyranitar|65/100
|-hitcount|p2a: Tyranitar|2
|move|p2a: Tyranitar|Knock Off|p1a: Iron Crown
|-supereffective|p1a: Iron Crown
|-damage|p1a: Iron Crown|7/100
|-enditem|p1a: Iron Crown|Assault Vest|[from] move: Knock Off|[of] p2a: Tyranitar
|
|-weather|Sandstorm|[upkeep]
|upkeep
|turn|9
|
|t:|1760449204
|move|p1a: Iron Crown|Tachyon Cutter|p2a: Tyranitar
|-supereffective|p2a: Tyranitar
|-damage|p2a: Tyranitar|46/100
|-supereffective|p2a: Tyranitar
|-damage|p2a: Tyranitar|26/100
|-hitcount|p2a: Tyranitar|2
|move|p2a: Tyranitar|Knock Off|p1a: Iron Crown
|-supereffective|p1a: Iron Crown
|-damage|p1a: Iron Crown|0 fnt
|faint|p1a: Iron Crown
|-end|p1a: Iron Crown|Quark Drive|[silent]
|
|-weather|Sandstorm|[upkeep]
|-end|p2a: Tyranitar|move: Future Sight
|-immune|p2a: Tyranitar
|upkeep
|
|t:|1760449209
|switch|p1a: Great Tusk|Great Tusk|91/100
|turn|10
|
|t:|1760449224
|switch|p2a: Corviknight|Corviknight, M|100/100
|move|p1a: Great Tusk|Headlong Rush|p2a: Corviknight
|-immune|p2a: Corviknight
|
|-weather|Sandstorm|[upkeep]
|upkeep
|turn|11
|
|t:|1760449232
|move|p1a: Great Tusk|Stealth Rock|p2a: Corviknight
|-sidestart|p2: wattdog21|move: Stealth Rock
|move|p2a: Corviknight|Body Press|p1a: Great Tusk
|-damage|p1a: Great Tusk|71/100
|
|-weather|none
|upkeep
|turn|12
|
|t:|1760449240
|-end|p1a: Great Tusk|Protosynthesis|[silent]
|switch|p1a: Tornadus|Tornadus-Therian, M|100/100
|move|p2a: Corviknight|Defog|p1a: Tornadus
|-unboost|p1a: Tornadus|evasion|1
|-sideend|p1: LucyLikePizza|Stealth Rock|[from] move: Defog|[of] p2a: Corviknight
|-sideend|p2: wattdog21|Stealth Rock|[from] move: Defog|[of] p2a: Corviknight
|
|upkeep
|turn|13
|
|t:|1760449248
|switch|p2a: Clodsire|Clodsire, F|94/100
|move|p1a: Tornadus|Knock Off|p2a: Clodsire
|-damage|p2a: Clodsire|69/100
|-enditem|p2a: Clodsire|Black Sludge|[from] move: Knock Off|[of] p1a: Tornadus
|
|upkeep
|turn|14
|
|t:|1760449263
|switch|p1a: Great Tusk|Great Tusk|71/100
|move|p2a: Clodsire|Toxic|p1a: Great Tusk
|-status|p1a: Great Tusk|tox
|
|-damage|p1a: Great Tusk|65/100 tox|[from] psn
|upkeep
|turn|15
|
|t:|1760449274
|-end|p1a: Great Tusk|Protosynthesis|[silent]
|switch|p1a: Iron Jugulis|Iron Jugulis|88/100
|switch|p2a: Corviknight|Corviknight, M|100/100
|
|upkeep
|turn|16
|
|t:|1760449281
|switch|p2a: Heatran|Heatran, M|100/100
|-item|p2a: Heatran|Air Balloon
|move|p1a: Iron Jugulis|Flamethrower|p2a: Heatran
|-start|p2a: Heatran|ability: Flash Fire
|
|upkeep
|turn|17
|
|t:|1760449289
|move|p1a: Iron Jugulis|Dark Pulse|p2a: Heatran
|-damage|p2a: Heatran|61/100
|-enditem|p2a: Heatran|Air Balloon
|move|p2a: Heatran|Flamethrower|p1a: Iron Jugulis
|-damage|p1a: Iron Jugulis|0 fnt
|faint|p1a: Iron Jugulis
|-end|p1a: Iron Jugulis|Quark Drive|[silent]
|
|upkeep
|
|t:|1760449300
|switch|p1a: Great Tusk|Great Tusk|65/100 tox
|turn|18
|
|t:|1760449305
|-end|p2a: Heatran|ability: Flash Fire|[silent]
|switch|p2a: Corviknight|Corviknight, M|100/100
|move|p1a: Great Tusk|Stealth Rock|p2a: Corviknight
|-sidestart|p2: wattdog21|move: Stealth Rock
|
|-damage|p1a: Great Tusk|59/100 tox|[from] psn
|upkeep
|turn|19
|
|t:|1760449315
|-end|p1a: Great Tusk|Protosynthesis|[silent]
|switch|p1a: Tornadus|Tornadus-Therian, M|100/100
|move|p2a: Corviknight|Defog|p1a: Tornadus
|-unboost|p1a: Tornadus|evasion|1
|-sideend|p2: wattdog21|Stealth Rock|[from] move: Defog|[of] p2a: Corviknight
|
|upkeep
|turn|20
|inactive|LucyLikePizza has 120 seconds left.
|l|☆wattdog21
|inactive|wattdog21 disconnected and has a minute to reconnect!
|player|p2|
|inactive|LucyLikePizza has 90 seconds left.
|j|☆wattdog21
|inactive|wattdog21 reconnected.
|player|p2|wattdog21|volkner|
|
|t:|1760449384
|switch|p2a: Tyranitar|Tyranitar, M|26/100
|-weather|Sandstorm|[from] ability: Sand Stream|[of] p2a: Tyranitar
|move|p1a: Tornadus|Heat Wave|p2a: Tyranitar
|-resisted|p2a: Tyranitar
|-damage|p2a: Tyranitar|23/100
|
|-weather|Sandstorm|[upkeep]
|-damage|p1a: Tornadus|94/100|[from] Sandstorm
|upkeep
|turn|21
|inactive|LucyLikePizza has 90 seconds left.
|inactive|LucyLikePizza has 60 seconds left.
|
|t:|1760449424
|move|p1a: Tornadus|U-turn|p2a: Tyranitar
|-supereffective|p2a: Tyranitar
|-damage|p2a: Tyranitar|0 fnt
|faint|p2a: Tyranitar
|
|t:|1760449427
|switch|p1a: Dragapult|Dragapult, F|100/100|[from] U-turn
|
|-weather|Sandstorm|[upkeep]
|-damage|p1a: Dragapult|95/100|[from] Sandstorm
|upkeep
|
|t:|1760449438
|switch|p2a: Clodsire|Clodsire, F|69/100
|turn|22
|
|t:|1760449443
|-terastallize|p1a: Dragapult|Ghost
|move|p1a: Dragapult|Tera Blast|p2a: Clodsire|[anim] Tera Blast Ghost
|-damage|p2a: Clodsire|0 fnt
|faint|p2a: Clodsire
|
|-weather|Sandstorm|[upkeep]
|-damage|p1a: Dragapult|89/100|[from] Sandstorm
|upkeep
|
|t:|1760449454
|switch|p2a: Heatran|Heatran, M|61/100
|turn|23
|
|t:|1760449463
|switch|p1a: Tornadus|Tornadus-Therian, M|100/100
|move|p2a: Heatran|Flamethrower|p1a: Tornadus
|-damage|p1a: Tornadus|50/100
|
|-weather|Sandstorm|[upkeep]
|-damage|p1a: Tornadus|44/100|[from] Sandstorm
|upkeep
|turn|24
|
|t:|1760449476
|move|p1a: Tornadus|Knock Off|p2a: Heatran
|-damage|p2a: Heatran|49/100
|move|p2a: Heatran|Flamethrower|p1a: Tornadus
|-damage|p1a: Tornadus|0 fnt
|faint|p1a: Tornadus
|
|-weather|none
|upkeep
|
|t:|1760449483
|switch|p1a: Great Tusk|Great Tusk|59/100 tox
|turn|25
|
|t:|1760449487
|switch|p2a: Corviknight|Corviknight, M|100/100
|move|p1a: Great Tusk|Stealth Rock|p2a: Corviknight
|-sidestart|p2: wattdog21|move: Stealth Rock
|
|-damage|p1a: Great Tusk|53/100 tox|[from] psn
|upkeep
|turn|26
|
|t:|1760449496
|-end|p1a: Great Tusk|Protosynthesis|[silent]
|switch|p1a: Dragapult|Dragapult, F, tera:Ghost|89/100
|move|p2a: Corviknight|Defog|p1a: Dragapult
|-fail|p1a: Dragapult|unboost|[from] ability: Clear Body|[of] p1a: Dragapult
|-sideend|p2: wattdog21|Stealth Rock|[from] move: Defog|[of] p2a: Corviknight
|
|upkeep
|turn|27
|
|t:|1760449508
|switch|p2a: Gliscor|Gliscor, M|100/100
|move|p1a: Dragapult|Tera Blast|p2a: Gliscor|[anim] Tera Blast Ghost
|-damage|p2a: Gliscor|27/100
|
|-status|p2a: Gliscor|tox|[from] item: Toxic Orb
|upkeep
|turn|28
|inactive|LucyLikePizza has 120 seconds left.
|
|t:|1760449518
|move|p1a: Dragapult|Tera Blast|p2a: Gliscor|[anim] Tera Blast Ghost
|-crit|p2a: Gliscor
|-damage|p2a: Gliscor|0 fnt
|faint|p2a: Gliscor
|
|upkeep
|
|t:|1760449524
|switch|p2a: Heatran|Heatran, M|49/100
|turn|29
|
|t:|1760449539
|move|p1a: Dragapult|Tera Blast|p2a: Heatran|[anim] Tera Blast Ghost
|-damage|p2a: Heatran|0 fnt
|faint|p2a: Heatran
|
|upkeep
|-message|wattdog21 forfeited.
|
|win|LucyLikePizza
|raw|LucyLikePizza's rating: 1575 &rarr; <strong>1596</strong><br />(+21 for winning)
|raw|wattdog21's rating: 1591 &rarr; <strong>1570</strong><br />(-21 for losing)
|l|☆wattdog21
|player|p2|
