|j|☆xw haha
|j|‽XIXINANA
|t:|1760348353
|gametype|singles
|player|p1|xw haha|volkner|1370
|player|p2|XIXINANA|nate|1329
|gen|9
|tier|[Gen 9] OU
|rated|
|rule|HP Percentage Mod: HP is shown in percentages
|rule|Endless Battle Clause: Forcing endless battles is banned
|rule|Species Clause: Limit one of each Pokémon
|rule|OHKO Clause: OHKO moves are banned
|rule|Evasion Items Clause: Evasion items are banned
|rule|Evasion Moves Clause: Evasion moves are banned
|rule|Evasion Abilities Clause: Evasion abilities are banned
|rule|Sleep Moves Clause: Sleep-inducing moves are banned
|clearpoke
|poke|p1|Weezing-Galar, M|
|poke|p1|Garganacl, M|
|poke|p1|Gholdengo|
|poke|p1|Raging Bolt|
|poke|p1|Great Tusk|
|poke|p1|Iron Valiant|
|poke|p2|Lycanroc-Midnight, M|
|poke|p2|Zoroark-Hisui, F|
|poke|p2|Volcanion|
|poke|p2|Cobalion|
|poke|p2|Iron Hands|
|poke|p2|Regidrago|
|teampreview
|inactive|Battle timer is ON: inactive players will automatically lose when time's up. (requested by xw haha)
|
|t:|1760348376
|teamsize|p1|6
|teamsize|p2|6
|start
|switch|p1a: Raging Bolt|Raging Bolt|100/100
|switch|p2a: Volcanion|Volcanion|100/100
|turn|1
|
|t:|1760348384
|switch|p2a: Iron Hands|Iron Hands|100/100
|move|p1a: Raging Bolt|Volt Switch|p2a: Iron Hands
|-resisted|p2a: Iron Hands
|-damage|p2a: Iron Hands|89/100
|
|t:|1760348392
|-end|p1a: Raging Bolt|Protosynthesis|[silent]
|switch|p1a: Great Tusk|Great Tusk|100/100|[from] Volt Switch
|
|upkeep
|turn|2
|
|t:|1760348399
|-end|p2a: Iron Hands|Quark Drive|[silent]
|switch|p2a: Cobalion|Cobalion|100/100
|move|p1a: Great Tusk|Headlong Rush|p2a: Cobalion
|-supereffective|p2a: Cobalion
|-damage|p2a: Cobalion|0 fnt
|-unboost|p1a: Great Tusk|def|1
|-unboost|p1a: Great Tusk|spd|1
|faint|p2a: Cobalion
|
|upkeep
|
|t:|1760348410
|switch|p2a: Iron Hands|Iron Hands|100/100
|turn|3
|
|t:|1760348420
|-end|p1a: Great Tusk|Protosynthesis|[silent]
|switch|p1a: Garganacl|Garganacl, M|100/100
|move|p2a: Iron Hands|Focus Blast|p1a: Garganacl
|-supereffective|p1a: Garganacl
|-damage|p1a: Garganacl|26/100
|
|-heal|p1a: Garganacl|32/100|[from] item: Leftovers
|upkeep
|turn|4
|
|t:|1760348429
|move|p1a: Garganacl|Protect|p1a: Garganacl
|-singleturn|p1a: Garganacl|Protect
|move|p2a: Iron Hands|Focus Blast|p1a: Garganacl
|-activate|p1a: Garganacl|move: Protect
|
|-heal|p1a: Garganacl|38/100|[from] item: Leftovers
|upkeep
|turn|5
|
|t:|1760348438
|switch|p1a: Weezing|Weezing-Galar, M|100/100
|move|p2a: Iron Hands|Focus Blast|p1a: Weezing
|-resisted|p1a: Weezing
|-damage|p1a: Weezing|80/100
|
|-heal|p1a: Weezing|86/100|[from] item: Black Sludge
|upkeep
|turn|6
|
|t:|1760348448
|switch|p2a: Volcanion|Volcanion|100/100
|move|p1a: Weezing|Sludge Bomb|p2a: Volcanion
|-damage|p2a: Volcanion|78/100
|
|-heal|p1a: Weezing|92/100|[from] item: Black Sludge
|upkeep
|turn|7
|
|t:|1760348461
|switch|p1a: Raging Bolt|Raging Bolt|100/100
|move|p2a: Volcanion|Steam Eruption|p1a: Raging Bolt|[miss]
|-miss|p2a: Volcanion|p1a: Raging Bolt
|
|upkeep
|turn|8
|
|t:|1760348477
|switch|p2a: Regidrago|Regidrago|100/100
|move|p1a: Raging Bolt|Draco Meteor|p2a: Regidrago
|-supereffective|p2a: Regidrago
|-damage|p2a: Regidrago|0 fnt
|-unboost|p1a: Raging Bolt|spa|2
|faint|p2a: Regidrago
|
|upkeep
|
|t:|1760348484
|switch|p2a: Lycanroc|Lycanroc-Midnight, M|100/100
|turn|9
|
|t:|1760348493
|-end|p1a: Raging Bolt|Protosynthesis|[silent]
|switch|p1a: Great Tusk|Great Tusk|100/100
|move|p2a: Lycanroc|Psychic Fangs|p1a: Great Tusk
|-supereffective|p1a: Great Tusk
|-damage|p1a: Great Tusk|53/100
|-damage|p2a: Lycanroc|84/100|[from] item: Rocky Helmet|[of] p1a: Great Tusk
|-damage|p2a: Lycanroc|74/100|[from] item: Life Orb
|
|upkeep
|turn|10
|-message|XIXINANA forfeited.
|
|win|xw haha
|raw|xw haha's rating: 1370 &rarr; <strong>1388</strong><br />(+18 for winning)
|raw|XIXINANA's rating: 1329 &rarr; <strong>1311</strong><br />(-18 for losing)
|l|‽XIXINANA
|player|p2|
|l|☆xw haha
|player|p1|
