|j|☆dingo2001
|j|☆m3t30rch4mpi0n1in
|t:|1760330102
|gametype|singles
|player|p1|dingo2001|102|1315
|player|p2|m3t30rch4mpi0n1in|zinzolin|1275
|gen|9
|tier|[Gen 9] OU
|rated|
|rule|HP Percentage Mod: HP is shown in percentages
|rule|Endless Battle Clause: Forcing endless battles is banned
|rule|Species Clause: Limit one of each Pokémon
|rule|OHKO Clause: OHKO moves are banned
|rule|Evasion Items Clause: Evasion items are banned
|rule|Evasion Moves Clause: Evasion moves are banned
|rule|Evasion Abilities Clause: Evasion abilities are banned
|rule|Sleep Moves Clause: Sleep-inducing moves are banned
|clearpoke
|poke|p1|Gliscor, F|
|poke|p1|Kingambit, F|
|poke|p1|Iron Valiant|
|poke|p1|Dondozo, F|
|poke|p1|Hydrapple, M|
|poke|p1|Talonflame, F|
|poke|p2|Dondozo, M|
|poke|p2|Blissey, F|
|poke|p2|Corviknight, M|
|poke|p2|Weezing-Galar, M|
|poke|p2|Gliscor, F|
|poke|p2|Toxapex, F|
|teampreview
|inactive|Battle timer is ON: inactive players will automatically lose when time's up. (requested by m3t30rch4mpi0n1in)
|
|t:|1760330118
|teamsize|p1|6
|teamsize|p2|6
|start
|switch|p1a: Hydrapple|Hydrapple, M|100/100
|switch|p2a: Gliscor|Gliscor, F|100/100
|turn|1
|
|t:|1760330133
|move|p2a: Gliscor|Stealth Rock|p1a: Hydrapple
|-sidestart|p1: dingo2001|move: Stealth Rock
|move|p1a: Hydrapple|Giga Drain|p2a: Gliscor
|-damage|p2a: Gliscor|69/100
|
|-status|p2a: Gliscor|tox|[from] item: Toxic Orb
|upkeep
|turn|2
|
|t:|1760330151
|move|p2a: Gliscor|Spikes|p1a: Hydrapple
|-sidestart|p1: dingo2001|Spikes
|move|p1a: Hydrapple|Giga Drain|p2a: Gliscor
|-damage|p2a: Gliscor|34/100 tox
|
|-heal|p2a: Gliscor|47/100 tox|[from] ability: Poison Heal
|upkeep
|turn|3
|
|t:|1760330159
|move|p2a: Gliscor|Protect|p2a: Gliscor
|-singleturn|p2a: Gliscor|Protect
|move|p1a: Hydrapple|Giga Drain|p2a: Gliscor
|-activate|p2a: Gliscor|move: Protect
|
|-heal|p2a: Gliscor|59/100 tox|[from] ability: Poison Heal
|upkeep
|turn|4
|
|t:|1760330169
|move|p2a: Gliscor|Spikes|p1a: Hydrapple
|-sidestart|p1: dingo2001|Spikes
|move|p1a: Hydrapple|Leaf Storm|p2a: Gliscor
|-damage|p2a: Gliscor|1/100 tox
|-unboost|p1a: Hydrapple|spa|2
|-enditem|p1a: Hydrapple|Eject Pack
|
|t:|1760330180
|switch|p1a: Iron Valiant|Iron Valiant|100/100
|-damage|p1a: Iron Valiant|94/100|[from] Stealth Rock
|-damage|p1a: Iron Valiant|78/100|[from] Spikes
|
|-heal|p2a: Gliscor|14/100 tox|[from] ability: Poison Heal
|upkeep
|turn|5
|
|t:|1760330193
|move|p2a: Gliscor|Protect|p2a: Gliscor
|-singleturn|p2a: Gliscor|Protect
|move|p1a: Iron Valiant|Psychic|p2a: Gliscor
|-activate|p2a: Gliscor|move: Protect
|
|-heal|p2a: Gliscor|26/100 tox|[from] ability: Poison Heal
|upkeep
|turn|6
|
|t:|1760330202
|switch|p2a: Blissey|Blissey, F|100/100
|move|p1a: Iron Valiant|Psychic|p2a: Blissey
|-damage|p2a: Blissey|91/100
|
|-heal|p2a: Blissey|97/100|[from] item: Leftovers
|upkeep
|turn|7
|
|t:|1760330224
|-end|p1a: Iron Valiant|Quark Drive|[silent]
|switch|p1a: Talonflame|Talonflame, F|100/100
|move|p2a: Blissey|Seismic Toss|p1a: Talonflame
|-damage|p1a: Talonflame|67/100
|
|-heal|p2a: Blissey|100/100|[from] item: Leftovers
|upkeep
|turn|8
|
|t:|1760330239
|switch|p2a: Toxapex|Toxapex, F|100/100
|move|p1a: Talonflame|Defog|p2a: Toxapex
|-unboost|p2a: Toxapex|evasion|1
|-sideend|p1: dingo2001|Spikes|[from] move: Defog|[of] p1a: Talonflame
|-sideend|p1: dingo2001|Stealth Rock|[from] move: Defog|[of] p1a: Talonflame
|
|upkeep
|turn|9
|
|t:|1760330247
|move|p1a: Talonflame|U-turn|p2a: Toxapex
|-resisted|p2a: Toxapex
|-damage|p2a: Toxapex|95/100
|
|t:|1760330260
|switch|p1a: Gliscor|Gliscor, F|100/100|[from] U-turn
|move|p2a: Toxapex|Toxic|p1a: Gliscor
|-status|p1a: Gliscor|tox
|
|-heal|p2a: Toxapex|100/100|[from] item: Leftovers
|upkeep
|turn|10
|
|t:|1760330274
|move|p1a: Gliscor|Earthquake|p2a: Toxapex
|-supereffective|p2a: Toxapex
|-damage|p2a: Toxapex|31/100
|move|p2a: Toxapex|Chilling Water|p1a: Gliscor
|-supereffective|p1a: Gliscor
|-damage|p1a: Gliscor|75/100 tox
|-unboost|p1a: Gliscor|atk|1
|
|-heal|p2a: Toxapex|38/100|[from] item: Leftovers
|-heal|p1a: Gliscor|87/100 tox|[from] ability: Poison Heal
|upkeep
|turn|11
|
|t:|1760330289
|switch|p2a: Gliscor|Gliscor, F|26/100 tox
|move|p1a: Gliscor|U-turn|p2a: Gliscor
|-resisted|p2a: Gliscor
|-crit|p2a: Gliscor
|-damage|p2a: Gliscor|15/100 tox
|
|t:|1760330301
|switch|p1a: Iron Valiant|Iron Valiant|78/100|[from] U-turn
|
|-heal|p2a: Gliscor|27/100 tox|[from] ability: Poison Heal
|upkeep
|turn|12
|
|t:|1760330323
|move|p2a: Gliscor|Protect|p2a: Gliscor
|-singleturn|p2a: Gliscor|Protect
|move|p1a: Iron Valiant|Moonblast|p2a: Gliscor
|-activate|p2a: Gliscor|move: Protect
|
|-heal|p2a: Gliscor|40/100 tox|[from] ability: Poison Heal
|upkeep
|turn|13
|
|t:|1760330333
|switch|p2a: Blissey|Blissey, F|100/100
|move|p1a: Iron Valiant|Moonblast|p2a: Blissey
|-damage|p2a: Blissey|85/100
|
|-heal|p2a: Blissey|92/100|[from] item: Leftovers
|upkeep
|turn|14
|
|t:|1760330347
|-end|p1a: Iron Valiant|Quark Drive|[silent]
|switch|p1a: Gliscor|Gliscor, F|87/100 tox
|move|p2a: Blissey|Seismic Toss|p1a: Gliscor
|-damage|p1a: Gliscor|59/100 tox
|
|-heal|p2a: Blissey|98/100|[from] item: Leftovers
|-heal|p1a: Gliscor|71/100 tox|[from] ability: Poison Heal
|upkeep
|turn|15
|
|t:|1760330360
|switch|p2a: Gliscor|Gliscor, F|40/100 tox
|move|p1a: Gliscor|U-turn|p2a: Gliscor
|-resisted|p2a: Gliscor
|-damage|p2a: Gliscor|33/100 tox
|
|t:|1760330375
|switch|p1a: Hydrapple|Hydrapple, M|100/100|[from] U-turn
|
|-heal|p2a: Gliscor|45/100 tox|[from] ability: Poison Heal
|upkeep
|turn|16
|
|t:|1760330391
|move|p2a: Gliscor|Protect|p2a: Gliscor
|-singleturn|p2a: Gliscor|Protect
|move|p1a: Hydrapple|Giga Drain|p2a: Gliscor
|-activate|p2a: Gliscor|move: Protect
|
|-heal|p2a: Gliscor|58/100 tox|[from] ability: Poison Heal
|upkeep
|turn|17
|
|t:|1760330406
|switch|p2a: Corviknight|Corviknight, M|100/100
|-ability|p2a: Corviknight|Pressure
|move|p1a: Hydrapple|Giga Drain|p2a: Corviknight
|-resisted|p2a: Corviknight
|-damage|p2a: Corviknight|91/100
|
|-heal|p2a: Corviknight|97/100|[from] item: Leftovers
|upkeep
|turn|18
|
|t:|1760330419
|switch|p1a: Dondozo|Dondozo, F|100/100
|move|p2a: Corviknight|Body Press|p1a: Dondozo
|-damage|p1a: Dondozo|89/100
|
|-heal|p2a: Corviknight|100/100|[from] item: Leftovers
|upkeep
|turn|19
|
|t:|1760330434
|switch|p2a: Toxapex|Toxapex, F|71/100
|move|p1a: Dondozo|Curse|p1a: Dondozo
|-unboost|p1a: Dondozo|spe|1
|-boost|p1a: Dondozo|atk|1
|-boost|p1a: Dondozo|def|1
|
|-heal|p2a: Toxapex|77/100|[from] item: Leftovers
|upkeep
|turn|20
|
|t:|1760330445
|switch|p1a: Gliscor|Gliscor, F|71/100 tox
|move|p2a: Toxapex|Toxic|p1a: Gliscor
|-fail|p1a: Gliscor|tox
|
|-heal|p2a: Toxapex|83/100|[from] item: Leftovers
|-heal|p1a: Gliscor|84/100 tox|[from] ability: Poison Heal
|upkeep
|turn|21
|
|t:|1760330466
|switch|p2a: Gliscor|Gliscor, F|58/100 tox
|move|p1a: Gliscor|Earthquake|p2a: Gliscor
|-immune|p2a: Gliscor
|
|-heal|p1a: Gliscor|96/100 tox|[from] ability: Poison Heal
|-heal|p2a: Gliscor|70/100 tox|[from] ability: Poison Heal
|upkeep
|turn|22
|
|t:|1760330488
|move|p2a: Gliscor|Protect|p2a: Gliscor
|-singleturn|p2a: Gliscor|Protect
|move|p1a: Gliscor|Ice Fang|p2a: Gliscor
|-activate|p2a: Gliscor|move: Protect
|
|-heal|p1a: Gliscor|100/100 tox|[from] ability: Poison Heal
|-heal|p2a: Gliscor|83/100 tox|[from] ability: Poison Heal
|upkeep
|turn|23
|
|t:|1760330500
|switch|p2a: Dondozo|Dondozo, M|100/100
|move|p1a: Gliscor|Ice Fang|p2a: Dondozo
|-resisted|p2a: Dondozo
|-damage|p2a: Dondozo|96/100
|
|-heal|p2a: Dondozo|100/100|[from] item: Leftovers
|upkeep
|turn|24
|
|t:|1760330509
|switch|p1a: Dondozo|Dondozo, F|89/100
|move|p2a: Dondozo|Waterfall|p1a: Dondozo
|-resisted|p1a: Dondozo
|-damage|p1a: Dondozo|84/100
|
|upkeep
|turn|25
|
|t:|1760330521
|switch|p2a: Toxapex|Toxapex, F|100/100
|move|p1a: Dondozo|Body Press|p2a: Toxapex
|-resisted|p2a: Toxapex
|-damage|p2a: Toxapex|90/100
|
|-heal|p2a: Toxapex|97/100|[from] item: Leftovers
|upkeep
|turn|26
|
|t:|1760330532
|switch|p1a: Gliscor|Gliscor, F|100/100 tox
|move|p2a: Toxapex|Chilling Water|p1a: Gliscor
|-supereffective|p1a: Gliscor
|-damage|p1a: Gliscor|73/100 tox
|-unboost|p1a: Gliscor|atk|1
|
|-heal|p2a: Toxapex|100/100|[from] item: Leftovers
|-heal|p1a: Gliscor|86/100 tox|[from] ability: Poison Heal
|upkeep
|turn|27
|
|t:|1760330544
|move|p1a: Gliscor|Earthquake|p2a: Toxapex
|-supereffective|p2a: Toxapex
|-damage|p2a: Toxapex|60/100
|move|p2a: Toxapex|Chilling Water|p1a: Gliscor
|-supereffective|p1a: Gliscor
|-damage|p1a: Gliscor|60/100 tox
|-unboost|p1a: Gliscor|atk|1
|
|-heal|p2a: Toxapex|67/100|[from] item: Leftovers
|-heal|p1a: Gliscor|72/100 tox|[from] ability: Poison Heal
|upkeep
|turn|28
|
|t:|1760330556
|move|p1a: Gliscor|Protect|p1a: Gliscor
|-singleturn|p1a: Gliscor|Protect
|move|p2a: Toxapex|Chilling Water|p1a: Gliscor
|-activate|p1a: Gliscor|move: Protect
|
|-heal|p2a: Toxapex|73/100|[from] item: Leftovers
|-heal|p1a: Gliscor|85/100 tox|[from] ability: Poison Heal
|upkeep
|turn|29
|
|t:|1760330567
|switch|p1a: Dondozo|Dondozo, F|84/100
|move|p2a: Toxapex|Chilling Water|p1a: Dondozo
|-resisted|p1a: Dondozo
|-damage|p1a: Dondozo|78/100
|-unboost|p1a: Dondozo|atk|1
|
|-heal|p2a: Toxapex|79/100|[from] item: Leftovers
|upkeep
|turn|30
|
|t:|1760330587
|switch|p2a: Corviknight|Corviknight, M|100/100
|-ability|p2a: Corviknight|Pressure
|switch|p1a: Gliscor|Gliscor, F|85/100 tox
|
|-heal|p1a: Gliscor|97/100 tox|[from] ability: Poison Heal
|upkeep
|turn|31
|
|t:|1760330601
|move|p1a: Gliscor|Ice Fang|p2a: Corviknight
|-damage|p2a: Corviknight|89/100
|cant|p2a: Corviknight|flinch
|
|-heal|p2a: Corviknight|95/100|[from] item: Leftovers
|-heal|p1a: Gliscor|100/100 tox|[from] ability: Poison Heal
|upkeep
|turn|32
|
|t:|1760330613
|move|p1a: Gliscor|U-turn|p2a: Corviknight
|-resisted|p2a: Corviknight
|-damage|p2a: Corviknight|92/100
|c|☆dingo2001|What do you do if you face a team just like yours
|
|t:|1760330640
|switch|p1a: Talonflame|Talonflame, F|67/100|[from] U-turn
|move|p2a: Corviknight|Iron Defense|p2a: Corviknight
|-boost|p2a: Corviknight|def|2
|
|-heal|p2a: Corviknight|98/100|[from] item: Leftovers
|upkeep
|turn|33
|
|t:|1760330652
|switch|p2a: Toxapex|Toxapex, F|100/100
|move|p1a: Talonflame|Overheat|p2a: Toxapex
|-resisted|p2a: Toxapex
|-crit|p2a: Toxapex
|-damage|p2a: Toxapex|78/100
|-unboost|p1a: Talonflame|spa|2
|
|-heal|p2a: Toxapex|84/100|[from] item: Leftovers
|upkeep
|turn|34
|
|t:|1760330663
|move|p1a: Talonflame|U-turn|p2a: Toxapex
|-resisted|p2a: Toxapex
|-damage|p2a: Toxapex|78/100
|
|t:|1760330666
|switch|p1a: Gliscor|Gliscor, F|100/100 tox|[from] U-turn
|move|p2a: Toxapex|Toxic|p1a: Gliscor
|-fail|p1a: Gliscor|tox
|
|-heal|p2a: Toxapex|85/100|[from] item: Leftovers
|upkeep
|turn|35
|
|t:|1760330681
|switch|p2a: Dondozo|Dondozo, M|100/100
|move|p1a: Gliscor|Earthquake|p2a: Dondozo
|-damage|p2a: Dondozo|81/100
|
|-heal|p2a: Dondozo|87/100|[from] item: Leftovers
|upkeep
|turn|36
|
|t:|1760330690
|switch|p1a: Dondozo|Dondozo, F|78/100
|move|p2a: Dondozo|Waterfall|p1a: Dondozo
|-resisted|p1a: Dondozo
|-damage|p1a: Dondozo|73/100
|
|-heal|p2a: Dondozo|93/100|[from] item: Leftovers
|upkeep
|turn|37
|
|t:|1760330709
|switch|p2a: Toxapex|Toxapex, F|100/100
|move|p1a: Dondozo|Wave Crash|p2a: Toxapex
|-resisted|p2a: Toxapex
|-damage|p2a: Toxapex|85/100
|-damage|p1a: Dondozo|70/100|[from] Recoil
|
|-heal|p2a: Toxapex|91/100|[from] item: Leftovers
|upkeep
|turn|38
|
|t:|1760330721
|switch|p1a: Gliscor|Gliscor, F|100/100 tox
|move|p2a: Toxapex|Chilling Water|p1a: Gliscor
|-supereffective|p1a: Gliscor
|-damage|p1a: Gliscor|76/100 tox
|-unboost|p1a: Gliscor|atk|1
|
|-heal|p2a: Toxapex|97/100|[from] item: Leftovers
|-heal|p1a: Gliscor|89/100 tox|[from] ability: Poison Heal
|upkeep
|turn|39
|
|t:|1760330734
|move|p1a: Gliscor|Earthquake|p2a: Toxapex
|-supereffective|p2a: Toxapex
|-damage|p2a: Toxapex|54/100
|move|p2a: Toxapex|Chilling Water|p1a: Gliscor
|-supereffective|p1a: Gliscor
|-damage|p1a: Gliscor|63/100 tox
|-unboost|p1a: Gliscor|atk|1
|
|-heal|p2a: Toxapex|60/100|[from] item: Leftovers
|-heal|p1a: Gliscor|76/100 tox|[from] ability: Poison Heal
|upkeep
|turn|40
|
|t:|1760330746
|switch|p2a: Gliscor|Gliscor, F|83/100 tox
|move|p1a: Gliscor|Protect||[still]
|-fail|p1a: Gliscor
|
|-heal|p1a: Gliscor|88/100 tox|[from] ability: Poison Heal
|-heal|p2a: Gliscor|95/100 tox|[from] ability: Poison Heal
|upkeep
|turn|41
|
|t:|1760330760
|move|p1a: Gliscor|Ice Fang|p2a: Gliscor
|-supereffective|p2a: Gliscor
|-damage|p2a: Gliscor|66/100 tox
|move|p2a: Gliscor|Spikes|p1a: Gliscor
|-sidestart|p1: dingo2001|Spikes
|
|-heal|p1a: Gliscor|100/100 tox|[from] ability: Poison Heal
|-heal|p2a: Gliscor|78/100 tox|[from] ability: Poison Heal
|upkeep
|turn|42
|
|t:|1760330771
|move|p1a: Gliscor|Ice Fang|p2a: Gliscor
|-supereffective|p2a: Gliscor
|-damage|p2a: Gliscor|46/100 tox
|move|p2a: Gliscor|Stealth Rock|p1a: Gliscor
|-sidestart|p1: dingo2001|move: Stealth Rock
|
|-heal|p2a: Gliscor|59/100 tox|[from] ability: Poison Heal
|upkeep
|turn|43
|
|t:|1760330779
|move|p2a: Gliscor|Protect|p2a: Gliscor
|-singleturn|p2a: Gliscor|Protect
|move|p1a: Gliscor|Ice Fang|p2a: Gliscor
|-activate|p2a: Gliscor|move: Protect
|
|-heal|p2a: Gliscor|71/100 tox|[from] ability: Poison Heal
|upkeep
|turn|44
|
|t:|1760330789
|move|p1a: Gliscor|Ice Fang|p2a: Gliscor
|-supereffective|p2a: Gliscor
|-damage|p2a: Gliscor|42/100 tox
|move|p2a: Gliscor|Spikes|p1a: Gliscor
|-sidestart|p1: dingo2001|Spikes
|
|-heal|p2a: Gliscor|54/100 tox|[from] ability: Poison Heal
|upkeep
|turn|45
|
|t:|1760330803
|move|p2a: Gliscor|Protect|p2a: Gliscor
|-singleturn|p2a: Gliscor|Protect
|move|p1a: Gliscor|Ice Fang|p2a: Gliscor
|-activate|p2a: Gliscor|move: Protect
|
|-heal|p2a: Gliscor|67/100 tox|[from] ability: Poison Heal
|upkeep
|turn|46
|
|t:|1760330814
|switch|p2a: Toxapex|Toxapex, F|93/100
|move|p1a: Gliscor|Ice Fang|p2a: Toxapex
|-resisted|p2a: Toxapex
|-damage|p2a: Toxapex|90/100
|
|-heal|p2a: Toxapex|96/100|[from] item: Leftovers
|upkeep
|turn|47
|
|t:|1760330834
|move|p1a: Gliscor|Earthquake|p2a: Toxapex
|-supereffective|p2a: Toxapex
|-damage|p2a: Toxapex|64/100
|move|p2a: Toxapex|Toxic|p1a: Gliscor
|-fail|p1a: Gliscor|tox
|
|-heal|p2a: Toxapex|70/100|[from] item: Leftovers
|upkeep
|turn|48
|
|t:|1760330848
|move|p1a: Gliscor|Earthquake|p2a: Toxapex
|-supereffective|p2a: Toxapex
|-damage|p2a: Toxapex|37/100
|move|p2a: Toxapex|Chilling Water|p1a: Gliscor
|-supereffective|p1a: Gliscor
|-damage|p1a: Gliscor|73/100 tox
|-unboost|p1a: Gliscor|atk|1
|
|-heal|p2a: Toxapex|43/100|[from] item: Leftovers
|-heal|p1a: Gliscor|86/100 tox|[from] ability: Poison Heal
|upkeep
|turn|49
|
|t:|1760330860
|move|p1a: Gliscor|Earthquake|p2a: Toxapex
|-supereffective|p2a: Toxapex
|-damage|p2a: Toxapex|17/100
|move|p2a: Toxapex|Recover|p2a: Toxapex
|-heal|p2a: Toxapex|67/100
|
|-heal|p2a: Toxapex|73/100|[from] item: Leftovers
|-heal|p1a: Gliscor|98/100 tox|[from] ability: Poison Heal
|upkeep
|turn|50
|
|t:|1760330872
|move|p1a: Gliscor|Ice Fang|p2a: Toxapex
|-resisted|p2a: Toxapex
|-damage|p2a: Toxapex|70/100
|move|p2a: Toxapex|Toxic|p1a: Gliscor
|-fail|p1a: Gliscor|tox
|
|-heal|p2a: Toxapex|76/100|[from] item: Leftovers
|-heal|p1a: Gliscor|100/100 tox|[from] ability: Poison Heal
|upkeep
|turn|51
|
|t:|1760330887
|switch|p2a: Dondozo|Dondozo, M|93/100
|move|p1a: Gliscor|Ice Fang|p2a: Dondozo
|-resisted|p2a: Dondozo
|-damage|p2a: Dondozo|89/100
|
|-heal|p2a: Dondozo|95/100|[from] item: Leftovers
|upkeep
|turn|52
|
|t:|1760330902
|move|p1a: Gliscor|Ice Fang|p2a: Dondozo
|-resisted|p2a: Dondozo
|-damage|p2a: Dondozo|91/100
|move|p2a: Dondozo|Waterfall|p1a: Gliscor
|-supereffective|p1a: Gliscor
|-damage|p1a: Gliscor|60/100 tox
|
|-heal|p2a: Dondozo|97/100|[from] item: Leftovers
|-heal|p1a: Gliscor|72/100 tox|[from] ability: Poison Heal
|upkeep
|turn|53
|
|t:|1760330913
|move|p1a: Gliscor|Protect|p1a: Gliscor
|-singleturn|p1a: Gliscor|Protect
|move|p2a: Dondozo|Curse|p2a: Dondozo
|-unboost|p2a: Dondozo|spe|1
|-boost|p2a: Dondozo|atk|1
|-boost|p2a: Dondozo|def|1
|
|-heal|p2a: Dondozo|100/100|[from] item: Leftovers
|-heal|p1a: Gliscor|85/100 tox|[from] ability: Poison Heal
|upkeep
|turn|54
|
|t:|1760330924
|switch|p1a: Dondozo|Dondozo, F|70/100
|-damage|p1a: Dondozo|53/100|[from] Spikes
|-damage|p1a: Dondozo|40/100|[from] Stealth Rock
|move|p2a: Dondozo|Waterfall|p1a: Dondozo
|-resisted|p1a: Dondozo
|-damage|p1a: Dondozo|35/100
|
|upkeep
|turn|55
|
|t:|1760330936
|switch|p2a: Toxapex|Toxapex, F|100/100
|move|p1a: Dondozo|Wave Crash|p2a: Toxapex
|-resisted|p2a: Toxapex
|-damage|p2a: Toxapex|86/100
|-damage|p1a: Dondozo|32/100|[from] Recoil
|
|-heal|p2a: Toxapex|92/100|[from] item: Leftovers
|upkeep
|turn|56
|
|t:|1760330946
|move|p2a: Toxapex|Chilling Water|p1a: Dondozo
|-resisted|p1a: Dondozo
|-damage|p1a: Dondozo|26/100
|-unboost|p1a: Dondozo|atk|1
|move|p1a: Dondozo|Wave Crash|p2a: Toxapex
|-resisted|p2a: Toxapex
|-damage|p2a: Toxapex|81/100
|-damage|p1a: Dondozo|24/100|[from] Recoil
|
|-heal|p2a: Toxapex|87/100|[from] item: Leftovers
|upkeep
|turn|57
|
|t:|1760330959
|move|p2a: Toxapex|Toxic|p1a: Dondozo
|-status|p1a: Dondozo|tox
|move|p1a: Dondozo|Wave Crash|p2a: Toxapex
|-resisted|p2a: Toxapex
|-damage|p2a: Toxapex|77/100
|-damage|p1a: Dondozo|22/100 tox|[from] Recoil
|
|-heal|p2a: Toxapex|83/100|[from] item: Leftovers
|-damage|p1a: Dondozo|15/100 tox|[from] psn
|upkeep
|turn|58
|
|t:|1760330970
|move|p2a: Toxapex|Chilling Water|p1a: Dondozo
|-resisted|p1a: Dondozo
|-damage|p1a: Dondozo|10/100 tox
|-unboost|p1a: Dondozo|atk|1
|move|p1a: Dondozo|Rest|p1a: Dondozo
|-status|p1a: Dondozo|slp|[from] move: Rest
|-heal|p1a: Dondozo|100/100 slp|[silent]
|-enditem|p1a: Dondozo|Chesto Berry|[eat]
|-curestatus|p1a: Dondozo|slp|[msg]
|
|-heal|p2a: Toxapex|89/100|[from] item: Leftovers
|upkeep
|turn|59
|
|t:|1760330990
|switch|p1a: Gliscor|Gliscor, F|85/100 tox
|-damage|p1a: Gliscor|72/100 tox|[from] Stealth Rock
|move|p2a: Toxapex|Toxic|p1a: Gliscor
|-fail|p1a: Gliscor|tox
|
|-heal|p2a: Toxapex|96/100|[from] item: Leftovers
|-heal|p1a: Gliscor|85/100 tox|[from] ability: Poison Heal
|upkeep
|turn|60
|
|t:|1760331008
|switch|p2a: Gliscor|Gliscor, F|67/100 tox
|move|p1a: Gliscor|Ice Fang|p2a: Gliscor
|-supereffective|p2a: Gliscor
|-damage|p2a: Gliscor|8/100 tox
|
|-heal|p1a: Gliscor|97/100 tox|[from] ability: Poison Heal
|-heal|p2a: Gliscor|20/100 tox|[from] ability: Poison Heal
|upkeep
|turn|61
|
|t:|1760331022
|switch|p1a: Talonflame|Talonflame, F|67/100
|move|p2a: Gliscor|Protect||[still]
|-fail|p2a: Gliscor
|
|-heal|p2a: Gliscor|33/100 tox|[from] ability: Poison Heal
|upkeep
|turn|62
|
|t:|1760331033
|move|p2a: Gliscor|Protect|p2a: Gliscor
|-singleturn|p2a: Gliscor|Protect
|move|p1a: Talonflame|Defog|p2a: Gliscor
|-activate|p2a: Gliscor|move: Protect
|
|-heal|p2a: Gliscor|45/100 tox|[from] ability: Poison Heal
|upkeep
|turn|63
|
|t:|1760331043
|move|p1a: Talonflame|Defog|p2a: Gliscor
|-unboost|p2a: Gliscor|evasion|1
|-sideend|p1: dingo2001|Spikes|[from] move: Defog|[of] p1a: Talonflame
|-sideend|p1: dingo2001|Stealth Rock|[from] move: Defog|[of] p1a: Talonflame
|move|p2a: Gliscor|Knock Off|p1a: Talonflame
|-damage|p1a: Talonflame|32/100
|-enditem|p1a: Talonflame|Heavy-Duty Boots|[from] move: Knock Off|[of] p2a: Gliscor
|
|-heal|p2a: Gliscor|58/100 tox|[from] ability: Poison Heal
|upkeep
|turn|64
|
|t:|1760331055
|switch|p1a: Gliscor|Gliscor, F|97/100 tox
|move|p2a: Gliscor|Protect||[still]
|-fail|p2a: Gliscor
|
|-heal|p1a: Gliscor|100/100 tox|[from] ability: Poison Heal
|-heal|p2a: Gliscor|70/100 tox|[from] ability: Poison Heal
|upkeep
|turn|65
|
|t:|1760331067
|move|p2a: Gliscor|Protect|p2a: Gliscor
|-singleturn|p2a: Gliscor|Protect
|move|p1a: Gliscor|Ice Fang|p2a: Gliscor
|-activate|p2a: Gliscor|move: Protect
|
|-heal|p2a: Gliscor|83/100 tox|[from] ability: Poison Heal
|upkeep
|turn|66
|
|t:|1760331077
|switch|p2a: Toxapex|Toxapex, F|100/100
|move|p1a: Gliscor|Ice Fang|p2a: Toxapex
|-resisted|p2a: Toxapex
|-crit|p2a: Toxapex
|-damage|p2a: Toxapex|90/100
|
|-heal|p2a: Toxapex|97/100|[from] item: Leftovers
|upkeep
|turn|67
|
|t:|1760331089
|move|p1a: Gliscor|Earthquake|p2a: Toxapex
|-supereffective|p2a: Toxapex
|-damage|p2a: Toxapex|35/100
|move|p2a: Toxapex|Chilling Water|p1a: Gliscor
|-supereffective|p1a: Gliscor
|-damage|p1a: Gliscor|75/100 tox
|-unboost|p1a: Gliscor|atk|1
|
|-heal|p2a: Toxapex|42/100|[from] item: Leftovers
|-heal|p1a: Gliscor|87/100 tox|[from] ability: Poison Heal
|upkeep
|turn|68
|
|t:|1760331101
|move|p1a: Gliscor|Earthquake|p2a: Toxapex
|-supereffective|p2a: Toxapex
|-damage|p2a: Toxapex|0 fnt
|faint|p2a: Toxapex
|
|-heal|p1a: Gliscor|99/100 tox|[from] ability: Poison Heal
|upkeep
|
|t:|1760331112
|switch|p2a: Gliscor|Gliscor, F|83/100 tox
|turn|69
|
|t:|1760331121
|switch|p1a: Dondozo|Dondozo, F|100/100
|move|p2a: Gliscor|Protect||[still]
|-fail|p2a: Gliscor
|
|-heal|p2a: Gliscor|95/100 tox|[from] ability: Poison Heal
|upkeep
|turn|70
|
|t:|1760331139
|switch|p2a: Dondozo|Dondozo, M|100/100
|move|p1a: Dondozo|Wave Crash|p2a: Dondozo
|-resisted|p2a: Dondozo
|-damage|p2a: Dondozo|91/100
|-damage|p1a: Dondozo|97/100|[from] Recoil
|
|-heal|p2a: Dondozo|97/100|[from] item: Leftovers
|upkeep
|turn|71
|
|t:|1760331155
|move|p2a: Dondozo|Waterfall|p1a: Dondozo
|-resisted|p1a: Dondozo
|-damage|p1a: Dondozo|91/100
|move|p1a: Dondozo|Body Press|p2a: Dondozo
|-damage|p2a: Dondozo|85/100
|
|-heal|p2a: Dondozo|91/100|[from] item: Leftovers
|upkeep
|turn|72
|
|t:|1760331167
|switch|p2a: Corviknight|Corviknight, M|98/100
|-ability|p2a: Corviknight|Pressure
|move|p1a: Dondozo|Body Press|p2a: Corviknight
|-damage|p2a: Corviknight|81/100
|
|-heal|p2a: Corviknight|87/100|[from] item: Leftovers
|upkeep
|turn|73
|
|t:|1760331177
|move|p2a: Corviknight|Body Press|p1a: Dondozo
|-damage|p1a: Dondozo|78/100
|move|p1a: Dondozo|Curse|p1a: Dondozo
|-unboost|p1a: Dondozo|spe|1
|-boost|p1a: Dondozo|atk|1
|-boost|p1a: Dondozo|def|1
|
|-heal|p2a: Corviknight|93/100|[from] item: Leftovers
|upkeep
|turn|74
|
|t:|1760331190
|move|p2a: Corviknight|Body Press|p1a: Dondozo
|-damage|p1a: Dondozo|70/100
|move|p1a: Dondozo|Body Press|p2a: Corviknight
|-damage|p2a: Corviknight|70/100
|
|-heal|p2a: Corviknight|76/100|[from] item: Leftovers
|upkeep
|turn|75
|
|t:|1760331202
|move|p2a: Corviknight|Body Press|p1a: Dondozo
|-damage|p1a: Dondozo|63/100
|move|p1a: Dondozo|Curse|p1a: Dondozo
|-unboost|p1a: Dondozo|spe|1
|-boost|p1a: Dondozo|atk|1
|-boost|p1a: Dondozo|def|1
|
|-heal|p2a: Corviknight|83/100|[from] item: Leftovers
|upkeep
|turn|76
|
|t:|1760331221
|switch|p2a: Dondozo|Dondozo, M|91/100
|move|p1a: Dondozo|Curse|p1a: Dondozo
|-unboost|p1a: Dondozo|spe|1
|-boost|p1a: Dondozo|atk|1
|-boost|p1a: Dondozo|def|1
|
|-heal|p2a: Dondozo|97/100|[from] item: Leftovers
|upkeep
|turn|77
|
|t:|1760331234
|move|p2a: Dondozo|Waterfall|p1a: Dondozo
|-resisted|p1a: Dondozo
|-damage|p1a: Dondozo|56/100
|move|p1a: Dondozo|Body Press|p2a: Dondozo
|-damage|p2a: Dondozo|83/100
|
|-heal|p2a: Dondozo|89/100|[from] item: Leftovers
|upkeep
|turn|78
|
|t:|1760331245
|move|p2a: Dondozo|Waterfall|p1a: Dondozo
|-resisted|p1a: Dondozo
|-damage|p1a: Dondozo|50/100
|cant|p1a: Dondozo|flinch
|
|-heal|p2a: Dondozo|96/100|[from] item: Leftovers
|upkeep
|turn|79
|
|t:|1760331255
|move|p2a: Dondozo|Waterfall|p1a: Dondozo
|-resisted|p1a: Dondozo
|-damage|p1a: Dondozo|44/100
|move|p1a: Dondozo|Body Press|p2a: Dondozo
|-damage|p2a: Dondozo|82/100
|
|-heal|p2a: Dondozo|89/100|[from] item: Leftovers
|upkeep
|turn|80
|
|t:|1760331265
|move|p2a: Dondozo|Waterfall|p1a: Dondozo
|-resisted|p1a: Dondozo
|-damage|p1a: Dondozo|38/100
|move|p1a: Dondozo|Body Press|p2a: Dondozo
|-damage|p2a: Dondozo|75/100
|
|-heal|p2a: Dondozo|81/100|[from] item: Leftovers
|upkeep
|turn|81
|
|t:|1760331275
|move|p2a: Dondozo|Waterfall|p1a: Dondozo
|-resisted|p1a: Dondozo
|-damage|p1a: Dondozo|32/100
|move|p1a: Dondozo|Rest|p1a: Dondozo
|-status|p1a: Dondozo|slp|[from] move: Rest
|-heal|p1a: Dondozo|100/100 slp|[silent]
|
|-heal|p2a: Dondozo|87/100|[from] item: Leftovers
|upkeep
|turn|82
|
|t:|1760331287
|switch|p2a: Blissey|Blissey, F|98/100
|cant|p1a: Dondozo|slp
|
|-heal|p2a: Blissey|100/100|[from] item: Leftovers
|upkeep
|turn|83
|
|t:|1760331295
|move|p2a: Blissey|Seismic Toss|p1a: Dondozo
|-damage|p1a: Dondozo|81/100 slp
|cant|p1a: Dondozo|slp
|
|upkeep
|turn|84
|
|t:|1760331302
|switch|p2a: Dondozo|Dondozo, M|87/100
|-curestatus|p1a: Dondozo|slp|[msg]
|move|p1a: Dondozo|Body Press|p2a: Dondozo
|-damage|p2a: Dondozo|75/100
|
|-heal|p2a: Dondozo|81/100|[from] item: Leftovers
|upkeep
|turn|85
|
|t:|1760331318
|move|p2a: Dondozo|Waterfall|p1a: Dondozo
|-resisted|p1a: Dondozo
|-damage|p1a: Dondozo|75/100
|move|p1a: Dondozo|Body Press|p2a: Dondozo
|-damage|p2a: Dondozo|68/100
|
|-heal|p2a: Dondozo|74/100|[from] item: Leftovers
|upkeep
|turn|86
|
|t:|1760331332
|move|p2a: Dondozo|Rest|p2a: Dondozo
|-status|p2a: Dondozo|slp|[from] move: Rest
|-heal|p2a: Dondozo|100/100 slp|[silent]
|move|p1a: Dondozo|Body Press|p2a: Dondozo
|-damage|p2a: Dondozo|89/100 slp
|
|-heal|p2a: Dondozo|95/100 slp|[from] item: Leftovers
|upkeep
|turn|87
|
|t:|1760331343
|cant|p2a: Dondozo|slp
|move|p1a: Dondozo|Body Press|p2a: Dondozo
|-damage|p2a: Dondozo|82/100 slp
|
|-heal|p2a: Dondozo|88/100 slp|[from] item: Leftovers
|upkeep
|turn|88
|
|t:|1760331355
|cant|p2a: Dondozo|slp
|move|p1a: Dondozo|Wave Crash|p2a: Dondozo
|-resisted|p2a: Dondozo
|-crit|p2a: Dondozo
|-damage|p2a: Dondozo|73/100 slp
|-damage|p1a: Dondozo|70/100|[from] Recoil
|
|-heal|p2a: Dondozo|80/100 slp|[from] item: Leftovers
|upkeep
|turn|89
|
|t:|1760331372
|-curestatus|p2a: Dondozo|slp|[msg]
|move|p2a: Dondozo|Sleep Talk||[still]
|-fail|p2a: Dondozo
|move|p1a: Dondozo|Wave Crash|p2a: Dondozo
|-resisted|p2a: Dondozo
|-damage|p2a: Dondozo|71/100
|-damage|p1a: Dondozo|67/100|[from] Recoil
|
|-heal|p2a: Dondozo|77/100|[from] item: Leftovers
|upkeep
|turn|90
|
|t:|1760331386
|move|p2a: Dondozo|Sleep Talk||[still]
|-fail|p2a: Dondozo
|move|p1a: Dondozo|Wave Crash|p2a: Dondozo
|-resisted|p2a: Dondozo
|-damage|p2a: Dondozo|68/100
|-damage|p1a: Dondozo|64/100|[from] Recoil
|
|-heal|p2a: Dondozo|74/100|[from] item: Leftovers
|upkeep
|turn|91
|
|t:|1760331396
|move|p2a: Dondozo|Sleep Talk||[still]
|-fail|p2a: Dondozo
|move|p1a: Dondozo|Wave Crash|p2a: Dondozo
|-resisted|p2a: Dondozo
|-damage|p2a: Dondozo|65/100
|-damage|p1a: Dondozo|61/100|[from] Recoil
|
|-heal|p2a: Dondozo|71/100|[from] item: Leftovers
|upkeep
|turn|92
|
|t:|1760331410
|move|p2a: Dondozo|Sleep Talk||[still]
|-fail|p2a: Dondozo
|move|p1a: Dondozo|Rest|p1a: Dondozo
|-status|p1a: Dondozo|slp|[from] move: Rest
|-heal|p1a: Dondozo|100/100 slp|[silent]
|
|-heal|p2a: Dondozo|77/100|[from] item: Leftovers
|upkeep
|turn|93
|
|t:|1760331427
|switch|p2a: Blissey|Blissey, F|100/100
|cant|p1a: Dondozo|slp
|
|upkeep
|turn|94
|
|t:|1760331433
|move|p2a: Blissey|Seismic Toss|p1a: Dondozo
|-damage|p1a: Dondozo|81/100 slp
|cant|p1a: Dondozo|slp
|
|upkeep
|turn|95
|
|t:|1760331441
|switch|p2a: Dondozo|Dondozo, M|77/100
|-curestatus|p1a: Dondozo|slp|[msg]
|move|p1a: Dondozo|Curse|p1a: Dondozo
|-unboost|p1a: Dondozo|spe|1
|-boost|p1a: Dondozo|atk|1
|-boost|p1a: Dondozo|def|1
|
|-heal|p2a: Dondozo|83/100|[from] item: Leftovers
|upkeep
|turn|96
|
|t:|1760331456
|switch|p1a: Hydrapple|Hydrapple, M|100/100
|move|p2a: Dondozo|Sleep Talk||[still]
|-fail|p2a: Dondozo
|
|-heal|p2a: Dondozo|89/100|[from] item: Leftovers
|upkeep
|turn|97
|
|t:|1760331470
|switch|p2a: Blissey|Blissey, F|100/100
|move|p1a: Hydrapple|Leaf Storm|p2a: Blissey
|-damage|p2a: Blissey|79/100
|-unboost|p1a: Hydrapple|spa|2
|
|-heal|p2a: Blissey|85/100|[from] item: Leftovers
|upkeep
|turn|98
|
|t:|1760331482
|switch|p1a: Gliscor|Gliscor, F|99/100 tox
|move|p2a: Blissey|Seismic Toss|p1a: Gliscor
|-damage|p1a: Gliscor|71/100 tox
|
|-heal|p2a: Blissey|91/100|[from] item: Leftovers
|-heal|p1a: Gliscor|84/100 tox|[from] ability: Poison Heal
|upkeep
|turn|99
|
|t:|1760331497
|switch|p2a: Corviknight|Corviknight, M|83/100
|-ability|p2a: Corviknight|Pressure
|move|p1a: Gliscor|U-turn|p2a: Corviknight
|-resisted|p2a: Corviknight
|-damage|p2a: Corviknight|80/100
|
|t:|1760331506
|switch|p1a: Talonflame|Talonflame, F|32/100|[from] U-turn
|
|-heal|p2a: Corviknight|86/100|[from] item: Leftovers
|upkeep
|turn|100
|
|t:|1760331525
|switch|p2a: Dondozo|Dondozo, M|89/100
|move|p1a: Talonflame|Roost|p1a: Talonflame
|-heal|p1a: Talonflame|83/100
|-singleturn|p1a: Talonflame|move: Roost
|
|-heal|p2a: Dondozo|96/100|[from] item: Leftovers
|upkeep
|turn|101
|
|t:|1760331535
|switch|p1a: Dondozo|Dondozo, F|81/100
|move|p2a: Dondozo|Waterfall|p1a: Dondozo
|-resisted|p1a: Dondozo
|-damage|p1a: Dondozo|74/100
|
|-heal|p2a: Dondozo|100/100|[from] item: Leftovers
|upkeep
|turn|102
|
|t:|1760331546
|move|p2a: Dondozo|Sleep Talk||[still]
|-fail|p2a: Dondozo
|move|p1a: Dondozo|Curse|p1a: Dondozo
|-unboost|p1a: Dondozo|spe|1
|-boost|p1a: Dondozo|atk|1
|-boost|p1a: Dondozo|def|1
|
|upkeep
|turn|103
|
|t:|1760331554
|switch|p2a: Corviknight|Corviknight, M|86/100
|-ability|p2a: Corviknight|Pressure
|move|p1a: Dondozo|Curse|p1a: Dondozo
|-unboost|p1a: Dondozo|spe|1
|-boost|p1a: Dondozo|atk|1
|-boost|p1a: Dondozo|def|1
|
|-heal|p2a: Corviknight|92/100|[from] item: Leftovers
|upkeep
|turn|104
|inactive|m3t30rch4mpi0n1in has 120 seconds left.
|
|t:|1760331572
|move|p2a: Corviknight|Iron Defense|p2a: Corviknight
|-boost|p2a: Corviknight|def|2
|move|p1a: Dondozo|Body Press|p2a: Corviknight
|-damage|p2a: Corviknight|57/100
|
|-heal|p2a: Corviknight|63/100|[from] item: Leftovers
|upkeep
|turn|105
|inactive|m3t30rch4mpi0n1in has 120 seconds left.
|
|t:|1760331586
|switch|p2a: Dondozo|Dondozo, M|100/100
|move|p1a: Dondozo|Body Press|p2a: Dondozo
|-damage|p2a: Dondozo|89/100
|
|-heal|p2a: Dondozo|95/100|[from] item: Leftovers
|upkeep
|turn|106
|
|t:|1760331603
|move|p2a: Dondozo|Curse|p2a: Dondozo
|-unboost|p2a: Dondozo|spe|1
|-boost|p2a: Dondozo|atk|1
|-boost|p2a: Dondozo|def|1
|move|p1a: Dondozo|Rest|p1a: Dondozo
|-status|p1a: Dondozo|slp|[from] move: Rest
|-heal|p1a: Dondozo|100/100 slp|[silent]
|
|-heal|p2a: Dondozo|100/100|[from] item: Leftovers
|upkeep
|turn|107
|inactive|dingo2001 has 120 seconds left.
|
|t:|1760331617
|switch|p2a: Gliscor|Gliscor, F|95/100 tox
|cant|p1a: Dondozo|slp
|
|-heal|p2a: Gliscor|100/100 tox|[from] ability: Poison Heal
|upkeep
|turn|108
|inactive|dingo2001 has 120 seconds left.
|
|t:|1760331627
|move|p2a: Gliscor|Stealth Rock|p1a: Dondozo
|-sidestart|p1: dingo2001|move: Stealth Rock
|cant|p1a: Dondozo|slp
|
|upkeep
|turn|109
|inactive|dingo2001 has 120 seconds left.
|
|t:|1760331638
|switch|p2a: Dondozo|Dondozo, M|100/100
|-curestatus|p1a: Dondozo|slp|[msg]
|move|p1a: Dondozo|Wave Crash|p2a: Dondozo
|-resisted|p2a: Dondozo
|-damage|p2a: Dondozo|92/100
|-damage|p1a: Dondozo|98/100|[from] Recoil
|
|-heal|p2a: Dondozo|98/100|[from] item: Leftovers
|upkeep
|turn|110
|inactive|dingo2001 has 120 seconds left.
|inactive|m3t30rch4mpi0n1in has 90 seconds left.
|
|t:|1760331669
|switch|p1a: Hydrapple|Hydrapple, M|100/100
|-damage|p1a: Hydrapple|88/100|[from] Stealth Rock
|move|p2a: Dondozo|Curse|p2a: Dondozo
|-unboost|p2a: Dondozo|spe|1
|-boost|p2a: Dondozo|atk|1
|-boost|p2a: Dondozo|def|1
|
|-heal|p2a: Dondozo|100/100|[from] item: Leftovers
|upkeep
|turn|111
|inactive|m3t30rch4mpi0n1in has 90 seconds left.
|inactive|dingo2001 has 90 seconds left.
|
|t:|1760331684
|switch|p2a: Blissey|Blissey, F|91/100
|move|p1a: Hydrapple|Giga Drain|p2a: Blissey
|-damage|p2a: Blissey|79/100
|-heal|p1a: Hydrapple|98/100|[from] drain|[of] p2a: Blissey
|
|-heal|p2a: Blissey|85/100|[from] item: Leftovers
|upkeep
|turn|112
|
|t:|1760331712
|switch|p1a: Dondozo|Dondozo, F|98/100
|-damage|p1a: Dondozo|85/100|[from] Stealth Rock
|move|p2a: Blissey|Seismic Toss|p1a: Dondozo
|-damage|p1a: Dondozo|65/100
|
|-heal|p2a: Blissey|92/100|[from] item: Leftovers
|upkeep
|turn|113
|inactive|dingo2001 has 60 seconds left.
|
|t:|1760331726
|switch|p2a: Corviknight|Corviknight, M|63/100
|-ability|p2a: Corviknight|Pressure
|move|p1a: Dondozo|Wave Crash|p2a: Corviknight
|-damage|p2a: Corviknight|36/100
|-damage|p1a: Dondozo|58/100|[from] Recoil
|
|-heal|p2a: Corviknight|42/100|[from] item: Leftovers
|upkeep
|turn|114
|inactive|dingo2001 has 60 seconds left.
|
|t:|1760331739
|move|p2a: Corviknight|Roost|p2a: Corviknight
|-heal|p2a: Corviknight|92/100
|-singleturn|p2a: Corviknight|move: Roost
|move|p1a: Dondozo|Rest|p1a: Dondozo
|-status|p1a: Dondozo|slp|[from] move: Rest
|-heal|p1a: Dondozo|100/100 slp|[silent]
|
|-heal|p2a: Corviknight|99/100|[from] item: Leftovers
|upkeep
|turn|115
|
|t:|1760331750
|switch|p2a: Gliscor|Gliscor, F|100/100 tox
|cant|p1a: Dondozo|slp
|
|upkeep
|turn|116
|
|t:|1760331756
|move|p2a: Gliscor|Spikes|p1a: Dondozo
|-sidestart|p1: dingo2001|Spikes
|cant|p1a: Dondozo|slp
|
|upkeep
|turn|117
|
|t:|1760331762
|move|p2a: Gliscor|Spikes|p1a: Dondozo
|-sidestart|p1: dingo2001|Spikes
|-curestatus|p1a: Dondozo|slp|[msg]
|move|p1a: Dondozo|Curse|p1a: Dondozo
|-unboost|p1a: Dondozo|spe|1
|-boost|p1a: Dondozo|atk|1
|-boost|p1a: Dondozo|def|1
|
|upkeep
|turn|118
|
|t:|1760331773
|switch|p2a: Corviknight|Corviknight, M|99/100
|-ability|p2a: Corviknight|Pressure
|move|p1a: Dondozo|Wave Crash|p2a: Corviknight
|-damage|p2a: Corviknight|60/100
|-damage|p1a: Dondozo|90/100|[from] Recoil
|
|-heal|p2a: Corviknight|66/100|[from] item: Leftovers
|upkeep
|turn|119
|inactive|m3t30rch4mpi0n1in has 60 seconds left.
|
|t:|1760331792
|switch|p2a: Dondozo|Dondozo, M|100/100
|move|p1a: Dondozo|Curse|p1a: Dondozo
|-unboost|p1a: Dondozo|spe|1
|-boost|p1a: Dondozo|atk|1
|-boost|p1a: Dondozo|def|1
|
|upkeep
|turn|120
|inactive|m3t30rch4mpi0n1in has 60 seconds left.
|
|t:|1760331804
|move|p2a: Dondozo|Curse|p2a: Dondozo
|-unboost|p2a: Dondozo|spe|1
|-boost|p2a: Dondozo|atk|1
|-boost|p2a: Dondozo|def|1
|move|p1a: Dondozo|Curse|p1a: Dondozo
|-unboost|p1a: Dondozo|spe|1
|-boost|p1a: Dondozo|atk|1
|-boost|p1a: Dondozo|def|1
|
|upkeep
|turn|121
|inactive|dingo2001 has 30 seconds left.
|
|t:|1760331815
|move|p2a: Dondozo|Sleep Talk||[still]
|-fail|p2a: Dondozo
|move|p1a: Dondozo|Curse|p1a: Dondozo
|-unboost|p1a: Dondozo|spe|1
|-boost|p1a: Dondozo|atk|1
|-boost|p1a: Dondozo|def|1
|
|upkeep
|turn|122
|inactive|dingo2001 has 30 seconds left.
|
|t:|1760331829
|switch|p2a: Corviknight|Corviknight, M|66/100
|-ability|p2a: Corviknight|Pressure
|move|p1a: Dondozo|Rest|p1a: Dondozo
|-status|p1a: Dondozo|slp|[from] move: Rest
|-heal|p1a: Dondozo|100/100 slp|[silent]
|
|-heal|p2a: Corviknight|73/100|[from] item: Leftovers
|upkeep
|turn|123
|inactive|dingo2001 has 30 seconds left this turn.
|inactive|dingo2001 has 20 seconds left.
|
|t:|1760331841
|switch|p2a: Gliscor|Gliscor, F|100/100 tox
|cant|p1a: Dondozo|slp
|
|upkeep
|turn|124
|inactive|dingo2001 has 25 seconds left this turn.
|inactive|dingo2001 has 20 seconds left.
|inactive|dingo2001 has 15 seconds left.
|inactive|dingo2001 has 10 seconds left.
|
|t:|1760331858
|move|p2a: Gliscor|Spikes|p1a: Dondozo
|-sidestart|p1: dingo2001|Spikes
|cant|p1a: Dondozo|slp
|
|upkeep
|turn|125
|inactive|dingo2001 has 15 seconds left this turn.
|inactive|dingo2001 has 10 seconds left.
|
|t:|1760331867
|switch|p2a: Dondozo|Dondozo, M|100/100
|-curestatus|p1a: Dondozo|slp|[msg]
|move|p1a: Dondozo|Wave Crash|p2a: Dondozo
|-resisted|p2a: Dondozo
|-damage|p2a: Dondozo|92/100
|-damage|p1a: Dondozo|98/100|[from] Recoil
|
|-heal|p2a: Dondozo|98/100|[from] item: Leftovers
|upkeep
|turn|126
|inactive|dingo2001 has 15 seconds left this turn.
|inactive|dingo2001 has 10 seconds left.
|inactive|dingo2001 has 5 seconds left.
|
|t:|1760331881
|move|p2a: Dondozo|Sleep Talk||[still]
|-fail|p2a: Dondozo
|move|p1a: Dondozo|Rest|p1a: Dondozo
|-status|p1a: Dondozo|slp|[from] move: Rest
|-heal|p1a: Dondozo|100/100 slp|[silent]
|
|-heal|p2a: Dondozo|100/100|[from] item: Leftovers
|upkeep
|turn|127
|inactive|dingo2001 has 10 seconds left this turn.
|inactiveoff|Battle timer is now OFF.
|
|t:|1760331897
|switch|p1a: Gliscor|Gliscor, F|84/100 tox
|-damage|p1a: Gliscor|71/100 tox|[from] Stealth Rock
|move|p2a: Dondozo|Curse|p2a: Dondozo
|-unboost|p2a: Dondozo|spe|1
|-boost|p2a: Dondozo|atk|1
|-boost|p2a: Dondozo|def|1
|
|-heal|p1a: Gliscor|84/100 tox|[from] ability: Poison Heal
|upkeep
|turn|128
|
|t:|1760331908
|move|p1a: Gliscor|Protect|p1a: Gliscor
|-singleturn|p1a: Gliscor|Protect
|move|p2a: Dondozo|Waterfall|p1a: Gliscor
|-activate|p1a: Gliscor|move: Protect
|
|-heal|p1a: Gliscor|96/100 tox|[from] ability: Poison Heal
|upkeep
|turn|129
|
|t:|1760331928
|switch|p1a: Hydrapple|Hydrapple, M|100/100
|-damage|p1a: Hydrapple|88/100|[from] Stealth Rock
|-damage|p1a: Hydrapple|63/100|[from] Spikes
|move|p2a: Dondozo|Waterfall|p1a: Hydrapple
|-resisted|p1a: Hydrapple
|-damage|p1a: Hydrapple|55/100
|
|upkeep
|turn|130
|
|t:|1760331939
|switch|p2a: Blissey|Blissey, F|92/100
|move|p1a: Hydrapple|Giga Drain|p2a: Blissey
|-damage|p2a: Blissey|80/100
|-heal|p1a: Hydrapple|65/100|[from] drain|[of] p2a: Blissey
|
|-heal|p2a: Blissey|86/100|[from] item: Leftovers
|upkeep
|turn|131
|
|t:|1760331950
|switch|p1a: Talonflame|Talonflame, F|83/100
|-damage|p1a: Talonflame|33/100|[from] Stealth Rock
|move|p2a: Blissey|Seismic Toss|p1a: Talonflame
|-damage|p1a: Talonflame|0 fnt
|faint|p1a: Talonflame
|
|-heal|p2a: Blissey|92/100|[from] item: Leftovers
|upkeep
|
|t:|1760331968
|switch|p1a: Kingambit|Kingambit, F|100/100
|-damage|p1a: Kingambit|94/100|[from] Stealth Rock
|-damage|p1a: Kingambit|69/100|[from] Spikes
|-activate|p1a: Kingambit|ability: Supreme Overlord
|-start|p1a: Kingambit|fallen1|[silent]
|turn|132
|
|t:|1760331982
|switch|p2a: Dondozo|Dondozo, M|100/100
|move|p1a: Kingambit|Swords Dance|p1a: Kingambit
|-boost|p1a: Kingambit|atk|2
|
|upkeep
|turn|133
|
|t:|1760331995
|move|p1a: Kingambit|Iron Head|p2a: Dondozo
|-resisted|p2a: Dondozo
|-damage|p2a: Dondozo|92/100
|cant|p2a: Dondozo|flinch
|
|-heal|p2a: Dondozo|98/100|[from] item: Leftovers
|upkeep
|turn|134
|
|t:|1760332006
|-end|p1a: Kingambit|fallen1|[silent]
|switch|p1a: Hydrapple|Hydrapple, M|98/100
|-damage|p1a: Hydrapple|86/100|[from] Stealth Rock
|-damage|p1a: Hydrapple|61/100|[from] Spikes
|move|p2a: Dondozo|Curse|p2a: Dondozo
|-unboost|p2a: Dondozo|spe|1
|-boost|p2a: Dondozo|atk|1
|-boost|p2a: Dondozo|def|1
|
|-heal|p2a: Dondozo|100/100|[from] item: Leftovers
|upkeep
|turn|135
|
|t:|1760332024
|switch|p2a: Blissey|Blissey, F|92/100
|move|p1a: Hydrapple|Giga Drain|p2a: Blissey
|-damage|p2a: Blissey|81/100
|-heal|p1a: Hydrapple|70/100|[from] drain|[of] p2a: Blissey
|
|-heal|p2a: Blissey|87/100|[from] item: Leftovers
|upkeep
|turn|136
|
|t:|1760332043
|move|p2a: Blissey|Seismic Toss|p1a: Hydrapple
|-damage|p1a: Hydrapple|46/100
|move|p1a: Hydrapple|Giga Drain|p2a: Blissey
|-damage|p2a: Blissey|75/100
|-heal|p1a: Hydrapple|55/100|[from] drain|[of] p2a: Blissey
|
|-heal|p2a: Blissey|81/100|[from] item: Leftovers
|upkeep
|turn|137
|
|t:|1760332056
|switch|p1a: Dondozo|Dondozo, F|100/100 slp
|-damage|p1a: Dondozo|88/100 slp|[from] Stealth Rock
|-damage|p1a: Dondozo|63/100 slp|[from] Spikes
|move|p2a: Blissey|Seismic Toss|p1a: Dondozo
|-damage|p1a: Dondozo|43/100 slp
|
|-heal|p2a: Blissey|88/100|[from] item: Leftovers
|upkeep
|turn|138
|
|t:|1760332070
|move|p2a: Blissey|Seismic Toss|p1a: Dondozo
|-damage|p1a: Dondozo|23/100 slp
|cant|p1a: Dondozo|slp
|
|-heal|p2a: Blissey|94/100|[from] item: Leftovers
|upkeep
|turn|139
|
|t:|1760332078
|move|p2a: Blissey|Seismic Toss|p1a: Dondozo
|-damage|p1a: Dondozo|3/100 slp
|cant|p1a: Dondozo|slp
|
|-heal|p2a: Blissey|99/100|[from] item: Leftovers
|upkeep
|turn|140
|
|t:|1760332087
|switch|p2a: Dondozo|Dondozo, M|100/100
|-curestatus|p1a: Dondozo|slp|[msg]
|move|p1a: Dondozo|Rest|p1a: Dondozo
|-status|p1a: Dondozo|slp|[from] move: Rest
|-heal|p1a: Dondozo|100/100 slp|[silent]
|
|upkeep
|turn|141
|
|t:|1760332102
|switch|p2a: Corviknight|Corviknight, M|73/100
|-ability|p2a: Corviknight|Pressure
|switch|p1a: Hydrapple|Hydrapple, M|88/100
|-damage|p1a: Hydrapple|76/100|[from] Stealth Rock
|-damage|p1a: Hydrapple|51/100|[from] Spikes
|
|-heal|p2a: Corviknight|79/100|[from] item: Leftovers
|upkeep
|turn|142
|
|t:|1760332117
|switch|p2a: Blissey|Blissey, F|99/100
|move|p1a: Hydrapple|Giga Drain|p2a: Blissey
|-crit|p2a: Blissey
|-damage|p2a: Blissey|81/100
|-heal|p1a: Hydrapple|67/100|[from] drain|[of] p2a: Blissey
|
|-heal|p2a: Blissey|87/100|[from] item: Leftovers
|upkeep
|turn|143
|
|t:|1760332138
|switch|p1a: Gliscor|Gliscor, F|96/100 tox
|-damage|p1a: Gliscor|84/100 tox|[from] Stealth Rock
|move|p2a: Blissey|Seismic Toss|p1a: Gliscor
|-damage|p1a: Gliscor|55/100 tox
|
|-heal|p2a: Blissey|93/100|[from] item: Leftovers
|-heal|p1a: Gliscor|68/100 tox|[from] ability: Poison Heal
|upkeep
|turn|144
|
|t:|1760332154
|switch|p2a: Corviknight|Corviknight, M|79/100
|-ability|p2a: Corviknight|Pressure
|move|p1a: Gliscor|Ice Fang|p2a: Corviknight
|-damage|p2a: Corviknight|68/100
|
|-heal|p2a: Corviknight|74/100|[from] item: Leftovers
|-heal|p1a: Gliscor|80/100 tox|[from] ability: Poison Heal
|upkeep
|turn|145
|
|t:|1760332166
|move|p1a: Gliscor|U-turn|p2a: Corviknight
|-resisted|p2a: Corviknight
|-damage|p2a: Corviknight|71/100
|
|t:|1760332169
|switch|p1a: Iron Valiant|Iron Valiant|78/100|[from] U-turn
|-damage|p1a: Iron Valiant|71/100|[from] Stealth Rock
|-damage|p1a: Iron Valiant|47/100|[from] Spikes
|move|p2a: Corviknight|Iron Defense|p2a: Corviknight
|-boost|p2a: Corviknight|def|2
|
|-heal|p2a: Corviknight|77/100|[from] item: Leftovers
|upkeep
|turn|146
|
|t:|1760332183
|switch|p2a: Blissey|Blissey, F|93/100
|move|p1a: Iron Valiant|Close Combat|p2a: Blissey
|-supereffective|p2a: Blissey
|-damage|p2a: Blissey|0 fnt
|-unboost|p1a: Iron Valiant|def|1
|-unboost|p1a: Iron Valiant|spd|1
|faint|p2a: Blissey
|
|upkeep
|
|t:|1760332204
|switch|p2a: Corviknight|Corviknight, M|77/100
|-ability|p2a: Corviknight|Pressure
|turn|147
|
|t:|1760332212
|-end|p1a: Iron Valiant|Quark Drive|[silent]
|switch|p1a: Dondozo|Dondozo, F|100/100 slp
|-damage|p1a: Dondozo|88/100 slp|[from] Stealth Rock
|-damage|p1a: Dondozo|63/100 slp|[from] Spikes
|move|p2a: Corviknight|Iron Defense|p2a: Corviknight
|-boost|p2a: Corviknight|def|2
|
|-heal|p2a: Corviknight|84/100|[from] item: Leftovers
|upkeep
|turn|148
|
|t:|1760332225
|move|p2a: Corviknight|Body Press|p1a: Dondozo
|-damage|p1a: Dondozo|52/100 slp
|cant|p1a: Dondozo|slp
|
|-heal|p2a: Corviknight|90/100|[from] item: Leftovers
|upkeep
|turn|149
|
|t:|1760332239
|switch|p2a: Dondozo|Dondozo, M|100/100
|cant|p1a: Dondozo|slp
|
|upkeep
|turn|150
|
|t:|1760332247
|move|p2a: Dondozo|Curse|p2a: Dondozo
|-unboost|p2a: Dondozo|spe|1
|-boost|p2a: Dondozo|atk|1
|-boost|p2a: Dondozo|def|1
|-curestatus|p1a: Dondozo|slp|[msg]
|move|p1a: Dondozo|Curse|p1a: Dondozo
|-unboost|p1a: Dondozo|spe|1
|-boost|p1a: Dondozo|atk|1
|-boost|p1a: Dondozo|def|1
|
|upkeep
|turn|151
|
|t:|1760332258
|move|p2a: Dondozo|Curse|p2a: Dondozo
|-unboost|p2a: Dondozo|spe|1
|-boost|p2a: Dondozo|atk|1
|-boost|p2a: Dondozo|def|1
|move|p1a: Dondozo|Wave Crash|p2a: Dondozo
|-resisted|p2a: Dondozo
|-damage|p2a: Dondozo|91/100
|-damage|p1a: Dondozo|49/100|[from] Recoil
|
|-heal|p2a: Dondozo|97/100|[from] item: Leftovers
|upkeep
|turn|152
|
|t:|1760332278
|switch|p1a: Hydrapple|Hydrapple, M|99/100
|-damage|p1a: Hydrapple|88/100|[from] Stealth Rock
|-damage|p1a: Hydrapple|63/100|[from] Spikes
|move|p2a: Dondozo|Sleep Talk||[still]
|-fail|p2a: Dondozo
|
|-heal|p2a: Dondozo|100/100|[from] item: Leftovers
|upkeep
|turn|153
|
|t:|1760332291
|switch|p2a: Corviknight|Corviknight, M|90/100
|-ability|p2a: Corviknight|Pressure
|move|p1a: Hydrapple|Giga Drain|p2a: Corviknight
|-resisted|p2a: Corviknight
|-damage|p2a: Corviknight|80/100
|-heal|p1a: Hydrapple|68/100|[from] drain|[of] p2a: Corviknight
|
|-heal|p2a: Corviknight|86/100|[from] item: Leftovers
|upkeep
|turn|154
|
|t:|1760332307
|switch|p1a: Dondozo|Dondozo, F|49/100
|-damage|p1a: Dondozo|36/100|[from] Stealth Rock
|-damage|p1a: Dondozo|11/100|[from] Spikes
|move|p2a: Corviknight|Body Press|p1a: Dondozo
|-damage|p1a: Dondozo|0 fnt
|faint|p1a: Dondozo
|
|-heal|p2a: Corviknight|92/100|[from] item: Leftovers
|upkeep
|
|t:|1760332322
|switch|p1a: Iron Valiant|Iron Valiant|47/100
|-damage|p1a: Iron Valiant|40/100|[from] Stealth Rock
|-damage|p1a: Iron Valiant|15/100|[from] Spikes
|turn|155
|
|t:|1760332333
|move|p1a: Iron Valiant|Psychic|p2a: Corviknight
|-resisted|p2a: Corviknight
|-damage|p2a: Corviknight|78/100
|-unboost|p2a: Corviknight|spd|1
|move|p2a: Corviknight|Iron Defense|p2a: Corviknight
|-boost|p2a: Corviknight|def|2
|
|-heal|p2a: Corviknight|84/100|[from] item: Leftovers
|upkeep
|turn|156
|
|t:|1760332343
|move|p1a: Iron Valiant|Psychic|p2a: Corviknight
|-resisted|p2a: Corviknight
|-damage|p2a: Corviknight|62/100
|move|p2a: Corviknight|Body Press|p1a: Iron Valiant
|-resisted|p1a: Iron Valiant
|-damage|p1a: Iron Valiant|0 fnt
|faint|p1a: Iron Valiant
|-end|p1a: Iron Valiant|Quark Drive|[silent]
|
|-heal|p2a: Corviknight|68/100|[from] item: Leftovers
|upkeep
|
|t:|1760332356
|switch|p1a: Gliscor|Gliscor, F|80/100 tox
|-damage|p1a: Gliscor|68/100 tox|[from] Stealth Rock
|turn|157
|
|t:|1760332361
|switch|p2a: Gliscor|Gliscor, F|100/100 tox
|move|p1a: Gliscor|Ice Fang|p2a: Gliscor
|-supereffective|p2a: Gliscor
|-damage|p2a: Gliscor|47/100 tox
|
|-heal|p1a: Gliscor|80/100 tox|[from] ability: Poison Heal
|-heal|p2a: Gliscor|60/100 tox|[from] ability: Poison Heal
|upkeep
|turn|158
|
|t:|1760332372
|move|p2a: Gliscor|Protect|p2a: Gliscor
|-singleturn|p2a: Gliscor|Protect
|move|p1a: Gliscor|Ice Fang|p2a: Gliscor
|-activate|p2a: Gliscor|move: Protect
|
|-heal|p1a: Gliscor|93/100 tox|[from] ability: Poison Heal
|-heal|p2a: Gliscor|72/100 tox|[from] ability: Poison Heal
|upkeep
|turn|159
|
|t:|1760332389
|move|p1a: Gliscor|Ice Fang|p2a: Gliscor
|-supereffective|p2a: Gliscor
|-damage|p2a: Gliscor|15/100 tox
|move|p2a: Gliscor|Spikes||[still]
|-fail|p2a: Gliscor
|
|-heal|p1a: Gliscor|100/100 tox|[from] ability: Poison Heal
|-heal|p2a: Gliscor|28/100 tox|[from] ability: Poison Heal
|upkeep
|turn|160
|
|t:|1760332399
|move|p1a: Gliscor|Protect|p1a: Gliscor
|-singleturn|p1a: Gliscor|Protect
|move|p2a: Gliscor|Protect||[still]
|-fail|p2a: Gliscor
|
|-heal|p2a: Gliscor|40/100 tox|[from] ability: Poison Heal
|upkeep
|turn|161
|
|t:|1760332408
|move|p2a: Gliscor|Protect|p2a: Gliscor
|-singleturn|p2a: Gliscor|Protect
|move|p1a: Gliscor|Ice Fang|p2a: Gliscor
|-activate|p2a: Gliscor|move: Protect
|
|-heal|p2a: Gliscor|53/100 tox|[from] ability: Poison Heal
|upkeep
|turn|162
|
|t:|1760332429
|-terastallize|p2a: Gliscor|Water
|move|p1a: Gliscor|Ice Fang|p2a: Gliscor
|-resisted|p2a: Gliscor
|-damage|p2a: Gliscor|46/100 tox
|move|p2a: Gliscor|Knock Off|p1a: Gliscor
|-crit|p1a: Gliscor
|-damage|p1a: Gliscor|74/100 tox
|-enditem|p1a: Gliscor|Toxic Orb|[from] move: Knock Off|[of] p2a: Gliscor
|
|-heal|p1a: Gliscor|86/100 tox|[from] ability: Poison Heal
|-heal|p2a: Gliscor|58/100 tox|[from] ability: Poison Heal
|upkeep
|turn|163
|
|t:|1760332446
|move|p2a: Gliscor|Protect|p2a: Gliscor
|-singleturn|p2a: Gliscor|Protect
|move|p1a: Gliscor|Earthquake|p2a: Gliscor
|-activate|p2a: Gliscor|move: Protect
|
|-heal|p1a: Gliscor|99/100 tox|[from] ability: Poison Heal
|-heal|p2a: Gliscor|71/100 tox|[from] ability: Poison Heal
|upkeep
|turn|164
|
|t:|1760332464
|move|p1a: Gliscor|U-turn|p2a: Gliscor
|-damage|p2a: Gliscor|56/100 tox
|
|t:|1760332477
|switch|p1a: Hydrapple|Hydrapple, M|100/100|[from] U-turn
|-damage|p1a: Hydrapple|88/100|[from] Stealth Rock
|-damage|p1a: Hydrapple|63/100|[from] Spikes
|move|p2a: Gliscor|Knock Off|p1a: Hydrapple
|-damage|p1a: Hydrapple|53/100
|
|-heal|p2a: Gliscor|69/100 tox|[from] ability: Poison Heal
|upkeep
|turn|165
|
|t:|1760332488
|switch|p2a: Corviknight|Corviknight, M|68/100
|-ability|p2a: Corviknight|Pressure
|move|p1a: Hydrapple|Giga Drain|p2a: Corviknight
|-resisted|p2a: Corviknight
|-damage|p2a: Corviknight|59/100
|-heal|p1a: Hydrapple|58/100|[from] drain|[of] p2a: Corviknight
|
|-heal|p2a: Corviknight|65/100|[from] item: Leftovers
|upkeep
|turn|166
|
|t:|1760332502
|move|p2a: Corviknight|Roost|p2a: Corviknight
|-heal|p2a: Corviknight|100/100
|-singleturn|p2a: Corviknight|move: Roost
|move|p1a: Hydrapple|Giga Drain|p2a: Corviknight
|-resisted|p2a: Corviknight
|-damage|p2a: Corviknight|82/100
|-heal|p1a: Hydrapple|67/100|[from] drain|[of] p2a: Corviknight
|
|-heal|p2a: Corviknight|88/100|[from] item: Leftovers
|upkeep
|turn|167
|
|t:|1760332520
|switch|p1a: Gliscor|Gliscor, F|99/100 tox
|-damage|p1a: Gliscor|86/100 tox|[from] Stealth Rock
|move|p2a: Corviknight|Iron Defense|p2a: Corviknight
|-boost|p2a: Corviknight|def|2
|
|-heal|p2a: Corviknight|94/100|[from] item: Leftovers
|-heal|p1a: Gliscor|99/100 tox|[from] ability: Poison Heal
|upkeep
|turn|168
|
|t:|1760332534
|move|p1a: Gliscor|Ice Fang|p2a: Corviknight
|-damage|p2a: Corviknight|88/100
|cant|p2a: Corviknight|flinch
|
|-heal|p2a: Corviknight|94/100|[from] item: Leftovers
|-heal|p1a: Gliscor|100/100 tox|[from] ability: Poison Heal
|upkeep
|turn|169
|
|t:|1760332543
|move|p1a: Gliscor|U-turn|p2a: Corviknight
|-resisted|p2a: Corviknight
|-damage|p2a: Corviknight|93/100
|
|t:|1760332548
|switch|p1a: Hydrapple|Hydrapple, M|99/100|[from] U-turn
|-damage|p1a: Hydrapple|88/100|[from] Stealth Rock
|-damage|p1a: Hydrapple|63/100|[from] Spikes
|move|p2a: Corviknight|Iron Defense|p2a: Corviknight
|-boost|p2a: Corviknight|def|2
|
|-heal|p2a: Corviknight|99/100|[from] item: Leftovers
|upkeep
|turn|170
|
|t:|1760332560
|move|p2a: Corviknight|Iron Defense|p2a: Corviknight
|-boost|p2a: Corviknight|def|2
|move|p1a: Hydrapple|Earth Power|p2a: Corviknight
|-immune|p2a: Corviknight
|
|-heal|p2a: Corviknight|100/100|[from] item: Leftovers
|upkeep
|turn|171
|
|t:|1760332572
|move|p2a: Corviknight|Body Press|p1a: Hydrapple
|-damage|p1a: Hydrapple|0 fnt
|faint|p1a: Hydrapple
|
|upkeep
|
|t:|1760332578
|switch|p1a: Gliscor|Gliscor, F|100/100 tox
|-damage|p1a: Gliscor|88/100 tox|[from] Stealth Rock
|turn|172
|
|t:|1760332583
|move|p1a: Gliscor|Protect|p1a: Gliscor
|-singleturn|p1a: Gliscor|Protect
|move|p2a: Corviknight|Body Press|p1a: Gliscor
|-activate|p1a: Gliscor|move: Protect
|
|-heal|p1a: Gliscor|100/100 tox|[from] ability: Poison Heal
|upkeep
|turn|173
|
|t:|1760332593
|move|p1a: Gliscor|U-turn|p2a: Corviknight
|-resisted|p2a: Corviknight
|-damage|p2a: Corviknight|99/100
|
|t:|1760332596
|switch|p1a: Kingambit|Kingambit, F|69/100|[from] U-turn
|-damage|p1a: Kingambit|63/100|[from] Stealth Rock
|-damage|p1a: Kingambit|38/100|[from] Spikes
|-activate|p1a: Kingambit|ability: Supreme Overlord
|-start|p1a: Kingambit|fallen4|[silent]
|move|p2a: Corviknight|Body Press|p1a: Kingambit
|-supereffective|p1a: Kingambit
|-damage|p1a: Kingambit|0 fnt
|faint|p1a: Kingambit
|-end|p1a: Kingambit|fallen4|[silent]
|
|-heal|p2a: Corviknight|100/100|[from] item: Leftovers
|upkeep
|-message|dingo2001 forfeited.
|
|win|m3t30rch4mpi0n1in
|raw|dingo2001's rating: 1315 &rarr; <strong>1293</strong><br />(-22 for losing)
|raw|m3t30rch4mpi0n1in's rating: 1275 &rarr; <strong>1303</strong><br />(+28 for winning)
|l|☆dingo2001
|player|p1|
|l|☆m3t30rch4mpi0n1in
|player|p2|
|j|☆m3t30rch4mpi0n1in
|player|p2|m3t30rch4mpi0n1in|zinzolin|
