|j|☆deepfriedmagikarp
|j|☆RoddyJ
|t:|1760330540
|gametype|singles
|player|p1|deepfriedmagikarp|pokemonranger-gen4|1675
|player|p2|RoddyJ|ethan|1803
|gen|9
|tier|[Gen 9] OU
|rated|
|rule|HP Percentage Mod: HP is shown in percentages
|rule|Endless Battle Clause: Forcing endless battles is banned
|rule|Species Clause: Limit one of each Pokémon
|rule|OHKO Clause: OHKO moves are banned
|rule|Evasion Items Clause: Evasion items are banned
|rule|Evasion Moves Clause: Evasion moves are banned
|rule|Evasion Abilities Clause: Evasion abilities are banned
|rule|Sleep Moves Clause: Sleep-inducing moves are banned
|clearpoke
|poke|p1|Ogerpon-Wellspring, F|
|poke|p1|Kingambit, M|
|poke|p1|Landorus-Therian, M|
|poke|p1|Glimmora, M|
|poke|p1|Dragapult, M|
|poke|p1|Iron Valiant|
|poke|p2|Scizor, F|
|poke|p2|Zamazenta-*|
|poke|p2|Latios, M|
|poke|p2|Glimmora, M|
|poke|p2|Great Tusk|
|poke|p2|Milotic, M|
|teampreview
|inactive|Battle timer is ON: inactive players will automatically lose when time's up. (requested by deepfriedmagikarp)
|inactive|RoddyJ has 120 seconds left.
|
|t:|1760330571
|teamsize|p1|6
|teamsize|p2|6
|start
|switch|p1a: Kingambit|Kingambit, M|100/100
|switch|p2a: Milotic|Milotic, M, shiny|100/100
|turn|1
|
|t:|1760330577
|-end|p1a: Kingambit|fallenundefined|[silent]
|switch|p1a: Ogerpon|Ogerpon-Wellspring, F|100/100
|move|p2a: Milotic|Scald|p1a: Ogerpon
|-immune|p1a: Ogerpon|[from] ability: Water Absorb
|
|upkeep
|turn|2
|
|t:|1760330587
|switch|p2a: Scizor|Scizor, F, shiny|100/100
|move|p1a: Ogerpon|Ivy Cudgel|p2a: Scizor|[anim] Ivy Cudgel Water
|-damage|p2a: Scizor|43/100
|
|-heal|p2a: Scizor|49/100|[from] item: Leftovers
|upkeep
|turn|3
|
|t:|1760330591
|move|p1a: Ogerpon|Ivy Cudgel|p2a: Scizor|[anim] Ivy Cudgel Water
|-crit|p2a: Scizor
|-damage|p2a: Scizor|0 fnt
|faint|p2a: Scizor
|
|upkeep
|
|t:|1760330599
|switch|p2a: Latios|Latios, M, shiny|100/100
|turn|4
|j| Supa Dupa Hoopa
|
|t:|1760330608
|switch|p1a: Kingambit|Kingambit, M|100/100
|move|p2a: Latios|Agility|p2a: Latios
|-boost|p2a: Latios|spe|2
|
|upkeep
|turn|5
|
|t:|1760330612
|move|p2a: Latios|Aura Sphere|p1a: Kingambit
|-supereffective|p1a: Kingambit
|-damage|p1a: Kingambit|12/100
|move|p1a: Kingambit|Kowtow Cleave|p2a: Latios
|-supereffective|p2a: Latios
|-damage|p2a: Latios|0 fnt
|faint|p2a: Latios
|
|-heal|p1a: Kingambit|18/100|[from] item: Leftovers
|upkeep
|
|t:|1760330616
|switch|p2a: Glimmora|Glimmora, M, shiny|100/100
|-item|p2a: Glimmora|Air Balloon
|turn|6
|
|t:|1760330623
|move|p1a: Kingambit|Sucker Punch||[still]
|-fail|p1a: Kingambit
|move|p2a: Glimmora|Stealth Rock|p1a: Kingambit
|-sidestart|p1: deepfriedmagikarp|move: Stealth Rock
|
|-heal|p1a: Kingambit|24/100|[from] item: Leftovers
|upkeep
|turn|7
|
|t:|1760330625
|move|p1a: Kingambit|Sucker Punch|p2a: Glimmora
|-crit|p2a: Glimmora
|-damage|p2a: Glimmora|29/100
|-activate|p2a: Glimmora|ability: Toxic Debris
|-sidestart|p1: deepfriedmagikarp|move: Toxic Spikes
|-enditem|p2a: Glimmora|Air Balloon
|move|p2a: Glimmora|Earth Power|p1a: Kingambit
|-supereffective|p1a: Kingambit
|-damage|p1a: Kingambit|0 fnt
|faint|p1a: Kingambit
|-end|p1a: Kingambit|fallenundefined|[silent]
|
|upkeep
|
|t:|1760330633
|switch|p1a: Glimmora|Glimmora, M|100/100
|-damage|p1a: Glimmora|88/100|[from] Stealth Rock
|-sideend|p1: deepfriedmagikarp|move: Toxic Spikes|[of] p1a: Glimmora
|turn|8
|
|t:|1760330636
|move|p2a: Glimmora|Earth Power|p1a: Glimmora
|-supereffective|p1a: Glimmora
|-damage|p1a: Glimmora|0 fnt
|faint|p1a: Glimmora
|
|upkeep
|
|t:|1760330641
|switch|p1a: Dragapult|Dragapult, M|100/100
|-damage|p1a: Dragapult|88/100|[from] Stealth Rock
|turn|9
|
|t:|1760330646
|switch|p2a: Milotic|Milotic, M, shiny|100/100
|move|p1a: Dragapult|Shadow Ball|p2a: Milotic
|-damage|p2a: Milotic|74/100
|-unboost|p2a: Milotic|spd|1
|-ability|p2a: Milotic|Competitive|boost
|-boost|p2a: Milotic|spa|2
|
|upkeep
|turn|10
|
|t:|1760330652
|move|p1a: Dragapult|Shadow Ball|p2a: Milotic
|-damage|p2a: Milotic|36/100
|move|p2a: Milotic|Ice Beam|p1a: Dragapult
|-supereffective|p1a: Dragapult
|-crit|p1a: Dragapult
|-damage|p1a: Dragapult|0 fnt
|faint|p1a: Dragapult
|
|upkeep
|
|t:|1760330657
|switch|p1a: Ogerpon|Ogerpon-Wellspring, F|100/100
|-damage|p1a: Ogerpon|88/100|[from] Stealth Rock
|turn|11
|
|t:|1760330668
|switch|p2a: Glimmora|Glimmora, M, shiny|29/100
|move|p1a: Ogerpon|Horn Leech|p2a: Glimmora
|-damage|p2a: Glimmora|0 fnt
|-heal|p1a: Ogerpon|100/100|[from] drain|[of] p2a: Glimmora
|-activate|p2a: Glimmora|ability: Toxic Debris
|-sidestart|p1: deepfriedmagikarp|move: Toxic Spikes
|faint|p2a: Glimmora
|
|upkeep
|
|t:|1760330674
|switch|p2a: Zamazenta|Zamazenta, shiny|100/100
|-ability|p2a: Zamazenta|Dauntless Shield|boost
|-boost|p2a: Zamazenta|def|1
|turn|12
|
|t:|1760330676
|move|p1a: Ogerpon|Ivy Cudgel|p2a: Zamazenta|[anim] Ivy Cudgel Water
|-crit|p2a: Zamazenta
|-damage|p2a: Zamazenta|37/100
|move|p2a: Zamazenta|Roar|p1a: Ogerpon
|drag|p1a: Iron Valiant|Iron Valiant|100/100
|-damage|p1a: Iron Valiant|94/100|[from] Stealth Rock
|-status|p1a: Iron Valiant|psn
|-enditem|p1a: Iron Valiant|Booster Energy
|-activate|p1a: Iron Valiant|ability: Quark Drive|[fromitem]
|-start|p1a: Iron Valiant|quarkdrivespe
|
|-heal|p2a: Zamazenta|43/100|[from] item: Leftovers
|-damage|p1a: Iron Valiant|82/100 psn|[from] psn
|upkeep
|turn|13
|
|t:|1760330692
|-terastallize|p2a: Zamazenta|Bug
|move|p1a: Iron Valiant|Spirit Break|p2a: Zamazenta
|-damage|p2a: Zamazenta|24/100
|-unboost|p2a: Zamazenta|spa|1
|move|p2a: Zamazenta|Heavy Slam|p1a: Iron Valiant
|-supereffective|p1a: Iron Valiant
|-damage|p1a: Iron Valiant|1/100 psn
|
|-heal|p2a: Zamazenta|30/100|[from] item: Leftovers
|-damage|p1a: Iron Valiant|0 fnt|[from] psn
|faint|p1a: Iron Valiant
|-end|p1a: Iron Valiant|Quark Drive|[silent]
|upkeep
|
|t:|1760330698
|switch|p1a: Landorus|Landorus-Therian, M|100/100
|-damage|p1a: Landorus|88/100|[from] Stealth Rock
|-ability|p1a: Landorus|Intimidate|boost
|-unboost|p2a: Zamazenta|atk|1
|turn|14
|
|t:|1760330709
|move|p2a: Zamazenta|Iron Defense|p2a: Zamazenta
|-boost|p2a: Zamazenta|def|2
|move|p1a: Landorus|Stone Edge|p2a: Zamazenta
|-supereffective|p2a: Zamazenta
|-damage|p2a: Zamazenta|12/100
|
|-heal|p2a: Zamazenta|18/100|[from] item: Leftovers
|upkeep
|turn|15
|
|t:|1760330722
|move|p2a: Zamazenta|Body Press|p1a: Landorus
|-resisted|p1a: Landorus
|-crit|p1a: Landorus
|-damage|p1a: Landorus|16/100
|-damage|p2a: Zamazenta|1/100|[from] item: Rocky Helmet|[of] p1a: Landorus
|move|p1a: Landorus|Stone Edge|p2a: Zamazenta|[miss]
|-miss|p1a: Landorus|p2a: Zamazenta
|
|-heal|p2a: Zamazenta|8/100|[from] item: Leftovers
|upkeep
|turn|16
|
|t:|1760330741
|switch|p2a: Milotic|Milotic, M, shiny|36/100
|move|p1a: Landorus|Stone Edge|p2a: Milotic|[miss]
|-miss|p1a: Landorus|p2a: Milotic
|
|upkeep
|turn|17
|
|t:|1760330746
|move|p1a: Landorus|Earthquake|p2a: Milotic
|-damage|p2a: Milotic|0 fnt
|faint|p2a: Milotic
|
|upkeep
|
|t:|1760330748
|switch|p2a: Great Tusk|Great Tusk, shiny|100/100
|turn|18
|
|t:|1760330750
|move|p1a: Landorus|Earthquake|p2a: Great Tusk
|-damage|p2a: Great Tusk|72/100
|move|p2a: Great Tusk|Rapid Spin|p1a: Landorus
|-damage|p1a: Landorus|0 fnt
|-boost|p2a: Great Tusk|spe|1
|-damage|p2a: Great Tusk|56/100|[from] item: Rocky Helmet|[of] p1a: Landorus
|faint|p1a: Landorus
|
|upkeep
|
|t:|1760330752
|switch|p1a: Ogerpon|Ogerpon-Wellspring, F|100/100
|-damage|p1a: Ogerpon|88/100|[from] Stealth Rock
|-status|p1a: Ogerpon|psn
|turn|19
|
|t:|1760330757
|move|p1a: Ogerpon|Ivy Cudgel|p2a: Great Tusk|[anim] Ivy Cudgel Water
|-supereffective|p2a: Great Tusk
|-damage|p2a: Great Tusk|0 fnt
|faint|p2a: Great Tusk
|-end|p2a: Great Tusk|Protosynthesis|[silent]
|
|-damage|p1a: Ogerpon|76/100 psn|[from] psn
|upkeep
|
|t:|1760330759
|switch|p2a: Zamazenta|Zamazenta, shiny, tera:Bug|8/100
|turn|20
|
|t:|1760330762
|-terastallize|p1a: Ogerpon|Water
|detailschange|p1a: Ogerpon|Ogerpon-Wellspring-Tera, F, tera:Water
|-ability|p1a: Ogerpon|Embody Aspect (Wellspring)|boost
|-boost|p1a: Ogerpon|spd|1
|move|p2a: Zamazenta|Body Press|p1a: Ogerpon
|-damage|p1a: Ogerpon|28/100 psn
|move|p1a: Ogerpon|Ivy Cudgel|p2a: Zamazenta|[anim] Ivy Cudgel Water
|-damage|p2a: Zamazenta|0 fnt
|faint|p2a: Zamazenta
|
|win|deepfriedmagikarp
|raw|deepfriedmagikarp's rating: 1675 &rarr; <strong>1702</strong><br />(+27 for winning)
|raw|RoddyJ's rating: 1803 &rarr; <strong>1776</strong><br />(-27 for losing)
|l|☆deepfriedmagikarp
|player|p1|
|l|☆RoddyJ
|player|p2|
