|j|☆pyxel_wyzard
|j|☆Graveler's Delight
|t:|1760372286
|gametype|singles
|player|p1|pyxel_wyzard|miku-ghost|1395
|player|p2|Graveler's Delight|scientist-gen4dp|1357
|gen|9
|tier|[Gen 9] OU
|rated|
|rule|HP Percentage Mod: HP is shown in percentages
|rule|Endless Battle Clause: Forcing endless battles is banned
|rule|Species Clause: Limit one of each Pokémon
|rule|OHKO Clause: OHKO moves are banned
|rule|Evasion Items Clause: Evasion items are banned
|rule|Evasion Moves Clause: Evasion moves are banned
|rule|Evasion Abilities Clause: Evasion abilities are banned
|rule|Sleep Moves Clause: Sleep-inducing moves are banned
|clearpoke
|poke|p1|Yanmega, M|
|poke|p1|Weezing-Galar, F|
|poke|p1|Garganacl, F|
|poke|p1|Dragapult, F|
|poke|p1|Slowking-Galar, F|
|poke|p1|Iron Valiant|
|poke|p2|Orthworm, M|
|poke|p2|Graveler, F|
|poke|p2|Dragapult, F|
|poke|p2|Darkrai|
|poke|p2|Weavile, F|
|poke|p2|Weezing-Galar, M|
|teampreview
|inactive|Battle timer is ON: inactive players will automatically lose when time's up. (requested by Graveler's Delight)
|inactive|pyxel_wyzard also wants the timer to be on.
|inactive|pyxel_wyzard has 120 seconds left.
|
|t:|1760372329
|teamsize|p1|6
|teamsize|p2|6
|start
|switch|p1a: Sealtstan|Garganacl, F|100/100
|switch|p2a: Weavile|Weavile, F|100/100
|turn|1
|
|t:|1760372342
|move|p2a: Weavile|Fake Out|p1a: Sealtstan
|-resisted|p1a: Sealtstan
|-damage|p1a: Sealtstan|96/100
|cant|p1a: Sealtstan|flinch
|
|-heal|p1a: Sealtstan|100/100|[from] item: Leftovers
|upkeep
|turn|2
|
|t:|1760372350
|switch|p2a: Orthworm|Orthworm, M|100/100
|move|p1a: Sealtstan|Salt Cure|p2a: Orthworm
|-resisted|p2a: Orthworm
|-damage|p2a: Orthworm|96/100
|
|upkeep
|turn|3
|
|t:|1760372377
|switch|p1a: Larwita|Weezing-Galar, F|100/100
|-ability|p1a: Larwita|Neutralizing Gas
|move|p2a: Orthworm|Coil|p2a: Orthworm
|-boost|p2a: Orthworm|atk|1
|-boost|p2a: Orthworm|def|1
|-boost|p2a: Orthworm|accuracy|1
|
|upkeep
|turn|4
|
|t:|1760372386
|move|p2a: Orthworm|Iron Tail|p1a: Larwita
|-supereffective|p1a: Larwita
|-damage|p1a: Larwita|21/100
|move|p1a: Larwita|Will-O-Wisp|p2a: Orthworm
|-status|p2a: Orthworm|brn
|
|-damage|p2a: Orthworm|89/100 brn|[from] brn
|upkeep
|turn|5
|inactive|pyxel_wyzard has 120 seconds left.
|
|t:|1760372426
|-end|p1a: Larwita|ability: Neutralizing Gas
|switch|p1a: Sealtstan|Garganacl, F|100/100
|move|p2a: Orthworm|Coil|p2a: Orthworm
|-boost|p2a: Orthworm|atk|1
|-boost|p2a: Orthworm|def|1
|-boost|p2a: Orthworm|accuracy|1
|
|-damage|p2a: Orthworm|83/100 brn|[from] brn
|upkeep
|turn|6
|
|t:|1760372441
|move|p2a: Orthworm|Body Press|p1a: Sealtstan
|-supereffective|p1a: Sealtstan
|-damage|p1a: Sealtstan|70/100
|move|p1a: Sealtstan|Stealth Rock|p2a: Orthworm
|-sidestart|p2: Graveler's Delight|move: Stealth Rock
|
|-heal|p1a: Sealtstan|76/100|[from] item: Leftovers
|-damage|p2a: Orthworm|77/100 brn|[from] brn
|upkeep
|turn|7
|inactive|pyxel_wyzard has 90 seconds left.
|
|t:|1760372472
|switch|p1a: Larwita|Weezing-Galar, F|21/100
|-ability|p1a: Larwita|Neutralizing Gas
|move|p2a: Orthworm|Coil|p2a: Orthworm
|-boost|p2a: Orthworm|atk|1
|-boost|p2a: Orthworm|def|1
|-boost|p2a: Orthworm|accuracy|1
|
|-damage|p2a: Orthworm|71/100 brn|[from] brn
|upkeep
|turn|8
|
|t:|1760372484
|move|p2a: Orthworm|Iron Tail|p1a: Larwita
|-supereffective|p1a: Larwita
|-damage|p1a: Larwita|0 fnt
|faint|p1a: Larwita
|-end|p1a: Larwita|ability: Neutralizing Gas
|
|-damage|p2a: Orthworm|65/100 brn|[from] brn
|upkeep
|
|t:|1760372490
|switch|p1a: Níðdraca|Dragapult, F|100/100
|turn|9
|
|t:|1760372502
|-terastallize|p2a: Orthworm|Steel
|move|p1a: Níðdraca|Flamethrower|p2a: Orthworm
|-supereffective|p2a: Orthworm
|-damage|p2a: Orthworm|0 fnt
|faint|p2a: Orthworm
|
|upkeep
|
|t:|1760372510
|switch|p2a: Weezing|Weezing-Galar, M|100/100
|-ability|p2a: Weezing|Neutralizing Gas
|turn|10
|inactive|pyxel_wyzard has 120 seconds left.
|
|t:|1760372519
|move|p1a: Níðdraca|Flamethrower|p2a: Weezing
|-damage|p2a: Weezing|47/100
|move|p2a: Weezing|Strange Steam|p1a: Níðdraca
|-supereffective|p1a: Níðdraca
|-damage|p1a: Níðdraca|28/100
|
|upkeep
|turn|11
|
|t:|1760372528
|move|p1a: Níðdraca|Flamethrower|p2a: Weezing
|-damage|p2a: Weezing|0 fnt
|faint|p2a: Weezing
|-end|p2a: Weezing|ability: Neutralizing Gas
|
|upkeep
|
|t:|1760372532
|switch|p2a: Weavile|Weavile, F|100/100
|-damage|p2a: Weavile|76/100|[from] Stealth Rock
|turn|12
|inactive|pyxel_wyzard has 120 seconds left.
|
|t:|1760372553
|move|p1a: Níðdraca|Flamethrower|p2a: Weavile
|-supereffective|p2a: Weavile
|-damage|p2a: Weavile|0 fnt
|faint|p2a: Weavile
|
|upkeep
|
|t:|1760372563
|switch|p2a: Dragapult|Dragapult, F|100/100
|-damage|p2a: Dragapult|88/100|[from] Stealth Rock
|turn|13
|
|t:|1760372574
|switch|p1a: Þiccol|Slowking-Galar, F|100/100
|move|p2a: Dragapult|Dragon Darts|p1a: Þiccol
|-damage|p1a: Þiccol|78/100
|-anim|p2a: Dragapult|Dragon Darts|p1a: Þiccol
|-damage|p1a: Þiccol|58/100
|
|upkeep
|turn|14
|inactive|pyxel_wyzard has 120 seconds left.
|inactive|pyxel_wyzard has 90 seconds left.
|
|t:|1760372629
|switch|p1a: Sealtstan|Garganacl, F|76/100
|move|p2a: Dragapult|Light Screen|p2a: Dragapult
|-sidestart|p2: Graveler's Delight|move: Light Screen
|
|-heal|p1a: Sealtstan|83/100|[from] item: Leftovers
|upkeep
|turn|15
|
|t:|1760372652
|move|p2a: Dragapult|Flamethrower|p1a: Sealtstan
|-resisted|p1a: Sealtstan
|-damage|p1a: Sealtstan|75/100
|move|p1a: Sealtstan|Salt Cure|p2a: Dragapult
|-damage|p2a: Dragapult|72/100
|-start|p2a: Dragapult|Salt Cure
|
|-heal|p1a: Sealtstan|82/100|[from] item: Leftovers
|-damage|p2a: Dragapult|59/100|[from] Salt Cure
|upkeep
|turn|16
|inactive|pyxel_wyzard has 90 seconds left.
|
|t:|1760372660
|move|p2a: Dragapult|Dragon Darts|p1a: Sealtstan
|-damage|p1a: Sealtstan|68/100
|-anim|p2a: Dragapult|Dragon Darts|p1a: Sealtstan
|-damage|p1a: Sealtstan|55/100
|move|p1a: Sealtstan|Salt Cure|p2a: Dragapult
|-damage|p2a: Dragapult|41/100
|
|-heal|p1a: Sealtstan|61/100|[from] item: Leftovers
|-damage|p2a: Dragapult|28/100|[from] Salt Cure
|upkeep
|turn|17
|
|t:|1760372669
|switch|p2a: Graveler|Graveler, F|100/100
|-damage|p2a: Graveler|95/100|[from] Stealth Rock
|move|p1a: Sealtstan|Recover|p1a: Sealtstan
|-heal|p1a: Sealtstan|100/100
|
|upkeep
|turn|18
|
|t:|1760372681
|switch|p1a: Níðdraca|Dragapult, F|28/100
|move|p2a: Graveler|Rock Polish|p2a: Graveler
|-boost|p2a: Graveler|spe|2
|
|upkeep
|turn|19
|
|t:|1760372697
|move|p1a: Níðdraca|Shadow Ball|p2a: Graveler
|-damage|p2a: Graveler|0 fnt
|faint|p2a: Graveler
|
|upkeep
|
|t:|1760372702
|switch|p2a: Darkrai|Darkrai|100/100
|-damage|p2a: Darkrai|88/100|[from] Stealth Rock
|turn|20
|
|t:|1760372714
|switch|p1a: Isern|Iron Valiant|100/100
|-enditem|p1a: Isern|Booster Energy
|-activate|p1a: Isern|ability: Quark Drive|[fromitem]
|-start|p1a: Isern|quarkdrivespe
|move|p2a: Darkrai|Ice Beam|p1a: Isern
|-damage|p1a: Isern|43/100
|
|upkeep
|turn|21
|inactive|pyxel_wyzard has 120 seconds left.
|
|t:|1760372723
|move|p2a: Darkrai|Ice Beam|p1a: Isern
|-damage|p1a: Isern|0 fnt
|faint|p1a: Isern
|-end|p1a: Isern|Quark Drive|[silent]
|
|-sideend|p2: Graveler's Delight|move: Light Screen
|upkeep
|inactive|pyxel_wyzard has 120 seconds left.
|
|t:|1760372745
|switch|p1a: Sealtstan|Garganacl, F|100/100
|turn|22
|
|t:|1760372751
|move|p2a: Darkrai|Ice Beam|p1a: Sealtstan
|-damage|p1a: Sealtstan|79/100
|move|p1a: Sealtstan|Salt Cure|p2a: Darkrai
|-crit|p2a: Darkrai
|-damage|p2a: Darkrai|61/100
|-start|p2a: Darkrai|Salt Cure
|
|-heal|p1a: Sealtstan|85/100|[from] item: Leftovers
|-damage|p2a: Darkrai|49/100|[from] Salt Cure
|upkeep
|turn|23
|inactive|pyxel_wyzard has 120 seconds left.
|-message|Graveler's Delight forfeited.
|
|win|pyxel_wyzard
|raw|pyxel_wyzard's rating: 1395 &rarr; <strong>1413</strong><br />(+18 for winning)
|raw|Graveler&apos;s Delight's rating: 1357 &rarr; <strong>1339</strong><br />(-18 for losing)
|l|☆Graveler's Delight
|player|p2|
|l|☆pyxel_wyzard
|player|p1|
