|j|☆106abd
|j|☆teatrero mugroso
|t:|1760357478
|gametype|singles
|player|p1|106abd|hilbert-wonderlauncher|1432
|player|p2|teatrero mugroso|blue|1390
|gen|9
|tier|[Gen 9] OU
|rated|
|rule|HP Percentage Mod: HP is shown in percentages
|rule|Endless Battle Clause: Forcing endless battles is banned
|rule|Species Clause: Limit one of each Pokémon
|rule|OHKO Clause: OHKO moves are banned
|rule|Evasion Items Clause: Evasion items are banned
|rule|Evasion Moves Clause: Evasion moves are banned
|rule|Evasion Abilities Clause: Evasion abilities are banned
|rule|Sleep Moves Clause: Sleep-inducing moves are banned
|clearpoke
|poke|p1|Whimsicott, M|
|poke|p1|Garganacl, M|
|poke|p1|Dragapult, M|
|poke|p1|Talonflame, M|
|poke|p1|Kingambit, M|
|poke|p1|Greninja-*, M|
|poke|p2|Clefable, M|
|poke|p2|Blastoise, M|
|poke|p2|Gengar, M|
|poke|p2|Magneton|
|poke|p2|Dragonite, M|
|poke|p2|Moltres|
|teampreview
|inactive|Battle timer is ON: inactive players will automatically lose when time's up. (requested by teatrero mugroso)
|
|t:|1760357497
|teamsize|p1|6
|teamsize|p2|6
|start
|switch|p1a: Garganacl|Garganacl, M|100/100
|switch|p2a: Magneton|Magneton|100/100
|turn|1
|
|t:|1760357502
|move|p2a: Magneton|Flash Cannon|p1a: Garganacl
|-supereffective|p1a: Garganacl
|-damage|p1a: Garganacl|21/100
|move|p1a: Garganacl|Salt Cure|p2a: Magneton
|-resisted|p2a: Magneton
|-damage|p2a: Magneton|89/100
|-start|p2a: Magneton|Salt Cure
|
|-heal|p1a: Garganacl|27/100|[from] item: Leftovers
|-damage|p2a: Magneton|64/100|[from] Salt Cure
|upkeep
|turn|2
|
|t:|1760357511
|move|p1a: Garganacl|Protect|p1a: Garganacl
|-singleturn|p1a: Garganacl|Protect
|move|p2a: Magneton|Flash Cannon|p1a: Garganacl
|-activate|p1a: Garganacl|move: Protect
|
|-heal|p1a: Garganacl|34/100|[from] item: Leftovers
|-damage|p2a: Magneton|40/100|[from] Salt Cure
|upkeep
|turn|3
|
|t:|1760357517
|switch|p1a: Kingambit|Kingambit, M|100/100
|move|p2a: Magneton|Flash Cannon|p1a: Kingambit
|-resisted|p1a: Kingambit
|-damage|p1a: Kingambit|71/100
|
|-heal|p1a: Kingambit|78/100|[from] item: Leftovers
|-damage|p2a: Magneton|15/100|[from] Salt Cure
|upkeep
|turn|4
|
|t:|1760357526
|switch|p2a: Moltres|Moltres|100/100
|move|p1a: Kingambit|Sucker Punch||[still]
|-fail|p1a: Kingambit
|
|-heal|p1a: Kingambit|84/100|[from] item: Leftovers
|upkeep
|turn|5
|
|t:|1760357539
|switch|p2a: Gengar|Gengar, M|100/100
|-end|p1a: Kingambit|fallenundefined|[silent]
|switch|p1a: Garganacl|Garganacl, M|34/100
|
|-heal|p1a: Garganacl|40/100|[from] item: Leftovers
|upkeep
|turn|6
|
|t:|1760357546
|move|p2a: Gengar|Focus Blast|p1a: Garganacl
|-supereffective|p1a: Garganacl
|-damage|p1a: Garganacl|0 fnt
|faint|p1a: Garganacl
|
|upkeep
|
|t:|1760357552
|switch|p1a: Dragapult|Dragapult, M|100/100
|turn|7
|
|t:|1760357555
|switch|p2a: Clefable|Clefable, M|100/100
|move|p1a: Dragapult|U-turn|p2a: Clefable
|-resisted|p2a: Clefable
|-crit|p2a: Clefable
|-damage|p2a: Clefable|81/100
|
|t:|1760357564
|switch|p1a: Kingambit|Kingambit, M|84/100|[from] U-turn
|-activate|p1a: Kingambit|ability: Supreme Overlord
|-start|p1a: Kingambit|fallen1|[silent]
|
|-heal|p1a: Kingambit|90/100|[from] item: Leftovers
|-heal|p2a: Clefable|87/100|[from] item: Leftovers
|upkeep
|turn|8
|
|t:|1760357572
|-end|p1a: Kingambit|fallen1|[silent]
|switch|p1a: Greninja|Greninja, M, shiny|100/100
|switch|p2a: Moltres|Moltres|100/100
|
|upkeep
|turn|9
|
|t:|1760357584
|switch|p2a: Magneton|Magneton|15/100
|move|p1a: Greninja|Dark Pulse|p2a: Magneton
|-start|p1a: Greninja|typechange|Dark|[from] ability: Protean
|-damage|p2a: Magneton|0 fnt
|faint|p2a: Magneton
|-damage|p1a: Greninja|91/100|[from] item: Life Orb
|
|upkeep
|
|t:|1760357596
|switch|p2a: Clefable|Clefable, M|87/100
|turn|10
|
|t:|1760357602
|-terastallize|p1a: Greninja|Poison
|move|p1a: Greninja|Sludge Wave|p2a: Clefable
|-supereffective|p2a: Clefable
|-damage|p2a: Clefable|8/100
|-damage|p1a: Greninja|81/100|[from] item: Life Orb
|move|p2a: Clefable|Stealth Rock|p1a: Greninja
|-sidestart|p1: 106abd|move: Stealth Rock
|
|-heal|p2a: Clefable|14/100|[from] item: Leftovers
|upkeep
|turn|11
|
|t:|1760357617
|move|p1a: Greninja|Dark Pulse|p2a: Clefable
|-resisted|p2a: Clefable
|-damage|p2a: Clefable|0 fnt
|faint|p2a: Clefable
|-damage|p1a: Greninja|71/100|[from] item: Life Orb
|
|upkeep
|
|t:|1760357624
|switch|p2a: Dragonite|Dragonite, M|100/100
|turn|12
|
|t:|1760357627
|-terastallize|p2a: Dragonite|Normal
|move|p2a: Dragonite|Extreme Speed|p1a: Greninja
|-damage|p1a: Greninja|0 fnt
|faint|p1a: Greninja
|
|upkeep
|
|t:|1760357636
|switch|p1a: Talonflame|Talonflame, M|100/100
|turn|13
|
|t:|1760357641
|switch|p2a: Blastoise|Blastoise, M|100/100
|move|p1a: Talonflame|Defog|p2a: Blastoise
|-unboost|p2a: Blastoise|evasion|1
|-sideend|p1: 106abd|Stealth Rock|[from] move: Defog|[of] p1a: Talonflame
|
|upkeep
|turn|14
|
|t:|1760357648
|switch|p1a: Whimsicott|Whimsicott, M|100/100
|move|p2a: Blastoise|Flip Turn|p1a: Whimsicott
|-resisted|p1a: Whimsicott
|-damage|p1a: Whimsicott|89/100
|
|t:|1760357655
|switch|p2a: Gengar|Gengar, M|100/100|[from] Flip Turn
|
|upkeep
|turn|15
|
|t:|1760357665
|move|p1a: Whimsicott|Shadow Ball|p2a: Gengar
|-supereffective|p2a: Gengar
|-damage|p2a: Gengar|9/100
|-unboost|p2a: Gengar|spd|1
|move|p2a: Gengar|Sludge Wave|p1a: Whimsicott
|-supereffective|p1a: Whimsicott
|-damage|p1a: Whimsicott|0 fnt
|faint|p1a: Whimsicott
|
|upkeep
|
|t:|1760357671
|switch|p1a: Kingambit|Kingambit, M|90/100
|-activate|p1a: Kingambit|ability: Supreme Overlord
|-start|p1a: Kingambit|fallen3|[silent]
|turn|16
|
|t:|1760357676
|move|p2a: Gengar|Destiny Bond|p2a: Gengar
|-singlemove|p2a: Gengar|Destiny Bond
|move|p1a: Kingambit|Swords Dance|p1a: Kingambit
|-boost|p1a: Kingambit|atk|2
|
|-heal|p1a: Kingambit|96/100|[from] item: Leftovers
|upkeep
|turn|17
|
|t:|1760357683
|move|p2a: Gengar|Focus Blast|p1a: Kingambit
|-supereffective|p1a: Kingambit
|-damage|p1a: Kingambit|0 fnt
|faint|p1a: Kingambit
|-end|p1a: Kingambit|fallen3|[silent]
|
|upkeep
|
|t:|1760357687
|switch|p1a: Dragapult|Dragapult, M|100/100
|turn|18
|
|t:|1760357690
|move|p1a: Dragapult|Dragon Darts|p2a: Gengar
|-damage|p2a: Gengar|0 fnt
|faint|p2a: Gengar
|
|upkeep
|
|t:|1760357700
|switch|p2a: Dragonite|Dragonite, M, tera:Normal|100/100
|turn|19
|
|t:|1760357703
|switch|p1a: Talonflame|Talonflame, M|100/100
|move|p2a: Dragonite|Dragon Claw|p1a: Talonflame
|-damage|p1a: Talonflame|31/100
|
|upkeep
|turn|20
|
|t:|1760357710
|switch|p2a: Blastoise|Blastoise, M|100/100
|move|p1a: Talonflame|Roost|p1a: Talonflame
|-heal|p1a: Talonflame|81/100
|-singleturn|p1a: Talonflame|move: Roost
|
|upkeep
|turn|21
|c|☆teatrero mugroso|gg
|
|t:|1760357719
|switch|p1a: Dragapult|Dragapult, M|100/100
|move|p2a: Blastoise|Liquidation|p1a: Dragapult
|-resisted|p1a: Dragapult
|-damage|p1a: Dragapult|83/100
|
|upkeep
|turn|22
|
|t:|1760357726
|move|p1a: Dragapult|Thunder Wave|p2a: Blastoise
|-status|p2a: Blastoise|par
|move|p2a: Blastoise|Flip Turn|p1a: Dragapult
|-resisted|p1a: Dragapult
|-damage|p1a: Dragapult|69/100
|
|t:|1760357741
|switch|p2a: Moltres|Moltres|100/100|[from] Flip Turn
|
|upkeep
|turn|23
|
|t:|1760357745
|switch|p1a: Talonflame|Talonflame, M|81/100
|move|p2a: Moltres|Air Slash|p1a: Talonflame
|-damage|p1a: Talonflame|40/100
|
|upkeep
|turn|24
|
|t:|1760357750
|move|p1a: Talonflame|Roost|p1a: Talonflame
|-heal|p1a: Talonflame|90/100
|-singleturn|p1a: Talonflame|move: Roost
|move|p2a: Moltres|Air Slash|p1a: Talonflame
|-damage|p1a: Talonflame|47/100
|
|upkeep
|turn|25
|
|t:|1760357756
|move|p1a: Talonflame|Fire Spin|p2a: Moltres
|-resisted|p2a: Moltres
|-damage|p2a: Moltres|95/100
|-activate|p2a: Moltres|move: Fire Spin|[of] p1a: Talonflame
|move|p2a: Moltres|Air Slash|p1a: Talonflame
|-damage|p1a: Talonflame|3/100
|
|-damage|p2a: Moltres|83/100|[from] move: Fire Spin|[partiallytrapped]
|upkeep
|turn|26
|
|t:|1760357763
|move|p1a: Talonflame|Roost|p1a: Talonflame
|-heal|p1a: Talonflame|53/100
|-singleturn|p1a: Talonflame|move: Roost
|move|p2a: Moltres|Air Slash|p1a: Talonflame
|-damage|p1a: Talonflame|14/100
|
|-damage|p2a: Moltres|71/100|[from] move: Fire Spin|[partiallytrapped]
|upkeep
|turn|27
|
|t:|1760357771
|move|p1a: Talonflame|Roost|p1a: Talonflame
|-heal|p1a: Talonflame|64/100
|-singleturn|p1a: Talonflame|move: Roost
|move|p2a: Moltres|Air Slash|p1a: Talonflame
|-damage|p1a: Talonflame|24/100
|
|-damage|p2a: Moltres|58/100|[from] move: Fire Spin|[partiallytrapped]
|upkeep
|turn|28
|
|t:|1760357778
|move|p1a: Talonflame|Roost|p1a: Talonflame
|-heal|p1a: Talonflame|75/100
|-singleturn|p1a: Talonflame|move: Roost
|move|p2a: Moltres|Air Slash|p1a: Talonflame|[miss]
|-miss|p2a: Moltres|p1a: Talonflame
|
|-damage|p2a: Moltres|46/100|[from] move: Fire Spin|[partiallytrapped]
|upkeep
|turn|29
|
|t:|1760357786
|switch|p1a: Dragapult|Dragapult, M|69/100
|move|p2a: Moltres|Roost|p2a: Moltres
|-heal|p2a: Moltres|96/100
|-singleturn|p2a: Moltres|move: Roost
|
|-end|p2a: Moltres|Fire Spin|[partiallytrapped]
|upkeep
|turn|30
|
|t:|1760357794
|move|p1a: Dragapult|Thunder Wave|p2a: Moltres
|-status|p2a: Moltres|par
|cant|p2a: Moltres|par
|
|upkeep
|turn|31
|
|t:|1760357799
|switch|p1a: Talonflame|Talonflame, M|75/100
|move|p2a: Moltres|Will-O-Wisp|p1a: Talonflame
|-immune|p1a: Talonflame
|
|upkeep
|turn|32
|
|t:|1760357806
|switch|p2a: Blastoise|Blastoise, M|100/100 par
|move|p1a: Talonflame|Fire Spin|p2a: Blastoise
|-resisted|p2a: Blastoise
|-damage|p2a: Blastoise|96/100 par
|-activate|p2a: Blastoise|move: Fire Spin|[of] p1a: Talonflame
|
|-heal|p2a: Blastoise|100/100 par|[from] item: Leftovers
|-damage|p2a: Blastoise|88/100 par|[from] move: Fire Spin|[partiallytrapped]
|upkeep
|turn|33
|
|t:|1760357814
|move|p1a: Talonflame|Defog|p2a: Blastoise
|-unboost|p2a: Blastoise|evasion|1
|cant|p2a: Blastoise|par
|
|-heal|p2a: Blastoise|94/100 par|[from] item: Leftovers
|-damage|p2a: Blastoise|82/100 par|[from] move: Fire Spin|[partiallytrapped]
|upkeep
|turn|34
|
|t:|1760357821
|switch|p1a: Dragapult|Dragapult, M|69/100
|move|p2a: Blastoise|Flip Turn|p1a: Dragapult
|-resisted|p1a: Dragapult
|-damage|p1a: Dragapult|58/100
|
|t:|1760357827
|switch|p2a: Dragonite|Dragonite, M, tera:Normal|100/100|[from] Flip Turn
|
|upkeep
|turn|35
|
|t:|1760357835
|switch|p1a: Talonflame|Talonflame, M|75/100
|move|p2a: Dragonite|Extreme Speed|p1a: Talonflame
|-damage|p1a: Talonflame|13/100
|
|upkeep
|turn|36
|
|t:|1760357841
|move|p2a: Dragonite|Extreme Speed|p1a: Talonflame
|-damage|p1a: Talonflame|0 fnt
|-status|p2a: Dragonite|brn|[from] ability: Flame Body|[of] p1a: Talonflame
|faint|p1a: Talonflame
|
|-damage|p2a: Dragonite|94/100 brn|[from] brn
|upkeep
|
|t:|1760357843
|switch|p1a: Dragapult|Dragapult, M|58/100
|turn|37
|
|t:|1760357852
|switch|p2a: Blastoise|Blastoise, M|82/100 par
|move|p1a: Dragapult|Dragon Darts|p2a: Blastoise
|-damage|p2a: Blastoise|63/100 par
|-anim|p1a: Dragapult|Dragon Darts|p2a: Blastoise
|-damage|p2a: Blastoise|44/100 par
|
|-heal|p2a: Blastoise|50/100 par|[from] item: Leftovers
|upkeep
|turn|38
|
|t:|1760357860
|move|p1a: Dragapult|Dragon Darts|p2a: Blastoise
|-damage|p2a: Blastoise|31/100 par
|-anim|p1a: Dragapult|Dragon Darts|p2a: Blastoise
|-damage|p2a: Blastoise|12/100 par
|move|p2a: Blastoise|Flip Turn|p1a: Dragapult
|-resisted|p1a: Dragapult
|-damage|p1a: Dragapult|38/100
|
|t:|1760357868
|switch|p2a: Moltres|Moltres|96/100 par|[from] Flip Turn
|
|upkeep
|turn|39
|
|t:|1760357872
|move|p1a: Dragapult|Dragon Darts|p2a: Moltres
|-damage|p2a: Moltres|72/100 par
|-anim|p1a: Dragapult|Dragon Darts|p2a: Moltres
|-damage|p2a: Moltres|46/100 par
|move|p2a: Moltres|Will-O-Wisp|p1a: Dragapult|[miss]
|-miss|p2a: Moltres|p1a: Dragapult
|
|upkeep
|turn|40
|
|t:|1760357879
|move|p1a: Dragapult|Dragon Darts|p2a: Moltres
|-damage|p2a: Moltres|22/100 par
|-anim|p1a: Dragapult|Dragon Darts|p2a: Moltres
|-damage|p2a: Moltres|0 fnt
|faint|p2a: Moltres
|
|upkeep
|
|t:|1760357885
|switch|p2a: Dragonite|Dragonite, M, tera:Normal|94/100 brn
|turn|41
|
|t:|1760357888
|move|p1a: Dragapult|Dragon Darts|p2a: Dragonite
|-damage|p2a: Dragonite|63/100 brn
|-anim|p1a: Dragapult|Dragon Darts|p2a: Dragonite
|-damage|p2a: Dragonite|34/100 brn
|move|p2a: Dragonite|Dragon Claw|p1a: Dragapult
|-supereffective|p1a: Dragapult
|-damage|p1a: Dragapult|0 fnt
|faint|p1a: Dragapult
|
|win|teatrero mugroso
|raw|106abd's rating: 1432 &rarr; <strong>1410</strong><br />(-22 for losing)
|raw|teatrero mugroso's rating: 1390 &rarr; <strong>1412</strong><br />(+22 for winning)
|l|☆106abd
|player|p1|
|c|☆teatrero mugroso|gg
|l|☆teatrero mugroso
|player|p2|
