|j|☆Bug_catcher565
|j|☆simplegent
|t:|1760343205
|gametype|singles
|player|p1|Bug_catcher565|2|1083
|player|p2|simplegent|169|1124
|gen|9
|tier|[Gen 9] OU
|rated|
|rule|HP Percentage Mod: HP is shown in percentages
|rule|Endless Battle Clause: Forcing endless battles is banned
|rule|Species Clause: Limit one of each Pokémon
|rule|OHKO Clause: OHKO moves are banned
|rule|Evasion Items Clause: Evasion items are banned
|rule|Evasion Moves Clause: Evasion moves are banned
|rule|Evasion Abilities Clause: Evasion abilities are banned
|rule|Sleep Moves Clause: Sleep-inducing moves are banned
|clearpoke
|poke|p1|Bayleef, F|
|poke|p1|Enamorus, F|
|poke|p1|Serperior, F|
|poke|p1|Spidops, F|
|poke|p1|Gholdengo|
|poke|p1|Meowscarada, M|
|poke|p2|Rotom-Wash|
|poke|p2|Dragonite, M|
|poke|p2|Clefable, M|
|poke|p2|Corviknight, M|
|poke|p2|Incineroar, F|
|poke|p2|Garchomp, F|
|teampreview
|inactive|Battle timer is ON: inactive players will automatically lose when time's up. (requested by simplegent)
|inactive|Bug_catcher565 also wants the timer to be on.
|inactive|simplegent has 120 seconds left.
|
|t:|1760343256
|teamsize|p1|6
|teamsize|p2|6
|start
|switch|p1a: Spidops|Spidops, F|100/100
|switch|p2a: Corviknight|Corviknight, M|100/100
|-ability|p2a: Corviknight|Pressure
|turn|1
|
|t:|1760343267
|move|p2a: Corviknight|Brave Bird|p1a: Spidops
|-supereffective|p1a: Spidops
|-damage|p1a: Spidops|26/100
|-damage|p2a: Corviknight|80/100|[from] Recoil
|move|p1a: Spidops|Sticky Web|p2a: Corviknight
|-sidestart|p2: simplegent|move: Sticky Web
|
|upkeep
|turn|2
|
|t:|1760343275
|move|p2a: Corviknight|U-turn|p1a: Spidops
|-damage|p1a: Spidops|11/100
|
|t:|1760343286
|switch|p2a: Garchomp|Garchomp, F|100/100|[from] U-turn
|-activate|p2a: Garchomp|move: Sticky Web
|-unboost|p2a: Garchomp|spe|1
|move|p1a: Spidops|Spikes|p2a: Garchomp
|-sidestart|p2: simplegent|Spikes
|
|upkeep
|turn|3
|
|t:|1760343295
|move|p2a: Garchomp|Stealth Rock|p1a: Spidops
|-sidestart|p1: Bug_catcher565|move: Stealth Rock
|move|p1a: Spidops|U-turn|p2a: Garchomp
|-damage|p2a: Garchomp|87/100
|-damage|p1a: Spidops|0 fnt|[from] ability: Rough Skin|[of] p2a: Garchomp
|faint|p1a: Spidops
|
|upkeep
|
|t:|1760343307
|switch|p1a: Enamorus|Enamorus, F|100/100
|-damage|p1a: Enamorus|76/100|[from] Stealth Rock
|turn|4
|inactive|simplegent has 120 seconds left.
|
|t:|1760343341
|switch|p2a: Corviknight|Corviknight, M|80/100
|-ability|p2a: Corviknight|Pressure
|-terastallize|p1a: Enamorus|Stellar
|move|p1a: Enamorus|Tera Blast|p2a: Corviknight|[anim] Tera Blast Stellar
|-damage|p2a: Corviknight|41/100
|-boost|p1a: Enamorus|atk|1
|-boost|p1a: Enamorus|spa|1
|
|upkeep
|turn|5
|
|t:|1760343353
|move|p1a: Enamorus|Tera Blast|p2a: Corviknight|[anim] Tera Blast Stellar
|-damage|p2a: Corviknight|0 fnt
|-boost|p1a: Enamorus|atk|1
|-boost|p1a: Enamorus|spa|1
|faint|p2a: Corviknight
|
|upkeep
|inactive|simplegent has 120 seconds left.
|
|t:|1760343376
|switch|p2a: Dragonite|Dragonite, M|100/100
|turn|6
|
|t:|1760343382
|-terastallize|p2a: Dragonite|Normal
|move|p1a: Enamorus|Tera Blast|p2a: Dragonite|[anim] Tera Blast Stellar
|-supereffective|p2a: Dragonite
|-damage|p2a: Dragonite|19/100
|-boost|p1a: Enamorus|atk|1
|-boost|p1a: Enamorus|spa|1
|move|p2a: Dragonite|Dragon Dance|p2a: Dragonite
|-boost|p2a: Dragonite|atk|1
|-boost|p2a: Dragonite|spe|1
|
|upkeep
|turn|7
|
|t:|1760343393
|move|p2a: Dragonite|Extreme Speed|p1a: Enamorus
|-damage|p1a: Enamorus|0 fnt
|faint|p1a: Enamorus
|
|upkeep
|
|t:|1760343400
|switch|p1a: Bayleef|Bayleef, F|100/100
|-damage|p1a: Bayleef|88/100|[from] Stealth Rock
|turn|8
|
|t:|1760343408
|move|p2a: Dragonite|Ice Spinner|p1a: Bayleef
|-supereffective|p1a: Bayleef
|-damage|p1a: Bayleef|17/100
|move|p1a: Bayleef|Leech Seed|p2a: Dragonite|[miss]
|-miss|p1a: Bayleef|p2a: Dragonite
|
|upkeep
|turn|9
|-message|Bug_catcher565 forfeited.
|
|win|simplegent
|raw|Bug_catcher565's rating: 1083 &rarr; <strong>1063</strong><br />(-20 for losing)
|raw|simplegent's rating: 1124 &rarr; <strong>1146</strong><br />(+22 for winning)
|l|☆Bug_catcher565
|player|p1|
|l|☆simplegent
|player|p2|
