|j|☆mr tickley
|j|☆DIGIWAYNE123
|t:|1760363542
|gametype|singles
|player|p1|mr tickley|preschooler|1690
|player|p2|DIGIWAYNE123|swimmerf-gen4|1614
|gen|9
|tier|[Gen 9] OU
|rated|
|rule|HP Percentage Mod: HP is shown in percentages
|rule|Endless Battle Clause: Forcing endless battles is banned
|rule|Species Clause: Limit one of each Pokémon
|rule|OHKO Clause: OHKO moves are banned
|rule|Evasion Items Clause: Evasion items are banned
|rule|Evasion Moves Clause: Evasion moves are banned
|rule|Evasion Abilities Clause: Evasion abilities are banned
|rule|Sleep Moves Clause: Sleep-inducing moves are banned
|clearpoke
|poke|p1|Arcanine-Hisui, F|
|poke|p1|Volcanion|
|poke|p1|Gliscor, F|
|poke|p1|Clefable, M|
|poke|p1|Zamazenta-*|
|poke|p1|Gholdengo|
|poke|p2|Armarouge, F|
|poke|p2|Indeedee, M|
|poke|p2|Great Tusk|
|poke|p2|Hoopa-Unbound|
|poke|p2|Scream Tail|
|poke|p2|Drednaw, M|
|teampreview
|inactive|Battle timer is ON: inactive players will automatically lose when time's up. (requested by mr tickley)
|inactive|mr tickley has 120 seconds left.
|
|t:|1760363577
|teamsize|p1|6
|teamsize|p2|6
|start
|switch|p1a: Volcanion|Volcanion|100/100
|switch|p2a: Indeedee|Indeedee, M|100/100
|-fieldstart|move: Psychic Terrain|[from] ability: Psychic Surge|[of] p2a: Indeedee
|turn|1
|
|t:|1760363581
|switch|p2a: Hoopa|Hoopa-Unbound|100/100
|move|p1a: Volcanion|Steam Eruption|p2a: Hoopa
|-damage|p2a: Hoopa|67/100
|-status|p2a: Hoopa|brn
|
|-damage|p2a: Hoopa|61/100 brn|[from] brn
|upkeep
|turn|2
|inactive|mr tickley has 120 seconds left.
|
|t:|1760363620
|move|p1a: Volcanion|Steam Eruption|p2a: Hoopa
|-damage|p2a: Hoopa|28/100 brn
|move|p2a: Hoopa|Expanding Force|p1a: Volcanion
|-crit|p1a: Volcanion
|-damage|p1a: Volcanion|0 fnt
|faint|p1a: Volcanion
|
|-damage|p2a: Hoopa|22/100 brn|[from] brn
|upkeep
|
|t:|1760363629
|switch|p1a: Arcanine|Arcanine-Hisui, F|100/100
|turn|3
|
|t:|1760363636
|switch|p2a: Scream Tail|Scream Tail|100/100
|-enditem|p2a: Scream Tail|Booster Energy
|-activate|p2a: Scream Tail|ability: Protosynthesis|[fromitem]
|-start|p2a: Scream Tail|protosynthesisspe
|move|p1a: Arcanine|Flare Blitz|p2a: Scream Tail
|-damage|p2a: Scream Tail|59/100
|
|upkeep
|turn|4
|
|t:|1760363644
|move|p2a: Scream Tail|Stealth Rock|p1a: Arcanine
|-sidestart|p1: mr tickley|move: Stealth Rock
|move|p1a: Arcanine|Head Smash|p2a: Scream Tail|[miss]
|-miss|p1a: Arcanine|p2a: Scream Tail
|
|upkeep
|turn|5
|
|t:|1760363648
|move|p2a: Scream Tail|Thunder Wave|p1a: Arcanine
|-status|p1a: Arcanine|par
|move|p1a: Arcanine|Head Smash|p2a: Scream Tail
|-damage|p2a: Scream Tail|3/100
|
|upkeep
|turn|6
|
|t:|1760363653
|move|p1a: Arcanine|Extreme Speed|p2a: Scream Tail
|-activate|p2a: Scream Tail|move: Psychic Terrain
|move|p2a: Scream Tail|Wish|p2a: Scream Tail
|
|upkeep
|turn|7
|
|t:|1760363658
|move|p2a: Scream Tail|Misty Explosion|p1a: Arcanine
|-resisted|p1a: Arcanine
|-damage|p1a: Arcanine|84/100 par
|faint|p2a: Scream Tail
|-end|p2a: Scream Tail|Protosynthesis|[silent]
|move|p1a: Arcanine|Head Smash|p2: Scream Tail|[notarget]
|-fail|p1a: Arcanine
|
|upkeep
|
|t:|1760363665
|switch|p2a: Great Tusk|Great Tusk|100/100
|-enditem|p2a: Great Tusk|Booster Energy
|-activate|p2a: Great Tusk|ability: Protosynthesis|[fromitem]
|-start|p2a: Great Tusk|protosynthesisspe
|turn|8
|
|t:|1760363669
|switch|p1a: Clefable|Clefable, M|100/100
|move|p2a: Great Tusk|Knock Off|p1a: Clefable
|-resisted|p1a: Clefable
|-damage|p1a: Clefable|90/100
|-enditem|p1a: Clefable|Leftovers|[from] move: Knock Off|[of] p2a: Great Tusk
|
|-fieldend|move: Psychic Terrain
|upkeep
|turn|9
|
|t:|1760363678
|-end|p2a: Great Tusk|Protosynthesis|[silent]
|switch|p2a: Hoopa|Hoopa-Unbound|22/100 brn
|move|p1a: Clefable|Stealth Rock|p2a: Hoopa
|-sidestart|p2: DIGIWAYNE123|move: Stealth Rock
|
|-damage|p2a: Hoopa|16/100 brn|[from] brn
|upkeep
|turn|10
|
|t:|1760363685
|move|p2a: Hoopa|Expanding Force|p1a: Clefable
|-damage|p1a: Clefable|39/100
|move|p1a: Clefable|Moonblast|p2a: Hoopa
|-supereffective|p2a: Hoopa
|-damage|p2a: Hoopa|0 fnt
|faint|p2a: Hoopa
|
|upkeep
|
|t:|1760363692
|switch|p2a: Indeedee|Indeedee, M|100/100
|-damage|p2a: Indeedee|88/100|[from] Stealth Rock
|-fieldstart|move: Psychic Terrain|[from] ability: Psychic Surge|[of] p2a: Indeedee
|turn|11
|
|t:|1760363704
|move|p2a: Indeedee|Expanding Force|p1a: Clefable
|-damage|p1a: Clefable|0 fnt
|faint|p1a: Clefable
|
|upkeep
|
|t:|1760363706
|switch|p1a: Gholdengo|Gholdengo|100/100
|-damage|p1a: Gholdengo|94/100|[from] Stealth Rock
|-item|p1a: Gholdengo|Air Balloon
|turn|12
|
|t:|1760363709
|move|p2a: Indeedee|Shadow Ball|p1a: Gholdengo
|-supereffective|p1a: Gholdengo
|-damage|p1a: Gholdengo|47/100
|-enditem|p1a: Gholdengo|Air Balloon
|move|p1a: Gholdengo|Nasty Plot|p1a: Gholdengo
|-boost|p1a: Gholdengo|spa|2
|
|upkeep
|turn|13
|
|t:|1760363716
|move|p2a: Indeedee|Shadow Ball|p1a: Gholdengo
|-supereffective|p1a: Gholdengo
|-damage|p1a: Gholdengo|0 fnt
|faint|p1a: Gholdengo
|
|upkeep
|
|t:|1760363721
|switch|p1a: Gliscor|Gliscor, F|100/100
|-damage|p1a: Gliscor|88/100|[from] Stealth Rock
|turn|14
|
|t:|1760363723
|move|p1a: Gliscor|Protect|p1a: Gliscor
|-singleturn|p1a: Gliscor|Protect
|move|p2a: Indeedee|Expanding Force|p1a: Gliscor
|-activate|p1a: Gliscor|move: Protect
|
|-status|p1a: Gliscor|tox|[from] item: Toxic Orb
|upkeep
|turn|15
|
|t:|1760363729
|switch|p2a: Great Tusk|Great Tusk|100/100
|-damage|p2a: Great Tusk|98/100|[from] Stealth Rock
|move|p1a: Gliscor|Knock Off|p2a: Great Tusk
|-resisted|p2a: Great Tusk
|-damage|p2a: Great Tusk|93/100
|
|-heal|p1a: Gliscor|100/100 tox|[from] ability: Poison Heal
|upkeep
|turn|16
|
|t:|1760363737
|switch|p1a: Zamazenta|Zamazenta|100/100
|-damage|p1a: Zamazenta|94/100|[from] Stealth Rock
|-ability|p1a: Zamazenta|Dauntless Shield|boost
|-boost|p1a: Zamazenta|def|1
|move|p2a: Great Tusk|Rapid Spin|p1a: Zamazenta
|-crit|p1a: Zamazenta
|-damage|p1a: Zamazenta|79/100
|-boost|p2a: Great Tusk|spe|1
|-sideend|p2: DIGIWAYNE123|Stealth Rock|[from] move: Rapid Spin|[of] p2a: Great Tusk
|
|-heal|p1a: Zamazenta|85/100|[from] item: Leftovers
|upkeep
|turn|17
|
|t:|1760363740
|move|p2a: Great Tusk|Knock Off|p1a: Zamazenta
|-resisted|p1a: Zamazenta
|-damage|p1a: Zamazenta|78/100
|-enditem|p1a: Zamazenta|Leftovers|[from] move: Knock Off|[of] p2a: Great Tusk
|move|p1a: Zamazenta|Iron Defense|p1a: Zamazenta
|-boost|p1a: Zamazenta|def|2
|
|upkeep
|turn|18
|
|t:|1760363750
|move|p2a: Great Tusk|Headlong Rush|p1a: Zamazenta
|-crit|p1a: Zamazenta
|-damage|p1a: Zamazenta|23/100
|-unboost|p2a: Great Tusk|def|1
|-unboost|p2a: Great Tusk|spd|1
|move|p1a: Zamazenta|Body Press|p2a: Great Tusk
|-damage|p2a: Great Tusk|5/100
|
|-fieldend|move: Psychic Terrain
|upkeep
|turn|19
|
|t:|1760363757
|move|p2a: Great Tusk|Headlong Rush|p1a: Zamazenta
|-damage|p1a: Zamazenta|8/100
|-unboost|p2a: Great Tusk|def|1
|-unboost|p2a: Great Tusk|spd|1
|move|p1a: Zamazenta|Body Press|p2a: Great Tusk
|-damage|p2a: Great Tusk|0 fnt
|faint|p2a: Great Tusk
|-end|p2a: Great Tusk|Protosynthesis|[silent]
|
|upkeep
|
|t:|1760363759
|switch|p2a: Indeedee|Indeedee, M|88/100
|-fieldstart|move: Psychic Terrain|[from] ability: Psychic Surge|[of] p2a: Indeedee
|turn|20
|
|t:|1760363763
|move|p1a: Zamazenta|Body Press|p2a: Indeedee
|-damage|p2a: Indeedee|0 fnt
|faint|p2a: Indeedee
|
|upkeep
|
|t:|1760363766
|switch|p2a: Armarouge|Armarouge, F|100/100
|turn|21
|
|t:|1760363769
|move|p2a: Armarouge|Calm Mind|p2a: Armarouge
|-boost|p2a: Armarouge|spa|1
|-boost|p2a: Armarouge|spd|1
|move|p1a: Zamazenta|Roar|p2a: Armarouge
|drag|p2a: Drednaw|Drednaw, M|100/100
|
|upkeep
|turn|22
|
|t:|1760363775
|move|p1a: Zamazenta|Body Press|p2a: Drednaw
|-supereffective|p2a: Drednaw
|-enditem|p2a: Drednaw|Focus Sash
|-damage|p2a: Drednaw|1/100
|move|p2a: Drednaw|Shell Smash|p2a: Drednaw
|-unboost|p2a: Drednaw|def|1
|-unboost|p2a: Drednaw|spd|1
|-boost|p2a: Drednaw|atk|2
|-boost|p2a: Drednaw|spa|2
|-boost|p2a: Drednaw|spe|2
|
|upkeep
|turn|23
|
|t:|1760363789
|move|p2a: Drednaw|Liquidation|p1a: Zamazenta
|-damage|p1a: Zamazenta|0 fnt
|faint|p1a: Zamazenta
|
|upkeep
|
|t:|1760363791
|switch|p1a: Gliscor|Gliscor, F|100/100 tox
|-damage|p1a: Gliscor|88/100 tox|[from] Stealth Rock
|turn|24
|
|t:|1760363793
|move|p1a: Gliscor|Protect|p1a: Gliscor
|-singleturn|p1a: Gliscor|Protect
|move|p2a: Drednaw|Liquidation|p1a: Gliscor
|-activate|p1a: Gliscor|move: Protect
|
|-heal|p1a: Gliscor|100/100 tox|[from] ability: Poison Heal
|upkeep
|turn|25
|
|t:|1760363803
|-terastallize|p1a: Gliscor|Water
|move|p2a: Drednaw|Liquidation|p1a: Gliscor
|-resisted|p1a: Gliscor
|-damage|p1a: Gliscor|67/100 tox
|move|p1a: Gliscor|Spikes|p2a: Drednaw
|-sidestart|p2: DIGIWAYNE123|Spikes
|
|-heal|p1a: Gliscor|80/100 tox|[from] ability: Poison Heal
|upkeep
|turn|26
|
|t:|1760363812
|-terastallize|p2a: Drednaw|Ground
|move|p1a: Gliscor|Protect|p1a: Gliscor
|-singleturn|p1a: Gliscor|Protect
|move|p2a: Drednaw|Earthquake|p1a: Gliscor
|-activate|p1a: Gliscor|move: Protect
|
|-heal|p1a: Gliscor|92/100 tox|[from] ability: Poison Heal
|upkeep
|turn|27
|
|t:|1760363824
|move|p2a: Drednaw|Earthquake|p1a: Gliscor
|-damage|p1a: Gliscor|20/100 tox
|move|p1a: Gliscor|Knock Off|p2a: Drednaw
|-damage|p2a: Drednaw|0 fnt
|faint|p2a: Drednaw
|
|-heal|p1a: Gliscor|32/100 tox|[from] ability: Poison Heal
|-fieldend|move: Psychic Terrain
|upkeep
|
|t:|1760363827
|switch|p2a: Armarouge|Armarouge, F|100/100
|-damage|p2a: Armarouge|88/100|[from] Spikes
|turn|28
|
|t:|1760363833
|move|p2a: Armarouge|Endure|p2a: Armarouge
|-singleturn|p2a: Armarouge|move: Endure
|move|p1a: Gliscor|Earthquake|p2a: Armarouge
|-supereffective|p2a: Armarouge
|-damage|p2a: Armarouge|22/100
|-ability|p2a: Armarouge|Weak Armor|boost
|-unboost|p2a: Armarouge|def|1
|-boost|p2a: Armarouge|spe|2
|
|-heal|p1a: Gliscor|45/100 tox|[from] ability: Poison Heal
|upkeep
|turn|29
|
|t:|1760363845
|move|p2a: Armarouge|Expanding Force|p1a: Gliscor
|-damage|p1a: Gliscor|12/100 tox
|move|p1a: Gliscor|Earthquake|p2a: Armarouge
|-supereffective|p2a: Armarouge
|-damage|p2a: Armarouge|0 fnt
|faint|p2a: Armarouge
|
|win|mr tickley
|raw|mr tickley's rating: 1690 &rarr; <strong>1706</strong><br />(+16 for winning)
|raw|DIGIWAYNE123's rating: 1614 &rarr; <strong>1598</strong><br />(-16 for losing)
|l|☆DIGIWAYNE123
|player|p2|
|l|☆mr tickley
|player|p1|
