|j|☆sminey
|j|☆DontMissMantine
|t:|1760381744
|gametype|singles
|player|p1|sminey|266|1637
|player|p2|DontMissMantine|lucas|1771
|gen|9
|tier|[Gen 9] OU
|rated|
|rule|HP Percentage Mod: HP is shown in percentages
|rule|Endless Battle Clause: Forcing endless battles is banned
|rule|Species Clause: Limit one of each Pokémon
|rule|OHKO Clause: OHKO moves are banned
|rule|Evasion Items Clause: Evasion items are banned
|rule|Evasion Moves Clause: Evasion moves are banned
|rule|Evasion Abilities Clause: Evasion abilities are banned
|rule|Sleep Moves Clause: Sleep-inducing moves are banned
|clearpoke
|poke|p1|Latios, M|
|poke|p1|Cinderace, M|
|poke|p1|Weavile, M|
|poke|p1|Zapdos|
|poke|p1|Clefable, F|
|poke|p1|Slowking-Galar, F|
|poke|p2|Pelipper, F|
|poke|p2|Beartic, F|
|poke|p2|Barraskewda, M|
|poke|p2|Ogerpon-Wellspring, F|
|poke|p2|Zapdos|
|poke|p2|Hatterene, F|
|teampreview
|inactive|Battle timer is ON: inactive players will automatically lose when time's up. (requested by sminey)
|inactive|DontMissMantine has 120 seconds left.
|inactive|DontMissMantine has 90 seconds left.
|
|t:|1760381835
|teamsize|p1|6
|teamsize|p2|6
|start
|switch|p1a: Zapdos|Zapdos|100/100
|switch|p2a: Pelipper|Pelipper, F|100/100
|-weather|RainDance|[from] ability: Drizzle|[of] p2a: Pelipper
|turn|1
|
|t:|1760381842
|switch|p2a: Hatterene|Hatterene, F|100/100
|move|p1a: Zapdos|Hurricane|p2a: Hatterene
|-damage|p2a: Hatterene|56/100
|-start|p2a: Hatterene|confusion
|-enditem|p2a: Hatterene|Eject Button
|
|t:|1760381849
|switch|p2a: Beartic|Beartic, F|100/100
|
|-weather|RainDance|[upkeep]
|upkeep
|turn|2
|
|t:|1760381854
|switch|p1a: Clefable|Clefable, F|100/100
|move|p2a: Beartic|Icicle Spear|p1a: Clefable
|-damage|p1a: Clefable|90/100
|-damage|p1a: Clefable|79/100
|-damage|p1a: Clefable|68/100
|-damage|p1a: Clefable|57/100
|-hitcount|p1a: Clefable|4
|
|-weather|RainDance|[upkeep]
|upkeep
|turn|3
|
|t:|1760381867
|switch|p2a: Zapdos|Zapdos|100/100
|move|p1a: Clefable|Knock Off|p2a: Zapdos
|-damage|p2a: Zapdos|82/100
|-enditem|p2a: Zapdos|Assault Vest|[from] move: Knock Off|[of] p1a: Clefable
|
|-weather|RainDance|[upkeep]
|upkeep
|turn|4
|
|t:|1760381876
|switch|p1a: Slowking|Slowking-Galar, F|100/100
|move|p2a: Zapdos|Volt Switch|p1a: Slowking
|-damage|p1a: Slowking|87/100
|
|t:|1760381882
|switch|p2a: Ogerpon|Ogerpon-Wellspring, F|100/100|[from] Volt Switch
|
|-weather|RainDance|[upkeep]
|upkeep
|turn|5
|
|t:|1760381887
|move|p2a: Ogerpon|Ivy Cudgel|p1a: Slowking|[anim] Ivy Cudgel Water
|-damage|p1a: Slowking|0 fnt
|faint|p1a: Slowking
|
|-weather|RainDance|[upkeep]
|upkeep
|
|t:|1760381890
|switch|p1a: Zapdos|Zapdos|100/100
|turn|6
|
|t:|1760381897
|switch|p2a: Zapdos|Zapdos|82/100
|move|p1a: Zapdos|Hurricane|p2a: Zapdos
|-resisted|p2a: Zapdos
|-damage|p2a: Zapdos|57/100
|
|-weather|RainDance|[upkeep]
|upkeep
|turn|7
|
|t:|1760381907
|move|p2a: Zapdos|Thunder|p1a: Zapdos
|-damage|p1a: Zapdos|52/100
|move|p1a: Zapdos|Hurricane|p2a: Zapdos
|-resisted|p2a: Zapdos
|-damage|p2a: Zapdos|32/100
|
|-weather|RainDance|[upkeep]
|upkeep
|turn|8
|
|t:|1760381917
|move|p2a: Zapdos|Thunder|p1a: Zapdos
|-damage|p1a: Zapdos|4/100
|move|p1a: Zapdos|Roost|p1a: Zapdos
|-heal|p1a: Zapdos|54/100
|-singleturn|p1a: Zapdos|move: Roost
|
|-weather|none
|upkeep
|turn|9
|
|t:|1760381926
|move|p2a: Zapdos|Thunder|p1a: Zapdos
|-damage|p1a: Zapdos|3/100
|move|p1a: Zapdos|Roost|p1a: Zapdos
|-heal|p1a: Zapdos|53/100
|-singleturn|p1a: Zapdos|move: Roost
|
|upkeep
|turn|10
|
|t:|1760381933
|move|p2a: Zapdos|Thunder|p1a: Zapdos|[miss]
|-miss|p2a: Zapdos|p1a: Zapdos
|move|p1a: Zapdos|Roost|p1a: Zapdos
|-heal|p1a: Zapdos|100/100
|-singleturn|p1a: Zapdos|move: Roost
|
|upkeep
|turn|11
|
|t:|1760381942
|move|p2a: Zapdos|Thunder|p1a: Zapdos
|-damage|p1a: Zapdos|49/100
|move|p1a: Zapdos|Volt Switch|p2a: Zapdos
|-crit|p2a: Zapdos
|-damage|p2a: Zapdos|0 fnt
|faint|p2a: Zapdos
|
|t:|1760381954
|switch|p1a: Weavile|Weavile, M|100/100|[from] Volt Switch
|-ability|p1a: Weavile|Pressure
|
|upkeep
|
|t:|1760381959
|switch|p2a: Pelipper|Pelipper, F|100/100
|-weather|RainDance|[from] ability: Drizzle|[of] p2a: Pelipper
|turn|12
|inactive|sminey has 120 seconds left.
|
|t:|1760381990
|move|p1a: Weavile|Knock Off|p2a: Pelipper
|-damage|p2a: Pelipper|62/100
|-enditem|p2a: Pelipper|Damp Rock|[from] move: Knock Off|[of] p1a: Weavile
|move|p2a: Pelipper|U-turn|p1a: Weavile
|-supereffective|p1a: Weavile
|-damage|p1a: Weavile|66/100
|
|t:|1760381999
|switch|p2a: Ogerpon|Ogerpon-Wellspring, F|100/100|[from] U-turn
|
|-weather|RainDance|[upkeep]
|upkeep
|turn|13
|j| pacmanz
|inactive|sminey has 120 seconds left.
|
|t:|1760382025
|move|p1a: Weavile|Triple Axel|p2a: Ogerpon
|-damage|p2a: Ogerpon|89/100
|-hitcount|p2a: Ogerpon|1
|move|p2a: Ogerpon|Ivy Cudgel|p1a: Weavile|[anim] Ivy Cudgel Water
|-crit|p1a: Weavile
|-damage|p1a: Weavile|0 fnt
|faint|p1a: Weavile
|
|-weather|RainDance|[upkeep]
|upkeep
|
|t:|1760382031
|switch|p1a: Cinderace|Cinderace, M|100/100
|turn|14
|
|t:|1760382042
|-terastallize|p2a: Ogerpon|Water
|detailschange|p2a: Ogerpon|Ogerpon-Wellspring-Tera, F, tera:Water
|-ability|p2a: Ogerpon|Embody Aspect (Wellspring)|boost
|-boost|p2a: Ogerpon|spd|1
|move|p1a: Cinderace|U-turn|p2a: Ogerpon
|-start|p1a: Cinderace|typechange|Bug|[from] ability: Libero
|-damage|p2a: Ogerpon|43/100
|inactive|sminey has 120 seconds left.
|
|t:|1760382048
|switch|p1a: Clefable|Clefable, F|57/100|[from] U-turn
|move|p2a: Ogerpon|Ivy Cudgel|p1a: Clefable|[anim] Ivy Cudgel Water
|-damage|p1a: Clefable|0 fnt
|faint|p1a: Clefable
|
|-weather|RainDance|[upkeep]
|upkeep
|
|t:|1760382053
|switch|p1a: Cinderace|Cinderace, M|100/100
|turn|15
|
|t:|1760382066
|switch|p2a: Hatterene|Hatterene, F|56/100
|move|p1a: Cinderace|U-turn|p2a: Hatterene
|-start|p1a: Cinderace|typechange|Bug|[from] ability: Libero
|-damage|p2a: Hatterene|28/100
|
|t:|1760382072
|switch|p1a: Zapdos|Zapdos|49/100|[from] U-turn
|
|-weather|RainDance|[upkeep]
|upkeep
|turn|16
|
|t:|1760382078
|move|p1a: Zapdos|Roost|p1a: Zapdos
|-heal|p1a: Zapdos|99/100
|-singleturn|p1a: Zapdos|move: Roost
|move|p2a: Hatterene|Healing Wish|p2a: Hatterene
|faint|p2a: Hatterene
|
|-weather|RainDance|[upkeep]
|upkeep
|
|t:|1760382087
|switch|p2a: Beartic|Beartic, F|100/100
|turn|17
|
|t:|1760382097
|-terastallize|p1a: Zapdos|Water
|move|p2a: Beartic|Icicle Spear|p1a: Zapdos
|-resisted|p1a: Zapdos
|-damage|p1a: Zapdos|94/100
|-resisted|p1a: Zapdos
|-damage|p1a: Zapdos|88/100
|-resisted|p1a: Zapdos
|-damage|p1a: Zapdos|83/100
|-resisted|p1a: Zapdos
|-damage|p1a: Zapdos|78/100
|-hitcount|p1a: Zapdos|4
|move|p1a: Zapdos|Thunder Wave|p2a: Beartic
|-status|p2a: Beartic|par
|
|-weather|RainDance|[upkeep]
|upkeep
|turn|18
|
|t:|1760382113
|move|p1a: Zapdos|Volt Switch|p2a: Beartic
|-damage|p2a: Beartic|65/100 par
|
|t:|1760382115
|switch|p1a: Cinderace|Cinderace, M|100/100|[from] Volt Switch
|cant|p2a: Beartic|par
|
|-weather|RainDance|[upkeep]
|upkeep
|turn|19
|
|t:|1760382123
|move|p1a: Cinderace|U-turn|p2a: Beartic
|-start|p1a: Cinderace|typechange|Bug|[from] ability: Libero
|-damage|p2a: Beartic|25/100 par
|
|t:|1760382125
|switch|p1a: Zapdos|Zapdos, tera:Water|78/100|[from] U-turn
|move|p2a: Beartic|Earthquake|p1a: Zapdos
|-damage|p1a: Zapdos|50/100
|
|-weather|none
|upkeep
|turn|20
|
|t:|1760382134
|switch|p2a: Ogerpon|Ogerpon-Wellspring-Tera, F, tera:Water|43/100
|-heal|p2a: Ogerpon|100/100|[from] move: Healing Wish
|-ability|p2a: Ogerpon|Embody Aspect (Wellspring)|boost
|-boost|p2a: Ogerpon|spd|1
|move|p1a: Zapdos|Roost|p1a: Zapdos
|-heal|p1a: Zapdos|99/100
|
|upkeep
|turn|21
|
|t:|1760382146
|move|p2a: Ogerpon|Encore|p1a: Zapdos
|-start|p1a: Zapdos|Encore
|move|p1a: Zapdos|Roost|p1a: Zapdos
|-heal|p1a: Zapdos|100/100
|
|upkeep
|turn|22
|
|t:|1760382152
|switch|p1a: Latios|Latios, M|100/100
|move|p2a: Ogerpon|Ivy Cudgel|p1a: Latios|[anim] Ivy Cudgel Water
|-resisted|p1a: Latios
|-damage|p1a: Latios|50/100
|
|upkeep
|turn|23
|
|t:|1760382161
|move|p1a: Latios|Draco Meteor|p2a: Ogerpon
|-damage|p2a: Ogerpon|52/100
|-unboost|p1a: Latios|spa|2
|move|p2a: Ogerpon|Play Rough|p1a: Latios
|-supereffective|p1a: Latios
|-damage|p1a: Latios|0 fnt
|faint|p1a: Latios
|
|upkeep
|
|t:|1760382171
|switch|p1a: Zapdos|Zapdos, tera:Water|100/100
|turn|24
|
|t:|1760382177
|move|p2a: Ogerpon|Power Whip|p1a: Zapdos
|-supereffective|p1a: Zapdos
|-crit|p1a: Zapdos
|-damage|p1a: Zapdos|0 fnt
|faint|p1a: Zapdos
|
|upkeep
|
|t:|1760382180
|switch|p1a: Cinderace|Cinderace, M|100/100
|turn|25
|
|t:|1760382187
|switch|p2a: Pelipper|Pelipper, F|62/100
|-weather|RainDance|[from] ability: Drizzle|[of] p2a: Pelipper
|move|p1a: Cinderace|U-turn|p2a: Pelipper
|-start|p1a: Cinderace|typechange|Bug|[from] ability: Libero
|-resisted|p2a: Pelipper
|-damage|p2a: Pelipper|50/100
|
|-weather|RainDance|[upkeep]
|upkeep
|turn|26
|-message|sminey forfeited.
|
|win|DontMissMantine
|raw|sminey's rating: 1637 &rarr; <strong>1624</strong><br />(-13 for losing)
|raw|DontMissMantine's rating: 1771 &rarr; <strong>1784</strong><br />(+13 for winning)
|l|☆sminey
|player|p1|
|l| pacmanz
|l|☆DontMissMantine
|player|p2|
