|j|☆prerolls
|j|☆kinsword
|t:|1760333266
|gametype|singles
|player|p1|prerolls|unknownf|1568
|player|p2|kinsword|1|1602
|gen|9
|tier|[Gen 9] OU
|rated|
|rule|HP Percentage Mod: HP is shown in percentages
|rule|Endless Battle Clause: Forcing endless battles is banned
|rule|Species Clause: Limit one of each Pokémon
|rule|OHKO Clause: OHKO moves are banned
|rule|Evasion Items Clause: Evasion items are banned
|rule|Evasion Moves Clause: Evasion moves are banned
|rule|Evasion Abilities Clause: Evasion abilities are banned
|rule|Sleep Moves Clause: Sleep-inducing moves are banned
|clearpoke
|poke|p1|Great Tusk|
|poke|p1|Kingambit, F|
|poke|p1|Raging Bolt|
|poke|p1|Walking Wake|
|poke|p1|Ninetales, F|
|poke|p1|Ceruledge, M|
|poke|p2|Infernape, F|
|poke|p2|Tauros-Paldea-Aqua, M|
|poke|p2|Venusaur, M|
|poke|p2|Weavile, F|
|poke|p2|Corviknight, F|
|poke|p2|Basculegion-F, F|
|teampreview
|inactive|Battle timer is ON: inactive players will automatically lose when time's up. (requested by kinsword)
|
|t:|1760333288
|teamsize|p1|6
|teamsize|p2|6
|start
|switch|p1a: Walking Wake|Walking Wake|100/100
|switch|p2a: Infernape|Infernape, F|100/100
|turn|1
|
|t:|1760333296
|switch|p2a: Venusaur|Venusaur, M|100/100
|move|p1a: Walking Wake|Flip Turn|p2a: Venusaur
|-resisted|p2a: Venusaur
|-damage|p2a: Venusaur|92/100
|
|t:|1760333300
|-end|p1a: Walking Wake|Protosynthesis|[silent]
|switch|p1a: Ceruledge|Ceruledge, M|100/100|[from] Flip Turn
|
|upkeep
|turn|2
|
|t:|1760333310
|switch|p2a: Tauros|Tauros-Paldea-Aqua, M|100/100
|-ability|p2a: Tauros|Intimidate|boost
|-unboost|p1a: Ceruledge|atk|1
|move|p1a: Ceruledge|Swords Dance|p1a: Ceruledge
|-boost|p1a: Ceruledge|atk|2
|
|upkeep
|turn|3
|
|t:|1760333326
|switch|p1a: Ninetales|Ninetales, F, shiny|100/100
|-weather|SunnyDay|[from] ability: Drought|[of] p1a: Ninetales
|move|p2a: Tauros|Earthquake|p1a: Ninetales
|-supereffective|p1a: Ninetales
|-damage|p1a: Ninetales|0 fnt
|faint|p1a: Ninetales
|
|-weather|SunnyDay|[upkeep]
|upkeep
|
|t:|1760333337
|switch|p1a: Raging Bolt|Raging Bolt|100/100
|-activate|p1a: Raging Bolt|ability: Protosynthesis
|-start|p1a: Raging Bolt|protosynthesisspa
|turn|4
|
|t:|1760333353
|move|p1a: Raging Bolt|Dragon Pulse|p2a: Tauros
|-damage|p2a: Tauros|0 fnt
|faint|p2a: Tauros
|-damage|p1a: Raging Bolt|91/100|[from] item: Life Orb
|
|-weather|SunnyDay|[upkeep]
|upkeep
|
|t:|1760333360
|switch|p2a: Weavile|Weavile, F|100/100
|-ability|p2a: Weavile|Pressure
|turn|5
|
|t:|1760333367
|-end|p1a: Raging Bolt|Protosynthesis|[silent]
|switch|p1a: Kingambit|Kingambit, F|100/100
|-activate|p1a: Kingambit|ability: Supreme Overlord
|-start|p1a: Kingambit|fallen1|[silent]
|-item|p1a: Kingambit|Air Balloon
|move|p2a: Weavile|Knock Off|p1a: Kingambit
|-resisted|p1a: Kingambit
|-damage|p1a: Kingambit|81/100
|-enditem|p1a: Kingambit|Air Balloon
|
|-weather|SunnyDay|[upkeep]
|upkeep
|turn|6
|
|t:|1760333380
|-end|p1a: Kingambit|fallen1|[silent]
|switch|p1a: Walking Wake|Walking Wake|100/100
|-activate|p1a: Walking Wake|ability: Protosynthesis
|-start|p1a: Walking Wake|protosynthesisspe
|move|p2a: Weavile|Low Kick|p1a: Walking Wake
|-damage|p1a: Walking Wake|58/100
|
|-weather|SunnyDay|[upkeep]
|upkeep
|turn|7
|
|t:|1760333392
|switch|p2a: Basculegion|Basculegion-F, F|100/100
|move|p1a: Walking Wake|Weather Ball|p2a: Basculegion
|-resisted|p2a: Basculegion
|-damage|p2a: Basculegion|81/100
|
|-weather|SunnyDay|[upkeep]
|upkeep
|turn|8
|
|t:|1760333402
|move|p1a: Walking Wake|Draco Meteor|p2a: Basculegion|[miss]
|-miss|p1a: Walking Wake|p2a: Basculegion
|move|p2a: Basculegion|Shadow Ball|p1a: Walking Wake
|-damage|p1a: Walking Wake|1/100
|-unboost|p1a: Walking Wake|spd|1
|
|-weather|SunnyDay|[upkeep]
|upkeep
|turn|9
|
|t:|1760333412
|move|p2a: Basculegion|Aqua Jet|p1a: Walking Wake
|-resisted|p1a: Walking Wake
|-damage|p1a: Walking Wake|0 fnt
|faint|p1a: Walking Wake
|-end|p1a: Walking Wake|Protosynthesis|[silent]
|
|-weather|SunnyDay|[upkeep]
|upkeep
|
|t:|1760333421
|switch|p1a: Raging Bolt|Raging Bolt|91/100
|-activate|p1a: Raging Bolt|ability: Protosynthesis
|-start|p1a: Raging Bolt|protosynthesisspa
|turn|10
|
|t:|1760333436
|-terastallize|p2a: Basculegion|Dark
|move|p1a: Raging Bolt|Dragon Pulse|p2a: Basculegion
|-crit|p2a: Basculegion
|-damage|p2a: Basculegion|0 fnt
|faint|p2a: Basculegion
|-damage|p1a: Raging Bolt|81/100|[from] item: Life Orb
|
|-weather|none
|-end|p1a: Raging Bolt|Protosynthesis
|upkeep
|
|t:|1760333448
|switch|p2a: Weavile|Weavile, F|100/100
|-ability|p2a: Weavile|Pressure
|turn|11
|
|t:|1760333460
|move|p1a: Raging Bolt|Thunderclap|p2a: Weavile
|-damage|p2a: Weavile|31/100
|-damage|p1a: Raging Bolt|71/100|[from] item: Life Orb
|move|p2a: Weavile|Triple Axel|p1a: Raging Bolt
|-supereffective|p1a: Raging Bolt
|-damage|p1a: Raging Bolt|53/100
|-supereffective|p1a: Raging Bolt
|-damage|p1a: Raging Bolt|13/100
|-supereffective|p1a: Raging Bolt
|-damage|p1a: Raging Bolt|0 fnt
|faint|p1a: Raging Bolt
|-end|p1a: Raging Bolt|Protosynthesis|[silent]
|-hitcount|p1: Raging Bolt|3
|
|upkeep
|
|t:|1760333471
|switch|p1a: Great Tusk|Great Tusk, shiny|100/100
|turn|12
|
|t:|1760333477
|-terastallize|p1a: Great Tusk|Fire
|move|p2a: Weavile|Triple Axel|p1a: Great Tusk
|-resisted|p1a: Great Tusk
|-damage|p1a: Great Tusk|97/100
|-resisted|p1a: Great Tusk
|-damage|p1a: Great Tusk|90/100
|-resisted|p1a: Great Tusk
|-damage|p1a: Great Tusk|79/100
|-hitcount|p1a: Great Tusk|3
|move|p1a: Great Tusk|Rapid Spin|p2a: Weavile
|-damage|p2a: Weavile|0 fnt
|-boost|p1a: Great Tusk|spe|1
|faint|p2a: Weavile
|
|upkeep
|
|t:|1760333495
|switch|p2a: Venusaur|Venusaur, M|92/100
|turn|13
|
|t:|1760333502
|move|p1a: Great Tusk|Temper Flare|p2a: Venusaur
|-supereffective|p2a: Venusaur
|-damage|p2a: Venusaur|0 fnt
|faint|p2a: Venusaur
|
|upkeep
|
|t:|1760333509
|switch|p2a: Corviknight|Corviknight, F|100/100
|turn|14
|
|t:|1760333513
|-end|p1a: Great Tusk|Protosynthesis|[silent]
|switch|p1a: Ceruledge|Ceruledge, M|100/100
|move|p2a: Corviknight|Brave Bird|p1a: Ceruledge
|-damage|p1a: Ceruledge|54/100
|-ability|p1a: Ceruledge|Weak Armor|boost
|-unboost|p1a: Ceruledge|def|1
|-boost|p1a: Ceruledge|spe|2
|-damage|p2a: Corviknight|87/100|[from] Recoil
|
|upkeep
|turn|15
|
|t:|1760333525
|move|p1a: Ceruledge|Bitter Blade|p2a: Corviknight
|-supereffective|p2a: Corviknight
|-damage|p2a: Corviknight|22/100
|-heal|p1a: Ceruledge|91/100|[from] drain|[of] p2a: Corviknight
|-damage|p1a: Ceruledge|74/100|[from] item: Rocky Helmet|[of] p2a: Corviknight
|move|p2a: Corviknight|Brave Bird|p1a: Ceruledge
|-damage|p1a: Ceruledge|4/100
|-ability|p1a: Ceruledge|Weak Armor|boost
|-unboost|p1a: Ceruledge|def|1
|-boost|p1a: Ceruledge|spe|2
|-damage|p2a: Corviknight|2/100|[from] Recoil
|
|upkeep
|turn|16
|
|t:|1760333537
|move|p1a: Ceruledge|Poltergeist|p2a: Corviknight|[miss]
|-miss|p1a: Ceruledge|p2a: Corviknight
|move|p2a: Corviknight|Brave Bird|p1a: Ceruledge
|-damage|p1a: Ceruledge|0 fnt
|faint|p1a: Ceruledge
|-damage|p2a: Corviknight|1/100|[from] Recoil
|
|upkeep
|
|t:|1760333543
|switch|p1a: Great Tusk|Great Tusk, shiny, tera:Fire|79/100
|turn|17
|
|t:|1760333551
|switch|p2a: Infernape|Infernape, F|100/100
|move|p1a: Great Tusk|Rapid Spin|p2a: Infernape
|-damage|p2a: Infernape|71/100
|-boost|p1a: Great Tusk|spe|1
|
|upkeep
|turn|18
|
|t:|1760333560
|move|p1a: Great Tusk|Headlong Rush|p2a: Infernape
|-supereffective|p2a: Infernape
|-damage|p2a: Infernape|0 fnt
|-unboost|p1a: Great Tusk|def|1
|-unboost|p1a: Great Tusk|spd|1
|faint|p2a: Infernape
|
|upkeep
|-message|kinsword forfeited.
|
|win|prerolls
|raw|prerolls's rating: 1568 &rarr; <strong>1590</strong><br />(+22 for winning)
|raw|kinsword's rating: 1602 &rarr; <strong>1580</strong><br />(-22 for losing)
|l|☆kinsword
|player|p2|
|l|☆prerolls
|player|p1|
