|j|‽zeep vs zoop
|j|☆Chococroc
|t:|1760319639
|gametype|singles
|player|p1|zeep vs zoop|iris-gen5bw2|1704
|player|p2|Chococroc|pokemaniac|1692
|gen|9
|tier|[Gen 9] OU
|rated|
|rule|HP Percentage Mod: HP is shown in percentages
|rule|Endless Battle Clause: Forcing endless battles is banned
|rule|Species Clause: Limit one of each Pokémon
|rule|OHKO Clause: OHKO moves are banned
|rule|Evasion Items Clause: Evasion items are banned
|rule|Evasion Moves Clause: Evasion moves are banned
|rule|Evasion Abilities Clause: Evasion abilities are banned
|rule|Sleep Moves Clause: Sleep-inducing moves are banned
|clearpoke
|poke|p1|Zamazenta-*|
|poke|p1|Latios, M|
|poke|p1|Weezing-Galar, M|
|poke|p1|Moltres|
|poke|p1|Ting-Lu|
|poke|p1|Gholdengo|
|poke|p2|Iron Treads|
|poke|p2|Rillaboom, F|
|poke|p2|Hawlucha, M|
|poke|p2|Kyurem|
|poke|p2|Zamazenta-*|
|poke|p2|Raging Bolt|
|teampreview
|j| kyrie sauce
|inactive|Battle timer is ON: inactive players will automatically lose when time's up. (requested by Chococroc)
|l|☆Chococroc
|inactive|Chococroc disconnected and has a minute to reconnect!
|player|p2|
|inactive|zeep vs zoop has 120 seconds left.
|
|t:|1760319700
|teamsize|p1|6
|teamsize|p2|6
|start
|switch|p1a: Zamazenta|Zamazenta|100/100
|switch|p2a: Iron Treads|Iron Treads|100/100
|-ability|p1a: Zamazenta|Dauntless Shield|boost
|-boost|p1a: Zamazenta|def|1
|-enditem|p2a: Iron Treads|Booster Energy
|-activate|p2a: Iron Treads|ability: Quark Drive|[fromitem]
|-start|p2a: Iron Treads|quarkdrivespe
|turn|1
|j|☆Chococroc
|inactive|Chococroc reconnected and has 145 seconds left.
|player|p2|Chococroc|pokemaniac|
|
|t:|1760319711
|move|p2a: Iron Treads|Stealth Rock|p1a: Zamazenta
|-sidestart|p1: zeep vs zoop|move: Stealth Rock
|move|p1a: Zamazenta|Close Combat|p2a: Iron Treads
|-supereffective|p2a: Iron Treads
|-damage|p2a: Iron Treads|0 fnt
|-unboost|p1a: Zamazenta|def|1
|-unboost|p1a: Zamazenta|spd|1
|faint|p2a: Iron Treads
|-end|p2a: Iron Treads|Quark Drive|[silent]
|
|upkeep
|
|t:|1760319715
|switch|p2a: Rillaboom|Rillaboom, F|100/100
|-fieldstart|move: Grassy Terrain|[from] ability: Grassy Surge|[of] p2a: Rillaboom
|turn|2
|
|t:|1760319717
|move|p1a: Zamazenta|Close Combat|p2a: Rillaboom
|-damage|p2a: Rillaboom|0 fnt
|-unboost|p1a: Zamazenta|def|1
|-unboost|p1a: Zamazenta|spd|1
|faint|p2a: Rillaboom
|
|upkeep
|
|t:|1760319723
|switch|p2a: Hawlucha|Hawlucha, M|100/100
|-enditem|p2a: Hawlucha|Grassy Seed
|-boost|p2a: Hawlucha|def|1|[from] item: Grassy Seed
|turn|3
|
|t:|1760319725
|switch|p1a: Moltres|Moltres|100/100
|move|p2a: Hawlucha|Swords Dance|p2a: Hawlucha
|-boost|p2a: Hawlucha|atk|2
|
|upkeep
|turn|4
|
|t:|1760319730
|-terastallize|p2a: Hawlucha|Flying
|move|p2a: Hawlucha|Acrobatics|p1a: Moltres
|-damage|p1a: Moltres|7/100
|move|p1a: Moltres|Roar|p2a: Hawlucha
|drag|p2a: Kyurem|Kyurem|100/100
|-ability|p2a: Kyurem|Pressure
|
|upkeep
|turn|5
|
|t:|1760319737
|move|p2a: Kyurem|Scale Shot|p1a: Moltres
|-damage|p1a: Moltres|0 fnt
|faint|p1a: Moltres
|-hitcount|p1: Moltres|1
|-unboost|p2a: Kyurem|def|1
|-boost|p2a: Kyurem|spe|1
|
|upkeep
|
|t:|1760319745
|switch|p1a: Gholdengo|Gholdengo|100/100
|-damage|p1a: Gholdengo|94/100|[from] Stealth Rock
|turn|6
|
|t:|1760319749
|switch|p2a: Hawlucha|Hawlucha, M, tera:Flying|100/100
|move|p1a: Gholdengo|Make It Rain|p2a: Hawlucha
|-damage|p2a: Hawlucha|8/100
|-unboost|p1a: Gholdengo|spa|1
|
|-heal|p1a: Gholdengo|100/100|[from] Grassy Terrain
|-fieldend|move: Grassy Terrain
|upkeep
|turn|7
|
|t:|1760319752
|move|p1a: Gholdengo|Make It Rain|p2a: Hawlucha
|-damage|p2a: Hawlucha|0 fnt
|-unboost|p1a: Gholdengo|spa|1
|faint|p2a: Hawlucha
|
|upkeep
|
|t:|1760319757
|switch|p2a: Raging Bolt|Raging Bolt|100/100
|-enditem|p2a: Raging Bolt|Booster Energy
|-activate|p2a: Raging Bolt|ability: Protosynthesis|[fromitem]
|-start|p2a: Raging Bolt|protosynthesisspa
|turn|8
|
|t:|1760319760
|switch|p1a: Ting-Lu|Ting-Lu|100/100
|-damage|p1a: Ting-Lu|94/100|[from] Stealth Rock
|-ability|p1a: Ting-Lu|Vessel of Ruin
|move|p2a: Raging Bolt|Calm Mind|p2a: Raging Bolt
|-boost|p2a: Raging Bolt|spa|1
|-boost|p2a: Raging Bolt|spd|1
|
|upkeep
|turn|9
|
|t:|1760319762
|move|p2a: Raging Bolt|Dragon Pulse|p1a: Ting-Lu
|-damage|p1a: Ting-Lu|54/100
|move|p1a: Ting-Lu|Earthquake|p2a: Raging Bolt
|-supereffective|p2a: Raging Bolt
|-damage|p2a: Raging Bolt|38/100
|
|upkeep
|turn|10
|
|t:|1760319765
|move|p2a: Raging Bolt|Dragon Pulse|p1a: Ting-Lu
|-damage|p1a: Ting-Lu|15/100
|move|p1a: Ting-Lu|Stealth Rock|p2a: Raging Bolt
|-sidestart|p2: Chococroc|move: Stealth Rock
|
|upkeep
|turn|11
|
|t:|1760319767
|move|p2a: Raging Bolt|Dragon Pulse|p1a: Ting-Lu
|-damage|p1a: Ting-Lu|0 fnt
|faint|p1a: Ting-Lu
|
|upkeep
|
|t:|1760319769
|switch|p1a: Latios|Latios, M|100/100
|-damage|p1a: Latios|88/100|[from] Stealth Rock
|turn|12
|
|t:|1760319771
|move|p2a: Raging Bolt|Thunderclap|p1a: Latios
|-resisted|p1a: Latios
|-damage|p1a: Latios|49/100
|move|p1a: Latios|Draco Meteor|p2a: Raging Bolt|[miss]
|-miss|p1a: Latios|p2a: Raging Bolt
|
|upkeep
|turn|13
|
|t:|1760319775
|move|p2a: Raging Bolt|Thunderclap|p1a: Latios
|-resisted|p1a: Latios
|-damage|p1a: Latios|3/100
|move|p1a: Latios|Draco Meteor|p2a: Raging Bolt
|-supereffective|p2a: Raging Bolt
|-damage|p2a: Raging Bolt|0 fnt
|-unboost|p1a: Latios|spa|2
|faint|p2a: Raging Bolt
|-end|p2a: Raging Bolt|Protosynthesis|[silent]
|
|upkeep
|
|t:|1760319779
|switch|p2a: Zamazenta|Zamazenta|100/100
|-damage|p2a: Zamazenta|94/100|[from] Stealth Rock
|-ability|p2a: Zamazenta|Dauntless Shield|boost
|-boost|p2a: Zamazenta|def|1
|turn|14
|
|t:|1760319782
|switch|p1a: Weezing|Weezing-Galar, M|100/100
|-ability|p1a: Weezing|Neutralizing Gas
|move|p2a: Zamazenta|Crunch|p1a: Weezing
|-resisted|p1a: Weezing
|-damage|p1a: Weezing|94/100
|
|-heal|p2a: Zamazenta|100/100|[from] item: Leftovers
|upkeep
|turn|15
|
|t:|1760319786
|move|p2a: Zamazenta|Heavy Slam|p1a: Weezing
|-supereffective|p1a: Weezing
|-damage|p1a: Weezing|49/100
|move|p1a: Weezing|Will-O-Wisp|p2a: Zamazenta
|-status|p2a: Zamazenta|brn
|
|-damage|p2a: Zamazenta|94/100 brn|[from] brn
|upkeep
|turn|16
|
|t:|1760319792
|move|p2a: Zamazenta|Heavy Slam|p1a: Weezing
|-supereffective|p1a: Weezing
|-damage|p1a: Weezing|27/100
|move|p1a: Weezing|Pain Split|p2a: Zamazenta
|-sethp|p2a: Zamazenta|59/100 brn|[from] move: Pain Split|[silent]
|-sethp|p1a: Weezing|68/100|[from] move: Pain Split
|
|-heal|p2a: Zamazenta|65/100 brn|[from] item: Leftovers
|-damage|p2a: Zamazenta|59/100 brn|[from] brn
|upkeep
|turn|17
|
|t:|1760319798
|-end|p1a: Weezing|ability: Neutralizing Gas
|switch|p1a: Zamazenta|Zamazenta|100/100
|-damage|p1a: Zamazenta|94/100|[from] Stealth Rock
|move|p2a: Zamazenta|Heavy Slam|p1a: Zamazenta
|-damage|p1a: Zamazenta|89/100
|
|-heal|p2a: Zamazenta|65/100 brn|[from] item: Leftovers
|-damage|p2a: Zamazenta|59/100 brn|[from] brn
|upkeep
|turn|18
|
|t:|1760319803
|move|p1a: Zamazenta|Close Combat|p2a: Zamazenta
|-damage|p2a: Zamazenta|12/100 brn
|-unboost|p1a: Zamazenta|def|1
|-unboost|p1a: Zamazenta|spd|1
|move|p2a: Zamazenta|Body Press|p1a: Zamazenta
|-damage|p1a: Zamazenta|52/100
|
|-heal|p2a: Zamazenta|19/100 brn|[from] item: Leftovers
|-damage|p2a: Zamazenta|12/100 brn|[from] brn
|upkeep
|turn|19
|
|t:|1760319806
|move|p1a: Zamazenta|Close Combat|p2a: Zamazenta
|-damage|p2a: Zamazenta|0 fnt
|-unboost|p1a: Zamazenta|def|1
|-unboost|p1a: Zamazenta|spd|1
|faint|p2a: Zamazenta
|
|upkeep
|-message|Chococroc forfeited.
|
|win|zeep vs zoop
|raw|zeep vs zoop's rating: 1704 &rarr; <strong>1723</strong><br />(+19 for winning)
|raw|Chococroc's rating: 1692 &rarr; <strong>1673</strong><br />(-19 for losing)
|l|☆Chococroc
|player|p2|
|l|‽zeep vs zoop
|player|p1|
|l| kyrie sauce
