|j|☆Catactual
|j|☆beeboobaa
|t:|1760450773
|gametype|singles
|player|p1|Catactual|170|1461
|player|p2|beeboobaa|169|1442
|gen|9
|tier|[Gen 9] OU
|rated|
|rule|HP Percentage Mod: HP is shown in percentages
|rule|Endless Battle Clause: Forcing endless battles is banned
|rule|Species Clause: Limit one of each Pokémon
|rule|OHKO Clause: OHKO moves are banned
|rule|Evasion Items Clause: Evasion items are banned
|rule|Evasion Moves Clause: Evasion moves are banned
|rule|Evasion Abilities Clause: Evasion abilities are banned
|rule|Sleep Moves Clause: Sleep-inducing moves are banned
|clearpoke
|poke|p1|Darkrai|
|poke|p1|Garchomp, F|
|poke|p1|Gholdengo|
|poke|p1|Great Tusk|
|poke|p1|Slowking-Galar, F|
|poke|p1|Cinderace, M|
|poke|p2|Blastoise, M|
|poke|p2|Clefable, F|
|poke|p2|Slowbro, M|
|poke|p2|Chansey, F|
|poke|p2|Zapdos|
|poke|p2|Dragonite, M|
|teampreview
|inactive|Battle timer is ON: inactive players will automatically lose when time's up. (requested by beeboobaa)
|
|t:|1760450796
|teamsize|p1|6
|teamsize|p2|6
|start
|switch|p1a: Darkrai|Darkrai|100/100
|switch|p2a: Blastoise|Blastoise, M|100/100
|turn|1
|
|t:|1760450818
|switch|p2a: Chansey|Chansey, F|100/100
|move|p1a: Darkrai|Dark Pulse|p2a: Chansey
|-damage|p2a: Chansey|89/100
|
|upkeep
|turn|2
|
|t:|1760450824
|move|p1a: Darkrai|Knock Off|p2a: Chansey
|-damage|p2a: Chansey|71/100
|-enditem|p2a: Chansey|Eviolite|[from] move: Knock Off|[of] p1a: Darkrai
|move|p2a: Chansey|Seismic Toss|p1a: Darkrai
|-damage|p1a: Darkrai|65/100
|
|upkeep
|turn|3
|
|t:|1760450834
|switch|p1a: Garchomp|Garchomp, F|100/100
|move|p2a: Chansey|Seismic Toss|p1a: Garchomp
|-damage|p1a: Garchomp|77/100
|-damage|p2a: Chansey|59/100|[from] ability: Rough Skin|[of] p1a: Garchomp
|-damage|p2a: Chansey|42/100|[from] item: Rocky Helmet|[of] p1a: Garchomp
|
|upkeep
|turn|4
|
|t:|1760450856
|move|p1a: Garchomp|Stealth Rock|p2a: Chansey
|-sidestart|p2: beeboobaa|move: Stealth Rock
|move|p2a: Chansey|Soft-Boiled|p2a: Chansey
|-heal|p2a: Chansey|92/100
|
|upkeep
|turn|5
|inactive|beeboobaa has 120 seconds left.
|
|t:|1760450886
|switch|p2a: Blastoise|Blastoise, M|100/100
|-damage|p2a: Blastoise|88/100|[from] Stealth Rock
|move|p1a: Garchomp|Spikes|p2a: Blastoise
|-sidestart|p2: beeboobaa|Spikes
|
|upkeep
|turn|6
|
|t:|1760450897
|move|p2a: Blastoise|Shell Smash|p2a: Blastoise
|-unboost|p2a: Blastoise|def|1
|-unboost|p2a: Blastoise|spd|1
|-boost|p2a: Blastoise|atk|2
|-boost|p2a: Blastoise|spa|2
|-boost|p2a: Blastoise|spe|2
|move|p1a: Garchomp|Dragon Tail|p2a: Blastoise
|-damage|p2a: Blastoise|51/100
|-damage|p1a: Garchomp|60/100|[from] item: Rocky Helmet|[of] p2a: Blastoise
|drag|p2a: Slowbro|Slowbro, M|100/100
|-damage|p2a: Slowbro|88/100|[from] Stealth Rock
|-damage|p2a: Slowbro|76/100|[from] Spikes
|
|upkeep
|turn|7
|
|t:|1760450907
|switch|p2a: Blastoise|Blastoise, M|51/100
|-damage|p2a: Blastoise|39/100|[from] Stealth Rock
|-damage|p2a: Blastoise|26/100|[from] Spikes
|move|p1a: Garchomp|Spikes|p2a: Blastoise
|-sidestart|p2: beeboobaa|Spikes
|
|upkeep
|turn|8
|
|t:|1760450911
|move|p1a: Garchomp|Earthquake|p2a: Blastoise
|-damage|p2a: Blastoise|0 fnt
|faint|p2a: Blastoise
|
|upkeep
|c|☆beeboobaa|gosh
|
|t:|1760450921
|switch|p2a: Dragonite|Dragonite, M|100/100
|-damage|p2a: Dragonite|76/100|[from] Stealth Rock
|turn|9
|
|t:|1760450924
|move|p2a: Dragonite|Ice Spinner|p1a: Garchomp
|-supereffective|p1a: Garchomp
|-damage|p1a: Garchomp|0 fnt
|-damage|p2a: Dragonite|63/100|[from] ability: Rough Skin|[of] p1a: Garchomp
|-damage|p2a: Dragonite|47/100|[from] item: Rocky Helmet|[of] p1a: Garchomp
|faint|p1a: Garchomp
|
|upkeep
|
|t:|1760450933
|switch|p1a: Darkrai|Darkrai|65/100
|turn|10
|
|t:|1760450946
|move|p1a: Darkrai|Ice Beam|p2a: Dragonite
|-supereffective|p2a: Dragonite
|-damage|p2a: Dragonite|0 fnt
|faint|p2a: Dragonite
|
|upkeep
|
|t:|1760450956
|switch|p2a: Zapdos|Zapdos|100/100
|turn|11
|
|t:|1760450977
|move|p1a: Darkrai|Ice Beam|p2a: Zapdos
|-supereffective|p2a: Zapdos
|-damage|p2a: Zapdos|48/100
|-status|p2a: Zapdos|frz
|cant|p2a: Zapdos|frz
|
|upkeep
|turn|12
|
|t:|1760450986
|switch|p2a: Chansey|Chansey, F|92/100
|-damage|p2a: Chansey|80/100|[from] Stealth Rock
|-damage|p2a: Chansey|63/100|[from] Spikes
|move|p1a: Darkrai|Ice Beam|p2a: Chansey
|-damage|p2a: Chansey|49/100
|
|upkeep
|turn|13
|
|t:|1760450992
|switch|p1a: Cinderace|Cinderace, M|100/100
|move|p2a: Chansey|Soft-Boiled|p2a: Chansey
|-heal|p2a: Chansey|99/100
|
|upkeep
|turn|14
|
|t:|1760450997
|move|p1a: Cinderace|Pyro Ball|p2a: Chansey
|-damage|p2a: Chansey|44/100
|move|p2a: Chansey|Seismic Toss|p1a: Cinderace
|-damage|p1a: Cinderace|67/100
|
|upkeep
|turn|15
|
|t:|1760451007
|switch|p2a: Slowbro|Slowbro, M|100/100
|-damage|p2a: Slowbro|88/100|[from] Stealth Rock
|-damage|p2a: Slowbro|72/100|[from] Spikes
|move|p1a: Cinderace|Pyro Ball|p2a: Slowbro|[miss]
|-miss|p1a: Cinderace|p2a: Slowbro
|
|upkeep
|turn|16
|
|t:|1760451014
|move|p1a: Cinderace|U-turn|p2a: Slowbro
|-start|p1a: Cinderace|typechange|Bug|[from] ability: Libero
|-supereffective|p2a: Slowbro
|-damage|p2a: Slowbro|35/100
|-damage|p1a: Cinderace|51/100|[from] item: Rocky Helmet|[of] p2a: Slowbro
|
|t:|1760451021
|switch|p1a: Darkrai|Darkrai|65/100|[from] U-turn
|move|p2a: Slowbro|Body Press|p1a: Darkrai
|-supereffective|p1a: Darkrai
|-damage|p1a: Darkrai|0 fnt
|faint|p1a: Darkrai
|
|upkeep
|
|t:|1760451026
|switch|p1a: Gholdengo|Gholdengo|100/100
|-item|p1a: Gholdengo|Air Balloon
|turn|17
|
|t:|1760451050
|switch|p2a: Zapdos|Zapdos|48/100 frz
|move|p1a: Gholdengo|Make It Rain|p2a: Zapdos
|-resisted|p2a: Zapdos
|-damage|p2a: Zapdos|26/100 frz
|-unboost|p1a: Gholdengo|spa|1
|
|upkeep
|turn|18
|
|t:|1760451057
|switch|p2a: Chansey|Chansey, F|44/100
|-damage|p2a: Chansey|31/100|[from] Stealth Rock
|-damage|p2a: Chansey|15/100|[from] Spikes
|switch|p1a: Cinderace|Cinderace, M|51/100
|
|upkeep
|turn|19
|
|t:|1760451062
|move|p1a: Cinderace|Pyro Ball|p2a: Chansey
|-damage|p2a: Chansey|0 fnt
|faint|p2a: Chansey
|
|upkeep
|
|t:|1760451064
|switch|p2a: Slowbro|Slowbro, M|68/100
|-damage|p2a: Slowbro|56/100|[from] Stealth Rock
|-damage|p2a: Slowbro|39/100|[from] Spikes
|turn|20
|
|t:|1760451067
|move|p1a: Cinderace|Gunk Shot|p2a: Slowbro
|-start|p1a: Cinderace|typechange|Poison|[from] ability: Libero
|-damage|p2a: Slowbro|4/100
|move|p2a: Slowbro|Slack Off|p2a: Slowbro
|-heal|p2a: Slowbro|54/100
|
|upkeep
|turn|21
|
|t:|1760451074
|move|p1a: Cinderace|U-turn|p2a: Slowbro
|-supereffective|p2a: Slowbro
|-damage|p2a: Slowbro|27/100
|-damage|p1a: Cinderace|34/100|[from] item: Rocky Helmet|[of] p2a: Slowbro
|
|t:|1760451077
|switch|p1a: Slowking|Slowking-Galar, F|100/100|[from] U-turn
|move|p2a: Slowbro|Thunder Wave|p1a: Slowking
|-status|p1a: Slowking|par
|
|upkeep
|turn|22
|
|t:|1760451084
|move|p2a: Slowbro|Slack Off|p2a: Slowbro
|-heal|p2a: Slowbro|77/100
|cant|p1a: Slowking|par
|
|upkeep
|turn|23
|
|t:|1760451099
|move|p2a: Slowbro|Future Sight|p1a: Slowking
|-start|p2a: Slowbro|move: Future Sight
|move|p1a: Slowking|Sludge Bomb|p2a: Slowbro
|-damage|p2a: Slowbro|39/100
|
|upkeep
|turn|24
|inactive|Catactual has 120 seconds left.
|
|t:|1760451142
|move|p2a: Slowbro|Slack Off|p2a: Slowbro
|-heal|p2a: Slowbro|89/100
|-prepare|p1a: Slowking|Chilly Reception|[premajor]
|move|p1a: Slowking|Chilly Reception|p1a: Slowking
|-weather|Snowscape
|
|t:|1760451148
|switch|p1a: Gholdengo|Gholdengo|100/100|[from] Chilly Reception
|-item|p1a: Gholdengo|Air Balloon
|
|-weather|Snowscape|[upkeep]
|upkeep
|turn|25
|
|t:|1760451157
|switch|p2a: Zapdos|Zapdos|26/100 frz
|move|p1a: Gholdengo|Hex|p2a: Zapdos
|-damage|p2a: Zapdos|0 fnt
|faint|p2a: Zapdos
|
|-weather|Snowscape|[upkeep]
|-end|p1a: Gholdengo|move: Future Sight
|-resisted|p1a: Gholdengo
|-damage|p1a: Gholdengo|80/100
|-enditem|p1a: Gholdengo|Air Balloon
|upkeep
|
|t:|1760451186
|switch|p2a: Slowbro|Slowbro, M|100/100
|-damage|p2a: Slowbro|88/100|[from] Stealth Rock
|-damage|p2a: Slowbro|72/100|[from] Spikes
|turn|26
|
|t:|1760451189
|move|p1a: Gholdengo|Thunder Wave|p2a: Slowbro
|-status|p2a: Slowbro|par
|move|p2a: Slowbro|Slack Off|p2a: Slowbro
|-heal|p2a: Slowbro|100/100 par
|
|-weather|Snowscape|[upkeep]
|upkeep
|turn|27
|
|t:|1760451194
|move|p1a: Gholdengo|Hex|p2a: Slowbro
|-supereffective|p2a: Slowbro
|-damage|p2a: Slowbro|0 fnt
|faint|p2a: Slowbro
|
|-weather|Snowscape|[upkeep]
|upkeep
|
|t:|1760451197
|switch|p2a: Clefable|Clefable, F|100/100
|turn|28
|
|t:|1760451207
|-terastallize|p2a: Clefable|Fire
|move|p1a: Gholdengo|Make It Rain|p2a: Clefable
|-resisted|p2a: Clefable
|-damage|p2a: Clefable|76/100
|-unboost|p1a: Gholdengo|spa|1
|move|p2a: Clefable|Calm Mind|p2a: Clefable
|-boost|p2a: Clefable|spa|1
|-boost|p2a: Clefable|spd|1
|
|-weather|none
|upkeep
|turn|29
|
|t:|1760451221
|move|p1a: Gholdengo|Thunder Wave|p2a: Clefable|[miss]
|-miss|p1a: Gholdengo|p2a: Clefable
|move|p2a: Clefable|Moonblast|p1a: Gholdengo
|-resisted|p1a: Gholdengo
|-crit|p1a: Gholdengo
|-damage|p1a: Gholdengo|48/100
|
|upkeep
|turn|30
|
|t:|1760451235
|move|p1a: Gholdengo|Thunder Wave|p2a: Clefable
|-status|p2a: Clefable|par
|move|p2a: Clefable|Calm Mind|p2a: Clefable
|-boost|p2a: Clefable|spa|1
|-boost|p2a: Clefable|spd|1
|
|upkeep
|turn|31
|
|t:|1760451240
|move|p1a: Gholdengo|Recover|p1a: Gholdengo
|-heal|p1a: Gholdengo|98/100
|cant|p2a: Clefable|par
|
|upkeep
|turn|32
|
|t:|1760451244
|switch|p1a: Slowking|Slowking-Galar, F|100/100 par
|move|p2a: Clefable|Moonblast|p1a: Slowking
|-resisted|p1a: Slowking
|-damage|p1a: Slowking|81/100 par
|
|upkeep
|turn|33
|
|t:|1760451249
|move|p2a: Clefable|Calm Mind|p2a: Clefable
|-boost|p2a: Clefable|spa|1
|-boost|p2a: Clefable|spd|1
|-prepare|p1a: Slowking|Chilly Reception|[premajor]
|move|p1a: Slowking|Chilly Reception|p1a: Slowking
|-weather|Snowscape
|
|t:|1760451252
|switch|p1a: Great Tusk|Great Tusk|100/100|[from] Chilly Reception
|-enditem|p1a: Great Tusk|Booster Energy
|-activate|p1a: Great Tusk|ability: Protosynthesis|[fromitem]
|-start|p1a: Great Tusk|protosynthesisspe
|
|-weather|Snowscape|[upkeep]
|upkeep
|turn|34
|
|t:|1760451257
|move|p1a: Great Tusk|Earthquake|p2a: Clefable
|-supereffective|p2a: Clefable
|-damage|p2a: Clefable|14/100 par
|move|p2a: Clefable|Moonblast|p1a: Great Tusk
|-supereffective|p1a: Great Tusk
|-damage|p1a: Great Tusk|0 fnt
|faint|p1a: Great Tusk
|-end|p1a: Great Tusk|Protosynthesis|[silent]
|
|-weather|Snowscape|[upkeep]
|upkeep
|
|t:|1760451265
|switch|p1a: Gholdengo|Gholdengo|98/100
|turn|35
|
|t:|1760451270
|move|p1a: Gholdengo|Hex|p2a: Clefable
|-damage|p2a: Clefable|0 fnt
|faint|p2a: Clefable
|
|win|Catactual
|raw|Catactual's rating: 1461 &rarr; <strong>1480</strong><br />(+19 for winning)
|raw|beeboobaa's rating: 1442 &rarr; <strong>1423</strong><br />(-19 for losing)
|l|☆Catactual
|player|p1|
|l|☆beeboobaa
|player|p2|
