|j|☆Dew123
|j|☆sirexcell
|t:|1760345742
|gametype|singles
|player|p1|Dew123|biker-gen4|1306
|player|p2|sirexcell|palmer|1293
|gen|9
|tier|[Gen 9] OU
|rated|
|rule|HP Percentage Mod: HP is shown in percentages
|rule|Endless Battle Clause: Forcing endless battles is banned
|rule|Species Clause: Limit one of each Pokémon
|rule|OHKO Clause: OHKO moves are banned
|rule|Evasion Items Clause: Evasion items are banned
|rule|Evasion Moves Clause: Evasion moves are banned
|rule|Evasion Abilities Clause: Evasion abilities are banned
|rule|Sleep Moves Clause: Sleep-inducing moves are banned
|clearpoke
|poke|p1|Feraligatr, M|
|poke|p1|Victreebel, F|
|poke|p1|Pyroar, M|
|poke|p1|Excadrill, F|
|poke|p1|Malamar, M|
|poke|p1|Clefable, M|
|poke|p2|Alomomola, M|
|poke|p2|Garchomp, M|
|poke|p2|Gholdengo|
|poke|p2|Weavile, M|
|poke|p2|Slowking-Galar, F|
|poke|p2|Hydreigon, F|
|teampreview
|inactive|Battle timer is ON: inactive players will automatically lose when time's up. (requested by Dew123)
|
|t:|1760345756
|teamsize|p1|6
|teamsize|p2|6
|start
|switch|p1a: MegaExcadrill|Excadrill, F|100/100
|switch|p2a: Garchomp|Garchomp, M|100/100
|-item|p1a: MegaExcadrill|Air Balloon
|turn|1
|
|t:|1760345761
|move|p1a: MegaExcadrill|Swords Dance|p1a: MegaExcadrill
|-boost|p1a: MegaExcadrill|atk|2
|move|p2a: Garchomp|Stealth Rock|p1a: MegaExcadrill
|-sidestart|p1: Dew123|move: Stealth Rock
|
|upkeep
|turn|2
|
|t:|1760345767
|move|p1a: MegaExcadrill|Rapid Spin|p2a: Garchomp
|-crit|p2a: Garchomp
|-damage|p2a: Garchomp|61/100
|-boost|p1a: MegaExcadrill|spe|1
|-damage|p1a: MegaExcadrill|88/100|[from] ability: Rough Skin|[of] p2a: Garchomp
|-sideend|p1: Dew123|Stealth Rock|[from] move: Rapid Spin|[of] p1a: MegaExcadrill
|move|p2a: Garchomp|Dragon Tail|p1a: MegaExcadrill
|-resisted|p1a: MegaExcadrill
|-damage|p1a: MegaExcadrill|69/100
|-enditem|p1a: MegaExcadrill|Air Balloon
|drag|p1a: Victreebel|Victreebel, F|100/100
|
|-heal|p2a: Garchomp|67/100|[from] item: Leftovers
|upkeep
|turn|3
|
|t:|1760345781
|move|p2a: Garchomp|Stealth Rock|p1a: Victreebel
|-sidestart|p1: Dew123|move: Stealth Rock
|move|p1a: Victreebel|Trailblaze|p2a: Garchomp
|-damage|p2a: Garchomp|55/100
|-boost|p1a: Victreebel|spe|1
|-damage|p1a: Victreebel|88/100|[from] ability: Rough Skin|[of] p2a: Garchomp
|
|-heal|p1a: Victreebel|94/100|[from] item: Black Sludge
|-heal|p2a: Garchomp|61/100|[from] item: Leftovers
|upkeep
|turn|4
|
|t:|1760345793
|move|p1a: Victreebel|Trailblaze|p2a: Garchomp
|-damage|p2a: Garchomp|48/100
|-boost|p1a: Victreebel|spe|1
|-damage|p1a: Victreebel|82/100|[from] ability: Rough Skin|[of] p2a: Garchomp
|move|p2a: Garchomp|Spikes|p1a: Victreebel
|-sidestart|p1: Dew123|Spikes
|
|-heal|p1a: Victreebel|88/100|[from] item: Black Sludge
|-heal|p2a: Garchomp|54/100|[from] item: Leftovers
|upkeep
|turn|5
|
|t:|1760345805
|move|p1a: Victreebel|Giga Drain|p2a: Garchomp
|-damage|p2a: Garchomp|27/100
|-heal|p1a: Victreebel|100/100|[from] drain|[of] p2a: Garchomp
|move|p2a: Garchomp|Spikes|p1a: Victreebel
|-sidestart|p1: Dew123|Spikes
|
|-heal|p2a: Garchomp|34/100|[from] item: Leftovers
|upkeep
|turn|6
|
|t:|1760345816
|move|p1a: Victreebel|Giga Drain|p2a: Garchomp
|-damage|p2a: Garchomp|6/100
|move|p2a: Garchomp|Dragon Tail|p1a: Victreebel
|-damage|p1a: Victreebel|62/100
|drag|p1a: MegaClefable|Clefable, M|100/100
|
|-heal|p2a: Garchomp|13/100|[from] item: Leftovers
|upkeep
|turn|7
|
|t:|1760345838
|switch|p2a: Slowking|Slowking-Galar, F|100/100
|move|p1a: MegaClefable|Calm Mind|p1a: MegaClefable
|-boost|p1a: MegaClefable|spa|1
|-boost|p1a: MegaClefable|spd|1
|
|upkeep
|turn|8
|
|t:|1760345849
|-terastallize|p1a: MegaClefable|Flying
|move|p1a: MegaClefable|Calm Mind|p1a: MegaClefable
|-boost|p1a: MegaClefable|spa|1
|-boost|p1a: MegaClefable|spd|1
|move|p2a: Slowking|Sludge Bomb|p1a: MegaClefable
|-damage|p1a: MegaClefable|85/100
|
|-heal|p1a: MegaClefable|91/100|[from] item: Leftovers
|upkeep
|turn|9
|
|t:|1760345864
|move|p1a: MegaClefable|Tera Blast|p2a: Slowking|[anim] Tera Blast Flying
|-damage|p2a: Slowking|68/100
|move|p2a: Slowking|Future Sight|p1a: MegaClefable
|-start|p2a: Slowking|move: Future Sight
|
|-heal|p1a: MegaClefable|97/100|[from] item: Leftovers
|upkeep
|turn|10
|
|t:|1760345873
|move|p1a: MegaClefable|Calm Mind|p1a: MegaClefable
|-boost|p1a: MegaClefable|spa|1
|-boost|p1a: MegaClefable|spd|1
|move|p2a: Slowking|Sludge Bomb|p1a: MegaClefable
|-damage|p1a: MegaClefable|84/100
|
|-heal|p1a: MegaClefable|90/100|[from] item: Leftovers
|upkeep
|turn|11
|
|t:|1760345889
|move|p1a: MegaClefable|Calm Mind|p1a: MegaClefable
|-boost|p1a: MegaClefable|spa|1
|-boost|p1a: MegaClefable|spd|1
|-prepare|p2a: Slowking|Chilly Reception|[premajor]
|move|p2a: Slowking|Chilly Reception|p2a: Slowking
|-weather|Snowscape
|
|t:|1760345896
|switch|p2a: Alomomola|Alomomola, M|100/100|[from] Chilly Reception
|
|-weather|Snowscape|[upkeep]
|-end|p1a: MegaClefable|move: Future Sight
|-damage|p1a: MegaClefable|76/100
|-heal|p1a: MegaClefable|82/100|[from] item: Leftovers
|upkeep
|turn|12
|
|t:|1760345906
|move|p1a: MegaClefable|Moonblast|p2a: Alomomola
|-damage|p2a: Alomomola|19/100
|-enditem|p2a: Alomomola|Red Card|[of] p1a: MegaClefable
|drag|p1a: Victreebel|Victreebel, F|62/100
|-damage|p1a: Victreebel|50/100|[from] Stealth Rock
|-damage|p1a: Victreebel|33/100|[from] Spikes
|move|p2a: Alomomola|Wish|p2a: Alomomola
|
|-weather|Snowscape|[upkeep]
|-heal|p1a: Victreebel|39/100|[from] item: Black Sludge
|upkeep
|turn|13
|
|t:|1760345918
|switch|p2a: Garchomp|Garchomp, M|13/100
|move|p1a: Victreebel|Trailblaze|p2a: Garchomp
|-damage|p2a: Garchomp|1/100
|-boost|p1a: Victreebel|spe|1
|-damage|p1a: Victreebel|27/100|[from] ability: Rough Skin|[of] p2a: Garchomp
|
|-weather|Snowscape|[upkeep]
|-heal|p2a: Garchomp|57/100|[from] move: Wish|[wisher] Alomomola
|-heal|p1a: Victreebel|33/100|[from] item: Black Sludge
|-heal|p2a: Garchomp|63/100|[from] item: Leftovers
|upkeep
|turn|14
|
|t:|1760345939
|move|p1a: Victreebel|Giga Drain|p2a: Garchomp
|-damage|p2a: Garchomp|38/100
|-heal|p1a: Victreebel|51/100|[from] drain|[of] p2a: Garchomp
|move|p2a: Garchomp|Dragon Tail|p1a: Victreebel
|-damage|p1a: Victreebel|9/100
|drag|p1a: MegaPyroar|Pyroar, M|100/100
|-ability|p1a: MegaPyroar|Unnerve
|-damage|p1a: MegaPyroar|76/100|[from] Stealth Rock
|-damage|p1a: MegaPyroar|59/100|[from] Spikes
|
|-weather|Snowscape|[upkeep]
|-heal|p2a: Garchomp|44/100|[from] item: Leftovers
|upkeep
|turn|15
|inactive|sirexcell has 120 seconds left.
|
|t:|1760345956
|switch|p2a: Alomomola|Alomomola, M|52/100
|move|p1a: MegaPyroar|Trailblaze|p2a: Alomomola
|-supereffective|p2a: Alomomola
|-damage|p2a: Alomomola|44/100
|-boost|p1a: MegaPyroar|spe|1
|
|-weather|none
|upkeep
|turn|16
|inactive|sirexcell has 120 seconds left.
|
|t:|1760345967
|move|p1a: MegaPyroar|Hyper Voice|p2a: Alomomola
|-damage|p2a: Alomomola|2/100
|move|p2a: Alomomola|Wish|p2a: Alomomola
|
|upkeep
|turn|17
|
|t:|1760345974
|switch|p2a: Garchomp|Garchomp, M|44/100
|move|p1a: MegaPyroar|Trailblaze|p2a: Garchomp
|-damage|p2a: Garchomp|39/100
|-boost|p1a: MegaPyroar|spe|1
|-damage|p1a: MegaPyroar|47/100|[from] ability: Rough Skin|[of] p2a: Garchomp
|
|-heal|p2a: Garchomp|95/100|[from] move: Wish|[wisher] Alomomola
|-heal|p2a: Garchomp|100/100|[from] item: Leftovers
|upkeep
|turn|18
|
|t:|1760345987
|move|p1a: MegaPyroar|Hyper Voice|p2a: Garchomp
|-damage|p2a: Garchomp|62/100
|move|p2a: Garchomp|Spikes|p1a: MegaPyroar
|-sidestart|p1: Dew123|Spikes
|
|-heal|p2a: Garchomp|68/100|[from] item: Leftovers
|upkeep
|turn|19
|
|t:|1760345995
|move|p1a: MegaPyroar|Hyper Voice|p2a: Garchomp
|-damage|p2a: Garchomp|33/100
|move|p2a: Garchomp|Dragon Tail|p1a: MegaPyroar
|-damage|p1a: MegaPyroar|8/100
|-enditem|p1a: MegaPyroar|Petaya Berry|[eat]
|-boost|p1a: MegaPyroar|spa|1|[from] item: Petaya Berry
|drag|p1a: MegaClefable|Clefable, M, tera:Flying|82/100
|
|-heal|p2a: Garchomp|40/100|[from] item: Leftovers
|-heal|p1a: MegaClefable|89/100|[from] item: Leftovers
|upkeep
|turn|20
|
|t:|1760346008
|move|p1a: MegaClefable|Moonblast|p2a: Garchomp
|-supereffective|p2a: Garchomp
|-damage|p2a: Garchomp|0 fnt
|faint|p2a: Garchomp
|
|-heal|p1a: MegaClefable|95/100|[from] item: Leftovers
|upkeep
|
|t:|1760346017
|switch|p2a: Weavile|Weavile, M|100/100
|turn|21
|
|t:|1760346026
|switch|p1a: MegaPyroar|Pyroar, M|8/100
|-ability|p1a: MegaPyroar|Unnerve
|-damage|p1a: MegaPyroar|0 fnt|[from] Stealth Rock
|faint|p1a: MegaPyroar
|move|p2a: Weavile|Triple Axel|p1: MegaPyroar|[notarget]
|-fail|p2a: Weavile
|
|upkeep
|
|t:|1760346030
|switch|p1a: MegaExcadrill|Excadrill, F|69/100
|-damage|p1a: MegaExcadrill|66/100|[from] Stealth Rock
|-damage|p1a: MegaExcadrill|41/100|[from] Spikes
|turn|22
|
|t:|1760346041
|switch|p2a: Gholdengo|Gholdengo|100/100
|-item|p2a: Gholdengo|Air Balloon
|move|p1a: MegaExcadrill|Rapid Spin|p2a: Gholdengo
|-immune|p2a: Gholdengo
|
|upkeep
|turn|23
|
|t:|1760346050
|switch|p1a: Victreebel|Victreebel, F|9/100
|-damage|p1a: Victreebel|0 fnt|[from] Stealth Rock
|faint|p1a: Victreebel
|move|p2a: Gholdengo|Shadow Ball|p1: Victreebel|[notarget]
|-fail|p2a: Gholdengo
|
|upkeep
|
|t:|1760346053
|switch|p1a: Feraligatr|Feraligatr, M|100/100
|-damage|p1a: Feraligatr|88/100|[from] Stealth Rock
|-damage|p1a: Feraligatr|64/100|[from] Spikes
|turn|24
|
|t:|1760346064
|switch|p2a: Alomomola|Alomomola, M|36/100
|move|p1a: Feraligatr|Dragon Dance|p1a: Feraligatr
|-boost|p1a: Feraligatr|atk|1
|-boost|p1a: Feraligatr|spe|1
|
|upkeep
|turn|25
|
|t:|1760346080
|switch|p2a: Slowking|Slowking-Galar, F|100/100
|move|p1a: Feraligatr|Earthquake|p2a: Slowking
|-supereffective|p2a: Slowking
|-damage|p2a: Slowking|0 fnt
|faint|p2a: Slowking
|-damage|p1a: Feraligatr|54/100|[from] item: Life Orb
|
|upkeep
|
|t:|1760346089
|switch|p2a: Alomomola|Alomomola, M|69/100
|turn|26
|
|t:|1760346095
|move|p1a: Feraligatr|Earthquake|p2a: Alomomola
|-damage|p2a: Alomomola|34/100
|-damage|p1a: Feraligatr|44/100|[from] item: Life Orb
|move|p2a: Alomomola|Wish|p2a: Alomomola
|
|upkeep
|turn|27
|
|t:|1760346107
|-terastallize|p2a: Alomomola|Grass
|move|p1a: Feraligatr|Dragon Dance|p1a: Feraligatr
|-boost|p1a: Feraligatr|atk|1
|-boost|p1a: Feraligatr|spe|1
|move|p2a: Alomomola|Scald|p1a: Feraligatr
|-resisted|p1a: Feraligatr
|-damage|p1a: Feraligatr|35/100
|
|-heal|p2a: Alomomola|84/100|[from] move: Wish|[wisher] Alomomola
|upkeep
|turn|28
|
|t:|1760346118
|move|p1a: Feraligatr|Ice Punch|p2a: Alomomola
|-supereffective|p2a: Alomomola
|-damage|p2a: Alomomola|0 fnt
|faint|p2a: Alomomola
|
|upkeep
|
|t:|1760346139
|switch|p2a: Gholdengo|Gholdengo|100/100
|-item|p2a: Gholdengo|Air Balloon
|turn|29
|
|t:|1760346155
|move|p1a: Feraligatr|Liquidation|p2a: Gholdengo
|-damage|p2a: Gholdengo|0 fnt
|-enditem|p2a: Gholdengo|Air Balloon
|faint|p2a: Gholdengo
|
|upkeep
|inactive|sirexcell has 120 seconds left.
|
|t:|1760346179
|switch|p2a: Weavile|Weavile, M|100/100
|turn|30
|inactive|sirexcell has 120 seconds left.
|
|t:|1760346189
|move|p1a: Feraligatr|Liquidation|p2a: Weavile
|-damage|p2a: Weavile|0 fnt
|faint|p2a: Weavile
|
|upkeep
|inactive|sirexcell has 120 seconds left.
|inactive|sirexcell has 90 seconds left.
|inactive|sirexcell has 60 seconds left.
|inactive|sirexcell has 30 seconds left.
|inactive|sirexcell has 20 seconds left.
|inactive|sirexcell has 15 seconds left.
|inactive|sirexcell has 10 seconds left.
|inactive|sirexcell has 5 seconds left.
|
|t:|1760346311
|switch|p2a: Hydreigon|Hydreigon, F|100/100
|turn|31
|inactive|sirexcell has 15 seconds left this turn.
|inactive|sirexcell has 10 seconds left.
|inactive|sirexcell has 5 seconds left.
|
|t:|1760346324
|move|p1a: Feraligatr|Ice Punch|p2a: Hydreigon
|-supereffective|p2a: Hydreigon
|-damage|p2a: Hydreigon|0 fnt
|faint|p2a: Hydreigon
|
|win|Dew123
|raw|Dew123's rating: 1306 &rarr; <strong>1325</strong><br />(+19 for winning)
|raw|sirexcell's rating: 1293 &rarr; <strong>1269</strong><br />(-24 for losing)
|l|☆Dew123
|player|p1|
|l|☆sirexcell
|player|p2|
