|j|☆fire punch (manga)
|j|☆suaiaj
|t:|1760353133
|gametype|singles
|player|p1|fire punch (manga)|bea|1357
|player|p2|suaiaj|steven|1353
|gen|9
|tier|[Gen 9] OU
|rated|
|rule|HP Percentage Mod: HP is shown in percentages
|rule|Endless Battle Clause: Forcing endless battles is banned
|rule|Species Clause: Limit one of each Pokémon
|rule|OHKO Clause: OHKO moves are banned
|rule|Evasion Items Clause: Evasion items are banned
|rule|Evasion Moves Clause: Evasion moves are banned
|rule|Evasion Abilities Clause: Evasion abilities are banned
|rule|Sleep Moves Clause: Sleep-inducing moves are banned
|clearpoke
|poke|p1|Ogerpon-Cornerstone, F|
|poke|p1|Iron Moth|
|poke|p1|Ceruledge, M|
|poke|p1|Rillaboom, M|
|poke|p1|Iron Hands|
|poke|p1|Kingambit, M|
|poke|p2|Kleavor, F|
|poke|p2|Raging Bolt|
|poke|p2|Dragonite, F|
|poke|p2|Kingambit, F|
|poke|p2|Heatran, F|
|poke|p2|Tsareena, F|
|teampreview
|inactive|Battle timer is ON: inactive players will automatically lose when time's up. (requested by fire punch (manga))
|
|t:|1760353144
|teamsize|p1|6
|teamsize|p2|6
|start
|switch|p1a: Ogerpon|Ogerpon-Cornerstone, F|100/100
|switch|p2a: Kleavor|Kleavor, F|100/100
|turn|1
|
|t:|1760353152
|move|p2a: Kleavor|U-turn|p1a: Ogerpon
|-supereffective|p1a: Ogerpon
|-ability|p1a: Ogerpon|Sturdy
|-damage|p1a: Ogerpon|1/100
|
|t:|1760353163
|switch|p2a: Tsareena|Tsareena, F|100/100|[from] U-turn
|move|p1a: Ogerpon|Ivy Cudgel|p2a: Tsareena|[anim] Ivy Cudgel Rock
|-damage|p2a: Tsareena|26/100
|
|upkeep
|turn|2
|
|t:|1760353172
|move|p1a: Ogerpon|Ivy Cudgel|p2a: Tsareena|[anim] Ivy Cudgel Rock
|-damage|p2a: Tsareena|0 fnt
|faint|p2a: Tsareena
|
|upkeep
|
|t:|1760353180
|switch|p2a: Kleavor|Kleavor, F|100/100
|turn|3
|
|t:|1760353184
|move|p2a: Kleavor|U-turn|p1a: Ogerpon
|-supereffective|p1a: Ogerpon
|-damage|p1a: Ogerpon|0 fnt
|faint|p1a: Ogerpon
|
|t:|1760353189
|switch|p2a: Dragonite|Dragonite, F|100/100|[from] U-turn
|
|upkeep
|
|t:|1760353194
|switch|p1a: Iron Hands|Iron Hands|100/100
|turn|4
|
|t:|1760353200
|move|p2a: Dragonite|Dragon Dance|p2a: Dragonite
|-boost|p2a: Dragonite|atk|1
|-boost|p2a: Dragonite|spe|1
|move|p1a: Iron Hands|Ice Punch|p2a: Dragonite
|-supereffective|p2a: Dragonite
|-damage|p2a: Dragonite|39/100
|-enditem|p2a: Dragonite|Weakness Policy
|-boost|p2a: Dragonite|atk|2|[from] item: Weakness Policy
|-boost|p2a: Dragonite|spa|2|[from] item: Weakness Policy
|
|upkeep
|turn|5
|
|t:|1760353209
|move|p2a: Dragonite|Earthquake|p1a: Iron Hands
|-supereffective|p1a: Iron Hands
|-damage|p1a: Iron Hands|0 fnt
|faint|p1a: Iron Hands
|-end|p1a: Iron Hands|Quark Drive|[silent]
|
|upkeep
|inactive|fire punch (manga) has 120 seconds left.
|
|t:|1760353242
|switch|p1a: Iron Moth|Iron Moth|100/100
|-enditem|p1a: Iron Moth|Booster Energy
|-activate|p1a: Iron Moth|ability: Quark Drive|[fromitem]
|-start|p1a: Iron Moth|quarkdrivespe
|turn|6
|
|t:|1760353248
|-terastallize|p2a: Dragonite|Normal
|move|p2a: Dragonite|Extreme Speed|p1a: Iron Moth
|-damage|p1a: Iron Moth|0 fnt
|faint|p1a: Iron Moth
|-end|p1a: Iron Moth|Quark Drive|[silent]
|
|upkeep
|inactive|fire punch (manga) has 120 seconds left.
|
|t:|1760353269
|switch|p1a: Rillaboom|Rillaboom, M|100/100
|-fieldstart|move: Grassy Terrain|[from] ability: Grassy Surge|[of] p1a: Rillaboom
|turn|7
|
|t:|1760353274
|move|p2a: Dragonite|Extreme Speed|p1a: Rillaboom
|-damage|p1a: Rillaboom|0 fnt
|faint|p1a: Rillaboom
|
|-heal|p2a: Dragonite|46/100|[from] Grassy Terrain
|upkeep
|inactive|fire punch (manga) has 120 seconds left.
|
|t:|1760353280
|switch|p1a: Ceruledge|Ceruledge, M, shiny|100/100
|turn|8
|
|t:|1760353288
|-terastallize|p1a: Ceruledge|Flying
|move|p2a: Dragonite|Earthquake|p1a: Ceruledge
|-immune|p1a: Ceruledge
|move|p1a: Ceruledge|Swords Dance|p1a: Ceruledge
|-boost|p1a: Ceruledge|atk|2
|
|-heal|p2a: Dragonite|52/100|[from] Grassy Terrain
|upkeep
|turn|9
|
|t:|1760353298
|move|p2a: Dragonite|Extreme Speed|p1a: Ceruledge
|-enditem|p1a: Ceruledge|Focus Sash
|-damage|p1a: Ceruledge|1/100
|-ability|p1a: Ceruledge|Weak Armor|boost
|-unboost|p1a: Ceruledge|def|1
|-boost|p1a: Ceruledge|spe|2
|move|p1a: Ceruledge|Bitter Blade|p2a: Dragonite
|-damage|p2a: Dragonite|0 fnt
|-heal|p1a: Ceruledge|29/100|[from] drain|[of] p2a: Dragonite
|faint|p2a: Dragonite
|
|upkeep
|
|t:|1760353320
|switch|p2a: Raging Bolt|Raging Bolt|100/100
|-enditem|p2a: Raging Bolt|Booster Energy
|-activate|p2a: Raging Bolt|ability: Protosynthesis|[fromitem]
|-start|p2a: Raging Bolt|protosynthesisspa
|turn|10
|
|t:|1760353326
|move|p1a: Ceruledge|Swords Dance|p1a: Ceruledge
|-boost|p1a: Ceruledge|atk|2
|move|p2a: Raging Bolt|Thunderbolt|p1a: Ceruledge
|-supereffective|p1a: Ceruledge
|-damage|p1a: Ceruledge|0 fnt
|faint|p1a: Ceruledge
|
|upkeep
|
|t:|1760353333
|switch|p1a: Guts|Kingambit, M|100/100
|-activate|p1a: Guts|ability: Supreme Overlord
|-start|p1a: Guts|fallen5|[silent]
|turn|11
|
|t:|1760353338
|move|p1a: Guts|Kowtow Cleave|p2a: Raging Bolt
|-damage|p2a: Raging Bolt|36/100
|move|p2a: Raging Bolt|Thunderbolt|p1a: Guts
|-damage|p1a: Guts|27/100
|
|-heal|p1a: Guts|33/100|[from] Grassy Terrain
|-heal|p2a: Raging Bolt|42/100|[from] Grassy Terrain
|-fieldend|move: Grassy Terrain
|upkeep
|turn|12
|
|t:|1760353347
|move|p2a: Raging Bolt|Thunderclap|p1a: Guts
|-damage|p1a: Guts|0 fnt
|faint|p1a: Guts
|-end|p1a: Guts|fallen5|[silent]
|
|win|suaiaj
|raw|fire punch (manga)'s rating: 1357 &rarr; <strong>1337</strong><br />(-20 for losing)
|raw|suaiaj's rating: 1353 &rarr; <strong>1373</strong><br />(+20 for winning)
|l|☆fire punch (manga)
|player|p1|
|l|☆suaiaj
|player|p2|
