|j|☆nnnn5555
|j|☆mayomama
|t:|1760414814
|gametype|singles
|player|p1|nnnn5555|giovanni|1457
|player|p2|mayomama|candice|1485
|gen|9
|tier|[Gen 9] OU
|rated|
|rule|HP Percentage Mod: HP is shown in percentages
|rule|Endless Battle Clause: Forcing endless battles is banned
|rule|Species Clause: Limit one of each Pokémon
|rule|OHKO Clause: OHKO moves are banned
|rule|Evasion Items Clause: Evasion items are banned
|rule|Evasion Moves Clause: Evasion moves are banned
|rule|Evasion Abilities Clause: Evasion abilities are banned
|rule|Sleep Moves Clause: Sleep-inducing moves are banned
|clearpoke
|poke|p1|Slowking-Galar, M|
|poke|p1|Kyurem|
|poke|p1|Samurott-Hisui, M|
|poke|p1|Tornadus-Therian, M|
|poke|p1|Iron Treads|
|poke|p1|Dragapult, M|
|poke|p2|Skeledirge, M|
|poke|p2|Mesprit|
|poke|p2|Dragonite, F|
|poke|p2|Keldeo-Resolute|
|poke|p2|Corviknight, M|
|poke|p2|Raging Bolt|
|teampreview
|inactive|Battle timer is ON: inactive players will automatically lose when time's up. (requested by mayomama)
|
|t:|1760414831
|teamsize|p1|6
|teamsize|p2|6
|start
|switch|p1a: B-2 Bomber|Dragapult, M, shiny|100/100
|switch|p2a: Raging Bolt|Raging Bolt|100/100
|turn|1
|
|t:|1760414836
|-terastallize|p2a: Raging Bolt|Fairy
|move|p1a: B-2 Bomber|U-turn|p2a: Raging Bolt
|-resisted|p2a: Raging Bolt
|-damage|p2a: Raging Bolt|93/100
|
|t:|1760414842
|switch|p1a: Iron Treads|Iron Treads, shiny|100/100|[from] U-turn
|move|p2a: Raging Bolt|Thunder Wave|p1a: Iron Treads
|-immune|p1a: Iron Treads
|
|upkeep
|turn|2
|
|t:|1760414849
|-end|p2a: Raging Bolt|Protosynthesis|[silent]
|switch|p2a: Keldeo|Keldeo-Resolute|100/100
|move|p1a: Iron Treads|Knock Off|p2a: Keldeo
|-resisted|p2a: Keldeo
|-damage|p2a: Keldeo|87/100
|-ability|p2a: Keldeo|Justified|boost
|-boost|p2a: Keldeo|atk|1
|-enditem|p2a: Keldeo|Heavy-Duty Boots|[from] move: Knock Off|[of] p1a: Iron Treads
|
|upkeep
|turn|3
|
|t:|1760414862
|-end|p1a: Iron Treads|Quark Drive|[silent]
|switch|p1a: Dark Oracle|Slowking-Galar, M, shiny|100/100
|move|p2a: Keldeo|Hydro Pump|p1a: Dark Oracle
|-damage|p1a: Dark Oracle|65/100
|
|upkeep
|turn|4
|
|t:|1760414869
|move|p2a: Keldeo|Hydro Pump|p1a: Dark Oracle
|-damage|p1a: Dark Oracle|29/100
|move|p1a: Dark Oracle|Future Sight|p2a: Keldeo
|-start|p1a: Dark Oracle|move: Future Sight
|
|upkeep
|turn|5
|
|t:|1760414875
|switch|p1a: Giyu|Samurott-Hisui, M|100/100
|move|p2a: Keldeo|Flip Turn|p1a: Giyu
|-resisted|p1a: Giyu
|-damage|p1a: Giyu|89/100
|
|t:|1760414892
|switch|p2a: Mesprit|Mesprit|100/100|[from] Flip Turn
|
|upkeep
|turn|6
|
|t:|1760414897
|move|p1a: Giyu|Ceaseless Edge|p2a: Mesprit
|-supereffective|p2a: Mesprit
|-damage|p2a: Mesprit|18/100
|-sidestart|p2: mayomama|Spikes
|move|p2a: Mesprit|Drain Punch|p1a: Giyu
|-supereffective|p1a: Giyu
|-damage|p1a: Giyu|44/100
|-heal|p2a: Mesprit|40/100|[from] drain|[of] p1a: Giyu
|
|-end|p2a: Mesprit|move: Future Sight
|-resisted|p2a: Mesprit
|-damage|p2a: Mesprit|27/100
|upkeep
|turn|7
|
|t:|1760414909
|switch|p2a: Corviknight|Corviknight, M|100/100
|-ability|p2a: Corviknight|Pressure
|move|p1a: Giyu|Ceaseless Edge|p2a: Corviknight
|-damage|p2a: Corviknight|59/100
|-damage|p1a: Giyu|27/100|[from] item: Rocky Helmet|[of] p2a: Corviknight
|-sidestart|p2: mayomama|Spikes
|
|upkeep
|turn|8
|
|t:|1760414918
|switch|p1a: Dark Oracle|Slowking-Galar, M, shiny|62/100
|move|p2a: Corviknight|Roost|p2a: Corviknight
|-heal|p2a: Corviknight|100/100
|-singleturn|p2a: Corviknight|move: Roost
|
|upkeep
|turn|9
|
|t:|1760414924
|switch|p2a: Raging Bolt|Raging Bolt, tera:Fairy|93/100
|-damage|p2a: Raging Bolt|76/100|[from] Spikes
|-prepare|p1a: Dark Oracle|Chilly Reception|[premajor]
|move|p1a: Dark Oracle|Chilly Reception|p1a: Dark Oracle
|-weather|Snowscape
|
|t:|1760414952
|switch|p1a: Absolute Zero|Kyurem, shiny|100/100|[from] Chilly Reception
|-ability|p1a: Absolute Zero|Pressure
|
|-weather|Snowscape|[upkeep]
|upkeep
|turn|10
|
|t:|1760414966
|move|p1a: Absolute Zero|Blizzard|p2a: Raging Bolt
|-damage|p2a: Raging Bolt|9/100
|move|p2a: Raging Bolt|Thunder Wave|p1a: Absolute Zero
|-status|p1a: Absolute Zero|par
|
|-weather|Snowscape|[upkeep]
|upkeep
|turn|11
|
|t:|1760414977
|switch|p1a: Iron Treads|Iron Treads, shiny|100/100
|move|p2a: Raging Bolt|Draco Meteor|p1a: Iron Treads
|-resisted|p1a: Iron Treads
|-damage|p1a: Iron Treads|60/100
|-unboost|p2a: Raging Bolt|spa|2
|
|-weather|Snowscape|[upkeep]
|-heal|p1a: Iron Treads|66/100|[from] item: Leftovers
|upkeep
|turn|12
|
|t:|1760414995
|-end|p1a: Iron Treads|Quark Drive|[silent]
|switch|p1a: Big Bird|Tornadus-Therian, M, shiny|100/100
|-end|p2a: Raging Bolt|Protosynthesis|[silent]
|switch|p2a: Corviknight|Corviknight, M|100/100
|-ability|p2a: Corviknight|Pressure
|
|-weather|Snowscape|[upkeep]
|upkeep
|turn|13
|
|t:|1760415002
|switch|p2a: Raging Bolt|Raging Bolt, tera:Fairy|9/100
|-damage|p2a: Raging Bolt|0 fnt|[from] Spikes
|faint|p2a: Raging Bolt
|-end|p2a: Raging Bolt|Protosynthesis|[silent]
|move|p1a: Big Bird|Knock Off|p2: Raging Bolt|[notarget]
|-fail|p1a: Big Bird
|
|-weather|none
|upkeep
|
|t:|1760415015
|switch|p2a: Dragonite|Dragonite, F|100/100
|turn|14
|
|t:|1760415019
|move|p2a: Dragonite|Extreme Speed|p1a: Big Bird
|-damage|p1a: Big Bird|67/100
|move|p1a: Big Bird|U-turn|p2a: Dragonite
|-resisted|p2a: Dragonite
|-damage|p2a: Dragonite|96/100
|
|t:|1760415025
|switch|p1a: B-2 Bomber|Dragapult, M, shiny|100/100|[from] U-turn
|
|upkeep
|turn|15
|
|t:|1760415031
|switch|p2a: Mesprit|Mesprit|27/100
|move|p1a: B-2 Bomber|Will-O-Wisp|p2a: Mesprit
|-status|p2a: Mesprit|brn
|
|-damage|p2a: Mesprit|21/100 brn|[from] brn
|upkeep
|turn|16
|
|t:|1760415038
|move|p1a: B-2 Bomber|Hex|p2a: Mesprit
|-supereffective|p2a: Mesprit
|-damage|p2a: Mesprit|0 fnt
|faint|p2a: Mesprit
|
|upkeep
|
|t:|1760415042
|switch|p2a: Keldeo|Keldeo-Resolute|87/100
|-damage|p2a: Keldeo|71/100|[from] Spikes
|turn|17
|
|t:|1760415049
|move|p1a: B-2 Bomber|U-turn|p2a: Keldeo
|-resisted|p2a: Keldeo
|-damage|p2a: Keldeo|60/100
|
|t:|1760415052
|switch|p1a: Big Bird|Tornadus-Therian, M, shiny|100/100|[from] U-turn
|move|p2a: Keldeo|Hydro Pump|p1a: Big Bird
|-damage|p1a: Big Bird|60/100
|
|upkeep
|turn|18
|
|t:|1760415058
|switch|p2a: Corviknight|Corviknight, M|100/100
|-ability|p2a: Corviknight|Pressure
|move|p1a: Big Bird|Bleakwind Storm|p2a: Corviknight|[miss]
|-miss|p1a: Big Bird|p2a: Corviknight
|
|upkeep
|turn|19
|
|t:|1760415066
|move|p1a: Big Bird|Heat Wave|p2a: Corviknight
|-supereffective|p2a: Corviknight
|-damage|p2a: Corviknight|69/100
|move|p2a: Corviknight|Bulk Up|p2a: Corviknight
|-boost|p2a: Corviknight|atk|1
|-boost|p2a: Corviknight|def|1
|
|upkeep
|turn|20
|
|t:|1760415074
|move|p1a: Big Bird|U-turn|p2a: Corviknight
|-resisted|p2a: Corviknight
|-damage|p2a: Corviknight|67/100
|-damage|p1a: Big Bird|44/100|[from] item: Rocky Helmet|[of] p2a: Corviknight
|
|t:|1760415078
|switch|p1a: B-2 Bomber|Dragapult, M, shiny|100/100|[from] U-turn
|move|p2a: Corviknight|Brave Bird|p1a: B-2 Bomber
|-damage|p1a: B-2 Bomber|14/100
|-damage|p2a: Corviknight|44/100|[from] Recoil
|
|upkeep
|turn|21
|
|t:|1760415085
|switch|p2a: Skeledirge|Skeledirge, M|100/100
|move|p1a: B-2 Bomber|Will-O-Wisp|p2a: Skeledirge
|-immune|p2a: Skeledirge
|
|upkeep
|turn|22
|
|t:|1760415095
|switch|p1a: Big Bird|Tornadus-Therian, M, shiny|77/100
|move|p2a: Skeledirge|Torch Song|p1a: Big Bird
|-damage|p1a: Big Bird|55/100
|-boost|p2a: Skeledirge|spa|1
|
|upkeep
|turn|23
|
|t:|1760415104
|move|p1a: Big Bird|Knock Off|p2a: Skeledirge
|-supereffective|p2a: Skeledirge
|-damage|p2a: Skeledirge|75/100
|-enditem|p2a: Skeledirge|Heavy-Duty Boots|[from] move: Knock Off|[of] p1a: Big Bird
|move|p2a: Skeledirge|Torch Song|p1a: Big Bird
|-damage|p1a: Big Bird|24/100
|-boost|p2a: Skeledirge|spa|1
|
|upkeep
|turn|24
|
|t:|1760415112
|move|p1a: Big Bird|U-turn|p2a: Skeledirge
|-resisted|p2a: Skeledirge
|-damage|p2a: Skeledirge|72/100
|
|t:|1760415114
|switch|p1a: Giyu|Samurott-Hisui, M|27/100|[from] U-turn
|move|p2a: Skeledirge|Torch Song|p1a: Giyu
|-resisted|p1a: Giyu
|-damage|p1a: Giyu|1/100
|-boost|p2a: Skeledirge|spa|1
|
|upkeep
|turn|25
|
|t:|1760415123
|switch|p2a: Corviknight|Corviknight, M|44/100
|-ability|p2a: Corviknight|Pressure
|move|p1a: Giyu|Aqua Cutter|p2a: Corviknight
|-damage|p2a: Corviknight|0 fnt
|faint|p2a: Corviknight
|
|upkeep
|
|t:|1760415128
|switch|p2a: Keldeo|Keldeo-Resolute|60/100
|-damage|p2a: Keldeo|44/100|[from] Spikes
|turn|26
|
|t:|1760415139
|switch|p1a: Big Bird|Tornadus-Therian, M, shiny|57/100
|move|p2a: Keldeo|Flip Turn|p1a: Big Bird
|-damage|p1a: Big Bird|40/100
|
|t:|1760415145
|switch|p2a: Dragonite|Dragonite, F|96/100|[from] Flip Turn
|
|upkeep
|turn|27
|
|t:|1760415162
|switch|p1a: Absolute Zero|Kyurem, shiny|100/100 par
|-ability|p1a: Absolute Zero|Pressure
|move|p2a: Dragonite|Extreme Speed|p1a: Absolute Zero
|-damage|p1a: Absolute Zero|73/100 par
|
|upkeep
|turn|28
|
|t:|1760415170
|switch|p2a: Skeledirge|Skeledirge, M|72/100
|-damage|p2a: Skeledirge|56/100|[from] Spikes
|move|p1a: Absolute Zero|Draco Meteor|p2a: Skeledirge
|-damage|p2a: Skeledirge|0 fnt
|-unboost|p1a: Absolute Zero|spa|2
|faint|p2a: Skeledirge
|
|upkeep
|
|t:|1760415173
|switch|p2a: Keldeo|Keldeo-Resolute|44/100
|-damage|p2a: Keldeo|27/100|[from] Spikes
|turn|29
|
|t:|1760415184
|switch|p1a: Dark Oracle|Slowking-Galar, M, shiny|95/100
|move|p2a: Keldeo|Hydro Pump|p1a: Dark Oracle|[miss]
|-miss|p2a: Keldeo|p1a: Dark Oracle
|
|upkeep
|turn|30
|
|t:|1760415189
|move|p2a: Keldeo|Hydro Pump|p1a: Dark Oracle
|-damage|p1a: Dark Oracle|63/100
|-prepare|p1a: Dark Oracle|Chilly Reception|[premajor]
|move|p1a: Dark Oracle|Chilly Reception|p1a: Dark Oracle
|-weather|Snowscape
|-message|mayomama forfeited.
|
|win|nnnn5555
|raw|nnnn5555's rating: 1457 &rarr; <strong>1479</strong><br />(+22 for winning)
|raw|mayomama's rating: 1485 &rarr; <strong>1463</strong><br />(-22 for losing)
|l|☆mayomama
|player|p2|
