|j|☆WeR#4Hay!
|j|☆ykykp
|t:|1760459786
|gametype|singles
|player|p1|WeR#4Hay!|1|1581
|player|p2|ykykp|101|1534
|gen|9
|tier|[Gen 9] OU
|rated|
|rule|HP Percentage Mod: HP is shown in percentages
|rule|Endless Battle Clause: Forcing endless battles is banned
|rule|Species Clause: Limit one of each Pokémon
|rule|OHKO Clause: OHKO moves are banned
|rule|Evasion Items Clause: Evasion items are banned
|rule|Evasion Moves Clause: Evasion moves are banned
|rule|Evasion Abilities Clause: Evasion abilities are banned
|rule|Sleep Moves Clause: Sleep-inducing moves are banned
|clearpoke
|poke|p1|Lycanroc-Dusk, F|
|poke|p1|Volcanion|
|poke|p1|Corviknight, F|
|poke|p1|Great Tusk|
|poke|p1|Slowking-Galar, F|
|poke|p1|Darkrai|
|poke|p2|Grimmsnarl, M|
|poke|p2|Hatterene, F|
|poke|p2|Tornadus-Therian, M|
|poke|p2|Raging Bolt|
|poke|p2|Ogerpon-Wellspring, F|
|poke|p2|Iron Valiant|
|teampreview
|inactive|Battle timer is ON: inactive players will automatically lose when time's up. (requested by ykykp)
|
|t:|1760459794
|teamsize|p1|6
|teamsize|p2|6
|start
|switch|p1a: Konata Izumi|Slowking-Galar, F|100/100
|switch|p2a: Ogerpon|Ogerpon-Wellspring, F|100/100
|turn|1
|
|t:|1760459805
|switch|p1a: Miyuki Takara|Corviknight, F|100/100
|-ability|p1a: Miyuki Takara|Pressure
|move|p2a: Ogerpon|Swords Dance|p2a: Ogerpon
|-boost|p2a: Ogerpon|atk|2
|
|upkeep
|turn|2
|
|t:|1760459814
|move|p2a: Ogerpon|Ivy Cudgel|p1a: Miyuki Takara|[anim] Ivy Cudgel Water
|-damage|p1a: Miyuki Takara|27/100
|move|p1a: Miyuki Takara|Brave Bird|p2a: Ogerpon
|-supereffective|p2a: Ogerpon
|-damage|p2a: Ogerpon|9/100
|-damage|p1a: Miyuki Takara|4/100|[from] Recoil
|
|upkeep
|turn|3
|
|t:|1760459828
|move|p2a: Ogerpon|Ivy Cudgel|p1a: Miyuki Takara|[anim] Ivy Cudgel Water
|-damage|p1a: Miyuki Takara|0 fnt
|faint|p1a: Miyuki Takara
|
|upkeep
|
|t:|1760459837
|switch|p1a: Akira Kogami|Lycanroc-Dusk, F|100/100
|turn|4
|inactive|WeR#4Hay! has 120 seconds left.
|
|t:|1760459872
|switch|p2a: Grimmsnarl|Grimmsnarl, M|100/100
|-terastallize|p1a: Akira Kogami|Rock
|move|p1a: Akira Kogami|Accelerock|p2a: Grimmsnarl
|-damage|p2a: Grimmsnarl|46/100
|
|upkeep
|turn|5
|inactive|WeR#4Hay! has 120 seconds left.
|
|t:|1760459885
|switch|p2a: Iron Valiant|Iron Valiant|100/100
|-enditem|p2a: Iron Valiant|Booster Energy
|-activate|p2a: Iron Valiant|ability: Quark Drive|[fromitem]
|-start|p2a: Iron Valiant|quarkdrivespe
|move|p1a: Akira Kogami|Accelerock|p2a: Iron Valiant
|-resisted|p2a: Iron Valiant
|-damage|p2a: Iron Valiant|62/100
|
|upkeep
|turn|6
|
|t:|1760459894
|switch|p1a: Konata Izumi|Slowking-Galar, F|100/100
|move|p2a: Iron Valiant|Calm Mind|p2a: Iron Valiant
|-boost|p2a: Iron Valiant|spa|1
|-boost|p2a: Iron Valiant|spd|1
|
|upkeep
|turn|7
|
|t:|1760459898
|move|p2a: Iron Valiant|Shadow Ball|p1a: Konata Izumi
|-supereffective|p1a: Konata Izumi
|-damage|p1a: Konata Izumi|61/100
|move|p1a: Konata Izumi|Sludge Bomb|p2a: Iron Valiant
|-supereffective|p2a: Iron Valiant
|-damage|p2a: Iron Valiant|0 fnt
|faint|p2a: Iron Valiant
|-end|p2a: Iron Valiant|Quark Drive|[silent]
|
|upkeep
|
|t:|1760459901
|switch|p2a: Grimmsnarl|Grimmsnarl, M|46/100
|turn|8
|
|t:|1760459914
|move|p2a: Grimmsnarl|Light Screen|p2a: Grimmsnarl
|-sidestart|p2: ykykp|move: Light Screen
|move|p1a: Konata Izumi|Sludge Bomb|p2a: Grimmsnarl
|-supereffective|p2a: Grimmsnarl
|-damage|p2a: Grimmsnarl|19/100
|
|upkeep
|turn|9
|
|t:|1760459929
|move|p2a: Grimmsnarl|Reflect|p2a: Grimmsnarl
|-sidestart|p2: ykykp|Reflect
|move|p1a: Konata Izumi|Future Sight|p2a: Grimmsnarl
|-start|p1a: Konata Izumi|move: Future Sight
|
|upkeep
|turn|10
|
|t:|1760459933
|move|p2a: Grimmsnarl|Parting Shot|p1a: Konata Izumi
|-unboost|p1a: Konata Izumi|atk|1
|-unboost|p1a: Konata Izumi|spa|1
|
|t:|1760459936
|switch|p2a: Hatterene|Hatterene, F|100/100|[from] Parting Shot
|move|p1a: Konata Izumi|Sludge Bomb|p2a: Hatterene
|-supereffective|p2a: Hatterene
|-damage|p2a: Hatterene|79/100
|
|upkeep
|turn|11
|
|t:|1760459940
|-terastallize|p2a: Hatterene|Poison
|move|p1a: Konata Izumi|Sludge Bomb|p2a: Hatterene
|-resisted|p2a: Hatterene
|-damage|p2a: Hatterene|73/100
|move|p2a: Hatterene|Calm Mind|p2a: Hatterene
|-boost|p2a: Hatterene|spa|1
|-boost|p2a: Hatterene|spd|1
|
|-end|p2a: Hatterene|move: Future Sight
|-supereffective|p2a: Hatterene
|-damage|p2a: Hatterene|50/100
|upkeep
|turn|12
|
|t:|1760459951
|move|p1a: Konata Izumi|Psychic Noise|p2a: Hatterene
|-supereffective|p2a: Hatterene
|-damage|p2a: Hatterene|37/100
|move|p2a: Hatterene|Calm Mind|p2a: Hatterene
|-boost|p2a: Hatterene|spa|1
|-boost|p2a: Hatterene|spd|1
|
|upkeep
|turn|13
|
|t:|1760459957
|move|p1a: Konata Izumi|Future Sight|p2a: Hatterene
|-start|p1a: Konata Izumi|move: Future Sight
|move|p2a: Hatterene|Stored Power|p1a: Konata Izumi
|-damage|p1a: Konata Izumi|9/100
|
|upkeep
|turn|14
|
|t:|1760459969
|move|p1a: Konata Izumi|Psychic Noise|p2a: Hatterene
|-supereffective|p2a: Hatterene
|-damage|p2a: Hatterene|26/100
|move|p2a: Hatterene|Draining Kiss|p1a: Konata Izumi
|-resisted|p1a: Konata Izumi
|-damage|p1a: Konata Izumi|0 fnt
|-heal|p2a: Hatterene|34/100|[from] drain|[of] p1a: Konata Izumi
|faint|p1a: Konata Izumi
|
|upkeep
|inactive|WeR#4Hay! has 120 seconds left.
|
|t:|1760460009
|switch|p1a: Minoru Shiraishi|Great Tusk|100/100
|turn|15
|
|t:|1760460015
|move|p1a: Minoru Shiraishi|Headlong Rush|p2a: Hatterene
|-supereffective|p2a: Hatterene
|-damage|p2a: Hatterene|0 fnt
|-unboost|p1a: Minoru Shiraishi|def|1
|-unboost|p1a: Minoru Shiraishi|spd|1
|faint|p2a: Hatterene
|
|-hint|Future Sight did not hit because the target is fainted.
|-sideend|p2: ykykp|move: Light Screen
|upkeep
|
|t:|1760460019
|switch|p2a: Ogerpon|Ogerpon-Wellspring, F|9/100
|turn|16
|
|t:|1760460024
|-end|p1a: Minoru Shiraishi|Protosynthesis|[silent]
|switch|p1a: Kagami Hiiragi|Volcanion|100/100
|move|p2a: Ogerpon|Power Whip|p1a: Kagami Hiiragi
|-damage|p1a: Kagami Hiiragi|48/100
|
|-sideend|p2: ykykp|Reflect
|upkeep
|turn|17
|
|t:|1760460030
|move|p2a: Ogerpon|Power Whip|p1a: Kagami Hiiragi|[miss]
|-miss|p2a: Ogerpon|p1a: Kagami Hiiragi
|move|p1a: Kagami Hiiragi|Flamethrower|p2a: Ogerpon
|-damage|p2a: Ogerpon|0 fnt
|faint|p2a: Ogerpon
|
|upkeep
|
|t:|1760460038
|switch|p2a: Grimmsnarl|Grimmsnarl, M|19/100
|turn|18
|
|t:|1760460042
|move|p2a: Grimmsnarl|Reflect|p2a: Grimmsnarl
|-sidestart|p2: ykykp|Reflect
|move|p1a: Kagami Hiiragi|Flamethrower|p2a: Grimmsnarl
|-damage|p2a: Grimmsnarl|0 fnt
|faint|p2a: Grimmsnarl
|
|upkeep
|
|t:|1760460044
|switch|p2a: Raging Bolt|Raging Bolt|100/100
|-enditem|p2a: Raging Bolt|Booster Energy
|-activate|p2a: Raging Bolt|ability: Protosynthesis|[fromitem]
|-start|p2a: Raging Bolt|protosynthesisspa
|turn|19
|
|t:|1760460057
|move|p2a: Raging Bolt|Thunderbolt|p1a: Kagami Hiiragi
|-supereffective|p1a: Kagami Hiiragi
|-damage|p1a: Kagami Hiiragi|0 fnt
|faint|p1a: Kagami Hiiragi
|
|upkeep
|
|t:|1760460072
|switch|p1a: Minoru Shiraishi|Great Tusk|100/100
|turn|20
|
|t:|1760460085
|move|p1a: Minoru Shiraishi|Headlong Rush|p2a: Raging Bolt
|-supereffective|p2a: Raging Bolt
|-damage|p2a: Raging Bolt|40/100
|-unboost|p1a: Minoru Shiraishi|def|1
|-unboost|p1a: Minoru Shiraishi|spd|1
|move|p2a: Raging Bolt|Dragon Pulse|p1a: Minoru Shiraishi
|-damage|p1a: Minoru Shiraishi|0 fnt
|faint|p1a: Minoru Shiraishi
|-end|p1a: Minoru Shiraishi|Protosynthesis|[silent]
|
|upkeep
|
|t:|1760460091
|switch|p1a: Tsukasa Hiiragi|Darkrai|100/100
|turn|21
|
|t:|1760460094
|move|p1a: Tsukasa Hiiragi|Ice Beam|p2a: Raging Bolt
|-supereffective|p2a: Raging Bolt
|-damage|p2a: Raging Bolt|0 fnt
|faint|p2a: Raging Bolt
|-end|p2a: Raging Bolt|Protosynthesis|[silent]
|
|upkeep
|
|t:|1760460097
|switch|p2a: Tornadus|Tornadus-Therian, M|100/100
|turn|22
|c|☆WeR#4Hay!|gg
|
|t:|1760460105
|move|p1a: Tsukasa Hiiragi|Ice Beam|p2a: Tornadus
|-supereffective|p2a: Tornadus
|-damage|p2a: Tornadus|25/100
|move|p2a: Tornadus|Focus Blast|p1a: Tsukasa Hiiragi
|-supereffective|p1a: Tsukasa Hiiragi
|-damage|p1a: Tsukasa Hiiragi|0 fnt
|faint|p1a: Tsukasa Hiiragi
|-damage|p2a: Tornadus|15/100|[from] item: Life Orb
|
|upkeep
|
|t:|1760460109
|switch|p1a: Akira Kogami|Lycanroc-Dusk, F, tera:Rock|100/100
|turn|23
|-message|ykykp forfeited.
|
|win|WeR#4Hay!
|raw|WeR#4Hay!'s rating: 1581 &rarr; <strong>1598</strong><br />(+17 for winning)
|raw|ykykp's rating: 1534 &rarr; <strong>1517</strong><br />(-17 for losing)
|l|☆ykykp
|player|p2|
