|j|☆avenacaroni
|j|☆lousiv
|t:|1760351629
|gametype|singles
|player|p1|avenacaroni|102|1204
|player|p2|lousiv|volkner|1204
|gen|9
|tier|[Gen 9] OU
|rated|
|rule|HP Percentage Mod: HP is shown in percentages
|rule|Endless Battle Clause: Forcing endless battles is banned
|rule|Species Clause: Limit one of each Pokémon
|rule|OHKO Clause: OHKO moves are banned
|rule|Evasion Items Clause: Evasion items are banned
|rule|Evasion Moves Clause: Evasion moves are banned
|rule|Evasion Abilities Clause: Evasion abilities are banned
|rule|Sleep Moves Clause: Sleep-inducing moves are banned
|clearpoke
|poke|p1|Infernape, M|
|poke|p1|Garchomp, M|
|poke|p1|Electivire, F|
|poke|p1|Gyarados, M|
|poke|p1|Scizor, F|
|poke|p1|Gengar, M|
|poke|p2|Blissey, F|
|poke|p2|Sableye, M|
|poke|p2|Venusaur, F|
|poke|p2|Quagsire, F|
|poke|p2|Weavile, F|
|poke|p2|Mandibuzz, F|
|teampreview
|inactive|Battle timer is ON: inactive players will automatically lose when time's up. (requested by lousiv)
|
|t:|1760351651
|teamsize|p1|6
|teamsize|p2|6
|start
|switch|p1a: Clover|Gengar, M|100/100
|switch|p2a: Sableye|Sableye, M|100/100
|-item|p1a: Clover|Air Balloon
|turn|1
|
|t:|1760351659
|move|p1a: Clover|Thunder Wave|p2a: Sableye
|-status|p2a: Sableye|par
|move|p2a: Sableye|Knock Off|p1a: Clover
|-supereffective|p1a: Clover
|-damage|p1a: Clover|0 fnt
|-enditem|p1a: Clover|Air Balloon
|faint|p1a: Clover
|
|upkeep
|
|t:|1760351678
|switch|p1a: Sasha|Scizor, F|100/100
|turn|2
|
|t:|1760351684
|move|p1a: Sasha|Bullet Punch|p2a: Sableye
|-damage|p2a: Sableye|46/100 par
|move|p2a: Sableye|Will-O-Wisp|p1a: Sasha|[miss]
|-miss|p2a: Sableye|p1a: Sasha
|
|-heal|p2a: Sableye|52/100 par|[from] item: Leftovers
|upkeep
|turn|3
|
|t:|1760351694
|move|p1a: Sasha|Bullet Punch|p2a: Sableye
|-damage|p2a: Sableye|3/100 par
|move|p2a: Sableye|Will-O-Wisp|p1a: Sasha
|-status|p1a: Sasha|brn
|
|-heal|p2a: Sableye|10/100 par|[from] item: Leftovers
|-damage|p1a: Sasha|94/100 brn|[from] brn
|upkeep
|turn|4
|
|t:|1760351700
|switch|p2a: Quagsire|Quagsire, F|100/100
|move|p1a: Sasha|Bullet Punch|p2a: Quagsire
|-resisted|p2a: Quagsire
|-damage|p2a: Quagsire|91/100
|
|-heal|p2a: Quagsire|97/100|[from] item: Leftovers
|-damage|p1a: Sasha|88/100 brn|[from] brn
|upkeep
|turn|5
|
|t:|1760351706
|switch|p1a: Inferno|Infernape, M|100/100
|move|p2a: Quagsire|Toxic|p1a: Inferno
|-status|p1a: Inferno|tox
|
|-heal|p2a: Quagsire|100/100|[from] item: Leftovers
|-damage|p1a: Inferno|94/100 tox|[from] psn
|upkeep
|turn|6
|
|t:|1760351709
|switch|p2a: Sableye|Sableye, M|10/100 par
|move|p1a: Inferno|Grass Knot|p2a: Sableye
|-damage|p2a: Sableye|0 fnt
|faint|p2a: Sableye
|
|-damage|p1a: Inferno|82/100 tox|[from] psn
|upkeep
|
|t:|1760351713
|switch|p2a: Weavile|Weavile, F|100/100
|-ability|p2a: Weavile|Pressure
|turn|7
|
|t:|1760351728
|move|p2a: Weavile|Triple Axel|p1a: Inferno
|-resisted|p1a: Inferno
|-damage|p1a: Inferno|71/100 tox
|-resisted|p1a: Inferno
|-damage|p1a: Inferno|48/100 tox
|-resisted|p1a: Inferno
|-damage|p1a: Inferno|14/100 tox
|-hitcount|p1a: Inferno|3
|move|p1a: Inferno|Aura Sphere|p2a: Weavile
|-supereffective|p2a: Weavile
|-damage|p2a: Weavile|0 fnt
|faint|p2a: Weavile
|
|-damage|p1a: Inferno|0 fnt|[from] psn
|faint|p1a: Inferno
|upkeep
|inactive|avenacaroni has 120 seconds left.
|
|t:|1760351755
|switch|p2a: Quagsire|Quagsire, F|100/100
|switch|p1a: Evie|Electivire, F|100/100
|turn|8
|
|t:|1760351768
|move|p1a: Evie|Knock Off|p2a: Quagsire
|-damage|p2a: Quagsire|78/100
|-enditem|p2a: Quagsire|Leftovers|[from] move: Knock Off|[of] p1a: Evie
|move|p2a: Quagsire|Toxic|p1a: Evie
|-status|p1a: Evie|tox
|
|-damage|p1a: Evie|94/100 tox|[from] psn
|upkeep
|turn|9
|inactive|avenacaroni has 120 seconds left.
|
|t:|1760351793
|switch|p1a: Garrus|Garchomp, M|100/100
|move|p2a: Quagsire|Earthquake|p1a: Garrus
|-damage|p1a: Garrus|71/100
|
|upkeep
|turn|10
|inactive|avenacaroni has 120 seconds left.
|
|t:|1760351809
|-terastallize|p1a: Garrus|Steel
|move|p1a: Garrus|Scale Shot|p2a: Quagsire
|-damage|p2a: Quagsire|68/100
|-damage|p2a: Quagsire|59/100
|-damage|p2a: Quagsire|50/100
|-damage|p2a: Quagsire|41/100
|-damage|p2a: Quagsire|32/100
|-hitcount|p2a: Quagsire|5
|-unboost|p1a: Garrus|def|1
|-boost|p1a: Garrus|spe|1
|move|p2a: Quagsire|Toxic|p1a: Garrus
|-immune|p1a: Garrus
|
|upkeep
|turn|11
|
|t:|1760351824
|switch|p1a: Gyro|Gyarados, M|100/100
|-ability|p1a: Gyro|Intimidate|boost
|-unboost|p2a: Quagsire|atk|1
|move|p2a: Quagsire|Recover|p2a: Quagsire
|-heal|p2a: Quagsire|82/100
|
|upkeep
|turn|12
|
|t:|1760351842
|switch|p1a: Sasha|Scizor, F|88/100 brn
|move|p2a: Quagsire|Toxic||[still]
|-fail|p2a: Quagsire
|
|-damage|p1a: Sasha|82/100 brn|[from] brn
|upkeep
|turn|13
|
|t:|1760351851
|switch|p2a: Mandibuzz|Mandibuzz, F|100/100
|move|p1a: Sasha|U-turn|p2a: Mandibuzz
|-damage|p2a: Mandibuzz|83/100
|
|t:|1760351857
|switch|p1a: Evie|Electivire, F|94/100 tox|[from] U-turn
|
|-heal|p1a: Evie|100/100 tox|[from] item: Leftovers
|-heal|p2a: Mandibuzz|89/100|[from] item: Leftovers
|-damage|p1a: Evie|94/100 tox|[from] psn
|upkeep
|turn|14
|
|t:|1760351867
|switch|p2a: Venusaur|Venusaur, F|100/100
|move|p1a: Evie|Supercell Slam|p2a: Venusaur
|-resisted|p2a: Venusaur
|-damage|p2a: Venusaur|82/100
|
|-heal|p1a: Evie|100/100 tox|[from] item: Leftovers
|-heal|p2a: Venusaur|88/100|[from] item: Black Sludge
|-damage|p1a: Evie|88/100 tox|[from] psn
|upkeep
|turn|15
|inactive|avenacaroni has 120 seconds left.
|
|t:|1760351872
|move|p1a: Evie|Ice Punch|p2a: Venusaur
|-supereffective|p2a: Venusaur
|-damage|p2a: Venusaur|52/100
|move|p2a: Venusaur|Knock Off|p1a: Evie
|-damage|p1a: Evie|63/100 tox
|-enditem|p1a: Evie|Leftovers|[from] move: Knock Off|[of] p2a: Venusaur
|
|-heal|p2a: Venusaur|58/100|[from] item: Black Sludge
|-damage|p1a: Evie|44/100 tox|[from] psn
|upkeep
|turn|16
|inactive|avenacaroni has 120 seconds left.
|inactive|avenacaroni has 90 seconds left.
|
|t:|1760351915
|switch|p1a: Sasha|Scizor, F|82/100 brn
|move|p2a: Venusaur|Giga Drain|p1a: Sasha
|-resisted|p1a: Sasha
|-damage|p1a: Sasha|74/100 brn
|-heal|p2a: Venusaur|61/100|[from] drain|[of] p1a: Sasha
|
|-heal|p2a: Venusaur|68/100|[from] item: Black Sludge
|-damage|p1a: Sasha|68/100 brn|[from] brn
|upkeep
|turn|17
|
|t:|1760351921
|move|p1a: Sasha|U-turn|p2a: Venusaur
|-damage|p2a: Venusaur|44/100
|
|t:|1760351925
|switch|p1a: Garrus|Garchomp, M, tera:Steel|71/100|[from] U-turn
|move|p2a: Venusaur|Knock Off|p1a: Garrus
|-damage|p1a: Garrus|55/100
|-damage|p2a: Venusaur|32/100|[from] ability: Rough Skin|[of] p1a: Garrus
|-enditem|p1a: Garrus|Loaded Dice|[from] move: Knock Off|[of] p2a: Venusaur
|
|-heal|p2a: Venusaur|38/100|[from] item: Black Sludge
|upkeep
|turn|18
|
|t:|1760351934
|move|p1a: Garrus|Swords Dance|p1a: Garrus
|-boost|p1a: Garrus|atk|2
|move|p2a: Venusaur|Synthesis|p2a: Venusaur
|-heal|p2a: Venusaur|88/100
|
|-heal|p2a: Venusaur|94/100|[from] item: Black Sludge
|upkeep
|turn|19
|inactive|lousiv has 120 seconds left.
|
|t:|1760351982
|switch|p2a: Quagsire|Quagsire, F|82/100
|move|p1a: Garrus|Earthquake|p2a: Quagsire
|-crit|p2a: Quagsire
|-damage|p2a: Quagsire|31/100
|
|upkeep
|turn|20
|
|t:|1760351989
|move|p1a: Garrus|Earthquake|p2a: Quagsire
|-damage|p2a: Quagsire|0 fnt
|faint|p2a: Quagsire
|
|upkeep
|
|t:|1760351993
|switch|p2a: Mandibuzz|Mandibuzz, F|89/100
|turn|21
|inactive|avenacaroni has 120 seconds left.
|inactive|avenacaroni has 90 seconds left.
|
|t:|1760352048
|move|p1a: Garrus|Iron Head|p2a: Mandibuzz
|-damage|p2a: Mandibuzz|40/100
|move|p2a: Mandibuzz|Foul Play|p1a: Garrus
|-damage|p1a: Garrus|0 fnt
|-damage|p2a: Mandibuzz|28/100|[from] ability: Rough Skin|[of] p1a: Garrus
|faint|p1a: Garrus
|
|-heal|p2a: Mandibuzz|34/100|[from] item: Leftovers
|upkeep
|
|t:|1760352057
|switch|p1a: Evie|Electivire, F|44/100 tox
|turn|22
|
|t:|1760352061
|move|p1a: Evie|Supercell Slam|p2a: Mandibuzz
|-supereffective|p2a: Mandibuzz
|-damage|p2a: Mandibuzz|0 fnt
|faint|p2a: Mandibuzz
|
|-damage|p1a: Evie|38/100 tox|[from] psn
|upkeep
|
|t:|1760352064
|switch|p2a: Venusaur|Venusaur, F|94/100
|turn|23
|
|t:|1760352069
|move|p1a: Evie|Bulk Up|p1a: Evie
|-boost|p1a: Evie|atk|1
|-boost|p1a: Evie|def|1
|move|p2a: Venusaur|Giga Drain|p1a: Evie
|-damage|p1a: Evie|4/100 tox
|-heal|p2a: Venusaur|100/100|[from] drain|[of] p1a: Evie
|
|-damage|p1a: Evie|0 fnt|[from] psn
|faint|p1a: Evie
|upkeep
|
|t:|1760352081
|switch|p1a: Gyro|Gyarados, M|100/100
|-ability|p1a: Gyro|Intimidate|boost
|-unboost|p2a: Venusaur|atk|1
|turn|24
|
|t:|1760352084
|move|p1a: Gyro|Dragon Dance|p1a: Gyro
|-boost|p1a: Gyro|atk|1
|-boost|p1a: Gyro|spe|1
|move|p2a: Venusaur|Knock Off|p1a: Gyro
|-damage|p1a: Gyro|87/100
|-enditem|p1a: Gyro|Heavy-Duty Boots|[from] move: Knock Off|[of] p2a: Venusaur
|
|upkeep
|turn|25
|
|t:|1760352092
|move|p1a: Gyro|Dragon Dance|p1a: Gyro
|-boost|p1a: Gyro|atk|1
|-boost|p1a: Gyro|spe|1
|move|p2a: Venusaur|Sludge Bomb|p1a: Gyro
|-damage|p1a: Gyro|56/100
|
|upkeep
|turn|26
|inactive|avenacaroni has 120 seconds left.
|
|t:|1760352099
|move|p1a: Gyro|Earthquake|p2a: Venusaur
|-damage|p2a: Venusaur|47/100
|move|p2a: Venusaur|Sludge Bomb|p1a: Gyro
|-damage|p1a: Gyro|21/100
|-status|p1a: Gyro|psn
|
|-heal|p2a: Venusaur|53/100|[from] item: Black Sludge
|-damage|p1a: Gyro|9/100 psn|[from] psn
|upkeep
|turn|27
|
|t:|1760352104
|switch|p2a: Blissey|Blissey, F|100/100
|move|p1a: Gyro|Earthquake|p2a: Blissey
|-damage|p2a: Blissey|42/100
|
|-damage|p1a: Gyro|0 fnt|[from] psn
|faint|p1a: Gyro
|upkeep
|
|t:|1760352106
|switch|p1a: Sasha|Scizor, F|68/100 brn
|turn|28
|
|t:|1760352126
|move|p1a: Sasha|Bullet Punch|p2a: Blissey
|-damage|p2a: Blissey|18/100
|move|p2a: Blissey|Seismic Toss|p1a: Sasha
|-damage|p1a: Sasha|36/100 brn
|
|-damage|p1a: Sasha|30/100 brn|[from] brn
|upkeep
|turn|29
|
|t:|1760352131
|move|p1a: Sasha|Bullet Punch|p2a: Blissey
|-damage|p2a: Blissey|0 fnt
|faint|p2a: Blissey
|
|-damage|p1a: Sasha|24/100 brn|[from] brn
|upkeep
|
|t:|1760352135
|switch|p2a: Venusaur|Venusaur, F|53/100
|turn|30
|
|t:|1760352138
|move|p1a: Sasha|Bullet Punch|p2a: Venusaur
|-damage|p2a: Venusaur|33/100
|move|p2a: Venusaur|Synthesis|p2a: Venusaur
|-heal|p2a: Venusaur|83/100
|
|-heal|p2a: Venusaur|89/100|[from] item: Black Sludge
|-damage|p1a: Sasha|18/100 brn|[from] brn
|upkeep
|turn|31
|
|t:|1760352142
|move|p1a: Sasha|Bullet Punch|p2a: Venusaur
|-damage|p2a: Venusaur|70/100
|move|p2a: Venusaur|Knock Off|p1a: Sasha
|-damage|p1a: Sasha|0 fnt
|-enditem|p1a: Sasha|Choice Band|[from] move: Knock Off|[of] p2a: Venusaur
|faint|p1a: Sasha
|
|win|lousiv
|raw|avenacaroni's rating: 1204 &rarr; <strong>1179</strong><br />(-25 for losing)
|raw|lousiv's rating: 1204 &rarr; <strong>1229</strong><br />(+25 for winning)
|l|☆avenacaroni
|player|p1|
|l|☆lousiv
|player|p2|
