|j|☆whoops252!
|j|☆Graveler's Delight
|t:|1760440264
|gametype|singles
|player|p1|whoops252!|hiker-gen4|1322
|player|p2|Graveler's Delight|scientist-gen4dp|1300
|gen|9
|tier|[Gen 9] OU
|rated|
|rule|HP Percentage Mod: HP is shown in percentages
|rule|Endless Battle Clause: Forcing endless battles is banned
|rule|Species Clause: Limit one of each Pokémon
|rule|OHKO Clause: OHKO moves are banned
|rule|Evasion Items Clause: Evasion items are banned
|rule|Evasion Moves Clause: Evasion moves are banned
|rule|Evasion Abilities Clause: Evasion abilities are banned
|rule|Sleep Moves Clause: Sleep-inducing moves are banned
|clearpoke
|poke|p1|Rillaboom, F|
|poke|p1|Great Tusk|
|poke|p1|Heatran, F|
|poke|p1|Primarina, M|
|poke|p1|Hawlucha, F|
|poke|p1|Raging Bolt|
|poke|p2|Iron Moth|
|poke|p2|Tyranitar, F|
|poke|p2|Gholdengo|
|poke|p2|Excadrill, F|
|poke|p2|Ogerpon-Wellspring, F|
|poke|p2|Vikavolt, F|
|teampreview
|inactive|Battle timer is ON: inactive players will automatically lose when time's up. (requested by Graveler's Delight)
|inactive|whoops252! also wants the timer to be on.
|
|t:|1760440291
|teamsize|p1|6
|teamsize|p2|6
|start
|switch|p1a: Rillaboom|Rillaboom, F|100/100
|switch|p2a: Tyranitar|Tyranitar, F|100/100
|-fieldstart|move: Grassy Terrain|[from] ability: Grassy Surge|[of] p1a: Rillaboom
|-weather|Sandstorm|[from] ability: Sand Stream|[of] p2a: Tyranitar
|turn|1
|
|t:|1760440301
|move|p1a: Rillaboom|Low Kick|p2a: Tyranitar
|-supereffective|p2a: Tyranitar
|-damage|p2a: Tyranitar|0 fnt
|faint|p2a: Tyranitar
|
|-weather|Sandstorm|[upkeep]
|-damage|p1a: Rillaboom|94/100|[from] Sandstorm
|-heal|p1a: Rillaboom|100/100|[from] Grassy Terrain
|upkeep
|
|t:|1760440306
|switch|p2a: Vikavolt|Vikavolt, F|100/100
|turn|2
|
|t:|1760440316
|move|p1a: Rillaboom|U-turn|p2a: Vikavolt
|-damage|p2a: Vikavolt|70/100
|
|t:|1760440322
|switch|p1a: Heatran|Heatran, F|100/100|[from] U-turn
|move|p2a: Vikavolt|Agility|p2a: Vikavolt
|-boost|p2a: Vikavolt|spe|2
|
|-weather|Sandstorm|[upkeep]
|-damage|p2a: Vikavolt|64/100|[from] Sandstorm
|upkeep
|turn|3
|
|t:|1760440328
|move|p2a: Vikavolt|Discharge|p1a: Heatran
|-damage|p1a: Heatran|57/100
|move|p1a: Heatran|Magma Storm|p2a: Vikavolt|[miss]
|-miss|p1a: Heatran|p2a: Vikavolt
|
|-weather|Sandstorm|[upkeep]
|-damage|p2a: Vikavolt|58/100|[from] Sandstorm
|-heal|p1a: Heatran|63/100|[from] Grassy Terrain
|-heal|p1a: Heatran|69/100|[from] item: Leftovers
|upkeep
|turn|4
|
|t:|1760440335
|move|p2a: Vikavolt|Sticky Web|p1a: Heatran
|-sidestart|p1: whoops252!|move: Sticky Web
|move|p1a: Heatran|Magma Storm|p2a: Vikavolt
|-supereffective|p2a: Vikavolt
|-damage|p2a: Vikavolt|0 fnt
|faint|p2a: Vikavolt
|
|-weather|Sandstorm|[upkeep]
|-heal|p1a: Heatran|75/100|[from] Grassy Terrain
|-heal|p1a: Heatran|81/100|[from] item: Leftovers
|upkeep
|
|t:|1760440343
|switch|p2a: Ogerpon|Ogerpon-Wellspring, F|100/100
|turn|5
|
|t:|1760440351
|switch|p1a: Raging Bolt|Raging Bolt|100/100
|-activate|p1a: Raging Bolt|move: Sticky Web
|-unboost|p1a: Raging Bolt|spe|1
|-enditem|p1a: Raging Bolt|Grassy Seed
|-boost|p1a: Raging Bolt|def|1|[from] item: Grassy Seed
|move|p2a: Ogerpon|Swords Dance|p2a: Ogerpon
|-boost|p2a: Ogerpon|atk|2
|
|-weather|none
|upkeep
|turn|6
|
|t:|1760440358
|move|p2a: Ogerpon|Ivy Cudgel|p1a: Raging Bolt|[anim] Ivy Cudgel Water
|-resisted|p1a: Raging Bolt
|-damage|p1a: Raging Bolt|65/100
|move|p1a: Raging Bolt|Calm Mind|p1a: Raging Bolt
|-boost|p1a: Raging Bolt|spa|1
|-boost|p1a: Raging Bolt|spd|1
|
|-heal|p1a: Raging Bolt|71/100|[from] Grassy Terrain
|upkeep
|turn|7
|
|t:|1760440366
|move|p2a: Ogerpon|Encore|p1a: Raging Bolt
|-start|p1a: Raging Bolt|Encore
|move|p1a: Raging Bolt|Calm Mind|p1a: Raging Bolt
|-boost|p1a: Raging Bolt|spa|1
|-boost|p1a: Raging Bolt|spd|1
|
|-heal|p1a: Raging Bolt|77/100|[from] Grassy Terrain
|upkeep
|turn|8
|
|t:|1760440388
|move|p2a: Ogerpon|Swords Dance|p2a: Ogerpon
|-boost|p2a: Ogerpon|atk|2
|move|p1a: Raging Bolt|Calm Mind|p1a: Raging Bolt
|-boost|p1a: Raging Bolt|spa|1
|-boost|p1a: Raging Bolt|spd|1
|
|-heal|p1a: Raging Bolt|83/100|[from] Grassy Terrain
|-fieldend|move: Grassy Terrain
|upkeep
|turn|9
|
|t:|1760440396
|-end|p1a: Raging Bolt|Protosynthesis|[silent]
|switch|p1a: Rillaboom|Rillaboom, F|100/100
|-activate|p1a: Rillaboom|move: Sticky Web
|-unboost|p1a: Rillaboom|spe|1
|-fieldstart|move: Grassy Terrain|[from] ability: Grassy Surge|[of] p1a: Rillaboom
|move|p2a: Ogerpon|Swords Dance|p2a: Ogerpon
|-boost|p2a: Ogerpon|atk|2
|
|upkeep
|turn|10
|
|t:|1760440406
|move|p1a: Rillaboom|Grassy Glide|p2a: Ogerpon
|-damage|p2a: Ogerpon|52/100
|move|p2a: Ogerpon|Horn Leech|p1a: Rillaboom
|-resisted|p1a: Rillaboom
|-damage|p1a: Rillaboom|0 fnt
|-heal|p2a: Ogerpon|100/100|[from] drain|[of] p1a: Rillaboom
|faint|p1a: Rillaboom
|
|upkeep
|
|t:|1760440409
|switch|p1a: Hawlucha|Hawlucha, F|100/100
|-enditem|p1a: Hawlucha|Grassy Seed
|-boost|p1a: Hawlucha|def|1|[from] item: Grassy Seed
|turn|11
|
|t:|1760440424
|-terastallize|p1a: Hawlucha|Flying
|-terastallize|p2a: Ogerpon|Water
|detailschange|p2a: Ogerpon|Ogerpon-Wellspring-Tera, F, tera:Water
|-ability|p2a: Ogerpon|Embody Aspect (Wellspring)|boost
|-boost|p2a: Ogerpon|spd|1
|move|p1a: Hawlucha|Acrobatics|p2a: Ogerpon
|-damage|p2a: Ogerpon|11/100
|move|p2a: Ogerpon|Ivy Cudgel|p1a: Hawlucha|[anim] Ivy Cudgel Water
|-damage|p1a: Hawlucha|0 fnt
|faint|p1a: Hawlucha
|
|-heal|p2a: Ogerpon|17/100|[from] Grassy Terrain
|upkeep
|
|t:|1760440436
|switch|p1a: Raging Bolt|Raging Bolt|83/100
|-activate|p1a: Raging Bolt|move: Sticky Web
|-unboost|p1a: Raging Bolt|spe|1
|turn|12
|
|t:|1760440443
|move|p1a: Raging Bolt|Thunderclap||[still]
|-fail|p1a: Raging Bolt
|move|p2a: Ogerpon|Swords Dance|p2a: Ogerpon
|-boost|p2a: Ogerpon|atk|0
|
|-heal|p2a: Ogerpon|23/100|[from] Grassy Terrain
|-heal|p1a: Raging Bolt|90/100|[from] Grassy Terrain
|upkeep
|turn|13
|
|t:|1760440445
|move|p2a: Ogerpon|Encore|p1a: Raging Bolt
|-start|p1a: Raging Bolt|Encore
|move|p1a: Raging Bolt|Thunderclap||[still]
|-fail|p1a: Raging Bolt
|
|-heal|p2a: Ogerpon|29/100|[from] Grassy Terrain
|-heal|p1a: Raging Bolt|96/100|[from] Grassy Terrain
|upkeep
|turn|14
|
|t:|1760440450
|-end|p1a: Raging Bolt|Protosynthesis|[silent]
|switch|p1a: Heatran|Heatran, F|81/100
|-activate|p1a: Heatran|move: Sticky Web
|-unboost|p1a: Heatran|spe|1
|move|p2a: Ogerpon|Swords Dance|p2a: Ogerpon
|-boost|p2a: Ogerpon|atk|0
|
|-heal|p2a: Ogerpon|35/100|[from] Grassy Terrain
|-heal|p1a: Heatran|87/100|[from] Grassy Terrain
|-heal|p1a: Heatran|94/100|[from] item: Leftovers
|upkeep
|turn|15
|
|t:|1760440452
|move|p2a: Ogerpon|Ivy Cudgel|p1a: Heatran|[anim] Ivy Cudgel Water
|-supereffective|p1a: Heatran
|-damage|p1a: Heatran|0 fnt
|faint|p1a: Heatran
|
|-heal|p2a: Ogerpon|41/100|[from] Grassy Terrain
|upkeep
|
|t:|1760440454
|switch|p1a: Raging Bolt|Raging Bolt|96/100
|-activate|p1a: Raging Bolt|move: Sticky Web
|-unboost|p1a: Raging Bolt|spe|1
|turn|16
|
|t:|1760440466
|switch|p2a: Excadrill|Excadrill, F|100/100
|move|p1a: Raging Bolt|Thunderbolt|p2a: Excadrill
|-immune|p2a: Excadrill
|
|-heal|p1a: Raging Bolt|100/100|[from] Grassy Terrain
|-fieldend|move: Grassy Terrain
|upkeep
|turn|17
|
|t:|1760440475
|-end|p1a: Raging Bolt|Protosynthesis|[silent]
|switch|p1a: Great Tusk|Great Tusk|100/100
|-activate|p1a: Great Tusk|move: Sticky Web
|-unboost|p1a: Great Tusk|spe|1
|move|p2a: Excadrill|Swords Dance|p2a: Excadrill
|-boost|p2a: Excadrill|atk|2
|
|upkeep
|turn|18
|
|t:|1760440482
|move|p2a: Excadrill|Earthquake|p1a: Great Tusk
|-damage|p1a: Great Tusk|31/100
|move|p1a: Great Tusk|Headlong Rush|p2a: Excadrill
|-supereffective|p2a: Excadrill
|-enditem|p2a: Excadrill|Focus Sash
|-damage|p2a: Excadrill|1/100
|-unboost|p1a: Great Tusk|def|1
|-unboost|p1a: Great Tusk|spd|1
|
|upkeep
|turn|19
|
|t:|1760440485
|move|p2a: Excadrill|Earthquake|p1a: Great Tusk
|-crit|p1a: Great Tusk
|-damage|p1a: Great Tusk|0 fnt
|faint|p1a: Great Tusk
|-end|p1a: Great Tusk|Protosynthesis|[silent]
|
|upkeep
|-message|whoops252! forfeited.
|
|win|Graveler's Delight
|raw|whoops252!'s rating: 1322 &rarr; <strong>1301</strong><br />(-21 for losing)
|raw|Graveler&apos;s Delight's rating: 1300 &rarr; <strong>1327</strong><br />(+27 for winning)
|l|☆whoops252!
|player|p1|
|n|☆Graveler's Delight|gravelersdelight
|l|☆Graveler's Delight
|player|p2|
