|j|☆Nichbo
|j|☆samuelthestrong
|t:|1760328663
|gametype|singles
|player|p1|Nichbo|crasherwake|1401
|player|p2|samuelthestrong|265|1503
|gen|9
|tier|[Gen 9] OU
|rated|
|rule|HP Percentage Mod: HP is shown in percentages
|rule|Endless Battle Clause: Forcing endless battles is banned
|rule|Species Clause: Limit one of each Pokémon
|rule|OHKO Clause: OHKO moves are banned
|rule|Evasion Items Clause: Evasion items are banned
|rule|Evasion Moves Clause: Evasion moves are banned
|rule|Evasion Abilities Clause: Evasion abilities are banned
|rule|Sleep Moves Clause: Sleep-inducing moves are banned
|clearpoke
|poke|p1|Meowscarada, F|
|poke|p1|Clefable, M|
|poke|p1|Iron Treads|
|poke|p1|Moltres|
|poke|p1|Ogerpon-Wellspring, F|
|poke|p1|Garganacl, M|
|poke|p2|Iron Moth|
|poke|p2|Slowking-Galar, M|
|poke|p2|Dragonite, M|
|poke|p2|Kingambit, F|
|poke|p2|Quaquaval, M|
|poke|p2|Landorus-Therian, M|
|teampreview
|inactive|Battle timer is ON: inactive players will automatically lose when time's up. (requested by Nichbo)
|
|t:|1760328707
|teamsize|p1|6
|teamsize|p2|6
|start
|switch|p1a: Meowscarada|Meowscarada, F|100/100
|switch|p2a: Landorus|Landorus-Therian, M|100/100
|-ability|p2a: Landorus|Intimidate|boost
|-unboost|p1a: Meowscarada|atk|1
|turn|1
|
|t:|1760328714
|switch|p2a: Kingambit|Kingambit, F|100/100
|move|p1a: Meowscarada|Spikes|p2a: Kingambit
|-sidestart|p2: samuelthestrong|Spikes
|
|upkeep
|turn|2
|
|t:|1760328728
|move|p1a: Meowscarada|Knock Off|p2a: Kingambit
|-resisted|p2a: Kingambit
|-crit|p2a: Kingambit
|-damage|p2a: Kingambit|73/100
|-enditem|p2a: Kingambit|Leftovers|[from] move: Knock Off|[of] p1a: Meowscarada
|move|p2a: Kingambit|Iron Head|p1a: Meowscarada
|-damage|p1a: Meowscarada|21/100
|
|upkeep
|turn|3
|
|t:|1760328738
|move|p1a: Meowscarada|Spikes|p2a: Kingambit
|-sidestart|p2: samuelthestrong|Spikes
|move|p2a: Kingambit|Kowtow Cleave|p1a: Meowscarada
|-resisted|p1a: Meowscarada
|-damage|p1a: Meowscarada|0 fnt
|faint|p1a: Meowscarada
|
|upkeep
|
|t:|1760328744
|switch|p1a: Moltres|Moltres|100/100
|turn|4
|
|t:|1760328748
|-end|p2a: Kingambit|fallenundefined|[silent]
|switch|p2a: Slowking|Slowking-Galar, M|100/100
|move|p1a: Moltres|Flamethrower|p2a: Slowking
|-damage|p2a: Slowking|79/100
|
|upkeep
|turn|5
|
|t:|1760328753
|move|p1a: Moltres|U-turn|p2a: Slowking
|-damage|p2a: Slowking|64/100
|
|t:|1760328755
|switch|p1a: Clefable|Clefable, M|100/100|[from] U-turn
|-prepare|p2a: Slowking|Chilly Reception|[premajor]
|move|p2a: Slowking|Chilly Reception|p2a: Slowking
|-weather|Snowscape
|
|t:|1760328761
|switch|p2a: Iron Moth|Iron Moth|100/100|[from] Chilly Reception
|-damage|p2a: Iron Moth|84/100|[from] Spikes
|
|-weather|Snowscape|[upkeep]
|upkeep
|turn|6
|
|t:|1760328765
|move|p2a: Iron Moth|Energy Ball|p1a: Clefable
|-crit|p1a: Clefable
|-damage|p1a: Clefable|30/100
|move|p1a: Clefable|Thunder Wave|p2a: Iron Moth
|-status|p2a: Iron Moth|par
|
|-weather|Snowscape|[upkeep]
|upkeep
|turn|7
|
|t:|1760328778
|switch|p1a: Ogerpon|Ogerpon-Wellspring, F|100/100
|move|p2a: Iron Moth|Energy Ball|p1a: Ogerpon
|-damage|p1a: Ogerpon|38/100
|
|-weather|Snowscape|[upkeep]
|upkeep
|turn|8
|
|t:|1760328796
|-end|p2a: Iron Moth|Quark Drive|[silent]
|switch|p2a: Dragonite|Dragonite, M|100/100
|move|p1a: Ogerpon|Ivy Cudgel|p2a: Dragonite|[anim] Ivy Cudgel Water
|-resisted|p2a: Dragonite
|-damage|p2a: Dragonite|83/100
|
|-weather|Snowscape|[upkeep]
|upkeep
|turn|9
|
|t:|1760328803
|move|p2a: Dragonite|Extreme Speed|p1a: Ogerpon
|-damage|p1a: Ogerpon|0 fnt
|faint|p1a: Ogerpon
|
|-weather|none
|upkeep
|
|t:|1760328806
|switch|p1a: Iron Treads|Iron Treads|100/100
|turn|10
|
|t:|1760328817
|switch|p2a: Duckular|Quaquaval, M|100/100
|-damage|p2a: Duckular|84/100|[from] Spikes
|move|p1a: Iron Treads|Knock Off|p2a: Duckular
|-resisted|p2a: Duckular
|-damage|p2a: Duckular|66/100
|-enditem|p2a: Duckular|Assault Vest|[from] move: Knock Off|[of] p1a: Iron Treads
|
|upkeep
|turn|11
|
|t:|1760328823
|move|p1a: Iron Treads|Volt Switch|p2a: Duckular
|-supereffective|p2a: Duckular
|-damage|p2a: Duckular|36/100
|
|t:|1760328828
|-end|p1a: Iron Treads|Quark Drive|[silent]
|switch|p1a: Clefable|Clefable, M|30/100|[from] Volt Switch
|move|p2a: Duckular|Rapid Spin|p1a: Clefable
|-damage|p1a: Clefable|12/100
|-boost|p2a: Duckular|spe|1
|-sideend|p2: samuelthestrong|Spikes|[from] move: Rapid Spin|[of] p2a: Duckular
|
|upkeep
|turn|12
|
|t:|1760328833
|move|p2a: Duckular|Aqua Step|p1a: Clefable
|-damage|p1a: Clefable|0 fnt
|-boost|p2a: Duckular|spe|1
|faint|p1a: Clefable
|-ability|p2a: Duckular|Moxie|boost
|-boost|p2a: Duckular|atk|1
|
|upkeep
|
|t:|1760328837
|switch|p1a: Moltres|Moltres|100/100
|turn|13
|
|t:|1760328840
|-terastallize|p1a: Moltres|Dragon
|move|p2a: Duckular|Aqua Step|p1a: Moltres
|-resisted|p1a: Moltres
|-damage|p1a: Moltres|80/100
|-boost|p2a: Duckular|spe|1
|-damage|p2a: Duckular|20/100|[from] item: Rocky Helmet|[of] p1a: Moltres
|move|p1a: Moltres|Air Slash|p2a: Duckular
|-supereffective|p2a: Duckular
|-damage|p2a: Duckular|0 fnt
|faint|p2a: Duckular
|
|upkeep
|
|t:|1760328854
|switch|p2a: Slowking|Slowking-Galar, M|98/100
|turn|14
|
|t:|1760328858
|move|p1a: Moltres|U-turn|p2a: Slowking
|-damage|p2a: Slowking|82/100
|
|t:|1760328860
|switch|p1a: Garganacl|Garganacl, M|100/100|[from] U-turn
|move|p2a: Slowking|Future Sight|p1a: Garganacl
|-start|p2a: Slowking|move: Future Sight
|
|upkeep
|turn|15
|
|t:|1760328865
|move|p1a: Garganacl|Salt Cure|p2a: Slowking
|-damage|p2a: Slowking|68/100
|-start|p2a: Slowking|Salt Cure
|move|p2a: Slowking|Psychic Noise|p1a: Garganacl
|-damage|p1a: Garganacl|81/100
|-start|p1a: Garganacl|move: Heal Block
|
|-damage|p2a: Slowking|56/100|[from] Salt Cure
|upkeep
|turn|16
|
|t:|1760328875
|switch|p1a: Iron Treads|Iron Treads|100/100
|-prepare|p2a: Slowking|Chilly Reception|[premajor]
|move|p2a: Slowking|Chilly Reception|p2a: Slowking
|-weather|Snowscape
|
|t:|1760328883
|switch|p2a: Landorus|Landorus-Therian, M|100/100|[from] Chilly Reception
|-ability|p2a: Landorus|Intimidate|boost
|-unboost|p1a: Iron Treads|atk|1
|
|-weather|Snowscape|[upkeep]
|-end|p1a: Iron Treads|move: Future Sight
|-resisted|p1a: Iron Treads
|-damage|p1a: Iron Treads|72/100
|upkeep
|turn|17
|
|t:|1760328887
|move|p1a: Iron Treads|Knock Off|p2a: Landorus
|-damage|p2a: Landorus|88/100
|-damage|p1a: Iron Treads|55/100|[from] item: Rocky Helmet|[of] p2a: Landorus
|-enditem|p2a: Landorus|Rocky Helmet|[from] move: Knock Off|[of] p1a: Iron Treads
|move|p2a: Landorus|Earth Power|p1a: Iron Treads
|-supereffective|p1a: Iron Treads
|-damage|p1a: Iron Treads|0 fnt
|faint|p1a: Iron Treads
|-end|p1a: Iron Treads|Quark Drive|[silent]
|
|-weather|Snowscape|[upkeep]
|upkeep
|-message|Nichbo forfeited.
|
|win|samuelthestrong
|raw|Nichbo's rating: 1401 &rarr; <strong>1387</strong><br />(-14 for losing)
|raw|samuelthestrong's rating: 1503 &rarr; <strong>1517</strong><br />(+14 for winning)
|l|☆Nichbo
|player|p1|
|l|☆samuelthestrong
|player|p2|
