|j|‽flinchirator
|j|☆xw haha
|t:|1760318012
|gametype|singles
|player|p1|flinchirator|miku-ice|1459
|player|p2|xw haha|volkner|1441
|gen|9
|tier|[Gen 9] OU
|rated|
|rule|HP Percentage Mod: HP is shown in percentages
|rule|Endless Battle Clause: Forcing endless battles is banned
|rule|Species Clause: Limit one of each Pokémon
|rule|OHKO Clause: OHKO moves are banned
|rule|Evasion Items Clause: Evasion items are banned
|rule|Evasion Moves Clause: Evasion moves are banned
|rule|Evasion Abilities Clause: Evasion abilities are banned
|rule|Sleep Moves Clause: Sleep-inducing moves are banned
|clearpoke
|poke|p1|Tornadus-Therian, M|
|poke|p1|Iron Treads|
|poke|p1|Decidueye-Hisui, M|
|poke|p1|Barraskewda, M|
|poke|p1|Pelipper, F|
|poke|p1|Raging Bolt|
|poke|p2|Weezing-Galar, M|
|poke|p2|Garganacl, F|
|poke|p2|Gholdengo|
|poke|p2|Raging Bolt|
|poke|p2|Kingambit, M|
|poke|p2|Iron Valiant|
|teampreview
|inactive|Battle timer is ON: inactive players will automatically lose when time's up. (requested by flinchirator)
|
|t:|1760318033
|teamsize|p1|6
|teamsize|p2|6
|start
|switch|p1a: Pelipper|Pelipper, F|100/100
|switch|p2a: Garganacl|Garganacl, F|100/100
|-weather|RainDance|[from] ability: Drizzle|[of] p1a: Pelipper
|turn|1
|
|t:|1760318043
|move|p1a: Pelipper|Surf|p2a: Garganacl
|-supereffective|p2a: Garganacl
|-damage|p2a: Garganacl|41/100
|move|p2a: Garganacl|Stealth Rock|p1a: Pelipper
|-sidestart|p1: flinchirator|move: Stealth Rock
|
|-weather|RainDance|[upkeep]
|-heal|p2a: Garganacl|47/100|[from] item: Leftovers
|upkeep
|turn|2
|
|t:|1760318053
|move|p2a: Garganacl|Protect|p2a: Garganacl
|-singleturn|p2a: Garganacl|Protect
|move|p1a: Pelipper|U-turn|p2a: Garganacl
|-activate|p2a: Garganacl|move: Protect
|
|-weather|RainDance|[upkeep]
|-heal|p2a: Garganacl|53/100|[from] item: Leftovers
|upkeep
|turn|3
|
|t:|1760318068
|-terastallize|p2a: Garganacl|Ghost
|move|p1a: Pelipper|Surf|p2a: Garganacl
|-damage|p2a: Garganacl|27/100
|move|p2a: Garganacl|Salt Cure|p1a: Pelipper
|-supereffective|p1a: Pelipper
|-damage|p1a: Pelipper|82/100
|-start|p1a: Pelipper|Salt Cure
|
|-weather|RainDance|[upkeep]
|-heal|p2a: Garganacl|33/100|[from] item: Leftovers
|-damage|p1a: Pelipper|57/100|[from] Salt Cure
|upkeep
|turn|4
|
|t:|1760318083
|switch|p1a: Tornadus|Tornadus-Therian, M|100/100
|-damage|p1a: Tornadus|76/100|[from] Stealth Rock
|move|p2a: Garganacl|Recover|p2a: Garganacl
|-heal|p2a: Garganacl|83/100
|
|-weather|RainDance|[upkeep]
|-heal|p2a: Garganacl|89/100|[from] item: Leftovers
|upkeep
|turn|5
|
|t:|1760318095
|move|p1a: Tornadus|Hurricane|p2a: Garganacl
|-damage|p2a: Garganacl|42/100
|-start|p2a: Garganacl|confusion
|-activate|p2a: Garganacl|confusion
|move|p2a: Garganacl|Salt Cure|p1a: Tornadus
|-supereffective|p1a: Tornadus
|-damage|p1a: Tornadus|38/100
|-start|p1a: Tornadus|Salt Cure
|
|-weather|RainDance|[upkeep]
|-heal|p2a: Garganacl|48/100|[from] item: Leftovers
|-damage|p1a: Tornadus|25/100|[from] Salt Cure
|upkeep
|turn|6
|
|t:|1760318112
|switch|p2a: Raging Bolt|Raging Bolt|100/100
|move|p1a: Tornadus|Hurricane|p2a: Raging Bolt
|-resisted|p2a: Raging Bolt
|-crit|p2a: Raging Bolt
|-damage|p2a: Raging Bolt|66/100
|-start|p2a: Raging Bolt|confusion
|
|-weather|RainDance|[upkeep]
|-damage|p1a: Tornadus|13/100|[from] Salt Cure
|upkeep
|turn|7
|
|t:|1760318125
|switch|p1a: Iron Treads|Iron Treads|100/100
|-damage|p1a: Iron Treads|98/100|[from] Stealth Rock
|-activate|p2a: Raging Bolt|confusion
|-damage|p2a: Raging Bolt|61/100|[from] confusion
|
|-weather|RainDance|[upkeep]
|-heal|p1a: Iron Treads|100/100|[from] item: Leftovers
|upkeep
|turn|8
|
|t:|1760318141
|-end|p2a: Raging Bolt|Protosynthesis|[silent]
|switch|p2a: Gholdengo|Gholdengo|100/100
|-item|p2a: Gholdengo|Air Balloon
|move|p1a: Iron Treads|Knock Off|p2a: Gholdengo
|-supereffective|p2a: Gholdengo
|-damage|p2a: Gholdengo|51/100
|-enditem|p2a: Gholdengo|Air Balloon
|
|-weather|none
|upkeep
|turn|9
|
|t:|1760318156
|switch|p2a: Weezing|Weezing-Galar, M|100/100
|move|p1a: Iron Treads|Earthquake|p2a: Weezing
|-immune|p2a: Weezing|[from] ability: Levitate
|
|upkeep
|turn|10
|
|t:|1760318167
|-end|p1a: Iron Treads|Quark Drive|[silent]
|switch|p1a: Decidueye|Decidueye-Hisui, M|100/100
|-damage|p1a: Decidueye|94/100|[from] Stealth Rock
|move|p2a: Weezing|Toxic Spikes|p1a: Decidueye
|-sidestart|p1: flinchirator|move: Toxic Spikes
|
|upkeep
|turn|11
|
|t:|1760318177
|move|p1a: Decidueye|Defog|p2a: Weezing
|-unboost|p2a: Weezing|evasion|1
|-sideend|p1: flinchirator|Toxic Spikes|[from] move: Defog|[of] p1a: Decidueye
|-sideend|p1: flinchirator|Stealth Rock|[from] move: Defog|[of] p1a: Decidueye
|move|p2a: Weezing|Strange Steam|p1a: Decidueye
|-supereffective|p1a: Decidueye
|-damage|p1a: Decidueye|48/100
|
|upkeep
|turn|12
|
|t:|1760318189
|switch|p1a: Pelipper|Pelipper, F|57/100
|-weather|RainDance|[from] ability: Drizzle|[of] p1a: Pelipper
|move|p2a: Weezing|Strange Steam|p1a: Pelipper
|-damage|p1a: Pelipper|21/100
|
|-weather|RainDance|[upkeep]
|upkeep
|turn|13
|
|t:|1760318201
|switch|p2a: Raging Bolt|Raging Bolt|61/100
|switch|p1a: Raging Bolt|Raging Bolt|100/100
|-enditem|p1a: Raging Bolt|Booster Energy
|-activate|p1a: Raging Bolt|ability: Protosynthesis|[fromitem]
|-start|p1a: Raging Bolt|protosynthesisspa
|
|-weather|RainDance|[upkeep]
|upkeep
|turn|14
|
|t:|1760318214
|-terastallize|p1a: Raging Bolt|Bug
|move|p1a: Raging Bolt|Dragon Pulse|p2a: Raging Bolt
|-supereffective|p2a: Raging Bolt
|-damage|p2a: Raging Bolt|0 fnt
|faint|p2a: Raging Bolt
|-end|p2a: Raging Bolt|Protosynthesis|[silent]
|
|-weather|RainDance|[upkeep]
|upkeep
|inactive|xw haha has 120 seconds left.
|
|t:|1760318234
|switch|p2a: Gholdengo|Gholdengo|51/100
|turn|15
|
|t:|1760318243
|move|p1a: Raging Bolt|Thunder|p2a: Gholdengo
|-damage|p2a: Gholdengo|0 fnt
|faint|p2a: Gholdengo
|
|-weather|RainDance|[upkeep]
|upkeep
|
|t:|1760318258
|switch|p2a: Iron Valiant|Iron Valiant|100/100
|-enditem|p2a: Iron Valiant|Booster Energy
|-activate|p2a: Iron Valiant|ability: Quark Drive|[fromitem]
|-start|p2a: Iron Valiant|quarkdrivespe
|turn|16
|
|t:|1760318266
|move|p2a: Iron Valiant|Close Combat|p1a: Raging Bolt
|-resisted|p1a: Raging Bolt
|-damage|p1a: Raging Bolt|71/100
|-unboost|p2a: Iron Valiant|def|1
|-unboost|p2a: Iron Valiant|spd|1
|move|p1a: Raging Bolt|Thunder|p2a: Iron Valiant
|-damage|p2a: Iron Valiant|0 fnt
|faint|p2a: Iron Valiant
|-end|p2a: Iron Valiant|Quark Drive|[silent]
|
|-weather|RainDance|[upkeep]
|upkeep
|
|t:|1760318280
|switch|p2a: Garganacl|Garganacl, F, tera:Ghost|48/100
|turn|17
|
|t:|1760318292
|move|p2a: Garganacl|Protect|p2a: Garganacl
|-singleturn|p2a: Garganacl|Protect
|move|p1a: Raging Bolt|Thunder|p2a: Garganacl
|-activate|p2a: Garganacl|move: Protect
|
|-weather|RainDance|[upkeep]
|-heal|p2a: Garganacl|54/100|[from] item: Leftovers
|upkeep
|turn|18
|inactive|xw haha has 120 seconds left.
|
|t:|1760318306
|move|p1a: Raging Bolt|Thunder|p2a: Garganacl
|-damage|p2a: Garganacl|2/100
|move|p2a: Garganacl|Salt Cure|p1a: Raging Bolt
|-supereffective|p1a: Raging Bolt
|-damage|p1a: Raging Bolt|48/100
|-start|p1a: Raging Bolt|Salt Cure
|
|-weather|RainDance|[upkeep]
|-heal|p2a: Garganacl|9/100|[from] item: Leftovers
|-damage|p1a: Raging Bolt|35/100|[from] Salt Cure
|upkeep
|turn|19
|inactive|xw haha has 120 seconds left.
|
|t:|1760318322
|move|p1a: Raging Bolt|Thunder|p2a: Garganacl
|-damage|p2a: Garganacl|0 fnt
|faint|p2a: Garganacl
|
|-weather|none
|-damage|p1a: Raging Bolt|23/100|[from] Salt Cure
|upkeep
|
|t:|1760318339
|switch|p2a: Kingambit|Kingambit, M|100/100
|-activate|p2a: Kingambit|ability: Supreme Overlord
|-start|p2a: Kingambit|fallen4|[silent]
|turn|20
|
|t:|1760318354
|-end|p1a: Raging Bolt|Protosynthesis|[silent]
|switch|p1a: Pelipper|Pelipper, F|21/100
|-weather|RainDance|[from] ability: Drizzle|[of] p1a: Pelipper
|move|p2a: Kingambit|Sucker Punch||[still]
|-fail|p2a: Kingambit
|
|-weather|RainDance|[upkeep]
|upkeep
|turn|21
|
|t:|1760318369
|switch|p1a: Iron Treads|Iron Treads|100/100
|move|p2a: Kingambit|Swords Dance|p2a: Kingambit
|-boost|p2a: Kingambit|atk|2
|
|-weather|RainDance|[upkeep]
|upkeep
|turn|22
|
|t:|1760318380
|move|p2a: Kingambit|Sucker Punch|p1a: Iron Treads
|-damage|p1a: Iron Treads|10/100
|move|p1a: Iron Treads|Earthquake|p2a: Kingambit
|-supereffective|p2a: Kingambit
|-damage|p2a: Kingambit|40/100
|-enditem|p2a: Kingambit|Sitrus Berry|[eat]
|-heal|p2a: Kingambit|65/100|[from] item: Sitrus Berry
|
|-weather|RainDance|[upkeep]
|-heal|p1a: Iron Treads|16/100|[from] item: Leftovers
|upkeep
|turn|23
|
|t:|1760318399
|move|p2a: Kingambit|Sucker Punch||[still]
|-fail|p2a: Kingambit
|move|p1a: Iron Treads|Stealth Rock|p2a: Kingambit
|-sidestart|p2: xw haha|move: Stealth Rock
|
|-weather|RainDance|[upkeep]
|-heal|p1a: Iron Treads|22/100|[from] item: Leftovers
|upkeep
|turn|24
|
|t:|1760318409
|move|p2a: Kingambit|Sucker Punch|p1a: Iron Treads
|-damage|p1a: Iron Treads|0 fnt
|faint|p1a: Iron Treads
|-end|p1a: Iron Treads|Quark Drive|[silent]
|
|-weather|RainDance|[upkeep]
|upkeep
|
|t:|1760318412
|switch|p1a: Decidueye|Decidueye-Hisui, M|48/100
|turn|25
|
|t:|1760318421
|move|p2a: Kingambit|Sucker Punch||[still]
|-fail|p2a: Kingambit
|move|p1a: Decidueye|Roost|p1a: Decidueye
|-heal|p1a: Decidueye|98/100
|-singleturn|p1a: Decidueye|move: Roost
|
|-weather|RainDance|[upkeep]
|upkeep
|turn|26
|
|t:|1760318433
|move|p2a: Kingambit|Sucker Punch|p1a: Decidueye
|-resisted|p1a: Decidueye
|-damage|p1a: Decidueye|55/100
|-damage|p2a: Kingambit|48/100|[from] item: Rocky Helmet|[of] p1a: Decidueye
|move|p1a: Decidueye|Triple Arrows|p2a: Kingambit
|-supereffective|p2a: Kingambit
|-damage|p2a: Kingambit|0 fnt
|faint|p2a: Kingambit
|-end|p2a: Kingambit|fallen4|[silent]
|
|-weather|RainDance|[upkeep]
|upkeep
|-message|xw haha forfeited.
|
|win|flinchirator
|raw|flinchirator's rating: 1459 &rarr; <strong>1478</strong><br />(+19 for winning)
|raw|xw haha's rating: 1441 &rarr; <strong>1422</strong><br />(-19 for losing)
|l|☆xw haha
|player|p2|
|l|‽flinchirator
|player|p1|
