|j|‽the great crusader
|j|☆killbot18
|t:|1760346152
|gametype|singles
|player|p1|the great crusader|170|1427
|player|p2|killbot18|n|1444
|gen|9
|tier|[Gen 9] OU
|rated|
|rule|HP Percentage Mod: HP is shown in percentages
|rule|Endless Battle Clause: Forcing endless battles is banned
|rule|Species Clause: Limit one of each Pokémon
|rule|OHKO Clause: OHKO moves are banned
|rule|Evasion Items Clause: Evasion items are banned
|rule|Evasion Moves Clause: Evasion moves are banned
|rule|Evasion Abilities Clause: Evasion abilities are banned
|rule|Sleep Moves Clause: Sleep-inducing moves are banned
|clearpoke
|poke|p1|Gliscor, F|
|poke|p1|Araquanid, F|
|poke|p1|Enamorus, F|
|poke|p1|Raging Bolt|
|poke|p1|Gholdengo|
|poke|p1|Zamazenta-*|
|poke|p2|Gliscor, F|
|poke|p2|Heatran, M|
|poke|p2|Weavile, F|
|poke|p2|Raging Bolt|
|poke|p2|Alomomola, F|
|poke|p2|Zamazenta-*|
|teampreview
|
|t:|1760346165
|teamsize|p1|6
|teamsize|p2|6
|start
|switch|p1a: Araquanid|Araquanid, F|100/100
|switch|p2a: Raging Bolt|Raging Bolt|100/100
|turn|1
|
|t:|1760346172
|move|p1a: Araquanid|Endure|p1a: Araquanid
|-singleturn|p1a: Araquanid|move: Endure
|move|p2a: Raging Bolt|Thunderbolt|p1a: Araquanid
|-supereffective|p1a: Araquanid
|-damage|p1a: Araquanid|21/100
|-status|p1a: Araquanid|par
|
|upkeep
|turn|2
|-enditem|p1a: Araquanid|Custap Berry|[eat]
|-activate|p1a: Araquanid|item: Custap Berry|[consumed]
|
|t:|1760346181
|move|p1a: Araquanid|Sticky Web|p2a: Raging Bolt
|-sidestart|p2: killbot18|move: Sticky Web
|move|p2a: Raging Bolt|Volt Switch|p1a: Araquanid
|-supereffective|p1a: Araquanid
|-damage|p1a: Araquanid|0 fnt
|faint|p1a: Araquanid
|
|t:|1760346188
|-end|p2a: Raging Bolt|Protosynthesis|[silent]
|switch|p2a: Gliscor|Gliscor, F|100/100|[from] Volt Switch
|
|-status|p2a: Gliscor|tox|[from] item: Toxic Orb
|upkeep
|
|t:|1760346193
|switch|p1a: Enamorus|Enamorus, F|100/100
|turn|3
|
|t:|1760346197
|move|p1a: Enamorus|Substitute|p1a: Enamorus
|-start|p1a: Enamorus|Substitute
|-damage|p1a: Enamorus|76/100
|move|p2a: Gliscor|Knock Off|p1a: Enamorus
|-resisted|p1a: Enamorus
|-activate|p1a: Enamorus|move: Substitute|[damage]
|
|-heal|p1a: Enamorus|82/100|[from] item: Leftovers
|upkeep
|turn|4
|
|t:|1760346203
|switch|p2a: Alomomola|Alomomola, F|100/100
|move|p1a: Enamorus|Calm Mind|p1a: Enamorus
|-boost|p1a: Enamorus|spa|1
|-boost|p1a: Enamorus|spd|1
|
|-heal|p1a: Enamorus|88/100|[from] item: Leftovers
|upkeep
|turn|5
|
|t:|1760346206
|move|p1a: Enamorus|Draining Kiss|p2a: Alomomola
|-damage|p2a: Alomomola|67/100
|-heal|p1a: Enamorus|100/100|[from] drain|[of] p2a: Alomomola
|move|p2a: Alomomola|Flip Turn|p1a: Enamorus
|-end|p1a: Enamorus|Substitute
|
|t:|1760346209
|switch|p2a: Weavile|Weavile, F|100/100|[from] Flip Turn
|-ability|p2a: Weavile|Pressure
|
|upkeep
|turn|6
|
|t:|1760346215
|switch|p1a: Zamazenta|Zamazenta|100/100
|-ability|p1a: Zamazenta|Dauntless Shield|boost
|-boost|p1a: Zamazenta|def|1
|move|p2a: Weavile|Triple Axel|p1a: Zamazenta
|-damage|p1a: Zamazenta|96/100
|-damage|p1a: Zamazenta|86/100
|-crit|p1a: Zamazenta
|-damage|p1a: Zamazenta|54/100
|-hitcount|p1a: Zamazenta|3
|
|-heal|p1a: Zamazenta|61/100|[from] item: Leftovers
|upkeep
|turn|7
|
|t:|1760346222
|switch|p1a: Gholdengo|Gholdengo|100/100
|-item|p1a: Gholdengo|Air Balloon
|switch|p2a: Gliscor|Gliscor, F|100/100 tox
|
|upkeep
|turn|8
|
|t:|1760346225
|move|p1a: Gholdengo|Nasty Plot|p1a: Gholdengo
|-boost|p1a: Gholdengo|spa|2
|move|p2a: Gliscor|Knock Off|p1a: Gholdengo
|-supereffective|p1a: Gholdengo
|-damage|p1a: Gholdengo|48/100
|-enditem|p1a: Gholdengo|Air Balloon
|
|upkeep
|turn|9
|
|t:|1760346234
|switch|p2a: Heatran|Heatran, M|100/100
|move|p1a: Gholdengo|Shadow Ball|p2a: Heatran
|-damage|p2a: Heatran|48/100
|
|upkeep
|turn|10
|
|t:|1760346269
|move|p1a: Gholdengo|Make It Rain|p2a: Heatran
|-resisted|p2a: Heatran
|-damage|p2a: Heatran|28/100
|-unboost|p1a: Gholdengo|spa|1
|move|p2a: Heatran|Stealth Rock|p1a: Gholdengo
|-sidestart|p1: the great crusader|move: Stealth Rock
|
|upkeep
|turn|11
|
|t:|1760346281
|move|p1a: Gholdengo|Focus Blast|p2a: Heatran
|-supereffective|p2a: Heatran
|-damage|p2a: Heatran|0 fnt
|faint|p2a: Heatran
|
|upkeep
|
|t:|1760346290
|switch|p2a: Weavile|Weavile, F|100/100
|-ability|p2a: Weavile|Pressure
|turn|12
|
|t:|1760346298
|switch|p2a: Gliscor|Gliscor, F|100/100 tox
|switch|p1a: Zamazenta|Zamazenta|61/100
|-damage|p1a: Zamazenta|54/100|[from] Stealth Rock
|
|-heal|p1a: Zamazenta|61/100|[from] item: Leftovers
|upkeep
|turn|13
|
|t:|1760346302
|switch|p1a: Gliscor|Gliscor, F|100/100
|-damage|p1a: Gliscor|88/100|[from] Stealth Rock
|move|p2a: Gliscor|Knock Off|p1a: Gliscor
|-damage|p1a: Gliscor|70/100
|-enditem|p1a: Gliscor|Toxic Orb|[from] move: Knock Off|[of] p2a: Gliscor
|
|upkeep
|turn|14
|
|t:|1760346306
|move|p1a: Gliscor|Swords Dance|p1a: Gliscor
|-boost|p1a: Gliscor|atk|2
|move|p2a: Gliscor|Spikes|p1a: Gliscor
|-sidestart|p1: the great crusader|Spikes
|
|upkeep
|turn|15
|
|t:|1760346310
|move|p1a: Gliscor|Swords Dance|p1a: Gliscor
|-boost|p1a: Gliscor|atk|2
|move|p2a: Gliscor|Spikes|p1a: Gliscor
|-sidestart|p1: the great crusader|Spikes
|
|upkeep
|turn|16
|
|t:|1760346313
|move|p1a: Gliscor|Facade|p2a: Gliscor
|-crit|p2a: Gliscor
|-damage|p2a: Gliscor|43/100 tox
|move|p2a: Gliscor|Knock Off|p1a: Gliscor
|-damage|p1a: Gliscor|59/100
|
|-heal|p2a: Gliscor|55/100 tox|[from] ability: Poison Heal
|upkeep
|turn|17
|
|t:|1760346318
|move|p2a: Gliscor|Protect|p2a: Gliscor
|-singleturn|p2a: Gliscor|Protect
|move|p1a: Gliscor|Swords Dance|p1a: Gliscor
|-boost|p1a: Gliscor|atk|2
|
|-heal|p2a: Gliscor|68/100 tox|[from] ability: Poison Heal
|upkeep
|turn|18
|
|t:|1760346324
|move|p1a: Gliscor|Facade|p2a: Gliscor
|-damage|p2a: Gliscor|20/100 tox
|move|p2a: Gliscor|Knock Off|p1a: Gliscor
|-damage|p1a: Gliscor|48/100
|
|-heal|p2a: Gliscor|33/100 tox|[from] ability: Poison Heal
|upkeep
|turn|19
|
|t:|1760346330
|move|p2a: Gliscor|Protect|p2a: Gliscor
|-singleturn|p2a: Gliscor|Protect
|move|p1a: Gliscor|Swords Dance|p1a: Gliscor
|-boost|p1a: Gliscor|atk|0
|
|-heal|p2a: Gliscor|45/100 tox|[from] ability: Poison Heal
|upkeep
|turn|20
|
|t:|1760346333
|switch|p2a: Alomomola|Alomomola, F|99/100
|move|p1a: Gliscor|Facade|p2a: Alomomola
|-damage|p2a: Alomomola|63/100
|
|upkeep
|turn|21
|
|t:|1760346340
|move|p1a: Gliscor|Facade|p2a: Alomomola
|-damage|p2a: Alomomola|29/100
|move|p2a: Alomomola|Flip Turn|p1a: Gliscor
|-supereffective|p1a: Gliscor
|-damage|p1a: Gliscor|24/100
|
|t:|1760346347
|switch|p2a: Weavile|Weavile, F|100/100|[from] Flip Turn
|-ability|p2a: Weavile|Pressure
|
|upkeep
|turn|22
|
|t:|1760346353
|move|p2a: Weavile|Knock Off|p1a: Gliscor
|-damage|p1a: Gliscor|0 fnt
|faint|p1a: Gliscor
|
|upkeep
|
|t:|1760346357
|switch|p1a: Zamazenta|Zamazenta|61/100
|-damage|p1a: Zamazenta|54/100|[from] Stealth Rock
|-damage|p1a: Zamazenta|38/100|[from] Spikes
|turn|23
|
|t:|1760346362
|switch|p2a: Alomomola|Alomomola, F|62/100
|move|p1a: Zamazenta|Iron Defense|p1a: Zamazenta
|-boost|p1a: Zamazenta|def|2
|
|-heal|p1a: Zamazenta|44/100|[from] item: Leftovers
|upkeep
|turn|24
|
|t:|1760346371
|-terastallize|p2a: Alomomola|Ghost
|move|p1a: Zamazenta|Body Press|p2a: Alomomola
|-immune|p2a: Alomomola
|move|p2a: Alomomola|Scald|p1a: Zamazenta
|-damage|p1a: Zamazenta|33/100
|
|-heal|p1a: Zamazenta|39/100|[from] item: Leftovers
|upkeep
|turn|25
|
|t:|1760346376
|move|p2a: Alomomola|Scald|p1a: Zamazenta
|-damage|p1a: Zamazenta|28/100
|-status|p1a: Zamazenta|brn
|move|p1a: Zamazenta|Roar|p2a: Alomomola
|drag|p2a: Gliscor|Gliscor, F|45/100 tox
|
|-heal|p1a: Zamazenta|34/100 brn|[from] item: Leftovers
|-heal|p2a: Gliscor|58/100 tox|[from] ability: Poison Heal
|-damage|p1a: Zamazenta|28/100 brn|[from] brn
|upkeep
|turn|26
|-message|the great crusader forfeited.
|
|win|killbot18
|raw|the great crusader's rating: 1427 &rarr; <strong>1408</strong><br />(-19 for losing)
|raw|killbot18's rating: 1444 &rarr; <strong>1463</strong><br />(+19 for winning)
|l|‽the great crusader
|player|p1|
