|j|☆dasdws
|j|☆darkvoid13
|t:|1760334962
|gametype|singles
|player|p1|dasdws|2|1090
|player|p2|darkvoid13|266|1095
|gen|9
|tier|[Gen 9] OU
|rated|
|rule|HP Percentage Mod: HP is shown in percentages
|rule|Endless Battle Clause: Forcing endless battles is banned
|rule|Species Clause: Limit one of each Pokémon
|rule|OHKO Clause: OHKO moves are banned
|rule|Evasion Items Clause: Evasion items are banned
|rule|Evasion Moves Clause: Evasion moves are banned
|rule|Evasion Abilities Clause: Evasion abilities are banned
|rule|Sleep Moves Clause: Sleep-inducing moves are banned
|clearpoke
|poke|p1|Hippowdon, F|
|poke|p1|Excadrill, M|
|poke|p1|Gholdengo|
|poke|p1|Garganacl, F|
|poke|p1|Ogerpon-Cornerstone, F|
|poke|p1|Skarmory, F|
|poke|p2|Toxicroak, F|
|poke|p2|Pelipper, F|
|poke|p2|Overqwil, F|
|poke|p2|Iron Treads|
|poke|p2|Iron Valiant|
|poke|p2|Kingambit, F|
|teampreview
|inactive|Battle timer is ON: inactive players will automatically lose when time's up. (requested by darkvoid13)
|inactive|darkvoid13 has 120 seconds left.
|
|t:|1760335000
|teamsize|p1|6
|teamsize|p2|6
|start
|switch|p1a: Gholdengo|Gholdengo|100/100
|switch|p2a: Iron Treads|Iron Treads|100/100
|-enditem|p2a: Iron Treads|Booster Energy
|-activate|p2a: Iron Treads|ability: Quark Drive|[fromitem]
|-start|p2a: Iron Treads|quarkdrivespe
|turn|1
|
|t:|1760335009
|switch|p1a: Skarmory|Skarmory, F|100/100
|move|p2a: Iron Treads|Stealth Rock|p1a: Skarmory
|-sidestart|p1: dasdws|move: Stealth Rock
|
|upkeep
|turn|2
|inactive|darkvoid13 has 120 seconds left.
|
|t:|1760335045
|-end|p2a: Iron Treads|Quark Drive|[silent]
|switch|p2a: Pelipper|Pelipper, F|100/100
|-weather|RainDance|[from] ability: Drizzle|[of] p2a: Pelipper
|move|p1a: Skarmory|Spikes|p2a: Pelipper
|-sidestart|p2: darkvoid13|Spikes
|
|-weather|RainDance|[upkeep]
|upkeep
|turn|3
|inactive|darkvoid13 has 120 seconds left.
|
|t:|1760335063
|switch|p1a: Hippowdon|Hippowdon, F|100/100
|-damage|p1a: Hippowdon|94/100|[from] Stealth Rock
|-weather|Sandstorm|[from] ability: Sand Stream|[of] p1a: Hippowdon
|move|p2a: Pelipper|Hydro Pump|p1a: Hippowdon|[miss]
|-miss|p2a: Pelipper|p1a: Hippowdon
|
|-weather|Sandstorm|[upkeep]
|-damage|p2a: Pelipper|94/100|[from] Sandstorm
|upkeep
|turn|4
|inactive|darkvoid13 has 120 seconds left.
|
|t:|1760335078
|switch|p1a: Gholdengo|Gholdengo|100/100
|-damage|p1a: Gholdengo|94/100|[from] Stealth Rock
|move|p2a: Pelipper|Ice Beam|p1a: Gholdengo
|-resisted|p1a: Gholdengo
|-damage|p1a: Gholdengo|80/100
|
|-weather|Sandstorm|[upkeep]
|-damage|p2a: Pelipper|88/100|[from] Sandstorm
|upkeep
|turn|5
|
|t:|1760335087
|switch|p2a: Iron Treads|Iron Treads|100/100
|-damage|p2a: Iron Treads|88/100|[from] Spikes
|move|p1a: Gholdengo|Shadow Ball|p2a: Iron Treads
|-damage|p2a: Iron Treads|29/100
|
|-weather|Sandstorm|[upkeep]
|upkeep
|turn|6
|inactive|darkvoid13 has 120 seconds left.
|
|t:|1760335105
|move|p1a: Gholdengo|Shadow Ball|p2a: Iron Treads
|-damage|p2a: Iron Treads|0 fnt
|faint|p2a: Iron Treads
|-end|p2a: Iron Treads|Quark Drive|[silent]
|
|-weather|Sandstorm|[upkeep]
|upkeep
|inactive|darkvoid13 has 120 seconds left.
|
|t:|1760335119
|switch|p2a: Pelipper|Pelipper, F|88/100
|-weather|RainDance|[from] ability: Drizzle|[of] p2a: Pelipper
|turn|7
|inactive|darkvoid13 has 120 seconds left.
|
|t:|1760335144
|move|p1a: Gholdengo|Shadow Ball|p2a: Pelipper
|-damage|p2a: Pelipper|26/100
|move|p2a: Pelipper|Hydro Pump|p1a: Gholdengo
|-damage|p1a: Gholdengo|6/100
|
|-weather|RainDance|[upkeep]
|upkeep
|turn|8
|
|t:|1760335151
|switch|p2a: Overqwil|Overqwil, F, shiny|100/100
|-damage|p2a: Overqwil|88/100|[from] Spikes
|move|p1a: Gholdengo|Shadow Ball|p2a: Overqwil
|-resisted|p2a: Overqwil
|-damage|p2a: Overqwil|55/100
|
|-weather|RainDance|[upkeep]
|upkeep
|turn|9
|
|t:|1760335164
|switch|p1a: Hippowdon|Hippowdon, F|94/100
|-damage|p1a: Hippowdon|88/100|[from] Stealth Rock
|-weather|Sandstorm|[from] ability: Sand Stream|[of] p1a: Hippowdon
|move|p2a: Overqwil|Swords Dance|p2a: Overqwil
|-boost|p2a: Overqwil|atk|2
|
|-weather|Sandstorm|[upkeep]
|-damage|p2a: Overqwil|49/100|[from] Sandstorm
|upkeep
|turn|10
|
|t:|1760335174
|switch|p1a: Skarmory|Skarmory, F|100/100
|-damage|p1a: Skarmory|88/100|[from] Stealth Rock
|move|p2a: Overqwil|Aqua Tail|p1a: Skarmory
|-damage|p1a: Skarmory|38/100
|-damage|p2a: Overqwil|32/100|[from] item: Rocky Helmet|[of] p1a: Skarmory
|-damage|p2a: Overqwil|23/100|[from] item: Life Orb
|
|-weather|Sandstorm|[upkeep]
|-damage|p2a: Overqwil|17/100|[from] Sandstorm
|upkeep
|turn|11
|
|t:|1760335194
|-terastallize|p1a: Skarmory|Dragon
|move|p2a: Overqwil|Crunch|p1a: Skarmory
|-damage|p1a: Skarmory|0 fnt
|-damage|p2a: Overqwil|0 fnt|[from] item: Rocky Helmet|[of] p1a: Skarmory
|faint|p1a: Skarmory
|faint|p2a: Overqwil
|
|-weather|Sandstorm|[upkeep]
|upkeep
|
|t:|1760335207
|switch|p2a: Pelipper|Pelipper, F|26/100
|switch|p1a: Excadrill|Excadrill, M, shiny|100/100
|-damage|p1a: Excadrill|97/100|[from] Stealth Rock
|-item|p1a: Excadrill|Air Balloon
|-weather|RainDance|[from] ability: Drizzle|[of] p2a: Pelipper
|turn|12
|
|t:|1760335217
|switch|p2a: Iron Valiant|Iron Valiant|100/100
|-damage|p2a: Iron Valiant|88/100|[from] Spikes
|move|p1a: Excadrill|Rapid Spin|p2a: Iron Valiant
|-damage|p2a: Iron Valiant|63/100
|-boost|p1a: Excadrill|spe|1
|-sideend|p1: dasdws|Stealth Rock|[from] move: Rapid Spin|[of] p1a: Excadrill
|
|-weather|RainDance|[upkeep]
|upkeep
|turn|13
|
|t:|1760335225
|move|p1a: Excadrill|Iron Head|p2a: Iron Valiant
|-supereffective|p2a: Iron Valiant
|-damage|p2a: Iron Valiant|0 fnt
|faint|p2a: Iron Valiant
|-end|p2a: Iron Valiant|Quark Drive|[silent]
|
|-weather|RainDance|[upkeep]
|upkeep
|-message|darkvoid13 forfeited.
|
|win|dasdws
|raw|dasdws's rating: 1090 &rarr; <strong>1117</strong><br />(+27 for winning)
|raw|darkvoid13's rating: 1095 &rarr; <strong>1070</strong><br />(-25 for losing)
|l|☆darkvoid13
|player|p2|
|l|☆dasdws
|player|p1|
