|j|☆TsekaiAndIncognito
|j|☆vallic
|t:|1760453117
|gametype|singles
|player|p1|TsekaiAndIncognito|hilbert|1368
|player|p2|vallic|102|1340
|gen|9
|tier|[Gen 9] OU
|rated|
|rule|HP Percentage Mod: HP is shown in percentages
|rule|Endless Battle Clause: Forcing endless battles is banned
|rule|Species Clause: Limit one of each Pokémon
|rule|OHKO Clause: OHKO moves are banned
|rule|Evasion Items Clause: Evasion items are banned
|rule|Evasion Moves Clause: Evasion moves are banned
|rule|Evasion Abilities Clause: Evasion abilities are banned
|rule|Sleep Moves Clause: Sleep-inducing moves are banned
|clearpoke
|poke|p1|Heatran, F|
|poke|p1|Raging Bolt|
|poke|p1|Lokix, M|
|poke|p1|Scizor, M|
|poke|p1|Landorus-Therian, M|
|poke|p1|Dragapult, F|
|poke|p2|Carbink, L1|
|poke|p2|Braviary-Hisui, M|
|poke|p2|Ursaluna, M|
|poke|p2|Kingambit, M|
|poke|p2|Iron Hands|
|poke|p2|Hatterene, F|
|teampreview
|inactive|Battle timer is ON: inactive players will automatically lose when time's up. (requested by TsekaiAndIncognito)
|
|t:|1760453129
|teamsize|p1|6
|teamsize|p2|6
|start
|switch|p1a: Scizor|Scizor, M|100/100
|switch|p2a: Carbink|Carbink, L1, shiny|100/100
|turn|1
|
|t:|1760453133
|move|p1a: Scizor|Bullet Punch|p2a: Carbink
|-supereffective|p2a: Carbink
|-ability|p2a: Carbink|Sturdy
|-damage|p2a: Carbink|9/100
|move|p2a: Carbink|Trick Room|p2a: Carbink
|-fieldstart|move: Trick Room|[of] p2a: Carbink
|
|-damage|p2a: Carbink|0 fnt|[from] item: Black Sludge
|faint|p2a: Carbink
|upkeep
|
|t:|1760453141
|switch|p2a: Braviary|Braviary-Hisui, M, shiny|100/100
|turn|2
|
|t:|1760453144
|move|p1a: Scizor|Bullet Punch|p2a: Braviary
|-damage|p2a: Braviary|48/100
|move|p2a: Braviary|Heat Wave|p1a: Scizor
|-supereffective|p1a: Scizor
|-damage|p1a: Scizor|0 fnt
|faint|p1a: Scizor
|
|upkeep
|l|☆TsekaiAndIncognito
|inactive|TsekaiAndIncognito disconnected and has a minute to reconnect!
|player|p1|
|inactive|TsekaiAndIncognito has 30 seconds to reconnect!
|j|☆TsekaiAndIncognito
|inactive|TsekaiAndIncognito reconnected and has 110 seconds left.
|player|p1|TsekaiAndIncognito|hilbert|
|
|t:|1760453189
|switch|p1a: Lokix|Lokix, M, shiny|100/100
|turn|3
|
|t:|1760453197
|switch|p2a: Ursaluna|Ursaluna, M|100/100
|move|p1a: Lokix|Swords Dance|p1a: Lokix
|-boost|p1a: Lokix|atk|2
|
|-status|p2a: Ursaluna|brn|[from] item: Flame Orb
|upkeep
|turn|4
|
|t:|1760453204
|-terastallize|p1a: Lokix|Dark
|move|p1a: Lokix|Sucker Punch|p2a: Ursaluna
|-damage|p2a: Ursaluna|27/100 brn
|move|p2a: Ursaluna|Facade|p1a: Lokix
|-damage|p1a: Lokix|0 fnt
|faint|p1a: Lokix
|
|-damage|p2a: Ursaluna|21/100 brn|[from] brn
|upkeep
|inactive|TsekaiAndIncognito has 120 seconds left.
|
|t:|1760453240
|switch|p1a: Dragapult|Dragapult, F|100/100
|turn|5
|
|t:|1760453244
|switch|p1a: Landorus|Landorus-Therian, M|100/100
|-ability|p1a: Landorus|Intimidate|boost
|-unboost|p2a: Ursaluna|atk|1
|move|p2a: Ursaluna|Crunch|p1a: Landorus
|-damage|p1a: Landorus|62/100
|
|-damage|p2a: Ursaluna|15/100 brn|[from] brn
|-fieldend|move: Trick Room
|upkeep
|turn|6
|
|t:|1760453249
|move|p1a: Landorus|Earthquake|p2a: Ursaluna
|-damage|p2a: Ursaluna|0 fnt
|faint|p2a: Ursaluna
|
|upkeep
|
|t:|1760453256
|switch|p2a: Hatterene|Hatterene, F|100/100
|turn|7
|
|t:|1760453259
|move|p1a: Landorus|Earthquake|p2a: Hatterene
|-damage|p2a: Hatterene|18/100
|move|p2a: Hatterene|Trick Room|p2a: Hatterene
|-fieldstart|move: Trick Room|[of] p2a: Hatterene
|
|upkeep
|turn|8
|
|t:|1760453264
|switch|p2a: Braviary|Braviary-Hisui, M, shiny|48/100
|move|p1a: Landorus|Smack Down|p2a: Braviary
|-supereffective|p2a: Braviary
|-damage|p2a: Braviary|11/100
|-start|p2a: Braviary|Smack Down
|
|upkeep
|turn|9
|
|t:|1760453270
|move|p2a: Braviary|Hurricane|p1a: Landorus|[miss]
|-miss|p2a: Braviary|p1a: Landorus
|move|p1a: Landorus|U-turn|p2a: Braviary
|-damage|p2a: Braviary|0 fnt
|faint|p2a: Braviary
|inactive|TsekaiAndIncognito has 120 seconds left.
|
|t:|1760453295
|switch|p1a: Raging Bolt|Raging Bolt|100/100|[from] U-turn
|
|upkeep
|
|t:|1760453300
|switch|p2a: Iron Hands|Iron Hands|100/100
|-enditem|p2a: Iron Hands|Booster Energy
|-activate|p2a: Iron Hands|ability: Quark Drive|[fromitem]
|-start|p2a: Iron Hands|quarkdriveatk
|turn|10
|inactive|TsekaiAndIncognito has 120 seconds left.
|l|☆TsekaiAndIncognito
|inactive|TsekaiAndIncognito disconnected and has a minute to reconnect!
|player|p1|
|inactive|TsekaiAndIncognito has 30 seconds to reconnect!
|inactive|TsekaiAndIncognito has 20 seconds to reconnect!
|inactive|TsekaiAndIncognito has 15 seconds to reconnect!
|inactive|TsekaiAndIncognito has 10 seconds to reconnect!
|inactive|TsekaiAndIncognito has 5 seconds to reconnect!
|-message|TsekaiAndIncognito lost due to inactivity.
|
|win|vallic
|raw|TsekaiAndIncognito's rating: 1368 &rarr; <strong>1346</strong><br />(-22 for losing)
|raw|vallic's rating: 1340 &rarr; <strong>1362</strong><br />(+22 for winning)
|l|☆vallic
|player|p2|
