|j|☆Blast94
|j|☆777nemesis
|t:|1760379043
|gametype|singles
|player|p1|Blast94|n|1312
|player|p2|777nemesis|wallace|1286
|gen|9
|tier|[Gen 9] OU
|rated|
|rule|HP Percentage Mod: HP is shown in percentages
|rule|Endless Battle Clause: Forcing endless battles is banned
|rule|Species Clause: Limit one of each Pokémon
|rule|OHKO Clause: OHKO moves are banned
|rule|Evasion Items Clause: Evasion items are banned
|rule|Evasion Moves Clause: Evasion moves are banned
|rule|Evasion Abilities Clause: Evasion abilities are banned
|rule|Sleep Moves Clause: Sleep-inducing moves are banned
|clearpoke
|poke|p1|Hitmonlee, M|
|poke|p1|Serperior, F|
|poke|p1|Garganacl, F|
|poke|p1|Ribombee, M|
|poke|p1|Hatterene, F|
|poke|p1|Great Tusk|
|poke|p2|Corviknight, F|
|poke|p2|Torterra, M|
|poke|p2|Iron Moth|
|poke|p2|Primarina, F|
|poke|p2|Kingambit, M|
|poke|p2|Landorus-Therian, M|
|teampreview
|inactive|Battle timer is ON: inactive players will automatically lose when time's up. (requested by 777nemesis)
|
|t:|1760379050
|teamsize|p1|6
|teamsize|p2|6
|start
|switch|p1a: Serperior|Serperior, F|100/100
|switch|p2a: Primarina|Primarina, F, shiny|100/100
|turn|1
|
|t:|1760379059
|switch|p2a: Iron Moth|Iron Moth, shiny|100/100
|-enditem|p2a: Iron Moth|Booster Energy
|-activate|p2a: Iron Moth|ability: Quark Drive|[fromitem]
|-start|p2a: Iron Moth|quarkdrivespe
|move|p1a: Serperior|Leaf Storm|p2a: Iron Moth
|-resisted|p2a: Iron Moth
|-damage|p2a: Iron Moth|88/100
|-boost|p1a: Serperior|spa|2
|
|upkeep
|turn|2
|
|t:|1760379088
|move|p2a: Iron Moth|Substitute|p2a: Iron Moth
|-start|p2a: Iron Moth|Substitute
|-damage|p2a: Iron Moth|63/100
|move|p1a: Serperior|Leaf Storm|p2a: Iron Moth
|-resisted|p2a: Iron Moth
|-activate|p2a: Iron Moth|move: Substitute|[damage]
|-boost|p1a: Serperior|spa|2
|
|upkeep
|turn|3
|
|t:|1760379109
|move|p2a: Iron Moth|Fiery Dance|p1a: Serperior
|-supereffective|p1a: Serperior
|-damage|p1a: Serperior|0 fnt
|faint|p1a: Serperior
|
|upkeep
|
|t:|1760379117
|switch|p1a: Ribombee|Ribombee, M|100/100
|turn|4
|
|t:|1760379120
|move|p2a: Iron Moth|Fiery Dance|p1a: Ribombee
|-supereffective|p1a: Ribombee
|-enditem|p1a: Ribombee|Focus Sash
|-damage|p1a: Ribombee|1/100
|move|p1a: Ribombee|Quiver Dance|p1a: Ribombee
|-boost|p1a: Ribombee|spa|1
|-boost|p1a: Ribombee|spd|1
|-boost|p1a: Ribombee|spe|1
|
|upkeep
|turn|5
|
|t:|1760379130
|move|p1a: Ribombee|Bug Buzz|p2a: Iron Moth
|-resisted|p2a: Iron Moth
|-crit|p2a: Iron Moth
|-damage|p2a: Iron Moth|41/100
|-unboost|p2a: Iron Moth|spd|1
|move|p2a: Iron Moth|Fiery Dance|p1a: Ribombee
|-supereffective|p1a: Ribombee
|-damage|p1a: Ribombee|0 fnt
|faint|p1a: Ribombee
|
|upkeep
|
|t:|1760379137
|switch|p1a: Hatterene|Hatterene, F|100/100
|turn|6
|
|t:|1760379141
|move|p2a: Iron Moth|Sludge Wave|p1a: Hatterene
|-supereffective|p1a: Hatterene
|-damage|p1a: Hatterene|0 fnt
|faint|p1a: Hatterene
|
|upkeep
|
|t:|1760379146
|switch|p1a: Great Tusk|Great Tusk|100/100
|-enditem|p1a: Great Tusk|Booster Energy
|-activate|p1a: Great Tusk|ability: Protosynthesis|[fromitem]
|-start|p1a: Great Tusk|protosynthesisatk
|turn|7
|
|t:|1760379159
|move|p2a: Iron Moth|Fiery Dance|p1a: Great Tusk
|-damage|p1a: Great Tusk|37/100
|move|p1a: Great Tusk|Rapid Spin|p2a: Iron Moth
|-end|p2a: Iron Moth|Substitute
|-boost|p1a: Great Tusk|spe|1
|
|upkeep
|turn|8
|
|t:|1760379167
|move|p2a: Iron Moth|Fiery Dance|p1a: Great Tusk
|-damage|p1a: Great Tusk|0 fnt
|faint|p1a: Great Tusk
|-end|p1a: Great Tusk|Protosynthesis|[silent]
|
|upkeep
|
|t:|1760379170
|switch|p1a: Hitmonlee|Hitmonlee, M|100/100
|turn|9
|
|t:|1760379184
|move|p2a: Iron Moth|Sludge Wave|p1a: Hitmonlee
|-damage|p1a: Hitmonlee|35/100
|move|p1a: Hitmonlee|Knock Off|p2a: Iron Moth
|-damage|p2a: Iron Moth|10/100
|
|upkeep
|turn|10
|
|t:|1760379190
|move|p1a: Hitmonlee|Endure|p1a: Hitmonlee
|-singleturn|p1a: Hitmonlee|move: Endure
|move|p2a: Iron Moth|Sludge Wave|p1a: Hitmonlee
|-activate|p1a: Hitmonlee|move: Endure
|-damage|p1a: Hitmonlee|1/100
|-enditem|p1a: Hitmonlee|Liechi Berry|[eat]
|-boost|p1a: Hitmonlee|atk|1|[from] item: Liechi Berry
|
|upkeep
|turn|11
|
|t:|1760379199
|move|p1a: Hitmonlee|Knock Off|p2a: Iron Moth
|-damage|p2a: Iron Moth|0 fnt
|faint|p2a: Iron Moth
|-end|p2a: Iron Moth|Quark Drive|[silent]
|
|upkeep
|
|t:|1760379204
|switch|p2a: Landorus|Landorus-Therian, M, shiny|100/100
|-ability|p2a: Landorus|Intimidate|boost
|-unboost|p1a: Hitmonlee|atk|1
|turn|12
|
|t:|1760379207
|move|p1a: Hitmonlee|Reversal|p2a: Landorus
|-resisted|p2a: Landorus
|-damage|p2a: Landorus|47/100
|-damage|p1a: Hitmonlee|0 fnt|[from] item: Rocky Helmet|[of] p2a: Landorus
|faint|p1a: Hitmonlee
|move|p2a: Landorus|U-turn|p1: Hitmonlee|[notarget]
|-fail|p2a: Landorus
|
|upkeep
|
|t:|1760379213
|switch|p1a: Garganacl|Garganacl, F|100/100
|turn|13
|inactive|777nemesis has 120 seconds left.
|inactive|777nemesis has 90 seconds left.
|inactive|777nemesis has 60 seconds left.
|inactive|777nemesis has 30 seconds left.
|inactive|777nemesis has 20 seconds left.
|inactive|777nemesis has 15 seconds left.
|inactive|777nemesis has 10 seconds left.
|inactive|777nemesis has 5 seconds left.
|-message|777nemesis lost due to inactivity.
|
|win|Blast94
|raw|Blast94's rating: 1312 &rarr; <strong>1331</strong><br />(+19 for winning)
|raw|777nemesis's rating: 1286 &rarr; <strong>1263</strong><br />(-23 for losing)
|l|☆Blast94
|player|p1|
