|j|☆julianpan
|j|☆never_win_true
|t:|1760333142
|gametype|singles
|player|p1|julianpan|1|1350
|player|p2|never_win_true|unknown|1323
|gen|9
|tier|[Gen 9] OU
|rated|
|rule|HP Percentage Mod: HP is shown in percentages
|rule|Endless Battle Clause: Forcing endless battles is banned
|rule|Species Clause: Limit one of each Pokémon
|rule|OHKO Clause: OHKO moves are banned
|rule|Evasion Items Clause: Evasion items are banned
|rule|Evasion Moves Clause: Evasion moves are banned
|rule|Evasion Abilities Clause: Evasion abilities are banned
|rule|Sleep Moves Clause: Sleep-inducing moves are banned
|clearpoke
|poke|p1|Jolteon, M|
|poke|p1|Slowking-Galar, M|
|poke|p1|Great Tusk|
|poke|p1|Moltres|
|poke|p1|Kingambit, M|
|poke|p1|Hydrapple, M|
|poke|p2|Kingambit, F|
|poke|p2|Hatterene, F|
|poke|p2|Rillaboom, M|
|poke|p2|Raging Bolt|
|poke|p2|Iron Valiant|
|poke|p2|Deoxys-Speed|
|teampreview
|
|t:|1760333183
|teamsize|p1|6
|teamsize|p2|6
|start
|switch|p1a: Hydrapple|Hydrapple, M|100/100
|switch|p2a: Deoxys|Deoxys-Speed|100/100
|-ability|p2a: Deoxys|Pressure
|turn|1
|
|t:|1760333191
|move|p2a: Deoxys|Stealth Rock|p1a: Hydrapple
|-sidestart|p1: julianpan|move: Stealth Rock
|move|p1a: Hydrapple|Fickle Beam|p2a: Deoxys
|-damage|p2a: Deoxys|55/100
|
|upkeep
|turn|2
|
|t:|1760333198
|move|p2a: Deoxys|Psycho Boost|p1a: Hydrapple
|-damage|p1a: Hydrapple|39/100
|-unboost|p2a: Deoxys|spa|2
|move|p1a: Hydrapple|Fickle Beam|p2a: Deoxys|[anim] Fickle Beam All Out
|-activate|p1a: Hydrapple|move: Fickle Beam
|-damage|p2a: Deoxys|0 fnt
|faint|p2a: Deoxys
|
|upkeep
|
|t:|1760333208
|switch|p2a: Rillaboom|Rillaboom, M|100/100
|-fieldstart|move: Grassy Terrain|[from] ability: Grassy Surge|[of] p2a: Rillaboom
|turn|3
|
|t:|1760333221
|switch|p1a: Moltres|Moltres|100/100
|move|p2a: Rillaboom|U-turn|p1a: Moltres
|-resisted|p1a: Moltres
|-damage|p1a: Moltres|96/100
|
|t:|1760333226
|switch|p2a: Raging Bolt|Raging Bolt|100/100|[from] U-turn
|-enditem|p2a: Raging Bolt|Booster Energy
|-activate|p2a: Raging Bolt|ability: Protosynthesis|[fromitem]
|-start|p2a: Raging Bolt|protosynthesisspa
|
|upkeep
|turn|4
|
|t:|1760333249
|move|p1a: Moltres|Roost|p1a: Moltres
|-heal|p1a: Moltres|100/100
|-singleturn|p1a: Moltres|move: Roost
|move|p2a: Raging Bolt|Calm Mind|p2a: Raging Bolt
|-boost|p2a: Raging Bolt|spa|1
|-boost|p2a: Raging Bolt|spd|1
|
|upkeep
|turn|5
|
|t:|1760333258
|switch|p1a: Jolteon|Jolteon, M|100/100
|move|p2a: Raging Bolt|Dragon Pulse|p1a: Jolteon
|-damage|p1a: Jolteon|0 fnt
|faint|p1a: Jolteon
|
|upkeep
|
|t:|1760333270
|switch|p1a: Slowking|Slowking-Galar, M|100/100
|-damage|p1a: Slowking|88/100|[from] Stealth Rock
|turn|6
|
|t:|1760333274
|move|p2a: Raging Bolt|Thunderbolt|p1a: Slowking
|-damage|p1a: Slowking|38/100
|move|p1a: Slowking|Sludge Bomb|p2a: Raging Bolt
|-damage|p2a: Raging Bolt|78/100
|
|-heal|p2a: Raging Bolt|84/100|[from] Grassy Terrain
|-heal|p1a: Slowking|44/100|[from] Grassy Terrain
|upkeep
|turn|7
|
|t:|1760333281
|switch|p1a: Great Tusk|Great Tusk|100/100
|-damage|p1a: Great Tusk|98/100|[from] Stealth Rock
|move|p2a: Raging Bolt|Dragon Pulse|p1a: Great Tusk
|-damage|p1a: Great Tusk|0 fnt
|faint|p1a: Great Tusk
|-end|p1a: Great Tusk|Protosynthesis|[silent]
|
|-heal|p2a: Raging Bolt|90/100|[from] Grassy Terrain
|upkeep
|-message|julianpan forfeited.
|
|win|never_win_true
|raw|julianpan's rating: 1350 &rarr; <strong>1328</strong><br />(-22 for losing)
|raw|never_win_true's rating: 1323 &rarr; <strong>1345</strong><br />(+22 for winning)
|l|☆julianpan
|player|p1|
|l|☆never_win_true
|player|p2|
