|j|☆Hummusgrubbus
|j|‽Shinobi_finest
|t:|1760348886
|gametype|singles
|player|p1|Hummusgrubbus|170|1587
|player|p2|Shinobi_finest|170|1602
|gen|9
|tier|[Gen 9] OU
|rated|
|rule|HP Percentage Mod: HP is shown in percentages
|rule|Endless Battle Clause: Forcing endless battles is banned
|rule|Species Clause: Limit one of each Pokémon
|rule|OHKO Clause: OHKO moves are banned
|rule|Evasion Items Clause: Evasion items are banned
|rule|Evasion Moves Clause: Evasion moves are banned
|rule|Evasion Abilities Clause: Evasion abilities are banned
|rule|Sleep Moves Clause: Sleep-inducing moves are banned
|clearpoke
|poke|p1|Blaziken, M|
|poke|p1|Great Tusk|
|poke|p1|Rillaboom, F|
|poke|p1|Slowking-Galar, M|
|poke|p1|Kyurem|
|poke|p1|Weezing-Galar, M|
|poke|p2|Dragonite, M|
|poke|p2|Zamazenta-*|
|poke|p2|Gholdengo|
|poke|p2|Slowking-Galar, M|
|poke|p2|Landorus-Therian, M|
|poke|p2|Kingambit, M|
|teampreview
|inactive|Battle timer is ON: inactive players will automatically lose when time's up. (requested by Shinobi_finest)
|
|t:|1760348891
|teamsize|p1|6
|teamsize|p2|6
|start
|switch|p1a: Kyurem|Kyurem|100/100
|switch|p2a: Landorus|Landorus-Therian, M|100/100
|-ability|p1a: Kyurem|Pressure
|-ability|p2a: Landorus|Intimidate|boost
|-unboost|p1a: Kyurem|atk|1
|turn|1
|
|t:|1760348901
|switch|p2a: Slowking|Slowking-Galar, M|100/100
|move|p1a: Kyurem|Ice Beam|p2a: Slowking
|-damage|p2a: Slowking|69/100
|
|upkeep
|turn|2
|
|t:|1760348915
|switch|p1a: Rillaboom|Rillaboom, F|100/100
|-fieldstart|move: Grassy Terrain|[from] ability: Grassy Surge|[of] p1a: Rillaboom
|move|p2a: Slowking|Future Sight|p1a: Rillaboom
|-start|p2a: Slowking|move: Future Sight
|
|-heal|p2a: Slowking|75/100|[from] Grassy Terrain
|upkeep
|turn|3
|
|t:|1760348924
|move|p1a: Rillaboom|Knock Off|p2a: Slowking
|-supereffective|p2a: Slowking
|-damage|p2a: Slowking|2/100
|-enditem|p2a: Slowking|Heavy-Duty Boots|[from] move: Knock Off|[of] p1a: Rillaboom
|move|p2a: Slowking|Thunder Wave|p1a: Rillaboom
|-status|p1a: Rillaboom|par
|
|-heal|p2a: Slowking|8/100|[from] Grassy Terrain
|upkeep
|turn|4
|
|t:|1760348934
|move|p1a: Rillaboom|U-turn|p2a: Slowking
|-damage|p2a: Slowking|0 fnt
|faint|p2a: Slowking
|
|t:|1760348937
|switch|p1a: Slowking|Slowking-Galar, M|100/100|[from] U-turn
|
|-end|p1a: Slowking|move: Future Sight
|-damage|p1a: Slowking|73/100
|-heal|p1a: Slowking|79/100|[from] Grassy Terrain
|-heal|p1a: Slowking|85/100|[from] item: Leftovers
|upkeep
|
|t:|1760348946
|switch|p2a: Landorus|Landorus-Therian, M|100/100
|-ability|p2a: Landorus|Intimidate|boost
|-unboost|p1a: Slowking|atk|1
|turn|5
|
|t:|1760348952
|move|p2a: Landorus|Stealth Rock|p1a: Slowking
|-sidestart|p1: Hummusgrubbus|move: Stealth Rock
|-prepare|p1a: Slowking|Chilly Reception|[premajor]
|move|p1a: Slowking|Chilly Reception|p1a: Slowking
|-weather|Snowscape
|
|t:|1760348955
|switch|p1a: Great Tusk|Great Tusk|100/100|[from] Chilly Reception
|-damage|p1a: Great Tusk|98/100|[from] Stealth Rock
|
|-weather|Snowscape|[upkeep]
|-heal|p1a: Great Tusk|100/100|[from] Grassy Terrain
|upkeep
|turn|6
|
|t:|1760348965
|switch|p2a: Gholdengo|Gholdengo|100/100
|-item|p2a: Gholdengo|Air Balloon
|move|p1a: Great Tusk|Knock Off|p2a: Gholdengo
|-supereffective|p2a: Gholdengo
|-damage|p2a: Gholdengo|58/100
|-enditem|p2a: Gholdengo|Air Balloon
|
|-weather|Snowscape|[upkeep]
|-heal|p2a: Gholdengo|64/100|[from] Grassy Terrain
|-fieldend|move: Grassy Terrain
|upkeep
|turn|7
|
|t:|1760348976
|switch|p2a: Landorus|Landorus-Therian, M|100/100
|-ability|p2a: Landorus|Intimidate|boost
|-unboost|p1a: Great Tusk|atk|1
|move|p1a: Great Tusk|Stealth Rock|p2a: Landorus
|-sidestart|p2: Shinobi_finest|move: Stealth Rock
|
|-weather|Snowscape|[upkeep]
|upkeep
|turn|8
|
|t:|1760348991
|move|p2a: Landorus|U-turn|p1a: Great Tusk
|-resisted|p1a: Great Tusk
|-damage|p1a: Great Tusk|96/100
|
|t:|1760348997
|switch|p2a: Gholdengo|Gholdengo|64/100|[from] U-turn
|-damage|p2a: Gholdengo|58/100|[from] Stealth Rock
|move|p1a: Great Tusk|Rapid Spin|p2a: Gholdengo
|-immune|p2a: Gholdengo
|
|-weather|Snowscape|[upkeep]
|-heal|p1a: Great Tusk|100/100|[from] item: Leftovers
|upkeep
|turn|9
|
|t:|1760349009
|-end|p1a: Great Tusk|Protosynthesis|[silent]
|switch|p1a: Slowking|Slowking-Galar, M|100/100
|-damage|p1a: Slowking|88/100|[from] Stealth Rock
|move|p2a: Gholdengo|Make It Rain|p1a: Slowking
|-damage|p1a: Slowking|55/100
|-unboost|p2a: Gholdengo|spa|1
|
|-weather|none
|-heal|p1a: Slowking|61/100|[from] item: Leftovers
|upkeep
|turn|10
|
|t:|1760349027
|switch|p2a: Dragonite|Dragonite, M, shiny|100/100
|move|p1a: Slowking|Future Sight|p2a: Dragonite
|-start|p1a: Slowking|move: Future Sight
|
|-heal|p1a: Slowking|68/100|[from] item: Leftovers
|upkeep
|turn|11
|
|t:|1760349035
|-terastallize|p2a: Dragonite|Fairy
|move|p2a: Dragonite|Dragon Dance|p2a: Dragonite
|-boost|p2a: Dragonite|atk|1
|-boost|p2a: Dragonite|spe|1
|-prepare|p1a: Slowking|Chilly Reception|[premajor]
|move|p1a: Slowking|Chilly Reception|p1a: Slowking
|-weather|Snowscape
|
|t:|1760349042
|switch|p1a: Rillaboom|Rillaboom, F|100/100 par|[from] Chilly Reception
|-damage|p1a: Rillaboom|88/100 par|[from] Stealth Rock
|-fieldstart|move: Grassy Terrain|[from] ability: Grassy Surge|[of] p1a: Rillaboom
|
|-weather|Snowscape|[upkeep]
|-heal|p1a: Rillaboom|94/100 par|[from] Grassy Terrain
|upkeep
|turn|12
|
|t:|1760349054
|switch|p1a: Weezing|Weezing-Galar, M|100/100
|-ability|p1a: Weezing|Neutralizing Gas
|-damage|p1a: Weezing|88/100|[from] Stealth Rock
|move|p2a: Dragonite|Dragon Dance|p2a: Dragonite
|-boost|p2a: Dragonite|atk|1
|-boost|p2a: Dragonite|spe|1
|
|-weather|Snowscape|[upkeep]
|-end|p2a: Dragonite|move: Future Sight
|-damage|p2a: Dragonite|52/100
|-heal|p2a: Dragonite|58/100|[from] Grassy Terrain
|-heal|p1a: Weezing|94/100|[from] Grassy Terrain
|-heal|p1a: Weezing|99/100|[from] item: Leftovers
|upkeep
|turn|13
|
|t:|1760349071
|move|p2a: Dragonite|Roost|p2a: Dragonite
|-heal|p2a: Dragonite|100/100
|move|p1a: Weezing|Toxic|p2a: Dragonite
|-status|p2a: Dragonite|tox
|
|-weather|Snowscape|[upkeep]
|-heal|p1a: Weezing|100/100|[from] Grassy Terrain
|-damage|p2a: Dragonite|94/100 tox|[from] psn
|upkeep
|turn|14
|
|t:|1760349081
|move|p2a: Dragonite|Earthquake|p1a: Weezing
|-supereffective|p1a: Weezing
|-damage|p1a: Weezing|45/100
|move|p1a: Weezing|Haze|p1a: Weezing
|-clearallboost
|
|-weather|Snowscape|[upkeep]
|-heal|p2a: Dragonite|100/100 tox|[from] Grassy Terrain
|-heal|p1a: Weezing|51/100|[from] Grassy Terrain
|-heal|p1a: Weezing|57/100|[from] item: Leftovers
|-damage|p2a: Dragonite|88/100 tox|[from] psn
|upkeep
|turn|15
|
|t:|1760349097
|switch|p2a: Landorus|Landorus-Therian, M|100/100
|-damage|p2a: Landorus|88/100|[from] Stealth Rock
|move|p1a: Weezing|Strange Steam|p2a: Landorus
|-damage|p2a: Landorus|58/100
|
|-weather|none
|-heal|p1a: Weezing|63/100|[from] Grassy Terrain
|-heal|p1a: Weezing|69/100|[from] item: Leftovers
|-fieldend|move: Grassy Terrain
|upkeep
|turn|16
|
|t:|1760349108
|-end|p1a: Weezing|ability: Neutralizing Gas
|-ability|p2a: Landorus|Intimidate|boost
|-unboost|p1a: Weezing|atk|1
|switch|p1a: Rillaboom|Rillaboom, F|94/100 par
|-damage|p1a: Rillaboom|82/100 par|[from] Stealth Rock
|-fieldstart|move: Grassy Terrain|[from] ability: Grassy Surge|[of] p1a: Rillaboom
|move|p2a: Landorus|U-turn|p1a: Rillaboom
|-supereffective|p1a: Rillaboom
|-damage|p1a: Rillaboom|38/100 par
|
|t:|1760349120
|switch|p2a: Dragonite|Dragonite, M, shiny, tera:Fairy|88/100 tox|[from] U-turn
|
|-heal|p2a: Dragonite|94/100 tox|[from] Grassy Terrain
|-heal|p1a: Rillaboom|44/100 par|[from] Grassy Terrain
|-damage|p2a: Dragonite|88/100 tox|[from] psn
|upkeep
|turn|17
|
|t:|1760349128
|move|p2a: Dragonite|Tera Blast|p1a: Rillaboom|[anim] Tera Blast Fairy
|-crit|p1a: Rillaboom
|-damage|p1a: Rillaboom|0 fnt
|faint|p1a: Rillaboom
|
|-heal|p2a: Dragonite|94/100 tox|[from] Grassy Terrain
|-damage|p2a: Dragonite|82/100 tox|[from] psn
|upkeep
|
|t:|1760349147
|switch|p1a: Blaziken|Blaziken, M|100/100
|-damage|p1a: Blaziken|88/100|[from] Stealth Rock
|turn|18
|
|t:|1760349153
|switch|p2a: Landorus|Landorus-Therian, M|58/100
|-damage|p2a: Landorus|46/100|[from] Stealth Rock
|-ability|p2a: Landorus|Intimidate|boost
|-unboost|p1a: Blaziken|atk|1
|move|p1a: Blaziken|Flare Blitz|p2a: Landorus
|-damage|p2a: Landorus|0 fnt
|-damage|p1a: Blaziken|72/100|[from] item: Rocky Helmet|[of] p2a: Landorus
|faint|p2a: Landorus
|-damage|p1a: Blaziken|53/100|[from] Recoil
|-damage|p1a: Blaziken|43/100|[from] item: Life Orb
|
|-heal|p1a: Blaziken|49/100|[from] Grassy Terrain
|-ability|p1a: Blaziken|Speed Boost|boost
|-boost|p1a: Blaziken|spe|1
|upkeep
|j| Brucie92
|inactive|Shinobi_finest has 120 seconds left.
|
|t:|1760349180
|switch|p2a: Dragonite|Dragonite, M, shiny, tera:Fairy|82/100 tox
|turn|19
|
|t:|1760349187
|switch|p1a: Weezing|Weezing-Galar, M|69/100
|-ability|p1a: Weezing|Neutralizing Gas
|-damage|p1a: Weezing|56/100|[from] Stealth Rock
|move|p2a: Dragonite|Earthquake|p1a: Weezing
|-supereffective|p1a: Weezing
|-damage|p1a: Weezing|29/100
|
|-heal|p2a: Dragonite|88/100 tox|[from] Grassy Terrain
|-heal|p1a: Weezing|35/100|[from] Grassy Terrain
|-heal|p1a: Weezing|41/100|[from] item: Leftovers
|-damage|p2a: Dragonite|82/100 tox|[from] psn
|upkeep
|turn|20
|inactive|Shinobi_finest has 120 seconds left.
|
|t:|1760349204
|switch|p2a: Kingambit|Kingambit, M|100/100
|-damage|p2a: Kingambit|94/100|[from] Stealth Rock
|move|p1a: Weezing|Strange Steam|p2a: Kingambit
|-damage|p2a: Kingambit|70/100
|
|-heal|p1a: Weezing|47/100|[from] Grassy Terrain
|-heal|p1a: Weezing|53/100|[from] item: Leftovers
|-heal|p2a: Kingambit|76/100|[from] Grassy Terrain
|-heal|p2a: Kingambit|82/100|[from] item: Leftovers
|-fieldend|move: Grassy Terrain
|upkeep
|turn|21
|inactive|Shinobi_finest has 120 seconds left.
|
|t:|1760349217
|-end|p1a: Weezing|ability: Neutralizing Gas
|-activate|p2a: Kingambit|ability: Supreme Overlord
|-start|p2a: Kingambit|fallen2|[silent]
|switch|p1a: Great Tusk|Great Tusk|100/100
|-damage|p1a: Great Tusk|98/100|[from] Stealth Rock
|move|p2a: Kingambit|Swords Dance|p2a: Kingambit
|-boost|p2a: Kingambit|atk|2
|
|-heal|p1a: Great Tusk|100/100|[from] item: Leftovers
|-heal|p2a: Kingambit|88/100|[from] item: Leftovers
|upkeep
|turn|22
|inactive|Shinobi_finest has 120 seconds left.
|
|t:|1760349235
|move|p1a: Great Tusk|Body Press|p2a: Kingambit
|-supereffective|p2a: Kingambit
|-damage|p2a: Kingambit|0 fnt
|faint|p2a: Kingambit
|-end|p2a: Kingambit|fallen2|[silent]
|
|upkeep
|-message|Shinobi_finest forfeited.
|
|win|Hummusgrubbus
|raw|Hummusgrubbus's rating: 1587 &rarr; <strong>1608</strong><br />(+21 for winning)
|raw|Shinobi_finest's rating: 1602 &rarr; <strong>1581</strong><br />(-21 for losing)
|l|‽Shinobi_finest
|player|p2|
|l|☆Hummusgrubbus
|player|p1|
|l| Brucie92
