|badge|p1|bronze|gen9ou|100-7
|uhtml|medal-msg|<div class="broadcast-blue">Curious what those medals under the avatar are? PS now has Ladder Seasons! For more information, check out the <a href="https://www.smogon.com/forums/threads/3740067/">thread on Smogon.</a></div>
|j|☆MooFarmer
|j|☆RoddyJ
|t:|1760317005
|gametype|singles
|player|p1|MooFarmer|2|1820
|player|p2|RoddyJ|ethan|1859
|gen|9
|tier|[Gen 9] OU
|rated|
|rule|HP Percentage Mod: HP is shown in percentages
|rule|Endless Battle Clause: Forcing endless battles is banned
|rule|Species Clause: Limit one of each Pokémon
|rule|OHKO Clause: OHKO moves are banned
|rule|Evasion Items Clause: Evasion items are banned
|rule|Evasion Moves Clause: Evasion moves are banned
|rule|Evasion Abilities Clause: Evasion abilities are banned
|rule|Sleep Moves Clause: Sleep-inducing moves are banned
|clearpoke
|poke|p1|Kyurem|
|poke|p1|Corviknight, F|
|poke|p1|Ting-Lu|
|poke|p1|Dondozo, M|
|poke|p1|Slowking-Galar, L99, F|
|poke|p1|Cinderace, M|
|poke|p2|Kyurem|
|poke|p2|Mew|
|poke|p2|Dragapult, F|
|poke|p2|Weezing-Galar, M|
|poke|p2|Muk-Alola, M|
|poke|p2|Iron Moth|
|teampreview
|j| Capitaine Tenace
|c| Capitaine Tenace|come on roddy
|c| Capitaine Tenace|u can do it
|inactive|Battle timer is ON: inactive players will automatically lose when time's up. (requested by MooFarmer)
|j| FaronAan
|inactive|RoddyJ has 120 seconds left.
|inactive|RoddyJ has 90 seconds left.
|j| Nikator98
|
|t:|1760317119
|teamsize|p1|6
|teamsize|p2|6
|start
|switch|p1a: Slowking|Slowking-Galar, L99, F|100/100
|switch|p2a: Muk|Muk-Alola, M, shiny|100/100
|turn|1
|c|☆RoddyJ|sorry
|inactive|MooFarmer has 120 seconds left.
|j| OP Earthquakes
|
|t:|1760317165
|switch|p1a: Ting-Lu|Ting-Lu|100/100
|-ability|p1a: Ting-Lu|Vessel of Ruin
|move|p2a: Muk|Knock Off|p1a: Ting-Lu
|-resisted|p1a: Ting-Lu
|-damage|p1a: Ting-Lu|86/100
|-enditem|p1a: Ting-Lu|Leftovers|[from] move: Knock Off|[of] p2a: Muk
|
|upkeep
|turn|2
|inactive|MooFarmer has 90 seconds left.
|
|t:|1760317213
|switch|p2a: Weezing|Weezing-Galar, M, shiny|100/100
|move|p1a: Ting-Lu|Earthquake|p2a: Weezing
|-immune|p2a: Weezing|[from] ability: Levitate
|
|upkeep
|turn|3
|inactive|MooFarmer has 60 seconds left.
|
|t:|1760317260
|switch|p1a: Slowking|Slowking-Galar, L99, F|100/100
|move|p2a: Weezing|Will-O-Wisp|p1a: Slowking
|-status|p1a: Slowking|brn
|
|-damage|p1a: Slowking|94/100 brn|[from] brn
|upkeep
|turn|4
|
|t:|1760317269
|switch|p2a: Muk|Muk-Alola, M, shiny|100/100
|move|p1a: Slowking|Future Sight|p2a: Muk
|-start|p1a: Slowking|move: Future Sight
|
|-damage|p1a: Slowking|88/100 brn|[from] brn
|upkeep
|turn|5
|
|t:|1760317278
|switch|p1a: Ting-Lu|Ting-Lu|86/100
|-ability|p1a: Ting-Lu|Vessel of Ruin
|move|p2a: Muk|Knock Off|p1a: Ting-Lu
|-resisted|p1a: Ting-Lu
|-damage|p1a: Ting-Lu|78/100
|
|upkeep
|turn|6
|
|t:|1760317287
|move|p2a: Muk|Poison Jab|p1a: Ting-Lu
|-resisted|p1a: Ting-Lu
|-damage|p1a: Ting-Lu|67/100
|move|p1a: Ting-Lu|Earthquake|p2a: Muk
|-supereffective|p2a: Muk
|-damage|p2a: Muk|23/100
|
|-end|p2a: Muk|move: Future Sight
|-immune|p2a: Muk
|upkeep
|turn|7
|
|t:|1760317297
|move|p2a: Muk|Poison Jab|p1a: Ting-Lu
|-resisted|p1a: Ting-Lu
|-damage|p1a: Ting-Lu|56/100
|-status|p1a: Ting-Lu|psn
|move|p1a: Ting-Lu|Earthquake|p2a: Muk
|-supereffective|p2a: Muk
|-damage|p2a: Muk|0 fnt
|faint|p2a: Muk
|
|-damage|p1a: Ting-Lu|44/100 psn|[from] psn
|upkeep
|j| KappaHalo
|
|t:|1760317304
|switch|p2a: Kyurem|Kyurem, shiny|100/100
|-ability|p2a: Kyurem|Pressure
|turn|8
|inactive|MooFarmer has 60 seconds left.
|
|t:|1760317312
|move|p2a: Kyurem|Ice Beam|p1a: Ting-Lu
|-supereffective|p1a: Ting-Lu
|-damage|p1a: Ting-Lu|0 fnt
|faint|p1a: Ting-Lu
|
|upkeep
|inactive|MooFarmer has 60 seconds left.
|
|t:|1760317321
|switch|p1a: Slowking|Slowking-Galar, L99, F|100/100 brn
|turn|9
|
|t:|1760317329
|move|p2a: Kyurem|Ice Beam|p1a: Slowking
|-damage|p1a: Slowking|66/100 brn
|move|p1a: Slowking|Toxic|p2a: Kyurem
|-status|p2a: Kyurem|tox
|
|-damage|p2a: Kyurem|94/100 tox|[from] psn
|-damage|p1a: Slowking|60/100 brn|[from] brn
|upkeep
|turn|10
|
|t:|1760317338
|move|p2a: Kyurem|Ice Beam|p1a: Slowking
|-damage|p1a: Slowking|29/100 brn
|-prepare|p1a: Slowking|Chilly Reception|[premajor]
|move|p1a: Slowking|Chilly Reception|p1a: Slowking
|-weather|Snowscape
|
|t:|1760317347
|switch|p1a: Kyurem|Kyurem|100/100|[from] Chilly Reception
|-ability|p1a: Kyurem|Pressure
|
|-weather|Snowscape|[upkeep]
|-damage|p2a: Kyurem|82/100 tox|[from] psn
|upkeep
|turn|11
|
|t:|1760317356
|move|p2a: Kyurem|Draco Meteor|p1a: Kyurem
|-supereffective|p1a: Kyurem
|-damage|p1a: Kyurem|0 fnt
|-unboost|p2a: Kyurem|spa|2
|faint|p1a: Kyurem
|
|-weather|Snowscape|[upkeep]
|-damage|p2a: Kyurem|64/100 tox|[from] psn
|upkeep
|
|t:|1760317364
|switch|p1a: Slowking|Slowking-Galar, L99, F|63/100 brn
|turn|12
|
|t:|1760317373
|switch|p2a: Dragapult|Dragapult, F, shiny|100/100
|move|p1a: Slowking|Future Sight|p2a: Dragapult
|-start|p1a: Slowking|move: Future Sight
|
|-weather|Snowscape|[upkeep]
|-damage|p1a: Slowking|56/100 brn|[from] brn
|upkeep
|turn|13
|
|t:|1760317381
|switch|p1a: Dondozo|Dondozo, M|100/100
|move|p2a: Dragapult|U-turn|p1a: Dondozo
|-damage|p1a: Dondozo|83/100
|
|t:|1760317389
|switch|p2a: Mew|Mew, shiny|100/100|[from] U-turn
|
|-weather|Snowscape|[upkeep]
|-heal|p1a: Dondozo|89/100|[from] item: Leftovers
|upkeep
|turn|14
|j| Justindrag
|inactive|MooFarmer has 90 seconds left.
|inactive|MooFarmer has 60 seconds left.
|
|t:|1760317435
|switch|p1a: Slowking|Slowking-Galar, L99, F|90/100 brn
|move|p2a: Mew|Dragon Dance|p2a: Mew
|-boost|p2a: Mew|atk|1
|-boost|p2a: Mew|spe|1
|
|-weather|none
|-end|p2a: Mew|move: Future Sight
|-resisted|p2a: Mew
|-damage|p2a: Mew|79/100
|-damage|p1a: Slowking|84/100 brn|[from] brn
|upkeep
|turn|15
|inactive|MooFarmer has 60 seconds left.
|inactive|MooFarmer has 30 seconds left.
|inactive|MooFarmer has 20 seconds left.
|
|t:|1760317480
|move|p2a: Mew|Earthquake|p1a: Slowking
|-supereffective|p1a: Slowking
|-damage|p1a: Slowking|0 fnt
|faint|p1a: Slowking
|
|upkeep
|inactive|MooFarmer has 25 seconds left this turn.
|inactive|MooFarmer has 20 seconds left.
|
|t:|1760317489
|switch|p1a: Corviknight|Corviknight, F|100/100
|-ability|p1a: Corviknight|Pressure
|turn|16
|inactive|MooFarmer has 30 seconds left this turn.
|
|t:|1760317497
|move|p2a: Mew|Icicle Spear|p1a: Corviknight
|-damage|p1a: Corviknight|93/100
|-damage|p1a: Corviknight|85/100
|-damage|p1a: Corviknight|78/100
|-damage|p1a: Corviknight|70/100
|-damage|p1a: Corviknight|63/100
|-hitcount|p1a: Corviknight|5
|move|p1a: Corviknight|Brave Bird|p2a: Mew
|-damage|p2a: Mew|45/100
|-damage|p1a: Corviknight|53/100|[from] Recoil
|
|upkeep
|turn|17
|inactive|MooFarmer has 30 seconds left.
|
|t:|1760317506
|move|p2a: Mew|Dragon Dance|p2a: Mew
|-boost|p2a: Mew|atk|1
|-boost|p2a: Mew|spe|1
|move|p1a: Corviknight|Roost|p1a: Corviknight
|-heal|p1a: Corviknight|100/100
|-singleturn|p1a: Corviknight|move: Roost
|
|upkeep
|turn|18
|
|t:|1760317514
|move|p2a: Mew|Icicle Spear|p1a: Corviknight
|-damage|p1a: Corviknight|91/100
|-damage|p1a: Corviknight|81/100
|-damage|p1a: Corviknight|70/100
|-damage|p1a: Corviknight|61/100
|-damage|p1a: Corviknight|51/100
|-hitcount|p1a: Corviknight|5
|move|p1a: Corviknight|Brave Bird|p2a: Mew
|-damage|p2a: Mew|8/100
|-damage|p1a: Corviknight|41/100|[from] Recoil
|
|upkeep
|turn|19
|
|t:|1760317523
|move|p2a: Mew|Icicle Spear|p1a: Corviknight
|-damage|p1a: Corviknight|31/100
|-damage|p1a: Corviknight|21/100
|-damage|p1a: Corviknight|11/100
|-damage|p1a: Corviknight|2/100
|-hitcount|p1a: Corviknight|4
|move|p1a: Corviknight|Roost|p1a: Corviknight
|-heal|p1a: Corviknight|52/100
|-singleturn|p1a: Corviknight|move: Roost
|
|upkeep
|turn|20
|
|t:|1760317532
|move|p2a: Mew|Icicle Spear|p1a: Corviknight
|-damage|p1a: Corviknight|42/100
|-damage|p1a: Corviknight|33/100
|-damage|p1a: Corviknight|23/100
|-damage|p1a: Corviknight|14/100
|-hitcount|p1a: Corviknight|4
|move|p1a: Corviknight|Roost|p1a: Corviknight
|-heal|p1a: Corviknight|64/100
|-singleturn|p1a: Corviknight|move: Roost
|
|upkeep
|turn|21
|
|t:|1760317540
|move|p2a: Mew|Icicle Spear|p1a: Corviknight
|-damage|p1a: Corviknight|55/100
|-damage|p1a: Corviknight|45/100
|-damage|p1a: Corviknight|36/100
|-damage|p1a: Corviknight|26/100
|-damage|p1a: Corviknight|16/100
|-hitcount|p1a: Corviknight|5
|move|p1a: Corviknight|Roost|p1a: Corviknight
|-heal|p1a: Corviknight|66/100
|-singleturn|p1a: Corviknight|move: Roost
|
|upkeep
|turn|22
|
|t:|1760317553
|move|p2a: Mew|Icicle Spear|p1a: Corviknight
|-damage|p1a: Corviknight|56/100
|-damage|p1a: Corviknight|46/100
|-damage|p1a: Corviknight|35/100
|-crit|p1a: Corviknight
|-damage|p1a: Corviknight|20/100
|-damage|p1a: Corviknight|11/100
|-hitcount|p1a: Corviknight|5
|move|p1a: Corviknight|Roost|p1a: Corviknight
|-heal|p1a: Corviknight|61/100
|-singleturn|p1a: Corviknight|move: Roost
|
|upkeep
|turn|23
|inactive|MooFarmer has 60 seconds left.
|
|t:|1760317562
|move|p2a: Mew|Icicle Spear|p1a: Corviknight
|-damage|p1a: Corviknight|52/100
|-damage|p1a: Corviknight|42/100
|-damage|p1a: Corviknight|33/100
|-damage|p1a: Corviknight|23/100
|-hitcount|p1a: Corviknight|4
|move|p1a: Corviknight|Roost|p1a: Corviknight
|-heal|p1a: Corviknight|73/100
|-singleturn|p1a: Corviknight|move: Roost
|
|upkeep
|turn|24
|
|t:|1760317570
|move|p2a: Mew|Icicle Spear|p1a: Corviknight
|-damage|p1a: Corviknight|63/100
|-crit|p1a: Corviknight
|-damage|p1a: Corviknight|50/100
|-damage|p1a: Corviknight|40/100
|-damage|p1a: Corviknight|31/100
|-damage|p1a: Corviknight|21/100
|-hitcount|p1a: Corviknight|5
|move|p1a: Corviknight|Brave Bird|p2a: Mew
|-damage|p2a: Mew|0 fnt
|faint|p2a: Mew
|-damage|p1a: Corviknight|19/100|[from] Recoil
|
|upkeep
|
|t:|1760317579
|switch|p2a: Dragapult|Dragapult, F, shiny|100/100
|turn|25
|
|t:|1760317587
|switch|p1a: Dondozo|Dondozo, M|89/100
|-terastallize|p2a: Dragapult|Dragon
|move|p2a: Dragapult|Dragon Darts|p1a: Dondozo
|-damage|p1a: Dondozo|66/100
|-anim|p2a: Dragapult|Dragon Darts|p1a: Dondozo
|-damage|p1a: Dondozo|42/100
|
|-heal|p1a: Dondozo|48/100|[from] item: Leftovers
|upkeep
|turn|26
|
|t:|1760317597
|move|p2a: Dragapult|Dragon Darts|p1a: Dondozo
|-damage|p1a: Dondozo|22/100
|-anim|p2a: Dragapult|Dragon Darts|p1a: Dondozo
|-damage|p1a: Dondozo|0 fnt
|faint|p1a: Dondozo
|
|upkeep
|
|t:|1760317605
|switch|p1a: Cinderace|Cinderace, M|100/100
|turn|27
|
|t:|1760317612
|move|p2a: Dragapult|Dragon Darts|p1a: Cinderace
|-damage|p1a: Cinderace|39/100
|-anim|p2a: Dragapult|Dragon Darts|p1a: Cinderace
|-damage|p1a: Cinderace|0 fnt
|faint|p1a: Cinderace
|
|upkeep
|
|t:|1760317617
|switch|p1a: Corviknight|Corviknight, F|19/100
|-ability|p1a: Corviknight|Pressure
|turn|28
|
|t:|1760317620
|move|p2a: Dragapult|Dragon Darts|p1a: Corviknight
|-resisted|p1a: Corviknight
|-damage|p1a: Corviknight|2/100
|-anim|p2a: Dragapult|Dragon Darts|p1a: Corviknight
|-resisted|p1a: Corviknight
|-damage|p1a: Corviknight|0 fnt
|faint|p1a: Corviknight
|
|win|RoddyJ
|raw|MooFarmer's rating: 1820 &rarr; <strong>1802</strong><br />(-18 for losing)
|raw|RoddyJ's rating: 1859 &rarr; <strong>1877</strong><br />(+18 for winning)
|l| Justindrag
|l|☆MooFarmer
|player|p1|
|l|☆RoddyJ
|player|p2|
|l| OP Earthquakes
|l| KappaHalo
|l| Nikator98
