|j|☆drop a baby
|j|☆SillyScallop
|t:|1760391784
|gametype|singles
|player|p1|drop a baby|chase|1641
|player|p2|SillyScallop|maid|1595
|gen|9
|tier|[Gen 9] OU
|rated|
|rule|HP Percentage Mod: HP is shown in percentages
|rule|Endless Battle Clause: Forcing endless battles is banned
|rule|Species Clause: Limit one of each Pokémon
|rule|OHKO Clause: OHKO moves are banned
|rule|Evasion Items Clause: Evasion items are banned
|rule|Evasion Moves Clause: Evasion moves are banned
|rule|Evasion Abilities Clause: Evasion abilities are banned
|rule|Sleep Moves Clause: Sleep-inducing moves are banned
|clearpoke
|poke|p1|Typhlosion-Hisui, M|
|poke|p1|Hatterene, F|
|poke|p1|Walking Wake|
|poke|p1|Ninetales, M|
|poke|p1|Great Tusk|
|poke|p1|Kingambit, M|
|poke|p2|Hydreigon, F|
|poke|p2|Jirachi|
|poke|p2|Alomomola, F|
|poke|p2|Cinderace, M|
|poke|p2|Great Tusk|
|poke|p2|Rillaboom, M|
|teampreview
|inactive|Battle timer is ON: inactive players will automatically lose when time's up. (requested by drop a baby)
|c|☆drop a baby|Hf big bro
|
|t:|1760391798
|teamsize|p1|6
|teamsize|p2|6
|start
|switch|p1a: Ninetales|Ninetales, M|100/100
|switch|p2a: Alomomola|Alomomola, F|100/100
|-weather|SunnyDay|[from] ability: Drought|[of] p1a: Ninetales
|turn|1
|
|t:|1760391805
|switch|p1a: Hatterene|Hatterene, F|100/100
|move|p2a: Alomomola|Flip Turn|p1a: Hatterene
|-damage|p1a: Hatterene|94/100
|-enditem|p1a: Hatterene|Eject Button
|
|t:|1760391822
|switch|p1a: Typhlosion|Typhlosion-Hisui, M|100/100
|-item|p2a: Alomomola|Assault Vest|[from] ability: Frisk|[of] p1a: Typhlosion
|
|-weather|SunnyDay|[upkeep]
|upkeep
|turn|2
|inactive|SillyScallop has 120 seconds left.
|
|t:|1760391859
|move|p1a: Typhlosion|Eruption|p2a: Alomomola
|-resisted|p2a: Alomomola
|-damage|p2a: Alomomola|59/100
|move|p2a: Alomomola|Mirror Coat|p1a: Typhlosion
|-damage|p1a: Typhlosion|0 fnt
|faint|p1a: Typhlosion
|
|-weather|SunnyDay|[upkeep]
|upkeep
|
|t:|1760391866
|switch|p1a: Kingambit|Kingambit, M|100/100
|-activate|p1a: Kingambit|ability: Supreme Overlord
|-start|p1a: Kingambit|fallen1|[silent]
|turn|3
|
|t:|1760391870
|-end|p1a: Kingambit|fallen1|[silent]
|switch|p1a: Walking Wake|Walking Wake|100/100
|-activate|p1a: Walking Wake|ability: Protosynthesis
|-start|p1a: Walking Wake|protosynthesisspe
|switch|p2a: Great Tusk|Great Tusk|100/100
|-activate|p2a: Great Tusk|ability: Protosynthesis
|-start|p2a: Great Tusk|protosynthesisspe
|
|-weather|SunnyDay|[upkeep]
|upkeep
|turn|4
|
|t:|1760391875
|-end|p2a: Great Tusk|Protosynthesis|[silent]
|switch|p2a: Rillaboom|Rillaboom, M|100/100
|-fieldstart|move: Grassy Terrain|[from] ability: Grassy Surge|[of] p2a: Rillaboom
|move|p1a: Walking Wake|Draco Meteor|p2a: Rillaboom|[miss]
|-miss|p1a: Walking Wake|p2a: Rillaboom
|
|-weather|SunnyDay|[upkeep]
|upkeep
|turn|5
|
|t:|1760391879
|move|p1a: Walking Wake|Draco Meteor|p2a: Rillaboom
|-damage|p2a: Rillaboom|0 fnt
|-unboost|p1a: Walking Wake|spa|2
|faint|p2a: Rillaboom
|
|-weather|SunnyDay|[upkeep]
|upkeep
|
|t:|1760391883
|switch|p2a: Alomomola|Alomomola, F|92/100
|turn|6
|
|t:|1760391886
|-end|p1a: Walking Wake|Protosynthesis|[silent]
|switch|p1a: Hatterene|Hatterene, F|94/100
|move|p2a: Alomomola|Flip Turn|p1a: Hatterene
|-damage|p1a: Hatterene|87/100
|
|t:|1760391889
|switch|p2a: Hydreigon|Hydreigon, F, shiny|100/100|[from] Flip Turn
|
|-weather|SunnyDay|[upkeep]
|-heal|p1a: Hatterene|93/100|[from] Grassy Terrain
|upkeep
|turn|7
|
|t:|1760391895
|switch|p1a: Walking Wake|Walking Wake|100/100
|-activate|p1a: Walking Wake|ability: Protosynthesis
|-start|p1a: Walking Wake|protosynthesisspe
|move|p2a: Hydreigon|Flash Cannon|p1a: Walking Wake
|-resisted|p1a: Walking Wake
|-damage|p1a: Walking Wake|77/100
|
|-weather|SunnyDay|[upkeep]
|-heal|p1a: Walking Wake|83/100|[from] Grassy Terrain
|upkeep
|turn|8
|
|t:|1760391901
|-end|p1a: Walking Wake|Protosynthesis|[silent]
|switch|p1a: Kingambit|Kingambit, M|100/100
|-activate|p1a: Kingambit|ability: Supreme Overlord
|-start|p1a: Kingambit|fallen1|[silent]
|switch|p2a: Alomomola|Alomomola, F|100/100
|
|-weather|none
|-fieldend|move: Grassy Terrain
|upkeep
|turn|9
|
|t:|1760391904
|move|p1a: Kingambit|Kowtow Cleave|p2a: Alomomola
|-damage|p2a: Alomomola|60/100
|move|p2a: Alomomola|Flip Turn|p1a: Kingambit
|-damage|p1a: Kingambit|87/100
|
|t:|1760391908
|switch|p2a: Cinderace|Cinderace, M|100/100|[from] Flip Turn
|
|upkeep
|turn|10
|
|t:|1760391911
|-end|p1a: Kingambit|fallen1|[silent]
|switch|p1a: Great Tusk|Great Tusk|100/100
|move|p2a: Cinderace|U-turn|p1a: Great Tusk
|-resisted|p1a: Great Tusk
|-damage|p1a: Great Tusk|94/100
|-damage|p2a: Cinderace|84/100|[from] item: Rocky Helmet|[of] p1a: Great Tusk
|
|t:|1760391915
|switch|p2a: Hydreigon|Hydreigon, F, shiny|100/100|[from] U-turn
|
|upkeep
|turn|11
|
|t:|1760391918
|-end|p1a: Great Tusk|Protosynthesis|[silent]
|switch|p1a: Ninetales|Ninetales, M|100/100
|-weather|SunnyDay|[from] ability: Drought|[of] p1a: Ninetales
|move|p2a: Hydreigon|Draco Meteor|p1a: Ninetales
|-damage|p1a: Ninetales|6/100
|-unboost|p2a: Hydreigon|spa|2
|
|-weather|SunnyDay|[upkeep]
|upkeep
|turn|12
|
|t:|1760391925
|switch|p1a: Great Tusk|Great Tusk|94/100
|-activate|p1a: Great Tusk|ability: Protosynthesis
|-start|p1a: Great Tusk|protosynthesisspe
|switch|p2a: Alomomola|Alomomola, F|93/100
|
|-weather|SunnyDay|[upkeep]
|upkeep
|turn|13
|
|t:|1760391928
|move|p1a: Great Tusk|Stealth Rock|p2a: Alomomola
|-sidestart|p2: SillyScallop|move: Stealth Rock
|move|p2a: Alomomola|Flip Turn|p1a: Great Tusk
|-supereffective|p1a: Great Tusk
|-damage|p1a: Great Tusk|85/100
|-damage|p2a: Alomomola|76/100|[from] item: Rocky Helmet|[of] p1a: Great Tusk
|
|t:|1760391933
|switch|p2a: Great Tusk|Great Tusk|100/100|[from] Flip Turn
|-damage|p2a: Great Tusk|98/100|[from] Stealth Rock
|-activate|p2a: Great Tusk|ability: Protosynthesis
|-start|p2a: Great Tusk|protosynthesisspe
|
|-weather|SunnyDay|[upkeep]
|-heal|p2a: Great Tusk|100/100|[from] item: Leftovers
|upkeep
|turn|14
|
|t:|1760391936
|move|p1a: Great Tusk|Ice Spinner|p2a: Great Tusk
|-supereffective|p2a: Great Tusk
|-damage|p2a: Great Tusk|71/100
|move|p2a: Great Tusk|Rapid Spin|p1a: Great Tusk
|-damage|p1a: Great Tusk|76/100
|-boost|p2a: Great Tusk|spe|1
|-damage|p2a: Great Tusk|54/100|[from] item: Rocky Helmet|[of] p1a: Great Tusk
|-sideend|p2: SillyScallop|Stealth Rock|[from] move: Rapid Spin|[of] p2a: Great Tusk
|
|-weather|SunnyDay|[upkeep]
|-heal|p2a: Great Tusk|60/100|[from] item: Leftovers
|upkeep
|turn|15
|
|t:|1760391940
|move|p2a: Great Tusk|Bulk Up|p2a: Great Tusk
|-boost|p2a: Great Tusk|atk|1
|-boost|p2a: Great Tusk|def|1
|move|p1a: Great Tusk|Ice Spinner|p2a: Great Tusk
|-supereffective|p2a: Great Tusk
|-damage|p2a: Great Tusk|40/100
|
|-weather|SunnyDay|[upkeep]
|-heal|p2a: Great Tusk|46/100|[from] item: Leftovers
|upkeep
|turn|16
|
|t:|1760391948
|move|p2a: Great Tusk|Bulk Up|p2a: Great Tusk
|-boost|p2a: Great Tusk|atk|1
|-boost|p2a: Great Tusk|def|1
|move|p1a: Great Tusk|Rapid Spin|p2a: Great Tusk
|-damage|p2a: Great Tusk|42/100
|-boost|p1a: Great Tusk|spe|1
|
|-weather|SunnyDay|[upkeep]
|-heal|p2a: Great Tusk|48/100|[from] item: Leftovers
|upkeep
|turn|17
|
|t:|1760391951
|move|p2a: Great Tusk|Ice Spinner|p1a: Great Tusk
|-supereffective|p1a: Great Tusk
|-damage|p1a: Great Tusk|17/100
|-damage|p2a: Great Tusk|31/100|[from] item: Rocky Helmet|[of] p1a: Great Tusk
|move|p1a: Great Tusk|Ice Spinner|p2a: Great Tusk
|-supereffective|p2a: Great Tusk
|-damage|p2a: Great Tusk|17/100
|
|-weather|SunnyDay|[upkeep]
|-heal|p2a: Great Tusk|23/100|[from] item: Leftovers
|upkeep
|turn|18
|
|t:|1760391957
|move|p1a: Great Tusk|Headlong Rush|p2a: Great Tusk
|-damage|p2a: Great Tusk|7/100
|-unboost|p1a: Great Tusk|def|1
|-unboost|p1a: Great Tusk|spd|1
|move|p2a: Great Tusk|Rapid Spin|p1a: Great Tusk
|-damage|p1a: Great Tusk|0 fnt
|-boost|p2a: Great Tusk|spe|1
|-damage|p2a: Great Tusk|0 fnt|[from] item: Rocky Helmet|[of] p1a: Great Tusk
|faint|p1a: Great Tusk
|-end|p1a: Great Tusk|Protosynthesis|[silent]
|faint|p2a: Great Tusk
|-end|p2a: Great Tusk|Protosynthesis|[silent]
|
|-weather|none
|upkeep
|
|t:|1760391970
|switch|p2a: Jirachi|Jirachi|100/100
|switch|p1a: Ninetales|Ninetales, M|6/100
|-weather|SunnyDay|[from] ability: Drought|[of] p1a: Ninetales
|turn|19
|
|t:|1760391974
|switch|p1a: Walking Wake|Walking Wake|83/100
|-activate|p1a: Walking Wake|ability: Protosynthesis
|-start|p1a: Walking Wake|protosynthesisspe
|move|p2a: Jirachi|Psychic Noise|p1a: Walking Wake
|-damage|p1a: Walking Wake|44/100
|-start|p1a: Walking Wake|move: Heal Block
|
|-weather|SunnyDay|[upkeep]
|upkeep
|turn|20
|
|t:|1760391980
|move|p1a: Walking Wake|Draco Meteor|p2a: Jirachi
|-resisted|p2a: Jirachi
|-damage|p2a: Jirachi|51/100
|-unboost|p1a: Walking Wake|spa|2
|move|p2a: Jirachi|Thunder Wave|p1a: Walking Wake
|-status|p1a: Walking Wake|par
|
|-weather|SunnyDay|[upkeep]
|-end|p1a: Walking Wake|move: Heal Block
|upkeep
|turn|21
|
|t:|1760391986
|-end|p1a: Walking Wake|Protosynthesis|[silent]
|switch|p1a: Hatterene|Hatterene, F|93/100
|move|p2a: Jirachi|Doom Desire|p1a: Hatterene
|-start|p2a: Jirachi|Doom Desire
|
|-weather|SunnyDay|[upkeep]
|upkeep
|turn|22
|
|t:|1760391992
|switch|p2a: Alomomola|Alomomola, F|100/100
|move|p1a: Hatterene|Healing Wish|p1a: Hatterene
|faint|p1a: Hatterene
|
|-weather|SunnyDay|[upkeep]
|upkeep
|
|t:|1760391995
|switch|p1a: Walking Wake|Walking Wake|44/100 par
|-heal|p1a: Walking Wake|100/100|[from] move: Healing Wish
|-activate|p1a: Walking Wake|ability: Protosynthesis
|-start|p1a: Walking Wake|protosynthesisspe
|turn|23
|
|t:|1760391997
|move|p1a: Walking Wake|Draco Meteor|p2a: Alomomola
|-damage|p2a: Alomomola|42/100
|-unboost|p1a: Walking Wake|spa|2
|move|p2a: Alomomola|Mirror Coat|p1a: Walking Wake
|-damage|p1a: Walking Wake|0 fnt
|faint|p1a: Walking Wake
|-end|p1a: Walking Wake|Protosynthesis|[silent]
|
|-weather|SunnyDay|[upkeep]
|-hint|Doom Desire did not hit because the target is fainted.
|upkeep
|
|t:|1760392000
|switch|p1a: Kingambit|Kingambit, M|87/100
|-activate|p1a: Kingambit|ability: Supreme Overlord
|-start|p1a: Kingambit|fallen4|[silent]
|turn|24
|
|t:|1760392009
|switch|p2a: Jirachi|Jirachi|51/100
|move|p1a: Kingambit|Iron Head|p2a: Jirachi
|-resisted|p2a: Jirachi
|-damage|p2a: Jirachi|16/100
|
|-weather|SunnyDay|[upkeep]
|upkeep
|turn|25
|
|t:|1760392013
|-end|p1a: Kingambit|fallen4|[silent]
|switch|p1a: Ninetales|Ninetales, M|6/100
|move|p2a: Jirachi|Encore||[still]
|-fail|p2a: Jirachi
|
|-weather|SunnyDay|[upkeep]
|upkeep
|turn|26
|
|t:|1760392018
|move|p1a: Ninetales|Weather Ball|p2a: Jirachi
|-supereffective|p2a: Jirachi
|-damage|p2a: Jirachi|0 fnt
|faint|p2a: Jirachi
|
|-weather|none
|upkeep
|
|t:|1760392021
|switch|p2a: Cinderace|Cinderace, M|84/100
|turn|27
|
|t:|1760392024
|move|p2a: Cinderace|Pyro Ball|p1a: Ninetales
|-resisted|p1a: Ninetales
|-damage|p1a: Ninetales|0 fnt
|faint|p1a: Ninetales
|
|upkeep
|
|t:|1760392025
|switch|p1a: Kingambit|Kingambit, M|87/100
|-activate|p1a: Kingambit|ability: Supreme Overlord
|-start|p1a: Kingambit|fallen5|[silent]
|turn|28
|
|t:|1760392029
|-terastallize|p1a: Kingambit|Dark
|move|p2a: Cinderace|Will-O-Wisp|p1a: Kingambit
|-status|p1a: Kingambit|brn
|move|p1a: Kingambit|Swords Dance|p1a: Kingambit
|-boost|p1a: Kingambit|atk|2
|
|-damage|p1a: Kingambit|81/100 brn|[from] brn
|upkeep
|turn|29
|
|t:|1760392039
|move|p2a: Cinderace|Pyro Ball|p1a: Kingambit
|-damage|p1a: Kingambit|39/100 brn
|move|p1a: Kingambit|Swords Dance|p1a: Kingambit
|-boost|p1a: Kingambit|atk|2
|
|-damage|p1a: Kingambit|33/100 brn|[from] brn
|upkeep
|turn|30
|
|t:|1760392044
|move|p2a: Cinderace|Will-O-Wisp|p1a: Kingambit
|-fail|p1a: Kingambit|brn
|move|p1a: Kingambit|Swords Dance|p1a: Kingambit
|-boost|p1a: Kingambit|atk|2
|
|-damage|p1a: Kingambit|27/100 brn|[from] brn
|upkeep
|turn|31
|
|t:|1760392050
|move|p2a: Cinderace|Will-O-Wisp|p1a: Kingambit
|-fail|p1a: Kingambit|brn
|move|p1a: Kingambit|Kowtow Cleave|p2a: Cinderace
|-damage|p2a: Cinderace|0 fnt
|faint|p2a: Cinderace
|
|-damage|p1a: Kingambit|21/100 brn|[from] brn
|upkeep
|
|t:|1760392052
|switch|p2a: Hydreigon|Hydreigon, F, shiny|100/100
|turn|32
|
|t:|1760392058
|move|p1a: Kingambit|Sucker Punch|p2a: Hydreigon
|-resisted|p2a: Hydreigon
|-damage|p2a: Hydreigon|0 fnt
|faint|p2a: Hydreigon
|
|-damage|p1a: Kingambit|15/100 brn|[from] brn
|upkeep
|
|t:|1760392061
|switch|p2a: Alomomola|Alomomola, F|76/100
|turn|33
|
|t:|1760392068
|-terastallize|p2a: Alomomola|Fairy
|move|p1a: Kingambit|Kowtow Cleave|p2a: Alomomola
|-resisted|p2a: Alomomola
|-damage|p2a: Alomomola|0 fnt
|faint|p2a: Alomomola
|
|win|drop a baby
|raw|drop a baby's rating: 1641 &rarr; <strong>1658</strong><br />(+17 for winning)
|raw|SillyScallop's rating: 1595 &rarr; <strong>1578</strong><br />(-17 for losing)
|l|☆SillyScallop
|player|p2|
