|j|☆Maroverl488
|j|☆Partynparadise
|t:|1760377437
|gametype|singles
|player|p1|Maroverl488|n|1526
|player|p2|Partynparadise|dancer|1561
|gen|9
|tier|[Gen 9] OU
|rated|
|rule|HP Percentage Mod: HP is shown in percentages
|rule|Endless Battle Clause: Forcing endless battles is banned
|rule|Species Clause: Limit one of each Pokémon
|rule|OHKO Clause: OHKO moves are banned
|rule|Evasion Items Clause: Evasion items are banned
|rule|Evasion Moves Clause: Evasion moves are banned
|rule|Evasion Abilities Clause: Evasion abilities are banned
|rule|Sleep Moves Clause: Sleep-inducing moves are banned
|clearpoke
|poke|p1|Emboar, F|
|poke|p1|Alomomola, M|
|poke|p1|Clodsire, M|
|poke|p1|Corviknight, F|
|poke|p1|Serperior, F|
|poke|p1|Clefable, M|
|poke|p2|Samurott-Hisui, M|
|poke|p2|Dragapult, M|
|poke|p2|Slowking-Galar, M|
|poke|p2|Ogerpon-Wellspring, F|
|poke|p2|Great Tusk|
|poke|p2|Moltres|
|teampreview
|inactive|Battle timer is ON: inactive players will automatically lose when time's up. (requested by Partynparadise)
|inactive|Maroverl488 also wants the timer to be on.
|
|t:|1760377448
|teamsize|p1|6
|teamsize|p2|6
|start
|switch|p1a: Alomomola|Alomomola, M|100/100
|switch|p2a: Ogerpon|Ogerpon-Wellspring, F|100/100
|turn|1
|
|t:|1760377455
|switch|p1a: Corviknight|Corviknight, F|100/100
|-ability|p1a: Corviknight|Pressure
|move|p2a: Ogerpon|Taunt|p1a: Corviknight
|-start|p1a: Corviknight|move: Taunt
|
|upkeep
|turn|2
|
|t:|1760377460
|move|p2a: Ogerpon|Knock Off|p1a: Corviknight
|-damage|p1a: Corviknight|79/100
|-damage|p2a: Ogerpon|84/100|[from] item: Rocky Helmet|[of] p1a: Corviknight
|-enditem|p1a: Corviknight|Rocky Helmet|[from] move: Knock Off|[of] p2a: Ogerpon
|move|p1a: Corviknight|U-turn|p2a: Ogerpon
|-supereffective|p2a: Ogerpon
|-damage|p2a: Ogerpon|49/100
|
|t:|1760377485
|switch|p1a: Emboar|Emboar, F|100/100|[from] U-turn
|
|upkeep
|turn|3
|
|t:|1760377491
|move|p1a: Emboar|Flare Blitz|p2a: Ogerpon
|-damage|p2a: Ogerpon|0 fnt
|faint|p2a: Ogerpon
|-damage|p1a: Emboar|87/100|[from] Recoil
|
|upkeep
|
|t:|1760377494
|switch|p2a: Dragapult|Dragapult, M|100/100
|turn|4
|
|t:|1760377505
|switch|p1a: Alomomola|Alomomola, M|100/100
|move|p2a: Dragapult|Substitute|p2a: Dragapult
|-start|p2a: Dragapult|Substitute
|-damage|p2a: Dragapult|76/100
|
|-heal|p2a: Dragapult|82/100|[from] item: Leftovers
|upkeep
|turn|5
|
|t:|1760377511
|move|p2a: Dragapult|Dragon Dance|p2a: Dragapult
|-boost|p2a: Dragapult|atk|1
|-boost|p2a: Dragapult|spe|1
|move|p1a: Alomomola|Flip Turn|p2a: Dragapult
|-resisted|p2a: Dragapult
|-activate|p2a: Dragapult|move: Substitute|[damage]
|
|t:|1760377514
|switch|p1a: Clefable|Clefable, M|100/100|[from] Flip Turn
|
|-heal|p2a: Dragapult|88/100|[from] item: Leftovers
|upkeep
|turn|6
|
|t:|1760377519
|move|p2a: Dragapult|Phantom Force||[still]
|-prepare|p2a: Dragapult|Phantom Force
|move|p1a: Clefable|Moonblast|p2a: Dragapult|[miss]
|-miss|p1a: Clefable|p2a: Dragapult
|
|-heal|p2a: Dragapult|94/100|[from] item: Leftovers
|upkeep
|turn|7
|
|t:|1760377525
|move|p2a: Dragapult|Phantom Force|p1a: Clefable|[from] lockedmove
|-crit|p1a: Clefable
|-damage|p1a: Clefable|45/100
|move|p1a: Clefable|Moonblast|p2a: Dragapult
|-supereffective|p2a: Dragapult
|-end|p2a: Dragapult|Substitute
|
|-heal|p2a: Dragapult|99/100|[from] item: Leftovers
|-heal|p1a: Clefable|52/100|[from] item: Leftovers
|upkeep
|turn|8
|
|t:|1760377532
|switch|p2a: Slowking|Slowking-Galar, M|100/100
|move|p1a: Clefable|Moonlight|p1a: Clefable
|-heal|p1a: Clefable|100/100
|
|upkeep
|turn|9
|
|t:|1760377536
|switch|p1a: Corviknight|Corviknight, F|79/100
|-ability|p1a: Corviknight|Pressure
|move|p2a: Slowking|Future Sight|p1a: Corviknight
|-start|p2a: Slowking|move: Future Sight
|
|upkeep
|turn|10
|
|t:|1760377548
|move|p1a: Corviknight|U-turn|p2a: Slowking
|-damage|p2a: Slowking|87/100
|
|t:|1760377551
|switch|p1a: Clodsire|Clodsire, M|100/100|[from] U-turn
|move|p2a: Slowking|Thunder Wave|p1a: Clodsire
|-immune|p1a: Clodsire
|
|upkeep
|turn|11
|
|t:|1760377558
|switch|p1a: Corviknight|Corviknight, F|79/100
|-ability|p1a: Corviknight|Pressure
|move|p2a: Slowking|Ice Beam|p1a: Corviknight
|-damage|p1a: Corviknight|55/100
|
|-end|p1a: Corviknight|move: Future Sight
|-resisted|p1a: Corviknight
|-damage|p1a: Corviknight|35/100
|upkeep
|turn|12
|
|t:|1760377564
|switch|p2a: Samurott|Samurott-Hisui, M, shiny|100/100
|move|p1a: Corviknight|Roost|p1a: Corviknight
|-heal|p1a: Corviknight|85/100
|-singleturn|p1a: Corviknight|move: Roost
|
|upkeep
|turn|13
|
|t:|1760377571
|move|p2a: Samurott|Ceaseless Edge|p1a: Corviknight
|-damage|p1a: Corviknight|54/100
|-sidestart|p1: Maroverl488|Spikes
|move|p1a: Corviknight|U-turn|p2a: Samurott
|-supereffective|p2a: Samurott
|-damage|p2a: Samurott|66/100
|
|t:|1760377592
|switch|p1a: Serperior|Serperior, F|100/100|[from] U-turn
|-damage|p1a: Serperior|88/100|[from] Spikes
|
|-heal|p1a: Serperior|94/100|[from] item: Leftovers
|upkeep
|turn|14
|
|t:|1760377600
|switch|p2a: Slowking|Slowking-Galar, M|100/100
|move|p1a: Serperior|Leaf Storm|p2a: Slowking
|-resisted|p2a: Slowking
|-damage|p2a: Slowking|87/100
|-boost|p1a: Serperior|spa|2
|
|-heal|p1a: Serperior|100/100|[from] item: Leftovers
|upkeep
|turn|15
|
|t:|1760377612
|move|p1a: Serperior|Glare|p2a: Slowking
|-status|p2a: Slowking|par
|move|p2a: Slowking|Thunder Wave|p1a: Serperior
|-status|p1a: Serperior|par
|
|upkeep
|turn|16
|
|t:|1760377624
|cant|p1a: Serperior|par
|-prepare|p2a: Slowking|Chilly Reception|[premajor]
|move|p2a: Slowking|Chilly Reception|p2a: Slowking
|-weather|Snowscape
|
|t:|1760377631
|switch|p2a: Dragapult|Dragapult, M|99/100|[from] Chilly Reception
|
|-weather|Snowscape|[upkeep]
|-heal|p2a: Dragapult|100/100|[from] item: Leftovers
|upkeep
|turn|17
|
|t:|1760377643
|switch|p1a: Alomomola|Alomomola, M|100/100
|move|p2a: Dragapult|Dragon Darts|p1a: Alomomola
|-damage|p1a: Alomomola|82/100
|-anim|p2a: Dragapult|Dragon Darts|p1a: Alomomola
|-crit|p1a: Alomomola
|-damage|p1a: Alomomola|57/100
|
|-weather|Snowscape|[upkeep]
|upkeep
|turn|18
|
|t:|1760377651
|move|p2a: Dragapult|Dragon Darts|p1a: Alomomola
|-damage|p1a: Alomomola|38/100
|-anim|p2a: Dragapult|Dragon Darts|p1a: Alomomola
|-damage|p1a: Alomomola|20/100
|move|p1a: Alomomola|Flip Turn|p2a: Dragapult
|-resisted|p2a: Dragapult
|-damage|p2a: Dragapult|89/100
|
|t:|1760377656
|switch|p1a: Clefable|Clefable, M|100/100|[from] Flip Turn
|-damage|p1a: Clefable|88/100|[from] Spikes
|
|-weather|Snowscape|[upkeep]
|-heal|p2a: Dragapult|95/100|[from] item: Leftovers
|-heal|p1a: Clefable|94/100|[from] item: Leftovers
|upkeep
|turn|19
|
|t:|1760377667
|switch|p2a: Slowking|Slowking-Galar, M|100/100 par
|move|p1a: Clefable|Moonblast|p2a: Slowking
|-resisted|p2a: Slowking
|-crit|p2a: Slowking
|-damage|p2a: Slowking|88/100 par
|
|-weather|Snowscape|[upkeep]
|-heal|p1a: Clefable|99/100|[from] item: Leftovers
|upkeep
|turn|20
|
|t:|1760377673
|switch|p1a: Clodsire|Clodsire, M|100/100
|move|p2a: Slowking|Future Sight|p1a: Clodsire
|-start|p2a: Slowking|move: Future Sight
|
|-weather|none
|upkeep
|turn|21
|
|t:|1760377680
|move|p1a: Clodsire|Stealth Rock|p2a: Slowking
|-sidestart|p2: Partynparadise|move: Stealth Rock
|-prepare|p2a: Slowking|Chilly Reception|[premajor]
|move|p2a: Slowking|Chilly Reception|p2a: Slowking
|-weather|Snowscape
|
|t:|1760377682
|switch|p2a: Great Tusk|Great Tusk|100/100|[from] Chilly Reception
|-damage|p2a: Great Tusk|98/100|[from] Stealth Rock
|
|-weather|Snowscape|[upkeep]
|upkeep
|turn|22
|
|t:|1760377691
|-terastallize|p1a: Clodsire|Steel
|move|p2a: Great Tusk|Rapid Spin|p1a: Clodsire
|-resisted|p1a: Clodsire
|-damage|p1a: Clodsire|92/100
|-boost|p2a: Great Tusk|spe|1
|-sideend|p2: Partynparadise|Stealth Rock|[from] move: Rapid Spin|[of] p2a: Great Tusk
|move|p1a: Clodsire|Toxic|p2a: Great Tusk
|-status|p2a: Great Tusk|tox
|
|-weather|Snowscape|[upkeep]
|-end|p1a: Clodsire|move: Future Sight
|-resisted|p1a: Clodsire
|-damage|p1a: Clodsire|81/100
|-damage|p2a: Great Tusk|91/100 tox|[from] psn
|upkeep
|turn|23
|
|t:|1760377708
|switch|p1a: Corviknight|Corviknight, F|54/100
|-ability|p1a: Corviknight|Pressure
|move|p2a: Great Tusk|Stealth Rock|p1a: Corviknight
|-sidestart|p1: Maroverl488|move: Stealth Rock
|
|-weather|Snowscape|[upkeep]
|-damage|p2a: Great Tusk|79/100 tox|[from] psn
|upkeep
|turn|24
|
|t:|1760377714
|-end|p2a: Great Tusk|Protosynthesis|[silent]
|switch|p2a: Moltres|Moltres|100/100
|move|p1a: Corviknight|Defog|p2a: Moltres
|-unboost|p2a: Moltres|evasion|1
|-sideend|p1: Maroverl488|Spikes|[from] move: Defog|[of] p1a: Corviknight
|-sideend|p1: Maroverl488|Stealth Rock|[from] move: Defog|[of] p1a: Corviknight
|
|-weather|Snowscape|[upkeep]
|upkeep
|turn|25
|
|t:|1760377721
|switch|p1a: Alomomola|Alomomola, M|53/100
|move|p2a: Moltres|U-turn|p1a: Alomomola
|-damage|p1a: Alomomola|42/100
|
|t:|1760377726
|switch|p2a: Samurott|Samurott-Hisui, M, shiny|66/100|[from] U-turn
|
|-weather|none
|upkeep
|turn|26
|
|t:|1760377739
|move|p2a: Samurott|Ceaseless Edge|p1a: Alomomola
|-damage|p1a: Alomomola|6/100
|-sidestart|p1: Maroverl488|Spikes
|move|p1a: Alomomola|Wish|p1a: Alomomola
|
|upkeep
|turn|27
|
|t:|1760377743
|switch|p1a: Corviknight|Corviknight, F|54/100
|-ability|p1a: Corviknight|Pressure
|move|p2a: Samurott|Ceaseless Edge|p1a: Corviknight
|-damage|p1a: Corviknight|25/100
|-sidestart|p1: Maroverl488|Spikes
|
|-heal|p1a: Corviknight|92/100|[from] move: Wish|[wisher] Alomomola
|upkeep
|turn|28
|
|t:|1760377755
|switch|p2a: Moltres|Moltres|100/100
|move|p1a: Corviknight|Body Press|p2a: Moltres
|-resisted|p2a: Moltres
|-damage|p2a: Moltres|91/100
|
|upkeep
|turn|29
|
|t:|1760377768
|move|p2a: Moltres|Flamethrower|p1a: Corviknight
|-supereffective|p1a: Corviknight
|-damage|p1a: Corviknight|18/100
|move|p1a: Corviknight|Defog|p2a: Moltres
|-unboost|p2a: Moltres|evasion|1
|-sideend|p1: Maroverl488|Spikes|[from] move: Defog|[of] p1a: Corviknight
|
|upkeep
|turn|30
|
|t:|1760377781
|move|p2a: Moltres|U-turn|p1a: Corviknight
|-resisted|p1a: Corviknight
|-damage|p1a: Corviknight|16/100
|
|t:|1760377792
|switch|p2a: Samurott|Samurott-Hisui, M, shiny|66/100|[from] U-turn
|move|p1a: Corviknight|U-turn|p2a: Samurott
|-supereffective|p2a: Samurott
|-damage|p2a: Samurott|35/100
|
|t:|1760377799
|switch|p1a: Emboar|Emboar, F|87/100|[from] U-turn
|
|upkeep
|turn|31
|
|t:|1760377806
|move|p1a: Emboar|Flare Blitz|p2a: Samurott
|-resisted|p2a: Samurott
|-damage|p2a: Samurott|0 fnt
|faint|p2a: Samurott
|-damage|p1a: Emboar|77/100|[from] Recoil
|
|upkeep
|
|t:|1760377811
|switch|p2a: Great Tusk|Great Tusk|79/100 tox
|turn|32
|
|t:|1760377826
|move|p1a: Emboar|Flare Blitz|p2a: Great Tusk
|-damage|p2a: Great Tusk|44/100 tox
|-damage|p1a: Emboar|60/100|[from] item: Rocky Helmet|[of] p2a: Great Tusk
|-damage|p1a: Emboar|46/100|[from] Recoil
|move|p2a: Great Tusk|Knock Off|p1a: Emboar
|-resisted|p1a: Emboar
|-damage|p1a: Emboar|28/100
|-enditem|p1a: Emboar|Choice Scarf|[from] move: Knock Off|[of] p2a: Great Tusk
|
|-damage|p2a: Great Tusk|38/100 tox|[from] psn
|upkeep
|turn|33
|
|t:|1760377843
|switch|p1a: Corviknight|Corviknight, F|16/100
|-ability|p1a: Corviknight|Pressure
|move|p2a: Great Tusk|Close Combat|p1a: Corviknight
|-damage|p1a: Corviknight|0 fnt
|-unboost|p2a: Great Tusk|def|1
|-unboost|p2a: Great Tusk|spd|1
|faint|p1a: Corviknight
|
|-damage|p2a: Great Tusk|25/100 tox|[from] psn
|upkeep
|inactive|Maroverl488 has 120 seconds left.
|
|t:|1760377880
|switch|p1a: Clefable|Clefable, M|99/100
|turn|34
|
|t:|1760377886
|move|p2a: Great Tusk|Stealth Rock|p1a: Clefable
|-sidestart|p1: Maroverl488|move: Stealth Rock
|move|p1a: Clefable|Calm Mind|p1a: Clefable
|-boost|p1a: Clefable|spa|1
|-boost|p1a: Clefable|spd|1
|
|-heal|p1a: Clefable|100/100|[from] item: Leftovers
|-damage|p2a: Great Tusk|7/100 tox|[from] psn
|upkeep
|turn|35
|
|t:|1760377894
|move|p2a: Great Tusk|Knock Off|p1a: Clefable
|-resisted|p1a: Clefable
|-damage|p1a: Clefable|91/100
|-enditem|p1a: Clefable|Leftovers|[from] move: Knock Off|[of] p2a: Great Tusk
|move|p1a: Clefable|Calm Mind|p1a: Clefable
|-boost|p1a: Clefable|spa|1
|-boost|p1a: Clefable|spd|1
|
|-damage|p2a: Great Tusk|0 fnt|[from] psn
|faint|p2a: Great Tusk
|-end|p2a: Great Tusk|Protosynthesis|[silent]
|upkeep
|
|t:|1760377898
|switch|p2a: Moltres|Moltres|91/100
|turn|36
|
|t:|1760377904
|switch|p1a: Alomomola|Alomomola, M|40/100
|move|p2a: Moltres|Flamethrower|p1a: Alomomola
|-resisted|p1a: Alomomola
|-damage|p1a: Alomomola|24/100
|
|upkeep
|turn|37
|
|t:|1760377911
|move|p2a: Moltres|Flamethrower|p1a: Alomomola
|-resisted|p1a: Alomomola
|-damage|p1a: Alomomola|8/100
|move|p1a: Alomomola|Wish|p1a: Alomomola
|
|upkeep
|turn|38
|
|t:|1760377915
|move|p1a: Alomomola|Protect|p1a: Alomomola
|-singleturn|p1a: Alomomola|Protect
|move|p2a: Moltres|U-turn|p1a: Alomomola
|-activate|p1a: Alomomola|move: Protect
|
|-heal|p1a: Alomomola|58/100|[from] move: Wish|[wisher] Alomomola
|upkeep
|turn|39
|
|t:|1760377917
|move|p2a: Moltres|U-turn|p1a: Alomomola
|-damage|p1a: Alomomola|47/100
|
|t:|1760377919
|switch|p2a: Dragapult|Dragapult, M|95/100|[from] U-turn
|move|p1a: Alomomola|Wish|p1a: Alomomola
|
|-heal|p2a: Dragapult|100/100|[from] item: Leftovers
|upkeep
|turn|40
|
|t:|1760377933
|switch|p1a: Clefable|Clefable, M|91/100
|-damage|p1a: Clefable|78/100|[from] Stealth Rock
|move|p2a: Dragapult|Substitute|p2a: Dragapult
|-start|p2a: Dragapult|Substitute
|-damage|p2a: Dragapult|76/100
|
|-heal|p1a: Clefable|100/100|[from] move: Wish|[wisher] Alomomola
|-heal|p2a: Dragapult|82/100|[from] item: Leftovers
|upkeep
|turn|41
|
|t:|1760377941
|move|p2a: Dragapult|Phantom Force||[still]
|-prepare|p2a: Dragapult|Phantom Force
|move|p1a: Clefable|Calm Mind|p1a: Clefable
|-boost|p1a: Clefable|spa|1
|-boost|p1a: Clefable|spd|1
|
|-heal|p2a: Dragapult|88/100|[from] item: Leftovers
|upkeep
|turn|42
|
|t:|1760377945
|move|p2a: Dragapult|Phantom Force|p1a: Clefable|[from] lockedmove
|-damage|p1a: Clefable|69/100
|move|p1a: Clefable|Moonblast|p2a: Dragapult
|-supereffective|p2a: Dragapult
|-end|p2a: Dragapult|Substitute
|
|-heal|p2a: Dragapult|94/100|[from] item: Leftovers
|upkeep
|turn|43
|
|t:|1760377950
|switch|p2a: Moltres|Moltres|91/100
|move|p1a: Clefable|Moonblast|p2a: Moltres
|-resisted|p2a: Moltres
|-damage|p2a: Moltres|64/100
|-unboost|p2a: Moltres|spa|1
|
|upkeep
|turn|44
|
|t:|1760377954
|move|p2a: Moltres|U-turn|p1a: Clefable
|-resisted|p1a: Clefable
|-damage|p1a: Clefable|63/100
|
|t:|1760377956
|switch|p2a: Slowking|Slowking-Galar, M|100/100 par|[from] U-turn
|move|p1a: Clefable|Calm Mind|p1a: Clefable
|-boost|p1a: Clefable|spa|1
|-boost|p1a: Clefable|spd|1
|
|upkeep
|turn|45
|
|t:|1760377967
|switch|p1a: Clodsire|Clodsire, M, tera:Steel|81/100
|move|p2a: Slowking|Thunder Wave|p1a: Clodsire
|-status|p1a: Clodsire|par
|
|upkeep
|turn|46
|
|t:|1760377973
|cant|p2a: Slowking|par
|move|p1a: Clodsire|Stealth Rock|p2a: Slowking
|-sidestart|p2: Partynparadise|move: Stealth Rock
|
|upkeep
|turn|47
|
|t:|1760377977
|cant|p2a: Slowking|par
|move|p1a: Clodsire|Earthquake|p2a: Slowking
|-supereffective|p2a: Slowking
|-damage|p2a: Slowking|48/100 par
|
|upkeep
|turn|48
|
|t:|1760377981
|-prepare|p2a: Slowking|Chilly Reception|[premajor]
|move|p2a: Slowking|Chilly Reception|p2a: Slowking
|-weather|Snowscape
|
|t:|1760377984
|switch|p2a: Moltres|Moltres|64/100|[from] Chilly Reception
|move|p1a: Clodsire|Toxic|p2a: Moltres
|-status|p2a: Moltres|tox
|
|-weather|Snowscape|[upkeep]
|-damage|p2a: Moltres|57/100 tox|[from] psn
|upkeep
|turn|49
|
|t:|1760377991
|switch|p1a: Alomomola|Alomomola, M|80/100
|move|p2a: Moltres|Flamethrower|p1a: Alomomola
|-resisted|p1a: Alomomola
|-damage|p1a: Alomomola|66/100
|
|-weather|Snowscape|[upkeep]
|-damage|p2a: Moltres|45/100 tox|[from] psn
|upkeep
|turn|50
|
|t:|1760377998
|move|p2a: Moltres|U-turn|p1a: Alomomola
|-damage|p1a: Alomomola|54/100
|
|t:|1760378010
|switch|p2a: Dragapult|Dragapult, M|94/100|[from] U-turn
|-damage|p2a: Dragapult|81/100|[from] Stealth Rock
|move|p1a: Alomomola|Wish|p1a: Alomomola
|
|-weather|Snowscape|[upkeep]
|-heal|p2a: Dragapult|87/100|[from] item: Leftovers
|upkeep
|turn|51
|
|t:|1760378017
|switch|p1a: Clefable|Clefable, M|63/100
|-damage|p1a: Clefable|50/100|[from] Stealth Rock
|move|p2a: Dragapult|Substitute|p2a: Dragapult
|-start|p2a: Dragapult|Substitute
|-damage|p2a: Dragapult|62/100
|
|-weather|Snowscape|[upkeep]
|-heal|p1a: Clefable|100/100|[from] move: Wish|[wisher] Alomomola
|-heal|p2a: Dragapult|68/100|[from] item: Leftovers
|upkeep
|turn|52
|
|t:|1760378024
|move|p2a: Dragapult|Phantom Force||[still]
|-prepare|p2a: Dragapult|Phantom Force
|move|p1a: Clefable|Moonblast|p2a: Dragapult|[miss]
|-miss|p1a: Clefable|p2a: Dragapult
|
|-weather|none
|-heal|p2a: Dragapult|74/100|[from] item: Leftovers
|upkeep
|turn|53
|
|t:|1760378027
|move|p2a: Dragapult|Phantom Force|p1a: Clefable|[from] lockedmove
|-damage|p1a: Clefable|64/100
|move|p1a: Clefable|Moonblast|p2a: Dragapult
|-supereffective|p2a: Dragapult
|-end|p2a: Dragapult|Substitute
|
|-heal|p2a: Dragapult|80/100|[from] item: Leftovers
|upkeep
|turn|54
|
|t:|1760378031
|switch|p2a: Slowking|Slowking-Galar, M|81/100 par
|move|p1a: Clefable|Moonblast|p2a: Slowking
|-resisted|p2a: Slowking
|-damage|p2a: Slowking|72/100 par
|
|upkeep
|turn|55
|
|t:|1760378037
|switch|p1a: Clodsire|Clodsire, M, tera:Steel|81/100 par
|move|p2a: Slowking|Thunder Wave|p1a: Clodsire
|-fail|p1a: Clodsire|par
|
|upkeep
|turn|56
|
|t:|1760378043
|-prepare|p2a: Slowking|Chilly Reception|[premajor]
|move|p2a: Slowking|Chilly Reception|p2a: Slowking
|-weather|Snowscape
|
|t:|1760378046
|switch|p2a: Moltres|Moltres|45/100 tox|[from] Chilly Reception
|cant|p1a: Clodsire|par
|
|-weather|Snowscape|[upkeep]
|-damage|p2a: Moltres|39/100 tox|[from] psn
|upkeep
|turn|57
|
|t:|1760378049
|switch|p1a: Alomomola|Alomomola, M|88/100
|move|p2a: Moltres|Roost|p2a: Moltres
|-heal|p2a: Moltres|89/100 tox
|-singleturn|p2a: Moltres|move: Roost
|
|-weather|Snowscape|[upkeep]
|-damage|p2a: Moltres|76/100 tox|[from] psn
|upkeep
|turn|58
|
|t:|1760378053
|switch|p2a: Slowking|Slowking-Galar, M|100/100 par
|move|p1a: Alomomola|Wish|p1a: Alomomola
|
|-weather|Snowscape|[upkeep]
|upkeep
|turn|59
|
|t:|1760378058
|move|p1a: Alomomola|Flip Turn|p2a: Slowking
|-damage|p2a: Slowking|83/100 par
|
|t:|1760378063
|switch|p1a: Clodsire|Clodsire, M, tera:Steel|81/100 par|[from] Flip Turn
|move|p2a: Slowking|Future Sight|p1a: Clodsire
|-start|p2a: Slowking|move: Future Sight
|
|-weather|Snowscape|[upkeep]
|-heal|p1a: Clodsire|100/100 par|[from] move: Wish|[wisher] Alomomola
|upkeep
|turn|60
|
|t:|1760378072
|-prepare|p2a: Slowking|Chilly Reception|[premajor]
|move|p2a: Slowking|Chilly Reception|p2a: Slowking
|
|t:|1760378075
|switch|p2a: Moltres|Moltres|76/100 tox|[from] Chilly Reception
|move|p1a: Clodsire|Earthquake|p2a: Moltres
|-immune|p2a: Moltres
|
|-weather|none
|-damage|p2a: Moltres|70/100 tox|[from] psn
|upkeep
|turn|61
|
|t:|1760378078
|move|p2a: Moltres|U-turn|p1a: Clodsire
|-resisted|p1a: Clodsire
|-damage|p1a: Clodsire|92/100 par
|
|t:|1760378081
|switch|p2a: Slowking|Slowking-Galar, M|100/100 par|[from] U-turn
|move|p1a: Clodsire|Recover|p1a: Clodsire
|-heal|p1a: Clodsire|100/100 par
|
|-end|p1a: Clodsire|move: Future Sight
|-resisted|p1a: Clodsire
|-damage|p1a: Clodsire|89/100 par
|upkeep
|turn|62
|
|t:|1760378087
|move|p2a: Slowking|Future Sight|p1a: Clodsire
|-start|p2a: Slowking|move: Future Sight
|move|p1a: Clodsire|Earthquake|p2a: Slowking
|-supereffective|p2a: Slowking
|-damage|p2a: Slowking|41/100 par
|
|upkeep
|turn|63
|
|t:|1760378095
|switch|p1a: Alomomola|Alomomola, M|100/100
|-prepare|p2a: Slowking|Chilly Reception|[premajor]
|cant|p2a: Slowking|par
|
|upkeep
|turn|64
|
|t:|1760378104
|switch|p2a: Dragapult|Dragapult, M|80/100
|-damage|p2a: Dragapult|68/100|[from] Stealth Rock
|move|p1a: Alomomola|Wish|p1a: Alomomola
|
|-end|p1a: Alomomola|move: Future Sight
|-damage|p1a: Alomomola|62/100
|-heal|p2a: Dragapult|74/100|[from] item: Leftovers
|upkeep
|turn|65
|
|t:|1760378108
|move|p2a: Dragapult|Dragon Darts|p1a: Alomomola
|-damage|p1a: Alomomola|46/100
|-anim|p2a: Dragapult|Dragon Darts|p1a: Alomomola
|-damage|p1a: Alomomola|27/100
|move|p1a: Alomomola|Flip Turn|p2a: Dragapult
|-resisted|p2a: Dragapult
|-damage|p2a: Dragapult|63/100
|
|t:|1760378112
|switch|p1a: Emboar|Emboar, F|28/100|[from] Flip Turn
|-damage|p1a: Emboar|16/100|[from] Stealth Rock
|
|-heal|p1a: Emboar|90/100|[from] move: Wish|[wisher] Alomomola
|-heal|p2a: Dragapult|69/100|[from] item: Leftovers
|upkeep
|turn|66
|c|☆Partynparadise|yawn
|inactive|Maroverl488 has 120 seconds left.
|
|t:|1760378163
|-terastallize|p2a: Dragapult|Dragon
|move|p2a: Dragapult|Dragon Darts|p1a: Emboar
|-damage|p1a: Emboar|46/100
|-anim|p2a: Dragapult|Dragon Darts|p1a: Emboar
|-damage|p1a: Emboar|2/100
|move|p1a: Emboar|Knock Off|p2a: Dragapult
|-damage|p2a: Dragapult|28/100
|-enditem|p2a: Dragapult|Leftovers|[from] move: Knock Off|[of] p1a: Emboar
|
|upkeep
|turn|67
|
|t:|1760378174
|move|p2a: Dragapult|Dragon Darts|p1a: Emboar
|-damage|p1a: Emboar|0 fnt
|faint|p1a: Emboar
|
|upkeep
|
|t:|1760378182
|switch|p1a: Clefable|Clefable, M|64/100
|-damage|p1a: Clefable|52/100|[from] Stealth Rock
|turn|68
|
|t:|1760378192
|switch|p2a: Slowking|Slowking-Galar, M|74/100 par
|move|p1a: Clefable|Moonlight|p1a: Clefable
|-heal|p1a: Clefable|100/100
|
|upkeep
|turn|69
|
|t:|1760378203
|switch|p1a: Clodsire|Clodsire, M, tera:Steel|89/100 par
|move|p2a: Slowking|Thunder Wave|p1a: Clodsire
|-fail|p1a: Clodsire|par
|
|upkeep
|turn|70
|
|t:|1760378209
|-prepare|p2a: Slowking|Chilly Reception|[premajor]
|move|p2a: Slowking|Chilly Reception|p2a: Slowking
|-weather|Snowscape
|
|t:|1760378214
|switch|p2a: Moltres|Moltres|70/100 tox|[from] Chilly Reception
|cant|p1a: Clodsire|par
|
|-weather|Snowscape|[upkeep]
|-damage|p2a: Moltres|64/100 tox|[from] psn
|upkeep
|turn|71
|
|t:|1760378221
|switch|p1a: Alomomola|Alomomola, M|60/100
|move|p2a: Moltres|Flamethrower|p1a: Alomomola
|-resisted|p1a: Alomomola
|-damage|p1a: Alomomola|45/100
|
|-weather|Snowscape|[upkeep]
|-damage|p2a: Moltres|51/100 tox|[from] psn
|upkeep
|turn|72
|
|t:|1760378228
|switch|p2a: Dragapult|Dragapult, M, tera:Dragon|28/100
|-damage|p2a: Dragapult|15/100|[from] Stealth Rock
|move|p1a: Alomomola|Wish|p1a: Alomomola
|
|-weather|Snowscape|[upkeep]
|upkeep
|turn|73
|
|t:|1760378239
|switch|p1a: Clefable|Clefable, M|100/100
|-damage|p1a: Clefable|88/100|[from] Stealth Rock
|move|p2a: Dragapult|Dragon Darts|p1a: Clefable
|-immune|p1a: Clefable
|
|-weather|Snowscape|[upkeep]
|-heal|p1a: Clefable|100/100|[from] move: Wish|[wisher] Alomomola
|upkeep
|turn|74
|
|t:|1760378245
|switch|p2a: Slowking|Slowking-Galar, M|100/100 par
|move|p1a: Clefable|Moonblast|p2a: Slowking
|-resisted|p2a: Slowking
|-damage|p2a: Slowking|91/100 par
|
|-weather|none
|upkeep
|turn|75
|
|t:|1760378248
|switch|p1a: Clodsire|Clodsire, M, tera:Steel|89/100 par
|cant|p2a: Slowking|par
|
|upkeep
|turn|76
|
|t:|1760378253
|cant|p2a: Slowking|par
|move|p1a: Clodsire|Earthquake|p2a: Slowking
|-supereffective|p2a: Slowking
|-damage|p2a: Slowking|38/100 par
|
|upkeep
|turn|77
|
|t:|1760378258
|-prepare|p2a: Slowking|Chilly Reception|[premajor]
|cant|p2a: Slowking|par
|cant|p1a: Clodsire|par
|
|upkeep
|turn|78
|
|t:|1760378262
|-prepare|p2a: Slowking|Chilly Reception|[premajor]
|cant|p2a: Slowking|par
|move|p1a: Clodsire|Earthquake|p2a: Slowking
|-supereffective|p2a: Slowking
|-damage|p2a: Slowking|0 fnt
|faint|p2a: Slowking
|
|upkeep
|
|t:|1760378265
|switch|p2a: Moltres|Moltres|51/100 tox
|turn|79
|
|t:|1760378269
|switch|p1a: Alomomola|Alomomola, M|78/100
|move|p2a: Moltres|Roost|p2a: Moltres
|-heal|p2a: Moltres|100/100 tox
|-singleturn|p2a: Moltres|move: Roost
|
|-damage|p2a: Moltres|94/100 tox|[from] psn
|upkeep
|turn|80
|
|t:|1760378284
|move|p2a: Moltres|Scorching Sands|p1a: Alomomola
|-damage|p1a: Alomomola|62/100
|move|p1a: Alomomola|Flip Turn|p2a: Moltres
|-supereffective|p2a: Moltres
|-damage|p2a: Moltres|72/100 tox
|-status|p1a: Alomomola|brn|[from] ability: Flame Body|[of] p2a: Moltres
|
|t:|1760378288
|switch|p1a: Clefable|Clefable, M|100/100|[from] Flip Turn
|-damage|p1a: Clefable|88/100|[from] Stealth Rock
|
|-damage|p2a: Moltres|59/100 tox|[from] psn
|upkeep
|turn|81
|
|t:|1760378293
|move|p2a: Moltres|Flamethrower|p1a: Clefable
|-damage|p1a: Clefable|54/100
|move|p1a: Clefable|Calm Mind|p1a: Clefable
|-boost|p1a: Clefable|spa|1
|-boost|p1a: Clefable|spd|1
|
|-damage|p2a: Moltres|41/100 tox|[from] psn
|upkeep
|turn|82
|
|t:|1760378296
|move|p2a: Moltres|Flamethrower|p1a: Clefable
|-damage|p1a: Clefable|31/100
|move|p1a: Clefable|Moonlight|p1a: Clefable
|-heal|p1a: Clefable|81/100
|
|-damage|p2a: Moltres|16/100 tox|[from] psn
|upkeep
|turn|83
|
|t:|1760378298
|move|p2a: Moltres|Flamethrower|p1a: Clefable
|-damage|p1a: Clefable|58/100
|move|p1a: Clefable|Moonlight|p1a: Clefable
|-heal|p1a: Clefable|100/100
|
|-damage|p2a: Moltres|0 fnt|[from] psn
|faint|p2a: Moltres
|upkeep
|
|t:|1760378301
|switch|p2a: Dragapult|Dragapult, M, tera:Dragon|15/100
|-damage|p2a: Dragapult|3/100|[from] Stealth Rock
|turn|84
|
|t:|1760378304
|move|p2a: Dragapult|Phantom Force||[still]
|-prepare|p2a: Dragapult|Phantom Force
|move|p1a: Clefable|Flamethrower|p2a: Dragapult|[miss]
|-miss|p1a: Clefable|p2a: Dragapult
|
|upkeep
|turn|85
|inactive|Partynparadise has 120 seconds left.
|inactive|Partynparadise has 90 seconds left.
|inactive|Partynparadise has 60 seconds left.
|inactive|Partynparadise has 30 seconds left.
|inactive|Partynparadise has 20 seconds left.
|inactive|Partynparadise has 15 seconds left.
|inactive|Partynparadise has 10 seconds left.
|inactive|Partynparadise has 5 seconds left.
|-message|Partynparadise lost due to inactivity.
|
|win|Maroverl488
|raw|Maroverl488's rating: 1526 &rarr; <strong>1548</strong><br />(+22 for winning)
|raw|Partynparadise's rating: 1561 &rarr; <strong>1539</strong><br />(-22 for losing)
