|j|☆Lyfe01
|j|☆zelicious
|t:|1760456196
|gametype|singles
|player|p1|Lyfe01|2|1132
|player|p2|zelicious|veteran-gen4|1130
|gen|9
|tier|[Gen 9] OU
|rated|
|rule|HP Percentage Mod: HP is shown in percentages
|rule|Endless Battle Clause: Forcing endless battles is banned
|rule|Species Clause: Limit one of each Pokémon
|rule|OHKO Clause: OHKO moves are banned
|rule|Evasion Items Clause: Evasion items are banned
|rule|Evasion Moves Clause: Evasion moves are banned
|rule|Evasion Abilities Clause: Evasion abilities are banned
|rule|Sleep Moves Clause: Sleep-inducing moves are banned
|clearpoke
|poke|p1|Pelipper, F|
|poke|p1|Goodra-Hisui, M|
|poke|p1|Barraskewda, M|
|poke|p1|Zapdos|
|poke|p1|Tornadus-Therian, M|
|poke|p1|Scizor, F|
|poke|p2|Sylveon, M|
|poke|p2|Ting-Lu|
|poke|p2|Scizor, F|
|poke|p2|Cinderace, F|
|poke|p2|Latios, M|
|poke|p2|Zapdos|
|teampreview
|
|t:|1760456224
|teamsize|p1|6
|teamsize|p2|6
|start
|switch|p1a: Goodra|Goodra-Hisui, M|100/100
|switch|p2a: zappy|Zapdos, shiny|100/100
|turn|1
|
|t:|1760456231
|move|p2a: zappy|Volt Switch|p1a: Goodra
|-resisted|p1a: Goodra
|-damage|p1a: Goodra|92/100
|
|t:|1760456238
|switch|p2a: hops|Cinderace, F|100/100|[from] Volt Switch
|move|p1a: Goodra|Knock Off|p2a: hops
|-damage|p2a: hops|73/100
|-enditem|p2a: hops|Heavy-Duty Boots|[from] move: Knock Off|[of] p1a: Goodra
|
|-heal|p1a: Goodra|98/100|[from] item: Leftovers
|upkeep
|turn|2
|
|t:|1760456254
|move|p1a: Goodra|Protect|p1a: Goodra
|-singleturn|p1a: Goodra|Protect
|move|p2a: hops|Will-O-Wisp|p1a: Goodra
|-activate|p1a: Goodra|move: Protect
|
|-heal|p1a: Goodra|100/100|[from] item: Leftovers
|upkeep
|turn|3
|
|t:|1760456265
|switch|p1a: Pelipper|Pelipper, F|100/100
|-weather|RainDance|[from] ability: Drizzle|[of] p1a: Pelipper
|move|p2a: hops|Pyro Ball|p1a: Pelipper
|-resisted|p1a: Pelipper
|-damage|p1a: Pelipper|92/100
|
|-weather|RainDance|[upkeep]
|upkeep
|turn|4
|
|t:|1760456276
|switch|p1a: Barraskewda|Barraskewda, M|100/100
|move|p2a: hops|U-turn|p1a: Barraskewda
|-damage|p1a: Barraskewda|60/100
|
|t:|1760456288
|switch|p2a: zappy|Zapdos, shiny|100/100|[from] U-turn
|
|-weather|RainDance|[upkeep]
|upkeep
|turn|5
|
|t:|1760456304
|move|p1a: Barraskewda|Flip Turn|p2a: zappy
|-damage|p2a: zappy|48/100
|
|t:|1760456309
|switch|p1a: Goodra|Goodra-Hisui, M|100/100|[from] Flip Turn
|move|p2a: zappy|Roost|p2a: zappy
|-heal|p2a: zappy|98/100
|-singleturn|p2a: zappy|move: Roost
|
|-weather|RainDance|[upkeep]
|upkeep
|turn|6
|
|t:|1760456321
|switch|p2a: lu|Ting-Lu|100/100
|-ability|p2a: lu|Vessel of Ruin
|move|p1a: Goodra|Earthquake|p2a: lu
|-damage|p2a: lu|89/100
|
|-weather|RainDance|[upkeep]
|-heal|p2a: lu|95/100|[from] item: Leftovers
|upkeep
|turn|7
|
|t:|1760456333
|switch|p1a: Tornadus|Tornadus-Therian, M|100/100
|move|p2a: lu|Stealth Rock|p1a: Tornadus
|-sidestart|p1: Lyfe01|move: Stealth Rock
|
|-weather|RainDance|[upkeep]
|-heal|p2a: lu|100/100|[from] item: Leftovers
|upkeep
|turn|8
|
|t:|1760456349
|switch|p2a: ashito no joe|Scizor, F|100/100
|move|p1a: Tornadus|Weather Ball|p2a: ashito no joe
|-damage|p2a: ashito no joe|37/100
|-enditem|p2a: ashito no joe|Sitrus Berry|[eat]
|-heal|p2a: ashito no joe|62/100|[from] item: Sitrus Berry
|
|-weather|RainDance|[upkeep]
|upkeep
|turn|9
|
|t:|1760456361
|switch|p1a: Goodra|Goodra-Hisui, M|100/100
|-damage|p1a: Goodra|94/100|[from] Stealth Rock
|move|p2a: ashito no joe|Knock Off|p1a: Goodra
|-damage|p1a: Goodra|57/100
|-enditem|p1a: Goodra|Leftovers|[from] move: Knock Off|[of] p2a: ashito no joe
|
|-weather|RainDance|[upkeep]
|upkeep
|turn|10
|
|t:|1760456374
|move|p2a: ashito no joe|U-turn|p1a: Goodra
|-resisted|p1a: Goodra
|-damage|p1a: Goodra|37/100
|
|t:|1760456382
|switch|p2a: lu|Ting-Lu|100/100|[from] U-turn
|-ability|p2a: lu|Vessel of Ruin
|move|p1a: Goodra|Draco Meteor|p2a: lu
|-damage|p2a: lu|80/100
|-unboost|p1a: Goodra|spa|2
|
|-weather|none
|-heal|p2a: lu|86/100|[from] item: Leftovers
|upkeep
|turn|11
|
|t:|1760456396
|switch|p1a: Pelipper|Pelipper, F|92/100
|-damage|p1a: Pelipper|67/100|[from] Stealth Rock
|-weather|RainDance|[from] ability: Drizzle|[of] p1a: Pelipper
|move|p2a: lu|Ruination|p1a: Pelipper
|-damage|p1a: Pelipper|34/100
|
|-weather|RainDance|[upkeep]
|-heal|p2a: lu|93/100|[from] item: Leftovers
|upkeep
|turn|12
|
|t:|1760456407
|switch|p2a: zappy|Zapdos, shiny|98/100
|move|p1a: Pelipper|Hydro Pump|p2a: zappy
|-damage|p2a: zappy|46/100
|
|-weather|RainDance|[upkeep]
|upkeep
|turn|13
|
|t:|1760456417
|switch|p1a: Tornadus|Tornadus-Therian, M|100/100
|move|p2a: zappy|Volt Switch|p1a: Tornadus
|-supereffective|p1a: Tornadus
|-damage|p1a: Tornadus|42/100
|
|t:|1760456437
|switch|p2a: what a blunder|Latios, M|100/100|[from] Volt Switch
|
|-weather|RainDance|[upkeep]
|upkeep
|turn|14
|
|t:|1760456450
|switch|p1a: Scizor|Scizor, F|100/100
|-damage|p1a: Scizor|88/100|[from] Stealth Rock
|move|p2a: what a blunder|Luster Purge|p1a: Scizor
|-resisted|p1a: Scizor
|-damage|p1a: Scizor|59/100
|
|-weather|RainDance|[upkeep]
|upkeep
|turn|15
|
|t:|1760456475
|switch|p2a: ashito no joe|Scizor, F|62/100
|move|p1a: Scizor|U-turn|p2a: ashito no joe
|-resisted|p2a: ashito no joe
|-damage|p2a: ashito no joe|38/100
|-damage|p1a: Scizor|49/100|[from] item: Life Orb
|
|t:|1760456486
|switch|p1a: Tornadus|Tornadus-Therian, M|75/100|[from] U-turn
|
|-weather|RainDance|[upkeep]
|upkeep
|turn|16
|
|t:|1760456507
|move|p1a: Tornadus|U-turn|p2a: ashito no joe
|-resisted|p2a: ashito no joe
|-damage|p2a: ashito no joe|31/100
|
|t:|1760456513
|switch|p1a: Zapdos|Zapdos|100/100|[from] U-turn
|-damage|p1a: Zapdos|76/100|[from] Stealth Rock
|move|p2a: ashito no joe|Knock Off|p1a: Zapdos
|-damage|p1a: Zapdos|33/100
|-enditem|p1a: Zapdos|Choice Specs|[from] move: Knock Off|[of] p2a: ashito no joe
|
|-weather|RainDance|[upkeep]
|upkeep
|turn|17
|
|t:|1760456525
|switch|p1a: Goodra|Goodra-Hisui, M|37/100
|-damage|p1a: Goodra|31/100|[from] Stealth Rock
|move|p2a: ashito no joe|Bullet Punch|p1a: Goodra
|-resisted|p1a: Goodra
|-damage|p1a: Goodra|16/100
|
|-weather|RainDance|[upkeep]
|upkeep
|turn|18
|
|t:|1760456542
|move|p2a: ashito no joe|Bullet Punch|p1a: Goodra
|-resisted|p1a: Goodra
|-damage|p1a: Goodra|0 fnt
|faint|p1a: Goodra
|
|-weather|none
|upkeep
|
|t:|1760456549
|switch|p1a: Pelipper|Pelipper, F|34/100
|-damage|p1a: Pelipper|9/100|[from] Stealth Rock
|-weather|RainDance|[from] ability: Drizzle|[of] p1a: Pelipper
|turn|19
|
|t:|1760456559
|switch|p1a: Tornadus|Tornadus-Therian, M|100/100
|move|p2a: ashito no joe|Bullet Punch|p1a: Tornadus
|-damage|p1a: Tornadus|60/100
|
|-weather|RainDance|[upkeep]
|upkeep
|turn|20
|
|t:|1760456567
|move|p2a: ashito no joe|Bullet Punch|p1a: Tornadus
|-damage|p1a: Tornadus|22/100
|move|p1a: Tornadus|Hurricane|p2a: ashito no joe
|-damage|p2a: ashito no joe|0 fnt
|faint|p2a: ashito no joe
|
|-weather|RainDance|[upkeep]
|upkeep
|
|t:|1760456588
|switch|p2a: what a blunder|Latios, M|100/100
|turn|21
|
|t:|1760456602
|switch|p1a: Scizor|Scizor, F|49/100
|-damage|p1a: Scizor|37/100|[from] Stealth Rock
|move|p2a: what a blunder|Draco Meteor|p1a: Scizor
|-resisted|p1a: Scizor
|-damage|p1a: Scizor|0 fnt
|-unboost|p2a: what a blunder|spa|2
|faint|p1a: Scizor
|
|-weather|RainDance|[upkeep]
|upkeep
|
|t:|1760456614
|switch|p1a: Barraskewda|Barraskewda, M|60/100
|-damage|p1a: Barraskewda|48/100|[from] Stealth Rock
|turn|22
|
|t:|1760456626
|switch|p2a: hops|Cinderace, F|73/100
|move|p1a: Barraskewda|Ice Fang|p2a: hops
|-resisted|p2a: hops
|-damage|p2a: hops|51/100
|
|-weather|RainDance|[upkeep]
|upkeep
|turn|23
|
|t:|1760456638
|switch|p1a: Tornadus|Tornadus-Therian, M|55/100
|move|p2a: hops|Pyro Ball|p1a: Tornadus
|-damage|p1a: Tornadus|31/100
|
|-weather|RainDance|[upkeep]
|upkeep
|turn|24
|
|t:|1760456650
|move|p2a: hops|U-turn|p1a: Tornadus
|-resisted|p1a: Tornadus
|-damage|p1a: Tornadus|20/100
|
|t:|1760456661
|switch|p2a: zappy|Zapdos, shiny|46/100|[from] U-turn
|move|p1a: Tornadus|U-turn|p2a: zappy
|-resisted|p2a: zappy
|-damage|p2a: zappy|40/100
|
|t:|1760456669
|switch|p1a: Barraskewda|Barraskewda, M|48/100|[from] U-turn
|-damage|p1a: Barraskewda|36/100|[from] Stealth Rock
|
|-weather|RainDance|[upkeep]
|upkeep
|turn|25
|
|t:|1760456680
|switch|p2a: hops|Cinderace, F|51/100
|move|p1a: Barraskewda|Liquidation|p2a: hops
|-supereffective|p2a: hops
|-damage|p2a: hops|0 fnt
|faint|p2a: hops
|
|-weather|RainDance|[upkeep]
|upkeep
|
|t:|1760456705
|switch|p2a: what a blunder|Latios, M|100/100
|turn|26
|
|t:|1760456715
|switch|p1a: Tornadus|Tornadus-Therian, M|53/100
|-terastallize|p2a: what a blunder|Steel
|move|p2a: what a blunder|Luster Purge|p1a: Tornadus
|-damage|p1a: Tornadus|0 fnt
|faint|p1a: Tornadus
|
|-weather|none
|upkeep
|
|t:|1760456725
|switch|p1a: Barraskewda|Barraskewda, M|36/100
|-damage|p1a: Barraskewda|24/100|[from] Stealth Rock
|turn|27
|
|t:|1760456732
|switch|p1a: Pelipper|Pelipper, F|9/100
|-damage|p1a: Pelipper|0 fnt|[from] Stealth Rock
|faint|p1a: Pelipper
|move|p2a: what a blunder|Luster Purge|p1: Pelipper|[notarget]
|-fail|p2a: what a blunder
|
|upkeep
|
|t:|1760456739
|switch|p1a: Zapdos|Zapdos|33/100
|-damage|p1a: Zapdos|8/100|[from] Stealth Rock
|turn|28
|
|t:|1760456749
|move|p2a: what a blunder|Luster Purge|p1a: Zapdos
|-damage|p1a: Zapdos|0 fnt
|faint|p1a: Zapdos
|
|upkeep
|
|t:|1760456754
|switch|p1a: Barraskewda|Barraskewda, M|24/100
|-damage|p1a: Barraskewda|12/100|[from] Stealth Rock
|turn|29
|
|t:|1760456761
|switch|p2a: zappy|Zapdos, shiny|40/100
|-terastallize|p1a: Barraskewda|Ice
|move|p1a: Barraskewda|Ice Fang|p2a: zappy
|-supereffective|p2a: zappy
|-damage|p2a: zappy|0 fnt
|-status|p1a: Barraskewda|par|[from] ability: Static|[of] p2a: zappy
|faint|p2a: zappy
|
|upkeep
|
|t:|1760456768
|switch|p2a: :3|Sylveon, M|100/100
|turn|30
|-message|Lyfe01 forfeited.
|
|win|zelicious
|raw|Lyfe01's rating: 1132 &rarr; <strong>1107</strong><br />(-25 for losing)
|raw|zelicious's rating: 1130 &rarr; <strong>1155</strong><br />(+25 for winning)
|l|☆Lyfe01
|player|p1|
