|j|☆Macrozair
|j|☆Nymphex680
|t:|1760432379
|gametype|singles
|player|p1|Macrozair|harlequin|1181
|player|p2|Nymphex680|2|1198
|gen|9
|tier|[Gen 9] OU
|rated|
|rule|HP Percentage Mod: HP is shown in percentages
|rule|Endless Battle Clause: Forcing endless battles is banned
|rule|Species Clause: Limit one of each Pokémon
|rule|OHKO Clause: OHKO moves are banned
|rule|Evasion Items Clause: Evasion items are banned
|rule|Evasion Moves Clause: Evasion moves are banned
|rule|Evasion Abilities Clause: Evasion abilities are banned
|rule|Sleep Moves Clause: Sleep-inducing moves are banned
|clearpoke
|poke|p1|Kingambit, F|
|poke|p1|Deoxys-Speed|
|poke|p1|Great Tusk|
|poke|p1|Dragonite, M|
|poke|p1|Iron Moth|
|poke|p1|Primarina, F|
|poke|p2|Indeedee, M|
|poke|p2|Hatterene, F|
|poke|p2|Ursaluna, F|
|poke|p2|Iron Hands|
|poke|p2|Hoopa-Unbound|
|poke|p2|Mimikyu, F|
|teampreview
|inactive|Battle timer is ON: inactive players will automatically lose when time's up. (requested by Macrozair)
|inactive|Nymphex680 also wants the timer to be on.
|
|t:|1760432401
|teamsize|p1|6
|teamsize|p2|6
|start
|switch|p1a: Deoxys|Deoxys-Speed|100/100
|switch|p2a: Quan(H!|Iron Hands, shiny|100/100
|-ability|p1a: Deoxys|Pressure
|-enditem|p2a: Quan(H!|Booster Energy
|-activate|p2a: Quan(H!|ability: Quark Drive|[fromitem]
|-start|p2a: Quan(H!|quarkdriveatk
|turn|1
|
|t:|1760432413
|move|p1a: Deoxys|Psycho Boost|p2a: Quan(H!
|-supereffective|p2a: Quan(H!
|-crit|p2a: Quan(H!
|-damage|p2a: Quan(H!|0 fnt
|-unboost|p1a: Deoxys|spa|2
|faint|p2a: Quan(H!
|-end|p2a: Quan(H!|Quark Drive|[silent]
|-damage|p1a: Deoxys|91/100|[from] item: Life Orb
|
|upkeep
|
|t:|1760432424
|switch|p2a: Come@me|Indeedee, M, shiny|100/100
|-fieldstart|move: Psychic Terrain|[from] ability: Psychic Surge|[of] p2a: Come@me
|turn|2
|
|t:|1760432452
|move|p1a: Deoxys|Nasty Plot|p1a: Deoxys
|-boost|p1a: Deoxys|spa|2
|move|p2a: Come@me|Trick Room|p2a: Come@me
|-fieldstart|move: Trick Room|[of] p2a: Come@me
|
|upkeep
|turn|3
|
|t:|1760432462
|move|p2a: Come@me|Encore|p1a: Deoxys
|-start|p1a: Deoxys|Encore
|move|p1a: Deoxys|Nasty Plot|p1a: Deoxys
|-boost|p1a: Deoxys|spa|2
|
|upkeep
|turn|4
|
|t:|1760432478
|switch|p2a: Ub3@r|Ursaluna, F, shiny|100/100
|switch|p1a: Great Tusk|Great Tusk|100/100
|-enditem|p1a: Great Tusk|Booster Energy
|-activate|p1a: Great Tusk|ability: Protosynthesis|[fromitem]
|-start|p1a: Great Tusk|protosynthesisatk
|
|-status|p2a: Ub3@r|brn|[from] item: Flame Orb
|upkeep
|turn|5
|
|t:|1760432496
|move|p2a: Ub3@r|Ice Punch|p1a: Great Tusk
|-supereffective|p1a: Great Tusk
|-damage|p1a: Great Tusk|35/100
|move|p1a: Great Tusk|Close Combat|p2a: Ub3@r
|-supereffective|p2a: Ub3@r
|-damage|p2a: Ub3@r|0 fnt
|-unboost|p1a: Great Tusk|def|1
|-unboost|p1a: Great Tusk|spd|1
|faint|p2a: Ub3@r
|
|upkeep
|
|t:|1760432510
|switch|p2a: W!tch|Hatterene, F, shiny|100/100
|turn|6
|
|t:|1760432527
|-end|p1a: Great Tusk|Protosynthesis|[silent]
|switch|p1a: Kingambit|Kingambit, F|100/100
|move|p2a: W!tch|Draining Kiss|p1a: Kingambit
|-damage|p1a: Kingambit|59/100
|-damage|p2a: W!tch|91/100|[from] item: Life Orb
|
|-heal|p1a: Kingambit|65/100|[from] item: Leftovers
|-fieldend|move: Trick Room
|upkeep
|turn|7
|
|t:|1760432549
|move|p1a: Kingambit|Iron Head|p2a: W!tch
|-supereffective|p2a: W!tch
|-damage|p2a: W!tch|0 fnt
|faint|p2a: W!tch
|
|-heal|p1a: Kingambit|71/100|[from] item: Leftovers
|upkeep
|inactive|Nymphex680 has 120 seconds left.
|
|t:|1760432561
|switch|p2a: PikA(hU|Mimikyu, F, shiny|100/100
|turn|8
|
|t:|1760432571
|move|p1a: Kingambit|Sucker Punch||[still]
|-fail|p1a: Kingambit
|move|p2a: PikA(hU|Trick Room|p2a: PikA(hU
|-fieldstart|move: Trick Room|[of] p2a: PikA(hU
|
|-heal|p1a: Kingambit|77/100|[from] item: Leftovers
|upkeep
|turn|9
|
|t:|1760432583
|switch|p2a: P0r+aL|Hoopa-Unbound|100/100
|-enditem|p2a: P0r+aL|Psychic Seed
|-boost|p2a: P0r+aL|spd|1|[from] item: Psychic Seed
|move|p1a: Kingambit|Iron Head|p2a: P0r+aL
|-damage|p2a: P0r+aL|45/100
|
|-heal|p1a: Kingambit|83/100|[from] item: Leftovers
|-fieldend|move: Psychic Terrain
|upkeep
|turn|10
|
|t:|1760432600
|move|p2a: P0r+aL|Focus Blast|p1a: Kingambit|[miss]
|-miss|p2a: P0r+aL|p1a: Kingambit
|move|p1a: Kingambit|Kowtow Cleave|p2a: P0r+aL
|-damage|p2a: P0r+aL|0 fnt
|faint|p2a: P0r+aL
|
|-heal|p1a: Kingambit|90/100|[from] item: Leftovers
|upkeep
|-message|Nymphex680 forfeited.
|
|win|Macrozair
|raw|Macrozair's rating: 1181 &rarr; <strong>1207</strong><br />(+26 for winning)
|raw|Nymphex680's rating: 1198 &rarr; <strong>1172</strong><br />(-26 for losing)
|l|☆Nymphex680
|player|p2|
|l|☆Macrozair
|player|p1|
