|j|☆hexonicgd
|j|☆kevtur6
|t:|1760362184
|gametype|singles
|player|p1|hexonicgd|caitlin|1264
|player|p2|kevtur6|n|1250
|gen|9
|tier|[Gen 9] OU
|rated|
|rule|HP Percentage Mod: HP is shown in percentages
|rule|Endless Battle Clause: Forcing endless battles is banned
|rule|Species Clause: Limit one of each Pokémon
|rule|OHKO Clause: OHKO moves are banned
|rule|Evasion Items Clause: Evasion items are banned
|rule|Evasion Moves Clause: Evasion moves are banned
|rule|Evasion Abilities Clause: Evasion abilities are banned
|rule|Sleep Moves Clause: Sleep-inducing moves are banned
|clearpoke
|poke|p1|Landorus-Therian, M|
|poke|p1|Samurott-Hisui, M|
|poke|p1|Pecharunt|
|poke|p1|Scizor, F|
|poke|p1|Latios, M|
|poke|p1|Zamazenta-*|
|poke|p2|Froslass, F|
|poke|p2|Iron Valiant|
|poke|p2|Kingambit, M|
|poke|p2|Great Tusk|
|poke|p2|Heatran, M|
|poke|p2|Dragapult, F|
|teampreview
|inactive|Battle timer is ON: inactive players will automatically lose when time's up. (requested by kevtur6)
|
|t:|1760362193
|teamsize|p1|6
|teamsize|p2|6
|start
|switch|p1a: Landorus|Landorus-Therian, M|100/100
|switch|p2a: Froslass|Froslass, F, shiny|100/100
|-ability|p1a: Landorus|Intimidate|boost
|-unboost|p2a: Froslass|atk|1
|turn|1
|
|t:|1760362206
|move|p2a: Froslass|Ice Beam|p1a: Landorus
|-supereffective|p1a: Landorus
|-damage|p1a: Landorus|0 fnt
|faint|p1a: Landorus
|
|upkeep
|
|t:|1760362214
|switch|p1a: Scizor|Scizor, F|100/100
|turn|2
|
|t:|1760362218
|move|p2a: Froslass|Spikes|p1a: Scizor
|-sidestart|p1: hexonicgd|Spikes
|move|p1a: Scizor|Swords Dance|p1a: Scizor
|-boost|p1a: Scizor|atk|2
|
|upkeep
|turn|3
|
|t:|1760362223
|move|p2a: Froslass|Spikes|p1a: Scizor
|-sidestart|p1: hexonicgd|Spikes
|move|p1a: Scizor|Knock Off|p2a: Froslass
|-supereffective|p2a: Froslass
|-enditem|p2a: Froslass|Focus Sash
|-damage|p2a: Froslass|1/100
|
|upkeep
|turn|4
|
|t:|1760362231
|move|p1a: Scizor|Bullet Punch|p2a: Froslass
|-supereffective|p2a: Froslass
|-damage|p2a: Froslass|0 fnt
|-start|p1a: Scizor|Disable|Bullet Punch|[from] ability: Cursed Body|[of] p2a: Froslass
|faint|p2a: Froslass
|
|upkeep
|
|t:|1760362243
|switch|p2a: Heatran|Heatran, M|100/100
|turn|5
|
|t:|1760362250
|-terastallize|p1a: Scizor|Fire
|move|p1a: Scizor|Knock Off|p2a: Heatran
|-damage|p2a: Heatran|37/100
|-enditem|p2a: Heatran|Leftovers|[from] move: Knock Off|[of] p1a: Scizor
|move|p2a: Heatran|Magma Storm|p1a: Scizor
|-resisted|p1a: Scizor
|-damage|p1a: Scizor|67/100
|-activate|p1a: Scizor|move: Magma Storm|[of] p2a: Heatran
|
|-damage|p1a: Scizor|55/100|[from] move: Magma Storm|[partiallytrapped]
|upkeep
|turn|6
|
|t:|1760362267
|-terastallize|p2a: Heatran|Grass
|move|p1a: Scizor|Knock Off|p2a: Heatran
|-damage|p2a: Heatran|0 fnt
|faint|p2a: Heatran
|
|-end|p1a: Scizor|Magma Storm|[partiallytrapped]|[silent]
|upkeep
|
|t:|1760362273
|switch|p2a: Dragapult|Dragapult, F|100/100
|turn|7
|
|t:|1760362290
|switch|p1a: Samurott|Samurott-Hisui, M|100/100
|-damage|p1a: Samurott|84/100|[from] Spikes
|move|p2a: Dragapult|Dragon Darts|p1a: Samurott
|-damage|p1a: Samurott|39/100
|-anim|p2a: Dragapult|Dragon Darts|p1a: Samurott
|-crit|p1a: Samurott
|-damage|p1a: Samurott|0 fnt
|faint|p1a: Samurott
|
|upkeep
|inactive|hexonicgd has 120 seconds left.
|
|t:|1760362312
|switch|p1a: Latios|Latios, M|100/100
|turn|8
|
|t:|1760362317
|move|p2a: Dragapult|Dragon Darts|p1a: Latios
|-supereffective|p1a: Latios
|-damage|p1a: Latios|0 fnt
|faint|p1a: Latios
|
|upkeep
|
|t:|1760362319
|switch|p1a: Zamazenta|Zamazenta|100/100
|-damage|p1a: Zamazenta|84/100|[from] Spikes
|-ability|p1a: Zamazenta|Dauntless Shield|boost
|-boost|p1a: Zamazenta|def|1
|turn|9
|
|t:|1760362324
|move|p2a: Dragapult|Dragon Darts|p1a: Zamazenta
|-damage|p1a: Zamazenta|66/100
|-anim|p2a: Dragapult|Dragon Darts|p1a: Zamazenta
|-damage|p1a: Zamazenta|48/100
|move|p1a: Zamazenta|Crunch|p2a: Dragapult
|-supereffective|p2a: Dragapult
|-damage|p2a: Dragapult|39/100
|
|-heal|p1a: Zamazenta|54/100|[from] item: Leftovers
|upkeep
|turn|10
|
|t:|1760362333
|move|p2a: Dragapult|Dragon Darts|p1a: Zamazenta
|-damage|p1a: Zamazenta|35/100
|-anim|p2a: Dragapult|Dragon Darts|p1a: Zamazenta
|-damage|p1a: Zamazenta|17/100
|move|p1a: Zamazenta|Iron Defense|p1a: Zamazenta
|-boost|p1a: Zamazenta|def|2
|
|-heal|p1a: Zamazenta|23/100|[from] item: Leftovers
|upkeep
|turn|11
|
|t:|1760362341
|move|p2a: Dragapult|Dragon Darts|p1a: Zamazenta
|-damage|p1a: Zamazenta|13/100
|-anim|p2a: Dragapult|Dragon Darts|p1a: Zamazenta
|-damage|p1a: Zamazenta|3/100
|move|p1a: Zamazenta|Crunch|p2a: Dragapult
|-supereffective|p2a: Dragapult
|-damage|p2a: Dragapult|0 fnt
|faint|p2a: Dragapult
|
|-heal|p1a: Zamazenta|9/100|[from] item: Leftovers
|upkeep
|
|t:|1760362351
|switch|p2a: Iron Valiant|Iron Valiant|100/100
|-enditem|p2a: Iron Valiant|Booster Energy
|-activate|p2a: Iron Valiant|ability: Quark Drive|[fromitem]
|-start|p2a: Iron Valiant|quarkdrivespe
|turn|12
|-message|hexonicgd forfeited.
|
|win|kevtur6
|raw|hexonicgd's rating: 1264 &rarr; <strong>1238</strong><br />(-26 for losing)
|raw|kevtur6's rating: 1250 &rarr; <strong>1276</strong><br />(+26 for winning)
|l|☆hexonicgd
|player|p1|
|l|☆kevtur6
|player|p2|
