|j|☆leonstrall
|j|☆serov
|t:|1760342230
|gametype|singles
|player|p1|leonstrall|shadowtriad|1369
|player|p2|serov|blue|1307
|gen|9
|tier|[Gen 9] OU
|rated|
|rule|HP Percentage Mod: HP is shown in percentages
|rule|Endless Battle Clause: Forcing endless battles is banned
|rule|Species Clause: Limit one of each Pokémon
|rule|OHKO Clause: OHKO moves are banned
|rule|Evasion Items Clause: Evasion items are banned
|rule|Evasion Moves Clause: Evasion moves are banned
|rule|Evasion Abilities Clause: Evasion abilities are banned
|rule|Sleep Moves Clause: Sleep-inducing moves are banned
|clearpoke
|poke|p1|Slowking-Galar, M|
|poke|p1|Articuno|
|poke|p1|Great Tusk|
|poke|p1|Raging Bolt|
|poke|p1|Samurott-Hisui, M|
|poke|p1|Enamorus, F|
|poke|p2|Weavile, M|
|poke|p2|Dragonite, M|
|poke|p2|Gliscor, M|
|poke|p2|Clefable, F|
|poke|p2|Corviknight, F|
|poke|p2|Ting-Lu|
|teampreview
|inactive|Battle timer is ON: inactive players will automatically lose when time's up. (requested by serov)
|inactive|serov has 120 seconds left.
|
|t:|1760342290
|teamsize|p1|6
|teamsize|p2|6
|start
|switch|p1a: Raging Bolt|Raging Bolt|100/100
|switch|p2a: Yuji Itadori|Gliscor, M, shiny|100/100
|-enditem|p1a: Raging Bolt|Booster Energy
|-activate|p1a: Raging Bolt|ability: Protosynthesis|[fromitem]
|-start|p1a: Raging Bolt|protosynthesisspa
|turn|1
|j| Narwhale37
|
|t:|1760342313
|switch|p2a: Cuphead|Ting-Lu|100/100
|-ability|p2a: Cuphead|Vessel of Ruin
|move|p1a: Raging Bolt|Dragon Pulse|p2a: Cuphead
|-damage|p2a: Cuphead|71/100
|
|-heal|p2a: Cuphead|77/100|[from] item: Leftovers
|upkeep
|turn|2
|
|t:|1760342326
|-end|p1a: Raging Bolt|Protosynthesis|[silent]
|switch|p1a: Articuno|Articuno|100/100
|-ability|p1a: Articuno|Pressure
|move|p2a: Cuphead|Stealth Rock|p1a: Articuno
|-sidestart|p1: leonstrall|move: Stealth Rock
|
|-heal|p2a: Cuphead|84/100|[from] item: Leftovers
|upkeep
|turn|3
|inactive|serov has 120 seconds left.
|
|t:|1760342353
|move|p1a: Articuno|U-turn|p2a: Cuphead
|-supereffective|p2a: Cuphead
|-damage|p2a: Cuphead|70/100
|
|t:|1760342360
|switch|p1a: Great Tusk|Great Tusk|100/100|[from] U-turn
|-damage|p1a: Great Tusk|98/100|[from] Stealth Rock
|move|p2a: Cuphead|Ruination|p1a: Great Tusk
|-damage|p1a: Great Tusk|49/100
|
|-heal|p1a: Great Tusk|55/100|[from] item: Leftovers
|-heal|p2a: Cuphead|76/100|[from] item: Leftovers
|upkeep
|turn|4
|inactive|serov has 120 seconds left.
|
|t:|1760342372
|switch|p2a: Murder|Corviknight, F|100/100
|-ability|p2a: Murder|Pressure
|move|p1a: Great Tusk|Stealth Rock|p2a: Murder
|-sidestart|p2: serov|move: Stealth Rock
|
|-heal|p1a: Great Tusk|62/100|[from] item: Leftovers
|upkeep
|turn|5
|inactive|serov has 120 seconds left.
|
|t:|1760342387
|-end|p1a: Great Tusk|Protosynthesis|[silent]
|switch|p1a: Slowking|Slowking-Galar, M|100/100
|move|p2a: Murder|Brave Bird|p1a: Slowking
|-damage|p1a: Slowking|62/100
|-damage|p2a: Murder|87/100|[from] Recoil
|
|upkeep
|turn|6
|inactive|serov has 120 seconds left.
|
|t:|1760342414
|switch|p2a: Yuji Itadori|Gliscor, M, shiny|100/100
|-damage|p2a: Yuji Itadori|88/100|[from] Stealth Rock
|-prepare|p1a: Slowking|Chilly Reception|[premajor]
|move|p1a: Slowking|Chilly Reception|p1a: Slowking
|-weather|Snowscape
|
|t:|1760342425
|switch|p1a: Great Tusk|Great Tusk|62/100|[from] Chilly Reception
|-damage|p1a: Great Tusk|59/100|[from] Stealth Rock
|
|-weather|Snowscape|[upkeep]
|-heal|p1a: Great Tusk|65/100|[from] item: Leftovers
|-status|p2a: Yuji Itadori|tox|[from] item: Toxic Orb
|upkeep
|turn|7
|
|t:|1760342434
|switch|p2a: Murder|Corviknight, F|87/100
|-damage|p2a: Murder|75/100|[from] Stealth Rock
|-ability|p2a: Murder|Pressure
|move|p1a: Great Tusk|Ice Spinner|p2a: Murder
|-damage|p2a: Murder|61/100
|-damage|p1a: Great Tusk|48/100|[from] item: Rocky Helmet|[of] p2a: Murder
|
|-weather|Snowscape|[upkeep]
|-heal|p1a: Great Tusk|54/100|[from] item: Leftovers
|upkeep
|turn|8
|inactive|serov has 120 seconds left.
|
|t:|1760342460
|-end|p1a: Great Tusk|Protosynthesis|[silent]
|switch|p1a: Raging Bolt|Raging Bolt|100/100
|-damage|p1a: Raging Bolt|88/100|[from] Stealth Rock
|move|p2a: Murder|Roost|p2a: Murder
|-heal|p2a: Murder|100/100
|-singleturn|p2a: Murder|move: Roost
|
|-weather|Snowscape|[upkeep]
|upkeep
|turn|9
|inactive|serov has 120 seconds left.
|
|t:|1760342470
|switch|p2a: Cuphead|Ting-Lu|76/100
|-damage|p2a: Cuphead|70/100|[from] Stealth Rock
|-ability|p2a: Cuphead|Vessel of Ruin
|move|p1a: Raging Bolt|Calm Mind|p1a: Raging Bolt
|-boost|p1a: Raging Bolt|spa|1
|-boost|p1a: Raging Bolt|spd|1
|
|-weather|Snowscape|[upkeep]
|-heal|p2a: Cuphead|76/100|[from] item: Leftovers
|upkeep
|turn|10
|
|t:|1760342485
|move|p1a: Raging Bolt|Dragon Pulse|p2a: Cuphead
|-damage|p2a: Cuphead|45/100
|move|p2a: Cuphead|Earthquake|p1a: Raging Bolt
|-supereffective|p1a: Raging Bolt
|-damage|p1a: Raging Bolt|19/100
|
|-weather|none
|-heal|p2a: Cuphead|51/100|[from] item: Leftovers
|upkeep
|turn|11
|
|t:|1760342496
|-end|p1a: Raging Bolt|Protosynthesis|[silent]
|switch|p1a: Enamorus|Enamorus, F|100/100
|-damage|p1a: Enamorus|76/100|[from] Stealth Rock
|move|p2a: Cuphead|Earthquake|p1a: Enamorus
|-immune|p1a: Enamorus
|
|-heal|p2a: Cuphead|58/100|[from] item: Leftovers
|upkeep
|turn|12
|inactive|leonstrall has 120 seconds left.
|
|t:|1760342517
|switch|p2a: Murder|Corviknight, F|100/100
|-damage|p2a: Murder|88/100|[from] Stealth Rock
|-ability|p2a: Murder|Pressure
|move|p1a: Enamorus|Moonblast|p2a: Murder
|-resisted|p2a: Murder
|-damage|p2a: Murder|61/100
|
|upkeep
|turn|13
|inactive|leonstrall has 120 seconds left.
|
|t:|1760342535
|switch|p1a: Great Tusk|Great Tusk|54/100
|-damage|p1a: Great Tusk|51/100|[from] Stealth Rock
|move|p2a: Murder|Roost|p2a: Murder
|-heal|p2a: Murder|100/100
|-singleturn|p2a: Murder|move: Roost
|
|-heal|p1a: Great Tusk|58/100|[from] item: Leftovers
|upkeep
|turn|14
|
|t:|1760342548
|move|p1a: Great Tusk|Rapid Spin|p2a: Murder
|-resisted|p2a: Murder
|-crit|p2a: Murder
|-damage|p2a: Murder|93/100
|-boost|p1a: Great Tusk|spe|1
|-damage|p1a: Great Tusk|41/100|[from] item: Rocky Helmet|[of] p2a: Murder
|-sideend|p1: leonstrall|Stealth Rock|[from] move: Rapid Spin|[of] p1a: Great Tusk
|move|p2a: Murder|Brave Bird|p1a: Great Tusk
|-supereffective|p1a: Great Tusk
|-damage|p1a: Great Tusk|4/100
|-damage|p2a: Murder|79/100|[from] Recoil
|
|-heal|p1a: Great Tusk|10/100|[from] item: Leftovers
|upkeep
|turn|15
|
|t:|1760342564
|-end|p1a: Great Tusk|Protosynthesis|[silent]
|switch|p1a: Raging Bolt|Raging Bolt|19/100
|move|p2a: Murder|Body Press|p1a: Raging Bolt
|-damage|p1a: Raging Bolt|0 fnt
|faint|p1a: Raging Bolt
|-end|p1a: Raging Bolt|Protosynthesis|[silent]
|
|upkeep
|inactive|leonstrall has 90 seconds left.
|
|t:|1760342588
|switch|p1a: Enamorus|Enamorus, F|76/100
|turn|16
|
|t:|1760342608
|switch|p2a: Yuji Itadori|Gliscor, M, shiny|88/100 tox
|-damage|p2a: Yuji Itadori|75/100 tox|[from] Stealth Rock
|-terastallize|p1a: Enamorus|Stellar
|move|p1a: Enamorus|Tera Blast|p2a: Yuji Itadori|[anim] Tera Blast Stellar
|-damage|p2a: Yuji Itadori|38/100 tox
|-boost|p1a: Enamorus|atk|1
|-boost|p1a: Enamorus|spa|1
|
|-heal|p2a: Yuji Itadori|50/100 tox|[from] ability: Poison Heal
|upkeep
|turn|17
|
|t:|1760342627
|move|p2a: Yuji Itadori|Protect|p2a: Yuji Itadori
|-singleturn|p2a: Yuji Itadori|Protect
|move|p1a: Enamorus|Tera Blast|p2a: Yuji Itadori|[anim] Tera Blast Stellar
|-activate|p2a: Yuji Itadori|move: Protect
|
|-heal|p2a: Yuji Itadori|63/100 tox|[from] ability: Poison Heal
|upkeep
|turn|18
|inactive|leonstrall has 90 seconds left.
|inactive|serov has 120 seconds left.
|
|t:|1760342667
|switch|p2a: Cuphead|Ting-Lu|58/100
|-damage|p2a: Cuphead|51/100|[from] Stealth Rock
|-ability|p2a: Cuphead|Vessel of Ruin
|move|p1a: Enamorus|Tera Blast|p2a: Cuphead|[anim] Tera Blast Stellar
|-damage|p2a: Cuphead|28/100
|-boost|p1a: Enamorus|atk|1
|-boost|p1a: Enamorus|spa|1
|
|-heal|p2a: Cuphead|34/100|[from] item: Leftovers
|upkeep
|turn|19
|inactive|leonstrall has 90 seconds left.
|
|t:|1760342680
|move|p1a: Enamorus|Tera Blast|p2a: Cuphead|[anim] Tera Blast Stellar
|-damage|p2a: Cuphead|5/100
|-boost|p1a: Enamorus|atk|1
|-boost|p1a: Enamorus|spa|1
|move|p2a: Cuphead|Ruination|p1a: Enamorus
|-damage|p1a: Enamorus|38/100
|
|-heal|p2a: Cuphead|11/100|[from] item: Leftovers
|upkeep
|turn|20
|inactive|leonstrall has 90 seconds left.
|
|t:|1760342694
|move|p1a: Enamorus|Tera Blast|p2a: Cuphead|[anim] Tera Blast Stellar
|-damage|p2a: Cuphead|0 fnt
|-boost|p1a: Enamorus|atk|1
|-boost|p1a: Enamorus|spa|1
|faint|p2a: Cuphead
|
|upkeep
|
|t:|1760342700
|switch|p2a: Blitz|Weavile, M|100/100
|-ability|p2a: Blitz|Pressure
|turn|21
|
|t:|1760342712
|move|p2a: Blitz|Ice Shard|p1a: Enamorus
|-supereffective|p1a: Enamorus
|-damage|p1a: Enamorus|0 fnt
|faint|p1a: Enamorus
|
|upkeep
|
|t:|1760342720
|switch|p1a: Articuno|Articuno|100/100
|-ability|p1a: Articuno|Pressure
|turn|22
|inactive|serov has 90 seconds left.
|
|t:|1760342751
|switch|p2a: Murder|Corviknight, F|79/100
|-damage|p2a: Murder|66/100|[from] Stealth Rock
|-ability|p2a: Murder|Pressure
|move|p1a: Articuno|U-turn|p2a: Murder
|-resisted|p2a: Murder
|-damage|p2a: Murder|64/100
|-damage|p1a: Articuno|84/100|[from] item: Rocky Helmet|[of] p2a: Murder
|inactive|leonstrall has 90 seconds left.
|
|t:|1760342767
|switch|p1a: Samurott|Samurott-Hisui, M|100/100|[from] U-turn
|
|upkeep
|turn|23
|
|t:|1760342776
|move|p1a: Samurott|Razor Shell|p2a: Murder
|-damage|p2a: Murder|33/100
|-damage|p1a: Samurott|84/100|[from] item: Rocky Helmet|[of] p2a: Murder
|move|p2a: Murder|Body Press|p1a: Samurott
|-supereffective|p1a: Samurott
|-damage|p1a: Samurott|15/100
|
|upkeep
|turn|24
|
|t:|1760342786
|move|p1a: Samurott|Razor Shell|p2a: Murder
|-damage|p2a: Murder|0 fnt
|-damage|p1a: Samurott|0 fnt|[from] item: Rocky Helmet|[of] p2a: Murder
|faint|p2a: Murder
|faint|p1a: Samurott
|
|upkeep
|
|t:|1760342804
|switch|p1a: Slowking|Slowking-Galar, M|95/100
|switch|p2a: Blitz|Weavile, M|100/100
|-ability|p2a: Blitz|Pressure
|turn|25
|inactive|leonstrall has 90 seconds left.
|l|☆leonstrall
|inactive|leonstrall disconnected and has a minute to reconnect!
|player|p1|
|inactive|serov has 90 seconds left.
|j|☆leonstrall
|inactive|leonstrall reconnected and has 65 seconds left.
|player|p1|leonstrall|shadowtriad|
|inactive|leonstrall has 60 seconds left.
|
|t:|1760342850
|switch|p2a: Yuji Itadori|Gliscor, M, shiny|63/100 tox
|-damage|p2a: Yuji Itadori|50/100 tox|[from] Stealth Rock
|move|p1a: Slowking|Toxic|p2a: Yuji Itadori
|-fail|p2a: Yuji Itadori|tox
|
|-heal|p2a: Yuji Itadori|63/100 tox|[from] ability: Poison Heal
|upkeep
|turn|26
|inactive|serov has 90 seconds left.
|
|t:|1760342864
|move|p2a: Yuji Itadori|Swords Dance|p2a: Yuji Itadori
|-boost|p2a: Yuji Itadori|atk|2
|move|p1a: Slowking|Future Sight|p2a: Yuji Itadori
|-start|p1a: Slowking|move: Future Sight
|
|-heal|p2a: Yuji Itadori|75/100 tox|[from] ability: Poison Heal
|upkeep
|turn|27
|
|t:|1760342874
|move|p2a: Yuji Itadori|Facade|p1a: Slowking
|-damage|p1a: Slowking|35/100
|-prepare|p1a: Slowking|Chilly Reception|[premajor]
|move|p1a: Slowking|Chilly Reception|p1a: Slowking
|-weather|Snowscape
|
|t:|1760342881
|switch|p1a: Articuno|Articuno|84/100|[from] Chilly Reception
|-ability|p1a: Articuno|Pressure
|
|-weather|Snowscape|[upkeep]
|-heal|p2a: Yuji Itadori|88/100 tox|[from] ability: Poison Heal
|upkeep
|turn|28
|
|t:|1760342893
|move|p2a: Yuji Itadori|Protect|p2a: Yuji Itadori
|-singleturn|p2a: Yuji Itadori|Protect
|move|p1a: Articuno|Tera Blast|p2a: Yuji Itadori
|-activate|p2a: Yuji Itadori|move: Protect
|
|-weather|Snowscape|[upkeep]
|-end|p2a: Yuji Itadori|move: Future Sight
|-damage|p2a: Yuji Itadori|46/100 tox
|-heal|p2a: Yuji Itadori|59/100 tox|[from] ability: Poison Heal
|upkeep
|turn|29
|
|t:|1760342906
|move|p2a: Yuji Itadori|Facade|p1a: Articuno
|-damage|p1a: Articuno|46/100
|move|p1a: Articuno|Freeze-Dry|p2a: Yuji Itadori
|-supereffective|p2a: Yuji Itadori
|-damage|p2a: Yuji Itadori|0 fnt
|faint|p2a: Yuji Itadori
|
|-weather|Snowscape|[upkeep]
|upkeep
|inactive|serov has 90 seconds left.
|
|t:|1760342930
|switch|p2a: Blitz|Weavile, M|100/100
|-ability|p2a: Blitz|Pressure
|turn|30
|inactive|serov has 90 seconds left.
|
|t:|1760342940
|-terastallize|p2a: Blitz|Fire
|move|p2a: Blitz|Swords Dance|p2a: Blitz
|-boost|p2a: Blitz|atk|2
|move|p1a: Articuno|Roost|p1a: Articuno
|-heal|p1a: Articuno|96/100
|-singleturn|p1a: Articuno|move: Roost
|
|-weather|Snowscape|[upkeep]
|upkeep
|turn|31
|inactive|leonstrall has 90 seconds left.
|inactive|serov has 90 seconds left.
|
|t:|1760342955
|move|p2a: Blitz|Knock Off|p1a: Articuno
|-damage|p1a: Articuno|37/100
|-enditem|p1a: Articuno|Heavy-Duty Boots|[from] move: Knock Off|[of] p2a: Blitz
|move|p1a: Articuno|Tera Blast|p2a: Blitz
|-damage|p2a: Blitz|65/100
|
|-weather|none
|upkeep
|turn|32
|inactive|leonstrall has 90 seconds left.
|inactive|serov has 90 seconds left.
|
|t:|1760342967
|move|p2a: Blitz|Knock Off|p1a: Articuno
|-damage|p1a: Articuno|0 fnt
|faint|p1a: Articuno
|
|upkeep
|
|t:|1760342973
|switch|p1a: Great Tusk|Great Tusk|10/100
|turn|33
|inactive|leonstrall has 90 seconds left.
|
|t:|1760342979
|move|p2a: Blitz|Ice Shard|p1a: Great Tusk
|-supereffective|p1a: Great Tusk
|-damage|p1a: Great Tusk|0 fnt
|faint|p1a: Great Tusk
|-end|p1a: Great Tusk|Protosynthesis|[silent]
|
|upkeep
|inactive|leonstrall has 90 seconds left.
|
|t:|1760342984
|switch|p1a: Slowking|Slowking-Galar, M|68/100
|turn|34
|
|t:|1760342987
|move|p2a: Blitz|Knock Off|p1a: Slowking
|-supereffective|p1a: Slowking
|-damage|p1a: Slowking|0 fnt
|-enditem|p1a: Slowking|Heavy-Duty Boots|[from] move: Knock Off|[of] p2a: Blitz
|faint|p1a: Slowking
|
|win|serov
|raw|leonstrall's rating: 1369 &rarr; <strong>1345</strong><br />(-24 for losing)
|raw|serov's rating: 1307 &rarr; <strong>1331</strong><br />(+24 for winning)
|l|☆serov
|player|p2|
|l| Narwhale37
|l|☆leonstrall
|player|p1|
