|j|☆Ugo1531355
|j|☆YQMXLL
|t:|1760347162
|gametype|singles
|player|p1|Ugo1531355|fisherman-gen4|1510
|player|p2|YQMXLL|102|1499
|gen|9
|tier|[Gen 9] OU
|rated|
|rule|HP Percentage Mod: HP is shown in percentages
|rule|Endless Battle Clause: Forcing endless battles is banned
|rule|Species Clause: Limit one of each Pokémon
|rule|OHKO Clause: OHKO moves are banned
|rule|Evasion Items Clause: Evasion items are banned
|rule|Evasion Moves Clause: Evasion moves are banned
|rule|Evasion Abilities Clause: Evasion abilities are banned
|rule|Sleep Moves Clause: Sleep-inducing moves are banned
|clearpoke
|poke|p1|Clefable, M|
|poke|p1|Gholdengo|
|poke|p1|Gliscor, F|
|poke|p1|Ogerpon-Wellspring, F|
|poke|p1|Kyurem|
|poke|p1|Darkrai|
|poke|p2|Alomomola, F|
|poke|p2|Dondozo, M|
|poke|p2|Gliscor, M|
|poke|p2|Toxapex, F|
|poke|p2|Corviknight, M|
|poke|p2|Chansey, F|
|teampreview
|c|☆Ugo1531355|glhf
|
|t:|1760347184
|teamsize|p1|6
|teamsize|p2|6
|start
|switch|p1a: Gliscor|Gliscor, F|100/100
|switch|p2a: Toxapex|Toxapex, F|100/100
|turn|1
|inactive|Battle timer is ON: inactive players will automatically lose when time's up. (requested by Ugo1531355)
|
|t:|1760347198
|move|p1a: Gliscor|Knock Off|p2a: Toxapex
|-damage|p2a: Toxapex|86/100
|-enditem|p2a: Toxapex|Heavy-Duty Boots|[from] move: Knock Off|[of] p1a: Gliscor
|move|p2a: Toxapex|Toxic Spikes|p1a: Gliscor
|-sidestart|p1: Ugo1531355|move: Toxic Spikes
|
|-status|p1a: Gliscor|tox|[from] item: Toxic Orb
|upkeep
|turn|2
|
|t:|1760347205
|move|p1a: Gliscor|Spikes|p2a: Toxapex
|-sidestart|p2: YQMXLL|Spikes
|move|p2a: Toxapex|Toxic Spikes|p1a: Gliscor
|-sidestart|p1: Ugo1531355|move: Toxic Spikes
|
|upkeep
|turn|3
|
|t:|1760347208
|switch|p2a: Gliscor|Gliscor, M|100/100
|move|p1a: Gliscor|Spikes|p2a: Gliscor
|-sidestart|p2: YQMXLL|Spikes
|
|-status|p2a: Gliscor|tox|[from] item: Toxic Orb
|upkeep
|turn|4
|
|t:|1760347213
|move|p2a: Gliscor|Taunt|p1a: Gliscor
|-start|p1a: Gliscor|move: Taunt
|cant|p1a: Gliscor|move: Taunt|Stealth Rock
|
|upkeep
|turn|5
|
|t:|1760347228
|switch|p1a: Clefable|Clefable, M|100/100
|-status|p1a: Clefable|tox
|move|p2a: Gliscor|Knock Off|p1a: Clefable
|-resisted|p1a: Clefable
|-damage|p1a: Clefable|92/100 tox
|-enditem|p1a: Clefable|Leftovers|[from] move: Knock Off|[of] p2a: Gliscor
|
|upkeep
|turn|6
|
|t:|1760347241
|move|p2a: Gliscor|Taunt|p1a: Clefable
|-start|p1a: Clefable|move: Taunt
|move|p1a: Clefable|Moonblast|p2a: Gliscor
|-damage|p2a: Gliscor|57/100 tox
|
|-heal|p2a: Gliscor|69/100 tox|[from] ability: Poison Heal
|upkeep
|turn|7
|
|t:|1760347261
|switch|p2a: Alomomola|Alomomola, F|100/100
|move|p1a: Clefable|Moonblast|p2a: Alomomola
|-damage|p2a: Alomomola|75/100
|
|upkeep
|turn|8
|
|t:|1760347265
|move|p1a: Clefable|Moonblast|p2a: Alomomola
|-damage|p2a: Alomomola|51/100
|-unboost|p2a: Alomomola|spa|1
|move|p2a: Alomomola|Mirror Coat|p1a: Clefable
|-damage|p1a: Clefable|26/100 tox
|
|-end|p1a: Clefable|move: Taunt
|upkeep
|turn|9
|
|t:|1760347278
|switch|p2a: Toxapex|Toxapex, F|100/100
|-damage|p2a: Toxapex|84/100|[from] Spikes
|move|p1a: Clefable|Moonlight|p1a: Clefable
|-heal|p1a: Clefable|76/100 tox
|
|upkeep
|turn|10
|
|t:|1760347296
|move|p1a: Clefable|Calm Mind|p1a: Clefable
|-boost|p1a: Clefable|spa|1
|-boost|p1a: Clefable|spd|1
|move|p2a: Toxapex|Pain Split|p1a: Clefable
|-sethp|p1a: Clefable|70/100 tox|[from] move: Pain Split|[silent]
|-sethp|p2a: Toxapex|91/100|[from] move: Pain Split
|
|upkeep
|turn|11
|
|t:|1760347305
|switch|p2a: Chansey|Chansey, F|100/100
|-damage|p2a: Chansey|84/100|[from] Spikes
|move|p1a: Clefable|Calm Mind|p1a: Clefable
|-boost|p1a: Clefable|spa|1
|-boost|p1a: Clefable|spd|1
|
|upkeep
|turn|12
|
|t:|1760347313
|move|p1a: Clefable|Calm Mind|p1a: Clefable
|-boost|p1a: Clefable|spa|1
|-boost|p1a: Clefable|spd|1
|move|p2a: Chansey|Calm Mind|p2a: Chansey
|-boost|p2a: Chansey|spa|1
|-boost|p2a: Chansey|spd|1
|
|upkeep
|turn|13
|
|t:|1760347316
|move|p1a: Clefable|Moonblast|p2a: Chansey
|-damage|p2a: Chansey|71/100
|move|p2a: Chansey|Calm Mind|p2a: Chansey
|-boost|p2a: Chansey|spa|1
|-boost|p2a: Chansey|spd|1
|
|upkeep
|turn|14
|
|t:|1760347323
|switch|p1a: Kyurem|Kyurem|100/100
|-status|p1a: Kyurem|tox
|-ability|p1a: Kyurem|Pressure
|move|p2a: Chansey|Seismic Toss|p1a: Kyurem
|-damage|p1a: Kyurem|76/100 tox
|
|-heal|p1a: Kyurem|82/100 tox|[from] item: Leftovers
|-damage|p1a: Kyurem|76/100 tox|[from] psn
|upkeep
|turn|15
|-message|Ugo1531355 forfeited.
|
|win|YQMXLL
|raw|Ugo1531355's rating: 1510 &rarr; <strong>1489</strong><br />(-21 for losing)
|raw|YQMXLL's rating: 1499 &rarr; <strong>1520</strong><br />(+21 for winning)
|l|☆Ugo1531355
|player|p1|
|l|☆YQMXLL
|player|p2|
