|j|☆EG BASTIAN
|j|☆TheIcingCreeper
|t:|1760325139
|gametype|singles
|player|p1|EG BASTIAN|170|1393
|player|p2|TheIcingCreeper|valerie|1452
|gen|9
|tier|[Gen 9] OU
|rated|
|rule|HP Percentage Mod: HP is shown in percentages
|rule|Endless Battle Clause: Forcing endless battles is banned
|rule|Species Clause: Limit one of each Pokémon
|rule|OHKO Clause: OHKO moves are banned
|rule|Evasion Items Clause: Evasion items are banned
|rule|Evasion Moves Clause: Evasion moves are banned
|rule|Evasion Abilities Clause: Evasion abilities are banned
|rule|Sleep Moves Clause: Sleep-inducing moves are banned
|clearpoke
|poke|p1|Torkoal, F|
|poke|p1|Brute Bonnet|
|poke|p1|Walking Wake|
|poke|p1|Hatterene, F|
|poke|p1|Thundurus-Therian, M|
|poke|p1|Ceruledge, F|
|poke|p2|Wigglytuff, F|
|poke|p2|Meowscarada, M|
|poke|p2|Corviknight, M|
|poke|p2|Gliscor, M|
|poke|p2|Dondozo, M|
|poke|p2|Dragapult, M|
|teampreview
|inactive|Battle timer is ON: inactive players will automatically lose when time's up. (requested by EG BASTIAN)
|
|t:|1760325162
|teamsize|p1|6
|teamsize|p2|6
|start
|switch|p1a: Great Bait|Torkoal, F, shiny|100/100
|switch|p2a: Scar|Gliscor, M, shiny|100/100
|-weather|SunnyDay|[from] ability: Drought|[of] p1a: Great Bait
|turn|1
|
|t:|1760325165
|move|p2a: Scar|Protect|p2a: Scar
|-singleturn|p2a: Scar|Protect
|move|p1a: Great Bait|Overheat|p2a: Scar
|-activate|p2a: Scar|move: Protect
|
|-weather|SunnyDay|[upkeep]
|-status|p2a: Scar|tox|[from] item: Toxic Orb
|upkeep
|turn|2
|
|t:|1760325168
|move|p2a: Scar|Substitute|p2a: Scar
|-start|p2a: Scar|Substitute
|-damage|p2a: Scar|76/100 tox
|move|p1a: Great Bait|Overheat|p2a: Scar
|-end|p2a: Scar|Substitute
|-unboost|p1a: Great Bait|spa|2
|
|-weather|SunnyDay|[upkeep]
|-heal|p2a: Scar|88/100 tox|[from] ability: Poison Heal
|upkeep
|turn|3
|
|t:|1760325176
|switch|p1a: Witch|Hatterene, F, shiny|100/100
|move|p2a: Scar|Toxic|p1a: Witch
|move|p1a: Witch|Toxic|p2a: Scar|[from] ability: Magic Bounce
|-fail|p2a: Scar|tox
|
|-weather|SunnyDay|[upkeep]
|-heal|p2a: Scar|100/100 tox|[from] ability: Poison Heal
|upkeep
|turn|4
|
|t:|1760325185
|move|p2a: Scar|Substitute|p2a: Scar
|-start|p2a: Scar|Substitute
|-damage|p2a: Scar|76/100 tox
|move|p1a: Witch|Psychic Noise|p2a: Scar
|-damage|p2a: Scar|45/100 tox
|-start|p2a: Scar|move: Heal Block
|
|-weather|SunnyDay|[upkeep]
|upkeep
|turn|5
|
|t:|1760325200
|move|p2a: Scar|Protect|p2a: Scar
|-singleturn|p2a: Scar|Protect
|move|p1a: Witch|Psychic Noise|p2a: Scar
|-activate|p2a: Scar|move: Protect
|
|-weather|SunnyDay|[upkeep]
|-end|p2a: Scar|move: Heal Block
|upkeep
|turn|6
|
|t:|1760325205
|move|p2a: Scar|Earthquake|p1a: Witch
|-damage|p1a: Witch|67/100
|-enditem|p1a: Witch|Eject Button
|
|t:|1760325211
|switch|p1a: Shark|Walking Wake|100/100
|-activate|p1a: Shark|ability: Protosynthesis
|-start|p1a: Shark|protosynthesisspe
|
|-weather|SunnyDay|[upkeep]
|-heal|p2a: Scar|57/100 tox|[from] ability: Poison Heal
|upkeep
|turn|7
|
|t:|1760325215
|move|p2a: Scar|Protect|p2a: Scar
|-singleturn|p2a: Scar|Protect
|move|p1a: Shark|Hydro Steam|p2a: Scar
|-activate|p2a: Scar|move: Protect
|
|-weather|SunnyDay|[upkeep]
|-heal|p2a: Scar|70/100 tox|[from] ability: Poison Heal
|upkeep
|turn|8
|
|t:|1760325218
|move|p1a: Shark|Hydro Steam|p2a: Scar
|-supereffective|p2a: Scar
|-end|p2a: Scar|Substitute
|move|p2a: Scar|Toxic|p1a: Shark
|-status|p1a: Shark|tox
|
|-weather|none
|-end|p1a: Shark|Protosynthesis
|-damage|p1a: Shark|94/100 tox|[from] psn
|-heal|p2a: Scar|82/100 tox|[from] ability: Poison Heal
|upkeep
|turn|9
|
|t:|1760325221
|move|p2a: Scar|Protect|p2a: Scar
|-singleturn|p2a: Scar|Protect
|move|p1a: Shark|Hydro Steam|p2a: Scar
|-activate|p2a: Scar|move: Protect
|
|-damage|p1a: Shark|82/100 tox|[from] psn
|-heal|p2a: Scar|95/100 tox|[from] ability: Poison Heal
|upkeep
|turn|10
|
|t:|1760325225
|switch|p2a: Shisu|Dondozo, M, shiny|100/100
|move|p1a: Shark|Flip Turn|p2a: Shisu
|-resisted|p2a: Shisu
|-damage|p2a: Shisu|96/100
|
|t:|1760325230
|-end|p1a: Shark|Protosynthesis|[silent]
|switch|p1a: BRUTE FORCE|Brute Bonnet|100/100|[from] Flip Turn
|
|upkeep
|turn|11
|
|t:|1760325233
|-end|p1a: BRUTE FORCE|Protosynthesis|[silent]
|switch|p1a: Great Bait|Torkoal, F, shiny|100/100
|-weather|SunnyDay|[from] ability: Drought|[of] p1a: Great Bait
|switch|p2a: Scar|Gliscor, M, shiny|95/100 tox
|
|-weather|SunnyDay|[upkeep]
|-heal|p2a: Scar|100/100 tox|[from] ability: Poison Heal
|upkeep
|turn|12
|
|t:|1760325241
|switch|p1a: Witch|Hatterene, F, shiny|67/100
|move|p2a: Scar|Substitute|p2a: Scar
|-start|p2a: Scar|Substitute
|-damage|p2a: Scar|76/100 tox
|
|-weather|SunnyDay|[upkeep]
|-heal|p2a: Scar|88/100 tox|[from] ability: Poison Heal
|upkeep
|turn|13
|
|t:|1760325245
|-terastallize|p2a: Scar|Dark
|move|p2a: Scar|Earthquake|p1a: Witch
|-damage|p1a: Witch|34/100
|move|p1a: Witch|Psychic Noise|p2a: Scar
|-immune|p2a: Scar
|
|-weather|SunnyDay|[upkeep]
|-heal|p2a: Scar|100/100 tox|[from] ability: Poison Heal
|upkeep
|turn|14
|
|t:|1760325255
|move|p2a: Scar|Earthquake|p1a: Witch
|-damage|p1a: Witch|4/100
|move|p1a: Witch|Dazzling Gleam|p2a: Scar
|-supereffective|p2a: Scar
|-end|p2a: Scar|Substitute
|
|-weather|SunnyDay|[upkeep]
|upkeep
|turn|15
|
|t:|1760325267
|move|p2a: Scar|Substitute|p2a: Scar
|-start|p2a: Scar|Substitute
|-damage|p2a: Scar|76/100 tox
|move|p1a: Witch|Dazzling Gleam|p2a: Scar
|-supereffective|p2a: Scar
|-end|p2a: Scar|Substitute
|
|-weather|SunnyDay|[upkeep]
|-heal|p2a: Scar|88/100 tox|[from] ability: Poison Heal
|upkeep
|turn|16
|
|t:|1760325275
|move|p2a: Scar|Protect|p2a: Scar
|-singleturn|p2a: Scar|Protect
|move|p1a: Witch|Healing Wish|p1a: Witch
|faint|p1a: Witch
|
|-weather|SunnyDay|[upkeep]
|-heal|p2a: Scar|100/100 tox|[from] ability: Poison Heal
|upkeep
|
|t:|1760325277
|switch|p1a: Shark|Walking Wake|82/100 tox
|-heal|p1a: Shark|100/100|[from] move: Healing Wish
|-activate|p1a: Shark|ability: Protosynthesis
|-start|p1a: Shark|protosynthesisspe
|turn|17
|
|t:|1760325284
|switch|p2a: Shisu|Dondozo, M, shiny|96/100
|move|p1a: Shark|Hydro Steam|p2a: Shisu
|-resisted|p2a: Shisu
|-damage|p2a: Shisu|78/100
|
|-weather|SunnyDay|[upkeep]
|upkeep
|turn|18
|
|t:|1760325292
|switch|p2a: Meruem|Wigglytuff, F|100/100
|move|p1a: Shark|Flip Turn|p2a: Meruem
|-damage|p2a: Meruem|93/100
|
|t:|1760325312
|-end|p1a: Shark|Protosynthesis|[silent]
|switch|p1a: Storm|Thundurus-Therian, M|100/100|[from] Flip Turn
|
|-weather|none
|-heal|p2a: Meruem|99/100|[from] item: Leftovers
|upkeep
|turn|19
|
|t:|1760325315
|switch|p1a: Great Bait|Torkoal, F, shiny|100/100
|-weather|SunnyDay|[from] ability: Drought|[of] p1a: Great Bait
|move|p2a: Meruem|Wish|p2a: Meruem
|
|-weather|SunnyDay|[upkeep]
|-heal|p2a: Meruem|100/100|[from] item: Leftovers
|upkeep
|turn|20
|
|t:|1760325321
|switch|p2a: Scar|Gliscor, M, shiny, tera:Dark|100/100 tox
|switch|p1a: BRUTE FORCE|Brute Bonnet|100/100
|-activate|p1a: BRUTE FORCE|ability: Protosynthesis
|-start|p1a: BRUTE FORCE|protosynthesisatk
|
|-weather|SunnyDay|[upkeep]
|upkeep
|turn|21
|
|t:|1760325324
|move|p2a: Scar|Toxic|p1a: BRUTE FORCE
|-status|p1a: BRUTE FORCE|tox
|move|p1a: BRUTE FORCE|Growth|p1a: BRUTE FORCE
|-boost|p1a: BRUTE FORCE|atk|2
|-boost|p1a: BRUTE FORCE|spa|2
|
|-weather|SunnyDay|[upkeep]
|-damage|p1a: BRUTE FORCE|94/100 tox|[from] psn
|upkeep
|turn|22
|
|t:|1760325327
|move|p2a: Scar|Substitute|p2a: Scar
|-start|p2a: Scar|Substitute
|-damage|p2a: Scar|76/100 tox
|move|p1a: BRUTE FORCE|Growth|p1a: BRUTE FORCE
|-boost|p1a: BRUTE FORCE|atk|2
|-boost|p1a: BRUTE FORCE|spa|2
|
|-weather|SunnyDay|[upkeep]
|-heal|p2a: Scar|88/100 tox|[from] ability: Poison Heal
|-damage|p1a: BRUTE FORCE|82/100 tox|[from] psn
|upkeep
|turn|23
|
|t:|1760325330
|move|p2a: Scar|Protect|p2a: Scar
|-singleturn|p2a: Scar|Protect
|move|p1a: BRUTE FORCE|Bullet Seed|p2a: Scar
|-activate|p2a: Scar|move: Protect
|
|-weather|SunnyDay|[upkeep]
|-heal|p2a: Scar|100/100 tox|[from] ability: Poison Heal
|-damage|p1a: BRUTE FORCE|64/100 tox|[from] psn
|upkeep
|turn|24
|
|t:|1760325337
|switch|p2a: Peko|Corviknight, M|100/100
|move|p1a: BRUTE FORCE|Bullet Seed|p2a: Peko
|-resisted|p2a: Peko
|-damage|p2a: Peko|91/100
|-resisted|p2a: Peko
|-damage|p2a: Peko|82/100
|-resisted|p2a: Peko
|-damage|p2a: Peko|73/100
|-resisted|p2a: Peko
|-damage|p2a: Peko|65/100
|-resisted|p2a: Peko
|-damage|p2a: Peko|56/100
|-hitcount|p2a: Peko|5
|
|-weather|SunnyDay|[upkeep]
|-damage|p1a: BRUTE FORCE|40/100 tox|[from] psn
|upkeep
|turn|25
|
|t:|1760325341
|-terastallize|p1a: BRUTE FORCE|Fire
|move|p1a: BRUTE FORCE|Tera Blast|p2a: Peko|[anim] Tera Blast Fire
|-supereffective|p2a: Peko
|-damage|p2a: Peko|0 fnt
|faint|p2a: Peko
|
|-weather|SunnyDay|[upkeep]
|-damage|p1a: BRUTE FORCE|10/100 tox|[from] psn
|upkeep
|
|t:|1760325345
|switch|p2a: Scar|Gliscor, M, shiny, tera:Dark|100/100 tox
|turn|26
|
|t:|1760325347
|move|p2a: Scar|Substitute|p2a: Scar
|-start|p2a: Scar|Substitute
|-damage|p2a: Scar|76/100 tox
|move|p1a: BRUTE FORCE|Bullet Seed|p2a: Scar
|-end|p2a: Scar|Substitute
|-crit|p2a: Scar
|-damage|p2a: Scar|8/100 tox
|-damage|p2a: Scar|0 fnt
|faint|p2a: Scar
|-hitcount|p2: Scar|3
|
|-weather|none
|-end|p1a: BRUTE FORCE|Protosynthesis
|-damage|p1a: BRUTE FORCE|0 fnt|[from] psn
|faint|p1a: BRUTE FORCE
|-end|p1a: BRUTE FORCE|Protosynthesis|[silent]
|upkeep
|
|t:|1760325359
|switch|p2a: Drage|Dragapult, M|100/100
|switch|p1a: Great Bait|Torkoal, F, shiny|100/100
|-weather|SunnyDay|[from] ability: Drought|[of] p1a: Great Bait
|turn|27
|
|t:|1760325370
|move|p2a: Drage|Draco Meteor|p1a: Great Bait
|-damage|p1a: Great Bait|0 fnt
|-unboost|p2a: Drage|spa|2
|faint|p1a: Great Bait
|
|-weather|SunnyDay|[upkeep]
|upkeep
|
|t:|1760325383
|switch|p1a: Storm|Thundurus-Therian, M|100/100
|turn|28
|
|t:|1760325385
|switch|p2a: Meruem|Wigglytuff, F|100/100
|move|p1a: Storm|Thunderbolt|p2a: Meruem
|-damage|p2a: Meruem|33/100
|
|-weather|SunnyDay|[upkeep]
|-heal|p2a: Meruem|40/100|[from] item: Leftovers
|upkeep
|turn|29
|
|t:|1760325390
|move|p2a: Meruem|Protect|p2a: Meruem
|-singleturn|p2a: Meruem|Protect
|move|p1a: Storm|Thunderbolt|p2a: Meruem
|-activate|p2a: Meruem|move: Protect
|
|-weather|SunnyDay|[upkeep]
|-heal|p2a: Meruem|46/100|[from] item: Leftovers
|upkeep
|turn|30
|
|t:|1760325393
|switch|p2a: Mago|Meowscarada, M|100/100
|move|p1a: Storm|Thunderbolt|p2a: Mago
|-resisted|p2a: Mago
|-damage|p2a: Mago|43/100
|
|-weather|SunnyDay|[upkeep]
|upkeep
|turn|31
|
|t:|1760325397
|move|p2a: Mago|Knock Off|p1a: Storm
|-start|p2a: Mago|typechange|Dark|[from] ability: Protean
|-damage|p1a: Storm|5/100
|-enditem|p1a: Storm|Choice Specs|[from] move: Knock Off|[of] p2a: Mago
|move|p1a: Storm|Thunderbolt|p2a: Mago
|-damage|p2a: Mago|0 fnt
|faint|p2a: Mago
|
|-weather|SunnyDay|[upkeep]
|upkeep
|
|t:|1760325401
|switch|p2a: Meruem|Wigglytuff, F|46/100
|turn|32
|
|t:|1760325405
|move|p2a: Meruem|Protect|p2a: Meruem
|-singleturn|p2a: Meruem|Protect
|move|p1a: Storm|Weather Ball|p2a: Meruem
|-activate|p2a: Meruem|move: Protect
|
|-weather|SunnyDay|[upkeep]
|-heal|p2a: Meruem|52/100|[from] item: Leftovers
|upkeep
|turn|33
|
|t:|1760325434
|move|p1a: Storm|Thunderbolt|p2a: Meruem
|-damage|p2a: Meruem|6/100
|move|p2a: Meruem|Wish|p2a: Meruem
|
|-weather|SunnyDay|[upkeep]
|-heal|p2a: Meruem|12/100|[from] item: Leftovers
|upkeep
|turn|34
|
|t:|1760325449
|move|p2a: Meruem|Protect|p2a: Meruem
|-singleturn|p2a: Meruem|Protect
|move|p1a: Storm|Thunderbolt|p2a: Meruem
|-activate|p2a: Meruem|move: Protect
|
|-weather|none
|-heal|p2a: Meruem|62/100|[from] move: Wish|[wisher] Meruem
|-heal|p2a: Meruem|69/100|[from] item: Leftovers
|upkeep
|turn|35
|
|t:|1760325451
|move|p1a: Storm|Thunderbolt|p2a: Meruem
|-damage|p2a: Meruem|16/100
|-status|p2a: Meruem|par
|move|p2a: Meruem|Wish|p2a: Meruem
|
|-heal|p2a: Meruem|22/100 par|[from] item: Leftovers
|upkeep
|turn|36
|
|t:|1760325456
|move|p2a: Meruem|Protect|p2a: Meruem
|-singleturn|p2a: Meruem|Protect
|move|p1a: Storm|Thunderbolt|p2a: Meruem
|-activate|p2a: Meruem|move: Protect
|
|-heal|p2a: Meruem|72/100 par|[from] move: Wish|[wisher] Meruem
|-heal|p2a: Meruem|78/100 par|[from] item: Leftovers
|upkeep
|turn|37
|
|t:|1760325462
|switch|p2a: Drage|Dragapult, M|100/100
|move|p1a: Storm|Thunderbolt|p2a: Drage
|-resisted|p2a: Drage
|-damage|p2a: Drage|68/100
|
|upkeep
|turn|38
|
|t:|1760325476
|switch|p1a: Shark|Walking Wake|100/100
|move|p2a: Drage|Shadow Ball|p1a: Shark
|-damage|p1a: Shark|60/100
|
|upkeep
|turn|39
|
|t:|1760325482
|switch|p2a: Shisu|Dondozo, M, shiny|78/100
|move|p1a: Shark|Flip Turn|p2a: Shisu
|-resisted|p2a: Shisu
|-damage|p2a: Shisu|73/100
|
|t:|1760325487
|-end|p1a: Shark|Protosynthesis|[silent]
|switch|p1a: Storm|Thundurus-Therian, M|5/100|[from] Flip Turn
|
|upkeep
|turn|40
|
|t:|1760325495
|switch|p2a: Drage|Dragapult, M|68/100
|move|p1a: Storm|Thunderbolt|p2a: Drage
|-resisted|p2a: Drage
|-damage|p2a: Drage|36/100
|
|upkeep
|turn|41
|
|t:|1760325500
|move|p2a: Drage|Shadow Ball|p1a: Storm
|-damage|p1a: Storm|0 fnt
|faint|p1a: Storm
|
|upkeep
|
|t:|1760325504
|switch|p1a: Knight|Ceruledge, F|100/100
|turn|42
|
|t:|1760325509
|switch|p2a: Meruem|Wigglytuff, F|78/100 par
|move|p1a: Knight|Shadow Sneak|p2a: Meruem
|-immune|p2a: Meruem
|
|-heal|p2a: Meruem|84/100 par|[from] item: Leftovers
|upkeep
|turn|43
|
|t:|1760325515
|switch|p2a: Shisu|Dondozo, M, shiny|73/100
|move|p1a: Knight|Swords Dance|p1a: Knight
|-boost|p1a: Knight|atk|2
|
|upkeep
|turn|44
|
|t:|1760325519
|move|p1a: Knight|Poltergeist|p2a: Shisu
|-activate|p2a: Shisu|move: Poltergeist|Covert Cloak
|-damage|p2a: Shisu|41/100
|move|p2a: Shisu|Curse|p2a: Shisu
|-unboost|p2a: Shisu|spe|1
|-boost|p2a: Shisu|atk|1
|-boost|p2a: Shisu|def|1
|
|upkeep
|turn|45
|
|t:|1760325528
|switch|p1a: Shark|Walking Wake|60/100
|move|p2a: Shisu|Rest|p2a: Shisu
|-status|p2a: Shisu|slp|[from] move: Rest
|-heal|p2a: Shisu|100/100 slp|[silent]
|
|upkeep
|turn|46
|
|t:|1760325533
|switch|p2a: Meruem|Wigglytuff, F|84/100 par
|move|p1a: Shark|Draco Meteor|p2a: Meruem
|-immune|p2a: Meruem
|
|-heal|p2a: Meruem|90/100 par|[from] item: Leftovers
|upkeep
|turn|47
|
|t:|1760325536
|move|p1a: Shark|Hydro Steam|p2a: Meruem
|-damage|p2a: Meruem|48/100 par
|move|p2a: Meruem|Wish|p2a: Meruem
|
|-heal|p2a: Meruem|54/100 par|[from] item: Leftovers
|upkeep
|turn|48
|
|t:|1760325540
|move|p1a: Shark|Hydro Steam|p2a: Meruem
|-damage|p2a: Meruem|17/100 par
|move|p2a: Meruem|Alluring Voice|p1a: Shark
|-supereffective|p1a: Shark
|-damage|p1a: Shark|26/100
|
|-heal|p2a: Meruem|67/100 par|[from] move: Wish|[wisher] Meruem
|-heal|p2a: Meruem|73/100 par|[from] item: Leftovers
|upkeep
|turn|49
|
|t:|1760325544
|move|p1a: Shark|Hydro Steam|p2a: Meruem
|-crit|p2a: Meruem
|-damage|p2a: Meruem|17/100 par
|move|p2a: Meruem|Alluring Voice|p1a: Shark
|-supereffective|p1a: Shark
|-damage|p1a: Shark|0 fnt
|faint|p1a: Shark
|-end|p1a: Shark|Protosynthesis|[silent]
|
|-heal|p2a: Meruem|23/100 par|[from] item: Leftovers
|upkeep
|
|t:|1760325548
|switch|p1a: Knight|Ceruledge, F|100/100
|turn|50
|
|t:|1760325554
|move|p1a: Knight|Bitter Blade|p2a: Meruem
|-damage|p2a: Meruem|0 fnt
|faint|p2a: Meruem
|
|upkeep
|
|t:|1760325556
|switch|p2a: Shisu|Dondozo, M, shiny|100/100 slp
|turn|51
|
|t:|1760325561
|move|p1a: Knight|Poltergeist|p2a: Shisu|[miss]
|-miss|p1a: Knight|p2a: Shisu
|cant|p2a: Shisu|slp
|move|p2a: Shisu|Sleep Talk|p2a: Shisu
|move|p2a: Shisu|Liquidation|p1a: Knight|[from] move: Sleep Talk
|-supereffective|p1a: Knight
|-damage|p1a: Knight|19/100
|-unboost|p1a: Knight|def|1
|-ability|p1a: Knight|Weak Armor|boost
|-unboost|p1a: Knight|def|1
|-boost|p1a: Knight|spe|2
|
|upkeep
|turn|52
|
|t:|1760325564
|move|p1a: Knight|Poltergeist|p2a: Shisu
|-activate|p2a: Shisu|move: Poltergeist|Covert Cloak
|-damage|p2a: Shisu|67/100 slp
|cant|p2a: Shisu|slp
|move|p2a: Shisu|Sleep Talk|p2a: Shisu
|move|p2a: Shisu|Curse|p2a: Shisu|[from] move: Sleep Talk
|-unboost|p2a: Shisu|spe|1
|-boost|p2a: Shisu|atk|1
|-boost|p2a: Shisu|def|1
|
|upkeep
|turn|53
|
|t:|1760325569
|move|p1a: Knight|Poltergeist|p2a: Shisu
|-activate|p2a: Shisu|move: Poltergeist|Covert Cloak
|-damage|p2a: Shisu|42/100 slp
|-curestatus|p2a: Shisu|slp|[msg]
|move|p2a: Shisu|Liquidation|p1a: Knight
|-supereffective|p1a: Knight
|-damage|p1a: Knight|0 fnt
|faint|p1a: Knight
|
|win|TheIcingCreeper
|raw|EG BASTIAN's rating: 1393 &rarr; <strong>1376</strong><br />(-17 for losing)
|raw|TheIcingCreeper's rating: 1452 &rarr; <strong>1469</strong><br />(+17 for winning)
|c|☆TheIcingCreeper|Gg wp!
|l|☆EG BASTIAN
|player|p1|
|l|☆TheIcingCreeper
|player|p2|
