|j|☆vinskuno
|j|☆AthenaSux
|t:|1760315651
|gametype|singles
|player|p1|vinskuno|2|1409
|player|p2|AthenaSux|101|1460
|gen|9
|tier|[Gen 9] OU
|rated|
|rule|HP Percentage Mod: HP is shown in percentages
|rule|Endless Battle Clause: Forcing endless battles is banned
|rule|Species Clause: Limit one of each Pokémon
|rule|OHKO Clause: OHKO moves are banned
|rule|Evasion Items Clause: Evasion items are banned
|rule|Evasion Moves Clause: Evasion moves are banned
|rule|Evasion Abilities Clause: Evasion abilities are banned
|rule|Sleep Moves Clause: Sleep-inducing moves are banned
|clearpoke
|poke|p1|Pincurchin, M|
|poke|p1|Iron Valiant|
|poke|p1|Iron Treads|
|poke|p1|Iron Leaves|
|poke|p1|Alomomola, F|
|poke|p1|Garganacl, M|
|poke|p2|Kingambit, F|
|poke|p2|Cinderace, F|
|poke|p2|Landorus-Therian, M|
|poke|p2|Iron Valiant|
|poke|p2|Kyurem|
|poke|p2|Slowking-Galar, M|
|teampreview
|inactive|Battle timer is ON: inactive players will automatically lose when time's up. (requested by AthenaSux)
|
|t:|1760315663
|teamsize|p1|6
|teamsize|p2|6
|start
|switch|p1a: Pincurchin|Pincurchin, M|100/100
|switch|p2a: Homelandor|Landorus-Therian, M, shiny|100/100
|-ability|p2a: Homelandor|Intimidate|boost
|-unboost|p1a: Pincurchin|atk|1
|-fieldstart|move: Electric Terrain|[from] ability: Electric Surge|[of] p1a: Pincurchin
|turn|1
|
|t:|1760315680
|switch|p1a: Alomomola|Alomomola, F|100/100
|move|p2a: Homelandor|U-turn|p1a: Alomomola
|-damage|p1a: Alomomola|86/100
|
|t:|1760315682
|switch|p2a: Mr. Freeze|Kyurem, shiny|100/100|[from] U-turn
|-ability|p2a: Mr. Freeze|Pressure
|
|upkeep
|turn|2
|
|t:|1760315695
|move|p2a: Mr. Freeze|Substitute|p2a: Mr. Freeze
|-start|p2a: Mr. Freeze|Substitute
|-damage|p2a: Mr. Freeze|76/100
|move|p1a: Alomomola|Flip Turn|p2a: Mr. Freeze
|-resisted|p2a: Mr. Freeze
|-activate|p2a: Mr. Freeze|move: Substitute|[damage]
|
|t:|1760315710
|switch|p1a: Garganacl|Garganacl, M|100/100|[from] Flip Turn
|
|-heal|p2a: Mr. Freeze|82/100|[from] item: Leftovers
|upkeep
|turn|3
|
|t:|1760315716
|move|p2a: Mr. Freeze|Protect|p2a: Mr. Freeze
|-singleturn|p2a: Mr. Freeze|Protect
|move|p1a: Garganacl|Salt Cure|p2a: Mr. Freeze
|-activate|p2a: Mr. Freeze|move: Protect
|
|-heal|p2a: Mr. Freeze|88/100|[from] item: Leftovers
|upkeep
|turn|4
|
|t:|1760315723
|move|p2a: Mr. Freeze|Earth Power|p1a: Garganacl
|-supereffective|p1a: Garganacl
|-damage|p1a: Garganacl|55/100
|move|p1a: Garganacl|Salt Cure|p2a: Mr. Freeze
|-supereffective|p2a: Mr. Freeze
|-end|p2a: Mr. Freeze|Substitute
|
|-heal|p2a: Mr. Freeze|94/100|[from] item: Leftovers
|-heal|p1a: Garganacl|62/100|[from] item: Leftovers
|upkeep
|turn|5
|
|t:|1760315732
|move|p2a: Mr. Freeze|Protect|p2a: Mr. Freeze
|-singleturn|p2a: Mr. Freeze|Protect
|move|p1a: Garganacl|Salt Cure|p2a: Mr. Freeze
|-activate|p2a: Mr. Freeze|move: Protect
|
|-heal|p2a: Mr. Freeze|99/100|[from] item: Leftovers
|-heal|p1a: Garganacl|68/100|[from] item: Leftovers
|upkeep
|turn|6
|
|t:|1760315739
|move|p2a: Mr. Freeze|Substitute|p2a: Mr. Freeze
|-start|p2a: Mr. Freeze|Substitute
|-damage|p2a: Mr. Freeze|75/100
|move|p1a: Garganacl|Salt Cure|p2a: Mr. Freeze
|-supereffective|p2a: Mr. Freeze
|-end|p2a: Mr. Freeze|Substitute
|
|-heal|p2a: Mr. Freeze|81/100|[from] item: Leftovers
|-heal|p1a: Garganacl|74/100|[from] item: Leftovers
|upkeep
|turn|7
|
|t:|1760315747
|move|p2a: Mr. Freeze|Protect|p2a: Mr. Freeze
|-singleturn|p2a: Mr. Freeze|Protect
|move|p1a: Garganacl|Salt Cure|p2a: Mr. Freeze
|-activate|p2a: Mr. Freeze|move: Protect
|
|-heal|p2a: Mr. Freeze|88/100|[from] item: Leftovers
|-heal|p1a: Garganacl|80/100|[from] item: Leftovers
|upkeep
|turn|8
|
|t:|1760315754
|switch|p2a: Chillionaire|Slowking-Galar, M, shiny|100/100
|move|p1a: Garganacl|Salt Cure|p2a: Chillionaire
|-damage|p2a: Chillionaire|87/100
|-start|p2a: Chillionaire|Salt Cure
|
|-heal|p1a: Garganacl|86/100|[from] item: Leftovers
|-damage|p2a: Chillionaire|74/100|[from] Salt Cure
|-fieldend|move: Electric Terrain
|upkeep
|turn|9
|
|t:|1760315765
|move|p1a: Garganacl|Stealth Rock|p2a: Chillionaire
|-sidestart|p2: AthenaSux|move: Stealth Rock
|-prepare|p2a: Chillionaire|Chilly Reception|[premajor]
|move|p2a: Chillionaire|Chilly Reception|p2a: Chillionaire
|-weather|Snowscape
|
|t:|1760315791
|switch|p2a: Mr. Freeze|Kyurem, shiny|88/100|[from] Chilly Reception
|-damage|p2a: Mr. Freeze|63/100|[from] Stealth Rock
|-ability|p2a: Mr. Freeze|Pressure
|
|-weather|Snowscape|[upkeep]
|-heal|p2a: Mr. Freeze|69/100|[from] item: Leftovers
|-heal|p1a: Garganacl|93/100|[from] item: Leftovers
|upkeep
|turn|10
|
|t:|1760315810
|switch|p1a: Iron Valiant|Iron Valiant|100/100
|-terastallize|p2a: Mr. Freeze|Ground
|move|p2a: Mr. Freeze|Substitute|p2a: Mr. Freeze
|-start|p2a: Mr. Freeze|Substitute
|-damage|p2a: Mr. Freeze|44/100
|
|-weather|Snowscape|[upkeep]
|-heal|p2a: Mr. Freeze|50/100|[from] item: Leftovers
|upkeep
|turn|11
|
|t:|1760315828
|move|p1a: Iron Valiant|Trick||[still]
|-fail|p1a: Iron Valiant
|move|p2a: Mr. Freeze|Earth Power|p1a: Iron Valiant
|-damage|p1a: Iron Valiant|22/100
|
|-weather|Snowscape|[upkeep]
|-heal|p2a: Mr. Freeze|56/100|[from] item: Leftovers
|upkeep
|turn|12
|
|t:|1760315843
|-end|p1a: Iron Valiant|Quark Drive|[silent]
|switch|p1a: Iron Leaves|Iron Leaves|100/100
|move|p2a: Mr. Freeze|Earth Power|p1a: Iron Leaves
|-resisted|p1a: Iron Leaves
|-damage|p1a: Iron Leaves|79/100
|
|-weather|Snowscape|[upkeep]
|-heal|p2a: Mr. Freeze|62/100|[from] item: Leftovers
|upkeep
|turn|13
|-message|vinskuno forfeited.
|
|win|AthenaSux
|raw|vinskuno's rating: 1409 &rarr; <strong>1392</strong><br />(-17 for losing)
|raw|AthenaSux's rating: 1460 &rarr; <strong>1477</strong><br />(+17 for winning)
|l|☆vinskuno
|player|p1|
|l|☆AthenaSux
|player|p2|
