|j|‽JinMammah
|j|☆SHEWILLBETRAYu_067
|t:|1760350605
|gametype|singles
|player|p1|JinMammah|rocketgruntf|1443
|player|p2|SHEWILLBETRAYu_067|265|1432
|gen|9
|tier|[Gen 9] OU
|rated|
|rule|HP Percentage Mod: HP is shown in percentages
|rule|Endless Battle Clause: Forcing endless battles is banned
|rule|Species Clause: Limit one of each Pokémon
|rule|OHKO Clause: OHKO moves are banned
|rule|Evasion Items Clause: Evasion items are banned
|rule|Evasion Moves Clause: Evasion moves are banned
|rule|Evasion Abilities Clause: Evasion abilities are banned
|rule|Sleep Moves Clause: Sleep-inducing moves are banned
|clearpoke
|poke|p1|Iron Treads|
|poke|p1|Empoleon, F|
|poke|p1|Iron Valiant|
|poke|p1|Latias, F|
|poke|p1|Arbok, M|
|poke|p1|Ursaluna, M|
|poke|p2|Scizor, M|
|poke|p2|Ting-Lu|
|poke|p2|Primarina, F|
|poke|p2|Iron Moth|
|poke|p2|Dragonite, F|
|poke|p2|Gholdengo|
|teampreview
|
|t:|1760350630
|teamsize|p1|6
|teamsize|p2|6
|start
|switch|p1a: Arbok|Arbok, M|100/100
|switch|p2a: Ting-Lu|Ting-Lu|100/100
|-ability|p1a: Arbok|Intimidate|boost
|-unboost|p2a: Ting-Lu|atk|1
|-ability|p2a: Ting-Lu|Vessel of Ruin
|turn|1
|
|t:|1760350636
|move|p1a: Arbok|Glare|p2a: Ting-Lu
|-status|p2a: Ting-Lu|par
|move|p2a: Ting-Lu|Stealth Rock|p1a: Arbok
|-sidestart|p1: JinMammah|move: Stealth Rock
|
|upkeep
|turn|2
|
|t:|1760350641
|move|p1a: Arbok|Toxic Spikes|p2a: Ting-Lu
|-sidestart|p2: SHEWILLBETRAYu_067|move: Toxic Spikes
|cant|p2a: Ting-Lu|par
|
|upkeep
|turn|3
|
|t:|1760350644
|move|p1a: Arbok|Knock Off|p2a: Ting-Lu
|-resisted|p2a: Ting-Lu
|-damage|p2a: Ting-Lu|94/100 par
|-damage|p1a: Arbok|84/100|[from] item: Rocky Helmet|[of] p2a: Ting-Lu
|-enditem|p2a: Ting-Lu|Rocky Helmet|[from] move: Knock Off|[of] p1a: Arbok
|move|p2a: Ting-Lu|Earthquake|p1a: Arbok
|-supereffective|p1a: Arbok
|-damage|p1a: Arbok|18/100
|
|upkeep
|turn|4
|
|t:|1760350656
|move|p1a: Arbok|Toxic Spikes|p2a: Ting-Lu
|-sidestart|p2: SHEWILLBETRAYu_067|move: Toxic Spikes
|cant|p2a: Ting-Lu|par
|
|upkeep
|turn|5
|
|t:|1760350661
|move|p2a: Ting-Lu|Earthquake|p1a: Arbok
|-supereffective|p1a: Arbok
|-damage|p1a: Arbok|0 fnt
|faint|p1a: Arbok
|
|upkeep
|
|t:|1760350669
|switch|p1a: Iron Treads|Iron Treads|100/100
|-damage|p1a: Iron Treads|97/100|[from] Stealth Rock
|turn|6
|
|t:|1760350672
|move|p1a: Iron Treads|Rapid Spin|p2a: Ting-Lu
|-damage|p2a: Ting-Lu|86/100 par
|-boost|p1a: Iron Treads|spe|1
|-sideend|p1: JinMammah|Stealth Rock|[from] move: Rapid Spin|[of] p1a: Iron Treads
|move|p2a: Ting-Lu|Ruination|p1a: Iron Treads
|-damage|p1a: Iron Treads|49/100
|
|-heal|p1a: Iron Treads|55/100|[from] item: Leftovers
|upkeep
|turn|7
|
|t:|1760350678
|move|p1a: Iron Treads|Ice Spinner|p2a: Ting-Lu
|-supereffective|p2a: Ting-Lu
|-damage|p2a: Ting-Lu|57/100 par
|cant|p2a: Ting-Lu|par
|
|-heal|p1a: Iron Treads|62/100|[from] item: Leftovers
|upkeep
|turn|8
|
|t:|1760350682
|move|p1a: Iron Treads|Ice Spinner|p2a: Ting-Lu
|-supereffective|p2a: Ting-Lu
|-damage|p2a: Ting-Lu|30/100 par
|cant|p2a: Ting-Lu|par
|
|-heal|p1a: Iron Treads|68/100|[from] item: Leftovers
|upkeep
|turn|9
|
|t:|1760350687
|move|p1a: Iron Treads|Ice Spinner|p2a: Ting-Lu
|-supereffective|p2a: Ting-Lu
|-damage|p2a: Ting-Lu|1/100 par
|cant|p2a: Ting-Lu|par
|
|-heal|p1a: Iron Treads|74/100|[from] item: Leftovers
|upkeep
|turn|10
|
|t:|1760350692
|move|p1a: Iron Treads|Rapid Spin|p2a: Ting-Lu
|-damage|p2a: Ting-Lu|0 fnt
|-boost|p1a: Iron Treads|spe|1
|faint|p2a: Ting-Lu
|
|-heal|p1a: Iron Treads|80/100|[from] item: Leftovers
|upkeep
|
|t:|1760350699
|switch|p2a: Iron Moth|Iron Moth|100/100
|-sideend|p2: SHEWILLBETRAYu_067|move: Toxic Spikes|[of] p2a: Iron Moth
|-enditem|p2a: Iron Moth|Booster Energy
|-activate|p2a: Iron Moth|ability: Quark Drive|[fromitem]
|-start|p2a: Iron Moth|quarkdrivespe
|turn|11
|
|t:|1760350704
|-terastallize|p2a: Iron Moth|Grass
|move|p1a: Iron Treads|Earthquake|p2a: Iron Moth
|-resisted|p2a: Iron Moth
|-crit|p2a: Iron Moth
|-damage|p2a: Iron Moth|47/100
|move|p2a: Iron Moth|Fiery Dance|p1a: Iron Treads
|-supereffective|p1a: Iron Treads
|-damage|p1a: Iron Treads|0 fnt
|-boost|p2a: Iron Moth|spa|1
|faint|p1a: Iron Treads
|-end|p1a: Iron Treads|Quark Drive|[silent]
|
|upkeep
|
|t:|1760350727
|switch|p1a: Empoleon|Empoleon, F|100/100
|turn|12
|
|t:|1760350746
|move|p2a: Iron Moth|Fiery Dance|p1a: Empoleon
|-damage|p1a: Empoleon|50/100
|-boost|p2a: Iron Moth|spa|1
|move|p1a: Empoleon|Ice Beam|p2a: Iron Moth
|-supereffective|p2a: Iron Moth
|-damage|p2a: Iron Moth|0 fnt
|faint|p2a: Iron Moth
|-end|p2a: Iron Moth|Quark Drive|[silent]
|
|upkeep
|
|t:|1760350766
|switch|p2a: Gholdengo|Gholdengo|100/100
|-item|p2a: Gholdengo|Air Balloon
|turn|13
|
|t:|1760350771
|move|p2a: Gholdengo|Focus Blast|p1a: Empoleon|[miss]
|-miss|p2a: Gholdengo|p1a: Empoleon
|move|p1a: Empoleon|Surf|p2a: Gholdengo
|-damage|p2a: Gholdengo|51/100
|-enditem|p2a: Gholdengo|Air Balloon
|
|upkeep
|turn|14
|
|t:|1760350775
|move|p2a: Gholdengo|Shadow Ball|p1a: Empoleon
|-damage|p1a: Empoleon|13/100
|move|p1a: Empoleon|Surf|p2a: Gholdengo
|-damage|p2a: Gholdengo|0 fnt
|faint|p2a: Gholdengo
|
|upkeep
|
|t:|1760350780
|switch|p2a: Dragonite|Dragonite, F|100/100
|turn|15
|
|t:|1760350783
|move|p2a: Dragonite|Fire Punch|p1a: Empoleon
|-damage|p1a: Empoleon|0 fnt
|faint|p1a: Empoleon
|
|upkeep
|
|t:|1760350843
|switch|p1a: Latias|Latias, F|100/100
|turn|16
|
|t:|1760350848
|move|p1a: Latias|Draining Kiss|p2a: Dragonite
|-supereffective|p2a: Dragonite
|-damage|p2a: Dragonite|88/100
|move|p2a: Dragonite|Dragon Dance|p2a: Dragonite
|-boost|p2a: Dragonite|atk|1
|-boost|p2a: Dragonite|spe|1
|
|upkeep
|turn|17
|
|t:|1760350888
|move|p2a: Dragonite|Dragon Dance|p2a: Dragonite
|-boost|p2a: Dragonite|atk|1
|-boost|p2a: Dragonite|spe|1
|move|p1a: Latias|Draining Kiss|p2a: Dragonite
|-supereffective|p2a: Dragonite
|-damage|p2a: Dragonite|68/100
|
|upkeep
|turn|18
|
|t:|1760350896
|move|p2a: Dragonite|Roost|p2a: Dragonite
|-heal|p2a: Dragonite|100/100
|-singleturn|p2a: Dragonite|move: Roost
|move|p1a: Latias|Draining Kiss|p2a: Dragonite
|-supereffective|p2a: Dragonite
|-damage|p2a: Dragonite|89/100
|
|upkeep
|turn|19
|
|t:|1760350905
|switch|p1a: Ursaluna|Ursaluna, M|100/100
|move|p2a: Dragonite|Dragon Dance|p2a: Dragonite
|-boost|p2a: Dragonite|atk|1
|-boost|p2a: Dragonite|spe|1
|
|-status|p1a: Ursaluna|brn|[from] item: Flame Orb
|upkeep
|turn|20
|
|t:|1760350913
|-terastallize|p1a: Ursaluna|Normal
|move|p2a: Dragonite|Extreme Speed|p1a: Ursaluna
|-damage|p1a: Ursaluna|59/100 brn
|move|p1a: Ursaluna|Facade|p2a: Dragonite
|-crit|p2a: Dragonite
|-damage|p2a: Dragonite|0 fnt
|faint|p2a: Dragonite
|
|-damage|p1a: Ursaluna|53/100 brn|[from] brn
|upkeep
|
|t:|1760350927
|switch|p2a: Scizor|Scizor, M|100/100
|turn|21
|
|t:|1760350931
|move|p2a: Scizor|Close Combat|p1a: Ursaluna
|-supereffective|p1a: Ursaluna
|-damage|p1a: Ursaluna|0 fnt
|-unboost|p2a: Scizor|def|1
|-unboost|p2a: Scizor|spd|1
|faint|p1a: Ursaluna
|
|upkeep
|
|t:|1760350951
|switch|p1a: Iron Valiant|Iron Valiant|100/100
|-enditem|p1a: Iron Valiant|Booster Energy
|-activate|p1a: Iron Valiant|ability: Quark Drive|[fromitem]
|-start|p1a: Iron Valiant|quarkdrivespe
|turn|22
|
|t:|1760350955
|switch|p2a: Primarina|Primarina, F|100/100
|move|p1a: Iron Valiant|Thunderbolt|p2a: Primarina
|-supereffective|p2a: Primarina
|-damage|p2a: Primarina|49/100
|
|-heal|p2a: Primarina|55/100|[from] item: Leftovers
|upkeep
|turn|23
|
|t:|1760350964
|move|p1a: Iron Valiant|Thunderbolt|p2a: Primarina
|-supereffective|p2a: Primarina
|-damage|p2a: Primarina|7/100
|move|p2a: Primarina|Draining Kiss|p1a: Iron Valiant
|-supereffective|p1a: Iron Valiant
|-damage|p1a: Iron Valiant|24/100
|-heal|p2a: Primarina|53/100|[from] drain|[of] p1a: Iron Valiant
|
|-heal|p2a: Primarina|59/100|[from] item: Leftovers
|upkeep
|turn|24
|
|t:|1760350974
|-end|p1a: Iron Valiant|Quark Drive|[silent]
|switch|p1a: Latias|Latias, F|100/100
|move|p2a: Primarina|Draining Kiss|p1a: Latias
|-supereffective|p1a: Latias
|-damage|p1a: Latias|69/100
|-heal|p2a: Primarina|83/100|[from] drain|[of] p1a: Latias
|-enditem|p1a: Latias|Weakness Policy
|-boost|p1a: Latias|atk|2|[from] item: Weakness Policy
|-boost|p1a: Latias|spa|2|[from] item: Weakness Policy
|
|-heal|p2a: Primarina|89/100|[from] item: Leftovers
|upkeep
|turn|25
|inactive|Battle timer is ON: inactive players will automatically lose when time's up. (requested by SHEWILLBETRAYu_067)
|
|t:|1760350995
|move|p1a: Latias|Stored Power|p2a: Primarina
|-damage|p2a: Primarina|29/100
|move|p2a: Primarina|Calm Mind|p2a: Primarina
|-boost|p2a: Primarina|spa|1
|-boost|p2a: Primarina|spd|1
|
|-heal|p2a: Primarina|35/100|[from] item: Leftovers
|upkeep
|turn|26
|
|t:|1760351000
|move|p1a: Latias|Stored Power|p2a: Primarina
|-damage|p2a: Primarina|0 fnt
|faint|p2a: Primarina
|
|upkeep
|
|t:|1760351004
|switch|p2a: Scizor|Scizor, M|100/100
|turn|27
|
|t:|1760351007
|move|p2a: Scizor|Bullet Punch|p1a: Latias
|-damage|p1a: Latias|30/100
|move|p1a: Latias|Stored Power|p2a: Scizor
|-resisted|p2a: Scizor
|-damage|p2a: Scizor|54/100
|
|upkeep
|turn|28
|
|t:|1760351012
|move|p2a: Scizor|Bullet Punch|p1a: Latias
|-damage|p1a: Latias|0 fnt
|faint|p1a: Latias
|
|upkeep
|
|t:|1760351013
|switch|p1a: Iron Valiant|Iron Valiant|24/100
|turn|29
|
|t:|1760351015
|move|p2a: Scizor|Bullet Punch|p1a: Iron Valiant
|-supereffective|p1a: Iron Valiant
|-damage|p1a: Iron Valiant|0 fnt
|faint|p1a: Iron Valiant
|-end|p1a: Iron Valiant|Quark Drive|[silent]
|
|win|SHEWILLBETRAYu_067
|raw|JinMammah's rating: 1443 &rarr; <strong>1422</strong><br />(-21 for losing)
|raw|SHEWILLBETRAYu_067's rating: 1432 &rarr; <strong>1453</strong><br />(+21 for winning)
|l|‽JinMammah
|player|p1|
|l|☆SHEWILLBETRAYu_067
|player|p2|
