|j|☆rnd. Battler
|j|☆antzinmypantz
|t:|1760407018
|gametype|singles
|player|p1|rnd. Battler|lance|1197
|player|p2|antzinmypantz|2|1198
|gen|9
|tier|[Gen 9] OU
|rated|
|rule|HP Percentage Mod: HP is shown in percentages
|rule|Endless Battle Clause: Forcing endless battles is banned
|rule|Species Clause: Limit one of each Pokémon
|rule|OHKO Clause: OHKO moves are banned
|rule|Evasion Items Clause: Evasion items are banned
|rule|Evasion Moves Clause: Evasion moves are banned
|rule|Evasion Abilities Clause: Evasion abilities are banned
|rule|Sleep Moves Clause: Sleep-inducing moves are banned
|clearpoke
|poke|p1|Dragapult, F|
|poke|p1|Gumshoos, M|
|poke|p1|Inteleon, M|
|poke|p1|Iron Hands|
|poke|p1|Scrafty, M|
|poke|p1|Emboar, M|
|poke|p2|Bellibolt, M|
|poke|p2|Sinistcha|
|poke|p2|Muk-Alola, M|
|poke|p2|Blaziken, F|
|poke|p2|Komala, F|
|poke|p2|Braviary-Hisui, M|
|teampreview
|inactive|Battle timer is ON: inactive players will automatically lose when time's up. (requested by rnd. Battler)
|
|t:|1760407031
|teamsize|p1|6
|teamsize|p2|6
|start
|switch|p1a: B-2 Stealth Bomber|Dragapult, F|100/100
|switch|p2a: Bellibolt|Bellibolt, M|100/100
|turn|1
|
|t:|1760407040
|move|p1a: B-2 Stealth Bomber|Dragon Dance|p1a: B-2 Stealth Bomber
|-boost|p1a: B-2 Stealth Bomber|atk|1
|-boost|p1a: B-2 Stealth Bomber|spe|1
|move|p2a: Bellibolt|Toxic|p1a: B-2 Stealth Bomber
|-status|p1a: B-2 Stealth Bomber|tox
|
|-damage|p1a: B-2 Stealth Bomber|95/100 tox|[from] psn
|upkeep
|turn|2
|
|t:|1760407046
|move|p1a: B-2 Stealth Bomber|Dragon Darts|p2a: Bellibolt
|-damage|p2a: Bellibolt|79/100
|-start|p2a: Bellibolt|Charge|Dragon Darts|[from] ability: Electromorphosis
|-anim|p1a: B-2 Stealth Bomber|Dragon Darts|p2a: Bellibolt
|-damage|p2a: Bellibolt|55/100
|-start|p2a: Bellibolt|Charge|Dragon Darts|[from] ability: Electromorphosis
|move|p2a: Bellibolt|Chilling Water|p1a: B-2 Stealth Bomber
|-resisted|p1a: B-2 Stealth Bomber
|-damage|p1a: B-2 Stealth Bomber|87/100 tox
|
|-damage|p1a: B-2 Stealth Bomber|75/100 tox|[from] psn
|upkeep
|turn|3
|
|t:|1760407049
|move|p1a: B-2 Stealth Bomber|Dragon Darts|p2a: Bellibolt
|-damage|p2a: Bellibolt|34/100
|-start|p2a: Bellibolt|Charge|Dragon Darts|[from] ability: Electromorphosis
|-anim|p1a: B-2 Stealth Bomber|Dragon Darts|p2a: Bellibolt
|-damage|p2a: Bellibolt|9/100
|-start|p2a: Bellibolt|Charge|Dragon Darts|[from] ability: Electromorphosis
|move|p2a: Bellibolt|Slack Off|p2a: Bellibolt
|-heal|p2a: Bellibolt|59/100
|
|-damage|p1a: B-2 Stealth Bomber|57/100 tox|[from] psn
|upkeep
|turn|4
|
|t:|1760407060
|move|p1a: B-2 Stealth Bomber|Dragon Dance|p1a: B-2 Stealth Bomber
|-boost|p1a: B-2 Stealth Bomber|atk|1
|-boost|p1a: B-2 Stealth Bomber|spe|1
|move|p2a: Bellibolt|Slack Off|p2a: Bellibolt
|-heal|p2a: Bellibolt|100/100
|
|-damage|p1a: B-2 Stealth Bomber|33/100 tox|[from] psn
|upkeep
|turn|5
|
|t:|1760407067
|move|p1a: B-2 Stealth Bomber|Dragon Darts|p2a: Bellibolt
|-damage|p2a: Bellibolt|70/100
|-start|p2a: Bellibolt|Charge|Dragon Darts|[from] ability: Electromorphosis
|-anim|p1a: B-2 Stealth Bomber|Dragon Darts|p2a: Bellibolt
|-damage|p2a: Bellibolt|37/100
|-start|p2a: Bellibolt|Charge|Dragon Darts|[from] ability: Electromorphosis
|move|p2a: Bellibolt|Slack Off|p2a: Bellibolt
|-heal|p2a: Bellibolt|87/100
|
|-damage|p1a: B-2 Stealth Bomber|3/100 tox|[from] psn
|upkeep
|turn|6
|
|t:|1760407071
|move|p1a: B-2 Stealth Bomber|Dragon Darts|p2a: Bellibolt
|-damage|p2a: Bellibolt|54/100
|-start|p2a: Bellibolt|Charge|Dragon Darts|[from] ability: Electromorphosis
|-anim|p1a: B-2 Stealth Bomber|Dragon Darts|p2a: Bellibolt
|-damage|p2a: Bellibolt|24/100
|-start|p2a: Bellibolt|Charge|Dragon Darts|[from] ability: Electromorphosis
|move|p2a: Bellibolt|Slack Off|p2a: Bellibolt
|-heal|p2a: Bellibolt|74/100
|
|-damage|p1a: B-2 Stealth Bomber|0 fnt|[from] psn
|faint|p1a: B-2 Stealth Bomber
|upkeep
|
|t:|1760407084
|switch|p1a: McDonald's|Iron Hands|100/100
|-enditem|p1a: McDonald's|Booster Energy
|-activate|p1a: McDonald's|ability: Quark Drive|[fromitem]
|-start|p1a: McDonald's|quarkdriveatk
|turn|7
|
|t:|1760407091
|move|p1a: McDonald's|Fake Out|p2a: Bellibolt
|-damage|p2a: Bellibolt|61/100
|-start|p2a: Bellibolt|Charge|Fake Out|[from] ability: Electromorphosis
|-damage|p1a: McDonald's|84/100|[from] item: Rocky Helmet|[of] p2a: Bellibolt
|cant|p2a: Bellibolt|flinch
|
|upkeep
|turn|8
|
|t:|1760407098
|move|p1a: McDonald's|Earthquake|p2a: Bellibolt
|-supereffective|p2a: Bellibolt
|-damage|p2a: Bellibolt|2/100
|-start|p2a: Bellibolt|Charge|Earthquake|[from] ability: Electromorphosis
|move|p2a: Bellibolt|Toxic|p1a: McDonald's
|-status|p1a: McDonald's|tox
|
|-damage|p1a: McDonald's|78/100 tox|[from] psn
|upkeep
|turn|9
|
|t:|1760407102
|move|p1a: McDonald's|Drain Punch|p2a: Bellibolt
|-damage|p2a: Bellibolt|0 fnt
|-heal|p1a: McDonald's|78/100 tox|[from] drain|[of] p2a: Bellibolt
|-damage|p1a: McDonald's|62/100 tox|[from] item: Rocky Helmet|[of] p2a: Bellibolt
|faint|p2a: Bellibolt
|
|-damage|p1a: McDonald's|49/100 tox|[from] psn
|upkeep
|
|t:|1760407114
|switch|p2a: Braviary|Braviary-Hisui, M|100/100
|turn|10
|
|t:|1760407120
|move|p2a: Braviary|Psychic|p1a: McDonald's
|-supereffective|p1a: McDonald's
|-damage|p1a: McDonald's|0 fnt
|faint|p1a: McDonald's
|-end|p1a: McDonald's|Quark Drive|[silent]
|
|upkeep
|
|t:|1760407124
|switch|p1a: Trump|Gumshoos, M|100/100
|turn|11
|
|t:|1760407129
|move|p2a: Braviary|Psychic|p1a: Trump
|-damage|p1a: Trump|11/100
|move|p1a: Trump|Crunch|p2a: Braviary
|-supereffective|p2a: Braviary
|-damage|p2a: Braviary|0 fnt
|faint|p2a: Braviary
|-damage|p1a: Trump|1/100|[from] item: Life Orb
|
|upkeep
|
|t:|1760407138
|switch|p2a: Blaziken|Blaziken, F|100/100
|turn|12
|
|t:|1760407142
|move|p2a: Blaziken|Protect|p2a: Blaziken
|-singleturn|p2a: Blaziken|Protect
|move|p1a: Trump|Psychic Fangs|p2a: Blaziken
|-activate|p2a: Blaziken|move: Protect
|
|-ability|p2a: Blaziken|Speed Boost|boost
|-boost|p2a: Blaziken|spe|1
|upkeep
|turn|13
|
|t:|1760407145
|move|p2a: Blaziken|Flare Blitz|p1a: Trump
|-damage|p1a: Trump|0 fnt
|faint|p1a: Trump
|-damage|p2a: Blaziken|99/100|[from] Recoil
|-damage|p2a: Blaziken|90/100|[from] item: Life Orb
|
|-ability|p2a: Blaziken|Speed Boost|boost
|-boost|p2a: Blaziken|spe|1
|upkeep
|
|t:|1760407149
|switch|p1a: Chris Kyle|Inteleon, M|100/100
|turn|14
|
|t:|1760407153
|move|p2a: Blaziken|Close Combat|p1a: Chris Kyle
|-damage|p1a: Chris Kyle|0 fnt
|-unboost|p2a: Blaziken|def|1
|-unboost|p2a: Blaziken|spd|1
|faint|p1a: Chris Kyle
|-damage|p2a: Blaziken|80/100|[from] item: Life Orb
|
|-ability|p2a: Blaziken|Speed Boost|boost
|-boost|p2a: Blaziken|spe|1
|upkeep
|
|t:|1760407157
|switch|p1a: Hoodlum|Scrafty, M|100/100
|turn|15
|
|t:|1760407160
|move|p1a: Hoodlum|Fake Out|p2a: Blaziken
|-damage|p2a: Blaziken|53/100
|cant|p2a: Blaziken|flinch
|
|-ability|p2a: Blaziken|Speed Boost|boost
|-boost|p2a: Blaziken|spe|1
|upkeep
|turn|16
|
|t:|1760407163
|move|p2a: Blaziken|Close Combat|p1a: Hoodlum
|-supereffective|p1a: Hoodlum
|-damage|p1a: Hoodlum|0 fnt
|-unboost|p2a: Blaziken|def|1
|-unboost|p2a: Blaziken|spd|1
|faint|p1a: Hoodlum
|-damage|p2a: Blaziken|43/100|[from] item: Life Orb
|
|-ability|p2a: Blaziken|Speed Boost|boost
|-boost|p2a: Blaziken|spe|1
|upkeep
|
|t:|1760407166
|switch|p1a: Big Smoke|Emboar, M, shiny|100/100
|turn|17
|
|t:|1760407169
|move|p1a: Big Smoke|Sucker Punch|p2a: Blaziken
|-resisted|p2a: Blaziken
|-damage|p2a: Blaziken|0 fnt
|faint|p2a: Blaziken
|-damage|p1a: Big Smoke|91/100|[from] item: Life Orb
|
|upkeep
|
|t:|1760407175
|switch|p2a: Komala|Komala, F|100/100
|-ability|p2a: Komala|Comatose
|turn|18
|
|t:|1760407178
|move|p2a: Komala|Body Slam|p1a: Big Smoke
|-damage|p1a: Big Smoke|41/100
|-status|p1a: Big Smoke|par
|move|p1a: Big Smoke|Close Combat|p2a: Komala
|-supereffective|p2a: Komala
|-damage|p2a: Komala|0 fnt
|-unboost|p1a: Big Smoke|def|1
|-unboost|p1a: Big Smoke|spd|1
|faint|p2a: Komala
|-damage|p1a: Big Smoke|31/100 par|[from] item: Life Orb
|
|upkeep
|
|t:|1760407185
|switch|p2a: Muk|Muk-Alola, M|100/100
|turn|19
|
|t:|1760407190
|move|p2a: Muk|Drain Punch|p1a: Big Smoke
|-damage|p1a: Big Smoke|0 fnt
|faint|p1a: Big Smoke
|
|win|antzinmypantz
|raw|rnd. Battler's rating: 1197 &rarr; <strong>1172</strong><br />(-25 for losing)
|raw|antzinmypantz's rating: 1198 &rarr; <strong>1223</strong><br />(+25 for winning)
|l|☆rnd. Battler
|player|p1|
|l|☆antzinmypantz
|player|p2|
