|j|☆Palm X
|j|☆champ bogar
|t:|1760326103
|gametype|singles
|player|p1|Palm X|caitlin|1707
|player|p2|champ bogar|cynthia-masters3|1770
|gen|9
|tier|[Gen 9] OU
|rated|
|rule|HP Percentage Mod: HP is shown in percentages
|rule|Endless Battle Clause: Forcing endless battles is banned
|rule|Species Clause: Limit one of each Pokémon
|rule|OHKO Clause: OHKO moves are banned
|rule|Evasion Items Clause: Evasion items are banned
|rule|Evasion Moves Clause: Evasion moves are banned
|rule|Evasion Abilities Clause: Evasion abilities are banned
|rule|Sleep Moves Clause: Sleep-inducing moves are banned
|clearpoke
|poke|p1|Kyurem|
|poke|p1|Slowking-Galar, M|
|poke|p1|Cinderace, F|
|poke|p1|Zapdos|
|poke|p1|Kingambit, F|
|poke|p1|Great Tusk|
|poke|p2|Garchomp, M|
|poke|p2|Darkrai|
|poke|p2|Deoxys-Speed|
|poke|p2|Clodsire, F|
|poke|p2|Corviknight, M|
|poke|p2|Cinderace, F|
|teampreview
|inactive|Battle timer is ON: inactive players will automatically lose when time's up. (requested by champ bogar)
|inactive|Palm X also wants the timer to be on.
|
|t:|1760326110
|teamsize|p1|6
|teamsize|p2|6
|start
|switch|p1a: Slowking|Slowking-Galar, M|100/100
|switch|p2a: Cinderace|Cinderace, F|100/100
|turn|1
|
|t:|1760326112
|move|p2a: Cinderace|Pyro Ball|p1a: Slowking
|-damage|p1a: Slowking|39/100
|move|p1a: Slowking|Future Sight|p2a: Cinderace
|-start|p1a: Slowking|move: Future Sight
|
|upkeep
|turn|2
|
|t:|1760326118
|switch|p1a: Cinderace|Cinderace, F|100/100
|move|p2a: Cinderace|U-turn|p1a: Cinderace
|-start|p2a: Cinderace|typechange|Bug|[from] ability: Libero
|-resisted|p1a: Cinderace
|-damage|p1a: Cinderace|76/100
|
|t:|1760326121
|switch|p2a: Darkrai|Darkrai|100/100|[from] U-turn
|
|upkeep
|turn|3
|
|t:|1760326124
|-terastallize|p2a: Darkrai|Dark
|move|p2a: Darkrai|Dark Pulse|p1a: Cinderace
|-damage|p1a: Cinderace|0 fnt
|faint|p1a: Cinderace
|
|-end|p2a: Darkrai|move: Future Sight
|-immune|p2a: Darkrai
|upkeep
|
|t:|1760326130
|switch|p1a: Zapdos|Zapdos|100/100
|turn|4
|
|t:|1760326134
|switch|p2a: Clodsire|Clodsire, F|100/100
|move|p1a: Zapdos|Hurricane|p2a: Clodsire
|-damage|p2a: Clodsire|74/100
|-start|p2a: Clodsire|confusion
|
|-heal|p2a: Clodsire|81/100|[from] item: Leftovers
|upkeep
|turn|5
|
|t:|1760326137
|switch|p1a: Slowking|Slowking-Galar, M|72/100
|-activate|p2a: Clodsire|confusion
|move|p2a: Clodsire|Toxic|p1a: Slowking
|-immune|p1a: Slowking
|
|-heal|p2a: Clodsire|87/100|[from] item: Leftovers
|upkeep
|turn|6
|
|t:|1760326141
|-activate|p2a: Clodsire|confusion
|move|p2a: Clodsire|Earthquake|p1a: Slowking
|-supereffective|p1a: Slowking
|-damage|p1a: Slowking|12/100
|-prepare|p1a: Slowking|Chilly Reception|[premajor]
|move|p1a: Slowking|Chilly Reception|p1a: Slowking
|-weather|Snowscape
|j| Legate Landorus
|
|t:|1760326145
|switch|p1a: Kyurem|Kyurem|100/100|[from] Chilly Reception
|-ability|p1a: Kyurem|Pressure
|
|-weather|Snowscape|[upkeep]
|-heal|p2a: Clodsire|93/100|[from] item: Leftovers
|upkeep
|turn|7
|
|t:|1760326147
|move|p1a: Kyurem|Substitute|p1a: Kyurem
|-start|p1a: Kyurem|Substitute
|-damage|p1a: Kyurem|75/100
|-end|p2a: Clodsire|confusion
|move|p2a: Clodsire|Toxic||[still]
|-fail|p2a: Clodsire
|
|-weather|Snowscape|[upkeep]
|-heal|p1a: Kyurem|82/100|[from] item: Leftovers
|-heal|p2a: Clodsire|99/100|[from] item: Leftovers
|upkeep
|turn|8
|
|t:|1760326149
|switch|p2a: Corviknight|Corviknight, M|100/100
|-ability|p2a: Corviknight|Pressure
|move|p1a: Kyurem|Freeze-Dry|p2a: Corviknight
|-damage|p2a: Corviknight|68/100
|
|-weather|Snowscape|[upkeep]
|-heal|p1a: Kyurem|88/100|[from] item: Leftovers
|upkeep
|turn|9
|
|t:|1760326151
|move|p1a: Kyurem|Protect|p1a: Kyurem
|-singleturn|p1a: Kyurem|Protect
|move|p2a: Corviknight|Body Press|p1a: Kyurem
|-activate|p1a: Kyurem|move: Protect
|
|-weather|Snowscape|[upkeep]
|-heal|p1a: Kyurem|94/100|[from] item: Leftovers
|upkeep
|turn|10
|
|t:|1760326155
|move|p1a: Kyurem|Freeze-Dry|p2a: Corviknight
|-damage|p2a: Corviknight|31/100
|move|p2a: Corviknight|Body Press|p1a: Kyurem
|-supereffective|p1a: Kyurem
|-end|p1a: Kyurem|Substitute
|
|-weather|none
|-heal|p1a: Kyurem|99/100|[from] item: Leftovers
|upkeep
|turn|11
|
|t:|1760326160
|move|p1a: Kyurem|Freeze-Dry|p2a: Corviknight
|-damage|p2a: Corviknight|0 fnt
|faint|p2a: Corviknight
|
|-heal|p1a: Kyurem|100/100|[from] item: Leftovers
|upkeep
|
|t:|1760326162
|switch|p2a: Cinderace|Cinderace, F|100/100
|turn|12
|
|t:|1760326169
|move|p2a: Cinderace|Pyro Ball|p1a: Kyurem|[miss]
|-miss|p2a: Cinderace|p1a: Kyurem
|move|p1a: Kyurem|Substitute|p1a: Kyurem
|-start|p1a: Kyurem|Substitute
|-damage|p1a: Kyurem|75/100
|
|-heal|p1a: Kyurem|82/100|[from] item: Leftovers
|upkeep
|turn|13
|
|t:|1760326172
|move|p2a: Cinderace|Pyro Ball|p1a: Kyurem
|-end|p1a: Kyurem|Substitute
|move|p1a: Kyurem|Earth Power|p2a: Cinderace
|-supereffective|p2a: Cinderace
|-damage|p2a: Cinderace|10/100
|-unboost|p2a: Cinderace|spd|1
|
|-heal|p1a: Kyurem|88/100|[from] item: Leftovers
|upkeep
|turn|14
|
|t:|1760326175
|move|p1a: Kyurem|Protect|p1a: Kyurem
|-singleturn|p1a: Kyurem|Protect
|move|p2a: Cinderace|Pyro Ball|p1a: Kyurem
|-activate|p1a: Kyurem|move: Protect
|
|-heal|p1a: Kyurem|94/100|[from] item: Leftovers
|upkeep
|turn|15
|
|t:|1760326180
|move|p2a: Cinderace|Pyro Ball|p1a: Kyurem
|-damage|p1a: Kyurem|45/100
|move|p1a: Kyurem|Freeze-Dry|p2a: Cinderace
|-resisted|p2a: Cinderace
|-damage|p2a: Cinderace|0 fnt
|faint|p2a: Cinderace
|
|-heal|p1a: Kyurem|51/100|[from] item: Leftovers
|upkeep
|
|t:|1760326183
|switch|p2a: Darkrai|Darkrai, tera:Dark|100/100
|turn|16
|
|t:|1760326187
|switch|p1a: Zapdos|Zapdos|100/100
|move|p2a: Darkrai|Dark Pulse|p1a: Zapdos
|-damage|p1a: Zapdos|23/100
|
|upkeep
|turn|17
|
|t:|1760326189
|move|p2a: Darkrai|Dark Pulse|p1a: Zapdos
|-damage|p1a: Zapdos|0 fnt
|faint|p1a: Zapdos
|
|upkeep
|
|t:|1760326193
|switch|p1a: Hers Band|Great Tusk|100/100
|turn|18
|
|t:|1760326196
|switch|p2a: Garchomp|Garchomp, M|100/100
|move|p1a: Hers Band|Knock Off|p2a: Garchomp
|-damage|p2a: Garchomp|80/100
|-damage|p1a: Hers Band|88/100|[from] ability: Rough Skin|[of] p2a: Garchomp
|-damage|p1a: Hers Band|71/100|[from] item: Rocky Helmet|[of] p2a: Garchomp
|-enditem|p2a: Garchomp|Rocky Helmet|[from] move: Knock Off|[of] p1a: Hers Band
|
|upkeep
|turn|19
|
|t:|1760326202
|move|p1a: Hers Band|Ice Spinner|p2a: Garchomp
|-supereffective|p2a: Garchomp
|-damage|p2a: Garchomp|7/100
|-damage|p1a: Hers Band|59/100|[from] ability: Rough Skin|[of] p2a: Garchomp
|move|p2a: Garchomp|Stealth Rock|p1a: Hers Band
|-sidestart|p1: Palm X|move: Stealth Rock
|
|upkeep
|turn|20
|
|t:|1760326207
|move|p1a: Hers Band|Rapid Spin|p2a: Garchomp
|-damage|p2a: Garchomp|0 fnt
|-boost|p1a: Hers Band|spe|1
|-damage|p1a: Hers Band|46/100|[from] ability: Rough Skin|[of] p2a: Garchomp
|-sideend|p1: Palm X|Stealth Rock|[from] move: Rapid Spin|[of] p1a: Hers Band
|faint|p2a: Garchomp
|
|upkeep
|
|t:|1760326209
|switch|p2a: Deoxys|Deoxys-Speed, shiny|100/100
|-ability|p2a: Deoxys|Pressure
|turn|21
|
|t:|1760326211
|move|p2a: Deoxys|Ice Beam|p1a: Hers Band
|-supereffective|p1a: Hers Band
|-damage|p1a: Hers Band|0 fnt
|faint|p1a: Hers Band
|-end|p1a: Hers Band|Protosynthesis|[silent]
|-damage|p2a: Deoxys|91/100|[from] item: Life Orb
|
|upkeep
|
|t:|1760326213
|switch|p1a: Kingambit|Kingambit, F|100/100
|-activate|p1a: Kingambit|ability: Supreme Overlord
|-start|p1a: Kingambit|fallen3|[silent]
|turn|22
|
|t:|1760326217
|-end|p1a: Kingambit|fallen3|[silent]
|switch|p1a: Slowking|Slowking-Galar, M|46/100
|move|p2a: Deoxys|Superpower|p1a: Slowking
|-resisted|p1a: Slowking
|-damage|p1a: Slowking|37/100
|-unboost|p2a: Deoxys|atk|1
|-unboost|p2a: Deoxys|def|1
|-damage|p2a: Deoxys|81/100|[from] item: Life Orb
|
|upkeep
|turn|23
|
|t:|1760326220
|switch|p2a: Darkrai|Darkrai, tera:Dark|100/100
|-prepare|p1a: Slowking|Chilly Reception|[premajor]
|move|p1a: Slowking|Chilly Reception|p1a: Slowking
|-weather|Snowscape
|
|t:|1760326222
|switch|p1a: Kingambit|Kingambit, F|100/100|[from] Chilly Reception
|-activate|p1a: Kingambit|ability: Supreme Overlord
|-start|p1a: Kingambit|fallen3|[silent]
|
|-weather|Snowscape|[upkeep]
|upkeep
|turn|24
|
|t:|1760326234
|move|p2a: Darkrai|Dark Pulse|p1a: Kingambit
|-resisted|p1a: Kingambit
|-crit|p1a: Kingambit
|-damage|p1a: Kingambit|44/100
|move|p1a: Kingambit|Low Kick|p2a: Darkrai
|-supereffective|p2a: Darkrai
|-damage|p2a: Darkrai|0 fnt
|faint|p2a: Darkrai
|
|-weather|Snowscape|[upkeep]
|-heal|p1a: Kingambit|50/100|[from] item: Leftovers
|upkeep
|
|t:|1760326239
|switch|p2a: Deoxys|Deoxys-Speed, shiny|81/100
|-ability|p2a: Deoxys|Pressure
|turn|25
|
|t:|1760326242
|move|p1a: Kingambit|Sucker Punch||[still]
|-fail|p1a: Kingambit
|move|p2a: Deoxys|Substitute|p2a: Deoxys
|-start|p2a: Deoxys|Substitute
|-damage|p2a: Deoxys|56/100
|
|-weather|Snowscape|[upkeep]
|-heal|p1a: Kingambit|56/100|[from] item: Leftovers
|upkeep
|turn|26
|
|t:|1760326244
|move|p2a: Deoxys|Superpower|p1a: Kingambit
|-supereffective|p1a: Kingambit
|-crit|p1a: Kingambit
|-damage|p1a: Kingambit|0 fnt
|-unboost|p2a: Deoxys|atk|1
|-unboost|p2a: Deoxys|def|1
|faint|p1a: Kingambit
|-end|p1a: Kingambit|fallen3|[silent]
|-damage|p2a: Deoxys|46/100|[from] item: Life Orb
|
|-weather|Snowscape|[upkeep]
|upkeep
|
|t:|1760326246
|switch|p1a: Slowking|Slowking-Galar, M|70/100
|turn|27
|
|t:|1760326257
|switch|p2a: Clodsire|Clodsire, F|99/100
|move|p1a: Slowking|Sludge Bomb|p2a: Clodsire
|-resisted|p2a: Clodsire
|-damage|p2a: Clodsire|95/100
|
|-weather|none
|-heal|p2a: Clodsire|100/100|[from] item: Leftovers
|upkeep
|turn|28
|
|t:|1760326261
|switch|p2a: Deoxys|Deoxys-Speed, shiny|46/100
|-ability|p2a: Deoxys|Pressure
|move|p1a: Slowking|Future Sight|p2a: Deoxys
|-start|p1a: Slowking|move: Future Sight
|
|upkeep
|turn|29
|
|t:|1760326264
|switch|p2a: Clodsire|Clodsire, F|100/100
|move|p1a: Slowking|Sludge Bomb|p2a: Clodsire
|-resisted|p2a: Clodsire
|-damage|p2a: Clodsire|96/100
|
|-heal|p2a: Clodsire|100/100|[from] item: Leftovers
|upkeep
|turn|30
|
|t:|1760326267
|move|p2a: Clodsire|Earthquake|p1a: Slowking
|-supereffective|p1a: Slowking
|-crit|p1a: Slowking
|-damage|p1a: Slowking|0 fnt
|faint|p1a: Slowking
|
|-end|p2a: Clodsire|move: Future Sight
|-supereffective|p2a: Clodsire
|-damage|p2a: Clodsire|55/100
|-heal|p2a: Clodsire|61/100|[from] item: Leftovers
|upkeep
|
|t:|1760326269
|switch|p1a: Kyurem|Kyurem|51/100
|-ability|p1a: Kyurem|Pressure
|turn|31
|
|t:|1760326275
|move|p1a: Kyurem|Protect|p1a: Kyurem
|-singleturn|p1a: Kyurem|Protect
|move|p2a: Clodsire|Earthquake|p1a: Kyurem
|-activate|p1a: Kyurem|move: Protect
|
|-heal|p1a: Kyurem|57/100|[from] item: Leftovers
|-heal|p2a: Clodsire|68/100|[from] item: Leftovers
|upkeep
|turn|32
|
|t:|1760326286
|move|p1a: Kyurem|Protect||[still]
|-fail|p1a: Kyurem
|move|p2a: Clodsire|Earthquake|p1a: Kyurem
|-damage|p1a: Kyurem|32/100
|
|-heal|p1a: Kyurem|38/100|[from] item: Leftovers
|-heal|p2a: Clodsire|74/100|[from] item: Leftovers
|upkeep
|turn|33
|
|t:|1760326290
|move|p1a: Kyurem|Freeze-Dry|p2a: Clodsire
|-supereffective|p2a: Clodsire
|-damage|p2a: Clodsire|33/100
|move|p2a: Clodsire|Earthquake|p1a: Kyurem
|-crit|p1a: Kyurem
|-damage|p1a: Kyurem|0 fnt
|faint|p1a: Kyurem
|
|win|champ bogar
|raw|Palm X's rating: 1707 &rarr; <strong>1691</strong><br />(-16 for losing)
|raw|champ bogar's rating: 1770 &rarr; <strong>1786</strong><br />(+16 for winning)
|l|☆Palm X
|player|p1|
