|j|☆NolanTheLEGGGG
|j|☆Mohumohumooo
|t:|1760387057
|gametype|singles
|player|p1|NolanTheLEGGGG|169|1088
|player|p2|Mohumohumooo|101|1092
|gen|9
|tier|[Gen 9] OU
|rated|
|rule|HP Percentage Mod: HP is shown in percentages
|rule|Endless Battle Clause: Forcing endless battles is banned
|rule|Species Clause: Limit one of each Pokémon
|rule|OHKO Clause: OHKO moves are banned
|rule|Evasion Items Clause: Evasion items are banned
|rule|Evasion Moves Clause: Evasion moves are banned
|rule|Evasion Abilities Clause: Evasion abilities are banned
|rule|Sleep Moves Clause: Sleep-inducing moves are banned
|clearpoke
|poke|p1|Squawkabilly-White, M|
|poke|p1|Hitmonlee, M|
|poke|p1|Mew|
|poke|p1|Blastoise, M|
|poke|p1|Pikachu-Original, M|
|poke|p1|Haxorus, M|
|poke|p2|Zoroark, M|
|poke|p2|Sableye, F|
|poke|p2|Umbreon, F|
|poke|p2|Kingambit, M|
|poke|p2|Samurott-Hisui, M|
|poke|p2|Hydreigon, M|
|teampreview
|
|t:|1760387073
|teamsize|p1|6
|teamsize|p2|6
|start
|switch|p1a: Squawkabilly|Squawkabilly-White, M|100/100
|switch|p2a: Samurott|Samurott-Hisui, M|100/100
|-ability|p1a: Squawkabilly|Intimidate|boost
|-unboost|p2a: Samurott|atk|1
|turn|1
|
|t:|1760387088
|move|p1a: Squawkabilly|Brave Bird|p2a: Samurott
|-damage|p2a: Samurott|36/100
|-damage|p1a: Squawkabilly|78/100|[from] Recoil
|move|p2a: Samurott|Ceaseless Edge|p1a: Squawkabilly
|-damage|p1a: Squawkabilly|37/100
|-sidestart|p1: NolanTheLEGGGG|Spikes
|-heal|p2a: Samurott|41/100|[from] item: Shell Bell|[of] p1a: Squawkabilly
|
|-status|p1a: Squawkabilly|brn|[from] item: Flame Orb
|upkeep
|turn|2
|
|t:|1760387105
|switch|p2a: Umbreon|Umbreon, F|100/100
|move|p1a: Squawkabilly|Facade|p2a: Umbreon
|-damage|p2a: Umbreon|56/100
|
|-heal|p2a: Umbreon|62/100|[from] item: Leftovers
|-damage|p1a: Squawkabilly|31/100 brn|[from] brn
|upkeep
|turn|3
|
|t:|1760387116
|move|p1a: Squawkabilly|Facade|p2a: Umbreon
|-damage|p2a: Umbreon|17/100
|move|p2a: Umbreon|Reflect|p2a: Umbreon
|-sidestart|p2: Mohumohumooo|Reflect
|
|-heal|p2a: Umbreon|23/100|[from] item: Leftovers
|-damage|p1a: Squawkabilly|25/100 brn|[from] brn
|upkeep
|turn|4
|
|t:|1760387125
|switch|p2a: Sableye|Sableye, F|100/100
|move|p1a: Squawkabilly|Facade|p2a: Sableye
|-immune|p2a: Sableye
|
|-damage|p1a: Squawkabilly|18/100 brn|[from] brn
|upkeep
|turn|5
|
|t:|1760387133
|move|p2a: Sableye|Encore|p1a: Squawkabilly
|-start|p1a: Squawkabilly|Encore
|move|p1a: Squawkabilly|Facade|p2a: Sableye
|-immune|p2a: Sableye
|
|-damage|p1a: Squawkabilly|12/100 brn|[from] brn
|upkeep
|turn|6
|
|t:|1760387151
|switch|p1a: Pikachu|Pikachu-Original, M|100/100
|-damage|p1a: Pikachu|88/100|[from] Spikes
|switch|p2a: Hydreigon|Hydreigon, M|100/100
|
|upkeep
|turn|7
|
|t:|1760387161
|move|p2a: Hydreigon|Earth Power|p1a: Pikachu
|-supereffective|p1a: Pikachu
|-damage|p1a: Pikachu|0 fnt
|faint|p1a: Pikachu
|
|-sideend|p2: Mohumohumooo|Reflect
|upkeep
|
|t:|1760387170
|switch|p1a: Haxorus|Haxorus, M|100/100
|-damage|p1a: Haxorus|88/100|[from] Spikes
|turn|8
|
|t:|1760387175
|switch|p2a: Umbreon|Umbreon, F|23/100
|move|p1a: Haxorus|Dragon Claw|p2a: Umbreon
|-crit|p2a: Umbreon
|-damage|p2a: Umbreon|0 fnt
|faint|p2a: Umbreon
|-damage|p1a: Haxorus|78/100|[from] item: Life Orb
|
|upkeep
|
|t:|1760387188
|switch|p2a: Hydreigon|Hydreigon, M|100/100
|turn|9
|
|t:|1760387192
|move|p2a: Hydreigon|Draco Meteor|p1a: Haxorus
|-supereffective|p1a: Haxorus
|-damage|p1a: Haxorus|0 fnt
|-unboost|p2a: Hydreigon|spa|2
|faint|p1a: Haxorus
|
|upkeep
|
|t:|1760387209
|switch|p1a: Blastoise|Blastoise, M|100/100
|-damage|p1a: Blastoise|88/100|[from] Spikes
|turn|10
|
|t:|1760387226
|switch|p2a: Samurott|Samurott-Hisui, M|41/100
|move|p1a: Blastoise|Ice Beam|p2a: Samurott
|-resisted|p2a: Samurott
|-damage|p2a: Samurott|22/100
|
|upkeep
|turn|11
|
|t:|1760387237
|move|p2a: Samurott|Ceaseless Edge|p1a: Blastoise
|-damage|p1a: Blastoise|54/100
|-sidestart|p1: NolanTheLEGGGG|Spikes
|-heal|p2a: Samurott|25/100|[from] item: Shell Bell|[of] p1a: Blastoise
|move|p1a: Blastoise|Ice Beam|p2a: Samurott
|-resisted|p2a: Samurott
|-damage|p2a: Samurott|8/100
|
|upkeep
|turn|12
|
|t:|1760387246
|move|p2a: Samurott|Ceaseless Edge|p1a: Blastoise
|-damage|p1a: Blastoise|20/100
|-sidestart|p1: NolanTheLEGGGG|Spikes
|-heal|p2a: Samurott|11/100|[from] item: Shell Bell|[of] p1a: Blastoise
|move|p1a: Blastoise|Hydro Pump|p2a: Samurott|[miss]
|-miss|p1a: Blastoise|p2a: Samurott
|
|upkeep
|turn|13
|
|t:|1760387255
|move|p2a: Samurott|Ceaseless Edge|p1a: Blastoise
|-damage|p1a: Blastoise|0 fnt
|faint|p1a: Blastoise
|-heal|p2a: Samurott|14/100|[from] item: Shell Bell|[of] p1: Blastoise
|
|upkeep
|
|t:|1760387261
|switch|p1a: Hitmonlee|Hitmonlee, M|100/100
|-damage|p1a: Hitmonlee|76/100|[from] Spikes
|turn|14
|
|t:|1760387265
|move|p1a: Hitmonlee|Bullet Punch|p2a: Samurott
|-resisted|p2a: Samurott
|-damage|p2a: Samurott|4/100
|move|p2a: Samurott|Razor Shell|p1a: Hitmonlee
|-damage|p1a: Hitmonlee|0 fnt
|faint|p1a: Hitmonlee
|-heal|p2a: Samurott|10/100|[from] item: Shell Bell|[of] p1: Hitmonlee
|
|upkeep
|
|t:|1760387273
|switch|p1a: Squawkabilly|Squawkabilly-White, M|12/100 brn
|-ability|p1a: Squawkabilly|Intimidate|boost
|-unboost|p2a: Samurott|atk|1
|turn|15
|
|t:|1760387278
|move|p1a: Squawkabilly|Quick Attack|p2a: Samurott
|-damage|p2a: Samurott|0 fnt
|faint|p2a: Samurott
|
|-damage|p1a: Squawkabilly|6/100 brn|[from] brn
|upkeep
|
|t:|1760387285
|switch|p2a: Sableye|Sableye, F|100/100
|turn|16
|
|t:|1760387291
|move|p2a: Sableye|Encore|p1a: Squawkabilly
|-start|p1a: Squawkabilly|Encore
|move|p1a: Squawkabilly|Quick Attack|p2a: Sableye
|-immune|p2a: Sableye
|
|-damage|p1a: Squawkabilly|0 fnt|[from] brn
|faint|p1a: Squawkabilly
|upkeep
|
|t:|1760387297
|switch|p1a: Mew|Mew, shiny|100/100
|-damage|p1a: Mew|76/100|[from] Spikes
|turn|17
|
|t:|1760387304
|move|p2a: Sableye|Protect|p2a: Sableye
|-singleturn|p2a: Sableye|Protect
|move|p1a: Mew|Shadow Ball|p2a: Sableye
|-activate|p2a: Sableye|move: Protect
|
|-heal|p1a: Mew|82/100|[from] item: Leftovers
|upkeep
|turn|18
|
|t:|1760387314
|move|p2a: Sableye|Will-O-Wisp|p1a: Mew|[miss]
|-miss|p2a: Sableye|p1a: Mew
|move|p1a: Mew|Will-O-Wisp|p2a: Sableye
|-status|p2a: Sableye|brn
|
|-heal|p1a: Mew|88/100|[from] item: Leftovers
|-damage|p2a: Sableye|95/100 brn|[from] brn
|upkeep
|turn|19
|
|t:|1760387324
|move|p2a: Sableye|Will-O-Wisp|p1a: Mew
|-status|p1a: Mew|brn
|-activate|p1a: Mew|ability: Synchronize
|-fail|p2a: Sableye|brn
|move|p1a: Mew|Substitute|p1a: Mew
|-start|p1a: Mew|Substitute
|-damage|p1a: Mew|63/100 brn
|
|-heal|p1a: Mew|69/100 brn|[from] item: Leftovers
|-damage|p1a: Mew|63/100 brn|[from] brn
|-damage|p2a: Sableye|89/100 brn|[from] brn
|upkeep
|turn|20
|
|t:|1760387349
|switch|p2a: Hydreigon|Hydreigon, M|100/100
|move|p1a: Mew|Shadow Ball|p2a: Hydreigon
|-resisted|p2a: Hydreigon
|-damage|p2a: Hydreigon|76/100
|replace|p2a: Zoroark|Zoroark, M
|-end|p2a: Zoroark|Illusion
|
|-heal|p1a: Mew|69/100 brn|[from] item: Leftovers
|-damage|p1a: Mew|63/100 brn|[from] brn
|upkeep
|turn|21
|
|t:|1760387364
|move|p2a: Zoroark|U-turn|p1a: Mew
|-supereffective|p1a: Mew
|-end|p1a: Mew|Substitute
|
|t:|1760387369
|switch|p2a: Hydreigon|Hydreigon, M|100/100|[from] U-turn
|move|p1a: Mew|Will-O-Wisp|p2a: Hydreigon
|-status|p2a: Hydreigon|brn
|
|-heal|p1a: Mew|69/100 brn|[from] item: Leftovers
|-damage|p2a: Hydreigon|94/100 brn|[from] brn
|-damage|p1a: Mew|63/100 brn|[from] brn
|upkeep
|turn|22
|
|t:|1760387386
|move|p2a: Hydreigon|Dark Pulse|p1a: Mew
|-supereffective|p1a: Mew
|-damage|p1a: Mew|0 fnt
|faint|p1a: Mew
|
|win|Mohumohumooo
|raw|NolanTheLEGGGG's rating: 1088 &rarr; <strong>1065</strong><br />(-23 for losing)
|raw|Mohumohumooo's rating: 1092 &rarr; <strong>1118</strong><br />(+26 for winning)
|l|☆NolanTheLEGGGG
|player|p1|
