|j|☆youjustgotnoobed
|j|☆Nitropig
|t:|1760382563
|gametype|singles
|player|p1|youjustgotnoobed|lady|1455
|player|p2|Nitropig|miku-ghost|1557
|gen|9
|tier|[Gen 9] OU
|rated|
|rule|HP Percentage Mod: HP is shown in percentages
|rule|Endless Battle Clause: Forcing endless battles is banned
|rule|Species Clause: Limit one of each Pokémon
|rule|OHKO Clause: OHKO moves are banned
|rule|Evasion Items Clause: Evasion items are banned
|rule|Evasion Moves Clause: Evasion moves are banned
|rule|Evasion Abilities Clause: Evasion abilities are banned
|rule|Sleep Moves Clause: Sleep-inducing moves are banned
|clearpoke
|poke|p1|Tyranitar, F|
|poke|p1|Gholdengo|
|poke|p1|Excadrill, M|
|poke|p1|Tornadus-Therian, M|
|poke|p1|Ogerpon-Wellspring, F|
|poke|p1|Arcanine, F|
|poke|p2|Corviknight, M|
|poke|p2|Heatran, M|
|poke|p2|Great Tusk|
|poke|p2|Toedscruel, F|
|poke|p2|Dragapult, M|
|poke|p2|Raging Bolt|
|teampreview
|inactive|Battle timer is ON: inactive players will automatically lose when time's up. (requested by Nitropig)
|
|t:|1760382577
|teamsize|p1|6
|teamsize|p2|6
|start
|switch|p1a: Tyranitar|Tyranitar, F|100/100
|switch|p2a: Great Tusk|Great Tusk|100/100
|-weather|Sandstorm|[from] ability: Sand Stream|[of] p1a: Tyranitar
|turn|1
|
|t:|1760382587
|switch|p1a: Ogerpon|Ogerpon-Wellspring, F|100/100
|move|p2a: Great Tusk|Close Combat|p1a: Ogerpon
|-damage|p1a: Ogerpon|11/100
|-unboost|p2a: Great Tusk|def|1
|-unboost|p2a: Great Tusk|spd|1
|
|-weather|Sandstorm|[upkeep]
|-damage|p1a: Ogerpon|5/100|[from] Sandstorm
|upkeep
|turn|2
|
|t:|1760382598
|-end|p2a: Great Tusk|Protosynthesis|[silent]
|switch|p2a: Dragapult|Dragapult, M|100/100
|move|p1a: Ogerpon|Synthesis|p1a: Ogerpon
|-heal|p1a: Ogerpon|30/100
|
|-weather|Sandstorm|[upkeep]
|-damage|p2a: Dragapult|95/100|[from] Sandstorm
|-damage|p1a: Ogerpon|24/100|[from] Sandstorm
|upkeep
|turn|3
|
|t:|1760382604
|switch|p1a: Tornadus|Tornadus-Therian, M|100/100
|move|p2a: Dragapult|U-turn|p1a: Tornadus
|-resisted|p1a: Tornadus
|-damage|p1a: Tornadus|89/100
|
|t:|1760382607
|switch|p2a: Heatran|Heatran, M|100/100|[from] U-turn
|
|-weather|Sandstorm|[upkeep]
|-damage|p1a: Tornadus|83/100|[from] Sandstorm
|upkeep
|turn|4
|
|t:|1760382614
|move|p1a: Tornadus|Knock Off|p2a: Heatran
|-damage|p2a: Heatran|83/100
|-enditem|p2a: Heatran|Leftovers|[from] move: Knock Off|[of] p1a: Tornadus
|move|p2a: Heatran|Magma Storm|p1a: Tornadus
|-damage|p1a: Tornadus|55/100
|-activate|p1a: Tornadus|move: Magma Storm|[of] p2a: Heatran
|
|-weather|Sandstorm|[upkeep]
|-damage|p1a: Tornadus|49/100|[from] Sandstorm
|-damage|p1a: Tornadus|37/100|[from] move: Magma Storm|[partiallytrapped]
|upkeep
|turn|5
|
|t:|1760382621
|move|p2a: Heatran|Protect|p2a: Heatran
|-singleturn|p2a: Heatran|Protect
|move|p1a: Tornadus|U-turn|p2a: Heatran
|-activate|p2a: Heatran|move: Protect
|
|-weather|none
|-damage|p1a: Tornadus|25/100|[from] move: Magma Storm|[partiallytrapped]
|upkeep
|turn|6
|
|t:|1760382625
|switch|p2a: Great Tusk|Great Tusk|100/100
|move|p1a: Tornadus|U-turn|p2a: Great Tusk
|-resisted|p2a: Great Tusk
|-damage|p2a: Great Tusk|95/100
|
|t:|1760382631
|switch|p1a: Ogerpon|Ogerpon-Wellspring, F|24/100|[from] U-turn
|
|upkeep
|turn|7
|
|t:|1760382641
|move|p2a: Great Tusk|Close Combat|p1a: Ogerpon
|-damage|p1a: Ogerpon|0 fnt
|-unboost|p2a: Great Tusk|def|1
|-unboost|p2a: Great Tusk|spd|1
|faint|p1a: Ogerpon
|
|upkeep
|
|t:|1760382652
|switch|p1a: Gholdengo|Gholdengo|100/100
|turn|8
|
|t:|1760382655
|-end|p2a: Great Tusk|Protosynthesis|[silent]
|switch|p2a: Heatran|Heatran, M|83/100
|move|p1a: Gholdengo|Shadow Ball|p2a: Heatran
|-damage|p2a: Heatran|37/100
|
|upkeep
|turn|9
|
|t:|1760382661
|move|p2a: Heatran|Protect|p2a: Heatran
|-singleturn|p2a: Heatran|Protect
|move|p1a: Gholdengo|Shadow Ball|p2a: Heatran
|-activate|p2a: Heatran|move: Protect
|
|upkeep
|turn|10
|
|t:|1760382674
|move|p1a: Gholdengo|Shadow Ball|p2a: Heatran
|-damage|p2a: Heatran|0 fnt
|faint|p2a: Heatran
|
|upkeep
|
|t:|1760382675
|switch|p2a: Great Tusk|Great Tusk|95/100
|turn|11
|
|t:|1760382682
|switch|p1a: Excadrill|Excadrill, M|100/100
|-item|p1a: Excadrill|Air Balloon
|move|p2a: Great Tusk|Knock Off|p1a: Excadrill
|-damage|p1a: Excadrill|56/100
|-enditem|p1a: Excadrill|Air Balloon
|
|upkeep
|turn|12
|
|t:|1760382695
|move|p2a: Great Tusk|Knock Off|p1a: Excadrill
|-damage|p1a: Excadrill|24/100
|move|p1a: Excadrill|Iron Head|p2a: Great Tusk
|-damage|p2a: Great Tusk|58/100
|
|upkeep
|turn|13
|
|t:|1760382703
|move|p2a: Great Tusk|Knock Off|p1a: Excadrill
|-damage|p1a: Excadrill|0 fnt
|faint|p1a: Excadrill
|
|upkeep
|
|t:|1760382711
|switch|p1a: Tyranitar|Tyranitar, F|100/100
|-weather|Sandstorm|[from] ability: Sand Stream|[of] p1a: Tyranitar
|turn|14
|
|t:|1760382714
|-end|p2a: Great Tusk|Protosynthesis|[silent]
|switch|p2a: Raging Bolt|Raging Bolt|100/100
|-enditem|p2a: Raging Bolt|Booster Energy
|-activate|p2a: Raging Bolt|ability: Protosynthesis|[fromitem]
|-start|p2a: Raging Bolt|protosynthesisspa
|move|p1a: Tyranitar|Ice Punch|p2a: Raging Bolt
|-supereffective|p2a: Raging Bolt
|-damage|p2a: Raging Bolt|32/100
|-status|p2a: Raging Bolt|frz
|
|-weather|Sandstorm|[upkeep]
|-damage|p2a: Raging Bolt|26/100 frz|[from] Sandstorm
|upkeep
|turn|15
|
|t:|1760382722
|cant|p2a: Raging Bolt|frz
|move|p1a: Tyranitar|Ice Punch|p2a: Raging Bolt
|-supereffective|p2a: Raging Bolt
|-damage|p2a: Raging Bolt|0 fnt
|faint|p2a: Raging Bolt
|-end|p2a: Raging Bolt|Protosynthesis|[silent]
|
|-weather|Sandstorm|[upkeep]
|upkeep
|
|t:|1760382726
|switch|p2a: Great Tusk|Great Tusk|58/100
|turn|16
|
|t:|1760382734
|-end|p2a: Great Tusk|Protosynthesis|[silent]
|switch|p2a: Dragapult|Dragapult, M|95/100
|switch|p1a: Arcanine|Arcanine, F|100/100
|-ability|p1a: Arcanine|Intimidate|boost
|-unboost|p2a: Dragapult|atk|1
|
|-weather|Sandstorm|[upkeep]
|-damage|p2a: Dragapult|89/100|[from] Sandstorm
|-damage|p1a: Arcanine|94/100|[from] Sandstorm
|upkeep
|turn|17
|
|t:|1760382743
|move|p2a: Dragapult|Shadow Ball|p1a: Arcanine
|-damage|p1a: Arcanine|34/100
|-unboost|p1a: Arcanine|spd|1
|move|p1a: Arcanine|Will-O-Wisp|p2a: Dragapult
|-status|p2a: Dragapult|brn
|
|-weather|Sandstorm|[upkeep]
|-damage|p2a: Dragapult|83/100 brn|[from] Sandstorm
|-damage|p1a: Arcanine|28/100|[from] Sandstorm
|-damage|p2a: Dragapult|77/100 brn|[from] brn
|upkeep
|turn|18
|
|t:|1760382769
|switch|p2a: Great Tusk|Great Tusk|58/100
|switch|p1a: Tyranitar|Tyranitar, F|100/100
|
|-weather|none
|upkeep
|turn|19
|
|t:|1760382776
|-terastallize|p1a: Tyranitar|Bug
|move|p2a: Great Tusk|Headlong Rush|p1a: Tyranitar
|-resisted|p1a: Tyranitar
|-damage|p1a: Tyranitar|75/100
|-unboost|p2a: Great Tusk|def|1
|-unboost|p2a: Great Tusk|spd|1
|move|p1a: Tyranitar|Ice Punch|p2a: Great Tusk
|-supereffective|p2a: Great Tusk
|-damage|p2a: Great Tusk|0 fnt
|faint|p2a: Great Tusk
|-end|p2a: Great Tusk|Protosynthesis|[silent]
|
|upkeep
|
|t:|1760382782
|switch|p2a: Dragapult|Dragapult, M|77/100 brn
|turn|20
|
|t:|1760382789
|move|p2a: Dragapult|Flamethrower|p1a: Tyranitar
|-supereffective|p1a: Tyranitar
|-damage|p1a: Tyranitar|11/100
|-status|p1a: Tyranitar|brn
|move|p1a: Tyranitar|Ice Punch|p2a: Dragapult
|-supereffective|p2a: Dragapult
|-damage|p2a: Dragapult|25/100 brn
|
|-damage|p2a: Dragapult|19/100 brn|[from] brn
|-damage|p1a: Tyranitar|5/100 brn|[from] brn
|upkeep
|turn|21
|
|t:|1760382803
|switch|p2a: Toedscruel|Toedscruel, F|100/100
|move|p1a: Tyranitar|Ice Punch|p2a: Toedscruel
|-supereffective|p2a: Toedscruel
|-damage|p2a: Toedscruel|0 fnt
|faint|p2a: Toedscruel
|
|-damage|p1a: Tyranitar|0 fnt|[from] brn
|faint|p1a: Tyranitar
|upkeep
|
|t:|1760382809
|switch|p2a: Dragapult|Dragapult, M|19/100 brn
|switch|p1a: Tornadus|Tornadus-Therian, M|58/100
|turn|22
|
|t:|1760382821
|switch|p1a: Arcanine|Arcanine, F|28/100
|-ability|p1a: Arcanine|Intimidate|boost
|-unboost|p2a: Dragapult|atk|1
|move|p2a: Dragapult|Draco Meteor|p1a: Arcanine
|-damage|p1a: Arcanine|0 fnt
|-unboost|p2a: Dragapult|spa|2
|faint|p1a: Arcanine
|
|-damage|p2a: Dragapult|13/100 brn|[from] brn
|upkeep
|
|t:|1760382827
|switch|p1a: Gholdengo|Gholdengo|100/100
|turn|23
|
|t:|1760382830
|switch|p2a: Corviknight|Corviknight, M|100/100
|-ability|p2a: Corviknight|Pressure
|move|p1a: Gholdengo|Shadow Ball|p2a: Corviknight
|-damage|p2a: Corviknight|26/100
|
|upkeep
|turn|24
|
|t:|1760382837
|move|p1a: Gholdengo|Shadow Ball|p2a: Corviknight
|-damage|p2a: Corviknight|0 fnt
|faint|p2a: Corviknight
|
|upkeep
|
|t:|1760382838
|switch|p2a: Dragapult|Dragapult, M|13/100 brn
|turn|25
|
|t:|1760382843
|-terastallize|p2a: Dragapult|Ghost
|move|p2a: Dragapult|Shadow Ball|p1a: Gholdengo
|-supereffective|p1a: Gholdengo
|-damage|p1a: Gholdengo|0 fnt
|faint|p1a: Gholdengo
|
|-damage|p2a: Dragapult|7/100 brn|[from] brn
|upkeep
|
|t:|1760382845
|switch|p1a: Tornadus|Tornadus-Therian, M|91/100
|turn|26
|
|t:|1760382848
|move|p1a: Tornadus|Knock Off|p2a: Dragapult
|-supereffective|p2a: Dragapult
|-damage|p2a: Dragapult|0 fnt
|-enditem|p2a: Dragapult|Choice Specs|[from] move: Knock Off|[of] p1a: Tornadus
|faint|p2a: Dragapult
|
|win|youjustgotnoobed
|raw|youjustgotnoobed's rating: 1455 &rarr; <strong>1481</strong><br />(+26 for winning)
|raw|Nitropig's rating: 1557 &rarr; <strong>1531</strong><br />(-26 for losing)
|l|☆Nitropig
|player|p2|
|l|☆youjustgotnoobed
|player|p1|
