|j|☆prince_holdaspoon
|j|☆Potential Man
|t:|1760315828
|gametype|singles
|player|p1|prince_holdaspoon|schoolkid-gen4dp|1493
|player|p2|Potential Man|brock-gen2|1543
|gen|9
|tier|[Gen 9] OU
|rated|
|rule|HP Percentage Mod: HP is shown in percentages
|rule|Endless Battle Clause: Forcing endless battles is banned
|rule|Species Clause: Limit one of each Pokémon
|rule|OHKO Clause: OHKO moves are banned
|rule|Evasion Items Clause: Evasion items are banned
|rule|Evasion Moves Clause: Evasion moves are banned
|rule|Evasion Abilities Clause: Evasion abilities are banned
|rule|Sleep Moves Clause: Sleep-inducing moves are banned
|clearpoke
|poke|p1|Pelipper, M|
|poke|p1|Kingdra, F|
|poke|p1|Ogerpon-Wellspring, F|
|poke|p1|Garchomp, F|
|poke|p1|Hatterene, F|
|poke|p1|Primarina, M|
|poke|p2|Toxtricity, M|
|poke|p2|Landorus-Therian, M|
|poke|p2|Kingambit, M|
|poke|p2|Dragonite, F|
|poke|p2|Primarina, F|
|poke|p2|Iron Treads|
|teampreview
|
|t:|1760315839
|teamsize|p1|6
|teamsize|p2|6
|start
|switch|p1a: Garchomp|Garchomp, F|100/100
|switch|p2a: Bad Amp|Toxtricity, M, shiny|100/100
|turn|1
|
|t:|1760315844
|-terastallize|p2a: Bad Amp|Normal
|move|p1a: Garchomp|Earthquake|p2a: Bad Amp
|-damage|p2a: Bad Amp|23/100
|move|p2a: Bad Amp|Boomburst|p1a: Garchomp
|-damage|p1a: Garchomp|0 fnt
|faint|p1a: Garchomp
|
|upkeep
|
|t:|1760315851
|switch|p1a: Ogerpon|Ogerpon-Wellspring, F|100/100
|turn|2
|
|t:|1760315854
|switch|p2a: Dragonite|Dragonite, F|100/100
|move|p1a: Ogerpon|Ivy Cudgel|p2a: Dragonite|[anim] Ivy Cudgel Water
|-resisted|p2a: Dragonite
|-crit|p2a: Dragonite
|-damage|p2a: Dragonite|79/100
|
|upkeep
|turn|3
|
|t:|1760315861
|switch|p1a: Hatterene|Hatterene, F|100/100
|move|p2a: Dragonite|Roost|p2a: Dragonite
|-heal|p2a: Dragonite|100/100
|-singleturn|p2a: Dragonite|move: Roost
|
|upkeep
|turn|4
|
|t:|1760315868
|switch|p2a: Iron Treads|Iron Treads|100/100
|move|p1a: Hatterene|Psychic Noise|p2a: Iron Treads
|-resisted|p2a: Iron Treads
|-crit|p2a: Iron Treads
|-damage|p2a: Iron Treads|64/100
|-start|p2a: Iron Treads|move: Heal Block
|
|upkeep
|turn|5
|
|t:|1760315877
|switch|p1a: Pelipper|Pelipper, M|100/100
|-weather|RainDance|[from] ability: Drizzle|[of] p1a: Pelipper
|move|p2a: Iron Treads|Rapid Spin|p1a: Pelipper
|-damage|p1a: Pelipper|85/100
|-boost|p2a: Iron Treads|spe|1
|
|-weather|RainDance|[upkeep]
|-end|p2a: Iron Treads|move: Heal Block
|upkeep
|turn|6
|
|t:|1760315887
|switch|p1a: Kingdra|Kingdra, F|100/100
|move|p2a: Iron Treads|Stealth Rock|p1a: Kingdra
|-sidestart|p1: prince_holdaspoon|move: Stealth Rock
|
|-weather|RainDance|[upkeep]
|-heal|p2a: Iron Treads|70/100|[from] item: Leftovers
|upkeep
|turn|7
|
|t:|1760315900
|-terastallize|p1a: Kingdra|Water
|move|p1a: Kingdra|Weather Ball|p2a: Iron Treads
|-supereffective|p2a: Iron Treads
|-crit|p2a: Iron Treads
|-damage|p2a: Iron Treads|0 fnt
|faint|p2a: Iron Treads
|-end|p2a: Iron Treads|Quark Drive|[silent]
|-damage|p1a: Kingdra|91/100|[from] item: Life Orb
|
|-weather|RainDance|[upkeep]
|upkeep
|
|t:|1760315903
|switch|p2a: Primarina|Primarina, F|100/100
|turn|8
|
|t:|1760315915
|switch|p1a: Ogerpon|Ogerpon-Wellspring, F|100/100
|-damage|p1a: Ogerpon|88/100|[from] Stealth Rock
|move|p2a: Primarina|Moonblast|p1a: Ogerpon
|-damage|p1a: Ogerpon|35/100
|
|-weather|RainDance|[upkeep]
|upkeep
|turn|9
|
|t:|1760315923
|switch|p2a: T.M. Opera O|Landorus-Therian, M|100/100
|-ability|p2a: T.M. Opera O|Intimidate|boost
|-unboost|p1a: Ogerpon|atk|1
|move|p1a: Ogerpon|Horn Leech|p2a: T.M. Opera O
|-damage|p2a: T.M. Opera O|69/100
|-heal|p1a: Ogerpon|50/100|[from] drain|[of] p2a: T.M. Opera O
|
|-weather|RainDance|[upkeep]
|upkeep
|turn|10
|
|t:|1760315932
|switch|p1a: Hatterene|Hatterene, F|100/100
|-damage|p1a: Hatterene|88/100|[from] Stealth Rock
|move|p2a: T.M. Opera O|U-turn|p1a: Hatterene
|-damage|p1a: Hatterene|62/100
|-damage|p2a: T.M. Opera O|53/100|[from] item: Rocky Helmet|[of] p1a: Hatterene
|
|t:|1760315936
|switch|p2a: Bad Amp|Toxtricity, M, shiny, tera:Normal|23/100|[from] U-turn
|
|-weather|RainDance|[upkeep]
|upkeep
|turn|11
|
|t:|1760315950
|switch|p1a: Pelipper|Pelipper, M|85/100
|-damage|p1a: Pelipper|60/100|[from] Stealth Rock
|move|p2a: Bad Amp|Boomburst|p1a: Pelipper
|-damage|p1a: Pelipper|0 fnt
|faint|p1a: Pelipper
|
|-weather|RainDance|[upkeep]
|upkeep
|
|t:|1760315958
|switch|p1a: Kingdra|Kingdra, F, tera:Water|91/100
|-damage|p1a: Kingdra|78/100|[from] Stealth Rock
|turn|12
|
|t:|1760315962
|switch|p2a: Primarina|Primarina, F|100/100
|move|p1a: Kingdra|Weather Ball|p2a: Primarina
|-resisted|p2a: Primarina
|-damage|p2a: Primarina|66/100
|-damage|p1a: Kingdra|68/100|[from] item: Life Orb
|
|-weather|none
|upkeep
|turn|13
|
|t:|1760315974
|move|p1a: Kingdra|Wave Crash|p2a: Primarina
|-resisted|p2a: Primarina
|-damage|p2a: Primarina|19/100
|-damage|p1a: Kingdra|51/100|[from] Recoil
|-damage|p1a: Kingdra|41/100|[from] item: Life Orb
|move|p2a: Primarina|Moonblast|p1a: Kingdra
|-damage|p1a: Kingdra|0 fnt
|faint|p1a: Kingdra
|
|upkeep
|
|t:|1760315982
|switch|p1a: Primarina|Primarina, M|100/100
|-damage|p1a: Primarina|88/100|[from] Stealth Rock
|turn|14
|
|t:|1760315986
|move|p2a: Primarina|Moonblast|p1a: Primarina
|-damage|p1a: Primarina|45/100
|-unboost|p1a: Primarina|spa|1
|move|p1a: Primarina|Calm Mind|p1a: Primarina
|-boost|p1a: Primarina|spa|1
|-boost|p1a: Primarina|spd|1
|
|-heal|p1a: Primarina|51/100|[from] item: Leftovers
|upkeep
|turn|15
|
|t:|1760315995
|move|p2a: Primarina|Psychic Noise|p1a: Primarina
|-damage|p1a: Primarina|34/100
|-start|p1a: Primarina|move: Heal Block
|cant|p1a: Primarina|move: Heal Block|Draining Kiss
|
|upkeep
|turn|16
|
|t:|1760316001
|move|p2a: Primarina|Moonblast|p1a: Primarina
|-damage|p1a: Primarina|3/100
|move|p1a: Primarina|Psychic Noise|p2a: Primarina
|-resisted|p2a: Primarina
|-damage|p2a: Primarina|8/100
|-start|p2a: Primarina|move: Heal Block
|
|-end|p1a: Primarina|move: Heal Block
|upkeep
|turn|17
|
|t:|1760316010
|switch|p1a: Ogerpon|Ogerpon-Wellspring, F|50/100
|-damage|p1a: Ogerpon|38/100|[from] Stealth Rock
|move|p2a: Primarina|Moonblast|p1a: Ogerpon
|-damage|p1a: Ogerpon|0 fnt
|faint|p1a: Ogerpon
|
|-end|p2a: Primarina|move: Heal Block
|upkeep
|
|t:|1760316019
|switch|p1a: Hatterene|Hatterene, F|62/100
|-damage|p1a: Hatterene|50/100|[from] Stealth Rock
|turn|18
|
|t:|1760316023
|move|p2a: Primarina|Psychic Noise|p1a: Hatterene
|-resisted|p1a: Hatterene
|-damage|p1a: Hatterene|37/100
|-start|p1a: Hatterene|move: Heal Block
|cant|p1a: Hatterene|move: Heal Block|Draining Kiss
|
|upkeep
|turn|19
|
|t:|1760316029
|move|p2a: Primarina|Psychic Noise|p1a: Hatterene
|-resisted|p1a: Hatterene
|-damage|p1a: Hatterene|24/100
|move|p1a: Hatterene|Nuzzle|p2a: Primarina
|-supereffective|p2a: Primarina
|-damage|p2a: Primarina|0 fnt
|faint|p2a: Primarina
|
|-end|p1a: Hatterene|move: Heal Block
|upkeep
|
|t:|1760316031
|switch|p2a: Bad Amp|Toxtricity, M, shiny, tera:Normal|23/100
|turn|20
|
|t:|1760316040
|move|p2a: Bad Amp|Boomburst|p1a: Hatterene
|-damage|p1a: Hatterene|0 fnt
|faint|p1a: Hatterene
|
|upkeep
|
|t:|1760316047
|switch|p1a: Primarina|Primarina, M|3/100
|-damage|p1a: Primarina|0 fnt|[from] Stealth Rock
|faint|p1a: Primarina
|
|win|Potential Man
|raw|prince_holdaspoon's rating: 1493 &rarr; <strong>1476</strong><br />(-17 for losing)
|raw|Potential Man's rating: 1543 &rarr; <strong>1560</strong><br />(+17 for winning)
|c|☆prince_holdaspoon|so braindead
|l|☆prince_holdaspoon
|player|p1|
|c|☆Potential Man|geeeeet dunked on
