|j|☆GlormbusTemples
|j|☆haocai99
|t:|1760451088
|gametype|singles
|player|p1|GlormbusTemples|pokekid|1180
|player|p2|haocai99|1|1112
|gen|9
|tier|[Gen 9] OU
|rated|
|rule|HP Percentage Mod: HP is shown in percentages
|rule|Endless Battle Clause: Forcing endless battles is banned
|rule|Species Clause: Limit one of each Pokémon
|rule|OHKO Clause: OHKO moves are banned
|rule|Evasion Items Clause: Evasion items are banned
|rule|Evasion Moves Clause: Evasion moves are banned
|rule|Evasion Abilities Clause: Evasion abilities are banned
|rule|Sleep Moves Clause: Sleep-inducing moves are banned
|clearpoke
|poke|p1|Zapdos|
|poke|p1|Slowking-Galar, F|
|poke|p1|Jirachi|
|poke|p1|Landorus-Therian, M|
|poke|p1|Alomomola, M|
|poke|p1|Kingambit, M|
|poke|p2|Kleavor, M|
|poke|p2|Dragonite, M|
|poke|p2|Quaquaval, M|
|poke|p2|Garchomp, M|
|poke|p2|Blaziken, M|
|poke|p2|Duraludon, M|
|teampreview
|inactive|Battle timer is ON: inactive players will automatically lose when time's up. (requested by haocai99)
|
|t:|1760451108
|teamsize|p1|6
|teamsize|p2|6
|start
|switch|p1a: Landorus|Landorus-Therian, M|100/100
|switch|p2a: Kleavor|Kleavor, M, shiny|100/100
|-ability|p1a: Landorus|Intimidate|boost
|-unboost|p2a: Kleavor|atk|1
|turn|1
|
|t:|1760451116
|move|p1a: Landorus|Earth Power|p2a: Kleavor
|-damage|p2a: Kleavor|56/100
|move|p2a: Kleavor|Stone Axe|p1a: Landorus
|-crit|p1a: Landorus
|-damage|p1a: Landorus|13/100
|-sidestart|p1: GlormbusTemples|move: Stealth Rock
|
|upkeep
|turn|2
|
|t:|1760451126
|move|p1a: Landorus|U-turn|p2a: Kleavor
|-crit|p2a: Kleavor
|-damage|p2a: Kleavor|22/100
|
|t:|1760451131
|switch|p1a: Jirachi|Jirachi|100/100|[from] U-turn
|-damage|p1a: Jirachi|94/100|[from] Stealth Rock
|move|p2a: Kleavor|Stone Axe|p1a: Jirachi
|-resisted|p1a: Jirachi
|-crit|p1a: Jirachi
|-damage|p1a: Jirachi|57/100
|
|-heal|p1a: Jirachi|63/100|[from] item: Leftovers
|upkeep
|turn|3
|
|t:|1760451143
|move|p1a: Jirachi|Substitute|p1a: Jirachi
|-start|p1a: Jirachi|Substitute
|-damage|p1a: Jirachi|38/100
|move|p2a: Kleavor|Night Slash|p1a: Jirachi
|-supereffective|p1a: Jirachi
|-end|p1a: Jirachi|Substitute
|
|-heal|p1a: Jirachi|44/100|[from] item: Leftovers
|upkeep
|turn|4
|
|t:|1760451152
|move|p1a: Jirachi|Iron Head|p2a: Kleavor
|-supereffective|p2a: Kleavor
|-damage|p2a: Kleavor|0 fnt
|faint|p2a: Kleavor
|
|-heal|p1a: Jirachi|50/100|[from] item: Leftovers
|upkeep
|
|t:|1760451159
|switch|p2a: Duraludon|Duraludon, M, shiny|100/100
|turn|5
|
|t:|1760451167
|move|p1a: Jirachi|Substitute|p1a: Jirachi
|-start|p1a: Jirachi|Substitute
|-damage|p1a: Jirachi|25/100
|move|p2a: Duraludon|Dark Pulse|p1a: Jirachi
|-supereffective|p1a: Jirachi
|-end|p1a: Jirachi|Substitute
|
|-heal|p1a: Jirachi|32/100|[from] item: Leftovers
|upkeep
|turn|6
|
|t:|1760451178
|switch|p1a: Zapdos|Zapdos|100/100
|move|p2a: Duraludon|Dark Pulse|p1a: Zapdos
|-damage|p1a: Zapdos|72/100
|
|upkeep
|turn|7
|
|t:|1760451185
|move|p1a: Zapdos|Substitute|p1a: Zapdos
|-start|p1a: Zapdos|Substitute
|-damage|p1a: Zapdos|47/100
|move|p2a: Duraludon|Draco Meteor|p1a: Zapdos
|-end|p1a: Zapdos|Substitute
|-unboost|p2a: Duraludon|spa|2
|
|upkeep
|turn|8
|
|t:|1760451194
|move|p1a: Zapdos|Substitute|p1a: Zapdos
|-start|p1a: Zapdos|Substitute
|-damage|p1a: Zapdos|22/100
|move|p2a: Duraludon|Draco Meteor|p1a: Zapdos
|-end|p1a: Zapdos|Substitute
|-unboost|p2a: Duraludon|spa|2
|
|upkeep
|turn|9
|
|t:|1760451202
|move|p1a: Zapdos|Roost|p1a: Zapdos
|-heal|p1a: Zapdos|73/100
|-singleturn|p1a: Zapdos|move: Roost
|move|p2a: Duraludon|Draco Meteor|p1a: Zapdos
|-damage|p1a: Zapdos|51/100
|-unboost|p2a: Duraludon|spa|2
|
|upkeep
|turn|10
|
|t:|1760451216
|switch|p2a: Garchomp|Garchomp, M, shiny|100/100
|move|p1a: Zapdos|Substitute|p1a: Zapdos
|-start|p1a: Zapdos|Substitute
|-damage|p1a: Zapdos|26/100
|
|upkeep
|turn|11
|
|t:|1760451223
|move|p2a: Garchomp|Dragon Claw|p1a: Zapdos
|-end|p1a: Zapdos|Substitute
|move|p1a: Zapdos|Roost|p1a: Zapdos
|-heal|p1a: Zapdos|76/100
|-singleturn|p1a: Zapdos|move: Roost
|
|upkeep
|turn|12
|
|t:|1760451231
|move|p2a: Garchomp|Dragon Claw|p1a: Zapdos
|-damage|p1a: Zapdos|44/100
|move|p1a: Zapdos|Hurricane|p2a: Garchomp
|-damage|p2a: Garchomp|49/100
|-start|p2a: Garchomp|confusion
|
|upkeep
|turn|13
|
|t:|1760451240
|-activate|p2a: Garchomp|confusion
|move|p2a: Garchomp|Rest|p2a: Garchomp
|-status|p2a: Garchomp|slp|[from] move: Rest
|-heal|p2a: Garchomp|100/100 slp|[silent]
|move|p1a: Zapdos|Roost|p1a: Zapdos
|-heal|p1a: Zapdos|94/100
|-singleturn|p1a: Zapdos|move: Roost
|
|upkeep
|turn|14
|
|t:|1760451249
|cant|p2a: Garchomp|slp
|-activate|p2a: Garchomp|confusion
|move|p2a: Garchomp|Sleep Talk|p2a: Garchomp
|move|p2a: Garchomp|Rest||[from] move: Sleep Talk|[still]
|-fail|p2a: Garchomp
|move|p1a: Zapdos|Substitute|p1a: Zapdos
|-start|p1a: Zapdos|Substitute
|-damage|p1a: Zapdos|70/100
|
|upkeep
|turn|15
|
|t:|1760451259
|cant|p2a: Garchomp|slp
|-activate|p2a: Garchomp|confusion
|move|p2a: Garchomp|Sleep Talk|p2a: Garchomp
|move|p2a: Garchomp|Rest||[from] move: Sleep Talk|[still]
|-fail|p2a: Garchomp
|move|p1a: Zapdos|Hurricane|p2a: Garchomp
|-damage|p2a: Garchomp|48/100 slp
|
|upkeep
|turn|16
|
|t:|1760451273
|-curestatus|p2a: Garchomp|slp|[msg]
|-activate|p2a: Garchomp|confusion
|-damage|p2a: Garchomp|32/100|[from] confusion
|move|p1a: Zapdos|Hurricane|p2a: Garchomp|[miss]
|-miss|p1a: Zapdos|p2a: Garchomp
|
|upkeep
|turn|17
|
|t:|1760451282
|-end|p2a: Garchomp|confusion
|move|p2a: Garchomp|Rest|p2a: Garchomp
|-status|p2a: Garchomp|slp|[from] move: Rest
|-heal|p2a: Garchomp|100/100 slp|[silent]
|move|p1a: Zapdos|Hurricane|p2a: Garchomp
|-damage|p2a: Garchomp|49/100 slp
|
|upkeep
|turn|18
|
|t:|1760451292
|cant|p2a: Garchomp|slp
|move|p2a: Garchomp|Sleep Talk|p2a: Garchomp
|move|p2a: Garchomp|Earthquake|p1a: Zapdos|[from] move: Sleep Talk
|-immune|p1a: Zapdos
|move|p1a: Zapdos|Hurricane|p2a: Garchomp
|-damage|p2a: Garchomp|0 fnt
|faint|p2a: Garchomp
|
|upkeep
|
|t:|1760451321
|switch|p2a: Dragonite|Dragonite, M, shiny|100/100
|turn|19
|
|t:|1760451326
|move|p2a: Dragonite|Extreme Speed|p1a: Zapdos
|-activate|p1a: Zapdos|move: Substitute|[damage]
|move|p1a: Zapdos|Discharge|p2a: Dragonite
|-damage|p2a: Dragonite|84/100
|
|upkeep
|turn|20
|
|t:|1760451334
|move|p2a: Dragonite|Dragon Claw|p1a: Zapdos
|-end|p1a: Zapdos|Substitute
|move|p1a: Zapdos|Discharge|p2a: Dragonite
|-damage|p2a: Dragonite|46/100
|-status|p2a: Dragonite|par
|
|upkeep
|turn|21
|
|t:|1760451342
|move|p1a: Zapdos|Substitute|p1a: Zapdos
|-start|p1a: Zapdos|Substitute
|-damage|p1a: Zapdos|45/100
|cant|p2a: Dragonite|par
|
|upkeep
|turn|22
|-message|haocai99 forfeited.
|
|win|GlormbusTemples
|raw|GlormbusTemples's rating: 1180 &rarr; <strong>1200</strong><br />(+20 for winning)
|raw|haocai99's rating: 1112 &rarr; <strong>1092</strong><br />(-20 for losing)
|l|☆haocai99
|player|p2|
