|j|☆ineverhaxed
|j|☆doubida9
|t:|1760461059
|gametype|singles
|player|p1|ineverhaxed|102|1406
|player|p2|doubida9|red|1444
|gen|9
|tier|[Gen 9] OU
|rated|
|rule|HP Percentage Mod: HP is shown in percentages
|rule|Endless Battle Clause: Forcing endless battles is banned
|rule|Species Clause: Limit one of each Pokémon
|rule|OHKO Clause: OHKO moves are banned
|rule|Evasion Items Clause: Evasion items are banned
|rule|Evasion Moves Clause: Evasion moves are banned
|rule|Evasion Abilities Clause: Evasion abilities are banned
|rule|Sleep Moves Clause: Sleep-inducing moves are banned
|clearpoke
|poke|p1|Electrode-Hisui|
|poke|p1|Cloyster, M|
|poke|p1|Blissey, F|
|poke|p1|Darkrai|
|poke|p1|Cinderace, F|
|poke|p1|Lokix, F|
|poke|p2|Ogerpon-Wellspring, F|
|poke|p2|Kingambit, F|
|poke|p2|Landorus-Therian, M|
|poke|p2|Glimmora, F|
|poke|p2|Dragapult, F|
|poke|p2|Iron Valiant|
|teampreview
|inactive|Battle timer is ON: inactive players will automatically lose when time's up. (requested by doubida9)
|
|t:|1760461073
|teamsize|p1|6
|teamsize|p2|6
|start
|switch|p1a: Darkrai|Darkrai|100/100
|switch|p2a: Glimmora|Glimmora, F|100/100
|turn|1
|
|t:|1760461078
|move|p1a: Darkrai|Dark Pulse|p2a: Glimmora
|-damage|p2a: Glimmora|34/100
|cant|p2a: Glimmora|flinch
|
|upkeep
|turn|2
|
|t:|1760461089
|switch|p2a: Kingambit|Kingambit, F|100/100
|move|p1a: Darkrai|Dark Pulse|p2a: Kingambit
|-resisted|p2a: Kingambit
|-damage|p2a: Kingambit|78/100
|
|-heal|p2a: Kingambit|84/100|[from] item: Leftovers
|upkeep
|turn|3
|
|t:|1760461095
|switch|p1a: Electrode|Electrode-Hisui|100/100
|-end|p2a: Kingambit|fallenundefined|[silent]
|switch|p2a: Landorus|Landorus-Therian, M|100/100
|-ability|p2a: Landorus|Intimidate|boost
|-unboost|p1a: Electrode|atk|1
|
|upkeep
|turn|4
|
|t:|1760461104
|-terastallize|p1a: Electrode|Ice
|move|p1a: Electrode|Tera Blast|p2a: Landorus|[anim] Tera Blast Ice
|-supereffective|p2a: Landorus
|-damage|p2a: Landorus|0 fnt
|faint|p2a: Landorus
|
|upkeep
|
|t:|1760461122
|switch|p2a: Ogerpon|Ogerpon-Wellspring, F|100/100
|turn|5
|
|t:|1760461127
|move|p1a: Electrode|Tera Blast|p2a: Ogerpon|[anim] Tera Blast Ice
|-damage|p2a: Ogerpon|44/100
|move|p2a: Ogerpon|Horn Leech|p1a: Electrode
|-damage|p1a: Electrode|27/100
|-heal|p2a: Ogerpon|76/100|[from] drain|[of] p1a: Electrode
|
|upkeep
|turn|6
|
|t:|1760461136
|move|p1a: Electrode|Tera Blast|p2a: Ogerpon|[anim] Tera Blast Ice
|-damage|p2a: Ogerpon|15/100
|move|p2a: Ogerpon|Horn Leech|p1a: Electrode
|-crit|p1a: Electrode
|-damage|p1a: Electrode|0 fnt
|-heal|p2a: Ogerpon|27/100|[from] drain|[of] p1a: Electrode
|faint|p1a: Electrode
|
|upkeep
|
|t:|1760461142
|switch|p1a: Darkrai|Darkrai|100/100
|turn|7
|
|t:|1760461148
|switch|p2a: Kingambit|Kingambit, F|84/100
|-activate|p2a: Kingambit|ability: Supreme Overlord
|-start|p2a: Kingambit|fallen1|[silent]
|move|p1a: Darkrai|Dark Pulse|p2a: Kingambit
|-resisted|p2a: Kingambit
|-damage|p2a: Kingambit|63/100
|
|-heal|p2a: Kingambit|69/100|[from] item: Leftovers
|upkeep
|turn|8
|
|t:|1760461166
|move|p1a: Darkrai|Dark Pulse|p2a: Kingambit
|-resisted|p2a: Kingambit
|-damage|p2a: Kingambit|47/100
|cant|p2a: Kingambit|flinch
|
|-heal|p2a: Kingambit|53/100|[from] item: Leftovers
|upkeep
|turn|9
|
|t:|1760461179
|move|p1a: Darkrai|Dark Pulse|p2a: Kingambit
|-resisted|p2a: Kingambit
|-crit|p2a: Kingambit
|-damage|p2a: Kingambit|17/100
|move|p2a: Kingambit|Kowtow Cleave|p1a: Darkrai
|-resisted|p1a: Darkrai
|-damage|p1a: Darkrai|62/100
|
|-heal|p2a: Kingambit|23/100|[from] item: Leftovers
|upkeep
|turn|10
|
|t:|1760461190
|-end|p2a: Kingambit|fallen1|[silent]
|switch|p2a: Iron Valiant|Iron Valiant|100/100
|-enditem|p2a: Iron Valiant|Booster Energy
|-activate|p2a: Iron Valiant|ability: Quark Drive|[fromitem]
|-start|p2a: Iron Valiant|quarkdrivespe
|move|p1a: Darkrai|Dark Pulse|p2a: Iron Valiant
|-resisted|p2a: Iron Valiant
|-damage|p2a: Iron Valiant|81/100
|
|upkeep
|turn|11
|
|t:|1760461199
|switch|p1a: Cinderace|Cinderace, F|100/100
|move|p2a: Iron Valiant|Swords Dance|p2a: Iron Valiant
|-boost|p2a: Iron Valiant|atk|2
|
|upkeep
|turn|12
|
|t:|1760461212
|move|p2a: Iron Valiant|Knock Off|p1a: Cinderace
|-damage|p1a: Cinderace|21/100
|-enditem|p1a: Cinderace|Red Card|[from] move: Knock Off|[of] p2a: Iron Valiant
|move|p1a: Cinderace|Acrobatics|p2a: Iron Valiant
|-start|p1a: Cinderace|typechange|Flying|[from] ability: Libero
|-supereffective|p2a: Iron Valiant
|-damage|p2a: Iron Valiant|0 fnt
|faint|p2a: Iron Valiant
|-end|p2a: Iron Valiant|Quark Drive|[silent]
|
|upkeep
|
|t:|1760461231
|switch|p2a: Dragapult|Dragapult, F|100/100
|turn|13
|
|t:|1760461236
|move|p1a: Cinderace|Sucker Punch|p2a: Dragapult
|-supereffective|p2a: Dragapult
|-damage|p2a: Dragapult|43/100
|move|p2a: Dragapult|Shadow Ball|p1a: Cinderace
|-damage|p1a: Cinderace|0 fnt
|faint|p1a: Cinderace
|
|upkeep
|
|t:|1760461243
|switch|p1a: Darkrai|Darkrai|62/100
|turn|14
|
|t:|1760461257
|switch|p2a: Glimmora|Glimmora, F|34/100
|move|p1a: Darkrai|Dark Pulse|p2a: Glimmora
|-damage|p2a: Glimmora|0 fnt
|faint|p2a: Glimmora
|
|upkeep
|inactive|doubida9 has 120 seconds left.
|
|t:|1760461285
|switch|p2a: Dragapult|Dragapult, F|43/100
|turn|15
|
|t:|1760461290
|move|p1a: Darkrai|Dark Pulse|p2a: Dragapult
|-supereffective|p2a: Dragapult
|-damage|p2a: Dragapult|0 fnt
|faint|p2a: Dragapult
|
|upkeep
|
|t:|1760461295
|switch|p2a: Kingambit|Kingambit, F|23/100
|-activate|p2a: Kingambit|ability: Supreme Overlord
|-start|p2a: Kingambit|fallen4|[silent]
|turn|16
|
|t:|1760461298
|move|p1a: Darkrai|Dark Pulse|p2a: Kingambit
|-resisted|p2a: Kingambit
|-damage|p2a: Kingambit|0 fnt
|faint|p2a: Kingambit
|-end|p2a: Kingambit|fallen4|[silent]
|
|upkeep
|-message|doubida9 forfeited.
|
|win|ineverhaxed
|raw|ineverhaxed's rating: 1406 &rarr; <strong>1428</strong><br />(+22 for winning)
|raw|doubida9's rating: 1444 &rarr; <strong>1422</strong><br />(-22 for losing)
|l|☆doubida9
|player|p2|
|l|☆ineverhaxed
|player|p1|
