|j|☆King7D7
|j|☆Punta.7
|t:|1760314704
|gametype|singles
|player|p1|King7D7|steven|1210
|player|p2|Punta.7|101|1174
|gen|9
|tier|[Gen 9] OU
|rated|
|rule|HP Percentage Mod: HP is shown in percentages
|rule|Endless Battle Clause: Forcing endless battles is banned
|rule|Species Clause: Limit one of each Pokémon
|rule|OHKO Clause: OHKO moves are banned
|rule|Evasion Items Clause: Evasion items are banned
|rule|Evasion Moves Clause: Evasion moves are banned
|rule|Evasion Abilities Clause: Evasion abilities are banned
|rule|Sleep Moves Clause: Sleep-inducing moves are banned
|clearpoke
|poke|p1|Kingambit, F|
|poke|p1|Cinderace, F|
|poke|p1|Landorus-Therian, M|
|poke|p1|Iron Valiant|
|poke|p1|Kyurem|
|poke|p1|Slowking-Galar, M|
|poke|p2|Sandy Shocks|
|poke|p2|Alomomola, M|
|poke|p2|Iron Jugulis|
|poke|p2|Rotom-Frost|
|poke|p2|Azumarill, M|
|poke|p2|Sinistcha|
|teampreview
|inactive|Battle timer is ON: inactive players will automatically lose when time's up. (requested by King7D7)
|inactive|Punta.7 has 120 seconds left.
|
|t:|1760314751
|teamsize|p1|6
|teamsize|p2|6
|start
|switch|p1a: Slowking|Slowking-Galar, M, shiny|100/100
|switch|p2a: Alomomola|Alomomola, M|100/100
|turn|1
|
|t:|1760314766
|move|p2a: Alomomola|Flip Turn|p1a: Slowking
|-damage|p1a: Slowking|84/100
|
|t:|1760314787
|switch|p2a: Azumarill|Azumarill, M|100/100|[from] Flip Turn
|move|p1a: Slowking|Thunder Wave|p2a: Azumarill
|-status|p2a: Azumarill|par
|
|upkeep
|turn|2
|
|t:|1760314798
|move|p2a: Azumarill|Knock Off|p1a: Slowking
|-supereffective|p1a: Slowking
|-damage|p1a: Slowking|0 fnt
|-enditem|p1a: Slowking|Heavy-Duty Boots|[from] move: Knock Off|[of] p2a: Azumarill
|faint|p1a: Slowking
|
|upkeep
|
|t:|1760314808
|switch|p1a: Kyurem|Kyurem, shiny|100/100
|-ability|p1a: Kyurem|Pressure
|turn|3
|
|t:|1760314817
|move|p1a: Kyurem|Freeze-Dry|p2a: Azumarill
|-supereffective|p2a: Azumarill
|-damage|p2a: Azumarill|22/100 par
|move|p2a: Azumarill|Knock Off|p1a: Kyurem
|-damage|p1a: Kyurem|50/100
|-enditem|p1a: Kyurem|Leftovers|[from] move: Knock Off|[of] p2a: Azumarill
|
|upkeep
|turn|4
|
|t:|1760314830
|switch|p2a: Rotom|Rotom-Frost|100/100
|move|p1a: Kyurem|Freeze-Dry|p2a: Rotom
|-resisted|p2a: Rotom
|-damage|p2a: Rotom|76/100
|
|upkeep
|turn|5
|
|t:|1760314840
|move|p2a: Rotom|Volt Switch|p1a: Kyurem
|-resisted|p1a: Kyurem
|-damage|p1a: Kyurem|37/100
|
|t:|1760314853
|switch|p2a: Alomomola|Alomomola, M|100/100|[from] Volt Switch
|move|p1a: Kyurem|Earth Power|p2a: Alomomola
|-damage|p2a: Alomomola|68/100
|
|upkeep
|turn|6
|
|t:|1760314860
|switch|p2a: Rotom|Rotom-Frost|76/100
|move|p1a: Kyurem|Freeze-Dry|p2a: Rotom
|-resisted|p2a: Rotom
|-damage|p2a: Rotom|53/100
|
|upkeep
|turn|7
|
|t:|1760314879
|move|p2a: Rotom|Blizzard|p1a: Kyurem
|-damage|p1a: Kyurem|0 fnt
|faint|p1a: Kyurem
|
|upkeep
|
|t:|1760314887
|switch|p1a: Cinderace|Cinderace, F, shiny|100/100
|turn|8
|
|t:|1760314896
|switch|p2a: Alomomola|Alomomola, M|100/100
|move|p1a: Cinderace|Pyro Ball|p2a: Alomomola
|-resisted|p2a: Alomomola
|-damage|p2a: Alomomola|85/100
|
|upkeep
|turn|9
|
|t:|1760314904
|move|p1a: Cinderace|U-turn|p2a: Alomomola
|-damage|p2a: Alomomola|73/100
|-damage|p1a: Cinderace|84/100|[from] item: Rocky Helmet|[of] p2a: Alomomola
|
|t:|1760314916
|switch|p1a: Iron Valiant|Iron Valiant|100/100|[from] U-turn
|-enditem|p1a: Iron Valiant|Booster Energy
|-activate|p1a: Iron Valiant|ability: Quark Drive|[fromitem]
|-start|p1a: Iron Valiant|quarkdrivespe
|move|p2a: Alomomola|Flip Turn|p1a: Iron Valiant
|-damage|p1a: Iron Valiant|80/100
|
|t:|1760314935
|switch|p2a: Sandy Shocks|Sandy Shocks|100/100|[from] Flip Turn
|
|upkeep
|turn|10
|
|t:|1760314948
|move|p1a: Iron Valiant|Calm Mind|p1a: Iron Valiant
|-boost|p1a: Iron Valiant|spa|1
|-boost|p1a: Iron Valiant|spd|1
|move|p2a: Sandy Shocks|Earth Power|p1a: Iron Valiant
|-damage|p1a: Iron Valiant|7/100
|-damage|p2a: Sandy Shocks|91/100|[from] item: Life Orb
|
|upkeep
|turn|11
|
|t:|1760314969
|-end|p2a: Sandy Shocks|Protosynthesis|[silent]
|switch|p2a: Rotom|Rotom-Frost|53/100
|move|p1a: Iron Valiant|Moonblast|p2a: Rotom
|-damage|p2a: Rotom|0 fnt
|faint|p2a: Rotom
|
|upkeep
|
|t:|1760314975
|switch|p2a: Azumarill|Azumarill, M|22/100 par
|turn|12
|
|t:|1760315000
|move|p2a: Azumarill|Aqua Jet|p1a: Iron Valiant
|-damage|p1a: Iron Valiant|0 fnt
|faint|p1a: Iron Valiant
|-end|p1a: Iron Valiant|Quark Drive|[silent]
|
|upkeep
|
|t:|1760315006
|switch|p1a: Kingambit|Kingambit, F|100/100
|-activate|p1a: Kingambit|ability: Supreme Overlord
|-start|p1a: Kingambit|fallen3|[silent]
|turn|13
|
|t:|1760315034
|switch|p2a: Alomomola|Alomomola, M|100/100
|move|p1a: Kingambit|Iron Head|p2a: Alomomola
|-resisted|p2a: Alomomola
|-crit|p2a: Alomomola
|-damage|p2a: Alomomola|76/100
|-damage|p1a: Kingambit|84/100|[from] item: Rocky Helmet|[of] p2a: Alomomola
|
|-heal|p1a: Kingambit|90/100|[from] item: Leftovers
|upkeep
|turn|14
|inactive|Punta.7 has 120 seconds left.
|
|t:|1760315052
|move|p1a: Kingambit|Swords Dance|p1a: Kingambit
|-boost|p1a: Kingambit|atk|2
|move|p2a: Alomomola|Flip Turn|p1a: Kingambit
|-damage|p1a: Kingambit|78/100
|
|t:|1760315054
|switch|p2a: Iron Jugulis|Iron Jugulis|100/100|[from] Flip Turn
|
|-heal|p1a: Kingambit|84/100|[from] item: Leftovers
|upkeep
|turn|15
|
|t:|1760315066
|move|p2a: Iron Jugulis|Focus Blast|p1a: Kingambit
|-supereffective|p1a: Kingambit
|-damage|p1a: Kingambit|0 fnt
|faint|p1a: Kingambit
|-end|p1a: Kingambit|fallen3|[silent]
|
|upkeep
|-message|King7D7 forfeited.
|
|win|Punta.7
|raw|King7D7's rating: 1210 &rarr; <strong>1182</strong><br />(-28 for losing)
|raw|Punta.7's rating: 1174 &rarr; <strong>1202</strong><br />(+28 for winning)
|l|☆King7D7
|player|p1|
|l|☆Punta.7
|player|p2|
