|j|☆mulie
|j|☆BadExtremelyBad
|t:|1760445350
|gametype|singles
|player|p1|mulie|2|1375
|player|p2|BadExtremelyBad|170|1463
|gen|9
|tier|[Gen 9] OU
|rated|
|rule|HP Percentage Mod: HP is shown in percentages
|rule|Endless Battle Clause: Forcing endless battles is banned
|rule|Species Clause: Limit one of each Pokémon
|rule|OHKO Clause: OHKO moves are banned
|rule|Evasion Items Clause: Evasion items are banned
|rule|Evasion Moves Clause: Evasion moves are banned
|rule|Evasion Abilities Clause: Evasion abilities are banned
|rule|Sleep Moves Clause: Sleep-inducing moves are banned
|clearpoke
|poke|p1|Mabosstiff, F|
|poke|p1|Ribombee, F|
|poke|p1|Dragapult, M|
|poke|p1|Pecharunt|
|poke|p1|Heatran, M|
|poke|p1|Krookodile, F|
|poke|p2|Ogerpon-Wellspring, F|
|poke|p2|Raging Bolt|
|poke|p2|Ting-Lu|
|poke|p2|Great Tusk|
|poke|p2|Scizor, M|
|poke|p2|Pecharunt|
|teampreview
|inactive|Battle timer is ON: inactive players will automatically lose when time's up. (requested by BadExtremelyBad)
|
|t:|1760445373
|teamsize|p1|6
|teamsize|p2|6
|start
|switch|p1a: Heatran|Heatran, M|100/100
|switch|p2a: Scizor|Scizor, M|100/100
|turn|1
|
|t:|1760445378
|switch|p2a: Ting-Lu|Ting-Lu|100/100
|-ability|p2a: Ting-Lu|Vessel of Ruin
|move|p1a: Heatran|Stealth Rock|p2a: Ting-Lu
|-sidestart|p2: BadExtremelyBad|move: Stealth Rock
|
|upkeep
|turn|2
|
|t:|1760445386
|switch|p1a: Ribombee|Ribombee, F|100/100
|move|p2a: Ting-Lu|Spikes|p1a: Ribombee
|-sidestart|p1: mulie|Spikes
|
|upkeep
|turn|3
|
|t:|1760445389
|move|p1a: Ribombee|Moonblast|p2a: Ting-Lu
|-supereffective|p2a: Ting-Lu
|-damage|p2a: Ting-Lu|65/100
|-unboost|p2a: Ting-Lu|spa|1
|move|p2a: Ting-Lu|Spikes|p1a: Ribombee
|-sidestart|p1: mulie|Spikes
|
|-heal|p2a: Ting-Lu|71/100|[from] item: Leftovers
|upkeep
|turn|4
|
|t:|1760445394
|move|p1a: Ribombee|Sticky Web|p2a: Ting-Lu
|-sidestart|p2: BadExtremelyBad|move: Sticky Web
|move|p2a: Ting-Lu|Spikes|p1a: Ribombee
|-sidestart|p1: mulie|Spikes
|
|-heal|p2a: Ting-Lu|78/100|[from] item: Leftovers
|upkeep
|turn|5
|
|t:|1760445397
|move|p1a: Ribombee|Moonblast|p2a: Ting-Lu
|-supereffective|p2a: Ting-Lu
|-damage|p2a: Ting-Lu|42/100
|-unboost|p2a: Ting-Lu|spa|1
|move|p2a: Ting-Lu|Whirlwind|p1a: Ribombee
|drag|p1a: Heatran|Heatran, M|100/100
|-damage|p1a: Heatran|76/100|[from] Spikes
|
|-heal|p1a: Heatran|82/100|[from] item: Leftovers
|-heal|p2a: Ting-Lu|48/100|[from] item: Leftovers
|upkeep
|turn|6
|
|t:|1760445412
|switch|p1a: Methanol|Mabosstiff, F|100/100
|-damage|p1a: Methanol|76/100|[from] Spikes
|move|p2a: Ting-Lu|Earthquake|p1a: Methanol
|-damage|p1a: Methanol|26/100
|
|-heal|p2a: Ting-Lu|55/100|[from] item: Leftovers
|upkeep
|turn|7
|
|t:|1760445418
|move|p1a: Methanol|Play Rough|p2a: Ting-Lu
|-supereffective|p2a: Ting-Lu
|-damage|p2a: Ting-Lu|0 fnt
|faint|p2a: Ting-Lu
|
|upkeep
|
|t:|1760445425
|switch|p2a: Great Tusk|Great Tusk|100/100
|-damage|p2a: Great Tusk|98/100|[from] Stealth Rock
|-activate|p2a: Great Tusk|move: Sticky Web
|-unboost|p2a: Great Tusk|spe|1
|turn|8
|
|t:|1760445432
|switch|p1a: Pecharunt|Pecharunt|100/100
|-damage|p1a: Pecharunt|75/100|[from] Spikes
|move|p2a: Great Tusk|Headlong Rush|p1a: Pecharunt
|-supereffective|p1a: Pecharunt
|-damage|p1a: Pecharunt|24/100
|-unboost|p2a: Great Tusk|def|1
|-unboost|p2a: Great Tusk|spd|1
|
|-heal|p1a: Pecharunt|30/100|[from] item: Leftovers
|upkeep
|turn|9
|
|t:|1760445440
|-end|p2a: Great Tusk|Protosynthesis|[silent]
|switch|p2a: Scizor|Scizor, M|100/100
|-damage|p2a: Scizor|88/100|[from] Stealth Rock
|-activate|p2a: Scizor|move: Sticky Web
|-unboost|p2a: Scizor|spe|1
|move|p1a: Pecharunt|Shadow Ball|p2a: Scizor
|-damage|p2a: Scizor|55/100
|
|-heal|p1a: Pecharunt|37/100|[from] item: Leftovers
|upkeep
|turn|10
|
|t:|1760445449
|move|p1a: Pecharunt|Recover|p1a: Pecharunt
|-heal|p1a: Pecharunt|87/100
|move|p2a: Scizor|U-turn|p1a: Pecharunt
|-resisted|p1a: Pecharunt
|-damage|p1a: Pecharunt|80/100
|
|t:|1760445453
|switch|p2a: Pecharunt|Pecharunt|100/100|[from] U-turn
|
|-heal|p1a: Pecharunt|86/100|[from] item: Leftovers
|upkeep
|turn|11
|
|t:|1760445460
|move|p1a: Pecharunt|Parting Shot|p2a: Pecharunt
|-unboost|p2a: Pecharunt|atk|1
|-unboost|p2a: Pecharunt|spa|1
|
|t:|1760445464
|switch|p1a: Heatran|Heatran, M|82/100|[from] Parting Shot
|-damage|p1a: Heatran|57/100|[from] Spikes
|move|p2a: Pecharunt|Shadow Ball|p1a: Heatran
|-damage|p1a: Heatran|45/100
|
|-heal|p1a: Heatran|52/100|[from] item: Leftovers
|upkeep
|turn|12
|
|t:|1760445468
|move|p2a: Pecharunt|Parting Shot|p1a: Heatran
|-unboost|p1a: Heatran|atk|1
|-unboost|p1a: Heatran|spa|1
|
|t:|1760445472
|switch|p2a: Raging Bolt|Raging Bolt|100/100|[from] Parting Shot
|-damage|p2a: Raging Bolt|88/100|[from] Stealth Rock
|-activate|p2a: Raging Bolt|move: Sticky Web
|-unboost|p2a: Raging Bolt|spe|1
|move|p1a: Heatran|Earth Power|p2a: Raging Bolt
|-supereffective|p2a: Raging Bolt
|-damage|p2a: Raging Bolt|53/100
|
|-heal|p1a: Heatran|58/100|[from] item: Leftovers
|upkeep
|turn|13
|
|t:|1760445478
|move|p1a: Heatran|Earth Power|p2a: Raging Bolt
|-supereffective|p2a: Raging Bolt
|-damage|p2a: Raging Bolt|15/100
|move|p2a: Raging Bolt|Volt Switch|p1a: Heatran
|-damage|p1a: Heatran|10/100
|
|t:|1760445490
|-end|p2a: Raging Bolt|Protosynthesis|[silent]
|switch|p2a: Ogerpon|Ogerpon-Wellspring, F|100/100|[from] Volt Switch
|-damage|p2a: Ogerpon|88/100|[from] Stealth Rock
|-activate|p2a: Ogerpon|move: Sticky Web
|-unboost|p2a: Ogerpon|spe|1
|
|-heal|p1a: Heatran|16/100|[from] item: Leftovers
|upkeep
|turn|14
|
|t:|1760445497
|move|p2a: Ogerpon|Ivy Cudgel|p1a: Heatran|[anim] Ivy Cudgel Water
|-supereffective|p1a: Heatran
|-damage|p1a: Heatran|0 fnt
|faint|p1a: Heatran
|
|upkeep
|
|t:|1760445503
|switch|p1a: Pecharunt|Pecharunt|86/100
|-damage|p1a: Pecharunt|61/100|[from] Spikes
|turn|15
|
|t:|1760445506
|move|p2a: Ogerpon|Ivy Cudgel|p1a: Pecharunt|[anim] Ivy Cudgel Water
|-damage|p1a: Pecharunt|32/100
|move|p1a: Pecharunt|Malignant Chain|p2a: Ogerpon
|-supereffective|p2a: Ogerpon
|-damage|p2a: Ogerpon|12/100
|
|-heal|p1a: Pecharunt|38/100|[from] item: Leftovers
|upkeep
|turn|16
|
|t:|1760445512
|move|p2a: Ogerpon|Ivy Cudgel|p1a: Pecharunt|[anim] Ivy Cudgel Water
|-damage|p1a: Pecharunt|12/100
|move|p1a: Pecharunt|Recover|p1a: Pecharunt
|-heal|p1a: Pecharunt|62/100
|
|-heal|p1a: Pecharunt|68/100|[from] item: Leftovers
|upkeep
|turn|17
|
|t:|1760445517
|move|p2a: Ogerpon|Synthesis|p2a: Ogerpon
|-heal|p2a: Ogerpon|62/100
|move|p1a: Pecharunt|Shadow Ball|p2a: Ogerpon
|-damage|p2a: Ogerpon|32/100
|
|-heal|p1a: Pecharunt|74/100|[from] item: Leftovers
|upkeep
|turn|18
|
|t:|1760445522
|move|p2a: Ogerpon|Synthesis|p2a: Ogerpon
|-heal|p2a: Ogerpon|82/100
|move|p1a: Pecharunt|Malignant Chain|p2a: Ogerpon
|-supereffective|p2a: Ogerpon
|-damage|p2a: Ogerpon|14/100
|
|-heal|p1a: Pecharunt|80/100|[from] item: Leftovers
|upkeep
|turn|19
|
|t:|1760445526
|move|p2a: Ogerpon|Ivy Cudgel|p1a: Pecharunt|[anim] Ivy Cudgel Water
|-damage|p1a: Pecharunt|53/100
|move|p1a: Pecharunt|Malignant Chain|p2a: Ogerpon
|-supereffective|p2a: Ogerpon
|-damage|p2a: Ogerpon|0 fnt
|faint|p2a: Ogerpon
|
|-heal|p1a: Pecharunt|59/100|[from] item: Leftovers
|upkeep
|
|t:|1760445529
|switch|p2a: Scizor|Scizor, M|55/100
|-damage|p2a: Scizor|43/100|[from] Stealth Rock
|-activate|p2a: Scizor|move: Sticky Web
|-unboost|p2a: Scizor|spe|1
|turn|20
|
|t:|1760445534
|move|p1a: Pecharunt|Recover|p1a: Pecharunt
|-heal|p1a: Pecharunt|100/100
|move|p2a: Scizor|Knock Off|p1a: Pecharunt
|-supereffective|p1a: Pecharunt
|-damage|p1a: Pecharunt|52/100
|-enditem|p1a: Pecharunt|Leftovers|[from] move: Knock Off|[of] p2a: Scizor
|
|upkeep
|turn|21
|
|t:|1760445540
|move|p1a: Pecharunt|Recover|p1a: Pecharunt
|-heal|p1a: Pecharunt|100/100
|move|p2a: Scizor|Knock Off|p1a: Pecharunt
|-supereffective|p1a: Pecharunt
|-damage|p1a: Pecharunt|68/100
|
|upkeep
|turn|22
|
|t:|1760445546
|move|p1a: Pecharunt|Parting Shot|p2a: Scizor
|-unboost|p2a: Scizor|atk|1
|-unboost|p2a: Scizor|spa|1
|
|t:|1760445550
|switch|p1a: Krookodile|Krookodile, F|100/100|[from] Parting Shot
|-damage|p1a: Krookodile|76/100|[from] Spikes
|move|p2a: Scizor|Knock Off|p1a: Krookodile
|-resisted|p1a: Krookodile
|-damage|p1a: Krookodile|52/100
|-enditem|p1a: Krookodile|Black Glasses|[from] move: Knock Off|[of] p2a: Scizor
|
|upkeep
|turn|23
|
|t:|1760445558
|move|p1a: Krookodile|Earthquake|p2a: Scizor
|-damage|p2a: Scizor|0 fnt
|faint|p2a: Scizor
|-ability|p1a: Krookodile|Moxie|boost
|-boost|p1a: Krookodile|atk|1
|
|upkeep
|
|t:|1760445561
|switch|p2a: Great Tusk|Great Tusk|98/100
|-damage|p2a: Great Tusk|95/100|[from] Stealth Rock
|-activate|p2a: Great Tusk|move: Sticky Web
|-unboost|p2a: Great Tusk|spe|1
|turn|24
|
|t:|1760445569
|move|p1a: Krookodile|Earthquake|p2a: Great Tusk
|-damage|p2a: Great Tusk|48/100
|move|p2a: Great Tusk|Headlong Rush|p1a: Krookodile
|-damage|p1a: Krookodile|0 fnt
|-unboost|p2a: Great Tusk|def|1
|-unboost|p2a: Great Tusk|spd|1
|faint|p1a: Krookodile
|
|upkeep
|
|t:|1760445576
|switch|p1a: Ribombee|Ribombee, F|100/100
|-damage|p1a: Ribombee|76/100|[from] Spikes
|turn|25
|
|t:|1760445582
|move|p1a: Ribombee|Stun Spore|p2a: Great Tusk|[miss]
|-miss|p1a: Ribombee|p2a: Great Tusk
|move|p2a: Great Tusk|Rapid Spin|p1a: Ribombee
|-damage|p1a: Ribombee|46/100
|-boost|p2a: Great Tusk|spe|1
|-sideend|p2: BadExtremelyBad|Stealth Rock|[from] move: Rapid Spin|[of] p2a: Great Tusk
|-sideend|p2: BadExtremelyBad|Sticky Web|[from] move: Rapid Spin|[of] p2a: Great Tusk
|
|upkeep
|turn|26
|c|☆BadExtremelyBad|oh thats big
|
|t:|1760445597
|move|p1a: Ribombee|Moonblast|p2a: Great Tusk
|-supereffective|p2a: Great Tusk
|-damage|p2a: Great Tusk|0 fnt
|faint|p2a: Great Tusk
|-end|p2a: Great Tusk|Protosynthesis|[silent]
|
|upkeep
|
|t:|1760445599
|switch|p2a: Pecharunt|Pecharunt|100/100
|turn|27
|
|t:|1760445602
|move|p1a: Ribombee|Stun Spore|p2a: Pecharunt
|-status|p2a: Pecharunt|par
|move|p2a: Pecharunt|Malignant Chain|p1a: Ribombee
|-supereffective|p1a: Ribombee
|-damage|p1a: Ribombee|0 fnt
|faint|p1a: Ribombee
|
|upkeep
|
|t:|1760445609
|switch|p1a: Methanol|Mabosstiff, F|26/100
|-damage|p1a: Methanol|1/100|[from] Spikes
|turn|28
|
|t:|1760445619
|-terastallize|p2a: Pecharunt|Dark
|move|p1a: Methanol|Destiny Bond|p1a: Methanol
|-singlemove|p1a: Methanol|Destiny Bond
|move|p2a: Pecharunt|Shadow Ball|p1a: Methanol
|-resisted|p1a: Methanol
|-damage|p1a: Methanol|0 fnt
|faint|p1a: Methanol
|-activate|p1a: Methanol|move: Destiny Bond
|faint|p2a: Pecharunt
|
|upkeep
|
|t:|1760445623
|switch|p1a: Dragapult|Dragapult, M|100/100
|switch|p2a: Raging Bolt|Raging Bolt|15/100
|turn|29
|
|t:|1760445627
|move|p2a: Raging Bolt|Thunderclap|p1a: Dragapult
|-resisted|p1a: Dragapult
|-damage|p1a: Dragapult|54/100
|move|p1a: Dragapult|Dragon Darts|p2a: Raging Bolt
|-supereffective|p2a: Raging Bolt
|-damage|p2a: Raging Bolt|0 fnt
|faint|p2a: Raging Bolt
|-end|p2a: Raging Bolt|Protosynthesis|[silent]
|
|win|mulie
|raw|mulie's rating: 1375 &rarr; <strong>1400</strong><br />(+25 for winning)
|raw|BadExtremelyBad's rating: 1463 &rarr; <strong>1438</strong><br />(-25 for losing)
|l|☆BadExtremelyBad
|player|p2|
|l|☆mulie
|player|p1|
