|j|☆Treadmill2000
|j|☆professorbert
|t:|1760389019
|gametype|singles
|player|p1|Treadmill2000|2|1276
|player|p2|professorbert|pryce|1253
|gen|9
|tier|[Gen 9] OU
|rated|
|rule|HP Percentage Mod: HP is shown in percentages
|rule|Endless Battle Clause: Forcing endless battles is banned
|rule|Species Clause: Limit one of each Pokémon
|rule|OHKO Clause: OHKO moves are banned
|rule|Evasion Items Clause: Evasion items are banned
|rule|Evasion Moves Clause: Evasion moves are banned
|rule|Evasion Abilities Clause: Evasion abilities are banned
|rule|Sleep Moves Clause: Sleep-inducing moves are banned
|clearpoke
|poke|p1|Rillaboom, M|
|poke|p1|Hatterene, F|
|poke|p1|Samurott-Hisui, F|
|poke|p1|Gholdengo|
|poke|p1|Kleavor, F|
|poke|p1|Alomomola, F|
|poke|p2|Ninetales-Alola, F|
|poke|p2|Cetitan, M|
|poke|p2|Alomomola, F|
|poke|p2|Glimmora, M|
|poke|p2|Regice|
|poke|p2|Avalugg-Hisui, M|
|teampreview
|inactive|Battle timer is ON: inactive players will automatically lose when time's up. (requested by professorbert)
|
|t:|1760389024
|teamsize|p1|6
|teamsize|p2|6
|start
|switch|p1a: Kleavor|Kleavor, F|100/100
|switch|p2a: Ninetales|Ninetales-Alola, F, shiny|100/100
|-weather|Snowscape|[from] ability: Snow Warning|[of] p2a: Ninetales
|turn|1
|
|t:|1760389033
|move|p2a: Ninetales|Aurora Veil|p2a: Ninetales
|-sidestart|p2: professorbert|move: Aurora Veil
|move|p1a: Kleavor|Stone Axe|p2a: Ninetales
|-supereffective|p2a: Ninetales
|-damage|p2a: Ninetales|58/100
|-sidestart|p2: professorbert|move: Stealth Rock
|
|-weather|Snowscape|[upkeep]
|upkeep
|turn|2
|
|t:|1760389045
|move|p2a: Ninetales|Moonblast|p1a: Kleavor
|-damage|p1a: Kleavor|73/100
|move|p1a: Kleavor|U-turn|p2a: Ninetales
|-resisted|p2a: Ninetales
|-crit|p2a: Ninetales
|-damage|p2a: Ninetales|36/100
|
|t:|1760389051
|switch|p1a: Hatterene|Hatterene, F|100/100|[from] U-turn
|
|-weather|Snowscape|[upkeep]
|upkeep
|turn|3
|
|t:|1760389058
|switch|p2a: Regice|Regice|100/100
|-damage|p2a: Regice|76/100|[from] Stealth Rock
|move|p1a: Hatterene|Calm Mind|p1a: Hatterene
|-boost|p1a: Hatterene|spa|1
|-boost|p1a: Hatterene|spd|1
|
|-weather|Snowscape|[upkeep]
|-heal|p2a: Regice|82/100|[from] ability: Ice Body
|upkeep
|turn|4
|
|t:|1760389069
|move|p2a: Regice|Charge Beam|p1a: Hatterene
|-damage|p1a: Hatterene|90/100
|-boost|p2a: Regice|spa|1
|move|p1a: Hatterene|Calm Mind|p1a: Hatterene
|-boost|p1a: Hatterene|spa|1
|-boost|p1a: Hatterene|spd|1
|
|-weather|Snowscape|[upkeep]
|-heal|p2a: Regice|88/100|[from] ability: Ice Body
|-heal|p1a: Hatterene|96/100|[from] item: Leftovers
|upkeep
|turn|5
|
|t:|1760389080
|move|p2a: Regice|Charge Beam|p1a: Hatterene
|-damage|p1a: Hatterene|85/100
|-boost|p2a: Regice|spa|1
|move|p1a: Hatterene|Calm Mind|p1a: Hatterene
|-boost|p1a: Hatterene|spa|1
|-boost|p1a: Hatterene|spd|1
|
|-weather|Snowscape|[upkeep]
|-heal|p2a: Regice|94/100|[from] ability: Ice Body
|-heal|p1a: Hatterene|91/100|[from] item: Leftovers
|-sideend|p2: professorbert|move: Aurora Veil
|upkeep
|turn|6
|
|t:|1760389092
|move|p2a: Regice|Flash Cannon|p1a: Hatterene
|-supereffective|p1a: Hatterene
|-damage|p1a: Hatterene|50/100
|move|p1a: Hatterene|Calm Mind|p1a: Hatterene
|-boost|p1a: Hatterene|spa|1
|-boost|p1a: Hatterene|spd|1
|
|-weather|Snowscape|[upkeep]
|-heal|p2a: Regice|99/100|[from] ability: Ice Body
|-heal|p1a: Hatterene|56/100|[from] item: Leftovers
|upkeep
|turn|7
|
|t:|1760389103
|move|p2a: Regice|Flash Cannon|p1a: Hatterene
|-supereffective|p1a: Hatterene
|-damage|p1a: Hatterene|22/100
|move|p1a: Hatterene|Draining Kiss|p2a: Regice
|-damage|p2a: Regice|79/100
|-heal|p1a: Hatterene|36/100|[from] drain|[of] p2a: Regice
|
|-weather|Snowscape|[upkeep]
|-heal|p2a: Regice|85/100|[from] ability: Ice Body
|-heal|p1a: Hatterene|42/100|[from] item: Leftovers
|upkeep
|turn|8
|
|t:|1760389125
|move|p2a: Regice|Flash Cannon|p1a: Hatterene
|-supereffective|p1a: Hatterene
|-damage|p1a: Hatterene|6/100
|move|p1a: Hatterene|Draining Kiss|p2a: Regice
|-damage|p2a: Regice|61/100
|-heal|p1a: Hatterene|24/100|[from] drain|[of] p2a: Regice
|
|-weather|none
|-heal|p1a: Hatterene|30/100|[from] item: Leftovers
|upkeep
|turn|9
|
|t:|1760389137
|move|p2a: Regice|Flash Cannon|p1a: Hatterene
|-supereffective|p1a: Hatterene
|-damage|p1a: Hatterene|0 fnt
|faint|p1a: Hatterene
|
|upkeep
|
|t:|1760389142
|switch|p1a: Rillaboom|Rillaboom, M|100/100
|-fieldstart|move: Grassy Terrain|[from] ability: Grassy Surge|[of] p1a: Rillaboom
|turn|10
|
|t:|1760389152
|move|p1a: Rillaboom|Wood Hammer|p2a: Regice
|-damage|p2a: Regice|0 fnt
|faint|p2a: Regice
|-damage|p1a: Rillaboom|83/100|[from] Recoil
|
|-heal|p1a: Rillaboom|89/100|[from] Grassy Terrain
|upkeep
|
|t:|1760389176
|switch|p2a: Glimmora|Glimmora, M|100/100
|-damage|p2a: Glimmora|88/100|[from] Stealth Rock
|turn|11
|
|t:|1760389188
|switch|p1a: Kleavor|Kleavor, F|73/100
|move|p2a: Glimmora|Earth Power|p1a: Kleavor
|-damage|p1a: Kleavor|34/100
|
|-heal|p1a: Kleavor|40/100|[from] Grassy Terrain
|-heal|p2a: Glimmora|94/100|[from] Grassy Terrain
|upkeep
|turn|12
|
|t:|1760389209
|switch|p1a: Samurott|Samurott-Hisui, F|100/100
|move|p2a: Glimmora|Power Gem|p1a: Samurott
|-damage|p1a: Samurott|58/100
|
|-heal|p1a: Samurott|64/100|[from] Grassy Terrain
|-heal|p2a: Glimmora|100/100|[from] Grassy Terrain
|upkeep
|turn|13
|
|t:|1760389223
|move|p1a: Samurott|Aqua Cutter|p2a: Glimmora
|-supereffective|p2a: Glimmora
|-enditem|p2a: Glimmora|Focus Sash
|-damage|p2a: Glimmora|1/100
|-activate|p2a: Glimmora|ability: Toxic Debris
|-sidestart|p1: Treadmill2000|move: Toxic Spikes
|move|p2a: Glimmora|Mortal Spin|p1a: Samurott
|-damage|p1a: Samurott|56/100
|-status|p1a: Samurott|psn
|-sideend|p2: professorbert|Stealth Rock|[from] move: Mortal Spin|[of] p2a: Glimmora
|
|-heal|p1a: Samurott|62/100 psn|[from] Grassy Terrain
|-heal|p2a: Glimmora|7/100|[from] Grassy Terrain
|-damage|p1a: Samurott|50/100 psn|[from] psn
|upkeep
|turn|14
|
|t:|1760389241
|move|p1a: Samurott|Ceaseless Edge|p2a: Glimmora
|-damage|p2a: Glimmora|0 fnt
|-activate|p2a: Glimmora|ability: Toxic Debris
|-sidestart|p1: Treadmill2000|move: Toxic Spikes
|-sidestart|p2: professorbert|Spikes
|faint|p2a: Glimmora
|
|-heal|p1a: Samurott|56/100 psn|[from] Grassy Terrain
|-damage|p1a: Samurott|44/100 psn|[from] psn
|upkeep
|inactive|professorbert has 120 seconds left.
|
|t:|1760389257
|switch|p2a: Ninetales|Ninetales-Alola, F, shiny|36/100
|-damage|p2a: Ninetales|24/100|[from] Spikes
|-weather|Snowscape|[from] ability: Snow Warning|[of] p2a: Ninetales
|turn|15
|
|t:|1760389265
|move|p1a: Samurott|Aqua Jet|p2a: Ninetales
|-damage|p2a: Ninetales|10/100
|move|p2a: Ninetales|Aurora Veil|p2a: Ninetales
|-sidestart|p2: professorbert|move: Aurora Veil
|
|-weather|Snowscape|[upkeep]
|-heal|p2a: Ninetales|15/100|[from] Grassy Terrain
|-heal|p1a: Samurott|50/100 psn|[from] Grassy Terrain
|-damage|p1a: Samurott|38/100 psn|[from] psn
|upkeep
|turn|16
|
|t:|1760389279
|move|p1a: Samurott|Aqua Jet|p2a: Ninetales
|-damage|p2a: Ninetales|9/100
|move|p2a: Ninetales|Moonblast|p1a: Samurott
|-supereffective|p1a: Samurott
|-damage|p1a: Samurott|0 fnt
|faint|p1a: Samurott
|
|-weather|Snowscape|[upkeep]
|-heal|p2a: Ninetales|14/100|[from] Grassy Terrain
|upkeep
|
|t:|1760389304
|switch|p1a: Rillaboom|Rillaboom, M|89/100
|-status|p1a: Rillaboom|tox
|turn|17
|
|t:|1760389314
|move|p1a: Rillaboom|Grassy Glide|p2a: Ninetales
|-damage|p2a: Ninetales|0 fnt
|faint|p2a: Ninetales
|
|-weather|Snowscape|[upkeep]
|-heal|p1a: Rillaboom|95/100 tox|[from] Grassy Terrain
|-damage|p1a: Rillaboom|89/100 tox|[from] psn
|-fieldend|move: Grassy Terrain
|upkeep
|
|t:|1760389325
|switch|p2a: Cetitan|Cetitan, M, shiny|100/100
|-damage|p2a: Cetitan|88/100|[from] Spikes
|turn|18
|
|t:|1760389336
|switch|p1a: Alomomola|Alomomola, F|100/100
|-status|p1a: Alomomola|tox
|move|p2a: Cetitan|Belly Drum|p2a: Cetitan
|-damage|p2a: Cetitan|38/100
|-setboost|p2a: Cetitan|atk|6|[from] move: Belly Drum
|
|-weather|Snowscape|[upkeep]
|-damage|p1a: Alomomola|94/100 tox|[from] psn
|upkeep
|turn|19
|
|t:|1760389350
|-terastallize|p2a: Cetitan|Ice
|move|p1a: Alomomola|Protect|p1a: Alomomola
|-singleturn|p1a: Alomomola|Protect
|move|p2a: Cetitan|Icicle Spear|p1a: Alomomola
|-activate|p1a: Alomomola|move: Protect
|
|-weather|Snowscape|[upkeep]
|-damage|p1a: Alomomola|82/100 tox|[from] psn
|-sideend|p2: professorbert|move: Aurora Veil
|upkeep
|turn|20
|
|t:|1760389377
|move|p2a: Cetitan|Icicle Spear|p1a: Alomomola
|-resisted|p1a: Alomomola
|-damage|p1a: Alomomola|64/100 tox
|-resisted|p1a: Alomomola
|-damage|p1a: Alomomola|47/100 tox
|-resisted|p1a: Alomomola
|-damage|p1a: Alomomola|31/100 tox
|-resisted|p1a: Alomomola
|-crit|p1a: Alomomola
|-damage|p1a: Alomomola|7/100 tox
|-resisted|p1a: Alomomola
|-damage|p1a: Alomomola|0 fnt
|faint|p1a: Alomomola
|-hitcount|p1: Alomomola|5
|
|-weather|Snowscape|[upkeep]
|upkeep
|inactive|Treadmill2000 has 120 seconds left.
|
|t:|1760389393
|switch|p1a: Kleavor|Kleavor, F|40/100
|-status|p1a: Kleavor|tox
|turn|21
|inactive|Treadmill2000 has 120 seconds left.
|
|t:|1760389400
|move|p2a: Cetitan|Icicle Spear|p1a: Kleavor
|-damage|p1a: Kleavor|0 fnt
|faint|p1a: Kleavor
|-hitcount|p1: Kleavor|1
|
|-weather|Snowscape|[upkeep]
|upkeep
|inactive|Treadmill2000 has 120 seconds left.
|
|t:|1760389406
|switch|p1a: Gholdengo|Gholdengo|100/100
|turn|22
|
|t:|1760389412
|move|p2a: Cetitan|Earthquake|p1a: Gholdengo
|-supereffective|p1a: Gholdengo
|-damage|p1a: Gholdengo|0 fnt
|faint|p1a: Gholdengo
|
|-weather|none
|upkeep
|
|t:|1760389419
|switch|p1a: Rillaboom|Rillaboom, M|89/100 tox
|-fieldstart|move: Grassy Terrain|[from] ability: Grassy Surge|[of] p1a: Rillaboom
|turn|23
|
|t:|1760389424
|move|p1a: Rillaboom|Grassy Glide|p2a: Cetitan
|-damage|p2a: Cetitan|0 fnt
|faint|p2a: Cetitan
|
|-heal|p1a: Rillaboom|95/100 tox|[from] Grassy Terrain
|-damage|p1a: Rillaboom|89/100 tox|[from] psn
|upkeep
|
|t:|1760389432
|switch|p2a: Avalugg|Avalugg-Hisui, M|100/100
|-damage|p2a: Avalugg|88/100|[from] Spikes
|turn|24
|
|t:|1760389440
|move|p1a: Rillaboom|Grassy Glide|p2a: Avalugg
|-supereffective|p2a: Avalugg
|-damage|p2a: Avalugg|48/100
|move|p2a: Avalugg|Avalanche|p1a: Rillaboom
|-supereffective|p1a: Rillaboom
|-damage|p1a: Rillaboom|0 fnt
|faint|p1a: Rillaboom
|
|win|professorbert
|raw|Treadmill2000's rating: 1276 &rarr; <strong>1249</strong><br />(-27 for losing)
|raw|professorbert's rating: 1253 &rarr; <strong>1280</strong><br />(+27 for winning)
|l|☆Treadmill2000
|player|p1|
|l|☆professorbert
|player|p2|
