|j|‽theonlydork
|j|☆drop a baby
|t:|1760321434
|gametype|singles
|player|p1|theonlydork|102|1764
|player|p2|drop a baby|chase|1759
|gen|9
|tier|[Gen 9] OU
|rated|
|rule|HP Percentage Mod: HP is shown in percentages
|rule|Endless Battle Clause: Forcing endless battles is banned
|rule|Species Clause: Limit one of each Pokémon
|rule|OHKO Clause: OHKO moves are banned
|rule|Evasion Items Clause: Evasion items are banned
|rule|Evasion Moves Clause: Evasion moves are banned
|rule|Evasion Abilities Clause: Evasion abilities are banned
|rule|Sleep Moves Clause: Sleep-inducing moves are banned
|clearpoke
|poke|p1|Zamazenta-*|
|poke|p1|Ting-Lu|
|poke|p1|Glimmora, M|
|poke|p1|Gholdengo|
|poke|p1|Ogerpon-Wellspring, F|
|poke|p1|Dragonite, F|
|poke|p2|Kingambit, M|
|poke|p2|Garchomp, M|
|poke|p2|Pecharunt|
|poke|p2|Darkrai|
|poke|p2|Kyurem|
|poke|p2|Zapdos-Galar|
|teampreview
|inactive|Battle timer is ON: inactive players will automatically lose when time's up. (requested by drop a baby)
|
|t:|1760321462
|teamsize|p1|6
|teamsize|p2|6
|start
|switch|p1a: Gholdengo|Gholdengo|100/100
|switch|p2a: Garchomp|Garchomp, M|100/100
|turn|1
|
|t:|1760321470
|-terastallize|p1a: Gholdengo|Steel
|move|p1a: Gholdengo|Make It Rain|p2a: Garchomp
|-damage|p2a: Garchomp|2/100
|-unboost|p1a: Gholdengo|spa|1
|move|p2a: Garchomp|Fire Blast|p1a: Gholdengo
|-supereffective|p1a: Gholdengo
|-crit|p1a: Gholdengo
|-damage|p1a: Gholdengo|0 fnt
|faint|p1a: Gholdengo
|-damage|p2a: Garchomp|0 fnt|[from] item: Life Orb
|faint|p2a: Garchomp
|
|upkeep
|
|t:|1760321491
|switch|p2a: Darkrai|Darkrai|100/100
|switch|p1a: Zamazenta|Zamazenta|100/100
|-ability|p1a: Zamazenta|Dauntless Shield|boost
|-boost|p1a: Zamazenta|def|1
|turn|2
|
|t:|1760321497
|switch|p1a: Glimmora|Glimmora, M|100/100
|switch|p2a: Pecharunt|Pecharunt|100/100
|-item|p2a: Pecharunt|Air Balloon
|
|upkeep
|turn|3
|
|t:|1760321502
|switch|p2a: Zapdos|Zapdos-Galar|100/100
|move|p1a: Glimmora|Stealth Rock|p2a: Zapdos
|-sidestart|p2: drop a baby|move: Stealth Rock
|
|upkeep
|turn|4
|
|t:|1760321513
|move|p2a: Zapdos|Close Combat|p1a: Glimmora
|-damage|p1a: Glimmora|60/100
|-unboost|p2a: Zapdos|def|1
|-unboost|p2a: Zapdos|spd|1
|-activate|p1a: Glimmora|ability: Toxic Debris
|-sidestart|p2: drop a baby|move: Toxic Spikes
|-enditem|p1a: Glimmora|Red Card|[of] p2a: Zapdos
|drag|p2a: Kyurem|Kyurem|100/100
|-damage|p2a: Kyurem|76/100|[from] Stealth Rock
|-status|p2a: Kyurem|psn
|-ability|p2a: Kyurem|Pressure
|move|p1a: Glimmora|Power Gem|p2a: Kyurem
|-supereffective|p2a: Kyurem
|-damage|p2a: Kyurem|12/100 psn
|
|-damage|p2a: Kyurem|0 fnt|[from] psn
|faint|p2a: Kyurem
|upkeep
|
|t:|1760321524
|switch|p2a: Zapdos|Zapdos-Galar|100/100
|-damage|p2a: Zapdos|88/100|[from] Stealth Rock
|turn|5
|
|t:|1760321531
|switch|p1a: Ogerpon|Ogerpon-Wellspring, F|100/100
|move|p2a: Zapdos|Close Combat|p1a: Ogerpon
|-damage|p1a: Ogerpon|17/100
|-unboost|p2a: Zapdos|def|1
|-unboost|p2a: Zapdos|spd|1
|
|upkeep
|turn|6
|
|t:|1760321538
|move|p2a: Zapdos|Close Combat|p1a: Ogerpon
|-damage|p1a: Ogerpon|0 fnt
|-unboost|p2a: Zapdos|def|1
|-unboost|p2a: Zapdos|spd|1
|faint|p1a: Ogerpon
|
|upkeep
|
|t:|1760321543
|switch|p1a: Dragonite|Dragonite, F|100/100
|turn|7
|
|t:|1760321547
|switch|p2a: Pecharunt|Pecharunt|100/100
|-damage|p2a: Pecharunt|88/100|[from] Stealth Rock
|-item|p2a: Pecharunt|Air Balloon
|move|p1a: Dragonite|Ice Spinner|p2a: Pecharunt
|-damage|p2a: Pecharunt|74/100
|-enditem|p2a: Pecharunt|Air Balloon
|
|upkeep
|turn|8
|
|t:|1760321556
|switch|p1a: Glimmora|Glimmora, M|60/100
|move|p2a: Pecharunt|Parting Shot|p1a: Glimmora
|-unboost|p1a: Glimmora|atk|1
|-unboost|p1a: Glimmora|spa|1
|
|t:|1760321560
|switch|p2a: Darkrai|Darkrai|100/100|[from] Parting Shot
|
|upkeep
|turn|9
|
|t:|1760321565
|move|p2a: Darkrai|Nasty Plot|p2a: Darkrai
|-boost|p2a: Darkrai|spa|2
|move|p1a: Glimmora|Mortal Spin|p2a: Darkrai
|-damage|p2a: Darkrai|95/100
|-status|p2a: Darkrai|psn
|
|-damage|p2a: Darkrai|82/100 psn|[from] psn
|upkeep
|turn|10
|
|t:|1760321577
|switch|p1a: Ting-Lu|Ting-Lu|100/100
|-ability|p1a: Ting-Lu|Vessel of Ruin
|move|p2a: Darkrai|Focus Blast|p1a: Ting-Lu
|-supereffective|p1a: Ting-Lu
|-damage|p1a: Ting-Lu|12/100
|
|-heal|p1a: Ting-Lu|18/100|[from] item: Leftovers
|-damage|p2a: Darkrai|70/100 psn|[from] psn
|upkeep
|turn|11
|
|t:|1760321589
|switch|p1a: Glimmora|Glimmora, M|60/100
|move|p2a: Darkrai|Ice Beam|p1a: Glimmora
|-damage|p1a: Glimmora|0 fnt
|faint|p1a: Glimmora
|
|-damage|p2a: Darkrai|57/100 psn|[from] psn
|upkeep
|
|t:|1760321596
|switch|p1a: Dragonite|Dragonite, F|100/100
|turn|12
|
|t:|1760321605
|switch|p1a: Ting-Lu|Ting-Lu|18/100
|-ability|p1a: Ting-Lu|Vessel of Ruin
|-terastallize|p2a: Darkrai|Ghost
|move|p2a: Darkrai|Ice Beam|p1a: Ting-Lu
|-supereffective|p1a: Ting-Lu
|-damage|p1a: Ting-Lu|0 fnt
|faint|p1a: Ting-Lu
|
|-damage|p2a: Darkrai|45/100 psn|[from] psn
|upkeep
|
|t:|1760321612
|switch|p1a: Zamazenta|Zamazenta|100/100
|turn|13
|
|t:|1760321616
|switch|p2a: Zapdos|Zapdos-Galar|88/100
|-damage|p2a: Zapdos|76/100|[from] Stealth Rock
|move|p1a: Zamazenta|Crunch|p2a: Zapdos
|-resisted|p2a: Zapdos
|-damage|p2a: Zapdos|64/100
|
|upkeep
|turn|14
|
|t:|1760321625
|move|p2a: Zapdos|U-turn|p1a: Zamazenta
|-resisted|p1a: Zamazenta
|-damage|p1a: Zamazenta|91/100
|
|t:|1760321627
|switch|p2a: Pecharunt|Pecharunt|74/100|[from] U-turn
|-damage|p2a: Pecharunt|62/100|[from] Stealth Rock
|-sideend|p2: drop a baby|move: Toxic Spikes|[of] p2a: Pecharunt
|move|p1a: Zamazenta|Body Press|p2a: Pecharunt
|-immune|p2a: Pecharunt
|
|-heal|p1a: Zamazenta|97/100|[from] item: Leftovers
|upkeep
|turn|15
|
|t:|1760321635
|move|p1a: Zamazenta|Crunch|p2a: Pecharunt
|-supereffective|p2a: Pecharunt
|-damage|p2a: Pecharunt|39/100
|move|p2a: Pecharunt|Malignant Chain|p1a: Zamazenta
|-damage|p1a: Zamazenta|70/100
|-status|p1a: Zamazenta|tox
|-start|p1a: Zamazenta|confusion|[from] ability: Poison Puppeteer|[of] p2a: Pecharunt
|
|-heal|p1a: Zamazenta|76/100 tox|[from] item: Leftovers
|-damage|p1a: Zamazenta|70/100 tox|[from] psn
|upkeep
|turn|16
|
|t:|1760321640
|-activate|p1a: Zamazenta|confusion
|move|p1a: Zamazenta|Crunch|p2a: Pecharunt
|-supereffective|p2a: Pecharunt
|-damage|p2a: Pecharunt|20/100
|move|p2a: Pecharunt|Recover|p2a: Pecharunt
|-heal|p2a: Pecharunt|70/100
|
|-heal|p1a: Zamazenta|76/100 tox|[from] item: Leftovers
|-damage|p1a: Zamazenta|64/100 tox|[from] psn
|upkeep
|turn|17
|
|t:|1760321645
|-activate|p1a: Zamazenta|confusion
|move|p1a: Zamazenta|Crunch|p2a: Pecharunt
|-supereffective|p2a: Pecharunt
|-damage|p2a: Pecharunt|50/100
|move|p2a: Pecharunt|Recover|p2a: Pecharunt
|-heal|p2a: Pecharunt|99/100
|
|-heal|p1a: Zamazenta|70/100 tox|[from] item: Leftovers
|-damage|p1a: Zamazenta|51/100 tox|[from] psn
|upkeep
|turn|18
|
|t:|1760321661
|-activate|p1a: Zamazenta|confusion
|move|p1a: Zamazenta|Crunch|p2a: Pecharunt
|-supereffective|p2a: Pecharunt
|-damage|p2a: Pecharunt|80/100
|-unboost|p2a: Pecharunt|def|1
|move|p2a: Pecharunt|Hex|p1a: Zamazenta
|-damage|p1a: Zamazenta|14/100 tox
|
|-heal|p1a: Zamazenta|20/100 tox|[from] item: Leftovers
|-damage|p1a: Zamazenta|0 fnt|[from] psn
|faint|p1a: Zamazenta
|upkeep
|
|t:|1760321668
|switch|p1a: Dragonite|Dragonite, F|100/100
|turn|19
|
|t:|1760321672
|move|p1a: Dragonite|Dragon Dance|p1a: Dragonite
|-boost|p1a: Dragonite|atk|1
|-boost|p1a: Dragonite|spe|1
|move|p2a: Pecharunt|Malignant Chain|p1a: Dragonite
|-crit|p1a: Dragonite
|-damage|p1a: Dragonite|75/100
|
|upkeep
|turn|20
|
|t:|1760321680
|move|p1a: Dragonite|Earthquake|p2a: Pecharunt
|-supereffective|p2a: Pecharunt
|-damage|p2a: Pecharunt|0 fnt
|faint|p2a: Pecharunt
|
|upkeep
|
|t:|1760321682
|switch|p2a: Zapdos|Zapdos-Galar|64/100
|-damage|p2a: Zapdos|52/100|[from] Stealth Rock
|turn|21
|
|t:|1760321685
|move|p1a: Dragonite|Extreme Speed|p2a: Zapdos
|-damage|p2a: Zapdos|0 fnt
|faint|p2a: Zapdos
|
|upkeep
|
|t:|1760321688
|switch|p2a: Kingambit|Kingambit, M|100/100
|-damage|p2a: Kingambit|94/100|[from] Stealth Rock
|-activate|p2a: Kingambit|ability: Supreme Overlord
|-start|p2a: Kingambit|fallen4|[silent]
|turn|22
|
|t:|1760321692
|-end|p2a: Kingambit|fallen4|[silent]
|switch|p2a: Darkrai|Darkrai, tera:Ghost|45/100 psn
|move|p1a: Dragonite|Earthquake|p2a: Darkrai
|-damage|p2a: Darkrai|0 fnt
|faint|p2a: Darkrai
|
|upkeep
|
|t:|1760321694
|switch|p2a: Kingambit|Kingambit, M|94/100
|-damage|p2a: Kingambit|88/100|[from] Stealth Rock
|-activate|p2a: Kingambit|ability: Supreme Overlord
|-start|p2a: Kingambit|fallen5|[silent]
|turn|23
|
|t:|1760321698
|move|p2a: Kingambit|Sucker Punch|p1a: Dragonite
|-damage|p1a: Dragonite|0 fnt
|faint|p1a: Dragonite
|
|win|drop a baby
|raw|theonlydork's rating: 1764 &rarr; <strong>1744</strong><br />(-20 for losing)
|raw|drop a baby's rating: 1759 &rarr; <strong>1779</strong><br />(+20 for winning)
|l|‽theonlydork
|player|p1|
