|j|☆Blaziken666
|j|☆CyborgParrot127
|t:|1760351346
|gametype|singles
|player|p1|Blaziken666|170|1542
|player|p2|CyborgParrot127|101|1680
|gen|9
|tier|[Gen 9] OU
|rated|
|rule|HP Percentage Mod: HP is shown in percentages
|rule|Endless Battle Clause: Forcing endless battles is banned
|rule|Species Clause: Limit one of each Pokémon
|rule|OHKO Clause: OHKO moves are banned
|rule|Evasion Items Clause: Evasion items are banned
|rule|Evasion Moves Clause: Evasion moves are banned
|rule|Evasion Abilities Clause: Evasion abilities are banned
|rule|Sleep Moves Clause: Sleep-inducing moves are banned
|clearpoke
|poke|p1|Glimmora, F|
|poke|p1|Kingdra, F|
|poke|p1|Blaziken, M|
|poke|p1|Kingambit, F|
|poke|p1|Dragonite, F|
|poke|p1|Pecharunt|
|poke|p2|Tyranitar, M|
|poke|p2|Excadrill, F|
|poke|p2|Hydrapple, M|
|poke|p2|Tornadus-Therian, M|
|poke|p2|Iron Valiant|
|poke|p2|Arcanine-Hisui, M|
|teampreview
|j| miqik
|l| miqik
|inactive|Battle timer is ON: inactive players will automatically lose when time's up. (requested by Blaziken666)
|
|t:|1760351361
|teamsize|p1|6
|teamsize|p2|6
|start
|switch|p1a: Kingdra|Kingdra, F|100/100
|switch|p2a: Excadrill|Excadrill, F|100/100
|-item|p2a: Excadrill|Air Balloon
|turn|1
|
|t:|1760351370
|move|p2a: Excadrill|Earthquake|p1a: Kingdra
|-damage|p1a: Kingdra|36/100
|move|p1a: Kingdra|Focus Energy|p1a: Kingdra
|-start|p1a: Kingdra|move: Focus Energy
|
|upkeep
|turn|2
|
|t:|1760351384
|move|p2a: Excadrill|Earthquake|p1a: Kingdra
|-damage|p1a: Kingdra|0 fnt
|faint|p1a: Kingdra
|
|upkeep
|
|t:|1760351396
|switch|p1a: Dragonite|Dragonite, F|100/100
|turn|3
|
|t:|1760351402
|switch|p2a: Tyranitar|Tyranitar, M|100/100
|-weather|Sandstorm|[from] ability: Sand Stream|[of] p2a: Tyranitar
|move|p1a: Dragonite|Fire Punch|p2a: Tyranitar
|-resisted|p2a: Tyranitar
|-damage|p2a: Tyranitar|83/100
|
|-weather|Sandstorm|[upkeep]
|-damage|p1a: Dragonite|94/100|[from] Sandstorm
|-heal|p2a: Tyranitar|90/100|[from] item: Leftovers
|upkeep
|turn|4
|
|t:|1760351408
|switch|p1a: Pecharunt|Pecharunt|100/100
|move|p2a: Tyranitar|Stealth Rock|p1a: Pecharunt
|-sidestart|p1: Blaziken666|move: Stealth Rock
|
|-weather|Sandstorm|[upkeep]
|-damage|p1a: Pecharunt|94/100|[from] Sandstorm
|-heal|p2a: Tyranitar|96/100|[from] item: Leftovers
|upkeep
|turn|5
|
|t:|1760351416
|move|p1a: Pecharunt|Parting Shot|p2a: Tyranitar
|-unboost|p2a: Tyranitar|atk|1
|-unboost|p2a: Tyranitar|spa|1
|
|t:|1760351419
|switch|p1a: Dragonite|Dragonite, F|94/100|[from] Parting Shot
|-damage|p1a: Dragonite|69/100|[from] Stealth Rock
|move|p2a: Tyranitar|Knock Off|p1a: Dragonite
|-damage|p1a: Dragonite|41/100
|-enditem|p1a: Dragonite|Choice Band|[from] move: Knock Off|[of] p2a: Tyranitar
|
|-weather|Sandstorm|[upkeep]
|-damage|p1a: Dragonite|35/100|[from] Sandstorm
|-heal|p2a: Tyranitar|100/100|[from] item: Leftovers
|upkeep
|turn|6
|
|t:|1760351428
|move|p1a: Dragonite|Outrage|p2a: Tyranitar
|-damage|p2a: Tyranitar|46/100
|move|p2a: Tyranitar|Ice Beam|p1a: Dragonite
|-supereffective|p1a: Dragonite
|-crit|p1a: Dragonite
|-damage|p1a: Dragonite|0 fnt
|faint|p1a: Dragonite
|
|-weather|Sandstorm|[upkeep]
|-heal|p2a: Tyranitar|52/100|[from] item: Leftovers
|upkeep
|
|t:|1760351435
|switch|p1a: Blaziken|Blaziken, M|100/100
|-damage|p1a: Blaziken|88/100|[from] Stealth Rock
|turn|7
|
|t:|1760351444
|switch|p2a: Hydrapple|Hydrapple, M|100/100
|move|p1a: Blaziken|Swords Dance|p1a: Blaziken
|-boost|p1a: Blaziken|atk|2
|
|-weather|none
|-heal|p1a: Blaziken|94/100|[from] item: Leftovers
|-ability|p1a: Blaziken|Speed Boost|boost
|-boost|p1a: Blaziken|spe|1
|upkeep
|turn|8
|
|t:|1760351454
|move|p1a: Blaziken|Swords Dance|p1a: Blaziken
|-boost|p1a: Blaziken|atk|2
|move|p2a: Hydrapple|Draco Meteor|p1a: Blaziken
|-damage|p1a: Blaziken|12/100
|-unboost|p2a: Hydrapple|spa|2
|
|-heal|p1a: Blaziken|18/100|[from] item: Leftovers
|-ability|p1a: Blaziken|Speed Boost|boost
|-boost|p1a: Blaziken|spe|1
|upkeep
|turn|9
|
|t:|1760351461
|switch|p2a: Tyranitar|Tyranitar, M|52/100
|-weather|Sandstorm|[from] ability: Sand Stream|[of] p2a: Tyranitar
|-terastallize|p1a: Blaziken|Fighting
|move|p1a: Blaziken|Close Combat|p2a: Tyranitar
|-supereffective|p2a: Tyranitar
|-damage|p2a: Tyranitar|0 fnt
|-unboost|p1a: Blaziken|def|1
|-unboost|p1a: Blaziken|spd|1
|faint|p2a: Tyranitar
|
|-weather|Sandstorm|[upkeep]
|-damage|p1a: Blaziken|12/100|[from] Sandstorm
|-heal|p1a: Blaziken|18/100|[from] item: Leftovers
|-ability|p1a: Blaziken|Speed Boost|boost
|-boost|p1a: Blaziken|spe|1
|upkeep
|
|t:|1760351468
|switch|p2a: Arcanine|Arcanine-Hisui, M|100/100
|turn|10
|
|t:|1760351471
|move|p1a: Blaziken|Upper Hand|p2a: Arcanine
|-supereffective|p2a: Arcanine
|-damage|p2a: Arcanine|0 fnt
|faint|p2a: Arcanine
|
|-weather|Sandstorm|[upkeep]
|-damage|p1a: Blaziken|12/100|[from] Sandstorm
|-heal|p1a: Blaziken|18/100|[from] item: Leftovers
|-ability|p1a: Blaziken|Speed Boost|boost
|-boost|p1a: Blaziken|spe|1
|upkeep
|
|t:|1760351478
|switch|p2a: Hydrapple|Hydrapple, M|100/100
|turn|11
|c|☆CyborgParrot127|holy shit
|c|☆CyborgParrot127|aight bro, you got me
|
|t:|1760351495
|-terastallize|p2a: Hydrapple|Poison
|move|p1a: Blaziken|Close Combat|p2a: Hydrapple
|-resisted|p2a: Hydrapple
|-damage|p2a: Hydrapple|27/100
|-unboost|p1a: Blaziken|def|1
|-unboost|p1a: Blaziken|spd|1
|move|p2a: Hydrapple|Giga Drain|p1a: Blaziken
|-damage|p1a: Blaziken|0 fnt
|-heal|p2a: Hydrapple|34/100|[from] drain|[of] p1a: Blaziken
|faint|p1a: Blaziken
|
|-weather|Sandstorm|[upkeep]
|-damage|p2a: Hydrapple|28/100|[from] Sandstorm
|upkeep
|
|t:|1760351504
|switch|p1a: Glimmora|Glimmora, F|100/100
|-damage|p1a: Glimmora|88/100|[from] Stealth Rock
|turn|12
|
|t:|1760351508
|switch|p2a: Excadrill|Excadrill, F|100/100
|-item|p2a: Excadrill|Air Balloon
|move|p1a: Glimmora|Power Gem|p2a: Excadrill
|-resisted|p2a: Excadrill
|-damage|p2a: Excadrill|86/100
|-enditem|p2a: Excadrill|Air Balloon
|
|-weather|Sandstorm|[upkeep]
|upkeep
|turn|13
|
|t:|1760351522
|move|p2a: Excadrill|Earthquake|p1a: Glimmora
|-supereffective|p1a: Glimmora
|-damage|p1a: Glimmora|0 fnt
|-activate|p1a: Glimmora|ability: Toxic Debris
|-sidestart|p2: CyborgParrot127|move: Toxic Spikes
|faint|p1a: Glimmora
|
|-weather|none
|upkeep
|
|t:|1760351533
|switch|p1a: Pecharunt|Pecharunt|94/100
|turn|14
|
|t:|1760351536
|move|p2a: Excadrill|Earthquake|p1a: Pecharunt
|-supereffective|p1a: Pecharunt
|-damage|p1a: Pecharunt|45/100
|move|p1a: Pecharunt|Foul Play|p2a: Excadrill
|-damage|p2a: Excadrill|39/100
|
|upkeep
|turn|15
|
|t:|1760351540
|move|p2a: Excadrill|Earthquake|p1a: Pecharunt
|-supereffective|p1a: Pecharunt
|-damage|p1a: Pecharunt|0 fnt
|faint|p1a: Pecharunt
|
|upkeep
|
|t:|1760351543
|switch|p1a: Kingambit|Kingambit, F|100/100
|-damage|p1a: Kingambit|94/100|[from] Stealth Rock
|-activate|p1a: Kingambit|ability: Supreme Overlord
|-start|p1a: Kingambit|fallen5|[silent]
|turn|16
|
|t:|1760351548
|move|p1a: Kingambit|Sucker Punch|p2a: Excadrill
|-damage|p2a: Excadrill|0 fnt
|faint|p2a: Excadrill
|
|upkeep
|
|t:|1760351550
|switch|p2a: Iron Valiant|Iron Valiant|100/100
|-status|p2a: Iron Valiant|psn
|-enditem|p2a: Iron Valiant|Booster Energy
|-activate|p2a: Iron Valiant|ability: Quark Drive|[fromitem]
|-start|p2a: Iron Valiant|quarkdrivespe
|turn|17
|
|t:|1760351554
|move|p1a: Kingambit|Sucker Punch|p2a: Iron Valiant
|-resisted|p2a: Iron Valiant
|-damage|p2a: Iron Valiant|68/100 psn
|move|p2a: Iron Valiant|Close Combat|p1a: Kingambit
|-supereffective|p1a: Kingambit
|-damage|p1a: Kingambit|0 fnt
|-unboost|p2a: Iron Valiant|def|1
|-unboost|p2a: Iron Valiant|spd|1
|faint|p1a: Kingambit
|-end|p1a: Kingambit|fallen5|[silent]
|
|win|CyborgParrot127
|raw|Blaziken666's rating: 1542 &rarr; <strong>1530</strong><br />(-12 for losing)
|raw|CyborgParrot127's rating: 1680 &rarr; <strong>1692</strong><br />(+12 for winning)
|l|☆CyborgParrot127
|player|p2|
