|j|☆Aunuexah
|j|☆Manbaby319
|t:|1760331081
|gametype|singles
|player|p1|Aunuexah|101|1239
|player|p2|Manbaby319|marlon|1181
|gen|9
|tier|[Gen 9] OU
|rated|
|rule|HP Percentage Mod: HP is shown in percentages
|rule|Endless Battle Clause: Forcing endless battles is banned
|rule|Species Clause: Limit one of each Pokémon
|rule|OHKO Clause: OHKO moves are banned
|rule|Evasion Items Clause: Evasion items are banned
|rule|Evasion Moves Clause: Evasion moves are banned
|rule|Evasion Abilities Clause: Evasion abilities are banned
|rule|Sleep Moves Clause: Sleep-inducing moves are banned
|clearpoke
|poke|p1|Garganacl, M|
|poke|p1|Meowscarada, M|
|poke|p1|Toxapex, F|
|poke|p1|Gliscor, M|
|poke|p1|Garchomp, F|
|poke|p1|Talonflame, M|
|poke|p2|Wo-Chien|
|poke|p2|Great Tusk|
|poke|p2|Dragonite, M|
|poke|p2|Frosmoth, F|
|poke|p2|Rotom-Heat|
|poke|p2|Alomomola, F|
|teampreview
|
|t:|1760331109
|teamsize|p1|6
|teamsize|p2|6
|start
|switch|p1a: Garchomp|Garchomp, F|100/100
|switch|p2a: Snail Trai|Wo-Chien, shiny|100/100
|-ability|p2a: Snail Trai|Tablets of Ruin
|turn|1
|
|t:|1760331120
|move|p1a: Garchomp|Stealth Rock|p2a: Snail Trai
|-sidestart|p2: Manbaby319|move: Stealth Rock
|move|p2a: Snail Trai|Leech Seed|p1a: Garchomp
|-start|p1a: Garchomp|move: Leech Seed
|
|-damage|p1a: Garchomp|88/100|[from] Leech Seed|[of] p2a: Snail Trai
|upkeep
|turn|2
|
|t:|1760331127
|move|p1a: Garchomp|Spikes|p2a: Snail Trai
|-sidestart|p2: Manbaby319|Spikes
|move|p2a: Snail Trai|Knock Off|p1a: Garchomp
|-damage|p1a: Garchomp|67/100
|-damage|p2a: Snail Trai|88/100|[from] ability: Rough Skin|[of] p1a: Garchomp
|-damage|p2a: Snail Trai|72/100|[from] item: Rocky Helmet|[of] p1a: Garchomp
|-enditem|p1a: Garchomp|Rocky Helmet|[from] move: Knock Off|[of] p2a: Snail Trai
|
|-heal|p2a: Snail Trai|78/100|[from] item: Leftovers
|-damage|p1a: Garchomp|55/100|[from] Leech Seed|[of] p2a: Snail Trai
|-heal|p2a: Snail Trai|93/100|[silent]
|upkeep
|turn|3
|
|t:|1760331137
|switch|p1a: Meowscarada|Meowscarada, M|100/100
|move|p2a: Snail Trai|Ruination|p1a: Meowscarada
|-damage|p1a: Meowscarada|51/100
|
|-heal|p2a: Snail Trai|99/100|[from] item: Leftovers
|upkeep
|turn|4
|
|t:|1760331145
|move|p1a: Meowscarada|U-turn|p2a: Snail Trai
|-start|p1a: Meowscarada|typechange|Bug|[from] ability: Protean
|-supereffective|p2a: Snail Trai
|-damage|p2a: Snail Trai|0 fnt
|faint|p2a: Snail Trai
|
|t:|1760331176
|switch|p1a: Toxapex|Toxapex, F|100/100|[from] U-turn
|
|upkeep
|
|t:|1760331182
|switch|p2a: Rotom|Rotom-Heat, shiny|100/100
|-damage|p2a: Rotom|75/100|[from] Stealth Rock
|turn|5
|
|t:|1760331191
|switch|p1a: Garchomp|Garchomp, F|55/100
|move|p2a: Rotom|Will-O-Wisp|p1a: Garchomp
|-status|p1a: Garchomp|brn
|
|-damage|p1a: Garchomp|49/100 brn|[from] brn
|upkeep
|turn|6
|
|t:|1760331199
|move|p2a: Rotom|Hex|p1a: Garchomp
|-damage|p1a: Garchomp|12/100 brn
|-damage|p2a: Rotom|65/100|[from] item: Life Orb
|move|p1a: Garchomp|Spikes|p2a: Rotom
|-sidestart|p2: Manbaby319|Spikes
|
|-damage|p1a: Garchomp|6/100 brn|[from] brn
|upkeep
|turn|7
|
|t:|1760331207
|switch|p1a: Garganacl|Garganacl, M|100/100
|move|p2a: Rotom|Hex|p1a: Garganacl
|-damage|p1a: Garganacl|93/100
|-damage|p2a: Rotom|55/100|[from] item: Life Orb
|
|-heal|p1a: Garganacl|99/100|[from] item: Leftovers
|upkeep
|turn|8
|
|t:|1760331214
|move|p2a: Rotom|Volt Switch|p1a: Garganacl
|-damage|p1a: Garganacl|77/100
|-damage|p2a: Rotom|45/100|[from] item: Life Orb
|
|t:|1760331222
|switch|p2a: Frosmoth|Frosmoth, F, shiny|100/100|[from] Volt Switch
|-damage|p2a: Frosmoth|51/100|[from] Stealth Rock
|-damage|p2a: Frosmoth|34/100|[from] Spikes
|move|p1a: Garganacl|Salt Cure|p2a: Frosmoth
|-supereffective|p2a: Frosmoth
|-damage|p2a: Frosmoth|0 fnt
|faint|p2a: Frosmoth
|
|-heal|p1a: Garganacl|83/100|[from] item: Leftovers
|upkeep
|
|t:|1760331232
|switch|p2a: Alomomola|Alomomola, F|100/100
|-damage|p2a: Alomomola|88/100|[from] Stealth Rock
|-damage|p2a: Alomomola|72/100|[from] Spikes
|turn|9
|
|t:|1760331248
|move|p2a: Alomomola|Wish|p2a: Alomomola
|move|p1a: Garganacl|Salt Cure|p2a: Alomomola
|-damage|p2a: Alomomola|61/100
|-start|p2a: Alomomola|Salt Cure
|
|-heal|p1a: Garganacl|89/100|[from] item: Leftovers
|-damage|p2a: Alomomola|37/100|[from] Salt Cure
|upkeep
|turn|10
|
|t:|1760331257
|move|p2a: Alomomola|Pain Split|p1a: Garganacl
|-sethp|p1a: Garganacl|66/100|[from] move: Pain Split|[silent]
|-sethp|p2a: Alomomola|57/100|[from] move: Pain Split
|move|p1a: Garganacl|Salt Cure|p2a: Alomomola
|-damage|p2a: Alomomola|47/100
|
|-heal|p2a: Alomomola|97/100|[from] move: Wish|[wisher] Alomomola
|-heal|p1a: Garganacl|72/100|[from] item: Leftovers
|-damage|p2a: Alomomola|72/100|[from] Salt Cure
|upkeep
|turn|11
|
|t:|1760331270
|switch|p1a: Garchomp|Garchomp, F|6/100 brn
|move|p2a: Alomomola|Wish|p2a: Alomomola
|
|-damage|p1a: Garchomp|0 fnt|[from] brn
|faint|p1a: Garchomp
|-damage|p2a: Alomomola|47/100|[from] Salt Cure
|upkeep
|
|t:|1760331289
|switch|p1a: Meowscarada|Meowscarada, M|51/100
|turn|12
|
|t:|1760331297
|switch|p2a: Rotom|Rotom-Heat, shiny|45/100
|-damage|p2a: Rotom|20/100|[from] Stealth Rock
|move|p1a: Meowscarada|Flower Trick|p2a: Rotom
|-start|p1a: Meowscarada|typechange|Grass|[from] ability: Protean
|-resisted|p2a: Rotom
|-crit|p2a: Rotom
|-damage|p2a: Rotom|0 fnt
|faint|p2a: Rotom
|
|upkeep
|
|t:|1760331310
|switch|p2a: Thiccums|Great Tusk|100/100
|-damage|p2a: Thiccums|98/100|[from] Stealth Rock
|-damage|p2a: Thiccums|81/100|[from] Spikes
|turn|13
|
|t:|1760331316
|-terastallize|p2a: Thiccums|Steel
|move|p2a: Thiccums|Ice Spinner|p1a: Meowscarada
|-supereffective|p1a: Meowscarada
|-damage|p1a: Meowscarada|0 fnt
|faint|p1a: Meowscarada
|
|upkeep
|
|t:|1760331328
|switch|p1a: Talonflame|Talonflame, M|100/100
|turn|14
|
|t:|1760331344
|-end|p2a: Thiccums|Protosynthesis|[silent]
|switch|p2a: Alomomola|Alomomola, F|81/100
|-damage|p2a: Alomomola|68/100|[from] Stealth Rock
|-damage|p2a: Alomomola|52/100|[from] Spikes
|move|p1a: Talonflame|Tailwind|p1a: Talonflame
|-sidestart|p1: Aunuexah|move: Tailwind
|
|upkeep
|turn|15
|
|t:|1760331355
|switch|p1a: Toxapex|Toxapex, F|100/100
|move|p2a: Alomomola|Pain Split|p1a: Toxapex
|-sethp|p1a: Toxapex|90/100|[from] move: Pain Split|[silent]
|-sethp|p2a: Alomomola|58/100|[from] move: Pain Split
|
|-heal|p1a: Toxapex|96/100|[from] item: Leftovers
|upkeep
|turn|16
|
|t:|1760331362
|move|p1a: Toxapex|Infestation|p2a: Alomomola
|-damage|p2a: Alomomola|56/100
|-activate|p2a: Alomomola|move: Infestation|[of] p1a: Toxapex
|-damage|p1a: Toxapex|80/100|[from] item: Rocky Helmet|[of] p2a: Alomomola
|move|p2a: Alomomola|Wish|p2a: Alomomola
|
|-heal|p1a: Toxapex|86/100|[from] item: Leftovers
|-damage|p2a: Alomomola|43/100|[from] move: Infestation|[partiallytrapped]
|upkeep
|turn|17
|
|t:|1760331369
|move|p1a: Toxapex|Toxic|p2a: Alomomola
|-status|p2a: Alomomola|tox
|move|p2a: Alomomola|Flip Turn|p1a: Toxapex
|-resisted|p1a: Toxapex
|-damage|p1a: Toxapex|81/100
|
|t:|1760331376
|switch|p2a: Thiccums|Great Tusk, tera:Steel|81/100|[from] Flip Turn
|-damage|p2a: Thiccums|75/100|[from] Stealth Rock
|-damage|p2a: Thiccums|58/100|[from] Spikes
|
|-heal|p2a: Thiccums|100/100|[from] move: Wish|[wisher] Alomomola
|-heal|p1a: Toxapex|87/100|[from] item: Leftovers
|-sideend|p1: Aunuexah|move: Tailwind
|upkeep
|turn|18
|
|t:|1760331395
|switch|p1a: Talonflame|Talonflame, M|100/100
|move|p2a: Thiccums|Supercell Slam|p1a: Talonflame
|-supereffective|p1a: Talonflame
|-damage|p1a: Talonflame|2/100
|
|upkeep
|turn|19
|
|t:|1760331404
|move|p2a: Thiccums|Supercell Slam|p1a: Talonflame
|-supereffective|p1a: Talonflame
|-damage|p1a: Talonflame|0 fnt
|faint|p1a: Talonflame
|
|upkeep
|
|t:|1760331408
|switch|p1a: Gliscor|Gliscor, M|100/100
|turn|20
|
|t:|1760331419
|-end|p2a: Thiccums|Protosynthesis|[silent]
|switch|p2a: Alomomola|Alomomola, F|77/100 tox
|-damage|p2a: Alomomola|64/100 tox|[from] Stealth Rock
|-damage|p2a: Alomomola|48/100 tox|[from] Spikes
|move|p1a: Gliscor|Knock Off|p2a: Alomomola
|-damage|p2a: Alomomola|33/100 tox
|-damage|p1a: Gliscor|84/100|[from] item: Rocky Helmet|[of] p2a: Alomomola
|-enditem|p2a: Alomomola|Rocky Helmet|[from] move: Knock Off|[of] p1a: Gliscor
|
|-damage|p2a: Alomomola|27/100 tox|[from] psn
|-status|p1a: Gliscor|tox|[from] item: Toxic Orb
|upkeep
|turn|21
|
|t:|1760331432
|move|p1a: Gliscor|Earthquake|p2a: Alomomola
|-damage|p2a: Alomomola|2/100 tox
|move|p2a: Alomomola|Wish|p2a: Alomomola
|
|-heal|p1a: Gliscor|96/100 tox|[from] ability: Poison Heal
|-damage|p2a: Alomomola|0 fnt|[from] psn
|faint|p2a: Alomomola
|upkeep
|
|t:|1760331442
|switch|p2a: Thiccums|Great Tusk, tera:Steel|100/100
|-damage|p2a: Thiccums|94/100|[from] Stealth Rock
|-damage|p2a: Thiccums|78/100|[from] Spikes
|turn|22
|
|t:|1760331464
|move|p1a: Gliscor|Protect|p1a: Gliscor
|-singleturn|p1a: Gliscor|Protect
|move|p2a: Thiccums|Headlong Rush|p1a: Gliscor
|-activate|p1a: Gliscor|move: Protect
|
|-heal|p2a: Thiccums|100/100|[from] move: Wish|[wisher] Alomomola
|-heal|p1a: Gliscor|100/100 tox|[from] ability: Poison Heal
|upkeep
|turn|23
|
|t:|1760331480
|-end|p2a: Thiccums|Protosynthesis|[silent]
|switch|p2a: Dragonite|Dragonite, M, shiny|100/100
|-damage|p2a: Dragonite|76/100|[from] Stealth Rock
|move|p1a: Gliscor|Earthquake|p2a: Dragonite
|-immune|p2a: Dragonite
|
|upkeep
|turn|24
|
|t:|1760331507
|move|p1a: Gliscor|Toxic|p2a: Dragonite
|-status|p2a: Dragonite|tox
|move|p2a: Dragonite|Dragon Dance|p2a: Dragonite
|-boost|p2a: Dragonite|atk|1
|-boost|p2a: Dragonite|spe|1
|
|-damage|p2a: Dragonite|69/100 tox|[from] psn
|upkeep
|turn|25
|
|t:|1760331519
|move|p2a: Dragonite|Dragon Dance|p2a: Dragonite
|-boost|p2a: Dragonite|atk|1
|-boost|p2a: Dragonite|spe|1
|move|p1a: Gliscor|Knock Off|p2a: Dragonite
|-damage|p2a: Dragonite|48/100 tox
|-enditem|p2a: Dragonite|Covert Cloak|[from] move: Knock Off|[of] p1a: Gliscor
|
|-damage|p2a: Dragonite|35/100 tox|[from] psn
|upkeep
|turn|26
|
|t:|1760331527
|move|p1a: Gliscor|Protect|p1a: Gliscor
|-singleturn|p1a: Gliscor|Protect
|move|p2a: Dragonite|Earthquake|p1a: Gliscor
|-activate|p1a: Gliscor|move: Protect
|
|-damage|p2a: Dragonite|17/100 tox|[from] psn
|upkeep
|turn|27
|
|t:|1760331544
|move|p2a: Dragonite|Roost|p2a: Dragonite
|-heal|p2a: Dragonite|67/100 tox
|-singleturn|p2a: Dragonite|move: Roost
|move|p1a: Gliscor|Knock Off|p2a: Dragonite
|-damage|p2a: Dragonite|52/100 tox
|
|-damage|p2a: Dragonite|27/100 tox|[from] psn
|upkeep
|turn|28
|
|t:|1760331556
|move|p1a: Gliscor|Protect|p1a: Gliscor
|-singleturn|p1a: Gliscor|Protect
|move|p2a: Dragonite|Earthquake|p1a: Gliscor
|-activate|p1a: Gliscor|move: Protect
|
|-damage|p2a: Dragonite|0 fnt|[from] psn
|faint|p2a: Dragonite
|upkeep
|
|t:|1760331559
|switch|p2a: Thiccums|Great Tusk, tera:Steel|100/100
|-damage|p2a: Thiccums|94/100|[from] Stealth Rock
|-damage|p2a: Thiccums|78/100|[from] Spikes
|turn|29
|
|t:|1760331581
|switch|p1a: Toxapex|Toxapex, F|100/100
|move|p2a: Thiccums|Ice Spinner|p1a: Toxapex
|-resisted|p1a: Toxapex
|-damage|p1a: Toxapex|93/100
|
|-heal|p1a: Toxapex|99/100|[from] item: Leftovers
|upkeep
|turn|30
|-message|Manbaby319 forfeited.
|
|win|Aunuexah
|raw|Aunuexah's rating: 1239 &rarr; <strong>1260</strong><br />(+21 for winning)
|raw|Manbaby319's rating: 1181 &rarr; <strong>1160</strong><br />(-21 for losing)
|l|☆Manbaby319
|player|p2|
|l|☆Aunuexah
|player|p1|
