|j|☆fbflag
|j|☆4urelius_Ghastz
|t:|1760352800
|gametype|singles
|player|p1|fbflag|102|1070
|player|p2|4urelius_Ghastz|li|1060
|gen|9
|tier|[Gen 9] OU
|rated|
|rule|HP Percentage Mod: HP is shown in percentages
|rule|Endless Battle Clause: Forcing endless battles is banned
|rule|Species Clause: Limit one of each Pokémon
|rule|OHKO Clause: OHKO moves are banned
|rule|Evasion Items Clause: Evasion items are banned
|rule|Evasion Moves Clause: Evasion moves are banned
|rule|Evasion Abilities Clause: Evasion abilities are banned
|rule|Sleep Moves Clause: Sleep-inducing moves are banned
|clearpoke
|poke|p1|Darkrai|
|poke|p1|Blissey, F|
|poke|p1|Greninja-*, M|
|poke|p1|Gliscor, F|
|poke|p1|Toxapex, F|
|poke|p1|Weezing-Galar, M|
|poke|p2|Quaquaval, F|
|poke|p2|Latias, F|
|poke|p2|Ogerpon-Cornerstone, F|
|poke|p2|Bastiodon, M|
|poke|p2|Primeape, F|
|poke|p2|Tauros-Paldea-Blaze, M|
|teampreview
|inactive|Battle timer is ON: inactive players will automatically lose when time's up. (requested by 4urelius_Ghastz)
|
|t:|1760352823
|teamsize|p1|6
|teamsize|p2|6
|start
|switch|p1a: Toxapex|Toxapex, F|100/100
|switch|p2a: Primeape|Primeape, F|100/100
|turn|1
|
|t:|1760352832
|switch|p2a: Bastiodon|Bastiodon, M|100/100
|move|p1a: Toxapex|Toxic Spikes|p2a: Bastiodon
|-sidestart|p2: 4urelius_Ghastz|move: Toxic Spikes
|
|upkeep
|turn|2
|
|t:|1760352839
|move|p1a: Toxapex|Chilling Water|p2a: Bastiodon
|-supereffective|p2a: Bastiodon
|-damage|p2a: Bastiodon|86/100
|-unboost|p2a: Bastiodon|atk|1
|move|p2a: Bastiodon|Stealth Rock|p1a: Toxapex
|-sidestart|p1: fbflag|move: Stealth Rock
|
|upkeep
|turn|3
|
|t:|1760352850
|move|p1a: Toxapex|Chilling Water|p2a: Bastiodon
|-supereffective|p2a: Bastiodon
|-damage|p2a: Bastiodon|73/100
|-unboost|p2a: Bastiodon|atk|1
|move|p2a: Bastiodon|Iron Head|p1a: Toxapex
|-resisted|p1a: Toxapex
|-damage|p1a: Toxapex|97/100
|
|upkeep
|turn|4
|
|t:|1760352859
|switch|p2a: Latias|Latias, F|100/100
|move|p1a: Toxapex|Chilling Water|p2a: Latias
|-resisted|p2a: Latias
|-damage|p2a: Latias|96/100
|-unboost|p2a: Latias|atk|1
|
|upkeep
|turn|5
|
|t:|1760352870
|move|p2a: Latias|Calm Mind|p2a: Latias
|-boost|p2a: Latias|spa|1
|-boost|p2a: Latias|spd|1
|move|p1a: Toxapex|Toxic Spikes|p2a: Latias
|-sidestart|p2: 4urelius_Ghastz|move: Toxic Spikes
|
|upkeep
|turn|6
|
|t:|1760352894
|move|p1a: Toxapex|Baneful Bunker|p1a: Toxapex
|-singleturn|p1a: Toxapex|move: Protect
|move|p2a: Latias|Thunderbolt|p1a: Toxapex
|-activate|p1a: Toxapex|move: Protect
|
|upkeep
|turn|7
|
|t:|1760352901
|switch|p1a: Blissey|Blissey, F|100/100
|-damage|p1a: Blissey|88/100|[from] Stealth Rock
|move|p2a: Latias|Thunderbolt|p1a: Blissey
|-damage|p1a: Blissey|73/100
|-status|p1a: Blissey|par
|
|-heal|p1a: Blissey|79/100 par|[from] item: Leftovers
|upkeep
|turn|8
|
|t:|1760352913
|switch|p2a: Bastiodon|Bastiodon, M|73/100
|move|p1a: Blissey|Thunder Wave|p2a: Bastiodon
|-status|p2a: Bastiodon|par
|
|-heal|p1a: Blissey|85/100 par|[from] item: Leftovers
|upkeep
|turn|9
|
|t:|1760352927
|cant|p1a: Blissey|par
|move|p2a: Bastiodon|Body Press|p1a: Blissey
|-supereffective|p1a: Blissey
|-damage|p1a: Blissey|32/100 par
|
|-heal|p1a: Blissey|38/100 par|[from] item: Leftovers
|upkeep
|turn|10
|
|t:|1760352940
|cant|p1a: Blissey|par
|move|p2a: Bastiodon|Body Press|p1a: Blissey
|-supereffective|p1a: Blissey
|-damage|p1a: Blissey|0 fnt
|faint|p1a: Blissey
|
|upkeep
|
|t:|1760352950
|switch|p1a: Darkrai|Darkrai|100/100
|-damage|p1a: Darkrai|88/100|[from] Stealth Rock
|turn|11
|
|t:|1760352954
|move|p1a: Darkrai|Focus Blast|p2a: Bastiodon
|-supereffective|p2a: Bastiodon
|-damage|p2a: Bastiodon|0 fnt
|faint|p2a: Bastiodon
|-damage|p1a: Darkrai|78/100|[from] item: Life Orb
|
|upkeep
|
|t:|1760352961
|switch|p2a: Quaquaval|Quaquaval, F|100/100
|-status|p2a: Quaquaval|tox
|turn|12
|
|t:|1760352971
|switch|p1a: Weezing|Weezing-Galar, M|100/100
|-ability|p1a: Weezing|Neutralizing Gas
|move|p2a: Quaquaval|Rapid Spin|p1a: Weezing
|-damage|p1a: Weezing|87/100
|-boost|p2a: Quaquaval|spe|1
|-sideend|p2: 4urelius_Ghastz|Toxic Spikes|[from] move: Rapid Spin|[of] p2a: Quaquaval
|
|-damage|p2a: Quaquaval|94/100 tox|[from] psn
|upkeep
|turn|13
|
|t:|1760352983
|move|p2a: Quaquaval|Aqua Step|p1a: Weezing
|-damage|p1a: Weezing|54/100
|-boost|p2a: Quaquaval|spe|1
|move|p1a: Weezing|Play Rough|p2a: Quaquaval
|-supereffective|p2a: Quaquaval
|-damage|p2a: Quaquaval|15/100 tox
|
|-damage|p2a: Quaquaval|3/100 tox|[from] psn
|upkeep
|turn|14
|
|t:|1760352998
|-end|p1a: Weezing|ability: Neutralizing Gas
|switch|p1a: Gliscor|Gliscor, F, shiny|100/100
|-damage|p1a: Gliscor|88/100|[from] Stealth Rock
|move|p2a: Quaquaval|Triple Axel|p1a: Gliscor
|-supereffective|p1a: Gliscor
|-damage|p1a: Gliscor|65/100
|-supereffective|p1a: Gliscor
|-damage|p1a: Gliscor|25/100
|-supereffective|p1a: Gliscor
|-damage|p1a: Gliscor|0 fnt
|faint|p1a: Gliscor
|-ability|p2a: Quaquaval|Moxie|boost
|-boost|p2a: Quaquaval|atk|1
|-hitcount|p1: Gliscor|3
|
|-damage|p2a: Quaquaval|0 fnt|[from] psn
|faint|p2a: Quaquaval
|upkeep
|
|t:|1760353018
|switch|p2a: Primeape|Primeape, F|100/100
|switch|p1a: Greninja|Greninja, M|100/100
|-damage|p1a: Greninja|88/100|[from] Stealth Rock
|turn|15
|
|t:|1760353031
|-terastallize|p1a: Greninja|Water
|move|p1a: Greninja|Hydro Pump|p2a: Primeape
|-damage|p2a: Primeape|40/100
|move|p2a: Primeape|Bulk Up|p2a: Primeape
|-boost|p2a: Primeape|atk|1
|-boost|p2a: Primeape|def|1
|
|upkeep
|turn|16
|
|t:|1760353039
|move|p1a: Greninja|Hydro Pump|p2a: Primeape
|-damage|p2a: Primeape|0 fnt
|faint|p2a: Primeape
|-ability|p1a: Greninja|Battle Bond|boost
|-boost|p1a: Greninja|atk|1
|-boost|p1a: Greninja|spa|1
|-boost|p1a: Greninja|spe|1
|-activate|p1a: Greninja|ability: Battle Bond
|
|upkeep
|inactive|4urelius_Ghastz has 120 seconds left.
|
|t:|1760353064
|switch|p2a: Ogerpon|Ogerpon-Cornerstone, F|100/100
|turn|17
|inactive|4urelius_Ghastz has 120 seconds left.
|
|t:|1760353086
|move|p1a: Greninja|Gunk Shot|p2a: Ogerpon
|-damage|p2a: Ogerpon|53/100
|move|p2a: Ogerpon|Horn Leech|p1a: Greninja
|-supereffective|p1a: Greninja
|-damage|p1a: Greninja|0 fnt
|-heal|p2a: Ogerpon|94/100|[from] drain|[of] p1a: Greninja
|faint|p1a: Greninja
|
|upkeep
|
|t:|1760353098
|switch|p1a: Weezing|Weezing-Galar, M|54/100
|-ability|p1a: Weezing|Neutralizing Gas
|turn|18
|
|t:|1760353104
|move|p2a: Ogerpon|Ivy Cudgel|p1a: Weezing|[anim] Ivy Cudgel Rock
|-crit|p1a: Weezing
|-damage|p1a: Weezing|0 fnt
|faint|p1a: Weezing
|-end|p1a: Weezing|ability: Neutralizing Gas
|
|upkeep
|
|t:|1760353111
|switch|p1a: Toxapex|Toxapex, F|100/100
|-damage|p1a: Toxapex|88/100|[from] Stealth Rock
|turn|19
|
|t:|1760353116
|move|p1a: Toxapex|Baneful Bunker|p1a: Toxapex
|-singleturn|p1a: Toxapex|move: Protect
|move|p2a: Ogerpon|Swords Dance|p2a: Ogerpon
|-boost|p2a: Ogerpon|atk|2
|
|upkeep
|turn|20
|
|t:|1760353122
|move|p1a: Toxapex|Baneful Bunker|p1a: Toxapex
|-singleturn|p1a: Toxapex|move: Protect
|move|p2a: Ogerpon|Ivy Cudgel|p1a: Toxapex|[anim] Ivy Cudgel Rock
|-activate|p1a: Toxapex|move: Protect
|
|upkeep
|turn|21
|
|t:|1760353134
|switch|p1a: Darkrai|Darkrai|78/100
|-damage|p1a: Darkrai|66/100|[from] Stealth Rock
|move|p2a: Ogerpon|Ivy Cudgel|p1a: Darkrai|[anim] Ivy Cudgel Rock
|-damage|p1a: Darkrai|0 fnt
|faint|p1a: Darkrai
|
|upkeep
|-message|fbflag forfeited.
|
|win|4urelius_Ghastz
|raw|fbflag's rating: 1070 &rarr; <strong>1049</strong><br />(-21 for losing)
|raw|4urelius_Ghastz's rating: 1060 &rarr; <strong>1092</strong><br />(+32 for winning)
|l|☆fbflag
|player|p1|
