|j|☆no.1 dedenne fan
|j|☆arvends5
|t:|1760331872
|gametype|singles
|player|p1|no.1 dedenne fan|wallace|1242
|player|p2|arvends5|blackbelt|1191
|gen|9
|tier|[Gen 9] OU
|rated|
|rule|HP Percentage Mod: HP is shown in percentages
|rule|Endless Battle Clause: Forcing endless battles is banned
|rule|Species Clause: Limit one of each Pokémon
|rule|OHKO Clause: OHKO moves are banned
|rule|Evasion Items Clause: Evasion items are banned
|rule|Evasion Moves Clause: Evasion moves are banned
|rule|Evasion Abilities Clause: Evasion abilities are banned
|rule|Sleep Moves Clause: Sleep-inducing moves are banned
|clearpoke
|poke|p1|Skeledirge, F|
|poke|p1|Ogerpon-Wellspring, F|
|poke|p1|Dragapult, M|
|poke|p1|Weezing-Galar, M|
|poke|p1|Ting-Lu|
|poke|p1|Corviknight, M|
|poke|p2|Venusaur, M|
|poke|p2|Ninetales, M|
|poke|p2|Clefable, F|
|poke|p2|Tentacruel, M|
|poke|p2|Ditto|
|poke|p2|Haxorus, M|
|teampreview
|
|t:|1760331890
|teamsize|p1|6
|teamsize|p2|6
|start
|switch|p1a: Ting-Lu|Ting-Lu, shiny|100/100
|switch|p2a: Ninetales|Ninetales, M|100/100
|-weather|SunnyDay|[from] ability: Drought|[of] p2a: Ninetales
|-ability|p1a: Ting-Lu|Vessel of Ruin
|turn|1
|inactive|Battle timer is ON: inactive players will automatically lose when time's up. (requested by no.1 dedenne fan)
|
|t:|1760331895
|move|p2a: Ninetales|Will-O-Wisp|p1a: Ting-Lu
|-status|p1a: Ting-Lu|brn
|move|p1a: Ting-Lu|Stealth Rock|p2a: Ninetales
|-sidestart|p2: arvends5|move: Stealth Rock
|
|-weather|SunnyDay|[upkeep]
|-damage|p1a: Ting-Lu|94/100 brn|[from] brn
|upkeep
|turn|2
|
|t:|1760331900
|switch|p1a: Ogerpon|Ogerpon-Wellspring, F|100/100
|move|p2a: Ninetales|Encore||[still]
|-fail|p2a: Ninetales
|
|-weather|SunnyDay|[upkeep]
|upkeep
|turn|3
|
|t:|1760331903
|move|p2a: Ninetales|Will-O-Wisp|p1a: Ogerpon
|-status|p1a: Ogerpon|brn
|move|p1a: Ogerpon|Spikes|p2a: Ninetales
|-sidestart|p2: arvends5|Spikes
|
|-weather|SunnyDay|[upkeep]
|-damage|p1a: Ogerpon|94/100 brn|[from] brn
|upkeep
|turn|4
|
|t:|1760331909
|move|p2a: Ninetales|Encore|p1a: Ogerpon
|-start|p1a: Ogerpon|Encore
|move|p1a: Ogerpon|Spikes|p2a: Ninetales
|-sidestart|p2: arvends5|Spikes
|
|-weather|SunnyDay|[upkeep]
|-damage|p1a: Ogerpon|88/100 brn|[from] brn
|upkeep
|turn|5
|
|t:|1760331912
|switch|p2a: Tentacruel|Tentacruel, M|100/100
|-damage|p2a: Tentacruel|88/100|[from] Stealth Rock
|-damage|p2a: Tentacruel|72/100|[from] Spikes
|switch|p1a: Skeledirge|Skeledirge, F|100/100
|
|-weather|SunnyDay|[upkeep]
|-heal|p2a: Tentacruel|78/100|[from] item: Black Sludge
|upkeep
|turn|6
|
|t:|1760331916
|move|p2a: Tentacruel|Toxic|p1a: Skeledirge
|-status|p1a: Skeledirge|tox
|move|p1a: Skeledirge|Earth Power|p2a: Tentacruel
|-supereffective|p2a: Tentacruel
|-damage|p2a: Tentacruel|52/100
|
|-weather|SunnyDay|[upkeep]
|-heal|p2a: Tentacruel|58/100|[from] item: Black Sludge
|-damage|p1a: Skeledirge|94/100 tox|[from] psn
|upkeep
|turn|7
|
|t:|1760331927
|move|p1a: Skeledirge|Earth Power|p2a: Tentacruel
|-supereffective|p2a: Tentacruel
|-damage|p2a: Tentacruel|33/100
|move|p2a: Tentacruel|Mirror Coat|p1a: Skeledirge
|-damage|p1a: Skeledirge|51/100 tox
|
|-weather|SunnyDay|[upkeep]
|-heal|p2a: Tentacruel|39/100|[from] item: Black Sludge
|-damage|p1a: Skeledirge|38/100 tox|[from] psn
|upkeep
|turn|8
|
|t:|1760331937
|move|p2a: Tentacruel|Surf|p1a: Skeledirge
|-supereffective|p1a: Skeledirge
|-damage|p1a: Skeledirge|19/100 tox
|move|p1a: Skeledirge|Slack Off|p1a: Skeledirge
|-heal|p1a: Skeledirge|70/100 tox
|
|-weather|none
|-heal|p2a: Tentacruel|45/100|[from] item: Black Sludge
|-damage|p1a: Skeledirge|51/100 tox|[from] psn
|upkeep
|turn|9
|
|t:|1760331942
|switch|p1a: Dragapult|Dragapult, M|100/100
|move|p2a: Tentacruel|Surf|p1a: Dragapult
|-resisted|p1a: Dragapult
|-damage|p1a: Dragapult|82/100
|
|-heal|p2a: Tentacruel|51/100|[from] item: Black Sludge
|upkeep
|turn|10
|
|t:|1760331971
|switch|p2a: Clefable|Clefable, F|100/100
|move|p1a: Dragapult|Draco Meteor|p2a: Clefable
|-immune|p2a: Clefable
|
|upkeep
|turn|11
|
|t:|1760331978
|switch|p1a: Weezing|Weezing-Galar, M|100/100
|-ability|p1a: Weezing|Neutralizing Gas
|move|p2a: Clefable|Calm Mind|p2a: Clefable
|-boost|p2a: Clefable|spa|1
|-boost|p2a: Clefable|spd|1
|
|upkeep
|turn|12
|
|t:|1760331992
|-end|p1a: Weezing|ability: Neutralizing Gas
|switch|p1a: Skeledirge|Skeledirge, F|51/100 tox
|move|p2a: Clefable|Fire Blast|p1a: Skeledirge
|-resisted|p1a: Skeledirge
|-damage|p1a: Skeledirge|42/100 tox
|
|-damage|p1a: Skeledirge|36/100 tox|[from] psn
|upkeep
|turn|13
|
|t:|1760332001
|move|p1a: Skeledirge|Slack Off|p1a: Skeledirge
|-heal|p1a: Skeledirge|86/100 tox
|move|p2a: Clefable|Moonblast|p1a: Skeledirge
|-resisted|p1a: Skeledirge
|-damage|p1a: Skeledirge|76/100 tox
|
|-damage|p1a: Skeledirge|64/100 tox|[from] psn
|upkeep
|turn|14
|
|t:|1760332007
|move|p1a: Skeledirge|Torch Song|p2a: Clefable
|-damage|p2a: Clefable|73/100
|-boost|p1a: Skeledirge|spa|1
|move|p2a: Clefable|Moonblast|p1a: Skeledirge
|-resisted|p1a: Skeledirge
|-damage|p1a: Skeledirge|53/100 tox
|
|-damage|p1a: Skeledirge|34/100 tox|[from] psn
|upkeep
|turn|15
|
|t:|1760332025
|move|p1a: Skeledirge|Torch Song|p2a: Clefable
|-damage|p2a: Clefable|47/100
|-boost|p1a: Skeledirge|spa|1
|move|p2a: Clefable|Moonblast|p1a: Skeledirge
|-resisted|p1a: Skeledirge
|-damage|p1a: Skeledirge|22/100 tox
|-unboost|p1a: Skeledirge|spa|1
|
|-damage|p1a: Skeledirge|0 fnt|[from] psn
|faint|p1a: Skeledirge
|upkeep
|-message|no.1 dedenne fan forfeited.
|
|win|arvends5
|raw|no.1 dedenne fan's rating: 1242 &rarr; <strong>1213</strong><br />(-29 for losing)
|raw|arvends5's rating: 1191 &rarr; <strong>1220</strong><br />(+29 for winning)
|l|☆no.1 dedenne fan
|player|p1|
|l|☆arvends5
|player|p2|
