|j|☆Loosecgoose
|j|☆BradenWoA
|t:|1760328913
|gametype|singles
|player|p1|Loosecgoose|turo|1400
|player|p2|BradenWoA|266|1427
|gen|9
|tier|[Gen 9] OU
|rated|
|rule|HP Percentage Mod: HP is shown in percentages
|rule|Endless Battle Clause: Forcing endless battles is banned
|rule|Species Clause: Limit one of each Pokémon
|rule|OHKO Clause: OHKO moves are banned
|rule|Evasion Items Clause: Evasion items are banned
|rule|Evasion Moves Clause: Evasion moves are banned
|rule|Evasion Abilities Clause: Evasion abilities are banned
|rule|Sleep Moves Clause: Sleep-inducing moves are banned
|clearpoke
|poke|p1|Dondozo, F|
|poke|p1|Blissey, F|
|poke|p1|Corviknight, M|
|poke|p1|Weezing-Galar, F|
|poke|p1|Gliscor, M|
|poke|p1|Toxapex, F|
|poke|p2|Dusclops, M|
|poke|p2|Enamorus, F|
|poke|p2|Hoopa-Unbound|
|poke|p2|Iron Hands|
|poke|p2|Iron Valiant|
|poke|p2|Ursaluna, F|
|teampreview
|inactive|Battle timer is ON: inactive players will automatically lose when time's up. (requested by Loosecgoose)
|
|t:|1760328930
|teamsize|p1|6
|teamsize|p2|6
|start
|switch|p1a: Weezing|Weezing-Galar, F|100/100
|switch|p2a: Dusclops|Dusclops, M|100/100
|-ability|p1a: Weezing|Neutralizing Gas
|turn|1
|
|t:|1760328946
|move|p1a: Weezing|Will-O-Wisp|p2a: Dusclops
|-status|p2a: Dusclops|brn
|move|p2a: Dusclops|Trick Room|p2a: Dusclops
|-fieldstart|move: Trick Room|[of] p2a: Dusclops
|
|-damage|p2a: Dusclops|95/100 brn|[from] brn
|upkeep
|turn|2
|
|t:|1760328958
|switch|p2a: Ursaluna|Ursaluna, F|100/100
|move|p1a: Weezing|Strange Steam|p2a: Ursaluna
|-damage|p2a: Ursaluna|76/100
|
|-status|p2a: Ursaluna|brn|[from] item: Flame Orb
|upkeep
|turn|3
|
|t:|1760328972
|-end|p1a: Weezing|ability: Neutralizing Gas
|switch|p1a: Corviknight|Corviknight, M|100/100
|-ability|p1a: Corviknight|Pressure
|-terastallize|p2a: Ursaluna|Normal
|move|p2a: Ursaluna|Facade|p1a: Corviknight
|-resisted|p1a: Corviknight
|-damage|p1a: Corviknight|47/100
|
|-heal|p1a: Corviknight|53/100|[from] item: Leftovers
|-damage|p2a: Ursaluna|70/100 brn|[from] brn
|upkeep
|turn|4
|
|t:|1760328985
|switch|p1a: Toxapex|Toxapex, F|100/100
|move|p2a: Ursaluna|Fire Punch|p1a: Toxapex
|-resisted|p1a: Toxapex
|-damage|p1a: Toxapex|82/100
|
|-heal|p1a: Toxapex|88/100|[from] item: Leftovers
|-damage|p2a: Ursaluna|64/100 brn|[from] brn
|upkeep
|turn|5
|
|t:|1760329004
|switch|p1a: Dondozo|Dondozo, F|100/100
|move|p2a: Ursaluna|Facade|p1a: Dondozo
|-damage|p1a: Dondozo|22/100
|
|-heal|p1a: Dondozo|28/100|[from] item: Leftovers
|-damage|p2a: Ursaluna|58/100 brn|[from] brn
|-fieldend|move: Trick Room
|upkeep
|turn|6
|
|t:|1760329017
|switch|p2a: Hoopa|Hoopa-Unbound|100/100
|move|p1a: Dondozo|Rest|p1a: Dondozo
|-status|p1a: Dondozo|slp|[from] move: Rest
|-heal|p1a: Dondozo|100/100 slp|[silent]
|
|upkeep
|turn|7
|
|t:|1760329029
|switch|p1a: Toxapex|Toxapex, F|100/100
|move|p2a: Hoopa|Psychic Noise|p1a: Toxapex
|-supereffective|p1a: Toxapex
|-damage|p1a: Toxapex|27/100
|-start|p1a: Toxapex|move: Heal Block
|-enditem|p2a: Hoopa|Throat Spray
|-boost|p2a: Hoopa|spa|1|[from] item: Throat Spray
|
|upkeep
|turn|8
|
|t:|1760329046
|-terastallize|p1a: Toxapex|Steel
|move|p2a: Hoopa|Psychic Noise|p1a: Toxapex
|-resisted|p1a: Toxapex
|-damage|p1a: Toxapex|2/100
|-item|p2a: Hoopa|Leftovers|[from] ability: Magician|[of] p1a: Toxapex
|move|p1a: Toxapex|Toxic|p2a: Hoopa
|-status|p2a: Hoopa|tox
|
|-damage|p2a: Hoopa|94/100 tox|[from] psn
|-end|p1a: Toxapex|move: Heal Block
|upkeep
|turn|9
|
|t:|1760329056
|switch|p1a: Gliscor|Gliscor, M|100/100
|move|p2a: Hoopa|Dark Pulse|p1a: Gliscor
|-damage|p1a: Gliscor|34/100
|
|-heal|p2a: Hoopa|100/100 tox|[from] item: Leftovers
|-damage|p2a: Hoopa|88/100 tox|[from] psn
|-status|p1a: Gliscor|tox|[from] item: Toxic Orb
|upkeep
|turn|10
|
|t:|1760329062
|move|p1a: Gliscor|Protect|p1a: Gliscor
|-singleturn|p1a: Gliscor|Protect
|move|p2a: Hoopa|Psychic Noise|p1a: Gliscor
|-activate|p1a: Gliscor|move: Protect
|
|-heal|p2a: Hoopa|94/100 tox|[from] item: Leftovers
|-heal|p1a: Gliscor|46/100 tox|[from] ability: Poison Heal
|-damage|p2a: Hoopa|76/100 tox|[from] psn
|upkeep
|turn|11
|
|t:|1760329069
|switch|p1a: Toxapex|Toxapex, F, tera:Steel|35/100
|move|p2a: Hoopa|Psychic Noise|p1a: Toxapex
|-resisted|p1a: Toxapex
|-damage|p1a: Toxapex|11/100
|-start|p1a: Toxapex|move: Heal Block
|
|-heal|p2a: Hoopa|82/100 tox|[from] item: Leftovers
|-damage|p2a: Hoopa|57/100 tox|[from] psn
|upkeep
|turn|12
|
|t:|1760329078
|switch|p1a: Blissey|Blissey, F|100/100
|move|p2a: Hoopa|Psychic Noise|p1a: Blissey
|-damage|p1a: Blissey|75/100
|-start|p1a: Blissey|move: Heal Block
|
|-heal|p2a: Hoopa|63/100 tox|[from] item: Leftovers
|-damage|p2a: Hoopa|32/100 tox|[from] psn
|upkeep
|turn|13
|
|t:|1760329081
|move|p2a: Hoopa|Drain Punch|p1a: Blissey
|-supereffective|p1a: Blissey
|-damage|p1a: Blissey|16/100
|-heal|p2a: Hoopa|89/100 tox|[from] drain|[of] p1a: Blissey
|move|p1a: Blissey|Stealth Rock|p2a: Hoopa
|-sidestart|p2: BradenWoA|move: Stealth Rock
|
|-heal|p2a: Hoopa|95/100 tox|[from] item: Leftovers
|-damage|p2a: Hoopa|58/100 tox|[from] psn
|-end|p1a: Blissey|move: Heal Block
|upkeep
|turn|14
|
|t:|1760329095
|switch|p1a: Toxapex|Toxapex, F, tera:Steel|45/100
|move|p2a: Hoopa|Dark Pulse|p1a: Toxapex
|-damage|p1a: Toxapex|0 fnt
|faint|p1a: Toxapex
|
|-heal|p2a: Hoopa|64/100 tox|[from] item: Leftovers
|-damage|p2a: Hoopa|21/100 tox|[from] psn
|upkeep
|
|t:|1760329098
|switch|p1a: Gliscor|Gliscor, M|46/100 tox
|turn|15
|
|t:|1760329101
|move|p1a: Gliscor|Protect|p1a: Gliscor
|-singleturn|p1a: Gliscor|Protect
|move|p2a: Hoopa|Psychic Noise|p1a: Gliscor
|-activate|p1a: Gliscor|move: Protect
|
|-heal|p2a: Hoopa|27/100 tox|[from] item: Leftovers
|-heal|p1a: Gliscor|59/100 tox|[from] ability: Poison Heal
|-damage|p2a: Hoopa|0 fnt|[from] psn
|faint|p2a: Hoopa
|upkeep
|
|t:|1760329111
|switch|p2a: Dusclops|Dusclops, M|95/100 brn
|-damage|p2a: Dusclops|82/100 brn|[from] Stealth Rock
|-item|p1a: Gliscor|Toxic Orb|[from] ability: Frisk|[of] p2a: Dusclops
|turn|16
|
|t:|1760329120
|move|p1a: Gliscor|Spikes|p2a: Dusclops
|-sidestart|p2: BradenWoA|Spikes
|move|p2a: Dusclops|Trick Room|p2a: Dusclops
|-fieldstart|move: Trick Room|[of] p2a: Dusclops
|
|-heal|p1a: Gliscor|71/100 tox|[from] ability: Poison Heal
|-damage|p2a: Dusclops|76/100 brn|[from] brn
|upkeep
|turn|17
|
|t:|1760329132
|switch|p2a: Iron Hands|Iron Hands|100/100
|-damage|p2a: Iron Hands|94/100|[from] Stealth Rock
|-damage|p2a: Iron Hands|82/100|[from] Spikes
|-enditem|p2a: Iron Hands|Booster Energy
|-activate|p2a: Iron Hands|ability: Quark Drive|[fromitem]
|-start|p2a: Iron Hands|quarkdriveatk
|switch|p1a: Corviknight|Corviknight, M|53/100
|-ability|p1a: Corviknight|Pressure
|
|-heal|p1a: Corviknight|60/100|[from] item: Leftovers
|upkeep
|turn|18
|
|t:|1760329140
|switch|p1a: Weezing|Weezing-Galar, F|100/100
|-ability|p1a: Weezing|Neutralizing Gas
|move|p2a: Iron Hands|Ice Punch|p1a: Weezing
|-damage|p1a: Weezing|81/100
|
|upkeep
|turn|19
|
|t:|1760329147
|move|p2a: Iron Hands|Supercell Slam|p1a: Weezing
|-damage|p1a: Weezing|44/100
|move|p1a: Weezing|Strange Steam|p2a: Iron Hands
|-supereffective|p2a: Iron Hands
|-damage|p2a: Iron Hands|39/100
|
|upkeep
|turn|20
|
|t:|1760329159
|-end|p1a: Weezing|ability: Neutralizing Gas
|switch|p1a: Gliscor|Gliscor, M|71/100 tox
|move|p2a: Iron Hands|Earthquake|p1a: Gliscor
|-immune|p1a: Gliscor
|
|-heal|p1a: Gliscor|84/100 tox|[from] ability: Poison Heal
|-fieldend|move: Trick Room
|upkeep
|turn|21
|
|t:|1760329170
|move|p1a: Gliscor|Earthquake|p2a: Iron Hands
|-supereffective|p2a: Iron Hands
|-damage|p2a: Iron Hands|0 fnt
|faint|p2a: Iron Hands
|-end|p2a: Iron Hands|Quark Drive|[silent]
|
|-heal|p1a: Gliscor|96/100 tox|[from] ability: Poison Heal
|upkeep
|
|t:|1760329178
|switch|p2a: Enamorus|Enamorus, F|100/100
|-damage|p2a: Enamorus|76/100|[from] Stealth Rock
|turn|22
|
|t:|1760329189
|move|p2a: Enamorus|Moonblast|p1a: Gliscor
|-damage|p1a: Gliscor|57/100 tox
|move|p1a: Gliscor|Knock Off|p2a: Enamorus
|-resisted|p2a: Enamorus
|-damage|p2a: Enamorus|58/100
|-enditem|p2a: Enamorus|Choice Scarf|[from] move: Knock Off|[of] p1a: Gliscor
|
|-heal|p1a: Gliscor|69/100 tox|[from] ability: Poison Heal
|upkeep
|turn|23
|
|t:|1760329194
|move|p1a: Gliscor|Protect|p1a: Gliscor
|-singleturn|p1a: Gliscor|Protect
|move|p2a: Enamorus|Moonblast|p1a: Gliscor
|-activate|p1a: Gliscor|move: Protect
|
|-heal|p1a: Gliscor|82/100 tox|[from] ability: Poison Heal
|upkeep
|turn|24
|
|t:|1760329202
|switch|p1a: Corviknight|Corviknight, M|60/100
|-ability|p1a: Corviknight|Pressure
|move|p2a: Enamorus|Moonblast|p1a: Corviknight
|-resisted|p1a: Corviknight
|-damage|p1a: Corviknight|35/100
|
|-heal|p1a: Corviknight|41/100|[from] item: Leftovers
|upkeep
|turn|25
|
|t:|1760329206
|switch|p2a: Dusclops|Dusclops, M|76/100 brn
|-damage|p2a: Dusclops|64/100 brn|[from] Stealth Rock
|-damage|p2a: Dusclops|52/100 brn|[from] Spikes
|-item|p1a: Corviknight|Leftovers|[from] ability: Frisk|[of] p2a: Dusclops
|move|p1a: Corviknight|Roost|p1a: Corviknight
|-heal|p1a: Corviknight|91/100
|-singleturn|p1a: Corviknight|move: Roost
|
|-heal|p1a: Corviknight|97/100|[from] item: Leftovers
|-damage|p2a: Dusclops|46/100 brn|[from] brn
|upkeep
|turn|26
|
|t:|1760329211
|switch|p1a: Blissey|Blissey, F|16/100
|move|p2a: Dusclops|Trick Room|p2a: Dusclops
|-fieldstart|move: Trick Room|[of] p2a: Dusclops
|
|-heal|p1a: Blissey|22/100|[from] item: Leftovers
|-damage|p2a: Dusclops|40/100 brn|[from] brn
|upkeep
|turn|27
|
|t:|1760329215
|switch|p2a: Ursaluna|Ursaluna, F, tera:Normal|58/100 brn
|-damage|p2a: Ursaluna|45/100 brn|[from] Stealth Rock
|-damage|p2a: Ursaluna|33/100 brn|[from] Spikes
|move|p1a: Blissey|Soft-Boiled|p1a: Blissey
|-heal|p1a: Blissey|72/100
|
|-heal|p1a: Blissey|79/100|[from] item: Leftovers
|-damage|p2a: Ursaluna|27/100 brn|[from] brn
|upkeep
|turn|28
|
|t:|1760329229
|switch|p1a: Corviknight|Corviknight, M|97/100
|-ability|p1a: Corviknight|Pressure
|move|p2a: Ursaluna|Fire Punch|p1a: Corviknight
|-supereffective|p1a: Corviknight
|-damage|p1a: Corviknight|43/100
|
|-heal|p1a: Corviknight|50/100|[from] item: Leftovers
|-damage|p2a: Ursaluna|21/100 brn|[from] brn
|upkeep
|turn|29
|
|t:|1760329239
|switch|p1a: Dondozo|Dondozo, F|100/100 slp
|move|p2a: Ursaluna|Facade|p1a: Dondozo
|-damage|p1a: Dondozo|31/100 slp
|
|-heal|p1a: Dondozo|37/100 slp|[from] item: Leftovers
|-damage|p2a: Ursaluna|15/100 brn|[from] brn
|upkeep
|turn|30
|
|t:|1760329243
|switch|p1a: Blissey|Blissey, F|79/100
|move|p2a: Ursaluna|Facade|p1a: Blissey
|-damage|p1a: Blissey|0 fnt
|faint|p1a: Blissey
|
|-damage|p2a: Ursaluna|9/100 brn|[from] brn
|-fieldend|move: Trick Room
|upkeep
|
|t:|1760329249
|switch|p1a: Gliscor|Gliscor, M|82/100 tox
|turn|31
|
|t:|1760329258
|switch|p2a: Enamorus|Enamorus, F|58/100
|-damage|p2a: Enamorus|33/100|[from] Stealth Rock
|move|p1a: Gliscor|Earthquake|p2a: Enamorus
|-immune|p2a: Enamorus
|
|-heal|p1a: Gliscor|94/100 tox|[from] ability: Poison Heal
|upkeep
|turn|32
|
|t:|1760329261
|move|p1a: Gliscor|Protect|p1a: Gliscor
|-singleturn|p1a: Gliscor|Protect
|move|p2a: Enamorus|Healing Wish|p2a: Enamorus
|faint|p2a: Enamorus
|
|-heal|p1a: Gliscor|100/100 tox|[from] ability: Poison Heal
|upkeep
|
|t:|1760329264
|switch|p2a: Ursaluna|Ursaluna, F, tera:Normal|9/100 brn
|-heal|p2a: Ursaluna|100/100|[from] move: Healing Wish
|-damage|p2a: Ursaluna|88/100|[from] Stealth Rock
|-damage|p2a: Ursaluna|76/100|[from] Spikes
|turn|33
|
|t:|1760329272
|switch|p2a: Iron Valiant|Iron Valiant|100/100
|-damage|p2a: Iron Valiant|94/100|[from] Stealth Rock
|-damage|p2a: Iron Valiant|82/100|[from] Spikes
|-enditem|p2a: Iron Valiant|Booster Energy
|-activate|p2a: Iron Valiant|ability: Quark Drive|[fromitem]
|-start|p2a: Iron Valiant|quarkdrivespe
|move|p1a: Gliscor|Knock Off|p2a: Iron Valiant
|-resisted|p2a: Iron Valiant
|-damage|p2a: Iron Valiant|77/100
|
|upkeep
|turn|34
|
|t:|1760329277
|switch|p1a: Corviknight|Corviknight, M|50/100
|-ability|p1a: Corviknight|Pressure
|move|p2a: Iron Valiant|Trick Room|p2a: Iron Valiant
|-fieldstart|move: Trick Room|[of] p2a: Iron Valiant
|
|-heal|p1a: Corviknight|56/100|[from] item: Leftovers
|upkeep
|turn|35
|
|t:|1760329283
|-end|p2a: Iron Valiant|Quark Drive|[silent]
|switch|p2a: Ursaluna|Ursaluna, F, tera:Normal|76/100
|-damage|p2a: Ursaluna|64/100|[from] Stealth Rock
|-damage|p2a: Ursaluna|51/100|[from] Spikes
|move|p1a: Corviknight|Iron Defense|p1a: Corviknight
|-boost|p1a: Corviknight|def|2
|
|-heal|p1a: Corviknight|62/100|[from] item: Leftovers
|-status|p2a: Ursaluna|brn|[from] item: Flame Orb
|upkeep
|turn|36
|
|t:|1760329289
|move|p2a: Ursaluna|Fire Punch|p1a: Corviknight
|-supereffective|p1a: Corviknight
|-damage|p1a: Corviknight|35/100
|move|p1a: Corviknight|Body Press|p2a: Ursaluna
|-supereffective|p2a: Ursaluna
|-damage|p2a: Ursaluna|0 fnt
|faint|p2a: Ursaluna
|
|-heal|p1a: Corviknight|41/100|[from] item: Leftovers
|upkeep
|
|t:|1760329295
|switch|p2a: Iron Valiant|Iron Valiant|77/100
|-damage|p2a: Iron Valiant|71/100|[from] Stealth Rock
|-damage|p2a: Iron Valiant|58/100|[from] Spikes
|turn|37
|-message|BradenWoA forfeited.
|
|win|Loosecgoose
|raw|Loosecgoose's rating: 1400 &rarr; <strong>1422</strong><br />(+22 for winning)
|raw|BradenWoA's rating: 1427 &rarr; <strong>1405</strong><br />(-22 for losing)
|l|☆BradenWoA
|player|p2|
|c|☆Loosecgoose|Gg
