|j|☆dgp1397
|j|☆NoFishNoLife
|t:|1760416259
|gametype|singles
|player|p1|dgp1397|169|1161
|player|p2|NoFishNoLife|fisherman-gen4|1175
|gen|9
|tier|[Gen 9] OU
|rated|
|rule|HP Percentage Mod: HP is shown in percentages
|rule|Endless Battle Clause: Forcing endless battles is banned
|rule|Species Clause: Limit one of each Pokémon
|rule|OHKO Clause: OHKO moves are banned
|rule|Evasion Items Clause: Evasion items are banned
|rule|Evasion Moves Clause: Evasion moves are banned
|rule|Evasion Abilities Clause: Evasion abilities are banned
|rule|Sleep Moves Clause: Sleep-inducing moves are banned
|clearpoke
|poke|p1|Ambipom, F|
|poke|p1|Slowking-Galar, F|
|poke|p1|Gliscor, M|
|poke|p1|Clefable, F|
|poke|p1|Great Tusk|
|poke|p1|Dragapult, F|
|poke|p2|Volcanion|
|poke|p2|Rabsca, F|
|poke|p2|Ditto|
|poke|p2|Clefable, M|
|poke|p2|Hoopa-Unbound|
|poke|p2|Cloyster, F|
|teampreview
|j| PG Spectating
|inactive|Battle timer is ON: inactive players will automatically lose when time's up. (requested by NoFishNoLife)
|
|t:|1760416275
|teamsize|p1|6
|teamsize|p2|6
|start
|switch|p1a: Ambipom|Ambipom, F|100/100
|switch|p2a: Fish|Volcanion|100/100
|turn|1
|
|t:|1760416286
|move|p1a: Ambipom|Fake Out|p2a: Fish
|-crit|p2a: Fish
|-damage|p2a: Fish|68/100
|cant|p2a: Fish|flinch
|
|upkeep
|turn|2
|
|t:|1760416294
|move|p1a: Ambipom|U-turn|p2a: Fish
|-resisted|p2a: Fish
|-damage|p2a: Fish|60/100
|
|t:|1760416299
|switch|p1a: Slowking|Slowking-Galar, F|100/100|[from] U-turn
|move|p2a: Fish|Steam Eruption|p1a: Slowking
|-damage|p1a: Slowking|64/100
|
|-heal|p1a: Slowking|70/100|[from] item: Black Sludge
|upkeep
|turn|3
|
|t:|1760416312
|move|p2a: Fish|Steam Eruption|p1a: Slowking
|-damage|p1a: Slowking|36/100
|-prepare|p1a: Slowking|Chilly Reception|[premajor]
|move|p1a: Slowking|Chilly Reception|p1a: Slowking
|-weather|Snowscape
|
|t:|1760416327
|switch|p1a: Ambipom|Ambipom, F|100/100|[from] Chilly Reception
|
|-weather|Snowscape|[upkeep]
|upkeep
|turn|4
|
|t:|1760416334
|move|p1a: Ambipom|Fake Out|p2a: Fish
|-damage|p2a: Fish|39/100
|cant|p2a: Fish|flinch
|
|-weather|Snowscape|[upkeep]
|upkeep
|turn|5
|
|t:|1760416342
|move|p1a: Ambipom|Knock Off|p2a: Fish
|-damage|p2a: Fish|15/100
|-enditem|p2a: Fish|Zoom Lens|[from] move: Knock Off|[of] p1a: Ambipom
|move|p2a: Fish|Steam Eruption|p1a: Ambipom
|-damage|p1a: Ambipom|0 fnt
|faint|p1a: Ambipom
|
|-weather|Snowscape|[upkeep]
|upkeep
|
|t:|1760416354
|switch|p1a: Dragapult|Dragapult, F|100/100
|turn|6
|
|t:|1760416359
|move|p1a: Dragapult|Shadow Ball|p2a: Fish
|-damage|p2a: Fish|0 fnt
|faint|p2a: Fish
|
|-weather|Snowscape|[upkeep]
|upkeep
|
|t:|1760416370
|switch|p2a: Hoopa|Hoopa-Unbound|100/100
|turn|7
|
|t:|1760416386
|switch|p1a: Clefable|Clefable, F|100/100
|move|p2a: Hoopa|Ice Punch|p1a: Clefable
|-damage|p1a: Clefable|73/100
|
|-weather|none
|upkeep
|turn|8
|
|t:|1760416396
|switch|p2a: Blessiy|Clefable, M, shiny|100/100
|move|p1a: Clefable|Moonblast|p2a: Blessiy
|-damage|p2a: Blessiy|73/100
|
|-heal|p2a: Blessiy|79/100|[from] item: Leftovers
|upkeep
|turn|9
|
|t:|1760416404
|move|p1a: Clefable|Knock Off|p2a: Blessiy
|-resisted|p2a: Blessiy
|-damage|p2a: Blessiy|74/100
|-enditem|p2a: Blessiy|Leftovers|[from] move: Knock Off|[of] p1a: Clefable
|move|p2a: Blessiy|Cosmic Power|p2a: Blessiy
|-boost|p2a: Blessiy|def|1
|-boost|p2a: Blessiy|spd|1
|
|upkeep
|turn|10
|
|t:|1760416412
|move|p1a: Clefable|Stealth Rock|p2a: Blessiy
|-sidestart|p2: NoFishNoLife|move: Stealth Rock
|move|p2a: Blessiy|Cosmic Power|p2a: Blessiy
|-boost|p2a: Blessiy|def|1
|-boost|p2a: Blessiy|spd|1
|
|upkeep
|turn|11
|
|t:|1760416421
|move|p1a: Clefable|Moonblast|p2a: Blessiy
|-damage|p2a: Blessiy|58/100
|move|p2a: Blessiy|Cosmic Power|p2a: Blessiy
|-boost|p2a: Blessiy|def|1
|-boost|p2a: Blessiy|spd|1
|
|upkeep
|turn|12
|
|t:|1760416428
|move|p1a: Clefable|Moonblast|p2a: Blessiy
|-damage|p2a: Blessiy|46/100
|move|p2a: Blessiy|Cosmic Power|p2a: Blessiy
|-boost|p2a: Blessiy|def|1
|-boost|p2a: Blessiy|spd|1
|
|upkeep
|turn|13
|
|t:|1760416435
|move|p1a: Clefable|Moonblast|p2a: Blessiy
|-damage|p2a: Blessiy|37/100
|move|p2a: Blessiy|Moonlight|p2a: Blessiy
|-heal|p2a: Blessiy|87/100
|
|upkeep
|turn|14
|
|t:|1760416442
|move|p1a: Clefable|Moonlight|p1a: Clefable
|-heal|p1a: Clefable|100/100
|move|p2a: Blessiy|Charge Beam|p1a: Clefable
|-damage|p1a: Clefable|90/100
|-boost|p2a: Blessiy|spa|1
|
|upkeep
|turn|15
|
|t:|1760416451
|switch|p1a: Gliscor|Gliscor, M|100/100
|move|p2a: Blessiy|Cosmic Power|p2a: Blessiy
|-boost|p2a: Blessiy|def|1
|-boost|p2a: Blessiy|spd|1
|
|-status|p1a: Gliscor|tox|[from] item: Toxic Orb
|upkeep
|turn|16
|
|t:|1760416461
|move|p1a: Gliscor|Toxic|p2a: Blessiy
|-status|p2a: Blessiy|tox
|move|p2a: Blessiy|Cosmic Power|p2a: Blessiy
|-boost|p2a: Blessiy|def|1
|-boost|p2a: Blessiy|spd|1
|
|upkeep
|turn|17
|-message|dgp1397 forfeited.
|
|win|NoFishNoLife
|raw|dgp1397's rating: 1161 &rarr; <strong>1137</strong><br />(-24 for losing)
|raw|NoFishNoLife's rating: 1175 &rarr; <strong>1199</strong><br />(+24 for winning)
|l|☆dgp1397
|player|p1|
|l|☆NoFishNoLife
|player|p2|
