|j|☆enormouschilli
|j|☆KantoKing1307
|t:|1760379897
|gametype|singles
|player|p1|enormouschilli|1|1447
|player|p2|KantoKing1307|1|1420
|gen|9
|tier|[Gen 9] OU
|rated|
|rule|HP Percentage Mod: HP is shown in percentages
|rule|Endless Battle Clause: Forcing endless battles is banned
|rule|Species Clause: Limit one of each Pokémon
|rule|OHKO Clause: OHKO moves are banned
|rule|Evasion Items Clause: Evasion items are banned
|rule|Evasion Moves Clause: Evasion moves are banned
|rule|Evasion Abilities Clause: Evasion abilities are banned
|rule|Sleep Moves Clause: Sleep-inducing moves are banned
|clearpoke
|poke|p1|Iron Moth|
|poke|p1|Kingambit, M|
|poke|p1|Deoxys-Speed|
|poke|p1|Raging Bolt|
|poke|p1|Rillaboom, M|
|poke|p1|Greninja-*, M|
|poke|p2|Jolteon, M|
|poke|p2|Quaquaval, M|
|poke|p2|Arcanine-Hisui, M|
|poke|p2|Corviknight, M|
|poke|p2|Scizor, M|
|poke|p2|Mew|
|teampreview
|inactive|Battle timer is ON: inactive players will automatically lose when time's up. (requested by enormouschilli)
|
|t:|1760379930
|teamsize|p1|6
|teamsize|p2|6
|start
|switch|p1a: Anomаly|Iron Moth|100/100
|switch|p2a: Scizor|Scizor, M|100/100
|-enditem|p1a: Anomаly|Booster Energy
|-activate|p1a: Anomаly|ability: Quark Drive|[fromitem]
|-start|p1a: Anomаly|quarkdrivespe
|turn|1
|
|t:|1760379943
|switch|p2a: Arcanine|Arcanine-Hisui, M|100/100
|move|p1a: Anomаly|Fiery Dance|p2a: Arcanine
|-resisted|p2a: Arcanine
|-damage|p2a: Arcanine|89/100
|-boost|p1a: Anomаly|spa|1
|
|upkeep
|turn|2
|inactive|enormouschilli has 120 seconds left.
|
|t:|1760379988
|-end|p1a: Anomаly|Quark Drive|[silent]
|switch|p1a: Greninja|Greninja, M|100/100
|move|p2a: Arcanine|Head Smash|p1a: Greninja
|-damage|p1a: Greninja|0 fnt
|faint|p1a: Greninja
|
|upkeep
|
|t:|1760380000
|switch|p1a: thanos|Kingambit, M|100/100
|-activate|p1a: thanos|ability: Supreme Overlord
|-start|p1a: thanos|fallen1|[silent]
|turn|3
|
|t:|1760380013
|switch|p2a: Quaquaval|Quaquaval, M|100/100
|move|p1a: thanos|Kowtow Cleave|p2a: Quaquaval
|-resisted|p2a: Quaquaval
|-damage|p2a: Quaquaval|62/100
|
|upkeep
|turn|4
|
|t:|1760380030
|-terastallize|p1a: thanos|Fairy
|move|p2a: Quaquaval|Knock Off|p1a: thanos
|-resisted|p1a: thanos
|-damage|p1a: thanos|89/100
|-enditem|p1a: thanos|Leftovers|[from] move: Knock Off|[of] p2a: Quaquaval
|move|p1a: thanos|Tera Blast|p2a: Quaquaval|[anim] Tera Blast Fairy
|-supereffective|p2a: Quaquaval
|-damage|p2a: Quaquaval|0 fnt
|faint|p2a: Quaquaval
|
|upkeep
|
|t:|1760380043
|switch|p2a: Scizor|Scizor, M|100/100
|turn|5
|
|t:|1760380061
|-end|p1a: thanos|fallen1|[silent]
|switch|p1a: Anomаly|Iron Moth|100/100
|move|p2a: Scizor|U-turn|p1a: Anomаly
|-resisted|p1a: Anomаly
|-damage|p1a: Anomаly|81/100
|
|t:|1760380068
|switch|p2a: Arcanine|Arcanine-Hisui, M|89/100|[from] U-turn
|
|upkeep
|turn|6
|inactive|enormouschilli has 120 seconds left.
|inactive|enormouschilli has 90 seconds left.
|
|t:|1760380109
|move|p1a: Anomаly|Energy Ball|p2a: Arcanine
|-crit|p2a: Arcanine
|-damage|p2a: Arcanine|35/100
|move|p2a: Arcanine|Head Smash|p1a: Anomаly
|-supereffective|p1a: Anomаly
|-damage|p1a: Anomаly|0 fnt
|faint|p1a: Anomаly
|-end|p1a: Anomаly|Quark Drive|[silent]
|
|upkeep
|inactive|enormouschilli has 90 seconds left.
|
|t:|1760380124
|switch|p1a: Rillaboom|Rillaboom, M|100/100
|-fieldstart|move: Grassy Terrain|[from] ability: Grassy Surge|[of] p1a: Rillaboom
|turn|7
|
|t:|1760380134
|switch|p2a: Corviknight|Corviknight, M|100/100
|move|p1a: Rillaboom|Grassy Glide|p2a: Corviknight
|-resisted|p2a: Corviknight
|-damage|p2a: Corviknight|94/100
|-damage|p1a: Rillaboom|84/100|[from] item: Rocky Helmet|[of] p2a: Corviknight
|
|-heal|p1a: Rillaboom|90/100|[from] Grassy Terrain
|upkeep
|turn|8
|
|t:|1760380143
|move|p1a: Rillaboom|U-turn|p2a: Corviknight
|-resisted|p2a: Corviknight
|-damage|p2a: Corviknight|91/100
|-damage|p1a: Rillaboom|73/100|[from] item: Rocky Helmet|[of] p2a: Corviknight
|inactive|enormouschilli has 90 seconds left.
|
|t:|1760380154
|switch|p1a: Raging Bolt|Raging Bolt|100/100|[from] U-turn
|-enditem|p1a: Raging Bolt|Booster Energy
|-activate|p1a: Raging Bolt|ability: Protosynthesis|[fromitem]
|-start|p1a: Raging Bolt|protosynthesisspa
|move|p2a: Corviknight|U-turn|p1a: Raging Bolt
|-damage|p1a: Raging Bolt|86/100
|
|t:|1760380164
|switch|p2a: Jolteon|Jolteon, M|100/100|[from] U-turn
|
|-heal|p1a: Raging Bolt|92/100|[from] Grassy Terrain
|upkeep
|turn|9
|
|t:|1760380177
|move|p2a: Jolteon|Alluring Voice|p1a: Raging Bolt
|-supereffective|p1a: Raging Bolt
|-damage|p1a: Raging Bolt|21/100
|move|p1a: Raging Bolt|Calm Mind|p1a: Raging Bolt
|-boost|p1a: Raging Bolt|spa|1
|-boost|p1a: Raging Bolt|spd|1
|
|-heal|p1a: Raging Bolt|27/100|[from] Grassy Terrain
|upkeep
|turn|10
|
|t:|1760380186
|-end|p1a: Raging Bolt|Protosynthesis|[silent]
|switch|p1a: thanos|Kingambit, M, tera:Fairy|89/100
|-activate|p1a: thanos|ability: Supreme Overlord
|-start|p1a: thanos|fallen2|[silent]
|move|p2a: Jolteon|Alluring Voice|p1a: thanos
|-damage|p1a: thanos|55/100
|
|-heal|p1a: thanos|62/100|[from] Grassy Terrain
|upkeep
|turn|11
|
|t:|1760380195
|switch|p2a: Corviknight|Corviknight, M|91/100
|move|p1a: thanos|Kowtow Cleave|p2a: Corviknight
|-damage|p2a: Corviknight|53/100
|-damage|p1a: thanos|45/100|[from] item: Rocky Helmet|[of] p2a: Corviknight
|
|-heal|p1a: thanos|51/100|[from] Grassy Terrain
|upkeep
|turn|12
|
|t:|1760380206
|move|p1a: thanos|Swords Dance|p1a: thanos
|-boost|p1a: thanos|atk|2
|move|p2a: Corviknight|Roost|p2a: Corviknight
|-heal|p2a: Corviknight|100/100
|-singleturn|p2a: Corviknight|move: Roost
|
|-heal|p1a: thanos|58/100|[from] Grassy Terrain
|upkeep
|turn|13
|
|t:|1760380214
|move|p1a: thanos|Kowtow Cleave|p2a: Corviknight
|-damage|p2a: Corviknight|24/100
|-damage|p1a: thanos|41/100|[from] item: Rocky Helmet|[of] p2a: Corviknight
|move|p2a: Corviknight|U-turn|p1a: thanos
|-resisted|p1a: thanos
|-damage|p1a: thanos|36/100
|
|t:|1760380221
|switch|p2a: Scizor|Scizor, M|100/100|[from] U-turn
|
|-heal|p1a: thanos|42/100|[from] Grassy Terrain
|upkeep
|turn|14
|inactive|enormouschilli has 120 seconds left.
|
|t:|1760380237
|-end|p1a: thanos|fallen2|[silent]
|switch|p1a: Rillaboom|Rillaboom, M|73/100
|move|p2a: Scizor|Bullet Punch|p1a: Rillaboom
|-damage|p1a: Rillaboom|25/100
|
|-heal|p1a: Rillaboom|31/100|[from] Grassy Terrain
|-fieldend|move: Grassy Terrain
|upkeep
|turn|15
|
|t:|1760380244
|move|p2a: Scizor|Bullet Punch|p1a: Rillaboom
|-damage|p1a: Rillaboom|0 fnt
|faint|p1a: Rillaboom
|
|upkeep
|inactive|enormouschilli has 120 seconds left.
|
|t:|1760380256
|switch|p1a: Raging Bolt|Raging Bolt|27/100
|turn|16
|
|t:|1760380262
|move|p2a: Scizor|Bullet Punch|p1a: Raging Bolt
|-resisted|p1a: Raging Bolt
|-damage|p1a: Raging Bolt|3/100
|move|p1a: Raging Bolt|Thunderbolt|p2a: Scizor
|-damage|p2a: Scizor|41/100
|
|upkeep
|turn|17
|
|t:|1760380269
|switch|p2a: Jolteon|Jolteon, M|100/100
|move|p1a: Raging Bolt|Thunderclap||[still]
|-fail|p1a: Raging Bolt
|
|upkeep
|turn|18
|
|t:|1760380276
|-end|p1a: Raging Bolt|Protosynthesis|[silent]
|switch|p1a: Deoxys|Deoxys-Speed|100/100
|-ability|p1a: Deoxys|Pressure
|move|p2a: Jolteon|Volt Switch|p1a: Deoxys
|-damage|p1a: Deoxys|20/100
|
|t:|1760380290
|switch|p2a: Scizor|Scizor, M|41/100|[from] Volt Switch
|
|upkeep
|turn|19
|
|t:|1760380294
|move|p2a: Scizor|Bullet Punch|p1a: Deoxys
|-damage|p1a: Deoxys|0 fnt
|faint|p1a: Deoxys
|
|upkeep
|-message|enormouschilli forfeited.
|
|win|KantoKing1307
|raw|enormouschilli's rating: 1447 &rarr; <strong>1425</strong><br />(-22 for losing)
|raw|KantoKing1307's rating: 1420 &rarr; <strong>1442</strong><br />(+22 for winning)
|l|☆enormouschilli
|player|p1|
|l|☆KantoKing1307
|player|p2|
