|j|‽cithor
|j|☆pikachulover32
|t:|1760434998
|gametype|singles
|player|p1|cithor|brendan|1552
|player|p2|pikachulover32|brendan|1572
|gen|9
|tier|[Gen 9] OU
|rated|
|rule|HP Percentage Mod: HP is shown in percentages
|rule|Endless Battle Clause: Forcing endless battles is banned
|rule|Species Clause: Limit one of each Pokémon
|rule|OHKO Clause: OHKO moves are banned
|rule|Evasion Items Clause: Evasion items are banned
|rule|Evasion Moves Clause: Evasion moves are banned
|rule|Evasion Abilities Clause: Evasion abilities are banned
|rule|Sleep Moves Clause: Sleep-inducing moves are banned
|clearpoke
|poke|p1|Great Tusk|
|poke|p1|Garganacl, F|
|poke|p1|Dragapult, F|
|poke|p1|Zapdos|
|poke|p1|Iron Crown|
|poke|p1|Ogerpon-Wellspring, F|
|poke|p2|Weezing-Galar, F|
|poke|p2|Iron Treads|
|poke|p2|Zapdos|
|poke|p2|Samurott-Hisui, M|
|poke|p2|Slowking-Galar, M|
|poke|p2|Garchomp, M|
|teampreview
|inactive|Battle timer is ON: inactive players will automatically lose when time's up. (requested by pikachulover32)
|inactive|pikachulover32 has 120 seconds left.
|
|t:|1760435043
|teamsize|p1|6
|teamsize|p2|6
|start
|switch|p1a: Ogerpon|Ogerpon-Wellspring, F|100/100
|switch|p2a: sheist guru|Slowking-Galar, M, shiny|100/100
|turn|1
|
|t:|1760435048
|move|p1a: Ogerpon|Knock Off|p2a: sheist guru
|-supereffective|p2a: sheist guru
|-damage|p2a: sheist guru|25/100
|-enditem|p2a: sheist guru|Assault Vest|[from] move: Knock Off|[of] p1a: Ogerpon
|move|p2a: sheist guru|Sludge Bomb|p1a: Ogerpon
|-supereffective|p1a: Ogerpon
|-damage|p1a: Ogerpon|0 fnt
|faint|p1a: Ogerpon
|
|upkeep
|
|t:|1760435056
|switch|p1a: Dragapult|Dragapult, F|100/100
|turn|2
|
|t:|1760435060
|switch|p2a: samus|Samurott-Hisui, M, shiny|100/100
|move|p1a: Dragapult|Hex|p2a: samus
|-resisted|p2a: samus
|-damage|p2a: samus|89/100
|
|upkeep
|turn|3
|
|t:|1760435077
|switch|p2a: mr.banana|Zapdos, shiny|100/100
|move|p1a: Dragapult|Will-O-Wisp|p2a: mr.banana
|-status|p2a: mr.banana|brn
|
|-damage|p2a: mr.banana|94/100 brn|[from] brn
|upkeep
|turn|4
|
|t:|1760435084
|switch|p1a: Garganacl|Garganacl, F|100/100
|move|p2a: mr.banana|Hurricane|p1a: Garganacl|[miss]
|-miss|p2a: mr.banana|p1a: Garganacl
|
|-damage|p2a: mr.banana|88/100 brn|[from] brn
|upkeep
|turn|5
|
|t:|1760435092
|move|p2a: mr.banana|Volt Switch|p1a: Garganacl
|-damage|p1a: Garganacl|76/100
|
|t:|1760435100
|switch|p2a: jj da jet|Garchomp, M|100/100|[from] Volt Switch
|move|p1a: Garganacl|Salt Cure|p2a: jj da jet
|-resisted|p2a: jj da jet
|-damage|p2a: jj da jet|96/100
|-start|p2a: jj da jet|Salt Cure
|
|-heal|p1a: Garganacl|82/100|[from] item: Leftovers
|-damage|p2a: jj da jet|84/100|[from] Salt Cure
|upkeep
|turn|6
|
|t:|1760435110
|switch|p1a: Zapdos|Zapdos|100/100
|move|p2a: jj da jet|Earthquake|p1a: Zapdos
|-immune|p1a: Zapdos
|
|-damage|p2a: jj da jet|71/100|[from] Salt Cure
|upkeep
|turn|7
|
|t:|1760435121
|switch|p2a: megatron|Iron Treads, shiny|100/100
|switch|p1a: Great Tusk|Great Tusk|100/100
|
|upkeep
|turn|8
|
|t:|1760435129
|-end|p2a: megatron|Quark Drive|[silent]
|switch|p2a: dirty bong|Weezing-Galar, F|100/100
|move|p1a: Great Tusk|Close Combat|p2a: dirty bong
|-resisted|p2a: dirty bong
|-damage|p2a: dirty bong|91/100
|-unboost|p1a: Great Tusk|def|1
|-unboost|p1a: Great Tusk|spd|1
|-damage|p1a: Great Tusk|84/100|[from] item: Rocky Helmet|[of] p2a: dirty bong
|
|upkeep
|turn|9
|
|t:|1760435139
|-end|p1a: Great Tusk|Protosynthesis|[silent]
|switch|p1a: Iron Crown|Iron Crown|100/100
|move|p2a: dirty bong|Will-O-Wisp|p1a: Iron Crown
|-status|p1a: Iron Crown|brn
|
|-damage|p1a: Iron Crown|94/100 brn|[from] brn
|upkeep
|turn|10
|
|t:|1760435148
|switch|p2a: megatron|Iron Treads, shiny|100/100
|move|p1a: Iron Crown|Focus Blast|p2a: megatron|[miss]
|-miss|p1a: Iron Crown|p2a: megatron
|
|-damage|p1a: Iron Crown|88/100 brn|[from] brn
|upkeep
|turn|11
|
|t:|1760435156
|-end|p1a: Iron Crown|Quark Drive|[silent]
|switch|p1a: Great Tusk|Great Tusk|84/100
|-end|p2a: megatron|Quark Drive|[silent]
|switch|p2a: sheist guru|Slowking-Galar, M, shiny|58/100
|
|upkeep
|turn|12
|
|t:|1760435161
|switch|p2a: dirty bong|Weezing-Galar, F|91/100
|move|p1a: Great Tusk|Headlong Rush|p2a: dirty bong
|-immune|p2a: dirty bong|[from] ability: Levitate
|
|upkeep
|turn|13
|
|t:|1760435169
|-end|p1a: Great Tusk|Protosynthesis|[silent]
|switch|p1a: Garganacl|Garganacl, F|82/100
|switch|p2a: samus|Samurott-Hisui, M, shiny|89/100
|
|-heal|p1a: Garganacl|88/100|[from] item: Leftovers
|upkeep
|turn|14
|
|t:|1760435177
|-terastallize|p1a: Garganacl|Water
|move|p2a: samus|Knock Off|p1a: Garganacl
|-damage|p1a: Garganacl|56/100
|-enditem|p1a: Garganacl|Leftovers|[from] move: Knock Off|[of] p2a: samus
|move|p1a: Garganacl|Salt Cure|p2a: samus
|-damage|p2a: samus|70/100
|-start|p2a: samus|Salt Cure
|
|-damage|p2a: samus|45/100|[from] Salt Cure
|upkeep
|turn|15
|
|t:|1760435196
|move|p2a: samus|Ceaseless Edge|p1a: Garganacl
|-damage|p1a: Garganacl|26/100
|-sidestart|p1: cithor|Spikes
|move|p1a: Garganacl|Recover|p1a: Garganacl
|-heal|p1a: Garganacl|76/100
|
|-damage|p2a: samus|20/100|[from] Salt Cure
|upkeep
|turn|16
|
|t:|1760435204
|switch|p2a: jj da jet|Garchomp, M|71/100
|move|p1a: Garganacl|Stealth Rock|p2a: jj da jet
|-sidestart|p2: pikachulover32|move: Stealth Rock
|
|upkeep
|turn|17
|
|t:|1760435213
|move|p2a: jj da jet|Stealth Rock|p1a: Garganacl
|-sidestart|p1: cithor|move: Stealth Rock
|move|p1a: Garganacl|Salt Cure|p2a: jj da jet
|-resisted|p2a: jj da jet
|-damage|p2a: jj da jet|67/100
|-start|p2a: jj da jet|Salt Cure
|
|-damage|p2a: jj da jet|55/100|[from] Salt Cure
|upkeep
|turn|18
|
|t:|1760435223
|switch|p1a: Great Tusk|Great Tusk|84/100
|move|p2a: jj da jet|Dragon Tail|p1a: Great Tusk
|-damage|p1a: Great Tusk|66/100
|-end|p1a: Great Tusk|Protosynthesis|[silent]
|drag|p1a: Iron Crown|Iron Crown|88/100 brn
|-damage|p1a: Iron Crown|76/100 brn|[from] Spikes
|-damage|p1a: Iron Crown|69/100 brn|[from] Stealth Rock
|
|-damage|p1a: Iron Crown|63/100 brn|[from] brn
|-damage|p2a: jj da jet|42/100|[from] Salt Cure
|upkeep
|turn|19
|
|t:|1760435237
|-end|p1a: Iron Crown|Quark Drive|[silent]
|switch|p1a: Zapdos|Zapdos|100/100
|switch|p2a: megatron|Iron Treads, shiny|100/100
|-damage|p2a: megatron|97/100|[from] Stealth Rock
|
|upkeep
|turn|20
|
|t:|1760435249
|switch|p1a: Great Tusk|Great Tusk|66/100
|move|p2a: megatron|Rapid Spin|p1a: Great Tusk
|-damage|p1a: Great Tusk|55/100
|-boost|p2a: megatron|spe|1
|-sideend|p2: pikachulover32|Stealth Rock|[from] move: Rapid Spin|[of] p2a: megatron
|
|upkeep
|turn|21
|
|t:|1760435258
|-terastallize|p2a: megatron|Ice
|move|p2a: megatron|Ice Spinner|p1a: Great Tusk
|-supereffective|p1a: Great Tusk
|-damage|p1a: Great Tusk|0 fnt
|faint|p1a: Great Tusk
|-end|p1a: Great Tusk|Protosynthesis|[silent]
|
|upkeep
|
|t:|1760435269
|switch|p1a: Garganacl|Garganacl, F, tera:Water|76/100
|-damage|p1a: Garganacl|64/100|[from] Spikes
|-damage|p1a: Garganacl|52/100|[from] Stealth Rock
|turn|22
|
|t:|1760435291
|move|p2a: megatron|Earthquake|p1a: Garganacl
|-damage|p1a: Garganacl|21/100
|move|p1a: Garganacl|Recover|p1a: Garganacl
|-heal|p1a: Garganacl|71/100
|
|upkeep
|turn|23
|
|t:|1760435298
|-end|p2a: megatron|Quark Drive|[silent]
|switch|p2a: mr.banana|Zapdos, shiny|88/100 brn
|move|p1a: Garganacl|Salt Cure|p2a: mr.banana
|-supereffective|p2a: mr.banana
|-damage|p2a: mr.banana|64/100 brn
|-start|p2a: mr.banana|Salt Cure
|
|-damage|p2a: mr.banana|58/100 brn|[from] brn
|-damage|p2a: mr.banana|45/100 brn|[from] Salt Cure
|upkeep
|turn|24
|
|t:|1760435306
|switch|p1a: Dragapult|Dragapult, F|100/100
|move|p2a: mr.banana|Roost|p2a: mr.banana
|-heal|p2a: mr.banana|96/100 brn
|-singleturn|p2a: mr.banana|move: Roost
|
|-damage|p2a: mr.banana|90/100 brn|[from] brn
|-damage|p2a: mr.banana|77/100 brn|[from] Salt Cure
|upkeep
|turn|25
|
|t:|1760435322
|switch|p1a: Zapdos|Zapdos|100/100
|switch|p2a: sheist guru|Slowking-Galar, M, shiny|91/100
|
|upkeep
|turn|26
|
|t:|1760435339
|move|p1a: Zapdos|Thunder Wave|p2a: sheist guru
|-status|p2a: sheist guru|par
|cant|p2a: sheist guru|par
|
|upkeep
|turn|27
|
|t:|1760435347
|move|p1a: Zapdos|Volt Switch|p2a: sheist guru
|-crit|p2a: sheist guru
|-damage|p2a: sheist guru|54/100 par
|
|t:|1760435349
|switch|p1a: Garganacl|Garganacl, F, tera:Water|71/100|[from] Volt Switch
|-damage|p1a: Garganacl|58/100|[from] Spikes
|-damage|p1a: Garganacl|46/100|[from] Stealth Rock
|move|p2a: sheist guru|Fire Blast|p1a: Garganacl
|-resisted|p1a: Garganacl
|-damage|p1a: Garganacl|32/100
|
|upkeep
|turn|28
|
|t:|1760435359
|move|p1a: Garganacl|Recover|p1a: Garganacl
|-heal|p1a: Garganacl|82/100
|cant|p2a: sheist guru|par
|
|upkeep
|turn|29
|
|t:|1760435363
|move|p1a: Garganacl|Stealth Rock|p2a: sheist guru
|-sidestart|p2: pikachulover32|move: Stealth Rock
|move|p2a: sheist guru|Sludge Bomb|p1a: Garganacl
|-damage|p1a: Garganacl|54/100
|
|upkeep
|turn|30
|
|t:|1760435368
|move|p1a: Garganacl|Salt Cure|p2a: sheist guru
|-crit|p2a: sheist guru
|-damage|p2a: sheist guru|31/100 par
|-start|p2a: sheist guru|Salt Cure
|cant|p2a: sheist guru|par
|
|-damage|p2a: sheist guru|19/100 par|[from] Salt Cure
|upkeep
|turn|31
|
|t:|1760435375
|switch|p2a: mr.banana|Zapdos, shiny|77/100 brn
|move|p1a: Garganacl|Recover|p1a: Garganacl
|-heal|p1a: Garganacl|100/100
|
|-damage|p2a: mr.banana|71/100 brn|[from] brn
|upkeep
|turn|32
|
|t:|1760435382
|move|p2a: mr.banana|Volt Switch|p1a: Garganacl
|-supereffective|p1a: Garganacl
|-damage|p1a: Garganacl|50/100
|
|t:|1760435388
|switch|p2a: dirty bong|Weezing-Galar, F|91/100|[from] Volt Switch
|-damage|p2a: dirty bong|78/100|[from] Stealth Rock
|move|p1a: Garganacl|Salt Cure|p2a: dirty bong
|-damage|p2a: dirty bong|68/100
|-start|p2a: dirty bong|Salt Cure
|
|-damage|p2a: dirty bong|56/100|[from] Salt Cure
|upkeep
|turn|33
|
|t:|1760435399
|move|p2a: dirty bong|Dazzling Gleam|p1a: Garganacl
|-crit|p1a: Garganacl
|-damage|p1a: Garganacl|25/100
|move|p1a: Garganacl|Recover|p1a: Garganacl
|-heal|p1a: Garganacl|75/100
|
|-damage|p2a: dirty bong|43/100|[from] Salt Cure
|upkeep
|turn|34
|
|t:|1760435406
|switch|p1a: Iron Crown|Iron Crown|63/100 brn
|-damage|p1a: Iron Crown|51/100 brn|[from] Spikes
|-damage|p1a: Iron Crown|44/100 brn|[from] Stealth Rock
|move|p2a: dirty bong|Pain Split|p1a: Iron Crown
|-sethp|p1a: Iron Crown|45/100 brn|[from] move: Pain Split|[silent]
|-sethp|p2a: dirty bong|43/100|[from] move: Pain Split
|
|-damage|p1a: Iron Crown|39/100 brn|[from] brn
|-damage|p2a: dirty bong|31/100|[from] Salt Cure
|upkeep
|turn|35
|
|t:|1760435433
|move|p1a: Iron Crown|Tachyon Cutter|p2a: dirty bong
|-supereffective|p2a: dirty bong
|-damage|p2a: dirty bong|0 fnt
|faint|p2a: dirty bong
|-hitcount|p2: dirty bong|1
|
|-damage|p1a: Iron Crown|32/100 brn|[from] brn
|upkeep
|inactive|pikachulover32 has 120 seconds left.
|
|t:|1760435462
|switch|p2a: samus|Samurott-Hisui, M, shiny|20/100
|-damage|p2a: samus|8/100|[from] Stealth Rock
|turn|36
|
|t:|1760435467
|move|p2a: samus|Sucker Punch|p1a: Iron Crown
|-supereffective|p1a: Iron Crown
|-damage|p1a: Iron Crown|0 fnt
|faint|p1a: Iron Crown
|-end|p1a: Iron Crown|Quark Drive|[silent]
|
|upkeep
|
|t:|1760435469
|switch|p1a: Zapdos|Zapdos|100/100
|turn|37
|
|t:|1760435477
|move|p2a: samus|Ceaseless Edge|p1a: Zapdos
|-damage|p1a: Zapdos|70/100
|-status|p2a: samus|par|[from] ability: Static|[of] p1a: Zapdos
|-sidestart|p1: cithor|Spikes
|move|p1a: Zapdos|Volt Switch|p2a: samus
|-supereffective|p2a: samus
|-damage|p2a: samus|0 fnt
|faint|p2a: samus
|
|t:|1760435481
|switch|p1a: Garganacl|Garganacl, F, tera:Water|75/100|[from] Volt Switch
|-damage|p1a: Garganacl|58/100|[from] Spikes
|-damage|p1a: Garganacl|46/100|[from] Stealth Rock
|
|upkeep
|
|t:|1760435489
|switch|p2a: mr.banana|Zapdos, shiny|71/100 brn
|turn|38
|
|t:|1760435497
|move|p1a: Garganacl|Protect|p1a: Garganacl
|-singleturn|p1a: Garganacl|Protect
|move|p2a: mr.banana|Volt Switch|p1a: Garganacl
|-activate|p1a: Garganacl|move: Protect
|
|-damage|p2a: mr.banana|65/100 brn|[from] brn
|upkeep
|turn|39
|
|t:|1760435507
|switch|p1a: Dragapult|Dragapult, F|100/100
|move|p2a: mr.banana|Volt Switch|p1a: Dragapult
|-resisted|p1a: Dragapult
|-damage|p1a: Dragapult|72/100
|
|t:|1760435528
|switch|p2a: megatron|Iron Treads, shiny, tera:Ice|97/100|[from] Volt Switch
|-damage|p2a: megatron|72/100|[from] Stealth Rock
|
|upkeep
|turn|40
|
|t:|1760435533
|move|p1a: Dragapult|Will-O-Wisp|p2a: megatron
|-status|p2a: megatron|brn
|move|p2a: megatron|Ice Spinner|p1a: Dragapult
|-supereffective|p1a: Dragapult
|-damage|p1a: Dragapult|23/100
|
|-damage|p2a: megatron|66/100 brn|[from] brn
|upkeep
|turn|41
|
|t:|1760435540
|move|p1a: Dragapult|Hex|p2a: megatron
|-damage|p2a: megatron|19/100 brn
|move|p2a: megatron|Ice Spinner|p1a: Dragapult
|-supereffective|p1a: Dragapult
|-damage|p1a: Dragapult|0 fnt
|faint|p1a: Dragapult
|
|-damage|p2a: megatron|12/100 brn|[from] brn
|upkeep
|
|t:|1760435544
|switch|p1a: Zapdos|Zapdos|70/100
|turn|42
|
|t:|1760435549
|move|p2a: megatron|Rapid Spin|p1a: Zapdos
|-damage|p1a: Zapdos|65/100
|-boost|p2a: megatron|spe|1
|-sideend|p2: pikachulover32|Stealth Rock|[from] move: Rapid Spin|[of] p2a: megatron
|move|p1a: Zapdos|Roost|p1a: Zapdos
|-heal|p1a: Zapdos|100/100
|-singleturn|p1a: Zapdos|move: Roost
|
|-damage|p2a: megatron|6/100 brn|[from] brn
|upkeep
|turn|43
|
|t:|1760435560
|move|p2a: megatron|Ice Spinner|p1a: Zapdos
|-supereffective|p1a: Zapdos
|-damage|p1a: Zapdos|74/100
|move|p1a: Zapdos|Roost|p1a: Zapdos
|-heal|p1a: Zapdos|100/100
|-singleturn|p1a: Zapdos|move: Roost
|
|-damage|p2a: megatron|0 fnt|[from] brn
|faint|p2a: megatron
|-end|p2a: megatron|Quark Drive|[silent]
|upkeep
|
|t:|1760435572
|switch|p2a: sheist guru|Slowking-Galar, M, shiny|52/100 par
|turn|44
|
|t:|1760435576
|move|p1a: Zapdos|Volt Switch|p2a: sheist guru
|-damage|p2a: sheist guru|31/100 par
|
|t:|1760435578
|switch|p1a: Garganacl|Garganacl, F, tera:Water|46/100|[from] Volt Switch
|-damage|p1a: Garganacl|29/100|[from] Spikes
|-damage|p1a: Garganacl|17/100|[from] Stealth Rock
|move|p2a: sheist guru|Sludge Bomb|p1a: Garganacl
|-damage|p1a: Garganacl|0 fnt
|faint|p1a: Garganacl
|
|upkeep
|
|t:|1760435579
|switch|p1a: Zapdos|Zapdos|100/100
|turn|45
|
|t:|1760435588
|switch|p2a: jj da jet|Garchomp, M|42/100
|move|p1a: Zapdos|Hurricane|p2a: jj da jet
|-damage|p2a: jj da jet|0 fnt
|faint|p2a: jj da jet
|
|upkeep
|
|t:|1760435596
|switch|p2a: sheist guru|Slowking-Galar, M, shiny|64/100 par
|turn|46
|
|t:|1760435598
|move|p1a: Zapdos|Hurricane|p2a: sheist guru|[miss]
|-miss|p1a: Zapdos|p2a: sheist guru
|move|p2a: sheist guru|Sludge Bomb|p1a: Zapdos
|-damage|p1a: Zapdos|54/100
|-status|p1a: Zapdos|psn
|
|-damage|p1a: Zapdos|42/100 psn|[from] psn
|upkeep
|turn|47
|
|t:|1760435606
|move|p1a: Zapdos|Hurricane|p2a: sheist guru
|-damage|p2a: sheist guru|25/100 par
|move|p2a: sheist guru|Sludge Bomb|p1a: Zapdos
|-damage|p1a: Zapdos|0 fnt
|faint|p1a: Zapdos
|
|win|pikachulover32
|raw|cithor's rating: 1552 &rarr; <strong>1533</strong><br />(-19 for losing)
|raw|pikachulover32's rating: 1572 &rarr; <strong>1591</strong><br />(+19 for winning)
|l|‽cithor
|player|p1|
|c|☆pikachulover32|gg
