|j|☆Joshiboy10
|j|☆dmoneytookyourgirl
|t:|1760345742
|gametype|singles
|player|p1|Joshiboy10|ethan|1106
|player|p2|dmoneytookyourgirl|harlequin|1121
|gen|9
|tier|[Gen 9] OU
|rated|
|rule|HP Percentage Mod: HP is shown in percentages
|rule|Endless Battle Clause: Forcing endless battles is banned
|rule|Species Clause: Limit one of each Pokémon
|rule|OHKO Clause: OHKO moves are banned
|rule|Evasion Items Clause: Evasion items are banned
|rule|Evasion Moves Clause: Evasion moves are banned
|rule|Evasion Abilities Clause: Evasion abilities are banned
|rule|Sleep Moves Clause: Sleep-inducing moves are banned
|clearpoke
|poke|p1|Greninja-*, M|
|poke|p1|Reuniclus, M|
|poke|p1|Ampharos, F|
|poke|p1|Talonflame, F|
|poke|p1|Noivern, F|
|poke|p1|Garchomp, F|
|poke|p2|Arcanine-Hisui, F|
|poke|p2|Corviknight, F|
|poke|p2|Garchomp, M|
|poke|p2|Alomomola, F|
|poke|p2|Ursaluna, M|
|poke|p2|Rotom-Wash|
|teampreview
|
|t:|1760345763
|teamsize|p1|6
|teamsize|p2|6
|start
|switch|p1a: Froaks|Greninja, M|100/100
|switch|p2a: Garchomp|Garchomp, M|100/100
|turn|1
|
|t:|1760345786
|switch|p2a: Rotom|Rotom-Wash|100/100
|move|p1a: Froaks|Ice Beam|p2a: Rotom
|-start|p1a: Froaks|typechange|Ice|[from] ability: Protean
|-resisted|p2a: Rotom
|-damage|p2a: Rotom|81/100
|
|-heal|p2a: Rotom|87/100|[from] item: Leftovers
|upkeep
|turn|2
|
|t:|1760345803
|switch|p1a: Atom-Bomb|Garchomp, F|100/100
|move|p2a: Rotom|Thunder Wave|p1a: Atom-Bomb
|-immune|p1a: Atom-Bomb
|
|-heal|p2a: Rotom|93/100|[from] item: Leftovers
|upkeep
|turn|3
|
|t:|1760345819
|move|p1a: Atom-Bomb|Dragon Claw|p2a: Rotom
|-damage|p2a: Rotom|49/100
|move|p2a: Rotom|Hydro Pump|p1a: Atom-Bomb
|-damage|p1a: Atom-Bomb|48/100
|
|-heal|p2a: Rotom|55/100|[from] item: Leftovers
|upkeep
|turn|4
|
|t:|1760345843
|switch|p2a: Garchomp|Garchomp, M|100/100
|move|p1a: Atom-Bomb|Stealth Rock|p2a: Garchomp
|-sidestart|p2: dmoneytookyourgirl|move: Stealth Rock
|
|upkeep
|turn|5
|
|t:|1760345857
|move|p1a: Atom-Bomb|Dragon Claw|p2a: Garchomp
|-supereffective|p2a: Garchomp
|-damage|p2a: Garchomp|50/100
|-damage|p1a: Atom-Bomb|36/100|[from] ability: Rough Skin|[of] p2a: Garchomp
|-damage|p1a: Atom-Bomb|20/100|[from] item: Rocky Helmet|[of] p2a: Garchomp
|move|p2a: Garchomp|Dragon Tail|p1a: Atom-Bomb
|-supereffective|p1a: Atom-Bomb
|-damage|p1a: Atom-Bomb|0 fnt
|-damage|p2a: Garchomp|37/100|[from] ability: Rough Skin|[of] p1a: Atom-Bomb
|-damage|p2a: Garchomp|21/100|[from] item: Rocky Helmet|[of] p1a: Atom-Bomb
|faint|p1a: Atom-Bomb
|
|upkeep
|
|t:|1760345869
|switch|p1a: Batman|Noivern, F|100/100
|turn|6
|
|t:|1760345879
|switch|p2a: Arcanine|Arcanine-Hisui, F|100/100
|move|p1a: Batman|Dragon Pulse|p2a: Arcanine
|-damage|p2a: Arcanine|39/100
|-damage|p1a: Batman|91/100|[from] item: Life Orb
|
|upkeep
|turn|7
|
|t:|1760345901
|move|p2a: Arcanine|Extreme Speed|p1a: Batman
|-damage|p1a: Batman|55/100
|move|p1a: Batman|Dragon Pulse|p2a: Arcanine
|-damage|p2a: Arcanine|0 fnt
|faint|p2a: Arcanine
|-damage|p1a: Batman|45/100|[from] item: Life Orb
|
|upkeep
|
|t:|1760345911
|switch|p2a: Ursaluna|Ursaluna, M|100/100
|-damage|p2a: Ursaluna|94/100|[from] Stealth Rock
|turn|8
|
|t:|1760345924
|move|p1a: Batman|Draco Meteor|p2a: Ursaluna
|-damage|p2a: Ursaluna|32/100
|-unboost|p1a: Batman|spa|2
|-damage|p1a: Batman|35/100|[from] item: Life Orb
|move|p2a: Ursaluna|Swords Dance|p2a: Ursaluna
|-boost|p2a: Ursaluna|atk|2
|
|-status|p2a: Ursaluna|brn|[from] item: Flame Orb
|upkeep
|turn|9
|
|t:|1760345941
|switch|p2a: Alomomola|Alomomola, F|100/100
|move|p1a: Batman|Draco Meteor|p2a: Alomomola
|-damage|p2a: Alomomola|61/100
|-unboost|p1a: Batman|spa|2
|-damage|p1a: Batman|25/100|[from] item: Life Orb
|
|upkeep
|turn|10
|
|t:|1760345965
|move|p1a: Batman|U-turn|p2a: Alomomola
|-damage|p2a: Alomomola|53/100
|-damage|p1a: Batman|15/100|[from] item: Life Orb
|
|t:|1760345976
|switch|p1a: Cleopatra|Ampharos, F|100/100|[from] U-turn
|move|p2a: Alomomola|Wish|p2a: Alomomola
|
|upkeep
|turn|11
|
|t:|1760345991
|switch|p2a: Ursaluna|Ursaluna, M|32/100 brn
|-damage|p2a: Ursaluna|26/100 brn|[from] Stealth Rock
|move|p1a: Cleopatra|Thunderbolt|p2a: Ursaluna
|-immune|p2a: Ursaluna
|
|-heal|p2a: Ursaluna|83/100 brn|[from] move: Wish|[wisher] Alomomola
|-damage|p2a: Ursaluna|77/100 brn|[from] brn
|upkeep
|turn|12
|
|t:|1760346017
|switch|p1a: Phoenix|Talonflame, F|100/100
|move|p2a: Ursaluna|Facade|p1a: Phoenix
|-damage|p1a: Phoenix|0 fnt
|faint|p1a: Phoenix
|
|-damage|p2a: Ursaluna|71/100 brn|[from] brn
|upkeep
|
|t:|1760346025
|switch|p1a: Froaks|Greninja, M|100/100
|turn|13
|
|t:|1760346045
|move|p1a: Froaks|Surf|p2a: Ursaluna
|-start|p1a: Froaks|typechange|Water|[from] ability: Protean
|-supereffective|p2a: Ursaluna
|-damage|p2a: Ursaluna|2/100 brn
|move|p2a: Ursaluna|Facade|p1a: Froaks
|-enditem|p1a: Froaks|Focus Sash
|-damage|p1a: Froaks|1/100
|
|-damage|p2a: Ursaluna|0 fnt|[from] brn
|faint|p2a: Ursaluna
|upkeep
|
|t:|1760346060
|switch|p2a: Corviknight|Corviknight, F|100/100
|-damage|p2a: Corviknight|88/100|[from] Stealth Rock
|turn|14
|
|t:|1760346073
|move|p1a: Froaks|Ice Beam|p2a: Corviknight
|-damage|p2a: Corviknight|64/100
|move|p2a: Corviknight|Body Press|p1a: Froaks
|-crit|p1a: Froaks
|-damage|p1a: Froaks|0 fnt
|faint|p1a: Froaks
|
|upkeep
|
|t:|1760346081
|switch|p1a: Batman|Noivern, F|15/100
|turn|15
|
|t:|1760346088
|move|p1a: Batman|Draco Meteor|p2a: Corviknight|[miss]
|-miss|p1a: Batman|p2a: Corviknight
|move|p2a: Corviknight|Body Press|p1a: Batman
|-resisted|p1a: Batman
|-damage|p1a: Batman|0 fnt
|faint|p1a: Batman
|
|upkeep
|
|t:|1760346095
|switch|p1a: Booger|Reuniclus, M|100/100
|turn|16
|
|t:|1760346104
|move|p2a: Corviknight|U-turn|p1a: Booger
|-supereffective|p1a: Booger
|-damage|p1a: Booger|70/100
|
|t:|1760346120
|switch|p2a: Alomomola|Alomomola, F|87/100|[from] U-turn
|move|p1a: Booger|Trick Room|p1a: Booger
|-fieldstart|move: Trick Room|[of] p1a: Booger
|
|upkeep
|turn|17
|
|t:|1760346148
|move|p1a: Booger|Psychic|p2a: Alomomola
|-damage|p2a: Alomomola|14/100
|-damage|p1a: Booger|60/100|[from] item: Life Orb
|move|p2a: Alomomola|Wish|p2a: Alomomola
|
|upkeep
|turn|18
|inactive|Battle timer is ON: inactive players will automatically lose when time's up. (requested by Joshiboy10)
|
|t:|1760346175
|switch|p2a: Rotom|Rotom-Wash|55/100
|-damage|p2a: Rotom|43/100|[from] Stealth Rock
|move|p1a: Booger|Psychic|p2a: Rotom
|-damage|p2a: Rotom|0 fnt
|faint|p2a: Rotom
|-damage|p1a: Booger|50/100|[from] item: Life Orb
|
|upkeep
|
|t:|1760346192
|switch|p2a: Alomomola|Alomomola, F|48/100
|turn|19
|
|t:|1760346197
|move|p1a: Booger|Psychic|p2a: Alomomola
|-damage|p2a: Alomomola|0 fnt
|faint|p2a: Alomomola
|-damage|p1a: Booger|40/100|[from] item: Life Orb
|
|upkeep
|
|t:|1760346213
|switch|p2a: Corviknight|Corviknight, F|64/100
|-damage|p2a: Corviknight|52/100|[from] Stealth Rock
|turn|20
|
|t:|1760346220
|move|p1a: Booger|Psychic|p2a: Corviknight
|-resisted|p2a: Corviknight
|-crit|p2a: Corviknight
|-damage|p2a: Corviknight|7/100
|-damage|p1a: Booger|30/100|[from] item: Life Orb
|move|p2a: Corviknight|Roost|p2a: Corviknight
|-heal|p2a: Corviknight|57/100
|-singleturn|p2a: Corviknight|move: Roost
|
|-fieldend|move: Trick Room
|upkeep
|turn|21
|
|t:|1760346236
|move|p2a: Corviknight|Roost|p2a: Corviknight
|-heal|p2a: Corviknight|100/100
|-singleturn|p2a: Corviknight|move: Roost
|move|p1a: Booger|Trick Room|p1a: Booger
|-fieldstart|move: Trick Room|[of] p1a: Booger
|
|upkeep
|turn|22
|
|t:|1760346251
|move|p1a: Booger|Shadow Ball|p2a: Corviknight
|-damage|p2a: Corviknight|61/100
|-damage|p1a: Booger|20/100|[from] item: Life Orb
|move|p2a: Corviknight|Defog|p1a: Booger
|-unboost|p1a: Booger|evasion|1
|-sideend|p2: dmoneytookyourgirl|Stealth Rock|[from] move: Defog|[of] p2a: Corviknight
|
|upkeep
|turn|23
|inactive|Joshiboy10 has 120 seconds left.
|inactive|dmoneytookyourgirl has 120 seconds left.
|
|t:|1760346293
|move|p1a: Booger|Shadow Ball|p2a: Corviknight
|-damage|p2a: Corviknight|27/100
|-damage|p1a: Booger|10/100|[from] item: Life Orb
|move|p2a: Corviknight|U-turn|p1a: Booger
|-supereffective|p1a: Booger
|-damage|p1a: Booger|0 fnt
|faint|p1a: Booger
|inactive|dmoneytookyourgirl has 120 seconds left.
|
|t:|1760346301
|switch|p2a: Garchomp|Garchomp, M|21/100|[from] U-turn
|
|upkeep
|
|t:|1760346304
|switch|p1a: Cleopatra|Ampharos, F|100/100
|turn|24
|
|t:|1760346319
|-terastallize|p1a: Cleopatra|Dragon
|-terastallize|p2a: Garchomp|Dragon
|move|p1a: Cleopatra|Dragon Pulse|p2a: Garchomp
|-supereffective|p2a: Garchomp
|-damage|p2a: Garchomp|0 fnt
|faint|p2a: Garchomp
|
|upkeep
|inactive|dmoneytookyourgirl has 120 seconds left.
|
|t:|1760346332
|switch|p2a: Corviknight|Corviknight, F|27/100
|turn|25
|
|t:|1760346342
|move|p1a: Cleopatra|Thunderbolt|p2a: Corviknight
|-supereffective|p2a: Corviknight
|-damage|p2a: Corviknight|0 fnt
|faint|p2a: Corviknight
|
|win|Joshiboy10
|raw|Joshiboy10's rating: 1106 &rarr; <strong>1132</strong><br />(+26 for winning)
|raw|dmoneytookyourgirl's rating: 1121 &rarr; <strong>1095</strong><br />(-26 for losing)
|c|☆Joshiboy10|gg
|l|☆Joshiboy10
|player|p1|
|l|☆dmoneytookyourgirl
|player|p2|
