|badge|p1|bronze|gen9ou|100-7
|uhtml|medal-msg|<div class="broadcast-blue">Curious what those medals under the avatar are? PS now has Ladder Seasons! For more information, check out the <a href="https://www.smogon.com/forums/threads/3740067/">thread on Smogon.</a></div>
|badge|p2|bronze|gen9ou|100-7
|uhtml|medal-msg|<div class="broadcast-blue">Curious what those medals under the avatar are? PS now has Ladder Seasons! For more information, check out the <a href="https://www.smogon.com/forums/threads/3740067/">thread on Smogon.</a></div>
|j|☆SpaceMedaFighterX
|j|☆Trainer #39
|t:|1760439998
|gametype|singles
|player|p1|SpaceMedaFighterX|tabitha-gen3|1812
|player|p2|Trainer #39|bugsy|1867
|gen|9
|tier|[Gen 9] OU
|rated|
|rule|HP Percentage Mod: HP is shown in percentages
|rule|Endless Battle Clause: Forcing endless battles is banned
|rule|Species Clause: Limit one of each Pokémon
|rule|OHKO Clause: OHKO moves are banned
|rule|Evasion Items Clause: Evasion items are banned
|rule|Evasion Moves Clause: Evasion moves are banned
|rule|Evasion Abilities Clause: Evasion abilities are banned
|rule|Sleep Moves Clause: Sleep-inducing moves are banned
|clearpoke
|poke|p1|Iron Moth|
|poke|p1|Dudunsparce-*, F|
|poke|p1|Lokix, M|
|poke|p1|Thundurus-Therian, M|
|poke|p1|Alomomola, F|
|poke|p1|Great Tusk|
|poke|p2|Blissey, F|
|poke|p2|Corviknight, M|
|poke|p2|Dondozo, M|
|poke|p2|Gliscor, M|
|poke|p2|Clefable, M|
|poke|p2|Slowking-Galar, M|
|teampreview
|
|t:|1760440011
|teamsize|p1|6
|teamsize|p2|6
|start
|switch|p1a: Lord Dudunsparce|Dudunsparce, F|100/100
|switch|p2a: 🇮🇱=stop genocide|Gliscor, M|100/100
|turn|1
|
|t:|1760440015
|move|p2a: 🇮🇱=stop genocide|Protect|p2a: 🇮🇱=stop genocide
|-singleturn|p2a: 🇮🇱=stop genocide|Protect
|move|p1a: Lord Dudunsparce|Glare|p2a: 🇮🇱=stop genocide
|-activate|p2a: 🇮🇱=stop genocide|move: Protect
|
|-status|p2a: 🇮🇱=stop genocide|tox|[from] item: Toxic Orb
|upkeep
|turn|2
|
|t:|1760440020
|move|p2a: 🇮🇱=stop genocide|Toxic|p1a: Lord Dudunsparce
|-status|p1a: Lord Dudunsparce|tox
|move|p1a: Lord Dudunsparce|Boomburst|p2a: 🇮🇱=stop genocide
|-damage|p2a: 🇮🇱=stop genocide|39/100 tox
|
|-heal|p2a: 🇮🇱=stop genocide|51/100 tox|[from] ability: Poison Heal
|-damage|p1a: Lord Dudunsparce|94/100 tox|[from] psn
|upkeep
|turn|3
|
|t:|1760440024
|move|p2a: 🇮🇱=stop genocide|Protect|p2a: 🇮🇱=stop genocide
|-singleturn|p2a: 🇮🇱=stop genocide|Protect
|move|p1a: Lord Dudunsparce|Stealth Rock|p2a: 🇮🇱=stop genocide
|-sidestart|p2: Trainer #39|move: Stealth Rock
|
|-heal|p2a: 🇮🇱=stop genocide|63/100 tox|[from] ability: Poison Heal
|-damage|p1a: Lord Dudunsparce|82/100 tox|[from] psn
|upkeep
|turn|4
|j| jackie_tsai
|
|t:|1760440026
|switch|p2a: brat|Blissey, F|100/100
|move|p1a: Lord Dudunsparce|Glare|p2a: brat
|-status|p2a: brat|par
|
|-damage|p1a: Lord Dudunsparce|64/100 tox|[from] psn
|upkeep
|turn|5
|
|t:|1760440029
|switch|p1a: Dunkix|Lokix, M|100/100
|cant|p2a: brat|par
|
|upkeep
|turn|6
|
|t:|1760440032
|-curestatus|p2a: brat|par|[from] ability: Natural Cure
|switch|p2a: 🇮🇱=stop genocide|Gliscor, M|63/100 tox
|-damage|p2a: 🇮🇱=stop genocide|51/100 tox|[from] Stealth Rock
|move|p1a: Dunkix|U-turn|p2a: 🇮🇱=stop genocide
|-resisted|p2a: 🇮🇱=stop genocide
|-damage|p2a: 🇮🇱=stop genocide|21/100 tox
|inactive|Battle timer is ON: inactive players will automatically lose when time's up. (requested by Trainer #39)
|
|t:|1760440051
|switch|p1a: Iron Sparce|Iron Moth, shiny|100/100|[from] U-turn
|
|-heal|p2a: 🇮🇱=stop genocide|33/100 tox|[from] ability: Poison Heal
|upkeep
|turn|7
|
|t:|1760440054
|move|p2a: 🇮🇱=stop genocide|Protect|p2a: 🇮🇱=stop genocide
|-singleturn|p2a: 🇮🇱=stop genocide|Protect
|move|p1a: Iron Sparce|Fiery Dance|p2a: 🇮🇱=stop genocide
|-activate|p2a: 🇮🇱=stop genocide|move: Protect
|
|-heal|p2a: 🇮🇱=stop genocide|45/100 tox|[from] ability: Poison Heal
|upkeep
|turn|8
|
|t:|1760440056
|switch|p2a: brat|Blissey, F|100/100
|move|p1a: Iron Sparce|U-turn|p2a: brat
|-damage|p2a: brat|90/100
|
|t:|1760440058
|-end|p1a: Iron Sparce|Quark Drive|[silent]
|switch|p1a: Dunkix|Lokix, M|100/100|[from] U-turn
|
|upkeep
|turn|9
|
|t:|1760440060
|switch|p2a: Charlie Kirk: idc|Corviknight, M|100/100
|-damage|p2a: Charlie Kirk: idc|88/100|[from] Stealth Rock
|-ability|p2a: Charlie Kirk: idc|Pressure
|move|p1a: Dunkix|U-turn|p2a: Charlie Kirk: idc
|-resisted|p2a: Charlie Kirk: idc
|-damage|p2a: Charlie Kirk: idc|72/100
|-damage|p1a: Dunkix|84/100|[from] item: Rocky Helmet|[of] p2a: Charlie Kirk: idc
|
|t:|1760440062
|switch|p1a: Iron Sparce|Iron Moth, shiny|100/100|[from] U-turn
|
|upkeep
|turn|10
|
|t:|1760440065
|switch|p2a: brat|Blissey, F|90/100
|move|p1a: Iron Sparce|U-turn|p2a: brat
|-damage|p2a: brat|78/100
|
|t:|1760440067
|-end|p1a: Iron Sparce|Quark Drive|[silent]
|switch|p1a: Dunkix|Lokix, M|84/100|[from] U-turn
|
|upkeep
|turn|11
|
|t:|1760440072
|switch|p2a: Charlie Kirk: idc|Corviknight, M|72/100
|-damage|p2a: Charlie Kirk: idc|60/100|[from] Stealth Rock
|-ability|p2a: Charlie Kirk: idc|Pressure
|move|p1a: Dunkix|Knock Off|p2a: Charlie Kirk: idc
|-damage|p2a: Charlie Kirk: idc|19/100
|-damage|p1a: Dunkix|67/100|[from] item: Rocky Helmet|[of] p2a: Charlie Kirk: idc
|-enditem|p2a: Charlie Kirk: idc|Rocky Helmet|[from] move: Knock Off|[of] p1a: Dunkix
|
|upkeep
|turn|12
|
|t:|1760440074
|move|p1a: Dunkix|Knock Off|p2a: Charlie Kirk: idc
|-damage|p2a: Charlie Kirk: idc|0 fnt
|faint|p2a: Charlie Kirk: idc
|
|upkeep
|
|t:|1760440076
|switch|p2a: 🇮🇱=stop genocide|Gliscor, M|45/100 tox
|-damage|p2a: 🇮🇱=stop genocide|33/100 tox|[from] Stealth Rock
|turn|13
|
|t:|1760440083
|move|p2a: 🇮🇱=stop genocide|Protect|p2a: 🇮🇱=stop genocide
|-singleturn|p2a: 🇮🇱=stop genocide|Protect
|move|p1a: Dunkix|Knock Off|p2a: 🇮🇱=stop genocide
|-activate|p2a: 🇮🇱=stop genocide|move: Protect
|
|-heal|p2a: 🇮🇱=stop genocide|45/100 tox|[from] ability: Poison Heal
|upkeep
|turn|14
|
|t:|1760440085
|switch|p2a: Charli xcx|Clefable, M|100/100
|move|p1a: Dunkix|Knock Off|p2a: Charli xcx
|-resisted|p2a: Charli xcx
|-crit|p2a: Charli xcx
|-damage|p2a: Charli xcx|0 fnt
|-enditem|p2a: Charli xcx|Heavy-Duty Boots|[from] move: Knock Off|[of] p1a: Dunkix
|faint|p2a: Charli xcx
|
|upkeep
|
|t:|1760440094
|switch|p2a: 🇮🇱=stop genocide|Gliscor, M|45/100 tox
|-damage|p2a: 🇮🇱=stop genocide|33/100 tox|[from] Stealth Rock
|turn|15
|
|t:|1760440102
|move|p2a: 🇮🇱=stop genocide|Protect|p2a: 🇮🇱=stop genocide
|-singleturn|p2a: 🇮🇱=stop genocide|Protect
|move|p1a: Dunkix|Knock Off|p2a: 🇮🇱=stop genocide
|-activate|p2a: 🇮🇱=stop genocide|move: Protect
|
|-heal|p2a: 🇮🇱=stop genocide|45/100 tox|[from] ability: Poison Heal
|upkeep
|turn|16
|
|t:|1760440103
|move|p1a: Dunkix|Knock Off|p2a: 🇮🇱=stop genocide
|-damage|p2a: 🇮🇱=stop genocide|2/100 tox
|-enditem|p2a: 🇮🇱=stop genocide|Toxic Orb|[from] move: Knock Off|[of] p1a: Dunkix
|move|p2a: 🇮🇱=stop genocide|Toxic|p1a: Dunkix
|-status|p1a: Dunkix|tox
|
|-damage|p1a: Dunkix|61/100 tox|[from] psn
|-heal|p2a: 🇮🇱=stop genocide|15/100 tox|[from] ability: Poison Heal
|upkeep
|turn|17
|
|t:|1760440106
|move|p2a: 🇮🇱=stop genocide|Protect|p2a: 🇮🇱=stop genocide
|-singleturn|p2a: 🇮🇱=stop genocide|Protect
|move|p1a: Dunkix|Knock Off|p2a: 🇮🇱=stop genocide
|-activate|p2a: 🇮🇱=stop genocide|move: Protect
|
|-damage|p1a: Dunkix|49/100 tox|[from] psn
|-heal|p2a: 🇮🇱=stop genocide|27/100 tox|[from] ability: Poison Heal
|upkeep
|turn|18
|
|t:|1760440109
|switch|p2a: 808 and curses|Dondozo, M|100/100
|-damage|p2a: 808 and curses|88/100|[from] Stealth Rock
|move|p1a: Dunkix|Knock Off|p2a: 808 and curses
|-damage|p2a: 808 and curses|56/100
|-enditem|p2a: 808 and curses|Leftovers|[from] move: Knock Off|[of] p1a: Dunkix
|
|-damage|p1a: Dunkix|31/100 tox|[from] psn
|upkeep
|turn|19
|
|t:|1760440131
|switch|p1a: Dununudsparce|Alomomola, F|100/100
|move|p2a: 808 and curses|Rest|p2a: 808 and curses
|-status|p2a: 808 and curses|slp|[from] move: Rest
|-heal|p2a: 808 and curses|100/100 slp|[silent]
|
|upkeep
|turn|20
|
|t:|1760440135
|move|p1a: Dununudsparce|Flip Turn|p2a: 808 and curses
|-resisted|p2a: 808 and curses
|-damage|p2a: 808 and curses|97/100 slp
|
|t:|1760440142
|switch|p1a: Dunsparce-Therian|Thundurus-Therian, M|100/100|[from] Flip Turn
|cant|p2a: 808 and curses|slp
|move|p2a: 808 and curses|Sleep Talk|p2a: 808 and curses
|move|p2a: 808 and curses|Rest||[from] move: Sleep Talk|[still]
|-fail|p2a: 808 and curses
|
|upkeep
|turn|21
|
|t:|1760440150
|switch|p2a: brat|Blissey, F|78/100
|move|p1a: Dunsparce-Therian|Volt Switch|p2a: brat
|-damage|p2a: brat|63/100
|
|t:|1760440153
|switch|p1a: Dunkix|Lokix, M|31/100 tox|[from] Volt Switch
|
|-damage|p1a: Dunkix|25/100 tox|[from] psn
|upkeep
|turn|22
|
|t:|1760440161
|switch|p2a: 🇮🇱=stop genocide|Gliscor, M|27/100 tox
|-damage|p2a: 🇮🇱=stop genocide|15/100 tox|[from] Stealth Rock
|move|p1a: Dunkix|Leech Life|p2a: 🇮🇱=stop genocide
|-resisted|p2a: 🇮🇱=stop genocide
|-damage|p2a: 🇮🇱=stop genocide|0 fnt
|-heal|p1a: Dunkix|34/100 tox|[from] drain|[of] p2a: 🇮🇱=stop genocide
|faint|p2a: 🇮🇱=stop genocide
|
|-damage|p1a: Dunkix|22/100 tox|[from] psn
|upkeep
|
|t:|1760440166
|switch|p2a: 808 and curses|Dondozo, M|97/100 slp
|-damage|p2a: 808 and curses|84/100 slp|[from] Stealth Rock
|turn|23
|
|t:|1760440170
|switch|p1a: Dunsparce-Therian|Thundurus-Therian, M|100/100
|cant|p2a: 808 and curses|slp
|move|p2a: 808 and curses|Sleep Talk|p2a: 808 and curses
|move|p2a: 808 and curses|Curse|p2a: 808 and curses|[from] move: Sleep Talk
|-unboost|p2a: 808 and curses|spe|1
|-boost|p2a: 808 and curses|atk|1
|-boost|p2a: 808 and curses|def|1
|
|upkeep
|turn|24
|
|t:|1760440173
|move|p1a: Dunsparce-Therian|Volt Switch|p2a: 808 and curses
|-supereffective|p2a: 808 and curses
|-damage|p2a: 808 and curses|0 fnt
|faint|p2a: 808 and curses
|-message|Trainer #39 forfeited.
|
|win|SpaceMedaFighterX
|raw|SpaceMedaFighterX's rating: 1812 &rarr; <strong>1835</strong><br />(+23 for winning)
|raw|Trainer #39's rating: 1867 &rarr; <strong>1844</strong><br />(-23 for losing)
|l|☆Trainer #39
|player|p2|
|c|☆SpaceMedaFighterX|lmfao
|j| Epicentre7
|l|☆SpaceMedaFighterX
|player|p1|
|l| Epicentre7
