|j|☆mandude476
|j|☆Rachel_GardnerXI
|t:|1760415293
|gametype|singles
|player|p1|mandude476|ghetsis|1307
|player|p2|Rachel_GardnerXI|lady-gen4|1240
|gen|9
|tier|[Gen 9] OU
|rated|
|rule|HP Percentage Mod: HP is shown in percentages
|rule|Endless Battle Clause: Forcing endless battles is banned
|rule|Species Clause: Limit one of each Pokémon
|rule|OHKO Clause: OHKO moves are banned
|rule|Evasion Items Clause: Evasion items are banned
|rule|Evasion Moves Clause: Evasion moves are banned
|rule|Evasion Abilities Clause: Evasion abilities are banned
|rule|Sleep Moves Clause: Sleep-inducing moves are banned
|clearpoke
|poke|p1|Ribombee, F|
|poke|p1|Gliscor, F|
|poke|p1|Gholdengo|
|poke|p1|Arcanine-Hisui, M|
|poke|p1|Samurott-Hisui, F|
|poke|p1|Slowking-Galar, M|
|poke|p2|Iron Crown|
|poke|p2|Corviknight, M|
|poke|p2|Cinderace, F|
|poke|p2|Ting-Lu|
|poke|p2|Porygon2|
|poke|p2|Ogerpon-Wellspring, F|
|teampreview
|
|t:|1760415300
|teamsize|p1|6
|teamsize|p2|6
|start
|switch|p1a: Samurott|Samurott-Hisui, F|100/100
|switch|p2a: Iron Crown|Iron Crown|100/100
|turn|1
|
|t:|1760415306
|-terastallize|p1a: Samurott|Dark
|move|p1a: Samurott|Ceaseless Edge|p2a: Iron Crown
|-supereffective|p2a: Iron Crown
|-damage|p2a: Iron Crown|0 fnt
|-sidestart|p2: Rachel_GardnerXI|Spikes
|faint|p2a: Iron Crown
|-end|p2a: Iron Crown|Quark Drive|[silent]
|
|upkeep
|
|t:|1760415318
|switch|p2a: Cinderace|Cinderace, F|100/100
|-damage|p2a: Cinderace|88/100|[from] Spikes
|turn|2
|
|t:|1760415321
|move|p1a: Samurott|Ceaseless Edge|p2a: Cinderace
|-damage|p2a: Cinderace|5/100
|-sidestart|p2: Rachel_GardnerXI|Spikes
|move|p2a: Cinderace|High Jump Kick|p1a: Samurott
|-start|p2a: Cinderace|typechange|Fighting|[from] ability: Libero
|-supereffective|p1a: Samurott
|-damage|p1a: Samurott|0 fnt
|faint|p1a: Samurott
|-damage|p2a: Cinderace|0 fnt|[from] item: Life Orb
|faint|p2a: Cinderace
|
|upkeep
|
|t:|1760415332
|switch|p2a: Corviknight|Corviknight, M|100/100
|switch|p1a: Ribombee|Ribombee, F|100/100
|turn|3
|
|t:|1760415337
|switch|p1a: Gholdengo|Gholdengo|100/100
|move|p2a: Corviknight|U-turn|p1a: Gholdengo
|-resisted|p1a: Gholdengo
|-damage|p1a: Gholdengo|96/100
|
|t:|1760415342
|switch|p2a: Ting-Lu|Ting-Lu|100/100|[from] U-turn
|-damage|p2a: Ting-Lu|84/100|[from] Spikes
|-ability|p2a: Ting-Lu|Vessel of Ruin
|
|upkeep
|turn|4
|
|t:|1760415345
|move|p1a: Gholdengo|Trick|p2a: Ting-Lu
|-activate|p1a: Gholdengo|move: Trick|[of] p2a: Ting-Lu
|-item|p2a: Ting-Lu|Choice Scarf|[from] move: Trick
|-item|p1a: Gholdengo|Assault Vest|[from] move: Trick
|move|p2a: Ting-Lu|Ruination|p1a: Gholdengo
|-damage|p1a: Gholdengo|48/100
|
|upkeep
|turn|5
|
|t:|1760415355
|switch|p1a: Ribombee|Ribombee, F|100/100
|move|p2a: Ting-Lu|Ruination|p1a: Ribombee
|-damage|p1a: Ribombee|51/100
|
|upkeep
|turn|6
|
|t:|1760415359
|-terastallize|p2a: Ting-Lu|Ghost
|move|p1a: Ribombee|Sticky Web|p2a: Ting-Lu
|-sidestart|p2: Rachel_GardnerXI|move: Sticky Web
|move|p2a: Ting-Lu|Ruination|p1a: Ribombee
|-damage|p1a: Ribombee|26/100
|
|upkeep
|turn|7
|
|t:|1760415365
|switch|p2a: Corviknight|Corviknight, M|100/100
|move|p1a: Ribombee|Stun Spore|p2a: Corviknight|[miss]
|-miss|p1a: Ribombee|p2a: Corviknight
|
|upkeep
|turn|8
|
|t:|1760415372
|switch|p1a: Gholdengo|Gholdengo|48/100
|move|p2a: Corviknight|U-turn|p1a: Gholdengo
|-resisted|p1a: Gholdengo
|-damage|p1a: Gholdengo|44/100
|
|t:|1760415377
|switch|p2a: Ting-Lu|Ting-Lu, tera:Ghost|84/100|[from] U-turn
|-damage|p2a: Ting-Lu|67/100|[from] Spikes
|-activate|p2a: Ting-Lu|move: Sticky Web
|-unboost|p2a: Ting-Lu|spe|1
|-ability|p2a: Ting-Lu|Vessel of Ruin
|
|upkeep
|turn|9
|
|t:|1760415382
|move|p1a: Gholdengo|Shadow Ball|p2a: Ting-Lu
|-supereffective|p2a: Ting-Lu
|-damage|p2a: Ting-Lu|17/100
|-unboost|p2a: Ting-Lu|spd|1
|move|p2a: Ting-Lu|Ruination|p1a: Gholdengo|[miss]
|-miss|p2a: Ting-Lu|p1a: Gholdengo
|
|upkeep
|turn|10
|
|t:|1760415388
|move|p1a: Gholdengo|Shadow Ball|p2a: Ting-Lu
|-supereffective|p2a: Ting-Lu
|-damage|p2a: Ting-Lu|0 fnt
|faint|p2a: Ting-Lu
|
|upkeep
|
|t:|1760415394
|switch|p2a: Porygon2|Porygon2|100/100
|-damage|p2a: Porygon2|84/100|[from] Spikes
|-activate|p2a: Porygon2|move: Sticky Web
|-unboost|p2a: Porygon2|spe|1
|-ability|p2a: Porygon2|Download|boost
|-boost|p2a: Porygon2|spa|1
|turn|11
|
|t:|1760415400
|move|p1a: Gholdengo|Thunderbolt|p2a: Porygon2
|-damage|p2a: Porygon2|69/100
|move|p2a: Porygon2|Thunderbolt|p1a: Gholdengo
|-damage|p1a: Gholdengo|19/100
|
|upkeep
|turn|12
|
|t:|1760415407
|move|p1a: Gholdengo|Thunderbolt|p2a: Porygon2
|-damage|p2a: Porygon2|53/100
|move|p2a: Porygon2|Tri Attack|p1a: Gholdengo
|-immune|p1a: Gholdengo
|
|upkeep
|turn|13
|
|t:|1760415410
|move|p1a: Gholdengo|Thunderbolt|p2a: Porygon2
|-damage|p2a: Porygon2|37/100
|move|p2a: Porygon2|Recover|p2a: Porygon2
|-heal|p2a: Porygon2|87/100
|
|upkeep
|turn|14
|
|t:|1760415414
|move|p1a: Gholdengo|Thunderbolt|p2a: Porygon2
|-damage|p2a: Porygon2|73/100
|move|p2a: Porygon2|Thunderbolt|p1a: Gholdengo
|-damage|p1a: Gholdengo|0 fnt
|faint|p1a: Gholdengo
|
|upkeep
|
|t:|1760415418
|switch|p1a: Arcanine|Arcanine-Hisui, M|100/100
|turn|15
|
|t:|1760415423
|move|p1a: Arcanine|Head Smash|p2a: Porygon2
|-damage|p2a: Porygon2|0 fnt
|faint|p2a: Porygon2
|
|upkeep
|
|t:|1760415427
|switch|p2a: Corviknight|Corviknight, M|100/100
|turn|16
|
|t:|1760415431
|move|p1a: Arcanine|Head Smash|p2a: Corviknight
|-damage|p2a: Corviknight|29/100
|move|p2a: Corviknight|Defog|p1a: Arcanine
|-unboost|p1a: Arcanine|evasion|1
|-sideend|p2: Rachel_GardnerXI|Spikes|[from] move: Defog|[of] p2a: Corviknight
|-sideend|p2: Rachel_GardnerXI|Sticky Web|[from] move: Defog|[of] p2a: Corviknight
|
|upkeep
|turn|17
|
|t:|1760415437
|move|p1a: Arcanine|Head Smash|p2a: Corviknight
|-damage|p2a: Corviknight|0 fnt
|faint|p2a: Corviknight
|
|upkeep
|
|t:|1760415439
|switch|p2a: Ogerpon|Ogerpon-Wellspring, F|100/100
|turn|18
|
|t:|1760415450
|switch|p1a: Ribombee|Ribombee, F|26/100
|move|p2a: Ogerpon|Swords Dance|p2a: Ogerpon
|-boost|p2a: Ogerpon|atk|2
|
|upkeep
|turn|19
|
|t:|1760415455
|move|p1a: Ribombee|Moonblast|p2a: Ogerpon
|-damage|p2a: Ogerpon|67/100
|move|p2a: Ogerpon|Ivy Cudgel|p1a: Ribombee|[anim] Ivy Cudgel Water
|-damage|p1a: Ribombee|0 fnt
|faint|p1a: Ribombee
|
|upkeep
|
|t:|1760415460
|switch|p1a: Slowking|Slowking-Galar, M|100/100
|turn|20
|
|t:|1760415465
|move|p2a: Ogerpon|Knock Off|p1a: Slowking
|-supereffective|p1a: Slowking
|-damage|p1a: Slowking|0 fnt
|-enditem|p1a: Slowking|Heavy-Duty Boots|[from] move: Knock Off|[of] p2a: Ogerpon
|faint|p1a: Slowking
|
|upkeep
|
|t:|1760415467
|switch|p1a: Gliscor|Gliscor, F|100/100
|turn|21
|
|t:|1760415471
|move|p1a: Gliscor|Protect|p1a: Gliscor
|-singleturn|p1a: Gliscor|Protect
|move|p2a: Ogerpon|Ivy Cudgel|p1a: Gliscor|[anim] Ivy Cudgel Water
|-activate|p1a: Gliscor|move: Protect
|
|-status|p1a: Gliscor|tox|[from] item: Toxic Orb
|upkeep
|turn|22
|
|t:|1760415473
|move|p2a: Ogerpon|Ivy Cudgel|p1a: Gliscor|[anim] Ivy Cudgel Water
|-supereffective|p1a: Gliscor
|-damage|p1a: Gliscor|0 fnt
|faint|p1a: Gliscor
|
|upkeep
|
|t:|1760415476
|switch|p1a: Arcanine|Arcanine-Hisui, M|100/100
|turn|23
|
|t:|1760415479
|move|p1a: Arcanine|Extreme Speed|p2a: Ogerpon
|-damage|p2a: Ogerpon|16/100
|move|p2a: Ogerpon|Ivy Cudgel|p1a: Arcanine|[anim] Ivy Cudgel Water
|-supereffective|p1a: Arcanine
|-damage|p1a: Arcanine|0 fnt
|faint|p1a: Arcanine
|
|win|Rachel_GardnerXI
|raw|mandude476's rating: 1307 &rarr; <strong>1283</strong><br />(-24 for losing)
|raw|Rachel_GardnerXI's rating: 1240 &rarr; <strong>1270</strong><br />(+30 for winning)
|l|☆mandude476
|player|p1|
|l|☆Rachel_GardnerXI
|player|p2|
