|j|☆nightbq
|j|☆woshishazi
|t:|1760358584
|gametype|singles
|player|p1|nightbq|hilbert-wonderlauncher|1356
|player|p2|woshishazi|265|1339
|gen|9
|tier|[Gen 9] OU
|rated|
|rule|HP Percentage Mod: HP is shown in percentages
|rule|Endless Battle Clause: Forcing endless battles is banned
|rule|Species Clause: Limit one of each Pokémon
|rule|OHKO Clause: OHKO moves are banned
|rule|Evasion Items Clause: Evasion items are banned
|rule|Evasion Moves Clause: Evasion moves are banned
|rule|Evasion Abilities Clause: Evasion abilities are banned
|rule|Sleep Moves Clause: Sleep-inducing moves are banned
|clearpoke
|poke|p1|Gliscor, M|
|poke|p1|Heatran, M|
|poke|p1|Ogerpon-Wellspring, F|
|poke|p1|Dragonite, F|
|poke|p1|Deoxys-Speed|
|poke|p1|Corviknight, F|
|poke|p2|Tyranitar, F|
|poke|p2|Excadrill, F|
|poke|p2|Glimmora, F|
|poke|p2|Ogerpon-Wellspring, F|
|poke|p2|Hoopa-Unbound|
|poke|p2|Skeledirge, F|
|teampreview
|inactive|Battle timer is ON: inactive players will automatically lose when time's up. (requested by nightbq)
|
|t:|1760358596
|teamsize|p1|6
|teamsize|p2|6
|start
|switch|p1a: Deoxys|Deoxys-Speed|100/100
|switch|p2a: Tyranitar|Tyranitar, F|100/100
|-ability|p1a: Deoxys|Pressure
|-weather|Sandstorm|[from] ability: Sand Stream|[of] p2a: Tyranitar
|turn|1
|inactive|woshishazi has 120 seconds left.
|
|t:|1760358628
|switch|p1a: Corviknight|Corviknight, F|100/100
|move|p2a: Tyranitar|Dark Pulse|p1a: Corviknight
|-damage|p1a: Corviknight|69/100
|
|-weather|Sandstorm|[upkeep]
|-heal|p1a: Corviknight|75/100|[from] item: Leftovers
|upkeep
|turn|2
|inactive|woshishazi has 120 seconds left.
|
|t:|1760358643
|switch|p2a: Skeledirge|Skeledirge, F|100/100
|move|p1a: Corviknight|Roost|p1a: Corviknight
|-heal|p1a: Corviknight|100/100
|-singleturn|p1a: Corviknight|move: Roost
|
|-weather|Sandstorm|[upkeep]
|-damage|p2a: Skeledirge|94/100|[from] Sandstorm
|-heal|p2a: Skeledirge|100/100|[from] item: Leftovers
|upkeep
|turn|3
|
|t:|1760358652
|switch|p1a: Gliscor|Gliscor, M|100/100
|move|p2a: Skeledirge|Will-O-Wisp|p1a: Gliscor
|-status|p1a: Gliscor|brn
|
|-weather|Sandstorm|[upkeep]
|-damage|p2a: Skeledirge|94/100|[from] Sandstorm
|-heal|p2a: Skeledirge|100/100|[from] item: Leftovers
|-damage|p1a: Gliscor|94/100 brn|[from] brn
|upkeep
|turn|4
|inactive|woshishazi has 120 seconds left.
|
|t:|1760358677
|switch|p2a: Ogerpon|Ogerpon-Wellspring, F|100/100
|move|p1a: Gliscor|Toxic|p2a: Ogerpon
|-status|p2a: Ogerpon|tox
|
|-weather|Sandstorm|[upkeep]
|-damage|p2a: Ogerpon|95/100 tox|[from] Sandstorm
|-damage|p2a: Ogerpon|89/100 tox|[from] psn
|-damage|p1a: Gliscor|88/100 brn|[from] brn
|upkeep
|turn|5
|
|t:|1760358695
|move|p2a: Ogerpon|Knock Off|p1a: Gliscor
|-damage|p1a: Gliscor|58/100 brn
|-enditem|p1a: Gliscor|Toxic Orb|[from] move: Knock Off|[of] p2a: Ogerpon
|move|p1a: Gliscor|U-turn|p2a: Ogerpon
|-supereffective|p2a: Ogerpon
|-damage|p2a: Ogerpon|61/100 tox
|
|t:|1760358700
|switch|p1a: Corviknight|Corviknight, F|100/100|[from] U-turn
|
|-weather|none
|-damage|p2a: Ogerpon|49/100 tox|[from] psn
|upkeep
|turn|6
|
|t:|1760358708
|switch|p1a: Gliscor|Gliscor, M|58/100 brn
|move|p2a: Ogerpon|U-turn|p1a: Gliscor
|-resisted|p1a: Gliscor
|-damage|p1a: Gliscor|48/100 brn
|
|t:|1760358721
|switch|p2a: Hoopa|Hoopa-Unbound|100/100|[from] U-turn
|
|-damage|p1a: Gliscor|42/100 brn|[from] brn
|upkeep
|turn|7
|
|t:|1760358727
|move|p2a: Hoopa|Hyperspace Fury|p1a: Gliscor
|-damage|p1a: Gliscor|0 fnt
|-unboost|p2a: Hoopa|def|1
|faint|p1a: Gliscor
|-damage|p2a: Hoopa|91/100|[from] item: Life Orb
|
|upkeep
|
|t:|1760358741
|switch|p1a: Deoxys|Deoxys-Speed|100/100
|-ability|p1a: Deoxys|Pressure
|turn|8
|inactive|woshishazi has 120 seconds left.
|
|t:|1760358752
|-terastallize|p2a: Hoopa|Fighting
|move|p1a: Deoxys|Knock Off|p2a: Hoopa
|-resisted|p2a: Hoopa
|-damage|p2a: Hoopa|66/100
|-enditem|p2a: Hoopa|Life Orb|[from] move: Knock Off|[of] p1a: Deoxys
|move|p2a: Hoopa|Hyperspace Fury|p1a: Deoxys
|-supereffective|p1a: Deoxys
|-enditem|p1a: Deoxys|Focus Sash
|-damage|p1a: Deoxys|1/100
|-unboost|p2a: Hoopa|def|1
|
|upkeep
|turn|9
|inactive|woshishazi has 120 seconds left.
|
|t:|1760358773
|switch|p2a: Tyranitar|Tyranitar, F|100/100
|-weather|Sandstorm|[from] ability: Sand Stream|[of] p2a: Tyranitar
|move|p1a: Deoxys|Stealth Rock|p2a: Tyranitar
|-sidestart|p2: woshishazi|move: Stealth Rock
|
|-weather|Sandstorm|[upkeep]
|-damage|p1a: Deoxys|0 fnt|[from] Sandstorm
|faint|p1a: Deoxys
|upkeep
|
|t:|1760358784
|switch|p1a: Ogerpon|Ogerpon-Wellspring, F|100/100
|turn|10
|inactive|woshishazi has 120 seconds left.
|
|t:|1760358795
|switch|p2a: Ogerpon|Ogerpon-Wellspring, F|49/100 tox
|-damage|p2a: Ogerpon|37/100 tox|[from] Stealth Rock
|move|p1a: Ogerpon|Substitute|p1a: Ogerpon
|-start|p1a: Ogerpon|Substitute
|-damage|p1a: Ogerpon|76/100
|
|-weather|Sandstorm|[upkeep]
|-damage|p2a: Ogerpon|31/100 tox|[from] Sandstorm
|-damage|p1a: Ogerpon|70/100|[from] Sandstorm
|-damage|p2a: Ogerpon|25/100 tox|[from] psn
|upkeep
|turn|11
|inactive|woshishazi has 120 seconds left.
|
|t:|1760358803
|move|p1a: Ogerpon|Horn Leech|p2a: Ogerpon
|-damage|p2a: Ogerpon|0 fnt
|-heal|p1a: Ogerpon|82/100|[from] drain|[of] p2a: Ogerpon
|faint|p2a: Ogerpon
|
|-weather|Sandstorm|[upkeep]
|-damage|p1a: Ogerpon|76/100|[from] Sandstorm
|upkeep
|inactive|woshishazi has 120 seconds left.
|
|t:|1760358820
|switch|p2a: Hoopa|Hoopa-Unbound, tera:Fighting|66/100
|-damage|p2a: Hoopa|60/100|[from] Stealth Rock
|turn|12
|
|t:|1760358824
|move|p1a: Ogerpon|Swords Dance|p1a: Ogerpon
|-boost|p1a: Ogerpon|atk|2
|move|p2a: Hoopa|Hyperspace Fury|p1a: Ogerpon
|-damage|p1a: Ogerpon|0 fnt
|-unboost|p2a: Hoopa|def|1
|faint|p1a: Ogerpon
|
|-weather|Sandstorm|[upkeep]
|-damage|p2a: Hoopa|54/100|[from] Sandstorm
|upkeep
|
|t:|1760358835
|switch|p1a: Heatran|Heatran, M|100/100
|turn|13
|
|t:|1760358839
|move|p2a: Hoopa|Drain Punch|p1a: Heatran
|-supereffective|p1a: Heatran
|-damage|p1a: Heatran|17/100
|-heal|p2a: Hoopa|100/100|[from] drain|[of] p1a: Heatran
|-item|p2a: Hoopa|Leftovers|[from] ability: Magician|[of] p1a: Heatran
|move|p1a: Heatran|Magma Storm|p2a: Hoopa
|-damage|p2a: Hoopa|54/100
|-activate|p2a: Hoopa|move: Magma Storm|[of] p1a: Heatran
|
|-weather|none
|-heal|p2a: Hoopa|60/100|[from] item: Leftovers
|-damage|p2a: Hoopa|47/100|[from] move: Magma Storm|[partiallytrapped]
|upkeep
|turn|14
|
|t:|1760358851
|move|p1a: Heatran|Protect|p1a: Heatran
|-singleturn|p1a: Heatran|Protect
|move|p2a: Hoopa|Hyperspace Fury|p1a: Heatran
|-activate|p1a: Heatran|move: Hyperspace Fury|[broken]
|-damage|p1a: Heatran|0 fnt
|-unboost|p2a: Hoopa|def|1
|faint|p1a: Heatran
|
|-heal|p2a: Hoopa|53/100|[from] item: Leftovers
|-end|p2a: Hoopa|Magma Storm|[partiallytrapped]|[silent]
|upkeep
|
|t:|1760358855
|switch|p1a: Dragonite|Dragonite, F|100/100
|turn|15
|
|t:|1760358864
|switch|p2a: Skeledirge|Skeledirge, F|100/100
|-damage|p2a: Skeledirge|75/100|[from] Stealth Rock
|move|p1a: Dragonite|Extreme Speed|p2a: Skeledirge
|-immune|p2a: Skeledirge
|
|-heal|p2a: Skeledirge|82/100|[from] item: Leftovers
|upkeep
|turn|16
|-message|nightbq forfeited.
|
|win|woshishazi
|raw|nightbq's rating: 1356 &rarr; <strong>1335</strong><br />(-21 for losing)
|raw|woshishazi's rating: 1339 &rarr; <strong>1360</strong><br />(+21 for winning)
|l|☆nightbq
|player|p1|
