|j|☆Chococroc
|j|☆henry151th
|t:|1760315982
|gametype|singles
|player|p1|Chococroc|pokemaniac|1729
|player|p2|henry151th|wallace|1732
|gen|9
|tier|[Gen 9] OU
|rated|
|rule|HP Percentage Mod: HP is shown in percentages
|rule|Endless Battle Clause: Forcing endless battles is banned
|rule|Species Clause: Limit one of each Pokémon
|rule|OHKO Clause: OHKO moves are banned
|rule|Evasion Items Clause: Evasion items are banned
|rule|Evasion Moves Clause: Evasion moves are banned
|rule|Evasion Abilities Clause: Evasion abilities are banned
|rule|Sleep Moves Clause: Sleep-inducing moves are banned
|clearpoke
|poke|p1|Meowscarada, F|
|poke|p1|Moltres|
|poke|p1|Slowking-Galar, F|
|poke|p1|Garchomp, F|
|poke|p1|Iron Valiant|
|poke|p1|Iron Treads|
|poke|p2|Tyranitar, M|
|poke|p2|Excadrill, M|
|poke|p2|Garganacl, M|
|poke|p2|Tornadus-Therian, M|
|poke|p2|Keldeo-Resolute|
|poke|p2|Pecharunt|
|teampreview
|
|t:|1760316013
|teamsize|p1|6
|teamsize|p2|6
|start
|switch|p1a: Meowscarada|Meowscarada, F|100/100
|switch|p2a: Pecharunt|Pecharunt|100/100
|turn|1
|
|t:|1760316018
|move|p1a: Meowscarada|Knock Off|p2a: Pecharunt
|-start|p1a: Meowscarada|typechange|Dark|[from] ability: Protean
|-supereffective|p2a: Pecharunt
|-damage|p2a: Pecharunt|56/100
|-enditem|p2a: Pecharunt|Heavy-Duty Boots|[from] move: Knock Off|[of] p1a: Meowscarada
|move|p2a: Pecharunt|Malignant Chain|p1a: Meowscarada
|-damage|p1a: Meowscarada|52/100
|
|upkeep
|turn|2
|
|t:|1760316023
|move|p1a: Meowscarada|U-turn|p2a: Pecharunt
|-resisted|p2a: Pecharunt
|-damage|p2a: Pecharunt|54/100
|
|t:|1760316025
|switch|p1a: Iron Treads|Iron Treads|100/100|[from] U-turn
|move|p2a: Pecharunt|Recover|p2a: Pecharunt
|-heal|p2a: Pecharunt|100/100
|
|upkeep
|turn|3
|
|t:|1760316031
|move|p1a: Iron Treads|Stealth Rock|p2a: Pecharunt
|-sidestart|p2: henry151th|move: Stealth Rock
|move|p2a: Pecharunt|Parting Shot|p1a: Iron Treads
|-unboost|p1a: Iron Treads|atk|1
|-unboost|p1a: Iron Treads|spa|1
|
|t:|1760316033
|switch|p2a: Keldeo|Keldeo-Resolute|100/100|[from] Parting Shot
|-damage|p2a: Keldeo|94/100|[from] Stealth Rock
|
|upkeep
|turn|4
|
|t:|1760316037
|-end|p1a: Iron Treads|Quark Drive|[silent]
|switch|p1a: Slowking|Slowking-Galar, F|100/100
|-terastallize|p2a: Keldeo|Water
|move|p2a: Keldeo|Surf|p1a: Slowking
|-damage|p1a: Slowking|50/100
|
|upkeep
|turn|5
|
|t:|1760316046
|-terastallize|p1a: Slowking|Water
|move|p2a: Keldeo|Surf|p1a: Slowking
|-resisted|p1a: Slowking
|-damage|p1a: Slowking|21/100
|move|p1a: Slowking|Thunder Wave|p2a: Keldeo
|-status|p2a: Keldeo|par
|
|upkeep
|turn|6
|
|t:|1760316059
|switch|p1a: Meowscarada|Meowscarada, F|52/100
|move|p2a: Keldeo|Surf|p1a: Meowscarada
|-resisted|p1a: Meowscarada
|-damage|p1a: Meowscarada|0 fnt
|faint|p1a: Meowscarada
|
|upkeep
|
|t:|1760316073
|switch|p1a: Garchomp|Garchomp, F|100/100
|turn|7
|
|t:|1760316075
|move|p1a: Garchomp|Swords Dance|p1a: Garchomp
|-boost|p1a: Garchomp|atk|2
|move|p2a: Keldeo|Surf|p1a: Garchomp
|-damage|p1a: Garchomp|7/100
|
|upkeep
|turn|8
|inactive|Battle timer is ON: inactive players will automatically lose when time's up. (requested by Chococroc)
|
|t:|1760316086
|switch|p2a: Tyranitar|Tyranitar, M|100/100
|-damage|p2a: Tyranitar|88/100|[from] Stealth Rock
|-weather|Sandstorm|[from] ability: Sand Stream|[of] p2a: Tyranitar
|move|p1a: Garchomp|Scale Shot|p2a: Tyranitar
|-damage|p2a: Tyranitar|69/100
|-damage|p2a: Tyranitar|50/100
|-damage|p2a: Tyranitar|28/100
|-damage|p2a: Tyranitar|7/100
|-damage|p2a: Tyranitar|0 fnt
|faint|p2a: Tyranitar
|-hitcount|p2: Tyranitar|5
|-unboost|p1a: Garchomp|def|1
|-boost|p1a: Garchomp|spe|1
|
|-weather|Sandstorm|[upkeep]
|upkeep
|
|t:|1760316087
|switch|p2a: Excadrill|Excadrill, M|100/100
|-damage|p2a: Excadrill|97/100|[from] Stealth Rock
|turn|9
|
|t:|1760316089
|move|p2a: Excadrill|Rapid Spin|p1a: Garchomp
|-damage|p1a: Garchomp|0 fnt
|-boost|p2a: Excadrill|spe|1
|-damage|p2a: Excadrill|85/100|[from] ability: Rough Skin|[of] p1a: Garchomp
|-sideend|p2: henry151th|Stealth Rock|[from] move: Rapid Spin|[of] p2a: Excadrill
|faint|p1a: Garchomp
|-damage|p2a: Excadrill|75/100|[from] item: Life Orb
|
|-weather|Sandstorm|[upkeep]
|upkeep
|
|t:|1760316098
|switch|p1a: Moltres|Moltres|100/100
|turn|10
|
|t:|1760316100
|move|p2a: Excadrill|Rock Slide|p1a: Moltres|[miss]
|-miss|p2a: Excadrill|p1a: Moltres
|move|p1a: Moltres|Flamethrower|p2a: Excadrill
|-supereffective|p2a: Excadrill
|-damage|p2a: Excadrill|0 fnt
|faint|p2a: Excadrill
|
|-weather|Sandstorm|[upkeep]
|-damage|p1a: Moltres|94/100|[from] Sandstorm
|upkeep
|
|t:|1760316106
|switch|p2a: Keldeo|Keldeo-Resolute, tera:Water|94/100 par
|turn|11
|
|t:|1760316110
|move|p1a: Moltres|U-turn|p2a: Keldeo
|-damage|p2a: Keldeo|78/100 par
|
|t:|1760316112
|switch|p1a: Slowking|Slowking-Galar, F, tera:Water|54/100|[from] U-turn
|move|p2a: Keldeo|Secret Sword|p1a: Slowking
|-damage|p1a: Slowking|0 fnt
|faint|p1a: Slowking
|
|-weather|Sandstorm|[upkeep]
|-damage|p2a: Keldeo|71/100 par|[from] Sandstorm
|upkeep
|j| St.Peewee
|
|t:|1760316119
|switch|p1a: Iron Valiant|Iron Valiant|100/100
|-enditem|p1a: Iron Valiant|Booster Energy
|-activate|p1a: Iron Valiant|ability: Quark Drive|[fromitem]
|-start|p1a: Iron Valiant|quarkdrivespe
|turn|12
|
|t:|1760316128
|switch|p2a: Pecharunt|Pecharunt|100/100
|move|p1a: Iron Valiant|Moonblast|p2a: Pecharunt
|-resisted|p2a: Pecharunt
|-damage|p2a: Pecharunt|81/100
|
|-weather|Sandstorm|[upkeep]
|-damage|p1a: Iron Valiant|94/100|[from] Sandstorm
|-damage|p2a: Pecharunt|75/100|[from] Sandstorm
|upkeep
|turn|13
|
|t:|1760316134
|-end|p1a: Iron Valiant|Quark Drive|[silent]
|switch|p1a: Iron Treads|Iron Treads|100/100
|move|p2a: Pecharunt|Parting Shot|p1a: Iron Treads
|-unboost|p1a: Iron Treads|atk|1
|-unboost|p1a: Iron Treads|spa|1
|
|t:|1760316137
|switch|p2a: Keldeo|Keldeo-Resolute, tera:Water|71/100 par|[from] Parting Shot
|
|-weather|Sandstorm|[upkeep]
|-damage|p2a: Keldeo|65/100 par|[from] Sandstorm
|upkeep
|turn|14
|
|t:|1760316142
|switch|p2a: Tornadus|Tornadus-Therian, M|100/100
|move|p1a: Iron Treads|Stealth Rock|p2a: Tornadus
|-sidestart|p2: henry151th|move: Stealth Rock
|
|-weather|Sandstorm|[upkeep]
|-damage|p2a: Tornadus|94/100|[from] Sandstorm
|upkeep
|turn|15
|
|t:|1760316145
|move|p2a: Tornadus|Bleakwind Storm|p1a: Iron Treads
|-resisted|p1a: Iron Treads
|-damage|p1a: Iron Treads|70/100
|move|p1a: Iron Treads|Knock Off|p2a: Tornadus
|-damage|p2a: Tornadus|66/100
|-enditem|p2a: Tornadus|Heavy-Duty Boots|[from] move: Knock Off|[of] p1a: Iron Treads
|
|-weather|none
|-heal|p1a: Iron Treads|76/100|[from] item: Leftovers
|upkeep
|turn|16
|
|t:|1760316150
|-end|p1a: Iron Treads|Quark Drive|[silent]
|switch|p1a: Moltres|Moltres|94/100
|move|p2a: Tornadus|U-turn|p1a: Moltres
|-resisted|p1a: Moltres
|-damage|p1a: Moltres|92/100
|
|t:|1760316152
|switch|p2a: Keldeo|Keldeo-Resolute, tera:Water|65/100 par|[from] U-turn
|-damage|p2a: Keldeo|53/100 par|[from] Stealth Rock
|
|upkeep
|turn|17
|
|t:|1760316155
|move|p1a: Moltres|U-turn|p2a: Keldeo
|-damage|p2a: Keldeo|35/100 par
|
|t:|1760316158
|switch|p1a: Iron Treads|Iron Treads|76/100|[from] U-turn
|move|p2a: Keldeo|Surf|p1a: Iron Treads
|-supereffective|p1a: Iron Treads
|-crit|p1a: Iron Treads
|-damage|p1a: Iron Treads|0 fnt
|faint|p1a: Iron Treads
|-end|p1a: Iron Treads|Quark Drive|[silent]
|
|upkeep
|
|t:|1760316160
|switch|p1a: Iron Valiant|Iron Valiant|94/100
|turn|18
|l| St.Peewee
|
|t:|1760316173
|switch|p2a: Pecharunt|Pecharunt|75/100
|-damage|p2a: Pecharunt|62/100|[from] Stealth Rock
|move|p1a: Iron Valiant|Knock Off|p2a: Pecharunt
|-supereffective|p2a: Pecharunt
|-damage|p2a: Pecharunt|39/100
|
|upkeep
|turn|19
|
|t:|1760316182
|-end|p1a: Iron Valiant|Quark Drive|[silent]
|switch|p1a: Moltres|Moltres|92/100
|move|p2a: Pecharunt|Recover|p2a: Pecharunt
|-heal|p2a: Pecharunt|89/100
|
|upkeep
|turn|20
|
|t:|1760316186
|move|p1a: Moltres|Flamethrower|p2a: Pecharunt
|-damage|p2a: Pecharunt|49/100
|move|p2a: Pecharunt|Malignant Chain|p1a: Moltres
|-damage|p1a: Moltres|63/100
|
|upkeep
|turn|21
|
|t:|1760316190
|switch|p2a: Garganacl|Garganacl, M|100/100
|-damage|p2a: Garganacl|88/100|[from] Stealth Rock
|move|p1a: Moltres|Flamethrower|p2a: Garganacl
|-resisted|p2a: Garganacl
|-damage|p2a: Garganacl|76/100
|
|-heal|p2a: Garganacl|82/100|[from] item: Leftovers
|upkeep
|turn|22
|
|t:|1760316193
|switch|p1a: Iron Valiant|Iron Valiant|94/100
|move|p2a: Garganacl|Salt Cure|p1a: Iron Valiant
|-resisted|p1a: Iron Valiant
|-damage|p1a: Iron Valiant|85/100
|-start|p1a: Iron Valiant|Salt Cure
|
|-heal|p2a: Garganacl|89/100|[from] item: Leftovers
|-damage|p1a: Iron Valiant|73/100|[from] Salt Cure
|upkeep
|turn|23
|
|t:|1760316197
|move|p1a: Iron Valiant|Knock Off|p2a: Garganacl
|-damage|p2a: Garganacl|67/100
|-enditem|p2a: Garganacl|Leftovers|[from] move: Knock Off|[of] p1a: Iron Valiant
|move|p2a: Garganacl|Salt Cure|p1a: Iron Valiant
|-resisted|p1a: Iron Valiant
|-damage|p1a: Iron Valiant|65/100
|
|-damage|p1a: Iron Valiant|52/100|[from] Salt Cure
|upkeep
|turn|24
|
|t:|1760316199
|move|p1a: Iron Valiant|Close Combat|p2a: Garganacl
|-supereffective|p2a: Garganacl
|-damage|p2a: Garganacl|0 fnt
|-unboost|p1a: Iron Valiant|def|1
|-unboost|p1a: Iron Valiant|spd|1
|faint|p2a: Garganacl
|
|-damage|p1a: Iron Valiant|40/100|[from] Salt Cure
|upkeep
|
|t:|1760316202
|switch|p2a: Pecharunt|Pecharunt|49/100
|-damage|p2a: Pecharunt|37/100|[from] Stealth Rock
|turn|25
|
|t:|1760316205
|-end|p1a: Iron Valiant|Quark Drive|[silent]
|switch|p1a: Moltres|Moltres|63/100
|move|p2a: Pecharunt|Recover|p2a: Pecharunt
|-heal|p2a: Pecharunt|87/100
|
|upkeep
|turn|26
|
|t:|1760316207
|move|p1a: Moltres|Flamethrower|p2a: Pecharunt
|-damage|p2a: Pecharunt|52/100
|move|p2a: Pecharunt|Malignant Chain|p1a: Moltres
|-damage|p1a: Moltres|32/100
|-status|p1a: Moltres|tox
|-start|p1a: Moltres|confusion|[from] ability: Poison Puppeteer|[of] p2a: Pecharunt
|
|-damage|p1a: Moltres|26/100 tox|[from] psn
|upkeep
|turn|27
|
|t:|1760316211
|-activate|p1a: Moltres|confusion
|move|p1a: Moltres|Roost|p1a: Moltres
|-heal|p1a: Moltres|76/100 tox
|-singleturn|p1a: Moltres|move: Roost
|move|p2a: Pecharunt|Recover|p2a: Pecharunt
|-heal|p2a: Pecharunt|100/100
|
|-damage|p1a: Moltres|64/100 tox|[from] psn
|upkeep
|turn|28
|
|t:|1760316214
|switch|p2a: Tornadus|Tornadus-Therian, M|99/100
|-damage|p2a: Tornadus|75/100|[from] Stealth Rock
|-activate|p1a: Moltres|confusion
|-damage|p1a: Moltres|58/100 tox|[from] confusion
|
|-damage|p1a: Moltres|40/100 tox|[from] psn
|upkeep
|turn|29
|
|t:|1760316216
|move|p2a: Tornadus|Bleakwind Storm|p1a: Moltres
|-damage|p1a: Moltres|0 fnt
|faint|p1a: Moltres
|
|upkeep
|-message|Chococroc forfeited.
|
|win|henry151th
|raw|Chococroc's rating: 1729 &rarr; <strong>1709</strong><br />(-20 for losing)
|raw|henry151th's rating: 1732 &rarr; <strong>1752</strong><br />(+20 for winning)
|l|☆Chococroc
|player|p1|
|l|☆henry151th
|player|p2|
