|j|☆BarnOwlzz
|j|☆Rachel_GardnerXI
|t:|1760414753
|gametype|singles
|player|p1|BarnOwlzz|pokemaniac|1257
|player|p2|Rachel_GardnerXI|lady-gen4|1237
|gen|9
|tier|[Gen 9] OU
|rated|
|rule|HP Percentage Mod: HP is shown in percentages
|rule|Endless Battle Clause: Forcing endless battles is banned
|rule|Species Clause: Limit one of each Pokémon
|rule|OHKO Clause: OHKO moves are banned
|rule|Evasion Items Clause: Evasion items are banned
|rule|Evasion Moves Clause: Evasion moves are banned
|rule|Evasion Abilities Clause: Evasion abilities are banned
|rule|Sleep Moves Clause: Sleep-inducing moves are banned
|clearpoke
|poke|p1|Cinderace, F|
|poke|p1|Weavile, M|
|poke|p1|Raging Bolt|
|poke|p1|Scizor, M|
|poke|p1|Gliscor, M|
|poke|p1|Dragapult, M|
|poke|p2|Iron Crown|
|poke|p2|Corviknight, F|
|poke|p2|Cinderace, M|
|poke|p2|Ting-Lu|
|poke|p2|Porygon2|
|poke|p2|Ogerpon-Wellspring, F|
|teampreview
|
|t:|1760414767
|teamsize|p1|6
|teamsize|p2|6
|start
|switch|p1a: Gliscor|Gliscor, M|100/100
|switch|p2a: Porygon2|Porygon2|100/100
|-ability|p2a: Porygon2|Download|boost
|-boost|p2a: Porygon2|spa|1
|turn|1
|
|t:|1760414774
|move|p1a: Gliscor|Earthquake|p2a: Porygon2
|-damage|p2a: Porygon2|70/100
|move|p2a: Porygon2|Tri Attack|p1a: Gliscor
|-damage|p1a: Gliscor|35/100
|
|-status|p1a: Gliscor|tox|[from] item: Toxic Orb
|upkeep
|turn|2
|
|t:|1760414782
|move|p1a: Gliscor|U-turn|p2a: Porygon2
|-damage|p2a: Porygon2|56/100
|
|t:|1760414785
|switch|p1a: Scizor|Scizor, M|100/100|[from] U-turn
|move|p2a: Porygon2|Tri Attack|p1a: Scizor
|-resisted|p1a: Scizor
|-damage|p1a: Scizor|73/100
|
|upkeep
|turn|3
|
|t:|1760414793
|move|p1a: Scizor|Knock Off|p2a: Porygon2
|-damage|p2a: Porygon2|33/100
|-enditem|p2a: Porygon2|Eviolite|[from] move: Knock Off|[of] p1a: Scizor
|move|p2a: Porygon2|Thunderbolt|p1a: Scizor
|-damage|p1a: Scizor|35/100
|
|upkeep
|turn|4
|
|t:|1760414800
|move|p1a: Scizor|U-turn|p2a: Porygon2
|-damage|p2a: Porygon2|0 fnt
|faint|p2a: Porygon2
|
|t:|1760414808
|switch|p1a: Dragapult|Dragapult, M|100/100|[from] U-turn
|
|upkeep
|
|t:|1760414816
|switch|p2a: Ting-Lu|Ting-Lu|100/100
|-ability|p2a: Ting-Lu|Vessel of Ruin
|turn|5
|
|t:|1760414821
|move|p1a: Dragapult|U-turn|p2a: Ting-Lu
|-supereffective|p2a: Ting-Lu
|-damage|p2a: Ting-Lu|69/100
|-damage|p1a: Dragapult|91/100|[from] item: Life Orb
|
|t:|1760414825
|switch|p1a: Scizor|Scizor, M|35/100|[from] U-turn
|move|p2a: Ting-Lu|Ruination|p1a: Scizor
|-damage|p1a: Scizor|18/100
|
|upkeep
|turn|6
|
|t:|1760414838
|-terastallize|p2a: Ting-Lu|Ghost
|move|p1a: Scizor|Bug Bite|p2a: Ting-Lu
|-resisted|p2a: Ting-Lu
|-damage|p2a: Ting-Lu|58/100
|move|p2a: Ting-Lu|Body Press|p1a: Scizor
|-damage|p1a: Scizor|0 fnt
|faint|p1a: Scizor
|
|upkeep
|
|t:|1760414848
|switch|p1a: Weavile|Weavile, M|100/100
|turn|7
|
|t:|1760414853
|move|p1a: Weavile|Knock Off|p2a: Ting-Lu
|-supereffective|p2a: Ting-Lu
|-damage|p2a: Ting-Lu|15/100
|-enditem|p2a: Ting-Lu|Assault Vest|[from] move: Knock Off|[of] p1a: Weavile
|move|p2a: Ting-Lu|Body Press|p1a: Weavile
|-supereffective|p1a: Weavile
|-enditem|p1a: Weavile|Focus Sash
|-damage|p1a: Weavile|1/100
|
|upkeep
|turn|8
|
|t:|1760414862
|move|p1a: Weavile|Knock Off|p2a: Ting-Lu
|-supereffective|p2a: Ting-Lu
|-damage|p2a: Ting-Lu|0 fnt
|faint|p2a: Ting-Lu
|
|upkeep
|
|t:|1760414872
|switch|p2a: Corviknight|Corviknight, F|100/100
|turn|9
|
|t:|1760414877
|switch|p1a: Raging Bolt|Raging Bolt|100/100
|-enditem|p1a: Raging Bolt|Booster Energy
|-activate|p1a: Raging Bolt|ability: Protosynthesis|[fromitem]
|-start|p1a: Raging Bolt|protosynthesisspa
|move|p2a: Corviknight|U-turn|p1a: Raging Bolt
|-damage|p1a: Raging Bolt|89/100
|
|t:|1760414890
|switch|p2a: Cinderace|Cinderace, M|100/100|[from] U-turn
|
|upkeep
|turn|10
|
|t:|1760414896
|move|p2a: Cinderace|High Jump Kick|p1a: Raging Bolt
|-start|p2a: Cinderace|typechange|Fighting|[from] ability: Libero
|-damage|p1a: Raging Bolt|24/100
|-damage|p2a: Cinderace|91/100|[from] item: Life Orb
|move|p1a: Raging Bolt|Volt Switch|p2a: Cinderace
|-damage|p2a: Cinderace|11/100
|
|t:|1760414904
|-end|p1a: Raging Bolt|Protosynthesis|[silent]
|switch|p1a: Dragapult|Dragapult, M|91/100|[from] Volt Switch
|
|upkeep
|turn|11
|
|t:|1760414910
|move|p1a: Dragapult|Dragon Darts|p2a: Cinderace
|-damage|p2a: Cinderace|0 fnt
|faint|p2a: Cinderace
|-damage|p1a: Dragapult|81/100|[from] item: Life Orb
|
|upkeep
|
|t:|1760414915
|switch|p2a: Ogerpon|Ogerpon-Wellspring, F|100/100
|turn|12
|
|t:|1760414920
|move|p1a: Dragapult|U-turn|p2a: Ogerpon
|-supereffective|p2a: Ogerpon
|-damage|p2a: Ogerpon|11/100
|-damage|p1a: Dragapult|71/100|[from] item: Life Orb
|
|t:|1760414926
|switch|p1a: Gliscor|Gliscor, M|35/100 tox|[from] U-turn
|move|p2a: Ogerpon|Knock Off|p1a: Gliscor
|-crit|p1a: Gliscor
|-damage|p1a: Gliscor|0 fnt
|-enditem|p1a: Gliscor|Toxic Orb|[from] move: Knock Off|[of] p2a: Ogerpon
|faint|p1a: Gliscor
|
|upkeep
|
|t:|1760414933
|switch|p1a: Raging Bolt|Raging Bolt|24/100
|turn|13
|
|t:|1760414944
|move|p1a: Raging Bolt|Thunderclap|p2a: Ogerpon
|-damage|p2a: Ogerpon|0 fnt
|faint|p2a: Ogerpon
|
|upkeep
|
|t:|1760414951
|switch|p2a: Iron Crown|Iron Crown|100/100
|turn|14
|
|t:|1760414956
|-end|p1a: Raging Bolt|Protosynthesis|[silent]
|switch|p1a: Dragapult|Dragapult, M|71/100
|move|p2a: Iron Crown|Tachyon Cutter|p1a: Dragapult
|-damage|p1a: Dragapult|21/100
|-damage|p1a: Dragapult|0 fnt
|faint|p1a: Dragapult
|-hitcount|p1: Dragapult|2
|
|upkeep
|
|t:|1760414967
|switch|p1a: Weavile|Weavile, M|1/100
|turn|15
|
|t:|1760414971
|-end|p2a: Iron Crown|Quark Drive|[silent]
|switch|p2a: Corviknight|Corviknight, F|100/100
|move|p1a: Weavile|Knock Off|p2a: Corviknight
|-damage|p2a: Corviknight|67/100
|-enditem|p2a: Corviknight|Heavy-Duty Boots|[from] move: Knock Off|[of] p1a: Weavile
|
|upkeep
|turn|16
|
|t:|1760414982
|switch|p1a: Raging Bolt|Raging Bolt|24/100
|move|p2a: Corviknight|Body Press|p1a: Raging Bolt
|-crit|p1a: Raging Bolt
|-damage|p1a: Raging Bolt|0 fnt
|faint|p1a: Raging Bolt
|-end|p1a: Raging Bolt|Protosynthesis|[silent]
|
|upkeep
|
|t:|1760414988
|switch|p1a: Cinderace|Cinderace, F, shiny|100/100
|turn|17
|
|t:|1760414991
|move|p1a: Cinderace|Pyro Ball|p2a: Corviknight
|-supereffective|p2a: Corviknight
|-damage|p2a: Corviknight|0 fnt
|faint|p2a: Corviknight
|
|upkeep
|
|t:|1760414994
|switch|p2a: Iron Crown|Iron Crown|100/100
|turn|18
|
|t:|1760415000
|move|p1a: Cinderace|Pyro Ball|p2a: Iron Crown
|-supereffective|p2a: Iron Crown
|-damage|p2a: Iron Crown|0 fnt
|faint|p2a: Iron Crown
|-end|p2a: Iron Crown|Quark Drive|[silent]
|
|win|BarnOwlzz
|raw|BarnOwlzz's rating: 1257 &rarr; <strong>1281</strong><br />(+24 for winning)
|raw|Rachel_GardnerXI's rating: 1237 &rarr; <strong>1213</strong><br />(-24 for losing)
|l|☆Rachel_GardnerXI
|player|p2|
|l|☆BarnOwlzz
|player|p1|
