|j|☆Inge k4mi
|j|☆Shabooya1
|t:|1760358419
|gametype|singles
|player|p1|Inge k4mi|musician|1450
|player|p2|Shabooya1|ghetsis-gen5bw|1409
|gen|9
|tier|[Gen 9] OU
|rated|
|rule|HP Percentage Mod: HP is shown in percentages
|rule|Endless Battle Clause: Forcing endless battles is banned
|rule|Species Clause: Limit one of each Pokémon
|rule|OHKO Clause: OHKO moves are banned
|rule|Evasion Items Clause: Evasion items are banned
|rule|Evasion Moves Clause: Evasion moves are banned
|rule|Evasion Abilities Clause: Evasion abilities are banned
|rule|Sleep Moves Clause: Sleep-inducing moves are banned
|clearpoke
|poke|p1|Raging Bolt|
|poke|p1|Landorus-Therian, M|
|poke|p1|Iron Valiant|
|poke|p1|Iron Moth|
|poke|p1|Ogerpon-Wellspring, F|
|poke|p1|Kingambit, M|
|poke|p2|Trevenant, M|
|poke|p2|Ninetales, M|
|poke|p2|Walking Wake|
|poke|p2|Weezing-Galar, F|
|poke|p2|Great Tusk|
|poke|p2|Mandibuzz, F|
|teampreview
|inactive|Battle timer is ON: inactive players will automatically lose when time's up. (requested by Inge k4mi)
|
|t:|1760358431
|teamsize|p1|6
|teamsize|p2|6
|start
|switch|p1a: Raging Bolt|Raging Bolt|100/100
|switch|p2a: Mandibuzz|Mandibuzz, F, shiny|100/100
|-enditem|p1a: Raging Bolt|Booster Energy
|-activate|p1a: Raging Bolt|ability: Protosynthesis|[fromitem]
|-start|p1a: Raging Bolt|protosynthesisspa
|turn|1
|
|t:|1760358438
|move|p2a: Mandibuzz|Toxic|p1a: Raging Bolt|[miss]
|-miss|p2a: Mandibuzz|p1a: Raging Bolt
|move|p1a: Raging Bolt|Calm Mind|p1a: Raging Bolt
|-boost|p1a: Raging Bolt|spa|1
|-boost|p1a: Raging Bolt|spd|1
|
|upkeep
|turn|2
|
|t:|1760358443
|move|p2a: Mandibuzz|Toxic|p1a: Raging Bolt
|-status|p1a: Raging Bolt|tox
|move|p1a: Raging Bolt|Thunderbolt|p2a: Mandibuzz
|-supereffective|p2a: Mandibuzz
|-crit|p2a: Mandibuzz
|-damage|p2a: Mandibuzz|0 fnt
|faint|p2a: Mandibuzz
|
|-damage|p1a: Raging Bolt|94/100 tox|[from] psn
|upkeep
|
|t:|1760358446
|switch|p2a: Great Tusk|Great Tusk, shiny|100/100
|turn|3
|
|t:|1760358450
|-terastallize|p2a: Great Tusk|Ground
|-terastallize|p1a: Raging Bolt|Flying
|move|p2a: Great Tusk|Headlong Rush|p1a: Raging Bolt
|-immune|p1a: Raging Bolt
|move|p1a: Raging Bolt|Dragon Pulse|p2a: Great Tusk
|-damage|p2a: Great Tusk|0 fnt
|faint|p2a: Great Tusk
|-end|p2a: Great Tusk|Protosynthesis|[silent]
|
|-damage|p1a: Raging Bolt|82/100 tox|[from] psn
|upkeep
|inactive|Shabooya1 has 120 seconds left.
|l|☆Shabooya1
|inactive|Shabooya1 disconnected and has a minute to reconnect!
|player|p2|
|inactive|Shabooya1 has 30 seconds to reconnect!
|j|☆Shabooya1
|inactive|Shabooya1 reconnected and has 65 seconds left.
|player|p2|Shabooya1|ghetsis-gen5bw|
|inactive|Shabooya1 has 60 seconds left.
|
|t:|1760358542
|switch|p2a: Trevenant|Trevenant, M, shiny|100/100
|turn|4
|
|t:|1760358547
|move|p1a: Raging Bolt|Dragon Pulse|p2a: Trevenant
|-damage|p2a: Trevenant|20/100
|-enditem|p2a: Trevenant|Sitrus Berry|[eat]
|-heal|p2a: Trevenant|45/100|[from] item: Sitrus Berry
|move|p2a: Trevenant|Leech Seed|p1a: Raging Bolt
|-start|p1a: Raging Bolt|move: Leech Seed
|
|-damage|p1a: Raging Bolt|70/100 tox|[from] Leech Seed|[of] p2a: Trevenant
|-heal|p2a: Trevenant|60/100|[silent]
|-damage|p1a: Raging Bolt|51/100 tox|[from] psn
|upkeep
|turn|5
|
|t:|1760358553
|-end|p1a: Raging Bolt|Protosynthesis|[silent]
|switch|p1a: Kingambit|Kingambit, M|100/100
|switch|p2a: Ninetales|Ninetales, M, shiny|100/100
|-weather|SunnyDay|[from] ability: Drought|[of] p2a: Ninetales
|
|-weather|SunnyDay|[upkeep]
|upkeep
|turn|6
|
|t:|1760358559
|move|p2a: Ninetales|Will-O-Wisp|p1a: Kingambit
|-status|p1a: Kingambit|brn
|-enditem|p1a: Kingambit|Lum Berry|[eat]
|-curestatus|p1a: Kingambit|brn|[msg]
|move|p1a: Kingambit|Kowtow Cleave|p2a: Ninetales
|-damage|p2a: Ninetales|36/100
|
|-weather|SunnyDay|[upkeep]
|upkeep
|turn|7
|
|t:|1760358568
|-end|p1a: Kingambit|fallenundefined|[silent]
|switch|p1a: Iron Moth|Iron Moth|100/100
|-enditem|p1a: Iron Moth|Booster Energy
|-activate|p1a: Iron Moth|ability: Quark Drive|[fromitem]
|-start|p1a: Iron Moth|quarkdrivespe
|move|p2a: Ninetales|Weather Ball|p1a: Iron Moth
|-resisted|p1a: Iron Moth
|-damage|p1a: Iron Moth|78/100
|
|-weather|SunnyDay|[upkeep]
|upkeep
|turn|8
|
|t:|1760358582
|switch|p2a: Walking Wake|Walking Wake|100/100
|-activate|p2a: Walking Wake|ability: Protosynthesis
|-start|p2a: Walking Wake|protosynthesisspe
|move|p1a: Iron Moth|Fiery Dance|p2a: Walking Wake
|-resisted|p2a: Walking Wake
|-damage|p2a: Walking Wake|83/100
|
|-weather|SunnyDay|[upkeep]
|upkeep
|turn|9
|
|t:|1760358591
|move|p1a: Iron Moth|Sludge Wave|p2a: Walking Wake
|-damage|p2a: Walking Wake|27/100
|move|p2a: Walking Wake|Flamethrower|p1a: Iron Moth
|-resisted|p1a: Iron Moth
|-damage|p1a: Iron Moth|47/100
|
|-weather|SunnyDay|[upkeep]
|upkeep
|turn|10
|
|t:|1760358594
|-end|p2a: Walking Wake|Protosynthesis|[silent]
|switch|p2a: Weezing|Weezing-Galar, F, shiny|100/100
|-ability|p2a: Weezing|Neutralizing Gas
|move|p1a: Iron Moth|Sludge Wave|p2a: Weezing
|-damage|p2a: Weezing|36/100
|
|-weather|SunnyDay|[upkeep]
|upkeep
|turn|11
|
|t:|1760358598
|move|p1a: Iron Moth|Fiery Dance|p2a: Weezing
|-crit|p2a: Weezing
|-damage|p2a: Weezing|0 fnt
|-boost|p1a: Iron Moth|spa|1
|faint|p2a: Weezing
|-end|p2a: Weezing|ability: Neutralizing Gas
|
|-weather|SunnyDay|[upkeep]
|upkeep
|
|t:|1760358600
|switch|p2a: Trevenant|Trevenant, M, shiny|60/100
|turn|12
|
|t:|1760358618
|move|p2a: Trevenant|Protect|p2a: Trevenant
|-singleturn|p2a: Trevenant|Protect
|move|p1a: Iron Moth|Fiery Dance|p2a: Trevenant
|-activate|p2a: Trevenant|move: Protect
|
|-weather|none
|-item|p2a: Trevenant|Sitrus Berry|[from] ability: Harvest
|upkeep
|turn|13
|
|t:|1760358620
|move|p1a: Iron Moth|Fiery Dance|p2a: Trevenant
|-supereffective|p2a: Trevenant
|-damage|p2a: Trevenant|0 fnt
|-boost|p1a: Iron Moth|spa|1
|faint|p2a: Trevenant
|
|upkeep
|inactive|Shabooya1 has 120 seconds left.
|l|☆Shabooya1
|inactive|Shabooya1 disconnected and has a minute to reconnect!
|player|p2|
|inactive|Shabooya1 has 30 seconds to reconnect!
|inactive|Shabooya1 has 20 seconds to reconnect!
|inactive|Shabooya1 has 15 seconds to reconnect!
|j|☆Shabooya1
|inactive|Shabooya1 reconnected and has 70 seconds left.
|player|p2|Shabooya1|ghetsis-gen5bw|
|inactive|Shabooya1 has 60 seconds left.
|inactive|Shabooya1 has 30 seconds left.
|inactive|Shabooya1 has 20 seconds left.
|inactive|Shabooya1 has 15 seconds left.
|inactive|Shabooya1 has 10 seconds left.
|inactive|Shabooya1 has 5 seconds left.
|-message|Shabooya1 lost due to inactivity.
|
|win|Inge k4mi
|raw|Inge k4mi's rating: 1474 &rarr; <strong>1490</strong><br />(+16 for winning)
|raw|Shabooya1's rating: 1409 &rarr; <strong>1393</strong><br />(-16 for losing)
|l|☆Inge k4mi
|player|p1|
