|j|☆ballyhoogreen
|j|☆donfeitan
|t:|1760367594
|gametype|singles
|player|p1|ballyhoogreen|maid|1087
|player|p2|donfeitan|ash|1139
|gen|9
|tier|[Gen 9] OU
|rated|
|rule|HP Percentage Mod: HP is shown in percentages
|rule|Endless Battle Clause: Forcing endless battles is banned
|rule|Species Clause: Limit one of each Pokémon
|rule|OHKO Clause: OHKO moves are banned
|rule|Evasion Items Clause: Evasion items are banned
|rule|Evasion Moves Clause: Evasion moves are banned
|rule|Evasion Abilities Clause: Evasion abilities are banned
|rule|Sleep Moves Clause: Sleep-inducing moves are banned
|clearpoke
|poke|p1|Glastrier|
|poke|p1|Slowbro-Galar, M|
|poke|p1|Polteageist|
|poke|p1|Cinccino, F|
|poke|p1|Jirachi|
|poke|p1|Tatsugiri-Stretchy, M|
|poke|p2|Pelipper, M|
|poke|p2|Dragapult, M|
|poke|p2|Overqwil, M|
|poke|p2|Iron Valiant|
|poke|p2|Floatzel, M|
|poke|p2|Toedscruel, F|
|teampreview
|inactive|Battle timer is ON: inactive players will automatically lose when time's up. (requested by ballyhoogreen)
|
|t:|1760367605
|teamsize|p1|6
|teamsize|p2|6
|start
|switch|p1a: LetsGoGambling|Slowbro-Galar, M|100/100
|switch|p2a: Pelipper|Pelipper, M, shiny|100/100
|-weather|RainDance|[from] ability: Drizzle|[of] p2a: Pelipper
|turn|1
|
|t:|1760367610
|move|p2a: Pelipper|U-turn|p1a: LetsGoGambling
|-damage|p1a: LetsGoGambling|93/100
|
|t:|1760367619
|switch|p2a: Overqwil|Overqwil, M, shiny|100/100|[from] U-turn
|move|p1a: LetsGoGambling|Belly Drum|p1a: LetsGoGambling
|-damage|p1a: LetsGoGambling|43/100
|-setboost|p1a: LetsGoGambling|atk|6|[from] move: Belly Drum
|
|-weather|RainDance|[upkeep]
|upkeep
|turn|2
|
|t:|1760367627
|move|p2a: Overqwil|Haze|p2a: Overqwil
|-clearallboost
|move|p1a: LetsGoGambling|Drain Punch|p2a: Overqwil
|-damage|p2a: Overqwil|72/100
|-heal|p1a: LetsGoGambling|54/100|[from] drain|[of] p2a: Overqwil
|
|-weather|RainDance|[upkeep]
|upkeep
|turn|3
|
|t:|1760367636
|move|p2a: Overqwil|Liquidation|p1a: LetsGoGambling
|-damage|p1a: LetsGoGambling|7/100
|-unboost|p1a: LetsGoGambling|def|1
|-damage|p2a: Overqwil|62/100|[from] item: Life Orb
|move|p1a: LetsGoGambling|Drain Punch|p2a: Overqwil
|-damage|p2a: Overqwil|35/100
|-heal|p1a: LetsGoGambling|18/100|[from] drain|[of] p2a: Overqwil
|
|-weather|RainDance|[upkeep]
|upkeep
|turn|4
|
|t:|1760367639
|move|p2a: Overqwil|Liquidation|p1a: LetsGoGambling
|-damage|p1a: LetsGoGambling|0 fnt
|faint|p1a: LetsGoGambling
|-damage|p2a: Overqwil|25/100|[from] item: Life Orb
|
|-weather|RainDance|[upkeep]
|upkeep
|
|t:|1760367644
|switch|p1a: D!ckParasite|Tatsugiri-Stretchy, M|100/100
|turn|5
|
|t:|1760367660
|switch|p2a: Iron Valiant|Iron Valiant, shiny|100/100
|move|p1a: D!ckParasite|Surf|p2a: Iron Valiant
|-damage|p2a: Iron Valiant|0 fnt
|faint|p2a: Iron Valiant
|-end|p2a: Iron Valiant|Quark Drive|[silent]
|
|-weather|RainDance|[upkeep]
|upkeep
|
|t:|1760367670
|switch|p2a: Dragapult|Dragapult, M, shiny|100/100
|turn|6
|
|t:|1760367673
|-terastallize|p1a: D!ckParasite|Fairy
|move|p2a: Dragapult|Dragon Darts|p1a: D!ckParasite
|-immune|p1a: D!ckParasite
|move|p1a: D!ckParasite|Dragon Pulse|p2a: Dragapult
|-supereffective|p2a: Dragapult
|-damage|p2a: Dragapult|0 fnt
|faint|p2a: Dragapult
|
|-weather|RainDance|[upkeep]
|upkeep
|
|t:|1760367683
|switch|p2a: Overqwil|Overqwil, M, shiny|25/100
|turn|7
|
|t:|1760367686
|switch|p1a: Crotch|Jirachi|100/100
|move|p2a: Overqwil|Gunk Shot|p1a: Crotch
|-immune|p1a: Crotch
|
|-weather|RainDance|[upkeep]
|upkeep
|turn|8
|inactive|donfeitan has 120 seconds left.
|
|t:|1760367731
|switch|p2a: Toedscruel|Toedscruel, F|100/100
|move|p1a: Crotch|U-turn|p2a: Toedscruel
|-supereffective|p2a: Toedscruel
|-damage|p2a: Toedscruel|50/100
|
|t:|1760367738
|switch|p1a: Rat|Cinccino, F|100/100|[from] U-turn
|
|-weather|none
|upkeep
|turn|9
|
|t:|1760367742
|move|p1a: Rat|Tail Slap|p2a: Toedscruel
|-damage|p2a: Toedscruel|26/100
|-damage|p2a: Toedscruel|2/100
|-damage|p2a: Toedscruel|0 fnt
|faint|p2a: Toedscruel
|-hitcount|p2: Toedscruel|3
|
|upkeep
|
|t:|1760367745
|switch|p2a: Pelipper|Pelipper, M, shiny|100/100
|-weather|RainDance|[from] ability: Drizzle|[of] p2a: Pelipper
|turn|10
|
|t:|1760367753
|move|p1a: Rat|Tidy Up|p1a: Rat
|-boost|p1a: Rat|atk|1
|-boost|p1a: Rat|spe|1
|move|p2a: Pelipper|Hurricane|p1a: Rat
|-damage|p1a: Rat|22/100
|
|-weather|RainDance|[upkeep]
|upkeep
|turn|11
|
|t:|1760367763
|move|p1a: Rat|Tail Slap|p2a: Pelipper
|-damage|p2a: Pelipper|70/100
|-damage|p2a: Pelipper|40/100
|-damage|p2a: Pelipper|7/100
|-damage|p2a: Pelipper|0 fnt
|faint|p2a: Pelipper
|-hitcount|p2: Pelipper|4
|
|-weather|RainDance|[upkeep]
|upkeep
|
|t:|1760367765
|switch|p2a: Goatzel|Floatzel, M|100/100
|turn|12
|
|t:|1760367768
|switch|p1a: D!ckParasite|Tatsugiri-Stretchy, M, tera:Fairy|100/100
|move|p2a: Goatzel|Aqua Jet|p1a: D!ckParasite
|-ability|p1a: D!ckParasite|Storm Drain|boost
|-boost|p1a: D!ckParasite|spa|1
|
|-weather|RainDance|[upkeep]
|upkeep
|turn|13
|inactive|donfeitan has 120 seconds left.
|
|t:|1760367803
|-terastallize|p2a: Goatzel|Ice
|move|p2a: Goatzel|Ice Spinner|p1a: D!ckParasite
|-damage|p1a: D!ckParasite|10/100
|-damage|p2a: Goatzel|91/100|[from] item: Life Orb
|move|p1a: D!ckParasite|Dragon Pulse|p2a: Goatzel
|-damage|p2a: Goatzel|0 fnt
|faint|p2a: Goatzel
|
|-weather|RainDance|[upkeep]
|upkeep
|
|t:|1760367810
|switch|p2a: Overqwil|Overqwil, M, shiny|25/100
|turn|14
|inactive|donfeitan has 120 seconds left.
|
|t:|1760367818
|move|p2a: Overqwil|Liquidation|p1a: D!ckParasite
|-ability|p1a: D!ckParasite|Storm Drain|boost
|-boost|p1a: D!ckParasite|spa|1
|move|p1a: D!ckParasite|Dragon Pulse|p2a: Overqwil
|-damage|p2a: Overqwil|0 fnt
|faint|p2a: Overqwil
|
|win|ballyhoogreen
|raw|ballyhoogreen's rating: 1087 &rarr; <strong>1118</strong><br />(+31 for winning)
|raw|donfeitan's rating: 1139 &rarr; <strong>1110</strong><br />(-29 for losing)
|l|☆donfeitan
|player|p2|
|l|☆ballyhoogreen
|player|p1|
