|j|☆bill1218
|j|☆kshuaib734
|t:|1760374342
|gametype|singles
|player|p1|bill1218|101|1538
|player|p2|kshuaib734|steven|1552
|gen|9
|tier|[Gen 9] OU
|rated|
|rule|HP Percentage Mod: HP is shown in percentages
|rule|Endless Battle Clause: Forcing endless battles is banned
|rule|Species Clause: Limit one of each Pokémon
|rule|OHKO Clause: OHKO moves are banned
|rule|Evasion Items Clause: Evasion items are banned
|rule|Evasion Moves Clause: Evasion moves are banned
|rule|Evasion Abilities Clause: Evasion abilities are banned
|rule|Sleep Moves Clause: Sleep-inducing moves are banned
|clearpoke
|poke|p1|Tinkaton, F|
|poke|p1|Serperior, M|
|poke|p1|Indeedee, M|
|poke|p1|Araquanid, F|
|poke|p1|Great Tusk|
|poke|p1|Hawlucha, M|
|poke|p2|Tyranitar, M|
|poke|p2|Overqwil, F|
|poke|p2|Pelipper, F|
|poke|p2|Quaquaval, M|
|poke|p2|Latios, M|
|poke|p2|Excadrill, M|
|teampreview
|inactive|Battle timer is ON: inactive players will automatically lose when time's up. (requested by kshuaib734)
|
|t:|1760374358
|teamsize|p1|6
|teamsize|p2|6
|start
|switch|p1a: Araquanid|Araquanid, F, shiny|100/100
|switch|p2a: Tyrant's Enforcer|Overqwil, F|100/100
|turn|1
|
|t:|1760374370
|move|p2a: Tyrant's Enforcer|Taunt|p1a: Araquanid
|-start|p1a: Araquanid|move: Taunt
|cant|p1a: Araquanid|move: Taunt|Sticky Web
|
|upkeep
|turn|2
|
|t:|1760374375
|move|p2a: Tyrant's Enforcer|Spikes|p1a: Araquanid
|-sidestart|p1: bill1218|Spikes
|move|p1a: Araquanid|Liquidation|p2a: Tyrant's Enforcer
|-damage|p2a: Tyrant's Enforcer|39/100
|-damage|p1a: Araquanid|84/100|[from] item: Rocky Helmet|[of] p2a: Tyrant's Enforcer
|
|upkeep
|turn|3
|
|t:|1760374387
|move|p2a: Tyrant's Enforcer|Crunch|p1a: Araquanid
|-damage|p1a: Araquanid|40/100
|move|p1a: Araquanid|Liquidation|p2a: Tyrant's Enforcer
|-damage|p2a: Tyrant's Enforcer|0 fnt
|-damage|p1a: Araquanid|24/100|[from] item: Rocky Helmet|[of] p2a: Tyrant's Enforcer
|faint|p2a: Tyrant's Enforcer
|
|-end|p1a: Araquanid|move: Taunt
|upkeep
|
|t:|1760374398
|switch|p2a: Tyrant's Endgame|Quaquaval, M|100/100
|turn|4
|-enditem|p1a: Araquanid|Custap Berry|[eat]
|-activate|p1a: Araquanid|item: Custap Berry|[consumed]
|
|t:|1760374428
|move|p1a: Araquanid|Sticky Web|p2a: Tyrant's Endgame
|-sidestart|p2: kshuaib734|move: Sticky Web
|move|p2a: Tyrant's Endgame|Aqua Step|p1a: Araquanid
|-resisted|p1a: Araquanid
|-damage|p1a: Araquanid|0 fnt
|-boost|p2a: Tyrant's Endgame|spe|1
|faint|p1a: Araquanid
|-ability|p2a: Tyrant's Endgame|Moxie|boost
|-boost|p2a: Tyrant's Endgame|atk|1
|
|upkeep
|inactive|bill1218 has 120 seconds left.
|
|t:|1760374444
|switch|p1a: Tinkaton|Tinkaton, F, shiny|100/100
|-damage|p1a: Tinkaton|88/100|[from] Spikes
|turn|5
|
|t:|1760374450
|-terastallize|p2a: Tyrant's Endgame|Water
|move|p2a: Tyrant's Endgame|Aqua Step|p1a: Tinkaton
|-damage|p1a: Tinkaton|6/100
|-boost|p2a: Tyrant's Endgame|spe|1
|move|p1a: Tinkaton|Thunder Wave|p2a: Tyrant's Endgame
|-status|p2a: Tyrant's Endgame|par
|
|-heal|p1a: Tinkaton|13/100|[from] item: Leftovers
|upkeep
|turn|6
|
|t:|1760374459
|cant|p2a: Tyrant's Endgame|par
|move|p1a: Tinkaton|Encore|p2a: Tyrant's Endgame
|-start|p2a: Tyrant's Endgame|Encore
|
|-heal|p1a: Tinkaton|19/100|[from] item: Leftovers
|upkeep
|turn|7
|
|t:|1760374465
|move|p2a: Tyrant's Endgame|Aqua Step|p1a: Tinkaton
|-crit|p1a: Tinkaton
|-damage|p1a: Tinkaton|0 fnt
|-boost|p2a: Tyrant's Endgame|spe|1
|faint|p1a: Tinkaton
|-ability|p2a: Tyrant's Endgame|Moxie|boost
|-boost|p2a: Tyrant's Endgame|atk|1
|
|upkeep
|
|t:|1760374478
|switch|p1a: Serperior|Serperior, M, shiny|100/100
|-damage|p1a: Serperior|88/100|[from] Spikes
|turn|8
|
|t:|1760374488
|switch|p2a: King Tyrant|Tyranitar, M|100/100
|-activate|p2a: King Tyrant|move: Sticky Web
|-unboost|p2a: King Tyrant|spe|1
|-weather|Sandstorm|[from] ability: Sand Stream|[of] p2a: King Tyrant
|move|p1a: Serperior|Leaf Storm|p2a: King Tyrant
|-supereffective|p2a: King Tyrant
|-damage|p2a: King Tyrant|54/100
|-boost|p1a: Serperior|spa|2
|-enditem|p2a: King Tyrant|Weakness Policy
|-boost|p2a: King Tyrant|atk|2|[from] item: Weakness Policy
|-boost|p2a: King Tyrant|spa|2|[from] item: Weakness Policy
|
|-weather|Sandstorm|[upkeep]
|-damage|p1a: Serperior|82/100|[from] Sandstorm
|-heal|p1a: Serperior|88/100|[from] item: Leftovers
|upkeep
|turn|9
|l|☆bill1218
|inactive|bill1218 disconnected and has a minute to reconnect!
|player|p1|
|j|☆bill1218
|inactive|bill1218 reconnected and has 115 seconds left.
|player|p1|bill1218|101|
|
|t:|1760374529
|move|p1a: Serperior|Leaf Storm|p2a: King Tyrant|[miss]
|-miss|p1a: Serperior|p2a: King Tyrant
|move|p2a: King Tyrant|Ice Beam|p1a: Serperior
|-supereffective|p1a: Serperior
|-damage|p1a: Serperior|0 fnt
|faint|p1a: Serperior
|
|-weather|Sandstorm|[upkeep]
|upkeep
|
|t:|1760374544
|switch|p1a: Great Tusk|Great Tusk, shiny|100/100
|turn|10
|inactive|kshuaib734 has 120 seconds left.
|
|t:|1760374581
|move|p1a: Great Tusk|Rapid Spin|p2a: King Tyrant
|-resisted|p2a: King Tyrant
|-damage|p2a: King Tyrant|47/100
|-boost|p1a: Great Tusk|spe|1
|-sideend|p1: bill1218|Spikes|[from] move: Rapid Spin|[of] p1a: Great Tusk
|move|p2a: King Tyrant|Ice Beam|p1a: Great Tusk
|-supereffective|p1a: Great Tusk
|-damage|p1a: Great Tusk|0 fnt
|faint|p1a: Great Tusk
|-end|p1a: Great Tusk|Protosynthesis|[silent]
|
|-weather|Sandstorm|[upkeep]
|upkeep
|
|t:|1760374587
|switch|p1a: Indeedee|Indeedee, M, shiny|100/100
|-fieldstart|move: Psychic Terrain|[from] ability: Psychic Surge|[of] p1a: Indeedee
|turn|11
|
|t:|1760374600
|switch|p2a: Tyrant's Endgame|Quaquaval, M, tera:Water|100/100 par
|-activate|p2a: Tyrant's Endgame|move: Sticky Web
|-unboost|p2a: Tyrant's Endgame|spe|1
|move|p1a: Indeedee|Trick|p2a: Tyrant's Endgame
|-activate|p1a: Indeedee|move: Trick|[of] p2a: Tyrant's Endgame
|-item|p2a: Tyrant's Endgame|Choice Specs|[from] move: Trick
|-item|p1a: Indeedee|Mystic Water|[from] move: Trick
|
|-weather|Sandstorm|[upkeep]
|-damage|p1a: Indeedee|94/100|[from] Sandstorm
|-damage|p2a: Tyrant's Endgame|94/100 par|[from] Sandstorm
|upkeep
|turn|12
|
|t:|1760374611
|move|p1a: Indeedee|Expanding Force|p2a: Tyrant's Endgame
|-damage|p2a: Tyrant's Endgame|5/100 par
|move|p2a: Tyrant's Endgame|Wave Crash|p1a: Indeedee
|-crit|p1a: Indeedee
|-damage|p1a: Indeedee|0 fnt
|faint|p1a: Indeedee
|-ability|p2a: Tyrant's Endgame|Moxie|boost
|-boost|p2a: Tyrant's Endgame|atk|1
|-damage|p2a: Tyrant's Endgame|0 fnt|[from] Recoil
|faint|p2a: Tyrant's Endgame
|
|-weather|none
|upkeep
|
|t:|1760374623
|switch|p1a: Hawlucha|Hawlucha, M, shiny|100/100
|switch|p2a: Tyrant's Vengeance|Latios, M|100/100
|-enditem|p1a: Hawlucha|Psychic Seed
|-boost|p1a: Hawlucha|spd|1|[from] item: Psychic Seed
|turn|13
|
|t:|1760374631
|-terastallize|p1a: Hawlucha|Steel
|move|p1a: Hawlucha|Swords Dance|p1a: Hawlucha
|-boost|p1a: Hawlucha|atk|2
|move|p2a: Tyrant's Vengeance|Luster Purge|p1a: Hawlucha
|-resisted|p1a: Hawlucha
|-damage|p1a: Hawlucha|52/100
|-unboost|p1a: Hawlucha|spd|1
|
|upkeep
|turn|14
|
|t:|1760374640
|move|p1a: Hawlucha|Acrobatics|p2a: Tyrant's Vengeance
|-damage|p2a: Tyrant's Vengeance|0 fnt
|faint|p2a: Tyrant's Vengeance
|
|upkeep
|
|t:|1760374651
|switch|p2a: Tyrant's Downpour|Pelipper, F|100/100
|-weather|RainDance|[from] ability: Drizzle|[of] p2a: Tyrant's Downpour
|turn|15
|
|t:|1760374655
|move|p1a: Hawlucha|Acrobatics|p2a: Tyrant's Downpour
|-damage|p2a: Tyrant's Downpour|25/100
|move|p2a: Tyrant's Downpour|Weather Ball|p1a: Hawlucha
|-damage|p1a: Hawlucha|0 fnt
|faint|p1a: Hawlucha
|
|win|kshuaib734
|raw|bill1218's rating: 1538 &rarr; <strong>1519</strong><br />(-19 for losing)
|raw|kshuaib734's rating: 1552 &rarr; <strong>1571</strong><br />(+19 for winning)
|l|☆bill1218
|player|p1|
|l|☆kshuaib734
|player|p2|
|j|☆bill1218
|player|p1|bill1218|101|
