|j|☆Aizen765
|j|☆ramenn
|t:|1760353087
|gametype|singles
|player|p1|Aizen765|musician|1233
|player|p2|ramenn|1|1202
|gen|9
|tier|[Gen 9] OU
|rated|
|rule|HP Percentage Mod: HP is shown in percentages
|rule|Endless Battle Clause: Forcing endless battles is banned
|rule|Species Clause: Limit one of each Pokémon
|rule|OHKO Clause: OHKO moves are banned
|rule|Evasion Items Clause: Evasion items are banned
|rule|Evasion Moves Clause: Evasion moves are banned
|rule|Evasion Abilities Clause: Evasion abilities are banned
|rule|Sleep Moves Clause: Sleep-inducing moves are banned
|clearpoke
|poke|p1|Deoxys-Speed|
|poke|p1|Gholdengo|
|poke|p1|Iron Treads|
|poke|p1|Dragonite, F|
|poke|p1|Iron Moth|
|poke|p1|Samurott-Hisui, F|
|poke|p2|Dragapult, F|
|poke|p2|Slowking-Galar, M|
|poke|p2|Great Tusk|
|poke|p2|Ogerpon-Wellspring, F|
|poke|p2|Dragonite, M|
|poke|p2|Scizor, M|
|teampreview
|
|t:|1760353103
|teamsize|p1|6
|teamsize|p2|6
|start
|switch|p1a: Iron Treads|Iron Treads|100/100
|switch|p2a: Scizor|Scizor, M|100/100
|-enditem|p1a: Iron Treads|Booster Energy
|-activate|p1a: Iron Treads|ability: Quark Drive|[fromitem]
|-start|p1a: Iron Treads|quarkdrivespe
|turn|1
|
|t:|1760353123
|move|p1a: Iron Treads|Stealth Rock|p2a: Scizor
|-sidestart|p2: ramenn|move: Stealth Rock
|move|p2a: Scizor|Close Combat|p1a: Iron Treads
|-supereffective|p1a: Iron Treads
|-damage|p1a: Iron Treads|0 fnt
|-unboost|p2a: Scizor|def|1
|-unboost|p2a: Scizor|spd|1
|faint|p1a: Iron Treads
|-end|p1a: Iron Treads|Quark Drive|[silent]
|
|upkeep
|inactive|Battle timer is ON: inactive players will automatically lose when time's up. (requested by ramenn)
|
|t:|1760353139
|switch|p1a: Iron Moth|Iron Moth|100/100
|-enditem|p1a: Iron Moth|Booster Energy
|-activate|p1a: Iron Moth|ability: Quark Drive|[fromitem]
|-start|p1a: Iron Moth|quarkdrivespe
|turn|2
|
|t:|1760353157
|switch|p2a: Slowking|Slowking-Galar, M|100/100
|move|p1a: Iron Moth|Substitute|p1a: Iron Moth
|-start|p1a: Iron Moth|Substitute
|-damage|p1a: Iron Moth|76/100
|
|upkeep
|turn|3
|
|t:|1760353170
|move|p1a: Iron Moth|Fiery Dance|p2a: Slowking
|-damage|p2a: Slowking|75/100
|move|p2a: Slowking|Psychic Noise|p1a: Iron Moth
|-supereffective|p1a: Iron Moth
|-damage|p1a: Iron Moth|19/100
|-start|p1a: Iron Moth|move: Heal Block
|
|upkeep
|turn|4
|inactive|Aizen765 has 120 seconds left.
|
|t:|1760353205
|-end|p1a: Iron Moth|Quark Drive|[silent]
|switch|p1a: Samurott|Samurott-Hisui, F|100/100
|move|p2a: Slowking|Psychic Noise|p1a: Samurott
|-immune|p1a: Samurott
|
|upkeep
|turn|5
|inactive|Aizen765 has 120 seconds left.
|inactive|ramenn has 120 seconds left.
|
|t:|1760353257
|switch|p2a: Ogerpon|Ogerpon-Wellspring, F|100/100
|-damage|p2a: Ogerpon|88/100|[from] Stealth Rock
|move|p1a: Samurott|Ceaseless Edge|p2a: Ogerpon
|-damage|p2a: Ogerpon|26/100
|-sidestart|p2: ramenn|Spikes
|
|upkeep
|turn|6
|
|t:|1760353267
|move|p2a: Ogerpon|Spikes|p1a: Samurott
|-sidestart|p1: Aizen765|Spikes
|move|p1a: Samurott|Ceaseless Edge|p2a: Ogerpon
|-crit|p2a: Ogerpon
|-damage|p2a: Ogerpon|0 fnt
|-sidestart|p2: ramenn|Spikes
|faint|p2a: Ogerpon
|
|upkeep
|
|t:|1760353270
|switch|p2a: Great Tusk|Great Tusk|100/100
|turn|7
|inactive|Aizen765 has 120 seconds left.
|
|t:|1760353298
|-terastallize|p2a: Great Tusk|Steel
|move|p2a: Great Tusk|Rapid Spin|p1a: Samurott
|-damage|p1a: Samurott|77/100
|-boost|p2a: Great Tusk|spe|1
|-sideend|p2: ramenn|Spikes|[from] move: Rapid Spin|[of] p2a: Great Tusk
|-sideend|p2: ramenn|Stealth Rock|[from] move: Rapid Spin|[of] p2a: Great Tusk
|move|p1a: Samurott|Razor Shell|p2a: Great Tusk
|-damage|p2a: Great Tusk|62/100
|
|upkeep
|turn|8
|inactive|Aizen765 has 120 seconds left.
|inactive|Aizen765 has 90 seconds left.
|
|t:|1760353345
|move|p2a: Great Tusk|Close Combat|p1a: Samurott
|-supereffective|p1a: Samurott
|-damage|p1a: Samurott|0 fnt
|-unboost|p2a: Great Tusk|def|1
|-unboost|p2a: Great Tusk|spd|1
|faint|p1a: Samurott
|
|upkeep
|
|t:|1760353353
|switch|p1a: Iron Moth|Iron Moth|19/100
|-damage|p1a: Iron Moth|7/100|[from] Spikes
|turn|9
|inactive|Aizen765 has 90 seconds left.
|
|t:|1760353359
|move|p2a: Great Tusk|Rapid Spin|p1a: Iron Moth
|-damage|p1a: Iron Moth|0 fnt
|-boost|p2a: Great Tusk|spe|1
|faint|p1a: Iron Moth
|-end|p1a: Iron Moth|Quark Drive|[silent]
|
|upkeep
|inactive|Aizen765 has 90 seconds left.
|
|t:|1760353375
|switch|p1a: Dragonite|Dragonite, F|100/100
|turn|10
|
|t:|1760353391
|-end|p2a: Great Tusk|Protosynthesis|[silent]
|switch|p2a: Dragapult|Dragapult, F|100/100
|move|p1a: Dragonite|Dragon Dance|p1a: Dragonite
|-boost|p1a: Dragonite|atk|1
|-boost|p1a: Dragonite|spe|1
|
|upkeep
|turn|11
|
|t:|1760353404
|move|p1a: Dragonite|Ice Spinner|p2a: Dragapult
|-supereffective|p2a: Dragapult
|-damage|p2a: Dragapult|0 fnt
|faint|p2a: Dragapult
|
|upkeep
|
|t:|1760353413
|switch|p2a: Dragonite|Dragonite, M|100/100
|turn|12
|inactive|Aizen765 has 90 seconds left.
|inactive|ramenn has 120 seconds left.
|
|t:|1760353444
|-terastallize|p1a: Dragonite|Normal
|move|p2a: Dragonite|Extreme Speed|p1a: Dragonite
|-damage|p1a: Dragonite|83/100
|move|p1a: Dragonite|Ice Spinner|p2a: Dragonite
|-supereffective|p2a: Dragonite
|-damage|p2a: Dragonite|5/100
|
|upkeep
|turn|13
|inactive|ramenn has 120 seconds left.
|
|t:|1760353452
|move|p1a: Dragonite|Extreme Speed|p2a: Dragonite
|-damage|p2a: Dragonite|0 fnt
|faint|p2a: Dragonite
|
|upkeep
|inactive|ramenn has 120 seconds left.
|
|t:|1760353460
|switch|p2a: Scizor|Scizor, M|100/100
|turn|14
|
|t:|1760353476
|move|p1a: Dragonite|Earthquake|p2a: Scizor
|-damage|p2a: Scizor|51/100
|move|p2a: Scizor|Close Combat|p1a: Dragonite
|-supereffective|p1a: Dragonite
|-damage|p1a: Dragonite|0 fnt
|-unboost|p2a: Scizor|def|1
|-unboost|p2a: Scizor|spd|1
|faint|p1a: Dragonite
|
|upkeep
|
|t:|1760353485
|switch|p1a: Deoxys|Deoxys-Speed|100/100
|-damage|p1a: Deoxys|88/100|[from] Spikes
|-ability|p1a: Deoxys|Pressure
|turn|15
|
|t:|1760353499
|switch|p2a: Slowking|Slowking-Galar, M|100/100
|move|p1a: Deoxys|Superpower|p2a: Slowking
|-resisted|p2a: Slowking
|-damage|p2a: Slowking|92/100
|-unboost|p1a: Deoxys|atk|1
|-unboost|p1a: Deoxys|def|1
|-damage|p1a: Deoxys|78/100|[from] item: Life Orb
|
|upkeep
|turn|16
|
|t:|1760353516
|switch|p1a: Gholdengo|Gholdengo|100/100
|-item|p1a: Gholdengo|Air Balloon
|-prepare|p2a: Slowking|Chilly Reception|[premajor]
|move|p2a: Slowking|Chilly Reception|p2a: Slowking
|-weather|Snowscape
|
|t:|1760353535
|switch|p2a: Great Tusk|Great Tusk, tera:Steel|62/100|[from] Chilly Reception
|
|-weather|Snowscape|[upkeep]
|upkeep
|turn|17
|
|t:|1760353547
|move|p2a: Great Tusk|Stealth Rock|p1a: Gholdengo
|-sidestart|p1: Aizen765|move: Stealth Rock
|move|p1a: Gholdengo|Shadow Ball|p2a: Great Tusk
|-damage|p2a: Great Tusk|5/100
|
|-weather|Snowscape|[upkeep]
|upkeep
|turn|18
|
|t:|1760353557
|move|p2a: Great Tusk|Headlong Rush|p1a: Gholdengo
|-immune|p1a: Gholdengo
|move|p1a: Gholdengo|Shadow Ball|p2a: Great Tusk
|-crit|p2a: Great Tusk
|-damage|p2a: Great Tusk|0 fnt
|faint|p2a: Great Tusk
|-end|p2a: Great Tusk|Protosynthesis|[silent]
|
|-weather|Snowscape|[upkeep]
|upkeep
|
|t:|1760353561
|switch|p2a: Slowking|Slowking-Galar, M|100/100
|turn|19
|
|t:|1760353577
|move|p1a: Gholdengo|Make It Rain|p2a: Slowking
|-damage|p2a: Slowking|71/100
|-unboost|p1a: Gholdengo|spa|1
|move|p2a: Slowking|Psychic Noise|p1a: Gholdengo
|-resisted|p1a: Gholdengo
|-damage|p1a: Gholdengo|87/100
|-start|p1a: Gholdengo|move: Heal Block
|-enditem|p1a: Gholdengo|Air Balloon
|
|-weather|Snowscape|[upkeep]
|upkeep
|turn|20
|
|t:|1760353590
|move|p1a: Gholdengo|Nasty Plot|p1a: Gholdengo
|-boost|p1a: Gholdengo|spa|2
|-prepare|p2a: Slowking|Chilly Reception|[premajor]
|move|p2a: Slowking|Chilly Reception|p2a: Slowking
|
|t:|1760353606
|switch|p2a: Scizor|Scizor, M|51/100|[from] Chilly Reception
|
|-weather|none
|-end|p1a: Gholdengo|move: Heal Block
|upkeep
|turn|21
|
|t:|1760353615
|move|p2a: Scizor|Bullet Punch|p1a: Gholdengo
|-resisted|p1a: Gholdengo
|-damage|p1a: Gholdengo|70/100
|move|p1a: Gholdengo|Shadow Ball|p2a: Scizor
|-damage|p2a: Scizor|0 fnt
|faint|p2a: Scizor
|
|upkeep
|
|t:|1760353622
|switch|p2a: Slowking|Slowking-Galar, M|100/100
|turn|22
|
|t:|1760353625
|move|p1a: Gholdengo|Shadow Ball|p2a: Slowking
|-supereffective|p2a: Slowking
|-damage|p2a: Slowking|44/100
|move|p2a: Slowking|Ice Beam|p1a: Gholdengo
|-resisted|p1a: Gholdengo
|-damage|p1a: Gholdengo|59/100
|
|upkeep
|turn|23
|
|t:|1760353632
|move|p1a: Gholdengo|Shadow Ball|p2a: Slowking
|-supereffective|p2a: Slowking
|-damage|p2a: Slowking|0 fnt
|faint|p2a: Slowking
|
|win|Aizen765
|raw|Aizen765's rating: 1233 &rarr; <strong>1256</strong><br />(+23 for winning)
|raw|ramenn's rating: 1202 &rarr; <strong>1179</strong><br />(-23 for losing)
|l|☆Aizen765
|player|p1|
