|j|☆hqnabi
|j|☆Dylphin
|t:|1760416079
|gametype|singles
|player|p1|hqnabi|101|1269
|player|p2|Dylphin|sailor|1203
|gen|9
|tier|[Gen 9] OU
|rated|
|rule|HP Percentage Mod: HP is shown in percentages
|rule|Endless Battle Clause: Forcing endless battles is banned
|rule|Species Clause: Limit one of each Pokémon
|rule|OHKO Clause: OHKO moves are banned
|rule|Evasion Items Clause: Evasion items are banned
|rule|Evasion Moves Clause: Evasion moves are banned
|rule|Evasion Abilities Clause: Evasion abilities are banned
|rule|Sleep Moves Clause: Sleep-inducing moves are banned
|clearpoke
|poke|p1|Primarina, M|
|poke|p1|Great Tusk|
|poke|p1|Kingambit, M|
|poke|p1|Slowking-Galar, M|
|poke|p1|Ogerpon, F|
|poke|p1|Enamorus, F|
|poke|p2|Azumarill, M|
|poke|p2|Dragonite, M|
|poke|p2|Raging Bolt|
|poke|p2|Cinderace, F|
|poke|p2|Iron Jugulis|
|poke|p2|Gholdengo|
|teampreview
|inactive|Battle timer is ON: inactive players will automatically lose when time's up. (requested by Dylphin)
|inactive|hqnabi also wants the timer to be on.
|inactive|hqnabi has 120 seconds left.
|
|t:|1760416113
|teamsize|p1|6
|teamsize|p2|6
|start
|switch|p1a: Gin|Enamorus, F, shiny|100/100
|switch|p2a: iJugs|Iron Jugulis|100/100
|turn|1
|
|t:|1760416119
|move|p1a: Gin|Moonblast|p2a: iJugs
|-supereffective|p2a: iJugs
|-damage|p2a: iJugs|0 fnt
|faint|p2a: iJugs
|-end|p2a: iJugs|Quark Drive|[silent]
|
|upkeep
|
|t:|1760416126
|switch|p2a: Bugs|Cinderace, F|100/100
|turn|2
|
|t:|1760416136
|switch|p1a: Behemoth|Great Tusk|100/100
|move|p2a: Bugs|Pyro Ball|p1a: Behemoth
|-damage|p1a: Behemoth|58/100
|
|upkeep
|turn|3
|
|t:|1760416145
|-end|p1a: Behemoth|Protosynthesis|[silent]
|switch|p1a: Gin|Enamorus, F, shiny|100/100
|move|p2a: Bugs|Will-O-Wisp|p1a: Gin
|-status|p1a: Gin|brn
|
|-damage|p1a: Gin|94/100 brn|[from] brn
|upkeep
|turn|4
|
|t:|1760416151
|move|p1a: Gin|Earth Power|p2a: Bugs
|-supereffective|p2a: Bugs
|-damage|p2a: Bugs|0 fnt
|faint|p2a: Bugs
|
|-damage|p1a: Gin|88/100 brn|[from] brn
|upkeep
|
|t:|1760416158
|switch|p2a: Puff|Dragonite, M|100/100
|turn|5
|
|t:|1760416167
|switch|p1a: Celestine|Primarina, M|100/100
|move|p2a: Puff|Dragon Dance|p2a: Puff
|-boost|p2a: Puff|atk|1
|-boost|p2a: Puff|spe|1
|
|upkeep
|turn|6
|
|t:|1760416173
|move|p2a: Puff|Iron Head|p1a: Celestine
|-damage|p1a: Celestine|37/100
|cant|p1a: Celestine|flinch
|
|-heal|p1a: Celestine|43/100|[from] item: Leftovers
|upkeep
|turn|7
|
|t:|1760416190
|switch|p1a: Overgod|Kingambit, M|100/100
|move|p2a: Puff|Iron Head|p1a: Overgod
|-resisted|p1a: Overgod
|-damage|p1a: Overgod|84/100
|
|-heal|p1a: Overgod|90/100|[from] item: Leftovers
|upkeep
|turn|8
|
|t:|1760416195
|move|p2a: Puff|Earthquake|p1a: Overgod
|-supereffective|p1a: Overgod
|-damage|p1a: Overgod|6/100
|move|p1a: Overgod|Kowtow Cleave|p2a: Puff
|-damage|p2a: Puff|73/100
|
|-heal|p1a: Overgod|12/100|[from] item: Leftovers
|upkeep
|turn|9
|
|t:|1760416200
|-end|p1a: Overgod|fallenundefined|[silent]
|switch|p1a: Gin|Enamorus, F, shiny|88/100 brn
|move|p2a: Puff|Extreme Speed|p1a: Gin
|-damage|p1a: Gin|15/100 brn
|
|-damage|p1a: Gin|9/100 brn|[from] brn
|upkeep
|turn|10
|
|t:|1760416205
|move|p2a: Puff|Extreme Speed|p1a: Gin
|-damage|p1a: Gin|0 fnt
|faint|p1a: Gin
|
|upkeep
|
|t:|1760416213
|switch|p1a: Mantra|Slowking-Galar, M|100/100
|turn|11
|
|t:|1760416215
|move|p2a: Puff|Earthquake|p1a: Mantra
|-supereffective|p1a: Mantra
|-damage|p1a: Mantra|12/100
|move|p1a: Mantra|Ice Beam|p2a: Puff
|-supereffective|p2a: Puff
|-damage|p2a: Puff|0 fnt
|faint|p2a: Puff
|
|upkeep
|
|t:|1760416220
|switch|p2a: Neverender|Raging Bolt|100/100
|-enditem|p2a: Neverender|Booster Energy
|-activate|p2a: Neverender|ability: Protosynthesis|[fromitem]
|-start|p2a: Neverender|protosynthesisspa
|turn|12
|
|t:|1760416237
|switch|p1a: Behemoth|Great Tusk|58/100
|move|p2a: Neverender|Dragon Pulse|p1a: Behemoth
|-damage|p1a: Behemoth|0 fnt
|faint|p1a: Behemoth
|-end|p1a: Behemoth|Protosynthesis|[silent]
|
|upkeep
|
|t:|1760416244
|switch|p1a: Anonymous|Ogerpon, F|100/100
|turn|13
|inactive|Dylphin has 120 seconds left.
|inactive|Dylphin has 90 seconds left.
|
|t:|1760416307
|move|p1a: Anonymous|U-turn|p2a: Neverender
|-damage|p2a: Neverender|74/100
|
|t:|1760416312
|switch|p1a: Celestine|Primarina, M|43/100|[from] U-turn
|move|p2a: Neverender|Dragon Pulse|p1a: Celestine
|-immune|p1a: Celestine
|
|-heal|p1a: Celestine|49/100|[from] item: Leftovers
|upkeep
|turn|14
|
|t:|1760416335
|move|p1a: Celestine|Moonblast|p2a: Neverender
|-supereffective|p2a: Neverender
|-damage|p2a: Neverender|0 fnt
|faint|p2a: Neverender
|-end|p2a: Neverender|Protosynthesis|[silent]
|
|-heal|p1a: Celestine|55/100|[from] item: Leftovers
|upkeep
|inactive|Dylphin has 90 seconds left.
|
|t:|1760416362
|switch|p2a: Apple Jack|Gholdengo|100/100
|turn|15
|
|t:|1760416387
|move|p2a: Apple Jack|Trick|p1a: Celestine
|-activate|p2a: Apple Jack|move: Trick|[of] p1a: Celestine
|-item|p1a: Celestine|Choice Scarf|[from] move: Trick
|-item|p2a: Apple Jack|Leftovers|[from] move: Trick
|move|p1a: Celestine|Psychic Noise|p2a: Apple Jack
|-damage|p2a: Apple Jack|54/100
|-start|p2a: Apple Jack|move: Heal Block
|
|upkeep
|turn|16
|
|t:|1760416398
|move|p1a: Celestine|Psychic Noise|p2a: Apple Jack
|-damage|p2a: Apple Jack|8/100
|move|p2a: Apple Jack|Shadow Ball|p1a: Celestine
|-damage|p1a: Celestine|11/100
|
|-end|p2a: Apple Jack|move: Heal Block
|upkeep
|turn|17
|
|t:|1760416404
|move|p1a: Celestine|Psychic Noise|p2a: Apple Jack
|-damage|p2a: Apple Jack|0 fnt
|faint|p2a: Apple Jack
|
|upkeep
|
|t:|1760416406
|switch|p2a: Bring da Boom|Azumarill, M, shiny|100/100
|turn|18
|inactive|hqnabi has 120 seconds left.
|
|t:|1760416440
|-terastallize|p2a: Bring da Boom|Water
|move|p2a: Bring da Boom|Aqua Jet|p1a: Celestine
|-resisted|p1a: Celestine
|-damage|p1a: Celestine|0 fnt
|faint|p1a: Celestine
|
|upkeep
|
|t:|1760416448
|switch|p1a: Anonymous|Ogerpon, F|100/100
|turn|19
|
|t:|1760416453
|-terastallize|p1a: Anonymous|Grass
|detailschange|p1a: Anonymous|Ogerpon-Teal-Tera, F, tera:Grass
|-ability|p1a: Anonymous|Embody Aspect (Teal)|boost
|-boost|p1a: Anonymous|spe|1
|move|p1a: Anonymous|Ivy Cudgel|p2a: Bring da Boom
|-supereffective|p2a: Bring da Boom
|-damage|p2a: Bring da Boom|0 fnt
|faint|p2a: Bring da Boom
|
|win|hqnabi
|raw|hqnabi's rating: 1269 &rarr; <strong>1289</strong><br />(+20 for winning)
|raw|Dylphin's rating: 1203 &rarr; <strong>1183</strong><br />(-20 for losing)
|l|☆Dylphin
|player|p2|
