|j|☆kamen_findout
|j|☆ygyguii2
|t:|1760333273
|gametype|singles
|player|p1|kamen_findout|alder|1134
|player|p2|ygyguii2|iris-gen5bw2|1136
|gen|9
|tier|[Gen 9] OU
|rated|
|rule|HP Percentage Mod: HP is shown in percentages
|rule|Endless Battle Clause: Forcing endless battles is banned
|rule|Species Clause: Limit one of each Pokémon
|rule|OHKO Clause: OHKO moves are banned
|rule|Evasion Items Clause: Evasion items are banned
|rule|Evasion Moves Clause: Evasion moves are banned
|rule|Evasion Abilities Clause: Evasion abilities are banned
|rule|Sleep Moves Clause: Sleep-inducing moves are banned
|clearpoke
|poke|p1|Keldeo-Resolute|
|poke|p1|Dragapult, M|
|poke|p1|Slowking-Galar, M|
|poke|p1|Kingambit, M|
|poke|p1|Zapdos|
|poke|p1|Great Tusk|
|poke|p2|Zamazenta-*|
|poke|p2|Kingambit, M|
|poke|p2|Iron Valiant|
|poke|p2|Gliscor, F|
|poke|p2|Iron Moth|
|poke|p2|Ogerpon-Wellspring, F|
|teampreview
|
|t:|1760333286
|teamsize|p1|6
|teamsize|p2|6
|start
|switch|p1a: Zapdos|Zapdos|100/100
|switch|p2a: Gliscor|Gliscor, F|100/100
|turn|1
|
|t:|1760333313
|switch|p1a: Keldeo|Keldeo-Resolute|100/100
|move|p2a: Gliscor|Toxic|p1a: Keldeo
|-status|p1a: Keldeo|tox
|
|-damage|p1a: Keldeo|94/100 tox|[from] psn
|-status|p2a: Gliscor|tox|[from] item: Toxic Orb
|upkeep
|turn|2
|l|☆ygyguii2
|player|p2|
|inactive|Battle timer is ON: inactive players will automatically lose when time's up. (requested by kamen_findout)
|inactive|ygyguii2 has 30 seconds to reconnect!
|j|☆ygyguii2
|inactive|ygyguii2 reconnected and has 120 seconds left.
|player|p2|ygyguii2|iris-gen5bw2|
|
|t:|1760333426
|switch|p2a: Ogerpon|Ogerpon-Wellspring, F|100/100
|move|p1a: Keldeo|Calm Mind|p1a: Keldeo
|-boost|p1a: Keldeo|spa|1
|-boost|p1a: Keldeo|spd|1
|
|-heal|p1a: Keldeo|100/100 tox|[from] item: Leftovers
|-damage|p1a: Keldeo|88/100 tox|[from] psn
|upkeep
|turn|3
|inactive|kamen_findout has 120 seconds left.
|
|t:|1760333461
|switch|p1a: Zapdos|Zapdos|100/100
|move|p2a: Ogerpon|Horn Leech|p1a: Zapdos
|-resisted|p1a: Zapdos
|-damage|p1a: Zapdos|85/100
|
|upkeep
|turn|4
|
|t:|1760333475
|move|p2a: Ogerpon|U-turn|p1a: Zapdos
|-resisted|p1a: Zapdos
|-damage|p1a: Zapdos|75/100
|-status|p2a: Ogerpon|par|[from] ability: Static|[of] p1a: Zapdos
|
|t:|1760333489
|switch|p2a: Iron Moth|Iron Moth|100/100|[from] U-turn
|-enditem|p2a: Iron Moth|Booster Energy
|-activate|p2a: Iron Moth|ability: Quark Drive|[fromitem]
|-start|p2a: Iron Moth|quarkdrivespe
|move|p1a: Zapdos|Hurricane|p2a: Iron Moth
|-damage|p2a: Iron Moth|50/100
|-start|p2a: Iron Moth|confusion
|
|upkeep
|turn|5
|
|t:|1760333509
|-activate|p2a: Iron Moth|confusion
|-damage|p2a: Iron Moth|43/100|[from] confusion
|move|p1a: Zapdos|Hurricane|p2a: Iron Moth
|-damage|p2a: Iron Moth|0 fnt
|faint|p2a: Iron Moth
|-end|p2a: Iron Moth|Quark Drive|[silent]
|
|upkeep
|inactive|ygyguii2 has 120 seconds left.
|
|t:|1760333531
|switch|p2a: Iron Valiant|Iron Valiant|100/100
|-enditem|p2a: Iron Valiant|Booster Energy
|-activate|p2a: Iron Valiant|ability: Quark Drive|[fromitem]
|-start|p2a: Iron Valiant|quarkdrivespe
|turn|6
|
|t:|1760333544
|move|p2a: Iron Valiant|Swords Dance|p2a: Iron Valiant
|-boost|p2a: Iron Valiant|atk|2
|move|p1a: Zapdos|Hurricane|p2a: Iron Valiant
|-supereffective|p2a: Iron Valiant
|-damage|p2a: Iron Valiant|0 fnt
|faint|p2a: Iron Valiant
|-end|p2a: Iron Valiant|Quark Drive|[silent]
|
|upkeep
|inactive|ygyguii2 has 120 seconds left.
|-message|ygyguii2 forfeited.
|
|win|kamen_findout
|raw|kamen_findout's rating: 1134 &rarr; <strong>1159</strong><br />(+25 for winning)
|raw|ygyguii2's rating: 1136 &rarr; <strong>1111</strong><br />(-25 for losing)
|l|☆ygyguii2
|player|p2|
