|j|☆Mky27
|j|☆sanjo4
|t:|1760350987
|gametype|singles
|player|p1|Mky27|ltsurge|1701
|player|p2|sanjo4|dawn|1558
|gen|9
|tier|[Gen 9] OU
|rated|
|rule|HP Percentage Mod: HP is shown in percentages
|rule|Endless Battle Clause: Forcing endless battles is banned
|rule|Species Clause: Limit one of each Pokémon
|rule|OHKO Clause: OHKO moves are banned
|rule|Evasion Items Clause: Evasion items are banned
|rule|Evasion Moves Clause: Evasion moves are banned
|rule|Evasion Abilities Clause: Evasion abilities are banned
|rule|Sleep Moves Clause: Sleep-inducing moves are banned
|clearpoke
|poke|p1|Walking Wake|
|poke|p1|Great Tusk|
|poke|p1|Torkoal, F|
|poke|p1|Indeedee, M|
|poke|p1|Exeggutor, M|
|poke|p1|Kingambit, M|
|poke|p2|Dragonite, F|
|poke|p2|Gholdengo|
|poke|p2|Iron Treads|
|poke|p2|Quaquaval, F|
|poke|p2|Slowking-Galar, M|
|poke|p2|Ting-Lu|
|teampreview
|inactive|Battle timer is ON: inactive players will automatically lose when time's up. (requested by Mky27)
|
|t:|1760350998
|teamsize|p1|6
|teamsize|p2|6
|start
|switch|p1a: Indimale-te|Indeedee, M|100/100
|switch|p2a: Quaquaval|Quaquaval, F|100/100
|-fieldstart|move: Psychic Terrain|[from] ability: Psychic Surge|[of] p1a: Indimale-te
|turn|1
|
|t:|1760351006
|switch|p2a: Ting-Lu|Ting-Lu|100/100
|-ability|p2a: Ting-Lu|Vessel of Ruin
|move|p1a: Indimale-te|Expanding Force|p2a: Ting-Lu
|-immune|p2a: Ting-Lu
|
|upkeep
|turn|2
|
|t:|1760351014
|switch|p1a: Paleomut|Great Tusk, shiny|100/100
|move|p2a: Ting-Lu|Ruination|p1a: Paleomut
|-damage|p1a: Paleomut|50/100
|
|-heal|p1a: Paleomut|57/100|[from] item: Leftovers
|upkeep
|turn|3
|
|t:|1760351039
|move|p1a: Paleomut|Ice Spinner|p2a: Ting-Lu
|-supereffective|p2a: Ting-Lu
|-damage|p2a: Ting-Lu|73/100
|-fieldend|move: Psychic Terrain
|move|p2a: Ting-Lu|Spikes|p1a: Paleomut
|-sidestart|p1: Mky27|Spikes
|
|-heal|p1a: Paleomut|63/100|[from] item: Leftovers
|-heal|p2a: Ting-Lu|79/100|[from] item: Leftovers
|upkeep
|turn|4
|
|t:|1760351048
|switch|p2a: Gholdengo|Gholdengo|100/100
|move|p1a: Paleomut|Bulk Up|p1a: Paleomut
|-boost|p1a: Paleomut|atk|1
|-boost|p1a: Paleomut|def|1
|
|-heal|p1a: Paleomut|69/100|[from] item: Leftovers
|upkeep
|turn|5
|
|t:|1760351058
|-end|p1a: Paleomut|Protosynthesis|[silent]
|switch|p1a: Kingsharp|Kingambit, M|100/100
|-damage|p1a: Kingsharp|88/100|[from] Spikes
|move|p2a: Gholdengo|Dazzling Gleam|p1a: Kingsharp
|-damage|p1a: Kingsharp|76/100
|
|upkeep
|turn|6
|
|t:|1760351067
|switch|p2a: Quaquaval|Quaquaval, F|100/100
|move|p1a: Kingsharp|Brick Break|p2a: Quaquaval
|-damage|p2a: Quaquaval|70/100
|
|upkeep
|turn|7
|
|t:|1760351075
|switch|p1a: Exxegcutor|Exeggutor, M, shiny|100/100
|-damage|p1a: Exxegcutor|88/100|[from] Spikes
|move|p2a: Quaquaval|U-turn|p1a: Exxegcutor
|-supereffective|p1a: Exxegcutor
|-damage|p1a: Exxegcutor|0 fnt
|faint|p1a: Exxegcutor
|-ability|p2a: Quaquaval|Moxie|boost
|-boost|p2a: Quaquaval|atk|1
|
|t:|1760351086
|switch|p2a: Gholdengo|Gholdengo|100/100|[from] U-turn
|
|upkeep
|inactive|Mky27 has 120 seconds left.
|
|t:|1760351118
|switch|p1a: Trollkoal|Torkoal, F, shiny|100/100
|-damage|p1a: Trollkoal|88/100|[from] Spikes
|-weather|SunnyDay|[from] ability: Drought|[of] p1a: Trollkoal
|turn|8
|
|t:|1760351130
|switch|p2a: Ting-Lu|Ting-Lu|79/100
|-ability|p2a: Ting-Lu|Vessel of Ruin
|switch|p1a: Kingsharp|Kingambit, M|76/100
|-damage|p1a: Kingsharp|63/100|[from] Spikes
|
|-weather|SunnyDay|[upkeep]
|-heal|p2a: Ting-Lu|86/100|[from] item: Leftovers
|upkeep
|turn|9
|inactive|Mky27 has 120 seconds left.
|
|t:|1760351151
|switch|p1a: Paleomut|Great Tusk, shiny|69/100
|-damage|p1a: Paleomut|57/100|[from] Spikes
|-activate|p1a: Paleomut|ability: Protosynthesis
|-start|p1a: Paleomut|protosynthesisspe
|move|p2a: Ting-Lu|Earthquake|p1a: Paleomut
|-damage|p1a: Paleomut|35/100
|
|-weather|SunnyDay|[upkeep]
|-heal|p1a: Paleomut|41/100|[from] item: Leftovers
|-heal|p2a: Ting-Lu|92/100|[from] item: Leftovers
|upkeep
|turn|10
|inactive|Mky27 has 120 seconds left.
|
|t:|1760351163
|move|p1a: Paleomut|Bulk Up|p1a: Paleomut
|-boost|p1a: Paleomut|atk|1
|-boost|p1a: Paleomut|def|1
|move|p2a: Ting-Lu|Spikes|p1a: Paleomut
|-sidestart|p1: Mky27|Spikes
|
|-weather|SunnyDay|[upkeep]
|-heal|p1a: Paleomut|47/100|[from] item: Leftovers
|-heal|p2a: Ting-Lu|98/100|[from] item: Leftovers
|upkeep
|turn|11
|
|t:|1760351172
|move|p1a: Paleomut|Rapid Spin|p2a: Ting-Lu
|-damage|p2a: Ting-Lu|85/100
|-boost|p1a: Paleomut|spe|1
|-sideend|p1: Mky27|Spikes|[from] move: Rapid Spin|[of] p1a: Paleomut
|move|p2a: Ting-Lu|Whirlwind|p1a: Paleomut
|-end|p1a: Paleomut|Protosynthesis|[silent]
|drag|p1a: PaleoRaptor|Walking Wake|100/100
|-activate|p1a: PaleoRaptor|ability: Protosynthesis
|-start|p1a: PaleoRaptor|protosynthesisspe
|
|-weather|SunnyDay|[upkeep]
|-heal|p2a: Ting-Lu|91/100|[from] item: Leftovers
|upkeep
|turn|12
|
|t:|1760351188
|switch|p2a: Slowking|Slowking-Galar, M|100/100
|move|p1a: PaleoRaptor|Hydro Steam|p2a: Slowking
|-damage|p2a: Slowking|44/100
|
|-weather|SunnyDay|[upkeep]
|upkeep
|turn|13
|
|t:|1760351206
|-terastallize|p2a: Slowking|Water
|move|p1a: PaleoRaptor|Hydro Steam|p2a: Slowking
|-resisted|p2a: Slowking
|-damage|p2a: Slowking|16/100
|-prepare|p2a: Slowking|Chilly Reception|[premajor]
|move|p2a: Slowking|Chilly Reception|p2a: Slowking
|-weather|Snowscape
|-end|p1a: PaleoRaptor|Protosynthesis
|
|t:|1760351220
|switch|p2a: Iron Treads|Iron Treads|100/100|[from] Chilly Reception
|
|-weather|Snowscape|[upkeep]
|upkeep
|turn|14
|
|t:|1760351232
|move|p1a: PaleoRaptor|Hydro Steam|p2a: Iron Treads
|-supereffective|p2a: Iron Treads
|-damage|p2a: Iron Treads|0 fnt
|faint|p2a: Iron Treads
|-end|p2a: Iron Treads|Quark Drive|[silent]
|
|-weather|Snowscape|[upkeep]
|upkeep
|
|t:|1760351247
|switch|p2a: Dragonite|Dragonite, F|100/100
|turn|15
|
|t:|1760351251
|move|p1a: PaleoRaptor|Flip Turn|p2a: Dragonite
|-resisted|p2a: Dragonite
|-damage|p2a: Dragonite|95/100
|
|t:|1760351255
|-end|p1a: PaleoRaptor|Protosynthesis|[silent]
|switch|p1a: Indimale-te|Indeedee, M|100/100|[from] Flip Turn
|-fieldstart|move: Psychic Terrain|[from] ability: Psychic Surge|[of] p1a: Indimale-te
|move|p2a: Dragonite|Dragon Dance|p2a: Dragonite
|-boost|p2a: Dragonite|atk|1
|-boost|p2a: Dragonite|spe|1
|
|-weather|Snowscape|[upkeep]
|upkeep
|turn|16
|
|t:|1760351265
|move|p1a: Indimale-te|Expanding Force|p2a: Dragonite
|-damage|p2a: Dragonite|23/100
|move|p2a: Dragonite|Roost|p2a: Dragonite
|-heal|p2a: Dragonite|73/100
|-singleturn|p2a: Dragonite|move: Roost
|
|-weather|Snowscape|[upkeep]
|upkeep
|turn|17
|
|t:|1760351274
|switch|p2a: Ting-Lu|Ting-Lu|91/100
|-ability|p2a: Ting-Lu|Vessel of Ruin
|move|p1a: Indimale-te|Expanding Force|p2a: Ting-Lu
|-immune|p2a: Ting-Lu
|
|-weather|none
|-heal|p2a: Ting-Lu|98/100|[from] item: Leftovers
|upkeep
|turn|18
|
|t:|1760351287
|switch|p1a: Paleomut|Great Tusk, shiny|47/100
|move|p2a: Ting-Lu|Earthquake|p1a: Paleomut
|-damage|p1a: Paleomut|22/100
|
|-heal|p1a: Paleomut|28/100|[from] item: Leftovers
|-heal|p2a: Ting-Lu|100/100|[from] item: Leftovers
|upkeep
|turn|19
|
|t:|1760351302
|move|p1a: Paleomut|Ice Spinner|p2a: Ting-Lu
|-supereffective|p2a: Ting-Lu
|-damage|p2a: Ting-Lu|77/100
|-fieldend|move: Psychic Terrain
|move|p2a: Ting-Lu|Earthquake|p1a: Paleomut
|-damage|p1a: Paleomut|4/100
|
|-heal|p1a: Paleomut|10/100|[from] item: Leftovers
|-heal|p2a: Ting-Lu|83/100|[from] item: Leftovers
|upkeep
|turn|20
|
|t:|1760351311
|move|p1a: Paleomut|Ice Spinner|p2a: Ting-Lu
|-supereffective|p2a: Ting-Lu
|-damage|p2a: Ting-Lu|57/100
|move|p2a: Ting-Lu|Earthquake|p1a: Paleomut
|-damage|p1a: Paleomut|0 fnt
|faint|p1a: Paleomut
|-end|p1a: Paleomut|Protosynthesis|[silent]
|
|-heal|p2a: Ting-Lu|63/100|[from] item: Leftovers
|upkeep
|
|t:|1760351323
|switch|p1a: PaleoRaptor|Walking Wake|100/100
|turn|21
|
|t:|1760351350
|switch|p2a: Quaquaval|Quaquaval, F|70/100
|move|p1a: PaleoRaptor|Hydro Steam|p2a: Quaquaval
|-resisted|p2a: Quaquaval
|-damage|p2a: Quaquaval|36/100
|
|upkeep
|turn|22
|
|t:|1760351360
|-end|p1a: PaleoRaptor|Protosynthesis|[silent]
|switch|p1a: Trollkoal|Torkoal, F, shiny|88/100
|-weather|SunnyDay|[from] ability: Drought|[of] p1a: Trollkoal
|move|p2a: Quaquaval|Close Combat|p1a: Trollkoal
|-damage|p1a: Trollkoal|31/100
|-unboost|p2a: Quaquaval|def|1
|-unboost|p2a: Quaquaval|spd|1
|
|-weather|SunnyDay|[upkeep]
|upkeep
|turn|23
|
|t:|1760351379
|move|p2a: Quaquaval|Close Combat|p1a: Trollkoal
|-damage|p1a: Trollkoal|0 fnt
|-unboost|p2a: Quaquaval|def|1
|-unboost|p2a: Quaquaval|spd|1
|faint|p1a: Trollkoal
|-ability|p2a: Quaquaval|Moxie|boost
|-boost|p2a: Quaquaval|atk|1
|
|-weather|SunnyDay|[upkeep]
|upkeep
|
|t:|1760351389
|switch|p1a: PaleoRaptor|Walking Wake|100/100
|-activate|p1a: PaleoRaptor|ability: Protosynthesis
|-start|p1a: PaleoRaptor|protosynthesisspe
|turn|24
|
|t:|1760351397
|move|p1a: PaleoRaptor|Hydro Steam|p2a: Quaquaval
|-resisted|p2a: Quaquaval
|-damage|p2a: Quaquaval|0 fnt
|faint|p2a: Quaquaval
|
|-weather|SunnyDay|[upkeep]
|upkeep
|
|t:|1760351399
|switch|p2a: Slowking|Slowking-Galar, M, tera:Water|49/100
|turn|25
|
|t:|1760351407
|switch|p2a: Ting-Lu|Ting-Lu|63/100
|-ability|p2a: Ting-Lu|Vessel of Ruin
|move|p1a: PaleoRaptor|Draco Meteor|p2a: Ting-Lu
|-damage|p2a: Ting-Lu|36/100
|-unboost|p1a: PaleoRaptor|spa|2
|
|-weather|SunnyDay|[upkeep]
|-heal|p2a: Ting-Lu|42/100|[from] item: Leftovers
|upkeep
|turn|26
|
|t:|1760351428
|move|p1a: PaleoRaptor|Hydro Steam|p2a: Ting-Lu
|-supereffective|p2a: Ting-Lu
|-damage|p2a: Ting-Lu|13/100
|move|p2a: Ting-Lu|Earthquake|p1a: PaleoRaptor
|-damage|p1a: PaleoRaptor|57/100
|
|-weather|SunnyDay|[upkeep]
|-heal|p2a: Ting-Lu|19/100|[from] item: Leftovers
|upkeep
|turn|27
|
|t:|1760351440
|move|p1a: PaleoRaptor|Flip Turn|p2a: Ting-Lu
|-supereffective|p2a: Ting-Lu
|-damage|p2a: Ting-Lu|8/100
|
|t:|1760351444
|-end|p1a: PaleoRaptor|Protosynthesis|[silent]
|switch|p1a: Indimale-te|Indeedee, M|100/100|[from] Flip Turn
|-fieldstart|move: Psychic Terrain|[from] ability: Psychic Surge|[of] p1a: Indimale-te
|move|p2a: Ting-Lu|Earthquake|p1a: Indimale-te
|-damage|p1a: Indimale-te|16/100
|
|-weather|SunnyDay|[upkeep]
|-heal|p2a: Ting-Lu|14/100|[from] item: Leftovers
|upkeep
|turn|28
|
|t:|1760351455
|move|p1a: Indimale-te|Dazzling Gleam|p2a: Ting-Lu
|-supereffective|p2a: Ting-Lu
|-damage|p2a: Ting-Lu|0 fnt
|faint|p2a: Ting-Lu
|
|-weather|SunnyDay|[upkeep]
|upkeep
|
|t:|1760351459
|switch|p2a: Gholdengo|Gholdengo|100/100
|turn|29
|
|t:|1760351464
|switch|p1a: Kingsharp|Kingambit, M|63/100
|move|p2a: Gholdengo|Dazzling Gleam|p1a: Kingsharp
|-damage|p1a: Kingsharp|50/100
|
|-weather|none
|upkeep
|turn|30
|
|t:|1760351479
|switch|p2a: Dragonite|Dragonite, F|73/100
|move|p1a: Kingsharp|Zen Headbutt|p2a: Dragonite
|-damage|p2a: Dragonite|37/100
|
|upkeep
|turn|31
|
|t:|1760351492
|move|p2a: Dragonite|Roost|p2a: Dragonite
|-heal|p2a: Dragonite|88/100
|-singleturn|p2a: Dragonite|move: Roost
|move|p1a: Kingsharp|Iron Head|p2a: Dragonite
|-damage|p2a: Dragonite|53/100
|
|-fieldend|move: Psychic Terrain
|upkeep
|turn|32
|
|t:|1760351504
|move|p2a: Dragonite|Roost|p2a: Dragonite
|-heal|p2a: Dragonite|100/100
|-singleturn|p2a: Dragonite|move: Roost
|move|p1a: Kingsharp|Iron Head|p2a: Dragonite
|-damage|p2a: Dragonite|81/100
|
|upkeep
|turn|33
|
|t:|1760351513
|move|p2a: Dragonite|Earthquake|p1a: Kingsharp
|-supereffective|p1a: Kingsharp
|-damage|p1a: Kingsharp|0 fnt
|faint|p1a: Kingsharp
|
|upkeep
|
|t:|1760351519
|switch|p1a: Indimale-te|Indeedee, M|16/100
|-fieldstart|move: Psychic Terrain|[from] ability: Psychic Surge|[of] p1a: Indimale-te
|turn|34
|
|t:|1760351524
|move|p1a: Indimale-te|Expanding Force|p2a: Dragonite
|-damage|p2a: Dragonite|2/100
|move|p2a: Dragonite|Earthquake|p1a: Indimale-te
|-damage|p1a: Indimale-te|0 fnt
|faint|p1a: Indimale-te
|
|upkeep
|
|t:|1760351532
|switch|p1a: PaleoRaptor|Walking Wake|57/100
|turn|35
|
|t:|1760351536
|move|p1a: PaleoRaptor|Hydro Steam|p2a: Dragonite
|-resisted|p2a: Dragonite
|-damage|p2a: Dragonite|0 fnt
|faint|p2a: Dragonite
|
|upkeep
|
|t:|1760351538
|switch|p2a: Gholdengo|Gholdengo|100/100
|turn|36
|
|t:|1760351544
|move|p2a: Gholdengo|Dazzling Gleam|p1a: PaleoRaptor
|-supereffective|p1a: PaleoRaptor
|-damage|p1a: PaleoRaptor|0 fnt
|faint|p1a: PaleoRaptor
|-end|p1a: PaleoRaptor|Protosynthesis|[silent]
|
|win|sanjo4
|raw|Mky27's rating: 1701 &rarr; <strong>1673</strong><br />(-28 for losing)
|raw|sanjo4's rating: 1558 &rarr; <strong>1586</strong><br />(+28 for winning)
|l|☆Mky27
|player|p1|
|l|☆sanjo4
|player|p2|
