|j|☆splishsplish12
|j|☆BuiThanhThien
|t:|1760333812
|gametype|singles
|player|p1|splishsplish12|steven|1073
|player|p2|BuiThanhThien|101|1104
|gen|9
|tier|[Gen 9] OU
|rated|
|rule|HP Percentage Mod: HP is shown in percentages
|rule|Endless Battle Clause: Forcing endless battles is banned
|rule|Species Clause: Limit one of each Pokémon
|rule|OHKO Clause: OHKO moves are banned
|rule|Evasion Items Clause: Evasion items are banned
|rule|Evasion Moves Clause: Evasion moves are banned
|rule|Evasion Abilities Clause: Evasion abilities are banned
|rule|Sleep Moves Clause: Sleep-inducing moves are banned
|clearpoke
|poke|p1|Snom, M|
|poke|p1|Ting-Lu|
|poke|p1|Pecharunt|
|poke|p1|Registeel|
|poke|p1|Dragapult, F|
|poke|p1|Kubfu, F|
|poke|p2|Kingambit, F|
|poke|p2|Cinderace, F|
|poke|p2|Landorus-Therian, M|
|poke|p2|Iron Valiant|
|poke|p2|Kyurem|
|poke|p2|Slowking-Galar, M|
|teampreview
|
|t:|1760333831
|teamsize|p1|6
|teamsize|p2|6
|start
|switch|p1a: Kubfu|Kubfu, F|100/100
|switch|p2a: Homelandor|Landorus-Therian, M, shiny|100/100
|-ability|p2a: Homelandor|Intimidate|boost
|-fail|p1a: Kubfu|unboost|Attack|[from] ability: Inner Focus|[of] p1a: Kubfu
|turn|1
|
|t:|1760333841
|move|p2a: Homelandor|Stealth Rock|p1a: Kubfu
|-sidestart|p1: splishsplish12|move: Stealth Rock
|move|p1a: Kubfu|Counter||[still]
|-fail|p1a: Kubfu
|
|upkeep
|turn|2
|
|t:|1760333854
|move|p2a: Homelandor|U-turn|p1a: Kubfu
|-resisted|p1a: Kubfu
|-damage|p1a: Kubfu|78/100
|
|t:|1760333857
|switch|p2a: WALL-Y|Iron Valiant|100/100|[from] U-turn
|-enditem|p2a: WALL-Y|Booster Energy
|-activate|p2a: WALL-Y|ability: Quark Drive|[fromitem]
|-start|p2a: WALL-Y|quarkdrivespe
|move|p1a: Kubfu|Counter|p2a: WALL-Y
|-damage|p2a: WALL-Y|59/100
|
|upkeep
|turn|3
|
|t:|1760333873
|switch|p1a: Registeel|Registeel|100/100
|-damage|p1a: Registeel|94/100|[from] Stealth Rock
|-terastallize|p2a: WALL-Y|Ghost
|move|p2a: WALL-Y|Calm Mind|p2a: WALL-Y
|-boost|p2a: WALL-Y|spa|1
|-boost|p2a: WALL-Y|spd|1
|
|-heal|p1a: Registeel|100/100|[from] item: Leftovers
|upkeep
|turn|4
|
|t:|1760333889
|move|p2a: WALL-Y|Moonblast|p1a: Registeel
|-resisted|p1a: Registeel
|-damage|p1a: Registeel|81/100
|move|p1a: Registeel|Heavy Slam|p2a: WALL-Y
|-damage|p2a: WALL-Y|20/100
|
|-heal|p1a: Registeel|87/100|[from] item: Leftovers
|upkeep
|turn|5
|
|t:|1760333906
|-end|p2a: WALL-Y|Quark Drive|[silent]
|switch|p2a: Mr. Freeze|Kyurem, shiny|100/100
|-ability|p2a: Mr. Freeze|Pressure
|move|p1a: Registeel|Heavy Slam|p2a: Mr. Freeze
|-supereffective|p2a: Mr. Freeze
|-damage|p2a: Mr. Freeze|81/100
|
|-heal|p2a: Mr. Freeze|87/100|[from] item: Leftovers
|-heal|p1a: Registeel|93/100|[from] item: Leftovers
|upkeep
|turn|6
|
|t:|1760333937
|move|p2a: Mr. Freeze|Body Press|p1a: Registeel
|-supereffective|p1a: Registeel
|-damage|p1a: Registeel|72/100
|move|p1a: Registeel|Iron Defense|p1a: Registeel
|-boost|p1a: Registeel|def|2
|
|-heal|p2a: Mr. Freeze|93/100|[from] item: Leftovers
|-heal|p1a: Registeel|78/100|[from] item: Leftovers
|upkeep
|turn|7
|
|t:|1760333949
|move|p2a: Mr. Freeze|Earth Power|p1a: Registeel
|-supereffective|p1a: Registeel
|-damage|p1a: Registeel|42/100
|move|p1a: Registeel|Hard Press|p2a: Mr. Freeze
|-supereffective|p2a: Mr. Freeze
|-damage|p2a: Mr. Freeze|43/100
|
|-heal|p2a: Mr. Freeze|49/100|[from] item: Leftovers
|-heal|p1a: Registeel|49/100|[from] item: Leftovers
|upkeep
|turn|8
|
|t:|1760333960
|move|p2a: Mr. Freeze|Earth Power|p1a: Registeel
|-supereffective|p1a: Registeel
|-damage|p1a: Registeel|12/100
|move|p1a: Registeel|Body Press|p2a: Mr. Freeze
|-supereffective|p2a: Mr. Freeze
|-damage|p2a: Mr. Freeze|0 fnt
|faint|p2a: Mr. Freeze
|
|-heal|p1a: Registeel|18/100|[from] item: Leftovers
|upkeep
|
|t:|1760333968
|switch|p2a: Kristine|Cinderace, F, shiny|100/100
|turn|9
|
|t:|1760333971
|move|p2a: Kristine|Pyro Ball|p1a: Registeel
|-supereffective|p1a: Registeel
|-damage|p1a: Registeel|0 fnt
|faint|p1a: Registeel
|
|upkeep
|
|t:|1760333975
|switch|p1a: Kubfu|Kubfu, F|78/100
|-damage|p1a: Kubfu|71/100|[from] Stealth Rock
|turn|10
|
|t:|1760333980
|move|p2a: Kristine|U-turn|p1a: Kubfu
|-resisted|p1a: Kubfu
|-damage|p1a: Kubfu|50/100
|
|t:|1760333984
|switch|p2a: Homelandor|Landorus-Therian, M, shiny|100/100|[from] U-turn
|-ability|p2a: Homelandor|Intimidate|boost
|-fail|p1a: Kubfu|unboost|Attack|[from] ability: Inner Focus|[of] p1a: Kubfu
|move|p1a: Kubfu|Dynamic Punch|p2a: Homelandor|[miss]
|-miss|p1a: Kubfu|p2a: Homelandor
|
|upkeep
|turn|11
|
|t:|1760333993
|move|p2a: Homelandor|Earthquake|p1a: Kubfu
|-damage|p1a: Kubfu|0 fnt
|faint|p1a: Kubfu
|
|upkeep
|
|t:|1760334000
|switch|p1a: Dragapult|Dragapult, F|100/100
|-damage|p1a: Dragapult|88/100|[from] Stealth Rock
|turn|12
|
|t:|1760334010
|move|p1a: Dragapult|Draco Meteor|p2a: Homelandor
|-damage|p2a: Homelandor|0 fnt
|-unboost|p1a: Dragapult|spa|2
|faint|p2a: Homelandor
|
|upkeep
|
|t:|1760334019
|switch|p2a: Daenerys|Kingambit, F|100/100
|-activate|p2a: Daenerys|ability: Supreme Overlord
|-start|p2a: Daenerys|fallen2|[silent]
|turn|13
|
|t:|1760334024
|switch|p1a: Ting-Lu|Ting-Lu|100/100
|-damage|p1a: Ting-Lu|94/100|[from] Stealth Rock
|-ability|p1a: Ting-Lu|Vessel of Ruin
|move|p2a: Daenerys|Sucker Punch||[still]
|-fail|p2a: Daenerys
|
|upkeep
|turn|14
|
|t:|1760334042
|move|p2a: Daenerys|Swords Dance|p2a: Daenerys
|-boost|p2a: Daenerys|atk|2
|move|p1a: Ting-Lu|Earthquake|p2a: Daenerys
|-supereffective|p2a: Daenerys
|-damage|p2a: Daenerys|40/100
|
|-heal|p2a: Daenerys|46/100|[from] item: Leftovers
|upkeep
|turn|15
|
|t:|1760334052
|move|p2a: Daenerys|Iron Head|p1a: Ting-Lu
|-damage|p1a: Ting-Lu|47/100
|-damage|p2a: Daenerys|29/100|[from] item: Rocky Helmet|[of] p1a: Ting-Lu
|move|p1a: Ting-Lu|Earthquake|p2a: Daenerys
|-supereffective|p2a: Daenerys
|-damage|p2a: Daenerys|0 fnt
|faint|p2a: Daenerys
|-end|p2a: Daenerys|fallen2|[silent]
|
|upkeep
|
|t:|1760334059
|switch|p2a: WALL-Y|Iron Valiant, tera:Ghost|20/100
|turn|16
|
|t:|1760334063
|move|p2a: WALL-Y|Moonblast|p1a: Ting-Lu
|-supereffective|p1a: Ting-Lu
|-damage|p1a: Ting-Lu|0 fnt
|faint|p1a: Ting-Lu
|
|upkeep
|
|t:|1760334070
|switch|p1a: Dragapult|Dragapult, F|88/100
|-damage|p1a: Dragapult|76/100|[from] Stealth Rock
|turn|17
|
|t:|1760334089
|-end|p2a: WALL-Y|Quark Drive|[silent]
|switch|p2a: Chillionaire|Slowking-Galar, M, shiny|100/100
|-terastallize|p1a: Dragapult|Ground
|move|p1a: Dragapult|Tera Blast|p2a: Chillionaire|[anim] Tera Blast Ground
|-supereffective|p2a: Chillionaire
|-damage|p2a: Chillionaire|44/100
|
|upkeep
|turn|18
|
|t:|1760334101
|move|p1a: Dragapult|Tera Blast|p2a: Chillionaire|[anim] Tera Blast Ground
|-supereffective|p2a: Chillionaire
|-damage|p2a: Chillionaire|0 fnt
|faint|p2a: Chillionaire
|
|upkeep
|
|t:|1760334106
|switch|p2a: Kristine|Cinderace, F, shiny|100/100
|turn|19
|
|t:|1760334113
|move|p1a: Dragapult|Tera Blast|p2a: Kristine|[anim] Tera Blast Ground
|-supereffective|p2a: Kristine
|-damage|p2a: Kristine|0 fnt
|faint|p2a: Kristine
|
|upkeep
|
|t:|1760334117
|switch|p2a: WALL-Y|Iron Valiant, tera:Ghost|20/100
|turn|20
|
|t:|1760334120
|move|p1a: Dragapult|Tera Blast|p2a: WALL-Y|[anim] Tera Blast Ground
|-damage|p2a: WALL-Y|0 fnt
|faint|p2a: WALL-Y
|-end|p2a: WALL-Y|Quark Drive|[silent]
|
|win|splishsplish12
|raw|splishsplish12's rating: 1073 &rarr; <strong>1105</strong><br />(+32 for winning)
|raw|BuiThanhThien's rating: 1104 &rarr; <strong>1077</strong><br />(-27 for losing)
|c|☆splishsplish12|gg
|c|☆BuiThanhThien|gg
|l|☆BuiThanhThien
|player|p2|
|l|☆splishsplish12
|player|p1|
