|j|☆MrSlayr
|j|☆Passerby bye
|t:|1760352809
|gametype|singles
|player|p1|MrSlayr|cynthia-gen4|1382
|player|p2|Passerby bye|scientist-gen4|1363
|gen|9
|tier|[Gen 9] OU
|rated|
|rule|HP Percentage Mod: HP is shown in percentages
|rule|Endless Battle Clause: Forcing endless battles is banned
|rule|Species Clause: Limit one of each Pokémon
|rule|OHKO Clause: OHKO moves are banned
|rule|Evasion Items Clause: Evasion items are banned
|rule|Evasion Moves Clause: Evasion moves are banned
|rule|Evasion Abilities Clause: Evasion abilities are banned
|rule|Sleep Moves Clause: Sleep-inducing moves are banned
|clearpoke
|poke|p1|Lokix, M|
|poke|p1|Gliscor, F|
|poke|p1|Walking Wake|
|poke|p1|Ogerpon-Wellspring, F|
|poke|p1|Heatran, M|
|poke|p1|Iron Treads|
|poke|p2|Vileplume, M|
|poke|p2|Houndoom, M|
|poke|p2|Gliscor, F|
|poke|p2|Magnezone|
|poke|p2|Azumarill, M|
|poke|p2|Mismagius, F|
|teampreview
|
|t:|1760352821
|teamsize|p1|6
|teamsize|p2|6
|start
|switch|p1a: Ogerpon|Ogerpon-Wellspring, F|100/100
|switch|p2a: Vileplume|Vileplume, M|100/100
|turn|1
|
|t:|1760352831
|switch|p1a: Iron Treads|Iron Treads|100/100
|move|p2a: Vileplume|Leech Seed|p1a: Iron Treads
|-start|p1a: Iron Treads|move: Leech Seed
|
|-damage|p1a: Iron Treads|88/100|[from] Leech Seed|[of] p2a: Vileplume
|upkeep
|turn|2
|
|t:|1760352837
|move|p1a: Iron Treads|Rapid Spin|p2a: Vileplume
|-damage|p2a: Vileplume|88/100
|-boost|p1a: Iron Treads|spe|1
|-damage|p1a: Iron Treads|72/100|[from] item: Rocky Helmet|[of] p2a: Vileplume
|-end|p1a: Iron Treads|Leech Seed|[from] move: Rapid Spin|[of] p1a: Iron Treads
|move|p2a: Vileplume|Giga Drain|p1a: Iron Treads
|-damage|p1a: Iron Treads|30/100
|-heal|p2a: Vileplume|100/100|[from] drain|[of] p1a: Iron Treads
|
|-heal|p1a: Iron Treads|37/100|[from] item: Leftovers
|upkeep
|turn|3
|
|t:|1760352844
|-end|p1a: Iron Treads|Quark Drive|[silent]
|switch|p1a: Heatran|Heatran, M, shiny|100/100
|move|p2a: Vileplume|Giga Drain|p1a: Heatran
|-resisted|p1a: Heatran
|-damage|p1a: Heatran|96/100
|
|-heal|p1a: Heatran|100/100|[from] item: Leftovers
|upkeep
|turn|4
|
|t:|1760352853
|switch|p2a: Azumarill|Azumarill, M|100/100
|move|p1a: Heatran|Earth Power|p2a: Azumarill
|-damage|p2a: Azumarill|79/100
|
|upkeep
|turn|5
|
|t:|1760352860
|move|p1a: Heatran|Will-O-Wisp|p2a: Azumarill
|-status|p2a: Azumarill|brn
|move|p2a: Azumarill|Knock Off|p1a: Heatran
|-damage|p1a: Heatran|83/100
|-enditem|p1a: Heatran|Leftovers|[from] move: Knock Off|[of] p2a: Azumarill
|
|-damage|p2a: Azumarill|73/100 brn|[from] brn
|upkeep
|turn|6
|
|t:|1760352866
|switch|p1a: Ogerpon|Ogerpon-Wellspring, F|100/100
|move|p2a: Azumarill|Liquidation|p1a: Ogerpon
|-immune|p1a: Ogerpon|[from] ability: Water Absorb
|
|-damage|p2a: Azumarill|67/100 brn|[from] brn
|upkeep
|turn|7
|
|t:|1760352873
|switch|p2a: Vileplume|Vileplume, M|100/100
|move|p1a: Ogerpon|Swords Dance|p1a: Ogerpon
|-boost|p1a: Ogerpon|atk|2
|
|upkeep
|turn|8
|
|t:|1760352897
|-terastallize|p1a: Ogerpon|Water
|detailschange|p1a: Ogerpon|Ogerpon-Wellspring-Tera, F, tera:Water
|-ability|p1a: Ogerpon|Embody Aspect (Wellspring)|boost
|-boost|p1a: Ogerpon|spd|1
|move|p1a: Ogerpon|Swords Dance|p1a: Ogerpon
|-boost|p1a: Ogerpon|atk|2
|move|p2a: Vileplume|Strength Sap|p1a: Ogerpon
|-unboost|p1a: Ogerpon|atk|1
|
|upkeep
|turn|9
|
|t:|1760352910
|move|p1a: Ogerpon|Knock Off|p2a: Vileplume
|-damage|p2a: Vileplume|25/100
|-damage|p1a: Ogerpon|84/100|[from] item: Rocky Helmet|[of] p2a: Vileplume
|-status|p1a: Ogerpon|par|[from] ability: Effect Spore|[of] p2a: Vileplume
|-enditem|p2a: Vileplume|Rocky Helmet|[from] move: Knock Off|[of] p1a: Ogerpon
|move|p2a: Vileplume|Strength Sap|p1a: Ogerpon
|-unboost|p1a: Ogerpon|atk|1
|-heal|p2a: Vileplume|100/100
|
|upkeep
|turn|10
|
|t:|1760352918
|switch|p1a: Heatran|Heatran, M, shiny|83/100
|move|p2a: Vileplume|Giga Drain|p1a: Heatran
|-resisted|p1a: Heatran
|-damage|p1a: Heatran|78/100
|
|upkeep
|turn|11
|
|t:|1760352924
|switch|p2a: Azumarill|Azumarill, M|67/100 brn
|move|p1a: Heatran|Fire Blast|p2a: Azumarill
|-resisted|p2a: Azumarill
|-damage|p2a: Azumarill|50/100 brn
|
|-damage|p2a: Azumarill|44/100 brn|[from] brn
|upkeep
|turn|12
|
|t:|1760352929
|move|p1a: Heatran|Flash Cannon|p2a: Azumarill
|-damage|p2a: Azumarill|17/100 brn
|move|p2a: Azumarill|Play Rough|p1a: Heatran
|-resisted|p1a: Heatran
|-damage|p1a: Heatran|72/100
|
|-damage|p2a: Azumarill|11/100 brn|[from] brn
|upkeep
|turn|13
|
|t:|1760352934
|switch|p1a: Ogerpon|Ogerpon-Wellspring-Tera, F, tera:Water|84/100 par
|-ability|p1a: Ogerpon|Embody Aspect (Wellspring)|boost
|-boost|p1a: Ogerpon|spd|1
|move|p2a: Azumarill|Liquidation|p1a: Ogerpon
|-resisted|p1a: Ogerpon
|-damage|p1a: Ogerpon|68/100 par
|
|-damage|p2a: Azumarill|4/100 brn|[from] brn
|upkeep
|turn|14
|
|t:|1760352941
|switch|p1a: Heatran|Heatran, M, shiny|72/100
|move|p2a: Azumarill|Play Rough|p1a: Heatran
|-resisted|p1a: Heatran
|-damage|p1a: Heatran|66/100
|
|-damage|p2a: Azumarill|0 fnt|[from] brn
|faint|p2a: Azumarill
|upkeep
|
|t:|1760352950
|switch|p2a: Gliscor|Gliscor, F|100/100
|turn|15
|
|t:|1760352953
|move|p2a: Gliscor|Earthquake|p1a: Heatran
|-supereffective|p1a: Heatran
|-damage|p1a: Heatran|0 fnt
|faint|p1a: Heatran
|
|-status|p2a: Gliscor|tox|[from] item: Toxic Orb
|upkeep
|
|t:|1760352955
|switch|p1a: Walking Wake|Walking Wake|100/100
|turn|16
|
|t:|1760352963
|move|p2a: Gliscor|Protect|p2a: Gliscor
|-singleturn|p2a: Gliscor|Protect
|move|p1a: Walking Wake|Hydro Steam|p2a: Gliscor
|-activate|p2a: Gliscor|move: Protect
|
|upkeep
|turn|17
|
|t:|1760352983
|-terastallize|p2a: Gliscor|Water
|move|p1a: Walking Wake|Hurricane|p2a: Gliscor
|-damage|p2a: Gliscor|71/100 tox
|-start|p2a: Gliscor|confusion
|-activate|p2a: Gliscor|confusion
|move|p2a: Gliscor|Swords Dance|p2a: Gliscor
|-boost|p2a: Gliscor|atk|2
|
|-heal|p2a: Gliscor|83/100 tox|[from] ability: Poison Heal
|upkeep
|turn|18
|
|t:|1760352991
|move|p1a: Walking Wake|Hurricane|p2a: Gliscor
|-damage|p2a: Gliscor|53/100 tox
|-activate|p2a: Gliscor|confusion
|-damage|p2a: Gliscor|38/100 tox|[from] confusion
|
|-heal|p2a: Gliscor|50/100 tox|[from] ability: Poison Heal
|upkeep
|turn|19
|
|t:|1760352995
|-activate|p2a: Gliscor|confusion
|move|p2a: Gliscor|Protect|p2a: Gliscor
|-singleturn|p2a: Gliscor|Protect
|move|p1a: Walking Wake|Hurricane|p2a: Gliscor
|-activate|p2a: Gliscor|move: Protect
|
|-heal|p2a: Gliscor|63/100 tox|[from] ability: Poison Heal
|upkeep
|turn|20
|
|t:|1760352998
|move|p1a: Walking Wake|Draco Meteor|p2a: Gliscor
|-damage|p2a: Gliscor|15/100 tox
|-unboost|p1a: Walking Wake|spa|2
|-activate|p2a: Gliscor|confusion
|-damage|p2a: Gliscor|1/100 tox|[from] confusion
|
|-heal|p2a: Gliscor|13/100 tox|[from] ability: Poison Heal
|upkeep
|turn|21
|
|t:|1760353013
|-end|p1a: Walking Wake|Protosynthesis|[silent]
|switch|p1a: Gliscor|Gliscor, F|100/100
|-end|p2a: Gliscor|confusion
|move|p2a: Gliscor|Protect||[still]
|-fail|p2a: Gliscor
|
|-heal|p2a: Gliscor|26/100 tox|[from] ability: Poison Heal
|-status|p1a: Gliscor|tox|[from] item: Toxic Orb
|upkeep
|turn|22
|
|t:|1760353020
|move|p1a: Gliscor|Stealth Rock|p2a: Gliscor
|-sidestart|p2: Passerby bye|move: Stealth Rock
|move|p2a: Gliscor|Stone Edge|p1a: Gliscor
|-damage|p1a: Gliscor|63/100 tox
|
|-heal|p1a: Gliscor|76/100 tox|[from] ability: Poison Heal
|-heal|p2a: Gliscor|38/100 tox|[from] ability: Poison Heal
|upkeep
|turn|23
|
|t:|1760353024
|move|p2a: Gliscor|Protect|p2a: Gliscor
|-singleturn|p2a: Gliscor|Protect
|move|p1a: Gliscor|Earthquake|p2a: Gliscor
|-activate|p2a: Gliscor|move: Protect
|
|-heal|p2a: Gliscor|51/100 tox|[from] ability: Poison Heal
|-heal|p1a: Gliscor|88/100 tox|[from] ability: Poison Heal
|upkeep
|turn|24
|
|t:|1760353027
|move|p2a: Gliscor|Swords Dance|p2a: Gliscor
|-boost|p2a: Gliscor|atk|2
|move|p1a: Gliscor|Earthquake|p2a: Gliscor
|-damage|p2a: Gliscor|27/100 tox
|
|-heal|p1a: Gliscor|100/100 tox|[from] ability: Poison Heal
|-heal|p2a: Gliscor|39/100 tox|[from] ability: Poison Heal
|upkeep
|turn|25
|
|t:|1760353038
|move|p2a: Gliscor|Protect|p2a: Gliscor
|-singleturn|p2a: Gliscor|Protect
|move|p1a: Gliscor|Earthquake|p2a: Gliscor
|-activate|p2a: Gliscor|move: Protect
|
|-heal|p2a: Gliscor|52/100 tox|[from] ability: Poison Heal
|upkeep
|turn|26
|
|t:|1760353042
|move|p1a: Gliscor|Earthquake|p2a: Gliscor
|-damage|p2a: Gliscor|24/100 tox
|move|p2a: Gliscor|Swords Dance|p2a: Gliscor
|-boost|p2a: Gliscor|atk|2
|
|-heal|p2a: Gliscor|37/100 tox|[from] ability: Poison Heal
|upkeep
|turn|27
|
|t:|1760353051
|move|p2a: Gliscor|Protect|p2a: Gliscor
|-singleturn|p2a: Gliscor|Protect
|move|p1a: Gliscor|Earthquake|p2a: Gliscor
|-activate|p2a: Gliscor|move: Protect
|
|-heal|p2a: Gliscor|49/100 tox|[from] ability: Poison Heal
|upkeep
|turn|28
|
|t:|1760353056
|move|p2a: Gliscor|Stone Edge|p1a: Gliscor
|-damage|p1a: Gliscor|30/100 tox
|move|p1a: Gliscor|Earthquake|p2a: Gliscor
|-damage|p2a: Gliscor|22/100 tox
|
|-heal|p2a: Gliscor|34/100 tox|[from] ability: Poison Heal
|-heal|p1a: Gliscor|42/100 tox|[from] ability: Poison Heal
|upkeep
|turn|29
|
|t:|1760353062
|move|p2a: Gliscor|Protect|p2a: Gliscor
|-singleturn|p2a: Gliscor|Protect
|move|p1a: Gliscor|Earthquake|p2a: Gliscor
|-activate|p2a: Gliscor|move: Protect
|
|-heal|p1a: Gliscor|55/100 tox|[from] ability: Poison Heal
|-heal|p2a: Gliscor|47/100 tox|[from] ability: Poison Heal
|upkeep
|turn|30
|
|t:|1760353065
|move|p2a: Gliscor|Stone Edge|p1a: Gliscor
|-damage|p1a: Gliscor|0 fnt
|faint|p1a: Gliscor
|
|-heal|p2a: Gliscor|59/100 tox|[from] ability: Poison Heal
|upkeep
|-message|MrSlayr forfeited.
|
|win|Passerby bye
|raw|MrSlayr's rating: 1382 &rarr; <strong>1361</strong><br />(-21 for losing)
|raw|Passerby bye's rating: 1363 &rarr; <strong>1384</strong><br />(+21 for winning)
|l|☆MrSlayr
|player|p1|
|l|☆Passerby bye
|player|p2|
