|j|☆Earthbind
|j|☆LandoLover
|t:|1760363029
|gametype|singles
|player|p1|Earthbind|2|1287
|player|p2|LandoLover|2|1326
|gen|9
|tier|[Gen 9] OU
|rated|
|rule|HP Percentage Mod: HP is shown in percentages
|rule|Endless Battle Clause: Forcing endless battles is banned
|rule|Species Clause: Limit one of each Pokémon
|rule|OHKO Clause: OHKO moves are banned
|rule|Evasion Items Clause: Evasion items are banned
|rule|Evasion Moves Clause: Evasion moves are banned
|rule|Evasion Abilities Clause: Evasion abilities are banned
|rule|Sleep Moves Clause: Sleep-inducing moves are banned
|clearpoke
|poke|p1|Pelipper, F|
|poke|p1|Iron Treads|
|poke|p1|Toxicroak, F|
|poke|p1|Zapdos|
|poke|p1|Poliwrath, M|
|poke|p1|Thundurus, M|
|poke|p2|Ribombee, F|
|poke|p2|Manaphy|
|poke|p2|Gliscor, M|
|poke|p2|Iron Moth|
|poke|p2|Iron Valiant|
|poke|p2|Kingambit, M|
|teampreview
|
|t:|1760363053
|teamsize|p1|6
|teamsize|p2|6
|start
|switch|p1a: Pelipper|Pelipper, F|100/100
|switch|p2a: Gliscor|Gliscor, M|100/100
|-weather|RainDance|[from] ability: Drizzle|[of] p1a: Pelipper
|turn|1
|
|t:|1760363059
|move|p2a: Gliscor|Protect|p2a: Gliscor
|-singleturn|p2a: Gliscor|Protect
|move|p1a: Pelipper|Knock Off|p2a: Gliscor
|-activate|p2a: Gliscor|move: Protect
|
|-weather|RainDance|[upkeep]
|-status|p2a: Gliscor|tox|[from] item: Toxic Orb
|upkeep
|turn|2
|
|t:|1760363065
|move|p2a: Gliscor|Toxic|p1a: Pelipper
|-status|p1a: Pelipper|tox
|move|p1a: Pelipper|U-turn|p2a: Gliscor
|-resisted|p2a: Gliscor
|-damage|p2a: Gliscor|98/100 tox
|
|t:|1760363071
|switch|p1a: One Punch Man|Poliwrath, M|100/100|[from] U-turn
|
|-weather|RainDance|[upkeep]
|-heal|p2a: Gliscor|100/100 tox|[from] ability: Poison Heal
|upkeep
|turn|3
|
|t:|1760363084
|move|p2a: Gliscor|Protect|p2a: Gliscor
|-singleturn|p2a: Gliscor|Protect
|move|p1a: One Punch Man|Belly Drum|p1a: One Punch Man
|-damage|p1a: One Punch Man|50/100
|-setboost|p1a: One Punch Man|atk|6|[from] move: Belly Drum
|-enditem|p1a: One Punch Man|Sitrus Berry|[eat]
|-heal|p1a: One Punch Man|75/100|[from] item: Sitrus Berry
|
|-weather|RainDance|[upkeep]
|upkeep
|turn|4
|
|t:|1760363109
|switch|p2a: Iron Moth|Iron Moth|100/100
|-enditem|p2a: Iron Moth|Booster Energy
|-activate|p2a: Iron Moth|ability: Quark Drive|[fromitem]
|-start|p2a: Iron Moth|quarkdrivespa
|move|p1a: One Punch Man|Drain Punch|p2a: Iron Moth
|-resisted|p2a: Iron Moth
|-damage|p2a: Iron Moth|0 fnt
|-heal|p1a: One Punch Man|100/100|[from] drain|[of] p2a: Iron Moth
|faint|p2a: Iron Moth
|-end|p2a: Iron Moth|Quark Drive|[silent]
|
|-weather|RainDance|[upkeep]
|upkeep
|
|t:|1760363112
|switch|p2a: Iron Valiant|Iron Valiant|100/100
|-enditem|p2a: Iron Valiant|Booster Energy
|-activate|p2a: Iron Valiant|ability: Quark Drive|[fromitem]
|-start|p2a: Iron Valiant|quarkdrivespe
|turn|5
|
|t:|1760363123
|-terastallize|p1a: One Punch Man|Fairy
|move|p2a: Iron Valiant|Close Combat|p1a: One Punch Man
|-resisted|p1a: One Punch Man
|-damage|p1a: One Punch Man|66/100
|-unboost|p2a: Iron Valiant|def|1
|-unboost|p2a: Iron Valiant|spd|1
|move|p1a: One Punch Man|Liquidation|p2a: Iron Valiant
|-damage|p2a: Iron Valiant|0 fnt
|faint|p2a: Iron Valiant
|-end|p2a: Iron Valiant|Quark Drive|[silent]
|
|-weather|RainDance|[upkeep]
|upkeep
|
|t:|1760363128
|switch|p2a: Ribombee|Ribombee, F|100/100
|turn|6
|
|t:|1760363138
|move|p1a: One Punch Man|Liquidation|p2a: Ribombee
|-enditem|p2a: Ribombee|Focus Sash
|-damage|p2a: Ribombee|1/100
|move|p2a: Ribombee|Stun Spore|p1a: One Punch Man
|-status|p1a: One Punch Man|par
|
|-weather|RainDance|[upkeep]
|upkeep
|turn|7
|
|t:|1760363148
|move|p2a: Ribombee|Psychic|p1a: One Punch Man
|-crit|p1a: One Punch Man
|-damage|p1a: One Punch Man|26/100 par
|move|p1a: One Punch Man|Liquidation|p2a: Ribombee
|-damage|p2a: Ribombee|0 fnt
|faint|p2a: Ribombee
|
|-weather|RainDance|[upkeep]
|upkeep
|
|t:|1760363153
|switch|p2a: Manaphy|Manaphy|100/100
|turn|8
|
|t:|1760363156
|move|p2a: Manaphy|Scald|p1a: One Punch Man
|-damage|p1a: One Punch Man|0 fnt
|faint|p1a: One Punch Man
|
|-weather|none
|upkeep
|
|t:|1760363162
|switch|p1a: Pelipper|Pelipper, F|100/100 tox
|-weather|RainDance|[from] ability: Drizzle|[of] p1a: Pelipper
|turn|9
|
|t:|1760363167
|move|p2a: Manaphy|Take Heart|p2a: Manaphy
|-boost|p2a: Manaphy|spa|1
|-boost|p2a: Manaphy|spd|1
|move|p1a: Pelipper|U-turn|p2a: Manaphy
|-damage|p2a: Manaphy|93/100
|
|t:|1760363176
|switch|p1a: Zapdos|Zapdos|100/100|[from] U-turn
|
|-weather|RainDance|[upkeep]
|-heal|p2a: Manaphy|99/100|[from] item: Leftovers
|upkeep
|turn|10
|
|t:|1760363184
|-terastallize|p2a: Manaphy|Dragon
|move|p2a: Manaphy|Take Heart|p2a: Manaphy
|-boost|p2a: Manaphy|spa|1
|-boost|p2a: Manaphy|spd|1
|move|p1a: Zapdos|Thunder|p2a: Manaphy
|-resisted|p2a: Manaphy
|-damage|p2a: Manaphy|82/100
|
|-weather|RainDance|[upkeep]
|-heal|p2a: Manaphy|88/100|[from] item: Leftovers
|upkeep
|turn|11
|
|t:|1760363194
|switch|p1a: Thundurus|Thundurus, M|100/100
|move|p2a: Manaphy|Acid Armor|p2a: Manaphy
|-boost|p2a: Manaphy|def|2
|
|-weather|RainDance|[upkeep]
|-heal|p2a: Manaphy|95/100|[from] item: Leftovers
|upkeep
|turn|12
|
|t:|1760363202
|move|p1a: Thundurus|Eerie Impulse|p2a: Manaphy
|-unboost|p2a: Manaphy|spa|2
|move|p2a: Manaphy|Scald|p1a: Thundurus
|-damage|p1a: Thundurus|65/100
|
|-weather|RainDance|[upkeep]
|-heal|p2a: Manaphy|100/100|[from] item: Leftovers
|upkeep
|turn|13
|
|t:|1760363210
|move|p1a: Thundurus|Thunder Wave|p2a: Manaphy
|-status|p2a: Manaphy|par
|move|p2a: Manaphy|Take Heart|p2a: Manaphy
|-boost|p2a: Manaphy|spa|1
|-boost|p2a: Manaphy|spd|1
|-curestatus|p2a: Manaphy|par|[msg]
|
|-weather|RainDance|[upkeep]
|upkeep
|turn|14
|
|t:|1760363217
|move|p1a: Thundurus|Eerie Impulse|p2a: Manaphy
|-unboost|p2a: Manaphy|spa|2
|move|p2a: Manaphy|Take Heart|p2a: Manaphy
|-boost|p2a: Manaphy|spa|1
|-boost|p2a: Manaphy|spd|1
|
|-weather|RainDance|[upkeep]
|upkeep
|turn|15
|
|t:|1760363225
|move|p1a: Thundurus|Eerie Impulse|p2a: Manaphy
|-unboost|p2a: Manaphy|spa|2
|move|p2a: Manaphy|Take Heart|p2a: Manaphy
|-boost|p2a: Manaphy|spa|1
|-boost|p2a: Manaphy|spd|1
|
|-weather|RainDance|[upkeep]
|upkeep
|turn|16
|
|t:|1760363232
|move|p1a: Thundurus|Eerie Impulse|p2a: Manaphy
|-unboost|p2a: Manaphy|spa|2
|move|p2a: Manaphy|Take Heart|p2a: Manaphy
|-boost|p2a: Manaphy|spa|1
|-boost|p2a: Manaphy|spd|1
|
|-weather|none
|upkeep
|turn|17
|
|t:|1760363241
|move|p1a: Thundurus|Thunder Wave|p2a: Manaphy
|-status|p2a: Manaphy|par
|cant|p2a: Manaphy|par
|
|upkeep
|turn|18
|
|t:|1760363246
|move|p1a: Thundurus|Volt Switch|p2a: Manaphy
|-resisted|p2a: Manaphy
|-damage|p2a: Manaphy|98/100 par
|
|t:|1760363250
|switch|p1a: Toxicroak|Toxicroak, F|100/100|[from] Volt Switch
|cant|p2a: Manaphy|par
|
|-heal|p2a: Manaphy|100/100 par|[from] item: Leftovers
|upkeep
|turn|19
|
|t:|1760363259
|move|p1a: Toxicroak|Knock Off|p2a: Manaphy
|-damage|p2a: Manaphy|91/100 par
|-enditem|p2a: Manaphy|Leftovers|[from] move: Knock Off|[of] p1a: Toxicroak
|cant|p2a: Manaphy|par
|
|upkeep
|turn|20
|
|t:|1760363265
|move|p1a: Toxicroak|Drain Punch|p2a: Manaphy
|-damage|p2a: Manaphy|79/100 par
|move|p2a: Manaphy|Take Heart|p2a: Manaphy
|-boost|p2a: Manaphy|spa|1
|-boost|p2a: Manaphy|spd|0
|-curestatus|p2a: Manaphy|par|[msg]
|
|upkeep
|turn|21
|
|t:|1760363272
|move|p2a: Manaphy|Stored Power|p1a: Toxicroak
|-supereffective|p1a: Toxicroak
|-damage|p1a: Toxicroak|0 fnt
|faint|p1a: Toxicroak
|
|upkeep
|-message|Earthbind forfeited.
|
|win|LandoLover
|raw|Earthbind's rating: 1287 &rarr; <strong>1265</strong><br />(-22 for losing)
|raw|LandoLover's rating: 1326 &rarr; <strong>1344</strong><br />(+18 for winning)
|l|☆Earthbind
|player|p1|
|l|☆LandoLover
|player|p2|
