|j|☆V1C7ORYY
|j|☆chu shei
|inactive|Battle timer is ON: inactive players will automatically lose when time's up.
|t:|1760315853
|gametype|singles
|player|p1|V1C7ORYY|bugcatcher-gen4dp|
|player|p2|chu shei|crasherwake|
|gen|9
|tier|[Gen 9] OU
|rated|Tournament battle
|rule|HP Percentage Mod: HP is shown in percentages
|rule|Endless Battle Clause: Forcing endless battles is banned
|rule|Species Clause: Limit one of each Pokémon
|rule|OHKO Clause: OHKO moves are banned
|rule|Evasion Items Clause: Evasion items are banned
|rule|Evasion Moves Clause: Evasion moves are banned
|rule|Evasion Abilities Clause: Evasion abilities are banned
|rule|Sleep Moves Clause: Sleep-inducing moves are banned
|raw|<div class="infobox"><details class="readmore" open><summary><strong>3 custom rules:</strong></summary> -blissey, -wailord, -wobbuffet</details></div>
|clearpoke
|poke|p1|Volcanion|
|poke|p1|Lokix, F|
|poke|p1|Klefki, F|
|poke|p1|Suicune|
|poke|p1|Drifblim, F|
|poke|p1|Tinkaton, F|
|poke|p2|Volcanion|
|poke|p2|Lokix, F|
|poke|p2|Klefki, F|
|poke|p2|Suicune|
|poke|p2|Drifblim, M|
|poke|p2|Tinkaton, F|
|teampreview
|j|*Lady Monita ☀
|inactive|chu shei also wants the timer to be on.
|
|t:|1760315866
|teamsize|p1|6
|teamsize|p2|6
|start
|switch|p1a: Tinkaton|Tinkaton, F|100/100
|switch|p2a: Tinkaton|Tinkaton, F|100/100
|-item|p2a: Tinkaton|Air Balloon
|-ability|p1a: Tinkaton|Mold Breaker
|turn|1
|
|t:|1760315876
|move|p2a: Tinkaton|Encore||[still]
|-fail|p2a: Tinkaton
|move|p1a: Tinkaton|Stealth Rock|p2a: Tinkaton
|-sidestart|p2: chu shei|move: Stealth Rock
|
|upkeep
|turn|2
|
|t:|1760315894
|switch|p1a: Volcanion|Volcanion|100/100
|move|p2a: Tinkaton|Knock Off|p1a: Volcanion
|-damage|p1a: Volcanion|90/100
|-enditem|p1a: Volcanion|Heavy-Duty Boots|[from] move: Knock Off|[of] p2a: Tinkaton
|
|upkeep
|turn|3
|
|t:|1760315911
|move|p2a: Tinkaton|Stealth Rock|p1a: Volcanion
|-sidestart|p1: V1C7ORYY|move: Stealth Rock
|move|p1a: Volcanion|Flame Charge|p2a: Tinkaton
|-supereffective|p2a: Tinkaton
|-damage|p2a: Tinkaton|56/100
|-boost|p1a: Volcanion|spe|1
|-enditem|p2a: Tinkaton|Air Balloon
|
|upkeep
|turn|4
|
|t:|1760315922
|switch|p2a: Suicune|Suicune|100/100
|-damage|p2a: Suicune|88/100|[from] Stealth Rock
|-ability|p2a: Suicune|Pressure
|move|p1a: Volcanion|Flame Charge|p2a: Suicune
|-resisted|p2a: Suicune
|-damage|p2a: Suicune|82/100
|-boost|p1a: Volcanion|spe|1
|
|-heal|p2a: Suicune|88/100|[from] item: Leftovers
|upkeep
|turn|5
|
|t:|1760315942
|switch|p1a: Suicune|Suicune|100/100
|-damage|p1a: Suicune|88/100|[from] Stealth Rock
|-ability|p1a: Suicune|Pressure
|move|p2a: Suicune|Calm Mind|p2a: Suicune
|-boost|p2a: Suicune|spa|1
|-boost|p2a: Suicune|spd|1
|
|-heal|p1a: Suicune|94/100|[from] item: Leftovers
|-heal|p2a: Suicune|94/100|[from] item: Leftovers
|upkeep
|turn|6
|
|t:|1760315959
|switch|p2a: Lokix|Lokix, F|100/100
|-damage|p2a: Lokix|76/100|[from] Stealth Rock
|move|p1a: Suicune|Calm Mind|p1a: Suicune
|-boost|p1a: Suicune|spa|1
|-boost|p1a: Suicune|spd|1
|
|-heal|p1a: Suicune|100/100|[from] item: Leftovers
|upkeep
|turn|7
|
|t:|1760315967
|move|p2a: Lokix|U-turn|p1a: Suicune
|-damage|p1a: Suicune|72/100
|
|t:|1760315974
|switch|p2a: Tinkaton|Tinkaton, F|56/100|[from] U-turn
|-damage|p2a: Tinkaton|49/100|[from] Stealth Rock
|move|p1a: Suicune|Scald|p2a: Tinkaton
|-damage|p2a: Tinkaton|16/100
|-status|p2a: Tinkaton|brn
|
|-heal|p1a: Suicune|78/100|[from] item: Leftovers
|-damage|p2a: Tinkaton|10/100 brn|[from] brn
|upkeep
|turn|8
|
|t:|1760315984
|move|p2a: Tinkaton|Encore|p1a: Suicune
|-start|p1a: Suicune|Encore
|move|p1a: Suicune|Scald|p2a: Tinkaton
|-damage|p2a: Tinkaton|0 fnt
|faint|p2a: Tinkaton
|
|-heal|p1a: Suicune|84/100|[from] item: Leftovers
|upkeep
|
|t:|1760315992
|switch|p2a: Volcanion|Volcanion|100/100
|-damage|p2a: Volcanion|76/100|[from] Stealth Rock
|turn|9
|
|t:|1760316002
|switch|p1a: Volcanion|Volcanion|90/100
|-damage|p1a: Volcanion|65/100|[from] Stealth Rock
|move|p2a: Volcanion|Earth Power|p1a: Volcanion
|-supereffective|p1a: Volcanion
|-damage|p1a: Volcanion|0 fnt
|faint|p1a: Volcanion
|
|upkeep
|
|t:|1760316016
|switch|p1a: Lokix|Lokix, F|100/100
|turn|10
|
|t:|1760316026
|switch|p2a: Klefki|Klefki, F|100/100
|-damage|p2a: Klefki|95/100|[from] Stealth Rock
|move|p1a: Lokix|U-turn|p2a: Klefki
|-resisted|p2a: Klefki
|-damage|p2a: Klefki|81/100
|
|t:|1760316045
|switch|p1a: Suicune|Suicune|84/100|[from] U-turn
|-damage|p1a: Suicune|72/100|[from] Stealth Rock
|-ability|p1a: Suicune|Pressure
|
|-heal|p1a: Suicune|78/100|[from] item: Leftovers
|upkeep
|turn|11
|l|☆chu shei
|inactive|chu shei disconnected and has a minute to reconnect!
|player|p2|
|j|☆chu shei
|inactive|chu shei reconnected and has 140 seconds left.
|player|p2|chu shei|crasherwake|
|
|t:|1760316067
|move|p2a: Klefki|Thunder Wave|p1a: Suicune
|-status|p1a: Suicune|par
|move|p1a: Suicune|Scald|p2a: Klefki
|-damage|p2a: Klefki|50/100
|-status|p2a: Klefki|brn
|
|-heal|p1a: Suicune|84/100 par|[from] item: Leftovers
|-damage|p2a: Klefki|44/100 brn|[from] brn
|upkeep
|turn|12
|
|t:|1760316083
|move|p2a: Klefki|Light Screen|p2a: Klefki
|-sidestart|p2: chu shei|move: Light Screen
|move|p1a: Suicune|Substitute|p1a: Suicune
|-start|p1a: Suicune|Substitute
|-damage|p1a: Suicune|59/100 par
|
|-heal|p1a: Suicune|65/100 par|[from] item: Leftovers
|-damage|p2a: Klefki|38/100 brn|[from] brn
|upkeep
|turn|13
|
|t:|1760316092
|switch|p2a: Suicune|Suicune|94/100
|-damage|p2a: Suicune|82/100|[from] Stealth Rock
|-ability|p2a: Suicune|Pressure
|move|p1a: Suicune|Calm Mind|p1a: Suicune
|-boost|p1a: Suicune|spa|1
|-boost|p1a: Suicune|spd|1
|
|-heal|p2a: Suicune|88/100|[from] item: Leftovers
|-heal|p1a: Suicune|71/100 par|[from] item: Leftovers
|upkeep
|turn|14
|
|t:|1760316101
|move|p2a: Suicune|Calm Mind|p2a: Suicune
|-boost|p2a: Suicune|spa|1
|-boost|p2a: Suicune|spd|1
|move|p1a: Suicune|Calm Mind|p1a: Suicune
|-boost|p1a: Suicune|spa|1
|-boost|p1a: Suicune|spd|1
|
|-heal|p2a: Suicune|94/100|[from] item: Leftovers
|-heal|p1a: Suicune|77/100 par|[from] item: Leftovers
|upkeep
|turn|15
|
|t:|1760316109
|move|p2a: Suicune|Calm Mind|p2a: Suicune
|-boost|p2a: Suicune|spa|1
|-boost|p2a: Suicune|spd|1
|cant|p1a: Suicune|par
|
|-heal|p2a: Suicune|100/100|[from] item: Leftovers
|-heal|p1a: Suicune|84/100 par|[from] item: Leftovers
|upkeep
|turn|16
|
|t:|1760316114
|move|p2a: Suicune|Calm Mind|p2a: Suicune
|-boost|p2a: Suicune|spa|1
|-boost|p2a: Suicune|spd|1
|move|p1a: Suicune|Calm Mind|p1a: Suicune
|-boost|p1a: Suicune|spa|1
|-boost|p1a: Suicune|spd|1
|
|-heal|p1a: Suicune|90/100 par|[from] item: Leftovers
|upkeep
|turn|17
|
|t:|1760316122
|move|p2a: Suicune|Calm Mind|p2a: Suicune
|-boost|p2a: Suicune|spa|1
|-boost|p2a: Suicune|spd|1
|move|p1a: Suicune|Calm Mind|p1a: Suicune
|-boost|p1a: Suicune|spa|1
|-boost|p1a: Suicune|spd|1
|
|-heal|p1a: Suicune|96/100 par|[from] item: Leftovers
|upkeep
|turn|18
|
|t:|1760316127
|move|p2a: Suicune|Substitute|p2a: Suicune
|-start|p2a: Suicune|Substitute
|-damage|p2a: Suicune|75/100
|move|p1a: Suicune|Calm Mind|p1a: Suicune
|-boost|p1a: Suicune|spa|1
|-boost|p1a: Suicune|spd|1
|
|-heal|p2a: Suicune|82/100|[from] item: Leftovers
|-heal|p1a: Suicune|100/100 par|[from] item: Leftovers
|upkeep
|turn|19
|
|t:|1760316135
|move|p2a: Suicune|Calm Mind|p2a: Suicune
|-boost|p2a: Suicune|spa|1
|-boost|p2a: Suicune|spd|1
|move|p1a: Suicune|Scald|p2a: Suicune
|-resisted|p2a: Suicune
|-activate|p2a: Suicune|move: Substitute|[damage]
|
|-heal|p2a: Suicune|88/100|[from] item: Leftovers
|-sideend|p2: chu shei|move: Light Screen
|upkeep
|turn|20
|
|t:|1760316145
|move|p2a: Suicune|Calm Mind|p2a: Suicune
|-boost|p2a: Suicune|spa|1
|-boost|p2a: Suicune|spd|1
|move|p1a: Suicune|Scald|p2a: Suicune
|-resisted|p2a: Suicune
|-activate|p2a: Suicune|move: Substitute|[damage]
|
|-heal|p2a: Suicune|94/100|[from] item: Leftovers
|upkeep
|turn|21
|
|t:|1760316152
|move|p2a: Suicune|Scald|p1a: Suicune
|-resisted|p1a: Suicune
|-activate|p1a: Suicune|move: Substitute|[damage]
|move|p1a: Suicune|Calm Mind|p1a: Suicune
|-boost|p1a: Suicune|spa|1
|-boost|p1a: Suicune|spd|1
|
|-heal|p2a: Suicune|99/100|[from] item: Leftovers
|upkeep
|turn|22
|
|t:|1760316159
|move|p2a: Suicune|Scald|p1a: Suicune
|-resisted|p1a: Suicune
|-end|p1a: Suicune|Substitute
|move|p1a: Suicune|Scald|p2a: Suicune
|-resisted|p2a: Suicune
|-activate|p2a: Suicune|move: Substitute|[damage]
|
|-heal|p2a: Suicune|100/100|[from] item: Leftovers
|upkeep
|turn|23
|
|t:|1760316167
|move|p2a: Suicune|Scald|p1a: Suicune
|-resisted|p1a: Suicune
|-damage|p1a: Suicune|88/100 par
|move|p1a: Suicune|Substitute|p1a: Suicune
|-start|p1a: Suicune|Substitute
|-damage|p1a: Suicune|63/100 par
|
|-heal|p1a: Suicune|69/100 par|[from] item: Leftovers
|upkeep
|turn|24
|
|t:|1760316173
|move|p2a: Suicune|Scald|p1a: Suicune
|-resisted|p1a: Suicune
|-activate|p1a: Suicune|move: Substitute|[damage]
|cant|p1a: Suicune|par
|
|-heal|p1a: Suicune|75/100 par|[from] item: Leftovers
|upkeep
|turn|25
|
|t:|1760316179
|move|p2a: Suicune|Scald|p1a: Suicune
|-resisted|p1a: Suicune
|-activate|p1a: Suicune|move: Substitute|[damage]
|cant|p1a: Suicune|par
|
|-heal|p1a: Suicune|82/100 par|[from] item: Leftovers
|upkeep
|turn|26
|
|t:|1760316187
|move|p2a: Suicune|Scald|p1a: Suicune
|-resisted|p1a: Suicune
|-end|p1a: Suicune|Substitute
|move|p1a: Suicune|Scald|p2a: Suicune
|-resisted|p2a: Suicune
|-end|p2a: Suicune|Substitute
|
|-heal|p1a: Suicune|88/100 par|[from] item: Leftovers
|upkeep
|turn|27
|
|t:|1760316194
|move|p2a: Suicune|Scald|p1a: Suicune
|-resisted|p1a: Suicune
|-damage|p1a: Suicune|76/100 par
|move|p1a: Suicune|Substitute|p1a: Suicune
|-start|p1a: Suicune|Substitute
|-damage|p1a: Suicune|51/100 par
|
|-heal|p1a: Suicune|58/100 par|[from] item: Leftovers
|upkeep
|turn|28
|
|t:|1760316202
|move|p2a: Suicune|Substitute|p2a: Suicune
|-start|p2a: Suicune|Substitute
|-damage|p2a: Suicune|75/100
|move|p1a: Suicune|Ice Beam|p2a: Suicune
|-resisted|p2a: Suicune
|-activate|p2a: Suicune|move: Substitute|[damage]
|
|-heal|p2a: Suicune|82/100|[from] item: Leftovers
|-heal|p1a: Suicune|64/100 par|[from] item: Leftovers
|upkeep
|turn|29
|
|t:|1760316210
|move|p2a: Suicune|Scald|p1a: Suicune
|-resisted|p1a: Suicune
|-activate|p1a: Suicune|move: Substitute|[damage]
|move|p1a: Suicune|Ice Beam|p2a: Suicune
|-resisted|p2a: Suicune
|-activate|p2a: Suicune|move: Substitute|[damage]
|
|-heal|p2a: Suicune|88/100|[from] item: Leftovers
|-heal|p1a: Suicune|70/100 par|[from] item: Leftovers
|upkeep
|turn|30
|
|t:|1760316217
|move|p2a: Suicune|Scald|p1a: Suicune
|-resisted|p1a: Suicune
|-activate|p1a: Suicune|move: Substitute|[damage]
|move|p1a: Suicune|Ice Beam|p2a: Suicune
|-resisted|p2a: Suicune
|-activate|p2a: Suicune|move: Substitute|[damage]
|
|-heal|p2a: Suicune|94/100|[from] item: Leftovers
|-heal|p1a: Suicune|76/100 par|[from] item: Leftovers
|upkeep
|turn|31
|
|t:|1760316224
|move|p2a: Suicune|Scald|p1a: Suicune
|-resisted|p1a: Suicune
|-end|p1a: Suicune|Substitute
|move|p1a: Suicune|Ice Beam|p2a: Suicune
|-resisted|p2a: Suicune
|-end|p2a: Suicune|Substitute
|
|-heal|p2a: Suicune|99/100|[from] item: Leftovers
|-heal|p1a: Suicune|82/100 par|[from] item: Leftovers
|upkeep
|turn|32
|
|t:|1760316231
|move|p2a: Suicune|Scald|p1a: Suicune
|-resisted|p1a: Suicune
|-damage|p1a: Suicune|71/100 par
|move|p1a: Suicune|Substitute|p1a: Suicune
|-start|p1a: Suicune|Substitute
|-damage|p1a: Suicune|46/100 par
|
|-heal|p2a: Suicune|100/100|[from] item: Leftovers
|-heal|p1a: Suicune|52/100 par|[from] item: Leftovers
|upkeep
|turn|33
|
|t:|1760316238
|move|p2a: Suicune|Substitute|p2a: Suicune
|-start|p2a: Suicune|Substitute
|-damage|p2a: Suicune|75/100
|move|p1a: Suicune|Calm Mind|p1a: Suicune
|-boost|p1a: Suicune|spa|0
|-boost|p1a: Suicune|spd|0
|
|-heal|p2a: Suicune|82/100|[from] item: Leftovers
|-heal|p1a: Suicune|59/100 par|[from] item: Leftovers
|upkeep
|turn|34
|c|☆chu shei|do u mind if I surrender
|inactive|chu shei has 120 seconds left.
|c|☆chu shei|I lose the 1v1 and I don't have much else to deal with it
|-message|chu shei forfeited.
|
|win|V1C7ORYY
|n|☆V1C7ORYY|v1c7oryy
|n|*Lady Monita ☀|ladymonita
|n|☆chu shei|chushei
