|j|☆MODELIZE
|j|☆trainerramos97
|t:|1760330988
|gametype|singles
|player|p1|MODELIZE|pokemaniac|1111
|player|p2|trainerramos97|265|1146
|gen|9
|tier|[Gen 9] OU
|rated|
|rule|HP Percentage Mod: HP is shown in percentages
|rule|Endless Battle Clause: Forcing endless battles is banned
|rule|Species Clause: Limit one of each Pokémon
|rule|OHKO Clause: OHKO moves are banned
|rule|Evasion Items Clause: Evasion items are banned
|rule|Evasion Moves Clause: Evasion moves are banned
|rule|Evasion Abilities Clause: Evasion abilities are banned
|rule|Sleep Moves Clause: Sleep-inducing moves are banned
|clearpoke
|poke|p1|Dondozo, F|
|poke|p1|Blissey, F|
|poke|p1|Corviknight, F|
|poke|p1|Weezing-Galar, M|
|poke|p1|Gliscor, M|
|poke|p1|Toxapex, F|
|poke|p2|Hoopa-Unbound|
|poke|p2|Reuniclus, F|
|poke|p2|Iron Treads|
|poke|p2|Ogerpon-Wellspring, F|
|poke|p2|Iron Leaves|
|poke|p2|Chimecho, M|
|teampreview
|
|t:|1760331005
|teamsize|p1|6
|teamsize|p2|6
|start
|switch|p1a: Gliscor|Gliscor, M|100/100
|switch|p2a: Hoopa|Hoopa-Unbound|100/100
|turn|1
|
|t:|1760331017
|move|p1a: Gliscor|Protect|p1a: Gliscor
|-singleturn|p1a: Gliscor|Protect
|move|p2a: Hoopa|Psychic|p1a: Gliscor
|-activate|p1a: Gliscor|move: Protect
|
|-status|p1a: Gliscor|tox|[from] item: Toxic Orb
|upkeep
|turn|2
|
|t:|1760331028
|move|p2a: Hoopa|Psychic|p1a: Gliscor
|-damage|p1a: Gliscor|49/100 tox
|move|p1a: Gliscor|Toxic|p2a: Hoopa
|-status|p2a: Hoopa|tox
|
|-damage|p2a: Hoopa|95/100 tox|[from] psn
|-heal|p1a: Gliscor|62/100 tox|[from] ability: Poison Heal
|upkeep
|turn|3
|
|t:|1760331032
|move|p1a: Gliscor|Protect|p1a: Gliscor
|-singleturn|p1a: Gliscor|Protect
|move|p2a: Hoopa|Psychic|p1a: Gliscor
|-activate|p1a: Gliscor|move: Protect
|
|-damage|p2a: Hoopa|83/100 tox|[from] psn
|-heal|p1a: Gliscor|74/100 tox|[from] ability: Poison Heal
|upkeep
|turn|4
|
|t:|1760331038
|move|p1a: Gliscor|Protect||[still]
|-fail|p1a: Gliscor
|move|p2a: Hoopa|Psychic|p1a: Gliscor
|-damage|p1a: Gliscor|17/100 tox
|
|-damage|p2a: Hoopa|65/100 tox|[from] psn
|-heal|p1a: Gliscor|29/100 tox|[from] ability: Poison Heal
|upkeep
|turn|5
|
|t:|1760331045
|move|p1a: Gliscor|Protect|p1a: Gliscor
|-singleturn|p1a: Gliscor|Protect
|move|p2a: Hoopa|Psychic|p1a: Gliscor
|-activate|p1a: Gliscor|move: Protect
|
|-damage|p2a: Hoopa|41/100 tox|[from] psn
|-heal|p1a: Gliscor|42/100 tox|[from] ability: Poison Heal
|upkeep
|turn|6
|
|t:|1760331050
|move|p2a: Hoopa|Psychic|p1a: Gliscor
|-damage|p1a: Gliscor|0 fnt
|faint|p1a: Gliscor
|
|-damage|p2a: Hoopa|11/100 tox|[from] psn
|upkeep
|inactive|Battle timer is ON: inactive players will automatically lose when time's up. (requested by trainerramos97)
|
|t:|1760331061
|switch|p1a: Blissey|Blissey, F|100/100
|turn|7
|
|t:|1760331071
|switch|p2a: Chimecho|Chimecho, M|100/100
|-terastallize|p1a: Blissey|Dark
|move|p1a: Blissey|Stealth Rock|p2a: Chimecho
|-sidestart|p2: trainerramos97|move: Stealth Rock
|
|upkeep
|turn|8
|
|t:|1760331079
|move|p2a: Chimecho|Heal Bell|p2a: Chimecho
|-activate|p2a: Chimecho|move: Heal Bell
|-curestatus|p2: Hoopa|tox|[msg]
|move|p1a: Blissey|Calm Mind|p1a: Blissey
|-boost|p1a: Blissey|spa|1
|-boost|p1a: Blissey|spd|1
|
|upkeep
|turn|9
|
|t:|1760331086
|move|p2a: Chimecho|Calm Mind|p2a: Chimecho
|-boost|p2a: Chimecho|spa|1
|-boost|p2a: Chimecho|spd|1
|move|p1a: Blissey|Calm Mind|p1a: Blissey
|-boost|p1a: Blissey|spa|1
|-boost|p1a: Blissey|spd|1
|
|upkeep
|turn|10
|
|t:|1760331093
|move|p2a: Chimecho|Calm Mind|p2a: Chimecho
|-boost|p2a: Chimecho|spa|1
|-boost|p2a: Chimecho|spd|1
|move|p1a: Blissey|Seismic Toss|p2a: Chimecho
|-damage|p2a: Chimecho|66/100
|
|-heal|p2a: Chimecho|72/100|[from] item: Leftovers
|upkeep
|turn|11
|
|t:|1760331096
|move|p2a: Chimecho|Draining Kiss|p1a: Blissey
|-supereffective|p1a: Blissey
|-damage|p1a: Blissey|94/100
|-heal|p2a: Chimecho|83/100|[from] drain|[of] p1a: Blissey
|move|p1a: Blissey|Seismic Toss|p2a: Chimecho
|-damage|p2a: Chimecho|49/100
|
|-heal|p2a: Chimecho|55/100|[from] item: Leftovers
|-heal|p1a: Blissey|99/100|[from] item: Leftovers
|upkeep
|turn|12
|
|t:|1760331099
|move|p2a: Chimecho|Draining Kiss|p1a: Blissey
|-supereffective|p1a: Blissey
|-damage|p1a: Blissey|94/100
|-heal|p2a: Chimecho|66/100|[from] drain|[of] p1a: Blissey
|move|p1a: Blissey|Seismic Toss|p2a: Chimecho
|-damage|p2a: Chimecho|32/100
|
|-heal|p2a: Chimecho|38/100|[from] item: Leftovers
|-heal|p1a: Blissey|99/100|[from] item: Leftovers
|upkeep
|turn|13
|
|t:|1760331108
|switch|p2a: Iron Leaves|Iron Leaves|100/100
|-damage|p2a: Iron Leaves|88/100|[from] Stealth Rock
|-enditem|p2a: Iron Leaves|Booster Energy
|-activate|p2a: Iron Leaves|ability: Quark Drive|[fromitem]
|-start|p2a: Iron Leaves|quarkdriveatk
|move|p1a: Blissey|Seismic Toss|p2a: Iron Leaves
|-damage|p2a: Iron Leaves|57/100
|
|-heal|p1a: Blissey|100/100|[from] item: Leftovers
|upkeep
|turn|14
|
|t:|1760331113
|move|p2a: Iron Leaves|Close Combat|p1a: Blissey
|-supereffective|p1a: Blissey
|-damage|p1a: Blissey|0 fnt
|-unboost|p2a: Iron Leaves|def|1
|-unboost|p2a: Iron Leaves|spd|1
|faint|p1a: Blissey
|
|upkeep
|
|t:|1760331122
|switch|p1a: Toxapex|Toxapex, F|100/100
|turn|15
|
|t:|1760331130
|-end|p2a: Iron Leaves|Quark Drive|[silent]
|switch|p2a: Iron Treads|Iron Treads|100/100
|move|p1a: Toxapex|Toxic Spikes|p2a: Iron Treads
|-sidestart|p2: trainerramos97|move: Toxic Spikes
|
|upkeep
|turn|16
|
|t:|1760331134
|move|p2a: Iron Treads|Stealth Rock|p1a: Toxapex
|-sidestart|p1: MODELIZE|move: Stealth Rock
|move|p1a: Toxapex|Toxic|p2a: Iron Treads
|-immune|p2a: Iron Treads
|
|upkeep
|turn|17
|
|t:|1760331148
|switch|p1a: Dondozo|Dondozo, F|100/100
|-damage|p1a: Dondozo|88/100|[from] Stealth Rock
|move|p2a: Iron Treads|Earthquake|p1a: Dondozo
|-damage|p1a: Dondozo|65/100
|
|-heal|p1a: Dondozo|71/100|[from] item: Leftovers
|upkeep
|turn|18
|
|t:|1760331152
|move|p2a: Iron Treads|Rapid Spin|p1a: Dondozo
|-damage|p1a: Dondozo|64/100
|-boost|p2a: Iron Treads|spe|1
|-sideend|p2: trainerramos97|Toxic Spikes|[from] move: Rapid Spin|[of] p2a: Iron Treads
|-sideend|p2: trainerramos97|Stealth Rock|[from] move: Rapid Spin|[of] p2a: Iron Treads
|move|p1a: Dondozo|Rest|p1a: Dondozo
|-status|p1a: Dondozo|slp|[from] move: Rest
|-heal|p1a: Dondozo|100/100 slp|[silent]
|
|upkeep
|turn|19
|
|t:|1760331162
|-end|p2a: Iron Treads|Quark Drive|[silent]
|switch|p2a: Chimecho|Chimecho, M|38/100
|cant|p1a: Dondozo|slp
|move|p1a: Dondozo|Sleep Talk|p1a: Dondozo
|move|p1a: Dondozo|Rest||[from] move: Sleep Talk|[still]
|-fail|p1a: Dondozo
|
|-heal|p2a: Chimecho|44/100|[from] item: Leftovers
|upkeep
|turn|20
|
|t:|1760331173
|move|p2a: Chimecho|Draining Kiss|p1a: Dondozo
|-damage|p1a: Dondozo|89/100 slp
|-heal|p2a: Chimecho|60/100|[from] drain|[of] p1a: Dondozo
|cant|p1a: Dondozo|slp
|
|-heal|p2a: Chimecho|66/100|[from] item: Leftovers
|-heal|p1a: Dondozo|95/100 slp|[from] item: Leftovers
|upkeep
|turn|21
|
|t:|1760331177
|move|p2a: Chimecho|Draining Kiss|p1a: Dondozo
|-damage|p1a: Dondozo|85/100 slp
|-heal|p2a: Chimecho|79/100|[from] drain|[of] p1a: Dondozo
|-curestatus|p1a: Dondozo|slp|[msg]
|move|p1a: Dondozo|Avalanche|p2a: Chimecho
|-damage|p2a: Chimecho|51/100
|
|-heal|p2a: Chimecho|57/100|[from] item: Leftovers
|-heal|p1a: Dondozo|91/100|[from] item: Leftovers
|upkeep
|turn|22
|
|t:|1760331183
|move|p2a: Chimecho|Psyshock|p1a: Dondozo
|-damage|p1a: Dondozo|79/100
|move|p1a: Dondozo|Rest|p1a: Dondozo
|-status|p1a: Dondozo|slp|[from] move: Rest
|-heal|p1a: Dondozo|100/100 slp|[silent]
|
|-heal|p2a: Chimecho|63/100|[from] item: Leftovers
|upkeep
|turn|23
|
|t:|1760331186
|move|p2a: Chimecho|Draining Kiss|p1a: Dondozo
|-damage|p1a: Dondozo|90/100 slp
|-heal|p2a: Chimecho|77/100|[from] drain|[of] p1a: Dondozo
|cant|p1a: Dondozo|slp
|move|p1a: Dondozo|Sleep Talk|p1a: Dondozo
|move|p1a: Dondozo|Rest||[from] move: Sleep Talk|[still]
|-fail|p1a: Dondozo
|
|-heal|p2a: Chimecho|83/100|[from] item: Leftovers
|-heal|p1a: Dondozo|96/100 slp|[from] item: Leftovers
|upkeep
|turn|24
|
|t:|1760331206
|move|p2a: Chimecho|Draining Kiss|p1a: Dondozo
|-damage|p1a: Dondozo|85/100 slp
|-heal|p2a: Chimecho|98/100|[from] drain|[of] p1a: Dondozo
|cant|p1a: Dondozo|slp
|
|-heal|p2a: Chimecho|100/100|[from] item: Leftovers
|-heal|p1a: Dondozo|91/100 slp|[from] item: Leftovers
|upkeep
|turn|25
|
|t:|1760331213
|switch|p2a: Ogerpon|Ogerpon-Wellspring, F|100/100
|-curestatus|p1a: Dondozo|slp|[msg]
|move|p1a: Dondozo|Body Press|p2a: Ogerpon
|-crit|p2a: Ogerpon
|-damage|p2a: Ogerpon|43/100
|
|-heal|p1a: Dondozo|97/100|[from] item: Leftovers
|upkeep
|turn|26
|
|t:|1760331220
|move|p2a: Ogerpon|Horn Leech|p1a: Dondozo
|-supereffective|p1a: Dondozo
|-damage|p1a: Dondozo|58/100
|-heal|p2a: Ogerpon|75/100|[from] drain|[of] p1a: Dondozo
|move|p1a: Dondozo|Rest|p1a: Dondozo
|-status|p1a: Dondozo|slp|[from] move: Rest
|-heal|p1a: Dondozo|100/100 slp|[silent]
|
|upkeep
|turn|27
|
|t:|1760331225
|move|p2a: Ogerpon|Encore|p1a: Dondozo
|-start|p1a: Dondozo|Encore
|cant|p1a: Dondozo|slp
|
|upkeep
|turn|28
|
|t:|1760331233
|switch|p1a: Toxapex|Toxapex, F|100/100
|-damage|p1a: Toxapex|88/100|[from] Stealth Rock
|move|p2a: Ogerpon|Leech Seed|p1a: Toxapex
|-start|p1a: Toxapex|move: Leech Seed
|
|-heal|p1a: Toxapex|94/100|[from] item: Leftovers
|-damage|p1a: Toxapex|82/100|[from] Leech Seed|[of] p2a: Ogerpon
|-heal|p2a: Ogerpon|88/100|[silent]
|upkeep
|turn|29
|
|t:|1760331239
|move|p2a: Ogerpon|Horn Leech|p1a: Toxapex
|-damage|p1a: Toxapex|48/100
|-heal|p2a: Ogerpon|100/100|[from] drain|[of] p1a: Toxapex
|move|p1a: Toxapex|Toxic|p2a: Ogerpon
|-status|p2a: Ogerpon|tox
|
|-heal|p1a: Toxapex|54/100|[from] item: Leftovers
|-damage|p1a: Toxapex|42/100|[from] Leech Seed|[of] p2a: Ogerpon
|-damage|p2a: Ogerpon|95/100 tox|[from] psn
|upkeep
|turn|30
|
|t:|1760331243
|move|p2a: Ogerpon|Encore|p1a: Toxapex
|-start|p1a: Toxapex|Encore
|move|p1a: Toxapex|Toxic|p2a: Ogerpon
|-fail|p2a: Ogerpon|tox
|
|-heal|p1a: Toxapex|48/100|[from] item: Leftovers
|-damage|p1a: Toxapex|36/100|[from] Leech Seed|[of] p2a: Ogerpon
|-heal|p2a: Ogerpon|100/100 tox|[silent]
|-damage|p2a: Ogerpon|89/100 tox|[from] psn
|upkeep
|turn|31
|
|t:|1760331248
|switch|p1a: Weezing|Weezing-Galar, M|100/100
|-ability|p1a: Weezing|Neutralizing Gas
|move|p2a: Ogerpon|Horn Leech|p1a: Weezing
|-resisted|p1a: Weezing
|-damage|p1a: Weezing|87/100
|-heal|p2a: Ogerpon|96/100 tox|[from] drain|[of] p1a: Weezing
|
|-damage|p2a: Ogerpon|78/100 tox|[from] psn
|upkeep
|turn|32
|
|t:|1760331253
|move|p2a: Ogerpon|Ivy Cudgel|p1a: Weezing|[anim] Ivy Cudgel Water
|-damage|p1a: Weezing|49/100
|move|p1a: Weezing|Will-O-Wisp|p2a: Ogerpon|[miss]
|-miss|p1a: Weezing|p2a: Ogerpon
|
|-damage|p2a: Ogerpon|54/100 tox|[from] psn
|upkeep
|turn|33
|
|t:|1760331264
|move|p2a: Ogerpon|Ivy Cudgel|p1a: Weezing|[anim] Ivy Cudgel Water
|-damage|p1a: Weezing|10/100
|move|p1a: Weezing|Strange Steam|p2a: Ogerpon
|-damage|p2a: Ogerpon|22/100 tox
|
|-damage|p2a: Ogerpon|0 fnt|[from] psn
|faint|p2a: Ogerpon
|upkeep
|
|t:|1760331269
|switch|p2a: Hoopa|Hoopa-Unbound|11/100
|turn|34
|
|t:|1760331275
|-end|p1a: Weezing|ability: Neutralizing Gas
|switch|p1a: Toxapex|Toxapex, F|69/100
|-damage|p1a: Toxapex|56/100|[from] Stealth Rock
|move|p2a: Hoopa|Dark Pulse|p1a: Toxapex
|-damage|p1a: Toxapex|22/100
|
|-heal|p1a: Toxapex|28/100|[from] item: Leftovers
|upkeep
|turn|35
|
|t:|1760331278
|move|p2a: Hoopa|Dark Pulse|p1a: Toxapex
|-damage|p1a: Toxapex|0 fnt
|faint|p1a: Toxapex
|
|upkeep
|
|t:|1760331283
|switch|p1a: Weezing|Weezing-Galar, M|10/100
|-ability|p1a: Weezing|Neutralizing Gas
|turn|36
|
|t:|1760331285
|move|p2a: Hoopa|Dark Pulse|p1a: Weezing
|-resisted|p1a: Weezing
|-damage|p1a: Weezing|0 fnt
|faint|p1a: Weezing
|-end|p1a: Weezing|ability: Neutralizing Gas
|
|upkeep
|
|t:|1760331287
|switch|p1a: Dondozo|Dondozo, F|100/100 slp
|-damage|p1a: Dondozo|88/100 slp|[from] Stealth Rock
|turn|37
|
|t:|1760331296
|move|p2a: Hoopa|Dark Pulse|p1a: Dondozo
|-damage|p1a: Dondozo|33/100 slp
|cant|p1a: Dondozo|slp
|
|-heal|p1a: Dondozo|39/100 slp|[from] item: Leftovers
|upkeep
|turn|38
|
|t:|1760331303
|move|p2a: Hoopa|Dark Pulse|p1a: Dondozo
|-damage|p1a: Dondozo|0 fnt
|faint|p1a: Dondozo
|
|upkeep
|
|t:|1760331306
|switch|p1a: Corviknight|Corviknight, F|100/100
|-damage|p1a: Corviknight|88/100|[from] Stealth Rock
|-ability|p1a: Corviknight|Pressure
|turn|39
|
|t:|1760331308
|move|p2a: Hoopa|Dark Pulse|p1a: Corviknight
|-damage|p1a: Corviknight|36/100
|move|p1a: Corviknight|Iron Defense|p1a: Corviknight
|-boost|p1a: Corviknight|def|2
|
|-heal|p1a: Corviknight|42/100|[from] item: Leftovers
|upkeep
|turn|40
|
|t:|1760331313
|move|p2a: Hoopa|Dark Pulse|p1a: Corviknight
|-damage|p1a: Corviknight|0 fnt
|faint|p1a: Corviknight
|
|win|trainerramos97
|raw|MODELIZE's rating: 1111 &rarr; <strong>1089</strong><br />(-22 for losing)
|raw|trainerramos97's rating: 1146 &rarr; <strong>1168</strong><br />(+22 for winning)
|l|☆MODELIZE
|player|p1|
|l|☆trainerramos97
|player|p2|
