|j|☆ichoseyoupoppo
|j|☆acespec23
|t:|1760441083
|gametype|singles
|player|p1|ichoseyoupoppo|101|1151
|player|p2|acespec23|cynthia-gen4|1170
|gen|9
|tier|[Gen 9] OU
|rated|
|rule|HP Percentage Mod: HP is shown in percentages
|rule|Endless Battle Clause: Forcing endless battles is banned
|rule|Species Clause: Limit one of each Pokémon
|rule|OHKO Clause: OHKO moves are banned
|rule|Evasion Items Clause: Evasion items are banned
|rule|Evasion Moves Clause: Evasion moves are banned
|rule|Evasion Abilities Clause: Evasion abilities are banned
|rule|Sleep Moves Clause: Sleep-inducing moves are banned
|clearpoke
|poke|p1|Hippowdon, M|
|poke|p1|Latios, M|
|poke|p1|Excadrill, F|
|poke|p1|Primarina, M|
|poke|p1|Skarmory, F|
|poke|p1|Weavile, F|
|poke|p2|Torkoal, F|
|poke|p2|Hatterene, F|
|poke|p2|Raging Bolt|
|poke|p2|Slither Wing|
|poke|p2|Venusaur, F|
|poke|p2|Walking Wake|
|teampreview
|
|t:|1760441101
|teamsize|p1|6
|teamsize|p2|6
|start
|switch|p1a: Hippowdon|Hippowdon, M|100/100
|switch|p2a: Torkoal|Torkoal, F|100/100
|-weather|Sandstorm|[from] ability: Sand Stream|[of] p1a: Hippowdon
|-weather|SunnyDay|[from] ability: Drought|[of] p2a: Torkoal
|turn|1
|
|t:|1760441109
|switch|p2a: Walking Wake|Walking Wake|100/100
|-activate|p2a: Walking Wake|ability: Protosynthesis
|-start|p2a: Walking Wake|protosynthesisspe
|move|p1a: Hippowdon|Earthquake|p2a: Walking Wake
|-crit|p2a: Walking Wake
|-damage|p2a: Walking Wake|34/100
|
|-weather|SunnyDay|[upkeep]
|upkeep
|turn|2
|c|☆acespec23|critting there is crazy bro
|
|t:|1760441125
|-terastallize|p1a: Hippowdon|Water
|move|p2a: Walking Wake|Hydro Steam|p1a: Hippowdon
|-resisted|p1a: Hippowdon
|-damage|p1a: Hippowdon|67/100
|move|p1a: Hippowdon|Earthquake|p2a: Walking Wake
|-damage|p2a: Walking Wake|0 fnt
|faint|p2a: Walking Wake
|-end|p2a: Walking Wake|Protosynthesis|[silent]
|
|-weather|SunnyDay|[upkeep]
|-heal|p1a: Hippowdon|73/100|[from] item: Leftovers
|upkeep
|
|t:|1760441135
|switch|p2a: Raging Bolt|Raging Bolt|100/100
|-activate|p2a: Raging Bolt|ability: Protosynthesis
|-start|p2a: Raging Bolt|protosynthesisspa
|turn|3
|
|t:|1760441143
|switch|p1a: Excadrill|Excadrill, F|100/100
|-item|p1a: Excadrill|Air Balloon
|move|p2a: Raging Bolt|Solar Beam||[still]
|-prepare|p2a: Raging Bolt|Solar Beam
|-anim|p2a: Raging Bolt|Solar Beam|p1a: Excadrill
|-damage|p1a: Excadrill|0 fnt
|-enditem|p1a: Excadrill|Air Balloon
|faint|p1a: Excadrill
|-damage|p2a: Raging Bolt|91/100|[from] item: Life Orb
|
|-weather|SunnyDay|[upkeep]
|upkeep
|
|t:|1760441149
|switch|p1a: Weavile|Weavile, F|100/100
|-ability|p1a: Weavile|Pressure
|turn|4
|c|☆acespec23|pathetic
|
|t:|1760441165
|-terastallize|p2a: Raging Bolt|Ghost
|move|p1a: Weavile|Triple Axel|p2a: Raging Bolt
|-damage|p2a: Raging Bolt|80/100
|-damage|p2a: Raging Bolt|61/100
|-damage|p2a: Raging Bolt|34/100
|-hitcount|p2a: Raging Bolt|3
|move|p2a: Raging Bolt|Weather Ball|p1a: Weavile
|-supereffective|p1a: Weavile
|-damage|p1a: Weavile|0 fnt
|faint|p1a: Weavile
|-damage|p2a: Raging Bolt|24/100|[from] item: Life Orb
|
|-weather|SunnyDay|[upkeep]
|upkeep
|
|t:|1760441174
|switch|p1a: Latios|Latios, M|100/100
|turn|5
|c|☆acespec23|pathetic
|
|t:|1760441182
|-end|p2a: Raging Bolt|Protosynthesis|[silent]
|switch|p2a: Hatterene|Hatterene, F|100/100
|-item|p2a: Hatterene|Air Balloon
|move|p1a: Latios|Luster Purge|p2a: Hatterene
|-resisted|p2a: Hatterene
|-damage|p2a: Hatterene|59/100
|-enditem|p2a: Hatterene|Air Balloon
|
|-weather|SunnyDay|[upkeep]
|upkeep
|turn|6
|
|t:|1760441192
|switch|p1a: Skarmory|Skarmory, F|100/100
|move|p2a: Hatterene|Dazzling Gleam|p1a: Skarmory
|-resisted|p1a: Skarmory
|-damage|p1a: Skarmory|77/100
|
|-weather|SunnyDay|[upkeep]
|upkeep
|turn|7
|
|t:|1760441206
|switch|p2a: Venusaur|Venusaur, F|100/100
|move|p1a: Skarmory|Spikes|p2a: Venusaur
|-sidestart|p2: acespec23|Spikes
|
|-weather|SunnyDay|[upkeep]
|upkeep
|turn|8
|
|t:|1760441212
|switch|p1a: Latios|Latios, M|100/100
|move|p2a: Venusaur|Weather Ball|p1a: Latios
|-resisted|p1a: Latios
|-damage|p1a: Latios|73/100
|-damage|p2a: Venusaur|91/100|[from] item: Life Orb
|
|-weather|none
|upkeep
|turn|9
|
|t:|1760441228
|switch|p2a: Slither Wing|Slither Wing|100/100
|-damage|p2a: Slither Wing|88/100|[from] Spikes
|move|p1a: Latios|Luster Purge|p2a: Slither Wing
|-supereffective|p2a: Slither Wing
|-damage|p2a: Slither Wing|0 fnt
|faint|p2a: Slither Wing
|-end|p2a: Slither Wing|Protosynthesis|[silent]
|
|upkeep
|c|☆acespec23|WHAAAAAAAAAAAT
|
|t:|1760441240
|switch|p2a: Torkoal|Torkoal, F|100/100
|-damage|p2a: Torkoal|88/100|[from] Spikes
|-weather|SunnyDay|[from] ability: Drought|[of] p2a: Torkoal
|turn|10
|
|t:|1760441245
|move|p1a: Latios|Luster Purge|p2a: Torkoal
|-damage|p2a: Torkoal|5/100
|move|p2a: Torkoal|Eruption|p1a: Latios
|-resisted|p1a: Latios
|-damage|p1a: Latios|71/100
|
|-weather|SunnyDay|[upkeep]
|upkeep
|turn|11
|c|☆ichoseyoupoppo|pathetic they said
|
|t:|1760441256
|move|p1a: Latios|Luster Purge|p2a: Torkoal
|-damage|p2a: Torkoal|0 fnt
|faint|p2a: Torkoal
|
|-weather|SunnyDay|[upkeep]
|upkeep
|c|☆ichoseyoupoppo|uses eruption
|
|t:|1760441268
|switch|p2a: Raging Bolt|Raging Bolt, tera:Ghost|24/100
|-damage|p2a: Raging Bolt|11/100|[from] Spikes
|-activate|p2a: Raging Bolt|ability: Protosynthesis
|-start|p2a: Raging Bolt|protosynthesisspa
|turn|12
|c|☆acespec23|sorry i dind't mean it like that
|
|t:|1760441276
|switch|p1a: Primarina|Primarina, M|100/100
|move|p2a: Raging Bolt|Dragon Pulse|p1a: Primarina
|-immune|p1a: Primarina
|
|-weather|SunnyDay|[upkeep]
|upkeep
|turn|13
|
|t:|1760441283
|move|p2a: Raging Bolt|Solar Beam||[still]
|-prepare|p2a: Raging Bolt|Solar Beam
|-anim|p2a: Raging Bolt|Solar Beam|p1a: Primarina
|-supereffective|p1a: Primarina
|-damage|p1a: Primarina|18/100
|-damage|p2a: Raging Bolt|2/100|[from] item: Life Orb
|move|p1a: Primarina|Flip Turn|p2a: Raging Bolt
|-damage|p2a: Raging Bolt|0 fnt
|faint|p2a: Raging Bolt
|-end|p2a: Raging Bolt|Protosynthesis|[silent]
|
|t:|1760441289
|switch|p1a: Hippowdon|Hippowdon, M, tera:Water|73/100|[from] Flip Turn
|-weather|Sandstorm|[from] ability: Sand Stream|[of] p1a: Hippowdon
|
|-weather|Sandstorm|[upkeep]
|-damage|p1a: Hippowdon|67/100|[from] Sandstorm
|-heal|p1a: Hippowdon|73/100|[from] item: Leftovers
|upkeep
|
|t:|1760441298
|switch|p2a: Venusaur|Venusaur, F|91/100
|-damage|p2a: Venusaur|78/100|[from] Spikes
|turn|14
|
|t:|1760441306
|move|p2a: Venusaur|Growth|p2a: Venusaur
|-boost|p2a: Venusaur|atk|1
|-boost|p2a: Venusaur|spa|1
|move|p1a: Hippowdon|Earthquake|p2a: Venusaur
|-damage|p2a: Venusaur|25/100
|
|-weather|Sandstorm|[upkeep]
|-damage|p2a: Venusaur|19/100|[from] Sandstorm
|-damage|p1a: Hippowdon|67/100|[from] Sandstorm
|-heal|p1a: Hippowdon|73/100|[from] item: Leftovers
|upkeep
|turn|15
|
|t:|1760441315
|switch|p1a: Latios|Latios, M|71/100
|move|p2a: Venusaur|Giga Drain|p1a: Latios
|-resisted|p1a: Latios
|-damage|p1a: Latios|40/100
|-heal|p2a: Venusaur|34/100|[from] drain|[of] p1a: Latios
|-damage|p2a: Venusaur|24/100|[from] item: Life Orb
|
|-weather|Sandstorm|[upkeep]
|-damage|p1a: Latios|34/100|[from] Sandstorm
|-damage|p2a: Venusaur|18/100|[from] Sandstorm
|upkeep
|turn|16
|
|t:|1760441328
|move|p1a: Latios|Luster Purge|p2a: Venusaur
|-supereffective|p2a: Venusaur
|-damage|p2a: Venusaur|0 fnt
|faint|p2a: Venusaur
|
|-weather|Sandstorm|[upkeep]
|-damage|p1a: Latios|28/100|[from] Sandstorm
|upkeep
|c|☆acespec23|worst day of my life
|-message|acespec23 forfeited.
|
|win|ichoseyoupoppo
|raw|ichoseyoupoppo's rating: 1151 &rarr; <strong>1177</strong><br />(+26 for winning)
|raw|acespec23's rating: 1170 &rarr; <strong>1144</strong><br />(-26 for losing)
|c|☆ichoseyoupoppo|shut up
