|j|☆ZaneErikb
|j|☆imjrf
|t:|1760387906
|gametype|singles
|player|p1|ZaneErikb|266|1000
|player|p2|imjrf|fisherman-gen4|1030
|gen|9
|tier|[Gen 9] OU
|rated|
|rule|HP Percentage Mod: HP is shown in percentages
|rule|Endless Battle Clause: Forcing endless battles is banned
|rule|Species Clause: Limit one of each Pokémon
|rule|OHKO Clause: OHKO moves are banned
|rule|Evasion Items Clause: Evasion items are banned
|rule|Evasion Moves Clause: Evasion moves are banned
|rule|Evasion Abilities Clause: Evasion abilities are banned
|rule|Sleep Moves Clause: Sleep-inducing moves are banned
|clearpoke
|poke|p1|Zamazenta-*|
|poke|p1|Hoopa-Unbound|
|poke|p1|Blissey, F|
|poke|p1|Ribombee, F|
|poke|p1|Alomomola, F|
|poke|p1|Iron Treads|
|poke|p2|Kingambit, F|
|poke|p2|Primarina, M|
|poke|p2|Espeon, M|
|poke|p2|Great Tusk|
|poke|p2|Zapdos|
|poke|p2|Ogerpon-Wellspring, F|
|teampreview
|
|t:|1760387933
|teamsize|p1|6
|teamsize|p2|6
|start
|switch|p1a: Ribombee|Ribombee, F, shiny|100/100
|switch|p2a: Zapdos|Zapdos|100/100
|turn|1
|
|t:|1760387941
|switch|p1a: Blissey|Blissey, F, shiny|100/100
|switch|p2a: Espeon|Espeon, M|100/100
|
|upkeep
|turn|2
|
|t:|1760387954
|switch|p2a: Great Tusk|Great Tusk|100/100
|switch|p1a: Hoopa|Hoopa-Unbound|100/100
|
|upkeep
|turn|3
|
|t:|1760387974
|-end|p2a: Great Tusk|Protosynthesis|[silent]
|switch|p2a: Kingambit|Kingambit, F|100/100
|switch|p1a: Alomomola|Alomomola, F, shiny|100/100
|
|upkeep
|turn|4
|
|t:|1760387982
|-end|p2a: Kingambit|fallenundefined|[silent]
|switch|p2a: Ogerpon|Ogerpon-Wellspring, F|100/100
|move|p1a: Alomomola|Scald|p2a: Ogerpon
|-immune|p2a: Ogerpon|[from] ability: Water Absorb
|
|upkeep
|turn|5
|
|t:|1760388003
|move|p2a: Ogerpon|Spikes|p1a: Alomomola
|-sidestart|p1: ZaneErikb|Spikes
|move|p1a: Alomomola|Wish|p1a: Alomomola
|
|upkeep
|turn|6
|
|t:|1760388014
|move|p2a: Ogerpon|Spikes|p1a: Alomomola
|-sidestart|p1: ZaneErikb|Spikes
|move|p1a: Alomomola|Flip Turn|p2a: Ogerpon
|-immune|p2a: Ogerpon|[from] ability: Water Absorb
|
|upkeep
|turn|7
|
|t:|1760388026
|move|p2a: Ogerpon|Horn Leech|p1a: Alomomola
|-supereffective|p1a: Alomomola
|-damage|p1a: Alomomola|53/100
|-damage|p2a: Ogerpon|84/100|[from] item: Rocky Helmet|[of] p1a: Alomomola
|move|p1a: Alomomola|Wish|p1a: Alomomola
|
|upkeep
|turn|8
|
|t:|1760388036
|move|p1a: Alomomola|Protect|p1a: Alomomola
|-singleturn|p1a: Alomomola|Protect
|move|p2a: Ogerpon|Spikes|p1a: Alomomola
|-sidestart|p1: ZaneErikb|Spikes
|
|-heal|p1a: Alomomola|100/100|[from] move: Wish|[wisher] Alomomola
|upkeep
|turn|9
|
|t:|1760388071
|switch|p1a: Ribombee|Ribombee, F, shiny|100/100
|move|p2a: Ogerpon|Ivy Cudgel|p1a: Ribombee|[anim] Ivy Cudgel Water
|-damage|p1a: Ribombee|0 fnt
|faint|p1a: Ribombee
|
|upkeep
|
|t:|1760388086
|switch|p1a: Alomomola|Alomomola, F, shiny|100/100
|-damage|p1a: Alomomola|76/100|[from] Spikes
|turn|10
|
|t:|1760388094
|-terastallize|p1a: Alomomola|Dragon
|move|p2a: Ogerpon|Spikes||[still]
|-fail|p2a: Ogerpon
|move|p1a: Alomomola|Wish|p1a: Alomomola
|
|upkeep
|turn|11
|
|t:|1760388105
|switch|p1a: Zamazenta|Zamazenta, shiny|100/100
|-damage|p1a: Zamazenta|76/100|[from] Spikes
|-ability|p1a: Zamazenta|Dauntless Shield|boost
|-boost|p1a: Zamazenta|def|1
|move|p2a: Ogerpon|Spikes||[still]
|-fail|p2a: Ogerpon
|
|-heal|p1a: Zamazenta|100/100|[from] move: Wish|[wisher] Alomomola
|upkeep
|turn|12
|
|t:|1760388124
|switch|p2a: Espeon|Espeon, M|100/100
|move|p1a: Zamazenta|Stone Edge|p2a: Espeon
|-damage|p2a: Espeon|36/100
|
|upkeep
|turn|13
|
|t:|1760388159
|switch|p2a: Ogerpon|Ogerpon-Wellspring, F|84/100
|switch|p1a: Iron Treads|Iron Treads, shiny|100/100
|-damage|p1a: Iron Treads|76/100|[from] Spikes
|
|upkeep
|turn|14
|
|t:|1760388170
|move|p2a: Ogerpon|Ivy Cudgel|p1a: Iron Treads|[anim] Ivy Cudgel Water
|-supereffective|p1a: Iron Treads
|-damage|p1a: Iron Treads|0 fnt
|faint|p1a: Iron Treads
|-end|p1a: Iron Treads|Quark Drive|[silent]
|
|upkeep
|
|t:|1760388183
|switch|p1a: Zamazenta|Zamazenta, shiny|100/100
|-damage|p1a: Zamazenta|76/100|[from] Spikes
|turn|15
|
|t:|1760388199
|switch|p2a: Zapdos|Zapdos|100/100
|move|p1a: Zamazenta|Stone Edge|p2a: Zapdos|[miss]
|-miss|p1a: Zamazenta|p2a: Zapdos
|
|-heal|p1a: Zamazenta|82/100|[from] item: Leftovers
|upkeep
|turn|16
|
|t:|1760388208
|move|p1a: Zamazenta|Stone Edge|p2a: Zapdos
|-supereffective|p2a: Zapdos
|-damage|p2a: Zapdos|49/100
|move|p2a: Zapdos|Thunder Wave|p1a: Zamazenta|[miss]
|-miss|p2a: Zapdos|p1a: Zamazenta
|
|-heal|p1a: Zamazenta|88/100|[from] item: Leftovers
|upkeep
|turn|17
|
|t:|1760388232
|-terastallize|p2a: Zapdos|Steel
|move|p1a: Zamazenta|Close Combat|p2a: Zapdos
|-supereffective|p2a: Zapdos
|-damage|p2a: Zapdos|0 fnt
|-unboost|p1a: Zamazenta|def|1
|-unboost|p1a: Zamazenta|spd|1
|faint|p2a: Zapdos
|
|-heal|p1a: Zamazenta|94/100|[from] item: Leftovers
|upkeep
|
|t:|1760388243
|switch|p2a: Espeon|Espeon, M|36/100
|turn|18
|
|t:|1760388262
|move|p2a: Espeon|Psychic|p1a: Zamazenta
|-supereffective|p1a: Zamazenta
|-damage|p1a: Zamazenta|0 fnt
|faint|p1a: Zamazenta
|
|upkeep
|
|t:|1760388269
|switch|p1a: Hoopa|Hoopa-Unbound|100/100
|-damage|p1a: Hoopa|76/100|[from] Spikes
|turn|19
|
|t:|1760388282
|switch|p2a: Kingambit|Kingambit, F|100/100
|-activate|p2a: Kingambit|ability: Supreme Overlord
|-start|p2a: Kingambit|fallen1|[silent]
|move|p1a: Hoopa|Psychic|p2a: Kingambit
|-immune|p2a: Kingambit
|
|upkeep
|turn|20
|
|t:|1760388316
|move|p1a: Hoopa|Drain Punch|p2a: Kingambit
|-supereffective|p2a: Kingambit
|-damage|p2a: Kingambit|4/100
|-heal|p1a: Hoopa|100/100|[from] drain|[of] p2a: Kingambit
|move|p2a: Kingambit|Kowtow Cleave|p1a: Hoopa
|-damage|p1a: Hoopa|0 fnt
|faint|p1a: Hoopa
|
|-heal|p2a: Kingambit|10/100|[from] item: Leftovers
|upkeep
|
|t:|1760388324
|switch|p1a: Alomomola|Alomomola, F, shiny, tera:Dragon|100/100
|-damage|p1a: Alomomola|76/100|[from] Spikes
|turn|21
|
|t:|1760388332
|-end|p2a: Kingambit|fallen1|[silent]
|switch|p2a: Ogerpon|Ogerpon-Wellspring, F|84/100
|move|p1a: Alomomola|Wish|p1a: Alomomola
|
|upkeep
|turn|22
|
|t:|1760388344
|move|p1a: Alomomola|Protect|p1a: Alomomola
|-singleturn|p1a: Alomomola|Protect
|move|p2a: Ogerpon|Spikes||[still]
|-fail|p2a: Ogerpon
|
|-heal|p1a: Alomomola|100/100|[from] move: Wish|[wisher] Alomomola
|upkeep
|turn|23
|
|t:|1760388361
|move|p1a: Alomomola|Protect|p1a: Alomomola
|-singleturn|p1a: Alomomola|Protect
|move|p2a: Ogerpon|U-turn|p1a: Alomomola
|-activate|p1a: Alomomola|move: Protect
|
|upkeep
|turn|24
|
|t:|1760388367
|move|p1a: Alomomola|Protect|p1a: Alomomola
|-singleturn|p1a: Alomomola|Protect
|move|p2a: Ogerpon|Spikes||[still]
|-fail|p2a: Ogerpon
|
|upkeep
|turn|25
|
|t:|1760388373
|move|p1a: Alomomola|Protect||[still]
|-fail|p1a: Alomomola
|move|p2a: Ogerpon|U-turn|p1a: Alomomola
|-damage|p1a: Alomomola|86/100
|-damage|p2a: Ogerpon|67/100|[from] item: Rocky Helmet|[of] p1a: Alomomola
|
|t:|1760388379
|switch|p2a: Primarina|Primarina, M|100/100|[from] U-turn
|
|upkeep
|turn|26
|
|t:|1760388386
|move|p2a: Primarina|Substitute|p2a: Primarina
|-start|p2a: Primarina|Substitute
|-damage|p2a: Primarina|75/100
|move|p1a: Alomomola|Wish|p1a: Alomomola
|
|-heal|p2a: Primarina|82/100|[from] item: Leftovers
|upkeep
|turn|27
|
|t:|1760388393
|switch|p1a: Blissey|Blissey, F, shiny|100/100
|move|p2a: Primarina|Calm Mind|p2a: Primarina
|-boost|p2a: Primarina|spa|1
|-boost|p2a: Primarina|spd|1
|
|-heal|p2a: Primarina|88/100|[from] item: Leftovers
|upkeep
|turn|28
|
|t:|1760388401
|move|p2a: Primarina|Calm Mind|p2a: Primarina
|-boost|p2a: Primarina|spa|1
|-boost|p2a: Primarina|spd|1
|move|p1a: Blissey|Seismic Toss|p2a: Primarina
|-end|p2a: Primarina|Substitute
|
|-heal|p2a: Primarina|94/100|[from] item: Leftovers
|upkeep
|turn|29
|
|t:|1760388410
|move|p2a: Primarina|Calm Mind|p2a: Primarina
|-boost|p2a: Primarina|spa|1
|-boost|p2a: Primarina|spd|1
|move|p1a: Blissey|Seismic Toss|p2a: Primarina
|-damage|p2a: Primarina|66/100
|
|-heal|p2a: Primarina|72/100|[from] item: Leftovers
|upkeep
|turn|30
|
|t:|1760388419
|move|p2a: Primarina|Draining Kiss|p1a: Blissey
|-damage|p1a: Blissey|84/100
|-heal|p2a: Primarina|95/100|[from] drain|[of] p1a: Blissey
|move|p1a: Blissey|Thunder Wave|p2a: Primarina
|-status|p2a: Primarina|par
|
|-heal|p2a: Primarina|100/100 par|[from] item: Leftovers
|upkeep
|turn|31
|
|t:|1760388434
|move|p1a: Blissey|Stealth Rock|p2a: Primarina
|-sidestart|p2: imjrf|move: Stealth Rock
|cant|p2a: Primarina|par
|
|upkeep
|turn|32
|
|t:|1760388439
|move|p1a: Blissey|Seismic Toss|p2a: Primarina
|-damage|p2a: Primarina|73/100 par
|move|p2a: Primarina|Psychic Noise|p1a: Blissey
|-damage|p1a: Blissey|57/100
|-start|p1a: Blissey|move: Heal Block
|
|-heal|p2a: Primarina|79/100 par|[from] item: Leftovers
|upkeep
|turn|33
|
|t:|1760388454
|move|p1a: Blissey|Seismic Toss|p2a: Primarina
|-damage|p2a: Primarina|52/100 par
|cant|p2a: Primarina|par
|
|-heal|p2a: Primarina|58/100 par|[from] item: Leftovers
|-end|p1a: Blissey|move: Heal Block
|upkeep
|turn|34
|
|t:|1760388462
|move|p1a: Blissey|Seismic Toss|p2a: Primarina
|-damage|p2a: Primarina|30/100 par
|move|p2a: Primarina|Draining Kiss|p1a: Blissey
|-damage|p1a: Blissey|39/100
|-heal|p2a: Primarina|54/100 par|[from] drain|[of] p1a: Blissey
|
|-heal|p2a: Primarina|60/100 par|[from] item: Leftovers
|upkeep
|turn|35
|
|t:|1760388473
|move|p1a: Blissey|Seismic Toss|p2a: Primarina
|-damage|p2a: Primarina|33/100 par
|move|p2a: Primarina|Draining Kiss|p1a: Blissey
|-damage|p1a: Blissey|22/100
|-heal|p2a: Primarina|55/100 par|[from] drain|[of] p1a: Blissey
|
|-heal|p2a: Primarina|61/100 par|[from] item: Leftovers
|upkeep
|turn|36
|
|t:|1760388485
|move|p1a: Blissey|Seismic Toss|p2a: Primarina
|-damage|p2a: Primarina|34/100 par
|move|p2a: Primarina|Draining Kiss|p1a: Blissey
|-damage|p1a: Blissey|6/100
|-heal|p2a: Primarina|57/100 par|[from] drain|[of] p1a: Blissey
|
|-heal|p2a: Primarina|63/100 par|[from] item: Leftovers
|upkeep
|turn|37
|
|t:|1760388495
|move|p1a: Blissey|Soft-Boiled|p1a: Blissey
|-heal|p1a: Blissey|56/100
|move|p2a: Primarina|Draining Kiss|p1a: Blissey
|-damage|p1a: Blissey|40/100
|-heal|p2a: Primarina|84/100 par|[from] drain|[of] p1a: Blissey
|
|-heal|p2a: Primarina|90/100 par|[from] item: Leftovers
|upkeep
|turn|38
|
|t:|1760388503
|move|p1a: Blissey|Soft-Boiled|p1a: Blissey
|-heal|p1a: Blissey|90/100
|move|p2a: Primarina|Psychic Noise|p1a: Blissey
|-damage|p1a: Blissey|65/100
|-start|p1a: Blissey|move: Heal Block
|
|-heal|p2a: Primarina|96/100 par|[from] item: Leftovers
|upkeep
|turn|39
|
|t:|1760388514
|move|p1a: Blissey|Seismic Toss|p2a: Primarina
|-damage|p2a: Primarina|69/100 par
|move|p2a: Primarina|Calm Mind|p2a: Primarina
|-boost|p2a: Primarina|spa|1
|-boost|p2a: Primarina|spd|1
|
|-heal|p2a: Primarina|75/100 par|[from] item: Leftovers
|-end|p1a: Blissey|move: Heal Block
|upkeep
|turn|40
|
|t:|1760388523
|move|p1a: Blissey|Seismic Toss|p2a: Primarina
|-damage|p2a: Primarina|47/100 par
|move|p2a: Primarina|Psychic Noise|p1a: Blissey
|-damage|p1a: Blissey|35/100
|-start|p1a: Blissey|move: Heal Block
|
|-heal|p2a: Primarina|54/100 par|[from] item: Leftovers
|upkeep
|turn|41
|
|t:|1760388537
|move|p1a: Blissey|Seismic Toss|p2a: Primarina
|-damage|p2a: Primarina|26/100 par
|cant|p2a: Primarina|par
|
|-heal|p2a: Primarina|32/100 par|[from] item: Leftovers
|-end|p1a: Blissey|move: Heal Block
|upkeep
|turn|42
|
|t:|1760388546
|move|p1a: Blissey|Seismic Toss|p2a: Primarina
|-damage|p2a: Primarina|5/100 par
|move|p2a: Primarina|Draining Kiss|p1a: Blissey
|-damage|p1a: Blissey|12/100
|-heal|p2a: Primarina|35/100 par|[from] drain|[of] p1a: Blissey
|
|-heal|p2a: Primarina|41/100 par|[from] item: Leftovers
|upkeep
|turn|43
|
|t:|1760388555
|move|p1a: Blissey|Seismic Toss|p2a: Primarina
|-damage|p2a: Primarina|13/100 par
|cant|p2a: Primarina|par
|
|-heal|p2a: Primarina|19/100 par|[from] item: Leftovers
|upkeep
|turn|44
|
|t:|1760388563
|move|p1a: Blissey|Seismic Toss|p2a: Primarina
|-damage|p2a: Primarina|0 fnt
|faint|p2a: Primarina
|
|upkeep
|
|t:|1760388594
|switch|p2a: Great Tusk|Great Tusk|100/100
|turn|45
|
|t:|1760388599
|switch|p1a: Alomomola|Alomomola, F, shiny, tera:Dragon|100/100
|-damage|p1a: Alomomola|76/100|[from] Spikes
|move|p2a: Great Tusk|Headlong Rush|p1a: Alomomola
|-damage|p1a: Alomomola|42/100
|-unboost|p2a: Great Tusk|def|1
|-unboost|p2a: Great Tusk|spd|1
|-damage|p2a: Great Tusk|84/100|[from] item: Rocky Helmet|[of] p1a: Alomomola
|
|upkeep
|turn|46
|
|t:|1760388618
|move|p2a: Great Tusk|Rapid Spin|p1a: Alomomola
|-damage|p1a: Alomomola|32/100
|-boost|p2a: Great Tusk|spe|1
|-damage|p2a: Great Tusk|68/100|[from] item: Rocky Helmet|[of] p1a: Alomomola
|-sideend|p2: imjrf|Stealth Rock|[from] move: Rapid Spin|[of] p2a: Great Tusk
|move|p1a: Alomomola|Wish|p1a: Alomomola
|
|upkeep
|turn|47
|
|t:|1760388631
|-end|p2a: Great Tusk|Protosynthesis|[silent]
|switch|p2a: Ogerpon|Ogerpon-Wellspring, F|67/100
|move|p1a: Alomomola|Scald|p2a: Ogerpon
|-heal|p2a: Ogerpon|92/100|[from] ability: Water Absorb|[of] p1a: Alomomola
|
|-heal|p1a: Alomomola|82/100|[from] move: Wish|[wisher] Alomomola
|upkeep
|turn|48
|
|t:|1760388648
|move|p1a: Alomomola|Protect|p1a: Alomomola
|-singleturn|p1a: Alomomola|Protect
|move|p2a: Ogerpon|U-turn|p1a: Alomomola
|-activate|p1a: Alomomola|move: Protect
|
|upkeep
|turn|49
|
|t:|1760388668
|move|p2a: Ogerpon|Spikes||[still]
|-fail|p2a: Ogerpon
|move|p1a: Alomomola|Wish|p1a: Alomomola
|
|upkeep
|turn|50
|
|t:|1760388676
|switch|p1a: Blissey|Blissey, F, shiny|12/100
|move|p2a: Ogerpon|Spikes||[still]
|-fail|p2a: Ogerpon
|
|-heal|p1a: Blissey|53/100|[from] move: Wish|[wisher] Alomomola
|upkeep
|turn|51
|
|t:|1760388687
|switch|p1a: Alomomola|Alomomola, F, shiny, tera:Dragon|100/100
|-damage|p1a: Alomomola|76/100|[from] Spikes
|move|p2a: Ogerpon|Ivy Cudgel|p1a: Alomomola|[anim] Ivy Cudgel Water
|-resisted|p1a: Alomomola
|-crit|p1a: Alomomola
|-damage|p1a: Alomomola|52/100
|
|upkeep
|turn|52
|
|t:|1760388712
|move|p2a: Ogerpon|Ivy Cudgel|p1a: Alomomola|[anim] Ivy Cudgel Water
|-resisted|p1a: Alomomola
|-crit|p1a: Alomomola
|-damage|p1a: Alomomola|30/100
|move|p1a: Alomomola|Wish|p1a: Alomomola
|
|upkeep
|turn|53
|
|t:|1760388734
|move|p1a: Alomomola|Protect|p1a: Alomomola
|-singleturn|p1a: Alomomola|Protect
|move|p2a: Ogerpon|Spikes||[still]
|-fail|p2a: Ogerpon
|
|-heal|p1a: Alomomola|80/100|[from] move: Wish|[wisher] Alomomola
|upkeep
|turn|54
|
|t:|1760388760
|move|p1a: Alomomola|Protect||[still]
|-fail|p1a: Alomomola
|move|p2a: Ogerpon|Ivy Cudgel|p1a: Alomomola|[anim] Ivy Cudgel Water
|-resisted|p1a: Alomomola
|-damage|p1a: Alomomola|64/100
|
|upkeep
|turn|55
|
|t:|1760388777
|move|p2a: Ogerpon|Spikes||[still]
|-fail|p2a: Ogerpon
|move|p1a: Alomomola|Wish|p1a: Alomomola
|
|upkeep
|turn|56
|
|t:|1760388789
|switch|p1a: Blissey|Blissey, F, shiny|53/100
|move|p2a: Ogerpon|Spikes||[still]
|-fail|p2a: Ogerpon
|
|-heal|p1a: Blissey|94/100|[from] move: Wish|[wisher] Alomomola
|upkeep
|turn|57
|
|t:|1760388800
|move|p2a: Ogerpon|Ivy Cudgel|p1a: Blissey|[anim] Ivy Cudgel Water
|-damage|p1a: Blissey|37/100
|move|p1a: Blissey|Thunder Wave|p2a: Ogerpon
|-status|p2a: Ogerpon|par
|
|upkeep
|turn|58
|
|t:|1760388809
|switch|p1a: Alomomola|Alomomola, F, shiny, tera:Dragon|98/100
|-damage|p1a: Alomomola|73/100|[from] Spikes
|move|p2a: Ogerpon|Ivy Cudgel|p1a: Alomomola|[anim] Ivy Cudgel Water
|-resisted|p1a: Alomomola
|-damage|p1a: Alomomola|58/100
|
|upkeep
|turn|59
|
|t:|1760388819
|move|p2a: Ogerpon|Spikes||[still]
|-fail|p2a: Ogerpon
|move|p1a: Alomomola|Wish|p1a: Alomomola
|
|upkeep
|turn|60
|
|t:|1760388834
|switch|p2a: Espeon|Espeon, M|36/100
|switch|p1a: Blissey|Blissey, F, shiny|37/100
|
|-heal|p1a: Blissey|78/100|[from] move: Wish|[wisher] Alomomola
|upkeep
|turn|61
|
|t:|1760388858
|switch|p2a: Great Tusk|Great Tusk|68/100
|move|p1a: Blissey|Seismic Toss|p2a: Great Tusk
|-damage|p2a: Great Tusk|41/100
|
|upkeep
|turn|62
|
|t:|1760388867
|switch|p1a: Alomomola|Alomomola, F, shiny, tera:Dragon|91/100
|-damage|p1a: Alomomola|66/100|[from] Spikes
|move|p2a: Great Tusk|Headlong Rush|p1a: Alomomola
|-damage|p1a: Alomomola|34/100
|-unboost|p2a: Great Tusk|def|1
|-unboost|p2a: Great Tusk|spd|1
|-damage|p2a: Great Tusk|24/100|[from] item: Rocky Helmet|[of] p1a: Alomomola
|
|upkeep
|turn|63
|
|t:|1760388881
|move|p2a: Great Tusk|Headlong Rush|p1a: Alomomola
|-damage|p1a: Alomomola|3/100
|-unboost|p2a: Great Tusk|def|1
|-unboost|p2a: Great Tusk|spd|1
|-damage|p2a: Great Tusk|8/100|[from] item: Rocky Helmet|[of] p1a: Alomomola
|move|p1a: Alomomola|Wish|p1a: Alomomola
|
|upkeep
|turn|64
|
|t:|1760388892
|-end|p2a: Great Tusk|Protosynthesis|[silent]
|switch|p2a: Espeon|Espeon, M|36/100
|move|p1a: Alomomola|Protect||[still]
|-fail|p1a: Alomomola
|
|-heal|p1a: Alomomola|53/100|[from] move: Wish|[wisher] Alomomola
|upkeep
|turn|65
|
|t:|1760388912
|switch|p2a: Great Tusk|Great Tusk|8/100
|move|p1a: Alomomola|Protect||[still]
|-fail|p1a: Alomomola
|
|upkeep
|turn|66
|
|t:|1760388921
|-end|p2a: Great Tusk|Protosynthesis|[silent]
|switch|p2a: Espeon|Espeon, M|36/100
|move|p1a: Alomomola|Scald|p2a: Espeon
|-damage|p2a: Espeon|16/100
|
|upkeep
|turn|67
|
|t:|1760388928
|switch|p1a: Blissey|Blissey, F, shiny|78/100
|move|p2a: Espeon|Alluring Voice|p1a: Blissey
|-damage|p1a: Blissey|70/100
|
|upkeep
|turn|68
|
|t:|1760388948
|switch|p2a: Ogerpon|Ogerpon-Wellspring, F|92/100 par
|move|p1a: Blissey|Seismic Toss|p2a: Ogerpon
|-damage|p2a: Ogerpon|59/100 par
|
|upkeep
|turn|69
|
|t:|1760388964
|move|p2a: Ogerpon|Ivy Cudgel|p1a: Blissey|[anim] Ivy Cudgel Water
|-damage|p1a: Blissey|17/100
|move|p1a: Blissey|Seismic Toss|p2a: Ogerpon
|-damage|p2a: Ogerpon|26/100 par
|
|upkeep
|turn|70
|
|t:|1760388989
|cant|p2a: Ogerpon|par
|move|p1a: Blissey|Seismic Toss|p2a: Ogerpon
|-damage|p2a: Ogerpon|0 fnt
|faint|p2a: Ogerpon
|
|upkeep
|
|t:|1760389000
|switch|p2a: Espeon|Espeon, M|16/100
|turn|71
|
|t:|1760389004
|move|p2a: Espeon|Alluring Voice|p1a: Blissey
|-damage|p1a: Blissey|7/100
|move|p1a: Blissey|Seismic Toss|p2a: Espeon
|-damage|p2a: Espeon|0 fnt
|faint|p2a: Espeon
|
|upkeep
|
|t:|1760389012
|switch|p2a: Great Tusk|Great Tusk|8/100
|turn|72
|
|t:|1760389028
|move|p2a: Great Tusk|Headlong Rush|p1a: Blissey
|-damage|p1a: Blissey|0 fnt
|-unboost|p2a: Great Tusk|def|1
|-unboost|p2a: Great Tusk|spd|1
|faint|p1a: Blissey
|
|upkeep
|
|t:|1760389032
|switch|p1a: Alomomola|Alomomola, F, shiny, tera:Dragon|87/100
|-damage|p1a: Alomomola|62/100|[from] Spikes
|turn|73
|
|t:|1760389041
|move|p2a: Great Tusk|Headlong Rush|p1a: Alomomola
|-damage|p1a: Alomomola|26/100
|-unboost|p2a: Great Tusk|def|1
|-unboost|p2a: Great Tusk|spd|1
|-damage|p2a: Great Tusk|0 fnt|[from] item: Rocky Helmet|[of] p1a: Alomomola
|faint|p2a: Great Tusk
|-end|p2a: Great Tusk|Protosynthesis|[silent]
|move|p1a: Alomomola|Wish|p1a: Alomomola
|
|upkeep
|
|t:|1760389051
|switch|p2a: Kingambit|Kingambit, F|10/100
|-activate|p2a: Kingambit|ability: Supreme Overlord
|-start|p2a: Kingambit|fallen5|[silent]
|turn|74
|c|☆ZaneErikb|Gg
|
|t:|1760389069
|move|p1a: Alomomola|Protect|p1a: Alomomola
|-singleturn|p1a: Alomomola|Protect
|move|p2a: Kingambit|Kowtow Cleave|p1a: Alomomola
|-activate|p1a: Alomomola|move: Protect
|
|-heal|p1a: Alomomola|76/100|[from] move: Wish|[wisher] Alomomola
|-heal|p2a: Kingambit|16/100|[from] item: Leftovers
|upkeep
|turn|75
|c|☆ZaneErikb|Very close battle
|c|☆ZaneErikb|Nice one !
|c|☆ZaneErikb|My defensive core took it to the end.
|c|☆ZaneErikb|Maybe
|
|t:|1760389105
|move|p2a: Kingambit|Kowtow Cleave|p1a: Alomomola
|-damage|p1a: Alomomola|35/100
|-damage|p2a: Kingambit|0 fnt|[from] item: Rocky Helmet|[of] p1a: Alomomola
|faint|p2a: Kingambit
|-end|p2a: Kingambit|fallen5|[silent]
|
|win|ZaneErikb
|raw|ZaneErikb's rating: 1000 &rarr; <strong>1043</strong><br />(+43 for winning)
|raw|imjrf's rating: 1030 &rarr; <strong>1014</strong><br />(-16 for losing)
|l|☆imjrf
|player|p2|
|l|☆ZaneErikb
|player|p1|
|j|☆ZaneErikb
|player|p1|ZaneErikb|266|
