|j|☆Hybbridd
|j|☆DIGIWAYNE123
|t:|1760363250
|gametype|singles
|player|p1|Hybbridd|lucas-gen4pt|1637
|player|p2|DIGIWAYNE123|swimmerf-gen4|1591
|gen|9
|tier|[Gen 9] OU
|rated|
|rule|HP Percentage Mod: HP is shown in percentages
|rule|Endless Battle Clause: Forcing endless battles is banned
|rule|Species Clause: Limit one of each Pokémon
|rule|OHKO Clause: OHKO moves are banned
|rule|Evasion Items Clause: Evasion items are banned
|rule|Evasion Moves Clause: Evasion moves are banned
|rule|Evasion Abilities Clause: Evasion abilities are banned
|rule|Sleep Moves Clause: Sleep-inducing moves are banned
|clearpoke
|poke|p1|Landorus-Therian, M|
|poke|p1|Samurott-Hisui, F|
|poke|p1|Pecharunt|
|poke|p1|Scizor, M|
|poke|p1|Latios, M|
|poke|p1|Zamazenta-*|
|poke|p2|Armarouge, F|
|poke|p2|Indeedee, M|
|poke|p2|Great Tusk|
|poke|p2|Hoopa-Unbound|
|poke|p2|Scream Tail|
|poke|p2|Drednaw, M|
|teampreview
|inactive|Battle timer is ON: inactive players will automatically lose when time's up. (requested by DIGIWAYNE123)
|
|t:|1760363267
|teamsize|p1|6
|teamsize|p2|6
|start
|switch|p1a: Samurott|Samurott-Hisui, F|100/100
|switch|p2a: Scream Tail|Scream Tail|100/100
|-enditem|p2a: Scream Tail|Booster Energy
|-activate|p2a: Scream Tail|ability: Protosynthesis|[fromitem]
|-start|p2a: Scream Tail|protosynthesisspe
|turn|1
|
|t:|1760363271
|move|p2a: Scream Tail|Stealth Rock|p1a: Samurott
|-sidestart|p1: Hybbridd|move: Stealth Rock
|move|p1a: Samurott|Ceaseless Edge|p2a: Scream Tail
|-damage|p2a: Scream Tail|67/100
|-sidestart|p2: DIGIWAYNE123|Spikes
|
|upkeep
|turn|2
|
|t:|1760363294
|move|p2a: Scream Tail|Thunder Wave|p1a: Samurott
|-status|p1a: Samurott|par
|cant|p1a: Samurott|par
|
|upkeep
|turn|3
|
|t:|1760363299
|move|p2a: Scream Tail|Wish|p2a: Scream Tail
|move|p1a: Samurott|Ceaseless Edge|p2a: Scream Tail
|-damage|p2a: Scream Tail|32/100
|-sidestart|p2: DIGIWAYNE123|Spikes
|
|upkeep
|turn|4
|
|t:|1760363306
|move|p2a: Scream Tail|Misty Explosion|p1a: Samurott
|-supereffective|p1a: Samurott
|-damage|p1a: Samurott|56/100 par
|faint|p2a: Scream Tail
|-end|p2a: Scream Tail|Protosynthesis|[silent]
|move|p1a: Samurott|Ceaseless Edge|p2: Scream Tail|[notarget]
|-fail|p1a: Samurott
|
|upkeep
|
|t:|1760363309
|switch|p2a: Great Tusk|Great Tusk|100/100
|-damage|p2a: Great Tusk|84/100|[from] Spikes
|-enditem|p2a: Great Tusk|Booster Energy
|-activate|p2a: Great Tusk|ability: Protosynthesis|[fromitem]
|-start|p2a: Great Tusk|protosynthesisspe
|turn|5
|
|t:|1760363320
|switch|p1a: Pecharunt|Pecharunt|100/100
|move|p2a: Great Tusk|Headlong Rush|p1a: Pecharunt
|-supereffective|p1a: Pecharunt
|-damage|p1a: Pecharunt|35/100
|-unboost|p2a: Great Tusk|def|1
|-unboost|p2a: Great Tusk|spd|1
|
|upkeep
|turn|6
|
|t:|1760363326
|move|p2a: Great Tusk|Knock Off|p1a: Pecharunt
|-supereffective|p1a: Pecharunt
|-damage|p1a: Pecharunt|1/100
|-enditem|p1a: Pecharunt|Heavy-Duty Boots|[from] move: Knock Off|[of] p2a: Great Tusk
|move|p1a: Pecharunt|Parting Shot|p2a: Great Tusk
|-unboost|p2a: Great Tusk|atk|1
|-unboost|p2a: Great Tusk|spa|1
|
|t:|1760363348
|switch|p1a: Scizor|Scizor, M|100/100|[from] Parting Shot
|
|upkeep
|turn|7
|
|t:|1760363354
|move|p1a: Scizor|Bullet Punch|p2a: Great Tusk
|-damage|p2a: Great Tusk|50/100
|move|p2a: Great Tusk|Rapid Spin|p1a: Scizor
|-resisted|p1a: Scizor
|-damage|p1a: Scizor|94/100
|-boost|p2a: Great Tusk|spe|1
|-sideend|p2: DIGIWAYNE123|Spikes|[from] move: Rapid Spin|[of] p2a: Great Tusk
|
|upkeep
|turn|8
|
|t:|1760363358
|-end|p2a: Great Tusk|Protosynthesis|[silent]
|switch|p2a: Indeedee|Indeedee, M|100/100
|-fieldstart|move: Psychic Terrain|[from] ability: Psychic Surge|[of] p2a: Indeedee
|move|p1a: Scizor|Knock Off|p2a: Indeedee
|-supereffective|p2a: Indeedee
|-damage|p2a: Indeedee|0 fnt
|-enditem|p2a: Indeedee|Terrain Extender|[from] move: Knock Off|[of] p1a: Scizor
|faint|p2a: Indeedee
|
|upkeep
|
|t:|1760363364
|switch|p2a: Armarouge|Armarouge, F|100/100
|turn|9
|
|t:|1760363370
|switch|p1a: Pecharunt|Pecharunt|1/100
|-damage|p1a: Pecharunt|0 fnt|[from] Stealth Rock
|faint|p1a: Pecharunt
|move|p2a: Armarouge|Calm Mind|p2a: Armarouge
|-boost|p2a: Armarouge|spa|1
|-boost|p2a: Armarouge|spd|1
|
|upkeep
|
|t:|1760363377
|switch|p1a: Samurott|Samurott-Hisui, F|56/100 par
|-damage|p1a: Samurott|44/100 par|[from] Stealth Rock
|turn|10
|
|t:|1760363380
|move|p2a: Armarouge|Armor Cannon|p1a: Samurott
|-resisted|p1a: Samurott
|-damage|p1a: Samurott|0 fnt
|-unboost|p2a: Armarouge|def|1
|-unboost|p2a: Armarouge|spd|1
|faint|p1a: Samurott
|
|upkeep
|
|t:|1760363389
|switch|p1a: Latios|Latios, M|100/100
|-damage|p1a: Latios|88/100|[from] Stealth Rock
|turn|11
|
|t:|1760363416
|switch|p2a: Hoopa|Hoopa-Unbound|100/100
|move|p1a: Latios|Draco Meteor|p2a: Hoopa
|-damage|p2a: Hoopa|58/100
|-unboost|p1a: Latios|spa|2
|
|upkeep
|turn|12
|
|t:|1760363421
|switch|p1a: Landorus|Landorus-Therian, M|100/100
|-damage|p1a: Landorus|88/100|[from] Stealth Rock
|-ability|p1a: Landorus|Intimidate|boost
|-unboost|p2a: Hoopa|atk|1
|move|p2a: Hoopa|Expanding Force|p1a: Landorus
|-damage|p1a: Landorus|0 fnt
|faint|p1a: Landorus
|
|upkeep
|
|t:|1760363435
|switch|p1a: Zamazenta|Zamazenta|100/100
|-damage|p1a: Zamazenta|94/100|[from] Stealth Rock
|-ability|p1a: Zamazenta|Dauntless Shield|boost
|-boost|p1a: Zamazenta|def|1
|turn|13
|
|t:|1760363439
|move|p1a: Zamazenta|Body Press|p2a: Hoopa
|-damage|p2a: Hoopa|0 fnt
|faint|p2a: Hoopa
|
|-heal|p1a: Zamazenta|100/100|[from] item: Leftovers
|upkeep
|
|t:|1760363444
|switch|p2a: Armarouge|Armarouge, F|100/100
|turn|14
|
|t:|1760363452
|switch|p1a: Scizor|Scizor, M|94/100
|move|p2a: Armarouge|Expanding Force|p1a: Scizor
|-resisted|p1a: Scizor
|-damage|p1a: Scizor|34/100
|
|upkeep
|turn|15
|
|t:|1760363461
|switch|p2a: Great Tusk|Great Tusk|50/100
|move|p1a: Scizor|Knock Off|p2a: Great Tusk
|-resisted|p2a: Great Tusk
|-damage|p2a: Great Tusk|42/100
|
|-fieldend|move: Psychic Terrain
|upkeep
|turn|16
|
|t:|1760363466
|move|p1a: Scizor|Bullet Punch|p2a: Great Tusk
|-damage|p2a: Great Tusk|19/100
|move|p2a: Great Tusk|Knock Off|p1a: Scizor
|-damage|p1a: Scizor|0 fnt
|-enditem|p1a: Scizor|Heavy-Duty Boots|[from] move: Knock Off|[of] p2a: Great Tusk
|faint|p1a: Scizor
|
|upkeep
|
|t:|1760363470
|switch|p1a: Latios|Latios, M|88/100
|-damage|p1a: Latios|76/100|[from] Stealth Rock
|turn|17
|
|t:|1760363472
|move|p1a: Latios|Psychic Noise|p2a: Great Tusk
|-supereffective|p2a: Great Tusk
|-damage|p2a: Great Tusk|0 fnt
|faint|p2a: Great Tusk
|-end|p2a: Great Tusk|Protosynthesis|[silent]
|
|upkeep
|
|t:|1760363475
|switch|p2a: Drednaw|Drednaw, M|100/100
|turn|18
|
|t:|1760363479
|move|p1a: Latios|Draco Meteor|p2a: Drednaw
|-enditem|p2a: Drednaw|Focus Sash
|-damage|p2a: Drednaw|1/100
|-unboost|p1a: Latios|spa|2
|move|p2a: Drednaw|Shell Smash|p2a: Drednaw
|-unboost|p2a: Drednaw|def|1
|-unboost|p2a: Drednaw|spd|1
|-boost|p2a: Drednaw|atk|2
|-boost|p2a: Drednaw|spa|2
|-boost|p2a: Drednaw|spe|2
|
|upkeep
|turn|19
|
|t:|1760363486
|move|p2a: Drednaw|Ice Fang|p1a: Latios
|-supereffective|p1a: Latios
|-damage|p1a: Latios|0 fnt
|faint|p1a: Latios
|
|upkeep
|
|t:|1760363488
|switch|p1a: Zamazenta|Zamazenta|100/100
|-damage|p1a: Zamazenta|94/100|[from] Stealth Rock
|turn|20
|
|t:|1760363496
|move|p2a: Drednaw|Liquidation|p1a: Zamazenta
|-crit|p1a: Zamazenta
|-damage|p1a: Zamazenta|7/100
|move|p1a: Zamazenta|Body Press|p2a: Drednaw
|-supereffective|p2a: Drednaw
|-crit|p2a: Drednaw
|-damage|p2a: Drednaw|0 fnt
|faint|p2a: Drednaw
|
|-heal|p1a: Zamazenta|13/100|[from] item: Leftovers
|upkeep
|
|t:|1760363500
|switch|p2a: Armarouge|Armarouge, F|100/100
|turn|21
|
|t:|1760363503
|move|p1a: Zamazenta|Crunch|p2a: Armarouge
|-supereffective|p2a: Armarouge
|-damage|p2a: Armarouge|49/100
|-ability|p2a: Armarouge|Weak Armor|boost
|-unboost|p2a: Armarouge|def|1
|-boost|p2a: Armarouge|spe|2
|move|p2a: Armarouge|Expanding Force|p1a: Zamazenta
|-supereffective|p1a: Zamazenta
|-crit|p1a: Zamazenta
|-damage|p1a: Zamazenta|0 fnt
|faint|p1a: Zamazenta
|
|win|DIGIWAYNE123
|raw|Hybbridd's rating: 1637 &rarr; <strong>1614</strong><br />(-23 for losing)
|raw|DIGIWAYNE123's rating: 1591 &rarr; <strong>1614</strong><br />(+23 for winning)
|l|☆Hybbridd
|player|p1|
|l|☆DIGIWAYNE123
|player|p2|
