|j|☆dulana123
|j|‽i win 99.9%
|t:|1760347490
|gametype|singles
|player|p1|dulana123|102|1215
|player|p2|i win 99.9%|265|1239
|gen|9
|tier|[Gen 9] OU
|rated|
|rule|HP Percentage Mod: HP is shown in percentages
|rule|Endless Battle Clause: Forcing endless battles is banned
|rule|Species Clause: Limit one of each Pokémon
|rule|OHKO Clause: OHKO moves are banned
|rule|Evasion Items Clause: Evasion items are banned
|rule|Evasion Moves Clause: Evasion moves are banned
|rule|Evasion Abilities Clause: Evasion abilities are banned
|rule|Sleep Moves Clause: Sleep-inducing moves are banned
|clearpoke
|poke|p1|Garchomp, M|
|poke|p1|Staraptor, M|
|poke|p1|Toxicroak, M|
|poke|p1|Scizor, M|
|poke|p1|Torterra, M|
|poke|p1|Gyarados, M|
|poke|p2|Clefable, M|
|poke|p2|Jirachi|
|poke|p2|Iron Moth|
|poke|p2|Weavile, M|
|poke|p2|Iron Leaves|
|poke|p2|Walking Wake|
|teampreview
|inactive|Battle timer is ON: inactive players will automatically lose when time's up. (requested by i win 99.9%)
|
|t:|1760347513
|teamsize|p1|6
|teamsize|p2|6
|start
|switch|p1a: Staraptor|Staraptor, M|100/100
|switch|p2a: Jirachi|Jirachi|100/100
|turn|1
|
|t:|1760347519
|move|p1a: Staraptor|U-turn|p2a: Jirachi
|-damage|p2a: Jirachi|77/100
|
|t:|1760347526
|switch|p1a: Garchomp|Garchomp, M|100/100|[from] U-turn
|move|p2a: Jirachi|Iron Head|p1a: Garchomp
|-damage|p1a: Garchomp|61/100
|-damage|p2a: Jirachi|65/100|[from] ability: Rough Skin|[of] p1a: Garchomp
|
|upkeep
|turn|2
|
|t:|1760347536
|move|p2a: Jirachi|Iron Head|p1a: Garchomp
|-damage|p1a: Garchomp|25/100
|-damage|p2a: Jirachi|52/100|[from] ability: Rough Skin|[of] p1a: Garchomp
|cant|p1a: Garchomp|flinch
|
|upkeep
|turn|3
|
|t:|1760347543
|switch|p1a: Gyarados|Gyarados, M|100/100
|-ability|p1a: Gyarados|Intimidate|boost
|-unboost|p2a: Jirachi|atk|1
|move|p2a: Jirachi|Iron Head|p1a: Gyarados
|-resisted|p1a: Gyarados
|-damage|p1a: Gyarados|85/100
|
|upkeep
|turn|4
|
|t:|1760347552
|switch|p2a: Clefable|Clefable, M|100/100
|move|p1a: Gyarados|Earthquake|p2a: Clefable
|-crit|p2a: Clefable
|-damage|p2a: Clefable|39/100
|-enditem|p2a: Clefable|Red Card|[of] p1a: Gyarados
|drag|p1a: Garchomp|Garchomp, M|25/100
|
|upkeep
|turn|5
|
|t:|1760347561
|move|p1a: Garchomp|Earthquake|p2a: Clefable
|-crit|p2a: Clefable
|-damage|p2a: Clefable|0 fnt
|faint|p2a: Clefable
|
|upkeep
|
|t:|1760347566
|switch|p2a: Iron Moth|Iron Moth|100/100
|-enditem|p2a: Iron Moth|Booster Energy
|-activate|p2a: Iron Moth|ability: Quark Drive|[fromitem]
|-start|p2a: Iron Moth|quarkdrivespe
|turn|6
|
|t:|1760347571
|switch|p1a: Gyarados|Gyarados, M|85/100
|-ability|p1a: Gyarados|Intimidate|boost
|-unboost|p2a: Iron Moth|atk|1
|move|p2a: Iron Moth|Fiery Dance|p1a: Gyarados
|-resisted|p1a: Gyarados
|-crit|p1a: Gyarados
|-damage|p1a: Gyarados|56/100
|
|upkeep
|turn|7
|
|t:|1760347580
|move|p2a: Iron Moth|Discharge|p1a: Gyarados
|-supereffective|p1a: Gyarados
|-damage|p1a: Gyarados|0 fnt
|faint|p1a: Gyarados
|
|upkeep
|
|t:|1760347593
|switch|p1a: Toxicroak|Toxicroak, M|100/100
|turn|8
|
|t:|1760347611
|move|p2a: Iron Moth|Fiery Dance|p1a: Toxicroak
|-damage|p1a: Toxicroak|23/100
|-boost|p2a: Iron Moth|spa|1
|move|p1a: Toxicroak|Drain Punch|p2a: Iron Moth
|-resisted|p2a: Iron Moth
|-damage|p2a: Iron Moth|75/100
|-heal|p1a: Toxicroak|36/100|[from] drain|[of] p2a: Iron Moth
|
|upkeep
|turn|9
|
|t:|1760347620
|move|p1a: Toxicroak|Sucker Punch|p2a: Iron Moth
|-damage|p2a: Iron Moth|44/100
|move|p2a: Iron Moth|Fiery Dance|p1a: Toxicroak
|-damage|p1a: Toxicroak|0 fnt
|-boost|p2a: Iron Moth|spa|1
|faint|p1a: Toxicroak
|
|upkeep
|
|t:|1760347628
|switch|p1a: Scizor|Scizor, M|100/100
|turn|10
|
|t:|1760347632
|move|p1a: Scizor|Bullet Punch|p2a: Iron Moth
|-resisted|p2a: Iron Moth
|-damage|p2a: Iron Moth|5/100
|move|p2a: Iron Moth|Fiery Dance|p1a: Scizor
|-supereffective|p1a: Scizor
|-damage|p1a: Scizor|0 fnt
|-boost|p2a: Iron Moth|spa|1
|faint|p1a: Scizor
|
|upkeep
|-message|dulana123 forfeited.
|
|win|i win 99.9%
|raw|dulana123's rating: 1215 &rarr; <strong>1192</strong><br />(-23 for losing)
|raw|i win 99.9%'s rating: 1239 &rarr; <strong>1262</strong><br />(+23 for winning)
|l|☆dulana123
|player|p1|
|l|‽i win 99.9%
|player|p2|
