|j|☆Adadoo
|j|☆kinsword
|t:|1760333036
|gametype|singles
|player|p1|Adadoo|169|1486
|player|p2|kinsword|1|1588
|gen|9
|tier|[Gen 9] OU
|rated|
|rule|HP Percentage Mod: HP is shown in percentages
|rule|Endless Battle Clause: Forcing endless battles is banned
|rule|Species Clause: Limit one of each Pokémon
|rule|OHKO Clause: OHKO moves are banned
|rule|Evasion Items Clause: Evasion items are banned
|rule|Evasion Moves Clause: Evasion moves are banned
|rule|Evasion Abilities Clause: Evasion abilities are banned
|rule|Sleep Moves Clause: Sleep-inducing moves are banned
|clearpoke
|poke|p1|Ursaluna, M|
|poke|p1|Cresselia, F|
|poke|p1|Iron Valiant|
|poke|p1|Hatterene, F|
|poke|p1|Keldeo-Resolute|
|poke|p1|Ogerpon, F|
|poke|p2|Infernape, M|
|poke|p2|Tauros-Paldea-Aqua, M|
|poke|p2|Venusaur, M|
|poke|p2|Weavile, M|
|poke|p2|Corviknight, F|
|poke|p2|Basculegion-F, F|
|teampreview
|inactive|Battle timer is ON: inactive players will automatically lose when time's up. (requested by Adadoo)
|inactive|kinsword also wants the timer to be on.
|
|t:|1760333060
|teamsize|p1|6
|teamsize|p2|6
|start
|switch|p1a: Hatterene|Hatterene, F, shiny|100/100
|switch|p2a: Basculegion|Basculegion-F, F|100/100
|turn|1
|
|t:|1760333066
|move|p2a: Basculegion|Shadow Ball|p1a: Hatterene
|-supereffective|p1a: Hatterene
|-enditem|p1a: Hatterene|Focus Sash
|-damage|p1a: Hatterene|1/100
|move|p1a: Hatterene|Trick Room|p1a: Hatterene
|-fieldstart|move: Trick Room|[of] p1a: Hatterene
|
|upkeep
|turn|2
|
|t:|1760333074
|move|p2a: Basculegion|Aqua Jet|p1a: Hatterene
|-damage|p1a: Hatterene|0 fnt
|faint|p1a: Hatterene
|
|upkeep
|
|t:|1760333079
|switch|p1a: Ursaluna|Ursaluna, M, shiny|100/100
|turn|3
|
|t:|1760333083
|move|p1a: Ursaluna|Headlong Rush|p2a: Basculegion
|-damage|p2a: Basculegion|22/100
|-unboost|p1a: Ursaluna|def|1
|-unboost|p1a: Ursaluna|spd|1
|move|p2a: Basculegion|Surf|p1a: Ursaluna
|-supereffective|p1a: Ursaluna
|-damage|p1a: Ursaluna|0 fnt
|faint|p1a: Ursaluna
|
|upkeep
|
|t:|1760333087
|switch|p1a: Cresselia|Cresselia, F, shiny|100/100
|turn|4
|
|t:|1760333095
|move|p1a: Cresselia|Psychic|p2a: Basculegion
|-damage|p2a: Basculegion|5/100
|move|p2a: Basculegion|Shadow Ball|p1a: Cresselia
|-supereffective|p1a: Cresselia
|-damage|p1a: Cresselia|42/100
|
|upkeep
|turn|5
|
|t:|1760333104
|move|p1a: Cresselia|Psychic|p2a: Basculegion
|-damage|p2a: Basculegion|0 fnt
|faint|p2a: Basculegion
|
|-fieldend|move: Trick Room
|upkeep
|
|t:|1760333110
|switch|p2a: Weavile|Weavile, M|100/100
|-ability|p2a: Weavile|Pressure
|turn|6
|
|t:|1760333114
|move|p2a: Weavile|Knock Off|p1a: Cresselia
|-supereffective|p1a: Cresselia
|-damage|p1a: Cresselia|0 fnt
|-damage|p2a: Weavile|84/100|[from] item: Rocky Helmet|[of] p1a: Cresselia
|-enditem|p1a: Cresselia|Rocky Helmet|[from] move: Knock Off|[of] p2a: Weavile
|faint|p1a: Cresselia
|
|upkeep
|
|t:|1760333121
|switch|p1a: Keldeo|Keldeo-Resolute|100/100
|turn|7
|
|t:|1760333125
|switch|p2a: Venusaur|Venusaur, M|100/100
|-terastallize|p1a: Keldeo|Water
|move|p1a: Keldeo|Surf|p2a: Venusaur
|-resisted|p2a: Venusaur
|-damage|p2a: Venusaur|70/100
|
|upkeep
|turn|8
|
|t:|1760333133
|switch|p1a: Ogerpon|Ogerpon, F|100/100
|move|p2a: Venusaur|Giga Drain|p1a: Ogerpon
|-resisted|p1a: Ogerpon
|-damage|p1a: Ogerpon|82/100
|-heal|p2a: Venusaur|78/100|[from] drain|[of] p1a: Ogerpon
|
|upkeep
|turn|9
|
|t:|1760333143
|switch|p2a: Corviknight|Corviknight, F|100/100
|move|p1a: Ogerpon|U-turn|p2a: Corviknight
|-resisted|p2a: Corviknight
|-damage|p2a: Corviknight|96/100
|-damage|p1a: Ogerpon|65/100|[from] item: Rocky Helmet|[of] p2a: Corviknight
|
|t:|1760333146
|switch|p1a: Keldeo|Keldeo-Resolute, tera:Water|100/100|[from] U-turn
|
|upkeep
|turn|10
|
|t:|1760333154
|switch|p2a: Tauros|Tauros-Paldea-Aqua, M|100/100
|-ability|p2a: Tauros|Intimidate|boost
|-unboost|p1a: Keldeo|atk|1
|move|p1a: Keldeo|Surf|p2a: Tauros
|-resisted|p2a: Tauros
|-damage|p2a: Tauros|36/100
|
|-heal|p2a: Tauros|42/100|[from] item: Leftovers
|upkeep
|turn|11
|
|t:|1760333164
|move|p1a: Keldeo|Surf|p2a: Tauros
|-resisted|p2a: Tauros
|-damage|p2a: Tauros|0 fnt
|faint|p2a: Tauros
|
|upkeep
|
|t:|1760333170
|switch|p2a: Venusaur|Venusaur, M|78/100
|turn|12
|
|t:|1760333175
|switch|p1a: Ogerpon|Ogerpon, F|65/100
|move|p2a: Venusaur|Sludge Bomb|p1a: Ogerpon
|-supereffective|p1a: Ogerpon
|-damage|p1a: Ogerpon|0 fnt
|faint|p1a: Ogerpon
|
|upkeep
|
|t:|1760333177
|switch|p1a: Iron Valiant|Iron Valiant|100/100
|-enditem|p1a: Iron Valiant|Booster Energy
|-activate|p1a: Iron Valiant|ability: Quark Drive|[fromitem]
|-start|p1a: Iron Valiant|quarkdrivespe
|turn|13
|
|t:|1760333193
|switch|p2a: Corviknight|Corviknight, F|96/100
|move|p1a: Iron Valiant|Destiny Bond|p1a: Iron Valiant
|-singlemove|p1a: Iron Valiant|Destiny Bond
|
|upkeep
|turn|14
|
|t:|1760333199
|move|p1a: Iron Valiant|Moonblast|p2a: Corviknight
|-resisted|p2a: Corviknight
|-damage|p2a: Corviknight|71/100
|-ability|p2a: Corviknight|Mirror Armor
|-unboost|p1a: Iron Valiant|spa|1
|move|p2a: Corviknight|Brave Bird|p1a: Iron Valiant
|-supereffective|p1a: Iron Valiant
|-damage|p1a: Iron Valiant|8/100
|-damage|p2a: Corviknight|49/100|[from] Recoil
|
|upkeep
|turn|15
|
|t:|1760333210
|-end|p1a: Iron Valiant|Quark Drive|[silent]
|switch|p1a: Keldeo|Keldeo-Resolute, tera:Water|100/100
|move|p2a: Corviknight|Brave Bird|p1a: Keldeo
|-damage|p1a: Keldeo|57/100
|-damage|p2a: Corviknight|37/100|[from] Recoil
|
|upkeep
|turn|16
|
|t:|1760333218
|move|p1a: Keldeo|Surf|p2a: Corviknight
|-damage|p2a: Corviknight|0 fnt
|faint|p2a: Corviknight
|
|upkeep
|
|t:|1760333223
|switch|p2a: Venusaur|Venusaur, M|78/100
|turn|17
|
|t:|1760333226
|move|p1a: Keldeo|Surf|p2a: Venusaur
|-resisted|p2a: Venusaur
|-damage|p2a: Venusaur|48/100
|move|p2a: Venusaur|Giga Drain|p1a: Keldeo
|-supereffective|p1a: Keldeo
|-damage|p1a: Keldeo|0 fnt
|-heal|p2a: Venusaur|73/100|[from] drain|[of] p1a: Keldeo
|faint|p1a: Keldeo
|
|upkeep
|
|t:|1760333228
|switch|p1a: Iron Valiant|Iron Valiant|8/100
|turn|18
|-message|Adadoo forfeited.
|
|win|kinsword
|raw|Adadoo's rating: 1486 &rarr; <strong>1472</strong><br />(-14 for losing)
|raw|kinsword's rating: 1588 &rarr; <strong>1602</strong><br />(+14 for winning)
|l|☆Adadoo
|player|p1|
|l|☆kinsword
|player|p2|
