|j|☆skibidisksk
|j|☆UnitedDank
|t:|1760307105
|gametype|singles
|player|p1|skibidisksk|101|1534
|player|p2|UnitedDank|youngn|1500
|gen|9
|tier|[Gen 9] OU
|rated|
|rule|HP Percentage Mod: HP is shown in percentages
|rule|Endless Battle Clause: Forcing endless battles is banned
|rule|Species Clause: Limit one of each Pokémon
|rule|OHKO Clause: OHKO moves are banned
|rule|Evasion Items Clause: Evasion items are banned
|rule|Evasion Moves Clause: Evasion moves are banned
|rule|Evasion Abilities Clause: Evasion abilities are banned
|rule|Sleep Moves Clause: Sleep-inducing moves are banned
|clearpoke
|poke|p1|Raging Bolt|
|poke|p1|Dragonite, M|
|poke|p1|Iron Valiant|
|poke|p1|Iron Moth|
|poke|p1|Landorus-Therian, M|
|poke|p1|Darkrai|
|poke|p2|Ting-Lu|
|poke|p2|Slowking-Galar, M|
|poke|p2|Corviknight, M|
|poke|p2|Cinderace, M|
|poke|p2|Ogerpon-Wellspring, F|
|poke|p2|Raging Bolt|
|teampreview
|inactive|Battle timer is ON: inactive players will automatically lose when time's up. (requested by skibidisksk)
|
|t:|1760307144
|teamsize|p1|6
|teamsize|p2|6
|start
|switch|p1a: Iron Valiant|Iron Valiant|100/100
|switch|p2a: Ogerpon|Ogerpon-Wellspring, F|100/100
|-enditem|p1a: Iron Valiant|Booster Energy
|-activate|p1a: Iron Valiant|ability: Quark Drive|[fromitem]
|-start|p1a: Iron Valiant|quarkdrivespe
|turn|1
|
|t:|1760307174
|move|p1a: Iron Valiant|Moonblast|p2a: Ogerpon
|-damage|p2a: Ogerpon|46/100
|-unboost|p2a: Ogerpon|spa|1
|move|p2a: Ogerpon|U-turn|p1a: Iron Valiant
|-resisted|p1a: Iron Valiant
|-damage|p1a: Iron Valiant|91/100
|
|t:|1760307182
|switch|p2a: Slowking|Slowking-Galar, M|100/100|[from] U-turn
|
|upkeep
|turn|2
|
|t:|1760307191
|-end|p1a: Iron Valiant|Quark Drive|[silent]
|switch|p1a: Dragonite|Dragonite, M|100/100
|-prepare|p2a: Slowking|Chilly Reception|[premajor]
|move|p2a: Slowking|Chilly Reception|p2a: Slowking
|-weather|Snowscape
|inactive|UnitedDank has 120 seconds left.
|
|t:|1760307214
|switch|p2a: Raging Bolt|Raging Bolt|100/100|[from] Chilly Reception
|
|-weather|Snowscape|[upkeep]
|upkeep
|turn|3
|
|t:|1760307223
|move|p1a: Dragonite|Earthquake|p2a: Raging Bolt
|-supereffective|p2a: Raging Bolt
|-damage|p2a: Raging Bolt|37/100
|move|p2a: Raging Bolt|Volt Switch|p1a: Dragonite
|-damage|p1a: Dragonite|68/100
|inactive|UnitedDank has 120 seconds left.
|
|t:|1760307233
|-end|p2a: Raging Bolt|Protosynthesis|[silent]
|switch|p2a: Corviknight|Corviknight, M|100/100|[from] Volt Switch
|-ability|p2a: Corviknight|Pressure
|
|-weather|Snowscape|[upkeep]
|upkeep
|turn|4
|
|t:|1760307241
|switch|p1a: Landorus|Landorus-Therian, M|100/100
|-ability|p1a: Landorus|Intimidate|boost
|-unboost|p2a: Corviknight|atk|1
|move|p2a: Corviknight|Brave Bird|p1a: Landorus
|-damage|p1a: Landorus|69/100
|-damage|p2a: Corviknight|92/100|[from] Recoil
|
|-weather|Snowscape|[upkeep]
|upkeep
|turn|5
|
|t:|1760307256
|switch|p2a: Ogerpon|Ogerpon-Wellspring, F|46/100
|move|p1a: Landorus|Stealth Rock|p2a: Ogerpon
|-sidestart|p2: UnitedDank|move: Stealth Rock
|
|-weather|Snowscape|[upkeep]
|upkeep
|turn|6
|
|t:|1760307264
|switch|p1a: Dragonite|Dragonite, M|68/100
|move|p2a: Ogerpon|Ivy Cudgel|p1a: Dragonite|[anim] Ivy Cudgel Water
|-resisted|p1a: Dragonite
|-damage|p1a: Dragonite|35/100
|
|-weather|none
|upkeep
|turn|7
|
|t:|1760307275
|switch|p1a: Iron Valiant|Iron Valiant|91/100
|move|p2a: Ogerpon|Taunt|p1a: Iron Valiant
|-start|p1a: Iron Valiant|move: Taunt
|
|upkeep
|turn|8
|
|t:|1760307291
|-end|p1a: Iron Valiant|Quark Drive|[silent]
|switch|p1a: Landorus|Landorus-Therian, M|69/100
|-ability|p1a: Landorus|Intimidate|boost
|-unboost|p2a: Ogerpon|atk|1
|switch|p2a: Slowking|Slowking-Galar, M|100/100
|
|upkeep
|turn|9
|
|t:|1760307300
|move|p1a: Landorus|Earthquake|p2a: Slowking
|-supereffective|p2a: Slowking
|-damage|p2a: Slowking|8/100
|-prepare|p2a: Slowking|Chilly Reception|[premajor]
|move|p2a: Slowking|Chilly Reception|p2a: Slowking
|-weather|Snowscape
|inactive|UnitedDank has 120 seconds left.
|
|t:|1760307315
|switch|p2a: Ogerpon|Ogerpon-Wellspring, F|46/100|[from] Chilly Reception
|-damage|p2a: Ogerpon|34/100|[from] Stealth Rock
|
|-weather|Snowscape|[upkeep]
|upkeep
|turn|10
|
|t:|1760307323
|switch|p1a: Dragonite|Dragonite, M|35/100
|move|p2a: Ogerpon|Ivy Cudgel|p1a: Dragonite|[anim] Ivy Cudgel Water
|-resisted|p1a: Dragonite
|-damage|p1a: Dragonite|1/100
|
|-weather|Snowscape|[upkeep]
|upkeep
|turn|11
|
|t:|1760307331
|switch|p2a: Corviknight|Corviknight, M|92/100
|-damage|p2a: Corviknight|80/100|[from] Stealth Rock
|-ability|p2a: Corviknight|Pressure
|move|p1a: Dragonite|Ice Spinner|p2a: Corviknight
|-damage|p2a: Corviknight|63/100
|-damage|p1a: Dragonite|0 fnt|[from] item: Rocky Helmet|[of] p2a: Corviknight
|faint|p1a: Dragonite
|
|-weather|Snowscape|[upkeep]
|upkeep
|
|t:|1760307343
|switch|p1a: Iron Valiant|Iron Valiant|91/100
|turn|12
|inactive|UnitedDank has 120 seconds left.
|
|t:|1760307369
|-terastallize|p1a: Iron Valiant|Electric
|move|p1a: Iron Valiant|Thunderbolt|p2a: Corviknight
|-supereffective|p2a: Corviknight
|-damage|p2a: Corviknight|0 fnt
|faint|p2a: Corviknight
|
|-weather|Snowscape|[upkeep]
|upkeep
|inactive|UnitedDank has 120 seconds left.
|
|t:|1760307375
|switch|p2a: Ting-Lu|Ting-Lu|100/100
|-damage|p2a: Ting-Lu|94/100|[from] Stealth Rock
|-ability|p2a: Ting-Lu|Vessel of Ruin
|turn|13
|
|t:|1760307383
|-end|p1a: Iron Valiant|Quark Drive|[silent]
|switch|p1a: Landorus|Landorus-Therian, M|69/100
|-ability|p1a: Landorus|Intimidate|boost
|-unboost|p2a: Ting-Lu|atk|1
|move|p2a: Ting-Lu|Ruination|p1a: Landorus
|-damage|p1a: Landorus|35/100
|
|-weather|none
|-heal|p2a: Ting-Lu|100/100|[from] item: Leftovers
|upkeep
|turn|14
|
|t:|1760307394
|move|p2a: Ting-Lu|Protect|p2a: Ting-Lu
|-singleturn|p2a: Ting-Lu|Protect
|move|p1a: Landorus|Taunt|p2a: Ting-Lu
|-activate|p2a: Ting-Lu|move: Protect
|
|upkeep
|turn|15
|inactive|UnitedDank has 120 seconds left.
|inactive|UnitedDank has 90 seconds left.
|
|t:|1760307445
|switch|p2a: Ogerpon|Ogerpon-Wellspring, F|34/100
|-damage|p2a: Ogerpon|22/100|[from] Stealth Rock
|move|p1a: Landorus|Earthquake|p2a: Ogerpon
|-resisted|p2a: Ogerpon
|-damage|p2a: Ogerpon|0 fnt
|faint|p2a: Ogerpon
|
|upkeep
|
|t:|1760307455
|switch|p2a: Cinderace|Cinderace, M|100/100
|turn|16
|
|t:|1760307468
|move|p2a: Cinderace|Pyro Ball|p1a: Landorus
|-damage|p1a: Landorus|0 fnt
|faint|p1a: Landorus
|
|upkeep
|
|t:|1760307479
|switch|p1a: Iron Valiant|Iron Valiant, tera:Electric|91/100
|turn|17
|inactive|UnitedDank has 90 seconds left.
|
|t:|1760307489
|-terastallize|p2a: Cinderace|Fire
|move|p2a: Cinderace|Pyro Ball|p1a: Iron Valiant|[miss]
|-miss|p2a: Cinderace|p1a: Iron Valiant
|move|p1a: Iron Valiant|Moonblast|p2a: Cinderace
|-resisted|p2a: Cinderace
|-damage|p2a: Cinderace|65/100
|
|upkeep
|turn|18
|inactive|UnitedDank has 90 seconds left.
|
|t:|1760307507
|move|p2a: Cinderace|Pyro Ball|p1a: Iron Valiant
|-damage|p1a: Iron Valiant|0 fnt
|faint|p1a: Iron Valiant
|-end|p1a: Iron Valiant|Quark Drive|[silent]
|
|upkeep
|
|t:|1760307517
|switch|p1a: Darkrai|Darkrai|100/100
|turn|19
|inactive|UnitedDank has 90 seconds left.
|
|t:|1760307539
|move|p1a: Darkrai|Dark Pulse|p2a: Cinderace
|-damage|p2a: Cinderace|0 fnt
|faint|p2a: Cinderace
|-damage|p1a: Darkrai|91/100|[from] item: Life Orb
|
|upkeep
|
|t:|1760307556
|switch|p2a: Slowking|Slowking-Galar, M|42/100
|turn|20
|
|t:|1760307564
|move|p1a: Darkrai|Nasty Plot|p1a: Darkrai
|-boost|p1a: Darkrai|spa|2
|-prepare|p2a: Slowking|Chilly Reception|[premajor]
|move|p2a: Slowking|Chilly Reception|p2a: Slowking
|-weather|Snowscape
|
|t:|1760307567
|switch|p2a: Raging Bolt|Raging Bolt|37/100|[from] Chilly Reception
|-damage|p2a: Raging Bolt|25/100|[from] Stealth Rock
|
|-weather|Snowscape|[upkeep]
|upkeep
|turn|21
|
|t:|1760307575
|move|p2a: Raging Bolt|Thunderclap||[still]
|-fail|p2a: Raging Bolt
|move|p1a: Darkrai|Nasty Plot|p1a: Darkrai
|-boost|p1a: Darkrai|spa|2
|
|-weather|Snowscape|[upkeep]
|upkeep
|turn|22
|
|t:|1760307583
|move|p2a: Raging Bolt|Thunderclap||[still]
|-fail|p2a: Raging Bolt
|move|p1a: Darkrai|Nasty Plot|p1a: Darkrai
|-boost|p1a: Darkrai|spa|2
|
|-weather|Snowscape|[upkeep]
|upkeep
|turn|23
|
|t:|1760307591
|move|p2a: Raging Bolt|Thunderclap||[still]
|-fail|p2a: Raging Bolt
|move|p1a: Darkrai|Nasty Plot|p1a: Darkrai
|-boost|p1a: Darkrai|spa|0
|
|-weather|Snowscape|[upkeep]
|upkeep
|turn|24
|
|t:|1760307599
|move|p2a: Raging Bolt|Thunderclap||[still]
|-fail|p2a: Raging Bolt
|move|p1a: Darkrai|Nasty Plot|p1a: Darkrai
|-boost|p1a: Darkrai|spa|0
|
|-weather|none
|upkeep
|turn|25
|
|t:|1760307607
|move|p2a: Raging Bolt|Thunderclap||[still]
|-fail|p2a: Raging Bolt
|move|p1a: Darkrai|Nasty Plot|p1a: Darkrai
|-boost|p1a: Darkrai|spa|0
|
|upkeep
|turn|26
|
|t:|1760307615
|move|p2a: Raging Bolt|Thunderclap||[still]
|-fail|p2a: Raging Bolt
|move|p1a: Darkrai|Nasty Plot|p1a: Darkrai
|-boost|p1a: Darkrai|spa|0
|
|upkeep
|turn|27
|
|t:|1760307623
|move|p2a: Raging Bolt|Thunderclap||[still]
|-fail|p2a: Raging Bolt
|move|p1a: Darkrai|Nasty Plot|p1a: Darkrai
|-boost|p1a: Darkrai|spa|0
|
|upkeep
|turn|28
|
|t:|1760307632
|move|p2a: Raging Bolt|Thunderclap||[still]
|-fail|p2a: Raging Bolt
|move|p1a: Darkrai|Nasty Plot|p1a: Darkrai
|-boost|p1a: Darkrai|spa|0
|
|upkeep
|turn|29
|-message|UnitedDank forfeited.
|
|win|skibidisksk
|raw|skibidisksk's rating: 1534 &rarr; <strong>1552</strong><br />(+18 for winning)
|raw|UnitedDank's rating: 1500 &rarr; <strong>1482</strong><br />(-18 for losing)
