|j|☆MrMoneyBags100
|j|☆Top1SSSsteenee
|t:|1760357333
|gametype|singles
|player|p1|MrMoneyBags100|drake-gen3|1307
|player|p2|Top1SSSsteenee|mallow|1238
|gen|9
|tier|[Gen 9] OU
|rated|
|rule|HP Percentage Mod: HP is shown in percentages
|rule|Endless Battle Clause: Forcing endless battles is banned
|rule|Species Clause: Limit one of each Pokémon
|rule|OHKO Clause: OHKO moves are banned
|rule|Evasion Items Clause: Evasion items are banned
|rule|Evasion Moves Clause: Evasion moves are banned
|rule|Evasion Abilities Clause: Evasion abilities are banned
|rule|Sleep Moves Clause: Sleep-inducing moves are banned
|clearpoke
|poke|p1|Walking Wake|
|poke|p1|Garganacl, F|
|poke|p1|Whimsicott, M|
|poke|p1|Gholdengo|
|poke|p1|Landorus-Therian, M|
|poke|p1|Conkeldurr, M|
|poke|p2|Ninetales-Alola, F|
|poke|p2|Cetitan, M|
|poke|p2|Kyurem|
|poke|p2|Slowking-Galar, M|
|poke|p2|Sandslash-Alola, M|
|poke|p2|Iron Treads|
|teampreview
|inactive|Battle timer is ON: inactive players will automatically lose when time's up. (requested by Top1SSSsteenee)
|
|t:|1760357347
|teamsize|p1|6
|teamsize|p2|6
|start
|switch|p1a: Garganacl|Garganacl, F|100/100
|switch|p2a: Jingle bells|Ninetales-Alola, F|100/100
|-weather|Snowscape|[from] ability: Snow Warning|[of] p2a: Jingle bells
|turn|1
|
|t:|1760357368
|move|p2a: Jingle bells|Aurora Veil|p2a: Jingle bells
|-sidestart|p2: Top1SSSsteenee|move: Aurora Veil
|move|p1a: Garganacl|Salt Cure|p2a: Jingle bells
|-supereffective|p2a: Jingle bells
|-damage|p2a: Jingle bells|89/100
|-start|p2a: Jingle bells|Salt Cure
|
|-weather|Snowscape|[upkeep]
|-damage|p2a: Jingle bells|77/100|[from] Salt Cure
|upkeep
|turn|2
|
|t:|1760357385
|switch|p2a: It is to ride at a|Sandslash-Alola, M|100/100
|move|p1a: Garganacl|Stealth Rock|p2a: It is to ride at a
|-sidestart|p2: Top1SSSsteenee|move: Stealth Rock
|
|-weather|Snowscape|[upkeep]
|upkeep
|turn|3
|
|t:|1760357390
|move|p2a: It is to ride at a|Iron Head|p1a: Garganacl
|-supereffective|p1a: Garganacl
|-damage|p1a: Garganacl|38/100
|move|p1a: Garganacl|Body Press|p2a: It is to ride at a
|-supereffective|p2a: It is to ride at a
|-damage|p2a: It is to ride at a|68/100
|
|-weather|Snowscape|[upkeep]
|-heal|p1a: Garganacl|44/100|[from] item: Leftovers
|upkeep
|turn|4
|
|t:|1760357398
|switch|p1a: Gholdengo|Gholdengo|100/100
|move|p2a: It is to ride at a|Iron Head|p1a: Gholdengo
|-resisted|p1a: Gholdengo
|-damage|p1a: Gholdengo|69/100
|
|-weather|Snowscape|[upkeep]
|upkeep
|turn|5
|inactive|Top1SSSsteenee has 120 seconds left.
|
|t:|1760357431
|switch|p2a: One horse straight|Iron Treads|100/100
|-damage|p2a: One horse straight|97/100|[from] Stealth Rock
|-enditem|p2a: One horse straight|Booster Energy
|-activate|p2a: One horse straight|ability: Quark Drive|[fromitem]
|-start|p2a: One horse straight|quarkdrivespe
|switch|p1a: Conkeldurr|Conkeldurr, M|100/100
|
|-weather|none
|-status|p1a: Conkeldurr|brn|[from] item: Flame Orb
|upkeep
|turn|6
|
|t:|1760357452
|move|p2a: One horse straight|Earth Power|p1a: Conkeldurr
|-damage|p1a: Conkeldurr|65/100 brn
|move|p1a: Conkeldurr|Defog|p2a: One horse straight
|-unboost|p2a: One horse straight|evasion|1
|-sideend|p2: Top1SSSsteenee|move: Aurora Veil
|-sideend|p2: Top1SSSsteenee|Stealth Rock|[from] move: Defog|[of] p1a: Conkeldurr
|
|-damage|p1a: Conkeldurr|59/100 brn|[from] brn
|upkeep
|turn|7
|inactive|Top1SSSsteenee has 120 seconds left.
|
|t:|1760357470
|move|p1a: Conkeldurr|Mach Punch|p2a: One horse straight
|-supereffective|p2a: One horse straight
|-damage|p2a: One horse straight|26/100
|move|p2a: One horse straight|Earth Power|p1a: Conkeldurr
|-damage|p1a: Conkeldurr|26/100 brn
|-unboost|p1a: Conkeldurr|spd|1
|
|-damage|p1a: Conkeldurr|19/100 brn|[from] brn
|upkeep
|turn|8
|
|t:|1760357479
|switch|p1a: Whimsicott|Whimsicott, M|100/100
|move|p2a: One horse straight|Earth Power|p1a: Whimsicott
|-resisted|p1a: Whimsicott
|-damage|p1a: Whimsicott|79/100
|
|upkeep
|turn|9
|
|t:|1760357482
|move|p1a: Whimsicott|Switcheroo|p2a: One horse straight
|-activate|p1a: Whimsicott|move: Trick|[of] p2a: One horse straight
|-item|p2a: One horse straight|Iron Ball|[from] move: Switcheroo
|-enditem|p1a: Whimsicott|Iron Ball|[silent]|[from] move: Switcheroo
|move|p2a: One horse straight|Flash Cannon|p1a: Whimsicott
|-supereffective|p1a: Whimsicott
|-damage|p1a: Whimsicott|6/100
|
|upkeep
|turn|10
|
|t:|1760357490
|move|p1a: Whimsicott|U-turn|p2a: One horse straight
|-resisted|p2a: One horse straight
|-damage|p2a: One horse straight|22/100
|
|t:|1760357509
|switch|p1a: Gholdengo|Gholdengo|69/100|[from] U-turn
|move|p2a: One horse straight|Flash Cannon|p1a: Gholdengo
|-resisted|p1a: Gholdengo
|-damage|p1a: Gholdengo|52/100
|
|upkeep
|turn|11
|
|t:|1760357522
|move|p1a: Gholdengo|Shadow Ball|p2a: One horse straight
|-damage|p2a: One horse straight|0 fnt
|faint|p2a: One horse straight
|-end|p2a: One horse straight|Quark Drive|[silent]
|
|upkeep
|
|t:|1760357527
|switch|p2a: Jingle bells|Ninetales-Alola, F|77/100
|-weather|Snowscape|[from] ability: Snow Warning|[of] p2a: Jingle bells
|turn|12
|
|t:|1760357533
|move|p2a: Jingle bells|Freeze-Dry|p1a: Gholdengo
|-resisted|p1a: Gholdengo
|-damage|p1a: Gholdengo|42/100
|move|p1a: Gholdengo|Make It Rain|p2a: Jingle bells
|-supereffective|p2a: Jingle bells
|-damage|p2a: Jingle bells|0 fnt
|-unboost|p1a: Gholdengo|spa|1
|faint|p2a: Jingle bells
|
|-weather|Snowscape|[upkeep]
|upkeep
|
|t:|1760357555
|switch|p2a: Jingle bell|Cetitan, M|100/100
|turn|13
|
|t:|1760357563
|-terastallize|p2a: Jingle bell|Water
|move|p2a: Jingle bell|Belly Drum|p2a: Jingle bell
|-damage|p2a: Jingle bell|50/100
|-setboost|p2a: Jingle bell|atk|6|[from] move: Belly Drum
|-enditem|p2a: Jingle bell|Sitrus Berry|[eat]
|-heal|p2a: Jingle bell|75/100|[from] item: Sitrus Berry
|move|p1a: Gholdengo|Make It Rain|p2a: Jingle bell
|-resisted|p2a: Jingle bell
|-damage|p2a: Jingle bell|46/100
|-unboost|p1a: Gholdengo|spa|1
|
|-weather|Snowscape|[upkeep]
|upkeep
|turn|14
|
|t:|1760357578
|move|p2a: Jingle bell|High Horsepower|p1a: Gholdengo
|-supereffective|p1a: Gholdengo
|-damage|p1a: Gholdengo|0 fnt
|faint|p1a: Gholdengo
|
|-weather|Snowscape|[upkeep]
|upkeep
|
|t:|1760357593
|switch|p1a: Whimsicott|Whimsicott, M|6/100
|turn|15
|
|t:|1760357598
|move|p2a: Jingle bell|Ice Shard|p1a: Whimsicott
|-supereffective|p1a: Whimsicott
|-damage|p1a: Whimsicott|0 fnt
|faint|p1a: Whimsicott
|
|-weather|Snowscape|[upkeep]
|upkeep
|c|☆MrMoneyBags100|oh yeah lmao
|
|t:|1760357615
|switch|p1a: Conkeldurr|Conkeldurr, M|19/100 brn
|turn|16
|
|t:|1760357619
|move|p2a: Jingle bell|Ice Shard|p1a: Conkeldurr
|-damage|p1a: Conkeldurr|0 fnt
|faint|p1a: Conkeldurr
|
|-weather|none
|upkeep
|c|☆MrMoneyBags100|gg
|
|t:|1760357629
|switch|p1a: Landorus|Landorus-Therian, M|100/100
|-ability|p1a: Landorus|Intimidate|boost
|-unboost|p2a: Jingle bell|atk|1
|turn|17
|
|t:|1760357633
|-terastallize|p1a: Landorus|Fire
|move|p2a: Jingle bell|Ice Shard|p1a: Landorus
|-resisted|p1a: Landorus
|-damage|p1a: Landorus|60/100
|move|p1a: Landorus|Earthquake|p2a: Jingle bell
|-damage|p2a: Jingle bell|0 fnt
|faint|p2a: Jingle bell
|
|upkeep
|
|t:|1760357644
|switch|p2a: Jingle all the way|Kyurem|100/100
|-ability|p2a: Jingle all the way|Pressure
|turn|18
|
|t:|1760357652
|switch|p1a: Garganacl|Garganacl, F|44/100
|move|p2a: Jingle all the way|Draco Meteor|p1a: Garganacl
|-damage|p1a: Garganacl|0 fnt
|-unboost|p2a: Jingle all the way|spa|2
|faint|p1a: Garganacl
|
|upkeep
|
|t:|1760357659
|switch|p1a: Walking Wake|Walking Wake|100/100
|turn|19
|
|t:|1760357665
|move|p1a: Walking Wake|Substitute|p1a: Walking Wake
|-start|p1a: Walking Wake|Substitute
|-damage|p1a: Walking Wake|76/100
|move|p2a: Jingle all the way|Draco Meteor|p1a: Walking Wake
|-supereffective|p1a: Walking Wake
|-crit|p1a: Walking Wake
|-end|p1a: Walking Wake|Substitute
|-unboost|p2a: Jingle all the way|spa|2
|
|upkeep
|turn|20
|
|t:|1760357671
|move|p1a: Walking Wake|Substitute|p1a: Walking Wake
|-start|p1a: Walking Wake|Substitute
|-damage|p1a: Walking Wake|51/100
|move|p2a: Jingle all the way|Draco Meteor|p1a: Walking Wake|[miss]
|-miss|p2a: Jingle all the way|p1a: Walking Wake
|
|upkeep
|turn|21
|
|t:|1760357680
|switch|p2a: Oh what fun|Slowking-Galar, M|100/100
|move|p1a: Walking Wake|Hydro Steam|p2a: Oh what fun
|-damage|p2a: Oh what fun|65/100
|
|upkeep
|turn|22
|
|t:|1760357701
|move|p1a: Walking Wake|Draco Meteor|p2a: Oh what fun
|-crit|p2a: Oh what fun
|-damage|p2a: Oh what fun|0 fnt
|-unboost|p1a: Walking Wake|spa|2
|faint|p2a: Oh what fun
|-enditem|p1a: Walking Wake|Eject Pack
|
|t:|1760357704
|-end|p1a: Walking Wake|Protosynthesis|[silent]
|switch|p1a: Landorus|Landorus-Therian, M, tera:Fire|60/100
|
|upkeep
|
|t:|1760357711
|switch|p2a: Jingle all the way|Kyurem|100/100
|-ability|p2a: Jingle all the way|Pressure
|turn|23
|
|t:|1760357731
|move|p2a: Jingle all the way|Freeze-Dry|p1a: Landorus
|-resisted|p1a: Landorus
|-damage|p1a: Landorus|25/100
|move|p1a: Landorus|Rock Slide|p2a: Jingle all the way
|-supereffective|p2a: Jingle all the way
|-damage|p2a: Jingle all the way|30/100
|
|upkeep
|turn|24
|
|t:|1760357739
|move|p2a: Jingle all the way|Freeze-Dry|p1a: Landorus
|-resisted|p1a: Landorus
|-damage|p1a: Landorus|0 fnt
|faint|p1a: Landorus
|
|upkeep
|
|t:|1760357741
|switch|p1a: Walking Wake|Walking Wake|51/100
|turn|25
|
|t:|1760357746
|move|p1a: Walking Wake|Hydro Steam|p2a: Jingle all the way
|-resisted|p2a: Jingle all the way
|-damage|p2a: Jingle all the way|12/100
|move|p2a: Jingle all the way|Freeze-Dry|p1a: Walking Wake
|-supereffective|p1a: Walking Wake
|-damage|p1a: Walking Wake|0 fnt
|faint|p1a: Walking Wake
|-end|p1a: Walking Wake|Protosynthesis|[silent]
|
|win|Top1SSSsteenee
|raw|MrMoneyBags100's rating: 1307 &rarr; <strong>1283</strong><br />(-24 for losing)
|raw|Top1SSSsteenee's rating: 1238 &rarr; <strong>1268</strong><br />(+30 for winning)
|c|☆MrMoneyBags100|gg
|c|☆Top1SSSsteenee|Gg
|l|☆MrMoneyBags100
|player|p1|
|l|☆Top1SSSsteenee
|player|p2|
