|j|☆Ribbitear
|j|☆RocketGruntLudwig
|t:|1760412172
|gametype|singles
|player|p1|Ribbitear|policeman|1228
|player|p2|RocketGruntLudwig|rocketgrunt|1260
|gen|9
|tier|[Gen 9] OU
|rated|
|rule|HP Percentage Mod: HP is shown in percentages
|rule|Endless Battle Clause: Forcing endless battles is banned
|rule|Species Clause: Limit one of each Pokémon
|rule|OHKO Clause: OHKO moves are banned
|rule|Evasion Items Clause: Evasion items are banned
|rule|Evasion Moves Clause: Evasion moves are banned
|rule|Evasion Abilities Clause: Evasion abilities are banned
|rule|Sleep Moves Clause: Sleep-inducing moves are banned
|clearpoke
|poke|p1|Corviknight, F|
|poke|p1|Torterra, M|
|poke|p1|Gliscor, M|
|poke|p1|Dragapult, F|
|poke|p1|Rillaboom, M|
|poke|p1|Iron Moth|
|poke|p2|Ribombee, F|
|poke|p2|Great Tusk|
|poke|p2|Serperior, M|
|poke|p2|Gholdengo|
|poke|p2|Glimmora, F|
|poke|p2|Deoxys-Speed|
|teampreview
|c|☆RocketGruntLudwig|eeek cop
|
|t:|1760412183
|teamsize|p1|6
|teamsize|p2|6
|start
|switch|p1a: Iron Moth|Iron Moth|100/100
|switch|p2a: Glimm|Glimmora, F|100/100
|turn|1
|
|t:|1760412194
|-end|p1a: Iron Moth|Quark Drive|[silent]
|switch|p1a: Gliscor|Gliscor, M|100/100
|move|p2a: Glimm|Spikes|p1a: Gliscor
|-sidestart|p1: Ribbitear|Spikes
|
|-status|p1a: Gliscor|tox|[from] item: Toxic Orb
|upkeep
|turn|2
|
|t:|1760412202
|switch|p2a: Vi|Ribombee, F|100/100
|move|p1a: Gliscor|Swords Dance|p1a: Gliscor
|-boost|p1a: Gliscor|atk|2
|
|upkeep
|turn|3
|
|t:|1760412209
|move|p2a: Vi|Switcheroo|p1a: Gliscor
|-activate|p2a: Vi|move: Trick|[of] p1a: Gliscor
|-item|p1a: Gliscor|Choice Scarf|[from] move: Switcheroo
|-item|p2a: Vi|Toxic Orb|[from] move: Switcheroo
|move|p1a: Gliscor|Knock Off|p2a: Vi
|-resisted|p2a: Vi
|-damage|p2a: Vi|55/100
|-enditem|p2a: Vi|Toxic Orb|[from] move: Knock Off|[of] p1a: Gliscor
|
|upkeep
|turn|4
|
|t:|1760412218
|move|p2a: Vi|Sticky Web|p1a: Gliscor
|-sidestart|p1: Ribbitear|move: Sticky Web
|move|p1a: Gliscor|Knock Off|p2a: Vi
|-resisted|p2a: Vi
|-damage|p2a: Vi|23/100
|
|upkeep
|turn|5
|
|t:|1760412222
|move|p2a: Vi|Reflect|p2a: Vi
|-sidestart|p2: RocketGruntLudwig|Reflect
|move|p1a: Gliscor|Knock Off|p2a: Vi
|-resisted|p2a: Vi
|-damage|p2a: Vi|6/100
|
|upkeep
|turn|6
|
|t:|1760412235
|switch|p2a: Sir Perior|Serperior, M|100/100
|move|p1a: Gliscor|Knock Off|p2a: Sir Perior
|-damage|p2a: Sir Perior|66/100
|-enditem|p2a: Sir Perior|Wide Lens|[from] move: Knock Off|[of] p1a: Gliscor
|
|upkeep
|turn|7
|
|t:|1760412241
|switch|p1a: Corviknight|Corviknight, F|100/100
|move|p2a: Sir Perior|Substitute|p2a: Sir Perior
|-start|p2a: Sir Perior|Substitute
|-damage|p2a: Sir Perior|41/100
|
|upkeep
|turn|8
|
|t:|1760412247
|move|p2a: Sir Perior|Leech Seed|p1a: Corviknight
|-start|p1a: Corviknight|move: Leech Seed
|move|p1a: Corviknight|Defog|p2a: Sir Perior
|-sideend|p2: RocketGruntLudwig|Reflect
|-sideend|p1: Ribbitear|Spikes|[from] move: Defog|[of] p1a: Corviknight
|-sideend|p1: Ribbitear|Sticky Web|[from] move: Defog|[of] p1a: Corviknight
|
|-damage|p1a: Corviknight|88/100|[from] Leech Seed|[of] p2a: Sir Perior
|-heal|p2a: Sir Perior|58/100|[silent]
|upkeep
|turn|9
|
|t:|1760412256
|move|p2a: Sir Perior|Leaf Storm|p1a: Corviknight
|-resisted|p1a: Corviknight
|-damage|p1a: Corviknight|78/100
|-boost|p2a: Sir Perior|spa|2
|move|p1a: Corviknight|Brave Bird|p2a: Sir Perior
|-supereffective|p2a: Sir Perior
|-end|p2a: Sir Perior|Substitute
|-damage|p1a: Corviknight|72/100|[from] Recoil|[of] p2a: Sir Perior
|
|-heal|p1a: Corviknight|78/100|[from] item: Leftovers
|-damage|p1a: Corviknight|65/100|[from] Leech Seed|[of] p2a: Sir Perior
|-heal|p2a: Sir Perior|75/100|[silent]
|upkeep
|turn|10
|
|t:|1760412268
|move|p2a: Sir Perior|Substitute|p2a: Sir Perior
|-start|p2a: Sir Perior|Substitute
|-damage|p2a: Sir Perior|51/100
|move|p1a: Corviknight|Brave Bird|p2a: Sir Perior
|-supereffective|p2a: Sir Perior
|-end|p2a: Sir Perior|Substitute
|-damage|p1a: Corviknight|59/100|[from] Recoil|[of] p2a: Sir Perior
|
|-heal|p1a: Corviknight|66/100|[from] item: Leftovers
|-damage|p1a: Corviknight|53/100|[from] Leech Seed|[of] p2a: Sir Perior
|-heal|p2a: Sir Perior|68/100|[silent]
|upkeep
|turn|11
|
|t:|1760412278
|move|p2a: Sir Perior|Substitute|p2a: Sir Perior
|-start|p2a: Sir Perior|Substitute
|-damage|p2a: Sir Perior|43/100
|move|p1a: Corviknight|Brave Bird|p2a: Sir Perior
|-supereffective|p2a: Sir Perior
|-end|p2a: Sir Perior|Substitute
|-damage|p1a: Corviknight|47/100|[from] Recoil|[of] p2a: Sir Perior
|
|-heal|p1a: Corviknight|53/100|[from] item: Leftovers
|-damage|p1a: Corviknight|41/100|[from] Leech Seed|[of] p2a: Sir Perior
|-heal|p2a: Sir Perior|60/100|[silent]
|upkeep
|turn|12
|
|t:|1760412295
|switch|p1a: Dragapult|Dragapult, F|100/100
|move|p2a: Sir Perior|Substitute|p2a: Sir Perior
|-start|p2a: Sir Perior|Substitute
|-damage|p2a: Sir Perior|36/100
|
|upkeep
|turn|13
|
|t:|1760412300
|move|p1a: Dragapult|Phantom Force||[still]
|-prepare|p1a: Dragapult|Phantom Force
|move|p2a: Sir Perior|Leaf Storm|p1a: Dragapult|[miss]
|-miss|p2a: Sir Perior|p1a: Dragapult
|
|upkeep
|turn|14
|
|t:|1760412305
|move|p1a: Dragapult|Phantom Force|p2a: Sir Perior|[from] lockedmove
|-end|p2a: Sir Perior|Substitute
|move|p2a: Sir Perior|Leaf Storm|p1a: Dragapult
|-resisted|p1a: Dragapult
|-damage|p1a: Dragapult|37/100
|-boost|p2a: Sir Perior|spa|2
|
|upkeep
|turn|15
|
|t:|1760412316
|switch|p1a: Iron Moth|Iron Moth|100/100
|move|p2a: Sir Perior|Substitute|p2a: Sir Perior
|-start|p2a: Sir Perior|Substitute
|-damage|p2a: Sir Perior|11/100
|
|upkeep
|turn|16
|
|t:|1760412322
|-terastallize|p2a: Sir Perior|Stellar
|move|p2a: Sir Perior|Tera Blast|p1a: Iron Moth|[anim] Tera Blast Stellar
|-damage|p1a: Iron Moth|11/100
|-boost|p2a: Sir Perior|atk|1
|-boost|p2a: Sir Perior|spa|1
|move|p1a: Iron Moth|Fiery Dance|p2a: Sir Perior
|-supereffective|p2a: Sir Perior
|-end|p2a: Sir Perior|Substitute
|
|upkeep
|turn|17
|
|t:|1760412332
|move|p2a: Sir Perior|Tera Blast|p1a: Iron Moth|[anim] Tera Blast Stellar
|-damage|p1a: Iron Moth|0 fnt
|-boost|p2a: Sir Perior|atk|1
|-boost|p2a: Sir Perior|spa|1
|faint|p1a: Iron Moth
|-end|p1a: Iron Moth|Quark Drive|[silent]
|
|upkeep
|
|t:|1760412337
|switch|p1a: Rillaboom|Rillaboom, M|100/100
|-fieldstart|move: Grassy Terrain|[from] ability: Grassy Surge|[of] p1a: Rillaboom
|turn|18
|
|t:|1760412342
|switch|p2a: Glimm|Glimmora, F|100/100
|move|p1a: Rillaboom|Grassy Glide|p2a: Glimm
|-damage|p2a: Glimm|51/100
|-activate|p2a: Glimm|ability: Toxic Debris
|-sidestart|p1: Ribbitear|move: Toxic Spikes
|-damage|p1a: Rillaboom|91/100|[from] item: Life Orb
|
|-heal|p2a: Glimm|57/100|[from] Grassy Terrain
|-heal|p1a: Rillaboom|97/100|[from] Grassy Terrain
|upkeep
|turn|19
|
|t:|1760412354
|switch|p1a: Corviknight|Corviknight, F|41/100
|move|p2a: Glimm|Toxic Spikes|p1a: Corviknight
|-sidestart|p1: Ribbitear|move: Toxic Spikes
|
|-heal|p2a: Glimm|63/100|[from] Grassy Terrain
|-heal|p1a: Corviknight|47/100|[from] item: Leftovers
|upkeep
|turn|20
|
|t:|1760412362
|switch|p2a: Capitalism|Gholdengo|100/100
|move|p1a: Corviknight|Defog|p2a: Capitalism
|-immune|p2a: Capitalism|[from] ability: Good as Gold
|
|-heal|p1a: Corviknight|53/100|[from] item: Leftovers
|upkeep
|turn|21
|
|t:|1760412373
|switch|p1a: Gliscor|Gliscor, M|100/100 tox
|move|p2a: Capitalism|Thunder Wave|p1a: Gliscor
|-immune|p1a: Gliscor
|
|upkeep
|turn|22
|
|t:|1760412380
|switch|p2a: Tusker|Great Tusk|100/100
|move|p1a: Gliscor|Swords Dance|p1a: Gliscor
|-boost|p1a: Gliscor|atk|2
|
|-fieldend|move: Grassy Terrain
|upkeep
|turn|23
|
|t:|1760412390
|switch|p1a: Corviknight|Corviknight, F|53/100
|move|p2a: Tusker|Close Combat|p1a: Corviknight
|-damage|p1a: Corviknight|14/100
|-unboost|p2a: Tusker|def|1
|-unboost|p2a: Tusker|spd|1
|
|-heal|p1a: Corviknight|21/100|[from] item: Leftovers
|upkeep
|turn|24
|
|t:|1760412399
|move|p2a: Tusker|Close Combat|p1a: Corviknight
|-damage|p1a: Corviknight|0 fnt
|-unboost|p2a: Tusker|def|1
|-unboost|p2a: Tusker|spd|1
|faint|p1a: Corviknight
|
|upkeep
|
|t:|1760412407
|switch|p1a: Gliscor|Gliscor, M|100/100 tox
|turn|25
|
|t:|1760412411
|move|p1a: Gliscor|Earthquake|p2a: Tusker
|-damage|p2a: Tusker|29/100
|-enditem|p2a: Tusker|Sitrus Berry|[eat]
|-heal|p2a: Tusker|54/100|[from] item: Sitrus Berry
|move|p2a: Tusker|Stealth Rock|p1a: Gliscor
|-sidestart|p1: Ribbitear|move: Stealth Rock
|
|upkeep
|turn|26
|
|t:|1760412417
|move|p1a: Gliscor|Earthquake|p2a: Tusker
|-damage|p2a: Tusker|0 fnt
|faint|p2a: Tusker
|-end|p2a: Tusker|Protosynthesis|[silent]
|
|upkeep
|
|t:|1760412419
|switch|p2a: Vi|Ribombee, F|6/100
|turn|27
|
|t:|1760412423
|move|p2a: Vi|Sticky Web|p1a: Gliscor
|-sidestart|p1: Ribbitear|move: Sticky Web
|move|p1a: Gliscor|Earthquake|p2a: Vi
|-resisted|p2a: Vi
|-crit|p2a: Vi
|-damage|p2a: Vi|0 fnt
|faint|p2a: Vi
|
|upkeep
|
|t:|1760412431
|switch|p2a: Deoxyssss|Deoxys-Speed|100/100
|-ability|p2a: Deoxyssss|Pressure
|turn|28
|
|t:|1760412437
|move|p2a: Deoxyssss|Psycho Boost|p1a: Gliscor
|-damage|p1a: Gliscor|47/100 tox
|-unboost|p2a: Deoxyssss|spa|2
|-enditem|p2a: Deoxyssss|White Herb
|-clearnegativeboost|p2a: Deoxyssss|[silent]
|move|p1a: Gliscor|Earthquake|p2a: Deoxyssss
|-damage|p2a: Deoxyssss|33/100
|
|-heal|p1a: Gliscor|59/100 tox|[from] ability: Poison Heal
|upkeep
|turn|29
|
|t:|1760412449
|move|p2a: Deoxyssss|Spikes|p1a: Gliscor
|-sidestart|p1: Ribbitear|Spikes
|move|p1a: Gliscor|Earthquake|p2a: Deoxyssss
|-damage|p2a: Deoxyssss|0 fnt
|faint|p2a: Deoxyssss
|
|-heal|p1a: Gliscor|72/100 tox|[from] ability: Poison Heal
|upkeep
|
|t:|1760412454
|switch|p2a: Sir Perior|Serperior, M, tera:Stellar|11/100
|turn|30
|
|t:|1760412457
|move|p2a: Sir Perior|Leaf Storm|p1a: Gliscor
|-damage|p1a: Gliscor|0 fnt
|-boost|p2a: Sir Perior|spa|2
|faint|p1a: Gliscor
|
|upkeep
|
|t:|1760412462
|switch|p1a: Rillaboom|Rillaboom, M|97/100
|-status|p1a: Rillaboom|tox
|-damage|p1a: Rillaboom|84/100 tox|[from] Stealth Rock
|-activate|p1a: Rillaboom|move: Sticky Web
|-unboost|p1a: Rillaboom|spe|1
|-damage|p1a: Rillaboom|72/100 tox|[from] Spikes
|-fieldstart|move: Grassy Terrain|[from] ability: Grassy Surge|[of] p1a: Rillaboom
|turn|31
|
|t:|1760412470
|switch|p2a: Glimm|Glimmora, F|63/100
|move|p1a: Rillaboom|Fake Out|p2a: Glimm
|-resisted|p2a: Glimm
|-damage|p2a: Glimm|55/100
|-damage|p1a: Rillaboom|62/100 tox|[from] item: Life Orb
|
|-heal|p2a: Glimm|61/100|[from] Grassy Terrain
|-heal|p1a: Rillaboom|68/100 tox|[from] Grassy Terrain
|-damage|p1a: Rillaboom|62/100 tox|[from] psn
|upkeep
|turn|32
|
|t:|1760412479
|move|p2a: Glimm|Spikes|p1a: Rillaboom
|-sidestart|p1: Ribbitear|Spikes
|move|p1a: Rillaboom|Earthquake|p2a: Glimm
|-supereffective|p2a: Glimm
|-damage|p2a: Glimm|0 fnt
|faint|p2a: Glimm
|-damage|p1a: Rillaboom|52/100 tox|[from] item: Life Orb
|
|-heal|p1a: Rillaboom|58/100 tox|[from] Grassy Terrain
|-damage|p1a: Rillaboom|46/100 tox|[from] psn
|upkeep
|
|t:|1760412482
|switch|p2a: Capitalism|Gholdengo|100/100
|turn|33
|
|t:|1760412490
|move|p2a: Capitalism|Make It Rain|p1a: Rillaboom
|-damage|p1a: Rillaboom|0 fnt
|-unboost|p2a: Capitalism|spa|1
|faint|p1a: Rillaboom
|
|upkeep
|
|t:|1760412500
|switch|p1a: Dragapult|Dragapult, F|37/100
|-status|p1a: Dragapult|tox
|-damage|p1a: Dragapult|25/100 tox|[from] Stealth Rock
|-activate|p1a: Dragapult|move: Sticky Web
|-fail|p1a: Dragapult|unboost|[from] ability: Clear Body|[of] p1a: Dragapult
|-damage|p1a: Dragapult|8/100 tox|[from] Spikes
|turn|34
|
|t:|1760412513
|switch|p2a: Sir Perior|Serperior, M, tera:Stellar|11/100
|-terastallize|p1a: Dragapult|Dragon
|move|p1a: Dragapult|Dragon Darts|p2a: Sir Perior
|-damage|p2a: Sir Perior|0 fnt
|faint|p2a: Sir Perior
|
|-heal|p1a: Dragapult|14/100 tox|[from] Grassy Terrain
|-damage|p1a: Dragapult|8/100 tox|[from] psn
|upkeep
|
|t:|1760412516
|switch|p2a: Capitalism|Gholdengo|100/100
|turn|35
|
|t:|1760412524
|move|p1a: Dragapult|Dragon Darts|p2a: Capitalism
|-resisted|p2a: Capitalism
|-damage|p2a: Capitalism|79/100
|-anim|p1a: Dragapult|Dragon Darts|p2a: Capitalism
|-resisted|p2a: Capitalism
|-damage|p2a: Capitalism|57/100
|move|p2a: Capitalism|Nasty Plot|p2a: Capitalism
|-boost|p2a: Capitalism|spa|2
|
|-heal|p1a: Dragapult|14/100 tox|[from] Grassy Terrain
|-heal|p2a: Capitalism|63/100|[from] Grassy Terrain
|-heal|p2a: Capitalism|69/100|[from] item: Leftovers
|-damage|p1a: Dragapult|2/100 tox|[from] psn
|-fieldend|move: Grassy Terrain
|upkeep
|turn|36
|
|t:|1760412536
|move|p1a: Dragapult|Dragon Darts|p2a: Capitalism
|-resisted|p2a: Capitalism
|-damage|p2a: Capitalism|47/100
|-anim|p1a: Dragapult|Dragon Darts|p2a: Capitalism
|-resisted|p2a: Capitalism
|-damage|p2a: Capitalism|23/100
|move|p2a: Capitalism|Recover|p2a: Capitalism
|-heal|p2a: Capitalism|73/100
|
|-heal|p2a: Capitalism|79/100|[from] item: Leftovers
|-damage|p1a: Dragapult|0 fnt|[from] psn
|faint|p1a: Dragapult
|upkeep
|
|t:|1760412546
|switch|p1a: Torterra|Torterra, M|100/100
|-status|p1a: Torterra|tox
|-damage|p1a: Torterra|94/100 tox|[from] Stealth Rock
|-activate|p1a: Torterra|move: Sticky Web
|-unboost|p1a: Torterra|spe|1
|-damage|p1a: Torterra|78/100 tox|[from] Spikes
|turn|37
|c|☆RocketGruntLudwig|...
|
|t:|1760412554
|move|p2a: Capitalism|Make It Rain|p1a: Torterra
|-damage|p1a: Torterra|0 fnt
|-unboost|p2a: Capitalism|spa|1
|faint|p1a: Torterra
|
|win|RocketGruntLudwig
|raw|Ribbitear's rating: 1228 &rarr; <strong>1205</strong><br />(-23 for losing)
|raw|RocketGruntLudwig's rating: 1260 &rarr; <strong>1283</strong><br />(+23 for winning)
|c|☆RocketGruntLudwig|So close...
|c|☆Ribbitear|gg
|c|☆Ribbitear|that was a close game!
|c|☆RocketGruntLudwig|I just needed one more Spikes.
|c|☆RocketGruntLudwig|gg
|c|☆RocketGruntLudwig|!showteam
|c| RocketGruntLudwig|/raw <div class="infobox"><details><summary>View team</summary>Vi (Ribombee) (F) @ Choice Scarf  <br />Ability: Shield Dust  <br />Tera Type: Ghost  <br />EVs: 252 HP &#x2f; 4 Def &#x2f; 252 Spe  <br />Timid Nature  <br />IVs: 0 Atk  <br />- Stun Spore  <br />- Switcheroo  <br />- Sticky Web  <br />- Reflect  <br /><br />Tusker (Great Tusk) @ Sitrus Berry  <br />Ability: Protosynthesis  <br />Hidden Power: Fighting  <br />Tera Type: Ground  <br />EVs: 252 Atk &#x2f; 4 SpD &#x2f; 252 Spe  <br />Jolly Nature  <br />- Close Combat  <br />- Headlong Rush  <br />- Roar  <br />- Stealth Rock  <br /><br />Sir Perior (Serperior) (M) @ Wide Lens  <br />Ability: Contrary  <br />Tera Type: Stellar  <br />EVs: 252 SpA &#x2f; 252 Spe  <br />Timid Nature  <br />- Leaf Storm  <br />- Leech Seed  <br />- Substitute  <br />- Tera Blast  <br /><br />Capitalism (Gholdengo) @ Leftovers  <br />Ability: Good as Gold  <br />Tera Type: Steel  <br />EVs: 252 HP &#x2f; 252 SpA &#x2f; 4 SpD  <br />Modest Nature  <br />IVs: 0 Atk  <br />- Make It Rain  <br />- Nasty Plot  <br />- Recover  <br />- Thunder Wave  <br /><br />Glimm (Glimmora) (F) @ Focus Sash  <br />Ability: Toxic Debris  <br />Tera Type: Flying  <br />EVs: 252 HP &#x2f; 4 SpD &#x2f; 252 Spe  <br />Timid Nature  <br />IVs: 0 Atk  <br />- Toxic Spikes  <br />- Spikes  <br />- Spiky Shield  <br />- Endure  <br /><br />Deoxyssss (Deoxys-Speed) @ White Herb  <br />Ability: Pressure  <br />Tera Type: Psychic  <br />EVs: 248 HP &#x2f; 8 SpA &#x2f; 252 Spe  <br />Hasty Nature  <br />- Spikes  <br />- Superpower  <br />- Psycho Boost  <br />- Taunt  <br /><br /></details></div>
|l|☆Ribbitear
|player|p1|
|c|☆RocketGruntLudwig|Well, I got the collection.
