|j|☆rustycrustyflavour
|j|☆beentheredonepat
|t:|1760332648
|gametype|singles
|player|p1|rustycrustyflavour|170|1164
|player|p2|beentheredonepat|ethan|1106
|gen|9
|tier|[Gen 9] OU
|rated|
|rule|HP Percentage Mod: HP is shown in percentages
|rule|Endless Battle Clause: Forcing endless battles is banned
|rule|Species Clause: Limit one of each Pokémon
|rule|OHKO Clause: OHKO moves are banned
|rule|Evasion Items Clause: Evasion items are banned
|rule|Evasion Moves Clause: Evasion moves are banned
|rule|Evasion Abilities Clause: Evasion abilities are banned
|rule|Sleep Moves Clause: Sleep-inducing moves are banned
|clearpoke
|poke|p1|Gholdengo|
|poke|p1|Slither Wing|
|poke|p1|Walking Wake|
|poke|p1|Zapdos|
|poke|p1|Skeledirge, M|
|poke|p1|Darkrai|
|poke|p2|Typhlosion, M|
|poke|p2|Ninetales, F|
|poke|p2|Shiftry, M|
|poke|p2|Ursaluna, F|
|poke|p2|Torkoal, F|
|poke|p2|Hatterene, F|
|teampreview
|inactive|Battle timer is ON: inactive players will automatically lose when time's up. (requested by beentheredonepat)
|c|☆beentheredonepat|Brother bear
|
|t:|1760332669
|teamsize|p1|6
|teamsize|p2|6
|start
|switch|p1a: Darkrai|Darkrai, shiny|100/100
|switch|p2a: Nymph|Hatterene, F|100/100
|turn|1
|c|☆rustycrustyflavour|What
|c|☆beentheredonepat|You are a legend
|
|t:|1760332689
|move|p1a: Darkrai|Dark Pulse|p2a: Nymph
|-damage|p2a: Nymph|54/100
|cant|p2a: Nymph|flinch
|
|-heal|p2a: Nymph|60/100|[from] item: Leftovers
|upkeep
|turn|2
|c|☆rustycrustyflavour|How
|c|☆beentheredonepat|And I hope your day is doing well
|c|☆rustycrustyflavour|Oh
|c|☆rustycrustyflavour|Thx man
|
|t:|1760332706
|move|p1a: Darkrai|Dark Pulse|p2a: Nymph
|-damage|p2a: Nymph|14/100
|move|p2a: Nymph|Trick Room|p2a: Nymph
|-fieldstart|move: Trick Room|[of] p2a: Nymph
|
|-heal|p2a: Nymph|20/100|[from] item: Leftovers
|upkeep
|turn|3
|
|t:|1760332712
|move|p2a: Nymph|Dazzling Gleam|p1a: Darkrai
|-supereffective|p1a: Darkrai
|-damage|p1a: Darkrai|0 fnt
|faint|p1a: Darkrai
|
|-heal|p2a: Nymph|27/100|[from] item: Leftovers
|upkeep
|
|t:|1760332726
|switch|p1a: Slither Wing|Slither Wing|100/100
|turn|4
|
|t:|1760332733
|move|p1a: Slither Wing|First Impression|p2a: Nymph
|-damage|p2a: Nymph|0 fnt
|faint|p2a: Nymph
|
|upkeep
|
|t:|1760332736
|switch|p2a: Sol|Torkoal, F|100/100
|-weather|SunnyDay|[from] ability: Drought|[of] p2a: Sol
|-activate|p1a: Slither Wing|ability: Protosynthesis
|-start|p1a: Slither Wing|protosynthesisatk
|turn|5
|
|t:|1760332744
|-end|p1a: Slither Wing|Protosynthesis|[silent]
|switch|p1a: Walking Wake|Walking Wake|100/100
|-activate|p1a: Walking Wake|ability: Protosynthesis
|-start|p1a: Walking Wake|protosynthesisspa
|move|p2a: Sol|Eruption|p1a: Walking Wake
|-resisted|p1a: Walking Wake
|-damage|p1a: Walking Wake|72/100
|
|-weather|SunnyDay|[upkeep]
|upkeep
|turn|6
|
|t:|1760332751
|move|p2a: Sol|Eruption|p1a: Walking Wake
|-resisted|p1a: Walking Wake
|-damage|p1a: Walking Wake|43/100
|move|p1a: Walking Wake|Hydro Steam|p2a: Sol
|-supereffective|p2a: Sol
|-damage|p2a: Sol|0 fnt
|faint|p2a: Sol
|
|-weather|SunnyDay|[upkeep]
|-fieldend|move: Trick Room
|upkeep
|
|t:|1760332761
|switch|p2a: Charlie|Typhlosion, M|100/100
|turn|7
|
|t:|1760332764
|-terastallize|p2a: Charlie|Fire
|move|p2a: Charlie|Eruption|p1a: Walking Wake
|-resisted|p1a: Walking Wake
|-damage|p1a: Walking Wake|1/100
|move|p1a: Walking Wake|Hydro Steam|p2a: Charlie
|-supereffective|p2a: Charlie
|-damage|p2a: Charlie|0 fnt
|faint|p2a: Charlie
|
|-weather|SunnyDay|[upkeep]
|upkeep
|
|t:|1760332770
|switch|p2a: Shinobi|Shiftry, M|100/100
|turn|8
|
|t:|1760332778
|-end|p1a: Walking Wake|Protosynthesis|[silent]
|switch|p1a: Slither Wing|Slither Wing|100/100
|-activate|p1a: Slither Wing|ability: Protosynthesis
|-start|p1a: Slither Wing|protosynthesisatk
|move|p2a: Shinobi|Leaf Blade|p1a: Slither Wing
|-resisted|p1a: Slither Wing
|-damage|p1a: Slither Wing|72/100
|
|-weather|SunnyDay|[upkeep]
|upkeep
|turn|9
|
|t:|1760332787
|switch|p2a: Tollomot|Ninetales, F|100/100
|move|p1a: Slither Wing|First Impression|p2a: Tollomot
|-resisted|p2a: Tollomot
|-damage|p2a: Tollomot|62/100
|
|-weather|SunnyDay|[upkeep]
|upkeep
|turn|10
|
|t:|1760332802
|-end|p1a: Slither Wing|Protosynthesis|[silent]
|switch|p1a: Skeledirge|Skeledirge, M, shiny|100/100
|move|p2a: Tollomot|Overheat|p1a: Skeledirge
|-resisted|p1a: Skeledirge
|-damage|p1a: Skeledirge|77/100
|-unboost|p2a: Tollomot|spa|2
|-enditem|p2a: Tollomot|Eject Pack
|
|t:|1760332810
|switch|p2a: Mama Bear|Ursaluna, F|100/100
|
|-weather|SunnyDay|[upkeep]
|-status|p2a: Mama Bear|brn|[from] item: Flame Orb
|upkeep
|turn|11
|
|t:|1760332819
|switch|p1a: Zapdos|Zapdos|100/100
|move|p2a: Mama Bear|Headlong Rush|p1a: Zapdos
|-immune|p1a: Zapdos
|
|-weather|SunnyDay|[upkeep]
|-damage|p2a: Mama Bear|94/100 brn|[from] brn
|upkeep
|turn|12
|
|t:|1760332824
|switch|p2a: Shinobi|Shiftry, M|100/100
|move|p1a: Zapdos|Hurricane|p2a: Shinobi
|-ability|p2a: Shinobi|Wind Rider|boost
|-boost|p2a: Shinobi|atk|1
|
|-weather|none
|upkeep
|turn|13
|
|t:|1760332831
|move|p2a: Shinobi|Tailwind|p2a: Shinobi
|-sidestart|p2: beentheredonepat|move: Tailwind
|-ability|p2a: Shinobi|Wind Rider|boost
|-boost|p2a: Shinobi|atk|1
|move|p1a: Zapdos|Volt Switch|p2a: Shinobi
|-resisted|p2a: Shinobi
|-damage|p2a: Shinobi|79/100
|
|t:|1760332839
|switch|p1a: Slither Wing|Slither Wing|72/100|[from] Volt Switch
|
|upkeep
|turn|14
|
|t:|1760332844
|switch|p2a: Tollomot|Ninetales, F|62/100
|-weather|SunnyDay|[from] ability: Drought|[of] p2a: Tollomot
|-activate|p1a: Slither Wing|ability: Protosynthesis
|-start|p1a: Slither Wing|protosynthesisatk
|move|p1a: Slither Wing|First Impression|p2a: Tollomot
|-resisted|p2a: Tollomot
|-damage|p2a: Tollomot|21/100
|
|-weather|SunnyDay|[upkeep]
|upkeep
|turn|15
|
|t:|1760332854
|switch|p2a: Mama Bear|Ursaluna, F|94/100 brn
|-end|p1a: Slither Wing|Protosynthesis|[silent]
|switch|p1a: Skeledirge|Skeledirge, M, shiny|77/100
|
|-weather|SunnyDay|[upkeep]
|-damage|p2a: Mama Bear|88/100 brn|[from] brn
|upkeep
|turn|16
|
|t:|1760332860
|move|p2a: Mama Bear|Facade|p1a: Skeledirge
|-immune|p1a: Skeledirge
|move|p1a: Skeledirge|Torch Song|p2a: Mama Bear
|-damage|p2a: Mama Bear|53/100 brn
|-boost|p1a: Skeledirge|spa|1
|
|-weather|SunnyDay|[upkeep]
|-damage|p2a: Mama Bear|47/100 brn|[from] brn
|-sideend|p2: beentheredonepat|move: Tailwind
|upkeep
|turn|17
|
|t:|1760332871
|-terastallize|p1a: Skeledirge|Water
|move|p1a: Skeledirge|Torch Song|p2a: Mama Bear
|-damage|p2a: Mama Bear|0 fnt
|-boost|p1a: Skeledirge|spa|1
|faint|p2a: Mama Bear
|
|-weather|SunnyDay|[upkeep]
|upkeep
|
|t:|1760332876
|switch|p2a: Shinobi|Shiftry, M|79/100
|turn|18
|
|t:|1760332881
|move|p2a: Shinobi|Leaf Blade|p1a: Skeledirge
|-supereffective|p1a: Skeledirge
|-damage|p1a: Skeledirge|10/100
|move|p1a: Skeledirge|Torch Song|p2a: Shinobi
|-supereffective|p2a: Shinobi
|-damage|p2a: Shinobi|0 fnt
|-boost|p1a: Skeledirge|spa|1
|faint|p2a: Shinobi
|
|-weather|none
|upkeep
|c|☆rustycrustyflavour|Gg
|c|☆beentheredonepat|Brother bear I am slain
|c|☆beentheredonepat|Wppp
|
|t:|1760332904
|switch|p2a: Tollomot|Ninetales, F|21/100
|-weather|SunnyDay|[from] ability: Drought|[of] p2a: Tollomot
|turn|19
|c|☆rustycrustyflavour|Np
|
|t:|1760332914
|move|p2a: Tollomot|Solar Beam||[still]
|-prepare|p2a: Tollomot|Solar Beam
|-anim|p2a: Tollomot|Solar Beam|p1a: Skeledirge
|-supereffective|p1a: Skeledirge
|-damage|p1a: Skeledirge|0 fnt
|faint|p1a: Skeledirge
|
|-weather|SunnyDay|[upkeep]
|upkeep
|
|t:|1760332918
|switch|p1a: Walking Wake|Walking Wake|1/100
|-activate|p1a: Walking Wake|ability: Protosynthesis
|-start|p1a: Walking Wake|protosynthesisspa
|turn|20
|
|t:|1760332922
|move|p1a: Walking Wake|Hydro Steam|p2a: Tollomot
|-supereffective|p2a: Tollomot
|-damage|p2a: Tollomot|0 fnt
|faint|p2a: Tollomot
|
|win|rustycrustyflavour
|raw|rustycrustyflavour's rating: 1164 &rarr; <strong>1185</strong><br />(+21 for winning)
|raw|beentheredonepat's rating: 1106 &rarr; <strong>1085</strong><br />(-21 for losing)
|c|☆beentheredonepat|Gg
|l|☆rustycrustyflavour
|player|p1|
|l|☆beentheredonepat
|player|p2|
