|j|☆roommate108
|j|☆playboisant
|t:|1760322653
|gametype|singles
|player|p1|roommate108|170|1468
|player|p2|playboisant|102|1485
|gen|9
|tier|[Gen 9] OU
|rated|
|rule|HP Percentage Mod: HP is shown in percentages
|rule|Endless Battle Clause: Forcing endless battles is banned
|rule|Species Clause: Limit one of each Pokémon
|rule|OHKO Clause: OHKO moves are banned
|rule|Evasion Items Clause: Evasion items are banned
|rule|Evasion Moves Clause: Evasion moves are banned
|rule|Evasion Abilities Clause: Evasion abilities are banned
|rule|Sleep Moves Clause: Sleep-inducing moves are banned
|clearpoke
|poke|p1|Charizard, F|
|poke|p1|Torkoal, M|
|poke|p1|Walking Wake|
|poke|p1|Raging Bolt|
|poke|p1|Hatterene, F|
|poke|p1|Leavanny, M|
|poke|p2|Darkrai|
|poke|p2|Cinderace, M|
|poke|p2|Ogerpon-Wellspring, F|
|poke|p2|Gholdengo|
|poke|p2|Raging Bolt|
|poke|p2|Kingambit, F|
|teampreview
|inactive|Battle timer is ON: inactive players will automatically lose when time's up. (requested by playboisant)
|
|t:|1760322661
|teamsize|p1|6
|teamsize|p2|6
|start
|switch|p1a: Torkoal|Torkoal, M|100/100
|switch|p2a: Black sabbath|Darkrai|100/100
|-weather|SunnyDay|[from] ability: Drought|[of] p1a: Torkoal
|turn|1
|
|t:|1760322667
|move|p2a: Black sabbath|Dark Pulse|p1a: Torkoal
|-crit|p1a: Torkoal
|-damage|p1a: Torkoal|0 fnt
|faint|p1a: Torkoal
|-damage|p2a: Black sabbath|91/100|[from] item: Life Orb
|
|-weather|SunnyDay|[upkeep]
|upkeep
|
|t:|1760322678
|switch|p1a: Walking Wake|Walking Wake|100/100
|-activate|p1a: Walking Wake|ability: Protosynthesis
|-start|p1a: Walking Wake|protosynthesisspe
|turn|2
|
|t:|1760322686
|move|p1a: Walking Wake|Draco Meteor|p2a: Black sabbath
|-damage|p2a: Black sabbath|0 fnt
|-unboost|p1a: Walking Wake|spa|2
|faint|p2a: Black sabbath
|
|-weather|SunnyDay|[upkeep]
|upkeep
|inactive|playboisant has 120 seconds left.
|
|t:|1760322720
|switch|p2a: Golden experience|Gholdengo|100/100
|-item|p2a: Golden experience|Air Balloon
|turn|3
|
|t:|1760322726
|-end|p1a: Walking Wake|Protosynthesis|[silent]
|switch|p1a: Charizard|Charizard, F|100/100
|move|p2a: Golden experience|Shadow Ball|p1a: Charizard
|-damage|p1a: Charizard|41/100
|
|-weather|SunnyDay|[upkeep]
|-damage|p1a: Charizard|28/100|[from] ability: Solar Power|[of] p1a: Charizard
|upkeep
|turn|4
|
|t:|1760322731
|switch|p2a: AC/DC|Raging Bolt|100/100
|-activate|p2a: AC/DC|ability: Protosynthesis
|-start|p2a: AC/DC|protosynthesisspa
|move|p1a: Charizard|Overheat|p2a: AC/DC
|-resisted|p2a: AC/DC
|-damage|p2a: AC/DC|10/100
|-unboost|p1a: Charizard|spa|2
|
|-weather|SunnyDay|[upkeep]
|-damage|p1a: Charizard|16/100|[from] ability: Solar Power|[of] p1a: Charizard
|upkeep
|turn|5
|
|t:|1760322741
|move|p1a: Charizard|Overheat|p2a: AC/DC
|-resisted|p2a: AC/DC
|-damage|p2a: AC/DC|0 fnt
|-unboost|p1a: Charizard|spa|2
|faint|p2a: AC/DC
|-end|p2a: AC/DC|Protosynthesis|[silent]
|
|-weather|SunnyDay|[upkeep]
|-damage|p1a: Charizard|4/100|[from] ability: Solar Power|[of] p1a: Charizard
|upkeep
|
|t:|1760322747
|switch|p2a: Tears for fears|Ogerpon-Wellspring, F|100/100
|turn|6
|
|t:|1760322754
|switch|p1a: Walking Wake|Walking Wake|100/100
|-activate|p1a: Walking Wake|ability: Protosynthesis
|-start|p1a: Walking Wake|protosynthesisspe
|move|p2a: Tears for fears|Ivy Cudgel|p1a: Walking Wake|[anim] Ivy Cudgel Water
|-resisted|p1a: Walking Wake
|-damage|p1a: Walking Wake|93/100
|
|-weather|SunnyDay|[upkeep]
|upkeep
|turn|7
|
|t:|1760322764
|switch|p2a: King crimson|Kingambit, F|100/100
|-activate|p2a: King crimson|ability: Supreme Overlord
|-start|p2a: King crimson|fallen2|[silent]
|move|p1a: Walking Wake|Weather Ball|p2a: King crimson
|-supereffective|p2a: King crimson
|-damage|p2a: King crimson|0 fnt
|faint|p2a: King crimson
|-end|p2a: King crimson|fallen2|[silent]
|
|-weather|SunnyDay|[upkeep]
|upkeep
|
|t:|1760322768
|switch|p2a: Speed demon|Cinderace, M|100/100
|turn|8
|
|t:|1760322774
|-end|p1a: Walking Wake|Protosynthesis|[silent]
|switch|p1a: Charizard|Charizard, F|4/100
|move|p2a: Speed demon|U-turn|p1a: Charizard
|-start|p2a: Speed demon|typechange|Bug|[from] ability: Libero
|-resisted|p1a: Charizard
|-damage|p1a: Charizard|0 fnt
|faint|p1a: Charizard
|
|t:|1760322779
|switch|p2a: Tears for fears|Ogerpon-Wellspring, F|100/100|[from] U-turn
|
|-weather|none
|upkeep
|
|t:|1760322788
|switch|p1a: Walking Wake|Walking Wake|93/100
|turn|9
|
|t:|1760322797
|move|p2a: Tears for fears|Play Rough|p1a: Walking Wake
|-supereffective|p1a: Walking Wake
|-crit|p1a: Walking Wake
|-damage|p1a: Walking Wake|0 fnt
|faint|p1a: Walking Wake
|-end|p1a: Walking Wake|Protosynthesis|[silent]
|
|upkeep
|
|t:|1760322804
|switch|p1a: Raging Bolt|Raging Bolt|100/100
|turn|10
|
|t:|1760322808
|move|p2a: Tears for fears|Play Rough|p1a: Raging Bolt
|-supereffective|p1a: Raging Bolt
|-damage|p1a: Raging Bolt|29/100
|-unboost|p1a: Raging Bolt|atk|1
|move|p1a: Raging Bolt|Draco Meteor|p2a: Tears for fears
|-damage|p2a: Tears for fears|0 fnt
|-unboost|p1a: Raging Bolt|spa|2
|faint|p2a: Tears for fears
|-damage|p1a: Raging Bolt|19/100|[from] item: Life Orb
|
|upkeep
|
|t:|1760322818
|switch|p2a: Golden experience|Gholdengo|100/100
|-item|p2a: Golden experience|Air Balloon
|turn|11
|
|t:|1760322841
|-end|p1a: Raging Bolt|Protosynthesis|[silent]
|switch|p1a: Hatterene|Hatterene, F|100/100
|move|p2a: Golden experience|Shadow Ball|p1a: Hatterene
|-supereffective|p1a: Hatterene
|-damage|p1a: Hatterene|6/100
|-unboost|p1a: Hatterene|spd|1
|-enditem|p1a: Hatterene|Eject Button
|
|t:|1760322843
|switch|p1a: Leavanny|Leavanny, M|100/100
|
|upkeep
|turn|12
|
|t:|1760322847
|switch|p2a: Speed demon|Cinderace, M|100/100
|move|p1a: Leavanny|Knock Off|p2a: Speed demon
|-damage|p2a: Speed demon|55/100
|-enditem|p2a: Speed demon|Heavy-Duty Boots|[from] move: Knock Off|[of] p1a: Leavanny
|
|upkeep
|turn|13
|
|t:|1760322859
|switch|p1a: Hatterene|Hatterene, F|6/100
|move|p2a: Speed demon|Pyro Ball|p1a: Hatterene
|-damage|p1a: Hatterene|0 fnt
|faint|p1a: Hatterene
|
|upkeep
|
|t:|1760322862
|switch|p1a: Raging Bolt|Raging Bolt|19/100
|turn|14
|
|t:|1760322870
|move|p1a: Raging Bolt|Thunderclap|p2a: Speed demon
|-damage|p2a: Speed demon|0 fnt
|faint|p2a: Speed demon
|-damage|p1a: Raging Bolt|9/100|[from] item: Life Orb
|
|upkeep
|
|t:|1760322873
|switch|p2a: Golden experience|Gholdengo|100/100
|-item|p2a: Golden experience|Air Balloon
|turn|15
|
|t:|1760322887
|move|p1a: Raging Bolt|Thunderclap|p2a: Golden experience
|-damage|p2a: Golden experience|47/100
|-enditem|p2a: Golden experience|Air Balloon
|-damage|p1a: Raging Bolt|0 fnt|[from] item: Life Orb
|faint|p1a: Raging Bolt
|-end|p1a: Raging Bolt|Protosynthesis|[silent]
|move|p2a: Golden experience|Shadow Ball|p1: Raging Bolt|[notarget]
|-fail|p2a: Golden experience
|
|upkeep
|
|t:|1760322890
|switch|p1a: Leavanny|Leavanny, M|100/100
|turn|16
|
|t:|1760322893
|-terastallize|p2a: Golden experience|Flying
|move|p1a: Leavanny|Knock Off|p2a: Golden experience
|-damage|p2a: Golden experience|27/100
|move|p2a: Golden experience|Make It Rain|p1a: Leavanny
|-enditem|p1a: Leavanny|Focus Sash
|-damage|p1a: Leavanny|1/100
|-unboost|p2a: Golden experience|spa|1
|
|upkeep
|turn|17
|
|t:|1760322904
|move|p1a: Leavanny|Knock Off|p2a: Golden experience
|-damage|p2a: Golden experience|8/100
|move|p2a: Golden experience|Shadow Ball|p1a: Leavanny
|-crit|p1a: Leavanny
|-damage|p1a: Leavanny|0 fnt
|faint|p1a: Leavanny
|
|win|playboisant
|raw|roommate108's rating: 1468 &rarr; <strong>1449</strong><br />(-19 for losing)
|raw|playboisant's rating: 1485 &rarr; <strong>1504</strong><br />(+19 for winning)
|l|☆roommate108
|player|p1|
|l|☆playboisant
|player|p2|
