|j|☆red star drive
|j|☆Aaron53769
|t:|1760459092
|gametype|singles
|player|p1|red star drive|170|1106
|player|p2|Aaron53769|steven|1131
|gen|9
|tier|[Gen 9] OU
|rated|
|rule|HP Percentage Mod: HP is shown in percentages
|rule|Endless Battle Clause: Forcing endless battles is banned
|rule|Species Clause: Limit one of each Pokémon
|rule|OHKO Clause: OHKO moves are banned
|rule|Evasion Items Clause: Evasion items are banned
|rule|Evasion Moves Clause: Evasion moves are banned
|rule|Evasion Abilities Clause: Evasion abilities are banned
|rule|Sleep Moves Clause: Sleep-inducing moves are banned
|clearpoke
|poke|p1|Ceruledge, M|
|poke|p1|Garchomp, M|
|poke|p1|Thundurus, M|
|poke|p1|Corviknight, M|
|poke|p1|Lapras, M|
|poke|p1|Clefable, F|
|poke|p2|Ogerpon-Wellspring, F|
|poke|p2|Toxapex, M|
|poke|p2|Yanmega, M|
|poke|p2|Minior|
|poke|p2|Garganacl, M|
|poke|p2|Veluza, F|
|teampreview
|inactive|Battle timer is ON: inactive players will automatically lose when time's up. (requested by Aaron53769)
|c|☆Aaron53769|glhf
|c|☆Aaron53769|cool name
|
|t:|1760459109
|teamsize|p1|6
|teamsize|p2|6
|start
|switch|p1a: Garchomp|Garchomp, M|100/100
|switch|p2a: Setter Forgetter|Veluza, F|100/100
|-ability|p2a: Setter Forgetter|Mold Breaker
|turn|1
|
|t:|1760459122
|move|p2a: Setter Forgetter|Final Gambit|p1a: Garchomp
|-damage|p1a: Garchomp|0 fnt
|faint|p2a: Setter Forgetter
|faint|p1a: Garchomp
|
|upkeep
|
|t:|1760459134
|switch|p1a: Corviknight|Corviknight, M|100/100
|switch|p2a: BuzzKill|Yanmega, M, shiny|100/100
|turn|2
|
|t:|1760459144
|switch|p2a: Ban It|Garganacl, M|100/100
|move|p1a: Corviknight|Iron Defense|p1a: Corviknight
|-boost|p1a: Corviknight|def|2
|
|upkeep
|turn|3
|
|t:|1760459155
|switch|p2a: Fiona|Ogerpon-Wellspring, F|100/100
|move|p1a: Corviknight|Iron Head|p2a: Fiona
|-resisted|p2a: Fiona
|-damage|p2a: Fiona|77/100
|
|upkeep
|turn|4
|
|t:|1760459176
|move|p2a: Fiona|Horn Leech|p1a: Corviknight
|-resisted|p1a: Corviknight
|-damage|p1a: Corviknight|95/100
|-heal|p2a: Fiona|80/100|[from] drain|[of] p1a: Corviknight
|move|p1a: Corviknight|Drill Peck|p2a: Fiona
|-supereffective|p2a: Fiona
|-damage|p2a: Fiona|0 fnt
|faint|p2a: Fiona
|
|-heal|p1a: Corviknight|100/100|[from] item: Leftovers
|upkeep
|
|t:|1760459182
|switch|p2a: Ban It|Garganacl, M|100/100
|turn|5
|
|t:|1760459191
|move|p1a: Corviknight|Iron Head|p2a: Ban It
|-supereffective|p2a: Ban It
|-damage|p2a: Ban It|62/100
|move|p2a: Ban It|Salt Cure|p1a: Corviknight
|-damage|p1a: Corviknight|94/100
|-start|p1a: Corviknight|Salt Cure
|
|-heal|p1a: Corviknight|99/100|[from] item: Leftovers
|-heal|p2a: Ban It|68/100|[from] item: Leftovers
|-damage|p1a: Corviknight|75/100|[from] Salt Cure
|upkeep
|turn|6
|
|t:|1760459203
|move|p2a: Ban It|Protect|p2a: Ban It
|-singleturn|p2a: Ban It|Protect
|move|p1a: Corviknight|Iron Head|p2a: Ban It
|-activate|p2a: Ban It|move: Protect
|
|-heal|p1a: Corviknight|82/100|[from] item: Leftovers
|-heal|p2a: Ban It|74/100|[from] item: Leftovers
|-damage|p1a: Corviknight|57/100|[from] Salt Cure
|upkeep
|turn|7
|
|t:|1760459214
|switch|p1a: Lapras|Lapras, M|100/100
|switch|p2a: Sea An Enemy|Toxapex, M|100/100
|
|upkeep
|turn|8
|
|t:|1760459229
|move|p1a: Lapras|Rain Dance|p1a: Lapras
|-weather|RainDance
|move|p2a: Sea An Enemy|Toxic|p1a: Lapras
|-status|p1a: Lapras|tox
|
|-weather|RainDance|[upkeep]
|-damage|p1a: Lapras|94/100 tox|[from] psn
|upkeep
|turn|9
|
|t:|1760459241
|switch|p1a: Thundurus|Thundurus, M|100/100
|move|p2a: Sea An Enemy|Haze|p2a: Sea An Enemy
|-clearallboost
|
|-weather|RainDance|[upkeep]
|upkeep
|turn|10
|
|t:|1760459250
|switch|p2a: Ban It|Garganacl, M|74/100
|move|p1a: Thundurus|Thunder|p2a: Ban It
|-damage|p2a: Ban It|20/100
|
|-weather|RainDance|[upkeep]
|-heal|p2a: Ban It|26/100|[from] item: Leftovers
|upkeep
|turn|11
|
|t:|1760459262
|move|p2a: Ban It|Protect|p2a: Ban It
|-singleturn|p2a: Ban It|Protect
|move|p1a: Thundurus|Weather Ball|p2a: Ban It
|-activate|p2a: Ban It|move: Protect
|
|-weather|RainDance|[upkeep]
|-heal|p2a: Ban It|32/100|[from] item: Leftovers
|upkeep
|turn|12
|
|t:|1760459270
|switch|p2a: Sea An Enemy|Toxapex, M|100/100
|move|p1a: Thundurus|Weather Ball|p2a: Sea An Enemy
|-resisted|p2a: Sea An Enemy
|-damage|p2a: Sea An Enemy|84/100
|
|-weather|none
|-heal|p2a: Sea An Enemy|90/100|[from] item: Black Sludge
|upkeep
|turn|13
|
|t:|1760459278
|move|p1a: Thundurus|Thunder|p2a: Sea An Enemy|[miss]
|-miss|p1a: Thundurus|p2a: Sea An Enemy
|move|p2a: Sea An Enemy|Toxic|p1a: Thundurus
|-status|p1a: Thundurus|tox
|
|-heal|p2a: Sea An Enemy|96/100|[from] item: Black Sludge
|-damage|p1a: Thundurus|94/100 tox|[from] psn
|upkeep
|turn|14
|
|t:|1760459286
|switch|p2a: Ban It|Garganacl, M|32/100
|move|p1a: Thundurus|Thunder|p2a: Ban It
|-damage|p2a: Ban It|0 fnt
|faint|p2a: Ban It
|
|-damage|p1a: Thundurus|82/100 tox|[from] psn
|upkeep
|
|t:|1760459288
|switch|p2a: BuzzKill|Yanmega, M, shiny|100/100
|turn|15
|
|t:|1760459300
|-terastallize|p2a: BuzzKill|Ground
|move|p1a: Thundurus|Volt Switch|p2a: BuzzKill
|-immune|p2a: BuzzKill
|move|p2a: BuzzKill|Bug Buzz|p1a: Thundurus
|-resisted|p1a: Thundurus
|-damage|p1a: Thundurus|61/100 tox
|-enditem|p2a: BuzzKill|Throat Spray
|-boost|p2a: BuzzKill|spa|1|[from] item: Throat Spray
|
|-damage|p1a: Thundurus|43/100 tox|[from] psn
|-ability|p2a: BuzzKill|Speed Boost|boost
|-boost|p2a: BuzzKill|spe|1
|upkeep
|turn|16
|inactive|Aaron53769 has 120 seconds left.
|
|t:|1760459344
|switch|p1a: Lapras|Lapras, M|94/100 tox
|move|p2a: BuzzKill|Air Slash|p1a: Lapras
|-damage|p1a: Lapras|49/100 tox
|
|-damage|p1a: Lapras|42/100 tox|[from] psn
|-ability|p2a: BuzzKill|Speed Boost|boost
|-boost|p2a: BuzzKill|spe|1
|upkeep
|turn|17
|
|t:|1760459358
|move|p2a: BuzzKill|Air Slash|p1a: Lapras
|-damage|p1a: Lapras|0 fnt
|faint|p1a: Lapras
|
|-ability|p2a: BuzzKill|Speed Boost|boost
|-boost|p2a: BuzzKill|spe|1
|upkeep
|
|t:|1760459371
|switch|p1a: Ceruledge|Ceruledge, M|100/100
|turn|18
|
|t:|1760459380
|move|p2a: BuzzKill|Tera Blast|p1a: Ceruledge|[anim] Tera Blast Ground
|-supereffective|p1a: Ceruledge
|-damage|p1a: Ceruledge|0 fnt
|faint|p1a: Ceruledge
|
|-ability|p2a: BuzzKill|Speed Boost|boost
|-boost|p2a: BuzzKill|spe|1
|upkeep
|
|t:|1760459390
|switch|p1a: Clefable|Clefable, F|100/100
|turn|19
|
|t:|1760459395
|move|p2a: BuzzKill|Air Slash|p1a: Clefable
|-damage|p1a: Clefable|57/100
|move|p1a: Clefable|Moonblast|p2a: BuzzKill
|-damage|p2a: BuzzKill|27/100
|-unboost|p2a: BuzzKill|spa|1
|
|-ability|p2a: BuzzKill|Speed Boost|boost
|-boost|p2a: BuzzKill|spe|1
|upkeep
|turn|20
|
|t:|1760459404
|move|p2a: BuzzKill|Air Slash|p1a: Clefable
|-damage|p1a: Clefable|28/100
|move|p1a: Clefable|Moonblast|p2a: BuzzKill
|-damage|p2a: BuzzKill|0 fnt
|faint|p2a: BuzzKill
|
|upkeep
|
|t:|1760459425
|switch|p2a: CozmoD|Minior, shiny|100/100
|-formechange|p2a: CozmoD|Minior-Meteor||[from] ability: Shields Down
|turn|21
|
|t:|1760459431
|move|p2a: CozmoD|Shell Smash|p2a: CozmoD
|-unboost|p2a: CozmoD|def|1
|-unboost|p2a: CozmoD|spd|1
|-boost|p2a: CozmoD|atk|2
|-boost|p2a: CozmoD|spa|2
|-boost|p2a: CozmoD|spe|2
|-enditem|p2a: CozmoD|White Herb
|-clearnegativeboost|p2a: CozmoD|[silent]
|move|p1a: Clefable|Focus Blast|p2a: CozmoD|[miss]
|-miss|p1a: Clefable|p2a: CozmoD
|
|upkeep
|turn|22
|
|t:|1760459440
|move|p2a: CozmoD|Acrobatics|p1a: Clefable
|-damage|p1a: Clefable|0 fnt
|faint|p1a: Clefable
|
|upkeep
|
|t:|1760459460
|switch|p1a: Corviknight|Corviknight, M|57/100
|turn|23
|
|t:|1760459465
|move|p2a: CozmoD|Rock Slide|p1a: Corviknight
|-damage|p1a: Corviknight|17/100
|move|p1a: Corviknight|Iron Head|p2a: CozmoD
|-supereffective|p2a: CozmoD
|-damage|p2a: CozmoD|20/100
|
|-heal|p1a: Corviknight|23/100|[from] item: Leftovers
|-formechange|p2a: CozmoD|Minior||[from] ability: Shields Down
|upkeep
|turn|24
|
|t:|1760459475
|move|p2a: CozmoD|Rock Slide|p1a: Corviknight
|-damage|p1a: Corviknight|0 fnt
|faint|p1a: Corviknight
|
|upkeep
|
|t:|1760459480
|switch|p1a: Thundurus|Thundurus, M|43/100 tox
|turn|25
|
|t:|1760459493
|move|p2a: CozmoD|Acrobatics|p1a: Thundurus
|-resisted|p1a: Thundurus
|-damage|p1a: Thundurus|0 fnt
|faint|p1a: Thundurus
|
|win|Aaron53769
|raw|red star drive's rating: 1106 &rarr; <strong>1083</strong><br />(-23 for losing)
|raw|Aaron53769's rating: 1131 &rarr; <strong>1154</strong><br />(+23 for winning)
|l|☆Aaron53769
|player|p2|
|l|☆red star drive
|player|p1|
