|j|☆twesticles
|j|☆seethemalldie
|t:|1760452606
|gametype|singles
|player|p1|twesticles|skyla|1318
|player|p2|seethemalldie|unknown|1298
|gen|9
|tier|[Gen 9] OU
|rated|
|rule|HP Percentage Mod: HP is shown in percentages
|rule|Endless Battle Clause: Forcing endless battles is banned
|rule|Species Clause: Limit one of each Pokémon
|rule|OHKO Clause: OHKO moves are banned
|rule|Evasion Items Clause: Evasion items are banned
|rule|Evasion Moves Clause: Evasion moves are banned
|rule|Evasion Abilities Clause: Evasion abilities are banned
|rule|Sleep Moves Clause: Sleep-inducing moves are banned
|clearpoke
|poke|p1|Araquanid, M|
|poke|p1|Iron Treads|
|poke|p1|Cinderace, M|
|poke|p1|Kingambit, F|
|poke|p1|Pecharunt|
|poke|p1|Dragonite, F|
|poke|p2|Scizor, M|
|poke|p2|Toxtricity-Low-Key, M|
|poke|p2|Hydreigon, F|
|poke|p2|Iron Valiant|
|poke|p2|Ogerpon-Wellspring, F|
|poke|p2|Arcanine-Hisui, M|
|teampreview
|inactive|Battle timer is ON: inactive players will automatically lose when time's up. (requested by seethemalldie)
|
|t:|1760452625
|teamsize|p1|6
|teamsize|p2|6
|start
|switch|p1a: Dragonite|Dragonite, F|100/100
|switch|p2a: Chili|Toxtricity-Low-Key, M|100/100
|turn|1
|
|t:|1760452637
|-terastallize|p1a: Dragonite|Ground
|-terastallize|p2a: Chili|Normal
|move|p1a: Dragonite|Dragon Dance|p1a: Dragonite
|-boost|p1a: Dragonite|atk|1
|-boost|p1a: Dragonite|spe|1
|move|p2a: Chili|Boomburst|p1a: Dragonite
|-damage|p1a: Dragonite|28/100
|
|upkeep
|turn|2
|
|t:|1760452656
|switch|p2a: Trip|Hydreigon, F, shiny|100/100
|move|p1a: Dragonite|Earthquake|p2a: Trip
|-immune|p2a: Trip|[from] ability: Levitate
|
|upkeep
|turn|3
|
|t:|1760452666
|move|p1a: Dragonite|Ice Spinner|p2a: Trip
|-supereffective|p2a: Trip
|-damage|p2a: Trip|0 fnt
|faint|p2a: Trip
|
|upkeep
|
|t:|1760452678
|switch|p2a: Berry|Ogerpon-Wellspring, F|100/100
|turn|4
|
|t:|1760452694
|move|p1a: Dragonite|Ice Spinner|p2a: Berry
|-crit|p2a: Berry
|-damage|p2a: Berry|16/100
|move|p2a: Berry|Knock Off|p1a: Dragonite
|-damage|p1a: Dragonite|0 fnt
|-enditem|p1a: Dragonite|Lum Berry|[from] move: Knock Off|[of] p2a: Berry
|faint|p1a: Dragonite
|
|upkeep
|
|t:|1760452709
|switch|p1a: Araquanid|Araquanid, M, shiny|100/100
|turn|5
|
|t:|1760452717
|switch|p2a: Solid|Scizor, M|100/100
|move|p1a: Araquanid|Lunge|p2a: Solid
|-resisted|p2a: Solid
|-damage|p2a: Solid|91/100
|-unboost|p2a: Solid|atk|1
|
|upkeep
|turn|6
|
|t:|1760452735
|move|p2a: Solid|Knock Off|p1a: Araquanid
|-damage|p1a: Araquanid|83/100
|-enditem|p1a: Araquanid|Mental Herb|[from] move: Knock Off|[of] p2a: Solid
|move|p1a: Araquanid|Lunge|p2a: Solid
|-resisted|p2a: Solid
|-damage|p2a: Solid|81/100
|-unboost|p2a: Solid|atk|1
|
|upkeep
|turn|7
|inactive|twesticles has 120 seconds left.
|
|t:|1760452764
|move|p2a: Solid|U-turn|p1a: Araquanid
|-damage|p1a: Araquanid|69/100
|
|t:|1760452779
|switch|p2a: Archie|Arcanine-Hisui, M|100/100|[from] U-turn
|move|p1a: Araquanid|Lunge|p2a: Archie
|-resisted|p2a: Archie
|-damage|p2a: Archie|88/100
|-unboost|p2a: Archie|atk|1
|
|upkeep
|turn|8
|inactive|twesticles has 120 seconds left.
|
|t:|1760452790
|move|p2a: Archie|Head Smash|p1a: Araquanid
|-supereffective|p1a: Araquanid
|-damage|p1a: Araquanid|0 fnt
|faint|p1a: Araquanid
|
|upkeep
|inactive|twesticles has 120 seconds left.
|
|t:|1760452802
|switch|p1a: Iron Treads|Iron Treads|100/100
|-enditem|p1a: Iron Treads|Booster Energy
|-activate|p1a: Iron Treads|ability: Quark Drive|[fromitem]
|-start|p1a: Iron Treads|quarkdriveatk
|turn|9
|inactive|twesticles has 120 seconds left.
|
|t:|1760452810
|switch|p2a: Solid|Scizor, M|81/100
|move|p1a: Iron Treads|Earthquake|p2a: Solid
|-damage|p2a: Solid|18/100
|
|upkeep
|turn|10
|
|t:|1760452819
|move|p2a: Solid|Bullet Punch|p1a: Iron Treads
|-resisted|p1a: Iron Treads
|-damage|p1a: Iron Treads|87/100
|move|p1a: Iron Treads|Earthquake|p2a: Solid
|-damage|p2a: Solid|0 fnt
|faint|p2a: Solid
|
|upkeep
|
|t:|1760452832
|switch|p2a: Berry|Ogerpon-Wellspring, F|16/100
|turn|11
|
|t:|1760452840
|move|p2a: Berry|Ivy Cudgel|p1a: Iron Treads|[anim] Ivy Cudgel Water
|-supereffective|p1a: Iron Treads
|-damage|p1a: Iron Treads|0 fnt
|faint|p1a: Iron Treads
|-end|p1a: Iron Treads|Quark Drive|[silent]
|
|upkeep
|
|t:|1760452851
|switch|p1a: Cinderace|Cinderace, M|100/100
|turn|12
|
|t:|1760452856
|switch|p2a: Archie|Arcanine-Hisui, M|88/100
|move|p1a: Cinderace|Pyro Ball|p2a: Archie
|-resisted|p2a: Archie
|-damage|p2a: Archie|69/100
|
|upkeep
|turn|13
|
|t:|1760452870
|move|p1a: Cinderace|Swords Dance|p1a: Cinderace
|-boost|p1a: Cinderace|atk|2
|move|p2a: Archie|Head Smash|p1a: Cinderace
|-supereffective|p1a: Cinderace
|-damage|p1a: Cinderace|0 fnt
|faint|p1a: Cinderace
|
|upkeep
|
|t:|1760452882
|switch|p1a: Pecharunt|Pecharunt|100/100
|-item|p1a: Pecharunt|Air Balloon
|turn|14
|
|t:|1760452900
|move|p2a: Archie|Head Smash|p1a: Pecharunt|[miss]
|-miss|p2a: Archie|p1a: Pecharunt
|move|p1a: Pecharunt|Shadow Ball|p2a: Archie
|-damage|p2a: Archie|42/100
|-unboost|p2a: Archie|spd|1
|
|upkeep
|turn|15
|
|t:|1760452908
|switch|p2a: Chili|Toxtricity-Low-Key, M, tera:Normal|100/100
|move|p1a: Pecharunt|Malignant Chain|p2a: Chili
|-damage|p2a: Chili|34/100
|
|upkeep
|turn|16
|
|t:|1760452920
|move|p1a: Pecharunt|Malignant Chain|p2a: Chili
|-damage|p2a: Chili|0 fnt
|faint|p2a: Chili
|
|upkeep
|
|t:|1760452927
|switch|p2a: Berry|Ogerpon-Wellspring, F|16/100
|turn|17
|
|t:|1760452936
|move|p2a: Berry|Knock Off|p1a: Pecharunt
|-supereffective|p1a: Pecharunt
|-damage|p1a: Pecharunt|48/100
|-enditem|p1a: Pecharunt|Air Balloon
|move|p1a: Pecharunt|Malignant Chain|p2a: Berry
|-supereffective|p2a: Berry
|-damage|p2a: Berry|0 fnt
|faint|p2a: Berry
|
|upkeep
|
|t:|1760452957
|switch|p2a: Nite|Iron Valiant, shiny|100/100
|turn|18
|
|t:|1760452962
|move|p2a: Nite|Shadow Ball|p1a: Pecharunt
|-supereffective|p1a: Pecharunt
|-damage|p1a: Pecharunt|0 fnt
|faint|p1a: Pecharunt
|
|upkeep
|
|t:|1760452966
|switch|p1a: Kingambit|Kingambit, F|100/100
|-activate|p1a: Kingambit|ability: Supreme Overlord
|-start|p1a: Kingambit|fallen5|[silent]
|turn|19
|
|t:|1760452982
|-end|p2a: Nite|Quark Drive|[silent]
|switch|p2a: Archie|Arcanine-Hisui, M|42/100
|move|p1a: Kingambit|Iron Head|p2a: Archie
|-damage|p2a: Archie|0 fnt
|faint|p2a: Archie
|
|upkeep
|
|t:|1760452990
|switch|p2a: Nite|Iron Valiant, shiny|100/100
|turn|20
|
|t:|1760452995
|move|p2a: Nite|Vacuum Wave|p1a: Kingambit
|-supereffective|p1a: Kingambit
|-damage|p1a: Kingambit|0 fnt
|faint|p1a: Kingambit
|-end|p1a: Kingambit|fallen5|[silent]
|
|win|seethemalldie
|raw|twesticles's rating: 1318 &rarr; <strong>1297</strong><br />(-21 for losing)
|raw|seethemalldie's rating: 1298 &rarr; <strong>1324</strong><br />(+26 for winning)
|l|☆twesticles
|player|p1|
|l|☆seethemalldie
|player|p2|
