|j|☆Uges
|j|☆GlormbusTemples
|t:|1760384830
|gametype|singles
|player|p1|Uges|shadowtriad|1079
|player|p2|GlormbusTemples|pokekid|1103
|gen|9
|tier|[Gen 9] OU
|rated|
|rule|HP Percentage Mod: HP is shown in percentages
|rule|Endless Battle Clause: Forcing endless battles is banned
|rule|Species Clause: Limit one of each Pokémon
|rule|OHKO Clause: OHKO moves are banned
|rule|Evasion Items Clause: Evasion items are banned
|rule|Evasion Moves Clause: Evasion moves are banned
|rule|Evasion Abilities Clause: Evasion abilities are banned
|rule|Sleep Moves Clause: Sleep-inducing moves are banned
|clearpoke
|poke|p1|Jolteon, F|
|poke|p1|Greninja-*, F|
|poke|p1|Manaphy|
|poke|p1|Scizor, M|
|poke|p1|Jirachi|
|poke|p1|Landorus-Therian, M|
|poke|p2|Zapdos|
|poke|p2|Slowking-Galar, M|
|poke|p2|Jirachi|
|poke|p2|Landorus-Therian, M|
|poke|p2|Alomomola, M|
|poke|p2|Kingambit, F|
|teampreview
|
|t:|1760384841
|teamsize|p1|6
|teamsize|p2|6
|start
|switch|p1a: Greninja|Greninja, F|100/100
|switch|p2a: Landorus|Landorus-Therian, M|100/100
|-ability|p2a: Landorus|Intimidate|boost
|-unboost|p1a: Greninja|atk|1
|turn|1
|inactive|Battle timer is ON: inactive players will automatically lose when time's up. (requested by Uges)
|
|t:|1760384863
|-terastallize|p2a: Landorus|Water
|move|p1a: Greninja|Ice Beam|p2a: Landorus
|-start|p1a: Greninja|typechange|Ice|[from] ability: Protean
|-resisted|p2a: Landorus
|-damage|p2a: Landorus|78/100
|move|p2a: Landorus|Fling|p1a: Greninja
|-damage|p1a: Greninja|83/100
|-status|p1a: Greninja|par
|-enditem|p2a: Landorus|Light Ball|[from] move: Fling
|
|upkeep
|turn|2
|
|t:|1760384881
|move|p2a: Landorus|Stealth Rock|p1a: Greninja
|-sidestart|p1: Uges|move: Stealth Rock
|move|p1a: Greninja|U-turn|p2a: Landorus
|-damage|p2a: Landorus|68/100
|
|t:|1760384884
|switch|p1a: Scizor|Scizor, M|100/100|[from] U-turn
|-damage|p1a: Scizor|88/100|[from] Stealth Rock
|
|upkeep
|turn|3
|
|t:|1760384889
|move|p2a: Landorus|Earth Power|p1a: Scizor
|-damage|p1a: Scizor|44/100
|-unboost|p1a: Scizor|spd|1
|move|p1a: Scizor|Defog|p2a: Landorus
|-unboost|p2a: Landorus|evasion|1
|-sideend|p1: Uges|Stealth Rock|[from] move: Defog|[of] p1a: Scizor
|
|upkeep
|turn|4
|
|t:|1760384897
|switch|p1a: Landorus|Landorus-Therian, M|100/100
|-ability|p1a: Landorus|Intimidate|boost
|-unboost|p2a: Landorus|atk|1
|move|p2a: Landorus|Stealth Rock|p1a: Landorus
|-sidestart|p1: Uges|move: Stealth Rock
|
|upkeep
|turn|5
|
|t:|1760384902
|switch|p2a: Zapdos|Zapdos|100/100
|move|p1a: Landorus|Stealth Rock|p2a: Zapdos
|-sidestart|p2: GlormbusTemples|move: Stealth Rock
|
|upkeep
|turn|6
|
|t:|1760384907
|move|p1a: Landorus|Rock Tomb|p2a: Zapdos
|-supereffective|p2a: Zapdos
|-damage|p2a: Zapdos|68/100
|-unboost|p2a: Zapdos|spe|1
|move|p2a: Zapdos|Substitute|p2a: Zapdos
|-start|p2a: Zapdos|Substitute
|-damage|p2a: Zapdos|43/100
|
|upkeep
|turn|7
|
|t:|1760384913
|move|p1a: Landorus|Rock Tomb|p2a: Zapdos
|-supereffective|p2a: Zapdos
|-end|p2a: Zapdos|Substitute
|move|p2a: Zapdos|Roost|p2a: Zapdos
|-heal|p2a: Zapdos|93/100
|-singleturn|p2a: Zapdos|move: Roost
|
|upkeep
|turn|8
|
|t:|1760384922
|switch|p2a: Alomomola|Alomomola, M|100/100
|move|p1a: Landorus|Rock Tomb|p2a: Alomomola
|-damage|p2a: Alomomola|89/100
|-unboost|p2a: Alomomola|spe|1
|
|upkeep
|turn|9
|
|t:|1760384928
|move|p1a: Landorus|U-turn|p2a: Alomomola
|-damage|p2a: Alomomola|75/100
|
|t:|1760384930
|switch|p1a: Jolteon|Jolteon, F|100/100|[from] U-turn
|-damage|p1a: Jolteon|88/100|[from] Stealth Rock
|move|p2a: Alomomola|Flip Turn|p1a: Jolteon
|-damage|p1a: Jolteon|57/100
|
|t:|1760384933
|switch|p2a: Slowking|Slowking-Galar, M|100/100|[from] Flip Turn
|
|upkeep
|turn|10
|
|t:|1760384940
|move|p1a: Jolteon|Volt Switch|p2a: Slowking
|-damage|p2a: Slowking|80/100
|
|t:|1760384949
|switch|p1a: Landorus|Landorus-Therian, M|100/100|[from] Volt Switch
|-damage|p1a: Landorus|88/100|[from] Stealth Rock
|-ability|p1a: Landorus|Intimidate|boost
|-unboost|p2a: Slowking|atk|1
|move|p2a: Slowking|Sludge Bomb|p1a: Landorus
|-resisted|p1a: Landorus
|-damage|p1a: Landorus|67/100
|
|upkeep
|turn|11
|
|t:|1760384958
|switch|p2a: Alomomola|Alomomola, M|100/100
|move|p1a: Landorus|Rock Tomb|p2a: Alomomola
|-damage|p2a: Alomomola|88/100
|-unboost|p2a: Alomomola|spe|1
|
|upkeep
|turn|12
|
|t:|1760384963
|move|p1a: Landorus|U-turn|p2a: Alomomola
|-damage|p2a: Alomomola|75/100
|
|t:|1760384968
|switch|p1a: Greninja|Greninja, F|83/100 par|[from] U-turn
|move|p2a: Alomomola|Flip Turn|p1a: Greninja
|-resisted|p1a: Greninja
|-damage|p1a: Greninja|68/100 par
|
|t:|1760384976
|switch|p2a: Zapdos|Zapdos|93/100|[from] Flip Turn
|
|upkeep
|turn|13
|
|t:|1760384980
|move|p2a: Zapdos|Discharge|p1a: Greninja
|-supereffective|p1a: Greninja
|-damage|p1a: Greninja|0 fnt
|faint|p1a: Greninja
|
|upkeep
|
|t:|1760384986
|switch|p1a: Landorus|Landorus-Therian, M|67/100
|-damage|p1a: Landorus|54/100|[from] Stealth Rock
|-ability|p1a: Landorus|Intimidate|boost
|-unboost|p2a: Zapdos|atk|1
|turn|14
|
|t:|1760384991
|switch|p2a: Alomomola|Alomomola, M|100/100
|move|p1a: Landorus|Rock Tomb|p2a: Alomomola
|-damage|p2a: Alomomola|88/100
|-unboost|p2a: Alomomola|spe|1
|
|upkeep
|turn|15
|
|t:|1760384995
|move|p1a: Landorus|U-turn|p2a: Alomomola
|-damage|p2a: Alomomola|74/100
|
|t:|1760384999
|switch|p1a: Jolteon|Jolteon, F|57/100|[from] U-turn
|-damage|p1a: Jolteon|44/100|[from] Stealth Rock
|move|p2a: Alomomola|Flip Turn|p1a: Jolteon
|-damage|p1a: Jolteon|14/100
|
|t:|1760385013
|switch|p2a: Slowking|Slowking-Galar, M|100/100|[from] Flip Turn
|
|upkeep
|turn|16
|
|t:|1760385018
|move|p1a: Jolteon|Volt Switch|p2a: Slowking
|-damage|p2a: Slowking|81/100
|
|t:|1760385020
|switch|p1a: Jirachi|Jirachi|100/100|[from] Volt Switch
|-damage|p1a: Jirachi|94/100|[from] Stealth Rock
|-prepare|p2a: Slowking|Chilly Reception|[premajor]
|move|p2a: Slowking|Chilly Reception|p2a: Slowking
|-weather|Snowscape
|
|t:|1760385027
|switch|p2a: Zapdos|Zapdos|93/100|[from] Chilly Reception
|
|-weather|Snowscape|[upkeep]
|-heal|p1a: Jirachi|100/100|[from] item: Leftovers
|upkeep
|turn|17
|
|t:|1760385032
|move|p1a: Jirachi|Iron Head|p2a: Zapdos
|-resisted|p2a: Zapdos
|-damage|p2a: Zapdos|83/100
|cant|p2a: Zapdos|flinch
|
|-weather|Snowscape|[upkeep]
|upkeep
|turn|18
|
|t:|1760385040
|move|p1a: Jirachi|Wish|p1a: Jirachi
|move|p2a: Zapdos|Discharge|p1a: Jirachi
|-damage|p1a: Jirachi|75/100
|-status|p1a: Jirachi|par
|
|-weather|Snowscape|[upkeep]
|-heal|p1a: Jirachi|81/100 par|[from] item: Leftovers
|upkeep
|turn|19
|
|t:|1760385047
|switch|p1a: Scizor|Scizor, M|44/100
|-damage|p1a: Scizor|32/100|[from] Stealth Rock
|move|p2a: Zapdos|Hurricane|p1a: Scizor|[miss]
|-miss|p2a: Zapdos|p1a: Scizor
|
|-weather|Snowscape|[upkeep]
|-heal|p1a: Scizor|89/100|[from] move: Wish|[wisher] Jirachi
|upkeep
|turn|20
|
|t:|1760385055
|move|p2a: Zapdos|Substitute|p2a: Zapdos
|-start|p2a: Zapdos|Substitute
|-damage|p2a: Zapdos|58/100
|move|p1a: Scizor|Dual Wingbeat|p2a: Zapdos
|-resisted|p2a: Zapdos
|-activate|p2a: Zapdos|move: Substitute|[damage]
|-resisted|p2a: Zapdos
|-activate|p2a: Zapdos|move: Substitute|[damage]
|-hitcount|p2a: Zapdos|2
|
|-weather|none
|upkeep
|turn|21
|
|t:|1760385059
|move|p1a: Scizor|Bullet Punch|p2a: Zapdos
|-resisted|p2a: Zapdos
|-end|p2a: Zapdos|Substitute
|move|p2a: Zapdos|Roost|p2a: Zapdos
|-heal|p2a: Zapdos|100/100
|-singleturn|p2a: Zapdos|move: Roost
|
|upkeep
|turn|22
|
|t:|1760385064
|move|p2a: Zapdos|Substitute|p2a: Zapdos
|-start|p2a: Zapdos|Substitute
|-damage|p2a: Zapdos|76/100
|move|p1a: Scizor|U-turn|p2a: Zapdos
|-resisted|p2a: Zapdos
|-activate|p2a: Zapdos|move: Substitute|[damage]
|-message|Uges forfeited.
|
|win|GlormbusTemples
|raw|Uges's rating: 1079 &rarr; <strong>1059</strong><br />(-20 for losing)
|raw|GlormbusTemples's rating: 1103 &rarr; <strong>1126</strong><br />(+23 for winning)
|l|☆Uges
|player|p1|
