|j|☆T-Garchomp
|j|☆Yorozu The Creator
|t:|1760398889
|gametype|singles
|player|p1|T-Garchomp|102|
|player|p2|Yorozu The Creator|nemona-v|
|gen|9
|tier|[Gen 9] OU
|rule|HP Percentage Mod: HP is shown in percentages
|rule|Endless Battle Clause: Forcing endless battles is banned
|rule|Species Clause: Limit one of each Pokémon
|rule|OHKO Clause: OHKO moves are banned
|rule|Evasion Items Clause: Evasion items are banned
|rule|Evasion Moves Clause: Evasion moves are banned
|rule|Evasion Abilities Clause: Evasion abilities are banned
|rule|Sleep Moves Clause: Sleep-inducing moves are banned
|clearpoke
|poke|p1|Ogerpon-Wellspring, F|
|poke|p1|Kingambit, M|
|poke|p1|Landorus-Therian, M|
|poke|p1|Glimmora, F|
|poke|p1|Dragapult, M|
|poke|p1|Iron Valiant|
|poke|p2|Ninetales, M|
|poke|p2|Walking Wake|
|poke|p2|Cresselia, F|
|poke|p2|Great Tusk|
|poke|p2|Raging Bolt|
|poke|p2|Cinderace, F|
|teampreview
|inactive|Battle timer is ON: inactive players will automatically lose when time's up. (requested by Yorozu The Creator)
|inactive|T-Garchomp has 270 seconds left.
|j|~Setsu
|inactive|T-Garchomp has 240 seconds left.
|
|t:|1760398958
|teamsize|p1|6
|teamsize|p2|6
|start
|switch|p1a: Landorus|Landorus-Therian, M|100/100
|switch|p2a: speedy|Cinderace, F, shiny|100/100
|-ability|p1a: Landorus|Intimidate|boost
|-unboost|p2a: speedy|atk|1
|turn|1
|
|t:|1760398980
|move|p2a: speedy|U-turn|p1a: Landorus
|-start|p2a: speedy|typechange|Bug|[from] ability: Libero
|-resisted|p1a: Landorus
|-damage|p1a: Landorus|89/100
|-damage|p2a: speedy|84/100|[from] item: Rocky Helmet|[of] p1a: Landorus
|
|t:|1760398986
|switch|p2a: Moon MOn|Cresselia, F, shiny|100/100|[from] U-turn
|move|p1a: Landorus|Earthquake|p2a: Moon MOn
|-immune|p2a: Moon MOn|[from] ability: Levitate
|
|upkeep
|turn|2
|
|t:|1760398994
|move|p1a: Landorus|U-turn|p2a: Moon MOn
|-supereffective|p2a: Moon MOn
|-damage|p2a: Moon MOn|71/100
|-enditem|p2a: Moon MOn|Eject Button
|j| Kingambitofthehill
|
|t:|1760398999
|switch|p2a: Raor|Ninetales, M, shiny|100/100
|-weather|SunnyDay|[from] ability: Drought|[of] p2a: Raor
|
|-weather|SunnyDay|[upkeep]
|upkeep
|turn|3
|c| Kingambitofthehill|Wait T-Garchomp you’re not playing with Chomp?
|
|t:|1760399024
|switch|p2a: Moon MOn|Cresselia, F, shiny|71/100
|move|p1a: Landorus|Earthquake|p2a: Moon MOn
|-immune|p2a: Moon MOn|[from] ability: Levitate
|
|-weather|SunnyDay|[upkeep]
|upkeep
|turn|4
|j| paternozzo
|j| Hello_DIEnow
|c|☆T-Garchomp|He is too OP
|inactive|Yorozu The Creator has 270 seconds left.
|l| paternozzo
|
|t:|1760399059
|move|p1a: Landorus|U-turn|p2a: Moon MOn
|-supereffective|p2a: Moon MOn
|-damage|p2a: Moon MOn|42/100
|c| Kingambitofthehill|Fair and true
|c| Hello_DIEnow|This kinda boring ngl
|
|t:|1760399072
|switch|p1a: Kingambit|Kingambit, M|100/100|[from] U-turn
|move|p2a: Moon MOn|Ice Beam|p1a: Kingambit
|-resisted|p1a: Kingambit
|-damage|p1a: Kingambit|88/100
|
|-weather|SunnyDay|[upkeep]
|-heal|p1a: Kingambit|95/100|[from] item: Leftovers
|upkeep
|turn|5
|l| Hello_DIEnow
|j| Hildi Thryth
|
|t:|1760399083
|-terastallize|p1a: Kingambit|Ghost
|move|p2a: Moon MOn|Lunar Dance|p2a: Moon MOn
|faint|p2a: Moon MOn
|move|p1a: Kingambit|Swords Dance|p1a: Kingambit
|-boost|p1a: Kingambit|atk|2
|
|-weather|SunnyDay|[upkeep]
|-heal|p1a: Kingambit|100/100|[from] item: Leftovers
|upkeep
|
|t:|1760399090
|switch|p2a: Scalding Oasis|Walking Wake|100/100
|-activate|p2a: Scalding Oasis|ability: Protosynthesis
|-start|p2a: Scalding Oasis|protosynthesisspa
|turn|6
|c| Kingambitofthehill|Already?
|
|t:|1760399099
|-terastallize|p2a: Scalding Oasis|Water
|move|p1a: Kingambit|Sucker Punch|p2a: Scalding Oasis
|-damage|p2a: Scalding Oasis|8/100
|move|p2a: Scalding Oasis|Hydro Steam|p1a: Kingambit
|-damage|p1a: Kingambit|0 fnt
|faint|p1a: Kingambit
|-end|p1a: Kingambit|fallenundefined|[silent]
|
|-weather|SunnyDay|[upkeep]
|upkeep
|j| paternozzo
|
|t:|1760399112
|switch|p1a: Dragapult|Dragapult, M|100/100
|turn|7
|
|t:|1760399118
|-end|p2a: Scalding Oasis|Protosynthesis|[silent]
|switch|p2a: Run Dem Down|Great Tusk|100/100
|-activate|p2a: Run Dem Down|ability: Protosynthesis
|-start|p2a: Run Dem Down|protosynthesisspe
|move|p1a: Dragapult|Shadow Ball|p2a: Run Dem Down
|-damage|p2a: Run Dem Down|37/100
|
|-weather|SunnyDay|[upkeep]
|-heal|p2a: Run Dem Down|43/100|[from] item: Leftovers
|upkeep
|turn|8
|
|t:|1760399127
|move|p2a: Run Dem Down|Knock Off|p1a: Dragapult
|-supereffective|p1a: Dragapult
|-damage|p1a: Dragapult|25/100
|-enditem|p1a: Dragapult|Choice Specs|[from] move: Knock Off|[of] p2a: Run Dem Down
|move|p1a: Dragapult|Shadow Ball|p2a: Run Dem Down
|-damage|p2a: Run Dem Down|0 fnt
|faint|p2a: Run Dem Down
|-end|p2a: Run Dem Down|Protosynthesis|[silent]
|
|-weather|SunnyDay|[upkeep]
|upkeep
|
|t:|1760399130
|switch|p2a: speedy|Cinderace, F, shiny|84/100
|-heal|p2a: speedy|100/100|[from] move: Lunar Dance
|turn|9
|
|t:|1760399136
|switch|p1a: Ogerpon|Ogerpon-Wellspring, F|100/100
|move|p2a: speedy|Pyro Ball|p1a: Ogerpon
|-damage|p1a: Ogerpon|0 fnt
|faint|p1a: Ogerpon
|
|-weather|none
|upkeep
|
|t:|1760399151
|switch|p1a: Landorus|Landorus-Therian, M|89/100
|-ability|p1a: Landorus|Intimidate|boost
|-unboost|p2a: speedy|atk|1
|turn|10
|
|t:|1760399155
|switch|p2a: Raor|Ninetales, M, shiny|100/100
|-weather|SunnyDay|[from] ability: Drought|[of] p2a: Raor
|move|p1a: Landorus|U-turn|p2a: Raor
|-resisted|p2a: Raor
|-damage|p2a: Raor|86/100
|c| Hildi Thryth|That tera lost him the game T_T
|
|t:|1760399159
|switch|p1a: Glimmora|Glimmora, F|100/100|[from] U-turn
|
|-weather|SunnyDay|[upkeep]
|upkeep
|turn|11
|
|t:|1760399164
|move|p2a: Raor|Will-O-Wisp|p1a: Glimmora|[miss]
|-miss|p2a: Raor|p1a: Glimmora
|move|p1a: Glimmora|Meteor Beam||[still]
|-prepare|p1a: Glimmora|Meteor Beam
|-boost|p1a: Glimmora|spa|1
|-enditem|p1a: Glimmora|Power Herb
|-anim|p1a: Glimmora|Meteor Beam|p2a: Raor
|-supereffective|p2a: Raor
|-damage|p2a: Raor|0 fnt
|faint|p2a: Raor
|
|-weather|SunnyDay|[upkeep]
|upkeep
|
|t:|1760399169
|switch|p2a: Scalding Oasis|Walking Wake, tera:Water|8/100
|-activate|p2a: Scalding Oasis|ability: Protosynthesis
|-start|p2a: Scalding Oasis|protosynthesisspa
|turn|12
|c|☆Yorozu The Creator|normaly
|c|☆Yorozu The Creator|he ohko everything
|c|☆Yorozu The Creator|that jus did to much damage
|c|☆Yorozu The Creator|example
|
|t:|1760399199
|move|p2a: Scalding Oasis|Hydro Steam|p1a: Glimmora
|-supereffective|p1a: Glimmora
|-damage|p1a: Glimmora|0 fnt
|faint|p1a: Glimmora
|
|-weather|SunnyDay|[upkeep]
|upkeep
|c|☆Yorozu The Creator|all his mons rn get ohko
|
|t:|1760399202
|switch|p1a: Dragapult|Dragapult, M|25/100
|turn|13
|c|☆Yorozu The Creator|i dont outspeed tho
|
|t:|1760399211
|move|p1a: Dragapult|Shadow Ball|p2a: Scalding Oasis
|-damage|p2a: Scalding Oasis|0 fnt
|faint|p2a: Scalding Oasis
|-end|p2a: Scalding Oasis|Protosynthesis|[silent]
|
|-weather|SunnyDay|[upkeep]
|upkeep
|
|t:|1760399218
|switch|p2a: Boom&Clap|Raging Bolt|100/100
|-activate|p2a: Boom&Clap|ability: Protosynthesis
|-start|p2a: Boom&Clap|protosynthesisspa
|turn|14
|
|t:|1760399221
|switch|p1a: Landorus|Landorus-Therian, M|89/100
|-ability|p1a: Landorus|Intimidate|boost
|-unboost|p2a: Boom&Clap|atk|1
|move|p2a: Boom&Clap|Draco Meteor|p1a: Landorus
|-crit|p1a: Landorus
|-damage|p1a: Landorus|0 fnt
|-unboost|p2a: Boom&Clap|spa|2
|faint|p1a: Landorus
|
|-weather|SunnyDay|[upkeep]
|upkeep
|
|t:|1760399226
|switch|p1a: Iron Valiant|Iron Valiant|100/100
|-enditem|p1a: Iron Valiant|Booster Energy
|-activate|p1a: Iron Valiant|ability: Quark Drive|[fromitem]
|-start|p1a: Iron Valiant|quarkdrivespe
|turn|15
|
|t:|1760399236
|-end|p2a: Boom&Clap|Protosynthesis|[silent]
|switch|p2a: speedy|Cinderace, F, shiny|100/100
|move|p1a: Iron Valiant|Knock Off|p2a: speedy
|-damage|p2a: speedy|53/100
|-enditem|p2a: speedy|Choice Scarf|[from] move: Knock Off|[of] p1a: Iron Valiant
|
|-weather|SunnyDay|[upkeep]
|upkeep
|turn|16
|
|t:|1760399248
|move|p1a: Iron Valiant|Knock Off|p2a: speedy
|-damage|p2a: speedy|21/100
|move|p2a: speedy|Gunk Shot|p1a: Iron Valiant
|-start|p2a: speedy|typechange|Poison|[from] ability: Libero
|-supereffective|p1a: Iron Valiant
|-damage|p1a: Iron Valiant|0 fnt
|faint|p1a: Iron Valiant
|-end|p1a: Iron Valiant|Quark Drive|[silent]
|
|-weather|SunnyDay|[upkeep]
|upkeep
|
|t:|1760399252
|switch|p1a: Dragapult|Dragapult, M|25/100
|turn|17
|
|t:|1760399254
|move|p1a: Dragapult|Shadow Ball|p2a: speedy
|-damage|p2a: speedy|0 fnt
|faint|p2a: speedy
|
|-weather|none
|upkeep
|
|t:|1760399256
|switch|p2a: Boom&Clap|Raging Bolt|100/100
|turn|18
|
|t:|1760399259
|move|p2a: Boom&Clap|Thunderclap|p1a: Dragapult
|-resisted|p1a: Dragapult
|-damage|p1a: Dragapult|0 fnt
|faint|p1a: Dragapult
|
|win|Yorozu The Creator
|c|☆Yorozu The Creator|gg
|j| TheNewBrends11@!
|j| 54 Insane Rats
|l| TheNewBrends11
|l| paternozzo
|l| 54 Insane Rats
|l|~Setsu
|l| Hildi Thryth
|l|☆Yorozu The Creator
|player|p2|
|j|☆Yorozu The Creator
|player|p2|Yorozu The Creator|nemona-v|
