|j|☆magearna2
|j|☆ElNic0
|t:|1760431185
|gametype|singles
|player|p1|magearna2|akari|1216
|player|p2|ElNic0|266|1212
|gen|9
|tier|[Gen 9] OU
|rated|
|rule|HP Percentage Mod: HP is shown in percentages
|rule|Endless Battle Clause: Forcing endless battles is banned
|rule|Species Clause: Limit one of each Pokémon
|rule|OHKO Clause: OHKO moves are banned
|rule|Evasion Items Clause: Evasion items are banned
|rule|Evasion Moves Clause: Evasion moves are banned
|rule|Evasion Abilities Clause: Evasion abilities are banned
|rule|Sleep Moves Clause: Sleep-inducing moves are banned
|clearpoke
|poke|p1|Walking Wake|
|poke|p1|Torkoal, M|
|poke|p1|Great Tusk|
|poke|p1|Iron Valiant|
|poke|p1|Kingambit, F|
|poke|p1|Hatterene, F|
|poke|p2|Glimmora, F|
|poke|p2|Enamorus, F|
|poke|p2|Kommo-o, M|
|poke|p2|Keldeo-Resolute|
|poke|p2|Cinderace, M|
|poke|p2|Scizor, M|
|teampreview
|inactive|Battle timer is ON: inactive players will automatically lose when time's up. (requested by magearna2)
|
|t:|1760431192
|teamsize|p1|6
|teamsize|p2|6
|start
|switch|p1a: Torkoal|Torkoal, M|100/100
|switch|p2a: Glimmora|Glimmora, F|100/100
|-weather|SunnyDay|[from] ability: Drought|[of] p1a: Torkoal
|turn|1
|
|t:|1760431200
|move|p2a: Glimmora|Meteor Beam||[still]
|-prepare|p2a: Glimmora|Meteor Beam
|-boost|p2a: Glimmora|spa|1
|-enditem|p2a: Glimmora|Power Herb
|-anim|p2a: Glimmora|Meteor Beam|p1a: Torkoal
|-supereffective|p1a: Torkoal
|-damage|p1a: Torkoal|0 fnt
|faint|p1a: Torkoal
|
|-weather|SunnyDay|[upkeep]
|upkeep
|
|t:|1760431225
|switch|p1a: Walking Wake|Walking Wake|100/100
|-activate|p1a: Walking Wake|ability: Protosynthesis
|-start|p1a: Walking Wake|protosynthesisspa
|turn|2
|
|t:|1760431237
|move|p1a: Walking Wake|Hydro Steam|p2a: Glimmora
|-supereffective|p2a: Glimmora
|-damage|p2a: Glimmora|0 fnt
|faint|p2a: Glimmora
|
|-weather|SunnyDay|[upkeep]
|upkeep
|
|t:|1760431260
|switch|p2a: Enamorus|Enamorus, F|100/100
|turn|3
|
|t:|1760431275
|-terastallize|p1a: Walking Wake|Fairy
|move|p2a: Enamorus|Moonblast|p1a: Walking Wake
|-damage|p1a: Walking Wake|37/100
|move|p1a: Walking Wake|Hydro Steam|p2a: Enamorus
|-damage|p2a: Enamorus|0 fnt
|faint|p2a: Enamorus
|
|-weather|SunnyDay|[upkeep]
|upkeep
|inactive|ElNic0 has 120 seconds left.
|
|t:|1760431295
|switch|p2a: Cinderace|Cinderace, M|100/100
|turn|4
|
|t:|1760431320
|-end|p1a: Walking Wake|Protosynthesis|[silent]
|switch|p1a: Hatterene|Hatterene, F|100/100
|move|p2a: Cinderace|Pyro Ball|p1a: Hatterene
|-damage|p1a: Hatterene|19/100
|-enditem|p1a: Hatterene|Eject Button
|
|t:|1760431330
|switch|p1a: Iron Valiant|Iron Valiant|100/100
|-enditem|p1a: Iron Valiant|Booster Energy
|-activate|p1a: Iron Valiant|ability: Quark Drive|[fromitem]
|-start|p1a: Iron Valiant|quarkdrivespe
|
|-weather|SunnyDay|[upkeep]
|upkeep
|turn|5
|inactive|ElNic0 has 120 seconds left.
|
|t:|1760431344
|move|p1a: Iron Valiant|Knock Off|p2a: Cinderace
|-damage|p2a: Cinderace|67/100
|-enditem|p2a: Cinderace|Heavy-Duty Boots|[from] move: Knock Off|[of] p1a: Iron Valiant
|move|p2a: Cinderace|Gunk Shot|p1a: Iron Valiant|[miss]
|-start|p2a: Cinderace|typechange|Poison|[from] ability: Libero
|-miss|p2a: Cinderace|p1a: Iron Valiant
|
|-weather|SunnyDay|[upkeep]
|upkeep
|turn|6
|
|t:|1760431355
|move|p1a: Iron Valiant|Destiny Bond|p1a: Iron Valiant
|-singlemove|p1a: Iron Valiant|Destiny Bond
|move|p2a: Cinderace|Gunk Shot|p1a: Iron Valiant
|-supereffective|p1a: Iron Valiant
|-damage|p1a: Iron Valiant|0 fnt
|faint|p1a: Iron Valiant
|-activate|p1a: Iron Valiant|move: Destiny Bond
|-end|p1a: Iron Valiant|Quark Drive|[silent]
|faint|p2a: Cinderace
|
|-weather|SunnyDay|[upkeep]
|upkeep
|inactive|ElNic0 has 120 seconds left.
|inactive|magearna2 has 120 seconds left.
|
|t:|1760431381
|switch|p2a: Kommo-o|Kommo-o, M|100/100
|switch|p1a: Walking Wake|Walking Wake, tera:Fairy|37/100
|-activate|p1a: Walking Wake|ability: Protosynthesis
|-start|p1a: Walking Wake|protosynthesisspa
|turn|7
|inactive|magearna2 has 120 seconds left.
|inactive|ElNic0 has 120 seconds left.
|
|t:|1760431396
|-terastallize|p2a: Kommo-o|Normal
|move|p1a: Walking Wake|Draco Meteor|p2a: Kommo-o
|-damage|p2a: Kommo-o|18/100
|-unboost|p1a: Walking Wake|spa|2
|move|p2a: Kommo-o|Clangorous Soul||[still]
|-fail|p2a: Kommo-o
|
|-weather|SunnyDay|[upkeep]
|upkeep
|turn|8
|inactive|magearna2 has 120 seconds left.
|
|t:|1760431404
|move|p1a: Walking Wake|Draco Meteor|p2a: Kommo-o
|-damage|p2a: Kommo-o|0 fnt
|-unboost|p1a: Walking Wake|spa|2
|faint|p2a: Kommo-o
|
|-weather|none
|-end|p1a: Walking Wake|Protosynthesis
|upkeep
|
|t:|1760431410
|switch|p2a: Scizor|Scizor, M|100/100
|turn|9
|
|t:|1760431412
|move|p2a: Scizor|Bullet Punch|p1a: Walking Wake
|-supereffective|p1a: Walking Wake
|-damage|p1a: Walking Wake|0 fnt
|faint|p1a: Walking Wake
|-end|p1a: Walking Wake|Protosynthesis|[silent]
|
|upkeep
|
|t:|1760431423
|switch|p1a: Kingambit|Kingambit, F|100/100
|-activate|p1a: Kingambit|ability: Supreme Overlord
|-start|p1a: Kingambit|fallen3|[silent]
|turn|10
|
|t:|1760431429
|switch|p2a: Keldeo|Keldeo-Resolute|100/100
|move|p1a: Kingambit|Sucker Punch||[still]
|-fail|p1a: Kingambit
|
|upkeep
|turn|11
|
|t:|1760431438
|-end|p1a: Kingambit|fallen3|[silent]
|switch|p1a: Hatterene|Hatterene, F|19/100
|move|p2a: Keldeo|Vacuum Wave|p1a: Hatterene
|-resisted|p1a: Hatterene
|-damage|p1a: Hatterene|14/100
|
|upkeep
|turn|12
|
|t:|1760431445
|move|p2a: Keldeo|Surf|p1a: Hatterene
|-damage|p1a: Hatterene|0 fnt
|faint|p1a: Hatterene
|
|upkeep
|
|t:|1760431452
|switch|p1a: Kingambit|Kingambit, F|100/100
|-activate|p1a: Kingambit|ability: Supreme Overlord
|-start|p1a: Kingambit|fallen4|[silent]
|turn|13
|
|t:|1760431460
|move|p2a: Keldeo|Vacuum Wave|p1a: Kingambit
|-supereffective|p1a: Kingambit
|-damage|p1a: Kingambit|22/100
|move|p1a: Kingambit|Iron Head|p2a: Keldeo
|-resisted|p2a: Keldeo
|-damage|p2a: Keldeo|62/100
|
|-heal|p2a: Keldeo|68/100|[from] item: Leftovers
|upkeep
|turn|14
|
|t:|1760431467
|move|p2a: Keldeo|Vacuum Wave|p1a: Kingambit
|-supereffective|p1a: Kingambit
|-damage|p1a: Kingambit|0 fnt
|faint|p1a: Kingambit
|-end|p1a: Kingambit|fallen4|[silent]
|
|-heal|p2a: Keldeo|74/100|[from] item: Leftovers
|upkeep
|
|t:|1760431473
|switch|p1a: Great Tusk|Great Tusk|100/100
|turn|15
|
|t:|1760431477
|move|p2a: Keldeo|Surf|p1a: Great Tusk
|-supereffective|p1a: Great Tusk
|-damage|p1a: Great Tusk|0 fnt
|faint|p1a: Great Tusk
|-end|p1a: Great Tusk|Protosynthesis|[silent]
|
|win|ElNic0
|raw|magearna2's rating: 1216 &rarr; <strong>1191</strong><br />(-25 for losing)
|raw|ElNic0's rating: 1212 &rarr; <strong>1237</strong><br />(+25 for winning)
|l|☆magearna2
|player|p1|
|l|☆ElNic0
|player|p2|
