|j|☆ZachyW5
|j|☆satoxixo
|t:|1760322900
|gametype|singles
|player|p1|ZachyW5|aaron|1273
|player|p2|satoxixo|blackbelt-gen4dp|1321
|gen|9
|tier|[Gen 9] OU
|rated|
|rule|HP Percentage Mod: HP is shown in percentages
|rule|Endless Battle Clause: Forcing endless battles is banned
|rule|Species Clause: Limit one of each Pokémon
|rule|OHKO Clause: OHKO moves are banned
|rule|Evasion Items Clause: Evasion items are banned
|rule|Evasion Moves Clause: Evasion moves are banned
|rule|Evasion Abilities Clause: Evasion abilities are banned
|rule|Sleep Moves Clause: Sleep-inducing moves are banned
|clearpoke
|poke|p1|Okidogi, M|
|poke|p1|Meowscarada, F|
|poke|p1|Polteageist|
|poke|p1|Weezing-Galar, M|
|poke|p1|Samurott-Hisui, M|
|poke|p1|Mamoswine, M|
|poke|p2|Zapdos|
|poke|p2|Ceruledge, M|
|poke|p2|Iron Treads|
|poke|p2|Kyurem|
|poke|p2|Darkrai|
|poke|p2|Garganacl, M|
|teampreview
|inactive|Battle timer is ON: inactive players will automatically lose when time's up. (requested by satoxixo)
|
|t:|1760322911
|teamsize|p1|6
|teamsize|p2|6
|start
|switch|p1a: Kairagi|Samurott-Hisui, M|100/100
|switch|p2a: Iron Treads|Iron Treads|100/100
|turn|1
|
|t:|1760322922
|-end|p2a: Iron Treads|Quark Drive|[silent]
|switch|p2a: Zapdos|Zapdos|100/100
|move|p1a: Kairagi|Razor Shell|p2a: Zapdos
|-damage|p2a: Zapdos|64/100
|-status|p1a: Kairagi|par|[from] ability: Static|[of] p2a: Zapdos
|
|upkeep
|turn|2
|
|t:|1760322935
|move|p2a: Zapdos|Roost|p2a: Zapdos
|-heal|p2a: Zapdos|100/100
|-singleturn|p2a: Zapdos|move: Roost
|cant|p1a: Kairagi|par
|
|upkeep
|turn|3
|
|t:|1760322949
|switch|p1a: Bad As Hog|Mamoswine, M|100/100
|move|p2a: Zapdos|Hurricane|p1a: Bad As Hog
|-damage|p1a: Bad As Hog|30/100
|
|upkeep
|turn|4
|
|t:|1760322962
|switch|p2a: Ceruledge|Ceruledge, M|100/100
|move|p1a: Bad As Hog|Icicle Spear|p2a: Ceruledge
|-resisted|p2a: Ceruledge
|-crit|p2a: Ceruledge
|-damage|p2a: Ceruledge|87/100
|-ability|p2a: Ceruledge|Weak Armor|boost
|-unboost|p2a: Ceruledge|def|1
|-boost|p2a: Ceruledge|spe|2
|-resisted|p2a: Ceruledge
|-damage|p2a: Ceruledge|73/100
|-ability|p2a: Ceruledge|Weak Armor|boost
|-unboost|p2a: Ceruledge|def|1
|-boost|p2a: Ceruledge|spe|2
|-resisted|p2a: Ceruledge
|-damage|p2a: Ceruledge|55/100
|-ability|p2a: Ceruledge|Weak Armor|boost
|-unboost|p2a: Ceruledge|def|1
|-boost|p2a: Ceruledge|spe|2
|-resisted|p2a: Ceruledge
|-damage|p2a: Ceruledge|31/100
|-ability|p2a: Ceruledge|Weak Armor|boost
|-unboost|p2a: Ceruledge|def|1
|-hitcount|p2a: Ceruledge|4
|
|upkeep
|turn|5
|
|t:|1760322992
|-terastallize|p1a: Bad As Hog|Ghost
|move|p1a: Bad As Hog|Ice Shard|p2a: Ceruledge
|-resisted|p2a: Ceruledge
|-damage|p2a: Ceruledge|0 fnt
|faint|p2a: Ceruledge
|
|upkeep
|
|t:|1760323005
|switch|p2a: Darkrai|Darkrai|100/100
|turn|6
|
|t:|1760323011
|move|p1a: Bad As Hog|Ice Shard|p2a: Darkrai
|-damage|p2a: Darkrai|72/100
|move|p2a: Darkrai|Dark Pulse|p1a: Bad As Hog
|-supereffective|p1a: Bad As Hog
|-damage|p1a: Bad As Hog|0 fnt
|faint|p1a: Bad As Hog
|-damage|p2a: Darkrai|62/100|[from] item: Life Orb
|
|upkeep
|
|t:|1760323017
|switch|p1a: Loyal One and Oni|Okidogi, M|100/100
|turn|7
|
|t:|1760323031
|move|p2a: Darkrai|Psychic|p1a: Loyal One and Oni
|-supereffective|p1a: Loyal One and Oni
|-damage|p1a: Loyal One and Oni|0 fnt
|faint|p1a: Loyal One and Oni
|-damage|p2a: Darkrai|52/100|[from] item: Life Orb
|
|upkeep
|
|t:|1760323035
|switch|p1a: Kairagi|Samurott-Hisui, M|100/100 par
|turn|8
|
|t:|1760323050
|switch|p2a: Zapdos|Zapdos|100/100
|move|p1a: Kairagi|Sacred Sword|p2a: Zapdos
|-resisted|p2a: Zapdos
|-damage|p2a: Zapdos|87/100
|
|upkeep
|turn|9
|
|t:|1760323059
|move|p2a: Zapdos|Volt Switch|p1a: Kairagi
|-supereffective|p1a: Kairagi
|-damage|p1a: Kairagi|14/100 par
|
|t:|1760323070
|switch|p2a: Garganacl|Garganacl, M|100/100|[from] Volt Switch
|move|p1a: Kairagi|Ceaseless Edge|p2a: Garganacl
|-damage|p2a: Garganacl|74/100
|-sidestart|p2: satoxixo|Spikes
|
|-heal|p2a: Garganacl|80/100|[from] item: Leftovers
|upkeep
|turn|10
|
|t:|1760323080
|switch|p2a: Zapdos|Zapdos|87/100
|move|p1a: Kairagi|Ceaseless Edge|p2a: Zapdos
|-damage|p2a: Zapdos|58/100
|-sidestart|p2: satoxixo|Spikes
|
|upkeep
|turn|11
|
|t:|1760323094
|move|p2a: Zapdos|Roost|p2a: Zapdos
|-heal|p2a: Zapdos|100/100
|-singleturn|p2a: Zapdos|move: Roost
|move|p1a: Kairagi|Ceaseless Edge|p2a: Zapdos
|-damage|p2a: Zapdos|68/100
|-sidestart|p2: satoxixo|Spikes
|
|upkeep
|turn|12
|
|t:|1760323103
|move|p2a: Zapdos|Volt Switch|p1a: Kairagi
|-supereffective|p1a: Kairagi
|-damage|p1a: Kairagi|0 fnt
|faint|p1a: Kairagi
|
|t:|1760323108
|switch|p2a: Iron Treads|Iron Treads|100/100|[from] Volt Switch
|-damage|p2a: Iron Treads|76/100|[from] Spikes
|
|upkeep
|
|t:|1760323112
|switch|p1a: Big T|Polteageist|100/100
|turn|13
|inactive|satoxixo has 120 seconds left.
|
|t:|1760323151
|move|p2a: Iron Treads|Steel Beam|p1a: Big T
|-damage|p1a: Big T|46/100
|-damage|p2a: Iron Treads|25/100|[from] steelbeam
|move|p1a: Big T|Shell Smash|p1a: Big T
|-unboost|p1a: Big T|def|1
|-unboost|p1a: Big T|spd|1
|-boost|p1a: Big T|atk|2
|-boost|p1a: Big T|spa|2
|-boost|p1a: Big T|spe|2
|
|upkeep
|turn|14
|inactive|satoxixo has 120 seconds left.
|
|t:|1760323164
|move|p1a: Big T|Shadow Ball|p2a: Iron Treads
|-crit|p2a: Iron Treads
|-damage|p2a: Iron Treads|0 fnt
|faint|p2a: Iron Treads
|-end|p2a: Iron Treads|Quark Drive|[silent]
|
|upkeep
|
|t:|1760323179
|switch|p2a: Zapdos|Zapdos|68/100
|turn|15
|
|t:|1760323191
|-terastallize|p2a: Zapdos|Steel
|move|p1a: Big T|Stored Power|p2a: Zapdos
|-resisted|p2a: Zapdos
|-damage|p2a: Zapdos|22/100
|move|p2a: Zapdos|Volt Switch|p1a: Big T
|-damage|p1a: Big T|0 fnt
|faint|p1a: Big T
|
|t:|1760323210
|switch|p2a: Darkrai|Darkrai|52/100|[from] Volt Switch
|-damage|p2a: Darkrai|27/100|[from] Spikes
|
|upkeep
|
|t:|1760323215
|switch|p1a: Zatanna|Meowscarada, F|100/100
|turn|16
|
|t:|1760323223
|move|p1a: Zatanna|Flower Trick|p2a: Darkrai
|-start|p1a: Zatanna|typechange|Grass|[from] ability: Protean
|-crit|p2a: Darkrai
|-damage|p2a: Darkrai|0 fnt
|faint|p2a: Darkrai
|
|upkeep
|
|t:|1760323243
|switch|p2a: Zapdos|Zapdos, tera:Steel|22/100
|turn|17
|
|t:|1760323247
|move|p1a: Zatanna|Flower Trick|p2a: Zapdos
|-resisted|p2a: Zapdos
|-crit|p2a: Zapdos
|-damage|p2a: Zapdos|5/100
|move|p2a: Zapdos|Roost|p2a: Zapdos
|-heal|p2a: Zapdos|56/100
|
|upkeep
|turn|18
|
|t:|1760323257
|switch|p1a: The Gentlemen|Weezing-Galar, M|100/100
|move|p2a: Zapdos|Hurricane|p1a: The Gentlemen
|-damage|p1a: The Gentlemen|40/100
|
|upkeep
|turn|19
|
|t:|1760323269
|move|p2a: Zapdos|Roost|p2a: Zapdos
|-heal|p2a: Zapdos|100/100
|move|p1a: The Gentlemen|Will-O-Wisp|p2a: Zapdos|[miss]
|-miss|p1a: The Gentlemen|p2a: Zapdos
|
|upkeep
|turn|20
|
|t:|1760323275
|move|p2a: Zapdos|Hurricane|p1a: The Gentlemen|[miss]
|-miss|p2a: Zapdos|p1a: The Gentlemen
|move|p1a: The Gentlemen|Pain Split|p2a: Zapdos
|-sethp|p2a: Zapdos|68/100|[from] move: Pain Split|[silent]
|-sethp|p1a: The Gentlemen|78/100|[from] move: Pain Split
|
|upkeep
|turn|21
|
|t:|1760323283
|move|p2a: Zapdos|Hurricane|p1a: The Gentlemen|[miss]
|-miss|p2a: Zapdos|p1a: The Gentlemen
|move|p1a: The Gentlemen|Will-O-Wisp|p2a: Zapdos
|-status|p2a: Zapdos|brn
|
|-damage|p2a: Zapdos|62/100 brn|[from] brn
|upkeep
|turn|22
|inactive|satoxixo has 120 seconds left.
|
|t:|1760323294
|move|p2a: Zapdos|Hurricane|p1a: The Gentlemen|[miss]
|-miss|p2a: Zapdos|p1a: The Gentlemen
|move|p1a: The Gentlemen|Strange Steam|p2a: Zapdos
|-resisted|p2a: Zapdos
|-damage|p2a: Zapdos|49/100 brn
|
|-damage|p2a: Zapdos|43/100 brn|[from] brn
|upkeep
|turn|23
|
|t:|1760323304
|move|p2a: Zapdos|Roost|p2a: Zapdos
|-heal|p2a: Zapdos|93/100 brn
|move|p1a: The Gentlemen|Strange Steam|p2a: Zapdos
|-resisted|p2a: Zapdos
|-damage|p2a: Zapdos|80/100 brn
|
|-damage|p2a: Zapdos|74/100 brn|[from] brn
|upkeep
|turn|24
|
|t:|1760323313
|move|p2a: Zapdos|Hurricane|p1a: The Gentlemen|[miss]
|-miss|p2a: Zapdos|p1a: The Gentlemen
|move|p1a: The Gentlemen|Will-O-Wisp|p2a: Zapdos
|-fail|p2a: Zapdos|brn
|
|-damage|p2a: Zapdos|68/100 brn|[from] brn
|upkeep
|turn|25
|
|t:|1760323322
|move|p2a: Zapdos|Roost|p2a: Zapdos
|-heal|p2a: Zapdos|100/100 brn
|move|p1a: The Gentlemen|Will-O-Wisp|p2a: Zapdos
|-fail|p2a: Zapdos|brn
|
|-damage|p2a: Zapdos|94/100 brn|[from] brn
|upkeep
|turn|26
|
|t:|1760323331
|move|p2a: Zapdos|Hurricane|p1a: The Gentlemen
|-damage|p1a: The Gentlemen|26/100
|move|p1a: The Gentlemen|Strange Steam|p2a: Zapdos
|-resisted|p2a: Zapdos
|-damage|p2a: Zapdos|81/100 brn
|
|-damage|p2a: Zapdos|75/100 brn|[from] brn
|upkeep
|turn|27
|
|t:|1760323340
|move|p2a: Zapdos|Hurricane|p1a: The Gentlemen
|-damage|p1a: The Gentlemen|0 fnt
|faint|p1a: The Gentlemen
|
|-damage|p2a: Zapdos|69/100 brn|[from] brn
|upkeep
|
|t:|1760323344
|switch|p1a: Zatanna|Meowscarada, F|100/100
|turn|28
|
|t:|1760323356
|move|p1a: Zatanna|Play Rough|p2a: Zapdos
|-start|p1a: Zatanna|typechange|Fairy|[from] ability: Protean
|-resisted|p2a: Zapdos
|-damage|p2a: Zapdos|54/100 brn
|-status|p1a: Zatanna|par|[from] ability: Static|[of] p2a: Zapdos
|move|p2a: Zapdos|Hurricane|p1a: Zatanna
|-damage|p1a: Zatanna|30/100 par
|-start|p1a: Zatanna|confusion
|
|-damage|p2a: Zapdos|48/100 brn|[from] brn
|upkeep
|turn|29
|
|t:|1760323371
|-activate|p1a: Zatanna|confusion
|move|p1a: Zatanna|Play Rough|p2a: Zapdos
|-resisted|p2a: Zapdos
|-damage|p2a: Zapdos|32/100 brn
|move|p2a: Zapdos|Roost|p2a: Zapdos
|-heal|p2a: Zapdos|82/100 brn
|
|-damage|p2a: Zapdos|76/100 brn|[from] brn
|upkeep
|turn|30
|
|t:|1760323381
|-activate|p1a: Zatanna|confusion
|cant|p1a: Zatanna|par
|move|p2a: Zapdos|Hurricane|p1a: Zatanna
|-damage|p1a: Zatanna|0 fnt
|faint|p1a: Zatanna
|
|win|satoxixo
|raw|ZachyW5's rating: 1273 &rarr; <strong>1251</strong><br />(-22 for losing)
|raw|satoxixo's rating: 1321 &rarr; <strong>1338</strong><br />(+17 for winning)
|l|☆ZachyW5
|player|p1|
