|j|☆Enkidu504
|j|☆GreenSpot
|t:|1760328538
|gametype|singles
|player|p1|Enkidu504|bellelba|1273
|player|p2|GreenSpot|skyla|1270
|gen|9
|tier|[Gen 9] OU
|rated|
|rule|HP Percentage Mod: HP is shown in percentages
|rule|Endless Battle Clause: Forcing endless battles is banned
|rule|Species Clause: Limit one of each Pokémon
|rule|OHKO Clause: OHKO moves are banned
|rule|Evasion Items Clause: Evasion items are banned
|rule|Evasion Moves Clause: Evasion moves are banned
|rule|Evasion Abilities Clause: Evasion abilities are banned
|rule|Sleep Moves Clause: Sleep-inducing moves are banned
|clearpoke
|poke|p1|Ogerpon-Wellspring, F|
|poke|p1|Dragapult, F|
|poke|p1|Slowking-Galar, F|
|poke|p1|Great Tusk|
|poke|p1|Gholdengo|
|poke|p1|Mandibuzz, F|
|poke|p2|Meowscarada, F|
|poke|p2|Scizor, M|
|poke|p2|Garchomp, F|
|poke|p2|Raikou|
|poke|p2|Sylveon, M|
|poke|p2|Metagross|
|teampreview
|inactive|Battle timer is ON: inactive players will automatically lose when time's up. (requested by GreenSpot)
|
|t:|1760328546
|teamsize|p1|6
|teamsize|p2|6
|start
|switch|p1a: Great Tusk|Great Tusk|100/100
|switch|p2a: Metagross|Metagross|100/100
|turn|1
|
|t:|1760328556
|move|p1a: Great Tusk|Stealth Rock|p2a: Metagross
|-sidestart|p2: GreenSpot|move: Stealth Rock
|move|p2a: Metagross|Zen Headbutt|p1a: Great Tusk
|-supereffective|p1a: Great Tusk
|-damage|p1a: Great Tusk|36/100
|
|upkeep
|turn|2
|
|t:|1760328560
|move|p1a: Great Tusk|Headlong Rush|p2a: Metagross
|-supereffective|p2a: Metagross
|-damage|p2a: Metagross|7/100
|-unboost|p1a: Great Tusk|def|1
|-unboost|p1a: Great Tusk|spd|1
|move|p2a: Metagross|Zen Headbutt|p1a: Great Tusk
|-supereffective|p1a: Great Tusk
|-damage|p1a: Great Tusk|0 fnt
|faint|p1a: Great Tusk
|-end|p1a: Great Tusk|Protosynthesis|[silent]
|
|upkeep
|
|t:|1760328566
|switch|p1a: Ogerpon|Ogerpon-Wellspring, F|100/100
|turn|3
|-enditem|p2a: Metagross|Custap Berry|[eat]
|-activate|p2a: Metagross|item: Custap Berry|[consumed]
|
|t:|1760328571
|move|p2a: Metagross|Explosion|p1a: Ogerpon
|-damage|p1a: Ogerpon|0 fnt
|faint|p2a: Metagross
|faint|p1a: Ogerpon
|
|upkeep
|c|☆GreenSpot|that was Megumin theory xd
|inactive|GreenSpot has 120 seconds left.
|
|t:|1760328609
|switch|p1a: Slowking|Slowking-Galar, F|100/100
|switch|p2a: Meowscarada|Meowscarada, F|100/100
|turn|4
|
|t:|1760328613
|move|p2a: Meowscarada|U-turn|p1a: Slowking
|-start|p2a: Meowscarada|typechange|Bug|[from] ability: Protean
|-damage|p1a: Slowking|67/100
|
|t:|1760328618
|switch|p2a: Scizor|Scizor, M|100/100|[from] U-turn
|move|p1a: Slowking|Thunder Wave|p2a: Scizor|[miss]
|-miss|p1a: Slowking|p2a: Scizor
|
|upkeep
|turn|5
|
|t:|1760328625
|switch|p1a: Mandibuzz|Mandibuzz, F|100/100
|move|p2a: Scizor|Swords Dance|p2a: Scizor
|-boost|p2a: Scizor|atk|2
|
|upkeep
|turn|6
|
|t:|1760328631
|move|p2a: Scizor|Bullet Punch|p1a: Mandibuzz
|-damage|p1a: Mandibuzz|59/100
|move|p1a: Mandibuzz|Foul Play|p2a: Scizor
|-damage|p2a: Scizor|0 fnt
|faint|p2a: Scizor
|
|upkeep
|
|t:|1760328637
|switch|p2a: Raikou|Raikou|100/100
|-ability|p2a: Raikou|Pressure
|turn|7
|
|t:|1760328641
|switch|p1a: Slowking|Slowking-Galar, F|99/100
|move|p2a: Raikou|Volt Switch|p1a: Slowking
|-damage|p1a: Slowking|81/100
|
|t:|1760328646
|switch|p2a: Meowscarada|Meowscarada, F|100/100|[from] Volt Switch
|
|upkeep
|turn|8
|
|t:|1760328651
|move|p2a: Meowscarada|U-turn|p1a: Slowking
|-start|p2a: Meowscarada|typechange|Bug|[from] ability: Protean
|-damage|p1a: Slowking|46/100
|
|t:|1760328655
|switch|p2a: Raikou|Raikou|100/100|[from] U-turn
|-ability|p2a: Raikou|Pressure
|move|p1a: Slowking|Future Sight|p2a: Raikou
|-start|p1a: Slowking|move: Future Sight
|
|upkeep
|turn|9
|
|t:|1760328662
|move|p2a: Raikou|Volt Switch|p1a: Slowking
|-damage|p1a: Slowking|25/100
|
|t:|1760328666
|switch|p2a: Meowscarada|Meowscarada, F|100/100|[from] Volt Switch
|-prepare|p1a: Slowking|Chilly Reception|[premajor]
|move|p1a: Slowking|Chilly Reception|p1a: Slowking
|-weather|Snowscape
|
|t:|1760328671
|switch|p1a: Dragapult|Dragapult, F|100/100|[from] Chilly Reception
|
|-weather|Snowscape|[upkeep]
|upkeep
|turn|10
|inactive|Enkidu504 has 120 seconds left.
|
|t:|1760328712
|-terastallize|p2a: Meowscarada|Ghost
|move|p1a: Dragapult|U-turn|p2a: Meowscarada
|-resisted|p2a: Meowscarada
|-damage|p2a: Meowscarada|75/100
|
|t:|1760328717
|switch|p1a: Mandibuzz|Mandibuzz, F|59/100|[from] U-turn
|move|p2a: Meowscarada|Knock Off|p1a: Mandibuzz
|-resisted|p1a: Mandibuzz
|-damage|p1a: Mandibuzz|47/100
|-enditem|p1a: Mandibuzz|Heavy-Duty Boots|[from] move: Knock Off|[of] p2a: Meowscarada
|
|-weather|Snowscape|[upkeep]
|-end|p2a: Meowscarada|move: Future Sight
|-damage|p2a: Meowscarada|3/100
|upkeep
|turn|11
|inactive|Enkidu504 has 120 seconds left.
|
|t:|1760328729
|move|p2a: Meowscarada|Triple Axel|p1a: Mandibuzz
|-supereffective|p1a: Mandibuzz
|-damage|p1a: Mandibuzz|40/100
|-supereffective|p1a: Mandibuzz
|-damage|p1a: Mandibuzz|27/100
|-supereffective|p1a: Mandibuzz
|-damage|p1a: Mandibuzz|7/100
|-hitcount|p1a: Mandibuzz|3
|move|p1a: Mandibuzz|Roost|p1a: Mandibuzz
|-heal|p1a: Mandibuzz|57/100
|-singleturn|p1a: Mandibuzz|move: Roost
|
|-weather|Snowscape|[upkeep]
|upkeep
|turn|12
|inactive|Enkidu504 has 120 seconds left.
|
|t:|1760328741
|move|p2a: Meowscarada|U-turn|p1a: Mandibuzz
|-damage|p1a: Mandibuzz|44/100
|
|t:|1760328743
|switch|p2a: Garchomp|Garchomp, F|100/100|[from] U-turn
|-damage|p2a: Garchomp|94/100|[from] Stealth Rock
|move|p1a: Mandibuzz|Roost|p1a: Mandibuzz
|-heal|p1a: Mandibuzz|94/100
|-singleturn|p1a: Mandibuzz|move: Roost
|
|-weather|Snowscape|[upkeep]
|upkeep
|turn|13
|
|t:|1760328753
|move|p2a: Garchomp|Stone Edge|p1a: Mandibuzz
|-supereffective|p1a: Mandibuzz
|-damage|p1a: Mandibuzz|53/100
|move|p1a: Mandibuzz|Toxic|p2a: Garchomp|[miss]
|-miss|p1a: Mandibuzz|p2a: Garchomp
|
|-weather|none
|upkeep
|turn|14
|
|t:|1760328760
|move|p2a: Garchomp|Stone Edge|p1a: Mandibuzz
|-supereffective|p1a: Mandibuzz
|-crit|p1a: Mandibuzz
|-damage|p1a: Mandibuzz|0 fnt
|faint|p1a: Mandibuzz
|
|upkeep
|
|t:|1760328763
|switch|p1a: Dragapult|Dragapult, F|100/100
|turn|15
|
|t:|1760328773
|switch|p2a: Meowscarada|Meowscarada, F, tera:Ghost|3/100
|move|p1a: Dragapult|Dragon Darts|p2a: Meowscarada
|-damage|p2a: Meowscarada|0 fnt
|faint|p2a: Meowscarada
|
|upkeep
|
|t:|1760328779
|switch|p2a: Sylveon|Sylveon, M, shiny|100/100
|-damage|p2a: Sylveon|88/100|[from] Stealth Rock
|turn|16
|
|t:|1760328784
|switch|p1a: Slowking|Slowking-Galar, F|58/100
|move|p2a: Sylveon|Shadow Ball|p1a: Slowking
|-supereffective|p1a: Slowking
|-damage|p1a: Slowking|28/100
|-unboost|p1a: Slowking|spd|1
|
|upkeep
|turn|17
|
|t:|1760328791
|switch|p1a: Gholdengo|Gholdengo|100/100
|move|p2a: Sylveon|Shadow Ball|p1a: Gholdengo
|-supereffective|p1a: Gholdengo
|-damage|p1a: Gholdengo|41/100
|
|upkeep
|turn|18
|
|t:|1760328799
|switch|p2a: Raikou|Raikou|100/100
|-ability|p2a: Raikou|Pressure
|move|p1a: Gholdengo|Shadow Ball|p2a: Raikou
|-damage|p2a: Raikou|56/100
|
|upkeep
|turn|19
|
|t:|1760328806
|move|p1a: Gholdengo|Shadow Ball|p2a: Raikou
|-damage|p2a: Raikou|12/100
|move|p2a: Raikou|Thunderbolt|p1a: Gholdengo
|-damage|p1a: Gholdengo|0 fnt
|faint|p1a: Gholdengo
|
|upkeep
|
|t:|1760328810
|switch|p1a: Dragapult|Dragapult, F|100/100
|turn|20
|
|t:|1760328814
|move|p1a: Dragapult|U-turn|p2a: Raikou
|-damage|p2a: Raikou|0 fnt
|faint|p2a: Raikou
|
|t:|1760328817
|switch|p1a: Slowking|Slowking-Galar, F|62/100|[from] U-turn
|
|upkeep
|
|t:|1760328820
|switch|p2a: Garchomp|Garchomp, F|94/100
|-damage|p2a: Garchomp|88/100|[from] Stealth Rock
|turn|21
|
|t:|1760328825
|-terastallize|p1a: Slowking|Water
|move|p2a: Garchomp|Outrage|p1a: Slowking
|-damage|p1a: Slowking|0 fnt
|faint|p1a: Slowking
|
|upkeep
|
|t:|1760328829
|switch|p1a: Dragapult|Dragapult, F|100/100
|turn|22
|c|☆GreenSpot|me crees tan predecible?
|
|t:|1760328849
|move|p1a: Dragapult|Dragon Darts|p2a: Garchomp
|-supereffective|p2a: Garchomp
|-damage|p2a: Garchomp|9/100
|-anim|p1a: Dragapult|Dragon Darts|p2a: Garchomp
|-supereffective|p2a: Garchomp
|-damage|p2a: Garchomp|0 fnt
|faint|p2a: Garchomp
|
|upkeep
|-message|Enkidu504 forfeited.
|
|win|GreenSpot
|raw|Enkidu504's rating: 1273 &rarr; <strong>1248</strong><br />(-25 for losing)
|raw|GreenSpot's rating: 1270 &rarr; <strong>1295</strong><br />(+25 for winning)
|l|☆Enkidu504
|player|p1|
