|j|☆Raclette73
|j|☆pekashew64
|t:|1760432058
|gametype|singles
|player|p1|Raclette73|rocketgruntf|1290
|player|p2|pekashew64|tuber|1266
|gen|9
|tier|[Gen 9] OU
|rated|
|rule|HP Percentage Mod: HP is shown in percentages
|rule|Endless Battle Clause: Forcing endless battles is banned
|rule|Species Clause: Limit one of each Pokémon
|rule|OHKO Clause: OHKO moves are banned
|rule|Evasion Items Clause: Evasion items are banned
|rule|Evasion Moves Clause: Evasion moves are banned
|rule|Evasion Abilities Clause: Evasion abilities are banned
|rule|Sleep Moves Clause: Sleep-inducing moves are banned
|clearpoke
|poke|p1|Tyranitar, F|
|poke|p1|Excadrill, M|
|poke|p1|Keldeo-Resolute|
|poke|p1|Tornadus-Therian, M|
|poke|p1|Heatran, M|
|poke|p1|Hydrapple, F|
|poke|p2|Hatterene, F|
|poke|p2|Sunflora, M|
|poke|p2|Diancie|
|poke|p2|Greedent, M|
|poke|p2|Cresselia, F|
|poke|p2|Kingambit, M|
|teampreview
|
|t:|1760432068
|teamsize|p1|6
|teamsize|p2|6
|start
|switch|p1a: Tyranitar|Tyranitar, F|100/100
|switch|p2a: Zizi rose|Hatterene, F|100/100
|-weather|Sandstorm|[from] ability: Sand Stream|[of] p1a: Tyranitar
|turn|1
|
|t:|1760432075
|move|p1a: Tyranitar|Knock Off|p2a: Zizi rose
|-damage|p2a: Zizi rose|1/100
|-enditem|p2a: Zizi rose|Focus Sash|[from] move: Knock Off|[of] p1a: Tyranitar
|move|p2a: Zizi rose|Trick Room|p2a: Zizi rose
|-fieldstart|move: Trick Room|[of] p2a: Zizi rose
|
|-weather|Sandstorm|[upkeep]
|-damage|p2a: Zizi rose|0 fnt|[from] Sandstorm
|faint|p2a: Zizi rose
|upkeep
|
|t:|1760432082
|switch|p2a: Bijou ali express|Diancie|100/100
|turn|2
|
|t:|1760432087
|switch|p1a: Heatran|Heatran, M|100/100
|move|p2a: Bijou ali express|Body Press|p1a: Heatran
|-supereffective|p1a: Heatran
|-damage|p1a: Heatran|44/100
|
|-weather|Sandstorm|[upkeep]
|-heal|p1a: Heatran|50/100|[from] item: Leftovers
|upkeep
|turn|3
|
|t:|1760432097
|switch|p1a: Tornadus|Tornadus-Therian, M|100/100
|move|p2a: Bijou ali express|Body Press|p1a: Tornadus
|-resisted|p1a: Tornadus
|-damage|p1a: Tornadus|83/100
|
|-weather|Sandstorm|[upkeep]
|-damage|p1a: Tornadus|77/100|[from] Sandstorm
|upkeep
|turn|4
|
|t:|1760432107
|move|p2a: Bijou ali express|Diamond Storm|p1a: Tornadus
|-supereffective|p1a: Tornadus
|-crit|p1a: Tornadus
|-damage|p1a: Tornadus|0 fnt
|faint|p1a: Tornadus
|
|-weather|Sandstorm|[upkeep]
|upkeep
|
|t:|1760432114
|switch|p1a: Hydrapple|Hydrapple, F|100/100
|turn|5
|
|t:|1760432120
|-terastallize|p1a: Hydrapple|Fairy
|move|p2a: Bijou ali express|Body Press|p1a: Hydrapple
|-resisted|p1a: Hydrapple
|-damage|p1a: Hydrapple|91/100
|-damage|p2a: Bijou ali express|84/100|[from] item: Rocky Helmet|[of] p1a: Hydrapple
|move|p1a: Hydrapple|Nasty Plot|p1a: Hydrapple
|-boost|p1a: Hydrapple|spa|2
|
|-weather|none
|-heal|p2a: Bijou ali express|90/100|[from] item: Leftovers
|-fieldend|move: Trick Room
|upkeep
|turn|6
|
|t:|1760432129
|move|p1a: Hydrapple|Giga Drain|p2a: Bijou ali express
|-supereffective|p2a: Bijou ali express
|-damage|p2a: Bijou ali express|0 fnt
|-heal|p1a: Hydrapple|100/100|[from] drain|[of] p2a: Bijou ali express
|faint|p2a: Bijou ali express
|
|upkeep
|
|t:|1760432134
|switch|p2a: Banane|Cresselia, F|100/100
|turn|7
|
|t:|1760432138
|move|p1a: Hydrapple|Fickle Beam|p2a: Banane
|-damage|p2a: Banane|68/100
|move|p2a: Banane|Trick Room|p2a: Banane
|-fieldstart|move: Trick Room|[of] p2a: Banane
|
|upkeep
|turn|8
|
|t:|1760432144
|switch|p2a: Machine de guerre|Sunflora, M|100/100
|move|p1a: Hydrapple|Fickle Beam|p2a: Machine de guerre
|-crit|p2a: Machine de guerre
|-damage|p2a: Machine de guerre|0 fnt
|faint|p2a: Machine de guerre
|
|upkeep
|
|t:|1760432151
|switch|p2a: Zoro|Kingambit, M|100/100
|-activate|p2a: Zoro|ability: Supreme Overlord
|-start|p2a: Zoro|fallen3|[silent]
|turn|9
|
|t:|1760432165
|switch|p1a: Excadrill|Excadrill, M|100/100
|-item|p1a: Excadrill|Air Balloon
|move|p2a: Zoro|Iron Head|p1a: Excadrill
|-resisted|p1a: Excadrill
|-damage|p1a: Excadrill|57/100
|-enditem|p1a: Excadrill|Air Balloon
|
|upkeep
|turn|10
|
|t:|1760432175
|move|p2a: Zoro|Kowtow Cleave|p1a: Excadrill
|-damage|p1a: Excadrill|0 fnt
|faint|p1a: Excadrill
|
|upkeep
|
|t:|1760432183
|switch|p1a: Keldeo|Keldeo-Resolute|100/100
|turn|11
|
|t:|1760432188
|-end|p2a: Zoro|fallen3|[silent]
|switch|p2a: Banane|Cresselia, F|68/100
|move|p1a: Keldeo|Vacuum Wave|p2a: Banane
|-resisted|p2a: Banane
|-damage|p2a: Banane|60/100
|
|-fieldend|move: Trick Room
|upkeep
|turn|12
|
|t:|1760432201
|switch|p1a: Tyranitar|Tyranitar, F|100/100
|-weather|Sandstorm|[from] ability: Sand Stream|[of] p1a: Tyranitar
|move|p2a: Banane|Trick Room|p2a: Banane
|-fieldstart|move: Trick Room|[of] p2a: Banane
|
|-weather|Sandstorm|[upkeep]
|-damage|p2a: Banane|54/100|[from] Sandstorm
|upkeep
|turn|13
|
|t:|1760432208
|switch|p2a: Zoro|Kingambit, M|100/100
|-activate|p2a: Zoro|ability: Supreme Overlord
|-start|p2a: Zoro|fallen3|[silent]
|move|p1a: Tyranitar|Knock Off|p2a: Zoro
|-resisted|p2a: Zoro
|-damage|p2a: Zoro|69/100
|-enditem|p2a: Zoro|Leftovers|[from] move: Knock Off|[of] p1a: Tyranitar
|
|-weather|Sandstorm|[upkeep]
|upkeep
|turn|14
|
|t:|1760432219
|switch|p1a: Keldeo|Keldeo-Resolute|100/100
|move|p2a: Zoro|Swords Dance|p2a: Zoro
|-boost|p2a: Zoro|atk|2
|
|-weather|Sandstorm|[upkeep]
|-damage|p1a: Keldeo|94/100|[from] Sandstorm
|upkeep
|turn|15
|
|t:|1760432227
|-terastallize|p2a: Zoro|Flying
|move|p2a: Zoro|Iron Head|p1a: Keldeo
|-resisted|p1a: Keldeo
|-damage|p1a: Keldeo|19/100
|cant|p1a: Keldeo|flinch
|
|-weather|Sandstorm|[upkeep]
|-damage|p2a: Zoro|63/100|[from] Sandstorm
|-damage|p1a: Keldeo|13/100|[from] Sandstorm
|upkeep
|turn|16
|
|t:|1760432234
|move|p2a: Zoro|Kowtow Cleave|p1a: Keldeo
|-resisted|p1a: Keldeo
|-damage|p1a: Keldeo|0 fnt
|faint|p1a: Keldeo
|
|-weather|none
|-fieldend|move: Trick Room
|upkeep
|
|t:|1760432240
|switch|p1a: Hydrapple|Hydrapple, F, tera:Fairy|100/100
|turn|17
|
|t:|1760432245
|move|p2a: Zoro|Iron Head|p1a: Hydrapple
|-supereffective|p1a: Hydrapple
|-damage|p1a: Hydrapple|0 fnt
|-damage|p2a: Zoro|47/100|[from] item: Rocky Helmet|[of] p1a: Hydrapple
|faint|p1a: Hydrapple
|
|upkeep
|-message|Raclette73 forfeited.
|
|win|pekashew64
|raw|Raclette73's rating: 1290 &rarr; <strong>1263</strong><br />(-27 for losing)
|raw|pekashew64's rating: 1266 &rarr; <strong>1293</strong><br />(+27 for winning)
|l|☆Raclette73
|player|p1|
|l|☆pekashew64
|player|p2|
