|j|☆LamarTDB1
|j|☆PokeSD1037 ttv
|t:|1760320633
|gametype|singles
|player|p1|LamarTDB1|101|1123
|player|p2|PokeSD1037 ttv|giovanni|1153
|gen|9
|tier|[Gen 9] OU
|rated|
|rule|HP Percentage Mod: HP is shown in percentages
|rule|Endless Battle Clause: Forcing endless battles is banned
|rule|Species Clause: Limit one of each Pokémon
|rule|OHKO Clause: OHKO moves are banned
|rule|Evasion Items Clause: Evasion items are banned
|rule|Evasion Moves Clause: Evasion moves are banned
|rule|Evasion Abilities Clause: Evasion abilities are banned
|rule|Sleep Moves Clause: Sleep-inducing moves are banned
|clearpoke
|poke|p1|Dragapult, M|
|poke|p1|Empoleon, F|
|poke|p1|Torterra, M|
|poke|p1|Arcanine-Hisui, M|
|poke|p1|Sableye, M|
|poke|p1|Slowking-Galar, M|
|poke|p2|Azelf|
|poke|p2|Iron Valiant|
|poke|p2|Great Tusk|
|poke|p2|Ogerpon-Wellspring, F|
|poke|p2|Alomomola, F|
|poke|p2|Kingambit, M|
|teampreview
|inactive|Battle timer is ON: inactive players will automatically lose when time's up. (requested by PokeSD1037 ttv)
|inactive|LamarTDB1 also wants the timer to be on.
|inactive|LamarTDB1 has 120 seconds left.
|
|t:|1760320693
|teamsize|p1|6
|teamsize|p2|6
|start
|switch|p1a: Empoleon|Empoleon, F|100/100
|switch|p2a: My Main Goal...|Azelf|100/100
|turn|1
|
|t:|1760320701
|move|p2a: My Main Goal...|Taunt|p1a: Empoleon
|-start|p1a: Empoleon|move: Taunt
|cant|p1a: Empoleon|move: Taunt|Stealth Rock
|
|upkeep
|turn|2
|
|t:|1760320704
|move|p2a: My Main Goal...|Stealth Rock|p1a: Empoleon
|-sidestart|p1: LamarTDB1|move: Stealth Rock
|move|p1a: Empoleon|Flip Turn|p2a: My Main Goal...
|-damage|p2a: My Main Goal...|74/100
|
|t:|1760320712
|switch|p1a: Sableye|Sableye, M|100/100|[from] Flip Turn
|-damage|p1a: Sableye|88/100|[from] Stealth Rock
|
|upkeep
|turn|3
|
|t:|1760320717
|move|p1a: Sableye|Thunder Wave|p2a: My Main Goal...
|-status|p2a: My Main Goal...|par
|move|p2a: My Main Goal...|U-turn|p1a: Sableye
|-damage|p1a: Sableye|52/100
|
|t:|1760320724
|switch|p2a: Iron Gender|Iron Valiant|100/100|[from] U-turn
|-enditem|p2a: Iron Gender|Booster Energy
|-activate|p2a: Iron Gender|ability: Quark Drive|[fromitem]
|-start|p2a: Iron Gender|quarkdrivespe
|
|upkeep
|turn|4
|
|t:|1760320727
|-terastallize|p2a: Iron Gender|Electric
|move|p1a: Sableye|Thunder Wave|p2a: Iron Gender
|-immune|p2a: Iron Gender
|move|p2a: Iron Gender|Calm Mind|p2a: Iron Gender
|-boost|p2a: Iron Gender|spa|1
|-boost|p2a: Iron Gender|spd|1
|
|upkeep
|turn|5
|
|t:|1760320734
|move|p1a: Sableye|Encore|p2a: Iron Gender
|-start|p2a: Iron Gender|Encore
|move|p2a: Iron Gender|Calm Mind|p2a: Iron Gender
|-boost|p2a: Iron Gender|spa|1
|-boost|p2a: Iron Gender|spd|1
|
|upkeep
|turn|6
|
|t:|1760320747
|switch|p1a: Slowking|Slowking-Galar, M|100/100
|-damage|p1a: Slowking|88/100|[from] Stealth Rock
|move|p2a: Iron Gender|Calm Mind|p2a: Iron Gender
|-boost|p2a: Iron Gender|spa|1
|-boost|p2a: Iron Gender|spd|1
|
|upkeep
|turn|7
|
|t:|1760320754
|move|p2a: Iron Gender|Calm Mind|p2a: Iron Gender
|-boost|p2a: Iron Gender|spa|1
|-boost|p2a: Iron Gender|spd|1
|move|p1a: Slowking|Future Sight|p2a: Iron Gender
|-start|p1a: Slowking|move: Future Sight
|
|-end|p2a: Iron Gender|Encore
|upkeep
|turn|8
|
|t:|1760320759
|move|p2a: Iron Gender|Thunderbolt|p1a: Slowking
|-crit|p1a: Slowking
|-damage|p1a: Slowking|0 fnt
|faint|p1a: Slowking
|
|upkeep
|
|t:|1760320769
|switch|p1a: Sableye|Sableye, M|52/100
|-damage|p1a: Sableye|40/100|[from] Stealth Rock
|turn|9
|
|t:|1760320772
|move|p1a: Sableye|Encore|p2a: Iron Gender
|-start|p2a: Iron Gender|Encore
|move|p2a: Iron Gender|Thunderbolt|p1a: Sableye
|-damage|p1a: Sableye|0 fnt
|faint|p1a: Sableye
|
|-end|p2a: Iron Gender|move: Future Sight
|-damage|p2a: Iron Gender|64/100
|upkeep
|
|t:|1760320775
|switch|p1a: Torterra|Torterra, M|100/100
|-damage|p1a: Torterra|94/100|[from] Stealth Rock
|turn|10
|
|t:|1760320779
|move|p2a: Iron Gender|Thunderbolt|p1a: Torterra
|-immune|p1a: Torterra
|move|p1a: Torterra|Shell Smash|p1a: Torterra
|-unboost|p1a: Torterra|def|1
|-unboost|p1a: Torterra|spd|1
|-boost|p1a: Torterra|atk|2
|-boost|p1a: Torterra|spa|2
|-boost|p1a: Torterra|spe|2
|-enditem|p1a: Torterra|White Herb
|-clearnegativeboost|p1a: Torterra|[silent]
|
|upkeep
|turn|11
|
|t:|1760320783
|move|p2a: Iron Gender|Thunderbolt|p1a: Torterra
|-immune|p1a: Torterra
|move|p1a: Torterra|Headlong Rush|p2a: Iron Gender
|-supereffective|p2a: Iron Gender
|-damage|p2a: Iron Gender|0 fnt
|-unboost|p1a: Torterra|def|1
|-unboost|p1a: Torterra|spd|1
|faint|p2a: Iron Gender
|-end|p2a: Iron Gender|Quark Drive|[silent]
|
|upkeep
|
|t:|1760320787
|switch|p2a: My Main Goal...|Azelf|74/100 par
|turn|12
|
|t:|1760320793
|move|p1a: Torterra|Headlong Rush|p2a: My Main Goal...
|-immune|p2a: My Main Goal...|[from] ability: Levitate
|cant|p2a: My Main Goal...|par
|
|upkeep
|turn|13
|
|t:|1760320798
|move|p1a: Torterra|Iron Head|p2a: My Main Goal...
|-damage|p2a: My Main Goal...|0 fnt
|faint|p2a: My Main Goal...
|
|upkeep
|
|t:|1760320807
|switch|p2a: Half Mastidon|Great Tusk|100/100
|-enditem|p2a: Half Mastidon|Booster Energy
|-activate|p2a: Half Mastidon|ability: Protosynthesis|[fromitem]
|-start|p2a: Half Mastidon|protosynthesisspe
|turn|14
|
|t:|1760320812
|move|p2a: Half Mastidon|Ice Spinner|p1a: Torterra
|-supereffective|p1a: Torterra
|-damage|p1a: Torterra|0 fnt
|faint|p1a: Torterra
|
|upkeep
|
|t:|1760320816
|switch|p1a: Empoleon|Empoleon, F|100/100
|-damage|p1a: Empoleon|94/100|[from] Stealth Rock
|turn|15
|
|t:|1760320821
|-terastallize|p1a: Empoleon|Water
|move|p2a: Half Mastidon|Headlong Rush|p1a: Empoleon
|-damage|p1a: Empoleon|39/100
|-unboost|p2a: Half Mastidon|def|1
|-unboost|p2a: Half Mastidon|spd|1
|move|p1a: Empoleon|Flip Turn|p2a: Half Mastidon
|-supereffective|p2a: Half Mastidon
|-damage|p2a: Half Mastidon|57/100
|
|t:|1760320832
|switch|p1a: Arcanine|Arcanine-Hisui, M|100/100|[from] Flip Turn
|-damage|p1a: Arcanine|76/100|[from] Stealth Rock
|-item|p1a: Arcanine|Air Balloon
|
|upkeep
|turn|16
|
|t:|1760320838
|-end|p2a: Half Mastidon|Protosynthesis|[silent]
|switch|p2a: Alomomola|Alomomola, F|100/100
|move|p1a: Arcanine|Extreme Speed|p2a: Alomomola
|-damage|p2a: Alomomola|86/100
|-damage|p1a: Arcanine|59/100|[from] item: Rocky Helmet|[of] p2a: Alomomola
|
|upkeep
|turn|17
|
|t:|1760320842
|move|p1a: Arcanine|Head Smash|p2a: Alomomola|[miss]
|-miss|p1a: Arcanine|p2a: Alomomola
|move|p2a: Alomomola|Flip Turn|p1a: Arcanine
|-supereffective|p1a: Arcanine
|-damage|p1a: Arcanine|0 fnt
|-enditem|p1a: Arcanine|Air Balloon
|faint|p1a: Arcanine
|
|t:|1760320845
|switch|p2a: Half Mastidon|Great Tusk|57/100|[from] Flip Turn
|
|upkeep
|
|t:|1760320848
|switch|p1a: Dragapult|Dragapult, M, shiny|100/100
|-damage|p1a: Dragapult|88/100|[from] Stealth Rock
|turn|18
|
|t:|1760320856
|move|p1a: Dragapult|Dragon Dance|p1a: Dragapult
|-boost|p1a: Dragapult|atk|1
|-boost|p1a: Dragapult|spe|1
|move|p2a: Half Mastidon|Knock Off|p1a: Dragapult
|-supereffective|p1a: Dragapult
|-damage|p1a: Dragapult|12/100
|-enditem|p1a: Dragapult|Leftovers|[from] move: Knock Off|[of] p2a: Half Mastidon
|
|upkeep
|turn|19
|
|t:|1760320860
|move|p1a: Dragapult|Dragon Darts|p2a: Half Mastidon
|-damage|p2a: Half Mastidon|32/100
|-anim|p1a: Dragapult|Dragon Darts|p2a: Half Mastidon
|-damage|p2a: Half Mastidon|7/100
|move|p2a: Half Mastidon|Knock Off|p1a: Dragapult
|-supereffective|p1a: Dragapult
|-damage|p1a: Dragapult|0 fnt
|faint|p1a: Dragapult
|
|upkeep
|
|t:|1760320866
|switch|p1a: Empoleon|Empoleon, F, tera:Water|39/100
|-damage|p1a: Empoleon|26/100|[from] Stealth Rock
|turn|20
|-message|LamarTDB1 forfeited.
|
|win|PokeSD1037 ttv
|raw|LamarTDB1's rating: 1123 &rarr; <strong>1100</strong><br />(-23 for losing)
|raw|PokeSD1037 ttv's rating: 1153 &rarr; <strong>1176</strong><br />(+23 for winning)
|l|☆LamarTDB1
|player|p1|
