|j|☆torvik en place
|j|☆clodsirebiggestfan
|t:|1760367417
|gametype|singles
|player|p1|torvik en place|gambler|1801
|player|p2|clodsirebiggestfan|miku-ghost|1716
|gen|9
|tier|[Gen 9] OU
|rated|
|rule|HP Percentage Mod: HP is shown in percentages
|rule|Endless Battle Clause: Forcing endless battles is banned
|rule|Species Clause: Limit one of each Pokémon
|rule|OHKO Clause: OHKO moves are banned
|rule|Evasion Items Clause: Evasion items are banned
|rule|Evasion Moves Clause: Evasion moves are banned
|rule|Evasion Abilities Clause: Evasion abilities are banned
|rule|Sleep Moves Clause: Sleep-inducing moves are banned
|clearpoke
|poke|p1|Garchomp, F|
|poke|p1|Rillaboom, F|
|poke|p1|Iron Crown|
|poke|p1|Darkrai|
|poke|p1|Hatterene, F|
|poke|p1|Alomomola, F|
|poke|p2|Kingambit, M|
|poke|p2|Clodsire, F|
|poke|p2|Zamazenta-*|
|poke|p2|Weezing-Galar, F|
|poke|p2|Ogerpon, F|
|poke|p2|Raging Bolt|
|teampreview
|j| deadbyflinch
|
|t:|1760367459
|teamsize|p1|6
|teamsize|p2|6
|start
|switch|p1a: Garchomp|Garchomp, F|100/100
|switch|p2a: Ogerpon|Ogerpon, F|100/100
|turn|1
|
|t:|1760367462
|-terastallize|p2a: Ogerpon|Grass
|detailschange|p2a: Ogerpon|Ogerpon-Teal-Tera, F, tera:Grass
|-ability|p2a: Ogerpon|Embody Aspect (Teal)|boost
|-boost|p2a: Ogerpon|spe|1
|move|p2a: Ogerpon|Ivy Cudgel|p1a: Garchomp
|-damage|p1a: Garchomp|36/100
|move|p1a: Garchomp|Spikes|p2a: Ogerpon
|-sidestart|p2: clodsirebiggestfan|Spikes
|
|upkeep
|turn|2
|c|☆clodsirebiggestfan|ivy doesnt make contact
|
|t:|1760367483
|move|p2a: Ogerpon|Ivy Cudgel|p1a: Garchomp
|-damage|p1a: Garchomp|0 fnt
|faint|p1a: Garchomp
|
|upkeep
|c|☆clodsirebiggestfan|this mon is stupid ik
|
|t:|1760367489
|switch|p1a: Hatterene|Hatterene, F|100/100
|turn|3
|
|t:|1760367496
|switch|p2a: Clodsire|Clodsire, F|100/100
|move|p1a: Hatterene|Nuzzle|p2a: Clodsire
|-immune|p2a: Clodsire
|
|upkeep
|turn|4
|
|t:|1760367513
|move|p1a: Hatterene|Psychic Noise|p2a: Clodsire
|-supereffective|p2a: Clodsire
|-damage|p2a: Clodsire|61/100
|-start|p2a: Clodsire|move: Heal Block
|move|p2a: Clodsire|Earthquake|p1a: Hatterene
|-damage|p1a: Hatterene|76/100
|
|-heal|p1a: Hatterene|82/100|[from] item: Leftovers
|upkeep
|turn|5
|
|t:|1760367520
|move|p1a: Hatterene|Psychic Noise|p2a: Clodsire
|-supereffective|p2a: Clodsire
|-damage|p2a: Clodsire|23/100
|move|p2a: Clodsire|Earthquake|p1a: Hatterene
|-damage|p1a: Hatterene|61/100
|
|-heal|p1a: Hatterene|67/100|[from] item: Leftovers
|-end|p2a: Clodsire|move: Heal Block
|upkeep
|turn|6
|
|t:|1760367526
|move|p1a: Hatterene|Psychic Noise|p2a: Clodsire
|-supereffective|p2a: Clodsire
|-damage|p2a: Clodsire|0 fnt
|faint|p2a: Clodsire
|
|-heal|p1a: Hatterene|73/100|[from] item: Leftovers
|upkeep
|c|☆clodsirebiggestfan|wow thats rlly silly
|c|☆clodsirebiggestfan|lefties takes you out of my range
|
|t:|1760367540
|switch|p2a: Kingambit|Kingambit, M|100/100
|-damage|p2a: Kingambit|88/100|[from] Spikes
|-activate|p2a: Kingambit|ability: Supreme Overlord
|-start|p2a: Kingambit|fallen1|[silent]
|turn|7
|
|t:|1760367549
|switch|p1a: Darkrai|Darkrai|100/100
|move|p2a: Kingambit|Swords Dance|p2a: Kingambit
|-boost|p2a: Kingambit|atk|2
|
|-heal|p2a: Kingambit|94/100|[from] item: Leftovers
|upkeep
|turn|8
|
|t:|1760367553
|move|p1a: Darkrai|Will-O-Wisp|p2a: Kingambit|[miss]
|-miss|p1a: Darkrai|p2a: Kingambit
|move|p2a: Kingambit|Iron Head|p1a: Darkrai
|-damage|p1a: Darkrai|0 fnt
|faint|p1a: Darkrai
|
|-heal|p2a: Kingambit|100/100|[from] item: Leftovers
|upkeep
|c|☆clodsirebiggestfan|srry
|-message|torvik en place forfeited.
|
|win|clodsirebiggestfan
|raw|torvik en place's rating: 1801 &rarr; <strong>1776</strong><br />(-25 for losing)
|raw|clodsirebiggestfan's rating: 1716 &rarr; <strong>1741</strong><br />(+25 for winning)
|l|☆torvik en place
|player|p1|
|c|☆clodsirebiggestfan|gg
|l|☆clodsirebiggestfan
|player|p2|
|l| deadbyflinch
