|badge|p1|bronze|gen9ubers|100-7
|uhtml|medal-msg|<div class="broadcast-blue">Curious what those medals under the avatar are? PS now has Ladder Seasons! For more information, check out the <a href="https://www.smogon.com/forums/threads/3740067/">thread on Smogon.</a></div>
|j|☆Nikator98
|j|☆1shy9
|t:|1760385778
|gametype|singles
|player|p1|Nikator98|giovanni|1660
|player|p2|1shy9|acetrainerf-gen4|1721
|gen|9
|tier|[Gen 9] OU
|rated|
|rule|HP Percentage Mod: HP is shown in percentages
|rule|Endless Battle Clause: Forcing endless battles is banned
|rule|Species Clause: Limit one of each Pokémon
|rule|OHKO Clause: OHKO moves are banned
|rule|Evasion Items Clause: Evasion items are banned
|rule|Evasion Moves Clause: Evasion moves are banned
|rule|Evasion Abilities Clause: Evasion abilities are banned
|rule|Sleep Moves Clause: Sleep-inducing moves are banned
|clearpoke
|poke|p1|Metagross|
|poke|p1|Great Tusk|
|poke|p1|Haxorus, M|
|poke|p1|Iron Moth|
|poke|p1|Zoroark-Hisui, M|
|poke|p1|Ninetales-Alola, F|
|poke|p2|Iron Moth|
|poke|p2|Gholdengo|
|poke|p2|Great Tusk|
|poke|p2|Zamazenta-*|
|poke|p2|Dragonite, M|
|poke|p2|Kyurem|
|teampreview
|
|t:|1760385789
|teamsize|p1|6
|teamsize|p2|6
|start
|switch|p1a: Arquillian Sentry|Metagross|100/100
|switch|p2a: Gholdengo|Gholdengo|100/100
|turn|1
|inactive|Battle timer is ON: inactive players will automatically lose when time's up. (requested by Nikator98)
|j| Kyurem
|
|t:|1760385800
|switch|p1a: Arquillian Sentry|Metagross|100/100
|move|p2a: Gholdengo|Shadow Ball|p1a: Arquillian Sentry
|-immune|p1a: Arquillian Sentry
|
|upkeep
|turn|2
|
|t:|1760385817
|switch|p2a: Dragonite|Dragonite, M|100/100
|move|p1a: Arquillian Sentry|Bitter Malice|p2a: Dragonite
|-damage|p2a: Dragonite|69/100
|-unboost|p2a: Dragonite|atk|1
|
|upkeep
|turn|3
|
|t:|1760385825
|move|p1a: Arquillian Sentry|Bitter Malice|p2a: Dragonite
|-damage|p2a: Dragonite|13/100
|-unboost|p2a: Dragonite|atk|1
|move|p2a: Dragonite|Earthquake|p1a: Arquillian Sentry
|-damage|p1a: Arquillian Sentry|61/100
|replace|p1a: Van Helsing|Zoroark-Hisui, M, shiny
|-end|p1a: Van Helsing|Illusion
|
|upkeep
|turn|4
|
|t:|1760385834
|move|p1a: Van Helsing|Bitter Malice|p2a: Dragonite
|-damage|p2a: Dragonite|0 fnt
|faint|p2a: Dragonite
|
|upkeep
|
|t:|1760385836
|switch|p2a: Iron Moth|Iron Moth|100/100
|-enditem|p2a: Iron Moth|Booster Energy
|-activate|p2a: Iron Moth|ability: Quark Drive|[fromitem]
|-start|p2a: Iron Moth|quarkdrivespe
|turn|5
|
|t:|1760385843
|switch|p1a: Arquillian Sentry|Metagross|100/100
|move|p2a: Iron Moth|Fiery Dance|p1a: Arquillian Sentry
|-supereffective|p1a: Arquillian Sentry
|-damage|p1a: Arquillian Sentry|7/100
|
|upkeep
|turn|6
|-enditem|p1a: Arquillian Sentry|Custap Berry|[eat]
|-activate|p1a: Arquillian Sentry|item: Custap Berry|[consumed]
|
|t:|1760385849
|move|p1a: Arquillian Sentry|Psychic Fangs|p2a: Iron Moth
|-supereffective|p2a: Iron Moth
|-crit|p2a: Iron Moth
|-damage|p2a: Iron Moth|0 fnt
|faint|p2a: Iron Moth
|-end|p2a: Iron Moth|Quark Drive|[silent]
|
|upkeep
|
|t:|1760385864
|switch|p2a: Zamazenta|Zamazenta|100/100
|-ability|p2a: Zamazenta|Dauntless Shield|boost
|-boost|p2a: Zamazenta|def|1
|turn|7
|
|t:|1760385868
|move|p2a: Zamazenta|Iron Defense|p2a: Zamazenta
|-boost|p2a: Zamazenta|def|2
|move|p1a: Arquillian Sentry|Explosion|p2a: Zamazenta
|-damage|p2a: Zamazenta|68/100
|faint|p1a: Arquillian Sentry
|
|-heal|p2a: Zamazenta|74/100|[from] item: Leftovers
|upkeep
|
|t:|1760385879
|switch|p1a: Gothmog|Iron Moth|100/100
|-enditem|p1a: Gothmog|Booster Energy
|-activate|p1a: Gothmog|ability: Quark Drive|[fromitem]
|-start|p1a: Gothmog|quarkdrivespe
|turn|8
|
|t:|1760385884
|move|p1a: Gothmog|Fiery Dance|p2a: Zamazenta
|-damage|p2a: Zamazenta|38/100
|move|p2a: Zamazenta|Stone Edge|p1a: Gothmog
|-supereffective|p1a: Gothmog
|-damage|p1a: Gothmog|20/100
|
|-heal|p2a: Zamazenta|44/100|[from] item: Leftovers
|upkeep
|turn|9
|
|t:|1760385891
|move|p1a: Gothmog|Sludge Wave|p2a: Zamazenta
|-damage|p2a: Zamazenta|0 fnt
|faint|p2a: Zamazenta
|
|upkeep
|
|t:|1760385909
|switch|p2a: Great Tusk|Great Tusk|100/100
|turn|10
|
|t:|1760385920
|move|p1a: Gothmog|Energy Ball|p2a: Great Tusk
|-supereffective|p2a: Great Tusk
|-damage|p2a: Great Tusk|8/100
|move|p2a: Great Tusk|Rapid Spin|p1a: Gothmog
|-damage|p1a: Gothmog|0 fnt
|-boost|p2a: Great Tusk|spe|1
|faint|p1a: Gothmog
|-end|p1a: Gothmog|Quark Drive|[silent]
|
|upkeep
|
|t:|1760385934
|switch|p1a: Asfaloth|Ninetales-Alola, F, shiny|100/100
|-weather|Snowscape|[from] ability: Snow Warning|[of] p1a: Asfaloth
|turn|11
|
|t:|1760385938
|move|p2a: Great Tusk|Headlong Rush|p1a: Asfaloth
|-damage|p1a: Asfaloth|42/100
|-unboost|p2a: Great Tusk|def|1
|-unboost|p2a: Great Tusk|spd|1
|move|p1a: Asfaloth|Aurora Veil|p1a: Asfaloth
|-sidestart|p1: Nikator98|move: Aurora Veil
|
|-weather|Snowscape|[upkeep]
|upkeep
|turn|12
|
|t:|1760385945
|move|p2a: Great Tusk|Stealth Rock|p1a: Asfaloth
|-sidestart|p1: Nikator98|move: Stealth Rock
|move|p1a: Asfaloth|Moonblast|p2a: Great Tusk
|-supereffective|p2a: Great Tusk
|-damage|p2a: Great Tusk|0 fnt
|faint|p2a: Great Tusk
|-end|p2a: Great Tusk|Protosynthesis|[silent]
|
|-weather|Snowscape|[upkeep]
|upkeep
|inactive|1shy9 has 120 seconds left.
|
|t:|1760385976
|switch|p2a: Gholdengo|Gholdengo|100/100
|turn|13
|
|t:|1760385982
|move|p2a: Gholdengo|Trick|p1a: Asfaloth
|-activate|p2a: Gholdengo|move: Trick|[of] p1a: Asfaloth
|-item|p1a: Asfaloth|Choice Scarf|[from] move: Trick
|-item|p2a: Gholdengo|Light Clay|[from] move: Trick
|move|p1a: Asfaloth|Moonblast|p2a: Gholdengo
|-resisted|p2a: Gholdengo
|-damage|p2a: Gholdengo|81/100
|-unboost|p2a: Gholdengo|spa|1
|
|-weather|Snowscape|[upkeep]
|upkeep
|turn|14
|inactive|1shy9 has 120 seconds left.
|
|t:|1760386010
|move|p1a: Asfaloth|Moonblast|p2a: Gholdengo
|-resisted|p2a: Gholdengo
|-damage|p2a: Gholdengo|63/100
|move|p2a: Gholdengo|Recover|p2a: Gholdengo
|-heal|p2a: Gholdengo|100/100
|
|-weather|Snowscape|[upkeep]
|upkeep
|turn|15
|
|t:|1760386021
|switch|p1a: Kumaryia|Great Tusk, shiny|100/100
|move|p2a: Gholdengo|Make It Rain|p1a: Kumaryia
|-damage|p1a: Kumaryia|66/100
|-unboost|p2a: Gholdengo|spa|1
|
|-weather|none
|upkeep
|turn|16
|
|t:|1760386029
|move|p1a: Kumaryia|Knock Off|p2a: Gholdengo
|-supereffective|p2a: Gholdengo
|-damage|p2a: Gholdengo|17/100
|-enditem|p2a: Gholdengo|Light Clay|[from] move: Knock Off|[of] p1a: Kumaryia
|move|p2a: Gholdengo|Make It Rain|p1a: Kumaryia
|-damage|p1a: Kumaryia|42/100
|-unboost|p2a: Gholdengo|spa|1
|
|upkeep
|turn|17
|
|t:|1760386038
|move|p1a: Kumaryia|Knock Off|p2a: Gholdengo
|-supereffective|p2a: Gholdengo
|-damage|p2a: Gholdengo|0 fnt
|faint|p2a: Gholdengo
|
|upkeep
|
|t:|1760386040
|switch|p2a: Kyurem|Kyurem|100/100
|-ability|p2a: Kyurem|Pressure
|turn|18
|
|t:|1760386045
|move|p2a: Kyurem|Dragon Dance|p2a: Kyurem
|-boost|p2a: Kyurem|atk|1
|-boost|p2a: Kyurem|spe|1
|move|p1a: Kumaryia|Knock Off|p2a: Kyurem
|-damage|p2a: Kyurem|70/100
|-enditem|p2a: Kyurem|Loaded Dice|[from] move: Knock Off|[of] p1a: Kumaryia
|
|-sideend|p1: Nikator98|move: Aurora Veil
|upkeep
|turn|19
|
|t:|1760386055
|move|p2a: Kyurem|Dragon Dance|p2a: Kyurem
|-boost|p2a: Kyurem|atk|1
|-boost|p2a: Kyurem|spe|1
|move|p1a: Kumaryia|Rapid Spin|p2a: Kyurem
|-damage|p2a: Kyurem|52/100
|-boost|p1a: Kumaryia|spe|1
|-sideend|p1: Nikator98|Stealth Rock|[from] move: Rapid Spin|[of] p1a: Kumaryia
|
|upkeep
|turn|20
|
|t:|1760386071
|move|p2a: Kyurem|Icicle Spear|p1a: Kumaryia
|-supereffective|p1a: Kumaryia
|-damage|p1a: Kumaryia|11/100
|-supereffective|p1a: Kumaryia
|-damage|p1a: Kumaryia|0 fnt
|faint|p1a: Kumaryia
|-end|p1a: Kumaryia|Protosynthesis|[silent]
|-hitcount|p1: Kumaryia|2
|
|upkeep
|
|t:|1760386080
|switch|p1a: Asfaloth|Ninetales-Alola, F, shiny|42/100
|-weather|Snowscape|[from] ability: Snow Warning|[of] p1a: Asfaloth
|turn|21
|
|t:|1760386090
|-terastallize|p2a: Kyurem|Ice
|move|p2a: Kyurem|Icicle Spear|p1a: Asfaloth
|-resisted|p1a: Asfaloth
|-damage|p1a: Asfaloth|28/100
|-resisted|p1a: Asfaloth
|-damage|p1a: Asfaloth|16/100
|-resisted|p1a: Asfaloth
|-damage|p1a: Asfaloth|5/100
|-resisted|p1a: Asfaloth
|-damage|p1a: Asfaloth|0 fnt
|faint|p1a: Asfaloth
|-hitcount|p1: Asfaloth|4
|
|-weather|Snowscape|[upkeep]
|upkeep
|
|t:|1760386105
|switch|p1a: Lacelle|Haxorus, M|100/100
|-ability|p1a: Lacelle|Mold Breaker
|turn|22
|
|t:|1760386124
|-terastallize|p1a: Lacelle|Steel
|move|p2a: Kyurem|Earth Power|p1a: Lacelle
|-supereffective|p1a: Lacelle
|-damage|p1a: Lacelle|5/100
|move|p1a: Lacelle|Iron Head|p2a: Kyurem
|-supereffective|p2a: Kyurem
|-damage|p2a: Kyurem|0 fnt
|faint|p2a: Kyurem
|
|win|Nikator98
|raw|Nikator98's rating: 1660 &rarr; <strong>1683</strong><br />(+23 for winning)
|raw|1shy9's rating: 1721 &rarr; <strong>1698</strong><br />(-23 for losing)
|l|☆1shy9
|player|p2|
