|j|☆MODELIZE
|j|☆BIGFISHFISHH
|t:|1760332427
|gametype|singles
|player|p1|MODELIZE|pokemaniac|1138
|player|p2|BIGFISHFISHH|swimmer|1123
|gen|9
|tier|[Gen 9] OU
|rated|
|rule|HP Percentage Mod: HP is shown in percentages
|rule|Endless Battle Clause: Forcing endless battles is banned
|rule|Species Clause: Limit one of each Pokémon
|rule|OHKO Clause: OHKO moves are banned
|rule|Evasion Items Clause: Evasion items are banned
|rule|Evasion Moves Clause: Evasion moves are banned
|rule|Evasion Abilities Clause: Evasion abilities are banned
|rule|Sleep Moves Clause: Sleep-inducing moves are banned
|clearpoke
|poke|p1|Dondozo, F|
|poke|p1|Blissey, F|
|poke|p1|Corviknight, F|
|poke|p1|Weezing-Galar, M|
|poke|p1|Gliscor, F|
|poke|p1|Toxapex, M|
|poke|p2|Ribombee, F|
|poke|p2|Kommo-o, F|
|poke|p2|Volcanion|
|poke|p2|Thundurus, M|
|poke|p2|Abomasnow, F|
|poke|p2|Kingambit, M|
|teampreview
|
|t:|1760332430
|teamsize|p1|6
|teamsize|p2|6
|start
|switch|p1a: Gliscor|Gliscor, F|100/100
|switch|p2a: Ribombee|Ribombee, F|100/100
|turn|1
|
|t:|1760332438
|move|p2a: Ribombee|Sticky Web|p1a: Gliscor
|-sidestart|p1: MODELIZE|move: Sticky Web
|move|p1a: Gliscor|Toxic|p2a: Ribombee
|-status|p2a: Ribombee|tox
|
|-damage|p2a: Ribombee|94/100 tox|[from] psn
|-status|p1a: Gliscor|tox|[from] item: Toxic Orb
|upkeep
|turn|2
|
|t:|1760332447
|move|p2a: Ribombee|U-turn|p1a: Gliscor
|-resisted|p1a: Gliscor
|-damage|p1a: Gliscor|95/100 tox
|
|t:|1760332450
|switch|p2a: Abomasnow|Abomasnow, F|100/100|[from] U-turn
|-weather|Snowscape|[from] ability: Snow Warning|[of] p2a: Abomasnow
|move|p1a: Gliscor|Substitute|p1a: Gliscor
|-start|p1a: Gliscor|Substitute
|-damage|p1a: Gliscor|70/100 tox
|
|-weather|Snowscape|[upkeep]
|-heal|p1a: Gliscor|82/100 tox|[from] ability: Poison Heal
|upkeep
|turn|3
|
|t:|1760332459
|move|p1a: Gliscor|Protect|p1a: Gliscor
|-singleturn|p1a: Gliscor|Protect
|move|p2a: Abomasnow|Aurora Veil|p2a: Abomasnow
|-sidestart|p2: BIGFISHFISHH|move: Aurora Veil
|
|-weather|Snowscape|[upkeep]
|-heal|p1a: Gliscor|95/100 tox|[from] ability: Poison Heal
|upkeep
|turn|4
|
|t:|1760332467
|move|p1a: Gliscor|Toxic|p2a: Abomasnow
|-status|p2a: Abomasnow|tox
|move|p2a: Abomasnow|Giga Drain|p1a: Gliscor
|-end|p1a: Gliscor|Substitute
|
|-weather|Snowscape|[upkeep]
|-heal|p1a: Gliscor|100/100 tox|[from] ability: Poison Heal
|-damage|p2a: Abomasnow|94/100 tox|[from] psn
|upkeep
|turn|5
|
|t:|1760332481
|move|p1a: Gliscor|Substitute|p1a: Gliscor
|-start|p1a: Gliscor|Substitute
|-damage|p1a: Gliscor|75/100 tox
|move|p2a: Abomasnow|Blizzard|p1a: Gliscor
|-supereffective|p1a: Gliscor
|-end|p1a: Gliscor|Substitute
|
|-weather|Snowscape|[upkeep]
|-heal|p1a: Gliscor|88/100 tox|[from] ability: Poison Heal
|-damage|p2a: Abomasnow|82/100 tox|[from] psn
|upkeep
|turn|6
|
|t:|1760332490
|move|p1a: Gliscor|Protect|p1a: Gliscor
|-singleturn|p1a: Gliscor|Protect
|move|p2a: Abomasnow|Blizzard|p1a: Gliscor
|-activate|p1a: Gliscor|move: Protect
|
|-weather|none
|-heal|p1a: Gliscor|100/100 tox|[from] ability: Poison Heal
|-damage|p2a: Abomasnow|64/100 tox|[from] psn
|upkeep
|turn|7
|
|t:|1760332499
|move|p1a: Gliscor|Substitute|p1a: Gliscor
|-start|p1a: Gliscor|Substitute
|-damage|p1a: Gliscor|75/100 tox
|move|p2a: Abomasnow|Blizzard|p1a: Gliscor|[miss]
|-miss|p2a: Abomasnow|p1a: Gliscor
|
|-heal|p1a: Gliscor|88/100 tox|[from] ability: Poison Heal
|-damage|p2a: Abomasnow|40/100 tox|[from] psn
|-sideend|p2: BIGFISHFISHH|move: Aurora Veil
|upkeep
|turn|8
|
|t:|1760332513
|switch|p2a: Kommo-o|Kommo-o, F, shiny|100/100
|move|p1a: Gliscor|Protect||[still]
|-fail|p1a: Gliscor
|
|-heal|p1a: Gliscor|100/100 tox|[from] ability: Poison Heal
|upkeep
|turn|9
|
|t:|1760332520
|move|p2a: Kommo-o|Belly Drum|p2a: Kommo-o
|-damage|p2a: Kommo-o|51/100
|-setboost|p2a: Kommo-o|atk|6|[from] move: Belly Drum
|move|p1a: Gliscor|Toxic|p2a: Kommo-o
|-status|p2a: Kommo-o|tox
|
|-damage|p2a: Kommo-o|45/100 tox|[from] psn
|upkeep
|turn|10
|
|t:|1760332532
|switch|p2a: Kingambit|Kingambit, M, shiny|100/100
|move|p1a: Gliscor|Protect||[still]
|-fail|p1a: Gliscor
|
|upkeep
|turn|11
|
|t:|1760332547
|move|p1a: Gliscor|Toxic|p2a: Kingambit
|-immune|p2a: Kingambit
|move|p2a: Kingambit|Iron Head|p1a: Gliscor
|-end|p1a: Gliscor|Substitute
|
|upkeep
|turn|12
|
|t:|1760332560
|move|p2a: Kingambit|Sucker Punch|p1a: Gliscor
|-damage|p1a: Gliscor|58/100 tox
|move|p1a: Gliscor|Earthquake|p2a: Kingambit
|-supereffective|p2a: Kingambit
|-damage|p2a: Kingambit|53/100
|
|-heal|p1a: Gliscor|71/100 tox|[from] ability: Poison Heal
|upkeep
|turn|13
|
|t:|1760332569
|-end|p2a: Kingambit|fallenundefined|[silent]
|switch|p2a: Abomasnow|Abomasnow, F|40/100 tox
|-weather|Snowscape|[from] ability: Snow Warning|[of] p2a: Abomasnow
|move|p1a: Gliscor|Substitute|p1a: Gliscor
|-start|p1a: Gliscor|Substitute
|-damage|p1a: Gliscor|46/100 tox
|
|-weather|Snowscape|[upkeep]
|-heal|p1a: Gliscor|58/100 tox|[from] ability: Poison Heal
|-damage|p2a: Abomasnow|34/100 tox|[from] psn
|upkeep
|turn|14
|
|t:|1760332581
|move|p1a: Gliscor|Protect|p1a: Gliscor
|-singleturn|p1a: Gliscor|Protect
|move|p2a: Abomasnow|Giga Drain|p1a: Gliscor
|-activate|p1a: Gliscor|move: Protect
|
|-weather|Snowscape|[upkeep]
|-heal|p1a: Gliscor|71/100 tox|[from] ability: Poison Heal
|-damage|p2a: Abomasnow|22/100 tox|[from] psn
|upkeep
|turn|15
|
|t:|1760332594
|move|p1a: Gliscor|Earthquake|p2a: Abomasnow
|-resisted|p2a: Abomasnow
|-damage|p2a: Abomasnow|10/100 tox
|move|p2a: Abomasnow|Giga Drain|p1a: Gliscor
|-end|p1a: Gliscor|Substitute
|-heal|p2a: Abomasnow|22/100 tox|[from] drain|[of] p1a: Gliscor
|
|-weather|Snowscape|[upkeep]
|-heal|p1a: Gliscor|83/100 tox|[from] ability: Poison Heal
|-damage|p2a: Abomasnow|4/100 tox|[from] psn
|upkeep
|turn|16
|
|t:|1760332605
|move|p1a: Gliscor|Protect|p1a: Gliscor
|-singleturn|p1a: Gliscor|Protect
|move|p2a: Abomasnow|Giga Drain|p1a: Gliscor
|-activate|p1a: Gliscor|move: Protect
|
|-weather|Snowscape|[upkeep]
|-heal|p1a: Gliscor|96/100 tox|[from] ability: Poison Heal
|-damage|p2a: Abomasnow|0 fnt|[from] psn
|faint|p2a: Abomasnow
|upkeep
|
|t:|1760332616
|switch|p2a: Volcanion|Volcanion|100/100
|turn|17
|
|t:|1760332626
|move|p1a: Gliscor|Substitute|p1a: Gliscor
|-start|p1a: Gliscor|Substitute
|-damage|p1a: Gliscor|71/100 tox
|move|p2a: Volcanion|Steam Eruption|p1a: Gliscor
|-supereffective|p1a: Gliscor
|-end|p1a: Gliscor|Substitute
|
|-weather|none
|-heal|p1a: Gliscor|83/100 tox|[from] ability: Poison Heal
|upkeep
|turn|18
|
|t:|1760332637
|move|p1a: Gliscor|Toxic|p2a: Volcanion
|-status|p2a: Volcanion|tox
|move|p2a: Volcanion|Steam Eruption|p1a: Gliscor|[miss]
|-miss|p2a: Volcanion|p1a: Gliscor
|
|-heal|p1a: Gliscor|96/100 tox|[from] ability: Poison Heal
|-damage|p2a: Volcanion|94/100 tox|[from] psn
|upkeep
|turn|19
|
|t:|1760332646
|move|p1a: Gliscor|Substitute|p1a: Gliscor
|-start|p1a: Gliscor|Substitute
|-damage|p1a: Gliscor|71/100 tox
|move|p2a: Volcanion|Steam Eruption|p1a: Gliscor
|-supereffective|p1a: Gliscor
|-end|p1a: Gliscor|Substitute
|
|-heal|p2a: Volcanion|100/100 tox|[from] item: Leftovers
|-heal|p1a: Gliscor|83/100 tox|[from] ability: Poison Heal
|-damage|p2a: Volcanion|88/100 tox|[from] psn
|upkeep
|turn|20
|
|t:|1760332656
|move|p1a: Gliscor|Protect|p1a: Gliscor
|-singleturn|p1a: Gliscor|Protect
|move|p2a: Volcanion|Steam Eruption|p1a: Gliscor
|-activate|p1a: Gliscor|move: Protect
|
|-heal|p2a: Volcanion|94/100 tox|[from] item: Leftovers
|-heal|p1a: Gliscor|96/100 tox|[from] ability: Poison Heal
|-damage|p2a: Volcanion|76/100 tox|[from] psn
|upkeep
|turn|21
|
|t:|1760332667
|move|p1a: Gliscor|Earthquake|p2a: Volcanion
|-supereffective|p2a: Volcanion
|-damage|p2a: Volcanion|18/100 tox
|move|p2a: Volcanion|Steam Eruption|p1a: Gliscor|[miss]
|-miss|p2a: Volcanion|p1a: Gliscor
|
|-heal|p2a: Volcanion|24/100 tox|[from] item: Leftovers
|-heal|p1a: Gliscor|100/100 tox|[from] ability: Poison Heal
|-damage|p2a: Volcanion|0 fnt|[from] psn
|faint|p2a: Volcanion
|upkeep
|
|t:|1760332697
|switch|p2a: Ribombee|Ribombee, F|94/100 tox
|turn|22
|
|t:|1760332708
|move|p2a: Ribombee|Moonblast|p1a: Gliscor
|-damage|p1a: Gliscor|69/100 tox
|move|p1a: Gliscor|Substitute|p1a: Gliscor
|-start|p1a: Gliscor|Substitute
|-damage|p1a: Gliscor|44/100 tox
|
|-damage|p2a: Ribombee|88/100 tox|[from] psn
|-heal|p1a: Gliscor|56/100 tox|[from] ability: Poison Heal
|upkeep
|turn|23
|
|t:|1760332717
|move|p1a: Gliscor|Protect|p1a: Gliscor
|-singleturn|p1a: Gliscor|Protect
|move|p2a: Ribombee|Bug Buzz|p1a: Gliscor
|-activate|p1a: Gliscor|move: Protect
|
|-damage|p2a: Ribombee|76/100 tox|[from] psn
|-heal|p1a: Gliscor|69/100 tox|[from] ability: Poison Heal
|upkeep
|turn|24
|
|t:|1760332735
|move|p2a: Ribombee|Bug Buzz|p1a: Gliscor
|-resisted|p1a: Gliscor
|-damage|p1a: Gliscor|53/100 tox
|move|p1a: Gliscor|Earthquake|p2a: Ribombee
|-resisted|p2a: Ribombee
|-damage|p2a: Ribombee|41/100 tox
|
|-damage|p2a: Ribombee|23/100 tox|[from] psn
|-heal|p1a: Gliscor|66/100 tox|[from] ability: Poison Heal
|upkeep
|turn|25
|
|t:|1760332764
|move|p1a: Gliscor|Protect|p1a: Gliscor
|-singleturn|p1a: Gliscor|Protect
|move|p2a: Ribombee|Moonblast|p1a: Gliscor
|-activate|p1a: Gliscor|move: Protect
|
|-damage|p2a: Ribombee|0 fnt|[from] psn
|faint|p2a: Ribombee
|-heal|p1a: Gliscor|78/100 tox|[from] ability: Poison Heal
|upkeep
|
|t:|1760332776
|switch|p2a: Thundurus|Thundurus, M, shiny|100/100
|turn|26
|
|t:|1760332785
|move|p2a: Thundurus|Smart Strike|p1a: Gliscor
|-activate|p1a: Gliscor|move: Substitute|[damage]
|move|p1a: Gliscor|Toxic|p2a: Thundurus
|-status|p2a: Thundurus|tox
|
|-damage|p2a: Thundurus|94/100 tox|[from] psn
|-heal|p1a: Gliscor|91/100 tox|[from] ability: Poison Heal
|upkeep
|turn|27
|
|t:|1760332795
|move|p1a: Gliscor|Protect|p1a: Gliscor
|-singleturn|p1a: Gliscor|Protect
|move|p2a: Thundurus|Acrobatics|p1a: Gliscor
|-activate|p1a: Gliscor|move: Protect
|
|-damage|p2a: Thundurus|82/100 tox|[from] psn
|-heal|p1a: Gliscor|100/100 tox|[from] ability: Poison Heal
|upkeep
|turn|28
|c|☆BIGFISHFISHH|theres no way your having fun
|
|t:|1760332810
|move|p2a: Thundurus|Acrobatics|p1a: Gliscor
|-end|p1a: Gliscor|Substitute
|move|p1a: Gliscor|Earthquake|p2a: Thundurus
|-immune|p2a: Thundurus
|
|-damage|p2a: Thundurus|64/100 tox|[from] psn
|upkeep
|turn|29
|
|t:|1760332822
|move|p2a: Thundurus|Smart Strike|p1a: Gliscor
|-damage|p1a: Gliscor|81/100 tox
|move|p1a: Gliscor|Substitute|p1a: Gliscor
|-start|p1a: Gliscor|Substitute
|-damage|p1a: Gliscor|56/100 tox
|
|-damage|p2a: Thundurus|40/100 tox|[from] psn
|-heal|p1a: Gliscor|69/100 tox|[from] ability: Poison Heal
|upkeep
|turn|30
|c|☆MODELIZE|having a blast
|
|t:|1760332832
|move|p1a: Gliscor|Protect|p1a: Gliscor
|-singleturn|p1a: Gliscor|Protect
|move|p2a: Thundurus|Acrobatics|p1a: Gliscor
|-activate|p1a: Gliscor|move: Protect
|
|-damage|p2a: Thundurus|10/100 tox|[from] psn
|-heal|p1a: Gliscor|81/100 tox|[from] ability: Poison Heal
|upkeep
|turn|31
|c|☆MODELIZE|im dead ah dying of laugher right now
|
|t:|1760332873
|move|p2a: Thundurus|Acrobatics|p1a: Gliscor
|-end|p1a: Gliscor|Substitute
|move|p1a: Gliscor|Toxic|p2a: Thundurus
|-fail|p2a: Thundurus|tox
|
|-damage|p2a: Thundurus|0 fnt|[from] psn
|faint|p2a: Thundurus
|-heal|p1a: Gliscor|94/100 tox|[from] ability: Poison Heal
|upkeep
|c|☆BIGFISHFISHH|lemme guess the whole is stall
|
|t:|1760332884
|switch|p2a: Kommo-o|Kommo-o, F, shiny|45/100 tox
|turn|32
|c|☆MODELIZE|indeed
|
|t:|1760332895
|move|p2a: Kommo-o|Scale Shot|p1a: Gliscor
|-damage|p1a: Gliscor|86/100 tox
|-damage|p1a: Gliscor|78/100 tox
|-damage|p1a: Gliscor|71/100 tox
|-damage|p1a: Gliscor|63/100 tox
|-hitcount|p1a: Gliscor|4
|-unboost|p2a: Kommo-o|def|1
|-boost|p2a: Kommo-o|spe|1
|move|p1a: Gliscor|Substitute|p1a: Gliscor
|-start|p1a: Gliscor|Substitute
|-damage|p1a: Gliscor|38/100 tox
|
|-damage|p2a: Kommo-o|38/100 tox|[from] psn
|-heal|p1a: Gliscor|50/100 tox|[from] ability: Poison Heal
|upkeep
|turn|33
|
|t:|1760332912
|move|p1a: Gliscor|Protect|p1a: Gliscor
|-singleturn|p1a: Gliscor|Protect
|move|p2a: Kommo-o|Drain Punch|p1a: Gliscor
|-activate|p1a: Gliscor|move: Protect
|
|-damage|p2a: Kommo-o|26/100 tox|[from] psn
|-heal|p1a: Gliscor|63/100 tox|[from] ability: Poison Heal
|upkeep
|turn|34
|
|t:|1760332923
|move|p2a: Kommo-o|Drain Punch|p1a: Gliscor
|-resisted|p1a: Gliscor
|-activate|p1a: Gliscor|move: Substitute|[damage]
|-heal|p2a: Kommo-o|33/100 tox|[from] drain|[of] p1a: Gliscor
|move|p1a: Gliscor|Earthquake|p2a: Kommo-o
|-damage|p2a: Kommo-o|0 fnt
|faint|p2a: Kommo-o
|
|-heal|p1a: Gliscor|75/100 tox|[from] ability: Poison Heal
|upkeep
|c|☆BIGFISHFISHH|use the 6 bidew one tap strat
|
|t:|1760332934
|switch|p2a: Kingambit|Kingambit, M, shiny|53/100
|-activate|p2a: Kingambit|ability: Supreme Overlord
|-start|p2a: Kingambit|fallen5|[silent]
|turn|35
|c|☆MODELIZE|whats that?
|
|t:|1760332952
|move|p1a: Gliscor|Earthquake|p2a: Kingambit
|-supereffective|p2a: Kingambit
|-damage|p2a: Kingambit|3/100
|move|p2a: Kingambit|Night Slash|p1a: Gliscor
|-end|p1a: Gliscor|Substitute
|
|-heal|p1a: Gliscor|88/100 tox|[from] ability: Poison Heal
|upkeep
|turn|36
|c|☆BIGFISHFISHH|6 bidews with endure and i think payback or sum
|c|☆BIGFISHFISHH|its like you cant one tap it but then it one taps you
|c|☆BIGFISHFISHH|its funny
|c|☆MODELIZE|hmm ok
|
|t:|1760332988
|move|p1a: Gliscor|Protect|p1a: Gliscor
|-singleturn|p1a: Gliscor|Protect
|move|p2a: Kingambit|Night Slash|p1a: Gliscor
|-activate|p1a: Gliscor|move: Protect
|
|-heal|p1a: Gliscor|100/100 tox|[from] ability: Poison Heal
|upkeep
|turn|37
|
|t:|1760332996
|move|p1a: Gliscor|Earthquake|p2a: Kingambit
|-supereffective|p2a: Kingambit
|-damage|p2a: Kingambit|0 fnt
|faint|p2a: Kingambit
|-end|p2a: Kingambit|fallen5|[silent]
|
|win|MODELIZE
|raw|MODELIZE's rating: 1138 &rarr; <strong>1162</strong><br />(+24 for winning)
|raw|BIGFISHFISHH's rating: 1123 &rarr; <strong>1099</strong><br />(-24 for losing)
|c|☆MODELIZE|gg
|c|☆BIGFISHFISHH|gg
|l|☆MODELIZE
|player|p1|
|l|☆BIGFISHFISHH
|player|p2|
