|j|☆periko29
|j|☆skillzkiller
|t:|1760445698
|gametype|singles
|player|p1|periko29|palmer|1234
|player|p2|skillzkiller|youngn|1248
|gen|9
|tier|[Gen 9] OU
|rated|
|rule|HP Percentage Mod: HP is shown in percentages
|rule|Endless Battle Clause: Forcing endless battles is banned
|rule|Species Clause: Limit one of each Pokémon
|rule|OHKO Clause: OHKO moves are banned
|rule|Evasion Items Clause: Evasion items are banned
|rule|Evasion Moves Clause: Evasion moves are banned
|rule|Evasion Abilities Clause: Evasion abilities are banned
|rule|Sleep Moves Clause: Sleep-inducing moves are banned
|clearpoke
|poke|p1|Clefable, F|
|poke|p1|Dragonite, M|
|poke|p1|Manaphy|
|poke|p1|Iron Valiant|
|poke|p1|Klefki, M|
|poke|p1|Cinderace, M|
|poke|p2|Raging Bolt|
|poke|p2|Dragonite, F|
|poke|p2|Kyurem|
|poke|p2|Glimmora, M|
|poke|p2|Kingambit, M|
|poke|p2|Great Tusk|
|teampreview
|inactive|Battle timer is ON: inactive players will automatically lose when time's up. (requested by skillzkiller)
|
|t:|1760445714
|teamsize|p1|6
|teamsize|p2|6
|start
|switch|p1a: Klefki|Klefki, M, shiny|100/100
|switch|p2a: Glimmora|Glimmora, M|100/100
|turn|1
|
|t:|1760445719
|move|p1a: Klefki|Light Screen|p1a: Klefki
|-sidestart|p1: periko29|move: Light Screen
|move|p2a: Glimmora|Meteor Beam||[still]
|-prepare|p2a: Glimmora|Meteor Beam
|-boost|p2a: Glimmora|spa|1
|-enditem|p2a: Glimmora|Power Herb
|-anim|p2a: Glimmora|Meteor Beam|p1a: Klefki
|-resisted|p1a: Klefki
|-damage|p1a: Klefki|70/100
|
|upkeep
|turn|2
|
|t:|1760445727
|move|p1a: Klefki|Reflect|p1a: Klefki
|-sidestart|p1: periko29|Reflect
|move|p2a: Glimmora|Stealth Rock|p1a: Klefki
|-sidestart|p1: periko29|move: Stealth Rock
|
|upkeep
|turn|3
|
|t:|1760445732
|move|p1a: Klefki|Thunder Wave|p2a: Glimmora
|-status|p2a: Glimmora|par
|cant|p2a: Glimmora|par
|
|upkeep
|turn|4
|
|t:|1760445737
|switch|p1a: Manaphy|Manaphy|100/100
|-damage|p1a: Manaphy|88/100|[from] Stealth Rock
|move|p2a: Glimmora|Dazzling Gleam|p1a: Manaphy
|-damage|p1a: Manaphy|69/100
|
|-heal|p1a: Manaphy|75/100|[from] item: Leftovers
|upkeep
|turn|5
|
|t:|1760445744
|move|p1a: Manaphy|Take Heart|p1a: Manaphy
|-boost|p1a: Manaphy|spa|1
|-boost|p1a: Manaphy|spd|1
|cant|p2a: Glimmora|par
|
|-heal|p1a: Manaphy|81/100|[from] item: Leftovers
|upkeep
|turn|6
|
|t:|1760445749
|switch|p2a: Raging Bolt|Raging Bolt|100/100
|move|p1a: Manaphy|Take Heart|p1a: Manaphy
|-boost|p1a: Manaphy|spa|1
|-boost|p1a: Manaphy|spd|1
|
|-heal|p1a: Manaphy|87/100|[from] item: Leftovers
|upkeep
|turn|7
|
|t:|1760445758
|-terastallize|p2a: Raging Bolt|Fairy
|move|p1a: Manaphy|Take Heart|p1a: Manaphy
|-boost|p1a: Manaphy|spa|1
|-boost|p1a: Manaphy|spd|1
|move|p2a: Raging Bolt|Taunt|p1a: Manaphy
|-start|p1a: Manaphy|move: Taunt
|
|-heal|p1a: Manaphy|93/100|[from] item: Leftovers
|upkeep
|turn|8
|
|t:|1760445767
|move|p2a: Raging Bolt|Thunderclap|p1a: Manaphy
|-supereffective|p1a: Manaphy
|-damage|p1a: Manaphy|77/100
|move|p1a: Manaphy|Stored Power|p2a: Raging Bolt
|-damage|p2a: Raging Bolt|4/100
|
|-heal|p1a: Manaphy|83/100|[from] item: Leftovers
|-sideend|p1: periko29|move: Light Screen
|upkeep
|turn|9
|
|t:|1760445772
|move|p2a: Raging Bolt|Thunderclap|p1a: Manaphy
|-supereffective|p1a: Manaphy
|-damage|p1a: Manaphy|49/100
|move|p1a: Manaphy|Stored Power|p2a: Raging Bolt
|-damage|p2a: Raging Bolt|0 fnt
|faint|p2a: Raging Bolt
|-end|p2a: Raging Bolt|Protosynthesis|[silent]
|
|-heal|p1a: Manaphy|56/100|[from] item: Leftovers
|-sideend|p1: periko29|Reflect
|upkeep
|
|t:|1760445778
|switch|p2a: Great Tusk|Great Tusk|100/100
|-enditem|p2a: Great Tusk|Booster Energy
|-activate|p2a: Great Tusk|ability: Protosynthesis|[fromitem]
|-start|p2a: Great Tusk|protosynthesisspe
|turn|10
|
|t:|1760445782
|move|p2a: Great Tusk|Close Combat|p1a: Manaphy
|-damage|p1a: Manaphy|8/100
|-unboost|p2a: Great Tusk|def|1
|-unboost|p2a: Great Tusk|spd|1
|move|p1a: Manaphy|Stored Power|p2a: Great Tusk
|-supereffective|p2a: Great Tusk
|-damage|p2a: Great Tusk|0 fnt
|faint|p2a: Great Tusk
|-end|p2a: Great Tusk|Protosynthesis|[silent]
|
|-heal|p1a: Manaphy|14/100|[from] item: Leftovers
|-end|p1a: Manaphy|move: Taunt
|upkeep
|
|t:|1760445791
|switch|p2a: Kingambit|Kingambit, M, shiny|100/100
|-activate|p2a: Kingambit|ability: Supreme Overlord
|-start|p2a: Kingambit|fallen2|[silent]
|turn|11
|
|t:|1760445805
|move|p1a: Manaphy|Acid Armor|p1a: Manaphy
|-boost|p1a: Manaphy|def|2
|move|p2a: Kingambit|Iron Head|p1a: Manaphy
|-resisted|p1a: Manaphy
|-damage|p1a: Manaphy|0 fnt
|faint|p1a: Manaphy
|
|upkeep
|
|t:|1760445812
|switch|p1a: Cinderace|Cinderace, M|100/100
|turn|12
|
|t:|1760445815
|-end|p2a: Kingambit|fallen2|[silent]
|switch|p2a: Glimmora|Glimmora, M|100/100 par
|move|p1a: Cinderace|Pyro Ball|p2a: Glimmora
|-resisted|p2a: Glimmora
|-damage|p2a: Glimmora|66/100 par
|-activate|p2a: Glimmora|ability: Toxic Debris
|-sidestart|p1: periko29|move: Toxic Spikes
|
|upkeep
|turn|13
|
|t:|1760445826
|move|p1a: Cinderace|Pyro Ball|p2a: Glimmora
|-resisted|p2a: Glimmora
|-damage|p2a: Glimmora|31/100 par
|-activate|p2a: Glimmora|ability: Toxic Debris
|-sidestart|p1: periko29|move: Toxic Spikes
|cant|p2a: Glimmora|par
|
|upkeep
|turn|14
|
|t:|1760445833
|move|p1a: Cinderace|Court Change|p1a: Cinderace
|-start|p1a: Cinderace|typechange|Normal|[from] ability: Libero
|-swapsideconditions
|-activate|p1a: Cinderace|move: Court Change
|cant|p2a: Glimmora|par
|
|upkeep
|turn|15
|
|t:|1760445841
|switch|p1a: Klefki|Klefki, M, shiny|70/100
|switch|p2a: Dragonite|Dragonite, F|100/100
|-damage|p2a: Dragonite|76/100|[from] Stealth Rock
|
|upkeep
|turn|16
|
|t:|1760445843
|switch|p2a: Glimmora|Glimmora, M|31/100 par
|-damage|p2a: Glimmora|19/100 par|[from] Stealth Rock
|-sideend|p2: skillzkiller|move: Toxic Spikes|[of] p2a: Glimmora
|move|p1a: Klefki|Thunder Wave|p2a: Glimmora
|-fail|p2a: Glimmora|par
|
|upkeep
|turn|17
|
|t:|1760445848
|switch|p2a: Kingambit|Kingambit, M, shiny|100/100
|-damage|p2a: Kingambit|94/100|[from] Stealth Rock
|-activate|p2a: Kingambit|ability: Supreme Overlord
|-start|p2a: Kingambit|fallen2|[silent]
|move|p1a: Klefki|Light Screen|p1a: Klefki
|-sidestart|p1: periko29|move: Light Screen
|
|-heal|p2a: Kingambit|100/100|[from] item: Leftovers
|upkeep
|turn|18
|
|t:|1760445858
|move|p1a: Klefki|Thunder Wave|p2a: Kingambit
|-hint|Since gen 7, Dark is immune to Prankster moves.
|-immune|p2a: Kingambit
|move|p2a: Kingambit|Swords Dance|p2a: Kingambit
|-boost|p2a: Kingambit|atk|2
|
|upkeep
|turn|19
|
|t:|1760445861
|move|p1a: Klefki|Reflect|p1a: Klefki
|-sidestart|p1: periko29|Reflect
|move|p2a: Kingambit|Swords Dance|p2a: Kingambit
|-boost|p2a: Kingambit|atk|2
|
|upkeep
|turn|20
|
|t:|1760445875
|switch|p1a: Iron Valiant|Iron Valiant|100/100
|move|p2a: Kingambit|Iron Head|p1a: Iron Valiant
|-supereffective|p1a: Iron Valiant
|-damage|p1a: Iron Valiant|0 fnt
|faint|p1a: Iron Valiant
|-end|p1a: Iron Valiant|Quark Drive|[silent]
|
|upkeep
|
|t:|1760445884
|switch|p1a: Cinderace|Cinderace, M|100/100
|turn|21
|
|t:|1760445889
|-end|p2a: Kingambit|fallen2|[silent]
|switch|p2a: Glimmora|Glimmora, M|19/100 par
|-damage|p2a: Glimmora|7/100 par|[from] Stealth Rock
|move|p1a: Cinderace|Pyro Ball|p2a: Glimmora|[miss]
|-miss|p1a: Cinderace|p2a: Glimmora
|
|upkeep
|turn|22
|
|t:|1760445900
|move|p1a: Cinderace|Pyro Ball|p2a: Glimmora
|-resisted|p2a: Glimmora
|-damage|p2a: Glimmora|0 fnt
|-activate|p2a: Glimmora|ability: Toxic Debris
|-sidestart|p1: periko29|move: Toxic Spikes
|faint|p2a: Glimmora
|
|upkeep
|
|t:|1760445903
|switch|p2a: Kyurem|Kyurem|100/100
|-damage|p2a: Kyurem|75/100|[from] Stealth Rock
|-ability|p2a: Kyurem|Pressure
|turn|23
|
|t:|1760445907
|move|p2a: Kyurem|Protect|p2a: Kyurem
|-singleturn|p2a: Kyurem|Protect
|move|p1a: Cinderace|Pyro Ball|p2a: Kyurem
|-activate|p2a: Kyurem|move: Protect
|
|-heal|p2a: Kyurem|82/100|[from] item: Leftovers
|upkeep
|turn|24
|
|t:|1760445912
|move|p1a: Cinderace|Pyro Ball|p2a: Kyurem
|-damage|p2a: Kyurem|26/100
|move|p2a: Kyurem|Earth Power|p1a: Cinderace
|-supereffective|p1a: Cinderace
|-damage|p1a: Cinderace|60/100
|
|-heal|p2a: Kyurem|33/100|[from] item: Leftovers
|-sideend|p1: periko29|move: Light Screen
|upkeep
|turn|25
|
|t:|1760445931
|move|p1a: Cinderace|Sucker Punch|p2a: Kyurem
|-start|p1a: Cinderace|typechange|Dark|[from] ability: Libero
|-damage|p2a: Kyurem|0 fnt
|faint|p2a: Kyurem
|
|upkeep
|
|t:|1760445935
|switch|p2a: Kingambit|Kingambit, M, shiny|100/100
|-damage|p2a: Kingambit|94/100|[from] Stealth Rock
|-activate|p2a: Kingambit|ability: Supreme Overlord
|-start|p2a: Kingambit|fallen4|[silent]
|turn|26
|
|t:|1760445941
|move|p1a: Cinderace|Sucker Punch|p2a: Kingambit
|-resisted|p2a: Kingambit
|-damage|p2a: Kingambit|83/100
|move|p2a: Kingambit|Iron Head|p1a: Cinderace
|-damage|p1a: Cinderace|15/100
|
|-heal|p2a: Kingambit|89/100|[from] item: Leftovers
|-sideend|p1: periko29|Reflect
|upkeep
|turn|27
|
|t:|1760445947
|move|p2a: Kingambit|Sucker Punch|p1a: Cinderace
|-resisted|p1a: Cinderace
|-damage|p1a: Cinderace|0 fnt
|faint|p1a: Cinderace
|
|-heal|p2a: Kingambit|95/100|[from] item: Leftovers
|upkeep
|
|t:|1760445955
|switch|p1a: Dragonite|Dragonite, M|100/100
|turn|28
|
|t:|1760445963
|move|p1a: Dragonite|Dragon Dance|p1a: Dragonite
|-boost|p1a: Dragonite|atk|1
|-boost|p1a: Dragonite|spe|1
|move|p2a: Kingambit|Iron Head|p1a: Dragonite
|-crit|p1a: Dragonite
|-damage|p1a: Dragonite|42/100
|
|-heal|p2a: Kingambit|100/100|[from] item: Leftovers
|upkeep
|turn|29
|
|t:|1760445969
|move|p1a: Dragonite|Earthquake|p2a: Kingambit
|-supereffective|p2a: Kingambit
|-damage|p2a: Kingambit|13/100
|move|p2a: Kingambit|Iron Head|p1a: Dragonite
|-damage|p1a: Dragonite|0 fnt
|faint|p1a: Dragonite
|
|-heal|p2a: Kingambit|19/100|[from] item: Leftovers
|upkeep
|
|t:|1760445975
|switch|p1a: Klefki|Klefki, M, shiny|70/100
|turn|30
|
|t:|1760445978
|move|p1a: Klefki|Light Screen|p1a: Klefki
|-sidestart|p1: periko29|move: Light Screen
|move|p2a: Kingambit|Iron Head|p1a: Klefki
|-damage|p1a: Klefki|20/100
|
|-heal|p2a: Kingambit|25/100|[from] item: Leftovers
|upkeep
|turn|31
|
|t:|1760445983
|move|p1a: Klefki|Reflect|p1a: Klefki
|-sidestart|p1: periko29|Reflect
|move|p2a: Kingambit|Swords Dance|p2a: Kingambit
|-boost|p2a: Kingambit|atk|2
|
|-heal|p2a: Kingambit|31/100|[from] item: Leftovers
|upkeep
|turn|32
|
|t:|1760445986
|switch|p1a: Clefable|Clefable, F|100/100
|-status|p1a: Clefable|psn
|move|p2a: Kingambit|Swords Dance|p2a: Kingambit
|-boost|p2a: Kingambit|atk|2
|
|-heal|p2a: Kingambit|38/100|[from] item: Leftovers
|upkeep
|turn|33
|
|t:|1760445992
|-terastallize|p1a: Clefable|Fire
|move|p2a: Kingambit|Sucker Punch|p1a: Clefable
|-damage|p1a: Clefable|34/100 psn
|move|p1a: Clefable|Moonblast|p2a: Kingambit
|-damage|p2a: Kingambit|9/100
|
|-heal|p1a: Clefable|40/100 psn|[from] item: Leftovers
|-heal|p2a: Kingambit|15/100|[from] item: Leftovers
|upkeep
|turn|34
|l|☆skillzkiller
|inactive|skillzkiller disconnected and has a minute to reconnect!
|player|p2|
|j|☆skillzkiller
|inactive|skillzkiller reconnected and has 140 seconds left.
|player|p2|skillzkiller|youngn|
|
|t:|1760446013
|move|p2a: Kingambit|Sucker Punch||[still]
|-fail|p2a: Kingambit
|move|p1a: Clefable|Moonlight|p1a: Clefable
|-heal|p1a: Clefable|90/100 psn
|
|-heal|p1a: Clefable|96/100 psn|[from] item: Leftovers
|-heal|p2a: Kingambit|21/100|[from] item: Leftovers
|upkeep
|turn|35
|
|t:|1760446032
|move|p2a: Kingambit|Sucker Punch|p1a: Clefable
|-damage|p1a: Clefable|26/100 psn
|move|p1a: Clefable|Moonblast|p2a: Kingambit
|-damage|p2a: Kingambit|0 fnt
|faint|p2a: Kingambit
|-end|p2a: Kingambit|fallen4|[silent]
|
|-heal|p1a: Clefable|32/100 psn|[from] item: Leftovers
|upkeep
|
|t:|1760446037
|switch|p2a: Dragonite|Dragonite, F|76/100
|-damage|p2a: Dragonite|51/100|[from] Stealth Rock
|turn|36
|
|t:|1760446040
|switch|p1a: Klefki|Klefki, M, shiny|20/100
|move|p2a: Dragonite|Earthquake|p1a: Klefki
|-supereffective|p1a: Klefki
|-damage|p1a: Klefki|0 fnt
|faint|p1a: Klefki
|
|upkeep
|
|t:|1760446046
|switch|p1a: Clefable|Clefable, F, tera:Fire|32/100 psn
|turn|37
|
|t:|1760446049
|move|p2a: Dragonite|Earthquake|p1a: Clefable
|-supereffective|p1a: Clefable
|-damage|p1a: Clefable|9/100 psn
|move|p1a: Clefable|Moonblast|p2a: Dragonite
|-supereffective|p2a: Dragonite
|-damage|p2a: Dragonite|0 fnt
|faint|p2a: Dragonite
|
|win|periko29
|raw|periko29's rating: 1234 &rarr; <strong>1260</strong><br />(+26 for winning)
|raw|skillzkiller's rating: 1248 &rarr; <strong>1222</strong><br />(-26 for losing)
|l|☆skillzkiller
|player|p2|
|l|☆periko29
|player|p1|
