|j|☆jakkuza
|j|☆babajeje
|t:|1760462501
|gametype|singles
|player|p1|jakkuza|169|1318
|player|p2|babajeje|2|1266
|gen|9
|tier|[Gen 9] OU
|rated|
|rule|HP Percentage Mod: HP is shown in percentages
|rule|Endless Battle Clause: Forcing endless battles is banned
|rule|Species Clause: Limit one of each Pokémon
|rule|OHKO Clause: OHKO moves are banned
|rule|Evasion Items Clause: Evasion items are banned
|rule|Evasion Moves Clause: Evasion moves are banned
|rule|Evasion Abilities Clause: Evasion abilities are banned
|rule|Sleep Moves Clause: Sleep-inducing moves are banned
|clearpoke
|poke|p1|Reuniclus, F|
|poke|p1|Clefable, M|
|poke|p1|Cinderace, F|
|poke|p1|Hatterene, F|
|poke|p1|Ursaluna, M|
|poke|p1|Dragapult, F|
|poke|p2|Pincurchin, M|
|poke|p2|Iron Crown|
|poke|p2|Iron Hands|
|poke|p2|Raging Bolt|
|poke|p2|Hatterene, F|
|poke|p2|Weezing-Galar, F|
|teampreview
|inactive|Battle timer is ON: inactive players will automatically lose when time's up. (requested by jakkuza)
|inactive|babajeje has 120 seconds left.
|
|t:|1760462538
|teamsize|p1|6
|teamsize|p2|6
|start
|switch|p1a: Hatterene|Hatterene, F|100/100
|switch|p2a: Pincurchin|Pincurchin, M|100/100
|-fieldstart|move: Electric Terrain|[from] ability: Electric Surge|[of] p2a: Pincurchin
|turn|1
|
|t:|1760462552
|switch|p2a: Weezing|Weezing-Galar, F|100/100
|move|p1a: Hatterene|Mystical Fire|p2a: Weezing
|-damage|p2a: Weezing|70/100
|-unboost|p2a: Weezing|spa|1
|
|-heal|p2a: Weezing|76/100|[from] item: Leftovers
|upkeep
|turn|2
|inactive|babajeje has 120 seconds left.
|
|t:|1760462584
|switch|p2a: Hatterene|Hatterene, F|100/100
|-terastallize|p1a: Hatterene|Fire
|move|p1a: Hatterene|Nuzzle|p2a: Hatterene
|-damage|p2a: Hatterene|95/100
|-status|p2a: Hatterene|par
|-enditem|p2a: Hatterene|Eject Button
|
|t:|1760462588
|switch|p2a: Iron Crown|Iron Crown|100/100
|-activate|p2a: Iron Crown|ability: Quark Drive
|-start|p2a: Iron Crown|quarkdrivespa
|
|upkeep
|turn|3
|
|t:|1760462605
|move|p2a: Iron Crown|Tachyon Cutter|p1a: Hatterene
|-resisted|p1a: Hatterene
|-damage|p1a: Hatterene|84/100
|-resisted|p1a: Hatterene
|-damage|p1a: Hatterene|65/100
|-hitcount|p1a: Hatterene|2
|move|p1a: Hatterene|Trick Room|p1a: Hatterene
|-fieldstart|move: Trick Room|[of] p1a: Hatterene
|
|-heal|p1a: Hatterene|71/100|[from] item: Leftovers
|upkeep
|turn|4
|c|☆babajeje|im so dumb
|c|☆babajeje|xd
|
|t:|1760462616
|-end|p2a: Iron Crown|Quark Drive|[silent]
|switch|p2a: Hatterene|Hatterene, F|95/100 par
|move|p1a: Hatterene|Mystical Fire|p2a: Hatterene
|-crit|p2a: Hatterene
|-damage|p2a: Hatterene|40/100 par
|-unboost|p2a: Hatterene|spa|1
|
|-heal|p1a: Hatterene|77/100|[from] item: Leftovers
|upkeep
|turn|5
|
|t:|1760462627
|move|p2a: Hatterene|Nuzzle|p1a: Hatterene
|-damage|p1a: Hatterene|70/100
|-status|p1a: Hatterene|par
|move|p1a: Hatterene|Mystical Fire|p2a: Hatterene
|-damage|p2a: Hatterene|3/100 par
|-unboost|p2a: Hatterene|spa|1
|
|-heal|p1a: Hatterene|76/100 par|[from] item: Leftovers
|upkeep
|turn|6
|
|t:|1760462643
|cant|p2a: Hatterene|par
|move|p1a: Hatterene|Mystical Fire|p2a: Hatterene
|-damage|p2a: Hatterene|0 fnt
|faint|p2a: Hatterene
|
|-heal|p1a: Hatterene|82/100 par|[from] item: Leftovers
|upkeep
|
|t:|1760462652
|switch|p2a: Pincurchin|Pincurchin, M|100/100
|turn|7
|
|t:|1760462660
|move|p1a: Hatterene|Mystical Fire|p2a: Pincurchin
|-damage|p2a: Pincurchin|59/100
|-unboost|p2a: Pincurchin|spa|1
|move|p2a: Pincurchin|Zing Zap|p1a: Hatterene
|-damage|p1a: Hatterene|37/100 par
|
|-heal|p1a: Hatterene|43/100 par|[from] item: Leftovers
|-fieldend|move: Trick Room
|upkeep
|turn|8
|
|t:|1760462674
|move|p2a: Pincurchin|Zing Zap|p1a: Hatterene
|-damage|p1a: Hatterene|0 fnt
|faint|p1a: Hatterene
|
|-fieldend|move: Electric Terrain
|upkeep
|
|t:|1760462687
|switch|p1a: Ursaluna|Ursaluna, M|100/100
|turn|9
|
|t:|1760462702
|switch|p2a: Weezing|Weezing-Galar, F|76/100
|move|p1a: Ursaluna|Earthquake|p2a: Weezing
|-immune|p2a: Weezing|[from] ability: Levitate
|
|-heal|p2a: Weezing|82/100|[from] item: Leftovers
|-status|p1a: Ursaluna|brn|[from] item: Flame Orb
|upkeep
|turn|10
|
|t:|1760462712
|move|p2a: Weezing|Strange Steam|p1a: Ursaluna
|-damage|p1a: Ursaluna|74/100 brn
|move|p1a: Ursaluna|Facade|p2a: Weezing
|-damage|p2a: Weezing|0 fnt
|faint|p2a: Weezing
|
|-damage|p1a: Ursaluna|68/100 brn|[from] brn
|upkeep
|
|t:|1760462718
|switch|p2a: Pincurchin|Pincurchin, M|59/100
|-fieldstart|move: Electric Terrain|[from] ability: Electric Surge|[of] p2a: Pincurchin
|turn|11
|
|t:|1760462727
|move|p1a: Ursaluna|Earthquake|p2a: Pincurchin
|-supereffective|p2a: Pincurchin
|-damage|p2a: Pincurchin|0 fnt
|faint|p2a: Pincurchin
|
|-damage|p1a: Ursaluna|62/100 brn|[from] brn
|upkeep
|
|t:|1760462740
|switch|p2a: Iron Crown|Iron Crown|100/100
|-activate|p2a: Iron Crown|ability: Quark Drive
|-start|p2a: Iron Crown|quarkdrivespa
|turn|12
|
|t:|1760462753
|move|p2a: Iron Crown|Tachyon Cutter|p1a: Ursaluna
|-damage|p1a: Ursaluna|23/100 brn
|-damage|p1a: Ursaluna|0 fnt
|faint|p1a: Ursaluna
|-hitcount|p1: Ursaluna|2
|
|upkeep
|
|t:|1760462772
|switch|p1a: Dragapult|Dragapult, F|100/100
|turn|13
|
|t:|1760462788
|-terastallize|p2a: Iron Crown|Steel
|move|p1a: Dragapult|Shadow Ball|p2a: Iron Crown
|-damage|p2a: Iron Crown|67/100
|move|p2a: Iron Crown|Tachyon Cutter|p1a: Dragapult
|-damage|p1a: Dragapult|13/100
|-damage|p1a: Dragapult|0 fnt
|faint|p1a: Dragapult
|-hitcount|p1: Dragapult|2
|
|upkeep
|
|t:|1760462797
|switch|p1a: Cinderace|Cinderace, F|100/100
|turn|14
|
|t:|1760462809
|-end|p2a: Iron Crown|Quark Drive|[silent]
|switch|p2a: Raging Bolt|Raging Bolt|100/100
|-enditem|p2a: Raging Bolt|Electric Seed
|-boost|p2a: Raging Bolt|def|1|[from] item: Electric Seed
|move|p1a: Cinderace|Pyro Ball|p2a: Raging Bolt
|-resisted|p2a: Raging Bolt
|-damage|p2a: Raging Bolt|86/100
|
|upkeep
|turn|15
|
|t:|1760462821
|move|p1a: Cinderace|High Jump Kick|p2a: Raging Bolt
|-start|p1a: Cinderace|typechange|Fighting|[from] ability: Libero
|-damage|p2a: Raging Bolt|50/100
|move|p2a: Raging Bolt|Thunderbolt|p1a: Cinderace
|-damage|p1a: Cinderace|0 fnt
|faint|p1a: Cinderace
|
|upkeep
|
|t:|1760462835
|switch|p1a: Reuniclus|Reuniclus, F|100/100
|turn|16
|
|t:|1760462841
|move|p2a: Raging Bolt|Thunderbolt|p1a: Reuniclus
|-damage|p1a: Reuniclus|47/100
|move|p1a: Reuniclus|Calm Mind|p1a: Reuniclus
|-boost|p1a: Reuniclus|spa|1
|-boost|p1a: Reuniclus|spd|1
|
|-heal|p1a: Reuniclus|53/100|[from] item: Leftovers
|upkeep
|turn|17
|
|t:|1760462849
|move|p2a: Raging Bolt|Calm Mind|p2a: Raging Bolt
|-boost|p2a: Raging Bolt|spa|1
|-boost|p2a: Raging Bolt|spd|1
|move|p1a: Reuniclus|Recover|p1a: Reuniclus
|-heal|p1a: Reuniclus|100/100
|
|upkeep
|turn|18
|
|t:|1760462852
|move|p2a: Raging Bolt|Calm Mind|p2a: Raging Bolt
|-boost|p2a: Raging Bolt|spa|1
|-boost|p2a: Raging Bolt|spd|1
|move|p1a: Reuniclus|Calm Mind|p1a: Reuniclus
|-boost|p1a: Reuniclus|spa|1
|-boost|p1a: Reuniclus|spd|1
|
|-fieldend|move: Electric Terrain
|upkeep
|turn|19
|
|t:|1760462855
|move|p2a: Raging Bolt|Calm Mind|p2a: Raging Bolt
|-boost|p2a: Raging Bolt|spa|1
|-boost|p2a: Raging Bolt|spd|1
|move|p1a: Reuniclus|Calm Mind|p1a: Reuniclus
|-boost|p1a: Reuniclus|spa|1
|-boost|p1a: Reuniclus|spd|1
|
|upkeep
|turn|20
|
|t:|1760462857
|move|p2a: Raging Bolt|Calm Mind|p2a: Raging Bolt
|-boost|p2a: Raging Bolt|spa|1
|-boost|p2a: Raging Bolt|spd|1
|move|p1a: Reuniclus|Calm Mind|p1a: Reuniclus
|-boost|p1a: Reuniclus|spa|1
|-boost|p1a: Reuniclus|spd|1
|
|upkeep
|turn|21
|
|t:|1760462859
|move|p2a: Raging Bolt|Calm Mind|p2a: Raging Bolt
|-boost|p2a: Raging Bolt|spa|1
|-boost|p2a: Raging Bolt|spd|1
|move|p1a: Reuniclus|Calm Mind|p1a: Reuniclus
|-boost|p1a: Reuniclus|spa|1
|-boost|p1a: Reuniclus|spd|1
|
|upkeep
|turn|22
|
|t:|1760462861
|move|p2a: Raging Bolt|Calm Mind|p2a: Raging Bolt
|-boost|p2a: Raging Bolt|spa|1
|-boost|p2a: Raging Bolt|spd|1
|move|p1a: Reuniclus|Stored Power|p2a: Raging Bolt
|-damage|p2a: Raging Bolt|0 fnt
|faint|p2a: Raging Bolt
|-end|p2a: Raging Bolt|Protosynthesis|[silent]
|
|upkeep
|
|t:|1760462869
|switch|p2a: Iron Hands|Iron Hands|100/100
|turn|23
|
|t:|1760462873
|move|p2a: Iron Hands|Thunder Punch|p1a: Reuniclus
|-damage|p1a: Reuniclus|66/100
|move|p1a: Reuniclus|Acid Armor|p1a: Reuniclus
|-boost|p1a: Reuniclus|def|2
|
|-heal|p1a: Reuniclus|72/100|[from] item: Leftovers
|upkeep
|turn|24
|c|☆babajeje|gg
|-message|babajeje forfeited.
|
|win|jakkuza
|raw|jakkuza's rating: 1318 &rarr; <strong>1335</strong><br />(+17 for winning)
|raw|babajeje's rating: 1266 &rarr; <strong>1245</strong><br />(-21 for losing)
|l|☆babajeje
|player|p2|
|l|☆jakkuza
|player|p1|
