|j|☆hyatobot
|j|☆NecroNyan
|t:|1760415683
|gametype|singles
|player|p1|hyatobot|169|1192
|player|p2|NecroNyan|maid|1179
|gen|9
|tier|[Gen 9] OU
|rated|
|rule|HP Percentage Mod: HP is shown in percentages
|rule|Endless Battle Clause: Forcing endless battles is banned
|rule|Species Clause: Limit one of each Pokémon
|rule|OHKO Clause: OHKO moves are banned
|rule|Evasion Items Clause: Evasion items are banned
|rule|Evasion Moves Clause: Evasion moves are banned
|rule|Evasion Abilities Clause: Evasion abilities are banned
|rule|Sleep Moves Clause: Sleep-inducing moves are banned
|clearpoke
|poke|p1|Kingambit, F|
|poke|p1|Cinderace, F|
|poke|p1|Landorus-Therian, M|
|poke|p1|Iron Valiant|
|poke|p1|Kyurem|
|poke|p1|Slowking-Galar, M|
|poke|p2|Ogerpon-Wellspring, F|
|poke|p2|Pelipper, M|
|poke|p2|Drednaw, F|
|poke|p2|Dragonite, F|
|poke|p2|Ditto|
|poke|p2|Glimmora, F|
|teampreview
|
|t:|1760415690
|teamsize|p1|6
|teamsize|p2|6
|start
|switch|p1a: Kyurem|Kyurem, shiny|100/100
|switch|p2a: FearAndHunger|Glimmora, F, shiny|100/100
|-ability|p1a: Kyurem|Pressure
|turn|1
|
|t:|1760415699
|move|p1a: Kyurem|Earth Power|p2a: FearAndHunger
|-supereffective|p2a: FearAndHunger
|-enditem|p2a: FearAndHunger|Focus Sash
|-damage|p2a: FearAndHunger|1/100
|move|p2a: FearAndHunger|Stealth Rock|p1a: Kyurem
|-sidestart|p1: hyatobot|move: Stealth Rock
|
|upkeep
|turn|2
|
|t:|1760415706
|move|p1a: Kyurem|Freeze-Dry|p2a: FearAndHunger
|-damage|p2a: FearAndHunger|0 fnt
|faint|p2a: FearAndHunger
|
|upkeep
|
|t:|1760415712
|switch|p2a: Chonky|Pelipper, M|100/100
|-weather|RainDance|[from] ability: Drizzle|[of] p2a: Chonky
|turn|3
|
|t:|1760415717
|move|p1a: Kyurem|Freeze-Dry|p2a: Chonky
|-supereffective|p2a: Chonky
|-damage|p2a: Chonky|0 fnt
|faint|p2a: Chonky
|
|-weather|RainDance|[upkeep]
|upkeep
|
|t:|1760415723
|switch|p2a: YourMom|Drednaw, F|100/100
|turn|4
|
|t:|1760415752
|switch|p1a: Landorus|Landorus-Therian, M, shiny|100/100
|-damage|p1a: Landorus|88/100|[from] Stealth Rock
|-ability|p1a: Landorus|Intimidate|boost
|-unboost|p2a: YourMom|atk|1
|move|p2a: YourMom|Shell Smash|p2a: YourMom
|-unboost|p2a: YourMom|def|1
|-unboost|p2a: YourMom|spd|1
|-boost|p2a: YourMom|atk|2
|-boost|p2a: YourMom|spa|2
|-boost|p2a: YourMom|spe|2
|
|-weather|RainDance|[upkeep]
|upkeep
|turn|5
|
|t:|1760415770
|switch|p1a: Slowking|Slowking-Galar, M, shiny|100/100
|move|p2a: YourMom|Ice Spinner|p1a: Slowking
|-crit|p1a: Slowking
|-damage|p1a: Slowking|41/100
|
|-weather|RainDance|[upkeep]
|upkeep
|turn|6
|
|t:|1760415779
|switch|p1a: Landorus|Landorus-Therian, M, shiny|88/100
|-damage|p1a: Landorus|76/100|[from] Stealth Rock
|-ability|p1a: Landorus|Intimidate|boost
|-unboost|p2a: YourMom|atk|1
|move|p2a: YourMom|Waterfall|p1a: Landorus
|-supereffective|p1a: Landorus
|-damage|p1a: Landorus|0 fnt
|-damage|p2a: YourMom|84/100|[from] item: Rocky Helmet|[of] p1a: Landorus
|faint|p1a: Landorus
|
|-weather|RainDance|[upkeep]
|upkeep
|
|t:|1760415799
|switch|p1a: Slowking|Slowking-Galar, M, shiny|75/100
|turn|7
|
|t:|1760415808
|-terastallize|p1a: Slowking|Water
|move|p2a: YourMom|Waterfall|p1a: Slowking
|-resisted|p1a: Slowking
|-damage|p1a: Slowking|44/100
|move|p1a: Slowking|Thunder Wave|p2a: YourMom
|-status|p2a: YourMom|par
|
|-weather|RainDance|[upkeep]
|upkeep
|turn|8
|
|t:|1760415818
|cant|p2a: YourMom|par
|-prepare|p1a: Slowking|Chilly Reception|[premajor]
|move|p1a: Slowking|Chilly Reception|p1a: Slowking
|-weather|Snowscape
|
|t:|1760415828
|switch|p1a: Kyurem|Kyurem, shiny|100/100|[from] Chilly Reception
|-damage|p1a: Kyurem|76/100|[from] Stealth Rock
|-ability|p1a: Kyurem|Pressure
|
|-weather|Snowscape|[upkeep]
|-heal|p1a: Kyurem|82/100|[from] item: Leftovers
|upkeep
|turn|9
|
|t:|1760415835
|move|p1a: Kyurem|Earth Power|p2a: YourMom
|-supereffective|p2a: YourMom
|-damage|p2a: YourMom|0 fnt
|faint|p2a: YourMom
|
|-weather|Snowscape|[upkeep]
|-heal|p1a: Kyurem|88/100|[from] item: Leftovers
|upkeep
|
|t:|1760415850
|switch|p2a: ShippiShippi|Ogerpon-Wellspring, F|100/100
|turn|10
|
|t:|1760415855
|move|p2a: ShippiShippi|Play Rough|p1a: Kyurem
|-supereffective|p1a: Kyurem
|-damage|p1a: Kyurem|45/100
|move|p1a: Kyurem|Freeze-Dry|p2a: ShippiShippi
|-supereffective|p2a: ShippiShippi
|-damage|p2a: ShippiShippi|0 fnt
|faint|p2a: ShippiShippi
|
|-weather|Snowscape|[upkeep]
|-heal|p1a: Kyurem|51/100|[from] item: Leftovers
|upkeep
|
|t:|1760415865
|switch|p2a: Muhahaha|Dragonite, F, shiny|100/100
|turn|11
|
|t:|1760415877
|-terastallize|p2a: Muhahaha|Normal
|move|p2a: Muhahaha|Extreme Speed|p1a: Kyurem
|-damage|p1a: Kyurem|9/100
|move|p1a: Kyurem|Freeze-Dry|p2a: Muhahaha
|-damage|p2a: Muhahaha|83/100
|
|-weather|Snowscape|[upkeep]
|-heal|p1a: Kyurem|15/100|[from] item: Leftovers
|upkeep
|turn|12
|
|t:|1760415888
|move|p2a: Muhahaha|Extreme Speed|p1a: Kyurem
|-crit|p1a: Kyurem
|-damage|p1a: Kyurem|0 fnt
|faint|p1a: Kyurem
|
|-weather|none
|upkeep
|
|t:|1760415892
|switch|p1a: Cinderace|Cinderace, F, shiny|100/100
|turn|13
|
|t:|1760415896
|move|p2a: Muhahaha|Extreme Speed|p1a: Cinderace
|-damage|p1a: Cinderace|15/100
|move|p1a: Cinderace|Will-O-Wisp|p2a: Muhahaha
|-status|p2a: Muhahaha|brn
|
|-damage|p2a: Muhahaha|76/100 brn|[from] brn
|upkeep
|turn|14
|
|t:|1760415904
|move|p2a: Muhahaha|Extreme Speed|p1a: Cinderace
|-damage|p1a: Cinderace|0 fnt
|faint|p1a: Cinderace
|
|-damage|p2a: Muhahaha|70/100 brn|[from] brn
|upkeep
|
|t:|1760415913
|switch|p1a: Slowking|Slowking-Galar, M, shiny, tera:Water|78/100
|turn|15
|
|t:|1760415921
|move|p2a: Muhahaha|Extreme Speed|p1a: Slowking
|-damage|p1a: Slowking|41/100
|move|p1a: Slowking|Sludge Bomb|p2a: Muhahaha
|-damage|p2a: Muhahaha|35/100 brn
|
|-damage|p2a: Muhahaha|29/100 brn|[from] brn
|upkeep
|turn|16
|
|t:|1760415928
|move|p2a: Muhahaha|Extreme Speed|p1a: Slowking
|-damage|p1a: Slowking|3/100
|move|p1a: Slowking|Sludge Bomb|p2a: Muhahaha
|-damage|p2a: Muhahaha|0 fnt
|faint|p2a: Muhahaha
|
|upkeep
|-message|NecroNyan forfeited.
|
|win|hyatobot
|raw|hyatobot's rating: 1192 &rarr; <strong>1216</strong><br />(+24 for winning)
|raw|NecroNyan's rating: 1179 &rarr; <strong>1155</strong><br />(-24 for losing)
|l|☆NecroNyan
|player|p2|
|l|☆hyatobot
|player|p1|
