|j|☆spongeon
|j|☆jarrah1z
|t:|1760387073
|gametype|singles
|player|p1|spongeon|169|1318
|player|p2|jarrah1z|blue|1329
|gen|9
|tier|[Gen 9] OU
|rated|
|rule|HP Percentage Mod: HP is shown in percentages
|rule|Endless Battle Clause: Forcing endless battles is banned
|rule|Species Clause: Limit one of each Pokémon
|rule|OHKO Clause: OHKO moves are banned
|rule|Evasion Items Clause: Evasion items are banned
|rule|Evasion Moves Clause: Evasion moves are banned
|rule|Evasion Abilities Clause: Evasion abilities are banned
|rule|Sleep Moves Clause: Sleep-inducing moves are banned
|clearpoke
|poke|p1|Zamazenta-*|
|poke|p1|Zapdos|
|poke|p1|Maushold|
|poke|p1|Comfey, M|
|poke|p1|Sandslash-Alola, M|
|poke|p1|Slowking-Galar, F|
|poke|p2|Raging Bolt|
|poke|p2|Iron Valiant|
|poke|p2|Iron Treads|
|poke|p2|Iron Jugulis|
|poke|p2|Iron Crown|
|poke|p2|Iron Moth|
|teampreview
|inactive|Battle timer is ON: inactive players will automatically lose when time's up. (requested by jarrah1z)
|
|t:|1760387086
|teamsize|p1|6
|teamsize|p2|6
|start
|switch|p1a: Zapdos|Zapdos|100/100
|switch|p2a: Iron Crown|Iron Crown|100/100
|turn|1
|
|t:|1760387094
|move|p1a: Zapdos|Heat Wave|p2a: Iron Crown
|-supereffective|p2a: Iron Crown
|-damage|p2a: Iron Crown|17/100
|-damage|p1a: Zapdos|91/100|[from] item: Life Orb
|move|p2a: Iron Crown|Electric Terrain|p2a: Iron Crown
|-fieldstart|move: Electric Terrain
|-activate|p2a: Iron Crown|ability: Quark Drive
|-start|p2a: Iron Crown|quarkdrivespe
|
|upkeep
|turn|2
|
|t:|1760387109
|move|p2a: Iron Crown|Volt Switch|p1a: Zapdos
|-damage|p1a: Zapdos|55/100
|
|t:|1760387136
|-end|p2a: Iron Crown|Quark Drive|[silent]
|switch|p2a: Iron Jugulis|Iron Jugulis, shiny|100/100|[from] Volt Switch
|-activate|p2a: Iron Jugulis|ability: Quark Drive
|-start|p2a: Iron Jugulis|quarkdrivespe
|move|p1a: Zapdos|Thunderbolt|p2a: Iron Jugulis
|-supereffective|p2a: Iron Jugulis
|-crit|p2a: Iron Jugulis
|-damage|p2a: Iron Jugulis|0 fnt
|faint|p2a: Iron Jugulis
|-end|p2a: Iron Jugulis|Quark Drive|[silent]
|-damage|p1a: Zapdos|45/100|[from] item: Life Orb
|
|upkeep
|
|t:|1760387145
|switch|p2a: Iron Moth|Iron Moth, shiny|100/100
|-item|p2a: Iron Moth|Air Balloon
|-activate|p2a: Iron Moth|ability: Quark Drive
|-start|p2a: Iron Moth|quarkdrivespe
|turn|3
|
|t:|1760387164
|switch|p1a: Slowking|Slowking-Galar, F|100/100
|move|p2a: Iron Moth|Fiery Dance|p1a: Slowking
|-damage|p1a: Slowking|72/100
|
|upkeep
|turn|4
|
|t:|1760387172
|move|p2a: Iron Moth|U-turn|p1a: Slowking
|-damage|p1a: Slowking|62/100
|
|t:|1760387181
|-end|p2a: Iron Moth|Quark Drive|[silent]
|switch|p2a: Iron Valiant|Iron Valiant, shiny|100/100|[from] U-turn
|-activate|p2a: Iron Valiant|ability: Quark Drive
|-start|p2a: Iron Valiant|quarkdrivespe
|move|p1a: Slowking|Psychic Noise|p2a: Iron Valiant
|-supereffective|p2a: Iron Valiant
|-damage|p2a: Iron Valiant|0 fnt
|faint|p2a: Iron Valiant
|-end|p2a: Iron Valiant|Quark Drive|[silent]
|
|upkeep
|
|t:|1760387191
|switch|p2a: Iron Treads|Iron Treads, shiny|100/100
|-activate|p2a: Iron Treads|ability: Quark Drive
|-start|p2a: Iron Treads|quarkdrivespe
|turn|5
|
|t:|1760387197
|switch|p1a: Zamazenta|Zamazenta|100/100
|-ability|p1a: Zamazenta|Dauntless Shield|boost
|-boost|p1a: Zamazenta|def|1
|move|p2a: Iron Treads|Ice Fang|p1a: Zamazenta
|-damage|p1a: Zamazenta|91/100
|
|upkeep
|turn|6
|
|t:|1760387204
|-end|p2a: Iron Treads|Quark Drive|[silent]
|switch|p2a: Iron Moth|Iron Moth, shiny|100/100
|-item|p2a: Iron Moth|Air Balloon
|-activate|p2a: Iron Moth|ability: Quark Drive
|-start|p2a: Iron Moth|quarkdrivespe
|move|p1a: Zamazenta|Iron Defense|p1a: Zamazenta
|-boost|p1a: Zamazenta|def|2
|
|upkeep
|turn|7
|
|t:|1760387212
|move|p2a: Iron Moth|Fiery Dance|p1a: Zamazenta
|-damage|p1a: Zamazenta|54/100
|-boost|p2a: Iron Moth|spa|1
|move|p1a: Zamazenta|Body Press|p2a: Iron Moth
|-resisted|p2a: Iron Moth
|-damage|p2a: Iron Moth|21/100
|-enditem|p2a: Iron Moth|Air Balloon
|
|upkeep
|turn|8
|
|t:|1760387229
|switch|p1a: Slowking|Slowking-Galar, F|95/100
|move|p2a: Iron Moth|Fiery Dance|p1a: Slowking
|-damage|p1a: Slowking|50/100
|
|-fieldend|move: Electric Terrain
|-end|p2a: Iron Moth|Quark Drive
|upkeep
|turn|9
|
|t:|1760387240
|move|p2a: Iron Moth|U-turn|p1a: Slowking
|-damage|p1a: Slowking|40/100
|
|t:|1760387244
|-end|p2a: Iron Moth|Quark Drive|[silent]
|switch|p2a: Iron Crown|Iron Crown|17/100|[from] U-turn
|-prepare|p1a: Slowking|Chilly Reception|[premajor]
|move|p1a: Slowking|Chilly Reception|p1a: Slowking
|-weather|Snowscape
|
|t:|1760387250
|switch|p1a: Sandslash|Sandslash-Alola, M|100/100|[from] Chilly Reception
|
|-weather|Snowscape|[upkeep]
|upkeep
|turn|10
|
|t:|1760387254
|move|p1a: Sandslash|Earthquake|p2a: Iron Crown
|-supereffective|p2a: Iron Crown
|-damage|p2a: Iron Crown|0 fnt
|faint|p2a: Iron Crown
|-end|p2a: Iron Crown|Quark Drive|[silent]
|
|-weather|Snowscape|[upkeep]
|upkeep
|
|t:|1760387267
|switch|p2a: Raging Bolt|Raging Bolt|100/100
|turn|11
|
|t:|1760387272
|move|p1a: Sandslash|Triple Axel|p2a: Raging Bolt
|-supereffective|p2a: Raging Bolt
|-damage|p2a: Raging Bolt|84/100
|-supereffective|p2a: Raging Bolt
|-damage|p2a: Raging Bolt|53/100
|-supereffective|p2a: Raging Bolt
|-damage|p2a: Raging Bolt|0 fnt
|faint|p2a: Raging Bolt
|-end|p2a: Raging Bolt|Protosynthesis|[silent]
|-hitcount|p2: Raging Bolt|3
|
|-weather|Snowscape|[upkeep]
|upkeep
|-message|jarrah1z forfeited.
|
|win|spongeon
|raw|spongeon's rating: 1318 &rarr; <strong>1339</strong><br />(+21 for winning)
|raw|jarrah1z's rating: 1329 &rarr; <strong>1308</strong><br />(-21 for losing)
|l|☆jarrah1z
|player|p2|
|l|☆spongeon
|player|p1|
