|j|☆snoppp
|j|☆prince_holdaspoon
|t:|1760311216
|gametype|singles
|player|p1|snoppp|bruno|1477
|player|p2|prince_holdaspoon|schoolkid-gen4dp|1535
|gen|9
|tier|[Gen 9] OU
|rated|
|rule|HP Percentage Mod: HP is shown in percentages
|rule|Endless Battle Clause: Forcing endless battles is banned
|rule|Species Clause: Limit one of each Pokémon
|rule|OHKO Clause: OHKO moves are banned
|rule|Evasion Items Clause: Evasion items are banned
|rule|Evasion Moves Clause: Evasion moves are banned
|rule|Evasion Abilities Clause: Evasion abilities are banned
|rule|Sleep Moves Clause: Sleep-inducing moves are banned
|clearpoke
|poke|p1|Zarude-Dada|
|poke|p1|Fezandipiti, M|
|poke|p1|Gholdengo|
|poke|p1|Zapdos|
|poke|p1|Enamorus, F|
|poke|p1|Great Tusk|
|poke|p2|Pelipper, F|
|poke|p2|Kingdra, F|
|poke|p2|Ogerpon-Wellspring, F|
|poke|p2|Garchomp, M|
|poke|p2|Hatterene, F|
|poke|p2|Primarina, F|
|teampreview
|inactive|Battle timer is ON: inactive players will automatically lose when time's up. (requested by snoppp)
|inactive|prince_holdaspoon has 120 seconds left.
|inactive|prince_holdaspoon has 90 seconds left.
|
|t:|1760311311
|teamsize|p1|6
|teamsize|p2|6
|start
|switch|p1a: Zapdos|Zapdos|100/100
|switch|p2a: Hatterene|Hatterene, F|100/100
|turn|1
|
|t:|1760311319
|move|p1a: Zapdos|Discharge|p2a: Hatterene
|-damage|p2a: Hatterene|70/100
|move|p2a: Hatterene|Psychic Noise|p1a: Zapdos
|-damage|p1a: Zapdos|67/100
|-start|p1a: Zapdos|move: Heal Block
|
|upkeep
|turn|2
|
|t:|1760311329
|switch|p2a: Garchomp|Garchomp, M|100/100
|move|p1a: Zapdos|Discharge|p2a: Garchomp
|-immune|p2a: Garchomp
|
|-end|p1a: Zapdos|move: Heal Block
|upkeep
|turn|3
|
|t:|1760311336
|move|p2a: Garchomp|Stealth Rock|p1a: Zapdos
|-sidestart|p1: snoppp|move: Stealth Rock
|move|p1a: Zapdos|Hurricane|p2a: Garchomp|[miss]
|-miss|p1a: Zapdos|p2a: Garchomp
|
|upkeep
|turn|4
|
|t:|1760311341
|move|p2a: Garchomp|Scale Shot|p1a: Zapdos
|-damage|p1a: Zapdos|57/100
|-damage|p1a: Zapdos|47/100
|-damage|p1a: Zapdos|38/100
|-damage|p1a: Zapdos|28/100
|-damage|p1a: Zapdos|17/100
|-hitcount|p1a: Zapdos|5
|-unboost|p2a: Garchomp|def|1
|-boost|p2a: Garchomp|spe|1
|move|p1a: Zapdos|Hurricane|p2a: Garchomp|[miss]
|-miss|p1a: Zapdos|p2a: Garchomp
|
|upkeep
|turn|5
|
|t:|1760311354
|switch|p1a: Fezandipiti|Fezandipiti, M|100/100
|move|p2a: Garchomp|Scale Shot|p1a: Fezandipiti
|-immune|p1a: Fezandipiti
|
|upkeep
|turn|6
|
|t:|1760311361
|move|p2a: Garchomp|Earthquake|p1a: Fezandipiti
|-supereffective|p1a: Fezandipiti
|-damage|p1a: Fezandipiti|26/100
|move|p1a: Fezandipiti|Moonblast|p2a: Garchomp
|-supereffective|p2a: Garchomp
|-damage|p2a: Garchomp|41/100
|
|upkeep
|turn|7
|
|t:|1760311369
|switch|p1a: Great Tusk|Great Tusk|100/100
|move|p2a: Garchomp|Earthquake|p1a: Great Tusk
|-crit|p1a: Great Tusk
|-damage|p1a: Great Tusk|46/100
|
|upkeep
|turn|8
|
|t:|1760311375
|move|p2a: Garchomp|Scale Shot|p1a: Great Tusk
|-damage|p1a: Great Tusk|36/100
|-damage|p1a: Great Tusk|26/100
|-damage|p1a: Great Tusk|17/100
|-damage|p1a: Great Tusk|7/100
|-damage|p1a: Great Tusk|0 fnt
|faint|p1a: Great Tusk
|-end|p1a: Great Tusk|Protosynthesis|[silent]
|-hitcount|p1: Great Tusk|5
|-unboost|p2a: Garchomp|def|1
|-boost|p2a: Garchomp|spe|1
|
|upkeep
|
|t:|1760311379
|switch|p1a: Enamorus|Enamorus, F|100/100
|-damage|p1a: Enamorus|76/100|[from] Stealth Rock
|turn|9
|
|t:|1760311389
|switch|p2a: Pelipper|Pelipper, F|100/100
|-weather|RainDance|[from] ability: Drizzle|[of] p2a: Pelipper
|move|p1a: Enamorus|Moonblast|p2a: Pelipper
|-damage|p2a: Pelipper|27/100
|
|-weather|RainDance|[upkeep]
|upkeep
|turn|10
|
|t:|1760311397
|move|p1a: Enamorus|Moonblast|p2a: Pelipper
|-damage|p2a: Pelipper|0 fnt
|faint|p2a: Pelipper
|
|-weather|RainDance|[upkeep]
|upkeep
|
|t:|1760311401
|switch|p2a: Kingdra|Kingdra, F|100/100
|turn|11
|
|t:|1760311409
|switch|p1a: Zapdos|Zapdos|17/100
|move|p2a: Kingdra|Weather Ball|p1a: Zapdos
|-crit|p1a: Zapdos
|-damage|p1a: Zapdos|0 fnt
|faint|p1a: Zapdos
|-damage|p2a: Kingdra|91/100|[from] item: Life Orb
|
|-weather|RainDance|[upkeep]
|upkeep
|
|t:|1760311412
|switch|p1a: Zarude|Zarude-Dada|100/100
|turn|12
|
|t:|1760311426
|move|p2a: Kingdra|Hurricane|p1a: Zarude
|-supereffective|p1a: Zarude
|-damage|p1a: Zarude|15/100
|-damage|p2a: Kingdra|81/100|[from] item: Life Orb
|move|p1a: Zarude|Power Whip|p2a: Kingdra
|-damage|p2a: Kingdra|0 fnt
|faint|p2a: Kingdra
|
|-weather|RainDance|[upkeep]
|upkeep
|
|t:|1760311438
|switch|p2a: Ogerpon|Ogerpon-Wellspring, F|100/100
|turn|13
|
|t:|1760311442
|move|p2a: Ogerpon|Ivy Cudgel|p1a: Zarude|[anim] Ivy Cudgel Water
|-resisted|p1a: Zarude
|-damage|p1a: Zarude|0 fnt
|faint|p1a: Zarude
|
|-weather|RainDance|[upkeep]
|upkeep
|
|t:|1760311447
|switch|p1a: Gholdengo|Gholdengo|100/100
|-damage|p1a: Gholdengo|94/100|[from] Stealth Rock
|-item|p1a: Gholdengo|Air Balloon
|turn|14
|
|t:|1760311459
|move|p2a: Ogerpon|Swords Dance|p2a: Ogerpon
|-boost|p2a: Ogerpon|atk|2
|move|p1a: Gholdengo|Shadow Ball|p2a: Ogerpon
|-damage|p2a: Ogerpon|66/100
|
|-weather|RainDance|[upkeep]
|upkeep
|turn|15
|
|t:|1760311465
|move|p2a: Ogerpon|Ivy Cudgel|p1a: Gholdengo|[anim] Ivy Cudgel Water
|-damage|p1a: Gholdengo|0 fnt
|-enditem|p1a: Gholdengo|Air Balloon
|faint|p1a: Gholdengo
|
|-weather|RainDance|[upkeep]
|upkeep
|
|t:|1760311468
|switch|p1a: Enamorus|Enamorus, F|76/100
|-damage|p1a: Enamorus|51/100|[from] Stealth Rock
|turn|16
|
|t:|1760311474
|-terastallize|p1a: Enamorus|Stellar
|-terastallize|p2a: Ogerpon|Water
|detailschange|p2a: Ogerpon|Ogerpon-Wellspring-Tera, F, tera:Water
|-ability|p2a: Ogerpon|Embody Aspect (Wellspring)|boost
|-boost|p2a: Ogerpon|spd|1
|move|p1a: Enamorus|Tera Blast|p2a: Ogerpon|[anim] Tera Blast Stellar
|-supereffective|p2a: Ogerpon
|-damage|p2a: Ogerpon|0 fnt
|-boost|p1a: Enamorus|atk|1
|-boost|p1a: Enamorus|spa|1
|faint|p2a: Ogerpon
|detailschange|p2: Ogerpon|Ogerpon-Wellspring, F|[silent]
|
|-weather|none
|upkeep
|
|t:|1760311488
|switch|p2a: Hatterene|Hatterene, F|70/100
|turn|17
|
|t:|1760311490
|move|p1a: Enamorus|Tera Blast|p2a: Hatterene|[anim] Tera Blast Stellar
|-damage|p2a: Hatterene|24/100
|-boost|p1a: Enamorus|atk|1
|-boost|p1a: Enamorus|spa|1
|move|p2a: Hatterene|Nuzzle|p1a: Enamorus
|-supereffective|p1a: Enamorus
|-damage|p1a: Enamorus|38/100
|-status|p1a: Enamorus|par
|
|upkeep
|turn|18
|
|t:|1760311500
|move|p1a: Enamorus|Tera Blast|p2a: Hatterene|[anim] Tera Blast Stellar
|-damage|p2a: Hatterene|0 fnt
|-boost|p1a: Enamorus|atk|1
|-boost|p1a: Enamorus|spa|1
|faint|p2a: Hatterene
|
|upkeep
|
|t:|1760311507
|switch|p2a: Primarina|Primarina, F|100/100
|turn|19
|
|t:|1760311515
|move|p1a: Enamorus|Tera Blast|p2a: Primarina|[anim] Tera Blast Stellar
|-damage|p2a: Primarina|28/100
|-boost|p1a: Enamorus|atk|1
|-boost|p1a: Enamorus|spa|1
|move|p2a: Primarina|Calm Mind|p2a: Primarina
|-boost|p2a: Primarina|spa|1
|-boost|p2a: Primarina|spd|1
|
|-heal|p2a: Primarina|34/100|[from] item: Leftovers
|upkeep
|turn|20
|
|t:|1760311524
|move|p1a: Enamorus|Tera Blast|p2a: Primarina|[anim] Tera Blast Stellar
|-damage|p2a: Primarina|0 fnt
|-boost|p1a: Enamorus|atk|1
|-boost|p1a: Enamorus|spa|1
|faint|p2a: Primarina
|
|upkeep
|-message|prince_holdaspoon forfeited.
|
|win|snoppp
|raw|snoppp's rating: 1477 &rarr; <strong>1500</strong><br />(+23 for winning)
|raw|prince_holdaspoon's rating: 1535 &rarr; <strong>1512</strong><br />(-23 for losing)
|l|☆prince_holdaspoon
|player|p2|
|l|☆snoppp
|player|p1|
