|j|☆BigBadGuzmaIsHere
|j|☆duuxsu
|t:|1760461671
|gametype|singles
|player|p1|BigBadGuzmaIsHere|guzma|1169
|player|p2|duuxsu|roxie|1250
|gen|9
|tier|[Gen 9] OU
|rated|
|rule|HP Percentage Mod: HP is shown in percentages
|rule|Endless Battle Clause: Forcing endless battles is banned
|rule|Species Clause: Limit one of each Pokémon
|rule|OHKO Clause: OHKO moves are banned
|rule|Evasion Items Clause: Evasion items are banned
|rule|Evasion Moves Clause: Evasion moves are banned
|rule|Evasion Abilities Clause: Evasion abilities are banned
|rule|Sleep Moves Clause: Sleep-inducing moves are banned
|clearpoke
|poke|p1|Scizor, F|
|poke|p1|Araquanid, F|
|poke|p1|Yanmega, F|
|poke|p1|Masquerain, F|
|poke|p1|Frosmoth, F|
|poke|p1|Slither Wing|
|poke|p2|Darkrai|
|poke|p2|Great Tusk|
|poke|p2|Gholdengo|
|poke|p2|Kingambit, M|
|poke|p2|Glimmora, M|
|poke|p2|Dragonite, M|
|teampreview
|
|t:|1760461690
|teamsize|p1|6
|teamsize|p2|6
|start
|switch|p1a: Yanmega|Yanmega, F|100/100
|switch|p2a: Glimmora|Glimmora, M|100/100
|turn|1
|
|t:|1760461700
|move|p1a: Yanmega|Psychic|p2a: Glimmora
|-supereffective|p2a: Glimmora
|-damage|p2a: Glimmora|0 fnt
|faint|p2a: Glimmora
|
|upkeep
|
|t:|1760461707
|switch|p2a: Darkrai|Darkrai|100/100
|turn|2
|
|t:|1760461710
|switch|p1a: Golisopod 3|Slither Wing, shiny|100/100
|move|p2a: Darkrai|Ice Beam|p1a: Golisopod 3
|-damage|p1a: Golisopod 3|70/100
|
|upkeep
|turn|3
|
|t:|1760461716
|switch|p2a: Gholdengo|Gholdengo|100/100
|-item|p2a: Gholdengo|Air Balloon
|move|p1a: Golisopod 3|First Impression|p2a: Gholdengo
|-resisted|p2a: Gholdengo
|-damage|p2a: Gholdengo|79/100
|-enditem|p2a: Gholdengo|Air Balloon
|
|upkeep
|turn|4
|
|t:|1760461728
|-end|p1a: Golisopod 3|Protosynthesis|[silent]
|switch|p1a: Frosmoth|Frosmoth, F|100/100
|move|p2a: Gholdengo|Shadow Ball|p1a: Frosmoth
|-damage|p1a: Frosmoth|78/100
|-unboost|p1a: Frosmoth|spd|1
|
|upkeep
|turn|5
|
|t:|1760461737
|move|p2a: Gholdengo|Make It Rain|p1a: Frosmoth
|-supereffective|p1a: Frosmoth
|-damage|p1a: Frosmoth|0 fnt
|-unboost|p2a: Gholdengo|spa|1
|faint|p1a: Frosmoth
|
|upkeep
|
|t:|1760461747
|switch|p1a: Golisopod 3|Slither Wing, shiny|70/100
|turn|6
|
|t:|1760461755
|switch|p2a: Great Tusk|Great Tusk|100/100
|-enditem|p2a: Great Tusk|Booster Energy
|-activate|p2a: Great Tusk|ability: Protosynthesis|[fromitem]
|-start|p2a: Great Tusk|protosynthesisspe
|move|p1a: Golisopod 3|Flare Blitz|p2a: Great Tusk
|-damage|p2a: Great Tusk|59/100
|-damage|p1a: Golisopod 3|51/100|[from] Recoil
|
|upkeep
|turn|7
|
|t:|1760461771
|move|p2a: Great Tusk|Bulk Up|p2a: Great Tusk
|-boost|p2a: Great Tusk|atk|1
|-boost|p2a: Great Tusk|def|1
|move|p1a: Golisopod 3|Flare Blitz|p2a: Great Tusk
|-damage|p2a: Great Tusk|30/100
|-damage|p1a: Golisopod 3|38/100|[from] Recoil
|
|upkeep
|turn|8
|
|t:|1760461779
|move|p2a: Great Tusk|Headlong Rush|p1a: Golisopod 3
|-resisted|p1a: Golisopod 3
|-damage|p1a: Golisopod 3|0 fnt
|-unboost|p2a: Great Tusk|def|1
|-unboost|p2a: Great Tusk|spd|1
|faint|p1a: Golisopod 3
|-end|p1a: Golisopod 3|Protosynthesis|[silent]
|
|upkeep
|
|t:|1760461786
|switch|p1a: Yanmega|Yanmega, F|100/100
|turn|9
|
|t:|1760461794
|-terastallize|p1a: Yanmega|Bug
|move|p2a: Great Tusk|Head Smash|p1a: Yanmega|[miss]
|-miss|p2a: Great Tusk|p1a: Yanmega
|move|p1a: Yanmega|Bug Buzz|p2a: Great Tusk
|-resisted|p2a: Great Tusk
|-damage|p2a: Great Tusk|0 fnt
|faint|p2a: Great Tusk
|-end|p2a: Great Tusk|Protosynthesis|[silent]
|
|upkeep
|
|t:|1760461804
|switch|p2a: Darkrai|Darkrai|100/100
|turn|10
|
|t:|1760461807
|move|p2a: Darkrai|Ice Beam|p1a: Yanmega
|-damage|p1a: Yanmega|49/100
|move|p1a: Yanmega|Bug Buzz|p2a: Darkrai
|-supereffective|p2a: Darkrai
|-damage|p2a: Darkrai|0 fnt
|faint|p2a: Darkrai
|
|upkeep
|
|t:|1760461815
|switch|p2a: Dragonite|Dragonite, M|100/100
|turn|11
|
|t:|1760461822
|move|p1a: Yanmega|Bug Buzz|p2a: Dragonite
|-resisted|p2a: Dragonite
|-damage|p2a: Dragonite|70/100
|move|p2a: Dragonite|Dragon Dance|p2a: Dragonite
|-boost|p2a: Dragonite|atk|1
|-boost|p2a: Dragonite|spe|1
|
|upkeep
|turn|12
|
|t:|1760461829
|-terastallize|p2a: Dragonite|Fairy
|move|p2a: Dragonite|Tera Blast|p1a: Yanmega|[anim] Tera Blast Fairy
|-damage|p1a: Yanmega|0 fnt
|faint|p1a: Yanmega
|
|upkeep
|
|t:|1760461836
|switch|p1a: Masquerain|Masquerain, F|100/100
|-ability|p1a: Masquerain|Intimidate|boost
|-unboost|p2a: Dragonite|atk|1
|turn|13
|
|t:|1760461847
|move|p2a: Dragonite|Roost|p2a: Dragonite
|-heal|p2a: Dragonite|100/100
|move|p1a: Masquerain|Ice Beam|p2a: Dragonite
|-damage|p2a: Dragonite|92/100
|
|upkeep
|turn|14
|
|t:|1760461856
|move|p2a: Dragonite|Dragon Dance|p2a: Dragonite
|-boost|p2a: Dragonite|atk|1
|-boost|p2a: Dragonite|spe|1
|move|p1a: Masquerain|U-turn|p2a: Dragonite
|-resisted|p2a: Dragonite
|-damage|p2a: Dragonite|85/100
|
|t:|1760461862
|switch|p1a: Scizor|Scizor, F|100/100|[from] U-turn
|
|upkeep
|turn|15
|
|t:|1760461868
|switch|p2a: Kingambit|Kingambit, M|100/100
|-activate|p2a: Kingambit|ability: Supreme Overlord
|-start|p2a: Kingambit|fallen3|[silent]
|move|p1a: Scizor|Swords Dance|p1a: Scizor
|-boost|p1a: Scizor|atk|2
|
|upkeep
|turn|16
|
|t:|1760461875
|move|p1a: Scizor|Close Combat|p2a: Kingambit
|-supereffective|p2a: Kingambit
|-damage|p2a: Kingambit|0 fnt
|-unboost|p1a: Scizor|def|1
|-unboost|p1a: Scizor|spd|1
|faint|p2a: Kingambit
|-end|p2a: Kingambit|fallen3|[silent]
|
|upkeep
|
|t:|1760461884
|switch|p2a: Gholdengo|Gholdengo|79/100
|turn|17
|
|t:|1760461898
|switch|p1a: Golisopod 2|Araquanid, F|100/100
|move|p2a: Gholdengo|Shadow Ball|p1a: Golisopod 2
|-damage|p1a: Golisopod 2|70/100
|
|upkeep
|turn|18
|
|t:|1760461907
|move|p2a: Gholdengo|Nasty Plot|p2a: Gholdengo
|-boost|p2a: Gholdengo|spa|2
|move|p1a: Golisopod 2|Liquidation|p2a: Gholdengo
|-damage|p2a: Gholdengo|0 fnt
|faint|p2a: Gholdengo
|
|upkeep
|
|t:|1760461913
|switch|p2a: Dragonite|Dragonite, M, tera:Fairy|85/100
|turn|19
|
|t:|1760461925
|move|p2a: Dragonite|Dragon Dance|p2a: Dragonite
|-boost|p2a: Dragonite|atk|1
|-boost|p2a: Dragonite|spe|1
|move|p1a: Golisopod 2|Liquidation|p2a: Dragonite
|-damage|p2a: Dragonite|18/100
|
|upkeep
|turn|20
|
|t:|1760461931
|move|p2a: Dragonite|Roost|p2a: Dragonite
|-heal|p2a: Dragonite|69/100
|move|p1a: Golisopod 2|Liquidation|p2a: Dragonite
|-damage|p2a: Dragonite|2/100
|
|upkeep
|turn|21
|-message|duuxsu forfeited.
|
|win|BigBadGuzmaIsHere
|raw|BigBadGuzmaIsHere's rating: 1169 &rarr; <strong>1200</strong><br />(+31 for winning)
|raw|duuxsu's rating: 1250 &rarr; <strong>1219</strong><br />(-31 for losing)
|l|☆duuxsu
|player|p2|
|l|☆BigBadGuzmaIsHere
|player|p1|
