|j|☆Doosuhh
|j|☆ballyhoogreen
|t:|1760366412
|gametype|singles
|player|p1|Doosuhh|psychic-gen4|1232
|player|p2|ballyhoogreen|maid|1188
|gen|9
|tier|[Gen 9] OU
|rated|
|rule|HP Percentage Mod: HP is shown in percentages
|rule|Endless Battle Clause: Forcing endless battles is banned
|rule|Species Clause: Limit one of each Pokémon
|rule|OHKO Clause: OHKO moves are banned
|rule|Evasion Items Clause: Evasion items are banned
|rule|Evasion Moves Clause: Evasion moves are banned
|rule|Evasion Abilities Clause: Evasion abilities are banned
|rule|Sleep Moves Clause: Sleep-inducing moves are banned
|clearpoke
|poke|p1|Ninetales, F|
|poke|p1|Cresselia, F|
|poke|p1|Walking Wake|
|poke|p1|Great Tusk|
|poke|p1|Zarude|
|poke|p1|Tornadus-Therian, M|
|poke|p2|Alomomola, F|
|poke|p2|Tornadus-Therian, M|
|poke|p2|Chesnaught, F|
|poke|p2|Flareon, M|
|poke|p2|Garchomp, M|
|poke|p2|Cinccino, M|
|teampreview
|inactive|Battle timer is ON: inactive players will automatically lose when time's up. (requested by ballyhoogreen)
|
|t:|1760366429
|teamsize|p1|6
|teamsize|p2|6
|start
|switch|p1a: Cresselia|Cresselia, F|100/100
|switch|p2a: Masochist|Garchomp, M|100/100
|turn|1
|
|t:|1760366436
|move|p2a: Masochist|Breaking Swipe|p1a: Cresselia
|-damage|p1a: Cresselia|86/100
|-unboost|p1a: Cresselia|atk|1
|-enditem|p1a: Cresselia|Eject Button
|
|t:|1760366443
|switch|p1a: Tornadus|Tornadus-Therian, M|100/100
|
|upkeep
|turn|2
|
|t:|1760366449
|switch|p2a: Flareon|Flareon, M|100/100
|move|p1a: Tornadus|Knock Off|p2a: Flareon
|-damage|p2a: Flareon|77/100
|-enditem|p2a: Flareon|Heavy-Duty Boots|[from] move: Knock Off|[of] p1a: Tornadus
|
|upkeep
|turn|3
|
|t:|1760366460
|move|p1a: Tornadus|Bleakwind Storm|p2a: Flareon
|-damage|p2a: Flareon|44/100
|move|p2a: Flareon|Wish|p2a: Flareon
|
|upkeep
|turn|4
|
|t:|1760366468
|switch|p2a: Tornadus|Tornadus-Therian, M|100/100
|move|p1a: Tornadus|U-turn|p2a: Tornadus
|-resisted|p2a: Tornadus
|-damage|p2a: Tornadus|92/100
|
|t:|1760366474
|switch|p1a: Ninetales|Ninetales, F|100/100|[from] U-turn
|-weather|SunnyDay|[from] ability: Drought|[of] p1a: Ninetales
|
|-weather|SunnyDay|[upkeep]
|-heal|p2a: Tornadus|100/100|[from] move: Wish|[wisher] Flareon
|upkeep
|turn|5
|
|t:|1760366491
|switch|p1a: Cresselia|Cresselia, F|86/100
|move|p2a: Tornadus|Nasty Plot|p2a: Tornadus
|-boost|p2a: Tornadus|spa|2
|
|-weather|SunnyDay|[upkeep]
|upkeep
|turn|6
|
|t:|1760366499
|move|p2a: Tornadus|Dark Pulse|p1a: Cresselia
|-supereffective|p1a: Cresselia
|-damage|p1a: Cresselia|33/100
|cant|p1a: Cresselia|flinch
|
|-weather|SunnyDay|[upkeep]
|upkeep
|turn|7
|
|t:|1760366512
|-terastallize|p1a: Cresselia|Fairy
|move|p2a: Tornadus|Air Slash|p1a: Cresselia|[miss]
|-miss|p2a: Tornadus|p1a: Cresselia
|move|p1a: Cresselia|Thunder Wave|p2a: Tornadus
|-status|p2a: Tornadus|par
|
|-weather|SunnyDay|[upkeep]
|upkeep
|turn|8
|
|t:|1760366522
|move|p2a: Tornadus|Air Slash|p1a: Cresselia
|-damage|p1a: Cresselia|0 fnt
|faint|p1a: Cresselia
|
|-weather|SunnyDay|[upkeep]
|upkeep
|-message|Doosuhh forfeited.
|
|win|ballyhoogreen
|raw|Doosuhh's rating: 1232 &rarr; <strong>1204</strong><br />(-28 for losing)
|raw|ballyhoogreen's rating: 1188 &rarr; <strong>1216</strong><br />(+28 for winning)
|l|☆Doosuhh
|player|p1|
|l|☆ballyhoogreen
|player|p2|
