|j|☆xlbxaaa
|j|‽renderfailed
|t:|1760367410
|gametype|singles
|player|p1|xlbxaaa|dawn|1177
|player|p2|renderfailed|pokemaniac|1191
|gen|9
|tier|[Gen 9] OU
|rated|
|rule|HP Percentage Mod: HP is shown in percentages
|rule|Endless Battle Clause: Forcing endless battles is banned
|rule|Species Clause: Limit one of each Pokémon
|rule|OHKO Clause: OHKO moves are banned
|rule|Evasion Items Clause: Evasion items are banned
|rule|Evasion Moves Clause: Evasion moves are banned
|rule|Evasion Abilities Clause: Evasion abilities are banned
|rule|Sleep Moves Clause: Sleep-inducing moves are banned
|clearpoke
|poke|p1|Pelipper, M|
|poke|p1|Greninja-*, M|
|poke|p1|Basculegion, M|
|poke|p1|Zapdos|
|poke|p1|Sandy Shocks|
|poke|p1|Scizor, F|
|poke|p2|Ninetales-Alola, F|
|poke|p2|Emboar, M|
|poke|p2|Alomomola, M|
|poke|p2|Landorus-Therian, M|
|poke|p2|Clawitzer, F|
|poke|p2|Sandslash-Alola, M|
|teampreview
|
|t:|1760367419
|teamsize|p1|6
|teamsize|p2|6
|start
|switch|p1a: Sandy Shocks|Sandy Shocks|100/100
|switch|p2a: Ninetales|Ninetales-Alola, F|100/100
|-weather|Snowscape|[from] ability: Snow Warning|[of] p2a: Ninetales
|-enditem|p1a: Sandy Shocks|Booster Energy
|-activate|p1a: Sandy Shocks|ability: Protosynthesis|[fromitem]
|-start|p1a: Sandy Shocks|protosynthesisspe
|turn|1
|
|t:|1760367434
|move|p1a: Sandy Shocks|Earth Power|p2a: Ninetales
|-damage|p2a: Ninetales|62/100
|move|p2a: Ninetales|Aurora Veil|p2a: Ninetales
|-sidestart|p2: renderfailed|move: Aurora Veil
|
|-weather|Snowscape|[upkeep]
|upkeep
|turn|2
|
|t:|1760367445
|switch|p2a: Clawitzer|Clawitzer, F|100/100
|move|p1a: Sandy Shocks|Stealth Rock|p2a: Clawitzer
|-sidestart|p2: renderfailed|move: Stealth Rock
|
|-weather|Snowscape|[upkeep]
|upkeep
|turn|3
|
|t:|1760367452
|move|p1a: Sandy Shocks|Thunderbolt|p2a: Clawitzer
|-supereffective|p2a: Clawitzer
|-damage|p2a: Clawitzer|39/100
|move|p2a: Clawitzer|Water Pulse|p1a: Sandy Shocks
|-supereffective|p1a: Sandy Shocks
|-damage|p1a: Sandy Shocks|0 fnt
|faint|p1a: Sandy Shocks
|-end|p1a: Sandy Shocks|Protosynthesis|[silent]
|
|-weather|Snowscape|[upkeep]
|upkeep
|
|t:|1760367466
|switch|p1a: Pelipper|Pelipper, M|100/100
|-weather|RainDance|[from] ability: Drizzle|[of] p1a: Pelipper
|turn|4
|
|t:|1760367479
|move|p2a: Clawitzer|Water Pulse|p1a: Pelipper
|-resisted|p1a: Pelipper
|-damage|p1a: Pelipper|28/100
|move|p1a: Pelipper|Hurricane|p2a: Clawitzer
|-damage|p2a: Clawitzer|4/100
|
|-weather|RainDance|[upkeep]
|upkeep
|turn|5
|
|t:|1760367489
|switch|p1a: Greninja|Greninja, M|100/100
|move|p2a: Clawitzer|Water Pulse|p1a: Greninja
|-resisted|p1a: Greninja
|-damage|p1a: Greninja|8/100
|
|-weather|RainDance|[upkeep]
|upkeep
|turn|6
|
|t:|1760367502
|move|p1a: Greninja|Water Shuriken|p2a: Clawitzer
|-start|p1a: Greninja|typechange|Water|[from] ability: Protean
|-resisted|p2a: Clawitzer
|-damage|p2a: Clawitzer|0 fnt
|faint|p2a: Clawitzer
|-hitcount|p2: Clawitzer|1
|-damage|p1a: Greninja|0 fnt|[from] item: Life Orb
|faint|p1a: Greninja
|
|-weather|RainDance|[upkeep]
|upkeep
|
|t:|1760367515
|switch|p1a: Pelipper|Pelipper, M|28/100
|switch|p2a: Ninetales|Ninetales-Alola, F|62/100
|-damage|p2a: Ninetales|37/100|[from] Stealth Rock
|-weather|Snowscape|[from] ability: Snow Warning|[of] p2a: Ninetales
|-weather|RainDance|[from] ability: Drizzle|[of] p1a: Pelipper
|turn|7
|inactive|Battle timer is ON: inactive players will automatically lose when time's up. (requested by xlbxaaa)
|
|t:|1760367570
|switch|p2a: Sandslash|Sandslash-Alola, M|100/100
|-damage|p2a: Sandslash|88/100|[from] Stealth Rock
|move|p1a: Pelipper|Surf|p2a: Sandslash
|-damage|p2a: Sandslash|57/100
|
|-weather|RainDance|[upkeep]
|-heal|p2a: Sandslash|63/100|[from] item: Leftovers
|upkeep
|turn|8
|
|t:|1760367589
|switch|p1a: Basculegion|Basculegion, M|100/100
|move|p2a: Sandslash|Knock Off|p1a: Basculegion
|-supereffective|p1a: Basculegion
|-damage|p1a: Basculegion|41/100
|-enditem|p1a: Basculegion|Choice Band|[from] move: Knock Off|[of] p2a: Sandslash
|
|-weather|RainDance|[upkeep]
|-heal|p2a: Sandslash|69/100|[from] item: Leftovers
|-sideend|p2: renderfailed|move: Aurora Veil
|upkeep
|turn|9
|
|t:|1760367603
|switch|p2a: Alomomola|Alomomola, M|100/100
|-terastallize|p1a: Basculegion|Water
|move|p1a: Basculegion|Wave Crash|p2a: Alomomola
|-resisted|p2a: Alomomola
|-damage|p2a: Alomomola|70/100
|-damage|p1a: Basculegion|27/100|[from] Recoil
|
|-weather|RainDance|[upkeep]
|upkeep
|turn|10
|
|t:|1760367614
|switch|p1a: Zapdos|Zapdos|100/100
|move|p2a: Alomomola|Scald|p1a: Zapdos
|-damage|p1a: Zapdos|81/100
|
|-weather|RainDance|[upkeep]
|upkeep
|turn|11
|
|t:|1760367623
|move|p1a: Zapdos|Thunder|p2a: Alomomola
|-supereffective|p2a: Alomomola
|-damage|p2a: Alomomola|0 fnt
|faint|p2a: Alomomola
|
|-weather|RainDance|[upkeep]
|upkeep
|
|t:|1760367650
|switch|p2a: Ninetales|Ninetales-Alola, F|37/100
|-damage|p2a: Ninetales|12/100|[from] Stealth Rock
|-weather|Snowscape|[from] ability: Snow Warning|[of] p2a: Ninetales
|turn|12
|
|t:|1760367656
|move|p2a: Ninetales|Aurora Veil|p2a: Ninetales
|-sidestart|p2: renderfailed|move: Aurora Veil
|move|p1a: Zapdos|U-turn|p2a: Ninetales
|-resisted|p2a: Ninetales
|-damage|p2a: Ninetales|9/100
|
|t:|1760367661
|switch|p1a: Pelipper|Pelipper, M|28/100|[from] U-turn
|-weather|RainDance|[from] ability: Drizzle|[of] p1a: Pelipper
|
|-weather|RainDance|[upkeep]
|upkeep
|turn|13
|
|t:|1760367682
|switch|p2a: Emboar|Emboar, M|100/100
|-damage|p2a: Emboar|88/100|[from] Stealth Rock
|move|p1a: Pelipper|U-turn|p2a: Emboar
|-resisted|p2a: Emboar
|-damage|p2a: Emboar|87/100
|
|t:|1760367689
|switch|p1a: Basculegion|Basculegion, M, tera:Water|27/100|[from] U-turn
|
|-weather|RainDance|[upkeep]
|upkeep
|turn|14
|
|t:|1760367701
|move|p1a: Basculegion|Wave Crash|p2a: Emboar
|-supereffective|p2a: Emboar
|-damage|p2a: Emboar|0 fnt
|faint|p2a: Emboar
|-damage|p1a: Basculegion|0 fnt|[from] Recoil
|faint|p1a: Basculegion
|
|-weather|RainDance|[upkeep]
|upkeep
|-message|renderfailed forfeited.
|
|win|xlbxaaa
|raw|xlbxaaa's rating: 1177 &rarr; <strong>1203</strong><br />(+26 for winning)
|raw|renderfailed's rating: 1191 &rarr; <strong>1165</strong><br />(-26 for losing)
|l|‽renderfailed
|player|p2|
|l|☆xlbxaaa
|player|p1|
