|j|☆eliopl24
|j|☆backpackandflatcap
|t:|1760359353
|gametype|singles
|player|p1|eliopl24|janitor|1338
|player|p2|backpackandflatcap|102|1331
|gen|9
|tier|[Gen 9] OU
|rated|
|rule|HP Percentage Mod: HP is shown in percentages
|rule|Endless Battle Clause: Forcing endless battles is banned
|rule|Species Clause: Limit one of each Pokémon
|rule|OHKO Clause: OHKO moves are banned
|rule|Evasion Items Clause: Evasion items are banned
|rule|Evasion Moves Clause: Evasion moves are banned
|rule|Evasion Abilities Clause: Evasion abilities are banned
|rule|Sleep Moves Clause: Sleep-inducing moves are banned
|clearpoke
|poke|p1|Pelipper, M|
|poke|p1|Zapdos|
|poke|p1|Electrode-Hisui|
|poke|p1|Iron Treads|
|poke|p1|Heatran, M|
|poke|p1|Barraskewda, M|
|poke|p2|Alomomola, M|
|poke|p2|Blaziken, F|
|poke|p2|Araquanid, M|
|poke|p2|Dragapult, F|
|poke|p2|Meowscarada, F|
|poke|p2|Great Tusk|
|teampreview
|inactive|Battle timer is ON: inactive players will automatically lose when time's up. (requested by eliopl24)
|
|t:|1760359367
|teamsize|p1|6
|teamsize|p2|6
|start
|switch|p1a: Electrode|Electrode-Hisui|100/100
|switch|p2a: Dragapult|Dragapult, F|100/100
|turn|1
|
|t:|1760359376
|move|p1a: Electrode|Volt Switch|p2a: Dragapult
|-resisted|p2a: Dragapult
|-damage|p2a: Dragapult|83/100
|
|t:|1760359380
|switch|p1a: Heatran|Heatran, M|100/100|[from] Volt Switch
|move|p2a: Dragapult|Shadow Ball|p1a: Heatran
|-crit|p1a: Heatran
|-damage|p1a: Heatran|55/100
|
|-heal|p1a: Heatran|61/100|[from] item: Leftovers
|upkeep
|turn|2
|
|t:|1760359386
|move|p2a: Dragapult|Shadow Ball|p1a: Heatran
|-damage|p1a: Heatran|28/100
|move|p1a: Heatran|Stealth Rock|p2a: Dragapult
|-sidestart|p2: backpackandflatcap|move: Stealth Rock
|
|-heal|p1a: Heatran|34/100|[from] item: Leftovers
|upkeep
|turn|3
|
|t:|1760359413
|move|p2a: Dragapult|Shadow Ball|p1a: Heatran
|-damage|p1a: Heatran|0 fnt
|faint|p1a: Heatran
|
|upkeep
|inactive|eliopl24 has 120 seconds left.
|
|t:|1760359425
|switch|p1a: Iron Treads|Iron Treads|100/100
|turn|4
|
|t:|1760359439
|move|p2a: Dragapult|Shadow Ball|p1a: Iron Treads
|-damage|p1a: Iron Treads|23/100
|move|p1a: Iron Treads|Earthquake|p2a: Dragapult
|-damage|p2a: Dragapult|0 fnt
|faint|p2a: Dragapult
|
|upkeep
|
|t:|1760359445
|switch|p2a: Blaziken|Blaziken, F|100/100
|-damage|p2a: Blaziken|88/100|[from] Stealth Rock
|turn|5
|
|t:|1760359453
|move|p2a: Blaziken|Protect|p2a: Blaziken
|-singleturn|p2a: Blaziken|Protect
|move|p1a: Iron Treads|Earthquake|p2a: Blaziken
|-activate|p2a: Blaziken|move: Protect
|
|-ability|p2a: Blaziken|Speed Boost|boost
|-boost|p2a: Blaziken|spe|1
|upkeep
|turn|6
|inactive|backpackandflatcap has 120 seconds left.
|inactive|backpackandflatcap has 90 seconds left.
|inactive|backpackandflatcap has 60 seconds left.
|
|t:|1760359550
|move|p2a: Blaziken|Knock Off|p1a: Iron Treads
|-damage|p1a: Iron Treads|0 fnt
|-enditem|p1a: Iron Treads|Choice Band|[from] move: Knock Off|[of] p2a: Blaziken
|faint|p1a: Iron Treads
|-end|p1a: Iron Treads|Quark Drive|[silent]
|-damage|p2a: Blaziken|78/100|[from] item: Life Orb
|
|-ability|p2a: Blaziken|Speed Boost|boost
|-boost|p2a: Blaziken|spe|1
|upkeep
|inactive|eliopl24 has 120 seconds left.
|inactive|eliopl24 has 90 seconds left.
|inactive|eliopl24 has 60 seconds left.
|
|t:|1760359642
|switch|p1a: Pelipper|Pelipper, M|100/100
|-weather|RainDance|[from] ability: Drizzle|[of] p1a: Pelipper
|turn|7
|inactive|backpackandflatcap has 60 seconds left.
|
|t:|1760359657
|move|p2a: Blaziken|Knock Off|p1a: Pelipper
|-damage|p1a: Pelipper|70/100
|-enditem|p1a: Pelipper|Damp Rock|[from] move: Knock Off|[of] p2a: Blaziken
|-damage|p2a: Blaziken|68/100|[from] item: Life Orb
|move|p1a: Pelipper|Weather Ball|p2a: Blaziken
|-supereffective|p2a: Blaziken
|-crit|p2a: Blaziken
|-damage|p2a: Blaziken|0 fnt
|faint|p2a: Blaziken
|
|-weather|RainDance|[upkeep]
|upkeep
|inactive|backpackandflatcap has 60 seconds left.
|
|t:|1760359675
|switch|p2a: Meowscarada|Meowscarada, F|100/100
|-damage|p2a: Meowscarada|88/100|[from] Stealth Rock
|turn|8
|inactive|eliopl24 has 60 seconds left.
|
|t:|1760359697
|move|p2a: Meowscarada|Triple Axel|p1a: Pelipper
|-start|p2a: Meowscarada|typechange|Ice|[from] ability: Protean
|-crit|p1a: Pelipper
|-damage|p1a: Pelipper|59/100
|-hitcount|p1a: Pelipper|1
|move|p1a: Pelipper|U-turn|p2a: Meowscarada
|-damage|p2a: Meowscarada|73/100
|inactive|eliopl24 has 60 seconds left.
|
|t:|1760359709
|switch|p1a: Barraskewda|Barraskewda, M|100/100|[from] U-turn
|
|-weather|RainDance|[upkeep]
|upkeep
|turn|9
|inactive|backpackandflatcap has 60 seconds left.
|
|t:|1760359725
|switch|p2a: Alomomola|Alomomola, M|100/100
|move|p1a: Barraskewda|Flip Turn|p2a: Alomomola
|-resisted|p2a: Alomomola
|-crit|p2a: Alomomola
|-damage|p2a: Alomomola|70/100
|
|t:|1760359733
|switch|p1a: Zapdos|Zapdos|100/100|[from] Flip Turn
|
|-weather|RainDance|[upkeep]
|upkeep
|turn|10
|
|t:|1760359737
|move|p2a: Alomomola|Protect|p2a: Alomomola
|-singleturn|p2a: Alomomola|Protect
|move|p1a: Zapdos|Thunder|p2a: Alomomola
|-activate|p2a: Alomomola|move: Protect
|
|-weather|RainDance|[upkeep]
|upkeep
|turn|11
|
|t:|1760359742
|-terastallize|p2a: Alomomola|Dragon
|move|p1a: Zapdos|Thunder|p2a: Alomomola
|-resisted|p2a: Alomomola
|-damage|p2a: Alomomola|39/100
|move|p2a: Alomomola|Flip Turn|p1a: Zapdos
|-damage|p1a: Zapdos|74/100
|
|t:|1760359752
|switch|p2a: Araquanid|Araquanid, M|100/100|[from] Flip Turn
|-damage|p2a: Araquanid|76/100|[from] Stealth Rock
|
|-weather|RainDance|[upkeep]
|upkeep
|turn|12
|-activate|p2a: Araquanid|item: Quick Claw
|
|t:|1760359756
|move|p2a: Araquanid|Liquidation|p1a: Zapdos
|-damage|p1a: Zapdos|0 fnt
|-status|p2a: Araquanid|par|[from] ability: Static|[of] p1a: Zapdos
|faint|p1a: Zapdos
|
|-weather|RainDance|[upkeep]
|upkeep
|
|t:|1760359761
|switch|p1a: Electrode|Electrode-Hisui|100/100
|turn|13
|inactive|backpackandflatcap has 90 seconds left.
|
|t:|1760359784
|move|p1a: Electrode|Volt Switch|p2a: Araquanid
|-supereffective|p2a: Araquanid
|-damage|p2a: Araquanid|30/100 par
|inactive|eliopl24 has 90 seconds left.
|inactive|eliopl24 has 60 seconds left.
|inactive|eliopl24 has 30 seconds left.
|inactive|eliopl24 has 20 seconds left.
|inactive|eliopl24 has 15 seconds left.
|inactive|eliopl24 has 10 seconds left.
|inactive|eliopl24 has 5 seconds left.
|-message|eliopl24 lost due to inactivity.
|
|win|backpackandflatcap
|raw|eliopl24's rating: 1338 &rarr; <strong>1318</strong><br />(-20 for losing)
|raw|backpackandflatcap's rating: 1331 &rarr; <strong>1351</strong><br />(+20 for winning)
|l|☆backpackandflatcap
|player|p2|
|l|☆eliopl24
|player|p1|
|j|☆eliopl24
|player|p1|eliopl24|janitor|
|l|☆eliopl24
|player|p1|
