|j|☆tounix
|j|☆Princessjosie1001!
|t:|1760303853
|gametype|singles
|player|p1|tounix|hilda|1333
|player|p2|Princessjosie1001!|nurse|1319
|gen|9
|tier|[Gen 9] OU
|rated|
|rule|HP Percentage Mod: HP is shown in percentages
|rule|Endless Battle Clause: Forcing endless battles is banned
|rule|Species Clause: Limit one of each Pokémon
|rule|OHKO Clause: OHKO moves are banned
|rule|Evasion Items Clause: Evasion items are banned
|rule|Evasion Moves Clause: Evasion moves are banned
|rule|Evasion Abilities Clause: Evasion abilities are banned
|rule|Sleep Moves Clause: Sleep-inducing moves are banned
|clearpoke
|poke|p1|Bisharp, M|
|poke|p1|Gligar, F|
|poke|p1|Qwilfish, M|
|poke|p1|Porygon2|
|poke|p1|Scyther, F|
|poke|p1|Morgrem, M|
|poke|p2|Yanmega, F|
|poke|p2|Cloyster, M|
|poke|p2|Salazzle, F|
|poke|p2|Espeon, F|
|poke|p2|Jirachi|
|poke|p2|Maushold-Four|
|teampreview
|inactive|Battle timer is ON: inactive players will automatically lose when time's up. (requested by tounix)
|
|t:|1760303868
|teamsize|p1|6
|teamsize|p2|6
|start
|switch|p1a: hehehe :3|Morgrem, M|100/100
|switch|p2a: Jirachi|Jirachi|100/100
|turn|1
|
|t:|1760303875
|switch|p2a: No hazard allowed|Espeon, F|100/100
|move|p1a: hehehe :3|Thunder Wave|p2a: No hazard allowed
|move|p2a: No hazard allowed|Thunder Wave|p1a: hehehe :3|[from] ability: Magic Bounce
|-status|p1a: hehehe :3|par
|
|upkeep
|turn|2
|
|t:|1760303884
|move|p1a: hehehe :3|Light Screen|p1a: hehehe :3
|-sidestart|p1: tounix|move: Light Screen
|move|p2a: No hazard allowed|Trick|p1a: hehehe :3
|-activate|p2a: No hazard allowed|move: Trick|[of] p1a: hehehe :3
|-item|p1a: hehehe :3|Choice Scarf|[from] move: Trick
|-item|p2a: No hazard allowed|Light Clay|[from] move: Trick
|
|upkeep
|turn|3
|
|t:|1760303892
|switch|p2a: Jirachi|Jirachi|100/100
|cant|p1a: hehehe :3|par
|
|upkeep
|turn|4
|
|t:|1760303897
|switch|p2a: No hazard allowed|Espeon, F|100/100
|move|p1a: hehehe :3|Reflect|p1a: hehehe :3
|-sidestart|p1: tounix|Reflect
|
|upkeep
|turn|5
|
|t:|1760303914
|switch|p2a: Salazzle|Salazzle, F|100/100
|switch|p1a: SO COOL|Bisharp, M|100/100
|
|upkeep
|turn|6
|
|t:|1760303933
|switch|p1a: he is so cute :3|Gligar, F|100/100
|move|p2a: Salazzle|Toxic|p1a: he is so cute :3
|-immune|p1a: he is so cute :3|[from] ability: Immunity
|
|upkeep
|turn|7
|
|t:|1760303947
|switch|p2a: No hazard allowed|Espeon, F|100/100
|move|p1a: he is so cute :3|Earthquake|p2a: No hazard allowed
|-damage|p2a: No hazard allowed|45/100
|
|upkeep
|turn|8
|
|t:|1760303954
|move|p2a: No hazard allowed|Psychic|p1a: he is so cute :3
|-damage|p1a: he is so cute :3|82/100
|move|p1a: he is so cute :3|Earthquake|p2a: No hazard allowed
|-damage|p2a: No hazard allowed|0 fnt
|faint|p2a: No hazard allowed
|
|-sideend|p1: tounix|Reflect
|upkeep
|
|t:|1760303962
|switch|p2a: Jirachi|Jirachi|100/100
|turn|9
|
|t:|1760303967
|move|p2a: Jirachi|Iron Head|p1a: he is so cute :3
|-damage|p1a: he is so cute :3|56/100
|cant|p1a: he is so cute :3|flinch
|
|-sideend|p1: tounix|move: Light Screen
|upkeep
|turn|10
|
|t:|1760303973
|move|p2a: Jirachi|Iron Head|p1a: he is so cute :3
|-damage|p1a: he is so cute :3|31/100
|move|p1a: he is so cute :3|Knock Off|p2a: Jirachi
|-supereffective|p2a: Jirachi
|-damage|p2a: Jirachi|65/100
|-enditem|p2a: Jirachi|Choice Scarf|[from] move: Knock Off|[of] p1a: he is so cute :3
|
|upkeep
|turn|11
|
|t:|1760303981
|switch|p1a: SO COOL|Bisharp, M|100/100
|move|p2a: Jirachi|Body Slam|p1a: SO COOL
|-resisted|p1a: SO COOL
|-damage|p1a: SO COOL|89/100
|-status|p1a: SO COOL|par
|
|upkeep
|turn|12
|
|t:|1760303994
|move|p2a: Jirachi|Iron Head|p1a: SO COOL
|-resisted|p1a: SO COOL
|-damage|p1a: SO COOL|72/100 par
|move|p1a: SO COOL|Swords Dance|p1a: SO COOL
|-boost|p1a: SO COOL|atk|2
|
|upkeep
|turn|13
|
|t:|1760304002
|move|p1a: SO COOL|Sucker Punch|p2a: Jirachi
|-supereffective|p2a: Jirachi
|-damage|p2a: Jirachi|0 fnt
|faint|p2a: Jirachi
|
|upkeep
|
|t:|1760304007
|switch|p2a: Yanmega|Yanmega, F|100/100
|turn|14
|
|t:|1760304020
|move|p1a: SO COOL|Sucker Punch|p2a: Yanmega
|-damage|p2a: Yanmega|0 fnt
|faint|p2a: Yanmega
|
|upkeep
|
|t:|1760304028
|switch|p2a: Salazzle|Salazzle, F|100/100
|turn|15
|
|t:|1760304032
|move|p1a: SO COOL|Sucker Punch|p2a: Salazzle
|-enditem|p2a: Salazzle|Focus Sash
|-damage|p2a: Salazzle|1/100
|move|p2a: Salazzle|Flamethrower|p1a: SO COOL
|-supereffective|p1a: SO COOL
|-damage|p1a: SO COOL|0 fnt
|faint|p1a: SO COOL
|
|upkeep
|
|t:|1760304046
|switch|p1a: he is so cute :3|Gligar, F|31/100
|turn|16
|
|t:|1760304052
|move|p2a: Salazzle|Flamethrower|p1a: he is so cute :3
|-damage|p1a: he is so cute :3|0 fnt
|faint|p1a: he is so cute :3
|
|upkeep
|
|t:|1760304057
|switch|p1a: system 348578|Porygon2|100/100
|-ability|p1a: system 348578|Download|boost
|-boost|p1a: system 348578|atk|1
|turn|17
|
|t:|1760304063
|move|p2a: Salazzle|Toxic|p1a: system 348578
|-status|p1a: system 348578|tox
|move|p1a: system 348578|Tri Attack|p2a: Salazzle
|-crit|p2a: Salazzle
|-damage|p2a: Salazzle|0 fnt
|faint|p2a: Salazzle
|
|-damage|p1a: system 348578|94/100 tox|[from] psn
|upkeep
|
|t:|1760304071
|switch|p2a: Maushold|Maushold-Four|100/100
|turn|18
|
|t:|1760304076
|-terastallize|p2a: Maushold|Ghost
|move|p2a: Maushold|Tidy Up|p2a: Maushold
|-boost|p2a: Maushold|atk|1
|-boost|p2a: Maushold|spe|1
|move|p1a: system 348578|Thunder Wave|p2a: Maushold
|-status|p2a: Maushold|par
|
|-damage|p1a: system 348578|82/100 tox|[from] psn
|upkeep
|turn|19
|
|t:|1760304085
|move|p2a: Maushold|Population Bomb|p1a: system 348578|[miss]
|-miss|p2a: Maushold|p1a: system 348578
|move|p1a: system 348578|Shadow Ball|p2a: Maushold
|-supereffective|p2a: Maushold
|-damage|p2a: Maushold|27/100 par
|-unboost|p2a: Maushold|spd|1
|
|-damage|p1a: system 348578|64/100 tox|[from] psn
|upkeep
|turn|20
|inactive|Princessjosie1001! has 120 seconds left.
|
|t:|1760304117
|-terastallize|p1a: system 348578|Ghost
|cant|p2a: Maushold|par
|move|p1a: system 348578|Shadow Ball|p2a: Maushold
|-supereffective|p2a: Maushold
|-damage|p2a: Maushold|0 fnt
|faint|p2a: Maushold
|
|-damage|p1a: system 348578|39/100 tox|[from] psn
|upkeep
|inactive|Princessjosie1001! has 120 seconds left.
|
|t:|1760304148
|switch|p2a: Cloyster|Cloyster, M|100/100
|turn|21
|
|t:|1760304152
|move|p2a: Cloyster|Shell Smash|p2a: Cloyster
|-unboost|p2a: Cloyster|def|1
|-unboost|p2a: Cloyster|spd|1
|-boost|p2a: Cloyster|atk|2
|-boost|p2a: Cloyster|spa|2
|-boost|p2a: Cloyster|spe|2
|move|p1a: system 348578|Thunder Wave|p2a: Cloyster
|-status|p2a: Cloyster|par
|
|-damage|p1a: system 348578|8/100 tox|[from] psn
|upkeep
|turn|22
|
|t:|1760304166
|cant|p2a: Cloyster|par
|move|p1a: system 348578|Tri Attack|p2a: Cloyster
|-enditem|p2a: Cloyster|Focus Sash
|-damage|p2a: Cloyster|1/100 par
|
|-damage|p1a: system 348578|0 fnt|[from] psn
|faint|p1a: system 348578
|upkeep
|-message|Princessjosie1001! forfeited.
|
|win|tounix
|raw|tounix's rating: 1333 &rarr; <strong>1352</strong><br />(+19 for winning)
|raw|Princessjosie1001!'s rating: 1319 &rarr; <strong>1300</strong><br />(-19 for losing)
|l|☆Princessjosie1001!
|player|p2|
|l|☆tounix
|player|p1|
