|badge|p2|bronze|gen9randombattle|100-7
|uhtml|medal-msg|<div class="broadcast-blue">Curious what those medals under the avatar are? PS now has Ladder Seasons! For more information, check out the <a href="https://www.smogon.com/forums/threads/3740067/">thread on Smogon.</a></div>
|j|☆kurobots
|j|☆ribena supernova
|t:|1760359625
|gametype|singles
|player|p1|kurobots|ghetsis-gen5bw|1563
|player|p2|ribena supernova|leaf-masters|1556
|gen|9
|tier|[Gen 9] OU
|rated|
|rule|HP Percentage Mod: HP is shown in percentages
|rule|Endless Battle Clause: Forcing endless battles is banned
|rule|Species Clause: Limit one of each Pokémon
|rule|OHKO Clause: OHKO moves are banned
|rule|Evasion Items Clause: Evasion items are banned
|rule|Evasion Moves Clause: Evasion moves are banned
|rule|Evasion Abilities Clause: Evasion abilities are banned
|rule|Sleep Moves Clause: Sleep-inducing moves are banned
|clearpoke
|poke|p1|Skeledirge, F|
|poke|p1|Ogerpon-Wellspring, F|
|poke|p1|Dragapult, M|
|poke|p1|Weezing-Galar, M|
|poke|p1|Ting-Lu|
|poke|p1|Corviknight, M|
|poke|p2|Gliscor, M|
|poke|p2|Walking Wake|
|poke|p2|Slowking-Galar, F|
|poke|p2|Zamazenta-*|
|poke|p2|Ting-Lu|
|poke|p2|Kingambit, M|
|teampreview
|inactive|Battle timer is ON: inactive players will automatically lose when time's up. (requested by kurobots)
|
|t:|1760359663
|teamsize|p1|6
|teamsize|p2|6
|start
|switch|p1a: Ogerpon|Ogerpon-Wellspring, F|100/100
|switch|p2a: Slowking|Slowking-Galar, F|100/100
|turn|1
|
|t:|1760359679
|move|p1a: Ogerpon|Knock Off|p2a: Slowking
|-supereffective|p2a: Slowking
|-damage|p2a: Slowking|32/100
|-enditem|p2a: Slowking|Heavy-Duty Boots|[from] move: Knock Off|[of] p1a: Ogerpon
|move|p2a: Slowking|Sludge Bomb|p1a: Ogerpon
|-supereffective|p1a: Ogerpon
|-damage|p1a: Ogerpon|31/100
|-status|p1a: Ogerpon|psn
|
|-damage|p1a: Ogerpon|19/100 psn|[from] psn
|upkeep
|turn|2
|
|t:|1760359697
|switch|p2a: Zamazenta|Zamazenta|100/100
|-ability|p2a: Zamazenta|Dauntless Shield|boost
|-boost|p2a: Zamazenta|def|1
|move|p1a: Ogerpon|Ivy Cudgel|p2a: Zamazenta|[anim] Ivy Cudgel Water
|-damage|p2a: Zamazenta|66/100
|
|-damage|p1a: Ogerpon|7/100 psn|[from] psn
|upkeep
|turn|3
|
|t:|1760359705
|switch|p1a: Weezing|Weezing-Galar, M|100/100
|-ability|p1a: Weezing|Neutralizing Gas
|move|p2a: Zamazenta|Crunch|p1a: Weezing
|-resisted|p1a: Weezing
|-damage|p1a: Weezing|89/100
|
|upkeep
|turn|4
|
|t:|1760359712
|switch|p2a: Ting-Lu|Ting-Lu|100/100
|move|p1a: Weezing|Will-O-Wisp|p2a: Ting-Lu
|-status|p2a: Ting-Lu|brn
|
|-damage|p2a: Ting-Lu|94/100 brn|[from] brn
|upkeep
|turn|5
|
|t:|1760359728
|-end|p1a: Weezing|ability: Neutralizing Gas
|-ability|p2a: Ting-Lu|Vessel of Ruin
|switch|p1a: Ting-Lu|Ting-Lu, shiny|100/100
|-ability|p1a: Ting-Lu|Vessel of Ruin
|move|p2a: Ting-Lu|Earthquake|p1a: Ting-Lu
|-damage|p1a: Ting-Lu|90/100
|
|-heal|p2a: Ting-Lu|100/100 brn|[from] item: Leftovers
|-heal|p1a: Ting-Lu|96/100|[from] item: Leftovers
|-damage|p2a: Ting-Lu|94/100 brn|[from] brn
|upkeep
|turn|6
|
|t:|1760359735
|move|p2a: Ting-Lu|Stealth Rock|p1a: Ting-Lu
|-sidestart|p1: kurobots|move: Stealth Rock
|move|p1a: Ting-Lu|Stealth Rock|p2a: Ting-Lu
|-sidestart|p2: ribena supernova|move: Stealth Rock
|
|-heal|p2a: Ting-Lu|100/100 brn|[from] item: Leftovers
|-heal|p1a: Ting-Lu|100/100|[from] item: Leftovers
|-damage|p2a: Ting-Lu|94/100 brn|[from] brn
|upkeep
|turn|7
|
|t:|1760359739
|move|p2a: Ting-Lu|Spikes|p1a: Ting-Lu
|-sidestart|p1: kurobots|Spikes
|move|p1a: Ting-Lu|Throat Chop|p2a: Ting-Lu
|-resisted|p2a: Ting-Lu
|-damage|p2a: Ting-Lu|87/100 brn
|-start|p2a: Ting-Lu|Throat Chop|[silent]
|
|-heal|p2a: Ting-Lu|94/100 brn|[from] item: Leftovers
|-damage|p2a: Ting-Lu|87/100 brn|[from] brn
|upkeep
|turn|8
|
|t:|1760359743
|move|p2a: Ting-Lu|Ruination|p1a: Ting-Lu|[miss]
|-miss|p2a: Ting-Lu|p1a: Ting-Lu
|move|p1a: Ting-Lu|Throat Chop|p2a: Ting-Lu
|-resisted|p2a: Ting-Lu
|-damage|p2a: Ting-Lu|81/100 brn
|
|-heal|p2a: Ting-Lu|87/100 brn|[from] item: Leftovers
|-damage|p2a: Ting-Lu|81/100 brn|[from] brn
|-end|p2a: Ting-Lu|Throat Chop|[silent]
|upkeep
|turn|9
|
|t:|1760359747
|switch|p1a: Weezing|Weezing-Galar, M|89/100
|-ability|p1a: Weezing|Neutralizing Gas
|move|p2a: Ting-Lu|Ruination|p1a: Weezing
|-damage|p1a: Weezing|45/100
|
|-heal|p2a: Ting-Lu|87/100 brn|[from] item: Leftovers
|-damage|p2a: Ting-Lu|81/100 brn|[from] brn
|upkeep
|turn|10
|
|t:|1760359753
|switch|p2a: Slowking|Slowking-Galar, F|65/100
|-damage|p2a: Slowking|53/100|[from] Stealth Rock
|move|p1a: Weezing|Pain Split|p2a: Slowking
|-sethp|p2a: Slowking|45/100|[from] move: Pain Split|[silent]
|-sethp|p1a: Weezing|53/100|[from] move: Pain Split
|
|upkeep
|turn|11
|
|t:|1760359756
|move|p1a: Weezing|Defog|p2a: Slowking
|-unboost|p2a: Slowking|evasion|1
|-sideend|p2: ribena supernova|Stealth Rock|[from] move: Defog|[of] p1a: Weezing
|-sideend|p1: kurobots|Spikes|[from] move: Defog|[of] p1a: Weezing
|-sideend|p1: kurobots|Stealth Rock|[from] move: Defog|[of] p1a: Weezing
|-prepare|p2a: Slowking|Chilly Reception|[premajor]
|move|p2a: Slowking|Chilly Reception|p2a: Slowking
|-weather|Snowscape
|
|t:|1760359759
|switch|p2a: Gliscor|Gliscor, M|100/100|[from] Chilly Reception
|
|-weather|Snowscape|[upkeep]
|-status|p2a: Gliscor|tox|[from] item: Toxic Orb
|upkeep
|turn|12
|
|t:|1760359766
|switch|p2a: Slowking|Slowking-Galar, F|45/100
|-end|p1a: Weezing|ability: Neutralizing Gas
|switch|p1a: Corviknight|Corviknight, M|100/100
|-ability|p1a: Corviknight|Pressure
|
|-weather|Snowscape|[upkeep]
|upkeep
|turn|13
|
|t:|1760359770
|move|p1a: Corviknight|U-turn|p2a: Slowking
|-damage|p2a: Slowking|30/100
|
|t:|1760359773
|switch|p1a: Ting-Lu|Ting-Lu, shiny|100/100|[from] U-turn
|-ability|p1a: Ting-Lu|Vessel of Ruin
|-prepare|p2a: Slowking|Chilly Reception|[premajor]
|move|p2a: Slowking|Chilly Reception|p2a: Slowking
|
|t:|1760359777
|switch|p2a: Walking Wake|Walking Wake|100/100|[from] Chilly Reception
|
|-weather|Snowscape|[upkeep]
|upkeep
|turn|14
|
|t:|1760359783
|move|p2a: Walking Wake|Knock Off|p1a: Ting-Lu
|-resisted|p1a: Ting-Lu
|-damage|p1a: Ting-Lu|96/100
|-enditem|p1a: Ting-Lu|Leftovers|[from] move: Knock Off|[of] p2a: Walking Wake
|move|p1a: Ting-Lu|Earthquake|p2a: Walking Wake
|-damage|p2a: Walking Wake|62/100
|
|-weather|Snowscape|[upkeep]
|upkeep
|turn|15
|
|t:|1760359789
|-end|p2a: Walking Wake|Protosynthesis|[silent]
|switch|p2a: Gliscor|Gliscor, M|100/100 tox
|move|p1a: Ting-Lu|Stealth Rock|p2a: Gliscor
|-sidestart|p2: ribena supernova|move: Stealth Rock
|
|-weather|none
|upkeep
|turn|16
|
|t:|1760359795
|switch|p1a: Corviknight|Corviknight, M|100/100
|-ability|p1a: Corviknight|Pressure
|move|p2a: Gliscor|Swords Dance|p2a: Gliscor
|-boost|p2a: Gliscor|atk|2
|
|upkeep
|turn|17
|
|t:|1760359798
|move|p2a: Gliscor|Swords Dance|p2a: Gliscor
|-boost|p2a: Gliscor|atk|2
|move|p1a: Corviknight|Iron Defense|p1a: Corviknight
|-boost|p1a: Corviknight|def|2
|
|upkeep
|turn|18
|
|t:|1760359800
|switch|p2a: Slowking|Slowking-Galar, F|64/100
|-damage|p2a: Slowking|51/100|[from] Stealth Rock
|move|p1a: Corviknight|Iron Defense|p1a: Corviknight
|-boost|p1a: Corviknight|def|2
|
|upkeep
|turn|19
|
|t:|1760359802
|move|p1a: Corviknight|Body Press|p2a: Slowking
|-resisted|p2a: Slowking
|-damage|p2a: Slowking|31/100
|-prepare|p2a: Slowking|Chilly Reception|[premajor]
|move|p2a: Slowking|Chilly Reception|p2a: Slowking
|-weather|Snowscape
|
|t:|1760359807
|switch|p2a: Gliscor|Gliscor, M|100/100 tox|[from] Chilly Reception
|-damage|p2a: Gliscor|88/100 tox|[from] Stealth Rock
|
|-weather|Snowscape|[upkeep]
|-heal|p2a: Gliscor|100/100 tox|[from] ability: Poison Heal
|upkeep
|turn|20
|
|t:|1760359810
|switch|p2a: Slowking|Slowking-Galar, F|64/100
|-damage|p2a: Slowking|52/100|[from] Stealth Rock
|move|p1a: Corviknight|Iron Defense|p1a: Corviknight
|-boost|p1a: Corviknight|def|2
|
|-weather|Snowscape|[upkeep]
|upkeep
|turn|21
|
|t:|1760359814
|move|p1a: Corviknight|Body Press|p2a: Slowking
|-resisted|p2a: Slowking
|-damage|p2a: Slowking|24/100
|move|p2a: Slowking|Flamethrower|p1a: Corviknight
|-supereffective|p1a: Corviknight
|-crit|p1a: Corviknight
|-damage|p1a: Corviknight|39/100
|
|-weather|Snowscape|[upkeep]
|upkeep
|turn|22
|
|t:|1760359824
|move|p1a: Corviknight|Roost|p1a: Corviknight
|-heal|p1a: Corviknight|89/100
|-singleturn|p1a: Corviknight|move: Roost
|move|p2a: Slowking|Flamethrower|p1a: Corviknight
|-supereffective|p1a: Corviknight
|-damage|p1a: Corviknight|42/100
|
|-weather|Snowscape|[upkeep]
|upkeep
|turn|23
|
|t:|1760359829
|move|p1a: Corviknight|Body Press|p2a: Slowking
|-resisted|p2a: Slowking
|-damage|p2a: Slowking|0 fnt
|faint|p2a: Slowking
|
|-weather|none
|upkeep
|
|t:|1760359831
|switch|p2a: Walking Wake|Walking Wake|62/100
|turn|24
|
|t:|1760359846
|switch|p1a: Dragapult|Dragapult, M|100/100
|move|p2a: Walking Wake|Scald|p1a: Dragapult
|-resisted|p1a: Dragapult
|-damage|p1a: Dragapult|75/100
|-status|p1a: Dragapult|brn
|
|-damage|p1a: Dragapult|69/100 brn|[from] brn
|upkeep
|turn|25
|
|t:|1760359856
|-end|p2a: Walking Wake|Protosynthesis|[silent]
|switch|p2a: Ting-Lu|Ting-Lu|81/100 brn
|-damage|p2a: Ting-Lu|74/100 brn|[from] Stealth Rock
|-ability|p2a: Ting-Lu|Vessel of Ruin
|move|p1a: Dragapult|Draco Meteor|p2a: Ting-Lu
|-damage|p2a: Ting-Lu|36/100 brn
|-unboost|p1a: Dragapult|spa|2
|
|-heal|p2a: Ting-Lu|42/100 brn|[from] item: Leftovers
|-damage|p1a: Dragapult|63/100 brn|[from] brn
|-damage|p2a: Ting-Lu|36/100 brn|[from] brn
|upkeep
|turn|26
|
|t:|1760359867
|switch|p1a: Ting-Lu|Ting-Lu, shiny|96/100
|-ability|p1a: Ting-Lu|Vessel of Ruin
|move|p2a: Ting-Lu|Stealth Rock|p1a: Ting-Lu
|-sidestart|p1: kurobots|move: Stealth Rock
|
|-heal|p2a: Ting-Lu|42/100 brn|[from] item: Leftovers
|-damage|p2a: Ting-Lu|36/100 brn|[from] brn
|upkeep
|turn|27
|
|t:|1760359869
|switch|p2a: Gliscor|Gliscor, M|100/100 tox
|-damage|p2a: Gliscor|88/100 tox|[from] Stealth Rock
|move|p1a: Ting-Lu|Stealth Rock||[still]
|-fail|p1a: Ting-Lu
|
|-heal|p2a: Gliscor|100/100 tox|[from] ability: Poison Heal
|upkeep
|turn|28
|
|t:|1760359884
|switch|p2a: Walking Wake|Walking Wake|62/100
|switch|p1a: Corviknight|Corviknight, M|42/100
|-damage|p1a: Corviknight|29/100|[from] Stealth Rock
|-ability|p1a: Corviknight|Pressure
|
|upkeep
|turn|29
|
|t:|1760359893
|switch|p1a: Ting-Lu|Ting-Lu, shiny|96/100
|-damage|p1a: Ting-Lu|89/100|[from] Stealth Rock
|-ability|p1a: Ting-Lu|Vessel of Ruin
|move|p2a: Walking Wake|Draco Meteor|p1a: Ting-Lu
|-damage|p1a: Ting-Lu|62/100
|-unboost|p2a: Walking Wake|spa|2
|
|upkeep
|turn|30
|
|t:|1760359900
|-end|p2a: Walking Wake|Protosynthesis|[silent]
|switch|p2a: Gliscor|Gliscor, M|100/100 tox
|-damage|p2a: Gliscor|88/100 tox|[from] Stealth Rock
|switch|p1a: Corviknight|Corviknight, M|29/100
|-damage|p1a: Corviknight|17/100|[from] Stealth Rock
|-ability|p1a: Corviknight|Pressure
|
|-heal|p2a: Gliscor|100/100 tox|[from] ability: Poison Heal
|upkeep
|turn|31
|
|t:|1760359903
|move|p2a: Gliscor|Ice Fang|p1a: Corviknight
|-damage|p1a: Corviknight|7/100
|-damage|p2a: Gliscor|84/100 tox|[from] item: Rocky Helmet|[of] p1a: Corviknight
|move|p1a: Corviknight|Roost|p1a: Corviknight
|-heal|p1a: Corviknight|57/100
|-singleturn|p1a: Corviknight|move: Roost
|
|-heal|p2a: Gliscor|97/100 tox|[from] ability: Poison Heal
|upkeep
|turn|32
|
|t:|1760359907
|switch|p2a: Walking Wake|Walking Wake|62/100
|move|p1a: Corviknight|Roost|p1a: Corviknight
|-heal|p1a: Corviknight|100/100
|-singleturn|p1a: Corviknight|move: Roost
|
|upkeep
|turn|33
|
|t:|1760359911
|switch|p1a: Ting-Lu|Ting-Lu, shiny|62/100
|-damage|p1a: Ting-Lu|56/100|[from] Stealth Rock
|-ability|p1a: Ting-Lu|Vessel of Ruin
|move|p2a: Walking Wake|Scald|p1a: Ting-Lu
|-supereffective|p1a: Ting-Lu
|-damage|p1a: Ting-Lu|23/100
|-status|p1a: Ting-Lu|brn
|
|-damage|p1a: Ting-Lu|17/100 brn|[from] brn
|upkeep
|turn|34
|
|t:|1760359914
|move|p2a: Walking Wake|Scald|p1a: Ting-Lu
|-supereffective|p1a: Ting-Lu
|-damage|p1a: Ting-Lu|0 fnt
|faint|p1a: Ting-Lu
|
|upkeep
|
|t:|1760359915
|switch|p1a: Dragapult|Dragapult, M|63/100 brn
|-damage|p1a: Dragapult|50/100 brn|[from] Stealth Rock
|turn|35
|
|t:|1760359922
|-end|p2a: Walking Wake|Protosynthesis|[silent]
|switch|p2a: Kingambit|Kingambit, M|100/100
|-damage|p2a: Kingambit|94/100|[from] Stealth Rock
|-activate|p2a: Kingambit|ability: Supreme Overlord
|-start|p2a: Kingambit|fallen1|[silent]
|move|p1a: Dragapult|Draco Meteor|p2a: Kingambit
|-resisted|p2a: Kingambit
|-damage|p2a: Kingambit|48/100
|-unboost|p1a: Dragapult|spa|2
|
|-damage|p1a: Dragapult|44/100 brn|[from] brn
|upkeep
|turn|36
|
|t:|1760359927
|switch|p1a: Corviknight|Corviknight, M|100/100
|-damage|p1a: Corviknight|88/100|[from] Stealth Rock
|-ability|p1a: Corviknight|Pressure
|-end|p2a: Kingambit|fallen1|[silent]
|switch|p2a: Walking Wake|Walking Wake|62/100
|
|upkeep
|turn|37
|
|t:|1760359932
|switch|p1a: Ogerpon|Ogerpon-Wellspring, F|7/100 psn
|-damage|p1a: Ogerpon|0 fnt|[from] Stealth Rock
|faint|p1a: Ogerpon
|move|p2a: Walking Wake|Scald|p1: Ogerpon|[notarget]
|-fail|p2a: Walking Wake
|
|upkeep
|
|t:|1760359949
|switch|p1a: Dragapult|Dragapult, M|44/100 brn
|-damage|p1a: Dragapult|32/100 brn|[from] Stealth Rock
|turn|38
|
|t:|1760359964
|-end|p2a: Walking Wake|Protosynthesis|[silent]
|switch|p2a: Gliscor|Gliscor, M|97/100 tox
|-damage|p2a: Gliscor|84/100 tox|[from] Stealth Rock
|move|p1a: Dragapult|Draco Meteor|p2a: Gliscor
|-damage|p2a: Gliscor|0 fnt
|-unboost|p1a: Dragapult|spa|2
|faint|p2a: Gliscor
|
|-damage|p1a: Dragapult|26/100 brn|[from] brn
|upkeep
|
|t:|1760359979
|switch|p2a: Kingambit|Kingambit, M|48/100
|-damage|p2a: Kingambit|42/100|[from] Stealth Rock
|-activate|p2a: Kingambit|ability: Supreme Overlord
|-start|p2a: Kingambit|fallen2|[silent]
|turn|39
|
|t:|1760359986
|switch|p1a: Corviknight|Corviknight, M|88/100
|-damage|p1a: Corviknight|75/100|[from] Stealth Rock
|-ability|p1a: Corviknight|Pressure
|-end|p2a: Kingambit|fallen2|[silent]
|switch|p2a: Walking Wake|Walking Wake|62/100
|
|upkeep
|turn|40
|
|t:|1760359990
|switch|p1a: Weezing|Weezing-Galar, M|53/100
|-ability|p1a: Weezing|Neutralizing Gas
|move|p2a: Walking Wake|Scald|p1a: Weezing
|-damage|p1a: Weezing|0 fnt
|faint|p1a: Weezing
|-end|p1a: Weezing|ability: Neutralizing Gas
|
|upkeep
|
|t:|1760359992
|switch|p1a: Dragapult|Dragapult, M|26/100 brn
|-damage|p1a: Dragapult|14/100 brn|[from] Stealth Rock
|turn|41
|
|t:|1760360012
|-end|p2a: Walking Wake|Protosynthesis|[silent]
|switch|p2a: Ting-Lu|Ting-Lu|36/100 brn
|-damage|p2a: Ting-Lu|29/100 brn|[from] Stealth Rock
|-ability|p2a: Ting-Lu|Vessel of Ruin
|move|p1a: Dragapult|Draco Meteor|p2a: Ting-Lu
|-damage|p2a: Ting-Lu|0 fnt
|-unboost|p1a: Dragapult|spa|2
|faint|p2a: Ting-Lu
|
|-damage|p1a: Dragapult|8/100 brn|[from] brn
|upkeep
|
|t:|1760360019
|switch|p2a: Kingambit|Kingambit, M|42/100
|-damage|p2a: Kingambit|36/100|[from] Stealth Rock
|-activate|p2a: Kingambit|ability: Supreme Overlord
|-start|p2a: Kingambit|fallen3|[silent]
|turn|42
|
|t:|1760360021
|move|p1a: Dragapult|Draco Meteor|p2a: Kingambit
|-resisted|p2a: Kingambit
|-damage|p2a: Kingambit|11/100
|-unboost|p1a: Dragapult|spa|2
|move|p2a: Kingambit|Swords Dance|p2a: Kingambit
|-boost|p2a: Kingambit|atk|2
|
|-damage|p1a: Dragapult|2/100 brn|[from] brn
|upkeep
|turn|43
|
|t:|1760360027
|move|p2a: Kingambit|Sucker Punch|p1a: Dragapult
|-supereffective|p1a: Dragapult
|-damage|p1a: Dragapult|0 fnt
|faint|p1a: Dragapult
|
|upkeep
|
|t:|1760360030
|switch|p1a: Corviknight|Corviknight, M|75/100
|-damage|p1a: Corviknight|63/100|[from] Stealth Rock
|-ability|p1a: Corviknight|Pressure
|turn|44
|
|t:|1760360034
|move|p2a: Kingambit|Kowtow Cleave|p1a: Corviknight
|-damage|p1a: Corviknight|0 fnt
|-damage|p2a: Kingambit|0 fnt|[from] item: Rocky Helmet|[of] p1a: Corviknight
|faint|p1a: Corviknight
|faint|p2a: Kingambit
|-end|p2a: Kingambit|fallen3|[silent]
|
|upkeep
|
|t:|1760360037
|switch|p2a: Walking Wake|Walking Wake|62/100
|switch|p1a: Skeledirge|Skeledirge, F|100/100
|turn|45
|
|t:|1760360044
|-terastallize|p1a: Skeledirge|Dark
|move|p2a: Walking Wake|Scald|p1a: Skeledirge
|-damage|p1a: Skeledirge|70/100
|move|p1a: Skeledirge|Torch Song|p2a: Walking Wake
|-resisted|p2a: Walking Wake
|-damage|p2a: Walking Wake|53/100
|-boost|p1a: Skeledirge|spa|1
|
|upkeep
|turn|46
|c|☆ribena supernova|gg
|
|t:|1760360053
|move|p2a: Walking Wake|Scald|p1a: Skeledirge
|-damage|p1a: Skeledirge|42/100
|move|p1a: Skeledirge|Slack Off|p1a: Skeledirge
|-heal|p1a: Skeledirge|92/100
|
|upkeep
|turn|47
|
|t:|1760360057
|move|p2a: Walking Wake|Scald|p1a: Skeledirge
|-damage|p1a: Skeledirge|66/100
|move|p1a: Skeledirge|Torch Song|p2a: Walking Wake
|-resisted|p2a: Walking Wake
|-damage|p2a: Walking Wake|40/100
|-boost|p1a: Skeledirge|spa|1
|
|upkeep
|turn|48
|
|t:|1760360061
|move|p2a: Walking Wake|Draco Meteor|p1a: Skeledirge
|-damage|p1a: Skeledirge|19/100
|-unboost|p2a: Walking Wake|spa|2
|move|p1a: Skeledirge|Slack Off|p1a: Skeledirge
|-heal|p1a: Skeledirge|69/100
|
|upkeep
|turn|49
|
|t:|1760360070
|move|p2a: Walking Wake|Draco Meteor|p1a: Skeledirge
|-damage|p1a: Skeledirge|22/100
|-unboost|p2a: Walking Wake|spa|2
|move|p1a: Skeledirge|Slack Off|p1a: Skeledirge
|-heal|p1a: Skeledirge|73/100
|
|upkeep
|turn|50
|
|t:|1760360076
|move|p2a: Walking Wake|Scald|p1a: Skeledirge
|-damage|p1a: Skeledirge|46/100
|-status|p1a: Skeledirge|brn
|move|p1a: Skeledirge|Earth Power|p2a: Walking Wake
|-damage|p2a: Walking Wake|0 fnt
|faint|p2a: Walking Wake
|-end|p2a: Walking Wake|Protosynthesis|[silent]
|
|-damage|p1a: Skeledirge|39/100 brn|[from] brn
|upkeep
|
|t:|1760360079
|switch|p2a: Zamazenta|Zamazenta|66/100
|turn|51
|
|t:|1760360082
|move|p2a: Zamazenta|Close Combat|p1a: Skeledirge
|-supereffective|p1a: Skeledirge
|-damage|p1a: Skeledirge|0 fnt
|-unboost|p2a: Zamazenta|def|1
|-unboost|p2a: Zamazenta|spd|1
|faint|p1a: Skeledirge
|
|win|ribena supernova
|raw|kurobots's rating: 1563 &rarr; <strong>1543</strong><br />(-20 for losing)
|raw|ribena supernova's rating: 1556 &rarr; <strong>1576</strong><br />(+20 for winning)
|c|☆kurobots|gg
|l|☆kurobots
|player|p1|
