|j|☆croweefr
|j|‽mo007001
|t:|1760369000
|gametype|singles
|player|p1|croweefr|hilbert-wonderlauncher|1185
|player|p2|mo007001|burglar|1176
|gen|9
|tier|[Gen 9] OU
|rated|
|rule|HP Percentage Mod: HP is shown in percentages
|rule|Endless Battle Clause: Forcing endless battles is banned
|rule|Species Clause: Limit one of each Pokémon
|rule|OHKO Clause: OHKO moves are banned
|rule|Evasion Items Clause: Evasion items are banned
|rule|Evasion Moves Clause: Evasion moves are banned
|rule|Evasion Abilities Clause: Evasion abilities are banned
|rule|Sleep Moves Clause: Sleep-inducing moves are banned
|clearpoke
|poke|p1|Lucario, M|
|poke|p1|Ceruledge, F|
|poke|p1|Garganacl, F|
|poke|p1|Primarina, M|
|poke|p1|Kyurem|
|poke|p1|Zapdos|
|poke|p2|Ursaluna, M|
|poke|p2|Gumshoos, M|
|poke|p2|Lokix, M|
|poke|p2|Kingambit, M|
|poke|p2|Slowking-Galar, F|
|poke|p2|Skeledirge, F|
|teampreview
|
|t:|1760369018
|teamsize|p1|6
|teamsize|p2|6
|start
|switch|p1a: Garganacl|Garganacl, F|100/100
|switch|p2a: Gumshoos|Gumshoos, M|100/100
|turn|1
|
|t:|1760369037
|-terastallize|p1a: Garganacl|Grass
|move|p2a: Gumshoos|Knock Off|p1a: Garganacl
|-damage|p1a: Garganacl|81/100
|-enditem|p1a: Garganacl|Leftovers|[from] move: Knock Off|[of] p2a: Gumshoos
|move|p1a: Garganacl|Salt Cure|p2a: Gumshoos
|-damage|p2a: Gumshoos|83/100
|-start|p2a: Gumshoos|Salt Cure
|-enditem|p2a: Gumshoos|Red Card|[of] p1a: Garganacl
|drag|p1a: lucky|Lucario, M|100/100
|-item|p1a: lucky|Air Balloon
|
|-damage|p2a: Gumshoos|70/100|[from] Salt Cure
|upkeep
|turn|2
|
|t:|1760369055
|move|p1a: lucky|Swords Dance|p1a: lucky
|-boost|p1a: lucky|atk|2
|move|p2a: Gumshoos|Double-Edge|p1a: lucky
|-resisted|p1a: lucky
|-damage|p1a: lucky|47/100
|-enditem|p1a: lucky|Air Balloon
|-damage|p2a: Gumshoos|57/100|[from] Recoil
|
|-damage|p2a: Gumshoos|45/100|[from] Salt Cure
|upkeep
|turn|3
|
|t:|1760369068
|-singleturn|p2a: Gumshoos|move: Focus Punch
|move|p1a: lucky|Close Combat|p2a: Gumshoos
|-supereffective|p2a: Gumshoos
|-damage|p2a: Gumshoos|0 fnt
|-unboost|p1a: lucky|def|1
|-unboost|p1a: lucky|spd|1
|faint|p2a: Gumshoos
|
|upkeep
|
|t:|1760369080
|switch|p2a: Slowking|Slowking-Galar, F|100/100
|turn|4
|
|t:|1760369085
|move|p1a: lucky|Meteor Mash|p2a: Slowking|[miss]
|-miss|p1a: lucky|p2a: Slowking
|move|p2a: Slowking|Trick Room|p2a: Slowking
|-fieldstart|move: Trick Room|[of] p2a: Slowking
|
|upkeep
|turn|5
|
|t:|1760369092
|switch|p2a: Ursaluna|Ursaluna, M|100/100
|move|p1a: lucky|Meteor Mash|p2a: Ursaluna
|-damage|p2a: Ursaluna|46/100
|
|-status|p2a: Ursaluna|brn|[from] item: Flame Orb
|upkeep
|turn|6
|
|t:|1760369104
|move|p1a: lucky|Extreme Speed|p2a: Ursaluna
|-damage|p2a: Ursaluna|13/100 brn
|move|p2a: Ursaluna|Facade|p1a: lucky
|-resisted|p1a: lucky
|-damage|p1a: lucky|0 fnt
|faint|p1a: lucky
|
|-damage|p2a: Ursaluna|6/100 brn|[from] brn
|upkeep
|
|t:|1760369122
|switch|p1a: Ceruledge|Ceruledge, F|100/100
|turn|7
|
|t:|1760369134
|switch|p2a: Skeledirge|Skeledirge, F, shiny|100/100
|move|p1a: Ceruledge|Bitter Blade|p2a: Skeledirge
|-resisted|p2a: Skeledirge
|-damage|p2a: Skeledirge|83/100
|
|upkeep
|turn|8
|
|t:|1760369146
|switch|p2a: Lokix|Lokix, M|100/100
|switch|p1a: prewauh|Primarina, M|100/100
|
|-fieldend|move: Trick Room
|upkeep
|turn|9
|
|t:|1760369162
|switch|p1a: Ceruledge|Ceruledge, F|100/100
|move|p2a: Lokix|First Impression|p1a: Ceruledge
|-resisted|p1a: Ceruledge
|-damage|p1a: Ceruledge|59/100
|-ability|p1a: Ceruledge|Weak Armor|boost
|-unboost|p1a: Ceruledge|def|1
|-boost|p1a: Ceruledge|spe|2
|
|upkeep
|turn|10
|
|t:|1760369176
|switch|p2a: Slowking|Slowking-Galar, F|100/100
|move|p1a: Ceruledge|Bitter Blade|p2a: Slowking
|-damage|p2a: Slowking|58/100
|-heal|p1a: Ceruledge|88/100|[from] drain|[of] p2a: Slowking
|
|upkeep
|turn|11
|
|t:|1760369195
|move|p1a: Ceruledge|Swords Dance|p1a: Ceruledge
|-boost|p1a: Ceruledge|atk|2
|-prepare|p2a: Slowking|Chilly Reception|[premajor]
|move|p2a: Slowking|Chilly Reception|p2a: Slowking
|-weather|Snowscape
|
|t:|1760369203
|switch|p2a: Skeledirge|Skeledirge, F, shiny|83/100|[from] Chilly Reception
|
|-weather|Snowscape|[upkeep]
|upkeep
|turn|12
|
|t:|1760369213
|-terastallize|p2a: Skeledirge|Water
|move|p1a: Ceruledge|Shadow Sneak|p2a: Skeledirge
|-damage|p2a: Skeledirge|69/100
|move|p2a: Skeledirge|Shadow Ball|p1a: Ceruledge
|-supereffective|p1a: Ceruledge
|-damage|p1a: Ceruledge|18/100
|-unboost|p1a: Ceruledge|spd|1
|
|-weather|Snowscape|[upkeep]
|upkeep
|turn|13
|
|t:|1760369234
|move|p1a: Ceruledge|Close Combat|p2a: Skeledirge
|-damage|p2a: Skeledirge|39/100
|-unboost|p1a: Ceruledge|def|1
|-unboost|p1a: Ceruledge|spd|1
|move|p2a: Skeledirge|Shadow Ball|p1a: Ceruledge
|-supereffective|p1a: Ceruledge
|-damage|p1a: Ceruledge|0 fnt
|faint|p1a: Ceruledge
|
|-weather|Snowscape|[upkeep]
|upkeep
|
|t:|1760369253
|switch|p1a: ZAPUNDA|Zapdos|100/100
|turn|14
|
|t:|1760369259
|switch|p2a: Slowking|Slowking-Galar, F|91/100
|move|p1a: ZAPUNDA|Discharge|p2a: Slowking
|-damage|p2a: Slowking|65/100
|
|-weather|Snowscape|[upkeep]
|upkeep
|turn|15
|
|t:|1760369282
|move|p1a: ZAPUNDA|U-turn|p2a: Slowking
|-damage|p2a: Slowking|54/100
|
|t:|1760369285
|switch|p1a: Kyurem|Kyurem|100/100|[from] U-turn
|-ability|p1a: Kyurem|Pressure
|move|p2a: Slowking|Future Sight|p1a: Kyurem
|-start|p2a: Slowking|move: Future Sight
|
|-weather|none
|upkeep
|turn|16
|
|t:|1760369306
|move|p1a: Kyurem|Earth Power|p2a: Slowking
|-supereffective|p2a: Slowking
|-damage|p2a: Slowking|0 fnt
|faint|p2a: Slowking
|
|upkeep
|
|t:|1760369313
|switch|p2a: Lokix|Lokix, M|100/100
|turn|17
|
|t:|1760369318
|move|p2a: Lokix|First Impression|p1a: Kyurem
|-damage|p1a: Kyurem|33/100
|move|p1a: Kyurem|Ice Beam|p2a: Lokix
|-damage|p2a: Lokix|15/100
|
|-end|p1a: Kyurem|move: Future Sight
|-damage|p1a: Kyurem|0 fnt
|faint|p1a: Kyurem
|upkeep
|
|t:|1760369338
|switch|p1a: ZAPUNDA|Zapdos|100/100
|turn|18
|
|t:|1760369348
|switch|p2a: Ursaluna|Ursaluna, M|6/100 brn
|move|p1a: ZAPUNDA|U-turn|p2a: Ursaluna
|-damage|p2a: Ursaluna|0 fnt
|faint|p2a: Ursaluna
|
|t:|1760369359
|switch|p1a: prewauh|Primarina, M|100/100|[from] U-turn
|
|upkeep
|
|t:|1760369374
|switch|p2a: Kingambit|Kingambit, M|100/100
|-activate|p2a: Kingambit|ability: Supreme Overlord
|-start|p2a: Kingambit|fallen3|[silent]
|-item|p2a: Kingambit|Air Balloon
|turn|19
|
|t:|1760369386
|switch|p1a: ZAPUNDA|Zapdos|100/100
|move|p2a: Kingambit|Swords Dance|p2a: Kingambit
|-boost|p2a: Kingambit|atk|2
|
|upkeep
|turn|20
|
|t:|1760369398
|move|p1a: ZAPUNDA|Hurricane|p2a: Kingambit|[miss]
|-miss|p1a: ZAPUNDA|p2a: Kingambit
|move|p2a: Kingambit|Iron Head|p1a: ZAPUNDA
|-resisted|p1a: ZAPUNDA
|-damage|p1a: ZAPUNDA|55/100
|-damage|p2a: Kingambit|84/100|[from] item: Rocky Helmet|[of] p1a: ZAPUNDA
|-status|p2a: Kingambit|par|[from] ability: Static|[of] p1a: ZAPUNDA
|
|upkeep
|turn|21
|
|t:|1760369412
|move|p2a: Kingambit|Sucker Punch|p1a: ZAPUNDA
|-damage|p1a: ZAPUNDA|0 fnt
|-damage|p2a: Kingambit|67/100 par|[from] item: Rocky Helmet|[of] p1a: ZAPUNDA
|faint|p1a: ZAPUNDA
|
|upkeep
|
|t:|1760369418
|switch|p1a: Garganacl|Garganacl, F, tera:Grass|81/100
|turn|22
|
|t:|1760369430
|move|p1a: Garganacl|Recover|p1a: Garganacl
|-heal|p1a: Garganacl|100/100
|move|p2a: Kingambit|Iron Head|p1a: Garganacl
|-damage|p1a: Garganacl|16/100
|
|upkeep
|turn|23
|
|t:|1760369437
|move|p1a: Garganacl|Recover|p1a: Garganacl
|-heal|p1a: Garganacl|66/100
|move|p2a: Kingambit|Iron Head|p1a: Garganacl
|-damage|p1a: Garganacl|0 fnt
|faint|p1a: Garganacl
|
|upkeep
|
|t:|1760369442
|switch|p1a: prewauh|Primarina, M|100/100
|turn|24
|
|t:|1760369453
|move|p2a: Kingambit|Sucker Punch|p1a: prewauh
|-resisted|p1a: prewauh
|-damage|p1a: prewauh|23/100
|move|p1a: prewauh|Surf|p2a: Kingambit
|-damage|p2a: Kingambit|18/100 par
|-enditem|p2a: Kingambit|Air Balloon
|
|upkeep
|turn|25
|
|t:|1760369461
|move|p2a: Kingambit|Sucker Punch|p1a: prewauh
|-resisted|p1a: prewauh
|-damage|p1a: prewauh|0 fnt
|faint|p1a: prewauh
|
|win|mo007001
|raw|croweefr's rating: 1185 &rarr; <strong>1159</strong><br />(-26 for losing)
|raw|mo007001's rating: 1176 &rarr; <strong>1202</strong><br />(+26 for winning)
|l|☆croweefr
|player|p1|
|l|‽mo007001
|player|p2|
