|j|☆elite four jesus
|j|☆galinaito
|t:|1760381421
|gametype|singles
|player|p1|elite four jesus|musician|1151
|player|p2|galinaito|nate|1121
|gen|9
|tier|[Gen 9] OU
|rated|
|rule|HP Percentage Mod: HP is shown in percentages
|rule|Endless Battle Clause: Forcing endless battles is banned
|rule|Species Clause: Limit one of each Pokémon
|rule|OHKO Clause: OHKO moves are banned
|rule|Evasion Items Clause: Evasion items are banned
|rule|Evasion Moves Clause: Evasion moves are banned
|rule|Evasion Abilities Clause: Evasion abilities are banned
|rule|Sleep Moves Clause: Sleep-inducing moves are banned
|clearpoke
|poke|p1|Ogerpon-Wellspring, F|
|poke|p1|Kingambit, M|
|poke|p1|Glimmora, F|
|poke|p1|Dragapult, F|
|poke|p1|Iron Valiant|
|poke|p1|Persian, M|
|poke|p2|Scrafty, M|
|poke|p2|Slowking-Galar, F|
|poke|p2|Gholdengo|
|poke|p2|Scizor, F|
|poke|p2|Gliscor, M|
|poke|p2|Cinderace, F|
|teampreview
|
|t:|1760381431
|teamsize|p1|6
|teamsize|p2|6
|start
|switch|p1a: Persian|Persian, M|100/100
|switch|p2a: Slowking|Slowking-Galar, F|100/100
|turn|1
|
|t:|1760381442
|move|p1a: Persian|Fake Out|p2a: Slowking
|-damage|p2a: Slowking|77/100
|cant|p2a: Slowking|flinch
|
|upkeep
|turn|2
|
|t:|1760381450
|move|p1a: Persian|Bite|p2a: Slowking
|-supereffective|p2a: Slowking
|-damage|p2a: Slowking|30/100
|cant|p2a: Slowking|flinch
|
|upkeep
|turn|3
|
|t:|1760381456
|switch|p2a: Scrafty|Scrafty, M|100/100
|-ability|p2a: Scrafty|Intimidate|boost
|-unboost|p1a: Persian|atk|1
|move|p1a: Persian|Bite|p2a: Scrafty
|-resisted|p2a: Scrafty
|-damage|p2a: Scrafty|98/100
|
|-heal|p2a: Scrafty|100/100|[from] item: Leftovers
|upkeep
|turn|4
|
|t:|1760381468
|switch|p1a: Glimmora|Glimmora, F|100/100
|move|p2a: Scrafty|Bulk Up|p2a: Scrafty
|-boost|p2a: Scrafty|atk|1
|-boost|p2a: Scrafty|def|1
|
|upkeep
|turn|5
|
|t:|1760381479
|move|p1a: Glimmora|Mortal Spin|p2a: Scrafty
|-damage|p2a: Scrafty|97/100
|-status|p2a: Scrafty|psn
|move|p2a: Scrafty|Drain Punch|p1a: Glimmora
|-damage|p1a: Glimmora|46/100
|-heal|p2a: Scrafty|100/100 psn|[from] drain|[of] p1a: Glimmora
|-activate|p1a: Glimmora|ability: Toxic Debris
|-sidestart|p2: galinaito|move: Toxic Spikes
|
|-damage|p2a: Scrafty|88/100 psn|[from] psn
|upkeep
|turn|6
|
|t:|1760381495
|move|p1a: Glimmora|Meteor Beam||[still]
|-prepare|p1a: Glimmora|Meteor Beam
|-boost|p1a: Glimmora|spa|1
|-enditem|p1a: Glimmora|Power Herb
|-anim|p1a: Glimmora|Meteor Beam|p2a: Scrafty
|-resisted|p2a: Scrafty
|-damage|p2a: Scrafty|39/100 psn
|move|p2a: Scrafty|Drain Punch|p1a: Glimmora
|-damage|p1a: Glimmora|0 fnt
|-heal|p2a: Scrafty|60/100 psn|[from] drain|[of] p1a: Glimmora
|-activate|p1a: Glimmora|ability: Toxic Debris
|-sidestart|p2: galinaito|move: Toxic Spikes
|faint|p1a: Glimmora
|
|-heal|p2a: Scrafty|66/100 psn|[from] item: Leftovers
|-damage|p2a: Scrafty|54/100 psn|[from] psn
|upkeep
|
|t:|1760381523
|switch|p1a: Dragapult|Dragapult, F|100/100
|turn|7
|
|t:|1760381527
|move|p1a: Dragapult|Draco Meteor|p2a: Scrafty
|-damage|p2a: Scrafty|0 fnt
|-unboost|p1a: Dragapult|spa|2
|faint|p2a: Scrafty
|
|upkeep
|
|t:|1760381533
|switch|p2a: Slowking|Slowking-Galar, F|63/100
|-sideend|p2: galinaito|move: Toxic Spikes|[of] p2a: Slowking
|turn|8
|
|t:|1760381544
|switch|p1a: Persian|Persian, M|100/100
|move|p2a: Slowking|Toxic|p1a: Persian
|-status|p1a: Persian|tox
|
|-damage|p1a: Persian|95/100 tox|[from] psn
|upkeep
|turn|9
|inactive|Battle timer is ON: inactive players will automatically lose when time's up. (requested by galinaito)
|
|t:|1760381562
|switch|p2a: Gliscor|Gliscor, M|100/100
|move|p1a: Persian|Fake Out|p2a: Gliscor
|-damage|p2a: Gliscor|88/100
|
|-damage|p1a: Persian|83/100 tox|[from] psn
|-status|p2a: Gliscor|tox|[from] item: Toxic Orb
|upkeep
|turn|10
|
|t:|1760381574
|switch|p1a: Iron Valiant|Iron Valiant|100/100
|-enditem|p1a: Iron Valiant|Booster Energy
|-activate|p1a: Iron Valiant|ability: Quark Drive|[fromitem]
|-start|p1a: Iron Valiant|quarkdrivespe
|move|p2a: Gliscor|Earthquake|p1a: Iron Valiant
|-damage|p1a: Iron Valiant|55/100
|
|-heal|p2a: Gliscor|99/100 tox|[from] ability: Poison Heal
|upkeep
|turn|11
|
|t:|1760381590
|move|p1a: Iron Valiant|Spirit Break|p2a: Gliscor
|-damage|p2a: Gliscor|74/100 tox
|-unboost|p2a: Gliscor|spa|1
|move|p2a: Gliscor|Toxic|p1a: Iron Valiant
|-status|p1a: Iron Valiant|tox
|
|-damage|p1a: Iron Valiant|49/100 tox|[from] psn
|-heal|p2a: Gliscor|86/100 tox|[from] ability: Poison Heal
|upkeep
|turn|12
|
|t:|1760381602
|move|p1a: Iron Valiant|Knock Off|p2a: Gliscor
|-damage|p2a: Gliscor|64/100 tox
|-enditem|p2a: Gliscor|Toxic Orb|[from] move: Knock Off|[of] p1a: Iron Valiant
|move|p2a: Gliscor|Earthquake|p1a: Iron Valiant
|-damage|p1a: Iron Valiant|4/100 tox
|
|-damage|p1a: Iron Valiant|0 fnt|[from] psn
|faint|p1a: Iron Valiant
|-end|p1a: Iron Valiant|Quark Drive|[silent]
|-heal|p2a: Gliscor|76/100 tox|[from] ability: Poison Heal
|upkeep
|
|t:|1760381612
|switch|p1a: Ogerpon|Ogerpon-Wellspring, F|100/100
|turn|13
|
|t:|1760381620
|move|p1a: Ogerpon|Ivy Cudgel|p2a: Gliscor|[anim] Ivy Cudgel Water
|-supereffective|p2a: Gliscor
|-damage|p2a: Gliscor|0 fnt
|faint|p2a: Gliscor
|
|upkeep
|
|t:|1760381625
|switch|p2a: Slowking|Slowking-Galar, F|97/100
|turn|14
|
|t:|1760381633
|move|p1a: Ogerpon|Taunt|p2a: Slowking
|-start|p2a: Slowking|move: Taunt
|cant|p2a: Slowking|move: Taunt|Toxic
|
|upkeep
|turn|15
|
|t:|1760381640
|switch|p1a: Dragapult|Dragapult, F|100/100
|move|p2a: Slowking|Sludge Bomb|p1a: Dragapult
|-resisted|p1a: Dragapult
|-damage|p1a: Dragapult|68/100
|
|upkeep
|turn|16
|
|t:|1760381650
|switch|p2a: Scizor|Scizor, F|100/100
|move|p1a: Dragapult|Shadow Ball|p2a: Scizor
|-damage|p2a: Scizor|38/100
|-enditem|p2a: Scizor|Sitrus Berry|[eat]
|-heal|p2a: Scizor|62/100|[from] item: Sitrus Berry
|
|upkeep
|turn|17
|
|t:|1760381665
|-terastallize|p1a: Dragapult|Ghost
|move|p1a: Dragapult|Shadow Ball|p2a: Scizor
|-damage|p2a: Scizor|0 fnt
|faint|p2a: Scizor
|
|upkeep
|
|t:|1760381674
|switch|p2a: Cinderace|Cinderace, F|100/100
|turn|18
|
|t:|1760381678
|move|p1a: Dragapult|Shadow Ball|p2a: Cinderace
|-damage|p2a: Cinderace|0 fnt
|faint|p2a: Cinderace
|
|upkeep
|
|t:|1760381684
|switch|p2a: Slowking|Slowking-Galar, F|100/100
|turn|19
|
|t:|1760381689
|-terastallize|p2a: Slowking|Dark
|move|p1a: Dragapult|Shadow Ball|p2a: Slowking
|-resisted|p2a: Slowking
|-damage|p2a: Slowking|74/100
|move|p2a: Slowking|Sludge Bomb|p1a: Dragapult
|-resisted|p1a: Dragapult
|-damage|p1a: Dragapult|36/100
|
|upkeep
|turn|20
|
|t:|1760381700
|switch|p1a: Persian|Persian, M|83/100 tox
|move|p2a: Slowking|Future Sight|p1a: Persian
|-start|p2a: Slowking|move: Future Sight
|
|-damage|p1a: Persian|77/100 tox|[from] psn
|upkeep
|turn|21
|
|t:|1760381709
|move|p1a: Persian|Bite|p2a: Slowking
|-resisted|p2a: Slowking
|-damage|p2a: Slowking|62/100
|cant|p2a: Slowking|flinch
|
|-damage|p1a: Persian|65/100 tox|[from] psn
|upkeep
|turn|22
|
|t:|1760381717
|move|p1a: Persian|Fury Swipes|p2a: Slowking
|-damage|p2a: Slowking|53/100
|-damage|p2a: Slowking|43/100
|-damage|p2a: Slowking|32/100
|-damage|p2a: Slowking|23/100
|-hitcount|p2a: Slowking|4
|move|p2a: Slowking|Sludge Bomb|p1a: Persian
|-damage|p1a: Persian|0 fnt
|faint|p1a: Persian
|
|-hint|Future Sight did not hit because the target is fainted.
|upkeep
|
|t:|1760381729
|switch|p1a: Dragapult|Dragapult, F, tera:Ghost|36/100
|turn|23
|
|t:|1760381735
|move|p1a: Dragapult|Shadow Ball|p2a: Slowking
|-resisted|p2a: Slowking
|-crit|p2a: Slowking
|-damage|p2a: Slowking|0 fnt
|faint|p2a: Slowking
|
|upkeep
|
|t:|1760381741
|switch|p2a: Gholdengo|Gholdengo|100/100
|turn|24
|
|t:|1760381745
|move|p1a: Dragapult|Shadow Ball|p2a: Gholdengo
|-supereffective|p2a: Gholdengo
|-enditem|p2a: Gholdengo|Focus Sash
|-damage|p2a: Gholdengo|1/100
|move|p2a: Gholdengo|Hex|p1a: Dragapult
|-supereffective|p1a: Dragapult
|-damage|p1a: Dragapult|0 fnt
|faint|p1a: Dragapult
|
|upkeep
|
|t:|1760381754
|switch|p1a: Ogerpon|Ogerpon-Wellspring, F|100/100
|turn|25
|
|t:|1760381758
|move|p1a: Ogerpon|Horn Leech|p2a: Gholdengo
|-resisted|p2a: Gholdengo
|-damage|p2a: Gholdengo|0 fnt
|faint|p2a: Gholdengo
|
|win|elite four jesus
|raw|elite four jesus's rating: 1151 &rarr; <strong>1174</strong><br />(+23 for winning)
|raw|galinaito's rating: 1121 &rarr; <strong>1098</strong><br />(-23 for losing)
|l|☆galinaito
|player|p2|
|l|☆elite four jesus
|player|p1|
