|j|☆MooFarmer
|j|☆deepfriedmagikarp
|t:|1760333809
|gametype|singles
|player|p1|MooFarmer|2|1847
|player|p2|deepfriedmagikarp|pokemonranger-gen4|1779
|gen|9
|tier|[Gen 9] OU
|rated|
|rule|HP Percentage Mod: HP is shown in percentages
|rule|Endless Battle Clause: Forcing endless battles is banned
|rule|Species Clause: Limit one of each Pokémon
|rule|OHKO Clause: OHKO moves are banned
|rule|Evasion Items Clause: Evasion items are banned
|rule|Evasion Moves Clause: Evasion moves are banned
|rule|Evasion Abilities Clause: Evasion abilities are banned
|rule|Sleep Moves Clause: Sleep-inducing moves are banned
|clearpoke
|poke|p1|Kyurem|
|poke|p1|Corviknight, M|
|poke|p1|Ting-Lu|
|poke|p1|Dondozo, F|
|poke|p1|Slowking-Galar, L99, M|
|poke|p1|Cinderace, M|
|poke|p2|Ogerpon-Wellspring, F|
|poke|p2|Kingambit, M|
|poke|p2|Landorus-Therian, M|
|poke|p2|Glimmora, M|
|poke|p2|Dragapult, F|
|poke|p2|Iron Valiant|
|teampreview
|inactive|Battle timer is ON: inactive players will automatically lose when time's up. (requested by deepfriedmagikarp)
|j| Master Thespian
|inactive|MooFarmer has 120 seconds left.
|
|t:|1760333856
|teamsize|p1|6
|teamsize|p2|6
|start
|switch|p1a: Ting-Lu|Ting-Lu|100/100
|switch|p2a: Dragapult|Dragapult, F|100/100
|-ability|p1a: Ting-Lu|Vessel of Ruin
|turn|1
|inactive|MooFarmer also wants the timer to be on.
|inactive|MooFarmer has 120 seconds left.
|
|t:|1760333901
|switch|p1a: Corviknight|Corviknight, M|100/100
|-ability|p1a: Corviknight|Pressure
|move|p2a: Dragapult|U-turn|p1a: Corviknight
|-resisted|p1a: Corviknight
|-damage|p1a: Corviknight|98/100
|-damage|p2a: Dragapult|84/100|[from] item: Rocky Helmet|[of] p1a: Corviknight
|
|t:|1760333918
|switch|p2a: Landorus|Landorus-Therian, M|100/100|[from] U-turn
|-ability|p2a: Landorus|Intimidate|boost
|-unboost|p1a: Corviknight|atk|1
|
|upkeep
|turn|2
|j| Touyo_no_tamago
|inactive|MooFarmer has 90 seconds left.
|j| zxaney
|l| zxaney
|
|t:|1760333963
|move|p2a: Landorus|Stone Edge|p1a: Corviknight
|-damage|p1a: Corviknight|81/100
|move|p1a: Corviknight|U-turn|p2a: Landorus
|-resisted|p2a: Landorus
|-damage|p2a: Landorus|96/100
|-damage|p1a: Corviknight|64/100|[from] item: Rocky Helmet|[of] p2a: Landorus
|l| Touyo_no_tamago
|inactive|MooFarmer has 60 seconds left.
|
|t:|1760334009
|switch|p1a: Kyurem|Kyurem|100/100|[from] U-turn
|-ability|p1a: Kyurem|Pressure
|
|upkeep
|turn|3
|inactive|deepfriedmagikarp has 120 seconds left.
|inactive|deepfriedmagikarp has 90 seconds left.
|
|t:|1760334089
|switch|p2a: Kingambit|Kingambit, M|100/100
|move|p1a: Kyurem|Freeze-Dry|p2a: Kingambit
|-resisted|p2a: Kingambit
|-damage|p2a: Kingambit|84/100
|
|-heal|p2a: Kingambit|91/100|[from] item: Leftovers
|upkeep
|turn|4
|
|t:|1760334100
|-terastallize|p1a: Kyurem|Ground
|move|p1a: Kyurem|Earth Power|p2a: Kingambit
|-supereffective|p2a: Kingambit
|-damage|p2a: Kingambit|0 fnt
|faint|p2a: Kingambit
|-end|p2a: Kingambit|fallenundefined|[silent]
|
|upkeep
|
|t:|1760334114
|switch|p2a: Ogerpon|Ogerpon-Wellspring, F|100/100
|turn|5
|
|t:|1760334123
|switch|p1a: Dondozo|Dondozo, F|100/100
|-terastallize|p2a: Ogerpon|Water
|detailschange|p2a: Ogerpon|Ogerpon-Wellspring-Tera, F, tera:Water
|-ability|p2a: Ogerpon|Embody Aspect (Wellspring)|boost
|-boost|p2a: Ogerpon|spd|1
|move|p2a: Ogerpon|Ivy Cudgel|p1a: Dondozo|[anim] Ivy Cudgel Water
|-resisted|p1a: Dondozo
|-damage|p1a: Dondozo|82/100
|
|-heal|p1a: Dondozo|88/100|[from] item: Leftovers
|upkeep
|turn|6
|
|t:|1760334132
|move|p2a: Ogerpon|Horn Leech|p1a: Dondozo
|-supereffective|p1a: Dondozo
|-damage|p1a: Dondozo|51/100
|move|p1a: Dondozo|Curse|p1a: Dondozo
|-unboost|p1a: Dondozo|spe|1
|-boost|p1a: Dondozo|atk|1
|-boost|p1a: Dondozo|def|1
|
|-heal|p1a: Dondozo|57/100|[from] item: Leftovers
|upkeep
|turn|7
|inactive|MooFarmer has 60 seconds left.
|
|t:|1760334140
|switch|p2a: Dragapult|Dragapult, F|84/100
|move|p1a: Dondozo|Body Press|p2a: Dragapult
|-immune|p2a: Dragapult
|
|-heal|p1a: Dondozo|63/100|[from] item: Leftovers
|upkeep
|turn|8
|
|t:|1760334149
|move|p2a: Dragapult|U-turn|p1a: Dondozo
|-damage|p1a: Dondozo|58/100
|
|t:|1760334152
|switch|p2a: Glimmora|Glimmora, M|100/100|[from] U-turn
|move|p1a: Dondozo|Waterfall|p2a: Glimmora
|-supereffective|p2a: Glimmora
|-damage|p2a: Glimmora|0 fnt
|-activate|p2a: Glimmora|ability: Toxic Debris
|-sidestart|p1: MooFarmer|move: Toxic Spikes
|faint|p2a: Glimmora
|
|-heal|p1a: Dondozo|64/100|[from] item: Leftovers
|upkeep
|
|t:|1760334157
|switch|p2a: Dragapult|Dragapult, F|84/100
|turn|9
|
|t:|1760334166
|move|p2a: Dragapult|Shadow Ball|p1a: Dondozo
|-damage|p1a: Dondozo|12/100
|move|p1a: Dondozo|Waterfall|p2a: Dragapult
|-resisted|p2a: Dragapult
|-damage|p2a: Dragapult|59/100
|
|-heal|p1a: Dondozo|18/100|[from] item: Leftovers
|upkeep
|turn|10
|
|t:|1760334176
|switch|p1a: Ting-Lu|Ting-Lu|100/100
|-status|p1a: Ting-Lu|psn
|-ability|p1a: Ting-Lu|Vessel of Ruin
|move|p2a: Dragapult|Shadow Ball|p1a: Ting-Lu
|-resisted|p1a: Ting-Lu
|-crit|p1a: Ting-Lu
|-damage|p1a: Ting-Lu|84/100 psn
|
|-heal|p1a: Ting-Lu|90/100 psn|[from] item: Leftovers
|-damage|p1a: Ting-Lu|78/100 psn|[from] psn
|upkeep
|turn|11
|inactive|MooFarmer has 60 seconds left.
|
|t:|1760334221
|switch|p2a: Ogerpon|Ogerpon-Wellspring-Tera, F, tera:Water|100/100
|-ability|p2a: Ogerpon|Embody Aspect (Wellspring)|boost
|-boost|p2a: Ogerpon|spd|1
|move|p1a: Ting-Lu|Earthquake|p2a: Ogerpon
|-damage|p2a: Ogerpon|52/100
|
|-heal|p1a: Ting-Lu|84/100 psn|[from] item: Leftovers
|-damage|p1a: Ting-Lu|72/100 psn|[from] psn
|upkeep
|turn|12
|j| RUOK sun
|inactive|MooFarmer has 30 seconds left.
|inactive|MooFarmer has 20 seconds left.
|inactive|MooFarmer has 15 seconds left.
|inactive|MooFarmer has 10 seconds left.
|
|t:|1760334267
|switch|p1a: Dondozo|Dondozo, F|18/100
|-status|p1a: Dondozo|psn
|move|p2a: Ogerpon|Ivy Cudgel|p1a: Dondozo|[anim] Ivy Cudgel Water
|-resisted|p1a: Dondozo
|-damage|p1a: Dondozo|2/100 psn
|
|-heal|p1a: Dondozo|8/100 psn|[from] item: Leftovers
|-damage|p1a: Dondozo|0 fnt|[from] psn
|faint|p1a: Dondozo
|upkeep
|inactive|MooFarmer has 15 seconds left this turn.
|inactive|MooFarmer has 10 seconds left.
|
|t:|1760334275
|switch|p1a: Corviknight|Corviknight, M|64/100
|-ability|p1a: Corviknight|Pressure
|turn|13
|inactive|MooFarmer has 20 seconds left this turn.
|inactive|MooFarmer has 15 seconds left.
|
|t:|1760334284
|switch|p2a: Dragapult|Dragapult, F|59/100
|move|p1a: Corviknight|Brave Bird|p2a: Dragapult
|-damage|p2a: Dragapult|11/100
|-damage|p1a: Corviknight|52/100|[from] Recoil
|
|upkeep
|turn|14
|inactive|MooFarmer has 25 seconds left this turn.
|inactive|MooFarmer has 20 seconds left.
|
|t:|1760334294
|switch|p1a: Ting-Lu|Ting-Lu|72/100 psn
|-ability|p1a: Ting-Lu|Vessel of Ruin
|move|p2a: Dragapult|Shadow Ball|p1a: Ting-Lu
|-resisted|p1a: Ting-Lu
|-damage|p1a: Ting-Lu|62/100 psn
|
|-heal|p1a: Ting-Lu|68/100 psn|[from] item: Leftovers
|-damage|p1a: Ting-Lu|55/100 psn|[from] psn
|upkeep
|turn|15
|inactive|MooFarmer has 30 seconds left this turn.
|
|t:|1760334302
|switch|p2a: Landorus|Landorus-Therian, M|96/100
|-ability|p2a: Landorus|Intimidate|boost
|-unboost|p1a: Ting-Lu|atk|1
|move|p1a: Ting-Lu|Rest|p1a: Ting-Lu
|-status|p1a: Ting-Lu|slp|[from] move: Rest
|-heal|p1a: Ting-Lu|100/100 slp|[silent]
|
|upkeep
|turn|16
|inactive|MooFarmer has 30 seconds left.
|
|t:|1760334311
|switch|p1a: Corviknight|Corviknight, M|52/100
|-ability|p1a: Corviknight|Pressure
|move|p2a: Landorus|U-turn|p1a: Corviknight
|-resisted|p1a: Corviknight
|-damage|p1a: Corviknight|49/100
|-damage|p2a: Landorus|79/100|[from] item: Rocky Helmet|[of] p1a: Corviknight
|
|t:|1760334315
|switch|p2a: Dragapult|Dragapult, F|11/100|[from] U-turn
|
|upkeep
|turn|17
|
|t:|1760334323
|switch|p1a: Ting-Lu|Ting-Lu|100/100 slp
|-ability|p1a: Ting-Lu|Vessel of Ruin
|move|p2a: Dragapult|Shadow Ball|p1a: Ting-Lu
|-resisted|p1a: Ting-Lu
|-crit|p1a: Ting-Lu
|-damage|p1a: Ting-Lu|84/100 slp
|-unboost|p1a: Ting-Lu|spd|1
|
|-heal|p1a: Ting-Lu|90/100 slp|[from] item: Leftovers
|upkeep
|turn|18
|
|t:|1760334332
|move|p2a: Dragapult|Shadow Ball|p1a: Ting-Lu
|-resisted|p1a: Ting-Lu
|-damage|p1a: Ting-Lu|74/100 slp
|cant|p1a: Ting-Lu|slp
|move|p1a: Ting-Lu|Sleep Talk|p1a: Ting-Lu
|move|p1a: Ting-Lu|Payback|p2a: Dragapult|[from] move: Sleep Talk
|-supereffective|p2a: Dragapult
|-damage|p2a: Dragapult|0 fnt
|faint|p2a: Dragapult
|
|-heal|p1a: Ting-Lu|80/100 slp|[from] item: Leftovers
|upkeep
|l| RUOK sun
|
|t:|1760334334
|switch|p2a: Ogerpon|Ogerpon-Wellspring-Tera, F, tera:Water|52/100
|-ability|p2a: Ogerpon|Embody Aspect (Wellspring)|boost
|-boost|p2a: Ogerpon|spd|1
|turn|19
|
|t:|1760334342
|move|p2a: Ogerpon|Ivy Cudgel|p1a: Ting-Lu|[anim] Ivy Cudgel Water
|-supereffective|p1a: Ting-Lu
|-damage|p1a: Ting-Lu|0 fnt
|faint|p1a: Ting-Lu
|
|upkeep
|
|t:|1760334351
|switch|p1a: Cinderace|Cinderace, M|100/100
|turn|20
|inactive|MooFarmer has 60 seconds left.
|inactive|deepfriedmagikarp has 120 seconds left.
|
|t:|1760334407
|move|p1a: Cinderace|Will-O-Wisp|p2a: Ogerpon
|-status|p2a: Ogerpon|brn
|move|p2a: Ogerpon|Ivy Cudgel|p1a: Cinderace|[anim] Ivy Cudgel Water
|-supereffective|p1a: Cinderace
|-damage|p1a: Cinderace|9/100
|
|-damage|p2a: Ogerpon|46/100 brn|[from] brn
|upkeep
|turn|21
|
|t:|1760334415
|switch|p2a: Landorus|Landorus-Therian, M|79/100
|-ability|p2a: Landorus|Intimidate|boost
|-unboost|p1a: Cinderace|atk|1
|move|p1a: Cinderace|Pyro Ball|p2a: Landorus
|-damage|p2a: Landorus|31/100
|
|upkeep
|turn|22
|
|t:|1760334425
|move|p1a: Cinderace|Pyro Ball|p2a: Landorus
|-damage|p2a: Landorus|0 fnt
|faint|p2a: Landorus
|
|upkeep
|
|t:|1760334427
|switch|p2a: Iron Valiant|Iron Valiant|100/100
|-enditem|p2a: Iron Valiant|Booster Energy
|-activate|p2a: Iron Valiant|ability: Quark Drive|[fromitem]
|-start|p2a: Iron Valiant|quarkdrivespe
|turn|23
|
|t:|1760334435
|switch|p1a: Slowking|Slowking-Galar, L99, M|100/100
|-sideend|p1: MooFarmer|move: Toxic Spikes|[of] p1a: Slowking
|move|p2a: Iron Valiant|Knock Off|p1a: Slowking
|-supereffective|p1a: Slowking
|-damage|p1a: Slowking|28/100
|-enditem|p1a: Slowking|Heavy-Duty Boots|[from] move: Knock Off|[of] p2a: Iron Valiant
|
|upkeep
|turn|24
|
|t:|1760334443
|move|p2a: Iron Valiant|Swords Dance|p2a: Iron Valiant
|-boost|p2a: Iron Valiant|atk|2
|move|p1a: Slowking|Sludge Bomb|p2a: Iron Valiant
|-supereffective|p2a: Iron Valiant
|-damage|p2a: Iron Valiant|0 fnt
|faint|p2a: Iron Valiant
|-end|p2a: Iron Valiant|Quark Drive|[silent]
|
|upkeep
|-message|deepfriedmagikarp forfeited.
|
|win|MooFarmer
|raw|MooFarmer's rating: 1847 &rarr; <strong>1863</strong><br />(+16 for winning)
|raw|deepfriedmagikarp's rating: 1779 &rarr; <strong>1763</strong><br />(-16 for losing)
|l|☆MooFarmer
|player|p1|
|l|☆deepfriedmagikarp
|player|p2|
|l| Master Thespian
