|j|☆boxhero147
|j|☆samuelthestrong
|t:|1760332277
|gametype|singles
|player|p1|boxhero147|steven|1645
|player|p2|samuelthestrong|265|1616
|gen|9
|tier|[Gen 9] OU
|rated|
|rule|HP Percentage Mod: HP is shown in percentages
|rule|Endless Battle Clause: Forcing endless battles is banned
|rule|Species Clause: Limit one of each Pokémon
|rule|OHKO Clause: OHKO moves are banned
|rule|Evasion Items Clause: Evasion items are banned
|rule|Evasion Moves Clause: Evasion moves are banned
|rule|Evasion Abilities Clause: Evasion abilities are banned
|rule|Sleep Moves Clause: Sleep-inducing moves are banned
|clearpoke
|poke|p1|Landorus-Therian, M|
|poke|p1|Zamazenta-*|
|poke|p1|Scizor, M|
|poke|p1|Pecharunt|
|poke|p1|Latios, M|
|poke|p1|Primarina, F|
|poke|p2|Iron Moth|
|poke|p2|Slowking-Galar, M|
|poke|p2|Dragonite, F|
|poke|p2|Kingambit, F|
|poke|p2|Quaquaval, F|
|poke|p2|Landorus-Therian, M|
|teampreview
|
|t:|1760332338
|teamsize|p1|6
|teamsize|p2|6
|start
|switch|p1a: Landorus|Landorus-Therian, M|100/100
|switch|p2a: Iron Moth|Iron Moth|100/100
|-ability|p1a: Landorus|Intimidate|boost
|-unboost|p2a: Iron Moth|atk|1
|turn|1
|
|t:|1760332344
|move|p2a: Iron Moth|Overheat|p1a: Landorus
|-damage|p1a: Landorus|0 fnt
|-unboost|p2a: Iron Moth|spa|2
|faint|p1a: Landorus
|
|upkeep
|
|t:|1760332352
|switch|p1a: Latios|Latios, M|100/100
|turn|2
|c|☆boxhero147|well
|c|☆boxhero147|that was a lot of damage
|c|☆samuelthestrong|flex tape?
|c|☆samuelthestrong|**NOW THAT'S A LOT OF DAMAGE**
|c|☆boxhero147|sure
|c|☆boxhero147|im confused
|c|☆boxhero147|XD
|c|☆samuelthestrong|its a commercial
|c|☆samuelthestrong|sorry haha
|c|☆samuelthestrong|im rotted
|c|☆boxhero147|all good
|c|☆boxhero147|XD
|
|t:|1760332437
|-end|p2a: Iron Moth|Quark Drive|[silent]
|switch|p2a: Slowking|Slowking-Galar, M|100/100
|move|p1a: Latios|Luster Purge|p2a: Slowking
|-crit|p2a: Slowking
|-damage|p2a: Slowking|48/100
|-unboost|p2a: Slowking|spd|1
|
|upkeep
|turn|3
|c|☆boxhero147|latios decided to clap back
|c|☆boxhero147|XD
|c|☆samuelthestrong|ong
|
|t:|1760332464
|switch|p2a: Kingambit|Kingambit, F|100/100
|move|p1a: Latios|Draco Meteor|p2a: Kingambit
|-resisted|p2a: Kingambit
|-damage|p2a: Kingambit|54/100
|-unboost|p1a: Latios|spa|2
|
|-heal|p2a: Kingambit|60/100|[from] item: Leftovers
|upkeep
|turn|4
|
|t:|1760332475
|-end|p2a: Kingambit|fallenundefined|[silent]
|switch|p2a: Slowking|Slowking-Galar, M|82/100
|move|p1a: Latios|Aura Sphere|p2a: Slowking
|-resisted|p2a: Slowking
|-damage|p2a: Slowking|79/100
|
|upkeep
|turn|5
|
|t:|1760332481
|move|p1a: Latios|Flip Turn|p2a: Slowking
|-damage|p2a: Slowking|67/100
|
|t:|1760332485
|switch|p1a: Scizor|Scizor, M|100/100|[from] Flip Turn
|move|p2a: Slowking|Future Sight|p1a: Scizor
|-start|p2a: Slowking|move: Future Sight
|
|upkeep
|turn|6
|
|t:|1760332498
|switch|p2a: Duckular|Quaquaval, F|100/100
|move|p1a: Scizor|U-turn|p2a: Duckular
|-resisted|p2a: Duckular
|-damage|p2a: Duckular|62/100
|
|t:|1760332502
|switch|p1a: Pecharunt|Pecharunt|100/100|[from] U-turn
|
|upkeep
|turn|7
|
|t:|1760332510
|move|p2a: Duckular|Knock Off|p1a: Pecharunt
|-supereffective|p1a: Pecharunt
|-damage|p1a: Pecharunt|70/100
|-enditem|p1a: Pecharunt|Heavy-Duty Boots|[from] move: Knock Off|[of] p2a: Duckular
|move|p1a: Pecharunt|Shadow Ball|p2a: Duckular
|-damage|p2a: Duckular|39/100
|
|-end|p1a: Pecharunt|move: Future Sight
|-supereffective|p1a: Pecharunt
|-damage|p1a: Pecharunt|0 fnt
|faint|p1a: Pecharunt
|upkeep
|
|t:|1760332520
|switch|p1a: Latios|Latios, M|100/100
|turn|8
|
|t:|1760332525
|move|p1a: Latios|Aura Sphere|p2a: Duckular
|-crit|p2a: Duckular
|-damage|p2a: Duckular|1/100
|move|p2a: Duckular|Knock Off|p1a: Latios
|-supereffective|p1a: Latios
|-damage|p1a: Latios|18/100
|-enditem|p1a: Latios|Soul Dew|[from] move: Knock Off|[of] p2a: Duckular
|
|upkeep
|turn|9
|
|t:|1760332535
|switch|p2a: Slowking|Slowking-Galar, M|100/100
|move|p1a: Latios|Aura Sphere|p2a: Slowking
|-resisted|p2a: Slowking
|-damage|p2a: Slowking|96/100
|
|upkeep
|turn|10
|
|t:|1760332543
|move|p1a: Latios|Draco Meteor|p2a: Slowking
|-damage|p2a: Slowking|56/100
|-unboost|p1a: Latios|spa|2
|move|p2a: Slowking|Future Sight|p1a: Latios
|-start|p2a: Slowking|move: Future Sight
|
|upkeep
|turn|11
|
|t:|1760332551
|move|p1a: Latios|Flip Turn|p2a: Slowking
|-damage|p2a: Slowking|43/100
|
|t:|1760332554
|switch|p1a: Scizor|Scizor, M|100/100|[from] Flip Turn
|-prepare|p2a: Slowking|Chilly Reception|[premajor]
|move|p2a: Slowking|Chilly Reception|p2a: Slowking
|-weather|Snowscape
|
|t:|1760332560
|switch|p2a: Iron Moth|Iron Moth|100/100|[from] Chilly Reception
|
|-weather|Snowscape|[upkeep]
|upkeep
|turn|12
|
|t:|1760332569
|move|p1a: Scizor|Bullet Punch|p2a: Iron Moth
|-resisted|p2a: Iron Moth
|-damage|p2a: Iron Moth|57/100
|move|p2a: Iron Moth|Overheat|p1a: Scizor
|-supereffective|p1a: Scizor
|-damage|p1a: Scizor|0 fnt
|-unboost|p2a: Iron Moth|spa|2
|faint|p1a: Scizor
|
|-weather|Snowscape|[upkeep]
|-hint|Future Sight did not hit because the target is fainted.
|upkeep
|
|t:|1760332573
|switch|p1a: Primarina|Primarina, F|100/100
|turn|13
|
|t:|1760332577
|-end|p2a: Iron Moth|Quark Drive|[silent]
|switch|p2a: Duckular|Quaquaval, F|1/100
|move|p1a: Primarina|Psychic Noise|p2a: Duckular
|-supereffective|p2a: Duckular
|-damage|p2a: Duckular|0 fnt
|faint|p2a: Duckular
|
|-weather|Snowscape|[upkeep]
|upkeep
|
|t:|1760332586
|switch|p2a: Iron Moth|Iron Moth|57/100
|turn|14
|
|t:|1760332590
|move|p2a: Iron Moth|Sludge Wave|p1a: Primarina
|-supereffective|p1a: Primarina
|-damage|p1a: Primarina|0 fnt
|faint|p1a: Primarina
|
|-weather|Snowscape|[upkeep]
|upkeep
|
|t:|1760332594
|switch|p1a: Latios|Latios, M|18/100
|turn|15
|
|t:|1760332602
|-end|p2a: Iron Moth|Quark Drive|[silent]
|switch|p2a: Slowking|Slowking-Galar, M|76/100
|move|p1a: Latios|Draco Meteor|p2a: Slowking
|-damage|p2a: Slowking|36/100
|-unboost|p1a: Latios|spa|2
|
|-weather|none
|upkeep
|turn|16
|
|t:|1760332607
|move|p1a: Latios|Draco Meteor|p2a: Slowking
|-damage|p2a: Slowking|14/100
|-unboost|p1a: Latios|spa|2
|move|p2a: Slowking|Future Sight|p1a: Latios
|-start|p2a: Slowking|move: Future Sight
|
|upkeep
|turn|17
|
|t:|1760332615
|switch|p2a: Kingambit|Kingambit, F|60/100
|-activate|p2a: Kingambit|ability: Supreme Overlord
|-start|p2a: Kingambit|fallen1|[silent]
|move|p1a: Latios|Draco Meteor|p2a: Kingambit
|-resisted|p2a: Kingambit
|-damage|p2a: Kingambit|47/100
|-unboost|p1a: Latios|spa|2
|
|-heal|p2a: Kingambit|53/100|[from] item: Leftovers
|upkeep
|turn|18
|
|t:|1760332623
|move|p1a: Latios|Aura Sphere|p2a: Kingambit
|-supereffective|p2a: Kingambit
|-damage|p2a: Kingambit|18/100
|move|p2a: Kingambit|Kowtow Cleave|p1a: Latios
|-supereffective|p1a: Latios
|-damage|p1a: Latios|0 fnt
|faint|p1a: Latios
|
|-hint|Future Sight did not hit because the target is fainted.
|-heal|p2a: Kingambit|24/100|[from] item: Leftovers
|upkeep
|
|t:|1760332630
|switch|p1a: Zamazenta|Zamazenta|100/100
|-ability|p1a: Zamazenta|Dauntless Shield|boost
|-boost|p1a: Zamazenta|def|1
|turn|19
|
|t:|1760332637
|-end|p2a: Kingambit|fallen1|[silent]
|switch|p2a: Slowking|Slowking-Galar, M|47/100
|move|p1a: Zamazenta|Iron Defense|p1a: Zamazenta
|-boost|p1a: Zamazenta|def|2
|
|upkeep
|turn|20
|
|t:|1760332651
|move|p1a: Zamazenta|Crunch|p2a: Slowking
|-supereffective|p2a: Slowking
|-damage|p2a: Slowking|3/100
|move|p2a: Slowking|Psychic Noise|p1a: Zamazenta
|-supereffective|p1a: Zamazenta
|-crit|p1a: Zamazenta
|-damage|p1a: Zamazenta|31/100
|-start|p1a: Zamazenta|move: Heal Block
|
|upkeep
|turn|21
|
|t:|1760332661
|switch|p2a: Kingambit|Kingambit, F|24/100
|-activate|p2a: Kingambit|ability: Supreme Overlord
|-start|p2a: Kingambit|fallen1|[silent]
|move|p1a: Zamazenta|Crunch|p2a: Kingambit
|-resisted|p2a: Kingambit
|-damage|p2a: Kingambit|15/100
|
|-heal|p2a: Kingambit|21/100|[from] item: Leftovers
|-end|p1a: Zamazenta|move: Heal Block
|upkeep
|turn|22
|
|t:|1760332668
|-terastallize|p1a: Zamazenta|Fire
|move|p1a: Zamazenta|Iron Defense|p1a: Zamazenta
|-boost|p1a: Zamazenta|def|2
|move|p2a: Kingambit|Iron Head|p1a: Zamazenta
|-resisted|p1a: Zamazenta
|-damage|p1a: Zamazenta|25/100
|
|-heal|p1a: Zamazenta|32/100|[from] item: Leftovers
|-heal|p2a: Kingambit|27/100|[from] item: Leftovers
|upkeep
|turn|23
|
|t:|1760332681
|move|p1a: Zamazenta|Iron Defense|p1a: Zamazenta
|-boost|p1a: Zamazenta|def|1
|move|p2a: Kingambit|Kowtow Cleave|p1a: Zamazenta
|-damage|p1a: Zamazenta|22/100
|
|-heal|p1a: Zamazenta|29/100|[from] item: Leftovers
|-heal|p2a: Kingambit|33/100|[from] item: Leftovers
|upkeep
|turn|24
|
|t:|1760332684
|move|p1a: Zamazenta|Body Press|p2a: Kingambit
|-supereffective|p2a: Kingambit
|-damage|p2a: Kingambit|0 fnt
|faint|p2a: Kingambit
|-end|p2a: Kingambit|fallen1|[silent]
|
|-heal|p1a: Zamazenta|35/100|[from] item: Leftovers
|upkeep
|
|t:|1760332686
|switch|p2a: Landorus|Landorus-Therian, M|100/100
|-ability|p2a: Landorus|Intimidate|boost
|-unboost|p1a: Zamazenta|atk|1
|turn|25
|
|t:|1760332691
|-terastallize|p2a: Landorus|Ghost
|move|p1a: Zamazenta|Body Press|p2a: Landorus
|-immune|p2a: Landorus
|move|p2a: Landorus|Earth Power|p1a: Zamazenta
|-supereffective|p1a: Zamazenta
|-damage|p1a: Zamazenta|0 fnt
|faint|p1a: Zamazenta
|
|win|samuelthestrong
|raw|boxhero147's rating: 1645 &rarr; <strong>1623</strong><br />(-22 for losing)
|raw|samuelthestrong's rating: 1616 &rarr; <strong>1638</strong><br />(+22 for winning)
|c|☆samuelthestrong|gg
|c|☆boxhero147|lol
|c|☆boxhero147|gg
|c|☆boxhero147|that moth
|c|☆samuelthestrong|yeah
|c|☆boxhero147|was a mence
|c|☆boxhero147|XD
|c|☆samuelthestrong|i love this set
|c|☆samuelthestrong|just straight specs gas
|c|☆samuelthestrong|gl with future games!
|c|☆boxhero147|modest too i assume
|c|☆boxhero147|you as well!
|c|☆samuelthestrong|timid
|c|☆samuelthestrong|its just overheat
|c|☆samuelthestrong|such a nuke
|c|☆boxhero147|yeah fair
|l|☆samuelthestrong
|player|p2|
|c|☆boxhero147|honestly
|l|☆boxhero147
|player|p1|
