|j|☆ThiefYT
|j|☆jakkuza
|t:|1760328512
|gametype|singles
|player|p1|ThiefYT|dawn|1217
|player|p2|jakkuza|dawn|1190
|gen|9
|tier|[Gen 9] OU
|rated|
|rule|HP Percentage Mod: HP is shown in percentages
|rule|Endless Battle Clause: Forcing endless battles is banned
|rule|Species Clause: Limit one of each Pokémon
|rule|OHKO Clause: OHKO moves are banned
|rule|Evasion Items Clause: Evasion items are banned
|rule|Evasion Moves Clause: Evasion moves are banned
|rule|Evasion Abilities Clause: Evasion abilities are banned
|rule|Sleep Moves Clause: Sleep-inducing moves are banned
|clearpoke
|poke|p1|Latias, F|
|poke|p1|Uxie|
|poke|p2|Garganacl, F|
|poke|p2|Polteageist|
|poke|p2|Clefable, F|
|poke|p2|Rillaboom, M|
|poke|p2|Zamazenta-*|
|poke|p2|Ditto|
|teampreview
|inactive|Battle timer is ON: inactive players will automatically lose when time's up. (requested by ThiefYT)
|c|☆jakkuza|oh?
|
|t:|1760328527
|teamsize|p1|2
|teamsize|p2|6
|start
|switch|p1a: Uxie|Uxie|100/100
|switch|p2a: Clefable|Clefable, F|100/100
|turn|1
|c|☆ThiefYT|WHY DO I KEEP PLAYING TEAMS THAT COUNTER MINE
|
|t:|1760328536
|move|p1a: Uxie|Light Screen|p1a: Uxie
|-sidestart|p1: ThiefYT|move: Light Screen
|move|p2a: Clefable|Cosmic Power|p2a: Clefable
|-boost|p2a: Clefable|def|1
|-boost|p2a: Clefable|spd|1
|
|upkeep
|turn|2
|
|t:|1760328542
|move|p1a: Uxie|Reflect|p1a: Uxie
|-sidestart|p1: ThiefYT|Reflect
|move|p2a: Clefable|Cosmic Power|p2a: Clefable
|-boost|p2a: Clefable|def|1
|-boost|p2a: Clefable|spd|1
|
|upkeep
|turn|3
|c|☆jakkuza|why is ur team so dumb
|c|☆ThiefYT|ouch
|
|t:|1760328556
|move|p1a: Uxie|Stealth Rock|p2a: Clefable
|-sidestart|p2: jakkuza|move: Stealth Rock
|move|p2a: Clefable|Cosmic Power|p2a: Clefable
|-boost|p2a: Clefable|def|1
|-boost|p2a: Clefable|spd|1
|
|upkeep
|turn|4
|c|☆ThiefYT|That’s kinda of the point of it actually
|c|☆jakkuza|nothing wrong with the 2 you have but if u wanna win you might want 6…
|inactive|jakkuza has 120 seconds left.
|c|☆jakkuza|6-7
|c|☆ThiefYT|Nahhhhh
|
|t:|1760328594
|move|p1a: Uxie|Memento|p2a: Clefable
|-unboost|p2a: Clefable|atk|2
|-unboost|p2a: Clefable|spa|2
|faint|p1a: Uxie
|move|p2a: Clefable|Cosmic Power|p2a: Clefable
|-boost|p2a: Clefable|def|1
|-boost|p2a: Clefable|spd|1
|
|upkeep
|
|t:|1760328602
|switch|p1a: Latias|Latias, F|100/100
|turn|5
|inactive|jakkuza has 120 seconds left.
|
|t:|1760328614
|move|p1a: Latias|Agility|p1a: Latias
|-boost|p1a: Latias|spe|2
|move|p2a: Clefable|Cosmic Power|p2a: Clefable
|-boost|p2a: Clefable|def|1
|-boost|p2a: Clefable|spd|1
|
|upkeep
|turn|6
|c|☆ThiefYT|Do u know the strategy or nah?
|
|t:|1760328622
|move|p1a: Latias|Agility|p1a: Latias
|-boost|p1a: Latias|spe|2
|move|p2a: Clefable|Cosmic Power|p2a: Clefable
|-boost|p2a: Clefable|def|1
|-boost|p2a: Clefable|spd|1
|
|upkeep
|turn|7
|inactive|jakkuza has 120 seconds left.
|
|t:|1760328648
|move|p1a: Latias|Agility|p1a: Latias
|-boost|p1a: Latias|spe|2
|move|p2a: Clefable|Stored Power|p1a: Latias
|-resisted|p1a: Latias
|-damage|p1a: Latias|95/100
|
|upkeep
|turn|8
|c|☆ThiefYT|Also ur right
|inactive|jakkuza has 120 seconds left.
|c|☆ThiefYT|imma put 4 other potential sweepers on the team
|
|t:|1760328668
|move|p1a: Latias|Stored Power|p2a: Clefable
|-damage|p2a: Clefable|84/100
|move|p2a: Clefable|Charge Beam|p1a: Latias
|-resisted|p1a: Latias
|-damage|p1a: Latias|94/100
|-boost|p2a: Clefable|spa|1
|
|-heal|p2a: Clefable|90/100|[from] item: Leftovers
|-sideend|p1: ThiefYT|move: Light Screen
|upkeep
|turn|9
|
|t:|1760328682
|move|p1a: Latias|Draining Kiss|p2a: Clefable
|-damage|p2a: Clefable|86/100
|-heal|p1a: Latias|97/100|[from] drain|[of] p2a: Clefable
|move|p2a: Clefable|Stored Power|p1a: Latias
|-resisted|p1a: Latias
|-damage|p1a: Latias|81/100
|
|-heal|p2a: Clefable|92/100|[from] item: Leftovers
|-sideend|p1: ThiefYT|Reflect
|upkeep
|turn|10
|
|t:|1760328692
|move|p1a: Latias|Stored Power|p2a: Clefable
|-damage|p2a: Clefable|76/100
|move|p2a: Clefable|Charge Beam|p1a: Latias
|-resisted|p1a: Latias
|-damage|p1a: Latias|78/100
|-boost|p2a: Clefable|spa|1
|
|-heal|p2a: Clefable|82/100|[from] item: Leftovers
|upkeep
|turn|11
|c|☆ThiefYT|DO U NOT HAVE MOONBLAST?
|
|t:|1760328707
|move|p1a: Latias|Stored Power|p2a: Clefable
|-damage|p2a: Clefable|68/100
|move|p2a: Clefable|Charge Beam|p1a: Latias
|-resisted|p1a: Latias
|-damage|p1a: Latias|73/100
|-boost|p2a: Clefable|spa|1
|
|-heal|p2a: Clefable|74/100|[from] item: Leftovers
|upkeep
|turn|12
|inactive|jakkuza has 120 seconds left.
|c|☆jakkuza|no i dont
|c|☆ThiefYT|What’s ur last move?
|c|☆jakkuza|needed the room for moonlight
|c|☆jakkuza|xD
|c|☆ThiefYT|…
|c|☆ThiefYT|FU-
|inactive|jakkuza has 90 seconds left.
|c|☆jakkuza|spotlightuh moonlightuh
|
|t:|1760328752
|move|p1a: Latias|Stored Power|p2a: Clefable
|-damage|p2a: Clefable|59/100
|move|p2a: Clefable|Charge Beam|p1a: Latias
|-resisted|p1a: Latias
|-crit|p1a: Latias
|-damage|p1a: Latias|62/100
|
|-heal|p2a: Clefable|65/100|[from] item: Leftovers
|upkeep
|turn|13
|c|☆ThiefYT|I swear I keep facing teams that coincidentally counter this lol
|
|t:|1760328762
|move|p1a: Latias|Stored Power|p2a: Clefable
|-damage|p2a: Clefable|48/100
|move|p2a: Clefable|Charge Beam|p1a: Latias
|-resisted|p1a: Latias
|-damage|p1a: Latias|54/100
|-boost|p2a: Clefable|spa|1
|
|-heal|p2a: Clefable|55/100|[from] item: Leftovers
|upkeep
|turn|14
|inactive|jakkuza has 90 seconds left.
|
|t:|1760328772
|move|p1a: Latias|Stored Power|p2a: Clefable
|-damage|p2a: Clefable|39/100
|move|p2a: Clefable|Moonlight|p2a: Clefable
|-heal|p2a: Clefable|89/100
|
|-heal|p2a: Clefable|95/100|[from] item: Leftovers
|upkeep
|turn|15
|inactive|jakkuza has 90 seconds left.
|
|t:|1760328784
|move|p1a: Latias|Stored Power|p2a: Clefable
|-damage|p2a: Clefable|80/100
|move|p2a: Clefable|Stored Power|p1a: Latias
|-resisted|p1a: Latias
|-damage|p1a: Latias|0 fnt
|faint|p1a: Latias
|
|win|jakkuza
|raw|ThiefYT's rating: 1217 &rarr; <strong>1190</strong><br />(-27 for losing)
|raw|jakkuza's rating: 1190 &rarr; <strong>1217</strong><br />(+27 for winning)
|c|☆jakkuza|gg
|c|☆ThiefYT|One crit is all it’s took
|c|☆ThiefYT|ggs
|l|☆ThiefYT
|player|p1|
|c|☆jakkuza|it wasn’t a crit
|l|☆jakkuza
|player|p2|
