|j|☆HAGallium
|j|☆emjay2306
|t:|1760339465
|gametype|singles
|player|p1|HAGallium|misty|1448
|player|p2|emjay2306|cynthia|1497
|gen|9
|tier|[Gen 9] OU
|rated|
|rule|HP Percentage Mod: HP is shown in percentages
|rule|Endless Battle Clause: Forcing endless battles is banned
|rule|Species Clause: Limit one of each Pokémon
|rule|OHKO Clause: OHKO moves are banned
|rule|Evasion Items Clause: Evasion items are banned
|rule|Evasion Moves Clause: Evasion moves are banned
|rule|Evasion Abilities Clause: Evasion abilities are banned
|rule|Sleep Moves Clause: Sleep-inducing moves are banned
|clearpoke
|poke|p1|Rillaboom, F|
|poke|p1|Clodsire, M|
|poke|p1|Cinderace, F|
|poke|p1|Enamorus, F|
|poke|p1|Raging Bolt|
|poke|p1|Corviknight, M|
|poke|p2|Dragonite, F|
|poke|p2|Gholdengo|
|poke|p2|Ribombee, M|
|poke|p2|Great Tusk|
|poke|p2|Iron Moth|
|poke|p2|Weavile, M|
|teampreview
|inactive|Battle timer is ON: inactive players will automatically lose when time's up. (requested by emjay2306)
|j| Narwhale37
|inactive|HAGallium has 120 seconds left.
|
|t:|1760339500
|teamsize|p1|6
|teamsize|p2|6
|start
|switch|p1a: Rillaboom|Rillaboom, F|100/100
|switch|p2a: Great Tusk|Great Tusk|100/100
|-fieldstart|move: Grassy Terrain|[from] ability: Grassy Surge|[of] p1a: Rillaboom
|turn|1
|
|t:|1760339505
|move|p2a: Great Tusk|Ice Spinner|p1a: Rillaboom
|-supereffective|p1a: Rillaboom
|-damage|p1a: Rillaboom|51/100
|-fieldend|move: Grassy Terrain
|move|p1a: Rillaboom|U-turn|p2a: Great Tusk
|-resisted|p2a: Great Tusk
|-damage|p2a: Great Tusk|89/100
|-damage|p1a: Rillaboom|34/100|[from] item: Rocky Helmet|[of] p2a: Great Tusk
|
|t:|1760339512
|switch|p1a: Enamorus|Enamorus, F|100/100|[from] U-turn
|
|upkeep
|turn|2
|
|t:|1760339524
|-end|p2a: Great Tusk|Protosynthesis|[silent]
|switch|p2a: Iron Moth|Iron Moth|100/100
|-enditem|p2a: Iron Moth|Booster Energy
|-activate|p2a: Iron Moth|ability: Quark Drive|[fromitem]
|-start|p2a: Iron Moth|quarkdrivespe
|move|p1a: Enamorus|Moonblast|p2a: Iron Moth
|-resisted|p2a: Iron Moth
|-damage|p2a: Iron Moth|86/100
|
|upkeep
|turn|3
|
|t:|1760339534
|switch|p1a: Clodsire|Clodsire, M|100/100
|move|p2a: Iron Moth|Fiery Dance|p1a: Clodsire
|-damage|p1a: Clodsire|77/100
|-boost|p2a: Iron Moth|spa|1
|
|upkeep
|turn|4
|
|t:|1760339547
|move|p2a: Iron Moth|Psychic|p1a: Clodsire
|-supereffective|p1a: Clodsire
|-damage|p1a: Clodsire|24/100
|move|p1a: Clodsire|Poison Jab|p2a: Iron Moth
|-resisted|p2a: Iron Moth
|-damage|p2a: Iron Moth|71/100
|
|upkeep
|turn|5
|
|t:|1760339553
|-terastallize|p1a: Clodsire|Dark
|move|p2a: Iron Moth|Fiery Dance|p1a: Clodsire
|-damage|p1a: Clodsire|0 fnt
|-boost|p2a: Iron Moth|spa|1
|faint|p1a: Clodsire
|
|upkeep
|
|t:|1760339562
|switch|p1a: Raging Bolt|Raging Bolt|100/100
|turn|6
|
|t:|1760339566
|move|p1a: Raging Bolt|Thunderclap|p2a: Iron Moth
|-damage|p2a: Iron Moth|24/100
|move|p2a: Iron Moth|Sludge Wave|p1a: Raging Bolt
|-damage|p1a: Raging Bolt|19/100
|
|-heal|p1a: Raging Bolt|25/100|[from] item: Leftovers
|upkeep
|turn|7
|
|t:|1760339582
|-end|p2a: Iron Moth|Quark Drive|[silent]
|switch|p2a: Great Tusk|Great Tusk|89/100
|move|p1a: Raging Bolt|Dragon Pulse|p2a: Great Tusk
|-damage|p2a: Great Tusk|28/100
|
|-heal|p1a: Raging Bolt|32/100|[from] item: Leftovers
|upkeep
|turn|8
|
|t:|1760339588
|-end|p1a: Raging Bolt|Protosynthesis|[silent]
|switch|p1a: Corviknight|Corviknight, M|100/100
|-ability|p1a: Corviknight|Pressure
|move|p2a: Great Tusk|Stealth Rock|p1a: Corviknight
|-sidestart|p1: HAGallium|move: Stealth Rock
|
|upkeep
|turn|9
|
|t:|1760339595
|move|p2a: Great Tusk|Stealth Rock||[still]
|-fail|p2a: Great Tusk
|move|p1a: Corviknight|U-turn|p2a: Great Tusk
|-resisted|p2a: Great Tusk
|-damage|p2a: Great Tusk|23/100
|-damage|p1a: Corviknight|84/100|[from] item: Rocky Helmet|[of] p2a: Great Tusk
|
|t:|1760339601
|switch|p1a: Enamorus|Enamorus, F|100/100|[from] U-turn
|
|upkeep
|turn|10
|
|t:|1760339609
|move|p1a: Enamorus|Earth Power|p2a: Great Tusk
|-damage|p2a: Great Tusk|0 fnt
|faint|p2a: Great Tusk
|-end|p2a: Great Tusk|Protosynthesis|[silent]
|
|upkeep
|
|t:|1760339611
|switch|p2a: Dragonite|Dragonite, F|100/100
|turn|11
|
|t:|1760339616
|move|p1a: Enamorus|Moonblast|p2a: Dragonite
|-supereffective|p2a: Dragonite
|-damage|p2a: Dragonite|46/100
|move|p2a: Dragonite|Dragon Dance|p2a: Dragonite
|-boost|p2a: Dragonite|atk|1
|-boost|p2a: Dragonite|spe|1
|
|upkeep
|turn|12
|
|t:|1760339622
|switch|p1a: Corviknight|Corviknight, M|84/100
|-damage|p1a: Corviknight|71/100|[from] Stealth Rock
|-ability|p1a: Corviknight|Pressure
|-terastallize|p2a: Dragonite|Flying
|move|p2a: Dragonite|Tera Blast|p1a: Corviknight|[anim] Tera Blast Flying
|-resisted|p1a: Corviknight
|-damage|p1a: Corviknight|41/100
|
|-heal|p1a: Corviknight|47/100|[from] item: Leftovers
|upkeep
|turn|13
|
|t:|1760339629
|move|p2a: Dragonite|Dragon Dance|p2a: Dragonite
|-boost|p2a: Dragonite|atk|1
|-boost|p2a: Dragonite|spe|1
|move|p1a: Corviknight|Roost|p1a: Corviknight
|-heal|p1a: Corviknight|97/100
|-singleturn|p1a: Corviknight|move: Roost
|
|-heal|p1a: Corviknight|100/100|[from] item: Leftovers
|upkeep
|turn|14
|
|t:|1760339633
|move|p2a: Dragonite|Encore|p1a: Corviknight
|-start|p1a: Corviknight|Encore
|move|p1a: Corviknight|Roost||[still]
|-fail|p1a: Corviknight|heal
|
|upkeep
|turn|15
|
|t:|1760339645
|switch|p1a: Rillaboom|Rillaboom, F|34/100
|-damage|p1a: Rillaboom|22/100|[from] Stealth Rock
|-fieldstart|move: Grassy Terrain|[from] ability: Grassy Surge|[of] p1a: Rillaboom
|move|p2a: Dragonite|Dragon Dance|p2a: Dragonite
|-boost|p2a: Dragonite|atk|1
|-boost|p2a: Dragonite|spe|1
|
|-heal|p1a: Rillaboom|28/100|[from] Grassy Terrain
|upkeep
|turn|16
|
|t:|1760339647
|move|p1a: Rillaboom|Grassy Glide|p2a: Dragonite
|-resisted|p2a: Dragonite
|-crit|p2a: Dragonite
|-damage|p2a: Dragonite|0 fnt
|faint|p2a: Dragonite
|
|-heal|p1a: Rillaboom|34/100|[from] Grassy Terrain
|upkeep
|
|t:|1760339659
|switch|p2a: Iron Moth|Iron Moth|24/100
|turn|17
|
|t:|1760339673
|move|p1a: Rillaboom|Grassy Glide|p2a: Iron Moth
|-resisted|p2a: Iron Moth
|-damage|p2a: Iron Moth|2/100
|move|p2a: Iron Moth|Fiery Dance|p1a: Rillaboom
|-supereffective|p1a: Rillaboom
|-damage|p1a: Rillaboom|0 fnt
|-boost|p2a: Iron Moth|spa|1
|faint|p1a: Rillaboom
|
|-heal|p2a: Iron Moth|8/100|[from] Grassy Terrain
|upkeep
|
|t:|1760339678
|switch|p1a: Cinderace|Cinderace, F|100/100
|turn|18
|
|t:|1760339682
|move|p1a: Cinderace|Pyro Ball|p2a: Iron Moth
|-resisted|p2a: Iron Moth
|-damage|p2a: Iron Moth|0 fnt
|faint|p2a: Iron Moth
|-end|p2a: Iron Moth|Quark Drive|[silent]
|
|upkeep
|
|t:|1760339694
|switch|p2a: Weavile|Weavile, M|100/100
|turn|19
|
|t:|1760339701
|move|p2a: Weavile|Knock Off|p1a: Cinderace
|-damage|p1a: Cinderace|46/100
|-enditem|p1a: Cinderace|Heavy-Duty Boots|[from] move: Knock Off|[of] p2a: Weavile
|move|p1a: Cinderace|Will-O-Wisp|p2a: Weavile
|-status|p2a: Weavile|brn
|
|-heal|p1a: Cinderace|52/100|[from] Grassy Terrain
|-damage|p2a: Weavile|94/100 brn|[from] brn
|-fieldend|move: Grassy Terrain
|upkeep
|turn|20
|
|t:|1760339708
|move|p2a: Weavile|Icicle Crash|p1a: Cinderace
|-resisted|p1a: Cinderace
|-damage|p1a: Cinderace|41/100
|cant|p1a: Cinderace|flinch
|
|-damage|p2a: Weavile|88/100 brn|[from] brn
|upkeep
|turn|21
|
|t:|1760339715
|move|p2a: Weavile|Icicle Crash|p1a: Cinderace
|-resisted|p1a: Cinderace
|-damage|p1a: Cinderace|28/100
|move|p1a: Cinderace|Court Change|p1a: Cinderace
|-start|p1a: Cinderace|typechange|Normal|[from] ability: Libero
|-swapsideconditions
|-activate|p1a: Cinderace|move: Court Change
|
|-damage|p2a: Weavile|82/100 brn|[from] brn
|upkeep
|turn|22
|
|t:|1760339722
|move|p2a: Weavile|Swords Dance|p2a: Weavile
|-boost|p2a: Weavile|atk|2
|move|p1a: Cinderace|Pyro Ball|p2a: Weavile
|-supereffective|p2a: Weavile
|-damage|p2a: Weavile|0 fnt
|faint|p2a: Weavile
|
|upkeep
|
|t:|1760339725
|switch|p2a: Ribombee|Ribombee, M|100/100
|-damage|p2a: Ribombee|76/100|[from] Stealth Rock
|turn|23
|
|t:|1760339731
|move|p2a: Ribombee|Moonblast|p1a: Cinderace
|-damage|p1a: Cinderace|0 fnt
|faint|p1a: Cinderace
|
|upkeep
|
|t:|1760339736
|switch|p1a: Enamorus|Enamorus, F|100/100
|turn|24
|
|t:|1760339762
|switch|p1a: Corviknight|Corviknight, M|100/100
|-ability|p1a: Corviknight|Pressure
|move|p2a: Ribombee|Stun Spore|p1a: Corviknight
|-status|p1a: Corviknight|par
|
|upkeep
|turn|25
|
|t:|1760339775
|move|p2a: Ribombee|Sticky Web|p1a: Corviknight
|-sidestart|p1: HAGallium|move: Sticky Web
|move|p1a: Corviknight|U-turn|p2a: Ribombee
|-resisted|p2a: Ribombee
|-damage|p2a: Ribombee|61/100
|
|t:|1760339778
|switch|p1a: Raging Bolt|Raging Bolt|32/100|[from] U-turn
|-activate|p1a: Raging Bolt|move: Sticky Web
|-unboost|p1a: Raging Bolt|spe|1
|
|-heal|p1a: Raging Bolt|38/100|[from] item: Leftovers
|upkeep
|turn|26
|
|t:|1760339780
|move|p1a: Raging Bolt|Thunderclap|p2a: Ribombee
|-damage|p2a: Ribombee|0 fnt
|faint|p2a: Ribombee
|
|-heal|p1a: Raging Bolt|44/100|[from] item: Leftovers
|upkeep
|
|t:|1760339783
|switch|p2a: Gholdengo|Gholdengo|100/100
|-damage|p2a: Gholdengo|94/100|[from] Stealth Rock
|-item|p2a: Gholdengo|Air Balloon
|turn|27
|
|t:|1760339787
|move|p2a: Gholdengo|Nasty Plot|p2a: Gholdengo
|-boost|p2a: Gholdengo|spa|2
|move|p1a: Raging Bolt|Thunderbolt|p2a: Gholdengo
|-damage|p2a: Gholdengo|35/100
|-enditem|p2a: Gholdengo|Air Balloon
|
|-heal|p1a: Raging Bolt|50/100|[from] item: Leftovers
|upkeep
|turn|28
|
|t:|1760339790
|move|p1a: Raging Bolt|Thunderclap|p2a: Gholdengo
|-damage|p2a: Gholdengo|0 fnt
|faint|p2a: Gholdengo
|
|win|HAGallium
|raw|HAGallium's rating: 1448 &rarr; <strong>1471</strong><br />(+23 for winning)
|raw|emjay2306's rating: 1497 &rarr; <strong>1474</strong><br />(-23 for losing)
