|j|☆SDK04
|j|☆Sir Aaronson IV
|inactive|Battle timer is ON: inactive players will automatically lose when time's up.
|t:|1760402262
|gametype|singles
|player|p1|SDK04|miku-ground|
|player|p2|Sir Aaronson IV|riley|
|gen|9
|tier|[Gen 9] OU
|rated|Tournament battle
|rule|HP Percentage Mod: HP is shown in percentages
|rule|Endless Battle Clause: Forcing endless battles is banned
|rule|Species Clause: Limit one of each Pokémon
|rule|OHKO Clause: OHKO moves are banned
|rule|Evasion Items Clause: Evasion items are banned
|rule|Evasion Moves Clause: Evasion moves are banned
|rule|Evasion Abilities Clause: Evasion abilities are banned
|rule|Sleep Moves Clause: Sleep-inducing moves are banned
|clearpoke
|poke|p1|Grimmsnarl, M|
|poke|p1|Rillaboom, M|
|poke|p1|Raging Bolt|
|poke|p1|Darkrai|
|poke|p1|Great Tusk|
|poke|p1|Skarmory, F|
|poke|p2|Gyarados, F|
|poke|p2|Arcanine, F|
|poke|p2|Garchomp, F|
|poke|p2|Gliscor, F|
|poke|p2|Empoleon, M|
|poke|p2|Kingambit, F|
|teampreview
|
|t:|1760402267
|teamsize|p1|6
|teamsize|p2|6
|start
|switch|p1a: you know who else|Grimmsnarl, M|100/100
|switch|p2a: Arcanine|Arcanine, F|100/100
|-ability|p2a: Arcanine|Intimidate|boost
|-unboost|p1a: you know who else|atk|1
|turn|1
|
|t:|1760402276
|move|p1a: you know who else|Reflect|p1a: you know who else
|-sidestart|p1: SDK04|Reflect
|move|p2a: Arcanine|Flare Blitz|p1a: you know who else
|-damage|p1a: you know who else|72/100
|-damage|p2a: Arcanine|89/100|[from] Recoil
|
|upkeep
|turn|2
|
|t:|1760402291
|switch|p2a: Gliscor|Gliscor, F|100/100
|move|p1a: you know who else|Light Screen|p1a: you know who else
|-sidestart|p1: SDK04|move: Light Screen
|
|-status|p2a: Gliscor|tox|[from] item: Toxic Orb
|upkeep
|turn|3
|j| PG Spectating
|inactive|Sir Aaronson IV has 120 seconds left.
|
|t:|1760402322
|move|p2a: Gliscor|Swords Dance|p2a: Gliscor
|-boost|p2a: Gliscor|atk|2
|move|p1a: you know who else|Spirit Break|p2a: Gliscor
|-damage|p2a: Gliscor|81/100 tox
|-unboost|p2a: Gliscor|spa|1
|
|-heal|p2a: Gliscor|93/100 tox|[from] ability: Poison Heal
|upkeep
|turn|4
|
|t:|1760402333
|move|p1a: you know who else|Parting Shot|p2a: Gliscor
|-unboost|p2a: Gliscor|atk|1
|-unboost|p2a: Gliscor|spa|1
|
|t:|1760402334
|switch|p1a: the biggest bird|Skarmory, F, shiny|100/100|[from] Parting Shot
|move|p2a: Gliscor|Swords Dance|p2a: Gliscor
|-boost|p2a: Gliscor|atk|2
|
|-heal|p2a: Gliscor|100/100 tox|[from] ability: Poison Heal
|upkeep
|turn|5
|
|t:|1760402349
|move|p2a: Gliscor|Swords Dance|p2a: Gliscor
|-boost|p2a: Gliscor|atk|2
|move|p1a: the biggest bird|Swords Dance|p1a: the biggest bird
|-boost|p1a: the biggest bird|atk|2
|
|upkeep
|turn|6
|
|t:|1760402361
|move|p2a: Gliscor|Facade|p1a: the biggest bird
|-resisted|p1a: the biggest bird
|-damage|p1a: the biggest bird|67/100
|-ability|p1a: the biggest bird|Weak Armor|boost
|-unboost|p1a: the biggest bird|def|1
|-boost|p1a: the biggest bird|spe|2
|move|p1a: the biggest bird|Swords Dance|p1a: the biggest bird
|-boost|p1a: the biggest bird|atk|2
|
|upkeep
|turn|7
|
|t:|1760402370
|move|p1a: the biggest bird|Brave Bird|p2a: Gliscor
|-damage|p2a: Gliscor|0 fnt
|faint|p2a: Gliscor
|-damage|p1a: the biggest bird|31/100|[from] Recoil
|
|upkeep
|c| PG Spectating|goated
|
|t:|1760402377
|switch|p2a: Kingambit|Kingambit, F|100/100
|-activate|p2a: Kingambit|ability: Supreme Overlord
|-start|p2a: Kingambit|fallen1|[silent]
|turn|8
|
|t:|1760402383
|move|p1a: the biggest bird|Drill Run|p2a: Kingambit
|-supereffective|p2a: Kingambit
|-damage|p2a: Kingambit|13/100
|move|p2a: Kingambit|Swords Dance|p2a: Kingambit
|-boost|p2a: Kingambit|atk|2
|
|-heal|p2a: Kingambit|20/100|[from] item: Leftovers
|-sideend|p1: SDK04|Reflect
|upkeep
|turn|9
|
|t:|1760402390
|move|p2a: Kingambit|Sucker Punch||[still]
|-fail|p2a: Kingambit
|move|p1a: the biggest bird|Swords Dance|p1a: the biggest bird
|-boost|p1a: the biggest bird|atk|2
|
|-heal|p2a: Kingambit|26/100|[from] item: Leftovers
|-sideend|p1: SDK04|move: Light Screen
|upkeep
|turn|10
|
|t:|1760402392
|move|p2a: Kingambit|Sucker Punch|p1a: the biggest bird
|-damage|p1a: the biggest bird|0 fnt
|faint|p1a: the biggest bird
|
|-heal|p2a: Kingambit|32/100|[from] item: Leftovers
|upkeep
|
|t:|1760402394
|switch|p1a: Donphan-Therian|Great Tusk|100/100
|turn|11
|
|t:|1760402397
|move|p2a: Kingambit|Sucker Punch|p1a: Donphan-Therian
|-resisted|p1a: Donphan-Therian
|-damage|p1a: Donphan-Therian|70/100
|move|p1a: Donphan-Therian|Rapid Spin|p2a: Kingambit
|-resisted|p2a: Kingambit
|-damage|p2a: Kingambit|25/100
|-boost|p1a: Donphan-Therian|spe|1
|
|-heal|p2a: Kingambit|31/100|[from] item: Leftovers
|upkeep
|turn|12
|
|t:|1760402402
|-end|p2a: Kingambit|fallen1|[silent]
|switch|p2a: Gyarados|Gyarados, F|100/100
|-ability|p2a: Gyarados|Intimidate|boost
|-unboost|p1a: Donphan-Therian|atk|1
|move|p1a: Donphan-Therian|Headlong Rush|p2a: Gyarados
|-immune|p2a: Gyarados
|
|upkeep
|turn|13
|
|t:|1760402429
|-end|p1a: Donphan-Therian|Protosynthesis|[silent]
|switch|p1a: you know who else|Grimmsnarl, M|72/100
|move|p2a: Gyarados|Waterfall|p1a: you know who else
|-damage|p1a: you know who else|28/100
|
|upkeep
|turn|14
|
|t:|1760402432
|move|p1a: you know who else|Reflect|p1a: you know who else
|-sidestart|p1: SDK04|Reflect
|move|p2a: Gyarados|Waterfall|p1a: you know who else
|-damage|p1a: you know who else|3/100
|
|upkeep
|turn|15
|
|t:|1760402434
|move|p1a: you know who else|Parting Shot|p2a: Gyarados
|-unboost|p2a: Gyarados|atk|1
|-unboost|p2a: Gyarados|spa|1
|
|t:|1760402436
|switch|p1a: Raging Neck|Raging Bolt|100/100|[from] Parting Shot
|move|p2a: Gyarados|Waterfall|p1a: Raging Neck
|-resisted|p1a: Raging Neck
|-damage|p1a: Raging Neck|95/100
|
|upkeep
|turn|16
|
|t:|1760402441
|switch|p2a: Arcanine|Arcanine, F|89/100
|-ability|p2a: Arcanine|Intimidate|boost
|-unboost|p1a: Raging Neck|atk|1
|move|p1a: Raging Neck|Draco Meteor|p2a: Arcanine
|-damage|p2a: Arcanine|0 fnt
|-unboost|p1a: Raging Neck|spa|2
|faint|p2a: Arcanine
|
|upkeep
|
|t:|1760402457
|switch|p2a: Kingambit|Kingambit, F|31/100
|-activate|p2a: Kingambit|ability: Supreme Overlord
|-start|p2a: Kingambit|fallen2|[silent]
|turn|17
|
|t:|1760402464
|move|p1a: Raging Neck|Draco Meteor|p2a: Kingambit
|-resisted|p2a: Kingambit
|-damage|p2a: Kingambit|2/100
|-unboost|p1a: Raging Neck|spa|2
|move|p2a: Kingambit|Swords Dance|p2a: Kingambit
|-boost|p2a: Kingambit|atk|2
|
|-heal|p2a: Kingambit|9/100|[from] item: Leftovers
|upkeep
|turn|18
|
|t:|1760402471
|-end|p1a: Raging Neck|Protosynthesis|[silent]
|switch|p1a: Donphan-Therian|Great Tusk|70/100
|move|p2a: Kingambit|Sucker Punch||[still]
|-fail|p2a: Kingambit
|
|-heal|p2a: Kingambit|15/100|[from] item: Leftovers
|upkeep
|turn|19
|
|t:|1760402480
|-end|p2a: Kingambit|fallen2|[silent]
|switch|p2a: Gyarados|Gyarados, F|100/100
|-ability|p2a: Gyarados|Intimidate|boost
|-unboost|p1a: Donphan-Therian|atk|1
|move|p1a: Donphan-Therian|Headlong Rush|p2a: Gyarados
|-immune|p2a: Gyarados
|
|upkeep
|turn|20
|
|t:|1760402490
|move|p1a: Donphan-Therian|Stealth Rock|p2a: Gyarados
|-sidestart|p2: Sir Aaronson IV|move: Stealth Rock
|move|p2a: Gyarados|Crunch|p1a: Donphan-Therian
|-resisted|p1a: Donphan-Therian
|-damage|p1a: Donphan-Therian|66/100
|-unboost|p1a: Donphan-Therian|def|1
|
|upkeep
|turn|21
|
|t:|1760402494
|-end|p1a: Donphan-Therian|Protosynthesis|[silent]
|switch|p1a: I got sleep banned|Darkrai|100/100
|move|p2a: Gyarados|Crunch|p1a: I got sleep banned
|-resisted|p1a: I got sleep banned
|-damage|p1a: I got sleep banned|94/100
|
|-heal|p1a: I got sleep banned|99/100|[from] item: Leftovers
|-sideend|p1: SDK04|Reflect
|upkeep
|turn|22
|
|t:|1760402497
|move|p1a: I got sleep banned|Nasty Plot|p1a: I got sleep banned
|-boost|p1a: I got sleep banned|spa|2
|move|p2a: Gyarados|Thunder Wave|p1a: I got sleep banned
|-status|p1a: I got sleep banned|par
|
|-heal|p1a: I got sleep banned|100/100 par|[from] item: Leftovers
|upkeep
|turn|23
|
|t:|1760402499
|move|p2a: Gyarados|Waterfall|p1a: I got sleep banned
|-damage|p1a: I got sleep banned|56/100 par
|move|p1a: I got sleep banned|Will-O-Wisp|p2a: Gyarados
|-status|p2a: Gyarados|brn
|
|-heal|p1a: I got sleep banned|62/100 par|[from] item: Leftovers
|-damage|p2a: Gyarados|94/100 brn|[from] brn
|upkeep
|turn|24
|
|t:|1760402504
|move|p2a: Gyarados|Waterfall|p1a: I got sleep banned
|-damage|p1a: I got sleep banned|42/100 par
|cant|p1a: I got sleep banned|flinch
|
|-heal|p2a: Gyarados|100/100 brn|[from] item: Leftovers
|-heal|p1a: I got sleep banned|48/100 par|[from] item: Leftovers
|-damage|p2a: Gyarados|94/100 brn|[from] brn
|upkeep
|turn|25
|
|t:|1760402519
|switch|p1a: Nature’s Nuke|Rillaboom, M|100/100
|-fieldstart|move: Grassy Terrain|[from] ability: Grassy Surge|[of] p1a: Nature’s Nuke
|move|p2a: Gyarados|Waterfall|p1a: Nature’s Nuke
|-resisted|p1a: Nature’s Nuke
|-damage|p1a: Nature’s Nuke|90/100
|
|-heal|p1a: Nature’s Nuke|96/100|[from] Grassy Terrain
|-heal|p2a: Gyarados|100/100 brn|[from] item: Leftovers
|-damage|p2a: Gyarados|94/100 brn|[from] brn
|upkeep
|turn|26
|
|t:|1760402533
|move|p1a: Nature’s Nuke|Wood Hammer|p2a: Gyarados
|-damage|p2a: Gyarados|0 fnt
|faint|p2a: Gyarados
|-damage|p1a: Nature’s Nuke|64/100|[from] Recoil
|
|-heal|p1a: Nature’s Nuke|70/100|[from] Grassy Terrain
|upkeep
|
|t:|1760402551
|switch|p2a: Empoleon|Empoleon, M|100/100
|-damage|p2a: Empoleon|94/100|[from] Stealth Rock
|turn|27
|
|t:|1760402555
|move|p1a: Nature’s Nuke|Wood Hammer|p2a: Empoleon
|-damage|p2a: Empoleon|0 fnt
|faint|p2a: Empoleon
|-damage|p1a: Nature’s Nuke|36/100|[from] Recoil
|
|-heal|p1a: Nature’s Nuke|42/100|[from] Grassy Terrain
|upkeep
|
|t:|1760402559
|switch|p2a: Garchomp|Garchomp, F|100/100
|-damage|p2a: Garchomp|94/100|[from] Stealth Rock
|turn|28
|
|t:|1760402566
|move|p2a: Garchomp|Spikes|p1a: Nature’s Nuke
|-sidestart|p1: SDK04|Spikes
|move|p1a: Nature’s Nuke|Wood Hammer|p2a: Garchomp
|-damage|p2a: Garchomp|0 fnt
|-damage|p1a: Nature’s Nuke|30/100|[from] ability: Rough Skin|[of] p2a: Garchomp
|faint|p2a: Garchomp
|-damage|p1a: Nature’s Nuke|0 fnt|[from] Recoil
|faint|p1a: Nature’s Nuke
|
|upkeep
|
|t:|1760402571
|switch|p2a: Kingambit|Kingambit, F|15/100
|switch|p1a: Donphan-Therian|Great Tusk|66/100
|-damage|p2a: Kingambit|9/100|[from] Stealth Rock
|-activate|p2a: Kingambit|ability: Supreme Overlord
|-start|p2a: Kingambit|fallen5|[silent]
|turn|29
|
|t:|1760402574
|move|p2a: Kingambit|Sucker Punch|p1a: Donphan-Therian
|-resisted|p1a: Donphan-Therian
|-damage|p1a: Donphan-Therian|45/100
|move|p1a: Donphan-Therian|Knock Off|p2a: Kingambit
|-resisted|p2a: Kingambit
|-damage|p2a: Kingambit|0 fnt
|-enditem|p2a: Kingambit|Leftovers|[from] move: Knock Off|[of] p1a: Donphan-Therian
|faint|p2a: Kingambit
|-end|p2a: Kingambit|fallen5|[silent]
|
|win|SDK04
|n|☆SDK04|sdk04
|n|☆Sir Aaronson IV|siraaronsoniv
|n| PG Spectating|pgspectating
|l|☆Sir Aaronson IV
|player|p2|
|c|☆SDK04|gg
