|j|☆PandaBipo
|j|☆Grubloot
|t:|1760353655
|gametype|singles
|player|p1|PandaBipo|clerk-boss|1153
|player|p2|Grubloot|102|1155
|gen|9
|tier|[Gen 9] OU
|rated|
|rule|HP Percentage Mod: HP is shown in percentages
|rule|Endless Battle Clause: Forcing endless battles is banned
|rule|Species Clause: Limit one of each Pokémon
|rule|OHKO Clause: OHKO moves are banned
|rule|Evasion Items Clause: Evasion items are banned
|rule|Evasion Moves Clause: Evasion moves are banned
|rule|Evasion Abilities Clause: Evasion abilities are banned
|rule|Sleep Moves Clause: Sleep-inducing moves are banned
|clearpoke
|poke|p1|Snorlax, M|
|poke|p1|Rillaboom, M|
|poke|p1|Iron Treads|
|poke|p1|Dragapult, M|
|poke|p1|Okidogi, M|
|poke|p1|Cinderace, M|
|poke|p2|Drifblim, F|
|poke|p2|Corviknight, F|
|poke|p2|Clodsire, F|
|poke|p2|Ribombee, F|
|poke|p2|Garganacl, M|
|poke|p2|Ceruledge, M|
|teampreview
|inactive|Battle timer is ON: inactive players will automatically lose when time's up. (requested by Grubloot)
|
|t:|1760353673
|teamsize|p1|6
|teamsize|p2|6
|start
|switch|p1a: Rillaboom|Rillaboom, M|100/100
|switch|p2a: Clodsire|Clodsire, F, shiny|100/100
|-fieldstart|move: Grassy Terrain|[from] ability: Grassy Surge|[of] p1a: Rillaboom
|turn|1
|
|t:|1760353683
|move|p1a: Rillaboom|Wood Hammer|p2a: Clodsire
|-damage|p2a: Clodsire|0 fnt
|faint|p2a: Clodsire
|-damage|p1a: Rillaboom|56/100|[from] Recoil
|
|-heal|p1a: Rillaboom|62/100|[from] Grassy Terrain
|upkeep
|
|t:|1760353693
|switch|p2a: Drifblim|Drifblim, F|100/100
|turn|2
|
|t:|1760353701
|switch|p1a: Snorlax|Snorlax, M|100/100
|move|p2a: Drifblim|Night Shade|p1a: Snorlax
|-immune|p1a: Snorlax
|
|upkeep
|turn|3
|
|t:|1760353710
|move|p2a: Drifblim|Strength Sap|p1a: Snorlax
|-unboost|p1a: Snorlax|atk|1
|move|p1a: Snorlax|Curse|p1a: Snorlax
|-unboost|p1a: Snorlax|spe|1
|-boost|p1a: Snorlax|atk|1
|-boost|p1a: Snorlax|def|1
|
|upkeep
|turn|4
|
|t:|1760353720
|move|p2a: Drifblim|Strength Sap|p1a: Snorlax
|-unboost|p1a: Snorlax|atk|1
|move|p1a: Snorlax|Curse|p1a: Snorlax
|-unboost|p1a: Snorlax|spe|1
|-boost|p1a: Snorlax|atk|1
|-boost|p1a: Snorlax|def|1
|
|upkeep
|turn|5
|
|t:|1760353729
|move|p2a: Drifblim|Strength Sap|p1a: Snorlax
|-unboost|p1a: Snorlax|atk|1
|move|p1a: Snorlax|Curse|p1a: Snorlax
|-unboost|p1a: Snorlax|spe|1
|-boost|p1a: Snorlax|atk|1
|-boost|p1a: Snorlax|def|1
|
|-fieldend|move: Grassy Terrain
|upkeep
|turn|6
|
|t:|1760353741
|move|p2a: Drifblim|Strength Sap|p1a: Snorlax
|-unboost|p1a: Snorlax|atk|1
|move|p1a: Snorlax|Curse|p1a: Snorlax
|-unboost|p1a: Snorlax|spe|1
|-boost|p1a: Snorlax|atk|1
|-boost|p1a: Snorlax|def|1
|
|upkeep
|turn|7
|
|t:|1760353750
|move|p2a: Drifblim|Strength Sap|p1a: Snorlax
|-unboost|p1a: Snorlax|atk|1
|move|p1a: Snorlax|Crunch|p2a: Drifblim
|-supereffective|p2a: Drifblim
|-damage|p2a: Drifblim|66/100
|
|upkeep
|turn|8
|
|t:|1760353777
|switch|p1a: Rillaboom|Rillaboom, M|62/100
|-fieldstart|move: Grassy Terrain|[from] ability: Grassy Surge|[of] p1a: Rillaboom
|move|p2a: Drifblim|Night Shade|p1a: Rillaboom
|-damage|p1a: Rillaboom|32/100
|
|-heal|p1a: Rillaboom|39/100|[from] Grassy Terrain
|upkeep
|turn|9
|
|t:|1760353790
|move|p1a: Rillaboom|Knock Off|p2a: Drifblim
|-supereffective|p2a: Drifblim
|-damage|p2a: Drifblim|0 fnt
|-enditem|p2a: Drifblim|Focus Sash|[from] move: Knock Off|[of] p1a: Rillaboom
|faint|p2a: Drifblim
|
|-heal|p1a: Rillaboom|45/100|[from] Grassy Terrain
|upkeep
|
|t:|1760353798
|switch|p2a: Ceruledge|Ceruledge, M|100/100
|turn|10
|inactive|PandaBipo has 120 seconds left.
|
|t:|1760353822
|switch|p1a: Snorlax|Snorlax, M|100/100
|move|p2a: Ceruledge|Bulk Up|p2a: Ceruledge
|-boost|p2a: Ceruledge|atk|1
|-boost|p2a: Ceruledge|def|1
|
|upkeep
|turn|11
|inactive|PandaBipo has 120 seconds left.
|
|t:|1760353838
|move|p2a: Ceruledge|Bulk Up|p2a: Ceruledge
|-boost|p2a: Ceruledge|atk|1
|-boost|p2a: Ceruledge|def|1
|move|p1a: Snorlax|Curse|p1a: Snorlax
|-unboost|p1a: Snorlax|spe|1
|-boost|p1a: Snorlax|atk|1
|-boost|p1a: Snorlax|def|1
|
|upkeep
|turn|12
|
|t:|1760353853
|-terastallize|p2a: Ceruledge|Fire
|move|p2a: Ceruledge|Bitter Blade|p1a: Snorlax
|-damage|p1a: Snorlax|63/100
|move|p1a: Snorlax|Crunch|p2a: Ceruledge
|-damage|p2a: Ceruledge|79/100
|-ability|p2a: Ceruledge|Weak Armor|boost
|-unboost|p2a: Ceruledge|def|1
|-boost|p2a: Ceruledge|spe|2
|
|-heal|p2a: Ceruledge|85/100|[from] Grassy Terrain
|-heal|p1a: Snorlax|70/100|[from] Grassy Terrain
|-heal|p1a: Snorlax|76/100|[from] item: Leftovers
|-fieldend|move: Grassy Terrain
|upkeep
|turn|13
|
|t:|1760353867
|move|p2a: Ceruledge|Bitter Blade|p1a: Snorlax
|-damage|p1a: Snorlax|37/100
|-heal|p2a: Ceruledge|100/100|[from] drain|[of] p1a: Snorlax
|move|p1a: Snorlax|Body Slam|p2a: Ceruledge
|-damage|p2a: Ceruledge|58/100
|-ability|p2a: Ceruledge|Weak Armor|boost
|-unboost|p2a: Ceruledge|def|1
|-boost|p2a: Ceruledge|spe|2
|
|-heal|p1a: Snorlax|43/100|[from] item: Leftovers
|upkeep
|turn|14
|inactive|PandaBipo has 120 seconds left.
|
|t:|1760353883
|move|p2a: Ceruledge|Bitter Blade|p1a: Snorlax
|-damage|p1a: Snorlax|5/100
|-heal|p2a: Ceruledge|92/100|[from] drain|[of] p1a: Snorlax
|move|p1a: Snorlax|Rest|p1a: Snorlax
|-status|p1a: Snorlax|slp|[from] move: Rest
|-heal|p1a: Snorlax|100/100 slp|[silent]
|
|upkeep
|turn|15
|inactive|PandaBipo has 120 seconds left.
|
|t:|1760353901
|move|p2a: Ceruledge|Bitter Blade|p1a: Snorlax
|-damage|p1a: Snorlax|63/100 slp
|-heal|p2a: Ceruledge|100/100|[from] drain|[of] p1a: Snorlax
|cant|p1a: Snorlax|slp
|
|-heal|p1a: Snorlax|70/100 slp|[from] item: Leftovers
|upkeep
|turn|16
|inactive|PandaBipo has 120 seconds left.
|
|t:|1760353913
|move|p2a: Ceruledge|Bulk Up|p2a: Ceruledge
|-boost|p2a: Ceruledge|atk|1
|-boost|p2a: Ceruledge|def|1
|cant|p1a: Snorlax|slp
|
|-heal|p1a: Snorlax|76/100 slp|[from] item: Leftovers
|upkeep
|turn|17
|
|t:|1760353926
|-terastallize|p1a: Snorlax|Ghost
|move|p2a: Ceruledge|Bulk Up|p2a: Ceruledge
|-boost|p2a: Ceruledge|atk|1
|-boost|p2a: Ceruledge|def|1
|-curestatus|p1a: Snorlax|slp|[msg]
|move|p1a: Snorlax|Curse|p2a: Ceruledge
|-start|p2a: Ceruledge|Curse|[of] p1a: Snorlax
|-damage|p1a: Snorlax|26/100
|
|-heal|p1a: Snorlax|32/100|[from] item: Leftovers
|-damage|p2a: Ceruledge|76/100|[from] Curse
|upkeep
|turn|18
|inactive|PandaBipo has 120 seconds left.
|
|t:|1760353943
|move|p2a: Ceruledge|Bitter Blade|p1a: Snorlax
|-damage|p1a: Snorlax|0 fnt
|-heal|p2a: Ceruledge|100/100|[from] drain|[of] p1a: Snorlax
|faint|p1a: Snorlax
|
|-damage|p2a: Ceruledge|76/100|[from] Curse
|upkeep
|inactive|PandaBipo has 120 seconds left.
|
|t:|1760353971
|switch|p1a: Rillaboom|Rillaboom, M|45/100
|-fieldstart|move: Grassy Terrain|[from] ability: Grassy Surge|[of] p1a: Rillaboom
|turn|19
|
|t:|1760353975
|switch|p1a: Cinderace|Cinderace, M|100/100
|move|p2a: Ceruledge|Bitter Blade|p1a: Cinderace
|-resisted|p1a: Cinderace
|-damage|p1a: Cinderace|0 fnt
|-heal|p2a: Ceruledge|100/100|[from] drain|[of] p1a: Cinderace
|faint|p1a: Cinderace
|
|-damage|p2a: Ceruledge|76/100|[from] Curse
|upkeep
|
|t:|1760353993
|switch|p1a: Rillaboom|Rillaboom, M|45/100
|turn|20
|
|t:|1760353996
|move|p1a: Rillaboom|Grassy Glide|p2a: Ceruledge
|-resisted|p2a: Ceruledge
|-damage|p2a: Ceruledge|56/100
|-ability|p2a: Ceruledge|Weak Armor|boost
|-unboost|p2a: Ceruledge|def|1
|-boost|p2a: Ceruledge|spe|2
|move|p2a: Ceruledge|Bitter Blade|p1a: Rillaboom
|-supereffective|p1a: Rillaboom
|-damage|p1a: Rillaboom|0 fnt
|-heal|p2a: Ceruledge|82/100|[from] drain|[of] p1a: Rillaboom
|faint|p1a: Rillaboom
|
|-heal|p2a: Ceruledge|88/100|[from] Grassy Terrain
|-damage|p2a: Ceruledge|64/100|[from] Curse
|upkeep
|
|t:|1760354003
|switch|p1a: Okidogi|Okidogi, M|100/100
|turn|21
|
|t:|1760354014
|move|p2a: Ceruledge|Bitter Blade|p1a: Okidogi
|-damage|p1a: Okidogi|0 fnt
|-heal|p2a: Ceruledge|100/100|[from] drain|[of] p1a: Okidogi
|faint|p1a: Okidogi
|
|-damage|p2a: Ceruledge|76/100|[from] Curse
|upkeep
|
|t:|1760354017
|switch|p1a: Dragapult|Dragapult, M|100/100
|turn|22
|
|t:|1760354027
|move|p1a: Dragapult|Sucker Punch|p2a: Ceruledge
|-crit|p2a: Ceruledge
|-damage|p2a: Ceruledge|12/100
|-ability|p2a: Ceruledge|Weak Armor|boost
|-unboost|p2a: Ceruledge|def|1
|-damage|p1a: Dragapult|91/100|[from] item: Life Orb
|move|p2a: Ceruledge|Bitter Blade|p1a: Dragapult
|-resisted|p1a: Dragapult
|-damage|p1a: Dragapult|0 fnt
|-heal|p2a: Ceruledge|61/100|[from] drain|[of] p1a: Dragapult
|faint|p1a: Dragapult
|
|-heal|p2a: Ceruledge|67/100|[from] Grassy Terrain
|-damage|p2a: Ceruledge|42/100|[from] Curse
|upkeep
|
|t:|1760354035
|switch|p1a: Iron Treads|Iron Treads|100/100
|-enditem|p1a: Iron Treads|Booster Energy
|-activate|p1a: Iron Treads|ability: Quark Drive|[fromitem]
|-start|p1a: Iron Treads|quarkdriveatk
|turn|23
|
|t:|1760354047
|move|p2a: Ceruledge|Bitter Blade|p1a: Iron Treads
|-supereffective|p1a: Iron Treads
|-damage|p1a: Iron Treads|0 fnt
|-heal|p2a: Ceruledge|100/100|[from] drain|[of] p1a: Iron Treads
|faint|p1a: Iron Treads
|-end|p1a: Iron Treads|Quark Drive|[silent]
|
|win|Grubloot
|raw|PandaBipo's rating: 1153 &rarr; <strong>1128</strong><br />(-25 for losing)
|raw|Grubloot's rating: 1155 &rarr; <strong>1180</strong><br />(+25 for winning)
|l|☆PandaBipo
|player|p1|
|l|☆Grubloot
|player|p2|
