|j|☆monkeyooooooo
|j|☆tboc13
|t:|1760395017
|gametype|singles
|player|p1|monkeyooooooo|swimmerf-gen4|1583
|player|p2|tboc13|dawn|1587
|gen|9
|tier|[Gen 9] OU
|rated|
|rule|HP Percentage Mod: HP is shown in percentages
|rule|Endless Battle Clause: Forcing endless battles is banned
|rule|Species Clause: Limit one of each Pokémon
|rule|OHKO Clause: OHKO moves are banned
|rule|Evasion Items Clause: Evasion items are banned
|rule|Evasion Moves Clause: Evasion moves are banned
|rule|Evasion Abilities Clause: Evasion abilities are banned
|rule|Sleep Moves Clause: Sleep-inducing moves are banned
|clearpoke
|poke|p1|Maushold-Four|
|poke|p1|Ursaluna, M|
|poke|p1|Grimmsnarl, M|
|poke|p1|Zamazenta-*|
|poke|p1|Iron Moth|
|poke|p1|Hatterene, F|
|poke|p2|Glimmora, F|
|poke|p2|Iron Moth|
|poke|p2|Iron Valiant|
|poke|p2|Ogerpon-Wellspring, F|
|poke|p2|Kingambit, F|
|poke|p2|Zamazenta-*|
|teampreview
|inactive|Battle timer is ON: inactive players will automatically lose when time's up. (requested by tboc13)
|inactive|monkeyooooooo has 120 seconds left.
|inactive|tboc13 has 120 seconds left.
|inactive|tboc13 has 90 seconds left.
|inactive|tboc13 has 60 seconds left.
|
|t:|1760395132
|teamsize|p1|6
|teamsize|p2|6
|start
|switch|p1a: Riddles Thrice|Grimmsnarl, M|100/100
|switch|p2a: Glimmora|Glimmora, F|100/100
|turn|1
|
|t:|1760395148
|move|p1a: Riddles Thrice|Parting Shot|p2a: Glimmora
|-unboost|p2a: Glimmora|atk|1
|-unboost|p2a: Glimmora|spa|1
|
|t:|1760395149
|switch|p1a: Rubber|Hatterene, F|100/100|[from] Parting Shot
|move|p2a: Glimmora|Stealth Rock|p1a: Rubber
|move|p1a: Rubber|Stealth Rock|p2a: Glimmora|[from] ability: Magic Bounce
|-sidestart|p2: tboc13|move: Stealth Rock
|
|upkeep
|turn|2
|
|t:|1760395154
|move|p2a: Glimmora|Mortal Spin|p1a: Rubber
|-supereffective|p1a: Rubber
|-damage|p1a: Rubber|95/100
|-status|p1a: Rubber|psn
|-sideend|p2: tboc13|Stealth Rock|[from] move: Mortal Spin|[of] p2a: Glimmora
|-enditem|p1a: Rubber|Eject Button
|
|t:|1760395158
|switch|p1a: Hot Potato|Ursaluna, M|100/100
|
|-status|p1a: Hot Potato|brn|[from] item: Flame Orb
|upkeep
|turn|3
|
|t:|1760395160
|move|p2a: Glimmora|Stealth Rock|p1a: Hot Potato
|-sidestart|p1: monkeyooooooo|move: Stealth Rock
|move|p1a: Hot Potato|Headlong Rush|p2a: Glimmora
|-supereffective|p2a: Glimmora
|-enditem|p2a: Glimmora|Focus Sash
|-damage|p2a: Glimmora|1/100
|-unboost|p1a: Hot Potato|def|1
|-unboost|p1a: Hot Potato|spd|1
|-activate|p2a: Glimmora|ability: Toxic Debris
|-sidestart|p1: monkeyooooooo|move: Toxic Spikes
|
|-damage|p1a: Hot Potato|94/100 brn|[from] brn
|upkeep
|turn|4
|
|t:|1760395164
|move|p2a: Glimmora|Power Gem|p1a: Hot Potato
|-resisted|p1a: Hot Potato
|-damage|p1a: Hot Potato|74/100 brn
|move|p1a: Hot Potato|Facade|p2a: Glimmora
|-resisted|p2a: Glimmora
|-damage|p2a: Glimmora|0 fnt
|-activate|p2a: Glimmora|ability: Toxic Debris
|-sidestart|p1: monkeyooooooo|move: Toxic Spikes
|faint|p2a: Glimmora
|
|-damage|p1a: Hot Potato|68/100 brn|[from] brn
|upkeep
|
|t:|1760395165
|switch|p2a: Ogerpon|Ogerpon-Wellspring, F|100/100
|turn|5
|
|t:|1760395191
|move|p2a: Ogerpon|Ivy Cudgel|p1a: Hot Potato|[anim] Ivy Cudgel Water
|-supereffective|p1a: Hot Potato
|-damage|p1a: Hot Potato|0 fnt
|faint|p1a: Hot Potato
|
|upkeep
|
|t:|1760395197
|switch|p1a: Nuclear Family|Maushold-Four|100/100
|-damage|p1a: Nuclear Family|88/100|[from] Stealth Rock
|-status|p1a: Nuclear Family|tox
|turn|6
|
|t:|1760395203
|move|p1a: Nuclear Family|Population Bomb|p2a: Ogerpon
|-damage|p2a: Ogerpon|87/100
|-damage|p2a: Ogerpon|73/100
|-damage|p2a: Ogerpon|60/100
|-damage|p2a: Ogerpon|46/100
|-damage|p2a: Ogerpon|31/100
|-damage|p2a: Ogerpon|17/100
|-damage|p2a: Ogerpon|1/100
|-damage|p2a: Ogerpon|0 fnt
|faint|p2a: Ogerpon
|-hitcount|p2: Ogerpon|8
|
|-damage|p1a: Nuclear Family|82/100 tox|[from] psn
|upkeep
|
|t:|1760395211
|switch|p2a: Zamazenta|Zamazenta|100/100
|-ability|p2a: Zamazenta|Dauntless Shield|boost
|-boost|p2a: Zamazenta|def|1
|turn|7
|
|t:|1760395214
|-terastallize|p1a: Nuclear Family|Ghost
|move|p2a: Zamazenta|Body Press|p1a: Nuclear Family
|-immune|p1a: Nuclear Family
|move|p1a: Nuclear Family|Tidy Up|p1a: Nuclear Family
|-sideend|p1: monkeyooooooo|Toxic Spikes
|-sideend|p1: monkeyooooooo|Stealth Rock
|-activate|p1a: Nuclear Family|move: Tidy Up
|-boost|p1a: Nuclear Family|atk|1
|-boost|p1a: Nuclear Family|spe|1
|
|-damage|p1a: Nuclear Family|70/100 tox|[from] psn
|upkeep
|turn|8
|
|t:|1760395216
|move|p1a: Nuclear Family|Encore|p2a: Zamazenta
|-start|p2a: Zamazenta|Encore
|move|p2a: Zamazenta|Body Press|p1a: Nuclear Family
|-immune|p1a: Nuclear Family
|
|-damage|p1a: Nuclear Family|51/100 tox|[from] psn
|upkeep
|turn|9
|
|t:|1760395220
|switch|p2a: Iron Valiant|Iron Valiant|100/100
|-enditem|p2a: Iron Valiant|Booster Energy
|-activate|p2a: Iron Valiant|ability: Quark Drive|[fromitem]
|-start|p2a: Iron Valiant|quarkdrivespe
|move|p1a: Nuclear Family|Tidy Up|p1a: Nuclear Family
|-boost|p1a: Nuclear Family|atk|1
|-boost|p1a: Nuclear Family|spe|1
|
|-damage|p1a: Nuclear Family|26/100 tox|[from] psn
|upkeep
|turn|10
|
|t:|1760395225
|-end|p2a: Iron Valiant|Quark Drive|[silent]
|switch|p2a: Kingambit|Kingambit, F, shiny|100/100
|-activate|p2a: Kingambit|ability: Supreme Overlord
|-start|p2a: Kingambit|fallen2|[silent]
|move|p1a: Nuclear Family|Population Bomb|p2a: Kingambit
|-resisted|p2a: Kingambit
|-damage|p2a: Kingambit|92/100
|-resisted|p2a: Kingambit
|-damage|p2a: Kingambit|83/100
|-resisted|p2a: Kingambit
|-damage|p2a: Kingambit|73/100
|-resisted|p2a: Kingambit
|-damage|p2a: Kingambit|64/100
|-resisted|p2a: Kingambit
|-damage|p2a: Kingambit|54/100
|-resisted|p2a: Kingambit
|-damage|p2a: Kingambit|45/100
|-resisted|p2a: Kingambit
|-damage|p2a: Kingambit|36/100
|-resisted|p2a: Kingambit
|-damage|p2a: Kingambit|26/100
|-resisted|p2a: Kingambit
|-damage|p2a: Kingambit|17/100
|-resisted|p2a: Kingambit
|-damage|p2a: Kingambit|8/100
|-hitcount|p2a: Kingambit|10
|
|-damage|p1a: Nuclear Family|0 fnt|[from] psn
|faint|p1a: Nuclear Family
|upkeep
|
|t:|1760395236
|switch|p1a: Daisy|Zamazenta|100/100
|-ability|p1a: Daisy|Dauntless Shield|boost
|-boost|p1a: Daisy|def|1
|turn|11
|
|t:|1760395243
|-end|p2a: Kingambit|fallen2|[silent]
|switch|p2a: Iron Valiant|Iron Valiant|100/100
|move|p1a: Daisy|Body Press|p2a: Iron Valiant
|-resisted|p2a: Iron Valiant
|-damage|p2a: Iron Valiant|62/100
|
|upkeep
|turn|12
|
|t:|1760395254
|switch|p1a: Rubber|Hatterene, F|95/100 psn
|move|p2a: Iron Valiant|Moonblast|p1a: Rubber
|-damage|p1a: Rubber|47/100 psn
|-unboost|p1a: Rubber|spa|1
|
|-damage|p1a: Rubber|35/100 psn|[from] psn
|upkeep
|turn|13
|
|t:|1760395258
|move|p2a: Iron Valiant|Shadow Ball|p1a: Rubber
|-supereffective|p1a: Rubber
|-damage|p1a: Rubber|0 fnt
|faint|p1a: Rubber
|
|upkeep
|
|t:|1760395261
|switch|p1a: Bug Trap|Iron Moth|100/100
|turn|14
|
|t:|1760395271
|move|p2a: Iron Valiant|Shadow Ball|p1a: Bug Trap
|-damage|p1a: Bug Trap|71/100
|move|p1a: Bug Trap|Fiery Dance|p2a: Iron Valiant
|-damage|p2a: Iron Valiant|0 fnt
|faint|p2a: Iron Valiant
|-end|p2a: Iron Valiant|Quark Drive|[silent]
|
|upkeep
|
|t:|1760395274
|switch|p2a: Zamazenta|Zamazenta|100/100
|turn|15
|
|t:|1760395277
|move|p2a: Zamazenta|Crunch|p1a: Bug Trap
|-damage|p1a: Bug Trap|27/100
|move|p1a: Bug Trap|Fiery Dance|p2a: Zamazenta
|-damage|p2a: Zamazenta|37/100
|-boost|p1a: Bug Trap|spa|1
|
|upkeep
|turn|16
|
|t:|1760395282
|-end|p1a: Bug Trap|Quark Drive|[silent]
|switch|p1a: Riddles Thrice|Grimmsnarl, M|100/100
|move|p2a: Zamazenta|Crunch|p1a: Riddles Thrice
|-resisted|p1a: Riddles Thrice
|-damage|p1a: Riddles Thrice|95/100
|-damage|p2a: Zamazenta|21/100|[from] item: Rocky Helmet|[of] p1a: Riddles Thrice
|
|upkeep
|turn|17
|
|t:|1760395310
|switch|p2a: Kingambit|Kingambit, F, shiny|8/100
|-activate|p2a: Kingambit|ability: Supreme Overlord
|-start|p2a: Kingambit|fallen3|[silent]
|move|p1a: Riddles Thrice|Reflect|p1a: Riddles Thrice
|-sidestart|p1: monkeyooooooo|Reflect
|
|upkeep
|turn|18
|
|t:|1760395313
|move|p2a: Kingambit|Iron Head|p1a: Riddles Thrice
|-supereffective|p1a: Riddles Thrice
|-damage|p1a: Riddles Thrice|48/100
|-damage|p2a: Kingambit|0 fnt|[from] item: Rocky Helmet|[of] p1a: Riddles Thrice
|faint|p2a: Kingambit
|-end|p2a: Kingambit|fallen3|[silent]
|move|p1a: Riddles Thrice|Spirit Break|p2: Kingambit|[notarget]
|-fail|p1a: Riddles Thrice
|
|upkeep
|
|t:|1760395315
|switch|p2a: Iron Moth|Iron Moth|100/100
|-enditem|p2a: Iron Moth|Booster Energy
|-activate|p2a: Iron Moth|ability: Quark Drive|[fromitem]
|-start|p2a: Iron Moth|quarkdrivespe
|turn|19
|
|t:|1760395328
|move|p1a: Riddles Thrice|Light Screen|p1a: Riddles Thrice
|-sidestart|p1: monkeyooooooo|move: Light Screen
|move|p2a: Iron Moth|Substitute|p2a: Iron Moth
|-start|p2a: Iron Moth|Substitute
|-damage|p2a: Iron Moth|76/100
|
|upkeep
|turn|20
|
|t:|1760395333
|move|p1a: Riddles Thrice|Parting Shot|p2a: Iron Moth
|-unboost|p2a: Iron Moth|atk|1
|-unboost|p2a: Iron Moth|spa|1
|
|t:|1760395338
|switch|p1a: Bug Trap|Iron Moth|27/100|[from] Parting Shot
|move|p2a: Iron Moth|Fiery Dance|p1a: Bug Trap
|-resisted|p1a: Bug Trap
|-damage|p1a: Bug Trap|20/100
|-boost|p2a: Iron Moth|spa|1
|
|upkeep
|turn|21
|
|t:|1760395344
|move|p2a: Iron Moth|Fiery Dance|p1a: Bug Trap
|-resisted|p1a: Bug Trap
|-damage|p1a: Bug Trap|9/100
|-boost|p2a: Iron Moth|spa|1
|move|p1a: Bug Trap|Fiery Dance|p2a: Iron Moth
|-resisted|p2a: Iron Moth
|-end|p2a: Iron Moth|Substitute
|-boost|p1a: Bug Trap|spa|1
|
|-sideend|p1: monkeyooooooo|Reflect
|upkeep
|turn|22
|
|t:|1760395360
|move|p2a: Iron Moth|Fiery Dance|p1a: Bug Trap
|-resisted|p1a: Bug Trap
|-damage|p1a: Bug Trap|0 fnt
|-boost|p2a: Iron Moth|spa|1
|faint|p1a: Bug Trap
|-end|p1a: Bug Trap|Quark Drive|[silent]
|
|upkeep
|
|t:|1760395370
|switch|p1a: Daisy|Zamazenta|100/100
|turn|23
|
|t:|1760395375
|-terastallize|p2a: Iron Moth|Fairy
|move|p2a: Iron Moth|Dazzling Gleam|p1a: Daisy
|-supereffective|p1a: Daisy
|-damage|p1a: Daisy|28/100
|move|p1a: Daisy|Iron Defense|p1a: Daisy
|-boost|p1a: Daisy|def|2
|
|-heal|p1a: Daisy|34/100|[from] item: Leftovers
|-sideend|p1: monkeyooooooo|move: Light Screen
|upkeep
|turn|24
|
|t:|1760395383
|move|p2a: Iron Moth|Fiery Dance|p1a: Daisy
|-damage|p1a: Daisy|0 fnt
|faint|p1a: Daisy
|
|upkeep
|
|t:|1760395386
|switch|p1a: Riddles Thrice|Grimmsnarl, M|48/100
|turn|25
|-message|monkeyooooooo forfeited.
|
|win|tboc13
|raw|monkeyooooooo's rating: 1583 &rarr; <strong>1563</strong><br />(-20 for losing)
|raw|tboc13's rating: 1587 &rarr; <strong>1607</strong><br />(+20 for winning)
|l|☆monkeyooooooo
|player|p1|
