|j|☆Maymcspade
|j|☆player jack
|t:|1760435221
|gametype|singles
|player|p1|Maymcspade|shauntal|1295
|player|p2|player jack|roxie|1250
|gen|9
|tier|[Gen 9] OU
|rated|
|rule|HP Percentage Mod: HP is shown in percentages
|rule|Endless Battle Clause: Forcing endless battles is banned
|rule|Species Clause: Limit one of each Pokémon
|rule|OHKO Clause: OHKO moves are banned
|rule|Evasion Items Clause: Evasion items are banned
|rule|Evasion Moves Clause: Evasion moves are banned
|rule|Evasion Abilities Clause: Evasion abilities are banned
|rule|Sleep Moves Clause: Sleep-inducing moves are banned
|clearpoke
|poke|p1|Tornadus-Therian, M|
|poke|p1|Great Tusk|
|poke|p1|Heatran, M|
|poke|p1|Ogerpon-Wellspring, F|
|poke|p1|Scizor, M|
|poke|p1|Rillaboom, M|
|poke|p2|Crabominable, F|
|poke|p2|Greninja-*, F|
|poke|p2|Slowking-Galar, F|
|poke|p2|Qwilfish-Hisui, F|
|poke|p2|Decidueye-Hisui, F|
|poke|p2|Alomomola, F|
|teampreview
|inactive|Battle timer is ON: inactive players will automatically lose when time's up. (requested by Maymcspade)
|
|t:|1760435232
|teamsize|p1|6
|teamsize|p2|6
|start
|switch|p1a: Primal|Rillaboom, M, shiny|100/100
|switch|p2a: Decidueye|Decidueye-Hisui, F, shiny|100/100
|-fieldstart|move: Grassy Terrain|[from] ability: Grassy Surge|[of] p1a: Primal
|turn|1
|
|t:|1760435240
|move|p1a: Primal|U-turn|p2a: Decidueye
|-damage|p2a: Decidueye|69/100
|
|t:|1760435243
|switch|p1a: Dreadwind|Tornadus-Therian, M|100/100|[from] U-turn
|move|p2a: Decidueye|Triple Arrows|p1a: Dreadwind
|-resisted|p1a: Dreadwind
|-damage|p1a: Dreadwind|77/100
|-unboost|p1a: Dreadwind|def|1
|
|-heal|p2a: Decidueye|75/100|[from] Grassy Terrain
|upkeep
|turn|2
|
|t:|1760435261
|-terastallize|p2a: Decidueye|Ghost
|move|p1a: Dreadwind|Bleakwind Storm|p2a: Decidueye
|-damage|p2a: Decidueye|33/100
|-unboost|p2a: Decidueye|spe|1
|move|p2a: Decidueye|Swords Dance|p2a: Decidueye
|-boost|p2a: Decidueye|atk|2
|
|-heal|p2a: Decidueye|39/100|[from] Grassy Terrain
|upkeep
|turn|3
|
|t:|1760435269
|move|p2a: Decidueye|Shadow Sneak|p1a: Dreadwind
|-damage|p1a: Dreadwind|7/100
|move|p1a: Dreadwind|Knock Off|p2a: Decidueye
|-supereffective|p2a: Decidueye
|-damage|p2a: Decidueye|0 fnt
|-enditem|p2a: Decidueye|Spell Tag|[from] move: Knock Off|[of] p1a: Dreadwind
|faint|p2a: Decidueye
|
|upkeep
|
|t:|1760435275
|switch|p2a: Greninja|Greninja, F, shiny|100/100
|turn|4
|
|t:|1760435287
|switch|p1a: Torrent|Ogerpon-Wellspring, F|100/100
|move|p2a: Greninja|U-turn|p1a: Torrent
|-start|p2a: Greninja|typechange|Bug|[from] ability: Protean
|-supereffective|p1a: Torrent
|-damage|p1a: Torrent|44/100
|
|t:|1760435296
|switch|p2a: Qwilfish|Qwilfish-Hisui, F, shiny|100/100|[from] U-turn
|-ability|p2a: Qwilfish|Intimidate|boost
|-unboost|p1a: Torrent|atk|1
|
|-heal|p1a: Torrent|50/100|[from] Grassy Terrain
|upkeep
|turn|5
|
|t:|1760435303
|move|p1a: Torrent|U-turn|p2a: Qwilfish
|-damage|p2a: Qwilfish|86/100
|
|t:|1760435305
|switch|p1a: Dreadwind|Tornadus-Therian, M|40/100|[from] U-turn
|move|p2a: Qwilfish|Barb Barrage|p1a: Dreadwind
|-damage|p1a: Dreadwind|17/100
|-status|p1a: Dreadwind|psn
|
|-heal|p2a: Qwilfish|92/100|[from] Grassy Terrain
|-damage|p1a: Dreadwind|4/100 psn|[from] psn
|-fieldend|move: Grassy Terrain
|upkeep
|turn|6
|
|t:|1760435310
|move|p1a: Dreadwind|U-turn|p2a: Qwilfish
|-damage|p2a: Qwilfish|82/100
|
|t:|1760435312
|switch|p1a: Sideswipe|Scizor, M|100/100|[from] U-turn
|move|p2a: Qwilfish|Spikes|p1a: Sideswipe
|-sidestart|p1: Maymcspade|Spikes
|
|upkeep
|turn|7
|
|t:|1760435319
|switch|p2a: Slowking|Slowking-Galar, F, shiny|100/100
|move|p1a: Sideswipe|Knock Off|p2a: Slowking
|-supereffective|p2a: Slowking
|-damage|p2a: Slowking|35/100
|-enditem|p2a: Slowking|Leftovers|[from] move: Knock Off|[of] p1a: Sideswipe
|
|upkeep
|turn|8
|
|t:|1760435323
|move|p1a: Sideswipe|Bug Bite|p2a: Slowking
|-damage|p2a: Slowking|0 fnt
|faint|p2a: Slowking
|
|upkeep
|
|t:|1760435331
|switch|p2a: Greninja|Greninja, F, shiny|100/100
|turn|9
|
|t:|1760435333
|move|p2a: Greninja|Surf|p1a: Sideswipe
|-start|p2a: Greninja|typechange|Water|[from] ability: Protean
|-crit|p1a: Sideswipe
|-damage|p1a: Sideswipe|0 fnt
|faint|p1a: Sideswipe
|
|upkeep
|
|t:|1760435337
|switch|p1a: Primal|Rillaboom, M, shiny|100/100
|-damage|p1a: Primal|88/100|[from] Spikes
|-fieldstart|move: Grassy Terrain|[from] ability: Grassy Surge|[of] p1a: Primal
|turn|10
|
|t:|1760435341
|switch|p2a: Qwilfish|Qwilfish-Hisui, F, shiny|82/100
|-ability|p2a: Qwilfish|Intimidate|boost
|-unboost|p1a: Primal|atk|1
|move|p1a: Primal|Grassy Glide|p2a: Qwilfish
|-resisted|p2a: Qwilfish
|-damage|p2a: Qwilfish|74/100
|
|-heal|p1a: Primal|94/100|[from] Grassy Terrain
|-heal|p2a: Qwilfish|80/100|[from] Grassy Terrain
|upkeep
|turn|11
|
|t:|1760435351
|move|p1a: Primal|U-turn|p2a: Qwilfish
|-damage|p2a: Qwilfish|68/100
|
|t:|1760435353
|switch|p1a: Pyromaniac|Heatran, M|100/100|[from] U-turn
|-damage|p1a: Pyromaniac|88/100|[from] Spikes
|move|p2a: Qwilfish|Barb Barrage|p1a: Pyromaniac
|-immune|p1a: Pyromaniac
|
|-heal|p2a: Qwilfish|74/100|[from] Grassy Terrain
|-heal|p1a: Pyromaniac|94/100|[from] Grassy Terrain
|-heal|p1a: Pyromaniac|100/100|[from] item: Leftovers
|upkeep
|turn|12
|
|t:|1760435360
|switch|p2a: Alomomola|Alomomola, F, shiny|100/100
|move|p1a: Pyromaniac|Stealth Rock|p2a: Alomomola
|-sidestart|p2: player jack|move: Stealth Rock
|
|upkeep
|turn|13
|
|t:|1760435367
|switch|p2a: Greninja|Greninja, F, shiny|100/100
|-damage|p2a: Greninja|88/100|[from] Stealth Rock
|move|p1a: Pyromaniac|Magma Storm|p2a: Greninja
|-resisted|p2a: Greninja
|-damage|p2a: Greninja|56/100
|-activate|p2a: Greninja|move: Magma Storm|[of] p1a: Pyromaniac
|
|-heal|p2a: Greninja|62/100|[from] Grassy Terrain
|-damage|p2a: Greninja|50/100|[from] move: Magma Storm|[partiallytrapped]
|upkeep
|turn|14
|
|t:|1760435377
|move|p2a: Greninja|Sludge Wave|p1a: Pyromaniac
|-start|p2a: Greninja|typechange|Poison|[from] ability: Protean
|-immune|p1a: Pyromaniac
|move|p1a: Pyromaniac|Earth Power|p2a: Greninja
|-supereffective|p2a: Greninja
|-damage|p2a: Greninja|0 fnt
|faint|p2a: Greninja
|
|-fieldend|move: Grassy Terrain
|upkeep
|
|t:|1760435386
|switch|p2a: Crabominable|Crabominable, F, shiny|100/100
|-damage|p2a: Crabominable|88/100|[from] Stealth Rock
|turn|15
|
|t:|1760435394
|move|p1a: Pyromaniac|Protect|p1a: Pyromaniac
|-singleturn|p1a: Pyromaniac|Protect
|move|p2a: Crabominable|Drain Punch|p1a: Pyromaniac
|-activate|p1a: Pyromaniac|move: Protect
|
|upkeep
|turn|16
|
|t:|1760435400
|move|p1a: Pyromaniac|Magma Storm|p2a: Crabominable|[miss]
|-miss|p1a: Pyromaniac|p2a: Crabominable
|move|p2a: Crabominable|Drain Punch|p1a: Pyromaniac
|-supereffective|p1a: Pyromaniac
|-damage|p1a: Pyromaniac|12/100
|-heal|p2a: Crabominable|100/100|[from] drain|[of] p1a: Pyromaniac
|
|-heal|p1a: Pyromaniac|18/100|[from] item: Leftovers
|upkeep
|turn|17
|
|t:|1760435408
|switch|p2a: Qwilfish|Qwilfish-Hisui, F, shiny|74/100
|-damage|p2a: Qwilfish|62/100|[from] Stealth Rock
|-ability|p2a: Qwilfish|Intimidate|boost
|-unboost|p1a: Pyromaniac|atk|1
|move|p1a: Pyromaniac|Magma Storm|p2a: Qwilfish
|-damage|p2a: Qwilfish|24/100
|-activate|p2a: Qwilfish|move: Magma Storm|[of] p1a: Pyromaniac
|
|-heal|p1a: Pyromaniac|24/100|[from] item: Leftovers
|-damage|p2a: Qwilfish|12/100|[from] move: Magma Storm|[partiallytrapped]
|upkeep
|turn|18
|
|t:|1760435416
|move|p2a: Qwilfish|Aqua Jet|p1a: Pyromaniac
|-supereffective|p1a: Pyromaniac
|-damage|p1a: Pyromaniac|9/100
|move|p1a: Pyromaniac|Earth Power|p2a: Qwilfish
|-supereffective|p2a: Qwilfish
|-damage|p2a: Qwilfish|0 fnt
|faint|p2a: Qwilfish
|
|-heal|p1a: Pyromaniac|16/100|[from] item: Leftovers
|upkeep
|
|t:|1760435420
|switch|p2a: Alomomola|Alomomola, F, shiny|100/100
|turn|19
|
|t:|1760435434
|switch|p1a: Primal|Rillaboom, M, shiny|94/100
|-damage|p1a: Primal|82/100|[from] Spikes
|-fieldstart|move: Grassy Terrain|[from] ability: Grassy Surge|[of] p1a: Primal
|move|p2a: Alomomola|Scald|p1a: Primal
|-resisted|p1a: Primal
|-crit|p1a: Primal
|-damage|p1a: Primal|72/100
|-status|p1a: Primal|brn
|
|-heal|p1a: Primal|79/100 brn|[from] Grassy Terrain
|-damage|p1a: Primal|72/100 brn|[from] brn
|upkeep
|turn|20
|
|t:|1760435442
|move|p1a: Primal|U-turn|p2a: Alomomola
|-damage|p2a: Alomomola|94/100
|
|t:|1760435444
|switch|p1a: Pyromaniac|Heatran, M|16/100|[from] U-turn
|-damage|p1a: Pyromaniac|3/100|[from] Spikes
|move|p2a: Alomomola|Flip Turn|p1a: Pyromaniac
|-supereffective|p1a: Pyromaniac
|-damage|p1a: Pyromaniac|0 fnt
|faint|p1a: Pyromaniac
|
|t:|1760435450
|switch|p2a: Crabominable|Crabominable, F, shiny|100/100|[from] Flip Turn
|-damage|p2a: Crabominable|88/100|[from] Stealth Rock
|
|-heal|p2a: Crabominable|94/100|[from] Grassy Terrain
|upkeep
|
|t:|1760435453
|switch|p1a: Dreadwind|Tornadus-Therian, M|38/100 psn
|turn|21
|
|t:|1760435457
|switch|p2a: Alomomola|Alomomola, F, shiny|100/100
|move|p1a: Dreadwind|Bleakwind Storm|p2a: Alomomola|[miss]
|-miss|p1a: Dreadwind|p2a: Alomomola
|
|-damage|p1a: Dreadwind|25/100 psn|[from] psn
|upkeep
|turn|22
|
|t:|1760435463
|move|p1a: Dreadwind|Knock Off|p2a: Alomomola
|-crit|p2a: Alomomola
|-damage|p2a: Alomomola|85/100
|-enditem|p2a: Alomomola|Heavy-Duty Boots|[from] move: Knock Off|[of] p1a: Dreadwind
|move|p2a: Alomomola|Wish|p2a: Alomomola
|
|-heal|p2a: Alomomola|91/100|[from] Grassy Terrain
|-damage|p1a: Dreadwind|13/100 psn|[from] psn
|upkeep
|turn|23
|
|t:|1760435467
|move|p2a: Alomomola|Protect|p2a: Alomomola
|-singleturn|p2a: Alomomola|Protect
|move|p1a: Dreadwind|U-turn|p2a: Alomomola
|-activate|p2a: Alomomola|move: Protect
|
|-heal|p2a: Alomomola|100/100|[from] move: Wish|[wisher] Alomomola
|-damage|p1a: Dreadwind|0 fnt|[from] psn
|faint|p1a: Dreadwind
|-fieldend|move: Grassy Terrain
|upkeep
|
|t:|1760435470
|switch|p1a: Torrent|Ogerpon-Wellspring, F|50/100
|-damage|p1a: Torrent|38/100|[from] Spikes
|turn|24
|
|t:|1760435481
|move|p1a: Torrent|Horn Leech|p2a: Alomomola
|-supereffective|p2a: Alomomola
|-damage|p2a: Alomomola|49/100
|-heal|p1a: Torrent|81/100|[from] drain|[of] p2a: Alomomola
|move|p2a: Alomomola|Wish|p2a: Alomomola
|
|upkeep
|turn|25
|
|t:|1760435489
|switch|p2a: Crabominable|Crabominable, F, shiny|94/100
|-damage|p2a: Crabominable|82/100|[from] Stealth Rock
|move|p1a: Torrent|Horn Leech|p2a: Crabominable
|-damage|p2a: Crabominable|31/100
|-heal|p1a: Torrent|100/100|[from] drain|[of] p2a: Crabominable
|
|-heal|p2a: Crabominable|94/100|[from] move: Wish|[wisher] Alomomola
|upkeep
|turn|26
|
|t:|1760435496
|-terastallize|p1a: Torrent|Water
|detailschange|p1a: Torrent|Ogerpon-Wellspring-Tera, F, tera:Water
|-ability|p1a: Torrent|Embody Aspect (Wellspring)|boost
|-boost|p1a: Torrent|spd|1
|move|p1a: Torrent|Ivy Cudgel|p2a: Crabominable|[anim] Ivy Cudgel Water
|-damage|p2a: Crabominable|5/100
|move|p2a: Crabominable|Drain Punch|p1a: Torrent
|-damage|p1a: Torrent|34/100
|-heal|p2a: Crabominable|30/100|[from] drain|[of] p1a: Torrent
|
|upkeep
|turn|27
|-message|player jack forfeited.
|
|win|Maymcspade
|raw|Maymcspade's rating: 1295 &rarr; <strong>1317</strong><br />(+22 for winning)
|raw|player jack's rating: 1250 &rarr; <strong>1228</strong><br />(-22 for losing)
|l|☆player jack
|player|p2|
|l|☆Maymcspade
|player|p1|
