|j|☆bidon
|j|☆CourtTre
|t:|1760444013
|gametype|singles
|player|p1|bidon|101|1403
|player|p2|CourtTre|clair|1395
|gen|9
|tier|[Gen 9] OU
|rated|
|rule|HP Percentage Mod: HP is shown in percentages
|rule|Endless Battle Clause: Forcing endless battles is banned
|rule|Species Clause: Limit one of each Pokémon
|rule|OHKO Clause: OHKO moves are banned
|rule|Evasion Items Clause: Evasion items are banned
|rule|Evasion Moves Clause: Evasion moves are banned
|rule|Evasion Abilities Clause: Evasion abilities are banned
|rule|Sleep Moves Clause: Sleep-inducing moves are banned
|clearpoke
|poke|p1|Dragonite, F|
|poke|p1|Zamazenta-*|
|poke|p1|Landorus-Therian, M|
|poke|p1|Gholdengo|
|poke|p1|Darkrai|
|poke|p1|Hatterene, F|
|poke|p2|Rillaboom, M|
|poke|p2|Primarina, F|
|poke|p2|Cinderace, M|
|poke|p2|Polteageist|
|poke|p2|Maushold-Four|
|poke|p2|Cloyster, F|
|teampreview
|
|t:|1760444025
|teamsize|p1|6
|teamsize|p2|6
|start
|switch|p1a: Landorus|Landorus-Therian, M|100/100
|switch|p2a: Polteageist|Polteageist, shiny|100/100
|-ability|p1a: Landorus|Intimidate|boost
|-unboost|p2a: Polteageist|atk|1
|turn|1
|inactive|Battle timer is ON: inactive players will automatically lose when time's up. (requested by CourtTre)
|
|t:|1760444036
|move|p1a: Landorus|Taunt|p2a: Polteageist
|-start|p2a: Polteageist|move: Taunt
|cant|p2a: Polteageist|move: Taunt|Shell Smash
|
|upkeep
|turn|2
|
|t:|1760444047
|switch|p2a: Cinderace|Cinderace, M|100/100
|move|p1a: Landorus|Stealth Rock|p2a: Cinderace
|-sidestart|p2: CourtTre|move: Stealth Rock
|
|upkeep
|turn|3
|
|t:|1760444053
|move|p2a: Cinderace|Court Change|p2a: Cinderace
|-start|p2a: Cinderace|typechange|Normal|[from] ability: Libero
|-swapsideconditions
|-activate|p2a: Cinderace|move: Court Change
|move|p1a: Landorus|Earthquake|p2a: Cinderace
|-damage|p2a: Cinderace|34/100
|
|upkeep
|turn|4
|
|t:|1760444062
|move|p2a: Cinderace|Pyro Ball|p1a: Landorus
|-damage|p1a: Landorus|67/100
|move|p1a: Landorus|Stealth Rock|p2a: Cinderace
|-sidestart|p2: CourtTre|move: Stealth Rock
|
|upkeep
|turn|5
|
|t:|1760444068
|move|p2a: Cinderace|Pyro Ball|p1a: Landorus
|-damage|p1a: Landorus|30/100
|move|p1a: Landorus|Earthquake|p2a: Cinderace
|-damage|p2a: Cinderace|0 fnt
|faint|p2a: Cinderace
|
|upkeep
|
|t:|1760444077
|switch|p2a: Maushold|Maushold-Four|100/100
|-damage|p2a: Maushold|88/100|[from] Stealth Rock
|turn|6
|
|t:|1760444084
|move|p2a: Maushold|Trailblaze|p1a: Landorus
|-damage|p1a: Landorus|13/100
|-boost|p2a: Maushold|spe|1
|-damage|p2a: Maushold|72/100|[from] item: Rocky Helmet|[of] p1a: Landorus
|move|p1a: Landorus|Earthquake|p2a: Maushold
|-crit|p2a: Maushold
|-damage|p2a: Maushold|0 fnt
|faint|p2a: Maushold
|
|upkeep
|
|t:|1760444101
|switch|p2a: Primarina|Primarina, F|100/100
|-damage|p2a: Primarina|88/100|[from] Stealth Rock
|turn|7
|
|t:|1760444118
|move|p1a: Landorus|Earthquake|p2a: Primarina
|-damage|p2a: Primarina|28/100
|move|p2a: Primarina|Surf|p1a: Landorus
|-supereffective|p1a: Landorus
|-damage|p1a: Landorus|0 fnt
|faint|p1a: Landorus
|
|upkeep
|
|t:|1760444132
|switch|p1a: Gholdengo|Gholdengo|100/100
|-damage|p1a: Gholdengo|94/100|[from] Stealth Rock
|turn|8
|
|t:|1760444137
|move|p1a: Gholdengo|Thunderbolt|p2a: Primarina
|-supereffective|p2a: Primarina
|-damage|p2a: Primarina|0 fnt
|faint|p2a: Primarina
|
|upkeep
|
|t:|1760444140
|switch|p2a: Rillaboom|Rillaboom, M|100/100
|-damage|p2a: Rillaboom|88/100|[from] Stealth Rock
|-fieldstart|move: Grassy Terrain|[from] ability: Grassy Surge|[of] p2a: Rillaboom
|turn|9
|
|t:|1760444152
|switch|p1a: Zamazenta|Zamazenta|100/100
|-damage|p1a: Zamazenta|94/100|[from] Stealth Rock
|-ability|p1a: Zamazenta|Dauntless Shield|boost
|-boost|p1a: Zamazenta|def|1
|move|p2a: Rillaboom|Knock Off|p1a: Zamazenta
|-resisted|p1a: Zamazenta
|-damage|p1a: Zamazenta|85/100
|-enditem|p1a: Zamazenta|Leftovers|[from] move: Knock Off|[of] p2a: Rillaboom
|
|-heal|p1a: Zamazenta|91/100|[from] Grassy Terrain
|-heal|p2a: Rillaboom|94/100|[from] Grassy Terrain
|upkeep
|turn|10
|
|t:|1760444168
|switch|p2a: Polteageist|Polteageist, shiny|100/100
|-damage|p2a: Polteageist|88/100|[from] Stealth Rock
|move|p1a: Zamazenta|Iron Defense|p1a: Zamazenta
|-boost|p1a: Zamazenta|def|2
|
|-heal|p1a: Zamazenta|97/100|[from] Grassy Terrain
|-heal|p2a: Polteageist|94/100|[from] Grassy Terrain
|upkeep
|turn|11
|
|t:|1760444178
|move|p2a: Polteageist|Shell Smash|p2a: Polteageist
|-unboost|p2a: Polteageist|def|1
|-unboost|p2a: Polteageist|spd|1
|-boost|p2a: Polteageist|atk|2
|-boost|p2a: Polteageist|spa|2
|-boost|p2a: Polteageist|spe|2
|move|p1a: Zamazenta|Roar|p2a: Polteageist
|drag|p2a: Cloyster|Cloyster, F|100/100
|-damage|p2a: Cloyster|76/100|[from] Stealth Rock
|
|-heal|p1a: Zamazenta|100/100|[from] Grassy Terrain
|-heal|p2a: Cloyster|82/100|[from] Grassy Terrain
|upkeep
|turn|12
|
|t:|1760444192
|move|p1a: Zamazenta|Crunch|p2a: Cloyster
|-damage|p2a: Cloyster|65/100
|-unboost|p2a: Cloyster|def|1
|move|p2a: Cloyster|Shell Smash|p2a: Cloyster
|-unboost|p2a: Cloyster|def|1
|-unboost|p2a: Cloyster|spd|1
|-boost|p2a: Cloyster|atk|2
|-boost|p2a: Cloyster|spa|2
|-boost|p2a: Cloyster|spe|2
|
|-heal|p2a: Cloyster|71/100|[from] Grassy Terrain
|upkeep
|turn|13
|-message|CourtTre forfeited.
|
|win|bidon
|raw|bidon's rating: 1403 &rarr; <strong>1423</strong><br />(+20 for winning)
|raw|CourtTre's rating: 1395 &rarr; <strong>1375</strong><br />(-20 for losing)
|l|☆CourtTre
|player|p2|
|l|☆bidon
|player|p1|
