|j|☆ashy_tony
|j|☆GhetsisUwU
|t:|1760322846
|gametype|singles
|player|p1|ashy_tony|biker-gen4|1397
|player|p2|GhetsisUwU|ghetsis|1516
|gen|9
|tier|[Gen 9] OU
|rated|
|rule|HP Percentage Mod: HP is shown in percentages
|rule|Endless Battle Clause: Forcing endless battles is banned
|rule|Species Clause: Limit one of each Pokémon
|rule|OHKO Clause: OHKO moves are banned
|rule|Evasion Items Clause: Evasion items are banned
|rule|Evasion Moves Clause: Evasion moves are banned
|rule|Evasion Abilities Clause: Evasion abilities are banned
|rule|Sleep Moves Clause: Sleep-inducing moves are banned
|clearpoke
|poke|p1|Metagross|
|poke|p1|Chesnaught, M|
|poke|p1|Clodsire, M|
|poke|p1|Garganacl, M|
|poke|p1|Magnezone|
|poke|p1|Mandibuzz, F|
|poke|p2|Ninetales-Alola, M|
|poke|p2|Kyurem|
|poke|p2|Smeargle, M|
|poke|p2|Great Tusk|
|poke|p2|Gholdengo|
|poke|p2|Tornadus-Therian, M|
|teampreview
|inactive|Battle timer is ON: inactive players will automatically lose when time's up. (requested by GhetsisUwU)
|
|t:|1760322857
|teamsize|p1|6
|teamsize|p2|6
|start
|switch|p1a: Garganacl|Garganacl, M|100/100
|switch|p2a: Smeargle|Smeargle, M, shiny|100/100
|turn|1
|
|t:|1760322864
|move|p2a: Smeargle|Sticky Web|p1a: Garganacl
|-sidestart|p1: ashy_tony|move: Sticky Web
|move|p1a: Garganacl|Salt Cure|p2a: Smeargle
|-damage|p2a: Smeargle|57/100
|-start|p2a: Smeargle|Salt Cure
|
|-damage|p2a: Smeargle|45/100|[from] Salt Cure
|upkeep
|turn|2
|
|t:|1760322873
|move|p2a: Smeargle|Ceaseless Edge|p1a: Garganacl
|-damage|p1a: Garganacl|95/100
|-sidestart|p1: ashy_tony|Spikes
|move|p1a: Garganacl|Salt Cure|p2a: Smeargle
|-damage|p2a: Smeargle|4/100
|
|-heal|p1a: Garganacl|100/100|[from] item: Leftovers
|-damage|p2a: Smeargle|0 fnt|[from] Salt Cure
|faint|p2a: Smeargle
|upkeep
|
|t:|1760322879
|switch|p2a: Great Tusk|Great Tusk, shiny|100/100
|turn|3
|
|t:|1760322904
|move|p2a: Great Tusk|Knock Off|p1a: Garganacl
|-damage|p1a: Garganacl|80/100
|-enditem|p1a: Garganacl|Leftovers|[from] move: Knock Off|[of] p2a: Great Tusk
|move|p1a: Garganacl|Curse|p1a: Garganacl
|-unboost|p1a: Garganacl|spe|1
|-boost|p1a: Garganacl|atk|1
|-boost|p1a: Garganacl|def|1
|
|upkeep
|turn|4
|
|t:|1760322920
|-terastallize|p1a: Garganacl|Ghost
|move|p2a: Great Tusk|Headlong Rush|p1a: Garganacl
|-damage|p1a: Garganacl|53/100
|-unboost|p2a: Great Tusk|def|1
|-unboost|p2a: Great Tusk|spd|1
|move|p1a: Garganacl|Recover|p1a: Garganacl
|-heal|p1a: Garganacl|100/100
|
|upkeep
|turn|5
|
|t:|1760322934
|-end|p2a: Great Tusk|Protosynthesis|[silent]
|switch|p2a: Tornadus|Tornadus-Therian, M, shiny|100/100
|move|p1a: Garganacl|Curse|p2a: Tornadus
|-start|p2a: Tornadus|Curse|[of] p1a: Garganacl
|-damage|p1a: Garganacl|50/100
|
|-damage|p2a: Tornadus|76/100|[from] Curse
|upkeep
|turn|6
|
|t:|1760322945
|move|p2a: Tornadus|U-turn|p1a: Garganacl
|-resisted|p1a: Garganacl
|-damage|p1a: Garganacl|47/100
|
|t:|1760322947
|switch|p2a: Ninetales|Ninetales-Alola, M, shiny|100/100|[from] U-turn
|-weather|Snowscape|[from] ability: Snow Warning|[of] p2a: Ninetales
|move|p1a: Garganacl|Recover|p1a: Garganacl
|-heal|p1a: Garganacl|97/100
|
|-weather|Snowscape|[upkeep]
|upkeep
|turn|7
|
|t:|1760322956
|switch|p1a: Magnezone|Magnezone|100/100
|move|p2a: Ninetales|Encore||[still]
|-fail|p2a: Ninetales
|
|-weather|Snowscape|[upkeep]
|upkeep
|turn|8
|
|t:|1760322962
|switch|p2a: Great Tusk|Great Tusk, shiny|100/100
|move|p1a: Magnezone|Flash Cannon|p2a: Great Tusk
|-damage|p2a: Great Tusk|49/100
|
|-weather|Snowscape|[upkeep]
|upkeep
|turn|9
|
|t:|1760322970
|switch|p1a: Chesnaught|Chesnaught, M|100/100
|-activate|p1a: Chesnaught|move: Sticky Web
|-unboost|p1a: Chesnaught|spe|1
|-damage|p1a: Chesnaught|88/100|[from] Spikes
|move|p2a: Great Tusk|Headlong Rush|p1a: Chesnaught
|-resisted|p1a: Chesnaught
|-damage|p1a: Chesnaught|70/100
|-unboost|p2a: Great Tusk|def|1
|-unboost|p2a: Great Tusk|spd|1
|
|-weather|Snowscape|[upkeep]
|-heal|p1a: Chesnaught|76/100|[from] item: Leftovers
|upkeep
|turn|10
|
|t:|1760322982
|-end|p2a: Great Tusk|Protosynthesis|[silent]
|switch|p2a: Gholdengo|Gholdengo, shiny|100/100
|-item|p2a: Gholdengo|Air Balloon
|move|p1a: Chesnaught|Substitute|p1a: Chesnaught
|-start|p1a: Chesnaught|Substitute
|-damage|p1a: Chesnaught|51/100
|
|-weather|none
|-heal|p1a: Chesnaught|57/100|[from] item: Leftovers
|upkeep
|turn|11
|
|t:|1760322992
|move|p1a: Chesnaught|Spiky Shield|p1a: Chesnaught
|-singleturn|p1a: Chesnaught|move: Protect
|move|p2a: Gholdengo|Nasty Plot|p2a: Gholdengo
|-boost|p2a: Gholdengo|spa|2
|
|-heal|p1a: Chesnaught|63/100|[from] item: Leftovers
|upkeep
|turn|12
|inactive|ashy_tony has 120 seconds left.
|
|t:|1760323022
|switch|p1a: Magnezone|Magnezone|100/100
|move|p2a: Gholdengo|Shadow Ball|p1a: Magnezone
|-damage|p1a: Magnezone|6/100
|
|upkeep
|turn|13
|
|t:|1760323030
|move|p2a: Gholdengo|Shadow Ball|p1a: Magnezone
|-damage|p1a: Magnezone|0 fnt
|faint|p1a: Magnezone
|
|upkeep
|inactive|ashy_tony has 120 seconds left.
|-message|ashy_tony forfeited.
|
|win|GhetsisUwU
|raw|ashy_tony's rating: 1397 &rarr; <strong>1384</strong><br />(-13 for losing)
|raw|GhetsisUwU's rating: 1516 &rarr; <strong>1529</strong><br />(+13 for winning)
|l|☆GhetsisUwU
|player|p2|
|l|☆ashy_tony
|player|p1|
