|j|☆AlphaCaeli
|j|☆ChessDennis
|t:|1760331248
|gametype|singles
|player|p1|AlphaCaeli|marnie|1356
|player|p2|ChessDennis|170|1364
|gen|9
|tier|[Gen 9] OU
|rated|
|rule|HP Percentage Mod: HP is shown in percentages
|rule|Endless Battle Clause: Forcing endless battles is banned
|rule|Species Clause: Limit one of each Pokémon
|rule|OHKO Clause: OHKO moves are banned
|rule|Evasion Items Clause: Evasion items are banned
|rule|Evasion Moves Clause: Evasion moves are banned
|rule|Evasion Abilities Clause: Evasion abilities are banned
|rule|Sleep Moves Clause: Sleep-inducing moves are banned
|clearpoke
|poke|p1|Kingambit, F|
|poke|p1|Cinderace, F|
|poke|p1|Landorus-Therian, M|
|poke|p1|Iron Valiant|
|poke|p1|Kyurem|
|poke|p1|Slowking-Galar, M|
|poke|p2|Walking Wake|
|poke|p2|Thundurus-Therian, M|
|poke|p2|Amoonguss, M|
|poke|p2|Gardevoir, M|
|poke|p2|Torkoal, F|
|poke|p2|Kingambit, F|
|teampreview
|inactive|Battle timer is ON: inactive players will automatically lose when time's up. (requested by AlphaCaeli)
|inactive|AlphaCaeli has 120 seconds left.
|inactive|AlphaCaeli has 90 seconds left.
|
|t:|1760331313
|teamsize|p1|6
|teamsize|p2|6
|start
|switch|p1a: Cinderace|Cinderace, F, shiny|100/100
|switch|p2a: Gardevoir|Gardevoir, M|100/100
|-ability|p2a: Gardevoir|Blaze|Trace|[from] ability: Trace|[of] p1a: Cinderace
|turn|1
|
|t:|1760331329
|move|p1a: Cinderace|Pyro Ball|p2a: Gardevoir
|-damage|p2a: Gardevoir|1/100
|-enditem|p2a: Gardevoir|Sitrus Berry|[eat]
|-heal|p2a: Gardevoir|26/100|[from] item: Sitrus Berry
|move|p2a: Gardevoir|Trick Room|p2a: Gardevoir
|-fieldstart|move: Trick Room|[of] p2a: Gardevoir
|
|upkeep
|turn|2
|
|t:|1760331351
|move|p2a: Gardevoir|Healing Wish|p2a: Gardevoir
|faint|p2a: Gardevoir
|move|p1a: Cinderace|Will-O-Wisp|p2: Gardevoir|[notarget]
|-fail|p1a: Cinderace
|
|upkeep
|
|t:|1760331354
|switch|p2a: Torkoal|Torkoal, F|100/100
|-weather|SunnyDay|[from] ability: Drought|[of] p2a: Torkoal
|turn|3
|
|t:|1760331367
|move|p2a: Torkoal|Eruption|p1a: Cinderace
|-resisted|p1a: Cinderace
|-damage|p1a: Cinderace|28/100
|move|p1a: Cinderace|Pyro Ball|p2a: Torkoal
|-resisted|p2a: Torkoal
|-damage|p2a: Torkoal|51/100
|
|-weather|SunnyDay|[upkeep]
|upkeep
|turn|4
|inactive|AlphaCaeli has 120 seconds left.
|
|t:|1760331392
|move|p2a: Torkoal|Eruption|p1a: Cinderace
|-resisted|p1a: Cinderace
|-damage|p1a: Cinderace|0 fnt
|faint|p1a: Cinderace
|
|-weather|SunnyDay|[upkeep]
|upkeep
|inactive|AlphaCaeli has 120 seconds left.
|
|t:|1760331413
|switch|p1a: Landorus|Landorus-Therian, M, shiny|100/100
|-ability|p1a: Landorus|Intimidate|boost
|-unboost|p2a: Torkoal|atk|1
|turn|5
|
|t:|1760331418
|move|p2a: Torkoal|Stealth Rock|p1a: Landorus
|-sidestart|p1: AlphaCaeli|move: Stealth Rock
|move|p1a: Landorus|Stealth Rock|p2a: Torkoal
|-sidestart|p2: ChessDennis|move: Stealth Rock
|
|-weather|SunnyDay|[upkeep]
|-fieldend|move: Trick Room
|upkeep
|turn|6
|inactive|AlphaCaeli has 120 seconds left.
|
|t:|1760331425
|move|p1a: Landorus|Earth Power|p2a: Torkoal
|-supereffective|p2a: Torkoal
|-damage|p2a: Torkoal|0 fnt
|faint|p2a: Torkoal
|
|-weather|SunnyDay|[upkeep]
|upkeep
|
|t:|1760331429
|switch|p2a: Amoonguss|Amoonguss, M|100/100
|-damage|p2a: Amoonguss|88/100|[from] Stealth Rock
|turn|7
|
|t:|1760331440
|move|p1a: Landorus|Psychic|p2a: Amoonguss
|-supereffective|p2a: Amoonguss
|-damage|p2a: Amoonguss|51/100
|-unboost|p2a: Amoonguss|spd|1
|move|p2a: Amoonguss|Growth|p2a: Amoonguss
|-boost|p2a: Amoonguss|atk|2
|-boost|p2a: Amoonguss|spa|2
|
|-weather|none
|upkeep
|turn|8
|inactive|AlphaCaeli has 120 seconds left.
|
|t:|1760331456
|switch|p1a: Slowking|Slowking-Galar, M, shiny|100/100
|move|p2a: Amoonguss|Sludge Bomb|p1a: Slowking
|-resisted|p1a: Slowking
|-damage|p1a: Slowking|76/100
|-damage|p2a: Amoonguss|41/100|[from] item: Life Orb
|
|upkeep
|turn|9
|inactive|AlphaCaeli has 120 seconds left.
|
|t:|1760331471
|move|p1a: Slowking|Future Sight|p2a: Amoonguss
|-start|p1a: Slowking|move: Future Sight
|move|p2a: Amoonguss|Tera Blast|p1a: Slowking
|-damage|p1a: Slowking|46/100
|-damage|p2a: Amoonguss|31/100|[from] item: Life Orb
|
|upkeep
|turn|10
|inactive|AlphaCaeli has 120 seconds left.
|
|t:|1760331477
|-prepare|p1a: Slowking|Chilly Reception|[premajor]
|move|p1a: Slowking|Chilly Reception|p1a: Slowking
|-weather|Snowscape
|inactive|AlphaCaeli has 120 seconds left.
|
|t:|1760331483
|switch|p1a: Landorus|Landorus-Therian, M, shiny|100/100|[from] Chilly Reception
|-damage|p1a: Landorus|88/100|[from] Stealth Rock
|-ability|p1a: Landorus|Intimidate|boost
|-unboost|p2a: Amoonguss|atk|1
|move|p2a: Amoonguss|Tera Blast|p1a: Landorus
|-damage|p1a: Landorus|33/100
|-damage|p2a: Amoonguss|21/100|[from] item: Life Orb
|
|-weather|Snowscape|[upkeep]
|upkeep
|turn|11
|
|t:|1760331496
|switch|p2a: Thundurus|Thundurus-Therian, M|100/100
|-damage|p2a: Thundurus|76/100|[from] Stealth Rock
|move|p1a: Landorus|Psychic|p2a: Thundurus
|-damage|p2a: Thundurus|47/100
|
|-weather|Snowscape|[upkeep]
|-end|p2a: Thundurus|move: Future Sight
|-damage|p2a: Thundurus|0 fnt
|faint|p2a: Thundurus
|upkeep
|
|t:|1760331501
|switch|p2a: Walking Wake|Walking Wake|100/100
|-damage|p2a: Walking Wake|88/100|[from] Stealth Rock
|turn|12
|
|t:|1760331516
|move|p2a: Walking Wake|Hydro Steam|p1a: Landorus
|-supereffective|p1a: Landorus
|-damage|p1a: Landorus|0 fnt
|faint|p1a: Landorus
|
|-weather|Snowscape|[upkeep]
|upkeep
|
|t:|1760331525
|switch|p1a: Slowking|Slowking-Galar, M, shiny|80/100
|turn|13
|
|t:|1760331532
|-end|p2a: Walking Wake|Protosynthesis|[silent]
|switch|p2a: Amoonguss|Amoonguss, M|54/100
|-heal|p2a: Amoonguss|100/100|[from] move: Healing Wish
|-damage|p2a: Amoonguss|88/100|[from] Stealth Rock
|move|p1a: Slowking|Thunder Wave|p2a: Amoonguss
|-status|p2a: Amoonguss|par
|
|-weather|Snowscape|[upkeep]
|upkeep
|turn|14
|
|t:|1760331542
|switch|p2a: Kingambit|Kingambit, F|100/100
|-damage|p2a: Kingambit|94/100|[from] Stealth Rock
|-activate|p2a: Kingambit|ability: Supreme Overlord
|-start|p2a: Kingambit|fallen3|[silent]
|move|p1a: Slowking|Future Sight|p2a: Kingambit
|-start|p1a: Slowking|move: Future Sight
|
|-weather|none
|upkeep
|turn|15
|inactive|AlphaCaeli has 120 seconds left.
|
|t:|1760331586
|move|p2a: Kingambit|Iron Head|p1a: Slowking
|-damage|p1a: Slowking|16/100
|move|p1a: Slowking|Thunder Wave|p2a: Kingambit
|-status|p2a: Kingambit|par
|
|upkeep
|turn|16
|
|t:|1760331593
|switch|p1a: Kyurem|Kyurem, shiny|100/100
|-damage|p1a: Kyurem|75/100|[from] Stealth Rock
|-ability|p1a: Kyurem|Pressure
|cant|p2a: Kingambit|par
|
|-end|p2a: Kingambit|move: Future Sight
|-immune|p2a: Kingambit
|-heal|p1a: Kyurem|82/100|[from] item: Leftovers
|upkeep
|turn|17
|
|t:|1760331606
|-terastallize|p2a: Kingambit|Dark
|move|p1a: Kyurem|Earth Power|p2a: Kingambit
|-crit|p2a: Kingambit
|-damage|p2a: Kingambit|50/100 par
|move|p2a: Kingambit|Swords Dance|p2a: Kingambit
|-boost|p2a: Kingambit|atk|2
|
|-heal|p1a: Kyurem|88/100|[from] item: Leftovers
|upkeep
|turn|18
|inactive|AlphaCaeli has 120 seconds left.
|
|t:|1760331620
|move|p2a: Kingambit|Sucker Punch||[still]
|-fail|p2a: Kingambit
|move|p1a: Kyurem|Substitute|p1a: Kyurem
|-start|p1a: Kyurem|Substitute
|-damage|p1a: Kyurem|63/100
|
|-heal|p1a: Kyurem|69/100|[from] item: Leftovers
|upkeep
|turn|19
|inactive|AlphaCaeli has 120 seconds left.
|
|t:|1760331640
|-terastallize|p1a: Kyurem|Ground
|move|p1a: Kyurem|Earth Power|p2a: Kingambit
|-damage|p2a: Kingambit|2/100 par
|move|p2a: Kingambit|Iron Head|p1a: Kyurem
|-end|p1a: Kyurem|Substitute
|
|-heal|p1a: Kyurem|75/100|[from] item: Leftovers
|upkeep
|turn|20
|
|t:|1760331651
|move|p1a: Kyurem|Earth Power|p2a: Kingambit
|-damage|p2a: Kingambit|0 fnt
|faint|p2a: Kingambit
|-end|p2a: Kingambit|fallen3|[silent]
|
|-heal|p1a: Kyurem|81/100|[from] item: Leftovers
|upkeep
|
|t:|1760331654
|switch|p2a: Walking Wake|Walking Wake|88/100
|-damage|p2a: Walking Wake|76/100|[from] Stealth Rock
|turn|21
|inactive|AlphaCaeli has 120 seconds left.
|
|t:|1760331681
|move|p2a: Walking Wake|Hydro Steam|p1a: Kyurem
|-supereffective|p1a: Kyurem
|-damage|p1a: Kyurem|0 fnt
|faint|p1a: Kyurem
|
|upkeep
|
|t:|1760331690
|switch|p1a: Slowking|Slowking-Galar, M, shiny|49/100
|turn|22
|
|t:|1760331703
|move|p2a: Walking Wake|Sunny Day|p2a: Walking Wake
|-weather|SunnyDay
|-activate|p2a: Walking Wake|ability: Protosynthesis
|-start|p2a: Walking Wake|protosynthesisspa
|move|p1a: Slowking|Future Sight|p2a: Walking Wake
|-start|p1a: Slowking|move: Future Sight
|
|-weather|SunnyDay|[upkeep]
|upkeep
|turn|23
|
|t:|1760331722
|move|p2a: Walking Wake|Hydro Steam|p1a: Slowking
|-damage|p1a: Slowking|0 fnt
|faint|p1a: Slowking
|
|-weather|SunnyDay|[upkeep]
|upkeep
|
|t:|1760331729
|switch|p1a: Iron Valiant|Iron Valiant|100/100
|-damage|p1a: Iron Valiant|94/100|[from] Stealth Rock
|-enditem|p1a: Iron Valiant|Booster Energy
|-activate|p1a: Iron Valiant|ability: Quark Drive|[fromitem]
|-start|p1a: Iron Valiant|quarkdrivespe
|turn|24
|inactive|AlphaCaeli has 90 seconds left.
|
|t:|1760331760
|move|p1a: Iron Valiant|Moonblast|p2a: Walking Wake
|-supereffective|p2a: Walking Wake
|-damage|p2a: Walking Wake|0 fnt
|faint|p2a: Walking Wake
|-end|p2a: Walking Wake|Protosynthesis|[silent]
|
|-weather|SunnyDay|[upkeep]
|-hint|Future Sight did not hit because the target is fainted.
|upkeep
|
|t:|1760331763
|switch|p2a: Amoonguss|Amoonguss, M|100/100 par
|-damage|p2a: Amoonguss|88/100 par|[from] Stealth Rock
|turn|25
|inactive|AlphaCaeli has 90 seconds left.
|
|t:|1760331786
|-end|p1a: Iron Valiant|Quark Drive|[silent]
|switch|p1a: Kingambit|Kingambit, F|100/100
|-damage|p1a: Kingambit|94/100|[from] Stealth Rock
|-activate|p1a: Kingambit|ability: Supreme Overlord
|-start|p1a: Kingambit|fallen4|[silent]
|move|p2a: Amoonguss|Sludge Bomb|p1a: Kingambit
|-immune|p1a: Kingambit
|
|-weather|SunnyDay|[upkeep]
|-heal|p1a: Kingambit|100/100|[from] item: Leftovers
|upkeep
|turn|26
|
|t:|1760331801
|move|p1a: Kingambit|Swords Dance|p1a: Kingambit
|-boost|p1a: Kingambit|atk|2
|move|p2a: Amoonguss|Growth|p2a: Amoonguss
|-boost|p2a: Amoonguss|atk|2
|-boost|p2a: Amoonguss|spa|2
|
|-weather|none
|upkeep
|turn|27
|
|t:|1760331809
|move|p1a: Kingambit|Kowtow Cleave|p2a: Amoonguss
|-damage|p2a: Amoonguss|0 fnt
|faint|p2a: Amoonguss
|
|win|AlphaCaeli
|raw|AlphaCaeli's rating: 1356 &rarr; <strong>1376</strong><br />(+20 for winning)
|raw|ChessDennis's rating: 1364 &rarr; <strong>1344</strong><br />(-20 for losing)
|l|☆ChessDennis
|player|p2|
|c|☆AlphaCaeli|dawg what was that team
