|j|☆michaelgoalise
|j|☆thatoneguy1337
|t:|1760338725
|gametype|singles
|player|p1|michaelgoalise|169|1767
|player|p2|thatoneguy1337|caitlin|1841
|gen|9
|tier|[Gen 9] OU
|rated|
|rule|HP Percentage Mod: HP is shown in percentages
|rule|Endless Battle Clause: Forcing endless battles is banned
|rule|Species Clause: Limit one of each Pokémon
|rule|OHKO Clause: OHKO moves are banned
|rule|Evasion Items Clause: Evasion items are banned
|rule|Evasion Moves Clause: Evasion moves are banned
|rule|Evasion Abilities Clause: Evasion abilities are banned
|rule|Sleep Moves Clause: Sleep-inducing moves are banned
|clearpoke
|poke|p1|Tyranitar, F|
|poke|p1|Excadrill, M|
|poke|p1|Hydrapple, M|
|poke|p1|Cinderace, M|
|poke|p1|Iron Valiant|
|poke|p1|Palossand, F|
|poke|p2|Raging Bolt|
|poke|p2|Iron Treads|
|poke|p2|Ting-Lu|
|poke|p2|Gholdengo|
|poke|p2|Zamazenta-*|
|poke|p2|Tornadus-Therian, M|
|teampreview
|inactive|Battle timer is ON: inactive players will automatically lose when time's up. (requested by michaelgoalise)
|inactive|michaelgoalise has 120 seconds left.
|j| Narwhale37
|inactive|michaelgoalise has 90 seconds left.
|
|t:|1760338792
|teamsize|p1|6
|teamsize|p2|6
|start
|switch|p1a: Tyranitar|Tyranitar, F|100/100
|switch|p2a: Ting-Lu|Ting-Lu|100/100
|-weather|Sandstorm|[from] ability: Sand Stream|[of] p1a: Tyranitar
|-ability|p2a: Ting-Lu|Vessel of Ruin
|turn|1
|inactive|michaelgoalise has 120 seconds left.
|
|t:|1760338840
|move|p1a: Tyranitar|Knock Off|p2a: Ting-Lu
|-resisted|p2a: Ting-Lu
|-damage|p2a: Ting-Lu|89/100
|-enditem|p2a: Ting-Lu|Weakness Policy|[from] move: Knock Off|[of] p1a: Tyranitar
|move|p2a: Ting-Lu|Earthquake|p1a: Tyranitar
|-supereffective|p1a: Tyranitar
|-damage|p1a: Tyranitar|39/100
|
|-weather|Sandstorm|[upkeep]
|-heal|p1a: Tyranitar|45/100|[from] item: Leftovers
|upkeep
|turn|2
|
|t:|1760338847
|switch|p1a: Hydrapple|Hydrapple, M|100/100
|move|p2a: Ting-Lu|Ruination|p1a: Hydrapple
|-damage|p1a: Hydrapple|50/100
|
|-weather|Sandstorm|[upkeep]
|-damage|p1a: Hydrapple|44/100|[from] Sandstorm
|upkeep
|turn|3
|
|t:|1760338868
|switch|p2a: Tornadus|Tornadus-Therian, M|100/100
|switch|p1a: Tyranitar|Tyranitar, F|45/100
|
|-weather|Sandstorm|[upkeep]
|-damage|p2a: Tornadus|94/100|[from] Sandstorm
|-heal|p1a: Tyranitar|51/100|[from] item: Leftovers
|upkeep
|turn|4
|inactive|michaelgoalise has 90 seconds left.
|
|t:|1760338901
|switch|p1a: Cinderace|Cinderace, M|100/100
|move|p2a: Tornadus|Focus Blast|p1a: Cinderace
|-damage|p1a: Cinderace|34/100
|-damage|p2a: Tornadus|85/100|[from] item: Life Orb
|
|-weather|Sandstorm|[upkeep]
|-damage|p2a: Tornadus|79/100|[from] Sandstorm
|-damage|p1a: Cinderace|28/100|[from] Sandstorm
|upkeep
|turn|5
|j| Dor.Zf
|
|t:|1760338925
|move|p2a: Tornadus|Dark Pulse|p1a: Cinderace
|-damage|p1a: Cinderace|0 fnt
|faint|p1a: Cinderace
|-damage|p2a: Tornadus|69/100|[from] item: Life Orb
|
|-weather|none
|upkeep
|inactive|michaelgoalise has 60 seconds left.
|
|t:|1760338940
|switch|p1a: Iron Valiant|Iron Valiant|100/100
|-enditem|p1a: Iron Valiant|Booster Energy
|-activate|p1a: Iron Valiant|ability: Quark Drive|[fromitem]
|-start|p1a: Iron Valiant|quarkdrivespe
|turn|6
|inactive|michaelgoalise has 60 seconds left.
|
|t:|1760338953
|move|p1a: Iron Valiant|Thunderbolt|p2a: Tornadus
|-supereffective|p2a: Tornadus
|-damage|p2a: Tornadus|0 fnt
|faint|p2a: Tornadus
|
|upkeep
|
|t:|1760338959
|switch|p2a: Gholdengo|Gholdengo|100/100
|-item|p2a: Gholdengo|Air Balloon
|turn|7
|inactive|michaelgoalise has 60 seconds left.
|
|t:|1760338984
|move|p1a: Iron Valiant|Thunderbolt|p2a: Gholdengo
|-damage|p2a: Gholdengo|70/100
|-enditem|p2a: Gholdengo|Air Balloon
|move|p2a: Gholdengo|Make It Rain|p1a: Iron Valiant
|-supereffective|p1a: Iron Valiant
|-damage|p1a: Iron Valiant|0 fnt
|-unboost|p2a: Gholdengo|spa|1
|faint|p1a: Iron Valiant
|-end|p1a: Iron Valiant|Quark Drive|[silent]
|
|upkeep
|
|t:|1760338998
|switch|p1a: Excadrill|Excadrill, M|100/100
|turn|8
|
|t:|1760339028
|switch|p2a: Zamazenta|Zamazenta|100/100
|-ability|p2a: Zamazenta|Dauntless Shield|boost
|-boost|p2a: Zamazenta|def|1
|move|p1a: Excadrill|Earthquake|p2a: Zamazenta
|-damage|p2a: Zamazenta|54/100
|
|-heal|p2a: Zamazenta|60/100|[from] item: Leftovers
|upkeep
|turn|9
|
|t:|1760339038
|switch|p2a: Gholdengo|Gholdengo|70/100
|switch|p1a: Palossand|Palossand, F|100/100
|
|upkeep
|turn|10
|inactive|michaelgoalise has 60 seconds left.
|inactive|thatoneguy1337 has 120 seconds left.
|
|t:|1760339076
|switch|p1a: Tyranitar|Tyranitar, F|51/100
|-weather|Sandstorm|[from] ability: Sand Stream|[of] p1a: Tyranitar
|move|p2a: Gholdengo|Shadow Ball|p1a: Tyranitar
|-resisted|p1a: Tyranitar
|-damage|p1a: Tyranitar|43/100
|
|-weather|Sandstorm|[upkeep]
|-heal|p1a: Tyranitar|49/100|[from] item: Leftovers
|upkeep
|turn|11
|inactive|michaelgoalise has 60 seconds left.
|
|t:|1760339087
|switch|p1a: Excadrill|Excadrill, M|100/100
|move|p2a: Gholdengo|Make It Rain|p1a: Excadrill
|-resisted|p1a: Excadrill
|-damage|p1a: Excadrill|61/100
|-unboost|p2a: Gholdengo|spa|1
|
|-weather|Sandstorm|[upkeep]
|upkeep
|turn|12
|inactive|michaelgoalise has 60 seconds left.
|inactive|thatoneguy1337 has 120 seconds left.
|
|t:|1760339095
|switch|p2a: Ting-Lu|Ting-Lu|89/100
|-ability|p2a: Ting-Lu|Vessel of Ruin
|move|p1a: Excadrill|Earthquake|p2a: Ting-Lu
|-damage|p2a: Ting-Lu|45/100
|
|-weather|Sandstorm|[upkeep]
|upkeep
|turn|13
|inactive|michaelgoalise has 60 seconds left.
|inactive|thatoneguy1337 has 120 seconds left.
|j| Landon✘A21
|
|t:|1760339128
|switch|p1a: Hydrapple|Hydrapple, M|77/100
|move|p2a: Ting-Lu|Stealth Rock|p1a: Hydrapple
|-sidestart|p1: michaelgoalise|move: Stealth Rock
|
|-weather|Sandstorm|[upkeep]
|-damage|p1a: Hydrapple|71/100|[from] Sandstorm
|upkeep
|turn|14
|inactive|thatoneguy1337 has 120 seconds left.
|inactive|michaelgoalise has 30 seconds left.
|
|t:|1760339151
|move|p2a: Ting-Lu|Ruination|p1a: Hydrapple
|-damage|p1a: Hydrapple|36/100
|move|p1a: Hydrapple|Giga Drain|p2a: Ting-Lu
|-supereffective|p2a: Ting-Lu
|-damage|p2a: Ting-Lu|14/100
|-heal|p1a: Hydrapple|55/100|[from] drain|[of] p2a: Ting-Lu
|
|-weather|none
|upkeep
|turn|15
|inactive|michaelgoalise has 30 seconds left.
|
|t:|1760339163
|move|p2a: Ting-Lu|Ruination|p1a: Hydrapple
|-damage|p1a: Hydrapple|28/100
|move|p1a: Hydrapple|Fickle Beam|p2a: Ting-Lu
|-damage|p2a: Ting-Lu|0 fnt
|faint|p2a: Ting-Lu
|
|upkeep
|
|t:|1760339167
|switch|p2a: Gholdengo|Gholdengo|70/100
|turn|16
|
|t:|1760339171
|switch|p1a: Tyranitar|Tyranitar, F|49/100
|-damage|p1a: Tyranitar|37/100|[from] Stealth Rock
|-weather|Sandstorm|[from] ability: Sand Stream|[of] p1a: Tyranitar
|move|p2a: Gholdengo|Shadow Ball|p1a: Tyranitar
|-resisted|p1a: Tyranitar
|-damage|p1a: Tyranitar|28/100
|-unboost|p1a: Tyranitar|spd|1
|
|-weather|Sandstorm|[upkeep]
|-heal|p1a: Tyranitar|34/100|[from] item: Leftovers
|upkeep
|turn|17
|inactive|michaelgoalise has 30 seconds left.
|inactive|michaelgoalise has 20 seconds left.
|
|t:|1760339210
|move|p2a: Gholdengo|Make It Rain|p1a: Tyranitar
|-supereffective|p1a: Tyranitar
|-damage|p1a: Tyranitar|0 fnt
|-unboost|p2a: Gholdengo|spa|1
|faint|p1a: Tyranitar
|
|-weather|Sandstorm|[upkeep]
|upkeep
|inactive|michaelgoalise has 25 seconds left this turn.
|
|t:|1760339214
|switch|p1a: Excadrill|Excadrill, M|61/100
|-damage|p1a: Excadrill|58/100|[from] Stealth Rock
|turn|18
|inactive|michaelgoalise has 30 seconds left.
|
|t:|1760339225
|switch|p2a: Zamazenta|Zamazenta|60/100
|move|p1a: Excadrill|Earthquake|p2a: Zamazenta
|-damage|p2a: Zamazenta|0 fnt
|faint|p2a: Zamazenta
|
|-weather|Sandstorm|[upkeep]
|upkeep
|
|t:|1760339232
|switch|p2a: Iron Treads|Iron Treads|100/100
|-enditem|p2a: Iron Treads|Booster Energy
|-activate|p2a: Iron Treads|ability: Quark Drive|[fromitem]
|-start|p2a: Iron Treads|quarkdrivespe
|turn|19
|
|t:|1760339238
|switch|p1a: Palossand|Palossand, F|100/100
|-damage|p1a: Palossand|94/100|[from] Stealth Rock
|-terastallize|p2a: Iron Treads|Ground
|move|p2a: Iron Treads|Earthquake|p1a: Palossand
|-damage|p1a: Palossand|59/100
|
|-weather|Sandstorm|[upkeep]
|upkeep
|turn|20
|inactive|michaelgoalise has 30 seconds left.
|
|t:|1760339257
|-end|p2a: Iron Treads|Quark Drive|[silent]
|switch|p2a: Gholdengo|Gholdengo|70/100
|move|p1a: Palossand|Shore Up|p1a: Palossand
|-heal|p1a: Palossand|100/100
|
|-weather|none
|upkeep
|turn|21
|inactive|michaelgoalise has 30 seconds left.
|inactive|michaelgoalise has 20 seconds left.
|inactive|michaelgoalise has 15 seconds left.
|inactive|michaelgoalise has 10 seconds left.
|
|t:|1760339291
|-terastallize|p1a: Palossand|Grass
|move|p2a: Gholdengo|Shadow Ball|p1a: Palossand
|-damage|p1a: Palossand|52/100
|move|p1a: Palossand|Earth Power|p2a: Gholdengo
|-supereffective|p2a: Gholdengo
|-damage|p2a: Gholdengo|8/100
|-unboost|p2a: Gholdengo|spd|1
|
|upkeep
|turn|22
|inactive|michaelgoalise has 20 seconds left this turn.
|inactive|michaelgoalise has 15 seconds left.
|inactive|michaelgoalise has 10 seconds left.
|
|t:|1760339309
|switch|p1a: Hydrapple|Hydrapple, M|61/100
|move|p2a: Gholdengo|Shadow Ball|p1a: Hydrapple
|-damage|p1a: Hydrapple|22/100
|-unboost|p1a: Hydrapple|spd|1
|
|upkeep
|turn|23
|inactive|michaelgoalise has 20 seconds left this turn.
|j| avlavlavlavl
|inactive|michaelgoalise has 15 seconds left.
|
|t:|1760339315
|move|p2a: Gholdengo|Shadow Ball|p1a: Hydrapple
|-damage|p1a: Hydrapple|0 fnt
|faint|p1a: Hydrapple
|
|upkeep
|inactive|michaelgoalise has 20 seconds left this turn.
|
|t:|1760339318
|switch|p1a: Excadrill|Excadrill, M|58/100
|-damage|p1a: Excadrill|55/100|[from] Stealth Rock
|turn|24
|inactive|michaelgoalise has 30 seconds left this turn.
|l| avlavlavlavl
|
|t:|1760339323
|move|p1a: Excadrill|Earthquake|p2a: Gholdengo
|-supereffective|p2a: Gholdengo
|-damage|p2a: Gholdengo|0 fnt
|faint|p2a: Gholdengo
|
|upkeep
|
|t:|1760339325
|switch|p2a: Iron Treads|Iron Treads, tera:Ground|100/100
|turn|25
|inactive|thatoneguy1337 has 120 seconds left.
|
|t:|1760339378
|switch|p1a: Palossand|Palossand, F, tera:Grass|52/100
|-damage|p1a: Palossand|40/100|[from] Stealth Rock
|move|p2a: Iron Treads|Ice Spinner|p1a: Palossand
|-supereffective|p1a: Palossand
|-damage|p1a: Palossand|8/100
|-damage|p2a: Iron Treads|84/100|[from] item: Rocky Helmet|[of] p1a: Palossand
|
|upkeep
|turn|26
|
|t:|1760339388
|move|p2a: Iron Treads|Earthquake|p1a: Palossand
|-resisted|p1a: Palossand
|-damage|p1a: Palossand|0 fnt
|faint|p1a: Palossand
|
|upkeep
|
|t:|1760339390
|switch|p1a: Excadrill|Excadrill, M|55/100
|-damage|p1a: Excadrill|52/100|[from] Stealth Rock
|turn|27
|l| Dor.Zf
|
|t:|1760339394
|move|p2a: Iron Treads|Earthquake|p1a: Excadrill
|-supereffective|p1a: Excadrill
|-damage|p1a: Excadrill|0 fnt
|faint|p1a: Excadrill
|
|win|thatoneguy1337
|raw|michaelgoalise's rating: 1767 &rarr; <strong>1751</strong><br />(-16 for losing)
|raw|thatoneguy1337's rating: 1841 &rarr; <strong>1857</strong><br />(+16 for winning)
|l|☆michaelgoalise
|player|p1|
|l|☆thatoneguy1337
|player|p2|
|l| Landon✘A21
|l| Narwhale37
