|j|☆moje more
|j|☆Aaron's lime
|t:|1760407717
|gametype|singles
|player|p1|moje more|boarder|1061
|player|p2|Aaron's lime|170|1058
|gen|9
|tier|[Gen 9] OU
|rated|
|rule|HP Percentage Mod: HP is shown in percentages
|rule|Endless Battle Clause: Forcing endless battles is banned
|rule|Species Clause: Limit one of each Pokémon
|rule|OHKO Clause: OHKO moves are banned
|rule|Evasion Items Clause: Evasion items are banned
|rule|Evasion Moves Clause: Evasion moves are banned
|rule|Evasion Abilities Clause: Evasion abilities are banned
|rule|Sleep Moves Clause: Sleep-inducing moves are banned
|clearpoke
|poke|p1|Polteageist|
|poke|p1|Skeledirge, M|
|poke|p1|Mimikyu, M|
|poke|p1|Chandelure, M|
|poke|p1|Dusclops, M|
|poke|p1|Dragapult, M|
|poke|p2|Lokix, M|
|poke|p2|Polteageist|
|poke|p2|Ditto|
|poke|p2|Donphan, L1, M|
|poke|p2|Corviknight, F|
|poke|p2|Pikachu-World, M|
|teampreview
|
|t:|1760407726
|teamsize|p1|6
|teamsize|p2|6
|start
|switch|p1a: lixo ruim|Dragapult, M|100/100
|switch|p2a: Pikachu|Pikachu-World, M|100/100
|turn|1
|
|t:|1760407755
|move|p1a: lixo ruim|Dragon Darts|p2a: Pikachu
|-damage|p2a: Pikachu|0 fnt
|faint|p2a: Pikachu
|-damage|p1a: lixo ruim|91/100|[from] item: Life Orb
|
|upkeep
|
|t:|1760407759
|switch|p2a: Lokix|Lokix, M|100/100
|turn|2
|
|t:|1760407781
|-terastallize|p2a: Lokix|Bug
|move|p2a: Lokix|First Impression|p1a: lixo ruim
|-resisted|p1a: lixo ruim
|-damage|p1a: lixo ruim|0 fnt
|faint|p1a: lixo ruim
|
|upkeep
|
|t:|1760407788
|switch|p1a: cavalo dado|Skeledirge, M|100/100
|turn|3
|
|t:|1760407796
|switch|p2a: Donphan|Donphan, L1, M|100/100
|move|p1a: cavalo dado|Torch Song|p2a: Donphan
|-ability|p2a: Donphan|Sturdy
|-damage|p2a: Donphan|8/100
|-boost|p1a: cavalo dado|spa|1
|
|upkeep
|turn|4
|
|t:|1760407804
|move|p1a: cavalo dado|Torch Song|p2a: Donphan
|-damage|p2a: Donphan|0 fnt
|-boost|p1a: cavalo dado|spa|1
|faint|p2a: Donphan
|
|upkeep
|
|t:|1760407808
|switch|p2a: Ditto|Ditto|100/100
|-transform|p2a: Ditto|p1a: cavalo dado|[from] ability: Imposter
|turn|5
|
|t:|1760407824
|-terastallize|p1a: cavalo dado|Flying
|move|p2a: Ditto|Shadow Ball|p1a: cavalo dado
|-damage|p1a: cavalo dado|61/100
|-unboost|p1a: cavalo dado|spd|1
|move|p1a: cavalo dado|Shadow Ball|p2a: Ditto
|-supereffective|p2a: Ditto
|-damage|p2a: Ditto|0 fnt
|faint|p2a: Ditto
|
|-heal|p1a: cavalo dado|67/100|[from] item: Leftovers
|upkeep
|
|t:|1760407836
|switch|p2a: Polteageist|Polteageist|100/100
|turn|6
|
|t:|1760407845
|move|p2a: Polteageist|Shell Smash|p2a: Polteageist
|-unboost|p2a: Polteageist|def|1
|-unboost|p2a: Polteageist|spd|1
|-boost|p2a: Polteageist|atk|2
|-boost|p2a: Polteageist|spa|2
|-boost|p2a: Polteageist|spe|2
|move|p1a: cavalo dado|Shadow Ball|p2a: Polteageist
|-supereffective|p2a: Polteageist
|-enditem|p2a: Polteageist|Focus Sash
|-damage|p2a: Polteageist|1/100
|-unboost|p2a: Polteageist|spd|1
|
|-heal|p1a: cavalo dado|73/100|[from] item: Leftovers
|upkeep
|turn|7
|
|t:|1760407854
|move|p2a: Polteageist|Stored Power|p1a: cavalo dado
|-damage|p1a: cavalo dado|0 fnt
|faint|p1a: cavalo dado
|
|upkeep
|
|t:|1760407862
|switch|p1a: maquina de lavar|Mimikyu, M, shiny|100/100
|turn|8
|
|t:|1760407867
|move|p1a: maquina de lavar|Shadow Sneak|p2a: Polteageist
|-supereffective|p2a: Polteageist
|-damage|p2a: Polteageist|0 fnt
|faint|p2a: Polteageist
|-damage|p1a: maquina de lavar|91/100|[from] item: Life Orb
|
|upkeep
|
|t:|1760407869
|switch|p2a: Lokix|Lokix, M, tera:Bug|100/100
|turn|9
|
|t:|1760407891
|move|p2a: Lokix|First Impression|p1a: maquina de lavar
|-activate|p1a: maquina de lavar|ability: Disguise
|-damage|p1a: maquina de lavar|91/100
|detailschange|p1a: maquina de lavar|Mimikyu-Busted, M, shiny
|-damage|p1a: maquina de lavar|78/100|[from] pokemon: Mimikyu-Busted
|move|p1a: maquina de lavar|Swords Dance|p1a: maquina de lavar
|-boost|p1a: maquina de lavar|atk|2
|
|upkeep
|turn|10
|
|t:|1760407902
|switch|p2a: Corviknight|Corviknight, F|100/100
|-ability|p2a: Corviknight|Pressure
|move|p1a: maquina de lavar|Shadow Sneak|p2a: Corviknight
|-damage|p2a: Corviknight|77/100
|-damage|p1a: maquina de lavar|68/100|[from] item: Life Orb
|
|-heal|p2a: Corviknight|83/100|[from] item: Leftovers
|upkeep
|turn|11
|-message|Aaron's lime forfeited.
|
|win|moje more
|raw|moje more's rating: 1061 &rarr; <strong>1092</strong><br />(+31 for winning)
|raw|Aaron&apos;s lime's rating: 1058 &rarr; <strong>1039</strong><br />(-19 for losing)
|l|☆Aaron's lime
|player|p2|
|l|☆moje more
|player|p1|
