|j|☆Wrath of the Turks
|j|☆310YM4N74N3R0
|t:|1760407166
|gametype|singles
|player|p1|Wrath of the Turks|burglar-gen2|1638
|player|p2|310YM4N74N3R0|pokemonrangerf|1632
|gen|9
|tier|[Gen 9] OU
|rated|
|rule|HP Percentage Mod: HP is shown in percentages
|rule|Endless Battle Clause: Forcing endless battles is banned
|rule|Species Clause: Limit one of each Pokémon
|rule|OHKO Clause: OHKO moves are banned
|rule|Evasion Items Clause: Evasion items are banned
|rule|Evasion Moves Clause: Evasion moves are banned
|rule|Evasion Abilities Clause: Evasion abilities are banned
|rule|Sleep Moves Clause: Sleep-inducing moves are banned
|clearpoke
|poke|p1|Iron Treads|
|poke|p1|Dragonite, M|
|poke|p1|Ninetales-Alola, F|
|poke|p1|Kyurem|
|poke|p1|Kingambit, F|
|poke|p1|Enamorus, F|
|poke|p2|Yanmega, F|
|poke|p2|Indeedee, M|
|poke|p2|Rillaboom, F|
|poke|p2|Blaziken, M|
|poke|p2|Blastoise, M|
|poke|p2|Tyranitar, F|
|teampreview
|inactive|Battle timer is ON: inactive players will automatically lose when time's up. (requested by Wrath of the Turks)
|inactive|310YM4N74N3R0 has 120 seconds left.
|
|t:|1760407226
|teamsize|p1|6
|teamsize|p2|6
|start
|switch|p1a: Wheel of Fortune|Iron Treads|100/100
|switch|p2a: Blaziken|Blaziken, M|100/100
|-enditem|p1a: Wheel of Fortune|Booster Energy
|-activate|p1a: Wheel of Fortune|ability: Quark Drive|[fromitem]
|-start|p1a: Wheel of Fortune|quarkdrivespe
|turn|1
|
|t:|1760407251
|move|p1a: Wheel of Fortune|Earth Power|p2a: Blaziken
|-supereffective|p2a: Blaziken
|-damage|p2a: Blaziken|7/100
|move|p2a: Blaziken|Close Combat|p1a: Wheel of Fortune
|-supereffective|p1a: Wheel of Fortune
|-damage|p1a: Wheel of Fortune|0 fnt
|-unboost|p2a: Blaziken|def|1
|-unboost|p2a: Blaziken|spd|1
|faint|p1a: Wheel of Fortune
|-end|p1a: Wheel of Fortune|Quark Drive|[silent]
|
|-ability|p2a: Blaziken|Speed Boost|boost
|-boost|p2a: Blaziken|spe|1
|upkeep
|
|t:|1760407256
|switch|p1a: Loveshine|Ninetales-Alola, F|100/100
|-weather|Snowscape|[from] ability: Snow Warning|[of] p1a: Loveshine
|turn|2
|
|t:|1760407267
|switch|p2a: Tyranitar|Tyranitar, F, shiny|100/100
|-weather|Sandstorm|[from] ability: Sand Stream|[of] p2a: Tyranitar
|move|p1a: Loveshine|Aurora Veil||[still]
|-fail|p1a: Loveshine
|
|-weather|Sandstorm|[upkeep]
|-damage|p1a: Loveshine|94/100|[from] Sandstorm
|upkeep
|turn|3
|
|t:|1760407277
|switch|p1a: Blade Quintology|Kingambit, F|100/100
|-activate|p1a: Blade Quintology|ability: Supreme Overlord
|-start|p1a: Blade Quintology|fallen1|[silent]
|move|p2a: Tyranitar|Dragon Dance|p2a: Tyranitar
|-boost|p2a: Tyranitar|atk|1
|-boost|p2a: Tyranitar|spe|1
|
|-weather|Sandstorm|[upkeep]
|upkeep
|turn|4
|
|t:|1760407281
|move|p2a: Tyranitar|Low Kick|p1a: Blade Quintology
|-supereffective|p1a: Blade Quintology
|-damage|p1a: Blade Quintology|0 fnt
|faint|p1a: Blade Quintology
|-end|p1a: Blade Quintology|fallen1|[silent]
|
|-weather|Sandstorm|[upkeep]
|upkeep
|
|t:|1760407285
|switch|p1a: Angel Densetsu|Dragonite, M|100/100
|turn|5
|
|t:|1760407290
|move|p2a: Tyranitar|Stone Edge|p1a: Angel Densetsu
|-supereffective|p1a: Angel Densetsu
|-damage|p1a: Angel Densetsu|7/100
|move|p1a: Angel Densetsu|Dragon Dance|p1a: Angel Densetsu
|-boost|p1a: Angel Densetsu|atk|1
|-boost|p1a: Angel Densetsu|spe|1
|
|-weather|Sandstorm|[upkeep]
|-damage|p1a: Angel Densetsu|1/100|[from] Sandstorm
|upkeep
|turn|6
|
|t:|1760407300
|switch|p2a: Rillaboom|Rillaboom, F|100/100
|-fieldstart|move: Grassy Terrain|[from] ability: Grassy Surge|[of] p2a: Rillaboom
|-enditem|p2a: Rillaboom|Grassy Seed
|-boost|p2a: Rillaboom|def|1|[from] item: Grassy Seed
|move|p1a: Angel Densetsu|Scale Shot|p2a: Rillaboom
|-damage|p2a: Rillaboom|85/100
|-damage|p2a: Rillaboom|69/100
|-damage|p2a: Rillaboom|54/100
|-crit|p2a: Rillaboom
|-damage|p2a: Rillaboom|17/100
|-hitcount|p2a: Rillaboom|4
|-unboost|p1a: Angel Densetsu|def|1
|-boost|p1a: Angel Densetsu|spe|1
|
|-weather|none
|-heal|p2a: Rillaboom|23/100|[from] Grassy Terrain
|upkeep
|turn|7
|
|t:|1760407313
|move|p2a: Rillaboom|Grassy Glide|p1a: Angel Densetsu
|-resisted|p1a: Angel Densetsu
|-damage|p1a: Angel Densetsu|0 fnt
|faint|p1a: Angel Densetsu
|
|-heal|p2a: Rillaboom|29/100|[from] Grassy Terrain
|upkeep
|
|t:|1760407317
|switch|p1a: I Believe|Enamorus, F|100/100
|turn|8
|
|t:|1760407326
|move|p2a: Rillaboom|Grassy Glide|p1a: I Believe
|-resisted|p1a: I Believe
|-crit|p1a: I Believe
|-damage|p1a: I Believe|55/100
|move|p1a: I Believe|Moonblast|p2a: Rillaboom
|-damage|p2a: Rillaboom|0 fnt
|faint|p2a: Rillaboom
|
|upkeep
|
|t:|1760407345
|switch|p2a: Yanmega|Yanmega, F|100/100
|turn|9
|
|t:|1760407353
|move|p2a: Yanmega|Protect|p2a: Yanmega
|-singleturn|p2a: Yanmega|Protect
|move|p1a: I Believe|Moonblast|p2a: Yanmega
|-activate|p2a: Yanmega|move: Protect
|
|-ability|p2a: Yanmega|Speed Boost|boost
|-boost|p2a: Yanmega|spe|1
|upkeep
|turn|10
|
|t:|1760407369
|move|p1a: I Believe|Moonblast|p2a: Yanmega
|-damage|p2a: Yanmega|9/100
|-unboost|p2a: Yanmega|spa|1
|move|p2a: Yanmega|Air Slash|p1a: I Believe
|-damage|p1a: I Believe|17/100
|
|-fieldend|move: Grassy Terrain
|-ability|p2a: Yanmega|Speed Boost|boost
|-boost|p2a: Yanmega|spe|1
|upkeep
|turn|11
|
|t:|1760407383
|move|p2a: Yanmega|Protect|p2a: Yanmega
|-singleturn|p2a: Yanmega|Protect
|move|p1a: I Believe|Moonblast|p2a: Yanmega
|-activate|p2a: Yanmega|move: Protect
|
|-ability|p2a: Yanmega|Speed Boost|boost
|-boost|p2a: Yanmega|spe|1
|upkeep
|turn|12
|inactive|310YM4N74N3R0 has 120 seconds left.
|
|t:|1760407411
|switch|p1a: Loveshine|Ninetales-Alola, F|94/100
|-weather|Snowscape|[from] ability: Snow Warning|[of] p1a: Loveshine
|move|p2a: Yanmega|Bug Buzz|p1a: Loveshine
|-resisted|p1a: Loveshine
|-damage|p1a: Loveshine|78/100
|-enditem|p2a: Yanmega|Throat Spray
|-boost|p2a: Yanmega|spa|1|[from] item: Throat Spray
|
|-weather|Snowscape|[upkeep]
|-ability|p2a: Yanmega|Speed Boost|boost
|-boost|p2a: Yanmega|spe|1
|upkeep
|turn|13
|
|t:|1760407418
|switch|p2a: Tyranitar|Tyranitar, F, shiny|100/100
|-weather|Sandstorm|[from] ability: Sand Stream|[of] p2a: Tyranitar
|switch|p1a: I Believe|Enamorus, F|17/100
|
|-weather|Sandstorm|[upkeep]
|-damage|p1a: I Believe|11/100|[from] Sandstorm
|upkeep
|turn|14
|
|t:|1760407433
|switch|p2a: Blastoise|Blastoise, M|100/100
|move|p1a: I Believe|Moonblast|p2a: Blastoise
|-damage|p2a: Blastoise|36/100
|-unboost|p2a: Blastoise|spa|1
|
|-weather|Sandstorm|[upkeep]
|-damage|p1a: I Believe|5/100|[from] Sandstorm
|-damage|p2a: Blastoise|30/100|[from] Sandstorm
|upkeep
|turn|15
|
|t:|1760407440
|move|p1a: I Believe|Moonblast|p2a: Blastoise
|-damage|p2a: Blastoise|0 fnt
|faint|p2a: Blastoise
|
|-weather|Sandstorm|[upkeep]
|-damage|p1a: I Believe|0 fnt|[from] Sandstorm
|faint|p1a: I Believe
|upkeep
|
|t:|1760407449
|switch|p1a: Loveshine|Ninetales-Alola, F|78/100
|switch|p2a: Indeedee|Indeedee, M|100/100
|-fieldstart|move: Psychic Terrain|[from] ability: Psychic Surge|[of] p2a: Indeedee
|-weather|Snowscape|[from] ability: Snow Warning|[of] p1a: Loveshine
|turn|16
|
|t:|1760407456
|move|p2a: Indeedee|Expanding Force|p1a: Loveshine
|-damage|p1a: Loveshine|0 fnt
|faint|p1a: Loveshine
|
|-weather|Snowscape|[upkeep]
|upkeep
|
|t:|1760407458
|switch|p1a: Bells out the Bax|Kyurem|100/100
|-ability|p1a: Bells out the Bax|Pressure
|turn|17
|
|t:|1760407463
|move|p2a: Indeedee|Expanding Force|p1a: Bells out the Bax
|-damage|p1a: Bells out the Bax|28/100
|move|p1a: Bells out the Bax|Dragon Dance|p1a: Bells out the Bax
|-boost|p1a: Bells out the Bax|atk|1
|-boost|p1a: Bells out the Bax|spe|1
|
|-weather|Snowscape|[upkeep]
|upkeep
|turn|18
|
|t:|1760407467
|move|p2a: Indeedee|Expanding Force|p1a: Bells out the Bax
|-damage|p1a: Bells out the Bax|0 fnt
|faint|p1a: Bells out the Bax
|
|win|310YM4N74N3R0
|raw|Wrath of the Turks's rating: 1638 &rarr; <strong>1618</strong><br />(-20 for losing)
|raw|310YM4N74N3R0's rating: 1632 &rarr; <strong>1652</strong><br />(+20 for winning)
|l|☆Wrath of the Turks
|player|p1|
|l|☆310YM4N74N3R0
|player|p2|
