|j|☆n.silver
|j|☆lebrondajoo
|t:|1760354286
|gametype|singles
|player|p1|n.silver|170|1442
|player|p2|lebrondajoo|hoopster|1451
|gen|9
|tier|[Gen 9] OU
|rated|
|rule|HP Percentage Mod: HP is shown in percentages
|rule|Endless Battle Clause: Forcing endless battles is banned
|rule|Species Clause: Limit one of each Pokémon
|rule|OHKO Clause: OHKO moves are banned
|rule|Evasion Items Clause: Evasion items are banned
|rule|Evasion Moves Clause: Evasion moves are banned
|rule|Evasion Abilities Clause: Evasion abilities are banned
|rule|Sleep Moves Clause: Sleep-inducing moves are banned
|clearpoke
|poke|p1|Azumarill, M|
|poke|p1|Cinderace, M|
|poke|p1|Serperior, F|
|poke|p1|Clefable, M|
|poke|p1|Walking Wake|
|poke|p1|Landorus-Therian, M|
|poke|p2|Gliscor, F|
|poke|p2|Meowscarada, M|
|poke|p2|Ogerpon-Wellspring, F|
|poke|p2|Great Tusk|
|poke|p2|Pecharunt|
|poke|p2|Kingambit, M|
|teampreview
|inactive|Battle timer is ON: inactive players will automatically lose when time's up. (requested by n.silver)
|
|t:|1760354306
|teamsize|p1|6
|teamsize|p2|6
|start
|switch|p1a: Cinderace|Cinderace, M|100/100
|switch|p2a: Meowscarada|Meowscarada, M|100/100
|turn|1
|
|t:|1760354314
|move|p2a: Meowscarada|U-turn|p1a: Cinderace
|-start|p2a: Meowscarada|typechange|Bug|[from] ability: Protean
|-resisted|p1a: Cinderace
|-damage|p1a: Cinderace|75/100
|
|t:|1760354320
|switch|p2a: Great Tusk|Great Tusk|100/100|[from] U-turn
|move|p1a: Cinderace|U-turn|p2a: Great Tusk
|-start|p1a: Cinderace|typechange|Bug|[from] ability: Libero
|-resisted|p2a: Great Tusk
|-damage|p2a: Great Tusk|81/100
|-damage|p1a: Cinderace|59/100|[from] item: Rocky Helmet|[of] p2a: Great Tusk
|
|t:|1760354345
|switch|p1a: Clefable|Clefable, M|100/100|[from] U-turn
|
|upkeep
|turn|2
|inactive|lebrondajoo has 120 seconds left.
|
|t:|1760354395
|-end|p2a: Great Tusk|Protosynthesis|[silent]
|switch|p2a: Pecharunt|Pecharunt|100/100
|move|p1a: Clefable|Thunder Wave|p2a: Pecharunt
|-status|p2a: Pecharunt|par
|
|upkeep
|turn|3
|
|t:|1760354410
|switch|p1a: Landorus|Landorus-Therian, M|100/100
|-ability|p1a: Landorus|Intimidate|boost
|-unboost|p2a: Pecharunt|atk|1
|move|p2a: Pecharunt|Malignant Chain|p1a: Landorus
|-resisted|p1a: Landorus
|-damage|p1a: Landorus|81/100
|
|upkeep
|turn|4
|inactive|lebrondajoo has 120 seconds left.
|
|t:|1760354427
|switch|p2a: Gliscor|Gliscor, F|100/100
|-terastallize|p1a: Landorus|Poison
|move|p1a: Landorus|Earth Power|p2a: Gliscor
|-immune|p2a: Gliscor
|
|-status|p2a: Gliscor|tox|[from] item: Toxic Orb
|upkeep
|turn|5
|inactive|lebrondajoo has 120 seconds left.
|
|t:|1760354439
|move|p1a: Landorus|Stealth Rock|p2a: Gliscor
|-sidestart|p2: lebrondajoo|move: Stealth Rock
|move|p2a: Gliscor|Earthquake|p1a: Landorus
|-supereffective|p1a: Landorus
|-damage|p1a: Landorus|8/100
|
|upkeep
|turn|6
|inactive|lebrondajoo has 120 seconds left.
|
|t:|1760354457
|switch|p1a: Walking Wake|Walking Wake|100/100
|-enditem|p1a: Walking Wake|Booster Energy
|-activate|p1a: Walking Wake|ability: Protosynthesis|[fromitem]
|-start|p1a: Walking Wake|protosynthesisatk
|move|p2a: Gliscor|Spikes|p1a: Walking Wake
|-sidestart|p1: n.silver|Spikes
|
|upkeep
|turn|7
|inactive|lebrondajoo has 120 seconds left.
|
|t:|1760354472
|switch|p2a: Pecharunt|Pecharunt|100/100 par
|move|p1a: Walking Wake|Dragon Dance|p1a: Walking Wake
|-boost|p1a: Walking Wake|atk|1
|-boost|p1a: Walking Wake|spe|1
|
|upkeep
|turn|8
|
|t:|1760354479
|move|p1a: Walking Wake|Knock Off|p2a: Pecharunt
|-supereffective|p2a: Pecharunt
|-damage|p2a: Pecharunt|33/100 par
|-enditem|p2a: Pecharunt|Heavy-Duty Boots|[from] move: Knock Off|[of] p1a: Walking Wake
|move|p2a: Pecharunt|Malignant Chain|p1a: Walking Wake
|-damage|p1a: Walking Wake|59/100
|
|upkeep
|turn|9
|
|t:|1760354488
|move|p1a: Walking Wake|Liquidation|p2a: Pecharunt
|-damage|p2a: Pecharunt|0 fnt
|faint|p2a: Pecharunt
|
|upkeep
|
|t:|1760354492
|switch|p2a: Meowscarada|Meowscarada, M|100/100
|-damage|p2a: Meowscarada|88/100|[from] Stealth Rock
|turn|10
|
|t:|1760354504
|-end|p1a: Walking Wake|Protosynthesis|[silent]
|switch|p1a: Landorus|Landorus-Therian, M, tera:Poison|8/100
|-damage|p1a: Landorus|0 fnt|[from] Spikes
|faint|p1a: Landorus
|move|p2a: Meowscarada|Flower Trick|p1: Landorus|[notarget]
|-fail|p2a: Meowscarada
|
|upkeep
|
|t:|1760354516
|switch|p1a: Clefable|Clefable, M|100/100
|turn|11
|
|t:|1760354525
|switch|p2a: Gliscor|Gliscor, F|100/100 tox
|-damage|p2a: Gliscor|88/100 tox|[from] Stealth Rock
|move|p1a: Clefable|Draining Kiss|p2a: Gliscor
|-damage|p2a: Gliscor|61/100 tox
|
|-heal|p2a: Gliscor|74/100 tox|[from] ability: Poison Heal
|upkeep
|turn|12
|
|t:|1760354534
|move|p2a: Gliscor|Earthquake|p1a: Clefable
|-damage|p1a: Clefable|63/100
|move|p1a: Clefable|Calm Mind|p1a: Clefable
|-boost|p1a: Clefable|spa|1
|-boost|p1a: Clefable|spd|1
|
|-heal|p2a: Gliscor|86/100 tox|[from] ability: Poison Heal
|upkeep
|turn|13
|
|t:|1760354544
|switch|p2a: Kingambit|Kingambit, M|100/100
|-damage|p2a: Kingambit|94/100|[from] Stealth Rock
|-activate|p2a: Kingambit|ability: Supreme Overlord
|-start|p2a: Kingambit|fallen1|[silent]
|move|p1a: Clefable|Draining Kiss|p2a: Kingambit
|-damage|p2a: Kingambit|45/100
|-heal|p1a: Clefable|95/100|[from] drain|[of] p2a: Kingambit
|
|-heal|p2a: Kingambit|51/100|[from] item: Leftovers
|upkeep
|turn|14
|
|t:|1760354556
|move|p2a: Kingambit|Iron Head|p1a: Clefable
|-supereffective|p1a: Clefable
|-damage|p1a: Clefable|0 fnt
|faint|p1a: Clefable
|
|-heal|p2a: Kingambit|57/100|[from] item: Leftovers
|upkeep
|
|t:|1760354571
|switch|p1a: Azumarill|Azumarill, M|100/100
|-damage|p1a: Azumarill|88/100|[from] Spikes
|turn|15
|
|t:|1760354582
|-end|p2a: Kingambit|fallen1|[silent]
|switch|p2a: Great Tusk|Great Tusk|81/100
|-damage|p2a: Great Tusk|78/100|[from] Stealth Rock
|move|p1a: Azumarill|Charm|p2a: Great Tusk
|-unboost|p2a: Great Tusk|atk|2
|
|upkeep
|turn|16
|
|t:|1760354591
|move|p2a: Great Tusk|Rapid Spin|p1a: Azumarill
|-damage|p1a: Azumarill|80/100
|-boost|p2a: Great Tusk|spe|1
|-sideend|p2: lebrondajoo|Stealth Rock|[from] move: Rapid Spin|[of] p2a: Great Tusk
|move|p1a: Azumarill|Belly Drum|p1a: Azumarill
|-damage|p1a: Azumarill|30/100
|-setboost|p1a: Azumarill|atk|6|[from] move: Belly Drum
|-enditem|p1a: Azumarill|Sitrus Berry|[eat]
|-heal|p1a: Azumarill|55/100|[from] item: Sitrus Berry
|
|upkeep
|turn|17
|
|t:|1760354602
|-end|p2a: Great Tusk|Protosynthesis|[silent]
|switch|p2a: Ogerpon|Ogerpon-Wellspring, F|100/100
|move|p1a: Azumarill|Charm|p2a: Ogerpon
|-unboost|p2a: Ogerpon|atk|2
|
|upkeep
|turn|18
|
|t:|1760354611
|switch|p2a: Meowscarada|Meowscarada, M|88/100
|move|p1a: Azumarill|Play Rough|p2a: Meowscarada
|-supereffective|p2a: Meowscarada
|-crit|p2a: Meowscarada
|-damage|p2a: Meowscarada|0 fnt
|faint|p2a: Meowscarada
|
|upkeep
|
|t:|1760354616
|switch|p2a: Ogerpon|Ogerpon-Wellspring, F|100/100
|turn|19
|
|t:|1760354628
|move|p2a: Ogerpon|Horn Leech|p1a: Azumarill
|-supereffective|p1a: Azumarill
|-damage|p1a: Azumarill|0 fnt
|faint|p1a: Azumarill
|
|upkeep
|
|t:|1760354636
|switch|p1a: Cinderace|Cinderace, M|59/100
|-damage|p1a: Cinderace|46/100|[from] Spikes
|turn|20
|
|t:|1760354641
|switch|p2a: Great Tusk|Great Tusk|78/100
|move|p1a: Cinderace|U-turn|p2a: Great Tusk
|-start|p1a: Cinderace|typechange|Bug|[from] ability: Libero
|-resisted|p2a: Great Tusk
|-damage|p2a: Great Tusk|58/100
|-damage|p1a: Cinderace|30/100|[from] item: Rocky Helmet|[of] p2a: Great Tusk
|
|t:|1760354650
|switch|p1a: Serperior|Serperior, F|100/100|[from] U-turn
|-damage|p1a: Serperior|88/100|[from] Spikes
|
|-heal|p1a: Serperior|94/100|[from] item: Leftovers
|upkeep
|turn|21
|
|t:|1760354665
|-terastallize|p2a: Great Tusk|Steel
|move|p1a: Serperior|Leaf Storm|p2a: Great Tusk
|-resisted|p2a: Great Tusk
|-damage|p2a: Great Tusk|31/100
|-boost|p1a: Serperior|spa|2
|move|p2a: Great Tusk|Ice Spinner|p1a: Serperior
|-supereffective|p1a: Serperior
|-damage|p1a: Serperior|29/100
|
|-heal|p1a: Serperior|35/100|[from] item: Leftovers
|upkeep
|turn|22
|
|t:|1760354681
|move|p1a: Serperior|Glare|p2a: Great Tusk
|-status|p2a: Great Tusk|par
|move|p2a: Great Tusk|Ice Spinner|p1a: Serperior
|-supereffective|p1a: Serperior
|-damage|p1a: Serperior|0 fnt
|faint|p1a: Serperior
|
|upkeep
|c|☆lebrondajoo|???
|
|t:|1760354691
|switch|p1a: Walking Wake|Walking Wake|59/100
|-damage|p1a: Walking Wake|47/100|[from] Spikes
|turn|23
|
|t:|1760354700
|move|p1a: Walking Wake|Dragon Dance|p1a: Walking Wake
|-boost|p1a: Walking Wake|atk|1
|-boost|p1a: Walking Wake|spe|1
|move|p2a: Great Tusk|Headlong Rush|p1a: Walking Wake
|-damage|p1a: Walking Wake|0 fnt
|-unboost|p2a: Great Tusk|def|1
|-unboost|p2a: Great Tusk|spd|1
|faint|p1a: Walking Wake
|-end|p1a: Walking Wake|Protosynthesis|[silent]
|
|upkeep
|
|t:|1760354709
|switch|p1a: Cinderace|Cinderace, M|30/100
|-damage|p1a: Cinderace|17/100|[from] Spikes
|turn|24
|
|t:|1760354714
|move|p1a: Cinderace|Pyro Ball|p2a: Great Tusk
|-supereffective|p2a: Great Tusk
|-damage|p2a: Great Tusk|0 fnt
|faint|p2a: Great Tusk
|-end|p2a: Great Tusk|Protosynthesis|[silent]
|
|upkeep
|
|t:|1760354721
|switch|p2a: Ogerpon|Ogerpon-Wellspring, F|100/100
|turn|25
|
|t:|1760354724
|move|p1a: Cinderace|Pyro Ball|p2a: Ogerpon
|-damage|p2a: Ogerpon|0 fnt
|faint|p2a: Ogerpon
|
|upkeep
|
|t:|1760354727
|switch|p2a: Gliscor|Gliscor, F|86/100 tox
|turn|26
|
|t:|1760354731
|move|p1a: Cinderace|Pyro Ball|p2a: Gliscor
|-damage|p2a: Gliscor|19/100 tox
|move|p2a: Gliscor|Earthquake|p1a: Cinderace
|-supereffective|p1a: Cinderace
|-damage|p1a: Cinderace|0 fnt
|faint|p1a: Cinderace
|
|win|lebrondajoo
|raw|n.silver's rating: 1442 &rarr; <strong>1423</strong><br />(-19 for losing)
|raw|lebrondajoo's rating: 1451 &rarr; <strong>1470</strong><br />(+19 for winning)
|l|☆lebrondajoo
|player|p2|
|l|☆n.silver
|player|p1|
