|j|☆neuroticbasil
|j|☆758lboss
|t:|1760451311
|gametype|singles
|player|p1|neuroticbasil|169|1128
|player|p2|758lboss|blue|1145
|gen|9
|tier|[Gen 9] OU
|rated|
|rule|HP Percentage Mod: HP is shown in percentages
|rule|Endless Battle Clause: Forcing endless battles is banned
|rule|Species Clause: Limit one of each Pokémon
|rule|OHKO Clause: OHKO moves are banned
|rule|Evasion Items Clause: Evasion items are banned
|rule|Evasion Moves Clause: Evasion moves are banned
|rule|Evasion Abilities Clause: Evasion abilities are banned
|rule|Sleep Moves Clause: Sleep-inducing moves are banned
|clearpoke
|poke|p1|Comfey, F|
|poke|p1|Whimsicott, M|
|poke|p1|Iron Moth|
|poke|p1|Walking Wake|
|poke|p1|Great Tusk|
|poke|p1|Ninetales, M|
|poke|p2|Snorlax, M|
|poke|p2|Raichu, M|
|poke|p2|Blastoise, M|
|poke|p2|Venusaur, M|
|poke|p2|Arcanine, F|
|poke|p2|Dodrio, F|
|teampreview
|inactive|Battle timer is ON: inactive players will automatically lose when time's up. (requested by neuroticbasil)
|
|t:|1760451315
|teamsize|p1|6
|teamsize|p2|6
|start
|switch|p1a: Ninetales|Ninetales, M|100/100
|switch|p2a: Raichu|Raichu, M|100/100
|-weather|SunnyDay|[from] ability: Drought|[of] p1a: Ninetales
|turn|1
|
|t:|1760451324
|switch|p1a: Perenesi|Whimsicott, M, shiny|100/100
|move|p2a: Raichu|Fake Out|p1a: Perenesi
|-crit|p1a: Perenesi
|-damage|p1a: Perenesi|81/100
|
|-weather|SunnyDay|[upkeep]
|upkeep
|turn|2
|
|t:|1760451331
|move|p1a: Perenesi|Growth|p1a: Perenesi
|-boost|p1a: Perenesi|atk|2
|-boost|p1a: Perenesi|spa|2
|move|p2a: Raichu|Thunder Wave|p1a: Perenesi
|-status|p1a: Perenesi|par
|
|-weather|SunnyDay|[upkeep]
|upkeep
|turn|3
|
|t:|1760451345
|switch|p2a: Dodrio|Dodrio, F|100/100
|move|p1a: Perenesi|Moonblast|p2a: Dodrio
|-enditem|p2a: Dodrio|Focus Sash
|-damage|p2a: Dodrio|1/100
|-unboost|p2a: Dodrio|spa|1
|-damage|p1a: Perenesi|71/100 par|[from] item: Life Orb
|
|-weather|SunnyDay|[upkeep]
|upkeep
|turn|4
|
|t:|1760451359
|-terastallize|p1a: Perenesi|Ghost
|move|p2a: Dodrio|Endeavor|p1a: Perenesi
|-immune|p1a: Perenesi
|move|p1a: Perenesi|Giga Drain|p2a: Dodrio
|-resisted|p2a: Dodrio
|-damage|p2a: Dodrio|0 fnt
|-heal|p1a: Perenesi|72/100 par|[from] drain|[of] p2a: Dodrio
|faint|p2a: Dodrio
|-damage|p1a: Perenesi|62/100 par|[from] item: Life Orb
|
|-weather|SunnyDay|[upkeep]
|upkeep
|
|t:|1760451376
|switch|p2a: Raichu|Raichu, M|100/100
|turn|5
|
|t:|1760451382
|switch|p2a: Snorlax|Snorlax, M|100/100
|cant|p1a: Perenesi|par
|
|-weather|SunnyDay|[upkeep]
|upkeep
|turn|6
|
|t:|1760451390
|cant|p1a: Perenesi|par
|move|p2a: Snorlax|Earthquake|p1a: Perenesi
|-damage|p1a: Perenesi|19/100 par
|
|-weather|SunnyDay|[upkeep]
|upkeep
|turn|7
|
|t:|1760451397
|cant|p1a: Perenesi|par
|move|p2a: Snorlax|Earthquake|p1a: Perenesi
|-damage|p1a: Perenesi|0 fnt
|faint|p1a: Perenesi
|
|-weather|SunnyDay|[upkeep]
|upkeep
|
|t:|1760451414
|switch|p1a: Iron Moth|Iron Moth|100/100
|-enditem|p1a: Iron Moth|Booster Energy
|-activate|p1a: Iron Moth|ability: Quark Drive|[fromitem]
|-start|p1a: Iron Moth|quarkdrivespa
|turn|8
|
|t:|1760451426
|move|p1a: Iron Moth|Overheat|p2a: Snorlax
|-damage|p2a: Snorlax|18/100
|-unboost|p1a: Iron Moth|spa|2
|move|p2a: Snorlax|Earthquake|p1a: Iron Moth
|-supereffective|p1a: Iron Moth
|-damage|p1a: Iron Moth|0 fnt
|faint|p1a: Iron Moth
|-end|p1a: Iron Moth|Quark Drive|[silent]
|
|-weather|none
|-heal|p2a: Snorlax|24/100|[from] item: Leftovers
|upkeep
|
|t:|1760451438
|switch|p1a: Ninetales|Ninetales, M|100/100
|-weather|SunnyDay|[from] ability: Drought|[of] p1a: Ninetales
|turn|9
|
|t:|1760451443
|move|p1a: Ninetales|Weather Ball|p2a: Snorlax
|-damage|p2a: Snorlax|0 fnt
|faint|p2a: Snorlax
|
|-weather|SunnyDay|[upkeep]
|upkeep
|
|t:|1760451449
|switch|p2a: Venusaur|Venusaur, M|100/100
|turn|10
|
|t:|1760451460
|switch|p2a: Blastoise|Blastoise, M|100/100
|switch|p1a: Walking Wake|Walking Wake|100/100
|-activate|p1a: Walking Wake|ability: Protosynthesis
|-start|p1a: Walking Wake|protosynthesisspe
|
|-weather|SunnyDay|[upkeep]
|upkeep
|turn|11
|
|t:|1760451472
|move|p1a: Walking Wake|Draco Meteor|p2a: Blastoise
|-damage|p2a: Blastoise|50/100
|-unboost|p1a: Walking Wake|spa|2
|move|p2a: Blastoise|Flash Cannon|p1a: Walking Wake
|-resisted|p1a: Walking Wake
|-damage|p1a: Walking Wake|93/100
|
|-weather|SunnyDay|[upkeep]
|upkeep
|turn|12
|
|t:|1760451482
|move|p1a: Walking Wake|Flip Turn|p2a: Blastoise
|-resisted|p2a: Blastoise
|-damage|p2a: Blastoise|46/100
|-damage|p1a: Walking Wake|76/100|[from] item: Rocky Helmet|[of] p2a: Blastoise
|
|t:|1760451488
|-end|p1a: Walking Wake|Protosynthesis|[silent]
|switch|p1a: Basil|Comfey, F|100/100|[from] Flip Turn
|move|p2a: Blastoise|Dragon Pulse|p1a: Basil
|-immune|p1a: Basil
|
|-weather|SunnyDay|[upkeep]
|upkeep
|turn|13
|
|t:|1760451496
|move|p1a: Basil|Growth|p1a: Basil
|-boost|p1a: Basil|atk|2
|-boost|p1a: Basil|spa|2
|move|p2a: Blastoise|Flash Cannon|p1a: Basil
|-supereffective|p1a: Basil
|-damage|p1a: Basil|55/100
|-unboost|p1a: Basil|spd|1
|
|-weather|SunnyDay|[upkeep]
|upkeep
|turn|14
|
|t:|1760451505
|move|p1a: Basil|Draining Kiss|p2a: Blastoise
|-crit|p2a: Blastoise
|-damage|p2a: Blastoise|0 fnt
|-heal|p1a: Basil|88/100|[from] drain|[of] p2a: Blastoise
|-damage|p1a: Basil|72/100|[from] item: Rocky Helmet|[of] p2a: Blastoise
|faint|p2a: Blastoise
|-damage|p1a: Basil|62/100|[from] item: Life Orb
|
|-weather|SunnyDay|[upkeep]
|upkeep
|
|t:|1760451515
|switch|p2a: Raichu|Raichu, M|100/100
|turn|15
|
|t:|1760451518
|move|p2a: Raichu|Fake Out|p1a: Basil
|-damage|p1a: Basil|49/100
|cant|p1a: Basil|flinch
|
|-weather|SunnyDay|[upkeep]
|upkeep
|turn|16
|
|t:|1760451528
|move|p1a: Basil|Draining Kiss|p2a: Raichu
|-damage|p2a: Raichu|21/100
|-heal|p1a: Basil|100/100|[from] drain|[of] p2a: Raichu
|-damage|p1a: Basil|91/100|[from] item: Life Orb
|move|p2a: Raichu|Thunder Wave|p1a: Basil
|-status|p1a: Basil|par
|
|-weather|none
|upkeep
|turn|17
|
|t:|1760451538
|move|p1a: Basil|Draining Kiss|p2a: Raichu
|-damage|p2a: Raichu|0 fnt
|-heal|p1a: Basil|100/100 par|[from] drain|[of] p2a: Raichu
|faint|p2a: Raichu
|-damage|p1a: Basil|91/100 par|[from] item: Life Orb
|
|upkeep
|
|t:|1760451545
|switch|p2a: Arcanine|Arcanine, F|100/100
|-ability|p2a: Arcanine|Intimidate|boost
|-unboost|p1a: Basil|atk|1
|turn|18
|
|t:|1760451551
|move|p2a: Arcanine|Flare Blitz|p1a: Basil
|-damage|p1a: Basil|28/100 par
|-damage|p2a: Arcanine|81/100|[from] Recoil
|move|p1a: Basil|Stored Power|p2a: Arcanine
|-crit|p2a: Arcanine
|-damage|p2a: Arcanine|0 fnt
|faint|p2a: Arcanine
|-damage|p1a: Basil|19/100 par|[from] item: Life Orb
|
|upkeep
|
|t:|1760451561
|switch|p2a: Venusaur|Venusaur, M|100/100
|turn|19
|
|t:|1760451566
|move|p1a: Basil|Synthesis|p1a: Basil
|-heal|p1a: Basil|68/100 par
|move|p2a: Venusaur|Sludge Bomb|p1a: Basil
|-supereffective|p1a: Basil
|-damage|p1a: Basil|0 fnt
|faint|p1a: Basil
|
|upkeep
|
|t:|1760451572
|switch|p1a: Ninetales|Ninetales, M|100/100
|-weather|SunnyDay|[from] ability: Drought|[of] p1a: Ninetales
|turn|20
|
|t:|1760451578
|move|p2a: Venusaur|Sludge Bomb|p1a: Ninetales
|-damage|p1a: Ninetales|43/100
|move|p1a: Ninetales|Weather Ball|p2a: Venusaur
|-supereffective|p2a: Venusaur
|-damage|p2a: Venusaur|26/100
|
|-weather|SunnyDay|[upkeep]
|upkeep
|turn|21
|
|t:|1760451586
|move|p2a: Venusaur|Sludge Bomb|p1a: Ninetales
|-damage|p1a: Ninetales|0 fnt
|faint|p1a: Ninetales
|
|-weather|SunnyDay|[upkeep]
|upkeep
|
|t:|1760451590
|switch|p1a: Great Tusk|Great Tusk|100/100
|-activate|p1a: Great Tusk|ability: Protosynthesis
|-start|p1a: Great Tusk|protosynthesisspe
|turn|22
|
|t:|1760451600
|-terastallize|p2a: Venusaur|Grass
|move|p1a: Great Tusk|Ice Spinner|p2a: Venusaur
|-supereffective|p2a: Venusaur
|-damage|p2a: Venusaur|0 fnt
|faint|p2a: Venusaur
|
|win|neuroticbasil
|raw|neuroticbasil's rating: 1128 &rarr; <strong>1154</strong><br />(+26 for winning)
|raw|758lboss's rating: 1145 &rarr; <strong>1119</strong><br />(-26 for losing)
|l|☆neuroticbasil
|player|p1|
|c|☆758lboss|gg
|l|☆758lboss
|player|p2|
