|j|☆ChriszGOAT
|j|☆Quenah
|t:|1760458481
|gametype|singles
|player|p1|ChriszGOAT|crasherwake|1136
|player|p2|Quenah|2|1125
|gen|9
|tier|[Gen 9] OU
|rated|
|rule|HP Percentage Mod: HP is shown in percentages
|rule|Endless Battle Clause: Forcing endless battles is banned
|rule|Species Clause: Limit one of each Pokémon
|rule|OHKO Clause: OHKO moves are banned
|rule|Evasion Items Clause: Evasion items are banned
|rule|Evasion Moves Clause: Evasion moves are banned
|rule|Evasion Abilities Clause: Evasion abilities are banned
|rule|Sleep Moves Clause: Sleep-inducing moves are banned
|clearpoke
|poke|p1|Infernape, M|
|poke|p1|Zarude-Dada|
|poke|p1|Rillaboom, M|
|poke|p1|Passimian, F|
|poke|p1|Primeape, M|
|poke|p1|Munkidori, M|
|poke|p2|Serperior, M|
|poke|p2|Ceruledge, M|
|poke|p2|Mudsdale, M|
|poke|p2|Noivern, F|
|poke|p2|Dedenne, M|
|poke|p2|Gengar, F|
|teampreview
|
|t:|1760458484
|teamsize|p1|6
|teamsize|p2|6
|start
|switch|p1a: The ball toucher|Passimian, F|100/100
|switch|p2a: Noivern|Noivern, F|100/100
|turn|1
|
|t:|1760458497
|move|p1a: The ball toucher|Knock Off|p2a: Noivern
|-damage|p2a: Noivern|59/100
|-enditem|p2a: Noivern|Expert Belt|[from] move: Knock Off|[of] p1a: The ball toucher
|move|p2a: Noivern|Air Slash|p1a: The ball toucher
|-supereffective|p1a: The ball toucher
|-damage|p1a: The ball toucher|3/100
|
|upkeep
|turn|2
|
|t:|1760458514
|switch|p1a: Munkisnorey|Munkidori, M|100/100
|move|p2a: Noivern|Boomburst|p1a: Munkisnorey
|-damage|p1a: Munkisnorey|55/100
|
|upkeep
|turn|3
|
|t:|1760458525
|move|p2a: Noivern|Boomburst|p1a: Munkisnorey
|-damage|p1a: Munkisnorey|11/100
|move|p1a: Munkisnorey|Psychic|p2a: Noivern
|-damage|p2a: Noivern|0 fnt
|faint|p2a: Noivern
|
|upkeep
|
|t:|1760458536
|switch|p2a: Gengar|Gengar, F|100/100
|turn|4
|
|t:|1760458543
|switch|p1a: The ball toucher|Passimian, F|3/100
|move|p2a: Gengar|Hex|p1a: The ball toucher
|-damage|p1a: The ball toucher|0 fnt
|faint|p1a: The ball toucher
|
|upkeep
|inactive|Battle timer is ON: inactive players will automatically lose when time's up. (requested by Quenah)
|
|t:|1760458582
|switch|p1a: Temu Annihilape|Primeape, M|100/100
|turn|5
|
|t:|1760458587
|move|p2a: Gengar|Will-O-Wisp|p1a: Temu Annihilape
|-status|p1a: Temu Annihilape|brn
|move|p1a: Temu Annihilape|Bulk Up|p1a: Temu Annihilape
|-boost|p1a: Temu Annihilape|atk|1
|-boost|p1a: Temu Annihilape|def|1
|
|-damage|p1a: Temu Annihilape|95/100 brn|[from] brn
|upkeep
|turn|6
|
|t:|1760458600
|move|p2a: Gengar|Hex|p1a: Temu Annihilape
|-damage|p1a: Temu Annihilape|34/100 brn
|move|p1a: Temu Annihilape|Bulk Up|p1a: Temu Annihilape
|-boost|p1a: Temu Annihilape|atk|1
|-boost|p1a: Temu Annihilape|def|1
|
|-damage|p1a: Temu Annihilape|28/100 brn|[from] brn
|upkeep
|turn|7
|-message|ChriszGOAT forfeited.
|
|win|Quenah
|raw|ChriszGOAT's rating: 1136 &rarr; <strong>1110</strong><br />(-26 for losing)
|raw|Quenah's rating: 1125 &rarr; <strong>1151</strong><br />(+26 for winning)
|l|☆ChriszGOAT
|player|p1|
|l|☆Quenah
|player|p2|
