|j|☆smilingkyogre
|j|☆the wonder of uu
|t:|1760406508
|gametype|singles
|player|p1|smilingkyogre|pokekid|1453
|player|p2|the wonder of uu|steven|1462
|gen|9
|tier|[Gen 9] OU
|rated|
|rule|HP Percentage Mod: HP is shown in percentages
|rule|Endless Battle Clause: Forcing endless battles is banned
|rule|Species Clause: Limit one of each Pokémon
|rule|OHKO Clause: OHKO moves are banned
|rule|Evasion Items Clause: Evasion items are banned
|rule|Evasion Moves Clause: Evasion moves are banned
|rule|Evasion Abilities Clause: Evasion abilities are banned
|rule|Sleep Moves Clause: Sleep-inducing moves are banned
|clearpoke
|poke|p1|Hatterene, F|
|poke|p1|Hydrapple, M|
|poke|p1|Kingambit, F|
|poke|p1|Great Tusk|
|poke|p1|Moltres|
|poke|p1|Zamazenta-*|
|poke|p2|Pelipper, F|
|poke|p2|Hatterene, F|
|poke|p2|Iron Treads|
|poke|p2|Toxicroak, F|
|poke|p2|Barraskewda, F|
|poke|p2|Zapdos|
|teampreview
|inactive|Battle timer is ON: inactive players will automatically lose when time's up. (requested by smilingkyogre)
|
|t:|1760406516
|teamsize|p1|6
|teamsize|p2|6
|start
|switch|p1a: Hydrapple|Hydrapple, M|100/100
|switch|p2a: Pelipper|Pelipper, F|100/100
|-weather|RainDance|[from] ability: Drizzle|[of] p2a: Pelipper
|turn|1
|
|t:|1760406524
|move|p1a: Hydrapple|Draco Meteor|p2a: Pelipper
|-damage|p2a: Pelipper|9/100
|-unboost|p1a: Hydrapple|spa|2
|move|p2a: Pelipper|Hurricane|p1a: Hydrapple
|-supereffective|p1a: Hydrapple
|-damage|p1a: Hydrapple|34/100
|-start|p1a: Hydrapple|confusion
|
|-weather|RainDance|[upkeep]
|upkeep
|turn|2
|
|t:|1760406537
|switch|p1a: Kingambit|Kingambit, F|100/100
|switch|p2a: Iron Treads|Iron Treads|100/100
|
|-weather|RainDance|[upkeep]
|upkeep
|turn|3
|
|t:|1760406546
|-end|p1a: Kingambit|fallenundefined|[silent]
|switch|p1a: Hatterene|Hatterene, F|100/100
|move|p2a: Iron Treads|Stealth Rock|p1a: Hatterene
|move|p1a: Hatterene|Stealth Rock|p2a: Iron Treads|[from] ability: Magic Bounce
|-sidestart|p2: the wonder of uu|move: Stealth Rock
|
|-weather|RainDance|[upkeep]
|upkeep
|turn|4
|
|t:|1760406556
|switch|p1a: Hydrapple|Hydrapple, M|67/100
|move|p2a: Iron Treads|Rapid Spin|p1a: Hydrapple
|-damage|p1a: Hydrapple|58/100
|-boost|p2a: Iron Treads|spe|1
|-sideend|p2: the wonder of uu|Stealth Rock|[from] move: Rapid Spin|[of] p2a: Iron Treads
|
|-weather|RainDance|[upkeep]
|upkeep
|turn|5
|
|t:|1760406564
|move|p2a: Iron Treads|Stealth Rock|p1a: Hydrapple
|-sidestart|p1: smilingkyogre|move: Stealth Rock
|move|p1a: Hydrapple|Leaf Storm|p2a: Iron Treads
|-damage|p2a: Iron Treads|22/100
|-unboost|p1a: Hydrapple|spa|2
|
|-weather|RainDance|[upkeep]
|-heal|p2a: Iron Treads|28/100|[from] item: Leftovers
|upkeep
|turn|6
|
|t:|1760406569
|switch|p1a: Great Tusk|Great Tusk|100/100
|-damage|p1a: Great Tusk|98/100|[from] Stealth Rock
|move|p2a: Iron Treads|Volt Switch|p1a: Great Tusk
|-immune|p1a: Great Tusk
|
|-weather|RainDance|[upkeep]
|-heal|p2a: Iron Treads|34/100|[from] item: Leftovers
|upkeep
|turn|7
|
|t:|1760406587
|-end|p2a: Iron Treads|Quark Drive|[silent]
|switch|p2a: Zapdos|Zapdos|100/100
|move|p1a: Great Tusk|Rapid Spin|p2a: Zapdos
|-damage|p2a: Zapdos|80/100
|-boost|p1a: Great Tusk|spe|1
|-sideend|p1: smilingkyogre|Stealth Rock|[from] move: Rapid Spin|[of] p1a: Great Tusk
|
|-weather|RainDance|[upkeep]
|upkeep
|turn|8
|
|t:|1760406599
|-end|p1a: Great Tusk|Protosynthesis|[silent]
|switch|p1a: Kingambit|Kingambit, F|100/100
|move|p2a: Zapdos|Hurricane|p1a: Kingambit
|-resisted|p1a: Kingambit
|-damage|p1a: Kingambit|61/100
|-start|p1a: Kingambit|confusion
|
|-weather|none
|-heal|p1a: Kingambit|67/100|[from] item: Leftovers
|upkeep
|turn|9
|
|t:|1760406604
|switch|p2a: Toxicroak|Toxicroak, F|100/100
|-activate|p1a: Kingambit|confusion
|-damage|p1a: Kingambit|54/100|[from] confusion
|
|-heal|p1a: Kingambit|60/100|[from] item: Leftovers
|upkeep
|turn|10
|
|t:|1760406613
|-end|p1a: Kingambit|fallenundefined|[silent]
|switch|p1a: Great Tusk|Great Tusk|98/100
|move|p2a: Toxicroak|Knock Off|p1a: Great Tusk
|-resisted|p1a: Great Tusk
|-damage|p1a: Great Tusk|89/100
|-damage|p2a: Toxicroak|84/100|[from] item: Rocky Helmet|[of] p1a: Great Tusk
|-enditem|p1a: Great Tusk|Rocky Helmet|[from] move: Knock Off|[of] p2a: Toxicroak
|
|upkeep
|turn|11
|
|t:|1760406624
|switch|p2a: Hatterene|Hatterene, F|100/100
|move|p1a: Great Tusk|Ice Spinner|p2a: Hatterene
|-damage|p2a: Hatterene|74/100
|-enditem|p2a: Hatterene|Eject Button
|
|t:|1760406629
|switch|p2a: Pelipper|Pelipper, F|9/100
|-weather|RainDance|[from] ability: Drizzle|[of] p2a: Pelipper
|
|-weather|RainDance|[upkeep]
|upkeep
|turn|12
|
|t:|1760406641
|switch|p2a: Toxicroak|Toxicroak, F|84/100
|move|p1a: Great Tusk|Ice Spinner|p2a: Toxicroak
|-damage|p2a: Toxicroak|58/100
|-damage|p1a: Great Tusk|72/100|[from] item: Rocky Helmet|[of] p2a: Toxicroak
|
|-weather|RainDance|[upkeep]
|-heal|p2a: Toxicroak|71/100|[from] ability: Dry Skin
|upkeep
|turn|13
|
|t:|1760406658
|switch|p2a: Zapdos|Zapdos|80/100
|move|p1a: Great Tusk|Headlong Rush|p2a: Zapdos
|-immune|p2a: Zapdos
|
|-weather|RainDance|[upkeep]
|upkeep
|turn|14
|
|t:|1760406663
|-end|p1a: Great Tusk|Protosynthesis|[silent]
|switch|p1a: Kingambit|Kingambit, F|60/100
|move|p2a: Zapdos|Weather Ball|p1a: Kingambit
|-damage|p1a: Kingambit|0 fnt
|faint|p1a: Kingambit
|-end|p1a: Kingambit|fallenundefined|[silent]
|
|-weather|RainDance|[upkeep]
|upkeep
|
|t:|1760406668
|switch|p1a: Hydrapple|Hydrapple, M|91/100
|turn|15
|
|t:|1760406678
|switch|p2a: Iron Treads|Iron Treads|34/100
|move|p1a: Hydrapple|Leaf Storm|p2a: Iron Treads
|-damage|p2a: Iron Treads|0 fnt
|-unboost|p1a: Hydrapple|spa|2
|faint|p2a: Iron Treads
|-end|p2a: Iron Treads|Quark Drive|[silent]
|
|-weather|RainDance|[upkeep]
|upkeep
|
|t:|1760406686
|switch|p2a: Zapdos|Zapdos|80/100
|turn|16
|inactive|smilingkyogre has 120 seconds left.
|
|t:|1760406717
|switch|p1a: Hatterene|Hatterene, F|100/100
|move|p2a: Zapdos|Hurricane|p1a: Hatterene
|-damage|p1a: Hatterene|13/100
|-start|p1a: Hatterene|confusion
|
|-weather|RainDance|[upkeep]
|upkeep
|turn|17
|inactive|smilingkyogre has 120 seconds left.
|-enditem|p1a: Hatterene|Custap Berry|[eat]
|-activate|p1a: Hatterene|item: Custap Berry|[consumed]
|
|t:|1760406727
|-activate|p1a: Hatterene|confusion
|-damage|p1a: Hatterene|5/100|[from] confusion
|move|p2a: Zapdos|Hurricane|p1a: Hatterene
|-damage|p1a: Hatterene|0 fnt
|faint|p1a: Hatterene
|
|-weather|RainDance|[upkeep]
|upkeep
|
|t:|1760406731
|switch|p1a: Hydrapple|Hydrapple, M|100/100
|turn|18
|
|t:|1760406745
|-terastallize|p2a: Zapdos|Flying
|-terastallize|p1a: Hydrapple|Steel
|move|p2a: Zapdos|Hurricane|p1a: Hydrapple
|-resisted|p1a: Hydrapple
|-damage|p1a: Hydrapple|44/100
|move|p1a: Hydrapple|Draco Meteor|p2a: Zapdos
|-damage|p2a: Zapdos|0 fnt
|-unboost|p1a: Hydrapple|spa|2
|faint|p2a: Zapdos
|
|-weather|none
|upkeep
|
|t:|1760406759
|switch|p2a: Pelipper|Pelipper, F|9/100
|-weather|RainDance|[from] ability: Drizzle|[of] p2a: Pelipper
|turn|19
|
|t:|1760406767
|move|p1a: Hydrapple|Draco Meteor|p2a: Pelipper
|-damage|p2a: Pelipper|0 fnt
|-unboost|p1a: Hydrapple|spa|2
|faint|p2a: Pelipper
|
|-weather|RainDance|[upkeep]
|upkeep
|
|t:|1760406777
|switch|p2a: Barraskewda|Barraskewda, F|100/100
|turn|20
|
|t:|1760406785
|switch|p1a: Great Tusk|Great Tusk|72/100
|move|p2a: Barraskewda|Liquidation|p1a: Great Tusk
|-supereffective|p1a: Great Tusk
|-crit|p1a: Great Tusk
|-damage|p1a: Great Tusk|0 fnt
|faint|p1a: Great Tusk
|-end|p1a: Great Tusk|Protosynthesis|[silent]
|
|-weather|RainDance|[upkeep]
|upkeep
|
|t:|1760406800
|switch|p1a: Zamazenta|Zamazenta|100/100
|-ability|p1a: Zamazenta|Dauntless Shield|boost
|-boost|p1a: Zamazenta|def|1
|turn|21
|
|t:|1760406807
|switch|p2a: Toxicroak|Toxicroak, F|71/100
|move|p1a: Zamazenta|Body Press|p2a: Toxicroak
|-resisted|p2a: Toxicroak
|-damage|p2a: Toxicroak|47/100
|-damage|p1a: Zamazenta|84/100|[from] item: Rocky Helmet|[of] p2a: Toxicroak
|
|-weather|RainDance|[upkeep]
|-heal|p2a: Toxicroak|60/100|[from] ability: Dry Skin
|-heal|p1a: Zamazenta|90/100|[from] item: Leftovers
|upkeep
|turn|22
|
|t:|1760406815
|move|p1a: Zamazenta|Substitute|p1a: Zamazenta
|-start|p1a: Zamazenta|Substitute
|-damage|p1a: Zamazenta|65/100
|move|p2a: Toxicroak|Toxic||[still]
|-fail|p2a: Toxicroak
|
|-weather|RainDance|[upkeep]
|-heal|p2a: Toxicroak|72/100|[from] ability: Dry Skin
|-heal|p1a: Zamazenta|71/100|[from] item: Leftovers
|upkeep
|turn|23
|
|t:|1760406820
|switch|p2a: Hatterene|Hatterene, F|74/100
|move|p1a: Zamazenta|Iron Defense|p1a: Zamazenta
|-boost|p1a: Zamazenta|def|2
|
|-weather|RainDance|[upkeep]
|-heal|p1a: Zamazenta|78/100|[from] item: Leftovers
|upkeep
|turn|24
|
|t:|1760406828
|move|p1a: Zamazenta|Crunch|p2a: Hatterene
|-damage|p2a: Hatterene|54/100
|move|p2a: Hatterene|Psychic Noise|p1a: Zamazenta
|-supereffective|p1a: Zamazenta
|-damage|p1a: Zamazenta|24/100
|-start|p1a: Zamazenta|move: Heal Block
|
|-weather|RainDance|[upkeep]
|upkeep
|turn|25
|
|t:|1760406837
|switch|p1a: Hydrapple|Hydrapple, M, tera:Steel|78/100
|move|p2a: Hatterene|Psychic Noise|p1a: Hydrapple
|-resisted|p1a: Hydrapple
|-damage|p1a: Hydrapple|62/100
|-start|p1a: Hydrapple|move: Heal Block
|
|-weather|RainDance|[upkeep]
|upkeep
|turn|26
|
|t:|1760406839
|switch|p2a: Toxicroak|Toxicroak, F|72/100
|move|p1a: Hydrapple|Leaf Storm|p2a: Toxicroak
|-resisted|p2a: Toxicroak
|-damage|p2a: Toxicroak|6/100
|-unboost|p1a: Hydrapple|spa|2
|
|-weather|none
|-end|p1a: Hydrapple|move: Heal Block
|upkeep
|turn|27
|
|t:|1760406846
|switch|p1a: Moltres|Moltres|100/100
|move|p2a: Toxicroak|Drain Punch|p1a: Moltres
|-resisted|p1a: Moltres
|-damage|p1a: Moltres|87/100
|-heal|p2a: Toxicroak|13/100|[from] drain|[of] p1a: Moltres
|
|upkeep
|turn|28
|
|t:|1760406858
|move|p2a: Toxicroak|Toxic|p1a: Moltres
|-status|p1a: Moltres|tox
|move|p1a: Moltres|Brave Bird|p2a: Toxicroak
|-supereffective|p2a: Toxicroak
|-damage|p2a: Toxicroak|0 fnt
|-damage|p1a: Moltres|71/100 tox|[from] item: Rocky Helmet|[of] p2a: Toxicroak
|faint|p2a: Toxicroak
|-damage|p1a: Moltres|67/100 tox|[from] Recoil
|
|-damage|p1a: Moltres|61/100 tox|[from] psn
|upkeep
|
|t:|1760406864
|switch|p2a: Barraskewda|Barraskewda, F|100/100
|turn|29
|
|t:|1760406868
|switch|p1a: Zamazenta|Zamazenta|24/100
|move|p2a: Barraskewda|Flip Turn|p1a: Zamazenta
|-damage|p1a: Zamazenta|0 fnt
|faint|p1a: Zamazenta
|
|t:|1760406874
|switch|p2a: Hatterene|Hatterene, F|54/100|[from] Flip Turn
|
|upkeep
|
|t:|1760406876
|switch|p1a: Hydrapple|Hydrapple, M, tera:Steel|95/100
|turn|30
|
|t:|1760406886
|move|p2a: Hatterene|Nuzzle|p1a: Hydrapple
|-damage|p1a: Hydrapple|93/100
|-status|p1a: Hydrapple|par
|cant|p1a: Hydrapple|par
|
|upkeep
|turn|31
|
|t:|1760406895
|move|p2a: Hatterene|Draining Kiss|p1a: Hydrapple
|-resisted|p1a: Hydrapple
|-damage|p1a: Hydrapple|81/100 par
|-heal|p2a: Hatterene|65/100|[from] drain|[of] p1a: Hydrapple
|move|p1a: Hydrapple|Leaf Storm|p2a: Hatterene
|-damage|p2a: Hatterene|0 fnt
|-unboost|p1a: Hydrapple|spa|2
|faint|p2a: Hatterene
|
|upkeep
|
|t:|1760406901
|switch|p2a: Barraskewda|Barraskewda, F|100/100
|turn|32
|
|t:|1760406913
|switch|p1a: Moltres|Moltres|61/100 tox
|move|p2a: Barraskewda|Liquidation|p1a: Moltres
|-supereffective|p1a: Moltres
|-damage|p1a: Moltres|0 fnt
|-status|p2a: Barraskewda|brn|[from] ability: Flame Body|[of] p1a: Moltres
|faint|p1a: Moltres
|
|-damage|p2a: Barraskewda|94/100 brn|[from] brn
|upkeep
|
|t:|1760406917
|switch|p1a: Hydrapple|Hydrapple, M, tera:Steel|100/100 par
|turn|33
|c|☆smilingkyogre|gg
|
|t:|1760406926
|move|p2a: Barraskewda|Liquidation|p1a: Hydrapple
|-damage|p1a: Hydrapple|73/100 par
|move|p1a: Hydrapple|Giga Drain|p2a: Barraskewda
|-supereffective|p2a: Barraskewda
|-damage|p2a: Barraskewda|0 fnt
|-heal|p1a: Hydrapple|100/100 par|[from] drain|[of] p2a: Barraskewda
|faint|p2a: Barraskewda
|
|win|smilingkyogre
|raw|smilingkyogre's rating: 1453 &rarr; <strong>1474</strong><br />(+21 for winning)
|raw|the wonder of uu's rating: 1462 &rarr; <strong>1441</strong><br />(-21 for losing)
|l|☆the wonder of uu
|player|p2|
