|j|☆hoang nguyen
|j|☆vonia
|t:|1760369179
|gametype|singles
|player|p1|hoang nguyen|2|1332
|player|p2|vonia|101|1380
|gen|9
|tier|[Gen 9] OU
|rated|
|rule|HP Percentage Mod: HP is shown in percentages
|rule|Endless Battle Clause: Forcing endless battles is banned
|rule|Species Clause: Limit one of each Pokémon
|rule|OHKO Clause: OHKO moves are banned
|rule|Evasion Items Clause: Evasion items are banned
|rule|Evasion Moves Clause: Evasion moves are banned
|rule|Evasion Abilities Clause: Evasion abilities are banned
|rule|Sleep Moves Clause: Sleep-inducing moves are banned
|clearpoke
|poke|p1|Alomomola, M|
|poke|p1|Gholdengo|
|poke|p1|Dragonite, M|
|poke|p1|Garchomp, F|
|poke|p1|Terrakion|
|poke|p1|Slowking-Galar, F|
|poke|p2|Gyarados, M|
|poke|p2|Incineroar, M|
|poke|p2|Corviknight, M|
|poke|p2|Umbreon, M|
|poke|p2|Clodsire, M|
|poke|p2|Hatterene, F|
|teampreview
|inactive|Battle timer is ON: inactive players will automatically lose when time's up. (requested by vonia)
|
|t:|1760369207
|teamsize|p1|6
|teamsize|p2|6
|start
|switch|p1a: Slowking|Slowking-Galar, F|100/100
|switch|p2a: Incineroar|Incineroar, M|100/100
|-ability|p2a: Incineroar|Intimidate|boost
|-unboost|p1a: Slowking|atk|1
|turn|1
|
|t:|1760369218
|switch|p1a: Alomomola|Alomomola, M|100/100
|move|p2a: Incineroar|Knock Off|p1a: Alomomola
|-damage|p1a: Alomomola|81/100
|-enditem|p1a: Alomomola|Heavy-Duty Boots|[from] move: Knock Off|[of] p2a: Incineroar
|
|upkeep
|turn|2
|
|t:|1760369225
|switch|p2a: Clodsire|Clodsire, M, shiny|100/100
|move|p1a: Alomomola|Scald|p2a: Clodsire
|-immune|p2a: Clodsire|[from] ability: Water Absorb
|
|upkeep
|turn|3
|
|t:|1760369237
|switch|p1a: Garchomp|Garchomp, F|100/100
|switch|p2a: Incineroar|Incineroar, M|100/100
|-ability|p2a: Incineroar|Intimidate|boost
|-unboost|p1a: Garchomp|atk|1
|
|upkeep
|turn|4
|
|t:|1760369246
|switch|p2a: Hatterene|Hatterene, F, shiny|100/100
|move|p1a: Garchomp|Earthquake|p2a: Hatterene
|-damage|p2a: Hatterene|62/100
|
|-heal|p2a: Hatterene|68/100|[from] item: Leftovers
|upkeep
|turn|5
|
|t:|1760369252
|switch|p1a: Gholdengo|Gholdengo|100/100
|switch|p2a: Gyarados|Gyarados, M, shiny|100/100
|-ability|p2a: Gyarados|Intimidate|boost
|-unboost|p1a: Gholdengo|atk|1
|
|upkeep
|turn|6
|
|t:|1760369280
|switch|p1a: Garchomp|Garchomp, F|100/100
|switch|p2a: Clodsire|Clodsire, M, shiny|100/100
|
|upkeep
|turn|7
|
|t:|1760369286
|switch|p2a: Gyarados|Gyarados, M, shiny|100/100
|-ability|p2a: Gyarados|Intimidate|boost
|-unboost|p1a: Garchomp|atk|1
|move|p1a: Garchomp|Earthquake|p2a: Gyarados
|-immune|p2a: Gyarados
|
|upkeep
|turn|8
|
|t:|1760369291
|switch|p2a: Hatterene|Hatterene, F, shiny|68/100
|move|p1a: Garchomp|Dragon Tail|p2a: Hatterene
|-immune|p2a: Hatterene
|
|-heal|p2a: Hatterene|74/100|[from] item: Leftovers
|upkeep
|turn|9
|
|t:|1760369296
|switch|p1a: Slowking|Slowking-Galar, F|100/100
|switch|p2a: Gyarados|Gyarados, M, shiny|100/100
|-ability|p2a: Gyarados|Intimidate|boost
|-unboost|p1a: Slowking|atk|1
|
|upkeep
|turn|10
|
|t:|1760369303
|move|p2a: Gyarados|Waterfall|p1a: Slowking
|-damage|p1a: Slowking|64/100
|move|p1a: Slowking|Future Sight|p2a: Gyarados
|-start|p1a: Slowking|move: Future Sight
|
|-heal|p1a: Slowking|70/100|[from] item: Leftovers
|upkeep
|turn|11
|
|t:|1760369309
|move|p2a: Gyarados|Waterfall|p1a: Slowking
|-damage|p1a: Slowking|35/100
|-prepare|p1a: Slowking|Chilly Reception|[premajor]
|move|p1a: Slowking|Chilly Reception|p1a: Slowking
|-weather|Snowscape
|
|t:|1760369321
|switch|p1a: Terrakion|Terrakion|100/100|[from] Chilly Reception
|
|-weather|Snowscape|[upkeep]
|upkeep
|turn|12
|
|t:|1760369331
|switch|p2a: Incineroar|Incineroar, M|100/100
|-ability|p2a: Incineroar|Intimidate|boost
|-unboost|p1a: Terrakion|atk|1
|move|p1a: Terrakion|Stone Edge|p2a: Incineroar
|-supereffective|p2a: Incineroar
|-damage|p2a: Incineroar|51/100
|
|-weather|Snowscape|[upkeep]
|-end|p2a: Incineroar|move: Future Sight
|-immune|p2a: Incineroar
|upkeep
|turn|13
|
|t:|1760369343
|move|p1a: Terrakion|Stone Edge|p2a: Incineroar|[miss]
|-miss|p1a: Terrakion|p2a: Incineroar
|move|p2a: Incineroar|Will-O-Wisp|p1a: Terrakion
|-status|p1a: Terrakion|brn
|
|-weather|Snowscape|[upkeep]
|-damage|p1a: Terrakion|94/100 brn|[from] brn
|upkeep
|turn|14
|
|t:|1760369352
|switch|p2a: Umbreon|Umbreon, M, shiny|100/100
|move|p1a: Terrakion|Stone Edge|p2a: Umbreon|[miss]
|-miss|p1a: Terrakion|p2a: Umbreon
|
|-weather|Snowscape|[upkeep]
|-damage|p1a: Terrakion|88/100 brn|[from] brn
|upkeep
|turn|15
|
|t:|1760369360
|switch|p1a: Garchomp|Garchomp, F|100/100
|move|p2a: Umbreon|Wish|p2a: Umbreon
|
|-weather|none
|upkeep
|turn|16
|
|t:|1760369372
|switch|p1a: Gholdengo|Gholdengo|100/100
|switch|p2a: Hatterene|Hatterene, F, shiny|74/100
|
|-heal|p2a: Hatterene|100/100|[from] move: Wish|[wisher] Umbreon
|upkeep
|turn|17
|
|t:|1760369391
|switch|p1a: Alomomola|Alomomola, M|100/100
|switch|p2a: Clodsire|Clodsire, M, shiny|100/100
|
|upkeep
|turn|18
|
|t:|1760369402
|move|p1a: Alomomola|Wish|p1a: Alomomola
|move|p2a: Clodsire|Earthquake|p1a: Alomomola
|-damage|p1a: Alomomola|85/100
|
|upkeep
|turn|19
|
|t:|1760369413
|switch|p1a: Garchomp|Garchomp, F|100/100
|move|p2a: Clodsire|Earthquake|p1a: Garchomp
|-damage|p1a: Garchomp|82/100
|
|-heal|p1a: Garchomp|100/100|[from] move: Wish|[wisher] Alomomola
|upkeep
|turn|20
|
|t:|1760369421
|switch|p2a: Gyarados|Gyarados, M, shiny|100/100
|-ability|p2a: Gyarados|Intimidate|boost
|-unboost|p1a: Garchomp|atk|1
|move|p1a: Garchomp|Stealth Rock|p2a: Gyarados
|-sidestart|p2: vonia|move: Stealth Rock
|
|upkeep
|turn|21
|
|t:|1760369430
|move|p1a: Garchomp|Dragon Tail|p2a: Gyarados
|-damage|p2a: Gyarados|87/100
|drag|p2a: Hatterene|Hatterene, F, shiny|100/100
|-damage|p2a: Hatterene|88/100|[from] Stealth Rock
|
|-heal|p2a: Hatterene|94/100|[from] item: Leftovers
|upkeep
|turn|22
|
|t:|1760369440
|switch|p1a: Gholdengo|Gholdengo|100/100
|move|p2a: Hatterene|Calm Mind|p2a: Hatterene
|-boost|p2a: Hatterene|spa|1
|-boost|p2a: Hatterene|spd|1
|
|-heal|p2a: Hatterene|99/100|[from] item: Leftovers
|upkeep
|turn|23
|
|t:|1760369445
|move|p1a: Gholdengo|Nasty Plot|p1a: Gholdengo
|-boost|p1a: Gholdengo|spa|2
|move|p2a: Hatterene|Mystical Fire|p1a: Gholdengo
|-supereffective|p1a: Gholdengo
|-damage|p1a: Gholdengo|34/100
|-unboost|p1a: Gholdengo|spa|1
|
|-heal|p2a: Hatterene|100/100|[from] item: Leftovers
|upkeep
|turn|24
|
|t:|1760369452
|move|p1a: Gholdengo|Make It Rain|p2a: Hatterene
|-supereffective|p2a: Hatterene
|-damage|p2a: Hatterene|0 fnt
|-unboost|p1a: Gholdengo|spa|1
|faint|p2a: Hatterene
|
|upkeep
|
|t:|1760369455
|switch|p2a: Incineroar|Incineroar, M|51/100
|-ability|p2a: Incineroar|Intimidate|boost
|-unboost|p1a: Gholdengo|atk|1
|turn|25
|-message|vonia forfeited.
|
|win|hoang nguyen
|raw|hoang nguyen's rating: 1332 &rarr; <strong>1355</strong><br />(+23 for winning)
|raw|vonia's rating: 1380 &rarr; <strong>1357</strong><br />(-23 for losing)
|l|☆hoang nguyen
|player|p1|
