|j|☆ghuiod
|j|☆fujizen
|t:|1760443249
|gametype|singles
|player|p1|ghuiod|hilbert-wonderlauncher|1214
|player|p2|fujizen|lance-gen1|1238
|gen|9
|tier|[Gen 9] OU
|rated|
|rule|HP Percentage Mod: HP is shown in percentages
|rule|Endless Battle Clause: Forcing endless battles is banned
|rule|Species Clause: Limit one of each Pokémon
|rule|OHKO Clause: OHKO moves are banned
|rule|Evasion Items Clause: Evasion items are banned
|rule|Evasion Moves Clause: Evasion moves are banned
|rule|Evasion Abilities Clause: Evasion abilities are banned
|rule|Sleep Moves Clause: Sleep-inducing moves are banned
|clearpoke
|poke|p1|Dragonite, M|
|poke|p1|Gliscor, M|
|poke|p1|Iron Valiant|
|poke|p1|Nosepass, L1, F|
|poke|p1|Quaquaval, M|
|poke|p1|Samurott-Hisui, M|
|poke|p2|Alcremie, F|
|poke|p2|Clefable, M|
|poke|p2|Pawmot, F|
|poke|p2|Hoopa-Unbound|
|poke|p2|Dragapult, F|
|poke|p2|Greninja-*, M|
|teampreview
|inactive|Battle timer is ON: inactive players will automatically lose when time's up. (requested by ghuiod)
|
|t:|1760443261
|teamsize|p1|6
|teamsize|p2|6
|start
|switch|p1a: Nosepass|Nosepass, L1, F|100/100
|switch|p2a: Pawmot|Pawmot, F|100/100
|turn|1
|j| AlwaysSunnyInAlola
|
|t:|1760443274
|switch|p2a: Joseph Korman|Dragapult, F|100/100
|move|p1a: Nosepass|Pain Split|p2a: Joseph Korman
|-sethp|p2a: Joseph Korman|52/100|[from] move: Pain Split|[silent]
|-sethp|p1a: Nosepass|100/100|[from] move: Pain Split
|
|upkeep
|turn|2
|
|t:|1760443292
|switch|p1a: Samurott|Samurott-Hisui, M|100/100
|move|p2a: Joseph Korman|U-turn|p1a: Samurott
|-supereffective|p1a: Samurott
|-damage|p1a: Samurott|13/100
|
|t:|1760443296
|switch|p2a: Pawmot|Pawmot, F|100/100|[from] U-turn
|
|upkeep
|turn|3
|
|t:|1760443307
|move|p2a: Pawmot|Mach Punch|p1a: Samurott
|-supereffective|p1a: Samurott
|-damage|p1a: Samurott|0 fnt
|faint|p1a: Samurott
|
|upkeep
|
|t:|1760443314
|switch|p1a: Nosepass|Nosepass, L1, F|100/100
|turn|4
|
|t:|1760443324
|switch|p2a: Joseph Korman|Dragapult, F|52/100
|move|p1a: Nosepass|Pain Split|p2a: Joseph Korman
|-sethp|p2a: Joseph Korman|28/100|[from] move: Pain Split|[silent]
|-sethp|p1a: Nosepass|100/100|[from] move: Pain Split
|
|upkeep
|turn|5
|
|t:|1760443333
|move|p2a: Joseph Korman|U-turn|p1a: Nosepass
|-ability|p1a: Nosepass|Sturdy
|-damage|p1a: Nosepass|9/100
|
|t:|1760443338
|switch|p2a: Pawmot|Pawmot, F|100/100|[from] U-turn
|move|p1a: Nosepass|Pain Split|p2a: Pawmot
|-sethp|p2a: Pawmot|51/100|[from] move: Pain Split|[silent]
|-sethp|p1a: Nosepass|100/100|[from] move: Pain Split
|
|upkeep
|turn|6
|
|t:|1760443351
|switch|p2a: Joseph Korman|Dragapult, F|28/100
|move|p1a: Nosepass|Pain Split|p2a: Joseph Korman
|-sethp|p2a: Joseph Korman|16/100|[from] move: Pain Split|[silent]
|-sethp|p1a: Nosepass|100/100|[from] move: Pain Split
|
|upkeep
|turn|7
|
|t:|1760443359
|move|p2a: Joseph Korman|Dragon Darts|p1a: Nosepass
|-ability|p1a: Nosepass|Sturdy
|-damage|p1a: Nosepass|9/100
|-anim|p2a: Joseph Korman|Dragon Darts|p1a: Nosepass
|-damage|p1a: Nosepass|0 fnt
|faint|p1a: Nosepass
|
|upkeep
|
|t:|1760443368
|switch|p1a: Quaquaval|Quaquaval, M|100/100
|turn|8
|
|t:|1760443382
|switch|p2a: Alcremie|Alcremie, F|100/100
|move|p1a: Quaquaval|Aqua Jet|p2a: Alcremie
|-damage|p2a: Alcremie|79/100
|
|-heal|p2a: Alcremie|85/100|[from] item: Leftovers
|upkeep
|turn|9
|
|t:|1760443394
|switch|p1a: Gliscor|Gliscor, M|100/100
|move|p2a: Alcremie|Acid Armor|p2a: Alcremie
|-boost|p2a: Alcremie|def|2
|
|-heal|p2a: Alcremie|91/100|[from] item: Leftovers
|-status|p1a: Gliscor|tox|[from] item: Toxic Orb
|upkeep
|turn|10
|
|t:|1760443405
|move|p1a: Gliscor|Substitute|p1a: Gliscor
|-start|p1a: Gliscor|Substitute
|-damage|p1a: Gliscor|76/100 tox
|move|p2a: Alcremie|Acid Armor|p2a: Alcremie
|-boost|p2a: Alcremie|def|2
|
|-heal|p2a: Alcremie|97/100|[from] item: Leftovers
|-heal|p1a: Gliscor|88/100 tox|[from] ability: Poison Heal
|upkeep
|turn|11
|
|t:|1760443416
|move|p1a: Gliscor|Toxic|p2a: Alcremie
|-status|p2a: Alcremie|tox
|move|p2a: Alcremie|Acid Armor|p2a: Alcremie
|-boost|p2a: Alcremie|def|2
|
|-heal|p2a: Alcremie|100/100 tox|[from] item: Leftovers
|-heal|p1a: Gliscor|100/100 tox|[from] ability: Poison Heal
|-damage|p2a: Alcremie|95/100 tox|[from] psn
|upkeep
|turn|12
|
|t:|1760443428
|move|p1a: Gliscor|Facade|p2a: Alcremie
|-damage|p2a: Alcremie|87/100 tox
|move|p2a: Alcremie|Calm Mind|p2a: Alcremie
|-boost|p2a: Alcremie|spa|1
|-boost|p2a: Alcremie|spd|1
|
|-heal|p2a: Alcremie|93/100 tox|[from] item: Leftovers
|-damage|p2a: Alcremie|81/100 tox|[from] psn
|upkeep
|turn|13
|
|t:|1760443441
|move|p1a: Gliscor|Facade|p2a: Alcremie
|-damage|p2a: Alcremie|74/100 tox
|move|p2a: Alcremie|Calm Mind|p2a: Alcremie
|-boost|p2a: Alcremie|spa|1
|-boost|p2a: Alcremie|spd|1
|
|-heal|p2a: Alcremie|80/100 tox|[from] item: Leftovers
|-damage|p2a: Alcremie|62/100 tox|[from] psn
|upkeep
|turn|14
|
|t:|1760443454
|move|p1a: Gliscor|Facade|p2a: Alcremie
|-damage|p2a: Alcremie|55/100 tox
|move|p2a: Alcremie|Draining Kiss|p1a: Gliscor
|-end|p1a: Gliscor|Substitute
|-heal|p2a: Alcremie|75/100 tox|[from] drain|[of] p1a: Gliscor
|
|-heal|p2a: Alcremie|81/100 tox|[from] item: Leftovers
|-damage|p2a: Alcremie|57/100 tox|[from] psn
|upkeep
|turn|15
|
|t:|1760443467
|move|p1a: Gliscor|Protect|p1a: Gliscor
|-singleturn|p1a: Gliscor|Protect
|move|p2a: Alcremie|Draining Kiss|p1a: Gliscor
|-activate|p1a: Gliscor|move: Protect
|
|-heal|p2a: Alcremie|63/100 tox|[from] item: Leftovers
|-damage|p2a: Alcremie|33/100 tox|[from] psn
|upkeep
|turn|16
|
|t:|1760443479
|move|p1a: Gliscor|Substitute|p1a: Gliscor
|-start|p1a: Gliscor|Substitute
|-damage|p1a: Gliscor|76/100 tox
|move|p2a: Alcremie|Draining Kiss|p1a: Gliscor
|-end|p1a: Gliscor|Substitute
|-heal|p2a: Alcremie|53/100 tox|[from] drain|[of] p1a: Gliscor
|
|-heal|p2a: Alcremie|59/100 tox|[from] item: Leftovers
|-heal|p1a: Gliscor|88/100 tox|[from] ability: Poison Heal
|-damage|p2a: Alcremie|23/100 tox|[from] psn
|upkeep
|turn|17
|
|t:|1760443492
|move|p1a: Gliscor|Protect|p1a: Gliscor
|-singleturn|p1a: Gliscor|Protect
|move|p2a: Alcremie|Draining Kiss|p1a: Gliscor
|-activate|p1a: Gliscor|move: Protect
|
|-heal|p2a: Alcremie|29/100 tox|[from] item: Leftovers
|-heal|p1a: Gliscor|100/100 tox|[from] ability: Poison Heal
|-damage|p2a: Alcremie|0 fnt|[from] psn
|faint|p2a: Alcremie
|upkeep
|
|t:|1760443495
|switch|p2a: Zendaya|Greninja, M|100/100
|turn|18
|
|t:|1760443524
|-terastallize|p1a: Gliscor|Ground
|move|p2a: Zendaya|Ice Beam|p1a: Gliscor
|-supereffective|p1a: Gliscor
|-damage|p1a: Gliscor|32/100 tox
|move|p1a: Gliscor|Toxic|p2a: Zendaya
|-status|p2a: Zendaya|tox
|
|-damage|p2a: Zendaya|95/100 tox|[from] psn
|-heal|p1a: Gliscor|44/100 tox|[from] ability: Poison Heal
|upkeep
|turn|19
|
|t:|1760443536
|move|p1a: Gliscor|Protect|p1a: Gliscor
|-singleturn|p1a: Gliscor|Protect
|move|p2a: Zendaya|Ice Beam|p1a: Gliscor
|-activate|p1a: Gliscor|move: Protect
|
|-damage|p2a: Zendaya|83/100 tox|[from] psn
|-heal|p1a: Gliscor|56/100 tox|[from] ability: Poison Heal
|upkeep
|turn|20
|
|t:|1760443549
|switch|p1a: Quaquaval|Quaquaval, M|100/100
|move|p2a: Zendaya|Ice Beam|p1a: Quaquaval
|-resisted|p1a: Quaquaval
|-damage|p1a: Quaquaval|84/100
|
|-heal|p1a: Quaquaval|90/100|[from] item: Leftovers
|-damage|p2a: Zendaya|65/100 tox|[from] psn
|upkeep
|turn|21
|inactive|ghuiod has 120 seconds left.
|
|t:|1760443565
|move|p2a: Zendaya|Dark Pulse|p1a: Quaquaval
|-resisted|p1a: Quaquaval
|-damage|p1a: Quaquaval|68/100
|move|p1a: Quaquaval|Aqua Step|p2a: Zendaya
|-resisted|p2a: Zendaya
|-damage|p2a: Zendaya|26/100 tox
|-boost|p1a: Quaquaval|spe|1
|
|-heal|p1a: Quaquaval|75/100|[from] item: Leftovers
|-damage|p2a: Zendaya|2/100 tox|[from] psn
|upkeep
|turn|22
|inactive|ghuiod has 120 seconds left.
|l| AlwaysSunnyInAlola
|
|t:|1760443587
|-terastallize|p2a: Zendaya|Water
|move|p2a: Zendaya|Water Shuriken|p1a: Quaquaval
|-resisted|p1a: Quaquaval
|-damage|p1a: Quaquaval|69/100
|-resisted|p1a: Quaquaval
|-damage|p1a: Quaquaval|64/100
|-hitcount|p1a: Quaquaval|2
|move|p1a: Quaquaval|Aqua Step|p2a: Zendaya
|-resisted|p2a: Zendaya
|-damage|p2a: Zendaya|0 fnt
|-boost|p1a: Quaquaval|spe|1
|faint|p2a: Zendaya
|-ability|p1a: Quaquaval|Moxie|boost
|-boost|p1a: Quaquaval|atk|1
|
|-heal|p1a: Quaquaval|70/100|[from] item: Leftovers
|upkeep
|inactive|fujizen has 120 seconds left.
|
|t:|1760443605
|switch|p2a: Pawmot|Pawmot, F|51/100
|turn|23
|
|t:|1760443612
|move|p2a: Pawmot|Double Shock|p1a: Quaquaval
|-supereffective|p1a: Quaquaval
|-damage|p1a: Quaquaval|0 fnt
|-start|p2a: Pawmot|typechange|???/Fighting|[from] move: Double Shock
|faint|p1a: Quaquaval
|
|upkeep
|inactive|ghuiod has 120 seconds left.
|
|t:|1760443633
|switch|p1a: Gliscor|Gliscor, M, tera:Ground|56/100 tox
|turn|24
|inactive|ghuiod has 120 seconds left.
|
|t:|1760443641
|switch|p2a: Clefable|Clefable, M|100/100
|move|p1a: Gliscor|Toxic|p2a: Clefable|[miss]
|-miss|p1a: Gliscor|p2a: Clefable
|
|-heal|p1a: Gliscor|69/100 tox|[from] ability: Poison Heal
|upkeep
|turn|25
|
|t:|1760443650
|move|p1a: Gliscor|Toxic|p2a: Clefable
|-status|p2a: Clefable|tox
|move|p2a: Clefable|Cosmic Power|p2a: Clefable
|-boost|p2a: Clefable|def|1
|-boost|p2a: Clefable|spd|1
|
|-heal|p1a: Gliscor|81/100 tox|[from] ability: Poison Heal
|upkeep
|turn|26
|
|t:|1760443660
|move|p1a: Gliscor|Substitute|p1a: Gliscor
|-start|p1a: Gliscor|Substitute
|-damage|p1a: Gliscor|56/100 tox
|move|p2a: Clefable|Cosmic Power|p2a: Clefable
|-boost|p2a: Clefable|def|1
|-boost|p2a: Clefable|spd|1
|
|-heal|p1a: Gliscor|69/100 tox|[from] ability: Poison Heal
|upkeep
|turn|27
|
|t:|1760443671
|move|p1a: Gliscor|Facade|p2a: Clefable
|-damage|p2a: Clefable|87/100 tox
|move|p2a: Clefable|Cosmic Power|p2a: Clefable
|-boost|p2a: Clefable|def|1
|-boost|p2a: Clefable|spd|1
|
|-heal|p2a: Clefable|93/100 tox|[from] item: Leftovers
|-heal|p1a: Gliscor|81/100 tox|[from] ability: Poison Heal
|upkeep
|turn|28
|
|t:|1760443686
|move|p1a: Gliscor|Facade|p2a: Clefable
|-damage|p2a: Clefable|80/100 tox
|move|p2a: Clefable|Cosmic Power|p2a: Clefable
|-boost|p2a: Clefable|def|1
|-boost|p2a: Clefable|spd|1
|
|-heal|p2a: Clefable|87/100 tox|[from] item: Leftovers
|-heal|p1a: Gliscor|94/100 tox|[from] ability: Poison Heal
|upkeep
|turn|29
|
|t:|1760443700
|move|p1a: Gliscor|Facade|p2a: Clefable
|-damage|p2a: Clefable|77/100 tox
|move|p2a: Clefable|Cosmic Power|p2a: Clefable
|-boost|p2a: Clefable|def|1
|-boost|p2a: Clefable|spd|1
|
|-heal|p2a: Clefable|83/100 tox|[from] item: Leftovers
|-heal|p1a: Gliscor|100/100 tox|[from] ability: Poison Heal
|upkeep
|turn|30
|inactive|ghuiod has 120 seconds left.
|
|t:|1760443722
|move|p1a: Gliscor|Facade|p2a: Clefable
|-damage|p2a: Clefable|74/100 tox
|move|p2a: Clefable|Cosmic Power|p2a: Clefable
|-boost|p2a: Clefable|def|1
|-boost|p2a: Clefable|spd|1
|
|-heal|p2a: Clefable|80/100 tox|[from] item: Leftovers
|upkeep
|turn|31
|inactive|ghuiod has 120 seconds left.
|
|t:|1760443736
|move|p1a: Gliscor|Facade|p2a: Clefable
|-damage|p2a: Clefable|73/100 tox
|move|p2a: Clefable|Stored Power|p1a: Gliscor
|-end|p1a: Gliscor|Substitute
|
|-heal|p2a: Clefable|79/100 tox|[from] item: Leftovers
|upkeep
|turn|32
|inactive|ghuiod has 120 seconds left.
|inactive|fujizen has 120 seconds left.
|inactive|fujizen has 90 seconds left.
|
|t:|1760443815
|move|p1a: Gliscor|Protect|p1a: Gliscor
|-singleturn|p1a: Gliscor|Protect
|move|p2a: Clefable|Stored Power|p1a: Gliscor
|-activate|p1a: Gliscor|move: Protect
|
|-heal|p2a: Clefable|86/100 tox|[from] item: Leftovers
|upkeep
|turn|33
|inactive|ghuiod has 120 seconds left.
|
|t:|1760443827
|move|p1a: Gliscor|Substitute|p1a: Gliscor
|-start|p1a: Gliscor|Substitute
|-damage|p1a: Gliscor|76/100 tox
|move|p2a: Clefable|Stored Power|p1a: Gliscor
|-end|p1a: Gliscor|Substitute
|
|-heal|p2a: Clefable|92/100 tox|[from] item: Leftovers
|-heal|p1a: Gliscor|88/100 tox|[from] ability: Poison Heal
|upkeep
|turn|34
|inactive|ghuiod has 120 seconds left.
|inactive|fujizen has 90 seconds left.
|
|t:|1760443839
|move|p1a: Gliscor|Protect|p1a: Gliscor
|-singleturn|p1a: Gliscor|Protect
|move|p2a: Clefable|Cosmic Power|p2a: Clefable
|-boost|p2a: Clefable|def|0
|-boost|p2a: Clefable|spd|0
|
|-heal|p2a: Clefable|98/100 tox|[from] item: Leftovers
|-heal|p1a: Gliscor|100/100 tox|[from] ability: Poison Heal
|upkeep
|turn|35
|inactive|ghuiod has 120 seconds left.
|
|t:|1760443850
|move|p1a: Gliscor|Substitute|p1a: Gliscor
|-start|p1a: Gliscor|Substitute
|-damage|p1a: Gliscor|76/100 tox
|move|p2a: Clefable|Cosmic Power|p2a: Clefable
|-boost|p2a: Clefable|def|0
|-boost|p2a: Clefable|spd|0
|
|-heal|p2a: Clefable|100/100 tox|[from] item: Leftovers
|-heal|p1a: Gliscor|88/100 tox|[from] ability: Poison Heal
|upkeep
|turn|36
|inactive|ghuiod has 120 seconds left.
|
|t:|1760443862
|move|p1a: Gliscor|Facade|p2a: Clefable
|-damage|p2a: Clefable|93/100 tox
|move|p2a: Clefable|Cosmic Power|p2a: Clefable
|-boost|p2a: Clefable|def|0
|-boost|p2a: Clefable|spd|0
|
|-heal|p2a: Clefable|99/100 tox|[from] item: Leftovers
|-heal|p1a: Gliscor|100/100 tox|[from] ability: Poison Heal
|upkeep
|turn|37
|inactive|ghuiod has 120 seconds left.
|
|t:|1760443878
|move|p1a: Gliscor|Facade|p2a: Clefable
|-damage|p2a: Clefable|91/100 tox
|move|p2a: Clefable|Cosmic Power|p2a: Clefable
|-boost|p2a: Clefable|def|0
|-boost|p2a: Clefable|spd|0
|
|-heal|p2a: Clefable|97/100 tox|[from] item: Leftovers
|upkeep
|turn|38
|
|t:|1760443888
|move|p1a: Gliscor|Toxic|p2a: Clefable
|-fail|p2a: Clefable|tox
|move|p2a: Clefable|Stored Power|p1a: Gliscor
|-end|p1a: Gliscor|Substitute
|
|-heal|p2a: Clefable|100/100 tox|[from] item: Leftovers
|upkeep
|turn|39
|
|t:|1760443898
|move|p1a: Gliscor|Substitute|p1a: Gliscor
|-start|p1a: Gliscor|Substitute
|-damage|p1a: Gliscor|76/100 tox
|move|p2a: Clefable|Stored Power|p1a: Gliscor
|-end|p1a: Gliscor|Substitute
|
|-heal|p1a: Gliscor|88/100 tox|[from] ability: Poison Heal
|upkeep
|turn|40
|
|t:|1760443910
|move|p1a: Gliscor|Protect|p1a: Gliscor
|-singleturn|p1a: Gliscor|Protect
|move|p2a: Clefable|Cosmic Power|p2a: Clefable
|-boost|p2a: Clefable|def|0
|-boost|p2a: Clefable|spd|0
|
|-heal|p1a: Gliscor|100/100 tox|[from] ability: Poison Heal
|upkeep
|turn|41
|
|t:|1760443920
|move|p1a: Gliscor|Substitute|p1a: Gliscor
|-start|p1a: Gliscor|Substitute
|-damage|p1a: Gliscor|76/100 tox
|move|p2a: Clefable|Stored Power|p1a: Gliscor
|-end|p1a: Gliscor|Substitute
|
|-heal|p1a: Gliscor|88/100 tox|[from] ability: Poison Heal
|upkeep
|turn|42
|inactive|ghuiod has 120 seconds left.
|
|t:|1760443931
|move|p1a: Gliscor|Toxic|p2a: Clefable|[miss]
|-miss|p1a: Gliscor|p2a: Clefable
|move|p2a: Clefable|Cosmic Power|p2a: Clefable
|-boost|p2a: Clefable|def|0
|-boost|p2a: Clefable|spd|0
|
|-heal|p1a: Gliscor|100/100 tox|[from] ability: Poison Heal
|upkeep
|turn|43
|inactive|ghuiod has 120 seconds left.
|
|t:|1760443942
|move|p1a: Gliscor|Protect|p1a: Gliscor
|-singleturn|p1a: Gliscor|Protect
|move|p2a: Clefable|Cosmic Power|p2a: Clefable
|-boost|p2a: Clefable|def|0
|-boost|p2a: Clefable|spd|0
|
|upkeep
|turn|44
|inactive|ghuiod has 120 seconds left.
|
|t:|1760443951
|move|p1a: Gliscor|Substitute|p1a: Gliscor
|-start|p1a: Gliscor|Substitute
|-damage|p1a: Gliscor|76/100 tox
|move|p2a: Clefable|Stored Power|p1a: Gliscor
|-end|p1a: Gliscor|Substitute
|
|-heal|p1a: Gliscor|88/100 tox|[from] ability: Poison Heal
|upkeep
|turn|45
|inactive|ghuiod has 120 seconds left.
|
|t:|1760443971
|move|p1a: Gliscor|Toxic|p2a: Clefable
|-fail|p2a: Clefable|tox
|move|p2a: Clefable|Cosmic Power|p2a: Clefable
|-boost|p2a: Clefable|def|0
|-boost|p2a: Clefable|spd|0
|
|-heal|p1a: Gliscor|100/100 tox|[from] ability: Poison Heal
|upkeep
|turn|46
|inactive|ghuiod has 120 seconds left.
|
|t:|1760443981
|move|p1a: Gliscor|Substitute|p1a: Gliscor
|-start|p1a: Gliscor|Substitute
|-damage|p1a: Gliscor|76/100 tox
|move|p2a: Clefable|Cosmic Power|p2a: Clefable
|-boost|p2a: Clefable|def|0
|-boost|p2a: Clefable|spd|0
|
|-heal|p1a: Gliscor|88/100 tox|[from] ability: Poison Heal
|upkeep
|turn|47
|inactive|ghuiod has 120 seconds left.
|
|t:|1760443997
|move|p1a: Gliscor|Facade|p2a: Clefable
|-damage|p2a: Clefable|93/100 tox
|move|p2a: Clefable|Cosmic Power|p2a: Clefable
|-boost|p2a: Clefable|def|0
|-boost|p2a: Clefable|spd|0
|
|-heal|p2a: Clefable|99/100 tox|[from] item: Leftovers
|-heal|p1a: Gliscor|100/100 tox|[from] ability: Poison Heal
|upkeep
|turn|48
|inactive|ghuiod has 120 seconds left.
|
|t:|1760444011
|move|p1a: Gliscor|Protect|p1a: Gliscor
|-singleturn|p1a: Gliscor|Protect
|move|p2a: Clefable|Cosmic Power|p2a: Clefable
|-boost|p2a: Clefable|def|0
|-boost|p2a: Clefable|spd|0
|
|-heal|p2a: Clefable|100/100 tox|[from] item: Leftovers
|upkeep
|turn|49
|inactive|ghuiod has 120 seconds left.
|
|t:|1760444021
|move|p1a: Gliscor|Facade|p2a: Clefable
|-damage|p2a: Clefable|93/100 tox
|move|p2a: Clefable|Stored Power|p1a: Gliscor
|-end|p1a: Gliscor|Substitute
|
|-heal|p2a: Clefable|99/100 tox|[from] item: Leftovers
|upkeep
|turn|50
|inactive|ghuiod has 120 seconds left.
|
|t:|1760444039
|move|p1a: Gliscor|Protect|p1a: Gliscor
|-singleturn|p1a: Gliscor|Protect
|move|p2a: Clefable|Cosmic Power|p2a: Clefable
|-boost|p2a: Clefable|def|0
|-boost|p2a: Clefable|spd|0
|
|-heal|p2a: Clefable|100/100 tox|[from] item: Leftovers
|upkeep
|turn|51
|inactive|ghuiod has 120 seconds left.
|
|t:|1760444064
|move|p1a: Gliscor|Substitute|p1a: Gliscor
|-start|p1a: Gliscor|Substitute
|-damage|p1a: Gliscor|76/100 tox
|move|p2a: Clefable|Stored Power|p1a: Gliscor
|-end|p1a: Gliscor|Substitute
|
|-heal|p1a: Gliscor|88/100 tox|[from] ability: Poison Heal
|upkeep
|turn|52
|
|t:|1760444075
|move|p1a: Gliscor|Protect|p1a: Gliscor
|-singleturn|p1a: Gliscor|Protect
|move|p2a: Clefable|Cosmic Power|p2a: Clefable
|-boost|p2a: Clefable|def|0
|-boost|p2a: Clefable|spd|0
|
|-heal|p1a: Gliscor|100/100 tox|[from] ability: Poison Heal
|upkeep
|turn|53
|
|t:|1760444090
|move|p1a: Gliscor|Facade|p2a: Clefable
|-damage|p2a: Clefable|93/100 tox
|move|p2a: Clefable|Stored Power|p1a: Gliscor
|-damage|p1a: Gliscor|37/100 tox
|
|-heal|p2a: Clefable|99/100 tox|[from] item: Leftovers
|-heal|p1a: Gliscor|49/100 tox|[from] ability: Poison Heal
|upkeep
|turn|54
|
|t:|1760444101
|move|p1a: Gliscor|Substitute|p1a: Gliscor
|-start|p1a: Gliscor|Substitute
|-damage|p1a: Gliscor|24/100 tox
|move|p2a: Clefable|Stored Power|p1a: Gliscor
|-crit|p1a: Gliscor
|-end|p1a: Gliscor|Substitute
|
|-heal|p2a: Clefable|100/100 tox|[from] item: Leftovers
|-heal|p1a: Gliscor|37/100 tox|[from] ability: Poison Heal
|upkeep
|turn|55
|
|t:|1760444115
|move|p1a: Gliscor|Protect|p1a: Gliscor
|-singleturn|p1a: Gliscor|Protect
|move|p2a: Clefable|Cosmic Power|p2a: Clefable
|-boost|p2a: Clefable|def|0
|-boost|p2a: Clefable|spd|0
|
|-heal|p1a: Gliscor|49/100 tox|[from] ability: Poison Heal
|upkeep
|turn|56
|c|☆ghuiod|你皮可西为什么不掉血
|inactive|ghuiod has 90 seconds left.
|
|t:|1760444138
|move|p1a: Gliscor|Protect||[still]
|-fail|p1a: Gliscor
|move|p2a: Clefable|Stored Power|p1a: Gliscor
|-damage|p1a: Gliscor|0 fnt
|faint|p1a: Gliscor
|
|upkeep
|inactive|ghuiod has 90 seconds left.
|
|t:|1760444150
|switch|p1a: Iron Valiant|Iron Valiant|100/100
|-enditem|p1a: Iron Valiant|Booster Energy
|-activate|p1a: Iron Valiant|ability: Quark Drive|[fromitem]
|-start|p1a: Iron Valiant|quarkdrivespe
|turn|57
|inactive|ghuiod has 90 seconds left.
|
|t:|1760444158
|move|p1a: Iron Valiant|Destiny Bond|p1a: Iron Valiant
|-singlemove|p1a: Iron Valiant|Destiny Bond
|move|p2a: Clefable|Stored Power|p1a: Iron Valiant
|-supereffective|p1a: Iron Valiant
|-crit|p1a: Iron Valiant
|-damage|p1a: Iron Valiant|0 fnt
|faint|p1a: Iron Valiant
|-activate|p1a: Iron Valiant|move: Destiny Bond
|-end|p1a: Iron Valiant|Quark Drive|[silent]
|faint|p2a: Clefable
|
|upkeep
|inactive|ghuiod has 90 seconds left.
|c|☆ghuiod|能告诉我吗
|
|t:|1760444187
|switch|p1a: Dragonite|Dragonite, M|100/100
|switch|p2a: Joseph Korman|Dragapult, F|16/100
|turn|58
|
|t:|1760444202
|move|p2a: Joseph Korman|Dragon Darts|p1a: Dragonite
|-supereffective|p1a: Dragonite
|-damage|p1a: Dragonite|50/100
|-anim|p2a: Joseph Korman|Dragon Darts|p1a: Dragonite
|-supereffective|p1a: Dragonite
|-damage|p1a: Dragonite|0 fnt
|faint|p1a: Dragonite
|
|win|fujizen
|raw|ghuiod's rating: 1214 &rarr; <strong>1191</strong><br />(-23 for losing)
|raw|fujizen's rating: 1238 &rarr; <strong>1261</strong><br />(+23 for winning)
|c|☆fujizen|gg
|l|☆fujizen
|player|p2|
|c|☆ghuiod|？
|l|☆ghuiod
|player|p1|
|j|☆ghuiod
|player|p1|ghuiod|hilbert-wonderlauncher|
|l|☆ghuiod
|player|p1|
