|j|☆Samarand
|j|☆ichoseyoupoppo
|t:|1760441833
|gametype|singles
|player|p1|Samarand|policeman|1160
|player|p2|ichoseyoupoppo|101|1177
|gen|9
|tier|[Gen 9] OU
|rated|
|rule|HP Percentage Mod: HP is shown in percentages
|rule|Endless Battle Clause: Forcing endless battles is banned
|rule|Species Clause: Limit one of each Pokémon
|rule|OHKO Clause: OHKO moves are banned
|rule|Evasion Items Clause: Evasion items are banned
|rule|Evasion Moves Clause: Evasion moves are banned
|rule|Evasion Abilities Clause: Evasion abilities are banned
|rule|Sleep Moves Clause: Sleep-inducing moves are banned
|clearpoke
|poke|p1|Gastrodon, F|
|poke|p1|Delphox, M|
|poke|p1|Chesnaught, F|
|poke|p1|Ninetales, M|
|poke|p1|Glimmora, M|
|poke|p1|Diancie|
|poke|p2|Hippowdon, F|
|poke|p2|Latios, M|
|poke|p2|Excadrill, F|
|poke|p2|Primarina, M|
|poke|p2|Skarmory, F|
|poke|p2|Weavile, M|
|teampreview
|
|t:|1760441865
|teamsize|p1|6
|teamsize|p2|6
|start
|switch|p1a: Gastrodon|Gastrodon, F|100/100
|switch|p2a: Weavile|Weavile, M|100/100
|-ability|p2a: Weavile|Pressure
|turn|1
|
|t:|1760441872
|switch|p1a: Glimmora|Glimmora, M|100/100
|move|p2a: Weavile|Swords Dance|p2a: Weavile
|-boost|p2a: Weavile|atk|2
|
|upkeep
|turn|2
|
|t:|1760441877
|move|p2a: Weavile|Knock Off|p1a: Glimmora
|-damage|p1a: Glimmora|3/100
|-activate|p1a: Glimmora|ability: Toxic Debris
|-sidestart|p2: ichoseyoupoppo|move: Toxic Spikes
|-enditem|p1a: Glimmora|Assault Vest|[from] move: Knock Off|[of] p2a: Weavile
|move|p1a: Glimmora|Power Gem|p2a: Weavile
|-supereffective|p2a: Weavile
|-damage|p2a: Weavile|0 fnt
|faint|p2a: Weavile
|
|upkeep
|
|t:|1760441881
|switch|p2a: Excadrill|Excadrill, F|100/100
|-item|p2a: Excadrill|Air Balloon
|turn|3
|
|t:|1760441894
|switch|p1a: Chesnaught|Chesnaught, F|100/100
|move|p2a: Excadrill|Rapid Spin|p1a: Chesnaught
|-damage|p1a: Chesnaught|90/100
|-boost|p2a: Excadrill|spe|1
|-damage|p2a: Excadrill|84/100|[from] item: Rocky Helmet|[of] p1a: Chesnaught
|-sideend|p2: ichoseyoupoppo|Toxic Spikes|[from] move: Rapid Spin|[of] p2a: Excadrill
|
|upkeep
|turn|4
|
|t:|1760441908
|switch|p2a: Skarmory|Skarmory, F|100/100
|move|p1a: Chesnaught|Leech Seed|p2a: Skarmory
|-start|p2a: Skarmory|move: Leech Seed
|
|-damage|p2a: Skarmory|88/100|[from] Leech Seed|[of] p1a: Chesnaught
|-heal|p1a: Chesnaught|100/100|[silent]
|upkeep
|turn|5
|
|t:|1760441921
|switch|p1a: Delphox|Delphox, M|100/100
|move|p2a: Skarmory|Spikes|p1a: Delphox
|-sidestart|p1: Samarand|Spikes
|
|-damage|p2a: Skarmory|76/100|[from] Leech Seed|[of] p1a: Delphox
|upkeep
|turn|6
|
|t:|1760441941
|switch|p1a: Diancie|Diancie|100/100
|-damage|p1a: Diancie|88/100|[from] Spikes
|move|p2a: Skarmory|Spikes|p1a: Diancie
|-sidestart|p1: Samarand|Spikes
|
|-heal|p1a: Diancie|94/100|[from] item: Leftovers
|-damage|p2a: Skarmory|64/100|[from] Leech Seed|[of] p1a: Diancie
|-heal|p1a: Diancie|100/100|[silent]
|upkeep
|turn|7
|
|t:|1760441946
|move|p2a: Skarmory|Spikes|p1a: Diancie
|-sidestart|p1: Samarand|Spikes
|move|p1a: Diancie|Calm Mind|p1a: Diancie
|-boost|p1a: Diancie|spa|1
|-boost|p1a: Diancie|spd|1
|
|-damage|p2a: Skarmory|51/100|[from] Leech Seed|[of] p1a: Diancie
|upkeep
|turn|8
|
|t:|1760441950
|move|p2a: Skarmory|Body Press|p1a: Diancie
|-crit|p1a: Diancie
|-damage|p1a: Diancie|62/100
|move|p1a: Diancie|Iron Defense|p1a: Diancie
|-boost|p1a: Diancie|def|2
|
|-heal|p1a: Diancie|69/100|[from] item: Leftovers
|-damage|p2a: Skarmory|39/100|[from] Leech Seed|[of] p1a: Diancie
|-heal|p1a: Diancie|82/100|[silent]
|upkeep
|turn|9
|
|t:|1760441957
|switch|p2a: Hippowdon|Hippowdon, F|100/100
|-weather|Sandstorm|[from] ability: Sand Stream|[of] p2a: Hippowdon
|move|p1a: Diancie|Iron Defense|p1a: Diancie
|-boost|p1a: Diancie|def|2
|
|-weather|Sandstorm|[upkeep]
|-heal|p1a: Diancie|88/100|[from] item: Leftovers
|upkeep
|turn|10
|
|t:|1760441964
|-terastallize|p1a: Diancie|Flying
|move|p1a: Diancie|Calm Mind|p1a: Diancie
|-boost|p1a: Diancie|spa|1
|-boost|p1a: Diancie|spd|1
|move|p2a: Hippowdon|Whirlwind|p1a: Diancie
|drag|p1a: Gastrodon|Gastrodon, F|100/100
|-damage|p1a: Gastrodon|76/100|[from] Spikes
|
|-weather|Sandstorm|[upkeep]
|upkeep
|turn|11
|-message|Samarand forfeited.
|
|win|ichoseyoupoppo
|raw|Samarand's rating: 1160 &rarr; <strong>1136</strong><br />(-24 for losing)
|raw|ichoseyoupoppo's rating: 1177 &rarr; <strong>1201</strong><br />(+24 for winning)
