|j|☆snakey77
|j|☆Tonni stark
|t:|1760349483
|gametype|singles
|player|p1|snakey77|169|1471
|player|p2|Tonni stark|170|1398
|gen|9
|tier|[Gen 9] OU
|rated|
|rule|HP Percentage Mod: HP is shown in percentages
|rule|Endless Battle Clause: Forcing endless battles is banned
|rule|Species Clause: Limit one of each Pokémon
|rule|OHKO Clause: OHKO moves are banned
|rule|Evasion Items Clause: Evasion items are banned
|rule|Evasion Moves Clause: Evasion moves are banned
|rule|Evasion Abilities Clause: Evasion abilities are banned
|rule|Sleep Moves Clause: Sleep-inducing moves are banned
|clearpoke
|poke|p1|Armarouge, M|
|poke|p1|Great Tusk|
|poke|p1|Deoxys-Speed|
|poke|p1|Hawlucha, F|
|poke|p1|Indeedee, M|
|poke|p1|Meowscarada, F|
|poke|p2|Pecharunt|
|poke|p2|Yanmega, M|
|poke|p2|Clefable, F|
|poke|p2|Cryogonal|
|poke|p2|Blaziken, F|
|poke|p2|Quaquaval, F|
|teampreview
|inactive|Battle timer is ON: inactive players will automatically lose when time's up. (requested by Tonni stark)
|
|t:|1760349496
|teamsize|p1|6
|teamsize|p2|6
|start
|switch|p1a: Indeedee|Indeedee, M|100/100
|switch|p2a: Yanmega|Yanmega, M, shiny|100/100
|-fieldstart|move: Psychic Terrain|[from] ability: Psychic Surge|[of] p1a: Indeedee
|turn|1
|inactive|snakey77 has 120 seconds left.
|
|t:|1760349527
|switch|p1a: EL CONDOR PASA|Hawlucha, F|100/100
|-enditem|p1a: EL CONDOR PASA|Psychic Seed
|-boost|p1a: EL CONDOR PASA|spd|1|[from] item: Psychic Seed
|move|p2a: Yanmega|Bug Buzz|p1a: EL CONDOR PASA
|-resisted|p1a: EL CONDOR PASA
|-damage|p1a: EL CONDOR PASA|89/100
|-enditem|p2a: Yanmega|Throat Spray
|-boost|p2a: Yanmega|spa|1|[from] item: Throat Spray
|
|-ability|p2a: Yanmega|Speed Boost|boost
|-boost|p2a: Yanmega|spe|1
|upkeep
|turn|2
|
|t:|1760349537
|move|p2a: Yanmega|Protect|p2a: Yanmega
|-singleturn|p2a: Yanmega|Protect
|move|p1a: EL CONDOR PASA|Acrobatics|p2a: Yanmega
|-activate|p2a: Yanmega|move: Protect
|
|-ability|p2a: Yanmega|Speed Boost|boost
|-boost|p2a: Yanmega|spe|1
|upkeep
|turn|3
|
|t:|1760349554
|move|p2a: Yanmega|Protect||[still]
|-fail|p2a: Yanmega
|move|p1a: EL CONDOR PASA|Acrobatics|p2a: Yanmega
|-supereffective|p2a: Yanmega
|-damage|p2a: Yanmega|0 fnt
|faint|p2a: Yanmega
|
|upkeep
|
|t:|1760349558
|switch|p2a: Pecharunt|Pecharunt|100/100
|turn|4
|
|t:|1760349563
|switch|p1a: Armarouge|Armarouge, M|100/100
|move|p2a: Pecharunt|Malignant Chain|p1a: Armarouge
|-damage|p1a: Armarouge|44/100
|-status|p1a: Armarouge|tox
|-start|p1a: Armarouge|confusion|[from] ability: Poison Puppeteer|[of] p2a: Pecharunt
|
|-damage|p1a: Armarouge|38/100 tox|[from] psn
|upkeep
|turn|5
|
|t:|1760349569
|switch|p2a: Quaquaval|Quaquaval, F, shiny|100/100
|-activate|p1a: Armarouge|confusion
|move|p1a: Armarouge|Expanding Force|p2a: Quaquaval
|-supereffective|p2a: Quaquaval
|-damage|p2a: Quaquaval|0 fnt
|faint|p2a: Quaquaval
|-damage|p1a: Armarouge|28/100 tox|[from] item: Life Orb
|
|-damage|p1a: Armarouge|16/100 tox|[from] psn
|upkeep
|
|t:|1760349583
|switch|p2a: Cryogonal|Cryogonal|100/100
|turn|6
|
|t:|1760349588
|move|p2a: Cryogonal|Frost Breath|p1a: Armarouge
|-resisted|p1a: Armarouge
|-crit|p1a: Armarouge
|-damage|p1a: Armarouge|0 fnt
|faint|p1a: Armarouge
|
|upkeep
|
|t:|1760349601
|switch|p1a: Deoxys|Deoxys-Speed|100/100
|-ability|p1a: Deoxys|Pressure
|turn|7
|
|t:|1760349603
|move|p1a: Deoxys|Expanding Force|p2a: Cryogonal
|-damage|p2a: Cryogonal|50/100
|-damage|p1a: Deoxys|91/100|[from] item: Life Orb
|move|p2a: Cryogonal|Frost Breath|p1a: Deoxys
|-crit|p1a: Deoxys
|-damage|p1a: Deoxys|33/100
|
|upkeep
|turn|8
|
|t:|1760349612
|move|p1a: Deoxys|Expanding Force|p2a: Cryogonal
|-damage|p2a: Cryogonal|1/100
|-damage|p1a: Deoxys|23/100|[from] item: Life Orb
|move|p2a: Cryogonal|Frost Breath|p1a: Deoxys|[miss]
|-miss|p2a: Cryogonal|p1a: Deoxys
|
|-fieldend|move: Psychic Terrain
|upkeep
|turn|9
|
|t:|1760349618
|move|p1a: Deoxys|Expanding Force|p2a: Cryogonal
|-damage|p2a: Cryogonal|0 fnt
|faint|p2a: Cryogonal
|-damage|p1a: Deoxys|13/100|[from] item: Life Orb
|
|upkeep
|
|t:|1760349621
|switch|p2a: Blaziken|Blaziken, F, shiny|100/100
|turn|10
|
|t:|1760349624
|move|p2a: Blaziken|Vacuum Wave|p1a: Deoxys
|-resisted|p1a: Deoxys
|-damage|p1a: Deoxys|0 fnt
|faint|p1a: Deoxys
|-damage|p2a: Blaziken|91/100|[from] item: Life Orb
|
|-ability|p2a: Blaziken|Speed Boost|boost
|-boost|p2a: Blaziken|spe|1
|upkeep
|
|t:|1760349635
|switch|p1a: Great Tusk|Great Tusk|100/100
|-enditem|p1a: Great Tusk|Booster Energy
|-activate|p1a: Great Tusk|ability: Protosynthesis|[fromitem]
|-start|p1a: Great Tusk|protosynthesisspe
|turn|11
|
|t:|1760349643
|-terastallize|p2a: Blaziken|Fire
|move|p1a: Great Tusk|Headlong Rush|p2a: Blaziken
|-supereffective|p2a: Blaziken
|-damage|p2a: Blaziken|0 fnt
|-unboost|p1a: Great Tusk|def|1
|-unboost|p1a: Great Tusk|spd|1
|faint|p2a: Blaziken
|
|upkeep
|
|t:|1760349650
|switch|p2a: Clefable|Clefable, F|100/100
|turn|12
|
|t:|1760349670
|move|p1a: Great Tusk|Headlong Rush|p2a: Clefable
|-damage|p2a: Clefable|51/100
|-unboost|p1a: Great Tusk|def|1
|-unboost|p1a: Great Tusk|spd|1
|move|p2a: Clefable|Moonblast|p1a: Great Tusk
|-supereffective|p1a: Great Tusk
|-damage|p1a: Great Tusk|8/100
|
|-heal|p2a: Clefable|57/100|[from] item: Leftovers
|upkeep
|turn|13
|
|t:|1760349678
|-end|p1a: Great Tusk|Protosynthesis|[silent]
|switch|p1a: Indeedee|Indeedee, M|100/100
|-fieldstart|move: Psychic Terrain|[from] ability: Psychic Surge|[of] p1a: Indeedee
|move|p2a: Clefable|Moonlight|p2a: Clefable
|-heal|p2a: Clefable|100/100
|
|upkeep
|turn|14
|
|t:|1760349684
|move|p1a: Indeedee|Encore|p2a: Clefable
|-start|p2a: Clefable|Encore
|move|p2a: Clefable|Moonlight|p2a: Clefable
|-fail|p2a: Clefable|heal
|
|upkeep
|turn|15
|
|t:|1760349689
|switch|p2a: Pecharunt|Pecharunt|100/100
|move|p1a: Indeedee|Expanding Force|p2a: Pecharunt
|-supereffective|p2a: Pecharunt
|-damage|p2a: Pecharunt|0 fnt
|faint|p2a: Pecharunt
|
|upkeep
|
|t:|1760349691
|switch|p2a: Clefable|Clefable, F|100/100
|turn|16
|
|t:|1760349694
|move|p1a: Indeedee|Expanding Force|p2a: Clefable
|-damage|p2a: Clefable|52/100
|move|p2a: Clefable|Moonblast|p1a: Indeedee
|-damage|p1a: Indeedee|61/100
|-unboost|p1a: Indeedee|spa|1
|
|-heal|p2a: Clefable|58/100|[from] item: Leftovers
|upkeep
|turn|17
|
|t:|1760349705
|move|p1a: Indeedee|Expanding Force|p2a: Clefable
|-damage|p2a: Clefable|2/100
|move|p2a: Clefable|Moonblast|p1a: Indeedee
|-damage|p1a: Indeedee|24/100
|
|-heal|p2a: Clefable|8/100|[from] item: Leftovers
|upkeep
|turn|18
|-message|Tonni stark forfeited.
|
|win|snakey77
|raw|snakey77's rating: 1471 &rarr; <strong>1487</strong><br />(+16 for winning)
|raw|Tonni stark's rating: 1398 &rarr; <strong>1382</strong><br />(-16 for losing)
|l|☆Tonni stark
|player|p2|
|l|☆snakey77
|player|p1|
