|j|☆ColeQAQ
|j|☆fqjx
|t:|1760334028
|gametype|singles
|player|p1|ColeQAQ|266|1092
|player|p2|fqjx|petrel|1102
|gen|9
|tier|[Gen 9] OU
|rated|
|rule|HP Percentage Mod: HP is shown in percentages
|rule|Endless Battle Clause: Forcing endless battles is banned
|rule|Species Clause: Limit one of each Pokémon
|rule|OHKO Clause: OHKO moves are banned
|rule|Evasion Items Clause: Evasion items are banned
|rule|Evasion Moves Clause: Evasion moves are banned
|rule|Evasion Abilities Clause: Evasion abilities are banned
|rule|Sleep Moves Clause: Sleep-inducing moves are banned
|clearpoke
|poke|p1|Lokix, F|
|poke|p1|Landorus-Therian, M|
|poke|p1|Dondozo, M|
|poke|p1|Serperior, F|
|poke|p1|Cinderace, F|
|poke|p1|Pecharunt|
|poke|p2|Luxray, F|
|poke|p2|Incineroar, M|
|poke|p2|Hydrapple, F|
|poke|p2|Garganacl, F|
|poke|p2|Drifblim, M|
|poke|p2|Glaceon, M|
|teampreview
|
|t:|1760334037
|teamsize|p1|6
|teamsize|p2|6
|start
|switch|p1a: Lokix|Lokix, F, shiny|100/100
|switch|p2a: Incineroar|Incineroar, M|100/100
|-ability|p2a: Incineroar|Intimidate|boost
|-unboost|p1a: Lokix|atk|1
|turn|1
|
|t:|1760334049
|move|p2a: Incineroar|Fake Out|p1a: Lokix
|-damage|p1a: Lokix|80/100
|cant|p1a: Lokix|flinch
|
|upkeep
|turn|2
|
|t:|1760334063
|move|p1a: Lokix|Axe Kick|p2a: Incineroar
|-supereffective|p2a: Incineroar
|-damage|p2a: Incineroar|39/100
|-enditem|p2a: Incineroar|Sitrus Berry|[eat]
|-heal|p2a: Incineroar|63/100|[from] item: Sitrus Berry
|move|p2a: Incineroar|Knock Off|p1a: Lokix
|-resisted|p1a: Lokix
|-damage|p1a: Lokix|44/100
|-enditem|p1a: Lokix|Choice Band|[from] move: Knock Off|[of] p2a: Incineroar
|
|upkeep
|turn|3
|
|t:|1760334073
|switch|p2a: Drifblim|Drifblim, M, shiny|100/100
|move|p1a: Lokix|U-turn|p2a: Drifblim
|-resisted|p2a: Drifblim
|-damage|p2a: Drifblim|90/100
|-enditem|p2a: Drifblim|Red Card|[of] p1a: Lokix
|drag|p1a: Serperior|Serperior, F|100/100
|
|upkeep
|turn|4
|
|t:|1760334083
|move|p1a: Serperior|Leaf Storm|p2a: Drifblim
|-resisted|p2a: Drifblim
|-damage|p2a: Drifblim|68/100
|-boost|p1a: Serperior|spa|2
|move|p2a: Drifblim|Curse|p1a: Serperior
|-start|p1a: Serperior|Curse|[of] p2a: Drifblim
|-damage|p2a: Drifblim|18/100
|
|-damage|p1a: Serperior|76/100|[from] Curse
|upkeep
|turn|5
|
|t:|1760334092
|switch|p2a: Hydrapple|Hydrapple, F|100/100
|move|p1a: Serperior|Leaf Storm|p2a: Hydrapple
|-resisted|p2a: Hydrapple
|-damage|p2a: Hydrapple|76/100
|-boost|p1a: Serperior|spa|2
|
|-damage|p1a: Serperior|51/100|[from] Curse
|upkeep
|turn|6
|
|t:|1760334109
|move|p1a: Serperior|Dragon Pulse|p2a: Hydrapple
|-supereffective|p2a: Hydrapple
|-damage|p2a: Hydrapple|0 fnt
|faint|p2a: Hydrapple
|
|-damage|p1a: Serperior|26/100|[from] Curse
|upkeep
|
|t:|1760334114
|switch|p2a: Incineroar|Incineroar, M|63/100
|-ability|p2a: Incineroar|Intimidate|boost
|-boost|p1a: Serperior|atk|1
|turn|7
|
|t:|1760334120
|move|p2a: Incineroar|Fake Out|p1a: Serperior
|-damage|p1a: Serperior|10/100
|cant|p1a: Serperior|flinch
|
|-damage|p1a: Serperior|0 fnt|[from] Curse
|faint|p1a: Serperior
|upkeep
|
|t:|1760334127
|switch|p1a: Lokix|Lokix, F, shiny|44/100
|turn|8
|
|t:|1760334142
|switch|p2a: Drifblim|Drifblim, M, shiny|18/100
|move|p1a: Lokix|First Impression|p2a: Drifblim
|-resisted|p2a: Drifblim
|-damage|p2a: Drifblim|0 fnt
|-damage|p1a: Lokix|19/100|[from] ability: Aftermath|[of] p2a: Drifblim
|faint|p2a: Drifblim
|
|upkeep
|
|t:|1760334152
|switch|p2a: Incineroar|Incineroar, M|63/100
|-ability|p2a: Incineroar|Intimidate|boost
|-unboost|p1a: Lokix|atk|1
|turn|9
|
|t:|1760334157
|switch|p1a: Dondozo|Dondozo, M|100/100
|move|p2a: Incineroar|Fake Out|p1a: Dondozo
|-damage|p1a: Dondozo|95/100
|
|-heal|p1a: Dondozo|100/100|[from] item: Leftovers
|upkeep
|turn|10
|-message|fqjx forfeited.
|
|win|ColeQAQ
|raw|ColeQAQ's rating: 1092 &rarr; <strong>1119</strong><br />(+27 for winning)
|raw|fqjx's rating: 1102 &rarr; <strong>1076</strong><br />(-26 for losing)
|l|☆fqjx
|player|p2|
|l|☆ColeQAQ
|player|p1|
