|j|☆elpets
|j|‽solascriptura1521
|t:|1760437426
|gametype|singles
|player|p1|elpets|infielder|1715
|player|p2|solascriptura1521|1|1776
|gen|9
|tier|[Gen 9] OU
|rated|
|rule|HP Percentage Mod: HP is shown in percentages
|rule|Endless Battle Clause: Forcing endless battles is banned
|rule|Species Clause: Limit one of each Pokémon
|rule|OHKO Clause: OHKO moves are banned
|rule|Evasion Items Clause: Evasion items are banned
|rule|Evasion Moves Clause: Evasion moves are banned
|rule|Evasion Abilities Clause: Evasion abilities are banned
|rule|Sleep Moves Clause: Sleep-inducing moves are banned
|clearpoke
|poke|p1|Hatterene, F|
|poke|p1|Dragonite, F|
|poke|p1|Breloom, F|
|poke|p1|Azumarill, F|
|poke|p1|Great Tusk|
|poke|p1|Skeledirge, M|
|poke|p2|Torkoal, F|
|poke|p2|Walking Wake|
|poke|p2|Raging Bolt|
|poke|p2|Kingambit, F|
|poke|p2|Great Tusk|
|poke|p2|Hatterene, F|
|teampreview
|
|t:|1760437429
|teamsize|p1|6
|teamsize|p2|6
|start
|switch|p1a: Azumarill|Azumarill, F|100/100
|switch|p2a: Torkoal|Torkoal, F|100/100
|-weather|SunnyDay|[from] ability: Drought|[of] p2a: Torkoal
|turn|1
|inactive|Battle timer is ON: inactive players will automatically lose when time's up. (requested by elpets)
|
|t:|1760437433
|switch|p1a: Hatterene|Hatterene, F|100/100
|move|p2a: Torkoal|Stealth Rock|p1a: Hatterene
|move|p1a: Hatterene|Stealth Rock|p2a: Torkoal|[from] ability: Magic Bounce
|-sidestart|p2: solascriptura1521|move: Stealth Rock
|
|-weather|SunnyDay|[upkeep]
|upkeep
|turn|2
|
|t:|1760437444
|move|p2a: Torkoal|Rapid Spin|p1a: Hatterene
|-crit|p1a: Hatterene
|-damage|p1a: Hatterene|83/100
|-boost|p2a: Torkoal|spe|1
|-sideend|p2: solascriptura1521|Stealth Rock|[from] move: Rapid Spin|[of] p2a: Torkoal
|move|p1a: Hatterene|Trick Room|p1a: Hatterene
|-fieldstart|move: Trick Room|[of] p1a: Hatterene
|
|-weather|SunnyDay|[upkeep]
|-heal|p1a: Hatterene|89/100|[from] item: Leftovers
|upkeep
|turn|3
|
|t:|1760437451
|switch|p2a: Hatterene|Hatterene, F|100/100
|move|p1a: Hatterene|Psyshock|p2a: Hatterene
|-resisted|p2a: Hatterene
|-damage|p2a: Hatterene|81/100
|
|-weather|SunnyDay|[upkeep]
|-heal|p1a: Hatterene|95/100|[from] item: Leftovers
|-heal|p2a: Hatterene|87/100|[from] item: Leftovers
|upkeep
|turn|4
|
|t:|1760437454
|move|p1a: Hatterene|Mystical Fire|p2a: Hatterene
|-damage|p2a: Hatterene|41/100
|-unboost|p2a: Hatterene|spa|1
|move|p2a: Hatterene|Mystical Fire|p1a: Hatterene
|-damage|p1a: Hatterene|72/100
|-unboost|p1a: Hatterene|spa|1
|
|-weather|SunnyDay|[upkeep]
|-heal|p1a: Hatterene|78/100|[from] item: Leftovers
|-heal|p2a: Hatterene|47/100|[from] item: Leftovers
|upkeep
|turn|5
|
|t:|1760437461
|move|p1a: Hatterene|Mystical Fire|p2a: Hatterene
|-damage|p2a: Hatterene|16/100
|-unboost|p2a: Hatterene|spa|1
|move|p2a: Hatterene|Mystical Fire|p1a: Hatterene
|-damage|p1a: Hatterene|61/100
|-unboost|p1a: Hatterene|spa|1
|
|-weather|SunnyDay|[upkeep]
|-heal|p1a: Hatterene|67/100|[from] item: Leftovers
|-heal|p2a: Hatterene|22/100|[from] item: Leftovers
|upkeep
|turn|6
|
|t:|1760437470
|move|p1a: Hatterene|Mystical Fire|p2a: Hatterene
|-damage|p2a: Hatterene|0 fnt
|faint|p2a: Hatterene
|
|-weather|SunnyDay|[upkeep]
|-heal|p1a: Hatterene|73/100|[from] item: Leftovers
|-fieldend|move: Trick Room
|upkeep
|
|t:|1760437473
|switch|p2a: Walking Wake|Walking Wake|100/100
|-activate|p2a: Walking Wake|ability: Protosynthesis
|-start|p2a: Walking Wake|protosynthesisspa
|turn|7
|
|t:|1760437476
|switch|p1a: Azumarill|Azumarill, F|100/100
|move|p2a: Walking Wake|Hydro Steam|p1a: Azumarill
|-resisted|p1a: Azumarill
|-damage|p1a: Azumarill|61/100
|
|-weather|SunnyDay|[upkeep]
|upkeep
|turn|8
|
|t:|1760437484
|-end|p2a: Walking Wake|Protosynthesis|[silent]
|switch|p2a: Great Tusk|Great Tusk|100/100
|-activate|p2a: Great Tusk|ability: Protosynthesis
|-start|p2a: Great Tusk|protosynthesisatk
|move|p1a: Azumarill|Play Rough|p2a: Great Tusk|[miss]
|-miss|p1a: Azumarill|p2a: Great Tusk
|
|-weather|none
|-end|p2a: Great Tusk|Protosynthesis
|upkeep
|turn|9
|
|t:|1760437488
|move|p2a: Great Tusk|Headlong Rush|p1a: Azumarill
|-damage|p1a: Azumarill|0 fnt
|-unboost|p2a: Great Tusk|def|1
|-unboost|p2a: Great Tusk|spd|1
|faint|p1a: Azumarill
|
|upkeep
|
|t:|1760437492
|switch|p1a: Great Tusk|Great Tusk|100/100
|-enditem|p1a: Great Tusk|Booster Energy
|-activate|p1a: Great Tusk|ability: Protosynthesis|[fromitem]
|-start|p1a: Great Tusk|protosynthesisatk
|turn|10
|j| Ctannn
|
|t:|1760437500
|-end|p2a: Great Tusk|Protosynthesis|[silent]
|switch|p2a: Walking Wake|Walking Wake|100/100
|move|p1a: Great Tusk|Rapid Spin|p2a: Walking Wake
|-damage|p2a: Walking Wake|74/100
|-boost|p1a: Great Tusk|spe|1
|
|upkeep
|turn|11
|
|t:|1760437504
|move|p1a: Great Tusk|Headlong Rush|p2a: Walking Wake
|-damage|p2a: Walking Wake|0 fnt
|-unboost|p1a: Great Tusk|def|1
|-unboost|p1a: Great Tusk|spd|1
|faint|p2a: Walking Wake
|-end|p2a: Walking Wake|Protosynthesis|[silent]
|
|upkeep
|
|t:|1760437510
|switch|p2a: Great Tusk|Great Tusk|100/100
|turn|12
|
|t:|1760437512
|move|p1a: Great Tusk|Ice Spinner|p2a: Great Tusk
|-supereffective|p2a: Great Tusk
|-damage|p2a: Great Tusk|51/100
|move|p2a: Great Tusk|Rapid Spin|p1a: Great Tusk
|-damage|p1a: Great Tusk|80/100
|-boost|p2a: Great Tusk|spe|1
|
|-heal|p2a: Great Tusk|57/100|[from] item: Leftovers
|upkeep
|turn|13
|
|t:|1760437522
|move|p1a: Great Tusk|Ice Spinner|p2a: Great Tusk
|-supereffective|p2a: Great Tusk
|-crit|p2a: Great Tusk
|-damage|p2a: Great Tusk|0 fnt
|faint|p2a: Great Tusk
|-end|p2a: Great Tusk|Protosynthesis|[silent]
|
|upkeep
|
|t:|1760437526
|switch|p2a: Torkoal|Torkoal, F|100/100
|-weather|SunnyDay|[from] ability: Drought|[of] p2a: Torkoal
|turn|14
|j| jdjdkdjdbsbe
|
|t:|1760437528
|move|p1a: Great Tusk|Headlong Rush|p2a: Torkoal
|-supereffective|p2a: Torkoal
|-damage|p2a: Torkoal|0 fnt
|-unboost|p1a: Great Tusk|def|1
|-unboost|p1a: Great Tusk|spd|1
|faint|p2a: Torkoal
|
|-weather|SunnyDay|[upkeep]
|upkeep
|
|t:|1760437532
|switch|p2a: Kingambit|Kingambit, F|100/100
|-activate|p2a: Kingambit|ability: Supreme Overlord
|-start|p2a: Kingambit|fallen4|[silent]
|turn|15
|
|t:|1760437541
|-terastallize|p2a: Kingambit|Fairy
|move|p1a: Great Tusk|Headlong Rush|p2a: Kingambit
|-damage|p2a: Kingambit|42/100
|-unboost|p1a: Great Tusk|def|1
|-unboost|p1a: Great Tusk|spd|1
|move|p2a: Kingambit|Iron Head|p1a: Great Tusk
|-damage|p1a: Great Tusk|0 fnt
|faint|p1a: Great Tusk
|-end|p1a: Great Tusk|Protosynthesis|[silent]
|
|-weather|SunnyDay|[upkeep]
|upkeep
|l|☆elpets
|inactive|elpets disconnected and has a minute to reconnect!
|player|p1|
|j|☆elpets
|inactive|elpets reconnected and has 135 seconds left.
|player|p1|elpets|infielder|
|
|t:|1760437559
|switch|p1a: Ippo|Breloom, F|100/100
|turn|16
|
|t:|1760437562
|move|p1a: Ippo|Bullet Seed|p2a: Kingambit
|-damage|p2a: Kingambit|27/100
|-damage|p2a: Kingambit|12/100
|-damage|p2a: Kingambit|0 fnt
|faint|p2a: Kingambit
|-end|p2a: Kingambit|fallen4|[silent]
|-hitcount|p2: Kingambit|3
|
|-weather|SunnyDay|[upkeep]
|upkeep
|j| Forever1507
|
|t:|1760437564
|switch|p2a: Raging Bolt|Raging Bolt|100/100
|-activate|p2a: Raging Bolt|ability: Protosynthesis
|-start|p2a: Raging Bolt|protosynthesisspa
|turn|17
|
|t:|1760437567
|move|p1a: Ippo|Rock Tomb|p2a: Raging Bolt
|-damage|p2a: Raging Bolt|72/100
|-unboost|p2a: Raging Bolt|spe|1
|move|p2a: Raging Bolt|Thunderbolt|p1a: Ippo
|-resisted|p1a: Ippo
|-damage|p1a: Ippo|33/100
|
|-weather|SunnyDay|[upkeep]
|upkeep
|turn|18
|
|t:|1760437575
|move|p1a: Ippo|Mach Punch|p2a: Raging Bolt
|-damage|p2a: Raging Bolt|45/100
|move|p2a: Raging Bolt|Thunderbolt|p1a: Ippo
|-resisted|p1a: Ippo
|-crit|p1a: Ippo
|-damage|p1a: Ippo|0 fnt
|faint|p1a: Ippo
|
|-weather|SunnyDay|[upkeep]
|upkeep
|
|t:|1760437577
|switch|p1a: Dragonite|Dragonite, F|100/100
|turn|19
|
|t:|1760437580
|move|p1a: Dragonite|Outrage|p2a: Raging Bolt
|-supereffective|p2a: Raging Bolt
|-damage|p2a: Raging Bolt|0 fnt
|faint|p2a: Raging Bolt
|-end|p2a: Raging Bolt|Protosynthesis|[silent]
|
|win|elpets
|raw|elpets's rating: 1715 &rarr; <strong>1738</strong><br />(+23 for winning)
|raw|solascriptura1521's rating: 1776 &rarr; <strong>1753</strong><br />(-23 for losing)
|l|‽solascriptura1521
|player|p2|
|l|☆elpets
|player|p1|
|l| Forever1507
