|j|☆coolbluekid
|j|☆Godislaw
|t:|1760304568
|gametype|singles
|player|p1|coolbluekid|1|1322
|player|p2|Godislaw|169|1363
|gen|9
|tier|[Gen 9] OU
|rated|
|rule|HP Percentage Mod: HP is shown in percentages
|rule|Endless Battle Clause: Forcing endless battles is banned
|rule|Species Clause: Limit one of each Pokémon
|rule|OHKO Clause: OHKO moves are banned
|rule|Evasion Items Clause: Evasion items are banned
|rule|Evasion Moves Clause: Evasion moves are banned
|rule|Evasion Abilities Clause: Evasion abilities are banned
|rule|Sleep Moves Clause: Sleep-inducing moves are banned
|clearpoke
|poke|p1|Furret, F|
|poke|p1|Gliscor, M|
|poke|p1|Tornadus-Therian, M|
|poke|p1|Fezandipiti, M|
|poke|p1|Araquanid, F|
|poke|p1|Slowking-Galar, F|
|poke|p2|Darkrai|
|poke|p2|Galvantula, F|
|poke|p2|Garchomp, M|
|poke|p2|Dusclops, M|
|poke|p2|Skeledirge, F|
|poke|p2|Ogerpon-Wellspring, F|
|teampreview
|inactive|Battle timer is ON: inactive players will automatically lose when time's up. (requested by coolbluekid)
|
|t:|1760304582
|teamsize|p1|6
|teamsize|p2|6
|start
|switch|p1a: Tornadus|Tornadus-Therian, M|100/100
|switch|p2a: Galvantula|Galvantula, F, shiny|100/100
|turn|1
|
|t:|1760304590
|move|p1a: Tornadus|U-turn|p2a: Galvantula
|-damage|p2a: Galvantula|69/100
|
|t:|1760304592
|switch|p1a: Slowking|Slowking-Galar, F|100/100|[from] U-turn
|move|p2a: Galvantula|Thunder|p1a: Slowking
|-damage|p1a: Slowking|72/100
|-status|p1a: Slowking|par
|
|-heal|p1a: Slowking|78/100 par|[from] item: Black Sludge
|upkeep
|turn|2
|
|t:|1760304603
|move|p2a: Galvantula|Sticky Web|p1a: Slowking
|-sidestart|p1: coolbluekid|move: Sticky Web
|cant|p1a: Slowking|par
|
|-heal|p1a: Slowking|84/100 par|[from] item: Black Sludge
|upkeep
|turn|3
|j| tristan2a1
|
|t:|1760304610
|move|p2a: Galvantula|Thunder|p1a: Slowking
|-damage|p1a: Slowking|57/100 par
|move|p1a: Slowking|Sludge Bomb|p2a: Galvantula
|-crit|p2a: Galvantula
|-damage|p2a: Galvantula|0 fnt
|faint|p2a: Galvantula
|
|-heal|p1a: Slowking|63/100 par|[from] item: Black Sludge
|upkeep
|
|t:|1760304621
|switch|p2a: Darkrai|Darkrai, shiny|100/100
|turn|4
|
|t:|1760304632
|switch|p1a: Fezandipiti|Fezandipiti, M|100/100
|-activate|p1a: Fezandipiti|move: Sticky Web
|-unboost|p1a: Fezandipiti|spe|1
|-terastallize|p2a: Darkrai|Poison
|move|p2a: Darkrai|Nasty Plot|p2a: Darkrai
|-boost|p2a: Darkrai|spa|2
|
|upkeep
|turn|5
|
|t:|1760304650
|move|p2a: Darkrai|Sludge Bomb|p1a: Fezandipiti
|-damage|p1a: Fezandipiti|40/100
|move|p1a: Fezandipiti|Heat Wave|p2a: Darkrai
|-damage|p2a: Darkrai|78/100
|
|upkeep
|turn|6
|l| tristan2a1
|
|t:|1760304659
|move|p2a: Darkrai|Sludge Bomb|p1a: Fezandipiti
|-damage|p1a: Fezandipiti|0 fnt
|faint|p1a: Fezandipiti
|
|upkeep
|
|t:|1760304664
|switch|p1a: Tornadus|Tornadus-Therian, M|100/100
|turn|7
|
|t:|1760304675
|move|p2a: Darkrai|Ice Beam|p1a: Tornadus
|-supereffective|p1a: Tornadus
|-damage|p1a: Tornadus|0 fnt
|faint|p1a: Tornadus
|
|upkeep
|
|t:|1760304686
|switch|p1a: Araquanid|Araquanid, F|100/100
|turn|8
|
|t:|1760304692
|move|p2a: Darkrai|Sludge Bomb|p1a: Araquanid
|-damage|p1a: Araquanid|20/100
|move|p1a: Araquanid|Mirror Coat|p2a: Darkrai
|-damage|p2a: Darkrai|0 fnt
|faint|p2a: Darkrai
|
|upkeep
|
|t:|1760304699
|switch|p2a: Ogerpon|Ogerpon-Wellspring, F|100/100
|turn|9
|
|t:|1760304704
|move|p2a: Ogerpon|Swords Dance|p2a: Ogerpon
|-boost|p2a: Ogerpon|atk|2
|move|p1a: Araquanid|Lunge|p2a: Ogerpon
|-supereffective|p2a: Ogerpon
|-damage|p2a: Ogerpon|50/100
|-unboost|p2a: Ogerpon|atk|1
|
|upkeep
|turn|10
|
|t:|1760304712
|move|p2a: Ogerpon|Horn Leech|p1a: Araquanid
|-damage|p1a: Araquanid|0 fnt
|-heal|p2a: Ogerpon|61/100|[from] drain|[of] p1a: Araquanid
|faint|p1a: Araquanid
|
|upkeep
|
|t:|1760304717
|switch|p1a: Gliscor|Gliscor, M|100/100
|turn|11
|
|t:|1760304722
|move|p2a: Ogerpon|Swords Dance|p2a: Ogerpon
|-boost|p2a: Ogerpon|atk|2
|move|p1a: Gliscor|Toxic|p2a: Ogerpon
|-status|p2a: Ogerpon|tox
|
|-damage|p2a: Ogerpon|55/100 tox|[from] psn
|-status|p1a: Gliscor|tox|[from] item: Toxic Orb
|upkeep
|turn|12
|
|t:|1760304731
|move|p1a: Gliscor|Protect|p1a: Gliscor
|-singleturn|p1a: Gliscor|Protect
|move|p2a: Ogerpon|Ivy Cudgel|p1a: Gliscor|[anim] Ivy Cudgel Water
|-activate|p1a: Gliscor|move: Protect
|
|-damage|p2a: Ogerpon|43/100 tox|[from] psn
|upkeep
|turn|13
|
|t:|1760304741
|switch|p1a: Slowking|Slowking-Galar, F|96/100 par
|-activate|p1a: Slowking|move: Sticky Web
|-unboost|p1a: Slowking|spe|1
|move|p2a: Ogerpon|Ivy Cudgel|p1a: Slowking|[anim] Ivy Cudgel Water
|-crit|p1a: Slowking
|-damage|p1a: Slowking|0 fnt
|faint|p1a: Slowking
|
|-damage|p2a: Ogerpon|25/100 tox|[from] psn
|upkeep
|
|t:|1760304750
|switch|p1a: Gliscor|Gliscor, M|100/100 tox
|turn|14
|
|t:|1760304756
|switch|p2a: Skeledirge|Skeledirge, F, shiny|100/100
|move|p1a: Gliscor|Protect||[still]
|-fail|p1a: Gliscor
|
|upkeep
|turn|15
|
|t:|1760304762
|move|p1a: Gliscor|Toxic|p2a: Skeledirge|[miss]
|-miss|p1a: Gliscor|p2a: Skeledirge
|move|p2a: Skeledirge|Torch Song|p1a: Gliscor
|-damage|p1a: Gliscor|66/100 tox
|-boost|p2a: Skeledirge|spa|1
|
|-heal|p1a: Gliscor|78/100 tox|[from] ability: Poison Heal
|upkeep
|turn|16
|
|t:|1760304772
|move|p1a: Gliscor|Toxic|p2a: Skeledirge
|-status|p2a: Skeledirge|tox
|move|p2a: Skeledirge|Torch Song|p1a: Gliscor
|-damage|p1a: Gliscor|23/100 tox
|-boost|p2a: Skeledirge|spa|1
|
|-heal|p1a: Gliscor|36/100 tox|[from] ability: Poison Heal
|-damage|p2a: Skeledirge|94/100 tox|[from] psn
|upkeep
|turn|17
|c|☆Godislaw|Lol
|
|t:|1760304790
|move|p1a: Gliscor|Protect|p1a: Gliscor
|-singleturn|p1a: Gliscor|Protect
|move|p2a: Skeledirge|Torch Song|p1a: Gliscor
|-activate|p1a: Gliscor|move: Protect
|
|-heal|p1a: Gliscor|48/100 tox|[from] ability: Poison Heal
|-damage|p2a: Skeledirge|82/100 tox|[from] psn
|upkeep
|turn|18
|
|t:|1760304804
|switch|p1a: Furret|Furret, F|100/100
|-activate|p1a: Furret|move: Sticky Web
|-unboost|p1a: Furret|spe|1
|-item|p2a: Skeledirge|Weakness Policy|[from] ability: Frisk|[of] p1a: Furret
|move|p2a: Skeledirge|Torch Song|p1a: Furret
|-damage|p1a: Furret|2/100
|-boost|p2a: Skeledirge|spa|1
|
|-damage|p2a: Skeledirge|64/100 tox|[from] psn
|upkeep
|turn|19
|
|t:|1760304821
|move|p1a: Furret|Knock Off|p2a: Skeledirge
|-supereffective|p2a: Skeledirge
|-damage|p2a: Skeledirge|19/100 tox
|-enditem|p2a: Skeledirge|Weakness Policy
|-boost|p2a: Skeledirge|atk|2|[from] item: Weakness Policy
|-boost|p2a: Skeledirge|spa|2|[from] item: Weakness Policy
|move|p2a: Skeledirge|Torch Song|p1a: Furret
|-damage|p1a: Furret|0 fnt
|-boost|p2a: Skeledirge|spa|1
|faint|p1a: Furret
|
|-damage|p2a: Skeledirge|0 fnt|[from] psn
|faint|p2a: Skeledirge
|upkeep
|
|t:|1760304834
|switch|p1a: Gliscor|Gliscor, M|48/100 tox
|switch|p2a: Ogerpon|Ogerpon-Wellspring, F|25/100 tox
|turn|20
|
|t:|1760304843
|move|p1a: Gliscor|Protect|p1a: Gliscor
|-singleturn|p1a: Gliscor|Protect
|move|p2a: Ogerpon|Ivy Cudgel|p1a: Gliscor|[anim] Ivy Cudgel Water
|-activate|p1a: Gliscor|move: Protect
|
|-damage|p2a: Ogerpon|19/100 tox|[from] psn
|-heal|p1a: Gliscor|60/100 tox|[from] ability: Poison Heal
|upkeep
|turn|21
|
|t:|1760304852
|move|p2a: Ogerpon|Ivy Cudgel|p1a: Gliscor|[anim] Ivy Cudgel Water
|-supereffective|p1a: Gliscor
|-damage|p1a: Gliscor|0 fnt
|faint|p1a: Gliscor
|
|win|Godislaw
|raw|coolbluekid's rating: 1322 &rarr; <strong>1304</strong><br />(-18 for losing)
|raw|Godislaw's rating: 1363 &rarr; <strong>1381</strong><br />(+18 for winning)
|l|☆coolbluekid
|player|p1|
