|j|☆mkap
|j|☆Minytank
|t:|1760319944
|gametype|singles
|player|p1|mkap|lusamine-nihilego|1440
|player|p2|Minytank|170|1408
|gen|9
|tier|[Gen 9] OU
|rated|
|rule|HP Percentage Mod: HP is shown in percentages
|rule|Endless Battle Clause: Forcing endless battles is banned
|rule|Species Clause: Limit one of each Pokémon
|rule|OHKO Clause: OHKO moves are banned
|rule|Evasion Items Clause: Evasion items are banned
|rule|Evasion Moves Clause: Evasion moves are banned
|rule|Evasion Abilities Clause: Evasion abilities are banned
|rule|Sleep Moves Clause: Sleep-inducing moves are banned
|clearpoke
|poke|p1|Moltres|
|poke|p1|Heatran, M|
|poke|p1|Ogerpon-Wellspring, F|
|poke|p1|Primarina, F|
|poke|p1|Dragapult, F|
|poke|p1|Weezing-Galar, F|
|poke|p2|Alomomola, F|
|poke|p2|Garganacl, M|
|poke|p2|Goodra-Hisui, M|
|poke|p2|Landorus-Therian, M|
|poke|p2|Corviknight, M|
|poke|p2|Florges, F|
|teampreview
|inactive|Battle timer is ON: inactive players will automatically lose when time's up. (requested by Minytank)
|
|t:|1760319967
|teamsize|p1|6
|teamsize|p2|6
|start
|switch|p1a: Heatran|Heatran, M|100/100
|switch|p2a: Landorus|Landorus-Therian, M|100/100
|-ability|p2a: Landorus|Intimidate|boost
|-unboost|p1a: Heatran|atk|1
|turn|1
|
|t:|1760319972
|switch|p1a: Moltres|Moltres|100/100
|move|p2a: Landorus|Stone Edge|p1a: Moltres
|-supereffective|p1a: Moltres
|-damage|p1a: Moltres|0 fnt
|faint|p1a: Moltres
|
|upkeep
|c|☆Minytank|Sry
|
|t:|1760319981
|switch|p1a: Ogerpon|Ogerpon-Wellspring, F|100/100
|turn|2
|
|t:|1760319988
|switch|p2a: Corviknight|Corviknight, M|100/100
|-ability|p2a: Corviknight|Pressure
|move|p1a: Ogerpon|Swords Dance|p1a: Ogerpon
|-boost|p1a: Ogerpon|atk|2
|
|upkeep
|turn|3
|
|t:|1760319992
|move|p1a: Ogerpon|Ivy Cudgel|p2a: Corviknight|[anim] Ivy Cudgel Water
|-damage|p2a: Corviknight|30/100
|move|p2a: Corviknight|U-turn|p1a: Ogerpon
|-supereffective|p1a: Ogerpon
|-crit|p1a: Ogerpon
|-damage|p1a: Ogerpon|46/100
|
|t:|1760319994
|switch|p2a: Landorus|Landorus-Therian, M|100/100|[from] U-turn
|-ability|p2a: Landorus|Intimidate|boost
|-unboost|p1a: Ogerpon|atk|1
|
|upkeep
|turn|4
|
|t:|1760319999
|switch|p2a: Corviknight|Corviknight, M|30/100
|-ability|p2a: Corviknight|Pressure
|move|p1a: Ogerpon|Ivy Cudgel|p2a: Corviknight|[anim] Ivy Cudgel Water
|-damage|p2a: Corviknight|0 fnt
|faint|p2a: Corviknight
|
|upkeep
|
|t:|1760320006
|switch|p2a: Goodra|Goodra-Hisui, M|100/100
|turn|5
|
|t:|1760320010
|move|p1a: Ogerpon|Play Rough|p2a: Goodra
|-damage|p2a: Goodra|52/100
|move|p2a: Goodra|Draco Meteor|p1a: Ogerpon
|-damage|p1a: Ogerpon|0 fnt
|-unboost|p2a: Goodra|spa|2
|faint|p1a: Ogerpon
|
|upkeep
|
|t:|1760320018
|switch|p1a: Primarina|Primarina, F|100/100
|turn|6
|
|t:|1760320022
|move|p1a: Primarina|Calm Mind|p1a: Primarina
|-boost|p1a: Primarina|spa|1
|-boost|p1a: Primarina|spd|1
|move|p2a: Goodra|Heavy Slam|p1a: Primarina
|-damage|p1a: Primarina|58/100
|
|-heal|p1a: Primarina|64/100|[from] item: Leftovers
|upkeep
|turn|7
|
|t:|1760320029
|move|p1a: Primarina|Draining Kiss|p2a: Goodra
|-damage|p2a: Goodra|38/100
|-heal|p1a: Primarina|74/100|[from] drain|[of] p2a: Goodra
|move|p2a: Goodra|Heavy Slam|p1a: Primarina
|-damage|p1a: Primarina|32/100
|
|-heal|p1a: Primarina|38/100|[from] item: Leftovers
|upkeep
|turn|8
|
|t:|1760320034
|move|p1a: Primarina|Draining Kiss|p2a: Goodra
|-damage|p2a: Goodra|25/100
|-heal|p1a: Primarina|48/100|[from] drain|[of] p2a: Goodra
|move|p2a: Goodra|Heavy Slam|p1a: Primarina
|-damage|p1a: Primarina|6/100
|
|-heal|p1a: Primarina|12/100|[from] item: Leftovers
|upkeep
|turn|9
|
|t:|1760320040
|move|p1a: Primarina|Draining Kiss|p2a: Goodra
|-damage|p2a: Goodra|12/100
|-heal|p1a: Primarina|22/100|[from] drain|[of] p2a: Goodra
|move|p2a: Goodra|Heavy Slam|p1a: Primarina
|-crit|p1a: Primarina
|-damage|p1a: Primarina|0 fnt
|faint|p1a: Primarina
|
|upkeep
|
|t:|1760320043
|switch|p1a: Dragapult|Dragapult, F|100/100
|turn|10
|
|t:|1760320045
|switch|p2a: Florges|Florges, F|100/100
|move|p1a: Dragapult|Dragon Darts|p2a: Florges
|-immune|p2a: Florges
|
|upkeep
|turn|11
|
|t:|1760320047
|move|p1a: Dragapult|U-turn|p2a: Florges
|-resisted|p2a: Florges
|-damage|p2a: Florges|87/100
|
|t:|1760320049
|switch|p1a: Heatran|Heatran, M|100/100|[from] U-turn
|move|p2a: Florges|Wish|p2a: Florges
|
|-heal|p2a: Florges|93/100|[from] item: Leftovers
|upkeep
|turn|12
|
|t:|1760320052
|switch|p2a: Garganacl|Garganacl, M|100/100
|move|p1a: Heatran|Magma Storm|p2a: Garganacl
|-resisted|p2a: Garganacl
|-damage|p2a: Garganacl|79/100
|-activate|p2a: Garganacl|move: Magma Storm|[of] p1a: Heatran
|
|-heal|p2a: Garganacl|100/100|[from] move: Wish|[wisher] Florges
|-damage|p2a: Garganacl|88/100|[from] move: Magma Storm|[partiallytrapped]
|upkeep
|turn|13
|
|t:|1760320057
|move|p1a: Heatran|Substitute|p1a: Heatran
|-start|p1a: Heatran|Substitute
|-damage|p1a: Heatran|76/100
|move|p2a: Garganacl|Salt Cure|p1a: Heatran
|-activate|p1a: Heatran|move: Substitute|[damage]
|
|-heal|p1a: Heatran|82/100|[from] item: Leftovers
|-heal|p2a: Garganacl|94/100|[from] item: Leftovers
|-damage|p2a: Garganacl|82/100|[from] move: Magma Storm|[partiallytrapped]
|upkeep
|turn|14
|
|t:|1760320060
|move|p1a: Heatran|Taunt|p2a: Garganacl
|-start|p2a: Garganacl|move: Taunt
|move|p2a: Garganacl|Earthquake|p1a: Heatran
|-supereffective|p1a: Heatran
|-end|p1a: Heatran|Substitute
|
|-heal|p1a: Heatran|88/100|[from] item: Leftovers
|-heal|p2a: Garganacl|88/100|[from] item: Leftovers
|-damage|p2a: Garganacl|76/100|[from] move: Magma Storm|[partiallytrapped]
|upkeep
|turn|15
|
|t:|1760320064
|move|p1a: Heatran|Substitute|p1a: Heatran
|-start|p1a: Heatran|Substitute
|-damage|p1a: Heatran|63/100
|move|p2a: Garganacl|Salt Cure|p1a: Heatran
|-activate|p1a: Heatran|move: Substitute|[damage]
|
|-heal|p1a: Heatran|69/100|[from] item: Leftovers
|-heal|p2a: Garganacl|82/100|[from] item: Leftovers
|-damage|p2a: Garganacl|70/100|[from] move: Magma Storm|[partiallytrapped]
|upkeep
|turn|16
|
|t:|1760320067
|move|p1a: Heatran|Protect|p1a: Heatran
|-singleturn|p1a: Heatran|Protect
|move|p2a: Garganacl|Earthquake|p1a: Heatran
|-activate|p1a: Heatran|move: Protect
|
|-heal|p1a: Heatran|76/100|[from] item: Leftovers
|-heal|p2a: Garganacl|76/100|[from] item: Leftovers
|-end|p2a: Garganacl|Magma Storm|[partiallytrapped]
|-end|p2a: Garganacl|move: Taunt
|upkeep
|turn|17
|
|t:|1760320069
|move|p1a: Heatran|Taunt|p2a: Garganacl
|-start|p2a: Garganacl|move: Taunt
|move|p2a: Garganacl|Earthquake|p1a: Heatran
|-supereffective|p1a: Heatran
|-end|p1a: Heatran|Substitute
|
|-heal|p1a: Heatran|82/100|[from] item: Leftovers
|-heal|p2a: Garganacl|82/100|[from] item: Leftovers
|upkeep
|turn|18
|
|t:|1760320071
|move|p1a: Heatran|Substitute|p1a: Heatran
|-start|p1a: Heatran|Substitute
|-damage|p1a: Heatran|57/100
|move|p2a: Garganacl|Earthquake|p1a: Heatran
|-supereffective|p1a: Heatran
|-end|p1a: Heatran|Substitute
|
|-heal|p1a: Heatran|63/100|[from] item: Leftovers
|-heal|p2a: Garganacl|88/100|[from] item: Leftovers
|upkeep
|turn|19
|
|t:|1760320075
|move|p1a: Heatran|Protect|p1a: Heatran
|-singleturn|p1a: Heatran|Protect
|move|p2a: Garganacl|Earthquake|p1a: Heatran
|-activate|p1a: Heatran|move: Protect
|
|-heal|p1a: Heatran|69/100|[from] item: Leftovers
|-heal|p2a: Garganacl|94/100|[from] item: Leftovers
|-end|p2a: Garganacl|move: Taunt
|upkeep
|turn|20
|-message|mkap forfeited.
|
|win|Minytank
|raw|mkap's rating: 1440 &rarr; <strong>1418</strong><br />(-22 for losing)
|raw|Minytank's rating: 1408 &rarr; <strong>1430</strong><br />(+22 for winning)
|l|☆mkap
|player|p1|
|l|☆Minytank
|player|p2|
