|j|☆Swaddling Sewaddle
|j|☆brain off gameplay
|t:|1760364819
|gametype|singles
|player|p1|Swaddling Sewaddle|roxanne|1104
|player|p2|brain off gameplay|youngster-gen4dp|1123
|gen|9
|tier|[Gen 9] OU
|rated|
|rule|HP Percentage Mod: HP is shown in percentages
|rule|Endless Battle Clause: Forcing endless battles is banned
|rule|Species Clause: Limit one of each Pokémon
|rule|OHKO Clause: OHKO moves are banned
|rule|Evasion Items Clause: Evasion items are banned
|rule|Evasion Moves Clause: Evasion moves are banned
|rule|Evasion Abilities Clause: Evasion abilities are banned
|rule|Sleep Moves Clause: Sleep-inducing moves are banned
|clearpoke
|poke|p1|Ogerpon-Cornerstone, F|
|poke|p1|Florges-White, F|
|poke|p1|Espeon, F|
|poke|p1|Sandy Shocks|
|poke|p1|Ninetales-Alola, M|
|poke|p1|Zoroark-Hisui, F|
|poke|p2|Ninetales, M|
|poke|p2|Scovillain, F|
|poke|p2|Great Tusk|
|poke|p2|Raging Bolt|
|poke|p2|Dragonite, M|
|poke|p2|Hatterene, F|
|teampreview
|inactive|Battle timer is ON: inactive players will automatically lose when time's up. (requested by brain off gameplay)
|
|t:|1760364841
|teamsize|p1|6
|teamsize|p2|6
|start
|switch|p1a: Sandy Shocks|Sandy Shocks|100/100
|switch|p2a: Ninetales|Ninetales, M, shiny|100/100
|-weather|SunnyDay|[from] ability: Drought|[of] p2a: Ninetales
|-activate|p1a: Sandy Shocks|ability: Protosynthesis
|-start|p1a: Sandy Shocks|protosynthesisspe
|turn|1
|
|t:|1760364851
|switch|p2a: Raging Bolt|Raging Bolt|100/100
|-item|p2a: Raging Bolt|Air Balloon
|-activate|p2a: Raging Bolt|ability: Protosynthesis
|-start|p2a: Raging Bolt|protosynthesisspa
|move|p1a: Sandy Shocks|Stealth Rock|p2a: Raging Bolt
|-sidestart|p2: brain off gameplay|move: Stealth Rock
|
|-weather|SunnyDay|[upkeep]
|upkeep
|turn|2
|
|t:|1760364871
|-end|p1a: Sandy Shocks|Protosynthesis|[silent]
|switch|p1a: Ninetales|Ninetales-Alola, M|100/100
|-weather|Snowscape|[from] ability: Snow Warning|[of] p1a: Ninetales
|-end|p2a: Raging Bolt|Protosynthesis
|move|p2a: Raging Bolt|Thunderbolt|p1a: Ninetales
|-damage|p1a: Ninetales|34/100
|
|-weather|Snowscape|[upkeep]
|upkeep
|turn|3
|
|t:|1760364885
|-end|p2a: Raging Bolt|Protosynthesis|[silent]
|switch|p2a: Ninetales|Ninetales, M, shiny|100/100
|-damage|p2a: Ninetales|76/100|[from] Stealth Rock
|-weather|SunnyDay|[from] ability: Drought|[of] p2a: Ninetales
|move|p1a: Ninetales|Draining Kiss|p2a: Ninetales
|-resisted|p2a: Ninetales
|-damage|p2a: Ninetales|64/100
|-heal|p1a: Ninetales|43/100|[from] drain|[of] p2a: Ninetales
|
|-weather|SunnyDay|[upkeep]
|upkeep
|turn|4
|
|t:|1760364900
|move|p2a: Ninetales|Solar Beam||[still]
|-prepare|p2a: Ninetales|Solar Beam
|-anim|p2a: Ninetales|Solar Beam|p1a: Ninetales
|-damage|p1a: Ninetales|9/100
|-enditem|p1a: Ninetales|Salac Berry|[eat]
|-boost|p1a: Ninetales|spe|1|[from] item: Salac Berry
|move|p1a: Ninetales|Draining Kiss|p2a: Ninetales
|-resisted|p2a: Ninetales
|-crit|p2a: Ninetales
|-damage|p2a: Ninetales|44/100
|-heal|p1a: Ninetales|23/100|[from] drain|[of] p2a: Ninetales
|
|-weather|SunnyDay|[upkeep]
|upkeep
|turn|5
|inactive|Swaddling Sewaddle has 120 seconds left.
|
|t:|1760364915
|move|p1a: Ninetales|Blizzard|p2a: Ninetales
|-resisted|p2a: Ninetales
|-crit|p2a: Ninetales
|-damage|p2a: Ninetales|5/100
|move|p2a: Ninetales|Weather Ball|p1a: Ninetales
|-supereffective|p1a: Ninetales
|-damage|p1a: Ninetales|0 fnt
|faint|p1a: Ninetales
|
|-weather|SunnyDay|[upkeep]
|upkeep
|inactive|Swaddling Sewaddle has 120 seconds left.
|
|t:|1760364927
|switch|p1a: Espeon|Espeon, F|100/100
|turn|6
|
|t:|1760364933
|switch|p2a: Raging Bolt|Raging Bolt|100/100
|-damage|p2a: Raging Bolt|88/100|[from] Stealth Rock
|-item|p2a: Raging Bolt|Air Balloon
|-activate|p2a: Raging Bolt|ability: Protosynthesis
|-start|p2a: Raging Bolt|protosynthesisspa
|move|p1a: Espeon|Shadow Ball|p2a: Raging Bolt
|-damage|p2a: Raging Bolt|47/100
|-enditem|p2a: Raging Bolt|Air Balloon
|
|-weather|SunnyDay|[upkeep]
|upkeep
|turn|7
|inactive|Swaddling Sewaddle has 120 seconds left.
|
|t:|1760364951
|move|p1a: Espeon|Hyper Voice|p2a: Raging Bolt
|-damage|p2a: Raging Bolt|0 fnt
|faint|p2a: Raging Bolt
|-end|p2a: Raging Bolt|Protosynthesis|[silent]
|
|-weather|SunnyDay|[upkeep]
|upkeep
|
|t:|1760364959
|switch|p2a: Scovillain|Scovillain, F|100/100
|-damage|p2a: Scovillain|76/100|[from] Stealth Rock
|turn|8
|
|t:|1760364969
|move|p2a: Scovillain|Solar Beam||[still]
|-prepare|p2a: Scovillain|Solar Beam
|-anim|p2a: Scovillain|Solar Beam|p1a: Espeon
|-enditem|p1a: Espeon|Focus Sash
|-damage|p1a: Espeon|1/100
|replace|p1a: Zoroark|Zoroark-Hisui, F
|-end|p1a: Zoroark|Illusion
|-damage|p2a: Scovillain|66/100|[from] item: Life Orb
|move|p1a: Zoroark|Hyper Voice|p2a: Scovillain
|-damage|p2a: Scovillain|0 fnt
|faint|p2a: Scovillain
|
|-weather|SunnyDay|[upkeep]
|upkeep
|
|t:|1760364978
|switch|p2a: Dragonite|Dragonite, M|100/100
|turn|9
|
|t:|1760364982
|move|p1a: Zoroark|Curse|p2a: Dragonite
|-start|p2a: Dragonite|Curse|[of] p1a: Zoroark
|-damage|p1a: Zoroark|0 fnt
|faint|p1a: Zoroark
|move|p2a: Dragonite|Dragon Dance|p2a: Dragonite
|-boost|p2a: Dragonite|atk|1
|-boost|p2a: Dragonite|spe|1
|
|-weather|SunnyDay|[upkeep]
|-damage|p2a: Dragonite|76/100|[from] Curse
|upkeep
|
|t:|1760365004
|switch|p1a: Espeon|Espeon, F|100/100
|turn|10
|
|t:|1760365011
|move|p2a: Dragonite|Earthquake|p1a: Espeon
|-damage|p1a: Espeon|0 fnt
|faint|p1a: Espeon
|
|-weather|none
|-damage|p2a: Dragonite|51/100|[from] Curse
|upkeep
|
|t:|1760365022
|switch|p1a: Florges|Florges-White, F|100/100
|turn|11
|
|t:|1760365029
|move|p2a: Dragonite|Earthquake|p1a: Florges
|-damage|p1a: Florges|37/100
|move|p1a: Florges|Draining Kiss|p2a: Dragonite
|-supereffective|p2a: Dragonite
|-damage|p2a: Dragonite|3/100
|-heal|p1a: Florges|77/100|[from] drain|[of] p2a: Dragonite
|
|-damage|p2a: Dragonite|0 fnt|[from] Curse
|faint|p2a: Dragonite
|upkeep
|
|t:|1760365032
|switch|p2a: Great Tusk|Great Tusk|100/100
|turn|12
|
|t:|1760365054
|move|p2a: Great Tusk|Rapid Spin|p1a: Florges
|-damage|p1a: Florges|57/100
|-boost|p2a: Great Tusk|spe|1
|-sideend|p2: brain off gameplay|Stealth Rock|[from] move: Rapid Spin|[of] p2a: Great Tusk
|move|p1a: Florges|Draining Kiss|p2a: Great Tusk
|-supereffective|p2a: Great Tusk
|-damage|p2a: Great Tusk|29/100
|-heal|p1a: Florges|100/100|[from] drain|[of] p2a: Great Tusk
|
|upkeep
|turn|13
|
|t:|1760365064
|move|p2a: Great Tusk|Headlong Rush|p1a: Florges
|-damage|p1a: Florges|31/100
|-unboost|p2a: Great Tusk|def|1
|-unboost|p2a: Great Tusk|spd|1
|move|p1a: Florges|Draining Kiss|p2a: Great Tusk
|-supereffective|p2a: Great Tusk
|-damage|p2a: Great Tusk|0 fnt
|-heal|p1a: Florges|58/100|[from] drain|[of] p2a: Great Tusk
|faint|p2a: Great Tusk
|-end|p2a: Great Tusk|Protosynthesis|[silent]
|
|upkeep
|
|t:|1760365067
|switch|p2a: Hatterene|Hatterene, F, shiny|100/100
|turn|14
|
|t:|1760365076
|move|p1a: Florges|Wish|p1a: Florges
|move|p2a: Hatterene|Calm Mind|p2a: Hatterene
|-boost|p2a: Hatterene|spa|1
|-boost|p2a: Hatterene|spd|1
|
|upkeep
|turn|15
|
|t:|1760365082
|move|p1a: Florges|Calm Mind|p1a: Florges
|-boost|p1a: Florges|spa|1
|-boost|p1a: Florges|spd|1
|move|p2a: Hatterene|Calm Mind|p2a: Hatterene
|-boost|p2a: Hatterene|spa|1
|-boost|p2a: Hatterene|spd|1
|
|-heal|p1a: Florges|100/100|[from] move: Wish|[wisher] Florges
|upkeep
|turn|16
|
|t:|1760365090
|move|p1a: Florges|Calm Mind|p1a: Florges
|-boost|p1a: Florges|spa|1
|-boost|p1a: Florges|spd|1
|move|p2a: Hatterene|Psychic Noise|p1a: Florges
|-damage|p1a: Florges|75/100
|-start|p1a: Florges|move: Heal Block
|
|upkeep
|turn|17
|
|t:|1760365103
|move|p1a: Florges|Calm Mind|p1a: Florges
|-boost|p1a: Florges|spa|1
|-boost|p1a: Florges|spd|1
|move|p2a: Hatterene|Calm Mind|p2a: Hatterene
|-boost|p2a: Hatterene|spa|1
|-boost|p2a: Hatterene|spd|1
|
|-end|p1a: Florges|move: Heal Block
|upkeep
|turn|18
|
|t:|1760365111
|move|p1a: Florges|Draining Kiss|p2a: Hatterene
|-damage|p2a: Hatterene|73/100
|-heal|p1a: Florges|97/100|[from] drain|[of] p2a: Hatterene
|move|p2a: Hatterene|Psychic Noise|p1a: Florges
|-damage|p1a: Florges|69/100
|-start|p1a: Florges|move: Heal Block
|
|upkeep
|turn|19
|
|t:|1760365121
|move|p1a: Florges|Calm Mind|p1a: Florges
|-boost|p1a: Florges|spa|1
|-boost|p1a: Florges|spd|1
|move|p2a: Hatterene|Calm Mind|p2a: Hatterene
|-boost|p2a: Hatterene|spa|1
|-boost|p2a: Hatterene|spd|1
|
|-end|p1a: Florges|move: Heal Block
|upkeep
|turn|20
|
|t:|1760365137
|move|p1a: Florges|Draining Kiss|p2a: Hatterene
|-damage|p2a: Hatterene|47/100
|-heal|p1a: Florges|89/100|[from] drain|[of] p2a: Hatterene
|move|p2a: Hatterene|Calm Mind|p2a: Hatterene
|-boost|p2a: Hatterene|spa|1
|-boost|p2a: Hatterene|spd|1
|
|upkeep
|turn|21
|
|t:|1760365143
|move|p1a: Florges|Draining Kiss|p2a: Hatterene
|-damage|p2a: Hatterene|25/100
|-heal|p1a: Florges|100/100|[from] drain|[of] p2a: Hatterene
|move|p2a: Hatterene|Psychic Noise|p1a: Florges
|-damage|p1a: Florges|67/100
|-start|p1a: Florges|move: Heal Block
|
|upkeep
|turn|22
|
|t:|1760365152
|move|p1a: Florges|Calm Mind|p1a: Florges
|-boost|p1a: Florges|spa|1
|-boost|p1a: Florges|spd|1
|move|p2a: Hatterene|Draining Kiss|p1a: Florges
|-damage|p1a: Florges|50/100
|-heal|p2a: Hatterene|37/100|[from] drain|[of] p1a: Florges
|
|-end|p1a: Florges|move: Heal Block
|upkeep
|turn|23
|
|t:|1760365162
|move|p1a: Florges|Draining Kiss|p2a: Hatterene
|-damage|p2a: Hatterene|12/100
|-heal|p1a: Florges|70/100|[from] drain|[of] p2a: Hatterene
|move|p2a: Hatterene|Psychic Noise|p1a: Florges
|-damage|p1a: Florges|41/100
|-start|p1a: Florges|move: Heal Block
|
|upkeep
|turn|24
|
|t:|1760365170
|move|p1a: Florges|Calm Mind|p1a: Florges
|-boost|p1a: Florges|spa|1
|-boost|p1a: Florges|spd|1
|move|p2a: Hatterene|Psychic Noise|p1a: Florges
|-damage|p1a: Florges|18/100
|
|-end|p1a: Florges|move: Heal Block
|upkeep
|-enditem|p1a: Florges|Aguav Berry|[eat]
|-heal|p1a: Florges|51/100|[from] item: Aguav Berry
|turn|25
|
|t:|1760365179
|move|p1a: Florges|Draining Kiss|p2a: Hatterene
|-damage|p2a: Hatterene|0 fnt
|-heal|p1a: Florges|61/100|[from] drain|[of] p2a: Hatterene
|faint|p2a: Hatterene
|
|upkeep
|
|t:|1760365182
|switch|p2a: Ninetales|Ninetales, M, shiny|5/100
|-weather|SunnyDay|[from] ability: Drought|[of] p2a: Ninetales
|turn|26
|
|t:|1760365190
|move|p2a: Ninetales|Encore|p1a: Florges
|-start|p1a: Florges|Encore
|move|p1a: Florges|Draining Kiss|p2a: Ninetales
|-resisted|p2a: Ninetales
|-damage|p2a: Ninetales|0 fnt
|-heal|p1a: Florges|64/100|[from] drain|[of] p2a: Ninetales
|faint|p2a: Ninetales
|
|win|Swaddling Sewaddle
|raw|Swaddling Sewaddle's rating: 1104 &rarr; <strong>1130</strong><br />(+26 for winning)
|raw|brain off gameplay's rating: 1123 &rarr; <strong>1097</strong><br />(-26 for losing)
|l|☆brain off gameplay
|player|p2|
