|j|☆bestquest
|j|☆klefki_did_it
|t:|1760447589
|gametype|singles
|player|p1|bestquest|preschooler|1346
|player|p2|klefki_did_it|pokemonbreeder-gen4|1349
|gen|9
|tier|[Gen 9] OU
|rated|
|rule|HP Percentage Mod: HP is shown in percentages
|rule|Endless Battle Clause: Forcing endless battles is banned
|rule|Species Clause: Limit one of each Pokémon
|rule|OHKO Clause: OHKO moves are banned
|rule|Evasion Items Clause: Evasion items are banned
|rule|Evasion Moves Clause: Evasion moves are banned
|rule|Evasion Abilities Clause: Evasion abilities are banned
|rule|Sleep Moves Clause: Sleep-inducing moves are banned
|clearpoke
|poke|p1|Serperior, F|
|poke|p1|Ribombee, F|
|poke|p1|Cinderace, M|
|poke|p1|Hatterene, F|
|poke|p1|Alomomola, M|
|poke|p1|Kingambit, F|
|poke|p2|Staraptor, M|
|poke|p2|Kingambit, M|
|poke|p2|Emboar, F|
|poke|p2|Thundurus, M|
|poke|p2|Mandibuzz, F|
|poke|p2|Gardevoir, M|
|teampreview
|inactive|Battle timer is ON: inactive players will automatically lose when time's up. (requested by klefki_did_it)
|
|t:|1760447597
|teamsize|p1|6
|teamsize|p2|6
|start
|switch|p1a: Ribombee|Ribombee, F|100/100
|switch|p2a: Emboar|Emboar, F, shiny|100/100
|turn|1
|
|t:|1760447602
|move|p1a: Ribombee|Sticky Web|p2a: Emboar
|-sidestart|p2: klefki_did_it|move: Sticky Web
|move|p2a: Emboar|Flare Blitz|p1a: Ribombee
|-supereffective|p1a: Ribombee
|-enditem|p1a: Ribombee|Focus Sash
|-damage|p1a: Ribombee|1/100
|-damage|p2a: Emboar|80/100|[from] Recoil
|
|upkeep
|turn|2
|
|t:|1760447609
|switch|p2a: Thundurus|Thundurus, M|100/100
|move|p1a: Ribombee|U-turn|p2a: Thundurus
|-resisted|p2a: Thundurus
|-damage|p2a: Thundurus|90/100
|
|t:|1760447629
|switch|p1a: Cinderace|Cinderace, M|100/100|[from] U-turn
|
|upkeep
|turn|3
|
|t:|1760447636
|switch|p2a: Emboar|Emboar, F, shiny|80/100
|-activate|p2a: Emboar|move: Sticky Web
|-unboost|p2a: Emboar|spe|1
|move|p1a: Cinderace|Court Change|p1a: Cinderace
|-start|p1a: Cinderace|typechange|Normal|[from] ability: Libero
|-swapsideconditions
|-activate|p1a: Cinderace|move: Court Change
|
|upkeep
|turn|4
|
|t:|1760447646
|move|p1a: Cinderace|U-turn|p2a: Emboar
|-resisted|p2a: Emboar
|-damage|p2a: Emboar|73/100
|
|t:|1760447649
|switch|p1a: Alomomola|Alomomola, M|100/100|[from] U-turn
|-activate|p1a: Alomomola|move: Sticky Web
|-unboost|p1a: Alomomola|spe|1
|move|p2a: Emboar|Flare Blitz|p1a: Alomomola
|-resisted|p1a: Alomomola
|-damage|p1a: Alomomola|71/100
|-damage|p2a: Emboar|57/100|[from] item: Rocky Helmet|[of] p1a: Alomomola
|-damage|p2a: Emboar|45/100|[from] Recoil
|
|upkeep
|turn|5
|
|t:|1760447659
|switch|p2a: Gardevoir|Gardevoir, M|100/100
|-ability|p2a: Gardevoir|Regenerator|Trace|[from] ability: Trace|[of] p1a: Alomomola
|move|p1a: Alomomola|Flip Turn|p2a: Gardevoir
|-damage|p2a: Gardevoir|75/100
|
|t:|1760447665
|switch|p1a: Kingambit|Kingambit, F|100/100|[from] Flip Turn
|-activate|p1a: Kingambit|move: Sticky Web
|-unboost|p1a: Kingambit|spe|1
|-ability|p1a: Kingambit|Defiant|boost
|-boost|p1a: Kingambit|atk|2
|
|upkeep
|turn|6
|
|t:|1760447680
|move|p2a: Gardevoir|Destiny Bond|p2a: Gardevoir
|-singlemove|p2a: Gardevoir|Destiny Bond
|move|p1a: Kingambit|Iron Head|p2a: Gardevoir
|-supereffective|p2a: Gardevoir
|-damage|p2a: Gardevoir|0 fnt
|faint|p2a: Gardevoir
|-activate|p2a: Gardevoir|move: Destiny Bond
|faint|p1a: Kingambit
|
|upkeep
|
|t:|1760447689
|switch|p2a: Staraptor|Staraptor, M|100/100
|switch|p1a: Cinderace|Cinderace, M|100/100
|turn|7
|
|t:|1760447695
|move|p2a: Staraptor|U-turn|p1a: Cinderace
|-resisted|p1a: Cinderace
|-damage|p1a: Cinderace|87/100
|
|t:|1760447698
|switch|p2a: Emboar|Emboar, F, shiny|45/100|[from] U-turn
|move|p1a: Cinderace|Pyro Ball|p2a: Emboar
|-resisted|p2a: Emboar
|-damage|p2a: Emboar|6/100
|
|upkeep
|turn|8
|
|t:|1760447704
|move|p2a: Emboar|Sucker Punch|p1a: Cinderace
|-damage|p1a: Cinderace|33/100
|move|p1a: Cinderace|U-turn|p2a: Emboar
|-start|p1a: Cinderace|typechange|Bug|[from] ability: Libero
|-resisted|p2a: Emboar
|-damage|p2a: Emboar|0 fnt
|faint|p2a: Emboar
|
|t:|1760447712
|switch|p1a: Alomomola|Alomomola, M|100/100|[from] U-turn
|-activate|p1a: Alomomola|move: Sticky Web
|-unboost|p1a: Alomomola|spe|1
|
|upkeep
|
|t:|1760447717
|switch|p2a: Thundurus|Thundurus, M|90/100
|turn|9
|
|t:|1760447720
|switch|p1a: Hatterene|Hatterene, F|100/100
|-activate|p1a: Hatterene|move: Sticky Web
|-unboost|p1a: Hatterene|spe|1
|move|p2a: Thundurus|Knock Off|p1a: Hatterene
|-damage|p1a: Hatterene|65/100
|-enditem|p1a: Hatterene|Leftovers|[from] move: Knock Off|[of] p2a: Thundurus
|-damage|p2a: Thundurus|80/100|[from] item: Life Orb
|
|upkeep
|turn|10
|
|t:|1760447729
|move|p2a: Thundurus|Fly||[still]
|-prepare|p2a: Thundurus|Fly
|move|p1a: Hatterene|Psychic|p2a: Thundurus|[miss]
|-miss|p1a: Hatterene|p2a: Thundurus
|
|upkeep
|turn|11
|
|t:|1760447733
|switch|p1a: Alomomola|Alomomola, M|100/100
|-activate|p1a: Alomomola|move: Sticky Web
|-unboost|p1a: Alomomola|spe|1
|move|p2a: Thundurus|Fly|p1a: Alomomola|[from] lockedmove
|-damage|p1a: Alomomola|72/100
|-damage|p2a: Thundurus|64/100|[from] item: Rocky Helmet|[of] p1a: Alomomola
|-damage|p2a: Thundurus|54/100|[from] item: Life Orb
|
|upkeep
|turn|12
|
|t:|1760447742
|move|p2a: Thundurus|Wild Charge|p1a: Alomomola
|-supereffective|p1a: Alomomola
|-damage|p1a: Alomomola|14/100
|-damage|p2a: Thundurus|38/100|[from] item: Rocky Helmet|[of] p1a: Alomomola
|-damage|p2a: Thundurus|12/100|[from] Recoil
|-damage|p2a: Thundurus|2/100|[from] item: Life Orb
|move|p1a: Alomomola|Scald|p2a: Thundurus
|-damage|p2a: Thundurus|0 fnt
|faint|p2a: Thundurus
|
|upkeep
|
|t:|1760447755
|switch|p2a: Kingambit|Kingambit, M|100/100
|-activate|p2a: Kingambit|ability: Supreme Overlord
|-start|p2a: Kingambit|fallen3|[silent]
|turn|13
|
|t:|1760447760
|switch|p1a: Ribombee|Ribombee, F|1/100
|-activate|p1a: Ribombee|move: Sticky Web
|-unboost|p1a: Ribombee|spe|1
|move|p2a: Kingambit|Substitute|p2a: Kingambit
|-start|p2a: Kingambit|Substitute
|-damage|p2a: Kingambit|75/100
|
|-heal|p2a: Kingambit|82/100|[from] item: Leftovers
|upkeep
|turn|14
|
|t:|1760447768
|move|p2a: Kingambit|Sucker Punch|p1a: Ribombee
|-resisted|p1a: Ribombee
|-damage|p1a: Ribombee|0 fnt
|faint|p1a: Ribombee
|
|-heal|p2a: Kingambit|88/100|[from] item: Leftovers
|upkeep
|
|t:|1760447774
|switch|p1a: Alomomola|Alomomola, M|47/100
|-activate|p1a: Alomomola|move: Sticky Web
|-unboost|p1a: Alomomola|spe|1
|turn|15
|
|t:|1760447778
|move|p2a: Kingambit|Swords Dance|p2a: Kingambit
|-boost|p2a: Kingambit|atk|2
|move|p1a: Alomomola|Wish|p1a: Alomomola
|
|-heal|p2a: Kingambit|94/100|[from] item: Leftovers
|upkeep
|turn|16
|
|t:|1760447784
|move|p2a: Kingambit|Swords Dance|p2a: Kingambit
|-boost|p2a: Kingambit|atk|2
|move|p1a: Alomomola|Scald|p2a: Kingambit
|-activate|p2a: Kingambit|move: Substitute|[damage]
|
|-heal|p1a: Alomomola|97/100|[from] move: Wish|[wisher] Alomomola
|-heal|p2a: Kingambit|99/100|[from] item: Leftovers
|upkeep
|turn|17
|
|t:|1760447794
|move|p2a: Kingambit|Sucker Punch|p1a: Alomomola
|-damage|p1a: Alomomola|18/100
|-damage|p2a: Kingambit|84/100|[from] item: Rocky Helmet|[of] p1a: Alomomola
|move|p1a: Alomomola|Scald|p2a: Kingambit
|-end|p2a: Kingambit|Substitute
|
|-heal|p2a: Kingambit|90/100|[from] item: Leftovers
|upkeep
|turn|18
|-message|bestquest forfeited.
|
|win|klefki_did_it
|raw|bestquest's rating: 1346 &rarr; <strong>1326</strong><br />(-20 for losing)
|raw|klefki_did_it's rating: 1349 &rarr; <strong>1369</strong><br />(+20 for winning)
|l|☆bestquest
|player|p1|
|l|☆klefki_did_it
|player|p2|
