|j|☆ur doggo
|j|☆M8420
|t:|1760440176
|gametype|singles
|player|p1|ur doggo|265|1497
|player|p2|M8420|170|1554
|gen|9
|tier|[Gen 9] OU
|rated|
|rule|HP Percentage Mod: HP is shown in percentages
|rule|Endless Battle Clause: Forcing endless battles is banned
|rule|Species Clause: Limit one of each Pokémon
|rule|OHKO Clause: OHKO moves are banned
|rule|Evasion Items Clause: Evasion items are banned
|rule|Evasion Moves Clause: Evasion moves are banned
|rule|Evasion Abilities Clause: Evasion abilities are banned
|rule|Sleep Moves Clause: Sleep-inducing moves are banned
|clearpoke
|poke|p1|Ninetales, M|
|poke|p1|Walking Wake|
|poke|p1|Great Tusk|
|poke|p1|Hatterene, F|
|poke|p1|Typhlosion-Hisui, F|
|poke|p1|Slither Wing|
|poke|p2|Torkoal, F|
|poke|p2|Scovillain, M|
|poke|p2|Great Tusk|
|poke|p2|Hatterene, F|
|poke|p2|Raging Bolt|
|poke|p2|Alomomola, M|
|teampreview
|
|t:|1760440198
|teamsize|p1|6
|teamsize|p2|6
|start
|switch|p1a: Jesus|Walking Wake|100/100
|switch|p2a: Alomomola|Alomomola, M|100/100
|turn|1
|
|t:|1760440209
|move|p1a: Jesus|Flip Turn|p2a: Alomomola
|-resisted|p2a: Alomomola
|-damage|p2a: Alomomola|96/100
|
|t:|1760440212
|-end|p1a: Jesus|Protosynthesis|[silent]
|switch|p1a: Ninetales|Ninetales, M|100/100|[from] Flip Turn
|-weather|SunnyDay|[from] ability: Drought|[of] p1a: Ninetales
|move|p2a: Alomomola|Mirror Coat||[still]
|-fail|p2a: Alomomola
|
|-weather|SunnyDay|[upkeep]
|upkeep
|turn|2
|
|t:|1760440218
|move|p1a: Ninetales|Encore|p2a: Alomomola
|-start|p2a: Alomomola|Encore
|move|p2a: Alomomola|Mirror Coat||[still]
|-fail|p2a: Alomomola
|
|-weather|SunnyDay|[upkeep]
|upkeep
|turn|3
|
|t:|1760440225
|switch|p1a: Slither Wing|Slither Wing|100/100
|-activate|p1a: Slither Wing|ability: Protosynthesis
|-start|p1a: Slither Wing|protosynthesisatk
|switch|p2a: Raging Bolt|Raging Bolt|100/100
|-activate|p2a: Raging Bolt|ability: Protosynthesis
|-start|p2a: Raging Bolt|protosynthesisspa
|
|-weather|SunnyDay|[upkeep]
|upkeep
|turn|4
|
|t:|1760440238
|-end|p2a: Raging Bolt|Protosynthesis|[silent]
|switch|p2a: Hatterene|Hatterene, F|100/100
|move|p1a: Slither Wing|U-turn|p2a: Hatterene
|-damage|p2a: Hatterene|59/100
|-enditem|p2a: Hatterene|Eject Button
|
|t:|1760440244
|switch|p2a: Scovillain|Scovillain, M|100/100
|
|-weather|SunnyDay|[upkeep]
|upkeep
|turn|5
|
|t:|1760440265
|-end|p1a: Slither Wing|Protosynthesis|[silent]
|switch|p1a: Hatterene|Hatterene, F|100/100
|move|p2a: Scovillain|Solar Beam||[still]
|-prepare|p2a: Scovillain|Solar Beam
|-anim|p2a: Scovillain|Solar Beam|p1a: Hatterene
|-damage|p1a: Hatterene|45/100
|-enditem|p1a: Hatterene|Eject Button
|-damage|p2a: Scovillain|91/100|[from] item: Life Orb
|
|t:|1760440267
|switch|p1a: Slither Wing|Slither Wing|100/100
|-activate|p1a: Slither Wing|ability: Protosynthesis
|-start|p1a: Slither Wing|protosynthesisatk
|
|-weather|SunnyDay|[upkeep]
|upkeep
|turn|6
|
|t:|1760440281
|switch|p2a: Torkoal|Torkoal, F|100/100
|move|p1a: Slither Wing|First Impression|p2a: Torkoal
|-resisted|p2a: Torkoal
|-crit|p2a: Torkoal
|-damage|p2a: Torkoal|73/100
|
|-weather|SunnyDay|[upkeep]
|upkeep
|turn|7
|inactive|Battle timer is ON: inactive players will automatically lose when time's up. (requested by M8420)
|
|t:|1760440303
|move|p1a: Slither Wing|U-turn|p2a: Torkoal
|-resisted|p2a: Torkoal
|-damage|p2a: Torkoal|58/100
|
|t:|1760440309
|-end|p1a: Slither Wing|Protosynthesis|[silent]
|switch|p1a: Hatterene|Hatterene, F|45/100|[from] U-turn
|move|p2a: Torkoal|Lava Plume|p1a: Hatterene
|-damage|p1a: Hatterene|17/100
|
|-weather|SunnyDay|[upkeep]
|upkeep
|turn|8
|
|t:|1760440333
|move|p1a: Hatterene|Nuzzle|p2a: Torkoal
|-crit|p2a: Torkoal
|-damage|p2a: Torkoal|54/100
|-status|p2a: Torkoal|par
|cant|p2a: Torkoal|par
|
|-weather|none
|upkeep
|turn|9
|
|t:|1760440343
|switch|p1a: Jesus|Walking Wake|100/100
|switch|p2a: Alomomola|Alomomola, M|100/100
|
|upkeep
|turn|10
|
|t:|1760440348
|move|p1a: Jesus|Flip Turn|p2a: Alomomola
|-resisted|p2a: Alomomola
|-damage|p2a: Alomomola|95/100
|
|t:|1760440352
|-end|p1a: Jesus|Protosynthesis|[silent]
|switch|p1a: Ninetales|Ninetales, M|100/100|[from] Flip Turn
|-weather|SunnyDay|[from] ability: Drought|[of] p1a: Ninetales
|move|p2a: Alomomola|Body Slam|p1a: Ninetales
|-damage|p1a: Ninetales|82/100
|-status|p1a: Ninetales|par
|
|-weather|SunnyDay|[upkeep]
|upkeep
|turn|11
|
|t:|1760440363
|move|p1a: Ninetales|Will-O-Wisp|p2a: Alomomola
|-status|p2a: Alomomola|brn
|move|p2a: Alomomola|Flip Turn|p1a: Ninetales
|-supereffective|p1a: Ninetales
|-damage|p1a: Ninetales|73/100 par
|
|t:|1760440373
|switch|p2a: Raging Bolt|Raging Bolt|100/100|[from] Flip Turn
|-activate|p2a: Raging Bolt|ability: Protosynthesis
|-start|p2a: Raging Bolt|protosynthesisspa
|
|-weather|SunnyDay|[upkeep]
|upkeep
|turn|12
|
|t:|1760440380
|switch|p1a: Hatterene|Hatterene, F|17/100
|move|p2a: Raging Bolt|Draco Meteor|p1a: Hatterene
|-immune|p1a: Hatterene
|
|-weather|SunnyDay|[upkeep]
|upkeep
|turn|13
|
|t:|1760440405
|move|p2a: Raging Bolt|Discharge|p1a: Hatterene
|-damage|p1a: Hatterene|0 fnt
|faint|p1a: Hatterene
|
|-weather|SunnyDay|[upkeep]
|upkeep
|
|t:|1760440407
|switch|p1a: mid tusk|Great Tusk|100/100
|-activate|p1a: mid tusk|ability: Protosynthesis
|-start|p1a: mid tusk|protosynthesisdef
|turn|14
|
|t:|1760440436
|-end|p2a: Raging Bolt|Protosynthesis|[silent]
|switch|p2a: Scovillain|Scovillain, M|91/100
|move|p1a: mid tusk|Headlong Rush|p2a: Scovillain
|-damage|p2a: Scovillain|0 fnt
|-unboost|p1a: mid tusk|def|1
|-unboost|p1a: mid tusk|spd|1
|faint|p2a: Scovillain
|-enditem|p1a: mid tusk|Eject Pack
|
|t:|1760440451
|-end|p1a: mid tusk|Protosynthesis|[silent]
|switch|p1a: Jesus|Walking Wake|100/100
|-activate|p1a: Jesus|ability: Protosynthesis
|-start|p1a: Jesus|protosynthesisspe
|
|-weather|SunnyDay|[upkeep]
|upkeep
|
|t:|1760440464
|switch|p2a: Alomomola|Alomomola, M|100/100 brn
|turn|15
|
|t:|1760440471
|move|p1a: Jesus|Flip Turn|p2a: Alomomola
|-resisted|p2a: Alomomola
|-damage|p2a: Alomomola|98/100 brn
|
|t:|1760440475
|-end|p1a: Jesus|Protosynthesis|[silent]
|switch|p1a: Slither Wing|Slither Wing|100/100|[from] Flip Turn
|-activate|p1a: Slither Wing|ability: Protosynthesis
|-start|p1a: Slither Wing|protosynthesisatk
|move|p2a: Alomomola|Body Slam|p1a: Slither Wing
|-damage|p1a: Slither Wing|92/100
|
|-weather|SunnyDay|[upkeep]
|-damage|p2a: Alomomola|92/100 brn|[from] brn
|upkeep
|turn|16
|inactive|M8420 has 120 seconds left.
|
|t:|1760440502
|switch|p2a: Torkoal|Torkoal, F|54/100 par
|move|p1a: Slither Wing|Close Combat|p2a: Torkoal
|-damage|p2a: Torkoal|0 fnt
|-unboost|p1a: Slither Wing|def|1
|-unboost|p1a: Slither Wing|spd|1
|faint|p2a: Torkoal
|
|-weather|SunnyDay|[upkeep]
|upkeep
|inactive|M8420 has 120 seconds left.
|
|t:|1760440511
|switch|p2a: Great Tusk|Great Tusk|100/100
|-activate|p2a: Great Tusk|ability: Protosynthesis
|-start|p2a: Great Tusk|protosynthesisatk
|turn|17
|inactive|M8420 has 120 seconds left.
|
|t:|1760440531
|move|p2a: Great Tusk|Temper Flare|p1a: Slither Wing
|-supereffective|p1a: Slither Wing
|-damage|p1a: Slither Wing|0 fnt
|faint|p1a: Slither Wing
|-end|p1a: Slither Wing|Protosynthesis|[silent]
|
|-weather|none
|-end|p2a: Great Tusk|Protosynthesis
|upkeep
|
|t:|1760440540
|switch|p1a: Ninetales|Ninetales, M|73/100 par
|-weather|SunnyDay|[from] ability: Drought|[of] p1a: Ninetales
|-activate|p2a: Great Tusk|ability: Protosynthesis
|-start|p2a: Great Tusk|protosynthesisatk
|turn|18
|
|t:|1760440548
|switch|p1a: mid tusk|Great Tusk|100/100
|-activate|p1a: mid tusk|ability: Protosynthesis
|-start|p1a: mid tusk|protosynthesisdef
|move|p2a: Great Tusk|Headlong Rush|p1a: mid tusk
|-damage|p1a: mid tusk|69/100
|-unboost|p2a: Great Tusk|def|1
|-unboost|p2a: Great Tusk|spd|1
|-enditem|p2a: Great Tusk|Eject Pack
|inactive|M8420 has 120 seconds left.
|
|t:|1760440565
|-end|p2a: Great Tusk|Protosynthesis|[silent]
|switch|p2a: Hatterene|Hatterene, F|59/100
|
|-weather|SunnyDay|[upkeep]
|upkeep
|turn|19
|inactive|M8420 has 120 seconds left.
|inactive|ur doggo has 120 seconds left.
|
|t:|1760440624
|-end|p1a: mid tusk|Protosynthesis|[silent]
|switch|p1a: Ninetales|Ninetales, M|73/100 par
|move|p2a: Hatterene|Psychic Noise|p1a: Ninetales
|-damage|p1a: Ninetales|39/100 par
|-start|p1a: Ninetales|move: Heal Block
|
|-weather|SunnyDay|[upkeep]
|upkeep
|turn|20
|inactive|M8420 has 120 seconds left.
|
|t:|1760440648
|switch|p2a: Alomomola|Alomomola, M|100/100 brn
|move|p1a: Ninetales|Weather Ball|p2a: Alomomola
|-resisted|p2a: Alomomola
|-damage|p2a: Alomomola|89/100 brn
|
|-weather|SunnyDay|[upkeep]
|-damage|p2a: Alomomola|83/100 brn|[from] brn
|-end|p1a: Ninetales|move: Heal Block
|upkeep
|turn|21
|inactive|ur doggo has 90 seconds left.
|inactive|ur doggo has 60 seconds left.
|
|t:|1760440727
|move|p1a: Ninetales|Healing Wish|p1a: Ninetales
|faint|p1a: Ninetales
|move|p2a: Alomomola|Flip Turn|p1: Ninetales|[notarget]
|-fail|p2a: Alomomola
|
|-weather|SunnyDay|[upkeep]
|-damage|p2a: Alomomola|77/100 brn|[from] brn
|upkeep
|
|t:|1760440740
|switch|p1a: high|Typhlosion-Hisui, F|100/100
|-item|p2a: Alomomola|Assault Vest|[from] ability: Frisk|[of] p1a: high
|turn|22
|inactive|M8420 has 120 seconds left.
|
|t:|1760440749
|-terastallize|p1a: high|Fire
|move|p1a: high|Eruption|p2a: Alomomola
|-resisted|p2a: Alomomola
|-damage|p2a: Alomomola|20/100 brn
|move|p2a: Alomomola|Mirror Coat|p1a: high
|-damage|p1a: high|0 fnt
|faint|p1a: high
|
|-weather|SunnyDay|[upkeep]
|-damage|p2a: Alomomola|14/100 brn|[from] brn
|upkeep
|
|t:|1760440758
|switch|p1a: Jesus|Walking Wake|100/100
|-activate|p1a: Jesus|ability: Protosynthesis
|-start|p1a: Jesus|protosynthesisspe
|turn|23
|
|t:|1760440768
|switch|p2a: Hatterene|Hatterene, F|59/100
|move|p1a: Jesus|Hydro Steam|p2a: Hatterene
|-damage|p2a: Hatterene|0 fnt
|faint|p2a: Hatterene
|
|-weather|SunnyDay|[upkeep]
|upkeep
|
|t:|1760440775
|switch|p2a: Raging Bolt|Raging Bolt|100/100
|-activate|p2a: Raging Bolt|ability: Protosynthesis
|-start|p2a: Raging Bolt|protosynthesisspa
|turn|24
|
|t:|1760440794
|move|p1a: Jesus|Hydro Steam|p2a: Raging Bolt
|-resisted|p2a: Raging Bolt
|-damage|p2a: Raging Bolt|83/100
|move|p2a: Raging Bolt|Draco Meteor|p1a: Jesus
|-supereffective|p1a: Jesus
|-damage|p1a: Jesus|0 fnt
|-unboost|p2a: Raging Bolt|spa|2
|faint|p1a: Jesus
|-end|p1a: Jesus|Protosynthesis|[silent]
|
|-weather|SunnyDay|[upkeep]
|upkeep
|-message|ur doggo forfeited.
|
|win|M8420
|raw|ur doggo's rating: 1497 &rarr; <strong>1480</strong><br />(-17 for losing)
|raw|M8420's rating: 1554 &rarr; <strong>1571</strong><br />(+17 for winning)
|l|☆ur doggo
|player|p1|
|l|☆M8420
|player|p2|
