|j|☆bestquest
|j|☆3r34t45
|t:|1760447433
|gametype|singles
|player|p1|bestquest|preschooler|1324
|player|p2|3r34t45|169|1366
|gen|9
|tier|[Gen 9] OU
|rated|
|rule|HP Percentage Mod: HP is shown in percentages
|rule|Endless Battle Clause: Forcing endless battles is banned
|rule|Species Clause: Limit one of each Pokémon
|rule|OHKO Clause: OHKO moves are banned
|rule|Evasion Items Clause: Evasion items are banned
|rule|Evasion Moves Clause: Evasion moves are banned
|rule|Evasion Abilities Clause: Evasion abilities are banned
|rule|Sleep Moves Clause: Sleep-inducing moves are banned
|clearpoke
|poke|p1|Serperior, M|
|poke|p1|Ribombee, F|
|poke|p1|Cinderace, F|
|poke|p1|Hatterene, F|
|poke|p1|Alomomola, F|
|poke|p1|Kingambit, M|
|poke|p2|Greninja-*, F|
|poke|p2|Great Tusk|
|poke|p2|Mew|
|poke|p2|Rotom-Frost|
|poke|p2|Hydrapple, F|
|poke|p2|Slowking-Galar, M|
|teampreview
|inactive|Battle timer is ON: inactive players will automatically lose when time's up. (requested by 3r34t45)
|
|t:|1760447438
|teamsize|p1|6
|teamsize|p2|6
|start
|switch|p1a: Ribombee|Ribombee, F|100/100
|switch|p2a: Great Tusk|Great Tusk|100/100
|turn|1
|
|t:|1760447443
|-terastallize|p2a: Great Tusk|Fire
|move|p1a: Ribombee|Moonblast|p2a: Great Tusk
|-resisted|p2a: Great Tusk
|-damage|p2a: Great Tusk|70/100
|move|p2a: Great Tusk|Rapid Spin|p1a: Ribombee
|-damage|p1a: Ribombee|67/100
|-boost|p2a: Great Tusk|spe|1
|
|-heal|p2a: Great Tusk|76/100|[from] item: Leftovers
|upkeep
|turn|2
|
|t:|1760447453
|switch|p1a: Alomomola|Alomomola, F|100/100
|move|p2a: Great Tusk|Temper Flare|p1a: Alomomola
|-resisted|p1a: Alomomola
|-damage|p1a: Alomomola|89/100
|-damage|p2a: Great Tusk|60/100|[from] item: Rocky Helmet|[of] p1a: Alomomola
|
|-heal|p2a: Great Tusk|66/100|[from] item: Leftovers
|upkeep
|turn|3
|
|t:|1760447461
|-end|p2a: Great Tusk|Protosynthesis|[silent]
|switch|p2a: Rotom|Rotom-Frost|100/100
|move|p1a: Alomomola|Flip Turn|p2a: Rotom
|-damage|p2a: Rotom|79/100
|
|t:|1760447468
|switch|p1a: Ribombee|Ribombee, F|67/100|[from] Flip Turn
|
|upkeep
|turn|4
|
|t:|1760447472
|move|p2a: Rotom|Blizzard|p1a: Ribombee
|-damage|p1a: Ribombee|0 fnt
|faint|p1a: Ribombee
|
|upkeep
|
|t:|1760447478
|switch|p1a: Kingambit|Kingambit, M|100/100
|turn|5
|
|t:|1760447486
|switch|p2a: Hydrapple|Hydrapple, F|100/100
|move|p1a: Kingambit|Kowtow Cleave|p2a: Hydrapple
|-damage|p2a: Hydrapple|65/100
|
|-heal|p2a: Hydrapple|71/100|[from] item: Leftovers
|upkeep
|turn|6
|
|t:|1760447493
|move|p1a: Kingambit|Kowtow Cleave|p2a: Hydrapple
|-damage|p2a: Hydrapple|32/100
|move|p2a: Hydrapple|Earth Power|p1a: Kingambit
|-supereffective|p1a: Kingambit
|-damage|p1a: Kingambit|59/100
|
|-heal|p2a: Hydrapple|39/100|[from] item: Leftovers
|upkeep
|turn|7
|
|t:|1760447501
|move|p1a: Kingambit|Kowtow Cleave|p2a: Hydrapple
|-damage|p2a: Hydrapple|0 fnt
|faint|p2a: Hydrapple
|
|upkeep
|
|t:|1760447503
|switch|p2a: Great Tusk|Great Tusk, tera:Fire|66/100
|turn|8
|
|t:|1760447507
|switch|p1a: Alomomola|Alomomola, F|100/100
|move|p2a: Great Tusk|Close Combat|p1a: Alomomola
|-damage|p1a: Alomomola|68/100
|-unboost|p2a: Great Tusk|def|1
|-unboost|p2a: Great Tusk|spd|1
|-damage|p2a: Great Tusk|50/100|[from] item: Rocky Helmet|[of] p1a: Alomomola
|
|-heal|p2a: Great Tusk|56/100|[from] item: Leftovers
|upkeep
|turn|9
|
|t:|1760447516
|-end|p2a: Great Tusk|Protosynthesis|[silent]
|switch|p2a: Rotom|Rotom-Frost|79/100
|move|p1a: Alomomola|Flip Turn|p2a: Rotom
|-damage|p2a: Rotom|59/100
|
|t:|1760447521
|switch|p1a: Kingambit|Kingambit, M|59/100|[from] Flip Turn
|
|upkeep
|turn|10
|
|t:|1760447524
|move|p2a: Rotom|Trick|p1a: Kingambit
|-activate|p2a: Rotom|move: Trick|[of] p1a: Kingambit
|-item|p1a: Kingambit|Choice Scarf|[from] move: Trick
|-item|p2a: Rotom|Assault Vest|[from] move: Trick
|move|p1a: Kingambit|Iron Head|p2a: Rotom
|-damage|p2a: Rotom|0 fnt
|faint|p2a: Rotom
|
|upkeep
|
|t:|1760447530
|switch|p2a: Greninja|Greninja, F|100/100
|turn|11
|
|t:|1760447535
|switch|p1a: Alomomola|Alomomola, F|100/100
|move|p2a: Greninja|Surf|p1a: Alomomola
|-start|p2a: Greninja|typechange|Water|[from] ability: Protean
|-resisted|p1a: Alomomola
|-damage|p1a: Alomomola|65/100
|
|upkeep
|turn|12
|
|t:|1760447542
|move|p2a: Greninja|Surf|p1a: Alomomola
|-resisted|p1a: Alomomola
|-damage|p1a: Alomomola|29/100
|move|p1a: Alomomola|Flip Turn|p2a: Greninja
|-resisted|p2a: Greninja
|-damage|p2a: Greninja|88/100
|
|t:|1760447548
|switch|p1a: Serperior|Serperior, M|100/100|[from] Flip Turn
|
|upkeep
|turn|13
|
|t:|1760447551
|switch|p2a: Slowking|Slowking-Galar, M|100/100
|move|p1a: Serperior|Leaf Storm|p2a: Slowking
|-resisted|p2a: Slowking
|-damage|p2a: Slowking|86/100
|-boost|p1a: Serperior|spa|2
|
|-heal|p2a: Slowking|92/100|[from] item: Leftovers
|upkeep
|turn|14
|
|t:|1760447559
|switch|p1a: Kingambit|Kingambit, M|59/100
|move|p2a: Slowking|Sludge Bomb|p1a: Kingambit
|-immune|p1a: Kingambit
|
|-heal|p2a: Slowking|98/100|[from] item: Leftovers
|upkeep
|turn|15
|
|t:|1760447567
|switch|p2a: Greninja|Greninja, F|88/100
|move|p1a: Kingambit|Kowtow Cleave|p2a: Greninja
|-resisted|p2a: Greninja
|-damage|p2a: Greninja|45/100
|
|upkeep
|turn|16
|
|t:|1760447573
|move|p2a: Greninja|Surf|p1a: Kingambit
|-start|p2a: Greninja|typechange|Water|[from] ability: Protean
|-damage|p1a: Kingambit|4/100
|move|p1a: Kingambit|Kowtow Cleave|p2a: Greninja
|-damage|p2a: Greninja|0 fnt
|faint|p2a: Greninja
|
|upkeep
|-message|3r34t45 forfeited.
|
|win|bestquest
|raw|bestquest's rating: 1324 &rarr; <strong>1346</strong><br />(+22 for winning)
|raw|3r34t45's rating: 1366 &rarr; <strong>1344</strong><br />(-22 for losing)
|l|☆3r34t45
|player|p2|
|l|☆bestquest
|player|p1|
