|j|☆charliebattler
|j|☆pikazard66
|t:|1760379855
|gametype|singles
|player|p1|charliebattler|lance|1380
|player|p2|pikazard66|170|1398
|gen|9
|tier|[Gen 9] OU
|rated|
|rule|HP Percentage Mod: HP is shown in percentages
|rule|Endless Battle Clause: Forcing endless battles is banned
|rule|Species Clause: Limit one of each Pokémon
|rule|OHKO Clause: OHKO moves are banned
|rule|Evasion Items Clause: Evasion items are banned
|rule|Evasion Moves Clause: Evasion moves are banned
|rule|Evasion Abilities Clause: Evasion abilities are banned
|rule|Sleep Moves Clause: Sleep-inducing moves are banned
|clearpoke
|poke|p1|Walking Wake|
|poke|p1|Ninetales, F|
|poke|p1|Venusaur, M|
|poke|p1|Dragapult, M|
|poke|p1|Corviknight, M|
|poke|p1|Ting-Lu|
|poke|p2|Lapras, M|
|poke|p2|Weezing-Galar, M|
|poke|p2|Goodra-Hisui, M|
|poke|p2|Gliscor, M|
|poke|p2|Skeledirge, F|
|poke|p2|Wo-Chien|
|teampreview
|
|t:|1760379873
|teamsize|p1|6
|teamsize|p2|6
|start
|switch|p1a: Ninetales|Ninetales, F|100/100
|switch|p2a: Gliscor|Gliscor, M|100/100
|-weather|SunnyDay|[from] ability: Drought|[of] p1a: Ninetales
|turn|1
|
|t:|1760379889
|move|p2a: Gliscor|Protect|p2a: Gliscor
|-singleturn|p2a: Gliscor|Protect
|move|p1a: Ninetales|Will-O-Wisp|p2a: Gliscor
|-activate|p2a: Gliscor|move: Protect
|
|-weather|SunnyDay|[upkeep]
|-status|p2a: Gliscor|tox|[from] item: Toxic Orb
|upkeep
|turn|2
|
|t:|1760379896
|move|p1a: Ninetales|Encore|p2a: Gliscor
|-start|p2a: Gliscor|Encore
|move|p2a: Gliscor|Protect||[still]
|-fail|p2a: Gliscor
|
|-weather|SunnyDay|[upkeep]
|upkeep
|turn|3
|
|t:|1760379905
|switch|p1a: Walking Wake|Walking Wake|100/100
|-activate|p1a: Walking Wake|ability: Protosynthesis
|-start|p1a: Walking Wake|protosynthesisspa
|switch|p2a: Skeledirge|Skeledirge, F|100/100
|
|-weather|SunnyDay|[upkeep]
|upkeep
|turn|4
|
|t:|1760379912
|switch|p2a: Goodra|Goodra-Hisui, M|100/100
|move|p1a: Walking Wake|Hydro Steam|p2a: Goodra
|-resisted|p2a: Goodra
|-damage|p2a: Goodra|83/100
|
|-weather|SunnyDay|[upkeep]
|upkeep
|turn|5
|
|t:|1760379923
|-end|p1a: Walking Wake|Protosynthesis|[silent]
|switch|p1a: Ting-Lu|Ting-Lu|100/100
|-ability|p1a: Ting-Lu|Vessel of Ruin
|move|p2a: Goodra|Knock Off|p1a: Ting-Lu
|-resisted|p1a: Ting-Lu
|-damage|p1a: Ting-Lu|95/100
|-enditem|p1a: Ting-Lu|Leftovers|[from] move: Knock Off|[of] p2a: Goodra
|
|-weather|SunnyDay|[upkeep]
|upkeep
|turn|6
|
|t:|1760379931
|switch|p2a: Weezing|Weezing-Galar, M|100/100
|move|p1a: Ting-Lu|Stealth Rock|p2a: Weezing
|-sidestart|p2: pikazard66|move: Stealth Rock
|
|-weather|SunnyDay|[upkeep]
|upkeep
|turn|7
|
|t:|1760379934
|move|p2a: Weezing|Defog|p1a: Ting-Lu
|-unboost|p1a: Ting-Lu|evasion|1
|-sideend|p2: pikazard66|Stealth Rock|[from] move: Defog|[of] p2a: Weezing
|move|p1a: Ting-Lu|Ruination|p2a: Weezing
|-damage|p2a: Weezing|50/100
|
|-weather|SunnyDay|[upkeep]
|upkeep
|turn|8
|
|t:|1760379940
|move|p2a: Weezing|Strange Steam|p1a: Ting-Lu
|-supereffective|p1a: Ting-Lu
|-damage|p1a: Ting-Lu|67/100
|move|p1a: Ting-Lu|Stealth Rock|p2a: Weezing
|-sidestart|p2: pikazard66|move: Stealth Rock
|
|-weather|none
|upkeep
|turn|9
|
|t:|1760379946
|move|p2a: Weezing|Defog|p1a: Ting-Lu
|-unboost|p1a: Ting-Lu|evasion|1
|-sideend|p2: pikazard66|Stealth Rock|[from] move: Defog|[of] p2a: Weezing
|move|p1a: Ting-Lu|Ruination|p2a: Weezing
|-damage|p2a: Weezing|26/100
|
|upkeep
|turn|10
|
|t:|1760379948
|switch|p1a: Ninetales|Ninetales, F|100/100
|-weather|SunnyDay|[from] ability: Drought|[of] p1a: Ninetales
|move|p2a: Weezing|Strange Steam|p1a: Ninetales
|-resisted|p1a: Ninetales
|-damage|p1a: Ninetales|86/100
|-start|p1a: Ninetales|confusion
|
|-weather|SunnyDay|[upkeep]
|upkeep
|turn|11
|
|t:|1760379957
|switch|p2a: Skeledirge|Skeledirge, F|100/100
|-activate|p1a: Ninetales|confusion
|move|p1a: Ninetales|Will-O-Wisp|p2a: Skeledirge|[miss]
|-miss|p1a: Ninetales|p2a: Skeledirge
|
|-weather|SunnyDay|[upkeep]
|upkeep
|turn|12
|
|t:|1760379962
|switch|p1a: Ting-Lu|Ting-Lu|67/100
|-ability|p1a: Ting-Lu|Vessel of Ruin
|move|p2a: Skeledirge|Torch Song|p1a: Ting-Lu
|-damage|p1a: Ting-Lu|46/100
|-boost|p2a: Skeledirge|spa|1
|
|-weather|SunnyDay|[upkeep]
|upkeep
|turn|13
|
|t:|1760379966
|move|p2a: Skeledirge|Will-O-Wisp|p1a: Ting-Lu|[miss]
|-miss|p2a: Skeledirge|p1a: Ting-Lu
|move|p1a: Ting-Lu|Earthquake|p2a: Skeledirge
|-supereffective|p2a: Skeledirge
|-crit|p2a: Skeledirge
|-damage|p2a: Skeledirge|28/100
|
|-weather|SunnyDay|[upkeep]
|upkeep
|turn|14
|
|t:|1760379969
|move|p2a: Skeledirge|Will-O-Wisp|p1a: Ting-Lu
|-status|p1a: Ting-Lu|brn
|move|p1a: Ting-Lu|Earthquake|p2a: Skeledirge
|-supereffective|p2a: Skeledirge
|-damage|p2a: Skeledirge|6/100
|
|-weather|SunnyDay|[upkeep]
|-damage|p1a: Ting-Lu|40/100 brn|[from] brn
|upkeep
|turn|15
|
|t:|1760379972
|move|p2a: Skeledirge|Slack Off|p2a: Skeledirge
|-heal|p2a: Skeledirge|56/100
|move|p1a: Ting-Lu|Stealth Rock|p2a: Skeledirge
|-sidestart|p2: pikazard66|move: Stealth Rock
|
|-weather|SunnyDay|[upkeep]
|-damage|p1a: Ting-Lu|34/100 brn|[from] brn
|upkeep
|turn|16
|
|t:|1760379976
|switch|p1a: Walking Wake|Walking Wake|100/100
|-activate|p1a: Walking Wake|ability: Protosynthesis
|-start|p1a: Walking Wake|protosynthesisspa
|move|p2a: Skeledirge|Torch Song|p1a: Walking Wake
|-resisted|p1a: Walking Wake
|-damage|p1a: Walking Wake|81/100
|-boost|p2a: Skeledirge|spa|1
|
|-weather|SunnyDay|[upkeep]
|upkeep
|turn|17
|
|t:|1760379980
|switch|p2a: Goodra|Goodra-Hisui, M|83/100
|-damage|p2a: Goodra|77/100|[from] Stealth Rock
|move|p1a: Walking Wake|Flip Turn|p2a: Goodra
|-resisted|p2a: Goodra
|-damage|p2a: Goodra|75/100
|
|t:|1760379990
|-end|p1a: Walking Wake|Protosynthesis|[silent]
|switch|p1a: Ting-Lu|Ting-Lu|34/100 brn|[from] Flip Turn
|-ability|p1a: Ting-Lu|Vessel of Ruin
|
|-weather|none
|-damage|p1a: Ting-Lu|28/100 brn|[from] brn
|upkeep
|turn|18
|
|t:|1760380006
|switch|p1a: Ninetales|Ninetales, F|86/100
|-weather|SunnyDay|[from] ability: Drought|[of] p1a: Ninetales
|move|p2a: Goodra|Body Press|p1a: Ninetales
|-damage|p1a: Ninetales|50/100
|
|-weather|SunnyDay|[upkeep]
|upkeep
|turn|19
|
|t:|1760380014
|switch|p1a: Corviknight|Corviknight, M|100/100
|-ability|p1a: Corviknight|Pressure
|move|p2a: Goodra|Knock Off|p1a: Corviknight
|-damage|p1a: Corviknight|86/100
|-damage|p2a: Goodra|58/100|[from] item: Rocky Helmet|[of] p1a: Corviknight
|-enditem|p1a: Corviknight|Rocky Helmet|[from] move: Knock Off|[of] p2a: Goodra
|
|-weather|SunnyDay|[upkeep]
|upkeep
|turn|20
|
|t:|1760380020
|switch|p2a: Skeledirge|Skeledirge, F|56/100
|move|p1a: Corviknight|U-turn|p2a: Skeledirge
|-resisted|p2a: Skeledirge
|-damage|p2a: Skeledirge|55/100
|
|t:|1760380023
|switch|p1a: Walking Wake|Walking Wake|81/100|[from] U-turn
|-activate|p1a: Walking Wake|ability: Protosynthesis
|-start|p1a: Walking Wake|protosynthesisspa
|
|-weather|SunnyDay|[upkeep]
|upkeep
|turn|21
|
|t:|1760380027
|switch|p2a: Goodra|Goodra-Hisui, M|58/100
|-damage|p2a: Goodra|52/100|[from] Stealth Rock
|-terastallize|p1a: Walking Wake|Water
|move|p1a: Walking Wake|Hydro Steam|p2a: Goodra
|-resisted|p2a: Goodra
|-damage|p2a: Goodra|30/100
|
|-weather|SunnyDay|[upkeep]
|upkeep
|turn|22
|
|t:|1760380034
|move|p1a: Walking Wake|Hydro Steam|p2a: Goodra
|-resisted|p2a: Goodra
|-damage|p2a: Goodra|8/100
|move|p2a: Goodra|Body Press|p1a: Walking Wake
|-damage|p1a: Walking Wake|51/100
|
|-weather|SunnyDay|[upkeep]
|upkeep
|turn|23
|
|t:|1760380039
|move|p1a: Walking Wake|Hydro Steam|p2a: Goodra
|-resisted|p2a: Goodra
|-damage|p2a: Goodra|0 fnt
|faint|p2a: Goodra
|
|-weather|SunnyDay|[upkeep]
|upkeep
|
|t:|1760380043
|switch|p2a: Lapras|Lapras, M|100/100
|-damage|p2a: Lapras|76/100|[from] Stealth Rock
|turn|24
|
|t:|1760380056
|-end|p1a: Walking Wake|Protosynthesis|[silent]
|switch|p1a: Dragapult|Dragapult, M|100/100
|-terastallize|p2a: Lapras|Ground
|move|p2a: Lapras|Dragon Dance|p2a: Lapras
|-boost|p2a: Lapras|atk|1
|-boost|p2a: Lapras|spe|1
|
|-weather|SunnyDay|[upkeep]
|upkeep
|turn|25
|
|t:|1760380061
|move|p1a: Dragapult|Draco Meteor|p2a: Lapras
|-damage|p2a: Lapras|24/100
|-unboost|p1a: Dragapult|spa|2
|move|p2a: Lapras|Dragon Dance|p2a: Lapras
|-boost|p2a: Lapras|atk|1
|-boost|p2a: Lapras|spe|1
|
|-weather|none
|upkeep
|turn|26
|
|t:|1760380067
|move|p2a: Lapras|Icicle Spear|p1a: Dragapult
|-supereffective|p1a: Dragapult
|-damage|p1a: Dragapult|44/100
|-supereffective|p1a: Dragapult
|-damage|p1a: Dragapult|0 fnt
|faint|p1a: Dragapult
|-hitcount|p1: Dragapult|2
|
|upkeep
|
|t:|1760380069
|switch|p1a: Ninetales|Ninetales, F|50/100
|-weather|SunnyDay|[from] ability: Drought|[of] p1a: Ninetales
|turn|27
|
|t:|1760380082
|move|p2a: Lapras|Waterfall|p1a: Ninetales
|-supereffective|p1a: Ninetales
|-damage|p1a: Ninetales|0 fnt
|faint|p1a: Ninetales
|
|-weather|SunnyDay|[upkeep]
|upkeep
|
|t:|1760380095
|switch|p1a: Venusaur|Venusaur, M|100/100
|turn|28
|
|t:|1760380102
|move|p1a: Venusaur|Giga Drain|p2a: Lapras
|-supereffective|p2a: Lapras
|-damage|p2a: Lapras|0 fnt
|faint|p2a: Lapras
|-damage|p1a: Venusaur|91/100|[from] item: Life Orb
|
|-weather|SunnyDay|[upkeep]
|upkeep
|
|t:|1760380107
|switch|p2a: Gliscor|Gliscor, M|100/100 tox
|-damage|p2a: Gliscor|88/100 tox|[from] Stealth Rock
|turn|29
|
|t:|1760380112
|move|p1a: Venusaur|Giga Drain|p2a: Gliscor
|-damage|p2a: Gliscor|30/100 tox
|-heal|p1a: Venusaur|100/100|[from] drain|[of] p2a: Gliscor
|-damage|p1a: Venusaur|91/100|[from] item: Life Orb
|move|p2a: Gliscor|Earthquake|p1a: Venusaur
|-damage|p1a: Venusaur|46/100
|
|-weather|SunnyDay|[upkeep]
|-heal|p2a: Gliscor|43/100 tox|[from] ability: Poison Heal
|upkeep
|turn|30
|
|t:|1760380119
|move|p2a: Gliscor|Protect|p2a: Gliscor
|-singleturn|p2a: Gliscor|Protect
|move|p1a: Venusaur|Substitute|p1a: Venusaur
|-start|p1a: Venusaur|Substitute
|-damage|p1a: Venusaur|21/100
|
|-weather|SunnyDay|[upkeep]
|-heal|p2a: Gliscor|55/100 tox|[from] ability: Poison Heal
|upkeep
|turn|31
|
|t:|1760380132
|switch|p2a: Skeledirge|Skeledirge, F|55/100
|move|p1a: Venusaur|Giga Drain|p2a: Skeledirge
|-resisted|p2a: Skeledirge
|-damage|p2a: Skeledirge|32/100
|-heal|p1a: Venusaur|37/100|[from] drain|[of] p2a: Skeledirge
|-damage|p1a: Venusaur|27/100|[from] item: Life Orb
|
|-weather|SunnyDay|[upkeep]
|upkeep
|turn|32
|
|t:|1760380135
|move|p1a: Venusaur|Earth Power|p2a: Skeledirge
|-supereffective|p2a: Skeledirge
|-damage|p2a: Skeledirge|0 fnt
|faint|p2a: Skeledirge
|-damage|p1a: Venusaur|17/100|[from] item: Life Orb
|
|-weather|SunnyDay|[upkeep]
|upkeep
|
|t:|1760380140
|switch|p2a: Gliscor|Gliscor, M|55/100 tox
|-damage|p2a: Gliscor|43/100 tox|[from] Stealth Rock
|turn|33
|
|t:|1760380143
|move|p2a: Gliscor|Protect|p2a: Gliscor
|-singleturn|p2a: Gliscor|Protect
|move|p1a: Venusaur|Substitute|p1a: Venusaur
|-fail|p1a: Venusaur|move: Substitute
|
|-weather|SunnyDay|[upkeep]
|-heal|p2a: Gliscor|55/100 tox|[from] ability: Poison Heal
|upkeep
|turn|34
|
|t:|1760380152
|switch|p2a: Wo-Chien|Wo-Chien|100/100
|-damage|p2a: Wo-Chien|88/100|[from] Stealth Rock
|-ability|p2a: Wo-Chien|Tablets of Ruin
|move|p1a: Venusaur|Giga Drain|p2a: Wo-Chien
|-resisted|p2a: Wo-Chien
|-damage|p2a: Wo-Chien|76/100
|-heal|p1a: Venusaur|25/100|[from] drain|[of] p2a: Wo-Chien
|-damage|p1a: Venusaur|15/100|[from] item: Life Orb
|
|-weather|none
|-heal|p2a: Wo-Chien|82/100|[from] item: Leftovers
|upkeep
|turn|35
|
|t:|1760380156
|move|p1a: Venusaur|Sludge Bomb|p2a: Wo-Chien
|-supereffective|p2a: Wo-Chien
|-damage|p2a: Wo-Chien|25/100
|-damage|p1a: Venusaur|5/100|[from] item: Life Orb
|move|p2a: Wo-Chien|Knock Off|p1a: Venusaur
|-end|p1a: Venusaur|Substitute
|
|-heal|p2a: Wo-Chien|32/100|[from] item: Leftovers
|upkeep
|turn|36
|
|t:|1760380163
|move|p2a: Wo-Chien|Protect|p2a: Wo-Chien
|-singleturn|p2a: Wo-Chien|Protect
|move|p1a: Venusaur|Sludge Bomb|p2a: Wo-Chien
|-activate|p2a: Wo-Chien|move: Protect
|
|-heal|p2a: Wo-Chien|38/100|[from] item: Leftovers
|upkeep
|turn|37
|
|t:|1760380165
|switch|p2a: Gliscor|Gliscor, M|55/100 tox
|-damage|p2a: Gliscor|43/100 tox|[from] Stealth Rock
|move|p1a: Venusaur|Sludge Bomb|p2a: Gliscor
|-resisted|p2a: Gliscor
|-damage|p2a: Gliscor|6/100 tox
|-damage|p1a: Venusaur|0 fnt|[from] item: Life Orb
|faint|p1a: Venusaur
|
|-heal|p2a: Gliscor|19/100 tox|[from] ability: Poison Heal
|upkeep
|
|t:|1760380168
|switch|p1a: Walking Wake|Walking Wake, tera:Water|51/100
|turn|38
|
|t:|1760380175
|move|p2a: Gliscor|Protect|p2a: Gliscor
|-singleturn|p2a: Gliscor|Protect
|move|p1a: Walking Wake|Hydro Steam|p2a: Gliscor
|-activate|p2a: Gliscor|move: Protect
|
|-heal|p2a: Gliscor|31/100 tox|[from] ability: Poison Heal
|upkeep
|turn|39
|
|t:|1760380177
|switch|p2a: Weezing|Weezing-Galar, M|26/100
|-damage|p2a: Weezing|13/100|[from] Stealth Rock
|move|p1a: Walking Wake|Hydro Steam|p2a: Weezing
|-damage|p2a: Weezing|0 fnt
|faint|p2a: Weezing
|
|upkeep
|
|t:|1760380178
|switch|p2a: Wo-Chien|Wo-Chien|38/100
|-damage|p2a: Wo-Chien|25/100|[from] Stealth Rock
|-ability|p2a: Wo-Chien|Tablets of Ruin
|turn|40
|
|t:|1760380180
|-end|p1a: Walking Wake|Protosynthesis|[silent]
|switch|p1a: Ting-Lu|Ting-Lu|28/100 brn
|-ability|p1a: Ting-Lu|Vessel of Ruin
|move|p2a: Wo-Chien|Protect||[still]
|-fail|p2a: Wo-Chien
|
|-heal|p2a: Wo-Chien|32/100|[from] item: Leftovers
|-damage|p1a: Ting-Lu|22/100 brn|[from] brn
|upkeep
|turn|41
|
|t:|1760380185
|move|p2a: Wo-Chien|Protect|p2a: Wo-Chien
|-singleturn|p2a: Wo-Chien|Protect
|move|p1a: Ting-Lu|Ruination|p2a: Wo-Chien
|-activate|p2a: Wo-Chien|move: Protect
|
|-heal|p2a: Wo-Chien|38/100|[from] item: Leftovers
|-damage|p1a: Ting-Lu|15/100 brn|[from] brn
|upkeep
|turn|42
|
|t:|1760380189
|move|p2a: Wo-Chien|Body Press|p1a: Ting-Lu
|-supereffective|p1a: Ting-Lu
|-damage|p1a: Ting-Lu|0 fnt
|faint|p1a: Ting-Lu
|
|-heal|p2a: Wo-Chien|44/100|[from] item: Leftovers
|upkeep
|
|t:|1760380191
|switch|p1a: Corviknight|Corviknight, M|86/100
|-ability|p1a: Corviknight|Pressure
|turn|43
|
|t:|1760380194
|switch|p2a: Gliscor|Gliscor, M|31/100 tox
|-damage|p2a: Gliscor|19/100 tox|[from] Stealth Rock
|move|p1a: Corviknight|Body Press|p2a: Gliscor
|-resisted|p2a: Gliscor
|-damage|p2a: Gliscor|11/100 tox
|
|-heal|p2a: Gliscor|23/100 tox|[from] ability: Poison Heal
|upkeep
|turn|44
|
|t:|1760380208
|move|p2a: Gliscor|Spikes|p1a: Corviknight
|-sidestart|p1: charliebattler|Spikes
|move|p1a: Corviknight|U-turn|p2a: Gliscor
|-resisted|p2a: Gliscor
|-damage|p2a: Gliscor|18/100 tox
|
|t:|1760380211
|switch|p1a: Walking Wake|Walking Wake, tera:Water|51/100|[from] U-turn
|-damage|p1a: Walking Wake|39/100|[from] Spikes
|
|-heal|p2a: Gliscor|31/100 tox|[from] ability: Poison Heal
|upkeep
|turn|45
|
|t:|1760380216
|move|p2a: Gliscor|Protect|p2a: Gliscor
|-singleturn|p2a: Gliscor|Protect
|move|p1a: Walking Wake|Draco Meteor|p2a: Gliscor
|-activate|p2a: Gliscor|move: Protect
|
|-heal|p2a: Gliscor|43/100 tox|[from] ability: Poison Heal
|upkeep
|turn|46
|
|t:|1760380223
|move|p1a: Walking Wake|Draco Meteor|p2a: Gliscor
|-damage|p2a: Gliscor|0 fnt
|-unboost|p1a: Walking Wake|spa|2
|faint|p2a: Gliscor
|
|upkeep
|
|t:|1760380225
|switch|p2a: Wo-Chien|Wo-Chien|44/100
|-damage|p2a: Wo-Chien|32/100|[from] Stealth Rock
|-ability|p2a: Wo-Chien|Tablets of Ruin
|turn|47
|
|t:|1760380228
|move|p1a: Walking Wake|Draco Meteor|p2a: Wo-Chien
|-damage|p2a: Wo-Chien|14/100
|-unboost|p1a: Walking Wake|spa|2
|move|p2a: Wo-Chien|Leech Seed|p1a: Walking Wake
|-start|p1a: Walking Wake|move: Leech Seed
|
|-heal|p2a: Wo-Chien|20/100|[from] item: Leftovers
|-damage|p1a: Walking Wake|26/100|[from] Leech Seed|[of] p2a: Wo-Chien
|-heal|p2a: Wo-Chien|31/100|[silent]
|upkeep
|turn|48
|
|t:|1760380235
|-end|p1a: Walking Wake|Protosynthesis|[silent]
|switch|p1a: Corviknight|Corviknight, M|86/100
|-ability|p1a: Corviknight|Pressure
|move|p2a: Wo-Chien|Protect||[still]
|-fail|p2a: Wo-Chien
|
|-heal|p2a: Wo-Chien|37/100|[from] item: Leftovers
|upkeep
|turn|49
|
|t:|1760380240
|move|p2a: Wo-Chien|Leech Seed|p1a: Corviknight
|-start|p1a: Corviknight|move: Leech Seed
|move|p1a: Corviknight|Body Press|p2a: Wo-Chien
|-supereffective|p2a: Wo-Chien
|-crit|p2a: Wo-Chien
|-damage|p2a: Wo-Chien|0 fnt
|faint|p2a: Wo-Chien
|
|win|charliebattler
|raw|charliebattler's rating: 1380 &rarr; <strong>1401</strong><br />(+21 for winning)
|raw|pikazard66's rating: 1398 &rarr; <strong>1377</strong><br />(-21 for losing)
|l|☆pikazard66
|player|p2|
|l|☆charliebattler
|player|p1|
