|j|☆banjin
|j|☆Flumani
|t:|1760410415
|gametype|singles
|player|p1|banjin|beauty-gen6xy|1366
|player|p2|Flumani|leon|1343
|gen|9
|tier|[Gen 9] OU
|rated|
|rule|HP Percentage Mod: HP is shown in percentages
|rule|Endless Battle Clause: Forcing endless battles is banned
|rule|Species Clause: Limit one of each Pokémon
|rule|OHKO Clause: OHKO moves are banned
|rule|Evasion Items Clause: Evasion items are banned
|rule|Evasion Moves Clause: Evasion moves are banned
|rule|Evasion Abilities Clause: Evasion abilities are banned
|rule|Sleep Moves Clause: Sleep-inducing moves are banned
|clearpoke
|poke|p1|Minior-Blue|
|poke|p1|Lokix, F|
|poke|p1|Thundurus-Therian, M|
|poke|p1|Muk-Alola, M|
|poke|p1|Emboar, F|
|poke|p1|Ditto|
|poke|p2|Great Tusk|
|poke|p2|Polteageist|
|poke|p2|Serperior, M|
|poke|p2|Ursaluna, M|
|poke|p2|Pikachu, L1, M|
|poke|p2|Dragapult, F|
|teampreview
|inactive|Battle timer is ON: inactive players will automatically lose when time's up. (requested by banjin)
|
|t:|1760410440
|teamsize|p1|6
|teamsize|p2|6
|start
|switch|p1a: Paws|Thundurus-Therian, M|100/100
|switch|p2a: Ursaluna|Ursaluna, M|100/100
|turn|1
|
|t:|1760410446
|move|p2a: Ursaluna|Protect|p2a: Ursaluna
|-singleturn|p2a: Ursaluna|Protect
|move|p1a: Paws|Nasty Plot|p1a: Paws
|-boost|p1a: Paws|spa|2
|
|-status|p2a: Ursaluna|brn|[from] item: Flame Orb
|upkeep
|turn|2
|
|t:|1760410451
|move|p1a: Paws|Grass Knot|p2a: Ursaluna
|-supereffective|p2a: Ursaluna
|-damage|p2a: Ursaluna|0 fnt
|faint|p2a: Ursaluna
|
|upkeep
|
|t:|1760410458
|switch|p2a: Great Tusk|Great Tusk|100/100
|-enditem|p2a: Great Tusk|Booster Energy
|-activate|p2a: Great Tusk|ability: Protosynthesis|[fromitem]
|-start|p2a: Great Tusk|protosynthesisatk
|turn|3
|
|t:|1760410462
|-terastallize|p2a: Great Tusk|Grass
|move|p1a: Paws|Agility|p1a: Paws
|-boost|p1a: Paws|spe|2
|move|p2a: Great Tusk|Stone Edge|p1a: Paws
|-supereffective|p1a: Paws
|-enditem|p1a: Paws|Focus Sash
|-damage|p1a: Paws|1/100
|
|upkeep
|turn|4
|
|t:|1760410475
|move|p1a: Paws|Thunderbolt|p2a: Great Tusk
|-resisted|p2a: Great Tusk
|-crit|p2a: Great Tusk
|-damage|p2a: Great Tusk|6/100
|move|p2a: Great Tusk|Rapid Spin|p1a: Paws
|-damage|p1a: Paws|0 fnt
|-boost|p2a: Great Tusk|spe|1
|faint|p1a: Paws
|
|upkeep
|
|t:|1760410496
|switch|p1a: Beppo|Muk-Alola, M|100/100
|turn|5
|
|t:|1760410499
|move|p1a: Beppo|Shadow Sneak|p2a: Great Tusk
|-damage|p2a: Great Tusk|0 fnt
|faint|p2a: Great Tusk
|-end|p2a: Great Tusk|Protosynthesis|[silent]
|
|upkeep
|
|t:|1760410521
|switch|p2a: Dragapult|Dragapult, F|100/100
|turn|6
|-activate|p1a: Beppo|item: Quick Claw
|
|t:|1760410523
|move|p1a: Beppo|Knock Off|p2a: Dragapult
|-supereffective|p2a: Dragapult
|-damage|p2a: Dragapult|0 fnt
|-start|p1a: Beppo|Disable|Knock Off|[from] ability: Cursed Body|[of] p2a: Dragapult
|-enditem|p2a: Dragapult|Heavy-Duty Boots|[from] move: Knock Off|[of] p1a: Beppo
|faint|p2a: Dragapult
|
|upkeep
|
|t:|1760410529
|switch|p2a: Serperior|Serperior, M, shiny|100/100
|turn|7
|-activate|p1a: Beppo|item: Quick Claw
|
|t:|1760410533
|move|p1a: Beppo|Poison Jab|p2a: Serperior
|-supereffective|p2a: Serperior
|-enditem|p2a: Serperior|Focus Sash
|-damage|p2a: Serperior|1/100
|-status|p2a: Serperior|psn
|move|p2a: Serperior|Leaf Storm|p1a: Beppo
|-resisted|p1a: Beppo
|-damage|p1a: Beppo|83/100
|-boost|p2a: Serperior|spa|2
|
|-damage|p2a: Serperior|0 fnt|[from] psn
|faint|p2a: Serperior
|upkeep
|
|t:|1760410544
|switch|p2a: Polteageist|Polteageist, shiny|100/100
|turn|8
|
|t:|1760410549
|move|p2a: Polteageist|Shell Smash|p2a: Polteageist
|-unboost|p2a: Polteageist|def|1
|-unboost|p2a: Polteageist|spd|1
|-boost|p2a: Polteageist|atk|2
|-boost|p2a: Polteageist|spa|2
|-boost|p2a: Polteageist|spe|2
|move|p1a: Beppo|Poison Jab|p2a: Polteageist
|-resisted|p2a: Polteageist
|-damage|p2a: Polteageist|54/100
|-ability|p2a: Polteageist|Weak Armor|boost
|-unboost|p2a: Polteageist|def|1
|-boost|p2a: Polteageist|spe|2
|-status|p2a: Polteageist|psn|[from] ability: Poison Touch|[of] p1a: Beppo
|
|-damage|p2a: Polteageist|42/100 psn|[from] psn
|upkeep
|turn|9
|
|t:|1760410570
|move|p1a: Beppo|Shadow Sneak|p2a: Polteageist
|-supereffective|p2a: Polteageist
|-damage|p2a: Polteageist|0 fnt
|faint|p2a: Polteageist
|
|-end|p1a: Beppo|Disable
|upkeep
|
|t:|1760410573
|switch|p2a: Pikachu|Pikachu, L1, M|100/100
|turn|10
|-message|Flumani forfeited.
|
|win|banjin
|raw|banjin's rating: 1366 &rarr; <strong>1385</strong><br />(+19 for winning)
|raw|Flumani's rating: 1343 &rarr; <strong>1324</strong><br />(-19 for losing)
|l|☆Flumani
|player|p2|
|c|☆banjin|sorry quick claw is cracked
|l|☆banjin
|player|p1|
