|j|☆bena13
|j|☆acathasnorival
|t:|1760328132
|gametype|singles
|player|p1|bena13|1|1316
|player|p2|acathasnorival|266|1328
|gen|9
|tier|[Gen 9] OU
|rated|
|rule|HP Percentage Mod: HP is shown in percentages
|rule|Endless Battle Clause: Forcing endless battles is banned
|rule|Species Clause: Limit one of each Pokémon
|rule|OHKO Clause: OHKO moves are banned
|rule|Evasion Items Clause: Evasion items are banned
|rule|Evasion Moves Clause: Evasion moves are banned
|rule|Evasion Abilities Clause: Evasion abilities are banned
|rule|Sleep Moves Clause: Sleep-inducing moves are banned
|clearpoke
|poke|p1|Spiritomb, M|
|poke|p1|Okidogi, M|
|poke|p1|Gastrodon, F|
|poke|p1|Vileplume, F|
|poke|p1|Salazzle, F|
|poke|p1|Haunter, F|
|poke|p2|Ogerpon-Wellspring, F|
|poke|p2|Great Tusk|
|poke|p2|Corviknight, F|
|poke|p2|Kyurem|
|poke|p2|Slowking-Galar, F|
|poke|p2|Lokix, M|
|teampreview
|inactive|Battle timer is ON: inactive players will automatically lose when time's up. (requested by bena13)
|
|t:|1760328139
|teamsize|p1|6
|teamsize|p2|6
|start
|switch|p1a: Salazzle|Salazzle, F|100/100
|switch|p2a: Lokix|Lokix, M|100/100
|turn|1
|
|t:|1760328148
|switch|p2a: Slowking|Slowking-Galar, F|100/100
|move|p1a: Salazzle|Fire Blast|p2a: Slowking
|-damage|p2a: Slowking|63/100
|-damage|p1a: Salazzle|91/100|[from] item: Life Orb
|
|upkeep
|turn|2
|
|t:|1760328157
|switch|p1a: Gastrodon|Gastrodon, F|100/100
|move|p2a: Slowking|Future Sight|p1a: Gastrodon
|-start|p2a: Slowking|move: Future Sight
|
|upkeep
|turn|3
|
|t:|1760328166
|move|p1a: Gastrodon|Earth Power|p2a: Slowking
|-supereffective|p2a: Slowking
|-damage|p2a: Slowking|13/100
|-prepare|p2a: Slowking|Chilly Reception|[premajor]
|move|p2a: Slowking|Chilly Reception|p2a: Slowking
|-weather|Snowscape
|
|t:|1760328169
|switch|p2a: Kyurem|Kyurem|100/100|[from] Chilly Reception
|-ability|p2a: Kyurem|Pressure
|
|-weather|Snowscape|[upkeep]
|upkeep
|turn|4
|inactive|bena13 has 120 seconds left.
|
|t:|1760328201
|move|p2a: Kyurem|Freeze-Dry|p1a: Gastrodon
|-supereffective|p1a: Gastrodon
|-damage|p1a: Gastrodon|0 fnt
|faint|p1a: Gastrodon
|
|-weather|Snowscape|[upkeep]
|-hint|Future Sight did not hit because the target is fainted.
|upkeep
|inactive|bena13 has 120 seconds left.
|
|t:|1760328208
|switch|p1a: Okidogi|Okidogi, M|100/100
|turn|5
|inactive|acathasnorival has 120 seconds left.
|
|t:|1760328261
|switch|p2a: Corviknight|Corviknight, F|100/100
|-ability|p2a: Corviknight|Pressure
|switch|p1a: Haunter|Haunter, F|100/100
|
|-weather|Snowscape|[upkeep]
|upkeep
|turn|6
|
|t:|1760328269
|move|p1a: Haunter|Taunt|p2a: Corviknight
|-start|p2a: Corviknight|move: Taunt
|move|p2a: Corviknight|U-turn|p1a: Haunter
|-resisted|p1a: Haunter
|-damage|p1a: Haunter|91/100
|
|t:|1760328275
|switch|p2a: Lokix|Lokix, M|100/100|[from] U-turn
|
|-weather|Snowscape|[upkeep]
|upkeep
|turn|7
|
|t:|1760328281
|move|p1a: Haunter|Destiny Bond|p1a: Haunter
|-singlemove|p1a: Haunter|Destiny Bond
|move|p2a: Lokix|Knock Off|p1a: Haunter
|-supereffective|p1a: Haunter
|-damage|p1a: Haunter|0 fnt
|-enditem|p1a: Haunter|Focus Sash|[from] move: Knock Off|[of] p2a: Lokix
|faint|p1a: Haunter
|-activate|p1a: Haunter|move: Destiny Bond
|faint|p2a: Lokix
|
|-weather|none
|upkeep
|
|t:|1760328294
|switch|p1a: Salazzle|Salazzle, F|91/100
|switch|p2a: Slowking|Slowking-Galar, F|47/100
|turn|8
|inactive|acathasnorival has 120 seconds left.
|
|t:|1760328300
|move|p1a: Salazzle|Fire Blast|p2a: Slowking
|-crit|p2a: Slowking
|-damage|p2a: Slowking|0 fnt
|faint|p2a: Slowking
|-damage|p1a: Salazzle|81/100|[from] item: Life Orb
|
|upkeep
|
|t:|1760328305
|switch|p2a: Great Tusk|Great Tusk|100/100
|turn|9
|
|t:|1760328309
|-terastallize|p1a: Salazzle|Water
|move|p1a: Salazzle|Tera Blast|p2a: Great Tusk|[anim] Tera Blast Water
|-supereffective|p2a: Great Tusk
|-damage|p2a: Great Tusk|0 fnt
|faint|p2a: Great Tusk
|-end|p2a: Great Tusk|Protosynthesis|[silent]
|-damage|p1a: Salazzle|71/100|[from] item: Life Orb
|
|upkeep
|
|t:|1760328322
|switch|p2a: Ogerpon|Ogerpon-Wellspring, F|100/100
|turn|10
|
|t:|1760328329
|-terastallize|p2a: Ogerpon|Water
|detailschange|p2a: Ogerpon|Ogerpon-Wellspring-Tera, F, tera:Water
|-ability|p2a: Ogerpon|Embody Aspect (Wellspring)|boost
|-boost|p2a: Ogerpon|spd|1
|move|p1a: Salazzle|Sludge Bomb|p2a: Ogerpon
|-damage|p2a: Ogerpon|55/100
|-damage|p1a: Salazzle|62/100|[from] item: Life Orb
|move|p2a: Ogerpon|Power Whip|p1a: Salazzle|[miss]
|-miss|p2a: Ogerpon|p1a: Salazzle
|
|upkeep
|turn|11
|
|t:|1760328353
|switch|p1a: Vileplume|Vileplume, F|100/100
|move|p2a: Ogerpon|Power Whip|p1a: Vileplume
|-resisted|p1a: Vileplume
|-damage|p1a: Vileplume|84/100
|-status|p2a: Ogerpon|par|[from] ability: Effect Spore|[of] p1a: Vileplume
|
|upkeep
|turn|12
|
|t:|1760328361
|move|p2a: Ogerpon|U-turn|p1a: Vileplume
|-damage|p1a: Vileplume|61/100
|
|t:|1760328365
|switch|p2a: Corviknight|Corviknight, F|100/100|[from] U-turn
|-ability|p2a: Corviknight|Pressure
|move|p1a: Vileplume|Leech Seed|p2a: Corviknight
|-start|p2a: Corviknight|move: Leech Seed
|
|-damage|p2a: Corviknight|88/100|[from] Leech Seed|[of] p1a: Vileplume
|-heal|p1a: Vileplume|75/100|[silent]
|upkeep
|turn|13
|
|t:|1760328375
|move|p2a: Corviknight|U-turn|p1a: Vileplume
|-damage|p1a: Vileplume|63/100
|
|t:|1760328377
|switch|p2a: Kyurem|Kyurem|100/100|[from] U-turn
|-ability|p2a: Kyurem|Pressure
|move|p1a: Vileplume|Strength Sap|p2a: Kyurem
|-unboost|p2a: Kyurem|atk|1
|-heal|p1a: Vileplume|100/100
|
|upkeep
|turn|14
|
|t:|1760328389
|switch|p1a: Okidogi|Okidogi, M|100/100
|move|p2a: Kyurem|Freeze-Dry|p1a: Okidogi
|-damage|p1a: Okidogi|60/100
|
|-heal|p1a: Okidogi|66/100|[from] item: Leftovers
|upkeep
|turn|15
|
|t:|1760328398
|switch|p2a: Corviknight|Corviknight, F|88/100
|-ability|p2a: Corviknight|Pressure
|move|p1a: Okidogi|Bulk Up|p1a: Okidogi
|-boost|p1a: Okidogi|atk|1
|-boost|p1a: Okidogi|def|1
|
|-heal|p1a: Okidogi|72/100|[from] item: Leftovers
|upkeep
|turn|16
|
|t:|1760328408
|move|p1a: Okidogi|Bulk Up|p1a: Okidogi
|-boost|p1a: Okidogi|atk|1
|-boost|p1a: Okidogi|def|1
|move|p2a: Corviknight|Iron Defense|p2a: Corviknight
|-boost|p2a: Corviknight|def|2
|
|-heal|p1a: Okidogi|78/100|[from] item: Leftovers
|upkeep
|turn|17
|
|t:|1760328418
|move|p1a: Okidogi|Drain Punch|p2a: Corviknight
|-damage|p2a: Corviknight|68/100
|-heal|p1a: Okidogi|89/100|[from] drain|[of] p2a: Corviknight
|-damage|p1a: Okidogi|72/100|[from] item: Rocky Helmet|[of] p2a: Corviknight
|move|p2a: Corviknight|Iron Defense|p2a: Corviknight
|-boost|p2a: Corviknight|def|2
|
|-heal|p1a: Okidogi|78/100|[from] item: Leftovers
|upkeep
|turn|18
|
|t:|1760328428
|switch|p1a: Spiritomb|Spiritomb, M|100/100
|move|p2a: Corviknight|Iron Defense|p2a: Corviknight
|-boost|p2a: Corviknight|def|2
|
|upkeep
|turn|19
|
|t:|1760328435
|move|p2a: Corviknight|U-turn|p1a: Spiritomb
|-damage|p1a: Spiritomb|89/100
|
|t:|1760328438
|switch|p2a: Kyurem|Kyurem|100/100|[from] U-turn
|-ability|p2a: Kyurem|Pressure
|move|p1a: Spiritomb|Will-O-Wisp|p2a: Kyurem
|-status|p2a: Kyurem|brn
|
|-heal|p1a: Spiritomb|96/100|[from] item: Leftovers
|-damage|p2a: Kyurem|94/100 brn|[from] brn
|upkeep
|turn|20
|
|t:|1760328457
|move|p2a: Kyurem|Freeze-Dry|p1a: Spiritomb
|-damage|p1a: Spiritomb|37/100
|move|p1a: Spiritomb|Pain Split|p2a: Kyurem
|-sethp|p2a: Kyurem|62/100 brn|[from] move: Pain Split|[silent]
|-sethp|p1a: Spiritomb|79/100|[from] move: Pain Split
|
|-heal|p1a: Spiritomb|85/100|[from] item: Leftovers
|-damage|p2a: Kyurem|55/100 brn|[from] brn
|upkeep
|turn|21
|
|t:|1760328467
|move|p2a: Kyurem|Freeze-Dry|p1a: Spiritomb
|-damage|p1a: Spiritomb|31/100
|move|p1a: Spiritomb|Foul Play|p2a: Kyurem
|-damage|p2a: Kyurem|24/100 brn
|
|-heal|p1a: Spiritomb|37/100|[from] item: Leftovers
|-damage|p2a: Kyurem|18/100 brn|[from] brn
|upkeep
|turn|22
|
|t:|1760328488
|move|p1a: Spiritomb|Shadow Sneak|p2a: Kyurem
|-damage|p2a: Kyurem|6/100 brn
|move|p2a: Kyurem|Freeze-Dry|p1a: Spiritomb
|-damage|p1a: Spiritomb|0 fnt
|faint|p1a: Spiritomb
|
|-damage|p2a: Kyurem|0 fnt|[from] brn
|faint|p2a: Kyurem
|upkeep
|
|t:|1760328498
|switch|p2a: Ogerpon|Ogerpon-Wellspring-Tera, F, tera:Water|55/100 par
|switch|p1a: Salazzle|Salazzle, F, tera:Water|62/100
|-ability|p2a: Ogerpon|Embody Aspect (Wellspring)|boost
|-boost|p2a: Ogerpon|spd|1
|turn|23
|
|t:|1760328507
|switch|p1a: Okidogi|Okidogi, M|78/100
|move|p2a: Ogerpon|Power Whip|p1a: Okidogi
|-resisted|p1a: Okidogi
|-damage|p1a: Okidogi|49/100
|
|-heal|p1a: Okidogi|55/100|[from] item: Leftovers
|upkeep
|turn|24
|
|t:|1760328517
|switch|p1a: Vileplume|Vileplume, F|100/100
|switch|p2a: Corviknight|Corviknight, F|68/100
|-ability|p2a: Corviknight|Pressure
|
|upkeep
|turn|25
|
|t:|1760328526
|move|p2a: Corviknight|Body Press|p1a: Vileplume
|-resisted|p1a: Vileplume
|-damage|p1a: Vileplume|91/100
|move|p1a: Vileplume|Leech Seed|p2a: Corviknight
|-start|p2a: Corviknight|move: Leech Seed
|
|-damage|p2a: Corviknight|55/100|[from] Leech Seed|[of] p1a: Vileplume
|-heal|p1a: Vileplume|100/100|[silent]
|upkeep
|turn|26
|
|t:|1760328541
|switch|p1a: Okidogi|Okidogi, M|55/100
|move|p2a: Corviknight|U-turn|p1a: Okidogi
|-resisted|p1a: Okidogi
|-damage|p1a: Okidogi|52/100
|
|t:|1760328546
|switch|p2a: Ogerpon|Ogerpon-Wellspring-Tera, F, tera:Water|55/100 par|[from] U-turn
|-ability|p2a: Ogerpon|Embody Aspect (Wellspring)|boost
|-boost|p2a: Ogerpon|spd|1
|
|-heal|p1a: Okidogi|58/100|[from] item: Leftovers
|upkeep
|turn|27
|
|t:|1760328555
|move|p1a: Okidogi|Knock Off|p2a: Ogerpon
|-damage|p2a: Ogerpon|30/100 par
|move|p2a: Ogerpon|U-turn|p1a: Okidogi
|-resisted|p1a: Okidogi
|-damage|p1a: Okidogi|52/100
|
|t:|1760328558
|switch|p2a: Corviknight|Corviknight, F|55/100|[from] U-turn
|-ability|p2a: Corviknight|Pressure
|
|-heal|p1a: Okidogi|58/100|[from] item: Leftovers
|upkeep
|turn|28
|
|t:|1760328570
|switch|p1a: Vileplume|Vileplume, F|100/100
|move|p2a: Corviknight|Roost|p2a: Corviknight
|-heal|p2a: Corviknight|100/100
|-singleturn|p2a: Corviknight|move: Roost
|
|upkeep
|turn|29
|
|t:|1760328577
|move|p2a: Corviknight|Iron Defense|p2a: Corviknight
|-boost|p2a: Corviknight|def|2
|move|p1a: Vileplume|Leech Seed|p2a: Corviknight
|-start|p2a: Corviknight|move: Leech Seed
|
|-damage|p2a: Corviknight|88/100|[from] Leech Seed|[of] p1a: Vileplume
|upkeep
|turn|30
|
|t:|1760328585
|switch|p1a: Salazzle|Salazzle, F, tera:Water|62/100
|move|p2a: Corviknight|Iron Defense|p2a: Corviknight
|-boost|p2a: Corviknight|def|2
|
|-damage|p2a: Corviknight|76/100|[from] Leech Seed|[of] p1a: Salazzle
|-heal|p1a: Salazzle|79/100|[silent]
|upkeep
|turn|31
|
|t:|1760328594
|move|p1a: Salazzle|Fire Blast|p2a: Corviknight|[miss]
|-miss|p1a: Salazzle|p2a: Corviknight
|move|p2a: Corviknight|Body Press|p1a: Salazzle
|-damage|p1a: Salazzle|0 fnt
|faint|p1a: Salazzle
|
|upkeep
|
|t:|1760328602
|switch|p1a: Okidogi|Okidogi, M|58/100
|turn|32
|
|t:|1760328605
|move|p1a: Okidogi|Bulk Up|p1a: Okidogi
|-boost|p1a: Okidogi|atk|1
|-boost|p1a: Okidogi|def|1
|move|p2a: Corviknight|Body Press|p1a: Okidogi
|-resisted|p1a: Okidogi
|-damage|p1a: Okidogi|37/100
|
|-heal|p1a: Okidogi|44/100|[from] item: Leftovers
|-damage|p2a: Corviknight|64/100|[from] Leech Seed|[of] p1a: Okidogi
|-heal|p1a: Okidogi|57/100|[silent]
|upkeep
|turn|33
|
|t:|1760328617
|move|p1a: Okidogi|Bulk Up|p1a: Okidogi
|-boost|p1a: Okidogi|atk|1
|-boost|p1a: Okidogi|def|1
|move|p2a: Corviknight|Roost|p2a: Corviknight
|-heal|p2a: Corviknight|100/100
|-singleturn|p2a: Corviknight|move: Roost
|
|-heal|p1a: Okidogi|63/100|[from] item: Leftovers
|-damage|p2a: Corviknight|88/100|[from] Leech Seed|[of] p1a: Okidogi
|-heal|p1a: Okidogi|76/100|[silent]
|upkeep
|turn|34
|
|t:|1760328628
|move|p1a: Okidogi|Bulk Up|p1a: Okidogi
|-boost|p1a: Okidogi|atk|1
|-boost|p1a: Okidogi|def|1
|move|p2a: Corviknight|U-turn|p1a: Okidogi
|-resisted|p1a: Okidogi
|-damage|p1a: Okidogi|75/100
|
|t:|1760328631
|switch|p2a: Ogerpon|Ogerpon-Wellspring-Tera, F, tera:Water|30/100 par|[from] U-turn
|-ability|p2a: Ogerpon|Embody Aspect (Wellspring)|boost
|-boost|p2a: Ogerpon|spd|1
|
|-heal|p1a: Okidogi|81/100|[from] item: Leftovers
|upkeep
|turn|35
|
|t:|1760328643
|move|p1a: Okidogi|Drain Punch|p2a: Ogerpon
|-damage|p2a: Ogerpon|0 fnt
|-heal|p1a: Okidogi|93/100|[from] drain|[of] p2a: Ogerpon
|faint|p2a: Ogerpon
|detailschange|p2: Ogerpon|Ogerpon-Wellspring, F|[silent]
|
|-heal|p1a: Okidogi|99/100|[from] item: Leftovers
|upkeep
|-message|acathasnorival forfeited.
|
|win|bena13
|raw|bena13's rating: 1316 &rarr; <strong>1337</strong><br />(+21 for winning)
|raw|acathasnorival's rating: 1328 &rarr; <strong>1307</strong><br />(-21 for losing)
|l|☆acathasnorival
|player|p2|
