|j|☆indigomadman
|j|☆ikamazu
|t:|1760328585
|gametype|singles
|player|p1|indigomadman|265|1117
|player|p2|ikamazu|scientistf|1122
|gen|9
|tier|[Gen 9] OU
|rated|
|rule|HP Percentage Mod: HP is shown in percentages
|rule|Endless Battle Clause: Forcing endless battles is banned
|rule|Species Clause: Limit one of each Pokémon
|rule|OHKO Clause: OHKO moves are banned
|rule|Evasion Items Clause: Evasion items are banned
|rule|Evasion Moves Clause: Evasion moves are banned
|rule|Evasion Abilities Clause: Evasion abilities are banned
|rule|Sleep Moves Clause: Sleep-inducing moves are banned
|clearpoke
|poke|p1|Haxorus, F|
|poke|p1|Weavile, F|
|poke|p1|Electrode-Hisui|
|poke|p1|Darkrai|
|poke|p1|Uxie|
|poke|p1|Latias, F|
|poke|p2|Clodsire, M|
|poke|p2|Pecharunt|
|poke|p2|Talonflame, F|
|poke|p2|Weezing-Galar, F|
|poke|p2|Gliscor, M|
|poke|p2|Blissey, F|
|teampreview
|inactive|Battle timer is ON: inactive players will automatically lose when time's up. (requested by ikamazu)
|
|t:|1760328590
|teamsize|p1|6
|teamsize|p2|6
|start
|switch|p1a: Zap my balls|Electrode-Hisui|100/100
|switch|p2a: Weezing|Weezing-Galar, F|100/100
|-ability|p2a: Weezing|Neutralizing Gas
|-item|p1a: Zap my balls|Air Balloon
|turn|1
|
|t:|1760328601
|move|p1a: Zap my balls|Leech Seed|p2a: Weezing
|-start|p2a: Weezing|move: Leech Seed
|move|p2a: Weezing|Will-O-Wisp|p1a: Zap my balls
|-status|p1a: Zap my balls|brn
|
|-damage|p2a: Weezing|88/100|[from] Leech Seed|[of] p1a: Zap my balls
|-damage|p1a: Zap my balls|94/100 brn|[from] brn
|upkeep
|turn|2
|inactive|indigomadman has 120 seconds left.
|
|t:|1760328652
|switch|p1a: Imu|Darkrai|100/100
|move|p2a: Weezing|Toxic Spikes|p1a: Imu
|-sidestart|p1: indigomadman|move: Toxic Spikes
|
|-damage|p2a: Weezing|76/100|[from] Leech Seed|[of] p1a: Imu
|upkeep
|turn|3
|
|t:|1760328664
|move|p1a: Imu|Psychic|p2a: Weezing
|-supereffective|p2a: Weezing
|-damage|p2a: Weezing|0 fnt
|faint|p2a: Weezing
|-end|p2a: Weezing|ability: Neutralizing Gas
|
|upkeep
|
|t:|1760328675
|switch|p2a: Blissey|Blissey, F|100/100
|turn|4
|inactive|indigomadman has 90 seconds left.
|
|t:|1760328706
|switch|p1a: U-Xo2|Uxie|100/100
|move|p2a: Blissey|Calm Mind|p2a: Blissey
|-boost|p2a: Blissey|spa|1
|-boost|p2a: Blissey|spd|1
|
|upkeep
|turn|5
|inactive|indigomadman has 90 seconds left.
|
|t:|1760328714
|switch|p1a: Volosur raptor|Haxorus, F|100/100
|-status|p1a: Volosur raptor|psn
|-ability|p1a: Volosur raptor|Mold Breaker
|move|p2a: Blissey|Stealth Rock|p1a: Volosur raptor
|-sidestart|p1: indigomadman|move: Stealth Rock
|
|-damage|p1a: Volosur raptor|88/100 psn|[from] psn
|upkeep
|turn|6
|inactive|indigomadman has 90 seconds left.
|
|t:|1760328725
|switch|p2a: Pecharunt|Pecharunt|100/100
|move|p1a: Volosur raptor|Swords Dance|p1a: Volosur raptor
|-boost|p1a: Volosur raptor|atk|2
|
|-damage|p1a: Volosur raptor|76/100 psn|[from] psn
|upkeep
|turn|7
|inactive|indigomadman has 90 seconds left.
|
|t:|1760328740
|move|p1a: Volosur raptor|Dragon Claw|p2a: Pecharunt
|-damage|p2a: Pecharunt|57/100
|-damage|p1a: Volosur raptor|60/100 psn|[from] item: Rocky Helmet|[of] p2a: Pecharunt
|move|p2a: Pecharunt|Foul Play|p1a: Volosur raptor
|-damage|p1a: Volosur raptor|0 fnt
|faint|p1a: Volosur raptor
|
|upkeep
|inactive|indigomadman has 90 seconds left.
|inactive|indigomadman has 60 seconds left.
|
|t:|1760328802
|switch|p1a: Imu|Darkrai|100/100
|-status|p1a: Imu|psn
|-damage|p1a: Imu|88/100 psn|[from] Stealth Rock
|turn|8
|
|t:|1760328811
|switch|p2a: Blissey|Blissey, F|100/100
|move|p1a: Imu|Dark Pulse|p2a: Blissey
|-damage|p2a: Blissey|84/100
|
|-heal|p2a: Blissey|90/100|[from] item: Leftovers
|-damage|p1a: Imu|76/100 psn|[from] psn
|upkeep
|turn|9
|
|t:|1760328821
|switch|p1a: Ninjacat|Weavile, F|100/100
|-status|p1a: Ninjacat|psn
|-damage|p1a: Ninjacat|76/100 psn|[from] Stealth Rock
|-ability|p1a: Ninjacat|Pressure
|move|p2a: Blissey|Flamethrower|p1a: Ninjacat
|-supereffective|p1a: Ninjacat
|-damage|p1a: Ninjacat|29/100 psn
|
|-heal|p2a: Blissey|97/100|[from] item: Leftovers
|-damage|p1a: Ninjacat|16/100 psn|[from] psn
|upkeep
|-enditem|p1a: Ninjacat|Aguav Berry|[eat]
|-heal|p1a: Ninjacat|50/100 psn|[from] item: Aguav Berry
|turn|10
|inactive|indigomadman has 30 seconds left.
|inactive|indigomadman has 20 seconds left.
|inactive|indigomadman has 15 seconds left.
|
|t:|1760328857
|move|p1a: Ninjacat|Knock Off|p2a: Blissey
|-damage|p2a: Blissey|51/100
|-enditem|p2a: Blissey|Leftovers|[from] move: Knock Off|[of] p1a: Ninjacat
|move|p2a: Blissey|Flamethrower|p1a: Ninjacat
|-supereffective|p1a: Ninjacat
|-damage|p1a: Ninjacat|5/100 psn
|
|-damage|p1a: Ninjacat|0 fnt|[from] psn
|faint|p1a: Ninjacat
|upkeep
|inactive|indigomadman has 20 seconds left this turn.
|inactive|indigomadman has 15 seconds left.
|inactive|indigomadman has 10 seconds left.
|inactive|indigomadman has 5 seconds left.
|
|t:|1760328875
|switch|p1a: Latina|Latias, F|100/100
|-damage|p1a: Latina|88/100|[from] Stealth Rock
|turn|11
|inactive|indigomadman has 15 seconds left this turn.
|inactive|indigomadman has 10 seconds left.
|
|t:|1760328883
|move|p1a: Latina|Ice Beam|p2a: Blissey
|-damage|p2a: Blissey|44/100
|-status|p2a: Blissey|frz
|cant|p2a: Blissey|frz
|
|-heal|p1a: Latina|94/100|[from] item: Leftovers
|upkeep
|turn|12
|inactive|indigomadman has 20 seconds left this turn.
|inactive|indigomadman has 15 seconds left.
|inactive|indigomadman has 10 seconds left.
|inactive|indigomadman has 5 seconds left.
|
|t:|1760328901
|switch|p1a: U-Xo2|Uxie|100/100
|-damage|p1a: U-Xo2|88/100|[from] Stealth Rock
|cant|p2a: Blissey|frz
|
|-heal|p1a: U-Xo2|94/100|[from] item: Leftovers
|upkeep
|turn|13
|inactive|indigomadman has 15 seconds left this turn.
|inactive|indigomadman has 10 seconds left.
|
|t:|1760328910
|move|p1a: U-Xo2|Calm Mind|p1a: U-Xo2
|-boost|p1a: U-Xo2|spa|1
|-boost|p1a: U-Xo2|spd|1
|cant|p2a: Blissey|frz
|
|-heal|p1a: U-Xo2|100/100|[from] item: Leftovers
|upkeep
|turn|14
|inactive|indigomadman has 20 seconds left this turn.
|inactive|indigomadman has 15 seconds left.
|
|t:|1760328919
|move|p1a: U-Xo2|Thunderbolt|p2a: Blissey
|-crit|p2a: Blissey
|-damage|p2a: Blissey|32/100 frz
|-curestatus|p2a: Blissey|frz|[msg]
|move|p2a: Blissey|Soft-Boiled|p2a: Blissey
|-heal|p2a: Blissey|82/100
|
|upkeep
|turn|15
|inactive|indigomadman has 25 seconds left this turn.
|inactive|indigomadman has 20 seconds left.
|
|t:|1760328927
|move|p1a: U-Xo2|Calm Mind|p1a: U-Xo2
|-boost|p1a: U-Xo2|spa|1
|-boost|p1a: U-Xo2|spd|1
|move|p2a: Blissey|Flamethrower|p1a: U-Xo2
|-damage|p1a: U-Xo2|94/100
|
|-heal|p1a: U-Xo2|99/100|[from] item: Leftovers
|upkeep
|turn|16
|inactive|indigomadman has 30 seconds left this turn.
|
|t:|1760328940
|move|p1a: U-Xo2|Thunderbolt|p2a: Blissey
|-damage|p2a: Blissey|72/100
|move|p2a: Blissey|Calm Mind|p2a: Blissey
|-boost|p2a: Blissey|spa|1
|-boost|p2a: Blissey|spd|1
|
|-heal|p1a: U-Xo2|100/100|[from] item: Leftovers
|upkeep
|turn|17
|inactive|indigomadman has 30 seconds left.
|
|t:|1760328951
|move|p1a: U-Xo2|Thunderbolt|p2a: Blissey
|-damage|p2a: Blissey|64/100
|move|p2a: Blissey|Calm Mind|p2a: Blissey
|-boost|p2a: Blissey|spa|1
|-boost|p2a: Blissey|spd|1
|
|upkeep
|turn|18
|inactive|indigomadman has 30 seconds left.
|
|t:|1760328957
|move|p1a: U-Xo2|Calm Mind|p1a: U-Xo2
|-boost|p1a: U-Xo2|spa|1
|-boost|p1a: U-Xo2|spd|1
|move|p2a: Blissey|Soft-Boiled|p2a: Blissey
|-heal|p2a: Blissey|100/100
|
|upkeep
|turn|19
|
|t:|1760328963
|move|p1a: U-Xo2|Calm Mind|p1a: U-Xo2
|-boost|p1a: U-Xo2|spa|1
|-boost|p1a: U-Xo2|spd|1
|move|p2a: Blissey|Calm Mind|p2a: Blissey
|-boost|p2a: Blissey|spa|1
|-boost|p2a: Blissey|spd|1
|
|upkeep
|turn|20
|
|t:|1760328971
|move|p1a: U-Xo2|Thunderbolt|p2a: Blissey
|-damage|p2a: Blissey|95/100
|move|p2a: Blissey|Calm Mind|p2a: Blissey
|-boost|p2a: Blissey|spa|1
|-boost|p2a: Blissey|spd|1
|
|upkeep
|turn|21
|
|t:|1760328978
|move|p1a: U-Xo2|Thunderbolt|p2a: Blissey
|-damage|p2a: Blissey|89/100
|move|p2a: Blissey|Calm Mind|p2a: Blissey
|-boost|p2a: Blissey|spa|1
|-boost|p2a: Blissey|spd|1
|
|upkeep
|turn|22
|
|t:|1760328984
|move|p1a: U-Xo2|Thunderbolt|p2a: Blissey
|-damage|p2a: Blissey|84/100
|move|p2a: Blissey|Calm Mind|p2a: Blissey
|-boost|p2a: Blissey|spa|1
|-boost|p2a: Blissey|spd|1
|
|upkeep
|turn|23
|
|t:|1760328991
|move|p1a: U-Xo2|Thunderbolt|p2a: Blissey
|-damage|p2a: Blissey|80/100
|-status|p2a: Blissey|par
|move|p2a: Blissey|Flamethrower|p1a: U-Xo2
|-crit|p1a: U-Xo2
|-damage|p1a: U-Xo2|20/100
|-status|p1a: U-Xo2|brn
|
|-heal|p1a: U-Xo2|26/100 brn|[from] item: Leftovers
|-damage|p1a: U-Xo2|20/100 brn|[from] brn
|upkeep
|turn|24
|inactive|indigomadman has 60 seconds left.
|
|t:|1760329007
|move|p1a: U-Xo2|Dazzling Gleam|p2a: Blissey
|-damage|p2a: Blissey|76/100 par
|move|p2a: Blissey|Flamethrower|p1a: U-Xo2
|-damage|p1a: U-Xo2|2/100 brn
|
|-heal|p1a: U-Xo2|8/100 brn|[from] item: Leftovers
|-damage|p1a: U-Xo2|2/100 brn|[from] brn
|upkeep
|turn|25
|
|t:|1760329019
|move|p1a: U-Xo2|Calm Mind|p1a: U-Xo2
|-boost|p1a: U-Xo2|spa|1
|-boost|p1a: U-Xo2|spd|1
|move|p2a: Blissey|Flamethrower|p1a: U-Xo2
|-damage|p1a: U-Xo2|0 fnt
|faint|p1a: U-Xo2
|
|upkeep
|
|t:|1760329032
|switch|p1a: Zap my balls|Electrode-Hisui|94/100 brn
|-damage|p1a: Zap my balls|82/100 brn|[from] Stealth Rock
|-item|p1a: Zap my balls|Air Balloon
|turn|26
|
|t:|1760329039
|move|p1a: Zap my balls|Leech Seed|p2a: Blissey
|-start|p2a: Blissey|move: Leech Seed
|move|p2a: Blissey|Flamethrower|p1a: Zap my balls
|-supereffective|p1a: Zap my balls
|-damage|p1a: Zap my balls|0 fnt
|-enditem|p1a: Zap my balls|Air Balloon
|faint|p1a: Zap my balls
|
|upkeep
|
|t:|1760329048
|switch|p1a: Latina|Latias, F|94/100
|-damage|p1a: Latina|82/100|[from] Stealth Rock
|turn|27
|
|t:|1760329054
|move|p1a: Latina|Recover|p1a: Latina
|-heal|p1a: Latina|100/100
|move|p2a: Blissey|Flamethrower|p1a: Latina
|-resisted|p1a: Latina
|-damage|p1a: Latina|82/100
|
|-heal|p1a: Latina|88/100|[from] item: Leftovers
|-damage|p2a: Blissey|64/100 par|[from] Leech Seed|[of] p1a: Latina
|-heal|p1a: Latina|100/100|[silent]
|upkeep
|turn|28
|inactive|indigomadman has 60 seconds left.
|
|t:|1760329067
|move|p1a: Latina|Ice Beam|p2a: Blissey
|-damage|p2a: Blissey|62/100 par
|move|p2a: Blissey|Flamethrower|p1a: Latina
|-resisted|p1a: Latina
|-damage|p1a: Latina|83/100
|
|-heal|p1a: Latina|89/100|[from] item: Leftovers
|-damage|p2a: Blissey|49/100 par|[from] Leech Seed|[of] p1a: Latina
|-heal|p1a: Latina|100/100|[silent]
|upkeep
|turn|29
|inactive|indigomadman has 60 seconds left.
|
|t:|1760329077
|move|p1a: Latina|Protect|p1a: Latina
|-singleturn|p1a: Latina|Protect
|move|p2a: Blissey|Flamethrower|p1a: Latina
|-activate|p1a: Latina|move: Protect
|
|-damage|p2a: Blissey|37/100 par|[from] Leech Seed|[of] p1a: Latina
|upkeep
|turn|30
|inactive|indigomadman has 60 seconds left.
|
|t:|1760329092
|move|p1a: Latina|Tailwind|p1a: Latina
|-sidestart|p1: indigomadman|move: Tailwind
|move|p2a: Blissey|Soft-Boiled|p2a: Blissey
|-heal|p2a: Blissey|87/100 par
|
|-damage|p2a: Blissey|75/100 par|[from] Leech Seed|[of] p1a: Latina
|upkeep
|turn|31
|inactive|indigomadman has 60 seconds left.
|
|t:|1760329102
|move|p1a: Latina|Ice Beam|p2a: Blissey
|-damage|p2a: Blissey|72/100 par
|cant|p2a: Blissey|par
|
|-damage|p2a: Blissey|60/100 par|[from] Leech Seed|[of] p1a: Latina
|upkeep
|turn|32
|
|t:|1760329110
|switch|p1a: Imu|Darkrai|76/100 psn
|-damage|p1a: Imu|63/100 psn|[from] Stealth Rock
|move|p2a: Blissey|Flamethrower|p1a: Imu
|-damage|p1a: Imu|0 fnt
|faint|p1a: Imu
|
|upkeep
|
|t:|1760329119
|switch|p1a: Latina|Latias, F|100/100
|-damage|p1a: Latina|88/100|[from] Stealth Rock
|turn|33
|-message|indigomadman forfeited.
|
|win|ikamazu
|raw|indigomadman's rating: 1117 &rarr; <strong>1092</strong><br />(-25 for losing)
|raw|ikamazu's rating: 1122 &rarr; <strong>1147</strong><br />(+25 for winning)
|l|☆indigomadman
|player|p1|
