|j|☆ennvee98
|j|☆jstewartlambert
|t:|1760416720
|gametype|singles
|player|p1|ennvee98|102|1261
|player|p2|jstewartlambert|ltsurge|1298
|gen|9
|tier|[Gen 9] OU
|rated|
|rule|HP Percentage Mod: HP is shown in percentages
|rule|Endless Battle Clause: Forcing endless battles is banned
|rule|Species Clause: Limit one of each Pokémon
|rule|OHKO Clause: OHKO moves are banned
|rule|Evasion Items Clause: Evasion items are banned
|rule|Evasion Moves Clause: Evasion moves are banned
|rule|Evasion Abilities Clause: Evasion abilities are banned
|rule|Sleep Moves Clause: Sleep-inducing moves are banned
|clearpoke
|poke|p1|Slowking-Galar, F|
|poke|p1|Kyurem|
|poke|p1|Great Tusk|
|poke|p1|Moltres|
|poke|p1|Kingambit, M|
|poke|p1|Iron Valiant|
|poke|p2|Clefable, F|
|poke|p2|Gliscor, M|
|poke|p2|Jirachi|
|poke|p2|Serperior, F|
|poke|p2|Kyurem|
|poke|p2|Skeledirge, F|
|teampreview
|inactive|Battle timer is ON: inactive players will automatically lose when time's up. (requested by jstewartlambert)
|
|t:|1760416745
|teamsize|p1|6
|teamsize|p2|6
|start
|switch|p1a: Kyurem|Kyurem|100/100
|switch|p2a: Gringetta|Clefable, F, shiny|100/100
|-ability|p1a: Kyurem|Pressure
|turn|1
|
|t:|1760416758
|switch|p1a: Kingambit|Kingambit, M|100/100
|move|p2a: Gringetta|Thunder Wave|p1a: Kingambit
|-status|p1a: Kingambit|par
|-enditem|p1a: Kingambit|Lum Berry|[eat]
|-curestatus|p1a: Kingambit|par|[msg]
|
|upkeep
|turn|2
|
|t:|1760416767
|switch|p2a: 很痛苦|Skeledirge, F|100/100
|move|p1a: Kingambit|Iron Head|p2a: 很痛苦
|-resisted|p2a: 很痛苦
|-damage|p2a: 很痛苦|82/100
|
|upkeep
|turn|3
|
|t:|1760416783
|-end|p1a: Kingambit|fallenundefined|[silent]
|switch|p1a: Moltres|Moltres|100/100
|move|p2a: 很痛苦|Will-O-Wisp|p1a: Moltres
|-immune|p1a: Moltres
|
|upkeep
|turn|4
|
|t:|1760416792
|move|p1a: Moltres|U-turn|p2a: 很痛苦
|-resisted|p2a: 很痛苦
|-damage|p2a: 很痛苦|80/100
|
|t:|1760416797
|switch|p1a: Slowking|Slowking-Galar, F|100/100|[from] U-turn
|move|p2a: 很痛苦|Torch Song|p1a: Slowking
|-damage|p1a: Slowking|83/100
|-boost|p2a: 很痛苦|spa|1
|
|upkeep
|turn|5
|
|t:|1760416807
|move|p2a: 很痛苦|Hex|p1a: Slowking
|-supereffective|p1a: Slowking
|-damage|p1a: Slowking|40/100
|-prepare|p1a: Slowking|Chilly Reception|[premajor]
|move|p1a: Slowking|Chilly Reception|p1a: Slowking
|-weather|Snowscape
|
|t:|1760416813
|switch|p1a: Kyurem|Kyurem|100/100|[from] Chilly Reception
|-ability|p1a: Kyurem|Pressure
|
|-weather|Snowscape|[upkeep]
|upkeep
|turn|6
|
|t:|1760416820
|move|p1a: Kyurem|Draco Meteor|p2a: 很痛苦
|-damage|p2a: 很痛苦|0 fnt
|-unboost|p1a: Kyurem|spa|2
|faint|p2a: 很痛苦
|
|-weather|Snowscape|[upkeep]
|upkeep
|
|t:|1760416824
|switch|p2a: freakbob|Kyurem|100/100
|-ability|p2a: freakbob|Pressure
|turn|7
|
|t:|1760416832
|switch|p1a: Iron Valiant|Iron Valiant|100/100
|-enditem|p1a: Iron Valiant|Booster Energy
|-activate|p1a: Iron Valiant|ability: Quark Drive|[fromitem]
|-start|p1a: Iron Valiant|quarkdrivespe
|move|p2a: freakbob|Dragon Dance|p2a: freakbob
|-boost|p2a: freakbob|atk|1
|-boost|p2a: freakbob|spe|1
|
|-weather|Snowscape|[upkeep]
|upkeep
|turn|8
|
|t:|1760416841
|-terastallize|p2a: freakbob|Fire
|move|p1a: Iron Valiant|Encore|p2a: freakbob
|-start|p2a: freakbob|Encore
|move|p2a: freakbob|Dragon Dance|p2a: freakbob
|-boost|p2a: freakbob|atk|1
|-boost|p2a: freakbob|spe|1
|
|-weather|Snowscape|[upkeep]
|upkeep
|turn|9
|
|t:|1760416850
|move|p2a: freakbob|Dragon Dance|p2a: freakbob
|-boost|p2a: freakbob|atk|1
|-boost|p2a: freakbob|spe|1
|move|p1a: Iron Valiant|Knock Off|p2a: freakbob
|-damage|p2a: freakbob|75/100
|-enditem|p2a: freakbob|Loaded Dice|[from] move: Knock Off|[of] p1a: Iron Valiant
|
|-weather|none
|upkeep
|turn|10
|
|t:|1760416860
|move|p2a: freakbob|Dragon Dance|p2a: freakbob
|-boost|p2a: freakbob|atk|1
|-boost|p2a: freakbob|spe|1
|move|p1a: Iron Valiant|Close Combat|p2a: freakbob
|-damage|p2a: freakbob|22/100
|-unboost|p1a: Iron Valiant|def|1
|-unboost|p1a: Iron Valiant|spd|1
|
|-end|p2a: freakbob|Encore
|upkeep
|turn|11
|
|t:|1760416873
|move|p2a: freakbob|Icicle Spear|p1a: Iron Valiant
|-damage|p1a: Iron Valiant|23/100
|-damage|p1a: Iron Valiant|0 fnt
|faint|p1a: Iron Valiant
|-end|p1a: Iron Valiant|Quark Drive|[silent]
|-hitcount|p1: Iron Valiant|2
|
|upkeep
|
|t:|1760416880
|switch|p1a: Kingambit|Kingambit, M|100/100
|-activate|p1a: Kingambit|ability: Supreme Overlord
|-start|p1a: Kingambit|fallen1|[silent]
|turn|12
|
|t:|1760416885
|move|p1a: Kingambit|Sucker Punch||[still]
|-fail|p1a: Kingambit
|move|p2a: freakbob|Dragon Dance|p2a: freakbob
|-boost|p2a: freakbob|atk|1
|-boost|p2a: freakbob|spe|1
|
|upkeep
|turn|13
|
|t:|1760416891
|move|p1a: Kingambit|Sucker Punch|p2a: freakbob
|-damage|p2a: freakbob|0 fnt
|faint|p2a: freakbob
|
|upkeep
|
|t:|1760416895
|switch|p2a: aunt lysan|Gliscor, M|100/100
|turn|14
|
|t:|1760416901
|-end|p1a: Kingambit|fallen1|[silent]
|switch|p1a: Moltres|Moltres|100/100
|move|p2a: aunt lysan|Substitute|p2a: aunt lysan
|-start|p2a: aunt lysan|Substitute
|-damage|p2a: aunt lysan|76/100
|
|-status|p2a: aunt lysan|tox|[from] item: Toxic Orb
|upkeep
|turn|15
|
|t:|1760416909
|move|p2a: aunt lysan|Toxic|p1a: Moltres
|-status|p1a: Moltres|tox
|move|p1a: Moltres|Roar|p2a: aunt lysan
|drag|p2a: Gilbere|Serperior, F|100/100
|
|-damage|p1a: Moltres|94/100 tox|[from] psn
|upkeep
|turn|16
|
|t:|1760416918
|move|p2a: Gilbere|Substitute|p2a: Gilbere
|-start|p2a: Gilbere|Substitute
|-damage|p2a: Gilbere|76/100
|move|p1a: Moltres|U-turn|p2a: Gilbere
|-supereffective|p2a: Gilbere
|-end|p2a: Gilbere|Substitute
|
|t:|1760416925
|switch|p1a: Kyurem|Kyurem|100/100|[from] U-turn
|-ability|p1a: Kyurem|Pressure
|
|-heal|p2a: Gilbere|82/100|[from] item: Leftovers
|upkeep
|turn|17
|
|t:|1760416933
|move|p2a: Gilbere|Glare|p1a: Kyurem
|-status|p1a: Kyurem|par
|cant|p1a: Kyurem|par
|
|-heal|p2a: Gilbere|88/100|[from] item: Leftovers
|upkeep
|turn|18
|
|t:|1760416940
|switch|p2a: 真倒霉|Jirachi|100/100
|move|p1a: Kyurem|Freeze-Dry|p2a: 真倒霉
|-resisted|p2a: 真倒霉
|-damage|p2a: 真倒霉|83/100
|
|-heal|p2a: 真倒霉|89/100|[from] item: Leftovers
|upkeep
|turn|19
|
|t:|1760416950
|switch|p1a: Kingambit|Kingambit, M|100/100
|-activate|p1a: Kingambit|ability: Supreme Overlord
|-start|p1a: Kingambit|fallen1|[silent]
|move|p2a: 真倒霉|Body Slam|p1a: Kingambit
|-resisted|p1a: Kingambit
|-damage|p1a: Kingambit|93/100
|
|-heal|p2a: 真倒霉|96/100|[from] item: Leftovers
|upkeep
|turn|20
|
|t:|1760416960
|move|p2a: 真倒霉|Body Slam|p1a: Kingambit
|-resisted|p1a: Kingambit
|-damage|p1a: Kingambit|86/100
|-status|p1a: Kingambit|par
|move|p1a: Kingambit|Kowtow Cleave|p2a: 真倒霉
|-supereffective|p2a: 真倒霉
|-damage|p2a: 真倒霉|6/100
|
|-heal|p2a: 真倒霉|12/100|[from] item: Leftovers
|upkeep
|turn|21
|
|t:|1760416970
|move|p2a: 真倒霉|Protect|p2a: 真倒霉
|-singleturn|p2a: 真倒霉|Protect
|cant|p1a: Kingambit|par
|
|-heal|p2a: 真倒霉|18/100|[from] item: Leftovers
|upkeep
|turn|22
|
|t:|1760416977
|move|p2a: 真倒霉|Wish|p2a: 真倒霉
|move|p1a: Kingambit|Kowtow Cleave|p2a: 真倒霉
|-supereffective|p2a: 真倒霉
|-damage|p2a: 真倒霉|0 fnt
|faint|p2a: 真倒霉
|
|upkeep
|
|t:|1760416985
|switch|p2a: aunt lysan|Gliscor, M|76/100 tox
|turn|23
|
|t:|1760416989
|-end|p1a: Kingambit|fallen1|[silent]
|switch|p1a: Moltres|Moltres|94/100 tox
|move|p2a: aunt lysan|Earthquake|p1a: Moltres
|-immune|p1a: Moltres
|
|-heal|p2a: aunt lysan|100/100 tox|[from] move: Wish|[wisher] 真倒霉
|-damage|p1a: Moltres|88/100 tox|[from] psn
|upkeep
|turn|24
|
|t:|1760416998
|move|p2a: aunt lysan|Protect|p2a: aunt lysan
|-singleturn|p2a: aunt lysan|Protect
|move|p1a: Moltres|U-turn|p2a: aunt lysan
|-activate|p2a: aunt lysan|move: Protect
|
|-damage|p1a: Moltres|76/100 tox|[from] psn
|upkeep
|turn|25
|
|t:|1760417009
|move|p2a: aunt lysan|Earthquake|p1a: Moltres
|-immune|p1a: Moltres
|move|p1a: Moltres|Flamethrower|p2a: aunt lysan
|-damage|p2a: aunt lysan|56/100 tox
|
|-heal|p2a: aunt lysan|69/100 tox|[from] ability: Poison Heal
|-damage|p1a: Moltres|58/100 tox|[from] psn
|upkeep
|turn|26
|inactive|jstewartlambert has 120 seconds left.
|
|t:|1760417045
|switch|p1a: Kyurem|Kyurem|100/100 par
|-ability|p1a: Kyurem|Pressure
|move|p2a: aunt lysan|Protect||[still]
|-fail|p2a: aunt lysan
|
|-heal|p2a: aunt lysan|81/100 tox|[from] ability: Poison Heal
|upkeep
|turn|27
|
|t:|1760417056
|switch|p2a: Gringetta|Clefable, F, shiny|100/100
|move|p1a: Kyurem|Freeze-Dry|p2a: Gringetta
|-damage|p2a: Gringetta|45/100
|
|-heal|p2a: Gringetta|52/100|[from] item: Leftovers
|upkeep
|turn|28
|
|t:|1760417064
|move|p1a: Kyurem|Freeze-Dry|p2a: Gringetta
|-damage|p2a: Gringetta|1/100
|move|p2a: Gringetta|Calm Mind|p2a: Gringetta
|-boost|p2a: Gringetta|spa|1
|-boost|p2a: Gringetta|spd|1
|
|-heal|p2a: Gringetta|7/100|[from] item: Leftovers
|upkeep
|turn|29
|
|t:|1760417072
|move|p1a: Kyurem|Freeze-Dry|p2a: Gringetta
|-damage|p2a: Gringetta|0 fnt
|faint|p2a: Gringetta
|
|upkeep
|-message|jstewartlambert forfeited.
|
|win|ennvee98
|raw|ennvee98's rating: 1261 &rarr; <strong>1289</strong><br />(+28 for winning)
|raw|jstewartlambert's rating: 1298 &rarr; <strong>1270</strong><br />(-28 for losing)
|l|☆jstewartlambert
|player|p2|
|l|☆ennvee98
|player|p1|
