|j|☆Aizen765
|j|☆AirTemples
|t:|1760354445
|gametype|singles
|player|p1|Aizen765|musician|1308
|player|p2|AirTemples|pokekid|1366
|gen|9
|tier|[Gen 9] OU
|rated|
|rule|HP Percentage Mod: HP is shown in percentages
|rule|Endless Battle Clause: Forcing endless battles is banned
|rule|Species Clause: Limit one of each Pokémon
|rule|OHKO Clause: OHKO moves are banned
|rule|Evasion Items Clause: Evasion items are banned
|rule|Evasion Moves Clause: Evasion moves are banned
|rule|Evasion Abilities Clause: Evasion abilities are banned
|rule|Sleep Moves Clause: Sleep-inducing moves are banned
|clearpoke
|poke|p1|Deoxys-Speed|
|poke|p1|Gholdengo|
|poke|p1|Iron Treads|
|poke|p1|Dragonite, F|
|poke|p1|Iron Moth|
|poke|p1|Samurott-Hisui, F|
|poke|p2|Zapdos|
|poke|p2|Slowking-Galar, F|
|poke|p2|Jirachi|
|poke|p2|Landorus-Therian, M|
|poke|p2|Alomomola, M|
|poke|p2|Kingambit, F|
|teampreview
|
|t:|1760354463
|teamsize|p1|6
|teamsize|p2|6
|start
|switch|p1a: Iron Treads|Iron Treads|100/100
|switch|p2a: Landorus|Landorus-Therian, M|100/100
|-ability|p2a: Landorus|Intimidate|boost
|-unboost|p1a: Iron Treads|atk|1
|-enditem|p1a: Iron Treads|Booster Energy
|-activate|p1a: Iron Treads|ability: Quark Drive|[fromitem]
|-start|p1a: Iron Treads|quarkdrivespe
|turn|1
|
|t:|1760354487
|switch|p2a: Zapdos|Zapdos|100/100
|move|p1a: Iron Treads|Stealth Rock|p2a: Zapdos
|-sidestart|p2: AirTemples|move: Stealth Rock
|
|upkeep
|turn|2
|
|t:|1760354494
|move|p1a: Iron Treads|Knock Off|p2a: Zapdos
|-damage|p2a: Zapdos|89/100
|-enditem|p2a: Zapdos|Heavy-Duty Boots|[from] move: Knock Off|[of] p1a: Iron Treads
|move|p2a: Zapdos|Substitute|p2a: Zapdos
|-start|p2a: Zapdos|Substitute
|-damage|p2a: Zapdos|64/100
|
|upkeep
|turn|3
|
|t:|1760354512
|-end|p1a: Iron Treads|Quark Drive|[silent]
|switch|p1a: Samurott|Samurott-Hisui, F|100/100
|move|p2a: Zapdos|Roost|p2a: Zapdos
|-heal|p2a: Zapdos|100/100
|-singleturn|p2a: Zapdos|move: Roost
|
|upkeep
|turn|4
|
|t:|1760354521
|move|p1a: Samurott|Encore|p2a: Zapdos
|-start|p2a: Zapdos|Encore
|move|p2a: Zapdos|Roost||[still]
|-fail|p2a: Zapdos|heal
|
|upkeep
|turn|5
|
|t:|1760354528
|switch|p2a: Alomomola|Alomomola, M|100/100
|move|p1a: Samurott|Ceaseless Edge|p2a: Alomomola
|-damage|p2a: Alomomola|75/100
|-sidestart|p2: AirTemples|Spikes
|
|upkeep
|turn|6
|
|t:|1760354534
|move|p1a: Samurott|Ceaseless Edge|p2a: Alomomola
|-damage|p2a: Alomomola|52/100
|-sidestart|p2: AirTemples|Spikes
|move|p2a: Alomomola|Body Slam|p1a: Samurott
|-damage|p1a: Samurott|82/100
|
|upkeep
|turn|7
|
|t:|1760354542
|move|p1a: Samurott|Knock Off|p2a: Alomomola
|-damage|p2a: Alomomola|29/100
|-enditem|p2a: Alomomola|Heavy-Duty Boots|[from] move: Knock Off|[of] p1a: Samurott
|move|p2a: Alomomola|Flip Turn|p1a: Samurott
|-resisted|p1a: Samurott
|-damage|p1a: Samurott|72/100
|
|t:|1760354549
|switch|p2a: Zapdos|Zapdos|100/100|[from] Flip Turn
|-damage|p2a: Zapdos|76/100|[from] Stealth Rock
|
|upkeep
|turn|8
|
|t:|1760354562
|switch|p1a: Iron Treads|Iron Treads|100/100
|move|p2a: Zapdos|Discharge|p1a: Iron Treads
|-immune|p1a: Iron Treads
|
|upkeep
|turn|9
|
|t:|1760354574
|switch|p2a: Alomomola|Alomomola, M|62/100
|-damage|p2a: Alomomola|50/100|[from] Stealth Rock
|-damage|p2a: Alomomola|33/100|[from] Spikes
|move|p1a: Iron Treads|Earthquake|p2a: Alomomola
|-damage|p2a: Alomomola|15/100
|
|upkeep
|turn|10
|
|t:|1760354583
|switch|p2a: Landorus|Landorus-Therian, M|100/100
|-damage|p2a: Landorus|88/100|[from] Stealth Rock
|-ability|p2a: Landorus|Intimidate|boost
|-unboost|p1a: Iron Treads|atk|1
|move|p1a: Iron Treads|Knock Off|p2a: Landorus
|-damage|p2a: Landorus|72/100
|-enditem|p2a: Landorus|Light Ball|[from] move: Knock Off|[of] p1a: Iron Treads
|
|upkeep
|turn|11
|
|t:|1760354597
|-end|p1a: Iron Treads|Quark Drive|[silent]
|switch|p1a: Dragonite|Dragonite, F|100/100
|move|p2a: Landorus|Stealth Rock|p1a: Dragonite
|-sidestart|p1: Aizen765|move: Stealth Rock
|
|upkeep
|turn|12
|
|t:|1760354609
|move|p2a: Landorus|U-turn|p1a: Dragonite
|-resisted|p1a: Dragonite
|-damage|p1a: Dragonite|95/100
|
|t:|1760354614
|switch|p2a: Jirachi|Jirachi|100/100|[from] U-turn
|-damage|p2a: Jirachi|94/100|[from] Stealth Rock
|-damage|p2a: Jirachi|78/100|[from] Spikes
|move|p1a: Dragonite|Ice Spinner|p2a: Jirachi
|-resisted|p2a: Jirachi
|-damage|p2a: Jirachi|66/100
|
|-heal|p2a: Jirachi|72/100|[from] item: Leftovers
|upkeep
|turn|13
|
|t:|1760354627
|move|p2a: Jirachi|Body Slam|p1a: Dragonite
|-damage|p1a: Dragonite|74/100
|-status|p1a: Dragonite|par
|move|p1a: Dragonite|Earthquake|p2a: Jirachi
|-supereffective|p2a: Jirachi
|-damage|p2a: Jirachi|12/100
|
|-heal|p2a: Jirachi|18/100|[from] item: Leftovers
|upkeep
|turn|14
|
|t:|1760354636
|cant|p1a: Dragonite|par
|move|p2a: Jirachi|Iron Head|p1a: Dragonite
|-damage|p1a: Dragonite|42/100 par
|
|-heal|p2a: Jirachi|24/100|[from] item: Leftovers
|upkeep
|turn|15
|
|t:|1760354642
|move|p1a: Dragonite|Extreme Speed|p2a: Jirachi
|-resisted|p2a: Jirachi
|-damage|p2a: Jirachi|13/100
|move|p2a: Jirachi|Iron Head|p1a: Dragonite
|-damage|p1a: Dragonite|12/100 par
|
|-heal|p2a: Jirachi|19/100|[from] item: Leftovers
|upkeep
|turn|16
|
|t:|1760354654
|switch|p1a: Gholdengo|Gholdengo|100/100
|-damage|p1a: Gholdengo|94/100|[from] Stealth Rock
|-item|p1a: Gholdengo|Air Balloon
|move|p2a: Jirachi|Iron Head|p1a: Gholdengo
|-resisted|p1a: Gholdengo
|-damage|p1a: Gholdengo|86/100
|-enditem|p1a: Gholdengo|Air Balloon
|
|-heal|p2a: Jirachi|25/100|[from] item: Leftovers
|upkeep
|turn|17
|
|t:|1760354665
|move|p2a: Jirachi|Iron Head|p1a: Gholdengo
|-resisted|p1a: Gholdengo
|-damage|p1a: Gholdengo|76/100
|cant|p1a: Gholdengo|flinch
|
|-heal|p2a: Jirachi|32/100|[from] item: Leftovers
|upkeep
|turn|18
|
|t:|1760354671
|move|p2a: Jirachi|Iron Head|p1a: Gholdengo
|-resisted|p1a: Gholdengo
|-damage|p1a: Gholdengo|67/100
|cant|p1a: Gholdengo|flinch
|
|-heal|p2a: Jirachi|38/100|[from] item: Leftovers
|upkeep
|turn|19
|
|t:|1760354679
|move|p2a: Jirachi|Iron Head|p1a: Gholdengo
|-resisted|p1a: Gholdengo
|-damage|p1a: Gholdengo|57/100
|move|p1a: Gholdengo|Shadow Ball|p2a: Jirachi
|-supereffective|p2a: Jirachi
|-damage|p2a: Jirachi|0 fnt
|faint|p2a: Jirachi
|
|upkeep
|
|t:|1760354685
|switch|p2a: Landorus|Landorus-Therian, M|72/100
|-damage|p2a: Landorus|59/100|[from] Stealth Rock
|-ability|p2a: Landorus|Intimidate|boost
|-unboost|p1a: Gholdengo|atk|1
|turn|20
|
|t:|1760354696
|switch|p1a: Dragonite|Dragonite, F|12/100 par
|move|p2a: Landorus|Earth Power|p1a: Dragonite
|-immune|p1a: Dragonite
|
|upkeep
|turn|21
|
|t:|1760354702
|switch|p2a: Alomomola|Alomomola, M|48/100
|-damage|p2a: Alomomola|36/100|[from] Stealth Rock
|-damage|p2a: Alomomola|19/100|[from] Spikes
|cant|p1a: Dragonite|par
|
|upkeep
|turn|22
|
|t:|1760354708
|move|p1a: Dragonite|Extreme Speed|p2a: Alomomola
|-damage|p2a: Alomomola|4/100
|move|p2a: Alomomola|Wish|p2a: Alomomola
|
|upkeep
|turn|23
|
|t:|1760354713
|move|p2a: Alomomola|Protect|p2a: Alomomola
|-singleturn|p2a: Alomomola|Protect
|move|p1a: Dragonite|Extreme Speed|p2a: Alomomola
|-activate|p2a: Alomomola|move: Protect
|
|-heal|p2a: Alomomola|54/100|[from] move: Wish|[wisher] Alomomola
|upkeep
|turn|24
|
|t:|1760354731
|switch|p1a: Samurott|Samurott-Hisui, F|72/100
|-damage|p1a: Samurott|59/100|[from] Stealth Rock
|move|p2a: Alomomola|Wish|p2a: Alomomola
|
|upkeep
|turn|25
|
|t:|1760354739
|switch|p2a: Zapdos|Zapdos|76/100
|-damage|p2a: Zapdos|51/100|[from] Stealth Rock
|move|p1a: Samurott|Encore||[still]
|-fail|p1a: Samurott
|
|-heal|p2a: Zapdos|100/100|[from] move: Wish|[wisher] Alomomola
|upkeep
|turn|26
|
|t:|1760354752
|switch|p1a: Iron Treads|Iron Treads|100/100
|-damage|p1a: Iron Treads|97/100|[from] Stealth Rock
|move|p2a: Zapdos|Discharge|p1a: Iron Treads
|-immune|p1a: Iron Treads
|
|upkeep
|turn|27
|
|t:|1760354763
|move|p1a: Iron Treads|Rapid Spin|p2a: Zapdos
|-damage|p2a: Zapdos|91/100
|-boost|p1a: Iron Treads|spe|1
|-sideend|p1: Aizen765|Stealth Rock|[from] move: Rapid Spin|[of] p1a: Iron Treads
|move|p2a: Zapdos|Substitute|p2a: Zapdos
|-start|p2a: Zapdos|Substitute
|-damage|p2a: Zapdos|66/100
|
|upkeep
|turn|28
|
|t:|1760354777
|-end|p1a: Iron Treads|Quark Drive|[silent]
|switch|p1a: Gholdengo|Gholdengo|57/100
|move|p2a: Zapdos|Hurricane|p1a: Gholdengo
|-resisted|p1a: Gholdengo
|-damage|p1a: Gholdengo|36/100
|
|upkeep
|turn|29
|
|t:|1760354783
|move|p2a: Zapdos|Discharge|p1a: Gholdengo
|-damage|p1a: Gholdengo|4/100
|move|p1a: Gholdengo|Recover|p1a: Gholdengo
|-heal|p1a: Gholdengo|54/100
|
|upkeep
|turn|30
|
|t:|1760354789
|move|p2a: Zapdos|Discharge|p1a: Gholdengo
|-damage|p1a: Gholdengo|21/100
|move|p1a: Gholdengo|Recover|p1a: Gholdengo
|-heal|p1a: Gholdengo|71/100
|
|upkeep
|turn|31
|
|t:|1760354795
|move|p2a: Zapdos|Discharge|p1a: Gholdengo
|-damage|p1a: Gholdengo|35/100
|move|p1a: Gholdengo|Recover|p1a: Gholdengo
|-heal|p1a: Gholdengo|85/100
|
|upkeep
|turn|32
|
|t:|1760354805
|move|p2a: Zapdos|Discharge|p1a: Gholdengo
|-damage|p1a: Gholdengo|54/100
|move|p1a: Gholdengo|Shadow Ball|p2a: Zapdos
|-end|p2a: Zapdos|Substitute
|
|upkeep
|turn|33
|
|t:|1760354814
|move|p2a: Zapdos|Discharge|p1a: Gholdengo
|-damage|p1a: Gholdengo|23/100
|-status|p1a: Gholdengo|par
|move|p1a: Gholdengo|Shadow Ball|p2a: Zapdos
|-damage|p2a: Zapdos|31/100
|
|upkeep
|turn|34
|
|t:|1760354832
|switch|p1a: Iron Moth|Iron Moth|100/100
|-enditem|p1a: Iron Moth|Booster Energy
|-activate|p1a: Iron Moth|ability: Quark Drive|[fromitem]
|-start|p1a: Iron Moth|quarkdrivespe
|move|p2a: Zapdos|Roost|p2a: Zapdos
|-heal|p2a: Zapdos|81/100
|-singleturn|p2a: Zapdos|move: Roost
|
|upkeep
|turn|35
|
|t:|1760354841
|move|p1a: Iron Moth|Fiery Dance|p2a: Zapdos
|-damage|p2a: Zapdos|38/100
|-boost|p1a: Iron Moth|spa|1
|move|p2a: Zapdos|Discharge|p1a: Iron Moth
|-damage|p1a: Iron Moth|68/100
|-status|p1a: Iron Moth|par
|
|upkeep
|turn|36
|
|t:|1760354853
|switch|p2a: Slowking|Slowking-Galar, F|100/100
|move|p1a: Iron Moth|Fiery Dance|p2a: Slowking
|-crit|p2a: Slowking
|-damage|p2a: Slowking|50/100
|
|upkeep
|turn|37
|
|t:|1760354860
|-terastallize|p1a: Iron Moth|Ground
|move|p1a: Iron Moth|Tera Blast|p2a: Slowking|[anim] Tera Blast Ground
|-supereffective|p2a: Slowking
|-damage|p2a: Slowking|0 fnt
|faint|p2a: Slowking
|
|upkeep
|
|t:|1760354868
|switch|p2a: Kingambit|Kingambit, F|100/100
|-damage|p2a: Kingambit|94/100|[from] Stealth Rock
|-damage|p2a: Kingambit|78/100|[from] Spikes
|-activate|p2a: Kingambit|ability: Supreme Overlord
|-start|p2a: Kingambit|fallen2|[silent]
|turn|38
|
|t:|1760354875
|move|p2a: Kingambit|Sucker Punch|p1a: Iron Moth
|-damage|p1a: Iron Moth|0 fnt
|faint|p1a: Iron Moth
|-end|p1a: Iron Moth|Quark Drive|[silent]
|
|-heal|p2a: Kingambit|84/100|[from] item: Leftovers
|upkeep
|
|t:|1760354880
|switch|p1a: Dragonite|Dragonite, F|12/100 par
|turn|39
|
|t:|1760354898
|switch|p1a: Iron Treads|Iron Treads|97/100
|move|p2a: Kingambit|Kowtow Cleave|p1a: Iron Treads
|-damage|p1a: Iron Treads|55/100
|
|-heal|p2a: Kingambit|90/100|[from] item: Leftovers
|upkeep
|turn|40
|
|t:|1760354906
|-end|p2a: Kingambit|fallen2|[silent]
|switch|p2a: Alomomola|Alomomola, M|87/100
|-damage|p2a: Alomomola|75/100|[from] Stealth Rock
|-damage|p2a: Alomomola|58/100|[from] Spikes
|move|p1a: Iron Treads|Earthquake|p2a: Alomomola
|-damage|p2a: Alomomola|39/100
|
|upkeep
|turn|41
|
|t:|1760354915
|-end|p1a: Iron Treads|Quark Drive|[silent]
|switch|p1a: Samurott|Samurott-Hisui, F|59/100
|move|p2a: Alomomola|Wish|p2a: Alomomola
|
|upkeep
|turn|42
|
|t:|1760354920
|move|p1a: Samurott|Encore|p2a: Alomomola
|-start|p2a: Alomomola|Encore
|move|p2a: Alomomola|Wish||[still]
|-fail|p2a: Alomomola
|
|-heal|p2a: Alomomola|89/100|[from] move: Wish|[wisher] Alomomola
|upkeep
|turn|43
|
|t:|1760354929
|move|p1a: Samurott|Knock Off|p2a: Alomomola
|-damage|p2a: Alomomola|74/100
|move|p2a: Alomomola|Wish|p2a: Alomomola
|
|upkeep
|turn|44
|
|t:|1760354934
|switch|p2a: Landorus|Landorus-Therian, M|59/100
|-damage|p2a: Landorus|47/100|[from] Stealth Rock
|-ability|p2a: Landorus|Intimidate|boost
|-unboost|p1a: Samurott|atk|1
|move|p1a: Samurott|Ceaseless Edge|p2a: Landorus
|-damage|p2a: Landorus|19/100
|-sidestart|p2: AirTemples|Spikes
|
|-heal|p2a: Landorus|89/100|[from] move: Wish|[wisher] Alomomola
|upkeep
|turn|45
|
|t:|1760354948
|move|p2a: Landorus|U-turn|p1a: Samurott
|-supereffective|p1a: Samurott
|-damage|p1a: Samurott|11/100
|
|t:|1760354954
|switch|p2a: Alomomola|Alomomola, M|100/100|[from] U-turn
|-damage|p2a: Alomomola|88/100|[from] Stealth Rock
|-damage|p2a: Alomomola|63/100|[from] Spikes
|move|p1a: Samurott|Razor Shell|p2a: Alomomola
|-resisted|p2a: Alomomola
|-damage|p2a: Alomomola|53/100
|
|upkeep
|turn|46
|
|t:|1760354969
|switch|p1a: Deoxys|Deoxys-Speed|100/100
|-ability|p1a: Deoxys|Pressure
|move|p2a: Alomomola|Body Slam|p1a: Deoxys
|-damage|p1a: Deoxys|78/100
|
|upkeep
|turn|47
|
|t:|1760354989
|move|p1a: Deoxys|Knock Off|p2a: Alomomola
|-damage|p2a: Alomomola|44/100
|-damage|p1a: Deoxys|68/100|[from] item: Life Orb
|move|p2a: Alomomola|Body Slam|p1a: Deoxys
|-damage|p1a: Deoxys|46/100
|
|upkeep
|turn|48
|
|t:|1760354997
|switch|p2a: Kingambit|Kingambit, F|90/100
|-damage|p2a: Kingambit|84/100|[from] Stealth Rock
|-damage|p2a: Kingambit|59/100|[from] Spikes
|-activate|p2a: Kingambit|ability: Supreme Overlord
|-start|p2a: Kingambit|fallen2|[silent]
|move|p1a: Deoxys|Psycho Boost|p2a: Kingambit
|-immune|p2a: Kingambit
|
|-heal|p2a: Kingambit|65/100|[from] item: Leftovers
|upkeep
|turn|49
|
|t:|1760355008
|-terastallize|p2a: Kingambit|Ghost
|move|p1a: Deoxys|Superpower|p2a: Kingambit
|-immune|p2a: Kingambit
|move|p2a: Kingambit|Kowtow Cleave|p1a: Deoxys
|-supereffective|p1a: Deoxys
|-crit|p1a: Deoxys
|-damage|p1a: Deoxys|0 fnt
|faint|p1a: Deoxys
|
|-heal|p2a: Kingambit|71/100|[from] item: Leftovers
|upkeep
|
|t:|1760355025
|switch|p1a: Iron Treads|Iron Treads|55/100
|turn|50
|
|t:|1760355031
|-end|p2a: Kingambit|fallen2|[silent]
|switch|p2a: Landorus|Landorus-Therian, M|89/100
|-damage|p2a: Landorus|76/100|[from] Stealth Rock
|-ability|p2a: Landorus|Intimidate|boost
|-unboost|p1a: Iron Treads|atk|1
|move|p1a: Iron Treads|Knock Off|p2a: Landorus
|-damage|p2a: Landorus|66/100
|
|upkeep
|turn|51
|
|t:|1760355046
|move|p1a: Iron Treads|Knock Off|p2a: Landorus
|-damage|p2a: Landorus|55/100
|move|p2a: Landorus|U-turn|p1a: Iron Treads
|-resisted|p1a: Iron Treads
|-damage|p1a: Iron Treads|47/100
|
|t:|1760355049
|switch|p2a: Alomomola|Alomomola, M|77/100|[from] U-turn
|-damage|p2a: Alomomola|65/100|[from] Stealth Rock
|-damage|p2a: Alomomola|40/100|[from] Spikes
|
|upkeep
|turn|52
|
|t:|1760355058
|move|p1a: Iron Treads|Earthquake|p2a: Alomomola
|-damage|p2a: Alomomola|27/100
|move|p2a: Alomomola|Wish|p2a: Alomomola
|
|upkeep
|turn|53
|
|t:|1760355070
|move|p1a: Iron Treads|Earthquake|p2a: Alomomola
|-damage|p2a: Alomomola|12/100
|move|p2a: Alomomola|Body Slam|p1a: Iron Treads
|-resisted|p1a: Iron Treads
|-damage|p1a: Iron Treads|41/100
|
|-heal|p2a: Alomomola|62/100|[from] move: Wish|[wisher] Alomomola
|upkeep
|turn|54
|
|t:|1760355087
|-end|p1a: Iron Treads|Quark Drive|[silent]
|switch|p1a: Samurott|Samurott-Hisui, F|11/100
|move|p2a: Alomomola|Wish|p2a: Alomomola
|
|upkeep
|turn|55
|
|t:|1760355095
|move|p1a: Samurott|Ceaseless Edge|p2a: Alomomola
|-damage|p2a: Alomomola|37/100
|move|p2a: Alomomola|Flip Turn|p1a: Samurott
|-resisted|p1a: Samurott
|-damage|p1a: Samurott|0 fnt
|faint|p1a: Samurott
|
|t:|1760355100
|switch|p2a: Zapdos|Zapdos|38/100|[from] Flip Turn
|-damage|p2a: Zapdos|13/100|[from] Stealth Rock
|
|-heal|p2a: Zapdos|83/100|[from] move: Wish|[wisher] Alomomola
|upkeep
|-message|Aizen765 forfeited.
|
|win|AirTemples
|raw|Aizen765's rating: 1308 &rarr; <strong>1291</strong><br />(-17 for losing)
|raw|AirTemples's rating: 1366 &rarr; <strong>1383</strong><br />(+17 for winning)
|l|☆Aizen765
|player|p1|
