|j|☆testingcharizandra
|j|☆Charthraxis27
|t:|1760310987
|gametype|singles
|player|p1|testingcharizandra|cynthia|1027
|player|p2|Charthraxis27|266|1045
|gen|9
|tier|[Gen 9] OU
|rated|
|rule|HP Percentage Mod: HP is shown in percentages
|rule|Endless Battle Clause: Forcing endless battles is banned
|rule|Species Clause: Limit one of each Pokémon
|rule|OHKO Clause: OHKO moves are banned
|rule|Evasion Items Clause: Evasion items are banned
|rule|Evasion Moves Clause: Evasion moves are banned
|rule|Evasion Abilities Clause: Evasion abilities are banned
|rule|Sleep Moves Clause: Sleep-inducing moves are banned
|clearpoke
|poke|p1|Gengar, M|
|poke|p1|Clefable, F|
|poke|p1|Rotom-Wash|
|poke|p1|Reuniclus, M|
|poke|p1|Excadrill, M|
|poke|p1|Sableye, F|
|poke|p2|Ursaluna, M|
|poke|p2|Araquanid, F|
|poke|p2|Ogerpon-Wellspring, F|
|poke|p2|Iron Hands|
|poke|p2|Dragapult, F|
|poke|p2|Garganacl, F|
|teampreview
|
|t:|1760310997
|teamsize|p1|6
|teamsize|p2|6
|start
|switch|p1a: Gengar|Gengar, M|100/100
|switch|p2a: Araquanid|Araquanid, F|100/100
|turn|1
|
|t:|1760311003
|move|p1a: Gengar|Trick|p2a: Araquanid
|-activate|p1a: Gengar|move: Trick|[of] p2a: Araquanid
|-item|p2a: Araquanid|Choice Scarf|[from] move: Trick
|-item|p1a: Gengar|Rocky Helmet|[from] move: Trick
|move|p2a: Araquanid|Sticky Web|p1a: Gengar
|-sidestart|p1: testingcharizandra|move: Sticky Web
|
|upkeep
|turn|2
|
|t:|1760311030
|switch|p2a: Ursaluna|Ursaluna, M|100/100
|move|p1a: Gengar|Sludge Wave|p2a: Ursaluna
|-resisted|p2a: Ursaluna
|-damage|p2a: Ursaluna|77/100
|-status|p2a: Ursaluna|psn
|
|-damage|p2a: Ursaluna|65/100 psn|[from] psn
|upkeep
|turn|3
|
|t:|1760311044
|switch|p1a: Rotom|Rotom-Wash|100/100
|move|p2a: Ursaluna|Headlong Rush|p1a: Rotom
|-immune|p1a: Rotom|[from] ability: Levitate
|
|-damage|p2a: Ursaluna|52/100 psn|[from] psn
|upkeep
|turn|4
|
|t:|1760311062
|move|p1a: Rotom|Hydro Pump|p2a: Ursaluna
|-supereffective|p2a: Ursaluna
|-damage|p2a: Ursaluna|0 fnt
|faint|p2a: Ursaluna
|
|upkeep
|
|t:|1760311074
|switch|p2a: Dragapult|Dragapult, F|100/100
|turn|5
|
|t:|1760311081
|switch|p1a: Gengar|Gengar, M|100/100
|-activate|p1a: Gengar|move: Sticky Web
|-unboost|p1a: Gengar|spe|1
|move|p2a: Dragapult|Shadow Ball|p1a: Gengar
|-supereffective|p1a: Gengar
|-damage|p1a: Gengar|0 fnt
|faint|p1a: Gengar
|
|upkeep
|
|t:|1760311085
|switch|p1a: Sableye|Sableye, F|100/100
|-activate|p1a: Sableye|move: Sticky Web
|-unboost|p1a: Sableye|spe|1
|turn|6
|
|t:|1760311100
|move|p1a: Sableye|Trick|p2a: Dragapult
|-activate|p1a: Sableye|move: Trick|[of] p2a: Dragapult
|-item|p2a: Dragapult|Lagging Tail|[from] move: Trick
|-item|p1a: Sableye|Choice Specs|[from] move: Trick
|move|p2a: Dragapult|Shadow Ball|p1a: Sableye
|-damage|p1a: Sableye|63/100
|
|upkeep
|turn|7
|
|t:|1760311112
|switch|p1a: Clefable|Clefable, F|100/100
|-activate|p1a: Clefable|move: Sticky Web
|-unboost|p1a: Clefable|spe|1
|move|p2a: Dragapult|Thunderbolt|p1a: Clefable
|-crit|p1a: Clefable
|-damage|p1a: Clefable|65/100
|
|-status|p1a: Clefable|brn|[from] item: Flame Orb
|upkeep
|turn|8
|inactive|Battle timer is ON: inactive players will automatically lose when time's up. (requested by testingcharizandra)
|
|t:|1760311138
|move|p1a: Clefable|Calm Mind|p1a: Clefable
|-boost|p1a: Clefable|spa|1
|-boost|p1a: Clefable|spd|1
|move|p2a: Dragapult|Draco Meteor|p1a: Clefable
|-immune|p1a: Clefable
|
|upkeep
|turn|9
|
|t:|1760311145
|move|p1a: Clefable|Calm Mind|p1a: Clefable
|-boost|p1a: Clefable|spa|1
|-boost|p1a: Clefable|spd|1
|move|p2a: Dragapult|Thunderbolt|p1a: Clefable
|-damage|p1a: Clefable|53/100 brn
|
|upkeep
|turn|10
|
|t:|1760311151
|switch|p2a: Iron Hands|Iron Hands|100/100
|-enditem|p2a: Iron Hands|Booster Energy
|-activate|p2a: Iron Hands|ability: Quark Drive|[fromitem]
|-start|p2a: Iron Hands|quarkdriveatk
|move|p1a: Clefable|Calm Mind|p1a: Clefable
|-boost|p1a: Clefable|spa|1
|-boost|p1a: Clefable|spd|1
|
|upkeep
|turn|11
|
|t:|1760311159
|move|p2a: Iron Hands|Hard Press|p1a: Clefable
|-supereffective|p1a: Clefable
|-damage|p1a: Clefable|12/100 brn
|move|p1a: Clefable|Trick|p2a: Iron Hands
|-activate|p1a: Clefable|move: Trick|[of] p2a: Iron Hands
|-item|p2a: Iron Hands|Flame Orb|[from] move: Trick
|-enditem|p1a: Clefable|Flame Orb|[silent]|[from] move: Trick
|
|-status|p2a: Iron Hands|brn|[from] item: Flame Orb
|upkeep
|turn|12
|
|t:|1760311169
|move|p2a: Iron Hands|Hard Press|p1a: Clefable
|-supereffective|p1a: Clefable
|-damage|p1a: Clefable|7/100 brn
|move|p1a: Clefable|Moonlight|p1a: Clefable
|-heal|p1a: Clefable|57/100 brn
|
|-damage|p2a: Iron Hands|94/100 brn|[from] brn
|upkeep
|turn|13
|
|t:|1760311177
|move|p2a: Iron Hands|Hard Press|p1a: Clefable
|-supereffective|p1a: Clefable
|-damage|p1a: Clefable|36/100 brn
|move|p1a: Clefable|Moonlight|p1a: Clefable
|-heal|p1a: Clefable|86/100 brn
|
|-damage|p2a: Iron Hands|88/100 brn|[from] brn
|upkeep
|turn|14
|
|t:|1760311192
|move|p2a: Iron Hands|Drain Punch|p1a: Clefable
|-resisted|p1a: Clefable
|-damage|p1a: Clefable|76/100 brn
|-heal|p2a: Iron Hands|92/100 brn|[from] drain|[of] p1a: Clefable
|move|p1a: Clefable|Moonblast|p2a: Iron Hands
|-supereffective|p2a: Iron Hands
|-damage|p2a: Iron Hands|0 fnt
|faint|p2a: Iron Hands
|-end|p2a: Iron Hands|Quark Drive|[silent]
|
|upkeep
|inactive|Charthraxis27 has 120 seconds left.
|
|t:|1760311213
|switch|p2a: Garganacl|Garganacl, F|100/100
|turn|15
|inactive|Charthraxis27 has 120 seconds left.
|
|t:|1760311233
|move|p1a: Clefable|Trick|p2a: Garganacl
|-activate|p1a: Clefable|move: Trick|[of] p2a: Garganacl
|-enditem|p2a: Garganacl|Leftovers|[silent]|[from] move: Trick
|-item|p1a: Clefable|Leftovers|[from] move: Trick
|move|p2a: Garganacl|Iron Defense|p2a: Garganacl
|-boost|p2a: Garganacl|def|2
|
|-heal|p1a: Clefable|82/100 brn|[from] item: Leftovers
|upkeep
|turn|16
|inactive|Charthraxis27 has 120 seconds left.
|
|t:|1760311258
|move|p1a: Clefable|Calm Mind|p1a: Clefable
|-boost|p1a: Clefable|spa|1
|-boost|p1a: Clefable|spd|1
|move|p2a: Garganacl|Body Press|p1a: Clefable
|-resisted|p1a: Clefable
|-damage|p1a: Clefable|65/100 brn
|
|-heal|p1a: Clefable|71/100 brn|[from] item: Leftovers
|upkeep
|turn|17
|
|t:|1760311266
|move|p1a: Clefable|Moonblast|p2a: Garganacl
|-damage|p2a: Garganacl|34/100
|move|p2a: Garganacl|Iron Defense|p2a: Garganacl
|-boost|p2a: Garganacl|def|2
|
|-heal|p1a: Clefable|77/100 brn|[from] item: Leftovers
|upkeep
|turn|18
|
|t:|1760311276
|move|p1a: Clefable|Moonblast|p2a: Garganacl
|-damage|p2a: Garganacl|0 fnt
|faint|p2a: Garganacl
|
|-heal|p1a: Clefable|83/100 brn|[from] item: Leftovers
|upkeep
|
|t:|1760311293
|switch|p2a: Ogerpon|Ogerpon-Wellspring, F|100/100
|turn|19
|
|t:|1760311297
|move|p2a: Ogerpon|Leech Seed|p1a: Clefable
|-start|p1a: Clefable|move: Leech Seed
|move|p1a: Clefable|Moonblast|p2a: Ogerpon
|-damage|p2a: Ogerpon|29/100
|
|-heal|p1a: Clefable|89/100 brn|[from] item: Leftovers
|upkeep
|turn|20
|
|t:|1760311305
|move|p2a: Ogerpon|Horn Leech|p1a: Clefable
|-damage|p1a: Clefable|61/100 brn
|-heal|p2a: Ogerpon|44/100|[from] drain|[of] p1a: Clefable
|move|p1a: Clefable|Moonblast|p2a: Ogerpon
|-damage|p2a: Ogerpon|0 fnt
|faint|p2a: Ogerpon
|
|-heal|p1a: Clefable|67/100 brn|[from] item: Leftovers
|upkeep
|
|t:|1760311315
|switch|p2a: Araquanid|Araquanid, F|100/100
|turn|21
|inactive|Charthraxis27 has 120 seconds left.
|
|t:|1760311321
|move|p2a: Araquanid|Leech Life|p1a: Clefable
|-resisted|p1a: Clefable
|-damage|p1a: Clefable|55/100 brn
|move|p1a: Clefable|Moonlight|p1a: Clefable
|-heal|p1a: Clefable|100/100 brn
|
|upkeep
|turn|22
|
|t:|1760311328
|move|p2a: Araquanid|Leech Life|p1a: Clefable
|-resisted|p1a: Clefable
|-damage|p1a: Clefable|90/100 brn
|move|p1a: Clefable|Moonblast|p2a: Araquanid
|-damage|p2a: Araquanid|28/100
|
|-heal|p1a: Clefable|96/100 brn|[from] item: Leftovers
|upkeep
|turn|23
|
|t:|1760311337
|move|p2a: Araquanid|Leech Life|p1a: Clefable
|-resisted|p1a: Clefable
|-damage|p1a: Clefable|85/100 brn
|-heal|p2a: Araquanid|34/100|[from] drain|[of] p1a: Clefable
|move|p1a: Clefable|Calm Mind|p1a: Clefable
|-boost|p1a: Clefable|spa|1
|-boost|p1a: Clefable|spd|1
|
|-heal|p1a: Clefable|91/100 brn|[from] item: Leftovers
|upkeep
|turn|24
|-message|Charthraxis27 forfeited.
|
|win|testingcharizandra
|raw|testingcharizandra's rating: 1027 &rarr; <strong>1065</strong><br />(+38 for winning)
|raw|Charthraxis27's rating: 1045 &rarr; <strong>1027</strong><br />(-18 for losing)
|l|☆Charthraxis27
|player|p2|
