|j|☆theprodigy12
|j|☆djamaO
|t:|1760459208
|gametype|singles
|player|p1|theprodigy12|dawn|1530
|player|p2|djamaO|benga|1551
|gen|9
|tier|[Gen 9] OU
|rated|
|rule|HP Percentage Mod: HP is shown in percentages
|rule|Endless Battle Clause: Forcing endless battles is banned
|rule|Species Clause: Limit one of each Pokémon
|rule|OHKO Clause: OHKO moves are banned
|rule|Evasion Items Clause: Evasion items are banned
|rule|Evasion Moves Clause: Evasion moves are banned
|rule|Evasion Abilities Clause: Evasion abilities are banned
|rule|Sleep Moves Clause: Sleep-inducing moves are banned
|clearpoke
|poke|p1|Dragonite, M|
|poke|p1|Thundurus-Therian, M|
|poke|p1|Hydrapple, M|
|poke|p1|Ting-Lu|
|poke|p1|Weavile, M|
|poke|p1|Heatran, F|
|poke|p2|Garchomp, F|
|poke|p2|Alomomola, M|
|poke|p2|Slowking-Galar, F|
|poke|p2|Ditto|
|poke|p2|Great Tusk|
|poke|p2|Dragapult, M|
|teampreview
|inactive|Battle timer is ON: inactive players will automatically lose when time's up. (requested by theprodigy12)
|
|t:|1760459222
|teamsize|p1|6
|teamsize|p2|6
|start
|switch|p1a: Ting-Lu|Ting-Lu|100/100
|switch|p2a: Dragapult|Dragapult, M|100/100
|-ability|p1a: Ting-Lu|Vessel of Ruin
|turn|1
|
|t:|1760459234
|move|p2a: Dragapult|U-turn|p1a: Ting-Lu
|-supereffective|p1a: Ting-Lu
|-damage|p1a: Ting-Lu|85/100
|
|t:|1760459237
|switch|p2a: Great Tusk|Great Tusk|100/100|[from] U-turn
|move|p1a: Ting-Lu|Ruination|p2a: Great Tusk
|-damage|p2a: Great Tusk|51/100
|
|-heal|p2a: Great Tusk|57/100|[from] item: Leftovers
|-heal|p1a: Ting-Lu|91/100|[from] item: Leftovers
|upkeep
|turn|2
|
|t:|1760459246
|move|p2a: Great Tusk|Knock Off|p1a: Ting-Lu
|-resisted|p1a: Ting-Lu
|-damage|p1a: Ting-Lu|83/100
|-enditem|p1a: Ting-Lu|Leftovers|[from] move: Knock Off|[of] p2a: Great Tusk
|move|p1a: Ting-Lu|Stealth Rock|p2a: Great Tusk
|-sidestart|p2: djamaO|move: Stealth Rock
|
|-heal|p2a: Great Tusk|63/100|[from] item: Leftovers
|upkeep
|turn|3
|
|t:|1760459254
|switch|p1a: Heatran|Heatran, F|100/100
|move|p2a: Great Tusk|Rapid Spin|p1a: Heatran
|-resisted|p1a: Heatran
|-damage|p1a: Heatran|93/100
|-boost|p2a: Great Tusk|spe|1
|-sideend|p2: djamaO|Stealth Rock|[from] move: Rapid Spin|[of] p2a: Great Tusk
|
|-heal|p2a: Great Tusk|69/100|[from] item: Leftovers
|-heal|p1a: Heatran|99/100|[from] item: Leftovers
|upkeep
|turn|4
|
|t:|1760459263
|switch|p1a: Dragonite|Dragonite, M|100/100
|move|p2a: Great Tusk|Headlong Rush|p1a: Dragonite
|-immune|p1a: Dragonite
|
|-heal|p2a: Great Tusk|75/100|[from] item: Leftovers
|upkeep
|turn|5
|
|t:|1760459269
|switch|p1a: Heatran|Heatran, F|99/100
|move|p2a: Great Tusk|Ice Spinner|p1a: Heatran
|-resisted|p1a: Heatran
|-damage|p1a: Heatran|94/100
|
|-heal|p2a: Great Tusk|82/100|[from] item: Leftovers
|-heal|p1a: Heatran|99/100|[from] item: Leftovers
|upkeep
|turn|6
|
|t:|1760459277
|move|p1a: Heatran|Protect|p1a: Heatran
|-singleturn|p1a: Heatran|Protect
|move|p2a: Great Tusk|Headlong Rush|p1a: Heatran
|-activate|p1a: Heatran|move: Protect
|
|-heal|p2a: Great Tusk|88/100|[from] item: Leftovers
|-heal|p1a: Heatran|100/100|[from] item: Leftovers
|upkeep
|turn|7
|
|t:|1760459284
|switch|p1a: Ting-Lu|Ting-Lu|83/100
|-ability|p1a: Ting-Lu|Vessel of Ruin
|move|p2a: Great Tusk|Knock Off|p1a: Ting-Lu
|-resisted|p1a: Ting-Lu
|-damage|p1a: Ting-Lu|78/100
|
|-heal|p2a: Great Tusk|94/100|[from] item: Leftovers
|upkeep
|turn|8
|
|t:|1760459293
|move|p2a: Great Tusk|Ice Spinner|p1a: Ting-Lu
|-supereffective|p1a: Ting-Lu
|-damage|p1a: Ting-Lu|51/100
|move|p1a: Ting-Lu|Ruination|p2a: Great Tusk
|-damage|p2a: Great Tusk|47/100
|
|-heal|p2a: Great Tusk|54/100|[from] item: Leftovers
|upkeep
|turn|9
|
|t:|1760459300
|move|p2a: Great Tusk|Ice Spinner|p1a: Ting-Lu
|-supereffective|p1a: Ting-Lu
|-damage|p1a: Ting-Lu|25/100
|move|p1a: Ting-Lu|Stealth Rock|p2a: Great Tusk
|-sidestart|p2: djamaO|move: Stealth Rock
|
|-heal|p2a: Great Tusk|60/100|[from] item: Leftovers
|upkeep
|turn|10
|
|t:|1760459307
|move|p2a: Great Tusk|Knock Off|p1a: Ting-Lu
|-resisted|p1a: Ting-Lu
|-damage|p1a: Ting-Lu|19/100
|move|p1a: Ting-Lu|Whirlwind|p2a: Great Tusk
|-end|p2a: Great Tusk|Protosynthesis|[silent]
|drag|p2a: Slowking|Slowking-Galar, F|100/100
|
|upkeep
|turn|11
|
|t:|1760459315
|switch|p2a: Great Tusk|Great Tusk|60/100
|-damage|p2a: Great Tusk|57/100|[from] Stealth Rock
|move|p1a: Ting-Lu|Earthquake|p2a: Great Tusk
|-damage|p2a: Great Tusk|37/100
|
|-heal|p2a: Great Tusk|43/100|[from] item: Leftovers
|upkeep
|turn|12
|
|t:|1760459323
|switch|p1a: Heatran|Heatran, F|100/100
|move|p2a: Great Tusk|Rapid Spin|p1a: Heatran
|-resisted|p1a: Heatran
|-damage|p1a: Heatran|93/100
|-boost|p2a: Great Tusk|spe|1
|-status|p2a: Great Tusk|brn|[from] ability: Flame Body|[of] p1a: Heatran
|-sideend|p2: djamaO|Stealth Rock|[from] move: Rapid Spin|[of] p2a: Great Tusk
|
|-heal|p2a: Great Tusk|49/100 brn|[from] item: Leftovers
|-heal|p1a: Heatran|99/100|[from] item: Leftovers
|-damage|p2a: Great Tusk|43/100 brn|[from] brn
|upkeep
|turn|13
|
|t:|1760459338
|-end|p2a: Great Tusk|Protosynthesis|[silent]
|switch|p2a: Alomomola|Alomomola, M|100/100
|switch|p1a: Hydrapple|Hydrapple, M|100/100
|
|upkeep
|turn|14
|
|t:|1760459345
|switch|p2a: Slowking|Slowking-Galar, F|100/100
|move|p1a: Hydrapple|Giga Drain|p2a: Slowking
|-resisted|p2a: Slowking
|-damage|p2a: Slowking|92/100
|
|upkeep
|turn|15
|
|t:|1760459353
|switch|p1a: Ting-Lu|Ting-Lu|19/100
|-ability|p1a: Ting-Lu|Vessel of Ruin
|move|p2a: Slowking|Future Sight|p1a: Ting-Lu
|-start|p2a: Slowking|move: Future Sight
|
|upkeep
|turn|16
|
|t:|1760459360
|switch|p2a: Alomomola|Alomomola, M|100/100
|move|p1a: Ting-Lu|Stealth Rock|p2a: Alomomola
|-sidestart|p2: djamaO|move: Stealth Rock
|
|upkeep
|turn|17
|
|t:|1760459365
|move|p2a: Alomomola|Wish|p2a: Alomomola
|move|p1a: Ting-Lu|Ruination|p2a: Alomomola
|-damage|p2a: Alomomola|50/100
|
|-end|p1a: Ting-Lu|move: Future Sight
|-immune|p1a: Ting-Lu
|upkeep
|turn|18
|
|t:|1760459371
|move|p2a: Alomomola|Flip Turn|p1a: Ting-Lu
|-supereffective|p1a: Ting-Lu
|-damage|p1a: Ting-Lu|6/100
|
|t:|1760459375
|switch|p2a: Great Tusk|Great Tusk|43/100 brn|[from] Flip Turn
|-damage|p2a: Great Tusk|40/100 brn|[from] Stealth Rock
|move|p1a: Ting-Lu|Whirlwind|p2a: Great Tusk
|-end|p2a: Great Tusk|Protosynthesis|[silent]
|drag|p2a: Alomomola|Alomomola, M|84/100
|
|-heal|p2a: Alomomola|100/100|[from] move: Wish|[wisher] Alomomola
|upkeep
|turn|19
|
|t:|1760459405
|switch|p1a: Hydrapple|Hydrapple, M|100/100
|move|p2a: Alomomola|Wish|p2a: Alomomola
|
|upkeep
|turn|20
|
|t:|1760459413
|switch|p2a: Slowking|Slowking-Galar, F|100/100
|move|p1a: Hydrapple|Nasty Plot|p1a: Hydrapple
|-boost|p1a: Hydrapple|spa|2
|
|upkeep
|turn|21
|
|t:|1760459418
|move|p1a: Hydrapple|Earth Power|p2a: Slowking
|-supereffective|p2a: Slowking
|-damage|p2a: Slowking|44/100
|move|p2a: Slowking|Sludge Bomb|p1a: Hydrapple
|-supereffective|p1a: Hydrapple
|-damage|p1a: Hydrapple|32/100
|
|upkeep
|turn|22
|
|t:|1760459429
|switch|p2a: Dragapult|Dragapult, M|100/100
|-damage|p2a: Dragapult|88/100|[from] Stealth Rock
|move|p1a: Hydrapple|Fickle Beam|p2a: Dragapult
|-supereffective|p2a: Dragapult
|-damage|p2a: Dragapult|0 fnt
|faint|p2a: Dragapult
|
|upkeep
|
|t:|1760459441
|switch|p2a: Ditto|Ditto|100/100
|-damage|p2a: Ditto|88/100|[from] Stealth Rock
|-transform|p2a: Ditto|p1a: Hydrapple|[from] ability: Imposter
|turn|23
|
|t:|1760459450
|switch|p1a: Ting-Lu|Ting-Lu|6/100
|-ability|p1a: Ting-Lu|Vessel of Ruin
|move|p2a: Ditto|Fickle Beam|p1a: Ting-Lu
|-damage|p1a: Ting-Lu|0 fnt
|faint|p1a: Ting-Lu
|
|upkeep
|
|t:|1760459466
|switch|p1a: Heatran|Heatran, F|99/100
|turn|24
|
|t:|1760459468
|switch|p2a: Alomomola|Alomomola, M|100/100
|move|p1a: Heatran|Magma Storm|p2a: Alomomola
|-resisted|p2a: Alomomola
|-damage|p2a: Alomomola|75/100
|-activate|p2a: Alomomola|move: Magma Storm|[of] p1a: Heatran
|
|-heal|p1a: Heatran|100/100|[from] item: Leftovers
|-damage|p2a: Alomomola|63/100|[from] move: Magma Storm|[partiallytrapped]
|upkeep
|turn|25
|
|t:|1760459478
|move|p1a: Heatran|Taunt|p2a: Alomomola
|-start|p2a: Alomomola|move: Taunt
|move|p2a: Alomomola|Flip Turn|p1a: Heatran
|-supereffective|p1a: Heatran
|-damage|p1a: Heatran|77/100
|
|t:|1760459488
|switch|p2a: Slowking|Slowking-Galar, F|77/100|[from] Flip Turn
|
|-heal|p1a: Heatran|83/100|[from] item: Leftovers
|upkeep
|turn|26
|
|t:|1760459493
|switch|p2a: Alomomola|Alomomola, M|96/100
|move|p1a: Heatran|Taunt|p2a: Alomomola
|-start|p2a: Alomomola|move: Taunt
|
|-heal|p1a: Heatran|89/100|[from] item: Leftovers
|upkeep
|turn|27
|
|t:|1760459501
|switch|p1a: Hydrapple|Hydrapple, M|65/100
|move|p2a: Alomomola|Flip Turn|p1a: Hydrapple
|-resisted|p1a: Hydrapple
|-damage|p1a: Hydrapple|63/100
|
|t:|1760459506
|switch|p2a: Slowking|Slowking-Galar, F|100/100|[from] Flip Turn
|
|upkeep
|turn|28
|
|t:|1760459520
|switch|p1a: Heatran|Heatran, F|89/100
|move|p2a: Slowking|Future Sight|p1a: Heatran
|-start|p2a: Slowking|move: Future Sight
|
|-heal|p1a: Heatran|95/100|[from] item: Leftovers
|upkeep
|turn|29
|
|t:|1760459530
|switch|p1a: Weavile|Weavile, M|100/100
|-ability|p1a: Weavile|Pressure
|switch|p2a: Alomomola|Alomomola, M|100/100
|
|upkeep
|turn|30
|
|t:|1760459540
|move|p1a: Weavile|Knock Off|p2a: Alomomola
|-crit|p2a: Alomomola
|-damage|p2a: Alomomola|65/100
|-enditem|p2a: Alomomola|Heavy-Duty Boots|[from] move: Knock Off|[of] p1a: Weavile
|move|p2a: Alomomola|Scald|p1a: Weavile
|-damage|p1a: Weavile|81/100
|-status|p1a: Weavile|brn
|
|-end|p1a: Weavile|move: Future Sight
|-immune|p1a: Weavile
|-damage|p1a: Weavile|75/100 brn|[from] brn
|upkeep
|turn|31
|
|t:|1760459555
|move|p1a: Weavile|Knock Off|p2a: Alomomola
|-damage|p2a: Alomomola|56/100
|move|p2a: Alomomola|Flip Turn|p1a: Weavile
|-damage|p1a: Weavile|51/100 brn
|
|t:|1760459564
|switch|p2a: Garchomp|Garchomp, F|100/100|[from] Flip Turn
|-damage|p2a: Garchomp|94/100|[from] Stealth Rock
|
|-damage|p1a: Weavile|45/100 brn|[from] brn
|upkeep
|turn|32
|
|t:|1760459582
|move|p2a: Garchomp|Earthquake|p1a: Weavile
|-damage|p1a: Weavile|0 fnt
|faint|p1a: Weavile
|
|upkeep
|
|t:|1760459588
|switch|p1a: Dragonite|Dragonite, M|100/100
|turn|33
|
|t:|1760459593
|switch|p2a: Alomomola|Alomomola, M|90/100
|-damage|p2a: Alomomola|77/100|[from] Stealth Rock
|move|p1a: Dragonite|Dragon Dance|p1a: Dragonite
|-boost|p1a: Dragonite|atk|1
|-boost|p1a: Dragonite|spe|1
|
|upkeep
|turn|34
|
|t:|1760459603
|switch|p1a: Hydrapple|Hydrapple, M|96/100
|move|p2a: Alomomola|Flip Turn|p1a: Hydrapple
|-resisted|p1a: Hydrapple
|-damage|p1a: Hydrapple|94/100
|
|t:|1760459612
|switch|p2a: Slowking|Slowking-Galar, F|100/100|[from] Flip Turn
|
|upkeep
|turn|35
|
|t:|1760459619
|move|p1a: Hydrapple|Earth Power|p2a: Slowking
|-supereffective|p2a: Slowking
|-damage|p2a: Slowking|71/100
|move|p2a: Slowking|Future Sight|p1a: Hydrapple
|-start|p2a: Slowking|move: Future Sight
|
|upkeep
|turn|36
|
|t:|1760459631
|move|p1a: Hydrapple|Earth Power|p2a: Slowking
|-supereffective|p2a: Slowking
|-damage|p2a: Slowking|41/100
|-prepare|p2a: Slowking|Chilly Reception|[premajor]
|move|p2a: Slowking|Chilly Reception|p2a: Slowking
|-weather|Snowscape
|
|t:|1760459641
|switch|p2a: Ditto|Ditto|100/100|[from] Chilly Reception
|-damage|p2a: Ditto|88/100|[from] Stealth Rock
|-transform|p2a: Ditto|p1a: Hydrapple|[from] ability: Imposter
|
|-weather|Snowscape|[upkeep]
|upkeep
|turn|37
|
|t:|1760459659
|switch|p1a: Thundurus|Thundurus-Therian, M|100/100
|move|p2a: Ditto|Earth Power|p1a: Thundurus
|-immune|p1a: Thundurus
|
|-weather|Snowscape|[upkeep]
|-end|p1a: Thundurus|move: Future Sight
|-damage|p1a: Thundurus|37/100
|upkeep
|turn|38
|
|t:|1760459668
|switch|p2a: Slowking|Slowking-Galar, F|74/100
|move|p1a: Thundurus|Nasty Plot|p1a: Thundurus
|-boost|p1a: Thundurus|spa|2
|
|-weather|Snowscape|[upkeep]
|upkeep
|turn|39
|
|t:|1760459679
|move|p1a: Thundurus|Tera Blast|p2a: Slowking
|-damage|p2a: Slowking|38/100
|move|p2a: Slowking|Sludge Bomb|p1a: Thundurus
|-damage|p1a: Thundurus|0 fnt
|faint|p1a: Thundurus
|
|-weather|Snowscape|[upkeep]
|upkeep
|
|t:|1760459686
|switch|p1a: Dragonite|Dragonite, M|100/100
|turn|40
|
|t:|1760459691
|switch|p2a: Alomomola|Alomomola, M|100/100
|-damage|p2a: Alomomola|88/100|[from] Stealth Rock
|move|p1a: Dragonite|Dragon Dance|p1a: Dragonite
|-boost|p1a: Dragonite|atk|1
|-boost|p1a: Dragonite|spe|1
|
|-weather|none
|upkeep
|turn|41
|
|t:|1760459699
|move|p1a: Dragonite|Dragon Dance|p1a: Dragonite
|-boost|p1a: Dragonite|atk|1
|-boost|p1a: Dragonite|spe|1
|move|p2a: Alomomola|Flip Turn|p1a: Dragonite
|-resisted|p1a: Dragonite
|-damage|p1a: Dragonite|96/100
|
|t:|1760459706
|switch|p2a: Ditto|Ditto|100/100|[from] Flip Turn
|-damage|p2a: Ditto|88/100|[from] Stealth Rock
|-transform|p2a: Ditto|p1a: Dragonite|[from] ability: Imposter
|
|upkeep
|turn|42
|
|t:|1760459727
|switch|p1a: Hydrapple|Hydrapple, M|100/100
|-terastallize|p2a: Ditto|Fairy
|move|p2a: Ditto|Tera Blast|p1a: Hydrapple|[anim] Tera Blast Fairy
|-supereffective|p1a: Hydrapple
|-damage|p1a: Hydrapple|0 fnt
|faint|p1a: Hydrapple
|
|upkeep
|
|t:|1760459732
|switch|p1a: Heatran|Heatran, F|95/100
|turn|43
|
|t:|1760459736
|switch|p2a: Alomomola|Alomomola, M|100/100
|-damage|p2a: Alomomola|88/100|[from] Stealth Rock
|move|p1a: Heatran|Magma Storm|p2a: Alomomola|[miss]
|-miss|p1a: Heatran|p2a: Alomomola
|
|-heal|p1a: Heatran|100/100|[from] item: Leftovers
|upkeep
|turn|44
|-message|theprodigy12 forfeited.
|
|win|djamaO
|raw|theprodigy12's rating: 1530 &rarr; <strong>1511</strong><br />(-19 for losing)
|raw|djamaO's rating: 1551 &rarr; <strong>1570</strong><br />(+19 for winning)
|l|☆theprodigy12
|player|p1|
|l|☆djamaO
|player|p2|
