|j|☆Izlymoney
|j|☆JClimacus
|t:|1760379005
|gametype|singles
|player|p1|Izlymoney|1|1496
|player|p2|JClimacus|skier|1510
|gen|9
|tier|[Gen 9] OU
|rated|
|rule|HP Percentage Mod: HP is shown in percentages
|rule|Endless Battle Clause: Forcing endless battles is banned
|rule|Species Clause: Limit one of each Pokémon
|rule|OHKO Clause: OHKO moves are banned
|rule|Evasion Items Clause: Evasion items are banned
|rule|Evasion Moves Clause: Evasion moves are banned
|rule|Evasion Abilities Clause: Evasion abilities are banned
|rule|Sleep Moves Clause: Sleep-inducing moves are banned
|clearpoke
|poke|p1|Gholdengo|
|poke|p1|Maushold|
|poke|p1|Rillaboom, M|
|poke|p1|Gardevoir, M|
|poke|p1|Latios, M|
|poke|p1|Glimmora, M|
|poke|p2|Primarina, M|
|poke|p2|Sinistcha|
|poke|p2|Heatran, F|
|poke|p2|Great Tusk|
|poke|p2|Darkrai|
|poke|p2|Deoxys-Speed|
|teampreview
|inactive|Battle timer is ON: inactive players will automatically lose when time's up. (requested by JClimacus)
|c|☆JClimacus|glh
|c|☆JClimacus|f
|c|☆Izlymoney|you too
|inactive|Izlymoney has 120 seconds left.
|inactive|JClimacus has 120 seconds left.
|
|t:|1760379065
|teamsize|p1|6
|teamsize|p2|6
|start
|switch|p1a: Rillaboom|Rillaboom, M|100/100
|switch|p2a: Igneous Exaltation|Heatran, F|100/100
|-fieldstart|move: Grassy Terrain|[from] ability: Grassy Surge|[of] p1a: Rillaboom
|turn|1
|
|t:|1760379074
|switch|p1a: Glimmora|Glimmora, M|100/100
|move|p2a: Igneous Exaltation|Magma Storm|p1a: Glimmora
|-resisted|p1a: Glimmora
|-damage|p1a: Glimmora|72/100
|-activate|p1a: Glimmora|move: Magma Storm|[of] p2a: Igneous Exaltation
|-enditem|p1a: Glimmora|Red Card|[of] p2a: Igneous Exaltation
|drag|p2a: Roxcalibur|Great Tusk|100/100
|
|-heal|p1a: Glimmora|78/100|[from] Grassy Terrain
|-end|p1a: Glimmora|Magma Storm|[partiallytrapped]|[silent]
|upkeep
|turn|2
|
|t:|1760379083
|move|p2a: Roxcalibur|Headlong Rush|p1a: Glimmora
|-supereffective|p1a: Glimmora
|-damage|p1a: Glimmora|0 fnt
|-unboost|p2a: Roxcalibur|def|1
|-unboost|p2a: Roxcalibur|spd|1
|faint|p1a: Glimmora
|
|upkeep
|
|t:|1760379085
|switch|p1a: Latios|Latios, M|100/100
|turn|3
|
|t:|1760379094
|-end|p2a: Roxcalibur|Protosynthesis|[silent]
|switch|p2a: SDMG|Primarina, M|100/100
|move|p1a: Latios|Light Screen|p1a: Latios
|-sidestart|p1: Izlymoney|move: Light Screen
|
|upkeep
|turn|4
|
|t:|1760379111
|move|p1a: Latios|Reflect|p1a: Latios
|-sidestart|p1: Izlymoney|Reflect
|move|p2a: SDMG|Moonblast|p1a: Latios
|-supereffective|p1a: Latios
|-damage|p1a: Latios|58/100
|-unboost|p1a: Latios|spa|1
|
|upkeep
|turn|5
|
|t:|1760379118
|move|p1a: Latios|Simple Beam|p2a: SDMG
|-ability|p2a: SDMG|Simple|Torrent|[from] move: Simple Beam
|move|p2a: SDMG|Flip Turn|p1a: Latios
|-resisted|p1a: Latios
|-damage|p1a: Latios|55/100
|
|t:|1760379128
|switch|p2a: Reality Rupture|Darkrai|100/100|[from] Flip Turn
|
|upkeep
|turn|6
|
|t:|1760379133
|move|p2a: Reality Rupture|Dark Pulse|p1a: Latios
|-supereffective|p1a: Latios
|-damage|p1a: Latios|0 fnt
|faint|p1a: Latios
|
|upkeep
|
|t:|1760379139
|switch|p1a: Gardevoir|Gardevoir, M|100/100
|-ability|p1a: Gardevoir|Bad Dreams|Trace|[from] ability: Trace|[of] p2a: Reality Rupture
|turn|7
|
|t:|1760379155
|switch|p2a: SDMG|Primarina, M|100/100
|move|p1a: Gardevoir|Calm Mind|p1a: Gardevoir
|-boost|p1a: Gardevoir|spa|1
|-boost|p1a: Gardevoir|spd|1
|
|upkeep
|turn|8
|
|t:|1760379163
|move|p1a: Gardevoir|Calm Mind|p1a: Gardevoir
|-boost|p1a: Gardevoir|spa|1
|-boost|p1a: Gardevoir|spd|1
|move|p2a: SDMG|Moonblast|p1a: Gardevoir
|-damage|p1a: Gardevoir|89/100
|
|-heal|p1a: Gardevoir|95/100|[from] Grassy Terrain
|-fieldend|move: Grassy Terrain
|upkeep
|turn|9
|
|t:|1760379177
|move|p1a: Gardevoir|Calm Mind|p1a: Gardevoir
|-boost|p1a: Gardevoir|spa|1
|-boost|p1a: Gardevoir|spd|1
|move|p2a: SDMG|Psychic Noise|p1a: Gardevoir
|-resisted|p1a: Gardevoir
|-crit|p1a: Gardevoir
|-damage|p1a: Gardevoir|75/100
|-start|p1a: Gardevoir|move: Heal Block
|
|upkeep
|turn|10
|
|t:|1760379182
|move|p1a: Gardevoir|Stored Power|p2a: SDMG
|-damage|p2a: SDMG|2/100
|move|p2a: SDMG|Moonblast|p1a: Gardevoir
|-damage|p1a: Gardevoir|66/100
|-unboost|p1a: Gardevoir|spa|1
|
|-end|p1a: Gardevoir|move: Heal Block
|-sideend|p1: Izlymoney|move: Light Screen
|upkeep
|turn|11
|
|t:|1760379193
|move|p1a: Gardevoir|Stored Power|p2a: SDMG
|-crit|p2a: SDMG
|-damage|p2a: SDMG|0 fnt
|faint|p2a: SDMG
|
|-sideend|p1: Izlymoney|Reflect
|upkeep
|
|t:|1760379207
|switch|p2a: Roxcalibur|Great Tusk|100/100
|turn|12
|
|t:|1760379212
|switch|p1a: Rillaboom|Rillaboom, M|100/100
|-fieldstart|move: Grassy Terrain|[from] ability: Grassy Surge|[of] p1a: Rillaboom
|move|p2a: Roxcalibur|Headlong Rush|p1a: Rillaboom
|-resisted|p1a: Rillaboom
|-damage|p1a: Rillaboom|72/100
|-unboost|p2a: Roxcalibur|def|1
|-unboost|p2a: Roxcalibur|spd|1
|
|-heal|p1a: Rillaboom|79/100|[from] Grassy Terrain
|upkeep
|turn|13
|
|t:|1760379218
|-end|p2a: Roxcalibur|Protosynthesis|[silent]
|switch|p2a: Igneous Exaltation|Heatran, F|100/100
|move|p1a: Rillaboom|U-turn|p2a: Igneous Exaltation
|-resisted|p2a: Igneous Exaltation
|-damage|p2a: Igneous Exaltation|96/100
|
|t:|1760379222
|switch|p1a: Gardevoir|Gardevoir, M|66/100|[from] U-turn
|-ability|p1a: Gardevoir|Flame Body|Trace|[from] ability: Trace|[of] p2a: Igneous Exaltation
|
|-heal|p1a: Gardevoir|72/100|[from] Grassy Terrain
|-heal|p2a: Igneous Exaltation|100/100|[from] Grassy Terrain
|upkeep
|turn|14
|
|t:|1760379229
|move|p1a: Gardevoir|Calm Mind|p1a: Gardevoir
|-boost|p1a: Gardevoir|spa|1
|-boost|p1a: Gardevoir|spd|1
|move|p2a: Igneous Exaltation|Taunt|p1a: Gardevoir
|-start|p1a: Gardevoir|move: Taunt
|
|-heal|p1a: Gardevoir|78/100|[from] Grassy Terrain
|upkeep
|turn|15
|
|t:|1760379234
|move|p1a: Gardevoir|Vacuum Wave|p2a: Igneous Exaltation
|-supereffective|p2a: Igneous Exaltation
|-damage|p2a: Igneous Exaltation|80/100
|move|p2a: Igneous Exaltation|Magma Storm|p1a: Gardevoir
|-damage|p1a: Gardevoir|54/100
|-activate|p1a: Gardevoir|move: Magma Storm|[of] p2a: Igneous Exaltation
|
|-heal|p1a: Gardevoir|60/100|[from] Grassy Terrain
|-heal|p2a: Igneous Exaltation|87/100|[from] Grassy Terrain
|-heal|p2a: Igneous Exaltation|93/100|[from] item: Leftovers
|-damage|p1a: Gardevoir|48/100|[from] move: Magma Storm|[partiallytrapped]
|upkeep
|turn|16
|
|t:|1760379240
|move|p1a: Gardevoir|Vacuum Wave|p2a: Igneous Exaltation
|-supereffective|p2a: Igneous Exaltation
|-damage|p2a: Igneous Exaltation|70/100
|move|p2a: Igneous Exaltation|Stealth Rock|p1a: Gardevoir
|-sidestart|p1: Izlymoney|move: Stealth Rock
|
|-heal|p1a: Gardevoir|54/100|[from] Grassy Terrain
|-heal|p2a: Igneous Exaltation|76/100|[from] Grassy Terrain
|-heal|p2a: Igneous Exaltation|82/100|[from] item: Leftovers
|-damage|p1a: Gardevoir|42/100|[from] move: Magma Storm|[partiallytrapped]
|upkeep
|turn|17
|
|t:|1760379244
|move|p1a: Gardevoir|Vacuum Wave|p2a: Igneous Exaltation
|-supereffective|p2a: Igneous Exaltation
|-damage|p2a: Igneous Exaltation|63/100
|move|p2a: Igneous Exaltation|Magma Storm|p1a: Gardevoir
|-damage|p1a: Gardevoir|17/100
|-enditem|p1a: Gardevoir|Salac Berry|[eat]
|-boost|p1a: Gardevoir|spe|1|[from] item: Salac Berry
|
|-heal|p1a: Gardevoir|23/100|[from] Grassy Terrain
|-heal|p2a: Igneous Exaltation|69/100|[from] Grassy Terrain
|-heal|p2a: Igneous Exaltation|75/100|[from] item: Leftovers
|-damage|p1a: Gardevoir|11/100|[from] move: Magma Storm|[partiallytrapped]
|-end|p1a: Gardevoir|move: Taunt
|upkeep
|turn|18
|
|t:|1760379248
|move|p1a: Gardevoir|Vacuum Wave|p2a: Igneous Exaltation
|-supereffective|p2a: Igneous Exaltation
|-damage|p2a: Igneous Exaltation|54/100
|move|p2a: Igneous Exaltation|Taunt|p1a: Gardevoir
|-start|p1a: Gardevoir|move: Taunt
|
|-heal|p1a: Gardevoir|17/100|[from] Grassy Terrain
|-heal|p2a: Igneous Exaltation|61/100|[from] Grassy Terrain
|-heal|p2a: Igneous Exaltation|67/100|[from] item: Leftovers
|-damage|p1a: Gardevoir|5/100|[from] move: Magma Storm|[partiallytrapped]
|upkeep
|turn|19
|
|t:|1760379253
|move|p1a: Gardevoir|Vacuum Wave|p2a: Igneous Exaltation
|-supereffective|p2a: Igneous Exaltation
|-crit|p2a: Igneous Exaltation
|-damage|p2a: Igneous Exaltation|32/100
|move|p2a: Igneous Exaltation|Earth Power|p1a: Gardevoir
|-damage|p1a: Gardevoir|0 fnt
|faint|p1a: Gardevoir
|
|-heal|p2a: Igneous Exaltation|38/100|[from] Grassy Terrain
|-heal|p2a: Igneous Exaltation|45/100|[from] item: Leftovers
|-fieldend|move: Grassy Terrain
|upkeep
|
|t:|1760379259
|switch|p1a: Maushold|Maushold|100/100
|-damage|p1a: Maushold|88/100|[from] Stealth Rock
|turn|20
|
|t:|1760379271
|move|p1a: Maushold|Encore|p2a: Igneous Exaltation
|-start|p2a: Igneous Exaltation|Encore
|move|p2a: Igneous Exaltation|Earth Power|p1a: Maushold
|-damage|p1a: Maushold|53/100
|
|-heal|p2a: Igneous Exaltation|51/100|[from] item: Leftovers
|upkeep
|turn|21
|
|t:|1760379276
|move|p1a: Maushold|Tidy Up|p1a: Maushold
|-sideend|p1: Izlymoney|Stealth Rock
|-activate|p1a: Maushold|move: Tidy Up
|-boost|p1a: Maushold|atk|1
|-boost|p1a: Maushold|spe|1
|move|p2a: Igneous Exaltation|Earth Power|p1a: Maushold
|-damage|p1a: Maushold|14/100
|
|-heal|p2a: Igneous Exaltation|57/100|[from] item: Leftovers
|upkeep
|turn|22
|
|t:|1760379280
|move|p1a: Maushold|Bite|p2a: Igneous Exaltation
|-damage|p2a: Igneous Exaltation|28/100
|-status|p1a: Maushold|brn|[from] ability: Flame Body|[of] p2a: Igneous Exaltation
|cant|p2a: Igneous Exaltation|flinch
|
|-heal|p2a: Igneous Exaltation|35/100|[from] item: Leftovers
|-damage|p1a: Maushold|8/100 brn|[from] brn
|-end|p2a: Igneous Exaltation|Encore
|upkeep
|turn|23
|
|t:|1760379286
|move|p1a: Maushold|Bite|p2a: Igneous Exaltation
|-damage|p2a: Igneous Exaltation|22/100
|move|p2a: Igneous Exaltation|Earth Power|p1a: Maushold
|-damage|p1a: Maushold|0 fnt
|faint|p1a: Maushold
|
|-heal|p2a: Igneous Exaltation|28/100|[from] item: Leftovers
|upkeep
|
|t:|1760379291
|switch|p1a: Rillaboom|Rillaboom, M|79/100
|-fieldstart|move: Grassy Terrain|[from] ability: Grassy Surge|[of] p1a: Rillaboom
|turn|24
|
|t:|1760379297
|move|p1a: Rillaboom|Low Sweep|p2a: Igneous Exaltation
|-supereffective|p2a: Igneous Exaltation
|-damage|p2a: Igneous Exaltation|0 fnt
|faint|p2a: Igneous Exaltation
|
|-heal|p1a: Rillaboom|85/100|[from] Grassy Terrain
|upkeep
|
|t:|1760379313
|switch|p2a: Deoxys|Deoxys-Speed|100/100
|-ability|p2a: Deoxys|Pressure
|turn|25
|
|t:|1760379321
|move|p2a: Deoxys|Ice Beam|p1a: Rillaboom
|-supereffective|p1a: Rillaboom
|-damage|p1a: Rillaboom|27/100
|move|p1a: Rillaboom|U-turn|p2a: Deoxys
|-supereffective|p2a: Deoxys
|-damage|p2a: Deoxys|29/100
|
|t:|1760379326
|switch|p1a: Gholdengo|Gholdengo|100/100|[from] U-turn
|-enditem|p1a: Gholdengo|Grassy Seed
|-boost|p1a: Gholdengo|def|1|[from] item: Grassy Seed
|
|-heal|p2a: Deoxys|35/100|[from] Grassy Terrain
|upkeep
|turn|26
|
|t:|1760379337
|move|p2a: Deoxys|Thunderbolt|p1a: Gholdengo
|-damage|p1a: Gholdengo|73/100
|-status|p1a: Gholdengo|par
|move|p1a: Gholdengo|Nasty Plot|p1a: Gholdengo
|-boost|p1a: Gholdengo|spa|2
|
|-heal|p2a: Deoxys|42/100|[from] Grassy Terrain
|-heal|p1a: Gholdengo|79/100 par|[from] Grassy Terrain
|upkeep
|turn|27
|
|t:|1760379342
|move|p2a: Deoxys|Thunderbolt|p1a: Gholdengo
|-crit|p1a: Gholdengo
|-damage|p1a: Gholdengo|36/100 par
|cant|p1a: Gholdengo|par
|
|-heal|p2a: Deoxys|48/100|[from] Grassy Terrain
|-heal|p1a: Gholdengo|42/100 par|[from] Grassy Terrain
|upkeep
|turn|28
|-message|Izlymoney forfeited.
|
|win|JClimacus
|raw|Izlymoney's rating: 1496 &rarr; <strong>1477</strong><br />(-19 for losing)
|raw|JClimacus's rating: 1510 &rarr; <strong>1529</strong><br />(+19 for winning)
|l|☆Izlymoney
|player|p1|
|c|☆JClimacus|ggg
|l|☆JClimacus
|player|p2|
