|j|‽magikarpmvp
|j|☆Bubblemeister
|t:|1760368310
|gametype|singles
|player|p1|magikarpmvp|1|1129
|player|p2|Bubblemeister|169|1098
|gen|9
|tier|[Gen 9] OU
|rated|
|rule|HP Percentage Mod: HP is shown in percentages
|rule|Endless Battle Clause: Forcing endless battles is banned
|rule|Species Clause: Limit one of each Pokémon
|rule|OHKO Clause: OHKO moves are banned
|rule|Evasion Items Clause: Evasion items are banned
|rule|Evasion Moves Clause: Evasion moves are banned
|rule|Evasion Abilities Clause: Evasion abilities are banned
|rule|Sleep Moves Clause: Sleep-inducing moves are banned
|clearpoke
|poke|p1|Regice|
|poke|p1|Kyurem|
|poke|p1|Ninetales-Alola, F|
|poke|p1|Mandibuzz, F|
|poke|p1|Dondozo, F|
|poke|p1|Cloyster, M|
|poke|p2|Trevenant, M|
|poke|p2|Ninetales, M|
|poke|p2|Walking Wake|
|poke|p2|Weezing-Galar, M|
|poke|p2|Great Tusk|
|poke|p2|Mandibuzz, F|
|teampreview
|inactive|Battle timer is ON: inactive players will automatically lose when time's up. (requested by magikarpmvp)
|
|t:|1760368320
|teamsize|p1|6
|teamsize|p2|6
|start
|switch|p1a: Kyurem|Kyurem, shiny|100/100
|switch|p2a: Trevenant|Trevenant, M, shiny|100/100
|-ability|p1a: Kyurem|Pressure
|turn|1
|
|t:|1760368324
|move|p1a: Kyurem|Blizzard|p2a: Trevenant
|-supereffective|p2a: Trevenant
|-damage|p2a: Trevenant|0 fnt
|faint|p2a: Trevenant
|
|upkeep
|
|t:|1760368330
|switch|p2a: Great Tusk|Great Tusk, shiny|100/100
|turn|2
|
|t:|1760368333
|switch|p1a: Mandibuzz|Mandibuzz, F|100/100
|move|p2a: Great Tusk|Close Combat|p1a: Mandibuzz
|-damage|p1a: Mandibuzz|63/100
|-unboost|p2a: Great Tusk|def|1
|-unboost|p2a: Great Tusk|spd|1
|-damage|p2a: Great Tusk|84/100|[from] item: Rocky Helmet|[of] p1a: Mandibuzz
|
|upkeep
|turn|3
|
|t:|1760368341
|-end|p2a: Great Tusk|Protosynthesis|[silent]
|switch|p2a: Mandibuzz|Mandibuzz, F, shiny|100/100
|move|p1a: Mandibuzz|Foul Play|p2a: Mandibuzz
|-resisted|p2a: Mandibuzz
|-damage|p2a: Mandibuzz|96/100
|-damage|p1a: Mandibuzz|47/100|[from] item: Rocky Helmet|[of] p2a: Mandibuzz
|
|upkeep
|turn|4
|
|t:|1760368359
|move|p2a: Mandibuzz|Toxic|p1a: Mandibuzz
|-status|p1a: Mandibuzz|tox
|move|p1a: Mandibuzz|Roost|p1a: Mandibuzz
|-heal|p1a: Mandibuzz|97/100 tox
|-singleturn|p1a: Mandibuzz|move: Roost
|
|-damage|p1a: Mandibuzz|91/100 tox|[from] psn
|upkeep
|turn|5
|
|t:|1760368364
|switch|p2a: Weezing|Weezing-Galar, M, shiny|100/100
|-ability|p2a: Weezing|Neutralizing Gas
|switch|p1a: Ninetales|Ninetales-Alola, F, shiny|100/100
|
|upkeep
|turn|6
|
|t:|1760368376
|switch|p1a: Regice|Regice, shiny|100/100
|move|p2a: Weezing|Strange Steam|p1a: Regice
|-damage|p1a: Regice|90/100
|
|-heal|p1a: Regice|96/100|[from] item: Leftovers
|upkeep
|turn|7
|
|t:|1760368382
|move|p2a: Weezing|Will-O-Wisp|p1a: Regice|[miss]
|-miss|p2a: Weezing|p1a: Regice
|move|p1a: Regice|Thunder Wave|p2a: Weezing
|-status|p2a: Weezing|par
|
|-heal|p1a: Regice|100/100|[from] item: Leftovers
|upkeep
|turn|8
|
|t:|1760368392
|move|p1a: Regice|Ancient Power|p2a: Weezing
|-damage|p2a: Weezing|81/100 par
|move|p2a: Weezing|Will-O-Wisp|p1a: Regice
|-status|p1a: Regice|brn
|
|-damage|p1a: Regice|94/100 brn|[from] brn
|upkeep
|turn|9
|
|t:|1760368395
|move|p1a: Regice|Ancient Power|p2a: Weezing
|-damage|p2a: Weezing|63/100 par
|move|p2a: Weezing|Strange Steam|p1a: Regice
|-damage|p1a: Regice|82/100 brn
|-start|p1a: Regice|confusion
|
|-heal|p1a: Regice|88/100 brn|[from] item: Leftovers
|-damage|p1a: Regice|82/100 brn|[from] brn
|upkeep
|turn|10
|
|t:|1760368399
|-activate|p1a: Regice|confusion
|move|p1a: Regice|Ancient Power|p2a: Weezing
|-damage|p2a: Weezing|43/100 par
|move|p2a: Weezing|Pain Split|p1a: Regice
|-sethp|p1a: Regice|61/100 brn|[from] move: Pain Split|[silent]
|-sethp|p2a: Weezing|66/100 par|[from] move: Pain Split
|
|-heal|p1a: Regice|67/100 brn|[from] item: Leftovers
|-damage|p1a: Regice|61/100 brn|[from] brn
|upkeep
|turn|11
|
|t:|1760368404
|-end|p2a: Weezing|ability: Neutralizing Gas
|switch|p2a: Ninetales|Ninetales, M, shiny|100/100
|-weather|SunnyDay|[from] ability: Drought|[of] p2a: Ninetales
|-activate|p1a: Regice|confusion
|move|p1a: Regice|Ancient Power|p2a: Ninetales
|-supereffective|p2a: Ninetales
|-damage|p2a: Ninetales|75/100
|
|-weather|SunnyDay|[upkeep]
|-heal|p1a: Regice|67/100 brn|[from] item: Leftovers
|-damage|p1a: Regice|61/100 brn|[from] brn
|upkeep
|turn|12
|
|t:|1760368418
|switch|p2a: Weezing|Weezing-Galar, M, shiny|66/100 par
|-ability|p2a: Weezing|Neutralizing Gas
|switch|p1a: Dondozo|Dondozo, F, shiny|100/100
|
|-weather|SunnyDay|[upkeep]
|upkeep
|turn|13
|
|t:|1760368425
|move|p1a: Dondozo|Liquidation|p2a: Weezing
|-damage|p2a: Weezing|57/100 par
|-damage|p1a: Dondozo|84/100|[from] item: Rocky Helmet|[of] p2a: Weezing
|cant|p2a: Weezing|par
|
|-weather|SunnyDay|[upkeep]
|-heal|p1a: Dondozo|90/100|[from] item: Leftovers
|upkeep
|turn|14
|
|t:|1760368431
|switch|p1a: Ninetales|Ninetales-Alola, F, shiny|100/100
|move|p2a: Weezing|Will-O-Wisp|p1a: Ninetales
|-status|p1a: Ninetales|brn
|
|-weather|SunnyDay|[upkeep]
|-damage|p1a: Ninetales|94/100 brn|[from] brn
|upkeep
|turn|15
|
|t:|1760368439
|switch|p1a: Kyurem|Kyurem, shiny|100/100
|-end|p2a: Weezing|ability: Neutralizing Gas
|-ability|p1a: Kyurem|Pressure
|switch|p2a: Ninetales|Ninetales, M, shiny|75/100
|
|-weather|SunnyDay|[upkeep]
|upkeep
|turn|16
|
|t:|1760368443
|move|p2a: Ninetales|Weather Ball|p1a: Kyurem
|-damage|p1a: Kyurem|60/100
|move|p1a: Kyurem|Draco Meteor|p2a: Ninetales
|-damage|p2a: Ninetales|0 fnt
|-unboost|p1a: Kyurem|spa|2
|faint|p2a: Ninetales
|
|-weather|SunnyDay|[upkeep]
|upkeep
|
|t:|1760368447
|switch|p2a: Walking Wake|Walking Wake|100/100
|-activate|p2a: Walking Wake|ability: Protosynthesis
|-start|p2a: Walking Wake|protosynthesisspe
|turn|17
|
|t:|1760368453
|switch|p1a: Ninetales|Ninetales-Alola, F, shiny|94/100 brn
|-weather|Snowscape|[from] ability: Snow Warning|[of] p1a: Ninetales
|-end|p2a: Walking Wake|Protosynthesis
|move|p2a: Walking Wake|Hydro Steam|p1a: Ninetales
|-damage|p1a: Ninetales|40/100 brn
|
|-weather|Snowscape|[upkeep]
|-damage|p1a: Ninetales|34/100 brn|[from] brn
|upkeep
|turn|18
|
|t:|1760368460
|switch|p1a: Regice|Regice, shiny|61/100 brn
|move|p2a: Walking Wake|Hydro Steam|p1a: Regice
|-damage|p1a: Regice|36/100 brn
|
|-weather|Snowscape|[upkeep]
|-heal|p1a: Regice|43/100 brn|[from] ability: Ice Body
|-heal|p1a: Regice|49/100 brn|[from] item: Leftovers
|-damage|p1a: Regice|43/100 brn|[from] brn
|upkeep
|turn|19
|
|t:|1760368467
|-end|p2a: Walking Wake|Protosynthesis|[silent]
|switch|p2a: Weezing|Weezing-Galar, M, shiny|57/100 par
|-ability|p2a: Weezing|Neutralizing Gas
|move|p1a: Regice|Blizzard|p2a: Weezing
|-damage|p2a: Weezing|8/100 par
|
|-weather|Snowscape|[upkeep]
|-heal|p1a: Regice|49/100 brn|[from] item: Leftovers
|-damage|p1a: Regice|43/100 brn|[from] brn
|upkeep
|turn|20
|
|t:|1760368475
|move|p1a: Regice|Ancient Power|p2a: Weezing
|-damage|p2a: Weezing|0 fnt
|faint|p2a: Weezing
|-end|p2a: Weezing|ability: Neutralizing Gas
|
|-weather|Snowscape|[upkeep]
|-heal|p1a: Regice|49/100 brn|[from] ability: Ice Body
|-heal|p1a: Regice|55/100 brn|[from] item: Leftovers
|-damage|p1a: Regice|49/100 brn|[from] brn
|upkeep
|
|t:|1760368480
|switch|p2a: Great Tusk|Great Tusk, shiny|84/100
|turn|21
|
|t:|1760368483
|switch|p1a: Mandibuzz|Mandibuzz, F|91/100 tox
|move|p2a: Great Tusk|Close Combat|p1a: Mandibuzz
|-damage|p1a: Mandibuzz|56/100 tox
|-unboost|p2a: Great Tusk|def|1
|-unboost|p2a: Great Tusk|spd|1
|-damage|p2a: Great Tusk|68/100|[from] item: Rocky Helmet|[of] p1a: Mandibuzz
|
|-weather|Snowscape|[upkeep]
|-damage|p1a: Mandibuzz|50/100 tox|[from] psn
|upkeep
|turn|22
|
|t:|1760368488
|-end|p2a: Great Tusk|Protosynthesis|[silent]
|switch|p2a: Mandibuzz|Mandibuzz, F, shiny|96/100
|move|p1a: Mandibuzz|Roost|p1a: Mandibuzz
|-heal|p1a: Mandibuzz|99/100 tox
|-singleturn|p1a: Mandibuzz|move: Roost
|
|-weather|Snowscape|[upkeep]
|-damage|p1a: Mandibuzz|87/100 tox|[from] psn
|upkeep
|turn|23
|
|t:|1760368498
|switch|p1a: Dondozo|Dondozo, F, shiny|90/100
|move|p2a: Mandibuzz|Toxic|p1a: Dondozo
|-status|p1a: Dondozo|tox
|
|-weather|Snowscape|[upkeep]
|-heal|p1a: Dondozo|96/100 tox|[from] item: Leftovers
|-damage|p1a: Dondozo|90/100 tox|[from] psn
|upkeep
|turn|24
|
|t:|1760368504
|move|p2a: Mandibuzz|Iron Defense|p2a: Mandibuzz
|-boost|p2a: Mandibuzz|def|2
|move|p1a: Dondozo|Body Press|p2a: Mandibuzz
|-damage|p2a: Mandibuzz|80/100
|-damage|p1a: Dondozo|74/100 tox|[from] item: Rocky Helmet|[of] p2a: Mandibuzz
|
|-weather|none
|-heal|p1a: Dondozo|80/100 tox|[from] item: Leftovers
|-damage|p1a: Dondozo|67/100 tox|[from] psn
|upkeep
|turn|25
|
|t:|1760368508
|move|p2a: Mandibuzz|Iron Defense|p2a: Mandibuzz
|-boost|p2a: Mandibuzz|def|2
|move|p1a: Dondozo|Rest|p1a: Dondozo
|-status|p1a: Dondozo|slp|[from] move: Rest
|-heal|p1a: Dondozo|100/100 slp|[silent]
|
|upkeep
|turn|26
|
|t:|1760368516
|move|p2a: Mandibuzz|Foul Play|p1a: Dondozo
|-damage|p1a: Dondozo|86/100 slp
|cant|p1a: Dondozo|slp
|move|p1a: Dondozo|Sleep Talk|p1a: Dondozo
|move|p1a: Dondozo|Liquidation|p2a: Mandibuzz|[from] move: Sleep Talk
|-damage|p2a: Mandibuzz|65/100
|-unboost|p2a: Mandibuzz|def|1
|-damage|p1a: Dondozo|70/100 slp|[from] item: Rocky Helmet|[of] p2a: Mandibuzz
|
|-heal|p1a: Dondozo|76/100 slp|[from] item: Leftovers
|upkeep
|turn|27
|
|t:|1760368527
|move|p2a: Mandibuzz|Iron Defense|p2a: Mandibuzz
|-boost|p2a: Mandibuzz|def|2
|cant|p1a: Dondozo|slp
|move|p1a: Dondozo|Sleep Talk|p1a: Dondozo
|move|p1a: Dondozo|Rest||[from] move: Sleep Talk|[still]
|-fail|p1a: Dondozo
|
|-heal|p1a: Dondozo|82/100 slp|[from] item: Leftovers
|upkeep
|turn|28
|
|t:|1760368544
|move|p2a: Mandibuzz|Roost|p2a: Mandibuzz
|-heal|p2a: Mandibuzz|100/100
|-singleturn|p2a: Mandibuzz|move: Roost
|-curestatus|p1a: Dondozo|slp|[msg]
|move|p1a: Dondozo|Body Press|p2a: Mandibuzz
|-supereffective|p2a: Mandibuzz
|-damage|p2a: Mandibuzz|71/100
|-damage|p1a: Dondozo|66/100|[from] item: Rocky Helmet|[of] p2a: Mandibuzz
|
|-heal|p1a: Dondozo|72/100|[from] item: Leftovers
|upkeep
|turn|29
|
|t:|1760368565
|switch|p1a: Ninetales|Ninetales-Alola, F, shiny|34/100 brn
|-weather|Snowscape|[from] ability: Snow Warning|[of] p1a: Ninetales
|move|p2a: Mandibuzz|Roost|p2a: Mandibuzz
|-heal|p2a: Mandibuzz|100/100
|-singleturn|p2a: Mandibuzz|move: Roost
|
|-weather|Snowscape|[upkeep]
|-damage|p1a: Ninetales|28/100 brn|[from] brn
|upkeep
|turn|30
|
|t:|1760368572
|-terastallize|p2a: Mandibuzz|Water
|move|p1a: Ninetales|Blizzard|p2a: Mandibuzz
|-resisted|p2a: Mandibuzz
|-damage|p2a: Mandibuzz|87/100
|move|p2a: Mandibuzz|Toxic||[still]
|-fail|p2a: Mandibuzz
|
|-weather|Snowscape|[upkeep]
|-damage|p1a: Ninetales|22/100 brn|[from] brn
|upkeep
|turn|31
|
|t:|1760368578
|move|p1a: Ninetales|Freeze-Dry|p2a: Mandibuzz
|-supereffective|p2a: Mandibuzz
|-damage|p2a: Mandibuzz|55/100
|move|p2a: Mandibuzz|Foul Play|p1a: Ninetales
|-resisted|p1a: Ninetales
|-damage|p1a: Ninetales|13/100 brn
|
|-weather|Snowscape|[upkeep]
|-damage|p1a: Ninetales|7/100 brn|[from] brn
|upkeep
|turn|32
|
|t:|1760368582
|move|p1a: Ninetales|Freeze-Dry|p2a: Mandibuzz
|-supereffective|p2a: Mandibuzz
|-damage|p2a: Mandibuzz|19/100
|-status|p2a: Mandibuzz|frz
|cant|p2a: Mandibuzz|frz
|
|-weather|Snowscape|[upkeep]
|-damage|p1a: Ninetales|1/100 brn|[from] brn
|upkeep
|turn|33
|
|t:|1760368604
|move|p1a: Ninetales|Freeze-Dry|p2a: Mandibuzz
|-supereffective|p2a: Mandibuzz
|-damage|p2a: Mandibuzz|0 fnt
|faint|p2a: Mandibuzz
|
|-weather|Snowscape|[upkeep]
|-damage|p1a: Ninetales|0 fnt|[from] brn
|faint|p1a: Ninetales
|upkeep
|
|t:|1760368610
|switch|p1a: Cloyster|Cloyster, M, shiny|100/100
|switch|p2a: Walking Wake|Walking Wake|100/100
|turn|34
|
|t:|1760368616
|move|p2a: Walking Wake|Flamethrower|p1a: Cloyster
|-enditem|p1a: Cloyster|Focus Sash
|-damage|p1a: Cloyster|1/100
|move|p1a: Cloyster|Shell Smash|p1a: Cloyster
|-unboost|p1a: Cloyster|def|1
|-unboost|p1a: Cloyster|spd|1
|-boost|p1a: Cloyster|atk|2
|-boost|p1a: Cloyster|spa|2
|-boost|p1a: Cloyster|spe|2
|
|-weather|Snowscape|[upkeep]
|upkeep
|turn|35
|
|t:|1760368618
|move|p1a: Cloyster|Icicle Spear|p2a: Walking Wake
|-damage|p2a: Walking Wake|73/100
|-damage|p2a: Walking Wake|50/100
|-damage|p2a: Walking Wake|26/100
|-damage|p2a: Walking Wake|1/100
|-crit|p2a: Walking Wake
|-damage|p2a: Walking Wake|0 fnt
|faint|p2a: Walking Wake
|-end|p2a: Walking Wake|Protosynthesis|[silent]
|-hitcount|p2: Walking Wake|5
|
|-weather|Snowscape|[upkeep]
|upkeep
|
|t:|1760368620
|switch|p2a: Great Tusk|Great Tusk, shiny|68/100
|turn|36
|
|t:|1760368622
|move|p1a: Cloyster|Icicle Spear|p2a: Great Tusk
|-supereffective|p2a: Great Tusk
|-damage|p2a: Great Tusk|32/100
|-supereffective|p2a: Great Tusk
|-damage|p2a: Great Tusk|0 fnt
|faint|p2a: Great Tusk
|-end|p2a: Great Tusk|Protosynthesis|[silent]
|-hitcount|p2: Great Tusk|2
|
|win|magikarpmvp
|raw|magikarpmvp's rating: 1129 &rarr; <strong>1152</strong><br />(+23 for winning)
|raw|Bubblemeister's rating: 1098 &rarr; <strong>1075</strong><br />(-23 for losing)
|l|‽magikarpmvp
|player|p1|
|l|☆Bubblemeister
|player|p2|
