|j|☆M355Y
|j|☆deadlifts23
|t:|1760428838
|gametype|singles
|player|p1|M355Y|266|1440
|player|p2|deadlifts23|170|1375
|gen|9
|tier|[Gen 9] OU
|rated|
|rule|HP Percentage Mod: HP is shown in percentages
|rule|Endless Battle Clause: Forcing endless battles is banned
|rule|Species Clause: Limit one of each Pokémon
|rule|OHKO Clause: OHKO moves are banned
|rule|Evasion Items Clause: Evasion items are banned
|rule|Evasion Moves Clause: Evasion moves are banned
|rule|Evasion Abilities Clause: Evasion abilities are banned
|rule|Sleep Moves Clause: Sleep-inducing moves are banned
|clearpoke
|poke|p1|Tyranitar, M|
|poke|p1|Excadrill, F|
|poke|p1|Rillaboom, M|
|poke|p1|Dondozo, M|
|poke|p1|Garganacl, M|
|poke|p1|Hatterene, F|
|poke|p2|Landorus-Therian, M|
|poke|p2|Zapdos|
|poke|p2|Volcanion|
|poke|p2|Tyranitar, F|
|poke|p2|Darkrai|
|poke|p2|Cinderace, M|
|teampreview
|inactive|Battle timer is ON: inactive players will automatically lose when time's up. (requested by deadlifts23)
|
|t:|1760428847
|teamsize|p1|6
|teamsize|p2|6
|start
|switch|p1a: Rillaboom|Rillaboom, M|100/100
|switch|p2a: Volcanion|Volcanion|100/100
|-fieldstart|move: Grassy Terrain|[from] ability: Grassy Surge|[of] p1a: Rillaboom
|turn|1
|inactive|M355Y has 120 seconds left.
|
|t:|1760428889
|switch|p1a: Dondozo|Dondozo, M|100/100
|move|p2a: Volcanion|Flamethrower|p1a: Dondozo
|-resisted|p1a: Dondozo
|-damage|p1a: Dondozo|80/100
|
|-heal|p1a: Dondozo|86/100|[from] Grassy Terrain
|-heal|p1a: Dondozo|92/100|[from] item: Leftovers
|upkeep
|turn|2
|
|t:|1760428915
|switch|p1a: Hatterene|Hatterene, F|100/100
|move|p2a: Volcanion|Earth Power|p1a: Hatterene
|-damage|p1a: Hatterene|71/100
|
|-heal|p1a: Hatterene|77/100|[from] Grassy Terrain
|-heal|p1a: Hatterene|83/100|[from] item: Leftovers
|upkeep
|turn|3
|inactive|deadlifts23 has 120 seconds left.
|inactive|deadlifts23 has 90 seconds left.
|
|t:|1760428991
|move|p2a: Volcanion|Sludge Wave|p1a: Hatterene
|-supereffective|p1a: Hatterene
|-damage|p1a: Hatterene|12/100
|move|p1a: Hatterene|Calm Mind|p1a: Hatterene
|-boost|p1a: Hatterene|spa|1
|-boost|p1a: Hatterene|spd|1
|
|-heal|p1a: Hatterene|18/100|[from] Grassy Terrain
|-heal|p1a: Hatterene|24/100|[from] item: Leftovers
|upkeep
|turn|4
|inactive|M355Y has 90 seconds left.
|
|t:|1760429008
|switch|p1a: Tyranitar|Tyranitar, M|100/100
|-weather|Sandstorm|[from] ability: Sand Stream|[of] p1a: Tyranitar
|move|p2a: Volcanion|Sludge Wave|p1a: Tyranitar
|-resisted|p1a: Tyranitar
|-damage|p1a: Tyranitar|93/100
|
|-weather|Sandstorm|[upkeep]
|-damage|p2a: Volcanion|94/100|[from] Sandstorm
|-heal|p2a: Volcanion|100/100|[from] Grassy Terrain
|-heal|p1a: Tyranitar|99/100|[from] Grassy Terrain
|upkeep
|turn|5
|inactive|M355Y has 90 seconds left.
|
|t:|1760429023
|move|p2a: Volcanion|Steam Eruption|p1a: Tyranitar
|-supereffective|p1a: Tyranitar
|-damage|p1a: Tyranitar|47/100
|move|p1a: Tyranitar|Stone Edge|p2a: Volcanion
|-supereffective|p2a: Volcanion
|-damage|p2a: Volcanion|28/100
|
|-weather|Sandstorm|[upkeep]
|-damage|p2a: Volcanion|22/100|[from] Sandstorm
|-heal|p2a: Volcanion|28/100|[from] Grassy Terrain
|-heal|p1a: Tyranitar|53/100|[from] Grassy Terrain
|-fieldend|move: Grassy Terrain
|upkeep
|turn|6
|inactive|deadlifts23 has 90 seconds left.
|inactive|M355Y has 90 seconds left.
|
|t:|1760429038
|switch|p1a: Rillaboom|Rillaboom, M|100/100
|-fieldstart|move: Grassy Terrain|[from] ability: Grassy Surge|[of] p1a: Rillaboom
|move|p2a: Volcanion|Steam Eruption|p1a: Rillaboom
|-resisted|p1a: Rillaboom
|-damage|p1a: Rillaboom|68/100
|
|-weather|Sandstorm|[upkeep]
|-damage|p1a: Rillaboom|62/100|[from] Sandstorm
|-damage|p2a: Volcanion|22/100|[from] Sandstorm
|-heal|p1a: Rillaboom|68/100|[from] Grassy Terrain
|-heal|p2a: Volcanion|28/100|[from] Grassy Terrain
|upkeep
|turn|7
|inactive|M355Y has 90 seconds left.
|
|t:|1760429044
|move|p1a: Rillaboom|Grassy Glide|p2a: Volcanion
|-damage|p2a: Volcanion|0 fnt
|faint|p2a: Volcanion
|
|-weather|Sandstorm|[upkeep]
|-damage|p1a: Rillaboom|62/100|[from] Sandstorm
|-heal|p1a: Rillaboom|68/100|[from] Grassy Terrain
|upkeep
|
|t:|1760429048
|switch|p2a: Cinderace|Cinderace, M|100/100
|turn|8
|
|t:|1760429058
|switch|p1a: Hatterene|Hatterene, F|24/100
|move|p2a: Cinderace|Gunk Shot|p1a: Hatterene
|-start|p2a: Cinderace|typechange|Poison|[from] ability: Libero
|-supereffective|p1a: Hatterene
|-damage|p1a: Hatterene|0 fnt
|faint|p1a: Hatterene
|
|-weather|Sandstorm|[upkeep]
|-damage|p2a: Cinderace|95/100|[from] Sandstorm
|-heal|p2a: Cinderace|100/100|[from] Grassy Terrain
|upkeep
|inactive|M355Y has 90 seconds left.
|
|t:|1760429081
|switch|p1a: Excadrill|Excadrill, F|100/100
|turn|9
|inactive|deadlifts23 has 120 seconds left.
|inactive|M355Y has 60 seconds left.
|
|t:|1760429116
|switch|p1a: Garganacl|Garganacl, M|100/100
|switch|p2a: Landorus|Landorus-Therian, M|100/100
|-ability|p2a: Landorus|Intimidate|boost
|-unboost|p1a: Garganacl|atk|1
|
|-weather|Sandstorm|[upkeep]
|upkeep
|turn|10
|inactive|deadlifts23 has 120 seconds left.
|
|t:|1760429134
|move|p2a: Landorus|Stealth Rock|p1a: Garganacl
|-sidestart|p1: M355Y|move: Stealth Rock
|move|p1a: Garganacl|Stealth Rock|p2a: Landorus
|-sidestart|p2: deadlifts23|move: Stealth Rock
|
|-weather|Sandstorm|[upkeep]
|-fieldend|move: Grassy Terrain
|upkeep
|turn|11
|inactive|M355Y has 60 seconds left.
|
|t:|1760429150
|-terastallize|p1a: Garganacl|Ghost
|move|p2a: Landorus|Earthquake|p1a: Garganacl
|-damage|p1a: Garganacl|77/100
|move|p1a: Garganacl|Salt Cure|p2a: Landorus
|-damage|p2a: Landorus|93/100
|-start|p2a: Landorus|Salt Cure
|
|-weather|none
|-heal|p1a: Garganacl|83/100|[from] item: Leftovers
|-damage|p2a: Landorus|81/100|[from] Salt Cure
|upkeep
|turn|12
|inactive|M355Y has 60 seconds left.
|
|t:|1760429165
|move|p2a: Landorus|Taunt|p1a: Garganacl
|-start|p1a: Garganacl|move: Taunt
|move|p1a: Garganacl|Body Press|p2a: Landorus
|-resisted|p2a: Landorus
|-damage|p2a: Landorus|70/100
|-damage|p1a: Garganacl|67/100|[from] item: Rocky Helmet|[of] p2a: Landorus
|
|-heal|p1a: Garganacl|73/100|[from] item: Leftovers
|-damage|p2a: Landorus|58/100|[from] Salt Cure
|upkeep
|turn|13
|
|t:|1760429171
|move|p2a: Landorus|U-turn|p1a: Garganacl
|-resisted|p1a: Garganacl
|-damage|p1a: Garganacl|67/100
|
|t:|1760429177
|switch|p2a: Tyranitar|Tyranitar, F|100/100|[from] U-turn
|-damage|p2a: Tyranitar|88/100|[from] Stealth Rock
|-weather|Sandstorm|[from] ability: Sand Stream|[of] p2a: Tyranitar
|move|p1a: Garganacl|Body Press|p2a: Tyranitar
|-supereffective|p2a: Tyranitar
|-damage|p2a: Tyranitar|0 fnt
|faint|p2a: Tyranitar
|
|-weather|Sandstorm|[upkeep]
|-damage|p1a: Garganacl|61/100|[from] Sandstorm
|-heal|p1a: Garganacl|67/100|[from] item: Leftovers
|upkeep
|
|t:|1760429180
|switch|p2a: Darkrai|Darkrai|100/100
|-damage|p2a: Darkrai|88/100|[from] Stealth Rock
|turn|14
|inactive|M355Y has 60 seconds left.
|
|t:|1760429220
|switch|p1a: Tyranitar|Tyranitar, M|53/100
|-damage|p1a: Tyranitar|40/100|[from] Stealth Rock
|move|p2a: Darkrai|Dark Pulse|p1a: Tyranitar
|-resisted|p1a: Tyranitar
|-crit|p1a: Tyranitar
|-damage|p1a: Tyranitar|26/100
|
|-weather|Sandstorm|[upkeep]
|-damage|p2a: Darkrai|82/100|[from] Sandstorm
|upkeep
|turn|15
|inactive|M355Y has 30 seconds left.
|
|t:|1760429250
|switch|p2a: Landorus|Landorus-Therian, M|58/100
|-damage|p2a: Landorus|46/100|[from] Stealth Rock
|-ability|p2a: Landorus|Intimidate|boost
|-unboost|p1a: Tyranitar|atk|1
|move|p1a: Tyranitar|Ice Punch|p2a: Landorus
|-supereffective|p2a: Landorus
|-damage|p2a: Landorus|0 fnt
|-damage|p1a: Tyranitar|10/100|[from] item: Rocky Helmet|[of] p2a: Landorus
|faint|p2a: Landorus
|
|-weather|Sandstorm|[upkeep]
|upkeep
|
|t:|1760429257
|switch|p2a: Cinderace|Cinderace, M|100/100
|-damage|p2a: Cinderace|76/100|[from] Stealth Rock
|turn|16
|inactive|M355Y has 30 seconds left.
|inactive|M355Y has 20 seconds left.
|inactive|M355Y has 15 seconds left.
|inactive|M355Y has 10 seconds left.
|
|t:|1760429293
|switch|p1a: Dondozo|Dondozo, M|92/100
|-damage|p1a: Dondozo|79/100|[from] Stealth Rock
|move|p2a: Cinderace|Court Change|p2a: Cinderace
|-start|p2a: Cinderace|typechange|Normal|[from] ability: Libero
|-swapsideconditions
|-activate|p2a: Cinderace|move: Court Change
|
|-weather|Sandstorm|[upkeep]
|-damage|p2a: Cinderace|70/100|[from] Sandstorm
|-damage|p1a: Dondozo|73/100|[from] Sandstorm
|-heal|p2a: Cinderace|76/100|[from] item: Leftovers
|-heal|p1a: Dondozo|79/100|[from] item: Leftovers
|upkeep
|turn|17
|inactive|M355Y has 20 seconds left this turn.
|inactive|M355Y has 15 seconds left.
|inactive|M355Y has 10 seconds left.
|
|t:|1760429306
|switch|p2a: Zapdos|Zapdos|100/100
|-damage|p2a: Zapdos|75/100|[from] Stealth Rock
|move|p1a: Dondozo|Curse|p1a: Dondozo
|-unboost|p1a: Dondozo|spe|1
|-boost|p1a: Dondozo|atk|1
|-boost|p1a: Dondozo|def|1
|
|-weather|none
|-heal|p2a: Zapdos|82/100|[from] item: Leftovers
|-heal|p1a: Dondozo|85/100|[from] item: Leftovers
|upkeep
|turn|18
|inactive|M355Y has 20 seconds left this turn.
|inactive|M355Y has 15 seconds left.
|inactive|M355Y has 10 seconds left.
|
|t:|1760429323
|move|p2a: Zapdos|Discharge|p1a: Dondozo
|-supereffective|p1a: Dondozo
|-damage|p1a: Dondozo|21/100
|move|p1a: Dondozo|Liquidation|p2a: Zapdos
|-damage|p2a: Zapdos|37/100
|
|-heal|p2a: Zapdos|43/100|[from] item: Leftovers
|-heal|p1a: Dondozo|28/100|[from] item: Leftovers
|upkeep
|turn|19
|inactive|M355Y has 20 seconds left this turn.
|inactive|M355Y has 15 seconds left.
|
|t:|1760429332
|move|p2a: Zapdos|Discharge|p1a: Dondozo
|-supereffective|p1a: Dondozo
|-damage|p1a: Dondozo|0 fnt
|faint|p1a: Dondozo
|
|-heal|p2a: Zapdos|50/100|[from] item: Leftovers
|upkeep
|inactive|M355Y has 20 seconds left this turn.
|inactive|M355Y has 15 seconds left.
|inactive|M355Y has 10 seconds left.
|
|t:|1760429343
|switch|p1a: Garganacl|Garganacl, M, tera:Ghost|67/100
|-damage|p1a: Garganacl|55/100|[from] Stealth Rock
|turn|20
|inactive|M355Y has 20 seconds left this turn.
|inactive|M355Y has 15 seconds left.
|
|t:|1760429353
|move|p2a: Zapdos|Thunder Wave|p1a: Garganacl
|-immune|p1a: Garganacl|[from] ability: Purifying Salt
|move|p1a: Garganacl|Recover|p1a: Garganacl
|-heal|p1a: Garganacl|100/100
|
|-heal|p2a: Zapdos|56/100|[from] item: Leftovers
|upkeep
|turn|21
|inactive|M355Y has 25 seconds left this turn.
|
|t:|1760429359
|move|p2a: Zapdos|Discharge|p1a: Garganacl
|-damage|p1a: Garganacl|63/100
|move|p1a: Garganacl|Salt Cure|p2a: Zapdos
|-supereffective|p2a: Zapdos
|-damage|p2a: Zapdos|27/100
|-start|p2a: Zapdos|Salt Cure
|
|-heal|p2a: Zapdos|34/100|[from] item: Leftovers
|-heal|p1a: Garganacl|70/100|[from] item: Leftovers
|-damage|p2a: Zapdos|21/100|[from] Salt Cure
|upkeep
|turn|22
|inactive|M355Y has 30 seconds left.
|
|t:|1760429367
|move|p2a: Zapdos|Discharge|p1a: Garganacl
|-damage|p1a: Garganacl|30/100
|move|p1a: Garganacl|Recover|p1a: Garganacl
|-heal|p1a: Garganacl|81/100
|
|-heal|p2a: Zapdos|27/100|[from] item: Leftovers
|-heal|p1a: Garganacl|87/100|[from] item: Leftovers
|-damage|p2a: Zapdos|15/100|[from] Salt Cure
|upkeep
|turn|23
|
|t:|1760429373
|switch|p2a: Darkrai|Darkrai|82/100
|-damage|p2a: Darkrai|70/100|[from] Stealth Rock
|move|p1a: Garganacl|Recover|p1a: Garganacl
|-heal|p1a: Garganacl|100/100
|
|upkeep
|turn|24
|inactive|M355Y has 30 seconds left.
|inactive|M355Y has 20 seconds left.
|
|t:|1760429406
|move|p2a: Darkrai|Nasty Plot|p2a: Darkrai
|-boost|p2a: Darkrai|spa|2
|move|p1a: Garganacl|Body Press|p2a: Darkrai
|-supereffective|p2a: Darkrai
|-damage|p2a: Darkrai|0 fnt
|faint|p2a: Darkrai
|
|upkeep
|-message|deadlifts23 forfeited.
|
|win|M355Y
|raw|M355Y's rating: 1440 &rarr; <strong>1456</strong><br />(+16 for winning)
|raw|deadlifts23's rating: 1374 &rarr; <strong>1358</strong><br />(-16 for losing)
|l|☆deadlifts23
|player|p2|
|l|☆M355Y
|player|p1|
