|j|☆Christendom
|j|‽poketrep
|t:|1760458143
|gametype|singles
|player|p1|Christendom|yellow|1564
|player|p2|poketrep|swimmerf|1572
|gen|9
|tier|[Gen 9] OU
|rated|
|rule|HP Percentage Mod: HP is shown in percentages
|rule|Endless Battle Clause: Forcing endless battles is banned
|rule|Species Clause: Limit one of each Pokémon
|rule|OHKO Clause: OHKO moves are banned
|rule|Evasion Items Clause: Evasion items are banned
|rule|Evasion Moves Clause: Evasion moves are banned
|rule|Evasion Abilities Clause: Evasion abilities are banned
|rule|Sleep Moves Clause: Sleep-inducing moves are banned
|clearpoke
|poke|p1|Dragonite, F|
|poke|p1|Zamazenta-*|
|poke|p1|Gholdengo|
|poke|p1|Darkrai|
|poke|p1|Hatterene, F|
|poke|p1|Landorus-Therian, M|
|poke|p2|Heatran, F|
|poke|p2|Mandibuzz, F|
|poke|p2|Iron Moth|
|poke|p2|Latios, M|
|poke|p2|Conkeldurr, M|
|poke|p2|Garchomp, F|
|teampreview
|inactive|Battle timer is ON: inactive players will automatically lose when time's up. (requested by Christendom)
|
|t:|1760458150
|teamsize|p1|6
|teamsize|p2|6
|start
|switch|p1a: Darkrai|Darkrai|100/100
|switch|p2a: Conkeldurr|Conkeldurr, M|100/100
|turn|1
|
|t:|1760458168
|switch|p1a: Hatterene|Hatterene, F|100/100
|move|p2a: Conkeldurr|Knock Off|p1a: Hatterene
|-damage|p1a: Hatterene|55/100
|-enditem|p1a: Hatterene|Assault Vest|[from] move: Knock Off|[of] p2a: Conkeldurr
|
|upkeep
|turn|2
|
|t:|1760458175
|move|p2a: Conkeldurr|Poison Jab|p1a: Hatterene
|-supereffective|p1a: Hatterene
|-damage|p1a: Hatterene|0 fnt
|faint|p1a: Hatterene
|
|upkeep
|
|t:|1760458182
|switch|p1a: Gholdengo|Gholdengo|100/100
|turn|3
|
|t:|1760458186
|move|p1a: Gholdengo|Make It Rain|p2a: Conkeldurr
|-damage|p2a: Conkeldurr|33/100
|-unboost|p1a: Gholdengo|spa|1
|move|p2a: Conkeldurr|Knock Off|p1a: Gholdengo
|-supereffective|p1a: Gholdengo
|-damage|p1a: Gholdengo|21/100
|-enditem|p1a: Gholdengo|Metal Coat|[from] move: Knock Off|[of] p2a: Conkeldurr
|
|upkeep
|turn|4
|
|t:|1760458201
|move|p1a: Gholdengo|Recover|p1a: Gholdengo
|-heal|p1a: Gholdengo|71/100
|move|p2a: Conkeldurr|Knock Off|p1a: Gholdengo
|-supereffective|p1a: Gholdengo
|-damage|p1a: Gholdengo|15/100
|
|upkeep
|turn|5
|
|t:|1760458209
|switch|p2a: Heatran|Heatran, F|100/100
|move|p1a: Gholdengo|Make It Rain|p2a: Heatran
|-resisted|p2a: Heatran
|-damage|p2a: Heatran|93/100
|-unboost|p1a: Gholdengo|spa|1
|
|-heal|p2a: Heatran|99/100|[from] item: Leftovers
|upkeep
|turn|6
|
|t:|1760458214
|switch|p1a: Landorus|Landorus-Therian, M|100/100
|-ability|p1a: Landorus|Intimidate|boost
|-unboost|p2a: Heatran|atk|1
|move|p2a: Heatran|Magma Storm|p1a: Landorus
|-damage|p1a: Landorus|58/100
|-activate|p1a: Landorus|move: Magma Storm|[of] p2a: Heatran
|
|-heal|p2a: Heatran|100/100|[from] item: Leftovers
|-damage|p1a: Landorus|46/100|[from] move: Magma Storm|[partiallytrapped]
|upkeep
|turn|7
|
|t:|1760458218
|switch|p2a: Mandibuzz|Mandibuzz, F|100/100
|move|p1a: Landorus|Stealth Rock|p2a: Mandibuzz
|-sidestart|p2: poketrep|move: Stealth Rock
|
|-end|p1a: Landorus|Magma Storm|[partiallytrapped]|[silent]
|upkeep
|turn|8
|
|t:|1760458223
|move|p1a: Landorus|Taunt|p2a: Mandibuzz
|-start|p2a: Mandibuzz|move: Taunt
|move|p2a: Mandibuzz|Foul Play|p1a: Landorus
|-damage|p1a: Landorus|6/100
|-damage|p2a: Mandibuzz|84/100|[from] item: Rocky Helmet|[of] p1a: Landorus
|
|upkeep
|turn|9
|
|t:|1760458230
|switch|p1a: Darkrai|Darkrai|100/100
|move|p2a: Mandibuzz|U-turn|p1a: Darkrai
|-supereffective|p1a: Darkrai
|-damage|p1a: Darkrai|76/100
|
|t:|1760458235
|switch|p2a: Heatran|Heatran, F|100/100|[from] U-turn
|-damage|p2a: Heatran|88/100|[from] Stealth Rock
|
|-heal|p2a: Heatran|94/100|[from] item: Leftovers
|upkeep
|turn|10
|
|t:|1760458238
|move|p1a: Darkrai|Taunt|p2a: Heatran
|-start|p2a: Heatran|move: Taunt
|move|p2a: Heatran|Magma Storm|p1a: Darkrai|[miss]
|-miss|p2a: Heatran|p1a: Darkrai
|
|-heal|p2a: Heatran|100/100|[from] item: Leftovers
|upkeep
|turn|11
|
|t:|1760458241
|move|p1a: Darkrai|Dark Pulse|p2a: Heatran
|-damage|p2a: Heatran|76/100
|move|p2a: Heatran|Magma Storm|p1a: Darkrai|[miss]
|-miss|p2a: Heatran|p1a: Darkrai
|
|-heal|p2a: Heatran|82/100|[from] item: Leftovers
|upkeep
|turn|12
|
|t:|1760458244
|move|p1a: Darkrai|Dark Pulse|p2a: Heatran
|-damage|p2a: Heatran|58/100
|move|p2a: Heatran|Magma Storm|p1a: Darkrai
|-damage|p1a: Darkrai|29/100
|-activate|p1a: Darkrai|move: Magma Storm|[of] p2a: Heatran
|
|-heal|p2a: Heatran|64/100|[from] item: Leftovers
|-damage|p1a: Darkrai|16/100|[from] move: Magma Storm|[partiallytrapped]
|-end|p2a: Heatran|move: Taunt
|upkeep
|turn|13
|
|t:|1760458247
|move|p1a: Darkrai|Dark Pulse|p2a: Heatran
|-damage|p2a: Heatran|39/100
|move|p2a: Heatran|Earth Power|p1a: Darkrai
|-damage|p1a: Darkrai|0 fnt
|faint|p1a: Darkrai
|
|-heal|p2a: Heatran|45/100|[from] item: Leftovers
|upkeep
|
|t:|1760458253
|switch|p1a: Landorus|Landorus-Therian, M|6/100
|-ability|p1a: Landorus|Intimidate|boost
|-unboost|p2a: Heatran|atk|1
|turn|14
|
|t:|1760458257
|switch|p2a: Mandibuzz|Mandibuzz, F|84/100
|move|p1a: Landorus|Earthquake|p2a: Mandibuzz
|-immune|p2a: Mandibuzz
|
|upkeep
|turn|15
|
|t:|1760458260
|move|p1a: Landorus|Taunt|p2a: Mandibuzz
|-start|p2a: Mandibuzz|move: Taunt
|move|p2a: Mandibuzz|Foul Play|p1a: Landorus
|-crit|p1a: Landorus
|-damage|p1a: Landorus|0 fnt
|-damage|p2a: Mandibuzz|67/100|[from] item: Rocky Helmet|[of] p1a: Landorus
|faint|p1a: Landorus
|
|upkeep
|
|t:|1760458277
|switch|p1a: Gholdengo|Gholdengo|15/100
|turn|16
|
|t:|1760458282
|switch|p2a: Heatran|Heatran, F|45/100
|-damage|p2a: Heatran|33/100|[from] Stealth Rock
|move|p1a: Gholdengo|Thunderbolt|p2a: Heatran
|-damage|p2a: Heatran|12/100
|
|-heal|p2a: Heatran|18/100|[from] item: Leftovers
|upkeep
|turn|17
|
|t:|1760458287
|move|p1a: Gholdengo|Thunderbolt|p2a: Heatran
|-damage|p2a: Heatran|0 fnt
|faint|p2a: Heatran
|
|upkeep
|
|t:|1760458292
|switch|p2a: Latios|Latios, M|100/100
|-damage|p2a: Latios|88/100|[from] Stealth Rock
|turn|18
|
|t:|1760458295
|move|p2a: Latios|Luster Purge|p1a: Gholdengo
|-resisted|p1a: Gholdengo
|-crit|p1a: Gholdengo
|-damage|p1a: Gholdengo|0 fnt
|faint|p1a: Gholdengo
|
|upkeep
|
|t:|1760458300
|switch|p1a: Dragonite|Dragonite, F|100/100
|turn|19
|
|t:|1760458313
|move|p2a: Latios|Luster Purge|p1a: Dragonite
|-damage|p1a: Dragonite|64/100
|move|p1a: Dragonite|Dragon Dance|p1a: Dragonite
|-boost|p1a: Dragonite|atk|1
|-boost|p1a: Dragonite|spe|1
|
|upkeep
|turn|20
|
|t:|1760458326
|switch|p2a: Conkeldurr|Conkeldurr, M|33/100
|-damage|p2a: Conkeldurr|27/100|[from] Stealth Rock
|move|p1a: Dragonite|Extreme Speed|p2a: Conkeldurr
|-damage|p2a: Conkeldurr|0 fnt
|faint|p2a: Conkeldurr
|
|upkeep
|
|t:|1760458339
|switch|p2a: Garchomp|Garchomp, F|100/100
|-damage|p2a: Garchomp|94/100|[from] Stealth Rock
|turn|21
|
|t:|1760458346
|move|p1a: Dragonite|Earthquake|p2a: Garchomp
|-damage|p2a: Garchomp|60/100
|move|p2a: Garchomp|Dragon Tail|p1a: Dragonite
|-supereffective|p1a: Dragonite
|-damage|p1a: Dragonite|10/100
|drag|p1a: Zamazenta|Zamazenta|100/100
|-ability|p1a: Zamazenta|Dauntless Shield|boost
|-boost|p1a: Zamazenta|def|1
|
|upkeep
|turn|22
|
|t:|1760458354
|move|p1a: Zamazenta|Iron Defense|p1a: Zamazenta
|-boost|p1a: Zamazenta|def|2
|move|p2a: Garchomp|Dragon Tail|p1a: Zamazenta
|-damage|p1a: Zamazenta|92/100
|drag|p1a: Dragonite|Dragonite, F|10/100
|
|upkeep
|turn|23
|
|t:|1760458358
|move|p1a: Dragonite|Extreme Speed|p2a: Garchomp
|-damage|p2a: Garchomp|43/100
|-damage|p1a: Dragonite|0 fnt|[from] ability: Rough Skin|[of] p2a: Garchomp
|faint|p1a: Dragonite
|move|p2a: Garchomp|Stealth Rock|p1: Dragonite
|-sidestart|p1: Christendom|move: Stealth Rock
|
|upkeep
|
|t:|1760458360
|switch|p1a: Zamazenta|Zamazenta|92/100
|-damage|p1a: Zamazenta|86/100|[from] Stealth Rock
|turn|24
|
|t:|1760458364
|switch|p2a: Latios|Latios, M|88/100
|-damage|p2a: Latios|76/100|[from] Stealth Rock
|move|p1a: Zamazenta|Iron Defense|p1a: Zamazenta
|-boost|p1a: Zamazenta|def|2
|
|-heal|p1a: Zamazenta|92/100|[from] item: Leftovers
|upkeep
|turn|25
|
|t:|1760458373
|-terastallize|p1a: Zamazenta|Fire
|move|p1a: Zamazenta|Body Press|p2a: Latios
|-resisted|p2a: Latios
|-damage|p2a: Latios|24/100
|move|p2a: Latios|Luster Purge|p1a: Zamazenta
|-damage|p1a: Zamazenta|27/100
|
|-heal|p1a: Zamazenta|33/100|[from] item: Leftovers
|upkeep
|turn|26
|
|t:|1760458377
|move|p1a: Zamazenta|Body Press|p2a: Latios
|-resisted|p2a: Latios
|-damage|p2a: Latios|0 fnt
|faint|p2a: Latios
|
|-heal|p1a: Zamazenta|40/100|[from] item: Leftovers
|upkeep
|
|t:|1760458382
|switch|p2a: Iron Moth|Iron Moth|100/100
|-damage|p2a: Iron Moth|76/100|[from] Stealth Rock
|turn|27
|
|t:|1760458386
|move|p2a: Iron Moth|Sludge Wave|p1a: Zamazenta
|-damage|p1a: Zamazenta|0 fnt
|faint|p1a: Zamazenta
|
|win|poketrep
|raw|Christendom's rating: 1564 &rarr; <strong>1544</strong><br />(-20 for losing)
|raw|poketrep's rating: 1560 &rarr; <strong>1580</strong><br />(+20 for winning)
|l|☆Christendom
|player|p1|
|l|‽poketrep
|player|p2|
