|j|☆vghhjg
|j|☆adv 1v1
|t:|1760439831
|gametype|singles
|player|p1|vghhjg|170|1526
|player|p2|adv 1v1|lisia|1613
|gen|9
|tier|[Gen 9] OU
|rated|
|rule|HP Percentage Mod: HP is shown in percentages
|rule|Endless Battle Clause: Forcing endless battles is banned
|rule|Species Clause: Limit one of each Pokémon
|rule|OHKO Clause: OHKO moves are banned
|rule|Evasion Items Clause: Evasion items are banned
|rule|Evasion Moves Clause: Evasion moves are banned
|rule|Evasion Abilities Clause: Evasion abilities are banned
|rule|Sleep Moves Clause: Sleep-inducing moves are banned
|clearpoke
|poke|p1|Ribombee, F|
|poke|p1|Gholdengo|
|poke|p1|Dragonite, M|
|poke|p1|Enamorus, F|
|poke|p1|Iron Moth|
|poke|p1|Iron Treads|
|poke|p2|Jirachi|
|poke|p2|Ursaluna, F|
|poke|p2|Iron Hands|
|poke|p2|Volcanion|
|poke|p2|Moltres-Galar|
|poke|p2|Rillaboom, M|
|teampreview
|inactive|Battle timer is ON: inactive players will automatically lose when time's up. (requested by adv 1v1)
|
|t:|1760439854
|teamsize|p1|6
|teamsize|p2|6
|start
|switch|p1a: Ribombee|Ribombee, F|100/100
|switch|p2a: Ursaluna|Ursaluna, F|100/100
|turn|1
|
|t:|1760439865
|move|p1a: Ribombee|Sticky Web|p2a: Ursaluna
|-sidestart|p2: adv 1v1|move: Sticky Web
|move|p2a: Ursaluna|Trailblaze|p1a: Ribombee
|-resisted|p1a: Ribombee
|-damage|p1a: Ribombee|82/100
|-boost|p2a: Ursaluna|spe|1
|
|-status|p2a: Ursaluna|brn|[from] item: Flame Orb
|upkeep
|turn|2
|
|t:|1760439873
|move|p1a: Ribombee|Psychic Noise|p2a: Ursaluna
|-damage|p2a: Ursaluna|79/100 brn
|-start|p2a: Ursaluna|move: Heal Block
|move|p2a: Ursaluna|Trailblaze|p1a: Ribombee
|-resisted|p1a: Ribombee
|-damage|p1a: Ribombee|57/100
|-boost|p2a: Ursaluna|spe|1
|
|-damage|p2a: Ursaluna|73/100 brn|[from] brn
|upkeep
|turn|3
|
|t:|1760439879
|move|p2a: Ursaluna|Facade|p1a: Ribombee
|-damage|p1a: Ribombee|0 fnt
|faint|p1a: Ribombee
|
|-damage|p2a: Ursaluna|67/100 brn|[from] brn
|-end|p2a: Ursaluna|move: Heal Block
|upkeep
|inactive|vghhjg has 120 seconds left.
|
|t:|1760439913
|switch|p1a: Iron Treads|Iron Treads|100/100
|-enditem|p1a: Iron Treads|Booster Energy
|-activate|p1a: Iron Treads|ability: Quark Drive|[fromitem]
|-start|p1a: Iron Treads|quarkdrivespe
|turn|4
|
|t:|1760439934
|move|p1a: Iron Treads|Earthquake|p2a: Ursaluna
|-damage|p2a: Ursaluna|26/100 brn
|move|p2a: Ursaluna|Trailblaze|p1a: Iron Treads
|-damage|p1a: Iron Treads|76/100
|-boost|p2a: Ursaluna|spe|1
|
|-damage|p2a: Ursaluna|20/100 brn|[from] brn
|upkeep
|turn|5
|
|t:|1760439949
|move|p2a: Ursaluna|Headlong Rush|p1a: Iron Treads
|-supereffective|p1a: Iron Treads
|-damage|p1a: Iron Treads|0 fnt
|-unboost|p2a: Ursaluna|def|1
|-unboost|p2a: Ursaluna|spd|1
|faint|p1a: Iron Treads
|-end|p1a: Iron Treads|Quark Drive|[silent]
|
|-damage|p2a: Ursaluna|14/100 brn|[from] brn
|upkeep
|inactive|vghhjg has 120 seconds left.
|
|t:|1760439965
|switch|p1a: Dragonite|Dragonite, M, shiny|100/100
|turn|6
|
|t:|1760439985
|switch|p2a: Jirachi|Jirachi|100/100
|-activate|p2a: Jirachi|move: Sticky Web
|-unboost|p2a: Jirachi|spe|1
|move|p1a: Dragonite|Earthquake|p2a: Jirachi
|-supereffective|p2a: Jirachi
|-damage|p2a: Jirachi|35/100
|
|upkeep
|turn|7
|
|t:|1760439994
|move|p2a: Jirachi|Healing Wish|p2a: Jirachi
|faint|p2a: Jirachi
|move|p1a: Dragonite|Earthquake|p2: Jirachi|[notarget]
|-fail|p1a: Dragonite
|
|upkeep
|
|t:|1760440000
|switch|p2a: Iron Hands|Iron Hands|100/100
|-activate|p2a: Iron Hands|move: Sticky Web
|-unboost|p2a: Iron Hands|spe|1
|-enditem|p2a: Iron Hands|Booster Energy
|-activate|p2a: Iron Hands|ability: Quark Drive|[fromitem]
|-start|p2a: Iron Hands|quarkdriveatk
|turn|8
|
|t:|1760440009
|switch|p1a: Iron Moth|Iron Moth, shiny|100/100
|-enditem|p1a: Iron Moth|Booster Energy
|-activate|p1a: Iron Moth|ability: Quark Drive|[fromitem]
|-start|p1a: Iron Moth|quarkdrivespa
|move|p2a: Iron Hands|Ice Punch|p1a: Iron Moth
|-resisted|p1a: Iron Moth
|-damage|p1a: Iron Moth|65/100
|-status|p1a: Iron Moth|frz
|
|upkeep
|turn|9
|
|t:|1760440020
|-curestatus|p1a: Iron Moth|frz|[msg]
|move|p1a: Iron Moth|Fiery Dance|p2a: Iron Hands
|-damage|p2a: Iron Hands|44/100
|move|p2a: Iron Hands|Thunder Punch|p1a: Iron Moth
|-damage|p1a: Iron Moth|0 fnt
|faint|p1a: Iron Moth
|-end|p1a: Iron Moth|Quark Drive|[silent]
|
|upkeep
|
|t:|1760440036
|switch|p1a: Enamorus|Enamorus, F|100/100
|turn|10
|
|t:|1760440055
|move|p1a: Enamorus|Moonblast|p2a: Iron Hands
|-supereffective|p2a: Iron Hands
|-damage|p2a: Iron Hands|0 fnt
|faint|p2a: Iron Hands
|-end|p2a: Iron Hands|Quark Drive|[silent]
|
|upkeep
|
|t:|1760440057
|switch|p2a: Volcanion|Volcanion|100/100
|turn|11
|
|t:|1760440066
|move|p1a: Enamorus|Moonblast|p2a: Volcanion
|-resisted|p2a: Volcanion
|-damage|p2a: Volcanion|74/100
|move|p2a: Volcanion|Sludge Bomb|p1a: Enamorus
|-supereffective|p1a: Enamorus
|-damage|p1a: Enamorus|0 fnt
|faint|p1a: Enamorus
|
|upkeep
|
|t:|1760440071
|switch|p1a: Gholdengo|Gholdengo|100/100
|-item|p1a: Gholdengo|Air Balloon
|turn|12
|inactive|adv 1v1 has 120 seconds left.
|
|t:|1760440113
|move|p1a: Gholdengo|Psyshock|p2a: Volcanion
|-damage|p2a: Volcanion|52/100
|move|p2a: Volcanion|Flamethrower|p1a: Gholdengo
|-supereffective|p1a: Gholdengo
|-damage|p1a: Gholdengo|0 fnt
|-enditem|p1a: Gholdengo|Air Balloon
|faint|p1a: Gholdengo
|
|upkeep
|
|t:|1760440132
|switch|p1a: Dragonite|Dragonite, M, shiny|100/100
|turn|13
|inactive|adv 1v1 has 120 seconds left.
|
|t:|1760440140
|move|p1a: Dragonite|Dragon Dance|p1a: Dragonite
|-boost|p1a: Dragonite|atk|1
|-boost|p1a: Dragonite|spe|1
|move|p2a: Volcanion|Sludge Bomb|p1a: Dragonite
|-damage|p1a: Dragonite|83/100
|
|-heal|p1a: Dragonite|89/100|[from] item: Leftovers
|upkeep
|turn|14
|
|t:|1760440162
|move|p1a: Dragonite|Dragon Dance|p1a: Dragonite
|-boost|p1a: Dragonite|atk|1
|-boost|p1a: Dragonite|spe|1
|move|p2a: Volcanion|Steam Eruption|p1a: Dragonite
|-resisted|p1a: Dragonite
|-crit|p1a: Dragonite
|-damage|p1a: Dragonite|43/100
|
|-heal|p1a: Dragonite|49/100|[from] item: Leftovers
|upkeep
|turn|15
|
|t:|1760440172
|move|p1a: Dragonite|Earthquake|p2a: Volcanion
|-supereffective|p2a: Volcanion
|-damage|p2a: Volcanion|0 fnt
|faint|p2a: Volcanion
|
|-heal|p1a: Dragonite|55/100|[from] item: Leftovers
|upkeep
|
|t:|1760440178
|switch|p2a: Ursaluna|Ursaluna, F|14/100 brn
|-heal|p2a: Ursaluna|100/100|[from] move: Healing Wish
|-activate|p2a: Ursaluna|move: Sticky Web
|-unboost|p2a: Ursaluna|spe|1
|turn|16
|
|t:|1760440186
|-terastallize|p1a: Dragonite|Flying
|move|p1a: Dragonite|Tera Blast|p2a: Ursaluna|[anim] Tera Blast Flying
|-damage|p2a: Ursaluna|12/100
|move|p2a: Ursaluna|Facade|p1a: Dragonite
|-damage|p1a: Dragonite|13/100
|
|-heal|p1a: Dragonite|19/100|[from] item: Leftovers
|-status|p2a: Ursaluna|brn|[from] item: Flame Orb
|upkeep
|turn|17
|
|t:|1760440196
|move|p1a: Dragonite|Tera Blast|p2a: Ursaluna|[anim] Tera Blast Flying
|-damage|p2a: Ursaluna|0 fnt
|faint|p2a: Ursaluna
|
|-heal|p1a: Dragonite|26/100|[from] item: Leftovers
|upkeep
|
|t:|1760440222
|switch|p2a: Rillaboom|Rillaboom, M|100/100
|-activate|p2a: Rillaboom|move: Sticky Web
|-unboost|p2a: Rillaboom|spe|1
|-fieldstart|move: Grassy Terrain|[from] ability: Grassy Surge|[of] p2a: Rillaboom
|turn|18
|
|t:|1760440227
|move|p2a: Rillaboom|Fake Out|p1a: Dragonite
|-damage|p1a: Dragonite|4/100
|-damage|p2a: Rillaboom|91/100|[from] item: Life Orb
|cant|p1a: Dragonite|flinch
|
|-heal|p1a: Dragonite|10/100|[from] item: Leftovers
|-heal|p2a: Rillaboom|97/100|[from] Grassy Terrain
|upkeep
|turn|19
|
|t:|1760440234
|-terastallize|p2a: Rillaboom|Grass
|move|p2a: Rillaboom|Grassy Glide|p1a: Dragonite
|-resisted|p1a: Dragonite
|-damage|p1a: Dragonite|0 fnt
|faint|p1a: Dragonite
|-damage|p2a: Rillaboom|87/100|[from] item: Life Orb
|
|win|adv 1v1
|raw|vghhjg's rating: 1526 &rarr; <strong>1512</strong><br />(-14 for losing)
|raw|adv 1v1's rating: 1632 &rarr; <strong>1646</strong><br />(+14 for winning)
|l|☆adv 1v1
|player|p2|
|l|☆vghhjg
|player|p1|
