|j|☆Aimen92
|j|☆venjazanzhes123
|t:|1760393321
|gametype|singles
|player|p1|Aimen92|1|1527
|player|p2|venjazanzhes123|clair|1506
|gen|9
|tier|[Gen 9] OU
|rated|
|rule|HP Percentage Mod: HP is shown in percentages
|rule|Endless Battle Clause: Forcing endless battles is banned
|rule|Species Clause: Limit one of each Pokémon
|rule|OHKO Clause: OHKO moves are banned
|rule|Evasion Items Clause: Evasion items are banned
|rule|Evasion Moves Clause: Evasion moves are banned
|rule|Evasion Abilities Clause: Evasion abilities are banned
|rule|Sleep Moves Clause: Sleep-inducing moves are banned
|clearpoke
|poke|p1|Araquanid, M|
|poke|p1|Ceruledge, M|
|poke|p1|Dragonite, M|
|poke|p1|Great Tusk|
|poke|p1|Kingambit, M|
|poke|p1|Zamazenta-*|
|poke|p2|Gyarados, M|
|poke|p2|Arcanine, M|
|poke|p2|Scizor, M|
|poke|p2|Tyranitar, M|
|poke|p2|Venusaur, M|
|poke|p2|Vaporeon, M|
|teampreview
|inactive|Battle timer is ON: inactive players will automatically lose when time's up. (requested by Aimen92)
|
|t:|1760393327
|teamsize|p1|6
|teamsize|p2|6
|start
|switch|p1a: Araquanid|Araquanid, M, shiny|100/100
|switch|p2a: Arcanine|Arcanine, M|100/100
|-ability|p2a: Arcanine|Intimidate|boost
|-unboost|p1a: Araquanid|atk|1
|turn|1
|
|t:|1760393332
|move|p2a: Arcanine|Wild Charge|p1a: Araquanid
|-supereffective|p1a: Araquanid
|-damage|p1a: Araquanid|38/100
|-damage|p2a: Arcanine|84/100|[from] Recoil
|move|p1a: Araquanid|Surf|p2a: Arcanine
|-supereffective|p2a: Arcanine
|-damage|p2a: Arcanine|0 fnt
|faint|p2a: Arcanine
|
|upkeep
|
|t:|1760393342
|switch|p2a: Vaporeon|Vaporeon, M|100/100
|turn|2
|
|t:|1760393344
|move|p2a: Vaporeon|Substitute|p2a: Vaporeon
|-start|p2a: Vaporeon|Substitute
|-damage|p2a: Vaporeon|76/100
|move|p1a: Araquanid|Endeavor|p2a: Vaporeon
|-end|p2a: Vaporeon|Substitute
|
|-heal|p2a: Vaporeon|82/100|[from] item: Leftovers
|upkeep
|turn|3
|
|t:|1760393352
|move|p2a: Vaporeon|Substitute|p2a: Vaporeon
|-start|p2a: Vaporeon|Substitute
|-damage|p2a: Vaporeon|57/100
|move|p1a: Araquanid|Endeavor|p2a: Vaporeon
|-end|p2a: Vaporeon|Substitute
|
|-heal|p2a: Vaporeon|63/100|[from] item: Leftovers
|upkeep
|turn|4
|
|t:|1760393358
|move|p2a: Vaporeon|Calm Mind|p2a: Vaporeon
|-boost|p2a: Vaporeon|spa|1
|-boost|p2a: Vaporeon|spd|1
|move|p1a: Araquanid|Endeavor|p2a: Vaporeon
|-damage|p2a: Vaporeon|28/100
|
|-heal|p2a: Vaporeon|34/100|[from] item: Leftovers
|upkeep
|turn|5
|
|t:|1760393362
|move|p2a: Vaporeon|Ice Beam|p1a: Araquanid
|-resisted|p1a: Araquanid
|-damage|p1a: Araquanid|24/100
|move|p1a: Araquanid|Sticky Web|p2a: Vaporeon
|-sidestart|p2: venjazanzhes123|move: Sticky Web
|
|-heal|p2a: Vaporeon|40/100|[from] item: Leftovers
|upkeep
|turn|6
|
|t:|1760393370
|move|p2a: Vaporeon|Substitute|p2a: Vaporeon
|-start|p2a: Vaporeon|Substitute
|-damage|p2a: Vaporeon|15/100
|move|p1a: Araquanid|Endeavor|p2a: Vaporeon
|-immune|p2a: Vaporeon
|
|-heal|p2a: Vaporeon|21/100|[from] item: Leftovers
|upkeep
|turn|7
|
|t:|1760393380
|move|p2a: Vaporeon|Scald|p1a: Araquanid
|-resisted|p1a: Araquanid
|-damage|p1a: Araquanid|7/100
|move|p1a: Araquanid|Mirror Coat|p2a: Vaporeon
|-activate|p2a: Vaporeon|move: Substitute|[damage]
|
|-heal|p2a: Vaporeon|27/100|[from] item: Leftovers
|upkeep
|turn|8
|
|t:|1760393394
|move|p2a: Vaporeon|Scald|p1a: Araquanid
|-resisted|p1a: Araquanid
|-damage|p1a: Araquanid|0 fnt
|faint|p1a: Araquanid
|
|-heal|p2a: Vaporeon|34/100|[from] item: Leftovers
|upkeep
|
|t:|1760393403
|switch|p1a: Dragonite|Dragonite, M|100/100
|turn|9
|
|t:|1760393405
|move|p1a: Dragonite|Extreme Speed|p2a: Vaporeon
|-end|p2a: Vaporeon|Substitute
|move|p2a: Vaporeon|Scald|p1a: Dragonite
|-resisted|p1a: Dragonite
|-damage|p1a: Dragonite|89/100
|-status|p1a: Dragonite|brn
|
|-heal|p2a: Vaporeon|40/100|[from] item: Leftovers
|-damage|p1a: Dragonite|83/100 brn|[from] brn
|upkeep
|turn|10
|
|t:|1760393411
|move|p1a: Dragonite|Scale Shot|p2a: Vaporeon
|-damage|p2a: Vaporeon|34/100
|-damage|p2a: Vaporeon|28/100
|-damage|p2a: Vaporeon|23/100
|-damage|p2a: Vaporeon|17/100
|-damage|p2a: Vaporeon|12/100
|-hitcount|p2a: Vaporeon|5
|-unboost|p1a: Dragonite|def|1
|-boost|p1a: Dragonite|spe|1
|move|p2a: Vaporeon|Ice Beam|p1a: Dragonite
|-supereffective|p1a: Dragonite
|-damage|p1a: Dragonite|0 fnt
|faint|p1a: Dragonite
|
|-heal|p2a: Vaporeon|18/100|[from] item: Leftovers
|upkeep
|
|t:|1760393424
|switch|p1a: Ceruledge|Ceruledge, M|100/100
|turn|11
|
|t:|1760393426
|move|p1a: Ceruledge|Shadow Sneak|p2a: Vaporeon
|-damage|p2a: Vaporeon|3/100
|move|p2a: Vaporeon|Scald|p1a: Ceruledge
|-supereffective|p1a: Ceruledge
|-damage|p1a: Ceruledge|3/100
|
|-heal|p2a: Vaporeon|9/100|[from] item: Leftovers
|upkeep
|turn|12
|
|t:|1760393430
|move|p1a: Ceruledge|Shadow Sneak|p2a: Vaporeon
|-damage|p2a: Vaporeon|0 fnt
|faint|p2a: Vaporeon
|
|upkeep
|
|t:|1760393434
|switch|p2a: Scizor|Scizor, M|100/100
|-activate|p2a: Scizor|move: Sticky Web
|-unboost|p2a: Scizor|spe|1
|turn|13
|
|t:|1760393439
|move|p1a: Ceruledge|Shadow Sneak|p2a: Scizor
|-damage|p2a: Scizor|79/100
|move|p2a: Scizor|Bullet Punch|p1a: Ceruledge
|-resisted|p1a: Ceruledge
|-damage|p1a: Ceruledge|0 fnt
|faint|p1a: Ceruledge
|
|-heal|p2a: Scizor|85/100|[from] item: Leftovers
|upkeep
|
|t:|1760393448
|switch|p1a: Great Tusk|Great Tusk|100/100
|-enditem|p1a: Great Tusk|Booster Energy
|-activate|p1a: Great Tusk|ability: Protosynthesis|[fromitem]
|-start|p1a: Great Tusk|protosynthesisatk
|turn|14
|
|t:|1760393458
|move|p1a: Great Tusk|Rapid Spin|p2a: Scizor
|-resisted|p2a: Scizor
|-damage|p2a: Scizor|74/100
|-boost|p1a: Great Tusk|spe|1
|move|p2a: Scizor|Swords Dance|p2a: Scizor
|-boost|p2a: Scizor|atk|2
|
|-heal|p2a: Scizor|80/100|[from] item: Leftovers
|upkeep
|turn|15
|
|t:|1760393465
|move|p2a: Scizor|Bullet Punch|p1a: Great Tusk
|-damage|p1a: Great Tusk|52/100
|move|p1a: Great Tusk|Close Combat|p2a: Scizor
|-crit|p2a: Scizor
|-damage|p2a: Scizor|0 fnt
|-unboost|p1a: Great Tusk|def|1
|-unboost|p1a: Great Tusk|spd|1
|faint|p2a: Scizor
|
|upkeep
|
|t:|1760393475
|switch|p2a: Gyarados|Gyarados, M|100/100
|turn|16
|
|t:|1760393484
|move|p1a: Great Tusk|Ice Spinner|p2a: Gyarados
|-damage|p2a: Gyarados|56/100
|move|p2a: Gyarados|Dragon Dance|p2a: Gyarados
|-boost|p2a: Gyarados|atk|1
|-boost|p2a: Gyarados|spe|1
|
|upkeep
|turn|17
|
|t:|1760393492
|-terastallize|p1a: Great Tusk|Ice
|move|p1a: Great Tusk|Ice Spinner|p2a: Gyarados
|-damage|p2a: Gyarados|0 fnt
|faint|p2a: Gyarados
|
|upkeep
|
|t:|1760393497
|switch|p2a: Tyranitar|Tyranitar, M|100/100
|-weather|Sandstorm|[from] ability: Sand Stream|[of] p2a: Tyranitar
|-item|p2a: Tyranitar|Air Balloon
|turn|18
|
|t:|1760393501
|-terastallize|p2a: Tyranitar|Ground
|move|p1a: Great Tusk|Close Combat|p2a: Tyranitar
|-damage|p2a: Tyranitar|22/100
|-unboost|p1a: Great Tusk|def|1
|-unboost|p1a: Great Tusk|spd|1
|-enditem|p2a: Tyranitar|Air Balloon
|move|p2a: Tyranitar|Low Kick|p1a: Great Tusk
|-supereffective|p1a: Great Tusk
|-damage|p1a: Great Tusk|0 fnt
|faint|p1a: Great Tusk
|-end|p1a: Great Tusk|Protosynthesis|[silent]
|
|-weather|Sandstorm|[upkeep]
|upkeep
|
|t:|1760393512
|switch|p1a: Zamazenta|Zamazenta|100/100
|-ability|p1a: Zamazenta|Dauntless Shield|boost
|-boost|p1a: Zamazenta|def|1
|turn|19
|
|t:|1760393517
|move|p1a: Zamazenta|Iron Defense|p1a: Zamazenta
|-boost|p1a: Zamazenta|def|2
|move|p2a: Tyranitar|Low Kick|p1a: Zamazenta
|-damage|p1a: Zamazenta|88/100
|
|-weather|Sandstorm|[upkeep]
|-damage|p1a: Zamazenta|81/100|[from] Sandstorm
|upkeep
|turn|20
|
|t:|1760393522
|move|p1a: Zamazenta|Iron Defense|p1a: Zamazenta
|-boost|p1a: Zamazenta|def|2
|move|p2a: Tyranitar|Low Kick|p1a: Zamazenta
|-damage|p1a: Zamazenta|72/100
|
|-weather|Sandstorm|[upkeep]
|-damage|p1a: Zamazenta|66/100|[from] Sandstorm
|upkeep
|turn|21
|-message|venjazanzhes123 forfeited.
|
|win|Aimen92
|raw|Aimen92's rating: 1527 &rarr; <strong>1546</strong><br />(+19 for winning)
|raw|venjazanzhes123's rating: 1506 &rarr; <strong>1487</strong><br />(-19 for losing)
|l|☆venjazanzhes123
|player|p2|
|l|☆Aimen92
|player|p1|
