|j|☆banjin
|j|☆aquagoboom
|t:|1760411186
|gametype|singles
|player|p1|banjin|beauty-gen6xy|1424
|player|p2|aquagoboom|170|1522
|gen|9
|tier|[Gen 9] OU
|rated|
|rule|HP Percentage Mod: HP is shown in percentages
|rule|Endless Battle Clause: Forcing endless battles is banned
|rule|Species Clause: Limit one of each Pokémon
|rule|OHKO Clause: OHKO moves are banned
|rule|Evasion Items Clause: Evasion items are banned
|rule|Evasion Moves Clause: Evasion moves are banned
|rule|Evasion Abilities Clause: Evasion abilities are banned
|rule|Sleep Moves Clause: Sleep-inducing moves are banned
|clearpoke
|poke|p1|Minior-Blue|
|poke|p1|Lokix, F|
|poke|p1|Thundurus-Therian, M|
|poke|p1|Muk-Alola, M|
|poke|p1|Emboar, M|
|poke|p1|Ditto|
|poke|p2|Great Tusk|
|poke|p2|Primarina, M|
|poke|p2|Ogerpon, F|
|poke|p2|Pecharunt|
|poke|p2|Iron Hands|
|poke|p2|Glimmora, M|
|teampreview
|inactive|Battle timer is ON: inactive players will automatically lose when time's up. (requested by banjin)
|
|t:|1760411200
|teamsize|p1|6
|teamsize|p2|6
|start
|switch|p1a: Paws|Thundurus-Therian, M|100/100
|switch|p2a: Anonymous|Ogerpon, F|100/100
|turn|1
|
|t:|1760411218
|move|p2a: Anonymous|U-turn|p1a: Paws
|-resisted|p1a: Paws
|-damage|p1a: Paws|72/100
|
|t:|1760411222
|switch|p2a: Behemoth|Great Tusk, shiny|100/100|[from] U-turn
|move|p1a: Paws|Thunderbolt|p2a: Behemoth
|-immune|p2a: Behemoth
|
|upkeep
|turn|2
|
|t:|1760411235
|-end|p2a: Behemoth|Protosynthesis|[silent]
|switch|p2a: Iron Hands|Iron Hands|100/100
|move|p1a: Paws|Grass Knot|p2a: Iron Hands
|-damage|p2a: Iron Hands|66/100
|
|upkeep
|turn|3
|
|t:|1760411243
|switch|p1a: Dragmire|Emboar, M, shiny|100/100
|move|p2a: Iron Hands|Ice Punch|p1a: Dragmire
|-resisted|p1a: Dragmire
|-damage|p1a: Dragmire|81/100
|
|upkeep
|turn|4
|
|t:|1760411249
|move|p1a: Dragmire|Earthquake|p2a: Iron Hands
|-supereffective|p2a: Iron Hands
|-damage|p2a: Iron Hands|24/100
|move|p2a: Iron Hands|Volt Switch|p1a: Dragmire
|-damage|p1a: Dragmire|63/100
|
|t:|1760411264
|-end|p2a: Iron Hands|Quark Drive|[silent]
|switch|p2a: Celestine|Primarina, M, shiny|100/100|[from] Volt Switch
|
|upkeep
|turn|5
|
|t:|1760411267
|move|p1a: Dragmire|Wild Charge|p2a: Celestine
|-supereffective|p2a: Celestine
|-damage|p2a: Celestine|7/100
|-damage|p1a: Dragmire|39/100|[from] Recoil
|move|p2a: Celestine|Flip Turn|p1a: Dragmire
|-supereffective|p1a: Dragmire
|-damage|p1a: Dragmire|0 fnt
|faint|p1a: Dragmire
|
|t:|1760411288
|switch|p2a: Anonymous|Ogerpon, F|100/100|[from] Flip Turn
|
|upkeep
|
|t:|1760411309
|switch|p1a: Beppo|Muk-Alola, M|100/100
|turn|6
|l|☆aquagoboom
|inactive|aquagoboom disconnected and has a minute to reconnect!
|player|p2|
|inactive|aquagoboom has 30 seconds to reconnect!
|j|☆aquagoboom
|inactive|aquagoboom reconnected and has 110 seconds left.
|player|p2|aquagoboom|170|
|-activate|p1a: Beppo|item: Quick Claw
|
|t:|1760411352
|move|p1a: Beppo|Poison Jab|p2a: Anonymous
|-supereffective|p2a: Anonymous
|-damage|p2a: Anonymous|0 fnt
|faint|p2a: Anonymous
|
|upkeep
|
|t:|1760411358
|switch|p2a: Glimmora|Glimmora, M|100/100
|turn|7
|
|t:|1760411364
|switch|p1a: Paws|Thundurus-Therian, M|72/100
|move|p2a: Glimmora|Rock Polish|p2a: Glimmora
|-boost|p2a: Glimmora|spe|2
|
|upkeep
|turn|8
|
|t:|1760411368
|move|p2a: Glimmora|Meteor Beam||[still]
|-prepare|p2a: Glimmora|Meteor Beam
|-boost|p2a: Glimmora|spa|1
|-enditem|p2a: Glimmora|Power Herb
|-anim|p2a: Glimmora|Meteor Beam|p1a: Paws
|-supereffective|p1a: Paws
|-damage|p1a: Paws|0 fnt
|faint|p1a: Paws
|
|upkeep
|
|t:|1760411371
|switch|p1a: 𒉎|Ditto|100/100
|-transform|p1a: 𒉎|p2a: Glimmora|[from] ability: Imposter
|turn|9
|
|t:|1760411379
|-terastallize|p2a: Glimmora|Grass
|move|p1a: 𒉎|Earth Power|p2a: Glimmora
|-resisted|p2a: Glimmora
|-damage|p2a: Glimmora|67/100
|move|p2a: Glimmora|Earth Power|p1a: 𒉎
|-supereffective|p1a: 𒉎
|-damage|p1a: 𒉎|0 fnt
|faint|p1a: 𒉎
|
|upkeep
|
|t:|1760411383
|switch|p1a: Katy|Lokix, F|100/100
|turn|10
|
|t:|1760411389
|switch|p2a: Overseer|Pecharunt|100/100
|move|p1a: Katy|First Impression|p2a: Overseer
|-resisted|p2a: Overseer
|-damage|p2a: Overseer|91/100
|-damage|p1a: Katy|84/100|[from] item: Rocky Helmet|[of] p2a: Overseer
|
|upkeep
|turn|11
|
|t:|1760411394
|switch|p1a: Mr. Brightside|Minior-Blue|100/100
|-formechange|p1a: Mr. Brightside|Minior-Meteor||[from] ability: Shields Down
|move|p2a: Overseer|Parting Shot|p1a: Mr. Brightside
|-unboost|p1a: Mr. Brightside|atk|1
|-unboost|p1a: Mr. Brightside|spa|1
|-enditem|p1a: Mr. Brightside|White Herb
|-clearnegativeboost|p1a: Mr. Brightside|[silent]
|
|t:|1760411406
|switch|p2a: Celestine|Primarina, M, shiny|7/100|[from] Parting Shot
|
|upkeep
|turn|12
|
|t:|1760411412
|switch|p1a: Beppo|Muk-Alola, M|100/100
|move|p2a: Celestine|Surf|p1a: Beppo
|-damage|p1a: Beppo|37/100
|
|upkeep
|turn|13
|
|t:|1760411419
|switch|p2a: Overseer|Pecharunt|91/100
|move|p1a: Beppo|Shadow Sneak|p2a: Overseer
|-supereffective|p2a: Overseer
|-damage|p2a: Overseer|79/100
|-damage|p1a: Beppo|21/100|[from] item: Rocky Helmet|[of] p2a: Overseer
|
|upkeep
|turn|14
|
|t:|1760411425
|move|p2a: Overseer|Parting Shot|p1a: Beppo
|-unboost|p1a: Beppo|atk|1
|-unboost|p1a: Beppo|spa|1
|
|t:|1760411433
|switch|p2a: Iron Hands|Iron Hands|24/100|[from] Parting Shot
|move|p1a: Beppo|Knock Off|p2a: Iron Hands
|-resisted|p2a: Iron Hands
|-damage|p2a: Iron Hands|14/100
|-enditem|p2a: Iron Hands|Assault Vest|[from] move: Knock Off|[of] p1a: Beppo
|
|upkeep
|turn|15
|
|t:|1760411440
|move|p1a: Beppo|Shadow Sneak|p2a: Iron Hands
|-damage|p2a: Iron Hands|8/100
|move|p2a: Iron Hands|Wild Charge|p1a: Beppo
|-crit|p1a: Beppo
|-damage|p1a: Beppo|0 fnt
|faint|p1a: Beppo
|-damage|p2a: Iron Hands|4/100|[from] Recoil
|
|upkeep
|
|t:|1760411448
|switch|p1a: Katy|Lokix, F|84/100
|turn|16
|
|t:|1760411457
|switch|p1a: Mr. Brightside|Minior-Blue|100/100
|-formechange|p1a: Mr. Brightside|Minior-Meteor||[from] ability: Shields Down
|-end|p2a: Iron Hands|Quark Drive|[silent]
|switch|p2a: Overseer|Pecharunt|79/100
|
|upkeep
|turn|17
|
|t:|1760411467
|move|p1a: Mr. Brightside|Shell Smash|p1a: Mr. Brightside
|-unboost|p1a: Mr. Brightside|def|1
|-unboost|p1a: Mr. Brightside|spd|1
|-boost|p1a: Mr. Brightside|atk|2
|-boost|p1a: Mr. Brightside|spa|2
|-boost|p1a: Mr. Brightside|spe|2
|move|p2a: Overseer|Malignant Chain|p1a: Mr. Brightside
|-resisted|p1a: Mr. Brightside
|-damage|p1a: Mr. Brightside|71/100
|
|upkeep
|turn|18
|
|t:|1760411481
|move|p1a: Mr. Brightside|Shell Smash|p1a: Mr. Brightside
|-unboost|p1a: Mr. Brightside|def|1
|-unboost|p1a: Mr. Brightside|spd|1
|-boost|p1a: Mr. Brightside|atk|2
|-boost|p1a: Mr. Brightside|spa|2
|-boost|p1a: Mr. Brightside|spe|2
|move|p2a: Overseer|Malignant Chain|p1a: Mr. Brightside
|-resisted|p1a: Mr. Brightside
|-damage|p1a: Mr. Brightside|31/100
|
|-formechange|p1a: Mr. Brightside|Minior-Blue||[from] ability: Shields Down
|upkeep
|turn|19
|
|t:|1760411495
|move|p1a: Mr. Brightside|Earthquake|p2a: Overseer
|-supereffective|p2a: Overseer
|-damage|p2a: Overseer|0 fnt
|faint|p2a: Overseer
|
|upkeep
|l|☆aquagoboom
|inactive|aquagoboom disconnected and has a minute to reconnect!
|player|p2|
|c|☆banjin|gg
|inactive|aquagoboom has 30 seconds to reconnect!
|inactive|aquagoboom has 20 seconds to reconnect!
|inactive|aquagoboom has 15 seconds to reconnect!
|inactive|aquagoboom has 10 seconds to reconnect!
|inactive|aquagoboom has 5 seconds to reconnect!
|-message|aquagoboom lost due to inactivity.
|
|win|banjin
|raw|banjin's rating: 1424 &rarr; <strong>1449</strong><br />(+25 for winning)
|raw|aquagoboom's rating: 1522 &rarr; <strong>1497</strong><br />(-25 for losing)
|l|☆banjin
|player|p1|
