|j|☆Swayn
|j|☆Most haxed
|t:|1760429277
|gametype|singles
|player|p1|Swayn|kimonogirl|1137
|player|p2|Most haxed|102|1205
|gen|9
|tier|[Gen 9] OU
|rated|
|rule|HP Percentage Mod: HP is shown in percentages
|rule|Endless Battle Clause: Forcing endless battles is banned
|rule|Species Clause: Limit one of each Pokémon
|rule|OHKO Clause: OHKO moves are banned
|rule|Evasion Items Clause: Evasion items are banned
|rule|Evasion Moves Clause: Evasion moves are banned
|rule|Evasion Abilities Clause: Evasion abilities are banned
|rule|Sleep Moves Clause: Sleep-inducing moves are banned
|clearpoke
|poke|p1|Gardevoir, F|
|poke|p1|Milotic, F|
|poke|p1|Infernape, M|
|poke|p1|Garchomp, F|
|poke|p1|Gengar, M|
|poke|p1|Gliscor, M|
|poke|p2|Gardevoir, F|
|poke|p2|Goodra-Hisui, M|
|poke|p2|Cinderace, F|
|poke|p2|Rillaboom, F|
|poke|p2|Iron Hands|
|poke|p2|Ninetales-Alola, M|
|teampreview
|inactive|Battle timer is ON: inactive players will automatically lose when time's up. (requested by Most haxed)
|
|t:|1760429324
|teamsize|p1|6
|teamsize|p2|6
|start
|switch|p1a: Gardevoir|Gardevoir, F, shiny|100/100
|switch|p2a: Goodra|Goodra-Hisui, M|100/100
|turn|1
|
|t:|1760429337
|switch|p1a: Infernape|Infernape, M|100/100
|move|p2a: Goodra|Flash Cannon|p1a: Infernape
|-resisted|p1a: Infernape
|-damage|p1a: Infernape|52/100
|
|upkeep
|turn|2
|
|t:|1760429346
|switch|p2a: Ninetales|Ninetales-Alola, M|100/100
|-weather|Snowscape|[from] ability: Snow Warning|[of] p2a: Ninetales
|move|p1a: Infernape|Drain Punch|p2a: Ninetales
|-damage|p2a: Ninetales|71/100
|-heal|p1a: Infernape|67/100|[from] drain|[of] p2a: Ninetales
|
|-weather|Snowscape|[upkeep]
|upkeep
|turn|3
|
|t:|1760429366
|switch|p1a: Gardevoir|Gardevoir, F, shiny|100/100
|move|p2a: Ninetales|Encore||[still]
|-fail|p2a: Ninetales
|
|-weather|Snowscape|[upkeep]
|upkeep
|turn|4
|
|t:|1760429372
|move|p2a: Ninetales|Aurora Veil|p2a: Ninetales
|-sidestart|p2: Most haxed|move: Aurora Veil
|move|p1a: Gardevoir|Thunder Wave|p2a: Ninetales
|-status|p2a: Ninetales|par
|
|-weather|Snowscape|[upkeep]
|upkeep
|turn|5
|
|t:|1760429379
|move|p1a: Gardevoir|Psychic|p2a: Ninetales
|-damage|p2a: Ninetales|42/100 par
|cant|p2a: Ninetales|par
|
|-weather|Snowscape|[upkeep]
|upkeep
|turn|6
|
|t:|1760429385
|move|p1a: Gardevoir|Psychic|p2a: Ninetales
|-damage|p2a: Ninetales|12/100 par
|move|p2a: Ninetales|Pain Split|p1a: Gardevoir
|-sethp|p1a: Gardevoir|56/100|[from] move: Pain Split|[silent]
|-sethp|p2a: Ninetales|55/100 par|[from] move: Pain Split
|
|-weather|none
|upkeep
|turn|7
|
|t:|1760429391
|switch|p2a: Rillaboom|Rillaboom, F, shiny|100/100
|-fieldstart|move: Grassy Terrain|[from] ability: Grassy Surge|[of] p2a: Rillaboom
|move|p1a: Gardevoir|Psychic|p2a: Rillaboom
|-damage|p2a: Rillaboom|70/100
|
|-heal|p2a: Rillaboom|76/100|[from] Grassy Terrain
|-heal|p2a: Rillaboom|82/100|[from] item: Leftovers
|-heal|p1a: Gardevoir|63/100|[from] Grassy Terrain
|upkeep
|turn|8
|
|t:|1760429404
|switch|p1a: Infernape|Infernape, M|67/100
|move|p2a: Rillaboom|Substitute|p2a: Rillaboom
|-start|p2a: Rillaboom|Substitute
|-damage|p2a: Rillaboom|57/100
|
|-heal|p1a: Infernape|74/100|[from] Grassy Terrain
|-heal|p2a: Rillaboom|64/100|[from] Grassy Terrain
|-heal|p2a: Rillaboom|70/100|[from] item: Leftovers
|upkeep
|turn|9
|
|t:|1760429413
|move|p1a: Infernape|Drain Punch|p2a: Rillaboom
|-activate|p2a: Rillaboom|move: Substitute|[damage]
|-heal|p1a: Infernape|83/100|[from] drain|[of] p2a: Rillaboom
|move|p2a: Rillaboom|Leech Seed|p1a: Infernape
|-start|p1a: Infernape|move: Leech Seed
|
|-heal|p1a: Infernape|90/100|[from] Grassy Terrain
|-heal|p2a: Rillaboom|76/100|[from] Grassy Terrain
|-heal|p2a: Rillaboom|82/100|[from] item: Leftovers
|-damage|p1a: Infernape|77/100|[from] Leech Seed|[of] p2a: Rillaboom
|-heal|p2a: Rillaboom|91/100|[silent]
|upkeep
|turn|10
|
|t:|1760429423
|move|p1a: Infernape|Flare Blitz|p2a: Rillaboom
|-supereffective|p2a: Rillaboom
|-end|p2a: Rillaboom|Substitute
|-damage|p1a: Infernape|73/100|[from] Recoil|[of] p2a: Rillaboom
|move|p2a: Rillaboom|Substitute|p2a: Rillaboom
|-start|p2a: Rillaboom|Substitute
|-damage|p2a: Rillaboom|66/100
|
|-heal|p1a: Infernape|79/100|[from] Grassy Terrain
|-heal|p2a: Rillaboom|73/100|[from] Grassy Terrain
|-heal|p2a: Rillaboom|79/100|[from] item: Leftovers
|-damage|p1a: Infernape|67/100|[from] Leech Seed|[of] p2a: Rillaboom
|-heal|p2a: Rillaboom|88/100|[silent]
|upkeep
|turn|11
|
|t:|1760429436
|switch|p1a: Gardevoir|Gardevoir, F, shiny|63/100
|move|p2a: Rillaboom|Substitute|p2a: Rillaboom
|-fail|p2a: Rillaboom|move: Substitute
|
|-heal|p2a: Rillaboom|94/100|[from] Grassy Terrain
|-heal|p2a: Rillaboom|99/100|[from] item: Leftovers
|-heal|p1a: Gardevoir|69/100|[from] Grassy Terrain
|-sideend|p2: Most haxed|move: Aurora Veil
|-fieldend|move: Grassy Terrain
|upkeep
|turn|12
|
|t:|1760429445
|move|p2a: Rillaboom|Leech Seed|p1a: Gardevoir
|-start|p1a: Gardevoir|move: Leech Seed
|move|p1a: Gardevoir|Thunder Wave|p2a: Rillaboom|[miss]
|-miss|p1a: Gardevoir|p2a: Rillaboom
|
|-heal|p2a: Rillaboom|100/100|[from] item: Leftovers
|-damage|p1a: Gardevoir|56/100|[from] Leech Seed|[of] p2a: Rillaboom
|upkeep
|turn|13
|
|t:|1760429453
|move|p2a: Rillaboom|Grassy Glide|p1a: Gardevoir
|-damage|p1a: Gardevoir|18/100
|move|p1a: Gardevoir|Thunder Wave||[still]
|-fail|p1a: Gardevoir
|
|-damage|p1a: Gardevoir|5/100|[from] Leech Seed|[of] p2a: Rillaboom
|upkeep
|turn|14
|
|t:|1760429461
|move|p2a: Rillaboom|Grassy Glide|p1a: Gardevoir
|-damage|p1a: Gardevoir|0 fnt
|faint|p1a: Gardevoir
|
|upkeep
|
|t:|1760429470
|switch|p1a: Gengar|Gengar, M|100/100
|turn|15
|
|t:|1760429473
|move|p1a: Gengar|Shadow Ball|p2a: Rillaboom
|-end|p2a: Rillaboom|Substitute
|-damage|p1a: Gengar|91/100|[from] item: Life Orb
|move|p2a: Rillaboom|Leech Seed|p1a: Gengar
|-start|p1a: Gengar|move: Leech Seed
|
|-damage|p1a: Gengar|78/100|[from] Leech Seed|[of] p2a: Rillaboom
|upkeep
|turn|16
|
|t:|1760429494
|switch|p2a: Goodra|Goodra-Hisui, M|100/100
|move|p1a: Gengar|Shadow Ball|p2a: Goodra
|-damage|p2a: Goodra|57/100
|-damage|p1a: Gengar|68/100|[from] item: Life Orb
|
|-damage|p1a: Gengar|56/100|[from] Leech Seed|[of] p2a: Goodra
|-heal|p2a: Goodra|67/100|[silent]
|upkeep
|turn|17
|
|t:|1760429503
|switch|p1a: Gliscor|Gliscor, M|100/100
|move|p2a: Goodra|Draco Meteor|p1a: Gliscor
|-damage|p1a: Gliscor|11/100
|-unboost|p2a: Goodra|spa|2
|
|-status|p1a: Gliscor|tox|[from] item: Toxic Orb
|upkeep
|turn|18
|
|t:|1760429516
|switch|p2a: Ninetales|Ninetales-Alola, M|55/100 par
|-weather|Snowscape|[from] ability: Snow Warning|[of] p2a: Ninetales
|move|p1a: Gliscor|Earthquake|p2a: Ninetales
|-damage|p2a: Ninetales|29/100 par
|
|-weather|Snowscape|[upkeep]
|-heal|p1a: Gliscor|23/100 tox|[from] ability: Poison Heal
|upkeep
|turn|19
|
|t:|1760429532
|switch|p1a: Gengar|Gengar, M|56/100
|cant|p2a: Ninetales|par
|
|-weather|Snowscape|[upkeep]
|upkeep
|turn|20
|
|t:|1760429540
|move|p1a: Gengar|Shadow Ball|p2a: Ninetales
|-damage|p2a: Ninetales|0 fnt
|faint|p2a: Ninetales
|-damage|p1a: Gengar|46/100|[from] item: Life Orb
|
|-weather|Snowscape|[upkeep]
|upkeep
|
|t:|1760429543
|switch|p2a: Cinderace|Cinderace, F|100/100
|turn|21
|inactive|Swayn has 120 seconds left.
|
|t:|1760429588
|switch|p1a: Milotic|Milotic, F|100/100
|move|p2a: Cinderace|Pyro Ball|p1a: Milotic|[miss]
|-miss|p2a: Cinderace|p1a: Milotic
|
|-weather|Snowscape|[upkeep]
|upkeep
|turn|22
|
|t:|1760429596
|switch|p2a: Rillaboom|Rillaboom, F, shiny|100/100
|-fieldstart|move: Grassy Terrain|[from] ability: Grassy Surge|[of] p2a: Rillaboom
|move|p1a: Milotic|Hydro Pump|p2a: Rillaboom|[miss]
|-miss|p1a: Milotic|p2a: Rillaboom
|
|-weather|none
|upkeep
|turn|23
|inactive|Swayn has 120 seconds left.
|
|t:|1760429621
|switch|p1a: Gengar|Gengar, M|46/100
|move|p2a: Rillaboom|Substitute|p2a: Rillaboom
|-start|p2a: Rillaboom|Substitute
|-damage|p2a: Rillaboom|76/100
|
|-heal|p1a: Gengar|52/100|[from] Grassy Terrain
|-heal|p2a: Rillaboom|82/100|[from] Grassy Terrain
|-heal|p2a: Rillaboom|88/100|[from] item: Leftovers
|upkeep
|turn|24
|
|t:|1760429629
|move|p1a: Gengar|Destiny Bond|p1a: Gengar
|-singlemove|p1a: Gengar|Destiny Bond
|move|p2a: Rillaboom|Leech Seed|p1a: Gengar
|-start|p1a: Gengar|move: Leech Seed
|
|-heal|p1a: Gengar|58/100|[from] Grassy Terrain
|-heal|p2a: Rillaboom|94/100|[from] Grassy Terrain
|-heal|p2a: Rillaboom|99/100|[from] item: Leftovers
|-damage|p1a: Gengar|46/100|[from] Leech Seed|[of] p2a: Rillaboom
|-heal|p2a: Rillaboom|100/100|[silent]
|upkeep
|turn|25
|
|t:|1760429640
|switch|p1a: Infernape|Infernape, M|67/100
|move|p2a: Rillaboom|Grassy Glide|p1a: Infernape
|-resisted|p1a: Infernape
|-damage|p1a: Infernape|45/100
|
|-heal|p1a: Infernape|51/100|[from] Grassy Terrain
|upkeep
|turn|26
|
|t:|1760429660
|move|p1a: Infernape|Flare Blitz|p2a: Rillaboom
|-supereffective|p2a: Rillaboom
|-crit|p2a: Rillaboom
|-end|p2a: Rillaboom|Substitute
|-damage|p1a: Infernape|40/100|[from] Recoil|[of] p2a: Rillaboom
|move|p2a: Rillaboom|Leech Seed|p1a: Infernape|[miss]
|-miss|p2a: Rillaboom|p1a: Infernape
|
|-heal|p1a: Infernape|47/100|[from] Grassy Terrain
|-fieldend|move: Grassy Terrain
|upkeep
|turn|27
|
|t:|1760429671
|switch|p2a: Cinderace|Cinderace, F|100/100
|move|p1a: Infernape|Flare Blitz|p2a: Cinderace
|-resisted|p2a: Cinderace
|-damage|p2a: Cinderace|51/100
|-damage|p1a: Infernape|30/100|[from] Recoil
|
|upkeep
|turn|28
|
|t:|1760429679
|switch|p1a: Garchomp|Garchomp, F|100/100
|move|p2a: Cinderace|Pyro Ball|p1a: Garchomp
|-resisted|p1a: Garchomp
|-damage|p1a: Garchomp|73/100
|
|upkeep
|turn|29
|inactive|Swayn has 120 seconds left.
|
|t:|1760429690
|switch|p2a: Rillaboom|Rillaboom, F, shiny|100/100
|-fieldstart|move: Grassy Terrain|[from] ability: Grassy Surge|[of] p2a: Rillaboom
|move|p1a: Garchomp|Earthquake|p2a: Rillaboom
|-resisted|p2a: Rillaboom
|-damage|p2a: Rillaboom|90/100
|
|-heal|p1a: Garchomp|80/100|[from] Grassy Terrain
|-heal|p2a: Rillaboom|96/100|[from] Grassy Terrain
|-heal|p2a: Rillaboom|100/100|[from] item: Leftovers
|upkeep
|turn|30
|inactive|Swayn has 120 seconds left.
|
|t:|1760429701
|move|p1a: Garchomp|Poison Jab|p2a: Rillaboom
|-supereffective|p2a: Rillaboom
|-damage|p2a: Rillaboom|59/100
|move|p2a: Rillaboom|Substitute|p2a: Rillaboom
|-start|p2a: Rillaboom|Substitute
|-damage|p2a: Rillaboom|35/100
|
|-heal|p1a: Garchomp|86/100|[from] Grassy Terrain
|-heal|p2a: Rillaboom|41/100|[from] Grassy Terrain
|-heal|p2a: Rillaboom|47/100|[from] item: Leftovers
|upkeep
|turn|31
|inactive|Swayn has 120 seconds left.
|
|t:|1760429710
|move|p1a: Garchomp|Poison Jab|p2a: Rillaboom
|-supereffective|p2a: Rillaboom
|-end|p2a: Rillaboom|Substitute
|move|p2a: Rillaboom|Substitute|p2a: Rillaboom
|-start|p2a: Rillaboom|Substitute
|-damage|p2a: Rillaboom|22/100
|
|-heal|p1a: Garchomp|92/100|[from] Grassy Terrain
|-heal|p2a: Rillaboom|28/100|[from] Grassy Terrain
|-heal|p2a: Rillaboom|34/100|[from] item: Leftovers
|upkeep
|turn|32
|inactive|Most haxed has 120 seconds left.
|
|t:|1760429741
|move|p1a: Garchomp|Poison Jab|p2a: Rillaboom
|-supereffective|p2a: Rillaboom
|-end|p2a: Rillaboom|Substitute
|move|p2a: Rillaboom|Substitute|p2a: Rillaboom
|-start|p2a: Rillaboom|Substitute
|-damage|p2a: Rillaboom|9/100
|
|-heal|p1a: Garchomp|98/100|[from] Grassy Terrain
|-heal|p2a: Rillaboom|15/100|[from] Grassy Terrain
|-heal|p2a: Rillaboom|21/100|[from] item: Leftovers
|upkeep
|turn|33
|
|t:|1760429749
|move|p1a: Garchomp|Poison Jab|p2a: Rillaboom
|-supereffective|p2a: Rillaboom
|-crit|p2a: Rillaboom
|-end|p2a: Rillaboom|Substitute
|move|p2a: Rillaboom|Substitute|p2a: Rillaboom
|-fail|p2a: Rillaboom|move: Substitute|[weak]
|
|-heal|p1a: Garchomp|100/100|[from] Grassy Terrain
|-heal|p2a: Rillaboom|27/100|[from] Grassy Terrain
|-heal|p2a: Rillaboom|33/100|[from] item: Leftovers
|-fieldend|move: Grassy Terrain
|upkeep
|turn|34
|
|t:|1760429758
|switch|p2a: Goodra|Goodra-Hisui, M|67/100
|move|p1a: Garchomp|Poison Jab|p2a: Goodra
|-immune|p2a: Goodra
|
|upkeep
|turn|35
|
|t:|1760429766
|switch|p2a: Rillaboom|Rillaboom, F, shiny|33/100
|-fieldstart|move: Grassy Terrain|[from] ability: Grassy Surge|[of] p2a: Rillaboom
|-terastallize|p1a: Garchomp|Ground
|move|p1a: Garchomp|Earthquake|p2a: Rillaboom
|-resisted|p2a: Rillaboom
|-damage|p2a: Rillaboom|17/100
|
|-heal|p2a: Rillaboom|23/100|[from] Grassy Terrain
|-heal|p2a: Rillaboom|30/100|[from] item: Leftovers
|upkeep
|turn|36
|
|t:|1760429778
|switch|p2a: Goodra|Goodra-Hisui, M|67/100
|move|p1a: Garchomp|Poison Jab|p2a: Goodra
|-immune|p2a: Goodra
|
|-heal|p2a: Goodra|73/100|[from] Grassy Terrain
|upkeep
|turn|37
|
|t:|1760429786
|-terastallize|p2a: Goodra|Flying
|move|p1a: Garchomp|Earthquake|p2a: Goodra
|-immune|p2a: Goodra
|move|p2a: Goodra|Ice Beam|p1a: Garchomp
|-supereffective|p1a: Garchomp
|-damage|p1a: Garchomp|3/100
|
|-heal|p1a: Garchomp|9/100|[from] Grassy Terrain
|upkeep
|turn|38
|
|t:|1760429794
|move|p1a: Garchomp|Outrage|p2a: Goodra
|-damage|p2a: Goodra|14/100
|move|p2a: Goodra|Ice Beam|p1a: Garchomp
|-supereffective|p1a: Garchomp
|-damage|p1a: Garchomp|0 fnt
|faint|p1a: Garchomp
|
|upkeep
|
|t:|1760429813
|switch|p1a: Gengar|Gengar, M|46/100
|turn|39
|
|t:|1760429817
|move|p1a: Gengar|Shadow Ball|p2a: Goodra
|-damage|p2a: Goodra|0 fnt
|faint|p2a: Goodra
|-damage|p1a: Gengar|36/100|[from] item: Life Orb
|
|-heal|p1a: Gengar|42/100|[from] Grassy Terrain
|-fieldend|move: Grassy Terrain
|upkeep
|
|t:|1760429822
|switch|p2a: Cinderace|Cinderace, F|51/100
|turn|40
|
|t:|1760429834
|switch|p1a: Milotic|Milotic, F|100/100
|move|p2a: Cinderace|Pyro Ball|p1a: Milotic
|-resisted|p1a: Milotic
|-damage|p1a: Milotic|66/100
|
|-heal|p1a: Milotic|72/100|[from] item: Leftovers
|upkeep
|turn|41
|
|t:|1760429843
|switch|p2a: Rillaboom|Rillaboom, F, shiny|30/100
|-fieldstart|move: Grassy Terrain|[from] ability: Grassy Surge|[of] p2a: Rillaboom
|move|p1a: Milotic|Hydro Pump|p2a: Rillaboom
|-resisted|p2a: Rillaboom
|-damage|p2a: Rillaboom|5/100
|
|-heal|p2a: Rillaboom|11/100|[from] Grassy Terrain
|-heal|p2a: Rillaboom|17/100|[from] item: Leftovers
|-heal|p1a: Milotic|79/100|[from] Grassy Terrain
|-heal|p1a: Milotic|85/100|[from] item: Leftovers
|upkeep
|turn|42
|
|t:|1760429857
|move|p2a: Rillaboom|Grassy Glide|p1a: Milotic
|-supereffective|p1a: Milotic
|-damage|p1a: Milotic|20/100
|move|p1a: Milotic|Ice Beam|p2a: Rillaboom
|-supereffective|p2a: Rillaboom
|-damage|p2a: Rillaboom|0 fnt
|faint|p2a: Rillaboom
|
|-heal|p1a: Milotic|26/100|[from] Grassy Terrain
|-heal|p1a: Milotic|32/100|[from] item: Leftovers
|upkeep
|
|t:|1760429862
|switch|p2a: Cinderace|Cinderace, F|51/100
|turn|43
|
|t:|1760429871
|move|p2a: Cinderace|Pyro Ball|p1a: Milotic
|-resisted|p1a: Milotic
|-damage|p1a: Milotic|0 fnt
|faint|p1a: Milotic
|
|-heal|p2a: Cinderace|57/100|[from] Grassy Terrain
|upkeep
|
|t:|1760429877
|switch|p1a: Gliscor|Gliscor, M|23/100 tox
|turn|44
|
|t:|1760429885
|move|p2a: Cinderace|Swords Dance|p2a: Cinderace
|-boost|p2a: Cinderace|atk|2
|move|p1a: Gliscor|Earthquake|p2a: Cinderace
|-supereffective|p2a: Cinderace
|-damage|p2a: Cinderace|9/100
|
|-heal|p2a: Cinderace|15/100|[from] Grassy Terrain
|-heal|p1a: Gliscor|35/100 tox|[from] ability: Poison Heal
|upkeep
|turn|45
|
|t:|1760429894
|move|p2a: Cinderace|Pyro Ball|p1a: Gliscor|[miss]
|-miss|p2a: Cinderace|p1a: Gliscor
|move|p1a: Gliscor|Earthquake|p2a: Cinderace
|-supereffective|p2a: Cinderace
|-damage|p2a: Cinderace|0 fnt
|faint|p2a: Cinderace
|
|-heal|p1a: Gliscor|48/100 tox|[from] ability: Poison Heal
|-fieldend|move: Grassy Terrain
|upkeep
|
|t:|1760429899
|switch|p2a: Iron Hands|Iron Hands, shiny|100/100
|turn|46
|
|t:|1760429919
|move|p1a: Gliscor|Toxic|p2a: Iron Hands
|-status|p2a: Iron Hands|tox
|move|p2a: Iron Hands|Ice Punch|p1a: Gliscor
|-supereffective|p1a: Gliscor
|-damage|p1a: Gliscor|0 fnt
|faint|p1a: Gliscor
|
|-damage|p2a: Iron Hands|94/100 tox|[from] psn
|upkeep
|inactive|Swayn has 120 seconds left.
|
|t:|1760429936
|switch|p1a: Infernape|Infernape, M|30/100
|turn|47
|
|t:|1760429943
|-end|p2a: Iron Hands|Quark Drive|[silent]
|switch|p2a: Gardevoir|Gardevoir, F, shiny|100/100
|-ability|p2a: Gardevoir|Blaze|Trace|[from] ability: Trace|[of] p1a: Infernape
|move|p1a: Infernape|Drain Punch|p2a: Gardevoir
|-resisted|p2a: Gardevoir
|-damage|p2a: Gardevoir|85/100
|-heal|p1a: Infernape|37/100|[from] drain|[of] p2a: Gardevoir
|
|upkeep
|turn|48
|
|t:|1760429957
|move|p1a: Infernape|Flare Blitz|p2a: Gardevoir
|-damage|p2a: Gardevoir|0 fnt
|faint|p2a: Gardevoir
|-damage|p1a: Infernape|10/100|[from] Recoil
|
|upkeep
|
|t:|1760429959
|switch|p2a: Iron Hands|Iron Hands, shiny|94/100 tox
|turn|49
|
|t:|1760429974
|move|p1a: Infernape|Flare Blitz|p2a: Iron Hands
|-damage|p2a: Iron Hands|38/100 tox
|-damage|p1a: Infernape|0 fnt|[from] Recoil
|faint|p1a: Infernape
|move|p2a: Iron Hands|Thunder Punch|p1: Infernape|[notarget]
|-fail|p2a: Iron Hands
|
|-damage|p2a: Iron Hands|32/100 tox|[from] psn
|upkeep
|
|t:|1760429981
|switch|p1a: Gengar|Gengar, M|42/100
|turn|50
|
|t:|1760429986
|move|p1a: Gengar|Shadow Ball|p2a: Iron Hands
|-damage|p2a: Iron Hands|0 fnt
|faint|p2a: Iron Hands
|-end|p2a: Iron Hands|Quark Drive|[silent]
|-damage|p1a: Gengar|32/100|[from] item: Life Orb
|
|win|Swayn
|raw|Swayn's rating: 1137 &rarr; <strong>1167</strong><br />(+30 for winning)
|raw|Most haxed's rating: 1205 &rarr; <strong>1175</strong><br />(-30 for losing)
|l|☆Most haxed
|player|p2|
|c|☆Swayn|gg
|l|☆Swayn
|player|p1|
