|j|☆gardenGnostic
|j|☆vghhjg
|t:|1760396443
|gametype|singles
|player|p1|gardenGnostic|psychic-gen4|1531
|player|p2|vghhjg|101|1491
|gen|9
|tier|[Gen 9] OU
|rated|
|rule|HP Percentage Mod: HP is shown in percentages
|rule|Endless Battle Clause: Forcing endless battles is banned
|rule|Species Clause: Limit one of each Pokémon
|rule|OHKO Clause: OHKO moves are banned
|rule|Evasion Items Clause: Evasion items are banned
|rule|Evasion Moves Clause: Evasion moves are banned
|rule|Evasion Abilities Clause: Evasion abilities are banned
|rule|Sleep Moves Clause: Sleep-inducing moves are banned
|clearpoke
|poke|p1|Ninetales-Alola, F|
|poke|p1|Rillaboom, M|
|poke|p1|Ogerpon-Wellspring, F|
|poke|p1|Hatterene, F|
|poke|p1|Glimmora, M|
|poke|p1|Darkrai|
|poke|p2|Ribombee, F|
|poke|p2|Gholdengo|
|poke|p2|Dragonite, M|
|poke|p2|Keldeo|
|poke|p2|Deoxys-Speed|
|poke|p2|Enamorus, F|
|teampreview
|inactive|Battle timer is ON: inactive players will automatically lose when time's up. (requested by vghhjg)
|
|t:|1760396490
|teamsize|p1|6
|teamsize|p2|6
|start
|switch|p1a: Glimmora|Glimmora, M|100/100
|switch|p2a: Ribombee|Ribombee, F|100/100
|turn|1
|
|t:|1760396500
|move|p2a: Ribombee|Stun Spore|p1a: Glimmora
|-status|p1a: Glimmora|par
|move|p1a: Glimmora|Meteor Beam||[still]
|-prepare|p1a: Glimmora|Meteor Beam
|-boost|p1a: Glimmora|spa|1
|-enditem|p1a: Glimmora|Power Herb
|-anim|p1a: Glimmora|Meteor Beam|p2a: Ribombee
|-supereffective|p2a: Ribombee
|-enditem|p2a: Ribombee|Focus Sash
|-damage|p2a: Ribombee|1/100
|
|upkeep
|turn|2
|
|t:|1760396509
|move|p2a: Ribombee|Psychic Noise|p1a: Glimmora
|-supereffective|p1a: Glimmora
|-damage|p1a: Glimmora|43/100 par
|-start|p1a: Glimmora|move: Heal Block
|move|p1a: Glimmora|Mortal Spin|p2a: Ribombee
|-supereffective|p2a: Ribombee
|-damage|p2a: Ribombee|0 fnt
|faint|p2a: Ribombee
|
|upkeep
|
|t:|1760396527
|switch|p2a: Keldeo|Keldeo|100/100
|turn|3
|
|t:|1760396538
|move|p2a: Keldeo|Substitute|p2a: Keldeo
|-start|p2a: Keldeo|Substitute
|-damage|p2a: Keldeo|76/100
|cant|p1a: Glimmora|par
|
|-heal|p2a: Keldeo|82/100|[from] item: Leftovers
|-end|p1a: Glimmora|move: Heal Block
|upkeep
|turn|4
|
|t:|1760396546
|switch|p1a: Ninetales|Ninetales-Alola, F|100/100
|-weather|Snowscape|[from] ability: Snow Warning|[of] p1a: Ninetales
|move|p2a: Keldeo|Surf|p1a: Ninetales
|-damage|p1a: Ninetales|50/100
|
|-weather|Snowscape|[upkeep]
|-heal|p2a: Keldeo|88/100|[from] item: Leftovers
|upkeep
|turn|5
|
|t:|1760396550
|move|p1a: Ninetales|Aurora Veil|p1a: Ninetales
|-sidestart|p1: gardenGnostic|move: Aurora Veil
|move|p2a: Keldeo|Surf|p1a: Ninetales
|-damage|p1a: Ninetales|25/100
|
|-weather|Snowscape|[upkeep]
|-heal|p2a: Keldeo|94/100|[from] item: Leftovers
|upkeep
|turn|6
|
|t:|1760396558
|move|p1a: Ninetales|Freeze-Dry|p2a: Keldeo
|-supereffective|p2a: Keldeo
|-end|p2a: Keldeo|Substitute
|move|p2a: Keldeo|Aura Sphere|p1a: Ninetales
|-crit|p1a: Ninetales
|-damage|p1a: Ninetales|0 fnt
|faint|p1a: Ninetales
|
|-weather|Snowscape|[upkeep]
|-heal|p2a: Keldeo|100/100|[from] item: Leftovers
|upkeep
|
|t:|1760396564
|switch|p1a: Rillaboom|Rillaboom, M|100/100
|-fieldstart|move: Grassy Terrain|[from] ability: Grassy Surge|[of] p1a: Rillaboom
|turn|7
|
|t:|1760396576
|move|p2a: Keldeo|Substitute|p2a: Keldeo
|-start|p2a: Keldeo|Substitute
|-damage|p2a: Keldeo|76/100
|move|p1a: Rillaboom|Swords Dance|p1a: Rillaboom
|-boost|p1a: Rillaboom|atk|2
|
|-weather|Snowscape|[upkeep]
|-heal|p2a: Keldeo|82/100|[from] Grassy Terrain
|-heal|p2a: Keldeo|88/100|[from] item: Leftovers
|upkeep
|turn|8
|
|t:|1760396581
|move|p1a: Rillaboom|Grassy Glide|p2a: Keldeo
|-supereffective|p2a: Keldeo
|-end|p2a: Keldeo|Substitute
|move|p2a: Keldeo|Substitute|p2a: Keldeo
|-start|p2a: Keldeo|Substitute
|-damage|p2a: Keldeo|63/100
|
|-weather|none
|-heal|p2a: Keldeo|70/100|[from] Grassy Terrain
|-heal|p2a: Keldeo|76/100|[from] item: Leftovers
|upkeep
|turn|9
|
|t:|1760396584
|move|p1a: Rillaboom|Grassy Glide|p2a: Keldeo
|-supereffective|p2a: Keldeo
|-end|p2a: Keldeo|Substitute
|move|p2a: Keldeo|Substitute|p2a: Keldeo
|-start|p2a: Keldeo|Substitute
|-damage|p2a: Keldeo|51/100
|
|-heal|p2a: Keldeo|57/100|[from] Grassy Terrain
|-heal|p2a: Keldeo|63/100|[from] item: Leftovers
|upkeep
|turn|10
|
|t:|1760396589
|move|p1a: Rillaboom|Grassy Glide|p2a: Keldeo
|-supereffective|p2a: Keldeo
|-end|p2a: Keldeo|Substitute
|move|p2a: Keldeo|Substitute|p2a: Keldeo
|-start|p2a: Keldeo|Substitute
|-damage|p2a: Keldeo|39/100
|
|-heal|p2a: Keldeo|45/100|[from] Grassy Terrain
|-heal|p2a: Keldeo|51/100|[from] item: Leftovers
|upkeep
|turn|11
|
|t:|1760396591
|move|p1a: Rillaboom|Grassy Glide|p2a: Keldeo
|-supereffective|p2a: Keldeo
|-end|p2a: Keldeo|Substitute
|move|p2a: Keldeo|Substitute|p2a: Keldeo
|-start|p2a: Keldeo|Substitute
|-damage|p2a: Keldeo|26/100
|
|-heal|p2a: Keldeo|32/100|[from] Grassy Terrain
|-heal|p2a: Keldeo|39/100|[from] item: Leftovers
|upkeep
|turn|12
|
|t:|1760396594
|move|p2a: Keldeo|Substitute|p2a: Keldeo
|-fail|p2a: Keldeo|move: Substitute
|move|p1a: Rillaboom|Wood Hammer|p2a: Keldeo
|-supereffective|p2a: Keldeo
|-end|p2a: Keldeo|Substitute
|-damage|p1a: Rillaboom|93/100|[from] Recoil|[of] p2a: Keldeo
|
|-heal|p2a: Keldeo|45/100|[from] Grassy Terrain
|-heal|p2a: Keldeo|51/100|[from] item: Leftovers
|-heal|p1a: Rillaboom|99/100|[from] Grassy Terrain
|-sideend|p1: gardenGnostic|move: Aurora Veil
|upkeep
|turn|13
|
|t:|1760396600
|move|p1a: Rillaboom|Grassy Glide|p2a: Keldeo
|-supereffective|p2a: Keldeo
|-damage|p2a: Keldeo|0 fnt
|faint|p2a: Keldeo
|
|-heal|p1a: Rillaboom|100/100|[from] Grassy Terrain
|upkeep
|
|t:|1760396620
|switch|p2a: Enamorus|Enamorus, F|100/100
|turn|14
|
|t:|1760396626
|switch|p2a: Gholdengo|Gholdengo|100/100
|-item|p2a: Gholdengo|Air Balloon
|switch|p1a: Glimmora|Glimmora, M|43/100 par
|
|-heal|p1a: Glimmora|49/100 par|[from] Grassy Terrain
|-fieldend|move: Grassy Terrain
|upkeep
|turn|15
|
|t:|1760396631
|move|p2a: Gholdengo|Shadow Ball|p1a: Glimmora
|-damage|p1a: Glimmora|0 fnt
|faint|p1a: Glimmora
|
|upkeep
|
|t:|1760396639
|switch|p1a: Darkrai|Darkrai|100/100
|turn|16
|
|t:|1760396646
|move|p1a: Darkrai|Nasty Plot|p1a: Darkrai
|-boost|p1a: Darkrai|spa|2
|move|p2a: Gholdengo|Dazzling Gleam|p1a: Darkrai
|-supereffective|p1a: Darkrai
|-damage|p1a: Darkrai|11/100
|
|upkeep
|turn|17
|
|t:|1760396649
|move|p1a: Darkrai|Dark Pulse|p2a: Gholdengo
|-supereffective|p2a: Gholdengo
|-damage|p2a: Gholdengo|0 fnt
|-enditem|p2a: Gholdengo|Air Balloon
|faint|p2a: Gholdengo
|
|upkeep
|
|t:|1760396651
|switch|p2a: Deoxys|Deoxys-Speed|100/100
|-ability|p2a: Deoxys|Pressure
|turn|18
|
|t:|1760396656
|move|p1a: Darkrai|Sucker Punch|p2a: Deoxys
|-supereffective|p2a: Deoxys
|-damage|p2a: Deoxys|13/100
|move|p2a: Deoxys|Shadow Ball|p1a: Darkrai
|-resisted|p1a: Darkrai
|-damage|p1a: Darkrai|0 fnt
|faint|p1a: Darkrai
|-damage|p2a: Deoxys|3/100|[from] item: Life Orb
|
|upkeep
|
|t:|1760396660
|switch|p1a: Rillaboom|Rillaboom, M|100/100
|-fieldstart|move: Grassy Terrain|[from] ability: Grassy Surge|[of] p1a: Rillaboom
|turn|19
|
|t:|1760396669
|move|p1a: Rillaboom|Grassy Glide|p2a: Deoxys
|-damage|p2a: Deoxys|0 fnt
|faint|p2a: Deoxys
|
|upkeep
|
|t:|1760396671
|switch|p2a: Dragonite|Dragonite, M, shiny|100/100
|turn|20
|
|t:|1760396674
|move|p1a: Rillaboom|Wood Hammer|p2a: Dragonite
|-resisted|p2a: Dragonite
|-damage|p2a: Dragonite|91/100
|-damage|p1a: Rillaboom|97/100|[from] Recoil
|move|p2a: Dragonite|Dragon Dance|p2a: Dragonite
|-boost|p2a: Dragonite|atk|1
|-boost|p2a: Dragonite|spe|1
|
|-heal|p2a: Dragonite|97/100|[from] item: Leftovers
|-heal|p1a: Rillaboom|100/100|[from] Grassy Terrain
|upkeep
|turn|21
|
|t:|1760396681
|move|p2a: Dragonite|Dragon Dance|p2a: Dragonite
|-boost|p2a: Dragonite|atk|1
|-boost|p2a: Dragonite|spe|1
|move|p1a: Rillaboom|Knock Off|p2a: Dragonite
|-damage|p2a: Dragonite|64/100
|-enditem|p2a: Dragonite|Leftovers|[from] move: Knock Off|[of] p1a: Rillaboom
|
|upkeep
|turn|22
|
|t:|1760396690
|switch|p1a: Hatterene|Hatterene, F|100/100
|-enditem|p1a: Hatterene|Grassy Seed
|-boost|p1a: Hatterene|def|1|[from] item: Grassy Seed
|move|p2a: Dragonite|Roost|p2a: Dragonite
|-heal|p2a: Dragonite|100/100
|-singleturn|p2a: Dragonite|move: Roost
|
|upkeep
|turn|23
|
|t:|1760396700
|move|p2a: Dragonite|Dragon Dance|p2a: Dragonite
|-boost|p2a: Dragonite|atk|1
|-boost|p2a: Dragonite|spe|1
|move|p1a: Hatterene|Calm Mind|p1a: Hatterene
|-boost|p1a: Hatterene|spa|1
|-boost|p1a: Hatterene|spd|1
|
|upkeep
|turn|24
|
|t:|1760396709
|move|p2a: Dragonite|Extreme Speed|p1a: Hatterene
|-damage|p1a: Hatterene|44/100
|move|p1a: Hatterene|Draining Kiss|p2a: Dragonite
|-supereffective|p2a: Dragonite
|-damage|p2a: Dragonite|68/100
|-heal|p1a: Hatterene|73/100|[from] drain|[of] p2a: Dragonite
|
|-heal|p1a: Hatterene|79/100|[from] Grassy Terrain
|upkeep
|turn|25
|
|t:|1760396721
|-terastallize|p2a: Dragonite|Normal
|move|p2a: Dragonite|Extreme Speed|p1a: Hatterene
|-damage|p1a: Hatterene|0 fnt
|faint|p1a: Hatterene
|
|-heal|p2a: Dragonite|75/100|[from] Grassy Terrain
|upkeep
|
|t:|1760396729
|switch|p1a: Rillaboom|Rillaboom, M|100/100
|turn|26
|
|t:|1760396733
|move|p2a: Dragonite|Extreme Speed|p1a: Rillaboom
|-damage|p1a: Rillaboom|0 fnt
|faint|p1a: Rillaboom
|
|-heal|p2a: Dragonite|81/100|[from] Grassy Terrain
|-fieldend|move: Grassy Terrain
|upkeep
|-message|gardenGnostic forfeited.
|
|win|vghhjg
|raw|gardenGnostic's rating: 1531 &rarr; <strong>1509</strong><br />(-22 for losing)
|raw|vghhjg's rating: 1491 &rarr; <strong>1513</strong><br />(+22 for winning)
|l|☆gardenGnostic
|player|p1|
|l|☆vghhjg
|player|p2|
