|j|‽i win 99.9%
|j|☆pikapikabetis
|t:|1760346247
|gametype|singles
|player|p1|i win 99.9%|265|1238
|player|p2|pikapikabetis|266|1192
|gen|9
|tier|[Gen 9] OU
|rated|
|rule|HP Percentage Mod: HP is shown in percentages
|rule|Endless Battle Clause: Forcing endless battles is banned
|rule|Species Clause: Limit one of each Pokémon
|rule|OHKO Clause: OHKO moves are banned
|rule|Evasion Items Clause: Evasion items are banned
|rule|Evasion Moves Clause: Evasion moves are banned
|rule|Evasion Abilities Clause: Evasion abilities are banned
|rule|Sleep Moves Clause: Sleep-inducing moves are banned
|clearpoke
|poke|p1|Clefable, F|
|poke|p1|Jirachi|
|poke|p1|Iron Moth|
|poke|p1|Weavile, M|
|poke|p1|Iron Leaves|
|poke|p1|Walking Wake|
|poke|p2|Heatran, M|
|poke|p2|Tauros-Paldea-Blaze, M|
|poke|p2|Garganacl, F|
|poke|p2|Polteageist|
|poke|p2|Slowking-Galar, F|
|poke|p2|Alomomola, M|
|teampreview
|inactive|Battle timer is ON: inactive players will automatically lose when time's up. (requested by i win 99.9%)
|
|t:|1760346265
|teamsize|p1|6
|teamsize|p2|6
|start
|switch|p1a: Jirachi|Jirachi|100/100
|switch|p2a: Garganacl|Garganacl, F|100/100
|turn|1
|
|t:|1760346272
|move|p1a: Jirachi|Iron Head|p2a: Garganacl
|-supereffective|p2a: Garganacl
|-damage|p2a: Garganacl|65/100
|cant|p2a: Garganacl|flinch
|
|-heal|p2a: Garganacl|71/100|[from] item: Leftovers
|upkeep
|turn|2
|
|t:|1760346281
|move|p1a: Jirachi|Iron Head|p2a: Garganacl
|-supereffective|p2a: Garganacl
|-damage|p2a: Garganacl|33/100
|cant|p2a: Garganacl|flinch
|
|-heal|p2a: Garganacl|40/100|[from] item: Leftovers
|upkeep
|turn|3
|
|t:|1760346290
|move|p2a: Garganacl|Protect|p2a: Garganacl
|-singleturn|p2a: Garganacl|Protect
|move|p1a: Jirachi|Iron Head|p2a: Garganacl
|-activate|p2a: Garganacl|move: Protect
|
|-heal|p2a: Garganacl|46/100|[from] item: Leftovers
|upkeep
|turn|4
|
|t:|1760346298
|move|p1a: Jirachi|Iron Head|p2a: Garganacl
|-supereffective|p2a: Garganacl
|-damage|p2a: Garganacl|5/100
|cant|p2a: Garganacl|flinch
|
|-heal|p2a: Garganacl|11/100|[from] item: Leftovers
|upkeep
|turn|5
|
|t:|1760346307
|switch|p2a: Heatran|Heatran, M|100/100
|-item|p2a: Heatran|Air Balloon
|move|p1a: Jirachi|Iron Head|p2a: Heatran
|-resisted|p2a: Heatran
|-damage|p2a: Heatran|93/100
|-enditem|p2a: Heatran|Air Balloon
|
|upkeep
|turn|6
|
|t:|1760346318
|switch|p1a: Clefable|Clefable, F|100/100
|move|p2a: Heatran|Magma Storm|p1a: Clefable|[miss]
|-miss|p2a: Heatran|p1a: Clefable
|
|upkeep
|turn|7
|
|t:|1760346324
|move|p2a: Heatran|Magma Storm|p1a: Clefable
|-damage|p1a: Clefable|49/100
|-activate|p1a: Clefable|move: Magma Storm|[of] p2a: Heatran
|-enditem|p1a: Clefable|Red Card|[of] p2a: Heatran
|drag|p2a: Slowking|Slowking-Galar, F|100/100
|move|p1a: Clefable|Flamethrower|p2a: Slowking
|-damage|p2a: Slowking|83/100
|
|-heal|p2a: Slowking|90/100|[from] item: Black Sludge
|-end|p1a: Clefable|Magma Storm|[partiallytrapped]|[silent]
|upkeep
|turn|8
|
|t:|1760346338
|move|p1a: Clefable|Moonlight|p1a: Clefable
|-heal|p1a: Clefable|99/100
|move|p2a: Slowking|Sludge Wave|p1a: Clefable
|-supereffective|p1a: Clefable
|-damage|p1a: Clefable|35/100
|
|-heal|p2a: Slowking|96/100|[from] item: Black Sludge
|upkeep
|turn|9
|
|t:|1760346347
|switch|p1a: Jirachi|Jirachi|100/100
|move|p2a: Slowking|Sludge Wave|p1a: Jirachi
|-immune|p1a: Jirachi
|
|-heal|p2a: Slowking|100/100|[from] item: Black Sludge
|upkeep
|turn|10
|
|t:|1760346357
|move|p2a: Slowking|Protect|p2a: Slowking
|-singleturn|p2a: Slowking|Protect
|move|p1a: Jirachi|U-turn|p2a: Slowking
|-activate|p2a: Slowking|move: Protect
|
|upkeep
|turn|11
|
|t:|1760346363
|switch|p1a: Clefable|Clefable, F|35/100
|move|p2a: Slowking|Eerie Spell|p1a: Clefable
|-damage|p1a: Clefable|7/100
|
|upkeep
|turn|12
|
|t:|1760346370
|move|p1a: Clefable|Moonlight|p1a: Clefable
|-heal|p1a: Clefable|57/100
|move|p2a: Slowking|Sludge Wave|p1a: Clefable
|-supereffective|p1a: Clefable
|-damage|p1a: Clefable|0 fnt
|faint|p1a: Clefable
|
|upkeep
|
|t:|1760346374
|switch|p1a: Walking Wake|Walking Wake|100/100
|turn|13
|
|t:|1760346389
|move|p1a: Walking Wake|Hydro Steam|p2a: Slowking
|-damage|p2a: Slowking|67/100
|move|p2a: Slowking|Sludge Wave|p1a: Walking Wake
|-damage|p1a: Walking Wake|62/100
|
|-heal|p2a: Slowking|73/100|[from] item: Black Sludge
|upkeep
|turn|14
|
|t:|1760346397
|move|p1a: Walking Wake|Hydro Steam|p2a: Slowking
|-damage|p2a: Slowking|39/100
|move|p2a: Slowking|Sludge Wave|p1a: Walking Wake
|-damage|p1a: Walking Wake|20/100
|
|-heal|p2a: Slowking|45/100|[from] item: Black Sludge
|upkeep
|turn|15
|
|t:|1760346407
|move|p1a: Walking Wake|Hydro Steam|p2a: Slowking
|-damage|p2a: Slowking|8/100
|move|p2a: Slowking|Slack Off|p2a: Slowking
|-heal|p2a: Slowking|58/100
|
|-heal|p2a: Slowking|64/100|[from] item: Black Sludge
|upkeep
|turn|16
|
|t:|1760346416
|-end|p1a: Walking Wake|Protosynthesis|[silent]
|switch|p1a: Weavile|Weavile, M|100/100
|move|p2a: Slowking|Sludge Wave|p1a: Weavile
|-damage|p1a: Weavile|52/100
|
|-heal|p2a: Slowking|70/100|[from] item: Black Sludge
|upkeep
|turn|17
|
|t:|1760346424
|move|p2a: Slowking|Protect|p2a: Slowking
|-singleturn|p2a: Slowking|Protect
|move|p1a: Weavile|Knock Off|p2a: Slowking
|-activate|p2a: Slowking|move: Protect
|
|-heal|p2a: Slowking|76/100|[from] item: Black Sludge
|upkeep
|turn|18
|
|t:|1760346435
|switch|p2a: Alomomola|Alomomola, M|100/100
|move|p1a: Weavile|Knock Off|p2a: Alomomola
|-damage|p2a: Alomomola|73/100
|-damage|p1a: Weavile|36/100|[from] item: Rocky Helmet|[of] p2a: Alomomola
|-enditem|p2a: Alomomola|Rocky Helmet|[from] move: Knock Off|[of] p1a: Weavile
|-enditem|p1a: Weavile|Sitrus Berry|[eat]
|-heal|p1a: Weavile|61/100|[from] item: Sitrus Berry
|
|upkeep
|turn|19
|
|t:|1760346462
|switch|p1a: Iron Leaves|Iron Leaves|100/100
|-enditem|p1a: Iron Leaves|Booster Energy
|-activate|p1a: Iron Leaves|ability: Quark Drive|[fromitem]
|-start|p1a: Iron Leaves|quarkdrivespe
|move|p2a: Alomomola|Wish|p2a: Alomomola
|
|upkeep
|turn|20
|
|t:|1760346469
|move|p1a: Iron Leaves|Swords Dance|p1a: Iron Leaves
|-boost|p1a: Iron Leaves|atk|2
|move|p2a: Alomomola|Flip Turn|p1a: Iron Leaves
|-resisted|p1a: Iron Leaves
|-damage|p1a: Iron Leaves|92/100
|
|t:|1760346475
|switch|p2a: Garganacl|Garganacl, F|11/100|[from] Flip Turn
|
|-heal|p2a: Garganacl|77/100|[from] move: Wish|[wisher] Alomomola
|-heal|p2a: Garganacl|84/100|[from] item: Leftovers
|upkeep
|turn|21
|
|t:|1760346484
|move|p1a: Iron Leaves|Leaf Blade|p2a: Garganacl
|-supereffective|p2a: Garganacl
|-crit|p2a: Garganacl
|-damage|p2a: Garganacl|0 fnt
|faint|p2a: Garganacl
|
|upkeep
|
|t:|1760346492
|switch|p2a: Tauros|Tauros-Paldea-Blaze, M|100/100
|-ability|p2a: Tauros|Intimidate|boost
|-unboost|p1a: Iron Leaves|atk|1
|turn|22
|
|t:|1760346497
|move|p1a: Iron Leaves|Psyblade|p2a: Tauros
|-supereffective|p2a: Tauros
|-damage|p2a: Tauros|0 fnt
|faint|p2a: Tauros
|
|upkeep
|
|t:|1760346510
|switch|p2a: Heatran|Heatran, M|93/100
|turn|23
|
|t:|1760346514
|-terastallize|p1a: Iron Leaves|Electric
|move|p1a: Iron Leaves|Wild Charge|p2a: Heatran
|-damage|p2a: Heatran|38/100
|-damage|p1a: Iron Leaves|76/100|[from] Recoil
|move|p2a: Heatran|Magma Storm|p1a: Iron Leaves
|-damage|p1a: Iron Leaves|24/100
|-activate|p1a: Iron Leaves|move: Magma Storm|[of] p2a: Heatran
|
|-damage|p1a: Iron Leaves|12/100|[from] move: Magma Storm|[partiallytrapped]
|upkeep
|turn|24
|inactive|pikapikabetis has 120 seconds left.
|
|t:|1760346562
|move|p1a: Iron Leaves|Psyblade|p2a: Heatran
|-resisted|p2a: Heatran
|-damage|p2a: Heatran|13/100
|move|p2a: Heatran|Dark Pulse|p1a: Iron Leaves
|-damage|p1a: Iron Leaves|0 fnt
|faint|p1a: Iron Leaves
|-end|p1a: Iron Leaves|Quark Drive|[silent]
|
|upkeep
|
|t:|1760346565
|switch|p1a: Iron Moth|Iron Moth|100/100
|-enditem|p1a: Iron Moth|Booster Energy
|-activate|p1a: Iron Moth|ability: Quark Drive|[fromitem]
|-start|p1a: Iron Moth|quarkdrivespe
|turn|25
|
|t:|1760346578
|move|p1a: Iron Moth|Discharge|p2a: Heatran
|-damage|p2a: Heatran|0 fnt
|faint|p2a: Heatran
|
|upkeep
|
|t:|1760346588
|switch|p2a: Alomomola|Alomomola, M|100/100
|turn|26
|
|t:|1760346592
|move|p1a: Iron Moth|Energy Ball|p2a: Alomomola
|-supereffective|p2a: Alomomola
|-damage|p2a: Alomomola|26/100
|move|p2a: Alomomola|Flip Turn|p1a: Iron Moth
|-supereffective|p1a: Iron Moth
|-damage|p1a: Iron Moth|49/100
|inactive|pikapikabetis has 120 seconds left.
|
|t:|1760346602
|switch|p2a: Slowking|Slowking-Galar, F|100/100|[from] Flip Turn
|
|upkeep
|turn|27
|inactive|pikapikabetis has 120 seconds left.
|
|t:|1760346612
|-end|p1a: Iron Moth|Quark Drive|[silent]
|switch|p1a: Jirachi|Jirachi|100/100
|move|p2a: Slowking|Eerie Spell|p1a: Jirachi
|-resisted|p1a: Jirachi
|-damage|p1a: Jirachi|93/100
|
|upkeep
|turn|28
|
|t:|1760346619
|move|p2a: Slowking|Protect|p2a: Slowking
|-singleturn|p2a: Slowking|Protect
|move|p1a: Jirachi|Iron Head|p2a: Slowking
|-activate|p2a: Slowking|move: Protect
|
|upkeep
|turn|29
|
|t:|1760346626
|switch|p2a: Alomomola|Alomomola, M|60/100
|move|p1a: Jirachi|Iron Head|p2a: Alomomola
|-resisted|p2a: Alomomola
|-damage|p2a: Alomomola|49/100
|
|upkeep
|turn|30
|
|t:|1760346633
|move|p1a: Jirachi|Iron Head|p2a: Alomomola
|-resisted|p2a: Alomomola
|-damage|p2a: Alomomola|39/100
|move|p2a: Alomomola|Wish|p2a: Alomomola
|
|upkeep
|turn|31
|
|t:|1760346642
|move|p2a: Alomomola|Protect|p2a: Alomomola
|-singleturn|p2a: Alomomola|Protect
|move|p1a: Jirachi|Iron Head|p2a: Alomomola
|-activate|p2a: Alomomola|move: Protect
|
|-heal|p2a: Alomomola|89/100|[from] move: Wish|[wisher] Alomomola
|upkeep
|turn|32
|
|t:|1760346651
|switch|p1a: Walking Wake|Walking Wake|20/100
|move|p2a: Alomomola|Flip Turn|p1a: Walking Wake
|-resisted|p1a: Walking Wake
|-damage|p1a: Walking Wake|15/100
|
|t:|1760346657
|switch|p2a: Slowking|Slowking-Galar, F|100/100|[from] Flip Turn
|
|upkeep
|turn|33
|
|t:|1760346673
|move|p1a: Walking Wake|Hurricane|p2a: Slowking
|-damage|p2a: Slowking|68/100
|move|p2a: Slowking|Sludge Wave|p1a: Walking Wake
|-damage|p1a: Walking Wake|0 fnt
|faint|p1a: Walking Wake
|-end|p1a: Walking Wake|Protosynthesis|[silent]
|
|-heal|p2a: Slowking|74/100|[from] item: Black Sludge
|upkeep
|inactive|i win 99.9% has 120 seconds left.
|
|t:|1760346693
|switch|p1a: Jirachi|Jirachi|93/100
|turn|34
|
|t:|1760346704
|move|p2a: Slowking|Protect|p2a: Slowking
|-singleturn|p2a: Slowking|Protect
|move|p1a: Jirachi|Zen Headbutt|p2a: Slowking
|-activate|p2a: Slowking|move: Protect
|
|-heal|p2a: Slowking|80/100|[from] item: Black Sludge
|upkeep
|turn|35
|
|t:|1760346713
|move|p1a: Jirachi|Zen Headbutt|p2a: Slowking
|-damage|p2a: Slowking|38/100
|cant|p2a: Slowking|flinch
|
|-heal|p2a: Slowking|44/100|[from] item: Black Sludge
|upkeep
|turn|36
|
|t:|1760346721
|move|p2a: Slowking|Protect|p2a: Slowking
|-singleturn|p2a: Slowking|Protect
|move|p1a: Jirachi|Zen Headbutt|p2a: Slowking
|-activate|p2a: Slowking|move: Protect
|
|-heal|p2a: Slowking|50/100|[from] item: Black Sludge
|upkeep
|turn|37
|
|t:|1760346729
|move|p1a: Jirachi|Zen Headbutt|p2a: Slowking
|-damage|p2a: Slowking|10/100
|move|p2a: Slowking|Slack Off|p2a: Slowking
|-heal|p2a: Slowking|60/100
|
|-heal|p2a: Slowking|66/100|[from] item: Black Sludge
|upkeep
|turn|38
|
|t:|1760346737
|switch|p1a: Weavile|Weavile, M|61/100
|move|p2a: Slowking|Eerie Spell|p1a: Weavile
|-immune|p1a: Weavile
|
|-heal|p2a: Slowking|73/100|[from] item: Black Sludge
|upkeep
|turn|39
|
|t:|1760346747
|switch|p2a: Alomomola|Alomomola, M|100/100
|move|p1a: Weavile|Knock Off|p2a: Alomomola
|-damage|p2a: Alomomola|83/100
|
|upkeep
|turn|40
|
|t:|1760346754
|switch|p1a: Iron Moth|Iron Moth|49/100
|move|p2a: Alomomola|Wish|p2a: Alomomola
|
|upkeep
|turn|41
|
|t:|1760346760
|move|p1a: Iron Moth|Energy Ball|p2a: Alomomola
|-supereffective|p2a: Alomomola
|-damage|p2a: Alomomola|4/100
|move|p2a: Alomomola|Flip Turn|p1a: Iron Moth
|-supereffective|p1a: Iron Moth
|-damage|p1a: Iron Moth|0 fnt
|faint|p1a: Iron Moth
|-end|p1a: Iron Moth|Quark Drive|[silent]
|
|t:|1760346770
|switch|p2a: Slowking|Slowking-Galar, F|100/100|[from] Flip Turn
|
|upkeep
|
|t:|1760346775
|switch|p1a: Weavile|Weavile, M|61/100
|turn|42
|
|t:|1760346780
|move|p1a: Weavile|Knock Off|p2a: Slowking
|-supereffective|p2a: Slowking
|-damage|p2a: Slowking|0 fnt
|-enditem|p2a: Slowking|Black Sludge|[from] move: Knock Off|[of] p1a: Weavile
|faint|p2a: Slowking
|
|upkeep
|
|t:|1760346790
|switch|p2a: Polteageist|Polteageist|100/100
|turn|43
|
|t:|1760346801
|-terastallize|p2a: Polteageist|Grass
|move|p1a: Weavile|Knock Off|p2a: Polteageist
|-damage|p2a: Polteageist|26/100
|-start|p1a: Weavile|Disable|Knock Off|[from] ability: Cursed Body|[of] p2a: Polteageist
|-enditem|p2a: Polteageist|Chesto Berry|[from] move: Knock Off|[of] p1a: Weavile
|move|p2a: Polteageist|Strength Sap|p1a: Weavile
|-unboost|p1a: Weavile|atk|1
|-heal|p2a: Polteageist|100/100
|
|upkeep
|turn|44
|
|t:|1760346814
|move|p1a: Weavile|Triple Axel|p2a: Polteageist
|-supereffective|p2a: Polteageist
|-damage|p2a: Polteageist|82/100
|-hitcount|p2a: Polteageist|1
|move|p2a: Polteageist|Hex|p1a: Weavile
|-resisted|p1a: Weavile
|-damage|p1a: Weavile|36/100
|
|upkeep
|turn|45
|
|t:|1760346822
|move|p1a: Weavile|Triple Axel|p2a: Polteageist
|-supereffective|p2a: Polteageist
|-damage|p2a: Polteageist|61/100
|-supereffective|p2a: Polteageist
|-damage|p2a: Polteageist|20/100
|-supereffective|p2a: Polteageist
|-damage|p2a: Polteageist|0 fnt
|faint|p2a: Polteageist
|-hitcount|p2: Polteageist|3
|
|upkeep
|
|t:|1760346831
|switch|p2a: Alomomola|Alomomola, M|38/100
|turn|46
|
|t:|1760346835
|move|p1a: Weavile|Triple Axel|p2a: Alomomola
|-resisted|p2a: Alomomola
|-damage|p2a: Alomomola|36/100
|-resisted|p2a: Alomomola
|-damage|p2a: Alomomola|33/100
|-resisted|p2a: Alomomola
|-damage|p2a: Alomomola|27/100
|-hitcount|p2a: Alomomola|3
|move|p2a: Alomomola|Wish|p2a: Alomomola
|
|-end|p1a: Weavile|Disable
|upkeep
|turn|47
|
|t:|1760346846
|move|p1a: Weavile|Knock Off|p2a: Alomomola
|-damage|p2a: Alomomola|17/100
|move|p2a: Alomomola|Flip Turn|p1a: Weavile
|-damage|p1a: Weavile|9/100
|
|-heal|p2a: Alomomola|67/100|[from] move: Wish|[wisher] Alomomola
|upkeep
|turn|48
|
|t:|1760346855
|move|p1a: Weavile|Knock Off|p2a: Alomomola
|-damage|p2a: Alomomola|56/100
|move|p2a: Alomomola|Wish|p2a: Alomomola
|
|upkeep
|turn|49
|
|t:|1760346860
|move|p2a: Alomomola|Protect|p2a: Alomomola
|-singleturn|p2a: Alomomola|Protect
|move|p1a: Weavile|Knock Off|p2a: Alomomola
|-activate|p2a: Alomomola|move: Protect
|
|-heal|p2a: Alomomola|100/100|[from] move: Wish|[wisher] Alomomola
|upkeep
|turn|50
|
|t:|1760346868
|move|p1a: Weavile|Knock Off|p2a: Alomomola
|-damage|p2a: Alomomola|89/100
|move|p2a: Alomomola|Flip Turn|p1a: Weavile
|-damage|p1a: Weavile|0 fnt
|faint|p1a: Weavile
|
|upkeep
|
|t:|1760346870
|switch|p1a: Jirachi|Jirachi|93/100
|turn|51
|
|t:|1760346878
|move|p1a: Jirachi|Zen Headbutt|p2a: Alomomola
|-damage|p2a: Alomomola|69/100
|move|p2a: Alomomola|Flip Turn|p1a: Jirachi
|-damage|p1a: Jirachi|76/100
|
|upkeep
|turn|52
|
|t:|1760346885
|move|p1a: Jirachi|Zen Headbutt|p2a: Alomomola
|-damage|p2a: Alomomola|50/100
|cant|p2a: Alomomola|flinch
|
|upkeep
|turn|53
|
|t:|1760346891
|move|p1a: Jirachi|Zen Headbutt|p2a: Alomomola
|-damage|p2a: Alomomola|32/100
|cant|p2a: Alomomola|flinch
|
|upkeep
|turn|54
|
|t:|1760346896
|move|p1a: Jirachi|Zen Headbutt|p2a: Alomomola|[miss]
|-miss|p1a: Jirachi|p2a: Alomomola
|move|p2a: Alomomola|Wish|p2a: Alomomola
|
|upkeep
|turn|55
|
|t:|1760346903
|move|p1a: Jirachi|Zen Headbutt|p2a: Alomomola
|-damage|p2a: Alomomola|9/100
|move|p2a: Alomomola|Flip Turn|p1a: Jirachi
|-damage|p1a: Jirachi|59/100
|
|-heal|p2a: Alomomola|59/100|[from] move: Wish|[wisher] Alomomola
|upkeep
|turn|56
|
|t:|1760346912
|move|p2a: Alomomola|Protect|p2a: Alomomola
|-singleturn|p2a: Alomomola|Protect
|move|p1a: Jirachi|Zen Headbutt|p2a: Alomomola
|-activate|p2a: Alomomola|move: Protect
|
|upkeep
|turn|57
|
|t:|1760346918
|move|p1a: Jirachi|Zen Headbutt|p2a: Alomomola
|-damage|p2a: Alomomola|39/100
|cant|p2a: Alomomola|flinch
|
|upkeep
|turn|58
|
|t:|1760346924
|move|p1a: Jirachi|Zen Headbutt|p2a: Alomomola
|-crit|p2a: Alomomola
|-damage|p2a: Alomomola|7/100
|move|p2a: Alomomola|Wish|p2a: Alomomola
|
|upkeep
|turn|59
|
|t:|1760346930
|move|p2a: Alomomola|Protect|p2a: Alomomola
|-singleturn|p2a: Alomomola|Protect
|move|p1a: Jirachi|Zen Headbutt|p2a: Alomomola
|-activate|p2a: Alomomola|move: Protect
|
|-heal|p2a: Alomomola|57/100|[from] move: Wish|[wisher] Alomomola
|upkeep
|turn|60
|
|t:|1760346938
|move|p1a: Jirachi|Zen Headbutt|p2a: Alomomola
|-damage|p2a: Alomomola|36/100
|cant|p2a: Alomomola|flinch
|
|upkeep
|turn|61
|
|t:|1760346945
|move|p1a: Jirachi|Zen Headbutt|p2a: Alomomola
|-damage|p2a: Alomomola|16/100
|move|p2a: Alomomola|Wish|p2a: Alomomola
|
|upkeep
|turn|62
|
|t:|1760346950
|move|p2a: Alomomola|Protect|p2a: Alomomola
|-singleturn|p2a: Alomomola|Protect
|move|p1a: Jirachi|Zen Headbutt|p2a: Alomomola
|-activate|p2a: Alomomola|move: Protect
|
|-heal|p2a: Alomomola|66/100|[from] move: Wish|[wisher] Alomomola
|upkeep
|turn|63
|
|t:|1760346959
|move|p1a: Jirachi|Zen Headbutt|p2a: Alomomola
|-damage|p2a: Alomomola|44/100
|cant|p2a: Alomomola|flinch
|
|upkeep
|turn|64
|
|t:|1760346964
|move|p1a: Jirachi|Zen Headbutt|p2a: Alomomola
|-damage|p2a: Alomomola|22/100
|move|p2a: Alomomola|Wish|p2a: Alomomola
|
|upkeep
|turn|65
|
|t:|1760346969
|move|p2a: Alomomola|Protect|p2a: Alomomola
|-singleturn|p2a: Alomomola|Protect
|move|p1a: Jirachi|Zen Headbutt|p2a: Alomomola
|-activate|p2a: Alomomola|move: Protect
|
|-heal|p2a: Alomomola|72/100|[from] move: Wish|[wisher] Alomomola
|upkeep
|turn|66
|
|t:|1760346978
|move|p1a: Jirachi|Zen Headbutt|p2a: Alomomola|[miss]
|-miss|p1a: Jirachi|p2a: Alomomola
|move|p2a: Alomomola|Wish|p2a: Alomomola
|
|upkeep
|turn|67
|-message|i win 99.9% forfeited.
|
|win|pikapikabetis
|raw|i win 99.9%'s rating: 1238 &rarr; <strong>1210</strong><br />(-28 for losing)
|raw|pikapikabetis's rating: 1192 &rarr; <strong>1220</strong><br />(+28 for winning)
|l|‽i win 99.9%
|player|p1|
