|j|☆GauMongStyle
|j|☆Gerryop
|t:|1760351278
|gametype|singles
|player|p1|GauMongStyle|266|1506
|player|p2|Gerryop|2|1504
|gen|9
|tier|[Gen 9] OU
|rated|
|rule|HP Percentage Mod: HP is shown in percentages
|rule|Endless Battle Clause: Forcing endless battles is banned
|rule|Species Clause: Limit one of each Pokémon
|rule|OHKO Clause: OHKO moves are banned
|rule|Evasion Items Clause: Evasion items are banned
|rule|Evasion Moves Clause: Evasion moves are banned
|rule|Evasion Abilities Clause: Evasion abilities are banned
|rule|Sleep Moves Clause: Sleep-inducing moves are banned
|clearpoke
|poke|p1|Iron Crown|
|poke|p1|Samurott-Hisui, M|
|poke|p1|Zapdos|
|poke|p1|Dragapult, F|
|poke|p1|Great Tusk|
|poke|p1|Iron Boulder|
|poke|p2|Alomomola, F|
|poke|p2|Goodra-Hisui, M|
|poke|p2|Fezandipiti, M|
|poke|p2|Gastrodon-East, F|
|poke|p2|Corviknight, F|
|poke|p2|Skeledirge, M|
|teampreview
|inactive|Battle timer is ON: inactive players will automatically lose when time's up. (requested by GauMongStyle)
|
|t:|1760351291
|teamsize|p1|6
|teamsize|p2|6
|start
|switch|p1a: Parasite|Dragapult, F|100/100
|switch|p2a: Fezandipiti|Fezandipiti, M|100/100
|turn|1
|
|t:|1760351299
|-terastallize|p1a: Parasite|Ghost
|move|p1a: Parasite|Tera Blast|p2a: Fezandipiti|[anim] Tera Blast Ghost
|-damage|p2a: Fezandipiti|10/100
|move|p2a: Fezandipiti|Beat Up|p1a: Parasite
|-supereffective|p1a: Parasite
|-damage|p1a: Parasite|92/100
|-supereffective|p1a: Parasite
|-damage|p1a: Parasite|83/100
|-status|p1a: Parasite|tox|[from] ability: Toxic Chain|[of] p2a: Fezandipiti
|-supereffective|p1a: Parasite
|-damage|p1a: Parasite|76/100 tox
|-supereffective|p1a: Parasite
|-damage|p1a: Parasite|67/100 tox
|-supereffective|p1a: Parasite
|-damage|p1a: Parasite|59/100 tox
|-supereffective|p1a: Parasite
|-damage|p1a: Parasite|51/100 tox
|-hitcount|p1a: Parasite|6
|
|-heal|p2a: Fezandipiti|16/100|[from] item: Leftovers
|-damage|p1a: Parasite|45/100 tox|[from] psn
|upkeep
|turn|2
|
|t:|1760351322
|switch|p2a: Alomomola|Alomomola, F|100/100
|move|p1a: Parasite|Tera Blast|p2a: Alomomola|[anim] Tera Blast Ghost
|-damage|p2a: Alomomola|58/100
|
|-damage|p1a: Parasite|33/100 tox|[from] psn
|upkeep
|turn|3
|
|t:|1760351331
|switch|p1a: Hurikan|Zapdos|100/100
|move|p2a: Alomomola|Wish|p2a: Alomomola
|
|upkeep
|turn|4
|
|t:|1760351337
|switch|p2a: Gastrodon|Gastrodon-East, F|100/100
|move|p1a: Hurikan|Discharge|p2a: Gastrodon
|-immune|p2a: Gastrodon
|
|upkeep
|turn|5
|
|t:|1760351345
|move|p1a: Hurikan|U-turn|p2a: Gastrodon
|-damage|p2a: Gastrodon|86/100
|
|t:|1760351347
|switch|p1a: Everytime We Touch|Samurott-Hisui, M|100/100|[from] U-turn
|move|p2a: Gastrodon|Ice Beam|p1a: Everytime We Touch
|-resisted|p1a: Everytime We Touch
|-damage|p1a: Everytime We Touch|85/100
|
|-heal|p2a: Gastrodon|92/100|[from] item: Leftovers
|upkeep
|turn|6
|
|t:|1760351364
|switch|p2a: Corviknight|Corviknight, F|100/100
|-ability|p2a: Corviknight|Pressure
|move|p1a: Everytime We Touch|Ceaseless Edge|p2a: Corviknight
|-damage|p2a: Corviknight|73/100
|-sidestart|p2: Gerryop|Spikes
|
|upkeep
|turn|7
|
|t:|1760351372
|move|p1a: Everytime We Touch|Ceaseless Edge|p2a: Corviknight
|-damage|p2a: Corviknight|46/100
|-sidestart|p2: Gerryop|Spikes
|move|p2a: Corviknight|Defog|p1a: Everytime We Touch
|-unboost|p1a: Everytime We Touch|evasion|1
|-sideend|p2: Gerryop|Spikes|[from] move: Defog|[of] p2a: Corviknight
|
|upkeep
|turn|8
|
|t:|1760351380
|move|p1a: Everytime We Touch|Ceaseless Edge|p2a: Corviknight
|-damage|p2a: Corviknight|17/100
|-sidestart|p2: Gerryop|Spikes
|move|p2a: Corviknight|Roost|p2a: Corviknight
|-heal|p2a: Corviknight|67/100
|-singleturn|p2a: Corviknight|move: Roost
|
|upkeep
|turn|9
|
|t:|1760351388
|switch|p1a: Hurikan|Zapdos|100/100
|move|p2a: Corviknight|Roost|p2a: Corviknight
|-heal|p2a: Corviknight|100/100
|-singleturn|p2a: Corviknight|move: Roost
|
|upkeep
|turn|10
|
|t:|1760351396
|switch|p2a: Gastrodon|Gastrodon-East, F|92/100
|-damage|p2a: Gastrodon|80/100|[from] Spikes
|move|p1a: Hurikan|Discharge|p2a: Gastrodon
|-immune|p2a: Gastrodon
|
|-heal|p2a: Gastrodon|86/100|[from] item: Leftovers
|upkeep
|turn|11
|
|t:|1760351406
|move|p1a: Hurikan|U-turn|p2a: Gastrodon
|-damage|p2a: Gastrodon|72/100
|
|t:|1760351409
|switch|p1a: Everytime We Touch|Samurott-Hisui, M|85/100|[from] U-turn
|move|p2a: Gastrodon|Earthquake|p1a: Everytime We Touch
|-damage|p1a: Everytime We Touch|49/100
|
|-heal|p2a: Gastrodon|78/100|[from] item: Leftovers
|upkeep
|turn|12
|
|t:|1760351419
|move|p1a: Everytime We Touch|Flip Turn|p2a: Gastrodon
|-ability|p2a: Gastrodon|Storm Drain|boost
|-boost|p2a: Gastrodon|spa|1
|move|p2a: Gastrodon|Recover|p2a: Gastrodon
|-heal|p2a: Gastrodon|100/100
|
|upkeep
|turn|13
|
|t:|1760351426
|switch|p1a: Hurikan|Zapdos|100/100
|move|p2a: Gastrodon|Ice Beam|p1a: Hurikan
|-supereffective|p1a: Hurikan
|-damage|p1a: Hurikan|44/100
|
|upkeep
|turn|14
|
|t:|1760351432
|move|p1a: Hurikan|U-turn|p2a: Gastrodon
|-damage|p2a: Gastrodon|87/100
|
|t:|1760351436
|switch|p1a: Pump It|Great Tusk|100/100|[from] U-turn
|move|p2a: Gastrodon|Earthquake|p1a: Pump It
|-damage|p1a: Pump It|79/100
|
|-heal|p2a: Gastrodon|93/100|[from] item: Leftovers
|upkeep
|turn|15
|
|t:|1760351446
|move|p1a: Pump It|Stealth Rock|p2a: Gastrodon
|-sidestart|p2: Gerryop|move: Stealth Rock
|move|p2a: Gastrodon|Ice Beam|p1a: Pump It
|-supereffective|p1a: Pump It
|-damage|p1a: Pump It|0 fnt
|faint|p1a: Pump It
|-end|p1a: Pump It|Protosynthesis|[silent]
|
|-heal|p2a: Gastrodon|99/100|[from] item: Leftovers
|upkeep
|
|t:|1760351450
|switch|p1a: Parasite|Dragapult, F, tera:Ghost|33/100 tox
|turn|16
|
|t:|1760351469
|switch|p2a: Alomomola|Alomomola, F|91/100
|-damage|p2a: Alomomola|78/100|[from] Spikes
|-damage|p2a: Alomomola|66/100|[from] Stealth Rock
|move|p1a: Parasite|Tera Blast|p2a: Alomomola|[anim] Tera Blast Ghost
|-damage|p2a: Alomomola|23/100
|
|-damage|p1a: Parasite|27/100 tox|[from] psn
|upkeep
|turn|17
|
|t:|1760351480
|move|p2a: Alomomola|Protect|p2a: Alomomola
|-singleturn|p2a: Alomomola|Protect
|move|p1a: Parasite|Tera Blast|p2a: Alomomola|[anim] Tera Blast Ghost
|-activate|p2a: Alomomola|move: Protect
|
|-damage|p1a: Parasite|15/100 tox|[from] psn
|upkeep
|turn|18
|
|t:|1760351493
|switch|p1a: Hurikan|Zapdos|44/100
|switch|p2a: Goodra|Goodra-Hisui, M|100/100
|-damage|p2a: Goodra|88/100|[from] Spikes
|-damage|p2a: Goodra|82/100|[from] Stealth Rock
|
|-heal|p2a: Goodra|88/100|[from] item: Leftovers
|upkeep
|turn|19
|
|t:|1760351505
|switch|p2a: Gastrodon|Gastrodon-East, F|99/100
|-damage|p2a: Gastrodon|87/100|[from] Spikes
|-damage|p2a: Gastrodon|81/100|[from] Stealth Rock
|move|p1a: Hurikan|Discharge|p2a: Gastrodon
|-immune|p2a: Gastrodon
|
|-heal|p2a: Gastrodon|87/100|[from] item: Leftovers
|upkeep
|turn|20
|
|t:|1760351517
|move|p1a: Hurikan|Hurricane|p2a: Gastrodon
|-damage|p2a: Gastrodon|52/100
|-start|p2a: Gastrodon|confusion
|-activate|p2a: Gastrodon|confusion
|move|p2a: Gastrodon|Earthquake|p1a: Hurikan
|-immune|p1a: Hurikan
|
|-heal|p2a: Gastrodon|58/100|[from] item: Leftovers
|upkeep
|turn|21
|
|t:|1760351527
|move|p1a: Hurikan|Hurricane|p2a: Gastrodon
|-damage|p2a: Gastrodon|25/100
|-end|p2a: Gastrodon|confusion
|move|p2a: Gastrodon|Recover|p2a: Gastrodon
|-heal|p2a: Gastrodon|75/100
|
|-heal|p2a: Gastrodon|81/100|[from] item: Leftovers
|upkeep
|turn|22
|
|t:|1760351537
|move|p1a: Hurikan|Hurricane|p2a: Gastrodon
|-damage|p2a: Gastrodon|49/100
|move|p2a: Gastrodon|Earthquake|p1a: Hurikan
|-immune|p1a: Hurikan
|
|-heal|p2a: Gastrodon|55/100|[from] item: Leftovers
|upkeep
|turn|23
|
|t:|1760351546
|move|p1a: Hurikan|Roost|p1a: Hurikan
|-heal|p1a: Hurikan|94/100
|-singleturn|p1a: Hurikan|move: Roost
|move|p2a: Gastrodon|Recover|p2a: Gastrodon
|-heal|p2a: Gastrodon|100/100
|
|upkeep
|turn|24
|
|t:|1760351553
|move|p1a: Hurikan|Hurricane|p2a: Gastrodon
|-damage|p2a: Gastrodon|68/100
|move|p2a: Gastrodon|Ice Beam|p1a: Hurikan
|-supereffective|p1a: Hurikan
|-damage|p1a: Hurikan|57/100
|
|-heal|p2a: Gastrodon|74/100|[from] item: Leftovers
|upkeep
|turn|25
|
|t:|1760351562
|move|p1a: Hurikan|Hurricane|p2a: Gastrodon
|-damage|p2a: Gastrodon|44/100
|move|p2a: Gastrodon|Mirror Coat|p1a: Hurikan
|-damage|p1a: Hurikan|0 fnt
|faint|p1a: Hurikan
|
|-heal|p2a: Gastrodon|50/100|[from] item: Leftovers
|upkeep
|
|t:|1760351570
|switch|p1a: Everytime We Touch|Samurott-Hisui, M|49/100
|turn|26
|
|t:|1760351574
|switch|p2a: Corviknight|Corviknight, F|100/100
|-ability|p2a: Corviknight|Pressure
|move|p1a: Everytime We Touch|Flip Turn|p2a: Corviknight
|-damage|p2a: Corviknight|84/100
|
|t:|1760351581
|switch|p1a: Mindreader|Iron Crown|100/100|[from] Flip Turn
|
|upkeep
|turn|27
|
|t:|1760351589
|move|p1a: Mindreader|Volt Switch|p2a: Corviknight
|-supereffective|p2a: Corviknight
|-damage|p2a: Corviknight|15/100
|
|t:|1760351591
|-end|p1a: Mindreader|Quark Drive|[silent]
|switch|p1a: Everytime We Touch|Samurott-Hisui, M|49/100|[from] Volt Switch
|move|p2a: Corviknight|Defog|p1a: Everytime We Touch
|-unboost|p1a: Everytime We Touch|evasion|1
|-sideend|p2: Gerryop|Spikes|[from] move: Defog|[of] p2a: Corviknight
|-sideend|p2: Gerryop|Stealth Rock|[from] move: Defog|[of] p2a: Corviknight
|
|upkeep
|turn|28
|j| mig.ang
|l| mig.ang
|
|t:|1760351601
|switch|p2a: Alomomola|Alomomola, F|56/100
|move|p1a: Everytime We Touch|Ceaseless Edge|p2a: Alomomola
|-damage|p2a: Alomomola|34/100
|-damage|p1a: Everytime We Touch|33/100|[from] item: Rocky Helmet|[of] p2a: Alomomola
|-sidestart|p2: Gerryop|Spikes
|
|upkeep
|turn|29
|
|t:|1760351609
|move|p1a: Everytime We Touch|Ceaseless Edge|p2a: Alomomola
|-damage|p2a: Alomomola|11/100
|-damage|p1a: Everytime We Touch|16/100|[from] item: Rocky Helmet|[of] p2a: Alomomola
|-sidestart|p2: Gerryop|Spikes
|move|p2a: Alomomola|Wish|p2a: Alomomola
|
|upkeep
|turn|30
|
|t:|1760351617
|switch|p1a: Mindreader|Iron Crown|100/100
|move|p2a: Alomomola|Protect||[still]
|-fail|p2a: Alomomola
|
|-heal|p2a: Alomomola|61/100|[from] move: Wish|[wisher] Alomomola
|upkeep
|turn|31
|
|t:|1760351625
|move|p2a: Alomomola|Protect|p2a: Alomomola
|-singleturn|p2a: Alomomola|Protect
|move|p1a: Mindreader|Volt Switch|p2a: Alomomola
|-activate|p2a: Alomomola|move: Protect
|
|upkeep
|turn|32
|j| uxnnsksnsnsn
|
|t:|1760351633
|move|p1a: Mindreader|Volt Switch|p2a: Alomomola
|-supereffective|p2a: Alomomola
|-damage|p2a: Alomomola|0 fnt
|faint|p2a: Alomomola
|
|t:|1760351640
|-end|p1a: Mindreader|Quark Drive|[silent]
|switch|p1a: Everytime We Touch|Samurott-Hisui, M|16/100|[from] Volt Switch
|
|upkeep
|
|t:|1760351647
|switch|p2a: Goodra|Goodra-Hisui, M|88/100
|-damage|p2a: Goodra|71/100|[from] Spikes
|turn|33
|
|t:|1760351653
|move|p1a: Everytime We Touch|Ceaseless Edge|p2a: Goodra
|-damage|p2a: Goodra|35/100
|-sidestart|p2: Gerryop|Spikes
|move|p2a: Goodra|Heavy Slam|p1a: Everytime We Touch
|-resisted|p1a: Everytime We Touch
|-damage|p1a: Everytime We Touch|0 fnt
|faint|p1a: Everytime We Touch
|
|-heal|p2a: Goodra|42/100|[from] item: Leftovers
|upkeep
|
|t:|1760351664
|switch|p1a: Revery|Iron Boulder|100/100
|-enditem|p1a: Revery|Booster Energy
|-activate|p1a: Revery|ability: Quark Drive|[fromitem]
|-start|p1a: Revery|quarkdrivespe
|turn|34
|
|t:|1760351678
|move|p1a: Revery|Close Combat|p2a: Goodra
|-supereffective|p2a: Goodra
|-damage|p2a: Goodra|0 fnt
|-unboost|p1a: Revery|def|1
|-unboost|p1a: Revery|spd|1
|faint|p2a: Goodra
|
|upkeep
|
|t:|1760351685
|switch|p2a: Skeledirge|Skeledirge, M|100/100
|turn|35
|
|t:|1760351690
|move|p1a: Revery|Mighty Cleave|p2a: Skeledirge
|-supereffective|p2a: Skeledirge
|-damage|p2a: Skeledirge|47/100
|move|p2a: Skeledirge|Hex|p1a: Revery
|-supereffective|p1a: Revery
|-damage|p1a: Revery|53/100
|
|upkeep
|turn|36
|-message|Gerryop forfeited.
|
|win|GauMongStyle
|raw|GauMongStyle's rating: 1506 &rarr; <strong>1526</strong><br />(+20 for winning)
|raw|Gerryop's rating: 1504 &rarr; <strong>1484</strong><br />(-20 for losing)
|l|☆Gerryop
|player|p2|
|l|☆GauMongStyle
|player|p1|
