|j|☆10thPlanett
|j|☆adv 1v1
|t:|1760443466
|gametype|singles
|player|p1|10thPlanett|alder|1691
|player|p2|adv 1v1|lisia|1682
|gen|9
|tier|[Gen 9] OU
|rated|
|rule|HP Percentage Mod: HP is shown in percentages
|rule|Endless Battle Clause: Forcing endless battles is banned
|rule|Species Clause: Limit one of each Pokémon
|rule|OHKO Clause: OHKO moves are banned
|rule|Evasion Items Clause: Evasion items are banned
|rule|Evasion Moves Clause: Evasion moves are banned
|rule|Evasion Abilities Clause: Evasion abilities are banned
|rule|Sleep Moves Clause: Sleep-inducing moves are banned
|clearpoke
|poke|p1|Dragonite, F|
|poke|p1|Zamazenta-*|
|poke|p1|Araquanid, M|
|poke|p1|Iron Treads|
|poke|p1|Zapdos|
|poke|p1|Glimmora, M|
|poke|p2|Jirachi|
|poke|p2|Ursaluna, F|
|poke|p2|Iron Hands|
|poke|p2|Volcanion|
|poke|p2|Moltres-Galar|
|poke|p2|Rillaboom, F|
|teampreview
|inactive|Battle timer is ON: inactive players will automatically lose when time's up. (requested by adv 1v1)
|
|t:|1760443472
|teamsize|p1|6
|teamsize|p2|6
|start
|switch|p1a: Glimmora|Glimmora, M|100/100
|switch|p2a: Volcanion|Volcanion|100/100
|turn|1
|
|t:|1760443487
|-terastallize|p1a: Glimmora|Fairy
|move|p1a: Glimmora|Power Gem|p2a: Volcanion
|-supereffective|p2a: Volcanion
|-damage|p2a: Volcanion|11/100
|move|p2a: Volcanion|Earth Power|p1a: Glimmora
|-damage|p1a: Glimmora|58/100
|
|upkeep
|turn|2
|
|t:|1760443496
|move|p1a: Glimmora|Power Gem|p2a: Volcanion
|-supereffective|p2a: Volcanion
|-damage|p2a: Volcanion|0 fnt
|faint|p2a: Volcanion
|
|upkeep
|
|t:|1760443500
|switch|p2a: Moltres|Moltres-Galar|100/100
|turn|3
|
|t:|1760443507
|move|p1a: Glimmora|Power Gem|p2a: Moltres
|-supereffective|p2a: Moltres
|-damage|p2a: Moltres|54/100
|move|p2a: Moltres|Air Slash|p1a: Glimmora
|-damage|p1a: Glimmora|18/100
|
|-heal|p2a: Moltres|60/100|[from] item: Leftovers
|upkeep
|turn|4
|
|t:|1760443523
|move|p1a: Glimmora|Power Gem|p2a: Moltres
|-supereffective|p2a: Moltres
|-damage|p2a: Moltres|10/100
|-ability|p2a: Moltres|Berserk|boost
|-boost|p2a: Moltres|spa|1
|move|p2a: Moltres|Fiery Wrath|p1a: Glimmora
|-resisted|p1a: Glimmora
|-damage|p1a: Glimmora|0 fnt
|faint|p1a: Glimmora
|
|-heal|p2a: Moltres|16/100|[from] item: Leftovers
|upkeep
|inactive|10thPlanett has 120 seconds left.
|
|t:|1760443543
|switch|p1a: Iron Treads|Iron Treads|100/100
|-enditem|p1a: Iron Treads|Booster Energy
|-activate|p1a: Iron Treads|ability: Quark Drive|[fromitem]
|-start|p1a: Iron Treads|quarkdrivespe
|turn|5
|
|t:|1760443549
|move|p1a: Iron Treads|Ice Spinner|p2a: Moltres
|-supereffective|p2a: Moltres
|-damage|p2a: Moltres|0 fnt
|faint|p2a: Moltres
|
|upkeep
|
|t:|1760443559
|switch|p2a: Ursaluna|Ursaluna, F|100/100
|turn|6
|
|t:|1760443567
|move|p1a: Iron Treads|Ice Spinner|p2a: Ursaluna
|-supereffective|p2a: Ursaluna
|-damage|p2a: Ursaluna|61/100
|move|p2a: Ursaluna|Trailblaze|p1a: Iron Treads
|-damage|p1a: Iron Treads|83/100
|-boost|p2a: Ursaluna|spe|1
|
|-status|p2a: Ursaluna|brn|[from] item: Flame Orb
|upkeep
|turn|7
|
|t:|1760443577
|move|p1a: Iron Treads|Ice Spinner|p2a: Ursaluna
|-supereffective|p2a: Ursaluna
|-damage|p2a: Ursaluna|19/100 brn
|move|p2a: Ursaluna|Headlong Rush|p1a: Iron Treads
|-supereffective|p1a: Iron Treads
|-damage|p1a: Iron Treads|0 fnt
|-unboost|p2a: Ursaluna|def|1
|-unboost|p2a: Ursaluna|spd|1
|faint|p1a: Iron Treads
|-end|p1a: Iron Treads|Quark Drive|[silent]
|
|-damage|p2a: Ursaluna|12/100 brn|[from] brn
|upkeep
|
|t:|1760443593
|switch|p1a: Dragonite|Dragonite, F, shiny|100/100
|turn|8
|
|t:|1760443596
|switch|p2a: Jirachi|Jirachi|100/100
|move|p1a: Dragonite|Extreme Speed|p2a: Jirachi
|-resisted|p2a: Jirachi
|-damage|p2a: Jirachi|78/100
|
|upkeep
|turn|9
|
|t:|1760443603
|switch|p1a: Araquanid|Araquanid, M, shiny|100/100
|move|p2a: Jirachi|Trick|p1a: Araquanid
|-activate|p2a: Jirachi|move: Trick|[of] p1a: Araquanid
|-item|p1a: Araquanid|Choice Scarf|[from] move: Trick
|-item|p2a: Jirachi|Custap Berry|[from] move: Trick
|
|upkeep
|turn|10
|
|t:|1760443613
|move|p2a: Jirachi|Healing Wish|p2a: Jirachi
|faint|p2a: Jirachi
|move|p1a: Araquanid|Surf|p2: Jirachi|[notarget]
|-fail|p1a: Araquanid
|
|upkeep
|
|t:|1760443615
|switch|p2a: Ursaluna|Ursaluna, F|12/100 brn
|-heal|p2a: Ursaluna|100/100|[from] move: Healing Wish
|turn|11
|
|t:|1760443625
|switch|p2a: Rillaboom|Rillaboom, F|100/100
|-fieldstart|move: Grassy Terrain|[from] ability: Grassy Surge|[of] p2a: Rillaboom
|move|p1a: Araquanid|Surf|p2a: Rillaboom
|-resisted|p2a: Rillaboom
|-damage|p2a: Rillaboom|63/100
|
|-heal|p2a: Rillaboom|69/100|[from] Grassy Terrain
|upkeep
|turn|12
|
|t:|1760443635
|switch|p1a: Zapdos|Zapdos|100/100
|move|p2a: Rillaboom|Wood Hammer|p1a: Zapdos
|-resisted|p1a: Zapdos
|-damage|p1a: Zapdos|60/100
|-status|p2a: Rillaboom|par|[from] ability: Static|[of] p1a: Zapdos
|-damage|p2a: Rillaboom|54/100 par|[from] Recoil
|-damage|p2a: Rillaboom|44/100 par|[from] item: Life Orb
|
|-heal|p2a: Rillaboom|50/100 par|[from] Grassy Terrain
|upkeep
|turn|13
|
|t:|1760443648
|move|p1a: Zapdos|Heat Wave|p2a: Rillaboom
|-supereffective|p2a: Rillaboom
|-damage|p2a: Rillaboom|0 fnt
|faint|p2a: Rillaboom
|
|upkeep
|
|t:|1760443650
|switch|p2a: Ursaluna|Ursaluna, F|100/100
|turn|14
|
|t:|1760443658
|move|p1a: Zapdos|Hurricane|p2a: Ursaluna|[miss]
|-miss|p1a: Zapdos|p2a: Ursaluna
|move|p2a: Ursaluna|Trailblaze|p1a: Zapdos
|-resisted|p1a: Zapdos
|-damage|p1a: Zapdos|51/100
|-boost|p2a: Ursaluna|spe|1
|
|-status|p2a: Ursaluna|brn|[from] item: Flame Orb
|upkeep
|turn|15
|
|t:|1760443668
|move|p2a: Ursaluna|Trailblaze|p1a: Zapdos
|-resisted|p1a: Zapdos
|-damage|p1a: Zapdos|39/100
|-boost|p2a: Ursaluna|spe|1
|move|p1a: Zapdos|Hurricane|p2a: Ursaluna
|-damage|p2a: Ursaluna|53/100 brn
|-start|p2a: Ursaluna|confusion
|
|-heal|p2a: Ursaluna|60/100 brn|[from] Grassy Terrain
|-damage|p2a: Ursaluna|53/100 brn|[from] brn
|-fieldend|move: Grassy Terrain
|upkeep
|turn|16
|
|t:|1760443681
|-activate|p2a: Ursaluna|confusion
|move|p2a: Ursaluna|Facade|p1a: Zapdos
|-damage|p1a: Zapdos|0 fnt
|faint|p1a: Zapdos
|
|-damage|p2a: Ursaluna|47/100 brn|[from] brn
|upkeep
|
|t:|1760443690
|switch|p1a: Dragonite|Dragonite, F, shiny|100/100
|turn|17
|
|t:|1760443694
|-terastallize|p2a: Ursaluna|Normal
|move|p1a: Dragonite|Extreme Speed|p2a: Ursaluna
|-damage|p2a: Ursaluna|12/100 brn
|-activate|p2a: Ursaluna|confusion
|-damage|p2a: Ursaluna|0 fnt|[from] confusion
|faint|p2a: Ursaluna
|
|upkeep
|
|t:|1760443700
|switch|p2a: Iron Hands|Iron Hands|100/100
|-enditem|p2a: Iron Hands|Booster Energy
|-activate|p2a: Iron Hands|ability: Quark Drive|[fromitem]
|-start|p2a: Iron Hands|quarkdriveatk
|turn|18
|
|t:|1760443709
|switch|p1a: Araquanid|Araquanid, M, shiny|100/100
|move|p2a: Iron Hands|Ice Punch|p1a: Araquanid
|-resisted|p1a: Araquanid
|-damage|p1a: Araquanid|80/100
|
|upkeep
|turn|19
|j| shyahngyoo
|
|t:|1760443717
|move|p1a: Araquanid|Endure|p1a: Araquanid
|-singleturn|p1a: Araquanid|move: Endure
|move|p2a: Iron Hands|Thunder Punch|p1a: Araquanid
|-supereffective|p1a: Araquanid
|-activate|p1a: Araquanid|move: Endure
|-damage|p1a: Araquanid|1/100
|
|upkeep
|turn|20
|
|t:|1760443730
|switch|p1a: Zamazenta|Zamazenta|100/100
|-ability|p1a: Zamazenta|Dauntless Shield|boost
|-boost|p1a: Zamazenta|def|1
|move|p2a: Iron Hands|Ice Punch|p1a: Zamazenta
|-damage|p1a: Zamazenta|75/100
|
|upkeep
|turn|21
|-message|adv 1v1 forfeited.
|
|win|10thPlanett
|raw|10thPlanett's rating: 1691 &rarr; <strong>1710</strong><br />(+19 for winning)
|raw|adv 1v1's rating: 1682 &rarr; <strong>1663</strong><br />(-19 for losing)
|l|☆adv 1v1
|player|p2|
|l|☆10thPlanett
|player|p1|
|l| shyahngyoo
