|j|☆TalkToEmProphet
|j|☆jxrx
|t:|1760364539
|gametype|singles
|player|p1|TalkToEmProphet|crasherwake|1415
|player|p2|jxrx|norman|1362
|gen|9
|tier|[Gen 9] OU
|rated|
|rule|HP Percentage Mod: HP is shown in percentages
|rule|Endless Battle Clause: Forcing endless battles is banned
|rule|Species Clause: Limit one of each Pokémon
|rule|OHKO Clause: OHKO moves are banned
|rule|Evasion Items Clause: Evasion items are banned
|rule|Evasion Moves Clause: Evasion moves are banned
|rule|Evasion Abilities Clause: Evasion abilities are banned
|rule|Sleep Moves Clause: Sleep-inducing moves are banned
|clearpoke
|poke|p1|Kingambit, F|
|poke|p1|Ursaluna, F|
|poke|p1|Raging Bolt|
|poke|p1|Araquanid, F|
|poke|p1|Hatterene, F|
|poke|p1|Deoxys-Defense|
|poke|p2|Sableye, M|
|poke|p2|Great Tusk|
|poke|p2|Rillaboom, M|
|poke|p2|Dragapult, M|
|poke|p2|Empoleon, M|
|poke|p2|Glimmora, F|
|teampreview
|inactive|Battle timer is ON: inactive players will automatically lose when time's up. (requested by jxrx)
|c|☆TalkToEmProphet|glhf :)
|
|t:|1760364551
|teamsize|p1|6
|teamsize|p2|6
|start
|switch|p1a: Hattrick|Hatterene, F|100/100
|switch|p2a: Rillaboom|Rillaboom, M|100/100
|-fieldstart|move: Grassy Terrain|[from] ability: Grassy Surge|[of] p2a: Rillaboom
|turn|1
|
|t:|1760364558
|move|p2a: Rillaboom|Wood Hammer|p1a: Hattrick
|-enditem|p1a: Hattrick|Focus Sash
|-damage|p1a: Hattrick|1/100
|-damage|p2a: Rillaboom|74/100|[from] Recoil
|move|p1a: Hattrick|Trick Room|p1a: Hattrick
|-fieldstart|move: Trick Room|[of] p1a: Hattrick
|
|-heal|p1a: Hattrick|7/100|[from] Grassy Terrain
|-heal|p2a: Rillaboom|80/100|[from] Grassy Terrain
|upkeep
|turn|2
|
|t:|1760364573
|switch|p1a: Shoc Caller|Raging Bolt|100/100
|switch|p2a: Glimmora|Glimmora, F|100/100
|
|upkeep
|turn|3
|
|t:|1760364594
|-end|p1a: Shoc Caller|Protosynthesis|[silent]
|switch|p1a: Hattrick|Hatterene, F|7/100
|switch|p2a: Empoleon|Empoleon, M|100/100
|
|-heal|p1a: Hattrick|13/100|[from] Grassy Terrain
|upkeep
|turn|4
|
|t:|1760364612
|move|p1a: Hattrick|Healing Wish|p1a: Hattrick
|faint|p1a: Hattrick
|move|p2a: Empoleon|Flash Cannon|p1: Hattrick|[notarget]
|-fail|p2a: Empoleon
|
|upkeep
|inactive|TalkToEmProphet has 120 seconds left.
|
|t:|1760364635
|switch|p1a: 93.9-111.1%|Ursaluna, F|100/100
|turn|5
|
|t:|1760364656
|switch|p1a: Shoc Caller|Raging Bolt|100/100
|switch|p2a: Rillaboom|Rillaboom, M|80/100
|
|-heal|p2a: Rillaboom|86/100|[from] Grassy Terrain
|-fieldend|move: Trick Room
|-fieldend|move: Grassy Terrain
|upkeep
|turn|6
|inactive|TalkToEmProphet has 120 seconds left.
|inactive|TalkToEmProphet has 90 seconds left.
|inactive|TalkToEmProphet has 60 seconds left.
|c|☆TalkToEmProphet|I hate dealing with this thing
|inactive|TalkToEmProphet has 30 seconds left.
|
|t:|1760364765
|move|p2a: Rillaboom|High Horsepower|p1a: Shoc Caller
|-supereffective|p1a: Shoc Caller
|-damage|p1a: Shoc Caller|12/100
|move|p1a: Shoc Caller|Calm Mind|p1a: Shoc Caller
|-boost|p1a: Shoc Caller|spa|1
|-boost|p1a: Shoc Caller|spd|1
|
|-heal|p1a: Shoc Caller|18/100|[from] item: Leftovers
|upkeep
|turn|7
|
|t:|1760364771
|-end|p1a: Shoc Caller|Protosynthesis|[silent]
|switch|p1a: Spooderman|Araquanid, F|100/100
|move|p2a: Rillaboom|High Horsepower|p1a: Spooderman
|-resisted|p1a: Spooderman
|-damage|p1a: Spooderman|72/100
|
|upkeep
|turn|8
|inactive|TalkToEmProphet has 30 seconds left.
|inactive|TalkToEmProphet has 20 seconds left.
|inactive|TalkToEmProphet has 15 seconds left.
|
|t:|1760364802
|switch|p2a: Glimmora|Glimmora, F|100/100
|switch|p1a: Chopped|Kingambit, F|100/100
|
|upkeep
|turn|9
|inactive|TalkToEmProphet has 25 seconds left this turn.
|
|t:|1760364806
|move|p2a: Glimmora|Spikes|p1a: Chopped
|-sidestart|p1: TalkToEmProphet|Spikes
|move|p1a: Chopped|Swords Dance|p1a: Chopped
|-boost|p1a: Chopped|atk|2
|
|upkeep
|turn|10
|inactive|TalkToEmProphet has 30 seconds left.
|inactive|TalkToEmProphet has 20 seconds left.
|
|t:|1760364826
|-terastallize|p1a: Chopped|Flying
|move|p2a: Glimmora|Spikes|p1a: Chopped
|-sidestart|p1: TalkToEmProphet|Spikes
|move|p1a: Chopped|Swords Dance|p1a: Chopped
|-boost|p1a: Chopped|atk|2
|
|upkeep
|turn|11
|inactive|TalkToEmProphet has 30 seconds left this turn.
|c|☆TalkToEmProphet|I fucked up
|
|t:|1760364839
|move|p2a: Glimmora|Spikes|p1a: Chopped
|-sidestart|p1: TalkToEmProphet|Spikes
|move|p1a: Chopped|Kowtow Cleave|p2a: Glimmora
|-damage|p2a: Glimmora|0 fnt
|-activate|p2a: Glimmora|ability: Toxic Debris
|-sidestart|p1: TalkToEmProphet|move: Toxic Spikes
|faint|p2a: Glimmora
|
|upkeep
|c|☆TalkToEmProphet|I didn't think a second layer of spikes was going down lol
|
|t:|1760364847
|switch|p2a: Sableye|Sableye, M|100/100
|turn|12
|
|t:|1760364852
|move|p2a: Sableye|Will-O-Wisp|p1a: Chopped
|-status|p1a: Chopped|brn
|-enditem|p1a: Chopped|Lum Berry|[eat]
|-curestatus|p1a: Chopped|brn|[msg]
|move|p1a: Chopped|Kowtow Cleave|p2a: Sableye
|-damage|p2a: Sableye|0 fnt
|-damage|p1a: Chopped|84/100|[from] item: Rocky Helmet|[of] p2a: Sableye
|faint|p2a: Sableye
|
|upkeep
|c|☆TalkToEmProphet|No sirrrrrr
|c|☆jxrx|didnt expect that
|
|t:|1760364874
|switch|p2a: Great Tusk|Great Tusk|100/100
|turn|13
|
|t:|1760364891
|move|p2a: Great Tusk|Ice Spinner|p1a: Chopped
|-supereffective|p1a: Chopped
|-damage|p1a: Chopped|47/100
|move|p1a: Chopped|Iron Head|p2a: Great Tusk
|-damage|p2a: Great Tusk|0 fnt
|faint|p2a: Great Tusk
|-end|p2a: Great Tusk|Protosynthesis|[silent]
|
|upkeep
|
|t:|1760364896
|switch|p2a: Empoleon|Empoleon, M|100/100
|turn|14
|
|t:|1760364901
|move|p2a: Empoleon|Ice Beam|p1a: Chopped
|-supereffective|p1a: Chopped
|-damage|p1a: Chopped|0 fnt
|faint|p1a: Chopped
|
|upkeep
|
|t:|1760364904
|switch|p1a: SecurrrtyInDaCluub|Deoxys-Defense|100/100
|-damage|p1a: SecurrrtyInDaCluub|76/100|[from] Spikes
|-status|p1a: SecurrrtyInDaCluub|psn
|-ability|p1a: SecurrrtyInDaCluub|Pressure
|turn|15
|
|t:|1760364908
|move|p2a: Empoleon|Surf|p1a: SecurrrtyInDaCluub
|-damage|p1a: SecurrrtyInDaCluub|49/100 psn
|move|p1a: SecurrrtyInDaCluub|Trick Room|p1a: SecurrrtyInDaCluub
|-fieldstart|move: Trick Room|[of] p1a: SecurrrtyInDaCluub
|
|-heal|p1a: SecurrrtyInDaCluub|55/100 psn|[from] item: Leftovers
|-damage|p1a: SecurrrtyInDaCluub|42/100 psn|[from] psn
|upkeep
|turn|16
|inactive|TalkToEmProphet has 60 seconds left.
|
|t:|1760364943
|move|p1a: SecurrrtyInDaCluub|Recover|p1a: SecurrrtyInDaCluub
|-heal|p1a: SecurrrtyInDaCluub|93/100 psn
|move|p2a: Empoleon|Surf|p1a: SecurrrtyInDaCluub
|-damage|p1a: SecurrrtyInDaCluub|65/100 psn
|
|-heal|p1a: SecurrrtyInDaCluub|70/100 psn|[from] item: Leftovers
|-damage|p1a: SecurrrtyInDaCluub|58/100 psn|[from] psn
|upkeep
|turn|17
|inactive|TalkToEmProphet has 30 seconds left.
|inactive|TalkToEmProphet has 20 seconds left.
|inactive|TalkToEmProphet has 15 seconds left.
|
|t:|1760364987
|move|p2a: Empoleon|Flash Cannon|p1a: SecurrrtyInDaCluub
|-damage|p1a: SecurrrtyInDaCluub|34/100 psn
|move|p1a: SecurrrtyInDaCluub|Teleport|p1a: SecurrrtyInDaCluub
|inactive|TalkToEmProphet has 20 seconds left this turn.
|
|t:|1760364991
|switch|p1a: Shoc Caller|Raging Bolt|18/100|[from] Teleport
|-heal|p1a: Shoc Caller|100/100|[from] move: Healing Wish
|-damage|p1a: Shoc Caller|76/100|[from] Spikes
|-status|p1a: Shoc Caller|psn
|
|-heal|p1a: Shoc Caller|82/100 psn|[from] item: Leftovers
|-damage|p1a: Shoc Caller|69/100 psn|[from] psn
|upkeep
|turn|18
|inactive|TalkToEmProphet has 30 seconds left this turn.
|inactive|TalkToEmProphet has 20 seconds left.
|inactive|TalkToEmProphet has 15 seconds left.
|inactive|TalkToEmProphet has 10 seconds left.
|inactive|jxrx has 120 seconds left.
|inactive|jxrx has 90 seconds left.
|inactive|jxrx has 60 seconds left.
|inactive|jxrx has 30 seconds left.
|inactive|jxrx has 20 seconds left.
|inactive|jxrx has 15 seconds left.
|
|t:|1760365126
|switch|p2a: Rillaboom|Rillaboom, M|86/100
|-fieldstart|move: Grassy Terrain|[from] ability: Grassy Surge|[of] p2a: Rillaboom
|move|p1a: Shoc Caller|Thunderbolt|p2a: Rillaboom
|-resisted|p2a: Rillaboom
|-damage|p2a: Rillaboom|54/100
|-status|p2a: Rillaboom|par
|
|-heal|p2a: Rillaboom|61/100 par|[from] Grassy Terrain
|-heal|p1a: Shoc Caller|76/100 psn|[from] Grassy Terrain
|-heal|p1a: Shoc Caller|82/100 psn|[from] item: Leftovers
|-damage|p1a: Shoc Caller|69/100 psn|[from] psn
|upkeep
|turn|19
|inactive|TalkToEmProphet has 20 seconds left this turn.
|inactive|jxrx has 25 seconds left this turn.
|inactive|TalkToEmProphet has 15 seconds left.
|inactive|jxrx has 20 seconds left.
|inactive|TalkToEmProphet has 10 seconds left.
|inactive|jxrx has 15 seconds left.
|inactive|TalkToEmProphet has 5 seconds left.
|-message|TalkToEmProphet lost due to inactivity.
|
|win|jxrx
|raw|TalkToEmProphet's rating: 1415 &rarr; <strong>1392</strong><br />(-23 for losing)
|raw|jxrx's rating: 1362 &rarr; <strong>1385</strong><br />(+23 for winning)
|c|☆TalkToEmProphet|i lost anyway
|c|☆TalkToEmProphet|ggwp
|l|☆jxrx
|player|p2|
|c|☆TalkToEmProphet|i h8 rillaboom <3
|l|☆TalkToEmProphet
|player|p1|
