|j|☆Anonymalous
|j|☆MarxN64
|t:|1760386948
|gametype|singles
|player|p1|Anonymalous|unknown|1308
|player|p2|MarxN64|gentleman-gen4|1295
|gen|9
|tier|[Gen 9] OU
|rated|
|rule|HP Percentage Mod: HP is shown in percentages
|rule|Endless Battle Clause: Forcing endless battles is banned
|rule|Species Clause: Limit one of each Pokémon
|rule|OHKO Clause: OHKO moves are banned
|rule|Evasion Items Clause: Evasion items are banned
|rule|Evasion Moves Clause: Evasion moves are banned
|rule|Evasion Abilities Clause: Evasion abilities are banned
|rule|Sleep Moves Clause: Sleep-inducing moves are banned
|clearpoke
|poke|p1|Slowking-Galar, F|
|poke|p1|Kingambit, F|
|poke|p1|Landorus-Therian, M|
|poke|p1|Iron Valiant|
|poke|p1|Corviknight, F|
|poke|p1|Primarina, F|
|poke|p2|Houndstone, F|
|poke|p2|Zamazenta-*|
|poke|p2|Suicune|
|poke|p2|Coalossal, F|
|poke|p2|Arcanine-Hisui, M|
|poke|p2|Okidogi, M|
|teampreview
|
|t:|1760386960
|teamsize|p1|6
|teamsize|p2|6
|start
|switch|p1a: Landorus|Landorus-Therian, M|100/100
|switch|p2a: Rudy|Houndstone, F, shiny|100/100
|-ability|p1a: Landorus|Intimidate|boost
|-unboost|p2a: Rudy|atk|1
|turn|1
|
|t:|1760386963
|move|p1a: Landorus|Stealth Rock|p2a: Rudy
|-sidestart|p2: MarxN64|move: Stealth Rock
|move|p2a: Rudy|Night Shade|p1a: Landorus
|-damage|p1a: Landorus|70/100
|
|upkeep
|turn|2
|
|t:|1760386980
|switch|p1a: Primarina|Primarina, F|100/100
|move|p2a: Rudy|Will-O-Wisp|p1a: Primarina|[miss]
|-miss|p2a: Rudy|p1a: Primarina
|
|upkeep
|turn|3
|inactive|Battle timer is ON: inactive players will automatically lose when time's up. (requested by MarxN64)
|
|t:|1760386988
|move|p2a: Rudy|Night Shade|p1a: Primarina
|-damage|p1a: Primarina|73/100
|move|p1a: Primarina|Hyper Voice|p2a: Rudy
|-damage|p2a: Rudy|64/100
|
|-heal|p2a: Rudy|70/100|[from] item: Leftovers
|upkeep
|turn|4
|
|t:|1760386998
|move|p2a: Rudy|Night Shade|p1a: Primarina
|-damage|p1a: Primarina|46/100
|move|p1a: Primarina|Draining Kiss|p2a: Rudy
|-damage|p2a: Rudy|61/100
|-heal|p1a: Primarina|52/100|[from] drain|[of] p2a: Rudy
|
|-heal|p2a: Rudy|67/100|[from] item: Leftovers
|upkeep
|turn|5
|
|t:|1760387013
|move|p2a: Rudy|Night Shade|p1a: Primarina
|-damage|p1a: Primarina|24/100
|move|p1a: Primarina|Flip Turn|p2a: Rudy
|-damage|p2a: Rudy|60/100
|
|t:|1760387021
|switch|p1a: Landorus|Landorus-Therian, M|70/100|[from] Flip Turn
|-ability|p1a: Landorus|Intimidate|boost
|-unboost|p2a: Rudy|atk|1
|
|-heal|p2a: Rudy|66/100|[from] item: Leftovers
|upkeep
|turn|6
|
|t:|1760387028
|move|p1a: Landorus|U-turn|p2a: Rudy
|-resisted|p2a: Rudy
|-damage|p2a: Rudy|62/100
|
|t:|1760387034
|switch|p1a: Slowking|Slowking-Galar, F|100/100|[from] U-turn
|move|p2a: Rudy|Pain Split|p1a: Slowking
|-sethp|p1a: Slowking|74/100|[from] move: Pain Split|[silent]
|-sethp|p2a: Rudy|95/100|[from] move: Pain Split
|
|-heal|p2a: Rudy|100/100|[from] item: Leftovers
|upkeep
|turn|7
|
|t:|1760387040
|switch|p2a: Grommit|Okidogi, M|100/100
|-damage|p2a: Grommit|94/100|[from] Stealth Rock
|move|p1a: Slowking|Sludge Bomb|p2a: Grommit
|-resisted|p2a: Grommit
|-damage|p2a: Grommit|74/100
|
|-heal|p2a: Grommit|80/100|[from] item: Black Sludge
|upkeep
|turn|8
|
|t:|1760387049
|move|p2a: Grommit|Knock Off|p1a: Slowking
|-supereffective|p1a: Slowking
|-damage|p1a: Slowking|1/100
|-enditem|p1a: Slowking|Heavy-Duty Boots|[from] move: Knock Off|[of] p2a: Grommit
|move|p1a: Slowking|Psyshock|p2a: Grommit
|-supereffective|p2a: Grommit
|-damage|p2a: Grommit|0 fnt
|faint|p2a: Grommit
|
|upkeep
|
|t:|1760387059
|switch|p2a: Butch|Arcanine-Hisui, M|100/100
|-damage|p2a: Butch|75/100|[from] Stealth Rock
|turn|9
|
|t:|1760387065
|switch|p1a: Landorus|Landorus-Therian, M|70/100
|-ability|p1a: Landorus|Intimidate|boost
|-unboost|p2a: Butch|atk|1
|move|p2a: Butch|Head Smash|p1a: Landorus
|-damage|p1a: Landorus|14/100
|
|upkeep
|turn|10
|
|t:|1760387070
|switch|p1a: Corviknight|Corviknight, F|100/100
|move|p2a: Butch|Flare Blitz|p1a: Corviknight
|-supereffective|p1a: Corviknight
|-damage|p1a: Corviknight|50/100
|-damage|p2a: Butch|59/100|[from] item: Rocky Helmet|[of] p1a: Corviknight
|
|upkeep
|turn|11
|
|t:|1760387075
|move|p2a: Butch|Flare Blitz|p1a: Corviknight
|-supereffective|p1a: Corviknight
|-damage|p1a: Corviknight|2/100
|-damage|p2a: Butch|42/100|[from] item: Rocky Helmet|[of] p1a: Corviknight
|move|p1a: Corviknight|Roost|p1a: Corviknight
|-heal|p1a: Corviknight|52/100
|-singleturn|p1a: Corviknight|move: Roost
|
|upkeep
|turn|12
|
|t:|1760387087
|move|p2a: Butch|Flare Blitz|p1a: Corviknight
|-supereffective|p1a: Corviknight
|-damage|p1a: Corviknight|10/100
|-damage|p2a: Butch|26/100|[from] item: Rocky Helmet|[of] p1a: Corviknight
|move|p1a: Corviknight|Roost|p1a: Corviknight
|-heal|p1a: Corviknight|60/100
|-singleturn|p1a: Corviknight|move: Roost
|
|upkeep
|turn|13
|
|t:|1760387092
|move|p2a: Butch|Will-O-Wisp|p1a: Corviknight
|-status|p1a: Corviknight|brn
|move|p1a: Corviknight|Roost|p1a: Corviknight
|-heal|p1a: Corviknight|100/100 brn
|-singleturn|p1a: Corviknight|move: Roost
|
|-damage|p1a: Corviknight|94/100 brn|[from] brn
|upkeep
|turn|14
|
|t:|1760387101
|switch|p2a: Rudy|Houndstone, F, shiny|100/100
|-damage|p2a: Rudy|88/100|[from] Stealth Rock
|move|p1a: Corviknight|Brave Bird|p2a: Rudy
|-damage|p2a: Rudy|79/100
|-damage|p1a: Corviknight|92/100 brn|[from] Recoil
|
|-heal|p2a: Rudy|86/100|[from] item: Leftovers
|-damage|p1a: Corviknight|86/100 brn|[from] brn
|upkeep
|turn|15
|
|t:|1760387108
|move|p2a: Rudy|Night Shade|p1a: Corviknight
|-damage|p1a: Corviknight|61/100 brn
|move|p1a: Corviknight|U-turn|p2a: Rudy
|-resisted|p2a: Rudy
|-damage|p2a: Rudy|84/100
|
|t:|1760387122
|switch|p1a: Iron Valiant|Iron Valiant|100/100|[from] U-turn
|-enditem|p1a: Iron Valiant|Booster Energy
|-activate|p1a: Iron Valiant|ability: Quark Drive|[fromitem]
|-start|p1a: Iron Valiant|quarkdrivespe
|
|-heal|p2a: Rudy|90/100|[from] item: Leftovers
|upkeep
|turn|16
|
|t:|1760387127
|move|p1a: Iron Valiant|Knock Off|p2a: Rudy
|-supereffective|p2a: Rudy
|-damage|p2a: Rudy|60/100
|-enditem|p2a: Rudy|Leftovers|[from] move: Knock Off|[of] p1a: Iron Valiant
|move|p2a: Rudy|Will-O-Wisp|p1a: Iron Valiant|[miss]
|-miss|p2a: Rudy|p1a: Iron Valiant
|
|upkeep
|turn|17
|
|t:|1760387133
|move|p1a: Iron Valiant|Calm Mind|p1a: Iron Valiant
|-boost|p1a: Iron Valiant|spa|1
|-boost|p1a: Iron Valiant|spd|1
|move|p2a: Rudy|Pain Split|p1a: Iron Valiant
|-sethp|p1a: Iron Valiant|82/100|[from] move: Pain Split|[silent]
|-sethp|p2a: Rudy|77/100|[from] move: Pain Split
|
|upkeep
|turn|18
|
|t:|1760387135
|move|p1a: Iron Valiant|Calm Mind|p1a: Iron Valiant
|-boost|p1a: Iron Valiant|spa|1
|-boost|p1a: Iron Valiant|spd|1
|move|p2a: Rudy|Roar|p1a: Iron Valiant
|-end|p1a: Iron Valiant|Quark Drive|[silent]
|drag|p1a: Corviknight|Corviknight, F|61/100 brn
|
|-damage|p1a: Corviknight|55/100 brn|[from] brn
|upkeep
|turn|19
|
|t:|1760387142
|move|p2a: Rudy|Night Shade|p1a: Corviknight
|-damage|p1a: Corviknight|30/100 brn
|move|p1a: Corviknight|Roost|p1a: Corviknight
|-heal|p1a: Corviknight|80/100 brn
|-singleturn|p1a: Corviknight|move: Roost
|
|-damage|p1a: Corviknight|74/100 brn|[from] brn
|upkeep
|turn|20
|
|t:|1760387164
|switch|p1a: Iron Valiant|Iron Valiant|82/100
|move|p2a: Rudy|Night Shade|p1a: Iron Valiant
|-damage|p1a: Iron Valiant|47/100
|
|upkeep
|turn|21
|
|t:|1760387168
|move|p1a: Iron Valiant|Moonblast|p2a: Rudy
|-damage|p2a: Rudy|49/100
|move|p2a: Rudy|Night Shade|p1a: Iron Valiant
|-damage|p1a: Iron Valiant|13/100
|
|upkeep
|turn|22
|
|t:|1760387172
|move|p1a: Iron Valiant|Moonblast|p2a: Rudy
|-damage|p2a: Rudy|20/100
|move|p2a: Rudy|Night Shade|p1a: Iron Valiant
|-damage|p1a: Iron Valiant|0 fnt
|faint|p1a: Iron Valiant
|-end|p1a: Iron Valiant|Quark Drive|[silent]
|
|upkeep
|
|t:|1760387180
|switch|p1a: Landorus|Landorus-Therian, M|14/100
|-ability|p1a: Landorus|Intimidate|boost
|-unboost|p2a: Rudy|atk|1
|turn|23
|
|t:|1760387184
|move|p1a: Landorus|Earth Power|p2a: Rudy
|-damage|p2a: Rudy|0 fnt
|faint|p2a: Rudy
|
|upkeep
|c|☆Anonymalous|that thing is a menace
|
|t:|1760387200
|switch|p2a: Butch|Arcanine-Hisui, M|26/100
|-damage|p2a: Butch|1/100|[from] Stealth Rock
|turn|24
|
|t:|1760387205
|move|p1a: Landorus|Earth Power|p2a: Butch
|-supereffective|p2a: Butch
|-damage|p2a: Butch|0 fnt
|faint|p2a: Butch
|
|upkeep
|
|t:|1760387208
|switch|p2a: Lassy|Suicune|100/100
|-damage|p2a: Lassy|88/100|[from] Stealth Rock
|-ability|p2a: Lassy|Pressure
|turn|25
|
|t:|1760387215
|switch|p1a: Primarina|Primarina, F|24/100
|move|p2a: Lassy|Scald|p1a: Primarina
|-resisted|p1a: Primarina
|-damage|p1a: Primarina|19/100
|
|upkeep
|turn|26
|
|t:|1760387219
|move|p2a: Lassy|Calm Mind|p2a: Lassy
|-boost|p2a: Lassy|spa|1
|-boost|p2a: Lassy|spd|1
|move|p1a: Primarina|Draining Kiss|p2a: Lassy
|-damage|p2a: Lassy|78/100
|-heal|p1a: Primarina|27/100|[from] drain|[of] p2a: Lassy
|
|upkeep
|turn|27
|
|t:|1760387225
|move|p2a: Lassy|Calm Mind|p2a: Lassy
|-boost|p2a: Lassy|spa|1
|-boost|p2a: Lassy|spd|1
|move|p1a: Primarina|Flip Turn|p2a: Lassy
|-resisted|p2a: Lassy
|-damage|p2a: Lassy|73/100
|
|t:|1760387233
|switch|p1a: Slowking|Slowking-Galar, F|34/100|[from] Flip Turn
|
|upkeep
|turn|28
|
|t:|1760387235
|move|p2a: Lassy|Scald|p1a: Slowking
|-damage|p1a: Slowking|5/100
|move|p1a: Slowking|Psyshock|p2a: Lassy
|-damage|p2a: Lassy|53/100
|
|upkeep
|turn|29
|
|t:|1760387243
|move|p2a: Lassy|Scald|p1a: Slowking
|-damage|p1a: Slowking|0 fnt
|faint|p1a: Slowking
|
|upkeep
|
|t:|1760387250
|switch|p1a: Primarina|Primarina, F|27/100
|turn|30
|
|t:|1760387253
|move|p2a: Lassy|Scald|p1a: Primarina
|-resisted|p1a: Primarina
|-damage|p1a: Primarina|16/100
|move|p1a: Primarina|Draining Kiss|p2a: Lassy
|-damage|p2a: Lassy|45/100
|-heal|p1a: Primarina|21/100|[from] drain|[of] p2a: Lassy
|
|upkeep
|turn|31
|
|t:|1760387259
|move|p2a: Lassy|Calm Mind|p2a: Lassy
|-boost|p2a: Lassy|spa|1
|-boost|p2a: Lassy|spd|1
|move|p1a: Primarina|Draining Kiss|p2a: Lassy
|-damage|p2a: Lassy|40/100
|-heal|p1a: Primarina|25/100|[from] drain|[of] p2a: Lassy
|
|upkeep
|turn|32
|
|t:|1760387262
|move|p2a: Lassy|Calm Mind|p2a: Lassy
|-boost|p2a: Lassy|spa|1
|-boost|p2a: Lassy|spd|1
|move|p1a: Primarina|Moonblast|p2a: Lassy
|-damage|p2a: Lassy|31/100
|
|upkeep
|turn|33
|
|t:|1760387265
|move|p2a: Lassy|Rest|p2a: Lassy
|-status|p2a: Lassy|slp|[from] move: Rest
|-enditem|p2a: Lassy|Lum Berry|[eat]
|-curestatus|p2a: Lassy|slp|[msg]
|-heal|p2a: Lassy|100/100|[silent]
|move|p1a: Primarina|Moonblast|p2a: Lassy
|-crit|p2a: Lassy
|-damage|p2a: Lassy|58/100
|
|upkeep
|turn|34
|
|t:|1760387276
|move|p2a: Lassy|Scald|p1a: Primarina
|-resisted|p1a: Primarina
|-damage|p1a: Primarina|9/100
|move|p1a: Primarina|Moonblast|p2a: Lassy
|-damage|p2a: Lassy|49/100
|
|upkeep
|turn|35
|
|t:|1760387281
|move|p2a: Lassy|Scald|p1a: Primarina
|-resisted|p1a: Primarina
|-damage|p1a: Primarina|0 fnt
|faint|p1a: Primarina
|
|upkeep
|
|t:|1760387284
|switch|p1a: Landorus|Landorus-Therian, M|14/100
|-ability|p1a: Landorus|Intimidate|boost
|-unboost|p2a: Lassy|atk|1
|turn|36
|
|t:|1760387288
|move|p1a: Landorus|U-turn|p2a: Lassy
|-damage|p2a: Lassy|35/100
|
|t:|1760387290
|switch|p1a: Corviknight|Corviknight, F|74/100 brn|[from] U-turn
|move|p2a: Lassy|Scald|p1a: Corviknight
|-damage|p1a: Corviknight|0 fnt
|faint|p1a: Corviknight
|
|upkeep
|
|t:|1760387292
|switch|p1a: Landorus|Landorus-Therian, M|14/100
|-ability|p1a: Landorus|Intimidate|boost
|-unboost|p2a: Lassy|atk|1
|turn|37
|
|t:|1760387301
|move|p1a: Landorus|Earth Power|p2a: Lassy
|-damage|p2a: Lassy|27/100
|move|p2a: Lassy|Scald|p1a: Landorus
|-supereffective|p1a: Landorus
|-damage|p1a: Landorus|0 fnt
|faint|p1a: Landorus
|
|upkeep
|
|t:|1760387304
|switch|p1a: Kingambit|Kingambit, F|100/100
|-activate|p1a: Kingambit|ability: Supreme Overlord
|-start|p1a: Kingambit|fallen5|[silent]
|turn|38
|
|t:|1760387309
|move|p1a: Kingambit|Sucker Punch|p2a: Lassy
|-crit|p2a: Lassy
|-damage|p2a: Lassy|0 fnt
|faint|p2a: Lassy
|
|upkeep
|
|t:|1760387313
|switch|p2a: Rusty|Zamazenta|100/100
|-damage|p2a: Rusty|94/100|[from] Stealth Rock
|-ability|p2a: Rusty|Dauntless Shield|boost
|-boost|p2a: Rusty|def|1
|turn|39
|
|t:|1760387320
|-terastallize|p1a: Kingambit|Fairy
|move|p2a: Rusty|Focus Blast|p1a: Kingambit
|-resisted|p1a: Kingambit
|-damage|p1a: Kingambit|76/100
|move|p1a: Kingambit|Low Kick|p2a: Rusty
|-damage|p2a: Rusty|50/100
|
|-heal|p1a: Kingambit|83/100|[from] item: Leftovers
|upkeep
|turn|40
|
|t:|1760387327
|move|p2a: Rusty|Flash Cannon|p1a: Kingambit
|-supereffective|p1a: Kingambit
|-damage|p1a: Kingambit|36/100
|move|p1a: Kingambit|Low Kick|p2a: Rusty
|-damage|p2a: Rusty|9/100
|-enditem|p2a: Rusty|Salac Berry|[eat]
|-boost|p2a: Rusty|spe|1|[from] item: Salac Berry
|
|-heal|p1a: Kingambit|42/100|[from] item: Leftovers
|upkeep
|turn|41
|
|t:|1760387333
|move|p1a: Kingambit|Sucker Punch|p2a: Rusty
|-resisted|p2a: Rusty
|-damage|p2a: Rusty|0 fnt
|faint|p2a: Rusty
|
|-heal|p1a: Kingambit|49/100|[from] item: Leftovers
|upkeep
|
|t:|1760387336
|switch|p2a: Coalossal|Coalossal, F|100/100
|-damage|p2a: Coalossal|76/100|[from] Stealth Rock
|turn|42
|
|t:|1760387343
|move|p1a: Kingambit|Sucker Punch|p2a: Coalossal
|-crit|p2a: Coalossal
|-damage|p2a: Coalossal|0 fnt
|faint|p2a: Coalossal
|
|win|Anonymalous
|raw|Anonymalous's rating: 1308 &rarr; <strong>1327</strong><br />(+19 for winning)
|raw|MarxN64's rating: 1295 &rarr; <strong>1271</strong><br />(-24 for losing)
|c|☆MarxN64|Bro
|c|☆MarxN64|Gg.
|c|☆Anonymalous|gg
|l|☆MarxN64
|player|p2|
|l|☆Anonymalous
|player|p1|
