|j|☆arthurfr4545
|j|☆sahsingh
|t:|1760354943
|gametype|singles
|player|p1|arthurfr4545|1|1651
|player|p2|sahsingh|266|1713
|gen|9
|tier|[Gen 9] OU
|rated|
|rule|HP Percentage Mod: HP is shown in percentages
|rule|Endless Battle Clause: Forcing endless battles is banned
|rule|Species Clause: Limit one of each Pokémon
|rule|OHKO Clause: OHKO moves are banned
|rule|Evasion Items Clause: Evasion items are banned
|rule|Evasion Moves Clause: Evasion moves are banned
|rule|Evasion Abilities Clause: Evasion abilities are banned
|rule|Sleep Moves Clause: Sleep-inducing moves are banned
|clearpoke
|poke|p1|Entei|
|poke|p1|Great Tusk|
|poke|p1|Heatran, M|
|poke|p1|Latios, M|
|poke|p1|Kingambit, M|
|poke|p1|Rotom-Wash|
|poke|p2|Keldeo-Resolute|
|poke|p2|Dragapult, M|
|poke|p2|Slowking-Galar, F|
|poke|p2|Kingambit, M|
|poke|p2|Zapdos|
|poke|p2|Great Tusk|
|teampreview
|inactive|Battle timer is ON: inactive players will automatically lose when time's up. (requested by arthurfr4545)
|inactive|sahsingh has 120 seconds left.
|
|t:|1760354992
|teamsize|p1|6
|teamsize|p2|6
|start
|switch|p1a: Latios|Latios, M|100/100
|switch|p2a: Trunks’ Resolve|Keldeo-Resolute|100/100
|turn|1
|
|t:|1760354998
|switch|p2a: Kami’s Vision|Slowking-Galar, F|100/100
|move|p1a: Latios|Flip Turn|p2a: Kami’s Vision
|-damage|p2a: Kami’s Vision|89/100
|
|t:|1760355002
|switch|p1a: Great Tusk|Great Tusk|100/100|[from] Flip Turn
|
|-heal|p2a: Kami’s Vision|95/100|[from] item: Black Sludge
|upkeep
|turn|2
|
|t:|1760355008
|switch|p2a: Raijin Kaiōken|Zapdos|100/100
|move|p1a: Great Tusk|Stealth Rock|p2a: Raijin Kaiōken
|-sidestart|p2: sahsingh|move: Stealth Rock
|
|upkeep
|turn|3
|
|t:|1760355020
|-end|p1a: Great Tusk|Protosynthesis|[silent]
|switch|p1a: Heatran|Heatran, M|100/100
|move|p2a: Raijin Kaiōken|U-turn|p1a: Heatran
|-resisted|p1a: Heatran
|-damage|p1a: Heatran|98/100
|
|t:|1760355029
|switch|p2a: Trunks’ Resolve|Keldeo-Resolute|100/100|[from] U-turn
|-damage|p2a: Trunks’ Resolve|94/100|[from] Stealth Rock
|
|-heal|p2a: Trunks’ Resolve|100/100|[from] item: Leftovers
|upkeep
|turn|4
|
|t:|1760355037
|switch|p1a: Latios|Latios, M|100/100
|move|p2a: Trunks’ Resolve|Substitute|p2a: Trunks’ Resolve
|-start|p2a: Trunks’ Resolve|Substitute
|-damage|p2a: Trunks’ Resolve|76/100
|
|-heal|p2a: Trunks’ Resolve|82/100|[from] item: Leftovers
|upkeep
|turn|5
|
|t:|1760355045
|switch|p2a: Crutch Gambit|Kingambit, M|100/100
|-damage|p2a: Crutch Gambit|94/100|[from] Stealth Rock
|move|p1a: Latios|Luster Purge|p2a: Crutch Gambit
|-immune|p2a: Crutch Gambit
|
|-heal|p2a: Crutch Gambit|100/100|[from] item: Leftovers
|upkeep
|turn|6
|
|t:|1760355055
|switch|p1a: Great Tusk|Great Tusk|100/100
|-end|p2a: Crutch Gambit|fallenundefined|[silent]
|switch|p2a: Raijin Kaiōken|Zapdos|100/100
|
|upkeep
|turn|7
|
|t:|1760355060
|move|p2a: Raijin Kaiōken|Hurricane|p1a: Great Tusk|[miss]
|-miss|p2a: Raijin Kaiōken|p1a: Great Tusk
|move|p1a: Great Tusk|Knock Off|p2a: Raijin Kaiōken
|-damage|p2a: Raijin Kaiōken|80/100
|-enditem|p2a: Raijin Kaiōken|Heavy-Duty Boots|[from] move: Knock Off|[of] p1a: Great Tusk
|
|upkeep
|turn|8
|
|t:|1760355065
|-end|p1a: Great Tusk|Protosynthesis|[silent]
|switch|p1a: Heatran|Heatran, M|98/100
|move|p2a: Raijin Kaiōken|U-turn|p1a: Heatran
|-resisted|p1a: Heatran
|-crit|p1a: Heatran
|-damage|p1a: Heatran|94/100
|
|t:|1760355070
|switch|p2a: Wrath of Broly|Great Tusk|100/100|[from] U-turn
|-damage|p2a: Wrath of Broly|98/100|[from] Stealth Rock
|-enditem|p2a: Wrath of Broly|Booster Energy
|-activate|p2a: Wrath of Broly|ability: Protosynthesis|[fromitem]
|-start|p2a: Wrath of Broly|protosynthesisatk
|
|upkeep
|turn|9
|
|t:|1760355075
|move|p2a: Wrath of Broly|Stealth Rock|p1a: Heatran
|-sidestart|p1: arthurfr4545|move: Stealth Rock
|move|p1a: Heatran|Lava Plume|p2a: Wrath of Broly
|-damage|p2a: Wrath of Broly|32/100
|
|upkeep
|turn|10
|
|t:|1760355078
|switch|p1a: Great Tusk|Great Tusk|100/100
|-damage|p1a: Great Tusk|98/100|[from] Stealth Rock
|move|p2a: Wrath of Broly|Headlong Rush|p1a: Great Tusk
|-damage|p1a: Great Tusk|55/100
|-unboost|p2a: Wrath of Broly|def|1
|-unboost|p2a: Wrath of Broly|spd|1
|-damage|p2a: Wrath of Broly|16/100|[from] item: Rocky Helmet|[of] p1a: Great Tusk
|
|upkeep
|turn|11
|
|t:|1760355083
|move|p2a: Wrath of Broly|Ice Spinner|p1a: Great Tusk
|-supereffective|p1a: Great Tusk
|-damage|p1a: Great Tusk|19/100
|-damage|p2a: Wrath of Broly|0 fnt|[from] item: Rocky Helmet|[of] p1a: Great Tusk
|faint|p2a: Wrath of Broly
|-end|p2a: Wrath of Broly|Protosynthesis|[silent]
|move|p1a: Great Tusk|Rapid Spin|p2: Wrath of Broly|[notarget]
|-fail|p1a: Great Tusk
|
|upkeep
|
|t:|1760355097
|switch|p2a: Trunks’ Resolve|Keldeo-Resolute|82/100
|-damage|p2a: Trunks’ Resolve|76/100|[from] Stealth Rock
|turn|12
|
|t:|1760355100
|move|p2a: Trunks’ Resolve|Surf|p1a: Great Tusk
|-supereffective|p1a: Great Tusk
|-damage|p1a: Great Tusk|0 fnt
|faint|p1a: Great Tusk
|-end|p1a: Great Tusk|Protosynthesis|[silent]
|
|-heal|p2a: Trunks’ Resolve|82/100|[from] item: Leftovers
|upkeep
|
|t:|1760355103
|switch|p1a: Latios|Latios, M|100/100
|-damage|p1a: Latios|88/100|[from] Stealth Rock
|turn|13
|
|t:|1760355106
|switch|p2a: Kami’s Vision|Slowking-Galar, F|100/100
|-damage|p2a: Kami’s Vision|88/100|[from] Stealth Rock
|move|p1a: Latios|Flip Turn|p2a: Kami’s Vision
|-damage|p2a: Kami’s Vision|77/100
|
|t:|1760355110
|switch|p1a: Kingambit|Kingambit, M|100/100|[from] Flip Turn
|-damage|p1a: Kingambit|94/100|[from] Stealth Rock
|-activate|p1a: Kingambit|ability: Supreme Overlord
|-start|p1a: Kingambit|fallen1|[silent]
|
|-heal|p2a: Kami’s Vision|83/100|[from] item: Black Sludge
|upkeep
|turn|14
|
|t:|1760355117
|switch|p2a: Raijin Kaiōken|Zapdos|80/100
|-damage|p2a: Raijin Kaiōken|55/100|[from] Stealth Rock
|move|p1a: Kingambit|Kowtow Cleave|p2a: Raijin Kaiōken
|-crit|p2a: Raijin Kaiōken
|-damage|p2a: Raijin Kaiōken|0 fnt
|faint|p2a: Raijin Kaiōken
|
|upkeep
|
|t:|1760355120
|switch|p2a: Trunks’ Resolve|Keldeo-Resolute|82/100
|-damage|p2a: Trunks’ Resolve|76/100|[from] Stealth Rock
|turn|15
|
|t:|1760355124
|-end|p1a: Kingambit|fallen1|[silent]
|switch|p1a: Latios|Latios, M|88/100
|-damage|p1a: Latios|76/100|[from] Stealth Rock
|move|p2a: Trunks’ Resolve|Substitute|p2a: Trunks’ Resolve
|-start|p2a: Trunks’ Resolve|Substitute
|-damage|p2a: Trunks’ Resolve|51/100
|
|-heal|p2a: Trunks’ Resolve|57/100|[from] item: Leftovers
|upkeep
|turn|16
|
|t:|1760355127
|-terastallize|p2a: Trunks’ Resolve|Steel
|move|p1a: Latios|Luster Purge|p2a: Trunks’ Resolve
|-resisted|p2a: Trunks’ Resolve
|-activate|p2a: Trunks’ Resolve|move: Substitute|[damage]
|move|p2a: Trunks’ Resolve|Calm Mind|p2a: Trunks’ Resolve
|-boost|p2a: Trunks’ Resolve|spa|1
|-boost|p2a: Trunks’ Resolve|spd|1
|
|-heal|p2a: Trunks’ Resolve|63/100|[from] item: Leftovers
|upkeep
|turn|17
|
|t:|1760355136
|switch|p1a: Rotom|Rotom-Wash|100/100
|-damage|p1a: Rotom|88/100|[from] Stealth Rock
|move|p2a: Trunks’ Resolve|Calm Mind|p2a: Trunks’ Resolve
|-boost|p2a: Trunks’ Resolve|spa|1
|-boost|p2a: Trunks’ Resolve|spd|1
|
|-heal|p2a: Trunks’ Resolve|69/100|[from] item: Leftovers
|-heal|p1a: Rotom|94/100|[from] item: Leftovers
|upkeep
|turn|18
|
|t:|1760355141
|move|p2a: Trunks’ Resolve|Substitute|p2a: Trunks’ Resolve
|-fail|p2a: Trunks’ Resolve|move: Substitute
|move|p1a: Rotom|Volt Switch|p2a: Trunks’ Resolve
|-end|p2a: Trunks’ Resolve|Substitute
|
|t:|1760355151
|switch|p1a: Heatran|Heatran, M|94/100|[from] Volt Switch
|-damage|p1a: Heatran|81/100|[from] Stealth Rock
|
|-heal|p2a: Trunks’ Resolve|75/100|[from] item: Leftovers
|upkeep
|turn|19
|
|t:|1760355156
|-terastallize|p1a: Heatran|Dragon
|move|p2a: Trunks’ Resolve|Surf|p1a: Heatran
|-resisted|p1a: Heatran
|-damage|p1a: Heatran|59/100
|move|p1a: Heatran|Lava Plume|p2a: Trunks’ Resolve
|-supereffective|p2a: Trunks’ Resolve
|-damage|p2a: Trunks’ Resolve|36/100
|-status|p2a: Trunks’ Resolve|brn
|
|-heal|p2a: Trunks’ Resolve|42/100 brn|[from] item: Leftovers
|-damage|p2a: Trunks’ Resolve|36/100 brn|[from] brn
|upkeep
|turn|20
|
|t:|1760355162
|move|p2a: Trunks’ Resolve|Secret Sword|p1a: Heatran
|-damage|p1a: Heatran|0 fnt
|faint|p1a: Heatran
|
|-heal|p2a: Trunks’ Resolve|42/100 brn|[from] item: Leftovers
|-damage|p2a: Trunks’ Resolve|36/100 brn|[from] brn
|upkeep
|
|t:|1760355179
|switch|p1a: Rotom|Rotom-Wash|94/100
|-damage|p1a: Rotom|82/100|[from] Stealth Rock
|turn|21
|
|t:|1760355182
|move|p2a: Trunks’ Resolve|Secret Sword|p1a: Rotom
|-damage|p1a: Rotom|7/100
|move|p1a: Rotom|Volt Switch|p2a: Trunks’ Resolve
|-damage|p2a: Trunks’ Resolve|23/100 brn
|
|t:|1760355185
|switch|p1a: Entei|Entei|100/100|[from] Volt Switch
|-damage|p1a: Entei|76/100|[from] Stealth Rock
|-ability|p1a: Entei|Pressure
|
|-heal|p2a: Trunks’ Resolve|29/100 brn|[from] item: Leftovers
|-damage|p2a: Trunks’ Resolve|23/100 brn|[from] brn
|upkeep
|turn|22
|
|t:|1760355191
|switch|p1a: Latios|Latios, M|76/100
|-damage|p1a: Latios|64/100|[from] Stealth Rock
|move|p2a: Trunks’ Resolve|Surf|p1a: Latios
|-resisted|p1a: Latios
|-crit|p1a: Latios
|-damage|p1a: Latios|0 fnt
|faint|p1a: Latios
|
|-heal|p2a: Trunks’ Resolve|29/100 brn|[from] item: Leftovers
|-damage|p2a: Trunks’ Resolve|23/100 brn|[from] brn
|upkeep
|
|t:|1760355196
|switch|p1a: Kingambit|Kingambit, M|94/100
|-damage|p1a: Kingambit|88/100|[from] Stealth Rock
|-activate|p1a: Kingambit|ability: Supreme Overlord
|-start|p1a: Kingambit|fallen3|[silent]
|turn|23
|
|t:|1760355200
|move|p1a: Kingambit|Sucker Punch||[still]
|-fail|p1a: Kingambit
|move|p2a: Trunks’ Resolve|Calm Mind|p2a: Trunks’ Resolve
|-boost|p2a: Trunks’ Resolve|spa|1
|-boost|p2a: Trunks’ Resolve|spd|1
|
|-heal|p2a: Trunks’ Resolve|29/100 brn|[from] item: Leftovers
|-damage|p2a: Trunks’ Resolve|23/100 brn|[from] brn
|upkeep
|turn|24
|
|t:|1760355206
|move|p2a: Trunks’ Resolve|Calm Mind|p2a: Trunks’ Resolve
|-boost|p2a: Trunks’ Resolve|spa|1
|-boost|p2a: Trunks’ Resolve|spd|1
|move|p1a: Kingambit|Kowtow Cleave|p2a: Trunks’ Resolve
|-damage|p2a: Trunks’ Resolve|0 fnt
|faint|p2a: Trunks’ Resolve
|
|upkeep
|
|t:|1760355217
|switch|p2a: Crutch Gambit|Kingambit, M|100/100
|-damage|p2a: Crutch Gambit|94/100|[from] Stealth Rock
|-activate|p2a: Crutch Gambit|ability: Supreme Overlord
|-start|p2a: Crutch Gambit|fallen3|[silent]
|turn|25
|
|t:|1760355221
|move|p2a: Crutch Gambit|Swords Dance|p2a: Crutch Gambit
|-boost|p2a: Crutch Gambit|atk|2
|move|p1a: Kingambit|Low Kick|p2a: Crutch Gambit
|-supereffective|p2a: Crutch Gambit
|-damage|p2a: Crutch Gambit|0 fnt
|faint|p2a: Crutch Gambit
|-end|p2a: Crutch Gambit|fallen3|[silent]
|
|upkeep
|-message|sahsingh forfeited.
|
|win|arthurfr4545
|raw|arthurfr4545's rating: 1651 &rarr; <strong>1675</strong><br />(+24 for winning)
|raw|sahsingh's rating: 1713 &rarr; <strong>1689</strong><br />(-24 for losing)
|l|☆sahsingh
|player|p2|
|l|☆arthurfr4545
|player|p1|
