|j|☆logelublud
|j|☆ungozugg
|t:|1760444690
|gametype|singles
|player|p1|logelublud|janitor|1273
|player|p2|ungozugg|266|1257
|gen|9
|tier|[Gen 9] OU
|rated|
|rule|HP Percentage Mod: HP is shown in percentages
|rule|Endless Battle Clause: Forcing endless battles is banned
|rule|Species Clause: Limit one of each Pokémon
|rule|OHKO Clause: OHKO moves are banned
|rule|Evasion Items Clause: Evasion items are banned
|rule|Evasion Moves Clause: Evasion moves are banned
|rule|Evasion Abilities Clause: Evasion abilities are banned
|rule|Sleep Moves Clause: Sleep-inducing moves are banned
|clearpoke
|poke|p1|Zamazenta-*|
|poke|p1|Clefable, F|
|poke|p1|Blissey, F|
|poke|p1|Dragapult, M|
|poke|p1|Gliscor, M|
|poke|p1|Iron Moth|
|poke|p2|Zapdos-Galar|
|poke|p2|Ogerpon-Wellspring, F|
|poke|p2|Raging Bolt|
|poke|p2|Iron Treads|
|poke|p2|Slowking-Galar, M|
|poke|p2|Ting-Lu|
|teampreview
|inactive|Battle timer is ON: inactive players will automatically lose when time's up. (requested by logelublud)
|
|t:|1760444698
|teamsize|p1|6
|teamsize|p2|6
|start
|switch|p1a: One Way|Gliscor, M, shiny|100/100
|switch|p2a: Iron Treads|Iron Treads|100/100
|-enditem|p2a: Iron Treads|Booster Energy
|-activate|p2a: Iron Treads|ability: Quark Drive|[fromitem]
|-start|p2a: Iron Treads|quarkdrivespe
|turn|1
|
|t:|1760444705
|move|p1a: One Way|Protect|p1a: One Way
|-singleturn|p1a: One Way|Protect
|move|p2a: Iron Treads|Stealth Rock|p1a: One Way
|-sidestart|p1: logelublud|move: Stealth Rock
|
|-status|p1a: One Way|tox|[from] item: Toxic Orb
|upkeep
|turn|2
|
|t:|1760444712
|-end|p2a: Iron Treads|Quark Drive|[silent]
|switch|p2a: Ting-Lu|Ting-Lu|100/100
|-ability|p2a: Ting-Lu|Vessel of Ruin
|move|p1a: One Way|Knock Off|p2a: Ting-Lu
|-resisted|p2a: Ting-Lu
|-damage|p2a: Ting-Lu|95/100
|-enditem|p2a: Ting-Lu|Leftovers|[from] move: Knock Off|[of] p1a: One Way
|
|upkeep
|turn|3
|
|t:|1760444721
|move|p1a: One Way|Toxic|p2a: Ting-Lu
|-status|p2a: Ting-Lu|tox
|move|p2a: Ting-Lu|Spikes|p1a: One Way
|-sidestart|p1: logelublud|Spikes
|
|-damage|p2a: Ting-Lu|89/100 tox|[from] psn
|upkeep
|turn|4
|
|t:|1760444729
|move|p1a: One Way|Earthquake|p2a: Ting-Lu
|-damage|p2a: Ting-Lu|72/100 tox
|move|p2a: Ting-Lu|Spikes|p1a: One Way
|-sidestart|p1: logelublud|Spikes
|
|-damage|p2a: Ting-Lu|59/100 tox|[from] psn
|upkeep
|turn|5
|
|t:|1760444746
|switch|p1a: Yield|Iron Moth|100/100
|move|p2a: Ting-Lu|Spikes|p1a: Yield
|-sidestart|p1: logelublud|Spikes
|
|-damage|p2a: Ting-Lu|40/100 tox|[from] psn
|upkeep
|turn|6
|
|t:|1760444761
|move|p1a: Yield|Substitute|p1a: Yield
|-start|p1a: Yield|Substitute
|-damage|p1a: Yield|76/100
|move|p2a: Ting-Lu|Ruination|p1a: Yield
|-end|p1a: Yield|Substitute
|
|-damage|p2a: Ting-Lu|15/100 tox|[from] psn
|upkeep
|turn|7
|
|t:|1760444771
|move|p1a: Yield|Substitute|p1a: Yield
|-start|p1a: Yield|Substitute
|-damage|p1a: Yield|51/100
|move|p2a: Ting-Lu|Ruination|p1a: Yield
|-end|p1a: Yield|Substitute
|
|-damage|p2a: Ting-Lu|0 fnt|[from] psn
|faint|p2a: Ting-Lu
|upkeep
|
|t:|1760444776
|switch|p2a: Zapdos|Zapdos-Galar|100/100
|turn|8
|
|t:|1760444783
|move|p2a: Zapdos|Brave Bird|p1a: Yield
|-damage|p1a: Yield|0 fnt
|faint|p1a: Yield
|-end|p1a: Yield|Quark Drive|[silent]
|-damage|p2a: Zapdos|85/100|[from] Recoil
|
|upkeep
|
|t:|1760444791
|switch|p1a: Stop|Zamazenta|100/100
|-damage|p1a: Stop|94/100|[from] Stealth Rock
|-damage|p1a: Stop|69/100|[from] Spikes
|-ability|p1a: Stop|Dauntless Shield|boost
|-boost|p1a: Stop|def|1
|turn|9
|
|t:|1760444807
|switch|p1a: One Way|Gliscor, M, shiny|100/100 tox
|-damage|p1a: One Way|88/100 tox|[from] Stealth Rock
|move|p2a: Zapdos|Brave Bird|p1a: One Way
|-damage|p1a: One Way|51/100 tox
|-damage|p2a: Zapdos|71/100|[from] Recoil
|
|-heal|p1a: One Way|63/100 tox|[from] ability: Poison Heal
|upkeep
|turn|10
|
|t:|1760444819
|switch|p2a: Ogerpon|Ogerpon-Wellspring, F|100/100
|move|p1a: One Way|Protect||[still]
|-fail|p1a: One Way
|
|-heal|p1a: One Way|76/100 tox|[from] ability: Poison Heal
|upkeep
|turn|11
|
|t:|1760444835
|-terastallize|p1a: One Way|Water
|move|p2a: Ogerpon|Ivy Cudgel|p1a: One Way|[anim] Ivy Cudgel Water
|-resisted|p1a: One Way
|-damage|p1a: One Way|59/100 tox
|move|p1a: One Way|Knock Off|p2a: Ogerpon
|-damage|p2a: Ogerpon|81/100
|
|-heal|p1a: One Way|71/100 tox|[from] ability: Poison Heal
|upkeep
|turn|12
|
|t:|1760444840
|move|p1a: One Way|Protect|p1a: One Way
|-singleturn|p1a: One Way|Protect
|move|p2a: Ogerpon|Power Whip|p1a: One Way
|-activate|p1a: One Way|move: Protect
|
|-heal|p1a: One Way|84/100 tox|[from] ability: Poison Heal
|upkeep
|turn|13
|
|t:|1760444850
|switch|p1a: U-Turn|Dragapult, M, shiny|100/100
|move|p2a: Ogerpon|Power Whip|p1a: U-Turn|[miss]
|-miss|p2a: Ogerpon|p1a: U-Turn
|
|upkeep
|turn|14
|
|t:|1760444865
|move|p1a: U-Turn|Will-O-Wisp|p2a: Ogerpon
|-status|p2a: Ogerpon|brn
|move|p2a: Ogerpon|Play Rough|p1a: U-Turn
|-supereffective|p1a: U-Turn
|-damage|p1a: U-Turn|51/100
|
|-damage|p2a: Ogerpon|75/100 brn|[from] brn
|upkeep
|turn|15
|
|t:|1760444873
|move|p1a: U-Turn|Hex|p2a: Ogerpon
|-damage|p2a: Ogerpon|23/100 brn
|move|p2a: Ogerpon|Play Rough|p1a: U-Turn
|-supereffective|p1a: U-Turn
|-damage|p1a: U-Turn|4/100
|
|-damage|p2a: Ogerpon|17/100 brn|[from] brn
|upkeep
|turn|16
|
|t:|1760444879
|move|p1a: U-Turn|Hex|p2a: Ogerpon
|-damage|p2a: Ogerpon|0 fnt
|faint|p2a: Ogerpon
|
|upkeep
|
|t:|1760444881
|switch|p2a: Zapdos|Zapdos-Galar|71/100
|turn|17
|
|t:|1760444892
|switch|p1a: One Way|Gliscor, M, shiny, tera:Water|84/100 tox
|-damage|p1a: One Way|71/100 tox|[from] Stealth Rock
|-damage|p1a: One Way|46/100 tox|[from] Spikes
|move|p2a: Zapdos|U-turn|p1a: One Way
|-damage|p1a: One Way|30/100 tox
|
|t:|1760444900
|switch|p2a: Raging Bolt|Raging Bolt|100/100|[from] U-turn
|
|-heal|p1a: One Way|43/100 tox|[from] ability: Poison Heal
|upkeep
|turn|18
|
|t:|1760444907
|move|p1a: One Way|Protect|p1a: One Way
|-singleturn|p1a: One Way|Protect
|move|p2a: Raging Bolt|Volt Switch|p1a: One Way
|-activate|p1a: One Way|move: Protect
|
|-heal|p1a: One Way|55/100 tox|[from] ability: Poison Heal
|upkeep
|turn|19
|
|t:|1760444918
|move|p2a: Raging Bolt|Volt Switch|p1a: One Way
|-supereffective|p1a: One Way
|-damage|p1a: One Way|0 fnt
|faint|p1a: One Way
|
|t:|1760444930
|-end|p2a: Raging Bolt|Protosynthesis|[silent]
|switch|p2a: Slowking|Slowking-Galar, M|100/100|[from] Volt Switch
|
|upkeep
|
|t:|1760444944
|switch|p1a: Stop|Zamazenta|69/100
|-damage|p1a: Stop|63/100|[from] Stealth Rock
|-damage|p1a: Stop|38/100|[from] Spikes
|turn|20
|
|t:|1760444950
|move|p1a: Stop|Crunch|p2a: Slowking
|-supereffective|p2a: Slowking
|-damage|p2a: Slowking|50/100
|move|p2a: Slowking|Thunder Wave|p1a: Stop
|-status|p1a: Stop|par
|
|-heal|p1a: Stop|44/100 par|[from] item: Leftovers
|upkeep
|turn|21
|
|t:|1760444959
|move|p1a: Stop|Crunch|p2a: Slowking
|-supereffective|p2a: Slowking
|-damage|p2a: Slowking|0 fnt
|faint|p2a: Slowking
|
|-heal|p1a: Stop|50/100 par|[from] item: Leftovers
|upkeep
|
|t:|1760444961
|switch|p2a: Zapdos|Zapdos-Galar|71/100
|turn|22
|
|t:|1760444964
|move|p2a: Zapdos|Brave Bird|p1a: Stop
|-supereffective|p1a: Stop
|-damage|p1a: Stop|0 fnt
|faint|p1a: Stop
|-damage|p2a: Zapdos|51/100|[from] Recoil
|
|upkeep
|
|t:|1760444967
|switch|p1a: School Zone|Clefable, F, shiny|100/100
|turn|23
|
|t:|1760444974
|switch|p2a: Iron Treads|Iron Treads|100/100
|move|p1a: School Zone|Cosmic Power|p1a: School Zone
|-boost|p1a: School Zone|def|1
|-boost|p1a: School Zone|spd|1
|
|upkeep
|turn|24
|
|t:|1760444979
|move|p2a: Iron Treads|Steel Beam|p1a: School Zone
|-supereffective|p1a: School Zone
|-damage|p1a: School Zone|42/100
|-damage|p2a: Iron Treads|50/100|[from] steelbeam
|move|p1a: School Zone|Cosmic Power|p1a: School Zone
|-boost|p1a: School Zone|def|1
|-boost|p1a: School Zone|spd|1
|
|upkeep
|turn|25
|
|t:|1760444984
|move|p2a: Iron Treads|Steel Beam|p1a: School Zone
|-supereffective|p1a: School Zone
|-damage|p1a: School Zone|0 fnt
|-damage|p2a: Iron Treads|0 fnt|[from] steelbeam
|faint|p2a: Iron Treads
|-end|p2a: Iron Treads|Quark Drive|[silent]
|faint|p1a: School Zone
|
|upkeep
|
|t:|1760444992
|switch|p2a: Raging Bolt|Raging Bolt|100/100
|switch|p1a: U-Turn|Dragapult, M, shiny|4/100
|turn|26
|
|t:|1760444998
|move|p1a: U-Turn|Dragon Darts|p2a: Raging Bolt
|-supereffective|p2a: Raging Bolt
|-damage|p2a: Raging Bolt|59/100
|-anim|p1a: U-Turn|Dragon Darts|p2a: Raging Bolt
|-supereffective|p2a: Raging Bolt
|-damage|p2a: Raging Bolt|19/100
|move|p2a: Raging Bolt|Thunderbolt|p1a: U-Turn
|-resisted|p1a: U-Turn
|-damage|p1a: U-Turn|0 fnt
|faint|p1a: U-Turn
|
|upkeep
|
|t:|1760445001
|switch|p1a: No Entry|Blissey, F|100/100
|turn|27
|
|t:|1760445007
|move|p2a: Raging Bolt|Dragon Pulse|p1a: No Entry
|-damage|p1a: No Entry|85/100
|move|p1a: No Entry|Ice Beam|p2a: Raging Bolt
|-supereffective|p2a: Raging Bolt
|-damage|p2a: Raging Bolt|0 fnt
|faint|p2a: Raging Bolt
|-end|p2a: Raging Bolt|Protosynthesis|[silent]
|
|upkeep
|
|t:|1760445009
|switch|p2a: Zapdos|Zapdos-Galar|51/100
|turn|28
|
|t:|1760445015
|-terastallize|p2a: Zapdos|Fighting
|move|p2a: Zapdos|Close Combat|p1a: No Entry
|-supereffective|p1a: No Entry
|-damage|p1a: No Entry|0 fnt
|-unboost|p2a: Zapdos|def|1
|-unboost|p2a: Zapdos|spd|1
|faint|p1a: No Entry
|
|win|ungozugg
|raw|logelublud's rating: 1273 &rarr; <strong>1247</strong><br />(-26 for losing)
|raw|ungozugg's rating: 1257 &rarr; <strong>1283</strong><br />(+26 for winning)
|l|☆logelublud
|player|p1|
|l|☆ungozugg
|player|p2|
