|j|☆KantoKing1307
|j|☆Lord Shiest
|t:|1760374104
|gametype|singles
|player|p1|KantoKing1307|1|1401
|player|p2|Lord Shiest|cynthia-gen4|1429
|gen|9
|tier|[Gen 9] OU
|rated|
|rule|HP Percentage Mod: HP is shown in percentages
|rule|Endless Battle Clause: Forcing endless battles is banned
|rule|Species Clause: Limit one of each Pokémon
|rule|OHKO Clause: OHKO moves are banned
|rule|Evasion Items Clause: Evasion items are banned
|rule|Evasion Moves Clause: Evasion moves are banned
|rule|Evasion Abilities Clause: Evasion abilities are banned
|rule|Sleep Moves Clause: Sleep-inducing moves are banned
|clearpoke
|poke|p1|Jolteon, M|
|poke|p1|Quaquaval, M|
|poke|p1|Arcanine-Hisui, M|
|poke|p1|Corviknight, M|
|poke|p1|Scizor, M|
|poke|p1|Mew|
|poke|p2|Dragonite, F|
|poke|p2|Ninetales, M|
|poke|p2|Hatterene, F|
|poke|p2|Ceruledge, M|
|poke|p2|Whimsicott, F|
|poke|p2|Landorus-Therian, M|
|teampreview
|inactive|Battle timer is ON: inactive players will automatically lose when time's up. (requested by Lord Shiest)
|inactive|KantoKing1307 has 120 seconds left.
|inactive|KantoKing1307 has 90 seconds left.
|
|t:|1760374188
|teamsize|p1|6
|teamsize|p2|6
|start
|switch|p1a: Quaquaval|Quaquaval, M|100/100
|switch|p2a: Landorus|Landorus-Therian, M|100/100
|-ability|p2a: Landorus|Intimidate|boost
|-unboost|p1a: Quaquaval|atk|1
|turn|1
|
|t:|1760374197
|move|p2a: Landorus|Earthquake|p1a: Quaquaval
|-damage|p1a: Quaquaval|24/100
|move|p1a: Quaquaval|Swords Dance|p1a: Quaquaval
|-boost|p1a: Quaquaval|atk|2
|
|upkeep
|turn|2
|
|t:|1760374208
|move|p2a: Landorus|Earthquake|p1a: Quaquaval
|-damage|p1a: Quaquaval|0 fnt
|faint|p1a: Quaquaval
|
|upkeep
|
|t:|1760374217
|switch|p1a: Corviknight|Corviknight, M|100/100
|turn|3
|
|t:|1760374229
|switch|p2a: Hatterene|Hatterene, F|100/100
|move|p1a: Corviknight|U-turn|p2a: Hatterene
|-damage|p2a: Hatterene|84/100
|
|t:|1760374233
|switch|p1a: Arcanine|Arcanine-Hisui, M|100/100|[from] U-turn
|
|upkeep
|turn|4
|
|t:|1760374245
|move|p1a: Arcanine|Head Smash|p2a: Hatterene
|-damage|p2a: Hatterene|0 fnt
|faint|p2a: Hatterene
|
|upkeep
|
|t:|1760374249
|switch|p2a: Landorus|Landorus-Therian, M|100/100
|-ability|p2a: Landorus|Intimidate|boost
|-unboost|p1a: Arcanine|atk|1
|turn|5
|
|t:|1760374253
|switch|p1a: Corviknight|Corviknight, M|100/100
|move|p2a: Landorus|U-turn|p1a: Corviknight
|-resisted|p1a: Corviknight
|-damage|p1a: Corviknight|96/100
|-damage|p2a: Landorus|84/100|[from] item: Rocky Helmet|[of] p1a: Corviknight
|
|t:|1760374277
|switch|p2a: Ceruledge|Ceruledge, M|100/100|[from] U-turn
|
|upkeep
|turn|6
|
|t:|1760374291
|switch|p1a: Jolteon|Jolteon, M|100/100
|move|p2a: Ceruledge|Swords Dance|p2a: Ceruledge
|-boost|p2a: Ceruledge|atk|2
|
|upkeep
|turn|7
|
|t:|1760374304
|move|p1a: Jolteon|Volt Switch|p2a: Ceruledge
|-damage|p2a: Ceruledge|44/100
|
|t:|1760374308
|switch|p1a: Arcanine|Arcanine-Hisui, M|100/100|[from] Volt Switch
|move|p2a: Ceruledge|Bitter Blade|p1a: Arcanine
|-resisted|p1a: Arcanine
|-damage|p1a: Arcanine|74/100
|-heal|p2a: Ceruledge|59/100|[from] drain|[of] p1a: Arcanine
|
|upkeep
|turn|8
|
|t:|1760374320
|switch|p2a: Landorus|Landorus-Therian, M|84/100
|-ability|p2a: Landorus|Intimidate|boost
|-unboost|p1a: Arcanine|atk|1
|move|p1a: Arcanine|Head Smash|p2a: Landorus
|-damage|p2a: Landorus|1/100
|
|upkeep
|turn|9
|
|t:|1760374328
|switch|p1a: Corviknight|Corviknight, M|96/100
|move|p2a: Landorus|U-turn|p1a: Corviknight
|-resisted|p1a: Corviknight
|-damage|p1a: Corviknight|93/100
|-damage|p2a: Landorus|0 fnt|[from] item: Rocky Helmet|[of] p1a: Corviknight
|faint|p2a: Landorus
|
|upkeep
|
|t:|1760374336
|switch|p2a: Ninetales|Ninetales, M|100/100
|-weather|SunnyDay|[from] ability: Drought|[of] p2a: Ninetales
|turn|10
|
|t:|1760374357
|switch|p1a: Arcanine|Arcanine-Hisui, M|74/100
|move|p2a: Ninetales|Flamethrower|p1a: Arcanine
|-resisted|p1a: Arcanine
|-damage|p1a: Arcanine|61/100
|
|-weather|SunnyDay|[upkeep]
|upkeep
|turn|11
|inactive|KantoKing1307 has 120 seconds left.
|
|t:|1760374383
|move|p2a: Ninetales|Healing Wish|p2a: Ninetales
|faint|p2a: Ninetales
|move|p1a: Arcanine|Head Smash|p2: Ninetales|[notarget]
|-fail|p1a: Arcanine
|
|-weather|SunnyDay|[upkeep]
|upkeep
|l|☆Lord Shiest
|inactive|Lord Shiest disconnected and has a minute to reconnect!
|player|p2|
|inactive|Lord Shiest has 30 seconds to reconnect!
|inactive|Lord Shiest has 20 seconds to reconnect!
|inactive|Lord Shiest has 15 seconds to reconnect!
|inactive|Lord Shiest has 10 seconds to reconnect!
|inactive|Lord Shiest has 5 seconds to reconnect!
|-message|Lord Shiest lost due to inactivity.
|
|win|KantoKing1307
|raw|KantoKing1307's rating: 1401 &rarr; <strong>1423</strong><br />(+22 for winning)
|raw|Lord Shiest's rating: 1429 &rarr; <strong>1407</strong><br />(-22 for losing)
|l|☆KantoKing1307
|player|p1|
