|badge|p1|silver|gen9doublesou|30-7
|badge|p1|bronze|gen9ru|100-7
|uhtml|medal-msg|<div class="broadcast-blue">Curious what those medals under the avatar are? PS now has Ladder Seasons! For more information, check out the <a href="https://www.smogon.com/forums/threads/3740067/">thread on Smogon.</a></div>
|j|☆3idk
|j|☆Spyro190 testing
|t:|1760361104
|gametype|singles
|player|p1|3idk|cynthia-masters|1616
|player|p2|Spyro190 testing|bugcatcher-gen4dp|1639
|gen|9
|tier|[Gen 9] OU
|rated|
|rule|HP Percentage Mod: HP is shown in percentages
|rule|Endless Battle Clause: Forcing endless battles is banned
|rule|Species Clause: Limit one of each Pokémon
|rule|OHKO Clause: OHKO moves are banned
|rule|Evasion Items Clause: Evasion items are banned
|rule|Evasion Moves Clause: Evasion moves are banned
|rule|Evasion Abilities Clause: Evasion abilities are banned
|rule|Sleep Moves Clause: Sleep-inducing moves are banned
|clearpoke
|poke|p1|Pelipper, F|
|poke|p1|Tornadus-Therian, M|
|poke|p1|Iron Treads|
|poke|p1|Decidueye-Hisui, M|
|poke|p1|Barraskewda, F|
|poke|p1|Raging Bolt|
|poke|p2|Enamorus, F|
|poke|p2|Slowking-Galar, F|
|poke|p2|Cinderace, M|
|poke|p2|Alomomola, F|
|poke|p2|Lokix, M|
|poke|p2|Great Tusk|
|teampreview
|inactive|Battle timer is ON: inactive players will automatically lose when time's up. (requested by 3idk)
|
|t:|1760361130
|teamsize|p1|6
|teamsize|p2|6
|start
|switch|p1a: Pelipper|Pelipper, F|100/100
|switch|p2a: Alomomola|Alomomola, F|100/100
|-weather|RainDance|[from] ability: Drizzle|[of] p1a: Pelipper
|turn|1
|
|t:|1760361138
|move|p2a: Alomomola|Flip Turn|p1a: Pelipper
|-resisted|p1a: Pelipper
|-damage|p1a: Pelipper|91/100
|
|t:|1760361142
|switch|p2a: Slowking|Slowking-Galar, F|100/100|[from] Flip Turn
|move|p1a: Pelipper|Hurricane|p2a: Slowking
|-damage|p2a: Slowking|71/100
|
|-weather|RainDance|[upkeep]
|upkeep
|turn|2
|
|t:|1760361149
|move|p1a: Pelipper|U-turn|p2a: Slowking
|-damage|p2a: Slowking|65/100
|
|t:|1760361151
|switch|p1a: Tornadus|Tornadus-Therian, M|100/100|[from] U-turn
|-prepare|p2a: Slowking|Chilly Reception|[premajor]
|move|p2a: Slowking|Chilly Reception|p2a: Slowking
|-weather|Snowscape
|
|t:|1760361159
|switch|p2a: Alomomola|Alomomola, F|100/100|[from] Chilly Reception
|
|-weather|Snowscape|[upkeep]
|upkeep
|turn|3
|
|t:|1760361164
|move|p1a: Tornadus|U-turn|p2a: Alomomola
|-damage|p2a: Alomomola|90/100
|
|t:|1760361167
|switch|p1a: Pelipper|Pelipper, F|91/100|[from] U-turn
|-weather|RainDance|[from] ability: Drizzle|[of] p1a: Pelipper
|move|p2a: Alomomola|Body Slam|p1a: Pelipper
|-damage|p1a: Pelipper|79/100
|
|-weather|RainDance|[upkeep]
|upkeep
|turn|4
|
|t:|1760361173
|move|p1a: Pelipper|U-turn|p2a: Alomomola
|-damage|p2a: Alomomola|83/100
|
|t:|1760361176
|switch|p1a: Tornadus|Tornadus-Therian, M|100/100|[from] U-turn
|move|p2a: Alomomola|Body Slam|p1a: Tornadus
|-damage|p1a: Tornadus|78/100
|-status|p1a: Tornadus|par
|
|-weather|RainDance|[upkeep]
|upkeep
|turn|5
|
|t:|1760361180
|cant|p1a: Tornadus|par
|move|p2a: Alomomola|Mirror Coat||[still]
|-fail|p2a: Alomomola
|
|-weather|RainDance|[upkeep]
|upkeep
|turn|6
|
|t:|1760361184
|cant|p1a: Tornadus|par
|move|p2a: Alomomola|Flip Turn|p1a: Tornadus
|-crit|p1a: Tornadus
|-damage|p1a: Tornadus|32/100 par
|
|t:|1760361190
|switch|p2a: Lokix|Lokix, M|100/100|[from] Flip Turn
|
|-weather|RainDance|[upkeep]
|upkeep
|turn|7
|
|t:|1760361196
|switch|p1a: Decidueye|Decidueye-Hisui, M|100/100
|move|p2a: Lokix|U-turn|p1a: Decidueye
|-damage|p1a: Decidueye|60/100
|-damage|p2a: Lokix|84/100|[from] item: Rocky Helmet|[of] p1a: Decidueye
|
|t:|1760361208
|switch|p2a: Cinderace|Cinderace, M|100/100|[from] U-turn
|
|-weather|RainDance|[upkeep]
|upkeep
|turn|8
|
|t:|1760361213
|switch|p1a: Tornadus|Tornadus-Therian, M|65/100 par
|move|p2a: Cinderace|Will-O-Wisp||[still]
|-fail|p2a: Cinderace
|
|-weather|RainDance|[upkeep]
|upkeep
|turn|9
|
|t:|1760361217
|move|p2a: Cinderace|U-turn|p1a: Tornadus
|-resisted|p1a: Tornadus
|-damage|p1a: Tornadus|51/100 par
|
|t:|1760361221
|switch|p2a: Slowking|Slowking-Galar, F|98/100|[from] U-turn
|move|p1a: Tornadus|Hurricane|p2a: Slowking
|-damage|p2a: Slowking|42/100
|
|-weather|RainDance|[upkeep]
|upkeep
|turn|10
|
|t:|1760361228
|switch|p2a: Alomomola|Alomomola, F|100/100
|move|p1a: Tornadus|Hurricane|p2a: Alomomola
|-damage|p2a: Alomomola|61/100
|
|-weather|none
|upkeep
|turn|11
|
|t:|1760361235
|switch|p1a: Decidueye|Decidueye-Hisui, M|60/100
|move|p2a: Alomomola|Flip Turn|p1a: Decidueye
|-resisted|p1a: Decidueye
|-damage|p1a: Decidueye|54/100
|-damage|p2a: Alomomola|44/100|[from] item: Rocky Helmet|[of] p1a: Decidueye
|
|t:|1760361240
|switch|p2a: Cinderace|Cinderace, M|100/100|[from] Flip Turn
|
|upkeep
|turn|12
|
|t:|1760361243
|switch|p1a: Pelipper|Pelipper, F|79/100
|-weather|RainDance|[from] ability: Drizzle|[of] p1a: Pelipper
|move|p2a: Cinderace|Pyro Ball|p1a: Pelipper
|-resisted|p1a: Pelipper
|-damage|p1a: Pelipper|70/100
|
|-weather|RainDance|[upkeep]
|upkeep
|turn|13
|
|t:|1760361247
|move|p2a: Cinderace|U-turn|p1a: Pelipper
|-resisted|p1a: Pelipper
|-damage|p1a: Pelipper|63/100
|
|t:|1760361252
|switch|p2a: Slowking|Slowking-Galar, F|75/100|[from] U-turn
|move|p1a: Pelipper|Surf|p2a: Slowking
|-damage|p2a: Slowking|40/100
|
|-weather|RainDance|[upkeep]
|upkeep
|turn|14
|
|t:|1760361261
|move|p1a: Pelipper|U-turn|p2a: Slowking
|-damage|p2a: Slowking|33/100
|
|t:|1760361265
|switch|p1a: Tornadus|Tornadus-Therian, M|84/100 par|[from] U-turn
|-prepare|p2a: Slowking|Chilly Reception|[premajor]
|move|p2a: Slowking|Chilly Reception|p2a: Slowking
|-weather|Snowscape
|
|t:|1760361271
|switch|p2a: Lokix|Lokix, M|84/100|[from] Chilly Reception
|
|-weather|Snowscape|[upkeep]
|upkeep
|turn|15
|
|t:|1760361281
|switch|p1a: Decidueye|Decidueye-Hisui, M|54/100
|move|p2a: Lokix|U-turn|p1a: Decidueye
|-damage|p1a: Decidueye|14/100
|-damage|p2a: Lokix|68/100|[from] item: Rocky Helmet|[of] p1a: Decidueye
|
|t:|1760361287
|switch|p2a: Enamorus|Enamorus, F|100/100|[from] U-turn
|
|-weather|Snowscape|[upkeep]
|upkeep
|turn|16
|
|t:|1760361292
|switch|p2a: Cinderace|Cinderace, M|100/100
|switch|p1a: Iron Treads|Iron Treads|100/100
|
|-weather|Snowscape|[upkeep]
|upkeep
|turn|17
|
|t:|1760361297
|-end|p1a: Iron Treads|Quark Drive|[silent]
|switch|p1a: Tornadus|Tornadus-Therian, M|100/100 par
|move|p2a: Cinderace|U-turn|p1a: Tornadus
|-resisted|p1a: Tornadus
|-damage|p1a: Tornadus|87/100 par
|
|t:|1760361300
|switch|p2a: Lokix|Lokix, M|68/100|[from] U-turn
|
|-weather|Snowscape|[upkeep]
|upkeep
|turn|18
|
|t:|1760361303
|move|p2a: Lokix|U-turn|p1a: Tornadus
|-resisted|p1a: Tornadus
|-damage|p1a: Tornadus|17/100 par
|
|t:|1760361306
|switch|p2a: Alomomola|Alomomola, F|78/100|[from] U-turn
|move|p1a: Tornadus|U-turn|p2a: Alomomola
|-damage|p2a: Alomomola|67/100
|
|t:|1760361313
|switch|p1a: Pelipper|Pelipper, F|63/100|[from] U-turn
|-weather|RainDance|[from] ability: Drizzle|[of] p1a: Pelipper
|
|-weather|RainDance|[upkeep]
|upkeep
|turn|19
|
|t:|1760361317
|move|p1a: Pelipper|U-turn|p2a: Alomomola
|-damage|p2a: Alomomola|60/100
|
|t:|1760361321
|switch|p1a: Tornadus|Tornadus-Therian, M|50/100 par|[from] U-turn
|move|p2a: Alomomola|Flip Turn|p1a: Tornadus
|-damage|p1a: Tornadus|18/100 par
|
|t:|1760361324
|switch|p2a: Lokix|Lokix, M|68/100|[from] Flip Turn
|
|-weather|RainDance|[upkeep]
|upkeep
|turn|20
|
|t:|1760361328
|switch|p1a: Decidueye|Decidueye-Hisui, M|14/100
|move|p2a: Lokix|U-turn|p1a: Decidueye
|-damage|p1a: Decidueye|0 fnt
|-damage|p2a: Lokix|51/100|[from] item: Rocky Helmet|[of] p1a: Decidueye
|faint|p1a: Decidueye
|
|t:|1760361338
|switch|p2a: Alomomola|Alomomola, F|93/100|[from] U-turn
|
|-weather|RainDance|[upkeep]
|upkeep
|
|t:|1760361345
|switch|p1a: Tornadus|Tornadus-Therian, M|51/100 par
|turn|21
|
|t:|1760361348
|move|p1a: Tornadus|U-turn|p2a: Alomomola
|-damage|p2a: Alomomola|82/100
|
|t:|1760361354
|switch|p1a: Barraskewda|Barraskewda, F|100/100|[from] U-turn
|move|p2a: Alomomola|Flip Turn|p1a: Barraskewda
|-resisted|p1a: Barraskewda
|-damage|p1a: Barraskewda|77/100
|
|t:|1760361360
|switch|p2a: Lokix|Lokix, M|51/100|[from] Flip Turn
|
|-weather|RainDance|[upkeep]
|upkeep
|turn|22
|
|t:|1760361367
|switch|p1a: Iron Treads|Iron Treads|100/100
|switch|p2a: Alomomola|Alomomola, F|100/100
|
|-weather|RainDance|[upkeep]
|upkeep
|turn|23
|
|t:|1760361371
|move|p1a: Iron Treads|Stealth Rock|p2a: Alomomola
|-sidestart|p2: Spyro190 testing|move: Stealth Rock
|move|p2a: Alomomola|Flip Turn|p1a: Iron Treads
|-supereffective|p1a: Iron Treads
|-damage|p1a: Iron Treads|64/100
|
|t:|1760361381
|switch|p2a: Cinderace|Cinderace, M|100/100|[from] Flip Turn
|
|-weather|RainDance|[upkeep]
|-heal|p1a: Iron Treads|70/100|[from] item: Leftovers
|upkeep
|turn|24
|
|t:|1760361389
|-end|p1a: Iron Treads|Quark Drive|[silent]
|switch|p1a: Tornadus|Tornadus-Therian, M|84/100 par
|move|p2a: Cinderace|Will-O-Wisp||[still]
|-fail|p2a: Cinderace
|
|-weather|RainDance|[upkeep]
|upkeep
|turn|25
|
|t:|1760361396
|move|p2a: Cinderace|U-turn|p1a: Tornadus
|-resisted|p1a: Tornadus
|-damage|p1a: Tornadus|72/100 par
|
|t:|1760361399
|switch|p2a: Alomomola|Alomomola, F|100/100|[from] U-turn
|-damage|p2a: Alomomola|88/100|[from] Stealth Rock
|move|p1a: Tornadus|Hurricane|p2a: Alomomola
|-damage|p2a: Alomomola|49/100
|
|-weather|none
|upkeep
|turn|26
|
|t:|1760361407
|-terastallize|p1a: Tornadus|Flying
|move|p1a: Tornadus|Hurricane|p2a: Alomomola|[miss]
|-miss|p1a: Tornadus|p2a: Alomomola
|move|p2a: Alomomola|Flip Turn|p1a: Tornadus
|-damage|p1a: Tornadus|48/100 par
|
|t:|1760361417
|switch|p2a: Lokix|Lokix, M|51/100|[from] Flip Turn
|-damage|p2a: Lokix|26/100|[from] Stealth Rock
|
|upkeep
|turn|27
|
|t:|1760361422
|switch|p1a: Iron Treads|Iron Treads|70/100
|move|p2a: Lokix|Leech Life|p1a: Iron Treads
|-resisted|p1a: Iron Treads
|-damage|p1a: Iron Treads|25/100
|-heal|p2a: Lokix|56/100|[from] drain|[of] p1a: Iron Treads
|
|-heal|p1a: Iron Treads|31/100|[from] item: Leftovers
|upkeep
|turn|28
|
|t:|1760361430
|move|p2a: Lokix|Leech Life|p1a: Iron Treads
|-resisted|p1a: Iron Treads
|-damage|p1a: Iron Treads|0 fnt
|-heal|p2a: Lokix|76/100|[from] drain|[of] p1a: Iron Treads
|faint|p1a: Iron Treads
|-end|p1a: Iron Treads|Quark Drive|[silent]
|
|upkeep
|
|t:|1760361434
|switch|p1a: Barraskewda|Barraskewda, F|77/100
|turn|29
|
|t:|1760361438
|switch|p2a: Alomomola|Alomomola, F|83/100
|-damage|p2a: Alomomola|70/100|[from] Stealth Rock
|move|p1a: Barraskewda|Aqua Jet|p2a: Alomomola
|-resisted|p2a: Alomomola
|-damage|p2a: Alomomola|60/100
|-damage|p1a: Barraskewda|67/100|[from] item: Life Orb
|
|upkeep
|turn|30
|-message|3idk forfeited.
|
|win|Spyro190 testing
|raw|3idk's rating: 1616 &rarr; <strong>1597</strong><br />(-19 for losing)
|raw|Spyro190 testing's rating: 1639 &rarr; <strong>1658</strong><br />(+19 for winning)
|l|☆3idk
|player|p1|
|l|☆Spyro190 testing
|player|p2|
