|j|☆qwasdzxcvbh
|j|☆AlwaysSunnyInAlola
|t:|1760300425
|gametype|singles
|player|p1|qwasdzxcvbh|169|1028
|player|p2|AlwaysSunnyInAlola|teamrocket|1063
|gen|9
|tier|[Gen 9] OU
|rated|
|rule|HP Percentage Mod: HP is shown in percentages
|rule|Endless Battle Clause: Forcing endless battles is banned
|rule|Species Clause: Limit one of each Pokémon
|rule|OHKO Clause: OHKO moves are banned
|rule|Evasion Items Clause: Evasion items are banned
|rule|Evasion Moves Clause: Evasion moves are banned
|rule|Evasion Abilities Clause: Evasion abilities are banned
|rule|Sleep Moves Clause: Sleep-inducing moves are banned
|clearpoke
|poke|p1|Quaquaval, F|
|poke|p1|Mimikyu, M|
|poke|p1|Bellibolt, M|
|poke|p1|Garchomp, F|
|poke|p1|Breloom, F|
|poke|p2|Garganacl, F|
|poke|p2|Great Tusk|
|poke|p2|Muk-Alola, M|
|poke|p2|Gholdengo|
|poke|p2|Zamazenta-*|
|poke|p2|Primarina, M|
|teampreview
|
|t:|1760300431
|teamsize|p1|5
|teamsize|p2|6
|start
|switch|p1a: Breloom|Breloom, F|100/100
|switch|p2a: White Girl|Garganacl, F|100/100
|turn|1
|
|t:|1760300438
|move|p1a: Breloom|Protect|p1a: Breloom
|-singleturn|p1a: Breloom|Protect
|move|p2a: White Girl|Salt Cure|p1a: Breloom
|-activate|p1a: Breloom|move: Protect
|
|-status|p1a: Breloom|tox|[from] item: Toxic Orb
|upkeep
|turn|2
|
|t:|1760300448
|move|p1a: Breloom|Seed Bomb|p2a: White Girl
|-supereffective|p2a: White Girl
|-damage|p2a: White Girl|47/100
|move|p2a: White Girl|Salt Cure|p1a: Breloom
|-resisted|p1a: Breloom
|-damage|p1a: Breloom|92/100 tox
|-start|p1a: Breloom|Salt Cure
|
|-heal|p2a: White Girl|53/100|[from] item: Leftovers
|-heal|p1a: Breloom|100/100 tox|[from] ability: Poison Heal
|-damage|p1a: Breloom|88/100 tox|[from] Salt Cure
|upkeep
|turn|3
|
|t:|1760300460
|move|p2a: White Girl|Protect|p2a: White Girl
|-singleturn|p2a: White Girl|Protect
|move|p1a: Breloom|Seed Bomb|p2a: White Girl
|-activate|p2a: White Girl|move: Protect
|
|-heal|p2a: White Girl|59/100|[from] item: Leftovers
|-heal|p1a: Breloom|100/100 tox|[from] ability: Poison Heal
|-damage|p1a: Breloom|88/100 tox|[from] Salt Cure
|upkeep
|turn|4
|
|t:|1760300472
|-terastallize|p2a: White Girl|Flying
|move|p1a: Breloom|Seed Bomb|p2a: White Girl
|-resisted|p2a: White Girl
|-damage|p2a: White Girl|45/100
|move|p2a: White Girl|Recover|p2a: White Girl
|-heal|p2a: White Girl|96/100
|
|-heal|p2a: White Girl|100/100|[from] item: Leftovers
|-heal|p1a: Breloom|100/100 tox|[from] ability: Poison Heal
|-damage|p1a: Breloom|88/100 tox|[from] Salt Cure
|upkeep
|turn|5
|
|t:|1760300484
|move|p1a: Breloom|Facade|p2a: White Girl
|-damage|p2a: White Girl|67/100
|move|p2a: White Girl|Salt Cure|p1a: Breloom
|-resisted|p1a: Breloom
|-damage|p1a: Breloom|79/100 tox
|
|-heal|p2a: White Girl|73/100|[from] item: Leftovers
|-heal|p1a: Breloom|92/100 tox|[from] ability: Poison Heal
|-damage|p1a: Breloom|79/100 tox|[from] Salt Cure
|upkeep
|turn|6
|
|t:|1760300501
|switch|p2a: Disco Biscuits|Zamazenta, shiny|100/100
|-ability|p2a: Disco Biscuits|Dauntless Shield|boost
|-boost|p2a: Disco Biscuits|def|1
|move|p1a: Breloom|Facade|p2a: Disco Biscuits
|-damage|p2a: Disco Biscuits|68/100
|
|-heal|p1a: Breloom|92/100 tox|[from] ability: Poison Heal
|-damage|p1a: Breloom|79/100 tox|[from] Salt Cure
|upkeep
|turn|7
|
|t:|1760300519
|move|p1a: Breloom|Protect|p1a: Breloom
|-singleturn|p1a: Breloom|Protect
|move|p2a: Disco Biscuits|Crunch|p1a: Breloom
|-activate|p1a: Breloom|move: Protect
|
|-heal|p1a: Breloom|92/100 tox|[from] ability: Poison Heal
|-damage|p1a: Breloom|79/100 tox|[from] Salt Cure
|upkeep
|turn|8
|
|t:|1760300533
|-terastallize|p1a: Breloom|Normal
|move|p2a: Disco Biscuits|Crunch|p1a: Breloom
|-damage|p1a: Breloom|25/100 tox
|move|p1a: Breloom|Facade|p2a: Disco Biscuits
|-damage|p2a: Disco Biscuits|14/100
|
|-heal|p1a: Breloom|38/100 tox|[from] ability: Poison Heal
|-damage|p1a: Breloom|25/100 tox|[from] Salt Cure
|upkeep
|turn|9
|
|t:|1760300545
|move|p2a: Disco Biscuits|Crunch|p1a: Breloom
|-damage|p1a: Breloom|0 fnt
|faint|p1a: Breloom
|
|upkeep
|
|t:|1760300550
|switch|p1a: Quaquaval|Quaquaval, F|100/100
|turn|10
|
|t:|1760300559
|switch|p2a: Electric Kool-Aid|Primarina, M, shiny|100/100
|move|p1a: Quaquaval|Aqua Step|p2a: Electric Kool-Aid
|-resisted|p2a: Electric Kool-Aid
|-damage|p2a: Electric Kool-Aid|77/100
|-boost|p1a: Quaquaval|spe|1
|
|upkeep
|turn|11
|
|t:|1760300569
|switch|p1a: Bellibolt|Bellibolt, M|100/100
|move|p2a: Electric Kool-Aid|Moonblast|p1a: Bellibolt
|-damage|p1a: Bellibolt|53/100
|-unboost|p1a: Bellibolt|spa|1
|-start|p1a: Bellibolt|Charge|Moonblast|[from] ability: Electromorphosis
|
|-heal|p1a: Bellibolt|59/100|[from] item: Leftovers
|upkeep
|turn|12
|
|t:|1760300599
|switch|p2a: Shatter|Gholdengo, shiny|100/100
|move|p1a: Bellibolt|Slack Off|p1a: Bellibolt
|-heal|p1a: Bellibolt|100/100
|
|upkeep
|turn|13
|
|t:|1760300606
|move|p2a: Shatter|Nasty Plot|p2a: Shatter
|-boost|p2a: Shatter|spa|2
|move|p1a: Bellibolt|Thunderbolt|p2a: Shatter
|-damage|p2a: Shatter|46/100
|-end|p1a: Bellibolt|Charge|[silent]
|
|upkeep
|turn|14
|
|t:|1760300616
|switch|p2a: Horse|Great Tusk|100/100
|move|p1a: Bellibolt|Thunderbolt|p2a: Horse
|-immune|p2a: Horse
|
|upkeep
|turn|15
|
|t:|1760300625
|move|p2a: Horse|Headlong Rush|p1a: Bellibolt
|-supereffective|p1a: Bellibolt
|-damage|p1a: Bellibolt|0 fnt
|-unboost|p2a: Horse|def|1
|-unboost|p2a: Horse|spd|1
|faint|p1a: Bellibolt
|
|upkeep
|
|t:|1760300640
|switch|p1a: Mimikyu|Mimikyu, M|100/100
|turn|16
|
|t:|1760300647
|-end|p2a: Horse|Protosynthesis|[silent]
|switch|p2a: White Girl|Garganacl, F, tera:Flying|73/100
|move|p1a: Mimikyu|Swords Dance|p1a: Mimikyu
|-boost|p1a: Mimikyu|atk|2
|
|-heal|p2a: White Girl|80/100|[from] item: Leftovers
|upkeep
|turn|17
|
|t:|1760300654
|move|p1a: Mimikyu|Swords Dance|p1a: Mimikyu
|-boost|p1a: Mimikyu|atk|2
|move|p2a: White Girl|Salt Cure|p1a: Mimikyu
|-activate|p1a: Mimikyu|ability: Disguise
|-damage|p1a: Mimikyu|100/100
|-start|p1a: Mimikyu|Salt Cure
|detailschange|p1a: Mimikyu|Mimikyu-Busted, M
|-damage|p1a: Mimikyu|88/100|[from] pokemon: Mimikyu-Busted
|-enditem|p1a: Mimikyu|Red Card|[of] p2a: White Girl
|drag|p2a: Horse|Great Tusk|100/100
|
|-damage|p1a: Mimikyu|76/100|[from] Salt Cure
|upkeep
|turn|18
|
|t:|1760300700
|move|p1a: Mimikyu|Play Rough|p2a: Horse
|-supereffective|p2a: Horse
|-crit|p2a: Horse
|-damage|p2a: Horse|0 fnt
|faint|p2a: Horse
|-end|p2a: Horse|Protosynthesis|[silent]
|
|-damage|p1a: Mimikyu|63/100|[from] Salt Cure
|upkeep
|
|t:|1760300709
|switch|p2a: Black Tar|Muk-Alola, M|100/100
|turn|19
|
|t:|1760300717
|move|p1a: Mimikyu|Drain Punch|p2a: Black Tar
|-damage|p2a: Black Tar|32/100
|-heal|p1a: Mimikyu|100/100|[from] drain|[of] p2a: Black Tar
|move|p2a: Black Tar|Poison Jab|p1a: Mimikyu
|-damage|p1a: Mimikyu|40/100
|-status|p1a: Mimikyu|psn
|
|-heal|p2a: Black Tar|38/100|[from] item: Leftovers
|-damage|p1a: Mimikyu|28/100 psn|[from] psn
|-damage|p1a: Mimikyu|16/100 psn|[from] Salt Cure
|upkeep
|turn|20
|
|t:|1760300729
|move|p2a: Black Tar|Protect|p2a: Black Tar
|-singleturn|p2a: Black Tar|Protect
|move|p1a: Mimikyu|Drain Punch|p2a: Black Tar
|-activate|p2a: Black Tar|move: Protect
|
|-heal|p2a: Black Tar|44/100|[from] item: Leftovers
|-damage|p1a: Mimikyu|3/100 psn|[from] psn
|-damage|p1a: Mimikyu|0 fnt|[from] Salt Cure
|faint|p1a: Mimikyu
|upkeep
|
|t:|1760300739
|switch|p1a: Garchomp|Garchomp, F|100/100
|turn|21
|
|t:|1760300745
|switch|p2a: White Girl|Garganacl, F, tera:Flying|80/100
|move|p1a: Garchomp|Earthquake|p2a: White Girl
|-immune|p2a: White Girl
|
|-heal|p2a: White Girl|86/100|[from] item: Leftovers
|upkeep
|turn|22
|
|t:|1760300753
|move|p1a: Garchomp|Dragon Claw|p2a: White Girl
|-damage|p2a: White Girl|62/100
|move|p2a: White Girl|Salt Cure|p1a: Garchomp
|-resisted|p1a: Garchomp
|-damage|p1a: Garchomp|94/100
|-start|p1a: Garchomp|Salt Cure
|
|-heal|p2a: White Girl|68/100|[from] item: Leftovers
|-damage|p1a: Garchomp|81/100|[from] Salt Cure
|upkeep
|turn|23
|
|t:|1760300763
|switch|p1a: Quaquaval|Quaquaval, F|100/100
|move|p2a: White Girl|Protect||[still]
|-fail|p2a: White Girl
|
|-heal|p2a: White Girl|74/100|[from] item: Leftovers
|upkeep
|turn|24
|
|t:|1760300772
|move|p2a: White Girl|Protect|p2a: White Girl
|-singleturn|p2a: White Girl|Protect
|move|p1a: Quaquaval|Ice Spinner|p2a: White Girl
|-activate|p2a: White Girl|move: Protect
|
|-heal|p2a: White Girl|81/100|[from] item: Leftovers
|upkeep
|turn|25
|
|t:|1760300781
|move|p1a: Quaquaval|Aqua Step|p2a: White Girl
|-damage|p2a: White Girl|55/100
|-boost|p1a: Quaquaval|spe|1
|move|p2a: White Girl|Salt Cure|p1a: Quaquaval
|-resisted|p1a: Quaquaval
|-damage|p1a: Quaquaval|92/100
|-start|p1a: Quaquaval|Salt Cure
|
|-heal|p2a: White Girl|62/100|[from] item: Leftovers
|-damage|p1a: Quaquaval|67/100|[from] Salt Cure
|upkeep
|turn|26
|
|t:|1760300791
|move|p2a: White Girl|Protect|p2a: White Girl
|-singleturn|p2a: White Girl|Protect
|move|p1a: Quaquaval|Ice Spinner|p2a: White Girl
|-activate|p2a: White Girl|move: Protect
|
|-heal|p2a: White Girl|68/100|[from] item: Leftovers
|-damage|p1a: Quaquaval|42/100|[from] Salt Cure
|upkeep
|turn|27
|
|t:|1760300799
|move|p1a: Quaquaval|Ice Spinner|p2a: White Girl
|-supereffective|p2a: White Girl
|-damage|p2a: White Girl|34/100
|move|p2a: White Girl|Recover|p2a: White Girl
|-heal|p2a: White Girl|85/100
|
|-heal|p2a: White Girl|91/100|[from] item: Leftovers
|-damage|p1a: Quaquaval|18/100|[from] Salt Cure
|upkeep
|turn|28
|
|t:|1760300808
|switch|p1a: Garchomp|Garchomp, F|81/100
|move|p2a: White Girl|Protect||[still]
|-fail|p2a: White Girl
|
|-heal|p2a: White Girl|97/100|[from] item: Leftovers
|upkeep
|turn|29
|
|t:|1760300815
|move|p2a: White Girl|Protect|p2a: White Girl
|-singleturn|p2a: White Girl|Protect
|move|p1a: Garchomp|Swords Dance|p1a: Garchomp
|-boost|p1a: Garchomp|atk|2
|
|-heal|p2a: White Girl|100/100|[from] item: Leftovers
|upkeep
|turn|30
|
|t:|1760300824
|move|p1a: Garchomp|Dragon Claw|p2a: White Girl
|-damage|p2a: White Girl|47/100
|move|p2a: White Girl|Salt Cure|p1a: Garchomp
|-resisted|p1a: Garchomp
|-damage|p1a: Garchomp|75/100
|-start|p1a: Garchomp|Salt Cure
|
|-heal|p2a: White Girl|53/100|[from] item: Leftovers
|-damage|p1a: Garchomp|62/100|[from] Salt Cure
|upkeep
|turn|31
|
|t:|1760300834
|move|p1a: Garchomp|Dragon Claw|p2a: White Girl
|-damage|p2a: White Girl|4/100
|move|p2a: White Girl|Recover|p2a: White Girl
|-heal|p2a: White Girl|55/100
|
|-heal|p2a: White Girl|61/100|[from] item: Leftovers
|-damage|p1a: Garchomp|50/100|[from] Salt Cure
|upkeep
|turn|32
|-message|qwasdzxcvbh forfeited.
|
|win|AlwaysSunnyInAlola
|raw|qwasdzxcvbh's rating: 1028 &rarr; <strong>1015</strong><br />(-13 for losing)
|raw|AlwaysSunnyInAlola's rating: 1063 &rarr; <strong>1090</strong><br />(+27 for winning)
|l|☆qwasdzxcvbh
|player|p1|
