|j|☆TheArrotino
|j|☆MegaHitmonleeWhen
|t:|1760440518
|gametype|singles
|player|p1|TheArrotino|ghetsis-gen5bw|1454
|player|p2|MegaHitmonleeWhen|blackbelt|1424
|gen|9
|tier|[Gen 9] OU
|rated|
|rule|HP Percentage Mod: HP is shown in percentages
|rule|Endless Battle Clause: Forcing endless battles is banned
|rule|Species Clause: Limit one of each Pokémon
|rule|OHKO Clause: OHKO moves are banned
|rule|Evasion Items Clause: Evasion items are banned
|rule|Evasion Moves Clause: Evasion moves are banned
|rule|Evasion Abilities Clause: Evasion abilities are banned
|rule|Sleep Moves Clause: Sleep-inducing moves are banned
|clearpoke
|poke|p1|Lokix, M|
|poke|p1|Cinderace, F|
|poke|p1|Great Tusk|
|poke|p1|Alomomola, F|
|poke|p1|Enamorus, F|
|poke|p1|Slowking-Galar, F|
|poke|p2|Magnezone|
|poke|p2|Regidrago|
|poke|p2|Great Tusk|
|poke|p2|Clodsire, M|
|poke|p2|Barraskewda, M|
|poke|p2|Iron Hands|
|teampreview
|
|t:|1760440534
|teamsize|p1|6
|teamsize|p2|6
|start
|switch|p1a: Alomomola|Alomomola, F|100/100
|switch|p2a: Barraskewda|Barraskewda, M|100/100
|turn|1
|
|t:|1760440543
|move|p2a: Barraskewda|Flip Turn|p1a: Alomomola
|-resisted|p1a: Alomomola
|-crit|p1a: Alomomola
|-damage|p1a: Alomomola|74/100
|
|t:|1760440548
|switch|p2a: Clodsire|Clodsire, M|100/100|[from] Flip Turn
|move|p1a: Alomomola|Body Slam|p2a: Clodsire
|-damage|p2a: Clodsire|85/100
|-status|p2a: Clodsire|par
|
|-heal|p2a: Clodsire|91/100 par|[from] item: Leftovers
|upkeep
|turn|2
|
|t:|1760440566
|move|p1a: Alomomola|Flip Turn|p2a: Clodsire
|-heal|p2a: Clodsire|100/100 par|[from] ability: Water Absorb|[of] p1a: Alomomola
|move|p2a: Clodsire|Toxic|p1a: Alomomola
|-status|p1a: Alomomola|tox
|
|-damage|p1a: Alomomola|68/100 tox|[from] psn
|upkeep
|turn|3
|
|t:|1760440577
|switch|p1a: Slowking|Slowking-Galar, F|100/100
|move|p2a: Clodsire|Spikes|p1a: Slowking
|-sidestart|p1: TheArrotino|Spikes
|
|upkeep
|turn|4
|
|t:|1760440587
|move|p1a: Slowking|Future Sight|p2a: Clodsire
|-start|p1a: Slowking|move: Future Sight
|cant|p2a: Clodsire|par
|
|upkeep
|turn|5
|
|t:|1760440594
|move|p1a: Slowking|Ice Beam|p2a: Clodsire
|-supereffective|p2a: Clodsire
|-damage|p2a: Clodsire|77/100 par
|cant|p2a: Clodsire|par
|
|-heal|p2a: Clodsire|83/100 par|[from] item: Leftovers
|upkeep
|turn|6
|
|t:|1760440603
|switch|p2a: Magnezone|Magnezone|100/100
|-prepare|p1a: Slowking|Chilly Reception|[premajor]
|move|p1a: Slowking|Chilly Reception|p1a: Slowking
|-weather|Snowscape
|
|t:|1760440610
|switch|p1a: Great Tusk|Great Tusk|100/100|[from] Chilly Reception
|-damage|p1a: Great Tusk|88/100|[from] Spikes
|
|-weather|Snowscape|[upkeep]
|-end|p2a: Magnezone|move: Future Sight
|-resisted|p2a: Magnezone
|-damage|p2a: Magnezone|73/100
|-heal|p1a: Great Tusk|94/100|[from] item: Leftovers
|upkeep
|turn|7
|
|t:|1760440622
|switch|p2a: Great Tusk|Great Tusk|100/100
|move|p1a: Great Tusk|Rapid Spin|p2a: Great Tusk
|-damage|p2a: Great Tusk|93/100
|-boost|p1a: Great Tusk|spe|1
|-damage|p1a: Great Tusk|78/100|[from] item: Rocky Helmet|[of] p2a: Great Tusk
|-sideend|p1: TheArrotino|Spikes|[from] move: Rapid Spin|[of] p1a: Great Tusk
|
|-weather|Snowscape|[upkeep]
|-heal|p1a: Great Tusk|84/100|[from] item: Leftovers
|upkeep
|turn|8
|
|t:|1760440643
|move|p1a: Great Tusk|Knock Off|p2a: Great Tusk
|-resisted|p2a: Great Tusk
|-damage|p2a: Great Tusk|86/100
|-damage|p1a: Great Tusk|67/100|[from] item: Rocky Helmet|[of] p2a: Great Tusk
|-enditem|p2a: Great Tusk|Rocky Helmet|[from] move: Knock Off|[of] p1a: Great Tusk
|move|p2a: Great Tusk|Stealth Rock|p1a: Great Tusk
|-sidestart|p1: TheArrotino|move: Stealth Rock
|
|-weather|Snowscape|[upkeep]
|-heal|p1a: Great Tusk|74/100|[from] item: Leftovers
|upkeep
|turn|9
|
|t:|1760440655
|move|p1a: Great Tusk|Rapid Spin|p2a: Great Tusk
|-damage|p2a: Great Tusk|79/100
|-boost|p1a: Great Tusk|spe|1
|-sideend|p1: TheArrotino|Stealth Rock|[from] move: Rapid Spin|[of] p1a: Great Tusk
|move|p2a: Great Tusk|Stealth Rock|p1a: Great Tusk
|-sidestart|p1: TheArrotino|move: Stealth Rock
|
|-weather|Snowscape|[upkeep]
|-heal|p1a: Great Tusk|80/100|[from] item: Leftovers
|upkeep
|turn|10
|
|t:|1760440664
|move|p1a: Great Tusk|Rapid Spin|p2a: Great Tusk
|-damage|p2a: Great Tusk|71/100
|-boost|p1a: Great Tusk|spe|1
|-sideend|p1: TheArrotino|Stealth Rock|[from] move: Rapid Spin|[of] p1a: Great Tusk
|move|p2a: Great Tusk|Body Press|p1a: Great Tusk
|-damage|p1a: Great Tusk|59/100
|
|-weather|none
|-heal|p1a: Great Tusk|66/100|[from] item: Leftovers
|upkeep
|turn|11
|
|t:|1760440675
|move|p1a: Great Tusk|Bulk Up|p1a: Great Tusk
|-boost|p1a: Great Tusk|atk|1
|-boost|p1a: Great Tusk|def|1
|move|p2a: Great Tusk|Body Press|p1a: Great Tusk
|-crit|p1a: Great Tusk
|-damage|p1a: Great Tusk|31/100
|
|-heal|p1a: Great Tusk|37/100|[from] item: Leftovers
|upkeep
|turn|12
|
|t:|1760440687
|move|p1a: Great Tusk|Bulk Up|p1a: Great Tusk
|-boost|p1a: Great Tusk|atk|1
|-boost|p1a: Great Tusk|def|1
|move|p2a: Great Tusk|Body Press|p1a: Great Tusk
|-damage|p1a: Great Tusk|25/100
|
|-heal|p1a: Great Tusk|32/100|[from] item: Leftovers
|upkeep
|turn|13
|
|t:|1760440699
|move|p1a: Great Tusk|Earthquake|p2a: Great Tusk
|-damage|p2a: Great Tusk|26/100
|move|p2a: Great Tusk|Body Press|p1a: Great Tusk
|-damage|p1a: Great Tusk|20/100
|
|-heal|p1a: Great Tusk|27/100|[from] item: Leftovers
|upkeep
|turn|14
|
|t:|1760440708
|move|p1a: Great Tusk|Earthquake|p2a: Great Tusk
|-damage|p2a: Great Tusk|0 fnt
|faint|p2a: Great Tusk
|-end|p2a: Great Tusk|Protosynthesis|[silent]
|
|-heal|p1a: Great Tusk|33/100|[from] item: Leftovers
|upkeep
|
|t:|1760440717
|switch|p2a: Barraskewda|Barraskewda, M|100/100
|turn|15
|
|t:|1760440727
|-terastallize|p1a: Great Tusk|Poison
|-terastallize|p2a: Barraskewda|Water
|move|p2a: Barraskewda|Aqua Jet|p1a: Great Tusk
|-crit|p1a: Great Tusk
|-damage|p1a: Great Tusk|0 fnt
|faint|p1a: Great Tusk
|-end|p1a: Great Tusk|Protosynthesis|[silent]
|
|upkeep
|
|t:|1760440747
|switch|p1a: Lokix|Lokix, M|100/100
|turn|16
|c|☆MegaHitmonleeWhen|Mb
|
|t:|1760440776
|switch|p2a: Iron Hands|Iron Hands|100/100
|move|p1a: Lokix|First Impression|p2a: Iron Hands
|-resisted|p2a: Iron Hands
|-damage|p2a: Iron Hands|57/100
|
|-heal|p2a: Iron Hands|64/100|[from] item: Leftovers
|upkeep
|turn|17
|
|t:|1760440791
|switch|p1a: Slowking|Slowking-Galar, F|100/100
|move|p2a: Iron Hands|Swords Dance|p2a: Iron Hands
|-boost|p2a: Iron Hands|atk|2
|
|-heal|p2a: Iron Hands|70/100|[from] item: Leftovers
|upkeep
|turn|18
|
|t:|1760440802
|move|p2a: Iron Hands|Supercell Slam|p1a: Slowking
|-damage|p1a: Slowking|10/100
|move|p1a: Slowking|Sludge Bomb|p2a: Iron Hands
|-damage|p2a: Iron Hands|40/100
|-status|p2a: Iron Hands|psn
|
|-heal|p2a: Iron Hands|46/100 psn|[from] item: Leftovers
|-damage|p2a: Iron Hands|34/100 psn|[from] psn
|upkeep
|turn|19
|
|t:|1760440824
|move|p2a: Iron Hands|Supercell Slam|p1a: Slowking
|-damage|p1a: Slowking|0 fnt
|faint|p1a: Slowking
|
|-heal|p2a: Iron Hands|40/100 psn|[from] item: Leftovers
|-damage|p2a: Iron Hands|28/100 psn|[from] psn
|upkeep
|
|t:|1760440832
|switch|p1a: Lokix|Lokix, M|100/100
|turn|20
|
|t:|1760440837
|move|p1a: Lokix|U-turn|p2a: Iron Hands
|-resisted|p2a: Iron Hands
|-damage|p2a: Iron Hands|0 fnt
|faint|p2a: Iron Hands
|-end|p2a: Iron Hands|Quark Drive|[silent]
|
|t:|1760440843
|switch|p1a: Cinderace|Cinderace, F|100/100|[from] U-turn
|
|upkeep
|
|t:|1760440846
|switch|p2a: Regidrago|Regidrago|100/100
|turn|21
|
|t:|1760440852
|move|p2a: Regidrago|Dragon Energy|p1a: Cinderace
|-damage|p1a: Cinderace|0 fnt
|faint|p1a: Cinderace
|
|upkeep
|
|t:|1760440858
|switch|p1a: Enamorus|Enamorus, F|100/100
|turn|22
|
|t:|1760440863
|switch|p2a: Clodsire|Clodsire, M|83/100 par
|move|p1a: Enamorus|Earth Power|p2a: Clodsire
|-supereffective|p2a: Clodsire
|-damage|p2a: Clodsire|48/100 par
|
|-heal|p2a: Clodsire|54/100 par|[from] item: Leftovers
|upkeep
|turn|23
|
|t:|1760440872
|move|p1a: Enamorus|Earth Power|p2a: Clodsire
|-supereffective|p2a: Clodsire
|-crit|p2a: Clodsire
|-damage|p2a: Clodsire|2/100 par
|cant|p2a: Clodsire|par
|
|-heal|p2a: Clodsire|8/100 par|[from] item: Leftovers
|upkeep
|turn|24
|
|t:|1760440881
|move|p1a: Enamorus|Earth Power|p2a: Clodsire
|-supereffective|p2a: Clodsire
|-damage|p2a: Clodsire|0 fnt
|faint|p2a: Clodsire
|
|upkeep
|
|t:|1760440888
|switch|p2a: Barraskewda|Barraskewda, M, tera:Water|100/100
|turn|25
|
|t:|1760440891
|switch|p1a: Alomomola|Alomomola, F|100/100 tox
|move|p2a: Barraskewda|Flip Turn|p1a: Alomomola
|-resisted|p1a: Alomomola
|-damage|p1a: Alomomola|77/100 tox
|
|t:|1760440895
|switch|p2a: Magnezone|Magnezone|73/100|[from] Flip Turn
|
|-damage|p1a: Alomomola|71/100 tox|[from] psn
|upkeep
|turn|26
|
|t:|1760440905
|move|p2a: Magnezone|Thunderbolt|p1a: Alomomola
|-supereffective|p1a: Alomomola
|-damage|p1a: Alomomola|22/100 tox
|move|p1a: Alomomola|Mirror Coat|p2a: Magnezone
|-damage|p2a: Magnezone|0 fnt
|faint|p2a: Magnezone
|
|-damage|p1a: Alomomola|9/100 tox|[from] psn
|upkeep
|
|t:|1760440910
|switch|p2a: Barraskewda|Barraskewda, M, tera:Water|100/100
|turn|27
|
|t:|1760440922
|move|p1a: Alomomola|Aqua Jet|p2a: Barraskewda
|-resisted|p2a: Barraskewda
|-damage|p2a: Barraskewda|89/100
|move|p2a: Barraskewda|Flip Turn|p1a: Alomomola
|-resisted|p1a: Alomomola
|-damage|p1a: Alomomola|0 fnt
|faint|p1a: Alomomola
|
|t:|1760440932
|switch|p2a: Regidrago|Regidrago|100/100|[from] Flip Turn
|
|upkeep
|
|t:|1760440936
|switch|p1a: Enamorus|Enamorus, F|100/100
|turn|28
|
|t:|1760440941
|switch|p2a: Barraskewda|Barraskewda, M, tera:Water|89/100
|move|p1a: Enamorus|Moonblast|p2a: Barraskewda
|-damage|p2a: Barraskewda|0 fnt
|faint|p2a: Barraskewda
|
|upkeep
|
|t:|1760440945
|switch|p2a: Regidrago|Regidrago|100/100
|turn|29
|-message|MegaHitmonleeWhen forfeited.
|
|win|TheArrotino
|raw|TheArrotino's rating: 1454 &rarr; <strong>1472</strong><br />(+18 for winning)
|raw|MegaHitmonleeWhen's rating: 1424 &rarr; <strong>1406</strong><br />(-18 for losing)
|l|☆MegaHitmonleeWhen
|player|p2|
|l|☆TheArrotino
|player|p1|
