|j|☆Joshiboy10
|j|☆mestesso0
|t:|1760350055
|gametype|singles
|player|p1|Joshiboy10|ethan|1151
|player|p2|mestesso0|101|1165
|gen|9
|tier|[Gen 9] OU
|rated|
|rule|HP Percentage Mod: HP is shown in percentages
|rule|Endless Battle Clause: Forcing endless battles is banned
|rule|Species Clause: Limit one of each Pokémon
|rule|OHKO Clause: OHKO moves are banned
|rule|Evasion Items Clause: Evasion items are banned
|rule|Evasion Moves Clause: Evasion moves are banned
|rule|Evasion Abilities Clause: Evasion abilities are banned
|rule|Sleep Moves Clause: Sleep-inducing moves are banned
|clearpoke
|poke|p1|Greninja-*, M|
|poke|p1|Reuniclus, M|
|poke|p1|Ampharos, F|
|poke|p1|Talonflame, M|
|poke|p1|Noivern, M|
|poke|p1|Garchomp, F|
|poke|p2|Alomomola, M|
|poke|p2|Lokix, F|
|poke|p2|Iron Crown|
|poke|p2|Corviknight, F|
|poke|p2|Iron Valiant|
|poke|p2|Landorus-Therian, M|
|teampreview
|inactive|Battle timer is ON: inactive players will automatically lose when time's up. (requested by mestesso0)
|inactive|mestesso0 has 120 seconds left.
|
|t:|1760350108
|teamsize|p1|6
|teamsize|p2|6
|start
|switch|p1a: Froaks|Greninja, M|100/100
|switch|p2a: Landorus|Landorus-Therian, M|100/100
|-ability|p2a: Landorus|Intimidate|boost
|-unboost|p1a: Froaks|atk|1
|turn|1
|
|t:|1760350114
|switch|p2a: Alomomola|Alomomola, M|100/100
|move|p1a: Froaks|Surf|p2a: Alomomola
|-start|p1a: Froaks|typechange|Water|[from] ability: Protean
|-resisted|p2a: Alomomola
|-damage|p2a: Alomomola|76/100
|
|upkeep
|turn|2
|
|t:|1760350122
|move|p1a: Froaks|Dark Pulse|p2a: Alomomola
|-crit|p2a: Alomomola
|-damage|p2a: Alomomola|31/100
|move|p2a: Alomomola|Flip Turn|p1a: Froaks
|-resisted|p1a: Froaks
|-damage|p1a: Froaks|88/100
|inactive|mestesso0 has 120 seconds left.
|
|t:|1760350156
|switch|p2a: Corviknight|Corviknight, F|100/100|[from] Flip Turn
|-ability|p2a: Corviknight|Pressure
|
|upkeep
|turn|3
|
|t:|1760350174
|move|p1a: Froaks|Surf|p2a: Corviknight
|-damage|p2a: Corviknight|74/100
|move|p2a: Corviknight|U-turn|p1a: Froaks
|-damage|p1a: Froaks|63/100
|
|t:|1760350182
|switch|p2a: Lokix|Lokix, F|100/100|[from] U-turn
|
|upkeep
|turn|4
|
|t:|1760350188
|-terastallize|p1a: Froaks|Fighting
|move|p2a: Lokix|First Impression|p1a: Froaks
|-resisted|p1a: Froaks
|-damage|p1a: Froaks|0 fnt
|faint|p1a: Froaks
|
|upkeep
|
|t:|1760350195
|switch|p1a: Phoenix|Talonflame, M|100/100
|turn|5
|c|☆Joshiboy10|well played
|
|t:|1760350208
|switch|p2a: Alomomola|Alomomola, M|65/100
|move|p1a: Phoenix|Flare Blitz|p2a: Alomomola
|-resisted|p2a: Alomomola
|-damage|p2a: Alomomola|52/100
|-damage|p1a: Phoenix|84/100|[from] item: Rocky Helmet|[of] p2a: Alomomola
|-damage|p1a: Phoenix|76/100|[from] Recoil
|
|upkeep
|turn|6
|
|t:|1760350219
|switch|p1a: Cleopatra|Ampharos, F|100/100
|move|p2a: Alomomola|Wish|p2a: Alomomola
|
|upkeep
|turn|7
|
|t:|1760350224
|move|p2a: Alomomola|Protect|p2a: Alomomola
|-singleturn|p2a: Alomomola|Protect
|move|p1a: Cleopatra|Thunderbolt|p2a: Alomomola
|-activate|p2a: Alomomola|move: Protect
|
|-heal|p2a: Alomomola|100/100|[from] move: Wish|[wisher] Alomomola
|upkeep
|turn|8
|
|t:|1760350234
|switch|p2a: Landorus|Landorus-Therian, M|100/100
|-ability|p2a: Landorus|Intimidate|boost
|-unboost|p1a: Cleopatra|atk|1
|move|p1a: Cleopatra|Thunderbolt|p2a: Landorus
|-immune|p2a: Landorus
|
|upkeep
|turn|9
|
|t:|1760350251
|switch|p1a: Batman|Noivern, M|100/100
|move|p2a: Landorus|Earthquake|p1a: Batman
|-immune|p1a: Batman
|
|upkeep
|turn|10
|
|t:|1760350271
|move|p1a: Batman|Dragon Pulse|p2a: Landorus
|-damage|p2a: Landorus|45/100
|-damage|p1a: Batman|91/100|[from] item: Life Orb
|move|p2a: Landorus|U-turn|p1a: Batman
|-resisted|p1a: Batman
|-damage|p1a: Batman|73/100
|inactive|mestesso0 has 120 seconds left.
|
|t:|1760350295
|switch|p2a: Iron Crown|Iron Crown|100/100|[from] U-turn
|
|upkeep
|turn|11
|inactive|mestesso0 has 120 seconds left.
|
|t:|1760350307
|move|p1a: Batman|Dragon Pulse|p2a: Iron Crown
|-resisted|p2a: Iron Crown
|-damage|p2a: Iron Crown|75/100
|-damage|p1a: Batman|63/100|[from] item: Life Orb
|move|p2a: Iron Crown|Tachyon Cutter|p1a: Batman
|-damage|p1a: Batman|17/100
|-damage|p1a: Batman|0 fnt
|faint|p1a: Batman
|-hitcount|p1: Batman|2
|
|upkeep
|
|t:|1760350317
|switch|p1a: Phoenix|Talonflame, M|76/100
|turn|12
|
|t:|1760350324
|switch|p1a: Cleopatra|Ampharos, F|100/100
|-end|p2a: Iron Crown|Quark Drive|[silent]
|switch|p2a: Alomomola|Alomomola, M|100/100
|
|upkeep
|turn|13
|
|t:|1760350330
|move|p2a: Alomomola|Protect|p2a: Alomomola
|-singleturn|p2a: Alomomola|Protect
|move|p1a: Cleopatra|Thunderbolt|p2a: Alomomola
|-activate|p2a: Alomomola|move: Protect
|
|upkeep
|turn|14
|
|t:|1760350339
|move|p2a: Alomomola|Flip Turn|p1a: Cleopatra
|-damage|p1a: Cleopatra|84/100
|
|t:|1760350342
|switch|p2a: Landorus|Landorus-Therian, M|45/100|[from] Flip Turn
|-ability|p2a: Landorus|Intimidate|boost
|-unboost|p1a: Cleopatra|atk|1
|move|p1a: Cleopatra|Thunderbolt|p2a: Landorus
|-immune|p2a: Landorus
|
|-heal|p1a: Cleopatra|90/100|[from] item: Leftovers
|upkeep
|turn|15
|
|t:|1760350354
|switch|p1a: Phoenix|Talonflame, M|76/100
|move|p2a: Landorus|Earthquake|p1a: Phoenix
|-immune|p1a: Phoenix
|
|upkeep
|turn|16
|
|t:|1760350365
|move|p1a: Phoenix|Brave Bird|p2a: Landorus
|-damage|p2a: Landorus|0 fnt
|faint|p2a: Landorus
|-damage|p1a: Phoenix|60/100|[from] Recoil
|
|upkeep
|
|t:|1760350376
|switch|p2a: Alomomola|Alomomola, M|100/100
|turn|17
|
|t:|1760350397
|move|p1a: Phoenix|U-turn|p2a: Alomomola
|-damage|p2a: Alomomola|91/100
|-damage|p1a: Phoenix|44/100|[from] item: Rocky Helmet|[of] p2a: Alomomola
|
|t:|1760350400
|switch|p1a: Atom-Bomb|Garchomp, F|100/100|[from] U-turn
|move|p2a: Alomomola|Flip Turn|p1a: Atom-Bomb
|-crit|p1a: Atom-Bomb
|-damage|p1a: Atom-Bomb|78/100
|-damage|p2a: Alomomola|78/100|[from] ability: Rough Skin|[of] p1a: Atom-Bomb
|-damage|p2a: Alomomola|62/100|[from] item: Rocky Helmet|[of] p1a: Atom-Bomb
|
|t:|1760350425
|switch|p2a: Iron Valiant|Iron Valiant|100/100|[from] Flip Turn
|
|upkeep
|turn|18
|
|t:|1760350439
|switch|p1a: Cleopatra|Ampharos, F|90/100
|move|p2a: Iron Valiant|Moonblast|p1a: Cleopatra
|-damage|p1a: Cleopatra|26/100
|-damage|p2a: Iron Valiant|91/100|[from] item: Life Orb
|
|-heal|p1a: Cleopatra|33/100|[from] item: Leftovers
|upkeep
|turn|19
|inactive|Joshiboy10 has 120 seconds left.
|
|t:|1760350472
|move|p2a: Iron Valiant|Moonblast|p1a: Cleopatra
|-damage|p1a: Cleopatra|0 fnt
|faint|p1a: Cleopatra
|-damage|p2a: Iron Valiant|81/100|[from] item: Life Orb
|
|upkeep
|inactive|Joshiboy10 has 120 seconds left.
|
|t:|1760350478
|switch|p1a: Phoenix|Talonflame, M|44/100
|turn|20
|
|t:|1760350500
|-end|p2a: Iron Valiant|Quark Drive|[silent]
|switch|p2a: Alomomola|Alomomola, M|95/100
|move|p1a: Phoenix|Brave Bird|p2a: Alomomola
|-damage|p2a: Alomomola|72/100
|-damage|p1a: Phoenix|27/100|[from] item: Rocky Helmet|[of] p2a: Alomomola
|-damage|p1a: Phoenix|14/100|[from] Recoil
|
|upkeep
|turn|21
|inactive|Joshiboy10 has 120 seconds left.
|
|t:|1760350535
|switch|p1a: Atom-Bomb|Garchomp, F|78/100
|move|p2a: Alomomola|Flip Turn|p1a: Atom-Bomb
|-crit|p1a: Atom-Bomb
|-damage|p1a: Atom-Bomb|56/100
|-damage|p2a: Alomomola|60/100|[from] ability: Rough Skin|[of] p1a: Atom-Bomb
|-damage|p2a: Alomomola|43/100|[from] item: Rocky Helmet|[of] p1a: Atom-Bomb
|inactive|mestesso0 has 120 seconds left.
|
|t:|1760350555
|switch|p2a: Iron Valiant|Iron Valiant|81/100|[from] Flip Turn
|
|upkeep
|turn|22
|inactive|Joshiboy10 has 120 seconds left.
|inactive|Joshiboy10 has 90 seconds left.
|
|t:|1760350591
|move|p2a: Iron Valiant|Moonblast|p1a: Atom-Bomb
|-supereffective|p1a: Atom-Bomb
|-damage|p1a: Atom-Bomb|0 fnt
|faint|p1a: Atom-Bomb
|-damage|p2a: Iron Valiant|71/100|[from] item: Life Orb
|
|upkeep
|inactive|Joshiboy10 has 90 seconds left.
|
|t:|1760350597
|switch|p1a: Phoenix|Talonflame, M|14/100
|turn|23
|
|t:|1760350603
|-end|p2a: Iron Valiant|Quark Drive|[silent]
|switch|p2a: Alomomola|Alomomola, M|77/100
|move|p1a: Phoenix|Roost|p1a: Phoenix
|-heal|p1a: Phoenix|64/100
|-singleturn|p1a: Phoenix|move: Roost
|
|upkeep
|turn|24
|inactive|Joshiboy10 has 90 seconds left.
|
|t:|1760350646
|move|p1a: Phoenix|Brave Bird|p2a: Alomomola
|-damage|p2a: Alomomola|53/100
|-damage|p1a: Phoenix|48/100|[from] item: Rocky Helmet|[of] p2a: Alomomola
|-damage|p1a: Phoenix|34/100|[from] Recoil
|move|p2a: Alomomola|Wish|p2a: Alomomola
|
|upkeep
|turn|25
|
|t:|1760350661
|move|p1a: Phoenix|Brave Bird|p2a: Alomomola
|-damage|p2a: Alomomola|29/100
|-damage|p1a: Phoenix|17/100|[from] item: Rocky Helmet|[of] p2a: Alomomola
|-damage|p1a: Phoenix|3/100|[from] Recoil
|move|p2a: Alomomola|Flip Turn|p1a: Phoenix
|-supereffective|p1a: Phoenix
|-crit|p1a: Phoenix
|-damage|p1a: Phoenix|0 fnt
|faint|p1a: Phoenix
|
|t:|1760350676
|switch|p2a: Iron Valiant|Iron Valiant|71/100|[from] Flip Turn
|
|-heal|p2a: Iron Valiant|100/100|[from] move: Wish|[wisher] Alomomola
|upkeep
|inactive|Joshiboy10 has 60 seconds left.
|inactive|Joshiboy10 has 30 seconds left.
|
|t:|1760350722
|switch|p1a: Booger|Reuniclus, M|100/100
|turn|26
|
|t:|1760350728
|move|p2a: Iron Valiant|Shadow Ball|p1a: Booger
|-supereffective|p1a: Booger
|-damage|p1a: Booger|32/100
|-unboost|p1a: Booger|spd|1
|-damage|p2a: Iron Valiant|91/100|[from] item: Life Orb
|move|p1a: Booger|Trick Room|p1a: Booger
|-fieldstart|move: Trick Room|[of] p1a: Booger
|
|upkeep
|turn|27
|
|t:|1760350739
|move|p1a: Booger|Psychic|p2a: Iron Valiant
|-supereffective|p2a: Iron Valiant
|-damage|p2a: Iron Valiant|0 fnt
|faint|p2a: Iron Valiant
|-end|p2a: Iron Valiant|Quark Drive|[silent]
|-damage|p1a: Booger|22/100|[from] item: Life Orb
|
|upkeep
|
|t:|1760350745
|switch|p2a: Lokix|Lokix, F|100/100
|turn|28
|
|t:|1760350749
|move|p2a: Lokix|First Impression|p1a: Booger
|-supereffective|p1a: Booger
|-damage|p1a: Booger|0 fnt
|faint|p1a: Booger
|
|win|mestesso0
|raw|Joshiboy10's rating: 1151 &rarr; <strong>1127</strong><br />(-24 for losing)
|raw|mestesso0's rating: 1165 &rarr; <strong>1189</strong><br />(+24 for winning)
|l|☆Joshiboy10
|player|p1|
|l|☆mestesso0
|player|p2|
