|j|‽battler12312001
|j|☆Starfat
|t:|1760333727
|gametype|singles
|player|p1|battler12312001|hilbert-wonderlauncher|1274
|player|p2|Starfat|sage|1270
|gen|9
|tier|[Gen 9] OU
|rated|
|rule|HP Percentage Mod: HP is shown in percentages
|rule|Endless Battle Clause: Forcing endless battles is banned
|rule|Species Clause: Limit one of each Pokémon
|rule|OHKO Clause: OHKO moves are banned
|rule|Evasion Items Clause: Evasion items are banned
|rule|Evasion Moves Clause: Evasion moves are banned
|rule|Evasion Abilities Clause: Evasion abilities are banned
|rule|Sleep Moves Clause: Sleep-inducing moves are banned
|clearpoke
|poke|p1|Okidogi, M|
|poke|p1|Primarina, M|
|poke|p1|Moltres|
|poke|p1|Lokix, M|
|poke|p1|Thundurus-Therian, M|
|poke|p1|Golurk|
|poke|p2|Latios, M|
|poke|p2|Rotom-Wash|
|poke|p2|Gholdengo|
|poke|p2|Ting-Lu|
|poke|p2|Iron Valiant|
|poke|p2|Hydreigon, F|
|teampreview
|inactive|Battle timer is ON: inactive players will automatically lose when time's up. (requested by battler12312001)
|
|t:|1760333754
|teamsize|p1|6
|teamsize|p2|6
|start
|switch|p1a: Lokix|Lokix, M, shiny|100/100
|switch|p2a: Shmatios|Latios, M|100/100
|turn|1
|
|t:|1760333765
|switch|p2a: MissThang|Iron Valiant|100/100
|move|p1a: Lokix|First Impression|p2a: MissThang
|-resisted|p2a: MissThang
|-damage|p2a: MissThang|62/100
|
|upkeep
|turn|2
|
|t:|1760333774
|switch|p1a: Moltres|Moltres, shiny|100/100
|move|p2a: MissThang|Thunderbolt|p1a: Moltres
|-supereffective|p1a: Moltres
|-crit|p1a: Moltres
|-damage|p1a: Moltres|15/100
|
|upkeep
|turn|3
|
|t:|1760333778
|switch|p1a: Thundurus|Thundurus-Therian, M, shiny|100/100
|move|p2a: MissThang|Moonblast|p1a: Thundurus
|-damage|p1a: Thundurus|40/100
|
|upkeep
|turn|4
|
|t:|1760333784
|move|p2a: MissThang|Moonblast|p1a: Thundurus
|-damage|p1a: Thundurus|0 fnt
|faint|p1a: Thundurus
|
|upkeep
|
|t:|1760333796
|switch|p1a: Golurk|Golurk, shiny|100/100
|turn|5
|
|t:|1760333801
|-end|p2a: MissThang|Quark Drive|[silent]
|switch|p2a: 3HeadedSnake|Hydreigon, F|100/100
|move|p1a: Golurk|Substitute|p1a: Golurk
|-start|p1a: Golurk|Substitute
|-damage|p1a: Golurk|76/100
|
|-heal|p1a: Golurk|82/100|[from] item: Leftovers
|upkeep
|turn|6
|
|t:|1760333805
|move|p2a: 3HeadedSnake|Dark Pulse|p1a: Golurk
|-supereffective|p1a: Golurk
|-end|p1a: Golurk|Substitute
|move|p1a: Golurk|Dynamic Punch|p2a: 3HeadedSnake
|-supereffective|p2a: 3HeadedSnake
|-damage|p2a: 3HeadedSnake|19/100
|-start|p2a: 3HeadedSnake|confusion
|
|-heal|p1a: Golurk|88/100|[from] item: Leftovers
|upkeep
|turn|7
|
|t:|1760333808
|-activate|p2a: 3HeadedSnake|confusion
|move|p2a: 3HeadedSnake|Dark Pulse|p1a: Golurk
|-supereffective|p1a: Golurk
|-damage|p1a: Golurk|0 fnt
|faint|p1a: Golurk
|
|upkeep
|
|t:|1760333812
|switch|p1a: Lokix|Lokix, M, shiny|100/100
|turn|8
|
|t:|1760333815
|switch|p2a: Shmoldengo|Gholdengo|100/100
|-item|p2a: Shmoldengo|Air Balloon
|move|p1a: Lokix|U-turn|p2a: Shmoldengo
|-resisted|p2a: Shmoldengo
|-damage|p2a: Shmoldengo|85/100
|-enditem|p2a: Shmoldengo|Air Balloon
|
|t:|1760333819
|switch|p1a: Okidogi|Okidogi, M|100/100|[from] U-turn
|
|upkeep
|turn|9
|
|t:|1760333823
|move|p2a: Shmoldengo|Thunder Wave|p1a: Okidogi
|-status|p1a: Okidogi|par
|move|p1a: Okidogi|Knock Off|p2a: Shmoldengo
|-supereffective|p2a: Shmoldengo
|-damage|p2a: Shmoldengo|50/100
|
|upkeep
|turn|10
|
|t:|1760333842
|move|p2a: Shmoldengo|Recover|p2a: Shmoldengo
|-heal|p2a: Shmoldengo|99/100
|cant|p1a: Okidogi|par
|
|upkeep
|turn|11
|
|t:|1760333846
|move|p2a: Shmoldengo|Hex|p1a: Okidogi
|-damage|p1a: Okidogi|63/100 par
|move|p1a: Okidogi|Knock Off|p2a: Shmoldengo
|-supereffective|p2a: Shmoldengo
|-damage|p2a: Shmoldengo|63/100
|
|upkeep
|turn|12
|
|t:|1760333853
|move|p2a: Shmoldengo|Hex|p1a: Okidogi
|-damage|p1a: Okidogi|20/100 par
|move|p1a: Okidogi|Knock Off|p2a: Shmoldengo
|-supereffective|p2a: Shmoldengo
|-damage|p2a: Shmoldengo|26/100
|
|upkeep
|turn|13
|
|t:|1760333857
|move|p2a: Shmoldengo|Recover|p2a: Shmoldengo
|-heal|p2a: Shmoldengo|76/100
|move|p1a: Okidogi|Knock Off|p2a: Shmoldengo
|-supereffective|p2a: Shmoldengo
|-damage|p2a: Shmoldengo|42/100
|
|upkeep
|turn|14
|
|t:|1760333859
|move|p2a: Shmoldengo|Recover|p2a: Shmoldengo
|-heal|p2a: Shmoldengo|92/100
|move|p1a: Okidogi|Knock Off|p2a: Shmoldengo
|-supereffective|p2a: Shmoldengo
|-damage|p2a: Shmoldengo|58/100
|
|upkeep
|turn|15
|
|t:|1760333861
|move|p2a: Shmoldengo|Recover|p2a: Shmoldengo
|-heal|p2a: Shmoldengo|100/100
|move|p1a: Okidogi|Knock Off|p2a: Shmoldengo
|-supereffective|p2a: Shmoldengo
|-damage|p2a: Shmoldengo|67/100
|
|upkeep
|turn|16
|
|t:|1760333864
|move|p2a: Shmoldengo|Hex|p1a: Okidogi
|-damage|p1a: Okidogi|0 fnt
|faint|p1a: Okidogi
|
|upkeep
|
|t:|1760333866
|switch|p1a: Moltres|Moltres, shiny|15/100
|turn|17
|
|t:|1760333871
|switch|p2a: Shmatios|Latios, M|100/100
|move|p1a: Moltres|Flamethrower|p2a: Shmatios
|-resisted|p2a: Shmatios
|-damage|p2a: Shmatios|80/100
|
|upkeep
|turn|18
|
|t:|1760333875
|move|p2a: Shmatios|Flip Turn|p1a: Moltres
|-supereffective|p1a: Moltres
|-damage|p1a: Moltres|0 fnt
|faint|p1a: Moltres
|
|t:|1760333879
|switch|p2a: Shmoldengo|Gholdengo|67/100|[from] Flip Turn
|
|upkeep
|
|t:|1760333887
|switch|p1a: Lokix|Lokix, M, shiny|100/100
|turn|19
|
|t:|1760333891
|switch|p2a: 3HeadedSnake|Hydreigon, F|19/100
|move|p1a: Lokix|Knock Off|p2a: 3HeadedSnake
|-resisted|p2a: 3HeadedSnake
|-damage|p2a: 3HeadedSnake|0 fnt
|-enditem|p2a: 3HeadedSnake|Choice Specs|[from] move: Knock Off|[of] p1a: Lokix
|faint|p2a: 3HeadedSnake
|
|upkeep
|
|t:|1760333898
|switch|p2a: MissThang|Iron Valiant|62/100
|turn|20
|
|t:|1760333908
|move|p2a: MissThang|Moonblast|p1a: Lokix
|-supereffective|p1a: Lokix
|-damage|p1a: Lokix|0 fnt
|faint|p1a: Lokix
|
|upkeep
|
|t:|1760333911
|switch|p1a: Primarina|Primarina, M, shiny|100/100
|turn|21
|
|t:|1760333915
|move|p2a: MissThang|Thunderbolt|p1a: Primarina
|-supereffective|p1a: Primarina
|-damage|p1a: Primarina|53/100
|move|p1a: Primarina|Calm Mind|p1a: Primarina
|-boost|p1a: Primarina|spa|1
|-boost|p1a: Primarina|spd|1
|
|-heal|p1a: Primarina|59/100|[from] item: Leftovers
|upkeep
|turn|22
|
|t:|1760333922
|-end|p2a: MissThang|Quark Drive|[silent]
|switch|p2a: Shmatios|Latios, M|80/100
|-terastallize|p1a: Primarina|Steel
|move|p1a: Primarina|Substitute|p1a: Primarina
|-start|p1a: Primarina|Substitute
|-damage|p1a: Primarina|34/100
|
|-heal|p1a: Primarina|40/100|[from] item: Leftovers
|upkeep
|turn|23
|
|t:|1760333927
|move|p2a: Shmatios|Flip Turn|p1a: Primarina
|-activate|p1a: Primarina|move: Substitute|[damage]
|
|t:|1760333930
|switch|p2a: Bottom-Wash|Rotom-Wash|100/100|[from] Flip Turn
|move|p1a: Primarina|Moonblast|p2a: Bottom-Wash
|-damage|p2a: Bottom-Wash|21/100
|
|-heal|p2a: Bottom-Wash|27/100|[from] item: Leftovers
|-heal|p1a: Primarina|47/100|[from] item: Leftovers
|upkeep
|turn|24
|
|t:|1760333942
|move|p2a: Bottom-Wash|Volt Switch|p1a: Primarina
|-end|p1a: Primarina|Substitute
|
|t:|1760333946
|switch|p2a: LuLu|Ting-Lu|100/100|[from] Volt Switch
|-ability|p2a: LuLu|Vessel of Ruin
|move|p1a: Primarina|Calm Mind|p1a: Primarina
|-boost|p1a: Primarina|spa|1
|-boost|p1a: Primarina|spd|1
|
|-heal|p1a: Primarina|53/100|[from] item: Leftovers
|upkeep
|turn|25
|
|t:|1760333952
|-terastallize|p2a: LuLu|Poison
|move|p1a: Primarina|Moonblast|p2a: LuLu
|-resisted|p2a: LuLu
|-damage|p2a: LuLu|77/100
|move|p2a: LuLu|Earthquake|p1a: Primarina
|-supereffective|p1a: Primarina
|-damage|p1a: Primarina|0 fnt
|faint|p1a: Primarina
|
|win|Starfat
|raw|battler12312001's rating: 1274 &rarr; <strong>1249</strong><br />(-25 for losing)
|raw|Starfat's rating: 1270 &rarr; <strong>1295</strong><br />(+25 for winning)
|l|‽battler12312001
|player|p1|
|l|☆Starfat
|player|p2|
