|j|☆gabychou le bg
|j|☆Baby Key
|t:|1760346810
|gametype|singles
|player|p1|gabychou le bg|steven|1345
|player|p2|Baby Key|2|1355
|gen|9
|tier|[Gen 9] OU
|rated|
|rule|HP Percentage Mod: HP is shown in percentages
|rule|Endless Battle Clause: Forcing endless battles is banned
|rule|Species Clause: Limit one of each Pokémon
|rule|OHKO Clause: OHKO moves are banned
|rule|Evasion Items Clause: Evasion items are banned
|rule|Evasion Moves Clause: Evasion moves are banned
|rule|Evasion Abilities Clause: Evasion abilities are banned
|rule|Sleep Moves Clause: Sleep-inducing moves are banned
|clearpoke
|poke|p1|Great Tusk|
|poke|p1|Samurott-Hisui, F|
|poke|p1|Kyurem|
|poke|p1|Gholdengo|
|poke|p1|Iron Valiant|
|poke|p1|Kingambit, F|
|poke|p2|Heatran, M|
|poke|p2|Rillaboom, M|
|poke|p2|Ogerpon-Wellspring, F|
|poke|p2|Dragapult, M|
|poke|p2|Great Tusk|
|poke|p2|Bronzong|
|teampreview
|inactive|Battle timer is ON: inactive players will automatically lose when time's up. (requested by Baby Key)
|
|t:|1760346829
|teamsize|p1|6
|teamsize|p2|6
|start
|switch|p1a: Samurott|Samurott-Hisui, F|100/100
|switch|p2a: Starlink|Bronzong, shiny|100/100
|turn|1
|
|t:|1760346838
|move|p1a: Samurott|Ceaseless Edge|p2a: Starlink
|-supereffective|p2a: Starlink
|-enditem|p2a: Starlink|Colbur Berry|[eat]
|-enditem|p2a: Starlink|Colbur Berry|[weaken]
|-damage|p2a: Starlink|59/100
|-sidestart|p2: Baby Key|Spikes
|move|p2a: Starlink|Body Press|p1a: Samurott
|-supereffective|p1a: Samurott
|-crit|p1a: Samurott
|-damage|p1a: Samurott|0 fnt
|faint|p1a: Samurott
|
|upkeep
|inactive|gabychou le bg has 120 seconds left.
|
|t:|1760346877
|switch|p1a: Gholdengo|Gholdengo|100/100
|turn|2
|inactive|Baby Key has 120 seconds left.
|
|t:|1760346927
|switch|p2a: Starburst|Great Tusk|100/100
|move|p1a: Gholdengo|Shadow Ball|p2a: Starburst
|-damage|p2a: Starburst|36/100
|
|upkeep
|turn|3
|
|t:|1760346951
|move|p1a: Gholdengo|Shadow Ball|p2a: Starburst
|-crit|p2a: Starburst
|-damage|p2a: Starburst|0 fnt
|faint|p2a: Starburst
|-end|p2a: Starburst|Protosynthesis|[silent]
|
|upkeep
|inactive|Baby Key has 90 seconds left.
|
|t:|1760346983
|switch|p2a: Starblaze|Heatran, M|100/100
|-damage|p2a: Starblaze|88/100|[from] Spikes
|turn|4
|inactive|Baby Key has 60 seconds left.
|inactive|gabychou le bg has 120 seconds left.
|
|t:|1760347028
|switch|p1a: Kyurem|Kyurem|100/100
|-ability|p1a: Kyurem|Pressure
|switch|p2a: Starscream|Dragapult, M|100/100
|-damage|p2a: Starscream|88/100|[from] Spikes
|
|upkeep
|turn|5
|inactive|Baby Key has 30 seconds left.
|inactive|Baby Key has 20 seconds left.
|
|t:|1760347061
|switch|p1a: Iron Valiant|Iron Valiant|100/100
|-enditem|p1a: Iron Valiant|Booster Energy
|-activate|p1a: Iron Valiant|ability: Quark Drive|[fromitem]
|-start|p1a: Iron Valiant|quarkdrivespe
|-terastallize|p2a: Starscream|Fairy
|move|p2a: Starscream|Tera Blast|p1a: Iron Valiant|[anim] Tera Blast Fairy
|-supereffective|p1a: Iron Valiant
|-damage|p1a: Iron Valiant|0 fnt
|faint|p1a: Iron Valiant
|-end|p1a: Iron Valiant|Quark Drive|[silent]
|
|upkeep
|
|t:|1760347072
|switch|p1a: Gholdengo|Gholdengo|100/100
|turn|6
|inactive|Baby Key has 30 seconds left.
|
|t:|1760347088
|switch|p2a: Starlink|Bronzong, shiny|59/100
|move|p1a: Gholdengo|Make It Rain|p2a: Starlink
|-resisted|p2a: Starlink
|-damage|p2a: Starlink|31/100
|-unboost|p1a: Gholdengo|spa|1
|
|upkeep
|turn|7
|inactive|Baby Key has 30 seconds left.
|
|t:|1760347103
|switch|p1a: Kingambit|Kingambit, F|100/100
|-activate|p1a: Kingambit|ability: Supreme Overlord
|-start|p1a: Kingambit|fallen2|[silent]
|move|p2a: Starlink|Stealth Rock|p1a: Kingambit
|-sidestart|p1: gabychou le bg|move: Stealth Rock
|
|upkeep
|turn|8
|
|t:|1760347121
|move|p1a: Kingambit|Low Kick|p2a: Starlink
|-damage|p2a: Starlink|1/100
|move|p2a: Starlink|Body Press|p1a: Kingambit
|-supereffective|p1a: Kingambit
|-damage|p1a: Kingambit|18/100
|
|upkeep
|turn|9
|inactive|gabychou le bg has 90 seconds left.
|
|t:|1760347151
|move|p1a: Kingambit|Sucker Punch|p2a: Starlink
|-supereffective|p2a: Starlink
|-damage|p2a: Starlink|0 fnt
|faint|p2a: Starlink
|
|upkeep
|inactive|Baby Key has 30 seconds left.
|inactive|Baby Key has 20 seconds left.
|
|t:|1760347176
|switch|p2a: Stardrum|Rillaboom, M|100/100
|-damage|p2a: Stardrum|88/100|[from] Spikes
|-fieldstart|move: Grassy Terrain|[from] ability: Grassy Surge|[of] p2a: Stardrum
|turn|10
|inactive|Baby Key has 30 seconds left this turn.
|inactive|gabychou le bg has 90 seconds left.
|inactive|Baby Key has 20 seconds left.
|inactive|Baby Key has 15 seconds left.
|
|t:|1760347192
|-end|p1a: Kingambit|fallen2|[silent]
|switch|p1a: Kyurem|Kyurem|100/100
|-damage|p1a: Kyurem|76/100|[from] Stealth Rock
|-ability|p1a: Kyurem|Pressure
|move|p2a: Stardrum|U-turn|p1a: Kyurem
|-damage|p1a: Kyurem|48/100
|inactive|Baby Key has 20 seconds left this turn.
|inactive|Baby Key has 15 seconds left.
|inactive|Baby Key has 10 seconds left.
|
|t:|1760347204
|switch|p2a: Starscream|Dragapult, M, tera:Fairy|88/100|[from] U-turn
|-damage|p2a: Starscream|76/100|[from] Spikes
|
|-heal|p2a: Starscream|82/100|[from] Grassy Terrain
|-heal|p1a: Kyurem|54/100|[from] Grassy Terrain
|upkeep
|turn|11
|inactive|Baby Key has 20 seconds left this turn.
|inactive|gabychou le bg has 90 seconds left.
|inactive|Baby Key has 15 seconds left.
|inactive|Baby Key has 10 seconds left.
|
|t:|1760347236
|switch|p1a: Kingambit|Kingambit, F|18/100
|-damage|p1a: Kingambit|12/100|[from] Stealth Rock
|-activate|p1a: Kingambit|ability: Supreme Overlord
|-start|p1a: Kingambit|fallen2|[silent]
|move|p2a: Starscream|Draco Meteor|p1a: Kingambit
|-resisted|p1a: Kingambit
|-damage|p1a: Kingambit|0 fnt
|-unboost|p2a: Starscream|spa|2
|faint|p1a: Kingambit
|-end|p1a: Kingambit|fallen2|[silent]
|
|-heal|p2a: Starscream|88/100|[from] Grassy Terrain
|upkeep
|inactive|gabychou le bg has 60 seconds left.
|
|t:|1760347256
|switch|p1a: Gholdengo|Gholdengo|100/100
|-damage|p1a: Gholdengo|94/100|[from] Stealth Rock
|turn|12
|inactive|Baby Key has 25 seconds left this turn.
|inactive|gabychou le bg has 60 seconds left.
|inactive|Baby Key has 20 seconds left.
|
|t:|1760347268
|switch|p2a: Starblaze|Heatran, M|88/100
|-damage|p2a: Starblaze|76/100|[from] Spikes
|move|p1a: Gholdengo|Focus Blast|p2a: Starblaze
|-supereffective|p2a: Starblaze
|-damage|p2a: Starblaze|21/100
|
|-heal|p1a: Gholdengo|100/100|[from] Grassy Terrain
|-heal|p2a: Starblaze|27/100|[from] Grassy Terrain
|-heal|p2a: Starblaze|33/100|[from] item: Leftovers
|upkeep
|turn|13
|inactive|Baby Key has 30 seconds left this turn.
|inactive|gabychou le bg has 60 seconds left.
|inactive|Baby Key has 20 seconds left.
|inactive|Baby Key has 15 seconds left.
|inactive|Baby Key has 10 seconds left.
|inactive|gabychou le bg has 30 seconds left.
|
|t:|1760347303
|switch|p1a: Great Tusk|Great Tusk|100/100
|-damage|p1a: Great Tusk|98/100|[from] Stealth Rock
|move|p2a: Starblaze|Magma Storm|p1a: Great Tusk
|-damage|p1a: Great Tusk|27/100
|-activate|p1a: Great Tusk|move: Magma Storm|[of] p2a: Starblaze
|
|-heal|p1a: Great Tusk|33/100|[from] Grassy Terrain
|-heal|p2a: Starblaze|39/100|[from] Grassy Terrain
|-heal|p2a: Starblaze|45/100|[from] item: Leftovers
|-damage|p1a: Great Tusk|21/100|[from] move: Magma Storm|[partiallytrapped]
|upkeep
|turn|14
|inactive|Baby Key has 20 seconds left this turn.
|inactive|Baby Key has 15 seconds left.
|inactive|gabychou le bg has 30 seconds left.
|inactive|Baby Key has 10 seconds left.
|inactive|Baby Key has 5 seconds left.
|
|t:|1760347322
|move|p1a: Great Tusk|Headlong Rush|p2a: Starblaze
|-supereffective|p2a: Starblaze
|-damage|p2a: Starblaze|0 fnt
|-unboost|p1a: Great Tusk|def|1
|-unboost|p1a: Great Tusk|spd|1
|faint|p2a: Starblaze
|
|-heal|p1a: Great Tusk|27/100|[from] Grassy Terrain
|-end|p1a: Great Tusk|Magma Storm|[partiallytrapped]|[silent]
|upkeep
|inactive|Baby Key has 10 seconds left this turn.
|inactive|Baby Key has 5 seconds left.
|
|t:|1760347331
|switch|p2a: Starforce|Ogerpon-Wellspring, F|100/100
|-damage|p2a: Starforce|88/100|[from] Spikes
|turn|15
|inactive|Baby Key has 15 seconds left this turn.
|inactive|Baby Key has 10 seconds left.
|inactive|gabychou le bg has 30 seconds left.
|inactive|gabychou le bg has 20 seconds left.
|inactive|gabychou le bg has 15 seconds left.
|inactive|gabychou le bg has 10 seconds left.
|
|t:|1760347368
|move|p2a: Starforce|Ivy Cudgel|p1a: Great Tusk|[anim] Ivy Cudgel Water
|-supereffective|p1a: Great Tusk
|-damage|p1a: Great Tusk|0 fnt
|faint|p1a: Great Tusk
|-end|p1a: Great Tusk|Protosynthesis|[silent]
|
|-heal|p2a: Starforce|94/100|[from] Grassy Terrain
|upkeep
|inactive|gabychou le bg has 15 seconds left this turn.
|inactive|gabychou le bg has 10 seconds left.
|
|t:|1760347374
|switch|p1a: Kyurem|Kyurem|54/100
|-damage|p1a: Kyurem|30/100|[from] Stealth Rock
|-ability|p1a: Kyurem|Pressure
|turn|16
|inactive|gabychou le bg has 20 seconds left this turn.
|inactive|Baby Key has 25 seconds left this turn.
|inactive|gabychou le bg has 15 seconds left.
|inactive|Baby Key has 20 seconds left.
|inactive|Baby Key has 15 seconds left.
|
|t:|1760347389
|move|p2a: Starforce|Play Rough|p1a: Kyurem|[miss]
|-miss|p2a: Starforce|p1a: Kyurem
|move|p1a: Kyurem|Freeze-Dry|p2a: Starforce
|-supereffective|p2a: Starforce
|-damage|p2a: Starforce|0 fnt
|faint|p2a: Starforce
|
|-heal|p1a: Kyurem|36/100|[from] Grassy Terrain
|upkeep
|inactive|Baby Key has 20 seconds left this turn.
|inactive|Baby Key has 15 seconds left.
|inactive|Baby Key has 10 seconds left.
|inactive|Baby Key has 5 seconds left.
|
|t:|1760347405
|switch|p2a: Starscream|Dragapult, M, tera:Fairy|88/100
|-damage|p2a: Starscream|76/100|[from] Spikes
|turn|17
|inactive|gabychou le bg has 30 seconds left this turn.
|inactive|Baby Key has 15 seconds left this turn.
|inactive|Baby Key has 10 seconds left.
|inactive|gabychou le bg has 20 seconds left.
|inactive|gabychou le bg has 15 seconds left.
|inactive|gabychou le bg has 10 seconds left.
|
|t:|1760347428
|switch|p1a: Gholdengo|Gholdengo|100/100
|-damage|p1a: Gholdengo|94/100|[from] Stealth Rock
|move|p2a: Starscream|Tera Blast|p1a: Gholdengo|[anim] Tera Blast Fairy
|-resisted|p1a: Gholdengo
|-damage|p1a: Gholdengo|61/100
|
|-heal|p1a: Gholdengo|67/100|[from] Grassy Terrain
|-heal|p2a: Starscream|82/100|[from] Grassy Terrain
|-fieldend|move: Grassy Terrain
|upkeep
|turn|18
|inactive|gabychou le bg has 20 seconds left this turn.
|inactive|Baby Key has 20 seconds left this turn.
|inactive|gabychou le bg has 15 seconds left.
|inactive|Baby Key has 15 seconds left.
|inactive|gabychou le bg has 10 seconds left.
|
|t:|1760347441
|switch|p2a: Stardrum|Rillaboom, M|88/100
|-damage|p2a: Stardrum|75/100|[from] Spikes
|-fieldstart|move: Grassy Terrain|[from] ability: Grassy Surge|[of] p2a: Stardrum
|move|p1a: Gholdengo|Make It Rain|p2a: Stardrum
|-damage|p2a: Stardrum|4/100
|-unboost|p1a: Gholdengo|spa|1
|
|-heal|p1a: Gholdengo|73/100|[from] Grassy Terrain
|-heal|p2a: Stardrum|10/100|[from] Grassy Terrain
|upkeep
|turn|19
|inactive|gabychou le bg has 20 seconds left this turn.
|inactive|Baby Key has 25 seconds left this turn.
|inactive|gabychou le bg has 15 seconds left.
|inactive|Baby Key has 20 seconds left.
|inactive|gabychou le bg has 10 seconds left.
|inactive|Baby Key has 15 seconds left.
|inactive|Baby Key has 10 seconds left.
|inactive|Baby Key has 5 seconds left.
|
|t:|1760347465
|move|p1a: Gholdengo|Make It Rain|p2a: Stardrum
|-damage|p2a: Stardrum|0 fnt
|-unboost|p1a: Gholdengo|spa|1
|faint|p2a: Stardrum
|
|-heal|p1a: Gholdengo|79/100|[from] Grassy Terrain
|upkeep
|inactive|Baby Key has 10 seconds left this turn.
|
|t:|1760347470
|switch|p2a: Starscream|Dragapult, M, tera:Fairy|82/100
|-damage|p2a: Starscream|69/100|[from] Spikes
|turn|20
|inactive|gabychou le bg has 25 seconds left this turn.
|inactive|Baby Key has 20 seconds left this turn.
|inactive|Baby Key has 15 seconds left.
|inactive|Baby Key has 10 seconds left.
|
|t:|1760347483
|switch|p1a: Kyurem|Kyurem|36/100
|-damage|p1a: Kyurem|11/100|[from] Stealth Rock
|-ability|p1a: Kyurem|Pressure
|move|p2a: Starscream|Flamethrower|p1a: Kyurem
|-damage|p1a: Kyurem|0 fnt
|faint|p1a: Kyurem
|
|-heal|p2a: Starscream|75/100|[from] Grassy Terrain
|upkeep
|inactive|gabychou le bg has 30 seconds left this turn.
|
|t:|1760347487
|switch|p1a: Gholdengo|Gholdengo|79/100
|-damage|p1a: Gholdengo|73/100|[from] Stealth Rock
|turn|21
|inactive|Baby Key has 25 seconds left this turn.
|
|t:|1760347492
|-terastallize|p1a: Gholdengo|Flying
|move|p1a: Gholdengo|Make It Rain|p2a: Starscream
|-supereffective|p2a: Starscream
|-damage|p2a: Starscream|0 fnt
|-unboost|p1a: Gholdengo|spa|1
|faint|p2a: Starscream
|
|win|gabychou le bg
|raw|gabychou le bg's rating: 1345 &rarr; <strong>1366</strong><br />(+21 for winning)
|raw|Baby Key's rating: 1355 &rarr; <strong>1334</strong><br />(-21 for losing)
|l|☆gabychou le bg
|player|p1|
