|j|☆deus3xmachina
|j|☆lamebiz
|t:|1760405725
|gametype|singles
|player|p1|deus3xmachina|rika|1298
|player|p2|lamebiz|rancher|1340
|gen|9
|tier|[Gen 9] OU
|rated|
|rule|HP Percentage Mod: HP is shown in percentages
|rule|Endless Battle Clause: Forcing endless battles is banned
|rule|Species Clause: Limit one of each Pokémon
|rule|OHKO Clause: OHKO moves are banned
|rule|Evasion Items Clause: Evasion items are banned
|rule|Evasion Moves Clause: Evasion moves are banned
|rule|Evasion Abilities Clause: Evasion abilities are banned
|rule|Sleep Moves Clause: Sleep-inducing moves are banned
|clearpoke
|poke|p1|Ting-Lu|
|poke|p1|Gholdengo|
|poke|p1|Iron Valiant|
|poke|p1|Zapdos|
|poke|p1|Ogerpon-Wellspring, F|
|poke|p1|Iron Treads|
|poke|p2|Blissey, F|
|poke|p2|Klawf, M|
|poke|p2|Corviknight, F|
|poke|p2|Toxapex, F|
|poke|p2|Dondozo, F|
|poke|p2|Gliscor, F|
|teampreview
|inactive|Battle timer is ON: inactive players will automatically lose when time's up. (requested by lamebiz)
|c|☆deus3xmachina|glhf
|c|☆deus3xmachina|klawf stall......
|
|t:|1760405748
|teamsize|p1|6
|teamsize|p2|6
|start
|switch|p1a: Ting-Lu|Ting-Lu|100/100
|switch|p2a: Gliscor|Gliscor, F, shiny|100/100
|-ability|p1a: Ting-Lu|Vessel of Ruin
|turn|1
|
|t:|1760405758
|move|p2a: Gliscor|Spikes|p1a: Ting-Lu
|-sidestart|p1: deus3xmachina|Spikes
|move|p1a: Ting-Lu|Whirlwind|p2a: Gliscor
|drag|p2a: Blissey|Blissey, F, shiny|100/100
|
|upkeep
|turn|2
|
|t:|1760405766
|switch|p2a: Gliscor|Gliscor, F, shiny|100/100
|move|p1a: Ting-Lu|Stealth Rock|p2a: Gliscor
|-sidestart|p2: lamebiz|move: Stealth Rock
|
|-status|p2a: Gliscor|tox|[from] item: Toxic Orb
|upkeep
|turn|3
|
|t:|1760405773
|switch|p1a: Ogerpon|Ogerpon-Wellspring, F|100/100
|-damage|p1a: Ogerpon|88/100|[from] Spikes
|move|p2a: Gliscor|Spikes|p1a: Ogerpon
|-sidestart|p1: deus3xmachina|Spikes
|
|upkeep
|turn|4
|
|t:|1760405791
|switch|p2a: Corviknight|Corviknight, F|100/100
|-damage|p2a: Corviknight|88/100|[from] Stealth Rock
|-ability|p2a: Corviknight|Pressure
|move|p1a: Ogerpon|Swords Dance|p1a: Ogerpon
|-boost|p1a: Ogerpon|atk|2
|
|upkeep
|turn|5
|
|t:|1760405803
|move|p1a: Ogerpon|Ivy Cudgel|p2a: Corviknight|[anim] Ivy Cudgel Water
|-damage|p2a: Corviknight|17/100
|move|p2a: Corviknight|Brave Bird|p1a: Ogerpon
|-supereffective|p1a: Ogerpon
|-crit|p1a: Ogerpon
|-damage|p1a: Ogerpon|0 fnt
|faint|p1a: Ogerpon
|-damage|p2a: Corviknight|0 fnt|[from] Recoil
|faint|p2a: Corviknight
|
|upkeep
|
|t:|1760405821
|switch|p1a: Ting-Lu|Ting-Lu|100/100
|switch|p2a: Gliscor|Gliscor, F, shiny|100/100 tox
|-damage|p2a: Gliscor|88/100 tox|[from] Stealth Rock
|-damage|p1a: Ting-Lu|84/100|[from] Spikes
|-ability|p1a: Ting-Lu|Vessel of Ruin
|turn|6
|
|t:|1760405828
|move|p2a: Gliscor|Knock Off|p1a: Ting-Lu
|-resisted|p1a: Ting-Lu
|-damage|p1a: Ting-Lu|78/100
|-enditem|p1a: Ting-Lu|Leftovers|[from] move: Knock Off|[of] p2a: Gliscor
|move|p1a: Ting-Lu|Spikes|p2a: Gliscor
|-sidestart|p2: lamebiz|Spikes
|
|-heal|p2a: Gliscor|100/100 tox|[from] ability: Poison Heal
|upkeep
|turn|7
|
|t:|1760405839
|move|p2a: Gliscor|Spikes|p1a: Ting-Lu
|-sidestart|p1: deus3xmachina|Spikes
|move|p1a: Ting-Lu|Spikes|p2a: Gliscor
|-sidestart|p2: lamebiz|Spikes
|
|upkeep
|turn|8
|
|t:|1760405848
|switch|p2a: Toxapex|Toxapex, F|100/100
|move|p1a: Ting-Lu|Spikes|p2a: Toxapex
|-sidestart|p2: lamebiz|Spikes
|
|upkeep
|turn|9
|
|t:|1760405857
|move|p2a: Toxapex|Toxic|p1a: Ting-Lu
|-status|p1a: Ting-Lu|tox
|move|p1a: Ting-Lu|Whirlwind|p2a: Toxapex
|drag|p2a: Dondozo|Dondozo, F|100/100
|
|-damage|p1a: Ting-Lu|72/100 tox|[from] psn
|upkeep
|turn|10
|
|t:|1760405869
|move|p1a: Ting-Lu|Ruination|p2a: Dondozo
|-damage|p2a: Dondozo|50/100
|move|p2a: Dondozo|Body Press|p1a: Ting-Lu
|-supereffective|p1a: Ting-Lu
|-damage|p1a: Ting-Lu|39/100 tox
|
|-damage|p1a: Ting-Lu|26/100 tox|[from] psn
|upkeep
|turn|11
|
|t:|1760405888
|move|p1a: Ting-Lu|Ruination|p2a: Dondozo
|-damage|p2a: Dondozo|25/100
|move|p2a: Dondozo|Sleep Talk||[still]
|-fail|p2a: Dondozo
|
|-damage|p1a: Ting-Lu|8/100 tox|[from] psn
|upkeep
|turn|12
|
|t:|1760405895
|move|p2a: Dondozo|Rest|p2a: Dondozo
|-status|p2a: Dondozo|slp|[from] move: Rest
|-heal|p2a: Dondozo|100/100 slp|[silent]
|move|p1a: Ting-Lu|Whirlwind|p2a: Dondozo
|drag|p2a: Blissey|Blissey, F, shiny|100/100
|
|-damage|p1a: Ting-Lu|0 fnt|[from] psn
|faint|p1a: Ting-Lu
|upkeep
|
|t:|1760405901
|switch|p1a: Iron Treads|Iron Treads|100/100
|-damage|p1a: Iron Treads|76/100|[from] Spikes
|turn|13
|
|t:|1760405914
|switch|p2a: Gliscor|Gliscor, F, shiny|100/100 tox
|-damage|p2a: Gliscor|88/100 tox|[from] Stealth Rock
|move|p1a: Iron Treads|Rapid Spin|p2a: Gliscor
|-damage|p2a: Gliscor|79/100 tox
|-boost|p1a: Iron Treads|spe|1
|-sideend|p1: deus3xmachina|Spikes|[from] move: Rapid Spin|[of] p1a: Iron Treads
|
|-heal|p1a: Iron Treads|82/100|[from] item: Leftovers
|-heal|p2a: Gliscor|91/100 tox|[from] ability: Poison Heal
|upkeep
|turn|14
|
|t:|1760405925
|move|p1a: Iron Treads|Ice Spinner|p2a: Gliscor
|-supereffective|p2a: Gliscor
|-damage|p2a: Gliscor|27/100 tox
|move|p2a: Gliscor|Spikes|p1a: Iron Treads
|-sidestart|p1: deus3xmachina|Spikes
|
|-heal|p1a: Iron Treads|88/100|[from] item: Leftovers
|-heal|p2a: Gliscor|40/100 tox|[from] ability: Poison Heal
|upkeep
|turn|15
|
|t:|1760405929
|move|p2a: Gliscor|Protect|p2a: Gliscor
|-singleturn|p2a: Gliscor|Protect
|move|p1a: Iron Treads|Ice Spinner|p2a: Gliscor
|-activate|p2a: Gliscor|move: Protect
|
|-heal|p1a: Iron Treads|94/100|[from] item: Leftovers
|-heal|p2a: Gliscor|52/100 tox|[from] ability: Poison Heal
|upkeep
|turn|16
|
|t:|1760405936
|switch|p2a: Dondozo|Dondozo, F|100/100 slp
|move|p1a: Iron Treads|Knock Off|p2a: Dondozo
|-damage|p2a: Dondozo|90/100 slp
|-enditem|p2a: Dondozo|Heavy-Duty Boots|[from] move: Knock Off|[of] p1a: Iron Treads
|
|-heal|p1a: Iron Treads|99/100|[from] item: Leftovers
|upkeep
|turn|17
|
|t:|1760405940
|-end|p1a: Iron Treads|Quark Drive|[silent]
|switch|p1a: Zapdos|Zapdos|100/100
|-ability|p1a: Zapdos|Pressure
|cant|p2a: Dondozo|slp
|move|p2a: Dondozo|Sleep Talk|p2a: Dondozo
|move|p2a: Dondozo|Rest||[from] move: Sleep Talk|[still]
|-fail|p2a: Dondozo
|
|upkeep
|turn|18
|
|t:|1760405964
|switch|p2a: Gliscor|Gliscor, F, shiny|52/100 tox
|-damage|p2a: Gliscor|40/100 tox|[from] Stealth Rock
|move|p1a: Zapdos|Discharge|p2a: Gliscor
|-immune|p2a: Gliscor
|
|-heal|p2a: Gliscor|52/100 tox|[from] ability: Poison Heal
|upkeep
|turn|19
|
|t:|1760405969
|move|p2a: Gliscor|Protect|p2a: Gliscor
|-singleturn|p2a: Gliscor|Protect
|move|p1a: Zapdos|Hurricane|p2a: Gliscor
|-activate|p2a: Gliscor|move: Protect
|
|-heal|p2a: Gliscor|65/100 tox|[from] ability: Poison Heal
|upkeep
|turn|20
|
|t:|1760405977
|move|p1a: Zapdos|Hurricane|p2a: Gliscor|[miss]
|-miss|p1a: Zapdos|p2a: Gliscor
|move|p2a: Gliscor|Spikes|p1a: Zapdos
|-sidestart|p1: deus3xmachina|Spikes
|
|-heal|p2a: Gliscor|77/100 tox|[from] ability: Poison Heal
|upkeep
|turn|21
|
|t:|1760405980
|move|p2a: Gliscor|Protect|p2a: Gliscor
|-singleturn|p2a: Gliscor|Protect
|move|p1a: Zapdos|Hurricane|p2a: Gliscor
|-activate|p2a: Gliscor|move: Protect
|
|-heal|p2a: Gliscor|90/100 tox|[from] ability: Poison Heal
|upkeep
|turn|22
|
|t:|1760405985
|move|p1a: Zapdos|U-turn|p2a: Gliscor
|-resisted|p2a: Gliscor
|-damage|p2a: Gliscor|85/100 tox
|
|t:|1760405989
|switch|p1a: Iron Treads|Iron Treads|99/100|[from] U-turn
|-damage|p1a: Iron Treads|83/100|[from] Spikes
|move|p2a: Gliscor|Knock Off|p1a: Iron Treads
|-damage|p1a: Iron Treads|66/100
|-enditem|p1a: Iron Treads|Leftovers|[from] move: Knock Off|[of] p2a: Gliscor
|
|-heal|p2a: Gliscor|97/100 tox|[from] ability: Poison Heal
|upkeep
|turn|23
|
|t:|1760405999
|move|p1a: Iron Treads|Ice Spinner|p2a: Gliscor
|-supereffective|p2a: Gliscor
|-damage|p2a: Gliscor|35/100 tox
|move|p2a: Gliscor|Earthquake|p1a: Iron Treads
|-supereffective|p1a: Iron Treads
|-damage|p1a: Iron Treads|12/100
|
|-heal|p2a: Gliscor|47/100 tox|[from] ability: Poison Heal
|upkeep
|turn|24
|
|t:|1760406014
|move|p2a: Gliscor|Protect|p2a: Gliscor
|-singleturn|p2a: Gliscor|Protect
|move|p1a: Iron Treads|Ice Spinner|p2a: Gliscor
|-activate|p2a: Gliscor|move: Protect
|
|-heal|p2a: Gliscor|60/100 tox|[from] ability: Poison Heal
|upkeep
|turn|25
|
|t:|1760406020
|switch|p2a: Klawf|Klawf, M|100/100
|-damage|p2a: Klawf|88/100|[from] Stealth Rock
|-damage|p2a: Klawf|63/100|[from] Spikes
|move|p1a: Iron Treads|Ice Spinner|p2a: Klawf
|-damage|p2a: Klawf|49/100
|-damage|p1a: Iron Treads|0 fnt|[from] item: Rocky Helmet|[of] p2a: Klawf
|faint|p1a: Iron Treads
|-end|p1a: Iron Treads|Quark Drive|[silent]
|
|upkeep
|
|t:|1760406028
|switch|p1a: Gholdengo|Gholdengo|100/100
|-item|p1a: Gholdengo|Air Balloon
|turn|26
|
|t:|1760406036
|switch|p2a: Blissey|Blissey, F, shiny|100/100
|move|p1a: Gholdengo|Make It Rain|p2a: Blissey
|-damage|p2a: Blissey|84/100
|-unboost|p1a: Gholdengo|spa|1
|
|upkeep
|turn|27
|
|t:|1760406056
|move|p1a: Gholdengo|Thunder Wave|p2a: Blissey
|-status|p2a: Blissey|par
|move|p2a: Blissey|Shadow Ball|p1a: Gholdengo
|-supereffective|p1a: Gholdengo
|-damage|p1a: Gholdengo|71/100
|-enditem|p1a: Gholdengo|Air Balloon
|
|upkeep
|turn|28
|
|t:|1760406063
|switch|p1a: Zapdos|Zapdos|100/100
|-ability|p1a: Zapdos|Pressure
|move|p2a: Blissey|Shadow Ball|p1a: Zapdos
|-damage|p1a: Zapdos|87/100
|
|upkeep
|turn|29
|
|t:|1760406087
|-curestatus|p2a: Blissey|par|[from] ability: Natural Cure
|switch|p2a: Gliscor|Gliscor, F, shiny|60/100 tox
|-damage|p2a: Gliscor|47/100 tox|[from] Stealth Rock
|move|p1a: Zapdos|Discharge|p2a: Gliscor
|-immune|p2a: Gliscor
|
|-heal|p2a: Gliscor|60/100 tox|[from] ability: Poison Heal
|upkeep
|turn|30
|
|t:|1760406097
|move|p2a: Gliscor|Protect|p2a: Gliscor
|-singleturn|p2a: Gliscor|Protect
|move|p1a: Zapdos|Hurricane|p2a: Gliscor
|-activate|p2a: Gliscor|move: Protect
|
|-heal|p2a: Gliscor|72/100 tox|[from] ability: Poison Heal
|upkeep
|turn|31
|
|t:|1760406112
|switch|p2a: Toxapex|Toxapex, F|100/100
|move|p1a: Zapdos|Hurricane|p2a: Toxapex
|-damage|p2a: Toxapex|60/100
|
|upkeep
|turn|32
|inactive|deus3xmachina has 120 seconds left.
|
|t:|1760406161
|switch|p2a: Blissey|Blissey, F, shiny|84/100
|move|p1a: Zapdos|Discharge|p2a: Blissey
|-damage|p2a: Blissey|74/100
|
|upkeep
|turn|33
|
|t:|1760406167
|move|p1a: Zapdos|U-turn|p2a: Blissey
|-damage|p2a: Blissey|61/100
|
|t:|1760406168
|switch|p1a: Iron Valiant|Iron Valiant|100/100|[from] U-turn
|-damage|p1a: Iron Valiant|84/100|[from] Spikes
|-enditem|p1a: Iron Valiant|Booster Energy
|-activate|p1a: Iron Valiant|ability: Quark Drive|[fromitem]
|-start|p1a: Iron Valiant|quarkdrivespe
|move|p2a: Blissey|Calm Mind|p2a: Blissey
|-boost|p2a: Blissey|spa|1
|-boost|p2a: Blissey|spd|1
|
|upkeep
|turn|34
|
|t:|1760406176
|switch|p2a: Dondozo|Dondozo, F|90/100 slp
|-damage|p2a: Dondozo|77/100 slp|[from] Stealth Rock
|-damage|p2a: Dondozo|52/100 slp|[from] Spikes
|move|p1a: Iron Valiant|Encore||[still]
|-fail|p1a: Iron Valiant
|
|upkeep
|turn|35
|
|t:|1760406186
|move|p1a: Iron Valiant|Thunderbolt|p2a: Dondozo
|-supereffective|p2a: Dondozo
|-damage|p2a: Dondozo|0 fnt
|faint|p2a: Dondozo
|
|upkeep
|
|t:|1760406204
|switch|p2a: Toxapex|Toxapex, F|93/100
|turn|36
|
|t:|1760406212
|-terastallize|p2a: Toxapex|Grass
|move|p1a: Iron Valiant|Thunderbolt|p2a: Toxapex
|-resisted|p2a: Toxapex
|-damage|p2a: Toxapex|80/100
|-status|p2a: Toxapex|par
|move|p2a: Toxapex|Toxic|p1a: Iron Valiant
|-status|p1a: Iron Valiant|tox
|
|-damage|p1a: Iron Valiant|78/100 tox|[from] psn
|upkeep
|turn|37
|
|t:|1760406225
|move|p1a: Iron Valiant|Moonblast|p2a: Toxapex
|-damage|p2a: Toxapex|43/100 par
|-unboost|p2a: Toxapex|spa|1
|move|p2a: Toxapex|Recover|p2a: Toxapex
|-heal|p2a: Toxapex|93/100 par
|
|-damage|p1a: Iron Valiant|65/100 tox|[from] psn
|upkeep
|turn|38
|
|t:|1760406235
|-end|p1a: Iron Valiant|Quark Drive|[silent]
|switch|p1a: Gholdengo|Gholdengo|71/100
|-damage|p1a: Gholdengo|54/100|[from] Spikes
|switch|p2a: Blissey|Blissey, F, shiny|61/100
|
|upkeep
|turn|39
|
|t:|1760406255
|switch|p1a: Iron Valiant|Iron Valiant|65/100 tox
|-damage|p1a: Iron Valiant|49/100 tox|[from] Spikes
|move|p2a: Blissey|Soft-Boiled|p2a: Blissey
|-heal|p2a: Blissey|100/100
|
|-damage|p1a: Iron Valiant|42/100 tox|[from] psn
|upkeep
|turn|40
|-message|deus3xmachina forfeited.
|
|win|lamebiz
|raw|deus3xmachina's rating: 1298 &rarr; <strong>1276</strong><br />(-22 for losing)
|raw|lamebiz's rating: 1340 &rarr; <strong>1358</strong><br />(+18 for winning)
|c|☆deus3xmachina|cheers
|l|☆deus3xmachina
|player|p1|
|l|☆lamebiz
|player|p2|
