|j|‽flinchirator
|j|☆Garebare1213
|t:|1760402626
|gametype|singles
|player|p1|flinchirator|miku-ice|1461
|player|p2|Garebare1213|170|1517
|gen|9
|tier|[Gen 9] OU
|rated|
|rule|HP Percentage Mod: HP is shown in percentages
|rule|Endless Battle Clause: Forcing endless battles is banned
|rule|Species Clause: Limit one of each Pokémon
|rule|OHKO Clause: OHKO moves are banned
|rule|Evasion Items Clause: Evasion items are banned
|rule|Evasion Moves Clause: Evasion moves are banned
|rule|Evasion Abilities Clause: Evasion abilities are banned
|rule|Sleep Moves Clause: Sleep-inducing moves are banned
|clearpoke
|poke|p1|Samurott-Hisui, F|
|poke|p1|Iron Treads|
|poke|p1|Pecharunt|
|poke|p1|Abomasnow, M|
|poke|p1|Dragonite, M|
|poke|p1|Kingambit, F|
|poke|p2|Lycanroc-Dusk, M|
|poke|p2|Kingambit, M|
|poke|p2|Ogerpon-Wellspring, F|
|poke|p2|Moltres|
|poke|p2|Hatterene, F|
|poke|p2|Great Tusk|
|teampreview
|inactive|Battle timer is ON: inactive players will automatically lose when time's up. (requested by flinchirator)
|
|t:|1760402632
|teamsize|p1|6
|teamsize|p2|6
|start
|switch|p1a: Pecharunt|Pecharunt|100/100
|switch|p2a: Lycanroc|Lycanroc-Dusk, M, shiny|100/100
|-item|p1a: Pecharunt|Air Balloon
|turn|1
|
|t:|1760402637
|move|p2a: Lycanroc|Stealth Rock|p1a: Pecharunt
|-sidestart|p1: flinchirator|move: Stealth Rock
|move|p1a: Pecharunt|Malignant Chain|p2a: Lycanroc
|-resisted|p2a: Lycanroc
|-damage|p2a: Lycanroc|74/100
|-status|p2a: Lycanroc|tox
|-start|p2a: Lycanroc|confusion|[from] ability: Poison Puppeteer|[of] p1a: Pecharunt
|
|-damage|p2a: Lycanroc|68/100 tox|[from] psn
|upkeep
|turn|2
|
|t:|1760402653
|switch|p2a: Kingambit|Kingambit, M|100/100
|move|p1a: Pecharunt|Shadow Ball|p2a: Kingambit
|-resisted|p2a: Kingambit
|-damage|p2a: Kingambit|86/100
|
|upkeep
|turn|3
|
|t:|1760402669
|switch|p1a: Samurott|Samurott-Hisui, F, shiny|100/100
|-damage|p1a: Samurott|88/100|[from] Stealth Rock
|move|p2a: Kingambit|Swords Dance|p2a: Kingambit
|-boost|p2a: Kingambit|atk|2
|
|upkeep
|turn|4
|inactive|Garebare1213 has 120 seconds left.
|
|t:|1760402708
|move|p1a: Samurott|Razor Shell|p2a: Kingambit
|-damage|p2a: Kingambit|10/100
|-unboost|p2a: Kingambit|def|1
|move|p2a: Kingambit|Low Kick|p1a: Samurott
|-supereffective|p1a: Samurott
|-damage|p1a: Samurott|0 fnt
|faint|p1a: Samurott
|-damage|p2a: Kingambit|0 fnt|[from] item: Life Orb
|faint|p2a: Kingambit
|-end|p2a: Kingambit|fallenundefined|[silent]
|
|upkeep
|inactive|Garebare1213 has 90 seconds left.
|
|t:|1760402751
|switch|p1a: Iron Treads|Iron Treads|100/100
|switch|p2a: Great Tusk|Great Tusk|100/100
|-damage|p1a: Iron Treads|97/100|[from] Stealth Rock
|turn|5
|
|t:|1760402760
|move|p1a: Iron Treads|Rapid Spin|p2a: Great Tusk
|-damage|p2a: Great Tusk|88/100
|-boost|p1a: Iron Treads|spe|1
|-sideend|p1: flinchirator|Stealth Rock|[from] move: Rapid Spin|[of] p1a: Iron Treads
|move|p2a: Great Tusk|Headlong Rush|p1a: Iron Treads
|-supereffective|p1a: Iron Treads
|-damage|p1a: Iron Treads|0 fnt
|-unboost|p2a: Great Tusk|def|1
|-unboost|p2a: Great Tusk|spd|1
|faint|p1a: Iron Treads
|-end|p1a: Iron Treads|Quark Drive|[silent]
|
|upkeep
|
|t:|1760402773
|switch|p1a: Abomasnow|Abomasnow, M|100/100
|-weather|Snowscape|[from] ability: Snow Warning|[of] p1a: Abomasnow
|turn|6
|inactive|Garebare1213 has 90 seconds left.
|
|t:|1760402783
|-end|p2a: Great Tusk|Protosynthesis|[silent]
|switch|p2a: Moltres|Moltres|100/100
|move|p1a: Abomasnow|Blizzard|p2a: Moltres
|-damage|p2a: Moltres|46/100
|
|-weather|Snowscape|[upkeep]
|upkeep
|turn|7
|
|t:|1760402802
|switch|p1a: Pecharunt|Pecharunt|100/100
|-item|p1a: Pecharunt|Air Balloon
|move|p2a: Moltres|Flamethrower|p1a: Pecharunt
|-damage|p1a: Pecharunt|59/100
|-enditem|p1a: Pecharunt|Air Balloon
|
|-weather|Snowscape|[upkeep]
|upkeep
|turn|8
|inactive|Garebare1213 has 90 seconds left.
|inactive|Garebare1213 has 60 seconds left.
|
|t:|1760402860
|move|p1a: Pecharunt|Malignant Chain|p2a: Moltres
|-damage|p2a: Moltres|10/100
|-status|p2a: Moltres|tox
|-start|p2a: Moltres|confusion|[from] ability: Poison Puppeteer|[of] p1a: Pecharunt
|-activate|p2a: Moltres|confusion
|move|p2a: Moltres|Hurricane|p1a: Pecharunt
|-damage|p1a: Pecharunt|7/100
|
|-weather|Snowscape|[upkeep]
|-damage|p2a: Moltres|4/100 tox|[from] psn
|upkeep
|turn|9
|inactive|Garebare1213 has 30 seconds left.
|inactive|Garebare1213 has 20 seconds left.
|inactive|Garebare1213 has 15 seconds left.
|
|t:|1760402910
|move|p1a: Pecharunt|Recover|p1a: Pecharunt
|-heal|p1a: Pecharunt|58/100
|-end|p2a: Moltres|confusion
|move|p2a: Moltres|Roost|p2a: Moltres
|-heal|p2a: Moltres|54/100 tox
|-singleturn|p2a: Moltres|move: Roost
|
|-weather|Snowscape|[upkeep]
|-damage|p2a: Moltres|42/100 tox|[from] psn
|upkeep
|turn|10
|inactive|Garebare1213 has 25 seconds left this turn.
|inactive|Garebare1213 has 20 seconds left.
|inactive|Garebare1213 has 15 seconds left.
|
|t:|1760402924
|switch|p2a: Hatterene|Hatterene, F|100/100
|move|p1a: Pecharunt|Malignant Chain|p2a: Hatterene
|-supereffective|p2a: Hatterene
|-damage|p2a: Hatterene|30/100
|-status|p2a: Hatterene|tox
|-start|p2a: Hatterene|confusion|[from] ability: Poison Puppeteer|[of] p1a: Pecharunt
|
|-weather|none
|-damage|p2a: Hatterene|24/100 tox|[from] psn
|upkeep
|turn|11
|inactive|Garebare1213 has 25 seconds left this turn.
|inactive|Garebare1213 has 20 seconds left.
|inactive|Garebare1213 has 15 seconds left.
|inactive|Garebare1213 has 10 seconds left.
|-enditem|p2a: Hatterene|Custap Berry|[eat]
|-activate|p2a: Hatterene|item: Custap Berry|[consumed]
|
|t:|1760402944
|-activate|p2a: Hatterene|confusion
|-damage|p2a: Hatterene|16/100 tox|[from] confusion
|move|p1a: Pecharunt|Shadow Ball|p2a: Hatterene
|-supereffective|p2a: Hatterene
|-damage|p2a: Hatterene|0 fnt
|faint|p2a: Hatterene
|
|upkeep
|inactive|Garebare1213 has 15 seconds left this turn.
|inactive|Garebare1213 has 10 seconds left.
|
|t:|1760402953
|switch|p2a: Great Tusk|Great Tusk|88/100
|turn|12
|inactive|Garebare1213 has 20 seconds left this turn.
|inactive|Garebare1213 has 15 seconds left.
|inactive|flinchirator has 120 seconds left.
|inactive|Garebare1213 has 10 seconds left.
|inactive|flinchirator has 90 seconds left.
|inactive|flinchirator has 60 seconds left.
|
|t:|1760403067
|switch|p1a: Abomasnow|Abomasnow, M|100/100
|-weather|Snowscape|[from] ability: Snow Warning|[of] p1a: Abomasnow
|-end|p2a: Great Tusk|Protosynthesis|[silent]
|switch|p2a: Moltres|Moltres|42/100 tox
|
|-weather|Snowscape|[upkeep]
|-damage|p2a: Moltres|36/100 tox|[from] psn
|upkeep
|turn|13
|inactive|Garebare1213 has 20 seconds left this turn.
|inactive|Garebare1213 has 15 seconds left.
|
|t:|1760403076
|move|p2a: Moltres|Flamethrower|p1a: Abomasnow
|-supereffective|p1a: Abomasnow
|-damage|p1a: Abomasnow|0 fnt
|faint|p1a: Abomasnow
|
|-weather|Snowscape|[upkeep]
|-damage|p2a: Moltres|24/100 tox|[from] psn
|upkeep
|
|t:|1760403082
|switch|p1a: Dragonite|Dragonite, M|100/100
|turn|14
|inactive|Garebare1213 has 30 seconds left this turn.
|
|t:|1760403087
|move|p1a: Dragonite|Encore|p2a: Moltres
|-start|p2a: Moltres|Encore
|move|p2a: Moltres|Flamethrower|p1a: Dragonite
|-resisted|p1a: Dragonite
|-damage|p1a: Dragonite|90/100
|
|-weather|Snowscape|[upkeep]
|-damage|p2a: Moltres|6/100 tox|[from] psn
|upkeep
|turn|15
|inactive|flinchirator has 60 seconds left.
|inactive|Garebare1213 has 30 seconds left.
|inactive|Garebare1213 has 20 seconds left.
|inactive|Garebare1213 has 15 seconds left.
|
|t:|1760403110
|move|p1a: Dragonite|Dragon Dance|p1a: Dragonite
|-boost|p1a: Dragonite|atk|1
|-boost|p1a: Dragonite|spe|1
|move|p2a: Moltres|Flamethrower|p1a: Dragonite
|-resisted|p1a: Dragonite
|-damage|p1a: Dragonite|71/100
|
|-weather|Snowscape|[upkeep]
|-damage|p2a: Moltres|0 fnt|[from] psn
|faint|p2a: Moltres
|upkeep
|inactive|Garebare1213 has 20 seconds left this turn.
|inactive|Garebare1213 has 15 seconds left.
|inactive|Garebare1213 has 10 seconds left.
|
|t:|1760403123
|switch|p2a: Lycanroc|Lycanroc-Dusk, M, shiny|68/100 tox
|turn|16
|inactive|Garebare1213 has 20 seconds left this turn.
|inactive|flinchirator has 60 seconds left.
|
|t:|1760403132
|move|p2a: Lycanroc|Accelerock|p1a: Dragonite
|-supereffective|p1a: Dragonite
|-damage|p1a: Dragonite|14/100
|move|p1a: Dragonite|Earthquake|p2a: Lycanroc
|-supereffective|p2a: Lycanroc
|-damage|p2a: Lycanroc|0 fnt
|faint|p2a: Lycanroc
|
|-weather|none
|upkeep
|inactive|Garebare1213 has 25 seconds left this turn.
|inactive|Garebare1213 has 20 seconds left.
|inactive|Garebare1213 has 15 seconds left.
|
|t:|1760403146
|switch|p2a: Ogerpon|Ogerpon-Wellspring, F|100/100
|turn|17
|inactive|Garebare1213 has 25 seconds left this turn.
|inactive|Garebare1213 has 20 seconds left.
|inactive|Garebare1213 has 15 seconds left.
|
|t:|1760403161
|-terastallize|p1a: Dragonite|Flying
|move|p1a: Dragonite|Tera Blast|p2a: Ogerpon|[anim] Tera Blast Flying
|-supereffective|p2a: Ogerpon
|-damage|p2a: Ogerpon|0 fnt
|faint|p2a: Ogerpon
|
|upkeep
|inactive|Garebare1213 has 20 seconds left this turn.
|inactive|Garebare1213 has 15 seconds left.
|
|t:|1760403168
|switch|p2a: Great Tusk|Great Tusk|88/100
|turn|18
|inactive|Garebare1213 has 25 seconds left this turn.
|inactive|Garebare1213 has 20 seconds left.
|inactive|Garebare1213 has 15 seconds left.
|
|t:|1760403181
|-terastallize|p2a: Great Tusk|Ghost
|move|p1a: Dragonite|Tera Blast|p2a: Great Tusk|[anim] Tera Blast Flying
|-damage|p2a: Great Tusk|29/100
|move|p2a: Great Tusk|Rapid Spin|p1a: Dragonite
|-damage|p1a: Dragonite|0 fnt
|-boost|p2a: Great Tusk|spe|1
|faint|p1a: Dragonite
|
|upkeep
|
|t:|1760403193
|switch|p1a: Kingambit|Kingambit, F, shiny|100/100
|-activate|p1a: Kingambit|ability: Supreme Overlord
|-start|p1a: Kingambit|fallen4|[silent]
|turn|19
|inactive|Garebare1213 has 30 seconds left this turn.
|
|t:|1760403197
|move|p1a: Kingambit|Sucker Punch||[still]
|-fail|p1a: Kingambit
|move|p2a: Great Tusk|Taunt|p1a: Kingambit
|-start|p1a: Kingambit|move: Taunt
|
|upkeep
|turn|20
|
|t:|1760403203
|move|p1a: Kingambit|Sucker Punch||[still]
|-fail|p1a: Kingambit
|move|p2a: Great Tusk|Taunt||[still]
|-fail|p2a: Great Tusk
|
|upkeep
|turn|21
|
|t:|1760403207
|move|p1a: Kingambit|Sucker Punch||[still]
|-fail|p1a: Kingambit
|move|p2a: Great Tusk|Taunt||[still]
|-fail|p2a: Great Tusk
|
|upkeep
|turn|22
|
|t:|1760403210
|move|p2a: Great Tusk|Taunt||[still]
|-fail|p2a: Great Tusk
|move|p1a: Kingambit|Kowtow Cleave|p2a: Great Tusk
|-supereffective|p2a: Great Tusk
|-damage|p2a: Great Tusk|0 fnt
|faint|p2a: Great Tusk
|-end|p2a: Great Tusk|Protosynthesis|[silent]
|
|win|flinchirator
|raw|flinchirator's rating: 1461 &rarr; <strong>1484</strong><br />(+23 for winning)
|raw|Garebare1213's rating: 1517 &rarr; <strong>1494</strong><br />(-23 for losing)
|l|☆Garebare1213
|player|p2|
|l|‽flinchirator
|player|p1|
