|j|☆big monkey stall
|j|☆Whisperclawpossger
|t:|1760387244
|gametype|singles
|player|p1|big monkey stall|morty-masters|1587
|player|p2|Whisperclawpossger|palmer|1584
|gen|9
|tier|[Gen 9] OU
|rated|
|rule|HP Percentage Mod: HP is shown in percentages
|rule|Endless Battle Clause: Forcing endless battles is banned
|rule|Species Clause: Limit one of each Pokémon
|rule|OHKO Clause: OHKO moves are banned
|rule|Evasion Items Clause: Evasion items are banned
|rule|Evasion Moves Clause: Evasion moves are banned
|rule|Evasion Abilities Clause: Evasion abilities are banned
|rule|Sleep Moves Clause: Sleep-inducing moves are banned
|clearpoke
|poke|p1|Kleavor, F|
|poke|p1|Brambleghast, M|
|poke|p1|Moltres|
|poke|p1|Mamoswine, F|
|poke|p1|Pecharunt|
|poke|p1|Kingambit, M|
|poke|p2|Enamorus, F|
|poke|p2|Dondozo, F|
|poke|p2|Ceruledge, M|
|poke|p2|Raging Bolt|
|poke|p2|Great Tusk|
|poke|p2|Hatterene, F|
|teampreview
|inactive|Battle timer is ON: inactive players will automatically lose when time's up. (requested by big monkey stall)
|
|t:|1760387262
|teamsize|p1|6
|teamsize|p2|6
|start
|switch|p1a: Kleavor|Kleavor, F|100/100
|switch|p2a: Great Tusk|Great Tusk|100/100
|turn|1
|
|t:|1760387270
|switch|p1a: Moltres|Moltres|100/100
|move|p2a: Great Tusk|Stealth Rock|p1a: Moltres
|-sidestart|p1: big monkey stall|move: Stealth Rock
|
|upkeep
|turn|2
|
|t:|1760387284
|-end|p2a: Great Tusk|Protosynthesis|[silent]
|switch|p2a: Dondozo|Dondozo, F, shiny|100/100
|move|p1a: Moltres|Hurricane|p2a: Dondozo|[miss]
|-miss|p1a: Moltres|p2a: Dondozo
|
|upkeep
|turn|3
|
|t:|1760387292
|switch|p2a: Raging Bolt|Raging Bolt|100/100
|-enditem|p2a: Raging Bolt|Booster Energy
|-activate|p2a: Raging Bolt|ability: Protosynthesis|[fromitem]
|-start|p2a: Raging Bolt|protosynthesisspa
|move|p1a: Moltres|Tailwind|p1a: Moltres
|-sidestart|p1: big monkey stall|move: Tailwind
|
|upkeep
|turn|4
|
|t:|1760387300
|move|p1a: Moltres|U-turn|p2a: Raging Bolt
|-damage|p2a: Raging Bolt|87/100
|
|t:|1760387302
|switch|p1a: Mamoswine|Mamoswine, F|100/100|[from] U-turn
|-damage|p1a: Mamoswine|88/100|[from] Stealth Rock
|move|p2a: Raging Bolt|Calm Mind|p2a: Raging Bolt
|-boost|p2a: Raging Bolt|spa|1
|-boost|p2a: Raging Bolt|spd|1
|
|upkeep
|turn|5
|
|t:|1760387317
|-terastallize|p2a: Raging Bolt|Fairy
|move|p1a: Mamoswine|Earthquake|p2a: Raging Bolt
|-damage|p2a: Raging Bolt|39/100
|move|p2a: Raging Bolt|Dragon Pulse|p1a: Mamoswine
|-damage|p1a: Mamoswine|0 fnt
|faint|p1a: Mamoswine
|
|upkeep
|
|t:|1760387336
|switch|p1a: Pecharunt|Pecharunt|100/100
|-damage|p1a: Pecharunt|88/100|[from] Stealth Rock
|-item|p1a: Pecharunt|Air Balloon
|turn|6
|
|t:|1760387342
|move|p2a: Raging Bolt|Thunderclap|p1a: Pecharunt
|-damage|p1a: Pecharunt|9/100
|-enditem|p1a: Pecharunt|Air Balloon
|move|p1a: Pecharunt|Malignant Chain|p2a: Raging Bolt
|-supereffective|p2a: Raging Bolt
|-damage|p2a: Raging Bolt|3/100
|-status|p2a: Raging Bolt|tox
|-start|p2a: Raging Bolt|confusion|[from] ability: Poison Puppeteer|[of] p1a: Pecharunt
|
|-damage|p2a: Raging Bolt|0 fnt|[from] psn
|faint|p2a: Raging Bolt
|-end|p2a: Raging Bolt|Protosynthesis|[silent]
|-sideend|p1: big monkey stall|move: Tailwind
|upkeep
|
|t:|1760387355
|switch|p2a: Ceruledge|Ceruledge, M|100/100
|turn|7
|
|t:|1760387370
|move|p2a: Ceruledge|Shadow Sneak|p1a: Pecharunt
|-supereffective|p1a: Pecharunt
|-damage|p1a: Pecharunt|0 fnt
|faint|p1a: Pecharunt
|
|upkeep
|
|t:|1760387380
|switch|p1a: Kleavor|Kleavor, F|100/100
|-damage|p1a: Kleavor|76/100|[from] Stealth Rock
|turn|8
|
|t:|1760387399
|move|p1a: Kleavor|Tailwind|p1a: Kleavor
|-sidestart|p1: big monkey stall|move: Tailwind
|move|p2a: Ceruledge|Swords Dance|p2a: Ceruledge
|-boost|p2a: Ceruledge|atk|2
|
|upkeep
|turn|9
|
|t:|1760387405
|move|p1a: Kleavor|Stone Axe|p2a: Ceruledge
|-supereffective|p2a: Ceruledge
|-enditem|p2a: Ceruledge|Focus Sash
|-damage|p2a: Ceruledge|1/100
|-ability|p2a: Ceruledge|Weak Armor|boost
|-unboost|p2a: Ceruledge|def|1
|-boost|p2a: Ceruledge|spe|2
|-sidestart|p2: Whisperclawpossger|move: Stealth Rock
|move|p2a: Ceruledge|Bitter Blade|p1a: Kleavor
|-damage|p1a: Kleavor|0 fnt
|-heal|p2a: Ceruledge|37/100|[from] drain|[of] p1a: Kleavor
|faint|p1a: Kleavor
|
|upkeep
|
|t:|1760387414
|switch|p1a: Moltres|Moltres|100/100
|turn|10
|inactive|Whisperclawpossger has 120 seconds left.
|
|t:|1760387453
|move|p2a: Ceruledge|Shadow Sneak|p1a: Moltres
|-damage|p1a: Moltres|57/100
|move|p1a: Moltres|Hurricane|p2a: Ceruledge
|-damage|p2a: Ceruledge|0 fnt
|faint|p2a: Ceruledge
|
|upkeep
|
|t:|1760387468
|switch|p2a: Dondozo|Dondozo, F, shiny|100/100
|-damage|p2a: Dondozo|88/100|[from] Stealth Rock
|turn|11
|
|t:|1760387486
|move|p1a: Moltres|Hurricane|p2a: Dondozo|[miss]
|-miss|p1a: Moltres|p2a: Dondozo
|move|p2a: Dondozo|Waterfall|p1a: Moltres
|-supereffective|p1a: Moltres
|-damage|p1a: Moltres|0 fnt
|faint|p1a: Moltres
|
|-sideend|p1: big monkey stall|move: Tailwind
|upkeep
|
|t:|1760387489
|switch|p1a: Brambleghast|Brambleghast, M|100/100
|-damage|p1a: Brambleghast|88/100|[from] Stealth Rock
|turn|12
|
|t:|1760387499
|switch|p2a: Hatterene|Hatterene, F|100/100
|-damage|p2a: Hatterene|88/100|[from] Stealth Rock
|move|p1a: Brambleghast|Rapid Spin|p2a: Hatterene
|-damage|p2a: Hatterene|66/100
|-boost|p1a: Brambleghast|spe|1
|-sideend|p1: big monkey stall|Stealth Rock|[from] move: Rapid Spin|[of] p1a: Brambleghast
|-enditem|p2a: Hatterene|Red Card|[of] p1a: Brambleghast
|drag|p1a: Kingambit|Kingambit, M|100/100
|-activate|p1a: Kingambit|ability: Supreme Overlord
|-start|p1a: Kingambit|fallen4|[silent]
|
|upkeep
|turn|13
|
|t:|1760387512
|switch|p2a: Great Tusk|Great Tusk|100/100
|-damage|p2a: Great Tusk|98/100|[from] Stealth Rock
|move|p1a: Kingambit|Kowtow Cleave|p2a: Great Tusk
|-resisted|p2a: Great Tusk
|-damage|p2a: Great Tusk|71/100
|-damage|p1a: Kingambit|84/100|[from] item: Rocky Helmet|[of] p2a: Great Tusk
|
|upkeep
|turn|14
|
|t:|1760387523
|-end|p1a: Kingambit|fallen4|[silent]
|switch|p1a: Brambleghast|Brambleghast, M|88/100
|move|p2a: Great Tusk|Ice Spinner|p1a: Brambleghast
|-supereffective|p1a: Brambleghast
|-damage|p1a: Brambleghast|0 fnt
|faint|p1a: Brambleghast
|
|upkeep
|-message|big monkey stall forfeited.
|
|win|Whisperclawpossger
|raw|big monkey stall's rating: 1587 &rarr; <strong>1567</strong><br />(-20 for losing)
|raw|Whisperclawpossger's rating: 1584 &rarr; <strong>1604</strong><br />(+20 for winning)
|l|☆big monkey stall
|player|p1|
|l|☆Whisperclawpossger
|player|p2|
