|j|☆Bouffeur d'lasagne
|j|☆bruhitsjoe14
|t:|1760416565
|gametype|singles
|player|p1|Bouffeur d'lasagne|teamrocket|1240
|player|p2|bruhitsjoe14|acetrainerf|1209
|gen|9
|tier|[Gen 9] OU
|rated|
|rule|HP Percentage Mod: HP is shown in percentages
|rule|Endless Battle Clause: Forcing endless battles is banned
|rule|Species Clause: Limit one of each Pokémon
|rule|OHKO Clause: OHKO moves are banned
|rule|Evasion Items Clause: Evasion items are banned
|rule|Evasion Moves Clause: Evasion moves are banned
|rule|Evasion Abilities Clause: Evasion abilities are banned
|rule|Sleep Moves Clause: Sleep-inducing moves are banned
|clearpoke
|poke|p1|Toxapex, M|
|poke|p1|Alomomola, M|
|poke|p1|Blissey, F|
|poke|p1|Skarmory, M|
|poke|p1|Gliscor, M|
|poke|p1|Clefable, F|
|poke|p2|Hippowdon, F|
|poke|p2|Excadrill, F|
|poke|p2|Great Tusk|
|poke|p2|Gliscor, F|
|poke|p2|Ting-Lu|
|poke|p2|Clodsire, F|
|teampreview
|inactive|Battle timer is ON: inactive players will automatically lose when time's up. (requested by bruhitsjoe14)
|c|☆bruhitsjoe14|jesus christ
|
|t:|1760416585
|teamsize|p1|6
|teamsize|p2|6
|start
|switch|p1a: Clefable|Clefable, F|100/100
|switch|p2a: Clodsire|Clodsire, F|100/100
|turn|1
|
|t:|1760416595
|move|p1a: Clefable|Ice Beam|p2a: Clodsire
|-supereffective|p2a: Clodsire
|-damage|p2a: Clodsire|61/100
|move|p2a: Clodsire|Spikes|p1a: Clefable
|-sidestart|p1: Bouffeur d'lasagne|Spikes
|
|-heal|p2a: Clodsire|68/100|[from] item: Leftovers
|upkeep
|turn|2
|
|t:|1760416607
|move|p1a: Clefable|Ice Beam|p2a: Clodsire
|-supereffective|p2a: Clodsire
|-damage|p2a: Clodsire|30/100
|move|p2a: Clodsire|Spikes|p1a: Clefable
|-sidestart|p1: Bouffeur d'lasagne|Spikes
|
|-heal|p2a: Clodsire|36/100|[from] item: Leftovers
|upkeep
|turn|3
|
|t:|1760416614
|move|p1a: Clefable|Ice Beam|p2a: Clodsire
|-supereffective|p2a: Clodsire
|-damage|p2a: Clodsire|0 fnt
|faint|p2a: Clodsire
|
|upkeep
|
|t:|1760416619
|switch|p2a: Ting-Lu|Ting-Lu|100/100
|-ability|p2a: Ting-Lu|Vessel of Ruin
|turn|4
|
|t:|1760416623
|move|p1a: Clefable|Moonblast|p2a: Ting-Lu
|-supereffective|p2a: Ting-Lu
|-damage|p2a: Ting-Lu|50/100
|-enditem|p2a: Ting-Lu|Red Card|[of] p1a: Clefable
|drag|p1a: Gliscor|Gliscor, M|100/100
|move|p2a: Ting-Lu|Stealth Rock|p1a: Gliscor
|-sidestart|p1: Bouffeur d'lasagne|move: Stealth Rock
|
|-status|p1a: Gliscor|tox|[from] item: Toxic Orb
|upkeep
|turn|5
|
|t:|1760416633
|move|p1a: Gliscor|Swords Dance|p1a: Gliscor
|-boost|p1a: Gliscor|atk|2
|move|p2a: Ting-Lu|Whirlwind|p1a: Gliscor
|drag|p1a: Clefable|Clefable, F|100/100
|
|upkeep
|turn|6
|
|t:|1760416640
|move|p1a: Clefable|Moonblast|p2a: Ting-Lu
|-supereffective|p2a: Ting-Lu
|-damage|p2a: Ting-Lu|1/100
|move|p2a: Ting-Lu|Ruination|p1a: Clefable
|-damage|p1a: Clefable|51/100
|
|upkeep
|turn|7
|
|t:|1760416650
|move|p2a: Ting-Lu|Endure|p2a: Ting-Lu
|-singleturn|p2a: Ting-Lu|move: Endure
|move|p1a: Clefable|Moonblast|p2a: Ting-Lu
|-supereffective|p2a: Ting-Lu
|-activate|p2a: Ting-Lu|move: Endure
|-damage|p2a: Ting-Lu|1/100
|
|upkeep
|turn|8
|
|t:|1760416657
|move|p1a: Clefable|Moonblast|p2a: Ting-Lu
|-supereffective|p2a: Ting-Lu
|-damage|p2a: Ting-Lu|0 fnt
|faint|p2a: Ting-Lu
|
|upkeep
|
|t:|1760416666
|switch|p2a: Excadrill|Excadrill, F|100/100
|turn|9
|
|t:|1760416675
|move|p2a: Excadrill|Iron Head|p1a: Clefable
|-supereffective|p1a: Clefable
|-damage|p1a: Clefable|0 fnt
|faint|p1a: Clefable
|
|upkeep
|
|t:|1760416684
|switch|p1a: Gliscor|Gliscor, M|100/100 tox
|-damage|p1a: Gliscor|88/100 tox|[from] Stealth Rock
|turn|10
|
|t:|1760416691
|move|p2a: Excadrill|Iron Head|p1a: Gliscor
|-damage|p1a: Gliscor|46/100 tox
|move|p1a: Gliscor|Earthquake|p2a: Excadrill
|-supereffective|p2a: Excadrill
|-damage|p2a: Excadrill|0 fnt
|faint|p2a: Excadrill
|
|-heal|p1a: Gliscor|58/100 tox|[from] ability: Poison Heal
|upkeep
|
|t:|1760416699
|switch|p2a: Hippowdon|Hippowdon, F|100/100
|-weather|Sandstorm|[from] ability: Sand Stream|[of] p2a: Hippowdon
|turn|11
|
|t:|1760416708
|move|p1a: Gliscor|Swords Dance|p1a: Gliscor
|-boost|p1a: Gliscor|atk|2
|move|p2a: Hippowdon|Roar|p1a: Gliscor
|drag|p1a: Blissey|Blissey, F|100/100
|-damage|p1a: Blissey|84/100|[from] Spikes
|-damage|p1a: Blissey|71/100|[from] Stealth Rock
|
|-weather|Sandstorm|[upkeep]
|-damage|p1a: Blissey|65/100|[from] Sandstorm
|upkeep
|turn|12
|
|t:|1760416718
|move|p1a: Blissey|Ice Beam|p2a: Hippowdon
|-supereffective|p2a: Hippowdon
|-damage|p2a: Hippowdon|44/100
|-damage|p1a: Blissey|55/100|[from] item: Life Orb
|move|p2a: Hippowdon|Roar|p1a: Blissey
|drag|p1a: Alomomola|Alomomola, M|100/100
|-damage|p1a: Alomomola|84/100|[from] Spikes
|-damage|p1a: Alomomola|72/100|[from] Stealth Rock
|
|-weather|Sandstorm|[upkeep]
|-damage|p1a: Alomomola|65/100|[from] Sandstorm
|upkeep
|turn|13
|
|t:|1760416729
|move|p1a: Alomomola|Liquidation|p2a: Hippowdon
|-supereffective|p2a: Hippowdon
|-damage|p2a: Hippowdon|0 fnt
|faint|p2a: Hippowdon
|
|-weather|Sandstorm|[upkeep]
|-damage|p1a: Alomomola|59/100|[from] Sandstorm
|upkeep
|
|t:|1760416739
|switch|p2a: Gliscor|Gliscor, F|100/100
|turn|14
|inactive|bruhitsjoe14 has 120 seconds left.
|
|t:|1760416786
|-terastallize|p2a: Gliscor|Normal
|-terastallize|p1a: Alomomola|Water
|move|p2a: Gliscor|Swords Dance|p2a: Gliscor
|-boost|p2a: Gliscor|atk|2
|move|p1a: Alomomola|Liquidation|p2a: Gliscor
|-damage|p2a: Gliscor|42/100
|
|-weather|Sandstorm|[upkeep]
|-damage|p2a: Gliscor|36/100|[from] Sandstorm
|-damage|p1a: Alomomola|53/100|[from] Sandstorm
|-status|p2a: Gliscor|tox|[from] item: Toxic Orb
|upkeep
|turn|15
|
|t:|1760416798
|move|p2a: Gliscor|Facade|p1a: Alomomola
|-damage|p1a: Alomomola|0 fnt
|faint|p1a: Alomomola
|
|-weather|Sandstorm|[upkeep]
|-damage|p2a: Gliscor|30/100 tox|[from] Sandstorm
|-heal|p2a: Gliscor|42/100 tox|[from] ability: Poison Heal
|upkeep
|
|t:|1760416807
|switch|p1a: Skarmory|Skarmory, M|100/100
|-damage|p1a: Skarmory|88/100|[from] Stealth Rock
|turn|16
|
|t:|1760416812
|move|p2a: Gliscor|Crabhammer|p1a: Skarmory
|-crit|p1a: Skarmory
|-damage|p1a: Skarmory|29/100
|-ability|p1a: Skarmory|Weak Armor|boost
|-unboost|p1a: Skarmory|def|1
|-boost|p1a: Skarmory|spe|2
|-enditem|p1a: Skarmory|White Herb
|-clearnegativeboost|p1a: Skarmory|[silent]
|move|p1a: Skarmory|Swords Dance|p1a: Skarmory
|-boost|p1a: Skarmory|atk|2
|
|-weather|Sandstorm|[upkeep]
|-damage|p2a: Gliscor|36/100 tox|[from] Sandstorm
|-heal|p2a: Gliscor|48/100 tox|[from] ability: Poison Heal
|upkeep
|turn|17
|inactive|bruhitsjoe14 has 120 seconds left.
|
|t:|1760416826
|move|p1a: Skarmory|Brave Bird|p2a: Gliscor
|-damage|p2a: Gliscor|0 fnt
|faint|p2a: Gliscor
|-damage|p1a: Skarmory|12/100|[from] Recoil
|
|-weather|Sandstorm|[upkeep]
|upkeep
|
|t:|1760416832
|switch|p2a: Great Tusk|Great Tusk|100/100
|turn|18
|inactive|bruhitsjoe14 has 120 seconds left.
|
|t:|1760416844
|move|p2a: Great Tusk|Ice Spinner|p1a: Skarmory
|-crit|p1a: Skarmory
|-damage|p1a: Skarmory|0 fnt
|faint|p1a: Skarmory
|
|-weather|none
|upkeep
|
|t:|1760416850
|switch|p1a: Toxapex|Toxapex, M|100/100
|-damage|p1a: Toxapex|84/100|[from] Spikes
|-damage|p1a: Toxapex|72/100|[from] Stealth Rock
|turn|19
|
|t:|1760416855
|move|p2a: Great Tusk|Ice Spinner|p1a: Toxapex
|-resisted|p1a: Toxapex
|-damage|p1a: Toxapex|61/100
|move|p1a: Toxapex|Surf|p2a: Great Tusk
|-supereffective|p2a: Great Tusk
|-damage|p2a: Great Tusk|0 fnt
|faint|p2a: Great Tusk
|-end|p2a: Great Tusk|Protosynthesis|[silent]
|
|win|Bouffeur d'lasagne
|raw|Bouffeur d&apos;lasagne's rating: 1240 &rarr; <strong>1263</strong><br />(+23 for winning)
|raw|bruhitsjoe14's rating: 1209 &rarr; <strong>1186</strong><br />(-23 for losing)
|c|☆bruhitsjoe14|gg
|c|☆Bouffeur d'lasagne|gg
|l|☆Bouffeur d'lasagne
|player|p1|
|l|☆bruhitsjoe14
|player|p2|
