|j|☆gazwett
|j|☆melkarkameron
|t:|1760437896
|gametype|singles
|player|p1|gazwett|mallow-masters|1196
|player|p2|melkarkameron|brycenman|1171
|gen|9
|tier|[Gen 9] OU
|rated|
|rule|HP Percentage Mod: HP is shown in percentages
|rule|Endless Battle Clause: Forcing endless battles is banned
|rule|Species Clause: Limit one of each Pokémon
|rule|OHKO Clause: OHKO moves are banned
|rule|Evasion Items Clause: Evasion items are banned
|rule|Evasion Moves Clause: Evasion moves are banned
|rule|Evasion Abilities Clause: Evasion abilities are banned
|rule|Sleep Moves Clause: Sleep-inducing moves are banned
|clearpoke
|poke|p1|Moltres|
|poke|p1|Iron Hands|
|poke|p1|Iron Treads|
|poke|p1|Hydreigon, M|
|poke|p1|Gastrodon, F|
|poke|p1|Pecharunt|
|poke|p2|Polteageist|
|poke|p2|Blastoise, F|
|poke|p2|Cloyster, F|
|poke|p2|Drednaw, M|
|poke|p2|Torterra, M|
|poke|p2|Minior|
|teampreview
|inactive|Battle timer is ON: inactive players will automatically lose when time's up. (requested by melkarkameron)
|
|t:|1760437921
|teamsize|p1|6
|teamsize|p2|6
|start
|switch|p1a: Hail Dragon|Hydreigon, M|100/100
|switch|p2a: Torterra|Torterra, M|100/100
|turn|1
|
|t:|1760437935
|move|p1a: Hail Dragon|U-turn|p2a: Torterra
|-supereffective|p2a: Torterra
|-damage|p2a: Torterra|71/100
|
|t:|1760437938
|switch|p1a: PóllaAsada|Moltres|100/100|[from] U-turn
|move|p2a: Torterra|Shell Smash|p2a: Torterra
|-unboost|p2a: Torterra|def|1
|-unboost|p2a: Torterra|spd|1
|-boost|p2a: Torterra|atk|2
|-boost|p2a: Torterra|spa|2
|-boost|p2a: Torterra|spe|2
|
|upkeep
|turn|2
|
|t:|1760437952
|move|p2a: Torterra|Rock Blast|p1a: PóllaAsada
|-supereffective|p1a: PóllaAsada
|-damage|p1a: PóllaAsada|55/100
|-supereffective|p1a: PóllaAsada
|-damage|p1a: PóllaAsada|10/100
|-supereffective|p1a: PóllaAsada
|-crit|p1a: PóllaAsada
|-damage|p1a: PóllaAsada|0 fnt
|faint|p1a: PóllaAsada
|-hitcount|p1: PóllaAsada|3
|
|upkeep
|
|t:|1760437970
|switch|p1a: Hail Dragon|Hydreigon, M|100/100
|turn|3
|inactive|gazwett has 120 seconds left.
|
|t:|1760437993
|move|p1a: Hail Dragon|Flamethrower|p2a: Torterra
|-supereffective|p2a: Torterra
|-damage|p2a: Torterra|0 fnt
|faint|p2a: Torterra
|
|upkeep
|
|t:|1760437999
|switch|p2a: Drednaw|Drednaw, M|100/100
|turn|4
|
|t:|1760438007
|switch|p1a: Ex Tóxica|Pecharunt|100/100
|move|p2a: Drednaw|Shell Smash|p2a: Drednaw
|-unboost|p2a: Drednaw|def|1
|-unboost|p2a: Drednaw|spd|1
|-boost|p2a: Drednaw|atk|2
|-boost|p2a: Drednaw|spa|2
|-boost|p2a: Drednaw|spe|2
|-enditem|p2a: Drednaw|White Herb
|-clearnegativeboost|p2a: Drednaw|[silent]
|
|upkeep
|turn|5
|
|t:|1760438017
|move|p2a: Drednaw|Crunch|p1a: Ex Tóxica
|-supereffective|p1a: Ex Tóxica
|-damage|p1a: Ex Tóxica|26/100
|move|p1a: Ex Tóxica|Malignant Chain|p2a: Drednaw
|-resisted|p2a: Drednaw
|-damage|p2a: Drednaw|79/100
|
|-heal|p1a: Ex Tóxica|32/100|[from] item: Leftovers
|upkeep
|turn|6
|
|t:|1760438036
|switch|p1a: Will Smith|Iron Hands|100/100
|move|p2a: Drednaw|Crunch|p1a: Will Smith
|-resisted|p1a: Will Smith
|-damage|p1a: Will Smith|74/100
|
|upkeep
|turn|7
|
|t:|1760438049
|move|p2a: Drednaw|Liquidation|p1a: Will Smith
|-damage|p1a: Will Smith|21/100
|move|p1a: Will Smith|Drain Punch|p2a: Drednaw
|-supereffective|p2a: Drednaw
|-damage|p2a: Drednaw|0 fnt
|-heal|p1a: Will Smith|47/100|[from] drain|[of] p2a: Drednaw
|faint|p2a: Drednaw
|
|upkeep
|
|t:|1760438055
|switch|p2a: Minior|Minior|100/100
|-formechange|p2a: Minior|Minior-Meteor||[from] ability: Shields Down
|turn|8
|
|t:|1760438069
|-terastallize|p2a: Minior|Ground
|move|p2a: Minior|Shell Smash|p2a: Minior
|-unboost|p2a: Minior|def|1
|-unboost|p2a: Minior|spd|1
|-boost|p2a: Minior|atk|2
|-boost|p2a: Minior|spa|2
|-boost|p2a: Minior|spe|2
|-enditem|p2a: Minior|White Herb
|-clearnegativeboost|p2a: Minior|[silent]
|move|p1a: Will Smith|Drain Punch|p2a: Minior
|-damage|p2a: Minior|32/100
|-heal|p1a: Will Smith|65/100|[from] drain|[of] p2a: Minior
|
|-formechange|p2a: Minior|Minior||[from] ability: Shields Down
|upkeep
|turn|9
|
|t:|1760438094
|-terastallize|p1a: Will Smith|Flying
|move|p2a: Minior|Earthquake|p1a: Will Smith
|-immune|p1a: Will Smith
|move|p1a: Will Smith|Ice Punch|p2a: Minior
|-supereffective|p2a: Minior
|-damage|p2a: Minior|0 fnt
|faint|p2a: Minior
|
|upkeep
|
|t:|1760438099
|switch|p2a: Blastoise|Blastoise, F|100/100
|turn|10
|
|t:|1760438113
|move|p2a: Blastoise|Shell Smash|p2a: Blastoise
|-unboost|p2a: Blastoise|def|1
|-unboost|p2a: Blastoise|spd|1
|-boost|p2a: Blastoise|atk|2
|-boost|p2a: Blastoise|spa|2
|-boost|p2a: Blastoise|spe|2
|-enditem|p2a: Blastoise|White Herb
|-clearnegativeboost|p2a: Blastoise|[silent]
|move|p1a: Will Smith|Thunder Punch|p2a: Blastoise
|-supereffective|p2a: Blastoise
|-damage|p2a: Blastoise|0 fnt
|faint|p2a: Blastoise
|
|upkeep
|
|t:|1760438116
|switch|p2a: Polteageist|Polteageist|100/100
|turn|11
|
|t:|1760438132
|move|p2a: Polteageist|Shell Smash|p2a: Polteageist
|-unboost|p2a: Polteageist|def|1
|-unboost|p2a: Polteageist|spd|1
|-boost|p2a: Polteageist|atk|2
|-boost|p2a: Polteageist|spa|2
|-boost|p2a: Polteageist|spe|2
|move|p1a: Will Smith|Thunder Punch|p2a: Polteageist
|-enditem|p2a: Polteageist|Focus Sash
|-damage|p2a: Polteageist|1/100
|-status|p2a: Polteageist|par
|-ability|p2a: Polteageist|Weak Armor|boost
|-unboost|p2a: Polteageist|def|1
|-boost|p2a: Polteageist|spe|2
|
|upkeep
|turn|12
|
|t:|1760438149
|move|p2a: Polteageist|Stored Power|p1a: Will Smith
|-damage|p1a: Will Smith|0 fnt
|faint|p1a: Will Smith
|-end|p1a: Will Smith|Quark Drive|[silent]
|
|upkeep
|
|t:|1760438153
|switch|p1a: Hail Dragon|Hydreigon, M|100/100
|turn|13
|
|t:|1760438158
|move|p1a: Hail Dragon|Dark Pulse|p2a: Polteageist
|-supereffective|p2a: Polteageist
|-damage|p2a: Polteageist|0 fnt
|faint|p2a: Polteageist
|
|upkeep
|
|t:|1760438160
|switch|p2a: Cloyster|Cloyster, F|100/100
|turn|14
|
|t:|1760438164
|move|p1a: Hail Dragon|Dark Pulse|p2a: Cloyster
|-damage|p2a: Cloyster|0 fnt
|faint|p2a: Cloyster
|
|win|gazwett
|raw|gazwett's rating: 1196 &rarr; <strong>1219</strong><br />(+23 for winning)
|raw|melkarkameron's rating: 1171 &rarr; <strong>1148</strong><br />(-23 for losing)
|l|☆melkarkameron
|player|p2|
|l|☆gazwett
|player|p1|
