|j|☆ElNic0
|j|☆drokitzz
|t:|1760434767
|gametype|singles
|player|p1|ElNic0|266|1209
|player|p2|drokitzz|lady|1281
|gen|9
|tier|[Gen 9] OU
|rated|
|rule|HP Percentage Mod: HP is shown in percentages
|rule|Endless Battle Clause: Forcing endless battles is banned
|rule|Species Clause: Limit one of each Pokémon
|rule|OHKO Clause: OHKO moves are banned
|rule|Evasion Items Clause: Evasion items are banned
|rule|Evasion Moves Clause: Evasion moves are banned
|rule|Evasion Abilities Clause: Evasion abilities are banned
|rule|Sleep Moves Clause: Sleep-inducing moves are banned
|clearpoke
|poke|p1|Glimmora, F|
|poke|p1|Enamorus, F|
|poke|p1|Kommo-o, M|
|poke|p1|Keldeo-Resolute|
|poke|p1|Cinderace, F|
|poke|p1|Scizor, F|
|poke|p2|Landorus-Therian, M|
|poke|p2|Samurott-Hisui, M|
|poke|p2|Pecharunt|
|poke|p2|Zamazenta-*|
|poke|p2|Scizor, F|
|poke|p2|Latios, M|
|teampreview
|
|t:|1760434791
|teamsize|p1|6
|teamsize|p2|6
|start
|switch|p1a: Glimmora|Glimmora, F|100/100
|switch|p2a: Landorus|Landorus-Therian, M|100/100
|-ability|p2a: Landorus|Intimidate|boost
|-unboost|p1a: Glimmora|atk|1
|turn|1
|
|t:|1760434806
|switch|p1a: Enamorus|Enamorus, F|100/100
|move|p2a: Landorus|Stealth Rock|p1a: Enamorus
|-sidestart|p1: ElNic0|move: Stealth Rock
|
|upkeep
|turn|2
|
|t:|1760434819
|-terastallize|p1a: Enamorus|Stellar
|move|p1a: Enamorus|Tera Blast|p2a: Landorus|[anim] Tera Blast Stellar
|-damage|p2a: Landorus|53/100
|-boost|p1a: Enamorus|atk|1
|-boost|p1a: Enamorus|spa|1
|move|p2a: Landorus|Smack Down|p1a: Enamorus
|-supereffective|p1a: Enamorus
|-damage|p1a: Enamorus|54/100
|-start|p1a: Enamorus|Smack Down
|
|upkeep
|turn|3
|c|☆drokitzz|wait stellar tera drops stats?
|
|t:|1760434864
|switch|p2a: Scizor|Scizor, F|100/100
|move|p1a: Enamorus|Tera Blast|p2a: Scizor|[anim] Tera Blast Stellar
|-damage|p2a: Scizor|29/100
|-boost|p1a: Enamorus|atk|1
|-boost|p1a: Enamorus|spa|1
|
|upkeep
|turn|4
|
|t:|1760434872
|move|p2a: Scizor|Bullet Punch|p1a: Enamorus
|-supereffective|p1a: Enamorus
|-damage|p1a: Enamorus|0 fnt
|faint|p1a: Enamorus
|
|upkeep
|
|t:|1760434885
|switch|p1a: Cinderace|Cinderace, F|100/100
|turn|5
|
|t:|1760434891
|switch|p2a: Zamazenta|Zamazenta|100/100
|-ability|p2a: Zamazenta|Dauntless Shield|boost
|-boost|p2a: Zamazenta|def|1
|move|p1a: Cinderace|Court Change|p1a: Cinderace
|-start|p1a: Cinderace|typechange|Normal|[from] ability: Libero
|-swapsideconditions
|-activate|p1a: Cinderace|move: Court Change
|
|upkeep
|turn|6
|
|t:|1760434899
|move|p2a: Zamazenta|Body Press|p1a: Cinderace
|-supereffective|p1a: Cinderace
|-crit|p1a: Cinderace
|-damage|p1a: Cinderace|0 fnt
|faint|p1a: Cinderace
|
|upkeep
|
|t:|1760434920
|switch|p1a: Scizor|Scizor, F|100/100
|turn|7
|
|t:|1760434948
|move|p2a: Zamazenta|Iron Defense|p2a: Zamazenta
|-boost|p2a: Zamazenta|def|2
|move|p1a: Scizor|Dual Wingbeat|p2a: Zamazenta
|-supereffective|p2a: Zamazenta
|-damage|p2a: Zamazenta|80/100
|-supereffective|p2a: Zamazenta
|-damage|p2a: Zamazenta|57/100
|-hitcount|p2a: Zamazenta|2
|
|-heal|p2a: Zamazenta|64/100|[from] item: Leftovers
|upkeep
|turn|8
|
|t:|1760434957
|move|p2a: Zamazenta|Body Press|p1a: Scizor
|-damage|p1a: Scizor|0 fnt
|faint|p1a: Scizor
|
|-heal|p2a: Zamazenta|70/100|[from] item: Leftovers
|upkeep
|
|t:|1760434969
|switch|p1a: Glimmora|Glimmora, F|100/100
|turn|9
|
|t:|1760434974
|move|p2a: Zamazenta|Body Press|p1a: Glimmora
|-damage|p1a: Glimmora|0 fnt
|-activate|p1a: Glimmora|ability: Toxic Debris
|-sidestart|p2: drokitzz|move: Toxic Spikes
|faint|p1a: Glimmora
|
|-heal|p2a: Zamazenta|76/100|[from] item: Leftovers
|upkeep
|
|t:|1760434981
|switch|p1a: Kommo-o|Kommo-o, M|100/100
|turn|10
|
|t:|1760434990
|move|p2a: Zamazenta|Body Press|p1a: Kommo-o
|-damage|p1a: Kommo-o|30/100
|move|p1a: Kommo-o|Flamethrower|p2a: Zamazenta
|-damage|p2a: Zamazenta|59/100
|-status|p2a: Zamazenta|brn
|
|-heal|p2a: Zamazenta|65/100 brn|[from] item: Leftovers
|-damage|p2a: Zamazenta|59/100 brn|[from] brn
|upkeep
|turn|11
|
|t:|1760435009
|move|p2a: Zamazenta|Body Press|p1a: Kommo-o
|-damage|p1a: Kommo-o|0 fnt
|faint|p1a: Kommo-o
|
|-heal|p2a: Zamazenta|65/100 brn|[from] item: Leftovers
|-damage|p2a: Zamazenta|59/100 brn|[from] brn
|upkeep
|inactive|Battle timer is ON: inactive players will automatically lose when time's up. (requested by drokitzz)
|
|t:|1760435015
|switch|p1a: Keldeo|Keldeo-Resolute|100/100
|turn|12
|
|t:|1760435026
|move|p2a: Zamazenta|Body Press|p1a: Keldeo
|-damage|p1a: Keldeo|42/100
|move|p1a: Keldeo|Surf|p2a: Zamazenta
|-damage|p2a: Zamazenta|17/100 brn
|
|-heal|p2a: Zamazenta|23/100 brn|[from] item: Leftovers
|-heal|p1a: Keldeo|48/100|[from] item: Leftovers
|-damage|p2a: Zamazenta|17/100 brn|[from] brn
|upkeep
|turn|13
|
|t:|1760435036
|move|p1a: Keldeo|Vacuum Wave|p2a: Zamazenta
|-damage|p2a: Zamazenta|0 fnt
|faint|p2a: Zamazenta
|
|-heal|p1a: Keldeo|54/100|[from] item: Leftovers
|upkeep
|
|t:|1760435041
|switch|p2a: Latios|Latios, M|100/100
|-damage|p2a: Latios|88/100|[from] Stealth Rock
|turn|14
|
|t:|1760435051
|move|p2a: Latios|Psychic Noise|p1a: Keldeo
|-supereffective|p1a: Keldeo
|-crit|p1a: Keldeo
|-damage|p1a: Keldeo|0 fnt
|faint|p1a: Keldeo
|
|win|drokitzz
|raw|ElNic0's rating: 1209 &rarr; <strong>1189</strong><br />(-20 for losing)
|raw|drokitzz's rating: 1281 &rarr; <strong>1301</strong><br />(+20 for winning)
|l|☆ElNic0
|player|p1|
|l|☆drokitzz
|player|p2|
