|j|☆Sigmaman92
|j|☆casear618
|t:|1760441421
|gametype|singles
|player|p1|Sigmaman92|crasherwake|1188
|player|p2|casear618|265|1254
|gen|9
|tier|[Gen 9] OU
|rated|
|rule|HP Percentage Mod: HP is shown in percentages
|rule|Endless Battle Clause: Forcing endless battles is banned
|rule|Species Clause: Limit one of each Pokémon
|rule|OHKO Clause: OHKO moves are banned
|rule|Evasion Items Clause: Evasion items are banned
|rule|Evasion Moves Clause: Evasion moves are banned
|rule|Evasion Abilities Clause: Evasion abilities are banned
|rule|Sleep Moves Clause: Sleep-inducing moves are banned
|clearpoke
|poke|p1|Maushold-Four|
|poke|p1|Araquanid, F|
|poke|p1|Gholdengo|
|poke|p1|Garganacl, M|
|poke|p1|Primarina, M|
|poke|p1|Dragonite, F|
|poke|p2|Raging Bolt|
|poke|p2|Torkoal, F|
|poke|p2|Great Tusk|
|poke|p2|Alomomola, M|
|poke|p2|Walking Wake|
|poke|p2|Gliscor, M|
|teampreview
|inactive|Battle timer is ON: inactive players will automatically lose when time's up. (requested by Sigmaman92)
|
|t:|1760441432
|teamsize|p1|6
|teamsize|p2|6
|start
|switch|p1a: Primarina|Primarina, M, shiny|100/100
|switch|p2a: Torkoal|Torkoal, F|100/100
|-weather|SunnyDay|[from] ability: Drought|[of] p2a: Torkoal
|turn|1
|
|t:|1760441448
|move|p1a: Primarina|Hydro Pump|p2a: Torkoal
|-supereffective|p2a: Torkoal
|-damage|p2a: Torkoal|17/100
|move|p2a: Torkoal|Solar Beam||[still]
|-prepare|p2a: Torkoal|Solar Beam
|-anim|p2a: Torkoal|Solar Beam|p1a: Primarina
|-supereffective|p1a: Primarina
|-damage|p1a: Primarina|46/100
|
|-weather|SunnyDay|[upkeep]
|upkeep
|turn|2
|
|t:|1760441461
|switch|p2a: Walking Wake|Walking Wake|100/100
|-activate|p2a: Walking Wake|ability: Protosynthesis
|-start|p2a: Walking Wake|protosynthesisspa
|move|p1a: Primarina|Hydro Pump|p2a: Walking Wake
|-resisted|p2a: Walking Wake
|-damage|p2a: Walking Wake|87/100
|
|-weather|SunnyDay|[upkeep]
|upkeep
|turn|3
|inactive|Sigmaman92 has 120 seconds left.
|
|t:|1760441487
|switch|p1a: Dragonite|Dragonite, F, shiny|100/100
|-terastallize|p2a: Walking Wake|Water
|move|p2a: Walking Wake|Hydro Steam|p1a: Dragonite
|-resisted|p1a: Dragonite
|-damage|p1a: Dragonite|77/100
|
|-weather|SunnyDay|[upkeep]
|upkeep
|turn|4
|inactive|Sigmaman92 has 120 seconds left.
|
|t:|1760441502
|move|p1a: Dragonite|Extreme Speed|p2a: Walking Wake
|-damage|p2a: Walking Wake|54/100
|move|p2a: Walking Wake|Hydro Steam|p1a: Dragonite
|-resisted|p1a: Dragonite
|-damage|p1a: Dragonite|30/100
|
|-weather|SunnyDay|[upkeep]
|upkeep
|turn|5
|inactive|Sigmaman92 has 120 seconds left.
|
|t:|1760441521
|move|p1a: Dragonite|Extreme Speed|p2a: Walking Wake
|-damage|p2a: Walking Wake|22/100
|move|p2a: Walking Wake|Hydro Steam|p1a: Dragonite
|-resisted|p1a: Dragonite
|-damage|p1a: Dragonite|0 fnt
|faint|p1a: Dragonite
|
|-weather|none
|-end|p2a: Walking Wake|Protosynthesis
|upkeep
|
|t:|1760441532
|switch|p1a: Primarina|Primarina, M, shiny|46/100
|turn|6
|
|t:|1760441536
|-end|p2a: Walking Wake|Protosynthesis|[silent]
|switch|p2a: Torkoal|Torkoal, F|17/100
|-weather|SunnyDay|[from] ability: Drought|[of] p2a: Torkoal
|move|p1a: Primarina|Hyper Voice|p2a: Torkoal
|-supereffective|p2a: Torkoal
|-damage|p2a: Torkoal|0 fnt
|faint|p2a: Torkoal
|
|-weather|SunnyDay|[upkeep]
|upkeep
|
|t:|1760441547
|switch|p2a: Great Tusk|Great Tusk|100/100
|-activate|p2a: Great Tusk|ability: Protosynthesis
|-start|p2a: Great Tusk|protosynthesisatk
|turn|7
|
|t:|1760441553
|move|p2a: Great Tusk|Headlong Rush|p1a: Primarina
|-damage|p1a: Primarina|0 fnt
|-unboost|p2a: Great Tusk|def|1
|-unboost|p2a: Great Tusk|spd|1
|faint|p1a: Primarina
|
|-weather|SunnyDay|[upkeep]
|upkeep
|inactive|Sigmaman92 has 120 seconds left.
|
|t:|1760441567
|switch|p1a: Araquanid|Araquanid, F, shiny|100/100
|turn|8
|
|t:|1760441576
|move|p2a: Great Tusk|Knock Off|p1a: Araquanid
|-damage|p1a: Araquanid|52/100
|-enditem|p1a: Araquanid|Focus Sash|[from] move: Knock Off|[of] p2a: Great Tusk
|move|p1a: Araquanid|Waterfall|p2a: Great Tusk
|-supereffective|p2a: Great Tusk
|-damage|p2a: Great Tusk|34/100
|
|-weather|SunnyDay|[upkeep]
|upkeep
|turn|9
|
|t:|1760441590
|-end|p2a: Great Tusk|Protosynthesis|[silent]
|switch|p2a: Raging Bolt|Raging Bolt|100/100
|-activate|p2a: Raging Bolt|ability: Protosynthesis
|-start|p2a: Raging Bolt|protosynthesisspa
|move|p1a: Araquanid|Waterfall|p2a: Raging Bolt
|-resisted|p2a: Raging Bolt
|-damage|p2a: Raging Bolt|86/100
|
|-weather|SunnyDay|[upkeep]
|upkeep
|turn|10
|
|t:|1760441598
|move|p2a: Raging Bolt|Thunderbolt|p1a: Araquanid
|-supereffective|p1a: Araquanid
|-damage|p1a: Araquanid|0 fnt
|faint|p1a: Araquanid
|
|-weather|none
|-end|p2a: Raging Bolt|Protosynthesis
|upkeep
|
|t:|1760441606
|switch|p1a: Maushold|Maushold-Four, shiny|100/100
|turn|11
|
|t:|1760441610
|move|p2a: Raging Bolt|Thunderbolt|p1a: Maushold
|-damage|p1a: Maushold|22/100
|move|p1a: Maushold|Tidy Up|p1a: Maushold
|-boost|p1a: Maushold|atk|1
|-boost|p1a: Maushold|spe|1
|
|upkeep
|turn|12
|
|t:|1760441628
|-terastallize|p1a: Maushold|Normal
|move|p1a: Maushold|Population Bomb|p2a: Raging Bolt
|-damage|p2a: Raging Bolt|64/100
|-crit|p2a: Raging Bolt
|-damage|p2a: Raging Bolt|34/100
|-damage|p2a: Raging Bolt|12/100
|-damage|p2a: Raging Bolt|0 fnt
|faint|p2a: Raging Bolt
|-end|p2a: Raging Bolt|Protosynthesis|[silent]
|-hitcount|p2: Raging Bolt|4
|
|upkeep
|
|t:|1760441644
|switch|p2a: Alomomola|Alomomola, M|100/100
|turn|13
|
|t:|1760441652
|move|p1a: Maushold|Population Bomb|p2a: Alomomola
|-damage|p2a: Alomomola|89/100
|-crit|p2a: Alomomola
|-damage|p2a: Alomomola|70/100
|-damage|p2a: Alomomola|58/100
|-damage|p2a: Alomomola|47/100
|-crit|p2a: Alomomola
|-damage|p2a: Alomomola|30/100
|-damage|p2a: Alomomola|18/100
|-damage|p2a: Alomomola|6/100
|-damage|p2a: Alomomola|0 fnt
|faint|p2a: Alomomola
|-hitcount|p2: Alomomola|8
|
|upkeep
|-message|casear618 forfeited.
|
|win|Sigmaman92
|raw|Sigmaman92's rating: 1188 &rarr; <strong>1218</strong><br />(+30 for winning)
|raw|casear618's rating: 1254 &rarr; <strong>1224</strong><br />(-30 for losing)
|l|☆casear618
|player|p2|
|l|☆Sigmaman92
|player|p1|
|j|☆Sigmaman92
|player|p1|Sigmaman92|crasherwake|
|l|☆Sigmaman92
|player|p1|
|j|☆Sigmaman92
|player|p1|Sigmaman92|crasherwake|
|l|☆Sigmaman92
|player|p1|
