|j|☆taywimz
|j|☆jarrah1z
|t:|1760300106
|gametype|singles
|player|p1|taywimz|roxie|1369
|player|p2|jarrah1z|blue|1320
|gen|9
|tier|[Gen 9] OU
|rated|
|rule|HP Percentage Mod: HP is shown in percentages
|rule|Endless Battle Clause: Forcing endless battles is banned
|rule|Species Clause: Limit one of each Pokémon
|rule|OHKO Clause: OHKO moves are banned
|rule|Evasion Items Clause: Evasion items are banned
|rule|Evasion Moves Clause: Evasion moves are banned
|rule|Evasion Abilities Clause: Evasion abilities are banned
|rule|Sleep Moves Clause: Sleep-inducing moves are banned
|clearpoke
|poke|p1|Garganacl, M|
|poke|p1|Hippowdon, M|
|poke|p1|Hydrapple, M|
|poke|p1|Slowking-Galar, M|
|poke|p1|Samurott-Hisui, M|
|poke|p1|Excadrill, M|
|poke|p2|Ninetales, F|
|poke|p2|Great Tusk|
|poke|p2|Walking Wake|
|poke|p2|Raging Bolt|
|poke|p2|Slither Wing|
|poke|p2|Brute Bonnet|
|teampreview
|inactive|Battle timer is ON: inactive players will automatically lose when time's up. (requested by jarrah1z)
|
|t:|1760300133
|teamsize|p1|6
|teamsize|p2|6
|start
|switch|p1a: Samurott|Samurott-Hisui, M, shiny|100/100
|switch|p2a: Ninetales|Ninetales, F|100/100
|-weather|SunnyDay|[from] ability: Drought|[of] p2a: Ninetales
|turn|1
|
|t:|1760300163
|move|p1a: Samurott|Knock Off|p2a: Ninetales
|-damage|p2a: Ninetales|40/100
|-enditem|p2a: Ninetales|Heat Rock|[from] move: Knock Off|[of] p1a: Samurott
|move|p2a: Ninetales|Solar Beam||[still]
|-prepare|p2a: Ninetales|Solar Beam
|-anim|p2a: Ninetales|Solar Beam|p1a: Samurott
|-supereffective|p1a: Samurott
|-damage|p1a: Samurott|0 fnt
|faint|p1a: Samurott
|
|-weather|SunnyDay|[upkeep]
|upkeep
|
|t:|1760300173
|switch|p1a: Hippowdon|Hippowdon, M, shiny|100/100
|-weather|Sandstorm|[from] ability: Sand Stream|[of] p1a: Hippowdon
|turn|2
|
|t:|1760300191
|switch|p2a: Brute Bonnet|Brute Bonnet|100/100
|move|p1a: Hippowdon|Stealth Rock|p2a: Brute Bonnet
|-sidestart|p2: jarrah1z|move: Stealth Rock
|
|-weather|Sandstorm|[upkeep]
|-damage|p2a: Brute Bonnet|94/100|[from] Sandstorm
|upkeep
|turn|3
|
|t:|1760300205
|move|p2a: Brute Bonnet|Crunch|p1a: Hippowdon
|-damage|p1a: Hippowdon|68/100
|-damage|p2a: Brute Bonnet|78/100|[from] item: Rocky Helmet|[of] p1a: Hippowdon
|move|p1a: Hippowdon|Body Press|p2a: Brute Bonnet
|-supereffective|p2a: Brute Bonnet
|-damage|p2a: Brute Bonnet|26/100
|
|-weather|Sandstorm|[upkeep]
|-damage|p2a: Brute Bonnet|20/100|[from] Sandstorm
|upkeep
|turn|4
|
|t:|1760300218
|-end|p2a: Brute Bonnet|Protosynthesis|[silent]
|switch|p2a: Great Tusk|Great Tusk|100/100
|-damage|p2a: Great Tusk|98/100|[from] Stealth Rock
|move|p1a: Hippowdon|Scorching Sands|p2a: Great Tusk
|-crit|p2a: Great Tusk
|-damage|p2a: Great Tusk|71/100
|
|-weather|Sandstorm|[upkeep]
|-heal|p2a: Great Tusk|77/100|[from] item: Leftovers
|upkeep
|turn|5
|
|t:|1760300228
|move|p2a: Great Tusk|Bulk Up|p2a: Great Tusk
|-boost|p2a: Great Tusk|atk|1
|-boost|p2a: Great Tusk|def|1
|move|p1a: Hippowdon|Scorching Sands|p2a: Great Tusk
|-damage|p2a: Great Tusk|58/100
|
|-weather|Sandstorm|[upkeep]
|-heal|p2a: Great Tusk|64/100|[from] item: Leftovers
|upkeep
|turn|6
|
|t:|1760300237
|move|p2a: Great Tusk|Ice Spinner|p1a: Hippowdon
|-supereffective|p1a: Hippowdon
|-damage|p1a: Hippowdon|28/100
|-damage|p2a: Great Tusk|48/100|[from] item: Rocky Helmet|[of] p1a: Hippowdon
|move|p1a: Hippowdon|Scorching Sands|p2a: Great Tusk
|-damage|p2a: Great Tusk|31/100
|
|-weather|none
|-heal|p2a: Great Tusk|37/100|[from] item: Leftovers
|upkeep
|turn|7
|
|t:|1760300254
|-terastallize|p1a: Hippowdon|Bug
|move|p2a: Great Tusk|Ice Spinner|p1a: Hippowdon
|-damage|p1a: Hippowdon|10/100
|-damage|p2a: Great Tusk|20/100|[from] item: Rocky Helmet|[of] p1a: Hippowdon
|move|p1a: Hippowdon|Slack Off|p1a: Hippowdon
|-heal|p1a: Hippowdon|60/100
|
|-heal|p2a: Great Tusk|27/100|[from] item: Leftovers
|upkeep
|turn|8
|
|t:|1760300267
|move|p2a: Great Tusk|Rapid Spin|p1a: Hippowdon
|-damage|p1a: Hippowdon|49/100
|-boost|p2a: Great Tusk|spe|1
|-damage|p2a: Great Tusk|10/100|[from] item: Rocky Helmet|[of] p1a: Hippowdon
|-sideend|p2: jarrah1z|Stealth Rock|[from] move: Rapid Spin|[of] p2a: Great Tusk
|move|p1a: Hippowdon|Scorching Sands|p2a: Great Tusk
|-damage|p2a: Great Tusk|0 fnt
|faint|p2a: Great Tusk
|-end|p2a: Great Tusk|Protosynthesis|[silent]
|
|upkeep
|
|t:|1760300276
|switch|p2a: Ninetales|Ninetales, F|40/100
|-weather|SunnyDay|[from] ability: Drought|[of] p2a: Ninetales
|turn|9
|
|t:|1760300284
|switch|p1a: Slowking|Slowking-Galar, M, shiny|100/100
|move|p2a: Ninetales|Flamethrower|p1a: Slowking
|-damage|p1a: Slowking|67/100
|-status|p1a: Slowking|brn
|
|-weather|SunnyDay|[upkeep]
|-damage|p1a: Slowking|61/100 brn|[from] brn
|upkeep
|turn|10
|
|t:|1760300299
|move|p2a: Ninetales|Calm Mind|p2a: Ninetales
|-boost|p2a: Ninetales|spa|1
|-boost|p2a: Ninetales|spd|1
|move|p1a: Slowking|Sludge Bomb|p2a: Ninetales
|-damage|p2a: Ninetales|15/100
|
|-weather|SunnyDay|[upkeep]
|-damage|p1a: Slowking|55/100 brn|[from] brn
|upkeep
|turn|11
|inactive|taywimz has 120 seconds left.
|
|t:|1760300338
|move|p2a: Ninetales|Scorching Sands|p1a: Slowking
|-supereffective|p1a: Slowking
|-damage|p1a: Slowking|21/100 brn
|move|p1a: Slowking|Sludge Bomb|p2a: Ninetales
|-damage|p2a: Ninetales|0 fnt
|faint|p2a: Ninetales
|
|-weather|SunnyDay|[upkeep]
|-damage|p1a: Slowking|15/100 brn|[from] brn
|upkeep
|
|t:|1760300363
|switch|p2a: Walking Wake|Walking Wake|100/100
|-activate|p2a: Walking Wake|ability: Protosynthesis
|-start|p2a: Walking Wake|protosynthesisspa
|turn|12
|inactive|taywimz has 120 seconds left.
|inactive|taywimz has 90 seconds left.
|
|t:|1760300415
|switch|p1a: Hippowdon|Hippowdon, M, shiny, tera:Bug|49/100
|-weather|Sandstorm|[from] ability: Sand Stream|[of] p1a: Hippowdon
|-end|p2a: Walking Wake|Protosynthesis
|move|p2a: Walking Wake|Flamethrower|p1a: Hippowdon
|-supereffective|p1a: Hippowdon
|-damage|p1a: Hippowdon|0 fnt
|faint|p1a: Hippowdon
|
|-weather|Sandstorm|[upkeep]
|-damage|p2a: Walking Wake|94/100|[from] Sandstorm
|upkeep
|
|t:|1760300435
|switch|p1a: Garganacl|Garganacl, M, shiny|100/100
|turn|13
|
|t:|1760300447
|move|p2a: Walking Wake|Hydro Steam|p1a: Garganacl
|-supereffective|p1a: Garganacl
|-damage|p1a: Garganacl|55/100
|move|p1a: Garganacl|Salt Cure|p2a: Walking Wake
|-damage|p2a: Walking Wake|78/100
|-start|p2a: Walking Wake|Salt Cure
|
|-weather|Sandstorm|[upkeep]
|-damage|p2a: Walking Wake|72/100|[from] Sandstorm
|-heal|p1a: Garganacl|62/100|[from] item: Leftovers
|-damage|p2a: Walking Wake|47/100|[from] Salt Cure
|upkeep
|turn|14
|
|t:|1760300460
|-end|p2a: Walking Wake|Protosynthesis|[silent]
|switch|p2a: Slither Wing|Slither Wing|100/100
|move|p1a: Garganacl|Protect||[still]
|-fail|p1a: Garganacl
|
|-weather|Sandstorm|[upkeep]
|-damage|p2a: Slither Wing|94/100|[from] Sandstorm
|-heal|p1a: Garganacl|68/100|[from] item: Leftovers
|upkeep
|turn|15
|
|t:|1760300473
|move|p1a: Garganacl|Protect|p1a: Garganacl
|-singleturn|p1a: Garganacl|Protect
|move|p2a: Slither Wing|Flame Charge|p1a: Garganacl
|-activate|p1a: Garganacl|move: Protect
|
|-weather|Sandstorm|[upkeep]
|-damage|p2a: Slither Wing|88/100|[from] Sandstorm
|-heal|p1a: Garganacl|74/100|[from] item: Leftovers
|upkeep
|turn|16
|
|t:|1760300486
|move|p2a: Slither Wing|Close Combat|p1a: Garganacl
|-supereffective|p1a: Garganacl
|-damage|p1a: Garganacl|0 fnt
|-unboost|p2a: Slither Wing|def|1
|-unboost|p2a: Slither Wing|spd|1
|faint|p1a: Garganacl
|-damage|p2a: Slither Wing|78/100|[from] item: Life Orb
|
|-weather|none
|upkeep
|inactive|taywimz has 60 seconds left.
|
|t:|1760300505
|switch|p1a: Hydrapple|Hydrapple, M, shiny|100/100
|turn|17
|
|t:|1760300512
|move|p2a: Slither Wing|U-turn|p1a: Hydrapple
|-supereffective|p1a: Hydrapple
|-damage|p1a: Hydrapple|20/100
|-damage|p2a: Slither Wing|68/100|[from] item: Life Orb
|
|t:|1760300517
|-end|p2a: Slither Wing|Protosynthesis|[silent]
|switch|p2a: Brute Bonnet|Brute Bonnet|20/100|[from] U-turn
|move|p1a: Hydrapple|Fickle Beam|p2a: Brute Bonnet
|-damage|p2a: Brute Bonnet|0 fnt
|faint|p2a: Brute Bonnet
|-end|p2a: Brute Bonnet|Protosynthesis|[silent]
|
|upkeep
|
|t:|1760300539
|switch|p2a: Walking Wake|Walking Wake|47/100
|turn|18
|
|t:|1760300543
|switch|p1a: Slowking|Slowking-Galar, M, shiny|48/100 brn
|move|p2a: Walking Wake|Dragon Pulse|p1a: Slowking
|-damage|p1a: Slowking|23/100 brn
|
|-damage|p1a: Slowking|17/100 brn|[from] brn
|upkeep
|turn|19
|inactive|taywimz has 90 seconds left.
|
|t:|1760300568
|-terastallize|p2a: Walking Wake|Water
|move|p2a: Walking Wake|Hydro Steam|p1a: Slowking
|-damage|p1a: Slowking|0 fnt
|faint|p1a: Slowking
|
|upkeep
|
|t:|1760300575
|switch|p1a: Hydrapple|Hydrapple, M, shiny|53/100
|turn|20
|
|t:|1760300580
|move|p2a: Walking Wake|Dragon Pulse|p1a: Hydrapple
|-supereffective|p1a: Hydrapple
|-damage|p1a: Hydrapple|0 fnt
|faint|p1a: Hydrapple
|
|upkeep
|
|t:|1760300585
|switch|p1a: Excadrill|Excadrill, M, shiny|100/100
|turn|21
|c|☆jarrah1z|ggs i fear
|
|t:|1760300593
|move|p2a: Walking Wake|Hydro Steam|p1a: Excadrill
|-supereffective|p1a: Excadrill
|-damage|p1a: Excadrill|0 fnt
|faint|p1a: Excadrill
|
|win|jarrah1z
|raw|taywimz's rating: 1369 &rarr; <strong>1346</strong><br />(-23 for losing)
|raw|jarrah1z's rating: 1320 &rarr; <strong>1343</strong><br />(+23 for winning)
|c|☆taywimz|Gg
|l|☆taywimz
|player|p1|
|c|☆jarrah1z|gg
|l|☆jarrah1z
|player|p2|
