|j|☆R.para ti
|j|☆update124
|t:|1760411878
|gametype|singles
|player|p1|R.para ti|2|1253
|player|p2|update124|n|1228
|gen|9
|tier|[Gen 9] OU
|rated|
|rule|HP Percentage Mod: HP is shown in percentages
|rule|Endless Battle Clause: Forcing endless battles is banned
|rule|Species Clause: Limit one of each Pokémon
|rule|OHKO Clause: OHKO moves are banned
|rule|Evasion Items Clause: Evasion items are banned
|rule|Evasion Moves Clause: Evasion moves are banned
|rule|Evasion Abilities Clause: Evasion abilities are banned
|rule|Sleep Moves Clause: Sleep-inducing moves are banned
|clearpoke
|poke|p1|Empoleon, F|
|poke|p1|Kingambit, F|
|poke|p1|Ogerpon, F|
|poke|p1|Meowstic-F, F|
|poke|p1|Cinderace, F|
|poke|p1|Ribombee, F|
|poke|p2|Tinkaton, F|
|poke|p2|Garganacl, M|
|poke|p2|Pelipper, M|
|poke|p2|Barraskewda, M|
|poke|p2|Kommo-o, F|
|poke|p2|Scizor, F|
|teampreview
|
|t:|1760411908
|teamsize|p1|6
|teamsize|p2|6
|start
|switch|p1a: Ribombee|Ribombee, F|100/100
|switch|p2a: Betty|Tinkaton, F|100/100
|-item|p2a: Betty|Air Balloon
|turn|1
|
|t:|1760411915
|move|p2a: Betty|Thunder Wave|p1a: Ribombee
|-status|p1a: Ribombee|par
|move|p1a: Ribombee|Sticky Web|p2a: Betty
|-sidestart|p2: update124|move: Sticky Web
|
|upkeep
|turn|2
|
|t:|1760411922
|switch|p1a: Cinderace|Cinderace, F|100/100
|move|p2a: Betty|Encore||[still]
|-fail|p2a: Betty
|
|upkeep
|turn|3
|
|t:|1760411928
|move|p1a: Cinderace|Pyro Ball|p2a: Betty
|-supereffective|p2a: Betty
|-damage|p2a: Betty|0 fnt
|-enditem|p2a: Betty|Air Balloon
|faint|p2a: Betty
|
|upkeep
|
|t:|1760411931
|switch|p2a: Saltine|Garganacl, M|100/100
|-activate|p2a: Saltine|move: Sticky Web
|-unboost|p2a: Saltine|spe|1
|turn|4
|
|t:|1760411940
|move|p1a: Cinderace|U-turn|p2a: Saltine
|-start|p1a: Cinderace|typechange|Bug|[from] ability: Libero
|-damage|p2a: Saltine|80/100
|
|t:|1760411955
|switch|p1a: Ribombee|Ribombee, F|100/100 par|[from] U-turn
|move|p2a: Saltine|Earthquake|p1a: Ribombee
|-resisted|p1a: Ribombee
|-damage|p1a: Ribombee|88/100 par
|
|-heal|p2a: Saltine|86/100|[from] item: Leftovers
|upkeep
|turn|5
|
|t:|1760411964
|move|p1a: Ribombee|Quiver Dance|p1a: Ribombee
|-boost|p1a: Ribombee|spa|1
|-boost|p1a: Ribombee|spd|1
|-boost|p1a: Ribombee|spe|1
|move|p2a: Saltine|Salt Cure|p1a: Ribombee
|-supereffective|p1a: Ribombee
|-damage|p1a: Ribombee|53/100 par
|
|-heal|p2a: Saltine|93/100|[from] item: Leftovers
|upkeep
|turn|6
|
|t:|1760411970
|move|p1a: Ribombee|Quiver Dance|p1a: Ribombee
|-boost|p1a: Ribombee|spa|1
|-boost|p1a: Ribombee|spd|1
|-boost|p1a: Ribombee|spe|1
|move|p2a: Saltine|Salt Cure|p1a: Ribombee
|-supereffective|p1a: Ribombee
|-damage|p1a: Ribombee|19/100 par
|
|-heal|p2a: Saltine|99/100|[from] item: Leftovers
|upkeep
|turn|7
|
|t:|1760411972
|move|p2a: Saltine|Protect|p2a: Saltine
|-singleturn|p2a: Saltine|Protect
|move|p1a: Ribombee|Draining Kiss|p2a: Saltine
|-activate|p2a: Saltine|move: Protect
|
|-heal|p2a: Saltine|100/100|[from] item: Leftovers
|upkeep
|turn|8
|
|t:|1760411988
|switch|p2a: Chop|Scizor, F|100/100
|-activate|p2a: Chop|move: Sticky Web
|-unboost|p2a: Chop|spe|1
|move|p1a: Ribombee|Draining Kiss|p2a: Chop
|-resisted|p2a: Chop
|-damage|p2a: Chop|78/100
|-heal|p1a: Ribombee|35/100 par|[from] drain|[of] p2a: Chop
|
|upkeep
|turn|9
|
|t:|1760411993
|move|p2a: Chop|Bullet Punch|p1a: Ribombee
|-supereffective|p1a: Ribombee
|-damage|p1a: Ribombee|0 fnt
|faint|p1a: Ribombee
|
|upkeep
|
|t:|1760412005
|switch|p1a: Cinderace|Cinderace, F|100/100
|turn|10
|
|t:|1760412042
|switch|p2a: DJ Drizz|Pelipper, M|100/100
|-weather|RainDance|[from] ability: Drizzle|[of] p2a: DJ Drizz
|move|p1a: Cinderace|Pyro Ball|p2a: DJ Drizz
|-resisted|p2a: DJ Drizz
|-damage|p2a: DJ Drizz|90/100
|
|-weather|RainDance|[upkeep]
|upkeep
|turn|11
|
|t:|1760412048
|move|p1a: Cinderace|Court Change|p1a: Cinderace
|-start|p1a: Cinderace|typechange|Normal|[from] ability: Libero
|-swapsideconditions
|-activate|p1a: Cinderace|move: Court Change
|move|p2a: DJ Drizz|U-turn|p1a: Cinderace
|-damage|p1a: Cinderace|88/100
|
|t:|1760412056
|switch|p2a: Willy|Barraskewda, M|100/100|[from] U-turn
|
|-weather|RainDance|[upkeep]
|upkeep
|turn|12
|
|t:|1760412061
|move|p2a: Willy|Close Combat|p1a: Cinderace
|-supereffective|p1a: Cinderace
|-damage|p1a: Cinderace|0 fnt
|-unboost|p2a: Willy|def|1
|-unboost|p2a: Willy|spd|1
|faint|p1a: Cinderace
|
|-weather|RainDance|[upkeep]
|upkeep
|
|t:|1760412083
|switch|p1a: Kingambit|Kingambit, F|100/100
|-activate|p1a: Kingambit|move: Sticky Web
|-unboost|p1a: Kingambit|spe|1
|-ability|p1a: Kingambit|Defiant|boost
|-boost|p1a: Kingambit|atk|2
|turn|13
|
|t:|1760412103
|move|p1a: Kingambit|Sucker Punch|p2a: Willy
|-damage|p2a: Willy|0 fnt
|faint|p2a: Willy
|
|-weather|RainDance|[upkeep]
|upkeep
|
|t:|1760412106
|switch|p2a: Chop|Scizor, F|78/100
|turn|14
|
|t:|1760412114
|move|p2a: Chop|Close Combat|p1a: Kingambit
|-supereffective|p1a: Kingambit
|-damage|p1a: Kingambit|0 fnt
|-unboost|p2a: Chop|def|1
|-unboost|p2a: Chop|spd|1
|faint|p1a: Kingambit
|
|-weather|RainDance|[upkeep]
|upkeep
|
|t:|1760412127
|switch|p1a: Empoleon|Empoleon, F|100/100
|-activate|p1a: Empoleon|move: Sticky Web
|-unboost|p1a: Empoleon|spe|1
|-ability|p1a: Empoleon|Competitive|boost
|-boost|p1a: Empoleon|spa|2
|turn|15
|
|t:|1760412172
|move|p2a: Chop|Close Combat|p1a: Empoleon
|-supereffective|p1a: Empoleon
|-damage|p1a: Empoleon|0 fnt
|-unboost|p2a: Chop|def|1
|-unboost|p2a: Chop|spd|1
|faint|p1a: Empoleon
|
|-weather|RainDance|[upkeep]
|upkeep
|
|t:|1760412178
|switch|p1a: Ogerpon|Ogerpon, F|100/100
|-activate|p1a: Ogerpon|move: Sticky Web
|-unboost|p1a: Ogerpon|spe|1
|-ability|p1a: Ogerpon|Defiant|boost
|-boost|p1a: Ogerpon|atk|2
|-enditem|p1a: Ogerpon|White Herb
|-clearnegativeboost|p1a: Ogerpon|[silent]
|turn|16
|
|t:|1760412187
|switch|p2a: DJ Drizz|Pelipper, M|90/100
|move|p1a: Ogerpon|Knock Off|p2a: DJ Drizz
|-damage|p2a: DJ Drizz|37/100
|-enditem|p2a: DJ Drizz|Damp Rock|[from] move: Knock Off|[of] p1a: Ogerpon
|
|-weather|RainDance|[upkeep]
|upkeep
|turn|17
|
|t:|1760412200
|-terastallize|p1a: Ogerpon|Grass
|detailschange|p1a: Ogerpon|Ogerpon-Teal-Tera, F, tera:Grass
|-ability|p1a: Ogerpon|Embody Aspect (Teal)|boost
|-boost|p1a: Ogerpon|spe|1
|move|p1a: Ogerpon|Ivy Cudgel|p2a: DJ Drizz
|-damage|p2a: DJ Drizz|0 fnt
|faint|p2a: DJ Drizz
|
|-weather|none
|upkeep
|
|t:|1760412209
|switch|p2a: Chop|Scizor, F|78/100
|turn|18
|
|t:|1760412222
|move|p1a: Ogerpon|Knock Off|p2a: Chop
|-damage|p2a: Chop|1/100
|-enditem|p2a: Chop|Choice Band|[from] move: Knock Off|[of] p1a: Ogerpon
|move|p2a: Chop|Acrobatics|p1a: Ogerpon
|-supereffective|p1a: Ogerpon
|-damage|p1a: Ogerpon|9/100
|
|upkeep
|turn|19
|
|t:|1760412239
|move|p2a: Chop|Bullet Punch|p1a: Ogerpon
|-damage|p1a: Ogerpon|0 fnt
|faint|p1a: Ogerpon
|detailschange|p1: Ogerpon|Ogerpon, F|[silent]
|
|upkeep
|
|t:|1760412241
|switch|p1a: Meowstic|Meowstic-F, F|100/100
|-activate|p1a: Meowstic|move: Sticky Web
|-unboost|p1a: Meowstic|spe|1
|-ability|p1a: Meowstic|Competitive|boost
|-boost|p1a: Meowstic|spa|2
|-enditem|p1a: Meowstic|White Herb
|-clearnegativeboost|p1a: Meowstic|[silent]
|turn|20
|
|t:|1760412263
|move|p1a: Meowstic|Psyshock|p2a: Chop
|-resisted|p2a: Chop
|-crit|p2a: Chop
|-damage|p2a: Chop|0 fnt
|faint|p2a: Chop
|
|upkeep
|
|t:|1760412265
|switch|p2a: Saltine|Garganacl, M|100/100
|turn|21
|
|t:|1760412272
|move|p1a: Meowstic|Psyshock|p2a: Saltine
|-damage|p2a: Saltine|58/100
|move|p2a: Saltine|Salt Cure|p1a: Meowstic
|-damage|p1a: Meowstic|81/100
|-start|p1a: Meowstic|Salt Cure
|
|-heal|p2a: Saltine|64/100|[from] item: Leftovers
|-damage|p1a: Meowstic|68/100|[from] Salt Cure
|upkeep
|turn|22
|
|t:|1760412283
|move|p1a: Meowstic|Psyshock|p2a: Saltine
|-damage|p2a: Saltine|26/100
|move|p2a: Saltine|Earthquake|p1a: Meowstic
|-damage|p1a: Meowstic|36/100
|
|-heal|p2a: Saltine|32/100|[from] item: Leftovers
|-damage|p1a: Meowstic|24/100|[from] Salt Cure
|upkeep
|turn|23
|
|t:|1760412286
|move|p2a: Saltine|Protect|p2a: Saltine
|-singleturn|p2a: Saltine|Protect
|move|p1a: Meowstic|Psyshock|p2a: Saltine
|-activate|p2a: Saltine|move: Protect
|
|-heal|p2a: Saltine|38/100|[from] item: Leftovers
|-damage|p1a: Meowstic|11/100|[from] Salt Cure
|upkeep
|turn|24
|
|t:|1760412291
|move|p1a: Meowstic|Psyshock|p2a: Saltine
|-damage|p2a: Saltine|0 fnt
|faint|p2a: Saltine
|
|-damage|p1a: Meowstic|0 fnt|[from] Salt Cure
|faint|p1a: Meowstic
|
|win|update124
|raw|R.para ti's rating: 1253 &rarr; <strong>1226</strong><br />(-27 for losing)
|raw|update124's rating: 1228 &rarr; <strong>1255</strong><br />(+27 for winning)
|c|☆R.para ti|Alluring voice
|c|☆update124|Gg
|c|☆update124|What about it
|c|☆R.para ti|It has in in meowstic
|c|☆R.para ti|So i could oh kommo'o
|c|☆update124|Nope
|c|☆update124|Soundproof
|c|☆update124|Immune
|c|☆update124|Plus I could Terra I think
|c|☆update124|Terra Normal for boom burst stab
|l|☆R.para ti
|player|p1|
|c|☆update124|Yeah gg
|l|☆update124
|player|p2|
