|j|☆LikeEmerald
|j|☆katoluvsu
|t:|1760373774
|gametype|singles
|player|p1|LikeEmerald|2|1157
|player|p2|katoluvsu|n|1110
|gen|9
|tier|[Gen 9] OU
|rated|
|rule|HP Percentage Mod: HP is shown in percentages
|rule|Endless Battle Clause: Forcing endless battles is banned
|rule|Species Clause: Limit one of each Pokémon
|rule|OHKO Clause: OHKO moves are banned
|rule|Evasion Items Clause: Evasion items are banned
|rule|Evasion Moves Clause: Evasion moves are banned
|rule|Evasion Abilities Clause: Evasion abilities are banned
|rule|Sleep Moves Clause: Sleep-inducing moves are banned
|clearpoke
|poke|p1|Ribombee, F|
|poke|p1|Arboliva, F|
|poke|p1|Ninetales, M|
|poke|p1|Great Tusk|
|poke|p1|Slither Wing|
|poke|p1|Palossand, M|
|poke|p2|Gallade, M|
|poke|p2|Indeedee, M|
|poke|p2|Hatterene, F|
|poke|p2|Iron Valiant|
|poke|p2|Tornadus-Therian, M|
|poke|p2|Lokix, M|
|teampreview
|inactive|Battle timer is ON: inactive players will automatically lose when time's up. (requested by katoluvsu)
|
|t:|1760373781
|teamsize|p1|6
|teamsize|p2|6
|start
|switch|p1a: Ribombee|Ribombee, F|100/100
|switch|p2a: Indeedee|Indeedee, M, shiny|100/100
|-fieldstart|move: Psychic Terrain|[from] ability: Psychic Surge|[of] p2a: Indeedee
|turn|1
|
|t:|1760373791
|move|p1a: Ribombee|Stun Spore|p2a: Indeedee|[miss]
|-miss|p1a: Ribombee|p2a: Indeedee
|move|p2a: Indeedee|Psychic Noise|p1a: Ribombee
|-damage|p1a: Ribombee|38/100
|
|upkeep
|turn|2
|
|t:|1760373803
|move|p1a: Ribombee|Sticky Web|p2a: Indeedee
|-sidestart|p2: katoluvsu|move: Sticky Web
|move|p2a: Indeedee|Psychic Noise|p1a: Ribombee
|-damage|p1a: Ribombee|0 fnt
|faint|p1a: Ribombee
|
|upkeep
|
|t:|1760373808
|switch|p1a: Slither Wing|Slither Wing|100/100
|turn|3
|
|t:|1760373812
|move|p1a: Slither Wing|First Impression|p2a: Indeedee
|-activate|p2a: Indeedee|move: Psychic Terrain
|move|p2a: Indeedee|Expanding Force|p1a: Slither Wing
|-supereffective|p1a: Slither Wing
|-damage|p1a: Slither Wing|0 fnt
|faint|p1a: Slither Wing
|-end|p1a: Slither Wing|Protosynthesis|[silent]
|
|upkeep
|c|☆LikeEmerald|Worst missclick ever...
|
|t:|1760373836
|switch|p1a: Ninetales|Ninetales, M|100/100
|-weather|SunnyDay|[from] ability: Drought|[of] p1a: Ninetales
|turn|4
|
|t:|1760373839
|move|p1a: Ninetales|Dark Pulse|p2a: Indeedee
|-supereffective|p2a: Indeedee
|-damage|p2a: Indeedee|68/100
|move|p2a: Indeedee|Expanding Force|p1a: Ninetales
|-damage|p1a: Ninetales|28/100
|
|-weather|SunnyDay|[upkeep]
|upkeep
|turn|5
|
|t:|1760373845
|move|p1a: Ninetales|Dark Pulse|p2a: Indeedee
|-supereffective|p2a: Indeedee
|-damage|p2a: Indeedee|34/100
|move|p2a: Indeedee|Expanding Force|p1a: Ninetales
|-damage|p1a: Ninetales|0 fnt
|faint|p1a: Ninetales
|
|-weather|SunnyDay|[upkeep]
|upkeep
|
|t:|1760373857
|switch|p1a: Great Tusk|Great Tusk|100/100
|-activate|p1a: Great Tusk|ability: Protosynthesis
|-start|p1a: Great Tusk|protosynthesisatk
|turn|6
|
|t:|1760373862
|-terastallize|p1a: Great Tusk|Ground
|move|p1a: Great Tusk|Rapid Spin|p2a: Indeedee
|-damage|p2a: Indeedee|0 fnt
|-boost|p1a: Great Tusk|spe|1
|faint|p2a: Indeedee
|
|-weather|SunnyDay|[upkeep]
|upkeep
|
|t:|1760373879
|switch|p2a: Tornadus|Tornadus-Therian, M, shiny|100/100
|turn|7
|
|t:|1760373885
|move|p1a: Great Tusk|Head Smash|p2a: Tornadus|[miss]
|-miss|p1a: Great Tusk|p2a: Tornadus
|move|p2a: Tornadus|Knock Off|p1a: Great Tusk
|-damage|p1a: Great Tusk|89/100
|
|-weather|SunnyDay|[upkeep]
|upkeep
|turn|8
|
|t:|1760373899
|move|p1a: Great Tusk|Temper Flare|p2a: Tornadus
|-damage|p2a: Tornadus|0 fnt
|faint|p2a: Tornadus
|
|-weather|SunnyDay|[upkeep]
|-fieldend|move: Psychic Terrain
|upkeep
|
|t:|1760373920
|switch|p2a: Hatterene|Hatterene, F, shiny|100/100
|-activate|p2a: Hatterene|move: Sticky Web
|-unboost|p2a: Hatterene|spe|1
|turn|9
|
|t:|1760373925
|move|p1a: Great Tusk|Headlong Rush|p2a: Hatterene
|-damage|p2a: Hatterene|0 fnt
|-unboost|p1a: Great Tusk|def|1
|-unboost|p1a: Great Tusk|spd|1
|faint|p2a: Hatterene
|
|-weather|SunnyDay|[upkeep]
|upkeep
|
|t:|1760373928
|switch|p2a: Lokix|Lokix, M, shiny|100/100
|-activate|p2a: Lokix|move: Sticky Web
|-unboost|p2a: Lokix|spe|1
|turn|10
|
|t:|1760373931
|move|p2a: Lokix|First Impression|p1a: Great Tusk
|-damage|p1a: Great Tusk|29/100
|-damage|p2a: Lokix|91/100|[from] item: Life Orb
|move|p1a: Great Tusk|Temper Flare|p2a: Lokix
|-supereffective|p2a: Lokix
|-damage|p2a: Lokix|0 fnt
|faint|p2a: Lokix
|
|-weather|SunnyDay|[upkeep]
|upkeep
|
|t:|1760373937
|switch|p2a: Gallade|Gallade, M, shiny|100/100
|-activate|p2a: Gallade|move: Sticky Web
|-unboost|p2a: Gallade|spe|1
|turn|11
|
|t:|1760373943
|move|p1a: Great Tusk|Headlong Rush|p2a: Gallade
|-damage|p2a: Gallade|0 fnt
|-unboost|p1a: Great Tusk|def|1
|-unboost|p1a: Great Tusk|spd|1
|faint|p2a: Gallade
|
|-weather|none
|-end|p1a: Great Tusk|Protosynthesis
|upkeep
|-enditem|p1a: Great Tusk|Booster Energy
|-activate|p1a: Great Tusk|ability: Protosynthesis|[fromitem]
|-start|p1a: Great Tusk|protosynthesisspe
|
|t:|1760373945
|switch|p2a: Iron Valiant|Iron Valiant, shiny|100/100
|-activate|p2a: Iron Valiant|move: Sticky Web
|-unboost|p2a: Iron Valiant|spe|1
|-enditem|p2a: Iron Valiant|Booster Energy
|-activate|p2a: Iron Valiant|ability: Quark Drive|[fromitem]
|-start|p2a: Iron Valiant|quarkdrivespa
|turn|12
|
|t:|1760373952
|-terastallize|p2a: Iron Valiant|Ghost
|move|p1a: Great Tusk|Headlong Rush|p2a: Iron Valiant
|-damage|p2a: Iron Valiant|1/100
|-unboost|p1a: Great Tusk|def|1
|-unboost|p1a: Great Tusk|spd|1
|move|p2a: Iron Valiant|Moonblast|p1a: Great Tusk
|-damage|p1a: Great Tusk|0 fnt
|faint|p1a: Great Tusk
|-end|p1a: Great Tusk|Protosynthesis|[silent]
|
|upkeep
|
|t:|1760373960
|switch|p1a: Palossand|Palossand, M|100/100
|turn|13
|
|t:|1760373967
|move|p2a: Iron Valiant|Hex|p1a: Palossand
|-supereffective|p1a: Palossand
|-damage|p1a: Palossand|1/100
|move|p1a: Palossand|Earth Power|p2a: Iron Valiant
|-damage|p2a: Iron Valiant|0 fnt
|faint|p2a: Iron Valiant
|-end|p2a: Iron Valiant|Quark Drive|[silent]
|
|win|LikeEmerald
|raw|LikeEmerald's rating: 1157 &rarr; <strong>1179</strong><br />(+22 for winning)
|raw|katoluvsu's rating: 1110 &rarr; <strong>1088</strong><br />(-22 for losing)
|c|☆katoluvsu|we both got the 1% curse lol
|c|☆katoluvsu|ggs
|c|☆LikeEmerald|lol
|c|☆LikeEmerald|gg
|l|☆katoluvsu
|player|p2|
