|j|☆Aguila74
|j|‽tasty sardine 408
|t:|1760308437
|gametype|singles
|player|p1|Aguila74|266|1524
|player|p2|tasty sardine 408|harlequin|1641
|gen|9
|tier|[Gen 9] OU
|rated|
|rule|HP Percentage Mod: HP is shown in percentages
|rule|Endless Battle Clause: Forcing endless battles is banned
|rule|Species Clause: Limit one of each Pokémon
|rule|OHKO Clause: OHKO moves are banned
|rule|Evasion Items Clause: Evasion items are banned
|rule|Evasion Moves Clause: Evasion moves are banned
|rule|Evasion Abilities Clause: Evasion abilities are banned
|rule|Sleep Moves Clause: Sleep-inducing moves are banned
|clearpoke
|poke|p1|Conkeldurr, F|
|poke|p1|Suicune|
|poke|p1|Dragapult, M|
|poke|p1|Iron Moth|
|poke|p1|Iron Treads|
|poke|p1|Meowscarada, M|
|poke|p2|Umbreon, F|
|poke|p2|Serperior, F|
|poke|p2|Cresselia, F|
|poke|p2|Revavroom, F|
|poke|p2|Skeledirge, M|
|poke|p2|Manaphy|
|teampreview
|inactive|Battle timer is ON: inactive players will automatically lose when time's up. (requested by tasty sardine 408)
|inactive|tasty sardine 408 has 120 seconds left.
|
|t:|1760308488
|teamsize|p1|6
|teamsize|p2|6
|start
|switch|p1a: Conkeldurr|Conkeldurr, F|100/100
|switch|p2a: Serperior|Serperior, F, shiny|100/100
|turn|1
|
|t:|1760308493
|move|p2a: Serperior|Glare|p1a: Conkeldurr
|-status|p1a: Conkeldurr|par
|move|p1a: Conkeldurr|Drain Punch|p2a: Serperior
|-damage|p2a: Serperior|37/100
|
|-heal|p2a: Serperior|43/100|[from] item: Leftovers
|upkeep
|turn|2
|
|t:|1760308499
|move|p2a: Serperior|Synthesis|p2a: Serperior
|-heal|p2a: Serperior|93/100
|move|p1a: Conkeldurr|Drain Punch|p2a: Serperior
|-damage|p2a: Serperior|30/100
|
|-heal|p2a: Serperior|37/100|[from] item: Leftovers
|upkeep
|turn|3
|
|t:|1760308507
|move|p1a: Conkeldurr|Mach Punch|p2a: Serperior
|-damage|p2a: Serperior|3/100
|move|p2a: Serperior|Synthesis|p2a: Serperior
|-heal|p2a: Serperior|53/100
|
|-heal|p2a: Serperior|60/100|[from] item: Leftovers
|upkeep
|turn|4
|
|t:|1760308516
|switch|p2a: Skeledirge|Skeledirge, M, shiny|100/100
|move|p1a: Conkeldurr|Ice Punch|p2a: Skeledirge
|-resisted|p2a: Skeledirge
|-damage|p2a: Skeledirge|84/100
|
|upkeep
|turn|5
|
|t:|1760308523
|move|p2a: Skeledirge|Torch Song|p1a: Conkeldurr
|-damage|p1a: Conkeldurr|76/100 par
|-boost|p2a: Skeledirge|spa|1
|move|p1a: Conkeldurr|Knock Off|p2a: Skeledirge
|-supereffective|p2a: Skeledirge
|-damage|p2a: Skeledirge|1/100
|-enditem|p2a: Skeledirge|Heavy-Duty Boots|[from] move: Knock Off|[of] p1a: Conkeldurr
|
|upkeep
|turn|6
|
|t:|1760308532
|switch|p1a: Iron Treads|Iron Treads|100/100
|move|p2a: Skeledirge|Hex|p1a: Iron Treads
|-damage|p1a: Iron Treads|48/100
|
|-heal|p1a: Iron Treads|54/100|[from] item: Leftovers
|upkeep
|turn|7
|
|t:|1760308537
|move|p1a: Iron Treads|Earthquake|p2a: Skeledirge
|-supereffective|p2a: Skeledirge
|-damage|p2a: Skeledirge|0 fnt
|faint|p2a: Skeledirge
|
|-heal|p1a: Iron Treads|61/100|[from] item: Leftovers
|upkeep
|
|t:|1760308540
|switch|p2a: Manaphy|Manaphy, shiny|100/100
|turn|8
|
|t:|1760308544
|-end|p1a: Iron Treads|Quark Drive|[silent]
|switch|p1a: Meowscarada|Meowscarada, M|100/100
|move|p2a: Manaphy|Acid Armor|p2a: Manaphy
|-boost|p2a: Manaphy|def|2
|
|upkeep
|turn|9
|
|t:|1760308549
|-terastallize|p2a: Manaphy|Dragon
|move|p1a: Meowscarada|Flower Trick|p2a: Manaphy
|-start|p1a: Meowscarada|typechange|Grass|[from] ability: Protean
|-resisted|p2a: Manaphy
|-crit|p2a: Manaphy
|-damage|p2a: Manaphy|74/100
|-damage|p1a: Meowscarada|91/100|[from] item: Life Orb
|move|p2a: Manaphy|Take Heart|p2a: Manaphy
|-boost|p2a: Manaphy|spa|1
|-boost|p2a: Manaphy|spd|1
|
|-heal|p2a: Manaphy|80/100|[from] item: Leftovers
|upkeep
|turn|10
|
|t:|1760308561
|move|p1a: Meowscarada|Knock Off|p2a: Manaphy
|-damage|p2a: Manaphy|65/100
|-enditem|p2a: Manaphy|Leftovers|[from] move: Knock Off|[of] p1a: Meowscarada
|-damage|p1a: Meowscarada|81/100|[from] item: Life Orb
|move|p2a: Manaphy|Take Heart|p2a: Manaphy
|-boost|p2a: Manaphy|spa|1
|-boost|p2a: Manaphy|spd|1
|
|upkeep
|turn|11
|
|t:|1760308567
|move|p1a: Meowscarada|U-turn|p2a: Manaphy
|-damage|p2a: Manaphy|52/100
|-damage|p1a: Meowscarada|71/100|[from] item: Life Orb
|
|t:|1760308572
|switch|p1a: Dragapult|Dragapult, M|100/100|[from] U-turn
|move|p2a: Manaphy|Take Heart|p2a: Manaphy
|-boost|p2a: Manaphy|spa|1
|-boost|p2a: Manaphy|spd|1
|
|upkeep
|turn|12
|
|t:|1760308577
|-terastallize|p1a: Dragapult|Dragon
|move|p1a: Dragapult|Dragon Darts|p2a: Manaphy
|-supereffective|p2a: Manaphy
|-damage|p2a: Manaphy|15/100
|-anim|p1a: Dragapult|Dragon Darts|p2a: Manaphy
|-supereffective|p2a: Manaphy
|-damage|p2a: Manaphy|0 fnt
|faint|p2a: Manaphy
|-damage|p1a: Dragapult|91/100|[from] item: Life Orb
|
|upkeep
|
|t:|1760308583
|switch|p2a: Umbreon|Umbreon, F, shiny|100/100
|turn|13
|
|t:|1760308587
|switch|p1a: Conkeldurr|Conkeldurr, F|76/100 par
|move|p2a: Umbreon|Foul Play|p1a: Conkeldurr
|-resisted|p1a: Conkeldurr
|-damage|p1a: Conkeldurr|53/100 par
|
|upkeep
|turn|14
|
|t:|1760308590
|move|p2a: Umbreon|Foul Play|p1a: Conkeldurr
|-resisted|p1a: Conkeldurr
|-damage|p1a: Conkeldurr|27/100 par
|cant|p1a: Conkeldurr|par
|
|upkeep
|turn|15
|
|t:|1760308595
|move|p1a: Conkeldurr|Mach Punch|p2a: Umbreon
|-supereffective|p2a: Umbreon
|-damage|p2a: Umbreon|47/100
|move|p2a: Umbreon|Foul Play|p1a: Conkeldurr
|-resisted|p1a: Conkeldurr
|-damage|p1a: Conkeldurr|2/100 par
|
|-heal|p2a: Umbreon|53/100|[from] item: Leftovers
|upkeep
|turn|16
|
|t:|1760308599
|move|p2a: Umbreon|Protect|p2a: Umbreon
|-singleturn|p2a: Umbreon|Protect
|move|p1a: Conkeldurr|Drain Punch|p2a: Umbreon
|-activate|p2a: Umbreon|move: Protect
|
|-heal|p2a: Umbreon|59/100|[from] item: Leftovers
|upkeep
|turn|17
|
|t:|1760308603
|move|p2a: Umbreon|Wish|p2a: Umbreon
|move|p1a: Conkeldurr|Knock Off|p2a: Umbreon
|-resisted|p2a: Umbreon
|-damage|p2a: Umbreon|38/100
|-enditem|p2a: Umbreon|Leftovers|[from] move: Knock Off|[of] p1a: Conkeldurr
|
|upkeep
|turn|18
|
|t:|1760308607
|move|p2a: Umbreon|Protect|p2a: Umbreon
|-singleturn|p2a: Umbreon|Protect
|cant|p1a: Conkeldurr|par
|
|-heal|p2a: Umbreon|88/100|[from] move: Wish|[wisher] Umbreon
|upkeep
|turn|19
|
|t:|1760308610
|cant|p1a: Conkeldurr|par
|move|p2a: Umbreon|Foul Play|p1a: Conkeldurr
|-resisted|p1a: Conkeldurr
|-crit|p1a: Conkeldurr
|-damage|p1a: Conkeldurr|0 fnt
|faint|p1a: Conkeldurr
|
|upkeep
|
|t:|1760308615
|switch|p1a: Meowscarada|Meowscarada, M|71/100
|turn|20
|
|t:|1760308617
|move|p1a: Meowscarada|U-turn|p2a: Umbreon
|-start|p1a: Meowscarada|typechange|Bug|[from] ability: Protean
|-supereffective|p2a: Umbreon
|-damage|p2a: Umbreon|26/100
|-damage|p1a: Meowscarada|61/100|[from] item: Life Orb
|
|t:|1760308625
|switch|p1a: Iron Treads|Iron Treads|61/100|[from] U-turn
|move|p2a: Umbreon|Toxic|p1a: Iron Treads
|-immune|p1a: Iron Treads
|
|-heal|p1a: Iron Treads|67/100|[from] item: Leftovers
|upkeep
|turn|21
|
|t:|1760308628
|move|p1a: Iron Treads|Stealth Rock|p2a: Umbreon
|-sidestart|p2: tasty sardine 408|move: Stealth Rock
|move|p2a: Umbreon|Foul Play|p1a: Iron Treads
|-damage|p1a: Iron Treads|26/100
|
|-heal|p1a: Iron Treads|33/100|[from] item: Leftovers
|upkeep
|turn|22
|
|t:|1760308630
|move|p1a: Iron Treads|Earthquake|p2a: Umbreon
|-damage|p2a: Umbreon|0 fnt
|faint|p2a: Umbreon
|
|-heal|p1a: Iron Treads|39/100|[from] item: Leftovers
|upkeep
|
|t:|1760308632
|switch|p2a: Serperior|Serperior, F, shiny|60/100
|-damage|p2a: Serperior|47/100|[from] Stealth Rock
|turn|23
|
|t:|1760308642
|move|p2a: Serperior|Leaf Storm|p1a: Iron Treads
|-damage|p1a: Iron Treads|0 fnt
|-boost|p2a: Serperior|spa|2
|faint|p1a: Iron Treads
|-end|p1a: Iron Treads|Quark Drive|[silent]
|
|-heal|p2a: Serperior|53/100|[from] item: Leftovers
|upkeep
|
|t:|1760308647
|switch|p1a: Meowscarada|Meowscarada, M|61/100
|turn|24
|
|t:|1760308650
|move|p1a: Meowscarada|U-turn|p2a: Serperior
|-start|p1a: Meowscarada|typechange|Bug|[from] ability: Protean
|-supereffective|p2a: Serperior
|-damage|p2a: Serperior|0 fnt
|faint|p2a: Serperior
|-damage|p1a: Meowscarada|51/100|[from] item: Life Orb
|
|t:|1760308661
|switch|p1a: Iron Moth|Iron Moth|100/100|[from] U-turn
|-enditem|p1a: Iron Moth|Booster Energy
|-activate|p1a: Iron Moth|ability: Quark Drive|[fromitem]
|-start|p1a: Iron Moth|quarkdrivespe
|
|upkeep
|
|t:|1760308665
|switch|p2a: Cresselia|Cresselia, F, shiny|100/100
|-damage|p2a: Cresselia|88/100|[from] Stealth Rock
|turn|25
|
|t:|1760308678
|move|p1a: Iron Moth|Fiery Dance|p2a: Cresselia
|-damage|p2a: Cresselia|60/100
|-boost|p1a: Iron Moth|spa|1
|move|p2a: Cresselia|Calm Mind|p2a: Cresselia
|-boost|p2a: Cresselia|spa|1
|-boost|p2a: Cresselia|spd|1
|
|-heal|p2a: Cresselia|66/100|[from] item: Leftovers
|upkeep
|turn|26
|
|t:|1760308683
|move|p1a: Iron Moth|Sludge Wave|p2a: Cresselia
|-damage|p2a: Cresselia|34/100
|move|p2a: Cresselia|Calm Mind|p2a: Cresselia
|-boost|p2a: Cresselia|spa|1
|-boost|p2a: Cresselia|spd|1
|
|-heal|p2a: Cresselia|40/100|[from] item: Leftovers
|upkeep
|turn|27
|
|t:|1760308687
|move|p1a: Iron Moth|Fiery Dance|p2a: Cresselia
|-damage|p2a: Cresselia|20/100
|-boost|p1a: Iron Moth|spa|1
|move|p2a: Cresselia|Moonlight|p2a: Cresselia
|-heal|p2a: Cresselia|70/100
|
|-heal|p2a: Cresselia|76/100|[from] item: Leftovers
|upkeep
|turn|28
|
|t:|1760308692
|-end|p1a: Iron Moth|Quark Drive|[silent]
|switch|p1a: Meowscarada|Meowscarada, M|51/100
|move|p2a: Cresselia|Calm Mind|p2a: Cresselia
|-boost|p2a: Cresselia|spa|1
|-boost|p2a: Cresselia|spd|1
|
|-heal|p2a: Cresselia|82/100|[from] item: Leftovers
|upkeep
|turn|29
|
|t:|1760308695
|move|p1a: Meowscarada|Knock Off|p2a: Cresselia
|-start|p1a: Meowscarada|typechange|Dark|[from] ability: Protean
|-supereffective|p2a: Cresselia
|-damage|p2a: Cresselia|24/100
|-enditem|p2a: Cresselia|Leftovers|[from] move: Knock Off|[of] p1a: Meowscarada
|-damage|p1a: Meowscarada|41/100|[from] item: Life Orb
|move|p2a: Cresselia|Moonblast|p1a: Meowscarada
|-supereffective|p1a: Meowscarada
|-damage|p1a: Meowscarada|0 fnt
|faint|p1a: Meowscarada
|
|upkeep
|
|t:|1760308703
|switch|p1a: Dragapult|Dragapult, M, tera:Dragon|91/100
|turn|30
|
|t:|1760308708
|move|p1a: Dragapult|Dragon Darts|p2a: Cresselia
|-damage|p2a: Cresselia|1/100
|-anim|p1a: Dragapult|Dragon Darts|p2a: Cresselia
|-damage|p2a: Cresselia|0 fnt
|faint|p2a: Cresselia
|-damage|p1a: Dragapult|81/100|[from] item: Life Orb
|
|upkeep
|
|t:|1760308710
|switch|p2a: Revavroom|Revavroom, F, shiny|100/100
|-damage|p2a: Revavroom|94/100|[from] Stealth Rock
|-item|p2a: Revavroom|Air Balloon
|turn|31
|
|t:|1760308718
|move|p1a: Dragapult|Dragon Darts|p2a: Revavroom
|-resisted|p2a: Revavroom
|-damage|p2a: Revavroom|72/100
|-enditem|p2a: Revavroom|Air Balloon
|-anim|p1a: Dragapult|Dragon Darts|p2a: Revavroom
|-resisted|p2a: Revavroom
|-damage|p2a: Revavroom|47/100
|-damage|p1a: Dragapult|71/100|[from] item: Life Orb
|move|p2a: Revavroom|Shift Gear|p2a: Revavroom
|-boost|p2a: Revavroom|spe|2
|-boost|p2a: Revavroom|atk|1
|
|upkeep
|turn|32
|
|t:|1760308724
|move|p2a: Revavroom|Iron Head|p1a: Dragapult
|-damage|p1a: Dragapult|0 fnt
|faint|p1a: Dragapult
|
|upkeep
|
|t:|1760308731
|switch|p1a: Suicune|Suicune|100/100
|-ability|p1a: Suicune|Pressure
|turn|33
|
|t:|1760308733
|move|p2a: Revavroom|Gunk Shot|p1a: Suicune
|-damage|p1a: Suicune|50/100
|move|p1a: Suicune|Scald|p2a: Revavroom
|-damage|p2a: Revavroom|19/100
|
|-heal|p1a: Suicune|56/100|[from] item: Leftovers
|upkeep
|turn|34
|
|t:|1760308740
|move|p2a: Revavroom|Gunk Shot|p1a: Suicune|[miss]
|-miss|p2a: Revavroom|p1a: Suicune
|move|p1a: Suicune|Scald|p2a: Revavroom
|-damage|p2a: Revavroom|0 fnt
|faint|p2a: Revavroom
|
|win|Aguila74
|raw|Aguila74's rating: 1524 &rarr; <strong>1550</strong><br />(+26 for winning)
|raw|tasty sardine 408's rating: 1641 &rarr; <strong>1615</strong><br />(-26 for losing)
|l|‽tasty sardine 408
|player|p2|
|l|☆Aguila74
|player|p1|
