|j|☆pacoelcrack
|j|☆LionX_Pro
|t:|1760368622
|gametype|singles
|player|p1|pacoelcrack|wattson|1303
|player|p2|LionX_Pro|steven|1305
|gen|9
|tier|[Gen 9] OU
|rated|
|rule|HP Percentage Mod: HP is shown in percentages
|rule|Endless Battle Clause: Forcing endless battles is banned
|rule|Species Clause: Limit one of each Pokémon
|rule|OHKO Clause: OHKO moves are banned
|rule|Evasion Items Clause: Evasion items are banned
|rule|Evasion Moves Clause: Evasion moves are banned
|rule|Evasion Abilities Clause: Evasion abilities are banned
|rule|Sleep Moves Clause: Sleep-inducing moves are banned
|clearpoke
|poke|p1|Glimmora, F|
|poke|p1|Landorus-Therian, M|
|poke|p1|Hatterene, F|
|poke|p1|Gholdengo|
|poke|p1|Dragonite, M|
|poke|p1|Kingambit, F|
|poke|p2|Shiftry, M|
|poke|p2|Glimmora, M|
|poke|p2|Incineroar, M|
|poke|p2|Gliscor, M|
|poke|p2|Garganacl, M|
|poke|p2|Quaquaval, M|
|teampreview
|
|t:|1760368625
|teamsize|p1|6
|teamsize|p2|6
|start
|switch|p1a: Landorus|Landorus-Therian, M|100/100
|switch|p2a: Shiftry|Shiftry, M|100/100
|-ability|p1a: Landorus|Intimidate|boost
|-unboost|p2a: Shiftry|atk|1
|turn|1
|
|t:|1760368636
|move|p1a: Landorus|U-turn|p2a: Shiftry
|-supereffective|p2a: Shiftry
|-enditem|p2a: Shiftry|Focus Sash
|-damage|p2a: Shiftry|1/100
|
|t:|1760368644
|switch|p1a: Glimmora|Glimmora, F|100/100|[from] U-turn
|move|p2a: Shiftry|Tailwind|p2a: Shiftry
|-sidestart|p2: LionX_Pro|move: Tailwind
|-ability|p2a: Shiftry|Wind Rider|boost
|-boost|p2a: Shiftry|atk|1
|
|upkeep
|turn|2
|
|t:|1760368657
|move|p2a: Shiftry|Endeavor|p1a: Glimmora
|-damage|p1a: Glimmora|1/100
|-activate|p1a: Glimmora|ability: Toxic Debris
|-sidestart|p2: LionX_Pro|move: Toxic Spikes
|move|p1a: Glimmora|Spikes|p2a: Shiftry
|-sidestart|p2: LionX_Pro|Spikes
|
|upkeep
|turn|3
|
|t:|1760368684
|switch|p1a: Dragonite|Dragonite, M|100/100
|move|p2a: Shiftry|Knock Off|p1a: Dragonite
|-damage|p1a: Dragonite|77/100
|-enditem|p1a: Dragonite|Heavy-Duty Boots|[from] move: Knock Off|[of] p2a: Shiftry
|
|upkeep
|turn|4
|
|t:|1760368708
|move|p1a: Dragonite|Extreme Speed|p2a: Shiftry
|-damage|p2a: Shiftry|0 fnt
|faint|p2a: Shiftry
|
|-sideend|p2: LionX_Pro|move: Tailwind
|upkeep
|
|t:|1760368712
|switch|p2a: Glimmora|Glimmora, M|100/100
|-sideend|p2: LionX_Pro|move: Toxic Spikes|[of] p2a: Glimmora
|-damage|p2a: Glimmora|88/100|[from] Spikes
|turn|5
|
|t:|1760368722
|move|p2a: Glimmora|Meteor Beam||[still]
|-prepare|p2a: Glimmora|Meteor Beam
|-boost|p2a: Glimmora|spa|1
|-enditem|p2a: Glimmora|Power Herb
|-anim|p2a: Glimmora|Meteor Beam|p1a: Dragonite
|-supereffective|p1a: Dragonite
|-damage|p1a: Dragonite|0 fnt
|faint|p1a: Dragonite
|
|upkeep
|
|t:|1760368727
|switch|p1a: Glimmora|Glimmora, F|1/100
|turn|6
|
|t:|1760368761
|move|p2a: Glimmora|Earth Power|p1a: Glimmora
|-supereffective|p1a: Glimmora
|-damage|p1a: Glimmora|0 fnt
|faint|p1a: Glimmora
|
|upkeep
|
|t:|1760368778
|switch|p1a: Landorus|Landorus-Therian, M|100/100
|-ability|p1a: Landorus|Intimidate|boost
|-unboost|p2a: Glimmora|atk|1
|turn|7
|
|t:|1760368806
|move|p1a: Landorus|U-turn|p2a: Glimmora
|-resisted|p2a: Glimmora
|-damage|p2a: Glimmora|72/100
|-activate|p2a: Glimmora|ability: Toxic Debris
|-sidestart|p1: pacoelcrack|move: Toxic Spikes
|
|t:|1760368813
|switch|p1a: Gholdengo|Gholdengo|100/100|[from] U-turn
|-item|p1a: Gholdengo|Air Balloon
|move|p2a: Glimmora|Sludge Wave|p1a: Gholdengo
|-immune|p1a: Gholdengo
|
|upkeep
|turn|8
|l|☆pacoelcrack
|player|p1|
|
|t:|1760368842
|move|p2a: Glimmora|Meteor Beam||[still]
|-prepare|p2a: Glimmora|Meteor Beam
|-boost|p2a: Glimmora|spa|1
|move|p1a: Gholdengo|Make It Rain|p2a: Glimmora
|-supereffective|p2a: Glimmora
|-damage|p2a: Glimmora|0 fnt
|-unboost|p1a: Gholdengo|spa|1
|faint|p2a: Glimmora
|
|upkeep
|
|t:|1760368849
|switch|p2a: Incineroar|Incineroar, M|100/100
|-damage|p2a: Incineroar|88/100|[from] Spikes
|-ability|p2a: Incineroar|Intimidate|boost
|-unboost|p1a: Gholdengo|atk|1
|turn|9
|inactive|Battle timer is ON: inactive players will automatically lose when time's up. (requested by LionX_Pro)
|inactive|pacoelcrack has 30 seconds to reconnect!
|inactive|pacoelcrack has 20 seconds to reconnect!
|inactive|pacoelcrack has 15 seconds to reconnect!
|inactive|pacoelcrack has 10 seconds to reconnect!
|inactive|pacoelcrack has 5 seconds to reconnect!
|-message|pacoelcrack lost due to inactivity.
|
|win|LionX_Pro
|raw|pacoelcrack's rating: 1303 &rarr; <strong>1284</strong><br />(-19 for losing)
|raw|LionX_Pro's rating: 1322 &rarr; <strong>1341</strong><br />(+19 for winning)
