|j|☆UndisputedGod
|j|☆hi im squid
|t:|1760455300
|gametype|singles
|player|p1|UndisputedGod|101|1269
|player|p2|hi im squid|unknown|1229
|gen|9
|tier|[Gen 9] OU
|rated|
|rule|HP Percentage Mod: HP is shown in percentages
|rule|Endless Battle Clause: Forcing endless battles is banned
|rule|Species Clause: Limit one of each Pokémon
|rule|OHKO Clause: OHKO moves are banned
|rule|Evasion Items Clause: Evasion items are banned
|rule|Evasion Moves Clause: Evasion moves are banned
|rule|Evasion Abilities Clause: Evasion abilities are banned
|rule|Sleep Moves Clause: Sleep-inducing moves are banned
|clearpoke
|poke|p1|Ninetales, F|
|poke|p1|Dragonite, M|
|poke|p1|Walking Wake|
|poke|p1|Great Tusk|
|poke|p1|Cinderace, M|
|poke|p1|Cresselia, F|
|poke|p2|Metagross|
|poke|p2|Forretress, F|
|poke|p2|Slither Wing|
|poke|p2|Basculegion-F, F|
|poke|p2|Glimmora, M|
|poke|p2|Magneton|
|teampreview
|inactive|Battle timer is ON: inactive players will automatically lose when time's up. (requested by hi im squid)
|
|t:|1760455312
|teamsize|p1|6
|teamsize|p2|6
|start
|switch|p1a: Cinderace|Cinderace, M|100/100
|switch|p2a: Basculegion|Basculegion-F, F, shiny|100/100
|turn|1
|
|t:|1760455317
|move|p1a: Cinderace|U-turn|p2a: Basculegion
|-start|p1a: Cinderace|typechange|Bug|[from] ability: Libero
|-resisted|p2a: Basculegion
|-damage|p2a: Basculegion|82/100
|
|t:|1760455320
|switch|p1a: Ninetales|Ninetales, F, shiny|100/100|[from] U-turn
|-weather|SunnyDay|[from] ability: Drought|[of] p1a: Ninetales
|move|p2a: Basculegion|Surf|p1a: Ninetales
|-supereffective|p1a: Ninetales
|-damage|p1a: Ninetales|55/100
|
|-weather|SunnyDay|[upkeep]
|upkeep
|turn|2
|
|t:|1760455334
|switch|p1a: Walking Wake|Walking Wake|100/100
|-activate|p1a: Walking Wake|ability: Protosynthesis
|-start|p1a: Walking Wake|protosynthesisspa
|move|p2a: Basculegion|Hydro Pump|p1a: Walking Wake
|-resisted|p1a: Walking Wake
|-damage|p1a: Walking Wake|93/100
|
|-weather|SunnyDay|[upkeep]
|upkeep
|turn|3
|
|t:|1760455340
|move|p1a: Walking Wake|Hydro Steam|p2a: Basculegion
|-resisted|p2a: Basculegion
|-damage|p2a: Basculegion|53/100
|move|p2a: Basculegion|Shadow Ball|p1a: Walking Wake
|-damage|p1a: Walking Wake|47/100
|
|-weather|SunnyDay|[upkeep]
|upkeep
|turn|4
|
|t:|1760455349
|move|p1a: Walking Wake|Hydro Steam|p2a: Basculegion
|-resisted|p2a: Basculegion
|-damage|p2a: Basculegion|23/100
|move|p2a: Basculegion|Shadow Ball|p1a: Walking Wake
|-damage|p1a: Walking Wake|1/100
|
|-weather|SunnyDay|[upkeep]
|upkeep
|turn|5
|
|t:|1760455356
|move|p1a: Walking Wake|Hydro Steam|p2a: Basculegion
|-resisted|p2a: Basculegion
|-damage|p2a: Basculegion|0 fnt
|faint|p2a: Basculegion
|
|-weather|SunnyDay|[upkeep]
|upkeep
|
|t:|1760455359
|switch|p2a: Glimmora|Glimmora, M, shiny|100/100
|turn|6
|
|t:|1760455362
|move|p2a: Glimmora|Power Gem|p1a: Walking Wake
|-damage|p1a: Walking Wake|0 fnt
|faint|p1a: Walking Wake
|-end|p1a: Walking Wake|Protosynthesis|[silent]
|
|-weather|SunnyDay|[upkeep]
|upkeep
|
|t:|1760455374
|switch|p1a: Great Tusk|Great Tusk|100/100
|-activate|p1a: Great Tusk|ability: Protosynthesis
|-start|p1a: Great Tusk|protosynthesisspe
|turn|7
|
|t:|1760455382
|switch|p2a: Metagross|Metagross|100/100
|move|p1a: Great Tusk|Headlong Rush|p2a: Metagross
|-supereffective|p2a: Metagross
|-crit|p2a: Metagross
|-damage|p2a: Metagross|0 fnt
|-unboost|p1a: Great Tusk|def|1
|-unboost|p1a: Great Tusk|spd|1
|faint|p2a: Metagross
|-enditem|p1a: Great Tusk|Eject Pack
|
|t:|1760455398
|-end|p1a: Great Tusk|Protosynthesis|[silent]
|switch|p1a: Cinderace|Cinderace, M|100/100
|
|-weather|SunnyDay|[upkeep]
|upkeep
|
|t:|1760455408
|switch|p2a: Forretress|Forretress, F|100/100
|turn|8
|
|t:|1760455425
|move|p1a: Cinderace|Pyro Ball|p2a: Forretress
|-supereffective|p2a: Forretress
|-ability|p2a: Forretress|Sturdy
|-damage|p2a: Forretress|1/100
|-enditem|p2a: Forretress|Red Card|[of] p1a: Cinderace
|drag|p1a: Great Tusk|Great Tusk|100/100
|-activate|p1a: Great Tusk|ability: Protosynthesis
|-start|p1a: Great Tusk|protosynthesisspe
|move|p2a: Forretress|Stealth Rock|p1a: Great Tusk
|-sidestart|p1: UndisputedGod|move: Stealth Rock
|
|-weather|none
|-end|p1a: Great Tusk|Protosynthesis
|upkeep
|turn|9
|
|t:|1760455434
|move|p1a: Great Tusk|Rapid Spin|p2a: Forretress
|-resisted|p2a: Forretress
|-damage|p2a: Forretress|0 fnt
|-boost|p1a: Great Tusk|spe|1
|-sideend|p1: UndisputedGod|Stealth Rock|[from] move: Rapid Spin|[of] p1a: Great Tusk
|faint|p2a: Forretress
|
|upkeep
|
|t:|1760455436
|switch|p2a: Slither Wing|Slither Wing|100/100
|-enditem|p2a: Slither Wing|Booster Energy
|-activate|p2a: Slither Wing|ability: Protosynthesis|[fromitem]
|-start|p2a: Slither Wing|protosynthesisatk
|turn|10
|inactive|UndisputedGod has 120 seconds left.
|
|t:|1760455476
|move|p1a: Great Tusk|Close Combat|p2a: Slither Wing
|-resisted|p2a: Slither Wing
|-damage|p2a: Slither Wing|67/100
|-unboost|p1a: Great Tusk|def|1
|-unboost|p1a: Great Tusk|spd|1
|move|p2a: Slither Wing|Acrobatics|p1a: Great Tusk
|-supereffective|p1a: Great Tusk
|-damage|p1a: Great Tusk|2/100
|
|upkeep
|turn|11
|
|t:|1760455489
|move|p1a: Great Tusk|Headlong Rush|p2a: Slither Wing
|-resisted|p2a: Slither Wing
|-damage|p2a: Slither Wing|31/100
|-unboost|p1a: Great Tusk|def|1
|-unboost|p1a: Great Tusk|spd|1
|move|p2a: Slither Wing|Trailblaze|p1a: Great Tusk
|-supereffective|p1a: Great Tusk
|-damage|p1a: Great Tusk|0 fnt
|-boost|p2a: Slither Wing|spe|1
|faint|p1a: Great Tusk
|-end|p1a: Great Tusk|Protosynthesis|[silent]
|
|upkeep
|
|t:|1760455498
|switch|p1a: Cinderace|Cinderace, M|100/100
|turn|12
|
|t:|1760455501
|move|p1a: Cinderace|Pyro Ball|p2a: Slither Wing
|-supereffective|p2a: Slither Wing
|-damage|p2a: Slither Wing|0 fnt
|faint|p2a: Slither Wing
|-end|p2a: Slither Wing|Protosynthesis|[silent]
|
|upkeep
|
|t:|1760455507
|switch|p2a: Glimmora|Glimmora, M, shiny|100/100
|turn|13
|
|t:|1760455510
|switch|p1a: Cresselia|Cresselia, F|100/100
|move|p2a: Glimmora|Power Gem|p1a: Cresselia
|-damage|p1a: Cresselia|77/100
|-enditem|p1a: Cresselia|Eject Button
|
|t:|1760455515
|switch|p1a: Ninetales|Ninetales, F, shiny|55/100
|-weather|SunnyDay|[from] ability: Drought|[of] p1a: Ninetales
|
|-weather|SunnyDay|[upkeep]
|upkeep
|turn|14
|
|t:|1760455518
|switch|p1a: Cresselia|Cresselia, F|77/100
|move|p2a: Glimmora|Power Gem|p1a: Cresselia
|-damage|p1a: Cresselia|55/100
|
|-weather|SunnyDay|[upkeep]
|upkeep
|turn|15
|
|t:|1760455524
|switch|p2a: Magneton|Magneton|100/100
|move|p1a: Cresselia|Thunder Wave|p2a: Magneton
|-immune|p2a: Magneton
|
|-weather|SunnyDay|[upkeep]
|upkeep
|turn|16
|
|t:|1760455532
|move|p1a: Cresselia|Lunar Dance|p1a: Cresselia
|faint|p1a: Cresselia
|move|p2a: Magneton|Discharge|p1: Cresselia|[notarget]
|-fail|p2a: Magneton
|
|-weather|SunnyDay|[upkeep]
|upkeep
|
|t:|1760455535
|switch|p1a: Ninetales|Ninetales, F, shiny|55/100
|-heal|p1a: Ninetales|100/100|[from] move: Lunar Dance
|turn|17
|
|t:|1760455543
|move|p1a: Ninetales|Scorching Sands|p2a: Magneton
|-supereffective|p2a: Magneton
|-damage|p2a: Magneton|35/100
|move|p2a: Magneton|Discharge|p1a: Ninetales
|-damage|p1a: Ninetales|49/100
|
|-weather|SunnyDay|[upkeep]
|upkeep
|turn|18
|
|t:|1760455552
|-terastallize|p2a: Magneton|Flying
|move|p1a: Ninetales|Scorching Sands|p2a: Magneton
|-immune|p2a: Magneton
|move|p2a: Magneton|Discharge|p1a: Ninetales
|-damage|p1a: Ninetales|0 fnt
|faint|p1a: Ninetales
|
|-weather|SunnyDay|[upkeep]
|upkeep
|
|t:|1760455557
|switch|p1a: Cinderace|Cinderace, M|100/100
|turn|19
|
|t:|1760455561
|move|p1a: Cinderace|Pyro Ball|p2a: Magneton
|-damage|p2a: Magneton|0 fnt
|faint|p2a: Magneton
|
|-weather|SunnyDay|[upkeep]
|upkeep
|
|t:|1760455563
|switch|p2a: Glimmora|Glimmora, M, shiny|100/100
|turn|20
|
|t:|1760455567
|move|p1a: Cinderace|Pyro Ball|p2a: Glimmora
|-resisted|p2a: Glimmora
|-damage|p2a: Glimmora|53/100
|-activate|p2a: Glimmora|ability: Toxic Debris
|-sidestart|p1: UndisputedGod|move: Toxic Spikes
|move|p2a: Glimmora|Power Gem|p1a: Cinderace
|-supereffective|p1a: Cinderace
|-damage|p1a: Cinderace|0 fnt
|faint|p1a: Cinderace
|
|-weather|none
|upkeep
|
|t:|1760455569
|switch|p1a: Dragonite|Dragonite, M|100/100
|turn|21
|
|t:|1760455574
|-terastallize|p1a: Dragonite|Fairy
|move|p2a: Glimmora|Power Gem|p1a: Dragonite
|-damage|p1a: Dragonite|80/100
|move|p1a: Dragonite|Dragon Dance|p1a: Dragonite
|-boost|p1a: Dragonite|atk|1
|-boost|p1a: Dragonite|spe|1
|
|upkeep
|turn|22
|
|t:|1760455578
|move|p2a: Glimmora|Power Gem|p1a: Dragonite
|-damage|p1a: Dragonite|35/100
|move|p1a: Dragonite|Earthquake|p2a: Glimmora
|-supereffective|p2a: Glimmora
|-damage|p2a: Glimmora|0 fnt
|-activate|p2a: Glimmora|ability: Toxic Debris
|-sidestart|p1: UndisputedGod|move: Toxic Spikes
|faint|p2a: Glimmora
|
|win|UndisputedGod
|raw|UndisputedGod's rating: 1269 &rarr; <strong>1291</strong><br />(+22 for winning)
|raw|hi im squid's rating: 1229 &rarr; <strong>1207</strong><br />(-22 for losing)
|l|☆hi im squid
|player|p2|
|l|☆UndisputedGod
|player|p1|
