|j|☆Churrini
|j|☆Sibaknee
|t:|1760451736
|gametype|singles
|player|p1|Churrini|morty|1128
|player|p2|Sibaknee|carmine-festival|1175
|gen|9
|tier|[Gen 9] OU
|rated|
|rule|HP Percentage Mod: HP is shown in percentages
|rule|Endless Battle Clause: Forcing endless battles is banned
|rule|Species Clause: Limit one of each Pokémon
|rule|OHKO Clause: OHKO moves are banned
|rule|Evasion Items Clause: Evasion items are banned
|rule|Evasion Moves Clause: Evasion moves are banned
|rule|Evasion Abilities Clause: Evasion abilities are banned
|rule|Sleep Moves Clause: Sleep-inducing moves are banned
|clearpoke
|poke|p1|Dragapult, M|
|poke|p1|Glimmora, M|
|poke|p1|Comfey, F|
|poke|p1|Kingambit, M|
|poke|p1|Ogerpon-Wellspring, F|
|poke|p1|Blaziken, M|
|poke|p2|Hoopa-Unbound|
|poke|p2|Ursaluna, F|
|poke|p2|Hatterene, F|
|poke|p2|Mimikyu, F|
|poke|p2|Scizor, M|
|poke|p2|Iron Hands|
|teampreview
|inactive|Battle timer is ON: inactive players will automatically lose when time's up. (requested by Sibaknee)
|
|t:|1760451747
|teamsize|p1|6
|teamsize|p2|6
|start
|switch|p1a: Ogerpon|Ogerpon-Wellspring, F|100/100
|switch|p2a: Mimikyu|Mimikyu, F|100/100
|turn|1
|
|t:|1760451751
|move|p1a: Ogerpon|Taunt|p2a: Mimikyu
|-start|p2a: Mimikyu|move: Taunt
|cant|p2a: Mimikyu|move: Taunt|Trick Room
|
|upkeep
|turn|2
|
|t:|1760451761
|switch|p2a: Iron Hands|Iron Hands|100/100
|move|p1a: Ogerpon|U-turn|p2a: Iron Hands
|-resisted|p2a: Iron Hands
|-crit|p2a: Iron Hands
|-damage|p2a: Iron Hands|89/100
|
|t:|1760451776
|switch|p1a: Comfey|Comfey, F|100/100|[from] U-turn
|
|upkeep
|turn|3
|
|t:|1760451792
|-end|p2a: Iron Hands|Quark Drive|[silent]
|switch|p2a: Scizor|Scizor, M|100/100
|move|p1a: Comfey|Substitute|p1a: Comfey
|-start|p1a: Comfey|Substitute
|-damage|p1a: Comfey|76/100
|
|upkeep
|turn|4
|
|t:|1760451801
|move|p2a: Scizor|Bullet Punch|p1a: Comfey
|-supereffective|p1a: Comfey
|-end|p1a: Comfey|Substitute
|move|p1a: Comfey|Calm Mind|p1a: Comfey
|-boost|p1a: Comfey|spa|1
|-boost|p1a: Comfey|spd|1
|
|upkeep
|turn|5
|
|t:|1760451808
|-terastallize|p1a: Comfey|Ground
|move|p2a: Scizor|Bullet Punch|p1a: Comfey
|-damage|p1a: Comfey|34/100
|move|p1a: Comfey|Tera Blast|p2a: Scizor|[anim] Tera Blast Ground
|-damage|p2a: Scizor|30/100
|-damage|p1a: Comfey|24/100|[from] item: Life Orb
|
|upkeep
|turn|6
|
|t:|1760451817
|move|p2a: Scizor|Bullet Punch|p1a: Comfey
|-damage|p1a: Comfey|0 fnt
|faint|p1a: Comfey
|
|upkeep
|
|t:|1760451820
|switch|p1a: Ogerpon|Ogerpon-Wellspring, F|100/100
|turn|7
|
|t:|1760451825
|move|p1a: Ogerpon|Ivy Cudgel|p2a: Scizor|[anim] Ivy Cudgel Water
|-damage|p2a: Scizor|0 fnt
|faint|p2a: Scizor
|
|upkeep
|
|t:|1760451829
|switch|p2a: Mimikyu|Mimikyu, F|100/100
|turn|8
|
|t:|1760451834
|move|p1a: Ogerpon|Taunt|p2a: Mimikyu
|-start|p2a: Mimikyu|move: Taunt
|cant|p2a: Mimikyu|move: Taunt|Will-O-Wisp
|
|upkeep
|turn|9
|
|t:|1760451841
|move|p1a: Ogerpon|Ivy Cudgel|p2a: Mimikyu|[anim] Ivy Cudgel Water
|-activate|p2a: Mimikyu|ability: Disguise
|-damage|p2a: Mimikyu|100/100
|detailschange|p2a: Mimikyu|Mimikyu-Busted, F
|-damage|p2a: Mimikyu|88/100|[from] pokemon: Mimikyu-Busted
|move|p2a: Mimikyu|Play Rough|p1a: Ogerpon
|-damage|p1a: Ogerpon|35/100
|-damage|p2a: Mimikyu|78/100|[from] item: Life Orb
|
|upkeep
|turn|10
|
|t:|1760451851
|move|p1a: Ogerpon|Ivy Cudgel|p2a: Mimikyu|[anim] Ivy Cudgel Water
|-damage|p2a: Mimikyu|7/100
|move|p2a: Mimikyu|Play Rough|p1a: Ogerpon
|-damage|p1a: Ogerpon|0 fnt
|faint|p1a: Ogerpon
|-damage|p2a: Mimikyu|0 fnt|[from] item: Life Orb
|faint|p2a: Mimikyu
|
|upkeep
|
|t:|1760451862
|switch|p1a: Glimmora|Glimmora, M|100/100
|switch|p2a: Hatterene|Hatterene, F|100/100
|turn|11
|
|t:|1760451869
|move|p1a: Glimmora|Mortal Spin|p2a: Hatterene
|-supereffective|p2a: Hatterene
|-damage|p2a: Hatterene|87/100
|-status|p2a: Hatterene|psn
|move|p2a: Hatterene|Trick Room|p2a: Hatterene
|-fieldstart|move: Trick Room|[of] p2a: Hatterene
|
|-damage|p2a: Hatterene|74/100 psn|[from] psn
|upkeep
|turn|12
|
|t:|1760451877
|move|p2a: Hatterene|Psychic Noise|p1a: Glimmora
|-supereffective|p1a: Glimmora
|-damage|p1a: Glimmora|0 fnt
|faint|p1a: Glimmora
|
|-damage|p2a: Hatterene|62/100 psn|[from] psn
|upkeep
|
|t:|1760451881
|switch|p1a: Kingambit|Kingambit, M|100/100
|-activate|p1a: Kingambit|ability: Supreme Overlord
|-start|p1a: Kingambit|fallen3|[silent]
|turn|13
|
|t:|1760451887
|move|p2a: Hatterene|Nuzzle|p1a: Kingambit
|-damage|p1a: Kingambit|98/100
|-status|p1a: Kingambit|par
|move|p1a: Kingambit|Swords Dance|p1a: Kingambit
|-boost|p1a: Kingambit|atk|2
|
|-heal|p1a: Kingambit|100/100 par|[from] item: Leftovers
|-damage|p2a: Hatterene|50/100 psn|[from] psn
|upkeep
|turn|14
|
|t:|1760451899
|switch|p2a: Iron Hands|Iron Hands|89/100
|move|p1a: Kingambit|Iron Head|p2a: Iron Hands
|-resisted|p2a: Iron Hands
|-damage|p2a: Iron Hands|50/100
|-enditem|p2a: Iron Hands|Sitrus Berry|[eat]
|-heal|p2a: Iron Hands|75/100|[from] item: Sitrus Berry
|
|upkeep
|turn|15
|
|t:|1760451907
|move|p1a: Kingambit|Kowtow Cleave|p2a: Iron Hands
|-resisted|p2a: Iron Hands
|-damage|p2a: Iron Hands|37/100
|move|p2a: Iron Hands|Drain Punch|p1a: Kingambit
|-supereffective|p1a: Kingambit
|-damage|p1a: Kingambit|0 fnt
|-heal|p2a: Iron Hands|76/100|[from] drain|[of] p1a: Kingambit
|faint|p1a: Kingambit
|-end|p1a: Kingambit|fallen3|[silent]
|
|-fieldend|move: Trick Room
|upkeep
|
|t:|1760451913
|switch|p1a: Blaziken|Blaziken, M, shiny|100/100
|turn|16
|
|t:|1760451920
|move|p1a: Blaziken|Swords Dance|p1a: Blaziken
|-boost|p1a: Blaziken|atk|2
|move|p2a: Iron Hands|Belly Drum|p2a: Iron Hands
|-damage|p2a: Iron Hands|26/100
|-setboost|p2a: Iron Hands|atk|6|[from] move: Belly Drum
|
|-ability|p1a: Blaziken|Speed Boost|boost
|-boost|p1a: Blaziken|spe|1
|upkeep
|turn|17
|
|t:|1760451929
|-terastallize|p2a: Iron Hands|Flying
|move|p1a: Blaziken|Close Combat|p2a: Iron Hands
|-resisted|p2a: Iron Hands
|-damage|p2a: Iron Hands|0 fnt
|-unboost|p1a: Blaziken|def|1
|-unboost|p1a: Blaziken|spd|1
|faint|p2a: Iron Hands
|-end|p2a: Iron Hands|Quark Drive|[silent]
|-damage|p1a: Blaziken|91/100|[from] item: Life Orb
|
|-ability|p1a: Blaziken|Speed Boost|boost
|-boost|p1a: Blaziken|spe|1
|upkeep
|
|t:|1760451941
|switch|p2a: Hoopa|Hoopa-Unbound|100/100
|turn|18
|
|t:|1760451947
|move|p1a: Blaziken|Flare Blitz|p2a: Hoopa
|-crit|p2a: Hoopa
|-damage|p2a: Hoopa|0 fnt
|faint|p2a: Hoopa
|-damage|p1a: Blaziken|51/100|[from] Recoil
|-damage|p1a: Blaziken|41/100|[from] item: Life Orb
|
|-ability|p1a: Blaziken|Speed Boost|boost
|-boost|p1a: Blaziken|spe|1
|upkeep
|-message|Sibaknee forfeited.
|
|win|Churrini
|raw|Churrini's rating: 1128 &rarr; <strong>1156</strong><br />(+28 for winning)
|raw|Sibaknee's rating: 1175 &rarr; <strong>1147</strong><br />(-28 for losing)
|l|☆Sibaknee
|player|p2|
