|j|☆eternamax tinkaton
|j|☆temporarylight
|t:|1760457420
|gametype|singles
|player|p1|eternamax tinkaton|miku-ghost|1477
|player|p2|temporarylight|rika|1500
|gen|9
|tier|[Gen 9] OU
|rated|
|rule|HP Percentage Mod: HP is shown in percentages
|rule|Endless Battle Clause: Forcing endless battles is banned
|rule|Species Clause: Limit one of each Pokémon
|rule|OHKO Clause: OHKO moves are banned
|rule|Evasion Items Clause: Evasion items are banned
|rule|Evasion Moves Clause: Evasion moves are banned
|rule|Evasion Abilities Clause: Evasion abilities are banned
|rule|Sleep Moves Clause: Sleep-inducing moves are banned
|clearpoke
|poke|p1|Dragapult, F|
|poke|p1|Ogerpon-Wellspring, F|
|poke|p1|Latias, F|
|poke|p1|Slowking-Galar, M|
|poke|p1|Enamorus, F|
|poke|p1|Iron Treads|
|poke|p2|Tyranitar, M|
|poke|p2|Clefable, M|
|poke|p2|Darkrai|
|poke|p2|Rillaboom, M|
|poke|p2|Corviknight, F|
|poke|p2|Great Tusk|
|teampreview
|
|t:|1760457456
|teamsize|p1|6
|teamsize|p2|6
|start
|switch|p1a: Ogerpon|Ogerpon-Wellspring, F|100/100
|switch|p2a: Great Tusk|Great Tusk|100/100
|turn|1
|
|t:|1760457475
|move|p2a: Great Tusk|Close Combat|p1a: Ogerpon
|-crit|p1a: Ogerpon
|-damage|p1a: Ogerpon|0 fnt
|-unboost|p2a: Great Tusk|def|1
|-unboost|p2a: Great Tusk|spd|1
|faint|p1a: Ogerpon
|
|upkeep
|c|☆temporarylight|mb
|c|☆eternamax tinkaton|its ok..
|
|t:|1760457489
|switch|p1a: Dragapult|Dragapult, F|100/100
|turn|2
|
|t:|1760457493
|-end|p2a: Great Tusk|Protosynthesis|[silent]
|switch|p2a: Clefable|Clefable, M|100/100
|move|p1a: Dragapult|U-turn|p2a: Clefable
|-resisted|p2a: Clefable
|-damage|p2a: Clefable|80/100
|
|t:|1760457506
|switch|p1a: Slowking|Slowking-Galar, M|100/100|[from] U-turn
|
|-heal|p2a: Clefable|86/100|[from] item: Leftovers
|upkeep
|turn|3
|
|t:|1760457523
|move|p2a: Clefable|Stealth Rock|p1a: Slowking
|-sidestart|p1: eternamax tinkaton|move: Stealth Rock
|-prepare|p1a: Slowking|Chilly Reception|[premajor]
|move|p1a: Slowking|Chilly Reception|p1a: Slowking
|-weather|Snowscape
|inactive|Battle timer is ON: inactive players will automatically lose when time's up. (requested by temporarylight)
|
|t:|1760457528
|switch|p1a: Iron Treads|Iron Treads|100/100|[from] Chilly Reception
|-damage|p1a: Iron Treads|97/100|[from] Stealth Rock
|
|-weather|Snowscape|[upkeep]
|-heal|p2a: Clefable|92/100|[from] item: Leftovers
|upkeep
|turn|4
|
|t:|1760457552
|switch|p2a: Great Tusk|Great Tusk|100/100
|move|p1a: Iron Treads|Rapid Spin|p2a: Great Tusk
|-damage|p2a: Great Tusk|89/100
|-boost|p1a: Iron Treads|spe|1
|-sideend|p1: eternamax tinkaton|Stealth Rock|[from] move: Rapid Spin|[of] p1a: Iron Treads
|
|-weather|Snowscape|[upkeep]
|upkeep
|turn|5
|
|t:|1760457572
|-end|p1a: Iron Treads|Quark Drive|[silent]
|switch|p1a: Enamorus|Enamorus, F|100/100
|move|p2a: Great Tusk|Close Combat|p1a: Enamorus
|-resisted|p1a: Enamorus
|-damage|p1a: Enamorus|74/100
|-unboost|p2a: Great Tusk|def|1
|-unboost|p2a: Great Tusk|spd|1
|
|-weather|Snowscape|[upkeep]
|upkeep
|turn|6
|
|t:|1760457579
|-end|p2a: Great Tusk|Protosynthesis|[silent]
|switch|p2a: Clefable|Clefable, M|92/100
|move|p1a: Enamorus|Mystical Fire|p2a: Clefable
|-damage|p2a: Clefable|66/100
|-unboost|p2a: Clefable|spa|1
|
|-weather|Snowscape|[upkeep]
|-heal|p2a: Clefable|73/100|[from] item: Leftovers
|upkeep
|turn|7
|
|t:|1760457586
|switch|p1a: Latias|Latias, F|100/100
|move|p2a: Clefable|Wish|p2a: Clefable
|
|-weather|none
|-heal|p2a: Clefable|79/100|[from] item: Leftovers
|upkeep
|turn|8
|
|t:|1760457602
|switch|p2a: Tyranitar|Tyranitar, M|100/100
|-weather|Sandstorm|[from] ability: Sand Stream|[of] p2a: Tyranitar
|move|p1a: Latias|Agility|p1a: Latias
|-boost|p1a: Latias|spe|2
|
|-weather|Sandstorm|[upkeep]
|-damage|p1a: Latias|94/100|[from] Sandstorm
|upkeep
|turn|9
|
|t:|1760457614
|move|p1a: Latias|Aura Sphere|p2a: Tyranitar
|-supereffective|p2a: Tyranitar
|-damage|p2a: Tyranitar|31/100
|move|p2a: Tyranitar|Stone Edge|p1a: Latias
|-damage|p1a: Latias|0 fnt
|faint|p1a: Latias
|
|-weather|Sandstorm|[upkeep]
|upkeep
|
|t:|1760457622
|switch|p1a: Dragapult|Dragapult, F|100/100
|turn|10
|
|t:|1760457628
|switch|p2a: Corviknight|Corviknight, F|100/100
|-ability|p2a: Corviknight|Pressure
|move|p1a: Dragapult|U-turn|p2a: Corviknight
|-resisted|p2a: Corviknight
|-damage|p2a: Corviknight|96/100
|-damage|p1a: Dragapult|84/100|[from] item: Rocky Helmet|[of] p2a: Corviknight
|
|t:|1760457641
|switch|p1a: Slowking|Slowking-Galar, M|100/100|[from] U-turn
|
|-weather|Sandstorm|[upkeep]
|-damage|p1a: Slowking|94/100|[from] Sandstorm
|upkeep
|turn|11
|
|t:|1760457646
|move|p2a: Corviknight|U-turn|p1a: Slowking
|-damage|p1a: Slowking|80/100
|
|t:|1760457651
|switch|p2a: Tyranitar|Tyranitar, M|31/100|[from] U-turn
|-prepare|p1a: Slowking|Chilly Reception|[premajor]
|move|p1a: Slowking|Chilly Reception|p1a: Slowking
|-weather|Snowscape
|
|t:|1760457666
|switch|p1a: Enamorus|Enamorus, F|74/100|[from] Chilly Reception
|
|-weather|Snowscape|[upkeep]
|upkeep
|turn|12
|
|t:|1760457682
|switch|p2a: Corviknight|Corviknight, F|96/100
|-ability|p2a: Corviknight|Pressure
|move|p1a: Enamorus|Moonblast|p2a: Corviknight
|-resisted|p2a: Corviknight
|-damage|p2a: Corviknight|57/100
|
|-weather|Snowscape|[upkeep]
|upkeep
|turn|13
|
|t:|1760457690
|move|p1a: Enamorus|Moonblast|p2a: Corviknight
|-resisted|p2a: Corviknight
|-damage|p2a: Corviknight|22/100
|move|p2a: Corviknight|Roost|p2a: Corviknight
|-heal|p2a: Corviknight|72/100
|-singleturn|p2a: Corviknight|move: Roost
|
|-weather|Snowscape|[upkeep]
|upkeep
|turn|14
|
|t:|1760457695
|move|p1a: Enamorus|Moonblast|p2a: Corviknight
|-resisted|p2a: Corviknight
|-damage|p2a: Corviknight|36/100
|move|p2a: Corviknight|Roost|p2a: Corviknight
|-heal|p2a: Corviknight|86/100
|-singleturn|p2a: Corviknight|move: Roost
|
|-weather|Snowscape|[upkeep]
|upkeep
|turn|15
|
|t:|1760457704
|switch|p1a: Iron Treads|Iron Treads|97/100
|move|p2a: Corviknight|Roost|p2a: Corviknight
|-heal|p2a: Corviknight|100/100
|-singleturn|p2a: Corviknight|move: Roost
|
|-weather|none
|upkeep
|turn|16
|
|t:|1760457711
|move|p1a: Iron Treads|Volt Switch|p2a: Corviknight
|-supereffective|p2a: Corviknight
|-damage|p2a: Corviknight|78/100
|
|t:|1760457715
|-end|p1a: Iron Treads|Quark Drive|[silent]
|switch|p1a: Slowking|Slowking-Galar, M|100/100|[from] Volt Switch
|move|p2a: Corviknight|U-turn|p1a: Slowking
|-damage|p1a: Slowking|85/100
|
|t:|1760457721
|switch|p2a: Tyranitar|Tyranitar, M|31/100|[from] U-turn
|-weather|Sandstorm|[from] ability: Sand Stream|[of] p2a: Tyranitar
|
|-weather|Sandstorm|[upkeep]
|-damage|p1a: Slowking|79/100|[from] Sandstorm
|upkeep
|turn|17
|
|t:|1760457745
|switch|p1a: Iron Treads|Iron Treads|97/100
|move|p2a: Tyranitar|Knock Off|p1a: Iron Treads
|-crit|p1a: Iron Treads
|-damage|p1a: Iron Treads|6/100
|-enditem|p1a: Iron Treads|Assault Vest|[from] move: Knock Off|[of] p2a: Tyranitar
|
|-weather|Sandstorm|[upkeep]
|upkeep
|turn|18
|
|t:|1760457755
|switch|p2a: Rillaboom|Rillaboom, M|100/100
|-fieldstart|move: Grassy Terrain|[from] ability: Grassy Surge|[of] p2a: Rillaboom
|move|p1a: Iron Treads|Volt Switch|p2a: Rillaboom
|-resisted|p2a: Rillaboom
|-damage|p2a: Rillaboom|94/100
|
|t:|1760457767
|-end|p1a: Iron Treads|Quark Drive|[silent]
|switch|p1a: Enamorus|Enamorus, F|74/100|[from] Volt Switch
|
|-weather|Sandstorm|[upkeep]
|-damage|p1a: Enamorus|68/100|[from] Sandstorm
|-damage|p2a: Rillaboom|88/100|[from] Sandstorm
|-heal|p2a: Rillaboom|94/100|[from] Grassy Terrain
|upkeep
|turn|19
|
|t:|1760457781
|switch|p2a: Clefable|Clefable, M|79/100
|move|p1a: Enamorus|Mystical Fire|p2a: Clefable
|-damage|p2a: Clefable|50/100
|-unboost|p2a: Clefable|spa|1
|
|-weather|Sandstorm|[upkeep]
|-damage|p1a: Enamorus|62/100|[from] Sandstorm
|-heal|p2a: Clefable|57/100|[from] Grassy Terrain
|-heal|p2a: Clefable|63/100|[from] item: Leftovers
|upkeep
|turn|20
|
|t:|1760457792
|move|p1a: Enamorus|Mystical Fire|p2a: Clefable
|-damage|p2a: Clefable|36/100
|-unboost|p2a: Clefable|spa|1
|move|p2a: Clefable|Wish|p2a: Clefable
|
|-weather|none
|-heal|p2a: Clefable|42/100|[from] Grassy Terrain
|-heal|p2a: Clefable|48/100|[from] item: Leftovers
|upkeep
|turn|21
|
|t:|1760457800
|switch|p1a: Slowking|Slowking-Galar, M|100/100
|move|p2a: Clefable|Stealth Rock|p1a: Slowking
|-sidestart|p1: eternamax tinkaton|move: Stealth Rock
|
|-heal|p2a: Clefable|98/100|[from] move: Wish|[wisher] Clefable
|-heal|p2a: Clefable|100/100|[from] Grassy Terrain
|upkeep
|turn|22
|
|t:|1760457807
|move|p2a: Clefable|Wish|p2a: Clefable
|-prepare|p1a: Slowking|Chilly Reception|[premajor]
|move|p1a: Slowking|Chilly Reception|p1a: Slowking
|-weather|Snowscape
|
|t:|1760457810
|switch|p1a: Iron Treads|Iron Treads|6/100|[from] Chilly Reception
|-damage|p1a: Iron Treads|3/100|[from] Stealth Rock
|
|-weather|Snowscape|[upkeep]
|-heal|p1a: Iron Treads|9/100|[from] Grassy Terrain
|upkeep
|turn|23
|
|t:|1760457823
|switch|p2a: Corviknight|Corviknight, F|78/100
|-ability|p2a: Corviknight|Pressure
|move|p1a: Iron Treads|Volt Switch|p2a: Corviknight
|-supereffective|p2a: Corviknight
|-damage|p2a: Corviknight|58/100
|
|t:|1760457840
|-end|p1a: Iron Treads|Quark Drive|[silent]
|switch|p1a: Enamorus|Enamorus, F|62/100|[from] Volt Switch
|-damage|p1a: Enamorus|37/100|[from] Stealth Rock
|
|-weather|Snowscape|[upkeep]
|-heal|p2a: Corviknight|100/100|[from] move: Wish|[wisher] Clefable
|upkeep
|turn|24
|
|t:|1760457849
|move|p1a: Enamorus|Moonblast|p2a: Corviknight
|-resisted|p2a: Corviknight
|-damage|p2a: Corviknight|64/100
|move|p2a: Corviknight|U-turn|p1a: Enamorus
|-resisted|p1a: Enamorus
|-damage|p1a: Enamorus|31/100
|
|t:|1760457860
|switch|p2a: Clefable|Clefable, M|100/100|[from] U-turn
|
|-weather|Snowscape|[upkeep]
|upkeep
|turn|25
|
|t:|1760457862
|move|p1a: Enamorus|Moonblast|p2a: Clefable
|-damage|p2a: Clefable|50/100
|move|p2a: Clefable|Moonblast|p1a: Enamorus
|-damage|p1a: Enamorus|0 fnt
|faint|p1a: Enamorus
|
|-weather|Snowscape|[upkeep]
|-heal|p2a: Clefable|56/100|[from] Grassy Terrain
|-heal|p2a: Clefable|62/100|[from] item: Leftovers
|-fieldend|move: Grassy Terrain
|upkeep
|
|t:|1760457869
|switch|p1a: Iron Treads|Iron Treads|9/100
|-damage|p1a: Iron Treads|6/100|[from] Stealth Rock
|turn|26
|inactive|temporarylight has 120 seconds left.
|
|t:|1760457923
|move|p1a: Iron Treads|Rapid Spin|p2a: Clefable
|-damage|p2a: Clefable|42/100
|-boost|p1a: Iron Treads|spe|1
|-sideend|p1: eternamax tinkaton|Stealth Rock|[from] move: Rapid Spin|[of] p1a: Iron Treads
|move|p2a: Clefable|Wish|p2a: Clefable
|
|-weather|none
|-heal|p2a: Clefable|48/100|[from] item: Leftovers
|upkeep
|turn|27
|
|t:|1760457930
|move|p1a: Iron Treads|Knock Off|p2a: Clefable
|-resisted|p2a: Clefable
|-damage|p2a: Clefable|28/100
|-enditem|p2a: Clefable|Leftovers|[from] move: Knock Off|[of] p1a: Iron Treads
|move|p2a: Clefable|Moonblast|p1a: Iron Treads
|-resisted|p1a: Iron Treads
|-damage|p1a: Iron Treads|0 fnt
|faint|p1a: Iron Treads
|-end|p1a: Iron Treads|Quark Drive|[silent]
|
|-heal|p2a: Clefable|78/100|[from] move: Wish|[wisher] Clefable
|upkeep
|
|t:|1760457936
|switch|p1a: Dragapult|Dragapult, F|84/100
|turn|28
|
|t:|1760457941
|move|p2a: Clefable|Protect|p2a: Clefable
|-singleturn|p2a: Clefable|Protect
|move|p1a: Dragapult|U-turn|p2a: Clefable
|-activate|p2a: Clefable|move: Protect
|
|upkeep
|turn|29
|
|t:|1760457951
|move|p1a: Dragapult|U-turn|p2a: Clefable
|-resisted|p2a: Clefable
|-damage|p2a: Clefable|60/100
|
|t:|1760457954
|switch|p1a: Slowking|Slowking-Galar, M|100/100|[from] U-turn
|move|p2a: Clefable|Wish|p2a: Clefable
|
|upkeep
|turn|30
|
|t:|1760457960
|switch|p2a: Tyranitar|Tyranitar, M|31/100
|-weather|Sandstorm|[from] ability: Sand Stream|[of] p2a: Tyranitar
|move|p1a: Slowking|Future Sight|p2a: Tyranitar
|-start|p1a: Slowking|move: Future Sight
|
|-weather|Sandstorm|[upkeep]
|-damage|p1a: Slowking|94/100|[from] Sandstorm
|-heal|p2a: Tyranitar|89/100|[from] move: Wish|[wisher] Clefable
|upkeep
|turn|31
|
|t:|1760457968
|-terastallize|p1a: Slowking|Water
|move|p2a: Tyranitar|Knock Off|p1a: Slowking
|-damage|p1a: Slowking|6/100
|-enditem|p1a: Slowking|Heavy-Duty Boots|[from] move: Knock Off|[of] p2a: Tyranitar
|-prepare|p1a: Slowking|Chilly Reception|[premajor]
|move|p1a: Slowking|Chilly Reception|p1a: Slowking
|-weather|Snowscape
|
|t:|1760457971
|switch|p1a: Dragapult|Dragapult, F|84/100|[from] Chilly Reception
|
|-weather|Snowscape|[upkeep]
|upkeep
|turn|32
|
|t:|1760457978
|switch|p2a: Corviknight|Corviknight, F|64/100
|-ability|p2a: Corviknight|Pressure
|move|p1a: Dragapult|Dragon Darts|p2a: Corviknight
|-resisted|p2a: Corviknight
|-damage|p2a: Corviknight|53/100
|-anim|p1a: Dragapult|Dragon Darts|p2a: Corviknight
|-resisted|p2a: Corviknight
|-damage|p2a: Corviknight|42/100
|
|-weather|Snowscape|[upkeep]
|-end|p2a: Corviknight|move: Future Sight
|-resisted|p2a: Corviknight
|-damage|p2a: Corviknight|20/100
|upkeep
|turn|33
|
|t:|1760457984
|switch|p1a: Slowking|Slowking-Galar, M, tera:Water|39/100
|switch|p2a: Great Tusk|Great Tusk|89/100
|
|-weather|Snowscape|[upkeep]
|upkeep
|turn|34
|
|t:|1760457994
|move|p2a: Great Tusk|Headlong Rush|p1a: Slowking
|-damage|p1a: Slowking|0 fnt
|-unboost|p2a: Great Tusk|def|1
|-unboost|p2a: Great Tusk|spd|1
|faint|p1a: Slowking
|
|-weather|Snowscape|[upkeep]
|upkeep
|
|t:|1760457995
|switch|p1a: Dragapult|Dragapult, F|84/100
|turn|35
|
|t:|1760457997
|move|p2a: Great Tusk|Headlong Rush|p1a: Dragapult
|-damage|p1a: Dragapult|0 fnt
|-unboost|p2a: Great Tusk|def|1
|-unboost|p2a: Great Tusk|spd|1
|faint|p1a: Dragapult
|
|win|temporarylight
|raw|eternamax tinkaton's rating: 1477 &rarr; <strong>1458</strong><br />(-19 for losing)
|raw|temporarylight's rating: 1500 &rarr; <strong>1519</strong><br />(+19 for winning)
|l|☆eternamax tinkaton
|player|p1|
|l|☆temporarylight
|player|p2|
