|j|☆Edward Wang
|j|☆ennvee98
|t:|1760416508
|gametype|singles
|player|p1|Edward Wang|preschooler|1218
|player|p2|ennvee98|102|1291
|gen|9
|tier|[Gen 9] OU
|rated|
|rule|HP Percentage Mod: HP is shown in percentages
|rule|Endless Battle Clause: Forcing endless battles is banned
|rule|Species Clause: Limit one of each Pokémon
|rule|OHKO Clause: OHKO moves are banned
|rule|Evasion Items Clause: Evasion items are banned
|rule|Evasion Moves Clause: Evasion moves are banned
|rule|Evasion Abilities Clause: Evasion abilities are banned
|rule|Sleep Moves Clause: Sleep-inducing moves are banned
|clearpoke
|poke|p1|Garganacl, F|
|poke|p1|Jirachi|
|poke|p1|Serperior, M|
|poke|p1|Landorus-Therian, M|
|poke|p1|Blissey, F|
|poke|p1|Weezing-Galar, F|
|poke|p2|Slowking-Galar, F|
|poke|p2|Kyurem|
|poke|p2|Great Tusk|
|poke|p2|Moltres|
|poke|p2|Kingambit, F|
|poke|p2|Iron Valiant|
|teampreview
|
|t:|1760416533
|teamsize|p1|6
|teamsize|p2|6
|start
|switch|p1a: Landorus|Landorus-Therian, M|100/100
|switch|p2a: Kyurem|Kyurem|100/100
|-ability|p1a: Landorus|Intimidate|boost
|-unboost|p2a: Kyurem|atk|1
|-ability|p2a: Kyurem|Pressure
|turn|1
|
|t:|1760416546
|switch|p1a: Weezing|Weezing-Galar, F|100/100
|-ability|p1a: Weezing|Neutralizing Gas
|move|p2a: Kyurem|Freeze-Dry|p1a: Weezing
|-damage|p1a: Weezing|36/100
|-status|p1a: Weezing|frz
|
|upkeep
|turn|2
|
|t:|1760416555
|move|p2a: Kyurem|Freeze-Dry|p1a: Weezing
|-damage|p1a: Weezing|0 fnt
|faint|p1a: Weezing
|-end|p1a: Weezing|ability: Neutralizing Gas
|-ability|p2a: Kyurem|Pressure
|
|upkeep
|
|t:|1760416559
|switch|p1a: Blissey|Blissey, F, shiny|100/100
|turn|3
|
|t:|1760416576
|switch|p2a: Great Tusk|Great Tusk|100/100
|move|p1a: Blissey|Flamethrower|p2a: Great Tusk
|-damage|p2a: Great Tusk|48/100
|
|upkeep
|turn|4
|
|t:|1760416587
|move|p2a: Great Tusk|Stealth Rock|p1a: Blissey
|-sidestart|p1: Edward Wang|move: Stealth Rock
|move|p1a: Blissey|Flamethrower|p2a: Great Tusk
|-damage|p2a: Great Tusk|0 fnt
|faint|p2a: Great Tusk
|-end|p2a: Great Tusk|Protosynthesis|[silent]
|
|upkeep
|
|t:|1760416594
|switch|p2a: Iron Valiant|Iron Valiant|100/100
|-enditem|p2a: Iron Valiant|Booster Energy
|-activate|p2a: Iron Valiant|ability: Quark Drive|[fromitem]
|-start|p2a: Iron Valiant|quarkdrivespe
|turn|5
|
|t:|1760416600
|-terastallize|p1a: Blissey|Ghost
|move|p2a: Iron Valiant|Close Combat|p1a: Blissey
|-immune|p1a: Blissey
|move|p1a: Blissey|Flamethrower|p2a: Iron Valiant
|-damage|p2a: Iron Valiant|25/100
|
|upkeep
|turn|6
|
|t:|1760416609
|move|p2a: Iron Valiant|Knock Off|p1a: Blissey
|-supereffective|p1a: Blissey
|-damage|p1a: Blissey|0 fnt
|-enditem|p1a: Blissey|Choice Specs|[from] move: Knock Off|[of] p2a: Iron Valiant
|faint|p1a: Blissey
|
|upkeep
|
|t:|1760416617
|switch|p1a: Landorus|Landorus-Therian, M|100/100
|-damage|p1a: Landorus|88/100|[from] Stealth Rock
|-ability|p1a: Landorus|Intimidate|boost
|-unboost|p2a: Iron Valiant|atk|1
|turn|7
|
|t:|1760416637
|move|p2a: Iron Valiant|Moonblast|p1a: Landorus
|-damage|p1a: Landorus|28/100
|-unboost|p1a: Landorus|spa|1
|move|p1a: Landorus|Stone Edge|p2a: Iron Valiant
|-resisted|p2a: Iron Valiant
|-damage|p2a: Iron Valiant|0 fnt
|faint|p2a: Iron Valiant
|-end|p2a: Iron Valiant|Quark Drive|[silent]
|
|upkeep
|
|t:|1760416647
|switch|p2a: Kyurem|Kyurem|100/100
|-ability|p2a: Kyurem|Pressure
|turn|8
|
|t:|1760416680
|move|p1a: Landorus|Stone Edge|p2a: Kyurem
|-supereffective|p2a: Kyurem
|-damage|p2a: Kyurem|22/100
|move|p2a: Kyurem|Freeze-Dry|p1a: Landorus
|-supereffective|p1a: Landorus
|-damage|p1a: Landorus|0 fnt
|faint|p1a: Landorus
|
|upkeep
|
|t:|1760416686
|switch|p1a: Jirachi|Jirachi|100/100
|-damage|p1a: Jirachi|94/100|[from] Stealth Rock
|turn|9
|
|t:|1760416691
|switch|p2a: Kingambit|Kingambit, F|100/100
|-activate|p2a: Kingambit|ability: Supreme Overlord
|-start|p2a: Kingambit|fallen2|[silent]
|move|p1a: Jirachi|Cosmic Power|p1a: Jirachi
|-boost|p1a: Jirachi|def|1
|-boost|p1a: Jirachi|spd|1
|
|upkeep
|turn|10
|
|t:|1760416699
|move|p1a: Jirachi|Drain Punch|p2a: Kingambit
|-supereffective|p2a: Kingambit
|-damage|p2a: Kingambit|53/100
|-heal|p1a: Jirachi|100/100|[from] drain|[of] p2a: Kingambit
|move|p2a: Kingambit|Swords Dance|p2a: Kingambit
|-boost|p2a: Kingambit|atk|2
|
|upkeep
|turn|11
|
|t:|1760416707
|move|p1a: Jirachi|Drain Punch|p2a: Kingambit
|-supereffective|p2a: Kingambit
|-damage|p2a: Kingambit|0 fnt
|faint|p2a: Kingambit
|-end|p2a: Kingambit|fallen2|[silent]
|
|upkeep
|-message|ennvee98 forfeited.
|
|win|Edward Wang
|raw|Edward Wang's rating: 1218 &rarr; <strong>1248</strong><br />(+30 for winning)
|raw|ennvee98's rating: 1291 &rarr; <strong>1261</strong><br />(-30 for losing)
|l|☆ennvee98
|player|p2|
