|j|☆sen zellsis
|j|☆i hate 2x crits
|t:|1760416683
|gametype|singles
|player|p1|sen zellsis|170|1611
|player|p2|i hate 2x crits|101|1565
|gen|9
|tier|[Gen 9] OU
|rated|
|rule|HP Percentage Mod: HP is shown in percentages
|rule|Endless Battle Clause: Forcing endless battles is banned
|rule|Species Clause: Limit one of each Pokémon
|rule|OHKO Clause: OHKO moves are banned
|rule|Evasion Items Clause: Evasion items are banned
|rule|Evasion Moves Clause: Evasion moves are banned
|rule|Evasion Abilities Clause: Evasion abilities are banned
|rule|Sleep Moves Clause: Sleep-inducing moves are banned
|clearpoke
|poke|p1|Tyranitar, M|
|poke|p1|Excadrill, F|
|poke|p1|Keldeo-Resolute|
|poke|p1|Tornadus-Therian, M|
|poke|p1|Heatran, M|
|poke|p1|Hydrapple, F|
|poke|p2|Araquanid, F|
|poke|p2|Latias, F|
|poke|p2|Dragonite, M|
|poke|p2|Great Tusk|
|poke|p2|Gholdengo|
|poke|p2|Samurott-Hisui, F|
|teampreview
|c|☆i hate 2x crits|gen 6 team with a hydrapple
|
|t:|1760416721
|teamsize|p1|6
|teamsize|p2|6
|start
|switch|p1a: Tornadus|Tornadus-Therian, M|100/100
|switch|p2a: Samurott|Samurott-Hisui, F|100/100
|turn|1
|
|t:|1760416743
|move|p1a: Tornadus|U-turn|p2a: Samurott
|-supereffective|p2a: Samurott
|-damage|p2a: Samurott|64/100
|
|t:|1760416748
|switch|p1a: Keldeo|Keldeo-Resolute|100/100|[from] U-turn
|move|p2a: Samurott|Ceaseless Edge|p1a: Keldeo
|-resisted|p1a: Keldeo
|-damage|p1a: Keldeo|75/100
|-ability|p1a: Keldeo|Justified|boost
|-boost|p1a: Keldeo|atk|1
|-sidestart|p1: sen zellsis|Spikes
|
|upkeep
|turn|2
|
|t:|1760416756
|switch|p2a: Araquanid|Araquanid, F|100/100
|move|p1a: Keldeo|Flip Turn|p2a: Araquanid
|-resisted|p2a: Araquanid
|-damage|p2a: Araquanid|93/100
|
|t:|1760416761
|switch|p1a: Tornadus|Tornadus-Therian, M|100/100|[from] Flip Turn
|
|upkeep
|turn|3
|
|t:|1760416765
|move|p1a: Tornadus|Taunt|p2a: Araquanid
|-start|p2a: Araquanid|move: Taunt
|-enditem|p2a: Araquanid|Mental Herb
|-end|p2a: Araquanid|move: Taunt
|move|p2a: Araquanid|Sticky Web|p1a: Tornadus
|-sidestart|p1: sen zellsis|move: Sticky Web
|
|upkeep
|turn|4
|
|t:|1760416790
|switch|p2a: Dragonite|Dragonite, M|100/100
|move|p1a: Tornadus|Bleakwind Storm|p2a: Dragonite
|-damage|p2a: Dragonite|80/100
|-unboost|p2a: Dragonite|spe|1
|
|upkeep
|turn|5
|
|t:|1760416797
|move|p1a: Tornadus|Taunt|p2a: Dragonite
|-start|p2a: Dragonite|move: Taunt
|move|p2a: Dragonite|Scale Shot|p1a: Tornadus
|-damage|p1a: Tornadus|85/100
|-damage|p1a: Tornadus|70/100
|-damage|p1a: Tornadus|56/100
|-damage|p1a: Tornadus|40/100
|-damage|p1a: Tornadus|24/100
|-hitcount|p1a: Tornadus|5
|-unboost|p2a: Dragonite|def|1
|-boost|p2a: Dragonite|spe|1
|
|upkeep
|turn|6
|
|t:|1760416811
|move|p1a: Tornadus|U-turn|p2a: Dragonite
|-resisted|p2a: Dragonite
|-damage|p2a: Dragonite|69/100
|
|t:|1760416813
|switch|p1a: Heatran|Heatran, M|100/100|[from] U-turn
|-damage|p1a: Heatran|88/100|[from] Spikes
|-activate|p1a: Heatran|move: Sticky Web
|-unboost|p1a: Heatran|spe|1
|move|p2a: Dragonite|Scale Shot|p1a: Heatran
|-resisted|p1a: Heatran
|-damage|p1a: Heatran|83/100
|-resisted|p1a: Heatran
|-damage|p1a: Heatran|76/100
|-resisted|p1a: Heatran
|-damage|p1a: Heatran|70/100
|-resisted|p1a: Heatran
|-damage|p1a: Heatran|64/100
|-hitcount|p1a: Heatran|4
|-unboost|p2a: Dragonite|def|1
|-boost|p2a: Dragonite|spe|1
|
|-heal|p1a: Heatran|71/100|[from] item: Leftovers
|upkeep
|turn|7
|
|t:|1760416821
|switch|p2a: Samurott|Samurott-Hisui, F|64/100
|move|p1a: Heatran|Magma Storm|p2a: Samurott
|-resisted|p2a: Samurott
|-damage|p2a: Samurott|33/100
|-activate|p2a: Samurott|move: Magma Storm|[of] p1a: Heatran
|
|-heal|p1a: Heatran|77/100|[from] item: Leftovers
|-damage|p2a: Samurott|20/100|[from] move: Magma Storm|[partiallytrapped]
|upkeep
|turn|8
|
|t:|1760416842
|move|p2a: Samurott|Razor Shell|p1a: Heatran
|-supereffective|p1a: Heatran
|-damage|p1a: Heatran|0 fnt
|faint|p1a: Heatran
|
|-end|p2a: Samurott|Magma Storm|[partiallytrapped]|[silent]
|upkeep
|
|t:|1760416848
|switch|p1a: Tornadus|Tornadus-Therian, M|57/100
|turn|9
|
|t:|1760416858
|switch|p2a: Gholdengo|Gholdengo|100/100
|move|p1a: Tornadus|U-turn|p2a: Gholdengo
|-resisted|p2a: Gholdengo
|-damage|p2a: Gholdengo|96/100
|
|t:|1760416885
|switch|p1a: Tyranitar|Tyranitar, M|100/100|[from] U-turn
|-damage|p1a: Tyranitar|88/100|[from] Spikes
|-activate|p1a: Tyranitar|move: Sticky Web
|-unboost|p1a: Tyranitar|spe|1
|-weather|Sandstorm|[from] ability: Sand Stream|[of] p1a: Tyranitar
|
|-weather|Sandstorm|[upkeep]
|upkeep
|turn|10
|inactive|Battle timer is ON: inactive players will automatically lose when time's up. (requested by sen zellsis)
|
|t:|1760416935
|switch|p2a: Samurott|Samurott-Hisui, F|20/100
|switch|p1a: Tornadus|Tornadus-Therian, M|90/100
|
|-weather|Sandstorm|[upkeep]
|-damage|p1a: Tornadus|84/100|[from] Sandstorm
|-damage|p2a: Samurott|14/100|[from] Sandstorm
|upkeep
|turn|11
|
|t:|1760416944
|move|p2a: Samurott|Aqua Jet|p1a: Tornadus
|-damage|p1a: Tornadus|60/100
|move|p1a: Tornadus|U-turn|p2a: Samurott
|-supereffective|p2a: Samurott
|-damage|p2a: Samurott|0 fnt
|faint|p2a: Samurott
|
|t:|1760416947
|switch|p1a: Excadrill|Excadrill, F|100/100|[from] U-turn
|-item|p1a: Excadrill|Air Balloon
|
|-weather|Sandstorm|[upkeep]
|upkeep
|
|t:|1760416955
|switch|p2a: Araquanid|Araquanid, F|93/100
|turn|12
|
|t:|1760416965
|switch|p1a: Hydrapple|Hydrapple, F|100/100
|-damage|p1a: Hydrapple|88/100|[from] Spikes
|-activate|p1a: Hydrapple|move: Sticky Web
|-unboost|p1a: Hydrapple|spe|1
|move|p2a: Araquanid|Surf|p1a: Hydrapple
|-resisted|p1a: Hydrapple
|-damage|p1a: Hydrapple|79/100
|
|-weather|Sandstorm|[upkeep]
|-damage|p2a: Araquanid|86/100|[from] Sandstorm
|-damage|p1a: Hydrapple|73/100|[from] Sandstorm
|upkeep
|turn|13
|
|t:|1760416973
|move|p2a: Araquanid|Lunge|p1a: Hydrapple
|-supereffective|p1a: Hydrapple
|-damage|p1a: Hydrapple|51/100
|-unboost|p1a: Hydrapple|atk|1
|-damage|p2a: Araquanid|70/100|[from] item: Rocky Helmet|[of] p1a: Hydrapple
|move|p1a: Hydrapple|Fickle Beam|p2a: Araquanid
|-damage|p2a: Araquanid|42/100
|
|-weather|none
|upkeep
|turn|14
|
|t:|1760416985
|switch|p2a: Gholdengo|Gholdengo|96/100
|move|p1a: Hydrapple|Fickle Beam|p2a: Gholdengo
|-resisted|p2a: Gholdengo
|-damage|p2a: Gholdengo|77/100
|
|upkeep
|turn|15
|
|t:|1760416993
|switch|p1a: Tornadus|Tornadus-Therian, M|93/100
|move|p2a: Gholdengo|Shadow Ball|p1a: Tornadus
|-damage|p1a: Tornadus|50/100
|
|upkeep
|turn|16
|inactive|sen zellsis has 120 seconds left.
|
|t:|1760417032
|move|p1a: Tornadus|Heat Wave|p2a: Gholdengo
|-supereffective|p2a: Gholdengo
|-damage|p2a: Gholdengo|23/100
|move|p2a: Gholdengo|Make It Rain|p1a: Tornadus
|-damage|p1a: Tornadus|0 fnt
|-unboost|p2a: Gholdengo|spa|1
|faint|p1a: Tornadus
|
|upkeep
|
|t:|1760417040
|switch|p1a: Tyranitar|Tyranitar, M|88/100
|-damage|p1a: Tyranitar|76/100|[from] Spikes
|-activate|p1a: Tyranitar|move: Sticky Web
|-unboost|p1a: Tyranitar|spe|1
|-weather|Sandstorm|[from] ability: Sand Stream|[of] p1a: Tyranitar
|turn|17
|inactive|sen zellsis has 120 seconds left.
|
|t:|1760417046
|move|p2a: Gholdengo|Focus Blast|p1a: Tyranitar
|-supereffective|p1a: Tyranitar
|-damage|p1a: Tyranitar|2/100
|move|p1a: Tyranitar|Knock Off|p2a: Gholdengo
|-supereffective|p2a: Gholdengo
|-damage|p2a: Gholdengo|0 fnt
|-enditem|p2a: Gholdengo|Shuca Berry|[from] move: Knock Off|[of] p1a: Tyranitar
|faint|p2a: Gholdengo
|
|-weather|Sandstorm|[upkeep]
|upkeep
|
|t:|1760417055
|switch|p2a: Great Tusk|Great Tusk|100/100
|-enditem|p2a: Great Tusk|Booster Energy
|-activate|p2a: Great Tusk|ability: Protosynthesis|[fromitem]
|-start|p2a: Great Tusk|protosynthesisspe
|turn|18
|
|t:|1760417068
|switch|p1a: Hydrapple|Hydrapple, F|85/100
|-damage|p1a: Hydrapple|72/100|[from] Spikes
|-activate|p1a: Hydrapple|move: Sticky Web
|-unboost|p1a: Hydrapple|spe|1
|move|p2a: Great Tusk|Bulk Up|p2a: Great Tusk
|-boost|p2a: Great Tusk|atk|1
|-boost|p2a: Great Tusk|def|1
|
|-weather|Sandstorm|[upkeep]
|-damage|p1a: Hydrapple|66/100|[from] Sandstorm
|upkeep
|turn|19
|
|t:|1760417074
|move|p2a: Great Tusk|Ice Spinner|p1a: Hydrapple
|-supereffective|p1a: Hydrapple
|-damage|p1a: Hydrapple|0 fnt
|-damage|p2a: Great Tusk|84/100|[from] item: Rocky Helmet|[of] p1a: Hydrapple
|faint|p1a: Hydrapple
|
|-weather|Sandstorm|[upkeep]
|upkeep
|
|t:|1760417078
|switch|p1a: Excadrill|Excadrill, F|100/100
|-item|p1a: Excadrill|Air Balloon
|turn|20
|
|t:|1760417086
|move|p1a: Excadrill|Rapid Spin|p2a: Great Tusk
|-damage|p2a: Great Tusk|76/100
|-boost|p1a: Excadrill|spe|1
|-sideend|p1: sen zellsis|Spikes|[from] move: Rapid Spin|[of] p1a: Excadrill
|-sideend|p1: sen zellsis|Sticky Web|[from] move: Rapid Spin|[of] p1a: Excadrill
|move|p2a: Great Tusk|Rapid Spin|p1a: Excadrill
|-resisted|p1a: Excadrill
|-damage|p1a: Excadrill|86/100
|-boost|p2a: Great Tusk|spe|1
|-enditem|p1a: Excadrill|Air Balloon
|
|-weather|Sandstorm|[upkeep]
|upkeep
|turn|21
|
|t:|1760417096
|move|p1a: Excadrill|Earthquake|p2a: Great Tusk
|-damage|p2a: Great Tusk|49/100
|move|p2a: Great Tusk|Headlong Rush|p1a: Excadrill
|-supereffective|p1a: Excadrill
|-damage|p1a: Excadrill|0 fnt
|-unboost|p2a: Great Tusk|def|1
|-unboost|p2a: Great Tusk|spd|1
|faint|p1a: Excadrill
|
|-weather|none
|upkeep
|
|t:|1760417102
|switch|p1a: Keldeo|Keldeo-Resolute|75/100
|turn|22
|
|t:|1760417105
|move|p1a: Keldeo|Vacuum Wave|p2a: Great Tusk
|-damage|p2a: Great Tusk|0 fnt
|faint|p2a: Great Tusk
|-end|p2a: Great Tusk|Protosynthesis|[silent]
|
|upkeep
|
|t:|1760417119
|switch|p2a: Latias|Latias, F|100/100
|turn|23
|
|t:|1760417123
|switch|p1a: Tyranitar|Tyranitar, M|2/100
|-weather|Sandstorm|[from] ability: Sand Stream|[of] p1a: Tyranitar
|move|p2a: Latias|Calm Mind|p2a: Latias
|-boost|p2a: Latias|spa|1
|-boost|p2a: Latias|spd|1
|
|-weather|Sandstorm|[upkeep]
|-damage|p2a: Latias|95/100|[from] Sandstorm
|upkeep
|turn|24
|
|t:|1760417126
|move|p2a: Latias|Aura Sphere|p1a: Tyranitar
|-supereffective|p1a: Tyranitar
|-damage|p1a: Tyranitar|0 fnt
|faint|p1a: Tyranitar
|
|-weather|Sandstorm|[upkeep]
|-damage|p2a: Latias|89/100|[from] Sandstorm
|upkeep
|-message|sen zellsis forfeited.
|
|win|i hate 2x crits
|raw|sen zellsis's rating: 1611 &rarr; <strong>1588</strong><br />(-23 for losing)
|raw|i hate 2x crits's rating: 1565 &rarr; <strong>1588</strong><br />(+23 for winning)
|l|☆sen zellsis
|player|p1|
|c|☆i hate 2x crits|gg
|l|☆i hate 2x crits
|player|p2|
