|j|☆Macrozair
|j|☆exposed king
|t:|1760433301
|gametype|singles
|player|p1|Macrozair|harlequin|1209
|player|p2|exposed king|102|1236
|gen|9
|tier|[Gen 9] OU
|rated|
|rule|HP Percentage Mod: HP is shown in percentages
|rule|Endless Battle Clause: Forcing endless battles is banned
|rule|Species Clause: Limit one of each Pokémon
|rule|OHKO Clause: OHKO moves are banned
|rule|Evasion Items Clause: Evasion items are banned
|rule|Evasion Moves Clause: Evasion moves are banned
|rule|Evasion Abilities Clause: Evasion abilities are banned
|rule|Sleep Moves Clause: Sleep-inducing moves are banned
|clearpoke
|poke|p1|Kingambit, F|
|poke|p1|Deoxys-Speed|
|poke|p1|Great Tusk|
|poke|p1|Dragonite, M|
|poke|p1|Iron Moth|
|poke|p1|Primarina, F|
|poke|p2|Iron Valiant|
|poke|p2|Garchomp, M|
|poke|p2|Ditto|
|poke|p2|Azumarill, M|
|poke|p2|Thundurus-Therian, M|
|poke|p2|Volcanion|
|teampreview
|inactive|Battle timer is ON: inactive players will automatically lose when time's up. (requested by Macrozair)
|
|t:|1760433313
|teamsize|p1|6
|teamsize|p2|6
|start
|switch|p1a: Primarina|Primarina, F|100/100
|switch|p2a: Azumarill|Azumarill, M|100/100
|turn|1
|
|t:|1760433334
|move|p1a: Primarina|Moonblast|p2a: Azumarill
|-crit|p2a: Azumarill
|-damage|p2a: Azumarill|53/100
|move|p2a: Azumarill|Play Rough|p1a: Primarina
|-damage|p1a: Primarina|24/100
|
|upkeep
|turn|2
|inactive|Macrozair has 120 seconds left.
|
|t:|1760433378
|switch|p1a: Iron Moth|Iron Moth|100/100
|-enditem|p1a: Iron Moth|Booster Energy
|-activate|p1a: Iron Moth|ability: Quark Drive|[fromitem]
|-start|p1a: Iron Moth|quarkdrivespe
|move|p2a: Azumarill|Play Rough|p1a: Iron Moth
|-resisted|p1a: Iron Moth
|-damage|p1a: Iron Moth|79/100
|
|upkeep
|turn|3
|
|t:|1760433392
|-terastallize|p2a: Azumarill|Ghost
|move|p1a: Iron Moth|Sludge Wave|p2a: Azumarill
|-resisted|p2a: Azumarill
|-damage|p2a: Azumarill|38/100
|move|p2a: Azumarill|Liquidation|p1a: Iron Moth
|-supereffective|p1a: Iron Moth
|-damage|p1a: Iron Moth|0 fnt
|faint|p1a: Iron Moth
|-end|p1a: Iron Moth|Quark Drive|[silent]
|
|upkeep
|
|t:|1760433402
|switch|p1a: Kingambit|Kingambit, F|100/100
|-activate|p1a: Kingambit|ability: Supreme Overlord
|-start|p1a: Kingambit|fallen1|[silent]
|turn|4
|
|t:|1760433406
|switch|p2a: Garchomp|Garchomp, M|100/100
|move|p1a: Kingambit|Sucker Punch||[still]
|-fail|p1a: Kingambit
|
|upkeep
|turn|5
|inactive|Macrozair has 120 seconds left.
|
|t:|1760433415
|-end|p1a: Kingambit|fallen1|[silent]
|switch|p1a: Dragonite|Dragonite, M|100/100
|move|p2a: Garchomp|Spikes|p1a: Dragonite
|-sidestart|p1: Macrozair|Spikes
|
|upkeep
|turn|6
|
|t:|1760433422
|move|p1a: Dragonite|Ice Spinner|p2a: Garchomp
|-supereffective|p2a: Garchomp
|-damage|p2a: Garchomp|0 fnt
|-damage|p1a: Dragonite|88/100|[from] ability: Rough Skin|[of] p2a: Garchomp
|-damage|p1a: Dragonite|72/100|[from] item: Rocky Helmet|[of] p2a: Garchomp
|faint|p2a: Garchomp
|
|upkeep
|
|t:|1760433427
|switch|p2a: Iron Valiant|Iron Valiant|100/100
|turn|7
|
|t:|1760433435
|switch|p1a: Primarina|Primarina, F|24/100
|-damage|p1a: Primarina|11/100|[from] Spikes
|move|p2a: Iron Valiant|Moonblast|p1a: Primarina
|-damage|p1a: Primarina|0 fnt
|faint|p1a: Primarina
|
|upkeep
|
|t:|1760433440
|switch|p1a: Deoxys|Deoxys-Speed|100/100
|-damage|p1a: Deoxys|88/100|[from] Spikes
|-ability|p1a: Deoxys|Pressure
|turn|8
|
|t:|1760433448
|-end|p2a: Iron Valiant|Quark Drive|[silent]
|switch|p2a: Azumarill|Azumarill, M, tera:Ghost|38/100
|move|p1a: Deoxys|Psycho Boost|p2a: Azumarill
|-damage|p2a: Azumarill|0 fnt
|-unboost|p1a: Deoxys|spa|2
|faint|p2a: Azumarill
|-damage|p1a: Deoxys|78/100|[from] item: Life Orb
|
|upkeep
|
|t:|1760433455
|switch|p2a: Thundurus|Thundurus-Therian, M|100/100
|turn|9
|
|t:|1760433463
|switch|p1a: Great Tusk|Great Tusk|100/100
|-damage|p1a: Great Tusk|88/100|[from] Spikes
|-enditem|p1a: Great Tusk|Booster Energy
|-activate|p1a: Great Tusk|ability: Protosynthesis|[fromitem]
|-start|p1a: Great Tusk|protosynthesisatk
|switch|p2a: Volcanion|Volcanion|100/100
|
|upkeep
|turn|10
|
|t:|1760433470
|move|p1a: Great Tusk|Headlong Rush|p2a: Volcanion
|-supereffective|p2a: Volcanion
|-damage|p2a: Volcanion|0 fnt
|-unboost|p1a: Great Tusk|def|1
|-unboost|p1a: Great Tusk|spd|1
|faint|p2a: Volcanion
|
|upkeep
|
|t:|1760433474
|switch|p2a: Iron Valiant|Iron Valiant|100/100
|turn|11
|
|t:|1760433485
|-terastallize|p1a: Great Tusk|Steel
|move|p2a: Iron Valiant|Moonblast|p1a: Great Tusk
|-resisted|p1a: Great Tusk
|-damage|p1a: Great Tusk|33/100
|move|p1a: Great Tusk|Headlong Rush|p2a: Iron Valiant
|-damage|p2a: Iron Valiant|0 fnt
|-unboost|p1a: Great Tusk|def|1
|-unboost|p1a: Great Tusk|spd|1
|faint|p2a: Iron Valiant
|-end|p2a: Iron Valiant|Quark Drive|[silent]
|
|upkeep
|
|t:|1760433494
|switch|p2a: Thundurus|Thundurus-Therian, M|100/100
|turn|12
|
|t:|1760433510
|move|p2a: Thundurus|Thunderbolt|p1a: Great Tusk
|-damage|p1a: Great Tusk|0 fnt
|faint|p1a: Great Tusk
|-end|p1a: Great Tusk|Protosynthesis|[silent]
|
|upkeep
|
|t:|1760433515
|switch|p1a: Deoxys|Deoxys-Speed|78/100
|-damage|p1a: Deoxys|66/100|[from] Spikes
|-ability|p1a: Deoxys|Pressure
|turn|13
|
|t:|1760433519
|move|p1a: Deoxys|Focus Blast|p2a: Thundurus
|-resisted|p2a: Thundurus
|-damage|p2a: Thundurus|69/100
|-damage|p1a: Deoxys|56/100|[from] item: Life Orb
|move|p2a: Thundurus|Dark Pulse|p1a: Deoxys
|-supereffective|p1a: Deoxys
|-damage|p1a: Deoxys|0 fnt
|faint|p1a: Deoxys
|
|upkeep
|
|t:|1760433537
|switch|p1a: Dragonite|Dragonite, M|72/100
|turn|14
|
|t:|1760433541
|move|p1a: Dragonite|Extreme Speed|p2a: Thundurus
|-damage|p2a: Thundurus|0 fnt
|faint|p2a: Thundurus
|
|upkeep
|
|t:|1760433543
|switch|p2a: Ditto|Ditto|100/100
|-transform|p2a: Ditto|p1a: Dragonite|[from] ability: Imposter
|turn|15
|
|t:|1760433554
|move|p1a: Dragonite|Extreme Speed|p2a: Ditto
|-damage|p2a: Ditto|74/100
|move|p2a: Ditto|Outrage|p1a: Dragonite
|-supereffective|p1a: Dragonite
|-damage|p1a: Dragonite|0 fnt
|faint|p1a: Dragonite
|
|upkeep
|
|t:|1760433559
|switch|p1a: Kingambit|Kingambit, F|100/100
|-damage|p1a: Kingambit|88/100|[from] Spikes
|-activate|p1a: Kingambit|ability: Supreme Overlord
|-start|p1a: Kingambit|fallen5|[silent]
|turn|16
|
|t:|1760433562
|move|p1a: Kingambit|Sucker Punch|p2a: Ditto
|-damage|p2a: Ditto|6/100
|move|p2a: Ditto|Outrage|p1a: Kingambit|[from] lockedmove
|-resisted|p1a: Kingambit
|-damage|p1a: Kingambit|60/100
|
|-heal|p1a: Kingambit|66/100|[from] item: Leftovers
|upkeep
|turn|17
|
|t:|1760433565
|move|p1a: Kingambit|Sucker Punch|p2a: Ditto
|-damage|p2a: Ditto|0 fnt
|faint|p2a: Ditto
|
|win|Macrozair
|raw|Macrozair's rating: 1209 &rarr; <strong>1236</strong><br />(+27 for winning)
|raw|exposed king's rating: 1236 &rarr; <strong>1209</strong><br />(-27 for losing)
|l|☆Macrozair
|player|p1|
