|j|☆JoelMasterX@!
|j|☆sropjpth
|inactive|Battle timer is ON: inactive players will automatically lose when time's up.
|t:|1760377533
|gametype|singles
|player|p1|JoelMasterX|266|
|player|p2|sropjpth|169|
|gen|9
|tier|[Gen 9] OU
|rated|Tournament battle
|rule|HP Percentage Mod: HP is shown in percentages
|rule|Endless Battle Clause: Forcing endless battles is banned
|rule|Species Clause: Limit one of each Pokémon
|rule|OHKO Clause: OHKO moves are banned
|rule|Evasion Items Clause: Evasion items are banned
|rule|Evasion Moves Clause: Evasion moves are banned
|rule|Evasion Abilities Clause: Evasion abilities are banned
|rule|Sleep Moves Clause: Sleep-inducing moves are banned
|clearpoke
|poke|p1|Zamazenta-*|
|poke|p1|Garchomp, F|
|poke|p1|Darkrai|
|poke|p1|Gholdengo|
|poke|p1|Hoopa-Unbound|
|poke|p1|Glimmora, M|
|poke|p2|Dondozo, F|
|poke|p2|Blissey, F|
|poke|p2|Corviknight, F|
|poke|p2|Weezing-Galar, F|
|poke|p2|Gliscor, F|
|poke|p2|Toxapex, F|
|teampreview
|j|*Lady Monita ☀
|j| StarCalyrex
|l| StarCalyrex
|inactive|JoelMasterX has 120 seconds left.
|
|t:|1760377564
|teamsize|p1|6
|teamsize|p2|6
|start
|switch|p1a: Garchomp|Garchomp, F|100/100
|switch|p2a: Gliscor|Gliscor, F|100/100
|turn|1
|
|t:|1760377571
|move|p1a: Garchomp|Stealth Rock|p2a: Gliscor
|-sidestart|p2: sropjpth|move: Stealth Rock
|move|p2a: Gliscor|Spikes|p1a: Garchomp
|-sidestart|p1: JoelMasterX|Spikes
|
|-status|p2a: Gliscor|tox|[from] item: Toxic Orb
|upkeep
|turn|2
|j| StarCalyrex
|l| StarCalyrex
|
|t:|1760377595
|move|p1a: Garchomp|Spikes|p2a: Gliscor
|-sidestart|p2: sropjpth|Spikes
|move|p2a: Gliscor|Knock Off|p1a: Garchomp
|-damage|p1a: Garchomp|86/100
|-damage|p2a: Gliscor|88/100 tox|[from] ability: Rough Skin|[of] p1a: Garchomp
|-damage|p2a: Gliscor|72/100 tox|[from] item: Rocky Helmet|[of] p1a: Garchomp
|-enditem|p1a: Garchomp|Rocky Helmet|[from] move: Knock Off|[of] p2a: Gliscor
|
|-heal|p2a: Gliscor|84/100 tox|[from] ability: Poison Heal
|upkeep
|turn|3
|
|t:|1760377611
|switch|p2a: Corviknight|Corviknight, F|100/100
|-damage|p2a: Corviknight|88/100|[from] Stealth Rock
|-ability|p2a: Corviknight|Pressure
|move|p1a: Garchomp|Spikes|p2a: Corviknight
|-sidestart|p2: sropjpth|Spikes
|
|-heal|p2a: Corviknight|94/100|[from] item: Leftovers
|upkeep
|turn|4
|
|t:|1760377626
|switch|p1a: Gholdengo|Gholdengo|100/100
|-item|p1a: Gholdengo|Air Balloon
|move|p2a: Corviknight|Defog|p1a: Gholdengo
|-immune|p1a: Gholdengo|[from] ability: Good as Gold
|
|-heal|p2a: Corviknight|100/100|[from] item: Leftovers
|upkeep
|turn|5
|j| StarCalyrex
|l| StarCalyrex
|inactive|sropjpth has 120 seconds left.
|
|t:|1760377667
|switch|p2a: Weezing|Weezing-Galar, F|100/100
|-ability|p2a: Weezing|Neutralizing Gas
|move|p1a: Gholdengo|Nasty Plot|p1a: Gholdengo
|-boost|p1a: Gholdengo|spa|2
|
|upkeep
|turn|6
|j| federal government
|
|t:|1760377676
|move|p1a: Gholdengo|Make It Rain|p2a: Weezing
|-supereffective|p2a: Weezing
|-damage|p2a: Weezing|0 fnt
|-unboost|p1a: Gholdengo|spa|1
|faint|p2a: Weezing
|-end|p2a: Weezing|ability: Neutralizing Gas
|
|upkeep
|
|t:|1760377689
|switch|p2a: Toxapex|Toxapex, F|100/100
|-damage|p2a: Toxapex|88/100|[from] Stealth Rock
|-damage|p2a: Toxapex|72/100|[from] Spikes
|turn|7
|
|t:|1760377693
|move|p1a: Gholdengo|Shadow Ball|p2a: Toxapex
|-damage|p2a: Toxapex|30/100
|-unboost|p2a: Toxapex|spd|1
|move|p2a: Toxapex|Haze|p2a: Toxapex
|-clearallboost
|
|-heal|p2a: Toxapex|36/100|[from] item: Leftovers
|upkeep
|turn|8
|
|t:|1760377702
|move|p1a: Gholdengo|Nasty Plot|p1a: Gholdengo
|-boost|p1a: Gholdengo|spa|2
|move|p2a: Toxapex|Recover|p2a: Toxapex
|-heal|p2a: Toxapex|86/100
|
|-heal|p2a: Toxapex|93/100|[from] item: Leftovers
|upkeep
|turn|9
|
|t:|1760377708
|move|p1a: Gholdengo|Shadow Ball|p2a: Toxapex
|-damage|p2a: Toxapex|39/100
|-unboost|p2a: Toxapex|spd|1
|move|p2a: Toxapex|Haze|p2a: Toxapex
|-clearallboost
|
|-heal|p2a: Toxapex|45/100|[from] item: Leftovers
|upkeep
|turn|10
|
|t:|1760377716
|move|p1a: Gholdengo|Nasty Plot|p1a: Gholdengo
|-boost|p1a: Gholdengo|spa|2
|move|p2a: Toxapex|Haze|p2a: Toxapex
|-clearallboost
|
|-heal|p2a: Toxapex|51/100|[from] item: Leftovers
|upkeep
|turn|11
|
|t:|1760377723
|switch|p1a: Garchomp|Garchomp, F|86/100
|-damage|p1a: Garchomp|74/100|[from] Spikes
|move|p2a: Toxapex|Haze|p2a: Toxapex
|-clearallboost
|
|-heal|p2a: Toxapex|58/100|[from] item: Leftovers
|upkeep
|turn|12
|
|t:|1760377740
|switch|p2a: Blissey|Blissey, F|100/100
|-damage|p2a: Blissey|88/100|[from] Stealth Rock
|-damage|p2a: Blissey|71/100|[from] Spikes
|move|p1a: Garchomp|Dragon Tail|p2a: Blissey|[miss]
|-miss|p1a: Garchomp|p2a: Blissey
|
|-heal|p2a: Blissey|78/100|[from] item: Leftovers
|upkeep
|turn|13
|
|t:|1760377750
|move|p1a: Garchomp|Earthquake|p2a: Blissey
|-damage|p2a: Blissey|32/100
|move|p2a: Blissey|Stealth Rock|p1a: Garchomp
|-sidestart|p1: JoelMasterX|move: Stealth Rock
|
|-heal|p2a: Blissey|38/100|[from] item: Leftovers
|upkeep
|turn|14
|
|t:|1760377757
|move|p1a: Garchomp|Earthquake|p2a: Blissey
|-damage|p2a: Blissey|0 fnt
|faint|p2a: Blissey
|
|upkeep
|
|t:|1760377761
|switch|p2a: Dondozo|Dondozo, F|100/100
|-damage|p2a: Dondozo|88/100|[from] Stealth Rock
|-damage|p2a: Dondozo|72/100|[from] Spikes
|turn|15
|
|t:|1760377766
|move|p2a: Dondozo|Avalanche|p1a: Garchomp
|-supereffective|p1a: Garchomp
|-damage|p1a: Garchomp|40/100
|-damage|p2a: Dondozo|59/100|[from] ability: Rough Skin|[of] p1a: Garchomp
|move|p1a: Garchomp|Dragon Tail|p2a: Dondozo|[miss]
|-miss|p1a: Garchomp|p2a: Dondozo
|
|-heal|p2a: Dondozo|66/100|[from] item: Leftovers
|upkeep
|turn|16
|
|t:|1760377776
|move|p2a: Dondozo|Avalanche|p1a: Garchomp
|-supereffective|p1a: Garchomp
|-damage|p1a: Garchomp|6/100
|-damage|p2a: Dondozo|53/100|[from] ability: Rough Skin|[of] p1a: Garchomp
|move|p1a: Garchomp|Dragon Tail|p2a: Dondozo
|-damage|p2a: Dondozo|42/100
|drag|p2a: Gliscor|Gliscor, F|84/100 tox
|-damage|p2a: Gliscor|72/100 tox|[from] Stealth Rock
|
|-heal|p2a: Gliscor|84/100 tox|[from] ability: Poison Heal
|upkeep
|turn|17
|
|t:|1760377790
|move|p2a: Gliscor|Protect|p2a: Gliscor
|-singleturn|p2a: Gliscor|Protect
|move|p1a: Garchomp|Dragon Tail|p2a: Gliscor
|-activate|p2a: Gliscor|move: Protect
|
|-heal|p2a: Gliscor|97/100 tox|[from] ability: Poison Heal
|upkeep
|turn|18
|
|t:|1760377797
|move|p2a: Gliscor|Knock Off|p1a: Garchomp
|-damage|p1a: Garchomp|0 fnt
|-damage|p2a: Gliscor|84/100 tox|[from] ability: Rough Skin|[of] p1a: Garchomp
|faint|p1a: Garchomp
|
|-heal|p2a: Gliscor|97/100 tox|[from] ability: Poison Heal
|upkeep
|
|t:|1760377800
|switch|p1a: Darkrai|Darkrai, shiny|100/100
|-damage|p1a: Darkrai|88/100|[from] Spikes
|-damage|p1a: Darkrai|76/100|[from] Stealth Rock
|turn|19
|
|t:|1760377810
|switch|p2a: Dondozo|Dondozo, F|42/100
|-damage|p2a: Dondozo|30/100|[from] Stealth Rock
|-damage|p2a: Dondozo|13/100|[from] Spikes
|move|p1a: Darkrai|Ice Beam|p2a: Dondozo
|-resisted|p2a: Dondozo
|-damage|p2a: Dondozo|0 fnt
|faint|p2a: Dondozo
|
|upkeep
|
|t:|1760377819
|switch|p2a: Toxapex|Toxapex, F|91/100
|-damage|p2a: Toxapex|78/100|[from] Stealth Rock
|-damage|p2a: Toxapex|62/100|[from] Spikes
|turn|20
|l| federal government
|
|t:|1760377833
|move|p1a: Darkrai|Knock Off|p2a: Toxapex
|-damage|p2a: Toxapex|31/100
|-enditem|p2a: Toxapex|Leftovers|[from] move: Knock Off|[of] p1a: Darkrai
|move|p2a: Toxapex|Toxic|p1a: Darkrai
|-status|p1a: Darkrai|tox
|
|-damage|p1a: Darkrai|70/100 tox|[from] psn
|upkeep
|turn|21
|
|t:|1760377840
|move|p1a: Darkrai|Dark Pulse|p2a: Toxapex
|-damage|p2a: Toxapex|1/100
|move|p2a: Toxapex|Recover|p2a: Toxapex
|-heal|p2a: Toxapex|51/100
|
|-damage|p1a: Darkrai|57/100 tox|[from] psn
|upkeep
|turn|22
|
|t:|1760377847
|switch|p1a: Hoopa|Hoopa-Unbound|100/100
|-damage|p1a: Hoopa|88/100|[from] Spikes
|-damage|p1a: Hoopa|76/100|[from] Stealth Rock
|move|p2a: Toxapex|Recover|p2a: Toxapex
|-heal|p2a: Toxapex|100/100
|
|upkeep
|turn|23
|
|t:|1760377855
|move|p1a: Hoopa|Psychic Noise|p2a: Toxapex
|-supereffective|p2a: Toxapex
|-damage|p2a: Toxapex|45/100
|-start|p2a: Toxapex|move: Heal Block
|move|p2a: Toxapex|Toxic|p1a: Hoopa
|-status|p1a: Hoopa|tox
|
|-damage|p1a: Hoopa|70/100 tox|[from] psn
|upkeep
|turn|24
|
|t:|1760377865
|switch|p2a: Corviknight|Corviknight, F|100/100
|-damage|p2a: Corviknight|88/100|[from] Stealth Rock
|-ability|p2a: Corviknight|Pressure
|move|p1a: Hoopa|Knock Off|p2a: Corviknight
|-damage|p2a: Corviknight|58/100
|-enditem|p2a: Corviknight|Leftovers|[from] move: Knock Off|[of] p1a: Hoopa
|
|-damage|p1a: Hoopa|58/100 tox|[from] psn
|upkeep
|turn|25
|
|t:|1760377875
|switch|p1a: Gholdengo|Gholdengo|100/100
|-damage|p1a: Gholdengo|94/100|[from] Stealth Rock
|-item|p1a: Gholdengo|Air Balloon
|move|p2a: Corviknight|Roost|p2a: Corviknight
|-heal|p2a: Corviknight|100/100
|-singleturn|p2a: Corviknight|move: Roost
|
|upkeep
|turn|26
|
|t:|1760377888
|switch|p2a: Toxapex|Toxapex, F|78/100
|-damage|p2a: Toxapex|66/100|[from] Stealth Rock
|-damage|p2a: Toxapex|50/100|[from] Spikes
|move|p1a: Gholdengo|Nasty Plot|p1a: Gholdengo
|-boost|p1a: Gholdengo|spa|2
|
|upkeep
|turn|27
|
|t:|1760377896
|move|p1a: Gholdengo|Shadow Ball|p2a: Toxapex
|-damage|p2a: Toxapex|0 fnt
|faint|p2a: Toxapex
|
|upkeep
|c|☆sropjpth|gg
|
|t:|1760377902
|switch|p2a: Gliscor|Gliscor, F|97/100 tox
|-damage|p2a: Gliscor|84/100 tox|[from] Stealth Rock
|turn|28
|c|☆JoelMasterX|gg
|
|t:|1760377906
|move|p1a: Gholdengo|Make It Rain|p2a: Gliscor
|-damage|p2a: Gliscor|0 fnt
|-unboost|p1a: Gholdengo|spa|1
|faint|p2a: Gliscor
|
|upkeep
|
|t:|1760377912
|switch|p2a: Corviknight|Corviknight, F|100/100
|-damage|p2a: Corviknight|88/100|[from] Stealth Rock
|-ability|p2a: Corviknight|Pressure
|turn|29
|c|☆sropjpth|cant hit him
|
|t:|1760377921
|move|p1a: Gholdengo|Nasty Plot|p1a: Gholdengo
|-boost|p1a: Gholdengo|spa|2
|move|p2a: Corviknight|Defog|p1a: Gholdengo
|-immune|p1a: Gholdengo|[from] ability: Good as Gold
|
|upkeep
|turn|30
|
|t:|1760377927
|move|p1a: Gholdengo|Shadow Ball|p2a: Corviknight
|-damage|p2a: Corviknight|0 fnt
|faint|p2a: Corviknight
|
|win|JoelMasterX
|n|☆JoelMasterX@!|joelmasterx
|n|☆sropjpth|sropjpth
|n|*Lady Monita ☀|ladymonita
|l|*Lady Monita ☀
|l|☆sropjpth
|player|p2|
