|j|☆vfxxfx
|j|☆Kward17kw
|t:|1760334541
|gametype|singles
|player|p1|vfxxfx|cynthia-masters|1179
|player|p2|Kward17kw|266|1063
|gen|9
|tier|[Gen 9] OU
|rated|
|rule|HP Percentage Mod: HP is shown in percentages
|rule|Endless Battle Clause: Forcing endless battles is banned
|rule|Species Clause: Limit one of each Pokémon
|rule|OHKO Clause: OHKO moves are banned
|rule|Evasion Items Clause: Evasion items are banned
|rule|Evasion Moves Clause: Evasion moves are banned
|rule|Evasion Abilities Clause: Evasion abilities are banned
|rule|Sleep Moves Clause: Sleep-inducing moves are banned
|clearpoke
|poke|p1|Blaziken, F|
|poke|p1|Kyurem|
|poke|p1|Skarmory, M|
|poke|p1|Chansey, F|
|poke|p1|Meowscarada, F|
|poke|p1|Polteageist-Antique|
|poke|p2|Goodra-Hisui, F|
|poke|p2|Zapdos|
|poke|p2|Avalugg-Hisui, M|
|poke|p2|Glimmora, F|
|poke|p2|Yanmega, M|
|poke|p2|Greninja-*, M|
|teampreview
|inactive|Battle timer is ON: inactive players will automatically lose when time's up. (requested by vfxxfx)
|inactive|Kward17kw also wants the timer to be on.
|
|t:|1760334550
|teamsize|p1|6
|teamsize|p2|6
|start
|switch|p1a: Blaziken|Blaziken, F|100/100
|switch|p2a: Avalugg|Avalugg-Hisui, M|100/100
|turn|1
|
|t:|1760334558
|move|p1a: Blaziken|Swords Dance|p1a: Blaziken
|-boost|p1a: Blaziken|atk|2
|move|p2a: Avalugg|Stealth Rock|p1a: Blaziken
|-sidestart|p1: vfxxfx|move: Stealth Rock
|
|-ability|p1a: Blaziken|Speed Boost|boost
|-boost|p1a: Blaziken|spe|1
|upkeep
|turn|2
|
|t:|1760334566
|move|p1a: Blaziken|Swords Dance|p1a: Blaziken
|-boost|p1a: Blaziken|atk|2
|move|p2a: Avalugg|Earthquake|p1a: Blaziken
|-supereffective|p1a: Blaziken
|-enditem|p1a: Blaziken|Focus Sash
|-damage|p1a: Blaziken|1/100
|
|-ability|p1a: Blaziken|Speed Boost|boost
|-boost|p1a: Blaziken|spe|1
|upkeep
|turn|3
|
|t:|1760334579
|move|p1a: Blaziken|Reversal|p2a: Avalugg
|-supereffective|p2a: Avalugg
|-ability|p2a: Avalugg|Sturdy
|-damage|p2a: Avalugg|1/100
|move|p2a: Avalugg|Rapid Spin|p1a: Blaziken
|-damage|p1a: Blaziken|0 fnt
|-boost|p2a: Avalugg|spe|1
|faint|p1a: Blaziken
|
|upkeep
|
|t:|1760334591
|switch|p1a: Polteageist|Polteageist-Antique, shiny|100/100
|-damage|p1a: Polteageist|88/100|[from] Stealth Rock
|turn|4
|-enditem|p2a: Avalugg|Custap Berry|[eat]
|-activate|p2a: Avalugg|item: Custap Berry|[consumed]
|
|t:|1760334604
|move|p2a: Avalugg|Mountain Gale|p1a: Polteageist
|-damage|p1a: Polteageist|0 fnt
|faint|p1a: Polteageist
|
|upkeep
|
|t:|1760334612
|switch|p1a: Meowscarada|Meowscarada, F, shiny|100/100
|-damage|p1a: Meowscarada|88/100|[from] Stealth Rock
|turn|5
|
|t:|1760334620
|switch|p2a: Glimmora|Glimmora, F|100/100
|-item|p2a: Glimmora|Air Balloon
|move|p1a: Meowscarada|U-turn|p2a: Glimmora
|-start|p1a: Meowscarada|typechange|Bug|[from] ability: Protean
|-resisted|p2a: Glimmora
|-damage|p2a: Glimmora|83/100
|-activate|p2a: Glimmora|ability: Toxic Debris
|-sidestart|p1: vfxxfx|move: Toxic Spikes
|-enditem|p2a: Glimmora|Air Balloon
|-message|vfxxfx forfeited.
|
|win|Kward17kw
|raw|vfxxfx's rating: 1179 &rarr; <strong>1146</strong><br />(-33 for losing)
|raw|Kward17kw's rating: 1063 &rarr; <strong>1103</strong><br />(+40 for winning)
|l|☆vfxxfx
|player|p1|
|l|☆Kward17kw
|player|p2|
