|j|☆cornel1233
|j|☆psychedelic_kit
|t:|1760382298
|gametype|singles
|player|p1|cornel1233|266|1132
|player|p2|psychedelic_kit|red|1136
|gen|9
|tier|[Gen 9] OU
|rated|
|rule|HP Percentage Mod: HP is shown in percentages
|rule|Endless Battle Clause: Forcing endless battles is banned
|rule|Species Clause: Limit one of each Pokémon
|rule|OHKO Clause: OHKO moves are banned
|rule|Evasion Items Clause: Evasion items are banned
|rule|Evasion Moves Clause: Evasion moves are banned
|rule|Evasion Abilities Clause: Evasion abilities are banned
|rule|Sleep Moves Clause: Sleep-inducing moves are banned
|clearpoke
|poke|p1|Pelipper, F|
|poke|p1|Basculegion-F, F|
|poke|p1|Tentacruel, F|
|poke|p1|Drednaw, F|
|poke|p1|Zapdos|
|poke|p1|Ludicolo, M|
|poke|p2|Glimmora, M|
|poke|p2|Meowscarada, F|
|poke|p2|Walking Wake|
|poke|p2|Volbeat, M|
|poke|p2|Kingambit, F|
|poke|p2|Gliscor, M|
|teampreview
|inactive|Battle timer is ON: inactive players will automatically lose when time's up. (requested by cornel1233)
|
|t:|1760382306
|teamsize|p1|6
|teamsize|p2|6
|start
|switch|p1a: Pelipper|Pelipper, F|100/100
|switch|p2a: Gliscor|Gliscor, M|100/100
|-weather|RainDance|[from] ability: Drizzle|[of] p1a: Pelipper
|turn|1
|
|t:|1760382317
|switch|p1a: Tentacruel|Tentacruel, F|100/100
|move|p2a: Gliscor|Protect||[still]
|-fail|p2a: Gliscor
|
|-weather|RainDance|[upkeep]
|-status|p2a: Gliscor|tox|[from] item: Toxic Orb
|upkeep
|turn|2
|
|t:|1760382339
|switch|p2a: Volbeat|Volbeat, M|100/100
|-terastallize|p1a: Tentacruel|Grass
|move|p1a: Tentacruel|Toxic Spikes|p2a: Volbeat
|-sidestart|p2: psychedelic_kit|move: Toxic Spikes
|
|-weather|RainDance|[upkeep]
|-damage|p1a: Tentacruel|88/100|[from] item: Black Sludge
|upkeep
|turn|3
|
|t:|1760382352
|move|p2a: Volbeat|Thunder Wave|p1a: Tentacruel
|-status|p1a: Tentacruel|par
|move|p1a: Tentacruel|Toxic Spikes|p2a: Volbeat
|-sidestart|p2: psychedelic_kit|move: Toxic Spikes
|
|-weather|RainDance|[upkeep]
|-heal|p1a: Tentacruel|94/100 par|[from] ability: Rain Dish
|-damage|p1a: Tentacruel|82/100 par|[from] item: Black Sludge
|upkeep
|turn|4
|c|☆cornel1233|fk
|
|t:|1760382362
|move|p2a: Volbeat|Light Screen|p2a: Volbeat
|-sidestart|p2: psychedelic_kit|move: Light Screen
|move|p1a: Tentacruel|Knock Off|p2a: Volbeat
|-damage|p2a: Volbeat|82/100
|-enditem|p2a: Volbeat|Leftovers|[from] move: Knock Off|[of] p1a: Tentacruel
|
|-weather|RainDance|[upkeep]
|-heal|p1a: Tentacruel|88/100 par|[from] ability: Rain Dish
|-damage|p1a: Tentacruel|75/100 par|[from] item: Black Sludge
|upkeep
|turn|5
|
|t:|1760382372
|move|p2a: Volbeat|Tailwind|p2a: Volbeat
|-sidestart|p2: psychedelic_kit|move: Tailwind
|move|p1a: Tentacruel|Toxic|p2a: Volbeat
|-status|p2a: Volbeat|tox
|
|-weather|RainDance|[upkeep]
|-heal|p1a: Tentacruel|82/100 par|[from] ability: Rain Dish
|-damage|p1a: Tentacruel|69/100 par|[from] item: Black Sludge
|-damage|p2a: Volbeat|75/100 tox|[from] psn
|upkeep
|turn|6
|
|t:|1760382387
|switch|p1a: Drednaw|Drednaw, F|100/100
|move|p2a: Volbeat|Moonlight|p2a: Volbeat
|-heal|p2a: Volbeat|100/100 tox
|
|-weather|RainDance|[upkeep]
|-damage|p2a: Volbeat|88/100 tox|[from] psn
|upkeep
|turn|7
|
|t:|1760382397
|switch|p2a: Glimmora|Glimmora, M|100/100
|-sideend|p2: psychedelic_kit|move: Toxic Spikes|[of] p2a: Glimmora
|move|p1a: Drednaw|Stealth Rock|p2a: Glimmora
|-sidestart|p2: psychedelic_kit|move: Stealth Rock
|
|-weather|RainDance|[upkeep]
|upkeep
|turn|8
|
|t:|1760382413
|move|p2a: Glimmora|Mortal Spin|p1a: Drednaw
|-resisted|p1a: Drednaw
|-crit|p1a: Drednaw
|-damage|p1a: Drednaw|96/100
|-status|p1a: Drednaw|psn
|-sideend|p2: psychedelic_kit|Stealth Rock|[from] move: Mortal Spin|[of] p2a: Glimmora
|move|p1a: Drednaw|Super Fang|p2a: Glimmora
|-damage|p2a: Glimmora|50/100
|-activate|p2a: Glimmora|ability: Toxic Debris
|-sidestart|p1: cornel1233|move: Toxic Spikes
|
|-weather|none
|-heal|p2a: Glimmora|57/100|[from] item: Leftovers
|-heal|p1a: Drednaw|100/100 psn|[from] item: Leftovers
|-damage|p1a: Drednaw|88/100 psn|[from] psn
|-sideend|p2: psychedelic_kit|move: Light Screen
|-sideend|p2: psychedelic_kit|move: Tailwind
|upkeep
|turn|9
|
|t:|1760382438
|switch|p2a: Gliscor|Gliscor, M|100/100 tox
|move|p1a: Drednaw|Stealth Rock|p2a: Gliscor
|-sidestart|p2: psychedelic_kit|move: Stealth Rock
|
|-heal|p1a: Drednaw|94/100 psn|[from] item: Leftovers
|-damage|p1a: Drednaw|82/100 psn|[from] psn
|upkeep
|turn|10
|
|t:|1760382449
|switch|p1a: Pelipper|Pelipper, F|100/100
|-weather|RainDance|[from] ability: Drizzle|[of] p1a: Pelipper
|move|p2a: Gliscor|Stealth Rock|p1a: Pelipper
|-sidestart|p1: cornel1233|move: Stealth Rock
|
|-weather|RainDance|[upkeep]
|upkeep
|turn|11
|
|t:|1760382461
|switch|p2a: Volbeat|Volbeat, M|88/100 tox
|-damage|p2a: Volbeat|63/100 tox|[from] Stealth Rock
|move|p1a: Pelipper|Surf|p2a: Volbeat
|-damage|p2a: Volbeat|18/100 tox
|
|-weather|RainDance|[upkeep]
|-damage|p2a: Volbeat|12/100 tox|[from] psn
|upkeep
|turn|12
|
|t:|1760382474
|move|p2a: Volbeat|Thunder Wave|p1a: Pelipper
|-status|p1a: Pelipper|par
|move|p1a: Pelipper|Tailwind|p1a: Pelipper
|-sidestart|p1: cornel1233|move: Tailwind
|
|-weather|RainDance|[upkeep]
|-damage|p2a: Volbeat|0 fnt|[from] psn
|faint|p2a: Volbeat
|upkeep
|inactive|psychedelic_kit has 120 seconds left.
|
|t:|1760382488
|switch|p2a: Walking Wake|Walking Wake|100/100
|-damage|p2a: Walking Wake|88/100|[from] Stealth Rock
|-enditem|p2a: Walking Wake|Booster Energy
|-activate|p2a: Walking Wake|ability: Protosynthesis|[fromitem]
|-start|p2a: Walking Wake|protosynthesisspa
|turn|13
|
|t:|1760382496
|move|p1a: Pelipper|U-turn|p2a: Walking Wake
|-damage|p2a: Walking Wake|79/100
|
|t:|1760382499
|switch|p1a: Drednaw|Drednaw, F|82/100 psn|[from] U-turn
|-damage|p1a: Drednaw|69/100 psn|[from] Stealth Rock
|move|p2a: Walking Wake|Roar|p1a: Drednaw
|drag|p1a: Zapdos|Zapdos|100/100
|-damage|p1a: Zapdos|76/100|[from] Stealth Rock
|
|-weather|RainDance|[upkeep]
|upkeep
|turn|14
|
|t:|1760382519
|move|p1a: Zapdos|Thunder|p2a: Walking Wake
|-damage|p2a: Walking Wake|16/100
|move|p2a: Walking Wake|Roar|p1a: Zapdos
|drag|p1a: Basculegion|Basculegion-F, F|100/100
|-status|p1a: Basculegion|psn
|-damage|p1a: Basculegion|88/100 psn|[from] Stealth Rock
|
|-weather|RainDance|[upkeep]
|-damage|p1a: Basculegion|76/100 psn|[from] psn
|upkeep
|turn|15
|inactive|psychedelic_kit has 120 seconds left.
|
|t:|1760382535
|move|p1a: Basculegion|Wave Crash|p2a: Walking Wake
|-resisted|p2a: Walking Wake
|-damage|p2a: Walking Wake|0 fnt
|faint|p2a: Walking Wake
|-end|p2a: Walking Wake|Protosynthesis|[silent]
|-damage|p1a: Basculegion|71/100 psn|[from] Recoil
|
|-weather|RainDance|[upkeep]
|-damage|p1a: Basculegion|59/100 psn|[from] psn
|-sideend|p1: cornel1233|move: Tailwind
|upkeep
|inactive|psychedelic_kit has 120 seconds left.
|
|t:|1760382548
|switch|p2a: Glimmora|Glimmora, M|57/100
|-damage|p2a: Glimmora|44/100|[from] Stealth Rock
|turn|16
|inactive|psychedelic_kit has 120 seconds left.
|
|t:|1760382556
|move|p2a: Glimmora|Spiky Shield|p2a: Glimmora
|-singleturn|p2a: Glimmora|move: Protect
|move|p1a: Basculegion|Wave Crash|p2a: Glimmora
|-activate|p2a: Glimmora|move: Protect
|-damage|p1a: Basculegion|47/100 psn|[from] Spiky Shield|[of] p2a: Glimmora
|
|-weather|RainDance|[upkeep]
|-heal|p2a: Glimmora|50/100|[from] item: Leftovers
|-damage|p1a: Basculegion|34/100 psn|[from] psn
|upkeep
|turn|17
|inactive|psychedelic_kit has 120 seconds left.
|
|t:|1760382572
|move|p2a: Glimmora|Spiky Shield|p2a: Glimmora
|-singleturn|p2a: Glimmora|move: Protect
|move|p1a: Basculegion|Wave Crash|p2a: Glimmora
|-activate|p2a: Glimmora|move: Protect
|-damage|p1a: Basculegion|22/100 psn|[from] Spiky Shield|[of] p2a: Glimmora
|
|-weather|none
|-heal|p2a: Glimmora|57/100|[from] item: Leftovers
|-damage|p1a: Basculegion|10/100 psn|[from] psn
|upkeep
|turn|18
|inactive|psychedelic_kit has 120 seconds left.
|
|t:|1760382591
|move|p2a: Glimmora|Spiky Shield||[still]
|-fail|p2a: Glimmora
|move|p1a: Basculegion|Wave Crash|p2a: Glimmora
|-supereffective|p2a: Glimmora
|-damage|p2a: Glimmora|0 fnt
|-activate|p2a: Glimmora|ability: Toxic Debris
|-sidestart|p1: cornel1233|move: Toxic Spikes
|faint|p2a: Glimmora
|-damage|p1a: Basculegion|0 fnt|[from] Recoil
|faint|p1a: Basculegion
|
|upkeep
|
|t:|1760382608
|switch|p1a: Tentacruel|Tentacruel, F, tera:Grass|69/100 par
|switch|p2a: Gliscor|Gliscor, M|100/100 tox
|-damage|p2a: Gliscor|88/100 tox|[from] Stealth Rock
|-damage|p1a: Tentacruel|57/100 par|[from] Stealth Rock
|turn|19
|
|t:|1760382619
|move|p2a: Gliscor|Spikes|p1a: Tentacruel
|-sidestart|p1: cornel1233|Spikes
|move|p1a: Tentacruel|Toxic Spikes|p2a: Gliscor
|-sidestart|p2: psychedelic_kit|move: Toxic Spikes
|
|-damage|p1a: Tentacruel|44/100 par|[from] item: Black Sludge
|-heal|p2a: Gliscor|100/100 tox|[from] ability: Poison Heal
|upkeep
|turn|20
|
|t:|1760382630
|move|p2a: Gliscor|Spikes|p1a: Tentacruel
|-sidestart|p1: cornel1233|Spikes
|move|p1a: Tentacruel|Toxic Spikes|p2a: Gliscor
|-sidestart|p2: psychedelic_kit|move: Toxic Spikes
|
|-damage|p1a: Tentacruel|32/100 par|[from] item: Black Sludge
|upkeep
|turn|21
|
|t:|1760382642
|switch|p2a: Kingambit|Kingambit, F|100/100
|-damage|p2a: Kingambit|94/100|[from] Stealth Rock
|-activate|p2a: Kingambit|ability: Supreme Overlord
|-start|p2a: Kingambit|fallen3|[silent]
|cant|p1a: Tentacruel|par
|
|-damage|p1a: Tentacruel|20/100 par|[from] item: Black Sludge
|upkeep
|turn|22
|
|t:|1760382664
|move|p2a: Kingambit|Poison Jab|p1a: Tentacruel
|-supereffective|p1a: Tentacruel
|-damage|p1a: Tentacruel|0 fnt
|faint|p1a: Tentacruel
|
|upkeep
|
|t:|1760382667
|switch|p1a: Pelipper|Pelipper, F|100/100 par
|-damage|p1a: Pelipper|75/100 par|[from] Stealth Rock
|-weather|RainDance|[from] ability: Drizzle|[of] p1a: Pelipper
|turn|23
|
|t:|1760382682
|move|p2a: Kingambit|Kowtow Cleave|p1a: Pelipper
|-damage|p1a: Pelipper|2/100 par
|move|p1a: Pelipper|Tailwind|p1a: Pelipper
|-sidestart|p1: cornel1233|move: Tailwind
|
|-weather|RainDance|[upkeep]
|upkeep
|turn|24
|
|t:|1760382689
|move|p1a: Pelipper|Surf|p2a: Kingambit
|-crit|p2a: Kingambit
|-damage|p2a: Kingambit|47/100
|move|p2a: Kingambit|Kowtow Cleave|p1a: Pelipper
|-damage|p1a: Pelipper|0 fnt
|faint|p1a: Pelipper
|
|-weather|RainDance|[upkeep]
|upkeep
|
|t:|1760382699
|switch|p1a: Zapdos|Zapdos|76/100
|-damage|p1a: Zapdos|51/100|[from] Stealth Rock
|turn|25
|
|t:|1760382716
|move|p2a: Kingambit|Sucker Punch|p1a: Zapdos
|-damage|p1a: Zapdos|0 fnt
|faint|p1a: Zapdos
|
|-weather|RainDance|[upkeep]
|upkeep
|
|t:|1760382720
|switch|p1a: Drednaw|Drednaw, F|69/100 psn
|-damage|p1a: Drednaw|57/100 psn|[from] Stealth Rock
|-damage|p1a: Drednaw|40/100 psn|[from] Spikes
|turn|26
|
|t:|1760382733
|move|p2a: Kingambit|Sucker Punch|p1a: Drednaw
|-damage|p1a: Drednaw|0 fnt
|faint|p1a: Drednaw
|
|-weather|RainDance|[upkeep]
|-sideend|p1: cornel1233|move: Tailwind
|upkeep
|
|t:|1760382735
|switch|p1a: Ludicolo|Ludicolo, M|100/100
|-status|p1a: Ludicolo|tox
|-damage|p1a: Ludicolo|88/100 tox|[from] Stealth Rock
|-damage|p1a: Ludicolo|72/100 tox|[from] Spikes
|turn|27
|
|t:|1760382748
|move|p1a: Ludicolo|Weather Ball|p2a: Kingambit
|-damage|p2a: Kingambit|0 fnt
|faint|p2a: Kingambit
|-end|p2a: Kingambit|fallen3|[silent]
|
|-weather|RainDance|[upkeep]
|-damage|p1a: Ludicolo|66/100 tox|[from] psn
|upkeep
|
|t:|1760382756
|switch|p2a: Gliscor|Gliscor, M|100/100 tox
|-damage|p2a: Gliscor|88/100 tox|[from] Stealth Rock
|turn|28
|
|t:|1760382763
|move|p2a: Gliscor|Protect|p2a: Gliscor
|-singleturn|p2a: Gliscor|Protect
|move|p1a: Ludicolo|Weather Ball|p2a: Gliscor
|-activate|p2a: Gliscor|move: Protect
|
|-weather|RainDance|[upkeep]
|-damage|p1a: Ludicolo|54/100 tox|[from] psn
|-heal|p2a: Gliscor|100/100 tox|[from] ability: Poison Heal
|upkeep
|turn|29
|
|t:|1760382775
|move|p1a: Ludicolo|Weather Ball|p2a: Gliscor
|-supereffective|p2a: Gliscor
|-damage|p2a: Gliscor|0 fnt
|faint|p2a: Gliscor
|
|-weather|RainDance|[upkeep]
|-damage|p1a: Ludicolo|36/100 tox|[from] psn
|upkeep
|
|t:|1760382784
|switch|p2a: Meowscarada|Meowscarada, F, shiny|100/100
|-damage|p2a: Meowscarada|88/100|[from] Stealth Rock
|-status|p2a: Meowscarada|tox
|turn|30
|
|t:|1760382798
|move|p1a: Ludicolo|Weather Ball|p2a: Meowscarada
|-resisted|p2a: Meowscarada
|-damage|p2a: Meowscarada|8/100 tox
|move|p2a: Meowscarada|Flower Trick|p1a: Ludicolo
|-start|p2a: Meowscarada|typechange|Grass|[from] ability: Protean
|-crit|p1a: Ludicolo
|-damage|p1a: Ludicolo|0 fnt
|faint|p1a: Ludicolo
|
|win|psychedelic_kit
|raw|cornel1233's rating: 1132 &rarr; <strong>1107</strong><br />(-25 for losing)
|raw|psychedelic_kit's rating: 1136 &rarr; <strong>1161</strong><br />(+25 for winning)
|l|☆cornel1233
|player|p1|
|l|☆psychedelic_kit
|player|p2|
