|j|☆kittensnax
|j|☆demigod157751
|t:|1760415852
|gametype|singles
|player|p1|kittensnax|schoolkidf|1422
|player|p2|demigod157751|101|1341
|gen|9
|tier|[Gen 9] OU
|rated|
|rule|HP Percentage Mod: HP is shown in percentages
|rule|Endless Battle Clause: Forcing endless battles is banned
|rule|Species Clause: Limit one of each Pokémon
|rule|OHKO Clause: OHKO moves are banned
|rule|Evasion Items Clause: Evasion items are banned
|rule|Evasion Moves Clause: Evasion moves are banned
|rule|Evasion Abilities Clause: Evasion abilities are banned
|rule|Sleep Moves Clause: Sleep-inducing moves are banned
|clearpoke
|poke|p1|Porygon2|
|poke|p1|Farigiraf, F|
|poke|p1|Dragonite, F|
|poke|p1|Primarina, F|
|poke|p1|Ursaluna, F|
|poke|p1|Gallade, M|
|poke|p2|Meowscarada, F|
|poke|p2|Ursaluna, F|
|poke|p2|Slowking-Galar, F|
|poke|p2|Great Tusk|
|poke|p2|Moltres|
|poke|p2|Gholdengo|
|teampreview
|inactive|Battle timer is ON: inactive players will automatically lose when time's up. (requested by demigod157751)
|
|t:|1760415879
|teamsize|p1|6
|teamsize|p2|6
|start
|switch|p1a: a special boy|Porygon2|100/100
|switch|p2a: Gholdengo|Gholdengo|100/100
|-ability|p1a: a special boy|Download|boost
|-boost|p1a: a special boy|spa|1
|turn|1
|
|t:|1760415893
|move|p2a: Gholdengo|Focus Blast|p1a: a special boy
|-supereffective|p1a: a special boy
|-damage|p1a: a special boy|47/100
|-unboost|p1a: a special boy|spd|1
|move|p1a: a special boy|Thunderbolt|p2a: Gholdengo
|-damage|p2a: Gholdengo|45/100
|
|upkeep
|turn|2
|
|t:|1760415904
|switch|p1a: Primarina|Primarina, F|100/100
|move|p2a: Gholdengo|Focus Blast|p1a: Primarina|[miss]
|-miss|p2a: Gholdengo|p1a: Primarina
|
|upkeep
|turn|3
|
|t:|1760415923
|switch|p2a: Slowking|Slowking-Galar, F|100/100
|move|p1a: Primarina|Psychic Noise|p2a: Slowking
|-damage|p2a: Slowking|64/100
|-start|p2a: Slowking|move: Heal Block
|
|upkeep
|turn|4
|
|t:|1760415937
|switch|p1a: Ursaluna|Ursaluna, F|100/100
|move|p2a: Slowking|Sludge Bomb|p1a: Ursaluna
|-resisted|p1a: Ursaluna
|-damage|p1a: Ursaluna|87/100
|
|-end|p2a: Slowking|move: Heal Block
|-status|p1a: Ursaluna|brn|[from] item: Flame Orb
|upkeep
|turn|5
|inactive|demigod157751 has 120 seconds left.
|
|t:|1760415967
|switch|p2a: Great Tusk|Great Tusk|100/100
|move|p1a: Ursaluna|Facade|p2a: Great Tusk
|-damage|p2a: Great Tusk|16/100
|-damage|p1a: Ursaluna|71/100 brn|[from] item: Rocky Helmet|[of] p2a: Great Tusk
|
|-damage|p1a: Ursaluna|64/100 brn|[from] brn
|upkeep
|turn|6
|inactive|demigod157751 has 120 seconds left.
|
|t:|1760415984
|switch|p1a: a special boy|Porygon2|47/100
|-ability|p1a: a special boy|Download|boost
|-boost|p1a: a special boy|spa|1
|move|p2a: Great Tusk|Headlong Rush|p1a: a special boy
|-damage|p1a: a special boy|4/100
|-unboost|p2a: Great Tusk|def|1
|-unboost|p2a: Great Tusk|spd|1
|
|upkeep
|turn|7
|inactive|demigod157751 has 120 seconds left.
|
|t:|1760415995
|move|p2a: Great Tusk|Rapid Spin|p1a: a special boy
|-damage|p1a: a special boy|0 fnt
|-boost|p2a: Great Tusk|spe|1
|faint|p1a: a special boy
|
|upkeep
|
|t:|1760416002
|switch|p1a: FaRiGiЯaꟻ|Farigiraf, F, shiny|100/100
|turn|8
|
|t:|1760416015
|move|p2a: Great Tusk|Headlong Rush|p1a: FaRiGiЯaꟻ
|-damage|p1a: FaRiGiЯaꟻ|49/100
|-unboost|p2a: Great Tusk|def|1
|-unboost|p2a: Great Tusk|spd|1
|move|p1a: FaRiGiЯaꟻ|Trick Room|p1a: FaRiGiЯaꟻ
|-fieldstart|move: Trick Room|[of] p1a: FaRiGiЯaꟻ
|
|upkeep
|turn|9
|
|t:|1760416023
|move|p1a: FaRiGiЯaꟻ|Shadow Ball|p2a: Great Tusk
|-damage|p2a: Great Tusk|0 fnt
|faint|p2a: Great Tusk
|-end|p2a: Great Tusk|Protosynthesis|[silent]
|
|upkeep
|
|t:|1760416030
|switch|p2a: Ursaluna|Ursaluna, F|100/100
|turn|10
|
|t:|1760416040
|move|p1a: FaRiGiЯaꟻ|Tera Blast|p2a: Ursaluna
|-damage|p2a: Ursaluna|74/100
|move|p2a: Ursaluna|Ice Punch|p1a: FaRiGiЯaꟻ
|-damage|p1a: FaRiGiЯaꟻ|28/100
|
|-heal|p2a: Ursaluna|80/100|[from] item: Leftovers
|upkeep
|turn|11
|
|t:|1760416056
|move|p1a: FaRiGiЯaꟻ|Tera Blast|p2a: Ursaluna
|-damage|p2a: Ursaluna|54/100
|move|p2a: Ursaluna|Earthquake|p1a: FaRiGiЯaꟻ
|-damage|p1a: FaRiGiЯaꟻ|0 fnt
|faint|p1a: FaRiGiЯaꟻ
|
|-heal|p2a: Ursaluna|60/100|[from] item: Leftovers
|upkeep
|
|t:|1760416071
|switch|p1a: Primarina|Primarina, F|100/100
|turn|12
|
|t:|1760416075
|move|p2a: Ursaluna|Protect|p2a: Ursaluna
|-singleturn|p2a: Ursaluna|Protect
|move|p1a: Primarina|Psychic Noise|p2a: Ursaluna
|-activate|p2a: Ursaluna|move: Protect
|
|-heal|p2a: Ursaluna|66/100|[from] item: Leftovers
|-fieldend|move: Trick Room
|upkeep
|turn|13
|
|t:|1760416085
|switch|p2a: Slowking|Slowking-Galar, F|97/100
|move|p1a: Primarina|Psychic Noise|p2a: Slowking
|-damage|p2a: Slowking|64/100
|-start|p2a: Slowking|move: Heal Block
|
|upkeep
|turn|14
|
|t:|1760416097
|switch|p1a: Gallade|Gallade, M|100/100
|move|p2a: Slowking|Sludge Bomb|p1a: Gallade
|-damage|p1a: Gallade|68/100
|
|-heal|p1a: Gallade|75/100|[from] item: Leftovers
|-end|p2a: Slowking|move: Heal Block
|upkeep
|turn|15
|
|t:|1760416107
|-prepare|p2a: Slowking|Chilly Reception|[premajor]
|move|p2a: Slowking|Chilly Reception|p2a: Slowking
|-weather|Snowscape
|
|t:|1760416117
|switch|p2a: Moltres|Moltres|100/100|[from] Chilly Reception
|move|p1a: Gallade|Trick Room|p1a: Gallade
|-fieldstart|move: Trick Room|[of] p1a: Gallade
|
|-weather|Snowscape|[upkeep]
|-heal|p1a: Gallade|81/100|[from] item: Leftovers
|upkeep
|turn|16
|
|t:|1760416133
|move|p1a: Gallade|Psycho Cut|p2a: Moltres
|-damage|p2a: Moltres|60/100
|move|p2a: Moltres|Flamethrower|p1a: Gallade
|-damage|p1a: Gallade|45/100
|-status|p1a: Gallade|brn
|
|-weather|Snowscape|[upkeep]
|-heal|p1a: Gallade|51/100 brn|[from] item: Leftovers
|-damage|p1a: Gallade|45/100 brn|[from] brn
|upkeep
|turn|17
|
|t:|1760416146
|move|p1a: Gallade|Knock Off|p2a: Moltres
|-damage|p2a: Moltres|48/100
|-enditem|p2a: Moltres|Heavy-Duty Boots|[from] move: Knock Off|[of] p1a: Gallade
|move|p2a: Moltres|Roost|p2a: Moltres
|-heal|p2a: Moltres|98/100
|-singleturn|p2a: Moltres|move: Roost
|
|-weather|Snowscape|[upkeep]
|-heal|p1a: Gallade|51/100 brn|[from] item: Leftovers
|-damage|p1a: Gallade|45/100 brn|[from] brn
|upkeep
|turn|18
|
|t:|1760416152
|switch|p1a: Primarina|Primarina, F|100/100
|move|p2a: Moltres|Flamethrower|p1a: Primarina
|-resisted|p1a: Primarina
|-damage|p1a: Primarina|91/100
|
|-weather|Snowscape|[upkeep]
|upkeep
|turn|19
|
|t:|1760416162
|switch|p2a: Meowscarada|Meowscarada, F|100/100
|move|p1a: Primarina|Shadow Ball|p2a: Meowscarada
|-resisted|p2a: Meowscarada
|-damage|p2a: Meowscarada|76/100
|
|-weather|none
|-fieldend|move: Trick Room
|upkeep
|turn|20
|
|t:|1760416187
|-terastallize|p1a: Primarina|Steel
|move|p2a: Meowscarada|Flower Trick|p1a: Primarina
|-resisted|p1a: Primarina
|-crit|p1a: Primarina
|-damage|p1a: Primarina|62/100
|move|p1a: Primarina|Moonblast|p2a: Meowscarada
|-supereffective|p2a: Meowscarada
|-crit|p2a: Meowscarada
|-damage|p2a: Meowscarada|0 fnt
|faint|p2a: Meowscarada
|
|upkeep
|
|t:|1760416196
|switch|p2a: Moltres|Moltres|98/100
|turn|21
|
|t:|1760416204
|move|p2a: Moltres|Flamethrower|p1a: Primarina
|-supereffective|p1a: Primarina
|-damage|p1a: Primarina|21/100
|move|p1a: Primarina|Psychic Noise|p2a: Moltres
|-supereffective|p2a: Moltres
|-damage|p2a: Moltres|4/100
|-start|p2a: Moltres|move: Heal Block
|
|upkeep
|turn|22
|
|t:|1760416218
|move|p2a: Moltres|Flamethrower|p1a: Primarina
|-supereffective|p1a: Primarina
|-damage|p1a: Primarina|0 fnt
|faint|p1a: Primarina
|
|-end|p2a: Moltres|move: Heal Block
|upkeep
|
|t:|1760416227
|switch|p1a: Dragonite|Dragonite, F|100/100
|turn|23
|
|t:|1760416245
|switch|p2a: Ursaluna|Ursaluna, F|66/100
|move|p1a: Dragonite|Extreme Speed|p2a: Ursaluna
|-damage|p2a: Ursaluna|45/100
|
|-heal|p2a: Ursaluna|51/100|[from] item: Leftovers
|upkeep
|turn|24
|
|t:|1760416252
|move|p1a: Dragonite|Low Kick|p2a: Ursaluna
|-supereffective|p2a: Ursaluna
|-damage|p2a: Ursaluna|0 fnt
|faint|p2a: Ursaluna
|
|upkeep
|
|t:|1760416259
|switch|p2a: Gholdengo|Gholdengo|45/100
|turn|25
|
|t:|1760416269
|move|p2a: Gholdengo|Trick|p1a: Dragonite
|-activate|p2a: Gholdengo|move: Trick|[of] p1a: Dragonite
|-item|p1a: Dragonite|Choice Scarf|[from] move: Trick
|-item|p2a: Gholdengo|Heavy-Duty Boots|[from] move: Trick
|move|p1a: Dragonite|Thunder Punch|p2a: Gholdengo
|-damage|p2a: Gholdengo|9/100
|
|upkeep
|turn|26
|
|t:|1760416277
|move|p1a: Dragonite|Thunder Punch|p2a: Gholdengo
|-damage|p2a: Gholdengo|0 fnt
|faint|p2a: Gholdengo
|
|upkeep
|
|t:|1760416281
|switch|p2a: Slowking|Slowking-Galar, F|97/100
|turn|27
|
|t:|1760416290
|switch|p1a: Gallade|Gallade, M|45/100 brn
|move|p2a: Slowking|Future Sight|p1a: Gallade
|-start|p2a: Slowking|move: Future Sight
|
|-heal|p1a: Gallade|51/100 brn|[from] item: Leftovers
|-damage|p1a: Gallade|45/100 brn|[from] brn
|upkeep
|turn|28
|
|t:|1760416302
|move|p1a: Gallade|Psycho Cut|p2a: Slowking
|-damage|p2a: Slowking|76/100
|move|p2a: Slowking|Sludge Bomb|p1a: Gallade
|-damage|p1a: Gallade|17/100 brn
|
|-heal|p1a: Gallade|23/100 brn|[from] item: Leftovers
|-damage|p1a: Gallade|17/100 brn|[from] brn
|upkeep
|turn|29
|
|t:|1760416311
|move|p1a: Gallade|Knock Off|p2a: Slowking
|-supereffective|p2a: Slowking
|-damage|p2a: Slowking|49/100
|-enditem|p2a: Slowking|Heavy-Duty Boots|[from] move: Knock Off|[of] p1a: Gallade
|move|p2a: Slowking|Sludge Bomb|p1a: Gallade
|-damage|p1a: Gallade|0 fnt
|faint|p1a: Gallade
|
|-hint|Future Sight did not hit because the target is fainted.
|upkeep
|
|t:|1760416323
|switch|p1a: Ursaluna|Ursaluna, F|64/100 brn
|turn|30
|
|t:|1760416327
|switch|p2a: Moltres|Moltres|4/100
|move|p1a: Ursaluna|Facade|p2a: Moltres
|-damage|p2a: Moltres|0 fnt
|faint|p2a: Moltres
|
|-damage|p1a: Ursaluna|58/100 brn|[from] brn
|upkeep
|
|t:|1760416332
|switch|p2a: Slowking|Slowking-Galar, F|82/100
|turn|31
|
|t:|1760416342
|move|p1a: Ursaluna|Earthquake|p2a: Slowking
|-supereffective|p2a: Slowking
|-damage|p2a: Slowking|0 fnt
|faint|p2a: Slowking
|
|win|kittensnax
|raw|kittensnax's rating: 1422 &rarr; <strong>1437</strong><br />(+15 for winning)
|raw|demigod157751's rating: 1341 &rarr; <strong>1326</strong><br />(-15 for losing)
|l|☆demigod157751
|player|p2|
|l|☆kittensnax
|player|p1|
