|j|☆tri dusk
|j|☆ladderingdawg
|t:|1760332675
|gametype|singles
|player|p1|tri dusk|collector|1160
|player|p2|ladderingdawg|266|1150
|gen|9
|tier|[Gen 9] OU
|rated|
|rule|HP Percentage Mod: HP is shown in percentages
|rule|Endless Battle Clause: Forcing endless battles is banned
|rule|Species Clause: Limit one of each Pokémon
|rule|OHKO Clause: OHKO moves are banned
|rule|Evasion Items Clause: Evasion items are banned
|rule|Evasion Moves Clause: Evasion moves are banned
|rule|Evasion Abilities Clause: Evasion abilities are banned
|rule|Sleep Moves Clause: Sleep-inducing moves are banned
|clearpoke
|poke|p1|Porygon2|
|poke|p1|Dragonite, F|
|poke|p1|Gyarados, M|
|poke|p1|Golem, F|
|poke|p1|Forretress, F|
|poke|p1|Salamence, M|
|poke|p2|Kingambit, F|
|poke|p2|Gliscor, M|
|poke|p2|Slowking-Galar, F|
|poke|p2|Iron Valiant|
|poke|p2|Great Tusk|
|poke|p2|Ogerpon-Wellspring, F|
|teampreview
|inactive|Battle timer is ON: inactive players will automatically lose when time's up. (requested by tri dusk)
|
|t:|1760332689
|teamsize|p1|6
|teamsize|p2|6
|start
|switch|p1a: Forretress|Forretress, F|100/100
|switch|p2a: big stall|Gliscor, M|100/100
|turn|1
|
|t:|1760332699
|move|p2a: big stall|Spikes|p1a: Forretress
|-sidestart|p1: tri dusk|Spikes
|move|p1a: Forretress|Spikes|p2a: big stall
|-sidestart|p2: ladderingdawg|Spikes
|
|-status|p2a: big stall|tox|[from] item: Toxic Orb
|upkeep
|turn|2
|
|t:|1760332713
|switch|p2a: vallunt|Iron Valiant|100/100
|-damage|p2a: vallunt|88/100|[from] Spikes
|-enditem|p2a: vallunt|Booster Energy
|-activate|p2a: vallunt|ability: Quark Drive|[fromitem]
|-start|p2a: vallunt|quarkdrivespe
|move|p1a: Forretress|Spikes|p2a: vallunt
|-sidestart|p2: ladderingdawg|Spikes
|
|upkeep
|turn|3
|
|t:|1760332728
|move|p2a: vallunt|Encore|p1a: Forretress
|-start|p1a: Forretress|Encore
|move|p1a: Forretress|Spikes|p2a: vallunt
|-sidestart|p2: ladderingdawg|Spikes
|
|upkeep
|turn|4
|
|t:|1760332735
|move|p2a: vallunt|Calm Mind|p2a: vallunt
|-boost|p2a: vallunt|spa|1
|-boost|p2a: vallunt|spd|1
|move|p1a: Forretress|Spikes||[still]
|-fail|p1a: Forretress
|
|upkeep
|turn|5
|
|t:|1760332741
|move|p2a: vallunt|Calm Mind|p2a: vallunt
|-boost|p2a: vallunt|spa|1
|-boost|p2a: vallunt|spd|1
|move|p1a: Forretress|Spikes||[still]
|-fail|p1a: Forretress
|
|-end|p1a: Forretress|Encore
|upkeep
|turn|6
|
|t:|1760332753
|move|p2a: vallunt|Shadow Ball|p1a: Forretress
|-damage|p1a: Forretress|22/100
|move|p1a: Forretress|Rapid Spin|p2a: vallunt
|-damage|p2a: vallunt|74/100
|-boost|p1a: Forretress|spe|1
|-sideend|p1: tri dusk|Spikes|[from] move: Rapid Spin|[of] p1a: Forretress
|
|-heal|p1a: Forretress|28/100|[from] item: Leftovers
|upkeep
|turn|7
|
|t:|1760332763
|move|p2a: vallunt|Shadow Ball|p1a: Forretress
|-damage|p1a: Forretress|0 fnt
|faint|p1a: Forretress
|
|upkeep
|
|t:|1760332769
|switch|p1a: Golem|Golem, F|100/100
|turn|8
|
|t:|1760332777
|move|p2a: vallunt|Moonblast|p1a: Golem
|-ability|p1a: Golem|Sturdy
|-damage|p1a: Golem|1/100
|-unboost|p1a: Golem|spa|1
|move|p1a: Golem|Stealth Rock|p2a: vallunt
|-sidestart|p2: ladderingdawg|move: Stealth Rock
|
|upkeep
|turn|9
|-enditem|p1a: Golem|Custap Berry|[eat]
|-activate|p1a: Golem|item: Custap Berry|[consumed]
|
|t:|1760332786
|move|p1a: Golem|Explosion|p2a: vallunt
|-damage|p2a: vallunt|0 fnt
|faint|p1a: Golem
|faint|p2a: vallunt
|-end|p2a: vallunt|Quark Drive|[silent]
|
|upkeep
|
|t:|1760332806
|switch|p2a: really bad joke|Slowking-Galar, F|100/100
|switch|p1a: Salamence|Salamence, M|100/100
|turn|10
|
|t:|1760332818
|move|p1a: Salamence|Dual Wingbeat|p2a: really bad joke
|-damage|p2a: really bad joke|77/100
|-damage|p2a: really bad joke|55/100
|-hitcount|p2a: really bad joke|2
|move|p2a: really bad joke|Future Sight|p1a: Salamence
|-start|p2a: really bad joke|move: Future Sight
|
|upkeep
|turn|11
|
|t:|1760332827
|switch|p1a: Porygon2|Porygon2|100/100
|-ability|p1a: Porygon2|Regenerator|Trace|[from] ability: Trace|[of] p2a: really bad joke
|move|p2a: really bad joke|Sludge Bomb|p1a: Porygon2
|-damage|p1a: Porygon2|86/100
|
|upkeep
|turn|12
|
|t:|1760332840
|move|p1a: Porygon2|Charge Beam|p2a: really bad joke
|-damage|p2a: really bad joke|48/100
|move|p2a: really bad joke|Thunder Wave|p1a: Porygon2|[miss]
|-miss|p2a: really bad joke|p1a: Porygon2
|
|-end|p1a: Porygon2|move: Future Sight
|-damage|p1a: Porygon2|66/100
|upkeep
|turn|13
|
|t:|1760332853
|move|p1a: Porygon2|Tri Attack|p2a: really bad joke
|-damage|p2a: really bad joke|30/100
|-status|p2a: really bad joke|brn
|move|p2a: really bad joke|Thunder Wave|p1a: Porygon2
|-status|p1a: Porygon2|par
|
|-damage|p2a: really bad joke|24/100 brn|[from] brn
|upkeep
|turn|14
|
|t:|1760332865
|switch|p2a: big stall|Gliscor, M|100/100 tox
|-damage|p2a: big stall|88/100 tox|[from] Stealth Rock
|cant|p1a: Porygon2|par
|
|-heal|p2a: big stall|100/100 tox|[from] ability: Poison Heal
|upkeep
|turn|15
|
|t:|1760332875
|move|p2a: big stall|Spikes|p1a: Porygon2
|-sidestart|p1: tri dusk|Spikes
|move|p1a: Porygon2|Tri Attack|p2a: big stall
|-damage|p2a: big stall|63/100 tox
|
|-heal|p2a: big stall|75/100 tox|[from] ability: Poison Heal
|upkeep
|turn|16
|
|t:|1760332885
|move|p2a: big stall|Protect|p2a: big stall
|-singleturn|p2a: big stall|Protect
|move|p1a: Porygon2|Recover|p1a: Porygon2
|-heal|p1a: Porygon2|100/100 par
|
|-heal|p2a: big stall|88/100 tox|[from] ability: Poison Heal
|upkeep
|turn|17
|
|t:|1760332895
|move|p2a: big stall|Spikes|p1a: Porygon2
|-sidestart|p1: tri dusk|Spikes
|cant|p1a: Porygon2|par
|
|-heal|p2a: big stall|99/100 tox|[from] ability: Poison Heal
|upkeep
|turn|18
|inactive|tri dusk has 120 seconds left.
|inactive|tri dusk has 90 seconds left.
|
|t:|1760332972
|move|p2a: big stall|Spikes|p1a: Porygon2
|-sidestart|p1: tri dusk|Spikes
|move|p1a: Porygon2|Tri Attack|p2a: big stall
|-damage|p2a: big stall|66/100 tox
|
|-heal|p2a: big stall|79/100 tox|[from] ability: Poison Heal
|upkeep
|turn|19
|
|t:|1760332983
|move|p2a: big stall|Protect|p2a: big stall
|-singleturn|p2a: big stall|Protect
|move|p1a: Porygon2|Shadow Ball|p2a: big stall
|-activate|p2a: big stall|move: Protect
|
|-heal|p2a: big stall|91/100 tox|[from] ability: Poison Heal
|upkeep
|turn|20
|
|t:|1760332995
|switch|p2a: tuskussy|Great Tusk|100/100
|move|p1a: Porygon2|Shadow Ball|p2a: tuskussy
|-damage|p2a: tuskussy|72/100
|
|upkeep
|turn|21
|
|t:|1760333024
|-terastallize|p1a: Porygon2|Bug
|move|p2a: tuskussy|Stealth Rock|p1a: Porygon2
|-sidestart|p1: tri dusk|move: Stealth Rock
|cant|p1a: Porygon2|par
|
|upkeep
|turn|22
|
|t:|1760333032
|move|p2a: tuskussy|Rapid Spin|p1a: Porygon2
|-damage|p1a: Porygon2|90/100 par
|-boost|p2a: tuskussy|spe|1
|-sideend|p2: ladderingdawg|Spikes|[from] move: Rapid Spin|[of] p2a: tuskussy
|-sideend|p2: ladderingdawg|Stealth Rock|[from] move: Rapid Spin|[of] p2a: tuskussy
|move|p1a: Porygon2|Tri Attack|p2a: tuskussy
|-damage|p2a: tuskussy|26/100
|
|upkeep
|turn|23
|
|t:|1760333047
|move|p2a: tuskussy|Headlong Rush|p1a: Porygon2
|-resisted|p1a: Porygon2
|-damage|p1a: Porygon2|68/100 par
|-unboost|p2a: tuskussy|def|1
|-unboost|p2a: tuskussy|spd|1
|move|p1a: Porygon2|Tri Attack|p2a: tuskussy
|-damage|p2a: tuskussy|0 fnt
|faint|p2a: tuskussy
|-end|p2a: tuskussy|Protosynthesis|[silent]
|
|upkeep
|
|t:|1760333063
|switch|p2a: Ogerpon|Ogerpon-Wellspring, F|100/100
|turn|24
|
|t:|1760333076
|move|p2a: Ogerpon|Swords Dance|p2a: Ogerpon
|-boost|p2a: Ogerpon|atk|2
|move|p1a: Porygon2|Recover|p1a: Porygon2
|-heal|p1a: Porygon2|100/100 par
|
|upkeep
|turn|25
|
|t:|1760333083
|move|p2a: Ogerpon|Swords Dance|p2a: Ogerpon
|-boost|p2a: Ogerpon|atk|2
|move|p1a: Porygon2|Tri Attack|p2a: Ogerpon
|-damage|p2a: Ogerpon|67/100
|
|upkeep
|turn|26
|inactive|tri dusk has 90 seconds left.
|
|t:|1760333091
|move|p2a: Ogerpon|Horn Leech|p1a: Porygon2
|-resisted|p1a: Porygon2
|-damage|p1a: Porygon2|56/100 par
|-heal|p2a: Ogerpon|94/100|[from] drain|[of] p1a: Porygon2
|cant|p1a: Porygon2|par
|
|upkeep
|turn|27
|
|t:|1760333099
|move|p2a: Ogerpon|Horn Leech|p1a: Porygon2
|-resisted|p1a: Porygon2
|-damage|p1a: Porygon2|12/100 par
|-heal|p2a: Ogerpon|100/100|[from] drain|[of] p1a: Porygon2
|cant|p1a: Porygon2|par
|
|upkeep
|turn|28
|
|t:|1760333106
|move|p2a: Ogerpon|Knock Off|p1a: Porygon2
|-damage|p1a: Porygon2|0 fnt
|-enditem|p1a: Porygon2|Eviolite|[from] move: Knock Off|[of] p2a: Ogerpon
|faint|p1a: Porygon2
|
|upkeep
|
|t:|1760333115
|switch|p1a: Salamence|Salamence, M|100/100
|-damage|p1a: Salamence|75/100|[from] Stealth Rock
|turn|29
|
|t:|1760333121
|-terastallize|p2a: Ogerpon|Water
|detailschange|p2a: Ogerpon|Ogerpon-Wellspring-Tera, F, tera:Water
|-ability|p2a: Ogerpon|Embody Aspect (Wellspring)|boost
|-boost|p2a: Ogerpon|spd|1
|move|p1a: Salamence|Dual Wingbeat|p2a: Ogerpon
|-damage|p2a: Ogerpon|71/100
|-damage|p2a: Ogerpon|42/100
|-hitcount|p2a: Ogerpon|2
|move|p2a: Ogerpon|Ivy Cudgel|p1a: Salamence|[anim] Ivy Cudgel Water
|-resisted|p1a: Salamence
|-crit|p1a: Salamence
|-damage|p1a: Salamence|0 fnt
|faint|p1a: Salamence
|
|upkeep
|inactive|tri dusk has 90 seconds left.
|
|t:|1760333148
|switch|p1a: Dragonite|Dragonite, F|100/100
|turn|30
|inactive|tri dusk has 90 seconds left.
|
|t:|1760333155
|move|p2a: Ogerpon|Knock Off|p1a: Dragonite
|-damage|p1a: Dragonite|51/100
|-enditem|p1a: Dragonite|Heavy-Duty Boots|[from] move: Knock Off|[of] p2a: Ogerpon
|move|p1a: Dragonite|Dragon Dance|p1a: Dragonite
|-boost|p1a: Dragonite|atk|1
|-boost|p1a: Dragonite|spe|1
|
|upkeep
|turn|31
|
|t:|1760333166
|move|p1a: Dragonite|Extreme Speed|p2a: Ogerpon
|-damage|p2a: Ogerpon|0 fnt
|faint|p2a: Ogerpon
|detailschange|p2: Ogerpon|Ogerpon-Wellspring, F|[silent]
|
|upkeep
|
|t:|1760333173
|switch|p2a: big stall|Gliscor, M|91/100 tox
|turn|32
|
|t:|1760333179
|move|p2a: big stall|Protect|p2a: big stall
|-singleturn|p2a: big stall|Protect
|move|p1a: Dragonite|Dragon Claw|p2a: big stall
|-activate|p2a: big stall|move: Protect
|
|-heal|p2a: big stall|100/100 tox|[from] ability: Poison Heal
|upkeep
|turn|33
|
|t:|1760333188
|move|p1a: Dragonite|Dragon Claw|p2a: big stall
|-damage|p2a: big stall|56/100 tox
|move|p2a: big stall|Toxic|p1a: Dragonite
|-status|p1a: Dragonite|tox
|
|-damage|p1a: Dragonite|45/100 tox|[from] psn
|-heal|p2a: big stall|69/100 tox|[from] ability: Poison Heal
|upkeep
|turn|34
|
|t:|1760333199
|move|p2a: big stall|Protect|p2a: big stall
|-singleturn|p2a: big stall|Protect
|move|p1a: Dragonite|Dragon Dance|p1a: Dragonite
|-boost|p1a: Dragonite|atk|1
|-boost|p1a: Dragonite|spe|1
|
|-damage|p1a: Dragonite|32/100 tox|[from] psn
|-heal|p2a: big stall|81/100 tox|[from] ability: Poison Heal
|upkeep
|turn|35
|
|t:|1760333227
|move|p2a: big stall|Protect|p2a: big stall
|-singleturn|p2a: big stall|Protect
|move|p1a: Dragonite|Dragon Claw|p2a: big stall
|-activate|p2a: big stall|move: Protect
|
|-damage|p1a: Dragonite|13/100 tox|[from] psn
|-heal|p2a: big stall|93/100 tox|[from] ability: Poison Heal
|upkeep
|turn|36
|inactive|tri dusk has 120 seconds left.
|
|t:|1760333241
|move|p1a: Dragonite|Dragon Claw|p2a: big stall
|-damage|p2a: big stall|36/100 tox
|move|p2a: big stall|U-turn|p1a: Dragonite
|-resisted|p1a: Dragonite
|-damage|p1a: Dragonite|6/100 tox
|
|t:|1760333248
|switch|p2a: really bad joke|Slowking-Galar, F|58/100 brn|[from] U-turn
|
|-damage|p1a: Dragonite|0 fnt|[from] psn
|faint|p1a: Dragonite
|-damage|p2a: really bad joke|52/100 brn|[from] brn
|upkeep
|inactive|tri dusk has 120 seconds left.
|
|t:|1760333256
|switch|p1a: Gyarados|Gyarados, M|100/100
|-damage|p1a: Gyarados|75/100|[from] Stealth Rock
|turn|37
|
|t:|1760333263
|move|p1a: Gyarados|Aqua Tail|p2a: really bad joke
|-damage|p2a: really bad joke|6/100 brn
|move|p2a: really bad joke|Thunder Wave|p1a: Gyarados
|-status|p1a: Gyarados|par
|
|-damage|p2a: really bad joke|0 fnt|[from] brn
|faint|p2a: really bad joke
|upkeep
|-message|tri dusk forfeited.
|
|win|ladderingdawg
|raw|tri dusk's rating: 1160 &rarr; <strong>1134</strong><br />(-26 for losing)
|raw|ladderingdawg's rating: 1150 &rarr; <strong>1176</strong><br />(+26 for winning)
|l|☆tri dusk
|player|p1|
|l|☆ladderingdawg
|player|p2|
