|j|☆Blank_Playe_pract
|j|☆Victini Road
|t:|1760304402
|gametype|singles
|player|p1|Blank_Playe_pract|2|1622
|player|p2|Victini Road|n|1710
|gen|9
|tier|[Gen 9] OU
|rated|
|rule|HP Percentage Mod: HP is shown in percentages
|rule|Endless Battle Clause: Forcing endless battles is banned
|rule|Species Clause: Limit one of each Pokémon
|rule|OHKO Clause: OHKO moves are banned
|rule|Evasion Items Clause: Evasion items are banned
|rule|Evasion Moves Clause: Evasion moves are banned
|rule|Evasion Abilities Clause: Evasion abilities are banned
|rule|Sleep Moves Clause: Sleep-inducing moves are banned
|clearpoke
|poke|p1|Diancie|
|poke|p1|Kyurem|
|poke|p1|Necrozma|
|poke|p1|Hatterene, F|
|poke|p1|Iron Hands|
|poke|p1|Landorus-Therian, M|
|poke|p2|Weavile, F|
|poke|p2|Dragonite, M|
|poke|p2|Great Tusk|
|poke|p2|Landorus-Therian, M|
|poke|p2|Kingambit, M|
|poke|p2|Iron Valiant|
|teampreview
|inactive|Battle timer is ON: inactive players will automatically lose when time's up. (requested by Blank_Playe_pract)
|
|t:|1760304407
|teamsize|p1|6
|teamsize|p2|6
|start
|switch|p1a: Landorus|Landorus-Therian, M|100/100
|switch|p2a: Weavile|Weavile, F|100/100
|-ability|p2a: Weavile|Pressure
|-ability|p1a: Landorus|Intimidate|boost
|-unboost|p2a: Weavile|atk|1
|turn|1
|
|t:|1760304412
|-terastallize|p1a: Landorus|Water
|move|p2a: Weavile|Swords Dance|p2a: Weavile
|-boost|p2a: Weavile|atk|2
|move|p1a: Landorus|U-turn|p2a: Weavile
|-supereffective|p2a: Weavile
|-damage|p2a: Weavile|28/100
|
|t:|1760304418
|switch|p1a: Iron Hands|Iron Hands|100/100|[from] U-turn
|-enditem|p1a: Iron Hands|Booster Energy
|-activate|p1a: Iron Hands|ability: Quark Drive|[fromitem]
|-start|p1a: Iron Hands|quarkdriveatk
|
|upkeep
|turn|2
|
|t:|1760304429
|-end|p1a: Iron Hands|Quark Drive|[silent]
|switch|p1a: Landorus|Landorus-Therian, M, tera:Water|100/100
|-ability|p1a: Landorus|Intimidate|boost
|-unboost|p2a: Weavile|atk|1
|move|p2a: Weavile|Icicle Spear|p1a: Landorus
|-resisted|p1a: Landorus
|-damage|p1a: Landorus|95/100
|-resisted|p1a: Landorus
|-damage|p1a: Landorus|88/100
|-resisted|p1a: Landorus
|-damage|p1a: Landorus|82/100
|-hitcount|p1a: Landorus|3
|
|upkeep
|turn|3
|
|t:|1760304434
|move|p2a: Weavile|Beat Up|p1a: Landorus
|-damage|p1a: Landorus|75/100
|-damage|p1a: Landorus|65/100
|-damage|p1a: Landorus|56/100
|-damage|p1a: Landorus|47/100
|-damage|p1a: Landorus|39/100
|-damage|p1a: Landorus|30/100
|-hitcount|p1a: Landorus|6
|move|p1a: Landorus|Stealth Rock|p2a: Weavile
|-sidestart|p2: Victini Road|move: Stealth Rock
|
|upkeep
|turn|4
|c|☆Blank_Playe_pract|uhh
|
|t:|1760304444
|move|p2a: Weavile|Beat Up|p1a: Landorus
|-damage|p1a: Landorus|21/100
|-damage|p1a: Landorus|13/100
|-damage|p1a: Landorus|4/100
|-damage|p1a: Landorus|0 fnt
|faint|p1a: Landorus
|-hitcount|p1: Landorus|4
|
|upkeep
|
|t:|1760304447
|switch|p1a: Iron Hands|Iron Hands|100/100
|turn|5
|c|☆Victini Road|yea
|
|t:|1760304459
|move|p2a: Weavile|Icicle Spear|p1a: Iron Hands
|-damage|p1a: Iron Hands|92/100
|-damage|p1a: Iron Hands|84/100
|-hitcount|p1a: Iron Hands|2
|move|p1a: Iron Hands|Drain Punch|p2a: Weavile
|-supereffective|p2a: Weavile
|-damage|p2a: Weavile|0 fnt
|-heal|p1a: Iron Hands|93/100|[from] drain|[of] p2a: Weavile
|faint|p2a: Weavile
|
|upkeep
|c|☆Blank_Playe_pract|why didn't u take rocky helmet damage
|c|☆Victini Road|because beat up doesnt make contact
|c|☆Blank_Playe_pract|oh wow
|c|☆Blank_Playe_pract|that would have been helpful
|inactive|Victini Road has 120 seconds left.
|
|t:|1760304485
|switch|p2a: Great Tusk|Great Tusk|100/100
|-damage|p2a: Great Tusk|98/100|[from] Stealth Rock
|turn|6
|c|☆Blank_Playe_pract|before I wasted tera and an entire mon
|
|t:|1760304498
|move|p2a: Great Tusk|Headlong Rush|p1a: Iron Hands
|-supereffective|p1a: Iron Hands
|-damage|p1a: Iron Hands|0 fnt
|-unboost|p2a: Great Tusk|def|1
|-unboost|p2a: Great Tusk|spd|1
|faint|p1a: Iron Hands
|-end|p1a: Iron Hands|Quark Drive|[silent]
|
|upkeep
|
|t:|1760304501
|switch|p1a: Kyurem|Kyurem|100/100
|-ability|p1a: Kyurem|Pressure
|turn|7
|
|t:|1760304504
|move|p1a: Kyurem|Dragon Dance|p1a: Kyurem
|-boost|p1a: Kyurem|atk|1
|-boost|p1a: Kyurem|spe|1
|move|p2a: Great Tusk|Headlong Rush|p1a: Kyurem
|-damage|p1a: Kyurem|9/100
|-unboost|p2a: Great Tusk|def|1
|-unboost|p2a: Great Tusk|spd|1
|
|upkeep
|turn|8
|
|t:|1760304507
|move|p1a: Kyurem|Icicle Spear|p2a: Great Tusk
|-supereffective|p2a: Great Tusk
|-damage|p2a: Great Tusk|39/100
|-supereffective|p2a: Great Tusk
|-damage|p2a: Great Tusk|0 fnt
|faint|p2a: Great Tusk
|-end|p2a: Great Tusk|Protosynthesis|[silent]
|-hitcount|p2: Great Tusk|2
|
|upkeep
|
|t:|1760304510
|switch|p2a: Iron Valiant|Iron Valiant|100/100
|-damage|p2a: Iron Valiant|94/100|[from] Stealth Rock
|-enditem|p2a: Iron Valiant|Booster Energy
|-activate|p2a: Iron Valiant|ability: Quark Drive|[fromitem]
|-start|p2a: Iron Valiant|quarkdrivespe
|turn|9
|
|t:|1760304513
|move|p2a: Iron Valiant|Knock Off|p1a: Kyurem
|-damage|p1a: Kyurem|0 fnt
|-enditem|p1a: Kyurem|Loaded Dice|[from] move: Knock Off|[of] p2a: Iron Valiant
|faint|p1a: Kyurem
|
|upkeep
|
|t:|1760304516
|switch|p1a: Necrozma|Necrozma|100/100
|turn|10
|
|t:|1760304529
|move|p2a: Iron Valiant|Spirit Break|p1a: Necrozma
|-damage|p1a: Necrozma|65/100
|-unboost|p1a: Necrozma|spa|1
|move|p1a: Necrozma|Trick Room|p1a: Necrozma
|-fieldstart|move: Trick Room|[of] p1a: Necrozma
|
|upkeep
|turn|11
|
|t:|1760304537
|move|p1a: Necrozma|Meteor Beam||[still]
|-prepare|p1a: Necrozma|Meteor Beam
|-boost|p1a: Necrozma|spa|1
|-enditem|p1a: Necrozma|Power Herb
|-anim|p1a: Necrozma|Meteor Beam|p2a: Iron Valiant
|-resisted|p2a: Iron Valiant
|-damage|p2a: Iron Valiant|55/100
|move|p2a: Iron Valiant|Spirit Break|p1a: Necrozma
|-damage|p1a: Necrozma|29/100
|-unboost|p1a: Necrozma|spa|1
|
|upkeep
|turn|12
|
|t:|1760304546
|-end|p2a: Iron Valiant|Quark Drive|[silent]
|switch|p2a: Kingambit|Kingambit, M|100/100
|-damage|p2a: Kingambit|94/100|[from] Stealth Rock
|-activate|p2a: Kingambit|ability: Supreme Overlord
|-start|p2a: Kingambit|fallen2|[silent]
|move|p1a: Necrozma|Photon Geyser|p2a: Kingambit
|-immune|p2a: Kingambit
|
|upkeep
|turn|13
|
|t:|1760304551
|move|p2a: Kingambit|Kowtow Cleave|p1a: Necrozma
|-supereffective|p1a: Necrozma
|-crit|p1a: Necrozma
|-damage|p1a: Necrozma|0 fnt
|faint|p1a: Necrozma
|-damage|p2a: Kingambit|84/100|[from] item: Life Orb
|
|upkeep
|
|t:|1760304556
|switch|p1a: Diancie|Diancie|100/100
|turn|14
|
|t:|1760304558
|move|p1a: Diancie|Earth Power|p2a: Kingambit
|-supereffective|p2a: Kingambit
|-damage|p2a: Kingambit|26/100
|move|p2a: Kingambit|Iron Head|p1a: Diancie
|-supereffective|p1a: Diancie
|-damage|p1a: Diancie|0 fnt
|faint|p1a: Diancie
|-damage|p2a: Kingambit|16/100|[from] item: Life Orb
|
|-fieldend|move: Trick Room
|upkeep
|
|t:|1760304562
|switch|p1a: Hatterene|Hatterene, F|100/100
|turn|15
|c|☆Blank_Playe_pract|ggwp
|
|t:|1760304565
|move|p2a: Kingambit|Iron Head|p1a: Hatterene
|-supereffective|p1a: Hatterene
|-damage|p1a: Hatterene|0 fnt
|faint|p1a: Hatterene
|-damage|p2a: Kingambit|6/100|[from] item: Life Orb
|
|win|Victini Road
|raw|Blank_Playe_pract's rating: 1622 &rarr; <strong>1607</strong><br />(-15 for losing)
|raw|Victini Road's rating: 1710 &rarr; <strong>1725</strong><br />(+15 for winning)
|c|☆Victini Road|gg
|l|☆Blank_Playe_pract
|player|p1|
|l|☆Victini Road
|player|p2|
