|j|☆posummer薯片
|j|☆KuroNoTamashi
|t:|1760445640
|gametype|singles
|player|p1|posummer薯片|alder|1494
|player|p2|KuroNoTamashi|169|1414
|gen|9
|tier|[Gen 9] OU
|rated|
|rule|HP Percentage Mod: HP is shown in percentages
|rule|Endless Battle Clause: Forcing endless battles is banned
|rule|Species Clause: Limit one of each Pokémon
|rule|OHKO Clause: OHKO moves are banned
|rule|Evasion Items Clause: Evasion items are banned
|rule|Evasion Moves Clause: Evasion moves are banned
|rule|Evasion Abilities Clause: Evasion abilities are banned
|rule|Sleep Moves Clause: Sleep-inducing moves are banned
|clearpoke
|poke|p1|Chansey, F|
|poke|p1|Cinderace, M|
|poke|p1|Dragapult, M|
|poke|p1|Corviknight, M|
|poke|p1|Primarina, F|
|poke|p1|Ursaluna, F|
|poke|p2|Dragapult, M|
|poke|p2|Fezandipiti, M|
|poke|p2|Moltres|
|poke|p2|Alomomola, M|
|poke|p2|Kingambit, M|
|poke|p2|Hatterene, F|
|teampreview
|
|t:|1760445652
|teamsize|p1|6
|teamsize|p2|6
|start
|switch|p1a: WUSYANAME|Ursaluna, F, shiny|100/100
|switch|p2a: Hatterene|Hatterene, F|100/100
|turn|1
|
|t:|1760445656
|move|p1a: WUSYANAME|Body Slam|p2a: Hatterene
|-damage|p2a: Hatterene|55/100
|-status|p2a: Hatterene|par
|move|p2a: Hatterene|Psyshock|p1a: WUSYANAME
|-damage|p1a: WUSYANAME|66/100
|
|-heal|p1a: WUSYANAME|72/100|[from] item: Leftovers
|upkeep
|turn|2
|
|t:|1760445663
|move|p1a: WUSYANAME|Earthquake|p2a: Hatterene
|-damage|p2a: Hatterene|0 fnt
|faint|p2a: Hatterene
|
|-heal|p1a: WUSYANAME|78/100|[from] item: Leftovers
|upkeep
|
|t:|1760445667
|switch|p2a: Fezandipiti|Fezandipiti, M|100/100
|turn|3
|
|t:|1760445670
|move|p2a: Fezandipiti|Moonblast|p1a: WUSYANAME
|-damage|p1a: WUSYANAME|41/100
|move|p1a: WUSYANAME|Earthquake|p2a: Fezandipiti
|-supereffective|p2a: Fezandipiti
|-damage|p2a: Fezandipiti|0 fnt
|faint|p2a: Fezandipiti
|
|-heal|p1a: WUSYANAME|47/100|[from] item: Leftovers
|upkeep
|
|t:|1760445674
|switch|p2a: Dragapult|Dragapult, M, shiny|100/100
|turn|4
|
|t:|1760445683
|move|p2a: Dragapult|Dragon Darts|p1a: WUSYANAME
|-damage|p1a: WUSYANAME|22/100
|-anim|p2a: Dragapult|Dragon Darts|p1a: WUSYANAME
|-damage|p1a: WUSYANAME|0 fnt
|faint|p1a: WUSYANAME
|
|upkeep
|
|t:|1760445690
|switch|p1a: Ru Paul|Primarina, F, shiny|100/100
|turn|5
|
|t:|1760445693
|switch|p2a: Alomomola|Alomomola, M|100/100
|move|p1a: Ru Paul|Moonblast|p2a: Alomomola
|-damage|p2a: Alomomola|74/100
|-unboost|p2a: Alomomola|spa|1
|
|upkeep
|turn|6
|
|t:|1760445697
|move|p1a: Ru Paul|Whirlpool|p2a: Alomomola
|-resisted|p2a: Alomomola
|-damage|p2a: Alomomola|68/100
|-activate|p2a: Alomomola|move: Whirlpool|[of] p1a: Ru Paul
|move|p2a: Alomomola|Mirror Coat|p1a: Ru Paul
|-damage|p1a: Ru Paul|85/100
|
|-heal|p1a: Ru Paul|91/100|[from] item: Leftovers
|-damage|p2a: Alomomola|56/100|[from] move: Whirlpool|[partiallytrapped]
|upkeep
|turn|7
|
|t:|1760445703
|move|p1a: Ru Paul|Encore|p2a: Alomomola
|-start|p2a: Alomomola|Encore
|move|p2a: Alomomola|Mirror Coat||[still]
|-fail|p2a: Alomomola
|
|-heal|p1a: Ru Paul|97/100|[from] item: Leftovers
|-damage|p2a: Alomomola|43/100|[from] move: Whirlpool|[partiallytrapped]
|upkeep
|turn|8
|
|t:|1760445720
|move|p1a: Ru Paul|Psychic Noise|p2a: Alomomola
|-resisted|p2a: Alomomola
|-damage|p2a: Alomomola|34/100
|-start|p2a: Alomomola|move: Heal Block
|move|p2a: Alomomola|Mirror Coat|p1a: Ru Paul
|-damage|p1a: Ru Paul|69/100
|
|-heal|p1a: Ru Paul|75/100|[from] item: Leftovers
|-damage|p2a: Alomomola|21/100|[from] move: Whirlpool|[partiallytrapped]
|upkeep
|turn|9
|
|t:|1760445730
|move|p1a: Ru Paul|Moonblast|p2a: Alomomola
|-damage|p2a: Alomomola|0 fnt
|faint|p2a: Alomomola
|
|-heal|p1a: Ru Paul|81/100|[from] item: Leftovers
|upkeep
|
|t:|1760445734
|switch|p2a: Kingambit|Kingambit, M|100/100
|-activate|p2a: Kingambit|ability: Supreme Overlord
|-start|p2a: Kingambit|fallen3|[silent]
|turn|10
|
|t:|1760445737
|switch|p1a: Freddie Kane|Cinderace, M|100/100
|move|p2a: Kingambit|Kowtow Cleave|p1a: Freddie Kane
|-damage|p1a: Freddie Kane|23/100
|
|upkeep
|turn|11
|
|t:|1760445742
|-end|p2a: Kingambit|fallen3|[silent]
|switch|p2a: Moltres|Moltres|100/100
|move|p1a: Freddie Kane|Will-O-Wisp|p2a: Moltres
|-immune|p2a: Moltres
|
|upkeep
|turn|12
|
|t:|1760445749
|switch|p1a: Ru Paul|Primarina, F, shiny|81/100
|move|p2a: Moltres|U-turn|p1a: Ru Paul
|-resisted|p1a: Ru Paul
|-damage|p1a: Ru Paul|72/100
|
|t:|1760445752
|switch|p2a: Kingambit|Kingambit, M|100/100|[from] U-turn
|-activate|p2a: Kingambit|ability: Supreme Overlord
|-start|p2a: Kingambit|fallen3|[silent]
|
|-heal|p1a: Ru Paul|78/100|[from] item: Leftovers
|upkeep
|turn|13
|
|t:|1760445779
|move|p2a: Kingambit|Iron Head|p1a: Ru Paul
|-damage|p1a: Ru Paul|6/100
|move|p1a: Ru Paul|Moonblast|p2a: Kingambit
|-damage|p2a: Kingambit|61/100
|
|-heal|p1a: Ru Paul|12/100|[from] item: Leftovers
|upkeep
|turn|14
|l|☆KuroNoTamashi
|player|p2|
|inactive|Battle timer is ON: inactive players will automatically lose when time's up. (requested by posummer薯片)
|inactive|KuroNoTamashi has 30 seconds to reconnect!
|inactive|KuroNoTamashi has 20 seconds to reconnect!
|inactive|KuroNoTamashi has 15 seconds to reconnect!
|inactive|KuroNoTamashi has 10 seconds to reconnect!
|inactive|KuroNoTamashi has 5 seconds to reconnect!
|j|☆KuroNoTamashi
|inactive|KuroNoTamashi reconnected and has 95 seconds left.
|player|p2|KuroNoTamashi|169|
|
|t:|1760445863
|switch|p1a: Hoe u trippin?|Corviknight, M, shiny|100/100
|-ability|p1a: Hoe u trippin?|Pressure
|move|p2a: Kingambit|Kowtow Cleave|p1a: Hoe u trippin?
|-crit|p1a: Hoe u trippin?
|-damage|p1a: Hoe u trippin?|42/100
|-damage|p2a: Kingambit|44/100|[from] item: Rocky Helmet|[of] p1a: Hoe u trippin?
|
|upkeep
|turn|15
|
|t:|1760445884
|-terastallize|p2a: Kingambit|Dark
|move|p2a: Kingambit|Kowtow Cleave|p1a: Hoe u trippin?
|-damage|p1a: Hoe u trippin?|0 fnt
|-damage|p2a: Kingambit|28/100|[from] item: Rocky Helmet|[of] p1a: Hoe u trippin?
|faint|p1a: Hoe u trippin?
|
|upkeep
|
|t:|1760445903
|switch|p1a: Hesi Tween|Dragapult, M, shiny|100/100
|turn|16
|
|t:|1760445907
|move|p2a: Kingambit|Sucker Punch||[still]
|-fail|p2a: Kingambit
|move|p1a: Hesi Tween|Will-O-Wisp|p2a: Kingambit|[miss]
|-miss|p1a: Hesi Tween|p2a: Kingambit
|
|upkeep
|turn|17
|
|t:|1760445914
|-end|p2a: Kingambit|fallen3|[silent]
|switch|p2a: Moltres|Moltres|100/100
|move|p1a: Hesi Tween|Will-O-Wisp|p2a: Moltres
|-immune|p2a: Moltres
|
|upkeep
|turn|18
|
|t:|1760445918
|move|p1a: Hesi Tween|Substitute|p1a: Hesi Tween
|-start|p1a: Hesi Tween|Substitute
|-damage|p1a: Hesi Tween|76/100
|move|p2a: Moltres|U-turn|p1a: Hesi Tween
|-resisted|p1a: Hesi Tween
|-activate|p1a: Hesi Tween|move: Substitute|[damage]
|
|t:|1760445920
|switch|p2a: Dragapult|Dragapult, M, shiny|100/100|[from] U-turn
|
|-heal|p1a: Hesi Tween|82/100|[from] item: Leftovers
|upkeep
|turn|19
|
|t:|1760445933
|switch|p1a: Green Eggs and Ham|Chansey, F, shiny|100/100
|move|p2a: Dragapult|Dragon Darts|p1a: Green Eggs and Ham
|-damage|p1a: Green Eggs and Ham|74/100
|-anim|p2a: Dragapult|Dragon Darts|p1a: Green Eggs and Ham
|-damage|p1a: Green Eggs and Ham|47/100
|
|upkeep
|turn|20
|
|t:|1760445944
|switch|p2a: Kingambit|Kingambit, M, tera:Dark|28/100
|-activate|p2a: Kingambit|ability: Supreme Overlord
|-start|p2a: Kingambit|fallen3|[silent]
|switch|p1a: Ru Paul|Primarina, F, shiny|12/100
|
|-heal|p1a: Ru Paul|18/100|[from] item: Leftovers
|upkeep
|turn|21
|
|t:|1760445948
|move|p2a: Kingambit|Kowtow Cleave|p1a: Ru Paul
|-resisted|p1a: Ru Paul
|-damage|p1a: Ru Paul|0 fnt
|faint|p1a: Ru Paul
|
|upkeep
|
|t:|1760445952
|switch|p1a: Hesi Tween|Dragapult, M, shiny|82/100
|turn|22
|
|t:|1760445954
|move|p1a: Hesi Tween|Will-O-Wisp|p2a: Kingambit
|-status|p2a: Kingambit|brn
|move|p2a: Kingambit|Kowtow Cleave|p1a: Hesi Tween
|-supereffective|p1a: Hesi Tween
|-damage|p1a: Hesi Tween|0 fnt
|faint|p1a: Hesi Tween
|
|-damage|p2a: Kingambit|22/100 brn|[from] brn
|upkeep
|
|t:|1760445964
|switch|p1a: Green Eggs and Ham|Chansey, F, shiny|47/100
|turn|23
|
|t:|1760445967
|move|p2a: Kingambit|Kowtow Cleave|p1a: Green Eggs and Ham
|-damage|p1a: Green Eggs and Ham|15/100
|move|p1a: Green Eggs and Ham|Soft-Boiled|p1a: Green Eggs and Ham
|-heal|p1a: Green Eggs and Ham|66/100
|
|-damage|p2a: Kingambit|16/100 brn|[from] brn
|upkeep
|turn|24
|
|t:|1760445972
|-end|p2a: Kingambit|fallen3|[silent]
|switch|p2a: Dragapult|Dragapult, M, shiny|100/100
|move|p1a: Green Eggs and Ham|Soft-Boiled|p1a: Green Eggs and Ham
|-heal|p1a: Green Eggs and Ham|100/100
|
|upkeep
|turn|25
|
|t:|1760445975
|move|p2a: Dragapult|Dragon Darts|p1a: Green Eggs and Ham
|-damage|p1a: Green Eggs and Ham|76/100
|-anim|p2a: Dragapult|Dragon Darts|p1a: Green Eggs and Ham
|-damage|p1a: Green Eggs and Ham|49/100
|move|p1a: Green Eggs and Ham|Thunder Wave|p2a: Dragapult
|-status|p2a: Dragapult|par
|
|upkeep
|turn|26
|
|t:|1760445981
|cant|p2a: Dragapult|par
|move|p1a: Green Eggs and Ham|Soft-Boiled|p1a: Green Eggs and Ham
|-heal|p1a: Green Eggs and Ham|99/100
|
|upkeep
|turn|27
|
|t:|1760445983
|cant|p2a: Dragapult|par
|move|p1a: Green Eggs and Ham|Shadow Ball|p2a: Dragapult
|-supereffective|p2a: Dragapult
|-damage|p2a: Dragapult|79/100 par
|
|upkeep
|turn|28
|
|t:|1760445985
|move|p2a: Dragapult|Dragon Darts|p1a: Green Eggs and Ham
|-damage|p1a: Green Eggs and Ham|72/100
|-anim|p2a: Dragapult|Dragon Darts|p1a: Green Eggs and Ham
|-damage|p1a: Green Eggs and Ham|46/100
|move|p1a: Green Eggs and Ham|Shadow Ball|p2a: Dragapult
|-supereffective|p2a: Dragapult
|-damage|p2a: Dragapult|55/100 par
|
|upkeep
|turn|29
|
|t:|1760445990
|move|p2a: Dragapult|Dragon Darts|p1a: Green Eggs and Ham
|-damage|p1a: Green Eggs and Ham|18/100
|-anim|p2a: Dragapult|Dragon Darts|p1a: Green Eggs and Ham
|-damage|p1a: Green Eggs and Ham|0 fnt
|faint|p1a: Green Eggs and Ham
|
|upkeep
|
|t:|1760445992
|switch|p1a: Freddie Kane|Cinderace, M|23/100
|turn|30
|
|t:|1760445996
|move|p1a: Freddie Kane|Pyro Ball|p2a: Dragapult
|-resisted|p2a: Dragapult
|-damage|p2a: Dragapult|9/100 par
|move|p2a: Dragapult|Dragon Darts|p1a: Freddie Kane
|-damage|p1a: Freddie Kane|0 fnt
|faint|p1a: Freddie Kane
|
|win|KuroNoTamashi
|raw|posummer薯片's rating: 1494 &rarr; <strong>1469</strong><br />(-25 for losing)
|raw|KuroNoTamashi's rating: 1414 &rarr; <strong>1439</strong><br />(+25 for winning)
|l|☆posummer薯片
|player|p1|
|l|☆KuroNoTamashi
|player|p2|
|j|☆KuroNoTamashi
|player|p2|KuroNoTamashi|169|
|l|☆KuroNoTamashi
|player|p2|
