|j|☆Itsuzen
|j|☆fujizen
|t:|1760306397
|gametype|singles
|player|p1|Itsuzen|170|1232
|player|p2|fujizen|lance-gen1|1205
|gen|9
|tier|[Gen 9] OU
|rated|
|rule|HP Percentage Mod: HP is shown in percentages
|rule|Endless Battle Clause: Forcing endless battles is banned
|rule|Species Clause: Limit one of each Pokémon
|rule|OHKO Clause: OHKO moves are banned
|rule|Evasion Items Clause: Evasion items are banned
|rule|Evasion Moves Clause: Evasion moves are banned
|rule|Evasion Abilities Clause: Evasion abilities are banned
|rule|Sleep Moves Clause: Sleep-inducing moves are banned
|clearpoke
|poke|p1|Hawlucha, M|
|poke|p1|Rillaboom, M|
|poke|p1|Ogerpon-Wellspring, F|
|poke|p1|Raging Bolt|
|poke|p1|Iron Treads|
|poke|p1|Ceruledge, M|
|poke|p2|Dragapult, M|
|poke|p2|Hatterene, F|
|poke|p2|Pawmot, F|
|poke|p2|Clefable, F|
|poke|p2|Greninja-*, M|
|poke|p2|Kilowattrel, M|
|teampreview
|inactive|Battle timer is ON: inactive players will automatically lose when time's up. (requested by fujizen)
|
|t:|1760306417
|teamsize|p1|6
|teamsize|p2|6
|start
|switch|p1a: Raging Bolt|Raging Bolt|100/100
|switch|p2a: Hatterene|Hatterene, F|100/100
|-enditem|p1a: Raging Bolt|Booster Energy
|-activate|p1a: Raging Bolt|ability: Protosynthesis|[fromitem]
|-start|p1a: Raging Bolt|protosynthesisspa
|turn|1
|
|t:|1760306430
|-terastallize|p1a: Raging Bolt|Flying
|move|p1a: Raging Bolt|Calm Mind|p1a: Raging Bolt
|-boost|p1a: Raging Bolt|spa|1
|-boost|p1a: Raging Bolt|spd|1
|move|p2a: Hatterene|Dazzling Gleam|p1a: Raging Bolt
|-damage|p1a: Raging Bolt|54/100
|
|upkeep
|turn|2
|
|t:|1760306439
|move|p1a: Raging Bolt|Calm Mind|p1a: Raging Bolt
|-boost|p1a: Raging Bolt|spa|1
|-boost|p1a: Raging Bolt|spd|1
|move|p2a: Hatterene|Dazzling Gleam|p1a: Raging Bolt
|-damage|p1a: Raging Bolt|18/100
|
|upkeep
|turn|3
|
|t:|1760306446
|move|p1a: Raging Bolt|Thunderbolt|p2a: Hatterene
|-damage|p2a: Hatterene|0 fnt
|faint|p2a: Hatterene
|
|upkeep
|
|t:|1760306475
|switch|p2a: Zendaya|Greninja, M|100/100
|turn|4
|
|t:|1760306478
|move|p1a: Raging Bolt|Thunderclap|p2a: Zendaya
|-supereffective|p2a: Zendaya
|-damage|p2a: Zendaya|0 fnt
|faint|p2a: Zendaya
|
|upkeep
|
|t:|1760306495
|switch|p2a: Pawmot|Pawmot, F|100/100
|turn|5
|
|t:|1760306523
|move|p1a: Raging Bolt|Thunderclap|p2a: Pawmot
|-resisted|p2a: Pawmot
|-damage|p2a: Pawmot|0 fnt
|faint|p2a: Pawmot
|
|upkeep
|inactive|fujizen has 120 seconds left.
|
|t:|1760306551
|switch|p2a: Kilowattrel|Kilowattrel, M|100/100
|turn|6
|
|t:|1760306555
|move|p1a: Raging Bolt|Thunderclap|p2a: Kilowattrel
|-immune|p2a: Kilowattrel|[from] ability: Volt Absorb
|move|p2a: Kilowattrel|Volt Switch|p1a: Raging Bolt
|-supereffective|p1a: Raging Bolt
|-damage|p1a: Raging Bolt|0 fnt
|faint|p1a: Raging Bolt
|-end|p1a: Raging Bolt|Protosynthesis|[silent]
|
|t:|1760306563
|switch|p2a: Clefable|Clefable, F, shiny|100/100|[from] Volt Switch
|
|upkeep
|
|t:|1760306568
|switch|p1a: Iron Treads|Iron Treads|100/100
|-enditem|p1a: Iron Treads|Booster Energy
|-activate|p1a: Iron Treads|ability: Quark Drive|[fromitem]
|-start|p1a: Iron Treads|quarkdrivespe
|turn|7
|
|t:|1760306574
|-terastallize|p2a: Clefable|Steel
|move|p1a: Iron Treads|Iron Head|p2a: Clefable
|-resisted|p2a: Clefable
|-damage|p2a: Clefable|83/100
|move|p2a: Clefable|Cosmic Power|p2a: Clefable
|-boost|p2a: Clefable|def|1
|-boost|p2a: Clefable|spd|1
|
|-heal|p2a: Clefable|89/100|[from] item: Leftovers
|upkeep
|turn|8
|
|t:|1760306582
|move|p1a: Iron Treads|Earthquake|p2a: Clefable
|-supereffective|p2a: Clefable
|-crit|p2a: Clefable
|-damage|p2a: Clefable|0 fnt
|faint|p2a: Clefable
|
|upkeep
|inactive|fujizen has 120 seconds left.
|inactive|fujizen has 90 seconds left.
|inactive|fujizen has 60 seconds left.
|
|t:|1760306685
|switch|p2a: Kilowattrel|Kilowattrel, M|100/100
|turn|9
|inactive|fujizen has 60 seconds left.
|
|t:|1760306693
|move|p2a: Kilowattrel|Endure|p2a: Kilowattrel
|-singleturn|p2a: Kilowattrel|move: Endure
|move|p1a: Iron Treads|Iron Head|p2a: Kilowattrel
|-resisted|p2a: Kilowattrel
|-damage|p2a: Kilowattrel|66/100
|
|upkeep
|turn|10
|inactive|fujizen has 60 seconds left.
|
|t:|1760306732
|move|p2a: Kilowattrel|Quick Attack|p1a: Iron Treads
|-resisted|p1a: Iron Treads
|-damage|p1a: Iron Treads|98/100
|move|p1a: Iron Treads|Iron Head|p2a: Kilowattrel
|-resisted|p2a: Kilowattrel
|-damage|p2a: Kilowattrel|36/100
|
|upkeep
|turn|11
|
|t:|1760306739
|move|p2a: Kilowattrel|Endure|p2a: Kilowattrel
|-singleturn|p2a: Kilowattrel|move: Endure
|move|p1a: Iron Treads|Iron Head|p2a: Kilowattrel
|-resisted|p2a: Kilowattrel
|-damage|p2a: Kilowattrel|2/100
|
|upkeep
|turn|12
|
|t:|1760306749
|move|p1a: Iron Treads|Iron Head|p2a: Kilowattrel
|-resisted|p2a: Kilowattrel
|-damage|p2a: Kilowattrel|0 fnt
|faint|p2a: Kilowattrel
|
|upkeep
|-message|fujizen forfeited.
|
|win|Itsuzen
|raw|Itsuzen's rating: 1232 &rarr; <strong>1255</strong><br />(+23 for winning)
|raw|fujizen's rating: 1205 &rarr; <strong>1182</strong><br />(-23 for losing)
|l|☆fujizen
|player|p2|
