|j|☆ciantaihou
|j|☆ouzq hbk
|t:|1760353715
|gametype|singles
|player|p1|ciantaihou|bellelba|1748
|player|p2|ouzq hbk|2|1706
|gen|9
|tier|[Gen 9] OU
|rated|
|rule|HP Percentage Mod: HP is shown in percentages
|rule|Endless Battle Clause: Forcing endless battles is banned
|rule|Species Clause: Limit one of each Pokémon
|rule|OHKO Clause: OHKO moves are banned
|rule|Evasion Items Clause: Evasion items are banned
|rule|Evasion Moves Clause: Evasion moves are banned
|rule|Evasion Abilities Clause: Evasion abilities are banned
|rule|Sleep Moves Clause: Sleep-inducing moves are banned
|clearpoke
|poke|p1|Ursaluna, F|
|poke|p1|Torkoal, F|
|poke|p1|Hoopa-Unbound|
|poke|p1|Cresselia, F|
|poke|p1|Hatterene, F|
|poke|p1|Enamorus-Therian, F|
|poke|p2|Hoopa-Unbound|
|poke|p2|Clefable, M|
|poke|p2|Zamazenta-*|
|poke|p2|Gholdengo|
|poke|p2|Alomomola, F|
|poke|p2|Iron Treads|
|teampreview
|j| Rubbermaid14
|
|t:|1760353727
|teamsize|p1|6
|teamsize|p2|6
|start
|switch|p1a: Hoopa|Hoopa-Unbound|100/100
|switch|p2a: Poopa|Hoopa-Unbound|100/100
|turn|1
|
|t:|1760353736
|move|p2a: Poopa|Knock Off|p1a: Hoopa
|-crit|p1a: Hoopa
|-damage|p1a: Hoopa|6/100
|-enditem|p1a: Hoopa|Eject Pack|[from] move: Knock Off|[of] p2a: Poopa
|move|p1a: Hoopa|Trick Room|p1a: Hoopa
|-fieldstart|move: Trick Room|[of] p1a: Hoopa
|
|upkeep
|turn|2
|
|t:|1760353744
|switch|p2a: Annoying lil shit|Alomomola, F|100/100
|move|p1a: Hoopa|Hyperspace Fury|p2a: Annoying lil shit
|-damage|p2a: Annoying lil shit|68/100
|-unboost|p1a: Hoopa|def|1
|-item|p1a: Hoopa|Rocky Helmet|[from] ability: Magician|[of] p2a: Annoying lil shit
|
|upkeep
|turn|3
|
|t:|1760353754
|move|p1a: Hoopa|Psychic|p2a: Annoying lil shit
|-damage|p2a: Annoying lil shit|10/100
|move|p2a: Annoying lil shit|Wish|p2a: Annoying lil shit
|
|upkeep
|turn|4
|
|t:|1760353772
|move|p2a: Annoying lil shit|Protect|p2a: Annoying lil shit
|-singleturn|p2a: Annoying lil shit|Protect
|move|p1a: Hoopa|Hyperspace Fury|p2a: Annoying lil shit
|-activate|p2a: Annoying lil shit|move: Hyperspace Fury|[broken]
|-damage|p2a: Annoying lil shit|0 fnt
|-unboost|p1a: Hoopa|def|1
|faint|p2a: Annoying lil shit
|
|upkeep
|
|t:|1760353806
|switch|p2a: Iron Treads|Iron Treads|100/100
|turn|5
|
|t:|1760353810
|move|p1a: Hoopa|Drain Punch|p2a: Iron Treads
|-supereffective|p2a: Iron Treads
|-damage|p2a: Iron Treads|50/100
|-heal|p1a: Hoopa|35/100|[from] drain|[of] p2a: Iron Treads
|move|p2a: Iron Treads|Stealth Rock|p1a: Hoopa
|-sidestart|p1: ciantaihou|move: Stealth Rock
|
|-heal|p2a: Iron Treads|56/100|[from] item: Leftovers
|-fieldend|move: Trick Room
|upkeep
|turn|6
|
|t:|1760353825
|switch|p1a: Cresselia|Cresselia, F|100/100
|-damage|p1a: Cresselia|88/100|[from] Stealth Rock
|move|p2a: Iron Treads|Knock Off|p1a: Cresselia
|-supereffective|p1a: Cresselia
|-damage|p1a: Cresselia|63/100
|-damage|p2a: Iron Treads|40/100|[from] item: Rocky Helmet|[of] p1a: Cresselia
|-enditem|p1a: Cresselia|Rocky Helmet|[from] move: Knock Off|[of] p2a: Iron Treads
|
|-heal|p2a: Iron Treads|46/100|[from] item: Leftovers
|upkeep
|turn|7
|
|t:|1760353839
|-end|p2a: Iron Treads|Quark Drive|[silent]
|switch|p2a: Gholdengo|Gholdengo|100/100
|move|p1a: Cresselia|Trick Room|p1a: Cresselia
|-fieldstart|move: Trick Room|[of] p1a: Cresselia
|
|upkeep
|turn|8
|
|t:|1760353844
|move|p1a: Cresselia|Lunar Dance|p1a: Cresselia
|faint|p1a: Cresselia
|move|p2a: Gholdengo|Make It Rain|p1: Cresselia|[notarget]
|-fail|p2a: Gholdengo
|
|upkeep
|
|t:|1760353850
|switch|p1a: Torkoal|Torkoal, F, shiny|100/100
|-damage|p1a: Torkoal|76/100|[from] Stealth Rock
|-weather|SunnyDay|[from] ability: Drought|[of] p1a: Torkoal
|turn|9
|
|t:|1760353855
|switch|p2a: Poopa|Hoopa-Unbound|100/100
|move|p1a: Torkoal|Eruption|p2a: Poopa
|-damage|p2a: Poopa|60/100
|
|-weather|SunnyDay|[upkeep]
|upkeep
|turn|10
|
|t:|1760353869
|-terastallize|p1a: Torkoal|Fire
|move|p1a: Torkoal|Eruption|p2a: Poopa
|-damage|p2a: Poopa|2/100
|move|p2a: Poopa|Knock Off|p1a: Torkoal
|-damage|p1a: Torkoal|41/100
|-enditem|p1a: Torkoal|Choice Specs|[from] move: Knock Off|[of] p2a: Poopa
|
|-weather|SunnyDay|[upkeep]
|upkeep
|turn|11
|j| Rainbow Chrome
|
|t:|1760353885
|move|p1a: Torkoal|Weather Ball|p2a: Poopa
|-damage|p2a: Poopa|0 fnt
|faint|p2a: Poopa
|
|-weather|SunnyDay|[upkeep]
|-fieldend|move: Trick Room
|upkeep
|
|t:|1760353896
|switch|p2a: Clefinately Gay|Clefable, M|100/100
|turn|12
|
|t:|1760353901
|switch|p1a: Ursaluna|Ursaluna, F|100/100
|-damage|p1a: Ursaluna|94/100|[from] Stealth Rock
|move|p2a: Clefinately Gay|Calm Mind|p2a: Clefinately Gay
|-boost|p2a: Clefinately Gay|spa|1
|-boost|p2a: Clefinately Gay|spd|1
|
|-weather|SunnyDay|[upkeep]
|-status|p1a: Ursaluna|brn|[from] item: Flame Orb
|upkeep
|turn|13
|
|t:|1760353912
|move|p2a: Clefinately Gay|Moonblast|p1a: Ursaluna
|-damage|p1a: Ursaluna|53/100 brn
|move|p1a: Ursaluna|Facade|p2a: Clefinately Gay
|-damage|p2a: Clefinately Gay|9/100
|
|-weather|none
|-heal|p2a: Clefinately Gay|15/100|[from] item: Leftovers
|-damage|p1a: Ursaluna|47/100 brn|[from] brn
|upkeep
|turn|14
|
|t:|1760353922
|move|p2a: Clefinately Gay|Moonblast|p1a: Ursaluna
|-damage|p1a: Ursaluna|7/100 brn
|move|p1a: Ursaluna|Headlong Rush|p2a: Clefinately Gay
|-damage|p2a: Clefinately Gay|0 fnt
|-unboost|p1a: Ursaluna|def|1
|-unboost|p1a: Ursaluna|spd|1
|faint|p2a: Clefinately Gay
|
|-damage|p1a: Ursaluna|1/100 brn|[from] brn
|upkeep
|
|t:|1760353951
|switch|p2a: Iron Treads|Iron Treads|46/100
|turn|15
|
|t:|1760353956
|move|p2a: Iron Treads|Knock Off|p1a: Ursaluna
|-damage|p1a: Ursaluna|0 fnt
|-enditem|p1a: Ursaluna|Flame Orb|[from] move: Knock Off|[of] p2a: Iron Treads
|faint|p1a: Ursaluna
|
|-heal|p2a: Iron Treads|52/100|[from] item: Leftovers
|upkeep
|
|t:|1760353968
|switch|p1a: Hatterene|Hatterene, F|100/100
|-damage|p1a: Hatterene|88/100|[from] Stealth Rock
|turn|16
|
|t:|1760353977
|move|p2a: Iron Treads|Knock Off|p1a: Hatterene
|-damage|p1a: Hatterene|63/100
|-enditem|p1a: Hatterene|Focus Sash|[from] move: Knock Off|[of] p2a: Iron Treads
|move|p1a: Hatterene|Trick Room|p1a: Hatterene
|-fieldstart|move: Trick Room|[of] p1a: Hatterene
|
|-heal|p2a: Iron Treads|58/100|[from] item: Leftovers
|upkeep
|turn|17
|l| Rubbermaid14
|
|t:|1760353985
|move|p1a: Hatterene|Healing Wish|p1a: Hatterene
|faint|p1a: Hatterene
|move|p2a: Iron Treads|Earthquake|p1: Hatterene|[notarget]
|-fail|p2a: Iron Treads
|
|-heal|p2a: Iron Treads|64/100|[from] item: Leftovers
|upkeep
|
|t:|1760353992
|switch|p1a: Torkoal|Torkoal, F, shiny, tera:Fire|41/100
|-heal|p1a: Torkoal|100/100|[from] move: Lunar Dance
|-damage|p1a: Torkoal|76/100|[from] Stealth Rock
|-weather|SunnyDay|[from] ability: Drought|[of] p1a: Torkoal
|turn|18
|
|t:|1760354020
|move|p1a: Torkoal|Eruption|p2a: Iron Treads
|-supereffective|p2a: Iron Treads
|-damage|p2a: Iron Treads|0 fnt
|faint|p2a: Iron Treads
|-end|p2a: Iron Treads|Quark Drive|[silent]
|
|-weather|SunnyDay|[upkeep]
|upkeep
|j| Capitaine Tenace
|
|t:|1760354041
|switch|p2a: Zamazenta|Zamazenta|100/100
|-ability|p2a: Zamazenta|Dauntless Shield|boost
|-boost|p2a: Zamazenta|def|1
|turn|19
|j| Lucrodium
|
|t:|1760354071
|move|p1a: Torkoal|Eruption|p2a: Zamazenta
|-damage|p2a: Zamazenta|11/100
|move|p2a: Zamazenta|Stone Edge|p1a: Torkoal
|-supereffective|p1a: Torkoal
|-damage|p1a: Torkoal|14/100
|-damage|p2a: Zamazenta|1/100|[from] item: Life Orb
|
|-weather|SunnyDay|[upkeep]
|upkeep
|turn|20
|
|t:|1760354081
|move|p1a: Torkoal|Weather Ball|p2a: Zamazenta
|-damage|p2a: Zamazenta|0 fnt
|faint|p2a: Zamazenta
|
|-weather|SunnyDay|[upkeep]
|-fieldend|move: Trick Room
|upkeep
|
|t:|1760354086
|switch|p2a: Gholdengo|Gholdengo|100/100
|turn|21
|l| Lucrodium
|
|t:|1760354121
|move|p2a: Gholdengo|Shadow Ball|p1a: Torkoal
|-damage|p1a: Torkoal|0 fnt
|faint|p1a: Torkoal
|
|-weather|SunnyDay|[upkeep]
|upkeep
|
|t:|1760354127
|switch|p1a: Enamorus|Enamorus-Therian, F|100/100
|-damage|p1a: Enamorus|76/100|[from] Stealth Rock
|turn|22
|
|t:|1760354134
|-terastallize|p2a: Gholdengo|Flying
|move|p2a: Gholdengo|Nasty Plot|p2a: Gholdengo
|-boost|p2a: Gholdengo|spa|2
|move|p1a: Enamorus|Mystical Fire|p2a: Gholdengo
|-damage|p2a: Gholdengo|35/100
|
|-weather|none
|upkeep
|turn|23
|
|t:|1760354189
|move|p2a: Gholdengo|Make It Rain|p1a: Enamorus
|-supereffective|p1a: Enamorus
|-damage|p1a: Enamorus|0 fnt
|-unboost|p2a: Gholdengo|spa|1
|faint|p1a: Enamorus
|
|upkeep
|
|t:|1760354196
|switch|p1a: Hoopa|Hoopa-Unbound|35/100
|-heal|p1a: Hoopa|100/100|[from] move: Healing Wish
|-damage|p1a: Hoopa|88/100|[from] Stealth Rock
|turn|24
|
|t:|1760354208
|move|p2a: Gholdengo|Make It Rain|p1a: Hoopa
|-damage|p1a: Hoopa|23/100
|-unboost|p2a: Gholdengo|spa|1
|move|p1a: Hoopa|Hyperspace Fury|p2a: Gholdengo
|-damage|p2a: Gholdengo|0 fnt
|-unboost|p1a: Hoopa|def|1
|faint|p2a: Gholdengo
|
|win|ciantaihou
|raw|ciantaihou's rating: 1748 &rarr; <strong>1766</strong><br />(+18 for winning)
|raw|ouzq hbk's rating: 1706 &rarr; <strong>1688</strong><br />(-18 for losing)
|c|☆ouzq hbk|gg
|l|☆ciantaihou
|player|p1|
|l|☆ouzq hbk
|player|p2|
