|j|☆helollo
|j|☆Gulptubus
|t:|1760368110
|gametype|singles
|player|p1|helollo|janitor|1448
|player|p2|Gulptubus|pokemonranger-gen4|1521
|gen|9
|tier|[Gen 9] OU
|rated|
|rule|HP Percentage Mod: HP is shown in percentages
|rule|Endless Battle Clause: Forcing endless battles is banned
|rule|Species Clause: Limit one of each Pokémon
|rule|OHKO Clause: OHKO moves are banned
|rule|Evasion Items Clause: Evasion items are banned
|rule|Evasion Moves Clause: Evasion moves are banned
|rule|Evasion Abilities Clause: Evasion abilities are banned
|rule|Sleep Moves Clause: Sleep-inducing moves are banned
|clearpoke
|poke|p1|Dragonite, M|
|poke|p1|Skeledirge, M|
|poke|p1|Rotom-Wash|
|poke|p1|Glimmora, F|
|poke|p1|Iron Treads|
|poke|p1|Ogerpon-Wellspring, F|
|poke|p2|Kyurem|
|poke|p2|Rillaboom, F|
|poke|p2|Cinderace, F|
|poke|p2|Slowking-Galar, F|
|poke|p2|Great Tusk|
|poke|p2|Enamorus, F|
|teampreview
|inactive|Battle timer is ON: inactive players will automatically lose when time's up. (requested by helollo)
|
|t:|1760368139
|teamsize|p1|6
|teamsize|p2|6
|start
|switch|p1a: Rotom|Rotom-Wash|100/100
|switch|p2a: Kyurem|Kyurem|100/100
|-ability|p2a: Kyurem|Pressure
|turn|1
|
|t:|1760368145
|move|p2a: Kyurem|Substitute|p2a: Kyurem
|-start|p2a: Kyurem|Substitute
|-damage|p2a: Kyurem|75/100
|move|p1a: Rotom|Thunder Wave||[still]
|-fail|p1a: Rotom
|
|-heal|p2a: Kyurem|82/100|[from] item: Leftovers
|upkeep
|turn|2
|
|t:|1760368149
|move|p2a: Kyurem|Freeze-Dry|p1a: Rotom
|-supereffective|p1a: Rotom
|-damage|p1a: Rotom|21/100
|move|p1a: Rotom|Volt Switch|p2a: Kyurem
|-resisted|p2a: Kyurem
|-activate|p2a: Kyurem|move: Substitute|[damage]
|
|t:|1760368152
|switch|p1a: Skeledirge|Skeledirge, M|100/100|[from] Volt Switch
|
|-heal|p2a: Kyurem|88/100|[from] item: Leftovers
|upkeep
|turn|3
|
|t:|1760368163
|move|p2a: Kyurem|Earth Power|p1a: Skeledirge
|-supereffective|p1a: Skeledirge
|-damage|p1a: Skeledirge|52/100
|move|p1a: Skeledirge|Torch Song|p2a: Kyurem
|-damage|p2a: Kyurem|58/100
|-boost|p1a: Skeledirge|spa|1
|
|-heal|p2a: Kyurem|64/100|[from] item: Leftovers
|upkeep
|turn|4
|
|t:|1760368171
|-terastallize|p2a: Kyurem|Ground
|-terastallize|p1a: Skeledirge|Fairy
|move|p2a: Kyurem|Earth Power|p1a: Skeledirge
|-damage|p1a: Skeledirge|13/100
|move|p1a: Skeledirge|Slack Off|p1a: Skeledirge
|-heal|p1a: Skeledirge|63/100
|
|-heal|p2a: Kyurem|70/100|[from] item: Leftovers
|upkeep
|turn|5
|
|t:|1760368184
|move|p2a: Kyurem|Earth Power|p1a: Skeledirge
|-damage|p1a: Skeledirge|24/100
|move|p1a: Skeledirge|Slack Off|p1a: Skeledirge
|-heal|p1a: Skeledirge|74/100
|
|-heal|p2a: Kyurem|76/100|[from] item: Leftovers
|upkeep
|turn|6
|
|t:|1760368190
|move|p2a: Kyurem|Earth Power|p1a: Skeledirge
|-damage|p1a: Skeledirge|31/100
|move|p1a: Skeledirge|Torch Song|p2a: Kyurem
|-damage|p2a: Kyurem|36/100
|-boost|p1a: Skeledirge|spa|1
|
|-heal|p2a: Kyurem|42/100|[from] item: Leftovers
|upkeep
|turn|7
|
|t:|1760368200
|switch|p1a: Rotom|Rotom-Wash|21/100
|move|p2a: Kyurem|Freeze-Dry|p1a: Rotom
|-supereffective|p1a: Rotom
|-damage|p1a: Rotom|0 fnt
|faint|p1a: Rotom
|
|-heal|p2a: Kyurem|48/100|[from] item: Leftovers
|upkeep
|
|t:|1760368209
|switch|p1a: Ogerpon|Ogerpon-Wellspring, F|100/100
|turn|8
|
|t:|1760368213
|move|p1a: Ogerpon|Ivy Cudgel|p2a: Kyurem|[anim] Ivy Cudgel Water
|-supereffective|p2a: Kyurem
|-end|p2a: Kyurem|Substitute
|move|p2a: Kyurem|Freeze-Dry|p1a: Ogerpon
|-supereffective|p1a: Ogerpon
|-damage|p1a: Ogerpon|0 fnt
|faint|p1a: Ogerpon
|
|-heal|p2a: Kyurem|54/100|[from] item: Leftovers
|upkeep
|
|t:|1760368220
|switch|p1a: Iron Treads|Iron Treads|100/100
|-item|p1a: Iron Treads|Air Balloon
|turn|9
|
|t:|1760368227
|switch|p2a: Rillaboom|Rillaboom, F|100/100
|-fieldstart|move: Grassy Terrain|[from] ability: Grassy Surge|[of] p2a: Rillaboom
|move|p1a: Iron Treads|Iron Head|p2a: Rillaboom
|-damage|p2a: Rillaboom|61/100
|
|-heal|p2a: Rillaboom|67/100|[from] Grassy Terrain
|upkeep
|turn|10
|
|t:|1760368236
|-end|p1a: Iron Treads|Quark Drive|[silent]
|switch|p1a: Dragonite|Dragonite, M|100/100
|move|p2a: Rillaboom|U-turn|p1a: Dragonite
|-resisted|p1a: Dragonite
|-damage|p1a: Dragonite|94/100
|
|t:|1760368238
|switch|p2a: Kyurem|Kyurem, tera:Ground|54/100|[from] U-turn
|-ability|p2a: Kyurem|Pressure
|
|-heal|p2a: Kyurem|60/100|[from] Grassy Terrain
|-heal|p2a: Kyurem|67/100|[from] item: Leftovers
|upkeep
|turn|11
|
|t:|1760368246
|move|p2a: Kyurem|Freeze-Dry|p1a: Dragonite
|-supereffective|p1a: Dragonite
|-damage|p1a: Dragonite|0 fnt
|faint|p1a: Dragonite
|
|-heal|p2a: Kyurem|73/100|[from] Grassy Terrain
|-heal|p2a: Kyurem|79/100|[from] item: Leftovers
|upkeep
|-message|helollo forfeited.
|
|win|Gulptubus
|raw|helollo's rating: 1448 &rarr; <strong>1432</strong><br />(-16 for losing)
|raw|Gulptubus's rating: 1521 &rarr; <strong>1537</strong><br />(+16 for winning)
|l|☆helollo
|player|p1|
