|j|☆VaudevilleVilliany
|j|☆Crocodile E
|t:|1760361794
|gametype|singles
|player|p1|VaudevilleVilliany|ryme|1483
|player|p2|Crocodile E|boarder|1466
|gen|9
|tier|[Gen 9] OU
|rated|
|rule|HP Percentage Mod: HP is shown in percentages
|rule|Endless Battle Clause: Forcing endless battles is banned
|rule|Species Clause: Limit one of each Pokémon
|rule|OHKO Clause: OHKO moves are banned
|rule|Evasion Items Clause: Evasion items are banned
|rule|Evasion Moves Clause: Evasion moves are banned
|rule|Evasion Abilities Clause: Evasion abilities are banned
|rule|Sleep Moves Clause: Sleep-inducing moves are banned
|clearpoke
|poke|p1|Arcanine-Hisui, M|
|poke|p1|Great Tusk|
|poke|p1|Weezing-Galar, M|
|poke|p1|Sinistcha|
|poke|p1|Samurott-Hisui, M|
|poke|p1|Latios, M|
|poke|p2|Glimmora, M|
|poke|p2|Iron Treads|
|poke|p2|Polteageist-Antique|
|poke|p2|Raging Bolt|
|poke|p2|Dragonite, M|
|poke|p2|Zamazenta-*|
|teampreview
|inactive|Battle timer is ON: inactive players will automatically lose when time's up. (requested by Crocodile E)
|inactive|VaudevilleVilliany also wants the timer to be on.
|
|t:|1760361813
|teamsize|p1|6
|teamsize|p2|6
|start
|switch|p1a: Avalon|Latios, M, shiny|100/100
|switch|p2a: Glimmora|Glimmora, M|100/100
|turn|1
|
|t:|1760361817
|switch|p2a: Iron Treads|Iron Treads|100/100
|-enditem|p2a: Iron Treads|Booster Energy
|-activate|p2a: Iron Treads|ability: Quark Drive|[fromitem]
|-start|p2a: Iron Treads|quarkdrivespe
|move|p1a: Avalon|Psychic Noise|p2a: Iron Treads
|-resisted|p2a: Iron Treads
|-damage|p2a: Iron Treads|72/100
|-start|p2a: Iron Treads|move: Heal Block
|
|upkeep
|turn|2
|
|t:|1760361824
|switch|p1a: Sagittarius|Sinistcha, shiny|100/100
|move|p2a: Iron Treads|Knock Off|p1a: Sagittarius
|-supereffective|p1a: Sagittarius
|-damage|p1a: Sagittarius|67/100
|-enditem|p1a: Sagittarius|Leftovers|[from] move: Knock Off|[of] p2a: Iron Treads
|
|-end|p2a: Iron Treads|move: Heal Block
|upkeep
|turn|3
|
|t:|1760361832
|move|p2a: Iron Treads|Stealth Rock|p1a: Sagittarius
|-sidestart|p1: VaudevilleVilliany|move: Stealth Rock
|move|p1a: Sagittarius|Matcha Gotcha|p2a: Iron Treads
|-damage|p2a: Iron Treads|37/100
|-heal|p1a: Sagittarius|87/100|[from] drain|[of] p2a: Iron Treads
|
|upkeep
|turn|4
|
|t:|1760361836
|-end|p2a: Iron Treads|Quark Drive|[silent]
|switch|p2a: Polteageist|Polteageist-Antique|100/100
|move|p1a: Sagittarius|Matcha Gotcha|p2a: Polteageist
|-damage|p2a: Polteageist|60/100
|-heal|p1a: Sagittarius|100/100|[from] drain|[of] p2a: Polteageist
|-status|p2a: Polteageist|brn
|
|-damage|p2a: Polteageist|54/100 brn|[from] brn
|upkeep
|turn|5
|
|t:|1760361838
|move|p2a: Polteageist|Shell Smash|p2a: Polteageist
|-unboost|p2a: Polteageist|def|1
|-unboost|p2a: Polteageist|spd|1
|-boost|p2a: Polteageist|atk|2
|-boost|p2a: Polteageist|spa|2
|-boost|p2a: Polteageist|spe|2
|move|p1a: Sagittarius|Shadow Ball|p2a: Polteageist
|-supereffective|p2a: Polteageist
|-damage|p2a: Polteageist|0 fnt
|faint|p2a: Polteageist
|
|upkeep
|
|t:|1760361841
|switch|p2a: Glimmora|Glimmora, M|100/100
|turn|6
|
|t:|1760361847
|move|p2a: Glimmora|Sludge Wave|p1a: Sagittarius
|-damage|p1a: Sagittarius|42/100
|move|p1a: Sagittarius|Calm Mind|p1a: Sagittarius
|-boost|p1a: Sagittarius|spa|1
|-boost|p1a: Sagittarius|spd|1
|
|upkeep
|turn|7
|
|t:|1760361851
|move|p2a: Glimmora|Sludge Wave|p1a: Sagittarius
|-damage|p1a: Sagittarius|1/100
|move|p1a: Sagittarius|Matcha Gotcha|p2a: Glimmora
|-damage|p2a: Glimmora|39/100
|-heal|p1a: Sagittarius|29/100|[from] drain|[of] p2a: Glimmora
|
|upkeep
|turn|8
|
|t:|1760361859
|switch|p1a: Avalon|Latios, M, shiny|100/100
|-damage|p1a: Avalon|88/100|[from] Stealth Rock
|move|p2a: Glimmora|Sludge Wave|p1a: Avalon
|-damage|p1a: Avalon|40/100
|-status|p1a: Avalon|psn
|
|-damage|p1a: Avalon|28/100 psn|[from] psn
|upkeep
|turn|9
|
|t:|1760361863
|move|p2a: Glimmora|Sludge Wave|p1a: Avalon
|-damage|p1a: Avalon|0 fnt
|faint|p1a: Avalon
|
|upkeep
|
|t:|1760361869
|switch|p1a: Behemoth|Great Tusk, shiny|100/100
|-damage|p1a: Behemoth|98/100|[from] Stealth Rock
|turn|10
|
|t:|1760361874
|switch|p2a: Zamazenta|Zamazenta|100/100
|-ability|p2a: Zamazenta|Dauntless Shield|boost
|-boost|p2a: Zamazenta|def|1
|move|p1a: Behemoth|Close Combat|p2a: Zamazenta
|-damage|p2a: Zamazenta|71/100
|-unboost|p1a: Behemoth|def|1
|-unboost|p1a: Behemoth|spd|1
|
|-heal|p2a: Zamazenta|77/100|[from] item: Leftovers
|upkeep
|turn|11
|
|t:|1760361879
|-end|p1a: Behemoth|Protosynthesis|[silent]
|switch|p1a: Sagittarius|Sinistcha, shiny|29/100
|-damage|p1a: Sagittarius|16/100|[from] Stealth Rock
|move|p2a: Zamazenta|Iron Defense|p2a: Zamazenta
|-boost|p2a: Zamazenta|def|2
|
|-heal|p2a: Zamazenta|84/100|[from] item: Leftovers
|upkeep
|turn|12
|
|t:|1760361883
|move|p2a: Zamazenta|Crunch|p1a: Sagittarius
|-supereffective|p1a: Sagittarius
|-damage|p1a: Sagittarius|0 fnt
|faint|p1a: Sagittarius
|
|-heal|p2a: Zamazenta|90/100|[from] item: Leftovers
|upkeep
|
|t:|1760361891
|switch|p1a: Obsidian|Arcanine-Hisui, M, shiny|100/100
|turn|13
|
|t:|1760361894
|switch|p1a: Sentinel|Weezing-Galar, M, shiny|100/100
|-ability|p1a: Sentinel|Neutralizing Gas
|-terastallize|p2a: Zamazenta|Fire
|move|p2a: Zamazenta|Body Press|p1a: Sentinel
|-resisted|p1a: Sentinel
|-damage|p1a: Sentinel|85/100
|
|-heal|p2a: Zamazenta|96/100|[from] item: Leftovers
|upkeep
|turn|14
|
|t:|1760361902
|move|p2a: Zamazenta|Iron Defense|p2a: Zamazenta
|-boost|p2a: Zamazenta|def|2
|move|p1a: Sentinel|Sludge Bomb|p2a: Zamazenta
|-damage|p2a: Zamazenta|74/100
|-status|p2a: Zamazenta|psn
|
|-heal|p2a: Zamazenta|80/100 psn|[from] item: Leftovers
|-damage|p2a: Zamazenta|68/100 psn|[from] psn
|upkeep
|turn|15
|
|t:|1760361908
|move|p2a: Zamazenta|Iron Defense|p2a: Zamazenta
|-boost|p2a: Zamazenta|def|1
|move|p1a: Sentinel|Sludge Bomb|p2a: Zamazenta
|-damage|p2a: Zamazenta|46/100 psn
|
|-heal|p2a: Zamazenta|52/100 psn|[from] item: Leftovers
|-damage|p2a: Zamazenta|40/100 psn|[from] psn
|upkeep
|turn|16
|
|t:|1760361911
|move|p2a: Zamazenta|Body Press|p1a: Sentinel
|-resisted|p1a: Sentinel
|-damage|p1a: Sentinel|58/100
|move|p1a: Sentinel|Pain Split|p2a: Zamazenta
|-sethp|p2a: Zamazenta|47/100 psn|[from] move: Pain Split|[silent]
|-sethp|p1a: Sentinel|50/100|[from] move: Pain Split
|
|-heal|p2a: Zamazenta|54/100 psn|[from] item: Leftovers
|-damage|p2a: Zamazenta|41/100 psn|[from] psn
|upkeep
|turn|17
|
|t:|1760361915
|move|p2a: Zamazenta|Body Press|p1a: Sentinel
|-resisted|p1a: Sentinel
|-damage|p1a: Sentinel|27/100
|move|p1a: Sentinel|Sludge Bomb|p2a: Zamazenta
|-damage|p2a: Zamazenta|16/100 psn
|
|-heal|p2a: Zamazenta|23/100 psn|[from] item: Leftovers
|-damage|p2a: Zamazenta|10/100 psn|[from] psn
|upkeep
|turn|18
|
|t:|1760361919
|move|p2a: Zamazenta|Body Press|p1a: Sentinel
|-resisted|p1a: Sentinel
|-damage|p1a: Sentinel|2/100
|move|p1a: Sentinel|Defog|p2a: Zamazenta
|-unboost|p2a: Zamazenta|evasion|1
|-sideend|p1: VaudevilleVilliany|Stealth Rock|[from] move: Defog|[of] p1a: Sentinel
|
|-heal|p2a: Zamazenta|16/100 psn|[from] item: Leftovers
|-damage|p2a: Zamazenta|4/100 psn|[from] psn
|upkeep
|turn|19
|
|t:|1760361924
|move|p2a: Zamazenta|Body Press|p1a: Sentinel
|-resisted|p1a: Sentinel
|-damage|p1a: Sentinel|0 fnt
|faint|p1a: Sentinel
|-end|p1a: Sentinel|ability: Neutralizing Gas
|
|-heal|p2a: Zamazenta|10/100 psn|[from] item: Leftovers
|-damage|p2a: Zamazenta|0 fnt|[from] psn
|faint|p2a: Zamazenta
|upkeep
|
|t:|1760361931
|switch|p2a: Glimmora|Glimmora, M|39/100
|switch|p1a: Jack Sparrow|Samurott-Hisui, M, shiny|100/100
|turn|20
|
|t:|1760361942
|move|p1a: Jack Sparrow|Sucker Punch|p2a: Glimmora
|-damage|p2a: Glimmora|0 fnt
|-activate|p2a: Glimmora|ability: Toxic Debris
|-sidestart|p1: VaudevilleVilliany|move: Toxic Spikes
|faint|p2a: Glimmora
|
|upkeep
|
|t:|1760361948
|switch|p2a: Raging Bolt|Raging Bolt|100/100
|-enditem|p2a: Raging Bolt|Booster Energy
|-activate|p2a: Raging Bolt|ability: Protosynthesis|[fromitem]
|-start|p2a: Raging Bolt|protosynthesisspa
|turn|21
|
|t:|1760361952
|move|p1a: Jack Sparrow|Ceaseless Edge|p2a: Raging Bolt
|-damage|p2a: Raging Bolt|43/100
|-sidestart|p2: Crocodile E|Spikes
|move|p2a: Raging Bolt|Dragon Pulse|p1a: Jack Sparrow
|-damage|p1a: Jack Sparrow|8/100
|
|upkeep
|turn|22
|
|t:|1760361959
|move|p1a: Jack Sparrow|Sucker Punch|p2a: Raging Bolt
|-damage|p2a: Raging Bolt|1/100
|move|p2a: Raging Bolt|Thunderclap||[still]
|-fail|p2a: Raging Bolt
|
|upkeep
|turn|23
|
|t:|1760361964
|move|p1a: Jack Sparrow|Sucker Punch|p2a: Raging Bolt
|-damage|p2a: Raging Bolt|0 fnt
|faint|p2a: Raging Bolt
|-end|p2a: Raging Bolt|Protosynthesis|[silent]
|
|upkeep
|
|t:|1760361969
|switch|p2a: Iron Treads|Iron Treads|37/100
|-damage|p2a: Iron Treads|24/100|[from] Spikes
|turn|24
|
|t:|1760361972
|move|p1a: Jack Sparrow|Sucker Punch|p2a: Iron Treads
|-damage|p2a: Iron Treads|0 fnt
|faint|p2a: Iron Treads
|-end|p2a: Iron Treads|Quark Drive|[silent]
|
|upkeep
|
|t:|1760361975
|switch|p2a: Dragonite|Dragonite, M|100/100
|turn|25
|
|t:|1760361981
|move|p2a: Dragonite|Extreme Speed|p1a: Jack Sparrow
|-damage|p1a: Jack Sparrow|0 fnt
|faint|p1a: Jack Sparrow
|
|upkeep
|
|t:|1760361988
|switch|p1a: Behemoth|Great Tusk, shiny|98/100
|-status|p1a: Behemoth|psn
|turn|26
|
|t:|1760361992
|move|p2a: Dragonite|Extreme Speed|p1a: Behemoth
|-damage|p1a: Behemoth|65/100 psn
|move|p1a: Behemoth|Ice Spinner|p2a: Dragonite
|-supereffective|p2a: Dragonite
|-damage|p2a: Dragonite|46/100
|
|-damage|p1a: Behemoth|53/100 psn|[from] psn
|upkeep
|turn|27
|
|t:|1760361995
|move|p2a: Dragonite|Extreme Speed|p1a: Behemoth
|-damage|p1a: Behemoth|17/100 psn
|move|p1a: Behemoth|Ice Spinner|p2a: Dragonite
|-supereffective|p2a: Dragonite
|-damage|p2a: Dragonite|0 fnt
|faint|p2a: Dragonite
|
|win|VaudevilleVilliany
|raw|VaudevilleVilliany's rating: 1483 &rarr; <strong>1502</strong><br />(+19 for winning)
|raw|Crocodile E's rating: 1466 &rarr; <strong>1447</strong><br />(-19 for losing)
|l|☆Crocodile E
|player|p2|
|l|☆VaudevilleVilliany
|player|p1|
