|j|☆AnneSylveon69
|j|☆Tofik24601
|t:|1760387791
|gametype|singles
|player|p1|AnneSylveon69|fantina|1220
|player|p2|Tofik24601|170|1200
|gen|9
|tier|[Gen 9] OU
|rated|
|rule|HP Percentage Mod: HP is shown in percentages
|rule|Endless Battle Clause: Forcing endless battles is banned
|rule|Species Clause: Limit one of each Pokémon
|rule|OHKO Clause: OHKO moves are banned
|rule|Evasion Items Clause: Evasion items are banned
|rule|Evasion Moves Clause: Evasion moves are banned
|rule|Evasion Abilities Clause: Evasion abilities are banned
|rule|Sleep Moves Clause: Sleep-inducing moves are banned
|clearpoke
|poke|p1|Raging Bolt|
|poke|p1|Gholdengo|
|poke|p1|Great Tusk|
|poke|p1|Alomomola, F|
|poke|p1|Dragonite, F|
|poke|p1|Garganacl, M|
|poke|p2|Zamazenta-*|
|poke|p2|Ninetales-Alola, F|
|poke|p2|Darkrai|
|poke|p2|Gliscor, M|
|poke|p2|Ting-Lu|
|poke|p2|Hatterene, F|
|teampreview
|inactive|Battle timer is ON: inactive players will automatically lose when time's up. (requested by Tofik24601)
|
|t:|1760387820
|teamsize|p1|6
|teamsize|p2|6
|start
|switch|p1a: Gholdengo|Gholdengo|100/100
|switch|p2a: Wo Chien|Ting-Lu|100/100
|-ability|p2a: Wo Chien|Vessel of Ruin
|turn|1
|inactive|AnneSylveon69 has 120 seconds left.
|
|t:|1760387856
|switch|p1a: Dragonite|Dragonite, F|100/100
|move|p2a: Wo Chien|Earthquake|p1a: Dragonite
|-immune|p1a: Dragonite
|
|upkeep
|turn|2
|
|t:|1760387865
|move|p1a: Dragonite|Dragon Dance|p1a: Dragonite
|-boost|p1a: Dragonite|atk|1
|-boost|p1a: Dragonite|spe|1
|move|p2a: Wo Chien|Ruination|p1a: Dragonite
|-damage|p1a: Dragonite|51/100
|
|upkeep
|turn|3
|
|t:|1760387870
|move|p1a: Dragonite|Dragon Dance|p1a: Dragonite
|-boost|p1a: Dragonite|atk|1
|-boost|p1a: Dragonite|spe|1
|move|p2a: Wo Chien|Whirlwind|p1a: Dragonite
|drag|p1a: Alomomola|Alomomola, F|100/100
|
|upkeep
|turn|4
|
|t:|1760387878
|switch|p2a: Ninetales|Ninetales-Alola, F|100/100
|-weather|Snowscape|[from] ability: Snow Warning|[of] p2a: Ninetales
|move|p1a: Alomomola|Tickle|p2a: Ninetales
|-unboost|p2a: Ninetales|atk|1
|-unboost|p2a: Ninetales|def|1
|
|-weather|Snowscape|[upkeep]
|upkeep
|turn|5
|
|t:|1760387888
|move|p2a: Ninetales|Encore|p1a: Alomomola
|-start|p1a: Alomomola|Encore
|move|p1a: Alomomola|Tickle|p2a: Ninetales
|-unboost|p2a: Ninetales|atk|1
|-unboost|p2a: Ninetales|def|1
|
|-weather|Snowscape|[upkeep]
|upkeep
|turn|6
|
|t:|1760387906
|switch|p1a: Gholdengo|Gholdengo|100/100
|move|p2a: Ninetales|Aurora Veil|p2a: Ninetales
|-sidestart|p2: Tofik24601|move: Aurora Veil
|
|-weather|Snowscape|[upkeep]
|upkeep
|turn|7
|
|t:|1760387913
|switch|p2a: Gisgar|Gliscor, M|100/100
|move|p1a: Gholdengo|Make It Rain|p2a: Gisgar
|-damage|p2a: Gisgar|68/100
|-unboost|p1a: Gholdengo|spa|1
|
|-weather|Snowscape|[upkeep]
|-status|p2a: Gisgar|tox|[from] item: Toxic Orb
|upkeep
|turn|8
|
|t:|1760387933
|switch|p1a: Garganacl|Garganacl, M|100/100
|move|p2a: Gisgar|Agility|p2a: Gisgar
|-boost|p2a: Gisgar|spe|2
|
|-weather|none
|-heal|p2a: Gisgar|81/100 tox|[from] ability: Poison Heal
|upkeep
|turn|9
|
|t:|1760387954
|move|p2a: Gisgar|Swords Dance|p2a: Gisgar
|-boost|p2a: Gisgar|atk|2
|move|p1a: Garganacl|Stealth Rock|p2a: Gisgar
|-sidestart|p2: Tofik24601|move: Stealth Rock
|
|-heal|p2a: Gisgar|93/100 tox|[from] ability: Poison Heal
|upkeep
|turn|10
|
|t:|1760387963
|-terastallize|p1a: Garganacl|Fairy
|move|p2a: Gisgar|Swords Dance|p2a: Gisgar
|-boost|p2a: Gisgar|atk|2
|move|p1a: Garganacl|Salt Cure|p2a: Gisgar
|-damage|p2a: Gisgar|88/100 tox
|-start|p2a: Gisgar|Salt Cure
|
|-heal|p2a: Gisgar|99/100 tox|[from] ability: Poison Heal
|-damage|p2a: Gisgar|88/100 tox|[from] Salt Cure
|upkeep
|turn|11
|
|t:|1760387972
|move|p1a: Garganacl|Protect|p1a: Garganacl
|-singleturn|p1a: Garganacl|Protect
|move|p2a: Gisgar|Facade|p1a: Garganacl
|-activate|p1a: Garganacl|move: Protect
|
|-heal|p2a: Gisgar|99/100 tox|[from] ability: Poison Heal
|-damage|p2a: Gisgar|88/100 tox|[from] Salt Cure
|upkeep
|turn|12
|
|t:|1760387981
|switch|p1a: Gholdengo|Gholdengo|100/100
|move|p2a: Gisgar|Facade|p1a: Gholdengo
|-immune|p1a: Gholdengo
|
|-heal|p2a: Gisgar|99/100 tox|[from] ability: Poison Heal
|-damage|p2a: Gisgar|88/100 tox|[from] Salt Cure
|upkeep
|turn|13
|
|t:|1760387991
|move|p2a: Gisgar|Earthquake|p1a: Gholdengo
|-supereffective|p1a: Gholdengo
|-damage|p1a: Gholdengo|0 fnt
|faint|p1a: Gholdengo
|
|-heal|p2a: Gisgar|99/100 tox|[from] ability: Poison Heal
|-damage|p2a: Gisgar|88/100 tox|[from] Salt Cure
|-sideend|p2: Tofik24601|move: Aurora Veil
|upkeep
|
|t:|1760387998
|switch|p1a: Great Tusk|Great Tusk|100/100
|turn|14
|
|t:|1760388002
|-terastallize|p2a: Gisgar|Normal
|move|p2a: Gisgar|Facade|p1a: Great Tusk
|-damage|p1a: Great Tusk|0 fnt
|faint|p1a: Great Tusk
|-end|p1a: Great Tusk|Protosynthesis|[silent]
|
|-heal|p2a: Gisgar|99/100 tox|[from] ability: Poison Heal
|-damage|p2a: Gisgar|88/100 tox|[from] Salt Cure
|upkeep
|
|t:|1760388010
|switch|p1a: Raging Bolt|Raging Bolt|100/100
|turn|15
|
|t:|1760388015
|move|p1a: Raging Bolt|Thunderclap|p2a: Gisgar
|-damage|p2a: Gisgar|24/100 tox
|move|p2a: Gisgar|Facade|p1a: Raging Bolt
|-damage|p1a: Raging Bolt|0 fnt
|faint|p1a: Raging Bolt
|-end|p1a: Raging Bolt|Protosynthesis|[silent]
|
|-heal|p2a: Gisgar|36/100 tox|[from] ability: Poison Heal
|-damage|p2a: Gisgar|24/100 tox|[from] Salt Cure
|upkeep
|
|t:|1760388023
|switch|p1a: Dragonite|Dragonite, F|51/100
|turn|16
|
|t:|1760388028
|move|p1a: Dragonite|Extreme Speed|p2a: Gisgar
|-damage|p2a: Gisgar|0 fnt
|faint|p2a: Gisgar
|
|upkeep
|
|t:|1760388032
|switch|p2a: Ninetales|Ninetales-Alola, F|100/100
|-damage|p2a: Ninetales|76/100|[from] Stealth Rock
|-weather|Snowscape|[from] ability: Snow Warning|[of] p2a: Ninetales
|turn|17
|
|t:|1760388039
|move|p2a: Ninetales|Freeze-Dry|p1a: Dragonite
|-supereffective|p1a: Dragonite
|-damage|p1a: Dragonite|0 fnt
|faint|p1a: Dragonite
|
|-weather|Snowscape|[upkeep]
|upkeep
|
|t:|1760388043
|switch|p1a: Alomomola|Alomomola, F|100/100
|turn|18
|
|t:|1760388049
|move|p2a: Ninetales|Aurora Veil|p2a: Ninetales
|-sidestart|p2: Tofik24601|move: Aurora Veil
|move|p1a: Alomomola|Wish|p1a: Alomomola
|
|-weather|Snowscape|[upkeep]
|upkeep
|turn|19
|
|t:|1760388054
|switch|p1a: Garganacl|Garganacl, M, tera:Fairy|100/100
|move|p2a: Ninetales|Encore||[still]
|-fail|p2a: Ninetales
|
|-weather|Snowscape|[upkeep]
|upkeep
|turn|20
|
|t:|1760388061
|switch|p2a: Wo Chien|Ting-Lu|100/100
|-damage|p2a: Wo Chien|94/100|[from] Stealth Rock
|-ability|p2a: Wo Chien|Vessel of Ruin
|move|p1a: Garganacl|Salt Cure|p2a: Wo Chien
|-resisted|p2a: Wo Chien
|-damage|p2a: Wo Chien|93/100
|-start|p2a: Wo Chien|Salt Cure
|
|-weather|Snowscape|[upkeep]
|-damage|p2a: Wo Chien|80/100|[from] Salt Cure
|upkeep
|turn|21
|
|t:|1760388071
|move|p1a: Garganacl|Protect|p1a: Garganacl
|-singleturn|p1a: Garganacl|Protect
|move|p2a: Wo Chien|Ruination|p1a: Garganacl
|-activate|p1a: Garganacl|move: Protect
|
|-weather|none
|-damage|p2a: Wo Chien|68/100|[from] Salt Cure
|upkeep
|turn|22
|
|t:|1760388079
|switch|p1a: Alomomola|Alomomola, F|100/100
|move|p2a: Wo Chien|Ruination|p1a: Alomomola
|-damage|p1a: Alomomola|50/100
|
|-damage|p2a: Wo Chien|55/100|[from] Salt Cure
|upkeep
|turn|23
|
|t:|1760388094
|switch|p2a: Ninetales|Ninetales-Alola, F|76/100
|-damage|p2a: Ninetales|51/100|[from] Stealth Rock
|-weather|Snowscape|[from] ability: Snow Warning|[of] p2a: Ninetales
|move|p1a: Alomomola|Wish|p1a: Alomomola
|
|-weather|Snowscape|[upkeep]
|upkeep
|turn|24
|
|t:|1760388105
|move|p1a: Alomomola|Protect|p1a: Alomomola
|-singleturn|p1a: Alomomola|Protect
|move|p2a: Ninetales|Roar|p1a: Alomomola
|drag|p1a: Garganacl|Garganacl, M, tera:Fairy|100/100
|
|-weather|Snowscape|[upkeep]
|upkeep
|turn|25
|
|t:|1760388116
|switch|p2a: Wo Chien|Ting-Lu|55/100
|-damage|p2a: Wo Chien|49/100|[from] Stealth Rock
|-ability|p2a: Wo Chien|Vessel of Ruin
|move|p1a: Garganacl|Salt Cure|p2a: Wo Chien
|-resisted|p2a: Wo Chien
|-damage|p2a: Wo Chien|47/100
|-start|p2a: Wo Chien|Salt Cure
|
|-weather|Snowscape|[upkeep]
|-damage|p2a: Wo Chien|35/100|[from] Salt Cure
|-sideend|p2: Tofik24601|move: Aurora Veil
|upkeep
|turn|26
|
|t:|1760388126
|move|p1a: Garganacl|Protect|p1a: Garganacl
|-singleturn|p1a: Garganacl|Protect
|move|p2a: Wo Chien|Spikes|p1a: Garganacl
|-sidestart|p1: AnneSylveon69|Spikes
|
|-weather|Snowscape|[upkeep]
|-damage|p2a: Wo Chien|22/100|[from] Salt Cure
|upkeep
|turn|27
|
|t:|1760388136
|switch|p1a: Alomomola|Alomomola, F|84/100
|move|p2a: Wo Chien|Spikes|p1a: Alomomola
|-sidestart|p1: AnneSylveon69|Spikes
|
|-weather|none
|-damage|p2a: Wo Chien|10/100|[from] Salt Cure
|upkeep
|turn|28
|
|t:|1760388146
|move|p2a: Wo Chien|Spikes|p1a: Alomomola
|-sidestart|p1: AnneSylveon69|Spikes
|move|p1a: Alomomola|Wish|p1a: Alomomola
|
|-damage|p2a: Wo Chien|0 fnt|[from] Salt Cure
|faint|p2a: Wo Chien
|upkeep
|
|t:|1760388153
|switch|p2a: Ninetales|Ninetales-Alola, F|51/100
|-damage|p2a: Ninetales|26/100|[from] Stealth Rock
|-weather|Snowscape|[from] ability: Snow Warning|[of] p2a: Ninetales
|turn|29
|
|t:|1760388158
|move|p2a: Ninetales|Encore|p1a: Alomomola
|-start|p1a: Alomomola|Encore
|move|p1a: Alomomola|Wish||[still]
|-fail|p1a: Alomomola
|
|-weather|Snowscape|[upkeep]
|-heal|p1a: Alomomola|100/100|[from] move: Wish|[wisher] Alomomola
|upkeep
|turn|30
|
|t:|1760388166
|move|p2a: Ninetales|Aurora Veil|p2a: Ninetales
|-sidestart|p2: Tofik24601|move: Aurora Veil
|move|p1a: Alomomola|Wish|p1a: Alomomola
|
|-weather|Snowscape|[upkeep]
|upkeep
|turn|31
|
|t:|1760388170
|switch|p2a: Gastradon|Darkrai|100/100
|-damage|p2a: Gastradon|88/100|[from] Stealth Rock
|switch|p1a: Garganacl|Garganacl, M, tera:Fairy|100/100
|-damage|p1a: Garganacl|76/100|[from] Spikes
|
|-weather|Snowscape|[upkeep]
|-heal|p1a: Garganacl|100/100|[from] move: Wish|[wisher] Alomomola
|-heal|p2a: Gastradon|94/100|[from] item: Leftovers
|upkeep
|turn|32
|
|t:|1760388182
|move|p2a: Gastradon|Nasty Plot|p2a: Gastradon
|-boost|p2a: Gastradon|spa|2
|move|p1a: Garganacl|Salt Cure|p2a: Gastradon
|-damage|p2a: Gastradon|85/100
|-start|p2a: Gastradon|Salt Cure
|
|-weather|Snowscape|[upkeep]
|-heal|p2a: Gastradon|91/100|[from] item: Leftovers
|-damage|p2a: Gastradon|79/100|[from] Salt Cure
|upkeep
|turn|33
|
|t:|1760388192
|move|p1a: Garganacl|Protect|p1a: Garganacl
|-singleturn|p1a: Garganacl|Protect
|move|p2a: Gastradon|Psyshock|p1a: Garganacl
|-activate|p1a: Garganacl|move: Protect
|
|-weather|none
|-heal|p2a: Gastradon|85/100|[from] item: Leftovers
|-damage|p2a: Gastradon|72/100|[from] Salt Cure
|upkeep
|turn|34
|
|t:|1760388201
|move|p2a: Gastradon|Psyshock|p1a: Garganacl
|-damage|p1a: Garganacl|61/100
|move|p1a: Garganacl|Recover|p1a: Garganacl
|-heal|p1a: Garganacl|100/100
|
|-heal|p2a: Gastradon|78/100|[from] item: Leftovers
|-damage|p2a: Gastradon|66/100|[from] Salt Cure
|upkeep
|turn|35
|
|t:|1760388209
|move|p1a: Garganacl|Protect|p1a: Garganacl
|-singleturn|p1a: Garganacl|Protect
|move|p2a: Gastradon|Nasty Plot|p2a: Gastradon
|-boost|p2a: Gastradon|spa|2
|
|-heal|p2a: Gastradon|72/100|[from] item: Leftovers
|-damage|p2a: Gastradon|60/100|[from] Salt Cure
|upkeep
|turn|36
|
|t:|1760388217
|move|p2a: Gastradon|Psyshock|p1a: Garganacl
|-damage|p1a: Garganacl|49/100
|move|p1a: Garganacl|Recover|p1a: Garganacl
|-heal|p1a: Garganacl|99/100
|
|-heal|p2a: Gastradon|66/100|[from] item: Leftovers
|-heal|p1a: Garganacl|100/100|[from] item: Leftovers
|-damage|p2a: Gastradon|53/100|[from] Salt Cure
|upkeep
|turn|37
|
|t:|1760388233
|move|p1a: Garganacl|Protect|p1a: Garganacl
|-singleturn|p1a: Garganacl|Protect
|move|p2a: Gastradon|Nasty Plot|p2a: Gastradon
|-boost|p2a: Gastradon|spa|2
|
|-heal|p2a: Gastradon|59/100|[from] item: Leftovers
|-damage|p2a: Gastradon|47/100|[from] Salt Cure
|-sideend|p2: Tofik24601|move: Aurora Veil
|upkeep
|turn|38
|
|t:|1760388243
|move|p2a: Gastradon|Dark Pulse|p1a: Garganacl
|-resisted|p1a: Garganacl
|-damage|p1a: Garganacl|41/100
|move|p1a: Garganacl|Recover|p1a: Garganacl
|-heal|p1a: Garganacl|91/100
|
|-heal|p2a: Gastradon|53/100|[from] item: Leftovers
|-heal|p1a: Garganacl|98/100|[from] item: Leftovers
|-damage|p2a: Gastradon|40/100|[from] Salt Cure
|upkeep
|turn|39
|
|t:|1760388252
|move|p1a: Garganacl|Protect|p1a: Garganacl
|-singleturn|p1a: Garganacl|Protect
|move|p2a: Gastradon|Psyshock|p1a: Garganacl
|-activate|p1a: Garganacl|move: Protect
|
|-heal|p2a: Gastradon|46/100|[from] item: Leftovers
|-heal|p1a: Garganacl|100/100|[from] item: Leftovers
|-damage|p2a: Gastradon|34/100|[from] Salt Cure
|upkeep
|turn|40
|
|t:|1760388262
|move|p2a: Gastradon|Psyshock|p1a: Garganacl
|-damage|p1a: Garganacl|24/100
|move|p1a: Garganacl|Salt Cure|p2a: Gastradon
|-damage|p2a: Gastradon|15/100
|
|-heal|p2a: Gastradon|21/100|[from] item: Leftovers
|-heal|p1a: Garganacl|30/100|[from] item: Leftovers
|-damage|p2a: Gastradon|8/100|[from] Salt Cure
|upkeep
|turn|41
|
|t:|1760388270
|move|p1a: Garganacl|Protect|p1a: Garganacl
|-singleturn|p1a: Garganacl|Protect
|move|p2a: Gastradon|Psyshock|p1a: Garganacl
|-activate|p1a: Garganacl|move: Protect
|
|-heal|p2a: Gastradon|14/100|[from] item: Leftovers
|-heal|p1a: Garganacl|36/100|[from] item: Leftovers
|-damage|p2a: Gastradon|2/100|[from] Salt Cure
|upkeep
|turn|42
|
|t:|1760388282
|move|p1a: Garganacl|Protect||[still]
|-fail|p1a: Garganacl
|move|p2a: Gastradon|Psyshock|p1a: Garganacl
|-damage|p1a: Garganacl|0 fnt
|faint|p1a: Garganacl
|
|-heal|p2a: Gastradon|8/100|[from] item: Leftovers
|-damage|p2a: Gastradon|0 fnt|[from] Salt Cure
|faint|p2a: Gastradon
|upkeep
|c|☆AnneSylveon69|FISH
|
|t:|1760388291
|switch|p2a: Ninetales|Ninetales-Alola, F|26/100
|switch|p1a: Alomomola|Alomomola, F|100/100
|-damage|p2a: Ninetales|1/100|[from] Stealth Rock
|-weather|Snowscape|[from] ability: Snow Warning|[of] p2a: Ninetales
|turn|43
|
|t:|1760388298
|move|p2a: Ninetales|Aurora Veil|p2a: Ninetales
|-sidestart|p2: Tofik24601|move: Aurora Veil
|move|p1a: Alomomola|Wish|p1a: Alomomola
|
|-weather|Snowscape|[upkeep]
|upkeep
|turn|44
|
|t:|1760388302
|move|p2a: Ninetales|Encore|p1a: Alomomola
|-start|p1a: Alomomola|Encore
|move|p1a: Alomomola|Wish||[still]
|-fail|p1a: Alomomola
|
|-weather|Snowscape|[upkeep]
|upkeep
|turn|45
|
|t:|1760388308
|switch|p2a: Hatterene|Hatterene, F|100/100
|-damage|p2a: Hatterene|88/100|[from] Stealth Rock
|move|p1a: Alomomola|Wish|p1a: Alomomola
|
|-weather|Snowscape|[upkeep]
|-heal|p2a: Hatterene|94/100|[from] item: Leftovers
|upkeep
|turn|46
|
|t:|1760388316
|move|p1a: Alomomola|Wish||[still]
|-fail|p1a: Alomomola
|move|p2a: Hatterene|Calm Mind|p2a: Hatterene
|-boost|p2a: Hatterene|spa|1
|-boost|p2a: Hatterene|spd|1
|
|-weather|Snowscape|[upkeep]
|-heal|p2a: Hatterene|99/100|[from] item: Leftovers
|-end|p1a: Alomomola|Encore
|upkeep
|turn|47
|
|t:|1760388324
|move|p1a: Alomomola|Tickle|p2a: Hatterene
|move|p2a: Hatterene|Tickle|p1a: Alomomola|[from] ability: Magic Bounce
|-unboost|p1a: Alomomola|atk|1
|-unboost|p1a: Alomomola|def|1
|move|p2a: Hatterene|Calm Mind|p2a: Hatterene
|-boost|p2a: Hatterene|spa|1
|-boost|p2a: Hatterene|spd|1
|
|-weather|none
|-heal|p2a: Hatterene|100/100|[from] item: Leftovers
|upkeep
|turn|48
|
|t:|1760388333
|move|p1a: Alomomola|Flip Turn|p2a: Hatterene
|-damage|p2a: Hatterene|96/100
|move|p2a: Hatterene|Nuzzle|p1a: Alomomola
|-supereffective|p1a: Alomomola
|-crit|p1a: Alomomola
|-damage|p1a: Alomomola|89/100
|-status|p1a: Alomomola|par
|
|-heal|p2a: Hatterene|100/100|[from] item: Leftovers
|upkeep
|turn|49
|
|t:|1760388344
|move|p2a: Hatterene|Psychic Noise|p1a: Alomomola
|-damage|p1a: Alomomola|27/100 par
|-start|p1a: Alomomola|move: Heal Block
|cant|p1a: Alomomola|move: Heal Block|Wish
|
|upkeep
|turn|50
|
|t:|1760388353
|move|p1a: Alomomola|Protect|p1a: Alomomola
|-singleturn|p1a: Alomomola|Protect
|move|p2a: Hatterene|Psychic Noise|p1a: Alomomola
|-activate|p1a: Alomomola|move: Protect
|
|-end|p1a: Alomomola|move: Heal Block
|-sideend|p2: Tofik24601|move: Aurora Veil
|upkeep
|turn|51
|
|t:|1760388360
|move|p2a: Hatterene|Psychic Noise|p1a: Alomomola
|-damage|p1a: Alomomola|0 fnt
|faint|p1a: Alomomola
|
|win|Tofik24601
|raw|AnneSylveon69's rating: 1220 &rarr; <strong>1194</strong><br />(-26 for losing)
|raw|Tofik24601's rating: 1200 &rarr; <strong>1226</strong><br />(+26 for winning)
|l|☆Tofik24601
|player|p2|
