|j|☆ernozo
|j|☆unovanminun
|t:|1760448481
|gametype|singles
|player|p1|ernozo|skierf|1259
|player|p2|unovanminun|1|1327
|gen|9
|tier|[Gen 9] OU
|rated|
|rule|HP Percentage Mod: HP is shown in percentages
|rule|Endless Battle Clause: Forcing endless battles is banned
|rule|Species Clause: Limit one of each Pokémon
|rule|OHKO Clause: OHKO moves are banned
|rule|Evasion Items Clause: Evasion items are banned
|rule|Evasion Moves Clause: Evasion moves are banned
|rule|Evasion Abilities Clause: Evasion abilities are banned
|rule|Sleep Moves Clause: Sleep-inducing moves are banned
|clearpoke
|poke|p1|Ninetales-Alola, F|
|poke|p1|Frosmoth, M|
|poke|p1|Froslass, F|
|poke|p1|Cloyster, F|
|poke|p1|Glastrier|
|poke|p1|Kyurem|
|poke|p2|Alomomola, F|
|poke|p2|Garganacl, M|
|poke|p2|Heatran, F|
|poke|p2|Dragonite, M|
|poke|p2|Scizor, M|
|poke|p2|Raging Bolt|
|teampreview
|inactive|Battle timer is ON: inactive players will automatically lose when time's up. (requested by unovanminun)
|
|t:|1760448508
|teamsize|p1|6
|teamsize|p2|6
|start
|switch|p1a: Froslass|Froslass, F|100/100
|switch|p2a: Heatran|Heatran, F|100/100
|-item|p2a: Heatran|Air Balloon
|turn|1
|
|t:|1760448512
|move|p1a: Froslass|Taunt|p2a: Heatran
|-start|p2a: Heatran|move: Taunt
|move|p2a: Heatran|Lava Plume|p1a: Froslass
|-supereffective|p1a: Froslass
|-enditem|p1a: Froslass|Focus Sash
|-damage|p1a: Froslass|1/100
|
|upkeep
|turn|2
|
|t:|1760448517
|move|p1a: Froslass|Destiny Bond|p1a: Froslass
|-singlemove|p1a: Froslass|Destiny Bond
|move|p2a: Heatran|Lava Plume|p1a: Froslass
|-supereffective|p1a: Froslass
|-damage|p1a: Froslass|0 fnt
|-start|p2a: Heatran|Disable|Lava Plume|[from] ability: Cursed Body|[of] p1a: Froslass
|faint|p1a: Froslass
|-activate|p1a: Froslass|move: Destiny Bond
|faint|p2a: Heatran
|
|upkeep
|
|t:|1760448524
|switch|p1a: Ninetales|Ninetales-Alola, F|100/100
|switch|p2a: Garganacl|Garganacl, M|100/100
|-weather|Snowscape|[from] ability: Snow Warning|[of] p1a: Ninetales
|turn|3
|c|☆unovanminun|I can't believe I fell for that
|inactive|ernozo has 120 seconds left.
|
|t:|1760448567
|move|p1a: Ninetales|Aurora Veil|p1a: Ninetales
|-sidestart|p1: ernozo|move: Aurora Veil
|move|p2a: Garganacl|Salt Cure|p1a: Ninetales
|-supereffective|p1a: Ninetales
|-damage|p1a: Ninetales|87/100
|-start|p1a: Ninetales|Salt Cure
|
|-weather|Snowscape|[upkeep]
|-damage|p1a: Ninetales|74/100|[from] Salt Cure
|upkeep
|turn|4
|
|t:|1760448571
|move|p1a: Ninetales|Moonblast|p2a: Garganacl
|-damage|p2a: Garganacl|70/100
|-unboost|p2a: Garganacl|spa|1
|move|p2a: Garganacl|Body Press|p1a: Ninetales
|-damage|p1a: Ninetales|59/100
|
|-weather|Snowscape|[upkeep]
|-heal|p2a: Garganacl|76/100|[from] item: Leftovers
|-damage|p1a: Ninetales|46/100|[from] Salt Cure
|upkeep
|turn|5
|
|t:|1760448576
|move|p1a: Ninetales|Moonblast|p2a: Garganacl
|-damage|p2a: Garganacl|46/100
|move|p2a: Garganacl|Recover|p2a: Garganacl
|-heal|p2a: Garganacl|96/100
|
|-weather|Snowscape|[upkeep]
|-heal|p2a: Garganacl|100/100|[from] item: Leftovers
|-damage|p1a: Ninetales|34/100|[from] Salt Cure
|upkeep
|turn|6
|
|t:|1760448580
|move|p2a: Garganacl|Protect|p2a: Garganacl
|-singleturn|p2a: Garganacl|Protect
|move|p1a: Ninetales|Moonblast|p2a: Garganacl
|-activate|p2a: Garganacl|move: Protect
|
|-weather|Snowscape|[upkeep]
|-damage|p1a: Ninetales|22/100|[from] Salt Cure
|upkeep
|turn|7
|
|t:|1760448584
|move|p1a: Ninetales|Encore|p2a: Garganacl
|-start|p2a: Garganacl|Encore
|move|p2a: Garganacl|Protect||[still]
|-fail|p2a: Garganacl
|
|-weather|none
|-damage|p1a: Ninetales|10/100|[from] Salt Cure
|upkeep
|turn|8
|
|t:|1760448588
|switch|p1a: Cloyster|Cloyster, F|100/100
|switch|p2a: Scizor|Scizor, M|100/100
|
|upkeep
|turn|9
|
|t:|1760448593
|move|p1a: Cloyster|Waterfall|p2a: Scizor
|-damage|p2a: Scizor|63/100
|move|p2a: Scizor|Close Combat|p1a: Cloyster
|-supereffective|p1a: Cloyster
|-damage|p1a: Cloyster|47/100
|-unboost|p2a: Scizor|def|1
|-unboost|p2a: Scizor|spd|1
|
|upkeep
|turn|10
|
|t:|1760448598
|move|p1a: Cloyster|Waterfall|p2a: Scizor
|-damage|p2a: Scizor|13/100
|move|p2a: Scizor|Close Combat|p1a: Cloyster
|-supereffective|p1a: Cloyster
|-damage|p1a: Cloyster|0 fnt
|-unboost|p2a: Scizor|def|1
|-unboost|p2a: Scizor|spd|1
|faint|p1a: Cloyster
|
|-sideend|p1: ernozo|move: Aurora Veil
|upkeep
|
|t:|1760448603
|switch|p1a: Glastrier|Glastrier|100/100
|turn|11
|
|t:|1760448609
|move|p2a: Scizor|Close Combat|p1a: Glastrier
|-supereffective|p1a: Glastrier
|-damage|p1a: Glastrier|0 fnt
|-unboost|p2a: Scizor|def|1
|-unboost|p2a: Scizor|spd|1
|faint|p1a: Glastrier
|
|upkeep
|
|t:|1760448617
|switch|p1a: Ninetales|Ninetales-Alola, F|10/100
|-weather|Snowscape|[from] ability: Snow Warning|[of] p1a: Ninetales
|turn|12
|
|t:|1760448620
|switch|p2a: Alomomola|Alomomola, F|100/100
|move|p1a: Ninetales|Blizzard|p2a: Alomomola
|-resisted|p2a: Alomomola
|-damage|p2a: Alomomola|75/100
|
|-weather|Snowscape|[upkeep]
|-heal|p2a: Alomomola|82/100|[from] item: Leftovers
|upkeep
|turn|13
|
|t:|1760448625
|move|p1a: Ninetales|Aurora Veil|p1a: Ninetales
|-sidestart|p1: ernozo|move: Aurora Veil
|move|p2a: Alomomola|Wish|p2a: Alomomola
|
|-weather|Snowscape|[upkeep]
|-heal|p2a: Alomomola|88/100|[from] item: Leftovers
|upkeep
|turn|14
|
|t:|1760448627
|move|p1a: Ninetales|Encore|p2a: Alomomola
|-start|p2a: Alomomola|Encore
|move|p2a: Alomomola|Wish||[still]
|-fail|p2a: Alomomola
|
|-weather|Snowscape|[upkeep]
|-heal|p2a: Alomomola|100/100|[from] move: Wish|[wisher] Alomomola
|upkeep
|turn|15
|
|t:|1760448631
|switch|p1a: Frosmoth|Frosmoth, M|100/100
|move|p2a: Alomomola|Wish|p2a: Alomomola
|
|-weather|Snowscape|[upkeep]
|upkeep
|turn|16
|
|t:|1760448635
|switch|p2a: Scizor|Scizor, M|13/100
|move|p1a: Frosmoth|Substitute|p1a: Frosmoth
|-start|p1a: Frosmoth|Substitute
|-damage|p1a: Frosmoth|76/100
|
|-weather|none
|-heal|p2a: Scizor|91/100|[from] move: Wish|[wisher] Alomomola
|upkeep
|turn|17
|
|t:|1760448639
|move|p1a: Frosmoth|Quiver Dance|p1a: Frosmoth
|-boost|p1a: Frosmoth|spa|1
|-boost|p1a: Frosmoth|spd|1
|-boost|p1a: Frosmoth|spe|1
|move|p2a: Scizor|Dual Wingbeat|p1a: Frosmoth
|-supereffective|p1a: Frosmoth
|-crit|p1a: Frosmoth
|-end|p1a: Frosmoth|Substitute
|-supereffective|p1a: Frosmoth
|-damage|p1a: Frosmoth|11/100
|-hitcount|p1a: Frosmoth|2
|
|upkeep
|turn|18
|
|t:|1760448648
|-terastallize|p1a: Frosmoth|Ground
|move|p1a: Frosmoth|Tera Blast|p2a: Scizor|[anim] Tera Blast Ground
|-damage|p2a: Scizor|16/100
|move|p2a: Scizor|Dual Wingbeat|p1a: Frosmoth
|-damage|p1a: Frosmoth|0 fnt
|faint|p1a: Frosmoth
|-hitcount|p1: Frosmoth|1
|
|upkeep
|
|t:|1760448656
|switch|p1a: Kyurem|Kyurem|100/100
|-ability|p1a: Kyurem|Pressure
|turn|19
|
|t:|1760448659
|switch|p2a: Alomomola|Alomomola, F|100/100
|move|p1a: Kyurem|Dragon Dance|p1a: Kyurem
|-boost|p1a: Kyurem|atk|1
|-boost|p1a: Kyurem|spe|1
|
|upkeep
|turn|20
|
|t:|1760448662
|move|p1a: Kyurem|Dragon Dance|p1a: Kyurem
|-boost|p1a: Kyurem|atk|1
|-boost|p1a: Kyurem|spe|1
|move|p2a: Alomomola|Wish|p2a: Alomomola
|
|-sideend|p1: ernozo|move: Aurora Veil
|upkeep
|turn|21
|
|t:|1760448665
|move|p1a: Kyurem|Dragon Dance|p1a: Kyurem
|-boost|p1a: Kyurem|atk|1
|-boost|p1a: Kyurem|spe|1
|move|p2a: Alomomola|Scald|p1a: Kyurem
|-resisted|p1a: Kyurem
|-damage|p1a: Kyurem|94/100
|
|upkeep
|turn|22
|
|t:|1760448670
|move|p1a: Kyurem|Scale Shot|p2a: Alomomola
|-damage|p2a: Alomomola|81/100
|-damage|p2a: Alomomola|60/100
|-damage|p2a: Alomomola|43/100
|-damage|p2a: Alomomola|22/100
|-damage|p2a: Alomomola|3/100
|-hitcount|p2a: Alomomola|5
|-unboost|p1a: Kyurem|def|1
|-boost|p1a: Kyurem|spe|1
|move|p2a: Alomomola|Scald|p1a: Kyurem
|-resisted|p1a: Kyurem
|-damage|p1a: Kyurem|87/100
|-status|p1a: Kyurem|brn
|
|-heal|p2a: Alomomola|10/100|[from] item: Leftovers
|-damage|p1a: Kyurem|81/100 brn|[from] brn
|upkeep
|turn|23
|
|t:|1760448681
|move|p1a: Kyurem|Scale Shot|p2a: Alomomola
|-damage|p2a: Alomomola|0 fnt
|faint|p2a: Alomomola
|-hitcount|p2: Alomomola|1
|-unboost|p1a: Kyurem|def|1
|-boost|p1a: Kyurem|spe|1
|
|-damage|p1a: Kyurem|75/100 brn|[from] brn
|upkeep
|
|t:|1760448689
|switch|p2a: Garganacl|Garganacl, M|100/100
|turn|24
|
|t:|1760448693
|move|p1a: Kyurem|Scale Shot|p2a: Garganacl
|-damage|p2a: Garganacl|91/100
|-damage|p2a: Garganacl|81/100
|-crit|p2a: Garganacl
|-damage|p2a: Garganacl|68/100
|-damage|p2a: Garganacl|58/100
|-hitcount|p2a: Garganacl|4
|-unboost|p1a: Kyurem|def|1
|-boost|p1a: Kyurem|spe|1
|move|p2a: Garganacl|Recover|p2a: Garganacl
|-heal|p2a: Garganacl|100/100
|
|-damage|p1a: Kyurem|69/100 brn|[from] brn
|upkeep
|turn|25
|
|t:|1760448702
|move|p1a: Kyurem|Dragon Dance|p1a: Kyurem
|-boost|p1a: Kyurem|atk|1
|-boost|p1a: Kyurem|spe|0
|move|p2a: Garganacl|Salt Cure|p1a: Kyurem
|-supereffective|p1a: Kyurem
|-damage|p1a: Kyurem|8/100 brn
|-start|p1a: Kyurem|Salt Cure
|
|-damage|p1a: Kyurem|2/100 brn|[from] brn
|-damage|p1a: Kyurem|0 fnt|[from] Salt Cure
|faint|p1a: Kyurem
|upkeep
|-message|ernozo forfeited.
|
|win|unovanminun
|raw|ernozo's rating: 1259 &rarr; <strong>1239</strong><br />(-20 for losing)
|raw|unovanminun's rating: 1327 &rarr; <strong>1343</strong><br />(+16 for winning)
|l|☆ernozo
|player|p1|
|l|☆unovanminun
|player|p2|
