|j|☆bebedou
|j|☆great_expectations
|t:|1760428949
|gametype|singles
|player|p1|bebedou|harlequin|1540
|player|p2|great_expectations|sonia|1630
|gen|9
|tier|[Gen 9] OU
|rated|
|rule|HP Percentage Mod: HP is shown in percentages
|rule|Endless Battle Clause: Forcing endless battles is banned
|rule|Species Clause: Limit one of each Pokémon
|rule|OHKO Clause: OHKO moves are banned
|rule|Evasion Items Clause: Evasion items are banned
|rule|Evasion Moves Clause: Evasion moves are banned
|rule|Evasion Abilities Clause: Evasion abilities are banned
|rule|Sleep Moves Clause: Sleep-inducing moves are banned
|clearpoke
|poke|p1|Gholdengo|
|poke|p1|Cinderace, M|
|poke|p1|Empoleon, F|
|poke|p1|Ribombee, F|
|poke|p1|Serperior, M|
|poke|p1|Kingambit, M|
|poke|p2|Corviknight, M|
|poke|p2|Samurott-Hisui, F|
|poke|p2|Latios, M|
|poke|p2|Iron Valiant|
|poke|p2|Clodsire, F|
|poke|p2|Rillaboom, M|
|teampreview
|inactive|Battle timer is ON: inactive players will automatically lose when time's up. (requested by bebedou)
|
|t:|1760428960
|teamsize|p1|6
|teamsize|p2|6
|start
|switch|p1a: Don't spin please|Ribombee, F|100/100
|switch|p2a: Corviknight|Corviknight, M|100/100
|-ability|p2a: Corviknight|Pressure
|turn|1
|
|t:|1760428967
|move|p1a: Don't spin please|Sticky Web|p2a: Corviknight
|-sidestart|p2: great_expectations|move: Sticky Web
|move|p2a: Corviknight|Iron Head|p1a: Don't spin please
|-supereffective|p1a: Don't spin please
|-crit|p1a: Don't spin please
|-enditem|p1a: Don't spin please|Focus Sash
|-damage|p1a: Don't spin please|1/100
|
|upkeep
|turn|2
|
|t:|1760428977
|switch|p1a: Flip Flop|Cinderace, M|100/100
|move|p2a: Corviknight|U-turn|p1a: Flip Flop
|-resisted|p1a: Flip Flop
|-damage|p1a: Flip Flop|91/100
|
|t:|1760428990
|switch|p2a: Clodsire|Clodsire, F|100/100|[from] U-turn
|-activate|p2a: Clodsire|move: Sticky Web
|-unboost|p2a: Clodsire|spe|1
|
|upkeep
|turn|3
|
|t:|1760429013
|move|p1a: Flip Flop|Will-O-Wisp|p2a: Clodsire
|-status|p2a: Clodsire|brn
|move|p2a: Clodsire|Earthquake|p1a: Flip Flop
|-supereffective|p1a: Flip Flop
|-damage|p1a: Flip Flop|58/100
|
|-damage|p2a: Clodsire|94/100 brn|[from] brn
|upkeep
|turn|4
|
|t:|1760429023
|switch|p1a: Gholdengo|Gholdengo|100/100
|-item|p1a: Gholdengo|Air Balloon
|move|p2a: Clodsire|Toxic|p1a: Gholdengo
|-immune|p1a: Gholdengo|[from] ability: Good as Gold
|
|-heal|p2a: Clodsire|100/100 brn|[from] item: Black Sludge
|-damage|p2a: Clodsire|94/100 brn|[from] brn
|upkeep
|turn|5
|
|t:|1760429032
|move|p1a: Gholdengo|Shadow Ball|p2a: Clodsire
|-damage|p2a: Clodsire|72/100 brn
|-unboost|p2a: Clodsire|spd|1
|move|p2a: Clodsire|Stealth Rock|p1a: Gholdengo
|-sidestart|p1: bebedou|move: Stealth Rock
|
|-heal|p2a: Clodsire|79/100 brn|[from] item: Black Sludge
|-damage|p2a: Clodsire|72/100 brn|[from] brn
|upkeep
|turn|6
|
|t:|1760429046
|switch|p2a: Samurott|Samurott-Hisui, F|100/100
|-activate|p2a: Samurott|move: Sticky Web
|-unboost|p2a: Samurott|spe|1
|move|p1a: Gholdengo|Focus Blast|p2a: Samurott|[miss]
|-miss|p1a: Gholdengo|p2a: Samurott
|
|upkeep
|turn|7
|
|t:|1760429060
|switch|p1a: Flip Flop|Cinderace, M|58/100
|move|p2a: Samurott|Ceaseless Edge|p1a: Flip Flop
|-damage|p1a: Flip Flop|4/100
|-sidestart|p1: bebedou|Spikes
|
|upkeep
|turn|8
|
|t:|1760429066
|move|p1a: Flip Flop|Court Change|p1a: Flip Flop
|-start|p1a: Flip Flop|typechange|Normal|[from] ability: Libero
|-swapsideconditions
|-activate|p1a: Flip Flop|move: Court Change
|move|p2a: Samurott|Ceaseless Edge|p1a: Flip Flop
|-damage|p1a: Flip Flop|0 fnt
|-sidestart|p1: bebedou|Spikes
|faint|p1a: Flip Flop
|
|upkeep
|
|t:|1760429084
|switch|p1a: Tom Thibodeau|Empoleon, F|100/100
|-activate|p1a: Tom Thibodeau|move: Sticky Web
|-unboost|p1a: Tom Thibodeau|spe|1
|-ability|p1a: Tom Thibodeau|Competitive|boost
|-boost|p1a: Tom Thibodeau|spa|2
|-damage|p1a: Tom Thibodeau|88/100|[from] Spikes
|turn|9
|
|t:|1760429091
|switch|p2a: Clodsire|Clodsire, F|72/100 brn
|-damage|p2a: Clodsire|66/100 brn|[from] Stealth Rock
|-damage|p2a: Clodsire|54/100 brn|[from] Spikes
|move|p1a: Tom Thibodeau|Grass Knot|p2a: Clodsire
|-damage|p2a: Clodsire|10/100 brn
|
|-heal|p1a: Tom Thibodeau|94/100|[from] item: Leftovers
|-heal|p2a: Clodsire|17/100 brn|[from] item: Black Sludge
|-damage|p2a: Clodsire|10/100 brn|[from] brn
|upkeep
|turn|10
|
|t:|1760429106
|move|p1a: Tom Thibodeau|Ice Beam|p2a: Clodsire
|-supereffective|p2a: Clodsire
|-damage|p2a: Clodsire|0 fnt
|faint|p2a: Clodsire
|
|-heal|p1a: Tom Thibodeau|100/100|[from] item: Leftovers
|upkeep
|
|t:|1760429116
|switch|p2a: Iron Valiant|Iron Valiant|100/100
|-damage|p2a: Iron Valiant|94/100|[from] Stealth Rock
|-damage|p2a: Iron Valiant|82/100|[from] Spikes
|-enditem|p2a: Iron Valiant|Booster Energy
|-activate|p2a: Iron Valiant|ability: Quark Drive|[fromitem]
|-start|p2a: Iron Valiant|quarkdrivespe
|turn|11
|
|t:|1760429124
|switch|p1a: Don't spin please|Ribombee, F|1/100
|-activate|p1a: Don't spin please|move: Sticky Web
|-unboost|p1a: Don't spin please|spe|1
|-damage|p1a: Don't spin please|0 fnt|[from] Spikes
|faint|p1a: Don't spin please
|move|p2a: Iron Valiant|Close Combat|p1: Don't spin please|[notarget]
|-fail|p2a: Iron Valiant
|
|upkeep
|
|t:|1760429135
|switch|p1a: Gholdengo|Gholdengo|100/100
|-item|p1a: Gholdengo|Air Balloon
|turn|12
|
|t:|1760429141
|move|p2a: Iron Valiant|Knock Off|p1a: Gholdengo
|-supereffective|p1a: Gholdengo
|-damage|p1a: Gholdengo|20/100
|-enditem|p1a: Gholdengo|Air Balloon
|move|p1a: Gholdengo|Shadow Ball|p2a: Iron Valiant
|-damage|p2a: Iron Valiant|4/100
|
|upkeep
|turn|13
|
|t:|1760429149
|move|p2a: Iron Valiant|Knock Off|p1a: Gholdengo
|-supereffective|p1a: Gholdengo
|-damage|p1a: Gholdengo|0 fnt
|faint|p1a: Gholdengo
|
|upkeep
|
|t:|1760429154
|switch|p1a: Tom Thibodeau|Empoleon, F|100/100
|-activate|p1a: Tom Thibodeau|move: Sticky Web
|-unboost|p1a: Tom Thibodeau|spe|1
|-ability|p1a: Tom Thibodeau|Competitive|boost
|-boost|p1a: Tom Thibodeau|spa|2
|-damage|p1a: Tom Thibodeau|88/100|[from] Spikes
|turn|14
|
|t:|1760429160
|move|p1a: Tom Thibodeau|Vacuum Wave|p2a: Iron Valiant
|-resisted|p2a: Iron Valiant
|-damage|p2a: Iron Valiant|0 fnt
|faint|p2a: Iron Valiant
|-end|p2a: Iron Valiant|Quark Drive|[silent]
|
|-heal|p1a: Tom Thibodeau|94/100|[from] item: Leftovers
|upkeep
|
|t:|1760429166
|switch|p2a: Rillaboom|Rillaboom, M|100/100
|-damage|p2a: Rillaboom|88/100|[from] Stealth Rock
|-damage|p2a: Rillaboom|76/100|[from] Spikes
|-fieldstart|move: Grassy Terrain|[from] ability: Grassy Surge|[of] p2a: Rillaboom
|turn|15
|
|t:|1760429191
|switch|p1a: Sweeper #1|Serperior, M|100/100
|-activate|p1a: Sweeper #1|move: Sticky Web
|-boost|p1a: Sweeper #1|spe|1
|-damage|p1a: Sweeper #1|88/100|[from] Spikes
|move|p2a: Rillaboom|Drain Punch|p1a: Sweeper #1
|-damage|p1a: Sweeper #1|35/100
|-heal|p2a: Rillaboom|98/100|[from] drain|[of] p1a: Sweeper #1
|
|-heal|p1a: Sweeper #1|41/100|[from] Grassy Terrain
|-heal|p1a: Sweeper #1|48/100|[from] item: Leftovers
|-heal|p2a: Rillaboom|100/100|[from] Grassy Terrain
|upkeep
|turn|16
|
|t:|1760429209
|switch|p2a: Corviknight|Corviknight, M|100/100
|-damage|p2a: Corviknight|88/100|[from] Stealth Rock
|-ability|p2a: Corviknight|Pressure
|move|p1a: Sweeper #1|Leaf Storm|p2a: Corviknight
|-resisted|p2a: Corviknight
|-damage|p2a: Corviknight|73/100
|-boost|p1a: Sweeper #1|spa|2
|
|-heal|p1a: Sweeper #1|54/100|[from] Grassy Terrain
|-heal|p1a: Sweeper #1|60/100|[from] item: Leftovers
|-heal|p2a: Corviknight|79/100|[from] item: Leftovers
|upkeep
|turn|17
|inactive|bebedou has 120 seconds left.
|
|t:|1760429225
|move|p1a: Sweeper #1|Leaf Storm|p2a: Corviknight
|-resisted|p2a: Corviknight
|-damage|p2a: Corviknight|49/100
|-boost|p1a: Sweeper #1|spa|2
|move|p2a: Corviknight|Iron Head|p1a: Sweeper #1
|-damage|p1a: Sweeper #1|26/100
|
|-heal|p1a: Sweeper #1|32/100|[from] Grassy Terrain
|-heal|p1a: Sweeper #1|38/100|[from] item: Leftovers
|-heal|p2a: Corviknight|56/100|[from] item: Leftovers
|upkeep
|turn|18
|inactive|bebedou has 120 seconds left.
|
|t:|1760429249
|switch|p1a: Not Defiant|Kingambit, M|100/100
|-activate|p1a: Not Defiant|move: Sticky Web
|-unboost|p1a: Not Defiant|spe|1
|-ability|p1a: Not Defiant|Defiant|boost
|-boost|p1a: Not Defiant|atk|2
|-damage|p1a: Not Defiant|88/100|[from] Spikes
|move|p2a: Corviknight|U-turn|p1a: Not Defiant
|-damage|p1a: Not Defiant|76/100
|
|t:|1760429257
|switch|p2a: Samurott|Samurott-Hisui, F|100/100|[from] U-turn
|-damage|p2a: Samurott|88/100|[from] Stealth Rock
|-damage|p2a: Samurott|76/100|[from] Spikes
|
|-heal|p2a: Samurott|82/100|[from] Grassy Terrain
|-heal|p1a: Not Defiant|82/100|[from] Grassy Terrain
|-heal|p1a: Not Defiant|88/100|[from] item: Leftovers
|upkeep
|turn|19
|inactive|bebedou has 120 seconds left.
|
|t:|1760429267
|move|p2a: Samurott|Sacred Sword|p1a: Not Defiant
|-supereffective|p1a: Not Defiant
|-damage|p1a: Not Defiant|0 fnt
|faint|p1a: Not Defiant
|
|-heal|p2a: Samurott|88/100|[from] Grassy Terrain
|-fieldend|move: Grassy Terrain
|upkeep
|inactive|bebedou has 120 seconds left.
|l|☆bebedou
|inactive|bebedou disconnected and has a minute to reconnect!
|player|p1|
|inactive|bebedou has 30 seconds to reconnect!
|inactive|bebedou has 20 seconds to reconnect!
|inactive|bebedou has 15 seconds to reconnect!
|inactive|bebedou has 10 seconds to reconnect!
|inactive|bebedou has 5 seconds to reconnect!
|-message|bebedou lost due to inactivity.
|
|win|great_expectations
|raw|bebedou's rating: 1540 &rarr; <strong>1525</strong><br />(-15 for losing)
|raw|great_expectations's rating: 1630 &rarr; <strong>1645</strong><br />(+15 for winning)
