|j|☆WeRrsome
|j|☆Potential Man
|t:|1760385617
|gametype|singles
|player|p1|WeRrsome|170|1565
|player|p2|Potential Man|brock-gen2|1555
|gen|9
|tier|[Gen 9] OU
|rated|
|rule|HP Percentage Mod: HP is shown in percentages
|rule|Endless Battle Clause: Forcing endless battles is banned
|rule|Species Clause: Limit one of each Pokémon
|rule|OHKO Clause: OHKO moves are banned
|rule|Evasion Items Clause: Evasion items are banned
|rule|Evasion Moves Clause: Evasion moves are banned
|rule|Evasion Abilities Clause: Evasion abilities are banned
|rule|Sleep Moves Clause: Sleep-inducing moves are banned
|clearpoke
|poke|p1|Araquanid, M|
|poke|p1|Dragonite, M|
|poke|p1|Magnezone|
|poke|p1|Landorus-Therian, M|
|poke|p1|Iron Treads|
|poke|p1|Gengar, M|
|poke|p2|Toxtricity, M|
|poke|p2|Darkrai|
|poke|p2|Samurott-Hisui, M|
|poke|p2|Rillaboom, F|
|poke|p2|Heatran, M|
|poke|p2|Hatterene, F|
|teampreview
|inactive|Battle timer is ON: inactive players will automatically lose when time's up. (requested by WeRrsome)
|
|t:|1760385628
|teamsize|p1|6
|teamsize|p2|6
|start
|switch|p1a: Landorus|Landorus-Therian, M|100/100
|switch|p2a: Bad Amp|Toxtricity, M, shiny|100/100
|-ability|p1a: Landorus|Intimidate|boost
|-unboost|p2a: Bad Amp|atk|1
|turn|1
|
|t:|1760385637
|switch|p2a: Rillaboom|Rillaboom, F|100/100
|-fieldstart|move: Grassy Terrain|[from] ability: Grassy Surge|[of] p2a: Rillaboom
|move|p1a: Landorus|U-turn|p2a: Rillaboom
|-supereffective|p2a: Rillaboom
|-damage|p2a: Rillaboom|41/100
|
|t:|1760385647
|switch|p1a: Dragonite|Dragonite, M|100/100|[from] U-turn
|
|-heal|p2a: Rillaboom|47/100|[from] Grassy Terrain
|upkeep
|turn|2
|
|t:|1760385649
|move|p2a: Rillaboom|U-turn|p1a: Dragonite
|-resisted|p1a: Dragonite
|-damage|p1a: Dragonite|95/100
|-damage|p2a: Rillaboom|30/100|[from] item: Rocky Helmet|[of] p1a: Dragonite
|
|t:|1760385651
|switch|p2a: Hatterene|Hatterene, F|100/100|[from] U-turn
|move|p1a: Dragonite|Thunder Wave|p2a: Hatterene
|move|p2a: Hatterene|Thunder Wave|p1a: Dragonite|[from] ability: Magic Bounce
|-status|p1a: Dragonite|par
|
|upkeep
|turn|3
|
|t:|1760385664
|switch|p2a: Rillaboom|Rillaboom, F|30/100
|switch|p1a: Magnezone|Magnezone|100/100
|
|-heal|p2a: Rillaboom|37/100|[from] Grassy Terrain
|upkeep
|turn|4
|
|t:|1760385668
|move|p2a: Rillaboom|U-turn|p1a: Magnezone
|-resisted|p1a: Magnezone
|-damage|p1a: Magnezone|84/100
|
|t:|1760385671
|switch|p2a: Heatran|Heatran, M|100/100|[from] U-turn
|move|p1a: Magnezone|Volt Switch|p2a: Heatran
|-damage|p2a: Heatran|55/100
|
|t:|1760385676
|switch|p1a: Araquanid|Araquanid, M|100/100|[from] Volt Switch
|
|-heal|p2a: Heatran|61/100|[from] Grassy Terrain
|-heal|p2a: Heatran|68/100|[from] item: Leftovers
|upkeep
|turn|5
|
|t:|1760385679
|move|p2a: Heatran|Taunt|p1a: Araquanid
|-start|p1a: Araquanid|move: Taunt
|move|p1a: Araquanid|Liquidation|p2a: Heatran
|-supereffective|p2a: Heatran
|-damage|p2a: Heatran|0 fnt
|faint|p2a: Heatran
|
|-fieldend|move: Grassy Terrain
|upkeep
|
|t:|1760385681
|switch|p2a: Bad Amp|Toxtricity, M, shiny|100/100
|turn|6
|
|t:|1760385690
|switch|p1a: Iron Treads|Iron Treads|100/100
|move|p2a: Bad Amp|Boomburst|p1a: Iron Treads
|-resisted|p1a: Iron Treads
|-damage|p1a: Iron Treads|77/100
|
|upkeep
|turn|7
|
|t:|1760385701
|switch|p2a: Samurott|Samurott-Hisui, M, shiny|100/100
|move|p1a: Iron Treads|Knock Off|p2a: Samurott
|-resisted|p2a: Samurott
|-damage|p2a: Samurott|84/100
|-enditem|p2a: Samurott|Heavy-Duty Boots|[from] move: Knock Off|[of] p1a: Iron Treads
|
|upkeep
|turn|8
|
|t:|1760385721
|move|p2a: Samurott|Razor Shell|p1a: Iron Treads
|-supereffective|p1a: Iron Treads
|-damage|p1a: Iron Treads|3/100
|-unboost|p1a: Iron Treads|def|1
|move|p1a: Iron Treads|Rapid Spin|p2a: Samurott
|-damage|p2a: Samurott|67/100
|-boost|p1a: Iron Treads|spe|1
|
|upkeep
|turn|9
|
|t:|1760385725
|move|p1a: Iron Treads|Earthquake|p2a: Samurott
|-damage|p2a: Samurott|23/100
|move|p2a: Samurott|Ceaseless Edge|p1a: Iron Treads
|-damage|p1a: Iron Treads|0 fnt
|-sidestart|p1: WeRrsome|Spikes
|faint|p1a: Iron Treads
|-end|p1a: Iron Treads|Quark Drive|[silent]
|
|upkeep
|
|t:|1760385728
|switch|p1a: Landorus|Landorus-Therian, M|100/100
|-ability|p1a: Landorus|Intimidate|boost
|-unboost|p2a: Samurott|atk|1
|turn|10
|
|t:|1760385738
|move|p1a: Landorus|U-turn|p2a: Samurott
|-supereffective|p2a: Samurott
|-damage|p2a: Samurott|0 fnt
|faint|p2a: Samurott
|
|t:|1760385756
|switch|p1a: Araquanid|Araquanid, M|100/100|[from] U-turn
|
|upkeep
|
|t:|1760385759
|switch|p2a: Bad Amp|Toxtricity, M, shiny|100/100
|turn|11
|
|t:|1760385764
|switch|p1a: Magnezone|Magnezone|84/100
|-damage|p1a: Magnezone|71/100|[from] Spikes
|move|p2a: Bad Amp|Volt Switch|p1a: Magnezone
|-resisted|p1a: Magnezone
|-damage|p1a: Magnezone|43/100
|
|t:|1760385771
|switch|p2a: Darkrai|Darkrai|100/100|[from] Volt Switch
|
|upkeep
|turn|12
|
|t:|1760385781
|move|p2a: Darkrai|Dark Pulse|p1a: Magnezone
|-damage|p1a: Magnezone|0 fnt
|faint|p1a: Magnezone
|
|upkeep
|
|t:|1760385789
|switch|p1a: Landorus|Landorus-Therian, M|100/100
|-ability|p1a: Landorus|Intimidate|boost
|-unboost|p2a: Darkrai|atk|1
|turn|13
|
|t:|1760385795
|switch|p2a: Bad Amp|Toxtricity, M, shiny|100/100
|move|p1a: Landorus|U-turn|p2a: Bad Amp
|-resisted|p2a: Bad Amp
|-damage|p2a: Bad Amp|81/100
|
|t:|1760385806
|switch|p1a: Gengar|Gengar, M|100/100|[from] U-turn
|-damage|p1a: Gengar|88/100|[from] Spikes
|
|upkeep
|turn|14
|
|t:|1760385809
|move|p1a: Gengar|Shadow Ball|p2a: Bad Amp
|-damage|p2a: Bad Amp|0 fnt
|faint|p2a: Bad Amp
|
|upkeep
|
|t:|1760385812
|switch|p2a: Darkrai|Darkrai|100/100
|turn|15
|
|t:|1760385821
|switch|p1a: Dragonite|Dragonite, M|95/100 par
|move|p2a: Darkrai|Nasty Plot|p2a: Darkrai
|-boost|p2a: Darkrai|spa|2
|
|upkeep
|turn|16
|
|t:|1760385829
|move|p2a: Darkrai|Ice Beam|p1a: Dragonite
|-supereffective|p1a: Dragonite
|-damage|p1a: Dragonite|0 fnt
|faint|p1a: Dragonite
|
|upkeep
|
|t:|1760385835
|switch|p1a: Araquanid|Araquanid, M|100/100
|turn|17
|
|t:|1760385838
|move|p2a: Darkrai|Dark Pulse|p1a: Araquanid
|-damage|p1a: Araquanid|37/100
|move|p1a: Araquanid|Leech Life|p2a: Darkrai
|-supereffective|p2a: Darkrai
|-damage|p2a: Darkrai|21/100
|-heal|p1a: Araquanid|70/100|[from] drain|[of] p2a: Darkrai
|
|upkeep
|turn|18
|
|t:|1760385843
|move|p2a: Darkrai|Dark Pulse|p1a: Araquanid
|-damage|p1a: Araquanid|0 fnt
|faint|p1a: Araquanid
|
|upkeep
|
|t:|1760385845
|switch|p1a: Landorus|Landorus-Therian, M|100/100
|-ability|p1a: Landorus|Intimidate|boost
|-unboost|p2a: Darkrai|atk|1
|turn|19
|
|t:|1760385857
|move|p1a: Landorus|U-turn|p2a: Darkrai
|-supereffective|p2a: Darkrai
|-damage|p2a: Darkrai|0 fnt
|faint|p2a: Darkrai
|
|t:|1760385859
|switch|p1a: Gengar|Gengar, M|88/100|[from] U-turn
|-damage|p1a: Gengar|76/100|[from] Spikes
|
|upkeep
|
|t:|1760385863
|switch|p2a: Hatterene|Hatterene, F|100/100
|turn|20
|
|t:|1760385868
|-terastallize|p2a: Hatterene|Water
|move|p1a: Gengar|Shadow Ball|p2a: Hatterene
|-damage|p2a: Hatterene|39/100
|move|p2a: Hatterene|Psychic Noise|p1a: Gengar
|-supereffective|p1a: Gengar
|-damage|p1a: Gengar|0 fnt
|faint|p1a: Gengar
|
|-heal|p2a: Hatterene|45/100|[from] item: Leftovers
|upkeep
|
|t:|1760385872
|switch|p1a: Landorus|Landorus-Therian, M|100/100
|-ability|p1a: Landorus|Intimidate|boost
|-unboost|p2a: Hatterene|atk|1
|turn|21
|
|t:|1760385875
|-terastallize|p1a: Landorus|Ground
|move|p1a: Landorus|Earthquake|p2a: Hatterene
|-damage|p2a: Hatterene|0 fnt
|faint|p2a: Hatterene
|
|upkeep
|
|t:|1760385878
|switch|p2a: Rillaboom|Rillaboom, F|37/100
|-fieldstart|move: Grassy Terrain|[from] ability: Grassy Surge|[of] p2a: Rillaboom
|turn|22
|
|t:|1760385880
|move|p2a: Rillaboom|Grassy Glide|p1a: Landorus
|-supereffective|p1a: Landorus
|-damage|p1a: Landorus|0 fnt
|faint|p1a: Landorus
|
|win|Potential Man
|raw|WeRrsome's rating: 1565 &rarr; <strong>1544</strong><br />(-21 for losing)
|raw|Potential Man's rating: 1555 &rarr; <strong>1576</strong><br />(+21 for winning)
|c|☆Potential Man|gg
|l|☆WeRrsome
|player|p1|
|l|☆Potential Man
|player|p2|
