|j|☆metalsandy
|j|☆Luketheidiot
|t:|1760343634
|gametype|singles
|player|p1|metalsandy|bruno|1140
|player|p2|Luketheidiot|iris-gen5bw2|1173
|gen|9
|tier|[Gen 9] OU
|rated|
|rule|HP Percentage Mod: HP is shown in percentages
|rule|Endless Battle Clause: Forcing endless battles is banned
|rule|Species Clause: Limit one of each Pokémon
|rule|OHKO Clause: OHKO moves are banned
|rule|Evasion Items Clause: Evasion items are banned
|rule|Evasion Moves Clause: Evasion moves are banned
|rule|Evasion Abilities Clause: Evasion abilities are banned
|rule|Sleep Moves Clause: Sleep-inducing moves are banned
|clearpoke
|poke|p1|Tyranitar, M|
|poke|p1|Dragonite, M|
|poke|p1|Iron Crown|
|poke|p1|Primarina, F|
|poke|p1|Chandelure, F|
|poke|p1|Slither Wing|
|poke|p2|Arcanine-Hisui, F|
|poke|p2|Zoroark-Hisui, F|
|poke|p2|Overqwil, M|
|poke|p2|Goodra-Hisui, M|
|poke|p2|Samurott-Hisui, F|
|poke|p2|Braviary-Hisui, M|
|teampreview
|inactive|Battle timer is ON: inactive players will automatically lose when time's up. (requested by Luketheidiot)
|
|t:|1760343659
|teamsize|p1|6
|teamsize|p2|6
|start
|switch|p1a: Iron Crown|Iron Crown|100/100
|switch|p2a: Samurott|Samurott-Hisui, F|100/100
|turn|1
|
|t:|1760343664
|move|p2a: Samurott|Ceaseless Edge|p1a: Iron Crown
|-supereffective|p1a: Iron Crown
|-damage|p1a: Iron Crown|35/100
|-damage|p2a: Samurott|84/100|[from] item: Rocky Helmet|[of] p1a: Iron Crown
|-sidestart|p1: metalsandy|Spikes
|move|p1a: Iron Crown|Volt Switch|p2a: Samurott
|-supereffective|p2a: Samurott
|-damage|p2a: Samurott|28/100
|
|t:|1760343675
|-end|p1a: Iron Crown|Quark Drive|[silent]
|switch|p1a: Slither Wing|Slither Wing|100/100|[from] Volt Switch
|-damage|p1a: Slither Wing|88/100|[from] Spikes
|
|upkeep
|turn|2
|
|t:|1760343681
|move|p1a: Slither Wing|First Impression|p2a: Samurott
|-supereffective|p2a: Samurott
|-damage|p2a: Samurott|0 fnt
|faint|p2a: Samurott
|
|upkeep
|
|t:|1760343690
|switch|p2a: Arcanine|Arcanine-Hisui, F|100/100
|turn|3
|
|t:|1760343697
|-end|p1a: Slither Wing|Protosynthesis|[silent]
|switch|p1a: Iron Crown|Iron Crown|35/100
|-damage|p1a: Iron Crown|22/100|[from] Spikes
|move|p2a: Arcanine|Bitter Malice|p1a: Iron Crown
|-supereffective|p1a: Iron Crown
|-damage|p1a: Iron Crown|0 fnt
|faint|p1a: Iron Crown
|-end|p1a: Iron Crown|Quark Drive|[silent]
|
|upkeep
|
|t:|1760343711
|switch|p1a: Tyranitar|Tyranitar, M|100/100
|-damage|p1a: Tyranitar|88/100|[from] Spikes
|-weather|Sandstorm|[from] ability: Sand Stream|[of] p1a: Tyranitar
|turn|4
|
|t:|1760343719
|move|p2a: Arcanine|Hyper Voice|p1a: Tyranitar
|-resisted|p1a: Tyranitar
|-damage|p1a: Tyranitar|73/100
|move|p1a: Tyranitar|Dragon Dance|p1a: Tyranitar
|-boost|p1a: Tyranitar|atk|1
|-boost|p1a: Tyranitar|spe|1
|
|-weather|Sandstorm|[upkeep]
|-damage|p2a: Arcanine|95/100|[from] Sandstorm
|upkeep
|turn|5
|
|t:|1760343725
|move|p1a: Tyranitar|Dragon Dance|p1a: Tyranitar
|-boost|p1a: Tyranitar|atk|1
|-boost|p1a: Tyranitar|spe|1
|move|p2a: Arcanine|Bitter Malice|p1a: Tyranitar
|-resisted|p1a: Tyranitar
|-damage|p1a: Tyranitar|61/100
|-unboost|p1a: Tyranitar|atk|1
|
|-weather|Sandstorm|[upkeep]
|-damage|p2a: Arcanine|89/100|[from] Sandstorm
|upkeep
|turn|6
|
|t:|1760343733
|move|p1a: Tyranitar|Earthquake|p2a: Arcanine
|-damage|p2a: Arcanine|0 fnt
|replace|p2a: Zoroark|Zoroark-Hisui, F, shiny
|-end|p2a: Zoroark|Illusion
|faint|p2a: Zoroark
|
|-weather|Sandstorm|[upkeep]
|upkeep
|
|t:|1760343739
|switch|p2a: Overqwil|Overqwil, M|100/100
|-ability|p2a: Overqwil|Intimidate|boost
|-unboost|p1a: Tyranitar|atk|1
|turn|7
|
|t:|1760343747
|switch|p2a: Braviary|Braviary-Hisui, M, shiny|100/100
|move|p1a: Tyranitar|Stone Edge|p2a: Braviary|[miss]
|-miss|p1a: Tyranitar|p2a: Braviary
|
|-weather|Sandstorm|[upkeep]
|-damage|p2a: Braviary|94/100|[from] Sandstorm
|upkeep
|turn|8
|
|t:|1760343756
|move|p2a: Braviary|Vacuum Wave|p1a: Tyranitar
|-supereffective|p1a: Tyranitar
|-damage|p1a: Tyranitar|20/100
|-enditem|p1a: Tyranitar|Weakness Policy
|-boost|p1a: Tyranitar|atk|2|[from] item: Weakness Policy
|-boost|p1a: Tyranitar|spa|2|[from] item: Weakness Policy
|move|p1a: Tyranitar|Stone Edge|p2a: Braviary|[miss]
|-miss|p1a: Tyranitar|p2a: Braviary
|
|-weather|none
|upkeep
|turn|9
|
|t:|1760343763
|move|p2a: Braviary|Vacuum Wave|p1a: Tyranitar
|-supereffective|p1a: Tyranitar
|-damage|p1a: Tyranitar|0 fnt
|faint|p1a: Tyranitar
|
|upkeep
|
|t:|1760343769
|switch|p1a: Chandelure|Chandelure, F|100/100
|-damage|p1a: Chandelure|88/100|[from] Spikes
|turn|10
|
|t:|1760343774
|move|p1a: Chandelure|Shadow Ball|p2a: Braviary
|-supereffective|p2a: Braviary
|-damage|p2a: Braviary|0 fnt
|faint|p2a: Braviary
|-damage|p1a: Chandelure|78/100|[from] item: Life Orb
|
|upkeep
|
|t:|1760343782
|switch|p2a: Overqwil|Overqwil, M|100/100
|-ability|p2a: Overqwil|Intimidate|boost
|-unboost|p1a: Chandelure|atk|1
|turn|11
|
|t:|1760343784
|move|p2a: Overqwil|Swords Dance|p2a: Overqwil
|-boost|p2a: Overqwil|atk|2
|move|p1a: Chandelure|Will-O-Wisp|p2a: Overqwil
|-status|p2a: Overqwil|brn
|
|-damage|p2a: Overqwil|94/100 brn|[from] brn
|upkeep
|turn|12
|
|t:|1760343792
|move|p2a: Overqwil|Crunch|p1a: Chandelure
|-supereffective|p1a: Chandelure
|-damage|p1a: Chandelure|0 fnt
|faint|p1a: Chandelure
|-damage|p2a: Overqwil|84/100 brn|[from] item: Life Orb
|
|-damage|p2a: Overqwil|78/100 brn|[from] brn
|upkeep
|
|t:|1760343797
|switch|p1a: Slither Wing|Slither Wing|88/100
|-damage|p1a: Slither Wing|76/100|[from] Spikes
|turn|13
|
|t:|1760343800
|move|p2a: Overqwil|Aqua Jet|p1a: Slither Wing
|-crit|p1a: Slither Wing
|-damage|p1a: Slither Wing|44/100
|-damage|p2a: Overqwil|68/100 brn|[from] item: Life Orb
|move|p1a: Slither Wing|U-turn|p2a: Overqwil
|-damage|p2a: Overqwil|8/100 brn
|
|t:|1760343808
|-end|p1a: Slither Wing|Protosynthesis|[silent]
|switch|p1a: Primarina|Primarina, F|100/100|[from] U-turn
|-damage|p1a: Primarina|88/100|[from] Spikes
|
|-damage|p2a: Overqwil|1/100 brn|[from] brn
|upkeep
|turn|14
|
|t:|1760343833
|move|p2a: Overqwil|Barb Barrage|p1a: Primarina
|-supereffective|p1a: Primarina
|-damage|p1a: Primarina|0 fnt
|faint|p1a: Primarina
|-damage|p2a: Overqwil|0 fnt|[from] item: Life Orb
|faint|p2a: Overqwil
|
|upkeep
|
|t:|1760343842
|switch|p2a: Goodra|Goodra-Hisui, M|100/100
|switch|p1a: Slither Wing|Slither Wing|44/100
|-damage|p1a: Slither Wing|32/100|[from] Spikes
|turn|15
|
|t:|1760343846
|move|p1a: Slither Wing|Close Combat|p2a: Goodra
|-supereffective|p2a: Goodra
|-damage|p2a: Goodra|0 fnt
|-unboost|p1a: Slither Wing|def|1
|-unboost|p1a: Slither Wing|spd|1
|-ability|p2a: Goodra|Gooey
|-unboost|p1a: Slither Wing|spe|1
|faint|p2a: Goodra
|
|upkeep
|
|t:|1760343849
|switch|p2a: Arcanine|Arcanine-Hisui, F|100/100
|turn|16
|
|t:|1760343857
|move|p2a: Arcanine|Head Smash|p1a: Slither Wing|[miss]
|-miss|p2a: Arcanine|p1a: Slither Wing
|move|p1a: Slither Wing|Close Combat|p2a: Arcanine
|-supereffective|p2a: Arcanine
|-damage|p2a: Arcanine|0 fnt
|-unboost|p1a: Slither Wing|def|1
|-unboost|p1a: Slither Wing|spd|1
|faint|p2a: Arcanine
|
|win|metalsandy
|raw|metalsandy's rating: 1140 &rarr; <strong>1167</strong><br />(+27 for winning)
|raw|Luketheidiot's rating: 1173 &rarr; <strong>1146</strong><br />(-27 for losing)
|l|☆Luketheidiot
|player|p2|
|l|☆metalsandy
|player|p1|
