|j|☆player84300
|j|☆ballyhoogreen
|t:|1760367917
|gametype|singles
|player|p1|player84300|170|1127
|player|p2|ballyhoogreen|maid|1148
|gen|9
|tier|[Gen 9] OU
|rated|
|rule|HP Percentage Mod: HP is shown in percentages
|rule|Endless Battle Clause: Forcing endless battles is banned
|rule|Species Clause: Limit one of each Pokémon
|rule|OHKO Clause: OHKO moves are banned
|rule|Evasion Items Clause: Evasion items are banned
|rule|Evasion Moves Clause: Evasion moves are banned
|rule|Evasion Abilities Clause: Evasion abilities are banned
|rule|Sleep Moves Clause: Sleep-inducing moves are banned
|clearpoke
|poke|p1|Gengar, F|
|poke|p1|Ursaluna, M|
|poke|p1|Iron Hands|
|poke|p1|Gholdengo|
|poke|p1|Cinderace, F|
|poke|p1|Dragapult, F|
|poke|p2|Glastrier|
|poke|p2|Slowbro-Galar, M|
|poke|p2|Polteageist|
|poke|p2|Cinccino, M|
|poke|p2|Jirachi|
|poke|p2|Tatsugiri-Stretchy, M|
|teampreview
|inactive|Battle timer is ON: inactive players will automatically lose when time's up. (requested by player84300)
|inactive|player84300 has 120 seconds left.
|
|t:|1760367957
|teamsize|p1|6
|teamsize|p2|6
|start
|switch|p1a: Cinderace|Cinderace, F|100/100
|switch|p2a: LetsGoGambling|Slowbro-Galar, M|100/100
|turn|1
|-activate|p2a: LetsGoGambling|item: Quick Claw
|
|t:|1760367965
|move|p2a: LetsGoGambling|Liquidation|p1a: Cinderace
|-supereffective|p1a: Cinderace
|-damage|p1a: Cinderace|27/100
|move|p1a: Cinderace|U-turn|p2a: LetsGoGambling
|-start|p1a: Cinderace|typechange|Bug|[from] ability: Libero
|-damage|p2a: LetsGoGambling|69/100
|
|t:|1760367978
|switch|p1a: Gengar|Gengar, F|100/100|[from] U-turn
|
|upkeep
|turn|2
|
|t:|1760367991
|-terastallize|p2a: LetsGoGambling|Fire
|move|p1a: Gengar|Focus Blast|p2a: LetsGoGambling|[miss]
|-miss|p1a: Gengar|p2a: LetsGoGambling
|move|p2a: LetsGoGambling|Liquidation|p1a: Gengar
|-damage|p1a: Gengar|46/100
|
|upkeep
|turn|3
|-activate|p2a: LetsGoGambling|ability: Quick Draw
|
|t:|1760368002
|move|p2a: LetsGoGambling|Liquidation|p1a: Gengar
|-damage|p1a: Gengar|0 fnt
|-start|p2a: LetsGoGambling|Disable|Liquidation|[from] ability: Cursed Body|[of] p1a: Gengar
|faint|p1a: Gengar
|
|upkeep
|
|t:|1760368015
|switch|p1a: Ursaluna|Ursaluna, M|100/100
|turn|4
|
|t:|1760368025
|move|p1a: Ursaluna|Earthquake|p2a: LetsGoGambling
|-supereffective|p2a: LetsGoGambling
|-damage|p2a: LetsGoGambling|0 fnt
|faint|p2a: LetsGoGambling
|
|-status|p1a: Ursaluna|brn|[from] item: Flame Orb
|upkeep
|
|t:|1760368032
|switch|p2a: D!ckParasite|Tatsugiri-Stretchy, M|100/100
|turn|5
|
|t:|1760368040
|switch|p1a: Cinderace|Cinderace, F|27/100
|move|p2a: D!ckParasite|Surf|p1a: Cinderace
|-supereffective|p1a: Cinderace
|-damage|p1a: Cinderace|0 fnt
|faint|p1a: Cinderace
|
|upkeep
|
|t:|1760368045
|switch|p1a: Iron Hands|Iron Hands|100/100
|turn|6
|
|t:|1760368050
|switch|p2a: Crotch|Jirachi|100/100
|move|p1a: Iron Hands|Fake Out|p2a: Crotch
|-resisted|p2a: Crotch
|-damage|p2a: Crotch|91/100
|-damage|p1a: Iron Hands|91/100|[from] item: Life Orb
|
|upkeep
|turn|7
|
|t:|1760368055
|move|p2a: Crotch|Psychic Noise|p1a: Iron Hands
|-supereffective|p1a: Iron Hands
|-damage|p1a: Iron Hands|37/100
|-start|p1a: Iron Hands|move: Heal Block
|cant|p1a: Iron Hands|move: Heal Block|Drain Punch
|
|upkeep
|turn|8
|
|t:|1760368065
|move|p2a: Crotch|Wish|p2a: Crotch
|move|p1a: Iron Hands|Wild Charge|p2a: Crotch
|-damage|p2a: Crotch|32/100
|-damage|p1a: Iron Hands|24/100|[from] Recoil
|-damage|p1a: Iron Hands|14/100|[from] item: Life Orb
|
|-end|p1a: Iron Hands|move: Heal Block
|upkeep
|turn|9
|
|t:|1760368070
|move|p2a: Crotch|Psychic Noise|p1a: Iron Hands
|-supereffective|p1a: Iron Hands
|-damage|p1a: Iron Hands|0 fnt
|faint|p1a: Iron Hands
|-end|p1a: Iron Hands|Quark Drive|[silent]
|
|-heal|p2a: Crotch|82/100|[from] move: Wish|[wisher] Crotch
|upkeep
|
|t:|1760368075
|switch|p1a: Ursaluna|Ursaluna, M|100/100 brn
|turn|10
|
|t:|1760368081
|move|p2a: Crotch|Doom Desire|p1a: Ursaluna
|-start|p2a: Crotch|Doom Desire
|move|p1a: Ursaluna|Facade|p2a: Crotch
|-resisted|p2a: Crotch
|-damage|p2a: Crotch|32/100
|
|-damage|p1a: Ursaluna|94/100 brn|[from] brn
|upkeep
|turn|11
|
|t:|1760368094
|move|p2a: Crotch|Psychic Noise|p1a: Ursaluna
|-damage|p1a: Ursaluna|66/100 brn
|-start|p1a: Ursaluna|move: Heal Block
|move|p1a: Ursaluna|Earthquake|p2a: Crotch
|-supereffective|p2a: Crotch
|-damage|p2a: Crotch|0 fnt
|faint|p2a: Crotch
|
|-damage|p1a: Ursaluna|60/100 brn|[from] brn
|upkeep
|
|t:|1760368099
|switch|p2a: D!ckParasite|Tatsugiri-Stretchy, M|100/100
|turn|12
|
|t:|1760368111
|switch|p1a: Dragapult|Dragapult, F|100/100
|move|p2a: D!ckParasite|Dragon Pulse|p1a: Dragapult
|-supereffective|p1a: Dragapult
|-enditem|p1a: Dragapult|Focus Sash
|-damage|p1a: Dragapult|1/100
|
|-end|p1a: Dragapult|move: Doom Desire
|-damage|p1a: Dragapult|0 fnt
|faint|p1a: Dragapult
|upkeep
|
|t:|1760368122
|switch|p1a: Gholdengo|Gholdengo|100/100
|turn|13
|
|t:|1760368127
|move|p1a: Gholdengo|Trick|p2a: D!ckParasite
|-activate|p1a: Gholdengo|move: Trick|[of] p2a: D!ckParasite
|-item|p2a: D!ckParasite|Choice Specs|[from] move: Trick
|-item|p1a: Gholdengo|Clear Amulet|[from] move: Trick
|move|p2a: D!ckParasite|Surf|p1a: Gholdengo
|-damage|p1a: Gholdengo|25/100
|
|upkeep
|turn|14
|
|t:|1760368137
|move|p1a: Gholdengo|Shadow Ball|p2a: D!ckParasite
|-damage|p2a: D!ckParasite|47/100
|move|p2a: D!ckParasite|Surf|p1a: Gholdengo
|-damage|p1a: Gholdengo|0 fnt
|faint|p1a: Gholdengo
|
|upkeep
|
|t:|1760368144
|switch|p1a: Ursaluna|Ursaluna, M|60/100 brn
|turn|15
|
|t:|1760368147
|-terastallize|p1a: Ursaluna|Ground
|move|p2a: D!ckParasite|Surf|p1a: Ursaluna
|-supereffective|p1a: Ursaluna
|-damage|p1a: Ursaluna|0 fnt
|faint|p1a: Ursaluna
|
|win|ballyhoogreen
|raw|player84300's rating: 1127 &rarr; <strong>1104</strong><br />(-23 for losing)
|raw|ballyhoogreen's rating: 1148 &rarr; <strong>1171</strong><br />(+23 for winning)
|l|☆ballyhoogreen
|player|p2|
|l|☆player84300
|player|p1|
