|j|☆YumeKasumi76
|j|☆Menos jungle
|t:|1760337792
|gametype|singles
|player|p1|YumeKasumi76|102|1159
|player|p2|Menos jungle|lass-gen4dp|1160
|gen|9
|tier|[Gen 9] OU
|rated|
|rule|HP Percentage Mod: HP is shown in percentages
|rule|Endless Battle Clause: Forcing endless battles is banned
|rule|Species Clause: Limit one of each Pokémon
|rule|OHKO Clause: OHKO moves are banned
|rule|Evasion Items Clause: Evasion items are banned
|rule|Evasion Moves Clause: Evasion moves are banned
|rule|Evasion Abilities Clause: Evasion abilities are banned
|rule|Sleep Moves Clause: Sleep-inducing moves are banned
|clearpoke
|poke|p1|Heracross, M|
|poke|p1|Latias, F|
|poke|p1|Honchkrow, M|
|poke|p1|Heatran, M|
|poke|p1|Brambleghast, M|
|poke|p1|Suicune|
|poke|p2|Ninetales, M|
|poke|p2|Espeon, F|
|poke|p2|Great Tusk|
|poke|p2|Slither Wing|
|poke|p2|Iron Moth|
|poke|p2|Raging Bolt|
|teampreview
|
|t:|1760337805
|teamsize|p1|6
|teamsize|p2|6
|start
|switch|p1a: MapoTofu|Heatran, M|100/100
|switch|p2a: Ninetales|Ninetales, M|100/100
|-weather|SunnyDay|[from] ability: Drought|[of] p2a: Ninetales
|turn|1
|inactive|Battle timer is ON: inactive players will automatically lose when time's up. (requested by YumeKasumi76)
|
|t:|1760337815
|switch|p2a: Espeon|Espeon, F|100/100
|move|p1a: MapoTofu|Magma Storm|p2a: Espeon
|-damage|p2a: Espeon|20/100
|-activate|p2a: Espeon|move: Magma Storm|[of] p1a: MapoTofu
|
|-weather|SunnyDay|[upkeep]
|-damage|p2a: Espeon|8/100|[from] move: Magma Storm|[partiallytrapped]
|upkeep
|turn|2
|
|t:|1760337830
|switch|p1a: Bianca|Latias, F|100/100
|move|p2a: Espeon|Trick|p1a: Bianca
|-activate|p2a: Espeon|move: Trick|[of] p1a: Bianca
|-item|p1a: Bianca|Choice Scarf|[from] move: Trick
|-item|p2a: Espeon|Eject Pack|[from] move: Trick
|
|-weather|SunnyDay|[upkeep]
|-end|p2a: Espeon|Magma Storm|[partiallytrapped]|[silent]
|upkeep
|turn|3
|
|t:|1760337846
|move|p1a: Bianca|Mist Ball|p2a: Espeon
|-resisted|p2a: Espeon
|-damage|p2a: Espeon|0 fnt
|faint|p2a: Espeon
|
|-weather|SunnyDay|[upkeep]
|upkeep
|
|t:|1760337851
|switch|p2a: Slither Wing|Slither Wing|100/100
|-activate|p2a: Slither Wing|ability: Protosynthesis
|-start|p2a: Slither Wing|protosynthesisatk
|turn|4
|
|t:|1760337856
|move|p1a: Bianca|Mist Ball|p2a: Slither Wing
|-supereffective|p2a: Slither Wing
|-damage|p2a: Slither Wing|29/100
|move|p2a: Slither Wing|U-turn|p1a: Bianca
|-supereffective|p1a: Bianca
|-damage|p1a: Bianca|0 fnt
|faint|p1a: Bianca
|
|t:|1760337864
|-end|p2a: Slither Wing|Protosynthesis|[silent]
|switch|p2a: Raging Bolt|Raging Bolt|100/100|[from] U-turn
|-activate|p2a: Raging Bolt|ability: Protosynthesis
|-start|p2a: Raging Bolt|protosynthesisspa
|
|-weather|SunnyDay|[upkeep]
|upkeep
|
|t:|1760337876
|switch|p1a: Shinetori|Honchkrow, M|100/100
|turn|5
|
|t:|1760337878
|move|p2a: Raging Bolt|Volt Switch|p1a: Shinetori
|-supereffective|p1a: Shinetori
|-crit|p1a: Shinetori
|-damage|p1a: Shinetori|0 fnt
|faint|p1a: Shinetori
|
|t:|1760337884
|-end|p2a: Raging Bolt|Protosynthesis|[silent]
|switch|p2a: Slither Wing|Slither Wing|29/100|[from] Volt Switch
|-activate|p2a: Slither Wing|ability: Protosynthesis
|-start|p2a: Slither Wing|protosynthesisatk
|
|-weather|SunnyDay|[upkeep]
|upkeep
|
|t:|1760337887
|switch|p1a: Purifier|Suicune|100/100
|-ability|p1a: Purifier|Pressure
|turn|6
|
|t:|1760337890
|move|p2a: Slither Wing|Close Combat|p1a: Purifier
|-damage|p1a: Purifier|26/100
|-unboost|p2a: Slither Wing|def|1
|-unboost|p2a: Slither Wing|spd|1
|move|p1a: Purifier|Tailwind|p1a: Purifier
|-sidestart|p1: YumeKasumi76|move: Tailwind
|
|-weather|SunnyDay|[upkeep]
|-heal|p1a: Purifier|32/100|[from] item: Leftovers
|upkeep
|turn|7
|
|t:|1760337898
|switch|p1a: MapoTofu|Heatran, M|100/100
|-end|p2a: Slither Wing|Protosynthesis|[silent]
|switch|p2a: Raging Bolt|Raging Bolt|100/100
|-activate|p2a: Raging Bolt|ability: Protosynthesis
|-start|p2a: Raging Bolt|protosynthesisspa
|
|-weather|SunnyDay|[upkeep]
|upkeep
|turn|8
|
|t:|1760337903
|move|p1a: MapoTofu|Taunt|p2a: Raging Bolt
|-start|p2a: Raging Bolt|move: Taunt
|move|p2a: Raging Bolt|Thunderbolt|p1a: MapoTofu
|-damage|p1a: MapoTofu|50/100
|
|-weather|none
|-end|p2a: Raging Bolt|Protosynthesis
|-heal|p1a: MapoTofu|56/100|[from] item: Leftovers
|upkeep
|turn|9
|
|t:|1760337909
|switch|p1a: BigKusa|Brambleghast, M|100/100
|-ability|p1a: BigKusa|Wind Rider|boost
|-boost|p1a: BigKusa|atk|1
|move|p2a: Raging Bolt|Thunderbolt|p1a: BigKusa
|-resisted|p1a: BigKusa
|-damage|p1a: BigKusa|51/100
|
|-sideend|p1: YumeKasumi76|move: Tailwind
|upkeep
|turn|10
|
|t:|1760337919
|-terastallize|p2a: Raging Bolt|Electric
|move|p2a: Raging Bolt|Thunderbolt|p1a: BigKusa
|-resisted|p1a: BigKusa
|-damage|p1a: BigKusa|0 fnt
|faint|p1a: BigKusa
|
|-end|p2a: Raging Bolt|move: Taunt
|upkeep
|
|t:|1760337927
|switch|p1a: SogiitaGunha|Heracross, M|100/100
|turn|11
|
|t:|1760337933
|-end|p2a: Raging Bolt|Protosynthesis|[silent]
|switch|p2a: Ninetales|Ninetales, M|100/100
|-weather|SunnyDay|[from] ability: Drought|[of] p2a: Ninetales
|move|p1a: SogiitaGunha|Knock Off|p2a: Ninetales
|-damage|p2a: Ninetales|34/100
|-enditem|p2a: Ninetales|Heat Rock|[from] move: Knock Off|[of] p1a: SogiitaGunha
|
|-weather|SunnyDay|[upkeep]
|upkeep
|turn|12
|
|t:|1760337941
|switch|p1a: MapoTofu|Heatran, M|56/100
|move|p2a: Ninetales|Healing Wish|p2a: Ninetales
|faint|p2a: Ninetales
|
|-weather|SunnyDay|[upkeep]
|-heal|p1a: MapoTofu|62/100|[from] item: Leftovers
|upkeep
|-message|YumeKasumi76 forfeited.
|
|win|Menos jungle
|raw|YumeKasumi76's rating: 1159 &rarr; <strong>1134</strong><br />(-25 for losing)
|raw|Menos jungle's rating: 1160 &rarr; <strong>1185</strong><br />(+25 for winning)
|l|☆YumeKasumi76
|player|p1|
|l|☆Menos jungle
|player|p2|
