|j|☆Bleez145
|j|‽Morthill
|t:|1760313957
|gametype|singles
|player|p1|Bleez145|2|1195
|player|p2|Morthill|265|1220
|gen|9
|tier|[Gen 9] OU
|rated|
|rule|HP Percentage Mod: HP is shown in percentages
|rule|Endless Battle Clause: Forcing endless battles is banned
|rule|Species Clause: Limit one of each Pokémon
|rule|OHKO Clause: OHKO moves are banned
|rule|Evasion Items Clause: Evasion items are banned
|rule|Evasion Moves Clause: Evasion moves are banned
|rule|Evasion Abilities Clause: Evasion abilities are banned
|rule|Sleep Moves Clause: Sleep-inducing moves are banned
|clearpoke
|poke|p1|Dusknoir, F|
|poke|p1|Ambipom, M|
|poke|p1|Yanmega, F|
|poke|p1|Bombirdier, M|
|poke|p1|Copperajah, F|
|poke|p1|Blaziken, M|
|poke|p2|Cloyster, M|
|poke|p2|Slowking-Galar, M|
|poke|p2|Ninetales-Alola, F|
|poke|p2|Cetitan, M|
|poke|p2|Frosmoth, M|
|poke|p2|Avalugg, M|
|teampreview
|inactive|Battle timer is ON: inactive players will automatically lose when time's up. (requested by Morthill)
|
|t:|1760313975
|teamsize|p1|6
|teamsize|p2|6
|start
|switch|p1a: Ambipom|Ambipom, M|100/100
|switch|p2a: Ninetales|Ninetales-Alola, F|100/100
|-weather|Snowscape|[from] ability: Snow Warning|[of] p2a: Ninetales
|turn|1
|
|t:|1760313986
|switch|p2a: Avalugg|Avalugg, M, shiny|100/100
|move|p1a: Ambipom|Fake Out|p2a: Avalugg
|-damage|p2a: Avalugg|93/100
|-damage|p1a: Ambipom|84/100|[from] item: Rocky Helmet|[of] p2a: Avalugg
|
|-weather|Snowscape|[upkeep]
|-heal|p2a: Avalugg|99/100|[from] ability: Ice Body
|upkeep
|turn|2
|
|t:|1760313997
|move|p1a: Ambipom|Knock Off|p2a: Avalugg
|-damage|p2a: Avalugg|92/100
|-damage|p1a: Ambipom|68/100|[from] item: Rocky Helmet|[of] p2a: Avalugg
|-enditem|p2a: Avalugg|Rocky Helmet|[from] move: Knock Off|[of] p1a: Ambipom
|move|p2a: Avalugg|Aurora Veil|p2a: Avalugg
|-sidestart|p2: Morthill|move: Aurora Veil
|
|-weather|Snowscape|[upkeep]
|-heal|p2a: Avalugg|98/100|[from] ability: Ice Body
|upkeep
|turn|3
|
|t:|1760314010
|move|p1a: Ambipom|Endeavor|p2a: Avalugg
|-damage|p2a: Avalugg|50/100
|move|p2a: Avalugg|Body Press|p1a: Ambipom
|-supereffective|p1a: Ambipom
|-damage|p1a: Ambipom|0 fnt
|faint|p1a: Ambipom
|
|-weather|Snowscape|[upkeep]
|-heal|p2a: Avalugg|56/100|[from] ability: Ice Body
|upkeep
|
|t:|1760314022
|switch|p1a: Copperajah|Copperajah, F|100/100
|turn|4
|
|t:|1760314027
|move|p1a: Copperajah|Curse|p1a: Copperajah
|-unboost|p1a: Copperajah|spe|1
|-boost|p1a: Copperajah|atk|1
|-boost|p1a: Copperajah|def|1
|move|p2a: Avalugg|Body Press|p1a: Copperajah
|-supereffective|p1a: Copperajah
|-damage|p1a: Copperajah|55/100
|
|-weather|Snowscape|[upkeep]
|-heal|p2a: Avalugg|62/100|[from] ability: Ice Body
|upkeep
|turn|5
|
|t:|1760314039
|move|p1a: Copperajah|Iron Head|p2a: Avalugg
|-supereffective|p2a: Avalugg
|-damage|p2a: Avalugg|40/100
|move|p2a: Avalugg|Iron Defense|p2a: Avalugg
|-boost|p2a: Avalugg|def|2
|
|-weather|Snowscape|[upkeep]
|-heal|p2a: Avalugg|46/100|[from] ability: Ice Body
|upkeep
|turn|6
|
|t:|1760314050
|move|p1a: Copperajah|Iron Head|p2a: Avalugg
|-supereffective|p2a: Avalugg
|-damage|p2a: Avalugg|33/100
|move|p2a: Avalugg|Body Press|p1a: Copperajah
|-supereffective|p1a: Copperajah
|-damage|p1a: Copperajah|0 fnt
|faint|p1a: Copperajah
|
|-weather|Snowscape|[upkeep]
|-heal|p2a: Avalugg|40/100|[from] ability: Ice Body
|-sideend|p2: Morthill|move: Aurora Veil
|upkeep
|inactive|Bleez145 has 120 seconds left.
|inactive|Bleez145 has 90 seconds left.
|inactive|Bleez145 has 60 seconds left.
|
|t:|1760314146
|switch|p1a: Blaziken|Blaziken, M|100/100
|turn|7
|
|t:|1760314152
|move|p1a: Blaziken|Bulk Up|p1a: Blaziken
|-boost|p1a: Blaziken|atk|1
|-boost|p1a: Blaziken|def|1
|move|p2a: Avalugg|Aurora Veil|p2a: Avalugg
|-sidestart|p2: Morthill|move: Aurora Veil
|
|-weather|Snowscape|[upkeep]
|-heal|p2a: Avalugg|46/100|[from] ability: Ice Body
|-ability|p1a: Blaziken|Speed Boost|boost
|-boost|p1a: Blaziken|spe|1
|upkeep
|turn|8
|inactive|Bleez145 has 60 seconds left.
|
|t:|1760314159
|move|p1a: Blaziken|Bulk Up|p1a: Blaziken
|-boost|p1a: Blaziken|atk|1
|-boost|p1a: Blaziken|def|1
|move|p2a: Avalugg|Body Press|p1a: Blaziken
|-damage|p1a: Blaziken|43/100
|
|-weather|none
|-ability|p1a: Blaziken|Speed Boost|boost
|-boost|p1a: Blaziken|spe|1
|upkeep
|turn|9
|inactive|Bleez145 has 60 seconds left.
|
|t:|1760314170
|move|p1a: Blaziken|Bulk Up|p1a: Blaziken
|-boost|p1a: Blaziken|atk|1
|-boost|p1a: Blaziken|def|1
|move|p2a: Avalugg|Body Press|p1a: Blaziken
|-damage|p1a: Blaziken|2/100
|-enditem|p1a: Blaziken|Aguav Berry|[eat]
|-heal|p1a: Blaziken|35/100|[from] item: Aguav Berry
|
|-ability|p1a: Blaziken|Speed Boost|boost
|-boost|p1a: Blaziken|spe|1
|upkeep
|turn|10
|
|t:|1760314180
|move|p1a: Blaziken|Blaze Kick|p2a: Avalugg
|-supereffective|p2a: Avalugg
|-damage|p2a: Avalugg|24/100
|move|p2a: Avalugg|Body Press|p1a: Blaziken
|-damage|p1a: Blaziken|0 fnt
|faint|p1a: Blaziken
|
|upkeep
|
|t:|1760314185
|switch|p1a: Yanmega|Yanmega, F|100/100
|turn|11
|
|t:|1760314191
|switch|p2a: Ninetales|Ninetales-Alola, F|100/100
|-weather|Snowscape|[from] ability: Snow Warning|[of] p2a: Ninetales
|move|p1a: Yanmega|Bug Buzz|p2a: Ninetales
|-resisted|p2a: Ninetales
|-damage|p2a: Ninetales|87/100
|-enditem|p1a: Yanmega|Throat Spray
|-boost|p1a: Yanmega|spa|1|[from] item: Throat Spray
|
|-weather|Snowscape|[upkeep]
|-sideend|p2: Morthill|move: Aurora Veil
|-ability|p1a: Yanmega|Speed Boost|boost
|-boost|p1a: Yanmega|spe|1
|upkeep
|turn|12
|
|t:|1760314200
|move|p1a: Yanmega|Air Slash|p2a: Ninetales
|-damage|p2a: Ninetales|19/100
|cant|p2a: Ninetales|flinch
|
|-weather|Snowscape|[upkeep]
|-ability|p1a: Yanmega|Speed Boost|boost
|-boost|p1a: Yanmega|spe|1
|upkeep
|turn|13
|inactive|Bleez145 has 90 seconds left.
|
|t:|1760314205
|switch|p2a: Slowking|Slowking-Galar, M|100/100
|move|p1a: Yanmega|Shadow Ball|p2a: Slowking
|-supereffective|p2a: Slowking
|-damage|p2a: Slowking|60/100
|
|-weather|Snowscape|[upkeep]
|-ability|p1a: Yanmega|Speed Boost|boost
|-boost|p1a: Yanmega|spe|1
|upkeep
|turn|14
|
|t:|1760314212
|move|p1a: Yanmega|Psychic Noise|p2a: Slowking
|-crit|p2a: Slowking
|-damage|p2a: Slowking|30/100
|-start|p2a: Slowking|move: Heal Block
|move|p2a: Slowking|Flamethrower|p1a: Yanmega
|-supereffective|p1a: Yanmega
|-damage|p1a: Yanmega|9/100
|
|-weather|Snowscape|[upkeep]
|-ability|p1a: Yanmega|Speed Boost|boost
|-boost|p1a: Yanmega|spe|1
|upkeep
|turn|15
|
|t:|1760314221
|move|p1a: Yanmega|Shadow Ball|p2a: Slowking
|-supereffective|p2a: Slowking
|-damage|p2a: Slowking|0 fnt
|faint|p2a: Slowking
|
|-weather|Snowscape|[upkeep]
|-ability|p1a: Yanmega|Speed Boost|boost
|-boost|p1a: Yanmega|spe|1
|upkeep
|
|t:|1760314223
|switch|p2a: Cetitan|Cetitan, M, shiny|100/100
|turn|16
|
|t:|1760314228
|move|p2a: Cetitan|Ice Shard|p1a: Yanmega
|-supereffective|p1a: Yanmega
|-damage|p1a: Yanmega|0 fnt
|faint|p1a: Yanmega
|
|-weather|Snowscape|[upkeep]
|upkeep
|
|t:|1760314231
|switch|p1a: Dusknoir|Dusknoir, F|100/100
|-ability|p1a: Dusknoir|Pressure
|turn|17
|
|t:|1760314236
|switch|p2a: Frosmoth|Frosmoth, M, shiny|100/100
|move|p1a: Dusknoir|Will-O-Wisp|p2a: Frosmoth
|-status|p2a: Frosmoth|brn
|
|-weather|Snowscape|[upkeep]
|-damage|p2a: Frosmoth|94/100 brn|[from] brn
|upkeep
|turn|18
|
|t:|1760314243
|switch|p1a: Bombirdier|Bombirdier, M|100/100
|move|p2a: Frosmoth|Quiver Dance|p2a: Frosmoth
|-boost|p2a: Frosmoth|spa|1
|-boost|p2a: Frosmoth|spd|1
|-boost|p2a: Frosmoth|spe|1
|
|-weather|none
|-damage|p2a: Frosmoth|88/100 brn|[from] brn
|upkeep
|turn|19
|
|t:|1760314249
|move|p2a: Frosmoth|Ice Beam|p1a: Bombirdier
|-supereffective|p1a: Bombirdier
|-damage|p1a: Bombirdier|0 fnt
|faint|p1a: Bombirdier
|
|-damage|p2a: Frosmoth|82/100 brn|[from] brn
|upkeep
|
|t:|1760314253
|switch|p1a: Dusknoir|Dusknoir, F|100/100
|-ability|p1a: Dusknoir|Pressure
|turn|20
|
|t:|1760314261
|move|p2a: Frosmoth|Ice Beam|p1a: Dusknoir
|-crit|p1a: Dusknoir
|-damage|p1a: Dusknoir|20/100
|move|p1a: Dusknoir|Poltergeist|p2a: Frosmoth
|-activate|p2a: Frosmoth|move: Poltergeist|Heavy-Duty Boots
|-damage|p2a: Frosmoth|0 fnt
|faint|p2a: Frosmoth
|
|-heal|p1a: Dusknoir|27/100|[from] item: Leftovers
|upkeep
|
|t:|1760314273
|switch|p2a: Ninetales|Ninetales-Alola, F|19/100
|-weather|Snowscape|[from] ability: Snow Warning|[of] p2a: Ninetales
|turn|21
|
|t:|1760314282
|move|p2a: Ninetales|Dark Pulse|p1a: Dusknoir
|-supereffective|p1a: Dusknoir
|-damage|p1a: Dusknoir|0 fnt
|faint|p1a: Dusknoir
|
|win|Morthill
|raw|Bleez145's rating: 1195 &rarr; <strong>1172</strong><br />(-23 for losing)
|raw|Morthill's rating: 1220 &rarr; <strong>1243</strong><br />(+23 for winning)
|l|☆Bleez145
|player|p1|
|l|‽Morthill
|player|p2|
