|j|☆real water resist
|j|☆maackia=w=
|t:|1760301733
|gametype|singles
|player|p1|real water resist|lass-gen8|1636
|player|p2|maackia=w=|miku-ghost|1722
|gen|9
|tier|[Gen 9] OU
|rated|
|rule|HP Percentage Mod: HP is shown in percentages
|rule|Endless Battle Clause: Forcing endless battles is banned
|rule|Species Clause: Limit one of each Pokémon
|rule|OHKO Clause: OHKO moves are banned
|rule|Evasion Items Clause: Evasion items are banned
|rule|Evasion Moves Clause: Evasion moves are banned
|rule|Evasion Abilities Clause: Evasion abilities are banned
|rule|Sleep Moves Clause: Sleep-inducing moves are banned
|clearpoke
|poke|p1|Samurott-Hisui, M|
|poke|p1|Kingambit, M|
|poke|p1|Iron Valiant|
|poke|p1|Landorus-Therian, M|
|poke|p1|Primarina, F|
|poke|p1|Iron Moth|
|poke|p2|Samurott-Hisui, F|
|poke|p2|Ursaluna, F|
|poke|p2|Tinkaton, F|
|poke|p2|Dragonite, F|
|poke|p2|Sinistcha|
|poke|p2|Iron Valiant|
|teampreview
|inactive|Battle timer is ON: inactive players will automatically lose when time's up. (requested by real water resist)
|
|t:|1760301751
|teamsize|p1|6
|teamsize|p2|6
|start
|switch|p1a: BANKROLLIN HOES|Primarina, F|100/100
|switch|p2a: Samurott|Samurott-Hisui, F|100/100
|turn|1
|
|t:|1760301757
|switch|p2a: Ursaluna|Ursaluna, F|100/100
|move|p1a: BANKROLLIN HOES|Moonblast|p2a: Ursaluna
|-damage|p2a: Ursaluna|47/100
|
|-heal|p2a: Ursaluna|54/100|[from] item: Leftovers
|upkeep
|turn|2
|
|t:|1760301765
|switch|p1a: fair eNough|Landorus-Therian, M|100/100
|-ability|p1a: fair eNough|Intimidate|boost
|-unboost|p2a: Ursaluna|atk|1
|switch|p2a: Tinkaton|Tinkaton, F|100/100
|-ability|p2a: Tinkaton|Mold Breaker
|
|upkeep
|turn|3
|
|t:|1760301770
|move|p2a: Tinkaton|Stealth Rock|p1a: fair eNough
|-sidestart|p1: real water resist|move: Stealth Rock
|move|p1a: fair eNough|Stealth Rock|p2a: Tinkaton
|-sidestart|p2: maackia=w=|move: Stealth Rock
|
|upkeep
|turn|4
|
|t:|1760301780
|switch|p2a: Sinistcha|Sinistcha|100/100
|move|p1a: fair eNough|Earthquake|p2a: Sinistcha
|-resisted|p2a: Sinistcha
|-damage|p2a: Sinistcha|81/100
|
|upkeep
|turn|5
|
|t:|1760301791
|move|p1a: fair eNough|Swords Dance|p1a: fair eNough
|-boost|p1a: fair eNough|atk|2
|move|p2a: Sinistcha|Matcha Gotcha|p1a: fair eNough
|-damage|p1a: fair eNough|56/100
|-heal|p2a: Sinistcha|100/100|[from] drain|[of] p1a: fair eNough
|
|upkeep
|turn|6
|
|t:|1760301820
|-terastallize|p2a: Sinistcha|Poison
|move|p1a: fair eNough|Stone Edge|p2a: Sinistcha
|-damage|p2a: Sinistcha|48/100
|move|p2a: Sinistcha|Strength Sap|p1a: fair eNough
|-unboost|p1a: fair eNough|atk|1
|-heal|p2a: Sinistcha|100/100
|
|upkeep
|turn|7
|
|t:|1760301829
|switch|p2a: Dragonite|Dragonite, F|100/100
|move|p1a: fair eNough|Earthquake|p2a: Dragonite
|-immune|p2a: Dragonite
|
|upkeep
|turn|8
|
|t:|1760301836
|switch|p2a: Iron Valiant|Iron Valiant|100/100
|-damage|p2a: Iron Valiant|94/100|[from] Stealth Rock
|-enditem|p2a: Iron Valiant|Booster Energy
|-activate|p2a: Iron Valiant|ability: Quark Drive|[fromitem]
|-start|p2a: Iron Valiant|quarkdrivespe
|move|p1a: fair eNough|Stone Edge|p2a: Iron Valiant
|-resisted|p2a: Iron Valiant
|-damage|p2a: Iron Valiant|59/100
|
|upkeep
|turn|9
|
|t:|1760301839
|move|p2a: Iron Valiant|Moonblast|p1a: fair eNough
|-damage|p1a: fair eNough|0 fnt
|faint|p1a: fair eNough
|
|upkeep
|
|t:|1760301842
|switch|p1a: BANKROLLIN HOES|Primarina, F|100/100
|-damage|p1a: BANKROLLIN HOES|88/100|[from] Stealth Rock
|turn|10
|
|t:|1760301848
|-end|p2a: Iron Valiant|Quark Drive|[silent]
|switch|p2a: Tinkaton|Tinkaton, F|100/100
|-ability|p2a: Tinkaton|Mold Breaker
|move|p1a: BANKROLLIN HOES|Surf|p2a: Tinkaton
|-damage|p2a: Tinkaton|31/100
|
|upkeep
|turn|11
|
|t:|1760301859
|move|p2a: Tinkaton|Gigaton Hammer|p1a: BANKROLLIN HOES
|-damage|p1a: BANKROLLIN HOES|27/100
|move|p1a: BANKROLLIN HOES|Surf|p2a: Tinkaton
|-damage|p2a: Tinkaton|0 fnt
|faint|p2a: Tinkaton
|
|upkeep
|
|t:|1760301868
|switch|p2a: Samurott|Samurott-Hisui, F|100/100
|-damage|p2a: Samurott|88/100|[from] Stealth Rock
|turn|12
|
|t:|1760301872
|move|p2a: Samurott|Ceaseless Edge|p1a: BANKROLLIN HOES
|-resisted|p1a: BANKROLLIN HOES
|-damage|p1a: BANKROLLIN HOES|0 fnt
|-sidestart|p1: real water resist|Spikes
|faint|p1a: BANKROLLIN HOES
|
|upkeep
|
|t:|1760301883
|switch|p1a: MONEY IN THE GRAVE|Iron Valiant|100/100
|-damage|p1a: MONEY IN THE GRAVE|94/100|[from] Stealth Rock
|-damage|p1a: MONEY IN THE GRAVE|82/100|[from] Spikes
|-enditem|p1a: MONEY IN THE GRAVE|Booster Energy
|-activate|p1a: MONEY IN THE GRAVE|ability: Quark Drive|[fromitem]
|-start|p1a: MONEY IN THE GRAVE|quarkdrivespe
|turn|13
|
|t:|1760301892
|switch|p2a: Sinistcha|Sinistcha, tera:Poison|100/100
|move|p1a: MONEY IN THE GRAVE|Swords Dance|p1a: MONEY IN THE GRAVE
|-boost|p1a: MONEY IN THE GRAVE|atk|2
|
|upkeep
|turn|14
|
|t:|1760301903
|move|p1a: MONEY IN THE GRAVE|Knock Off|p2a: Sinistcha
|-damage|p2a: Sinistcha|52/100
|-enditem|p2a: Sinistcha|Heavy-Duty Boots|[from] move: Knock Off|[of] p1a: MONEY IN THE GRAVE
|move|p2a: Sinistcha|Strength Sap|p1a: MONEY IN THE GRAVE
|-unboost|p1a: MONEY IN THE GRAVE|atk|1
|-heal|p2a: Sinistcha|100/100
|
|upkeep
|turn|15
|
|t:|1760301908
|move|p1a: MONEY IN THE GRAVE|Swords Dance|p1a: MONEY IN THE GRAVE
|-boost|p1a: MONEY IN THE GRAVE|atk|2
|move|p2a: Sinistcha|Matcha Gotcha|p1a: MONEY IN THE GRAVE
|-damage|p1a: MONEY IN THE GRAVE|21/100
|
|upkeep
|turn|16
|
|t:|1760301921
|move|p1a: MONEY IN THE GRAVE|Close Combat|p2a: Sinistcha
|-resisted|p2a: Sinistcha
|-damage|p2a: Sinistcha|51/100
|-unboost|p1a: MONEY IN THE GRAVE|def|1
|-unboost|p1a: MONEY IN THE GRAVE|spd|1
|move|p2a: Sinistcha|Strength Sap|p1a: MONEY IN THE GRAVE
|-unboost|p1a: MONEY IN THE GRAVE|atk|1
|-heal|p2a: Sinistcha|100/100
|
|upkeep
|turn|17
|
|t:|1760301928
|move|p1a: MONEY IN THE GRAVE|Close Combat|p2a: Sinistcha
|-resisted|p2a: Sinistcha
|-damage|p2a: Sinistcha|59/100
|-unboost|p1a: MONEY IN THE GRAVE|def|1
|-unboost|p1a: MONEY IN THE GRAVE|spd|1
|move|p2a: Sinistcha|Matcha Gotcha|p1a: MONEY IN THE GRAVE
|-damage|p1a: MONEY IN THE GRAVE|0 fnt
|-heal|p2a: Sinistcha|68/100|[from] drain|[of] p1a: MONEY IN THE GRAVE
|faint|p1a: MONEY IN THE GRAVE
|-end|p1a: MONEY IN THE GRAVE|Quark Drive|[silent]
|
|upkeep
|
|t:|1760301932
|switch|p1a: ROTTEN $AM|Samurott-Hisui, M|100/100
|-damage|p1a: ROTTEN $AM|88/100|[from] Stealth Rock
|-damage|p1a: ROTTEN $AM|76/100|[from] Spikes
|turn|18
|
|t:|1760301937
|move|p1a: ROTTEN $AM|Ceaseless Edge|p2a: Sinistcha
|-damage|p2a: Sinistcha|31/100
|-sidestart|p2: maackia=w=|Spikes
|move|p2a: Sinistcha|Matcha Gotcha|p1a: ROTTEN $AM
|-supereffective|p1a: ROTTEN $AM
|-damage|p1a: ROTTEN $AM|20/100
|-heal|p2a: Sinistcha|59/100|[from] drain|[of] p1a: ROTTEN $AM
|-status|p1a: ROTTEN $AM|brn
|
|-damage|p1a: ROTTEN $AM|14/100 brn|[from] brn
|upkeep
|turn|19
|
|t:|1760301956
|switch|p1a: POSTMODERN SUICIDE|Iron Moth|100/100
|-damage|p1a: POSTMODERN SUICIDE|76/100|[from] Stealth Rock
|-damage|p1a: POSTMODERN SUICIDE|63/100|[from] Spikes
|-enditem|p1a: POSTMODERN SUICIDE|Booster Energy
|-activate|p1a: POSTMODERN SUICIDE|ability: Quark Drive|[fromitem]
|-start|p1a: POSTMODERN SUICIDE|quarkdrivespe
|move|p2a: Sinistcha|Matcha Gotcha|p1a: POSTMODERN SUICIDE
|-resisted|p1a: POSTMODERN SUICIDE
|-damage|p1a: POSTMODERN SUICIDE|55/100
|-heal|p2a: Sinistcha|63/100|[from] drain|[of] p1a: POSTMODERN SUICIDE
|
|upkeep
|turn|20
|
|t:|1760301972
|move|p1a: POSTMODERN SUICIDE|Fiery Dance|p2a: Sinistcha
|-damage|p2a: Sinistcha|39/100
|move|p2a: Sinistcha|Shadow Ball|p1a: POSTMODERN SUICIDE
|-damage|p1a: POSTMODERN SUICIDE|20/100
|-unboost|p1a: POSTMODERN SUICIDE|spd|1
|
|upkeep
|turn|21
|
|t:|1760301979
|move|p1a: POSTMODERN SUICIDE|Fiery Dance|p2a: Sinistcha
|-damage|p2a: Sinistcha|15/100
|move|p2a: Sinistcha|Shadow Ball|p1a: POSTMODERN SUICIDE
|-damage|p1a: POSTMODERN SUICIDE|0 fnt
|faint|p1a: POSTMODERN SUICIDE
|-end|p1a: POSTMODERN SUICIDE|Quark Drive|[silent]
|
|upkeep
|
|t:|1760301983
|switch|p1a: JOHNNY POKEMON|Kingambit, M|100/100
|-damage|p1a: JOHNNY POKEMON|94/100|[from] Stealth Rock
|-damage|p1a: JOHNNY POKEMON|82/100|[from] Spikes
|-activate|p1a: JOHNNY POKEMON|ability: Supreme Overlord
|-start|p1a: JOHNNY POKEMON|fallen4|[silent]
|turn|22
|
|t:|1760302004
|switch|p2a: Samurott|Samurott-Hisui, F|88/100
|-damage|p2a: Samurott|76/100|[from] Stealth Rock
|-damage|p2a: Samurott|63/100|[from] Spikes
|move|p1a: JOHNNY POKEMON|Swords Dance|p1a: JOHNNY POKEMON
|-boost|p1a: JOHNNY POKEMON|atk|2
|
|-heal|p1a: JOHNNY POKEMON|88/100|[from] item: Leftovers
|upkeep
|turn|23
|-message|real water resist forfeited.
|
|win|maackia=w=
|raw|real water resist's rating: 1636 &rarr; <strong>1621</strong><br />(-15 for losing)
|raw|maackia=w='s rating: 1722 &rarr; <strong>1737</strong><br />(+15 for winning)
|l|☆real water resist
|player|p1|
