|j|☆are you jesus?
|j|☆EsperFell
|t:|1760337727
|gametype|singles
|player|p1|are you jesus?|grimsley|1073
|player|p2|EsperFell|plasmagruntf|1070
|gen|9
|tier|[Gen 9] OU
|rated|
|rule|HP Percentage Mod: HP is shown in percentages
|rule|Endless Battle Clause: Forcing endless battles is banned
|rule|Species Clause: Limit one of each Pokémon
|rule|OHKO Clause: OHKO moves are banned
|rule|Evasion Items Clause: Evasion items are banned
|rule|Evasion Moves Clause: Evasion moves are banned
|rule|Evasion Abilities Clause: Evasion abilities are banned
|rule|Sleep Moves Clause: Sleep-inducing moves are banned
|clearpoke
|poke|p1|Orthworm, F|
|poke|p1|Barraskewda, M|
|poke|p1|Raikou|
|poke|p1|Frosmoth, M|
|poke|p1|Tentacruel, M|
|poke|p1|Haxorus, M|
|poke|p2|Pecharunt|
|poke|p2|Darkrai|
|poke|p2|Zamazenta-*|
|poke|p2|Moltres-Galar|
|poke|p2|Samurott-Hisui, M|
|poke|p2|Iron Valiant|
|teampreview
|c|☆are you jesus?|hi
|
|t:|1760337748
|teamsize|p1|6
|teamsize|p2|6
|start
|switch|p1a: Barraskewda|Barraskewda, M|100/100
|switch|p2a: Samurott|Samurott-Hisui, M|100/100
|turn|1
|c|☆EsperFell|hi
|
|t:|1760337754
|move|p1a: Barraskewda|Flip Turn|p2a: Samurott
|-resisted|p2a: Samurott
|-crit|p2a: Samurott
|-damage|p2a: Samurott|55/100
|
|t:|1760337758
|switch|p1a: Orthrelm|Orthworm, F|100/100|[from] Flip Turn
|move|p2a: Samurott|Ceaseless Edge|p1a: Orthrelm
|-damage|p1a: Orthrelm|75/100
|-sidestart|p1: are you jesus?|Spikes
|
|-heal|p1a: Orthrelm|81/100|[from] item: Leftovers
|upkeep
|turn|2
|
|t:|1760337767
|switch|p2a: Zamazenta|Zamazenta|100/100
|-ability|p2a: Zamazenta|Dauntless Shield|boost
|-boost|p2a: Zamazenta|def|1
|move|p1a: Orthrelm|Iron Defense|p1a: Orthrelm
|-boost|p1a: Orthrelm|def|2
|
|-heal|p1a: Orthrelm|87/100|[from] item: Leftovers
|upkeep
|turn|3
|
|t:|1760337786
|move|p2a: Zamazenta|Iron Defense|p2a: Zamazenta
|-boost|p2a: Zamazenta|def|2
|move|p1a: Orthrelm|Stealth Rock|p2a: Zamazenta
|-sidestart|p2: EsperFell|move: Stealth Rock
|
|-heal|p1a: Orthrelm|94/100|[from] item: Leftovers
|upkeep
|turn|4
|
|t:|1760337796
|switch|p1a: Tentacruel|Tentacruel, M|100/100
|-damage|p1a: Tentacruel|88/100|[from] Spikes
|move|p2a: Zamazenta|Roar|p1a: Tentacruel
|drag|p1a: Frosmoth|Frosmoth, M|100/100
|
|upkeep
|turn|5
|
|t:|1760337805
|move|p2a: Zamazenta|Body Press|p1a: Frosmoth
|-damage|p1a: Frosmoth|0 fnt
|faint|p1a: Frosmoth
|
|upkeep
|
|t:|1760337812
|switch|p1a: Tentacruel|Tentacruel, M|88/100
|-damage|p1a: Tentacruel|76/100|[from] Spikes
|turn|6
|c|☆are you jesus?|im so dumb
|
|t:|1760337823
|move|p2a: Zamazenta|Body Press|p1a: Tentacruel
|-resisted|p1a: Tentacruel
|-damage|p1a: Tentacruel|17/100
|move|p1a: Tentacruel|Haze|p1a: Tentacruel
|-clearallboost
|
|-heal|p1a: Tentacruel|23/100|[from] item: Leftovers
|upkeep
|turn|7
|c|☆are you jesus?|letting the moth die
|
|t:|1760337830
|move|p2a: Zamazenta|Body Press|p1a: Tentacruel
|-resisted|p1a: Tentacruel
|-damage|p1a: Tentacruel|1/100
|move|p1a: Tentacruel|Toxic Spikes|p2a: Zamazenta
|-sidestart|p2: EsperFell|move: Toxic Spikes
|
|-heal|p1a: Tentacruel|7/100|[from] item: Leftovers
|upkeep
|turn|8
|
|t:|1760337837
|move|p2a: Zamazenta|Body Press|p1a: Tentacruel
|-resisted|p1a: Tentacruel
|-damage|p1a: Tentacruel|0 fnt
|faint|p1a: Tentacruel
|
|upkeep
|c|☆EsperFell|welp
|
|t:|1760337842
|switch|p1a: Haxorus|Haxorus, M|100/100
|-damage|p1a: Haxorus|88/100|[from] Spikes
|-ability|p1a: Haxorus|Mold Breaker
|turn|9
|
|t:|1760337851
|switch|p2a: Pecharunt|Pecharunt|100/100
|-sideend|p2: EsperFell|move: Toxic Spikes|[of] p2a: Pecharunt
|move|p1a: Haxorus|Swords Dance|p1a: Haxorus
|-boost|p1a: Haxorus|atk|2
|
|upkeep
|turn|10
|
|t:|1760337858
|-terastallize|p1a: Haxorus|Steel
|move|p1a: Haxorus|Earthquake|p2a: Pecharunt
|-supereffective|p2a: Pecharunt
|-damage|p2a: Pecharunt|34/100
|move|p2a: Pecharunt|Malignant Chain|p1a: Haxorus
|-immune|p1a: Haxorus
|
|upkeep
|turn|11
|c|☆EsperFell|0.o tera steel
|
|t:|1760337880
|switch|p2a: Moltres|Moltres-Galar|100/100
|-damage|p2a: Moltres|76/100|[from] Stealth Rock
|move|p1a: Haxorus|Scale Shot|p2a: Moltres
|-damage|p2a: Moltres|44/100
|-enditem|p2a: Moltres|Sitrus Berry|[eat]
|-heal|p2a: Moltres|69/100|[from] item: Sitrus Berry
|-damage|p2a: Moltres|37/100
|-damage|p2a: Moltres|5/100
|-damage|p2a: Moltres|0 fnt
|faint|p2a: Moltres
|-hitcount|p2: Moltres|4
|-unboost|p1a: Haxorus|def|1
|-boost|p1a: Haxorus|spe|1
|
|upkeep
|c|☆are you jesus?|people do that to this axe dragon
|
|t:|1760337895
|switch|p2a: Zamazenta|Zamazenta|100/100
|-damage|p2a: Zamazenta|94/100|[from] Stealth Rock
|turn|12
|
|t:|1760337902
|move|p1a: Haxorus|Scale Shot|p2a: Zamazenta
|-damage|p2a: Zamazenta|74/100
|-damage|p2a: Zamazenta|52/100
|-damage|p2a: Zamazenta|30/100
|-damage|p2a: Zamazenta|9/100
|-damage|p2a: Zamazenta|0 fnt
|faint|p2a: Zamazenta
|-hitcount|p2: Zamazenta|5
|-unboost|p1a: Haxorus|def|1
|-boost|p1a: Haxorus|spe|1
|
|upkeep
|c|☆EsperFell|loaded dice be like
|
|t:|1760337915
|switch|p2a: Darkrai|Darkrai|100/100
|turn|13
|
|t:|1760337918
|move|p1a: Haxorus|Scale Shot|p2a: Darkrai
|-damage|p2a: Darkrai|62/100
|-damage|p2a: Darkrai|25/100
|-damage|p2a: Darkrai|0 fnt
|faint|p2a: Darkrai
|-hitcount|p2: Darkrai|3
|-unboost|p1a: Haxorus|def|1
|-boost|p1a: Haxorus|spe|1
|
|upkeep
|c|☆EsperFell|not much I can do
|c|☆EsperFell|ggs
|c|☆are you jesus?|gg
|-message|EsperFell forfeited.
|
|win|are you jesus?
|raw|are you jesus?'s rating: 1073 &rarr; <strong>1102</strong><br />(+29 for winning)
|raw|EsperFell's rating: 1070 &rarr; <strong>1050</strong><br />(-20 for losing)
|l|☆EsperFell
|player|p2|
|l|☆are you jesus?
|player|p1|
