|j|☆FuturosGuias
|j|☆N4ts0s
|t:|1760344726
|gametype|singles
|player|p1|FuturosGuias|guitarist|1074
|player|p2|N4ts0s|265|1147
|gen|9
|tier|[Gen 9] OU
|rated|
|rule|HP Percentage Mod: HP is shown in percentages
|rule|Endless Battle Clause: Forcing endless battles is banned
|rule|Species Clause: Limit one of each Pokémon
|rule|OHKO Clause: OHKO moves are banned
|rule|Evasion Items Clause: Evasion items are banned
|rule|Evasion Moves Clause: Evasion moves are banned
|rule|Evasion Abilities Clause: Evasion abilities are banned
|rule|Sleep Moves Clause: Sleep-inducing moves are banned
|clearpoke
|poke|p1|Persian, M|
|poke|p1|Gardevoir, F|
|poke|p1|Goodra-Hisui, F|
|poke|p1|Mandibuzz, F|
|poke|p1|Espeon, M|
|poke|p1|Dragonite, F|
|poke|p2|Pelipper, M|
|poke|p2|Barraskewda, M|
|poke|p2|Ogerpon-Wellspring, F|
|poke|p2|Jolteon, F|
|poke|p2|Empoleon, M|
|poke|p2|Clodsire, F|
|teampreview
|inactive|Battle timer is ON: inactive players will automatically lose when time's up. (requested by N4ts0s)
|
|t:|1760344760
|teamsize|p1|6
|teamsize|p2|6
|start
|switch|p1a: Mandibuzz|Mandibuzz, F|100/100
|switch|p2a: Jolteon|Jolteon, F|100/100
|turn|1
|
|t:|1760344767
|switch|p1a: Goodra|Goodra-Hisui, F|100/100
|move|p2a: Jolteon|Volt Switch|p1a: Goodra
|-resisted|p1a: Goodra
|-damage|p1a: Goodra|90/100
|-damage|p2a: Jolteon|91/100|[from] item: Life Orb
|
|t:|1760344770
|switch|p2a: Big Quack|Pelipper, M|100/100|[from] Volt Switch
|-weather|RainDance|[from] ability: Drizzle|[of] p2a: Big Quack
|
|-weather|RainDance|[upkeep]
|upkeep
|turn|2
|
|t:|1760344787
|move|p2a: Big Quack|U-turn|p1a: Goodra
|-resisted|p1a: Goodra
|-damage|p1a: Goodra|87/100
|-ability|p1a: Goodra|Gooey
|-unboost|p2a: Big Quack|spe|1
|
|t:|1760344790
|switch|p2a: Clodsire|Clodsire, F|100/100|[from] U-turn
|move|p1a: Goodra|Ice Beam|p2a: Clodsire
|-supereffective|p2a: Clodsire
|-damage|p2a: Clodsire|70/100
|
|-weather|RainDance|[upkeep]
|-heal|p2a: Clodsire|76/100|[from] item: Leftovers
|upkeep
|turn|3
|
|t:|1760344804
|switch|p2a: Beep Beep|Empoleon, M|100/100
|move|p1a: Goodra|Ice Beam|p2a: Beep Beep
|-resisted|p2a: Beep Beep
|-damage|p2a: Beep Beep|95/100
|
|-weather|RainDance|[upkeep]
|upkeep
|turn|4
|
|t:|1760344815
|move|p2a: Beep Beep|Agility|p2a: Beep Beep
|-boost|p2a: Beep Beep|spe|2
|move|p1a: Goodra|Earthquake|p2a: Beep Beep
|-supereffective|p2a: Beep Beep
|-damage|p2a: Beep Beep|42/100
|-enditem|p2a: Beep Beep|Weakness Policy
|-boost|p2a: Beep Beep|atk|2|[from] item: Weakness Policy
|-boost|p2a: Beep Beep|spa|2|[from] item: Weakness Policy
|
|-weather|RainDance|[upkeep]
|upkeep
|turn|5
|
|t:|1760344824
|-terastallize|p2a: Beep Beep|Dark
|move|p2a: Beep Beep|Agility|p2a: Beep Beep
|-boost|p2a: Beep Beep|spe|2
|move|p1a: Goodra|Earthquake|p2a: Beep Beep
|-damage|p2a: Beep Beep|16/100
|
|-weather|RainDance|[upkeep]
|upkeep
|turn|6
|
|t:|1760344836
|move|p2a: Beep Beep|Power Trip|p1a: Goodra
|-damage|p1a: Goodra|0 fnt
|-ability|p1a: Goodra|Gooey
|-unboost|p2a: Beep Beep|spe|1
|-ability|p2a: Beep Beep|Competitive|boost
|-boost|p2a: Beep Beep|spa|2
|faint|p1a: Goodra
|
|-weather|RainDance|[upkeep]
|upkeep
|
|t:|1760344846
|switch|p1a: Persian|Persian, M|100/100
|turn|7
|
|t:|1760344852
|move|p1a: Persian|Fake Out|p2a: Beep Beep
|-crit|p2a: Beep Beep
|-damage|p2a: Beep Beep|0 fnt
|faint|p2a: Beep Beep
|
|-weather|RainDance|[upkeep]
|upkeep
|
|t:|1760344855
|switch|p2a: Torpedo Fish|Barraskewda, M|100/100
|turn|8
|
|t:|1760344863
|switch|p1a: Mandibuzz|Mandibuzz, F|100/100
|move|p2a: Torpedo Fish|Liquidation|p1a: Mandibuzz
|-damage|p1a: Mandibuzz|45/100
|
|-weather|none
|upkeep
|turn|9
|
|t:|1760344873
|switch|p2a: Clodsire|Clodsire, F|76/100
|move|p1a: Mandibuzz|Toxic|p2a: Clodsire
|-immune|p2a: Clodsire
|
|-heal|p2a: Clodsire|83/100|[from] item: Leftovers
|upkeep
|turn|10
|
|t:|1760344884
|switch|p1a: Dragonite|Dragonite, F|100/100
|switch|p2a: Big Quack|Pelipper, M|100/100
|-weather|RainDance|[from] ability: Drizzle|[of] p2a: Big Quack
|
|-weather|RainDance|[upkeep]
|upkeep
|turn|11
|
|t:|1760344898
|move|p1a: Dragonite|Outrage|p2a: Big Quack
|-damage|p2a: Big Quack|0 fnt
|faint|p2a: Big Quack
|
|-weather|RainDance|[upkeep]
|upkeep
|
|t:|1760344903
|switch|p2a: Clodsire|Clodsire, F|83/100
|turn|12
|
|t:|1760344907
|move|p1a: Dragonite|Outrage|p2a: Clodsire|[from] lockedmove
|-damage|p2a: Clodsire|0 fnt
|faint|p2a: Clodsire
|-start|p1a: Dragonite|confusion|[fatigue]
|
|-weather|RainDance|[upkeep]
|upkeep
|
|t:|1760344911
|switch|p2a: Jolteon|Jolteon, F|91/100
|turn|13
|
|t:|1760344927
|switch|p1a: Gardevoir|Gardevoir, F|100/100
|-ability|p1a: Gardevoir|Volt Absorb|Trace|[from] ability: Trace|[of] p2a: Jolteon
|move|p2a: Jolteon|Volt Switch|p1a: Gardevoir
|-immune|p1a: Gardevoir|[from] ability: Volt Absorb
|
|-weather|RainDance|[upkeep]
|upkeep
|turn|14
|inactive|FuturosGuias has 120 seconds left.
|
|t:|1760344954
|switch|p2a: Masked warrior|Ogerpon-Wellspring, F|100/100
|move|p1a: Gardevoir|Moonblast|p2a: Masked warrior
|-damage|p2a: Masked warrior|40/100
|-unboost|p2a: Masked warrior|spa|1
|
|-weather|RainDance|[upkeep]
|upkeep
|turn|15
|
|t:|1760344961
|move|p1a: Gardevoir|Moonblast|p2a: Masked warrior
|-damage|p2a: Masked warrior|0 fnt
|faint|p2a: Masked warrior
|
|-weather|RainDance|[upkeep]
|upkeep
|
|t:|1760344963
|switch|p2a: Torpedo Fish|Barraskewda, M|100/100
|turn|16
|
|t:|1760344972
|-terastallize|p1a: Gardevoir|Steel
|move|p2a: Torpedo Fish|Liquidation|p1a: Gardevoir
|-damage|p1a: Gardevoir|0 fnt
|faint|p1a: Gardevoir
|
|-weather|RainDance|[upkeep]
|upkeep
|
|t:|1760344983
|switch|p1a: Mandibuzz|Mandibuzz, F|45/100
|turn|17
|
|t:|1760344992
|move|p2a: Torpedo Fish|Liquidation|p1a: Mandibuzz
|-damage|p1a: Mandibuzz|0 fnt
|faint|p1a: Mandibuzz
|
|-weather|none
|upkeep
|
|t:|1760344999
|switch|p1a: Persian|Persian, M|100/100
|turn|18
|
|t:|1760345003
|move|p1a: Persian|Fake Out|p2a: Torpedo Fish
|-damage|p2a: Torpedo Fish|61/100
|cant|p2a: Torpedo Fish|flinch
|
|upkeep
|turn|19
|
|t:|1760345010
|move|p2a: Torpedo Fish|Liquidation|p1a: Persian
|-damage|p1a: Persian|0 fnt
|faint|p1a: Persian
|
|upkeep
|
|t:|1760345016
|switch|p1a: Dragonite|Dragonite, F|100/100
|turn|20
|
|t:|1760345033
|move|p1a: Dragonite|Extreme Speed|p2a: Torpedo Fish
|-damage|p2a: Torpedo Fish|0 fnt
|faint|p2a: Torpedo Fish
|
|upkeep
|
|t:|1760345037
|switch|p2a: Jolteon|Jolteon, F|91/100
|turn|21
|
|t:|1760345042
|move|p1a: Dragonite|Extreme Speed|p2a: Jolteon
|-damage|p2a: Jolteon|0 fnt
|faint|p2a: Jolteon
|
|win|FuturosGuias
|raw|FuturosGuias's rating: 1074 &rarr; <strong>1109</strong><br />(+35 for winning)
|raw|N4ts0s's rating: 1147 &rarr; <strong>1117</strong><br />(-30 for losing)
|l|☆N4ts0s
|player|p2|
|l|☆FuturosGuias
|player|p1|
