|j|☆leezee-yy
|j|☆MooFarmer
|t:|1760405607
|gametype|singles
|player|p1|leezee-yy|steven|1747
|player|p2|MooFarmer|1|1887
|gen|9
|tier|[Gen 9] OU
|rated|
|rule|HP Percentage Mod: HP is shown in percentages
|rule|Endless Battle Clause: Forcing endless battles is banned
|rule|Species Clause: Limit one of each Pokémon
|rule|OHKO Clause: OHKO moves are banned
|rule|Evasion Items Clause: Evasion items are banned
|rule|Evasion Moves Clause: Evasion moves are banned
|rule|Evasion Abilities Clause: Evasion abilities are banned
|rule|Sleep Moves Clause: Sleep-inducing moves are banned
|clearpoke
|poke|p1|Iron Treads|
|poke|p1|Samurott-Hisui, M|
|poke|p1|Meowscarada, M|
|poke|p1|Zapdos|
|poke|p1|Metagross|
|poke|p1|Kommo-o, M|
|poke|p2|Kyurem|
|poke|p2|Corviknight, M|
|poke|p2|Ting-Lu|
|poke|p2|Dondozo, M|
|poke|p2|Slowking-Galar, L99, M|
|poke|p2|Cinderace, M|
|teampreview
|inactive|Battle timer is ON: inactive players will automatically lose when time's up. (requested by leezee-yy)
|inactive|MooFarmer has 120 seconds left.
|
|t:|1760405653
|teamsize|p1|6
|teamsize|p2|6
|start
|switch|p1a: Meowscarada|Meowscarada, M|100/100
|switch|p2a: Kyurem|Kyurem|100/100
|-ability|p2a: Kyurem|Pressure
|turn|1
|inactive|MooFarmer also wants the timer to be on.
|inactive|MooFarmer has 120 seconds left.
|
|t:|1760405698
|switch|p1a: Metagross|Metagross, shiny|100/100
|move|p2a: Kyurem|Protect||[still]
|-fail|p2a: Kyurem
|
|upkeep
|turn|2
|inactive|MooFarmer has 90 seconds left.
|
|t:|1760405743
|-terastallize|p2a: Kyurem|Ground
|move|p2a: Kyurem|Earth Power|p1a: Metagross
|-supereffective|p1a: Metagross
|-damage|p1a: Metagross|6/100
|move|p1a: Metagross|Knock Off|p2a: Kyurem
|-damage|p2a: Kyurem|67/100
|-enditem|p2a: Kyurem|Leftovers|[from] move: Knock Off|[of] p1a: Metagross
|
|-heal|p1a: Metagross|12/100|[from] item: Leftovers
|upkeep
|turn|3
|inactive|MooFarmer has 60 seconds left.
|
|t:|1760405789
|switch|p1a: Iron Treads|Iron Treads|100/100
|-item|p1a: Iron Treads|Air Balloon
|move|p2a: Kyurem|Freeze-Dry|p1a: Iron Treads
|-damage|p1a: Iron Treads|48/100
|-enditem|p1a: Iron Treads|Air Balloon
|
|upkeep
|turn|4
|
|t:|1760405798
|move|p2a: Kyurem|Earth Power|p1a: Iron Treads
|-supereffective|p1a: Iron Treads
|-damage|p1a: Iron Treads|0 fnt
|faint|p1a: Iron Treads
|-end|p1a: Iron Treads|Quark Drive|[silent]
|
|upkeep
|
|t:|1760405802
|switch|p1a: Meowscarada|Meowscarada, M|100/100
|turn|5
|
|t:|1760405810
|move|p2a: Kyurem|Protect|p2a: Kyurem
|-singleturn|p2a: Kyurem|Protect
|move|p1a: Meowscarada|U-turn|p2a: Kyurem
|-start|p1a: Meowscarada|typechange|Bug|[from] ability: Protean
|-activate|p2a: Kyurem|move: Protect
|
|upkeep
|turn|6
|inactive|MooFarmer has 60 seconds left.
|
|t:|1760405819
|switch|p1a: Kommo-o|Kommo-o, M|100/100
|switch|p2a: Corviknight|Corviknight, M|100/100
|-ability|p2a: Corviknight|Pressure
|
|upkeep
|turn|7
|
|t:|1760405827
|move|p1a: Kommo-o|Clangorous Soul|p1a: Kommo-o
|-boost|p1a: Kommo-o|atk|1
|-boost|p1a: Kommo-o|def|1
|-boost|p1a: Kommo-o|spa|1
|-boost|p1a: Kommo-o|spd|1
|-boost|p1a: Kommo-o|spe|1
|-damage|p1a: Kommo-o|68/100
|move|p2a: Corviknight|Brave Bird|p1a: Kommo-o
|-supereffective|p1a: Kommo-o
|-damage|p1a: Kommo-o|18/100
|-damage|p2a: Corviknight|88/100|[from] Recoil
|
|-heal|p1a: Kommo-o|24/100|[from] item: Leftovers
|upkeep
|turn|8
|
|t:|1760405837
|move|p1a: Kommo-o|Flamethrower|p2a: Corviknight
|-supereffective|p2a: Corviknight
|-damage|p2a: Corviknight|8/100
|move|p2a: Corviknight|Brave Bird|p1a: Kommo-o
|-supereffective|p1a: Kommo-o
|-damage|p1a: Kommo-o|0 fnt
|faint|p1a: Kommo-o
|-damage|p2a: Corviknight|3/100|[from] Recoil
|
|upkeep
|
|t:|1760405843
|switch|p1a: Samurott|Samurott-Hisui, M|100/100
|turn|9
|
|t:|1760405851
|move|p1a: Samurott|Ceaseless Edge|p2a: Corviknight
|-damage|p2a: Corviknight|0 fnt
|-damage|p1a: Samurott|84/100|[from] item: Rocky Helmet|[of] p2a: Corviknight
|-sidestart|p2: MooFarmer|Spikes
|faint|p2a: Corviknight
|
|upkeep
|
|t:|1760405860
|switch|p2a: Kyurem|Kyurem, tera:Ground|67/100
|-damage|p2a: Kyurem|54/100|[from] Spikes
|-ability|p2a: Kyurem|Pressure
|turn|10
|
|t:|1760405869
|move|p2a: Kyurem|Freeze-Dry|p1a: Samurott
|-supereffective|p1a: Samurott
|-damage|p1a: Samurott|0 fnt
|faint|p1a: Samurott
|
|upkeep
|
|t:|1760405874
|switch|p1a: Meowscarada|Meowscarada, M|100/100
|turn|11
|inactive|MooFarmer has 90 seconds left.
|inactive|MooFarmer has 60 seconds left.
|
|t:|1760405919
|move|p2a: Kyurem|Protect|p2a: Kyurem
|-singleturn|p2a: Kyurem|Protect
|move|p1a: Meowscarada|Flower Trick|p2a: Kyurem
|-start|p1a: Meowscarada|typechange|Grass|[from] ability: Protean
|-activate|p2a: Kyurem|move: Protect
|
|upkeep
|turn|12
|j| AntdonPokemon
|inactive|MooFarmer has 60 seconds left.
|inactive|MooFarmer has 30 seconds left.
|
|t:|1760405965
|switch|p1a: Metagross|Metagross, shiny|12/100
|switch|p2a: Cinderace|Cinderace, M|100/100
|
|-heal|p1a: Metagross|18/100|[from] item: Leftovers
|upkeep
|turn|13
|inactive|MooFarmer has 30 seconds left.
|
|t:|1760405973
|move|p2a: Cinderace|Pyro Ball|p1a: Metagross
|-supereffective|p1a: Metagross
|-damage|p1a: Metagross|0 fnt
|faint|p1a: Metagross
|
|upkeep
|
|t:|1760405978
|switch|p1a: Meowscarada|Meowscarada, M|100/100
|turn|14
|
|t:|1760405987
|move|p1a: Meowscarada|U-turn|p2a: Cinderace
|-start|p1a: Meowscarada|typechange|Bug|[from] ability: Protean
|-resisted|p2a: Cinderace
|-damage|p2a: Cinderace|70/100
|
|t:|1760405992
|switch|p1a: Zapdos|Zapdos|100/100|[from] U-turn
|move|p2a: Cinderace|Pyro Ball|p1a: Zapdos
|-damage|p1a: Zapdos|64/100
|
|upkeep
|turn|15
|
|t:|1760406001
|move|p2a: Cinderace|Court Change|p2a: Cinderace
|-swapsideconditions
|-activate|p2a: Cinderace|move: Court Change
|move|p1a: Zapdos|Roost|p1a: Zapdos
|-heal|p1a: Zapdos|100/100
|-singleturn|p1a: Zapdos|move: Roost
|
|upkeep
|turn|16
|
|t:|1760406011
|move|p2a: Cinderace|U-turn|p1a: Zapdos
|-resisted|p1a: Zapdos
|-damage|p1a: Zapdos|93/100
|-damage|p2a: Cinderace|53/100|[from] item: Rocky Helmet|[of] p1a: Zapdos
|
|t:|1760406020
|switch|p2a: Kyurem|Kyurem, tera:Ground|54/100|[from] U-turn
|-ability|p2a: Kyurem|Pressure
|move|p1a: Zapdos|U-turn|p2a: Kyurem
|-damage|p2a: Kyurem|40/100
|
|t:|1760406026
|switch|p1a: Meowscarada|Meowscarada, M|100/100|[from] U-turn
|-damage|p1a: Meowscarada|88/100|[from] Spikes
|
|upkeep
|turn|17
|
|t:|1760406035
|move|p2a: Kyurem|Protect|p2a: Kyurem
|-singleturn|p2a: Kyurem|Protect
|move|p1a: Meowscarada|Knock Off|p2a: Kyurem
|-start|p1a: Meowscarada|typechange|Dark|[from] ability: Protean
|-activate|p2a: Kyurem|move: Protect
|
|upkeep
|turn|18
|
|t:|1760406043
|switch|p2a: Ting-Lu|Ting-Lu|100/100
|-ability|p2a: Ting-Lu|Vessel of Ruin
|move|p1a: Meowscarada|Knock Off|p2a: Ting-Lu
|-resisted|p2a: Ting-Lu
|-damage|p2a: Ting-Lu|81/100
|-enditem|p2a: Ting-Lu|Leftovers|[from] move: Knock Off|[of] p1a: Meowscarada
|
|upkeep
|turn|19
|
|t:|1760406053
|switch|p1a: Zapdos|Zapdos|93/100
|move|p2a: Ting-Lu|Earthquake|p1a: Zapdos
|-immune|p1a: Zapdos
|
|upkeep
|turn|20
|
|t:|1760406061
|move|p1a: Zapdos|Heat Wave|p2a: Ting-Lu|[miss]
|-miss|p1a: Zapdos|p2a: Ting-Lu
|move|p2a: Ting-Lu|Earthquake|p1a: Zapdos
|-immune|p1a: Zapdos
|
|upkeep
|turn|21
|
|t:|1760406070
|move|p1a: Zapdos|Heat Wave|p2a: Ting-Lu
|-damage|p2a: Ting-Lu|71/100
|move|p2a: Ting-Lu|Earthquake|p1a: Zapdos
|-immune|p1a: Zapdos
|
|upkeep
|turn|22
|inactive|MooFarmer has 90 seconds left.
|
|t:|1760406078
|move|p1a: Zapdos|Heat Wave|p2a: Ting-Lu
|-damage|p2a: Ting-Lu|60/100
|move|p2a: Ting-Lu|Earthquake|p1a: Zapdos
|-immune|p1a: Zapdos
|
|upkeep
|turn|23
|
|t:|1760406093
|move|p1a: Zapdos|U-turn|p2a: Ting-Lu
|-supereffective|p2a: Ting-Lu
|-damage|p2a: Ting-Lu|43/100
|
|t:|1760406096
|switch|p1a: Meowscarada|Meowscarada, M|88/100|[from] U-turn
|-damage|p1a: Meowscarada|75/100|[from] Spikes
|move|p2a: Ting-Lu|Earthquake|p1a: Meowscarada
|-resisted|p1a: Meowscarada
|-damage|p1a: Meowscarada|45/100
|
|upkeep
|turn|24
|
|t:|1760406104
|move|p1a: Meowscarada|U-turn|p2a: Ting-Lu
|-start|p1a: Meowscarada|typechange|Bug|[from] ability: Protean
|-supereffective|p2a: Ting-Lu
|-damage|p2a: Ting-Lu|0 fnt
|faint|p2a: Ting-Lu
|
|t:|1760406109
|switch|p1a: Zapdos|Zapdos|93/100|[from] U-turn
|
|upkeep
|
|t:|1760406118
|switch|p2a: Slowking|Slowking-Galar, L99, M|100/100
|turn|25
|
|t:|1760406126
|move|p1a: Zapdos|Discharge|p2a: Slowking
|-damage|p2a: Slowking|80/100
|-status|p2a: Slowking|par
|move|p2a: Slowking|Sludge Bomb|p1a: Zapdos
|-damage|p1a: Zapdos|60/100
|-status|p1a: Zapdos|psn
|
|-damage|p1a: Zapdos|47/100 psn|[from] psn
|upkeep
|turn|26
|inactive|MooFarmer has 120 seconds left.
|
|t:|1760406135
|move|p1a: Zapdos|Roost|p1a: Zapdos
|-heal|p1a: Zapdos|97/100 psn
|-singleturn|p1a: Zapdos|move: Roost
|cant|p2a: Slowking|par
|
|-damage|p1a: Zapdos|85/100 psn|[from] psn
|upkeep
|turn|27
|
|t:|1760406143
|move|p1a: Zapdos|Discharge|p2a: Slowking
|-crit|p2a: Slowking
|-damage|p2a: Slowking|49/100 par
|move|p2a: Slowking|Sludge Bomb|p1a: Zapdos
|-damage|p1a: Zapdos|52/100 psn
|
|-damage|p1a: Zapdos|39/100 psn|[from] psn
|upkeep
|turn|28
|
|t:|1760406152
|move|p1a: Zapdos|Discharge|p2a: Slowking
|-damage|p2a: Slowking|27/100 par
|cant|p2a: Slowking|par
|
|-damage|p1a: Zapdos|27/100 psn|[from] psn
|upkeep
|turn|29
|
|t:|1760406160
|switch|p2a: Kyurem|Kyurem, tera:Ground|40/100
|-ability|p2a: Kyurem|Pressure
|move|p1a: Zapdos|Roost|p1a: Zapdos
|-heal|p1a: Zapdos|77/100 psn
|-singleturn|p1a: Zapdos|move: Roost
|
|-damage|p1a: Zapdos|64/100 psn|[from] psn
|upkeep
|turn|30
|
|t:|1760406168
|-terastallize|p1a: Zapdos|Poison
|move|p2a: Kyurem|Freeze-Dry|p1a: Zapdos
|-damage|p1a: Zapdos|28/100 psn
|move|p1a: Zapdos|Heat Wave|p2a: Kyurem
|-damage|p2a: Kyurem|17/100
|
|-damage|p1a: Zapdos|15/100 psn|[from] psn
|upkeep
|turn|31
|-message|leezee-yy forfeited.
|
|win|MooFarmer
|raw|leezee-yy's rating: 1747 &rarr; <strong>1735</strong><br />(-12 for losing)
|raw|MooFarmer's rating: 1887 &rarr; <strong>1899</strong><br />(+12 for winning)
|l|☆leezee-yy
|player|p1|
|l|☆MooFarmer
|player|p2|
