|j|☆Denvertzzz
|j|☆alexismarelli
|t:|1760459815
|gametype|singles
|player|p1|Denvertzzz|266|1183
|player|p2|alexismarelli|2|1153
|gen|9
|tier|[Gen 9] OU
|rated|
|rule|HP Percentage Mod: HP is shown in percentages
|rule|Endless Battle Clause: Forcing endless battles is banned
|rule|Species Clause: Limit one of each Pokémon
|rule|OHKO Clause: OHKO moves are banned
|rule|Evasion Items Clause: Evasion items are banned
|rule|Evasion Moves Clause: Evasion moves are banned
|rule|Evasion Abilities Clause: Evasion abilities are banned
|rule|Sleep Moves Clause: Sleep-inducing moves are banned
|clearpoke
|poke|p1|Grimmsnarl, M|
|poke|p1|Zapdos|
|poke|p1|Crawdaunt, M|
|poke|p1|Ludicolo, M|
|poke|p1|Lokix, M|
|poke|p1|Regirock|
|poke|p2|Smeargle, F|
|poke|p2|Furret, M|
|poke|p2|Gumshoos, M|
|poke|p2|Persian, F|
|poke|p2|Zangoose, M|
|poke|p2|Greedent, F|
|teampreview
|c|☆Denvertzzz|Nice tan
|c|☆Denvertzzz|team
|inactive|Battle timer is ON: inactive players will automatically lose when time's up. (requested by Denvertzzz)
|
|t:|1760459864
|teamsize|p1|6
|teamsize|p2|6
|start
|switch|p1a: Zapdos|Zapdos, shiny|100/100
|switch|p2a: Smeargle|Smeargle, F|100/100
|turn|1
|
|t:|1760459879
|move|p1a: Zapdos|Rain Dance|p1a: Zapdos
|-weather|RainDance
|move|p2a: Smeargle|Shell Smash|p2a: Smeargle
|-unboost|p2a: Smeargle|def|1
|-unboost|p2a: Smeargle|spd|1
|-boost|p2a: Smeargle|atk|2
|-boost|p2a: Smeargle|spa|2
|-boost|p2a: Smeargle|spe|2
|
|-weather|RainDance|[upkeep]
|upkeep
|turn|2
|
|t:|1760459888
|move|p2a: Smeargle|Shell Smash|p2a: Smeargle
|-unboost|p2a: Smeargle|def|1
|-unboost|p2a: Smeargle|spd|1
|-boost|p2a: Smeargle|atk|2
|-boost|p2a: Smeargle|spa|2
|-boost|p2a: Smeargle|spe|2
|move|p1a: Zapdos|Volt Switch|p2a: Smeargle
|-enditem|p2a: Smeargle|Focus Sash
|-damage|p2a: Smeargle|1/100
|
|t:|1760459898
|switch|p1a: Crawdaunt|Crawdaunt, M|100/100|[from] Volt Switch
|
|-weather|RainDance|[upkeep]
|upkeep
|turn|3
|
|t:|1760459905
|move|p2a: Smeargle|Burning Bulwark|p2a: Smeargle
|-singleturn|p2a: Smeargle|move: Protect
|move|p1a: Crawdaunt|Aqua Jet|p2a: Smeargle
|-activate|p2a: Smeargle|move: Protect
|-status|p1a: Crawdaunt|brn
|
|-weather|RainDance|[upkeep]
|-damage|p1a: Crawdaunt|94/100 brn|[from] brn
|upkeep
|turn|4
|
|t:|1760459915
|move|p1a: Crawdaunt|Aqua Jet|p2a: Smeargle
|-damage|p2a: Smeargle|0 fnt
|faint|p2a: Smeargle
|
|-weather|RainDance|[upkeep]
|-damage|p1a: Crawdaunt|88/100 brn|[from] brn
|upkeep
|
|t:|1760459925
|switch|p2a: Persian|Persian, F|100/100
|turn|5
|
|t:|1760459935
|-terastallize|p1a: Crawdaunt|Water
|move|p2a: Persian|Fake Out|p1a: Crawdaunt
|-damage|p1a: Crawdaunt|59/100 brn
|cant|p1a: Crawdaunt|flinch
|
|-weather|RainDance|[upkeep]
|-damage|p1a: Crawdaunt|53/100 brn|[from] brn
|upkeep
|turn|6
|
|t:|1760459951
|move|p1a: Crawdaunt|Aqua Jet|p2a: Persian
|-damage|p2a: Persian|50/100
|move|p2a: Persian|U-turn|p1a: Crawdaunt
|-damage|p1a: Crawdaunt|34/100 brn
|
|t:|1760459956
|switch|p2a: Zangoose|Zangoose, M|100/100|[from] U-turn
|
|-weather|RainDance|[upkeep]
|-damage|p1a: Crawdaunt|28/100 brn|[from] brn
|-status|p2a: Zangoose|tox|[from] item: Toxic Orb
|upkeep
|turn|7
|
|t:|1760459966
|move|p2a: Zangoose|Quick Attack|p1a: Crawdaunt
|-damage|p1a: Crawdaunt|0 fnt
|faint|p1a: Crawdaunt
|
|-weather|RainDance|[upkeep]
|-damage|p2a: Zangoose|95/100 tox|[from] psn
|upkeep
|
|t:|1760459977
|switch|p1a: Ludicolo|Ludicolo, M, shiny|100/100
|turn|8
|
|t:|1760459983
|move|p2a: Zangoose|Quick Attack|p1a: Ludicolo
|-damage|p1a: Ludicolo|57/100
|move|p1a: Ludicolo|Focus Blast|p2a: Zangoose
|-supereffective|p2a: Zangoose
|-damage|p2a: Zangoose|0 fnt
|faint|p2a: Zangoose
|-damage|p1a: Ludicolo|47/100|[from] item: Life Orb
|
|-weather|none
|upkeep
|
|t:|1760459992
|switch|p2a: Gumshoos|Gumshoos, M|100/100
|turn|9
|
|t:|1760460000
|switch|p1a: Regirock|Regirock|100/100
|move|p2a: Gumshoos|Psychic Fangs|p1a: Regirock
|-damage|p1a: Regirock|78/100
|-damage|p2a: Gumshoos|90/100|[from] item: Life Orb
|
|upkeep
|turn|10
|
|t:|1760460008
|switch|p2a: Furret|Furret, M|100/100
|-item|p1a: Regirock|Black Belt|[from] ability: Frisk|[of] p2a: Furret
|move|p1a: Regirock|Thunder Wave|p2a: Furret
|-status|p2a: Furret|par
|
|upkeep
|turn|11
|
|t:|1760460018
|-terastallize|p2a: Furret|Ghost
|move|p2a: Furret|Trick|p1a: Regirock
|-activate|p2a: Furret|move: Trick|[of] p1a: Regirock
|-item|p1a: Regirock|Choice Scarf|[from] move: Trick
|-item|p2a: Furret|Black Belt|[from] move: Trick
|move|p1a: Regirock|Iron Defense|p1a: Regirock
|-boost|p1a: Regirock|def|2
|
|upkeep
|turn|12
|
|t:|1760460029
|switch|p1a: Grimmsnarl|Grimmsnarl, M, shiny|100/100
|move|p2a: Furret|Body Slam|p1a: Grimmsnarl
|-damage|p1a: Grimmsnarl|62/100
|
|upkeep
|turn|13
|
|t:|1760460036
|move|p1a: Grimmsnarl|Bulk Up|p1a: Grimmsnarl
|-boost|p1a: Grimmsnarl|atk|1
|-boost|p1a: Grimmsnarl|def|1
|move|p2a: Furret|Body Slam|p1a: Grimmsnarl
|-damage|p1a: Grimmsnarl|36/100
|
|upkeep
|turn|14
|
|t:|1760460043
|move|p1a: Grimmsnarl|Bulk Up|p1a: Grimmsnarl
|-boost|p1a: Grimmsnarl|atk|1
|-boost|p1a: Grimmsnarl|def|1
|move|p2a: Furret|Body Slam|p1a: Grimmsnarl
|-crit|p1a: Grimmsnarl
|-damage|p1a: Grimmsnarl|0 fnt
|faint|p1a: Grimmsnarl
|
|upkeep
|
|t:|1760460054
|switch|p1a: Zapdos|Zapdos, shiny|100/100
|turn|15
|
|t:|1760460059
|move|p1a: Zapdos|Rain Dance|p1a: Zapdos
|-weather|RainDance
|move|p2a: Furret|Trick|p1a: Zapdos
|-activate|p2a: Furret|move: Trick|[of] p1a: Zapdos
|-item|p1a: Zapdos|Black Belt|[from] move: Trick
|-item|p2a: Furret|Damp Rock|[from] move: Trick
|
|-weather|RainDance|[upkeep]
|upkeep
|turn|16
|
|t:|1760460071
|move|p1a: Zapdos|Hurricane|p2a: Furret
|-crit|p2a: Furret
|-damage|p2a: Furret|0 fnt
|faint|p2a: Furret
|
|-weather|RainDance|[upkeep]
|upkeep
|
|t:|1760460077
|switch|p2a: Greedent|Greedent, F|100/100
|turn|17
|
|t:|1760460080
|move|p1a: Zapdos|Hurricane|p2a: Greedent
|-damage|p2a: Greedent|51/100
|move|p2a: Greedent|Body Slam|p1a: Zapdos
|-damage|p1a: Zapdos|57/100
|
|-weather|RainDance|[upkeep]
|upkeep
|turn|18
|
|t:|1760460090
|move|p1a: Zapdos|Hurricane|p2a: Greedent
|-damage|p2a: Greedent|0 fnt
|faint|p2a: Greedent
|
|-weather|RainDance|[upkeep]
|upkeep
|
|t:|1760460095
|switch|p2a: Gumshoos|Gumshoos, M|90/100
|turn|19
|
|t:|1760460103
|move|p1a: Zapdos|Hurricane|p2a: Gumshoos
|-damage|p2a: Gumshoos|19/100
|move|p2a: Gumshoos|Ice Fang|p1a: Zapdos
|-supereffective|p1a: Zapdos
|-damage|p1a: Zapdos|0 fnt
|faint|p1a: Zapdos
|-damage|p2a: Gumshoos|9/100|[from] item: Life Orb
|
|-weather|RainDance|[upkeep]
|upkeep
|
|t:|1760460114
|switch|p1a: Ludicolo|Ludicolo, M, shiny|47/100
|turn|20
|
|t:|1760460120
|move|p1a: Ludicolo|Weather Ball|p2a: Gumshoos
|-damage|p2a: Gumshoos|0 fnt
|faint|p2a: Gumshoos
|-damage|p1a: Ludicolo|37/100|[from] item: Life Orb
|
|-weather|RainDance|[upkeep]
|upkeep
|
|t:|1760460124
|switch|p2a: Persian|Persian, F|50/100
|turn|21
|
|t:|1760460132
|switch|p1a: Regirock|Regirock|78/100
|move|p2a: Persian|Fake Out|p1a: Regirock
|-resisted|p1a: Regirock
|-damage|p1a: Regirock|73/100
|
|-weather|RainDance|[upkeep]
|upkeep
|turn|22
|
|t:|1760460142
|move|p2a: Persian|Thunder Wave|p1a: Regirock
|-status|p1a: Regirock|par
|move|p1a: Regirock|Body Press|p2a: Persian
|-supereffective|p2a: Persian
|-damage|p2a: Persian|0 fnt
|faint|p2a: Persian
|
|win|Denvertzzz
|raw|Denvertzzz's rating: 1183 &rarr; <strong>1206</strong><br />(+23 for winning)
|raw|alexismarelli's rating: 1153 &rarr; <strong>1130</strong><br />(-23 for losing)
|l|☆alexismarelli
|player|p2|
|l|☆Denvertzzz
|player|p1|
