|j|☆zimore
|j|☆Quackstorm
|t:|1760332139
|gametype|singles
|player|p1|zimore|iris-gen5bw2|1479
|player|p2|Quackstorm|burglar-gen2|1458
|gen|9
|tier|[Gen 9] OU
|rated|
|rule|HP Percentage Mod: HP is shown in percentages
|rule|Endless Battle Clause: Forcing endless battles is banned
|rule|Species Clause: Limit one of each Pokémon
|rule|OHKO Clause: OHKO moves are banned
|rule|Evasion Items Clause: Evasion items are banned
|rule|Evasion Moves Clause: Evasion moves are banned
|rule|Evasion Abilities Clause: Evasion abilities are banned
|rule|Sleep Moves Clause: Sleep-inducing moves are banned
|clearpoke
|poke|p1|Scream Tail|
|poke|p1|Primarina, F|
|poke|p1|Mandibuzz, F|
|poke|p1|Iron Treads|
|poke|p1|Ogerpon-Wellspring, F|
|poke|p1|Iron Hands|
|poke|p2|Pelipper, F|
|poke|p2|Hatterene, F|
|poke|p2|Iron Treads|
|poke|p2|Toxicroak, F|
|poke|p2|Barraskewda, F|
|poke|p2|Zapdos|
|teampreview
|inactive|Battle timer is ON: inactive players will automatically lose when time's up. (requested by zimore)
|inactive|Quackstorm has 120 seconds left.
|inactive|Quackstorm has 90 seconds left.
|
|t:|1760332296
|teamsize|p1|6
|teamsize|p2|6
|start
|switch|p1a: Joy|Scream Tail|100/100
|switch|p2a: Iron Treads|Iron Treads|100/100
|-enditem|p1a: Joy|Booster Energy
|-activate|p1a: Joy|ability: Protosynthesis|[fromitem]
|-start|p1a: Joy|protosynthesisspe
|turn|1
|
|t:|1760332310
|move|p1a: Joy|Calm Mind|p1a: Joy
|-boost|p1a: Joy|spa|1
|-boost|p1a: Joy|spd|1
|move|p2a: Iron Treads|Stealth Rock|p1a: Joy
|-sidestart|p1: zimore|move: Stealth Rock
|
|upkeep
|turn|2
|
|t:|1760332316
|move|p1a: Joy|Flamethrower|p2a: Iron Treads
|-supereffective|p2a: Iron Treads
|-damage|p2a: Iron Treads|54/100
|-status|p2a: Iron Treads|brn
|move|p2a: Iron Treads|Earthquake|p1a: Joy
|-damage|p1a: Joy|86/100
|
|-heal|p2a: Iron Treads|60/100 brn|[from] item: Leftovers
|-damage|p2a: Iron Treads|54/100 brn|[from] brn
|upkeep
|turn|3
|
|t:|1760332324
|-end|p2a: Iron Treads|Quark Drive|[silent]
|switch|p2a: Pelipper|Pelipper, F|100/100
|-weather|RainDance|[from] ability: Drizzle|[of] p2a: Pelipper
|move|p1a: Joy|Calm Mind|p1a: Joy
|-boost|p1a: Joy|spa|1
|-boost|p1a: Joy|spd|1
|
|-weather|RainDance|[upkeep]
|upkeep
|turn|4
|
|t:|1760332342
|switch|p2a: Hatterene|Hatterene, F|100/100
|move|p1a: Joy|Boomburst|p2a: Hatterene
|-damage|p2a: Hatterene|34/100
|-enditem|p2a: Hatterene|Eject Button
|
|t:|1760332344
|switch|p2a: Barraskewda|Barraskewda, F|100/100
|
|-weather|RainDance|[upkeep]
|upkeep
|turn|5
|
|t:|1760332350
|-terastallize|p2a: Barraskewda|Water
|move|p2a: Barraskewda|Liquidation|p1a: Joy
|-damage|p1a: Joy|0 fnt
|faint|p1a: Joy
|-end|p1a: Joy|Protosynthesis|[silent]
|
|-weather|RainDance|[upkeep]
|upkeep
|
|t:|1760332360
|switch|p1a: Ogerpon|Ogerpon-Wellspring, F|100/100
|-damage|p1a: Ogerpon|88/100|[from] Stealth Rock
|turn|6
|
|t:|1760332377
|switch|p2a: Toxicroak|Toxicroak, F|100/100
|move|p1a: Ogerpon|U-turn|p2a: Toxicroak
|-resisted|p2a: Toxicroak
|-damage|p2a: Toxicroak|95/100
|-damage|p1a: Ogerpon|72/100|[from] item: Rocky Helmet|[of] p2a: Toxicroak
|
|t:|1760332391
|switch|p1a: Mandibuzz|Mandibuzz, F|100/100|[from] U-turn
|
|-weather|RainDance|[upkeep]
|-heal|p2a: Toxicroak|100/100|[from] ability: Dry Skin
|upkeep
|turn|7
|inactive|Quackstorm has 120 seconds left.
|
|t:|1760332426
|switch|p2a: Iron Treads|Iron Treads|54/100 brn
|move|p1a: Mandibuzz|Defog|p2a: Iron Treads
|-unboost|p2a: Iron Treads|evasion|1
|-sideend|p1: zimore|Stealth Rock|[from] move: Defog|[of] p1a: Mandibuzz
|
|-weather|RainDance|[upkeep]
|-heal|p2a: Iron Treads|60/100 brn|[from] item: Leftovers
|-damage|p2a: Iron Treads|54/100 brn|[from] brn
|upkeep
|turn|8
|
|t:|1760332436
|move|p2a: Iron Treads|Stealth Rock|p1a: Mandibuzz
|-sidestart|p1: zimore|move: Stealth Rock
|move|p1a: Mandibuzz|Foul Play|p2a: Iron Treads
|-damage|p2a: Iron Treads|28/100 brn
|
|-weather|RainDance|[upkeep]
|-heal|p2a: Iron Treads|34/100 brn|[from] item: Leftovers
|-damage|p2a: Iron Treads|28/100 brn|[from] brn
|upkeep
|turn|9
|
|t:|1760332445
|move|p2a: Iron Treads|Earthquake|p1a: Mandibuzz
|-immune|p1a: Mandibuzz
|move|p1a: Mandibuzz|Defog|p2a: Iron Treads
|-unboost|p2a: Iron Treads|evasion|1
|-sideend|p1: zimore|Stealth Rock|[from] move: Defog|[of] p1a: Mandibuzz
|
|-weather|RainDance|[upkeep]
|-heal|p2a: Iron Treads|34/100 brn|[from] item: Leftovers
|-damage|p2a: Iron Treads|28/100 brn|[from] brn
|upkeep
|turn|10
|
|t:|1760332450
|move|p2a: Iron Treads|Stealth Rock|p1a: Mandibuzz
|-sidestart|p1: zimore|move: Stealth Rock
|move|p1a: Mandibuzz|Foul Play|p2a: Iron Treads
|-damage|p2a: Iron Treads|3/100 brn
|
|-weather|none
|-heal|p2a: Iron Treads|9/100 brn|[from] item: Leftovers
|-damage|p2a: Iron Treads|3/100 brn|[from] brn
|upkeep
|turn|11
|
|t:|1760332460
|move|p2a: Iron Treads|Stealth Rock||[still]
|-fail|p2a: Iron Treads
|move|p1a: Mandibuzz|Defog|p2a: Iron Treads
|-unboost|p2a: Iron Treads|evasion|1
|-sideend|p1: zimore|Stealth Rock|[from] move: Defog|[of] p1a: Mandibuzz
|
|-heal|p2a: Iron Treads|9/100 brn|[from] item: Leftovers
|-damage|p2a: Iron Treads|3/100 brn|[from] brn
|upkeep
|turn|12
|
|t:|1760332475
|switch|p1a: Ogerpon|Ogerpon-Wellspring, F|72/100
|move|p2a: Iron Treads|Stealth Rock|p1a: Ogerpon
|-sidestart|p1: zimore|move: Stealth Rock
|
|-heal|p2a: Iron Treads|9/100 brn|[from] item: Leftovers
|-damage|p2a: Iron Treads|3/100 brn|[from] brn
|upkeep
|turn|13
|
|t:|1760332486
|-end|p2a: Iron Treads|Quark Drive|[silent]
|switch|p2a: Toxicroak|Toxicroak, F|100/100
|move|p1a: Ogerpon|U-turn|p2a: Toxicroak
|-resisted|p2a: Toxicroak
|-damage|p2a: Toxicroak|95/100
|-damage|p1a: Ogerpon|55/100|[from] item: Rocky Helmet|[of] p2a: Toxicroak
|
|t:|1760332497
|switch|p1a: Iron Treads|Iron Treads|100/100|[from] U-turn
|-damage|p1a: Iron Treads|97/100|[from] Stealth Rock
|
|upkeep
|turn|14
|inactive|zimore has 120 seconds left.
|
|t:|1760332518
|switch|p2a: Hatterene|Hatterene, F|34/100
|-terastallize|p1a: Iron Treads|Ground
|move|p1a: Iron Treads|Rapid Spin|p2a: Hatterene
|-damage|p2a: Hatterene|19/100
|-boost|p1a: Iron Treads|spe|1
|-sideend|p1: zimore|Stealth Rock|[from] move: Rapid Spin|[of] p1a: Iron Treads
|
|upkeep
|turn|15
|
|t:|1760332538
|move|p1a: Iron Treads|Knock Off|p2a: Hatterene
|-damage|p2a: Hatterene|0 fnt
|faint|p2a: Hatterene
|
|upkeep
|
|t:|1760332542
|switch|p2a: Pelipper|Pelipper, F|100/100
|-weather|RainDance|[from] ability: Drizzle|[of] p2a: Pelipper
|turn|16
|
|t:|1760332558
|-end|p1a: Iron Treads|Quark Drive|[silent]
|switch|p1a: Poppy|Primarina, F|100/100
|move|p2a: Pelipper|U-turn|p1a: Poppy
|-resisted|p1a: Poppy
|-damage|p1a: Poppy|95/100
|
|t:|1760332563
|switch|p2a: Zapdos|Zapdos|100/100|[from] U-turn
|
|-weather|RainDance|[upkeep]
|-heal|p1a: Poppy|100/100|[from] item: Leftovers
|upkeep
|turn|17
|
|t:|1760332571
|switch|p1a: Iron Treads|Iron Treads, tera:Ground|97/100
|move|p2a: Zapdos|Hurricane|p1a: Iron Treads
|-damage|p1a: Iron Treads|20/100
|
|-weather|RainDance|[upkeep]
|upkeep
|turn|18
|
|t:|1760332591
|switch|p2a: Iron Treads|Iron Treads|3/100 brn
|move|p1a: Iron Treads|Ice Spinner|p2a: Iron Treads
|-damage|p2a: Iron Treads|0 fnt
|faint|p2a: Iron Treads
|-end|p2a: Iron Treads|Quark Drive|[silent]
|
|-weather|RainDance|[upkeep]
|upkeep
|inactive|Quackstorm has 120 seconds left.
|
|t:|1760332622
|switch|p2a: Barraskewda|Barraskewda, F, tera:Water|100/100
|turn|19
|
|t:|1760332632
|-end|p1a: Iron Treads|Quark Drive|[silent]
|switch|p1a: Ogerpon|Ogerpon-Wellspring, F|55/100
|move|p2a: Barraskewda|Close Combat|p1a: Ogerpon
|-damage|p1a: Ogerpon|0 fnt
|-unboost|p2a: Barraskewda|def|1
|-unboost|p2a: Barraskewda|spd|1
|faint|p1a: Ogerpon
|
|-weather|RainDance|[upkeep]
|upkeep
|
|t:|1760332638
|switch|p1a: Poppy|Primarina, F|100/100
|turn|20
|
|t:|1760332649
|switch|p2a: Toxicroak|Toxicroak, F|95/100
|move|p1a: Poppy|Moonblast|p2a: Toxicroak
|-damage|p2a: Toxicroak|20/100
|
|-weather|RainDance|[upkeep]
|-heal|p2a: Toxicroak|33/100|[from] ability: Dry Skin
|upkeep
|turn|21
|
|t:|1760332656
|switch|p1a: Iron Treads|Iron Treads, tera:Ground|20/100
|move|p2a: Toxicroak|Toxic|p1a: Iron Treads
|-status|p1a: Iron Treads|tox
|
|-weather|RainDance|[upkeep]
|-heal|p2a: Toxicroak|45/100|[from] ability: Dry Skin
|-damage|p1a: Iron Treads|13/100 tox|[from] psn
|upkeep
|turn|22
|
|t:|1760332673
|move|p1a: Iron Treads|Knock Off|p2a: Toxicroak
|-resisted|p2a: Toxicroak
|-damage|p2a: Toxicroak|32/100
|-damage|p1a: Iron Treads|0 fnt|[from] item: Rocky Helmet|[of] p2a: Toxicroak
|faint|p1a: Iron Treads
|-end|p1a: Iron Treads|Quark Drive|[silent]
|move|p2a: Toxicroak|Knock Off|p1: Iron Treads|[notarget]
|-fail|p2a: Toxicroak
|
|-weather|RainDance|[upkeep]
|-heal|p2a: Toxicroak|45/100|[from] ability: Dry Skin
|upkeep
|
|t:|1760332684
|switch|p1a: Iron Hands|Iron Hands|100/100
|-enditem|p1a: Iron Hands|Booster Energy
|-activate|p1a: Iron Hands|ability: Quark Drive|[fromitem]
|-start|p1a: Iron Hands|quarkdriveatk
|turn|23
|inactive|zimore has 120 seconds left.
|
|t:|1760332718
|move|p2a: Toxicroak|Toxic|p1a: Iron Hands
|-status|p1a: Iron Hands|tox
|move|p1a: Iron Hands|Supercell Slam|p2a: Toxicroak
|-damage|p2a: Toxicroak|0 fnt
|-damage|p1a: Iron Hands|84/100 tox|[from] item: Rocky Helmet|[of] p2a: Toxicroak
|faint|p2a: Toxicroak
|
|-weather|none
|-damage|p1a: Iron Hands|78/100 tox|[from] psn
|upkeep
|
|t:|1760332728
|switch|p2a: Pelipper|Pelipper, F|100/100
|-weather|RainDance|[from] ability: Drizzle|[of] p2a: Pelipper
|turn|24
|inactive|zimore has 120 seconds left.
|
|t:|1760332747
|move|p1a: Iron Hands|Supercell Slam|p2a: Pelipper
|-supereffective|p2a: Pelipper
|-damage|p2a: Pelipper|0 fnt
|faint|p2a: Pelipper
|
|-weather|RainDance|[upkeep]
|-damage|p1a: Iron Hands|66/100 tox|[from] psn
|upkeep
|
|t:|1760332754
|switch|p2a: Barraskewda|Barraskewda, F, tera:Water|100/100
|turn|25
|inactive|zimore has 120 seconds left.
|
|t:|1760332765
|move|p2a: Barraskewda|Flip Turn|p1a: Iron Hands
|-crit|p1a: Iron Hands
|-damage|p1a: Iron Hands|0 fnt
|faint|p1a: Iron Hands
|-end|p1a: Iron Hands|Quark Drive|[silent]
|
|t:|1760332769
|switch|p2a: Zapdos|Zapdos|100/100|[from] Flip Turn
|
|-weather|RainDance|[upkeep]
|upkeep
|inactive|zimore has 120 seconds left.
|
|t:|1760332774
|switch|p1a: Mandibuzz|Mandibuzz, F|100/100
|turn|26
|
|t:|1760332779
|move|p2a: Zapdos|Thunder|p1a: Mandibuzz
|-supereffective|p1a: Mandibuzz
|-damage|p1a: Mandibuzz|0 fnt
|faint|p1a: Mandibuzz
|
|-weather|RainDance|[upkeep]
|upkeep
|c|☆zimore|gg
|
|t:|1760332787
|switch|p1a: Poppy|Primarina, F|100/100
|turn|27
|c|☆Quackstorm|gg
|
|t:|1760332792
|move|p2a: Zapdos|Thunder|p1a: Poppy
|-supereffective|p1a: Poppy
|-damage|p1a: Poppy|0 fnt
|faint|p1a: Poppy
|
|win|Quackstorm
|raw|zimore's rating: 1479 &rarr; <strong>1458</strong><br />(-21 for losing)
|raw|Quackstorm's rating: 1458 &rarr; <strong>1479</strong><br />(+21 for winning)
|l|☆Quackstorm
|player|p2|
|l|☆zimore
|player|p1|
