|j|☆Alphacosplay1
|j|☆pocketfulofrosies
|t:|1760332168
|gametype|singles
|player|p1|Alphacosplay1|hilbert|1097
|player|p2|pocketfulofrosies|caitlin|1104
|gen|9
|tier|[Gen 9] OU
|rated|
|rule|HP Percentage Mod: HP is shown in percentages
|rule|Endless Battle Clause: Forcing endless battles is banned
|rule|Species Clause: Limit one of each Pokémon
|rule|OHKO Clause: OHKO moves are banned
|rule|Evasion Items Clause: Evasion items are banned
|rule|Evasion Moves Clause: Evasion moves are banned
|rule|Evasion Abilities Clause: Evasion abilities are banned
|rule|Sleep Moves Clause: Sleep-inducing moves are banned
|clearpoke
|poke|p1|Blaziken, M|
|poke|p1|Kingambit, M|
|poke|p1|Walking Wake|
|poke|p1|Zapdos|
|poke|p1|Iron Leaves|
|poke|p1|Golurk|
|poke|p2|Ting-Lu|
|poke|p2|Zamazenta-*|
|poke|p2|Ogerpon-Wellspring, F|
|poke|p2|Zapdos|
|poke|p2|Dragonite, F|
|poke|p2|Iron Crown|
|teampreview
|
|t:|1760332178
|teamsize|p1|6
|teamsize|p2|6
|start
|switch|p1a: Blaziken|Blaziken, M, shiny|100/100
|switch|p2a: Zamazenta|Zamazenta|100/100
|-ability|p2a: Zamazenta|Dauntless Shield|boost
|-boost|p2a: Zamazenta|def|1
|turn|1
|
|t:|1760332189
|switch|p2a: Ting-Lu|Ting-Lu, shiny|100/100
|-ability|p2a: Ting-Lu|Vessel of Ruin
|move|p1a: Blaziken|Swords Dance|p1a: Blaziken
|-boost|p1a: Blaziken|atk|2
|
|-ability|p1a: Blaziken|Speed Boost|boost
|-boost|p1a: Blaziken|spe|1
|upkeep
|turn|2
|
|t:|1760332200
|move|p1a: Blaziken|Close Combat|p2a: Ting-Lu
|-supereffective|p2a: Ting-Lu
|-damage|p2a: Ting-Lu|0 fnt
|-unboost|p1a: Blaziken|def|1
|-unboost|p1a: Blaziken|spd|1
|faint|p2a: Ting-Lu
|
|-ability|p1a: Blaziken|Speed Boost|boost
|-boost|p1a: Blaziken|spe|1
|upkeep
|
|t:|1760332212
|switch|p2a: Iron Crown|Iron Crown|100/100
|turn|3
|
|t:|1760332218
|move|p1a: Blaziken|Close Combat|p2a: Iron Crown
|-damage|p2a: Iron Crown|0 fnt
|-unboost|p1a: Blaziken|def|1
|-unboost|p1a: Blaziken|spd|1
|faint|p2a: Iron Crown
|-end|p2a: Iron Crown|Quark Drive|[silent]
|
|-ability|p1a: Blaziken|Speed Boost|boost
|-boost|p1a: Blaziken|spe|1
|upkeep
|
|t:|1760332234
|switch|p2a: Dragonite|Dragonite, F|100/100
|turn|4
|
|t:|1760332245
|move|p1a: Blaziken|Blaze Kick|p2a: Dragonite
|-resisted|p2a: Dragonite
|-damage|p2a: Dragonite|78/100
|move|p2a: Dragonite|Earthquake|p1a: Blaziken
|-supereffective|p1a: Blaziken
|-damage|p1a: Blaziken|0 fnt
|faint|p1a: Blaziken
|
|upkeep
|
|t:|1760332261
|switch|p1a: Walking Wake|Walking Wake|100/100
|-enditem|p1a: Walking Wake|Booster Energy
|-activate|p1a: Walking Wake|ability: Protosynthesis|[fromitem]
|-start|p1a: Walking Wake|protosynthesisspa
|turn|5
|
|t:|1760332274
|move|p1a: Walking Wake|Dragon Breath|p2a: Dragonite
|-supereffective|p2a: Dragonite
|-damage|p2a: Dragonite|2/100
|move|p2a: Dragonite|Roost|p2a: Dragonite
|-heal|p2a: Dragonite|52/100
|-singleturn|p2a: Dragonite|move: Roost
|
|upkeep
|turn|6
|
|t:|1760332288
|-terastallize|p2a: Dragonite|Normal
|move|p1a: Walking Wake|Dragon Breath|p2a: Dragonite
|-damage|p2a: Dragonite|10/100
|move|p2a: Dragonite|Roost|p2a: Dragonite
|-heal|p2a: Dragonite|60/100
|
|upkeep
|turn|7
|
|t:|1760332307
|move|p1a: Walking Wake|Scald|p2a: Dragonite
|-damage|p2a: Dragonite|9/100
|move|p2a: Dragonite|Roost|p2a: Dragonite
|-heal|p2a: Dragonite|59/100
|
|upkeep
|turn|8
|
|t:|1760332316
|move|p2a: Dragonite|Extreme Speed|p1a: Walking Wake
|-damage|p1a: Walking Wake|46/100
|move|p1a: Walking Wake|Scald|p2a: Dragonite
|-damage|p2a: Dragonite|8/100
|
|upkeep
|turn|9
|
|t:|1760332333
|move|p2a: Dragonite|Extreme Speed|p1a: Walking Wake
|-damage|p1a: Walking Wake|0 fnt
|faint|p1a: Walking Wake
|-end|p1a: Walking Wake|Protosynthesis|[silent]
|
|upkeep
|
|t:|1760332339
|switch|p1a: Zapdos|Zapdos|100/100
|turn|10
|
|t:|1760332360
|switch|p2a: Ogerpon|Ogerpon-Wellspring, F|100/100
|move|p1a: Zapdos|Discharge|p2a: Ogerpon
|-damage|p2a: Ogerpon|54/100
|-status|p2a: Ogerpon|par
|
|upkeep
|turn|11
|
|t:|1760332370
|move|p1a: Zapdos|Discharge|p2a: Ogerpon
|-damage|p2a: Ogerpon|7/100 par
|cant|p2a: Ogerpon|par
|
|upkeep
|turn|12
|
|t:|1760332381
|move|p1a: Zapdos|Discharge|p2a: Ogerpon
|-damage|p2a: Ogerpon|0 fnt
|faint|p2a: Ogerpon
|
|upkeep
|
|t:|1760332388
|switch|p2a: Zapdos|Zapdos|100/100
|turn|13
|
|t:|1760332406
|move|p1a: Zapdos|Volt Switch|p2a: Zapdos
|-damage|p2a: Zapdos|59/100
|
|t:|1760332411
|switch|p1a: Golurk|Golurk, shiny|100/100|[from] Volt Switch
|move|p2a: Zapdos|Heat Wave|p1a: Golurk
|-damage|p1a: Golurk|65/100
|
|-heal|p1a: Golurk|71/100|[from] item: Leftovers
|upkeep
|turn|14
|
|t:|1760332428
|move|p2a: Zapdos|Heat Wave|p1a: Golurk
|-damage|p1a: Golurk|39/100
|move|p1a: Golurk|Stone Edge|p2a: Zapdos
|-supereffective|p2a: Zapdos
|-crit|p2a: Zapdos
|-damage|p2a: Zapdos|0 fnt
|faint|p2a: Zapdos
|
|-heal|p1a: Golurk|45/100|[from] item: Leftovers
|upkeep
|
|t:|1760332439
|switch|p2a: Dragonite|Dragonite, F, tera:Normal|8/100
|turn|15
|
|t:|1760332452
|move|p2a: Dragonite|Roost|p2a: Dragonite
|-heal|p2a: Dragonite|58/100
|move|p1a: Golurk|Zen Headbutt|p2a: Dragonite
|-damage|p2a: Dragonite|29/100
|
|-heal|p1a: Golurk|51/100|[from] item: Leftovers
|upkeep
|turn|16
|
|t:|1760332461
|move|p2a: Dragonite|Roost|p2a: Dragonite
|-heal|p2a: Dragonite|79/100
|move|p1a: Golurk|Dynamic Punch|p2a: Dragonite
|-supereffective|p2a: Dragonite
|-damage|p2a: Dragonite|0 fnt
|faint|p2a: Dragonite
|
|-heal|p1a: Golurk|57/100|[from] item: Leftovers
|upkeep
|j| Legendary CryBaby
|
|t:|1760332470
|switch|p2a: Zamazenta|Zamazenta|100/100
|turn|17
|
|t:|1760332480
|move|p2a: Zamazenta|Iron Defense|p2a: Zamazenta
|-boost|p2a: Zamazenta|def|2
|move|p1a: Golurk|Zen Headbutt|p2a: Zamazenta
|-supereffective|p2a: Zamazenta
|-damage|p2a: Zamazenta|80/100
|
|-heal|p2a: Zamazenta|86/100|[from] item: Leftovers
|-heal|p1a: Golurk|63/100|[from] item: Leftovers
|upkeep
|turn|18
|
|t:|1760332493
|move|p2a: Zamazenta|Iron Defense|p2a: Zamazenta
|-boost|p2a: Zamazenta|def|2
|move|p1a: Golurk|Dynamic Punch|p2a: Zamazenta
|-damage|p2a: Zamazenta|76/100
|-start|p2a: Zamazenta|confusion
|
|-heal|p2a: Zamazenta|82/100|[from] item: Leftovers
|-heal|p1a: Golurk|69/100|[from] item: Leftovers
|upkeep
|turn|19
|
|t:|1760332512
|-activate|p2a: Zamazenta|confusion
|-damage|p2a: Zamazenta|80/100|[from] confusion
|move|p1a: Golurk|Zen Headbutt|p2a: Zamazenta
|-supereffective|p2a: Zamazenta
|-damage|p2a: Zamazenta|65/100
|
|-heal|p2a: Zamazenta|71/100|[from] item: Leftovers
|-heal|p1a: Golurk|75/100|[from] item: Leftovers
|upkeep
|turn|20
|
|t:|1760332521
|-activate|p2a: Zamazenta|confusion
|-damage|p2a: Zamazenta|69/100|[from] confusion
|move|p1a: Golurk|Zen Headbutt|p2a: Zamazenta
|-supereffective|p2a: Zamazenta
|-damage|p2a: Zamazenta|53/100
|
|-heal|p2a: Zamazenta|59/100|[from] item: Leftovers
|-heal|p1a: Golurk|81/100|[from] item: Leftovers
|upkeep
|turn|21
|
|t:|1760332531
|-activate|p2a: Zamazenta|confusion
|move|p2a: Zamazenta|Iron Defense|p2a: Zamazenta
|-boost|p2a: Zamazenta|def|2
|move|p1a: Golurk|Zen Headbutt|p2a: Zamazenta
|-supereffective|p2a: Zamazenta
|-damage|p2a: Zamazenta|49/100
|
|-heal|p2a: Zamazenta|55/100|[from] item: Leftovers
|-heal|p1a: Golurk|87/100|[from] item: Leftovers
|upkeep
|turn|22
|
|t:|1760332541
|-activate|p2a: Zamazenta|confusion
|-damage|p2a: Zamazenta|53/100|[from] confusion
|move|p1a: Golurk|Zen Headbutt|p2a: Zamazenta
|-supereffective|p2a: Zamazenta
|-damage|p2a: Zamazenta|41/100
|
|-heal|p2a: Zamazenta|47/100|[from] item: Leftovers
|-heal|p1a: Golurk|93/100|[from] item: Leftovers
|upkeep
|turn|23
|c| Legendary CryBaby|He's your last line of defense?
|
|t:|1760332550
|-end|p2a: Zamazenta|confusion
|move|p2a: Zamazenta|Crunch|p1a: Golurk
|-supereffective|p1a: Golurk
|-damage|p1a: Golurk|46/100
|move|p1a: Golurk|Zen Headbutt|p2a: Zamazenta
|-supereffective|p2a: Zamazenta
|-damage|p2a: Zamazenta|36/100
|
|-heal|p2a: Zamazenta|43/100|[from] item: Leftovers
|-heal|p1a: Golurk|52/100|[from] item: Leftovers
|upkeep
|turn|24
|c|☆pocketfulofrosies|:'c
|
|t:|1760332563
|move|p2a: Zamazenta|Crunch|p1a: Golurk
|-supereffective|p1a: Golurk
|-damage|p1a: Golurk|9/100
|move|p1a: Golurk|Dynamic Punch|p2a: Zamazenta
|-damage|p2a: Zamazenta|36/100
|-start|p2a: Zamazenta|confusion
|
|-heal|p2a: Zamazenta|42/100|[from] item: Leftovers
|-heal|p1a: Golurk|15/100|[from] item: Leftovers
|upkeep
|turn|25
|
|t:|1760332574
|-activate|p2a: Zamazenta|confusion
|move|p2a: Zamazenta|Crunch|p1a: Golurk
|-supereffective|p1a: Golurk
|-damage|p1a: Golurk|0 fnt
|faint|p1a: Golurk
|
|-heal|p2a: Zamazenta|48/100|[from] item: Leftovers
|upkeep
|
|t:|1760332585
|switch|p1a: Zapdos|Zapdos|100/100
|turn|26
|c| Legendary CryBaby|You could do better.
|
|t:|1760332597
|-activate|p2a: Zamazenta|confusion
|move|p2a: Zamazenta|Body Press|p1a: Zapdos
|-resisted|p1a: Zapdos
|-damage|p1a: Zapdos|13/100
|-status|p2a: Zamazenta|par|[from] ability: Static|[of] p1a: Zapdos
|move|p1a: Zapdos|Discharge|p2a: Zamazenta
|-damage|p2a: Zamazenta|19/100 par
|
|-heal|p1a: Zapdos|19/100|[from] item: Leftovers
|-heal|p2a: Zamazenta|25/100 par|[from] item: Leftovers
|upkeep
|turn|27
|
|t:|1760332610
|move|p1a: Zapdos|Discharge|p2a: Zamazenta
|-damage|p2a: Zamazenta|0 fnt
|faint|p2a: Zamazenta
|
|win|Alphacosplay1
|raw|Alphacosplay1's rating: 1097 &rarr; <strong>1123</strong><br />(+26 for winning)
|raw|pocketfulofrosies's rating: 1104 &rarr; <strong>1078</strong><br />(-26 for losing)
|l|☆pocketfulofrosies
|player|p2|
