|j|☆Dix6
|j|☆deadlifts23
|t:|1760351657
|gametype|singles
|player|p1|Dix6|265|1377
|player|p2|deadlifts23|266|1417
|gen|9
|tier|[Gen 9] OU
|rated|
|rule|HP Percentage Mod: HP is shown in percentages
|rule|Endless Battle Clause: Forcing endless battles is banned
|rule|Species Clause: Limit one of each Pokémon
|rule|OHKO Clause: OHKO moves are banned
|rule|Evasion Items Clause: Evasion items are banned
|rule|Evasion Moves Clause: Evasion moves are banned
|rule|Evasion Abilities Clause: Evasion abilities are banned
|rule|Sleep Moves Clause: Sleep-inducing moves are banned
|clearpoke
|poke|p1|Diancie|
|poke|p1|Incineroar, M|
|poke|p1|Arcanine-Hisui, F|
|poke|p1|Enamorus, F|
|poke|p1|Rillaboom, M|
|poke|p1|Slowking-Galar, F|
|poke|p2|Landorus-Therian, M|
|poke|p2|Zapdos|
|poke|p2|Volcanion|
|poke|p2|Tyranitar, F|
|poke|p2|Darkrai|
|poke|p2|Cinderace, F|
|teampreview
|inactive|Battle timer is ON: inactive players will automatically lose when time's up. (requested by deadlifts23)
|
|t:|1760351673
|teamsize|p1|6
|teamsize|p2|6
|start
|switch|p1a: Arcanine|Arcanine-Hisui, F|100/100
|switch|p2a: Volcanion|Volcanion|100/100
|-ability|p1a: Arcanine|Intimidate|boost
|-unboost|p2a: Volcanion|atk|1
|turn|1
|
|t:|1760351681
|move|p1a: Arcanine|Stealth Rock|p2a: Volcanion
|-sidestart|p2: deadlifts23|move: Stealth Rock
|move|p2a: Volcanion|Steam Eruption|p1a: Arcanine
|-supereffective|p1a: Arcanine
|-damage|p1a: Arcanine|0 fnt
|faint|p1a: Arcanine
|
|upkeep
|
|t:|1760351694
|switch|p1a: Slowking|Slowking-Galar, F|100/100
|turn|2
|
|t:|1760351698
|move|p2a: Volcanion|Earth Power|p1a: Slowking
|-supereffective|p1a: Slowking
|-damage|p1a: Slowking|73/100
|move|p1a: Slowking|Psychic|p2a: Volcanion
|-damage|p2a: Volcanion|78/100
|
|upkeep
|turn|3
|
|t:|1760351705
|switch|p1a: Enamorus|Enamorus, F|100/100
|move|p2a: Volcanion|Earth Power|p1a: Enamorus
|-immune|p1a: Enamorus
|
|upkeep
|turn|4
|
|t:|1760351715
|move|p1a: Enamorus|Earth Power|p2a: Volcanion
|-supereffective|p2a: Volcanion
|-damage|p2a: Volcanion|34/100
|move|p2a: Volcanion|Sludge Wave|p1a: Enamorus
|-supereffective|p1a: Enamorus
|-damage|p1a: Enamorus|6/100
|
|upkeep
|turn|5
|
|t:|1760351725
|move|p1a: Enamorus|Earth Power|p2a: Volcanion
|-supereffective|p2a: Volcanion
|-damage|p2a: Volcanion|0 fnt
|faint|p2a: Volcanion
|
|upkeep
|
|t:|1760351731
|switch|p2a: Cinderace|Cinderace, F|100/100
|-damage|p2a: Cinderace|76/100|[from] Stealth Rock
|turn|6
|
|t:|1760351735
|switch|p1a: Incineroar|Incineroar, M|100/100
|-ability|p1a: Incineroar|Intimidate|boost
|-unboost|p2a: Cinderace|atk|1
|move|p2a: Cinderace|Court Change|p2a: Cinderace
|-start|p2a: Cinderace|typechange|Normal|[from] ability: Libero
|-swapsideconditions
|-activate|p2a: Cinderace|move: Court Change
|
|-heal|p2a: Cinderace|82/100|[from] item: Leftovers
|upkeep
|turn|7
|
|t:|1760351745
|move|p1a: Incineroar|Fake Out|p2a: Cinderace
|-damage|p2a: Cinderace|67/100
|cant|p2a: Cinderace|flinch
|
|-heal|p2a: Cinderace|73/100|[from] item: Leftovers
|upkeep
|turn|8
|
|t:|1760351753
|move|p2a: Cinderace|U-turn|p1a: Incineroar
|-damage|p1a: Incineroar|88/100
|-damage|p2a: Cinderace|56/100|[from] item: Rocky Helmet|[of] p1a: Incineroar
|
|t:|1760351757
|switch|p2a: Landorus|Landorus-Therian, M|100/100|[from] U-turn
|-ability|p2a: Landorus|Intimidate|boost
|-unboost|p1a: Incineroar|atk|1
|move|p1a: Incineroar|Knock Off|p2a: Landorus
|-damage|p2a: Landorus|81/100
|-damage|p1a: Incineroar|71/100|[from] item: Rocky Helmet|[of] p2a: Landorus
|-enditem|p2a: Landorus|Rocky Helmet|[from] move: Knock Off|[of] p1a: Incineroar
|
|upkeep
|turn|9
|
|t:|1760351768
|move|p2a: Landorus|U-turn|p1a: Incineroar
|-damage|p1a: Incineroar|54/100
|-damage|p2a: Landorus|64/100|[from] item: Rocky Helmet|[of] p1a: Incineroar
|
|t:|1760351771
|switch|p2a: Zapdos|Zapdos|100/100|[from] U-turn
|move|p1a: Incineroar|Parting Shot|p2a: Zapdos
|-unboost|p2a: Zapdos|atk|1
|-unboost|p2a: Zapdos|spa|1
|
|t:|1760351778
|switch|p1a: Diancie|Diancie|100/100|[from] Parting Shot
|-damage|p1a: Diancie|88/100|[from] Stealth Rock
|
|upkeep
|turn|10
|
|t:|1760351784
|switch|p2a: Landorus|Landorus-Therian, M|64/100
|-ability|p2a: Landorus|Intimidate|boost
|-fail|p1a: Diancie|unboost|[from] ability: Clear Body|[of] p1a: Diancie
|move|p1a: Diancie|Rock Polish|p1a: Diancie
|-boost|p1a: Diancie|spe|2
|
|upkeep
|turn|11
|
|t:|1760351793
|move|p1a: Diancie|Diamond Storm|p2a: Landorus
|-damage|p2a: Landorus|39/100
|-boost|p1a: Diancie|def|2
|move|p2a: Landorus|Earthquake|p1a: Diancie
|-supereffective|p1a: Diancie
|-damage|p1a: Diancie|58/100
|
|upkeep
|turn|12
|
|t:|1760351801
|move|p1a: Diancie|Body Press|p2a: Landorus
|-resisted|p2a: Landorus
|-damage|p2a: Landorus|15/100
|move|p2a: Landorus|Earthquake|p1a: Diancie
|-supereffective|p1a: Diancie
|-damage|p1a: Diancie|29/100
|
|upkeep
|turn|13
|
|t:|1760351810
|move|p1a: Diancie|Diamond Storm|p2a: Landorus|[miss]
|-miss|p1a: Diancie|p2a: Landorus
|move|p2a: Landorus|Earthquake|p1a: Diancie
|-supereffective|p1a: Diancie
|-damage|p1a: Diancie|0 fnt
|faint|p1a: Diancie
|
|upkeep
|
|t:|1760351818
|switch|p1a: Incineroar|Incineroar, M|54/100
|-damage|p1a: Incineroar|29/100|[from] Stealth Rock
|-ability|p1a: Incineroar|Intimidate|boost
|-unboost|p2a: Landorus|atk|1
|turn|14
|
|t:|1760351824
|move|p2a: Landorus|Earthquake|p1a: Incineroar
|-supereffective|p1a: Incineroar
|-damage|p1a: Incineroar|0 fnt
|faint|p1a: Incineroar
|
|upkeep
|
|t:|1760351830
|switch|p1a: Rillaboom|Rillaboom, M|100/100
|-damage|p1a: Rillaboom|88/100|[from] Stealth Rock
|-fieldstart|move: Grassy Terrain|[from] ability: Grassy Surge|[of] p1a: Rillaboom
|turn|15
|
|t:|1760351836
|move|p1a: Rillaboom|Grassy Glide|p2a: Landorus
|-damage|p2a: Landorus|0 fnt
|faint|p2a: Landorus
|
|-heal|p1a: Rillaboom|94/100|[from] Grassy Terrain
|upkeep
|
|t:|1760351839
|switch|p2a: Cinderace|Cinderace, F|56/100
|turn|16
|
|t:|1760351845
|-terastallize|p2a: Cinderace|Fire
|move|p1a: Rillaboom|Grassy Glide|p2a: Cinderace
|-resisted|p2a: Cinderace
|-damage|p2a: Cinderace|16/100
|move|p2a: Cinderace|Pyro Ball|p1a: Rillaboom
|-supereffective|p1a: Rillaboom
|-damage|p1a: Rillaboom|0 fnt
|faint|p1a: Rillaboom
|
|-heal|p2a: Cinderace|22/100|[from] Grassy Terrain
|-heal|p2a: Cinderace|28/100|[from] item: Leftovers
|upkeep
|-message|Dix6 forfeited.
|
|win|deadlifts23
|raw|Dix6's rating: 1377 &rarr; <strong>1359</strong><br />(-18 for losing)
|raw|deadlifts23's rating: 1417 &rarr; <strong>1435</strong><br />(+18 for winning)
|l|☆Dix6
|player|p1|
|l|☆deadlifts23
|player|p2|
