|j|☆JJTEPIGBOSS
|j|☆miamiaquatic
|t:|1760410507
|gametype|singles
|player|p1|JJTEPIGBOSS|266|1095
|player|p2|miamiaquatic|1|1048
|gen|9
|tier|[Gen 9] OU
|rated|
|rule|HP Percentage Mod: HP is shown in percentages
|rule|Endless Battle Clause: Forcing endless battles is banned
|rule|Species Clause: Limit one of each Pokémon
|rule|OHKO Clause: OHKO moves are banned
|rule|Evasion Items Clause: Evasion items are banned
|rule|Evasion Moves Clause: Evasion moves are banned
|rule|Evasion Abilities Clause: Evasion abilities are banned
|rule|Sleep Moves Clause: Sleep-inducing moves are banned
|clearpoke
|poke|p1|Serperior, M|
|poke|p1|Granbull, M|
|poke|p1|Lokix, M|
|poke|p1|Ting-Lu|
|poke|p1|Tentacruel, M|
|poke|p1|Electrode|
|poke|p2|Scizor, M|
|poke|p2|Blastoise, M|
|poke|p2|Raichu, M|
|poke|p2|Clefable, F|
|poke|p2|Ceruledge, M|
|poke|p2|Dragonite, F|
|teampreview
|
|t:|1760410532
|teamsize|p1|6
|teamsize|p2|6
|start
|switch|p1a: Ting-Lu|Ting-Lu|100/100
|switch|p2a: Blastoise|Blastoise, M|100/100
|-ability|p1a: Ting-Lu|Vessel of Ruin
|turn|1
|inactive|Battle timer is ON: inactive players will automatically lose when time's up. (requested by JJTEPIGBOSS)
|
|t:|1760410546
|move|p2a: Blastoise|Shell Smash|p2a: Blastoise
|-unboost|p2a: Blastoise|def|1
|-unboost|p2a: Blastoise|spd|1
|-boost|p2a: Blastoise|atk|2
|-boost|p2a: Blastoise|spa|2
|-boost|p2a: Blastoise|spe|2
|-enditem|p2a: Blastoise|White Herb
|-clearnegativeboost|p2a: Blastoise|[silent]
|move|p1a: Ting-Lu|Ruination|p2a: Blastoise
|-damage|p2a: Blastoise|50/100
|
|upkeep
|turn|2
|
|t:|1760410556
|move|p2a: Blastoise|Surf|p1a: Ting-Lu
|-supereffective|p1a: Ting-Lu
|-damage|p1a: Ting-Lu|11/100
|move|p1a: Ting-Lu|Stealth Rock|p2a: Blastoise
|-sidestart|p2: miamiaquatic|move: Stealth Rock
|
|-heal|p1a: Ting-Lu|17/100|[from] item: Leftovers
|upkeep
|turn|3
|
|t:|1760410564
|move|p2a: Blastoise|Ice Beam|p1a: Ting-Lu
|-supereffective|p1a: Ting-Lu
|-damage|p1a: Ting-Lu|0 fnt
|faint|p1a: Ting-Lu
|
|upkeep
|
|t:|1760410574
|switch|p1a: Lokix|Lokix, M, shiny|100/100
|turn|4
|
|t:|1760410579
|switch|p2a: Scizor|Scizor, M|100/100
|-damage|p2a: Scizor|88/100|[from] Stealth Rock
|move|p1a: Lokix|First Impression|p2a: Scizor
|-resisted|p2a: Scizor
|-damage|p2a: Scizor|38/100
|-enditem|p2a: Scizor|Sitrus Berry|[eat]
|-heal|p2a: Scizor|63/100|[from] item: Sitrus Berry
|-damage|p1a: Lokix|91/100|[from] item: Life Orb
|
|upkeep
|turn|5
|
|t:|1760410591
|move|p1a: Lokix|U-turn|p2a: Scizor
|-resisted|p2a: Scizor
|-damage|p2a: Scizor|25/100
|-damage|p1a: Lokix|81/100|[from] item: Life Orb
|
|t:|1760410596
|switch|p1a: Tentacruel|Tentacruel, M|100/100|[from] U-turn
|move|p2a: Scizor|Defog|p1a: Tentacruel
|-unboost|p1a: Tentacruel|evasion|1
|-sideend|p2: miamiaquatic|Stealth Rock|[from] move: Defog|[of] p2a: Scizor
|
|upkeep
|turn|6
|
|t:|1760410606
|move|p1a: Tentacruel|Hydro Pump|p2a: Scizor
|-damage|p2a: Scizor|0 fnt
|faint|p2a: Scizor
|
|upkeep
|
|t:|1760410608
|switch|p2a: Raichu|Raichu, M|100/100
|turn|7
|
|t:|1760410614
|switch|p1a: Electrode|Electrode, shiny|100/100
|move|p2a: Raichu|Nuzzle|p1a: Electrode
|-resisted|p1a: Electrode
|-damage|p1a: Electrode|93/100
|-damage|p2a: Raichu|91/100|[from] item: Life Orb
|
|upkeep
|turn|8
|
|t:|1760410624
|-terastallize|p1a: Electrode|Ice
|-terastallize|p2a: Raichu|Water
|move|p1a: Electrode|Tera Blast|p2a: Raichu|[anim] Tera Blast Ice
|-resisted|p2a: Raichu
|-damage|p2a: Raichu|57/100
|move|p2a: Raichu|Surf|p1a: Electrode
|-damage|p1a: Electrode|15/100
|-damage|p2a: Raichu|47/100|[from] item: Life Orb
|
|upkeep
|turn|9
|
|t:|1760410638
|switch|p1a: Tentacruel|Tentacruel, M|100/100
|move|p2a: Raichu|Thunderbolt|p1a: Tentacruel
|-supereffective|p1a: Tentacruel
|-damage|p1a: Tentacruel|19/100
|-damage|p2a: Raichu|38/100|[from] item: Life Orb
|
|upkeep
|turn|10
|
|t:|1760410650
|switch|p1a: Serperior|Serperior, M|100/100
|move|p2a: Raichu|Thunderbolt|p1a: Serperior
|-resisted|p1a: Serperior
|-damage|p1a: Serperior|71/100
|-damage|p2a: Raichu|28/100|[from] item: Life Orb
|
|upkeep
|turn|11
|
|t:|1760410658
|move|p1a: Serperior|Scale Shot|p2a: Raichu
|-damage|p2a: Raichu|15/100
|-damage|p2a: Raichu|2/100
|-damage|p2a: Raichu|0 fnt
|faint|p2a: Raichu
|-hitcount|p2: Raichu|3
|-unboost|p1a: Serperior|def|1
|-boost|p1a: Serperior|spe|1
|
|upkeep
|
|t:|1760410662
|switch|p2a: Ceruledge|Ceruledge, M|100/100
|turn|12
|
|t:|1760410676
|switch|p1a: Electrode|Electrode, shiny, tera:Ice|15/100
|move|p2a: Ceruledge|Poltergeist|p1a: Electrode|[miss]
|-miss|p2a: Ceruledge|p1a: Electrode
|
|upkeep
|turn|13
|
|t:|1760410686
|move|p2a: Ceruledge|Shadow Sneak|p1a: Electrode
|-damage|p1a: Electrode|0 fnt
|-damage|p2a: Ceruledge|76/100|[from] ability: Aftermath|[of] p1a: Electrode
|faint|p1a: Electrode
|
|upkeep
|
|t:|1760410693
|switch|p1a: Lokix|Lokix, M, shiny|81/100
|turn|14
|
|t:|1760410696
|move|p2a: Ceruledge|Shadow Sneak|p1a: Lokix
|-resisted|p1a: Lokix
|-damage|p1a: Lokix|65/100
|move|p1a: Lokix|Knock Off|p2a: Ceruledge
|-supereffective|p2a: Ceruledge
|-damage|p2a: Ceruledge|0 fnt
|-enditem|p2a: Ceruledge|Focus Sash|[from] move: Knock Off|[of] p1a: Lokix
|faint|p2a: Ceruledge
|-damage|p1a: Lokix|55/100|[from] item: Life Orb
|
|upkeep
|
|t:|1760410699
|switch|p2a: Clefable|Clefable, F|100/100
|turn|15
|
|t:|1760410708
|move|p1a: Lokix|U-turn|p2a: Clefable
|-resisted|p2a: Clefable
|-damage|p2a: Clefable|63/100
|-damage|p1a: Lokix|45/100|[from] item: Life Orb
|
|t:|1760410712
|switch|p1a: Tentacruel|Tentacruel, M|19/100|[from] U-turn
|move|p2a: Clefable|Cosmic Power|p2a: Clefable
|-boost|p2a: Clefable|def|1
|-boost|p2a: Clefable|spd|1
|
|upkeep
|turn|16
|
|t:|1760410721
|move|p1a: Tentacruel|Toxic|p2a: Clefable
|-status|p2a: Clefable|tox
|move|p2a: Clefable|Calm Mind|p2a: Clefable
|-boost|p2a: Clefable|spa|1
|-boost|p2a: Clefable|spd|1
|
|-damage|p2a: Clefable|57/100 tox|[from] psn
|upkeep
|turn|17
|
|t:|1760410731
|move|p1a: Tentacruel|Sludge Wave|p2a: Clefable
|-supereffective|p2a: Clefable
|-damage|p2a: Clefable|28/100 tox
|move|p2a: Clefable|Stored Power|p1a: Tentacruel
|-supereffective|p1a: Tentacruel
|-damage|p1a: Tentacruel|0 fnt
|faint|p1a: Tentacruel
|
|-damage|p2a: Clefable|16/100 tox|[from] psn
|upkeep
|
|t:|1760410741
|switch|p1a: Lokix|Lokix, M, shiny|45/100
|turn|18
|
|t:|1760410744
|move|p1a: Lokix|U-turn|p2a: Clefable
|-resisted|p2a: Clefable
|-damage|p2a: Clefable|0 fnt
|faint|p2a: Clefable
|-damage|p1a: Lokix|35/100|[from] item: Life Orb
|
|t:|1760410756
|switch|p1a: Granbull|Granbull, M|100/100|[from] U-turn
|
|upkeep
|
|t:|1760410758
|switch|p2a: Dragonite|Dragonite, F|100/100
|turn|19
|
|t:|1760410763
|move|p2a: Dragonite|Dragon Dance|p2a: Dragonite
|-boost|p2a: Dragonite|atk|1
|-boost|p2a: Dragonite|spe|1
|move|p1a: Granbull|Play Rough|p2a: Dragonite
|-supereffective|p2a: Dragonite
|-damage|p2a: Dragonite|50/100
|
|upkeep
|turn|20
|
|t:|1760410771
|move|p2a: Dragonite|Iron Head|p1a: Granbull
|-supereffective|p1a: Granbull
|-damage|p1a: Granbull|0 fnt
|faint|p1a: Granbull
|
|upkeep
|
|t:|1760410780
|switch|p1a: Serperior|Serperior, M|71/100
|turn|21
|
|t:|1760410785
|move|p2a: Dragonite|Iron Head|p1a: Serperior
|-damage|p1a: Serperior|8/100
|cant|p1a: Serperior|flinch
|
|upkeep
|turn|22
|
|t:|1760410791
|move|p2a: Dragonite|Extreme Speed|p1a: Serperior
|-damage|p1a: Serperior|0 fnt
|faint|p1a: Serperior
|
|upkeep
|
|t:|1760410796
|switch|p1a: Lokix|Lokix, M, shiny|35/100
|turn|23
|
|t:|1760410801
|move|p2a: Dragonite|Extreme Speed|p1a: Lokix
|-damage|p1a: Lokix|0 fnt
|faint|p1a: Lokix
|
|win|miamiaquatic
|raw|JJTEPIGBOSS's rating: 1095 &rarr; <strong>1067</strong><br />(-28 for losing)
|raw|miamiaquatic's rating: 1048 &rarr; <strong>1085</strong><br />(+37 for winning)
|l|☆miamiaquatic
|player|p2|
