|j|☆temporarylight
|j|☆Avenged7mold
|t:|1760458005
|gametype|singles
|player|p1|temporarylight|rika|1519
|player|p2|Avenged7mold|101|1541
|gen|9
|tier|[Gen 9] OU
|rated|
|rule|HP Percentage Mod: HP is shown in percentages
|rule|Endless Battle Clause: Forcing endless battles is banned
|rule|Species Clause: Limit one of each Pokémon
|rule|OHKO Clause: OHKO moves are banned
|rule|Evasion Items Clause: Evasion items are banned
|rule|Evasion Moves Clause: Evasion moves are banned
|rule|Evasion Abilities Clause: Evasion abilities are banned
|rule|Sleep Moves Clause: Sleep-inducing moves are banned
|clearpoke
|poke|p1|Tyranitar, F|
|poke|p1|Clefable, F|
|poke|p1|Darkrai|
|poke|p1|Rillaboom, M|
|poke|p1|Corviknight, F|
|poke|p1|Great Tusk|
|poke|p2|Rillaboom, M|
|poke|p2|Raging Bolt|
|poke|p2|Weezing-Galar, F|
|poke|p2|Primarina, F|
|poke|p2|Ting-Lu|
|poke|p2|Arcanine-Hisui, F|
|teampreview
|inactive|Battle timer is ON: inactive players will automatically lose when time's up. (requested by Avenged7mold)
|
|t:|1760458029
|teamsize|p1|6
|teamsize|p2|6
|start
|switch|p1a: Rillaboom|Rillaboom, M|100/100
|switch|p2a: Rillaboom|Rillaboom, M|100/100
|-fieldstart|move: Grassy Terrain|[from] ability: Grassy Surge|[of] p2a: Rillaboom
|turn|1
|
|t:|1760458037
|switch|p1a: Corviknight|Corviknight, F|100/100
|-ability|p1a: Corviknight|Pressure
|move|p2a: Rillaboom|Knock Off|p1a: Corviknight
|-damage|p1a: Corviknight|80/100
|-damage|p2a: Rillaboom|84/100|[from] item: Rocky Helmet|[of] p1a: Corviknight
|-enditem|p1a: Corviknight|Rocky Helmet|[from] move: Knock Off|[of] p2a: Rillaboom
|
|-heal|p2a: Rillaboom|90/100|[from] Grassy Terrain
|upkeep
|turn|2
|
|t:|1760458041
|move|p2a: Rillaboom|U-turn|p1a: Corviknight
|-resisted|p1a: Corviknight
|-damage|p1a: Corviknight|76/100
|
|t:|1760458045
|switch|p2a: Weezing|Weezing-Galar, F|100/100|[from] U-turn
|-ability|p2a: Weezing|Neutralizing Gas
|move|p1a: Corviknight|U-turn|p2a: Weezing
|-resisted|p2a: Weezing
|-damage|p2a: Weezing|98/100
|inactive|temporarylight has 120 seconds left.
|
|t:|1760458075
|switch|p1a: Great Tusk|Great Tusk|100/100|[from] U-turn
|
|-heal|p2a: Weezing|100/100|[from] Grassy Terrain
|upkeep
|turn|3
|
|t:|1760458093
|-end|p1a: Great Tusk|Protosynthesis|[silent]
|switch|p1a: Clefable|Clefable, F|100/100
|move|p2a: Weezing|Will-O-Wisp|p1a: Clefable
|-status|p1a: Clefable|brn
|
|-damage|p1a: Clefable|94/100 brn|[from] brn
|upkeep
|turn|4
|
|t:|1760458098
|move|p2a: Weezing|Sludge Bomb|p1a: Clefable
|-supereffective|p1a: Clefable
|-damage|p1a: Clefable|56/100 brn
|move|p1a: Clefable|Stealth Rock|p2a: Weezing
|-sidestart|p2: Avenged7mold|move: Stealth Rock
|
|-heal|p1a: Clefable|62/100 brn|[from] Grassy Terrain
|-heal|p1a: Clefable|69/100 brn|[from] item: Leftovers
|-damage|p1a: Clefable|62/100 brn|[from] brn
|upkeep
|turn|5
|
|t:|1760458107
|move|p2a: Weezing|Will-O-Wisp|p1a: Clefable
|-fail|p1a: Clefable|brn
|move|p1a: Clefable|Wish|p1a: Clefable
|
|-heal|p1a: Clefable|69/100 brn|[from] Grassy Terrain
|-heal|p1a: Clefable|75/100 brn|[from] item: Leftovers
|-damage|p1a: Clefable|69/100 brn|[from] brn
|upkeep
|turn|6
|
|t:|1760458119
|move|p2a: Weezing|Sludge Bomb|p1a: Clefable
|-supereffective|p1a: Clefable
|-damage|p1a: Clefable|35/100 brn
|move|p1a: Clefable|Moonblast|p2a: Weezing
|-resisted|p2a: Weezing
|-damage|p2a: Weezing|80/100
|-unboost|p2a: Weezing|spa|1
|
|-heal|p1a: Clefable|85/100 brn|[from] move: Wish|[wisher] Clefable
|-heal|p2a: Weezing|86/100|[from] Grassy Terrain
|-heal|p1a: Clefable|91/100 brn|[from] Grassy Terrain
|-heal|p1a: Clefable|97/100 brn|[from] item: Leftovers
|-damage|p1a: Clefable|91/100 brn|[from] brn
|upkeep
|turn|7
|
|t:|1760458125
|move|p2a: Weezing|Defog|p1a: Clefable
|-unboost|p1a: Clefable|evasion|1
|-sideend|p2: Avenged7mold|Stealth Rock|[from] move: Defog|[of] p2a: Weezing
|-fieldend|move: Grassy Terrain
|move|p1a: Clefable|Moonblast|p2a: Weezing
|-resisted|p2a: Weezing
|-damage|p2a: Weezing|63/100
|-unboost|p2a: Weezing|spa|1
|
|-heal|p1a: Clefable|97/100 brn|[from] item: Leftovers
|-damage|p1a: Clefable|91/100 brn|[from] brn
|upkeep
|turn|8
|
|t:|1760458141
|-end|p2a: Weezing|ability: Neutralizing Gas
|switch|p2a: Arcanine|Arcanine-Hisui, F|100/100
|move|p1a: Clefable|Stealth Rock|p2a: Arcanine
|-sidestart|p2: Avenged7mold|move: Stealth Rock
|
|-heal|p1a: Clefable|97/100 brn|[from] item: Leftovers
|upkeep
|turn|9
|
|t:|1760458150
|move|p1a: Clefable|Protect|p1a: Clefable
|-singleturn|p1a: Clefable|Protect
|move|p2a: Arcanine|Head Smash|p1a: Clefable
|-activate|p1a: Clefable|move: Protect
|
|-heal|p1a: Clefable|100/100 brn|[from] item: Leftovers
|upkeep
|turn|10
|
|t:|1760458154
|switch|p1a: Great Tusk|Great Tusk|100/100
|move|p2a: Arcanine|Head Smash|p1a: Great Tusk
|-resisted|p1a: Great Tusk
|-damage|p1a: Great Tusk|82/100
|
|upkeep
|turn|11
|
|t:|1760458163
|switch|p2a: Rillaboom|Rillaboom, M|90/100
|-damage|p2a: Rillaboom|78/100|[from] Stealth Rock
|-fieldstart|move: Grassy Terrain|[from] ability: Grassy Surge|[of] p2a: Rillaboom
|move|p1a: Great Tusk|Ice Spinner|p2a: Rillaboom
|-supereffective|p2a: Rillaboom
|-damage|p2a: Rillaboom|21/100
|-fieldend|move: Grassy Terrain
|
|upkeep
|turn|12
|
|t:|1760458182
|switch|p2a: Primarina|Primarina, F|100/100
|-damage|p2a: Primarina|88/100|[from] Stealth Rock
|move|p1a: Great Tusk|Ice Spinner|p2a: Primarina
|-resisted|p2a: Primarina
|-damage|p2a: Primarina|72/100
|
|upkeep
|turn|13
|
|t:|1760458185
|-end|p1a: Great Tusk|Protosynthesis|[silent]
|switch|p1a: Clefable|Clefable, F|100/100 brn
|move|p2a: Primarina|Moonblast|p1a: Clefable
|-damage|p1a: Clefable|65/100 brn
|
|-heal|p1a: Clefable|72/100 brn|[from] item: Leftovers
|upkeep
|turn|14
|
|t:|1760458191
|move|p2a: Primarina|Psychic Noise|p1a: Clefable
|-damage|p1a: Clefable|45/100 brn
|-start|p1a: Clefable|move: Heal Block
|move|p1a: Clefable|Moonblast|p2a: Primarina
|-damage|p2a: Primarina|55/100
|-unboost|p2a: Primarina|spa|1
|
|upkeep
|turn|15
|
|t:|1760458196
|switch|p1a: Rillaboom|Rillaboom, M|100/100
|-fieldstart|move: Grassy Terrain|[from] ability: Grassy Surge|[of] p1a: Rillaboom
|move|p2a: Primarina|Flip Turn|p1a: Rillaboom
|-resisted|p1a: Rillaboom
|-damage|p1a: Rillaboom|93/100
|
|t:|1760458201
|switch|p2a: Weezing|Weezing-Galar, F|63/100|[from] Flip Turn
|-ability|p2a: Weezing|Neutralizing Gas
|
|-heal|p1a: Rillaboom|99/100|[from] Grassy Terrain
|-heal|p2a: Weezing|69/100|[from] Grassy Terrain
|upkeep
|turn|16
|
|t:|1760458215
|move|p1a: Rillaboom|Knock Off|p2a: Weezing
|-resisted|p2a: Weezing
|-damage|p2a: Weezing|57/100
|-enditem|p2a: Weezing|Heavy-Duty Boots|[from] move: Knock Off|[of] p1a: Rillaboom
|move|p2a: Weezing|Sludge Bomb|p1a: Rillaboom
|-supereffective|p1a: Rillaboom
|-damage|p1a: Rillaboom|32/100
|
|-heal|p1a: Rillaboom|38/100|[from] Grassy Terrain
|-heal|p2a: Weezing|63/100|[from] Grassy Terrain
|upkeep
|turn|17
|
|t:|1760458221
|switch|p1a: Darkrai|Darkrai|100/100
|move|p2a: Weezing|Will-O-Wisp|p1a: Darkrai
|-status|p1a: Darkrai|brn
|
|-heal|p2a: Weezing|69/100|[from] Grassy Terrain
|-damage|p1a: Darkrai|94/100 brn|[from] brn
|upkeep
|turn|18
|
|t:|1760458226
|-end|p2a: Weezing|ability: Neutralizing Gas
|switch|p2a: Primarina|Primarina, F|55/100
|-damage|p2a: Primarina|42/100|[from] Stealth Rock
|move|p1a: Darkrai|Nasty Plot|p1a: Darkrai
|-boost|p1a: Darkrai|spa|2
|
|-heal|p1a: Darkrai|100/100 brn|[from] Grassy Terrain
|-heal|p2a: Primarina|48/100|[from] Grassy Terrain
|-damage|p1a: Darkrai|94/100 brn|[from] brn
|upkeep
|turn|19
|
|t:|1760458230
|-terastallize|p2a: Primarina|Poison
|move|p1a: Darkrai|Sludge Bomb|p2a: Primarina
|-resisted|p2a: Primarina
|-damage|p2a: Primarina|29/100
|move|p2a: Primarina|Moonblast|p1a: Darkrai
|-supereffective|p1a: Darkrai
|-damage|p1a: Darkrai|0 fnt
|faint|p1a: Darkrai
|
|-heal|p2a: Primarina|35/100|[from] Grassy Terrain
|upkeep
|
|t:|1760458239
|switch|p1a: Great Tusk|Great Tusk|82/100
|turn|20
|
|t:|1760458249
|move|p1a: Great Tusk|Headlong Rush|p2a: Primarina
|-supereffective|p2a: Primarina
|-damage|p2a: Primarina|0 fnt
|-unboost|p1a: Great Tusk|def|1
|-unboost|p1a: Great Tusk|spd|1
|faint|p2a: Primarina
|
|-heal|p1a: Great Tusk|89/100|[from] Grassy Terrain
|upkeep
|
|t:|1760458253
|switch|p2a: Rillaboom|Rillaboom, M|21/100
|-damage|p2a: Rillaboom|9/100|[from] Stealth Rock
|turn|21
|
|t:|1760458260
|-end|p1a: Great Tusk|Protosynthesis|[silent]
|switch|p1a: Corviknight|Corviknight, F|76/100
|-ability|p1a: Corviknight|Pressure
|move|p2a: Rillaboom|Grassy Glide|p1a: Corviknight
|-resisted|p1a: Corviknight
|-damage|p1a: Corviknight|71/100
|
|-heal|p2a: Rillaboom|15/100|[from] Grassy Terrain
|upkeep
|turn|22
|
|t:|1760458264
|move|p2a: Rillaboom|U-turn|p1a: Corviknight
|-resisted|p1a: Corviknight
|-damage|p1a: Corviknight|67/100
|
|t:|1760458266
|switch|p2a: Weezing|Weezing-Galar, F|69/100|[from] U-turn
|-ability|p2a: Weezing|Neutralizing Gas
|-damage|p2a: Weezing|57/100|[from] Stealth Rock
|move|p1a: Corviknight|U-turn|p2a: Weezing
|-resisted|p2a: Weezing
|-damage|p2a: Weezing|55/100
|
|t:|1760458269
|switch|p1a: Great Tusk|Great Tusk|89/100|[from] U-turn
|
|-heal|p1a: Great Tusk|95/100|[from] Grassy Terrain
|-heal|p2a: Weezing|61/100|[from] Grassy Terrain
|-fieldend|move: Grassy Terrain
|upkeep
|turn|23
|
|t:|1760458273
|move|p1a: Great Tusk|Headlong Rush|p2a: Weezing
|-supereffective|p2a: Weezing
|-damage|p2a: Weezing|0 fnt
|-unboost|p1a: Great Tusk|def|1
|-unboost|p1a: Great Tusk|spd|1
|faint|p2a: Weezing
|-end|p2a: Weezing|ability: Neutralizing Gas
|
|upkeep
|
|t:|1760458278
|switch|p2a: Arcanine|Arcanine-Hisui, F|100/100
|-damage|p2a: Arcanine|76/100|[from] Stealth Rock
|turn|24
|
|t:|1760458282
|move|p1a: Great Tusk|Headlong Rush|p2a: Arcanine
|-supereffective|p2a: Arcanine
|-damage|p2a: Arcanine|0 fnt
|-unboost|p1a: Great Tusk|def|1
|-unboost|p1a: Great Tusk|spd|1
|faint|p2a: Arcanine
|
|upkeep
|
|t:|1760458290
|switch|p2a: Rillaboom|Rillaboom, M|15/100
|-damage|p2a: Rillaboom|3/100|[from] Stealth Rock
|-fieldstart|move: Grassy Terrain|[from] ability: Grassy Surge|[of] p2a: Rillaboom
|turn|25
|
|t:|1760458300
|-end|p1a: Great Tusk|Protosynthesis|[silent]
|switch|p1a: Corviknight|Corviknight, F|67/100
|-ability|p1a: Corviknight|Pressure
|move|p2a: Rillaboom|U-turn|p1a: Corviknight
|-resisted|p1a: Corviknight
|-damage|p1a: Corviknight|63/100
|
|t:|1760458302
|switch|p2a: Thunderous Throat|Raging Bolt|100/100|[from] U-turn
|-damage|p2a: Thunderous Throat|88/100|[from] Stealth Rock
|-enditem|p2a: Thunderous Throat|Grassy Seed
|-boost|p2a: Thunderous Throat|def|1|[from] item: Grassy Seed
|
|-heal|p2a: Thunderous Throat|94/100|[from] Grassy Terrain
|upkeep
|turn|26
|
|t:|1760458309
|move|p2a: Thunderous Throat|Calm Mind|p2a: Thunderous Throat
|-boost|p2a: Thunderous Throat|spa|1
|-boost|p2a: Thunderous Throat|spd|1
|move|p1a: Corviknight|U-turn|p2a: Thunderous Throat
|-damage|p2a: Thunderous Throat|86/100
|
|t:|1760458316
|switch|p1a: Tyranitar|Tyranitar, F|100/100|[from] U-turn
|-weather|Sandstorm|[from] ability: Sand Stream|[of] p1a: Tyranitar
|
|-weather|Sandstorm|[upkeep]
|-damage|p2a: Thunderous Throat|80/100|[from] Sandstorm
|-heal|p2a: Thunderous Throat|86/100|[from] Grassy Terrain
|upkeep
|turn|27
|
|t:|1760458319
|move|p2a: Thunderous Throat|Calm Mind|p2a: Thunderous Throat
|-boost|p2a: Thunderous Throat|spa|1
|-boost|p2a: Thunderous Throat|spd|1
|move|p1a: Tyranitar|Ice Punch|p2a: Thunderous Throat
|-supereffective|p2a: Thunderous Throat
|-damage|p2a: Thunderous Throat|36/100
|
|-weather|Sandstorm|[upkeep]
|-damage|p2a: Thunderous Throat|30/100|[from] Sandstorm
|-heal|p2a: Thunderous Throat|36/100|[from] Grassy Terrain
|upkeep
|turn|28
|
|t:|1760458322
|move|p2a: Thunderous Throat|Thunderbolt|p1a: Tyranitar
|-damage|p1a: Tyranitar|27/100
|move|p1a: Tyranitar|Ice Punch|p2a: Thunderous Throat
|-supereffective|p2a: Thunderous Throat
|-damage|p2a: Thunderous Throat|0 fnt
|faint|p2a: Thunderous Throat
|-end|p2a: Thunderous Throat|Protosynthesis|[silent]
|
|-weather|Sandstorm|[upkeep]
|-heal|p1a: Tyranitar|33/100|[from] Grassy Terrain
|upkeep
|
|t:|1760458326
|switch|p2a: Ting-Lu|Ting-Lu, shiny|100/100
|-damage|p2a: Ting-Lu|94/100|[from] Stealth Rock
|-ability|p2a: Ting-Lu|Vessel of Ruin
|turn|29
|
|t:|1760458331
|move|p1a: Tyranitar|Ice Punch|p2a: Ting-Lu
|-supereffective|p2a: Ting-Lu
|-damage|p2a: Ting-Lu|46/100
|move|p2a: Ting-Lu|Stealth Rock|p1a: Tyranitar
|-sidestart|p1: temporarylight|move: Stealth Rock
|
|-weather|Sandstorm|[upkeep]
|-heal|p1a: Tyranitar|40/100|[from] Grassy Terrain
|-heal|p2a: Ting-Lu|53/100|[from] Grassy Terrain
|-heal|p2a: Ting-Lu|59/100|[from] item: Leftovers
|upkeep
|turn|30
|
|t:|1760458334
|move|p1a: Tyranitar|Ice Punch|p2a: Ting-Lu
|-supereffective|p2a: Ting-Lu
|-damage|p2a: Ting-Lu|14/100
|move|p2a: Ting-Lu|Stomping Tantrum|p1a: Tyranitar
|-supereffective|p1a: Tyranitar
|-damage|p1a: Tyranitar|0 fnt
|faint|p1a: Tyranitar
|
|-weather|none
|-heal|p2a: Ting-Lu|20/100|[from] Grassy Terrain
|-heal|p2a: Ting-Lu|26/100|[from] item: Leftovers
|upkeep
|-message|Avenged7mold forfeited.
|
|win|temporarylight
|raw|temporarylight's rating: 1519 &rarr; <strong>1540</strong><br />(+21 for winning)
|raw|Avenged7mold's rating: 1541 &rarr; <strong>1520</strong><br />(-21 for losing)
|l|☆Avenged7mold
|player|p2|
|l|☆temporarylight
|player|p1|
|j|☆temporarylight
|player|p1|temporarylight|rika|
