|j|☆IMBOUTTOCUHHH
|j|☆Rolafairy
|t:|1760329359
|gametype|singles
|player|p1|IMBOUTTOCUHHH|169|1118
|player|p2|Rolafairy|1|1077
|gen|9
|tier|[Gen 9] OU
|rated|
|rule|HP Percentage Mod: HP is shown in percentages
|rule|Endless Battle Clause: Forcing endless battles is banned
|rule|Species Clause: Limit one of each Pokémon
|rule|OHKO Clause: OHKO moves are banned
|rule|Evasion Items Clause: Evasion items are banned
|rule|Evasion Moves Clause: Evasion moves are banned
|rule|Evasion Abilities Clause: Evasion abilities are banned
|rule|Sleep Moves Clause: Sleep-inducing moves are banned
|clearpoke
|poke|p1|Dragonite, M|
|poke|p1|Iron Moth|
|poke|p1|Great Tusk|
|poke|p1|Kilowattrel, M|
|poke|p1|Slowking, M|
|poke|p1|Scizor, M|
|poke|p2|Hatterene, F|
|poke|p2|Umbreon, F|
|poke|p2|Toxapex, F|
|poke|p2|Garchomp, M|
|poke|p2|Slowking, M|
|poke|p2|Whimsicott, M|
|teampreview
|
|t:|1760329383
|teamsize|p1|6
|teamsize|p2|6
|start
|switch|p1a: Dragonite|Dragonite, M|100/100
|switch|p2a: Hatterene|Hatterene, F|100/100
|turn|1
|
|t:|1760329393
|switch|p1a: Slowking|Slowking, M|100/100
|move|p2a: Hatterene|Trick Room|p2a: Hatterene
|-fieldstart|move: Trick Room|[of] p2a: Hatterene
|
|upkeep
|turn|2
|
|t:|1760329400
|move|p2a: Hatterene|Calm Mind|p2a: Hatterene
|-boost|p2a: Hatterene|spa|1
|-boost|p2a: Hatterene|spd|1
|move|p1a: Slowking|Future Sight|p2a: Hatterene
|-start|p1a: Slowking|move: Future Sight
|
|upkeep
|turn|3
|
|t:|1760329406
|move|p2a: Hatterene|Calm Mind|p2a: Hatterene
|-boost|p2a: Hatterene|spa|1
|-boost|p2a: Hatterene|spd|1
|-prepare|p1a: Slowking|Chilly Reception|[premajor]
|move|p1a: Slowking|Chilly Reception|p1a: Slowking
|-weather|Snowscape
|
|t:|1760329413
|switch|p1a: Scizor|Scizor, M|100/100|[from] Chilly Reception
|
|-weather|Snowscape|[upkeep]
|upkeep
|turn|4
|
|t:|1760329425
|-terastallize|p2a: Hatterene|Steel
|move|p1a: Scizor|Bullet Punch|p2a: Hatterene
|-resisted|p2a: Hatterene
|-damage|p2a: Hatterene|78/100
|move|p2a: Hatterene|Dazzling Gleam|p1a: Scizor
|-resisted|p1a: Scizor
|-damage|p1a: Scizor|51/100
|
|-weather|Snowscape|[upkeep]
|-end|p2a: Hatterene|move: Future Sight
|-resisted|p2a: Hatterene
|-damage|p2a: Hatterene|68/100
|upkeep
|turn|5
|
|t:|1760329437
|move|p2a: Hatterene|Dazzling Gleam|p1a: Scizor
|-resisted|p1a: Scizor
|-damage|p1a: Scizor|0 fnt
|faint|p1a: Scizor
|
|-weather|Snowscape|[upkeep]
|-fieldend|move: Trick Room
|upkeep
|
|t:|1760329442
|switch|p1a: Iron Moth|Iron Moth|100/100
|-enditem|p1a: Iron Moth|Booster Energy
|-activate|p1a: Iron Moth|ability: Quark Drive|[fromitem]
|-start|p1a: Iron Moth|quarkdrivespa
|turn|6
|
|t:|1760329454
|move|p1a: Iron Moth|Substitute|p1a: Iron Moth
|-start|p1a: Iron Moth|Substitute
|-damage|p1a: Iron Moth|76/100
|move|p2a: Hatterene|Dazzling Gleam|p1a: Iron Moth
|-resisted|p1a: Iron Moth
|-activate|p1a: Iron Moth|move: Substitute|[damage]
|
|-weather|Snowscape|[upkeep]
|upkeep
|turn|7
|
|t:|1760329462
|move|p1a: Iron Moth|Fiery Dance|p2a: Hatterene
|-supereffective|p2a: Hatterene
|-damage|p2a: Hatterene|17/100
|-boost|p1a: Iron Moth|spa|1
|move|p2a: Hatterene|Dazzling Gleam|p1a: Iron Moth
|-resisted|p1a: Iron Moth
|-end|p1a: Iron Moth|Substitute
|
|-weather|none
|upkeep
|turn|8
|
|t:|1760329472
|move|p1a: Iron Moth|Fiery Dance|p2a: Hatterene
|-supereffective|p2a: Hatterene
|-damage|p2a: Hatterene|0 fnt
|-boost|p1a: Iron Moth|spa|1
|faint|p2a: Hatterene
|
|upkeep
|
|t:|1760329483
|switch|p2a: Garchomp|Garchomp, M|100/100
|turn|9
|
|t:|1760329488
|move|p1a: Iron Moth|Substitute|p1a: Iron Moth
|-start|p1a: Iron Moth|Substitute
|-damage|p1a: Iron Moth|51/100
|move|p2a: Garchomp|Earthquake|p1a: Iron Moth
|-supereffective|p1a: Iron Moth
|-end|p1a: Iron Moth|Substitute
|
|upkeep
|turn|10
|
|t:|1760329502
|-end|p1a: Iron Moth|Quark Drive|[silent]
|switch|p1a: Great Tusk|Great Tusk|100/100
|move|p2a: Garchomp|Earthquake|p1a: Great Tusk
|-damage|p1a: Great Tusk|69/100
|
|-heal|p1a: Great Tusk|76/100|[from] item: Leftovers
|upkeep
|turn|11
|
|t:|1760329510
|move|p2a: Garchomp|Stealth Rock|p1a: Great Tusk
|-sidestart|p1: IMBOUTTOCUHHH|move: Stealth Rock
|move|p1a: Great Tusk|Ice Spinner|p2a: Garchomp
|-supereffective|p2a: Garchomp
|-damage|p2a: Garchomp|34/100
|-damage|p1a: Great Tusk|63/100|[from] ability: Rough Skin|[of] p2a: Garchomp
|-damage|p1a: Great Tusk|47/100|[from] item: Rocky Helmet|[of] p2a: Garchomp
|
|-heal|p1a: Great Tusk|53/100|[from] item: Leftovers
|upkeep
|turn|12
|
|t:|1760329523
|switch|p2a: Toxapex|Toxapex, F|100/100
|move|p1a: Great Tusk|Rapid Spin|p2a: Toxapex
|-damage|p2a: Toxapex|89/100
|-boost|p1a: Great Tusk|spe|1
|-sideend|p1: IMBOUTTOCUHHH|Stealth Rock|[from] move: Rapid Spin|[of] p1a: Great Tusk
|
|-heal|p1a: Great Tusk|59/100|[from] item: Leftovers
|-heal|p2a: Toxapex|96/100|[from] item: Black Sludge
|upkeep
|turn|13
|
|t:|1760329535
|move|p1a: Great Tusk|Stealth Rock|p2a: Toxapex
|-sidestart|p2: Rolafairy|move: Stealth Rock
|move|p2a: Toxapex|Toxic|p1a: Great Tusk
|-status|p1a: Great Tusk|tox
|
|-heal|p1a: Great Tusk|65/100 tox|[from] item: Leftovers
|-heal|p2a: Toxapex|100/100|[from] item: Black Sludge
|-damage|p1a: Great Tusk|59/100 tox|[from] psn
|upkeep
|turn|14
|
|t:|1760329552
|-end|p1a: Great Tusk|Protosynthesis|[silent]
|switch|p1a: Slowking|Slowking, M|100/100
|move|p2a: Toxapex|Baneful Bunker||[still]
|-fail|p2a: Toxapex
|
|upkeep
|turn|15
|
|t:|1760329559
|move|p1a: Slowking|Future Sight|p2a: Toxapex
|-start|p1a: Slowking|move: Future Sight
|move|p2a: Toxapex|Toxic|p1a: Slowking
|-status|p1a: Slowking|tox
|
|-damage|p1a: Slowking|94/100 tox|[from] psn
|upkeep
|turn|16
|
|t:|1760329566
|-prepare|p1a: Slowking|Chilly Reception|[premajor]
|move|p1a: Slowking|Chilly Reception|p1a: Slowking
|-weather|Snowscape
|
|t:|1760329570
|switch|p1a: Kilowattrel|Kilowattrel, M|100/100|[from] Chilly Reception
|move|p2a: Toxapex|Liquidation|p1a: Kilowattrel
|-damage|p1a: Kilowattrel|62/100
|
|-weather|Snowscape|[upkeep]
|upkeep
|turn|17
|
|t:|1760329585
|move|p2a: Toxapex|Baneful Bunker|p2a: Toxapex
|-singleturn|p2a: Toxapex|move: Protect
|move|p1a: Kilowattrel|Air Slash|p2a: Toxapex
|-activate|p2a: Toxapex|move: Protect
|
|-weather|Snowscape|[upkeep]
|-end|p2a: Toxapex|move: Future Sight
|-supereffective|p2a: Toxapex
|-damage|p2a: Toxapex|45/100
|-heal|p2a: Toxapex|51/100|[from] item: Black Sludge
|upkeep
|turn|18
|
|t:|1760329601
|switch|p1a: Dragonite|Dragonite, M|100/100
|switch|p2a: Garchomp|Garchomp, M|34/100
|-damage|p2a: Garchomp|28/100|[from] Stealth Rock
|
|-weather|Snowscape|[upkeep]
|upkeep
|turn|19
|
|t:|1760329610
|move|p1a: Dragonite|Extreme Speed|p2a: Garchomp
|-damage|p2a: Garchomp|12/100
|-damage|p1a: Dragonite|88/100|[from] ability: Rough Skin|[of] p2a: Garchomp
|-damage|p1a: Dragonite|71/100|[from] item: Rocky Helmet|[of] p2a: Garchomp
|move|p2a: Garchomp|Dragon Claw|p1a: Dragonite
|-supereffective|p1a: Dragonite
|-damage|p1a: Dragonite|0 fnt
|faint|p1a: Dragonite
|
|-weather|Snowscape|[upkeep]
|upkeep
|
|t:|1760329625
|switch|p1a: Iron Moth|Iron Moth|51/100
|turn|20
|
|t:|1760329636
|move|p1a: Iron Moth|Energy Ball|p2a: Garchomp
|-damage|p2a: Garchomp|0 fnt
|faint|p2a: Garchomp
|
|-weather|none
|upkeep
|
|t:|1760329645
|switch|p2a: Toxapex|Toxapex, F|85/100
|-damage|p2a: Toxapex|72/100|[from] Stealth Rock
|turn|21
|
|t:|1760329653
|-end|p1a: Iron Moth|Quark Drive|[silent]
|switch|p1a: Kilowattrel|Kilowattrel, M|62/100
|move|p2a: Toxapex|Toxic|p1a: Kilowattrel
|-status|p1a: Kilowattrel|tox
|
|-heal|p2a: Toxapex|78/100|[from] item: Black Sludge
|-damage|p1a: Kilowattrel|56/100 tox|[from] psn
|upkeep
|turn|22
|
|t:|1760329661
|move|p2a: Toxapex|Baneful Bunker|p2a: Toxapex
|-singleturn|p2a: Toxapex|move: Protect
|move|p1a: Kilowattrel|Thunderbolt|p2a: Toxapex
|-activate|p2a: Toxapex|move: Protect
|
|-heal|p2a: Toxapex|85/100|[from] item: Black Sludge
|-damage|p1a: Kilowattrel|44/100 tox|[from] psn
|upkeep
|turn|23
|
|t:|1760329674
|switch|p2a: Whimsicott|Whimsicott, M|100/100
|-damage|p2a: Whimsicott|88/100|[from] Stealth Rock
|move|p1a: Kilowattrel|Thunderbolt|p2a: Whimsicott
|-resisted|p2a: Whimsicott
|-damage|p2a: Whimsicott|59/100
|
|-damage|p1a: Kilowattrel|26/100 tox|[from] psn
|upkeep
|turn|24
|
|t:|1760329691
|switch|p1a: Great Tusk|Great Tusk|59/100 tox
|move|p2a: Whimsicott|Protect||[still]
|-fail|p2a: Whimsicott
|
|-heal|p1a: Great Tusk|65/100 tox|[from] item: Leftovers
|-damage|p1a: Great Tusk|59/100 tox|[from] psn
|upkeep
|turn|25
|
|t:|1760329701
|move|p2a: Whimsicott|Giga Drain|p1a: Great Tusk
|-supereffective|p1a: Great Tusk
|-damage|p1a: Great Tusk|24/100 tox
|-heal|p2a: Whimsicott|82/100|[from] drain|[of] p1a: Great Tusk
|-heal|p2a: Whimsicott|88/100|[from] item: Shell Bell|[of] p1a: Great Tusk
|move|p1a: Great Tusk|Ice Spinner|p2a: Whimsicott
|-supereffective|p2a: Whimsicott
|-damage|p2a: Whimsicott|27/100
|
|-heal|p1a: Great Tusk|30/100 tox|[from] item: Leftovers
|-damage|p1a: Great Tusk|18/100 tox|[from] psn
|upkeep
|turn|26
|
|t:|1760329715
|move|p2a: Whimsicott|Giga Drain|p1a: Great Tusk
|-supereffective|p1a: Great Tusk
|-damage|p1a: Great Tusk|0 fnt
|-heal|p2a: Whimsicott|38/100|[from] drain|[of] p1a: Great Tusk
|faint|p1a: Great Tusk
|-end|p1a: Great Tusk|Protosynthesis|[silent]
|-heal|p2a: Whimsicott|41/100|[from] item: Shell Bell|[of] p1: Great Tusk
|
|upkeep
|
|t:|1760329718
|switch|p1a: Iron Moth|Iron Moth|51/100
|turn|27
|
|t:|1760329748
|move|p2a: Whimsicott|Light Screen|p2a: Whimsicott
|-sidestart|p2: Rolafairy|move: Light Screen
|move|p1a: Iron Moth|Substitute|p1a: Iron Moth
|-start|p1a: Iron Moth|Substitute
|-damage|p1a: Iron Moth|26/100
|
|upkeep
|turn|28
|
|t:|1760329758
|move|p1a: Iron Moth|Sludge Wave|p2a: Whimsicott
|-supereffective|p2a: Whimsicott
|-damage|p2a: Whimsicott|0 fnt
|faint|p2a: Whimsicott
|
|upkeep
|
|t:|1760329769
|switch|p2a: Slowking|Slowking, M|100/100
|-damage|p2a: Slowking|88/100|[from] Stealth Rock
|turn|29
|
|t:|1760329774
|move|p1a: Iron Moth|Energy Ball|p2a: Slowking
|-supereffective|p2a: Slowking
|-damage|p2a: Slowking|60/100
|move|p2a: Slowking|Hydro Pump|p1a: Iron Moth|[miss]
|-miss|p2a: Slowking|p1a: Iron Moth
|
|-heal|p2a: Slowking|66/100|[from] item: Leftovers
|upkeep
|turn|30
|
|t:|1760329785
|move|p1a: Iron Moth|Energy Ball|p2a: Slowking
|-supereffective|p2a: Slowking
|-damage|p2a: Slowking|38/100
|move|p2a: Slowking|Hydro Pump|p1a: Iron Moth
|-supereffective|p1a: Iron Moth
|-end|p1a: Iron Moth|Substitute
|
|-heal|p2a: Slowking|44/100|[from] item: Leftovers
|upkeep
|turn|31
|
|t:|1760329799
|-end|p1a: Iron Moth|Quark Drive|[silent]
|switch|p1a: Slowking|Slowking, M|100/100 tox
|move|p2a: Slowking|Hydro Pump|p1a: Slowking
|-resisted|p1a: Slowking
|-damage|p1a: Slowking|86/100 tox
|
|-heal|p2a: Slowking|50/100|[from] item: Leftovers
|-damage|p1a: Slowking|79/100 tox|[from] psn
|-sideend|p2: Rolafairy|move: Light Screen
|upkeep
|turn|32
|
|t:|1760329810
|move|p2a: Slowking|Protect|p2a: Slowking
|-singleturn|p2a: Slowking|Protect
|move|p1a: Slowking|Future Sight|p2a: Slowking
|-start|p1a: Slowking|move: Future Sight
|
|-heal|p2a: Slowking|56/100|[from] item: Leftovers
|-damage|p1a: Slowking|67/100 tox|[from] psn
|upkeep
|turn|33
|
|t:|1760329820
|move|p1a: Slowking|Slack Off|p1a: Slowking
|-heal|p1a: Slowking|100/100 tox
|move|p2a: Slowking|Psychic|p1a: Slowking
|-resisted|p1a: Slowking
|-damage|p1a: Slowking|88/100 tox
|
|-heal|p2a: Slowking|62/100|[from] item: Leftovers
|-damage|p1a: Slowking|70/100 tox|[from] psn
|upkeep
|turn|34
|
|t:|1760329829
|switch|p2a: Umbreon|Umbreon, F|100/100
|-damage|p2a: Umbreon|88/100|[from] Stealth Rock
|-prepare|p1a: Slowking|Chilly Reception|[premajor]
|move|p1a: Slowking|Chilly Reception|p1a: Slowking
|-weather|Snowscape
|
|t:|1760329838
|switch|p1a: Iron Moth|Iron Moth|26/100|[from] Chilly Reception
|
|-weather|Snowscape|[upkeep]
|-end|p2a: Umbreon|move: Future Sight
|-immune|p2a: Umbreon
|upkeep
|turn|35
|
|t:|1760329849
|-terastallize|p1a: Iron Moth|Fire
|move|p1a: Iron Moth|Fiery Dance|p2a: Umbreon
|-damage|p2a: Umbreon|57/100
|move|p2a: Umbreon|Moonlight|p2a: Umbreon
|-heal|p2a: Umbreon|81/100
|
|-weather|Snowscape|[upkeep]
|upkeep
|turn|36
|
|t:|1760329861
|move|p1a: Iron Moth|Fiery Dance|p2a: Umbreon
|-damage|p2a: Umbreon|50/100
|-boost|p1a: Iron Moth|spa|1
|-enditem|p2a: Umbreon|Sitrus Berry|[eat]
|-heal|p2a: Umbreon|75/100|[from] item: Sitrus Berry
|move|p2a: Umbreon|Foul Play|p1a: Iron Moth
|-damage|p1a: Iron Moth|0 fnt
|faint|p1a: Iron Moth
|-end|p1a: Iron Moth|Quark Drive|[silent]
|
|-weather|Snowscape|[upkeep]
|upkeep
|
|t:|1760329870
|switch|p1a: Kilowattrel|Kilowattrel, M|26/100 tox
|turn|37
|
|t:|1760329877
|move|p2a: Umbreon|Protect|p2a: Umbreon
|-singleturn|p2a: Umbreon|Protect
|move|p1a: Kilowattrel|Thunderbolt|p2a: Umbreon
|-activate|p2a: Umbreon|move: Protect
|
|-weather|Snowscape|[upkeep]
|-damage|p1a: Kilowattrel|20/100 tox|[from] psn
|upkeep
|turn|38
|
|t:|1760329888
|move|p1a: Kilowattrel|Thunderbolt|p2a: Umbreon
|-damage|p2a: Umbreon|42/100
|move|p2a: Umbreon|Moonlight|p2a: Umbreon
|-heal|p2a: Umbreon|67/100
|
|-weather|none
|-damage|p1a: Kilowattrel|8/100 tox|[from] psn
|upkeep
|turn|39
|
|t:|1760329897
|move|p1a: Kilowattrel|Thunderbolt|p2a: Umbreon
|-damage|p2a: Umbreon|35/100
|move|p2a: Umbreon|Moonlight|p2a: Umbreon
|-heal|p2a: Umbreon|85/100
|
|-damage|p1a: Kilowattrel|0 fnt|[from] psn
|faint|p1a: Kilowattrel
|upkeep
|-message|IMBOUTTOCUHHH forfeited.
|
|win|Rolafairy
|raw|IMBOUTTOCUHHH's rating: 1118 &rarr; <strong>1090</strong><br />(-28 for losing)
|raw|Rolafairy's rating: 1077 &rarr; <strong>1109</strong><br />(+32 for winning)
|l|☆IMBOUTTOCUHHH
|player|p1|
|l|☆Rolafairy
|player|p2|
