|j|☆Shironae
|j|☆spongeon
|t:|1760372214
|gametype|singles
|player|p1|Shironae|n|1351
|player|p2|spongeon|170|1291
|gen|9
|tier|[Gen 9] OU
|rated|
|rule|HP Percentage Mod: HP is shown in percentages
|rule|Endless Battle Clause: Forcing endless battles is banned
|rule|Species Clause: Limit one of each Pokémon
|rule|OHKO Clause: OHKO moves are banned
|rule|Evasion Items Clause: Evasion items are banned
|rule|Evasion Moves Clause: Evasion moves are banned
|rule|Evasion Abilities Clause: Evasion abilities are banned
|rule|Sleep Moves Clause: Sleep-inducing moves are banned
|clearpoke
|poke|p1|Cinderace, F|
|poke|p1|Enamorus, F|
|poke|p1|Dragapult, F|
|poke|p1|Gholdengo|
|poke|p1|Vikavolt, F|
|poke|p1|Swampert, F|
|poke|p2|Zamazenta-*|
|poke|p2|Zapdos|
|poke|p2|Maushold|
|poke|p2|Comfey, M|
|poke|p2|Sandslash-Alola, F|
|poke|p2|Slowking-Galar, F|
|teampreview
|inactive|Battle timer is ON: inactive players will automatically lose when time's up. (requested by Shironae)
|
|t:|1760372225
|teamsize|p1|6
|teamsize|p2|6
|start
|switch|p1a: EMG-02 Arc-Cannon|Vikavolt, F|100/100
|switch|p2a: Zapdos|Zapdos|100/100
|turn|1
|
|t:|1760372232
|move|p2a: Zapdos|Volt Switch|p1a: EMG-02 Arc-Cannon
|-resisted|p1a: EMG-02 Arc-Cannon
|-damage|p1a: EMG-02 Arc-Cannon|68/100
|
|t:|1760372235
|switch|p2a: Maushold|Maushold|100/100|[from] Volt Switch
|move|p1a: EMG-02 Arc-Cannon|Sticky Web|p2a: Maushold
|-sidestart|p2: spongeon|move: Sticky Web
|
|upkeep
|turn|2
|inactive|Shironae has 120 seconds left.
|
|t:|1760372274
|move|p2a: Maushold|Encore|p1a: EMG-02 Arc-Cannon
|-start|p1a: EMG-02 Arc-Cannon|Encore
|move|p1a: EMG-02 Arc-Cannon|Sticky Web||[still]
|-fail|p1a: EMG-02 Arc-Cannon
|
|upkeep
|turn|3
|inactive|Shironae has 120 seconds left.
|
|t:|1760372282
|switch|p1a: Colt. 45|Gholdengo|100/100
|move|p2a: Maushold|Tidy Up|p2a: Maushold
|-sideend|p2: spongeon|Sticky Web
|-activate|p2a: Maushold|move: Tidy Up
|-boost|p2a: Maushold|atk|1
|-boost|p2a: Maushold|spe|1
|
|upkeep
|turn|4
|
|t:|1760372287
|move|p2a: Maushold|Bite|p1a: Colt. 45
|-supereffective|p1a: Colt. 45
|-damage|p1a: Colt. 45|54/100
|-damage|p2a: Maushold|84/100|[from] item: Rocky Helmet|[of] p1a: Colt. 45
|move|p1a: Colt. 45|Thunder Wave|p2a: Maushold
|-status|p2a: Maushold|par
|
|upkeep
|turn|5
|
|t:|1760372293
|move|p2a: Maushold|Bite|p1a: Colt. 45
|-supereffective|p1a: Colt. 45
|-damage|p1a: Colt. 45|8/100
|-damage|p2a: Maushold|67/100 par|[from] item: Rocky Helmet|[of] p1a: Colt. 45
|cant|p1a: Colt. 45|flinch
|
|upkeep
|turn|6
|
|t:|1760372300
|move|p2a: Maushold|Bite|p1a: Colt. 45
|-supereffective|p1a: Colt. 45
|-damage|p1a: Colt. 45|0 fnt
|-damage|p2a: Maushold|51/100 par|[from] item: Rocky Helmet|[of] p1a: Colt. 45
|faint|p1a: Colt. 45
|
|upkeep
|
|t:|1760372302
|switch|p1a: EMG-02 Arc-Cannon|Vikavolt, F|68/100
|turn|7
|
|t:|1760372309
|move|p2a: Maushold|Population Bomb|p1a: EMG-02 Arc-Cannon
|-damage|p1a: EMG-02 Arc-Cannon|51/100
|-damage|p1a: EMG-02 Arc-Cannon|34/100
|-damage|p1a: EMG-02 Arc-Cannon|17/100
|-damage|p1a: EMG-02 Arc-Cannon|1/100
|-damage|p1a: EMG-02 Arc-Cannon|0 fnt
|faint|p1a: EMG-02 Arc-Cannon
|-hitcount|p1: EMG-02 Arc-Cannon|5
|
|upkeep
|
|t:|1760372322
|switch|p1a: B52 Stratofortress|Dragapult, F|100/100
|turn|8
|
|t:|1760372329
|move|p1a: B52 Stratofortress|Dragon Darts|p2a: Maushold
|-damage|p2a: Maushold|0 fnt
|faint|p2a: Maushold
|
|upkeep
|
|t:|1760372339
|switch|p2a: Comfey|Comfey, M|100/100
|turn|9
|
|t:|1760372341
|switch|p1a: IB-30 Superflamer|Cinderace, F|100/100
|move|p2a: Comfey|Calm Mind|p2a: Comfey
|-boost|p2a: Comfey|spa|1
|-boost|p2a: Comfey|spd|1
|
|upkeep
|turn|10
|
|t:|1760372352
|-terastallize|p2a: Comfey|Ground
|move|p1a: IB-30 Superflamer|Pyro Ball|p2a: Comfey
|-damage|p2a: Comfey|31/100
|move|p2a: Comfey|Tera Blast|p1a: IB-30 Superflamer|[anim] Tera Blast Ground
|-supereffective|p1a: IB-30 Superflamer
|-crit|p1a: IB-30 Superflamer
|-damage|p1a: IB-30 Superflamer|0 fnt
|faint|p1a: IB-30 Superflamer
|
|upkeep
|
|t:|1760372368
|switch|p1a: B52 Stratofortress|Dragapult, F|100/100
|turn|11
|
|t:|1760372372
|move|p2a: Comfey|Draining Kiss|p1a: B52 Stratofortress
|-supereffective|p1a: B52 Stratofortress
|-damage|p1a: B52 Stratofortress|0 fnt
|-heal|p2a: Comfey|100/100|[from] drain|[of] p1a: B52 Stratofortress
|faint|p1a: B52 Stratofortress
|
|upkeep
|
|t:|1760372376
|switch|p1a: GBU-43 MOAB|Enamorus, F|100/100
|turn|12
|
|t:|1760372382
|-terastallize|p1a: GBU-43 MOAB|Fairy
|move|p2a: Comfey|Draining Kiss|p1a: GBU-43 MOAB
|-damage|p1a: GBU-43 MOAB|56/100
|move|p1a: GBU-43 MOAB|Moonblast|p2a: Comfey
|-damage|p2a: Comfey|23/100
|
|upkeep
|turn|13
|
|t:|1760372392
|move|p2a: Comfey|Draining Kiss|p1a: GBU-43 MOAB
|-damage|p1a: GBU-43 MOAB|7/100
|-heal|p2a: Comfey|57/100|[from] drain|[of] p1a: GBU-43 MOAB
|move|p1a: GBU-43 MOAB|Moonblast|p2a: Comfey
|-damage|p2a: Comfey|0 fnt
|faint|p2a: Comfey
|
|upkeep
|
|t:|1760372405
|switch|p2a: Slowking|Slowking-Galar, F|100/100
|turn|14
|
|t:|1760372410
|switch|p1a: M-93 HORNET|Swampert, F|100/100
|move|p2a: Slowking|Psychic Noise|p1a: M-93 HORNET
|-damage|p1a: M-93 HORNET|83/100
|-start|p1a: M-93 HORNET|move: Heal Block
|
|upkeep
|turn|15
|
|t:|1760372421
|move|p1a: M-93 HORNET|Knock Off|p2a: Slowking
|-supereffective|p2a: Slowking
|-damage|p2a: Slowking|46/100
|-enditem|p2a: Slowking|Icy Rock|[from] move: Knock Off|[of] p1a: M-93 HORNET
|-prepare|p2a: Slowking|Chilly Reception|[premajor]
|move|p2a: Slowking|Chilly Reception|p2a: Slowking
|-weather|Snowscape
|
|t:|1760372431
|switch|p2a: Sandslash|Sandslash-Alola, F|100/100|[from] Chilly Reception
|
|-weather|Snowscape|[upkeep]
|-end|p1a: M-93 HORNET|move: Heal Block
|upkeep
|turn|16
|
|t:|1760372438
|move|p2a: Sandslash|Triple Axel|p1a: M-93 HORNET
|-damage|p1a: M-93 HORNET|72/100
|-damage|p1a: M-93 HORNET|50/100
|-damage|p1a: M-93 HORNET|17/100
|-hitcount|p1a: M-93 HORNET|3
|move|p1a: M-93 HORNET|Earthquake|p2a: Sandslash
|-supereffective|p2a: Sandslash
|-damage|p2a: Sandslash|45/100
|
|-weather|Snowscape|[upkeep]
|upkeep
|turn|17
|
|t:|1760372447
|move|p2a: Sandslash|Triple Axel|p1a: M-93 HORNET
|-damage|p1a: M-93 HORNET|6/100
|-damage|p1a: M-93 HORNET|0 fnt
|faint|p1a: M-93 HORNET
|-hitcount|p1: M-93 HORNET|2
|
|-weather|Snowscape|[upkeep]
|upkeep
|
|t:|1760372449
|switch|p1a: GBU-43 MOAB|Enamorus, F, tera:Fairy|7/100
|turn|18
|
|t:|1760372453
|move|p2a: Sandslash|Earthquake|p1a: GBU-43 MOAB
|-damage|p1a: GBU-43 MOAB|0 fnt
|faint|p1a: GBU-43 MOAB
|
|win|spongeon
|raw|Shironae's rating: 1351 &rarr; <strong>1328</strong><br />(-23 for losing)
|raw|spongeon's rating: 1291 &rarr; <strong>1320</strong><br />(+29 for winning)
|l|☆Shironae
|player|p1|
|l|☆spongeon
|player|p2|
