|j|☆StarLi
|j|☆ur doggo
|t:|1760326079
|gametype|singles
|player|p1|StarLi|iono|1427
|player|p2|ur doggo|102|1439
|gen|9
|tier|[Gen 9] OU
|rated|
|rule|HP Percentage Mod: HP is shown in percentages
|rule|Endless Battle Clause: Forcing endless battles is banned
|rule|Species Clause: Limit one of each Pokémon
|rule|OHKO Clause: OHKO moves are banned
|rule|Evasion Items Clause: Evasion items are banned
|rule|Evasion Moves Clause: Evasion moves are banned
|rule|Evasion Abilities Clause: Evasion abilities are banned
|rule|Sleep Moves Clause: Sleep-inducing moves are banned
|clearpoke
|poke|p1|Tyranitar, M|
|poke|p1|Sandaconda, M|
|poke|p1|Gastrodon-East, F|
|poke|p1|Gliscor, F|
|poke|p1|Iron Treads|
|poke|p1|Gholdengo|
|poke|p2|Great Tusk|
|poke|p2|Heatran, M|
|poke|p2|Weavile, M|
|poke|p2|Primarina, M|
|poke|p2|Ogerpon, F|
|poke|p2|Pecharunt|
|teampreview
|
|t:|1760326098
|teamsize|p1|6
|teamsize|p2|6
|start
|switch|p1a: Tyranitar|Tyranitar, M|100/100
|switch|p2a: Anonymous|Ogerpon, F|100/100
|-weather|Sandstorm|[from] ability: Sand Stream|[of] p1a: Tyranitar
|turn|1
|
|t:|1760326124
|-terastallize|p2a: Anonymous|Grass
|detailschange|p2a: Anonymous|Ogerpon-Teal-Tera, F, tera:Grass
|-ability|p2a: Anonymous|Embody Aspect (Teal)|boost
|-boost|p2a: Anonymous|spe|1
|-terastallize|p1a: Tyranitar|Flying
|move|p2a: Anonymous|Ivy Cudgel|p1a: Tyranitar
|-resisted|p1a: Tyranitar
|-crit|p1a: Tyranitar
|-damage|p1a: Tyranitar|43/100
|move|p1a: Tyranitar|Ice Beam|p2a: Anonymous
|-supereffective|p2a: Anonymous
|-damage|p2a: Anonymous|57/100
|
|-weather|Sandstorm|[upkeep]
|-damage|p2a: Anonymous|51/100|[from] Sandstorm
|-damage|p1a: Tyranitar|36/100|[from] Sandstorm
|-heal|p1a: Tyranitar|43/100|[from] item: Leftovers
|upkeep
|turn|2
|
|t:|1760326137
|switch|p2a: Celestine|Primarina, M, shiny|100/100
|move|p1a: Tyranitar|Ice Beam|p2a: Celestine
|-resisted|p2a: Celestine
|-damage|p2a: Celestine|95/100
|
|-weather|Sandstorm|[upkeep]
|-damage|p2a: Celestine|89/100|[from] Sandstorm
|-damage|p1a: Tyranitar|36/100|[from] Sandstorm
|-heal|p1a: Tyranitar|43/100|[from] item: Leftovers
|upkeep
|turn|3
|
|t:|1760326154
|switch|p1a: Gastrodon|Gastrodon-East, F|100/100
|move|p2a: Celestine|Moonblast|p1a: Gastrodon
|-damage|p1a: Gastrodon|50/100
|
|-weather|Sandstorm|[upkeep]
|-damage|p2a: Celestine|83/100|[from] Sandstorm
|-heal|p1a: Gastrodon|56/100|[from] item: Leftovers
|upkeep
|turn|4
|
|t:|1760326182
|move|p2a: Celestine|Moonblast|p1a: Gastrodon
|-damage|p1a: Gastrodon|9/100
|move|p1a: Gastrodon|Sludge Bomb|p2a: Celestine
|-supereffective|p2a: Celestine
|-damage|p2a: Celestine|54/100
|
|-weather|Sandstorm|[upkeep]
|-damage|p2a: Celestine|48/100|[from] Sandstorm
|-heal|p1a: Gastrodon|15/100|[from] item: Leftovers
|upkeep
|turn|5
|
|t:|1760326209
|move|p2a: Celestine|Moonblast|p1a: Gastrodon
|-damage|p1a: Gastrodon|0 fnt
|faint|p1a: Gastrodon
|
|-weather|none
|upkeep
|
|t:|1760326229
|switch|p1a: Sandaconda|Sandaconda, M|100/100
|turn|6
|
|t:|1760326250
|move|p1a: Sandaconda|Glare|p2a: Celestine
|-status|p2a: Celestine|par
|cant|p2a: Celestine|par
|
|upkeep
|turn|7
|
|t:|1760326263
|move|p1a: Sandaconda|Earthquake|p2a: Celestine
|-damage|p2a: Celestine|2/100 par
|move|p2a: Celestine|Psychic Noise|p1a: Sandaconda
|-supereffective|p1a: Sandaconda
|-enditem|p1a: Sandaconda|Focus Sash
|-damage|p1a: Sandaconda|1/100
|-start|p1a: Sandaconda|move: Heal Block
|-weather|Sandstorm|[from] ability: Sand Spit|[of] p1a: Sandaconda
|
|-weather|Sandstorm|[upkeep]
|-damage|p2a: Celestine|0 fnt|[from] Sandstorm
|faint|p2a: Celestine
|upkeep
|
|t:|1760326268
|switch|p2a: Anonymous|Ogerpon-Teal-Tera, F, tera:Grass|51/100
|-ability|p2a: Anonymous|Embody Aspect (Teal)|boost
|-boost|p2a: Anonymous|spe|1
|turn|8
|
|t:|1760326281
|move|p2a: Anonymous|Ivy Cudgel|p1a: Sandaconda
|-supereffective|p1a: Sandaconda
|-crit|p1a: Sandaconda
|-damage|p1a: Sandaconda|0 fnt
|faint|p1a: Sandaconda
|
|-weather|Sandstorm|[upkeep]
|-damage|p2a: Anonymous|45/100|[from] Sandstorm
|upkeep
|
|t:|1760326303
|switch|p1a: Tyranitar|Tyranitar, M, tera:Flying|43/100
|turn|9
|
|t:|1760326307
|switch|p2a: Bandit|Weavile, M, shiny|100/100
|-ability|p2a: Bandit|Pressure
|move|p1a: Tyranitar|Ice Beam|p2a: Bandit
|-resisted|p2a: Bandit
|-damage|p2a: Bandit|87/100
|
|-weather|Sandstorm|[upkeep]
|-damage|p2a: Bandit|81/100|[from] Sandstorm
|-damage|p1a: Tyranitar|36/100|[from] Sandstorm
|-heal|p1a: Tyranitar|43/100|[from] item: Leftovers
|upkeep
|turn|10
|
|t:|1760326320
|move|p2a: Bandit|Triple Axel|p1a: Tyranitar
|-supereffective|p1a: Tyranitar
|-damage|p1a: Tyranitar|19/100
|-supereffective|p1a: Tyranitar
|-damage|p1a: Tyranitar|0 fnt
|faint|p1a: Tyranitar
|-hitcount|p1: Tyranitar|2
|
|-weather|Sandstorm|[upkeep]
|-damage|p2a: Bandit|75/100|[from] Sandstorm
|upkeep
|
|t:|1760326334
|switch|p1a: Iron Treads|Iron Treads|100/100
|-enditem|p1a: Iron Treads|Booster Energy
|-activate|p1a: Iron Treads|ability: Quark Drive|[fromitem]
|-start|p1a: Iron Treads|quarkdrivespa
|turn|11
|
|t:|1760326346
|move|p2a: Bandit|Triple Axel|p1a: Iron Treads
|-damage|p1a: Iron Treads|87/100
|-damage|p1a: Iron Treads|62/100
|-damage|p1a: Iron Treads|28/100
|-hitcount|p1a: Iron Treads|3
|move|p1a: Iron Treads|Rapid Spin|p2a: Bandit
|-damage|p2a: Bandit|53/100
|-boost|p1a: Iron Treads|spe|1
|
|-weather|none
|upkeep
|turn|12
|
|t:|1760326357
|switch|p2a: Behemoth|Great Tusk, shiny|100/100
|move|p1a: Iron Treads|Flash Cannon|p2a: Behemoth
|-damage|p2a: Behemoth|33/100
|
|upkeep
|turn|13
|
|t:|1760326363
|move|p1a: Iron Treads|Earth Power|p2a: Behemoth
|-damage|p2a: Behemoth|0 fnt
|faint|p2a: Behemoth
|-end|p2a: Behemoth|Protosynthesis|[silent]
|
|upkeep
|
|t:|1760326366
|switch|p2a: Anonymous|Ogerpon-Teal-Tera, F, tera:Grass|45/100
|-ability|p2a: Anonymous|Embody Aspect (Teal)|boost
|-boost|p2a: Anonymous|spe|1
|turn|14
|inactive|Battle timer is ON: inactive players will automatically lose when time's up. (requested by ur doggo)
|
|t:|1760326403
|move|p2a: Anonymous|Ivy Cudgel|p1a: Iron Treads
|-damage|p1a: Iron Treads|0 fnt
|faint|p1a: Iron Treads
|-end|p1a: Iron Treads|Quark Drive|[silent]
|
|upkeep
|
|t:|1760326413
|switch|p1a: Gliscor|Gliscor, F|100/100
|turn|15
|
|t:|1760326420
|move|p2a: Anonymous|Ivy Cudgel|p1a: Gliscor
|-damage|p1a: Gliscor|24/100
|move|p1a: Gliscor|Knock Off|p2a: Anonymous
|-damage|p2a: Anonymous|20/100
|-enditem|p2a: Anonymous|Choice Band|[from] move: Knock Off|[of] p1a: Gliscor
|
|-status|p1a: Gliscor|tox|[from] item: Toxic Orb
|upkeep
|turn|16
|
|t:|1760326434
|move|p1a: Gliscor|Protect|p1a: Gliscor
|-singleturn|p1a: Gliscor|Protect
|move|p2a: Anonymous|Ivy Cudgel|p1a: Gliscor
|-activate|p1a: Gliscor|move: Protect
|
|-heal|p1a: Gliscor|36/100 tox|[from] ability: Poison Heal
|upkeep
|turn|17
|-message|StarLi forfeited.
|
|win|ur doggo
|raw|StarLi's rating: 1427 &rarr; <strong>1408</strong><br />(-19 for losing)
|raw|ur doggo's rating: 1439 &rarr; <strong>1458</strong><br />(+19 for winning)
|l|☆StarLi
|player|p1|
|l|☆ur doggo
|player|p2|
