|j|☆Dollardasenee
|j|☆randomtralner
|t:|1760432212
|gametype|singles
|player|p1|Dollardasenee|cyrus|1188
|player|p2|randomtralner|plasmagrunt|1229
|gen|9
|tier|[Gen 9] OU
|rated|
|rule|HP Percentage Mod: HP is shown in percentages
|rule|Endless Battle Clause: Forcing endless battles is banned
|rule|Species Clause: Limit one of each Pokémon
|rule|OHKO Clause: OHKO moves are banned
|rule|Evasion Items Clause: Evasion items are banned
|rule|Evasion Moves Clause: Evasion moves are banned
|rule|Evasion Abilities Clause: Evasion abilities are banned
|rule|Sleep Moves Clause: Sleep-inducing moves are banned
|clearpoke
|poke|p1|Maushold-Four|
|poke|p1|Ninetales-Alola, F|
|poke|p1|Ceruledge, M|
|poke|p1|Gliscor, F|
|poke|p1|Darkrai|
|poke|p1|Garganacl, M|
|poke|p2|Garganacl, M|
|poke|p2|Thundurus-Therian, M|
|poke|p2|Skeledirge, M|
|poke|p2|Glimmora, F|
|poke|p2|Samurott-Hisui, M|
|poke|p2|Ninetales-Alola, M|
|teampreview
|inactive|Battle timer is ON: inactive players will automatically lose when time's up. (requested by randomtralner)
|
|t:|1760432223
|teamsize|p1|6
|teamsize|p2|6
|start
|switch|p1a: Ninetales|Ninetales-Alola, F|100/100
|switch|p2a: bombardino|Skeledirge, M|100/100
|-weather|Snowscape|[from] ability: Snow Warning|[of] p1a: Ninetales
|turn|1
|
|t:|1760432229
|move|p1a: Ninetales|Aurora Veil|p1a: Ninetales
|-sidestart|p1: Dollardasenee|move: Aurora Veil
|move|p2a: bombardino|Torch Song|p1a: Ninetales
|-supereffective|p1a: Ninetales
|-damage|p1a: Ninetales|69/100
|-boost|p2a: bombardino|spa|1
|
|-weather|Snowscape|[upkeep]
|upkeep
|turn|2
|
|t:|1760432248
|switch|p1a: Garganacl|Garganacl, M|100/100
|move|p2a: bombardino|Torch Song|p1a: Garganacl
|-resisted|p1a: Garganacl
|-damage|p1a: Garganacl|93/100
|-boost|p2a: bombardino|spa|1
|
|-weather|Snowscape|[upkeep]
|-heal|p1a: Garganacl|99/100|[from] item: Leftovers
|upkeep
|turn|3
|inactive|randomtralner has 120 seconds left.
|
|t:|1760432297
|switch|p2a: snowy|Ninetales-Alola, M|100/100
|move|p1a: Garganacl|Salt Cure|p2a: snowy
|-supereffective|p2a: snowy
|-damage|p2a: snowy|71/100
|-start|p2a: snowy|Salt Cure
|
|-weather|Snowscape|[upkeep]
|-heal|p1a: Garganacl|100/100|[from] item: Leftovers
|-damage|p2a: snowy|59/100|[from] Salt Cure
|upkeep
|turn|4
|
|t:|1760432305
|move|p2a: snowy|Aurora Veil|p2a: snowy
|-sidestart|p2: randomtralner|move: Aurora Veil
|move|p1a: Garganacl|Iron Defense|p1a: Garganacl
|-boost|p1a: Garganacl|def|2
|
|-weather|Snowscape|[upkeep]
|-damage|p2a: snowy|47/100|[from] Salt Cure
|upkeep
|turn|5
|
|t:|1760432323
|switch|p2a: cloud 9|Thundurus-Therian, M|100/100
|move|p1a: Garganacl|Iron Defense|p1a: Garganacl
|-boost|p1a: Garganacl|def|2
|
|-weather|none
|upkeep
|turn|6
|
|t:|1760432328
|move|p2a: cloud 9|Grass Knot|p1a: Garganacl
|-supereffective|p1a: Garganacl
|-damage|p1a: Garganacl|69/100
|move|p1a: Garganacl|Salt Cure|p2a: cloud 9
|-supereffective|p2a: cloud 9
|-crit|p2a: cloud 9
|-damage|p2a: cloud 9|34/100
|-start|p2a: cloud 9|Salt Cure
|
|-heal|p1a: Garganacl|75/100|[from] item: Leftovers
|-damage|p2a: cloud 9|21/100|[from] Salt Cure
|upkeep
|turn|7
|
|t:|1760432334
|move|p2a: cloud 9|Grass Knot|p1a: Garganacl
|-supereffective|p1a: Garganacl
|-damage|p1a: Garganacl|47/100
|move|p1a: Garganacl|Recover|p1a: Garganacl
|-heal|p1a: Garganacl|97/100
|
|-heal|p1a: Garganacl|100/100|[from] item: Leftovers
|-damage|p2a: cloud 9|9/100|[from] Salt Cure
|upkeep
|turn|8
|
|t:|1760432348
|switch|p2a: showdown player|Garganacl, M|100/100
|move|p1a: Garganacl|Iron Defense|p1a: Garganacl
|-boost|p1a: Garganacl|def|2
|
|-sideend|p1: Dollardasenee|move: Aurora Veil
|upkeep
|turn|9
|
|t:|1760432356
|move|p1a: Garganacl|Body Press|p2a: showdown player
|-supereffective|p2a: showdown player
|-damage|p2a: showdown player|41/100
|move|p2a: showdown player|Iron Defense|p2a: showdown player
|-boost|p2a: showdown player|def|2
|
|-heal|p2a: showdown player|47/100|[from] item: Leftovers
|upkeep
|turn|10
|
|t:|1760432361
|move|p2a: showdown player|Iron Defense|p2a: showdown player
|-boost|p2a: showdown player|def|2
|move|p1a: Garganacl|Body Press|p2a: showdown player
|-supereffective|p2a: showdown player
|-damage|p2a: showdown player|28/100
|
|-heal|p2a: showdown player|34/100|[from] item: Leftovers
|upkeep
|turn|11
|
|t:|1760432363
|move|p1a: Garganacl|Salt Cure|p2a: showdown player
|-damage|p2a: showdown player|33/100
|-start|p2a: showdown player|Salt Cure
|move|p2a: showdown player|Recover|p2a: showdown player
|-heal|p2a: showdown player|83/100
|
|-heal|p2a: showdown player|89/100|[from] item: Leftovers
|-damage|p2a: showdown player|77/100|[from] Salt Cure
|-sideend|p2: randomtralner|move: Aurora Veil
|upkeep
|turn|12
|
|t:|1760432372
|move|p2a: showdown player|Salt Cure|p1a: Garganacl
|-damage|p1a: Garganacl|97/100
|-start|p1a: Garganacl|Salt Cure
|move|p1a: Garganacl|Body Press|p2a: showdown player
|-supereffective|p2a: showdown player
|-damage|p2a: showdown player|38/100
|
|-heal|p2a: showdown player|44/100|[from] item: Leftovers
|-heal|p1a: Garganacl|100/100|[from] item: Leftovers
|-damage|p2a: showdown player|31/100|[from] Salt Cure
|-damage|p1a: Garganacl|88/100|[from] Salt Cure
|upkeep
|turn|13
|
|t:|1760432377
|switch|p1a: Ceruledge|Ceruledge, M|100/100
|move|p2a: showdown player|Recover|p2a: showdown player
|-heal|p2a: showdown player|81/100
|
|-heal|p2a: showdown player|88/100|[from] item: Leftovers
|-damage|p2a: showdown player|75/100|[from] Salt Cure
|upkeep
|turn|14
|
|t:|1760432382
|move|p1a: Ceruledge|Swords Dance|p1a: Ceruledge
|-boost|p1a: Ceruledge|atk|2
|move|p2a: showdown player|Salt Cure|p1a: Ceruledge
|-supereffective|p1a: Ceruledge
|-damage|p1a: Ceruledge|43/100
|-start|p1a: Ceruledge|Salt Cure
|-ability|p1a: Ceruledge|Weak Armor|boost
|-unboost|p1a: Ceruledge|def|1
|-boost|p1a: Ceruledge|spe|2
|
|-heal|p2a: showdown player|81/100|[from] item: Leftovers
|-damage|p1a: Ceruledge|30/100|[from] Salt Cure
|-damage|p2a: showdown player|69/100|[from] Salt Cure
|upkeep
|turn|15
|
|t:|1760432389
|move|p1a: Ceruledge|Close Combat|p2a: showdown player
|-supereffective|p2a: showdown player
|-damage|p2a: showdown player|30/100
|-unboost|p1a: Ceruledge|def|1
|-unboost|p1a: Ceruledge|spd|1
|move|p2a: showdown player|Recover|p2a: showdown player
|-heal|p2a: showdown player|80/100
|
|-heal|p2a: showdown player|87/100|[from] item: Leftovers
|-damage|p1a: Ceruledge|18/100|[from] Salt Cure
|-damage|p2a: showdown player|74/100|[from] Salt Cure
|upkeep
|turn|16
|
|t:|1760432395
|move|p1a: Ceruledge|Close Combat|p2a: showdown player
|-supereffective|p2a: showdown player
|-damage|p2a: showdown player|40/100
|-unboost|p1a: Ceruledge|def|1
|-unboost|p1a: Ceruledge|spd|1
|move|p2a: showdown player|Recover|p2a: showdown player
|-heal|p2a: showdown player|90/100
|
|-heal|p2a: showdown player|96/100|[from] item: Leftovers
|-damage|p1a: Ceruledge|6/100|[from] Salt Cure
|-damage|p2a: showdown player|84/100|[from] Salt Cure
|upkeep
|turn|17
|
|t:|1760432400
|move|p1a: Ceruledge|Close Combat|p2a: showdown player
|-supereffective|p2a: showdown player
|-damage|p2a: showdown player|49/100
|-unboost|p1a: Ceruledge|def|1
|-unboost|p1a: Ceruledge|spd|1
|move|p2a: showdown player|Recover|p2a: showdown player
|-heal|p2a: showdown player|99/100
|
|-heal|p2a: showdown player|100/100|[from] item: Leftovers
|-damage|p1a: Ceruledge|0 fnt|[from] Salt Cure
|faint|p1a: Ceruledge
|-damage|p2a: showdown player|88/100|[from] Salt Cure
|upkeep
|
|t:|1760432405
|switch|p1a: Darkrai|Darkrai|100/100
|turn|18
|
|t:|1760432408
|move|p1a: Darkrai|Focus Blast|p2a: showdown player|[miss]
|-miss|p1a: Darkrai|p2a: showdown player
|move|p2a: showdown player|Body Press|p1a: Darkrai
|-supereffective|p1a: Darkrai
|-damage|p1a: Darkrai|0 fnt
|faint|p1a: Darkrai
|
|-heal|p2a: showdown player|94/100|[from] item: Leftovers
|-damage|p2a: showdown player|82/100|[from] Salt Cure
|upkeep
|c|☆randomtralner|oh
|
|t:|1760432419
|switch|p1a: Ninetales|Ninetales-Alola, F|69/100
|-weather|Snowscape|[from] ability: Snow Warning|[of] p1a: Ninetales
|turn|19
|
|t:|1760432422
|move|p1a: Ninetales|Aurora Veil|p1a: Ninetales
|-sidestart|p1: Dollardasenee|move: Aurora Veil
|move|p2a: showdown player|Salt Cure|p1a: Ninetales
|-supereffective|p1a: Ninetales
|-damage|p1a: Ninetales|54/100
|-start|p1a: Ninetales|Salt Cure
|
|-weather|Snowscape|[upkeep]
|-heal|p2a: showdown player|88/100|[from] item: Leftovers
|-damage|p1a: Ninetales|42/100|[from] Salt Cure
|-damage|p2a: showdown player|76/100|[from] Salt Cure
|upkeep
|turn|20
|
|t:|1760432440
|switch|p1a: Gliscor|Gliscor, F|100/100
|move|p2a: showdown player|Iron Defense|p2a: showdown player
|-boost|p2a: showdown player|def|2
|
|-weather|Snowscape|[upkeep]
|-heal|p2a: showdown player|82/100|[from] item: Leftovers
|-damage|p2a: showdown player|70/100|[from] Salt Cure
|-status|p1a: Gliscor|tox|[from] item: Toxic Orb
|upkeep
|turn|21
|
|t:|1760432444
|move|p1a: Gliscor|Knock Off|p2a: showdown player
|-damage|p2a: showdown player|66/100
|-enditem|p2a: showdown player|Leftovers|[from] move: Knock Off|[of] p1a: Gliscor
|move|p2a: showdown player|Salt Cure|p1a: Gliscor
|-damage|p1a: Gliscor|94/100 tox
|-start|p1a: Gliscor|Salt Cure
|
|-weather|Snowscape|[upkeep]
|-heal|p1a: Gliscor|100/100 tox|[from] ability: Poison Heal
|-damage|p1a: Gliscor|88/100 tox|[from] Salt Cure
|-damage|p2a: showdown player|53/100|[from] Salt Cure
|upkeep
|turn|22
|
|t:|1760432459
|switch|p1a: Ninetales|Ninetales-Alola, F|42/100
|move|p2a: showdown player|Recover|p2a: showdown player
|-heal|p2a: showdown player|100/100
|
|-weather|Snowscape|[upkeep]
|-damage|p2a: showdown player|88/100|[from] Salt Cure
|upkeep
|turn|23
|
|t:|1760432463
|move|p1a: Ninetales|Encore|p2a: showdown player
|-start|p2a: showdown player|Encore
|move|p2a: showdown player|Recover|p2a: showdown player
|-heal|p2a: showdown player|100/100
|
|-weather|none
|-damage|p2a: showdown player|88/100|[from] Salt Cure
|upkeep
|turn|24
|
|t:|1760432481
|switch|p1a: Garganacl|Garganacl, M|88/100
|switch|p2a: snowy|Ninetales-Alola, M|47/100
|-weather|Snowscape|[from] ability: Snow Warning|[of] p2a: snowy
|
|-weather|Snowscape|[upkeep]
|-heal|p1a: Garganacl|94/100|[from] item: Leftovers
|upkeep
|turn|25
|
|t:|1760432485
|move|p2a: snowy|Aurora Veil|p2a: snowy
|-sidestart|p2: randomtralner|move: Aurora Veil
|move|p1a: Garganacl|Salt Cure|p2a: snowy
|-supereffective|p2a: snowy
|-damage|p2a: snowy|34/100
|-start|p2a: snowy|Salt Cure
|
|-weather|Snowscape|[upkeep]
|-heal|p1a: Garganacl|100/100|[from] item: Leftovers
|-damage|p2a: snowy|22/100|[from] Salt Cure
|upkeep
|turn|26
|
|t:|1760432499
|switch|p2a: bombardino|Skeledirge, M|100/100
|move|p1a: Garganacl|Iron Defense|p1a: Garganacl
|-boost|p1a: Garganacl|def|2
|
|-weather|Snowscape|[upkeep]
|-sideend|p1: Dollardasenee|move: Aurora Veil
|upkeep
|turn|27
|
|t:|1760432505
|move|p2a: bombardino|Torch Song|p1a: Garganacl
|-resisted|p1a: Garganacl
|-damage|p1a: Garganacl|91/100
|-boost|p2a: bombardino|spa|1
|move|p1a: Garganacl|Salt Cure|p2a: bombardino
|-supereffective|p2a: bombardino
|-damage|p2a: bombardino|89/100
|-start|p2a: bombardino|Salt Cure
|
|-weather|Snowscape|[upkeep]
|-heal|p2a: bombardino|95/100|[from] item: Leftovers
|-heal|p1a: Garganacl|97/100|[from] item: Leftovers
|-damage|p2a: bombardino|83/100|[from] Salt Cure
|upkeep
|turn|28
|
|t:|1760432509
|move|p2a: bombardino|Torch Song|p1a: Garganacl
|-resisted|p1a: Garganacl
|-crit|p1a: Garganacl
|-damage|p1a: Garganacl|74/100
|-boost|p2a: bombardino|spa|1
|move|p1a: Garganacl|Iron Defense|p1a: Garganacl
|-boost|p1a: Garganacl|def|2
|
|-weather|none
|-heal|p2a: bombardino|89/100|[from] item: Leftovers
|-heal|p1a: Garganacl|80/100|[from] item: Leftovers
|-damage|p2a: bombardino|76/100|[from] Salt Cure
|upkeep
|turn|29
|
|t:|1760432514
|move|p2a: bombardino|Torch Song|p1a: Garganacl
|-resisted|p1a: Garganacl
|-damage|p1a: Garganacl|61/100
|-boost|p2a: bombardino|spa|1
|move|p1a: Garganacl|Iron Defense|p1a: Garganacl
|-boost|p1a: Garganacl|def|2
|
|-heal|p2a: bombardino|82/100|[from] item: Leftovers
|-heal|p1a: Garganacl|67/100|[from] item: Leftovers
|-damage|p2a: bombardino|70/100|[from] Salt Cure
|upkeep
|turn|30
|
|t:|1760432520
|move|p2a: bombardino|Torch Song|p1a: Garganacl
|-resisted|p1a: Garganacl
|-damage|p1a: Garganacl|44/100
|-boost|p2a: bombardino|spa|1
|move|p1a: Garganacl|Recover|p1a: Garganacl
|-heal|p1a: Garganacl|94/100
|
|-heal|p2a: bombardino|76/100|[from] item: Leftovers
|-heal|p1a: Garganacl|99/100|[from] item: Leftovers
|-damage|p2a: bombardino|64/100|[from] Salt Cure
|upkeep
|turn|31
|
|t:|1760432530
|move|p2a: bombardino|Slack Off|p2a: bombardino
|-heal|p2a: bombardino|100/100
|move|p1a: Garganacl|Recover|p1a: Garganacl
|-heal|p1a: Garganacl|100/100
|
|-damage|p2a: bombardino|88/100|[from] Salt Cure
|upkeep
|turn|32
|
|t:|1760432533
|move|p2a: bombardino|Torch Song|p1a: Garganacl
|-resisted|p1a: Garganacl
|-damage|p1a: Garganacl|71/100
|-boost|p2a: bombardino|spa|1
|move|p1a: Garganacl|Salt Cure|p2a: bombardino
|-supereffective|p2a: bombardino
|-damage|p2a: bombardino|77/100
|
|-heal|p2a: bombardino|83/100|[from] item: Leftovers
|-heal|p1a: Garganacl|77/100|[from] item: Leftovers
|-damage|p2a: bombardino|71/100|[from] Salt Cure
|-sideend|p2: randomtralner|move: Aurora Veil
|upkeep
|turn|33
|
|t:|1760432539
|-terastallize|p2a: bombardino|Dragon
|move|p2a: bombardino|Torch Song|p1a: Garganacl
|-resisted|p1a: Garganacl
|-damage|p1a: Garganacl|43/100
|-boost|p2a: bombardino|spa|1
|move|p1a: Garganacl|Salt Cure|p2a: bombardino
|-damage|p2a: bombardino|59/100
|
|-heal|p2a: bombardino|65/100|[from] item: Leftovers
|-heal|p1a: Garganacl|49/100|[from] item: Leftovers
|-damage|p2a: bombardino|53/100|[from] Salt Cure
|upkeep
|turn|34
|
|t:|1760432549
|move|p2a: bombardino|Slack Off|p2a: bombardino
|-heal|p2a: bombardino|100/100
|move|p1a: Garganacl|Body Press|p2a: bombardino
|-damage|p2a: bombardino|82/100
|
|-heal|p2a: bombardino|88/100|[from] item: Leftovers
|-heal|p1a: Garganacl|55/100|[from] item: Leftovers
|-damage|p2a: bombardino|76/100|[from] Salt Cure
|upkeep
|turn|35
|
|t:|1760432557
|move|p2a: bombardino|Torch Song|p1a: Garganacl
|-resisted|p1a: Garganacl
|-damage|p1a: Garganacl|17/100
|move|p1a: Garganacl|Recover|p1a: Garganacl
|-heal|p1a: Garganacl|67/100
|
|-heal|p2a: bombardino|82/100|[from] item: Leftovers
|-heal|p1a: Garganacl|73/100|[from] item: Leftovers
|-damage|p2a: bombardino|70/100|[from] Salt Cure
|upkeep
|turn|36
|
|t:|1760432566
|move|p2a: bombardino|Shadow Ball|p1a: Garganacl
|-damage|p1a: Garganacl|37/100
|move|p1a: Garganacl|Recover|p1a: Garganacl
|-heal|p1a: Garganacl|87/100
|
|-heal|p2a: bombardino|76/100|[from] item: Leftovers
|-heal|p1a: Garganacl|93/100|[from] item: Leftovers
|-damage|p2a: bombardino|63/100|[from] Salt Cure
|upkeep
|turn|37
|
|t:|1760432581
|move|p2a: bombardino|Torch Song|p1a: Garganacl
|-resisted|p1a: Garganacl
|-damage|p1a: Garganacl|55/100
|move|p1a: Garganacl|Salt Cure|p2a: bombardino
|-damage|p2a: bombardino|51/100
|
|-heal|p2a: bombardino|57/100|[from] item: Leftovers
|-heal|p1a: Garganacl|62/100|[from] item: Leftovers
|-damage|p2a: bombardino|45/100|[from] Salt Cure
|upkeep
|turn|38
|
|t:|1760432584
|move|p2a: bombardino|Slack Off|p2a: bombardino
|-heal|p2a: bombardino|95/100
|move|p1a: Garganacl|Recover|p1a: Garganacl
|-heal|p1a: Garganacl|100/100
|
|-heal|p2a: bombardino|100/100|[from] item: Leftovers
|-damage|p2a: bombardino|88/100|[from] Salt Cure
|upkeep
|turn|39
|
|t:|1760432590
|move|p2a: bombardino|Shadow Ball|p1a: Garganacl
|-damage|p1a: Garganacl|60/100
|move|p1a: Garganacl|Salt Cure|p2a: bombardino
|-damage|p2a: bombardino|77/100
|
|-heal|p2a: bombardino|83/100|[from] item: Leftovers
|-heal|p1a: Garganacl|66/100|[from] item: Leftovers
|-damage|p2a: bombardino|70/100|[from] Salt Cure
|upkeep
|turn|40
|
|t:|1760432597
|move|p2a: bombardino|Shadow Ball|p1a: Garganacl
|-damage|p1a: Garganacl|25/100
|move|p1a: Garganacl|Salt Cure|p2a: bombardino
|-damage|p2a: bombardino|57/100
|
|-heal|p2a: bombardino|63/100|[from] item: Leftovers
|-heal|p1a: Garganacl|31/100|[from] item: Leftovers
|-damage|p2a: bombardino|51/100|[from] Salt Cure
|upkeep
|turn|41
|
|t:|1760432601
|move|p2a: bombardino|Shadow Ball|p1a: Garganacl
|-damage|p1a: Garganacl|0 fnt
|faint|p1a: Garganacl
|
|-heal|p2a: bombardino|57/100|[from] item: Leftovers
|-damage|p2a: bombardino|45/100|[from] Salt Cure
|upkeep
|
|t:|1760432606
|switch|p1a: Ninetales|Ninetales-Alola, F|42/100
|-weather|Snowscape|[from] ability: Snow Warning|[of] p1a: Ninetales
|turn|42
|
|t:|1760432618
|move|p1a: Ninetales|Aurora Veil|p1a: Ninetales
|-sidestart|p1: Dollardasenee|move: Aurora Veil
|move|p2a: bombardino|Slack Off|p2a: bombardino
|-heal|p2a: bombardino|95/100
|
|-weather|Snowscape|[upkeep]
|-heal|p2a: bombardino|100/100|[from] item: Leftovers
|-damage|p2a: bombardino|88/100|[from] Salt Cure
|upkeep
|turn|43
|
|t:|1760432623
|move|p1a: Ninetales|Encore|p2a: bombardino
|-start|p2a: bombardino|Encore
|move|p2a: bombardino|Slack Off|p2a: bombardino
|-heal|p2a: bombardino|100/100
|
|-weather|Snowscape|[upkeep]
|-damage|p2a: bombardino|88/100|[from] Salt Cure
|upkeep
|turn|44
|
|t:|1760432637
|switch|p1a: Maushold|Maushold-Four|100/100
|switch|p2a: cloud 9|Thundurus-Therian, M|9/100
|
|-weather|Snowscape|[upkeep]
|upkeep
|turn|45
|
|t:|1760432645
|move|p1a: Maushold|Population Bomb|p2a: cloud 9
|-damage|p2a: cloud 9|0 fnt
|faint|p2a: cloud 9
|-hitcount|p2: cloud 9|1
|
|-weather|Snowscape|[upkeep]
|upkeep
|
|t:|1760432654
|switch|p2a: showdown player|Garganacl, M|88/100
|turn|46
|
|t:|1760432660
|move|p1a: Maushold|Tidy Up|p1a: Maushold
|-boost|p1a: Maushold|atk|1
|-boost|p1a: Maushold|spe|1
|move|p2a: showdown player|Salt Cure|p1a: Maushold
|-damage|p1a: Maushold|86/100
|-start|p1a: Maushold|Salt Cure
|
|-weather|none
|-damage|p1a: Maushold|74/100|[from] Salt Cure
|upkeep
|turn|47
|
|t:|1760432665
|move|p1a: Maushold|Bullet Seed|p2a: showdown player
|-supereffective|p2a: showdown player
|-damage|p2a: showdown player|68/100
|-supereffective|p2a: showdown player
|-damage|p2a: showdown player|50/100
|-hitcount|p2a: showdown player|2
|move|p2a: showdown player|Iron Defense|p2a: showdown player
|-boost|p2a: showdown player|def|2
|
|-damage|p1a: Maushold|61/100|[from] Salt Cure
|upkeep
|turn|48
|
|t:|1760432674
|-terastallize|p1a: Maushold|Normal
|move|p1a: Maushold|Population Bomb|p2a: showdown player
|-resisted|p2a: showdown player
|-damage|p2a: showdown player|47/100
|-resisted|p2a: showdown player
|-damage|p2a: showdown player|43/100
|-resisted|p2a: showdown player
|-damage|p2a: showdown player|39/100
|-resisted|p2a: showdown player
|-damage|p2a: showdown player|35/100
|-resisted|p2a: showdown player
|-damage|p2a: showdown player|31/100
|-resisted|p2a: showdown player
|-damage|p2a: showdown player|28/100
|-resisted|p2a: showdown player
|-damage|p2a: showdown player|24/100
|-resisted|p2a: showdown player
|-damage|p2a: showdown player|21/100
|-resisted|p2a: showdown player
|-damage|p2a: showdown player|16/100
|-resisted|p2a: showdown player
|-damage|p2a: showdown player|12/100
|-hitcount|p2a: showdown player|10
|move|p2a: showdown player|Iron Defense|p2a: showdown player
|-boost|p2a: showdown player|def|2
|
|-damage|p1a: Maushold|49/100|[from] Salt Cure
|upkeep
|turn|49
|
|t:|1760432686
|move|p1a: Maushold|Population Bomb|p2a: showdown player
|-resisted|p2a: showdown player
|-damage|p2a: showdown player|10/100
|-resisted|p2a: showdown player
|-damage|p2a: showdown player|7/100
|-resisted|p2a: showdown player
|-damage|p2a: showdown player|4/100
|-resisted|p2a: showdown player
|-damage|p2a: showdown player|2/100
|-resisted|p2a: showdown player
|-damage|p2a: showdown player|0 fnt
|faint|p2a: showdown player
|-hitcount|p2: showdown player|5
|
|-damage|p1a: Maushold|36/100|[from] Salt Cure
|-sideend|p1: Dollardasenee|move: Aurora Veil
|upkeep
|
|t:|1760432701
|switch|p2a: dont attack me|Glimmora, F|100/100
|-item|p2a: dont attack me|Air Balloon
|turn|50
|
|t:|1760432705
|move|p2a: dont attack me|Spiky Shield|p2a: dont attack me
|-singleturn|p2a: dont attack me|move: Protect
|move|p1a: Maushold|Population Bomb|p2a: dont attack me
|-activate|p2a: dont attack me|move: Protect
|-damage|p1a: Maushold|24/100|[from] Spiky Shield|[of] p2a: dont attack me
|
|-damage|p1a: Maushold|11/100|[from] Salt Cure
|upkeep
|turn|51
|
|t:|1760432710
|move|p1a: Maushold|Population Bomb|p2a: dont attack me
|-resisted|p2a: dont attack me
|-damage|p2a: dont attack me|90/100
|-activate|p2a: dont attack me|ability: Toxic Debris
|-sidestart|p1: Dollardasenee|move: Toxic Spikes
|-enditem|p2a: dont attack me|Air Balloon
|-resisted|p2a: dont attack me
|-damage|p2a: dont attack me|79/100
|-activate|p2a: dont attack me|ability: Toxic Debris
|-sidestart|p1: Dollardasenee|move: Toxic Spikes
|-resisted|p2a: dont attack me
|-damage|p2a: dont attack me|69/100
|-resisted|p2a: dont attack me
|-damage|p2a: dont attack me|57/100
|-resisted|p2a: dont attack me
|-damage|p2a: dont attack me|46/100
|-resisted|p2a: dont attack me
|-damage|p2a: dont attack me|35/100
|-resisted|p2a: dont attack me
|-damage|p2a: dont attack me|23/100
|-resisted|p2a: dont attack me
|-damage|p2a: dont attack me|12/100
|-resisted|p2a: dont attack me
|-damage|p2a: dont attack me|0 fnt
|faint|p2a: dont attack me
|-hitcount|p2: dont attack me|9
|
|-damage|p1a: Maushold|0 fnt|[from] Salt Cure
|faint|p1a: Maushold
|upkeep
|
|t:|1760432720
|switch|p1a: Ninetales|Ninetales-Alola, F|42/100
|switch|p2a: snowy|Ninetales-Alola, M|22/100
|-status|p1a: Ninetales|tox
|-weather|Snowscape|[from] ability: Snow Warning|[of] p1a: Ninetales
|turn|52
|
|t:|1760432724
|move|p1a: Ninetales|Icy Wind|p2a: snowy
|-resisted|p2a: snowy
|-damage|p2a: snowy|12/100
|-unboost|p2a: snowy|spe|1
|move|p2a: snowy|Weather Ball|p1a: Ninetales
|-resisted|p1a: Ninetales
|-damage|p1a: Ninetales|25/100 tox
|
|-weather|Snowscape|[upkeep]
|-damage|p1a: Ninetales|19/100 tox|[from] psn
|upkeep
|turn|53
|
|t:|1760432729
|move|p1a: Ninetales|Icy Wind|p2a: snowy
|-resisted|p2a: snowy
|-damage|p2a: snowy|2/100
|-unboost|p2a: snowy|spe|1
|move|p2a: snowy|Weather Ball|p1a: Ninetales
|-resisted|p1a: Ninetales
|-damage|p1a: Ninetales|1/100 tox
|
|-weather|Snowscape|[upkeep]
|-damage|p1a: Ninetales|0 fnt|[from] psn
|faint|p1a: Ninetales
|upkeep
|
|t:|1760432732
|switch|p1a: Gliscor|Gliscor, F|88/100 tox
|turn|54
|
|t:|1760432741
|move|p1a: Gliscor|Knock Off|p2a: snowy
|-resisted|p2a: snowy
|-damage|p2a: snowy|0 fnt
|-enditem|p2a: snowy|Light Clay|[from] move: Knock Off|[of] p1a: Gliscor
|faint|p2a: snowy
|
|-weather|Snowscape|[upkeep]
|-heal|p1a: Gliscor|100/100 tox|[from] ability: Poison Heal
|upkeep
|
|t:|1760432746
|switch|p2a: war crime otter|Samurott-Hisui, M|100/100
|turn|55
|
|t:|1760432753
|move|p2a: war crime otter|Aqua Cutter|p1a: Gliscor
|-supereffective|p1a: Gliscor
|-damage|p1a: Gliscor|39/100 tox
|move|p1a: Gliscor|Toxic|p2a: war crime otter
|-status|p2a: war crime otter|tox
|
|-weather|Snowscape|[upkeep]
|-damage|p2a: war crime otter|94/100 tox|[from] psn
|-heal|p1a: Gliscor|52/100 tox|[from] ability: Poison Heal
|upkeep
|turn|56
|
|t:|1760432764
|move|p1a: Gliscor|Protect|p1a: Gliscor
|-singleturn|p1a: Gliscor|Protect
|move|p2a: war crime otter|Aqua Cutter|p1a: Gliscor
|-activate|p1a: Gliscor|move: Protect
|
|-weather|none
|-damage|p2a: war crime otter|82/100 tox|[from] psn
|-heal|p1a: Gliscor|64/100 tox|[from] ability: Poison Heal
|upkeep
|turn|57
|
|t:|1760432777
|move|p2a: war crime otter|Aqua Cutter|p1a: Gliscor
|-supereffective|p1a: Gliscor
|-crit|p1a: Gliscor
|-damage|p1a: Gliscor|0 fnt
|faint|p1a: Gliscor
|
|win|randomtralner
|raw|Dollardasenee's rating: 1188 &rarr; <strong>1166</strong><br />(-22 for losing)
|raw|randomtralner's rating: 1229 &rarr; <strong>1251</strong><br />(+22 for winning)
|l|☆Dollardasenee
|player|p1|
|c|☆randomtralner|gg
|c|☆randomtralner|lol
|l|☆randomtralner
|player|p2|
