|j|☆sb117
|j|☆01NoRu
|t:|1760440011
|gametype|singles
|player|p1|sb117|acetrainerf|1312
|player|p2|01NoRu|dawn|1252
|gen|9
|tier|[Gen 9] OU
|rated|
|rule|HP Percentage Mod: HP is shown in percentages
|rule|Endless Battle Clause: Forcing endless battles is banned
|rule|Species Clause: Limit one of each Pokémon
|rule|OHKO Clause: OHKO moves are banned
|rule|Evasion Items Clause: Evasion items are banned
|rule|Evasion Moves Clause: Evasion moves are banned
|rule|Evasion Abilities Clause: Evasion abilities are banned
|rule|Sleep Moves Clause: Sleep-inducing moves are banned
|clearpoke
|poke|p1|Garganacl, F|
|poke|p1|Bellossom, F|
|poke|p1|Sinistcha-Masterpiece|
|poke|p1|Muk-Alola, F|
|poke|p1|Great Tusk|
|poke|p1|Heatran, M|
|poke|p2|Ninetales, M|
|poke|p2|Ceruledge, M|
|poke|p2|Venusaur, M|
|poke|p2|Leavanny, F|
|poke|p2|Great Tusk|
|poke|p2|Walking Wake|
|teampreview
|inactive|Battle timer is ON: inactive players will automatically lose when time's up. (requested by sb117)
|
|t:|1760440033
|teamsize|p1|6
|teamsize|p2|6
|start
|switch|p1a: Garganacl|Garganacl, F, shiny|100/100
|switch|p2a: Ninetales|Ninetales, M, shiny|100/100
|-weather|SunnyDay|[from] ability: Drought|[of] p2a: Ninetales
|turn|1
|
|t:|1760440048
|move|p2a: Ninetales|Scorching Sands|p1a: Garganacl
|-supereffective|p1a: Garganacl
|-damage|p1a: Garganacl|73/100
|move|p1a: Garganacl|Substitute|p1a: Garganacl
|-start|p1a: Garganacl|Substitute
|-damage|p1a: Garganacl|48/100
|
|-weather|SunnyDay|[upkeep]
|-heal|p1a: Garganacl|54/100|[from] item: Leftovers
|upkeep
|turn|2
|
|t:|1760440058
|move|p2a: Ninetales|Scorching Sands|p1a: Garganacl
|-supereffective|p1a: Garganacl
|-end|p1a: Garganacl|Substitute
|move|p1a: Garganacl|Recover|p1a: Garganacl
|-heal|p1a: Garganacl|100/100
|
|-weather|SunnyDay|[upkeep]
|upkeep
|turn|3
|
|t:|1760440067
|move|p2a: Ninetales|Encore|p1a: Garganacl
|-start|p1a: Garganacl|Encore
|move|p1a: Garganacl|Recover||[still]
|-fail|p1a: Garganacl|heal
|
|-weather|SunnyDay|[upkeep]
|upkeep
|turn|4
|
|t:|1760440074
|switch|p1a: Muk|Muk-Alola, F, shiny|100/100
|move|p2a: Ninetales|Scorching Sands|p1a: Muk
|-supereffective|p1a: Muk
|-damage|p1a: Muk|85/100
|-status|p1a: Muk|brn
|
|-weather|SunnyDay|[upkeep]
|-damage|p1a: Muk|79/100 brn|[from] brn
|upkeep
|turn|5
|
|t:|1760440087
|-singleturn|p1a: Muk|move: Focus Punch
|move|p2a: Ninetales|Scorching Sands|p1a: Muk
|-supereffective|p1a: Muk
|-damage|p1a: Muk|63/100 brn
|cant|p1a: Muk|Focus Punch|Focus Punch
|
|-weather|SunnyDay|[upkeep]
|-damage|p1a: Muk|57/100 brn|[from] brn
|upkeep
|turn|6
|
|t:|1760440095
|move|p2a: Ninetales|Scorching Sands|p1a: Muk
|-supereffective|p1a: Muk
|-crit|p1a: Muk
|-damage|p1a: Muk|33/100 brn
|move|p1a: Muk|Knock Off|p2a: Ninetales
|-damage|p2a: Ninetales|73/100
|-enditem|p2a: Ninetales|Heat Rock|[from] move: Knock Off|[of] p1a: Muk
|
|-weather|SunnyDay|[upkeep]
|-damage|p1a: Muk|27/100 brn|[from] brn
|upkeep
|turn|7
|
|t:|1760440105
|move|p2a: Ninetales|Scorching Sands|p1a: Muk
|-supereffective|p1a: Muk
|-damage|p1a: Muk|11/100 brn
|move|p1a: Muk|Drain Punch|p2a: Ninetales
|-damage|p2a: Ninetales|59/100
|-heal|p1a: Muk|17/100 brn|[from] drain|[of] p2a: Ninetales
|-status|p2a: Ninetales|psn|[from] ability: Poison Touch|[of] p1a: Muk
|
|-weather|SunnyDay|[upkeep]
|-damage|p2a: Ninetales|47/100 psn|[from] psn
|-damage|p1a: Muk|11/100 brn|[from] brn
|upkeep
|turn|8
|
|t:|1760440117
|move|p1a: Muk|Shadow Sneak|p2a: Ninetales
|-damage|p2a: Ninetales|38/100 psn
|move|p2a: Ninetales|Scorching Sands|p1a: Muk
|-supereffective|p1a: Muk
|-damage|p1a: Muk|0 fnt
|faint|p1a: Muk
|
|-weather|none
|-damage|p2a: Ninetales|26/100 psn|[from] psn
|upkeep
|
|t:|1760440123
|switch|p1a: Heatran|Heatran, M, shiny|100/100
|turn|9
|
|t:|1760440129
|switch|p2a: Leavanny|Leavanny, F|100/100
|move|p1a: Heatran|Protect||[still]
|-fail|p1a: Heatran
|
|upkeep
|turn|10
|
|t:|1760440137
|move|p2a: Leavanny|Sticky Web|p1a: Heatran
|-sidestart|p1: sb117|move: Sticky Web
|move|p1a: Heatran|Magma Storm|p2a: Leavanny|[miss]
|-miss|p1a: Heatran|p2a: Leavanny
|
|upkeep
|turn|11
|
|t:|1760440143
|switch|p2a: Ninetales|Ninetales, M, shiny|26/100 psn
|-weather|SunnyDay|[from] ability: Drought|[of] p2a: Ninetales
|move|p1a: Heatran|Substitute|p1a: Heatran
|-start|p1a: Heatran|Substitute
|-damage|p1a: Heatran|76/100
|
|-weather|SunnyDay|[upkeep]
|-heal|p1a: Heatran|82/100|[from] item: Leftovers
|-damage|p2a: Ninetales|13/100 psn|[from] psn
|upkeep
|turn|12
|
|t:|1760440153
|switch|p2a: Dubya|Walking Wake|100/100
|-activate|p2a: Dubya|ability: Protosynthesis
|-start|p2a: Dubya|protosynthesisspa
|move|p1a: Heatran|Protect||[still]
|-fail|p1a: Heatran
|
|-weather|SunnyDay|[upkeep]
|-heal|p1a: Heatran|88/100|[from] item: Leftovers
|upkeep
|turn|13
|
|t:|1760440161
|move|p2a: Dubya|Hydro Steam|p1a: Heatran
|-supereffective|p1a: Heatran
|-end|p1a: Heatran|Substitute
|move|p1a: Heatran|Substitute|p1a: Heatran
|-start|p1a: Heatran|Substitute
|-damage|p1a: Heatran|63/100
|
|-weather|SunnyDay|[upkeep]
|-heal|p1a: Heatran|69/100|[from] item: Leftovers
|upkeep
|turn|14
|
|t:|1760440169
|move|p1a: Heatran|Protect|p1a: Heatran
|-singleturn|p1a: Heatran|Protect
|move|p2a: Dubya|Hydro Steam|p1a: Heatran
|-activate|p1a: Heatran|move: Protect
|
|-weather|SunnyDay|[upkeep]
|-heal|p1a: Heatran|76/100|[from] item: Leftovers
|upkeep
|turn|15
|
|t:|1760440177
|move|p2a: Dubya|Hydro Steam|p1a: Heatran
|-supereffective|p1a: Heatran
|-end|p1a: Heatran|Substitute
|move|p1a: Heatran|Magma Storm|p2a: Dubya
|-resisted|p2a: Dubya
|-damage|p2a: Dubya|82/100
|-activate|p2a: Dubya|move: Magma Storm|[of] p1a: Heatran
|
|-weather|none
|-end|p2a: Dubya|Protosynthesis
|-heal|p1a: Heatran|82/100|[from] item: Leftovers
|-damage|p2a: Dubya|69/100|[from] move: Magma Storm|[partiallytrapped]
|upkeep
|turn|16
|
|t:|1760440187
|move|p1a: Heatran|Protect|p1a: Heatran
|-singleturn|p1a: Heatran|Protect
|move|p2a: Dubya|Hydro Steam|p1a: Heatran
|-activate|p1a: Heatran|move: Protect
|
|-heal|p1a: Heatran|88/100|[from] item: Leftovers
|-damage|p2a: Dubya|57/100|[from] move: Magma Storm|[partiallytrapped]
|upkeep
|turn|17
|
|t:|1760440196
|switch|p1a: Bellossom|Bellossom, F, shiny|100/100
|-activate|p1a: Bellossom|move: Sticky Web
|-unboost|p1a: Bellossom|spe|1
|move|p2a: Dubya|Hydro Steam|p1a: Bellossom
|-resisted|p1a: Bellossom
|-damage|p1a: Bellossom|61/100
|
|-end|p2a: Dubya|Magma Storm|[partiallytrapped]|[silent]
|upkeep
|turn|18
|
|t:|1760440204
|-end|p2a: Dubya|Protosynthesis|[silent]
|switch|p2a: Ninetales|Ninetales, M, shiny|13/100 psn
|-weather|SunnyDay|[from] ability: Drought|[of] p2a: Ninetales
|move|p1a: Bellossom|Strength Sap|p2a: Ninetales
|-unboost|p2a: Ninetales|atk|1
|-heal|p1a: Bellossom|100/100
|
|-weather|SunnyDay|[upkeep]
|-damage|p2a: Ninetales|1/100 psn|[from] psn
|upkeep
|turn|19
|
|t:|1760440214
|switch|p2a: Venu Vidi Vici|Venusaur, M|100/100
|move|p1a: Bellossom|Quiver Dance|p1a: Bellossom
|-boost|p1a: Bellossom|spa|1
|-boost|p1a: Bellossom|spd|1
|-boost|p1a: Bellossom|spe|1
|
|-weather|SunnyDay|[upkeep]
|upkeep
|turn|20
|
|t:|1760440221
|-terastallize|p1a: Bellossom|Fire
|move|p2a: Venu Vidi Vici|Weather Ball|p1a: Bellossom
|-resisted|p1a: Bellossom
|-damage|p1a: Bellossom|75/100
|-damage|p2a: Venu Vidi Vici|91/100|[from] item: Life Orb
|move|p1a: Bellossom|Tera Blast|p2a: Venu Vidi Vici|[anim] Tera Blast Fire
|-supereffective|p2a: Venu Vidi Vici
|-damage|p2a: Venu Vidi Vici|0 fnt
|faint|p2a: Venu Vidi Vici
|
|-weather|SunnyDay|[upkeep]
|upkeep
|
|t:|1760440231
|switch|p2a: Dubya|Walking Wake|57/100
|-activate|p2a: Dubya|ability: Protosynthesis
|-start|p2a: Dubya|protosynthesisspa
|turn|21
|
|t:|1760440236
|move|p1a: Bellossom|Strength Sap|p2a: Dubya
|-unboost|p2a: Dubya|atk|1
|-heal|p1a: Bellossom|100/100
|move|p2a: Dubya|Hydro Steam|p1a: Bellossom
|-supereffective|p1a: Bellossom
|-damage|p1a: Bellossom|0 fnt
|faint|p1a: Bellossom
|
|-weather|SunnyDay|[upkeep]
|upkeep
|
|t:|1760440248
|switch|p1a: Sinistcha|Sinistcha-Masterpiece, shiny|100/100
|turn|22
|
|t:|1760440258
|-end|p2a: Dubya|Protosynthesis|[silent]
|switch|p2a: Slayboi Carti|Ceruledge, M|100/100
|move|p1a: Sinistcha|Matcha Gotcha|p2a: Slayboi Carti
|-resisted|p2a: Slayboi Carti
|-damage|p2a: Slayboi Carti|78/100
|
|-weather|none
|upkeep
|turn|23
|
|t:|1760440267
|move|p2a: Slayboi Carti|Swords Dance|p2a: Slayboi Carti
|-boost|p2a: Slayboi Carti|atk|2
|move|p1a: Sinistcha|Foul Play|p2a: Slayboi Carti
|-supereffective|p2a: Slayboi Carti
|-damage|p2a: Slayboi Carti|0 fnt
|faint|p2a: Slayboi Carti
|
|upkeep
|
|t:|1760440276
|switch|p2a: Great Tusk|Great Tusk|100/100
|turn|24
|
|t:|1760440291
|move|p2a: Great Tusk|Ice Spinner|p1a: Sinistcha
|-supereffective|p1a: Sinistcha
|-damage|p1a: Sinistcha|50/100
|move|p1a: Sinistcha|Matcha Gotcha|p2a: Great Tusk
|-supereffective|p2a: Great Tusk
|-damage|p2a: Great Tusk|0 fnt
|-heal|p1a: Sinistcha|100/100|[from] drain|[of] p2a: Great Tusk
|faint|p2a: Great Tusk
|-end|p2a: Great Tusk|Protosynthesis|[silent]
|
|upkeep
|
|t:|1760440301
|switch|p2a: Leavanny|Leavanny, F|100/100
|turn|25
|
|t:|1760440312
|switch|p1a: Heatran|Heatran, M, shiny|88/100
|-activate|p1a: Heatran|move: Sticky Web
|-unboost|p1a: Heatran|spe|1
|move|p2a: Leavanny|Triple Axel|p1a: Heatran
|-resisted|p1a: Heatran
|-damage|p1a: Heatran|87/100
|-hitcount|p1a: Heatran|1
|
|-heal|p1a: Heatran|93/100|[from] item: Leftovers
|upkeep
|turn|26
|
|t:|1760440331
|-terastallize|p2a: Leavanny|Ghost
|move|p2a: Leavanny|Low Kick|p1a: Heatran
|-supereffective|p1a: Heatran
|-damage|p1a: Heatran|54/100
|move|p1a: Heatran|Stealth Rock|p2a: Leavanny
|-sidestart|p2: 01NoRu|move: Stealth Rock
|
|-heal|p1a: Heatran|60/100|[from] item: Leftovers
|upkeep
|turn|27
|
|t:|1760440339
|move|p2a: Leavanny|Low Kick|p1a: Heatran
|-supereffective|p1a: Heatran
|-crit|p1a: Heatran
|-damage|p1a: Heatran|0 fnt
|faint|p1a: Heatran
|
|upkeep
|
|t:|1760440349
|switch|p1a: Great Tusk|Great Tusk, shiny|100/100
|turn|28
|
|t:|1760440361
|move|p1a: Great Tusk|Knock Off|p2a: Leavanny
|-supereffective|p2a: Leavanny
|-damage|p2a: Leavanny|0 fnt
|-enditem|p2a: Leavanny|Eject Pack|[from] move: Knock Off|[of] p1a: Great Tusk
|faint|p2a: Leavanny
|
|upkeep
|
|t:|1760440366
|switch|p2a: Ninetales|Ninetales, M, shiny|1/100 psn
|-damage|p2a: Ninetales|0 fnt|[from] Stealth Rock
|faint|p2a: Ninetales
|
|t:|1760440370
|switch|p2a: Dubya|Walking Wake|57/100
|-damage|p2a: Dubya|44/100|[from] Stealth Rock
|turn|29
|
|t:|1760440385
|move|p2a: Dubya|Dragon Pulse|p1a: Great Tusk
|-damage|p1a: Great Tusk|0 fnt
|faint|p1a: Great Tusk
|-end|p1a: Great Tusk|Protosynthesis|[silent]
|
|upkeep
|
|t:|1760440391
|switch|p1a: Sinistcha|Sinistcha-Masterpiece, shiny|100/100
|turn|30
|
|t:|1760440398
|move|p2a: Dubya|Dragon Pulse|p1a: Sinistcha
|-damage|p1a: Sinistcha|13/100
|move|p1a: Sinistcha|Shadow Ball|p2a: Dubya
|-damage|p2a: Dubya|0 fnt
|faint|p2a: Dubya
|-end|p2a: Dubya|Protosynthesis|[silent]
|
|win|sb117
|raw|sb117's rating: 1312 &rarr; <strong>1329</strong><br />(+17 for winning)
|raw|01NoRu's rating: 1252 &rarr; <strong>1231</strong><br />(-21 for losing)
|l|☆01NoRu
|player|p2|
|l|☆sb117
|player|p1|
