|j|☆djwcb810975
|j|☆tuad1
|t:|1760382683
|gametype|singles
|player|p1|djwcb810975|elesa|1247
|player|p2|tuad1|n|1301
|gen|9
|tier|[Gen 9] OU
|rated|
|rule|HP Percentage Mod: HP is shown in percentages
|rule|Endless Battle Clause: Forcing endless battles is banned
|rule|Species Clause: Limit one of each Pokémon
|rule|OHKO Clause: OHKO moves are banned
|rule|Evasion Items Clause: Evasion items are banned
|rule|Evasion Moves Clause: Evasion moves are banned
|rule|Evasion Abilities Clause: Evasion abilities are banned
|rule|Sleep Moves Clause: Sleep-inducing moves are banned
|clearpoke
|poke|p1|Hatterene, F|
|poke|p1|Iron Hands|
|poke|p1|Cresselia, F|
|poke|p1|Hoopa-Unbound|
|poke|p1|Ursaluna, M|
|poke|p1|Uxie|
|poke|p2|Sylveon, M|
|poke|p2|Iron Treads|
|poke|p2|Moltres|
|poke|p2|Raging Bolt|
|poke|p2|Darkrai|
|poke|p2|Pecharunt|
|teampreview
|inactive|Battle timer is ON: inactive players will automatically lose when time's up. (requested by djwcb810975)
|inactive|tuad1 has 120 seconds left.
|inactive|tuad1 has 90 seconds left.
|inactive|tuad1 has 60 seconds left.
|
|t:|1760382784
|teamsize|p1|6
|teamsize|p2|6
|start
|switch|p1a: Cresselia|Cresselia, F|100/100
|switch|p2a: Iron Treads|Iron Treads|100/100
|turn|1
|
|t:|1760382791
|move|p2a: Iron Treads|Stealth Rock|p1a: Cresselia
|-sidestart|p1: djwcb810975|move: Stealth Rock
|move|p1a: Cresselia|Trick Room|p1a: Cresselia
|-fieldstart|move: Trick Room|[of] p1a: Cresselia
|
|upkeep
|turn|2
|
|t:|1760382803
|switch|p1a: Ursaluna|Ursaluna, M|100/100
|-damage|p1a: Ursaluna|94/100|[from] Stealth Rock
|move|p2a: Iron Treads|Knock Off|p1a: Ursaluna
|-crit|p1a: Ursaluna
|-damage|p1a: Ursaluna|69/100
|-enditem|p1a: Ursaluna|Flame Orb|[from] move: Knock Off|[of] p2a: Iron Treads
|
|upkeep
|turn|3
|
|t:|1760382811
|-end|p2a: Iron Treads|Quark Drive|[silent]
|switch|p2a: Moltres|Moltres|100/100
|move|p1a: Ursaluna|Headlong Rush|p2a: Moltres
|-immune|p2a: Moltres
|
|upkeep
|turn|4
|
|t:|1760382820
|move|p1a: Ursaluna|Supercell Slam|p2a: Moltres
|-supereffective|p2a: Moltres
|-damage|p2a: Moltres|26/100
|move|p2a: Moltres|Flamethrower|p1a: Ursaluna
|-damage|p1a: Ursaluna|35/100
|
|upkeep
|turn|5
|
|t:|1760382834
|move|p1a: Ursaluna|Ice Punch|p2a: Moltres
|-damage|p2a: Moltres|0 fnt
|faint|p2a: Moltres
|
|-fieldend|move: Trick Room
|upkeep
|
|t:|1760382840
|switch|p2a: Darkrai|Darkrai|100/100
|turn|6
|
|t:|1760382847
|switch|p1a: Cresselia|Cresselia, F|100/100
|-damage|p1a: Cresselia|88/100|[from] Stealth Rock
|move|p2a: Darkrai|Trick|p1a: Cresselia
|-activate|p2a: Darkrai|move: Trick|[of] p1a: Cresselia
|-item|p1a: Cresselia|Choice Scarf|[from] move: Trick
|-item|p2a: Darkrai|Mental Herb|[from] move: Trick
|
|upkeep
|turn|7
|
|t:|1760382851
|move|p2a: Darkrai|Dark Pulse|p1a: Cresselia
|-supereffective|p1a: Cresselia
|-damage|p1a: Cresselia|47/100
|move|p1a: Cresselia|Trick Room|p1a: Cresselia
|-fieldstart|move: Trick Room|[of] p1a: Cresselia
|
|upkeep
|turn|8
|
|t:|1760382864
|switch|p1a: Ursaluna|Ursaluna, M|35/100
|-damage|p1a: Ursaluna|28/100|[from] Stealth Rock
|move|p2a: Darkrai|Dark Pulse|p1a: Ursaluna
|-damage|p1a: Ursaluna|0 fnt
|faint|p1a: Ursaluna
|
|upkeep
|
|t:|1760382869
|switch|p1a: Iron Hands|Iron Hands|100/100
|-damage|p1a: Iron Hands|94/100|[from] Stealth Rock
|-enditem|p1a: Iron Hands|Booster Energy
|-activate|p1a: Iron Hands|ability: Quark Drive|[fromitem]
|-start|p1a: Iron Hands|quarkdriveatk
|turn|9
|
|t:|1760382896
|switch|p2a: Pecharunt|Pecharunt|100/100
|move|p1a: Iron Hands|Earthquake|p2a: Pecharunt
|-supereffective|p2a: Pecharunt
|-damage|p2a: Pecharunt|48/100
|
|upkeep
|turn|10
|
|t:|1760382911
|move|p1a: Iron Hands|Earthquake|p2a: Pecharunt
|-supereffective|p2a: Pecharunt
|-damage|p2a: Pecharunt|0 fnt
|faint|p2a: Pecharunt
|
|upkeep
|
|t:|1760382919
|switch|p2a: Iron Treads|Iron Treads|100/100
|turn|11
|
|t:|1760382924
|move|p1a: Iron Hands|Close Combat|p2a: Iron Treads
|-supereffective|p2a: Iron Treads
|-damage|p2a: Iron Treads|0 fnt
|-unboost|p1a: Iron Hands|def|1
|-unboost|p1a: Iron Hands|spd|1
|faint|p2a: Iron Treads
|-end|p2a: Iron Treads|Quark Drive|[silent]
|
|-fieldend|move: Trick Room
|upkeep
|
|t:|1760382929
|switch|p2a: Sylveon|Sylveon, M, shiny|100/100
|turn|12
|
|t:|1760382947
|-end|p1a: Iron Hands|Quark Drive|[silent]
|switch|p1a: Cresselia|Cresselia, F|47/100
|-damage|p1a: Cresselia|35/100|[from] Stealth Rock
|move|p2a: Sylveon|Hyper Voice|p1a: Cresselia
|-damage|p1a: Cresselia|0 fnt
|faint|p1a: Cresselia
|
|upkeep
|
|t:|1760382950
|switch|p1a: Uxie|Uxie|100/100
|-damage|p1a: Uxie|88/100|[from] Stealth Rock
|turn|13
|
|t:|1760382957
|move|p2a: Sylveon|Hyper Voice|p1a: Uxie
|-damage|p1a: Uxie|25/100
|move|p1a: Uxie|Trick Room|p1a: Uxie
|-fieldstart|move: Trick Room|[of] p1a: Uxie
|
|upkeep
|turn|14
|
|t:|1760382965
|move|p2a: Sylveon|Hyper Voice|p1a: Uxie
|-damage|p1a: Uxie|0 fnt
|faint|p1a: Uxie
|
|upkeep
|
|t:|1760382972
|switch|p1a: Iron Hands|Iron Hands|94/100
|-damage|p1a: Iron Hands|88/100|[from] Stealth Rock
|turn|15
|
|t:|1760382979
|switch|p2a: Darkrai|Darkrai|100/100
|move|p1a: Iron Hands|Supercell Slam|p2a: Darkrai
|-damage|p2a: Darkrai|23/100
|
|upkeep
|turn|16
|
|t:|1760382989
|move|p1a: Iron Hands|Earthquake|p2a: Darkrai
|-damage|p2a: Darkrai|0 fnt
|faint|p2a: Darkrai
|
|upkeep
|
|t:|1760382993
|switch|p2a: Sylveon|Sylveon, M, shiny|100/100
|turn|17
|
|t:|1760383001
|-terastallize|p1a: Iron Hands|Flying
|move|p1a: Iron Hands|Supercell Slam|p2a: Sylveon
|-damage|p2a: Sylveon|23/100
|move|p2a: Sylveon|Hyper Voice|p1a: Iron Hands
|-damage|p1a: Iron Hands|8/100
|
|-fieldend|move: Trick Room
|upkeep
|turn|18
|
|t:|1760383014
|move|p2a: Sylveon|Hyper Voice|p1a: Iron Hands
|-damage|p1a: Iron Hands|0 fnt
|faint|p1a: Iron Hands
|-end|p1a: Iron Hands|Quark Drive|[silent]
|
|upkeep
|
|t:|1760383016
|switch|p1a: Hatterene|Hatterene, F|100/100
|-damage|p1a: Hatterene|88/100|[from] Stealth Rock
|turn|19
|
|t:|1760383020
|move|p2a: Sylveon|Hyper Voice|p1a: Hatterene
|-damage|p1a: Hatterene|0 fnt
|faint|p1a: Hatterene
|
|upkeep
|-message|djwcb810975 forfeited.
|
|win|tuad1
|raw|djwcb810975's rating: 1247 &rarr; <strong>1226</strong><br />(-21 for losing)
|raw|tuad1's rating: 1301 &rarr; <strong>1318</strong><br />(+17 for winning)
|l|☆djwcb810975
|player|p1|
