|j|☆LusterSN
|j|☆apotato135
|t:|1760396143
|gametype|singles
|player|p1|LusterSN|lucas-gen4pt|1663
|player|p2|apotato135|swimmer-gen4dp|1679
|gen|9
|tier|[Gen 9] OU
|rated|
|rule|HP Percentage Mod: HP is shown in percentages
|rule|Endless Battle Clause: Forcing endless battles is banned
|rule|Species Clause: Limit one of each Pokémon
|rule|OHKO Clause: OHKO moves are banned
|rule|Evasion Items Clause: Evasion items are banned
|rule|Evasion Moves Clause: Evasion moves are banned
|rule|Evasion Abilities Clause: Evasion abilities are banned
|rule|Sleep Moves Clause: Sleep-inducing moves are banned
|clearpoke
|poke|p1|Gastrodon, M|
|poke|p1|Clefable, M|
|poke|p1|Latios, M|
|poke|p1|Meowscarada, F|
|poke|p1|Gholdengo|
|poke|p1|Ursaluna, M|
|poke|p2|Pelipper, F|
|poke|p2|Raging Bolt|
|poke|p2|Tauros-Paldea-Aqua, M|
|poke|p2|Primarina, F|
|poke|p2|Overqwil, F|
|poke|p2|Iron Treads|
|teampreview
|inactive|Battle timer is ON: inactive players will automatically lose when time's up. (requested by apotato135)
|
|t:|1760396173
|teamsize|p1|6
|teamsize|p2|6
|start
|switch|p1a: Latios|Latios, M|100/100
|switch|p2a: Iron Treads|Iron Treads|100/100
|-enditem|p2a: Iron Treads|Booster Energy
|-activate|p2a: Iron Treads|ability: Quark Drive|[fromitem]
|-start|p2a: Iron Treads|quarkdrivespe
|turn|1
|
|t:|1760396183
|move|p2a: Iron Treads|Stealth Rock|p1a: Latios
|-sidestart|p1: LusterSN|move: Stealth Rock
|move|p1a: Latios|Aura Sphere|p2a: Iron Treads
|-supereffective|p2a: Iron Treads
|-damage|p2a: Iron Treads|0 fnt
|faint|p2a: Iron Treads
|-end|p2a: Iron Treads|Quark Drive|[silent]
|
|upkeep
|
|t:|1760396188
|switch|p2a: Primarina|Primarina, F|100/100
|turn|2
|
|t:|1760396201
|switch|p1a: Gholdengo|Gholdengo|100/100
|-damage|p1a: Gholdengo|94/100|[from] Stealth Rock
|-item|p1a: Gholdengo|Air Balloon
|move|p2a: Primarina|Flip Turn|p1a: Gholdengo
|-damage|p1a: Gholdengo|79/100
|-enditem|p1a: Gholdengo|Air Balloon
|
|t:|1760396205
|switch|p2a: Pelipper|Pelipper, F|100/100|[from] Flip Turn
|-weather|RainDance|[from] ability: Drizzle|[of] p2a: Pelipper
|
|-weather|RainDance|[upkeep]
|upkeep
|turn|3
|
|t:|1760396210
|move|p1a: Gholdengo|Shadow Ball|p2a: Pelipper
|-damage|p2a: Pelipper|43/100
|move|p2a: Pelipper|U-turn|p1a: Gholdengo
|-resisted|p1a: Gholdengo
|-damage|p1a: Gholdengo|76/100
|
|t:|1760396213
|switch|p2a: Overqwil|Overqwil, F|100/100|[from] U-turn
|
|-weather|RainDance|[upkeep]
|upkeep
|turn|4
|
|t:|1760396221
|switch|p1a: Gastrodon|Gastrodon, M|100/100
|-damage|p1a: Gastrodon|94/100|[from] Stealth Rock
|move|p2a: Overqwil|Swords Dance|p2a: Overqwil
|-boost|p2a: Overqwil|atk|2
|
|-weather|RainDance|[upkeep]
|upkeep
|turn|5
|
|t:|1760396227
|move|p2a: Overqwil|Crunch|p1a: Gastrodon
|-crit|p1a: Gastrodon
|-damage|p1a: Gastrodon|0 fnt
|-damage|p2a: Overqwil|84/100|[from] item: Rocky Helmet|[of] p1a: Gastrodon
|faint|p1a: Gastrodon
|-damage|p2a: Overqwil|74/100|[from] item: Life Orb
|
|-weather|RainDance|[upkeep]
|upkeep
|
|t:|1760396243
|switch|p1a: Clefable|Clefable, M|100/100
|turn|6
|
|t:|1760396253
|-terastallize|p1a: Clefable|Water
|move|p2a: Overqwil|Liquidation|p1a: Clefable
|-resisted|p1a: Clefable
|-damage|p1a: Clefable|58/100
|-damage|p2a: Overqwil|64/100|[from] item: Life Orb
|move|p1a: Clefable|Moonblast|p2a: Overqwil
|-damage|p2a: Overqwil|19/100
|
|-weather|RainDance|[upkeep]
|-heal|p1a: Clefable|64/100|[from] item: Leftovers
|upkeep
|turn|7
|
|t:|1760396264
|move|p2a: Overqwil|Gunk Shot|p1a: Clefable
|-damage|p1a: Clefable|0 fnt
|faint|p1a: Clefable
|-damage|p2a: Overqwil|10/100|[from] item: Life Orb
|
|-weather|RainDance|[upkeep]
|upkeep
|
|t:|1760396265
|switch|p1a: Meowscarada|Meowscarada, F|100/100
|turn|8
|
|t:|1760396271
|move|p1a: Meowscarada|Sucker Punch|p2a: Overqwil
|-start|p1a: Meowscarada|typechange|Dark|[from] ability: Protean
|-resisted|p2a: Overqwil
|-damage|p2a: Overqwil|0 fnt
|faint|p2a: Overqwil
|
|-weather|RainDance|[upkeep]
|upkeep
|
|t:|1760396281
|switch|p2a: Raging Bolt|Raging Bolt|100/100
|turn|9
|
|t:|1760396290
|move|p2a: Raging Bolt|Draco Meteor|p1a: Meowscarada
|-damage|p1a: Meowscarada|0 fnt
|-unboost|p2a: Raging Bolt|spa|2
|faint|p1a: Meowscarada
|
|-weather|none
|upkeep
|
|t:|1760396317
|switch|p1a: Ursaluna|Ursaluna, M|100/100
|-damage|p1a: Ursaluna|94/100|[from] Stealth Rock
|turn|10
|
|t:|1760396323
|-end|p2a: Raging Bolt|Protosynthesis|[silent]
|switch|p2a: Pelipper|Pelipper, F|43/100
|-weather|RainDance|[from] ability: Drizzle|[of] p2a: Pelipper
|move|p1a: Ursaluna|Facade|p2a: Pelipper
|-damage|p2a: Pelipper|11/100
|
|-weather|RainDance|[upkeep]
|-status|p1a: Ursaluna|brn|[from] item: Flame Orb
|upkeep
|turn|11
|
|t:|1760396328
|move|p1a: Ursaluna|Facade|p2a: Pelipper
|-damage|p2a: Pelipper|0 fnt
|faint|p2a: Pelipper
|
|-weather|RainDance|[upkeep]
|-damage|p1a: Ursaluna|88/100 brn|[from] brn
|upkeep
|
|t:|1760396330
|switch|p2a: Tauros|Tauros-Paldea-Aqua, M|100/100
|-ability|p2a: Tauros|Intimidate|boost
|-unboost|p1a: Ursaluna|atk|1
|turn|12
|
|t:|1760396337
|switch|p1a: Latios|Latios, M|100/100
|-damage|p1a: Latios|88/100|[from] Stealth Rock
|-terastallize|p2a: Tauros|Water
|move|p2a: Tauros|Raging Bull|p1a: Latios
|-resisted|p1a: Latios
|-damage|p1a: Latios|3/100
|
|-weather|RainDance|[upkeep]
|upkeep
|turn|13
|
|t:|1760396346
|switch|p2a: Primarina|Primarina, F|100/100
|move|p1a: Latios|Luster Purge|p2a: Primarina
|-damage|p2a: Primarina|53/100
|-unboost|p2a: Primarina|spd|1
|
|-weather|RainDance|[upkeep]
|upkeep
|turn|14
|
|t:|1760396350
|move|p1a: Latios|Luster Purge|p2a: Primarina
|-damage|p2a: Primarina|0 fnt
|faint|p2a: Primarina
|
|-weather|RainDance|[upkeep]
|upkeep
|
|t:|1760396353
|switch|p2a: Raging Bolt|Raging Bolt|100/100
|turn|15
|
|t:|1760396359
|move|p2a: Raging Bolt|Weather Ball|p1a: Latios
|-resisted|p1a: Latios
|-damage|p1a: Latios|0 fnt
|faint|p1a: Latios
|
|-weather|RainDance|[upkeep]
|upkeep
|
|t:|1760396363
|switch|p1a: Gholdengo|Gholdengo|76/100
|-damage|p1a: Gholdengo|70/100|[from] Stealth Rock
|turn|16
|-message|LusterSN forfeited.
|
|win|apotato135
|raw|LusterSN's rating: 1663 &rarr; <strong>1644</strong><br />(-19 for losing)
|raw|apotato135's rating: 1679 &rarr; <strong>1698</strong><br />(+19 for winning)
|l|☆LusterSN
|player|p1|
|l|☆apotato135
|player|p2|
