|j|☆biduledu77
|j|☆BBMsheep
|t:|1760446868
|gametype|singles
|player|p1|biduledu77|265|1241
|player|p2|BBMsheep|102|1219
|gen|9
|tier|[Gen 9] OU
|rated|
|rule|HP Percentage Mod: HP is shown in percentages
|rule|Endless Battle Clause: Forcing endless battles is banned
|rule|Species Clause: Limit one of each Pokémon
|rule|OHKO Clause: OHKO moves are banned
|rule|Evasion Items Clause: Evasion items are banned
|rule|Evasion Moves Clause: Evasion moves are banned
|rule|Evasion Abilities Clause: Evasion abilities are banned
|rule|Sleep Moves Clause: Sleep-inducing moves are banned
|clearpoke
|poke|p1|Scizor, F|
|poke|p1|Samurott-Hisui, M|
|poke|p1|Corviknight, M|
|poke|p1|Thundurus-Therian, M|
|poke|p1|Garganacl, M|
|poke|p1|Kommo-o, M|
|poke|p2|Garchomp, F|
|poke|p2|Blaziken, M|
|poke|p2|Morpeko, F|
|poke|p2|Heatran, M|
|poke|p2|Zamazenta-*|
|poke|p2|Corviknight, F|
|teampreview
|inactive|Battle timer is ON: inactive players will automatically lose when time's up. (requested by biduledu77)
|
|t:|1760446907
|teamsize|p1|6
|teamsize|p2|6
|start
|switch|p1a: Samurott|Samurott-Hisui, M|100/100
|switch|p2a: 骇爪|Morpeko, F|100/100
|turn|1
|
|t:|1760446920
|move|p1a: Samurott|Sacred Sword|p2a: 骇爪
|-supereffective|p2a: 骇爪
|-damage|p2a: 骇爪|0 fnt
|faint|p2a: 骇爪
|
|upkeep
|
|t:|1760446925
|switch|p2a: 威龙|Garchomp, F|100/100
|turn|2
|
|t:|1760446929
|move|p2a: 威龙|Scale Shot|p1a: Samurott
|-damage|p1a: Samurott|82/100
|-crit|p1a: Samurott
|-damage|p1a: Samurott|56/100
|-damage|p1a: Samurott|38/100
|-damage|p1a: Samurott|22/100
|-hitcount|p1a: Samurott|4
|-unboost|p2a: 威龙|def|1
|-boost|p2a: 威龙|spe|1
|move|p1a: Samurott|Ceaseless Edge|p2a: 威龙
|-damage|p2a: 威龙|31/100
|-damage|p1a: Samurott|10/100|[from] ability: Rough Skin|[of] p2a: 威龙
|-sidestart|p2: BBMsheep|Spikes
|
|upkeep
|turn|3
|
|t:|1760446934
|move|p1a: Samurott|Aqua Jet|p2a: 威龙
|-damage|p2a: 威龙|4/100
|-damage|p1a: Samurott|0 fnt|[from] ability: Rough Skin|[of] p2a: 威龙
|faint|p1a: Samurott
|move|p2a: 威龙|Scale Shot|p1: Samurott|[notarget]
|-fail|p2a: 威龙
|
|upkeep
|
|t:|1760446940
|switch|p1a: Scizor|Scizor, F|100/100
|turn|4
|
|t:|1760446943
|switch|p2a: 银翼|Corviknight, F|100/100
|move|p1a: Scizor|Bullet Punch|p2a: 银翼
|-resisted|p2a: 银翼
|-damage|p2a: 银翼|87/100
|-damage|p1a: Scizor|84/100|[from] item: Rocky Helmet|[of] p2a: 银翼
|-damage|p1a: Scizor|74/100|[from] item: Life Orb
|
|upkeep
|turn|5
|
|t:|1760446948
|move|p2a: 银翼|Defog|p1a: Scizor
|-unboost|p1a: Scizor|evasion|1
|-sideend|p2: BBMsheep|Spikes|[from] move: Defog|[of] p2a: 银翼
|move|p1a: Scizor|Knock Off|p2a: 银翼
|-damage|p2a: 银翼|57/100
|-damage|p1a: Scizor|57/100|[from] item: Rocky Helmet|[of] p2a: 银翼
|-enditem|p2a: 银翼|Rocky Helmet|[from] move: Knock Off|[of] p1a: Scizor
|-damage|p1a: Scizor|47/100|[from] item: Life Orb
|
|upkeep
|turn|6
|
|t:|1760446955
|switch|p1a: Thundurus|Thundurus-Therian, M|100/100
|move|p2a: 银翼|Roost|p2a: 银翼
|-heal|p2a: 银翼|100/100
|-singleturn|p2a: 银翼|move: Roost
|
|upkeep
|turn|7
|
|t:|1760446958
|switch|p2a: 乌鲁鲁|Heatran, M|100/100
|move|p1a: Thundurus|Nasty Plot|p1a: Thundurus
|-boost|p1a: Thundurus|spa|2
|
|upkeep
|turn|8
|
|t:|1760446965
|move|p1a: Thundurus|Volt Switch|p2a: 乌鲁鲁
|-damage|p2a: 乌鲁鲁|54/100
|
|t:|1760446972
|switch|p1a: Kommo-o|Kommo-o, M|100/100|[from] Volt Switch
|move|p2a: 乌鲁鲁|Flamethrower|p1a: Kommo-o
|-resisted|p1a: Kommo-o
|-damage|p1a: Kommo-o|73/100
|
|upkeep
|turn|9
|
|t:|1760446980
|move|p1a: Kommo-o|Clangorous Soul|p1a: Kommo-o
|-boost|p1a: Kommo-o|atk|1
|-boost|p1a: Kommo-o|def|1
|-boost|p1a: Kommo-o|spa|1
|-boost|p1a: Kommo-o|spd|1
|-boost|p1a: Kommo-o|spe|1
|-damage|p1a: Kommo-o|40/100
|-enditem|p1a: Kommo-o|Throat Spray
|-boost|p1a: Kommo-o|spa|1|[from] item: Throat Spray
|move|p2a: 乌鲁鲁|Flash Cannon|p1a: Kommo-o
|-damage|p1a: Kommo-o|4/100
|
|upkeep
|turn|10
|
|t:|1760446990
|move|p1a: Kommo-o|Vacuum Wave|p2a: 乌鲁鲁
|-supereffective|p2a: 乌鲁鲁
|-crit|p2a: 乌鲁鲁
|-damage|p2a: 乌鲁鲁|0 fnt
|faint|p2a: 乌鲁鲁
|
|upkeep
|
|t:|1760446995
|switch|p2a: 红狼|Blaziken, M|100/100
|turn|11
|
|t:|1760447002
|move|p2a: 红狼|Vacuum Wave|p1a: Kommo-o
|-damage|p1a: Kommo-o|0 fnt
|faint|p1a: Kommo-o
|-damage|p2a: 红狼|91/100|[from] item: Life Orb
|
|-ability|p2a: 红狼|Speed Boost|boost
|-boost|p2a: 红狼|spe|1
|upkeep
|
|t:|1760447009
|switch|p1a: Garganacl|Garganacl, M|100/100
|turn|12
|
|t:|1760447021
|switch|p2a: 银翼|Corviknight, F|100/100
|move|p1a: Garganacl|Salt Cure|p2a: 银翼
|-damage|p2a: 银翼|92/100
|-start|p2a: 银翼|Salt Cure
|
|-damage|p2a: 银翼|67/100|[from] Salt Cure
|upkeep
|turn|13
|
|t:|1760447027
|move|p2a: 银翼|U-turn|p1a: Garganacl
|-damage|p1a: Garganacl|94/100
|
|t:|1760447032
|switch|p2a: 红狼|Blaziken, M|91/100|[from] U-turn
|move|p1a: Garganacl|Stealth Rock|p2a: 红狼
|-sidestart|p2: BBMsheep|move: Stealth Rock
|
|-heal|p1a: Garganacl|99/100|[from] item: Leftovers
|upkeep
|turn|14
|
|t:|1760447038
|move|p2a: 红狼|Close Combat|p1a: Garganacl
|-supereffective|p1a: Garganacl
|-damage|p1a: Garganacl|33/100
|-unboost|p2a: 红狼|def|1
|-unboost|p2a: 红狼|spd|1
|-damage|p2a: 红狼|81/100|[from] item: Life Orb
|move|p1a: Garganacl|Salt Cure|p2a: 红狼
|-damage|p2a: 红狼|46/100
|-start|p2a: 红狼|Salt Cure
|
|-heal|p1a: Garganacl|40/100|[from] item: Leftovers
|-damage|p2a: 红狼|33/100|[from] Salt Cure
|-ability|p2a: 红狼|Speed Boost|boost
|-boost|p2a: 红狼|spe|1
|upkeep
|turn|15
|
|t:|1760447048
|switch|p1a: Thundurus|Thundurus-Therian, M|100/100
|move|p2a: 红狼|Close Combat|p1a: Thundurus
|-resisted|p1a: Thundurus
|-damage|p1a: Thundurus|54/100
|-unboost|p2a: 红狼|def|1
|-unboost|p2a: 红狼|spd|1
|-damage|p2a: 红狼|23/100|[from] item: Life Orb
|
|-damage|p2a: 红狼|11/100|[from] Salt Cure
|-ability|p2a: 红狼|Speed Boost|boost
|-boost|p2a: 红狼|spe|1
|upkeep
|turn|16
|
|t:|1760447056
|move|p2a: 红狼|Stone Edge|p1a: Thundurus|[miss]
|-miss|p2a: 红狼|p1a: Thundurus
|move|p1a: Thundurus|Nasty Plot|p1a: Thundurus
|-boost|p1a: Thundurus|spa|2
|
|-damage|p2a: 红狼|0 fnt|[from] Salt Cure
|faint|p2a: 红狼
|upkeep
|
|t:|1760447068
|switch|p2a: 银翼|Corviknight, F|67/100
|-damage|p2a: 银翼|55/100|[from] Stealth Rock
|turn|17
|
|t:|1760447082
|switch|p2a: 威龙|Garchomp, F|4/100
|-damage|p2a: 威龙|0 fnt|[from] Stealth Rock
|faint|p2a: 威龙
|move|p1a: Thundurus|Volt Switch|p2: 威龙|[notarget]
|-fail|p1a: Thundurus
|
|upkeep
|
|t:|1760447088
|switch|p2a: 深蓝|Zamazenta|100/100
|-damage|p2a: 深蓝|94/100|[from] Stealth Rock
|-ability|p2a: 深蓝|Dauntless Shield|boost
|-boost|p2a: 深蓝|def|1
|turn|18
|
|t:|1760447092
|-terastallize|p1a: Thundurus|Ghost
|move|p2a: 深蓝|Light Screen|p2a: 深蓝
|-sidestart|p2: BBMsheep|move: Light Screen
|move|p1a: Thundurus|Tera Blast|p2a: 深蓝|[anim] Tera Blast Ghost
|-damage|p2a: 深蓝|62/100
|
|-heal|p2a: 深蓝|68/100|[from] item: Leftovers
|upkeep
|turn|19
|
|t:|1760447101
|move|p2a: 深蓝|Crunch|p1a: Thundurus
|-supereffective|p1a: Thundurus
|-damage|p1a: Thundurus|0 fnt
|faint|p1a: Thundurus
|
|-heal|p2a: 深蓝|74/100|[from] item: Leftovers
|upkeep
|
|t:|1760447109
|switch|p1a: Corviknight|Corviknight, M|100/100
|-ability|p1a: Corviknight|Pressure
|turn|20
|
|t:|1760447115
|switch|p2a: 银翼|Corviknight, F|55/100
|-damage|p2a: 银翼|43/100|[from] Stealth Rock
|move|p1a: Corviknight|Brave Bird|p2a: 银翼
|-resisted|p2a: 银翼
|-damage|p2a: 银翼|31/100
|-damage|p1a: Corviknight|96/100|[from] Recoil
|
|upkeep
|turn|21
|
|t:|1760447129
|move|p2a: 银翼|Roost|p2a: 银翼
|-heal|p2a: 银翼|81/100
|-singleturn|p2a: 银翼|move: Roost
|move|p1a: Corviknight|U-turn|p2a: 银翼
|-resisted|p2a: 银翼
|-damage|p2a: 银翼|76/100
|
|t:|1760447137
|switch|p1a: Scizor|Scizor, F|47/100|[from] U-turn
|
|upkeep
|turn|22
|
|t:|1760447142
|move|p2a: 银翼|Defog|p1a: Scizor
|-unboost|p1a: Scizor|evasion|1
|-sideend|p2: BBMsheep|Stealth Rock|[from] move: Defog|[of] p2a: 银翼
|move|p1a: Scizor|Knock Off|p2a: 银翼
|-crit|p2a: 银翼
|-damage|p2a: 银翼|47/100
|-damage|p1a: Scizor|38/100|[from] item: Life Orb
|
|-sideend|p2: BBMsheep|move: Light Screen
|upkeep
|turn|23
|
|t:|1760447147
|move|p2a: 银翼|Roost|p2a: 银翼
|-heal|p2a: 银翼|97/100
|-singleturn|p2a: 银翼|move: Roost
|move|p1a: Scizor|U-turn|p2a: 银翼
|-resisted|p2a: 银翼
|-damage|p2a: 银翼|82/100
|-damage|p1a: Scizor|28/100|[from] item: Life Orb
|
|t:|1760447149
|switch|p1a: Garganacl|Garganacl, M|40/100|[from] U-turn
|
|-heal|p1a: Garganacl|46/100|[from] item: Leftovers
|upkeep
|turn|24
|
|t:|1760447156
|switch|p2a: 深蓝|Zamazenta|74/100
|move|p1a: Garganacl|Salt Cure|p2a: 深蓝
|-resisted|p2a: 深蓝
|-damage|p2a: 深蓝|69/100
|-start|p2a: 深蓝|Salt Cure
|
|-heal|p2a: 深蓝|75/100|[from] item: Leftovers
|-heal|p1a: Garganacl|52/100|[from] item: Leftovers
|-damage|p2a: 深蓝|63/100|[from] Salt Cure
|upkeep
|turn|25
|
|t:|1760447163
|move|p2a: 深蓝|Iron Defense|p2a: 深蓝
|-boost|p2a: 深蓝|def|2
|move|p1a: Garganacl|Stealth Rock|p2a: 深蓝
|-sidestart|p2: BBMsheep|move: Stealth Rock
|
|-heal|p2a: 深蓝|69/100|[from] item: Leftovers
|-heal|p1a: Garganacl|58/100|[from] item: Leftovers
|-damage|p2a: 深蓝|57/100|[from] Salt Cure
|upkeep
|turn|26
|
|t:|1760447172
|move|p2a: 深蓝|Body Press|p1a: Garganacl
|-supereffective|p1a: Garganacl
|-damage|p1a: Garganacl|0 fnt
|faint|p1a: Garganacl
|
|-heal|p2a: 深蓝|63/100|[from] item: Leftovers
|-damage|p2a: 深蓝|51/100|[from] Salt Cure
|upkeep
|
|t:|1760447174
|switch|p1a: Corviknight|Corviknight, M|96/100
|-ability|p1a: Corviknight|Pressure
|turn|27
|
|t:|1760447180
|switch|p2a: 银翼|Corviknight, F|82/100
|-damage|p2a: 银翼|69/100|[from] Stealth Rock
|move|p1a: Corviknight|Brave Bird|p2a: 银翼
|-resisted|p2a: 银翼
|-damage|p2a: 银翼|58/100
|-damage|p1a: Corviknight|93/100|[from] Recoil
|
|upkeep
|turn|28
|
|t:|1760447188
|move|p1a: Corviknight|U-turn|p2a: 银翼
|-resisted|p2a: 银翼
|-damage|p2a: 银翼|56/100
|
|t:|1760447190
|switch|p1a: Scizor|Scizor, F|28/100|[from] U-turn
|move|p2a: 银翼|Defog|p1a: Scizor
|-unboost|p1a: Scizor|evasion|1
|-sideend|p2: BBMsheep|Stealth Rock|[from] move: Defog|[of] p2a: 银翼
|
|upkeep
|turn|29
|
|t:|1760447197
|move|p2a: 银翼|Roost|p2a: 银翼
|-heal|p2a: 银翼|100/100
|-singleturn|p2a: 银翼|move: Roost
|move|p1a: Scizor|Knock Off|p2a: 银翼
|-damage|p2a: 银翼|82/100
|-damage|p1a: Scizor|18/100|[from] item: Life Orb
|
|upkeep
|turn|30
|
|t:|1760447205
|move|p2a: 银翼|U-turn|p1a: Scizor
|-resisted|p1a: Scizor
|-damage|p1a: Scizor|10/100
|
|t:|1760447207
|switch|p2a: 深蓝|Zamazenta|51/100|[from] U-turn
|move|p1a: Scizor|Close Combat|p2a: 深蓝
|-crit|p2a: 深蓝
|-damage|p2a: 深蓝|0 fnt
|-unboost|p1a: Scizor|def|1
|-unboost|p1a: Scizor|spd|1
|faint|p2a: 深蓝
|-damage|p1a: Scizor|0 fnt|[from] item: Life Orb
|faint|p1a: Scizor
|
|upkeep
|
|t:|1760447215
|switch|p2a: 银翼|Corviknight, F|82/100
|switch|p1a: Corviknight|Corviknight, M|93/100
|-ability|p1a: Corviknight|Pressure
|turn|31
|
|t:|1760447219
|move|p1a: Corviknight|Brave Bird|p2a: 银翼
|-resisted|p2a: 银翼
|-damage|p2a: 银翼|71/100
|-damage|p1a: Corviknight|89/100|[from] Recoil
|move|p2a: 银翼|Brave Bird|p1a: Corviknight
|-resisted|p1a: Corviknight
|-damage|p1a: Corviknight|78/100
|-damage|p2a: 银翼|68/100|[from] Recoil
|
|upkeep
|turn|32
|
|t:|1760447226
|move|p1a: Corviknight|Brave Bird|p2a: 银翼
|-resisted|p2a: 银翼
|-damage|p2a: 银翼|57/100
|-damage|p1a: Corviknight|75/100|[from] Recoil
|move|p2a: 银翼|Brave Bird|p1a: Corviknight
|-resisted|p1a: Corviknight
|-damage|p1a: Corviknight|64/100
|-damage|p2a: 银翼|54/100|[from] Recoil
|
|upkeep
|turn|33
|
|t:|1760447238
|move|p2a: 银翼|Brave Bird|p1a: Corviknight
|-resisted|p1a: Corviknight
|-damage|p1a: Corviknight|52/100
|-damage|p2a: 银翼|50/100|[from] Recoil
|move|p1a: Corviknight|Brave Bird|p2a: 银翼
|-resisted|p2a: 银翼
|-damage|p2a: 银翼|39/100
|-damage|p1a: Corviknight|48/100|[from] Recoil
|
|upkeep
|turn|34
|
|t:|1760447245
|move|p1a: Corviknight|Roost|p1a: Corviknight
|-heal|p1a: Corviknight|98/100
|-singleturn|p1a: Corviknight|move: Roost
|move|p2a: 银翼|Brave Bird|p1a: Corviknight
|-resisted|p1a: Corviknight
|-damage|p1a: Corviknight|88/100
|-damage|p2a: 银翼|35/100|[from] Recoil
|
|upkeep
|turn|35
|-message|BBMsheep forfeited.
|
|win|biduledu77
|raw|biduledu77's rating: 1241 &rarr; <strong>1264</strong><br />(+23 for winning)
|raw|BBMsheep's rating: 1219 &rarr; <strong>1196</strong><br />(-23 for losing)
|l|☆BBMsheep
|player|p2|
|l|☆biduledu77
|player|p1|
