|j|☆BigDGoose
|j|☆alavergation
|t:|1760320401
|gametype|singles
|player|p1|BigDGoose|hooligans|1243
|player|p2|alavergation|266|1224
|gen|9
|tier|[Gen 9] OU
|rated|
|rule|HP Percentage Mod: HP is shown in percentages
|rule|Endless Battle Clause: Forcing endless battles is banned
|rule|Species Clause: Limit one of each Pokémon
|rule|OHKO Clause: OHKO moves are banned
|rule|Evasion Items Clause: Evasion items are banned
|rule|Evasion Moves Clause: Evasion moves are banned
|rule|Evasion Abilities Clause: Evasion abilities are banned
|rule|Sleep Moves Clause: Sleep-inducing moves are banned
|clearpoke
|poke|p1|Lycanroc-Dusk, M|
|poke|p1|Muk-Alola, F|
|poke|p1|Hatterene, F|
|poke|p1|Trevenant, M|
|poke|p1|Regirock|
|poke|p1|Milotic, F|
|poke|p2|Torkoal, F|
|poke|p2|Hatterene, F|
|poke|p2|Raging Bolt|
|poke|p2|Slither Wing|
|poke|p2|Venusaur, F|
|poke|p2|Walking Wake|
|teampreview
|
|t:|1760320408
|teamsize|p1|6
|teamsize|p2|6
|start
|switch|p1a: Lycanroc|Lycanroc-Dusk, M|100/100
|switch|p2a: Hatterene|Hatterene, F|100/100
|-item|p2a: Hatterene|Air Balloon
|turn|1
|
|t:|1760320418
|move|p1a: Lycanroc|Swords Dance|p1a: Lycanroc
|-boost|p1a: Lycanroc|atk|2
|move|p2a: Hatterene|Trick Room|p2a: Hatterene
|-fieldstart|move: Trick Room|[of] p2a: Hatterene
|
|upkeep
|turn|2
|
|t:|1760320431
|-terastallize|p1a: Lycanroc|Rock
|move|p1a: Lycanroc|Accelerock|p2a: Hatterene
|-damage|p2a: Hatterene|24/100
|-enditem|p2a: Hatterene|Air Balloon
|-damage|p1a: Lycanroc|91/100|[from] item: Life Orb
|move|p2a: Hatterene|Dazzling Gleam|p1a: Lycanroc
|-crit|p1a: Lycanroc
|-damage|p1a: Lycanroc|0 fnt
|faint|p1a: Lycanroc
|
|upkeep
|
|t:|1760320443
|switch|p1a: Muk|Muk-Alola, F|100/100
|turn|3
|
|t:|1760320450
|switch|p2a: Torkoal|Torkoal, F|100/100
|-weather|SunnyDay|[from] ability: Drought|[of] p2a: Torkoal
|move|p1a: Muk|Knock Off|p2a: Torkoal
|-damage|p2a: Torkoal|62/100
|-enditem|p2a: Torkoal|Heat Rock|[from] move: Knock Off|[of] p1a: Muk
|
|-weather|SunnyDay|[upkeep]
|upkeep
|turn|4
|
|t:|1760320458
|move|p2a: Torkoal|Earthquake|p1a: Muk
|-supereffective|p1a: Muk
|-damage|p1a: Muk|51/100
|move|p1a: Muk|Drain Punch|p2a: Torkoal
|-crit|p2a: Torkoal
|-damage|p2a: Torkoal|37/100
|-heal|p1a: Muk|62/100|[from] drain|[of] p2a: Torkoal
|
|-weather|SunnyDay|[upkeep]
|-heal|p1a: Muk|68/100|[from] item: Black Sludge
|upkeep
|turn|5
|
|t:|1760320469
|switch|p2a: Slither Wing|Slither Wing|100/100
|-activate|p2a: Slither Wing|ability: Protosynthesis
|-start|p2a: Slither Wing|protosynthesisatk
|switch|p1a: Milotic|Milotic, F|100/100
|
|-weather|SunnyDay|[upkeep]
|-fieldend|move: Trick Room
|-status|p1a: Milotic|brn|[from] item: Flame Orb
|upkeep
|turn|6
|
|t:|1760320474
|move|p2a: Slither Wing|First Impression|p1a: Milotic
|-damage|p1a: Milotic|61/100 brn
|move|p1a: Milotic|Scald|p2a: Slither Wing
|-damage|p2a: Slither Wing|91/100
|-status|p2a: Slither Wing|brn
|
|-weather|SunnyDay|[upkeep]
|-damage|p2a: Slither Wing|85/100 brn|[from] brn
|-damage|p1a: Milotic|55/100 brn|[from] brn
|upkeep
|turn|7
|
|t:|1760320485
|move|p2a: Slither Wing|U-turn|p1a: Milotic
|-damage|p1a: Milotic|39/100 brn
|
|t:|1760320509
|-end|p2a: Slither Wing|Protosynthesis|[silent]
|switch|p2a: Raging Bolt|Raging Bolt|100/100|[from] U-turn
|-activate|p2a: Raging Bolt|ability: Protosynthesis
|-start|p2a: Raging Bolt|protosynthesisspa
|move|p1a: Milotic|Recover|p1a: Milotic
|-heal|p1a: Milotic|89/100 brn
|
|-weather|SunnyDay|[upkeep]
|-damage|p1a: Milotic|83/100 brn|[from] brn
|upkeep
|turn|8
|
|t:|1760320515
|move|p2a: Raging Bolt|Solar Beam||[still]
|-prepare|p2a: Raging Bolt|Solar Beam
|-anim|p2a: Raging Bolt|Solar Beam|p1a: Milotic
|-supereffective|p1a: Milotic
|-crit|p1a: Milotic
|-damage|p1a: Milotic|0 fnt
|faint|p1a: Milotic
|-damage|p2a: Raging Bolt|91/100|[from] item: Life Orb
|
|-weather|SunnyDay|[upkeep]
|upkeep
|
|t:|1760320520
|switch|p1a: Trevenant|Trevenant, M|100/100
|turn|9
|
|t:|1760320527
|move|p2a: Raging Bolt|Weather Ball|p1a: Trevenant
|-supereffective|p1a: Trevenant
|-damage|p1a: Trevenant|0 fnt
|faint|p1a: Trevenant
|-damage|p2a: Raging Bolt|81/100|[from] item: Life Orb
|
|-weather|SunnyDay|[upkeep]
|upkeep
|
|t:|1760320534
|switch|p1a: Hatterene|Hatterene, F|100/100
|turn|10
|
|t:|1760320561
|-end|p2a: Raging Bolt|Protosynthesis|[silent]
|switch|p2a: Hatterene|Hatterene, F|24/100
|move|p1a: Hatterene|Mystical Fire|p2a: Hatterene
|-damage|p2a: Hatterene|0 fnt
|faint|p2a: Hatterene
|
|-weather|none
|upkeep
|
|t:|1760320568
|switch|p2a: Torkoal|Torkoal, F|37/100
|-weather|SunnyDay|[from] ability: Drought|[of] p2a: Torkoal
|turn|11
|
|t:|1760320574
|switch|p2a: Slither Wing|Slither Wing|85/100 brn
|-activate|p2a: Slither Wing|ability: Protosynthesis
|-start|p2a: Slither Wing|protosynthesisatk
|move|p1a: Hatterene|Calm Mind|p1a: Hatterene
|-boost|p1a: Hatterene|spa|1
|-boost|p1a: Hatterene|spd|1
|
|-weather|SunnyDay|[upkeep]
|-damage|p2a: Slither Wing|78/100 brn|[from] brn
|upkeep
|turn|12
|
|t:|1760320577
|move|p2a: Slither Wing|First Impression|p1a: Hatterene
|-damage|p1a: Hatterene|57/100
|move|p1a: Hatterene|Draining Kiss|p2a: Slither Wing
|-supereffective|p2a: Slither Wing
|-damage|p2a: Slither Wing|22/100 brn
|-heal|p1a: Hatterene|100/100|[from] drain|[of] p2a: Slither Wing
|
|-weather|SunnyDay|[upkeep]
|-damage|p2a: Slither Wing|16/100 brn|[from] brn
|upkeep
|turn|13
|
|t:|1760320584
|move|p2a: Slither Wing|U-turn|p1a: Hatterene
|-damage|p1a: Hatterene|68/100
|
|t:|1760320598
|-end|p2a: Slither Wing|Protosynthesis|[silent]
|switch|p2a: Venusaur|Venusaur, F|100/100|[from] U-turn
|move|p1a: Hatterene|Draining Kiss|p2a: Venusaur
|-resisted|p2a: Venusaur
|-damage|p2a: Venusaur|73/100
|-heal|p1a: Hatterene|93/100|[from] drain|[of] p2a: Venusaur
|
|-weather|SunnyDay|[upkeep]
|-heal|p1a: Hatterene|99/100|[from] item: Leftovers
|upkeep
|turn|14
|
|t:|1760320603
|move|p2a: Venusaur|Growth|p2a: Venusaur
|-boost|p2a: Venusaur|atk|2
|-boost|p2a: Venusaur|spa|2
|move|p1a: Hatterene|Mystical Fire|p2a: Venusaur
|-supereffective|p2a: Venusaur
|-damage|p2a: Venusaur|0 fnt
|faint|p2a: Venusaur
|
|-weather|SunnyDay|[upkeep]
|-heal|p1a: Hatterene|100/100|[from] item: Leftovers
|upkeep
|
|t:|1760320607
|switch|p2a: Raging Bolt|Raging Bolt|81/100
|-activate|p2a: Raging Bolt|ability: Protosynthesis
|-start|p2a: Raging Bolt|protosynthesisspa
|turn|15
|
|t:|1760320614
|-terastallize|p2a: Raging Bolt|Ghost
|move|p2a: Raging Bolt|Weather Ball|p1a: Hatterene
|-damage|p1a: Hatterene|24/100
|-damage|p2a: Raging Bolt|71/100|[from] item: Life Orb
|move|p1a: Hatterene|Draining Kiss|p2a: Raging Bolt
|-damage|p2a: Raging Bolt|25/100
|-heal|p1a: Hatterene|76/100|[from] drain|[of] p2a: Raging Bolt
|
|-weather|none
|-end|p2a: Raging Bolt|Protosynthesis
|-heal|p1a: Hatterene|82/100|[from] item: Leftovers
|upkeep
|turn|16
|
|t:|1760320627
|-end|p2a: Raging Bolt|Protosynthesis|[silent]
|switch|p2a: Torkoal|Torkoal, F|37/100
|-weather|SunnyDay|[from] ability: Drought|[of] p2a: Torkoal
|move|p1a: Hatterene|Draining Kiss|p2a: Torkoal
|-resisted|p2a: Torkoal
|-damage|p2a: Torkoal|11/100
|-heal|p1a: Hatterene|100/100|[from] drain|[of] p2a: Torkoal
|
|-weather|SunnyDay|[upkeep]
|upkeep
|turn|17
|
|t:|1760320633
|move|p1a: Hatterene|Calm Mind|p1a: Hatterene
|-boost|p1a: Hatterene|spa|1
|-boost|p1a: Hatterene|spd|1
|move|p2a: Torkoal|Earthquake|p1a: Hatterene
|-crit|p1a: Hatterene
|-damage|p1a: Hatterene|63/100
|
|-weather|SunnyDay|[upkeep]
|-heal|p1a: Hatterene|69/100|[from] item: Leftovers
|upkeep
|turn|18
|
|t:|1760320646
|switch|p2a: Walking Wake|Walking Wake|100/100
|-activate|p2a: Walking Wake|ability: Protosynthesis
|-start|p2a: Walking Wake|protosynthesisspe
|move|p1a: Hatterene|Draining Kiss|p2a: Walking Wake
|-supereffective|p2a: Walking Wake
|-damage|p2a: Walking Wake|0 fnt
|-heal|p1a: Hatterene|100/100|[from] drain|[of] p2a: Walking Wake
|faint|p2a: Walking Wake
|-end|p2a: Walking Wake|Protosynthesis|[silent]
|
|-weather|SunnyDay|[upkeep]
|upkeep
|-message|alavergation forfeited.
|
|win|BigDGoose
|raw|BigDGoose's rating: 1243 &rarr; <strong>1267</strong><br />(+24 for winning)
|raw|alavergation's rating: 1224 &rarr; <strong>1200</strong><br />(-24 for losing)
|l|☆alavergation
|player|p2|
|l|☆BigDGoose
|player|p1|
