|j|☆psychedelic_kit
|j|☆pichin
|t:|1760397895
|gametype|singles
|player|p1|psychedelic_kit|red|1143
|player|p2|pichin|mira|1137
|gen|9
|tier|[Gen 9] OU
|rated|
|rule|HP Percentage Mod: HP is shown in percentages
|rule|Endless Battle Clause: Forcing endless battles is banned
|rule|Species Clause: Limit one of each Pokémon
|rule|OHKO Clause: OHKO moves are banned
|rule|Evasion Items Clause: Evasion items are banned
|rule|Evasion Moves Clause: Evasion moves are banned
|rule|Evasion Abilities Clause: Evasion abilities are banned
|rule|Sleep Moves Clause: Sleep-inducing moves are banned
|clearpoke
|poke|p1|Glimmora, F|
|poke|p1|Meowscarada, M|
|poke|p1|Walking Wake|
|poke|p1|Volbeat, M|
|poke|p1|Kingambit, M|
|poke|p1|Gliscor, M|
|poke|p2|Forretress, F|
|poke|p2|Cacturne, F|
|poke|p2|Hippowdon, F|
|poke|p2|Tropius, M|
|poke|p2|Salazzle, F|
|poke|p2|Vaporeon, M|
|teampreview
|
|t:|1760397903
|teamsize|p1|6
|teamsize|p2|6
|start
|switch|p1a: Volbeat|Volbeat, M|100/100
|switch|p2a: Hippowdon|Hippowdon, F|100/100
|-weather|Sandstorm|[from] ability: Sand Stream|[of] p2a: Hippowdon
|turn|1
|
|t:|1760397913
|switch|p1a: Gliscor|Gliscor, M|100/100
|move|p2a: Hippowdon|Stealth Rock|p1a: Gliscor
|-sidestart|p1: psychedelic_kit|move: Stealth Rock
|
|-weather|Sandstorm|[upkeep]
|-status|p1a: Gliscor|tox|[from] item: Toxic Orb
|upkeep
|turn|2
|
|t:|1760397922
|switch|p2a: Forretress|Forretress, F|100/100
|move|p1a: Gliscor|Toxic|p2a: Forretress
|-immune|p2a: Forretress
|
|-weather|Sandstorm|[upkeep]
|upkeep
|turn|3
|
|t:|1760397936
|switch|p1a: Glimmora|Glimmora, F|100/100
|-damage|p1a: Glimmora|88/100|[from] Stealth Rock
|move|p2a: Forretress|Spikes|p1a: Glimmora
|-sidestart|p1: psychedelic_kit|Spikes
|
|-weather|Sandstorm|[upkeep]
|-heal|p1a: Glimmora|94/100|[from] item: Leftovers
|upkeep
|turn|4
|
|t:|1760397951
|move|p1a: Glimmora|Mortal Spin|p2a: Forretress
|-immune|p2a: Forretress
|move|p2a: Forretress|Volt Switch|p1a: Glimmora
|-damage|p1a: Glimmora|86/100
|
|t:|1760397961
|switch|p2a: Hippowdon|Hippowdon, F|100/100|[from] Volt Switch
|
|-weather|Sandstorm|[upkeep]
|-heal|p1a: Glimmora|92/100|[from] item: Leftovers
|upkeep
|turn|5
|
|t:|1760397970
|move|p1a: Glimmora|Spiky Shield|p1a: Glimmora
|-singleturn|p1a: Glimmora|move: Protect
|move|p2a: Hippowdon|Earthquake|p1a: Glimmora
|-activate|p1a: Glimmora|move: Protect
|
|-weather|none
|-heal|p1a: Glimmora|98/100|[from] item: Leftovers
|upkeep
|turn|6
|
|t:|1760397981
|switch|p1a: Gliscor|Gliscor, M|100/100 tox
|-damage|p1a: Gliscor|88/100 tox|[from] Stealth Rock
|move|p2a: Hippowdon|Earthquake|p1a: Gliscor
|-immune|p1a: Gliscor
|
|-heal|p1a: Gliscor|100/100 tox|[from] ability: Poison Heal
|upkeep
|turn|7
|
|t:|1760397994
|switch|p2a: Forretress|Forretress, F|100/100
|move|p1a: Gliscor|Earthquake|p2a: Forretress
|-damage|p2a: Forretress|83/100
|
|upkeep
|turn|8
|
|t:|1760398003
|move|p1a: Gliscor|Stealth Rock|p2a: Forretress
|-sidestart|p2: pichin|move: Stealth Rock
|move|p2a: Forretress|Spikes|p1a: Gliscor
|-sidestart|p1: psychedelic_kit|Spikes
|
|upkeep
|turn|9
|
|t:|1760398014
|switch|p1a: Volbeat|Volbeat, M|100/100
|-damage|p1a: Volbeat|75/100|[from] Stealth Rock
|-damage|p1a: Volbeat|59/100|[from] Spikes
|move|p2a: Forretress|Rapid Spin|p1a: Volbeat
|-damage|p1a: Volbeat|49/100
|-boost|p2a: Forretress|spe|1
|-sideend|p2: pichin|Stealth Rock|[from] move: Rapid Spin|[of] p2a: Forretress
|
|-heal|p1a: Volbeat|55/100|[from] item: Leftovers
|upkeep
|turn|10
|
|t:|1760398029
|move|p1a: Volbeat|Thunder Wave|p2a: Forretress
|-status|p2a: Forretress|par
|cant|p2a: Forretress|par
|
|-heal|p1a: Volbeat|61/100|[from] item: Leftovers
|upkeep
|turn|11
|
|t:|1760398039
|switch|p2a: Hippowdon|Hippowdon, F|100/100
|-weather|Sandstorm|[from] ability: Sand Stream|[of] p2a: Hippowdon
|move|p1a: Volbeat|Tailwind|p1a: Volbeat
|-sidestart|p1: psychedelic_kit|move: Tailwind
|
|-weather|Sandstorm|[upkeep]
|-damage|p1a: Volbeat|55/100|[from] Sandstorm
|-heal|p1a: Volbeat|61/100|[from] item: Leftovers
|upkeep
|turn|12
|
|t:|1760398052
|switch|p1a: Walking Wake|Walking Wake|100/100
|-damage|p1a: Walking Wake|88/100|[from] Stealth Rock
|-damage|p1a: Walking Wake|72/100|[from] Spikes
|-enditem|p1a: Walking Wake|Booster Energy
|-activate|p1a: Walking Wake|ability: Protosynthesis|[fromitem]
|-start|p1a: Walking Wake|protosynthesisspa
|move|p2a: Hippowdon|Roar|p1a: Walking Wake
|-end|p1a: Walking Wake|Protosynthesis|[silent]
|drag|p1a: Glimmora|Glimmora, F|98/100
|-damage|p1a: Glimmora|86/100|[from] Stealth Rock
|-damage|p1a: Glimmora|69/100|[from] Spikes
|
|-weather|Sandstorm|[upkeep]
|-heal|p1a: Glimmora|76/100|[from] item: Leftovers
|upkeep
|turn|13
|
|t:|1760398069
|switch|p2a: Forretress|Forretress, F|83/100 par
|move|p1a: Glimmora|Mortal Spin|p2a: Forretress
|-immune|p2a: Forretress
|
|-weather|Sandstorm|[upkeep]
|-heal|p1a: Glimmora|82/100|[from] item: Leftovers
|upkeep
|turn|14
|
|t:|1760398095
|move|p1a: Glimmora|Spiky Shield|p1a: Glimmora
|-singleturn|p1a: Glimmora|move: Protect
|move|p2a: Forretress|Volt Switch|p1a: Glimmora
|-activate|p1a: Glimmora|move: Protect
|
|-weather|Sandstorm|[upkeep]
|-heal|p1a: Glimmora|88/100|[from] item: Leftovers
|-sideend|p1: psychedelic_kit|move: Tailwind
|upkeep
|turn|15
|
|t:|1760398126
|move|p1a: Glimmora|Sludge Bomb|p2a: Forretress
|-immune|p2a: Forretress
|cant|p2a: Forretress|par
|
|-weather|none
|-heal|p1a: Glimmora|94/100|[from] item: Leftovers
|upkeep
|turn|16
|
|t:|1760398139
|switch|p1a: Gliscor|Gliscor, M|100/100 tox
|-damage|p1a: Gliscor|88/100 tox|[from] Stealth Rock
|move|p2a: Forretress|Toxic Spikes|p1a: Gliscor
|-sidestart|p1: psychedelic_kit|move: Toxic Spikes
|
|-heal|p1a: Gliscor|100/100 tox|[from] ability: Poison Heal
|upkeep
|turn|17
|
|t:|1760398162
|switch|p2a: Vaporeon|Vaporeon, M|100/100
|move|p1a: Gliscor|Earthquake|p2a: Vaporeon
|-damage|p2a: Vaporeon|69/100
|
|-heal|p2a: Vaporeon|75/100|[from] item: Leftovers
|upkeep
|turn|18
|
|t:|1760398180
|move|p1a: Gliscor|Stealth Rock|p2a: Vaporeon
|-sidestart|p2: pichin|move: Stealth Rock
|move|p2a: Vaporeon|Ice Beam|p1a: Gliscor
|-supereffective|p1a: Gliscor
|-damage|p1a: Gliscor|0 fnt
|faint|p1a: Gliscor
|
|-heal|p2a: Vaporeon|82/100|[from] item: Leftovers
|upkeep
|
|t:|1760398190
|switch|p1a: Glimmora|Glimmora, F|94/100
|-damage|p1a: Glimmora|82/100|[from] Stealth Rock
|-damage|p1a: Glimmora|65/100|[from] Spikes
|-sideend|p1: psychedelic_kit|move: Toxic Spikes|[of] p1a: Glimmora
|turn|19
|
|t:|1760398198
|switch|p1a: Walking Wake|Walking Wake|72/100
|-damage|p1a: Walking Wake|59/100|[from] Stealth Rock
|-damage|p1a: Walking Wake|43/100|[from] Spikes
|switch|p2a: Forretress|Forretress, F|83/100 par
|-damage|p2a: Forretress|70/100 par|[from] Stealth Rock
|
|upkeep
|turn|20
|
|t:|1760398218
|switch|p2a: Vaporeon|Vaporeon, M|82/100
|-damage|p2a: Vaporeon|69/100|[from] Stealth Rock
|move|p1a: Walking Wake|Flamethrower|p2a: Vaporeon
|-resisted|p2a: Vaporeon
|-damage|p2a: Vaporeon|61/100
|
|-heal|p2a: Vaporeon|67/100|[from] item: Leftovers
|upkeep
|turn|21
|
|t:|1760398228
|move|p1a: Walking Wake|Draco Meteor|p2a: Vaporeon
|-damage|p2a: Vaporeon|34/100
|-unboost|p1a: Walking Wake|spa|2
|move|p2a: Vaporeon|Wish|p2a: Vaporeon
|
|-heal|p2a: Vaporeon|40/100|[from] item: Leftovers
|upkeep
|turn|22
|
|t:|1760398239
|move|p2a: Vaporeon|Muddy Water|p1a: Walking Wake
|-resisted|p1a: Walking Wake
|-damage|p1a: Walking Wake|33/100
|move|p1a: Walking Wake|Roar|p2a: Vaporeon
|drag|p2a: Salazzle|Salazzle, F|100/100
|-damage|p2a: Salazzle|76/100|[from] Stealth Rock
|
|-heal|p2a: Salazzle|100/100|[from] move: Wish|[wisher] Vaporeon
|upkeep
|turn|23
|
|t:|1760398252
|move|p2a: Salazzle|Sludge Wave|p1a: Walking Wake
|-damage|p1a: Walking Wake|0 fnt
|faint|p1a: Walking Wake
|-end|p1a: Walking Wake|Protosynthesis|[silent]
|
|upkeep
|
|t:|1760398257
|switch|p1a: Glimmora|Glimmora, F|65/100
|-damage|p1a: Glimmora|53/100|[from] Stealth Rock
|-damage|p1a: Glimmora|36/100|[from] Spikes
|turn|24
|
|t:|1760398265
|switch|p2a: Forretress|Forretress, F|70/100 par
|-damage|p2a: Forretress|58/100 par|[from] Stealth Rock
|move|p1a: Glimmora|Power Gem|p2a: Forretress
|-damage|p2a: Forretress|0 fnt
|faint|p2a: Forretress
|
|-heal|p1a: Glimmora|43/100|[from] item: Leftovers
|upkeep
|
|t:|1760398277
|switch|p2a: Vaporeon|Vaporeon, M|40/100
|-damage|p2a: Vaporeon|27/100|[from] Stealth Rock
|turn|25
|
|t:|1760398284
|move|p1a: Glimmora|Spiky Shield|p1a: Glimmora
|-singleturn|p1a: Glimmora|move: Protect
|move|p2a: Vaporeon|Wish|p2a: Vaporeon
|
|-heal|p1a: Glimmora|49/100|[from] item: Leftovers
|-heal|p2a: Vaporeon|34/100|[from] item: Leftovers
|upkeep
|turn|26
|
|t:|1760398292
|move|p1a: Glimmora|Mortal Spin|p2a: Vaporeon
|-damage|p2a: Vaporeon|27/100
|-status|p2a: Vaporeon|psn
|-sideend|p1: psychedelic_kit|Spikes|[from] move: Mortal Spin|[of] p1a: Glimmora
|-sideend|p1: psychedelic_kit|Stealth Rock|[from] move: Mortal Spin|[of] p1a: Glimmora
|move|p2a: Vaporeon|Muddy Water|p1a: Glimmora|[miss]
|-miss|p2a: Vaporeon|p1a: Glimmora
|
|-heal|p2a: Vaporeon|77/100 psn|[from] move: Wish|[wisher] Vaporeon
|-heal|p1a: Glimmora|55/100|[from] item: Leftovers
|-heal|p2a: Vaporeon|83/100 psn|[from] item: Leftovers
|-damage|p2a: Vaporeon|71/100 psn|[from] psn
|upkeep
|turn|27
|
|t:|1760398306
|move|p1a: Glimmora|Sludge Bomb|p2a: Vaporeon
|-damage|p2a: Vaporeon|45/100 psn
|move|p2a: Vaporeon|Muddy Water|p1a: Glimmora
|-supereffective|p1a: Glimmora
|-damage|p1a: Glimmora|0 fnt
|faint|p1a: Glimmora
|
|-heal|p2a: Vaporeon|51/100 psn|[from] item: Leftovers
|-damage|p2a: Vaporeon|39/100 psn|[from] psn
|upkeep
|
|t:|1760398321
|switch|p1a: Meowscarada|Meowscarada, M, shiny|100/100
|turn|28
|
|t:|1760398326
|move|p1a: Meowscarada|Flower Trick|p2a: Vaporeon
|-start|p1a: Meowscarada|typechange|Grass|[from] ability: Protean
|-supereffective|p2a: Vaporeon
|-crit|p2a: Vaporeon
|-damage|p2a: Vaporeon|0 fnt
|faint|p2a: Vaporeon
|
|upkeep
|
|t:|1760398335
|switch|p2a: Cacturne|Cacturne, F|100/100
|-damage|p2a: Cacturne|88/100|[from] Stealth Rock
|turn|29
|
|t:|1760398343
|switch|p1a: Volbeat|Volbeat, M|61/100
|move|p2a: Cacturne|Knock Off|p1a: Volbeat
|-damage|p1a: Volbeat|12/100
|-enditem|p1a: Volbeat|Leftovers|[from] move: Knock Off|[of] p2a: Cacturne
|
|upkeep
|turn|30
|
|t:|1760398353
|move|p1a: Volbeat|Moonlight|p1a: Volbeat
|-heal|p1a: Volbeat|62/100
|move|p2a: Cacturne|Lunge|p1a: Volbeat
|-damage|p1a: Volbeat|37/100
|-unboost|p1a: Volbeat|atk|1
|
|upkeep
|turn|31
|
|t:|1760398363
|move|p1a: Volbeat|Moonlight|p1a: Volbeat
|-heal|p1a: Volbeat|87/100
|move|p2a: Cacturne|Leech Seed|p1a: Volbeat
|-start|p1a: Volbeat|move: Leech Seed
|
|-damage|p1a: Volbeat|75/100|[from] Leech Seed|[of] p2a: Cacturne
|-heal|p2a: Cacturne|100/100|[silent]
|upkeep
|turn|32
|
|t:|1760398379
|switch|p1a: Kingambit|Kingambit, M|100/100
|-activate|p1a: Kingambit|ability: Supreme Overlord
|-start|p1a: Kingambit|fallen3|[silent]
|move|p2a: Cacturne|Lunge|p1a: Kingambit
|-damage|p1a: Kingambit|86/100
|-unboost|p1a: Kingambit|atk|1
|
|upkeep
|turn|33
|
|t:|1760398392
|move|p2a: Cacturne|Leech Seed|p1a: Kingambit
|-start|p1a: Kingambit|move: Leech Seed
|move|p1a: Kingambit|Poison Jab|p2a: Cacturne
|-supereffective|p2a: Cacturne
|-damage|p2a: Cacturne|33/100
|
|-damage|p1a: Kingambit|73/100|[from] Leech Seed|[of] p2a: Cacturne
|-heal|p2a: Cacturne|49/100|[silent]
|upkeep
|turn|34
|
|t:|1760398403
|-end|p1a: Kingambit|fallen3|[silent]
|switch|p1a: Meowscarada|Meowscarada, M, shiny|100/100
|move|p2a: Cacturne|Spiky Shield||[still]
|-fail|p2a: Cacturne
|
|upkeep
|turn|35
|
|t:|1760398413
|move|p1a: Meowscarada|U-turn|p2a: Cacturne
|-start|p1a: Meowscarada|typechange|Bug|[from] ability: Protean
|-supereffective|p2a: Cacturne
|-damage|p2a: Cacturne|0 fnt
|faint|p2a: Cacturne
|
|t:|1760398423
|switch|p1a: Volbeat|Volbeat, M|75/100|[from] U-turn
|
|upkeep
|
|t:|1760398427
|switch|p2a: Salazzle|Salazzle, F|100/100
|-damage|p2a: Salazzle|76/100|[from] Stealth Rock
|turn|36
|
|t:|1760398433
|move|p1a: Volbeat|Thunder Wave|p2a: Salazzle
|-status|p2a: Salazzle|par
|move|p2a: Salazzle|Fire Blast|p1a: Volbeat
|-supereffective|p1a: Volbeat
|-damage|p1a: Volbeat|0 fnt
|faint|p1a: Volbeat
|
|-heal|p2a: Salazzle|82/100 par|[from] item: Black Sludge
|upkeep
|
|t:|1760398445
|switch|p1a: Meowscarada|Meowscarada, M, shiny|100/100
|turn|37
|
|t:|1760398451
|-terastallize|p1a: Meowscarada|Dark
|move|p1a: Meowscarada|Knock Off|p2a: Salazzle
|-damage|p2a: Salazzle|0 fnt
|-enditem|p2a: Salazzle|Black Sludge|[from] move: Knock Off|[of] p1a: Meowscarada
|faint|p2a: Salazzle
|
|upkeep
|
|t:|1760398458
|switch|p2a: Hippowdon|Hippowdon, F|100/100
|-damage|p2a: Hippowdon|94/100|[from] Stealth Rock
|-weather|Sandstorm|[from] ability: Sand Stream|[of] p2a: Hippowdon
|turn|38
|
|t:|1760398464
|move|p1a: Meowscarada|Knock Off|p2a: Hippowdon
|-damage|p2a: Hippowdon|44/100
|-damage|p1a: Meowscarada|84/100|[from] item: Rocky Helmet|[of] p2a: Hippowdon
|-enditem|p2a: Hippowdon|Rocky Helmet|[from] move: Knock Off|[of] p1a: Meowscarada
|move|p2a: Hippowdon|Earthquake|p1a: Meowscarada
|-crit|p1a: Meowscarada
|-damage|p1a: Meowscarada|0 fnt
|faint|p1a: Meowscarada
|
|-weather|Sandstorm|[upkeep]
|upkeep
|
|t:|1760398475
|switch|p1a: Kingambit|Kingambit, M|73/100
|-activate|p1a: Kingambit|ability: Supreme Overlord
|-start|p1a: Kingambit|fallen5|[silent]
|turn|39
|
|t:|1760398480
|move|p1a: Kingambit|Sucker Punch|p2a: Hippowdon
|-damage|p2a: Hippowdon|11/100
|move|p2a: Hippowdon|Earthquake|p1a: Kingambit
|-supereffective|p1a: Kingambit
|-damage|p1a: Kingambit|24/100
|
|-weather|Sandstorm|[upkeep]
|upkeep
|turn|40
|
|t:|1760398488
|move|p1a: Kingambit|Sucker Punch||[still]
|-fail|p1a: Kingambit
|move|p2a: Hippowdon|Slack Off|p2a: Hippowdon
|-heal|p2a: Hippowdon|61/100
|
|-weather|Sandstorm|[upkeep]
|upkeep
|turn|41
|
|t:|1760398497
|move|p1a: Kingambit|Kowtow Cleave|p2a: Hippowdon
|-damage|p2a: Hippowdon|20/100
|move|p2a: Hippowdon|Earthquake|p1a: Kingambit
|-supereffective|p1a: Kingambit
|-damage|p1a: Kingambit|0 fnt
|faint|p1a: Kingambit
|-end|p1a: Kingambit|fallen5|[silent]
|
|win|pichin
|raw|psychedelic_kit's rating: 1143 &rarr; <strong>1118</strong><br />(-25 for losing)
|raw|pichin's rating: 1137 &rarr; <strong>1162</strong><br />(+25 for winning)
|l|☆psychedelic_kit
|player|p1|
