|j|‽Purple Aithen
|j|☆pitiani
|t:|1760428982
|gametype|singles
|player|p1|Purple Aithen|elesa|1387
|player|p2|pitiani|striker|1411
|gen|9
|tier|[Gen 9] OU
|rated|
|rule|HP Percentage Mod: HP is shown in percentages
|rule|Endless Battle Clause: Forcing endless battles is banned
|rule|Species Clause: Limit one of each Pokémon
|rule|OHKO Clause: OHKO moves are banned
|rule|Evasion Items Clause: Evasion items are banned
|rule|Evasion Moves Clause: Evasion moves are banned
|rule|Evasion Abilities Clause: Evasion abilities are banned
|rule|Sleep Moves Clause: Sleep-inducing moves are banned
|clearpoke
|poke|p1|Sinistcha-Masterpiece|
|poke|p1|Conkeldurr, F|
|poke|p1|Mandibuzz, F|
|poke|p1|Ogerpon, F|
|poke|p1|Tyranitar, F|
|poke|p1|Thundurus-Therian, M|
|poke|p2|Dragapult, M|
|poke|p2|Scizor, M|
|poke|p2|Cinderace, M|
|poke|p2|Landorus-Therian, M|
|poke|p2|Alomomola, F|
|poke|p2|Meowscarada, F|
|teampreview
|inactive|Battle timer is ON: inactive players will automatically lose when time's up. (requested by Purple Aithen)
|inactive|pitiani also wants the timer to be on.
|
|t:|1760428991
|teamsize|p1|6
|teamsize|p2|6
|start
|switch|p1a: Sinistcha|Sinistcha-Masterpiece|100/100
|switch|p2a: Meowscarada|Meowscarada, F|100/100
|turn|1
|
|t:|1760429014
|switch|p1a: Mandibuzz|Mandibuzz, F|100/100
|move|p2a: Meowscarada|Knock Off|p1a: Mandibuzz
|-start|p2a: Meowscarada|typechange|Dark|[from] ability: Protean
|-resisted|p1a: Mandibuzz
|-crit|p1a: Mandibuzz
|-damage|p1a: Mandibuzz|81/100
|-damage|p2a: Meowscarada|84/100|[from] item: Rocky Helmet|[of] p1a: Mandibuzz
|-enditem|p1a: Mandibuzz|Rocky Helmet|[from] move: Knock Off|[of] p2a: Meowscarada
|
|upkeep
|turn|2
|
|t:|1760429030
|switch|p2a: Alomomola|Alomomola, F|100/100
|move|p1a: Mandibuzz|U-turn|p2a: Alomomola
|-damage|p2a: Alomomola|95/100
|
|t:|1760429033
|switch|p1a: Conkeldurr|Conkeldurr, F|100/100|[from] U-turn
|
|-status|p1a: Conkeldurr|brn|[from] item: Flame Orb
|upkeep
|turn|3
|
|t:|1760429041
|move|p1a: Conkeldurr|Knock Off|p2a: Alomomola
|-damage|p2a: Alomomola|66/100
|-enditem|p2a: Alomomola|Heavy-Duty Boots|[from] move: Knock Off|[of] p1a: Conkeldurr
|move|p2a: Alomomola|Flip Turn|p1a: Conkeldurr
|-damage|p1a: Conkeldurr|86/100 brn
|
|t:|1760429048
|switch|p2a: Dragapult|Dragapult, M|100/100|[from] Flip Turn
|
|-damage|p1a: Conkeldurr|80/100 brn|[from] brn
|upkeep
|turn|4
|
|t:|1760429063
|switch|p1a: Mandibuzz|Mandibuzz, F|81/100
|move|p2a: Dragapult|Draco Meteor|p1a: Mandibuzz
|-damage|p1a: Mandibuzz|7/100
|-unboost|p2a: Dragapult|spa|2
|
|upkeep
|turn|5
|
|t:|1760429074
|move|p2a: Dragapult|Draco Meteor|p1a: Mandibuzz
|-damage|p1a: Mandibuzz|0 fnt
|-unboost|p2a: Dragapult|spa|2
|faint|p1a: Mandibuzz
|
|upkeep
|
|t:|1760429080
|switch|p1a: Conkeldurr|Conkeldurr, F|80/100 brn
|turn|6
|
|t:|1760429088
|switch|p2a: Alomomola|Alomomola, F|99/100
|switch|p1a: Sinistcha|Sinistcha-Masterpiece|100/100
|
|upkeep
|turn|7
|
|t:|1760429094
|switch|p2a: Meowscarada|Meowscarada, F|84/100
|move|p1a: Sinistcha|Matcha Gotcha|p2a: Meowscarada
|-resisted|p2a: Meowscarada
|-damage|p2a: Meowscarada|47/100
|-status|p2a: Meowscarada|brn
|
|-damage|p2a: Meowscarada|41/100 brn|[from] brn
|upkeep
|turn|8
|
|t:|1760429099
|move|p2a: Meowscarada|Triple Axel|p1a: Sinistcha
|-start|p2a: Meowscarada|typechange|Ice|[from] ability: Protean
|-supereffective|p1a: Sinistcha
|-damage|p1a: Sinistcha|92/100
|-damage|p2a: Meowscarada|25/100 brn|[from] item: Rocky Helmet|[of] p1a: Sinistcha
|-supereffective|p1a: Sinistcha
|-damage|p1a: Sinistcha|73/100
|-damage|p2a: Meowscarada|8/100 brn|[from] item: Rocky Helmet|[of] p1a: Sinistcha
|-supereffective|p1a: Sinistcha
|-damage|p1a: Sinistcha|48/100
|-damage|p2a: Meowscarada|0 fnt|[from] item: Rocky Helmet|[of] p1a: Sinistcha
|faint|p2a: Meowscarada
|-hitcount|p1a: Sinistcha|3
|move|p1a: Sinistcha|Strength Sap|p2: Meowscarada|[notarget]
|-fail|p1a: Sinistcha
|
|upkeep
|
|t:|1760429111
|switch|p2a: Cinderace|Cinderace, M|100/100
|turn|9
|
|t:|1760429114
|move|p2a: Cinderace|Pyro Ball|p1a: Sinistcha
|-supereffective|p1a: Sinistcha
|-damage|p1a: Sinistcha|7/100
|move|p1a: Sinistcha|Strength Sap|p2a: Cinderace
|-unboost|p2a: Cinderace|atk|1
|-heal|p1a: Sinistcha|100/100
|
|upkeep
|turn|10
|
|t:|1760429117
|move|p2a: Cinderace|U-turn|p1a: Sinistcha
|-damage|p1a: Sinistcha|90/100
|-damage|p2a: Cinderace|84/100|[from] item: Rocky Helmet|[of] p1a: Sinistcha
|
|t:|1760429121
|switch|p2a: Dragapult|Dragapult, M|100/100|[from] U-turn
|move|p1a: Sinistcha|Scald|p2a: Dragapult
|-resisted|p2a: Dragapult
|-damage|p2a: Dragapult|82/100
|
|upkeep
|turn|11
|
|t:|1760429124
|switch|p1a: Tyranitar|Tyranitar, F|100/100
|-weather|Sandstorm|[from] ability: Sand Stream|[of] p1a: Tyranitar
|move|p2a: Dragapult|Flamethrower|p1a: Tyranitar
|-resisted|p1a: Tyranitar
|-damage|p1a: Tyranitar|96/100
|
|-weather|Sandstorm|[upkeep]
|-damage|p2a: Dragapult|76/100|[from] Sandstorm
|upkeep
|turn|12
|
|t:|1760429127
|switch|p2a: Alomomola|Alomomola, F|100/100
|switch|p1a: Thundurus|Thundurus-Therian, M, shiny|100/100
|
|-weather|Sandstorm|[upkeep]
|-damage|p1a: Thundurus|94/100|[from] Sandstorm
|-damage|p2a: Alomomola|94/100|[from] Sandstorm
|upkeep
|turn|13
|
|t:|1760429133
|switch|p2a: Landorus|Landorus-Therian, M|100/100
|-ability|p2a: Landorus|Intimidate|boost
|-unboost|p1a: Thundurus|atk|1
|move|p1a: Thundurus|Volt Switch|p2a: Landorus
|-immune|p2a: Landorus
|
|-weather|Sandstorm|[upkeep]
|-damage|p1a: Thundurus|88/100|[from] Sandstorm
|upkeep
|turn|14
|
|t:|1760429140
|switch|p1a: Sinistcha|Sinistcha-Masterpiece|90/100
|move|p2a: Landorus|Stealth Rock|p1a: Sinistcha
|-sidestart|p1: Purple Aithen|move: Stealth Rock
|
|-weather|Sandstorm|[upkeep]
|-damage|p1a: Sinistcha|84/100|[from] Sandstorm
|upkeep
|turn|15
|l|‽Purple Aithen
|inactive|Purple Aithen disconnected and has a minute to reconnect!
|player|p1|
|j|‽Purple Aithen
|inactive|Purple Aithen reconnected and has 135 seconds left.
|player|p1|Purple Aithen|elesa|
|n|‽Purple Aithen|purpleaithen
|n|‽Purple Aithen|purpleaithen
|
|t:|1760429162
|move|p2a: Landorus|U-turn|p1a: Sinistcha
|-damage|p1a: Sinistcha|58/100
|-damage|p2a: Landorus|84/100|[from] item: Rocky Helmet|[of] p1a: Sinistcha
|
|t:|1760429184
|switch|p2a: Cinderace|Cinderace, M|84/100|[from] U-turn
|move|p1a: Sinistcha|Matcha Gotcha|p2a: Cinderace|[miss]
|-miss|p1a: Sinistcha|p2a: Cinderace
|
|-weather|none
|upkeep
|turn|16
|
|t:|1760429195
|move|p2a: Cinderace|Pyro Ball|p1a: Sinistcha
|-supereffective|p1a: Sinistcha
|-damage|p1a: Sinistcha|17/100
|move|p1a: Sinistcha|Strength Sap|p2a: Cinderace
|-unboost|p2a: Cinderace|atk|1
|-heal|p1a: Sinistcha|100/100
|
|upkeep
|turn|17
|
|t:|1760429207
|move|p2a: Cinderace|U-turn|p1a: Sinistcha
|-damage|p1a: Sinistcha|89/100
|-damage|p2a: Cinderace|67/100|[from] item: Rocky Helmet|[of] p1a: Sinistcha
|
|t:|1760429212
|switch|p2a: Dragapult|Dragapult, M|76/100|[from] U-turn
|move|p1a: Sinistcha|Scald|p2a: Dragapult
|-resisted|p2a: Dragapult
|-damage|p2a: Dragapult|55/100
|
|upkeep
|turn|18
|
|t:|1760429223
|-terastallize|p2a: Dragapult|Ghost
|move|p2a: Dragapult|Shadow Ball|p1a: Sinistcha
|-supereffective|p1a: Sinistcha
|-damage|p1a: Sinistcha|0 fnt
|faint|p1a: Sinistcha
|
|upkeep
|
|t:|1760429227
|switch|p1a: Tyranitar|Tyranitar, F|96/100
|-damage|p1a: Tyranitar|83/100|[from] Stealth Rock
|-weather|Sandstorm|[from] ability: Sand Stream|[of] p1a: Tyranitar
|turn|19
|
|t:|1760429231
|switch|p2a: Landorus|Landorus-Therian, M|84/100
|-ability|p2a: Landorus|Intimidate|boost
|-unboost|p1a: Tyranitar|atk|1
|switch|p1a: Ogerpon|Ogerpon, F|100/100
|-damage|p1a: Ogerpon|88/100|[from] Stealth Rock
|
|-weather|Sandstorm|[upkeep]
|-damage|p1a: Ogerpon|82/100|[from] Sandstorm
|upkeep
|turn|20
|
|t:|1760429238
|move|p1a: Ogerpon|Knock Off|p2a: Landorus
|-damage|p2a: Landorus|45/100
|-damage|p1a: Ogerpon|66/100|[from] item: Rocky Helmet|[of] p2a: Landorus
|-enditem|p2a: Landorus|Rocky Helmet|[from] move: Knock Off|[of] p1a: Ogerpon
|move|p2a: Landorus|U-turn|p1a: Ogerpon
|-supereffective|p1a: Ogerpon
|-damage|p1a: Ogerpon|0 fnt
|faint|p1a: Ogerpon
|
|t:|1760429249
|switch|p2a: Dragapult|Dragapult, M, tera:Ghost|55/100|[from] U-turn
|
|-weather|Sandstorm|[upkeep]
|-damage|p2a: Dragapult|49/100|[from] Sandstorm
|upkeep
|-message|Purple Aithen forfeited.
|
|win|pitiani
|raw|Purple Aithen's rating: 1387 &rarr; <strong>1368</strong><br />(-19 for losing)
|raw|pitiani's rating: 1411 &rarr; <strong>1430</strong><br />(+19 for winning)
|l|‽Purple Aithen
|player|p1|
|l|☆pitiani
|player|p2|
