|j|☆ChessDennis
|j|‽Legends of ZA
|t:|1760415020
|gametype|singles
|player|p1|ChessDennis|2|1335
|player|p2|Legends of ZA|unknownf|1349
|gen|9
|tier|[Gen 9] OU
|rated|
|rule|HP Percentage Mod: HP is shown in percentages
|rule|Endless Battle Clause: Forcing endless battles is banned
|rule|Species Clause: Limit one of each Pokémon
|rule|OHKO Clause: OHKO moves are banned
|rule|Evasion Items Clause: Evasion items are banned
|rule|Evasion Moves Clause: Evasion moves are banned
|rule|Evasion Abilities Clause: Evasion abilities are banned
|rule|Sleep Moves Clause: Sleep-inducing moves are banned
|clearpoke
|poke|p1|Walking Wake|
|poke|p1|Thundurus-Therian, M|
|poke|p1|Amoonguss, F|
|poke|p1|Gardevoir, M|
|poke|p1|Cinderace, F|
|poke|p1|Garchomp, F|
|poke|p2|Alomomola, F|
|poke|p2|Garchomp, F|
|poke|p2|Darkrai|
|poke|p2|Iron Crown|
|poke|p2|Rillaboom, M|
|poke|p2|Hatterene, F|
|teampreview
|inactive|Battle timer is ON: inactive players will automatically lose when time's up. (requested by Legends of ZA)
|
|t:|1760415071
|teamsize|p1|6
|teamsize|p2|6
|start
|switch|p1a: Thundurus|Thundurus-Therian, M|100/100
|switch|p2a: Iron Crown|Iron Crown|100/100
|turn|1
|
|t:|1760415077
|-end|p2a: Iron Crown|Quark Drive|[silent]
|switch|p2a: Garchomp|Garchomp, F|100/100
|move|p1a: Thundurus|Volt Switch|p2a: Garchomp
|-immune|p2a: Garchomp
|
|upkeep
|turn|2
|
|t:|1760415086
|switch|p1a: Gardevoir|Gardevoir, M|100/100
|-ability|p1a: Gardevoir|Rough Skin|Trace|[from] ability: Trace|[of] p2a: Garchomp
|switch|p2a: Iron Crown|Iron Crown|100/100
|
|upkeep
|turn|3
|
|t:|1760415096
|switch|p1a: Amoonguss|Amoonguss, F|100/100
|move|p2a: Iron Crown|Tachyon Cutter|p1a: Amoonguss
|-damage|p1a: Amoonguss|72/100
|-damage|p1a: Amoonguss|44/100
|-hitcount|p1a: Amoonguss|2
|
|upkeep
|turn|4
|
|t:|1760415106
|switch|p1a: Thundurus|Thundurus-Therian, M|100/100
|move|p2a: Iron Crown|Tachyon Cutter|p1a: Thundurus
|-resisted|p1a: Thundurus
|-damage|p1a: Thundurus|73/100
|-resisted|p1a: Thundurus
|-damage|p1a: Thundurus|49/100
|-hitcount|p1a: Thundurus|2
|
|upkeep
|turn|5
|
|t:|1760415116
|move|p1a: Thundurus|Volt Switch|p2a: Iron Crown
|-damage|p2a: Iron Crown|63/100
|
|t:|1760415119
|switch|p1a: Garchomp|Garchomp, F|100/100|[from] Volt Switch
|move|p2a: Iron Crown|Tachyon Cutter|p1a: Garchomp
|-damage|p1a: Garchomp|68/100
|-damage|p1a: Garchomp|37/100
|-hitcount|p1a: Garchomp|2
|
|upkeep
|turn|6
|
|t:|1760415142
|move|p2a: Iron Crown|Tachyon Cutter|p1a: Garchomp
|-damage|p1a: Garchomp|7/100
|-damage|p1a: Garchomp|0 fnt
|faint|p1a: Garchomp
|-hitcount|p1: Garchomp|2
|
|upkeep
|
|t:|1760415146
|switch|p1a: Cinderace|Cinderace, F|100/100
|turn|7
|
|t:|1760415150
|-end|p2a: Iron Crown|Quark Drive|[silent]
|switch|p2a: Garchomp|Garchomp, F|100/100
|move|p1a: Cinderace|Sunny Day|p1a: Cinderace
|-weather|SunnyDay
|
|-weather|SunnyDay|[upkeep]
|upkeep
|turn|8
|
|t:|1760415155
|move|p1a: Cinderace|Pyro Ball|p2a: Garchomp
|-resisted|p2a: Garchomp
|-damage|p2a: Garchomp|75/100
|move|p2a: Garchomp|Dragon Tail|p1a: Cinderace
|-damage|p1a: Cinderace|65/100
|drag|p1a: Amoonguss|Amoonguss, F|77/100
|
|-weather|SunnyDay|[upkeep]
|upkeep
|turn|9
|
|t:|1760415161
|switch|p1a: Thundurus|Thundurus-Therian, M|49/100
|move|p2a: Garchomp|Stealth Rock|p1a: Thundurus
|-sidestart|p1: ChessDennis|move: Stealth Rock
|
|-weather|SunnyDay|[upkeep]
|upkeep
|turn|10
|
|t:|1760415167
|switch|p2a: Alomomola|Alomomola, F|100/100
|-terastallize|p1a: Thundurus|Fairy
|move|p1a: Thundurus|Tera Blast|p2a: Alomomola|[anim] Tera Blast Fairy
|-damage|p2a: Alomomola|77/100
|
|-weather|SunnyDay|[upkeep]
|upkeep
|turn|11
|
|t:|1760415174
|switch|p1a: Amoonguss|Amoonguss, F|100/100
|-damage|p1a: Amoonguss|88/100|[from] Stealth Rock
|move|p2a: Alomomola|Mirror Coat||[still]
|-fail|p2a: Alomomola
|
|-weather|none
|upkeep
|turn|12
|
|t:|1760415178
|switch|p2a: Garchomp|Garchomp, F|75/100
|move|p1a: Amoonguss|Sludge Bomb|p2a: Garchomp
|-resisted|p2a: Garchomp
|-damage|p2a: Garchomp|54/100
|-damage|p1a: Amoonguss|78/100|[from] item: Life Orb
|
|upkeep
|turn|13
|
|t:|1760415183
|move|p2a: Garchomp|Spikes|p1a: Amoonguss
|-sidestart|p1: ChessDennis|Spikes
|move|p1a: Amoonguss|Sludge Bomb|p2a: Garchomp
|-resisted|p2a: Garchomp
|-damage|p2a: Garchomp|31/100
|-damage|p1a: Amoonguss|69/100|[from] item: Life Orb
|
|upkeep
|turn|14
|
|t:|1760415189
|move|p2a: Garchomp|Earthquake|p1a: Amoonguss
|-damage|p1a: Amoonguss|15/100
|move|p1a: Amoonguss|Sludge Bomb|p2a: Garchomp
|-resisted|p2a: Garchomp
|-damage|p2a: Garchomp|9/100
|-damage|p1a: Amoonguss|5/100|[from] item: Life Orb
|
|upkeep
|turn|15
|
|t:|1760415195
|move|p2a: Garchomp|Earthquake|p1a: Amoonguss
|-damage|p1a: Amoonguss|0 fnt
|faint|p1a: Amoonguss
|
|upkeep
|
|t:|1760415196
|switch|p1a: Cinderace|Cinderace, F|65/100
|turn|16
|
|t:|1760415200
|move|p1a: Cinderace|Pyro Ball|p2a: Garchomp|[miss]
|-miss|p1a: Cinderace|p2a: Garchomp
|move|p2a: Garchomp|Earthquake|p1a: Cinderace
|-supereffective|p1a: Cinderace
|-damage|p1a: Cinderace|0 fnt
|faint|p1a: Cinderace
|
|upkeep
|
|t:|1760415205
|switch|p1a: Walking Wake|Walking Wake|100/100
|-damage|p1a: Walking Wake|88/100|[from] Stealth Rock
|-damage|p1a: Walking Wake|76/100|[from] Spikes
|turn|17
|-message|ChessDennis forfeited.
|
|win|Legends of ZA
|raw|ChessDennis's rating: 1335 &rarr; <strong>1316</strong><br />(-19 for losing)
|raw|Legends of ZA's rating: 1349 &rarr; <strong>1368</strong><br />(+19 for winning)
|l|☆ChessDennis
|player|p1|
