|j|☆Dinorex007
|j|☆zmeygoryth
|t:|1760364287
|gametype|singles
|player|p1|Dinorex007|nate|1188
|player|p2|zmeygoryth|rocketgrunt|1141
|gen|9
|tier|[Gen 9] OU
|rated|
|rule|HP Percentage Mod: HP is shown in percentages
|rule|Endless Battle Clause: Forcing endless battles is banned
|rule|Species Clause: Limit one of each Pokémon
|rule|OHKO Clause: OHKO moves are banned
|rule|Evasion Items Clause: Evasion items are banned
|rule|Evasion Moves Clause: Evasion moves are banned
|rule|Evasion Abilities Clause: Evasion abilities are banned
|rule|Sleep Moves Clause: Sleep-inducing moves are banned
|clearpoke
|poke|p1|Serperior, M|
|poke|p1|Garchomp, M|
|poke|p1|Heatran, M|
|poke|p1|Greninja-*, M|
|poke|p1|Zapdos-Galar|
|poke|p1|Luxray, F|
|poke|p2|Snorlax, F|
|poke|p2|Magnezone|
|poke|p2|Quagsire, M|
|poke|p2|Kleavor, M|
|poke|p2|Forretress, M|
|poke|p2|Scizor, F|
|teampreview
|inactive|Battle timer is ON: inactive players will automatically lose when time's up. (requested by zmeygoryth)
|inactive|Dinorex007 also wants the timer to be on.
|
|t:|1760364297
|teamsize|p1|6
|teamsize|p2|6
|start
|switch|p1a: Luxray|Luxray, F|100/100
|switch|p2a: Kleavor|Kleavor, M|100/100
|turn|1
|
|t:|1760364304
|move|p2a: Kleavor|Stone Axe|p1a: Luxray
|-damage|p1a: Luxray|26/100
|-sidestart|p1: Dinorex007|move: Stealth Rock
|move|p1a: Luxray|Agility|p1a: Luxray
|-boost|p1a: Luxray|spe|2
|
|-status|p1a: Luxray|brn|[from] item: Flame Orb
|upkeep
|turn|2
|
|t:|1760364311
|switch|p2a: Quagsire|Quagsire, M|100/100
|move|p1a: Luxray|Supercell Slam|p2a: Quagsire
|-immune|p2a: Quagsire
|-damage|p1a: Luxray|0 fnt|[from] supercellslam
|faint|p1a: Luxray
|
|upkeep
|
|t:|1760364320
|switch|p1a: Serperior|Serperior, M|100/100
|-damage|p1a: Serperior|88/100|[from] Stealth Rock
|turn|3
|
|t:|1760364324
|switch|p2a: Forretress|Forretress, M|100/100
|move|p1a: Serperior|Substitute|p1a: Serperior
|-start|p1a: Serperior|Substitute
|-damage|p1a: Serperior|63/100
|
|-heal|p1a: Serperior|70/100|[from] item: Leftovers
|upkeep
|turn|4
|
|t:|1760364331
|move|p1a: Serperior|Glare|p2a: Forretress
|-status|p2a: Forretress|par
|cant|p2a: Forretress|par
|
|-heal|p1a: Serperior|76/100|[from] item: Leftovers
|upkeep
|turn|5
|
|t:|1760364337
|move|p1a: Serperior|Leaf Storm|p2a: Forretress
|-resisted|p2a: Forretress
|-crit|p2a: Forretress
|-damage|p2a: Forretress|73/100 par
|-boost|p1a: Serperior|spa|2
|move|p2a: Forretress|Spikes|p1a: Serperior
|-sidestart|p1: Dinorex007|Spikes
|
|-heal|p1a: Serperior|82/100|[from] item: Leftovers
|upkeep
|turn|6
|
|t:|1760364345
|move|p1a: Serperior|Leaf Storm|p2a: Forretress|[miss]
|-miss|p1a: Serperior|p2a: Forretress
|cant|p2a: Forretress|par
|
|-heal|p1a: Serperior|88/100|[from] item: Leftovers
|upkeep
|turn|7
|
|t:|1760364352
|move|p1a: Serperior|Leaf Storm|p2a: Forretress
|-resisted|p2a: Forretress
|-damage|p2a: Forretress|37/100 par
|-boost|p1a: Serperior|spa|2
|move|p2a: Forretress|Rapid Spin|p1a: Serperior
|-activate|p1a: Serperior|move: Substitute|[damage]
|-boost|p2a: Forretress|spe|1
|
|-heal|p1a: Serperior|94/100|[from] item: Leftovers
|upkeep
|turn|8
|
|t:|1760364361
|move|p1a: Serperior|Leaf Storm|p2a: Forretress
|-resisted|p2a: Forretress
|-damage|p2a: Forretress|0 fnt
|-boost|p1a: Serperior|spa|2
|faint|p2a: Forretress
|
|-heal|p1a: Serperior|100/100|[from] item: Leftovers
|upkeep
|
|t:|1760364364
|switch|p2a: Snorlax|Snorlax, F|100/100
|turn|9
|
|t:|1760364370
|move|p1a: Serperior|Glare|p2a: Snorlax
|-status|p2a: Snorlax|par
|cant|p2a: Snorlax|par
|
|upkeep
|turn|10
|
|t:|1760364376
|-terastallize|p1a: Serperior|Stellar
|move|p1a: Serperior|Leaf Storm|p2a: Snorlax
|-damage|p2a: Snorlax|24/100 par
|move|p2a: Snorlax|Ice Punch|p1a: Serperior
|-supereffective|p1a: Serperior
|-end|p1a: Serperior|Substitute
|
|upkeep
|turn|11
|
|t:|1760364385
|move|p1a: Serperior|Substitute|p1a: Serperior
|-start|p1a: Serperior|Substitute
|-damage|p1a: Serperior|76/100
|move|p2a: Snorlax|Ice Punch|p1a: Serperior
|-supereffective|p1a: Serperior
|-end|p1a: Serperior|Substitute
|
|-heal|p1a: Serperior|82/100|[from] item: Leftovers
|upkeep
|turn|12
|
|t:|1760364392
|move|p1a: Serperior|Substitute|p1a: Serperior
|-start|p1a: Serperior|Substitute
|-damage|p1a: Serperior|57/100
|move|p2a: Snorlax|Ice Punch|p1a: Serperior
|-supereffective|p1a: Serperior
|-end|p1a: Serperior|Substitute
|
|-heal|p1a: Serperior|63/100|[from] item: Leftovers
|upkeep
|turn|13
|
|t:|1760364401
|move|p1a: Serperior|Tera Blast|p2a: Snorlax|[anim] Tera Blast Stellar
|-damage|p2a: Snorlax|0 fnt
|-boost|p1a: Serperior|atk|1
|faint|p2a: Snorlax
|
|-heal|p1a: Serperior|70/100|[from] item: Leftovers
|upkeep
|
|t:|1760364403
|switch|p2a: Kleavor|Kleavor, M|100/100
|turn|14
|
|t:|1760364410
|move|p2a: Kleavor|X-Scissor|p1a: Serperior
|-supereffective|p1a: Serperior
|-damage|p1a: Serperior|0 fnt
|faint|p1a: Serperior
|
|upkeep
|
|t:|1760364416
|switch|p1a: Heatran|Heatran, M|100/100
|-damage|p1a: Heatran|88/100|[from] Stealth Rock
|-damage|p1a: Heatran|76/100|[from] Spikes
|turn|15
|
|t:|1760364421
|switch|p2a: Quagsire|Quagsire, M|100/100
|move|p1a: Heatran|Magma Storm|p2a: Quagsire
|-resisted|p2a: Quagsire
|-damage|p2a: Quagsire|69/100
|-activate|p2a: Quagsire|move: Magma Storm|[of] p1a: Heatran
|
|-heal|p2a: Quagsire|75/100|[from] item: Leftovers
|-damage|p2a: Quagsire|62/100|[from] move: Magma Storm|[partiallytrapped]
|upkeep
|turn|16
|
|t:|1760364434
|move|p1a: Heatran|Magma Storm|p2a: Quagsire
|-resisted|p2a: Quagsire
|-damage|p2a: Quagsire|32/100
|move|p2a: Quagsire|Recover|p2a: Quagsire
|-heal|p2a: Quagsire|82/100
|
|-heal|p2a: Quagsire|88/100|[from] item: Leftovers
|-damage|p2a: Quagsire|76/100|[from] move: Magma Storm|[partiallytrapped]
|upkeep
|turn|17
|
|t:|1760364442
|move|p1a: Heatran|Earth Power|p2a: Quagsire
|-crit|p2a: Quagsire
|-damage|p2a: Quagsire|15/100
|move|p2a: Quagsire|Earthquake|p1a: Heatran
|-supereffective|p1a: Heatran
|-damage|p1a: Heatran|0 fnt
|faint|p1a: Heatran
|
|-heal|p2a: Quagsire|21/100|[from] item: Leftovers
|-end|p2a: Quagsire|Magma Storm|[partiallytrapped]|[silent]
|upkeep
|
|t:|1760364452
|switch|p1a: Greninja|Greninja, M|100/100
|-damage|p1a: Greninja|88/100|[from] Stealth Rock
|-damage|p1a: Greninja|76/100|[from] Spikes
|turn|18
|
|t:|1760364458
|switch|p2a: Magnezone|Magnezone|100/100
|-item|p2a: Magnezone|Air Balloon
|move|p1a: Greninja|Dark Pulse|p2a: Magnezone
|-damage|p2a: Magnezone|49/100
|-enditem|p2a: Magnezone|Air Balloon
|-damage|p1a: Greninja|66/100|[from] item: Life Orb
|
|upkeep
|turn|19
|
|t:|1760364467
|move|p1a: Greninja|Surf|p2a: Magnezone
|-damage|p2a: Magnezone|0 fnt
|faint|p2a: Magnezone
|-ability|p1a: Greninja|Battle Bond|boost
|-boost|p1a: Greninja|atk|1
|-boost|p1a: Greninja|spa|1
|-boost|p1a: Greninja|spe|1
|-activate|p1a: Greninja|ability: Battle Bond
|-damage|p1a: Greninja|56/100|[from] item: Life Orb
|
|upkeep
|
|t:|1760364475
|switch|p2a: Scizor|Scizor, F|100/100
|turn|20
|
|t:|1760364478
|-terastallize|p2a: Scizor|Steel
|move|p2a: Scizor|Bullet Punch|p1a: Greninja
|-resisted|p1a: Greninja
|-damage|p1a: Greninja|0 fnt
|faint|p1a: Greninja
|
|upkeep
|
|t:|1760364485
|switch|p1a: Zapdos|Zapdos-Galar, shiny|100/100
|-damage|p1a: Zapdos|88/100|[from] Stealth Rock
|turn|21
|
|t:|1760364489
|switch|p2a: Quagsire|Quagsire, M|21/100
|move|p1a: Zapdos|Close Combat|p2a: Quagsire
|-damage|p2a: Quagsire|0 fnt
|-unboost|p1a: Zapdos|def|1
|-unboost|p1a: Zapdos|spd|1
|faint|p2a: Quagsire
|
|upkeep
|
|t:|1760364492
|switch|p2a: Kleavor|Kleavor, M|100/100
|turn|22
|
|t:|1760364498
|move|p1a: Zapdos|Close Combat|p2a: Kleavor
|-damage|p2a: Kleavor|29/100
|-unboost|p1a: Zapdos|def|1
|-unboost|p1a: Zapdos|spd|1
|move|p2a: Kleavor|Stone Axe|p1a: Zapdos
|-damage|p1a: Zapdos|0 fnt
|faint|p1a: Zapdos
|
|upkeep
|
|t:|1760364506
|switch|p1a: Garchomp|Garchomp, M|100/100
|-damage|p1a: Garchomp|94/100|[from] Stealth Rock
|-damage|p1a: Garchomp|82/100|[from] Spikes
|turn|23
|
|t:|1760364511
|move|p2a: Kleavor|Stone Axe|p1a: Garchomp
|-resisted|p1a: Garchomp
|-damage|p1a: Garchomp|58/100
|-damage|p2a: Kleavor|16/100|[from] ability: Rough Skin|[of] p1a: Garchomp
|move|p1a: Garchomp|Swords Dance|p1a: Garchomp
|-boost|p1a: Garchomp|atk|2
|
|upkeep
|turn|24
|
|t:|1760364518
|move|p2a: Kleavor|Stone Axe|p1a: Garchomp
|-resisted|p1a: Garchomp
|-damage|p1a: Garchomp|32/100
|-damage|p2a: Kleavor|4/100|[from] ability: Rough Skin|[of] p1a: Garchomp
|move|p1a: Garchomp|Earthquake|p2a: Kleavor
|-damage|p2a: Kleavor|0 fnt
|faint|p2a: Kleavor
|
|upkeep
|
|t:|1760364521
|switch|p2a: Scizor|Scizor, F, tera:Steel|100/100
|turn|25
|
|t:|1760364527
|move|p2a: Scizor|Bullet Punch|p1a: Garchomp
|-crit|p1a: Garchomp
|-damage|p1a: Garchomp|0 fnt
|-damage|p2a: Scizor|88/100|[from] ability: Rough Skin|[of] p1a: Garchomp
|faint|p1a: Garchomp
|
|win|zmeygoryth
|raw|Dinorex007's rating: 1188 &rarr; <strong>1160</strong><br />(-28 for losing)
|raw|zmeygoryth's rating: 1141 &rarr; <strong>1169</strong><br />(+28 for winning)
|l|☆Dinorex007
|player|p1|
|l|☆zmeygoryth
|player|p2|
