|j|☆RCDB
|j|☆himal_ad321
|t:|1760428667
|gametype|singles
|player|p1|RCDB|170|1254
|player|p2|himal_ad321|dragontamer|1237
|gen|9
|tier|[Gen 9] OU
|rated|
|rule|HP Percentage Mod: HP is shown in percentages
|rule|Endless Battle Clause: Forcing endless battles is banned
|rule|Species Clause: Limit one of each Pokémon
|rule|OHKO Clause: OHKO moves are banned
|rule|Evasion Items Clause: Evasion items are banned
|rule|Evasion Moves Clause: Evasion moves are banned
|rule|Evasion Abilities Clause: Evasion abilities are banned
|rule|Sleep Moves Clause: Sleep-inducing moves are banned
|clearpoke
|poke|p1|Breloom, F|
|poke|p1|Garganacl, M|
|poke|p1|Clefable, F|
|poke|p1|Ceruledge, M|
|poke|p1|Glimmora, F|
|poke|p1|Duraludon, M|
|poke|p2|Ogerpon-Wellspring, F|
|poke|p2|Kingambit, F|
|poke|p2|Landorus-Therian, M|
|poke|p2|Glimmora, M|
|poke|p2|Dragapult, M|
|poke|p2|Iron Valiant|
|teampreview
|inactive|Battle timer is ON: inactive players will automatically lose when time's up. (requested by himal_ad321)
|
|t:|1760428678
|teamsize|p1|6
|teamsize|p2|6
|start
|switch|p1a: Duraludon|Duraludon, M|100/100
|switch|p2a: Landorus|Landorus-Therian, M|100/100
|-ability|p2a: Landorus|Intimidate|boost
|-unboost|p1a: Duraludon|atk|1
|turn|1
|
|t:|1760428687
|move|p2a: Landorus|Earthquake|p1a: Duraludon
|-supereffective|p1a: Duraludon
|-damage|p1a: Duraludon|29/100
|move|p1a: Duraludon|Dragon Pulse|p2a: Landorus
|-damage|p2a: Landorus|52/100
|
|upkeep
|turn|2
|
|t:|1760428696
|switch|p1a: Breloom|Breloom, F|100/100
|move|p2a: Landorus|U-turn|p1a: Breloom
|-damage|p1a: Breloom|80/100
|
|t:|1760428725
|switch|p2a: Dragapult|Dragapult, M|100/100|[from] U-turn
|
|-status|p1a: Breloom|tox|[from] item: Toxic Orb
|upkeep
|turn|3
|
|t:|1760428731
|switch|p1a: Duraludon|Duraludon, M|29/100
|move|p2a: Dragapult|Flamethrower|p1a: Duraludon
|-damage|p1a: Duraludon|0 fnt
|faint|p1a: Duraludon
|
|upkeep
|
|t:|1760428737
|switch|p1a: Clefable|Clefable, F|100/100
|turn|4
|
|t:|1760428742
|switch|p2a: Kingambit|Kingambit, F|100/100
|move|p1a: Clefable|Thunder Wave|p2a: Kingambit
|-status|p2a: Kingambit|par
|
|upkeep
|turn|5
|
|t:|1760428761
|switch|p1a: Breloom|Breloom, F|80/100 tox
|move|p2a: Kingambit|Iron Head|p1a: Breloom
|-damage|p1a: Breloom|35/100 tox
|
|-heal|p1a: Breloom|47/100 tox|[from] ability: Poison Heal
|upkeep
|turn|6
|
|t:|1760428768
|-end|p2a: Kingambit|fallenundefined|[silent]
|switch|p2a: Landorus|Landorus-Therian, M|52/100
|-ability|p2a: Landorus|Intimidate|boost
|-unboost|p1a: Breloom|atk|1
|move|p1a: Breloom|Leech Seed|p2a: Landorus
|-start|p2a: Landorus|move: Leech Seed
|
|-damage|p2a: Landorus|40/100|[from] Leech Seed|[of] p1a: Breloom
|-heal|p1a: Breloom|62/100 tox|[silent]
|-heal|p1a: Breloom|74/100 tox|[from] ability: Poison Heal
|upkeep
|turn|7
|
|t:|1760428777
|move|p2a: Landorus|Stealth Rock|p1a: Breloom
|-sidestart|p1: RCDB|move: Stealth Rock
|move|p1a: Breloom|Toxic|p2a: Landorus
|-status|p2a: Landorus|tox
|
|-damage|p2a: Landorus|28/100 tox|[from] Leech Seed|[of] p1a: Breloom
|-heal|p1a: Breloom|89/100 tox|[silent]
|-damage|p2a: Landorus|22/100 tox|[from] psn
|-heal|p1a: Breloom|100/100 tox|[from] ability: Poison Heal
|upkeep
|turn|8
|
|t:|1760428786
|move|p2a: Landorus|U-turn|p1a: Breloom
|-damage|p1a: Breloom|82/100 tox
|
|t:|1760428795
|switch|p2a: Dragapult|Dragapult, M|100/100|[from] U-turn
|move|p1a: Breloom|Substitute|p1a: Breloom
|-start|p1a: Breloom|Substitute
|-damage|p1a: Breloom|57/100 tox
|
|-heal|p1a: Breloom|70/100 tox|[from] ability: Poison Heal
|upkeep
|turn|9
|
|t:|1760428804
|move|p2a: Dragapult|Flamethrower|p1a: Breloom
|-supereffective|p1a: Breloom
|-end|p1a: Breloom|Substitute
|move|p1a: Breloom|Leech Seed|p2a: Dragapult
|-start|p2a: Dragapult|move: Leech Seed
|
|-damage|p2a: Dragapult|88/100|[from] Leech Seed|[of] p1a: Breloom
|-heal|p1a: Breloom|82/100 tox|[silent]
|-heal|p1a: Breloom|94/100 tox|[from] ability: Poison Heal
|upkeep
|turn|10
|
|t:|1760428815
|switch|p2a: Ogerpon|Ogerpon-Wellspring, F|100/100
|switch|p1a: Clefable|Clefable, F|100/100
|
|upkeep
|turn|11
|
|t:|1760428824
|move|p2a: Ogerpon|Taunt|p1a: Clefable
|-start|p1a: Clefable|move: Taunt
|cant|p1a: Clefable|move: Taunt|Thunder Wave
|
|upkeep
|turn|12
|
|t:|1760428840
|switch|p1a: Breloom|Breloom, F|94/100 tox
|-damage|p1a: Breloom|88/100 tox|[from] Stealth Rock
|move|p2a: Ogerpon|Play Rough|p1a: Breloom
|-supereffective|p1a: Breloom
|-damage|p1a: Breloom|23/100 tox
|
|-heal|p1a: Breloom|35/100 tox|[from] ability: Poison Heal
|upkeep
|turn|13
|
|t:|1760428852
|switch|p1a: Glimmora|Glimmora, F|100/100
|-damage|p1a: Glimmora|88/100|[from] Stealth Rock
|move|p2a: Ogerpon|Play Rough|p1a: Glimmora
|-resisted|p1a: Glimmora
|-damage|p1a: Glimmora|71/100
|-activate|p1a: Glimmora|ability: Toxic Debris
|-sidestart|p2: himal_ad321|move: Toxic Spikes
|
|upkeep
|turn|14
|
|t:|1760428866
|move|p2a: Ogerpon|Ivy Cudgel|p1a: Glimmora|[anim] Ivy Cudgel Water
|-supereffective|p1a: Glimmora
|-damage|p1a: Glimmora|0 fnt
|-activate|p1a: Glimmora|ability: Toxic Debris
|-sidestart|p2: himal_ad321|move: Toxic Spikes
|faint|p1a: Glimmora
|
|upkeep
|
|t:|1760428884
|switch|p1a: Clefable|Clefable, F|100/100
|turn|15
|
|t:|1760428887
|switch|p2a: Glimmora|Glimmora, M|100/100
|-sideend|p2: himal_ad321|move: Toxic Spikes|[of] p2a: Glimmora
|move|p1a: Clefable|Moonblast|p2a: Glimmora
|-resisted|p2a: Glimmora
|-damage|p2a: Glimmora|81/100
|-unboost|p2a: Glimmora|spa|1
|
|upkeep
|turn|16
|
|t:|1760428911
|switch|p1a: Garganacl|Garganacl, M|100/100
|-damage|p1a: Garganacl|88/100|[from] Stealth Rock
|move|p2a: Glimmora|Spikes|p1a: Garganacl
|-sidestart|p1: RCDB|Spikes
|
|-heal|p1a: Garganacl|94/100|[from] item: Leftovers
|upkeep
|turn|17
|inactive|himal_ad321 has 120 seconds left.
|
|t:|1760428950
|switch|p2a: Landorus|Landorus-Therian, M|22/100 tox
|-ability|p2a: Landorus|Intimidate|boost
|-unboost|p1a: Garganacl|atk|1
|move|p1a: Garganacl|Curse|p1a: Garganacl
|-unboost|p1a: Garganacl|spe|1
|-boost|p1a: Garganacl|atk|1
|-boost|p1a: Garganacl|def|1
|
|-heal|p1a: Garganacl|100/100|[from] item: Leftovers
|-damage|p2a: Landorus|16/100 tox|[from] psn
|upkeep
|turn|18
|inactive|himal_ad321 has 120 seconds left.
|
|t:|1760428962
|move|p2a: Landorus|Earthquake|p1a: Garganacl
|-supereffective|p1a: Garganacl
|-damage|p1a: Garganacl|68/100
|move|p1a: Garganacl|Curse|p1a: Garganacl
|-unboost|p1a: Garganacl|spe|1
|-boost|p1a: Garganacl|atk|1
|-boost|p1a: Garganacl|def|1
|
|-heal|p1a: Garganacl|74/100|[from] item: Leftovers
|-damage|p2a: Landorus|4/100 tox|[from] psn
|upkeep
|turn|19
|inactive|himal_ad321 has 120 seconds left.
|
|t:|1760428975
|move|p2a: Landorus|Earthquake|p1a: Garganacl
|-supereffective|p1a: Garganacl
|-damage|p1a: Garganacl|50/100
|move|p1a: Garganacl|Recover|p1a: Garganacl
|-heal|p1a: Garganacl|99/100
|
|-heal|p1a: Garganacl|100/100|[from] item: Leftovers
|-damage|p2a: Landorus|0 fnt|[from] psn
|faint|p2a: Landorus
|upkeep
|inactive|himal_ad321 has 90 seconds left.
|
|t:|1760429027
|switch|p2a: Iron Valiant|Iron Valiant|100/100
|-enditem|p2a: Iron Valiant|Booster Energy
|-activate|p2a: Iron Valiant|ability: Quark Drive|[fromitem]
|-start|p2a: Iron Valiant|quarkdrivespe
|turn|20
|
|t:|1760429033
|-terastallize|p1a: Garganacl|Flying
|move|p2a: Iron Valiant|Encore|p1a: Garganacl
|-start|p1a: Garganacl|Encore
|move|p1a: Garganacl|Recover||[still]
|-fail|p1a: Garganacl|heal
|
|upkeep
|turn|21
|
|t:|1760429042
|switch|p1a: Clefable|Clefable, F|100/100
|move|p2a: Iron Valiant|Swords Dance|p2a: Iron Valiant
|-boost|p2a: Iron Valiant|atk|2
|
|upkeep
|turn|22
|
|t:|1760429054
|move|p2a: Iron Valiant|Spirit Break|p1a: Clefable
|-damage|p1a: Clefable|10/100
|-unboost|p1a: Clefable|spa|1
|move|p1a: Clefable|Thunder Wave|p2a: Iron Valiant|[miss]
|-miss|p1a: Clefable|p2a: Iron Valiant
|
|-heal|p1a: Clefable|16/100|[from] item: Leftovers
|upkeep
|turn|23
|
|t:|1760429062
|move|p2a: Iron Valiant|Spirit Break|p1a: Clefable
|-crit|p1a: Clefable
|-damage|p1a: Clefable|0 fnt
|faint|p1a: Clefable
|
|upkeep
|
|t:|1760429065
|switch|p1a: Ceruledge|Ceruledge, M|100/100
|turn|24
|
|t:|1760429074
|move|p2a: Iron Valiant|Knock Off|p1a: Ceruledge
|-supereffective|p1a: Ceruledge
|-damage|p1a: Ceruledge|0 fnt
|-enditem|p1a: Ceruledge|Heavy-Duty Boots|[from] move: Knock Off|[of] p2a: Iron Valiant
|faint|p1a: Ceruledge
|
|upkeep
|
|t:|1760429079
|switch|p1a: Garganacl|Garganacl, M, tera:Flying|100/100
|-damage|p1a: Garganacl|75/100|[from] Stealth Rock
|turn|25
|
|t:|1760429091
|move|p2a: Iron Valiant|Spirit Break|p1a: Garganacl
|-damage|p1a: Garganacl|39/100
|-unboost|p1a: Garganacl|spa|1
|move|p1a: Garganacl|Salt Cure|p2a: Iron Valiant
|-resisted|p2a: Iron Valiant
|-damage|p2a: Iron Valiant|91/100
|-start|p2a: Iron Valiant|Salt Cure
|
|-heal|p1a: Garganacl|45/100|[from] item: Leftovers
|-damage|p2a: Iron Valiant|78/100|[from] Salt Cure
|upkeep
|turn|26
|
|t:|1760429103
|move|p2a: Iron Valiant|Swords Dance|p2a: Iron Valiant
|-boost|p2a: Iron Valiant|atk|2
|move|p1a: Garganacl|Recover|p1a: Garganacl
|-heal|p1a: Garganacl|95/100
|
|-heal|p1a: Garganacl|100/100|[from] item: Leftovers
|-damage|p2a: Iron Valiant|66/100|[from] Salt Cure
|upkeep
|turn|27
|
|t:|1760429111
|switch|p1a: Breloom|Breloom, F|35/100 tox
|-damage|p1a: Breloom|29/100 tox|[from] Stealth Rock
|-damage|p1a: Breloom|17/100 tox|[from] Spikes
|move|p2a: Iron Valiant|Swords Dance|p2a: Iron Valiant
|-boost|p2a: Iron Valiant|atk|2
|
|-heal|p1a: Breloom|29/100 tox|[from] ability: Poison Heal
|-damage|p2a: Iron Valiant|53/100|[from] Salt Cure
|upkeep
|turn|28
|
|t:|1760429121
|move|p2a: Iron Valiant|Spirit Break|p1a: Breloom
|-supereffective|p1a: Breloom
|-damage|p1a: Breloom|0 fnt
|faint|p1a: Breloom
|
|-damage|p2a: Iron Valiant|41/100|[from] Salt Cure
|upkeep
|
|t:|1760429124
|switch|p1a: Garganacl|Garganacl, M, tera:Flying|100/100
|-damage|p1a: Garganacl|75/100|[from] Stealth Rock
|turn|29
|
|t:|1760429127
|move|p2a: Iron Valiant|Spirit Break|p1a: Garganacl
|-damage|p1a: Garganacl|0 fnt
|faint|p1a: Garganacl
|
|win|himal_ad321
|raw|RCDB's rating: 1254 &rarr; <strong>1228</strong><br />(-26 for losing)
|raw|himal_ad321's rating: 1237 &rarr; <strong>1263</strong><br />(+26 for winning)
|l|☆RCDB
|player|p1|
|l|☆himal_ad321
|player|p2|
