|j|☆AjonymousNon
|j|☆Rocksane
|t:|1760303373
|gametype|singles
|player|p1|AjonymousNon|workerice|1847
|player|p2|Rocksane|1|1787
|gen|9
|tier|[Gen 9] OU
|rated|
|rule|HP Percentage Mod: HP is shown in percentages
|rule|Endless Battle Clause: Forcing endless battles is banned
|rule|Species Clause: Limit one of each Pokémon
|rule|OHKO Clause: OHKO moves are banned
|rule|Evasion Items Clause: Evasion items are banned
|rule|Evasion Moves Clause: Evasion moves are banned
|rule|Evasion Abilities Clause: Evasion abilities are banned
|rule|Sleep Moves Clause: Sleep-inducing moves are banned
|clearpoke
|poke|p1|Great Tusk|
|poke|p1|Ogerpon-Cornerstone, F|
|poke|p1|Rillaboom, F|
|poke|p1|Tyranitar, F|
|poke|p1|Corviknight, F|
|poke|p1|Dragapult, F|
|poke|p2|Cinderace, M|
|poke|p2|Armarouge, M|
|poke|p2|Deoxys-Speed|
|poke|p2|Hatterene, F|
|poke|p2|Polteageist|
|poke|p2|Indeedee, M|
|teampreview
|inactive|Battle timer is ON: inactive players will automatically lose when time's up. (requested by AjonymousNon)
|
|t:|1760303381
|teamsize|p1|6
|teamsize|p2|6
|start
|switch|p1a: Dragapult|Dragapult, F|100/100
|switch|p2a: Deoxys|Deoxys-Speed|100/100
|-ability|p2a: Deoxys|Pressure
|turn|1
|
|t:|1760303404
|move|p2a: Deoxys|Nasty Plot|p2a: Deoxys
|-boost|p2a: Deoxys|spa|2
|move|p1a: Dragapult|Hex|p2a: Deoxys
|-supereffective|p2a: Deoxys
|-damage|p2a: Deoxys|3/100
|
|upkeep
|turn|2
|j| Ctannn
|
|t:|1760303412
|switch|p1a: Tyranitar|Tyranitar, F|100/100
|-weather|Sandstorm|[from] ability: Sand Stream|[of] p1a: Tyranitar
|move|p2a: Deoxys|Superpower|p1a: Tyranitar
|-supereffective|p1a: Tyranitar
|-damage|p1a: Tyranitar|0 fnt
|-unboost|p2a: Deoxys|atk|1
|-unboost|p2a: Deoxys|def|1
|faint|p1a: Tyranitar
|-damage|p2a: Deoxys|0 fnt|[from] item: Life Orb
|faint|p2a: Deoxys
|
|-weather|Sandstorm|[upkeep]
|upkeep
|
|t:|1760303429
|switch|p2a: Indeedee|Indeedee, M|100/100
|switch|p1a: Dragapult|Dragapult, F|100/100
|-fieldstart|move: Psychic Terrain|[from] ability: Psychic Surge|[of] p2a: Indeedee
|turn|3
|
|t:|1760303437
|switch|p1a: Rillaboom|Rillaboom, F|100/100
|-fieldstart|move: Grassy Terrain|[from] ability: Grassy Surge|[of] p1a: Rillaboom
|move|p2a: Indeedee|Expanding Force|p1a: Rillaboom
|-damage|p1a: Rillaboom|49/100
|
|-weather|Sandstorm|[upkeep]
|-damage|p2a: Indeedee|94/100|[from] Sandstorm
|-damage|p1a: Rillaboom|43/100|[from] Sandstorm
|-heal|p2a: Indeedee|100/100|[from] Grassy Terrain
|-heal|p1a: Rillaboom|49/100|[from] Grassy Terrain
|upkeep
|turn|4
|j| woahnewguy12
|
|t:|1760303454
|switch|p2a: Hatterene|Hatterene, F|100/100
|move|p1a: Rillaboom|U-turn|p2a: Hatterene
|-damage|p2a: Hatterene|68/100
|-enditem|p2a: Hatterene|Eject Button
|
|t:|1760303462
|switch|p2a: Indeedee|Indeedee, M|100/100
|-fieldstart|move: Psychic Terrain|[from] ability: Psychic Surge|[of] p2a: Indeedee
|
|-weather|Sandstorm|[upkeep]
|-damage|p2a: Indeedee|94/100|[from] Sandstorm
|-damage|p1a: Rillaboom|43/100|[from] Sandstorm
|upkeep
|turn|5
|
|t:|1760303474
|switch|p1a: Corviknight|Corviknight, F|100/100
|-ability|p1a: Corviknight|Pressure
|move|p2a: Indeedee|Expanding Force|p1a: Corviknight
|-resisted|p1a: Corviknight
|-damage|p1a: Corviknight|65/100
|
|-weather|Sandstorm|[upkeep]
|-damage|p2a: Indeedee|88/100|[from] Sandstorm
|upkeep
|turn|6
|l| woahnewguy12
|
|t:|1760303484
|switch|p2a: Armarouge|Armarouge, M|100/100
|move|p1a: Corviknight|U-turn|p2a: Armarouge
|-damage|p2a: Armarouge|84/100
|-ability|p2a: Armarouge|Weak Armor|boost
|-unboost|p2a: Armarouge|def|1
|-boost|p2a: Armarouge|spe|2
|
|t:|1760303490
|switch|p1a: Ogerpon|Ogerpon-Cornerstone, F|100/100|[from] U-turn
|
|-weather|none
|upkeep
|turn|7
|
|t:|1760303497
|move|p2a: Armarouge|Destiny Bond|p2a: Armarouge
|-singlemove|p2a: Armarouge|Destiny Bond
|move|p1a: Ogerpon|Ivy Cudgel|p2a: Armarouge|[anim] Ivy Cudgel Rock
|-supereffective|p2a: Armarouge
|-damage|p2a: Armarouge|0 fnt
|faint|p2a: Armarouge
|-activate|p2a: Armarouge|move: Destiny Bond
|faint|p1a: Ogerpon
|
|upkeep
|inactive|Rocksane has 120 seconds left.
|
|t:|1760303523
|switch|p1a: Dragapult|Dragapult, F|100/100
|switch|p2a: Cinderace|Cinderace, M|100/100
|turn|8
|
|t:|1760303529
|move|p2a: Cinderace|Pyro Ball|p1a: Dragapult
|-resisted|p1a: Dragapult
|-damage|p1a: Dragapult|56/100
|move|p1a: Dragapult|Substitute|p1a: Dragapult
|-start|p1a: Dragapult|Substitute
|-damage|p1a: Dragapult|31/100
|
|-heal|p1a: Dragapult|38/100|[from] item: Leftovers
|upkeep
|turn|9
|
|t:|1760303542
|move|p2a: Cinderace|Pyro Ball|p1a: Dragapult
|-resisted|p1a: Dragapult
|-end|p1a: Dragapult|Substitute
|move|p1a: Dragapult|Dragon Darts|p2a: Cinderace
|-damage|p2a: Cinderace|73/100
|-anim|p1a: Dragapult|Dragon Darts|p2a: Cinderace
|-damage|p2a: Cinderace|41/100
|
|-heal|p1a: Dragapult|44/100|[from] item: Leftovers
|upkeep
|turn|10
|
|t:|1760303553
|move|p2a: Cinderace|Pyro Ball|p1a: Dragapult
|-resisted|p1a: Dragapult
|-damage|p1a: Dragapult|1/100
|move|p1a: Dragapult|Dragon Darts|p2a: Cinderace
|-damage|p2a: Cinderace|13/100
|-anim|p1a: Dragapult|Dragon Darts|p2a: Cinderace
|-damage|p2a: Cinderace|0 fnt
|faint|p2a: Cinderace
|
|-heal|p1a: Dragapult|8/100|[from] item: Leftovers
|upkeep
|
|t:|1760303567
|switch|p2a: Indeedee|Indeedee, M|88/100
|turn|11
|j| woahnewguy12
|
|t:|1760303571
|move|p1a: Dragapult|Dragon Darts|p2a: Indeedee
|-crit|p2a: Indeedee
|-damage|p2a: Indeedee|27/100
|-anim|p1a: Dragapult|Dragon Darts|p2a: Indeedee
|-damage|p2a: Indeedee|0 fnt
|faint|p2a: Indeedee
|
|-heal|p1a: Dragapult|14/100|[from] item: Leftovers
|-fieldend|move: Psychic Terrain
|upkeep
|
|t:|1760303579
|switch|p2a: Hatterene|Hatterene, F|68/100
|turn|12
|
|t:|1760303583
|-terastallize|p2a: Hatterene|Steel
|move|p1a: Dragapult|Hex|p2a: Hatterene
|-damage|p2a: Hatterene|39/100
|move|p2a: Hatterene|Nuzzle|p1a: Dragapult
|-resisted|p1a: Dragapult
|-damage|p1a: Dragapult|11/100
|-status|p1a: Dragapult|par
|
|-heal|p1a: Dragapult|17/100 par|[from] item: Leftovers
|upkeep
|turn|13
|
|t:|1760303595
|move|p1a: Dragapult|Hex|p2a: Hatterene
|-damage|p2a: Hatterene|8/100
|move|p2a: Hatterene|Dazzling Gleam|p1a: Dragapult
|-supereffective|p1a: Dragapult
|-damage|p1a: Dragapult|0 fnt
|faint|p1a: Dragapult
|
|upkeep
|
|t:|1760303606
|switch|p1a: Rillaboom|Rillaboom, F|43/100
|-fieldstart|move: Grassy Terrain|[from] ability: Grassy Surge|[of] p1a: Rillaboom
|turn|14
|
|t:|1760303611
|move|p1a: Rillaboom|Grassy Glide|p2a: Hatterene
|-resisted|p2a: Hatterene
|-damage|p2a: Hatterene|0 fnt
|faint|p2a: Hatterene
|
|-heal|p1a: Rillaboom|49/100|[from] Grassy Terrain
|upkeep
|
|t:|1760303618
|switch|p2a: Polteageist|Polteageist|100/100
|turn|15
|
|t:|1760303622
|move|p1a: Rillaboom|Grassy Glide|p2a: Polteageist
|-enditem|p2a: Polteageist|Focus Sash
|-damage|p2a: Polteageist|1/100
|-ability|p2a: Polteageist|Weak Armor|boost
|-unboost|p2a: Polteageist|def|1
|-boost|p2a: Polteageist|spe|2
|move|p2a: Polteageist|Shell Smash|p2a: Polteageist
|-unboost|p2a: Polteageist|def|1
|-unboost|p2a: Polteageist|spd|1
|-boost|p2a: Polteageist|atk|2
|-boost|p2a: Polteageist|spa|2
|-boost|p2a: Polteageist|spe|2
|
|-heal|p2a: Polteageist|7/100|[from] Grassy Terrain
|-heal|p1a: Rillaboom|55/100|[from] Grassy Terrain
|upkeep
|turn|16
|c|☆AjonymousNon|gg
|j| RagingBoltLover
|
|t:|1760303636
|move|p1a: Rillaboom|Grassy Glide|p2a: Polteageist
|-damage|p2a: Polteageist|0 fnt
|faint|p2a: Polteageist
|
|win|AjonymousNon
|raw|AjonymousNon's rating: 1847 &rarr; <strong>1864</strong><br />(+17 for winning)
|raw|Rocksane's rating: 1787 &rarr; <strong>1770</strong><br />(-17 for losing)
|l|☆Rocksane
|player|p2|
|l| RagingBoltLover
|l|☆AjonymousNon
|player|p1|
|l| Ctannn
