|j|☆lakespirited
|j|☆PG Spectating
|t:|1760333980
|gametype|singles
|player|p1|lakespirited|miku-water|1377
|player|p2|PG Spectating|yancy|1446
|gen|9
|tier|[Gen 9] OU
|rated|
|rule|HP Percentage Mod: HP is shown in percentages
|rule|Endless Battle Clause: Forcing endless battles is banned
|rule|Species Clause: Limit one of each Pokémon
|rule|OHKO Clause: OHKO moves are banned
|rule|Evasion Items Clause: Evasion items are banned
|rule|Evasion Moves Clause: Evasion moves are banned
|rule|Evasion Abilities Clause: Evasion abilities are banned
|rule|Sleep Moves Clause: Sleep-inducing moves are banned
|clearpoke
|poke|p1|Ogerpon-Wellspring, F|
|poke|p1|Dragonite, F|
|poke|p1|Zamazenta-*|
|poke|p1|Hatterene, F|
|poke|p1|Ninetales-Alola, F|
|poke|p1|Ting-Lu|
|poke|p2|Samurott-Hisui, M|
|poke|p2|Ogerpon-Wellspring, F|
|poke|p2|Thundurus-Therian, M|
|poke|p2|Latios, M|
|poke|p2|Glimmora, M|
|poke|p2|Metagross|
|teampreview
|inactive|Battle timer is ON: inactive players will automatically lose when time's up. (requested by lakespirited)
|
|t:|1760334005
|teamsize|p1|6
|teamsize|p2|6
|start
|switch|p1a: Ronove|Ting-Lu|100/100
|switch|p2a: Mr. Blue Sky|Thundurus-Therian, M|100/100
|-ability|p1a: Ronove|Vessel of Ruin
|turn|1
|
|t:|1760334015
|move|p2a: Mr. Blue Sky|Focus Blast|p1a: Ronove|[miss]
|-miss|p2a: Mr. Blue Sky|p1a: Ronove
|move|p1a: Ronove|Stealth Rock|p2a: Mr. Blue Sky
|-sidestart|p2: PG Spectating|move: Stealth Rock
|
|upkeep
|turn|2
|
|t:|1760334017
|move|p2a: Mr. Blue Sky|Focus Blast|p1a: Ronove|[miss]
|-miss|p2a: Mr. Blue Sky|p1a: Ronove
|move|p1a: Ronove|Whirlwind|p2a: Mr. Blue Sky
|drag|p2a: Blue (Da Ba Dee)|Samurott-Hisui, M|100/100
|
|upkeep
|turn|3
|c|☆PG Spectating|alright man
|
|t:|1760334022
|move|p2a: Blue (Da Ba Dee)|Ceaseless Edge|p1a: Ronove
|-resisted|p1a: Ronove
|-damage|p1a: Ronove|91/100
|-sidestart|p1: lakespirited|Spikes
|move|p1a: Ronove|Ruination|p2a: Blue (Da Ba Dee)
|-damage|p2a: Blue (Da Ba Dee)|51/100
|
|-heal|p1a: Ronove|97/100|[from] item: Leftovers
|upkeep
|turn|4
|c|☆lakespirited|your spirit is prob impure as hell if ur missing like that
|c|☆lakespirited|not on me
|
|t:|1760334033
|move|p2a: Blue (Da Ba Dee)|Razor Shell|p1a: Ronove
|-supereffective|p1a: Ronove
|-damage|p1a: Ronove|53/100
|-unboost|p1a: Ronove|def|1
|move|p1a: Ronove|Body Press|p2a: Blue (Da Ba Dee)
|-supereffective|p2a: Blue (Da Ba Dee)
|-damage|p2a: Blue (Da Ba Dee)|0 fnt
|faint|p2a: Blue (Da Ba Dee)
|
|-heal|p1a: Ronove|59/100|[from] item: Leftovers
|upkeep
|c|☆lakespirited|realign ur chakras
|c|☆PG Spectating|can't even be mad at a response like that
|c|☆PG Spectating|you're so right
|c|☆lakespirited|high five
|
|t:|1760334047
|switch|p2a: Watercolour|Ogerpon-Wellspring, F|100/100
|-damage|p2a: Watercolour|88/100|[from] Stealth Rock
|turn|5
|
|t:|1760334055
|switch|p1a: Beatrice|Ninetales-Alola, F, shiny|100/100
|-damage|p1a: Beatrice|88/100|[from] Spikes
|-weather|Snowscape|[from] ability: Snow Warning|[of] p1a: Beatrice
|move|p2a: Watercolour|Ivy Cudgel|p1a: Beatrice|[anim] Ivy Cudgel Water
|-damage|p1a: Beatrice|41/100
|
|-weather|Snowscape|[upkeep]
|upkeep
|turn|6
|
|t:|1760334063
|move|p2a: Watercolour|Ivy Cudgel|p1a: Beatrice|[anim] Ivy Cudgel Water
|-crit|p1a: Beatrice
|-damage|p1a: Beatrice|0 fnt
|faint|p1a: Beatrice
|
|-weather|Snowscape|[upkeep]
|upkeep
|
|t:|1760334079
|switch|p1a: Gaap|Dragonite, F|100/100
|turn|7
|
|t:|1760334081
|move|p2a: Watercolour|Swords Dance|p2a: Watercolour
|-boost|p2a: Watercolour|atk|2
|move|p1a: Gaap|Dragon Dance|p1a: Gaap
|-boost|p1a: Gaap|atk|1
|-boost|p1a: Gaap|spe|1
|
|-weather|Snowscape|[upkeep]
|upkeep
|turn|8
|c|☆PG Spectating|meant to taunt
|c|☆PG Spectating|thats unfortunate
|
|t:|1760334098
|-terastallize|p1a: Gaap|Normal
|move|p1a: Gaap|Extreme Speed|p2a: Watercolour
|-damage|p2a: Watercolour|1/100
|move|p2a: Watercolour|Ivy Cudgel|p1a: Gaap|[anim] Ivy Cudgel Water
|-damage|p1a: Gaap|39/100
|
|-weather|Snowscape|[upkeep]
|upkeep
|turn|9
|
|t:|1760334105
|move|p1a: Gaap|Extreme Speed|p2a: Watercolour
|-damage|p2a: Watercolour|0 fnt
|faint|p2a: Watercolour
|
|-weather|none
|upkeep
|
|t:|1760334116
|switch|p2a: Blue Monday|Metagross|100/100
|-damage|p2a: Blue Monday|94/100|[from] Stealth Rock
|turn|10
|
|t:|1760334119
|move|p1a: Gaap|Earthquake|p2a: Blue Monday
|-supereffective|p2a: Blue Monday
|-damage|p2a: Blue Monday|7/100
|move|p2a: Blue Monday|Psychic Fangs|p1a: Gaap
|-damage|p1a: Gaap|0 fnt
|faint|p1a: Gaap
|
|upkeep
|
|t:|1760334125
|switch|p1a: Battler|Zamazenta|100/100
|-damage|p1a: Battler|88/100|[from] Spikes
|-ability|p1a: Battler|Dauntless Shield|boost
|-boost|p1a: Battler|def|1
|turn|11
|
|t:|1760334127
|move|p1a: Battler|Body Press|p2a: Blue Monday
|-damage|p2a: Blue Monday|0 fnt
|faint|p2a: Blue Monday
|
|-heal|p1a: Battler|94/100|[from] item: Leftovers
|upkeep
|
|t:|1760334133
|switch|p2a: Sapphire|Glimmora, M|100/100
|-damage|p2a: Sapphire|88/100|[from] Stealth Rock
|turn|12
|
|t:|1760334137
|move|p1a: Battler|Body Press|p2a: Sapphire
|-damage|p2a: Sapphire|25/100
|-activate|p2a: Sapphire|ability: Toxic Debris
|-sidestart|p1: lakespirited|move: Toxic Spikes
|move|p2a: Sapphire|Sludge Wave|p1a: Battler
|-damage|p1a: Battler|55/100
|
|-heal|p1a: Battler|61/100|[from] item: Leftovers
|upkeep
|turn|13
|
|t:|1760334140
|move|p1a: Battler|Body Press|p2a: Sapphire
|-damage|p2a: Sapphire|0 fnt
|-activate|p2a: Sapphire|ability: Toxic Debris
|-sidestart|p1: lakespirited|move: Toxic Spikes
|faint|p2a: Sapphire
|
|-heal|p1a: Battler|67/100|[from] item: Leftovers
|upkeep
|
|t:|1760334144
|switch|p2a: Mr. Blue Sky|Thundurus-Therian, M|100/100
|-damage|p2a: Mr. Blue Sky|76/100|[from] Stealth Rock
|turn|14
|
|t:|1760334148
|move|p2a: Mr. Blue Sky|Thunderbolt|p1a: Battler
|-damage|p1a: Battler|28/100
|move|p1a: Battler|Roar|p2a: Mr. Blue Sky
|drag|p2a: Pale Blue Eyes|Latios, M|100/100
|-damage|p2a: Pale Blue Eyes|88/100|[from] Stealth Rock
|
|-heal|p1a: Battler|35/100|[from] item: Leftovers
|upkeep
|turn|15
|
|t:|1760334154
|switch|p2a: Mr. Blue Sky|Thundurus-Therian, M|76/100
|-damage|p2a: Mr. Blue Sky|51/100|[from] Stealth Rock
|move|p1a: Battler|Crunch|p2a: Mr. Blue Sky
|-damage|p2a: Mr. Blue Sky|17/100
|
|-heal|p1a: Battler|41/100|[from] item: Leftovers
|upkeep
|turn|16
|
|t:|1760334157
|move|p2a: Mr. Blue Sky|Focus Blast|p1a: Battler
|-damage|p1a: Battler|7/100
|move|p1a: Battler|Crunch|p2a: Mr. Blue Sky
|-damage|p2a: Mr. Blue Sky|0 fnt
|faint|p2a: Mr. Blue Sky
|
|-heal|p1a: Battler|14/100|[from] item: Leftovers
|upkeep
|
|t:|1760334159
|switch|p2a: Pale Blue Eyes|Latios, M|88/100
|-damage|p2a: Pale Blue Eyes|76/100|[from] Stealth Rock
|turn|17
|
|t:|1760334162
|-terastallize|p2a: Pale Blue Eyes|Steel
|move|p1a: Battler|Crunch|p2a: Pale Blue Eyes
|-damage|p2a: Pale Blue Eyes|48/100
|-unboost|p2a: Pale Blue Eyes|def|1
|move|p2a: Pale Blue Eyes|Psyshock|p1a: Battler
|-supereffective|p1a: Battler
|-damage|p1a: Battler|0 fnt
|faint|p1a: Battler
|
|upkeep
|c|☆lakespirited|if u won it'd be good cuz ur nicknames are good
|
|t:|1760334177
|switch|p1a: Virgilia|Hatterene, F|100/100
|-damage|p1a: Virgilia|88/100|[from] Spikes
|-status|p1a: Virgilia|tox
|turn|18
|c|☆PG Spectating|mono blue loses once again
|c|☆PG Spectating|unfortunately
|
|t:|1760334183
|move|p2a: Pale Blue Eyes|Recover|p2a: Pale Blue Eyes
|-heal|p2a: Pale Blue Eyes|98/100
|move|p1a: Virgilia|Mystical Fire|p2a: Pale Blue Eyes
|-supereffective|p2a: Pale Blue Eyes
|-damage|p2a: Pale Blue Eyes|52/100
|-unboost|p2a: Pale Blue Eyes|spa|1
|
|-heal|p1a: Virgilia|94/100 tox|[from] item: Leftovers
|-damage|p1a: Virgilia|88/100 tox|[from] psn
|upkeep
|turn|19
|
|t:|1760334185
|move|p2a: Pale Blue Eyes|Calm Mind|p2a: Pale Blue Eyes
|-boost|p2a: Pale Blue Eyes|spa|1
|-boost|p2a: Pale Blue Eyes|spd|1
|move|p1a: Virgilia|Mystical Fire|p2a: Pale Blue Eyes
|-supereffective|p2a: Pale Blue Eyes
|-damage|p2a: Pale Blue Eyes|20/100
|-unboost|p2a: Pale Blue Eyes|spa|1
|
|-heal|p1a: Virgilia|94/100 tox|[from] item: Leftovers
|-damage|p1a: Virgilia|82/100 tox|[from] psn
|upkeep
|turn|20
|
|t:|1760334187
|move|p2a: Pale Blue Eyes|Recover|p2a: Pale Blue Eyes
|-heal|p2a: Pale Blue Eyes|70/100
|move|p1a: Virgilia|Mystical Fire|p2a: Pale Blue Eyes
|-supereffective|p2a: Pale Blue Eyes
|-damage|p2a: Pale Blue Eyes|37/100
|-unboost|p2a: Pale Blue Eyes|spa|1
|
|-heal|p1a: Virgilia|88/100 tox|[from] item: Leftovers
|-damage|p1a: Virgilia|70/100 tox|[from] psn
|upkeep
|turn|21
|
|t:|1760334190
|move|p2a: Pale Blue Eyes|Calm Mind|p2a: Pale Blue Eyes
|-boost|p2a: Pale Blue Eyes|spa|1
|-boost|p2a: Pale Blue Eyes|spd|1
|move|p1a: Virgilia|Mystical Fire|p2a: Pale Blue Eyes
|-supereffective|p2a: Pale Blue Eyes
|-damage|p2a: Pale Blue Eyes|12/100
|-unboost|p2a: Pale Blue Eyes|spa|1
|
|-heal|p1a: Virgilia|76/100 tox|[from] item: Leftovers
|-damage|p1a: Virgilia|52/100 tox|[from] psn
|upkeep
|turn|22
|
|t:|1760334192
|move|p2a: Pale Blue Eyes|Psyshock|p1a: Virgilia
|-resisted|p1a: Virgilia
|-damage|p1a: Virgilia|43/100 tox
|move|p1a: Virgilia|Mystical Fire|p2a: Pale Blue Eyes
|-supereffective|p2a: Pale Blue Eyes
|-damage|p2a: Pale Blue Eyes|0 fnt
|faint|p2a: Pale Blue Eyes
|
|win|lakespirited
|raw|lakespirited's rating: 1377 &rarr; <strong>1401</strong><br />(+24 for winning)
|raw|PG Spectating's rating: 1446 &rarr; <strong>1422</strong><br />(-24 for losing)
|c|☆PG Spectating|gg
|c|☆lakespirited|wish u luck on ur journeyt
|c|☆PG Spectating|ty
|c|☆lakespirited|on the elo and spiritually
