|j|☆frazybalkany
|j|☆Demotixnn
|t:|1760354854
|gametype|singles
|player|p1|frazybalkany|265|1394
|player|p2|Demotixnn|101|1415
|gen|9
|tier|[Gen 9] OU
|rated|
|rule|HP Percentage Mod: HP is shown in percentages
|rule|Endless Battle Clause: Forcing endless battles is banned
|rule|Species Clause: Limit one of each Pokémon
|rule|OHKO Clause: OHKO moves are banned
|rule|Evasion Items Clause: Evasion items are banned
|rule|Evasion Moves Clause: Evasion moves are banned
|rule|Evasion Abilities Clause: Evasion abilities are banned
|rule|Sleep Moves Clause: Sleep-inducing moves are banned
|clearpoke
|poke|p1|Torkoal, F|
|poke|p1|Dragapult, M|
|poke|p1|Iron Moth|
|poke|p1|Kingambit, F|
|poke|p1|Ceruledge, F|
|poke|p1|Staraptor, M|
|poke|p2|Iron Crown|
|poke|p2|Samurott-Hisui, M|
|poke|p2|Zapdos|
|poke|p2|Dragapult, F|
|poke|p2|Great Tusk|
|poke|p2|Iron Boulder|
|teampreview
|inactive|Battle timer is ON: inactive players will automatically lose when time's up. (requested by frazybalkany)
|
|t:|1760354863
|teamsize|p1|6
|teamsize|p2|6
|start
|switch|p1a: Staraptor|Staraptor, M|100/100
|switch|p2a: Pump It|Great Tusk|100/100
|turn|1
|
|t:|1760354875
|-end|p2a: Pump It|Protosynthesis|[silent]
|switch|p2a: Hurikan|Zapdos|100/100
|move|p1a: Staraptor|Final Gambit|p2a: Hurikan
|-damage|p2a: Hurikan|3/100
|faint|p1a: Staraptor
|
|upkeep
|
|t:|1760354882
|switch|p1a: Iron Moth|Iron Moth|100/100
|-enditem|p1a: Iron Moth|Booster Energy
|-activate|p1a: Iron Moth|ability: Quark Drive|[fromitem]
|-start|p1a: Iron Moth|quarkdrivespe
|turn|2
|
|t:|1760354888
|move|p1a: Iron Moth|Fiery Dance|p2a: Hurikan
|-damage|p2a: Hurikan|0 fnt
|-boost|p1a: Iron Moth|spa|1
|faint|p2a: Hurikan
|
|upkeep
|
|t:|1760354891
|switch|p2a: Revery|Iron Boulder|100/100
|-enditem|p2a: Revery|Booster Energy
|-activate|p2a: Revery|ability: Quark Drive|[fromitem]
|-start|p2a: Revery|quarkdrivespe
|turn|3
|
|t:|1760354899
|-terastallize|p1a: Iron Moth|Ground
|move|p2a: Revery|Zen Headbutt|p1a: Iron Moth
|-damage|p1a: Iron Moth|37/100
|cant|p1a: Iron Moth|flinch
|
|upkeep
|turn|4
|c|☆frazybalkany|Ah
|
|t:|1760354911
|move|p2a: Revery|Zen Headbutt|p1a: Iron Moth
|-damage|p1a: Iron Moth|0 fnt
|faint|p1a: Iron Moth
|-end|p1a: Iron Moth|Quark Drive|[silent]
|
|upkeep
|
|t:|1760354915
|switch|p1a: Ceruledge|Ceruledge, F|100/100
|turn|5
|
|t:|1760354930
|move|p2a: Revery|Mighty Cleave|p1a: Ceruledge
|-supereffective|p1a: Ceruledge
|-enditem|p1a: Ceruledge|Focus Sash
|-damage|p1a: Ceruledge|1/100
|-ability|p1a: Ceruledge|Weak Armor|boost
|-unboost|p1a: Ceruledge|def|1
|-boost|p1a: Ceruledge|spe|2
|move|p1a: Ceruledge|Destiny Bond|p1a: Ceruledge
|-singlemove|p1a: Ceruledge|Destiny Bond
|
|upkeep
|turn|6
|
|t:|1760354942
|move|p2a: Revery|Zen Headbutt|p1a: Ceruledge|[miss]
|-miss|p2a: Revery|p1a: Ceruledge
|move|p1a: Ceruledge|Poltergeist||[still]
|-fail|p1a: Ceruledge
|
|upkeep
|turn|7
|c|☆Demotixnn|wow
|c|☆frazybalkany|Best game
|c|☆Demotixnn|beautiful double haxx
|
|t:|1760354966
|move|p2a: Revery|Mighty Cleave|p1a: Ceruledge
|-supereffective|p1a: Ceruledge
|-damage|p1a: Ceruledge|0 fnt
|faint|p1a: Ceruledge
|
|upkeep
|c|☆frazybalkany|Gg
|
|t:|1760354973
|switch|p1a: Torkoal|Torkoal, F|100/100
|-weather|SunnyDay|[from] ability: Drought|[of] p1a: Torkoal
|turn|8
|
|t:|1760354978
|move|p2a: Revery|Mighty Cleave|p1a: Torkoal
|-supereffective|p1a: Torkoal
|-damage|p1a: Torkoal|24/100
|move|p1a: Torkoal|Stealth Rock|p2a: Revery
|-sidestart|p2: Demotixnn|move: Stealth Rock
|
|-weather|SunnyDay|[upkeep]
|upkeep
|turn|9
|
|t:|1760354984
|move|p2a: Revery|Mighty Cleave|p1a: Torkoal
|-supereffective|p1a: Torkoal
|-crit|p1a: Torkoal
|-damage|p1a: Torkoal|0 fnt
|faint|p1a: Torkoal
|
|-weather|SunnyDay|[upkeep]
|upkeep
|
|t:|1760354986
|switch|p1a: Kingambit|Kingambit, F|100/100
|-activate|p1a: Kingambit|ability: Supreme Overlord
|-start|p1a: Kingambit|fallen4|[silent]
|turn|10
|
|t:|1760354995
|-terastallize|p2a: Revery|Fighting
|move|p2a: Revery|Close Combat|p1a: Kingambit
|-supereffective|p1a: Kingambit
|-enditem|p1a: Kingambit|Focus Sash
|-damage|p1a: Kingambit|1/100
|-unboost|p2a: Revery|def|1
|-unboost|p2a: Revery|spd|1
|move|p1a: Kingambit|Swords Dance|p1a: Kingambit
|-boost|p1a: Kingambit|atk|2
|
|-weather|SunnyDay|[upkeep]
|upkeep
|turn|11
|
|t:|1760355006
|move|p1a: Kingambit|Sucker Punch|p2a: Revery
|-resisted|p2a: Revery
|-damage|p2a: Revery|0 fnt
|faint|p2a: Revery
|-end|p2a: Revery|Quark Drive|[silent]
|
|-weather|SunnyDay|[upkeep]
|upkeep
|
|t:|1760355010
|switch|p2a: Parasite|Dragapult, F|100/100
|-damage|p2a: Parasite|88/100|[from] Stealth Rock
|turn|12
|
|t:|1760355013
|switch|p2a: Pump It|Great Tusk|100/100
|-activate|p2a: Pump It|ability: Protosynthesis
|-start|p2a: Pump It|protosynthesisatk
|move|p1a: Kingambit|Iron Head|p2a: Pump It
|-crit|p2a: Pump It
|-damage|p2a: Pump It|0 fnt
|faint|p2a: Pump It
|-end|p2a: Pump It|Protosynthesis|[silent]
|
|-weather|none
|upkeep
|
|t:|1760355016
|switch|p2a: Everytime We Touch|Samurott-Hisui, M|100/100
|-damage|p2a: Everytime We Touch|88/100|[from] Stealth Rock
|turn|13
|
|t:|1760355022
|move|p2a: Everytime We Touch|Ceaseless Edge|p1a: Kingambit|[miss]
|-miss|p2a: Everytime We Touch|p1a: Kingambit
|move|p1a: Kingambit|Low Kick|p2a: Everytime We Touch
|-supereffective|p2a: Everytime We Touch
|-damage|p2a: Everytime We Touch|0 fnt
|faint|p2a: Everytime We Touch
|
|upkeep
|c|☆frazybalkany|Lmao
|
|t:|1760355028
|switch|p2a: Parasite|Dragapult, F|88/100
|-damage|p2a: Parasite|76/100|[from] Stealth Rock
|turn|14
|c|☆frazybalkany|That game is stupid
|c|☆Demotixnn|not fair
|c|☆Demotixnn|hate this game
|
|t:|1760355047
|move|p2a: Parasite|Sucker Punch|p1a: Kingambit
|-resisted|p1a: Kingambit
|-damage|p1a: Kingambit|0 fnt
|faint|p1a: Kingambit
|-end|p1a: Kingambit|fallen4|[silent]
|
|upkeep
|
|t:|1760355050
|switch|p1a: Dragapult|Dragapult, M|100/100
|turn|15
|
|t:|1760355063
|move|p2a: Parasite|Sucker Punch||[still]
|-fail|p2a: Parasite
|move|p1a: Dragapult|Dragon Dance|p1a: Dragapult
|-boost|p1a: Dragapult|atk|1
|-boost|p1a: Dragapult|spe|1
|
|upkeep
|turn|16
|
|t:|1760355067
|switch|p2a: Mindreader|Iron Crown|100/100
|-damage|p2a: Mindreader|94/100|[from] Stealth Rock
|move|p1a: Dragapult|Substitute|p1a: Dragapult
|-start|p1a: Dragapult|Substitute
|-damage|p1a: Dragapult|76/100
|
|-heal|p1a: Dragapult|82/100|[from] item: Leftovers
|upkeep
|turn|17
|
|t:|1760355072
|move|p1a: Dragapult|Phantom Force||[still]
|-prepare|p1a: Dragapult|Phantom Force
|move|p2a: Mindreader|Tachyon Cutter|p1a: Dragapult|[miss]
|-miss|p2a: Mindreader|p1a: Dragapult
|
|-heal|p1a: Dragapult|88/100|[from] item: Leftovers
|upkeep
|turn|18
|c|☆frazybalkany|Well it was funny at least
|
|t:|1760355084
|move|p1a: Dragapult|Phantom Force|p2a: Mindreader|[from] lockedmove
|-supereffective|p2a: Mindreader
|-damage|p2a: Mindreader|0 fnt
|faint|p2a: Mindreader
|-end|p2a: Mindreader|Quark Drive|[silent]
|
|-heal|p1a: Dragapult|94/100|[from] item: Leftovers
|upkeep
|
|t:|1760355088
|switch|p2a: Parasite|Dragapult, F|76/100
|-damage|p2a: Parasite|64/100|[from] Stealth Rock
|turn|19
|
|t:|1760355091
|move|p1a: Dragapult|Phantom Force||[still]
|-prepare|p1a: Dragapult|Phantom Force
|move|p2a: Parasite|Dragon Darts|p1a: Dragapult|[miss]
|-miss|p2a: Parasite|p1a: Dragapult
|
|-heal|p1a: Dragapult|99/100|[from] item: Leftovers
|upkeep
|turn|20
|
|t:|1760355094
|move|p1a: Dragapult|Phantom Force|p2a: Parasite|[from] lockedmove
|-supereffective|p2a: Parasite
|-damage|p2a: Parasite|0 fnt
|faint|p2a: Parasite
|
|win|frazybalkany
|raw|frazybalkany's rating: 1394 &rarr; <strong>1415</strong><br />(+21 for winning)
|raw|Demotixnn's rating: 1415 &rarr; <strong>1394</strong><br />(-21 for losing)
|l|☆Demotixnn
|player|p2|
|c|☆frazybalkany|Gg of course
|l|☆frazybalkany
|player|p1|
