|j|☆Tusia88
|j|☆yodimjay
|t:|1760347561
|gametype|singles
|player|p1|Tusia88|2|1304
|player|p2|yodimjay|hugh|1267
|gen|9
|tier|[Gen 9] OU
|rated|
|rule|HP Percentage Mod: HP is shown in percentages
|rule|Endless Battle Clause: Forcing endless battles is banned
|rule|Species Clause: Limit one of each Pokémon
|rule|OHKO Clause: OHKO moves are banned
|rule|Evasion Items Clause: Evasion items are banned
|rule|Evasion Moves Clause: Evasion moves are banned
|rule|Evasion Abilities Clause: Evasion abilities are banned
|rule|Sleep Moves Clause: Sleep-inducing moves are banned
|clearpoke
|poke|p1|Ninetales, F|
|poke|p1|Dragonite, M|
|poke|p1|Cinderace, M|
|poke|p1|Walking Wake|
|poke|p1|Cresselia, F|
|poke|p1|Great Tusk|
|poke|p2|Cinderace, F|
|poke|p2|Meowscarada, F|
|poke|p2|Scizor, F|
|poke|p2|Dragalge, F|
|poke|p2|Hatterene, F|
|poke|p2|Darkrai|
|teampreview
|inactive|Battle timer is ON: inactive players will automatically lose when time's up. (requested by yodimjay)
|
|t:|1760347572
|teamsize|p1|6
|teamsize|p2|6
|start
|switch|p1a: Cinderace|Cinderace, M|100/100
|switch|p2a: Mystery|Dragalge, F|100/100
|turn|1
|
|t:|1760347595
|move|p1a: Cinderace|U-turn|p2a: Mystery
|-start|p1a: Cinderace|typechange|Bug|[from] ability: Libero
|-resisted|p2a: Mystery
|-damage|p2a: Mystery|82/100
|
|t:|1760347609
|switch|p1a: Cresselia|Cresselia, F|100/100|[from] U-turn
|move|p2a: Mystery|Draco Meteor|p1a: Cresselia
|-damage|p1a: Cresselia|56/100
|-unboost|p2a: Mystery|spa|2
|-enditem|p1a: Cresselia|Eject Button
|
|t:|1760347616
|switch|p1a: Great Tusk|Great Tusk|100/100
|
|upkeep
|turn|2
|
|t:|1760347623
|switch|p2a: Asparas|Hatterene, F|100/100
|move|p1a: Great Tusk|Headlong Rush|p2a: Asparas
|-damage|p2a: Asparas|58/100
|-unboost|p1a: Great Tusk|def|1
|-unboost|p1a: Great Tusk|spd|1
|-damage|p1a: Great Tusk|84/100|[from] item: Rocky Helmet|[of] p2a: Asparas
|-enditem|p1a: Great Tusk|Eject Pack
|
|t:|1760347627
|-end|p1a: Great Tusk|Protosynthesis|[silent]
|switch|p1a: Cinderace|Cinderace, M|100/100
|
|upkeep
|turn|3
|
|t:|1760347638
|move|p1a: Cinderace|Pyro Ball|p2a: Asparas|[miss]
|-miss|p1a: Cinderace|p2a: Asparas
|move|p2a: Asparas|Nuzzle|p1a: Cinderace
|-damage|p1a: Cinderace|95/100
|-status|p1a: Cinderace|par
|
|upkeep
|turn|4
|
|t:|1760347646
|move|p1a: Cinderace|Pyro Ball|p2a: Asparas
|-damage|p2a: Asparas|9/100
|move|p2a: Asparas|Pain Split|p1a: Cinderace
|-sethp|p1a: Cinderace|52/100 par|[from] move: Pain Split|[silent]
|-sethp|p2a: Asparas|49/100|[from] move: Pain Split
|
|upkeep
|turn|5
|
|t:|1760347654
|move|p1a: Cinderace|Pyro Ball|p2a: Asparas
|-damage|p2a: Asparas|3/100
|move|p2a: Asparas|Psychic Noise|p1a: Cinderace
|-damage|p1a: Cinderace|2/100 par
|-start|p1a: Cinderace|move: Heal Block
|
|upkeep
|turn|6
|
|t:|1760347666
|move|p1a: Cinderace|Pyro Ball|p2a: Asparas
|-damage|p2a: Asparas|0 fnt
|faint|p2a: Asparas
|
|-end|p1a: Cinderace|move: Heal Block
|upkeep
|
|t:|1760347677
|switch|p2a: Ivy|Meowscarada, F, shiny|100/100
|turn|7
|
|t:|1760347680
|move|p2a: Ivy|U-turn|p1a: Cinderace
|-start|p2a: Ivy|typechange|Bug|[from] ability: Protean
|-resisted|p1a: Cinderace
|-damage|p1a: Cinderace|0 fnt
|faint|p1a: Cinderace
|
|t:|1760347688
|switch|p2a: Darkrai|Darkrai|100/100|[from] U-turn
|
|upkeep
|
|t:|1760347694
|switch|p1a: Ninetales|Ninetales, F|100/100
|-weather|SunnyDay|[from] ability: Drought|[of] p1a: Ninetales
|turn|8
|
|t:|1760347700
|switch|p1a: Great Tusk|Great Tusk|84/100
|-activate|p1a: Great Tusk|ability: Protosynthesis
|-start|p1a: Great Tusk|protosynthesisspe
|move|p2a: Darkrai|Nasty Plot|p2a: Darkrai
|-boost|p2a: Darkrai|spa|2
|
|-weather|SunnyDay|[upkeep]
|upkeep
|turn|9
|
|t:|1760347712
|-terastallize|p2a: Darkrai|Ghost
|move|p1a: Great Tusk|Close Combat|p2a: Darkrai
|-immune|p2a: Darkrai
|move|p2a: Darkrai|Psyshock|p1a: Great Tusk
|-supereffective|p1a: Great Tusk
|-damage|p1a: Great Tusk|12/100
|
|-weather|SunnyDay|[upkeep]
|upkeep
|turn|10
|
|t:|1760347722
|move|p1a: Great Tusk|Headlong Rush|p2a: Darkrai
|-damage|p2a: Darkrai|31/100
|-unboost|p1a: Great Tusk|def|1
|-unboost|p1a: Great Tusk|spd|1
|move|p2a: Darkrai|Dark Pulse|p1a: Great Tusk
|-resisted|p1a: Great Tusk
|-damage|p1a: Great Tusk|0 fnt
|faint|p1a: Great Tusk
|-end|p1a: Great Tusk|Protosynthesis|[silent]
|
|-weather|SunnyDay|[upkeep]
|upkeep
|
|t:|1760347728
|switch|p1a: Dragonite|Dragonite, M|100/100
|turn|11
|
|t:|1760347733
|move|p2a: Darkrai|Dark Pulse|p1a: Dragonite
|-damage|p1a: Dragonite|54/100
|move|p1a: Dragonite|Dragon Dance|p1a: Dragonite
|-boost|p1a: Dragonite|atk|1
|-boost|p1a: Dragonite|spe|1
|
|-weather|SunnyDay|[upkeep]
|upkeep
|turn|12
|
|t:|1760347738
|move|p1a: Dragonite|Earthquake|p2a: Darkrai
|-damage|p2a: Darkrai|0 fnt
|faint|p2a: Darkrai
|
|-weather|SunnyDay|[upkeep]
|upkeep
|
|t:|1760347741
|switch|p2a: Nina|Scizor, F|100/100
|turn|13
|
|t:|1760347745
|move|p1a: Dragonite|Rock Slide|p2a: Nina
|-damage|p2a: Nina|58/100
|move|p2a: Nina|Swords Dance|p2a: Nina
|-boost|p2a: Nina|atk|2
|
|-weather|SunnyDay|[upkeep]
|upkeep
|turn|14
|
|t:|1760347753
|move|p2a: Nina|Bullet Punch|p1a: Dragonite
|-damage|p1a: Dragonite|0 fnt
|faint|p1a: Dragonite
|
|-weather|SunnyDay|[upkeep]
|upkeep
|
|t:|1760347755
|switch|p1a: Ninetales|Ninetales, F|100/100
|turn|15
|
|t:|1760347761
|switch|p2a: Cindy|Cinderace, F, shiny|100/100
|move|p1a: Ninetales|Overheat|p2a: Cindy
|-resisted|p2a: Cindy
|-damage|p2a: Cindy|44/100
|-unboost|p1a: Ninetales|spa|2
|
|-weather|none
|upkeep
|turn|16
|
|t:|1760347772
|switch|p1a: Cresselia|Cresselia, F|56/100
|move|p2a: Cindy|U-turn|p1a: Cresselia
|-start|p2a: Cindy|typechange|Bug|[from] ability: Libero
|-supereffective|p1a: Cresselia
|-damage|p1a: Cresselia|14/100
|
|t:|1760347780
|switch|p2a: Mystery|Dragalge, F|82/100|[from] U-turn
|
|upkeep
|turn|17
|
|t:|1760347792
|move|p1a: Cresselia|Lunar Dance|p1a: Cresselia
|faint|p1a: Cresselia
|move|p2a: Mystery|Sludge Wave|p1: Cresselia|[notarget]
|-fail|p2a: Mystery
|
|upkeep
|
|t:|1760347796
|switch|p1a: Walking Wake|Walking Wake|100/100
|turn|18
|
|t:|1760347801
|move|p1a: Walking Wake|Dragon Pulse|p2a: Mystery
|-supereffective|p2a: Mystery
|-damage|p2a: Mystery|1/100
|move|p2a: Mystery|Draco Meteor|p1a: Walking Wake
|-supereffective|p1a: Walking Wake
|-crit|p1a: Walking Wake
|-damage|p1a: Walking Wake|0 fnt
|-unboost|p2a: Mystery|spa|2
|faint|p1a: Walking Wake
|-end|p1a: Walking Wake|Protosynthesis|[silent]
|
|upkeep
|-message|Tusia88 forfeited.
|
|win|yodimjay
|raw|Tusia88's rating: 1304 &rarr; <strong>1282</strong><br />(-22 for losing)
|raw|yodimjay's rating: 1267 &rarr; <strong>1295</strong><br />(+28 for winning)
|l|☆Tusia88
|player|p1|
|l|☆yodimjay
|player|p2|
