|j|☆JyroSSJ
|j|☆PigeonShooter21
|t:|1760406984
|gametype|singles
|player|p1|JyroSSJ|265|1115
|player|p2|PigeonShooter21|n|1064
|gen|9
|tier|[Gen 9] OU
|rated|
|rule|HP Percentage Mod: HP is shown in percentages
|rule|Endless Battle Clause: Forcing endless battles is banned
|rule|Species Clause: Limit one of each Pokémon
|rule|OHKO Clause: OHKO moves are banned
|rule|Evasion Items Clause: Evasion items are banned
|rule|Evasion Moves Clause: Evasion moves are banned
|rule|Evasion Abilities Clause: Evasion abilities are banned
|rule|Sleep Moves Clause: Sleep-inducing moves are banned
|clearpoke
|poke|p1|Kingambit, M|
|poke|p1|Great Tusk|
|poke|p1|Skeledirge, F|
|poke|p1|Dragapult, M|
|poke|p1|Toxapex, F|
|poke|p1|Iron Valiant|
|poke|p2|Haxorus, F|
|poke|p2|Excadrill, F|
|poke|p2|Sableye, F|
|poke|p2|Great Tusk|
|poke|p2|Toxapex, F|
|poke|p2|Kilowattrel, M|
|teampreview
|inactive|Battle timer is ON: inactive players will automatically lose when time's up. (requested by JyroSSJ)
|
|t:|1760407009
|teamsize|p1|6
|teamsize|p2|6
|start
|switch|p1a: Great Tusk|Great Tusk|100/100
|switch|p2a: Toxapex|Toxapex, F|100/100
|turn|1
|
|t:|1760407022
|switch|p2a: Kilowattrel|Kilowattrel, M|100/100
|move|p1a: Great Tusk|Stealth Rock|p2a: Kilowattrel
|-sidestart|p2: PigeonShooter21|move: Stealth Rock
|
|upkeep
|turn|2
|inactive|JyroSSJ has 120 seconds left.
|
|t:|1760407053
|-end|p1a: Great Tusk|Protosynthesis|[silent]
|switch|p1a: Skeledirge|Skeledirge, F|100/100
|move|p2a: Kilowattrel|Air Slash|p1a: Skeledirge|[miss]
|-miss|p2a: Kilowattrel|p1a: Skeledirge
|
|upkeep
|turn|3
|
|t:|1760407062
|switch|p2a: Toxapex|Toxapex, F|100/100
|-damage|p2a: Toxapex|88/100|[from] Stealth Rock
|move|p1a: Skeledirge|Will-O-Wisp|p2a: Toxapex
|-status|p2a: Toxapex|brn
|
|-heal|p2a: Toxapex|94/100 brn|[from] item: Black Sludge
|-damage|p2a: Toxapex|88/100 brn|[from] brn
|upkeep
|turn|4
|inactive|JyroSSJ has 120 seconds left.
|
|t:|1760407088
|move|p1a: Skeledirge|Hex|p2a: Toxapex
|-damage|p2a: Toxapex|51/100 brn
|move|p2a: Toxapex|Toxic Spikes|p1a: Skeledirge
|-sidestart|p1: JyroSSJ|move: Toxic Spikes
|
|-heal|p2a: Toxapex|57/100 brn|[from] item: Black Sludge
|-damage|p2a: Toxapex|51/100 brn|[from] brn
|upkeep
|turn|5
|
|t:|1760407096
|switch|p1a: Toxapex|Toxapex, F|100/100
|-sideend|p1: JyroSSJ|move: Toxic Spikes|[of] p1a: Toxapex
|move|p2a: Toxapex|Baneful Bunker||[still]
|-fail|p2a: Toxapex
|
|-heal|p2a: Toxapex|57/100 brn|[from] item: Black Sludge
|-damage|p2a: Toxapex|51/100 brn|[from] brn
|upkeep
|turn|6
|inactive|JyroSSJ has 120 seconds left.
|
|t:|1760407109
|switch|p2a: Great Tusk|Great Tusk|100/100
|-damage|p2a: Great Tusk|98/100|[from] Stealth Rock
|-enditem|p2a: Great Tusk|Booster Energy
|-activate|p2a: Great Tusk|ability: Protosynthesis|[fromitem]
|-start|p2a: Great Tusk|protosynthesisatk
|move|p1a: Toxapex|Chilling Water|p2a: Great Tusk
|-supereffective|p2a: Great Tusk
|-damage|p2a: Great Tusk|63/100
|-unboost|p2a: Great Tusk|atk|1
|
|upkeep
|turn|7
|inactive|JyroSSJ has 120 seconds left.
|
|t:|1760407143
|move|p2a: Great Tusk|Rapid Spin|p1a: Toxapex
|-damage|p1a: Toxapex|89/100
|-boost|p2a: Great Tusk|spe|1
|-damage|p2a: Great Tusk|47/100|[from] item: Rocky Helmet|[of] p1a: Toxapex
|-sideend|p2: PigeonShooter21|Stealth Rock|[from] move: Rapid Spin|[of] p2a: Great Tusk
|move|p1a: Toxapex|Toxic|p2a: Great Tusk
|-status|p2a: Great Tusk|tox
|
|-damage|p2a: Great Tusk|40/100 tox|[from] psn
|upkeep
|turn|8
|
|t:|1760407152
|move|p2a: Great Tusk|Headlong Rush|p1a: Toxapex
|-supereffective|p1a: Toxapex
|-damage|p1a: Toxapex|1/100
|-unboost|p2a: Great Tusk|def|1
|-unboost|p2a: Great Tusk|spd|1
|-damage|p2a: Great Tusk|24/100 tox|[from] item: Rocky Helmet|[of] p1a: Toxapex
|move|p1a: Toxapex|Chilling Water|p2a: Great Tusk
|-supereffective|p2a: Great Tusk
|-damage|p2a: Great Tusk|0 fnt
|faint|p2a: Great Tusk
|-end|p2a: Great Tusk|Protosynthesis|[silent]
|
|upkeep
|
|t:|1760407160
|switch|p2a: Kilowattrel|Kilowattrel, M|100/100
|turn|9
|inactive|JyroSSJ has 120 seconds left.
|
|t:|1760407180
|switch|p1a: Great Tusk|Great Tusk|100/100
|move|p2a: Kilowattrel|Air Slash|p1a: Great Tusk
|-supereffective|p1a: Great Tusk
|-damage|p1a: Great Tusk|0 fnt
|faint|p1a: Great Tusk
|-end|p1a: Great Tusk|Protosynthesis|[silent]
|-damage|p2a: Kilowattrel|91/100|[from] item: Life Orb
|
|upkeep
|inactive|JyroSSJ has 90 seconds left.
|
|t:|1760407202
|switch|p1a: Toxapex|Toxapex, F|34/100
|turn|10
|
|t:|1760407207
|move|p1a: Toxapex|Baneful Bunker|p1a: Toxapex
|-singleturn|p1a: Toxapex|move: Protect
|move|p2a: Kilowattrel|Thunderbolt|p1a: Toxapex
|-activate|p1a: Toxapex|move: Protect
|
|upkeep
|turn|11
|
|t:|1760407215
|switch|p1a: Skeledirge|Skeledirge, F|100/100
|move|p2a: Kilowattrel|Air Slash|p1a: Skeledirge
|-damage|p1a: Skeledirge|52/100
|-damage|p2a: Kilowattrel|81/100|[from] item: Life Orb
|
|upkeep
|turn|12
|
|t:|1760407231
|switch|p2a: Toxapex|Toxapex, F|84/100 brn
|move|p1a: Skeledirge|Slack Off|p1a: Skeledirge
|-heal|p1a: Skeledirge|100/100
|
|-heal|p2a: Toxapex|90/100 brn|[from] item: Black Sludge
|-damage|p2a: Toxapex|84/100 brn|[from] brn
|upkeep
|turn|13
|
|t:|1760407260
|switch|p1a: Kingambit|Kingambit, M|100/100
|-activate|p1a: Kingambit|ability: Supreme Overlord
|-start|p1a: Kingambit|fallen1|[silent]
|move|p2a: Toxapex|Baneful Bunker||[still]
|-fail|p2a: Toxapex
|
|-heal|p2a: Toxapex|90/100 brn|[from] item: Black Sludge
|-damage|p2a: Toxapex|84/100 brn|[from] brn
|upkeep
|turn|14
|
|t:|1760407269
|switch|p2a: Sableye|Sableye, F|100/100
|move|p1a: Kingambit|Swords Dance|p1a: Kingambit
|-boost|p1a: Kingambit|atk|2
|
|upkeep
|turn|15
|
|t:|1760407290
|move|p1a: Kingambit|Sucker Punch||[still]
|-fail|p1a: Kingambit
|move|p2a: Sableye|Will-O-Wisp|p1a: Kingambit
|-hint|Since gen 7, Dark is immune to Prankster moves.
|-immune|p1a: Kingambit
|
|upkeep
|turn|16
|
|t:|1760407298
|move|p2a: Sableye|Encore|p1a: Kingambit
|-hint|Since gen 7, Dark is immune to Prankster moves.
|-immune|p1a: Kingambit
|move|p1a: Kingambit|Sucker Punch||[still]
|-fail|p1a: Kingambit
|
|upkeep
|turn|17
|
|t:|1760407324
|switch|p2a: Toxapex|Toxapex, F|100/100 brn
|move|p1a: Kingambit|Sucker Punch||[still]
|-fail|p1a: Kingambit
|
|-damage|p2a: Toxapex|95/100 brn|[from] brn
|upkeep
|turn|18
|
|t:|1760407329
|move|p1a: Kingambit|Iron Head|p2a: Toxapex
|-resisted|p2a: Toxapex
|-damage|p2a: Toxapex|62/100 brn
|move|p2a: Toxapex|Haze|p2a: Toxapex
|-clearallboost
|
|-heal|p2a: Toxapex|67/100 brn|[from] item: Black Sludge
|-damage|p2a: Toxapex|62/100 brn|[from] brn
|upkeep
|turn|19
|
|t:|1760407337
|move|p1a: Kingambit|Kowtow Cleave|p2a: Toxapex
|-damage|p2a: Toxapex|17/100 brn
|move|p2a: Toxapex|Toxic Spikes|p1a: Kingambit
|-sidestart|p1: JyroSSJ|move: Toxic Spikes
|
|-heal|p2a: Toxapex|23/100 brn|[from] item: Black Sludge
|-damage|p2a: Toxapex|17/100 brn|[from] brn
|upkeep
|turn|20
|
|t:|1760407343
|move|p2a: Toxapex|Baneful Bunker|p2a: Toxapex
|-singleturn|p2a: Toxapex|move: Protect
|move|p1a: Kingambit|Kowtow Cleave|p2a: Toxapex
|-activate|p2a: Toxapex|move: Protect
|
|-heal|p2a: Toxapex|23/100 brn|[from] item: Black Sludge
|-damage|p2a: Toxapex|17/100 brn|[from] brn
|upkeep
|turn|21
|
|t:|1760407355
|switch|p2a: Excadrill|Excadrill, F, shiny|100/100
|-ability|p2a: Excadrill|Mold Breaker
|move|p1a: Kingambit|Kowtow Cleave|p2a: Excadrill
|-damage|p2a: Excadrill|13/100
|
|-heal|p2a: Excadrill|19/100|[from] item: Leftovers
|upkeep
|turn|22
|inactive|JyroSSJ has 120 seconds left.
|
|t:|1760407393
|move|p1a: Kingambit|Sucker Punch||[still]
|-fail|p1a: Kingambit
|move|p2a: Excadrill|Swords Dance|p2a: Excadrill
|-boost|p2a: Excadrill|atk|2
|
|-heal|p2a: Excadrill|25/100|[from] item: Leftovers
|upkeep
|turn|23
|
|t:|1760407403
|move|p2a: Excadrill|Earthquake|p1a: Kingambit
|-supereffective|p1a: Kingambit
|-damage|p1a: Kingambit|0 fnt
|faint|p1a: Kingambit
|-end|p1a: Kingambit|fallen1|[silent]
|
|-heal|p2a: Excadrill|31/100|[from] item: Leftovers
|upkeep
|
|t:|1760407407
|switch|p1a: Toxapex|Toxapex, F|68/100
|-sideend|p1: JyroSSJ|move: Toxic Spikes|[of] p1a: Toxapex
|turn|24
|
|t:|1760407411
|move|p2a: Excadrill|Earthquake|p1a: Toxapex
|-supereffective|p1a: Toxapex
|-damage|p1a: Toxapex|0 fnt
|faint|p1a: Toxapex
|
|-heal|p2a: Excadrill|37/100|[from] item: Leftovers
|upkeep
|
|t:|1760407419
|switch|p1a: Iron Valiant|Iron Valiant|100/100
|turn|25
|
|t:|1760407429
|move|p1a: Iron Valiant|Aura Sphere|p2a: Excadrill
|-supereffective|p2a: Excadrill
|-damage|p2a: Excadrill|0 fnt
|faint|p2a: Excadrill
|
|upkeep
|
|t:|1760407436
|switch|p2a: Toxapex|Toxapex, F|50/100 brn
|turn|26
|inactive|JyroSSJ has 120 seconds left.
|
|t:|1760407466
|move|p1a: Iron Valiant|Aura Sphere|p2a: Toxapex
|-resisted|p2a: Toxapex
|-damage|p2a: Toxapex|36/100 brn
|move|p2a: Toxapex|Toxic Spikes|p1a: Iron Valiant
|-sidestart|p1: JyroSSJ|move: Toxic Spikes
|
|-heal|p2a: Toxapex|42/100 brn|[from] item: Black Sludge
|-damage|p2a: Toxapex|36/100 brn|[from] brn
|upkeep
|turn|27
|
|t:|1760407474
|-end|p1a: Iron Valiant|Quark Drive|[silent]
|switch|p1a: Skeledirge|Skeledirge, F|100/100
|move|p2a: Toxapex|Toxic Spikes|p1a: Skeledirge
|-sidestart|p1: JyroSSJ|move: Toxic Spikes
|
|-heal|p2a: Toxapex|42/100 brn|[from] item: Black Sludge
|-damage|p2a: Toxapex|36/100 brn|[from] brn
|upkeep
|turn|28
|
|t:|1760407481
|move|p2a: Toxapex|Baneful Bunker|p2a: Toxapex
|-singleturn|p2a: Toxapex|move: Protect
|move|p1a: Skeledirge|Hex|p2a: Toxapex
|-activate|p2a: Toxapex|move: Protect
|
|-heal|p2a: Toxapex|42/100 brn|[from] item: Black Sludge
|-damage|p2a: Toxapex|36/100 brn|[from] brn
|upkeep
|turn|29
|
|t:|1760407489
|switch|p2a: Sableye|Sableye, F|100/100
|move|p1a: Skeledirge|Hex|p2a: Sableye
|-damage|p2a: Sableye|68/100
|
|-heal|p2a: Sableye|74/100|[from] item: Leftovers
|upkeep
|turn|30
|
|t:|1760407513
|-terastallize|p1a: Skeledirge|Fairy
|move|p2a: Sableye|Encore|p1a: Skeledirge
|-start|p1a: Skeledirge|Encore
|move|p1a: Skeledirge|Hex|p2a: Sableye
|-damage|p2a: Sableye|44/100
|
|-heal|p2a: Sableye|50/100|[from] item: Leftovers
|upkeep
|turn|31
|
|t:|1760407523
|switch|p2a: Haxorus|Haxorus, F, shiny|100/100
|-ability|p2a: Haxorus|Mold Breaker
|move|p1a: Skeledirge|Hex|p2a: Haxorus
|-damage|p2a: Haxorus|69/100
|
|upkeep
|turn|32
|
|t:|1760407529
|move|p2a: Haxorus|Dragon Dance|p2a: Haxorus
|-boost|p2a: Haxorus|atk|1
|-boost|p2a: Haxorus|spe|1
|move|p1a: Skeledirge|Hex|p2a: Haxorus
|-damage|p2a: Haxorus|39/100
|
|-end|p1a: Skeledirge|Encore
|upkeep
|turn|33
|
|t:|1760407536
|move|p2a: Haxorus|Iron Head|p1a: Skeledirge
|-supereffective|p1a: Skeledirge
|-damage|p1a: Skeledirge|50/100
|move|p1a: Skeledirge|Hex|p2a: Haxorus
|-damage|p2a: Haxorus|5/100
|
|upkeep
|turn|34
|
|t:|1760407543
|move|p2a: Haxorus|Iron Head|p1a: Skeledirge
|-supereffective|p1a: Skeledirge
|-damage|p1a: Skeledirge|4/100
|move|p1a: Skeledirge|Hex|p2a: Haxorus
|-damage|p2a: Haxorus|0 fnt
|faint|p2a: Haxorus
|
|upkeep
|
|t:|1760407558
|switch|p2a: Toxapex|Toxapex, F|70/100 brn
|turn|35
|
|t:|1760407577
|move|p1a: Skeledirge|Slack Off|p1a: Skeledirge
|-heal|p1a: Skeledirge|54/100
|move|p2a: Toxapex|Liquidation|p1a: Skeledirge
|-damage|p1a: Skeledirge|48/100
|
|-heal|p2a: Toxapex|76/100 brn|[from] item: Black Sludge
|-damage|p2a: Toxapex|70/100 brn|[from] brn
|upkeep
|turn|36
|
|t:|1760407590
|move|p1a: Skeledirge|Slack Off|p1a: Skeledirge
|-heal|p1a: Skeledirge|98/100
|move|p2a: Toxapex|Liquidation|p1a: Skeledirge
|-damage|p1a: Skeledirge|92/100
|
|-heal|p2a: Toxapex|76/100 brn|[from] item: Black Sludge
|-damage|p2a: Toxapex|70/100 brn|[from] brn
|upkeep
|turn|37
|n|!PigeonShooter21|pigeonshooter21
|
|t:|1760407601
|move|p1a: Skeledirge|Torch Song|p2a: Toxapex
|-resisted|p2a: Toxapex
|-damage|p2a: Toxapex|59/100 brn
|-boost|p1a: Skeledirge|spa|1
|move|p2a: Toxapex|Liquidation|p1a: Skeledirge
|-damage|p1a: Skeledirge|86/100
|
|-heal|p2a: Toxapex|65/100 brn|[from] item: Black Sludge
|-damage|p2a: Toxapex|59/100 brn|[from] brn
|upkeep
|turn|38
|-message|PigeonShooter21 forfeited.
|
|win|JyroSSJ
