|j|☆Alcibiades 1
|j|☆XtremeArsenal
|t:|1760399517
|gametype|singles
|player|p1|Alcibiades 1|101|1265
|player|p2|XtremeArsenal|elesa-masters|1287
|gen|9
|tier|[Gen 9] OU
|rated|
|rule|HP Percentage Mod: HP is shown in percentages
|rule|Endless Battle Clause: Forcing endless battles is banned
|rule|Species Clause: Limit one of each Pokémon
|rule|OHKO Clause: OHKO moves are banned
|rule|Evasion Items Clause: Evasion items are banned
|rule|Evasion Moves Clause: Evasion moves are banned
|rule|Evasion Abilities Clause: Evasion abilities are banned
|rule|Sleep Moves Clause: Sleep-inducing moves are banned
|clearpoke
|poke|p1|Hatterene, F|
|poke|p1|Zamazenta-*|
|poke|p1|Tornadus-Therian, M|
|poke|p1|Dragonite, F|
|poke|p1|Iron Treads|
|poke|p1|Alomomola, M|
|poke|p2|Dragapult, F|
|poke|p2|Darkrai|
|poke|p2|Cinderace, F|
|poke|p2|Iron Valiant|
|poke|p2|Rillaboom, M|
|poke|p2|Ceruledge, M|
|teampreview
|inactive|Battle timer is ON: inactive players will automatically lose when time's up. (requested by XtremeArsenal)
|j| PG Spectating
|
|t:|1760399533
|teamsize|p1|6
|teamsize|p2|6
|start
|switch|p1a: Tornadus|Tornadus-Therian, M|100/100
|switch|p2a: Dragapult|Dragapult, F, shiny|100/100
|turn|1
|
|t:|1760399539
|move|p2a: Dragapult|Dragon Dance|p2a: Dragapult
|-boost|p2a: Dragapult|atk|1
|-boost|p2a: Dragapult|spe|1
|move|p1a: Tornadus|Knock Off|p2a: Dragapult
|-supereffective|p2a: Dragapult
|-damage|p2a: Dragapult|47/100
|-enditem|p2a: Dragapult|Leftovers|[from] move: Knock Off|[of] p1a: Tornadus
|
|upkeep
|turn|2
|
|t:|1760399552
|switch|p1a: Zamazenta|Zamazenta|100/100
|-ability|p1a: Zamazenta|Dauntless Shield|boost
|-boost|p1a: Zamazenta|def|1
|move|p2a: Dragapult|Dragon Darts|p1a: Zamazenta
|-damage|p1a: Zamazenta|84/100
|-anim|p2a: Dragapult|Dragon Darts|p1a: Zamazenta
|-damage|p1a: Zamazenta|68/100
|
|-heal|p1a: Zamazenta|74/100|[from] item: Leftovers
|upkeep
|turn|3
|
|t:|1760399561
|move|p2a: Dragapult|Dragon Darts|p1a: Zamazenta
|-damage|p1a: Zamazenta|56/100
|-anim|p2a: Dragapult|Dragon Darts|p1a: Zamazenta
|-damage|p1a: Zamazenta|39/100
|move|p1a: Zamazenta|Crunch|p2a: Dragapult
|-supereffective|p2a: Dragapult
|-damage|p2a: Dragapult|0 fnt
|faint|p2a: Dragapult
|
|-heal|p1a: Zamazenta|45/100|[from] item: Leftovers
|upkeep
|
|t:|1760399572
|switch|p2a: Iron Valiant|Iron Valiant, shiny|100/100
|turn|4
|
|t:|1760399577
|switch|p1a: Tornadus|Tornadus-Therian, M|100/100
|move|p2a: Iron Valiant|Moonblast|p1a: Tornadus
|-damage|p1a: Tornadus|51/100
|
|upkeep
|turn|5
|l|☆XtremeArsenal
|inactive|XtremeArsenal disconnected and has a minute to reconnect!
|player|p2|
|inactive|Alcibiades 1 has 120 seconds left.
|j|☆XtremeArsenal
|inactive|XtremeArsenal reconnected and has 115 seconds left.
|player|p2|XtremeArsenal|elesa-masters|
|
|t:|1760399616
|move|p1a: Tornadus|Bleakwind Storm|p2a: Iron Valiant
|-supereffective|p2a: Iron Valiant
|-damage|p2a: Iron Valiant|0 fnt
|faint|p2a: Iron Valiant
|-end|p2a: Iron Valiant|Quark Drive|[silent]
|
|upkeep
|
|t:|1760399620
|switch|p2a: Darkrai|Darkrai, shiny|100/100
|turn|6
|
|t:|1760399628
|move|p2a: Darkrai|Ice Beam|p1a: Tornadus
|-supereffective|p1a: Tornadus
|-damage|p1a: Tornadus|10/100
|move|p1a: Tornadus|U-turn|p2a: Darkrai
|-supereffective|p2a: Darkrai
|-damage|p2a: Darkrai|65/100
|inactive|Alcibiades 1 has 120 seconds left.
|
|t:|1760399646
|switch|p1a: Alomomola|Alomomola, M, shiny|100/100|[from] U-turn
|
|upkeep
|turn|7
|
|t:|1760399651
|switch|p2a: Rillaboom|Rillaboom, M, shiny|100/100
|-fieldstart|move: Grassy Terrain|[from] ability: Grassy Surge|[of] p2a: Rillaboom
|move|p1a: Alomomola|Wish|p1a: Alomomola
|
|upkeep
|turn|8
|
|t:|1760399657
|switch|p1a: Zamazenta|Zamazenta|45/100
|move|p2a: Rillaboom|U-turn|p1a: Zamazenta
|-resisted|p1a: Zamazenta
|-damage|p1a: Zamazenta|30/100
|
|t:|1760399659
|switch|p2a: Ceruledge|Ceruledge, M, shiny|100/100|[from] U-turn
|
|-heal|p1a: Zamazenta|98/100|[from] move: Wish|[wisher] Alomomola
|-heal|p1a: Zamazenta|100/100|[from] Grassy Terrain
|upkeep
|turn|9
|
|t:|1760399663
|move|p1a: Zamazenta|Iron Defense|p1a: Zamazenta
|-boost|p1a: Zamazenta|def|2
|move|p2a: Ceruledge|Swords Dance|p2a: Ceruledge
|-boost|p2a: Ceruledge|atk|2
|
|upkeep
|turn|10
|
|t:|1760399665
|move|p1a: Zamazenta|Iron Defense|p1a: Zamazenta
|-boost|p1a: Zamazenta|def|2
|move|p2a: Ceruledge|Swords Dance|p2a: Ceruledge
|-boost|p2a: Ceruledge|atk|2
|
|upkeep
|turn|11
|
|t:|1760399669
|move|p2a: Ceruledge|Swords Dance|p2a: Ceruledge
|-boost|p2a: Ceruledge|atk|2
|move|p1a: Zamazenta|Roar|p2a: Ceruledge
|drag|p2a: Rillaboom|Rillaboom, M, shiny|100/100
|
|-fieldend|move: Grassy Terrain
|upkeep
|turn|12
|
|t:|1760399674
|move|p1a: Zamazenta|Body Press|p2a: Rillaboom
|-damage|p2a: Rillaboom|0 fnt
|faint|p2a: Rillaboom
|
|upkeep
|
|t:|1760399677
|switch|p2a: Ceruledge|Ceruledge, M, shiny|100/100
|turn|13
|
|t:|1760399680
|move|p2a: Ceruledge|Shadow Sneak|p1a: Zamazenta
|-crit|p1a: Zamazenta
|-damage|p1a: Zamazenta|77/100
|move|p1a: Zamazenta|Crunch|p2a: Ceruledge
|-supereffective|p2a: Ceruledge
|-damage|p2a: Ceruledge|41/100
|-ability|p2a: Ceruledge|Weak Armor|boost
|-unboost|p2a: Ceruledge|def|1
|-boost|p2a: Ceruledge|spe|2
|
|-heal|p1a: Zamazenta|83/100|[from] item: Leftovers
|upkeep
|turn|14
|
|t:|1760399685
|move|p2a: Ceruledge|Bitter Blade|p1a: Zamazenta
|-crit|p1a: Zamazenta
|-damage|p1a: Zamazenta|31/100
|-heal|p2a: Ceruledge|76/100|[from] drain|[of] p1a: Zamazenta
|move|p1a: Zamazenta|Crunch|p2a: Ceruledge
|-supereffective|p2a: Ceruledge
|-damage|p2a: Ceruledge|0 fnt
|faint|p2a: Ceruledge
|
|-heal|p1a: Zamazenta|37/100|[from] item: Leftovers
|upkeep
|
|t:|1760399689
|switch|p2a: Darkrai|Darkrai, shiny|65/100
|turn|15
|l| PG Spectating
|
|t:|1760399692
|move|p2a: Darkrai|Sludge Bomb|p1a: Zamazenta
|-damage|p1a: Zamazenta|13/100
|-status|p1a: Zamazenta|psn
|move|p1a: Zamazenta|Body Press|p2a: Darkrai
|-supereffective|p2a: Darkrai
|-damage|p2a: Darkrai|0 fnt
|faint|p2a: Darkrai
|
|-heal|p1a: Zamazenta|19/100 psn|[from] item: Leftovers
|-damage|p1a: Zamazenta|7/100 psn|[from] psn
|upkeep
|
|t:|1760399693
|switch|p2a: Cinderace|Cinderace, F, shiny|100/100
|turn|16
|
|t:|1760399698
|move|p2a: Cinderace|Sucker Punch|p1a: Zamazenta
|-start|p2a: Cinderace|typechange|Dark|[from] ability: Libero
|-resisted|p1a: Zamazenta
|-damage|p1a: Zamazenta|3/100 psn
|move|p1a: Zamazenta|Body Press|p2a: Cinderace
|-supereffective|p2a: Cinderace
|-damage|p2a: Cinderace|0 fnt
|faint|p2a: Cinderace
|
|win|Alcibiades 1
|raw|Alcibiades 1's rating: 1265 &rarr; <strong>1292</strong><br />(+27 for winning)
|raw|XtremeArsenal's rating: 1287 &rarr; <strong>1260</strong><br />(-27 for losing)
|l|☆XtremeArsenal
|player|p2|
