|j|☆llamasiphon
|j|☆dogindustries
|t:|1760457544
|gametype|singles
|player|p1|llamasiphon|winona|1438
|player|p2|dogindustries|backersf|1421
|gen|9
|tier|[Gen 9] OU
|rated|
|rule|HP Percentage Mod: HP is shown in percentages
|rule|Endless Battle Clause: Forcing endless battles is banned
|rule|Species Clause: Limit one of each Pokémon
|rule|OHKO Clause: OHKO moves are banned
|rule|Evasion Items Clause: Evasion items are banned
|rule|Evasion Moves Clause: Evasion moves are banned
|rule|Evasion Abilities Clause: Evasion abilities are banned
|rule|Sleep Moves Clause: Sleep-inducing moves are banned
|clearpoke
|poke|p1|Gliscor, M|
|poke|p1|Tyranitar, M|
|poke|p1|Gholdengo|
|poke|p1|Zamazenta-*|
|poke|p1|Corviknight, M|
|poke|p1|Raging Bolt|
|poke|p2|Quagsire, M|
|poke|p2|Blissey, F|
|poke|p2|Toxapex, F|
|poke|p2|Sinistcha|
|poke|p2|Gliscor, F|
|poke|p2|Corviknight, F|
|teampreview
|inactive|Battle timer is ON: inactive players will automatically lose when time's up. (requested by llamasiphon)
|
|t:|1760457557
|teamsize|p1|6
|teamsize|p2|6
|start
|switch|p1a: Corviknight|Corviknight, M|100/100
|switch|p2a: Gliscor|Gliscor, F|100/100
|-ability|p1a: Corviknight|Pressure
|turn|1
|
|t:|1760457572
|move|p2a: Gliscor|Knock Off|p1a: Corviknight
|-damage|p1a: Corviknight|88/100
|-damage|p2a: Gliscor|84/100|[from] item: Rocky Helmet|[of] p1a: Corviknight
|-enditem|p1a: Corviknight|Rocky Helmet|[from] move: Knock Off|[of] p2a: Gliscor
|move|p1a: Corviknight|U-turn|p2a: Gliscor
|-resisted|p2a: Gliscor
|-damage|p2a: Gliscor|78/100
|
|t:|1760457579
|switch|p1a: Gliscor|Gliscor, M|100/100|[from] U-turn
|
|-status|p2a: Gliscor|tox|[from] item: Toxic Orb
|-status|p1a: Gliscor|tox|[from] item: Toxic Orb
|upkeep
|turn|2
|
|t:|1760457596
|move|p2a: Gliscor|Spikes|p1a: Gliscor
|-sidestart|p1: llamasiphon|Spikes
|move|p1a: Gliscor|Knock Off|p2a: Gliscor
|-damage|p2a: Gliscor|60/100 tox
|-enditem|p2a: Gliscor|Toxic Orb|[from] move: Knock Off|[of] p1a: Gliscor
|
|-heal|p2a: Gliscor|73/100 tox|[from] ability: Poison Heal
|upkeep
|turn|3
|
|t:|1760457605
|move|p2a: Gliscor|Spikes|p1a: Gliscor
|-sidestart|p1: llamasiphon|Spikes
|move|p1a: Gliscor|Knock Off|p2a: Gliscor
|-damage|p2a: Gliscor|62/100 tox
|
|-heal|p2a: Gliscor|75/100 tox|[from] ability: Poison Heal
|upkeep
|turn|4
|
|t:|1760457613
|switch|p1a: Corviknight|Corviknight, M|88/100
|-ability|p1a: Corviknight|Pressure
|move|p2a: Gliscor|Spikes|p1a: Corviknight
|-sidestart|p1: llamasiphon|Spikes
|
|-heal|p2a: Gliscor|87/100 tox|[from] ability: Poison Heal
|upkeep
|turn|5
|
|t:|1760457626
|switch|p2a: Corviknight|Corviknight, F|100/100
|-ability|p2a: Corviknight|Pressure
|move|p1a: Corviknight|Defog|p2a: Corviknight
|-unboost|p2a: Corviknight|evasion|1
|-sideend|p1: llamasiphon|Spikes|[from] move: Defog|[of] p1a: Corviknight
|
|upkeep
|turn|6
|
|t:|1760457644
|switch|p2a: Gliscor|Gliscor, F|87/100 tox
|switch|p1a: Gliscor|Gliscor, M|100/100 tox
|
|-heal|p2a: Gliscor|99/100 tox|[from] ability: Poison Heal
|upkeep
|turn|7
|
|t:|1760457653
|switch|p1a: Corviknight|Corviknight, M|88/100
|-ability|p1a: Corviknight|Pressure
|move|p2a: Gliscor|Spikes|p1a: Corviknight
|-sidestart|p1: llamasiphon|Spikes
|
|-heal|p2a: Gliscor|100/100 tox|[from] ability: Poison Heal
|upkeep
|turn|8
|
|t:|1760457664
|switch|p2a: Corviknight|Corviknight, F|100/100
|-ability|p2a: Corviknight|Pressure
|move|p1a: Corviknight|U-turn|p2a: Corviknight
|-resisted|p2a: Corviknight
|-damage|p2a: Corviknight|98/100
|
|t:|1760457672
|switch|p1a: Gliscor|Gliscor, M|100/100 tox|[from] U-turn
|
|upkeep
|turn|9
|
|t:|1760457676
|switch|p1a: Corviknight|Corviknight, M|88/100
|-ability|p1a: Corviknight|Pressure
|switch|p2a: Gliscor|Gliscor, F|100/100 tox
|
|upkeep
|turn|10
|
|t:|1760457685
|switch|p2a: Corviknight|Corviknight, F|98/100
|-ability|p2a: Corviknight|Pressure
|switch|p1a: Gliscor|Gliscor, M|100/100 tox
|
|upkeep
|turn|11
|
|t:|1760457693
|switch|p1a: Corviknight|Corviknight, M|88/100
|-ability|p1a: Corviknight|Pressure
|switch|p2a: Gliscor|Gliscor, F|100/100 tox
|
|upkeep
|turn|12
|
|t:|1760457697
|switch|p2a: Corviknight|Corviknight, F|98/100
|-ability|p2a: Corviknight|Pressure
|switch|p1a: Gliscor|Gliscor, M|100/100 tox
|
|upkeep
|turn|13
|
|t:|1760457705
|switch|p1a: Corviknight|Corviknight, M|88/100
|-ability|p1a: Corviknight|Pressure
|switch|p2a: Gliscor|Gliscor, F|100/100 tox
|
|upkeep
|turn|14
|
|t:|1760457715
|switch|p2a: Corviknight|Corviknight, F|98/100
|-ability|p2a: Corviknight|Pressure
|switch|p1a: Gliscor|Gliscor, M|100/100 tox
|
|upkeep
|turn|15
|
|t:|1760457722
|switch|p1a: Corviknight|Corviknight, M|88/100
|-ability|p1a: Corviknight|Pressure
|switch|p2a: Gliscor|Gliscor, F|100/100 tox
|
|upkeep
|turn|16
|
|t:|1760457733
|switch|p2a: Corviknight|Corviknight, F|98/100
|-ability|p2a: Corviknight|Pressure
|switch|p1a: Gliscor|Gliscor, M|100/100 tox
|
|upkeep
|turn|17
|
|t:|1760457747
|switch|p1a: Corviknight|Corviknight, M|88/100
|-ability|p1a: Corviknight|Pressure
|switch|p2a: Gliscor|Gliscor, F|100/100 tox
|
|upkeep
|turn|18
|
|t:|1760457751
|switch|p2a: Corviknight|Corviknight, F|98/100
|-ability|p2a: Corviknight|Pressure
|switch|p1a: Gliscor|Gliscor, M|100/100 tox
|
|upkeep
|turn|19
|
|t:|1760457757
|switch|p1a: Corviknight|Corviknight, M|88/100
|-ability|p1a: Corviknight|Pressure
|switch|p2a: Gliscor|Gliscor, F|100/100 tox
|
|upkeep
|turn|20
|
|t:|1760457759
|switch|p2a: Corviknight|Corviknight, F|98/100
|-ability|p2a: Corviknight|Pressure
|switch|p1a: Gliscor|Gliscor, M|100/100 tox
|
|upkeep
|turn|21
|
|t:|1760457762
|switch|p1a: Corviknight|Corviknight, M|88/100
|-ability|p1a: Corviknight|Pressure
|switch|p2a: Gliscor|Gliscor, F|100/100 tox
|
|upkeep
|turn|22
|
|t:|1760457764
|switch|p2a: Corviknight|Corviknight, F|98/100
|-ability|p2a: Corviknight|Pressure
|switch|p1a: Gliscor|Gliscor, M|100/100 tox
|
|upkeep
|turn|23
|
|t:|1760457767
|switch|p1a: Corviknight|Corviknight, M|88/100
|-ability|p1a: Corviknight|Pressure
|switch|p2a: Gliscor|Gliscor, F|100/100 tox
|
|upkeep
|turn|24
|
|t:|1760457769
|switch|p2a: Corviknight|Corviknight, F|98/100
|-ability|p2a: Corviknight|Pressure
|switch|p1a: Gliscor|Gliscor, M|100/100 tox
|
|upkeep
|turn|25
|
|t:|1760457773
|switch|p1a: Corviknight|Corviknight, M|88/100
|-ability|p1a: Corviknight|Pressure
|switch|p2a: Gliscor|Gliscor, F|100/100 tox
|
|upkeep
|turn|26
|
|t:|1760457775
|switch|p2a: Corviknight|Corviknight, F|98/100
|-ability|p2a: Corviknight|Pressure
|switch|p1a: Gliscor|Gliscor, M|100/100 tox
|
|upkeep
|turn|27
|
|t:|1760457779
|switch|p1a: Corviknight|Corviknight, M|88/100
|-ability|p1a: Corviknight|Pressure
|switch|p2a: Gliscor|Gliscor, F|100/100 tox
|
|upkeep
|turn|28
|
|t:|1760457787
|switch|p2a: Corviknight|Corviknight, F|98/100
|-ability|p2a: Corviknight|Pressure
|switch|p1a: Gliscor|Gliscor, M|100/100 tox
|
|upkeep
|turn|29
|
|t:|1760457804
|switch|p1a: Corviknight|Corviknight, M|88/100
|-ability|p1a: Corviknight|Pressure
|switch|p2a: Gliscor|Gliscor, F|100/100 tox
|
|upkeep
|turn|30
|
|t:|1760457807
|switch|p2a: Corviknight|Corviknight, F|98/100
|-ability|p2a: Corviknight|Pressure
|switch|p1a: Gliscor|Gliscor, M|100/100 tox
|
|upkeep
|turn|31
|
|t:|1760457809
|switch|p1a: Corviknight|Corviknight, M|88/100
|-ability|p1a: Corviknight|Pressure
|switch|p2a: Gliscor|Gliscor, F|100/100 tox
|
|upkeep
|turn|32
|
|t:|1760457811
|switch|p2a: Corviknight|Corviknight, F|98/100
|-ability|p2a: Corviknight|Pressure
|switch|p1a: Gliscor|Gliscor, M|100/100 tox
|
|upkeep
|turn|33
|
|t:|1760457814
|switch|p1a: Corviknight|Corviknight, M|88/100
|-ability|p1a: Corviknight|Pressure
|switch|p2a: Gliscor|Gliscor, F|100/100 tox
|
|upkeep
|turn|34
|
|t:|1760457816
|switch|p2a: Corviknight|Corviknight, F|98/100
|-ability|p2a: Corviknight|Pressure
|switch|p1a: Gliscor|Gliscor, M|100/100 tox
|
|upkeep
|turn|35
|
|t:|1760457819
|switch|p1a: Corviknight|Corviknight, M|88/100
|-ability|p1a: Corviknight|Pressure
|switch|p2a: Gliscor|Gliscor, F|100/100 tox
|
|upkeep
|turn|36
|
|t:|1760457821
|switch|p2a: Corviknight|Corviknight, F|98/100
|-ability|p2a: Corviknight|Pressure
|switch|p1a: Gliscor|Gliscor, M|100/100 tox
|
|upkeep
|turn|37
|
|t:|1760457824
|switch|p1a: Corviknight|Corviknight, M|88/100
|-ability|p1a: Corviknight|Pressure
|switch|p2a: Gliscor|Gliscor, F|100/100 tox
|
|upkeep
|turn|38
|
|t:|1760457826
|switch|p2a: Corviknight|Corviknight, F|98/100
|-ability|p2a: Corviknight|Pressure
|switch|p1a: Gliscor|Gliscor, M|100/100 tox
|
|upkeep
|turn|39
|
|t:|1760457829
|switch|p1a: Corviknight|Corviknight, M|88/100
|-ability|p1a: Corviknight|Pressure
|switch|p2a: Gliscor|Gliscor, F|100/100 tox
|
|upkeep
|turn|40
|
|t:|1760457831
|switch|p2a: Corviknight|Corviknight, F|98/100
|-ability|p2a: Corviknight|Pressure
|switch|p1a: Gliscor|Gliscor, M|100/100 tox
|
|upkeep
|turn|41
|
|t:|1760457833
|switch|p1a: Corviknight|Corviknight, M|88/100
|-ability|p1a: Corviknight|Pressure
|switch|p2a: Gliscor|Gliscor, F|100/100 tox
|
|upkeep
|turn|42
|
|t:|1760457835
|switch|p2a: Corviknight|Corviknight, F|98/100
|-ability|p2a: Corviknight|Pressure
|switch|p1a: Gliscor|Gliscor, M|100/100 tox
|
|upkeep
|turn|43
|
|t:|1760457838
|switch|p1a: Corviknight|Corviknight, M|88/100
|-ability|p1a: Corviknight|Pressure
|switch|p2a: Gliscor|Gliscor, F|100/100 tox
|
|upkeep
|turn|44
|
|t:|1760457840
|switch|p2a: Corviknight|Corviknight, F|98/100
|-ability|p2a: Corviknight|Pressure
|switch|p1a: Gliscor|Gliscor, M|100/100 tox
|
|upkeep
|turn|45
|
|t:|1760457842
|switch|p1a: Corviknight|Corviknight, M|88/100
|-ability|p1a: Corviknight|Pressure
|switch|p2a: Gliscor|Gliscor, F|100/100 tox
|
|upkeep
|turn|46
|
|t:|1760457844
|switch|p2a: Corviknight|Corviknight, F|98/100
|-ability|p2a: Corviknight|Pressure
|switch|p1a: Gliscor|Gliscor, M|100/100 tox
|
|upkeep
|turn|47
|
|t:|1760457847
|switch|p1a: Corviknight|Corviknight, M|88/100
|-ability|p1a: Corviknight|Pressure
|switch|p2a: Gliscor|Gliscor, F|100/100 tox
|
|upkeep
|turn|48
|
|t:|1760457849
|switch|p2a: Corviknight|Corviknight, F|98/100
|-ability|p2a: Corviknight|Pressure
|switch|p1a: Gliscor|Gliscor, M|100/100 tox
|
|upkeep
|turn|49
|
|t:|1760457851
|switch|p1a: Corviknight|Corviknight, M|88/100
|-ability|p1a: Corviknight|Pressure
|switch|p2a: Gliscor|Gliscor, F|100/100 tox
|
|upkeep
|turn|50
|
|t:|1760457855
|switch|p2a: Corviknight|Corviknight, F|98/100
|-ability|p2a: Corviknight|Pressure
|switch|p1a: Gliscor|Gliscor, M|100/100 tox
|
|upkeep
|turn|51
|
|t:|1760457857
|switch|p1a: Corviknight|Corviknight, M|88/100
|-ability|p1a: Corviknight|Pressure
|switch|p2a: Gliscor|Gliscor, F|100/100 tox
|
|upkeep
|turn|52
|
|t:|1760457863
|switch|p2a: Corviknight|Corviknight, F|98/100
|-ability|p2a: Corviknight|Pressure
|switch|p1a: Gliscor|Gliscor, M|100/100 tox
|
|upkeep
|turn|53
|
|t:|1760457866
|switch|p1a: Corviknight|Corviknight, M|88/100
|-ability|p1a: Corviknight|Pressure
|switch|p2a: Gliscor|Gliscor, F|100/100 tox
|
|upkeep
|turn|54
|
|t:|1760457871
|switch|p2a: Corviknight|Corviknight, F|98/100
|-ability|p2a: Corviknight|Pressure
|switch|p1a: Gliscor|Gliscor, M|100/100 tox
|
|upkeep
|turn|55
|
|t:|1760457877
|switch|p1a: Corviknight|Corviknight, M|88/100
|-ability|p1a: Corviknight|Pressure
|switch|p2a: Gliscor|Gliscor, F|100/100 tox
|
|upkeep
|turn|56
|
|t:|1760457882
|switch|p2a: Corviknight|Corviknight, F|98/100
|-ability|p2a: Corviknight|Pressure
|switch|p1a: Gliscor|Gliscor, M|100/100 tox
|
|upkeep
|turn|57
|
|t:|1760457885
|switch|p1a: Corviknight|Corviknight, M|88/100
|-ability|p1a: Corviknight|Pressure
|switch|p2a: Gliscor|Gliscor, F|100/100 tox
|
|upkeep
|turn|58
|
|t:|1760457888
|switch|p2a: Corviknight|Corviknight, F|98/100
|-ability|p2a: Corviknight|Pressure
|switch|p1a: Gliscor|Gliscor, M|100/100 tox
|
|upkeep
|turn|59
|
|t:|1760457893
|switch|p1a: Corviknight|Corviknight, M|88/100
|-ability|p1a: Corviknight|Pressure
|switch|p2a: Gliscor|Gliscor, F|100/100 tox
|
|upkeep
|turn|60
|
|t:|1760457897
|switch|p2a: Corviknight|Corviknight, F|98/100
|-ability|p2a: Corviknight|Pressure
|switch|p1a: Gliscor|Gliscor, M|100/100 tox
|
|upkeep
|turn|61
|
|t:|1760457900
|switch|p1a: Corviknight|Corviknight, M|88/100
|-ability|p1a: Corviknight|Pressure
|switch|p2a: Gliscor|Gliscor, F|100/100 tox
|
|upkeep
|turn|62
|
|t:|1760457906
|switch|p2a: Corviknight|Corviknight, F|98/100
|-ability|p2a: Corviknight|Pressure
|switch|p1a: Gliscor|Gliscor, M|100/100 tox
|
|upkeep
|turn|63
|
|t:|1760457908
|switch|p1a: Corviknight|Corviknight, M|88/100
|-ability|p1a: Corviknight|Pressure
|switch|p2a: Gliscor|Gliscor, F|100/100 tox
|
|upkeep
|turn|64
|
|t:|1760457910
|switch|p2a: Corviknight|Corviknight, F|98/100
|-ability|p2a: Corviknight|Pressure
|switch|p1a: Gliscor|Gliscor, M|100/100 tox
|
|upkeep
|turn|65
|
|t:|1760457913
|switch|p1a: Corviknight|Corviknight, M|88/100
|-ability|p1a: Corviknight|Pressure
|switch|p2a: Gliscor|Gliscor, F|100/100 tox
|
|upkeep
|turn|66
|
|t:|1760457915
|switch|p2a: Corviknight|Corviknight, F|98/100
|-ability|p2a: Corviknight|Pressure
|switch|p1a: Gliscor|Gliscor, M|100/100 tox
|
|upkeep
|turn|67
|
|t:|1760457918
|switch|p1a: Corviknight|Corviknight, M|88/100
|-ability|p1a: Corviknight|Pressure
|switch|p2a: Gliscor|Gliscor, F|100/100 tox
|
|upkeep
|turn|68
|
|t:|1760457920
|switch|p2a: Corviknight|Corviknight, F|98/100
|-ability|p2a: Corviknight|Pressure
|switch|p1a: Gliscor|Gliscor, M|100/100 tox
|
|upkeep
|turn|69
|
|t:|1760457923
|switch|p1a: Corviknight|Corviknight, M|88/100
|-ability|p1a: Corviknight|Pressure
|switch|p2a: Gliscor|Gliscor, F|100/100 tox
|
|upkeep
|turn|70
|
|t:|1760457925
|switch|p2a: Corviknight|Corviknight, F|98/100
|-ability|p2a: Corviknight|Pressure
|switch|p1a: Gliscor|Gliscor, M|100/100 tox
|
|upkeep
|turn|71
|
|t:|1760457928
|switch|p1a: Corviknight|Corviknight, M|88/100
|-ability|p1a: Corviknight|Pressure
|switch|p2a: Gliscor|Gliscor, F|100/100 tox
|
|upkeep
|turn|72
|
|t:|1760457931
|switch|p2a: Corviknight|Corviknight, F|98/100
|-ability|p2a: Corviknight|Pressure
|switch|p1a: Gliscor|Gliscor, M|100/100 tox
|
|upkeep
|turn|73
|
|t:|1760457935
|switch|p1a: Corviknight|Corviknight, M|88/100
|-ability|p1a: Corviknight|Pressure
|switch|p2a: Gliscor|Gliscor, F|100/100 tox
|
|upkeep
|turn|74
|
|t:|1760457937
|switch|p2a: Corviknight|Corviknight, F|98/100
|-ability|p2a: Corviknight|Pressure
|switch|p1a: Gliscor|Gliscor, M|100/100 tox
|
|upkeep
|turn|75
|
|t:|1760457948
|switch|p1a: Corviknight|Corviknight, M|88/100
|-ability|p1a: Corviknight|Pressure
|switch|p2a: Gliscor|Gliscor, F|100/100 tox
|
|upkeep
|turn|76
|
|t:|1760457956
|switch|p2a: Corviknight|Corviknight, F|98/100
|-ability|p2a: Corviknight|Pressure
|switch|p1a: Gliscor|Gliscor, M|100/100 tox
|
|upkeep
|turn|77
|
|t:|1760457959
|switch|p1a: Corviknight|Corviknight, M|88/100
|-ability|p1a: Corviknight|Pressure
|switch|p2a: Gliscor|Gliscor, F|100/100 tox
|
|upkeep
|turn|78
|
|t:|1760457961
|switch|p2a: Corviknight|Corviknight, F|98/100
|-ability|p2a: Corviknight|Pressure
|switch|p1a: Gliscor|Gliscor, M|100/100 tox
|
|upkeep
|turn|79
|
|t:|1760457963
|switch|p1a: Corviknight|Corviknight, M|88/100
|-ability|p1a: Corviknight|Pressure
|switch|p2a: Gliscor|Gliscor, F|100/100 tox
|
|upkeep
|turn|80
|
|t:|1760457966
|switch|p2a: Corviknight|Corviknight, F|98/100
|-ability|p2a: Corviknight|Pressure
|switch|p1a: Gliscor|Gliscor, M|100/100 tox
|
|upkeep
|turn|81
|
|t:|1760457968
|switch|p1a: Corviknight|Corviknight, M|88/100
|-ability|p1a: Corviknight|Pressure
|switch|p2a: Gliscor|Gliscor, F|100/100 tox
|
|upkeep
|turn|82
|
|t:|1760457971
|switch|p2a: Corviknight|Corviknight, F|98/100
|-ability|p2a: Corviknight|Pressure
|switch|p1a: Gliscor|Gliscor, M|100/100 tox
|
|upkeep
|turn|83
|
|t:|1760457973
|switch|p1a: Corviknight|Corviknight, M|88/100
|-ability|p1a: Corviknight|Pressure
|switch|p2a: Gliscor|Gliscor, F|100/100 tox
|
|upkeep
|turn|84
|
|t:|1760457976
|switch|p2a: Corviknight|Corviknight, F|98/100
|-ability|p2a: Corviknight|Pressure
|switch|p1a: Gliscor|Gliscor, M|100/100 tox
|
|upkeep
|turn|85
|
|t:|1760457978
|switch|p1a: Corviknight|Corviknight, M|88/100
|-ability|p1a: Corviknight|Pressure
|switch|p2a: Gliscor|Gliscor, F|100/100 tox
|
|upkeep
|turn|86
|
|t:|1760457981
|switch|p2a: Corviknight|Corviknight, F|98/100
|-ability|p2a: Corviknight|Pressure
|switch|p1a: Gliscor|Gliscor, M|100/100 tox
|
|upkeep
|turn|87
|
|t:|1760457985
|switch|p1a: Corviknight|Corviknight, M|88/100
|-ability|p1a: Corviknight|Pressure
|switch|p2a: Gliscor|Gliscor, F|100/100 tox
|
|upkeep
|turn|88
|
|t:|1760457988
|switch|p2a: Corviknight|Corviknight, F|98/100
|-ability|p2a: Corviknight|Pressure
|switch|p1a: Gliscor|Gliscor, M|100/100 tox
|
|upkeep
|turn|89
|
|t:|1760457990
|switch|p1a: Corviknight|Corviknight, M|88/100
|-ability|p1a: Corviknight|Pressure
|switch|p2a: Gliscor|Gliscor, F|100/100 tox
|
|upkeep
|turn|90
|
|t:|1760457993
|switch|p2a: Corviknight|Corviknight, F|98/100
|-ability|p2a: Corviknight|Pressure
|switch|p1a: Gliscor|Gliscor, M|100/100 tox
|
|upkeep
|turn|91
|
|t:|1760457995
|switch|p1a: Corviknight|Corviknight, M|88/100
|-ability|p1a: Corviknight|Pressure
|switch|p2a: Gliscor|Gliscor, F|100/100 tox
|
|upkeep
|turn|92
|
|t:|1760457998
|switch|p2a: Corviknight|Corviknight, F|98/100
|-ability|p2a: Corviknight|Pressure
|switch|p1a: Gliscor|Gliscor, M|100/100 tox
|
|upkeep
|turn|93
|
|t:|1760458000
|switch|p1a: Corviknight|Corviknight, M|88/100
|-ability|p1a: Corviknight|Pressure
|switch|p2a: Gliscor|Gliscor, F|100/100 tox
|
|upkeep
|turn|94
|
|t:|1760458003
|switch|p2a: Corviknight|Corviknight, F|98/100
|-ability|p2a: Corviknight|Pressure
|switch|p1a: Gliscor|Gliscor, M|100/100 tox
|
|upkeep
|turn|95
|
|t:|1760458005
|switch|p1a: Corviknight|Corviknight, M|88/100
|-ability|p1a: Corviknight|Pressure
|switch|p2a: Gliscor|Gliscor, F|100/100 tox
|
|upkeep
|turn|96
|
|t:|1760458008
|switch|p2a: Corviknight|Corviknight, F|98/100
|-ability|p2a: Corviknight|Pressure
|switch|p1a: Gliscor|Gliscor, M|100/100 tox
|
|upkeep
|turn|97
|
|t:|1760458010
|switch|p1a: Corviknight|Corviknight, M|88/100
|-ability|p1a: Corviknight|Pressure
|switch|p2a: Gliscor|Gliscor, F|100/100 tox
|
|upkeep
|turn|98
|
|t:|1760458012
|switch|p2a: Corviknight|Corviknight, F|98/100
|-ability|p2a: Corviknight|Pressure
|switch|p1a: Gliscor|Gliscor, M|100/100 tox
|
|upkeep
|turn|99
|
|t:|1760458015
|switch|p1a: Corviknight|Corviknight, M|88/100
|-ability|p1a: Corviknight|Pressure
|switch|p2a: Gliscor|Gliscor, F|100/100 tox
|
|upkeep
|turn|100
|
|t:|1760458017
|switch|p2a: Corviknight|Corviknight, F|98/100
|-ability|p2a: Corviknight|Pressure
|switch|p1a: Gliscor|Gliscor, M|100/100 tox
|
|upkeep
|turn|101
|
|t:|1760458020
|switch|p1a: Corviknight|Corviknight, M|88/100
|-ability|p1a: Corviknight|Pressure
|switch|p2a: Gliscor|Gliscor, F|100/100 tox
|
|upkeep
|turn|102
|
|t:|1760458022
|switch|p2a: Corviknight|Corviknight, F|98/100
|-ability|p2a: Corviknight|Pressure
|switch|p1a: Gliscor|Gliscor, M|100/100 tox
|
|upkeep
|turn|103
|
|t:|1760458024
|switch|p1a: Corviknight|Corviknight, M|88/100
|-ability|p1a: Corviknight|Pressure
|switch|p2a: Gliscor|Gliscor, F|100/100 tox
|
|upkeep
|turn|104
|
|t:|1760458027
|switch|p2a: Corviknight|Corviknight, F|98/100
|-ability|p2a: Corviknight|Pressure
|switch|p1a: Gliscor|Gliscor, M|100/100 tox
|
|upkeep
|turn|105
|
|t:|1760458029
|switch|p1a: Corviknight|Corviknight, M|88/100
|-ability|p1a: Corviknight|Pressure
|switch|p2a: Gliscor|Gliscor, F|100/100 tox
|
|upkeep
|turn|106
|
|t:|1760458031
|switch|p2a: Corviknight|Corviknight, F|98/100
|-ability|p2a: Corviknight|Pressure
|switch|p1a: Gliscor|Gliscor, M|100/100 tox
|
|upkeep
|turn|107
|
|t:|1760458034
|switch|p1a: Corviknight|Corviknight, M|88/100
|-ability|p1a: Corviknight|Pressure
|switch|p2a: Gliscor|Gliscor, F|100/100 tox
|
|upkeep
|turn|108
|
|t:|1760458036
|switch|p2a: Corviknight|Corviknight, F|98/100
|-ability|p2a: Corviknight|Pressure
|switch|p1a: Gliscor|Gliscor, M|100/100 tox
|
|upkeep
|turn|109
|
|t:|1760458039
|switch|p1a: Corviknight|Corviknight, M|88/100
|-ability|p1a: Corviknight|Pressure
|switch|p2a: Gliscor|Gliscor, F|100/100 tox
|
|upkeep
|turn|110
|
|t:|1760458041
|switch|p2a: Corviknight|Corviknight, F|98/100
|-ability|p2a: Corviknight|Pressure
|switch|p1a: Gliscor|Gliscor, M|100/100 tox
|
|upkeep
|turn|111
|
|t:|1760458043
|switch|p1a: Corviknight|Corviknight, M|88/100
|-ability|p1a: Corviknight|Pressure
|switch|p2a: Gliscor|Gliscor, F|100/100 tox
|
|upkeep
|turn|112
|
|t:|1760458046
|switch|p2a: Corviknight|Corviknight, F|98/100
|-ability|p2a: Corviknight|Pressure
|switch|p1a: Gliscor|Gliscor, M|100/100 tox
|
|upkeep
|turn|113
|
|t:|1760458048
|switch|p1a: Corviknight|Corviknight, M|88/100
|-ability|p1a: Corviknight|Pressure
|switch|p2a: Gliscor|Gliscor, F|100/100 tox
|
|upkeep
|turn|114
|
|t:|1760458050
|switch|p2a: Corviknight|Corviknight, F|98/100
|-ability|p2a: Corviknight|Pressure
|switch|p1a: Gliscor|Gliscor, M|100/100 tox
|
|upkeep
|turn|115
|
|t:|1760458052
|switch|p1a: Corviknight|Corviknight, M|88/100
|-ability|p1a: Corviknight|Pressure
|switch|p2a: Gliscor|Gliscor, F|100/100 tox
|
|upkeep
|turn|116
|
|t:|1760458055
|switch|p2a: Corviknight|Corviknight, F|98/100
|-ability|p2a: Corviknight|Pressure
|switch|p1a: Gliscor|Gliscor, M|100/100 tox
|
|upkeep
|turn|117
|
|t:|1760458057
|switch|p1a: Corviknight|Corviknight, M|88/100
|-ability|p1a: Corviknight|Pressure
|switch|p2a: Gliscor|Gliscor, F|100/100 tox
|
|upkeep
|turn|118
|
|t:|1760458059
|switch|p2a: Corviknight|Corviknight, F|98/100
|-ability|p2a: Corviknight|Pressure
|switch|p1a: Gliscor|Gliscor, M|100/100 tox
|
|upkeep
|turn|119
|
|t:|1760458061
|switch|p1a: Corviknight|Corviknight, M|88/100
|-ability|p1a: Corviknight|Pressure
|switch|p2a: Gliscor|Gliscor, F|100/100 tox
|
|upkeep
|turn|120
|
|t:|1760458064
|switch|p2a: Corviknight|Corviknight, F|98/100
|-ability|p2a: Corviknight|Pressure
|switch|p1a: Gliscor|Gliscor, M|100/100 tox
|
|upkeep
|turn|121
|
|t:|1760458081
|switch|p1a: Corviknight|Corviknight, M|88/100
|-ability|p1a: Corviknight|Pressure
|switch|p2a: Gliscor|Gliscor, F|100/100 tox
|
|upkeep
|turn|122
|
|t:|1760458083
|switch|p2a: Corviknight|Corviknight, F|98/100
|-ability|p2a: Corviknight|Pressure
|switch|p1a: Gliscor|Gliscor, M|100/100 tox
|
|upkeep
|turn|123
|
|t:|1760458086
|switch|p1a: Corviknight|Corviknight, M|88/100
|-ability|p1a: Corviknight|Pressure
|switch|p2a: Gliscor|Gliscor, F|100/100 tox
|
|upkeep
|turn|124
|
|t:|1760458089
|switch|p2a: Corviknight|Corviknight, F|98/100
|-ability|p2a: Corviknight|Pressure
|switch|p1a: Gliscor|Gliscor, M|100/100 tox
|
|upkeep
|turn|125
|
|t:|1760458091
|switch|p1a: Corviknight|Corviknight, M|88/100
|-ability|p1a: Corviknight|Pressure
|switch|p2a: Gliscor|Gliscor, F|100/100 tox
|
|upkeep
|turn|126
|
|t:|1760458094
|switch|p2a: Corviknight|Corviknight, F|98/100
|-ability|p2a: Corviknight|Pressure
|switch|p1a: Gliscor|Gliscor, M|100/100 tox
|
|upkeep
|turn|127
|
|t:|1760458096
|switch|p1a: Corviknight|Corviknight, M|88/100
|-ability|p1a: Corviknight|Pressure
|switch|p2a: Gliscor|Gliscor, F|100/100 tox
|
|upkeep
|turn|128
|
|t:|1760458100
|switch|p2a: Corviknight|Corviknight, F|98/100
|-ability|p2a: Corviknight|Pressure
|switch|p1a: Gliscor|Gliscor, M|100/100 tox
|
|upkeep
|turn|129
|
|t:|1760458107
|switch|p1a: Corviknight|Corviknight, M|88/100
|-ability|p1a: Corviknight|Pressure
|switch|p2a: Gliscor|Gliscor, F|100/100 tox
|
|upkeep
|turn|130
|
|t:|1760458110
|switch|p2a: Corviknight|Corviknight, F|98/100
|-ability|p2a: Corviknight|Pressure
|switch|p1a: Gliscor|Gliscor, M|100/100 tox
|
|upkeep
|turn|131
|
|t:|1760458114
|switch|p1a: Corviknight|Corviknight, M|88/100
|-ability|p1a: Corviknight|Pressure
|switch|p2a: Gliscor|Gliscor, F|100/100 tox
|
|upkeep
|turn|132
|
|t:|1760458117
|switch|p2a: Corviknight|Corviknight, F|98/100
|-ability|p2a: Corviknight|Pressure
|switch|p1a: Gliscor|Gliscor, M|100/100 tox
|
|upkeep
|turn|133
|
|t:|1760458121
|switch|p1a: Corviknight|Corviknight, M|88/100
|-ability|p1a: Corviknight|Pressure
|switch|p2a: Gliscor|Gliscor, F|100/100 tox
|
|upkeep
|turn|134
|
|t:|1760458126
|switch|p2a: Corviknight|Corviknight, F|98/100
|-ability|p2a: Corviknight|Pressure
|switch|p1a: Gliscor|Gliscor, M|100/100 tox
|
|upkeep
|turn|135
|
|t:|1760458128
|switch|p1a: Corviknight|Corviknight, M|88/100
|-ability|p1a: Corviknight|Pressure
|switch|p2a: Gliscor|Gliscor, F|100/100 tox
|
|upkeep
|turn|136
|
|t:|1760458134
|switch|p2a: Corviknight|Corviknight, F|98/100
|-ability|p2a: Corviknight|Pressure
|switch|p1a: Gliscor|Gliscor, M|100/100 tox
|
|upkeep
|turn|137
|
|t:|1760458136
|switch|p1a: Corviknight|Corviknight, M|88/100
|-ability|p1a: Corviknight|Pressure
|switch|p2a: Gliscor|Gliscor, F|100/100 tox
|
|upkeep
|turn|138
|
|t:|1760458139
|switch|p2a: Corviknight|Corviknight, F|98/100
|-ability|p2a: Corviknight|Pressure
|switch|p1a: Gliscor|Gliscor, M|100/100 tox
|
|upkeep
|turn|139
|
|t:|1760458144
|switch|p1a: Corviknight|Corviknight, M|88/100
|-ability|p1a: Corviknight|Pressure
|switch|p2a: Gliscor|Gliscor, F|100/100 tox
|
|upkeep
|turn|140
|
|t:|1760458154
|switch|p2a: Corviknight|Corviknight, F|98/100
|-ability|p2a: Corviknight|Pressure
|switch|p1a: Gliscor|Gliscor, M|100/100 tox
|
|upkeep
|turn|141
|
|t:|1760458162
|switch|p1a: Corviknight|Corviknight, M|88/100
|-ability|p1a: Corviknight|Pressure
|switch|p2a: Gliscor|Gliscor, F|100/100 tox
|
|upkeep
|turn|142
|
|t:|1760458165
|switch|p2a: Corviknight|Corviknight, F|98/100
|-ability|p2a: Corviknight|Pressure
|switch|p1a: Gliscor|Gliscor, M|100/100 tox
|
|upkeep
|turn|143
|
|t:|1760458179
|switch|p1a: Corviknight|Corviknight, M|88/100
|-ability|p1a: Corviknight|Pressure
|switch|p2a: Gliscor|Gliscor, F|100/100 tox
|
|upkeep
|turn|144
|
|t:|1760458194
|switch|p2a: Corviknight|Corviknight, F|98/100
|-ability|p2a: Corviknight|Pressure
|switch|p1a: Gholdengo|Gholdengo|100/100
|-item|p1a: Gholdengo|Air Balloon
|
|upkeep
|turn|145
|
|t:|1760458205
|switch|p2a: Blissey|Blissey, F|100/100
|move|p1a: Gholdengo|Hex|p2a: Blissey
|-immune|p2a: Blissey
|
|upkeep
|turn|146
|
|t:|1760458229
|switch|p1a: Corviknight|Corviknight, M|88/100
|-ability|p1a: Corviknight|Pressure
|move|p2a: Blissey|Calm Mind|p2a: Blissey
|-boost|p2a: Blissey|spa|1
|-boost|p2a: Blissey|spd|1
|
|upkeep
|turn|147
|inactive|llamasiphon has 120 seconds left.
|
|t:|1760458241
|switch|p2a: Corviknight|Corviknight, F|98/100
|-ability|p2a: Corviknight|Pressure
|switch|p1a: Gholdengo|Gholdengo|100/100
|-item|p1a: Gholdengo|Air Balloon
|
|upkeep
|turn|148
|inactive|llamasiphon has 120 seconds left.
|
|t:|1760458250
|switch|p2a: Gliscor|Gliscor, F|100/100 tox
|move|p1a: Gholdengo|Thunder Wave|p2a: Gliscor
|-immune|p2a: Gliscor
|
|upkeep
|turn|149
|inactive|llamasiphon has 120 seconds left.
|
|t:|1760458257
|switch|p1a: Corviknight|Corviknight, M|88/100
|-ability|p1a: Corviknight|Pressure
|move|p2a: Gliscor|Knock Off|p1a: Corviknight
|-damage|p1a: Corviknight|79/100
|
|upkeep
|turn|150
|inactive|llamasiphon has 120 seconds left.
|
|t:|1760458268
|switch|p2a: Corviknight|Corviknight, F|98/100
|-ability|p2a: Corviknight|Pressure
|move|p1a: Corviknight|U-turn|p2a: Corviknight
|-resisted|p2a: Corviknight
|-damage|p2a: Corviknight|96/100
|
|t:|1760458278
|switch|p1a: Gholdengo|Gholdengo|100/100|[from] U-turn
|-item|p1a: Gholdengo|Air Balloon
|
|upkeep
|turn|151
|
|t:|1760458288
|switch|p2a: Blissey|Blissey, F|100/100
|move|p1a: Gholdengo|Thunder Wave|p2a: Blissey
|-status|p2a: Blissey|par
|
|upkeep
|turn|152
|
|t:|1760458302
|switch|p1a: Corviknight|Corviknight, M|79/100
|-ability|p1a: Corviknight|Pressure
|cant|p2a: Blissey|par
|
|upkeep
|turn|153
|
|t:|1760458311
|-curestatus|p2a: Blissey|par|[from] ability: Natural Cure
|switch|p2a: Corviknight|Corviknight, F|96/100
|-ability|p2a: Corviknight|Pressure
|move|p1a: Corviknight|Defog|p2a: Corviknight
|-unboost|p2a: Corviknight|evasion|1
|-sideend|p1: llamasiphon|Spikes|[from] move: Defog|[of] p1a: Corviknight
|
|upkeep
|turn|154
|
|t:|1760458321
|move|p2a: Corviknight|Iron Defense|p2a: Corviknight
|-boost|p2a: Corviknight|def|2
|move|p1a: Corviknight|U-turn|p2a: Corviknight
|-resisted|p2a: Corviknight
|-damage|p2a: Corviknight|95/100
|
|t:|1760458330
|switch|p1a: Raging Bolt|Raging Bolt|100/100|[from] U-turn
|
|upkeep
|turn|155
|
|t:|1760458340
|-end|p1a: Raging Bolt|Protosynthesis|[silent]
|switch|p1a: Tyranitar|Tyranitar, M|100/100
|-weather|Sandstorm|[from] ability: Sand Stream|[of] p1a: Tyranitar
|switch|p2a: Blissey|Blissey, F|100/100
|
|-weather|Sandstorm|[upkeep]
|-damage|p2a: Blissey|94/100|[from] Sandstorm
|upkeep
|turn|156
|
|t:|1760458353
|switch|p2a: Corviknight|Corviknight, F|95/100
|-ability|p2a: Corviknight|Pressure
|move|p1a: Tyranitar|Substitute|p1a: Tyranitar
|-start|p1a: Tyranitar|Substitute
|-damage|p1a: Tyranitar|75/100
|
|-weather|Sandstorm|[upkeep]
|-heal|p1a: Tyranitar|82/100|[from] item: Leftovers
|upkeep
|turn|157
|
|t:|1760458367
|move|p2a: Corviknight|Body Press|p1a: Tyranitar
|-supereffective|p1a: Tyranitar
|-crit|p1a: Tyranitar
|-end|p1a: Tyranitar|Substitute
|move|p1a: Tyranitar|Thunder Wave|p2a: Corviknight
|-status|p2a: Corviknight|par
|
|-weather|Sandstorm|[upkeep]
|-heal|p1a: Tyranitar|88/100|[from] item: Leftovers
|upkeep
|turn|158
|inactive|llamasiphon has 90 seconds left.
|
|t:|1760458379
|switch|p1a: Corviknight|Corviknight, M|79/100
|-ability|p1a: Corviknight|Pressure
|move|p2a: Corviknight|Body Press|p1a: Corviknight
|-damage|p1a: Corviknight|64/100
|
|-weather|Sandstorm|[upkeep]
|upkeep
|turn|159
|inactive|llamasiphon has 90 seconds left.
|
|t:|1760458388
|move|p1a: Corviknight|Roost|p1a: Corviknight
|-heal|p1a: Corviknight|100/100
|-singleturn|p1a: Corviknight|move: Roost
|move|p2a: Corviknight|Iron Defense|p2a: Corviknight
|-boost|p2a: Corviknight|def|2
|
|-weather|none
|upkeep
|turn|160
|inactive|llamasiphon has 90 seconds left.
|
|t:|1760458398
|switch|p1a: Gliscor|Gliscor, M|100/100 tox
|move|p2a: Corviknight|Body Press|p1a: Gliscor
|-resisted|p1a: Gliscor
|-damage|p1a: Gliscor|79/100 tox
|
|-heal|p1a: Gliscor|92/100 tox|[from] ability: Poison Heal
|upkeep
|turn|161
|
|t:|1760458408
|switch|p2a: Gliscor|Gliscor, F|100/100 tox
|move|p1a: Gliscor|Knock Off|p2a: Gliscor
|-damage|p2a: Gliscor|89/100 tox
|
|-heal|p2a: Gliscor|100/100 tox|[from] ability: Poison Heal
|-heal|p1a: Gliscor|100/100 tox|[from] ability: Poison Heal
|upkeep
|turn|162
|
|t:|1760458419
|switch|p1a: Corviknight|Corviknight, M|100/100
|-ability|p1a: Corviknight|Pressure
|move|p2a: Gliscor|Knock Off|p1a: Corviknight
|-damage|p1a: Corviknight|92/100
|
|upkeep
|turn|163
|
|t:|1760458431
|switch|p2a: Corviknight|Corviknight, F|95/100 par
|-ability|p2a: Corviknight|Pressure
|switch|p1a: Gliscor|Gliscor, M|100/100 tox
|
|upkeep
|turn|164
|
|t:|1760458454
|switch|p1a: Raging Bolt|Raging Bolt|100/100
|switch|p2a: Gliscor|Gliscor, F|100/100 tox
|
|upkeep
|turn|165
|
|t:|1760458463
|-end|p1a: Raging Bolt|Protosynthesis|[silent]
|switch|p1a: Corviknight|Corviknight, M|92/100
|-ability|p1a: Corviknight|Pressure
|move|p2a: Gliscor|Earthquake|p1a: Corviknight
|-immune|p1a: Corviknight
|
|upkeep
|turn|166
|
|t:|1760458472
|switch|p2a: Corviknight|Corviknight, F|95/100 par
|-ability|p2a: Corviknight|Pressure
|switch|p1a: Gliscor|Gliscor, M|100/100 tox
|
|upkeep
|turn|167
|inactive|llamasiphon has 60 seconds left.
|
|t:|1760458484
|switch|p2a: Gliscor|Gliscor, F|100/100 tox
|move|p1a: Gliscor|Knock Off|p2a: Gliscor
|-damage|p2a: Gliscor|89/100 tox
|
|-heal|p2a: Gliscor|100/100 tox|[from] ability: Poison Heal
|upkeep
|turn|168
|inactive|llamasiphon has 60 seconds left.
|inactive|dogindustries has 120 seconds left.
|
|t:|1760458500
|switch|p1a: Corviknight|Corviknight, M|92/100
|-ability|p1a: Corviknight|Pressure
|move|p2a: Gliscor|Spikes|p1a: Corviknight
|-sidestart|p1: llamasiphon|Spikes
|
|upkeep
|turn|169
|inactive|llamasiphon has 60 seconds left.
|
|t:|1760458511
|move|p2a: Gliscor|Spikes|p1a: Corviknight
|-sidestart|p1: llamasiphon|Spikes
|move|p1a: Corviknight|U-turn|p2a: Gliscor
|-resisted|p2a: Gliscor
|-damage|p2a: Gliscor|95/100 tox
|
|t:|1760458517
|switch|p1a: Gholdengo|Gholdengo|100/100|[from] U-turn
|-item|p1a: Gholdengo|Air Balloon
|
|-heal|p2a: Gliscor|100/100 tox|[from] ability: Poison Heal
|upkeep
|turn|170
|
|t:|1760458526
|switch|p1a: Corviknight|Corviknight, M|92/100
|-ability|p1a: Corviknight|Pressure
|move|p2a: Gliscor|Knock Off|p1a: Corviknight
|-damage|p1a: Corviknight|83/100
|
|upkeep
|turn|171
|
|t:|1760458535
|switch|p2a: Corviknight|Corviknight, F|95/100 par
|-ability|p2a: Corviknight|Pressure
|move|p1a: Corviknight|Defog|p2a: Corviknight
|-unboost|p2a: Corviknight|evasion|1
|-sideend|p1: llamasiphon|Spikes|[from] move: Defog|[of] p1a: Corviknight
|
|upkeep
|turn|172
|
|t:|1760458552
|switch|p1a: Gliscor|Gliscor, M|100/100 tox
|move|p2a: Corviknight|Iron Defense|p2a: Corviknight
|-boost|p2a: Corviknight|def|2
|
|upkeep
|turn|173
|
|t:|1760458558
|switch|p1a: Tyranitar|Tyranitar, M|88/100
|-weather|Sandstorm|[from] ability: Sand Stream|[of] p1a: Tyranitar
|switch|p2a: Gliscor|Gliscor, F|100/100 tox
|
|-weather|Sandstorm|[upkeep]
|-heal|p1a: Tyranitar|94/100|[from] item: Leftovers
|upkeep
|turn|174
|
|t:|1760458575
|switch|p2a: Corviknight|Corviknight, F|95/100 par
|-ability|p2a: Corviknight|Pressure
|switch|p1a: Corviknight|Corviknight, M|83/100
|-ability|p1a: Corviknight|Pressure
|
|-weather|Sandstorm|[upkeep]
|upkeep
|turn|175
|inactive|dogindustries has 120 seconds left.
|
|t:|1760458594
|switch|p1a: Gliscor|Gliscor, M|100/100 tox
|switch|p2a: Gliscor|Gliscor, F|100/100 tox
|
|-weather|Sandstorm|[upkeep]
|upkeep
|turn|176
|
|t:|1760458600
|switch|p1a: Corviknight|Corviknight, M|83/100
|-ability|p1a: Corviknight|Pressure
|move|p2a: Gliscor|Spikes|p1a: Corviknight
|-sidestart|p1: llamasiphon|Spikes
|
|-weather|Sandstorm|[upkeep]
|upkeep
|turn|177
|
|t:|1760458610
|switch|p2a: Corviknight|Corviknight, F|95/100 par
|-ability|p2a: Corviknight|Pressure
|switch|p1a: Gliscor|Gliscor, M|100/100 tox
|
|-weather|none
|upkeep
|turn|178
|inactive|dogindustries has 120 seconds left.
|
|t:|1760458624
|switch|p1a: Corviknight|Corviknight, M|83/100
|-ability|p1a: Corviknight|Pressure
|switch|p2a: Gliscor|Gliscor, F|100/100 tox
|
|upkeep
|turn|179
|
|t:|1760458631
|switch|p2a: Corviknight|Corviknight, F|95/100 par
|-ability|p2a: Corviknight|Pressure
|switch|p1a: Gliscor|Gliscor, M|100/100 tox
|
|upkeep
|turn|180
|inactive|dogindustries has 120 seconds left.
|
|t:|1760458638
|switch|p1a: Corviknight|Corviknight, M|83/100
|-ability|p1a: Corviknight|Pressure
|switch|p2a: Gliscor|Gliscor, F|100/100 tox
|
|upkeep
|turn|181
|
|t:|1760458640
|switch|p2a: Corviknight|Corviknight, F|95/100 par
|-ability|p2a: Corviknight|Pressure
|switch|p1a: Gliscor|Gliscor, M|100/100 tox
|
|upkeep
|turn|182
|
|t:|1760458646
|switch|p1a: Corviknight|Corviknight, M|83/100
|-ability|p1a: Corviknight|Pressure
|switch|p2a: Gliscor|Gliscor, F|100/100 tox
|
|upkeep
|turn|183
|inactive|dogindustries has 120 seconds left.
|
|t:|1760458659
|switch|p2a: Corviknight|Corviknight, F|95/100 par
|-ability|p2a: Corviknight|Pressure
|switch|p1a: Gliscor|Gliscor, M|100/100 tox
|
|upkeep
|turn|184
|inactive|dogindustries has 120 seconds left.
|
|t:|1760458670
|switch|p1a: Corviknight|Corviknight, M|83/100
|-ability|p1a: Corviknight|Pressure
|move|p2a: Corviknight|Defog|p1a: Corviknight
|-unboost|p1a: Corviknight|evasion|1
|-sideend|p1: llamasiphon|Spikes|[from] move: Defog|[of] p2a: Corviknight
|
|upkeep
|turn|185
|inactive|llamasiphon has 60 seconds left.
|
|t:|1760458682
|switch|p1a: Gliscor|Gliscor, M|100/100 tox
|switch|p2a: Gliscor|Gliscor, F|100/100 tox
|
|upkeep
|turn|186
|inactive|dogindustries has 120 seconds left.
|
|t:|1760458692
|switch|p1a: Corviknight|Corviknight, M|83/100
|-ability|p1a: Corviknight|Pressure
|move|p2a: Gliscor|Spikes|p1a: Corviknight
|-sidestart|p1: llamasiphon|Spikes
|
|upkeep
|turn|187
|
|t:|1760458699
|switch|p2a: Corviknight|Corviknight, F|95/100 par
|-ability|p2a: Corviknight|Pressure
|move|p1a: Corviknight|Brave Bird|p2a: Corviknight
|-resisted|p2a: Corviknight
|-damage|p2a: Corviknight|81/100 par
|-damage|p1a: Corviknight|79/100|[from] Recoil
|
|upkeep
|turn|188
|inactive|dogindustries has 120 seconds left.
|
|t:|1760458714
|switch|p1a: Gliscor|Gliscor, M|100/100 tox
|switch|p2a: Gliscor|Gliscor, F|100/100 tox
|
|upkeep
|turn|189
|
|t:|1760458726
|switch|p1a: Corviknight|Corviknight, M|79/100
|-ability|p1a: Corviknight|Pressure
|move|p2a: Gliscor|Spikes|p1a: Corviknight
|-sidestart|p1: llamasiphon|Spikes
|
|upkeep
|turn|190
|
|t:|1760458735
|switch|p2a: Corviknight|Corviknight, F|81/100 par
|-ability|p2a: Corviknight|Pressure
|switch|p1a: Gliscor|Gliscor, M|100/100 tox
|
|upkeep
|turn|191
|
|t:|1760458745
|switch|p2a: Gliscor|Gliscor, F|100/100 tox
|move|p1a: Gliscor|Knock Off|p2a: Gliscor
|-damage|p2a: Gliscor|88/100 tox
|
|-heal|p2a: Gliscor|100/100 tox|[from] ability: Poison Heal
|upkeep
|turn|192
|inactive|dogindustries has 120 seconds left.
|
|t:|1760458756
|switch|p1a: Corviknight|Corviknight, M|79/100
|-ability|p1a: Corviknight|Pressure
|move|p2a: Gliscor|Knock Off|p1a: Corviknight
|-damage|p1a: Corviknight|71/100
|
|upkeep
|turn|193
|inactive|dogindustries has 120 seconds left.
|
|t:|1760458772
|switch|p2a: Corviknight|Corviknight, F|81/100 par
|-ability|p2a: Corviknight|Pressure
|move|p1a: Corviknight|U-turn|p2a: Corviknight
|-resisted|p2a: Corviknight
|-damage|p2a: Corviknight|79/100 par
|
|t:|1760458780
|switch|p1a: Gliscor|Gliscor, M|100/100 tox|[from] U-turn
|
|upkeep
|turn|194
|
|t:|1760458784
|switch|p1a: Corviknight|Corviknight, M|71/100
|-ability|p1a: Corviknight|Pressure
|switch|p2a: Gliscor|Gliscor, F|100/100 tox
|
|upkeep
|turn|195
|
|t:|1760458795
|switch|p2a: Corviknight|Corviknight, F|79/100 par
|-ability|p2a: Corviknight|Pressure
|move|p1a: Corviknight|Defog|p2a: Corviknight
|-unboost|p2a: Corviknight|evasion|1
|-sideend|p1: llamasiphon|Spikes|[from] move: Defog|[of] p1a: Corviknight
|
|upkeep
|turn|196
|
|t:|1760458806
|move|p1a: Corviknight|U-turn|p2a: Corviknight
|-resisted|p2a: Corviknight
|-damage|p2a: Corviknight|77/100 par
|
|t:|1760458811
|switch|p1a: Gliscor|Gliscor, M|100/100 tox|[from] U-turn
|move|p2a: Corviknight|Defog|p1a: Gliscor
|-unboost|p1a: Gliscor|evasion|1
|
|upkeep
|turn|197
|
|t:|1760458822
|switch|p1a: Tyranitar|Tyranitar, M|94/100
|-weather|Sandstorm|[from] ability: Sand Stream|[of] p1a: Tyranitar
|switch|p2a: Gliscor|Gliscor, F|100/100 tox
|
|-weather|Sandstorm|[upkeep]
|-heal|p1a: Tyranitar|99/100|[from] item: Leftovers
|upkeep
|turn|198
|
|t:|1760458831
|switch|p2a: Corviknight|Corviknight, F|77/100 par
|-ability|p2a: Corviknight|Pressure
|switch|p1a: Corviknight|Corviknight, M|71/100
|-ability|p1a: Corviknight|Pressure
|
|-weather|Sandstorm|[upkeep]
|upkeep
|turn|199
|inactive|llamasiphon has 30 seconds left.
|
|t:|1760458846
|switch|p1a: Gholdengo|Gholdengo|100/100
|-item|p1a: Gholdengo|Air Balloon
|move|p2a: Corviknight|Defog|p1a: Gholdengo
|-immune|p1a: Gholdengo|[from] ability: Good as Gold
|
|-weather|Sandstorm|[upkeep]
|upkeep
|turn|200
|inactive|llamasiphon has 30 seconds left.
|
|t:|1760458857
|switch|p1a: Corviknight|Corviknight, M|71/100
|-ability|p1a: Corviknight|Pressure
|switch|p2a: Gliscor|Gliscor, F|100/100 tox
|
|-weather|Sandstorm|[upkeep]
|upkeep
|turn|201
|inactive|llamasiphon has 30 seconds left.
|
|t:|1760458868
|switch|p2a: Corviknight|Corviknight, F|77/100 par
|-ability|p2a: Corviknight|Pressure
|switch|p1a: Gliscor|Gliscor, M|100/100 tox
|
|-weather|none
|upkeep
|turn|202
|inactive|llamasiphon has 25 seconds left this turn.
|inactive|llamasiphon has 20 seconds left.
|
|t:|1760458876
|switch|p1a: Gholdengo|Gholdengo|100/100
|-item|p1a: Gholdengo|Air Balloon
|switch|p2a: Gliscor|Gliscor, F|100/100 tox
|
|upkeep
|turn|203
|inactive|llamasiphon has 25 seconds left this turn.
|
|t:|1760458889
|switch|p1a: Corviknight|Corviknight, M|71/100
|-ability|p1a: Corviknight|Pressure
|move|p2a: Gliscor|Knock Off|p1a: Corviknight
|-damage|p1a: Corviknight|63/100
|
|upkeep
|turn|204
|inactive|llamasiphon has 25 seconds left this turn.
|inactive|llamasiphon has 20 seconds left.
|
|t:|1760458895
|switch|p2a: Corviknight|Corviknight, F|77/100 par
|-ability|p2a: Corviknight|Pressure
|switch|p1a: Gliscor|Gliscor, M|100/100 tox
|
|upkeep
|turn|205
|inactive|llamasiphon has 25 seconds left this turn.
|inactive|llamasiphon has 20 seconds left.
|
|t:|1760458902
|switch|p1a: Corviknight|Corviknight, M|63/100
|-ability|p1a: Corviknight|Pressure
|switch|p2a: Gliscor|Gliscor, F|100/100 tox
|
|upkeep
|turn|206
|inactive|llamasiphon has 20 seconds left this turn.
|inactive|dogindustries has 120 seconds left.
|
|t:|1760458910
|switch|p2a: Corviknight|Corviknight, F|77/100 par
|-ability|p2a: Corviknight|Pressure
|switch|p1a: Gliscor|Gliscor, M|100/100 tox
|
|upkeep
|turn|207
|inactive|llamasiphon has 25 seconds left this turn.
|inactive|dogindustries has 120 seconds left.
|
|t:|1760458915
|switch|p1a: Corviknight|Corviknight, M|63/100
|-ability|p1a: Corviknight|Pressure
|switch|p2a: Gliscor|Gliscor, F|100/100 tox
|
|upkeep
|turn|208
|inactive|llamasiphon has 25 seconds left this turn.
|
|t:|1760458918
|switch|p2a: Corviknight|Corviknight, F|77/100 par
|-ability|p2a: Corviknight|Pressure
|switch|p1a: Gliscor|Gliscor, M|100/100 tox
|
|upkeep
|turn|209
|inactive|llamasiphon has 30 seconds left this turn.
|inactive|dogindustries has 120 seconds left.
|
|t:|1760458923
|switch|p1a: Corviknight|Corviknight, M|63/100
|-ability|p1a: Corviknight|Pressure
|switch|p2a: Gliscor|Gliscor, F|100/100 tox
|
|upkeep
|turn|210
|inactive|llamasiphon has 30 seconds left this turn.
|
|t:|1760458926
|switch|p2a: Corviknight|Corviknight, F|77/100 par
|-ability|p2a: Corviknight|Pressure
|switch|p1a: Gliscor|Gliscor, M|100/100 tox
|
|upkeep
|turn|211
|
|t:|1760458929
|switch|p1a: Corviknight|Corviknight, M|63/100
|-ability|p1a: Corviknight|Pressure
|switch|p2a: Gliscor|Gliscor, F|100/100 tox
|
|upkeep
|turn|212
|
|t:|1760458931
|switch|p2a: Quagsire|Quagsire, M|100/100
|switch|p1a: Gliscor|Gliscor, M|100/100 tox
|
|upkeep
|turn|213
|
|t:|1760458938
|switch|p2a: Gliscor|Gliscor, F|100/100 tox
|move|p1a: Gliscor|Toxic|p2a: Gliscor
|-fail|p2a: Gliscor|tox
|
|upkeep
|turn|214
|inactive|llamasiphon has 30 seconds left.
|
|t:|1760458944
|switch|p2a: Corviknight|Corviknight, F|77/100 par
|-ability|p2a: Corviknight|Pressure
|switch|p1a: Corviknight|Corviknight, M|63/100
|-ability|p1a: Corviknight|Pressure
|
|upkeep
|turn|215
|inactive|llamasiphon has 30 seconds left.
|
|t:|1760458954
|switch|p2a: Gliscor|Gliscor, F|100/100 tox
|move|p1a: Corviknight|Roost|p1a: Corviknight
|-heal|p1a: Corviknight|100/100
|-singleturn|p1a: Corviknight|move: Roost
|
|upkeep
|turn|216
|inactive|llamasiphon has 30 seconds left this turn.
|
|t:|1760458959
|switch|p2a: Corviknight|Corviknight, F|77/100 par
|-ability|p2a: Corviknight|Pressure
|switch|p1a: Gliscor|Gliscor, M|100/100 tox
|
|upkeep
|turn|217
|inactive|llamasiphon has 30 seconds left.
|
|t:|1760458967
|switch|p1a: Gholdengo|Gholdengo|100/100
|-item|p1a: Gholdengo|Air Balloon
|switch|p2a: Gliscor|Gliscor, F|100/100 tox
|
|upkeep
|turn|218
|inactive|llamasiphon has 30 seconds left this turn.
|inactive|dogindustries has 120 seconds left.
|
|t:|1760458975
|switch|p1a: Corviknight|Corviknight, M|100/100
|-ability|p1a: Corviknight|Pressure
|move|p2a: Gliscor|Spikes|p1a: Corviknight
|-sidestart|p1: llamasiphon|Spikes
|
|upkeep
|turn|219
|inactive|llamasiphon has 30 seconds left this turn.
|
|t:|1760458982
|switch|p2a: Corviknight|Corviknight, F|77/100 par
|-ability|p2a: Corviknight|Pressure
|switch|p1a: Gliscor|Gliscor, M|100/100 tox
|
|upkeep
|turn|220
|inactive|llamasiphon has 25 seconds left this turn.
|inactive|llamasiphon has 20 seconds left.
|inactive|dogindustries has 120 seconds left.
|
|t:|1760458995
|switch|p1a: Gholdengo|Gholdengo|100/100
|-item|p1a: Gholdengo|Air Balloon
|switch|p2a: Gliscor|Gliscor, F|100/100 tox
|
|upkeep
|turn|221
|inactive|llamasiphon has 25 seconds left this turn.
|inactive|llamasiphon has 20 seconds left.
|
|t:|1760459001
|switch|p2a: Blissey|Blissey, F|94/100
|switch|p1a: Corviknight|Corviknight, M|100/100
|-ability|p1a: Corviknight|Pressure
|
|upkeep
|turn|222
|inactive|llamasiphon has 20 seconds left this turn.
|inactive|llamasiphon has 15 seconds left.
|
|t:|1760459012
|switch|p2a: Corviknight|Corviknight, F|77/100 par
|-ability|p2a: Corviknight|Pressure
|switch|p1a: Gliscor|Gliscor, M|100/100 tox
|
|upkeep
|turn|223
|inactive|llamasiphon has 20 seconds left this turn.
|
|t:|1760459019
|switch|p1a: Corviknight|Corviknight, M|100/100
|-ability|p1a: Corviknight|Pressure
|switch|p2a: Gliscor|Gliscor, F|100/100 tox
|
|upkeep
|turn|224
|inactive|llamasiphon has 20 seconds left this turn.
|
|t:|1760459024
|switch|p2a: Corviknight|Corviknight, F|77/100 par
|-ability|p2a: Corviknight|Pressure
|switch|p1a: Gliscor|Gliscor, M|100/100 tox
|
|upkeep
|turn|225
|inactive|llamasiphon has 25 seconds left this turn.
|
|t:|1760459030
|switch|p1a: Corviknight|Corviknight, M|100/100
|-ability|p1a: Corviknight|Pressure
|switch|p2a: Gliscor|Gliscor, F|100/100 tox
|
|upkeep
|turn|226
|inactive|llamasiphon has 25 seconds left this turn.
|
|t:|1760459034
|switch|p2a: Corviknight|Corviknight, F|77/100 par
|-ability|p2a: Corviknight|Pressure
|switch|p1a: Gliscor|Gliscor, M|100/100 tox
|
|upkeep
|turn|227
|inactive|llamasiphon has 30 seconds left this turn.
|
|t:|1760459037
|switch|p1a: Corviknight|Corviknight, M|100/100
|-ability|p1a: Corviknight|Pressure
|switch|p2a: Gliscor|Gliscor, F|100/100 tox
|
|upkeep
|turn|228
|inactive|llamasiphon has 30 seconds left this turn.
|
|t:|1760459039
|switch|p2a: Corviknight|Corviknight, F|77/100 par
|-ability|p2a: Corviknight|Pressure
|switch|p1a: Gliscor|Gliscor, M|100/100 tox
|
|upkeep
|turn|229
|
|t:|1760459041
|switch|p1a: Corviknight|Corviknight, M|100/100
|-ability|p1a: Corviknight|Pressure
|switch|p2a: Gliscor|Gliscor, F|100/100 tox
|
|upkeep
|turn|230
|
|t:|1760459043
|switch|p2a: Corviknight|Corviknight, F|77/100 par
|-ability|p2a: Corviknight|Pressure
|switch|p1a: Gliscor|Gliscor, M|100/100 tox
|
|upkeep
|turn|231
|
|t:|1760459046
|switch|p1a: Corviknight|Corviknight, M|100/100
|-ability|p1a: Corviknight|Pressure
|switch|p2a: Gliscor|Gliscor, F|100/100 tox
|
|upkeep
|turn|232
|
|t:|1760459047
|switch|p2a: Corviknight|Corviknight, F|77/100 par
|-ability|p2a: Corviknight|Pressure
|switch|p1a: Gliscor|Gliscor, M|100/100 tox
|
|upkeep
|turn|233
|
|t:|1760459054
|switch|p1a: Corviknight|Corviknight, M|100/100
|-ability|p1a: Corviknight|Pressure
|switch|p2a: Gliscor|Gliscor, F|100/100 tox
|
|upkeep
|turn|234
|
|t:|1760459057
|switch|p2a: Corviknight|Corviknight, F|77/100 par
|-ability|p2a: Corviknight|Pressure
|switch|p1a: Gliscor|Gliscor, M|100/100 tox
|
|upkeep
|turn|235
|
|t:|1760459060
|switch|p1a: Corviknight|Corviknight, M|100/100
|-ability|p1a: Corviknight|Pressure
|switch|p2a: Gliscor|Gliscor, F|100/100 tox
|
|upkeep
|turn|236
|
|t:|1760459062
|switch|p2a: Corviknight|Corviknight, F|77/100 par
|-ability|p2a: Corviknight|Pressure
|switch|p1a: Gliscor|Gliscor, M|100/100 tox
|
|upkeep
|turn|237
|
|t:|1760459064
|switch|p1a: Corviknight|Corviknight, M|100/100
|-ability|p1a: Corviknight|Pressure
|switch|p2a: Gliscor|Gliscor, F|100/100 tox
|
|upkeep
|turn|238
|
|t:|1760459067
|switch|p2a: Blissey|Blissey, F|94/100
|switch|p1a: Gliscor|Gliscor, M|100/100 tox
|
|upkeep
|turn|239
|
|t:|1760459076
|switch|p1a: Corviknight|Corviknight, M|100/100
|-ability|p1a: Corviknight|Pressure
|switch|p2a: Corviknight|Corviknight, F|77/100 par
|-ability|p2a: Corviknight|Pressure
|
|upkeep
|turn|240
|
|t:|1760459084
|switch|p1a: Gliscor|Gliscor, M|100/100 tox
|switch|p2a: Quagsire|Quagsire, M|100/100
|
|upkeep
|turn|241
|
|t:|1760459087
|switch|p1a: Corviknight|Corviknight, M|100/100
|-ability|p1a: Corviknight|Pressure
|switch|p2a: Gliscor|Gliscor, F|100/100 tox
|
|upkeep
|turn|242
|
|t:|1760459091
|switch|p2a: Corviknight|Corviknight, F|77/100 par
|-ability|p2a: Corviknight|Pressure
|switch|p1a: Gliscor|Gliscor, M|100/100 tox
|
|upkeep
|turn|243
|
|t:|1760459094
|switch|p1a: Gholdengo|Gholdengo|100/100
|-item|p1a: Gholdengo|Air Balloon
|switch|p2a: Gliscor|Gliscor, F|100/100 tox
|
|upkeep
|turn|244
|
|t:|1760459098
|switch|p2a: Blissey|Blissey, F|94/100
|switch|p1a: Corviknight|Corviknight, M|100/100
|-ability|p1a: Corviknight|Pressure
|
|upkeep
|turn|245
|
|t:|1760459103
|switch|p2a: Gliscor|Gliscor, F|100/100 tox
|switch|p1a: Gliscor|Gliscor, M|100/100 tox
|
|upkeep
|turn|246
|
|t:|1760459110
|switch|p1a: Corviknight|Corviknight, M|100/100
|-ability|p1a: Corviknight|Pressure
|move|p2a: Gliscor|Knock Off|p1a: Corviknight
|-damage|p1a: Corviknight|92/100
|
|upkeep
|turn|247
|
|t:|1760459115
|switch|p2a: Corviknight|Corviknight, F|77/100 par
|-ability|p2a: Corviknight|Pressure
|move|p1a: Corviknight|Defog|p2a: Corviknight
|-unboost|p2a: Corviknight|evasion|1
|-sideend|p1: llamasiphon|Spikes|[from] move: Defog|[of] p1a: Corviknight
|
|upkeep
|turn|248
|
|t:|1760459123
|move|p1a: Corviknight|U-turn|p2a: Corviknight
|-resisted|p2a: Corviknight
|-damage|p2a: Corviknight|74/100 par
|
|t:|1760459125
|switch|p1a: Gholdengo|Gholdengo|100/100|[from] U-turn
|-item|p1a: Gholdengo|Air Balloon
|move|p2a: Corviknight|Roost|p2a: Corviknight
|-heal|p2a: Corviknight|100/100 par
|-singleturn|p2a: Corviknight|move: Roost
|
|upkeep
|turn|249
|
|t:|1760459134
|switch|p1a: Gliscor|Gliscor, M|100/100 tox
|switch|p2a: Blissey|Blissey, F|94/100
|
|upkeep
|turn|250
|
|t:|1760459142
|switch|p1a: Corviknight|Corviknight, M|92/100
|-ability|p1a: Corviknight|Pressure
|switch|p2a: Gliscor|Gliscor, F|100/100 tox
|
|upkeep
|turn|251
|
|t:|1760459150
|switch|p2a: Corviknight|Corviknight, F|100/100 par
|-ability|p2a: Corviknight|Pressure
|switch|p1a: Gliscor|Gliscor, M|100/100 tox
|
|upkeep
|turn|252
|
|t:|1760459156
|switch|p1a: Corviknight|Corviknight, M|92/100
|-ability|p1a: Corviknight|Pressure
|switch|p2a: Gliscor|Gliscor, F|100/100 tox
|
|upkeep
|turn|253
|c|☆llamasiphon|fair enough gg
|inactive|llamasiphon has 60 seconds left.
|-message|llamasiphon forfeited.
|
|win|dogindustries
|raw|llamasiphon's rating: 1438 &rarr; <strong>1417</strong><br />(-21 for losing)
|raw|dogindustries's rating: 1421 &rarr; <strong>1442</strong><br />(+21 for winning)
|l|☆llamasiphon
|player|p1|
|c|☆dogindustries|i respect your dedication
|l|☆dogindustries
|player|p2|
