|j|☆Passerby bye
|j|☆Chrisboomin
|t:|1760455337
|gametype|singles
|player|p1|Passerby bye|scientist-gen4|1299
|player|p2|Chrisboomin|ethan|1323
|gen|9
|tier|[Gen 9] OU
|rated|
|rule|HP Percentage Mod: HP is shown in percentages
|rule|Endless Battle Clause: Forcing endless battles is banned
|rule|Species Clause: Limit one of each Pokémon
|rule|OHKO Clause: OHKO moves are banned
|rule|Evasion Items Clause: Evasion items are banned
|rule|Evasion Moves Clause: Evasion moves are banned
|rule|Evasion Abilities Clause: Evasion abilities are banned
|rule|Sleep Moves Clause: Sleep-inducing moves are banned
|clearpoke
|poke|p1|Vileplume, M|
|poke|p1|Houndoom, F|
|poke|p1|Gliscor, F|
|poke|p1|Magnezone|
|poke|p1|Slowbro, F|
|poke|p1|Wigglytuff, F|
|poke|p2|Landorus-Therian, M|
|poke|p2|Samurott-Hisui, F|
|poke|p2|Scizor, F|
|poke|p2|Latios, M|
|poke|p2|Zamazenta-*|
|poke|p2|Slowbro-Galar, F|
|teampreview
|inactive|Battle timer is ON: inactive players will automatically lose when time's up. (requested by Passerby bye)
|inactive|Chrisboomin has 120 seconds left.
|
|t:|1760455442
|teamsize|p1|6
|teamsize|p2|6
|start
|switch|p1a: Vileplume|Vileplume, M|100/100
|switch|p2a: Scizor|Scizor, F|100/100
|turn|1
|
|t:|1760455449
|move|p2a: Scizor|Knock Off|p1a: Vileplume
|-damage|p1a: Vileplume|71/100
|-damage|p2a: Scizor|84/100|[from] item: Rocky Helmet|[of] p1a: Vileplume
|-enditem|p1a: Vileplume|Rocky Helmet|[from] move: Knock Off|[of] p2a: Scizor
|move|p1a: Vileplume|Strength Sap|p2a: Scizor
|-unboost|p2a: Scizor|atk|1
|-heal|p1a: Vileplume|100/100
|
|upkeep
|turn|2
|
|t:|1760455460
|switch|p2a: Slowbro|Slowbro-Galar, F|100/100
|move|p1a: Vileplume|Leech Seed|p2a: Slowbro
|-start|p2a: Slowbro|move: Leech Seed
|
|-damage|p2a: Slowbro|88/100|[from] Leech Seed|[of] p1a: Vileplume
|upkeep
|turn|3
|
|t:|1760455470
|switch|p1a: Magnezone|Magnezone|100/100
|move|p2a: Slowbro|Zen Headbutt|p1a: Magnezone
|-resisted|p1a: Magnezone
|-damage|p1a: Magnezone|89/100
|
|-damage|p2a: Slowbro|76/100|[from] Leech Seed|[of] p1a: Magnezone
|-heal|p1a: Magnezone|100/100|[silent]
|upkeep
|turn|4
|-activate|p2a: Slowbro|ability: Quick Draw
|
|t:|1760455478
|move|p2a: Slowbro|Drain Punch|p1a: Magnezone
|-supereffective|p1a: Magnezone
|-damage|p1a: Magnezone|71/100
|-heal|p2a: Slowbro|89/100|[from] drain|[of] p1a: Magnezone
|move|p1a: Magnezone|Flash Cannon|p2a: Slowbro
|-damage|p2a: Slowbro|0 fnt
|faint|p2a: Slowbro
|
|upkeep
|
|t:|1760455494
|switch|p2a: Landorus|Landorus-Therian, M|100/100
|-ability|p2a: Landorus|Intimidate|boost
|-unboost|p1a: Magnezone|atk|1
|turn|5
|
|t:|1760455509
|switch|p1a: Vileplume|Vileplume, M|100/100
|move|p2a: Landorus|Stealth Rock|p1a: Vileplume
|-sidestart|p1: Passerby bye|move: Stealth Rock
|
|upkeep
|turn|6
|
|t:|1760455528
|move|p2a: Landorus|U-turn|p1a: Vileplume
|-damage|p1a: Vileplume|84/100
|
|t:|1760455532
|switch|p2a: Latios|Latios, M|100/100|[from] U-turn
|move|p1a: Vileplume|Leech Seed|p2a: Latios
|-start|p2a: Latios|move: Leech Seed
|
|-damage|p2a: Latios|88/100|[from] Leech Seed|[of] p1a: Vileplume
|-heal|p1a: Vileplume|94/100|[silent]
|upkeep
|turn|7
|
|t:|1760455546
|switch|p1a: Wigglytuff|Wigglytuff, F|100/100
|move|p2a: Latios|Psychic Noise|p1a: Wigglytuff
|-damage|p1a: Wigglytuff|66/100
|-start|p1a: Wigglytuff|move: Heal Block
|
|-damage|p2a: Latios|76/100|[from] Leech Seed|[of] p1a: Wigglytuff
|upkeep
|turn|8
|
|t:|1760455560
|switch|p2a: Scizor|Scizor, F|84/100
|move|p1a: Wigglytuff|Knock Off|p2a: Scizor
|-damage|p2a: Scizor|67/100
|-enditem|p2a: Scizor|Heavy-Duty Boots|[from] move: Knock Off|[of] p1a: Wigglytuff
|
|-end|p1a: Wigglytuff|move: Heal Block
|upkeep
|turn|9
|
|t:|1760455570
|switch|p1a: Gliscor|Gliscor, F|100/100
|-damage|p1a: Gliscor|88/100|[from] Stealth Rock
|move|p2a: Scizor|Knock Off|p1a: Gliscor
|-damage|p1a: Gliscor|61/100
|-enditem|p1a: Gliscor|Toxic Orb|[from] move: Knock Off|[of] p2a: Scizor
|
|upkeep
|turn|10
|
|t:|1760455581
|switch|p2a: Landorus|Landorus-Therian, M|100/100
|-ability|p2a: Landorus|Intimidate|boost
|-unboost|p1a: Gliscor|atk|1
|move|p1a: Gliscor|Swords Dance|p1a: Gliscor
|-boost|p1a: Gliscor|atk|2
|
|upkeep
|turn|11
|
|t:|1760455589
|move|p2a: Landorus|Smack Down|p1a: Gliscor
|-damage|p1a: Gliscor|47/100
|-start|p1a: Gliscor|Smack Down
|move|p1a: Gliscor|Swords Dance|p1a: Gliscor
|-boost|p1a: Gliscor|atk|2
|
|upkeep
|turn|12
|
|t:|1760455595
|move|p2a: Landorus|Earthquake|p1a: Gliscor
|-damage|p1a: Gliscor|11/100
|move|p1a: Gliscor|Stone Edge|p2a: Landorus|[miss]
|-miss|p1a: Gliscor|p2a: Landorus
|
|upkeep
|turn|13
|
|t:|1760455601
|move|p2a: Landorus|Earthquake|p1a: Gliscor
|-damage|p1a: Gliscor|0 fnt
|faint|p1a: Gliscor
|
|upkeep
|
|t:|1760455606
|switch|p1a: Slowbro|Slowbro, F|100/100
|turn|14
|
|t:|1760455611
|move|p2a: Landorus|U-turn|p1a: Slowbro
|-supereffective|p1a: Slowbro
|-damage|p1a: Slowbro|72/100
|
|t:|1760455615
|switch|p2a: Samurott|Samurott-Hisui, F|100/100|[from] U-turn
|move|p1a: Slowbro|Scald|p2a: Samurott
|-resisted|p2a: Samurott
|-damage|p2a: Samurott|86/100
|
|upkeep
|turn|15
|
|t:|1760455623
|switch|p1a: Vileplume|Vileplume, M|94/100
|-damage|p1a: Vileplume|82/100|[from] Stealth Rock
|move|p2a: Samurott|Ceaseless Edge|p1a: Vileplume
|-damage|p1a: Vileplume|43/100
|-sidestart|p1: Passerby bye|Spikes
|
|upkeep
|turn|16
|
|t:|1760455631
|move|p2a: Samurott|Ceaseless Edge|p1a: Vileplume
|-damage|p1a: Vileplume|5/100
|-sidestart|p1: Passerby bye|Spikes
|move|p1a: Vileplume|Strength Sap|p2a: Samurott
|-unboost|p2a: Samurott|atk|1
|-heal|p1a: Vileplume|100/100
|
|upkeep
|turn|17
|
|t:|1760455636
|move|p2a: Samurott|Ceaseless Edge|p1a: Vileplume
|-damage|p1a: Vileplume|75/100
|-sidestart|p1: Passerby bye|Spikes
|move|p1a: Vileplume|Leech Seed|p2a: Samurott
|-start|p2a: Samurott|move: Leech Seed
|
|-damage|p2a: Samurott|74/100|[from] Leech Seed|[of] p1a: Vileplume
|-heal|p1a: Vileplume|87/100|[silent]
|upkeep
|turn|18
|
|t:|1760455643
|switch|p2a: Landorus|Landorus-Therian, M|100/100
|-ability|p2a: Landorus|Intimidate|boost
|-unboost|p1a: Vileplume|atk|1
|move|p1a: Vileplume|Giga Drain|p2a: Landorus
|-damage|p2a: Landorus|70/100
|-heal|p1a: Vileplume|100/100|[from] drain|[of] p2a: Landorus
|
|upkeep
|turn|19
|
|t:|1760455658
|move|p2a: Landorus|Earthquake|p1a: Vileplume
|-damage|p1a: Vileplume|65/100
|move|p1a: Vileplume|Strength Sap|p2a: Landorus
|-unboost|p2a: Landorus|atk|1
|-heal|p1a: Vileplume|100/100
|
|upkeep
|turn|20
|
|t:|1760455675
|move|p2a: Landorus|U-turn|p1a: Vileplume
|-damage|p1a: Vileplume|88/100
|
|t:|1760455678
|switch|p2a: Scizor|Scizor, F|67/100|[from] U-turn
|move|p1a: Vileplume|Giga Drain|p2a: Scizor
|-resisted|p2a: Scizor
|-damage|p2a: Scizor|57/100
|-heal|p1a: Vileplume|92/100|[from] drain|[of] p2a: Scizor
|
|upkeep
|turn|21
|
|t:|1760455686
|move|p2a: Scizor|Bullet Punch|p1a: Vileplume
|-damage|p1a: Vileplume|64/100
|move|p1a: Vileplume|Strength Sap|p2a: Scizor
|-unboost|p2a: Scizor|atk|1
|-heal|p1a: Vileplume|100/100
|
|upkeep
|turn|22
|
|t:|1760455716
|switch|p2a: Latios|Latios, M|76/100
|move|p1a: Vileplume|Leech Seed|p2a: Latios
|-start|p2a: Latios|move: Leech Seed
|
|-damage|p2a: Latios|64/100|[from] Leech Seed|[of] p1a: Vileplume
|upkeep
|turn|23
|
|t:|1760455743
|switch|p2a: Scizor|Scizor, F|57/100
|switch|p1a: Wigglytuff|Wigglytuff, F|66/100
|
|upkeep
|turn|24
|
|t:|1760455752
|-terastallize|p1a: Wigglytuff|Steel
|move|p2a: Scizor|Knock Off|p1a: Wigglytuff
|-damage|p1a: Wigglytuff|17/100
|-enditem|p1a: Wigglytuff|Heavy-Duty Boots|[from] move: Knock Off|[of] p2a: Scizor
|move|p1a: Wigglytuff|Fire Blast|p2a: Scizor
|-supereffective|p2a: Scizor
|-damage|p2a: Scizor|0 fnt
|faint|p2a: Scizor
|
|upkeep
|
|t:|1760455760
|switch|p2a: Samurott|Samurott-Hisui, F|74/100
|turn|25
|
|t:|1760455763
|move|p2a: Samurott|Razor Shell|p1a: Wigglytuff
|-damage|p1a: Wigglytuff|0 fnt
|faint|p1a: Wigglytuff
|
|upkeep
|
|t:|1760455769
|switch|p1a: Magnezone|Magnezone|71/100
|-damage|p1a: Magnezone|65/100|[from] Stealth Rock
|-damage|p1a: Magnezone|40/100|[from] Spikes
|turn|26
|
|t:|1760455778
|move|p2a: Samurott|Knock Off|p1a: Magnezone
|-damage|p1a: Magnezone|0 fnt
|-enditem|p1a: Magnezone|Choice Specs|[from] move: Knock Off|[of] p2a: Samurott
|faint|p1a: Magnezone
|
|upkeep
|
|t:|1760455782
|switch|p1a: Vileplume|Vileplume, M|100/100
|-damage|p1a: Vileplume|88/100|[from] Stealth Rock
|-damage|p1a: Vileplume|63/100|[from] Spikes
|turn|27
|
|t:|1760455800
|switch|p2a: Latios|Latios, M|64/100
|move|p1a: Vileplume|Strength Sap|p2a: Latios
|-unboost|p2a: Latios|atk|1
|-heal|p1a: Vileplume|100/100
|
|upkeep
|turn|28
|
|t:|1760455817
|switch|p1a: Houndoom|Houndoom, F|100/100
|move|p2a: Latios|Psychic Noise|p1a: Houndoom
|-immune|p1a: Houndoom
|
|upkeep
|turn|29
|
|t:|1760455826
|switch|p2a: Samurott|Samurott-Hisui, F|74/100
|move|p1a: Houndoom|Dark Pulse|p2a: Samurott
|-resisted|p2a: Samurott
|-damage|p2a: Samurott|55/100
|
|upkeep
|turn|30
|
|t:|1760455833
|switch|p1a: Vileplume|Vileplume, M|100/100
|-damage|p1a: Vileplume|88/100|[from] Stealth Rock
|-damage|p1a: Vileplume|63/100|[from] Spikes
|move|p2a: Samurott|Razor Shell|p1a: Vileplume
|-resisted|p1a: Vileplume
|-damage|p1a: Vileplume|42/100
|-unboost|p1a: Vileplume|def|1
|-status|p2a: Samurott|slp|[from] ability: Effect Spore|[of] p1a: Vileplume
|
|upkeep
|turn|31
|
|t:|1760455846
|cant|p2a: Samurott|slp
|move|p1a: Vileplume|Sludge Wave|p2a: Samurott
|-damage|p2a: Samurott|21/100 slp
|
|upkeep
|turn|32
|
|t:|1760455854
|cant|p2a: Samurott|slp
|move|p1a: Vileplume|Strength Sap|p2a: Samurott
|-unboost|p2a: Samurott|atk|1
|-heal|p1a: Vileplume|100/100
|
|upkeep
|turn|33
|
|t:|1760455867
|switch|p2a: Landorus|Landorus-Therian, M|70/100
|-ability|p2a: Landorus|Intimidate|boost
|-unboost|p1a: Vileplume|atk|1
|move|p1a: Vileplume|Giga Drain|p2a: Landorus
|-damage|p2a: Landorus|38/100
|
|upkeep
|turn|34
|
|t:|1760455876
|move|p2a: Landorus|Earthquake|p1a: Vileplume
|-damage|p1a: Vileplume|42/100
|move|p1a: Vileplume|Sludge Wave|p2a: Landorus
|-resisted|p2a: Landorus
|-damage|p2a: Landorus|18/100
|
|upkeep
|turn|35
|
|t:|1760455883
|move|p2a: Landorus|Earthquake|p1a: Vileplume
|-damage|p1a: Vileplume|0 fnt
|faint|p1a: Vileplume
|
|upkeep
|
|t:|1760455887
|switch|p1a: Slowbro|Slowbro, F|100/100
|turn|36
|
|t:|1760455893
|move|p2a: Landorus|U-turn|p1a: Slowbro
|-supereffective|p1a: Slowbro
|-crit|p1a: Slowbro
|-damage|p1a: Slowbro|58/100
|
|t:|1760455898
|switch|p2a: Latios|Latios, M|64/100|[from] U-turn
|move|p1a: Slowbro|Scald|p2a: Latios
|-resisted|p2a: Latios
|-damage|p2a: Latios|50/100
|
|upkeep
|turn|37
|
|t:|1760455914
|move|p2a: Latios|Recover|p2a: Latios
|-heal|p2a: Latios|99/100
|move|p1a: Slowbro|Slack Off|p1a: Slowbro
|-heal|p1a: Slowbro|100/100
|
|upkeep
|turn|38
|
|t:|1760455921
|move|p2a: Latios|Psychic Noise|p1a: Slowbro
|-resisted|p1a: Slowbro
|-damage|p1a: Slowbro|77/100
|-start|p1a: Slowbro|move: Heal Block
|move|p1a: Slowbro|Nasty Plot|p1a: Slowbro
|-boost|p1a: Slowbro|spa|2
|
|upkeep
|turn|39
|
|t:|1760455942
|move|p2a: Latios|Draco Meteor|p1a: Slowbro
|-damage|p1a: Slowbro|0 fnt
|-unboost|p2a: Latios|spa|2
|faint|p1a: Slowbro
|
|upkeep
|
|t:|1760455949
|switch|p1a: Houndoom|Houndoom, F|100/100
|turn|40
|
|t:|1760455955
|switch|p2a: Landorus|Landorus-Therian, M|18/100
|-ability|p2a: Landorus|Intimidate|boost
|-unboost|p1a: Houndoom|atk|1
|move|p1a: Houndoom|Nasty Plot|p1a: Houndoom
|-boost|p1a: Houndoom|spa|2
|
|upkeep
|turn|41
|
|t:|1760455961
|move|p1a: Houndoom|Dark Pulse|p2a: Landorus
|-damage|p2a: Landorus|0 fnt
|faint|p2a: Landorus
|
|upkeep
|
|t:|1760455965
|switch|p2a: Samurott|Samurott-Hisui, F|21/100 slp
|turn|42
|
|t:|1760455969
|-curestatus|p2a: Samurott|slp|[msg]
|move|p2a: Samurott|Aqua Jet|p1a: Houndoom
|-supereffective|p1a: Houndoom
|-damage|p1a: Houndoom|13/100
|move|p1a: Houndoom|Dark Pulse|p2a: Samurott
|-resisted|p2a: Samurott
|-damage|p2a: Samurott|0 fnt
|faint|p2a: Samurott
|
|upkeep
|
|t:|1760455976
|switch|p2a: Latios|Latios, M|99/100
|turn|43
|
|t:|1760455980
|-terastallize|p2a: Latios|Steel
|move|p2a: Latios|Draco Meteor|p1a: Houndoom
|-damage|p1a: Houndoom|0 fnt
|-unboost|p2a: Latios|spa|2
|faint|p1a: Houndoom
|
|win|Chrisboomin
|raw|Passerby bye's rating: 1299 &rarr; <strong>1276</strong><br />(-23 for losing)
|raw|Chrisboomin's rating: 1323 &rarr; <strong>1342</strong><br />(+19 for winning)
|l|☆Passerby bye
|player|p1|
|l|☆Chrisboomin
|player|p2|
