|j|☆icefox
|j|☆schLIM2
|t:|1760458397
|gametype|singles
|player|p1|icefox|giovanni|1465
|player|p2|schLIM2|shadowtriad|1428
|gen|9
|tier|[Gen 9] OU
|rated|
|rule|HP Percentage Mod: HP is shown in percentages
|rule|Endless Battle Clause: Forcing endless battles is banned
|rule|Species Clause: Limit one of each Pokémon
|rule|OHKO Clause: OHKO moves are banned
|rule|Evasion Items Clause: Evasion items are banned
|rule|Evasion Moves Clause: Evasion moves are banned
|rule|Evasion Abilities Clause: Evasion abilities are banned
|rule|Sleep Moves Clause: Sleep-inducing moves are banned
|clearpoke
|poke|p1|Meowscarada, M|
|poke|p1|Hydreigon, M|
|poke|p1|Bisharp, M|
|poke|p1|Samurott-Hisui, F|
|poke|p1|Sableye, M|
|poke|p1|Muk-Alola, F|
|poke|p2|Torkoal, M|
|poke|p2|Lilligant-Hisui, F|
|poke|p2|Walking Wake|
|poke|p2|Typhlosion-Hisui, F|
|poke|p2|Hydrapple, M|
|poke|p2|Latias, F|
|teampreview
|
|t:|1760458409
|teamsize|p1|6
|teamsize|p2|6
|start
|switch|p1a: Hydreigon|Hydreigon, M|100/100
|switch|p2a: Torkoal|Torkoal, M|100/100
|-weather|SunnyDay|[from] ability: Drought|[of] p2a: Torkoal
|turn|1
|
|t:|1760458414
|switch|p2a: Hydrapple|Hydrapple, M|100/100
|move|p1a: Hydreigon|Draco Meteor|p2a: Hydrapple
|-supereffective|p2a: Hydrapple
|-damage|p2a: Hydrapple|0 fnt
|-unboost|p1a: Hydreigon|spa|2
|faint|p2a: Hydrapple
|
|-weather|SunnyDay|[upkeep]
|upkeep
|
|t:|1760458420
|switch|p2a: Lilligant|Lilligant-Hisui, F|100/100
|turn|2
|
|t:|1760458425
|switch|p1a: Sableye|Sableye, M|100/100
|move|p2a: Lilligant|Victory Dance|p2a: Lilligant
|-boost|p2a: Lilligant|atk|1
|-boost|p2a: Lilligant|def|1
|-boost|p2a: Lilligant|spe|1
|
|-weather|SunnyDay|[upkeep]
|upkeep
|turn|3
|
|t:|1760458430
|move|p1a: Sableye|Will-O-Wisp|p2a: Lilligant
|-status|p2a: Lilligant|brn
|move|p2a: Lilligant|Solar Blade||[still]
|-prepare|p2a: Lilligant|Solar Blade
|-anim|p2a: Lilligant|Solar Blade|p1a: Sableye
|-damage|p1a: Sableye|59/100
|
|-weather|SunnyDay|[upkeep]
|-heal|p1a: Sableye|66/100|[from] item: Leftovers
|-damage|p2a: Lilligant|94/100 brn|[from] brn
|upkeep
|turn|4
|
|t:|1760458435
|move|p2a: Lilligant|Victory Dance|p2a: Lilligant
|-boost|p2a: Lilligant|atk|1
|-boost|p2a: Lilligant|def|1
|-boost|p2a: Lilligant|spe|1
|move|p1a: Sableye|Night Shade|p2a: Lilligant
|-damage|p2a: Lilligant|59/100 brn
|
|-weather|SunnyDay|[upkeep]
|-heal|p1a: Sableye|72/100|[from] item: Leftovers
|-damage|p2a: Lilligant|53/100 brn|[from] brn
|upkeep
|turn|5
|
|t:|1760458445
|move|p2a: Lilligant|Solar Blade||[still]
|-prepare|p2a: Lilligant|Solar Blade
|-anim|p2a: Lilligant|Solar Blade|p1a: Sableye
|-damage|p1a: Sableye|14/100
|move|p1a: Sableye|Night Shade|p2a: Lilligant
|-damage|p2a: Lilligant|17/100 brn
|
|-weather|SunnyDay|[upkeep]
|-heal|p1a: Sableye|20/100|[from] item: Leftovers
|-damage|p2a: Lilligant|11/100 brn|[from] brn
|upkeep
|turn|6
|
|t:|1760458453
|move|p1a: Sableye|Recover|p1a: Sableye
|-heal|p1a: Sableye|70/100
|move|p2a: Lilligant|Solar Blade||[still]
|-prepare|p2a: Lilligant|Solar Blade
|-anim|p2a: Lilligant|Solar Blade|p1a: Sableye
|-damage|p1a: Sableye|10/100
|
|-weather|SunnyDay|[upkeep]
|-heal|p1a: Sableye|16/100|[from] item: Leftovers
|-damage|p2a: Lilligant|5/100 brn|[from] brn
|upkeep
|turn|7
|
|t:|1760458459
|move|p1a: Sableye|Recover|p1a: Sableye
|-heal|p1a: Sableye|66/100
|move|p2a: Lilligant|Solar Blade||[still]
|-prepare|p2a: Lilligant|Solar Blade
|-anim|p2a: Lilligant|Solar Blade|p1a: Sableye
|-damage|p1a: Sableye|11/100
|
|-weather|SunnyDay|[upkeep]
|-heal|p1a: Sableye|17/100|[from] item: Leftovers
|-damage|p2a: Lilligant|0 fnt|[from] brn
|faint|p2a: Lilligant
|upkeep
|
|t:|1760458465
|switch|p2a: Typhlosion|Typhlosion-Hisui, F|100/100
|turn|8
|
|t:|1760458479
|switch|p1a: Muk|Muk-Alola, F|100/100
|move|p2a: Typhlosion|Eruption|p1a: Muk
|-damage|p1a: Muk|57/100
|
|-weather|none
|upkeep
|turn|9
|
|t:|1760458485
|switch|p2a: Torkoal|Torkoal, M|100/100
|-weather|SunnyDay|[from] ability: Drought|[of] p2a: Torkoal
|move|p1a: Muk|Crunch|p2a: Torkoal
|-damage|p2a: Torkoal|79/100
|-unboost|p2a: Torkoal|def|1
|
|-weather|SunnyDay|[upkeep]
|upkeep
|turn|10
|
|t:|1760458490
|switch|p1a: Pure Dark|Samurott-Hisui, F|100/100
|move|p2a: Torkoal|Stealth Rock|p1a: Pure Dark
|-sidestart|p1: icefox|move: Stealth Rock
|
|-weather|SunnyDay|[upkeep]
|upkeep
|turn|11
|
|t:|1760458494
|move|p1a: Pure Dark|Ceaseless Edge|p2a: Torkoal
|-damage|p2a: Torkoal|26/100
|-sidestart|p2: schLIM2|Spikes
|move|p2a: Torkoal|Will-O-Wisp|p1a: Pure Dark
|-status|p1a: Pure Dark|brn
|
|-weather|SunnyDay|[upkeep]
|-damage|p1a: Pure Dark|94/100 brn|[from] brn
|upkeep
|turn|12
|
|t:|1760458501
|switch|p2a: Walking Wake|Walking Wake|100/100
|-damage|p2a: Walking Wake|88/100|[from] Spikes
|-activate|p2a: Walking Wake|ability: Protosynthesis
|-start|p2a: Walking Wake|protosynthesisspa
|move|p1a: Pure Dark|Ceaseless Edge|p2a: Walking Wake
|-damage|p2a: Walking Wake|62/100
|-sidestart|p2: schLIM2|Spikes
|
|-weather|SunnyDay|[upkeep]
|-damage|p1a: Pure Dark|88/100 brn|[from] brn
|upkeep
|turn|13
|
|t:|1760458512
|move|p1a: Pure Dark|Sucker Punch|p2a: Walking Wake
|-damage|p2a: Walking Wake|42/100
|move|p2a: Walking Wake|Hydro Steam|p1a: Pure Dark
|-resisted|p1a: Pure Dark
|-damage|p1a: Pure Dark|29/100 brn
|
|-weather|SunnyDay|[upkeep]
|-damage|p1a: Pure Dark|23/100 brn|[from] brn
|upkeep
|turn|14
|
|t:|1760458520
|move|p1a: Pure Dark|Sucker Punch|p2a: Walking Wake
|-damage|p2a: Walking Wake|23/100
|move|p2a: Walking Wake|Hydro Steam|p1a: Pure Dark
|-resisted|p1a: Pure Dark
|-damage|p1a: Pure Dark|0 fnt
|faint|p1a: Pure Dark
|
|-weather|SunnyDay|[upkeep]
|upkeep
|
|t:|1760458524
|switch|p1a: Meowscarada|Meowscarada, M|100/100
|-damage|p1a: Meowscarada|88/100|[from] Stealth Rock
|turn|15
|
|t:|1760458530
|move|p2a: Walking Wake|Hydro Steam|p1a: Meowscarada
|-resisted|p1a: Meowscarada
|-damage|p1a: Meowscarada|25/100
|move|p1a: Meowscarada|U-turn|p2a: Walking Wake
|-start|p1a: Meowscarada|typechange|Bug|[from] ability: Protean
|-damage|p2a: Walking Wake|0 fnt
|faint|p2a: Walking Wake
|-end|p2a: Walking Wake|Protosynthesis|[silent]
|
|t:|1760458542
|switch|p1a: Sableye|Sableye, M|17/100|[from] U-turn
|-damage|p1a: Sableye|4/100|[from] Stealth Rock
|
|-weather|SunnyDay|[upkeep]
|-heal|p1a: Sableye|11/100|[from] item: Leftovers
|upkeep
|
|t:|1760458548
|switch|p2a: Typhlosion|Typhlosion-Hisui, F|100/100
|-damage|p2a: Typhlosion|84/100|[from] Spikes
|turn|16
|
|t:|1760458558
|move|p1a: Sableye|Thunder Wave|p2a: Typhlosion
|-status|p2a: Typhlosion|par
|move|p2a: Typhlosion|Eruption|p1a: Sableye
|-crit|p1a: Sableye
|-damage|p1a: Sableye|0 fnt
|faint|p1a: Sableye
|
|-weather|none
|upkeep
|
|t:|1760458563
|switch|p1a: Hydreigon|Hydreigon, M|100/100
|-damage|p1a: Hydreigon|88/100|[from] Stealth Rock
|turn|17
|
|t:|1760458567
|move|p1a: Hydreigon|Dark Pulse|p2a: Typhlosion
|-supereffective|p2a: Typhlosion
|-damage|p2a: Typhlosion|0 fnt
|faint|p2a: Typhlosion
|
|upkeep
|
|t:|1760458570
|switch|p2a: Latias|Latias, F|100/100
|turn|18
|
|t:|1760458580
|switch|p1a: Bisharp|Bisharp, M, shiny|100/100
|-damage|p1a: Bisharp|94/100|[from] Stealth Rock
|-terastallize|p2a: Latias|Fairy
|move|p2a: Latias|Agility|p2a: Latias
|-boost|p2a: Latias|spe|2
|
|upkeep
|turn|19
|
|t:|1760458588
|move|p2a: Latias|Calm Mind|p2a: Latias
|-boost|p2a: Latias|spa|1
|-boost|p2a: Latias|spd|1
|move|p1a: Bisharp|Iron Head|p2a: Latias
|-supereffective|p2a: Latias
|-damage|p2a: Latias|3/100
|-enditem|p2a: Latias|Weakness Policy
|-boost|p2a: Latias|atk|2|[from] item: Weakness Policy
|-boost|p2a: Latias|spa|2|[from] item: Weakness Policy
|
|upkeep
|turn|20
|
|t:|1760458596
|-terastallize|p1a: Bisharp|Flying
|move|p2a: Latias|Draining Kiss|p1a: Bisharp
|-damage|p1a: Bisharp|19/100
|-heal|p2a: Latias|64/100|[from] drain|[of] p1a: Bisharp
|move|p1a: Bisharp|Iron Head|p2a: Latias
|-supereffective|p2a: Latias
|-damage|p2a: Latias|0 fnt
|faint|p2a: Latias
|
|upkeep
|-message|schLIM2 forfeited.
|
|win|icefox
|raw|icefox's rating: 1465 &rarr; <strong>1483</strong><br />(+18 for winning)
|raw|schLIM2's rating: 1428 &rarr; <strong>1410</strong><br />(-18 for losing)
|l|☆schLIM2
|player|p2|
|l|☆icefox
|player|p1|
