|j|☆Donterules3
|j|☆JJK IS TRASH
|t:|1760304558
|gametype|singles
|player|p1|Donterules3|policeman-gen4|1171
|player|p2|JJK IS TRASH|102|1179
|gen|9
|tier|[Gen 9] OU
|rated|
|rule|HP Percentage Mod: HP is shown in percentages
|rule|Endless Battle Clause: Forcing endless battles is banned
|rule|Species Clause: Limit one of each Pokémon
|rule|OHKO Clause: OHKO moves are banned
|rule|Evasion Items Clause: Evasion items are banned
|rule|Evasion Moves Clause: Evasion moves are banned
|rule|Evasion Abilities Clause: Evasion abilities are banned
|rule|Sleep Moves Clause: Sleep-inducing moves are banned
|clearpoke
|poke|p1|Porygon-Z|
|poke|p1|Garganacl, F|
|poke|p1|Kommo-o, F|
|poke|p1|Hydrapple, F|
|poke|p1|Slither Wing|
|poke|p1|Dragonite, F|
|poke|p2|Blissey, F|
|poke|p2|Klawf, F|
|poke|p2|Corviknight, F|
|poke|p2|Toxapex, F|
|poke|p2|Dondozo, F|
|poke|p2|Gliscor, F|
|teampreview
|inactive|Battle timer is ON: inactive players will automatically lose when time's up. (requested by Donterules3)
|
|t:|1760304631
|teamsize|p1|6
|teamsize|p2|6
|start
|switch|p1a: Garganacl|Garganacl, F|100/100
|switch|p2a: Klawf|Klawf, F|100/100
|turn|1
|
|t:|1760304640
|move|p2a: Klawf|Stealth Rock|p1a: Garganacl
|-sidestart|p1: Donterules3|move: Stealth Rock
|move|p1a: Garganacl|Stealth Rock|p2a: Klawf
|-sidestart|p2: JJK IS TRASH|move: Stealth Rock
|
|upkeep
|turn|2
|
|t:|1760304660
|move|p2a: Klawf|Knock Off|p1a: Garganacl
|-damage|p1a: Garganacl|85/100
|-damage|p2a: Klawf|84/100|[from] item: Rocky Helmet|[of] p1a: Garganacl
|-enditem|p1a: Garganacl|Rocky Helmet|[from] move: Knock Off|[of] p2a: Klawf
|move|p1a: Garganacl|Iron Defense|p1a: Garganacl
|-boost|p1a: Garganacl|def|2
|
|upkeep
|turn|3
|inactive|JJK IS TRASH has 120 seconds left.
|
|t:|1760304686
|switch|p2a: Dondozo|Dondozo, F|100/100
|move|p1a: Garganacl|Body Press|p2a: Dondozo
|-damage|p2a: Dondozo|88/100
|
|upkeep
|turn|4
|
|t:|1760304694
|move|p2a: Dondozo|Body Press|p1a: Garganacl
|-supereffective|p1a: Garganacl
|-damage|p1a: Garganacl|51/100
|move|p1a: Garganacl|Salt Cure|p2a: Dondozo
|-damage|p2a: Dondozo|81/100
|-start|p2a: Dondozo|Salt Cure
|
|-damage|p2a: Dondozo|56/100|[from] Salt Cure
|upkeep
|turn|5
|inactive|JJK IS TRASH has 120 seconds left.
|
|t:|1760304726
|move|p2a: Dondozo|Rest|p2a: Dondozo
|-status|p2a: Dondozo|slp|[from] move: Rest
|-heal|p2a: Dondozo|100/100 slp|[silent]
|move|p1a: Garganacl|Body Press|p2a: Dondozo
|-damage|p2a: Dondozo|89/100 slp
|
|-damage|p2a: Dondozo|64/100 slp|[from] Salt Cure
|upkeep
|turn|6
|
|t:|1760304743
|switch|p1a: Dragonite|Dragonite, F|100/100
|-damage|p1a: Dragonite|76/100|[from] Stealth Rock
|-terastallize|p2a: Dondozo|Fighting
|cant|p2a: Dondozo|slp
|move|p2a: Dondozo|Sleep Talk|p2a: Dondozo
|move|p2a: Dondozo|Avalanche|p1a: Dragonite|[from] move: Sleep Talk
|-supereffective|p1a: Dragonite
|-damage|p1a: Dragonite|19/100
|
|-damage|p2a: Dondozo|52/100 slp|[from] Salt Cure
|upkeep
|turn|7
|
|t:|1760304769
|switch|p2a: Corviknight|Corviknight, F|100/100
|-damage|p2a: Corviknight|88/100|[from] Stealth Rock
|-ability|p2a: Corviknight|Pressure
|move|p1a: Dragonite|Dragon Claw|p2a: Corviknight
|-resisted|p2a: Corviknight
|-damage|p2a: Corviknight|69/100
|-damage|p1a: Dragonite|2/100|[from] item: Rocky Helmet|[of] p2a: Corviknight
|-damage|p1a: Dragonite|0 fnt|[from] item: Life Orb
|faint|p1a: Dragonite
|
|upkeep
|inactive|Donterules3 has 120 seconds left.
|
|t:|1760304786
|switch|p1a: Slither Wing|Slither Wing|100/100
|-damage|p1a: Slither Wing|88/100|[from] Stealth Rock
|-enditem|p1a: Slither Wing|Booster Energy
|-activate|p1a: Slither Wing|ability: Protosynthesis|[fromitem]
|-start|p1a: Slither Wing|protosynthesisatk
|turn|8
|inactive|JJK IS TRASH has 90 seconds left.
|inactive|JJK IS TRASH has 60 seconds left.
|
|t:|1760304856
|switch|p2a: Toxapex|Toxapex, F|100/100
|-terastallize|p1a: Slither Wing|Dark
|move|p1a: Slither Wing|Flame Charge|p2a: Toxapex
|-resisted|p2a: Toxapex
|-damage|p2a: Toxapex|94/100
|-boost|p1a: Slither Wing|spe|1
|
|upkeep
|turn|9
|
|t:|1760304869
|move|p1a: Slither Wing|High Horsepower|p2a: Toxapex
|-supereffective|p2a: Toxapex
|-damage|p2a: Toxapex|44/100
|move|p2a: Toxapex|Toxic|p1a: Slither Wing
|-status|p1a: Slither Wing|tox
|
|-damage|p1a: Slither Wing|82/100 tox|[from] psn
|upkeep
|turn|10
|inactive|JJK IS TRASH has 30 seconds left.
|inactive|JJK IS TRASH has 20 seconds left.
|inactive|JJK IS TRASH has 15 seconds left.
|inactive|JJK IS TRASH has 10 seconds left.
|
|t:|1760304922
|switch|p2a: Gliscor|Gliscor, F, shiny|100/100
|-damage|p2a: Gliscor|88/100|[from] Stealth Rock
|move|p1a: Slither Wing|High Horsepower|p2a: Gliscor
|-immune|p2a: Gliscor
|
|-damage|p1a: Slither Wing|70/100 tox|[from] psn
|-status|p2a: Gliscor|tox|[from] item: Toxic Orb
|upkeep
|turn|11
|inactive|JJK IS TRASH has 20 seconds left this turn.
|inactive|JJK IS TRASH has 15 seconds left.
|inactive|JJK IS TRASH has 10 seconds left.
|inactive|Donterules3 has 120 seconds left.
|
|t:|1760304941
|-end|p1a: Slither Wing|Protosynthesis|[silent]
|switch|p1a: Hydrapple|Hydrapple, F|100/100
|-damage|p1a: Hydrapple|88/100|[from] Stealth Rock
|move|p2a: Gliscor|Protect||[still]
|-fail|p2a: Gliscor
|
|-heal|p2a: Gliscor|100/100 tox|[from] ability: Poison Heal
|upkeep
|turn|12
|inactive|JJK IS TRASH has 20 seconds left this turn.
|inactive|JJK IS TRASH has 15 seconds left.
|inactive|Donterules3 has 120 seconds left.
|inactive|JJK IS TRASH has 10 seconds left.
|
|t:|1760304954
|switch|p2a: Toxapex|Toxapex, F|77/100
|move|p1a: Hydrapple|Draco Meteor|p2a: Toxapex
|-damage|p2a: Toxapex|32/100
|-unboost|p1a: Hydrapple|spa|2
|
|upkeep
|turn|13
|inactive|JJK IS TRASH has 20 seconds left this turn.
|inactive|JJK IS TRASH has 15 seconds left.
|
|t:|1760304962
|switch|p1a: Garganacl|Garganacl, F|51/100
|-damage|p1a: Garganacl|39/100|[from] Stealth Rock
|move|p2a: Toxapex|Recover|p2a: Toxapex
|-heal|p2a: Toxapex|82/100
|
|upkeep
|turn|14
|inactive|JJK IS TRASH has 25 seconds left this turn.
|inactive|JJK IS TRASH has 20 seconds left.
|
|t:|1760304971
|switch|p2a: Dondozo|Dondozo, F, tera:Fighting|52/100 slp
|move|p1a: Garganacl|Salt Cure|p2a: Dondozo
|-resisted|p2a: Dondozo
|-damage|p2a: Dondozo|49/100 slp
|-start|p2a: Dondozo|Salt Cure
|
|-damage|p2a: Dondozo|36/100 slp|[from] Salt Cure
|upkeep
|turn|15
|inactive|JJK IS TRASH has 30 seconds left this turn.
|
|t:|1760304983
|switch|p1a: Kommo-o|Kommo-o, F|100/100
|-damage|p1a: Kommo-o|94/100|[from] Stealth Rock
|cant|p2a: Dondozo|slp
|move|p2a: Dondozo|Sleep Talk|p2a: Dondozo
|move|p2a: Dondozo|Avalanche|p1a: Kommo-o|[from] move: Sleep Talk
|-supereffective|p1a: Kommo-o
|-damage|p1a: Kommo-o|68/100
|
|-damage|p2a: Dondozo|24/100 slp|[from] Salt Cure
|upkeep
|turn|16
|inactive|JJK IS TRASH has 30 seconds left.
|
|t:|1760304999
|switch|p2a: Toxapex|Toxapex, F|100/100
|move|p1a: Kommo-o|Belly Drum|p1a: Kommo-o
|-damage|p1a: Kommo-o|18/100
|-setboost|p1a: Kommo-o|atk|6|[from] move: Belly Drum
|-enditem|p1a: Kommo-o|Salac Berry|[eat]
|-boost|p1a: Kommo-o|spe|1|[from] item: Salac Berry
|
|upkeep
|turn|17
|inactive|JJK IS TRASH has 30 seconds left.
|
|t:|1760305012
|move|p1a: Kommo-o|Thunder Punch|p2a: Toxapex
|-supereffective|p2a: Toxapex
|-damage|p2a: Toxapex|0 fnt
|faint|p2a: Toxapex
|
|upkeep
|
|t:|1760305015
|switch|p2a: Dondozo|Dondozo, F, tera:Fighting|24/100 slp
|turn|18
|
|t:|1760305020
|move|p1a: Kommo-o|Drain Punch|p2a: Dondozo
|-damage|p2a: Dondozo|8/100 slp
|-heal|p1a: Kommo-o|31/100|[from] drain|[of] p2a: Dondozo
|-curestatus|p2a: Dondozo|slp|[msg]
|move|p2a: Dondozo|Rest|p2a: Dondozo
|-status|p2a: Dondozo|slp|[from] move: Rest
|-heal|p2a: Dondozo|100/100 slp|[silent]
|
|upkeep
|turn|19
|
|t:|1760305033
|move|p1a: Kommo-o|Dragon Claw|p2a: Dondozo
|-damage|p2a: Dondozo|84/100 slp
|cant|p2a: Dondozo|slp
|move|p2a: Dondozo|Sleep Talk|p2a: Dondozo
|move|p2a: Dondozo|Avalanche|p1a: Kommo-o|[from] move: Sleep Talk
|-supereffective|p1a: Kommo-o
|-damage|p1a: Kommo-o|0 fnt
|faint|p1a: Kommo-o
|
|upkeep
|
|t:|1760305053
|switch|p1a: Porygon-Z|Porygon-Z|100/100
|-damage|p1a: Porygon-Z|88/100|[from] Stealth Rock
|turn|20
|inactive|JJK IS TRASH has 60 seconds left.
|
|t:|1760305077
|switch|p2a: Blissey|Blissey, F, shiny|100/100
|move|p1a: Porygon-Z|Hyper Beam|p2a: Blissey|[miss]
|-miss|p1a: Porygon-Z|p2a: Blissey
|
|upkeep
|turn|21
|
|t:|1760305086
|move|p1a: Porygon-Z|Nasty Plot|p1a: Porygon-Z
|-boost|p1a: Porygon-Z|spa|2
|move|p2a: Blissey|Calm Mind|p2a: Blissey
|-boost|p2a: Blissey|spa|1
|-boost|p2a: Blissey|spd|1
|
|upkeep
|turn|22
|inactive|JJK IS TRASH has 60 seconds left.
|
|t:|1760305094
|move|p1a: Porygon-Z|Hyper Beam|p2a: Blissey
|-enditem|p1a: Porygon-Z|Normal Gem|[from] gem
|-damage|p2a: Blissey|41/100
|-mustrecharge|p1a: Porygon-Z
|move|p2a: Blissey|Calm Mind|p2a: Blissey
|-boost|p2a: Blissey|spa|1
|-boost|p2a: Blissey|spd|1
|
|upkeep
|turn|23
|
|t:|1760305103
|cant|p1a: Porygon-Z|recharge
|move|p2a: Blissey|Soft-Boiled|p2a: Blissey
|-heal|p2a: Blissey|91/100
|
|upkeep
|turn|24
|
|t:|1760305109
|move|p1a: Porygon-Z|Nasty Plot|p1a: Porygon-Z
|-boost|p1a: Porygon-Z|spa|2
|move|p2a: Blissey|Calm Mind|p2a: Blissey
|-boost|p2a: Blissey|spa|1
|-boost|p2a: Blissey|spd|1
|
|upkeep
|turn|25
|
|t:|1760305117
|move|p1a: Porygon-Z|Nasty Plot|p1a: Porygon-Z
|-boost|p1a: Porygon-Z|spa|2
|move|p2a: Blissey|Calm Mind|p2a: Blissey
|-boost|p2a: Blissey|spa|1
|-boost|p2a: Blissey|spd|1
|
|upkeep
|turn|26
|inactive|JJK IS TRASH has 90 seconds left.
|
|t:|1760305124
|move|p1a: Porygon-Z|Hyper Beam|p2a: Blissey|[miss]
|-miss|p1a: Porygon-Z|p2a: Blissey
|move|p2a: Blissey|Soft-Boiled|p2a: Blissey
|-heal|p2a: Blissey|100/100
|
|upkeep
|turn|27
|
|t:|1760305131
|move|p1a: Porygon-Z|Hyper Beam|p2a: Blissey|[miss]
|-miss|p1a: Porygon-Z|p2a: Blissey
|move|p2a: Blissey|Calm Mind|p2a: Blissey
|-boost|p2a: Blissey|spa|1
|-boost|p2a: Blissey|spd|1
|
|upkeep
|turn|28
|-message|Donterules3 forfeited.
|
|win|JJK IS TRASH
|raw|Donterules3's rating: 1171 &rarr; <strong>1147</strong><br />(-24 for losing)
|raw|JJK IS TRASH's rating: 1179 &rarr; <strong>1203</strong><br />(+24 for winning)
|l|☆Donterules3
|player|p1|
|c|☆JJK IS TRASH|why
|l|☆JJK IS TRASH
|player|p2|
