|j|☆raxiahsta
|j|☆cornel1233
|t:|1760383362
|gametype|singles
|player|p1|raxiahsta|rocketgruntf|1074
|player|p2|cornel1233|266|1108
|gen|9
|tier|[Gen 9] OU
|rated|
|rule|HP Percentage Mod: HP is shown in percentages
|rule|Endless Battle Clause: Forcing endless battles is banned
|rule|Species Clause: Limit one of each Pokémon
|rule|OHKO Clause: OHKO moves are banned
|rule|Evasion Items Clause: Evasion items are banned
|rule|Evasion Moves Clause: Evasion moves are banned
|rule|Evasion Abilities Clause: Evasion abilities are banned
|rule|Sleep Moves Clause: Sleep-inducing moves are banned
|clearpoke
|poke|p1|Meganium, F|
|poke|p1|Tyranitar, M|
|poke|p1|Vaporeon, M|
|poke|p1|Hitmonchan, M|
|poke|p1|Donphan, F|
|poke|p1|Ampharos, F|
|poke|p2|Torkoal, F|
|poke|p2|Lilligant-Hisui, F|
|poke|p2|Charizard, M|
|poke|p2|Zarude-Dada|
|poke|p2|Raging Bolt|
|poke|p2|Scream Tail|
|teampreview
|inactive|Battle timer is ON: inactive players will automatically lose when time's up. (requested by cornel1233)
|
|t:|1760383373
|teamsize|p1|6
|teamsize|p2|6
|start
|switch|p1a: Donphan|Donphan, F|100/100
|switch|p2a: Torkoal|Torkoal, F|100/100
|-weather|SunnyDay|[from] ability: Drought|[of] p2a: Torkoal
|turn|1
|
|t:|1760383379
|move|p1a: Donphan|Earthquake|p2a: Torkoal
|-supereffective|p2a: Torkoal
|-damage|p2a: Torkoal|34/100
|move|p2a: Torkoal|Stealth Rock|p1a: Donphan
|-sidestart|p1: raxiahsta|move: Stealth Rock
|
|-weather|SunnyDay|[upkeep]
|upkeep
|turn|2
|
|t:|1760383388
|switch|p2a: Lilligant|Lilligant-Hisui, F|100/100
|move|p1a: Donphan|Rapid Spin|p2a: Lilligant
|-damage|p2a: Lilligant|70/100
|-boost|p1a: Donphan|spe|1
|-sideend|p1: raxiahsta|Stealth Rock|[from] move: Rapid Spin|[of] p1a: Donphan
|
|-weather|SunnyDay|[upkeep]
|upkeep
|turn|3
|
|t:|1760383396
|move|p2a: Lilligant|Solar Blade||[still]
|-prepare|p2a: Lilligant|Solar Blade
|-anim|p2a: Lilligant|Solar Blade|p1a: Donphan
|-supereffective|p1a: Donphan
|-ability|p1a: Donphan|Sturdy
|-damage|p1a: Donphan|1/100
|move|p1a: Donphan|Stealth Rock|p2a: Lilligant
|-sidestart|p2: cornel1233|move: Stealth Rock
|
|-weather|SunnyDay|[upkeep]
|-heal|p1a: Donphan|7/100|[from] item: Leftovers
|upkeep
|turn|4
|
|t:|1760383405
|move|p1a: Donphan|Ice Shard|p2a: Lilligant
|-supereffective|p2a: Lilligant
|-damage|p2a: Lilligant|26/100
|move|p2a: Lilligant|Solar Blade||[still]
|-prepare|p2a: Lilligant|Solar Blade
|-anim|p2a: Lilligant|Solar Blade|p1a: Donphan
|-supereffective|p1a: Donphan
|-damage|p1a: Donphan|0 fnt
|faint|p1a: Donphan
|
|-weather|SunnyDay|[upkeep]
|upkeep
|
|t:|1760383414
|switch|p1a: Hitmonchan|Hitmonchan, M|100/100
|turn|5
|
|t:|1760383417
|move|p1a: Hitmonchan|Bullet Punch|p2a: Lilligant
|-damage|p2a: Lilligant|1/100
|move|p2a: Lilligant|Solar Blade||[still]
|-prepare|p2a: Lilligant|Solar Blade
|-anim|p2a: Lilligant|Solar Blade|p1a: Hitmonchan
|-damage|p1a: Hitmonchan|0 fnt
|faint|p1a: Hitmonchan
|
|-weather|SunnyDay|[upkeep]
|upkeep
|
|t:|1760383429
|switch|p1a: Tyranitar|Tyranitar, M|100/100
|-weather|Sandstorm|[from] ability: Sand Stream|[of] p1a: Tyranitar
|turn|6
|
|t:|1760383435
|move|p2a: Lilligant|Solar Blade||[still]
|-prepare|p2a: Lilligant|Solar Blade
|move|p1a: Tyranitar|Crunch|p2a: Lilligant
|-resisted|p2a: Lilligant
|-damage|p2a: Lilligant|0 fnt
|faint|p2a: Lilligant
|
|-weather|Sandstorm|[upkeep]
|upkeep
|
|t:|1760383440
|switch|p2a: Torkoal|Torkoal, F|34/100
|-damage|p2a: Torkoal|9/100|[from] Stealth Rock
|-weather|SunnyDay|[from] ability: Drought|[of] p2a: Torkoal
|turn|7
|
|t:|1760383446
|move|p1a: Tyranitar|Crunch|p2a: Torkoal
|-damage|p2a: Torkoal|0 fnt
|faint|p2a: Torkoal
|
|-weather|SunnyDay|[upkeep]
|upkeep
|
|t:|1760383449
|switch|p2a: Scream Tail|Scream Tail|100/100
|-damage|p2a: Scream Tail|88/100|[from] Stealth Rock
|-activate|p2a: Scream Tail|ability: Protosynthesis
|-start|p2a: Scream Tail|protosynthesisspd
|turn|8
|
|t:|1760383455
|switch|p1a: Meganium|Meganium, F|100/100
|move|p2a: Scream Tail|Trick|p1a: Meganium
|-activate|p2a: Scream Tail|move: Trick|[of] p1a: Meganium
|-item|p1a: Meganium|Choice Scarf|[from] move: Trick
|-item|p2a: Scream Tail|Light Clay|[from] move: Trick
|
|-weather|SunnyDay|[upkeep]
|upkeep
|turn|9
|
|t:|1760383465
|move|p1a: Meganium|Reflect|p1a: Meganium
|-sidestart|p1: raxiahsta|Reflect
|move|p2a: Scream Tail|Stealth Rock|p1a: Meganium
|-sidestart|p1: raxiahsta|move: Stealth Rock
|
|-weather|SunnyDay|[upkeep]
|upkeep
|turn|10
|
|t:|1760383470
|switch|p1a: Ampharos|Ampharos, F|100/100
|-damage|p1a: Ampharos|88/100|[from] Stealth Rock
|move|p2a: Scream Tail|Thunder Wave|p1a: Ampharos|[miss]
|-miss|p2a: Scream Tail|p1a: Ampharos
|
|-weather|SunnyDay|[upkeep]
|-heal|p1a: Ampharos|94/100|[from] item: Leftovers
|upkeep
|turn|11
|
|t:|1760383486
|-end|p2a: Scream Tail|Protosynthesis|[silent]
|switch|p2a: Zarude|Zarude-Dada|100/100
|-damage|p2a: Zarude|88/100|[from] Stealth Rock
|move|p1a: Ampharos|Substitute|p1a: Ampharos
|-start|p1a: Ampharos|Substitute
|-damage|p1a: Ampharos|69/100
|
|-weather|SunnyDay|[upkeep]
|-heal|p2a: Zarude|94/100|[from] item: Leftovers
|-heal|p1a: Ampharos|76/100|[from] item: Leftovers
|upkeep
|turn|12
|
|t:|1760383499
|move|p2a: Zarude|Taunt|p1a: Ampharos
|-start|p1a: Ampharos|move: Taunt
|move|p1a: Ampharos|Focus Blast|p2a: Zarude
|-supereffective|p2a: Zarude
|-damage|p2a: Zarude|18/100
|
|-weather|SunnyDay|[upkeep]
|-heal|p2a: Zarude|24/100|[from] item: Leftovers
|-heal|p1a: Ampharos|82/100|[from] item: Leftovers
|upkeep
|turn|13
|
|t:|1760383508
|move|p2a: Zarude|Trailblaze|p1a: Ampharos
|-activate|p1a: Ampharos|move: Substitute|[damage]
|-boost|p2a: Zarude|spe|1
|move|p1a: Ampharos|Discharge|p2a: Zarude
|-resisted|p2a: Zarude
|-damage|p2a: Zarude|3/100
|
|-weather|SunnyDay|[upkeep]
|-heal|p2a: Zarude|9/100|[from] item: Leftovers
|-heal|p1a: Ampharos|88/100|[from] item: Leftovers
|-sideend|p1: raxiahsta|Reflect
|upkeep
|turn|14
|
|t:|1760383521
|move|p2a: Zarude|U-turn|p1a: Ampharos
|-end|p1a: Ampharos|Substitute
|
|t:|1760383536
|switch|p2a: Raging Bolt|Raging Bolt|100/100|[from] U-turn
|-damage|p2a: Raging Bolt|88/100|[from] Stealth Rock
|-activate|p2a: Raging Bolt|ability: Protosynthesis
|-start|p2a: Raging Bolt|protosynthesisspa
|move|p1a: Ampharos|Power Gem|p2a: Raging Bolt
|-damage|p2a: Raging Bolt|65/100
|
|-weather|none
|-end|p2a: Raging Bolt|Protosynthesis
|-heal|p1a: Ampharos|94/100|[from] item: Leftovers
|-end|p1a: Ampharos|move: Taunt
|upkeep
|turn|15
|
|t:|1760383551
|switch|p1a: Meganium|Meganium, F|100/100
|-damage|p1a: Meganium|88/100|[from] Stealth Rock
|move|p2a: Raging Bolt|Draco Meteor|p1a: Meganium
|-damage|p1a: Meganium|0 fnt
|-unboost|p2a: Raging Bolt|spa|2
|faint|p1a: Meganium
|-damage|p2a: Raging Bolt|55/100|[from] item: Life Orb
|
|upkeep
|
|t:|1760383561
|switch|p1a: Tyranitar|Tyranitar, M|100/100
|-damage|p1a: Tyranitar|88/100|[from] Stealth Rock
|-weather|Sandstorm|[from] ability: Sand Stream|[of] p1a: Tyranitar
|turn|16
|
|t:|1760383566
|-end|p2a: Raging Bolt|Protosynthesis|[silent]
|switch|p2a: Zarude|Zarude-Dada|9/100
|-damage|p2a: Zarude|0 fnt|[from] Stealth Rock
|faint|p2a: Zarude
|move|p1a: Tyranitar|Dragon Dance|p1a: Tyranitar
|-boost|p1a: Tyranitar|atk|1
|-boost|p1a: Tyranitar|spe|1
|
|-weather|Sandstorm|[upkeep]
|upkeep
|
|t:|1760383575
|switch|p2a: Scream Tail|Scream Tail|88/100
|-damage|p2a: Scream Tail|76/100|[from] Stealth Rock
|turn|17
|
|t:|1760383585
|move|p1a: Tyranitar|Crunch|p2a: Scream Tail
|-damage|p2a: Scream Tail|29/100
|move|p2a: Scream Tail|Thunder Wave|p1a: Tyranitar
|-status|p1a: Tyranitar|par
|-enditem|p1a: Tyranitar|Lum Berry|[eat]
|-curestatus|p1a: Tyranitar|par|[msg]
|
|-weather|Sandstorm|[upkeep]
|-damage|p2a: Scream Tail|23/100|[from] Sandstorm
|upkeep
|turn|18
|
|t:|1760383594
|move|p1a: Tyranitar|Crunch|p2a: Scream Tail
|-damage|p2a: Scream Tail|0 fnt
|faint|p2a: Scream Tail
|-end|p2a: Scream Tail|Protosynthesis|[silent]
|
|-weather|Sandstorm|[upkeep]
|upkeep
|
|t:|1760383595
|switch|p2a: Charizard|Charizard, M|100/100
|turn|19
|
|t:|1760383601
|move|p1a: Tyranitar|Stone Edge|p2a: Charizard
|-supereffective|p2a: Charizard
|-damage|p2a: Charizard|0 fnt
|faint|p2a: Charizard
|
|-weather|Sandstorm|[upkeep]
|upkeep
|
|t:|1760383603
|switch|p2a: Raging Bolt|Raging Bolt|55/100
|-damage|p2a: Raging Bolt|43/100|[from] Stealth Rock
|turn|20
|
|t:|1760383609
|move|p1a: Tyranitar|Crunch|p2a: Raging Bolt
|-damage|p2a: Raging Bolt|0 fnt
|faint|p2a: Raging Bolt
|-end|p2a: Raging Bolt|Protosynthesis|[silent]
|
|win|raxiahsta
|raw|raxiahsta's rating: 1074 &rarr; <strong>1106</strong><br />(+32 for winning)
|raw|cornel1233's rating: 1108 &rarr; <strong>1081</strong><br />(-27 for losing)
|l|☆cornel1233
|player|p2|
|l|☆raxiahsta
|player|p1|
