|j|☆Bigdaddygriff
|j|☆Intouane
|t:|1760371438
|gametype|singles
|player|p1|Bigdaddygriff|2|1281
|player|p2|Intouane|giovanni|1295
|gen|9
|tier|[Gen 9] OU
|rated|
|rule|HP Percentage Mod: HP is shown in percentages
|rule|Endless Battle Clause: Forcing endless battles is banned
|rule|Species Clause: Limit one of each Pokémon
|rule|OHKO Clause: OHKO moves are banned
|rule|Evasion Items Clause: Evasion items are banned
|rule|Evasion Moves Clause: Evasion moves are banned
|rule|Evasion Abilities Clause: Evasion abilities are banned
|rule|Sleep Moves Clause: Sleep-inducing moves are banned
|clearpoke
|poke|p1|Garchomp, M|
|poke|p1|Alomomola, F|
|poke|p1|Gholdengo|
|poke|p1|Iron Valiant|
|poke|p1|Kyurem|
|poke|p1|Hoopa-Unbound|
|poke|p2|Cinderace, F|
|poke|p2|Serperior, F|
|poke|p2|Bisharp, F|
|poke|p2|Empoleon, F|
|poke|p2|Primeape, M|
|poke|p2|Vikavolt, F|
|teampreview
|
|t:|1760371455
|teamsize|p1|6
|teamsize|p2|6
|start
|switch|p1a: Alomomola|Alomomola, F|100/100
|switch|p2a: Vikavolt|Vikavolt, F|100/100
|turn|1
|
|t:|1760371470
|move|p1a: Alomomola|Flip Turn|p2a: Vikavolt
|-damage|p2a: Vikavolt|90/100
|
|t:|1760371473
|switch|p1a: Garchomp|Garchomp, M|100/100|[from] Flip Turn
|move|p2a: Vikavolt|Sticky Web|p1a: Garchomp
|-sidestart|p1: Bigdaddygriff|move: Sticky Web
|
|upkeep
|turn|2
|
|t:|1760371483
|switch|p2a: Serperior|Serperior, F|100/100
|move|p1a: Garchomp|Stealth Rock|p2a: Serperior
|-sidestart|p2: Intouane|move: Stealth Rock
|
|upkeep
|turn|3
|
|t:|1760371498
|move|p2a: Serperior|Leaf Storm|p1a: Garchomp
|-damage|p1a: Garchomp|60/100
|-boost|p2a: Serperior|spa|2
|move|p1a: Garchomp|Dragon Tail|p2a: Serperior
|-damage|p2a: Serperior|65/100
|drag|p2a: Vikavolt|Vikavolt, F|90/100
|
|upkeep
|turn|4
|
|t:|1760371508
|move|p1a: Garchomp|Spikes|p2a: Vikavolt
|-sidestart|p2: Intouane|Spikes
|move|p2a: Vikavolt|Bug Buzz|p1a: Garchomp
|-damage|p1a: Garchomp|22/100
|
|upkeep
|turn|5
|
|t:|1760371516
|move|p1a: Garchomp|Spikes|p2a: Vikavolt
|-sidestart|p2: Intouane|Spikes
|move|p2a: Vikavolt|Bug Buzz|p1a: Garchomp
|-damage|p1a: Garchomp|0 fnt
|faint|p1a: Garchomp
|
|upkeep
|
|t:|1760371536
|switch|p1a: Gholdengo|Gholdengo|100/100
|-item|p1a: Gholdengo|Air Balloon
|turn|6
|
|t:|1760371543
|move|p1a: Gholdengo|Nasty Plot|p1a: Gholdengo
|-boost|p1a: Gholdengo|spa|2
|move|p2a: Vikavolt|Volt Switch|p1a: Gholdengo
|-damage|p1a: Gholdengo|68/100
|-enditem|p1a: Gholdengo|Air Balloon
|
|t:|1760371551
|switch|p2a: Cinderace|Cinderace, F|100/100|[from] Volt Switch
|
|upkeep
|turn|7
|
|t:|1760371573
|-terastallize|p1a: Gholdengo|Ghost
|move|p2a: Cinderace|Pyro Ball|p1a: Gholdengo
|-damage|p1a: Gholdengo|35/100
|move|p1a: Gholdengo|Recover|p1a: Gholdengo
|-heal|p1a: Gholdengo|85/100
|
|upkeep
|turn|8
|
|t:|1760371581
|move|p2a: Cinderace|Court Change|p2a: Cinderace
|-start|p2a: Cinderace|typechange|Normal|[from] ability: Libero
|-swapsideconditions
|-activate|p2a: Cinderace|move: Court Change
|move|p1a: Gholdengo|Thunder Wave|p2a: Cinderace
|-status|p2a: Cinderace|par
|
|upkeep
|turn|9
|
|t:|1760371613
|switch|p1a: Alomomola|Alomomola, F|100/100
|cant|p2a: Cinderace|par
|
|upkeep
|turn|10
|
|t:|1760371624
|switch|p2a: Serperior|Serperior, F|65/100
|-activate|p2a: Serperior|move: Sticky Web
|-boost|p2a: Serperior|spe|1
|move|p1a: Alomomola|Flip Turn|p2a: Serperior
|-resisted|p2a: Serperior
|-damage|p2a: Serperior|56/100
|
|t:|1760371641
|switch|p1a: Hoopa|Hoopa-Unbound|100/100|[from] Flip Turn
|-damage|p1a: Hoopa|88/100|[from] Stealth Rock
|-damage|p1a: Hoopa|72/100|[from] Spikes
|
|-heal|p2a: Serperior|62/100|[from] item: Leftovers
|upkeep
|turn|11
|
|t:|1760371652
|move|p2a: Serperior|Leaf Storm|p1a: Hoopa
|-damage|p1a: Hoopa|49/100
|-boost|p2a: Serperior|spa|2
|move|p1a: Hoopa|Knock Off|p2a: Serperior
|-damage|p2a: Serperior|0 fnt
|-enditem|p2a: Serperior|Leftovers|[from] move: Knock Off|[of] p1a: Hoopa
|faint|p2a: Serperior
|
|upkeep
|
|t:|1760371665
|switch|p2a: Empoleon|Empoleon, F|100/100
|-activate|p2a: Empoleon|move: Sticky Web
|-unboost|p2a: Empoleon|spe|1
|-ability|p2a: Empoleon|Competitive|boost
|-boost|p2a: Empoleon|spa|2
|turn|12
|
|t:|1760371675
|move|p1a: Hoopa|Drain Punch|p2a: Empoleon
|-supereffective|p2a: Empoleon
|-damage|p2a: Empoleon|35/100
|-heal|p1a: Hoopa|82/100|[from] drain|[of] p2a: Empoleon
|move|p2a: Empoleon|Surf|p1a: Hoopa
|-damage|p1a: Hoopa|46/100
|
|-heal|p2a: Empoleon|41/100|[from] item: Leftovers
|upkeep
|turn|13
|
|t:|1760371686
|-terastallize|p2a: Empoleon|Fairy
|move|p1a: Hoopa|Knock Off|p2a: Empoleon
|-resisted|p2a: Empoleon
|-damage|p2a: Empoleon|10/100
|-enditem|p2a: Empoleon|Leftovers|[from] move: Knock Off|[of] p1a: Hoopa
|move|p2a: Empoleon|Roost|p2a: Empoleon
|-heal|p2a: Empoleon|60/100
|
|upkeep
|turn|14
|
|t:|1760371698
|move|p1a: Hoopa|Psychic Noise|p2a: Empoleon
|-damage|p2a: Empoleon|35/100
|-start|p2a: Empoleon|move: Heal Block
|cant|p2a: Empoleon|move: Heal Block|Roost
|
|upkeep
|turn|15
|
|t:|1760371712
|move|p1a: Hoopa|Ice Punch|p2a: Empoleon
|-damage|p2a: Empoleon|0 fnt
|faint|p2a: Empoleon
|
|upkeep
|
|t:|1760371725
|switch|p2a: Bisharp|Bisharp, F|100/100
|-activate|p2a: Bisharp|move: Sticky Web
|-unboost|p2a: Bisharp|spe|1
|-ability|p2a: Bisharp|Defiant|boost
|-boost|p2a: Bisharp|atk|2
|turn|16
|
|t:|1760371738
|switch|p1a: Alomomola|Alomomola, F|100/100
|move|p2a: Bisharp|Sucker Punch||[still]
|-fail|p2a: Bisharp
|
|upkeep
|turn|17
|c|☆Bigdaddygriff|You got a cool team
|
|t:|1760371754
|move|p1a: Alomomola|Wish|p1a: Alomomola
|move|p2a: Bisharp|Throat Chop|p1a: Alomomola
|-damage|p1a: Alomomola|57/100
|-start|p1a: Alomomola|Throat Chop|[silent]
|
|upkeep
|turn|18
|
|t:|1760371763
|move|p1a: Alomomola|Scald|p2a: Bisharp
|-damage|p2a: Bisharp|85/100
|move|p2a: Bisharp|Throat Chop|p1a: Alomomola
|-crit|p1a: Alomomola
|-damage|p1a: Alomomola|0 fnt
|faint|p1a: Alomomola
|
|upkeep
|
|t:|1760371782
|switch|p1a: Iron Valiant|Iron Valiant|100/100
|-damage|p1a: Iron Valiant|94/100|[from] Stealth Rock
|-damage|p1a: Iron Valiant|78/100|[from] Spikes
|-enditem|p1a: Iron Valiant|Booster Energy
|-activate|p1a: Iron Valiant|ability: Quark Drive|[fromitem]
|-start|p1a: Iron Valiant|quarkdrivespe
|turn|19
|
|t:|1760371790
|switch|p2a: Vikavolt|Vikavolt, F|90/100
|move|p1a: Iron Valiant|Close Combat|p2a: Vikavolt
|-resisted|p2a: Vikavolt
|-crit|p2a: Vikavolt
|-damage|p2a: Vikavolt|54/100
|-unboost|p1a: Iron Valiant|def|1
|-unboost|p1a: Iron Valiant|spd|1
|
|upkeep
|turn|20
|
|t:|1760371811
|move|p1a: Iron Valiant|Moonblast|p2a: Vikavolt
|-damage|p2a: Vikavolt|7/100
|move|p2a: Vikavolt|Thunderbolt|p1a: Iron Valiant
|-damage|p1a: Iron Valiant|0 fnt
|faint|p1a: Iron Valiant
|-end|p1a: Iron Valiant|Quark Drive|[silent]
|
|upkeep
|
|t:|1760371834
|switch|p1a: Kyurem|Kyurem|100/100
|-damage|p1a: Kyurem|76/100|[from] Stealth Rock
|-damage|p1a: Kyurem|59/100|[from] Spikes
|-ability|p1a: Kyurem|Pressure
|turn|21
|
|t:|1760371844
|move|p1a: Kyurem|Freeze-Dry|p2a: Vikavolt
|-damage|p2a: Vikavolt|0 fnt
|faint|p2a: Vikavolt
|
|upkeep
|
|t:|1760371850
|switch|p2a: Primeape|Primeape, M|100/100
|-activate|p2a: Primeape|move: Sticky Web
|-unboost|p2a: Primeape|spe|1
|-ability|p2a: Primeape|Defiant|boost
|-boost|p2a: Primeape|atk|2
|turn|22
|
|t:|1760371858
|switch|p1a: Gholdengo|Gholdengo, tera:Ghost|85/100
|-damage|p1a: Gholdengo|73/100|[from] Stealth Rock
|-damage|p1a: Gholdengo|56/100|[from] Spikes
|move|p2a: Primeape|Drain Punch|p1a: Gholdengo
|-immune|p1a: Gholdengo
|
|upkeep
|turn|23
|
|t:|1760371870
|move|p1a: Gholdengo|Hex|p2a: Primeape
|-damage|p2a: Primeape|63/100
|move|p2a: Primeape|Rage Fist|p1a: Gholdengo
|-supereffective|p1a: Gholdengo
|-damage|p1a: Gholdengo|0 fnt
|faint|p1a: Gholdengo
|
|upkeep
|
|t:|1760371883
|switch|p1a: Hoopa|Hoopa-Unbound|46/100
|-damage|p1a: Hoopa|33/100|[from] Stealth Rock
|-damage|p1a: Hoopa|17/100|[from] Spikes
|turn|24
|
|t:|1760371891
|switch|p2a: Cinderace|Cinderace, F|100/100 par
|move|p1a: Hoopa|Psychic Noise|p2a: Cinderace
|-damage|p2a: Cinderace|53/100 par
|-start|p2a: Cinderace|move: Heal Block
|
|upkeep
|turn|25
|
|t:|1760371908
|move|p1a: Hoopa|Knock Off|p2a: Cinderace
|-damage|p2a: Cinderace|0 fnt
|-enditem|p2a: Cinderace|Heavy-Duty Boots|[from] move: Knock Off|[of] p1a: Hoopa
|faint|p2a: Cinderace
|
|upkeep
|
|t:|1760371914
|switch|p2a: Bisharp|Bisharp, F|85/100
|-activate|p2a: Bisharp|move: Sticky Web
|-unboost|p2a: Bisharp|spe|1
|-ability|p2a: Bisharp|Defiant|boost
|-boost|p2a: Bisharp|atk|2
|turn|26
|
|t:|1760371920
|move|p2a: Bisharp|Sucker Punch|p1a: Hoopa
|-damage|p1a: Hoopa|0 fnt
|faint|p1a: Hoopa
|
|upkeep
|
|t:|1760371922
|switch|p1a: Kyurem|Kyurem|59/100
|-damage|p1a: Kyurem|34/100|[from] Stealth Rock
|-damage|p1a: Kyurem|18/100|[from] Spikes
|-ability|p1a: Kyurem|Pressure
|turn|27
|c|☆Bigdaddygriff|Gg
|
|t:|1760371931
|move|p2a: Bisharp|Sucker Punch|p1a: Kyurem
|-damage|p1a: Kyurem|0 fnt
|faint|p1a: Kyurem
|
|win|Intouane
|raw|Bigdaddygriff's rating: 1281 &rarr; <strong>1257</strong><br />(-24 for losing)
|raw|Intouane's rating: 1295 &rarr; <strong>1319</strong><br />(+24 for winning)
|l|☆Intouane
|player|p2|
|l|☆Bigdaddygriff
|player|p1|
