|j|☆DontMissMantine
|j|☆eros maniac
|t:|1760448401
|gametype|singles
|player|p1|DontMissMantine|lucas|1703
|player|p2|eros maniac|hilbert-wonderlauncher|1776
|gen|9
|tier|[Gen 9] OU
|rated|
|rule|HP Percentage Mod: HP is shown in percentages
|rule|Endless Battle Clause: Forcing endless battles is banned
|rule|Species Clause: Limit one of each Pokémon
|rule|OHKO Clause: OHKO moves are banned
|rule|Evasion Items Clause: Evasion items are banned
|rule|Evasion Moves Clause: Evasion moves are banned
|rule|Evasion Abilities Clause: Evasion abilities are banned
|rule|Sleep Moves Clause: Sleep-inducing moves are banned
|clearpoke
|poke|p1|Pelipper, F|
|poke|p1|Beartic, F|
|poke|p1|Barraskewda, M|
|poke|p1|Ogerpon-Wellspring, F|
|poke|p1|Zapdos|
|poke|p1|Hatterene, F|
|poke|p2|Frosmoth, F|
|poke|p2|Maushold-Four|
|poke|p2|Krookodile, M|
|poke|p2|Sinistcha|
|poke|p2|Alomomola, M|
|poke|p2|Weezing-Galar, F|
|teampreview
|inactive|Battle timer is ON: inactive players will automatically lose when time's up. (requested by eros maniac)
|
|t:|1760448409
|teamsize|p1|6
|teamsize|p2|6
|start
|switch|p1a: Pelipper|Pelipper, F|100/100
|switch|p2a: Frosmoth|Frosmoth, F, shiny|100/100
|-weather|RainDance|[from] ability: Drizzle|[of] p1a: Pelipper
|turn|1
|
|t:|1760448416
|switch|p1a: Zapdos|Zapdos|100/100
|-terastallize|p2a: Frosmoth|Electric
|move|p2a: Frosmoth|Tera Blast|p1a: Zapdos|[anim] Tera Blast Electric
|-damage|p1a: Zapdos|76/100
|
|-weather|RainDance|[upkeep]
|upkeep
|turn|2
|
|t:|1760448428
|move|p1a: Zapdos|Volt Switch|p2a: Frosmoth
|-resisted|p2a: Frosmoth
|-damage|p2a: Frosmoth|94/100
|
|t:|1760448431
|switch|p1a: Hatterene|Hatterene, F|100/100|[from] Volt Switch
|move|p2a: Frosmoth|Substitute|p2a: Frosmoth
|-start|p2a: Frosmoth|Substitute
|-damage|p2a: Frosmoth|69/100
|
|-weather|RainDance|[upkeep]
|-heal|p2a: Frosmoth|75/100|[from] item: Leftovers
|upkeep
|turn|3
|
|t:|1760448440
|move|p2a: Frosmoth|Quiver Dance|p2a: Frosmoth
|-boost|p2a: Frosmoth|spa|1
|-boost|p2a: Frosmoth|spd|1
|-boost|p2a: Frosmoth|spe|1
|move|p1a: Hatterene|Dazzling Gleam|p2a: Frosmoth
|-activate|p2a: Frosmoth|move: Substitute|[damage]
|
|-weather|RainDance|[upkeep]
|-heal|p2a: Frosmoth|81/100|[from] item: Leftovers
|upkeep
|turn|4
|
|t:|1760448455
|switch|p1a: Beartic|Beartic, F|100/100
|move|p2a: Frosmoth|Quiver Dance|p2a: Frosmoth
|-boost|p2a: Frosmoth|spa|1
|-boost|p2a: Frosmoth|spd|1
|-boost|p2a: Frosmoth|spe|1
|
|-weather|RainDance|[upkeep]
|-heal|p2a: Frosmoth|87/100|[from] item: Leftovers
|upkeep
|turn|5
|
|t:|1760448465
|-terastallize|p1a: Beartic|Electric
|move|p1a: Beartic|Icicle Spear|p2a: Frosmoth
|-end|p2a: Frosmoth|Substitute
|-damage|p2a: Frosmoth|65/100
|-damage|p2a: Frosmoth|43/100
|-damage|p2a: Frosmoth|23/100
|-hitcount|p2a: Frosmoth|4
|move|p2a: Frosmoth|Tera Blast|p1a: Beartic|[anim] Tera Blast Electric
|-resisted|p1a: Beartic
|-damage|p1a: Beartic|59/100
|
|-weather|RainDance|[upkeep]
|-heal|p2a: Frosmoth|29/100|[from] item: Leftovers
|upkeep
|turn|6
|
|t:|1760448479
|switch|p2a: Alomomola|Alomomola, M, shiny|100/100
|move|p1a: Beartic|Icicle Spear|p2a: Alomomola
|-resisted|p2a: Alomomola
|-damage|p2a: Alomomola|96/100
|-resisted|p2a: Alomomola
|-damage|p2a: Alomomola|92/100
|-resisted|p2a: Alomomola
|-damage|p2a: Alomomola|87/100
|-resisted|p2a: Alomomola
|-damage|p2a: Alomomola|83/100
|-resisted|p2a: Alomomola
|-damage|p2a: Alomomola|78/100
|-hitcount|p2a: Alomomola|5
|
|-weather|RainDance|[upkeep]
|upkeep
|turn|7
|
|t:|1760448493
|switch|p2a: Weezing|Weezing-Galar, F|100/100
|-ability|p2a: Weezing|Neutralizing Gas
|move|p1a: Beartic|Tera Blast|p2a: Weezing|[anim] Tera Blast Electric
|-crit|p2a: Weezing
|-damage|p2a: Weezing|53/100
|
|-weather|RainDance|[upkeep]
|upkeep
|turn|8
|
|t:|1760448503
|move|p1a: Beartic|Earthquake|p2a: Weezing
|-supereffective|p2a: Weezing
|-enditem|p2a: Weezing|Shuca Berry|[eat]
|-enditem|p2a: Weezing|Shuca Berry|[weaken]
|-damage|p2a: Weezing|28/100
|move|p2a: Weezing|Toxic|p1a: Beartic
|-status|p1a: Beartic|tox
|
|-weather|none
|-damage|p1a: Beartic|53/100 tox|[from] psn
|upkeep
|turn|9
|
|t:|1760448520
|-end|p2a: Weezing|ability: Neutralizing Gas
|switch|p2a: Krookodile|Krookodile, M|100/100
|-ability|p2a: Krookodile|Intimidate|boost
|-unboost|p1a: Beartic|atk|1
|move|p1a: Beartic|Icicle Spear|p2a: Krookodile
|-supereffective|p2a: Krookodile
|-damage|p2a: Krookodile|79/100
|-supereffective|p2a: Krookodile
|-damage|p2a: Krookodile|60/100
|-supereffective|p2a: Krookodile
|-damage|p2a: Krookodile|42/100
|-supereffective|p2a: Krookodile
|-damage|p2a: Krookodile|22/100
|-hitcount|p2a: Krookodile|4
|
|-damage|p1a: Beartic|41/100 tox|[from] psn
|upkeep
|turn|10
|
|t:|1760448538
|switch|p1a: Pelipper|Pelipper, F|100/100
|-weather|RainDance|[from] ability: Drizzle|[of] p1a: Pelipper
|move|p2a: Krookodile|Knock Off|p1a: Pelipper
|-damage|p1a: Pelipper|37/100
|-enditem|p1a: Pelipper|Damp Rock|[from] move: Knock Off|[of] p2a: Krookodile
|
|-weather|RainDance|[upkeep]
|upkeep
|turn|11
|
|t:|1760448557
|switch|p1a: Ogerpon|Ogerpon-Wellspring, F|100/100
|move|p2a: Krookodile|Knock Off|p1a: Ogerpon
|-damage|p1a: Ogerpon|33/100
|
|-weather|RainDance|[upkeep]
|upkeep
|turn|12
|
|t:|1760448567
|switch|p2a: Weezing|Weezing-Galar, F|28/100
|-ability|p2a: Weezing|Neutralizing Gas
|move|p1a: Ogerpon|Ivy Cudgel|p2a: Weezing|[anim] Ivy Cudgel Water
|-damage|p2a: Weezing|0 fnt
|faint|p2a: Weezing
|-end|p2a: Weezing|ability: Neutralizing Gas
|
|-weather|RainDance|[upkeep]
|upkeep
|
|t:|1760448573
|switch|p2a: Maushold|Maushold-Four|100/100
|turn|13
|
|t:|1760448581
|move|p2a: Maushold|Population Bomb|p1a: Ogerpon
|-damage|p1a: Ogerpon|19/100
|-damage|p1a: Ogerpon|4/100
|-damage|p1a: Ogerpon|0 fnt
|faint|p1a: Ogerpon
|-hitcount|p1: Ogerpon|3
|
|-weather|RainDance|[upkeep]
|upkeep
|
|t:|1760448590
|switch|p1a: Barraskewda|Barraskewda, M|100/100
|turn|14
|
|t:|1760448594
|switch|p2a: Alomomola|Alomomola, M, shiny|100/100
|move|p1a: Barraskewda|Flip Turn|p2a: Alomomola
|-resisted|p2a: Alomomola
|-damage|p2a: Alomomola|80/100
|-damage|p1a: Barraskewda|84/100|[from] item: Rocky Helmet|[of] p2a: Alomomola
|
|t:|1760448601
|switch|p1a: Zapdos|Zapdos|76/100|[from] Flip Turn
|
|-weather|RainDance|[upkeep]
|upkeep
|turn|15
|
|t:|1760448609
|switch|p2a: Krookodile|Krookodile, M|22/100
|-ability|p2a: Krookodile|Intimidate|boost
|-unboost|p1a: Zapdos|atk|1
|move|p1a: Zapdos|Thunder|p2a: Krookodile
|-immune|p2a: Krookodile
|
|-weather|RainDance|[upkeep]
|upkeep
|turn|16
|
|t:|1760448620
|move|p1a: Zapdos|Hurricane|p2a: Krookodile
|-damage|p2a: Krookodile|0 fnt
|faint|p2a: Krookodile
|
|-weather|RainDance|[upkeep]
|upkeep
|
|t:|1760448624
|switch|p2a: Frosmoth|Frosmoth, F, shiny, tera:Electric|29/100
|turn|17
|
|t:|1760448628
|move|p1a: Zapdos|Weather Ball|p2a: Frosmoth
|-damage|p2a: Frosmoth|9/100
|move|p2a: Frosmoth|Ice Beam|p1a: Zapdos
|-supereffective|p1a: Zapdos
|-damage|p1a: Zapdos|18/100
|
|-weather|none
|-heal|p2a: Frosmoth|15/100|[from] item: Leftovers
|upkeep
|turn|18
|
|t:|1760448640
|move|p1a: Zapdos|Volt Switch|p2a: Frosmoth
|-resisted|p2a: Frosmoth
|-damage|p2a: Frosmoth|8/100
|
|t:|1760448643
|switch|p1a: Hatterene|Hatterene, F|100/100|[from] Volt Switch
|move|p2a: Frosmoth|Ice Beam|p1a: Hatterene
|-damage|p1a: Hatterene|63/100
|-enditem|p1a: Hatterene|Eject Button
|j| Forever1507
|
|t:|1760448650
|switch|p1a: Pelipper|Pelipper, F|37/100
|-weather|RainDance|[from] ability: Drizzle|[of] p1a: Pelipper
|
|-weather|RainDance|[upkeep]
|-heal|p2a: Frosmoth|14/100|[from] item: Leftovers
|upkeep
|turn|19
|
|t:|1760448662
|switch|p1a: Beartic|Beartic, F, tera:Electric|41/100 tox
|move|p2a: Frosmoth|Tera Blast|p1a: Beartic|[anim] Tera Blast Electric
|-resisted|p1a: Beartic
|-damage|p1a: Beartic|21/100 tox
|
|-weather|RainDance|[upkeep]
|-heal|p2a: Frosmoth|20/100|[from] item: Leftovers
|-damage|p1a: Beartic|15/100 tox|[from] psn
|upkeep
|turn|20
|
|t:|1760448672
|switch|p2a: Sinistcha|Sinistcha, shiny|100/100
|move|p1a: Beartic|Tera Blast|p2a: Sinistcha|[anim] Tera Blast Electric
|-resisted|p2a: Sinistcha
|-damage|p2a: Sinistcha|86/100
|
|-weather|RainDance|[upkeep]
|-damage|p1a: Beartic|3/100 tox|[from] psn
|upkeep
|turn|21
|
|t:|1760448683
|switch|p1a: Barraskewda|Barraskewda, M|84/100
|move|p2a: Sinistcha|Strength Sap|p1a: Barraskewda
|-unboost|p1a: Barraskewda|atk|1
|-heal|p2a: Sinistcha|100/100
|
|-weather|RainDance|[upkeep]
|upkeep
|turn|22
|
|t:|1760448692
|move|p1a: Barraskewda|Liquidation|p2a: Sinistcha
|-resisted|p2a: Sinistcha
|-damage|p2a: Sinistcha|81/100
|-unboost|p2a: Sinistcha|def|1
|move|p2a: Sinistcha|Shadow Ball|p1a: Barraskewda
|-damage|p1a: Barraskewda|12/100
|
|-weather|none
|upkeep
|turn|23
|
|t:|1760448708
|switch|p2a: Alomomola|Alomomola, M, shiny|100/100
|move|p1a: Barraskewda|Flip Turn|p2a: Alomomola
|-resisted|p2a: Alomomola
|-damage|p2a: Alomomola|92/100
|-damage|p1a: Barraskewda|0 fnt|[from] item: Rocky Helmet|[of] p2a: Alomomola
|faint|p1a: Barraskewda
|
|upkeep
|
|t:|1760448717
|switch|p1a: Hatterene|Hatterene, F|63/100
|turn|24
|
|t:|1760448737
|move|p2a: Alomomola|Wish|p2a: Alomomola
|move|p1a: Hatterene|Healing Wish|p1a: Hatterene
|faint|p1a: Hatterene
|
|upkeep
|
|t:|1760448746
|switch|p1a: Beartic|Beartic, F, tera:Electric|3/100 tox
|-heal|p1a: Beartic|100/100|[from] move: Healing Wish
|turn|25
|
|t:|1760448756
|switch|p2a: Maushold|Maushold-Four|100/100
|move|p1a: Beartic|Swords Dance|p1a: Beartic
|-boost|p1a: Beartic|atk|2
|
|upkeep
|turn|26
|
|t:|1760448763
|move|p2a: Maushold|Population Bomb|p1a: Beartic
|-damage|p1a: Beartic|87/100
|-damage|p1a: Beartic|74/100
|-damage|p1a: Beartic|60/100
|-damage|p1a: Beartic|46/100
|-damage|p1a: Beartic|34/100
|-damage|p1a: Beartic|22/100
|-damage|p1a: Beartic|9/100
|-damage|p1a: Beartic|0 fnt
|faint|p1a: Beartic
|-hitcount|p1: Beartic|8
|
|upkeep
|-message|DontMissMantine forfeited.
|
|win|eros maniac
|raw|DontMissMantine's rating: 1703 &rarr; <strong>1687</strong><br />(-16 for losing)
|raw|eros maniac's rating: 1776 &rarr; <strong>1792</strong><br />(+16 for winning)
|l|☆DontMissMantine
|player|p1|
|l|☆eros maniac
|player|p2|
|l| Forever1507
