|j|☆JourderJottle
|j|☆capone n norega
|t:|1760395309
|gametype|singles
|player|p1|JourderJottle|blaine|1295
|player|p2|capone n norega|102|1302
|gen|9
|tier|[Gen 9] OU
|rated|
|rule|HP Percentage Mod: HP is shown in percentages
|rule|Endless Battle Clause: Forcing endless battles is banned
|rule|Species Clause: Limit one of each Pokémon
|rule|OHKO Clause: OHKO moves are banned
|rule|Evasion Items Clause: Evasion items are banned
|rule|Evasion Moves Clause: Evasion moves are banned
|rule|Evasion Abilities Clause: Evasion abilities are banned
|rule|Sleep Moves Clause: Sleep-inducing moves are banned
|clearpoke
|poke|p1|Great Tusk|
|poke|p1|Ceruledge, M|
|poke|p1|Primarina, F|
|poke|p1|Zapdos|
|poke|p1|Iron Valiant|
|poke|p1|Dragonite, F|
|poke|p2|Zamazenta-*|
|poke|p2|Rillaboom, F|
|poke|p2|Great Tusk|
|poke|p2|Coalossal, M|
|poke|p2|Ogerpon-Wellspring, F|
|poke|p2|Tornadus-Therian, M|
|teampreview
|inactive|Battle timer is ON: inactive players will automatically lose when time's up. (requested by JourderJottle)
|
|t:|1760395334
|teamsize|p1|6
|teamsize|p2|6
|start
|switch|p1a: Great Tusk|Great Tusk|100/100
|switch|p2a: Tornadus|Tornadus-Therian, M|100/100
|turn|1
|
|t:|1760395348
|-end|p1a: Great Tusk|Protosynthesis|[silent]
|switch|p1a: Primarina|Primarina, F|100/100
|move|p2a: Tornadus|Knock Off|p1a: Primarina
|-resisted|p1a: Primarina
|-crit|p1a: Primarina
|-damage|p1a: Primarina|81/100
|-enditem|p1a: Primarina|Assault Vest|[from] move: Knock Off|[of] p2a: Tornadus
|
|upkeep
|turn|2
|
|t:|1760395354
|move|p2a: Tornadus|Bleakwind Storm|p1a: Primarina|[miss]
|-miss|p2a: Tornadus|p1a: Primarina
|move|p1a: Primarina|Moonblast|p2a: Tornadus
|-damage|p2a: Tornadus|67/100
|
|upkeep
|turn|3
|
|t:|1760395360
|move|p2a: Tornadus|Bleakwind Storm|p1a: Primarina
|-damage|p1a: Primarina|49/100
|move|p1a: Primarina|Moonblast|p2a: Tornadus
|-damage|p2a: Tornadus|31/100
|
|upkeep
|turn|4
|
|t:|1760395366
|move|p2a: Tornadus|U-turn|p1a: Primarina
|-resisted|p1a: Primarina
|-damage|p1a: Primarina|39/100
|
|t:|1760395386
|switch|p2a: Rillaboom|Rillaboom, F|100/100|[from] U-turn
|-fieldstart|move: Grassy Terrain|[from] ability: Grassy Surge|[of] p2a: Rillaboom
|move|p1a: Primarina|Flip Turn|p2a: Rillaboom
|-resisted|p2a: Rillaboom
|-damage|p2a: Rillaboom|93/100
|
|t:|1760395406
|switch|p1a: Zapdos|Zapdos|100/100|[from] Flip Turn
|
|-heal|p2a: Rillaboom|99/100|[from] Grassy Terrain
|upkeep
|turn|5
|
|t:|1760395417
|switch|p2a: Coalossal|Coalossal, M|100/100
|-item|p2a: Coalossal|Air Balloon
|move|p1a: Zapdos|Hurricane|p2a: Coalossal|[miss]
|-miss|p1a: Zapdos|p2a: Coalossal
|
|upkeep
|turn|6
|
|t:|1760395426
|move|p1a: Zapdos|Discharge|p2a: Coalossal
|-crit|p2a: Coalossal
|-damage|p2a: Coalossal|58/100
|-enditem|p2a: Coalossal|Air Balloon
|move|p2a: Coalossal|Stealth Rock|p1a: Zapdos
|-sidestart|p1: JourderJottle|move: Stealth Rock
|
|-heal|p2a: Coalossal|64/100|[from] Grassy Terrain
|upkeep
|turn|7
|
|t:|1760395435
|move|p1a: Zapdos|U-turn|p2a: Coalossal
|-resisted|p2a: Coalossal
|-damage|p2a: Coalossal|61/100
|-status|p1a: Zapdos|brn|[from] ability: Flame Body|[of] p2a: Coalossal
|
|t:|1760395440
|switch|p1a: Great Tusk|Great Tusk|100/100|[from] U-turn
|move|p2a: Coalossal|Will-O-Wisp|p1a: Great Tusk|[miss]
|-miss|p2a: Coalossal|p1a: Great Tusk
|
|-heal|p2a: Coalossal|67/100|[from] Grassy Terrain
|upkeep
|turn|8
|
|t:|1760395449
|move|p1a: Great Tusk|Rapid Spin|p2a: Coalossal
|-resisted|p2a: Coalossal
|-crit|p2a: Coalossal
|-damage|p2a: Coalossal|62/100
|-boost|p1a: Great Tusk|spe|1
|-sideend|p1: JourderJottle|Stealth Rock|[from] move: Rapid Spin|[of] p1a: Great Tusk
|move|p2a: Coalossal|Will-O-Wisp|p1a: Great Tusk
|-status|p1a: Great Tusk|brn
|
|-heal|p2a: Coalossal|68/100|[from] Grassy Terrain
|-damage|p1a: Great Tusk|94/100 brn|[from] brn
|upkeep
|turn|9
|
|t:|1760395462
|switch|p2a: Ogerpon|Ogerpon-Wellspring, F|100/100
|move|p1a: Great Tusk|Stealth Rock|p2a: Ogerpon
|-sidestart|p2: capone n norega|move: Stealth Rock
|
|-heal|p1a: Great Tusk|100/100 brn|[from] Grassy Terrain
|-damage|p1a: Great Tusk|94/100 brn|[from] brn
|upkeep
|turn|10
|
|t:|1760395475
|-end|p1a: Great Tusk|Protosynthesis|[silent]
|switch|p1a: Zapdos|Zapdos|100/100 brn
|move|p2a: Ogerpon|Swords Dance|p2a: Ogerpon
|-boost|p2a: Ogerpon|atk|2
|
|-damage|p1a: Zapdos|94/100 brn|[from] brn
|upkeep
|turn|11
|
|t:|1760395498
|-terastallize|p2a: Ogerpon|Water
|detailschange|p2a: Ogerpon|Ogerpon-Wellspring-Tera, F, tera:Water
|-ability|p2a: Ogerpon|Embody Aspect (Wellspring)|boost
|-boost|p2a: Ogerpon|spd|1
|move|p2a: Ogerpon|Ivy Cudgel|p1a: Zapdos|[anim] Ivy Cudgel Water
|-damage|p1a: Zapdos|0 fnt
|faint|p1a: Zapdos
|
|-fieldend|move: Grassy Terrain
|upkeep
|
|t:|1760395508
|switch|p1a: Dragonite|Dragonite, F|100/100
|turn|12
|
|t:|1760395526
|switch|p2a: Coalossal|Coalossal, M|68/100
|-damage|p2a: Coalossal|43/100|[from] Stealth Rock
|move|p1a: Dragonite|Dragon Dance|p1a: Dragonite
|-boost|p1a: Dragonite|atk|1
|-boost|p1a: Dragonite|spe|1
|
|upkeep
|turn|13
|
|t:|1760395533
|switch|p2a: Rillaboom|Rillaboom, F|99/100
|-damage|p2a: Rillaboom|87/100|[from] Stealth Rock
|-fieldstart|move: Grassy Terrain|[from] ability: Grassy Surge|[of] p2a: Rillaboom
|move|p1a: Dragonite|Earthquake|p2a: Rillaboom
|-resisted|p2a: Rillaboom
|-damage|p2a: Rillaboom|72/100
|
|-heal|p2a: Rillaboom|78/100|[from] Grassy Terrain
|upkeep
|turn|14
|
|t:|1760395548
|switch|p2a: Coalossal|Coalossal, M|43/100
|-damage|p2a: Coalossal|18/100|[from] Stealth Rock
|move|p1a: Dragonite|Dragon Dance|p1a: Dragonite
|-boost|p1a: Dragonite|atk|1
|-boost|p1a: Dragonite|spe|1
|
|-heal|p2a: Coalossal|24/100|[from] Grassy Terrain
|upkeep
|turn|15
|
|t:|1760395556
|move|p1a: Dragonite|Earthquake|p2a: Coalossal
|-supereffective|p2a: Coalossal
|-damage|p2a: Coalossal|0 fnt
|faint|p2a: Coalossal
|
|upkeep
|
|t:|1760395558
|switch|p2a: Zamazenta|Zamazenta|100/100
|-damage|p2a: Zamazenta|94/100|[from] Stealth Rock
|-ability|p2a: Zamazenta|Dauntless Shield|boost
|-boost|p2a: Zamazenta|def|1
|turn|16
|
|t:|1760395564
|move|p1a: Dragonite|Earthquake|p2a: Zamazenta
|-damage|p2a: Zamazenta|75/100
|move|p2a: Zamazenta|Iron Defense|p2a: Zamazenta
|-boost|p2a: Zamazenta|def|2
|
|-heal|p2a: Zamazenta|81/100|[from] Grassy Terrain
|upkeep
|turn|17
|
|t:|1760395577
|switch|p1a: Iron Valiant|Iron Valiant|100/100
|move|p2a: Zamazenta|Body Press|p1a: Iron Valiant
|-resisted|p1a: Iron Valiant
|-damage|p1a: Iron Valiant|52/100
|
|-heal|p2a: Zamazenta|88/100|[from] Grassy Terrain
|-heal|p1a: Iron Valiant|58/100|[from] Grassy Terrain
|upkeep
|turn|18
|inactive|capone n norega has 120 seconds left.
|
|t:|1760395635
|switch|p2a: Tornadus|Tornadus-Therian, M|64/100
|-damage|p2a: Tornadus|39/100|[from] Stealth Rock
|move|p1a: Iron Valiant|Moonblast|p2a: Tornadus
|-damage|p2a: Tornadus|0 fnt
|faint|p2a: Tornadus
|
|-heal|p1a: Iron Valiant|64/100|[from] Grassy Terrain
|upkeep
|
|t:|1760395642
|switch|p2a: Ogerpon|Ogerpon-Wellspring-Tera, F, tera:Water|100/100
|-damage|p2a: Ogerpon|88/100|[from] Stealth Rock
|-ability|p2a: Ogerpon|Embody Aspect (Wellspring)|boost
|-boost|p2a: Ogerpon|spd|1
|turn|19
|
|t:|1760395650
|move|p1a: Iron Valiant|Moonblast|p2a: Ogerpon
|-damage|p2a: Ogerpon|29/100
|move|p2a: Ogerpon|Horn Leech|p1a: Iron Valiant
|-damage|p1a: Iron Valiant|0 fnt
|-heal|p2a: Ogerpon|60/100|[from] drain|[of] p1a: Iron Valiant
|faint|p1a: Iron Valiant
|-end|p1a: Iron Valiant|Quark Drive|[silent]
|
|-heal|p2a: Ogerpon|66/100|[from] Grassy Terrain
|upkeep
|
|t:|1760395659
|switch|p1a: Dragonite|Dragonite, F|100/100
|turn|20
|
|t:|1760395663
|switch|p2a: Great Tusk|Great Tusk|100/100
|-damage|p2a: Great Tusk|98/100|[from] Stealth Rock
|-enditem|p2a: Great Tusk|Booster Energy
|-activate|p2a: Great Tusk|ability: Protosynthesis|[fromitem]
|-start|p2a: Great Tusk|protosynthesisatk
|move|p1a: Dragonite|Dragon Dance|p1a: Dragonite
|-boost|p1a: Dragonite|atk|1
|-boost|p1a: Dragonite|spe|1
|
|-heal|p2a: Great Tusk|100/100|[from] Grassy Terrain
|-fieldend|move: Grassy Terrain
|upkeep
|turn|21
|
|t:|1760395675
|-terastallize|p1a: Dragonite|Normal
|move|p1a: Dragonite|Dragon Dance|p1a: Dragonite
|-boost|p1a: Dragonite|atk|1
|-boost|p1a: Dragonite|spe|1
|move|p2a: Great Tusk|Rapid Spin|p1a: Dragonite
|-damage|p1a: Dragonite|87/100
|-boost|p2a: Great Tusk|spe|1
|-sideend|p2: capone n norega|Stealth Rock|[from] move: Rapid Spin|[of] p2a: Great Tusk
|
|upkeep
|turn|22
|
|t:|1760395683
|move|p1a: Dragonite|Ice Spinner|p2a: Great Tusk
|-supereffective|p2a: Great Tusk
|-damage|p2a: Great Tusk|2/100
|move|p2a: Great Tusk|Close Combat|p1a: Dragonite
|-supereffective|p1a: Dragonite
|-crit|p1a: Dragonite
|-damage|p1a: Dragonite|0 fnt
|-unboost|p2a: Great Tusk|def|1
|-unboost|p2a: Great Tusk|spd|1
|faint|p1a: Dragonite
|
|upkeep
|
|t:|1760395692
|switch|p1a: Ceruledge|Ceruledge, M|100/100
|turn|23
|
|t:|1760395698
|move|p1a: Ceruledge|Shadow Sneak|p2a: Great Tusk
|-damage|p2a: Great Tusk|0 fnt
|faint|p2a: Great Tusk
|-end|p2a: Great Tusk|Protosynthesis|[silent]
|
|upkeep
|
|t:|1760395715
|switch|p2a: Ogerpon|Ogerpon-Wellspring-Tera, F, tera:Water|66/100
|-ability|p2a: Ogerpon|Embody Aspect (Wellspring)|boost
|-boost|p2a: Ogerpon|spd|1
|turn|24
|
|t:|1760395720
|switch|p1a: Primarina|Primarina, F|39/100
|move|p2a: Ogerpon|Ivy Cudgel|p1a: Primarina|[anim] Ivy Cudgel Water
|-resisted|p1a: Primarina
|-damage|p1a: Primarina|0 fnt
|faint|p1a: Primarina
|
|upkeep
|
|t:|1760395727
|switch|p1a: Great Tusk|Great Tusk|94/100 brn
|turn|25
|
|t:|1760395730
|move|p2a: Ogerpon|Ivy Cudgel|p1a: Great Tusk|[anim] Ivy Cudgel Water
|-supereffective|p1a: Great Tusk
|-damage|p1a: Great Tusk|0 fnt
|faint|p1a: Great Tusk
|-end|p1a: Great Tusk|Protosynthesis|[silent]
|
|upkeep
|
|t:|1760395735
|switch|p1a: Ceruledge|Ceruledge, M|100/100
|turn|26
|
|t:|1760395738
|move|p1a: Ceruledge|Shadow Sneak|p2a: Ogerpon
|-damage|p2a: Ogerpon|45/100
|move|p2a: Ogerpon|Ivy Cudgel|p1a: Ceruledge|[anim] Ivy Cudgel Water
|-supereffective|p1a: Ceruledge
|-crit|p1a: Ceruledge
|-damage|p1a: Ceruledge|0 fnt
|faint|p1a: Ceruledge
|
|win|capone n norega
|raw|JourderJottle's rating: 1295 &rarr; <strong>1271</strong><br />(-24 for losing)
|raw|capone n norega's rating: 1302 &rarr; <strong>1322</strong><br />(+20 for winning)
|l|☆JourderJottle
|player|p1|
|l|☆capone n norega
|player|p2|
