|j|☆Jkonek
|j|☆melodramaticbat34
|t:|1760434883
|gametype|singles
|player|p1|Jkonek|bellelba|1331
|player|p2|melodramaticbat34|101|1393
|gen|9
|tier|[Gen 9] OU
|rated|
|rule|HP Percentage Mod: HP is shown in percentages
|rule|Endless Battle Clause: Forcing endless battles is banned
|rule|Species Clause: Limit one of each Pokémon
|rule|OHKO Clause: OHKO moves are banned
|rule|Evasion Items Clause: Evasion items are banned
|rule|Evasion Moves Clause: Evasion moves are banned
|rule|Evasion Abilities Clause: Evasion abilities are banned
|rule|Sleep Moves Clause: Sleep-inducing moves are banned
|clearpoke
|poke|p1|Staraptor, M|
|poke|p1|Pelipper, M|
|poke|p1|Ogerpon-Wellspring, F|
|poke|p1|Scizor, M|
|poke|p1|Dragapult, F|
|poke|p1|Landorus-Therian, M|
|poke|p2|Garganacl, M|
|poke|p2|Hippowdon, F|
|poke|p2|Tornadus-Therian, M|
|poke|p2|Ogerpon-Wellspring, F|
|poke|p2|Glimmora, F|
|poke|p2|Hatterene, F|
|teampreview
|inactive|Battle timer is ON: inactive players will automatically lose when time's up. (requested by Jkonek)
|
|t:|1760434892
|teamsize|p1|6
|teamsize|p2|6
|start
|switch|p1a: Staraptor|Staraptor, M, shiny|100/100
|switch|p2a: Tornadus|Tornadus-Therian, M|100/100
|turn|1
|
|t:|1760434898
|switch|p2a: Hippowdon|Hippowdon, F|100/100
|-weather|Sandstorm|[from] ability: Sand Stream|[of] p2a: Hippowdon
|move|p1a: Staraptor|Final Gambit|p2a: Hippowdon
|-damage|p2a: Hippowdon|11/100
|faint|p1a: Staraptor
|
|-weather|Sandstorm|[upkeep]
|upkeep
|
|t:|1760434906
|switch|p1a: Pelipper|Pelipper, M|100/100
|-weather|RainDance|[from] ability: Drizzle|[of] p1a: Pelipper
|turn|2
|
|t:|1760434913
|switch|p2a: Hatterene|Hatterene, F|100/100
|move|p1a: Pelipper|Hurricane|p2a: Hatterene
|-damage|p2a: Hatterene|78/100
|
|-weather|RainDance|[upkeep]
|upkeep
|turn|3
|
|t:|1760434924
|move|p1a: Pelipper|U-turn|p2a: Hatterene
|-damage|p2a: Hatterene|68/100
|
|t:|1760434927
|switch|p1a: Landorus|Landorus-Therian, M|100/100|[from] U-turn
|-ability|p1a: Landorus|Intimidate|boost
|-unboost|p2a: Hatterene|atk|1
|move|p2a: Hatterene|Nuzzle|p1a: Landorus
|-immune|p1a: Landorus
|
|-weather|RainDance|[upkeep]
|upkeep
|turn|4
|
|t:|1760434940
|switch|p2a: Ogerpon|Ogerpon-Wellspring, F|100/100
|move|p1a: Landorus|Sludge Wave|p2a: Ogerpon
|-supereffective|p2a: Ogerpon
|-damage|p2a: Ogerpon|31/100
|
|-weather|RainDance|[upkeep]
|upkeep
|turn|5
|
|t:|1760434951
|-terastallize|p2a: Ogerpon|Water
|detailschange|p2a: Ogerpon|Ogerpon-Wellspring-Tera, F, tera:Water
|-ability|p2a: Ogerpon|Embody Aspect (Wellspring)|boost
|-boost|p2a: Ogerpon|spd|1
|move|p1a: Landorus|Sludge Wave|p2a: Ogerpon
|-damage|p2a: Ogerpon|7/100
|move|p2a: Ogerpon|Horn Leech|p1a: Landorus
|-damage|p1a: Landorus|47/100
|-heal|p2a: Ogerpon|35/100|[from] drain|[of] p1a: Landorus
|
|-weather|RainDance|[upkeep]
|upkeep
|turn|6
|inactive|Jkonek has 120 seconds left.
|inactive|Jkonek has 90 seconds left.
|inactive|Jkonek has 60 seconds left.
|inactive|Jkonek has 30 seconds left.
|
|t:|1760435081
|-terastallize|p1a: Landorus|Poison
|move|p1a: Landorus|Sludge Wave|p2a: Ogerpon
|-damage|p2a: Ogerpon|3/100
|move|p2a: Ogerpon|Horn Leech|p1a: Landorus
|-resisted|p1a: Landorus
|-damage|p1a: Landorus|22/100
|-heal|p2a: Ogerpon|16/100|[from] drain|[of] p1a: Landorus
|
|-weather|RainDance|[upkeep]
|upkeep
|turn|7
|inactive|Jkonek has 30 seconds left.
|inactive|melodramaticbat34 has 120 seconds left.
|
|t:|1760435121
|switch|p2a: Garganacl|Garganacl, M|100/100
|move|p1a: Landorus|Sludge Wave|p2a: Garganacl
|-resisted|p2a: Garganacl
|-damage|p2a: Garganacl|86/100
|
|-weather|RainDance|[upkeep]
|-heal|p2a: Garganacl|92/100|[from] item: Leftovers
|upkeep
|turn|8
|inactive|Jkonek has 30 seconds left.
|
|t:|1760435135
|switch|p1a: Scizor|Scizor, M|100/100
|move|p2a: Garganacl|Salt Cure|p1a: Scizor
|-damage|p1a: Scizor|83/100
|-start|p1a: Scizor|Salt Cure
|
|-weather|RainDance|[upkeep]
|-heal|p1a: Scizor|89/100|[from] item: Leftovers
|-heal|p2a: Garganacl|98/100|[from] item: Leftovers
|-damage|p1a: Scizor|64/100|[from] Salt Cure
|upkeep
|turn|9
|inactive|melodramaticbat34 has 120 seconds left.
|
|t:|1760435146
|switch|p2a: Tornadus|Tornadus-Therian, M|100/100
|move|p1a: Scizor|U-turn|p2a: Tornadus
|-resisted|p2a: Tornadus
|-damage|p2a: Tornadus|81/100
|
|t:|1760435155
|switch|p1a: Dragapult|Dragapult, F|100/100|[from] U-turn
|
|-weather|none
|upkeep
|turn|10
|
|t:|1760435162
|switch|p2a: Garganacl|Garganacl, M|98/100
|move|p1a: Dragapult|Shadow Ball|p2a: Garganacl
|-damage|p2a: Garganacl|81/100
|
|-heal|p2a: Garganacl|87/100|[from] item: Leftovers
|upkeep
|turn|11
|
|t:|1760435172
|switch|p1a: Pelipper|Pelipper, M|100/100
|-weather|RainDance|[from] ability: Drizzle|[of] p1a: Pelipper
|move|p2a: Garganacl|Salt Cure|p1a: Pelipper
|-supereffective|p1a: Pelipper
|-damage|p1a: Pelipper|73/100
|-start|p1a: Pelipper|Salt Cure
|
|-weather|RainDance|[upkeep]
|-heal|p2a: Garganacl|93/100|[from] item: Leftovers
|-damage|p1a: Pelipper|48/100|[from] Salt Cure
|upkeep
|turn|12
|
|t:|1760435183
|switch|p1a: Landorus|Landorus-Therian, M, tera:Poison|22/100
|-ability|p1a: Landorus|Intimidate|boost
|-unboost|p2a: Garganacl|atk|1
|switch|p2a: Hippowdon|Hippowdon, F|11/100
|-weather|Sandstorm|[from] ability: Sand Stream|[of] p2a: Hippowdon
|
|-weather|Sandstorm|[upkeep]
|-damage|p1a: Landorus|16/100|[from] Sandstorm
|upkeep
|turn|13
|inactive|Jkonek has 60 seconds left.
|
|t:|1760435194
|move|p2a: Hippowdon|Protect|p2a: Hippowdon
|-singleturn|p2a: Hippowdon|Protect
|move|p1a: Landorus|Sandsear Storm|p2a: Hippowdon
|-activate|p2a: Hippowdon|move: Protect
|
|-weather|Sandstorm|[upkeep]
|-damage|p1a: Landorus|11/100|[from] Sandstorm
|upkeep
|turn|14
|inactive|melodramaticbat34 has 120 seconds left.
|
|t:|1760435221
|switch|p1a: Pelipper|Pelipper, M|48/100
|-weather|RainDance|[from] ability: Drizzle|[of] p1a: Pelipper
|switch|p2a: Tornadus|Tornadus-Therian, M|100/100
|
|-weather|RainDance|[upkeep]
|upkeep
|turn|15
|inactive|melodramaticbat34 has 120 seconds left.
|inactive|Jkonek has 60 seconds left.
|
|t:|1760435249
|switch|p1a: Scizor|Scizor, M|64/100
|move|p2a: Tornadus|Bleakwind Storm|p1a: Scizor
|-damage|p1a: Scizor|12/100
|-unboost|p1a: Scizor|spe|1
|
|-weather|RainDance|[upkeep]
|-heal|p1a: Scizor|18/100|[from] item: Leftovers
|upkeep
|turn|16
|
|t:|1760435258
|move|p1a: Scizor|Bullet Punch|p2a: Tornadus
|-damage|p2a: Tornadus|66/100
|move|p2a: Tornadus|Bleakwind Storm|p1a: Scizor
|-damage|p1a: Scizor|0 fnt
|faint|p1a: Scizor
|
|-weather|RainDance|[upkeep]
|upkeep
|
|t:|1760435264
|switch|p1a: Dragapult|Dragapult, F|100/100
|turn|17
|
|t:|1760435271
|switch|p2a: Garganacl|Garganacl, M|93/100
|move|p1a: Dragapult|Surf|p2a: Garganacl
|-supereffective|p2a: Garganacl
|-damage|p2a: Garganacl|5/100
|
|-weather|RainDance|[upkeep]
|-heal|p2a: Garganacl|11/100|[from] item: Leftovers
|upkeep
|turn|18
|
|t:|1760435280
|switch|p2a: Ogerpon|Ogerpon-Wellspring-Tera, F, tera:Water|16/100
|-ability|p2a: Ogerpon|Embody Aspect (Wellspring)|boost
|-boost|p2a: Ogerpon|spd|1
|move|p1a: Dragapult|Surf|p2a: Ogerpon
|-resisted|p2a: Ogerpon
|-damage|p2a: Ogerpon|0 fnt
|faint|p2a: Ogerpon
|detailschange|p2: Ogerpon|Ogerpon-Wellspring, F|[silent]
|
|-weather|RainDance|[upkeep]
|upkeep
|
|t:|1760435298
|switch|p2a: Hatterene|Hatterene, F|68/100
|turn|19
|inactive|Jkonek has 90 seconds left.
|
|t:|1760435304
|switch|p1a: Ogerpon|Ogerpon-Wellspring, F|100/100
|move|p2a: Hatterene|Nuzzle|p1a: Ogerpon
|-damage|p1a: Ogerpon|95/100
|-status|p1a: Ogerpon|par
|
|-weather|RainDance|[upkeep]
|upkeep
|turn|20
|
|t:|1760435314
|move|p1a: Ogerpon|Ivy Cudgel|p2a: Hatterene|[anim] Ivy Cudgel Water
|-damage|p2a: Hatterene|0 fnt
|faint|p2a: Hatterene
|
|-weather|RainDance|[upkeep]
|upkeep
|
|t:|1760435320
|switch|p2a: Glimmora|Glimmora, F|100/100
|turn|21
|
|t:|1760435330
|move|p2a: Glimmora|Mortal Spin|p1a: Ogerpon
|-supereffective|p1a: Ogerpon
|-damage|p1a: Ogerpon|79/100 par
|move|p1a: Ogerpon|Ivy Cudgel|p2a: Glimmora|[anim] Ivy Cudgel Water
|-supereffective|p2a: Glimmora
|-enditem|p2a: Glimmora|Focus Sash
|-damage|p2a: Glimmora|1/100
|-activate|p2a: Glimmora|ability: Toxic Debris
|-sidestart|p1: Jkonek|move: Toxic Spikes
|
|-weather|none
|upkeep
|turn|22
|
|t:|1760435342
|move|p2a: Glimmora|Power Gem|p1a: Ogerpon
|-damage|p1a: Ogerpon|28/100 par
|move|p1a: Ogerpon|U-turn|p2a: Glimmora
|-resisted|p2a: Glimmora
|-damage|p2a: Glimmora|0 fnt
|-activate|p2a: Glimmora|ability: Toxic Debris
|-sidestart|p1: Jkonek|move: Toxic Spikes
|faint|p2a: Glimmora
|
|t:|1760435349
|switch|p1a: Landorus|Landorus-Therian, M, tera:Poison|11/100|[from] U-turn
|-sideend|p1: Jkonek|move: Toxic Spikes|[of] p1a: Landorus
|
|upkeep
|
|t:|1760435358
|switch|p2a: Hippowdon|Hippowdon, F|11/100
|-weather|Sandstorm|[from] ability: Sand Stream|[of] p2a: Hippowdon
|turn|23
|inactive|Jkonek has 120 seconds left.
|
|t:|1760435369
|move|p2a: Hippowdon|Protect|p2a: Hippowdon
|-singleturn|p2a: Hippowdon|Protect
|move|p1a: Landorus|Stealth Rock|p2a: Hippowdon
|-sidestart|p2: melodramaticbat34|move: Stealth Rock
|
|-weather|Sandstorm|[upkeep]
|-damage|p1a: Landorus|5/100|[from] Sandstorm
|upkeep
|turn|24
|inactive|Jkonek has 120 seconds left.
|
|t:|1760435376
|switch|p1a: Ogerpon|Ogerpon-Wellspring, F|28/100 par
|move|p2a: Hippowdon|Slack Off|p2a: Hippowdon
|-heal|p2a: Hippowdon|61/100
|
|-weather|Sandstorm|[upkeep]
|-damage|p1a: Ogerpon|22/100 par|[from] Sandstorm
|upkeep
|turn|25
|
|t:|1760435387
|move|p1a: Ogerpon|Horn Leech|p2a: Hippowdon
|-supereffective|p2a: Hippowdon
|-damage|p2a: Hippowdon|0 fnt
|-heal|p1a: Ogerpon|65/100 par|[from] drain|[of] p2a: Hippowdon
|-damage|p1a: Ogerpon|48/100 par|[from] item: Rocky Helmet|[of] p2a: Hippowdon
|faint|p2a: Hippowdon
|
|-weather|Sandstorm|[upkeep]
|-damage|p1a: Ogerpon|42/100 par|[from] Sandstorm
|upkeep
|
|t:|1760435395
|switch|p2a: Tornadus|Tornadus-Therian, M|99/100
|-damage|p2a: Tornadus|74/100|[from] Stealth Rock
|turn|26
|
|t:|1760435400
|move|p2a: Tornadus|Bleakwind Storm|p1a: Ogerpon
|-supereffective|p1a: Ogerpon
|-damage|p1a: Ogerpon|0 fnt
|faint|p1a: Ogerpon
|
|-weather|Sandstorm|[upkeep]
|-damage|p2a: Tornadus|68/100|[from] Sandstorm
|upkeep
|
|t:|1760435405
|switch|p1a: Landorus|Landorus-Therian, M, tera:Poison|5/100
|-ability|p1a: Landorus|Intimidate|boost
|-unboost|p2a: Tornadus|atk|1
|turn|27
|
|t:|1760435410
|move|p1a: Landorus|Sludge Wave|p2a: Tornadus
|-damage|p2a: Tornadus|39/100
|move|p2a: Tornadus|Bleakwind Storm|p1a: Landorus
|-damage|p1a: Landorus|0 fnt
|faint|p1a: Landorus
|
|-weather|none
|upkeep
|
|t:|1760435417
|switch|p1a: Dragapult|Dragapult, F|100/100
|turn|28
|
|t:|1760435420
|switch|p2a: Garganacl|Garganacl, M|11/100
|-damage|p2a: Garganacl|0 fnt|[from] Stealth Rock
|faint|p2a: Garganacl
|move|p1a: Dragapult|Shadow Ball|p2: Garganacl|[notarget]
|-fail|p1a: Dragapult
|
|upkeep
|
|t:|1760435426
|switch|p2a: Tornadus|Tornadus-Therian, M|72/100
|-damage|p2a: Tornadus|47/100|[from] Stealth Rock
|turn|29
|
|t:|1760435430
|move|p1a: Dragapult|Shadow Ball|p2a: Tornadus
|-damage|p2a: Tornadus|10/100
|move|p2a: Tornadus|Knock Off|p1a: Dragapult
|-supereffective|p1a: Dragapult
|-damage|p1a: Dragapult|42/100
|-enditem|p1a: Dragapult|Choice Specs|[from] move: Knock Off|[of] p2a: Tornadus
|
|upkeep
|turn|30
|-message|melodramaticbat34 forfeited.
|
|win|Jkonek
|raw|Jkonek's rating: 1331 &rarr; <strong>1355</strong><br />(+24 for winning)
|raw|melodramaticbat34's rating: 1393 &rarr; <strong>1369</strong><br />(-24 for losing)
|l|☆melodramaticbat34
|player|p2|
