|j|☆tuiujju
|j|☆Poke+KS
|t:|1760374204
|gametype|singles
|player|p1|tuiujju|101|1157
|player|p2|Poke+KS|lucas|1166
|gen|9
|tier|[Gen 9] OU
|rated|
|rule|HP Percentage Mod: HP is shown in percentages
|rule|Endless Battle Clause: Forcing endless battles is banned
|rule|Species Clause: Limit one of each Pokémon
|rule|OHKO Clause: OHKO moves are banned
|rule|Evasion Items Clause: Evasion items are banned
|rule|Evasion Moves Clause: Evasion moves are banned
|rule|Evasion Abilities Clause: Evasion abilities are banned
|rule|Sleep Moves Clause: Sleep-inducing moves are banned
|clearpoke
|poke|p1|Ceruledge, F|
|poke|p1|Kleavor, M|
|poke|p1|Metagross|
|poke|p1|Primarina, M|
|poke|p1|Thundurus-Therian, M|
|poke|p1|Gastrodon, F|
|poke|p2|Tyranitar, M|
|poke|p2|Lycanroc, M|
|poke|p2|Excadrill, M|
|poke|p2|Empoleon, M|
|poke|p2|Dragonite, M|
|poke|p2|Iron Valiant|
|teampreview
|j| ZambiaZard
|l| ZambiaZard
|
|t:|1760374219
|teamsize|p1|6
|teamsize|p2|6
|start
|switch|p1a: Kleavor|Kleavor, M|100/100
|switch|p2a: Tyranitar|Tyranitar, M|100/100
|-weather|Sandstorm|[from] ability: Sand Stream|[of] p2a: Tyranitar
|turn|1
|
|t:|1760374226
|move|p1a: Kleavor|Close Combat|p2a: Tyranitar
|-supereffective|p2a: Tyranitar
|-damage|p2a: Tyranitar|0 fnt
|-unboost|p1a: Kleavor|def|1
|-unboost|p1a: Kleavor|spd|1
|faint|p2a: Tyranitar
|
|-weather|Sandstorm|[upkeep]
|upkeep
|
|t:|1760374235
|switch|p2a: Lycanroc|Lycanroc, M, shiny|100/100
|turn|2
|
|t:|1760374244
|-terastallize|p2a: Lycanroc|Rock
|move|p2a: Lycanroc|Rock Slide|p1a: Kleavor
|-supereffective|p1a: Kleavor
|-crit|p1a: Kleavor
|-damage|p1a: Kleavor|0 fnt
|faint|p1a: Kleavor
|
|-weather|Sandstorm|[upkeep]
|upkeep
|
|t:|1760374256
|switch|p1a: Metagross|Metagross, shiny|100/100
|turn|3
|
|t:|1760374261
|switch|p2a: Dragonite|Dragonite, M|100/100
|move|p1a: Metagross|Heavy Slam|p2a: Dragonite
|-damage|p2a: Dragonite|87/100
|
|-weather|Sandstorm|[upkeep]
|-damage|p2a: Dragonite|81/100|[from] Sandstorm
|upkeep
|turn|4
|
|t:|1760374270
|move|p2a: Dragonite|Dragon Dance|p2a: Dragonite
|-boost|p2a: Dragonite|atk|1
|-boost|p2a: Dragonite|spe|1
|move|p1a: Metagross|Ice Punch|p2a: Dragonite
|-supereffective|p2a: Dragonite
|-damage|p2a: Dragonite|0 fnt
|faint|p2a: Dragonite
|
|-weather|Sandstorm|[upkeep]
|upkeep
|
|t:|1760374278
|switch|p2a: Excadrill|Excadrill, M|100/100
|turn|5
|
|t:|1760374284
|move|p2a: Excadrill|Rock Slide|p1a: Metagross
|-resisted|p1a: Metagross
|-damage|p1a: Metagross|89/100
|move|p1a: Metagross|Earthquake|p2a: Excadrill
|-supereffective|p2a: Excadrill
|-damage|p2a: Excadrill|21/100
|
|-weather|Sandstorm|[upkeep]
|upkeep
|turn|6
|
|t:|1760374293
|switch|p2a: Iron Valiant|Iron Valiant, shiny|100/100
|-enditem|p2a: Iron Valiant|Booster Energy
|-activate|p2a: Iron Valiant|ability: Quark Drive|[fromitem]
|-start|p2a: Iron Valiant|quarkdrivespe
|move|p1a: Metagross|Earthquake|p2a: Iron Valiant
|-damage|p2a: Iron Valiant|59/100
|
|-weather|Sandstorm|[upkeep]
|-damage|p2a: Iron Valiant|52/100|[from] Sandstorm
|upkeep
|turn|7
|
|t:|1760374303
|move|p2a: Iron Valiant|Close Combat|p1a: Metagross
|-damage|p1a: Metagross|57/100
|-unboost|p2a: Iron Valiant|def|1
|-unboost|p2a: Iron Valiant|spd|1
|-damage|p2a: Iron Valiant|36/100|[from] item: Rocky Helmet|[of] p1a: Metagross
|move|p1a: Metagross|Earthquake|p2a: Iron Valiant
|-damage|p2a: Iron Valiant|0 fnt
|faint|p2a: Iron Valiant
|-end|p2a: Iron Valiant|Quark Drive|[silent]
|
|-weather|Sandstorm|[upkeep]
|upkeep
|
|t:|1760374314
|switch|p2a: Empoleon|Empoleon, M|100/100
|-item|p2a: Empoleon|Air Balloon
|turn|8
|
|t:|1760374319
|move|p1a: Metagross|Body Press|p2a: Empoleon
|-supereffective|p2a: Empoleon
|-damage|p2a: Empoleon|34/100
|-enditem|p2a: Empoleon|Air Balloon
|move|p2a: Empoleon|Surf|p1a: Metagross
|-damage|p1a: Metagross|11/100
|
|-weather|none
|upkeep
|turn|9
|
|t:|1760374329
|move|p2a: Empoleon|Vacuum Wave|p1a: Metagross
|-damage|p1a: Metagross|0 fnt
|faint|p1a: Metagross
|
|upkeep
|
|t:|1760374337
|switch|p1a: Gastrodon|Gastrodon, F|100/100
|turn|10
|
|t:|1760374344
|move|p2a: Empoleon|Icy Wind|p1a: Gastrodon
|-damage|p1a: Gastrodon|89/100
|-unboost|p1a: Gastrodon|spe|1
|move|p1a: Gastrodon|Earth Power|p2a: Empoleon
|-supereffective|p2a: Empoleon
|-damage|p2a: Empoleon|0 fnt
|faint|p2a: Empoleon
|
|-heal|p1a: Gastrodon|95/100|[from] item: Leftovers
|upkeep
|
|t:|1760374353
|switch|p2a: Lycanroc|Lycanroc, M, shiny, tera:Rock|100/100
|turn|11
|
|t:|1760374358
|move|p2a: Lycanroc|Rock Slide|p1a: Gastrodon
|-resisted|p1a: Gastrodon
|-crit|p1a: Gastrodon
|-damage|p1a: Gastrodon|34/100
|cant|p1a: Gastrodon|flinch
|
|-heal|p1a: Gastrodon|40/100|[from] item: Leftovers
|upkeep
|turn|12
|
|t:|1760374367
|move|p2a: Lycanroc|Rock Slide|p1a: Gastrodon
|-resisted|p1a: Gastrodon
|-damage|p1a: Gastrodon|0 fnt
|faint|p1a: Gastrodon
|
|upkeep
|
|t:|1760374373
|switch|p1a: Thundurus|Thundurus-Therian, M|100/100
|turn|13
|
|t:|1760374376
|move|p1a: Thundurus|Grass Knot|p2a: Lycanroc
|-supereffective|p2a: Lycanroc
|-damage|p2a: Lycanroc|24/100
|move|p2a: Lycanroc|Rock Slide|p1a: Thundurus
|-supereffective|p1a: Thundurus
|-damage|p1a: Thundurus|0 fnt
|faint|p1a: Thundurus
|
|upkeep
|
|t:|1760374384
|switch|p1a: Primarina|Primarina, M|100/100
|turn|14
|
|t:|1760374390
|move|p2a: Lycanroc|Rock Slide|p1a: Primarina
|-damage|p1a: Primarina|0 fnt
|faint|p1a: Primarina
|
|upkeep
|
|t:|1760374397
|switch|p1a: Ceruledge|Ceruledge, F|100/100
|turn|15
|
|t:|1760374403
|move|p1a: Ceruledge|Shadow Sneak|p2a: Lycanroc
|-damage|p2a: Lycanroc|0 fnt
|faint|p2a: Lycanroc
|-damage|p1a: Ceruledge|91/100|[from] item: Life Orb
|
|upkeep
|
|t:|1760374408
|switch|p2a: Excadrill|Excadrill, M|21/100
|turn|16
|
|t:|1760374412
|move|p1a: Ceruledge|Shadow Sneak|p2a: Excadrill
|-damage|p2a: Excadrill|0 fnt
|faint|p2a: Excadrill
|-damage|p1a: Ceruledge|81/100|[from] item: Life Orb
|
|win|tuiujju
|raw|tuiujju's rating: 1157 &rarr; <strong>1183</strong><br />(+26 for winning)
|raw|Poke+KS's rating: 1166 &rarr; <strong>1140</strong><br />(-26 for losing)
|l|☆tuiujju
|player|p1|
|l|☆Poke+KS
|player|p2|
