|j|☆ZeBoomer
|j|☆versacis
|t:|1760371857
|gametype|singles
|player|p1|ZeBoomer|scientist-gen4dp|1244
|player|p2|versacis|bugcatcher-gen4dp|1207
|gen|9
|tier|[Gen 9] OU
|rated|
|rule|HP Percentage Mod: HP is shown in percentages
|rule|Endless Battle Clause: Forcing endless battles is banned
|rule|Species Clause: Limit one of each Pokémon
|rule|OHKO Clause: OHKO moves are banned
|rule|Evasion Items Clause: Evasion items are banned
|rule|Evasion Moves Clause: Evasion moves are banned
|rule|Evasion Abilities Clause: Evasion abilities are banned
|rule|Sleep Moves Clause: Sleep-inducing moves are banned
|clearpoke
|poke|p1|Orthworm, M|
|poke|p1|Graveler, M|
|poke|p1|Dragapult, F|
|poke|p1|Darkrai|
|poke|p1|Weavile, M|
|poke|p1|Weezing-Galar, F|
|poke|p2|Quagsire, M|
|poke|p2|Skeledirge, F|
|poke|p2|Enamorus-Therian, F|
|poke|p2|Ursaluna, M|
|poke|p2|Hoopa-Unbound|
|poke|p2|Vaporeon, F|
|teampreview
|inactive|Battle timer is ON: inactive players will automatically lose when time's up. (requested by ZeBoomer)
|
|t:|1760371877
|teamsize|p1|6
|teamsize|p2|6
|start
|switch|p1a: Weavile|Weavile, M|100/100
|switch|p2a: Ursaluna|Ursaluna, M|100/100
|turn|1
|
|t:|1760371894
|move|p1a: Weavile|Fake Out|p2a: Ursaluna
|-damage|p2a: Ursaluna|92/100
|cant|p2a: Ursaluna|flinch
|
|-status|p2a: Ursaluna|brn|[from] item: Flame Orb
|upkeep
|turn|2
|
|t:|1760371902
|move|p1a: Weavile|Triple Axel|p2a: Ursaluna
|-supereffective|p2a: Ursaluna
|-damage|p2a: Ursaluna|79/100 brn
|-supereffective|p2a: Ursaluna
|-damage|p2a: Ursaluna|52/100 brn
|-supereffective|p2a: Ursaluna
|-damage|p2a: Ursaluna|12/100 brn
|-hitcount|p2a: Ursaluna|3
|move|p2a: Ursaluna|Drain Punch|p1a: Weavile
|-supereffective|p1a: Weavile
|-enditem|p1a: Weavile|Focus Sash
|-damage|p1a: Weavile|1/100
|-heal|p2a: Ursaluna|45/100 brn|[from] drain|[of] p1a: Weavile
|-enditem|p2a: Ursaluna|Flame Orb|[silent]|[from] ability: Pickpocket|[of] p2a: Ursaluna
|-item|p1a: Weavile|Flame Orb|[from] ability: Pickpocket|[of] p2a: Ursaluna
|
|-damage|p2a: Ursaluna|39/100 brn|[from] brn
|-status|p1a: Weavile|brn|[from] item: Flame Orb
|upkeep
|turn|3
|
|t:|1760371925
|switch|p2a: Quagsire|Quagsire, M|100/100
|move|p1a: Weavile|Knock Off|p2a: Quagsire
|-damage|p2a: Quagsire|85/100
|-enditem|p2a: Quagsire|Leftovers|[from] move: Knock Off|[of] p1a: Weavile
|
|-damage|p1a: Weavile|0 fnt|[from] brn
|faint|p1a: Weavile
|upkeep
|inactive|ZeBoomer has 120 seconds left.
|
|t:|1760371949
|switch|p1a: Weezing|Weezing-Galar, F|100/100
|-ability|p1a: Weezing|Neutralizing Gas
|turn|4
|
|t:|1760371958
|switch|p2a: Hoopa|Hoopa-Unbound|100/100
|move|p1a: Weezing|Strange Steam|p2a: Hoopa
|-supereffective|p2a: Hoopa
|-damage|p2a: Hoopa|61/100
|
|upkeep
|turn|5
|
|t:|1760371978
|move|p2a: Hoopa|Future Sight|p1a: Weezing
|-start|p2a: Hoopa|move: Future Sight
|move|p1a: Weezing|Will-O-Wisp|p2a: Hoopa
|-status|p2a: Hoopa|brn
|
|-damage|p2a: Hoopa|55/100 brn|[from] brn
|upkeep
|turn|6
|
|t:|1760371992
|switch|p2a: Vaporeon|Vaporeon, F|100/100
|move|p1a: Weezing|Strange Steam|p2a: Vaporeon
|-damage|p2a: Vaporeon|83/100
|-start|p2a: Vaporeon|confusion
|
|-heal|p2a: Vaporeon|89/100|[from] item: Leftovers
|upkeep
|turn|7
|
|t:|1760372002
|-end|p1a: Weezing|ability: Neutralizing Gas
|switch|p1a: Darkrai|Darkrai|100/100
|-activate|p2a: Vaporeon|confusion
|-damage|p2a: Vaporeon|82/100|[from] confusion
|
|-end|p1a: Darkrai|move: Future Sight
|-immune|p1a: Darkrai
|-heal|p2a: Vaporeon|88/100|[from] item: Leftovers
|upkeep
|turn|8
|
|t:|1760372017
|switch|p1a: Orthworm|Orthworm, M|100/100
|-activate|p2a: Vaporeon|confusion
|move|p2a: Vaporeon|Wish|p2a: Vaporeon
|
|-heal|p2a: Vaporeon|94/100|[from] item: Leftovers
|upkeep
|turn|9
|
|t:|1760372025
|-activate|p2a: Vaporeon|confusion
|move|p2a: Vaporeon|Flip Turn|p1a: Orthworm
|-damage|p1a: Orthworm|91/100
|
|t:|1760372028
|switch|p2a: Ursaluna|Ursaluna, M|39/100 brn|[from] Flip Turn
|move|p1a: Orthworm|Coil|p1a: Orthworm
|-boost|p1a: Orthworm|atk|1
|-boost|p1a: Orthworm|def|1
|-boost|p1a: Orthworm|accuracy|1
|
|-heal|p2a: Ursaluna|90/100 brn|[from] move: Wish|[wisher] Vaporeon
|-damage|p2a: Ursaluna|84/100 brn|[from] brn
|upkeep
|turn|10
|
|t:|1760372039
|move|p1a: Orthworm|Body Press|p2a: Ursaluna
|-supereffective|p2a: Ursaluna
|-damage|p2a: Ursaluna|33/100 brn
|move|p2a: Ursaluna|Swords Dance|p2a: Ursaluna
|-boost|p2a: Ursaluna|atk|2
|
|-damage|p2a: Ursaluna|27/100 brn|[from] brn
|upkeep
|turn|11
|
|t:|1760372048
|move|p1a: Orthworm|Body Press|p2a: Ursaluna
|-supereffective|p2a: Ursaluna
|-damage|p2a: Ursaluna|0 fnt
|faint|p2a: Ursaluna
|
|upkeep
|
|t:|1760372058
|switch|p2a: Skeledirge|Skeledirge, F|100/100
|turn|12
|
|t:|1760372083
|move|p2a: Skeledirge|Torch Song|p1a: Orthworm
|-supereffective|p1a: Orthworm
|-damage|p1a: Orthworm|0 fnt
|-boost|p2a: Skeledirge|spa|1
|faint|p1a: Orthworm
|
|upkeep
|inactive|ZeBoomer has 120 seconds left.
|
|t:|1760372103
|switch|p1a: Darkrai|Darkrai|100/100
|turn|13
|
|t:|1760372114
|-terastallize|p2a: Skeledirge|Dark
|move|p1a: Darkrai|Ice Beam|p2a: Skeledirge
|-damage|p2a: Skeledirge|62/100
|move|p2a: Skeledirge|Alluring Voice|p1a: Darkrai
|-supereffective|p1a: Darkrai
|-damage|p1a: Darkrai|9/100
|
|-heal|p2a: Skeledirge|68/100|[from] item: Leftovers
|upkeep
|turn|14
|
|t:|1760372126
|switch|p1a: Weezing|Weezing-Galar, F|100/100
|-ability|p1a: Weezing|Neutralizing Gas
|move|p2a: Skeledirge|Torch Song|p1a: Weezing
|-damage|p1a: Weezing|28/100
|-boost|p2a: Skeledirge|spa|1
|
|-heal|p2a: Skeledirge|74/100|[from] item: Leftovers
|upkeep
|turn|15
|
|t:|1760372135
|move|p2a: Skeledirge|Torch Song|p1a: Weezing
|-damage|p1a: Weezing|0 fnt
|-boost|p2a: Skeledirge|spa|1
|faint|p1a: Weezing
|-end|p1a: Weezing|ability: Neutralizing Gas
|
|-heal|p2a: Skeledirge|80/100|[from] item: Leftovers
|upkeep
|
|t:|1760372145
|switch|p1a: Dragapult|Dragapult, F|100/100
|turn|16
|
|t:|1760372150
|-terastallize|p1a: Dragapult|Dragon
|move|p1a: Dragapult|Dragon Darts|p2a: Skeledirge
|-crit|p2a: Skeledirge
|-damage|p2a: Skeledirge|49/100
|-anim|p1a: Dragapult|Dragon Darts|p2a: Skeledirge
|-crit|p2a: Skeledirge
|-damage|p2a: Skeledirge|17/100
|move|p2a: Skeledirge|Shadow Ball|p1a: Dragapult
|-crit|p1a: Dragapult
|-damage|p1a: Dragapult|0 fnt
|faint|p1a: Dragapult
|
|-heal|p2a: Skeledirge|23/100|[from] item: Leftovers
|upkeep
|c|☆ZeBoomer|lot of crits lol
|
|t:|1760372178
|switch|p1a: Darkrai|Darkrai|9/100
|turn|17
|
|t:|1760372186
|move|p1a: Darkrai|Sludge Bomb|p2a: Skeledirge
|-damage|p2a: Skeledirge|0 fnt
|faint|p2a: Skeledirge
|
|upkeep
|
|t:|1760372196
|switch|p2a: Enamorus|Enamorus-Therian, F|100/100
|turn|18
|
|t:|1760372201
|move|p1a: Darkrai|Sludge Bomb|p2a: Enamorus
|-supereffective|p2a: Enamorus
|-damage|p2a: Enamorus|35/100
|move|p2a: Enamorus|Moonblast|p1a: Darkrai
|-supereffective|p1a: Darkrai
|-damage|p1a: Darkrai|0 fnt
|faint|p1a: Darkrai
|
|-heal|p2a: Enamorus|41/100|[from] item: Leftovers
|upkeep
|
|t:|1760372206
|switch|p1a: Graveler|Graveler, M|100/100
|turn|19
|
|t:|1760372212
|move|p1a: Graveler|Rock Polish|p1a: Graveler
|-boost|p1a: Graveler|spe|2
|move|p2a: Enamorus|Earth Power|p1a: Graveler
|-supereffective|p1a: Graveler
|-ability|p1a: Graveler|Sturdy
|-damage|p1a: Graveler|1/100
|
|-heal|p2a: Enamorus|47/100|[from] item: Leftovers
|upkeep
|turn|20
|
|t:|1760372222
|move|p1a: Graveler|Rollout|p2a: Enamorus
|-supereffective|p2a: Enamorus
|-damage|p2a: Enamorus|27/100
|move|p2a: Enamorus|Earth Power|p1a: Graveler
|-supereffective|p1a: Graveler
|-crit|p1a: Graveler
|-damage|p1a: Graveler|0 fnt
|faint|p1a: Graveler
|
|win|versacis
|raw|ZeBoomer's rating: 1244 &rarr; <strong>1216</strong><br />(-28 for losing)
|raw|versacis's rating: 1207 &rarr; <strong>1235</strong><br />(+28 for winning)
|c|☆versacis|gg
|c|☆ZeBoomer|gg :)
|l|☆ZeBoomer
|player|p1|
|l|☆versacis
|player|p2|
