|j|☆snakey77
|j|☆NatteSokken
|t:|1760348736
|gametype|singles
|player|p1|snakey77|169|1469
|player|p2|NatteSokken|cynthia-gen4|1454
|gen|9
|tier|[Gen 9] OU
|rated|
|rule|HP Percentage Mod: HP is shown in percentages
|rule|Endless Battle Clause: Forcing endless battles is banned
|rule|Species Clause: Limit one of each Pokémon
|rule|OHKO Clause: OHKO moves are banned
|rule|Evasion Items Clause: Evasion items are banned
|rule|Evasion Moves Clause: Evasion moves are banned
|rule|Evasion Abilities Clause: Evasion abilities are banned
|rule|Sleep Moves Clause: Sleep-inducing moves are banned
|clearpoke
|poke|p1|Armarouge, M|
|poke|p1|Great Tusk|
|poke|p1|Deoxys-Speed|
|poke|p1|Hawlucha, F|
|poke|p1|Indeedee, M|
|poke|p1|Samurott-Hisui, M|
|poke|p2|Ogerpon-Wellspring, F|
|poke|p2|Kingambit, F|
|poke|p2|Landorus-Therian, M|
|poke|p2|Glimmora, F|
|poke|p2|Dragapult, M|
|poke|p2|Iron Valiant|
|teampreview
|inactive|Battle timer is ON: inactive players will automatically lose when time's up. (requested by NatteSokken)
|
|t:|1760348758
|teamsize|p1|6
|teamsize|p2|6
|start
|switch|p1a: Great Tusk|Great Tusk|100/100
|switch|p2a: Dragapult|Dragapult, M|100/100
|-enditem|p1a: Great Tusk|Booster Energy
|-activate|p1a: Great Tusk|ability: Protosynthesis|[fromitem]
|-start|p1a: Great Tusk|protosynthesisspe
|turn|1
|
|t:|1760348768
|move|p1a: Great Tusk|Head Smash|p2a: Dragapult
|-damage|p2a: Dragapult|40/100
|-damage|p1a: Great Tusk|78/100|[from] Recoil
|move|p2a: Dragapult|Draco Meteor|p1a: Great Tusk
|-damage|p1a: Great Tusk|0 fnt
|-unboost|p2a: Dragapult|spa|2
|faint|p1a: Great Tusk
|-end|p1a: Great Tusk|Protosynthesis|[silent]
|
|upkeep
|
|t:|1760348778
|switch|p1a: Samurott|Samurott-Hisui, M|100/100
|turn|2
|
|t:|1760348782
|switch|p2a: Landorus|Landorus-Therian, M|100/100
|-ability|p2a: Landorus|Intimidate|boost
|-unboost|p1a: Samurott|atk|1
|move|p1a: Samurott|Ceaseless Edge|p2a: Landorus
|-damage|p2a: Landorus|71/100
|-damage|p1a: Samurott|84/100|[from] item: Rocky Helmet|[of] p2a: Landorus
|-sidestart|p2: NatteSokken|Spikes
|
|upkeep
|turn|3
|
|t:|1760348793
|move|p1a: Samurott|Ceaseless Edge|p2a: Landorus
|-damage|p2a: Landorus|41/100
|-damage|p1a: Samurott|68/100|[from] item: Rocky Helmet|[of] p2a: Landorus
|-sidestart|p2: NatteSokken|Spikes
|move|p2a: Landorus|U-turn|p1a: Samurott
|-supereffective|p1a: Samurott
|-damage|p1a: Samurott|7/100
|
|t:|1760348805
|switch|p2a: Iron Valiant|Iron Valiant|100/100|[from] U-turn
|-damage|p2a: Iron Valiant|84/100|[from] Spikes
|-enditem|p2a: Iron Valiant|Booster Energy
|-activate|p2a: Iron Valiant|ability: Quark Drive|[fromitem]
|-start|p2a: Iron Valiant|quarkdrivespe
|
|upkeep
|turn|4
|
|t:|1760348812
|switch|p1a: Indeedee|Indeedee, M|100/100
|-fieldstart|move: Psychic Terrain|[from] ability: Psychic Surge|[of] p1a: Indeedee
|move|p2a: Iron Valiant|Swords Dance|p2a: Iron Valiant
|-boost|p2a: Iron Valiant|atk|2
|
|upkeep
|turn|5
|inactive|snakey77 has 120 seconds left.
|
|t:|1760348849
|switch|p1a: Samurott|Samurott-Hisui, M|7/100
|move|p2a: Iron Valiant|Knock Off|p1a: Samurott
|-resisted|p1a: Samurott
|-damage|p1a: Samurott|0 fnt
|-enditem|p1a: Samurott|Choice Scarf|[from] move: Knock Off|[of] p2a: Iron Valiant
|faint|p1a: Samurott
|
|upkeep
|
|t:|1760348853
|switch|p1a: Deoxys|Deoxys-Speed|100/100
|-ability|p1a: Deoxys|Pressure
|turn|6
|
|t:|1760348859
|move|p2a: Iron Valiant|Knock Off|p1a: Deoxys
|-supereffective|p1a: Deoxys
|-damage|p1a: Deoxys|0 fnt
|-enditem|p1a: Deoxys|Life Orb|[from] move: Knock Off|[of] p2a: Iron Valiant
|faint|p1a: Deoxys
|
|upkeep
|
|t:|1760348869
|switch|p1a: EL CONDOR PASA|Hawlucha, F|100/100
|-enditem|p1a: EL CONDOR PASA|Psychic Seed
|-boost|p1a: EL CONDOR PASA|spd|1|[from] item: Psychic Seed
|turn|7
|
|t:|1760348875
|move|p1a: EL CONDOR PASA|Acrobatics|p2a: Iron Valiant
|-supereffective|p2a: Iron Valiant
|-damage|p2a: Iron Valiant|0 fnt
|faint|p2a: Iron Valiant
|-end|p2a: Iron Valiant|Quark Drive|[silent]
|
|upkeep
|
|t:|1760348878
|switch|p2a: Landorus|Landorus-Therian, M|41/100
|-ability|p2a: Landorus|Intimidate|boost
|-unboost|p1a: EL CONDOR PASA|atk|1
|turn|8
|
|t:|1760348887
|move|p1a: EL CONDOR PASA|Swords Dance|p1a: EL CONDOR PASA
|-boost|p1a: EL CONDOR PASA|atk|2
|move|p2a: Landorus|U-turn|p1a: EL CONDOR PASA
|-resisted|p1a: EL CONDOR PASA
|-damage|p1a: EL CONDOR PASA|94/100
|
|t:|1760348892
|switch|p2a: Glimmora|Glimmora, F|100/100|[from] U-turn
|-damage|p2a: Glimmora|84/100|[from] Spikes
|
|upkeep
|turn|9
|
|t:|1760348915
|move|p1a: EL CONDOR PASA|Close Combat|p2a: Glimmora
|-damage|p2a: Glimmora|0 fnt
|-unboost|p1a: EL CONDOR PASA|def|1
|-unboost|p1a: EL CONDOR PASA|spd|1
|-activate|p2a: Glimmora|ability: Toxic Debris
|-sidestart|p1: snakey77|move: Toxic Spikes
|faint|p2a: Glimmora
|
|upkeep
|
|t:|1760348920
|switch|p2a: Landorus|Landorus-Therian, M|41/100
|-ability|p2a: Landorus|Intimidate|boost
|-unboost|p1a: EL CONDOR PASA|atk|1
|turn|10
|
|t:|1760348938
|move|p1a: EL CONDOR PASA|Swords Dance|p1a: EL CONDOR PASA
|-boost|p1a: EL CONDOR PASA|atk|2
|move|p2a: Landorus|U-turn|p1a: EL CONDOR PASA
|-resisted|p1a: EL CONDOR PASA
|-damage|p1a: EL CONDOR PASA|82/100
|
|t:|1760348942
|switch|p2a: Kingambit|Kingambit, F|100/100|[from] U-turn
|-damage|p2a: Kingambit|84/100|[from] Spikes
|-activate|p2a: Kingambit|ability: Supreme Overlord
|-start|p2a: Kingambit|fallen2|[silent]
|
|-heal|p2a: Kingambit|90/100|[from] item: Leftovers
|upkeep
|turn|11
|
|t:|1760348946
|-terastallize|p2a: Kingambit|Ghost
|move|p1a: EL CONDOR PASA|Close Combat|p2a: Kingambit
|-immune|p2a: Kingambit
|move|p2a: Kingambit|Iron Head|p1a: EL CONDOR PASA
|-damage|p1a: EL CONDOR PASA|0 fnt
|faint|p1a: EL CONDOR PASA
|
|-heal|p2a: Kingambit|97/100|[from] item: Leftovers
|-fieldend|move: Psychic Terrain
|upkeep
|
|t:|1760348951
|switch|p1a: Indeedee|Indeedee, M|100/100
|-status|p1a: Indeedee|psn
|-fieldstart|move: Psychic Terrain|[from] ability: Psychic Surge|[of] p1a: Indeedee
|turn|12
|
|t:|1760348974
|move|p1a: Indeedee|Expanding Force|p2a: Kingambit
|-damage|p2a: Kingambit|41/100
|move|p2a: Kingambit|Kowtow Cleave|p1a: Indeedee
|-supereffective|p1a: Indeedee
|-crit|p1a: Indeedee
|-damage|p1a: Indeedee|0 fnt
|faint|p1a: Indeedee
|
|-heal|p2a: Kingambit|47/100|[from] item: Leftovers
|upkeep
|
|t:|1760348976
|switch|p1a: Armarouge|Armarouge, M|100/100
|-status|p1a: Armarouge|psn
|turn|13
|inactive|snakey77 has 120 seconds left.
|
|t:|1760349005
|-terastallize|p1a: Armarouge|Fighting
|move|p1a: Armarouge|Calm Mind|p1a: Armarouge
|-boost|p1a: Armarouge|spa|1
|-boost|p1a: Armarouge|spd|1
|move|p2a: Kingambit|Kowtow Cleave|p1a: Armarouge
|-resisted|p1a: Armarouge
|-damage|p1a: Armarouge|70/100 psn
|-ability|p1a: Armarouge|Weak Armor|boost
|-unboost|p1a: Armarouge|def|1
|-boost|p1a: Armarouge|spe|2
|
|-heal|p2a: Kingambit|54/100|[from] item: Leftovers
|-damage|p1a: Armarouge|58/100 psn|[from] psn
|upkeep
|turn|14
|
|t:|1760349012
|move|p1a: Armarouge|Expanding Force|p2a: Kingambit
|-damage|p2a: Kingambit|0 fnt
|faint|p2a: Kingambit
|-end|p2a: Kingambit|fallen2|[silent]
|-damage|p1a: Armarouge|48/100 psn|[from] item: Life Orb
|
|-damage|p1a: Armarouge|35/100 psn|[from] psn
|upkeep
|
|t:|1760349021
|switch|p2a: Landorus|Landorus-Therian, M|41/100
|-ability|p2a: Landorus|Intimidate|boost
|-unboost|p1a: Armarouge|atk|1
|turn|15
|
|t:|1760349024
|move|p1a: Armarouge|Expanding Force|p2a: Landorus
|-damage|p2a: Landorus|0 fnt
|faint|p2a: Landorus
|-damage|p1a: Armarouge|25/100 psn|[from] item: Life Orb
|
|-damage|p1a: Armarouge|13/100 psn|[from] psn
|upkeep
|
|t:|1760349028
|switch|p2a: Dragapult|Dragapult, M|40/100
|-damage|p2a: Dragapult|24/100|[from] Spikes
|turn|16
|
|t:|1760349030
|move|p1a: Armarouge|Expanding Force|p2a: Dragapult
|-damage|p2a: Dragapult|0 fnt
|faint|p2a: Dragapult
|-damage|p1a: Armarouge|3/100 psn|[from] item: Life Orb
|
|-damage|p1a: Armarouge|0 fnt|[from] psn
|faint|p1a: Armarouge
|
|win|NatteSokken
|raw|snakey77's rating: 1469 &rarr; <strong>1448</strong><br />(-21 for losing)
|raw|NatteSokken's rating: 1454 &rarr; <strong>1475</strong><br />(+21 for winning)
|l|☆snakey77
|player|p1|
|l|☆NatteSokken
|player|p2|
