|badge|p2|silver|gen9ou|30-7
|uhtml|medal-msg|<div class="broadcast-blue">Curious what those medals under the avatar are? PS now has Ladder Seasons! For more information, check out the <a href="https://www.smogon.com/forums/threads/3740067/">thread on Smogon.</a></div>
|j|☆teamskullenoxa
|j|☆Swiscool
|t:|1760389882
|gametype|singles
|player|p1|teamskullenoxa|102|1762
|player|p2|Swiscool|2|1913
|gen|9
|tier|[Gen 9] OU
|rated|
|rule|HP Percentage Mod: HP is shown in percentages
|rule|Endless Battle Clause: Forcing endless battles is banned
|rule|Species Clause: Limit one of each Pokémon
|rule|OHKO Clause: OHKO moves are banned
|rule|Evasion Items Clause: Evasion items are banned
|rule|Evasion Moves Clause: Evasion moves are banned
|rule|Evasion Abilities Clause: Evasion abilities are banned
|rule|Sleep Moves Clause: Sleep-inducing moves are banned
|clearpoke
|poke|p1|Lokix, M|
|poke|p1|Slowking-Galar, F|
|poke|p1|Weavile, F|
|poke|p1|Enamorus, F|
|poke|p1|Alomomola, M|
|poke|p1|Cinderace, F|
|poke|p2|Samurott-Hisui, M|
|poke|p2|Darkrai|
|poke|p2|Kingambit, M|
|poke|p2|Landorus-Therian, M|
|poke|p2|Pecharunt|
|poke|p2|Enamorus, F|
|teampreview
|inactive|Battle timer is ON: inactive players will automatically lose when time's up. (requested by Swiscool)
|
|t:|1760389896
|teamsize|p1|6
|teamsize|p2|6
|start
|switch|p1a: Weavile|Weavile, F|100/100
|switch|p2a: Enamorus|Enamorus, F|100/100
|-ability|p1a: Weavile|Pressure
|turn|1
|j| OP Earthquakes
|
|t:|1760389905
|switch|p1a: Alomomola|Alomomola, M|100/100
|switch|p2a: Samurott|Samurott-Hisui, M|100/100
|
|upkeep
|turn|2
|
|t:|1760389910
|move|p2a: Samurott|Knock Off|p1a: Alomomola
|-damage|p1a: Alomomola|56/100
|-enditem|p1a: Alomomola|Assault Vest|[from] move: Knock Off|[of] p2a: Samurott
|move|p1a: Alomomola|Flip Turn|p2a: Samurott
|-resisted|p2a: Samurott
|-damage|p2a: Samurott|90/100
|
|t:|1760389913
|switch|p1a: Lokix|Lokix, M|100/100|[from] Flip Turn
|
|upkeep
|turn|3
|
|t:|1760389918
|switch|p2a: Enamorus|Enamorus, F|100/100
|move|p1a: Lokix|Knock Off|p2a: Enamorus
|-resisted|p2a: Enamorus
|-damage|p2a: Enamorus|21/100
|-enditem|p2a: Enamorus|Choice Specs|[from] move: Knock Off|[of] p1a: Lokix
|
|upkeep
|turn|4
|
|t:|1760389926
|switch|p2a: Samurott|Samurott-Hisui, M|90/100
|move|p1a: Lokix|Sucker Punch||[still]
|-fail|p1a: Lokix
|
|upkeep
|turn|5
|
|t:|1760389934
|switch|p2a: Pecharunt|Pecharunt|100/100
|move|p1a: Lokix|U-turn|p2a: Pecharunt
|-resisted|p2a: Pecharunt
|-damage|p2a: Pecharunt|91/100
|
|t:|1760389937
|switch|p1a: Weavile|Weavile, F|100/100|[from] U-turn
|-ability|p1a: Weavile|Pressure
|
|upkeep
|turn|6
|
|t:|1760389942
|move|p1a: Weavile|Knock Off|p2a: Pecharunt
|-supereffective|p2a: Pecharunt
|-damage|p2a: Pecharunt|23/100
|-enditem|p2a: Pecharunt|Heavy-Duty Boots|[from] move: Knock Off|[of] p1a: Weavile
|move|p2a: Pecharunt|Recover|p2a: Pecharunt
|-heal|p2a: Pecharunt|73/100
|
|upkeep
|turn|7
|l| OP Earthquakes
|
|t:|1760389947
|move|p1a: Weavile|Knock Off|p2a: Pecharunt
|-supereffective|p2a: Pecharunt
|-damage|p2a: Pecharunt|25/100
|move|p2a: Pecharunt|Parting Shot|p1a: Weavile
|-unboost|p1a: Weavile|atk|1
|-unboost|p1a: Weavile|spa|1
|
|t:|1760389952
|switch|p2a: Samurott|Samurott-Hisui, M|90/100|[from] Parting Shot
|
|upkeep
|turn|8
|
|t:|1760389958
|switch|p1a: Lokix|Lokix, M|100/100
|move|p2a: Samurott|Ceaseless Edge|p1a: Lokix
|-resisted|p1a: Lokix
|-damage|p1a: Lokix|62/100
|-sidestart|p1: teamskullenoxa|Spikes
|
|upkeep
|turn|9
|
|t:|1760389964
|switch|p2a: Pecharunt|Pecharunt|25/100
|move|p1a: Lokix|First Impression|p2a: Pecharunt
|-resisted|p2a: Pecharunt
|-damage|p2a: Pecharunt|13/100
|
|upkeep
|turn|10
|
|t:|1760389970
|switch|p2a: Landorus|Landorus-Therian, M|100/100
|-ability|p2a: Landorus|Intimidate|boost
|-unboost|p1a: Lokix|atk|1
|move|p1a: Lokix|Knock Off|p2a: Landorus
|-damage|p2a: Landorus|77/100
|-damage|p1a: Lokix|45/100|[from] item: Rocky Helmet|[of] p2a: Landorus
|-enditem|p2a: Landorus|Rocky Helmet|[from] move: Knock Off|[of] p1a: Lokix
|
|upkeep
|turn|11
|
|t:|1760389979
|switch|p1a: Enamorus|Enamorus, F|100/100
|move|p2a: Landorus|U-turn|p1a: Enamorus
|-resisted|p1a: Enamorus
|-damage|p1a: Enamorus|92/100
|
|t:|1760389985
|switch|p2a: Darkrai|Darkrai|100/100|[from] U-turn
|
|upkeep
|turn|12
|
|t:|1760389989
|switch|p1a: Alomomola|Alomomola, M|89/100
|-damage|p1a: Alomomola|77/100|[from] Spikes
|move|p2a: Darkrai|Ice Beam|p1a: Alomomola
|-resisted|p1a: Alomomola
|-damage|p1a: Alomomola|64/100
|
|upkeep
|turn|13
|
|t:|1760389995
|switch|p2a: Landorus|Landorus-Therian, M|77/100
|-ability|p2a: Landorus|Intimidate|boost
|-unboost|p1a: Alomomola|atk|1
|move|p1a: Alomomola|Flip Turn|p2a: Landorus
|-supereffective|p2a: Landorus
|-damage|p2a: Landorus|62/100
|inactive|teamskullenoxa has 120 seconds left.
|
|t:|1760390047
|switch|p1a: Enamorus|Enamorus, F|92/100|[from] Flip Turn
|
|upkeep
|turn|14
|
|t:|1760390050
|move|p1a: Enamorus|Moonblast|p2a: Landorus
|-crit|p2a: Landorus
|-damage|p2a: Landorus|0 fnt
|faint|p2a: Landorus
|
|upkeep
|
|t:|1760390057
|switch|p2a: Darkrai|Darkrai|100/100
|turn|15
|
|t:|1760390063
|switch|p2a: Enamorus|Enamorus, F|21/100
|switch|p1a: Alomomola|Alomomola, M|98/100
|-damage|p1a: Alomomola|85/100|[from] Spikes
|
|upkeep
|turn|16
|
|t:|1760390071
|move|p2a: Enamorus|Healing Wish|p2a: Enamorus
|faint|p2a: Enamorus
|move|p1a: Alomomola|Flip Turn|p2: Enamorus|[notarget]
|-fail|p1a: Alomomola
|
|upkeep
|
|t:|1760390075
|switch|p2a: Pecharunt|Pecharunt|13/100
|-heal|p2a: Pecharunt|100/100|[from] move: Healing Wish
|turn|17
|
|t:|1760390080
|move|p2a: Pecharunt|Malignant Chain|p1a: Alomomola
|-damage|p1a: Alomomola|62/100
|move|p1a: Alomomola|Mirror Coat|p2a: Pecharunt
|-damage|p2a: Pecharunt|34/100
|
|upkeep
|turn|18
|
|t:|1760390087
|move|p2a: Pecharunt|Recover|p2a: Pecharunt
|-heal|p2a: Pecharunt|84/100
|move|p1a: Alomomola|Flip Turn|p2a: Pecharunt
|-damage|p2a: Pecharunt|77/100
|
|t:|1760390091
|switch|p1a: Slowking|Slowking-Galar, F|100/100|[from] Flip Turn
|-damage|p1a: Slowking|88/100|[from] Spikes
|
|upkeep
|turn|19
|
|t:|1760390096
|move|p2a: Pecharunt|Parting Shot|p1a: Slowking
|-unboost|p1a: Slowking|atk|1
|-unboost|p1a: Slowking|spa|1
|
|t:|1760390098
|switch|p2a: Samurott|Samurott-Hisui, M|90/100|[from] Parting Shot
|move|p1a: Slowking|Future Sight|p2a: Samurott
|-start|p1a: Slowking|move: Future Sight
|
|upkeep
|turn|20
|
|t:|1760390104
|move|p2a: Samurott|Ceaseless Edge|p1a: Slowking
|-supereffective|p1a: Slowking
|-damage|p1a: Slowking|6/100
|-sidestart|p1: teamskullenoxa|Spikes
|-prepare|p1a: Slowking|Chilly Reception|[premajor]
|move|p1a: Slowking|Chilly Reception|p1a: Slowking
|-weather|Snowscape
|
|t:|1760390114
|switch|p1a: Enamorus|Enamorus, F|92/100|[from] Chilly Reception
|
|-weather|Snowscape|[upkeep]
|upkeep
|turn|21
|
|t:|1760390118
|switch|p2a: Pecharunt|Pecharunt|77/100
|move|p1a: Enamorus|Moonblast|p2a: Pecharunt
|-resisted|p2a: Pecharunt
|-damage|p2a: Pecharunt|49/100
|-unboost|p2a: Pecharunt|spa|1
|
|-weather|Snowscape|[upkeep]
|-end|p2a: Pecharunt|move: Future Sight
|-supereffective|p2a: Pecharunt
|-damage|p2a: Pecharunt|0 fnt
|faint|p2a: Pecharunt
|upkeep
|
|t:|1760390123
|switch|p2a: Kingambit|Kingambit, M|100/100
|-activate|p2a: Kingambit|ability: Supreme Overlord
|-start|p2a: Kingambit|fallen3|[silent]
|-item|p2a: Kingambit|Air Balloon
|turn|22
|
|t:|1760390131
|move|p1a: Enamorus|Moonblast|p2a: Kingambit
|-damage|p2a: Kingambit|42/100
|-enditem|p2a: Kingambit|Air Balloon
|move|p2a: Kingambit|Iron Head|p1a: Enamorus
|-supereffective|p1a: Enamorus
|-damage|p1a: Enamorus|0 fnt
|faint|p1a: Enamorus
|
|-weather|Snowscape|[upkeep]
|upkeep
|
|t:|1760390134
|switch|p1a: Cinderace|Cinderace, F|100/100
|turn|23
|
|t:|1760390147
|move|p1a: Cinderace|Pyro Ball|p2a: Kingambit
|-supereffective|p2a: Kingambit
|-damage|p2a: Kingambit|0 fnt
|faint|p2a: Kingambit
|-end|p2a: Kingambit|fallen3|[silent]
|
|-weather|Snowscape|[upkeep]
|upkeep
|
|t:|1760390150
|switch|p2a: Darkrai|Darkrai|100/100
|turn|24
|
|t:|1760390159
|move|p2a: Darkrai|Dark Pulse|p1a: Cinderace
|-damage|p1a: Cinderace|41/100
|move|p1a: Cinderace|High Jump Kick|p2a: Darkrai
|-supereffective|p2a: Darkrai
|-damage|p2a: Darkrai|0 fnt
|faint|p2a: Darkrai
|
|-weather|none
|upkeep
|
|t:|1760390163
|switch|p2a: Samurott|Samurott-Hisui, M|90/100
|turn|25
|
|t:|1760390167
|move|p2a: Samurott|Sucker Punch|p1a: Cinderace
|-damage|p1a: Cinderace|0 fnt
|faint|p1a: Cinderace
|
|upkeep
|
|t:|1760390173
|switch|p1a: Lokix|Lokix, M|45/100
|-damage|p1a: Lokix|29/100|[from] Spikes
|turn|26
|
|t:|1760390175
|-terastallize|p1a: Lokix|Bug
|move|p1a: Lokix|First Impression|p2a: Samurott
|-supereffective|p2a: Samurott
|-damage|p2a: Samurott|0 fnt
|faint|p2a: Samurott
|
|win|teamskullenoxa
|raw|teamskullenoxa's rating: 1762 &rarr; <strong>1790</strong><br />(+28 for winning)
|raw|Swiscool's rating: 1913 &rarr; <strong>1885</strong><br />(-28 for losing)
|l|☆Swiscool
|player|p2|
|l|☆teamskullenoxa
|player|p1|
