|j|☆Overgame00
|j|☆DaBigBingus
|t:|1760366847
|gametype|singles
|player|p1|Overgame00|larry|1461
|player|p2|DaBigBingus|lance|1438
|gen|9
|tier|[Gen 9] OU
|rated|
|rule|HP Percentage Mod: HP is shown in percentages
|rule|Endless Battle Clause: Forcing endless battles is banned
|rule|Species Clause: Limit one of each Pokémon
|rule|OHKO Clause: OHKO moves are banned
|rule|Evasion Items Clause: Evasion items are banned
|rule|Evasion Moves Clause: Evasion moves are banned
|rule|Evasion Abilities Clause: Evasion abilities are banned
|rule|Sleep Moves Clause: Sleep-inducing moves are banned
|clearpoke
|poke|p1|Revavroom, M|
|poke|p1|Enamorus, F|
|poke|p1|Cinderace, F|
|poke|p1|Ting-Lu|
|poke|p1|Ogerpon-Wellspring, F|
|poke|p1|Raging Bolt|
|poke|p2|Iron Crown|
|poke|p2|Iron Hands|
|poke|p2|Dragonite, F|
|poke|p2|Great Tusk|
|poke|p2|Grimmsnarl, M|
|poke|p2|Glimmora, F|
|teampreview
|
|t:|1760366863
|teamsize|p1|6
|teamsize|p2|6
|start
|switch|p1a: Enamorus|Enamorus, F|100/100
|switch|p2a: Glimmora|Glimmora, F|100/100
|turn|1
|
|t:|1760366884
|-terastallize|p2a: Glimmora|Fairy
|move|p1a: Enamorus|Earth Power|p2a: Glimmora
|-damage|p2a: Glimmora|55/100
|move|p2a: Glimmora|Meteor Beam||[still]
|-prepare|p2a: Glimmora|Meteor Beam
|-boost|p2a: Glimmora|spa|1
|-enditem|p2a: Glimmora|Power Herb
|-anim|p2a: Glimmora|Meteor Beam|p1a: Enamorus|[miss]
|-miss|p2a: Glimmora|p1a: Enamorus
|
|upkeep
|turn|2
|
|t:|1760366902
|switch|p1a: Ting-Lu|Ting-Lu|100/100
|-ability|p1a: Ting-Lu|Vessel of Ruin
|move|p2a: Glimmora|Mortal Spin|p1a: Ting-Lu
|-resisted|p1a: Ting-Lu
|-damage|p1a: Ting-Lu|99/100
|-status|p1a: Ting-Lu|psn
|
|-heal|p1a: Ting-Lu|100/100 psn|[from] item: Leftovers
|-damage|p1a: Ting-Lu|88/100 psn|[from] psn
|upkeep
|turn|3
|
|t:|1760366912
|move|p2a: Glimmora|Dazzling Gleam|p1a: Ting-Lu
|-supereffective|p1a: Ting-Lu
|-damage|p1a: Ting-Lu|43/100 psn
|move|p1a: Ting-Lu|Heavy Slam|p2a: Glimmora
|-supereffective|p2a: Glimmora
|-damage|p2a: Glimmora|0 fnt
|-activate|p2a: Glimmora|ability: Toxic Debris
|-sidestart|p1: Overgame00|move: Toxic Spikes
|faint|p2a: Glimmora
|
|-heal|p1a: Ting-Lu|49/100 psn|[from] item: Leftovers
|-damage|p1a: Ting-Lu|36/100 psn|[from] psn
|upkeep
|
|t:|1760366924
|switch|p2a: Great Tusk|Great Tusk|100/100
|-enditem|p2a: Great Tusk|Booster Energy
|-activate|p2a: Great Tusk|ability: Protosynthesis|[fromitem]
|-start|p2a: Great Tusk|protosynthesisspe
|turn|4
|
|t:|1760366931
|move|p2a: Great Tusk|Bulk Up|p2a: Great Tusk
|-boost|p2a: Great Tusk|atk|1
|-boost|p2a: Great Tusk|def|1
|move|p1a: Ting-Lu|Whirlwind|p2a: Great Tusk
|-end|p2a: Great Tusk|Protosynthesis|[silent]
|drag|p2a: Dragonite|Dragonite, F|100/100
|
|-heal|p1a: Ting-Lu|43/100 psn|[from] item: Leftovers
|-damage|p1a: Ting-Lu|30/100 psn|[from] psn
|upkeep
|turn|5
|
|t:|1760366940
|move|p2a: Dragonite|Encore|p1a: Ting-Lu
|-start|p1a: Ting-Lu|Encore
|move|p1a: Ting-Lu|Whirlwind|p2a: Dragonite
|drag|p2a: Iron Hands|Iron Hands|100/100
|
|-heal|p1a: Ting-Lu|36/100 psn|[from] item: Leftovers
|-damage|p1a: Ting-Lu|24/100 psn|[from] psn
|upkeep
|turn|6
|
|t:|1760366950
|move|p2a: Iron Hands|Ice Punch|p1a: Ting-Lu
|-supereffective|p1a: Ting-Lu
|-damage|p1a: Ting-Lu|0 fnt
|faint|p1a: Ting-Lu
|
|upkeep
|
|t:|1760366979
|switch|p1a: Cinderace|Cinderace, F|100/100
|turn|7
|
|t:|1760366990
|-end|p2a: Iron Hands|Quark Drive|[silent]
|switch|p2a: Great Tusk|Great Tusk|100/100
|move|p1a: Cinderace|Court Change|p1a: Cinderace
|-start|p1a: Cinderace|typechange|Normal|[from] ability: Libero
|-swapsideconditions
|-activate|p1a: Cinderace|move: Court Change
|
|upkeep
|turn|8
|
|t:|1760366997
|switch|p1a: Enamorus|Enamorus, F|100/100
|move|p2a: Great Tusk|Rapid Spin|p1a: Enamorus
|-damage|p1a: Enamorus|77/100
|-boost|p2a: Great Tusk|spe|1
|-sideend|p2: DaBigBingus|Toxic Spikes|[from] move: Rapid Spin|[of] p2a: Great Tusk
|
|upkeep
|turn|9
|
|t:|1760367006
|move|p1a: Enamorus|Moonblast|p2a: Great Tusk
|-supereffective|p2a: Great Tusk
|-damage|p2a: Great Tusk|0 fnt
|faint|p2a: Great Tusk
|-end|p2a: Great Tusk|Protosynthesis|[silent]
|
|upkeep
|
|t:|1760367012
|switch|p2a: Iron Crown|Iron Crown|100/100
|-enditem|p2a: Iron Crown|Booster Energy
|-activate|p2a: Iron Crown|ability: Quark Drive|[fromitem]
|-start|p2a: Iron Crown|quarkdrivespe
|turn|10
|
|t:|1760367027
|switch|p1a: Raging Bolt|Raging Bolt|100/100
|-enditem|p1a: Raging Bolt|Booster Energy
|-activate|p1a: Raging Bolt|ability: Protosynthesis|[fromitem]
|-start|p1a: Raging Bolt|protosynthesisspa
|move|p2a: Iron Crown|Iron Defense|p2a: Iron Crown
|-boost|p2a: Iron Crown|def|2
|
|upkeep
|turn|11
|
|t:|1760367035
|move|p2a: Iron Crown|Calm Mind|p2a: Iron Crown
|-boost|p2a: Iron Crown|spa|1
|-boost|p2a: Iron Crown|spd|1
|move|p1a: Raging Bolt|Thunderbolt|p2a: Iron Crown
|-damage|p2a: Iron Crown|60/100
|
|upkeep
|turn|12
|
|t:|1760367040
|move|p2a: Iron Crown|Stored Power|p1a: Raging Bolt
|-damage|p1a: Raging Bolt|38/100
|move|p1a: Raging Bolt|Calm Mind|p1a: Raging Bolt
|-boost|p1a: Raging Bolt|spa|1
|-boost|p1a: Raging Bolt|spd|1
|
|upkeep
|turn|13
|
|t:|1760367045
|move|p1a: Raging Bolt|Thunderclap|p2a: Iron Crown
|-crit|p2a: Iron Crown
|-damage|p2a: Iron Crown|0 fnt
|faint|p2a: Iron Crown
|-end|p2a: Iron Crown|Quark Drive|[silent]
|
|upkeep
|
|t:|1760367066
|switch|p2a: Grimmsnarl|Grimmsnarl, M|100/100
|turn|14
|
|t:|1760367070
|move|p2a: Grimmsnarl|Spirit Break|p1a: Raging Bolt
|-supereffective|p1a: Raging Bolt
|-damage|p1a: Raging Bolt|0 fnt
|faint|p1a: Raging Bolt
|-end|p1a: Raging Bolt|Protosynthesis|[silent]
|
|upkeep
|
|t:|1760367077
|switch|p1a: Enamorus|Enamorus, F|77/100
|turn|15
|
|t:|1760367082
|move|p2a: Grimmsnarl|Light Screen|p2a: Grimmsnarl
|-sidestart|p2: DaBigBingus|move: Light Screen
|move|p1a: Enamorus|Moonblast|p2a: Grimmsnarl
|-supereffective|p2a: Grimmsnarl
|-damage|p2a: Grimmsnarl|48/100
|
|upkeep
|turn|16
|
|t:|1760367092
|move|p1a: Enamorus|Moonblast|p2a: Grimmsnarl
|-supereffective|p2a: Grimmsnarl
|-damage|p2a: Grimmsnarl|0 fnt
|faint|p2a: Grimmsnarl
|
|upkeep
|
|t:|1760367097
|switch|p2a: Iron Hands|Iron Hands|100/100
|turn|17
|
|t:|1760367104
|switch|p1a: Cinderace|Cinderace, F|100/100
|move|p2a: Iron Hands|Thunder Punch|p1a: Cinderace
|-damage|p1a: Cinderace|40/100
|-status|p1a: Cinderace|par
|
|upkeep
|turn|18
|
|t:|1760367112
|cant|p1a: Cinderace|par
|move|p2a: Iron Hands|Thunder Punch|p1a: Cinderace
|-damage|p1a: Cinderace|0 fnt
|faint|p1a: Cinderace
|
|upkeep
|
|t:|1760367123
|switch|p1a: Revavroom|Revavroom, M|100/100
|turn|19
|
|t:|1760367126
|move|p1a: Revavroom|Shift Gear|p1a: Revavroom
|-boost|p1a: Revavroom|spe|2
|-boost|p1a: Revavroom|atk|1
|move|p2a: Iron Hands|Swords Dance|p2a: Iron Hands
|-boost|p2a: Iron Hands|atk|2
|
|upkeep
|turn|20
|
|t:|1760367137
|move|p1a: Revavroom|High Horsepower|p2a: Iron Hands
|-supereffective|p2a: Iron Hands
|-damage|p2a: Iron Hands|34/100
|move|p2a: Iron Hands|Drain Punch|p1a: Revavroom
|-damage|p1a: Revavroom|0 fnt
|-heal|p2a: Iron Hands|68/100|[from] drain|[of] p1a: Revavroom
|faint|p1a: Revavroom
|
|-heal|p2a: Iron Hands|74/100|[from] item: Leftovers
|upkeep
|
|t:|1760367144
|switch|p1a: Ogerpon|Ogerpon-Wellspring, F|100/100
|turn|21
|
|t:|1760367152
|move|p1a: Ogerpon|Ivy Cudgel|p2a: Iron Hands|[anim] Ivy Cudgel Water
|-damage|p2a: Iron Hands|30/100
|move|p2a: Iron Hands|Drain Punch|p1a: Ogerpon
|-damage|p1a: Ogerpon|0 fnt
|-heal|p2a: Iron Hands|64/100|[from] drain|[of] p1a: Ogerpon
|faint|p1a: Ogerpon
|
|-heal|p2a: Iron Hands|70/100|[from] item: Leftovers
|upkeep
|
|t:|1760367156
|switch|p1a: Enamorus|Enamorus, F|77/100
|turn|22
|
|t:|1760367162
|-terastallize|p1a: Enamorus|Fairy
|move|p1a: Enamorus|Moonblast|p2a: Iron Hands
|-supereffective|p2a: Iron Hands
|-damage|p2a: Iron Hands|22/100
|move|p2a: Iron Hands|Thunder Punch|p1a: Enamorus
|-damage|p1a: Enamorus|0 fnt
|faint|p1a: Enamorus
|
|win|DaBigBingus
|raw|Overgame00's rating: 1461 &rarr; <strong>1440</strong><br />(-21 for losing)
|raw|DaBigBingus's rating: 1438 &rarr; <strong>1459</strong><br />(+21 for winning)
|c|☆Overgame00|Gg
|l|☆Overgame00
|player|p1|
|c|☆DaBigBingus|gg
|l|☆DaBigBingus
|player|p2|
