|j|☆Flumani
|j|☆ccyndaquill
|t:|1760306531
|gametype|singles
|player|p1|Flumani|leon|1220
|player|p2|ccyndaquill|101|1205
|gen|9
|tier|[Gen 9] OU
|rated|
|rule|HP Percentage Mod: HP is shown in percentages
|rule|Endless Battle Clause: Forcing endless battles is banned
|rule|Species Clause: Limit one of each Pokémon
|rule|OHKO Clause: OHKO moves are banned
|rule|Evasion Items Clause: Evasion items are banned
|rule|Evasion Moves Clause: Evasion moves are banned
|rule|Evasion Abilities Clause: Evasion abilities are banned
|rule|Sleep Moves Clause: Sleep-inducing moves are banned
|clearpoke
|poke|p1|Great Tusk|
|poke|p1|Polteageist|
|poke|p1|Serperior, M|
|poke|p1|Ursaluna, F|
|poke|p1|Golurk|
|poke|p1|Toxtricity, M|
|poke|p2|Ogerpon-Wellspring, F|
|poke|p2|Slowking-Galar, M|
|poke|p2|Glaceon, M|
|poke|p2|Iron Valiant|
|poke|p2|Kyurem|
|poke|p2|Grimmsnarl, M|
|teampreview
|inactive|Battle timer is ON: inactive players will automatically lose when time's up. (requested by ccyndaquill)
|inactive|Flumani also wants the timer to be on.
|
|t:|1760306544
|teamsize|p1|6
|teamsize|p2|6
|start
|switch|p1a: Ursaluna|Ursaluna, F|100/100
|switch|p2a: Yor|Iron Valiant|100/100
|-enditem|p2a: Yor|Booster Energy
|-activate|p2a: Yor|ability: Quark Drive|[fromitem]
|-start|p2a: Yor|quarkdrivespe
|turn|1
|
|t:|1760306558
|switch|p1a: Polteageist|Polteageist, shiny|100/100
|move|p2a: Yor|Knock Off|p1a: Polteageist
|-supereffective|p1a: Polteageist
|-enditem|p1a: Polteageist|Focus Sash
|-damage|p1a: Polteageist|1/100
|-ability|p1a: Polteageist|Weak Armor|boost
|-unboost|p1a: Polteageist|def|1
|-boost|p1a: Polteageist|spe|2
|
|upkeep
|turn|2
|
|t:|1760306571
|move|p2a: Yor|Spirit Break|p1a: Polteageist
|-damage|p1a: Polteageist|0 fnt
|faint|p1a: Polteageist
|
|upkeep
|
|t:|1760306587
|switch|p1a: Toxtricity|Toxtricity, M, shiny|100/100
|turn|3
|
|t:|1760306597
|move|p2a: Yor|Zen Headbutt|p1a: Toxtricity
|-supereffective|p1a: Toxtricity
|-damage|p1a: Toxtricity|18/100
|cant|p1a: Toxtricity|flinch
|
|upkeep
|turn|4
|
|t:|1760306603
|move|p2a: Yor|Knock Off|p1a: Toxtricity
|-damage|p1a: Toxtricity|0 fnt
|-enditem|p1a: Toxtricity|Throat Spray|[from] move: Knock Off|[of] p2a: Yor
|faint|p1a: Toxtricity
|
|upkeep
|
|t:|1760306611
|switch|p1a: Ursaluna|Ursaluna, F|100/100
|turn|5
|
|t:|1760306617
|move|p1a: Ursaluna|Protect|p1a: Ursaluna
|-singleturn|p1a: Ursaluna|Protect
|move|p2a: Yor|Close Combat|p1a: Ursaluna
|-activate|p1a: Ursaluna|move: Protect
|
|-status|p1a: Ursaluna|brn|[from] item: Flame Orb
|upkeep
|turn|6
|
|t:|1760306623
|-terastallize|p1a: Ursaluna|Ghost
|move|p2a: Yor|Close Combat|p1a: Ursaluna
|-immune|p1a: Ursaluna
|move|p1a: Ursaluna|Facade|p2a: Yor
|-damage|p2a: Yor|0 fnt
|faint|p2a: Yor
|-end|p2a: Yor|Quark Drive|[silent]
|
|-damage|p1a: Ursaluna|94/100 brn|[from] brn
|upkeep
|inactive|ccyndaquill has 120 seconds left.
|
|t:|1760306656
|switch|p2a: Freiza|Slowking-Galar, M, shiny|100/100
|turn|7
|inactive|ccyndaquill has 120 seconds left.
|
|t:|1760306683
|move|p1a: Ursaluna|Earthquake|p2a: Freiza
|-supereffective|p2a: Freiza
|-damage|p2a: Freiza|0 fnt
|faint|p2a: Freiza
|
|-damage|p1a: Ursaluna|88/100 brn|[from] brn
|upkeep
|
|t:|1760306689
|switch|p2a: Harry|Grimmsnarl, M|100/100
|turn|8
|
|t:|1760306693
|move|p2a: Harry|Parting Shot|p1a: Ursaluna
|-unboost|p1a: Ursaluna|atk|1
|-unboost|p1a: Ursaluna|spa|1
|
|t:|1760306704
|switch|p2a: Ramona|Glaceon, M|100/100|[from] Parting Shot
|move|p1a: Ursaluna|Facade|p2a: Ramona
|-crit|p2a: Ramona
|-damage|p2a: Ramona|0 fnt
|faint|p2a: Ramona
|
|-damage|p1a: Ursaluna|82/100 brn|[from] brn
|upkeep
|c|☆Flumani|❤️
|
|t:|1760306718
|switch|p2a: U_U|Ogerpon-Wellspring, F|100/100
|turn|9
|
|t:|1760306727
|move|p2a: U_U|Knock Off|p1a: Ursaluna
|-supereffective|p1a: Ursaluna
|-damage|p1a: Ursaluna|15/100 brn
|-enditem|p1a: Ursaluna|Flame Orb|[from] move: Knock Off|[of] p2a: U_U
|move|p1a: Ursaluna|Thunder Punch|p2a: U_U
|-damage|p2a: U_U|70/100
|
|-damage|p1a: Ursaluna|9/100 brn|[from] brn
|upkeep
|turn|10
|
|t:|1760306736
|move|p2a: U_U|Knock Off|p1a: Ursaluna
|-supereffective|p1a: Ursaluna
|-damage|p1a: Ursaluna|0 fnt
|faint|p1a: Ursaluna
|
|upkeep
|
|t:|1760306741
|switch|p1a: Serperior|Serperior, M, shiny|100/100
|turn|11
|
|t:|1760306748
|move|p1a: Serperior|Leaf Storm|p2a: U_U
|-damage|p2a: U_U|12/100
|-boost|p1a: Serperior|spa|2
|move|p2a: U_U|Swords Dance|p2a: U_U
|-boost|p2a: U_U|atk|2
|
|upkeep
|turn|12
|
|t:|1760306756
|move|p1a: Serperior|Tera Blast|p2a: U_U
|-damage|p2a: U_U|0 fnt
|faint|p2a: U_U
|
|upkeep
|
|t:|1760306761
|switch|p2a: Harry|Grimmsnarl, M|100/100
|turn|13
|
|t:|1760306765
|move|p2a: Harry|Thunder Wave|p1a: Serperior
|-status|p1a: Serperior|par
|move|p1a: Serperior|Leaf Storm|p2a: Harry
|-damage|p2a: Harry|33/100
|-boost|p1a: Serperior|spa|2
|
|-heal|p2a: Harry|40/100|[from] item: Leftovers
|upkeep
|turn|14
|
|t:|1760306777
|move|p2a: Harry|Taunt|p1a: Serperior
|-start|p1a: Serperior|move: Taunt
|cant|p1a: Serperior|par
|
|-heal|p2a: Harry|46/100|[from] item: Leftovers
|upkeep
|turn|15
|
|t:|1760306782
|cant|p1a: Serperior|par
|move|p2a: Harry|Spirit Break|p1a: Serperior
|-damage|p1a: Serperior|66/100 par
|-boost|p1a: Serperior|spa|1
|
|-heal|p2a: Harry|52/100|[from] item: Leftovers
|upkeep
|turn|16
|
|t:|1760306788
|cant|p1a: Serperior|par
|move|p2a: Harry|Spirit Break|p1a: Serperior
|-damage|p1a: Serperior|29/100 par
|-boost|p1a: Serperior|spa|1
|
|-heal|p2a: Harry|58/100|[from] item: Leftovers
|-end|p1a: Serperior|move: Taunt
|upkeep
|turn|17
|
|t:|1760306793
|move|p1a: Serperior|Tera Blast|p2a: Harry
|-damage|p2a: Harry|1/100
|move|p2a: Harry|Spirit Break|p1a: Serperior
|-damage|p1a: Serperior|0 fnt
|faint|p1a: Serperior
|
|-heal|p2a: Harry|7/100|[from] item: Leftovers
|upkeep
|
|t:|1760306809
|switch|p1a: Golurk|Golurk|100/100
|turn|18
|
|t:|1760306818
|move|p2a: Harry|Parting Shot|p1a: Golurk
|-unboost|p1a: Golurk|atk|1
|-unboost|p1a: Golurk|spa|1
|
|t:|1760306821
|switch|p2a: GlacierFreeze|Kyurem, shiny|100/100|[from] Parting Shot
|-ability|p2a: GlacierFreeze|Pressure
|move|p1a: Golurk|Earthquake|p2a: GlacierFreeze
|-damage|p2a: GlacierFreeze|72/100
|
|upkeep
|turn|19
|
|t:|1760306834
|move|p2a: GlacierFreeze|Blizzard|p1a: Golurk
|-supereffective|p1a: Golurk
|-damage|p1a: Golurk|0 fnt
|faint|p1a: Golurk
|
|upkeep
|
|t:|1760306836
|switch|p1a: Great Tusk|Great Tusk|100/100
|-enditem|p1a: Great Tusk|Booster Energy
|-activate|p1a: Great Tusk|ability: Protosynthesis|[fromitem]
|-start|p1a: Great Tusk|protosynthesisatk
|turn|20
|
|t:|1760306841
|move|p2a: GlacierFreeze|Blizzard|p1a: Great Tusk
|-supereffective|p1a: Great Tusk
|-damage|p1a: Great Tusk|0 fnt
|faint|p1a: Great Tusk
|-end|p1a: Great Tusk|Protosynthesis|[silent]
|
|win|ccyndaquill
|raw|Flumani's rating: 1220 &rarr; <strong>1194</strong><br />(-26 for losing)
|raw|ccyndaquill's rating: 1205 &rarr; <strong>1231</strong><br />(+26 for winning)
|l|☆ccyndaquill
|player|p2|
|c|☆Flumani|Yh ofc
|l|☆Flumani
|player|p1|
