|j|☆MagicalPumpkinpie
|j|☆lllongtoudishu
|t:|1760336375
|gametype|singles
|player|p1|MagicalPumpkinpie|gambler|1152
|player|p2|lllongtoudishu|roxie|1198
|gen|9
|tier|[Gen 9] OU
|rated|
|rule|HP Percentage Mod: HP is shown in percentages
|rule|Endless Battle Clause: Forcing endless battles is banned
|rule|Species Clause: Limit one of each Pokémon
|rule|OHKO Clause: OHKO moves are banned
|rule|Evasion Items Clause: Evasion items are banned
|rule|Evasion Moves Clause: Evasion moves are banned
|rule|Evasion Abilities Clause: Evasion abilities are banned
|rule|Sleep Moves Clause: Sleep-inducing moves are banned
|clearpoke
|poke|p1|Smeargle, M|
|poke|p1|Komala, M|
|poke|p1|Carbink, L1|
|poke|p1|Rampardos, M|
|poke|p1|Slowking-Galar, F|
|poke|p1|Cyclizar, F|
|poke|p2|Araquanid, F|
|poke|p2|Gholdengo|
|poke|p2|Iron Treads|
|poke|p2|Raging Bolt|
|poke|p2|Iron Valiant|
|poke|p2|Dragonite, M|
|teampreview
|c|☆MagicalPumpkinpie|Btw this team SUCKS
|
|t:|1760336383
|teamsize|p1|6
|teamsize|p2|6
|start
|switch|p1a: Carbink|Carbink, L1|100/100
|switch|p2a: Araquanid|Araquanid, F|100/100
|turn|1
|
|t:|1760336390
|move|p2a: Araquanid|Surf|p1a: Carbink
|-supereffective|p1a: Carbink
|-ability|p1a: Carbink|Sturdy
|-damage|p1a: Carbink|9/100
|move|p1a: Carbink|Trick Room|p1a: Carbink
|-fieldstart|move: Trick Room|[of] p1a: Carbink
|
|-damage|p1a: Carbink|0 fnt|[from] item: Sticky Barb
|faint|p1a: Carbink
|upkeep
|
|t:|1760336397
|switch|p1a: Rampardos|Rampardos, M|100/100
|-ability|p1a: Rampardos|Mold Breaker
|turn|2
|
|t:|1760336403
|move|p1a: Rampardos|Head Smash|p2a: Araquanid
|-supereffective|p2a: Araquanid
|-damage|p2a: Araquanid|0 fnt
|faint|p2a: Araquanid
|-damage|p1a: Rampardos|58/100|[from] Recoil
|
|upkeep
|
|t:|1760336419
|switch|p2a: Gholdengo|Gholdengo|100/100
|-item|p2a: Gholdengo|Air Balloon
|turn|3
|
|t:|1760336427
|move|p1a: Rampardos|Substitute|p1a: Rampardos
|-start|p1a: Rampardos|Substitute
|-damage|p1a: Rampardos|33/100
|move|p2a: Gholdengo|Nasty Plot|p2a: Gholdengo
|-boost|p2a: Gholdengo|spa|2
|
|upkeep
|turn|4
|
|t:|1760336437
|move|p1a: Rampardos|Swords Dance|p1a: Rampardos
|-boost|p1a: Rampardos|atk|2
|move|p2a: Gholdengo|Shadow Ball|p1a: Rampardos
|-end|p1a: Rampardos|Substitute
|
|upkeep
|turn|5
|
|t:|1760336448
|move|p1a: Rampardos|Substitute|p1a: Rampardos
|-start|p1a: Rampardos|Substitute
|-damage|p1a: Rampardos|8/100
|move|p2a: Gholdengo|Psyshock|p1a: Rampardos
|-end|p1a: Rampardos|Substitute
|
|-fieldend|move: Trick Room
|upkeep
|turn|6
|-enditem|p1a: Rampardos|Custap Berry|[eat]
|-activate|p1a: Rampardos|item: Custap Berry|[consumed]
|
|t:|1760336456
|move|p1a: Rampardos|Head Smash|p2a: Gholdengo|[miss]
|-miss|p1a: Rampardos|p2a: Gholdengo
|move|p2a: Gholdengo|Psyshock|p1a: Rampardos
|-damage|p1a: Rampardos|0 fnt
|faint|p1a: Rampardos
|
|upkeep
|c|☆MagicalPumpkinpie|Ah
|c|☆MagicalPumpkinpie|I just realized
|c|☆MagicalPumpkinpie|i have nothing against gholdengo
|
|t:|1760336500
|switch|p1a: Cyclizar|Cyclizar, F|100/100
|turn|7
|
|t:|1760336511
|move|p1a: Cyclizar|Substitute|p1a: Cyclizar
|-start|p1a: Cyclizar|Substitute
|-damage|p1a: Cyclizar|76/100
|move|p2a: Gholdengo|Dazzling Gleam|p1a: Cyclizar
|-supereffective|p1a: Cyclizar
|-end|p1a: Cyclizar|Substitute
|
|-heal|p1a: Cyclizar|82/100|[from] item: Leftovers
|upkeep
|turn|8
|
|t:|1760336520
|switch|p1a: Slowking|Slowking-Galar, F|100/100
|move|p2a: Gholdengo|Dazzling Gleam|p1a: Slowking
|-resisted|p1a: Slowking
|-damage|p1a: Slowking|83/100
|
|-heal|p1a: Slowking|89/100|[from] item: Black Sludge
|upkeep
|turn|9
|
|t:|1760336529
|switch|p1a: Bonkbonk|Komala, M, shiny|100/100
|-ability|p1a: Bonkbonk|Comatose
|move|p2a: Gholdengo|Shadow Ball|p1a: Bonkbonk
|-immune|p1a: Bonkbonk
|
|upkeep
|turn|10
|
|t:|1760336551
|switch|p1a: Cyclizar|Cyclizar, F|100/100
|move|p2a: Gholdengo|Psyshock|p1a: Cyclizar
|-damage|p1a: Cyclizar|18/100
|
|-heal|p1a: Cyclizar|24/100|[from] item: Leftovers
|upkeep
|turn|11
|
|t:|1760336560
|move|p1a: Cyclizar|Dragon Claw|p2a: Gholdengo
|-resisted|p2a: Gholdengo
|-damage|p2a: Gholdengo|86/100
|-enditem|p2a: Gholdengo|Air Balloon
|move|p2a: Gholdengo|Dazzling Gleam|p1a: Cyclizar
|-supereffective|p1a: Cyclizar
|-damage|p1a: Cyclizar|0 fnt
|faint|p1a: Cyclizar
|
|upkeep
|
|t:|1760336568
|switch|p1a: Slowking|Slowking-Galar, F|100/100
|turn|12
|
|t:|1760336573
|-terastallize|p1a: Slowking|Water
|move|p2a: Gholdengo|Shadow Ball|p1a: Slowking
|-damage|p1a: Slowking|50/100
|move|p1a: Slowking|Future Sight|p2a: Gholdengo
|-start|p1a: Slowking|move: Future Sight
|
|-damage|p1a: Slowking|38/100|[from] item: Black Sludge
|upkeep
|turn|13
|
|t:|1760336585
|switch|p1a: Smeargle|Smeargle, M|100/100
|move|p2a: Gholdengo|Shadow Ball|p1a: Smeargle
|-immune|p1a: Smeargle
|
|upkeep
|turn|14
|
|t:|1760336595
|move|p2a: Gholdengo|Dazzling Gleam|p1a: Smeargle
|-damage|p1a: Smeargle|0 fnt
|faint|p1a: Smeargle
|
|-end|p2a: Gholdengo|move: Future Sight
|-resisted|p2a: Gholdengo
|-damage|p2a: Gholdengo|60/100
|upkeep
|
|t:|1760336598
|switch|p1a: Bonkbonk|Komala, M, shiny|100/100
|-ability|p1a: Bonkbonk|Comatose
|turn|15
|
|t:|1760336607
|switch|p1a: Slowking|Slowking-Galar, F, tera:Water|71/100
|move|p2a: Gholdengo|Psyshock|p1a: Slowking
|-damage|p1a: Slowking|1/100
|
|-damage|p1a: Slowking|0 fnt|[from] item: Black Sludge
|faint|p1a: Slowking
|upkeep
|
|t:|1760336612
|switch|p1a: Bonkbonk|Komala, M, shiny|100/100
|-ability|p1a: Bonkbonk|Comatose
|turn|16
|c|☆MagicalPumpkinpie|Gg u win lol
|
|t:|1760336620
|move|p2a: Gholdengo|Psyshock|p1a: Bonkbonk
|-damage|p1a: Bonkbonk|16/100
|move|p1a: Bonkbonk|Sleep Talk|p1a: Bonkbonk
|move|p1a: Bonkbonk|Giga Impact|p2a: Gholdengo|[from] move: Sleep Talk
|-immune|p2a: Gholdengo
|
|upkeep
|turn|17
|
|t:|1760336628
|move|p2a: Gholdengo|Psyshock|p1a: Bonkbonk
|-damage|p1a: Bonkbonk|0 fnt
|faint|p1a: Bonkbonk
|
|win|lllongtoudishu
|raw|MagicalPumpkinpie's rating: 1152 &rarr; <strong>1130</strong><br />(-22 for losing)
|raw|lllongtoudishu's rating: 1198 &rarr; <strong>1220</strong><br />(+22 for winning)
|l|☆MagicalPumpkinpie
|player|p1|
|l|☆lllongtoudishu
|player|p2|
