|j|☆willow16
|j|☆Nichbo
|t:|1760416681
|gametype|singles
|player|p1|willow16|266|1385
|player|p2|Nichbo|crasherwake|1360
|gen|9
|tier|[Gen 9] OU
|rated|
|rule|HP Percentage Mod: HP is shown in percentages
|rule|Endless Battle Clause: Forcing endless battles is banned
|rule|Species Clause: Limit one of each Pokémon
|rule|OHKO Clause: OHKO moves are banned
|rule|Evasion Items Clause: Evasion items are banned
|rule|Evasion Moves Clause: Evasion moves are banned
|rule|Evasion Abilities Clause: Evasion abilities are banned
|rule|Sleep Moves Clause: Sleep-inducing moves are banned
|clearpoke
|poke|p1|Keldeo-Resolute|
|poke|p1|Dragapult, M|
|poke|p1|Slowking-Galar, F|
|poke|p1|Kingambit, F|
|poke|p1|Zapdos|
|poke|p1|Great Tusk|
|poke|p2|Dragapult, F|
|poke|p2|Great Tusk|
|poke|p2|Klefki, F|
|poke|p2|Moltres|
|poke|p2|Greninja-*, M|
|poke|p2|Ogerpon-Cornerstone, F|
|teampreview
|
|t:|1760416721
|teamsize|p1|6
|teamsize|p2|6
|start
|switch|p1a: Dragapult|Dragapult, M|100/100
|switch|p2a: Klefki|Klefki, F|100/100
|turn|1
|
|t:|1760416731
|switch|p1a: Slowking|Slowking-Galar, F|100/100
|move|p2a: Klefki|Thunder Wave|p1a: Slowking
|-status|p1a: Slowking|par
|
|upkeep
|turn|2
|
|t:|1760416736
|move|p2a: Klefki|Spikes|p1a: Slowking
|-sidestart|p1: willow16|Spikes
|cant|p1a: Slowking|par
|
|upkeep
|turn|3
|
|t:|1760416738
|move|p2a: Klefki|Spikes|p1a: Slowking
|-sidestart|p1: willow16|Spikes
|move|p1a: Slowking|Flamethrower|p2a: Klefki
|-supereffective|p2a: Klefki
|-damage|p2a: Klefki|23/100
|
|-heal|p2a: Klefki|28/100|[from] item: Leftovers
|upkeep
|turn|4
|
|t:|1760416746
|move|p2a: Klefki|Spikes|p1a: Slowking
|-sidestart|p1: willow16|Spikes
|move|p1a: Slowking|Future Sight|p2a: Klefki
|-start|p1a: Slowking|move: Future Sight
|
|-heal|p2a: Klefki|34/100|[from] item: Leftovers
|upkeep
|turn|5
|
|t:|1760416756
|move|p2a: Klefki|Foul Play|p1a: Slowking
|-supereffective|p1a: Slowking
|-damage|p1a: Slowking|76/100 par
|move|p1a: Slowking|Flamethrower|p2a: Klefki
|-supereffective|p2a: Klefki
|-damage|p2a: Klefki|0 fnt
|faint|p2a: Klefki
|
|-heal|p1a: Slowking|82/100 par|[from] item: Leftovers
|upkeep
|
|t:|1760416762
|switch|p2a: Greninja|Greninja, M|100/100
|turn|6
|
|t:|1760416771
|switch|p1a: Kingambit|Kingambit, F|100/100
|-damage|p1a: Kingambit|75/100|[from] Spikes
|move|p2a: Greninja|Dark Pulse|p1a: Kingambit
|-resisted|p1a: Kingambit
|-damage|p1a: Kingambit|59/100
|
|-end|p2a: Greninja|move: Future Sight
|-immune|p2a: Greninja
|-heal|p1a: Kingambit|65/100|[from] item: Leftovers
|upkeep
|turn|7
|
|t:|1760416780
|switch|p2a: Moltres|Moltres|100/100
|move|p1a: Kingambit|Swords Dance|p1a: Kingambit
|-boost|p1a: Kingambit|atk|2
|
|-heal|p1a: Kingambit|71/100|[from] item: Leftovers
|upkeep
|turn|8
|
|t:|1760416786
|-end|p1a: Kingambit|fallenundefined|[silent]
|switch|p1a: Zapdos|Zapdos|100/100
|move|p2a: Moltres|Flamethrower|p1a: Zapdos
|-damage|p1a: Zapdos|55/100
|
|upkeep
|turn|9
|
|t:|1760416797
|switch|p2a: Dragapult|Dragapult, F|100/100
|move|p1a: Zapdos|Roost|p1a: Zapdos
|-heal|p1a: Zapdos|100/100
|-singleturn|p1a: Zapdos|move: Roost
|
|upkeep
|turn|10
|
|t:|1760416802
|move|p2a: Dragapult|Draco Meteor|p1a: Zapdos
|-damage|p1a: Zapdos|20/100
|-unboost|p2a: Dragapult|spa|2
|move|p1a: Zapdos|Discharge|p2a: Dragapult
|-resisted|p2a: Dragapult
|-damage|p2a: Dragapult|76/100
|
|upkeep
|turn|11
|
|t:|1760416821
|switch|p1a: Slowking|Slowking-Galar, F|100/100 par
|-damage|p1a: Slowking|76/100 par|[from] Spikes
|move|p2a: Dragapult|Draco Meteor|p1a: Slowking
|-damage|p1a: Slowking|40/100 par
|-unboost|p2a: Dragapult|spa|2
|
|-heal|p1a: Slowking|46/100 par|[from] item: Leftovers
|upkeep
|turn|12
|
|t:|1760416833
|switch|p2a: Greninja|Greninja, M|100/100
|-prepare|p1a: Slowking|Chilly Reception|[premajor]
|move|p1a: Slowking|Chilly Reception|p1a: Slowking
|-weather|Snowscape
|
|t:|1760416839
|switch|p1a: Dragapult|Dragapult, M|100/100|[from] Chilly Reception
|-damage|p1a: Dragapult|76/100|[from] Spikes
|
|-weather|Snowscape|[upkeep]
|upkeep
|turn|13
|
|t:|1760416851
|switch|p2a: Moltres|Moltres|100/100
|move|p1a: Dragapult|Dragon Darts|p2a: Moltres
|-damage|p2a: Moltres|68/100
|-anim|p1a: Dragapult|Dragon Darts|p2a: Moltres
|-damage|p2a: Moltres|37/100
|
|-weather|Snowscape|[upkeep]
|upkeep
|turn|14
|
|t:|1760416859
|move|p1a: Dragapult|Dragon Darts|p2a: Moltres
|-damage|p2a: Moltres|4/100
|-anim|p1a: Dragapult|Dragon Darts|p2a: Moltres
|-damage|p2a: Moltres|0 fnt
|faint|p2a: Moltres
|
|-weather|Snowscape|[upkeep]
|upkeep
|
|t:|1760416867
|switch|p2a: Greninja|Greninja, M|100/100
|turn|15
|
|t:|1760416874
|-terastallize|p2a: Greninja|Fairy
|move|p1a: Dragapult|Dragon Darts|p2a: Greninja
|-immune|p2a: Greninja
|move|p2a: Greninja|Tera Blast|p1a: Dragapult|[anim] Tera Blast Fairy
|-supereffective|p1a: Dragapult
|-damage|p1a: Dragapult|0 fnt
|faint|p1a: Dragapult
|-ability|p2a: Greninja|Battle Bond|boost
|-boost|p2a: Greninja|atk|1
|-boost|p2a: Greninja|spa|1
|-boost|p2a: Greninja|spe|1
|-activate|p2a: Greninja|ability: Battle Bond
|
|-weather|Snowscape|[upkeep]
|upkeep
|
|t:|1760416892
|switch|p1a: Slowking|Slowking-Galar, F|79/100 par
|-damage|p1a: Slowking|54/100 par|[from] Spikes
|turn|16
|
|t:|1760416898
|-terastallize|p1a: Slowking|Water
|move|p2a: Greninja|Dark Pulse|p1a: Slowking
|-crit|p1a: Slowking
|-damage|p1a: Slowking|0 fnt
|faint|p1a: Slowking
|
|-weather|none
|upkeep
|
|t:|1760416904
|switch|p1a: Kingambit|Kingambit, F|71/100
|-damage|p1a: Kingambit|46/100|[from] Spikes
|-activate|p1a: Kingambit|ability: Supreme Overlord
|-start|p1a: Kingambit|fallen2|[silent]
|turn|17
|
|t:|1760416909
|move|p2a: Greninja|Water Shuriken|p1a: Kingambit
|-damage|p1a: Kingambit|35/100
|-damage|p1a: Kingambit|24/100
|-damage|p1a: Kingambit|13/100
|-hitcount|p1a: Kingambit|3
|move|p1a: Kingambit|Tera Blast|p2a: Greninja
|-damage|p2a: Greninja|78/100
|
|-heal|p1a: Kingambit|19/100|[from] item: Leftovers
|upkeep
|turn|18
|-message|willow16 forfeited.
|
|win|Nichbo
|raw|willow16's rating: 1385 &rarr; <strong>1364</strong><br />(-21 for losing)
|raw|Nichbo's rating: 1360 &rarr; <strong>1381</strong><br />(+21 for winning)
|l|☆willow16
|player|p1|
|l|☆Nichbo
|player|p2|
|j|☆Nichbo
|player|p2|Nichbo|crasherwake|
|l|☆Nichbo
|player|p2|
