|j|☆bjls
|j|☆Buterte
|t:|1760322591
|gametype|singles
|player|p1|bjls|n|1175
|player|p2|Buterte|skier|1213
|gen|9
|tier|[Gen 9] OU
|rated|
|rule|HP Percentage Mod: HP is shown in percentages
|rule|Endless Battle Clause: Forcing endless battles is banned
|rule|Species Clause: Limit one of each Pokémon
|rule|OHKO Clause: OHKO moves are banned
|rule|Evasion Items Clause: Evasion items are banned
|rule|Evasion Moves Clause: Evasion moves are banned
|rule|Evasion Abilities Clause: Evasion abilities are banned
|rule|Sleep Moves Clause: Sleep-inducing moves are banned
|clearpoke
|poke|p1|Indeedee, M|
|poke|p1|Pelipper, M|
|poke|p1|Barraskewda, M|
|poke|p1|Scizor, M|
|poke|p1|Iron Treads|
|poke|p1|Zapdos|
|poke|p2|Landorus-Therian, M|
|poke|p2|Samurott-Hisui, M|
|poke|p2|Pecharunt|
|poke|p2|Scizor, F|
|poke|p2|Latios, M|
|poke|p2|Zamazenta-*|
|teampreview
|inactive|Battle timer is ON: inactive players will automatically lose when time's up. (requested by bjls)
|inactive|Buterte has 120 seconds left.
|inactive|Buterte has 90 seconds left.
|
|t:|1760322674
|teamsize|p1|6
|teamsize|p2|6
|start
|switch|p1a: 大卫·戴|Pelipper, M|100/100
|switch|p2a: LEBRON-ROTT|Samurott-Hisui, M|100/100
|-weather|RainDance|[from] ability: Drizzle|[of] p1a: 大卫·戴
|turn|1
|
|t:|1760322686
|move|p2a: LEBRON-ROTT|Ceaseless Edge|p1a: 大卫·戴
|-damage|p1a: 大卫·戴|61/100
|-sidestart|p1: bjls|Spikes
|move|p1a: 大卫·戴|U-turn|p2a: LEBRON-ROTT
|-supereffective|p2a: LEBRON-ROTT
|-damage|p2a: LEBRON-ROTT|79/100
|
|t:|1760322690
|switch|p1a: 恐怖电鸟😱|Zapdos|100/100|[from] U-turn
|
|-weather|RainDance|[upkeep]
|upkeep
|turn|2
|inactive|Buterte has 120 seconds left.
|inactive|Buterte has 90 seconds left.
|
|t:|1760322753
|switch|p2a: LEBRON-TIOS|Latios, M|100/100
|move|p1a: 恐怖电鸟😱|Hurricane|p2a: LEBRON-TIOS
|-damage|p2a: LEBRON-TIOS|34/100
|-start|p2a: LEBRON-TIOS|confusion
|
|-weather|RainDance|[upkeep]
|upkeep
|turn|3
|inactive|Buterte has 90 seconds left.
|c|☆Buterte|-21
|inactive|Buterte has 60 seconds left.
|
|t:|1760322795
|move|p1a: 恐怖电鸟😱|Hurricane|p2a: LEBRON-TIOS
|-damage|p2a: LEBRON-TIOS|0 fnt
|faint|p2a: LEBRON-TIOS
|
|-weather|RainDance|[upkeep]
|upkeep
|c|☆Buterte|IM JUST A FREAKING CHUD
|
|t:|1760322807
|switch|p2a: LEBRON-ZENTA|Zamazenta|100/100
|-ability|p2a: LEBRON-ZENTA|Dauntless Shield|boost
|-boost|p2a: LEBRON-ZENTA|def|1
|turn|4
|
|t:|1760322817
|move|p1a: 恐怖电鸟😱|Hurricane|p2a: LEBRON-ZENTA
|-supereffective|p2a: LEBRON-ZENTA
|-damage|p2a: LEBRON-ZENTA|0 fnt
|faint|p2a: LEBRON-ZENTA
|
|-weather|RainDance|[upkeep]
|upkeep
|
|t:|1760322822
|switch|p2a: LEBRON-RUNT|Pecharunt|100/100
|turn|5
|
|t:|1760322826
|move|p1a: 恐怖电鸟😱|Hurricane|p2a: LEBRON-RUNT
|-damage|p2a: LEBRON-RUNT|36/100
|-start|p2a: LEBRON-RUNT|confusion
|-activate|p2a: LEBRON-RUNT|confusion
|-damage|p2a: LEBRON-RUNT|32/100|[from] confusion
|
|-weather|RainDance|[upkeep]
|upkeep
|turn|6
|c|☆Buterte|FREAKING CHUD
|
|t:|1760322838
|move|p1a: 恐怖电鸟😱|Hurricane|p2a: LEBRON-RUNT
|-damage|p2a: LEBRON-RUNT|0 fnt
|faint|p2a: LEBRON-RUNT
|
|-weather|RainDance|[upkeep]
|upkeep
|
|t:|1760322843
|switch|p2a: LEBRON-OROUS|Landorus-Therian, M|100/100
|-ability|p2a: LEBRON-OROUS|Intimidate|boost
|-unboost|p1a: 恐怖电鸟😱|atk|1
|turn|7
|
|t:|1760322851
|-terastallize|p1a: 恐怖电鸟😱|Grass
|move|p1a: 恐怖电鸟😱|Hurricane|p2a: LEBRON-OROUS
|-damage|p2a: LEBRON-OROUS|36/100
|-start|p2a: LEBRON-OROUS|confusion
|-activate|p2a: LEBRON-OROUS|confusion
|move|p2a: LEBRON-OROUS|Earthquake|p1a: 恐怖电鸟😱
|-resisted|p1a: 恐怖电鸟😱
|-damage|p1a: 恐怖电鸟😱|70/100
|
|-weather|RainDance|[upkeep]
|upkeep
|turn|8
|
|t:|1760322868
|move|p1a: 恐怖电鸟😱|Hurricane|p2a: LEBRON-OROUS
|-damage|p2a: LEBRON-OROUS|0 fnt
|faint|p2a: LEBRON-OROUS
|
|-weather|none
|upkeep
|
|t:|1760322873
|switch|p2a: LEBRON-ZOR|Scizor, F|100/100
|turn|9
|
|t:|1760322883
|switch|p1a: 大卫·戴|Pelipper, M|61/100
|-weather|RainDance|[from] ability: Drizzle|[of] p1a: 大卫·戴
|move|p2a: LEBRON-ZOR|Swords Dance|p2a: LEBRON-ZOR
|-boost|p2a: LEBRON-ZOR|atk|2
|
|-weather|RainDance|[upkeep]
|upkeep
|turn|10
|
|t:|1760322893
|move|p2a: LEBRON-ZOR|Swords Dance|p2a: LEBRON-ZOR
|-boost|p2a: LEBRON-ZOR|atk|2
|move|p1a: 大卫·戴|Weather Ball|p2a: LEBRON-ZOR
|-damage|p2a: LEBRON-ZOR|30/100
|
|-weather|RainDance|[upkeep]
|upkeep
|turn|11
|c|☆Buterte|ANOTHER ONE
|
|t:|1760322908
|-terastallize|p2a: LEBRON-ZOR|Electric
|move|p2a: LEBRON-ZOR|Tera Blast|p1a: 大卫·戴|[anim] Tera Blast Electric
|-supereffective|p1a: 大卫·戴
|-damage|p1a: 大卫·戴|0 fnt
|faint|p1a: 大卫·戴
|
|-weather|RainDance|[upkeep]
|upkeep
|
|t:|1760322915
|switch|p1a: 爱管侍他能干什么|Indeedee, M|100/100
|-damage|p1a: 爱管侍他能干什么|88/100|[from] Spikes
|-fieldstart|move: Psychic Terrain|[from] ability: Psychic Surge|[of] p1a: 爱管侍他能干什么
|turn|12
|c|☆Buterte|6-0 avoided
|inactive|Buterte has 90 seconds left.
|
|t:|1760322926
|move|p1a: 爱管侍他能干什么|Dazzling Gleam|p2a: LEBRON-ZOR
|-damage|p2a: LEBRON-ZOR|0 fnt
|faint|p2a: LEBRON-ZOR
|
|-weather|RainDance|[upkeep]
|upkeep
|
|t:|1760322931
|switch|p2a: LEBRON-ROTT|Samurott-Hisui, M|79/100
|turn|13
|
|t:|1760322938
|move|p1a: 爱管侍他能干什么|Dazzling Gleam|p2a: LEBRON-ROTT
|-supereffective|p2a: LEBRON-ROTT
|-damage|p2a: LEBRON-ROTT|25/100
|move|p2a: LEBRON-ROTT|Ceaseless Edge|p1a: 爱管侍他能干什么
|-supereffective|p1a: 爱管侍他能干什么
|-damage|p1a: 爱管侍他能干什么|0 fnt
|-sidestart|p1: bjls|Spikes
|faint|p1a: 爱管侍他能干什么
|
|-weather|RainDance|[upkeep]
|upkeep
|
|t:|1760322944
|switch|p1a: 恐怖电鸟😱|Zapdos, tera:Grass|70/100
|-damage|p1a: 恐怖电鸟😱|54/100|[from] Spikes
|turn|14
|
|t:|1760322951
|move|p1a: 恐怖电鸟😱|Thunder|p2a: LEBRON-ROTT
|-supereffective|p2a: LEBRON-ROTT
|-damage|p2a: LEBRON-ROTT|0 fnt
|faint|p2a: LEBRON-ROTT
|
|win|bjls
|raw|bjls's rating: 1175 &rarr; <strong>1203</strong><br />(+28 for winning)
|raw|Buterte's rating: 1213 &rarr; <strong>1185</strong><br />(-28 for losing)
