|j|☆roryta
|j|☆sonicsfgh
|t:|1760342519
|gametype|singles
|player|p1|roryta|hilbert|1137
|player|p2|sonicsfgh|170|1183
|gen|9
|tier|[Gen 9] OU
|rated|
|rule|HP Percentage Mod: HP is shown in percentages
|rule|Endless Battle Clause: Forcing endless battles is banned
|rule|Species Clause: Limit one of each Pokémon
|rule|OHKO Clause: OHKO moves are banned
|rule|Evasion Items Clause: Evasion items are banned
|rule|Evasion Moves Clause: Evasion moves are banned
|rule|Evasion Abilities Clause: Evasion abilities are banned
|rule|Sleep Moves Clause: Sleep-inducing moves are banned
|clearpoke
|poke|p1|Primarina, F|
|poke|p1|Kyurem|
|poke|p1|Cobalion|
|poke|p1|Leavanny, F|
|poke|p1|Chandelure, M|
|poke|p1|Great Tusk|
|poke|p2|Alomomola, M|
|poke|p2|Garganacl, M|
|poke|p2|Gliscor, M|
|poke|p2|Corviknight, M|
|poke|p2|Weezing-Galar, M|
|poke|p2|Gholdengo|
|teampreview
|inactive|Battle timer is ON: inactive players will automatically lose when time's up. (requested by roryta)
|
|t:|1760342535
|teamsize|p1|6
|teamsize|p2|6
|start
|switch|p1a: Leavanny|Leavanny, F|100/100
|switch|p2a: Garganacl|Garganacl, M|100/100
|turn|1
|
|t:|1760342542
|move|p1a: Leavanny|Sticky Web|p2a: Garganacl
|-sidestart|p2: sonicsfgh|move: Sticky Web
|move|p2a: Garganacl|Salt Cure|p1a: Leavanny
|-supereffective|p1a: Leavanny
|-damage|p1a: Leavanny|65/100
|-start|p1a: Leavanny|Salt Cure
|
|-damage|p1a: Leavanny|52/100|[from] Salt Cure
|upkeep
|turn|2
|
|t:|1760342550
|move|p1a: Leavanny|Swords Dance|p1a: Leavanny
|-boost|p1a: Leavanny|atk|2
|move|p2a: Garganacl|Substitute|p2a: Garganacl
|-start|p2a: Garganacl|Substitute
|-damage|p2a: Garganacl|75/100
|
|-heal|p2a: Garganacl|82/100|[from] item: Leftovers
|-damage|p1a: Leavanny|40/100|[from] Salt Cure
|upkeep
|turn|3
|
|t:|1760342561
|move|p1a: Leavanny|Lunge|p2a: Garganacl
|-end|p2a: Garganacl|Substitute
|move|p2a: Garganacl|Salt Cure|p1a: Leavanny
|-supereffective|p1a: Leavanny
|-damage|p1a: Leavanny|7/100
|
|-heal|p2a: Garganacl|88/100|[from] item: Leftovers
|-damage|p1a: Leavanny|0 fnt|[from] Salt Cure
|faint|p1a: Leavanny
|upkeep
|
|t:|1760342568
|switch|p1a: Primarina|Primarina, F|100/100
|turn|4
|
|t:|1760342581
|switch|p2a: Alomomola|Alomomola, M|100/100
|-activate|p2a: Alomomola|move: Sticky Web
|-unboost|p2a: Alomomola|spe|1
|move|p1a: Primarina|Surf|p2a: Alomomola
|-resisted|p2a: Alomomola
|-damage|p2a: Alomomola|72/100
|
|upkeep
|turn|5
|
|t:|1760342590
|move|p1a: Primarina|Energy Ball|p2a: Alomomola
|-supereffective|p2a: Alomomola
|-damage|p2a: Alomomola|0 fnt
|faint|p2a: Alomomola
|
|upkeep
|
|t:|1760342597
|switch|p2a: Gliscor|Gliscor, M|100/100
|turn|6
|
|t:|1760342601
|-terastallize|p2a: Gliscor|Water
|move|p2a: Gliscor|Toxic|p1a: Primarina
|-status|p1a: Primarina|tox
|move|p1a: Primarina|Surf|p2a: Gliscor
|-resisted|p2a: Gliscor
|-damage|p2a: Gliscor|67/100
|
|-damage|p1a: Primarina|94/100 tox|[from] psn
|-status|p2a: Gliscor|tox|[from] item: Toxic Orb
|upkeep
|turn|7
|
|t:|1760342613
|move|p2a: Gliscor|Protect|p2a: Gliscor
|-singleturn|p2a: Gliscor|Protect
|move|p1a: Primarina|Energy Ball|p2a: Gliscor
|-activate|p2a: Gliscor|move: Protect
|
|-heal|p2a: Gliscor|80/100 tox|[from] ability: Poison Heal
|-damage|p1a: Primarina|82/100 tox|[from] psn
|upkeep
|turn|8
|
|t:|1760342624
|switch|p2a: Corviknight|Corviknight, M|100/100
|move|p1a: Primarina|Energy Ball|p2a: Corviknight
|-resisted|p2a: Corviknight
|-damage|p2a: Corviknight|92/100
|
|-heal|p2a: Corviknight|98/100|[from] item: Leftovers
|-damage|p1a: Primarina|63/100 tox|[from] psn
|upkeep
|turn|9
|
|t:|1760342636
|move|p1a: Primarina|Surf|p2a: Corviknight
|-damage|p2a: Corviknight|49/100
|move|p2a: Corviknight|Iron Defense|p2a: Corviknight
|-boost|p2a: Corviknight|def|2
|
|-heal|p2a: Corviknight|55/100|[from] item: Leftovers
|-damage|p1a: Primarina|38/100 tox|[from] psn
|upkeep
|turn|10
|
|t:|1760342645
|move|p1a: Primarina|Surf|p2a: Corviknight
|-damage|p2a: Corviknight|8/100
|move|p2a: Corviknight|Roost|p2a: Corviknight
|-heal|p2a: Corviknight|58/100
|-singleturn|p2a: Corviknight|move: Roost
|
|-heal|p2a: Corviknight|65/100|[from] item: Leftovers
|-damage|p1a: Primarina|7/100 tox|[from] psn
|upkeep
|turn|11
|
|t:|1760342655
|move|p1a: Primarina|Surf|p2a: Corviknight
|-damage|p2a: Corviknight|0 fnt
|faint|p2a: Corviknight
|
|-damage|p1a: Primarina|0 fnt|[from] psn
|faint|p1a: Primarina
|upkeep
|
|t:|1760342664
|switch|p1a: Great Tusk|Great Tusk|100/100
|switch|p2a: Garganacl|Garganacl, M|88/100
|-activate|p2a: Garganacl|move: Sticky Web
|-unboost|p2a: Garganacl|spe|1
|turn|12
|
|t:|1760342679
|switch|p2a: Weezing|Weezing-Galar, M|100/100
|-ability|p2a: Weezing|Neutralizing Gas
|-activate|p2a: Weezing|move: Sticky Web
|-unboost|p2a: Weezing|spe|1
|move|p1a: Great Tusk|Headlong Rush|p2a: Weezing
|-supereffective|p2a: Weezing
|-damage|p2a: Weezing|0 fnt
|-unboost|p1a: Great Tusk|def|1
|-unboost|p1a: Great Tusk|spd|1
|faint|p2a: Weezing
|-end|p2a: Weezing|ability: Neutralizing Gas
|
|upkeep
|
|t:|1760342693
|switch|p2a: Gliscor|Gliscor, M, tera:Water|80/100 tox
|-activate|p2a: Gliscor|move: Sticky Web
|-unboost|p2a: Gliscor|spe|1
|turn|13
|
|t:|1760342698
|move|p1a: Great Tusk|Close Combat|p2a: Gliscor
|-damage|p2a: Gliscor|40/100 tox
|-unboost|p1a: Great Tusk|def|1
|-unboost|p1a: Great Tusk|spd|1
|move|p2a: Gliscor|Toxic|p1a: Great Tusk
|-status|p1a: Great Tusk|tox
|
|-damage|p1a: Great Tusk|94/100 tox|[from] psn
|-heal|p2a: Gliscor|52/100 tox|[from] ability: Poison Heal
|upkeep
|turn|14
|
|t:|1760342710
|-end|p1a: Great Tusk|Protosynthesis|[silent]
|switch|p1a: Chandelure|Chandelure, M|100/100
|move|p2a: Gliscor|Protect||[still]
|-fail|p2a: Gliscor
|
|-heal|p2a: Gliscor|65/100 tox|[from] ability: Poison Heal
|upkeep
|turn|15
|
|t:|1760342719
|-terastallize|p1a: Chandelure|Electric
|move|p1a: Chandelure|Tera Blast|p2a: Gliscor|[anim] Tera Blast Electric
|-supereffective|p2a: Gliscor
|-damage|p2a: Gliscor|0 fnt
|faint|p2a: Gliscor
|
|upkeep
|
|t:|1760342726
|switch|p2a: Garganacl|Garganacl, M|88/100
|-activate|p2a: Garganacl|move: Sticky Web
|-unboost|p2a: Garganacl|spe|1
|turn|16
|
|t:|1760342731
|switch|p1a: Great Tusk|Great Tusk|94/100 tox
|move|p2a: Garganacl|Salt Cure|p1a: Great Tusk
|-resisted|p1a: Great Tusk
|-damage|p1a: Great Tusk|92/100 tox
|-start|p1a: Great Tusk|Salt Cure
|
|-heal|p2a: Garganacl|94/100|[from] item: Leftovers
|-damage|p1a: Great Tusk|86/100 tox|[from] psn
|-damage|p1a: Great Tusk|74/100 tox|[from] Salt Cure
|upkeep
|turn|17
|
|t:|1760342743
|move|p2a: Garganacl|Protect|p2a: Garganacl
|-singleturn|p2a: Garganacl|Protect
|move|p1a: Great Tusk|Headlong Rush|p2a: Garganacl
|-activate|p2a: Garganacl|move: Protect
|
|-heal|p2a: Garganacl|99/100|[from] item: Leftovers
|-damage|p1a: Great Tusk|61/100 tox|[from] psn
|-damage|p1a: Great Tusk|49/100 tox|[from] Salt Cure
|upkeep
|turn|18
|
|t:|1760342756
|move|p1a: Great Tusk|Headlong Rush|p2a: Garganacl
|-supereffective|p2a: Garganacl
|-damage|p2a: Garganacl|11/100
|-unboost|p1a: Great Tusk|def|1
|-unboost|p1a: Great Tusk|spd|1
|move|p2a: Garganacl|Substitute|p2a: Garganacl
|-fail|p2a: Garganacl|move: Substitute|[weak]
|
|-heal|p2a: Garganacl|17/100|[from] item: Leftovers
|-damage|p1a: Great Tusk|30/100 tox|[from] psn
|-damage|p1a: Great Tusk|18/100 tox|[from] Salt Cure
|upkeep
|turn|19
|
|t:|1760342768
|move|p2a: Garganacl|Protect|p2a: Garganacl
|-singleturn|p2a: Garganacl|Protect
|move|p1a: Great Tusk|Headlong Rush|p2a: Garganacl
|-activate|p2a: Garganacl|move: Protect
|
|-heal|p2a: Garganacl|24/100|[from] item: Leftovers
|-damage|p1a: Great Tusk|0 fnt|[from] psn
|faint|p1a: Great Tusk
|-end|p1a: Great Tusk|Protosynthesis|[silent]
|upkeep
|
|t:|1760342773
|switch|p1a: Cobalion|Cobalion|100/100
|turn|20
|
|t:|1760342784
|move|p1a: Cobalion|Body Press|p2a: Garganacl
|-supereffective|p2a: Garganacl
|-damage|p2a: Garganacl|0 fnt
|faint|p2a: Garganacl
|
|upkeep
|
|t:|1760342790
|switch|p2a: Gholdengo|Gholdengo|100/100
|-activate|p2a: Gholdengo|move: Sticky Web
|-unboost|p2a: Gholdengo|spe|1
|turn|21
|
|t:|1760342797
|move|p2a: Gholdengo|Trick|p1a: Cobalion
|-activate|p2a: Gholdengo|move: Trick|[of] p1a: Cobalion
|-item|p1a: Cobalion|Choice Scarf|[from] move: Trick
|-item|p2a: Gholdengo|Leftovers|[from] move: Trick
|move|p1a: Cobalion|Volt Switch|p2a: Gholdengo
|-damage|p2a: Gholdengo|84/100
|
|t:|1760342803
|switch|p1a: Kyurem|Kyurem|100/100|[from] Volt Switch
|-ability|p1a: Kyurem|Pressure
|
|-heal|p2a: Gholdengo|90/100|[from] item: Leftovers
|upkeep
|turn|22
|
|t:|1760342811
|move|p1a: Kyurem|Earth Power|p2a: Gholdengo
|-supereffective|p2a: Gholdengo
|-crit|p2a: Gholdengo
|-damage|p2a: Gholdengo|0 fnt
|faint|p2a: Gholdengo
|
|win|roryta
|raw|roryta's rating: 1137 &rarr; <strong>1165</strong><br />(+28 for winning)
|raw|sonicsfgh's rating: 1183 &rarr; <strong>1155</strong><br />(-28 for losing)
|l|☆roryta
|player|p1|
|n|☆sonicsfgh@!|sonicsfgh
