|j|☆Munch144447
|j|☆Serpi4o
|t:|1760435895
|gametype|singles
|player|p1|Munch144447|265|1144
|player|p2|Serpi4o|266|1142
|gen|9
|tier|[Gen 9] OU
|rated|
|rule|HP Percentage Mod: HP is shown in percentages
|rule|Endless Battle Clause: Forcing endless battles is banned
|rule|Species Clause: Limit one of each Pokémon
|rule|OHKO Clause: OHKO moves are banned
|rule|Evasion Items Clause: Evasion items are banned
|rule|Evasion Moves Clause: Evasion moves are banned
|rule|Evasion Abilities Clause: Evasion abilities are banned
|rule|Sleep Moves Clause: Sleep-inducing moves are banned
|clearpoke
|poke|p1|Tauros-Paldea-Aqua, M|
|poke|p1|Vileplume, F|
|poke|p1|Delphox, M|
|poke|p1|Cramorant, M|
|poke|p1|Sudowoodo, M|
|poke|p1|Komala, M|
|poke|p2|Great Tusk|
|poke|p2|Hatterene, F|
|poke|p2|Kyurem|
|poke|p2|Moltres|
|poke|p2|Scizor, F|
|poke|p2|Ogerpon-Wellspring, F|
|teampreview
|inactive|Battle timer is ON: inactive players will automatically lose when time's up. (requested by Serpi4o)
|inactive|Munch144447 has 120 seconds left.
|
|t:|1760435942
|teamsize|p1|6
|teamsize|p2|6
|start
|switch|p1a: Delphox|Delphox, M|100/100
|switch|p2a: Ogerpon|Ogerpon-Wellspring, F|100/100
|turn|1
|
|t:|1760435948
|switch|p1a: Vileplume|Vileplume, F|100/100
|move|p2a: Ogerpon|Swords Dance|p2a: Ogerpon
|-boost|p2a: Ogerpon|atk|2
|
|upkeep
|turn|2
|
|t:|1760435956
|switch|p2a: Hatterene|Hatterene, F, shiny|100/100
|move|p1a: Vileplume|Sludge Bomb|p2a: Hatterene
|-supereffective|p2a: Hatterene
|-damage|p2a: Hatterene|2/100
|-status|p2a: Hatterene|psn
|
|-damage|p2a: Hatterene|0 fnt|[from] psn
|faint|p2a: Hatterene
|upkeep
|
|t:|1760435969
|switch|p2a: Kyurem|Kyurem|100/100
|-ability|p2a: Kyurem|Pressure
|turn|3
|
|t:|1760435974
|switch|p1a: Sudowoodo|Sudowoodo, M|100/100
|move|p2a: Kyurem|Substitute|p2a: Kyurem
|-start|p2a: Kyurem|Substitute
|-damage|p2a: Kyurem|75/100
|
|-heal|p2a: Kyurem|82/100|[from] item: Leftovers
|upkeep
|turn|4
|
|t:|1760435982
|move|p2a: Kyurem|Earth Power|p1a: Sudowoodo
|-supereffective|p1a: Sudowoodo
|-damage|p1a: Sudowoodo|8/100
|move|p1a: Sudowoodo|Rock Blast|p2a: Kyurem
|-supereffective|p2a: Kyurem
|-activate|p2a: Kyurem|move: Substitute|[damage]
|-supereffective|p2a: Kyurem
|-end|p2a: Kyurem|Substitute
|-supereffective|p2a: Kyurem
|-damage|p2a: Kyurem|61/100
|-supereffective|p2a: Kyurem
|-damage|p2a: Kyurem|38/100
|-hitcount|p2a: Kyurem|4
|
|-heal|p2a: Kyurem|44/100|[from] item: Leftovers
|upkeep
|turn|5
|
|t:|1760435997
|move|p2a: Kyurem|Earth Power|p1a: Sudowoodo
|-supereffective|p1a: Sudowoodo
|-damage|p1a: Sudowoodo|0 fnt
|faint|p1a: Sudowoodo
|
|-heal|p2a: Kyurem|50/100|[from] item: Leftovers
|upkeep
|
|t:|1760435999
|switch|p1a: Tauros|Tauros-Paldea-Aqua, M|100/100
|-ability|p1a: Tauros|Intimidate|boost
|-unboost|p2a: Kyurem|atk|1
|turn|6
|
|t:|1760436004
|move|p2a: Kyurem|Protect|p2a: Kyurem
|-singleturn|p2a: Kyurem|Protect
|move|p1a: Tauros|Close Combat|p2a: Kyurem
|-activate|p2a: Kyurem|move: Protect
|
|-heal|p2a: Kyurem|57/100|[from] item: Leftovers
|upkeep
|turn|7
|inactive|Munch144447 has 120 seconds left.
|
|t:|1760436055
|switch|p2a: Moltres|Moltres, shiny|100/100
|move|p1a: Tauros|Close Combat|p2a: Moltres
|-resisted|p2a: Moltres
|-damage|p2a: Moltres|76/100
|-unboost|p1a: Tauros|def|1
|-unboost|p1a: Tauros|spd|1
|-status|p1a: Tauros|brn|[from] ability: Flame Body|[of] p2a: Moltres
|-damage|p1a: Tauros|91/100 brn|[from] item: Life Orb
|
|-damage|p1a: Tauros|84/100 brn|[from] brn
|upkeep
|turn|8
|
|t:|1760436076
|move|p1a: Tauros|Raging Bull|p2a: Moltres
|-supereffective|p2a: Moltres
|-damage|p2a: Moltres|40/100
|-damage|p1a: Tauros|74/100 brn|[from] item: Life Orb
|move|p2a: Moltres|Roost|p2a: Moltres
|-heal|p2a: Moltres|91/100
|-singleturn|p2a: Moltres|move: Roost
|
|-damage|p1a: Tauros|68/100 brn|[from] brn
|upkeep
|turn|9
|inactive|Munch144447 has 90 seconds left.
|inactive|Munch144447 has 60 seconds left.
|inactive|Munch144447 has 30 seconds left.
|inactive|Munch144447 has 20 seconds left.
|inactive|Munch144447 has 15 seconds left.
|inactive|Munch144447 has 10 seconds left.
|inactive|Munch144447 has 5 seconds left.
|-message|Munch144447 lost due to inactivity.
|
|win|Serpi4o
|raw|Munch144447's rating: 1144 &rarr; <strong>1119</strong><br />(-25 for losing)
|raw|Serpi4o's rating: 1142 &rarr; <strong>1167</strong><br />(+25 for winning)
|l|☆Serpi4o
|player|p2|
