|j|☆Romuo
|j|☆sirexcell
|t:|1760347660
|gametype|singles
|player|p1|Romuo|blackbelt|1221
|player|p2|sirexcell|palmer|1269
|gen|9
|tier|[Gen 9] OU
|rated|
|rule|HP Percentage Mod: HP is shown in percentages
|rule|Endless Battle Clause: Forcing endless battles is banned
|rule|Species Clause: Limit one of each Pokémon
|rule|OHKO Clause: OHKO moves are banned
|rule|Evasion Items Clause: Evasion items are banned
|rule|Evasion Moves Clause: Evasion moves are banned
|rule|Evasion Abilities Clause: Evasion abilities are banned
|rule|Sleep Moves Clause: Sleep-inducing moves are banned
|clearpoke
|poke|p1|Haxorus, M|
|poke|p1|Azumarill, F|
|poke|p1|Chandelure, M|
|poke|p1|Glimmora, F|
|poke|p1|Zamazenta-*|
|poke|p1|Thundurus-Therian, M|
|poke|p2|Alomomola, M|
|poke|p2|Garchomp, M|
|poke|p2|Gholdengo|
|poke|p2|Weavile, M|
|poke|p2|Slowking-Galar, M|
|poke|p2|Hydreigon, M|
|teampreview
|inactive|Battle timer is ON: inactive players will automatically lose when time's up. (requested by Romuo)
|
|t:|1760347686
|teamsize|p1|6
|teamsize|p2|6
|start
|switch|p1a: Plug|Glimmora, F, shiny|100/100
|switch|p2a: Garchomp|Garchomp, M|100/100
|turn|1
|
|t:|1760347701
|switch|p1a: Thorfinn|Thundurus-Therian, M|100/100
|move|p2a: Garchomp|Stealth Rock|p1a: Thorfinn
|-sidestart|p1: Romuo|move: Stealth Rock
|
|upkeep
|turn|2
|
|t:|1760347708
|-terastallize|p1a: Thorfinn|Ice
|move|p1a: Thorfinn|Tera Blast|p2a: Garchomp|[anim] Tera Blast Ice
|-supereffective|p2a: Garchomp
|-damage|p2a: Garchomp|0 fnt
|faint|p2a: Garchomp
|
|upkeep
|inactive|sirexcell has 120 seconds left.
|
|t:|1760347748
|switch|p2a: Hydreigon|Hydreigon, M|100/100
|turn|3
|
|t:|1760347758
|move|p2a: Hydreigon|Flamethrower|p1a: Thorfinn
|-supereffective|p1a: Thorfinn
|-damage|p1a: Thorfinn|44/100
|move|p1a: Thorfinn|Tera Blast|p2a: Hydreigon|[anim] Tera Blast Ice
|-supereffective|p2a: Hydreigon
|-damage|p2a: Hydreigon|0 fnt
|faint|p2a: Hydreigon
|
|upkeep
|inactive|sirexcell has 120 seconds left.
|
|t:|1760347766
|switch|p2a: Gholdengo|Gholdengo|100/100
|-item|p2a: Gholdengo|Air Balloon
|turn|4
|
|t:|1760347772
|move|p1a: Thorfinn|Volt Switch|p2a: Gholdengo
|-damage|p2a: Gholdengo|63/100
|-enditem|p2a: Gholdengo|Air Balloon
|
|t:|1760347788
|switch|p1a: Plug|Glimmora, F, shiny|100/100|[from] Volt Switch
|-damage|p1a: Plug|88/100|[from] Stealth Rock
|move|p2a: Gholdengo|Make It Rain|p1a: Plug
|-supereffective|p1a: Plug
|-damage|p1a: Plug|0 fnt
|-unboost|p2a: Gholdengo|spa|1
|faint|p1a: Plug
|
|upkeep
|
|t:|1760347804
|switch|p1a: Omega|Haxorus, M, shiny|100/100
|-damage|p1a: Omega|88/100|[from] Stealth Rock
|-ability|p1a: Omega|Mold Breaker
|turn|5
|
|t:|1760347816
|switch|p2a: Alomomola|Alomomola, M|100/100
|move|p1a: Omega|Dragon Dance|p1a: Omega
|-boost|p1a: Omega|atk|1
|-boost|p1a: Omega|spe|1
|
|upkeep
|turn|6
|
|t:|1760347828
|move|p1a: Omega|Outrage|p2a: Alomomola
|-damage|p2a: Alomomola|26/100
|-enditem|p2a: Alomomola|Red Card|[of] p1a: Omega
|drag|p1a: Bibi|Azumarill, F, shiny|100/100
|-damage|p1a: Bibi|88/100|[from] Stealth Rock
|move|p2a: Alomomola|Wish|p2a: Alomomola
|
|-heal|p1a: Bibi|94/100|[from] item: Leftovers
|upkeep
|turn|7
|
|t:|1760347851
|switch|p2a: Gholdengo|Gholdengo|63/100
|move|p1a: Bibi|Knock Off|p2a: Gholdengo
|-supereffective|p2a: Gholdengo
|-damage|p2a: Gholdengo|13/100
|
|-heal|p2a: Gholdengo|77/100|[from] move: Wish|[wisher] Alomomola
|-heal|p1a: Bibi|100/100|[from] item: Leftovers
|upkeep
|turn|8
|inactive|sirexcell has 120 seconds left.
|
|t:|1760347871
|move|p2a: Gholdengo|Shadow Ball|p1a: Bibi
|-damage|p1a: Bibi|54/100
|move|p1a: Bibi|Knock Off|p2a: Gholdengo
|-supereffective|p2a: Gholdengo
|-damage|p2a: Gholdengo|26/100
|
|-heal|p1a: Bibi|60/100|[from] item: Leftovers
|upkeep
|turn|9
|inactive|sirexcell has 120 seconds left.
|
|t:|1760347889
|switch|p2a: Alomomola|Alomomola, M|59/100
|move|p1a: Bibi|Aqua Jet|p2a: Alomomola
|-resisted|p2a: Alomomola
|-damage|p2a: Alomomola|51/100
|
|-heal|p1a: Bibi|67/100|[from] item: Leftovers
|upkeep
|turn|10
|inactive|sirexcell has 120 seconds left.
|
|t:|1760347900
|move|p1a: Bibi|Play Rough|p2a: Alomomola|[miss]
|-miss|p1a: Bibi|p2a: Alomomola
|move|p2a: Alomomola|Wish|p2a: Alomomola
|
|-heal|p1a: Bibi|73/100|[from] item: Leftovers
|upkeep
|turn|11
|
|t:|1760347908
|move|p1a: Bibi|Play Rough|p2a: Alomomola
|-damage|p2a: Alomomola|18/100
|move|p2a: Alomomola|Acrobatics|p1a: Bibi
|-damage|p1a: Bibi|51/100
|
|-heal|p2a: Alomomola|68/100|[from] move: Wish|[wisher] Alomomola
|-heal|p1a: Bibi|57/100|[from] item: Leftovers
|upkeep
|turn|12
|
|t:|1760347920
|move|p1a: Bibi|Play Rough|p2a: Alomomola
|-crit|p2a: Alomomola
|-damage|p2a: Alomomola|14/100
|move|p2a: Alomomola|Wish|p2a: Alomomola
|
|-heal|p1a: Bibi|63/100|[from] item: Leftovers
|upkeep
|turn|13
|
|t:|1760347930
|switch|p2a: Gholdengo|Gholdengo|26/100
|move|p1a: Bibi|Play Rough|p2a: Gholdengo
|-resisted|p2a: Gholdengo
|-damage|p2a: Gholdengo|0 fnt
|faint|p2a: Gholdengo
|
|-heal|p1a: Bibi|69/100|[from] item: Leftovers
|upkeep
|inactive|sirexcell has 120 seconds left.
|
|t:|1760347953
|switch|p2a: Slowking|Slowking-Galar, M|100/100
|turn|14
|
|t:|1760347961
|move|p1a: Bibi|Knock Off|p2a: Slowking
|-supereffective|p2a: Slowking
|-damage|p2a: Slowking|23/100
|-enditem|p2a: Slowking|Heavy-Duty Boots|[from] move: Knock Off|[of] p1a: Bibi
|move|p2a: Slowking|Sludge Bomb|p1a: Bibi
|-supereffective|p1a: Bibi
|-damage|p1a: Bibi|5/100
|
|-heal|p1a: Bibi|11/100|[from] item: Leftovers
|upkeep
|turn|15
|inactive|sirexcell has 120 seconds left.
|
|t:|1760347978
|switch|p2a: Alomomola|Alomomola, M|47/100
|move|p1a: Bibi|Knock Off|p2a: Alomomola
|-damage|p2a: Alomomola|32/100
|
|-heal|p1a: Bibi|17/100|[from] item: Leftovers
|upkeep
|turn|16
|inactive|sirexcell has 120 seconds left.
|
|t:|1760347991
|move|p1a: Bibi|Play Rough|p2a: Alomomola
|-damage|p2a: Alomomola|0 fnt
|faint|p2a: Alomomola
|
|-heal|p1a: Bibi|23/100|[from] item: Leftovers
|upkeep
|-message|sirexcell forfeited.
|
|win|Romuo
|raw|Romuo's rating: 1221 &rarr; <strong>1249</strong><br />(+28 for winning)
|raw|sirexcell's rating: 1269 &rarr; <strong>1241</strong><br />(-28 for losing)
|l|☆sirexcell
|player|p2|
|l|☆Romuo
|player|p1|
