|j|☆milkismilkis
|j|☆bornusdino
|t:|1760429000
|gametype|singles
|player|p1|milkismilkis|ballguy|1339
|player|p2|bornusdino|miku-ground|1331
|gen|9
|tier|[Gen 9] OU
|rated|
|rule|HP Percentage Mod: HP is shown in percentages
|rule|Endless Battle Clause: Forcing endless battles is banned
|rule|Species Clause: Limit one of each Pokémon
|rule|OHKO Clause: OHKO moves are banned
|rule|Evasion Items Clause: Evasion items are banned
|rule|Evasion Moves Clause: Evasion moves are banned
|rule|Evasion Abilities Clause: Evasion abilities are banned
|rule|Sleep Moves Clause: Sleep-inducing moves are banned
|clearpoke
|poke|p1|Cinderace, M|
|poke|p1|Lokix, M|
|poke|p1|Corviknight, M|
|poke|p1|Garganacl, F|
|poke|p1|Dragapult, M|
|poke|p1|Iron Crown|
|poke|p2|Torkoal, M|
|poke|p2|Great Tusk|
|poke|p2|Raging Bolt|
|poke|p2|Walking Wake|
|poke|p2|Scizor, F|
|poke|p2|Hatterene, F|
|teampreview
|inactive|Battle timer is ON: inactive players will automatically lose when time's up. (requested by milkismilkis)
|
|t:|1760429010
|teamsize|p1|6
|teamsize|p2|6
|start
|switch|p1a: Garganacl|Garganacl, F|100/100
|switch|p2a: Scizor|Scizor, F|100/100
|turn|1
|
|t:|1760429027
|move|p2a: Scizor|U-turn|p1a: Garganacl
|-damage|p1a: Garganacl|60/100
|
|t:|1760429037
|switch|p2a: Great Tusk|Great Tusk|100/100|[from] U-turn
|move|p1a: Garganacl|Salt Cure|p2a: Great Tusk
|-resisted|p2a: Great Tusk
|-damage|p2a: Great Tusk|98/100
|-start|p2a: Great Tusk|Salt Cure
|
|-heal|p1a: Garganacl|67/100|[from] item: Leftovers
|-damage|p2a: Great Tusk|86/100|[from] Salt Cure
|upkeep
|turn|2
|
|t:|1760429049
|-end|p2a: Great Tusk|Protosynthesis|[silent]
|switch|p2a: Torkoal|Torkoal, M|100/100
|-weather|SunnyDay|[from] ability: Drought|[of] p2a: Torkoal
|switch|p1a: Corviknight|Corviknight, M|100/100
|-ability|p1a: Corviknight|Pressure
|
|-weather|SunnyDay|[upkeep]
|upkeep
|turn|3
|
|t:|1760429074
|switch|p1a: Cinderace|Cinderace, M|100/100
|move|p2a: Torkoal|Body Press|p1a: Cinderace
|-damage|p1a: Cinderace|53/100
|
|-weather|SunnyDay|[upkeep]
|upkeep
|turn|4
|inactive|bornusdino has 120 seconds left.
|inactive|bornusdino has 90 seconds left.
|
|t:|1760429151
|switch|p2a: Great Tusk|Great Tusk|86/100
|-activate|p2a: Great Tusk|ability: Protosynthesis
|-start|p2a: Great Tusk|protosynthesisspe
|move|p1a: Cinderace|U-turn|p2a: Great Tusk
|-start|p1a: Cinderace|typechange|Bug|[from] ability: Libero
|-resisted|p2a: Great Tusk
|-damage|p2a: Great Tusk|74/100
|-damage|p1a: Cinderace|36/100|[from] item: Rocky Helmet|[of] p2a: Great Tusk
|
|t:|1760429164
|switch|p1a: Corviknight|Corviknight, M|100/100|[from] U-turn
|-ability|p1a: Corviknight|Pressure
|
|-weather|SunnyDay|[upkeep]
|upkeep
|turn|5
|
|t:|1760429184
|-end|p2a: Great Tusk|Protosynthesis|[silent]
|switch|p2a: Walking Wake|Walking Wake|100/100
|-activate|p2a: Walking Wake|ability: Protosynthesis
|-start|p2a: Walking Wake|protosynthesisspe
|move|p1a: Corviknight|Brave Bird|p2a: Walking Wake
|-damage|p2a: Walking Wake|59/100
|-damage|p1a: Corviknight|89/100|[from] Recoil
|
|-weather|SunnyDay|[upkeep]
|upkeep
|turn|6
|
|t:|1760429195
|-terastallize|p2a: Walking Wake|Water
|-terastallize|p1a: Corviknight|Dragon
|move|p2a: Walking Wake|Hydro Steam|p1a: Corviknight
|-resisted|p1a: Corviknight
|-damage|p1a: Corviknight|26/100
|move|p1a: Corviknight|U-turn|p2a: Walking Wake
|-damage|p2a: Walking Wake|45/100
|
|t:|1760429204
|switch|p1a: Lokix|Lokix, M|100/100|[from] U-turn
|
|-weather|SunnyDay|[upkeep]
|upkeep
|turn|7
|
|t:|1760429210
|-end|p2a: Walking Wake|Protosynthesis|[silent]
|switch|p2a: Great Tusk|Great Tusk|74/100
|-activate|p2a: Great Tusk|ability: Protosynthesis
|-start|p2a: Great Tusk|protosynthesisspe
|move|p1a: Lokix|First Impression|p2a: Great Tusk
|-resisted|p2a: Great Tusk
|-damage|p2a: Great Tusk|41/100
|-damage|p1a: Lokix|84/100|[from] item: Rocky Helmet|[of] p2a: Great Tusk
|
|-weather|SunnyDay|[upkeep]
|upkeep
|turn|8
|
|t:|1760429219
|switch|p1a: Dragapult|Dragapult, M|100/100
|move|p2a: Great Tusk|Close Combat|p1a: Dragapult
|-immune|p1a: Dragapult
|
|-weather|SunnyDay|[upkeep]
|upkeep
|turn|9
|
|t:|1760429228
|switch|p1a: Cinderace|Cinderace, M|36/100
|move|p2a: Great Tusk|Ice Spinner|p1a: Cinderace
|-resisted|p1a: Cinderace
|-damage|p1a: Cinderace|21/100
|
|-weather|none
|-end|p2a: Great Tusk|Protosynthesis
|upkeep
|turn|10
|
|t:|1760429233
|-end|p2a: Great Tusk|Protosynthesis|[silent]
|switch|p2a: Torkoal|Torkoal, M|100/100
|-weather|SunnyDay|[from] ability: Drought|[of] p2a: Torkoal
|move|p1a: Cinderace|Pyro Ball|p2a: Torkoal
|-resisted|p2a: Torkoal
|-damage|p2a: Torkoal|77/100
|
|-weather|SunnyDay|[upkeep]
|upkeep
|turn|11
|
|t:|1760429240
|move|p1a: Cinderace|U-turn|p2a: Torkoal
|-start|p1a: Cinderace|typechange|Bug|[from] ability: Libero
|-resisted|p2a: Torkoal
|-damage|p2a: Torkoal|67/100
|
|t:|1760429242
|switch|p1a: Dragapult|Dragapult, M|100/100|[from] U-turn
|move|p2a: Torkoal|Body Press|p1a: Dragapult
|-immune|p1a: Dragapult
|
|-weather|SunnyDay|[upkeep]
|upkeep
|turn|12
|inactive|bornusdino has 120 seconds left.
|
|t:|1760429262
|switch|p2a: Hatterene|Hatterene, F|100/100
|move|p1a: Dragapult|Thunder Wave|p2a: Hatterene
|move|p2a: Hatterene|Thunder Wave|p1a: Dragapult|[from] ability: Magic Bounce
|-status|p1a: Dragapult|par
|
|-weather|SunnyDay|[upkeep]
|upkeep
|turn|13
|
|t:|1760429271
|move|p1a: Dragapult|Hex|p2a: Hatterene
|-supereffective|p2a: Hatterene
|-enditem|p2a: Hatterene|Kasib Berry|[eat]
|-enditem|p2a: Hatterene|Kasib Berry|[weaken]
|-damage|p2a: Hatterene|73/100
|move|p2a: Hatterene|Mystical Fire|p1a: Dragapult
|-resisted|p1a: Dragapult
|-damage|p1a: Dragapult|77/100 par
|-unboost|p1a: Dragapult|spa|1
|
|-weather|SunnyDay|[upkeep]
|upkeep
|turn|14
|
|t:|1760429278
|cant|p1a: Dragapult|par
|move|p2a: Hatterene|Draining Kiss|p1a: Dragapult
|-supereffective|p1a: Dragapult
|-damage|p1a: Dragapult|6/100 par
|-heal|p2a: Hatterene|100/100|[from] drain|[of] p1a: Dragapult
|
|-weather|SunnyDay|[upkeep]
|upkeep
|turn|15
|
|t:|1760429283
|cant|p1a: Dragapult|par
|move|p2a: Hatterene|Draining Kiss|p1a: Dragapult
|-supereffective|p1a: Dragapult
|-damage|p1a: Dragapult|0 fnt
|faint|p1a: Dragapult
|
|-weather|SunnyDay|[upkeep]
|upkeep
|
|t:|1760429286
|switch|p1a: Iron Crown|Iron Crown|100/100
|turn|16
|
|t:|1760429294
|switch|p2a: Raging Bolt|Raging Bolt|100/100
|-activate|p2a: Raging Bolt|ability: Protosynthesis
|-start|p2a: Raging Bolt|protosynthesisspa
|move|p1a: Iron Crown|Tachyon Cutter|p2a: Raging Bolt
|-resisted|p2a: Raging Bolt
|-damage|p2a: Raging Bolt|91/100
|-resisted|p2a: Raging Bolt
|-damage|p2a: Raging Bolt|81/100
|-hitcount|p2a: Raging Bolt|2
|
|-weather|SunnyDay|[upkeep]
|upkeep
|turn|17
|
|t:|1760429304
|-end|p1a: Iron Crown|Quark Drive|[silent]
|switch|p1a: Cinderace|Cinderace, M|21/100
|move|p2a: Raging Bolt|Weather Ball|p1a: Cinderace
|-resisted|p1a: Cinderace
|-damage|p1a: Cinderace|0 fnt
|faint|p1a: Cinderace
|
|-weather|none
|-end|p2a: Raging Bolt|Protosynthesis
|upkeep
|
|t:|1760429307
|switch|p1a: Garganacl|Garganacl, F|67/100
|turn|18
|
|t:|1760429311
|-end|p2a: Raging Bolt|Protosynthesis|[silent]
|switch|p2a: Torkoal|Torkoal, M|67/100
|-weather|SunnyDay|[from] ability: Drought|[of] p2a: Torkoal
|move|p1a: Garganacl|Salt Cure|p2a: Torkoal
|-supereffective|p2a: Torkoal
|-damage|p2a: Torkoal|50/100
|-start|p2a: Torkoal|Salt Cure
|
|-weather|SunnyDay|[upkeep]
|-heal|p1a: Garganacl|73/100|[from] item: Leftovers
|-damage|p2a: Torkoal|38/100|[from] Salt Cure
|upkeep
|turn|19
|
|t:|1760429318
|switch|p2a: Great Tusk|Great Tusk|41/100
|-activate|p2a: Great Tusk|ability: Protosynthesis
|-start|p2a: Great Tusk|protosynthesisspe
|move|p1a: Garganacl|Curse|p1a: Garganacl
|-unboost|p1a: Garganacl|spe|1
|-boost|p1a: Garganacl|atk|1
|-boost|p1a: Garganacl|def|1
|
|-weather|SunnyDay|[upkeep]
|-heal|p1a: Garganacl|79/100|[from] item: Leftovers
|upkeep
|turn|20
|
|t:|1760429323
|move|p2a: Great Tusk|Close Combat|p1a: Garganacl
|-supereffective|p1a: Garganacl
|-damage|p1a: Garganacl|30/100
|-unboost|p2a: Great Tusk|def|1
|-unboost|p2a: Great Tusk|spd|1
|move|p1a: Garganacl|Curse|p1a: Garganacl
|-unboost|p1a: Garganacl|spe|1
|-boost|p1a: Garganacl|atk|1
|-boost|p1a: Garganacl|def|1
|
|-weather|SunnyDay|[upkeep]
|-heal|p1a: Garganacl|36/100|[from] item: Leftovers
|upkeep
|turn|21
|
|t:|1760429326
|move|p2a: Great Tusk|Close Combat|p1a: Garganacl
|-supereffective|p1a: Garganacl
|-damage|p1a: Garganacl|0 fnt
|-unboost|p2a: Great Tusk|def|1
|-unboost|p2a: Great Tusk|spd|1
|faint|p1a: Garganacl
|
|-weather|SunnyDay|[upkeep]
|upkeep
|
|t:|1760429333
|switch|p1a: Lokix|Lokix, M|84/100
|turn|22
|
|t:|1760429339
|-end|p2a: Great Tusk|Protosynthesis|[silent]
|switch|p2a: Scizor|Scizor, F|100/100
|move|p1a: Lokix|U-turn|p2a: Scizor
|-resisted|p2a: Scizor
|-damage|p2a: Scizor|48/100
|
|t:|1760429344
|switch|p1a: Iron Crown|Iron Crown|100/100|[from] U-turn
|
|-weather|SunnyDay|[upkeep]
|upkeep
|turn|23
|
|t:|1760429350
|move|p1a: Iron Crown|Focus Blast|p2a: Scizor
|-damage|p2a: Scizor|0 fnt
|faint|p2a: Scizor
|
|-weather|SunnyDay|[upkeep]
|upkeep
|
|t:|1760429354
|switch|p2a: Walking Wake|Walking Wake, tera:Water|45/100
|-activate|p2a: Walking Wake|ability: Protosynthesis
|-start|p2a: Walking Wake|protosynthesisspe
|turn|24
|
|t:|1760429357
|-end|p1a: Iron Crown|Quark Drive|[silent]
|switch|p1a: Corviknight|Corviknight, M, tera:Dragon|26/100
|-ability|p1a: Corviknight|Pressure
|move|p2a: Walking Wake|Hydro Steam|p1a: Corviknight
|-resisted|p1a: Corviknight
|-damage|p1a: Corviknight|0 fnt
|faint|p1a: Corviknight
|
|-weather|SunnyDay|[upkeep]
|upkeep
|
|t:|1760429359
|switch|p1a: Lokix|Lokix, M|84/100
|turn|25
|
|t:|1760429364
|-end|p2a: Walking Wake|Protosynthesis|[silent]
|switch|p2a: Great Tusk|Great Tusk|41/100
|-activate|p2a: Great Tusk|ability: Protosynthesis
|-start|p2a: Great Tusk|protosynthesisspe
|move|p1a: Lokix|U-turn|p2a: Great Tusk
|-resisted|p2a: Great Tusk
|-damage|p2a: Great Tusk|10/100
|-damage|p1a: Lokix|67/100|[from] item: Rocky Helmet|[of] p2a: Great Tusk
|
|t:|1760429367
|switch|p1a: Iron Crown|Iron Crown|100/100|[from] U-turn
|
|-weather|none
|-end|p2a: Great Tusk|Protosynthesis
|upkeep
|turn|26
|
|t:|1760429372
|-end|p2a: Great Tusk|Protosynthesis|[silent]
|switch|p2a: Torkoal|Torkoal, M|38/100
|-weather|SunnyDay|[from] ability: Drought|[of] p2a: Torkoal
|move|p1a: Iron Crown|Psychic Noise|p2a: Torkoal
|-damage|p2a: Torkoal|0 fnt
|faint|p2a: Torkoal
|
|-weather|SunnyDay|[upkeep]
|upkeep
|
|t:|1760429375
|switch|p2a: Great Tusk|Great Tusk|10/100
|-activate|p2a: Great Tusk|ability: Protosynthesis
|-start|p2a: Great Tusk|protosynthesisspe
|turn|27
|
|t:|1760429380
|move|p2a: Great Tusk|Headlong Rush|p1a: Iron Crown
|-supereffective|p1a: Iron Crown
|-damage|p1a: Iron Crown|0 fnt
|-unboost|p2a: Great Tusk|def|1
|-unboost|p2a: Great Tusk|spd|1
|faint|p1a: Iron Crown
|-end|p1a: Iron Crown|Quark Drive|[silent]
|
|-weather|SunnyDay|[upkeep]
|upkeep
|
|t:|1760429383
|switch|p1a: Lokix|Lokix, M|67/100
|turn|28
|
|t:|1760429386
|move|p2a: Great Tusk|Close Combat|p1a: Lokix
|-damage|p1a: Lokix|0 fnt
|-unboost|p2a: Great Tusk|def|1
|-unboost|p2a: Great Tusk|spd|1
|faint|p1a: Lokix
|
|win|bornusdino
|raw|milkismilkis's rating: 1339 &rarr; <strong>1319</strong><br />(-20 for losing)
|raw|bornusdino's rating: 1331 &rarr; <strong>1351</strong><br />(+20 for winning)
|l|☆bornusdino
|player|p2|
|l|☆milkismilkis
|player|p1|
|j|☆bornusdino
|player|p2|bornusdino|miku-ground|
|l|☆bornusdino
|player|p2|
