|j|☆Verbalseduction
|j|☆Prav33n
|t:|1760424727
|gametype|singles
|player|p1|Verbalseduction|102|1506
|player|p2|Prav33n|koga|1762
|gen|9
|tier|[Gen 9] OU
|rated|
|rule|HP Percentage Mod: HP is shown in percentages
|rule|Endless Battle Clause: Forcing endless battles is banned
|rule|Species Clause: Limit one of each Pokémon
|rule|OHKO Clause: OHKO moves are banned
|rule|Evasion Items Clause: Evasion items are banned
|rule|Evasion Moves Clause: Evasion moves are banned
|rule|Evasion Abilities Clause: Evasion abilities are banned
|rule|Sleep Moves Clause: Sleep-inducing moves are banned
|clearpoke
|poke|p1|Walking Wake|
|poke|p1|Gliscor, M|
|poke|p1|Corviknight, M|
|poke|p1|Blissey, F|
|poke|p1|Pecharunt|
|poke|p1|Ogerpon, F|
|poke|p2|Landorus-Therian, M|
|poke|p2|Cinderace, F|
|poke|p2|Zamazenta-*|
|poke|p2|Slowking-Galar, M|
|poke|p2|Ogerpon-Wellspring, F|
|poke|p2|Hydreigon, M|
|teampreview
|inactive|Battle timer is ON: inactive players will automatically lose when time's up. (requested by Prav33n)
|inactive|Prav33n has 120 seconds left.
|
|t:|1760424782
|teamsize|p1|6
|teamsize|p2|6
|start
|switch|p1a: Walking Wake|Walking Wake|100/100
|switch|p2a: Ogerpon|Ogerpon-Wellspring, F|100/100
|turn|1
|
|t:|1760424789
|-end|p1a: Walking Wake|Protosynthesis|[silent]
|switch|p1a: Pecharunt|Pecharunt|100/100
|move|p2a: Ogerpon|Play Rough|p1a: Pecharunt
|-resisted|p1a: Pecharunt
|-crit|p1a: Pecharunt
|-damage|p1a: Pecharunt|87/100
|
|upkeep
|turn|2
|
|t:|1760424798
|switch|p2a: Slowking|Slowking-Galar, M|100/100
|move|p1a: Pecharunt|Parting Shot|p2a: Slowking
|-unboost|p2a: Slowking|atk|1
|-unboost|p2a: Slowking|spa|1
|
|t:|1760424815
|switch|p1a: Blissey|Blissey, F|100/100|[from] Parting Shot
|
|upkeep
|turn|3
|
|t:|1760424822
|switch|p2a: Landorus|Landorus-Therian, M|100/100
|-ability|p2a: Landorus|Intimidate|boost
|-unboost|p1a: Blissey|atk|1
|move|p1a: Blissey|Stealth Rock|p2a: Landorus
|-sidestart|p2: Prav33n|move: Stealth Rock
|
|upkeep
|turn|4
|
|t:|1760424828
|switch|p1a: Gliscor|Gliscor, M|100/100
|move|p2a: Landorus|Stone Edge|p1a: Gliscor
|-damage|p1a: Gliscor|74/100
|
|-status|p1a: Gliscor|tox|[from] item: Toxic Orb
|upkeep
|turn|5
|
|t:|1760424843
|move|p2a: Landorus|U-turn|p1a: Gliscor
|-resisted|p1a: Gliscor
|-damage|p1a: Gliscor|65/100 tox
|
|t:|1760424845
|switch|p2a: Slowking|Slowking-Galar, M|100/100|[from] U-turn
|-damage|p2a: Slowking|88/100|[from] Stealth Rock
|move|p1a: Gliscor|Toxic|p2a: Slowking
|-immune|p2a: Slowking
|
|-heal|p1a: Gliscor|78/100 tox|[from] ability: Poison Heal
|upkeep
|turn|6
|
|t:|1760424850
|move|p1a: Gliscor|Protect|p1a: Gliscor
|-singleturn|p1a: Gliscor|Protect
|move|p2a: Slowking|Psyshock|p1a: Gliscor
|-activate|p1a: Gliscor|move: Protect
|
|-heal|p1a: Gliscor|90/100 tox|[from] ability: Poison Heal
|upkeep
|turn|7
|
|t:|1760424859
|switch|p1a: Corviknight|Corviknight, M|100/100
|-ability|p1a: Corviknight|Pressure
|move|p2a: Slowking|Ice Beam|p1a: Corviknight
|-damage|p1a: Corviknight|71/100
|
|upkeep
|turn|8
|
|t:|1760424866
|move|p1a: Corviknight|U-turn|p2a: Slowking
|-damage|p2a: Slowking|74/100
|
|t:|1760424875
|switch|p1a: Gliscor|Gliscor, M|90/100 tox|[from] U-turn
|move|p2a: Slowking|Flamethrower|p1a: Gliscor
|-damage|p1a: Gliscor|64/100 tox
|
|-heal|p1a: Gliscor|77/100 tox|[from] ability: Poison Heal
|upkeep
|turn|9
|
|t:|1760424881
|move|p1a: Gliscor|Protect|p1a: Gliscor
|-singleturn|p1a: Gliscor|Protect
|move|p2a: Slowking|Ice Beam|p1a: Gliscor
|-activate|p1a: Gliscor|move: Protect
|
|-heal|p1a: Gliscor|89/100 tox|[from] ability: Poison Heal
|upkeep
|turn|10
|
|t:|1760424885
|move|p1a: Gliscor|Earthquake|p2a: Slowking
|-supereffective|p2a: Slowking
|-damage|p2a: Slowking|2/100
|move|p2a: Slowking|Psyshock|p1a: Gliscor
|-damage|p1a: Gliscor|59/100 tox
|
|-heal|p1a: Gliscor|72/100 tox|[from] ability: Poison Heal
|upkeep
|turn|11
|
|t:|1760424895
|switch|p2a: Hydreigon|Hydreigon, M|100/100
|-damage|p2a: Hydreigon|88/100|[from] Stealth Rock
|move|p1a: Gliscor|Earthquake|p2a: Hydreigon
|-immune|p2a: Hydreigon|[from] ability: Levitate
|
|-heal|p1a: Gliscor|84/100 tox|[from] ability: Poison Heal
|upkeep
|turn|12
|
|t:|1760424900
|move|p2a: Hydreigon|Draco Meteor|p1a: Gliscor
|-damage|p1a: Gliscor|0 fnt
|-unboost|p2a: Hydreigon|spa|2
|faint|p1a: Gliscor
|
|upkeep
|
|t:|1760424910
|switch|p1a: Corviknight|Corviknight, M|71/100
|-ability|p1a: Corviknight|Pressure
|turn|13
|
|t:|1760424912
|switch|p2a: Cinderace|Cinderace, F|100/100
|move|p1a: Corviknight|U-turn|p2a: Cinderace
|-resisted|p2a: Cinderace
|-damage|p2a: Cinderace|93/100
|
|t:|1760424916
|switch|p1a: Walking Wake|Walking Wake|100/100|[from] U-turn
|
|upkeep
|turn|14
|
|t:|1760424923
|move|p2a: Cinderace|Court Change|p2a: Cinderace
|-swapsideconditions
|-activate|p2a: Cinderace|move: Court Change
|move|p1a: Walking Wake|Substitute|p1a: Walking Wake
|-start|p1a: Walking Wake|Substitute
|-damage|p1a: Walking Wake|76/100
|
|upkeep
|turn|15
|
|t:|1760424929
|move|p2a: Cinderace|U-turn|p1a: Walking Wake
|-activate|p1a: Walking Wake|move: Substitute|[damage]
|
|t:|1760424942
|switch|p2a: Landorus|Landorus-Therian, M|100/100|[from] U-turn
|-ability|p2a: Landorus|Intimidate|boost
|-immune|p1a: Walking Wake
|move|p1a: Walking Wake|Knock Off|p2a: Landorus
|-damage|p2a: Landorus|81/100
|-damage|p1a: Walking Wake|59/100|[from] item: Rocky Helmet|[of] p2a: Landorus
|-enditem|p2a: Landorus|Rocky Helmet|[from] move: Knock Off|[of] p1a: Walking Wake
|
|upkeep
|turn|16
|
|t:|1760424947
|switch|p2a: Ogerpon|Ogerpon-Wellspring, F|100/100
|move|p1a: Walking Wake|Surf|p2a: Ogerpon
|-immune|p2a: Ogerpon|[from] ability: Water Absorb
|
|upkeep
|turn|17
|
|t:|1760424958
|switch|p2a: Landorus|Landorus-Therian, M|81/100
|-ability|p2a: Landorus|Intimidate|boost
|-immune|p1a: Walking Wake
|move|p1a: Walking Wake|Draco Meteor|p2a: Landorus
|-damage|p2a: Landorus|11/100
|-unboost|p1a: Walking Wake|spa|2
|
|upkeep
|turn|18
|
|t:|1760424963
|switch|p2a: Ogerpon|Ogerpon-Wellspring, F|100/100
|move|p1a: Walking Wake|Draco Meteor|p2a: Ogerpon|[miss]
|-miss|p1a: Walking Wake|p2a: Ogerpon
|
|upkeep
|turn|19
|
|t:|1760424967
|-end|p1a: Walking Wake|Protosynthesis|[silent]
|switch|p1a: Pecharunt|Pecharunt|87/100
|move|p2a: Ogerpon|Swords Dance|p2a: Ogerpon
|-boost|p2a: Ogerpon|atk|2
|
|upkeep
|turn|20
|
|t:|1760424973
|move|p2a: Ogerpon|Ivy Cudgel|p1a: Pecharunt|[anim] Ivy Cudgel Water
|-damage|p1a: Pecharunt|36/100
|move|p1a: Pecharunt|Malignant Chain|p2a: Ogerpon
|-supereffective|p2a: Ogerpon
|-damage|p2a: Ogerpon|30/100
|-status|p2a: Ogerpon|tox
|-start|p2a: Ogerpon|confusion|[from] ability: Poison Puppeteer|[of] p1a: Pecharunt
|
|-damage|p2a: Ogerpon|24/100 tox|[from] psn
|upkeep
|turn|21
|
|t:|1760424980
|switch|p1a: Walking Wake|Walking Wake|59/100
|-activate|p2a: Ogerpon|confusion
|move|p2a: Ogerpon|Ivy Cudgel|p1a: Walking Wake|[anim] Ivy Cudgel Water
|-resisted|p1a: Walking Wake
|-damage|p1a: Walking Wake|26/100
|
|-damage|p2a: Ogerpon|12/100 tox|[from] psn
|upkeep
|turn|22
|
|t:|1760424988
|-activate|p2a: Ogerpon|confusion
|move|p2a: Ogerpon|Horn Leech|p1a: Walking Wake
|-damage|p1a: Walking Wake|0 fnt
|-heal|p2a: Ogerpon|27/100 tox|[from] drain|[of] p1a: Walking Wake
|faint|p1a: Walking Wake
|-end|p1a: Walking Wake|Protosynthesis|[silent]
|
|-damage|p2a: Ogerpon|9/100 tox|[from] psn
|upkeep
|
|t:|1760424997
|switch|p1a: Ogerpon|Ogerpon, F|100/100
|turn|23
|
|t:|1760425008
|-terastallize|p1a: Ogerpon|Grass
|detailschange|p1a: Ogerpon|Ogerpon-Teal-Tera, F, tera:Grass
|-ability|p1a: Ogerpon|Embody Aspect (Teal)|boost
|-boost|p1a: Ogerpon|spe|1
|move|p1a: Ogerpon|Ivy Cudgel|p2a: Ogerpon
|-damage|p2a: Ogerpon|0 fnt
|faint|p2a: Ogerpon
|
|upkeep
|
|t:|1760425011
|switch|p2a: Slowking|Slowking-Galar, M|35/100
|turn|24
|
|t:|1760425014
|switch|p2a: Landorus|Landorus-Therian, M|11/100
|-ability|p2a: Landorus|Intimidate|boost
|-unboost|p1a: Ogerpon|atk|1
|move|p1a: Ogerpon|Knock Off|p2a: Landorus
|-damage|p2a: Landorus|0 fnt
|faint|p2a: Landorus
|
|upkeep
|
|t:|1760425016
|switch|p2a: Cinderace|Cinderace, F|93/100
|turn|25
|
|t:|1760425021
|move|p1a: Ogerpon|U-turn|p2a: Cinderace
|-resisted|p2a: Cinderace
|-damage|p2a: Cinderace|83/100
|
|t:|1760425024
|switch|p1a: Blissey|Blissey, F|100/100|[from] U-turn
|move|p2a: Cinderace|Pyro Ball|p1a: Blissey
|-damage|p1a: Blissey|49/100
|
|upkeep
|turn|26
|
|t:|1760425030
|move|p2a: Cinderace|Pyro Ball|p1a: Blissey|[miss]
|-miss|p2a: Cinderace|p1a: Blissey
|move|p1a: Blissey|Soft-Boiled|p1a: Blissey
|-heal|p1a: Blissey|99/100
|
|upkeep
|turn|27
|
|t:|1760425042
|move|p2a: Cinderace|Pyro Ball|p1a: Blissey
|-damage|p1a: Blissey|45/100
|move|p1a: Blissey|Seismic Toss|p2a: Cinderace
|-damage|p2a: Cinderace|55/100
|
|upkeep
|turn|28
|
|t:|1760425045
|move|p2a: Cinderace|Pyro Ball|p1a: Blissey
|-damage|p1a: Blissey|0 fnt
|faint|p1a: Blissey
|
|upkeep
|
|t:|1760425049
|switch|p1a: Pecharunt|Pecharunt|36/100
|turn|29
|
|t:|1760425051
|move|p2a: Cinderace|U-turn|p1a: Pecharunt
|-resisted|p1a: Pecharunt
|-damage|p1a: Pecharunt|34/100
|
|t:|1760425053
|switch|p2a: Hydreigon|Hydreigon, M|88/100|[from] U-turn
|move|p1a: Pecharunt|Recover|p1a: Pecharunt
|-heal|p1a: Pecharunt|84/100
|
|upkeep
|turn|30
|
|t:|1760425057
|switch|p1a: Corviknight|Corviknight, M|71/100
|-ability|p1a: Corviknight|Pressure
|move|p2a: Hydreigon|Dark Pulse|p1a: Corviknight
|-damage|p1a: Corviknight|16/100
|
|upkeep
|turn|31
|
|t:|1760425061
|move|p2a: Hydreigon|Dark Pulse|p1a: Corviknight
|-damage|p1a: Corviknight|0 fnt
|faint|p1a: Corviknight
|
|upkeep
|
|t:|1760425063
|switch|p1a: Ogerpon|Ogerpon-Teal-Tera, F, tera:Grass|100/100
|-ability|p1a: Ogerpon|Embody Aspect (Teal)|boost
|-boost|p1a: Ogerpon|spe|1
|turn|32
|
|t:|1760425069
|switch|p2a: Zamazenta|Zamazenta|100/100
|-ability|p2a: Zamazenta|Dauntless Shield|boost
|-boost|p2a: Zamazenta|def|1
|move|p1a: Ogerpon|Ivy Cudgel|p2a: Zamazenta
|-damage|p2a: Zamazenta|67/100
|
|-heal|p2a: Zamazenta|73/100|[from] item: Leftovers
|upkeep
|turn|33
|
|t:|1760425074
|move|p1a: Ogerpon|U-turn|p2a: Zamazenta
|-resisted|p2a: Zamazenta
|-damage|p2a: Zamazenta|67/100
|
|t:|1760425076
|switch|p1a: Pecharunt|Pecharunt|84/100|[from] U-turn
|move|p2a: Zamazenta|Crunch|p1a: Pecharunt
|-supereffective|p1a: Pecharunt
|-damage|p1a: Pecharunt|64/100
|
|-heal|p2a: Zamazenta|73/100|[from] item: Leftovers
|upkeep
|turn|34
|
|t:|1760425086
|move|p2a: Zamazenta|Crunch|p1a: Pecharunt
|-supereffective|p1a: Pecharunt
|-damage|p1a: Pecharunt|43/100
|move|p1a: Pecharunt|Parting Shot|p2a: Zamazenta
|-unboost|p2a: Zamazenta|atk|1
|-unboost|p2a: Zamazenta|spa|1
|
|t:|1760425090
|switch|p1a: Ogerpon|Ogerpon-Teal-Tera, F, tera:Grass|100/100|[from] Parting Shot
|-ability|p1a: Ogerpon|Embody Aspect (Teal)|boost
|-boost|p1a: Ogerpon|spe|1
|
|-heal|p2a: Zamazenta|79/100|[from] item: Leftovers
|upkeep
|turn|35
|
|t:|1760425096
|switch|p2a: Slowking|Slowking-Galar, M|69/100
|move|p1a: Ogerpon|U-turn|p2a: Slowking
|-damage|p2a: Slowking|44/100
|
|t:|1760425098
|switch|p1a: Pecharunt|Pecharunt|43/100|[from] U-turn
|
|upkeep
|turn|36
|
|t:|1760425103
|switch|p2a: Hydreigon|Hydreigon, M|88/100
|move|p1a: Pecharunt|Foul Play|p2a: Hydreigon
|-resisted|p2a: Hydreigon
|-damage|p2a: Hydreigon|76/100
|
|upkeep
|turn|37
|
|t:|1760425105
|switch|p1a: Ogerpon|Ogerpon-Teal-Tera, F, tera:Grass|100/100
|-ability|p1a: Ogerpon|Embody Aspect (Teal)|boost
|-boost|p1a: Ogerpon|spe|1
|move|p2a: Hydreigon|Dark Pulse|p1a: Ogerpon
|-damage|p1a: Ogerpon|35/100
|
|upkeep
|turn|38
|
|t:|1760425111
|switch|p2a: Cinderace|Cinderace, F|55/100
|move|p1a: Ogerpon|U-turn|p2a: Cinderace
|-resisted|p2a: Cinderace
|-damage|p2a: Cinderace|40/100
|
|t:|1760425113
|switch|p1a: Pecharunt|Pecharunt|43/100|[from] U-turn
|
|upkeep
|turn|39
|
|t:|1760425119
|switch|p2a: Hydreigon|Hydreigon, M|76/100
|move|p1a: Pecharunt|Recover|p1a: Pecharunt
|-heal|p1a: Pecharunt|93/100
|
|upkeep
|turn|40
|
|t:|1760425123
|move|p2a: Hydreigon|Dark Pulse|p1a: Pecharunt
|-supereffective|p1a: Pecharunt
|-damage|p1a: Pecharunt|0 fnt
|faint|p1a: Pecharunt
|
|upkeep
|-message|Verbalseduction forfeited.
|
|win|Prav33n
|raw|Verbalseduction's rating: 1506 &rarr; <strong>1499</strong><br />(-7 for losing)
|raw|Prav33n's rating: 1762 &rarr; <strong>1769</strong><br />(+7 for winning)
|l|☆Verbalseduction
|player|p1|
