|j|☆darkda567
|j|☆PeDr0zz
|t:|1760431399
|gametype|singles
|player|p1|darkda567|hilbert|1145
|player|p2|PeDr0zz|volkner|1145
|gen|9
|tier|[Gen 9] OU
|rated|
|rule|HP Percentage Mod: HP is shown in percentages
|rule|Endless Battle Clause: Forcing endless battles is banned
|rule|Species Clause: Limit one of each Pokémon
|rule|OHKO Clause: OHKO moves are banned
|rule|Evasion Items Clause: Evasion items are banned
|rule|Evasion Moves Clause: Evasion moves are banned
|rule|Evasion Abilities Clause: Evasion abilities are banned
|rule|Sleep Moves Clause: Sleep-inducing moves are banned
|clearpoke
|poke|p1|Incineroar, M|
|poke|p1|Gyarados, F|
|poke|p1|Mimikyu, M|
|poke|p1|Snorlax, M|
|poke|p1|Pawmot, M|
|poke|p1|Chandelure, M|
|poke|p2|Blastoise, F|
|poke|p2|Kingambit, M|
|poke|p2|Great Tusk|
|poke|p2|Thundurus-Therian, M|
|poke|p2|Gengar, M|
|poke|p2|Goodra-Hisui, F|
|teampreview
|inactive|Battle timer is ON: inactive players will automatically lose when time's up. (requested by PeDr0zz)
|
|t:|1760431412
|teamsize|p1|6
|teamsize|p2|6
|start
|switch|p1a: Chandelure|Chandelure, M|100/100
|switch|p2a: King Boo|Gengar, M|100/100
|turn|1
|inactive|darkda567 has 120 seconds left.
|inactive|darkda567 has 90 seconds left.
|inactive|darkda567 has 60 seconds left.
|
|t:|1760431518
|move|p2a: King Boo|Shadow Ball|p1a: Chandelure
|-supereffective|p1a: Chandelure
|-damage|p1a: Chandelure|0 fnt
|faint|p1a: Chandelure
|
|upkeep
|
|t:|1760431524
|switch|p1a: Mimikyu|Mimikyu, M|100/100
|turn|2
|
|t:|1760431541
|switch|p2a: Iron Slime|Goodra-Hisui, F, shiny|100/100
|move|p1a: Mimikyu|Swords Dance|p1a: Mimikyu
|-boost|p1a: Mimikyu|atk|2
|
|upkeep
|turn|3
|
|t:|1760431560
|move|p1a: Mimikyu|Swords Dance|p1a: Mimikyu
|-boost|p1a: Mimikyu|atk|2
|move|p2a: Iron Slime|Dragon Tail|p1a: Mimikyu
|-immune|p1a: Mimikyu
|
|upkeep
|turn|4
|
|t:|1760431580
|move|p1a: Mimikyu|Swords Dance|p1a: Mimikyu
|-boost|p1a: Mimikyu|atk|2
|move|p2a: Iron Slime|Earthquake|p1a: Mimikyu
|-activate|p1a: Mimikyu|ability: Disguise
|-damage|p1a: Mimikyu|100/100
|detailschange|p1a: Mimikyu|Mimikyu-Busted, M
|-damage|p1a: Mimikyu|88/100|[from] pokemon: Mimikyu-Busted
|
|upkeep
|turn|5
|
|t:|1760431589
|move|p1a: Mimikyu|Shadow Claw|p2a: Iron Slime
|-crit|p2a: Iron Slime
|-damage|p2a: Iron Slime|0 fnt
|faint|p2a: Iron Slime
|-damage|p1a: Mimikyu|78/100|[from] item: Life Orb
|
|upkeep
|
|t:|1760431594
|switch|p2a: mamute|Great Tusk, shiny|100/100
|turn|6
|
|t:|1760431601
|move|p1a: Mimikyu|Shadow Sneak|p2a: mamute
|-damage|p2a: mamute|58/100
|-damage|p1a: Mimikyu|68/100|[from] item: Life Orb
|move|p2a: mamute|Earthquake|p1a: Mimikyu
|-damage|p1a: Mimikyu|0 fnt
|faint|p1a: Mimikyu
|
|-heal|p2a: mamute|64/100|[from] item: Leftovers
|upkeep
|
|t:|1760431622
|switch|p1a: Gyarados|Gyarados, F|100/100
|-ability|p1a: Gyarados|Intimidate|boost
|-unboost|p2a: mamute|atk|1
|turn|7
|
|t:|1760431630
|move|p1a: Gyarados|Dragon Dance|p1a: Gyarados
|-boost|p1a: Gyarados|atk|1
|-boost|p1a: Gyarados|spe|1
|move|p2a: mamute|Knock Off|p1a: Gyarados
|-damage|p1a: Gyarados|79/100
|-enditem|p1a: Gyarados|Expert Belt|[from] move: Knock Off|[of] p2a: mamute
|
|-heal|p2a: mamute|70/100|[from] item: Leftovers
|upkeep
|turn|8
|
|t:|1760431638
|move|p1a: Gyarados|Dragon Dance|p1a: Gyarados
|-boost|p1a: Gyarados|atk|1
|-boost|p1a: Gyarados|spe|1
|move|p2a: mamute|Stealth Rock|p1a: Gyarados
|-sidestart|p1: darkda567|move: Stealth Rock
|
|-heal|p2a: mamute|77/100|[from] item: Leftovers
|upkeep
|turn|9
|inactive|darkda567 has 60 seconds left.
|
|t:|1760431648
|-end|p2a: mamute|Protosynthesis|[silent]
|switch|p2a: Bowser Jr|Blastoise, F, shiny|100/100
|move|p1a: Gyarados|Dragon Dance|p1a: Gyarados
|-boost|p1a: Gyarados|atk|1
|-boost|p1a: Gyarados|spe|1
|
|upkeep
|turn|10
|
|t:|1760431655
|-terastallize|p2a: Bowser Jr|Electric
|move|p1a: Gyarados|Waterfall|p2a: Bowser Jr
|-damage|p2a: Bowser Jr|0 fnt
|faint|p2a: Bowser Jr
|
|upkeep
|
|t:|1760431660
|switch|p2a: Zeus|Thundurus-Therian, M|100/100
|turn|11
|
|t:|1760431668
|-terastallize|p1a: Gyarados|Steel
|move|p1a: Gyarados|Iron Head|p2a: Zeus
|-resisted|p2a: Zeus
|-damage|p2a: Zeus|18/100
|move|p2a: Zeus|Thunderbolt|p1a: Gyarados
|-damage|p1a: Gyarados|25/100
|
|upkeep
|turn|12
|
|t:|1760431675
|move|p1a: Gyarados|Iron Head|p2a: Zeus
|-resisted|p2a: Zeus
|-damage|p2a: Zeus|0 fnt
|faint|p2a: Zeus
|
|upkeep
|
|t:|1760431678
|switch|p2a: King Boo|Gengar, M|100/100
|turn|13
|
|t:|1760431682
|move|p1a: Gyarados|Crunch|p2a: King Boo
|-supereffective|p2a: King Boo
|-damage|p2a: King Boo|0 fnt
|-start|p1a: Gyarados|Disable|Crunch|[from] ability: Cursed Body|[of] p2a: King Boo
|faint|p2a: King Boo
|
|upkeep
|-message|PeDr0zz forfeited.
|
|win|darkda567
|raw|darkda567's rating: 1145 &rarr; <strong>1170</strong><br />(+25 for winning)
|raw|PeDr0zz's rating: 1145 &rarr; <strong>1120</strong><br />(-25 for losing)
|l|☆PeDr0zz
|player|p2|
|l|☆darkda567
|player|p1|
