|j|☆A Regular Plumbus
|j|☆henry151th
|t:|1760353314
|gametype|singles
|player|p1|A Regular Plumbus|baker|1660
|player|p2|henry151th|wallace|1692
|gen|9
|tier|[Gen 9] OU
|rated|
|rule|HP Percentage Mod: HP is shown in percentages
|rule|Endless Battle Clause: Forcing endless battles is banned
|rule|Species Clause: Limit one of each Pokémon
|rule|OHKO Clause: OHKO moves are banned
|rule|Evasion Items Clause: Evasion items are banned
|rule|Evasion Moves Clause: Evasion moves are banned
|rule|Evasion Abilities Clause: Evasion abilities are banned
|rule|Sleep Moves Clause: Sleep-inducing moves are banned
|clearpoke
|poke|p1|Arcanine-Hisui, M|
|poke|p1|Quaquaval, M|
|poke|p1|Hydrapple, F|
|poke|p1|Iron Treads|
|poke|p1|Golem-Alola, F|
|poke|p1|Dragonite, M|
|poke|p2|Zapdos|
|poke|p2|Iron Valiant|
|poke|p2|Great Tusk|
|poke|p2|Alomomola, M|
|poke|p2|Slowking-Galar, F|
|poke|p2|Cinderace, F|
|teampreview
|inactive|Battle timer is ON: inactive players will automatically lose when time's up. (requested by A Regular Plumbus)
|
|t:|1760353323
|teamsize|p1|6
|teamsize|p2|6
|start
|switch|p1a: Golem|Golem-Alola, F|100/100
|switch|p2a: Iron Valiant|Iron Valiant|100/100
|turn|1
|
|t:|1760353328
|-end|p2a: Iron Valiant|Quark Drive|[silent]
|switch|p2a: Zapdos|Zapdos|100/100
|move|p1a: Golem|Thunder Wave|p2a: Zapdos
|-immune|p2a: Zapdos
|
|upkeep
|turn|2
|
|t:|1760353331
|move|p2a: Zapdos|Volt Switch|p1a: Golem
|-resisted|p1a: Golem
|-damage|p1a: Golem|82/100
|
|t:|1760353334
|switch|p2a: Iron Valiant|Iron Valiant|100/100|[from] Volt Switch
|move|p1a: Golem|Stealth Rock|p2a: Iron Valiant
|-sidestart|p2: henry151th|move: Stealth Rock
|
|upkeep
|turn|3
|
|t:|1760353338
|move|p2a: Iron Valiant|Close Combat|p1a: Golem
|-supereffective|p1a: Golem
|-damage|p1a: Golem|0 fnt
|-unboost|p2a: Iron Valiant|def|1
|-unboost|p2a: Iron Valiant|spd|1
|faint|p1a: Golem
|
|upkeep
|
|t:|1760353345
|switch|p1a: Dragonite|Dragonite, M|100/100
|turn|4
|
|t:|1760353349
|move|p2a: Iron Valiant|Close Combat|p1a: Dragonite
|-resisted|p1a: Dragonite
|-damage|p1a: Dragonite|72/100
|-unboost|p2a: Iron Valiant|def|1
|-unboost|p2a: Iron Valiant|spd|1
|move|p1a: Dragonite|Dragon Dance|p1a: Dragonite
|-boost|p1a: Dragonite|atk|1
|-boost|p1a: Dragonite|spe|1
|
|upkeep
|turn|5
|
|t:|1760353351
|-end|p2a: Iron Valiant|Quark Drive|[silent]
|switch|p2a: Zapdos|Zapdos|100/100
|-damage|p2a: Zapdos|76/100|[from] Stealth Rock
|move|p1a: Dragonite|Dragon Dance|p1a: Dragonite
|-boost|p1a: Dragonite|atk|1
|-boost|p1a: Dragonite|spe|1
|
|upkeep
|turn|6
|
|t:|1760353355
|move|p1a: Dragonite|Dragon Dance|p1a: Dragonite
|-boost|p1a: Dragonite|atk|1
|-boost|p1a: Dragonite|spe|1
|move|p2a: Zapdos|Volt Switch|p1a: Dragonite
|-damage|p1a: Dragonite|44/100
|
|t:|1760353357
|switch|p2a: Slowking|Slowking-Galar, F|100/100|[from] Volt Switch
|-damage|p2a: Slowking|88/100|[from] Stealth Rock
|
|upkeep
|turn|7
|
|t:|1760353361
|-terastallize|p1a: Dragonite|Ghost
|move|p1a: Dragonite|Tera Blast|p2a: Slowking|[anim] Tera Blast Ghost
|-supereffective|p2a: Slowking
|-damage|p2a: Slowking|0 fnt
|faint|p2a: Slowking
|
|upkeep
|
|t:|1760353365
|switch|p2a: Iron Valiant|Iron Valiant|100/100
|-damage|p2a: Iron Valiant|94/100|[from] Stealth Rock
|turn|8
|
|t:|1760353368
|-terastallize|p2a: Iron Valiant|Ghost
|move|p2a: Iron Valiant|Shadow Sneak|p1a: Dragonite
|-supereffective|p1a: Dragonite
|-damage|p1a: Dragonite|0 fnt
|faint|p1a: Dragonite
|
|upkeep
|
|t:|1760353373
|switch|p1a: Quaquaval|Quaquaval, M|100/100
|turn|9
|j| hongyi233
|
|t:|1760353379
|-end|p2a: Iron Valiant|Quark Drive|[silent]
|switch|p2a: Alomomola|Alomomola, M|100/100
|-damage|p2a: Alomomola|88/100|[from] Stealth Rock
|move|p1a: Quaquaval|Close Combat|p2a: Alomomola
|-damage|p2a: Alomomola|18/100
|-unboost|p1a: Quaquaval|def|1
|-unboost|p1a: Quaquaval|spd|1
|
|upkeep
|turn|10
|
|t:|1760353387
|switch|p1a: Iron Treads|Iron Treads|100/100
|switch|p2a: Iron Valiant|Iron Valiant, tera:Ghost|94/100
|-damage|p2a: Iron Valiant|82/100|[from] Stealth Rock
|
|upkeep
|turn|11
|
|t:|1760353391
|move|p2a: Iron Valiant|Close Combat|p1a: Iron Treads
|-supereffective|p1a: Iron Treads
|-damage|p1a: Iron Treads|0 fnt
|-unboost|p2a: Iron Valiant|def|1
|-unboost|p2a: Iron Valiant|spd|1
|faint|p1a: Iron Treads
|-end|p1a: Iron Treads|Quark Drive|[silent]
|
|upkeep
|
|t:|1760353393
|switch|p1a: Quaquaval|Quaquaval, M|100/100
|turn|12
|
|t:|1760353395
|move|p2a: Iron Valiant|Close Combat|p1a: Quaquaval
|-damage|p1a: Quaquaval|0 fnt
|-unboost|p2a: Iron Valiant|def|1
|-unboost|p2a: Iron Valiant|spd|1
|faint|p1a: Quaquaval
|
|upkeep
|
|t:|1760353397
|switch|p1a: Hydrapple|Hydrapple, F|100/100
|turn|13
|
|t:|1760353400
|-end|p2a: Iron Valiant|Quark Drive|[silent]
|switch|p2a: Zapdos|Zapdos|76/100
|-damage|p2a: Zapdos|51/100|[from] Stealth Rock
|move|p1a: Hydrapple|Nasty Plot|p1a: Hydrapple
|-boost|p1a: Hydrapple|spa|2
|
|upkeep
|turn|14
|l|☆A Regular Plumbus
|inactive|A Regular Plumbus disconnected and has a minute to reconnect!
|player|p1|
|l| hongyi233
|inactive|A Regular Plumbus has 30 seconds to reconnect!
|inactive|A Regular Plumbus has 20 seconds to reconnect!
|inactive|A Regular Plumbus has 15 seconds to reconnect!
|inactive|A Regular Plumbus has 10 seconds to reconnect!
|inactive|A Regular Plumbus has 5 seconds to reconnect!
|-message|A Regular Plumbus lost due to inactivity.
|
|win|henry151th
|raw|A Regular Plumbus's rating: 1660 &rarr; <strong>1642</strong><br />(-18 for losing)
|raw|henry151th's rating: 1692 &rarr; <strong>1710</strong><br />(+18 for winning)
|l|☆henry151th
|player|p2|
