|j|☆YungTruth513rd
|j|☆fizziesoupjr
|t:|1760337205
|gametype|singles
|player|p1|YungTruth513rd|policeman-gen4|1105
|player|p2|fizziesoupjr|harlequin|1133
|gen|9
|tier|[Gen 9] OU
|rated|
|rule|HP Percentage Mod: HP is shown in percentages
|rule|Endless Battle Clause: Forcing endless battles is banned
|rule|Species Clause: Limit one of each Pokémon
|rule|OHKO Clause: OHKO moves are banned
|rule|Evasion Items Clause: Evasion items are banned
|rule|Evasion Moves Clause: Evasion moves are banned
|rule|Evasion Abilities Clause: Evasion abilities are banned
|rule|Sleep Moves Clause: Sleep-inducing moves are banned
|clearpoke
|poke|p1|Rillaboom, F|
|poke|p1|Hawlucha, M|
|poke|p1|Heatran, M|
|poke|p1|Iron Treads|
|poke|p1|Ogerpon-Wellspring, F|
|poke|p1|Ursaluna, M|
|poke|p2|Regidrago|
|poke|p2|Breloom, F|
|poke|p2|Empoleon, M|
|poke|p2|Lycanroc, F|
|poke|p2|Granbull, F|
|poke|p2|Komala, M|
|teampreview
|inactive|Battle timer is ON: inactive players will automatically lose when time's up. (requested by YungTruth513rd)
|
|t:|1760337213
|teamsize|p1|6
|teamsize|p2|6
|start
|switch|p1a: Iron Treads|Iron Treads|100/100
|switch|p2a: Lycanroc|Lycanroc, F|100/100
|turn|1
|inactive|YungTruth513rd has 120 seconds left.
|
|t:|1760337245
|move|p2a: Lycanroc|Stealth Rock|p1a: Iron Treads
|-sidestart|p1: YungTruth513rd|move: Stealth Rock
|move|p1a: Iron Treads|Earthquake|p2a: Lycanroc
|-supereffective|p2a: Lycanroc
|-enditem|p2a: Lycanroc|Focus Sash
|-damage|p2a: Lycanroc|1/100
|
|upkeep
|turn|2
|
|t:|1760337253
|move|p2a: Lycanroc|Endeavor|p1a: Iron Treads
|-damage|p1a: Iron Treads|1/100
|move|p1a: Iron Treads|Rapid Spin|p2a: Lycanroc
|-resisted|p2a: Lycanroc
|-damage|p2a: Lycanroc|0 fnt
|-boost|p1a: Iron Treads|spe|1
|-sideend|p1: YungTruth513rd|Stealth Rock|[from] move: Rapid Spin|[of] p1a: Iron Treads
|faint|p2a: Lycanroc
|
|upkeep
|
|t:|1760337277
|switch|p2a: Breloom|Breloom, F|100/100
|turn|3
|inactive|YungTruth513rd has 120 seconds left.
|
|t:|1760337309
|-end|p1a: Iron Treads|Quark Drive|[silent]
|switch|p1a: Rillaboom|Rillaboom, F|100/100
|-fieldstart|move: Grassy Terrain|[from] ability: Grassy Surge|[of] p1a: Rillaboom
|move|p2a: Breloom|Substitute|p2a: Breloom
|-start|p2a: Breloom|Substitute
|-damage|p2a: Breloom|76/100
|
|-heal|p2a: Breloom|82/100|[from] Grassy Terrain
|-status|p2a: Breloom|tox|[from] item: Toxic Orb
|upkeep
|turn|4
|
|t:|1760337323
|-singleturn|p2a: Breloom|move: Focus Punch
|move|p1a: Rillaboom|U-turn|p2a: Breloom
|-activate|p2a: Breloom|move: Substitute|[damage]
|
|t:|1760337331
|switch|p1a: Hawlucha|Hawlucha, M|100/100|[from] U-turn
|-enditem|p1a: Hawlucha|Grassy Seed
|-boost|p1a: Hawlucha|def|1|[from] item: Grassy Seed
|move|p2a: Breloom|Focus Punch|p1a: Hawlucha
|-resisted|p1a: Hawlucha
|-damage|p1a: Hawlucha|71/100
|
|-heal|p2a: Breloom|88/100 tox|[from] Grassy Terrain
|-heal|p2a: Breloom|100/100 tox|[from] ability: Poison Heal
|upkeep
|turn|5
|
|t:|1760337344
|move|p1a: Hawlucha|Acrobatics|p2a: Breloom
|-supereffective|p2a: Breloom
|-end|p2a: Breloom|Substitute
|move|p2a: Breloom|Facade|p1a: Hawlucha
|-damage|p1a: Hawlucha|31/100
|
|upkeep
|turn|6
|
|t:|1760337351
|switch|p2a: Granbull|Granbull, F|100/100
|-ability|p2a: Granbull|Intimidate|boost
|-unboost|p1a: Hawlucha|atk|1
|move|p1a: Hawlucha|Acrobatics|p2a: Granbull
|-damage|p2a: Granbull|66/100
|
|-heal|p2a: Granbull|72/100|[from] Grassy Terrain
|upkeep
|turn|7
|inactive|YungTruth513rd has 120 seconds left.
|
|t:|1760337366
|switch|p1a: Rillaboom|Rillaboom, F|100/100
|move|p2a: Granbull|Psychic Fangs|p1a: Rillaboom
|-damage|p1a: Rillaboom|68/100
|
|-heal|p1a: Rillaboom|74/100|[from] Grassy Terrain
|-heal|p2a: Granbull|78/100|[from] Grassy Terrain
|-fieldend|move: Grassy Terrain
|upkeep
|turn|8
|
|t:|1760337379
|move|p1a: Rillaboom|Knock Off|p2a: Granbull
|-resisted|p2a: Granbull
|-damage|p2a: Granbull|59/100
|-enditem|p2a: Granbull|Assault Vest|[from] move: Knock Off|[of] p1a: Rillaboom
|move|p2a: Granbull|Fire Punch|p1a: Rillaboom
|-supereffective|p1a: Rillaboom
|-damage|p1a: Rillaboom|16/100
|
|upkeep
|turn|9
|
|t:|1760337389
|move|p1a: Rillaboom|U-turn|p2a: Granbull
|-resisted|p2a: Granbull
|-damage|p2a: Granbull|45/100
|
|t:|1760337396
|switch|p1a: Iron Treads|Iron Treads|1/100|[from] U-turn
|move|p2a: Granbull|Psychic Fangs|p1a: Iron Treads
|-resisted|p1a: Iron Treads
|-damage|p1a: Iron Treads|0 fnt
|faint|p1a: Iron Treads
|-end|p1a: Iron Treads|Quark Drive|[silent]
|
|upkeep
|
|t:|1760337419
|switch|p1a: Hawlucha|Hawlucha, M|31/100
|turn|10
|
|t:|1760337429
|switch|p2a: Komala|Komala, M|100/100
|-ability|p2a: Komala|Comatose
|move|p1a: Hawlucha|Acrobatics|p2a: Komala
|-damage|p2a: Komala|32/100
|
|-heal|p2a: Komala|38/100|[from] item: Leftovers
|upkeep
|turn|11
|
|t:|1760337440
|move|p1a: Hawlucha|Acrobatics|p2a: Komala
|-damage|p2a: Komala|0 fnt
|faint|p2a: Komala
|
|upkeep
|
|t:|1760337466
|switch|p2a: Regidrago|Regidrago|100/100
|turn|12
|
|t:|1760337476
|move|p2a: Regidrago|Dragon Energy|p1a: Hawlucha
|-damage|p1a: Hawlucha|0 fnt
|faint|p1a: Hawlucha
|
|upkeep
|
|t:|1760337485
|switch|p1a: Heatran|Heatran, M|100/100
|turn|13
|inactive|YungTruth513rd has 120 seconds left.
|
|t:|1760337491
|switch|p2a: Empoleon|Empoleon, M|100/100
|move|p1a: Heatran|Protect||[still]
|-fail|p1a: Heatran
|
|upkeep
|turn|14
|
|t:|1760337500
|move|p2a: Empoleon|Agility|p2a: Empoleon
|-boost|p2a: Empoleon|spe|2
|move|p1a: Heatran|Overheat|p2a: Empoleon|[miss]
|-miss|p1a: Heatran|p2a: Empoleon
|
|upkeep
|turn|15
|
|t:|1760337513
|move|p2a: Empoleon|Metal Sound|p1a: Heatran|[miss]
|-miss|p2a: Empoleon|p1a: Heatran
|move|p1a: Heatran|Overheat|p2a: Empoleon
|-damage|p2a: Empoleon|41/100
|-unboost|p1a: Heatran|spa|2
|
|upkeep
|turn|16
|
|t:|1760337523
|move|p2a: Empoleon|Surf|p1a: Heatran
|-supereffective|p1a: Heatran
|-damage|p1a: Heatran|43/100
|move|p1a: Heatran|Overheat|p2a: Empoleon
|-damage|p2a: Empoleon|12/100
|-unboost|p1a: Heatran|spa|2
|
|-heal|p1a: Heatran|49/100|[from] item: Leftovers
|upkeep
|turn|17
|
|t:|1760337533
|switch|p1a: Ogerpon|Ogerpon-Wellspring, F|100/100
|move|p2a: Empoleon|Surf|p1a: Ogerpon
|-immune|p1a: Ogerpon|[from] ability: Water Absorb
|
|upkeep
|turn|18
|
|t:|1760337545
|move|p2a: Empoleon|Ice Beam|p1a: Ogerpon
|-damage|p1a: Ogerpon|67/100
|move|p1a: Ogerpon|Swords Dance|p1a: Ogerpon
|-boost|p1a: Ogerpon|atk|2
|
|upkeep
|turn|19
|
|t:|1760337552
|move|p2a: Empoleon|Ice Beam|p1a: Ogerpon
|-damage|p1a: Ogerpon|33/100
|move|p1a: Ogerpon|Trailblaze|p2a: Empoleon
|-damage|p2a: Empoleon|0 fnt
|-boost|p1a: Ogerpon|spe|1
|faint|p2a: Empoleon
|
|upkeep
|
|t:|1760337559
|switch|p2a: Granbull|Granbull, F|45/100
|-ability|p2a: Granbull|Intimidate|boost
|-unboost|p1a: Ogerpon|atk|1
|turn|20
|
|t:|1760337584
|-terastallize|p1a: Ogerpon|Water
|detailschange|p1a: Ogerpon|Ogerpon-Wellspring-Tera, F, tera:Water
|-ability|p1a: Ogerpon|Embody Aspect (Wellspring)|boost
|-boost|p1a: Ogerpon|spd|1
|move|p1a: Ogerpon|Ivy Cudgel|p2a: Granbull|[anim] Ivy Cudgel Water
|-crit|p2a: Granbull
|-damage|p2a: Granbull|0 fnt
|faint|p2a: Granbull
|
|upkeep
|
|t:|1760337588
|switch|p2a: Breloom|Breloom, F|100/100 tox
|turn|21
|
|t:|1760337600
|move|p1a: Ogerpon|Ivy Cudgel|p2a: Breloom|[anim] Ivy Cudgel Water
|-resisted|p2a: Breloom
|-damage|p2a: Breloom|45/100 tox
|move|p2a: Breloom|Facade|p1a: Ogerpon
|-damage|p1a: Ogerpon|0 fnt
|faint|p1a: Ogerpon
|detailschange|p1: Ogerpon|Ogerpon-Wellspring, F|[silent]
|
|-heal|p2a: Breloom|58/100 tox|[from] ability: Poison Heal
|upkeep
|
|t:|1760337619
|switch|p1a: Heatran|Heatran, M|49/100
|turn|22
|
|t:|1760337643
|-terastallize|p2a: Breloom|Normal
|move|p1a: Heatran|Taunt|p2a: Breloom
|-start|p2a: Breloom|move: Taunt
|cant|p2a: Breloom|move: Taunt|Leech Seed
|
|-heal|p1a: Heatran|55/100|[from] item: Leftovers
|-heal|p2a: Breloom|70/100 tox|[from] ability: Poison Heal
|upkeep
|turn|23
|
|t:|1760337653
|move|p1a: Heatran|Overheat|p2a: Breloom
|-damage|p2a: Breloom|0 fnt
|-unboost|p1a: Heatran|spa|2
|faint|p2a: Breloom
|
|-heal|p1a: Heatran|62/100|[from] item: Leftovers
|upkeep
|
|t:|1760337655
|switch|p2a: Regidrago|Regidrago|100/100
|turn|24
|
|t:|1760337665
|move|p1a: Heatran|Protect|p1a: Heatran
|-singleturn|p1a: Heatran|Protect
|move|p2a: Regidrago|Dragon Energy|p1a: Heatran
|-activate|p1a: Heatran|move: Protect
|
|-heal|p1a: Heatran|68/100|[from] item: Leftovers
|upkeep
|turn|25
|
|t:|1760337685
|move|p2a: Regidrago|Dragon Energy|p1a: Heatran
|-resisted|p1a: Heatran
|-damage|p1a: Heatran|38/100
|move|p1a: Heatran|Will-O-Wisp|p2a: Regidrago
|-status|p2a: Regidrago|brn
|
|-heal|p1a: Heatran|45/100|[from] item: Leftovers
|-damage|p2a: Regidrago|94/100 brn|[from] brn
|upkeep
|turn|26
|
|t:|1760337695
|move|p1a: Heatran|Protect|p1a: Heatran
|-singleturn|p1a: Heatran|Protect
|move|p2a: Regidrago|Dragon Energy|p1a: Heatran
|-activate|p1a: Heatran|move: Protect
|
|-heal|p1a: Heatran|51/100|[from] item: Leftovers
|-damage|p2a: Regidrago|88/100 brn|[from] brn
|upkeep
|turn|27
|inactive|YungTruth513rd has 120 seconds left.
|inactive|YungTruth513rd has 90 seconds left.
|
|t:|1760337758
|move|p2a: Regidrago|Dragon Energy|p1a: Heatran
|-resisted|p1a: Heatran
|-damage|p1a: Heatran|21/100
|move|p1a: Heatran|Overheat|p2a: Regidrago
|-resisted|p2a: Regidrago
|-damage|p2a: Regidrago|74/100 brn
|-unboost|p1a: Heatran|spa|2
|
|-heal|p1a: Heatran|27/100|[from] item: Leftovers
|-damage|p2a: Regidrago|68/100 brn|[from] brn
|upkeep
|turn|28
|inactive|YungTruth513rd has 90 seconds left.
|
|t:|1760337771
|move|p1a: Heatran|Protect|p1a: Heatran
|-singleturn|p1a: Heatran|Protect
|move|p2a: Regidrago|Dragon Energy|p1a: Heatran
|-activate|p1a: Heatran|move: Protect
|
|-heal|p1a: Heatran|33/100|[from] item: Leftovers
|-damage|p2a: Regidrago|62/100 brn|[from] brn
|upkeep
|turn|29
|inactive|YungTruth513rd has 90 seconds left.
|
|t:|1760337787
|move|p2a: Regidrago|Dragon Energy|p1a: Heatran
|-resisted|p1a: Heatran
|-damage|p1a: Heatran|12/100
|move|p1a: Heatran|Overheat|p2a: Regidrago
|-resisted|p2a: Regidrago
|-damage|p2a: Regidrago|53/100 brn
|-unboost|p1a: Heatran|spa|2
|
|-heal|p1a: Heatran|18/100|[from] item: Leftovers
|-damage|p2a: Regidrago|47/100 brn|[from] brn
|upkeep
|turn|30
|
|t:|1760337800
|move|p1a: Heatran|Protect|p1a: Heatran
|-singleturn|p1a: Heatran|Protect
|move|p2a: Regidrago|Dragon Energy|p1a: Heatran
|-activate|p1a: Heatran|move: Protect
|
|-heal|p1a: Heatran|25/100|[from] item: Leftovers
|-damage|p2a: Regidrago|41/100 brn|[from] brn
|upkeep
|turn|31
|
|t:|1760337811
|-activate|p2a: Regidrago|move: Struggle
|move|p2a: Regidrago|Struggle|p1a: Heatran
|-damage|p1a: Heatran|20/100
|-damage|p2a: Regidrago|16/100 brn|[from] recoil
|move|p1a: Heatran|Overheat|p2a: Regidrago
|-resisted|p2a: Regidrago
|-damage|p2a: Regidrago|8/100 brn
|
|-heal|p1a: Heatran|27/100|[from] item: Leftovers
|-damage|p2a: Regidrago|2/100 brn|[from] brn
|upkeep
|turn|32
|
|t:|1760337837
|-activate|p2a: Regidrago|move: Struggle
|move|p2a: Regidrago|Struggle|p1a: Heatran
|-crit|p1a: Heatran
|-damage|p1a: Heatran|21/100
|-damage|p2a: Regidrago|0 fnt|[from] recoil
|faint|p2a: Regidrago
|
|win|YungTruth513rd
|raw|YungTruth513rd's rating: 1105 &rarr; <strong>1132</strong><br />(+27 for winning)
|raw|fizziesoupjr's rating: 1133 &rarr; <strong>1106</strong><br />(-27 for losing)
|l|☆YungTruth513rd
|player|p1|
|l|☆fizziesoupjr
|player|p2|
