|badge|p2|bronze|gen9randombattle|100-7
|uhtml|medal-msg|<div class="broadcast-blue">Curious what those medals under the avatar are? PS now has Ladder Seasons! For more information, check out the <a href="https://www.smogon.com/forums/threads/3740067/">thread on Smogon.</a></div>
|j|☆dr. drake6782
|j|☆SpongeGar & Patar
|t:|1760375998
|gametype|singles
|player|p1|dr. drake6782|hilbert-masters|1625
|player|p2|SpongeGar & Patar|266|1861
|gen|9
|tier|[Gen 9] OU
|rated|
|rule|HP Percentage Mod: HP is shown in percentages
|rule|Endless Battle Clause: Forcing endless battles is banned
|rule|Species Clause: Limit one of each Pokémon
|rule|OHKO Clause: OHKO moves are banned
|rule|Evasion Items Clause: Evasion items are banned
|rule|Evasion Moves Clause: Evasion moves are banned
|rule|Evasion Abilities Clause: Evasion abilities are banned
|rule|Sleep Moves Clause: Sleep-inducing moves are banned
|clearpoke
|poke|p1|Pelipper, F|
|poke|p1|Tornadus-Therian, M|
|poke|p1|Iron Treads|
|poke|p1|Decidueye-Hisui, M|
|poke|p1|Barraskewda, M|
|poke|p1|Raging Bolt|
|poke|p2|Kyurem|
|poke|p2|Corviknight, F|
|poke|p2|Ting-Lu|
|poke|p2|Dondozo, M|
|poke|p2|Slowking-Galar, L99, M|
|poke|p2|Cinderace, M|
|teampreview
|inactive|Battle timer is ON: inactive players will automatically lose when time's up. (requested by dr. drake6782)
|inactive|SpongeGar & Patar has 120 seconds left.
|
|t:|1760376047
|teamsize|p1|6
|teamsize|p2|6
|start
|switch|p1a: Pelipper|Pelipper, F|100/100
|switch|p2a: Kyurem|Kyurem|100/100
|-ability|p2a: Kyurem|Pressure
|-weather|RainDance|[from] ability: Drizzle|[of] p1a: Pelipper
|turn|1
|inactive|SpongeGar & Patar also wants the timer to be on.
|inactive|SpongeGar & Patar has 120 seconds left.
|
|t:|1760376095
|switch|p1a: Iron Treads|Iron Treads|100/100
|move|p2a: Kyurem|Freeze-Dry|p1a: Iron Treads
|-damage|p1a: Iron Treads|72/100
|-status|p1a: Iron Treads|frz
|
|-weather|RainDance|[upkeep]
|-heal|p1a: Iron Treads|78/100 frz|[from] item: Leftovers
|upkeep
|turn|2
|inactive|SpongeGar & Patar has 90 seconds left.
|
|t:|1760376144
|move|p2a: Kyurem|Freeze-Dry|p1a: Iron Treads
|-damage|p1a: Iron Treads|50/100 frz
|cant|p1a: Iron Treads|frz
|
|-weather|RainDance|[upkeep]
|-heal|p1a: Iron Treads|56/100 frz|[from] item: Leftovers
|upkeep
|turn|3
|inactive|SpongeGar & Patar has 60 seconds left.
|
|t:|1760376192
|move|p2a: Kyurem|Freeze-Dry|p1a: Iron Treads
|-damage|p1a: Iron Treads|29/100 frz
|cant|p1a: Iron Treads|frz
|
|-weather|RainDance|[upkeep]
|-heal|p1a: Iron Treads|35/100 frz|[from] item: Leftovers
|upkeep
|turn|4
|
|t:|1760376207
|move|p2a: Kyurem|Freeze-Dry|p1a: Iron Treads
|-damage|p1a: Iron Treads|6/100 frz
|-curestatus|p1a: Iron Treads|frz|[msg]
|move|p1a: Iron Treads|Stealth Rock|p2a: Kyurem
|-sidestart|p2: SpongeGar & Patar|move: Stealth Rock
|
|-weather|RainDance|[upkeep]
|-heal|p1a: Iron Treads|12/100|[from] item: Leftovers
|upkeep
|turn|5
|
|t:|1760376217
|move|p2a: Kyurem|Freeze-Dry|p1a: Iron Treads
|-damage|p1a: Iron Treads|0 fnt
|faint|p1a: Iron Treads
|-end|p1a: Iron Treads|Quark Drive|[silent]
|
|-weather|RainDance|[upkeep]
|upkeep
|
|t:|1760376220
|switch|p1a: Barraskewda|Barraskewda, M, shiny|100/100
|turn|6
|
|t:|1760376229
|move|p1a: Barraskewda|Close Combat|p2a: Kyurem
|-supereffective|p2a: Kyurem
|-damage|p2a: Kyurem|0 fnt
|-unboost|p1a: Barraskewda|def|1
|-unboost|p1a: Barraskewda|spd|1
|faint|p2a: Kyurem
|-damage|p1a: Barraskewda|91/100|[from] item: Life Orb
|
|-weather|RainDance|[upkeep]
|upkeep
|
|t:|1760376240
|switch|p2a: Corviknight|Corviknight, F|100/100
|-damage|p2a: Corviknight|88/100|[from] Stealth Rock
|-ability|p2a: Corviknight|Pressure
|turn|7
|
|t:|1760376249
|move|p1a: Barraskewda|Flip Turn|p2a: Corviknight
|-damage|p2a: Corviknight|50/100
|-damage|p1a: Barraskewda|74/100|[from] item: Rocky Helmet|[of] p2a: Corviknight
|-damage|p1a: Barraskewda|64/100|[from] item: Life Orb
|
|t:|1760376251
|switch|p1a: Raging Bolt|Raging Bolt|100/100|[from] Flip Turn
|-enditem|p1a: Raging Bolt|Booster Energy
|-activate|p1a: Raging Bolt|ability: Protosynthesis|[fromitem]
|-start|p1a: Raging Bolt|protosynthesisspa
|move|p2a: Corviknight|U-turn|p1a: Raging Bolt
|-damage|p1a: Raging Bolt|89/100
|inactive|SpongeGar & Patar has 60 seconds left.
|
|t:|1760376261
|switch|p2a: Ting-Lu|Ting-Lu|100/100|[from] U-turn
|-damage|p2a: Ting-Lu|94/100|[from] Stealth Rock
|-ability|p2a: Ting-Lu|Vessel of Ruin
|
|-weather|RainDance|[upkeep]
|-heal|p2a: Ting-Lu|100/100|[from] item: Leftovers
|upkeep
|turn|8
|
|t:|1760376280
|-terastallize|p1a: Raging Bolt|Bug
|move|p1a: Raging Bolt|Weather Ball|p2a: Ting-Lu
|-supereffective|p2a: Ting-Lu
|-damage|p2a: Ting-Lu|35/100
|move|p2a: Ting-Lu|Earthquake|p1a: Raging Bolt
|-resisted|p1a: Raging Bolt
|-damage|p1a: Raging Bolt|73/100
|
|-weather|none
|-heal|p2a: Ting-Lu|41/100|[from] item: Leftovers
|upkeep
|turn|9
|
|t:|1760376291
|move|p1a: Raging Bolt|Dragon Pulse|p2a: Ting-Lu
|-damage|p2a: Ting-Lu|12/100
|move|p2a: Ting-Lu|Rest|p2a: Ting-Lu
|-status|p2a: Ting-Lu|slp|[from] move: Rest
|-heal|p2a: Ting-Lu|100/100 slp|[silent]
|
|upkeep
|turn|10
|
|t:|1760376301
|-end|p1a: Raging Bolt|Protosynthesis|[silent]
|switch|p1a: Barraskewda|Barraskewda, M, shiny|64/100
|cant|p2a: Ting-Lu|slp
|move|p2a: Ting-Lu|Sleep Talk|p2a: Ting-Lu
|move|p2a: Ting-Lu|Payback|p1a: Barraskewda|[from] move: Sleep Talk
|-damage|p1a: Barraskewda|24/100
|
|upkeep
|turn|11
|
|t:|1760376311
|switch|p2a: Corviknight|Corviknight, F|50/100
|-damage|p2a: Corviknight|38/100|[from] Stealth Rock
|-ability|p2a: Corviknight|Pressure
|move|p1a: Barraskewda|Flip Turn|p2a: Corviknight
|-damage|p2a: Corviknight|12/100
|-damage|p1a: Barraskewda|8/100|[from] item: Rocky Helmet|[of] p2a: Corviknight
|-damage|p1a: Barraskewda|0 fnt|[from] item: Life Orb
|faint|p1a: Barraskewda
|
|upkeep
|
|t:|1760376314
|switch|p1a: Pelipper|Pelipper, F|100/100
|-weather|RainDance|[from] ability: Drizzle|[of] p1a: Pelipper
|turn|12
|
|t:|1760376324
|move|p2a: Corviknight|Roost|p2a: Corviknight
|-heal|p2a: Corviknight|62/100
|-singleturn|p2a: Corviknight|move: Roost
|move|p1a: Pelipper|Surf|p2a: Corviknight
|-damage|p2a: Corviknight|19/100
|
|-weather|RainDance|[upkeep]
|upkeep
|turn|13
|inactive|SpongeGar & Patar has 90 seconds left.
|inactive|SpongeGar & Patar has 60 seconds left.
|
|t:|1760376372
|switch|p1a: Raging Bolt|Raging Bolt, tera:Bug|73/100
|move|p2a: Corviknight|Roost|p2a: Corviknight
|-heal|p2a: Corviknight|69/100
|-singleturn|p2a: Corviknight|move: Roost
|
|-weather|RainDance|[upkeep]
|upkeep
|turn|14
|inactive|SpongeGar & Patar has 30 seconds left.
|inactive|SpongeGar & Patar has 20 seconds left.
|inactive|SpongeGar & Patar has 15 seconds left.
|
|t:|1760376420
|switch|p2a: Slowking|Slowking-Galar, L99, M|100/100
|move|p1a: Raging Bolt|Weather Ball|p2a: Slowking
|-damage|p2a: Slowking|66/100
|
|-weather|RainDance|[upkeep]
|upkeep
|turn|15
|inactive|SpongeGar & Patar has 25 seconds left this turn.
|inactive|SpongeGar & Patar has 20 seconds left.
|inactive|SpongeGar & Patar has 15 seconds left.
|
|t:|1760376431
|move|p1a: Raging Bolt|Thunder|p2a: Slowking
|-crit|p2a: Slowking
|-damage|p2a: Slowking|10/100
|-prepare|p2a: Slowking|Chilly Reception|[premajor]
|move|p2a: Slowking|Chilly Reception|p2a: Slowking
|-weather|Snowscape
|inactive|SpongeGar & Patar has 20 seconds left this turn.
|inactive|SpongeGar & Patar has 15 seconds left.
|
|t:|1760376441
|switch|p2a: Cinderace|Cinderace, M|100/100|[from] Chilly Reception
|
|-weather|Snowscape|[upkeep]
|upkeep
|turn|16
|inactive|SpongeGar & Patar has 25 seconds left this turn.
|inactive|SpongeGar & Patar has 20 seconds left.
|
|t:|1760376450
|-end|p1a: Raging Bolt|Protosynthesis|[silent]
|switch|p1a: Pelipper|Pelipper, F|100/100
|-weather|RainDance|[from] ability: Drizzle|[of] p1a: Pelipper
|move|p2a: Cinderace|Court Change|p2a: Cinderace
|-swapsideconditions
|-activate|p2a: Cinderace|move: Court Change
|
|-weather|RainDance|[upkeep]
|upkeep
|turn|17
|inactive|SpongeGar & Patar has 30 seconds left this turn.
|
|t:|1760376459
|move|p2a: Cinderace|U-turn|p1a: Pelipper
|-resisted|p1a: Pelipper
|-damage|p1a: Pelipper|93/100
|inactive|SpongeGar & Patar has 30 seconds left this turn.
|inactive|SpongeGar & Patar has 20 seconds left.
|
|t:|1760376470
|switch|p2a: Slowking|Slowking-Galar, L99, M|43/100|[from] U-turn
|move|p1a: Pelipper|U-turn|p2a: Slowking
|-damage|p2a: Slowking|34/100
|
|t:|1760376479
|switch|p1a: Decidueye|Decidueye-Hisui, M, shiny|100/100|[from] U-turn
|-damage|p1a: Decidueye|94/100|[from] Stealth Rock
|
|-weather|RainDance|[upkeep]
|upkeep
|turn|18
|inactive|SpongeGar & Patar has 30 seconds left.
|
|t:|1760376488
|move|p1a: Decidueye|Defog|p2a: Slowking
|-unboost|p2a: Slowking|evasion|1
|-sideend|p1: dr. drake6782|Stealth Rock|[from] move: Defog|[of] p1a: Decidueye
|move|p2a: Slowking|Sludge Bomb|p1a: Decidueye
|-supereffective|p1a: Decidueye
|-damage|p1a: Decidueye|34/100
|
|-weather|RainDance|[upkeep]
|upkeep
|turn|19
|inactive|SpongeGar & Patar has 30 seconds left.
|
|t:|1760376499
|move|p1a: Decidueye|U-turn|p2a: Slowking
|-damage|p2a: Slowking|15/100
|
|t:|1760376511
|switch|p1a: Tornadus|Tornadus-Therian, M|100/100|[from] U-turn
|move|p2a: Slowking|Toxic|p1a: Tornadus
|-status|p1a: Tornadus|tox
|
|-weather|RainDance|[upkeep]
|-damage|p1a: Tornadus|94/100 tox|[from] psn
|upkeep
|turn|20
|
|t:|1760376521
|switch|p2a: Dondozo|Dondozo, M|100/100
|move|p1a: Tornadus|Hurricane|p2a: Dondozo
|-damage|p2a: Dondozo|27/100
|-start|p2a: Dondozo|confusion
|
|-weather|RainDance|[upkeep]
|-heal|p2a: Dondozo|33/100|[from] item: Leftovers
|-damage|p1a: Tornadus|82/100 tox|[from] psn
|upkeep
|turn|21
|
|t:|1760376531
|switch|p2a: Ting-Lu|Ting-Lu|100/100 slp
|-ability|p2a: Ting-Lu|Vessel of Ruin
|move|p1a: Tornadus|Hurricane|p2a: Ting-Lu
|-damage|p2a: Ting-Lu|68/100 slp
|
|-weather|RainDance|[upkeep]
|-heal|p2a: Ting-Lu|75/100 slp|[from] item: Leftovers
|-damage|p1a: Tornadus|64/100 tox|[from] psn
|upkeep
|turn|22
|
|t:|1760376540
|switch|p1a: Decidueye|Decidueye-Hisui, M, shiny|34/100
|cant|p2a: Ting-Lu|slp
|move|p2a: Ting-Lu|Sleep Talk|p2a: Ting-Lu
|move|p2a: Ting-Lu|Payback|p1a: Decidueye|[from] move: Sleep Talk
|-resisted|p1a: Decidueye
|-damage|p1a: Decidueye|27/100
|-damage|p2a: Ting-Lu|58/100 slp|[from] item: Rocky Helmet|[of] p1a: Decidueye
|
|-weather|RainDance|[upkeep]
|-heal|p2a: Ting-Lu|64/100 slp|[from] item: Leftovers
|upkeep
|turn|23
|
|t:|1760376550
|switch|p2a: Slowking|Slowking-Galar, L99, M|48/100
|move|p1a: Decidueye|Roost|p1a: Decidueye
|-heal|p1a: Decidueye|77/100
|-singleturn|p1a: Decidueye|move: Roost
|
|-weather|none
|upkeep
|turn|24
|
|t:|1760376559
|switch|p2a: Corviknight|Corviknight, F|69/100
|-ability|p2a: Corviknight|Pressure
|move|p1a: Decidueye|U-turn|p2a: Corviknight
|-resisted|p2a: Corviknight
|-damage|p2a: Corviknight|66/100
|-damage|p1a: Decidueye|61/100|[from] item: Rocky Helmet|[of] p2a: Corviknight
|
|t:|1760376562
|switch|p1a: Raging Bolt|Raging Bolt, tera:Bug|73/100|[from] U-turn
|
|upkeep
|turn|25
|
|t:|1760376572
|switch|p2a: Ting-Lu|Ting-Lu|64/100 slp
|-ability|p2a: Ting-Lu|Vessel of Ruin
|move|p1a: Raging Bolt|Thunder|p2a: Ting-Lu
|-immune|p2a: Ting-Lu
|
|-heal|p2a: Ting-Lu|71/100 slp|[from] item: Leftovers
|upkeep
|turn|26
|
|t:|1760376581
|-end|p1a: Raging Bolt|Protosynthesis|[silent]
|switch|p1a: Decidueye|Decidueye-Hisui, M, shiny|61/100
|switch|p2a: Slowking|Slowking-Galar, L99, M|81/100
|
|upkeep
|turn|27
|
|t:|1760376591
|move|p1a: Decidueye|U-turn|p2a: Slowking
|-damage|p2a: Slowking|63/100
|
|t:|1760376592
|switch|p1a: Pelipper|Pelipper, F|93/100|[from] U-turn
|-weather|RainDance|[from] ability: Drizzle|[of] p1a: Pelipper
|move|p2a: Slowking|Sludge Bomb|p1a: Pelipper
|-damage|p1a: Pelipper|50/100
|
|-weather|RainDance|[upkeep]
|upkeep
|turn|28
|
|t:|1760376602
|move|p1a: Pelipper|Roost|p1a: Pelipper
|-heal|p1a: Pelipper|99/100
|-singleturn|p1a: Pelipper|move: Roost
|move|p2a: Slowking|Sludge Bomb|p1a: Pelipper
|-damage|p1a: Pelipper|54/100
|-status|p1a: Pelipper|psn
|
|-weather|RainDance|[upkeep]
|-damage|p1a: Pelipper|42/100 psn|[from] psn
|upkeep
|turn|29
|inactive|SpongeGar & Patar has 90 seconds left.
|
|t:|1760376612
|move|p1a: Pelipper|U-turn|p2a: Slowking
|-damage|p2a: Slowking|54/100
|
|t:|1760376614
|switch|p1a: Raging Bolt|Raging Bolt, tera:Bug|73/100|[from] U-turn
|move|p2a: Slowking|Future Sight|p1a: Raging Bolt
|-start|p2a: Slowking|move: Future Sight
|
|-weather|RainDance|[upkeep]
|upkeep
|turn|30
|
|t:|1760376623
|move|p1a: Raging Bolt|Thunder|p2a: Slowking
|-damage|p2a: Slowking|12/100
|-prepare|p2a: Slowking|Chilly Reception|[premajor]
|move|p2a: Slowking|Chilly Reception|p2a: Slowking
|-weather|Snowscape
|
|t:|1760376633
|switch|p2a: Ting-Lu|Ting-Lu|71/100 slp|[from] Chilly Reception
|-ability|p2a: Ting-Lu|Vessel of Ruin
|
|-weather|Snowscape|[upkeep]
|-heal|p2a: Ting-Lu|77/100 slp|[from] item: Leftovers
|upkeep
|turn|31
|
|t:|1760376642
|switch|p2a: Slowking|Slowking-Galar, L99, M|45/100
|move|p1a: Raging Bolt|Weather Ball|p2a: Slowking
|-damage|p2a: Slowking|23/100
|
|-weather|Snowscape|[upkeep]
|-end|p1a: Raging Bolt|move: Future Sight
|-damage|p1a: Raging Bolt|35/100
|upkeep
|turn|32
|
|t:|1760376652
|switch|p2a: Ting-Lu|Ting-Lu|77/100 slp
|-ability|p2a: Ting-Lu|Vessel of Ruin
|move|p1a: Raging Bolt|Thunder|p2a: Ting-Lu
|-immune|p2a: Ting-Lu
|
|-weather|Snowscape|[upkeep]
|-heal|p2a: Ting-Lu|83/100 slp|[from] item: Leftovers
|upkeep
|turn|33
|
|t:|1760376663
|-end|p1a: Raging Bolt|Protosynthesis|[silent]
|switch|p1a: Pelipper|Pelipper, F|42/100 psn
|-weather|RainDance|[from] ability: Drizzle|[of] p1a: Pelipper
|-curestatus|p2a: Ting-Lu|slp|[msg]
|move|p2a: Ting-Lu|Payback|p1a: Pelipper
|-damage|p1a: Pelipper|29/100 psn
|
|-weather|RainDance|[upkeep]
|-heal|p2a: Ting-Lu|89/100|[from] item: Leftovers
|-damage|p1a: Pelipper|16/100 psn|[from] psn
|upkeep
|turn|34
|inactive|SpongeGar & Patar has 120 seconds left.
|
|t:|1760376673
|switch|p2a: Slowking|Slowking-Galar, L99, M|56/100
|move|p1a: Pelipper|Surf|p2a: Slowking
|-damage|p2a: Slowking|30/100
|
|-weather|RainDance|[upkeep]
|-damage|p1a: Pelipper|4/100 psn|[from] psn
|upkeep
|turn|35
|
|t:|1760376695
|move|p1a: Pelipper|Surf|p2a: Slowking
|-damage|p2a: Slowking|4/100
|-prepare|p2a: Slowking|Chilly Reception|[premajor]
|move|p2a: Slowking|Chilly Reception|p2a: Slowking
|-weather|Snowscape
|
|t:|1760376705
|switch|p2a: Cinderace|Cinderace, M|100/100|[from] Chilly Reception
|
|-weather|Snowscape|[upkeep]
|-damage|p1a: Pelipper|0 fnt|[from] psn
|faint|p1a: Pelipper
|upkeep
|
|t:|1760376712
|switch|p1a: Tornadus|Tornadus-Therian, M|97/100 tox
|turn|36
|inactive|SpongeGar & Patar has 120 seconds left.
|
|t:|1760376760
|move|p1a: Tornadus|Hurricane|p2a: Cinderace
|-damage|p2a: Cinderace|2/100
|move|p2a: Cinderace|Pyro Ball|p1a: Tornadus
|-damage|p1a: Tornadus|0 fnt
|faint|p1a: Tornadus
|
|-weather|Snowscape|[upkeep]
|upkeep
|-message|dr. drake6782 forfeited.
|
|win|SpongeGar & Patar
|raw|dr. drake6782's rating: 1625 &rarr; <strong>1617</strong><br />(-8 for losing)
|raw|SpongeGar &amp; Patar's rating: 1861 &rarr; <strong>1869</strong><br />(+8 for winning)
