|j|☆Navoros
|j|☆AlwaysSunnyInAlola
|t:|1760321060
|gametype|singles
|player|p1|Navoros|102|1274
|player|p2|AlwaysSunnyInAlola|teamrocket|1218
|gen|9
|tier|[Gen 9] OU
|rated|
|rule|HP Percentage Mod: HP is shown in percentages
|rule|Endless Battle Clause: Forcing endless battles is banned
|rule|Species Clause: Limit one of each Pokémon
|rule|OHKO Clause: OHKO moves are banned
|rule|Evasion Items Clause: Evasion items are banned
|rule|Evasion Moves Clause: Evasion moves are banned
|rule|Evasion Abilities Clause: Evasion abilities are banned
|rule|Sleep Moves Clause: Sleep-inducing moves are banned
|clearpoke
|poke|p1|Sableye, M|
|poke|p1|Samurott-Hisui, F|
|poke|p1|Lokix, M|
|poke|p1|Toxicroak, M|
|poke|p1|Slowking-Galar, M|
|poke|p1|Alomomola, M|
|poke|p2|Garganacl, F|
|poke|p2|Great Tusk|
|poke|p2|Muk-Alola, M|
|poke|p2|Gholdengo|
|poke|p2|Zamazenta-*|
|poke|p2|Primarina, M|
|teampreview
|
|t:|1760321080
|teamsize|p1|6
|teamsize|p2|6
|start
|switch|p1a: Alomomola|Alomomola, M|100/100
|switch|p2a: white girl|Garganacl, F|100/100
|turn|1
|
|t:|1760321088
|move|p1a: Alomomola|Flip Turn|p2a: white girl
|-supereffective|p2a: white girl
|-damage|p2a: white girl|82/100
|
|t:|1760321102
|switch|p1a: Sableye|Sableye, M, shiny|100/100|[from] Flip Turn
|move|p2a: white girl|Salt Cure|p1a: Sableye
|-damage|p1a: Sableye|88/100
|-start|p1a: Sableye|Salt Cure
|
|-heal|p2a: white girl|88/100|[from] item: Leftovers
|-damage|p1a: Sableye|75/100|[from] Salt Cure
|upkeep
|turn|2
|
|t:|1760321117
|move|p2a: white girl|Protect|p2a: white girl
|-singleturn|p2a: white girl|Protect
|move|p1a: Sableye|Knock Off|p2a: white girl
|-activate|p2a: white girl|move: Protect
|
|-heal|p2a: white girl|95/100|[from] item: Leftovers
|-damage|p1a: Sableye|63/100|[from] Salt Cure
|upkeep
|turn|3
|inactive|Battle timer is ON: inactive players will automatically lose when time's up. (requested by Navoros)
|inactive|AlwaysSunnyInAlola has 120 seconds left.
|
|t:|1760321162
|switch|p2a: ghost boy|Gholdengo, shiny|100/100
|move|p1a: Sableye|Knock Off|p2a: ghost boy
|-supereffective|p2a: ghost boy
|-damage|p2a: ghost boy|65/100
|-enditem|p2a: ghost boy|Covert Cloak|[from] move: Knock Off|[of] p1a: Sableye
|
|-damage|p1a: Sableye|51/100|[from] Salt Cure
|upkeep
|turn|4
|
|t:|1760321172
|switch|p1a: Alomomola|Alomomola, M|100/100
|move|p2a: ghost boy|Make It Rain|p1a: Alomomola
|-resisted|p1a: Alomomola
|-damage|p1a: Alomomola|85/100
|-unboost|p2a: ghost boy|spa|1
|
|upkeep
|turn|5
|
|t:|1760321182
|move|p2a: ghost boy|Recover|p2a: ghost boy
|-heal|p2a: ghost boy|100/100
|move|p1a: Alomomola|Flip Turn|p2a: ghost boy
|-damage|p2a: ghost boy|90/100
|
|t:|1760321206
|switch|p1a: Lokix|Lokix, M|100/100|[from] Flip Turn
|
|upkeep
|turn|6
|
|t:|1760321229
|switch|p1a: Alomomola|Alomomola, M|100/100
|switch|p2a: Benz Truck|Zamazenta, shiny|100/100
|-ability|p2a: Benz Truck|Dauntless Shield|boost
|-boost|p2a: Benz Truck|def|1
|
|upkeep
|turn|7
|inactive|AlwaysSunnyInAlola has 120 seconds left.
|
|t:|1760321250
|switch|p2a: white girl|Garganacl, F|95/100
|move|p1a: Alomomola|Flip Turn|p2a: white girl
|-supereffective|p2a: white girl
|-damage|p2a: white girl|73/100
|inactive|Navoros has 120 seconds left.
|
|t:|1760321277
|switch|p1a: Lokix|Lokix, M|100/100|[from] Flip Turn
|
|-heal|p2a: white girl|79/100|[from] item: Leftovers
|upkeep
|turn|8
|
|t:|1760321284
|move|p1a: Lokix|U-turn|p2a: white girl
|-damage|p2a: white girl|49/100
|
|t:|1760321289
|switch|p1a: Alomomola|Alomomola, M|100/100|[from] U-turn
|move|p2a: white girl|Salt Cure|p1a: Alomomola
|-damage|p1a: Alomomola|91/100
|-start|p1a: Alomomola|Salt Cure
|
|-heal|p2a: white girl|55/100|[from] item: Leftovers
|-damage|p1a: Alomomola|66/100|[from] Salt Cure
|upkeep
|turn|9
|
|t:|1760321299
|switch|p1a: Slowking|Slowking-Galar, M|100/100
|move|p2a: white girl|Protect||[still]
|-fail|p2a: white girl
|
|-heal|p2a: white girl|61/100|[from] item: Leftovers
|upkeep
|turn|10
|
|t:|1760321308
|move|p2a: white girl|Recover|p2a: white girl
|-heal|p2a: white girl|100/100
|move|p1a: Slowking|Future Sight|p2a: white girl
|-start|p1a: Slowking|move: Future Sight
|
|upkeep
|turn|11
|
|t:|1760321319
|move|p2a: white girl|Salt Cure|p1a: Slowking
|-damage|p1a: Slowking|85/100
|-start|p1a: Slowking|Salt Cure
|-prepare|p1a: Slowking|Chilly Reception|[premajor]
|move|p1a: Slowking|Chilly Reception|p1a: Slowking
|-weather|Snowscape
|
|t:|1760321332
|switch|p1a: Samurott|Samurott-Hisui, F|100/100|[from] Chilly Reception
|
|-weather|Snowscape|[upkeep]
|upkeep
|turn|12
|
|t:|1760321341
|move|p1a: Samurott|Flip Turn|p2a: white girl
|-supereffective|p2a: white girl
|-damage|p2a: white girl|66/100
|
|t:|1760321345
|switch|p1a: Slowking|Slowking-Galar, M|100/100|[from] Flip Turn
|move|p2a: white girl|Stealth Rock|p1a: Slowking
|-sidestart|p1: Navoros|move: Stealth Rock
|
|-weather|Snowscape|[upkeep]
|-end|p2a: white girl|move: Future Sight
|-damage|p2a: white girl|33/100
|-heal|p2a: white girl|39/100|[from] item: Leftovers
|upkeep
|turn|13
|
|t:|1760321354
|move|p2a: white girl|Protect|p2a: white girl
|-singleturn|p2a: white girl|Protect
|move|p1a: Slowking|Future Sight|p2a: white girl
|-start|p1a: Slowking|move: Future Sight
|
|-weather|Snowscape|[upkeep]
|-heal|p2a: white girl|45/100|[from] item: Leftovers
|upkeep
|turn|14
|
|t:|1760321359
|move|p2a: white girl|Recover|p2a: white girl
|-heal|p2a: white girl|95/100
|-prepare|p1a: Slowking|Chilly Reception|[premajor]
|move|p1a: Slowking|Chilly Reception|p1a: Slowking
|
|t:|1760321374
|switch|p1a: Samurott|Samurott-Hisui, F|100/100|[from] Chilly Reception
|
|-weather|Snowscape|[upkeep]
|-heal|p2a: white girl|100/100|[from] item: Leftovers
|upkeep
|turn|15
|
|t:|1760321382
|move|p2a: white girl|Protect|p2a: white girl
|-singleturn|p2a: white girl|Protect
|move|p1a: Samurott|Flip Turn|p2a: white girl
|-activate|p2a: white girl|move: Protect
|
|-weather|none
|-end|p2a: white girl|move: Future Sight
|-damage|p2a: white girl|68/100
|-heal|p2a: white girl|74/100|[from] item: Leftovers
|upkeep
|turn|16
|
|t:|1760321392
|move|p1a: Samurott|Flip Turn|p2a: white girl
|-supereffective|p2a: white girl
|-damage|p2a: white girl|37/100
|
|t:|1760321395
|switch|p1a: Slowking|Slowking-Galar, M|100/100|[from] Flip Turn
|move|p2a: white girl|Salt Cure|p1a: Slowking
|-damage|p1a: Slowking|84/100
|-start|p1a: Slowking|Salt Cure
|
|-heal|p2a: white girl|43/100|[from] item: Leftovers
|-damage|p1a: Slowking|72/100|[from] Salt Cure
|upkeep
|turn|17
|
|t:|1760321404
|move|p2a: white girl|Recover|p2a: white girl
|-heal|p2a: white girl|94/100
|-prepare|p1a: Slowking|Chilly Reception|[premajor]
|move|p1a: Slowking|Chilly Reception|p1a: Slowking
|-weather|Snowscape
|
|t:|1760321406
|switch|p1a: Samurott|Samurott-Hisui, F|100/100|[from] Chilly Reception
|
|-weather|Snowscape|[upkeep]
|-heal|p2a: white girl|99/100|[from] item: Leftovers
|upkeep
|turn|18
|
|t:|1760321414
|move|p1a: Samurott|Flip Turn|p2a: white girl
|-supereffective|p2a: white girl
|-damage|p2a: white girl|66/100
|
|t:|1760321417
|switch|p1a: Slowking|Slowking-Galar, M|100/100|[from] Flip Turn
|move|p2a: white girl|Salt Cure|p1a: Slowking
|-damage|p1a: Slowking|87/100
|-start|p1a: Slowking|Salt Cure
|
|-weather|Snowscape|[upkeep]
|-heal|p2a: white girl|72/100|[from] item: Leftovers
|-damage|p1a: Slowking|74/100|[from] Salt Cure
|upkeep
|turn|19
|
|t:|1760321440
|switch|p2a: Benz Truck|Zamazenta, shiny|100/100
|-prepare|p1a: Slowking|Chilly Reception|[premajor]
|move|p1a: Slowking|Chilly Reception|p1a: Slowking
|
|t:|1760321448
|switch|p1a: Alomomola|Alomomola, M|99/100|[from] Chilly Reception
|-damage|p1a: Alomomola|87/100|[from] Stealth Rock
|
|-weather|Snowscape|[upkeep]
|upkeep
|turn|20
|
|t:|1760321454
|move|p2a: Benz Truck|Close Combat|p1a: Alomomola
|-damage|p1a: Alomomola|31/100
|-unboost|p2a: Benz Truck|def|1
|-unboost|p2a: Benz Truck|spd|1
|move|p1a: Alomomola|Flip Turn|p2a: Benz Truck
|-damage|p2a: Benz Truck|77/100
|
|t:|1760321462
|switch|p1a: Sableye|Sableye, M, shiny|51/100|[from] Flip Turn
|
|-weather|Snowscape|[upkeep]
|upkeep
|turn|21
|
|t:|1760321474
|switch|p2a: Awful Things|Muk-Alola, M|100/100
|move|p1a: Sableye|Encore|p2a: Awful Things
|-hint|Since gen 7, Dark is immune to Prankster moves.
|-immune|p2a: Awful Things
|
|-weather|none
|upkeep
|turn|22
|
|t:|1760321495
|move|p1a: Sableye|Will-O-Wisp|p2a: Awful Things
|-hint|Since gen 7, Dark is immune to Prankster moves.
|-immune|p2a: Awful Things
|move|p2a: Awful Things|Knock Off|p1a: Sableye
|-damage|p1a: Sableye|4/100
|-enditem|p1a: Sableye|Heavy-Duty Boots|[from] move: Knock Off|[of] p2a: Awful Things
|
|upkeep
|turn|23
|
|t:|1760321509
|move|p1a: Sableye|Knock Off|p2a: Awful Things
|-resisted|p2a: Awful Things
|-damage|p2a: Awful Things|88/100
|-enditem|p2a: Awful Things|Leftovers|[from] move: Knock Off|[of] p1a: Sableye
|move|p2a: Awful Things|Knock Off|p1a: Sableye
|-damage|p1a: Sableye|0 fnt
|faint|p1a: Sableye
|
|upkeep
|inactive|Navoros has 120 seconds left.
|
|t:|1760321532
|switch|p1a: Samurott|Samurott-Hisui, F|100/100
|turn|24
|
|t:|1760321537
|move|p1a: Samurott|Ceaseless Edge|p2a: Awful Things
|-resisted|p2a: Awful Things
|-damage|p2a: Awful Things|66/100
|-sidestart|p2: AlwaysSunnyInAlola|Spikes
|move|p2a: Awful Things|Knock Off|p1a: Samurott
|-resisted|p1a: Samurott
|-damage|p1a: Samurott|69/100
|-status|p1a: Samurott|psn|[from] ability: Poison Touch|[of] p2a: Awful Things
|-enditem|p1a: Samurott|Heavy-Duty Boots|[from] move: Knock Off|[of] p2a: Awful Things
|
|-damage|p1a: Samurott|56/100 psn|[from] psn
|upkeep
|turn|25
|
|t:|1760321549
|move|p2a: Awful Things|Protect|p2a: Awful Things
|-singleturn|p2a: Awful Things|Protect
|move|p1a: Samurott|Ceaseless Edge|p2a: Awful Things
|-activate|p2a: Awful Things|move: Protect
|
|-damage|p1a: Samurott|44/100 psn|[from] psn
|upkeep
|turn|26
|
|t:|1760321556
|move|p1a: Samurott|Ceaseless Edge|p2a: Awful Things
|-resisted|p2a: Awful Things
|-damage|p2a: Awful Things|42/100
|-sidestart|p2: AlwaysSunnyInAlola|Spikes
|move|p2a: Awful Things|Poison Jab|p1a: Samurott
|-damage|p1a: Samurott|0 fnt
|faint|p1a: Samurott
|
|upkeep
|
|t:|1760321574
|switch|p1a: Lokix|Lokix, M|100/100
|-damage|p1a: Lokix|76/100|[from] Stealth Rock
|turn|27
|inactive|AlwaysSunnyInAlola has 120 seconds left.
|
|t:|1760321605
|move|p2a: Awful Things|Protect|p2a: Awful Things
|-singleturn|p2a: Awful Things|Protect
|move|p1a: Lokix|U-turn|p2a: Awful Things
|-activate|p2a: Awful Things|move: Protect
|
|upkeep
|turn|28
|
|t:|1760321612
|move|p1a: Lokix|U-turn|p2a: Awful Things
|-damage|p2a: Awful Things|0 fnt
|faint|p2a: Awful Things
|
|t:|1760321630
|switch|p1a: Slowking|Slowking-Galar, M|100/100|[from] U-turn
|
|upkeep
|
|t:|1760321640
|switch|p2a: lil jeep|Great Tusk|100/100
|turn|29
|
|t:|1760321650
|-terastallize|p1a: Slowking|Ice
|move|p2a: lil jeep|Headlong Rush|p1a: Slowking
|-damage|p1a: Slowking|35/100
|-unboost|p2a: lil jeep|def|1
|-unboost|p2a: lil jeep|spd|1
|move|p1a: Slowking|Ice Beam|p2a: lil jeep
|-supereffective|p2a: lil jeep
|-damage|p2a: lil jeep|0 fnt
|faint|p2a: lil jeep
|-end|p2a: lil jeep|Protosynthesis|[silent]
|
|upkeep
|inactive|AlwaysSunnyInAlola has 120 seconds left.
|
|t:|1760321663
|switch|p2a: ghost boy|Gholdengo, shiny|90/100
|-damage|p2a: ghost boy|73/100|[from] Spikes
|turn|30
|inactive|Navoros has 120 seconds left.
|
|t:|1760321701
|switch|p1a: Alomomola|Alomomola, M|65/100
|-damage|p1a: Alomomola|53/100|[from] Stealth Rock
|move|p2a: ghost boy|Make It Rain|p1a: Alomomola
|-resisted|p1a: Alomomola
|-damage|p1a: Alomomola|37/100
|-unboost|p2a: ghost boy|spa|1
|
|upkeep
|turn|31
|inactive|Navoros has 120 seconds left.
|inactive|AlwaysSunnyInAlola has 120 seconds left.
|
|t:|1760321734
|move|p2a: ghost boy|Nasty Plot|p2a: ghost boy
|-boost|p2a: ghost boy|spa|2
|move|p1a: Alomomola|Flip Turn|p2a: ghost boy
|-damage|p2a: ghost boy|62/100
|inactive|Navoros has 120 seconds left.
|
|t:|1760321758
|switch|p1a: Lokix|Lokix, M|76/100|[from] Flip Turn
|-damage|p1a: Lokix|51/100|[from] Stealth Rock
|
|upkeep
|turn|32
|inactive|AlwaysSunnyInAlola has 120 seconds left.
|
|t:|1760321768
|move|p1a: Lokix|Sucker Punch||[still]
|-fail|p1a: Lokix
|move|p2a: ghost boy|Recover|p2a: ghost boy
|-heal|p2a: ghost boy|100/100
|
|upkeep
|turn|33
|inactive|AlwaysSunnyInAlola has 120 seconds left.
|
|t:|1760321776
|move|p1a: Lokix|Sucker Punch|p2a: ghost boy
|-supereffective|p2a: ghost boy
|-damage|p2a: ghost boy|30/100
|move|p2a: ghost boy|Shadow Ball|p1a: Lokix
|-resisted|p1a: Lokix
|-damage|p1a: Lokix|3/100
|
|upkeep
|turn|34
|
|t:|1760321789
|switch|p1a: Alomomola|Alomomola, M|71/100
|-damage|p1a: Alomomola|58/100|[from] Stealth Rock
|move|p2a: ghost boy|Recover|p2a: ghost boy
|-heal|p2a: ghost boy|80/100
|
|upkeep
|turn|35
|inactive|Navoros has 120 seconds left.
|
|t:|1760321815
|move|p2a: ghost boy|Nasty Plot|p2a: ghost boy
|-boost|p2a: ghost boy|spa|2
|move|p1a: Alomomola|Flip Turn|p2a: ghost boy
|-damage|p2a: ghost boy|69/100
|
|t:|1760321840
|switch|p1a: Toxicroak|Toxicroak, M|100/100|[from] Flip Turn
|
|upkeep
|turn|36
|
|t:|1760321848
|switch|p1a: Alomomola|Alomomola, M|92/100
|-damage|p1a: Alomomola|79/100|[from] Stealth Rock
|move|p2a: ghost boy|Shadow Ball|p1a: Alomomola
|-damage|p1a: Alomomola|28/100
|
|upkeep
|turn|37
|
|t:|1760321857
|switch|p1a: Lokix|Lokix, M|3/100
|-damage|p1a: Lokix|0 fnt|[from] Stealth Rock
|faint|p1a: Lokix
|move|p2a: ghost boy|Recover|p2a: ghost boy
|-heal|p2a: ghost boy|100/100
|
|upkeep
|inactive|Navoros has 90 seconds left.
|
|t:|1760321886
|switch|p1a: Alomomola|Alomomola, M|61/100
|-damage|p1a: Alomomola|49/100|[from] Stealth Rock
|turn|38
|inactive|Navoros has 90 seconds left.
|
|t:|1760321891
|switch|p1a: Slowking|Slowking-Galar, M, tera:Ice|68/100
|move|p2a: ghost boy|Shadow Ball|p1a: Slowking
|-damage|p1a: Slowking|13/100
|
|upkeep
|turn|39
|
|t:|1760321901
|move|p2a: ghost boy|Shadow Ball|p1a: Slowking
|-damage|p1a: Slowking|0 fnt
|faint|p1a: Slowking
|
|upkeep
|
|t:|1760321904
|switch|p1a: Alomomola|Alomomola, M|82/100
|-damage|p1a: Alomomola|70/100|[from] Stealth Rock
|turn|40
|
|t:|1760321916
|move|p2a: ghost boy|Shadow Ball|p1a: Alomomola
|-damage|p1a: Alomomola|23/100
|move|p1a: Alomomola|Mirror Coat|p2a: ghost boy
|-damage|p2a: ghost boy|0 fnt
|faint|p2a: ghost boy
|
|upkeep
|
|t:|1760321934
|switch|p2a: U Said|Primarina, M, shiny|100/100
|-damage|p2a: U Said|84/100|[from] Spikes
|turn|41
|inactive|Navoros has 120 seconds left.
|
|t:|1760321967
|move|p2a: U Said|Moonblast|p1a: Alomomola
|-damage|p1a: Alomomola|0 fnt
|faint|p1a: Alomomola
|
|upkeep
|
|t:|1760321970
|switch|p1a: Toxicroak|Toxicroak, M|100/100
|turn|42
|
|t:|1760321981
|move|p1a: Toxicroak|Poison Jab|p2a: U Said
|-supereffective|p2a: U Said
|-damage|p2a: U Said|18/100
|move|p2a: U Said|Moonblast|p1a: Toxicroak
|-damage|p1a: Toxicroak|32/100
|
|upkeep
|turn|43
|
|t:|1760321991
|move|p1a: Toxicroak|Poison Jab|p2a: U Said
|-supereffective|p2a: U Said
|-damage|p2a: U Said|0 fnt
|faint|p2a: U Said
|
|upkeep
|
|t:|1760322003
|switch|p2a: Benz Truck|Zamazenta, shiny|77/100
|-damage|p2a: Benz Truck|60/100|[from] Spikes
|turn|44
|inactive|Navoros has 120 seconds left.
|inactive|Navoros has 90 seconds left.
|
|t:|1760322057
|move|p2a: Benz Truck|Close Combat|p1a: Toxicroak
|-resisted|p1a: Toxicroak
|-damage|p1a: Toxicroak|0 fnt
|-unboost|p2a: Benz Truck|def|1
|-unboost|p2a: Benz Truck|spd|1
|faint|p1a: Toxicroak
|
|win|AlwaysSunnyInAlola
|raw|Navoros's rating: 1274 &rarr; <strong>1245</strong><br />(-29 for losing)
|raw|AlwaysSunnyInAlola's rating: 1218 &rarr; <strong>1247</strong><br />(+29 for winning)
