|j|☆Minytank
|j|☆old as fvck
|t:|1760371420
|gametype|singles
|player|p1|Minytank|2|1398
|player|p2|old as fvck|2|1420
|gen|9
|tier|[Gen 9] OU
|rated|
|rule|HP Percentage Mod: HP is shown in percentages
|rule|Endless Battle Clause: Forcing endless battles is banned
|rule|Species Clause: Limit one of each Pokémon
|rule|OHKO Clause: OHKO moves are banned
|rule|Evasion Items Clause: Evasion items are banned
|rule|Evasion Moves Clause: Evasion moves are banned
|rule|Evasion Abilities Clause: Evasion abilities are banned
|rule|Sleep Moves Clause: Sleep-inducing moves are banned
|clearpoke
|poke|p1|Alomomola, F|
|poke|p1|Garganacl, M|
|poke|p1|Goodra-Hisui, F|
|poke|p1|Landorus-Therian, M|
|poke|p1|Corviknight, F|
|poke|p1|Florges, F|
|poke|p2|Ninetales-Alola, M|
|poke|p2|Iron Valiant|
|poke|p2|Cinderace, M|
|poke|p2|Ursaluna, M|
|poke|p2|Ogerpon-Wellspring, F|
|poke|p2|Gholdengo|
|teampreview
|inactive|Battle timer is ON: inactive players will automatically lose when time's up. (requested by Minytank)
|
|t:|1760371455
|teamsize|p1|6
|teamsize|p2|6
|start
|switch|p1a: Goodra|Goodra-Hisui, F|100/100
|switch|p2a: Ogerpon|Ogerpon-Wellspring, F|100/100
|turn|1
|
|t:|1760371474
|switch|p2a: Gholdengo|Gholdengo|100/100
|move|p1a: Goodra|Dragon Tail|p2a: Gholdengo|[miss]
|-miss|p1a: Goodra|p2a: Gholdengo
|
|upkeep
|turn|2
|inactive|Minytank has 120 seconds left.
|
|t:|1760371515
|move|p2a: Gholdengo|Nasty Plot|p2a: Gholdengo
|-boost|p2a: Gholdengo|spa|2
|move|p1a: Goodra|Knock Off|p2a: Gholdengo
|-supereffective|p2a: Gholdengo
|-damage|p2a: Gholdengo|70/100
|-damage|p1a: Goodra|84/100|[from] item: Rocky Helmet|[of] p2a: Gholdengo
|-enditem|p2a: Gholdengo|Rocky Helmet|[from] move: Knock Off|[of] p1a: Goodra
|
|upkeep
|turn|3
|
|t:|1760371524
|move|p2a: Gholdengo|Shadow Ball|p1a: Goodra
|-damage|p1a: Goodra|58/100
|-unboost|p1a: Goodra|spd|1
|move|p1a: Goodra|Dragon Tail|p2a: Gholdengo
|-resisted|p2a: Gholdengo
|-damage|p2a: Gholdengo|63/100
|drag|p2a: Ogerpon|Ogerpon-Wellspring, F|100/100
|
|upkeep
|turn|4
|inactive|Minytank has 120 seconds left.
|
|t:|1760371544
|switch|p1a: Corviknight|Corviknight, F|100/100
|-ability|p1a: Corviknight|Pressure
|move|p2a: Ogerpon|Swords Dance|p2a: Ogerpon
|-boost|p2a: Ogerpon|atk|2
|
|upkeep
|turn|5
|
|t:|1760371554
|-terastallize|p2a: Ogerpon|Water
|detailschange|p2a: Ogerpon|Ogerpon-Wellspring-Tera, F, tera:Water
|-ability|p2a: Ogerpon|Embody Aspect (Wellspring)|boost
|-boost|p2a: Ogerpon|spd|1
|move|p2a: Ogerpon|Ivy Cudgel|p1a: Corviknight|[anim] Ivy Cudgel Water
|-damage|p1a: Corviknight|0 fnt
|faint|p1a: Corviknight
|
|upkeep
|
|t:|1760371571
|switch|p1a: Garganacl|Garganacl, M|100/100
|turn|6
|
|t:|1760371577
|-terastallize|p1a: Garganacl|Ghost
|move|p2a: Ogerpon|Power Whip|p1a: Garganacl
|-damage|p1a: Garganacl|30/100
|move|p1a: Garganacl|Salt Cure|p2a: Ogerpon
|-damage|p2a: Ogerpon|81/100
|-start|p2a: Ogerpon|Salt Cure
|
|-heal|p1a: Garganacl|37/100|[from] item: Leftovers
|-damage|p2a: Ogerpon|56/100|[from] Salt Cure
|upkeep
|turn|7
|inactive|Minytank has 120 seconds left.
|inactive|Minytank has 90 seconds left.
|
|t:|1760371617
|switch|p2a: Ursaluna|Ursaluna, M|100/100
|switch|p1a: Alomomola|Alomomola, F|100/100
|
|-status|p2a: Ursaluna|brn|[from] item: Flame Orb
|upkeep
|turn|8
|
|t:|1760371630
|move|p1a: Alomomola|Wish|p1a: Alomomola
|move|p2a: Ursaluna|Facade|p1a: Alomomola
|-damage|p1a: Alomomola|31/100
|
|-heal|p1a: Alomomola|37/100|[from] item: Leftovers
|-damage|p2a: Ursaluna|94/100 brn|[from] brn
|upkeep
|turn|9
|
|t:|1760371639
|switch|p1a: Garganacl|Garganacl, M, tera:Ghost|37/100
|move|p2a: Ursaluna|Headlong Rush|p1a: Garganacl
|-damage|p1a: Garganacl|0 fnt
|-unboost|p2a: Ursaluna|def|1
|-unboost|p2a: Ursaluna|spd|1
|faint|p1a: Garganacl
|
|-damage|p2a: Ursaluna|88/100 brn|[from] brn
|upkeep
|
|t:|1760371642
|switch|p1a: Landorus|Landorus-Therian, M|100/100
|-ability|p1a: Landorus|Intimidate|boost
|-unboost|p2a: Ursaluna|atk|1
|turn|10
|
|t:|1760371662
|switch|p2a: Gholdengo|Gholdengo|63/100
|move|p1a: Landorus|Earthquake|p2a: Gholdengo
|-supereffective|p2a: Gholdengo
|-damage|p2a: Gholdengo|0 fnt
|faint|p2a: Gholdengo
|
|upkeep
|
|t:|1760371670
|switch|p2a: Ninetales|Ninetales-Alola, M|100/100
|-weather|Snowscape|[from] ability: Snow Warning|[of] p2a: Ninetales
|turn|11
|
|t:|1760371677
|switch|p1a: Goodra|Goodra-Hisui, F|58/100
|move|p2a: Ninetales|Aurora Veil|p2a: Ninetales
|-sidestart|p2: old as fvck|move: Aurora Veil
|
|-weather|Snowscape|[upkeep]
|upkeep
|turn|12
|
|t:|1760371685
|switch|p2a: Ogerpon|Ogerpon-Wellspring-Tera, F, tera:Water|56/100
|-ability|p2a: Ogerpon|Embody Aspect (Wellspring)|boost
|-boost|p2a: Ogerpon|spd|1
|move|p1a: Goodra|Heavy Slam|p2a: Ogerpon
|-resisted|p2a: Ogerpon
|-damage|p2a: Ogerpon|43/100
|
|-weather|Snowscape|[upkeep]
|upkeep
|turn|13
|
|t:|1760371701
|move|p2a: Ogerpon|Play Rough|p1a: Goodra
|-damage|p1a: Goodra|22/100
|-unboost|p1a: Goodra|atk|1
|move|p1a: Goodra|Dragon Tail|p2a: Ogerpon
|-damage|p2a: Ogerpon|33/100
|drag|p2a: Ninetales|Ninetales-Alola, M|100/100
|
|-weather|Snowscape|[upkeep]
|upkeep
|turn|14
|inactive|Minytank has 120 seconds left.
|
|t:|1760371744
|switch|p1a: Florges|Florges, F|100/100
|move|p2a: Ninetales|Encore||[still]
|-fail|p2a: Ninetales
|
|-weather|Snowscape|[upkeep]
|upkeep
|turn|15
|
|t:|1760371752
|switch|p2a: Ursaluna|Ursaluna, M|88/100 brn
|move|p1a: Florges|Calm Mind|p1a: Florges
|-boost|p1a: Florges|spa|1
|-boost|p1a: Florges|spd|1
|
|-weather|none
|-damage|p2a: Ursaluna|82/100 brn|[from] brn
|upkeep
|turn|16
|
|t:|1760371761
|switch|p1a: Landorus|Landorus-Therian, M|100/100
|-ability|p1a: Landorus|Intimidate|boost
|-unboost|p2a: Ursaluna|atk|1
|move|p2a: Ursaluna|Facade|p1a: Landorus
|-damage|p1a: Landorus|0 fnt
|faint|p1a: Landorus
|
|-damage|p2a: Ursaluna|76/100 brn|[from] brn
|upkeep
|inactive|Minytank has 120 seconds left.
|
|t:|1760371783
|switch|p1a: Alomomola|Alomomola, F|70/100
|turn|17
|
|t:|1760371786
|move|p1a: Alomomola|Wish|p1a: Alomomola
|move|p2a: Ursaluna|Facade|p1a: Alomomola
|-crit|p1a: Alomomola
|-damage|p1a: Alomomola|0 fnt
|faint|p1a: Alomomola
|
|-damage|p2a: Ursaluna|70/100 brn|[from] brn
|upkeep
|inactive|Minytank has 120 seconds left.
|
|t:|1760371797
|switch|p1a: Goodra|Goodra-Hisui, F|22/100
|turn|18
|inactive|Minytank has 120 seconds left.
|
|t:|1760371804
|switch|p2a: Ninetales|Ninetales-Alola, M|100/100
|-weather|Snowscape|[from] ability: Snow Warning|[of] p2a: Ninetales
|move|p1a: Goodra|Draco Meteor|p2a: Ninetales
|-immune|p2a: Ninetales
|
|-weather|Snowscape|[upkeep]
|-heal|p1a: Goodra|96/100|[from] move: Wish|[wisher] Alomomola
|-sideend|p2: old as fvck|move: Aurora Veil
|upkeep
|turn|19
|
|t:|1760371816
|move|p2a: Ninetales|Aurora Veil|p2a: Ninetales
|-sidestart|p2: old as fvck|move: Aurora Veil
|move|p1a: Goodra|Heavy Slam|p2a: Ninetales
|-supereffective|p2a: Ninetales
|-damage|p2a: Ninetales|38/100
|
|-weather|Snowscape|[upkeep]
|upkeep
|turn|20
|
|t:|1760371827
|switch|p2a: Cinderace|Cinderace, M|100/100
|move|p1a: Goodra|Heavy Slam|p2a: Cinderace
|-resisted|p2a: Cinderace
|-damage|p2a: Cinderace|87/100
|
|-weather|Snowscape|[upkeep]
|upkeep
|turn|21
|
|t:|1760371835
|switch|p1a: Florges|Florges, F|100/100
|move|p2a: Cinderace|Pyro Ball|p1a: Florges
|-damage|p1a: Florges|22/100
|
|-weather|Snowscape|[upkeep]
|-heal|p1a: Florges|28/100|[from] item: Leftovers
|upkeep
|turn|22
|
|t:|1760371843
|move|p2a: Cinderace|Pyro Ball|p1a: Florges
|-damage|p1a: Florges|0 fnt
|faint|p1a: Florges
|
|-weather|none
|upkeep
|
|t:|1760371864
|switch|p1a: Goodra|Goodra-Hisui, F|96/100
|turn|23
|
|t:|1760371867
|move|p2a: Cinderace|Pyro Ball|p1a: Goodra
|-crit|p1a: Goodra
|-damage|p1a: Goodra|13/100
|move|p1a: Goodra|Draco Meteor|p2a: Cinderace
|-damage|p2a: Cinderace|49/100
|-unboost|p1a: Goodra|spa|2
|
|upkeep
|turn|24
|
|t:|1760371875
|move|p2a: Cinderace|Sucker Punch|p1a: Goodra
|-start|p2a: Cinderace|typechange|Dark|[from] ability: Libero
|-damage|p1a: Goodra|0 fnt
|faint|p1a: Goodra
|
|win|old as fvck
|raw|Minytank's rating: 1398 &rarr; <strong>1379</strong><br />(-19 for losing)
|raw|old as fvck's rating: 1420 &rarr; <strong>1439</strong><br />(+19 for winning)
|l|☆old as fvck
|player|p2|
|l|☆Minytank
|player|p1|
