|j|☆84m833
|j|‽Barron_Mitch
|t:|1760379731
|gametype|singles
|player|p1|84m833|pokekid|
|player|p2|Barron_Mitch|guitarist|
|gen|9
|tier|[Gen 9] OU
|rule|HP Percentage Mod: HP is shown in percentages
|rule|Endless Battle Clause: Forcing endless battles is banned
|rule|Species Clause: Limit one of each Pokémon
|rule|OHKO Clause: OHKO moves are banned
|rule|Evasion Items Clause: Evasion items are banned
|rule|Evasion Moves Clause: Evasion moves are banned
|rule|Evasion Abilities Clause: Evasion abilities are banned
|rule|Sleep Moves Clause: Sleep-inducing moves are banned
|clearpoke
|poke|p1|Garchomp, F|
|poke|p1|Ting-Lu|
|poke|p1|Hippowdon, F|
|poke|p1|Gliscor, M|
|poke|p1|Excadrill, F|
|poke|p1|Ursaluna, F|
|poke|p2|Darkrai|
|poke|p2|Kyurem|
|poke|p2|Hydrapple, F|
|poke|p2|Garchomp, F|
|poke|p2|Walking Wake|
|poke|p2|Dragonite, F|
|teampreview
|
|t:|1760379905
|teamsize|p1|6
|teamsize|p2|6
|start
|switch|p1a: Fiamet|Hippowdon, F|100/100
|switch|p2a: Darkrai|Darkrai|100/100
|-weather|Sandstorm|[from] ability: Sand Stream|[of] p1a: Fiamet
|turn|1
|
|t:|1760379921
|-terastallize|p2a: Darkrai|Dragon
|move|p2a: Darkrai|Ice Beam|p1a: Fiamet
|-supereffective|p1a: Fiamet
|-damage|p1a: Fiamet|0 fnt
|faint|p1a: Fiamet
|
|-weather|Sandstorm|[upkeep]
|-damage|p2a: Darkrai|94/100|[from] Sandstorm
|upkeep
|
|t:|1760379934
|switch|p1a: Diemen|Ursaluna, F, shiny|100/100
|turn|2
|
|t:|1760379940
|move|p2a: Darkrai|Ice Beam|p1a: Diemen
|-supereffective|p1a: Diemen
|-damage|p1a: Diemen|15/100
|move|p1a: Diemen|Drain Punch|p2a: Darkrai
|-damage|p2a: Darkrai|52/100
|-heal|p1a: Diemen|28/100|[from] drain|[of] p2a: Darkrai
|
|-weather|Sandstorm|[upkeep]
|-damage|p2a: Darkrai|46/100|[from] Sandstorm
|-status|p1a: Diemen|brn|[from] item: Flame Orb
|upkeep
|turn|3
|
|t:|1760379959
|move|p2a: Darkrai|Ice Beam|p1a: Diemen
|-supereffective|p1a: Diemen
|-damage|p1a: Diemen|0 fnt
|faint|p1a: Diemen
|
|-weather|Sandstorm|[upkeep]
|-damage|p2a: Darkrai|40/100|[from] Sandstorm
|upkeep
|
|t:|1760379965
|switch|p1a: Skylla|Excadrill, F|100/100
|turn|4
|
|t:|1760379981
|move|p1a: Skylla|Iron Head|p2a: Darkrai
|-damage|p2a: Darkrai|0 fnt
|faint|p2a: Darkrai
|
|-weather|Sandstorm|[upkeep]
|upkeep
|
|t:|1760380006
|switch|p2a: Walking Wake|Walking Wake|100/100
|-enditem|p2a: Walking Wake|Booster Energy
|-activate|p2a: Walking Wake|ability: Protosynthesis|[fromitem]
|-start|p2a: Walking Wake|protosynthesisspe
|turn|5
|
|t:|1760380014
|move|p1a: Skylla|Iron Head|p2a: Walking Wake
|-resisted|p2a: Walking Wake
|-damage|p2a: Walking Wake|76/100
|cant|p2a: Walking Wake|flinch
|
|-weather|Sandstorm|[upkeep]
|-damage|p2a: Walking Wake|70/100|[from] Sandstorm
|upkeep
|turn|6
|
|t:|1760380026
|move|p1a: Skylla|Iron Head|p2a: Walking Wake
|-resisted|p2a: Walking Wake
|-damage|p2a: Walking Wake|44/100
|cant|p2a: Walking Wake|flinch
|
|-weather|Sandstorm|[upkeep]
|-damage|p2a: Walking Wake|38/100|[from] Sandstorm
|upkeep
|turn|7
|
|t:|1760380043
|move|p1a: Skylla|Iron Head|p2a: Walking Wake
|-resisted|p2a: Walking Wake
|-damage|p2a: Walking Wake|11/100
|cant|p2a: Walking Wake|flinch
|
|-weather|Sandstorm|[upkeep]
|-damage|p2a: Walking Wake|5/100|[from] Sandstorm
|upkeep
|turn|8
|
|t:|1760380053
|move|p1a: Skylla|Iron Head|p2a: Walking Wake
|-resisted|p2a: Walking Wake
|-damage|p2a: Walking Wake|0 fnt
|faint|p2a: Walking Wake
|-end|p2a: Walking Wake|Protosynthesis|[silent]
|
|-weather|none
|upkeep
|
|t:|1760380074
|switch|p2a: Dragonite|Dragonite, F|100/100
|turn|9
|
|t:|1760380080
|move|p1a: Skylla|Iron Head|p2a: Dragonite
|-damage|p2a: Dragonite|73/100
|move|p2a: Dragonite|Earthquake|p1a: Skylla
|-supereffective|p1a: Skylla
|-damage|p1a: Skylla|0 fnt
|faint|p1a: Skylla
|
|upkeep
|
|t:|1760380093
|switch|p1a: Elwurd|Gliscor, M, shiny|100/100
|turn|10
|
|t:|1760380103
|switch|p2a: Kyurem|Kyurem|100/100
|-ability|p2a: Kyurem|Pressure
|move|p1a: Elwurd|Stone Edge|p2a: Kyurem
|-supereffective|p2a: Kyurem
|-damage|p2a: Kyurem|16/100
|
|upkeep
|turn|11
|
|t:|1760380116
|move|p1a: Elwurd|Stone Edge|p2a: Kyurem
|-supereffective|p2a: Kyurem
|-damage|p2a: Kyurem|0 fnt
|faint|p2a: Kyurem
|
|upkeep
|
|t:|1760380122
|switch|p2a: Dragonite|Dragonite, F|73/100
|turn|12
|
|t:|1760380125
|move|p1a: Elwurd|Stone Edge|p2a: Dragonite
|-supereffective|p2a: Dragonite
|-damage|p2a: Dragonite|0 fnt
|faint|p2a: Dragonite
|
|upkeep
|
|t:|1760380140
|switch|p2a: Hydrapple|Hydrapple, F, shiny|100/100
|turn|13
|
|t:|1760380150
|move|p1a: Elwurd|Stone Edge|p2a: Hydrapple
|-crit|p2a: Hydrapple
|-damage|p2a: Hydrapple|52/100
|move|p2a: Hydrapple|Nasty Plot|p2a: Hydrapple
|-boost|p2a: Hydrapple|spa|2
|
|-heal|p2a: Hydrapple|59/100|[from] item: Leftovers
|upkeep
|turn|14
|
|t:|1760380172
|move|p1a: Elwurd|Stone Edge|p2a: Hydrapple|[miss]
|-miss|p1a: Elwurd|p2a: Hydrapple
|move|p2a: Hydrapple|Fickle Beam|p1a: Elwurd
|-damage|p1a: Elwurd|0 fnt
|faint|p1a: Elwurd
|
|-heal|p2a: Hydrapple|65/100|[from] item: Leftovers
|upkeep
|
|t:|1760380185
|switch|p1a: Dammek|Ting-Lu|100/100
|-ability|p1a: Dammek|Vessel of Ruin
|turn|15
|
|t:|1760380197
|move|p1a: Dammek|Earthquake|p2a: Hydrapple
|-resisted|p2a: Hydrapple
|-damage|p2a: Hydrapple|46/100
|move|p2a: Hydrapple|Energy Ball|p1a: Dammek
|-supereffective|p1a: Dammek
|-damage|p1a: Dammek|0 fnt
|faint|p1a: Dammek
|
|-heal|p2a: Hydrapple|53/100|[from] item: Leftovers
|upkeep
|
|t:|1760380205
|switch|p1a: Cronus|Garchomp, F|100/100
|turn|16
|
|t:|1760380226
|move|p1a: Cronus|Body Slam|p2a: Hydrapple
|-damage|p2a: Hydrapple|30/100
|move|p2a: Hydrapple|Fickle Beam|p1a: Cronus
|-supereffective|p1a: Cronus
|-damage|p1a: Cronus|0 fnt
|faint|p1a: Cronus
|
|win|Barron_Mitch
