|j|☆Gumping It
|j|☆Bug_catcher565
|t:|1760329217
|gametype|singles
|player|p1|Gumping It|pokemonbreederf-gen4|1052
|player|p2|Bug_catcher565|169|1059
|gen|9
|tier|[Gen 9] OU
|rated|
|rule|HP Percentage Mod: HP is shown in percentages
|rule|Endless Battle Clause: Forcing endless battles is banned
|rule|Species Clause: Limit one of each Pokémon
|rule|OHKO Clause: OHKO moves are banned
|rule|Evasion Items Clause: Evasion items are banned
|rule|Evasion Moves Clause: Evasion moves are banned
|rule|Evasion Abilities Clause: Evasion abilities are banned
|rule|Sleep Moves Clause: Sleep-inducing moves are banned
|clearpoke
|poke|p1|Corviknight, M|
|poke|p1|Lurantis, F|
|poke|p1|Volcanion|
|poke|p1|Cloyster, M|
|poke|p1|Zoroark, M|
|poke|p1|Gliscor, M|
|poke|p2|Bayleef, F|
|poke|p2|Enamorus, F|
|poke|p2|Serperior, M|
|poke|p2|Spidops, F|
|poke|p2|Gholdengo|
|poke|p2|Meowscarada, F|
|teampreview
|inactive|Battle timer is ON: inactive players will automatically lose when time's up. (requested by Bug_catcher565)
|
|t:|1760329230
|teamsize|p1|6
|teamsize|p2|6
|start
|switch|p1a: Juicy|Gliscor, M|100/100
|switch|p2a: Spidops|Spidops, F|100/100
|turn|1
|
|t:|1760329241
|move|p1a: Juicy|Trick|p2a: Spidops
|-activate|p1a: Juicy|move: Trick|[of] p2a: Spidops
|-item|p2a: Spidops|Choice Band|[from] move: Trick
|-item|p1a: Juicy|Focus Sash|[from] move: Trick
|move|p2a: Spidops|Sticky Web|p1a: Juicy
|-sidestart|p1: Gumping It|move: Sticky Web
|
|upkeep
|turn|2
|
|t:|1760329249
|switch|p2a: Enamorus|Enamorus, F|100/100
|move|p1a: Juicy|Hone Claws|p1a: Juicy
|-boost|p1a: Juicy|atk|1
|-boost|p1a: Juicy|accuracy|1
|
|upkeep
|turn|3
|
|t:|1760329259
|-terastallize|p2a: Enamorus|Stellar
|move|p2a: Enamorus|Tera Blast|p1a: Juicy|[anim] Tera Blast Stellar
|-damage|p1a: Juicy|34/100
|-boost|p2a: Enamorus|atk|1
|-boost|p2a: Enamorus|spa|1
|replace|p1a: Vodka Mutini|Zoroark, M
|-end|p1a: Vodka Mutini|Illusion
|move|p1a: Vodka Mutini|Trick|p2a: Enamorus
|-activate|p1a: Vodka Mutini|move: Trick|[of] p2a: Enamorus
|-item|p2a: Enamorus|Focus Sash|[from] move: Trick
|-item|p1a: Vodka Mutini|Choice Scarf|[from] move: Trick
|
|upkeep
|turn|4
|
|t:|1760329274
|move|p1a: Vodka Mutini|Foul Play|p2a: Enamorus
|-resisted|p2a: Enamorus
|-damage|p2a: Enamorus|51/100
|move|p2a: Enamorus|Tera Blast|p1a: Vodka Mutini|[anim] Tera Blast Stellar
|-damage|p1a: Vodka Mutini|0 fnt
|-boost|p2a: Enamorus|atk|1
|-boost|p2a: Enamorus|spa|1
|faint|p1a: Vodka Mutini
|
|upkeep
|
|t:|1760329284
|switch|p1a: Scourge|Corviknight, M|100/100
|-ability|p1a: Scourge|Pressure
|turn|5
|
|t:|1760329292
|move|p2a: Enamorus|Tera Blast|p1a: Scourge|[anim] Tera Blast Stellar
|-damage|p1a: Scourge|26/100
|-boost|p2a: Enamorus|atk|1
|-boost|p2a: Enamorus|spa|1
|move|p1a: Scourge|Body Press|p2a: Enamorus
|-resisted|p2a: Enamorus
|-damage|p2a: Enamorus|40/100
|
|-heal|p1a: Scourge|32/100|[from] item: Leftovers
|upkeep
|turn|6
|
|t:|1760329308
|move|p1a: Scourge|Protect|p1a: Scourge
|-singleturn|p1a: Scourge|Protect
|move|p2a: Enamorus|Tera Blast|p1a: Scourge|[anim] Tera Blast Stellar
|-activate|p1a: Scourge|move: Protect
|
|-heal|p1a: Scourge|38/100|[from] item: Leftovers
|upkeep
|turn|7
|
|t:|1760329318
|move|p2a: Enamorus|Tera Blast|p1a: Scourge|[anim] Tera Blast Stellar
|-damage|p1a: Scourge|0 fnt
|-boost|p2a: Enamorus|atk|1
|-boost|p2a: Enamorus|spa|1
|faint|p1a: Scourge
|
|upkeep
|-message|Gumping It forfeited.
|
|win|Bug_catcher565
|raw|Gumping It's rating: 1052 &rarr; <strong>1035</strong><br />(-17 for losing)
|raw|Bug_catcher565's rating: 1059 &rarr; <strong>1090</strong><br />(+31 for winning)
|l|☆Gumping It
|player|p1|
|l|☆Bug_catcher565
|player|p2|
