|j|☆deepak johnson
|j|☆NormalDude1989
|t:|1760429949
|gametype|singles
|player|p1|deepak johnson|swimmerf|1587
|player|p2|NormalDude1989|emmet|1674
|gen|9
|tier|[Gen 9] OU
|rated|
|rule|HP Percentage Mod: HP is shown in percentages
|rule|Endless Battle Clause: Forcing endless battles is banned
|rule|Species Clause: Limit one of each Pokémon
|rule|OHKO Clause: OHKO moves are banned
|rule|Evasion Items Clause: Evasion items are banned
|rule|Evasion Moves Clause: Evasion moves are banned
|rule|Evasion Abilities Clause: Evasion abilities are banned
|rule|Sleep Moves Clause: Sleep-inducing moves are banned
|clearpoke
|poke|p1|Gholdengo|
|poke|p1|Ceruledge, F|
|poke|p1|Enamorus, F|
|poke|p1|Ribombee, F|
|poke|p1|Quaquaval, F|
|poke|p1|Iron Treads|
|poke|p2|Kingambit, M|
|poke|p2|Iron Crown|
|poke|p2|Cinderace, F|
|poke|p2|Great Tusk|
|poke|p2|Latios, M|
|poke|p2|Zapdos|
|teampreview
|j| Ostenberg
|
|t:|1760429978
|teamsize|p1|6
|teamsize|p2|6
|start
|switch|p1a: Ribombee|Ribombee, F, shiny|100/100
|switch|p2a: Ptolemy|Iron Crown|100/100
|turn|1
|
|t:|1760429984
|switch|p1a: Iron Treads|Iron Treads|100/100
|-enditem|p1a: Iron Treads|Booster Energy
|-activate|p1a: Iron Treads|ability: Quark Drive|[fromitem]
|-start|p1a: Iron Treads|quarkdriveatk
|move|p2a: Ptolemy|Tachyon Cutter|p1a: Iron Treads
|-resisted|p1a: Iron Treads
|-damage|p1a: Iron Treads|85/100
|-resisted|p1a: Iron Treads
|-damage|p1a: Iron Treads|68/100
|-hitcount|p1a: Iron Treads|2
|
|upkeep
|turn|2
|
|t:|1760429996
|-end|p1a: Iron Treads|Quark Drive|[silent]
|switch|p1a: Ribombee|Ribombee, F, shiny|100/100
|-terastallize|p2a: Ptolemy|Fighting
|move|p2a: Ptolemy|Focus Blast|p1a: Ribombee
|-resisted|p1a: Ribombee
|-damage|p1a: Ribombee|75/100
|
|upkeep
|turn|3
|
|t:|1760430002
|move|p1a: Ribombee|Sticky Web|p2a: Ptolemy
|-sidestart|p2: NormalDude1989|move: Sticky Web
|move|p2a: Ptolemy|Tachyon Cutter|p1a: Ribombee
|-supereffective|p1a: Ribombee
|-damage|p1a: Ribombee|0 fnt
|faint|p1a: Ribombee
|-hitcount|p1: Ribombee|1
|
|upkeep
|
|t:|1760430012
|switch|p1a: Gholdengo|Gholdengo|100/100
|-item|p1a: Gholdengo|Air Balloon
|turn|4
|
|t:|1760430018
|move|p2a: Ptolemy|Volt Switch|p1a: Gholdengo
|-damage|p1a: Gholdengo|73/100
|-enditem|p1a: Gholdengo|Air Balloon
|
|t:|1760430024
|-end|p2a: Ptolemy|Quark Drive|[silent]
|switch|p2a: Bionic Bunny|Cinderace, F|100/100|[from] Volt Switch
|move|p1a: Gholdengo|Dazzling Gleam|p2a: Bionic Bunny
|-resisted|p2a: Bionic Bunny
|-damage|p2a: Bionic Bunny|80/100
|
|upkeep
|turn|5
|
|t:|1760430029
|move|p2a: Bionic Bunny|Court Change|p2a: Bionic Bunny
|-start|p2a: Bionic Bunny|typechange|Normal|[from] ability: Libero
|-swapsideconditions
|-activate|p2a: Bionic Bunny|move: Court Change
|move|p1a: Gholdengo|Make It Rain|p2a: Bionic Bunny
|-damage|p2a: Bionic Bunny|0 fnt
|-unboost|p1a: Gholdengo|spa|1
|faint|p2a: Bionic Bunny
|
|upkeep
|
|t:|1760430039
|switch|p2a: Ivan|Great Tusk|100/100
|turn|6
|
|t:|1760430050
|move|p2a: Ivan|Headlong Rush|p1a: Gholdengo
|-supereffective|p1a: Gholdengo
|-damage|p1a: Gholdengo|0 fnt
|-unboost|p2a: Ivan|def|1
|-unboost|p2a: Ivan|spd|1
|faint|p1a: Gholdengo
|
|upkeep
|
|t:|1760430054
|switch|p1a: Enamorus|Enamorus, F|100/100
|turn|7
|c| Ostenberg|Damn!!! Didn't expect a court change
|
|t:|1760430090
|-end|p2a: Ivan|Protosynthesis|[silent]
|switch|p2a: Ptolemy|Iron Crown, tera:Fighting|100/100
|move|p1a: Enamorus|Moonblast|p2a: Ptolemy
|-supereffective|p2a: Ptolemy
|-damage|p2a: Ptolemy|8/100
|-unboost|p2a: Ptolemy|spa|1
|
|upkeep
|turn|8
|
|t:|1760430097
|switch|p1a: Quaquaval|Quaquaval, F|100/100
|-activate|p1a: Quaquaval|move: Sticky Web
|-unboost|p1a: Quaquaval|spe|1
|move|p2a: Ptolemy|Future Sight|p1a: Quaquaval
|-start|p2a: Ptolemy|move: Future Sight
|
|upkeep
|turn|9
|
|t:|1760430103
|move|p2a: Ptolemy|Volt Switch|p1a: Quaquaval
|-supereffective|p1a: Quaquaval
|-damage|p1a: Quaquaval|72/100
|
|t:|1760430107
|-end|p2a: Ptolemy|Quark Drive|[silent]
|switch|p2a: Morpho|Zapdos|100/100|[from] Volt Switch
|move|p1a: Quaquaval|Rapid Spin|p2a: Morpho
|-damage|p2a: Morpho|89/100
|-boost|p1a: Quaquaval|spe|1
|-damage|p1a: Quaquaval|55/100|[from] item: Rocky Helmet|[of] p2a: Morpho
|-sideend|p1: deepak johnson|Sticky Web|[from] move: Rapid Spin|[of] p1a: Quaquaval
|
|upkeep
|turn|10
|
|t:|1760430119
|switch|p1a: Iron Treads|Iron Treads|68/100
|move|p2a: Morpho|Hurricane|p1a: Iron Treads
|-resisted|p1a: Iron Treads
|-crit|p1a: Iron Treads
|-damage|p1a: Iron Treads|25/100
|-start|p1a: Iron Treads|confusion
|
|-end|p1a: Iron Treads|move: Future Sight
|-resisted|p1a: Iron Treads
|-damage|p1a: Iron Treads|0 fnt
|faint|p1a: Iron Treads
|-end|p1a: Iron Treads|Quark Drive|[silent]
|upkeep
|
|t:|1760430124
|switch|p1a: Enamorus|Enamorus, F|100/100
|turn|11
|
|t:|1760430128
|move|p1a: Enamorus|Moonblast|p2a: Morpho
|-damage|p2a: Morpho|26/100
|move|p2a: Morpho|Volt Switch|p1a: Enamorus
|-supereffective|p1a: Enamorus
|-damage|p1a: Enamorus|3/100
|
|t:|1760430145
|switch|p2a: Azure|Latios, M|100/100|[from] Volt Switch
|
|upkeep
|turn|12
|
|t:|1760430150
|move|p2a: Azure|Luster Purge|p1a: Enamorus
|-damage|p1a: Enamorus|0 fnt
|faint|p1a: Enamorus
|
|upkeep
|
|t:|1760430154
|switch|p1a: Ceruledge|Ceruledge, F|100/100
|turn|13
|
|t:|1760430160
|move|p2a: Azure|Luster Purge|p1a: Ceruledge
|-damage|p1a: Ceruledge|46/100
|-unboost|p1a: Ceruledge|spd|1
|move|p1a: Ceruledge|Swords Dance|p1a: Ceruledge
|-boost|p1a: Ceruledge|atk|2
|
|upkeep
|turn|14
|
|t:|1760430172
|switch|p2a: Ptolemy|Iron Crown, tera:Fighting|8/100
|move|p1a: Ceruledge|Shadow Sneak|p2a: Ptolemy
|-damage|p2a: Ptolemy|0 fnt
|faint|p2a: Ptolemy
|-end|p2a: Ptolemy|Quark Drive|[silent]
|
|upkeep
|
|t:|1760430178
|switch|p2a: Ivan|Great Tusk|100/100
|turn|15
|
|t:|1760430187
|-terastallize|p1a: Ceruledge|Fighting
|move|p2a: Ivan|Headlong Rush|p1a: Ceruledge
|-damage|p1a: Ceruledge|0 fnt
|-unboost|p2a: Ivan|def|1
|-unboost|p2a: Ivan|spd|1
|faint|p1a: Ceruledge
|
|upkeep
|
|t:|1760430191
|switch|p1a: Quaquaval|Quaquaval, F|55/100
|turn|16
|
|t:|1760430193
|-end|p2a: Ivan|Protosynthesis|[silent]
|switch|p2a: Morpho|Zapdos|26/100
|move|p1a: Quaquaval|Aqua Step|p2a: Morpho
|-damage|p2a: Morpho|0 fnt
|-boost|p1a: Quaquaval|spe|1
|-damage|p1a: Quaquaval|39/100|[from] item: Rocky Helmet|[of] p2a: Morpho
|faint|p2a: Morpho
|-ability|p1a: Quaquaval|Moxie|boost
|-boost|p1a: Quaquaval|atk|1
|
|upkeep
|
|t:|1760430199
|switch|p2a: Azure|Latios, M|100/100
|turn|17
|
|t:|1760430202
|move|p2a: Azure|Luster Purge|p1a: Quaquaval
|-supereffective|p1a: Quaquaval
|-damage|p1a: Quaquaval|0 fnt
|faint|p1a: Quaquaval
|
|win|NormalDude1989
|raw|deepak johnson's rating: 1587 &rarr; <strong>1572</strong><br />(-15 for losing)
|raw|NormalDude1989's rating: 1674 &rarr; <strong>1689</strong><br />(+15 for winning)
|c|☆NormalDude1989|bg
|l|☆deepak johnson
|player|p1|
|l|☆NormalDude1989
|player|p2|
