|j|☆miscellandorus
|j|☆napkin_56
|t:|1760386428
|gametype|singles
|player|p1|miscellandorus|2|1363
|player|p2|napkin_56|policeman-gen4|1405
|gen|9
|tier|[Gen 9] OU
|rated|
|rule|HP Percentage Mod: HP is shown in percentages
|rule|Endless Battle Clause: Forcing endless battles is banned
|rule|Species Clause: Limit one of each Pokémon
|rule|OHKO Clause: OHKO moves are banned
|rule|Evasion Items Clause: Evasion items are banned
|rule|Evasion Moves Clause: Evasion moves are banned
|rule|Evasion Abilities Clause: Evasion abilities are banned
|rule|Sleep Moves Clause: Sleep-inducing moves are banned
|clearpoke
|poke|p1|Ogerpon, F|
|poke|p1|Porygon-Z|
|poke|p1|Iron Treads|
|poke|p1|Alomomola, F|
|poke|p1|Pecharunt|
|poke|p1|Moltres|
|poke|p2|Dragapult, F|
|poke|p2|Scizor, M|
|poke|p2|Zapdos|
|poke|p2|Ogerpon-Wellspring, F|
|poke|p2|Tinkaton, F|
|poke|p2|Great Tusk|
|teampreview
|inactive|Battle timer is ON: inactive players will automatically lose when time's up. (requested by napkin_56)
|
|t:|1760386440
|teamsize|p1|6
|teamsize|p2|6
|start
|switch|p1a: Ogerpon|Ogerpon, F|100/100
|switch|p2a: Dragapult|Dragapult, F|100/100
|turn|1
|
|t:|1760386446
|move|p2a: Dragapult|U-turn|p1a: Ogerpon
|-supereffective|p1a: Ogerpon
|-damage|p1a: Ogerpon|55/100
|
|t:|1760386448
|switch|p2a: Zapdos|Zapdos|100/100|[from] U-turn
|move|p1a: Ogerpon|Knock Off|p2a: Zapdos
|-damage|p2a: Zapdos|64/100
|-enditem|p2a: Zapdos|Heavy-Duty Boots|[from] move: Knock Off|[of] p1a: Ogerpon
|
|upkeep
|turn|2
|
|t:|1760386455
|switch|p1a: Iron Treads|Iron Treads|100/100
|move|p2a: Zapdos|Hurricane|p1a: Iron Treads
|-resisted|p1a: Iron Treads
|-damage|p1a: Iron Treads|76/100
|
|-heal|p1a: Iron Treads|82/100|[from] item: Leftovers
|upkeep
|turn|3
|
|t:|1760386460
|switch|p2a: Dragapult|Dragapult, F|100/100
|move|p1a: Iron Treads|Stealth Rock|p2a: Dragapult
|-sidestart|p2: napkin_56|move: Stealth Rock
|
|-heal|p1a: Iron Treads|88/100|[from] item: Leftovers
|upkeep
|turn|4
|
|t:|1760386465
|move|p2a: Dragapult|Flamethrower|p1a: Iron Treads
|-supereffective|p1a: Iron Treads
|-damage|p1a: Iron Treads|0 fnt
|faint|p1a: Iron Treads
|-end|p1a: Iron Treads|Quark Drive|[silent]
|
|upkeep
|
|t:|1760386481
|switch|p1a: Porygon-Z|Porygon-Z|100/100
|-ability|p1a: Porygon-Z|Download|boost
|-boost|p1a: Porygon-Z|spa|1
|turn|5
|
|t:|1760386510
|switch|p2a: Scizor|Scizor, M|100/100
|move|p1a: Porygon-Z|Shadow Ball|p2a: Scizor
|-damage|p2a: Scizor|22/100
|-unboost|p2a: Scizor|spd|1
|
|upkeep
|turn|6
|
|t:|1760386532
|switch|p1a: Moltres|Moltres|100/100
|move|p2a: Scizor|Bullet Punch|p1a: Moltres
|-resisted|p1a: Moltres
|-damage|p1a: Moltres|88/100
|-status|p2a: Scizor|brn|[from] ability: Flame Body|[of] p1a: Moltres
|
|-damage|p2a: Scizor|16/100 brn|[from] brn
|upkeep
|turn|7
|
|t:|1760386536
|move|p2a: Scizor|Defog|p1a: Moltres
|-unboost|p1a: Moltres|evasion|1
|-sideend|p2: napkin_56|Stealth Rock|[from] move: Defog|[of] p2a: Scizor
|move|p1a: Moltres|Roar|p2a: Scizor
|drag|p2a: Zapdos|Zapdos|64/100
|
|upkeep
|turn|8
|
|t:|1760386547
|switch|p1a: Pecharunt|Pecharunt|100/100
|move|p2a: Zapdos|Thunderbolt|p1a: Pecharunt
|-damage|p1a: Pecharunt|70/100
|
|upkeep
|turn|9
|
|t:|1760386551
|move|p2a: Zapdos|Volt Switch|p1a: Pecharunt
|-damage|p1a: Pecharunt|44/100
|
|t:|1760386554
|switch|p2a: Scizor|Scizor, M|16/100 brn|[from] Volt Switch
|move|p1a: Pecharunt|Parting Shot|p2a: Scizor
|-unboost|p2a: Scizor|atk|1
|-unboost|p2a: Scizor|spa|1
|
|t:|1760386564
|switch|p1a: Alomomola|Alomomola, F|100/100|[from] Parting Shot
|
|-damage|p2a: Scizor|10/100 brn|[from] brn
|upkeep
|turn|10
|
|t:|1760386567
|move|p2a: Scizor|Knock Off|p1a: Alomomola
|-damage|p1a: Alomomola|94/100
|-enditem|p1a: Alomomola|Assault Vest|[from] move: Knock Off|[of] p2a: Scizor
|move|p1a: Alomomola|Flip Turn|p2a: Scizor
|-damage|p2a: Scizor|0 fnt
|faint|p2a: Scizor
|
|t:|1760386578
|switch|p1a: Porygon-Z|Porygon-Z|100/100|[from] Flip Turn
|
|upkeep
|
|t:|1760386593
|switch|p2a: Tinkaton|Tinkaton, F|100/100
|-item|p2a: Tinkaton|Air Balloon
|turn|11
|
|t:|1760386607
|switch|p1a: Alomomola|Alomomola, F|100/100
|move|p2a: Tinkaton|Thunder Wave|p1a: Alomomola|[miss]
|-miss|p2a: Tinkaton|p1a: Alomomola
|
|upkeep
|turn|12
|
|t:|1760386610
|move|p2a: Tinkaton|Thunder Wave|p1a: Alomomola
|-status|p1a: Alomomola|par
|move|p1a: Alomomola|Flip Turn|p2a: Tinkaton
|-damage|p2a: Tinkaton|87/100
|-enditem|p2a: Tinkaton|Air Balloon
|
|t:|1760386616
|switch|p1a: Moltres|Moltres|88/100|[from] Flip Turn
|
|upkeep
|turn|13
|
|t:|1760386622
|switch|p2a: Dragapult|Dragapult, F|100/100
|move|p1a: Moltres|Flamethrower|p2a: Dragapult
|-resisted|p2a: Dragapult
|-damage|p2a: Dragapult|74/100
|-status|p2a: Dragapult|brn
|
|-damage|p2a: Dragapult|68/100 brn|[from] brn
|upkeep
|turn|14
|
|t:|1760386626
|switch|p1a: Alomomola|Alomomola, F|100/100 par
|move|p2a: Dragapult|Draco Meteor|p1a: Alomomola
|-damage|p1a: Alomomola|13/100 par
|-unboost|p2a: Dragapult|spa|2
|
|-damage|p2a: Dragapult|62/100 brn|[from] brn
|upkeep
|turn|15
|
|t:|1760386636
|switch|p1a: Moltres|Moltres|88/100
|move|p2a: Dragapult|Draco Meteor|p1a: Moltres
|-crit|p1a: Moltres
|-damage|p1a: Moltres|0 fnt
|-unboost|p2a: Dragapult|spa|2
|faint|p1a: Moltres
|
|-damage|p2a: Dragapult|56/100 brn|[from] brn
|upkeep
|inactive|miscellandorus has 120 seconds left.
|
|t:|1760386675
|switch|p1a: Porygon-Z|Porygon-Z|100/100
|-ability|p1a: Porygon-Z|Download|boost
|-boost|p1a: Porygon-Z|spa|1
|turn|16
|inactive|miscellandorus has 120 seconds left.
|
|t:|1760386694
|switch|p2a: Great Tusk|Great Tusk|100/100
|move|p1a: Porygon-Z|Shadow Ball|p2a: Great Tusk
|-damage|p2a: Great Tusk|7/100
|-unboost|p2a: Great Tusk|spd|1
|
|upkeep
|turn|17
|
|t:|1760386698
|move|p1a: Porygon-Z|Shadow Ball|p2a: Great Tusk
|-damage|p2a: Great Tusk|0 fnt
|faint|p2a: Great Tusk
|-end|p2a: Great Tusk|Protosynthesis|[silent]
|
|upkeep
|
|t:|1760386700
|switch|p2a: Tinkaton|Tinkaton, F|87/100
|turn|18
|
|t:|1760386706
|move|p1a: Porygon-Z|Shadow Ball|p2a: Tinkaton
|-damage|p2a: Tinkaton|37/100
|move|p2a: Tinkaton|Stealth Rock|p1a: Porygon-Z
|-sidestart|p1: miscellandorus|move: Stealth Rock
|
|upkeep
|turn|19
|
|t:|1760386710
|move|p1a: Porygon-Z|Shadow Ball|p2a: Tinkaton
|-damage|p2a: Tinkaton|0 fnt
|faint|p2a: Tinkaton
|
|upkeep
|inactive|napkin_56 has 120 seconds left.
|
|t:|1760386742
|switch|p2a: Dragapult|Dragapult, F|56/100 brn
|turn|20
|
|t:|1760386752
|move|p2a: Dragapult|Draco Meteor|p1a: Porygon-Z
|-damage|p1a: Porygon-Z|0 fnt
|-unboost|p2a: Dragapult|spa|2
|faint|p1a: Porygon-Z
|
|-damage|p2a: Dragapult|50/100 brn|[from] brn
|upkeep
|
|t:|1760386761
|switch|p1a: Alomomola|Alomomola, F|46/100 par
|-damage|p1a: Alomomola|34/100 par|[from] Stealth Rock
|turn|21
|
|t:|1760386764
|move|p2a: Dragapult|Draco Meteor|p1a: Alomomola
|-damage|p1a: Alomomola|0 fnt
|-unboost|p2a: Dragapult|spa|2
|faint|p1a: Alomomola
|
|-damage|p2a: Dragapult|44/100 brn|[from] brn
|upkeep
|
|t:|1760386767
|switch|p1a: Ogerpon|Ogerpon, F|55/100
|-damage|p1a: Ogerpon|43/100|[from] Stealth Rock
|turn|22
|
|t:|1760386771
|switch|p2a: Zapdos|Zapdos|64/100
|-terastallize|p1a: Ogerpon|Grass
|detailschange|p1a: Ogerpon|Ogerpon-Teal-Tera, F, tera:Grass
|-ability|p1a: Ogerpon|Embody Aspect (Teal)|boost
|-boost|p1a: Ogerpon|spe|1
|move|p1a: Ogerpon|Ivy Cudgel|p2a: Zapdos
|-resisted|p2a: Zapdos
|-damage|p2a: Zapdos|28/100
|
|upkeep
|turn|23
|
|t:|1760386773
|move|p1a: Ogerpon|Ivy Cudgel|p2a: Zapdos
|-resisted|p2a: Zapdos
|-damage|p2a: Zapdos|0 fnt
|faint|p2a: Zapdos
|
|upkeep
|
|t:|1760386779
|switch|p2a: Ogerpon|Ogerpon-Wellspring, F|100/100
|turn|24
|
|t:|1760386787
|move|p1a: Ogerpon|Ivy Cudgel|p2a: Ogerpon
|-damage|p2a: Ogerpon|0 fnt
|faint|p2a: Ogerpon
|
|upkeep
|
|t:|1760386790
|switch|p2a: Dragapult|Dragapult, F|44/100 brn
|turn|25
|
|t:|1760386797
|switch|p1a: Pecharunt|Pecharunt|44/100
|-damage|p1a: Pecharunt|32/100|[from] Stealth Rock
|move|p2a: Dragapult|Shadow Ball|p1a: Pecharunt
|-supereffective|p1a: Pecharunt
|-damage|p1a: Pecharunt|0 fnt
|faint|p1a: Pecharunt
|
|-damage|p2a: Dragapult|38/100 brn|[from] brn
|upkeep
|
|t:|1760386803
|switch|p1a: Ogerpon|Ogerpon-Teal-Tera, F, tera:Grass|43/100
|-damage|p1a: Ogerpon|31/100|[from] Stealth Rock
|-ability|p1a: Ogerpon|Embody Aspect (Teal)|boost
|-boost|p1a: Ogerpon|spe|1
|turn|26
|
|t:|1760386806
|move|p1a: Ogerpon|Knock Off|p2a: Dragapult
|-supereffective|p2a: Dragapult
|-damage|p2a: Dragapult|0 fnt
|-enditem|p2a: Dragapult|Choice Specs|[from] move: Knock Off|[of] p1a: Ogerpon
|faint|p2a: Dragapult
|
|win|miscellandorus
|raw|miscellandorus's rating: 1363 &rarr; <strong>1385</strong><br />(+22 for winning)
|raw|napkin_56's rating: 1405 &rarr; <strong>1383</strong><br />(-22 for losing)
|l|☆napkin_56
|player|p2|
|l|☆miscellandorus
|player|p1|
