|j|☆patte de l'ours
|j|☆Ieigh
|t:|1760300353
|gametype|singles
|player|p1|patte de l'ours|101|1142
|player|p2|Ieigh|170|1218
|gen|9
|tier|[Gen 9] OU
|rated|
|rule|HP Percentage Mod: HP is shown in percentages
|rule|Endless Battle Clause: Forcing endless battles is banned
|rule|Species Clause: Limit one of each Pokémon
|rule|OHKO Clause: OHKO moves are banned
|rule|Evasion Items Clause: Evasion items are banned
|rule|Evasion Moves Clause: Evasion moves are banned
|rule|Evasion Abilities Clause: Evasion abilities are banned
|rule|Sleep Moves Clause: Sleep-inducing moves are banned
|clearpoke
|poke|p1|Corviknight, M|
|poke|p1|Blaziken, F|
|poke|p1|Darkrai|
|poke|p1|Dragonite, M|
|poke|p1|Greninja-*, M|
|poke|p1|Kingambit, M|
|poke|p2|Quaquaval, M|
|poke|p2|Dragonite, M|
|poke|p2|Lucario, M|
|poke|p2|Enamorus-Therian, F|
|poke|p2|Talonflame, F|
|poke|p2|Cresselia, F|
|teampreview
|
|t:|1760300361
|teamsize|p1|6
|teamsize|p2|6
|start
|switch|p1a: Blaziken|Blaziken, F|100/100
|switch|p2a: Quaquaval|Quaquaval, M|100/100
|turn|1
|
|t:|1760300368
|switch|p1a: Dragonite|Dragonite, M|100/100
|move|p2a: Quaquaval|Aqua Step|p1a: Dragonite
|-resisted|p1a: Dragonite
|-damage|p1a: Dragonite|84/100
|-boost|p2a: Quaquaval|spe|1
|-damage|p2a: Quaquaval|91/100|[from] item: Life Orb
|
|upkeep
|turn|2
|
|t:|1760300376
|move|p2a: Quaquaval|Ice Spinner|p1a: Dragonite
|-supereffective|p1a: Dragonite
|-damage|p1a: Dragonite|0 fnt
|faint|p1a: Dragonite
|-ability|p2a: Quaquaval|Moxie|boost
|-boost|p2a: Quaquaval|atk|1
|-damage|p2a: Quaquaval|81/100|[from] item: Life Orb
|
|upkeep
|
|t:|1760300382
|switch|p1a: Corviknight|Corviknight, M|100/100
|turn|3
|inactive|Battle timer is ON: inactive players will automatically lose when time's up. (requested by Ieigh)
|
|t:|1760300385
|move|p2a: Quaquaval|Close Combat|p1a: Corviknight
|-damage|p1a: Corviknight|5/100
|-unboost|p2a: Quaquaval|def|1
|-unboost|p2a: Quaquaval|spd|1
|-damage|p2a: Quaquaval|71/100|[from] item: Life Orb
|move|p1a: Corviknight|Light Screen|p1a: Corviknight
|-sidestart|p1: patte de l'ours|move: Light Screen
|
|-heal|p1a: Corviknight|12/100|[from] item: Leftovers
|upkeep
|turn|4
|
|t:|1760300395
|move|p2a: Quaquaval|Close Combat|p1a: Corviknight
|-damage|p1a: Corviknight|0 fnt
|-unboost|p2a: Quaquaval|def|1
|-unboost|p2a: Quaquaval|spd|1
|faint|p1a: Corviknight
|-ability|p2a: Quaquaval|Moxie|boost
|-boost|p2a: Quaquaval|atk|1
|-damage|p2a: Quaquaval|61/100|[from] item: Life Orb
|
|upkeep
|
|t:|1760300398
|switch|p1a: Greninja|Greninja, M|100/100
|turn|5
|
|t:|1760300406
|move|p2a: Quaquaval|Close Combat|p1a: Greninja
|-supereffective|p1a: Greninja
|-damage|p1a: Greninja|0 fnt
|-unboost|p2a: Quaquaval|def|1
|-unboost|p2a: Quaquaval|spd|1
|faint|p1a: Greninja
|-ability|p2a: Quaquaval|Moxie|boost
|-boost|p2a: Quaquaval|atk|1
|-damage|p2a: Quaquaval|51/100|[from] item: Life Orb
|
|upkeep
|
|t:|1760300409
|switch|p1a: Kingambit|Kingambit, M, shiny|100/100
|-activate|p1a: Kingambit|ability: Supreme Overlord
|-start|p1a: Kingambit|fallen3|[silent]
|turn|6
|
|t:|1760300421
|switch|p2a: Lucario|Lucario, M|100/100
|-end|p1a: Kingambit|fallen3|[silent]
|switch|p1a: Blaziken|Blaziken, F|100/100
|
|upkeep
|turn|7
|
|t:|1760300428
|move|p1a: Blaziken|Swords Dance|p1a: Blaziken
|-boost|p1a: Blaziken|atk|2
|move|p2a: Lucario|Earthquake|p1a: Blaziken
|-supereffective|p1a: Blaziken
|-damage|p1a: Blaziken|0 fnt
|faint|p1a: Blaziken
|-damage|p2a: Lucario|91/100|[from] item: Life Orb
|
|-sideend|p1: patte de l'ours|move: Light Screen
|upkeep
|
|t:|1760300431
|switch|p1a: Darkrai|Darkrai|100/100
|turn|8
|
|t:|1760300438
|move|p1a: Darkrai|Shadow Ball|p2a: Lucario
|-damage|p2a: Lucario|47/100
|-unboost|p2a: Lucario|spd|1
|move|p2a: Lucario|Drain Punch|p1a: Darkrai
|-supereffective|p1a: Darkrai
|-enditem|p1a: Darkrai|Focus Sash
|-damage|p1a: Darkrai|1/100
|-heal|p2a: Lucario|97/100|[from] drain|[of] p1a: Darkrai
|-damage|p2a: Lucario|87/100|[from] item: Life Orb
|
|upkeep
|turn|9
|
|t:|1760300449
|move|p2a: Lucario|Extreme Speed|p1a: Darkrai
|-damage|p1a: Darkrai|0 fnt
|faint|p1a: Darkrai
|-damage|p2a: Lucario|77/100|[from] item: Life Orb
|
|upkeep
|
|t:|1760300451
|switch|p1a: Kingambit|Kingambit, M, shiny|100/100
|-activate|p1a: Kingambit|ability: Supreme Overlord
|-start|p1a: Kingambit|fallen5|[silent]
|turn|10
|
|t:|1760300459
|move|p2a: Lucario|Drain Punch|p1a: Kingambit
|-supereffective|p1a: Kingambit
|-damage|p1a: Kingambit|0 fnt
|-heal|p2a: Lucario|100/100|[from] drain|[of] p1a: Kingambit
|faint|p1a: Kingambit
|-end|p1a: Kingambit|fallen5|[silent]
|-damage|p2a: Lucario|91/100|[from] item: Life Orb
|
|win|Ieigh
|raw|patte de l&apos;ours's rating: 1142 &rarr; <strong>1122</strong><br />(-20 for losing)
|raw|Ieigh's rating: 1218 &rarr; <strong>1238</strong><br />(+20 for winning)
|l|☆patte de l'ours
|player|p1|
