|badge|p1|bronze|gen9ou|100-7
|uhtml|medal-msg|<div class="broadcast-blue">Curious what those medals under the avatar are? PS now has Ladder Seasons! For more information, check out the <a href="https://www.smogon.com/forums/threads/3740067/">thread on Smogon.</a></div>
|j|☆Prav33n
|j|☆K3c8ge4
|t:|1760398363
|gametype|singles
|player|p1|Prav33n|koga|1733
|player|p2|K3c8ge4|elesa|1828
|gen|9
|tier|[Gen 9] OU
|rated|
|rule|HP Percentage Mod: HP is shown in percentages
|rule|Endless Battle Clause: Forcing endless battles is banned
|rule|Species Clause: Limit one of each Pokémon
|rule|OHKO Clause: OHKO moves are banned
|rule|Evasion Items Clause: Evasion items are banned
|rule|Evasion Moves Clause: Evasion moves are banned
|rule|Evasion Abilities Clause: Evasion abilities are banned
|rule|Sleep Moves Clause: Sleep-inducing moves are banned
|clearpoke
|poke|p1|Dragonite, F|
|poke|p1|Ting-Lu|
|poke|p1|Zamazenta-*|
|poke|p1|Moltres|
|poke|p1|Ogerpon-Wellspring, F|
|poke|p1|Gholdengo|
|poke|p2|Scizor, F|
|poke|p2|Raging Bolt|
|poke|p2|Primarina, M|
|poke|p2|Ogerpon-Cornerstone, F|
|poke|p2|Great Tusk|
|poke|p2|Zamazenta-*|
|teampreview
|inactive|Battle timer is ON: inactive players will automatically lose when time's up. (requested by K3c8ge4)
|
|t:|1760398386
|teamsize|p1|6
|teamsize|p2|6
|start
|switch|p1a: Ogerpon|Ogerpon-Wellspring, F|100/100
|switch|p2a: Scizor|Scizor, F|100/100
|turn|1
|
|t:|1760398394
|move|p1a: Ogerpon|Ivy Cudgel|p2a: Scizor|[anim] Ivy Cudgel Water
|-damage|p2a: Scizor|34/100
|move|p2a: Scizor|Knock Off|p1a: Ogerpon
|-damage|p1a: Ogerpon|51/100
|
|upkeep
|turn|2
|
|t:|1760398400
|switch|p2a: Raging Bolt|Raging Bolt|100/100
|move|p1a: Ogerpon|Horn Leech|p2a: Raging Bolt
|-resisted|p2a: Raging Bolt
|-damage|p2a: Raging Bolt|82/100
|-heal|p1a: Ogerpon|64/100|[from] drain|[of] p2a: Raging Bolt
|
|upkeep
|turn|3
|
|t:|1760398407
|move|p1a: Ogerpon|Horn Leech|p2a: Raging Bolt
|-resisted|p2a: Raging Bolt
|-damage|p2a: Raging Bolt|63/100
|-heal|p1a: Ogerpon|78/100|[from] drain|[of] p2a: Raging Bolt
|move|p2a: Raging Bolt|Draco Meteor|p1a: Ogerpon
|-damage|p1a: Ogerpon|0 fnt
|-unboost|p2a: Raging Bolt|spa|2
|faint|p1a: Ogerpon
|
|upkeep
|
|t:|1760398409
|switch|p1a: Ting-Lu|Ting-Lu, shiny|100/100
|-ability|p1a: Ting-Lu|Vessel of Ruin
|turn|4
|
|t:|1760398414
|-end|p2a: Raging Bolt|Protosynthesis|[silent]
|switch|p2a: Primarina|Primarina, M|100/100
|move|p1a: Ting-Lu|Ruination|p2a: Primarina
|-damage|p2a: Primarina|50/100
|
|upkeep
|turn|5
|
|t:|1760398420
|move|p2a: Primarina|Surf|p1a: Ting-Lu
|-supereffective|p1a: Ting-Lu
|-damage|p1a: Ting-Lu|57/100
|move|p1a: Ting-Lu|Stealth Rock|p2a: Primarina
|-sidestart|p2: K3c8ge4|move: Stealth Rock
|
|-heal|p1a: Ting-Lu|63/100|[from] item: Leftovers
|upkeep
|turn|6
|
|t:|1760398425
|switch|p1a: Gholdengo|Gholdengo|100/100
|move|p2a: Primarina|Draining Kiss|p1a: Gholdengo
|-resisted|p1a: Gholdengo
|-damage|p1a: Gholdengo|84/100
|-heal|p2a: Primarina|61/100|[from] drain|[of] p1a: Gholdengo
|
|upkeep
|turn|7
|
|t:|1760398431
|switch|p1a: Moltres|Moltres|100/100
|move|p2a: Primarina|Flip Turn|p1a: Moltres
|-supereffective|p1a: Moltres
|-damage|p1a: Moltres|81/100
|
|t:|1760398439
|switch|p2a: Ogerpon|Ogerpon-Cornerstone, F|100/100|[from] Flip Turn
|-damage|p2a: Ogerpon|88/100|[from] Stealth Rock
|
|upkeep
|turn|8
|
|t:|1760398442
|switch|p1a: Zamazenta|Zamazenta|100/100
|-ability|p1a: Zamazenta|Dauntless Shield|boost
|-boost|p1a: Zamazenta|def|1
|move|p2a: Ogerpon|Ivy Cudgel|p1a: Zamazenta|[anim] Ivy Cudgel Rock
|-resisted|p1a: Zamazenta
|-crit|p1a: Zamazenta
|-damage|p1a: Zamazenta|59/100
|
|upkeep
|turn|9
|
|t:|1760398448
|switch|p2a: Zamazenta|Zamazenta|100/100
|-damage|p2a: Zamazenta|94/100|[from] Stealth Rock
|-ability|p2a: Zamazenta|Dauntless Shield|boost
|-boost|p2a: Zamazenta|def|1
|move|p1a: Zamazenta|Close Combat|p2a: Zamazenta
|-damage|p2a: Zamazenta|65/100
|-unboost|p1a: Zamazenta|def|1
|-unboost|p1a: Zamazenta|spd|1
|
|-heal|p2a: Zamazenta|71/100|[from] item: Leftovers
|upkeep
|turn|10
|inactive|K3c8ge4 has 120 seconds left.
|
|t:|1760398488
|switch|p1a: Gholdengo|Gholdengo|84/100
|switch|p2a: Primarina|Primarina, M|61/100
|-damage|p2a: Primarina|49/100|[from] Stealth Rock
|
|upkeep
|turn|11
|inactive|K3c8ge4 has 120 seconds left.
|
|t:|1760398495
|move|p1a: Gholdengo|Make It Rain|p2a: Primarina
|-damage|p2a: Primarina|11/100
|-unboost|p1a: Gholdengo|spa|1
|move|p2a: Primarina|Flip Turn|p1a: Gholdengo
|-damage|p1a: Gholdengo|61/100
|inactive|K3c8ge4 has 120 seconds left.
|
|t:|1760398503
|switch|p2a: Great Tusk|Great Tusk|100/100|[from] Flip Turn
|
|upkeep
|turn|12
|j| minilarry
|
|t:|1760398508
|move|p1a: Gholdengo|Make It Rain|p2a: Great Tusk
|-damage|p2a: Great Tusk|45/100
|-unboost|p1a: Gholdengo|spa|1
|move|p2a: Great Tusk|Stealth Rock|p1a: Gholdengo
|-sidestart|p1: Prav33n|move: Stealth Rock
|
|upkeep
|turn|13
|
|t:|1760398515
|move|p1a: Gholdengo|Make It Rain|p2a: Great Tusk
|-damage|p2a: Great Tusk|2/100
|-unboost|p1a: Gholdengo|spa|1
|move|p2a: Great Tusk|Rapid Spin|p1a: Gholdengo
|-immune|p1a: Gholdengo
|
|upkeep
|turn|14
|j| The red tour
|
|t:|1760398527
|move|p1a: Gholdengo|Make It Rain|p2a: Great Tusk
|-damage|p2a: Great Tusk|0 fnt
|-unboost|p1a: Gholdengo|spa|1
|faint|p2a: Great Tusk
|-end|p2a: Great Tusk|Protosynthesis|[silent]
|
|upkeep
|
|t:|1760398529
|switch|p2a: Scizor|Scizor, F|34/100
|-damage|p2a: Scizor|22/100|[from] Stealth Rock
|turn|15
|
|t:|1760398541
|switch|p1a: Zamazenta|Zamazenta|59/100
|move|p2a: Scizor|Knock Off|p1a: Zamazenta
|-resisted|p1a: Zamazenta
|-damage|p1a: Zamazenta|32/100
|-enditem|p1a: Zamazenta|Heavy-Duty Boots|[from] move: Knock Off|[of] p2a: Scizor
|
|upkeep
|turn|16
|
|t:|1760398557
|switch|p2a: Primarina|Primarina, M|11/100
|-damage|p2a: Primarina|0 fnt|[from] Stealth Rock
|faint|p2a: Primarina
|move|p1a: Zamazenta|Crunch|p2: Primarina|[notarget]
|-fail|p1a: Zamazenta
|
|upkeep
|
|t:|1760398564
|switch|p2a: Zamazenta|Zamazenta|71/100
|-damage|p2a: Zamazenta|65/100|[from] Stealth Rock
|turn|17
|
|t:|1760398570
|switch|p1a: Moltres|Moltres|81/100
|move|p2a: Zamazenta|Body Press|p1a: Moltres
|-resisted|p1a: Moltres
|-damage|p1a: Moltres|69/100
|-status|p2a: Zamazenta|brn|[from] ability: Flame Body|[of] p1a: Moltres
|
|-heal|p2a: Zamazenta|71/100 brn|[from] item: Leftovers
|-damage|p2a: Zamazenta|65/100 brn|[from] brn
|upkeep
|turn|18
|
|t:|1760398581
|move|p2a: Zamazenta|Roar|p1a: Moltres
|drag|p1a: Gholdengo|Gholdengo|61/100
|-damage|p1a: Gholdengo|55/100|[from] Stealth Rock
|
|-heal|p2a: Zamazenta|71/100 brn|[from] item: Leftovers
|-damage|p2a: Zamazenta|65/100 brn|[from] brn
|upkeep
|turn|19
|
|t:|1760398587
|switch|p1a: Moltres|Moltres|69/100
|move|p2a: Zamazenta|Crunch|p1a: Moltres
|-damage|p1a: Moltres|63/100
|
|-heal|p2a: Zamazenta|71/100 brn|[from] item: Leftovers
|-damage|p2a: Zamazenta|65/100 brn|[from] brn
|upkeep
|turn|20
|
|t:|1760398589
|move|p1a: Moltres|Flamethrower|p2a: Zamazenta
|-damage|p2a: Zamazenta|35/100 brn
|move|p2a: Zamazenta|Roar|p1a: Moltres
|drag|p1a: Dragonite|Dragonite, F|100/100
|
|-heal|p2a: Zamazenta|41/100 brn|[from] item: Leftovers
|-damage|p2a: Zamazenta|35/100 brn|[from] brn
|upkeep
|turn|21
|
|t:|1760398595
|move|p1a: Dragonite|Dragon Dance|p1a: Dragonite
|-boost|p1a: Dragonite|atk|1
|-boost|p1a: Dragonite|spe|1
|move|p2a: Zamazenta|Roar|p1a: Dragonite
|drag|p1a: Zamazenta|Zamazenta|32/100
|-damage|p1a: Zamazenta|26/100|[from] Stealth Rock
|
|-heal|p2a: Zamazenta|41/100 brn|[from] item: Leftovers
|-damage|p2a: Zamazenta|35/100 brn|[from] brn
|upkeep
|turn|22
|
|t:|1760398602
|move|p1a: Zamazenta|Close Combat|p2a: Zamazenta
|-damage|p2a: Zamazenta|0 fnt
|-unboost|p1a: Zamazenta|def|1
|-unboost|p1a: Zamazenta|spd|1
|faint|p2a: Zamazenta
|
|upkeep
|j| bolo2323
|l| bolo2323
|
|t:|1760398611
|switch|p2a: Scizor|Scizor, F|22/100
|-damage|p2a: Scizor|10/100|[from] Stealth Rock
|turn|23
|
|t:|1760398623
|-terastallize|p2a: Scizor|Steel
|move|p1a: Zamazenta|Close Combat|p2a: Scizor
|-supereffective|p2a: Scizor
|-damage|p2a: Scizor|0 fnt
|-unboost|p1a: Zamazenta|def|1
|-unboost|p1a: Zamazenta|spd|1
|faint|p2a: Scizor
|
|upkeep
|-message|K3c8ge4 forfeited.
|
|win|Prav33n
|raw|Prav33n's rating: 1733 &rarr; <strong>1758</strong><br />(+25 for winning)
|raw|K3c8ge4's rating: 1828 &rarr; <strong>1803</strong><br />(-25 for losing)
|l|☆K3c8ge4
|player|p2|
