|j|☆showdup
|j|☆TheIcingCreeper
|t:|1760326111
|gametype|singles
|player|p1|showdup|scientist|1443
|player|p2|TheIcingCreeper|valerie|1469
|gen|9
|tier|[Gen 9] OU
|rated|
|rule|HP Percentage Mod: HP is shown in percentages
|rule|Endless Battle Clause: Forcing endless battles is banned
|rule|Species Clause: Limit one of each Pokémon
|rule|OHKO Clause: OHKO moves are banned
|rule|Evasion Items Clause: Evasion items are banned
|rule|Evasion Moves Clause: Evasion moves are banned
|rule|Evasion Abilities Clause: Evasion abilities are banned
|rule|Sleep Moves Clause: Sleep-inducing moves are banned
|clearpoke
|poke|p1|Pelipper, F|
|poke|p1|Hatterene, F|
|poke|p1|Iron Treads|
|poke|p1|Toxicroak, F|
|poke|p1|Barraskewda, F|
|poke|p1|Zapdos|
|poke|p2|Wigglytuff, F|
|poke|p2|Meowscarada, M|
|poke|p2|Corviknight, M|
|poke|p2|Gliscor, M|
|poke|p2|Dondozo, M|
|poke|p2|Dragapult, M|
|teampreview
|inactive|Battle timer is ON: inactive players will automatically lose when time's up. (requested by TheIcingCreeper)
|
|t:|1760326124
|teamsize|p1|6
|teamsize|p2|6
|start
|switch|p1a: Pelipper|Pelipper, F|100/100
|switch|p2a: Mago|Meowscarada, M|100/100
|-weather|RainDance|[from] ability: Drizzle|[of] p1a: Pelipper
|turn|1
|
|t:|1760326127
|switch|p1a: Toxicroak|Toxicroak, F|100/100
|move|p2a: Mago|Thunder Punch|p1a: Toxicroak
|-start|p2a: Mago|typechange|Electric|[from] ability: Protean
|-damage|p1a: Toxicroak|51/100
|-damage|p2a: Mago|84/100|[from] item: Rocky Helmet|[of] p1a: Toxicroak
|
|-weather|RainDance|[upkeep]
|-heal|p1a: Toxicroak|63/100|[from] ability: Dry Skin
|upkeep
|turn|2
|
|t:|1760326134
|switch|p2a: Scar|Gliscor, M, shiny|100/100
|move|p1a: Toxicroak|Knock Off|p2a: Scar
|-damage|p2a: Scar|83/100
|-enditem|p2a: Scar|Toxic Orb|[from] move: Knock Off|[of] p1a: Toxicroak
|
|-weather|RainDance|[upkeep]
|-heal|p1a: Toxicroak|76/100|[from] ability: Dry Skin
|upkeep
|turn|3
|
|t:|1760326138
|switch|p1a: Zapdos|Zapdos|100/100
|move|p2a: Scar|Earthquake|p1a: Zapdos
|-immune|p1a: Zapdos
|
|-weather|RainDance|[upkeep]
|upkeep
|turn|4
|
|t:|1760326144
|move|p2a: Scar|Protect|p2a: Scar
|-singleturn|p2a: Scar|Protect
|move|p1a: Zapdos|Hurricane|p2a: Scar
|-activate|p2a: Scar|move: Protect
|
|-weather|RainDance|[upkeep]
|upkeep
|turn|5
|
|t:|1760326148
|move|p1a: Zapdos|Hurricane|p2a: Scar
|-damage|p2a: Scar|12/100
|move|p2a: Scar|Toxic|p1a: Zapdos
|-status|p1a: Zapdos|tox
|
|-weather|RainDance|[upkeep]
|-damage|p1a: Zapdos|94/100 tox|[from] psn
|upkeep
|turn|6
|
|t:|1760326154
|switch|p1a: Barraskewda|Barraskewda, F|100/100
|move|p2a: Scar|Protect||[still]
|-fail|p2a: Scar
|
|-weather|RainDance|[upkeep]
|upkeep
|turn|7
|
|t:|1760326158
|move|p2a: Scar|Protect|p2a: Scar
|-singleturn|p2a: Scar|Protect
|move|p1a: Barraskewda|Flip Turn|p2a: Scar
|-activate|p2a: Scar|move: Protect
|
|-weather|RainDance|[upkeep]
|upkeep
|turn|8
|
|t:|1760326160
|switch|p2a: Peko|Corviknight, M|100/100
|move|p1a: Barraskewda|Flip Turn|p2a: Peko
|-damage|p2a: Peko|54/100
|-damage|p1a: Barraskewda|84/100|[from] item: Rocky Helmet|[of] p2a: Peko
|
|t:|1760326164
|switch|p1a: Zapdos|Zapdos|94/100 tox|[from] Flip Turn
|
|-weather|none
|-damage|p1a: Zapdos|88/100 tox|[from] psn
|upkeep
|turn|9
|
|t:|1760326168
|switch|p2a: Scar|Gliscor, M, shiny|12/100
|move|p1a: Zapdos|Volt Switch|p2a: Scar
|-immune|p2a: Scar
|
|-damage|p1a: Zapdos|76/100 tox|[from] psn
|upkeep
|turn|10
|
|t:|1760326170
|switch|p1a: Pelipper|Pelipper, F|100/100
|-weather|RainDance|[from] ability: Drizzle|[of] p1a: Pelipper
|move|p2a: Scar|Protect||[still]
|-fail|p2a: Scar
|
|-weather|RainDance|[upkeep]
|upkeep
|turn|11
|
|t:|1760326176
|move|p2a: Scar|Protect|p2a: Scar
|-singleturn|p2a: Scar|Protect
|move|p1a: Pelipper|Hurricane|p2a: Scar
|-activate|p2a: Scar|move: Protect
|
|-weather|RainDance|[upkeep]
|upkeep
|turn|12
|
|t:|1760326180
|switch|p2a: Peko|Corviknight, M|54/100
|move|p1a: Pelipper|Hurricane|p2a: Peko
|-resisted|p2a: Peko
|-damage|p2a: Peko|39/100
|
|-weather|RainDance|[upkeep]
|upkeep
|turn|13
|
|t:|1760326184
|move|p2a: Peko|Roost|p2a: Peko
|-heal|p2a: Peko|89/100
|-singleturn|p2a: Peko|move: Roost
|move|p1a: Pelipper|Knock Off|p2a: Peko
|-damage|p2a: Peko|80/100
|-damage|p1a: Pelipper|84/100|[from] item: Rocky Helmet|[of] p2a: Peko
|-enditem|p2a: Peko|Rocky Helmet|[from] move: Knock Off|[of] p1a: Pelipper
|
|-weather|RainDance|[upkeep]
|upkeep
|turn|14
|
|t:|1760326190
|move|p2a: Peko|Iron Defense|p2a: Peko
|-boost|p2a: Peko|def|2
|move|p1a: Pelipper|U-turn|p2a: Peko
|-resisted|p2a: Peko
|-damage|p2a: Peko|80/100
|
|t:|1760326192
|switch|p1a: Zapdos|Zapdos|76/100 tox|[from] U-turn
|
|-weather|RainDance|[upkeep]
|-damage|p1a: Zapdos|69/100 tox|[from] psn
|upkeep
|turn|15
|
|t:|1760326195
|move|p1a: Zapdos|Weather Ball|p2a: Peko
|-damage|p2a: Peko|19/100
|move|p2a: Peko|Body Press|p1a: Zapdos
|-resisted|p1a: Zapdos
|-damage|p1a: Zapdos|40/100 tox
|-status|p2a: Peko|par|[from] ability: Static|[of] p1a: Zapdos
|
|-weather|RainDance|[upkeep]
|-damage|p1a: Zapdos|28/100 tox|[from] psn
|upkeep
|turn|16
|
|t:|1760326201
|move|p1a: Zapdos|Weather Ball|p2a: Peko
|-damage|p2a: Peko|0 fnt
|faint|p2a: Peko
|
|-weather|RainDance|[upkeep]
|-damage|p1a: Zapdos|9/100 tox|[from] psn
|upkeep
|
|t:|1760326206
|switch|p2a: Mago|Meowscarada, M|84/100
|turn|17
|
|t:|1760326211
|switch|p1a: Toxicroak|Toxicroak, F|76/100
|move|p2a: Mago|Flower Trick|p1a: Toxicroak
|-start|p2a: Mago|typechange|Grass|[from] ability: Protean
|-resisted|p1a: Toxicroak
|-crit|p1a: Toxicroak
|-damage|p1a: Toxicroak|44/100
|
|-weather|none
|upkeep
|turn|18
|
|t:|1760326222
|move|p2a: Mago|Flower Trick|p1a: Toxicroak
|-resisted|p1a: Toxicroak
|-crit|p1a: Toxicroak
|-damage|p1a: Toxicroak|8/100
|move|p1a: Toxicroak|Knock Off|p2a: Mago
|-damage|p2a: Mago|49/100
|-enditem|p2a: Mago|Choice Band|[from] move: Knock Off|[of] p1a: Toxicroak
|
|upkeep
|turn|19
|
|t:|1760326230
|move|p2a: Mago|Flower Trick|p1a: Toxicroak
|-resisted|p1a: Toxicroak
|-crit|p1a: Toxicroak
|-damage|p1a: Toxicroak|0 fnt
|faint|p1a: Toxicroak
|
|upkeep
|
|t:|1760326232
|switch|p1a: Pelipper|Pelipper, F|84/100
|-weather|RainDance|[from] ability: Drizzle|[of] p1a: Pelipper
|turn|20
|
|t:|1760326235
|switch|p1a: Iron Treads|Iron Treads|100/100
|move|p2a: Mago|Thunder Punch|p1a: Iron Treads
|-immune|p1a: Iron Treads
|
|-weather|RainDance|[upkeep]
|upkeep
|turn|21
|
|t:|1760326242
|move|p2a: Mago|Flower Trick|p1a: Iron Treads
|-crit|p1a: Iron Treads
|-damage|p1a: Iron Treads|66/100
|move|p1a: Iron Treads|Stealth Rock|p2a: Mago
|-sidestart|p2: TheIcingCreeper|move: Stealth Rock
|
|-weather|RainDance|[upkeep]
|-heal|p1a: Iron Treads|72/100|[from] item: Leftovers
|upkeep
|turn|22
|
|t:|1760326246
|move|p2a: Mago|Knock Off|p1a: Iron Treads
|-damage|p1a: Iron Treads|50/100
|-enditem|p1a: Iron Treads|Leftovers|[from] move: Knock Off|[of] p2a: Mago
|move|p1a: Iron Treads|Rapid Spin|p2a: Mago
|-damage|p2a: Mago|31/100
|-boost|p1a: Iron Treads|spe|1
|
|-weather|RainDance|[upkeep]
|upkeep
|turn|23
|
|t:|1760326251
|switch|p2a: Shisu|Dondozo, M, shiny|100/100
|-damage|p2a: Shisu|88/100|[from] Stealth Rock
|move|p1a: Iron Treads|Rapid Spin|p2a: Shisu
|-damage|p2a: Shisu|81/100
|-boost|p1a: Iron Treads|spe|1
|
|-weather|RainDance|[upkeep]
|upkeep
|turn|24
|
|t:|1760326253
|move|p1a: Iron Treads|Volt Switch|p2a: Shisu
|-supereffective|p2a: Shisu
|-damage|p2a: Shisu|67/100
|
|t:|1760326257
|-end|p1a: Iron Treads|Quark Drive|[silent]
|switch|p1a: Hatterene|Hatterene, F|100/100|[from] Volt Switch
|move|p2a: Shisu|Curse|p2a: Shisu
|-unboost|p2a: Shisu|spe|1
|-boost|p2a: Shisu|atk|1
|-boost|p2a: Shisu|def|1
|
|-weather|RainDance|[upkeep]
|upkeep
|turn|25
|
|t:|1760326263
|move|p1a: Hatterene|Healing Wish|p1a: Hatterene
|faint|p1a: Hatterene
|move|p2a: Shisu|Curse|p2a: Shisu
|-unboost|p2a: Shisu|spe|1
|-boost|p2a: Shisu|atk|1
|-boost|p2a: Shisu|def|1
|
|-weather|RainDance|[upkeep]
|upkeep
|
|t:|1760326264
|switch|p1a: Zapdos|Zapdos|9/100 tox
|-heal|p1a: Zapdos|100/100|[from] move: Healing Wish
|turn|26
|
|t:|1760326269
|-terastallize|p2a: Shisu|Dragon
|move|p1a: Zapdos|Thunder|p2a: Shisu
|-resisted|p2a: Shisu
|-damage|p2a: Shisu|41/100
|move|p2a: Shisu|Liquidation|p1a: Zapdos
|-damage|p1a: Zapdos|3/100
|-status|p2a: Shisu|par|[from] ability: Static|[of] p1a: Zapdos
|
|-weather|RainDance|[upkeep]
|upkeep
|turn|27
|
|t:|1760326276
|switch|p1a: Iron Treads|Iron Treads|50/100
|switch|p2a: Scar|Gliscor, M, shiny|12/100
|-damage|p2a: Scar|0 fnt|[from] Stealth Rock
|faint|p2a: Scar
|
|-weather|none
|upkeep
|
|t:|1760326278
|switch|p2a: Shisu|Dondozo, M, shiny, tera:Dragon|41/100 par
|-damage|p2a: Shisu|29/100 par|[from] Stealth Rock
|turn|28
|
|t:|1760326285
|move|p1a: Iron Treads|Earthquake|p2a: Shisu
|-damage|p2a: Shisu|7/100 par
|move|p2a: Shisu|Rest|p2a: Shisu
|-status|p2a: Shisu|slp|[from] move: Rest
|-heal|p2a: Shisu|100/100 slp|[silent]
|
|upkeep
|turn|29
|
|t:|1760326289
|move|p1a: Iron Treads|Volt Switch|p2a: Shisu
|-resisted|p2a: Shisu
|-damage|p2a: Shisu|97/100 slp
|
|t:|1760326290
|-end|p1a: Iron Treads|Quark Drive|[silent]
|switch|p1a: Pelipper|Pelipper, F|84/100|[from] Volt Switch
|-weather|RainDance|[from] ability: Drizzle|[of] p1a: Pelipper
|cant|p2a: Shisu|slp
|move|p2a: Shisu|Sleep Talk|p2a: Shisu
|move|p2a: Shisu|Rest||[from] move: Sleep Talk|[still]
|-fail|p2a: Shisu
|
|-weather|RainDance|[upkeep]
|upkeep
|turn|30
|
|t:|1760326294
|switch|p2a: Drage|Dragapult, M|100/100
|-damage|p2a: Drage|88/100|[from] Stealth Rock
|move|p1a: Pelipper|U-turn|p2a: Drage
|-resisted|p2a: Drage
|-damage|p2a: Drage|82/100
|
|t:|1760326297
|switch|p1a: Barraskewda|Barraskewda, F|84/100|[from] U-turn
|
|-weather|RainDance|[upkeep]
|upkeep
|turn|31
|
|t:|1760326303
|switch|p2a: Meruem|Wigglytuff, F|100/100
|-damage|p2a: Meruem|88/100|[from] Stealth Rock
|-terastallize|p1a: Barraskewda|Water
|move|p1a: Barraskewda|Liquidation|p2a: Meruem
|-damage|p2a: Meruem|0 fnt
|faint|p2a: Meruem
|
|-weather|RainDance|[upkeep]
|upkeep
|
|t:|1760326306
|switch|p2a: Shisu|Dondozo, M, shiny, tera:Dragon|97/100 slp
|-damage|p2a: Shisu|85/100 slp|[from] Stealth Rock
|turn|32
|
|t:|1760326315
|move|p1a: Barraskewda|Liquidation|p2a: Shisu
|-resisted|p2a: Shisu
|-damage|p2a: Shisu|44/100 slp
|cant|p2a: Shisu|slp
|move|p2a: Shisu|Sleep Talk|p2a: Shisu
|move|p2a: Shisu|Liquidation|p1a: Barraskewda|[from] move: Sleep Talk
|-resisted|p1a: Barraskewda
|-damage|p1a: Barraskewda|41/100
|
|-weather|RainDance|[upkeep]
|upkeep
|turn|33
|
|t:|1760326336
|switch|p1a: Iron Treads|Iron Treads|50/100
|-curestatus|p2a: Shisu|slp|[msg]
|move|p2a: Shisu|Liquidation|p1a: Iron Treads
|-supereffective|p1a: Iron Treads
|-damage|p1a: Iron Treads|0 fnt
|faint|p1a: Iron Treads
|-end|p1a: Iron Treads|Quark Drive|[silent]
|
|-weather|RainDance|[upkeep]
|upkeep
|
|t:|1760326340
|switch|p1a: Zapdos|Zapdos|3/100
|turn|34
|
|t:|1760326347
|move|p1a: Zapdos|Hurricane|p2a: Shisu
|-damage|p2a: Shisu|0 fnt
|faint|p2a: Shisu
|
|-weather|RainDance|[upkeep]
|upkeep
|
|t:|1760326363
|switch|p2a: Mago|Meowscarada, M|31/100
|-damage|p2a: Mago|18/100|[from] Stealth Rock
|turn|35
|
|t:|1760326365
|move|p2a: Mago|Thunder Punch|p1a: Zapdos
|-start|p2a: Mago|typechange|Electric|[from] ability: Protean
|-damage|p1a: Zapdos|0 fnt
|faint|p1a: Zapdos
|
|-weather|RainDance|[upkeep]
|upkeep
|
|t:|1760326368
|switch|p1a: Barraskewda|Barraskewda, F, tera:Water|41/100
|turn|36
|
|t:|1760326370
|move|p1a: Barraskewda|Liquidation|p2a: Mago
|-damage|p2a: Mago|0 fnt
|faint|p2a: Mago
|
|-weather|none
|upkeep
|
|t:|1760326372
|switch|p2a: Drage|Dragapult, M|82/100
|-damage|p2a: Drage|69/100|[from] Stealth Rock
|turn|37
|
|t:|1760326377
|switch|p1a: Pelipper|Pelipper, F|84/100
|-weather|RainDance|[from] ability: Drizzle|[of] p1a: Pelipper
|move|p2a: Drage|Shadow Ball|p1a: Pelipper
|-damage|p1a: Pelipper|36/100
|
|-weather|RainDance|[upkeep]
|upkeep
|turn|38
|c|☆TheIcingCreeper|Gg!! U win!
|
|t:|1760326385
|move|p2a: Drage|Shadow Ball|p1a: Pelipper
|-damage|p1a: Pelipper|0 fnt
|faint|p1a: Pelipper
|
|-weather|RainDance|[upkeep]
|upkeep
|
|t:|1760326386
|switch|p1a: Barraskewda|Barraskewda, F, tera:Water|41/100
|turn|39
|
|t:|1760326388
|move|p1a: Barraskewda|Liquidation|p2a: Drage
|-resisted|p2a: Drage
|-damage|p2a: Drage|0 fnt
|faint|p2a: Drage
|
|win|showdup
|raw|showdup's rating: 1460 &rarr; <strong>1481</strong><br />(+21 for winning)
|raw|TheIcingCreeper's rating: 1469 &rarr; <strong>1448</strong><br />(-21 for losing)
|l|☆TheIcingCreeper
|player|p2|
|l|☆showdup
|player|p1|
