|j|☆Garg749494
|j|☆sixludicolos
|t:|1760329946
|gametype|singles
|player|p1|Garg749494|101|1137
|player|p2|sixludicolos|roxie|1211
|gen|9
|tier|[Gen 9] OU
|rated|
|rule|HP Percentage Mod: HP is shown in percentages
|rule|Endless Battle Clause: Forcing endless battles is banned
|rule|Species Clause: Limit one of each Pokémon
|rule|OHKO Clause: OHKO moves are banned
|rule|Evasion Items Clause: Evasion items are banned
|rule|Evasion Moves Clause: Evasion moves are banned
|rule|Evasion Abilities Clause: Evasion abilities are banned
|rule|Sleep Moves Clause: Sleep-inducing moves are banned
|clearpoke
|poke|p1|Ribombee, F|
|poke|p1|Inteleon, F|
|poke|p1|Infernape, M|
|poke|p1|Meowscarada, F|
|poke|p1|Forretress, M|
|poke|p1|Enamorus, F|
|poke|p2|Pelipper, F|
|poke|p2|Hatterene, F|
|poke|p2|Iron Treads|
|poke|p2|Toxicroak, F|
|poke|p2|Barraskewda, F|
|poke|p2|Zapdos|
|teampreview
|
|t:|1760329958
|teamsize|p1|6
|teamsize|p2|6
|start
|switch|p1a: Enamorus|Enamorus, F|100/100
|switch|p2a: Pelipper|Pelipper, F|100/100
|-weather|RainDance|[from] ability: Drizzle|[of] p2a: Pelipper
|turn|1
|
|t:|1760329982
|move|p1a: Enamorus|Moonblast|p2a: Pelipper
|-damage|p2a: Pelipper|56/100
|move|p2a: Pelipper|Hurricane|p1a: Enamorus
|-damage|p1a: Enamorus|47/100
|
|-weather|RainDance|[upkeep]
|-heal|p1a: Enamorus|53/100|[from] item: Leftovers
|upkeep
|turn|2
|
|t:|1760329995
|move|p1a: Enamorus|Moonblast|p2a: Pelipper
|-damage|p2a: Pelipper|5/100
|move|p2a: Pelipper|Hurricane|p1a: Enamorus
|-damage|p1a: Enamorus|2/100
|-start|p1a: Enamorus|confusion
|
|-weather|RainDance|[upkeep]
|-heal|p1a: Enamorus|8/100|[from] item: Leftovers
|upkeep
|turn|3
|
|t:|1760330013
|switch|p2a: Hatterene|Hatterene, F|100/100
|-activate|p1a: Enamorus|confusion
|-damage|p1a: Enamorus|0 fnt|[from] confusion
|faint|p1a: Enamorus
|
|-weather|RainDance|[upkeep]
|upkeep
|
|t:|1760330020
|switch|p1a: Inteleon|Inteleon, F|100/100
|turn|4
|
|t:|1760330025
|move|p1a: Inteleon|Substitute|p1a: Inteleon
|-start|p1a: Inteleon|Substitute
|-damage|p1a: Inteleon|76/100
|move|p2a: Hatterene|Healing Wish|p2a: Hatterene
|faint|p2a: Hatterene
|
|-weather|RainDance|[upkeep]
|upkeep
|
|t:|1760330031
|switch|p2a: Pelipper|Pelipper, F|5/100
|-heal|p2a: Pelipper|100/100|[from] move: Healing Wish
|turn|5
|
|t:|1760330041
|move|p1a: Inteleon|Snipe Shot|p2a: Pelipper
|-resisted|p2a: Pelipper
|-crit|p2a: Pelipper
|-damage|p2a: Pelipper|31/100
|move|p2a: Pelipper|U-turn|p1a: Inteleon
|-activate|p1a: Inteleon|move: Substitute|[damage]
|
|t:|1760330056
|switch|p2a: Zapdos|Zapdos|100/100|[from] U-turn
|
|-weather|RainDance|[upkeep]
|upkeep
|turn|6
|
|t:|1760330064
|move|p1a: Inteleon|Snipe Shot|p2a: Zapdos
|-damage|p2a: Zapdos|31/100
|move|p2a: Zapdos|Thunder|p1a: Inteleon
|-supereffective|p1a: Inteleon
|-end|p1a: Inteleon|Substitute
|
|-weather|RainDance|[upkeep]
|upkeep
|turn|7
|
|t:|1760330078
|switch|p2a: Toxicroak|Toxicroak, F|100/100
|move|p1a: Inteleon|Snipe Shot|p2a: Toxicroak
|-immune|p2a: Toxicroak|[from] ability: Dry Skin
|
|-weather|RainDance|[upkeep]
|upkeep
|turn|8
|
|t:|1760330086
|move|p1a: Inteleon|U-turn|p2a: Toxicroak
|-resisted|p2a: Toxicroak
|-damage|p2a: Toxicroak|98/100
|-damage|p1a: Inteleon|59/100|[from] item: Rocky Helmet|[of] p2a: Toxicroak
|
|t:|1760330091
|switch|p1a: Forretress|Forretress, M|100/100|[from] U-turn
|move|p2a: Toxicroak|Toxic|p1a: Forretress
|-immune|p1a: Forretress
|
|-weather|none
|upkeep
|turn|9
|
|t:|1760330096
|move|p2a: Toxicroak|Knock Off|p1a: Forretress
|-damage|p1a: Forretress|87/100
|-damage|p2a: Toxicroak|81/100|[from] item: Rocky Helmet|[of] p1a: Forretress
|-enditem|p1a: Forretress|Rocky Helmet|[from] move: Knock Off|[of] p2a: Toxicroak
|move|p1a: Forretress|Stealth Rock|p2a: Toxicroak
|-sidestart|p2: sixludicolos|move: Stealth Rock
|
|upkeep
|turn|10
|
|t:|1760330115
|switch|p2a: Pelipper|Pelipper, F|31/100
|-damage|p2a: Pelipper|7/100|[from] Stealth Rock
|-weather|RainDance|[from] ability: Drizzle|[of] p2a: Pelipper
|switch|p1a: Infernape|Infernape, M|100/100
|
|-weather|RainDance|[upkeep]
|upkeep
|turn|11
|
|t:|1760330125
|move|p1a: Infernape|Drain Punch|p2a: Pelipper
|-resisted|p2a: Pelipper
|-damage|p2a: Pelipper|0 fnt
|faint|p2a: Pelipper
|
|-weather|RainDance|[upkeep]
|upkeep
|
|t:|1760330131
|switch|p2a: Barraskewda|Barraskewda, F|100/100
|-damage|p2a: Barraskewda|88/100|[from] Stealth Rock
|turn|12
|
|t:|1760330138
|switch|p1a: Forretress|Forretress, M|87/100
|move|p2a: Barraskewda|Liquidation|p1a: Forretress
|-damage|p1a: Forretress|26/100
|
|-weather|RainDance|[upkeep]
|upkeep
|turn|13
|
|t:|1760330148
|-terastallize|p2a: Barraskewda|Water
|move|p2a: Barraskewda|Liquidation|p1a: Forretress
|-damage|p1a: Forretress|0 fnt
|faint|p1a: Forretress
|
|-weather|RainDance|[upkeep]
|upkeep
|
|t:|1760330155
|switch|p1a: Ribombee|Ribombee, F|100/100
|turn|14
|
|t:|1760330159
|move|p2a: Barraskewda|Liquidation|p1a: Ribombee
|-enditem|p1a: Ribombee|Focus Sash
|-damage|p1a: Ribombee|1/100
|move|p1a: Ribombee|Stun Spore|p2a: Barraskewda|[miss]
|-miss|p1a: Ribombee|p2a: Barraskewda
|
|-weather|RainDance|[upkeep]
|upkeep
|turn|15
|
|t:|1760330168
|move|p2a: Barraskewda|Liquidation|p1a: Ribombee
|-damage|p1a: Ribombee|0 fnt
|faint|p1a: Ribombee
|
|-weather|RainDance|[upkeep]
|upkeep
|
|t:|1760330173
|switch|p1a: Meowscarada|Meowscarada, F|100/100
|turn|16
|
|t:|1760330177
|move|p2a: Barraskewda|Liquidation|p1a: Meowscarada
|-resisted|p1a: Meowscarada
|-damage|p1a: Meowscarada|0 fnt
|faint|p1a: Meowscarada
|
|-weather|RainDance|[upkeep]
|upkeep
|
|t:|1760330180
|switch|p1a: Inteleon|Inteleon, F|59/100
|turn|17
|
|t:|1760330185
|move|p2a: Barraskewda|Liquidation|p1a: Inteleon
|-resisted|p1a: Inteleon
|-damage|p1a: Inteleon|0 fnt
|faint|p1a: Inteleon
|
|-weather|none
|upkeep
|-message|Garg749494 forfeited.
|
|win|sixludicolos
|raw|Garg749494's rating: 1137 &rarr; <strong>1117</strong><br />(-20 for losing)
|raw|sixludicolos's rating: 1211 &rarr; <strong>1231</strong><br />(+20 for winning)
|l|☆Garg749494
|player|p1|
|c|☆sixludicolos|gg
|l|☆sixludicolos
|player|p2|
