|j|☆v1rtuegam1ng
|j|☆GhoulBoys
|t:|1760433207
|gametype|singles
|player|p1|v1rtuegam1ng|1|1197
|player|p2|GhoulBoys|1|1134
|gen|9
|tier|[Gen 9] OU
|rated|
|rule|HP Percentage Mod: HP is shown in percentages
|rule|Endless Battle Clause: Forcing endless battles is banned
|rule|Species Clause: Limit one of each Pokémon
|rule|OHKO Clause: OHKO moves are banned
|rule|Evasion Items Clause: Evasion items are banned
|rule|Evasion Moves Clause: Evasion moves are banned
|rule|Evasion Abilities Clause: Evasion abilities are banned
|rule|Sleep Moves Clause: Sleep-inducing moves are banned
|clearpoke
|poke|p1|Leavanny, M|
|poke|p1|Ninetales, M|
|poke|p1|Araquanid, M|
|poke|p1|Torkoal, M|
|poke|p1|Walking Wake|
|poke|p1|Gliscor, F|
|poke|p2|Toxapex, F|
|poke|p2|Primarina, F|
|poke|p2|Great Tusk|
|poke|p2|Dragapult, M|
|poke|p2|Zamazenta-*|
|poke|p2|Hatterene, F|
|teampreview
|inactive|Battle timer is ON: inactive players will automatically lose when time's up. (requested by GhoulBoys)
|
|t:|1760433227
|teamsize|p1|6
|teamsize|p2|6
|start
|switch|p1a: Ninetales|Ninetales, M|100/100
|switch|p2a: Toxapex|Toxapex, F|100/100
|-weather|SunnyDay|[from] ability: Drought|[of] p1a: Ninetales
|turn|1
|
|t:|1760433244
|switch|p1a: Gliscor|Gliscor, F|100/100
|move|p2a: Toxapex|Toxic|p1a: Gliscor
|-status|p1a: Gliscor|tox
|
|-weather|SunnyDay|[upkeep]
|upkeep
|turn|2
|
|t:|1760433251
|move|p1a: Gliscor|Substitute|p1a: Gliscor
|-start|p1a: Gliscor|Substitute
|-damage|p1a: Gliscor|76/100 tox
|move|p2a: Toxapex|Surf|p1a: Gliscor
|-supereffective|p1a: Gliscor
|-end|p1a: Gliscor|Substitute
|
|-weather|SunnyDay|[upkeep]
|-heal|p1a: Gliscor|88/100 tox|[from] ability: Poison Heal
|upkeep
|turn|3
|
|t:|1760433261
|move|p1a: Gliscor|Earthquake|p2a: Toxapex
|-supereffective|p2a: Toxapex
|-damage|p2a: Toxapex|41/100
|move|p2a: Toxapex|Surf|p1a: Gliscor
|-supereffective|p1a: Gliscor
|-damage|p1a: Gliscor|61/100 tox
|
|-weather|SunnyDay|[upkeep]
|-heal|p2a: Toxapex|47/100|[from] item: Black Sludge
|-heal|p1a: Gliscor|74/100 tox|[from] ability: Poison Heal
|upkeep
|turn|4
|
|t:|1760433283
|switch|p2a: Primarina|Primarina, F|100/100
|move|p1a: Gliscor|Earthquake|p2a: Primarina
|-damage|p2a: Primarina|40/100
|
|-weather|SunnyDay|[upkeep]
|-heal|p1a: Gliscor|86/100 tox|[from] ability: Poison Heal
|upkeep
|turn|5
|inactive|GhoulBoys has 120 seconds left.
|
|t:|1760433309
|move|p1a: Gliscor|Earthquake|p2a: Primarina
|-damage|p2a: Primarina|0 fnt
|faint|p2a: Primarina
|
|-weather|SunnyDay|[upkeep]
|-heal|p1a: Gliscor|98/100 tox|[from] ability: Poison Heal
|upkeep
|
|t:|1760433322
|switch|p2a: Hatterene|Hatterene, F|100/100
|turn|6
|
|t:|1760433327
|switch|p1a: Araquanid|Araquanid, M|100/100
|move|p2a: Hatterene|Calm Mind|p2a: Hatterene
|-boost|p2a: Hatterene|spa|1
|-boost|p2a: Hatterene|spd|1
|
|-weather|SunnyDay|[upkeep]
|upkeep
|turn|7
|
|t:|1760433336
|move|p2a: Hatterene|Draining Kiss|p1a: Araquanid
|-damage|p1a: Araquanid|82/100
|move|p1a: Araquanid|Mirror Coat|p2a: Hatterene
|-damage|p2a: Hatterene|60/100
|
|-weather|SunnyDay|[upkeep]
|-heal|p1a: Araquanid|88/100|[from] item: Leftovers
|-heal|p2a: Hatterene|66/100|[from] item: Leftovers
|upkeep
|turn|8
|
|t:|1760433347
|move|p1a: Araquanid|Lunge|p2a: Hatterene
|-damage|p2a: Hatterene|48/100
|-unboost|p2a: Hatterene|atk|1
|move|p2a: Hatterene|Calm Mind|p2a: Hatterene
|-boost|p2a: Hatterene|spa|1
|-boost|p2a: Hatterene|spd|1
|
|-weather|none
|-heal|p1a: Araquanid|94/100|[from] item: Leftovers
|-heal|p2a: Hatterene|54/100|[from] item: Leftovers
|upkeep
|turn|9
|
|t:|1760433358
|move|p1a: Araquanid|Lunge|p2a: Hatterene
|-damage|p2a: Hatterene|38/100
|-unboost|p2a: Hatterene|atk|1
|move|p2a: Hatterene|Draining Kiss|p1a: Araquanid
|-damage|p1a: Araquanid|68/100
|-heal|p2a: Hatterene|59/100|[from] drain|[of] p1a: Araquanid
|
|-heal|p1a: Araquanid|74/100|[from] item: Leftovers
|-heal|p2a: Hatterene|65/100|[from] item: Leftovers
|upkeep
|turn|10
|
|t:|1760433369
|move|p1a: Araquanid|Lunge|p2a: Hatterene
|-damage|p2a: Hatterene|48/100
|-unboost|p2a: Hatterene|atk|1
|move|p2a: Hatterene|Draining Kiss|p1a: Araquanid
|-damage|p1a: Araquanid|48/100
|-heal|p2a: Hatterene|68/100|[from] drain|[of] p1a: Araquanid
|
|-heal|p1a: Araquanid|54/100|[from] item: Leftovers
|-heal|p2a: Hatterene|74/100|[from] item: Leftovers
|upkeep
|turn|11
|
|t:|1760433381
|move|p2a: Hatterene|Draining Kiss|p1a: Araquanid
|-damage|p1a: Araquanid|29/100
|-heal|p2a: Hatterene|95/100|[from] drain|[of] p1a: Araquanid
|move|p1a: Araquanid|Mirror Coat|p2a: Hatterene
|-damage|p2a: Hatterene|41/100
|
|-heal|p1a: Araquanid|35/100|[from] item: Leftovers
|-heal|p2a: Hatterene|47/100|[from] item: Leftovers
|upkeep
|turn|12
|
|t:|1760433393
|switch|p1a: Gliscor|Gliscor, F|98/100 tox
|move|p2a: Hatterene|Draining Kiss|p1a: Gliscor
|-damage|p1a: Gliscor|36/100 tox
|-heal|p2a: Hatterene|90/100|[from] drain|[of] p1a: Gliscor
|
|-heal|p2a: Hatterene|96/100|[from] item: Leftovers
|-heal|p1a: Gliscor|49/100 tox|[from] ability: Poison Heal
|upkeep
|turn|13
|
|t:|1760433405
|move|p1a: Gliscor|Earthquake|p2a: Hatterene
|-damage|p2a: Hatterene|60/100
|move|p2a: Hatterene|Psychic Noise|p1a: Gliscor
|-damage|p1a: Gliscor|0 fnt
|faint|p1a: Gliscor
|
|-heal|p2a: Hatterene|66/100|[from] item: Leftovers
|upkeep
|
|t:|1760433415
|switch|p1a: Leavanny|Leavanny, M|100/100
|turn|14
|
|t:|1760433419
|move|p1a: Leavanny|Knock Off|p2a: Hatterene
|-damage|p2a: Hatterene|32/100
|-enditem|p2a: Hatterene|Leftovers|[from] move: Knock Off|[of] p1a: Leavanny
|-damage|p1a: Leavanny|91/100|[from] item: Life Orb
|move|p2a: Hatterene|Mystical Fire|p1a: Leavanny
|-supereffective|p1a: Leavanny
|-damage|p1a: Leavanny|0 fnt
|faint|p1a: Leavanny
|
|upkeep
|
|t:|1760433429
|switch|p1a: Torkoal|Torkoal, M|100/100
|-weather|SunnyDay|[from] ability: Drought|[of] p1a: Torkoal
|turn|15
|
|t:|1760433441
|switch|p2a: Toxapex|Toxapex, F|80/100
|move|p1a: Torkoal|Clear Smog|p2a: Toxapex
|-resisted|p2a: Toxapex
|-damage|p2a: Toxapex|77/100
|-clearboost|p2a: Toxapex
|
|-weather|SunnyDay|[upkeep]
|-heal|p2a: Toxapex|83/100|[from] item: Black Sludge
|upkeep
|turn|16
|
|t:|1760433451
|move|p2a: Toxapex|Toxic|p1a: Torkoal
|-status|p1a: Torkoal|tox
|move|p1a: Torkoal|Stealth Rock|p2a: Toxapex
|-sidestart|p2: GhoulBoys|move: Stealth Rock
|
|-weather|SunnyDay|[upkeep]
|-heal|p2a: Toxapex|89/100|[from] item: Black Sludge
|-damage|p1a: Torkoal|94/100 tox|[from] psn
|upkeep
|turn|17
|
|t:|1760433470
|switch|p1a: Araquanid|Araquanid, M|35/100
|move|p2a: Toxapex|Surf|p1a: Araquanid
|-heal|p1a: Araquanid|60/100|[from] ability: Water Absorb|[of] p2a: Toxapex
|
|-weather|SunnyDay|[upkeep]
|-heal|p1a: Araquanid|67/100|[from] item: Leftovers
|-heal|p2a: Toxapex|95/100|[from] item: Black Sludge
|upkeep
|turn|18
|
|t:|1760433480
|move|p1a: Araquanid|Lunge|p2a: Toxapex
|-resisted|p2a: Toxapex
|-damage|p2a: Toxapex|88/100
|-unboost|p2a: Toxapex|atk|1
|move|p2a: Toxapex|Toxic|p1a: Araquanid
|-status|p1a: Araquanid|tox
|
|-weather|SunnyDay|[upkeep]
|-heal|p1a: Araquanid|73/100 tox|[from] item: Leftovers
|-heal|p2a: Toxapex|94/100|[from] item: Black Sludge
|-damage|p1a: Araquanid|67/100 tox|[from] psn
|upkeep
|turn|19
|
|t:|1760433496
|switch|p2a: Hatterene|Hatterene, F|32/100
|-damage|p2a: Hatterene|19/100|[from] Stealth Rock
|move|p1a: Araquanid|Sticky Web|p2a: Hatterene
|move|p2a: Hatterene|Sticky Web|p1a: Araquanid|[from] ability: Magic Bounce
|-sidestart|p1: v1rtuegam1ng|move: Sticky Web
|
|-weather|none
|-heal|p1a: Araquanid|73/100 tox|[from] item: Leftovers
|-damage|p1a: Araquanid|60/100 tox|[from] psn
|upkeep
|turn|20
|
|t:|1760433510
|move|p1a: Araquanid|Lunge|p2a: Hatterene
|-damage|p2a: Hatterene|1/100
|-unboost|p2a: Hatterene|atk|1
|move|p2a: Hatterene|Calm Mind|p2a: Hatterene
|-boost|p2a: Hatterene|spa|1
|-boost|p2a: Hatterene|spd|1
|
|-heal|p1a: Araquanid|67/100 tox|[from] item: Leftovers
|-damage|p1a: Araquanid|48/100 tox|[from] psn
|upkeep
|turn|21
|
|t:|1760433521
|move|p1a: Araquanid|Lunge|p2a: Hatterene
|-crit|p2a: Hatterene
|-damage|p2a: Hatterene|0 fnt
|faint|p2a: Hatterene
|
|-heal|p1a: Araquanid|54/100 tox|[from] item: Leftovers
|-damage|p1a: Araquanid|30/100 tox|[from] psn
|upkeep
|
|t:|1760433530
|switch|p2a: Great Tusk|Great Tusk|100/100
|turn|22
|
|t:|1760433536
|move|p2a: Great Tusk|Rapid Spin|p1a: Araquanid
|-damage|p1a: Araquanid|14/100 tox
|-boost|p2a: Great Tusk|spe|1
|-sideend|p2: GhoulBoys|Stealth Rock|[from] move: Rapid Spin|[of] p2a: Great Tusk
|move|p1a: Araquanid|Waterfall|p2a: Great Tusk
|-supereffective|p2a: Great Tusk
|-damage|p2a: Great Tusk|74/100
|
|-heal|p1a: Araquanid|20/100 tox|[from] item: Leftovers
|-damage|p1a: Araquanid|0 fnt|[from] psn
|faint|p1a: Araquanid
|upkeep
|
|t:|1760433540
|switch|p1a: Torkoal|Torkoal, M|94/100 tox
|-activate|p1a: Torkoal|move: Sticky Web
|-unboost|p1a: Torkoal|spe|1
|-weather|SunnyDay|[from] ability: Drought|[of] p1a: Torkoal
|-activate|p2a: Great Tusk|ability: Protosynthesis
|-start|p2a: Great Tusk|protosynthesisspe
|turn|23
|
|t:|1760433562
|move|p2a: Great Tusk|Bulk Up|p2a: Great Tusk
|-boost|p2a: Great Tusk|atk|1
|-boost|p2a: Great Tusk|def|1
|move|p1a: Torkoal|Rapid Spin|p2a: Great Tusk
|-damage|p2a: Great Tusk|71/100
|-boost|p1a: Torkoal|spe|1
|-sideend|p1: v1rtuegam1ng|Sticky Web|[from] move: Rapid Spin|[of] p1a: Torkoal
|
|-weather|SunnyDay|[upkeep]
|-heal|p1a: Torkoal|100/100 tox|[from] item: Leftovers
|-damage|p1a: Torkoal|94/100 tox|[from] psn
|upkeep
|turn|24
|
|t:|1760433574
|move|p2a: Great Tusk|Headlong Rush|p1a: Torkoal
|-supereffective|p1a: Torkoal
|-damage|p1a: Torkoal|8/100 tox
|-unboost|p2a: Great Tusk|def|1
|-unboost|p2a: Great Tusk|spd|1
|move|p1a: Torkoal|Clear Smog|p2a: Great Tusk
|-resisted|p2a: Great Tusk
|-damage|p2a: Great Tusk|60/100
|-clearboost|p2a: Great Tusk
|
|-weather|SunnyDay|[upkeep]
|-heal|p1a: Torkoal|14/100 tox|[from] item: Leftovers
|-damage|p1a: Torkoal|2/100 tox|[from] psn
|upkeep
|turn|25
|
|t:|1760433589
|move|p2a: Great Tusk|Bulk Up|p2a: Great Tusk
|-boost|p2a: Great Tusk|atk|1
|-boost|p2a: Great Tusk|def|1
|move|p1a: Torkoal|Clear Smog|p2a: Great Tusk
|-resisted|p2a: Great Tusk
|-damage|p2a: Great Tusk|54/100
|-clearboost|p2a: Great Tusk
|
|-weather|SunnyDay|[upkeep]
|-heal|p1a: Torkoal|8/100 tox|[from] item: Leftovers
|-damage|p1a: Torkoal|0 fnt|[from] psn
|faint|p1a: Torkoal
|upkeep
|
|t:|1760433593
|switch|p1a: Walking Wake|Walking Wake|100/100
|-activate|p1a: Walking Wake|ability: Protosynthesis
|-start|p1a: Walking Wake|protosynthesisspe
|turn|26
|
|t:|1760433612
|move|p1a: Walking Wake|Hydro Steam|p2a: Great Tusk
|-supereffective|p2a: Great Tusk
|-damage|p2a: Great Tusk|0 fnt
|faint|p2a: Great Tusk
|-end|p2a: Great Tusk|Protosynthesis|[silent]
|
|-weather|SunnyDay|[upkeep]
|upkeep
|
|t:|1760433621
|switch|p2a: Toxapex|Toxapex, F|100/100
|turn|27
|
|t:|1760433626
|-terastallize|p1a: Walking Wake|Steel
|move|p1a: Walking Wake|Hydro Steam|p2a: Toxapex
|-resisted|p2a: Toxapex
|-damage|p2a: Toxapex|67/100
|move|p2a: Toxapex|Toxic|p1a: Walking Wake
|-immune|p1a: Walking Wake
|
|-weather|none
|-end|p1a: Walking Wake|Protosynthesis
|-heal|p2a: Toxapex|73/100|[from] item: Black Sludge
|upkeep
|turn|28
|
|t:|1760433646
|-end|p1a: Walking Wake|Protosynthesis|[silent]
|switch|p1a: Ninetales|Ninetales, M|100/100
|-weather|SunnyDay|[from] ability: Drought|[of] p1a: Ninetales
|move|p2a: Toxapex|Surf|p1a: Ninetales
|-supereffective|p1a: Ninetales
|-damage|p1a: Ninetales|78/100
|
|-weather|SunnyDay|[upkeep]
|-heal|p2a: Toxapex|79/100|[from] item: Black Sludge
|upkeep
|turn|29
|
|t:|1760433659
|move|p1a: Ninetales|Will-O-Wisp|p2a: Toxapex
|-status|p2a: Toxapex|brn
|move|p2a: Toxapex|Surf|p1a: Ninetales
|-supereffective|p1a: Ninetales
|-damage|p1a: Ninetales|57/100
|
|-weather|SunnyDay|[upkeep]
|-heal|p2a: Toxapex|85/100 brn|[from] item: Black Sludge
|-damage|p2a: Toxapex|79/100 brn|[from] brn
|upkeep
|turn|30
|
|t:|1760433671
|move|p1a: Ninetales|Solar Beam||[still]
|-prepare|p1a: Ninetales|Solar Beam
|-anim|p1a: Ninetales|Solar Beam|p2a: Toxapex
|-damage|p2a: Toxapex|56/100 brn
|move|p2a: Toxapex|Toxic|p1a: Ninetales
|-status|p1a: Ninetales|tox
|
|-weather|SunnyDay|[upkeep]
|-heal|p2a: Toxapex|62/100 brn|[from] item: Black Sludge
|-damage|p1a: Ninetales|51/100 tox|[from] psn
|-damage|p2a: Toxapex|56/100 brn|[from] brn
|upkeep
|turn|31
|
|t:|1760433683
|move|p1a: Ninetales|Weather Ball|p2a: Toxapex
|-resisted|p2a: Toxapex
|-damage|p2a: Toxapex|35/100 brn
|move|p2a: Toxapex|Recover|p2a: Toxapex
|-heal|p2a: Toxapex|86/100 brn
|
|-weather|SunnyDay|[upkeep]
|-heal|p2a: Toxapex|92/100 brn|[from] item: Black Sludge
|-damage|p1a: Ninetales|39/100 tox|[from] psn
|-damage|p2a: Toxapex|86/100 brn|[from] brn
|upkeep
|turn|32
|
|t:|1760433695
|switch|p1a: Walking Wake|Walking Wake, tera:Steel|100/100
|-activate|p1a: Walking Wake|ability: Protosynthesis
|-start|p1a: Walking Wake|protosynthesisspe
|move|p2a: Toxapex|Surf|p1a: Walking Wake
|-damage|p1a: Walking Wake|91/100
|
|-weather|SunnyDay|[upkeep]
|-heal|p2a: Toxapex|92/100 brn|[from] item: Black Sludge
|-damage|p2a: Toxapex|86/100 brn|[from] brn
|upkeep
|turn|33
|inactive|GhoulBoys has 120 seconds left.
|
|t:|1760433711
|move|p1a: Walking Wake|Hydro Steam|p2a: Toxapex
|-resisted|p2a: Toxapex
|-damage|p2a: Toxapex|51/100 brn
|move|p2a: Toxapex|Surf|p1a: Walking Wake
|-damage|p1a: Walking Wake|80/100
|
|-weather|SunnyDay|[upkeep]
|-heal|p2a: Toxapex|57/100 brn|[from] item: Black Sludge
|-damage|p2a: Toxapex|51/100 brn|[from] brn
|upkeep
|turn|34
|inactive|GhoulBoys has 120 seconds left.
|
|t:|1760433722
|move|p1a: Walking Wake|Hydro Steam|p2a: Toxapex
|-resisted|p2a: Toxapex
|-damage|p2a: Toxapex|15/100 brn
|move|p2a: Toxapex|Recover|p2a: Toxapex
|-heal|p2a: Toxapex|65/100 brn
|
|-weather|SunnyDay|[upkeep]
|-heal|p2a: Toxapex|71/100 brn|[from] item: Black Sludge
|-damage|p2a: Toxapex|65/100 brn|[from] brn
|upkeep
|turn|35
|inactive|GhoulBoys has 120 seconds left.
|
|t:|1760433733
|move|p1a: Walking Wake|Hydro Steam|p2a: Toxapex
|-resisted|p2a: Toxapex
|-crit|p2a: Toxapex
|-damage|p2a: Toxapex|11/100 brn
|move|p2a: Toxapex|Recover|p2a: Toxapex
|-heal|p2a: Toxapex|61/100 brn
|
|-weather|none
|-end|p1a: Walking Wake|Protosynthesis
|-heal|p2a: Toxapex|67/100 brn|[from] item: Black Sludge
|-damage|p2a: Toxapex|61/100 brn|[from] brn
|upkeep
|turn|36
|inactive|GhoulBoys has 120 seconds left.
|
|t:|1760433744
|-end|p1a: Walking Wake|Protosynthesis|[silent]
|switch|p1a: Ninetales|Ninetales, M|39/100 tox
|-weather|SunnyDay|[from] ability: Drought|[of] p1a: Ninetales
|move|p2a: Toxapex|Recover|p2a: Toxapex
|-heal|p2a: Toxapex|100/100 brn
|
|-weather|SunnyDay|[upkeep]
|-damage|p1a: Ninetales|33/100 tox|[from] psn
|-damage|p2a: Toxapex|95/100 brn|[from] brn
|upkeep
|turn|37
|inactive|GhoulBoys has 120 seconds left.
|
|t:|1760433756
|move|p1a: Ninetales|Solar Beam||[still]
|-prepare|p1a: Ninetales|Solar Beam
|-anim|p1a: Ninetales|Solar Beam|p2a: Toxapex
|-damage|p2a: Toxapex|70/100 brn
|move|p2a: Toxapex|Surf|p1a: Ninetales
|-supereffective|p1a: Ninetales
|-damage|p1a: Ninetales|12/100 tox
|
|-weather|SunnyDay|[upkeep]
|-heal|p2a: Toxapex|76/100 brn|[from] item: Black Sludge
|-damage|p1a: Ninetales|0 fnt|[from] psn
|faint|p1a: Ninetales
|-damage|p2a: Toxapex|70/100 brn|[from] brn
|upkeep
|
|t:|1760433761
|switch|p1a: Walking Wake|Walking Wake, tera:Steel|80/100
|-activate|p1a: Walking Wake|ability: Protosynthesis
|-start|p1a: Walking Wake|protosynthesisspe
|turn|38
|inactive|GhoulBoys has 120 seconds left.
|
|t:|1760433777
|move|p1a: Walking Wake|Hydro Steam|p2a: Toxapex
|-resisted|p2a: Toxapex
|-damage|p2a: Toxapex|35/100 brn
|move|p2a: Toxapex|Surf|p1a: Walking Wake
|-damage|p1a: Walking Wake|68/100
|
|-weather|SunnyDay|[upkeep]
|-heal|p2a: Toxapex|41/100 brn|[from] item: Black Sludge
|-damage|p2a: Toxapex|35/100 brn|[from] brn
|upkeep
|turn|39
|inactive|GhoulBoys has 120 seconds left.
|
|t:|1760433789
|move|p1a: Walking Wake|Hydro Steam|p2a: Toxapex
|-resisted|p2a: Toxapex
|-damage|p2a: Toxapex|0 fnt
|faint|p2a: Toxapex
|
|-weather|SunnyDay|[upkeep]
|upkeep
|inactive|GhoulBoys has 120 seconds left.
|
|t:|1760433803
|switch|p2a: Zamazenta|Zamazenta|100/100
|-ability|p2a: Zamazenta|Dauntless Shield|boost
|-boost|p2a: Zamazenta|def|1
|turn|40
|inactive|GhoulBoys has 120 seconds left.
|
|t:|1760433817
|move|p1a: Walking Wake|Hydro Steam|p2a: Zamazenta
|-damage|p2a: Zamazenta|35/100
|move|p2a: Zamazenta|Iron Defense|p2a: Zamazenta
|-boost|p2a: Zamazenta|def|2
|
|-weather|SunnyDay|[upkeep]
|-heal|p2a: Zamazenta|41/100|[from] item: Leftovers
|upkeep
|turn|41
|inactive|GhoulBoys has 120 seconds left.
|
|t:|1760433827
|move|p1a: Walking Wake|Hydro Steam|p2a: Zamazenta
|-damage|p2a: Zamazenta|0 fnt
|faint|p2a: Zamazenta
|
|-weather|SunnyDay|[upkeep]
|upkeep
|
|t:|1760433834
|switch|p2a: Dragapult|Dragapult, M|100/100
|turn|42
|inactive|GhoulBoys has 120 seconds left.
|
|t:|1760433843
|move|p1a: Walking Wake|Hydro Steam|p2a: Dragapult
|-resisted|p2a: Dragapult
|-damage|p2a: Dragapult|44/100
|move|p2a: Dragapult|Phantom Force||[still]
|-prepare|p2a: Dragapult|Phantom Force
|
|-weather|SunnyDay|[upkeep]
|upkeep
|turn|43
|c|☆v1rtuegam1ng|gg
|
|t:|1760433853
|move|p1a: Walking Wake|Hydro Steam|p2a: Dragapult|[miss]
|-miss|p1a: Walking Wake|p2a: Dragapult
|move|p2a: Dragapult|Phantom Force|p1a: Walking Wake|[from] lockedmove
|-damage|p1a: Walking Wake|27/100
|
|-weather|none
|-end|p1a: Walking Wake|Protosynthesis
|upkeep
|turn|44
|inactive|GhoulBoys has 120 seconds left.
|
|t:|1760433869
|move|p2a: Dragapult|Phantom Force||[still]
|-prepare|p2a: Dragapult|Phantom Force
|move|p1a: Walking Wake|Hydro Steam|p2a: Dragapult|[miss]
|-miss|p1a: Walking Wake|p2a: Dragapult
|
|upkeep
|turn|45
|
|t:|1760433876
|move|p2a: Dragapult|Phantom Force|p1a: Walking Wake|[from] lockedmove
|-damage|p1a: Walking Wake|0 fnt
|faint|p1a: Walking Wake
|-end|p1a: Walking Wake|Protosynthesis|[silent]
|
|win|GhoulBoys
|raw|v1rtuegam1ng's rating: 1197 &rarr; <strong>1168</strong><br />(-29 for losing)
|raw|GhoulBoys's rating: 1134 &rarr; <strong>1163</strong><br />(+29 for winning)
|l|☆v1rtuegam1ng
|player|p1|
|l|☆GhoulBoys
|player|p2|
