|j|☆MVL4
|j|☆V1olet Gu4rd
|t:|1760311264
|gametype|singles
|player|p1|MVL4|266|1134
|player|p2|V1olet Gu4rd|steven-masters2|1165
|gen|9
|tier|[Gen 9] OU
|rated|
|rule|HP Percentage Mod: HP is shown in percentages
|rule|Endless Battle Clause: Forcing endless battles is banned
|rule|Species Clause: Limit one of each Pokémon
|rule|OHKO Clause: OHKO moves are banned
|rule|Evasion Items Clause: Evasion items are banned
|rule|Evasion Moves Clause: Evasion moves are banned
|rule|Evasion Abilities Clause: Evasion abilities are banned
|rule|Sleep Moves Clause: Sleep-inducing moves are banned
|clearpoke
|poke|p1|Dragapult, F|
|poke|p1|Corviknight, M|
|poke|p1|Heatran, M|
|poke|p1|Rillaboom, M|
|poke|p1|Crawdaunt, M|
|poke|p1|Excadrill, F|
|poke|p2|Cinderace, M|
|poke|p2|Clefable, M|
|poke|p2|Darkrai|
|poke|p2|Rillaboom, F|
|poke|p2|Conkeldurr, F|
|poke|p2|Blastoise, F|
|teampreview
|inactive|Battle timer is ON: inactive players will automatically lose when time's up. (requested by V1olet Gu4rd)
|
|t:|1760311293
|teamsize|p1|6
|teamsize|p2|6
|start
|switch|p1a: Corviknight|Corviknight, M|100/100
|switch|p2a: Blastoise|Blastoise, F|100/100
|turn|1
|
|t:|1760311303
|move|p2a: Blastoise|Shell Smash|p2a: Blastoise
|-unboost|p2a: Blastoise|def|1
|-unboost|p2a: Blastoise|spd|1
|-boost|p2a: Blastoise|atk|2
|-boost|p2a: Blastoise|spa|2
|-boost|p2a: Blastoise|spe|2
|-enditem|p2a: Blastoise|White Herb
|-clearnegativeboost|p2a: Blastoise|[silent]
|move|p1a: Corviknight|Light Screen|p1a: Corviknight
|-sidestart|p1: MVL4|move: Light Screen
|
|upkeep
|turn|2
|
|t:|1760311313
|move|p2a: Blastoise|Shell Smash|p2a: Blastoise
|-unboost|p2a: Blastoise|def|1
|-unboost|p2a: Blastoise|spd|1
|-boost|p2a: Blastoise|atk|2
|-boost|p2a: Blastoise|spa|2
|-boost|p2a: Blastoise|spe|2
|move|p1a: Corviknight|Reflect|p1a: Corviknight
|-sidestart|p1: MVL4|Reflect
|
|upkeep
|turn|3
|
|t:|1760311325
|switch|p1a: Rillaboom|Rillaboom, M|100/100
|-fieldstart|move: Grassy Terrain|[from] ability: Grassy Surge|[of] p1a: Rillaboom
|move|p2a: Blastoise|Ice Beam|p1a: Rillaboom
|-supereffective|p1a: Rillaboom
|-damage|p1a: Rillaboom|6/100
|
|-heal|p1a: Rillaboom|12/100|[from] Grassy Terrain
|upkeep
|turn|4
|
|t:|1760311337
|move|p1a: Rillaboom|Grassy Glide|p2a: Blastoise
|-supereffective|p2a: Blastoise
|-damage|p2a: Blastoise|0 fnt
|faint|p2a: Blastoise
|
|-heal|p1a: Rillaboom|18/100|[from] Grassy Terrain
|upkeep
|
|t:|1760311344
|switch|p2a: Cinderace|Cinderace, M|100/100
|turn|5
|
|t:|1760311352
|switch|p1a: Crawdaunt|Crawdaunt, M|100/100
|move|p2a: Cinderace|U-turn|p1a: Crawdaunt
|-start|p2a: Cinderace|typechange|Bug|[from] ability: Libero
|-supereffective|p1a: Crawdaunt
|-damage|p1a: Crawdaunt|50/100
|
|t:|1760311360
|switch|p2a: Rillaboom|Rillaboom, F|100/100|[from] U-turn
|
|-heal|p1a: Crawdaunt|56/100|[from] Grassy Terrain
|-sideend|p1: MVL4|move: Light Screen
|upkeep
|turn|6
|
|t:|1760311371
|switch|p1a: Heatran|Heatran, M|100/100
|move|p2a: Rillaboom|U-turn|p1a: Heatran
|-resisted|p1a: Heatran
|-damage|p1a: Heatran|98/100
|
|t:|1760311378
|switch|p2a: Conkeldurr|Conkeldurr, F|100/100|[from] U-turn
|
|-heal|p1a: Heatran|100/100|[from] Grassy Terrain
|-sideend|p1: MVL4|Reflect
|-status|p2a: Conkeldurr|brn|[from] item: Flame Orb
|upkeep
|turn|7
|
|t:|1760311404
|move|p1a: Heatran|Stealth Rock|p2a: Conkeldurr
|-sidestart|p2: V1olet Gu4rd|move: Stealth Rock
|move|p2a: Conkeldurr|Drain Punch|p1a: Heatran
|-supereffective|p1a: Heatran
|-damage|p1a: Heatran|0 fnt
|faint|p1a: Heatran
|
|-damage|p2a: Conkeldurr|94/100 brn|[from] brn
|-fieldend|move: Grassy Terrain
|upkeep
|inactive|MVL4 has 120 seconds left.
|
|t:|1760311420
|switch|p1a: Dragapult|Dragapult, F|100/100
|turn|8
|
|t:|1760311428
|move|p1a: Dragapult|Dragon Dance|p1a: Dragapult
|-boost|p1a: Dragapult|atk|1
|-boost|p1a: Dragapult|spe|1
|move|p2a: Conkeldurr|Earthquake|p1a: Dragapult
|-damage|p1a: Dragapult|16/100
|
|-damage|p2a: Conkeldurr|88/100 brn|[from] brn
|upkeep
|turn|9
|
|t:|1760311437
|switch|p2a: Clefable|Clefable, M|100/100
|-terastallize|p1a: Dragapult|Dragon
|move|p1a: Dragapult|Dragon Darts|p2a: Clefable
|-immune|p2a: Clefable
|
|upkeep
|turn|10
|
|t:|1760311445
|move|p1a: Dragapult|Phantom Force||[still]
|-prepare|p1a: Dragapult|Phantom Force
|move|p2a: Clefable|Draining Kiss|p1a: Dragapult|[miss]
|-miss|p2a: Clefable|p1a: Dragapult
|
|upkeep
|turn|11
|
|t:|1760311450
|move|p1a: Dragapult|Phantom Force|p2a: Clefable|[from] lockedmove
|-damage|p2a: Clefable|23/100
|move|p2a: Clefable|Draining Kiss|p1a: Dragapult
|-supereffective|p1a: Dragapult
|-damage|p1a: Dragapult|0 fnt
|-heal|p2a: Clefable|32/100|[from] drain|[of] p1a: Dragapult
|faint|p1a: Dragapult
|
|upkeep
|
|t:|1760311466
|switch|p1a: Excadrill|Excadrill, F|100/100
|-ability|p1a: Excadrill|Mold Breaker
|turn|12
|
|t:|1760311474
|move|p1a: Excadrill|Iron Head|p2a: Clefable
|-supereffective|p2a: Clefable
|-damage|p2a: Clefable|0 fnt
|faint|p2a: Clefable
|
|upkeep
|
|t:|1760311479
|switch|p2a: Cinderace|Cinderace, M|100/100
|turn|13
|
|t:|1760311492
|switch|p1a: Crawdaunt|Crawdaunt, M|56/100
|move|p2a: Cinderace|U-turn|p1a: Crawdaunt
|-start|p2a: Cinderace|typechange|Bug|[from] ability: Libero
|-supereffective|p1a: Crawdaunt
|-damage|p1a: Crawdaunt|0 fnt
|faint|p1a: Crawdaunt
|
|t:|1760311501
|switch|p2a: Conkeldurr|Conkeldurr, F|88/100 brn|[from] U-turn
|-damage|p2a: Conkeldurr|82/100 brn|[from] Stealth Rock
|
|-damage|p2a: Conkeldurr|76/100 brn|[from] brn
|upkeep
|
|t:|1760311508
|switch|p1a: Rillaboom|Rillaboom, M|18/100
|-fieldstart|move: Grassy Terrain|[from] ability: Grassy Surge|[of] p1a: Rillaboom
|turn|14
|
|t:|1760311514
|move|p2a: Conkeldurr|Mach Punch|p1a: Rillaboom
|-damage|p1a: Rillaboom|0 fnt
|faint|p1a: Rillaboom
|
|-heal|p2a: Conkeldurr|82/100 brn|[from] Grassy Terrain
|-damage|p2a: Conkeldurr|76/100 brn|[from] brn
|upkeep
|-message|MVL4 forfeited.
|
|win|V1olet Gu4rd
|raw|MVL4's rating: 1134 &rarr; <strong>1111</strong><br />(-23 for losing)
|raw|V1olet Gu4rd's rating: 1165 &rarr; <strong>1188</strong><br />(+23 for winning)
|l|☆MVL4
|player|p1|
|c|☆V1olet Gu4rd|!showteam
|c| V1olet Gu4rd|/raw <div class="infobox"><details><summary>View team</summary>Cinderace @ Heavy-Duty Boots  <br />Ability: Libero  <br />Tera Type: Fire  <br />EVs: 32 HP &#x2f; 252 Atk &#x2f; 224 Spe  <br />Jolly Nature  <br />- Court Change  <br />- Pyro Ball  <br />- U-turn  <br />- Iron Head  <br /><br />Clefable @ Life Orb  <br />Ability: Magic Guard  <br />Tera Type: Fairy  <br />EVs: 248 HP &#x2f; 8 Def &#x2f; 252 SpA  <br />Modest Nature  <br />IVs: 0 Atk  <br />- Draining Kiss  <br />- Calm Mind  <br />- Stored Power  <br />- Cosmic Power  <br /><br />Darkrai @ Life Orb  <br />Ability: Bad Dreams  <br />Tera Type: Dark  <br />EVs: 40 HP &#x2f; 252 SpA &#x2f; 216 Spe  <br />Timid Nature  <br />IVs: 0 Atk  <br />- Nasty Plot  <br />- Dark Pulse  <br />- Ice Beam  <br />- Sludge Bomb  <br /><br />Rillaboom @ Leftovers  <br />Ability: Grassy Surge  <br />Tera Type: Grass  <br />EVs: 112 HP &#x2f; 252 Atk &#x2f; 4 SpD &#x2f; 140 Spe  <br />Adamant Nature  <br />- U-turn  <br />- Grassy Glide  <br />- High Horsepower  <br />- Knock Off  <br /><br />Conkeldurr @ Flame Orb  <br />Ability: Guts  <br />Tera Type: Fighting  <br />EVs: 128 HP &#x2f; 252 Atk &#x2f; 128 Spe  <br />Jolly Nature  <br />- Bulk Up  <br />- Mach Punch  <br />- Drain Punch  <br />- Earthquake  <br /><br />Blastoise @ White Herb  <br />Ability: Torrent  <br />Tera Type: Water  <br />EVs: 168 HP &#x2f; 252 SpA &#x2f; 88 Spe  <br />Modest Nature  <br />IVs: 0 Atk  <br />- Shell Smash  <br />- Surf  <br />- Aura Sphere  <br />- Ice Beam  <br /><br /></details></div>
