|j|☆raichu a luv songg
|j|☆miguelon18
|t:|1760366226
|gametype|singles
|player|p1|raichu a luv songg|101|1455
|player|p2|miguelon18|1|1495
|gen|9
|tier|[Gen 9] OU
|rated|
|rule|HP Percentage Mod: HP is shown in percentages
|rule|Endless Battle Clause: Forcing endless battles is banned
|rule|Species Clause: Limit one of each Pokémon
|rule|OHKO Clause: OHKO moves are banned
|rule|Evasion Items Clause: Evasion items are banned
|rule|Evasion Moves Clause: Evasion moves are banned
|rule|Evasion Abilities Clause: Evasion abilities are banned
|rule|Sleep Moves Clause: Sleep-inducing moves are banned
|clearpoke
|poke|p1|Greninja-*, F|
|poke|p1|Gliscor, F|
|poke|p1|Cyclizar, M|
|poke|p1|Clefable, F|
|poke|p1|Dondozo, M|
|poke|p1|Zapdos|
|poke|p2|Blaziken, M|
|poke|p2|Zapdos|
|poke|p2|Glimmora, F|
|poke|p2|Kingambit, F|
|poke|p2|Alomomola, F|
|poke|p2|Clefable, M|
|teampreview
|inactive|Battle timer is ON: inactive players will automatically lose when time's up. (requested by raichu a luv songg)
|
|t:|1760366250
|teamsize|p1|6
|teamsize|p2|6
|start
|switch|p1a: Gliscor|Gliscor, F|100/100
|switch|p2a: Glimmora|Glimmora, F|100/100
|turn|1
|
|t:|1760366258
|move|p2a: Glimmora|Power Gem|p1a: Gliscor
|-damage|p1a: Gliscor|58/100
|move|p1a: Gliscor|Earthquake|p2a: Glimmora
|-supereffective|p2a: Glimmora
|-enditem|p2a: Glimmora|Focus Sash
|-damage|p2a: Glimmora|1/100
|-activate|p2a: Glimmora|ability: Toxic Debris
|-sidestart|p1: raichu a luv songg|move: Toxic Spikes
|
|-status|p1a: Gliscor|tox|[from] item: Toxic Orb
|upkeep
|turn|2
|
|t:|1760366269
|move|p2a: Glimmora|Stealth Rock|p1a: Gliscor
|-sidestart|p1: raichu a luv songg|move: Stealth Rock
|move|p1a: Gliscor|Earthquake|p2a: Glimmora
|-supereffective|p2a: Glimmora
|-damage|p2a: Glimmora|0 fnt
|-activate|p2a: Glimmora|ability: Toxic Debris
|-sidestart|p1: raichu a luv songg|move: Toxic Spikes
|faint|p2a: Glimmora
|
|-heal|p1a: Gliscor|70/100 tox|[from] ability: Poison Heal
|upkeep
|
|t:|1760366280
|switch|p2a: Alomomola|Alomomola, F|100/100
|turn|3
|
|t:|1760366286
|move|p1a: Gliscor|Spikes|p2a: Alomomola
|-sidestart|p2: miguelon18|Spikes
|move|p2a: Alomomola|Flip Turn|p1a: Gliscor
|-supereffective|p1a: Gliscor
|-damage|p1a: Gliscor|49/100 tox
|
|t:|1760366293
|switch|p2a: Zapdos|Zapdos|100/100|[from] Flip Turn
|
|-heal|p1a: Gliscor|61/100 tox|[from] ability: Poison Heal
|upkeep
|turn|4
|
|t:|1760366299
|move|p1a: Gliscor|Protect|p1a: Gliscor
|-singleturn|p1a: Gliscor|Protect
|move|p2a: Zapdos|Hurricane|p1a: Gliscor
|-activate|p1a: Gliscor|move: Protect
|
|-heal|p1a: Gliscor|74/100 tox|[from] ability: Poison Heal
|upkeep
|turn|5
|
|t:|1760366306
|move|p2a: Zapdos|Hurricane|p1a: Gliscor
|-damage|p1a: Gliscor|19/100 tox
|-start|p1a: Gliscor|confusion
|-activate|p1a: Gliscor|confusion
|move|p1a: Gliscor|Toxic|p2a: Zapdos
|-status|p2a: Zapdos|tox
|
|-damage|p2a: Zapdos|94/100 tox|[from] psn
|-heal|p1a: Gliscor|32/100 tox|[from] ability: Poison Heal
|upkeep
|turn|6
|
|t:|1760366315
|-activate|p1a: Gliscor|confusion
|-damage|p1a: Gliscor|24/100 tox|[from] confusion
|move|p2a: Zapdos|Hurricane|p1a: Gliscor|[miss]
|-miss|p2a: Zapdos|p1a: Gliscor
|
|-damage|p2a: Zapdos|82/100 tox|[from] psn
|-heal|p1a: Gliscor|36/100 tox|[from] ability: Poison Heal
|upkeep
|turn|7
|
|t:|1760366323
|-activate|p1a: Gliscor|confusion
|move|p1a: Gliscor|Protect|p1a: Gliscor
|-singleturn|p1a: Gliscor|Protect
|move|p2a: Zapdos|Hurricane|p1a: Gliscor
|-activate|p1a: Gliscor|move: Protect
|
|-damage|p2a: Zapdos|63/100 tox|[from] psn
|-heal|p1a: Gliscor|49/100 tox|[from] ability: Poison Heal
|upkeep
|turn|8
|
|t:|1760366331
|switch|p1a: Cyclizar|Cyclizar, M|100/100
|-status|p1a: Cyclizar|tox
|-damage|p1a: Cyclizar|88/100 tox|[from] Stealth Rock
|move|p2a: Zapdos|Hurricane|p1a: Cyclizar|[miss]
|-miss|p2a: Zapdos|p1a: Cyclizar
|
|-damage|p2a: Zapdos|38/100 tox|[from] psn
|-damage|p1a: Cyclizar|82/100 tox|[from] psn
|upkeep
|turn|9
|
|t:|1760366340
|move|p2a: Zapdos|Hurricane|p1a: Cyclizar|[miss]
|-miss|p2a: Zapdos|p1a: Cyclizar
|move|p1a: Cyclizar|Rapid Spin|p2a: Zapdos
|-damage|p2a: Zapdos|18/100 tox
|-boost|p1a: Cyclizar|spe|1
|-sideend|p1: raichu a luv songg|Toxic Spikes|[from] move: Rapid Spin|[of] p1a: Cyclizar
|-sideend|p1: raichu a luv songg|Stealth Rock|[from] move: Rapid Spin|[of] p1a: Cyclizar
|
|-damage|p2a: Zapdos|0 fnt|[from] psn
|faint|p2a: Zapdos
|-damage|p1a: Cyclizar|70/100 tox|[from] psn
|upkeep
|-message|miguelon18 forfeited.
|
|win|raichu a luv songg
|raw|raichu a luv songg's rating: 1455 &rarr; <strong>1477</strong><br />(+22 for winning)
|raw|miguelon18's rating: 1495 &rarr; <strong>1473</strong><br />(-22 for losing)
|l|☆miguelon18
|player|p2|
