|j|☆m709lkjo
|j|☆joven alex
|t:|1760407224
|gametype|singles
|player|p1|m709lkjo|102|1398
|player|p2|joven alex|youngster-gen4dp|1384
|gen|9
|tier|[Gen 9] OU
|rated|
|rule|HP Percentage Mod: HP is shown in percentages
|rule|Endless Battle Clause: Forcing endless battles is banned
|rule|Species Clause: Limit one of each Pokémon
|rule|OHKO Clause: OHKO moves are banned
|rule|Evasion Items Clause: Evasion items are banned
|rule|Evasion Moves Clause: Evasion moves are banned
|rule|Evasion Abilities Clause: Evasion abilities are banned
|rule|Sleep Moves Clause: Sleep-inducing moves are banned
|clearpoke
|poke|p1|Garchomp, M|
|poke|p1|Drifblim, F|
|poke|p1|Zoroark-Hisui, F|
|poke|p1|Blaziken, M|
|poke|p1|Garganacl, F|
|poke|p1|Alomomola, F|
|poke|p2|Galvantula, M|
|poke|p2|Sinistcha|
|poke|p2|Great Tusk|
|poke|p2|Ninetales-Alola, F|
|poke|p2|Samurott-Hisui, M|
|poke|p2|Heatran, M|
|teampreview
|c|☆m709lkjo|gl hf
|
|t:|1760407247
|teamsize|p1|6
|teamsize|p2|6
|start
|switch|p1a: Blaziken|Blaziken, M|100/100
|switch|p2a: Galvantula|Galvantula, M|100/100
|turn|1
|
|t:|1760407255
|move|p2a: Galvantula|Thunder|p1a: Blaziken
|-damage|p1a: Blaziken|29/100
|move|p1a: Blaziken|Flare Blitz|p2a: Galvantula
|-supereffective|p2a: Galvantula
|-enditem|p2a: Galvantula|Focus Sash
|-damage|p2a: Galvantula|1/100
|-damage|p1a: Blaziken|0 fnt|[from] Recoil
|faint|p1a: Blaziken
|
|upkeep
|
|t:|1760407264
|switch|p1a: Alomomola|Alomomola, F|100/100
|turn|2
|
|t:|1760407268
|move|p1a: Alomomola|Aqua Jet|p2a: Galvantula
|-damage|p2a: Galvantula|0 fnt
|faint|p2a: Galvantula
|
|upkeep
|
|t:|1760407276
|switch|p2a: Samurott|Samurott-Hisui, M|100/100
|turn|3
|
|t:|1760407283
|move|p2a: Samurott|Ceaseless Edge|p1a: Alomomola
|-damage|p1a: Alomomola|73/100
|-sidestart|p1: m709lkjo|Spikes
|move|p1a: Alomomola|Flip Turn|p2a: Samurott
|-resisted|p2a: Samurott
|-crit|p2a: Samurott
|-damage|p2a: Samurott|86/100
|
|t:|1760407286
|switch|p1a: Garchomp|Garchomp, M|100/100|[from] Flip Turn
|-damage|p1a: Garchomp|88/100|[from] Spikes
|
|upkeep
|turn|4
|
|t:|1760407296
|switch|p2a: Ninetales|Ninetales-Alola, F|100/100
|-weather|Snowscape|[from] ability: Snow Warning|[of] p2a: Ninetales
|move|p1a: Garchomp|Swords Dance|p1a: Garchomp
|-boost|p1a: Garchomp|atk|2
|
|-weather|Snowscape|[upkeep]
|upkeep
|turn|5
|
|t:|1760407318
|-terastallize|p1a: Garchomp|Steel
|move|p2a: Ninetales|Blizzard|p1a: Garchomp
|-resisted|p1a: Garchomp
|-damage|p1a: Garchomp|66/100
|move|p1a: Garchomp|Swords Dance|p1a: Garchomp
|-boost|p1a: Garchomp|atk|2
|
|-weather|Snowscape|[upkeep]
|upkeep
|turn|6
|
|t:|1760407328
|move|p2a: Ninetales|Encore|p1a: Garchomp
|-start|p1a: Garchomp|Encore
|move|p1a: Garchomp|Swords Dance|p1a: Garchomp
|-boost|p1a: Garchomp|atk|2
|
|-weather|Snowscape|[upkeep]
|upkeep
|turn|7
|
|t:|1760407341
|switch|p2a: Great Tusk|Great Tusk|100/100
|switch|p1a: Alomomola|Alomomola, F|100/100
|-damage|p1a: Alomomola|88/100|[from] Spikes
|
|-weather|Snowscape|[upkeep]
|upkeep
|turn|8
|
|t:|1760407352
|-end|p2a: Great Tusk|Protosynthesis|[silent]
|switch|p2a: Ninetales|Ninetales-Alola, F|100/100
|move|p1a: Alomomola|Flip Turn|p2a: Ninetales
|-damage|p2a: Ninetales|84/100
|
|t:|1760407357
|switch|p1a: Garchomp|Garchomp, M, tera:Steel|66/100|[from] Flip Turn
|-damage|p1a: Garchomp|53/100|[from] Spikes
|
|-weather|none
|upkeep
|turn|9
|
|t:|1760407367
|switch|p2a: Samurott|Samurott-Hisui, M|86/100
|move|p1a: Garchomp|Iron Head|p2a: Samurott
|-resisted|p2a: Samurott
|-damage|p2a: Samurott|57/100
|
|upkeep
|turn|10
|
|t:|1760407375
|move|p2a: Samurott|Ceaseless Edge|p1a: Garchomp
|-damage|p1a: Garchomp|13/100
|-damage|p2a: Samurott|44/100|[from] ability: Rough Skin|[of] p1a: Garchomp
|-sidestart|p1: m709lkjo|Spikes
|move|p1a: Garchomp|Scale Shot|p2a: Samurott
|-damage|p2a: Samurott|25/100
|-damage|p2a: Samurott|8/100
|-damage|p2a: Samurott|0 fnt
|faint|p2a: Samurott
|-hitcount|p2: Samurott|3
|-unboost|p1a: Garchomp|def|1
|-boost|p1a: Garchomp|spe|1
|
|upkeep
|
|t:|1760407391
|switch|p2a: Sinistcha|Sinistcha|100/100
|turn|11
|
|t:|1760407397
|move|p1a: Garchomp|Scale Shot|p2a: Sinistcha
|-damage|p2a: Sinistcha|89/100
|-damage|p2a: Sinistcha|76/100
|-damage|p2a: Sinistcha|63/100
|-damage|p2a: Sinistcha|51/100
|-hitcount|p2a: Sinistcha|4
|-unboost|p1a: Garchomp|def|1
|-boost|p1a: Garchomp|spe|1
|move|p2a: Sinistcha|Shadow Ball|p1a: Garchomp
|-damage|p1a: Garchomp|0 fnt
|faint|p1a: Garchomp
|
|-heal|p2a: Sinistcha|57/100|[from] item: Leftovers
|upkeep
|
|t:|1760407403
|switch|p1a: Alomomola|Alomomola, F|100/100
|-damage|p1a: Alomomola|84/100|[from] Spikes
|turn|12
|
|t:|1760407417
|switch|p2a: Ninetales|Ninetales-Alola, F|84/100
|-weather|Snowscape|[from] ability: Snow Warning|[of] p2a: Ninetales
|move|p1a: Alomomola|Shadow Ball|p2a: Ninetales
|-damage|p2a: Ninetales|34/100
|
|-weather|Snowscape|[upkeep]
|upkeep
|turn|13
|
|t:|1760407426
|move|p1a: Alomomola|Shadow Ball|p2a: Ninetales
|-damage|p2a: Ninetales|0 fnt
|faint|p2a: Ninetales
|
|-weather|Snowscape|[upkeep]
|upkeep
|
|t:|1760407434
|switch|p2a: Great Tusk|Great Tusk|100/100
|turn|14
|
|t:|1760407443
|switch|p1a: Drifblim|Drifblim, F|100/100
|move|p2a: Great Tusk|Knock Off|p1a: Drifblim
|-supereffective|p1a: Drifblim
|-crit|p1a: Drifblim
|-damage|p1a: Drifblim|20/100
|-enditem|p1a: Drifblim|Heavy-Duty Boots|[from] move: Knock Off|[of] p2a: Great Tusk
|
|-weather|Snowscape|[upkeep]
|upkeep
|turn|15
|
|t:|1760407451
|move|p1a: Drifblim|Strength Sap|p2a: Great Tusk
|-unboost|p2a: Great Tusk|atk|1
|-heal|p1a: Drifblim|98/100
|move|p2a: Great Tusk|Knock Off|p1a: Drifblim
|-supereffective|p1a: Drifblim
|-damage|p1a: Drifblim|72/100
|
|-weather|Snowscape|[upkeep]
|upkeep
|turn|16
|
|t:|1760407461
|-end|p2a: Great Tusk|Protosynthesis|[silent]
|switch|p2a: Heatran|Heatran, M|100/100
|-item|p2a: Heatran|Air Balloon
|move|p1a: Drifblim|Defog|p2a: Heatran
|-unboost|p2a: Heatran|evasion|1
|-sideend|p1: m709lkjo|Spikes|[from] move: Defog|[of] p1a: Drifblim
|
|-weather|none
|upkeep
|turn|17
|
|t:|1760407472
|switch|p1a: Alomomola|Alomomola, F|100/100
|move|p2a: Heatran|Lava Plume|p1a: Alomomola
|-resisted|p1a: Alomomola
|-damage|p1a: Alomomola|88/100
|
|upkeep
|turn|18
|
|t:|1760407483
|-terastallize|p2a: Heatran|Grass
|move|p2a: Heatran|Tera Blast|p1a: Alomomola|[anim] Tera Blast Grass
|-supereffective|p1a: Alomomola
|-damage|p1a: Alomomola|35/100
|move|p1a: Alomomola|Flip Turn|p2a: Heatran
|-resisted|p2a: Heatran
|-damage|p2a: Heatran|94/100
|-enditem|p2a: Heatran|Air Balloon
|
|t:|1760407516
|switch|p1a: Garganacl|Garganacl, F|100/100|[from] Flip Turn
|
|upkeep
|turn|19
|
|t:|1760407523
|move|p2a: Heatran|Tera Blast|p1a: Garganacl|[anim] Tera Blast Grass
|-supereffective|p1a: Garganacl
|-damage|p1a: Garganacl|41/100
|move|p1a: Garganacl|Salt Cure|p2a: Heatran
|-damage|p2a: Heatran|81/100
|-start|p2a: Heatran|Salt Cure
|
|-heal|p1a: Garganacl|47/100|[from] item: Leftovers
|-damage|p2a: Heatran|69/100|[from] Salt Cure
|upkeep
|turn|20
|
|t:|1760407532
|move|p2a: Heatran|Tera Blast|p1a: Garganacl|[anim] Tera Blast Grass
|-supereffective|p1a: Garganacl
|-damage|p1a: Garganacl|0 fnt
|faint|p1a: Garganacl
|
|-damage|p2a: Heatran|56/100|[from] Salt Cure
|upkeep
|
|t:|1760407544
|switch|p1a: Alomomola|Alomomola, F|68/100
|turn|21
|
|t:|1760407551
|move|p2a: Heatran|Tera Blast|p1a: Alomomola|[anim] Tera Blast Grass
|-supereffective|p1a: Alomomola
|-damage|p1a: Alomomola|10/100
|move|p1a: Alomomola|Mirror Coat|p2a: Heatran
|-damage|p2a: Heatran|0 fnt
|faint|p2a: Heatran
|
|upkeep
|
|t:|1760407557
|switch|p2a: Great Tusk|Great Tusk|100/100
|turn|22
|
|t:|1760407570
|move|p1a: Alomomola|Aqua Jet|p2a: Great Tusk
|-supereffective|p2a: Great Tusk
|-damage|p2a: Great Tusk|86/100
|move|p2a: Great Tusk|Knock Off|p1a: Alomomola
|-damage|p1a: Alomomola|0 fnt
|-enditem|p1a: Alomomola|Assault Vest|[from] move: Knock Off|[of] p2a: Great Tusk
|faint|p1a: Alomomola
|
|upkeep
|
|t:|1760407587
|switch|p1a: Drifblim|Drifblim, F|84/100
|turn|23
|
|t:|1760407591
|-end|p2a: Great Tusk|Protosynthesis|[silent]
|switch|p2a: Sinistcha|Sinistcha|57/100
|move|p1a: Drifblim|Grass Knot|p2a: Sinistcha
|-resisted|p2a: Sinistcha
|-damage|p2a: Sinistcha|52/100
|
|-heal|p2a: Sinistcha|58/100|[from] item: Leftovers
|upkeep
|turn|24
|
|t:|1760407598
|switch|p1a: Drifblim|Drifblim, F|72/100
|move|p2a: Sinistcha|Shadow Ball|p1a: Drifblim
|-supereffective|p1a: Drifblim
|-damage|p1a: Drifblim|0 fnt
|faint|p1a: Drifblim
|
|-heal|p2a: Sinistcha|64/100|[from] item: Leftovers
|upkeep
|
|t:|1760407602
|switch|p1a: Zoroark|Zoroark-Hisui, F|84/100
|turn|25
|
|t:|1760407619
|move|p1a: Zoroark|Trick|p2a: Sinistcha
|-activate|p1a: Zoroark|move: Trick|[of] p2a: Sinistcha
|-item|p2a: Sinistcha|Choice Scarf|[from] move: Trick
|-item|p1a: Zoroark|Leftovers|[from] move: Trick
|move|p2a: Sinistcha|Matcha Gotcha|p1a: Zoroark
|-damage|p1a: Zoroark|3/100
|-heal|p2a: Sinistcha|95/100|[from] drain|[of] p1a: Zoroark
|-status|p1a: Zoroark|brn
|
|-heal|p1a: Zoroark|9/100 brn|[from] item: Leftovers
|-damage|p1a: Zoroark|3/100 brn|[from] brn
|upkeep
|turn|26
|c|☆m709lkjo|damn gg
|
|t:|1760407630
|move|p1a: Zoroark|Shadow Ball|p2a: Sinistcha
|-supereffective|p2a: Sinistcha
|-damage|p2a: Sinistcha|0 fnt
|faint|p2a: Sinistcha
|
|-heal|p1a: Zoroark|9/100 brn|[from] item: Leftovers
|-damage|p1a: Zoroark|3/100 brn|[from] brn
|upkeep
|
|t:|1760407637
|switch|p2a: Great Tusk|Great Tusk|86/100
|turn|27
|
|t:|1760407640
|move|p1a: Zoroark|Grass Knot|p2a: Great Tusk
|-supereffective|p2a: Great Tusk
|-damage|p2a: Great Tusk|7/100
|move|p2a: Great Tusk|Knock Off|p1a: Zoroark
|-supereffective|p1a: Zoroark
|-damage|p1a: Zoroark|0 fnt
|-enditem|p1a: Zoroark|Leftovers|[from] move: Knock Off|[of] p2a: Great Tusk
|faint|p1a: Zoroark
|
|win|joven alex
|raw|m709lkjo's rating: 1398 &rarr; <strong>1377</strong><br />(-21 for losing)
|raw|joven alex's rating: 1384 &rarr; <strong>1405</strong><br />(+21 for winning)
|l|☆joven alex
|player|p2|
|l|☆m709lkjo
|player|p1|
