|j|☆LionX_Pro
|j|☆Spartior1
|t:|1760369246
|gametype|singles
|player|p1|LionX_Pro|steven|1343
|player|p2|Spartior1|169|1430
|gen|9
|tier|[Gen 9] OU
|rated|
|rule|HP Percentage Mod: HP is shown in percentages
|rule|Endless Battle Clause: Forcing endless battles is banned
|rule|Species Clause: Limit one of each Pokémon
|rule|OHKO Clause: OHKO moves are banned
|rule|Evasion Items Clause: Evasion items are banned
|rule|Evasion Moves Clause: Evasion moves are banned
|rule|Evasion Abilities Clause: Evasion abilities are banned
|rule|Sleep Moves Clause: Sleep-inducing moves are banned
|clearpoke
|poke|p1|Shiftry, F|
|poke|p1|Glimmora, M|
|poke|p1|Incineroar, M|
|poke|p1|Gliscor, F|
|poke|p1|Garganacl, M|
|poke|p1|Quaquaval, M|
|poke|p2|Indeedee, M|
|poke|p2|Hatterene, F|
|poke|p2|Ursaluna, F|
|poke|p2|Iron Hands|
|poke|p2|Hoopa-Unbound|
|poke|p2|Mimikyu, F|
|teampreview
|
|t:|1760369248
|teamsize|p1|6
|teamsize|p2|6
|start
|switch|p1a: Shiftry|Shiftry, F|100/100
|switch|p2a: Indeedee|Indeedee, M|100/100
|-fieldstart|move: Psychic Terrain|[from] ability: Psychic Surge|[of] p2a: Indeedee
|turn|1
|inactive|Battle timer is ON: inactive players will automatically lose when time's up. (requested by Spartior1)
|
|t:|1760369258
|move|p1a: Shiftry|Tailwind|p1a: Shiftry
|-sidestart|p1: LionX_Pro|move: Tailwind
|-ability|p1a: Shiftry|Wind Rider|boost
|-boost|p1a: Shiftry|atk|1
|move|p2a: Indeedee|Trick Room|p2a: Indeedee
|-fieldstart|move: Trick Room|[of] p2a: Indeedee
|
|upkeep
|turn|2
|inactive|LionX_Pro has 120 seconds left.
|
|t:|1760369292
|switch|p2a: Hatterene|Hatterene, F|100/100
|move|p1a: Shiftry|Knock Off|p2a: Hatterene
|-damage|p2a: Hatterene|26/100
|-enditem|p2a: Hatterene|Life Orb|[from] move: Knock Off|[of] p1a: Shiftry
|
|upkeep
|turn|3
|
|t:|1760369310
|move|p1a: Shiftry|Sucker Punch|p2a: Hatterene
|-activate|p2a: Hatterene|move: Psychic Terrain
|move|p2a: Hatterene|Draining Kiss|p1a: Shiftry
|-supereffective|p1a: Shiftry
|-damage|p1a: Shiftry|1/100
|-heal|p2a: Hatterene|100/100|[from] drain|[of] p1a: Shiftry
|
|upkeep
|turn|4
|
|t:|1760369320
|move|p2a: Hatterene|Draining Kiss|p1a: Shiftry
|-supereffective|p1a: Shiftry
|-damage|p1a: Shiftry|0 fnt
|faint|p1a: Shiftry
|
|-sideend|p1: LionX_Pro|move: Tailwind
|upkeep
|inactive|LionX_Pro has 120 seconds left.
|
|t:|1760369366
|switch|p1a: Glimmora|Glimmora, M|100/100
|turn|5
|
|t:|1760369373
|move|p2a: Hatterene|Expanding Force|p1a: Glimmora
|-supereffective|p1a: Glimmora
|-damage|p1a: Glimmora|0 fnt
|faint|p1a: Glimmora
|
|-fieldend|move: Trick Room
|upkeep
|inactive|LionX_Pro has 90 seconds left.
|
|t:|1760369410
|switch|p1a: Quaquaval|Quaquaval, M|100/100
|turn|6
|
|t:|1760369413
|move|p1a: Quaquaval|Aqua Step|p2a: Hatterene
|-damage|p2a: Hatterene|54/100
|-boost|p1a: Quaquaval|spe|1
|move|p2a: Hatterene|Trick Room|p2a: Hatterene
|-fieldstart|move: Trick Room|[of] p2a: Hatterene
|
|upkeep
|turn|7
|inactive|LionX_Pro has 90 seconds left.
|
|t:|1760369420
|move|p2a: Hatterene|Expanding Force|p1a: Quaquaval
|-supereffective|p1a: Quaquaval
|-enditem|p1a: Quaquaval|Focus Sash
|-damage|p1a: Quaquaval|1/100
|move|p1a: Quaquaval|Close Combat|p2a: Hatterene
|-resisted|p2a: Hatterene
|-damage|p2a: Hatterene|37/100
|-unboost|p1a: Quaquaval|def|1
|-unboost|p1a: Quaquaval|spd|1
|
|upkeep
|turn|8
|-message|LionX_Pro forfeited.
|
|win|Spartior1
|raw|LionX_Pro's rating: 1343 &rarr; <strong>1328</strong><br />(-15 for losing)
|raw|Spartior1's rating: 1430 &rarr; <strong>1445</strong><br />(+15 for winning)
|l|☆LionX_Pro
|player|p1|
|l|☆Spartior1
|player|p2|
