|j|☆yhice
|j|☆Pinnecks
|t:|1760359888
|gametype|singles
|player|p1|yhice|emmet|1040
|player|p2|Pinnecks|n|1084
|gen|9
|tier|[Gen 9] OU
|rated|
|rule|HP Percentage Mod: HP is shown in percentages
|rule|Endless Battle Clause: Forcing endless battles is banned
|rule|Species Clause: Limit one of each Pokémon
|rule|OHKO Clause: OHKO moves are banned
|rule|Evasion Items Clause: Evasion items are banned
|rule|Evasion Moves Clause: Evasion moves are banned
|rule|Evasion Abilities Clause: Evasion abilities are banned
|rule|Sleep Moves Clause: Sleep-inducing moves are banned
|clearpoke
|poke|p1|Scream Tail|
|poke|p1|Gallade, M|
|poke|p1|Ampharos, M|
|poke|p1|Corviknight, M|
|poke|p1|Bisharp, F|
|poke|p1|Vileplume, M|
|poke|p2|Mimikyu, M|
|poke|p2|Rotom-Wash|
|poke|p2|Weavile, M|
|poke|p2|Garganacl, M|
|poke|p2|Drifblim, F|
|poke|p2|Espeon, F|
|teampreview
|inactive|Battle timer is ON: inactive players will automatically lose when time's up. (requested by Pinnecks)
|
|t:|1760359891
|teamsize|p1|6
|teamsize|p2|6
|start
|switch|p1a: Mordred|Bisharp, F|100/100
|switch|p2a: Tripper|Espeon, F, shiny|100/100
|turn|1
|
|t:|1760359899
|move|p2a: Tripper|Reflect|p2a: Tripper
|-sidestart|p2: Pinnecks|Reflect
|move|p1a: Mordred|Swords Dance|p1a: Mordred
|-boost|p1a: Mordred|atk|2
|
|upkeep
|turn|2
|
|t:|1760359905
|move|p2a: Tripper|Light Screen|p2a: Tripper
|-sidestart|p2: Pinnecks|move: Light Screen
|move|p1a: Mordred|Swords Dance|p1a: Mordred
|-boost|p1a: Mordred|atk|2
|
|upkeep
|turn|3
|
|t:|1760359912
|switch|p2a: Your Loss|Mimikyu, M, shiny|100/100
|move|p1a: Mordred|Thunder Wave|p2a: Your Loss
|-status|p2a: Your Loss|par
|
|upkeep
|turn|4
|
|t:|1760359919
|move|p1a: Mordred|Night Slash|p2a: Your Loss
|-activate|p2a: Your Loss|ability: Disguise
|-damage|p2a: Your Loss|100/100 par
|detailschange|p2a: Your Loss|Mimikyu-Busted, M, shiny
|-damage|p2a: Your Loss|88/100 par|[from] pokemon: Mimikyu-Busted
|move|p2a: Your Loss|Swords Dance|p2a: Your Loss
|-boost|p2a: Your Loss|atk|2
|
|upkeep
|turn|5
|
|t:|1760359928
|move|p1a: Mordred|Night Slash|p2a: Your Loss
|-damage|p2a: Your Loss|0 fnt
|faint|p2a: Your Loss
|
|upkeep
|
|t:|1760359934
|switch|p2a: 4|Garganacl, M|100/100
|turn|6
|
|t:|1760359940
|move|p1a: Mordred|Iron Head|p2a: 4
|-supereffective|p2a: 4
|-crit|p2a: 4
|-damage|p2a: 4|0 fnt
|-damage|p1a: Mordred|84/100|[from] item: Rocky Helmet|[of] p2a: 4
|faint|p2a: 4
|
|upkeep
|
|t:|1760359947
|switch|p2a: X'ed Out|Drifblim, F, shiny|100/100
|turn|7
|
|t:|1760359950
|move|p2a: X'ed Out|Stockpile|p2a: X'ed Out
|-start|p2a: X'ed Out|stockpile1
|-boost|p2a: X'ed Out|def|1
|-boost|p2a: X'ed Out|spd|1
|move|p1a: Mordred|Night Slash|p2a: X'ed Out
|-supereffective|p2a: X'ed Out
|-damage|p2a: X'ed Out|5/100
|-enditem|p2a: X'ed Out|Salac Berry|[eat]
|-boost|p2a: X'ed Out|spe|1|[from] item: Salac Berry
|
|upkeep
|turn|8
|
|t:|1760359961
|move|p2a: X'ed Out|Strength Sap|p1a: Mordred
|-unboost|p1a: Mordred|atk|1
|-ability|p1a: Mordred|Defiant|boost
|-boost|p1a: Mordred|atk|2
|-heal|p2a: X'ed Out|100/100
|move|p1a: Mordred|Night Slash|p2a: X'ed Out
|-supereffective|p2a: X'ed Out
|-damage|p2a: X'ed Out|0 fnt
|faint|p2a: X'ed Out
|
|-sideend|p2: Pinnecks|Reflect
|upkeep
|
|t:|1760359975
|switch|p2a: The Skin Surf|Rotom-Wash|100/100
|turn|9
|
|t:|1760359981
|move|p2a: The Skin Surf|Thunder Wave|p1a: Mordred
|-status|p1a: Mordred|par
|cant|p1a: Mordred|par
|
|-sideend|p2: Pinnecks|move: Light Screen
|upkeep
|turn|10
|
|t:|1760359988
|move|p2a: The Skin Surf|Confuse Ray|p1a: Mordred
|-start|p1a: Mordred|confusion
|-activate|p1a: Mordred|confusion
|-damage|p1a: Mordred|35/100 par|[from] confusion
|
|upkeep
|turn|11
|
|t:|1760359995
|move|p2a: The Skin Surf|Dark Pulse|p1a: Mordred
|-resisted|p1a: Mordred
|-damage|p1a: Mordred|24/100 par
|-activate|p1a: Mordred|confusion
|-damage|p1a: Mordred|0 fnt|[from] confusion
|faint|p1a: Mordred
|
|upkeep
|
|t:|1760360007
|switch|p1a: Ampharos|Ampharos, M|100/100
|turn|12
|
|t:|1760360013
|move|p2a: The Skin Surf|Confuse Ray|p1a: Ampharos
|-start|p1a: Ampharos|confusion
|-activate|p1a: Ampharos|confusion
|move|p1a: Ampharos|Focus Blast|p2a: The Skin Surf|[miss]
|-miss|p1a: Ampharos|p2a: The Skin Surf
|
|upkeep
|turn|13
|
|t:|1760360021
|move|p2a: The Skin Surf|Dark Pulse|p1a: Ampharos
|-damage|p1a: Ampharos|73/100
|-activate|p1a: Ampharos|confusion
|move|p1a: Ampharos|Focus Blast|p2a: The Skin Surf
|-damage|p2a: The Skin Surf|67/100
|
|-heal|p2a: The Skin Surf|73/100|[from] item: Leftovers
|upkeep
|turn|14
|
|t:|1760360032
|move|p2a: The Skin Surf|Dark Pulse|p1a: Ampharos
|-damage|p1a: Ampharos|48/100
|-enditem|p1a: Ampharos|Sitrus Berry|[eat]
|-heal|p1a: Ampharos|73/100|[from] item: Sitrus Berry
|-activate|p1a: Ampharos|confusion
|move|p1a: Ampharos|Ice Punch|p2a: The Skin Surf
|-resisted|p2a: The Skin Surf
|-damage|p2a: The Skin Surf|63/100
|
|-heal|p2a: The Skin Surf|70/100|[from] item: Leftovers
|upkeep
|turn|15
|
|t:|1760360045
|move|p2a: The Skin Surf|Dark Pulse|p1a: Ampharos
|-crit|p1a: Ampharos
|-damage|p1a: Ampharos|34/100
|cant|p1a: Ampharos|flinch
|
|-heal|p2a: The Skin Surf|76/100|[from] item: Leftovers
|upkeep
|turn|16
|
|t:|1760360053
|move|p2a: The Skin Surf|Dark Pulse|p1a: Ampharos
|-damage|p1a: Ampharos|6/100
|cant|p1a: Ampharos|flinch
|
|-heal|p2a: The Skin Surf|82/100|[from] item: Leftovers
|upkeep
|turn|17
|
|t:|1760360061
|move|p2a: The Skin Surf|Dark Pulse|p1a: Ampharos
|-damage|p1a: Ampharos|0 fnt
|faint|p1a: Ampharos
|
|-heal|p2a: The Skin Surf|88/100|[from] item: Leftovers
|upkeep
|
|t:|1760360068
|switch|p1a: Vileplume|Vileplume, M|100/100
|turn|18
|
|t:|1760360073
|move|p2a: The Skin Surf|Thunder Wave|p1a: Vileplume
|-status|p1a: Vileplume|par
|cant|p1a: Vileplume|par
|
|-heal|p2a: The Skin Surf|95/100|[from] item: Leftovers
|upkeep
|turn|19
|
|t:|1760360081
|move|p2a: The Skin Surf|Confuse Ray|p1a: Vileplume
|-start|p1a: Vileplume|confusion
|-activate|p1a: Vileplume|confusion
|-damage|p1a: Vileplume|94/100 par|[from] confusion
|
|-heal|p2a: The Skin Surf|100/100|[from] item: Leftovers
|-heal|p1a: Vileplume|100/100 par|[from] item: Leftovers
|upkeep
|turn|20
|
|t:|1760360089
|move|p2a: The Skin Surf|Dark Pulse|p1a: Vileplume
|-damage|p1a: Vileplume|80/100 par
|-activate|p1a: Vileplume|confusion
|move|p1a: Vileplume|Toxic|p2a: The Skin Surf
|-status|p2a: The Skin Surf|tox
|
|-heal|p1a: Vileplume|86/100 par|[from] item: Leftovers
|-damage|p2a: The Skin Surf|94/100 tox|[from] psn
|upkeep
|turn|21
|
|t:|1760360100
|move|p2a: The Skin Surf|Dark Pulse|p1a: Vileplume
|-damage|p1a: Vileplume|67/100 par
|-end|p1a: Vileplume|confusion
|move|p1a: Vileplume|Leech Seed|p2a: The Skin Surf
|-start|p2a: The Skin Surf|move: Leech Seed
|
|-heal|p2a: The Skin Surf|100/100 tox|[from] item: Leftovers
|-heal|p1a: Vileplume|74/100 par|[from] item: Leftovers
|-damage|p2a: The Skin Surf|88/100 tox|[from] Leech Seed|[of] p1a: Vileplume
|-heal|p1a: Vileplume|84/100 par|[silent]
|-damage|p2a: The Skin Surf|75/100 tox|[from] psn
|upkeep
|turn|22
|
|t:|1760360112
|switch|p2a: Tripper|Espeon, F, shiny|100/100
|move|p1a: Vileplume|Giga Drain|p2a: Tripper
|-damage|p2a: Tripper|68/100
|-heal|p1a: Vileplume|99/100 par|[from] drain|[of] p2a: Tripper
|
|-heal|p1a: Vileplume|100/100 par|[from] item: Leftovers
|upkeep
|turn|23
|
|t:|1760360123
|move|p2a: Tripper|Psyshock|p1a: Vileplume
|-supereffective|p1a: Vileplume
|-damage|p1a: Vileplume|19/100 par
|move|p1a: Vileplume|Toxic|p2a: Tripper
|move|p2a: Tripper|Toxic||[from] ability: Magic Bounce|[still]
|-fail|p2a: Tripper
|
|-heal|p1a: Vileplume|25/100 par|[from] item: Leftovers
|upkeep
|turn|24
|
|t:|1760360134
|switch|p1a: Stranger|Corviknight, M, shiny|100/100
|-ability|p1a: Stranger|Pressure
|move|p2a: Tripper|Wish|p2a: Tripper
|
|upkeep
|turn|25
|
|t:|1760360141
|move|p2a: Tripper|Reflect|p2a: Tripper
|-sidestart|p2: Pinnecks|Reflect
|move|p1a: Stranger|Bulk Up|p1a: Stranger
|-boost|p1a: Stranger|atk|1
|-boost|p1a: Stranger|def|1
|
|-heal|p2a: Tripper|100/100|[from] move: Wish|[wisher] Tripper
|upkeep
|turn|26
|
|t:|1760360150
|move|p2a: Tripper|Wish|p2a: Tripper
|move|p1a: Stranger|Bulk Up|p1a: Stranger
|-boost|p1a: Stranger|atk|1
|-boost|p1a: Stranger|def|1
|
|upkeep
|turn|27
|
|t:|1760360157
|switch|p2a: The Skin Surf|Rotom-Wash|75/100 tox
|move|p1a: Stranger|Bulk Up|p1a: Stranger
|-boost|p1a: Stranger|atk|1
|-boost|p1a: Stranger|def|1
|
|-heal|p2a: The Skin Surf|100/100 tox|[from] move: Wish|[wisher] Tripper
|-damage|p2a: The Skin Surf|94/100 tox|[from] psn
|upkeep
|turn|28
|
|t:|1760360168
|move|p2a: The Skin Surf|Thunder Wave|p1a: Stranger
|-status|p1a: Stranger|par
|move|p1a: Stranger|Brave Bird|p2a: The Skin Surf
|-resisted|p2a: The Skin Surf
|-damage|p2a: The Skin Surf|59/100 tox
|-damage|p1a: Stranger|91/100 par|[from] Recoil
|
|-heal|p2a: The Skin Surf|65/100 tox|[from] item: Leftovers
|-damage|p2a: The Skin Surf|52/100 tox|[from] psn
|upkeep
|turn|29
|
|t:|1760360179
|move|p2a: The Skin Surf|Confuse Ray|p1a: Stranger
|-start|p1a: Stranger|confusion
|-activate|p1a: Stranger|confusion
|cant|p1a: Stranger|par
|
|-heal|p2a: The Skin Surf|59/100 tox|[from] item: Leftovers
|-damage|p2a: The Skin Surf|40/100 tox|[from] psn
|upkeep
|turn|30
|
|t:|1760360189
|move|p2a: The Skin Surf|Volt Switch|p1a: Stranger
|-supereffective|p1a: Stranger
|-damage|p1a: Stranger|24/100 par
|-enditem|p1a: Stranger|Sitrus Berry|[eat]
|-heal|p1a: Stranger|49/100 par|[from] item: Sitrus Berry
|
|t:|1760360194
|switch|p2a: Tripper|Espeon, F, shiny|100/100|[from] Volt Switch
|-activate|p1a: Stranger|confusion
|cant|p1a: Stranger|par
|
|upkeep
|turn|31
|
|t:|1760360202
|move|p2a: Tripper|Wish|p2a: Tripper
|-activate|p1a: Stranger|confusion
|move|p1a: Stranger|Body Press|p2a: Tripper
|-resisted|p2a: Tripper
|-damage|p2a: Tripper|82/100
|
|upkeep
|turn|32
|
|t:|1760360211
|switch|p2a: The Skin Surf|Rotom-Wash|40/100 tox
|-end|p1a: Stranger|confusion
|cant|p1a: Stranger|par
|
|-heal|p2a: The Skin Surf|95/100 tox|[from] move: Wish|[wisher] Tripper
|-heal|p2a: The Skin Surf|100/100 tox|[from] item: Leftovers
|-damage|p2a: The Skin Surf|94/100 tox|[from] psn
|-sideend|p2: Pinnecks|Reflect
|upkeep
|turn|33
|
|t:|1760360225
|move|p2a: The Skin Surf|Volt Switch|p1a: Stranger
|-supereffective|p1a: Stranger
|-damage|p1a: Stranger|0 fnt
|faint|p1a: Stranger
|
|t:|1760360230
|switch|p2a: Prancer|Weavile, M|100/100|[from] Volt Switch
|-ability|p2a: Prancer|Pressure
|
|upkeep
|
|t:|1760360237
|switch|p1a: Gallahd|Gallade, M|100/100
|turn|34
|
|t:|1760360243
|move|p1a: Gallahd|Sacred Sword|p2a: Prancer
|-supereffective|p2a: Prancer
|-enditem|p2a: Prancer|Focus Sash
|-damage|p2a: Prancer|1/100
|move|p2a: Prancer|Knock Off|p1a: Gallahd
|-damage|p1a: Gallahd|21/100
|-enditem|p1a: Gallahd|Choice Scarf|[from] move: Knock Off|[of] p2a: Prancer
|
|upkeep
|turn|35
|
|t:|1760360256
|switch|p1a: Camilla|Scream Tail, shiny|100/100
|-terastallize|p2a: Prancer|Ice
|move|p2a: Prancer|Ice Shard|p1a: Camilla
|-damage|p1a: Camilla|78/100
|
|-heal|p1a: Camilla|84/100|[from] item: Leftovers
|upkeep
|turn|36
|
|t:|1760360267
|move|p2a: Prancer|Knock Off|p1a: Camilla
|-damage|p1a: Camilla|42/100
|-enditem|p1a: Camilla|Leftovers|[from] move: Knock Off|[of] p2a: Prancer
|move|p1a: Camilla|Boomburst|p2a: Prancer
|-damage|p2a: Prancer|0 fnt
|faint|p2a: Prancer
|
|upkeep
|
|t:|1760360275
|switch|p2a: The Skin Surf|Rotom-Wash|94/100 tox
|turn|37
|
|t:|1760360279
|move|p1a: Camilla|Wish|p1a: Camilla
|move|p2a: The Skin Surf|Thunder Wave|p1a: Camilla
|-status|p1a: Camilla|par
|
|-heal|p2a: The Skin Surf|100/100 tox|[from] item: Leftovers
|-damage|p2a: The Skin Surf|94/100 tox|[from] psn
|upkeep
|turn|38
|
|t:|1760360287
|move|p2a: The Skin Surf|Confuse Ray|p1a: Camilla
|-start|p1a: Camilla|confusion
|-activate|p1a: Camilla|confusion
|cant|p1a: Camilla|par
|
|-heal|p1a: Camilla|92/100 par|[from] move: Wish|[wisher] Camilla
|-heal|p2a: The Skin Surf|100/100 tox|[from] item: Leftovers
|-damage|p2a: The Skin Surf|88/100 tox|[from] psn
|upkeep
|turn|39
|
|t:|1760360299
|move|p2a: The Skin Surf|Dark Pulse|p1a: Camilla
|-damage|p1a: Camilla|72/100 par
|-activate|p1a: Camilla|confusion
|cant|p1a: Camilla|par
|
|-heal|p2a: The Skin Surf|94/100 tox|[from] item: Leftovers
|-damage|p2a: The Skin Surf|75/100 tox|[from] psn
|upkeep
|turn|40
|
|t:|1760360308
|move|p2a: The Skin Surf|Dark Pulse|p1a: Camilla
|-damage|p1a: Camilla|53/100 par
|-activate|p1a: Camilla|confusion
|-damage|p1a: Camilla|49/100 par|[from] confusion
|
|-heal|p2a: The Skin Surf|82/100 tox|[from] item: Leftovers
|-damage|p2a: The Skin Surf|57/100 tox|[from] psn
|upkeep
|turn|41
|
|t:|1760360317
|move|p2a: The Skin Surf|Dark Pulse|p1a: Camilla
|-damage|p1a: Camilla|29/100 par
|-end|p1a: Camilla|confusion
|move|p1a: Camilla|Wish|p1a: Camilla
|
|-heal|p2a: The Skin Surf|63/100 tox|[from] item: Leftovers
|-damage|p2a: The Skin Surf|32/100 tox|[from] psn
|upkeep
|turn|42
|
|t:|1760360327
|move|p2a: The Skin Surf|Volt Switch|p1a: Camilla
|-damage|p1a: Camilla|5/100 par
|
|t:|1760360330
|switch|p2a: Tripper|Espeon, F, shiny|82/100|[from] Volt Switch
|move|p1a: Camilla|Calm Mind|p1a: Camilla
|-boost|p1a: Camilla|spa|1
|-boost|p1a: Camilla|spd|1
|
|-heal|p1a: Camilla|55/100 par|[from] move: Wish|[wisher] Camilla
|upkeep
|turn|43
|
|t:|1760360341
|move|p2a: Tripper|Wish|p2a: Tripper
|move|p1a: Camilla|Calm Mind|p1a: Camilla
|-boost|p1a: Camilla|spa|1
|-boost|p1a: Camilla|spd|1
|
|upkeep
|turn|44
|
|t:|1760360348
|switch|p2a: The Skin Surf|Rotom-Wash|32/100 tox
|move|p1a: Camilla|Boomburst|p2a: The Skin Surf
|-damage|p2a: The Skin Surf|0 fnt
|faint|p2a: The Skin Surf
|
|upkeep
|
|t:|1760360355
|switch|p2a: Tripper|Espeon, F, shiny|82/100
|turn|45
|
|t:|1760360360
|move|p2a: Tripper|Light Screen|p2a: Tripper
|-sidestart|p2: Pinnecks|move: Light Screen
|move|p1a: Camilla|Boomburst|p2a: Tripper
|-damage|p2a: Tripper|45/100
|
|upkeep
|turn|46
|
|t:|1760360365
|move|p2a: Tripper|Psyshock|p1a: Camilla
|-resisted|p1a: Camilla
|-damage|p1a: Camilla|40/100 par
|move|p1a: Camilla|Wish|p1a: Camilla
|
|upkeep
|turn|47
|
|t:|1760360371
|move|p2a: Tripper|Wish|p2a: Tripper
|move|p1a: Camilla|Boomburst|p2a: Tripper
|-damage|p2a: Tripper|9/100
|
|-heal|p1a: Camilla|90/100 par|[from] move: Wish|[wisher] Camilla
|upkeep
|turn|48
|
|t:|1760360379
|move|p2a: Tripper|Psyshock|p1a: Camilla
|-resisted|p1a: Camilla
|-damage|p1a: Camilla|76/100 par
|move|p1a: Camilla|Calm Mind|p1a: Camilla
|-boost|p1a: Camilla|spa|1
|-boost|p1a: Camilla|spd|1
|
|-heal|p2a: Tripper|59/100|[from] move: Wish|[wisher] Tripper
|upkeep
|turn|49
|
|t:|1760360389
|move|p2a: Tripper|Wish|p2a: Tripper
|move|p1a: Camilla|Calm Mind|p1a: Camilla
|-boost|p1a: Camilla|spa|1
|-boost|p1a: Camilla|spd|1
|
|upkeep
|turn|50
|
|t:|1760360406
|move|p2a: Tripper|Psyshock|p1a: Camilla
|-resisted|p1a: Camilla
|-damage|p1a: Camilla|61/100 par
|cant|p1a: Camilla|par
|
|-heal|p2a: Tripper|100/100|[from] move: Wish|[wisher] Tripper
|upkeep
|turn|51
|
|t:|1760360416
|move|p2a: Tripper|Psyshock|p1a: Camilla
|-resisted|p1a: Camilla
|-damage|p1a: Camilla|47/100 par
|cant|p1a: Camilla|par
|
|upkeep
|turn|52
|
|t:|1760360427
|move|p2a: Tripper|Psyshock|p1a: Camilla
|-resisted|p1a: Camilla
|-damage|p1a: Camilla|34/100 par
|move|p1a: Camilla|Boomburst|p2a: Tripper
|-damage|p2a: Tripper|42/100
|
|-sideend|p2: Pinnecks|move: Light Screen
|upkeep
|turn|53
|
|t:|1760360436
|move|p2a: Tripper|Wish|p2a: Tripper
|cant|p1a: Camilla|par
|
|upkeep
|turn|54
|
|t:|1760360440
|move|p2a: Tripper|Light Screen|p2a: Tripper
|-sidestart|p2: Pinnecks|move: Light Screen
|move|p1a: Camilla|Wish|p1a: Camilla
|
|-heal|p2a: Tripper|92/100|[from] move: Wish|[wisher] Tripper
|upkeep
|turn|55
|
|t:|1760360447
|move|p2a: Tripper|Psyshock|p1a: Camilla
|-resisted|p1a: Camilla
|-damage|p1a: Camilla|21/100 par
|cant|p1a: Camilla|par
|
|-heal|p1a: Camilla|71/100 par|[from] move: Wish|[wisher] Camilla
|upkeep
|turn|56
|
|t:|1760360455
|move|p2a: Tripper|Psyshock|p1a: Camilla
|-resisted|p1a: Camilla
|-damage|p1a: Camilla|57/100 par
|move|p1a: Camilla|Calm Mind|p1a: Camilla
|-boost|p1a: Camilla|spa|1
|-boost|p1a: Camilla|spd|1
|
|upkeep
|turn|57
|
|t:|1760360462
|move|p2a: Tripper|Psyshock|p1a: Camilla
|-resisted|p1a: Camilla
|-damage|p1a: Camilla|43/100 par
|move|p1a: Camilla|Boomburst|p2a: Tripper
|-damage|p2a: Tripper|32/100
|
|upkeep
|turn|58
|
|t:|1760360469
|move|p2a: Tripper|Wish|p2a: Tripper
|move|p1a: Camilla|Wish|p1a: Camilla
|
|upkeep
|turn|59
|
|t:|1760360477
|move|p2a: Tripper|Psyshock|p1a: Camilla
|-resisted|p1a: Camilla
|-damage|p1a: Camilla|29/100 par
|move|p1a: Camilla|Calm Mind|p1a: Camilla
|-boost|p1a: Camilla|spa|1
|-boost|p1a: Camilla|spd|1
|
|-heal|p2a: Tripper|82/100|[from] move: Wish|[wisher] Tripper
|-heal|p1a: Camilla|79/100 par|[from] move: Wish|[wisher] Camilla
|upkeep
|turn|60
|
|t:|1760360489
|move|p2a: Tripper|Psyshock|p1a: Camilla
|-resisted|p1a: Camilla
|-damage|p1a: Camilla|65/100 par
|cant|p1a: Camilla|par
|
|upkeep
|turn|61
|
|t:|1760360495
|move|p2a: Tripper|Psyshock|p1a: Camilla
|-resisted|p1a: Camilla
|-damage|p1a: Camilla|52/100 par
|cant|p1a: Camilla|par
|
|-sideend|p2: Pinnecks|move: Light Screen
|upkeep
|turn|62
|
|t:|1760360502
|move|p2a: Tripper|Light Screen|p2a: Tripper
|-sidestart|p2: Pinnecks|move: Light Screen
|move|p1a: Camilla|Boomburst|p2a: Tripper
|-damage|p2a: Tripper|6/100
|
|upkeep
|turn|63
|
|t:|1760360508
|move|p2a: Tripper|Wish|p2a: Tripper
|move|p1a: Camilla|Boomburst|p2a: Tripper
|-damage|p2a: Tripper|0 fnt
|faint|p2a: Tripper
|
|win|yhice
|raw|yhice's rating: 1040 &rarr; <strong>1078</strong><br />(+38 for winning)
|raw|Pinnecks's rating: 1084 &rarr; <strong>1059</strong><br />(-25 for losing)
|l|☆Pinnecks
|player|p2|
