|j|☆xiaoshenyoukaigual
|j|☆hcyaiiu
|t:|1760443350
|gametype|singles
|player|p1|xiaoshenyoukaigual|hilbert|1259
|player|p2|hcyaiiu|cynthia|1267
|gen|9
|tier|[Gen 9] OU
|rated|
|rule|HP Percentage Mod: HP is shown in percentages
|rule|Endless Battle Clause: Forcing endless battles is banned
|rule|Species Clause: Limit one of each Pokémon
|rule|OHKO Clause: OHKO moves are banned
|rule|Evasion Items Clause: Evasion items are banned
|rule|Evasion Moves Clause: Evasion moves are banned
|rule|Evasion Abilities Clause: Evasion abilities are banned
|rule|Sleep Moves Clause: Sleep-inducing moves are banned
|clearpoke
|poke|p1|Garganacl, M|
|poke|p1|Clodsire, M|
|poke|p1|Corviknight, M|
|poke|p1|Alomomola, F|
|poke|p1|Ogerpon-Wellspring, F|
|poke|p1|Skeledirge, F|
|poke|p2|Walking Wake|
|poke|p2|Scizor, F|
|poke|p2|Meowscarada, F|
|poke|p2|Krookodile, F|
|poke|p2|Zapdos|
|poke|p2|Deoxys-Defense|
|teampreview
|inactive|Battle timer is ON: inactive players will automatically lose when time's up. (requested by hcyaiiu)
|
|t:|1760443361
|teamsize|p1|6
|teamsize|p2|6
|start
|switch|p1a: Garganacl|Garganacl, M, shiny|100/100
|switch|p2a: Krookodile|Krookodile, F|100/100
|turn|1
|
|t:|1760443379
|move|p1a: Garganacl|Protect|p1a: Garganacl
|-singleturn|p1a: Garganacl|Protect
|move|p2a: Krookodile|Earthquake|p1a: Garganacl
|-activate|p1a: Garganacl|move: Protect
|
|upkeep
|turn|2
|
|t:|1760443387
|switch|p1a: Corviknight|Corviknight, M, shiny|100/100
|-ability|p1a: Corviknight|Unnerve
|move|p2a: Krookodile|Earthquake|p1a: Corviknight
|-immune|p1a: Corviknight
|
|upkeep
|turn|3
|
|t:|1760443395
|switch|p2a: Walking Wake|Walking Wake|100/100
|switch|p1a: Alomomola|Alomomola, F, shiny|100/100
|
|upkeep
|turn|4
|
|t:|1760443404
|move|p2a: Walking Wake|Hydro Steam|p1a: Alomomola
|-resisted|p1a: Alomomola
|-damage|p1a: Alomomola|75/100
|-damage|p2a: Walking Wake|90/100|[from] item: Life Orb
|move|p1a: Alomomola|Flip Turn|p2a: Walking Wake
|-resisted|p2a: Walking Wake
|-damage|p2a: Walking Wake|86/100
|
|t:|1760443417
|switch|p1a: Ogerpon|Ogerpon-Wellspring, F|100/100|[from] Flip Turn
|
|upkeep
|turn|5
|
|t:|1760443431
|-end|p2a: Walking Wake|Protosynthesis|[silent]
|switch|p2a: Scizor|Scizor, F, shiny|100/100
|move|p1a: Ogerpon|Substitute|p1a: Ogerpon
|-start|p1a: Ogerpon|Substitute
|-damage|p1a: Ogerpon|76/100
|
|upkeep
|turn|6
|
|t:|1760443438
|move|p2a: Scizor|Bullet Punch|p1a: Ogerpon
|-resisted|p1a: Ogerpon
|-end|p1a: Ogerpon|Substitute
|move|p1a: Ogerpon|Ivy Cudgel|p2a: Scizor|[anim] Ivy Cudgel Water
|-damage|p2a: Scizor|38/100
|
|upkeep
|turn|7
|
|t:|1760443451
|switch|p1a: Corviknight|Corviknight, M, shiny|100/100
|-ability|p1a: Corviknight|Unnerve
|-terastallize|p2a: Scizor|Steel
|move|p2a: Scizor|Bullet Punch|p1a: Corviknight
|-resisted|p1a: Corviknight
|-damage|p1a: Corviknight|76/100
|-damage|p2a: Scizor|22/100|[from] item: Rocky Helmet|[of] p1a: Corviknight
|
|upkeep
|turn|8
|
|t:|1760443463
|switch|p2a: Walking Wake|Walking Wake|86/100
|move|p1a: Corviknight|Iron Head|p2a: Walking Wake
|-resisted|p2a: Walking Wake
|-damage|p2a: Walking Wake|71/100
|
|upkeep
|turn|9
|
|t:|1760443470
|switch|p1a: Alomomola|Alomomola, F, shiny|100/100
|move|p2a: Walking Wake|Flamethrower|p1a: Alomomola
|-resisted|p1a: Alomomola
|-damage|p1a: Alomomola|81/100
|-status|p1a: Alomomola|brn
|-damage|p2a: Walking Wake|61/100|[from] item: Life Orb
|
|-heal|p1a: Alomomola|87/100 brn|[from] item: Leftovers
|-damage|p1a: Alomomola|81/100 brn|[from] brn
|upkeep
|turn|10
|
|t:|1760443483
|move|p2a: Walking Wake|Draco Meteor|p1a: Alomomola
|-damage|p1a: Alomomola|0 fnt
|-unboost|p2a: Walking Wake|spa|2
|faint|p1a: Alomomola
|-damage|p2a: Walking Wake|51/100|[from] item: Life Orb
|
|upkeep
|
|t:|1760443487
|switch|p1a: Ogerpon|Ogerpon-Wellspring, F|76/100
|turn|11
|
|t:|1760443495
|-end|p2a: Walking Wake|Protosynthesis|[silent]
|switch|p2a: Meowscarada|Meowscarada, F, shiny|100/100
|move|p1a: Ogerpon|Substitute|p1a: Ogerpon
|-start|p1a: Ogerpon|Substitute
|-damage|p1a: Ogerpon|51/100
|
|upkeep
|turn|12
|
|t:|1760443516
|move|p2a: Meowscarada|Triple Axel|p1a: Ogerpon
|-start|p2a: Meowscarada|typechange|Ice|[from] ability: Protean
|-activate|p1a: Ogerpon|move: Substitute|[damage]
|-end|p1a: Ogerpon|Substitute
|-damage|p1a: Ogerpon|15/100
|-hitcount|p1a: Ogerpon|3
|move|p1a: Ogerpon|Ivy Cudgel|p2a: Meowscarada|[anim] Ivy Cudgel Water
|-damage|p2a: Meowscarada|7/100
|
|upkeep
|turn|13
|
|t:|1760443532
|switch|p2a: Walking Wake|Walking Wake|51/100
|switch|p1a: Corviknight|Corviknight, M, shiny|76/100
|-ability|p1a: Corviknight|Unnerve
|
|upkeep
|turn|14
|
|t:|1760443540
|move|p2a: Walking Wake|Flamethrower|p1a: Corviknight
|-supereffective|p1a: Corviknight
|-damage|p1a: Corviknight|23/100
|-damage|p2a: Walking Wake|41/100|[from] item: Life Orb
|move|p1a: Corviknight|Drill Peck|p2a: Walking Wake
|-damage|p2a: Walking Wake|12/100
|
|upkeep
|turn|15
|
|t:|1760443550
|move|p2a: Walking Wake|Draco Meteor|p1a: Corviknight
|-resisted|p1a: Corviknight
|-crit|p1a: Corviknight
|-damage|p1a: Corviknight|0 fnt
|-unboost|p2a: Walking Wake|spa|2
|faint|p1a: Corviknight
|-damage|p2a: Walking Wake|2/100|[from] item: Life Orb
|
|upkeep
|
|t:|1760443556
|switch|p1a: Ogerpon|Ogerpon-Wellspring, F|15/100
|turn|16
|
|t:|1760443566
|move|p1a: Ogerpon|Ivy Cudgel|p2a: Walking Wake|[anim] Ivy Cudgel Water
|-resisted|p2a: Walking Wake
|-damage|p2a: Walking Wake|0 fnt
|faint|p2a: Walking Wake
|-end|p2a: Walking Wake|Protosynthesis|[silent]
|
|upkeep
|
|t:|1760443574
|switch|p2a: Scizor|Scizor, F, shiny, tera:Steel|22/100
|turn|17
|
|t:|1760443577
|switch|p1a: Skeledirge|Skeledirge, F, shiny|100/100
|move|p2a: Scizor|Bullet Punch|p1a: Skeledirge
|-resisted|p1a: Skeledirge
|-damage|p1a: Skeledirge|79/100
|
|-heal|p1a: Skeledirge|85/100|[from] item: Leftovers
|upkeep
|turn|18
|
|t:|1760443589
|switch|p2a: Krookodile|Krookodile, F|100/100
|move|p1a: Skeledirge|Shadow Ball|p2a: Krookodile
|-resisted|p2a: Krookodile
|-damage|p2a: Krookodile|78/100
|
|-heal|p1a: Skeledirge|91/100|[from] item: Leftovers
|upkeep
|turn|19
|
|t:|1760443603
|-terastallize|p1a: Skeledirge|Grass
|move|p2a: Krookodile|Earthquake|p1a: Skeledirge
|-resisted|p1a: Skeledirge
|-damage|p1a: Skeledirge|70/100
|move|p1a: Skeledirge|Will-O-Wisp|p2a: Krookodile
|-status|p2a: Krookodile|brn
|
|-heal|p1a: Skeledirge|76/100|[from] item: Leftovers
|-damage|p2a: Krookodile|72/100 brn|[from] brn
|upkeep
|turn|20
|
|t:|1760443621
|switch|p2a: Zapdos|Zapdos|100/100
|move|p1a: Skeledirge|Torch Song|p2a: Zapdos
|-damage|p2a: Zapdos|64/100
|-boost|p1a: Skeledirge|spa|1
|
|-heal|p1a: Skeledirge|82/100|[from] item: Leftovers
|upkeep
|turn|21
|
|t:|1760443632
|move|p2a: Zapdos|Heat Wave|p1a: Skeledirge
|-supereffective|p1a: Skeledirge
|-damage|p1a: Skeledirge|8/100
|move|p1a: Skeledirge|Torch Song|p2a: Zapdos
|-damage|p2a: Zapdos|4/100
|-boost|p1a: Skeledirge|spa|1
|
|-heal|p1a: Skeledirge|14/100|[from] item: Leftovers
|upkeep
|turn|22
|
|t:|1760443647
|switch|p1a: Clodsire|Clodsire, M, shiny|100/100
|move|p2a: Zapdos|Heat Wave|p1a: Clodsire
|-crit|p1a: Clodsire
|-damage|p1a: Clodsire|59/100
|
|-heal|p1a: Clodsire|65/100|[from] item: Black Sludge
|upkeep
|turn|23
|
|t:|1760443666
|switch|p2a: Deoxys|Deoxys-Defense|100/100
|-ability|p2a: Deoxys|Pressure
|move|p1a: Clodsire|Toxic|p2a: Deoxys
|-status|p2a: Deoxys|tox
|
|-heal|p1a: Clodsire|71/100|[from] item: Black Sludge
|-damage|p2a: Deoxys|94/100 tox|[from] psn
|upkeep
|turn|24
|
|t:|1760443677
|move|p1a: Clodsire|Protect|p1a: Clodsire
|-singleturn|p1a: Clodsire|Protect
|move|p2a: Deoxys|Stealth Rock|p1a: Clodsire
|-sidestart|p1: xiaoshenyoukaigual|move: Stealth Rock
|
|-heal|p2a: Deoxys|100/100 tox|[from] item: Leftovers
|-heal|p1a: Clodsire|78/100|[from] item: Black Sludge
|-damage|p2a: Deoxys|88/100 tox|[from] psn
|upkeep
|turn|25
|
|t:|1760443688
|move|p2a: Deoxys|Knock Off|p1a: Clodsire
|-damage|p1a: Clodsire|58/100
|-enditem|p1a: Clodsire|Black Sludge|[from] move: Knock Off|[of] p2a: Deoxys
|move|p1a: Clodsire|Earthquake|p2a: Deoxys
|-damage|p2a: Deoxys|66/100 tox
|
|-heal|p2a: Deoxys|73/100 tox|[from] item: Leftovers
|-damage|p2a: Deoxys|54/100 tox|[from] psn
|upkeep
|turn|26
|
|t:|1760443699
|switch|p2a: Zapdos|Zapdos|4/100
|move|p1a: Clodsire|Recover|p1a: Clodsire
|-heal|p1a: Clodsire|100/100
|
|upkeep
|turn|27
|
|t:|1760443710
|move|p2a: Zapdos|Volt Switch|p1a: Clodsire
|-immune|p1a: Clodsire
|move|p1a: Clodsire|Toxic|p2a: Zapdos
|-status|p2a: Zapdos|tox
|
|-damage|p2a: Zapdos|0 fnt|[from] psn
|faint|p2a: Zapdos
|upkeep
|inactive|hcyaiiu has 120 seconds left.
|
|t:|1760443728
|switch|p2a: Scizor|Scizor, F, shiny, tera:Steel|22/100
|turn|28
|
|t:|1760443735
|move|p2a: Scizor|Close Combat|p1a: Clodsire
|-resisted|p1a: Clodsire
|-damage|p1a: Clodsire|75/100
|-unboost|p2a: Scizor|def|1
|-unboost|p2a: Scizor|spd|1
|move|p1a: Clodsire|Earthquake|p2a: Scizor
|-supereffective|p2a: Scizor
|-damage|p2a: Scizor|0 fnt
|faint|p2a: Scizor
|
|upkeep
|inactive|hcyaiiu has 120 seconds left.
|
|t:|1760443749
|switch|p2a: Deoxys|Deoxys-Defense|54/100 tox
|-ability|p2a: Deoxys|Pressure
|turn|29
|
|t:|1760443754
|move|p1a: Clodsire|Protect|p1a: Clodsire
|-singleturn|p1a: Clodsire|Protect
|move|p2a: Deoxys|Spikes|p1a: Clodsire
|-sidestart|p1: xiaoshenyoukaigual|Spikes
|
|-heal|p2a: Deoxys|60/100 tox|[from] item: Leftovers
|-damage|p2a: Deoxys|54/100 tox|[from] psn
|upkeep
|turn|30
|
|t:|1760443765
|switch|p2a: Krookodile|Krookodile, F|72/100 brn
|switch|p1a: Ogerpon|Ogerpon-Wellspring, F|15/100
|-damage|p1a: Ogerpon|2/100|[from] Stealth Rock
|-damage|p1a: Ogerpon|0 fnt|[from] Spikes
|faint|p1a: Ogerpon
|
|-damage|p2a: Krookodile|66/100 brn|[from] brn
|upkeep
|
|t:|1760443774
|switch|p1a: Garganacl|Garganacl, M, shiny|100/100
|-damage|p1a: Garganacl|88/100|[from] Stealth Rock
|-damage|p1a: Garganacl|76/100|[from] Spikes
|turn|31
|
|t:|1760443782
|move|p2a: Krookodile|Earthquake|p1a: Garganacl
|-supereffective|p1a: Garganacl
|-damage|p1a: Garganacl|47/100
|move|p1a: Garganacl|Salt Cure|p2a: Krookodile
|-resisted|p2a: Krookodile
|-damage|p2a: Krookodile|57/100 brn
|-start|p2a: Krookodile|Salt Cure
|
|-heal|p1a: Garganacl|53/100|[from] item: Leftovers
|-damage|p2a: Krookodile|50/100 brn|[from] brn
|-damage|p2a: Krookodile|38/100 brn|[from] Salt Cure
|upkeep
|turn|32
|
|t:|1760443796
|switch|p2a: Deoxys|Deoxys-Defense|54/100 tox
|-ability|p2a: Deoxys|Pressure
|move|p1a: Garganacl|Recover|p1a: Garganacl
|-heal|p1a: Garganacl|100/100
|
|-heal|p2a: Deoxys|60/100 tox|[from] item: Leftovers
|-damage|p2a: Deoxys|54/100 tox|[from] psn
|upkeep
|turn|33
|
|t:|1760443807
|switch|p1a: Skeledirge|Skeledirge, F, shiny, tera:Grass|14/100
|-damage|p1a: Skeledirge|2/100|[from] Stealth Rock
|-damage|p1a: Skeledirge|0 fnt|[from] Spikes
|faint|p1a: Skeledirge
|move|p2a: Deoxys|Thunder Wave|p1: Skeledirge|[notarget]
|-fail|p2a: Deoxys
|
|-heal|p2a: Deoxys|60/100 tox|[from] item: Leftovers
|-damage|p2a: Deoxys|48/100 tox|[from] psn
|upkeep
|
|t:|1760443812
|switch|p1a: Garganacl|Garganacl, M, shiny|100/100
|-damage|p1a: Garganacl|88/100|[from] Stealth Rock
|-damage|p1a: Garganacl|76/100|[from] Spikes
|turn|34
|
|t:|1760443824
|move|p1a: Garganacl|Protect|p1a: Garganacl
|-singleturn|p1a: Garganacl|Protect
|move|p2a: Deoxys|Thunder Wave|p1a: Garganacl
|-activate|p1a: Garganacl|move: Protect
|
|-heal|p2a: Deoxys|54/100 tox|[from] item: Leftovers
|-heal|p1a: Garganacl|82/100|[from] item: Leftovers
|-damage|p2a: Deoxys|35/100 tox|[from] psn
|upkeep
|turn|35
|
|t:|1760443835
|switch|p2a: Krookodile|Krookodile, F|38/100 brn
|move|p1a: Garganacl|Salt Cure|p2a: Krookodile
|-resisted|p2a: Krookodile
|-damage|p2a: Krookodile|29/100 brn
|-start|p2a: Krookodile|Salt Cure
|
|-heal|p1a: Garganacl|88/100|[from] item: Leftovers
|-damage|p2a: Krookodile|23/100 brn|[from] brn
|-damage|p2a: Krookodile|11/100 brn|[from] Salt Cure
|upkeep
|turn|36
|
|t:|1760443849
|switch|p2a: Deoxys|Deoxys-Defense|35/100 tox
|-ability|p2a: Deoxys|Pressure
|move|p1a: Garganacl|Salt Cure|p2a: Deoxys
|-damage|p2a: Deoxys|25/100 tox
|-start|p2a: Deoxys|Salt Cure
|
|-heal|p2a: Deoxys|31/100 tox|[from] item: Leftovers
|-heal|p1a: Garganacl|94/100|[from] item: Leftovers
|-damage|p2a: Deoxys|25/100 tox|[from] psn
|-damage|p2a: Deoxys|12/100 tox|[from] Salt Cure
|upkeep
|turn|37
|
|t:|1760443862
|move|p1a: Garganacl|Protect|p1a: Garganacl
|-singleturn|p1a: Garganacl|Protect
|move|p2a: Deoxys|Spikes|p1a: Garganacl
|-sidestart|p1: xiaoshenyoukaigual|Spikes
|
|-heal|p2a: Deoxys|19/100 tox|[from] item: Leftovers
|-heal|p1a: Garganacl|100/100|[from] item: Leftovers
|-damage|p2a: Deoxys|6/100 tox|[from] psn
|-damage|p2a: Deoxys|0 fnt|[from] Salt Cure
|faint|p2a: Deoxys
|upkeep
|
|t:|1760443875
|switch|p2a: Meowscarada|Meowscarada, F, shiny|7/100
|turn|38
|
|t:|1760443893
|move|p2a: Meowscarada|Triple Axel|p1a: Garganacl
|-start|p2a: Meowscarada|typechange|Ice|[from] ability: Protean
|-damage|p1a: Garganacl|95/100
|-damage|p1a: Garganacl|84/100
|-damage|p1a: Garganacl|66/100
|-hitcount|p1a: Garganacl|3
|move|p1a: Garganacl|Salt Cure|p2a: Meowscarada
|-supereffective|p2a: Meowscarada
|-damage|p2a: Meowscarada|0 fnt
|faint|p2a: Meowscarada
|
|-heal|p1a: Garganacl|72/100|[from] item: Leftovers
|upkeep
|-message|hcyaiiu forfeited.
|
|win|xiaoshenyoukaigual
|raw|xiaoshenyoukaigual's rating: 1259 &rarr; <strong>1285</strong><br />(+26 for winning)
|raw|hcyaiiu's rating: 1267 &rarr; <strong>1241</strong><br />(-26 for losing)
|l|☆hcyaiiu
|player|p2|
|l|☆xiaoshenyoukaigual
|player|p1|
