|j|☆venator
|j|☆BernirdoS
|t:|1760366478
|gametype|singles
|player|p1|venator|acetrainer-gen4dp|1140
|player|p2|BernirdoS|janitor|1118
|gen|9
|tier|[Gen 9] OU
|rated|
|rule|HP Percentage Mod: HP is shown in percentages
|rule|Endless Battle Clause: Forcing endless battles is banned
|rule|Species Clause: Limit one of each Pokémon
|rule|OHKO Clause: OHKO moves are banned
|rule|Evasion Items Clause: Evasion items are banned
|rule|Evasion Moves Clause: Evasion moves are banned
|rule|Evasion Abilities Clause: Evasion abilities are banned
|rule|Sleep Moves Clause: Sleep-inducing moves are banned
|clearpoke
|poke|p1|Magcargo, M|
|poke|p1|Toxapex, F|
|poke|p1|Dragonite, M|
|poke|p1|Breloom, M|
|poke|p1|Hatterene, F|
|poke|p1|Forretress, M|
|poke|p2|Ribombee, F|
|poke|p2|Gholdengo|
|poke|p2|Gliscor, F|
|poke|p2|Great Tusk|
|poke|p2|Kommo-o, F|
|poke|p2|Iron Moth|
|teampreview
|inactive|Battle timer is ON: inactive players will automatically lose when time's up. (requested by BernirdoS)
|
|t:|1760366484
|teamsize|p1|6
|teamsize|p2|6
|start
|switch|p1a: Forretress|Forretress, M|100/100
|switch|p2a: Gholdengo|Gholdengo|100/100
|turn|1
|
|t:|1760366492
|move|p2a: Gholdengo|Trick|p1a: Forretress
|-activate|p2a: Gholdengo|move: Trick|[of] p1a: Forretress
|-item|p1a: Forretress|Choice Scarf|[from] move: Trick
|-item|p2a: Gholdengo|Iron Ball|[from] move: Trick
|move|p1a: Forretress|Stealth Rock|p2a: Gholdengo
|-sidestart|p2: BernirdoS|move: Stealth Rock
|
|upkeep
|turn|2
|
|t:|1760366501
|switch|p1a: Magcargo|Magcargo, M|100/100
|move|p2a: Gholdengo|Shadow Ball|p1a: Magcargo
|-damage|p1a: Magcargo|49/100
|
|upkeep
|turn|3
|
|t:|1760366508
|move|p2a: Gholdengo|Shadow Ball|p1a: Magcargo
|-damage|p1a: Magcargo|0 fnt
|faint|p1a: Magcargo
|
|upkeep
|
|t:|1760366515
|switch|p1a: Dragonite|Dragonite, M|100/100
|turn|4
|
|t:|1760366517
|move|p1a: Dragonite|Dragon Dance|p1a: Dragonite
|-boost|p1a: Dragonite|atk|1
|-boost|p1a: Dragonite|spe|1
|move|p2a: Gholdengo|Trick|p1a: Dragonite
|-activate|p2a: Gholdengo|move: Trick|[of] p1a: Dragonite
|-item|p1a: Dragonite|Iron Ball|[from] move: Trick
|-item|p2a: Gholdengo|Heavy-Duty Boots|[from] move: Trick
|
|upkeep
|turn|5
|
|t:|1760366527
|move|p2a: Gholdengo|Make It Rain|p1a: Dragonite
|-damage|p1a: Dragonite|70/100
|-unboost|p2a: Gholdengo|spa|1
|move|p1a: Dragonite|Fire Punch|p2a: Gholdengo
|-supereffective|p2a: Gholdengo
|-damage|p2a: Gholdengo|8/100
|
|upkeep
|turn|6
|
|t:|1760366536
|move|p1a: Dragonite|Extreme Speed|p2a: Gholdengo
|-immune|p2a: Gholdengo
|move|p2a: Gholdengo|Memento|p1a: Dragonite
|-unboost|p1a: Dragonite|atk|2
|-unboost|p1a: Dragonite|spa|2
|faint|p2a: Gholdengo
|
|upkeep
|
|t:|1760366541
|switch|p2a: Gliscor|Gliscor, F|100/100
|-damage|p2a: Gliscor|88/100|[from] Stealth Rock
|turn|7
|
|t:|1760366550
|switch|p1a: Hatterene|Hatterene, F|100/100
|move|p2a: Gliscor|Swords Dance|p2a: Gliscor
|-boost|p2a: Gliscor|atk|2
|
|-status|p2a: Gliscor|tox|[from] item: Toxic Orb
|upkeep
|turn|8
|
|t:|1760366559
|move|p2a: Gliscor|Stealth Rock|p1a: Hatterene
|move|p1a: Hatterene|Stealth Rock||[from] ability: Magic Bounce|[still]
|-fail|p1a: Hatterene
|move|p1a: Hatterene|Calm Mind|p1a: Hatterene
|-boost|p1a: Hatterene|spa|1
|-boost|p1a: Hatterene|spd|1
|
|-heal|p2a: Gliscor|100/100 tox|[from] ability: Poison Heal
|upkeep
|turn|9
|
|t:|1760366570
|move|p2a: Gliscor|Facade|p1a: Hatterene
|-damage|p1a: Hatterene|12/100
|move|p1a: Hatterene|Draining Kiss|p2a: Gliscor
|-crit|p2a: Gliscor
|-damage|p2a: Gliscor|1/100 tox
|-heal|p1a: Hatterene|81/100|[from] drain|[of] p2a: Gliscor
|
|-heal|p1a: Hatterene|87/100|[from] item: Leftovers
|-heal|p2a: Gliscor|14/100 tox|[from] ability: Poison Heal
|upkeep
|turn|10
|
|t:|1760366581
|move|p2a: Gliscor|Facade|p1a: Hatterene
|-damage|p1a: Hatterene|0 fnt
|faint|p1a: Hatterene
|
|-heal|p2a: Gliscor|26/100 tox|[from] ability: Poison Heal
|upkeep
|
|t:|1760366589
|switch|p1a: Dragonite|Dragonite, M|70/100
|turn|11
|
|t:|1760366596
|move|p1a: Dragonite|Extreme Speed|p2a: Gliscor
|-damage|p2a: Gliscor|0 fnt
|faint|p2a: Gliscor
|
|upkeep
|
|t:|1760366599
|switch|p2a: Great Tusk|Great Tusk|100/100
|-damage|p2a: Great Tusk|98/100|[from] Stealth Rock
|turn|12
|
|t:|1760366608
|switch|p1a: Forretress|Forretress, M|100/100
|move|p2a: Great Tusk|Rapid Spin|p1a: Forretress
|-resisted|p1a: Forretress
|-damage|p1a: Forretress|95/100
|-boost|p2a: Great Tusk|spe|1
|-sideend|p2: BernirdoS|Stealth Rock|[from] move: Rapid Spin|[of] p2a: Great Tusk
|
|upkeep
|turn|13
|
|t:|1760366617
|-end|p2a: Great Tusk|Protosynthesis|[silent]
|switch|p2a: Kommo-o|Kommo-o, F|100/100
|move|p1a: Forretress|Stealth Rock|p2a: Kommo-o
|-sidestart|p2: BernirdoS|move: Stealth Rock
|
|upkeep
|turn|14
|
|t:|1760366628
|switch|p1a: Toxapex|Toxapex, F|100/100
|move|p2a: Kommo-o|Clangorous Soul|p2a: Kommo-o
|-boost|p2a: Kommo-o|atk|1
|-boost|p2a: Kommo-o|def|1
|-boost|p2a: Kommo-o|spa|1
|-boost|p2a: Kommo-o|spd|1
|-boost|p2a: Kommo-o|spe|1
|-damage|p2a: Kommo-o|68/100
|
|-heal|p2a: Kommo-o|74/100|[from] item: Leftovers
|upkeep
|turn|15
|
|t:|1760366640
|-terastallize|p2a: Kommo-o|Steel
|move|p2a: Kommo-o|Clangorous Soul|p2a: Kommo-o
|-boost|p2a: Kommo-o|atk|1
|-boost|p2a: Kommo-o|def|1
|-boost|p2a: Kommo-o|spa|1
|-boost|p2a: Kommo-o|spd|1
|-boost|p2a: Kommo-o|spe|1
|-damage|p2a: Kommo-o|41/100
|move|p1a: Toxapex|Haze|p1a: Toxapex
|-clearallboost
|
|-heal|p2a: Kommo-o|47/100|[from] item: Leftovers
|upkeep
|turn|16
|
|t:|1760366653
|move|p2a: Kommo-o|Iron Head|p1a: Toxapex
|-resisted|p1a: Toxapex
|-damage|p1a: Toxapex|90/100
|move|p1a: Toxapex|Water Pulse|p2a: Kommo-o
|-damage|p2a: Kommo-o|31/100
|
|-heal|p2a: Kommo-o|37/100|[from] item: Leftovers
|-heal|p1a: Toxapex|96/100|[from] item: Leftovers
|upkeep
|turn|17
|
|t:|1760366662
|move|p2a: Kommo-o|Dragon Claw|p1a: Toxapex
|-damage|p1a: Toxapex|74/100
|move|p1a: Toxapex|Water Pulse|p2a: Kommo-o
|-damage|p2a: Kommo-o|22/100
|
|-heal|p2a: Kommo-o|29/100|[from] item: Leftovers
|-heal|p1a: Toxapex|80/100|[from] item: Leftovers
|upkeep
|turn|18
|
|t:|1760366671
|move|p2a: Kommo-o|Dragon Claw|p1a: Toxapex
|-damage|p1a: Toxapex|59/100
|move|p1a: Toxapex|Water Pulse|p2a: Kommo-o
|-damage|p2a: Kommo-o|13/100
|
|-heal|p2a: Kommo-o|19/100|[from] item: Leftovers
|-heal|p1a: Toxapex|65/100|[from] item: Leftovers
|upkeep
|turn|19
|
|t:|1760366681
|move|p2a: Kommo-o|Dragon Claw|p1a: Toxapex
|-damage|p1a: Toxapex|42/100
|move|p1a: Toxapex|Water Pulse|p2a: Kommo-o
|-damage|p2a: Kommo-o|3/100
|
|-heal|p2a: Kommo-o|9/100|[from] item: Leftovers
|-heal|p1a: Toxapex|48/100|[from] item: Leftovers
|upkeep
|turn|20
|
|t:|1760366689
|move|p2a: Kommo-o|Dragon Claw|p1a: Toxapex
|-damage|p1a: Toxapex|26/100
|move|p1a: Toxapex|Water Pulse|p2a: Kommo-o
|-damage|p2a: Kommo-o|0 fnt
|faint|p2a: Kommo-o
|
|-heal|p1a: Toxapex|33/100|[from] item: Leftovers
|upkeep
|
|t:|1760366694
|switch|p2a: Great Tusk|Great Tusk|98/100
|-damage|p2a: Great Tusk|95/100|[from] Stealth Rock
|turn|21
|
|t:|1760366702
|switch|p1a: Dragonite|Dragonite, M|70/100
|move|p2a: Great Tusk|Rapid Spin|p1a: Dragonite
|-damage|p1a: Dragonite|49/100
|-boost|p2a: Great Tusk|spe|1
|-sideend|p2: BernirdoS|Stealth Rock|[from] move: Rapid Spin|[of] p2a: Great Tusk
|
|upkeep
|turn|22
|
|t:|1760366722
|-end|p2a: Great Tusk|Protosynthesis|[silent]
|switch|p2a: Iron Moth|Iron Moth|100/100
|-enditem|p2a: Iron Moth|Booster Energy
|-activate|p2a: Iron Moth|ability: Quark Drive|[fromitem]
|-start|p2a: Iron Moth|quarkdrivespe
|move|p1a: Dragonite|Fire Punch|p2a: Iron Moth
|-resisted|p2a: Iron Moth
|-damage|p2a: Iron Moth|81/100
|
|upkeep
|turn|23
|
|t:|1760366731
|move|p2a: Iron Moth|Fiery Dance|p1a: Dragonite
|-resisted|p1a: Dragonite
|-damage|p1a: Dragonite|26/100
|move|p1a: Dragonite|Earthquake|p2a: Iron Moth
|-supereffective|p2a: Iron Moth
|-crit|p2a: Iron Moth
|-damage|p2a: Iron Moth|0 fnt
|faint|p2a: Iron Moth
|-end|p2a: Iron Moth|Quark Drive|[silent]
|
|upkeep
|-message|BernirdoS forfeited.
|
|win|venator
|raw|venator's rating: 1140 &rarr; <strong>1163</strong><br />(+23 for winning)
|raw|BernirdoS's rating: 1118 &rarr; <strong>1095</strong><br />(-23 for losing)
|l|☆BernirdoS
|player|p2|
|l|☆venator
|player|p1|
