|j|☆avitross
|j|☆real water resist
|t:|1760299297
|gametype|singles
|player|p1|avitross|266|1651
|player|p2|real water resist|lass-gen8|1699
|gen|9
|tier|[Gen 9] OU
|rated|
|rule|HP Percentage Mod: HP is shown in percentages
|rule|Endless Battle Clause: Forcing endless battles is banned
|rule|Species Clause: Limit one of each Pokémon
|rule|OHKO Clause: OHKO moves are banned
|rule|Evasion Items Clause: Evasion items are banned
|rule|Evasion Moves Clause: Evasion moves are banned
|rule|Evasion Abilities Clause: Evasion abilities are banned
|rule|Sleep Moves Clause: Sleep-inducing moves are banned
|clearpoke
|poke|p1|Whimsicott, F|
|poke|p1|Great Tusk|
|poke|p1|Ninetales, F|
|poke|p1|Volcanion|
|poke|p1|Blaziken, F|
|poke|p1|Venusaur, M|
|poke|p2|Enamorus, F|
|poke|p2|Kyurem|
|poke|p2|Primarina, M|
|poke|p2|Dragapult, F|
|poke|p2|Iron Treads|
|poke|p2|Kingambit, F|
|teampreview
|inactive|Battle timer is ON: inactive players will automatically lose when time's up. (requested by real water resist)
|j| Kyurem
|inactive|avitross has 120 seconds left.
|inactive|real water resist has 120 seconds left.
|
|t:|1760299345
|teamsize|p1|6
|teamsize|p2|6
|start
|switch|p1a: Ninetales|Ninetales, F|100/100
|switch|p2a: MUGGING HOES🔫💰|Primarina, M|100/100
|-weather|SunnyDay|[from] ability: Drought|[of] p1a: Ninetales
|turn|1
|
|t:|1760299353
|switch|p1a: Volcanion|Volcanion|100/100
|move|p2a: MUGGING HOES🔫💰|Moonblast|p1a: Volcanion
|-resisted|p1a: Volcanion
|-damage|p1a: Volcanion|70/100
|-unboost|p1a: Volcanion|spa|1
|
|-weather|SunnyDay|[upkeep]
|upkeep
|turn|2
|
|t:|1760299372
|move|p1a: Volcanion|Solar Beam||[still]
|-prepare|p1a: Volcanion|Solar Beam
|-anim|p1a: Volcanion|Solar Beam|p2a: MUGGING HOES🔫💰
|-supereffective|p2a: MUGGING HOES🔫💰
|-damage|p2a: MUGGING HOES🔫💰|12/100
|move|p2a: MUGGING HOES🔫💰|Moonblast|p1a: Volcanion
|-resisted|p1a: Volcanion
|-damage|p1a: Volcanion|38/100
|
|-weather|SunnyDay|[upkeep]
|-heal|p2a: MUGGING HOES🔫💰|18/100|[from] item: Leftovers
|upkeep
|turn|3
|
|t:|1760299397
|switch|p1a: Venusaur|Venusaur, M|100/100
|move|p2a: MUGGING HOES🔫💰|Moonblast|p1a: Venusaur
|-resisted|p1a: Venusaur
|-damage|p1a: Venusaur|71/100
|-unboost|p1a: Venusaur|spa|1
|
|-weather|SunnyDay|[upkeep]
|-heal|p2a: MUGGING HOES🔫💰|24/100|[from] item: Leftovers
|upkeep
|turn|4
|
|t:|1760299409
|move|p1a: Venusaur|Giga Drain|p2a: MUGGING HOES🔫💰
|-supereffective|p2a: MUGGING HOES🔫💰
|-damage|p2a: MUGGING HOES🔫💰|0 fnt
|-heal|p1a: Venusaur|83/100|[from] drain|[of] p2a: MUGGING HOES🔫💰
|faint|p2a: MUGGING HOES🔫💰
|-damage|p1a: Venusaur|73/100|[from] item: Life Orb
|
|-weather|SunnyDay|[upkeep]
|upkeep
|
|t:|1760299417
|switch|p2a: SUPER🦞HYPERFANGED|Dragapult, F|100/100
|turn|5
|inactive|avitross has 120 seconds left.
|
|t:|1760299456
|switch|p1a: Volcanion|Volcanion|38/100
|move|p2a: SUPER🦞HYPERFANGED|Dragon Dance|p2a: SUPER🦞HYPERFANGED
|-boost|p2a: SUPER🦞HYPERFANGED|atk|1
|-boost|p2a: SUPER🦞HYPERFANGED|spe|1
|
|-weather|SunnyDay|[upkeep]
|upkeep
|turn|6
|
|t:|1760299465
|move|p2a: SUPER🦞HYPERFANGED|Dragon Darts|p1a: Volcanion
|-damage|p1a: Volcanion|0 fnt
|faint|p1a: Volcanion
|
|-weather|SunnyDay|[upkeep]
|upkeep
|
|t:|1760299469
|switch|p1a: Whimsicott|Whimsicott, F|100/100
|turn|7
|
|t:|1760299489
|-terastallize|p2a: SUPER🦞HYPERFANGED|Fire
|move|p1a: Whimsicott|Moonblast|p2a: SUPER🦞HYPERFANGED
|-resisted|p2a: SUPER🦞HYPERFANGED
|-damage|p2a: SUPER🦞HYPERFANGED|69/100
|-damage|p1a: Whimsicott|91/100|[from] item: Life Orb
|move|p2a: SUPER🦞HYPERFANGED|Tera Blast|p1a: Whimsicott|[anim] Tera Blast Fire
|-supereffective|p1a: Whimsicott
|-damage|p1a: Whimsicott|0 fnt
|faint|p1a: Whimsicott
|
|-weather|SunnyDay|[upkeep]
|upkeep
|inactive|avitross has 120 seconds left.
|
|t:|1760299525
|switch|p1a: Great Tusk|Great Tusk|100/100
|-activate|p1a: Great Tusk|ability: Protosynthesis
|-start|p1a: Great Tusk|protosynthesisatk
|turn|8
|inactive|real water resist has 120 seconds left.
|
|t:|1760299579
|move|p2a: SUPER🦞HYPERFANGED|Will-O-Wisp|p1a: Great Tusk
|-status|p1a: Great Tusk|brn
|move|p1a: Great Tusk|Headlong Rush|p2a: SUPER🦞HYPERFANGED
|-supereffective|p2a: SUPER🦞HYPERFANGED
|-damage|p2a: SUPER🦞HYPERFANGED|0 fnt
|-unboost|p1a: Great Tusk|def|1
|-unboost|p1a: Great Tusk|spd|1
|faint|p2a: SUPER🦞HYPERFANGED
|
|-weather|none
|-end|p1a: Great Tusk|Protosynthesis
|-damage|p1a: Great Tusk|94/100 brn|[from] brn
|upkeep
|j| invmenot
|
|t:|1760299589
|switch|p2a: PRISSY💋BITCH|Enamorus, F|100/100
|turn|9
|j| paternozzo
|
|t:|1760299606
|-end|p1a: Great Tusk|Protosynthesis|[silent]
|switch|p1a: Ninetales|Ninetales, F|100/100
|-weather|SunnyDay|[from] ability: Drought|[of] p1a: Ninetales
|move|p2a: PRISSY💋BITCH|Agility|p2a: PRISSY💋BITCH
|-boost|p2a: PRISSY💋BITCH|spe|2
|
|-weather|SunnyDay|[upkeep]
|upkeep
|turn|10
|
|t:|1760299618
|move|p2a: PRISSY💋BITCH|Earth Power|p1a: Ninetales
|-supereffective|p1a: Ninetales
|-damage|p1a: Ninetales|16/100
|-damage|p2a: PRISSY💋BITCH|91/100|[from] item: Life Orb
|move|p1a: Ninetales|Encore|p2a: PRISSY💋BITCH
|-start|p2a: PRISSY💋BITCH|Encore
|
|-weather|SunnyDay|[upkeep]
|upkeep
|turn|11
|inactive|avitross has 90 seconds left.
|
|t:|1760299655
|move|p2a: PRISSY💋BITCH|Earth Power|p1a: Ninetales
|-supereffective|p1a: Ninetales
|-damage|p1a: Ninetales|0 fnt
|faint|p1a: Ninetales
|-damage|p2a: PRISSY💋BITCH|81/100|[from] item: Life Orb
|
|-weather|SunnyDay|[upkeep]
|upkeep
|
|t:|1760299665
|switch|p1a: Venusaur|Venusaur, M|73/100
|turn|12
|
|t:|1760299671
|switch|p2a: BRICK 🧱 OWENS|Iron Treads|100/100
|-enditem|p2a: BRICK 🧱 OWENS|Booster Energy
|-activate|p2a: BRICK 🧱 OWENS|ability: Quark Drive|[fromitem]
|-start|p2a: BRICK 🧱 OWENS|quarkdrivespe
|move|p1a: Venusaur|Sludge Bomb|p2a: BRICK 🧱 OWENS
|-immune|p2a: BRICK 🧱 OWENS
|
|-weather|SunnyDay|[upkeep]
|upkeep
|turn|13
|j| fulls
|inactive|real water resist has 120 seconds left.
|
|t:|1760299700
|move|p1a: Venusaur|Earth Power|p2a: BRICK 🧱 OWENS
|-supereffective|p2a: BRICK 🧱 OWENS
|-damage|p2a: BRICK 🧱 OWENS|0 fnt
|faint|p2a: BRICK 🧱 OWENS
|-end|p2a: BRICK 🧱 OWENS|Quark Drive|[silent]
|-damage|p1a: Venusaur|63/100|[from] item: Life Orb
|
|-weather|SunnyDay|[upkeep]
|upkeep
|
|t:|1760299706
|switch|p2a: barnacle🪻ballsack|Kingambit, F, shiny|100/100
|-activate|p2a: barnacle🪻ballsack|ability: Supreme Overlord
|-start|p2a: barnacle🪻ballsack|fallen3|[silent]
|turn|14
|j| GOAT of CC1v1
|inactive|real water resist has 120 seconds left.
|
|t:|1760299717
|move|p2a: barnacle🪻ballsack|Sucker Punch|p1a: Venusaur
|-damage|p1a: Venusaur|0 fnt
|faint|p1a: Venusaur
|
|-weather|SunnyDay|[upkeep]
|upkeep
|j| TheNewBrends11@!
|
|t:|1760299723
|switch|p1a: Blaziken|Blaziken, F|100/100
|turn|15
|inactive|avitross has 90 seconds left.
|inactive|real water resist has 120 seconds left.
|
|t:|1760299750
|move|p1a: Blaziken|Flare Blitz|p2a: barnacle🪻ballsack
|-supereffective|p2a: barnacle🪻ballsack
|-damage|p2a: barnacle🪻ballsack|0 fnt
|faint|p2a: barnacle🪻ballsack
|-end|p2a: barnacle🪻ballsack|fallen3|[silent]
|-damage|p1a: Blaziken|56/100|[from] Recoil
|-damage|p1a: Blaziken|46/100|[from] item: Life Orb
|
|-weather|SunnyDay|[upkeep]
|-ability|p1a: Blaziken|Speed Boost|boost
|-boost|p1a: Blaziken|spe|1
|upkeep
|inactive|real water resist has 90 seconds left.
|
|t:|1760299775
|switch|p2a: PRISSY💋BITCH|Enamorus, F|81/100
|turn|16
|
|t:|1760299783
|move|p1a: Blaziken|Flare Blitz|p2a: PRISSY💋BITCH
|-crit|p2a: PRISSY💋BITCH
|-damage|p2a: PRISSY💋BITCH|0 fnt
|faint|p2a: PRISSY💋BITCH
|-damage|p1a: Blaziken|21/100|[from] Recoil
|-damage|p1a: Blaziken|11/100|[from] item: Life Orb
|
|-weather|none
|-ability|p1a: Blaziken|Speed Boost|boost
|-boost|p1a: Blaziken|spe|1
|upkeep
|
|t:|1760299788
|switch|p2a: ICED❄️CHAIN🧊LINKS|Kyurem|100/100
|-ability|p2a: ICED❄️CHAIN🧊LINKS|Pressure
|turn|17
|
|t:|1760299795
|move|p1a: Blaziken|Close Combat|p2a: ICED❄️CHAIN🧊LINKS
|-supereffective|p2a: ICED❄️CHAIN🧊LINKS
|-damage|p2a: ICED❄️CHAIN🧊LINKS|0 fnt
|-unboost|p1a: Blaziken|def|1
|-unboost|p1a: Blaziken|spd|1
|faint|p2a: ICED❄️CHAIN🧊LINKS
|-damage|p1a: Blaziken|1/100|[from] item: Life Orb
|
|win|avitross
|raw|avitross's rating: 1651 &rarr; <strong>1674</strong><br />(+23 for winning)
|raw|real water resist's rating: 1699 &rarr; <strong>1676</strong><br />(-23 for losing)
|j| Johnny tots
|l| TheNewBrends11
|l| Kyurem
|l|☆real water resist
|player|p2|
|l| fulls
|l| Johnny tots
|l| GOAT of CC1v1
|l| paternozzo
|l| invmenot
|l|☆avitross
|player|p1|
