|j|☆LonelySxNner
|j|☆palis111
|t:|1760387847
|gametype|singles
|player|p1|LonelySxNner|picnicker|1464
|player|p2|palis111|170|1514
|gen|9
|tier|[Gen 9] OU
|rated|
|rule|HP Percentage Mod: HP is shown in percentages
|rule|Endless Battle Clause: Forcing endless battles is banned
|rule|Species Clause: Limit one of each Pokémon
|rule|OHKO Clause: OHKO moves are banned
|rule|Evasion Items Clause: Evasion items are banned
|rule|Evasion Moves Clause: Evasion moves are banned
|rule|Evasion Abilities Clause: Evasion abilities are banned
|rule|Sleep Moves Clause: Sleep-inducing moves are banned
|clearpoke
|poke|p1|Meloetta|
|poke|p1|Volcanion|
|poke|p1|Ceruledge, F|
|poke|p1|Grimmsnarl, M|
|poke|p1|Zoroark-Hisui, M|
|poke|p1|Slither Wing|
|poke|p2|Gholdengo|
|poke|p2|Okidogi, M|
|poke|p2|Kingambit, M|
|poke|p2|Ogerpon-Wellspring, F|
|poke|p2|Glimmora, F|
|poke|p2|Dragapult, M|
|teampreview
|inactive|Battle timer is ON: inactive players will automatically lose when time's up. (requested by LonelySxNner)
|
|t:|1760387872
|teamsize|p1|6
|teamsize|p2|6
|start
|switch|p1a: Grimmsnarl|Grimmsnarl, M|100/100
|switch|p2a: Glimmora|Glimmora, F|100/100
|turn|1
|l|☆palis111
|inactive|palis111 disconnected and has a minute to reconnect!
|player|p2|
|j|☆palis111
|inactive|palis111 reconnected and has 115 seconds left.
|player|p2|palis111|170|
|
|t:|1760387915
|move|p1a: Grimmsnarl|Taunt|p2a: Glimmora
|-start|p2a: Glimmora|move: Taunt
|cant|p2a: Glimmora|move: Taunt|Stealth Rock
|
|upkeep
|turn|2
|
|t:|1760387926
|move|p1a: Grimmsnarl|Light Screen|p1a: Grimmsnarl
|-sidestart|p1: LonelySxNner|move: Light Screen
|move|p2a: Glimmora|Mortal Spin|p1a: Grimmsnarl
|-supereffective|p1a: Grimmsnarl
|-damage|p1a: Grimmsnarl|87/100
|-status|p1a: Grimmsnarl|psn
|
|-damage|p1a: Grimmsnarl|75/100 psn|[from] psn
|upkeep
|turn|3
|inactive|palis111 has 120 seconds left.
|
|t:|1760387934
|switch|p2a: Okidogi|Okidogi, M|100/100
|move|p1a: Grimmsnarl|Parting Shot|p2a: Okidogi
|-unboost|p2a: Okidogi|atk|1
|-unboost|p2a: Okidogi|spa|1
|
|t:|1760387945
|switch|p1a: Best girl|Meloetta, shiny|100/100|[from] Parting Shot
|
|upkeep
|turn|4
|
|t:|1760387953
|switch|p2a: Glimmora|Glimmora, F|100/100
|move|p1a: Best girl|Relic Song|p2a: Glimmora
|-resisted|p2a: Glimmora
|-damage|p2a: Glimmora|77/100
|-formechange|p1a: Best girl|Meloetta-Pirouette|[msg]
|-enditem|p1a: Best girl|Throat Spray
|-boost|p1a: Best girl|spa|1|[from] item: Throat Spray
|
|upkeep
|turn|5
|
|t:|1760387971
|move|p1a: Best girl|Psychic|p2a: Glimmora
|-supereffective|p2a: Glimmora
|-damage|p2a: Glimmora|0 fnt
|faint|p2a: Glimmora
|
|upkeep
|inactive|palis111 has 120 seconds left.
|
|t:|1760387994
|switch|p2a: Dragapult|Dragapult, M|100/100
|turn|6
|
|t:|1760388002
|switch|p1a: Grimmsnarl|Grimmsnarl, M|75/100 psn
|move|p2a: Dragapult|Draco Meteor|p1a: Grimmsnarl
|-immune|p1a: Grimmsnarl
|
|-damage|p1a: Grimmsnarl|62/100 psn|[from] psn
|upkeep
|turn|7
|
|t:|1760388011
|switch|p2a: Gholdengo|Gholdengo|100/100
|-item|p2a: Gholdengo|Air Balloon
|move|p1a: Grimmsnarl|Reflect|p1a: Grimmsnarl
|-sidestart|p1: LonelySxNner|Reflect
|
|-damage|p1a: Grimmsnarl|50/100 psn|[from] psn
|upkeep
|turn|8
|
|t:|1760388015
|switch|p1a: Volcanion|Volcanion|100/100
|move|p2a: Gholdengo|Nasty Plot|p2a: Gholdengo
|-boost|p2a: Gholdengo|spa|2
|
|upkeep
|turn|9
|
|t:|1760388025
|move|p2a: Gholdengo|Shadow Ball|p1a: Volcanion
|-damage|p1a: Volcanion|54/100
|move|p1a: Volcanion|Flamethrower|p2a: Gholdengo
|-supereffective|p2a: Gholdengo
|-damage|p2a: Gholdengo|0 fnt
|-enditem|p2a: Gholdengo|Air Balloon
|faint|p2a: Gholdengo
|
|-heal|p1a: Volcanion|61/100|[from] item: Leftovers
|-sideend|p1: LonelySxNner|move: Light Screen
|upkeep
|
|t:|1760388033
|switch|p2a: Dragapult|Dragapult, M|100/100
|turn|10
|
|t:|1760388040
|switch|p1a: Grimmsnarl|Grimmsnarl, M|50/100 psn
|move|p2a: Dragapult|U-turn|p1a: Grimmsnarl
|-damage|p1a: Grimmsnarl|35/100 psn
|
|t:|1760388054
|switch|p2a: Kingambit|Kingambit, M|100/100|[from] U-turn
|-activate|p2a: Kingambit|ability: Supreme Overlord
|-start|p2a: Kingambit|fallen2|[silent]
|
|-damage|p1a: Grimmsnarl|22/100 psn|[from] psn
|upkeep
|turn|11
|
|t:|1760388063
|switch|p1a: Ceruledge|Ceruledge, F|100/100
|move|p2a: Kingambit|Swords Dance|p2a: Kingambit
|-boost|p2a: Kingambit|atk|2
|
|upkeep
|turn|12
|
|t:|1760388093
|move|p1a: Ceruledge|Iron Defense|p1a: Ceruledge
|-boost|p1a: Ceruledge|def|2
|move|p2a: Kingambit|Iron Head|p1a: Ceruledge
|-resisted|p1a: Ceruledge
|-damage|p1a: Ceruledge|81/100
|-ability|p1a: Ceruledge|Weak Armor|boost
|-unboost|p1a: Ceruledge|def|1
|-boost|p1a: Ceruledge|spe|2
|
|upkeep
|turn|13
|
|t:|1760388113
|move|p1a: Ceruledge|Iron Defense|p1a: Ceruledge
|-boost|p1a: Ceruledge|def|2
|move|p2a: Kingambit|Swords Dance|p2a: Kingambit
|-boost|p2a: Kingambit|atk|2
|
|upkeep
|turn|14
|inactive|palis111 has 120 seconds left.
|
|t:|1760388140
|move|p1a: Ceruledge|Bitter Blade|p2a: Kingambit
|-supereffective|p2a: Kingambit
|-damage|p2a: Kingambit|18/100
|-heal|p1a: Ceruledge|100/100|[from] drain|[of] p2a: Kingambit
|move|p2a: Kingambit|Kowtow Cleave|p1a: Ceruledge
|-supereffective|p1a: Ceruledge
|-damage|p1a: Ceruledge|0 fnt
|faint|p1a: Ceruledge
|
|-sideend|p1: LonelySxNner|Reflect
|upkeep
|
|t:|1760388150
|switch|p1a: Grimmsnarl|Grimmsnarl, M|22/100 psn
|turn|15
|inactive|palis111 has 120 seconds left.
|
|t:|1760388156
|move|p1a: Grimmsnarl|Reflect|p1a: Grimmsnarl
|-sidestart|p1: LonelySxNner|Reflect
|move|p2a: Kingambit|Iron Head|p1a: Grimmsnarl
|-supereffective|p1a: Grimmsnarl
|-damage|p1a: Grimmsnarl|0 fnt
|faint|p1a: Grimmsnarl
|
|upkeep
|inactive|LonelySxNner has 120 seconds left.
|inactive|LonelySxNner has 90 seconds left.
|
|t:|1760388231
|switch|p1a: Slither Wing|Slither Wing|100/100
|-enditem|p1a: Slither Wing|Booster Energy
|-activate|p1a: Slither Wing|ability: Protosynthesis|[fromitem]
|-start|p1a: Slither Wing|protosynthesisatk
|turn|16
|
|t:|1760388244
|move|p2a: Kingambit|Sucker Punch||[still]
|-fail|p2a: Kingambit
|move|p1a: Slither Wing|Bulk Up|p1a: Slither Wing
|-boost|p1a: Slither Wing|atk|1
|-boost|p1a: Slither Wing|def|1
|
|upkeep
|turn|17
|
|t:|1760388250
|move|p1a: Slither Wing|Flame Charge|p2a: Kingambit
|-supereffective|p2a: Kingambit
|-damage|p2a: Kingambit|0 fnt
|-boost|p1a: Slither Wing|spe|1
|faint|p2a: Kingambit
|-end|p2a: Kingambit|fallen2|[silent]
|
|upkeep
|
|t:|1760388260
|switch|p2a: Dragapult|Dragapult, M|100/100
|turn|18
|
|t:|1760388275
|move|p2a: Dragapult|Draco Meteor|p1a: Slither Wing
|-damage|p1a: Slither Wing|13/100
|-unboost|p2a: Dragapult|spa|2
|move|p1a: Slither Wing|Acrobatics|p2a: Dragapult
|-crit|p2a: Dragapult
|-damage|p2a: Dragapult|0 fnt
|faint|p2a: Dragapult
|
|upkeep
|
|t:|1760388285
|switch|p2a: Okidogi|Okidogi, M|100/100
|turn|19
|
|t:|1760388298
|move|p1a: Slither Wing|Acrobatics|p2a: Okidogi
|-supereffective|p2a: Okidogi
|-crit|p2a: Okidogi
|-damage|p2a: Okidogi|0 fnt
|faint|p2a: Okidogi
|
|upkeep
|
|t:|1760388301
|switch|p2a: Ogerpon|Ogerpon-Wellspring, F|100/100
|turn|20
|
|t:|1760388305
|-terastallize|p2a: Ogerpon|Water
|detailschange|p2a: Ogerpon|Ogerpon-Wellspring-Tera, F, tera:Water
|-ability|p2a: Ogerpon|Embody Aspect (Wellspring)|boost
|-boost|p2a: Ogerpon|spd|1
|move|p1a: Slither Wing|Leech Life|p2a: Ogerpon
|-damage|p2a: Ogerpon|0 fnt
|-heal|p1a: Slither Wing|61/100|[from] drain|[of] p2a: Ogerpon
|faint|p2a: Ogerpon
|detailschange|p2: Ogerpon|Ogerpon-Wellspring, F|[silent]
|
|win|LonelySxNner
|raw|LonelySxNner's rating: 1445 &rarr; <strong>1469</strong><br />(+24 for winning)
|raw|palis111's rating: 1514 &rarr; <strong>1490</strong><br />(-24 for losing)
|l|☆palis111
|player|p2|
|l|☆LonelySxNner
|player|p1|
