|j|☆shun5412
|j|☆jxrx
|t:|1760395274
|gametype|singles
|player|p1|shun5412|az|1268
|player|p2|jxrx|norman|1291
|gen|9
|tier|[Gen 9] OU
|rated|
|rule|HP Percentage Mod: HP is shown in percentages
|rule|Endless Battle Clause: Forcing endless battles is banned
|rule|Species Clause: Limit one of each Pokémon
|rule|OHKO Clause: OHKO moves are banned
|rule|Evasion Items Clause: Evasion items are banned
|rule|Evasion Moves Clause: Evasion moves are banned
|rule|Evasion Abilities Clause: Evasion abilities are banned
|rule|Sleep Moves Clause: Sleep-inducing moves are banned
|clearpoke
|poke|p1|Pecharunt|
|poke|p1|Heatran, M|
|poke|p1|Grimmsnarl, M|
|poke|p1|Landorus-Therian, M|
|poke|p1|Gholdengo|
|poke|p1|Ogerpon-Wellspring, F|
|poke|p2|Sableye, M|
|poke|p2|Empoleon, M|
|poke|p2|Dragapult, M|
|poke|p2|Vileplume, M|
|poke|p2|Golem, M|
|poke|p2|Furret, M|
|teampreview
|inactive|Battle timer is ON: inactive players will automatically lose when time's up. (requested by shun5412)
|inactive|jxrx has 120 seconds left.
|
|t:|1760395387
|teamsize|p1|6
|teamsize|p2|6
|start
|switch|p1a: Landorus|Landorus-Therian, M|100/100
|switch|p2a: Furret|Furret, M|100/100
|-item|p1a: Landorus|Rocky Helmet|[from] ability: Frisk|[of] p2a: Furret
|-ability|p1a: Landorus|Intimidate|boost
|-unboost|p2a: Furret|atk|1
|turn|1
|
|t:|1760395398
|move|p2a: Furret|Body Slam|p1a: Landorus
|-damage|p1a: Landorus|77/100
|-status|p1a: Landorus|par
|-damage|p2a: Furret|84/100|[from] item: Rocky Helmet|[of] p1a: Landorus
|move|p1a: Landorus|Stealth Rock|p2a: Furret
|-sidestart|p2: jxrx|move: Stealth Rock
|
|upkeep
|turn|2
|
|t:|1760395409
|switch|p2a: Vileplume|Vileplume, M|100/100
|-damage|p2a: Vileplume|88/100|[from] Stealth Rock
|move|p1a: Landorus|Earthquake|p2a: Vileplume
|-damage|p2a: Vileplume|43/100
|
|upkeep
|turn|3
|
|t:|1760395420
|move|p1a: Landorus|Earthquake|p2a: Vileplume
|-damage|p2a: Vileplume|0 fnt
|faint|p2a: Vileplume
|
|upkeep
|
|t:|1760395425
|switch|p2a: Empoleon|Empoleon, M|100/100
|-damage|p2a: Empoleon|95/100|[from] Stealth Rock
|turn|4
|
|t:|1760395435
|switch|p1a: Ogerpon|Ogerpon-Wellspring, F|100/100
|move|p2a: Empoleon|Ice Beam|p1a: Ogerpon
|-damage|p1a: Ogerpon|64/100
|
|-heal|p2a: Empoleon|100/100|[from] item: Leftovers
|upkeep
|turn|5
|
|t:|1760395446
|switch|p2a: Sableye|Sableye, M|100/100
|-damage|p2a: Sableye|88/100|[from] Stealth Rock
|move|p1a: Ogerpon|Knock Off|p2a: Sableye
|-damage|p2a: Sableye|52/100
|-damage|p1a: Ogerpon|47/100|[from] item: Rocky Helmet|[of] p2a: Sableye
|-enditem|p2a: Sableye|Rocky Helmet|[from] move: Knock Off|[of] p1a: Ogerpon
|
|upkeep
|turn|6
|inactive|jxrx has 120 seconds left.
|inactive|jxrx has 90 seconds left.
|inactive|jxrx has 60 seconds left.
|inactive|jxrx has 30 seconds left.
|
|t:|1760395570
|switch|p1a: Grimmsnarl|Grimmsnarl, M|100/100
|move|p2a: Sableye|Will-O-Wisp|p1a: Grimmsnarl
|-hint|Since gen 7, Dark is immune to Prankster moves.
|-immune|p1a: Grimmsnarl
|
|upkeep
|turn|7
|
|t:|1760395596
|move|p1a: Grimmsnarl|Reflect|p1a: Grimmsnarl
|-sidestart|p1: shun5412|Reflect
|move|p2a: Sableye|Knock Off|p1a: Grimmsnarl
|-resisted|p1a: Grimmsnarl
|-damage|p1a: Grimmsnarl|98/100
|-enditem|p1a: Grimmsnarl|Light Clay|[from] move: Knock Off|[of] p2a: Sableye
|
|upkeep
|turn|8
|
|t:|1760395611
|switch|p2a: Furret|Furret, M|84/100
|-damage|p2a: Furret|72/100|[from] Stealth Rock
|move|p1a: Grimmsnarl|Spirit Break|p2a: Furret
|-damage|p2a: Furret|23/100
|-unboost|p2a: Furret|spa|1
|
|upkeep
|turn|9
|
|t:|1760395622
|move|p1a: Grimmsnarl|Parting Shot|p2a: Furret
|-unboost|p2a: Furret|atk|1
|-unboost|p2a: Furret|spa|1
|
|t:|1760395630
|switch|p1a: Gholdengo|Gholdengo|100/100|[from] Parting Shot
|-item|p1a: Gholdengo|Air Balloon
|move|p2a: Furret|Tidy Up|p2a: Furret
|-sideend|p2: jxrx|Stealth Rock
|-activate|p2a: Furret|move: Tidy Up
|-boost|p2a: Furret|atk|1
|-boost|p2a: Furret|spe|1
|
|upkeep
|turn|10
|inactive|jxrx has 30 seconds left.
|inactive|jxrx has 20 seconds left.
|inactive|jxrx has 15 seconds left.
|inactive|jxrx has 10 seconds left.
|inactive|jxrx has 5 seconds left.
|-message|jxrx lost due to inactivity.
|
|win|shun5412
|raw|shun5412's rating: 1268 &rarr; <strong>1295</strong><br />(+27 for winning)
|raw|jxrx's rating: 1291 &rarr; <strong>1264</strong><br />(-27 for losing)
|l|☆jxrx
|player|p2|
|l|☆shun5412
|player|p1|
