|j|☆Guerrero105
|j|☆Jerelmy
|t:|1760452978
|gametype|singles
|player|p1|Guerrero105|lucas-gen4pt|1326
|player|p2|Jerelmy|red|1300
|gen|9
|tier|[Gen 9] OU
|rated|
|rule|HP Percentage Mod: HP is shown in percentages
|rule|Endless Battle Clause: Forcing endless battles is banned
|rule|Species Clause: Limit one of each Pokémon
|rule|OHKO Clause: OHKO moves are banned
|rule|Evasion Items Clause: Evasion items are banned
|rule|Evasion Moves Clause: Evasion moves are banned
|rule|Evasion Abilities Clause: Evasion abilities are banned
|rule|Sleep Moves Clause: Sleep-inducing moves are banned
|clearpoke
|poke|p1|Garchomp, M|
|poke|p1|Corviknight, M|
|poke|p1|Clefable, F|
|poke|p1|Galvantula, M|
|poke|p1|Incineroar, M|
|poke|p1|Serperior, M|
|poke|p2|Delphox, F|
|poke|p2|Greninja-*, M|
|poke|p2|Scizor, M|
|poke|p2|Umbreon, F|
|poke|p2|Conkeldurr, M|
|poke|p2|Goodra, F|
|teampreview
|inactive|Battle timer is ON: inactive players will automatically lose when time's up. (requested by Guerrero105)
|
|t:|1760452989
|teamsize|p1|6
|teamsize|p2|6
|start
|switch|p1a: Incineroar|Incineroar, M|100/100
|switch|p2a: Hermione|Delphox, F|100/100
|-ability|p1a: Incineroar|Intimidate|boost
|-unboost|p2a: Hermione|atk|1
|turn|1
|
|t:|1760453001
|move|p2a: Hermione|Dazzling Gleam|p1a: Incineroar
|-damage|p1a: Incineroar|77/100
|move|p1a: Incineroar|Knock Off|p2a: Hermione
|-supereffective|p2a: Hermione
|-damage|p2a: Hermione|0 fnt
|-enditem|p2a: Hermione|Choice Scarf|[from] move: Knock Off|[of] p1a: Incineroar
|faint|p2a: Hermione
|
|-heal|p1a: Incineroar|83/100|[from] item: Leftovers
|upkeep
|
|t:|1760453010
|switch|p2a: Unc|Conkeldurr, M|100/100
|turn|2
|
|t:|1760453015
|move|p1a: Incineroar|Parting Shot|p2a: Unc
|-unboost|p2a: Unc|atk|1
|-unboost|p2a: Unc|spa|1
|
|t:|1760453019
|switch|p1a: Clefable|Clefable, F|100/100|[from] Parting Shot
|move|p2a: Unc|Earthquake|p1a: Clefable
|-damage|p1a: Clefable|47/100
|
|-heal|p1a: Clefable|54/100|[from] item: Leftovers
|-status|p2a: Unc|brn|[from] item: Flame Orb
|upkeep
|turn|3
|
|t:|1760453048
|move|p1a: Clefable|Stealth Rock|p2a: Unc
|-sidestart|p2: Jerelmy|move: Stealth Rock
|move|p2a: Unc|Ice Punch|p1a: Clefable
|-damage|p1a: Clefable|2/100
|
|-heal|p1a: Clefable|8/100|[from] item: Leftovers
|-damage|p2a: Unc|94/100 brn|[from] brn
|upkeep
|turn|4
|
|t:|1760453053
|switch|p1a: Corviknight|Corviknight, M|100/100
|-ability|p1a: Corviknight|Pressure
|move|p2a: Unc|Mach Punch|p1a: Corviknight
|-damage|p1a: Corviknight|83/100
|-damage|p2a: Unc|78/100 brn|[from] item: Rocky Helmet|[of] p1a: Corviknight
|
|-damage|p2a: Unc|72/100 brn|[from] brn
|upkeep
|turn|5
|
|t:|1760453062
|switch|p2a: Play-Doh|Goodra, F|100/100
|-damage|p2a: Play-Doh|88/100|[from] Stealth Rock
|move|p1a: Corviknight|Iron Defense|p1a: Corviknight
|-boost|p1a: Corviknight|def|2
|
|-heal|p2a: Play-Doh|94/100|[from] item: Leftovers
|upkeep
|turn|6
|
|t:|1760453070
|move|p1a: Corviknight|Body Press|p2a: Play-Doh
|-damage|p2a: Play-Doh|35/100
|-ability|p2a: Play-Doh|Gooey
|-unboost|p1a: Corviknight|spe|1
|move|p2a: Play-Doh|Thunderbolt|p1a: Corviknight
|-supereffective|p1a: Corviknight
|-damage|p1a: Corviknight|22/100
|
|-heal|p2a: Play-Doh|41/100|[from] item: Leftovers
|upkeep
|turn|7
|
|t:|1760453082
|move|p2a: Play-Doh|Thunderbolt|p1a: Corviknight
|-supereffective|p1a: Corviknight
|-damage|p1a: Corviknight|0 fnt
|faint|p1a: Corviknight
|
|-heal|p2a: Play-Doh|47/100|[from] item: Leftovers
|upkeep
|
|t:|1760453087
|switch|p1a: Garchomp|Garchomp, M|100/100
|turn|8
|
|t:|1760453091
|move|p1a: Garchomp|Scale Shot|p2a: Play-Doh
|-supereffective|p2a: Play-Doh
|-damage|p2a: Play-Doh|13/100
|-supereffective|p2a: Play-Doh
|-damage|p2a: Play-Doh|0 fnt
|faint|p2a: Play-Doh
|-hitcount|p2: Play-Doh|2
|-unboost|p1a: Garchomp|def|1
|-boost|p1a: Garchomp|spe|1
|
|upkeep
|
|t:|1760453099
|switch|p2a: Luna|Umbreon, F|100/100
|-damage|p2a: Luna|88/100|[from] Stealth Rock
|turn|9
|
|t:|1760453108
|switch|p1a: Clefable|Clefable, F|8/100
|move|p2a: Luna|Toxic|p1a: Clefable
|-status|p1a: Clefable|tox
|
|-heal|p2a: Luna|94/100|[from] item: Leftovers
|-heal|p1a: Clefable|14/100 tox|[from] item: Leftovers
|-damage|p1a: Clefable|8/100 tox|[from] psn
|upkeep
|turn|10
|
|t:|1760453117
|move|p2a: Luna|Protect|p2a: Luna
|-singleturn|p2a: Luna|Protect
|move|p1a: Clefable|Moonlight|p1a: Clefable
|-heal|p1a: Clefable|58/100 tox
|
|-heal|p2a: Luna|99/100|[from] item: Leftovers
|-heal|p1a: Clefable|64/100 tox|[from] item: Leftovers
|-damage|p1a: Clefable|52/100 tox|[from] psn
|upkeep
|turn|11
|
|t:|1760453125
|move|p2a: Luna|Wish|p2a: Luna
|move|p1a: Clefable|Thunder Wave||[still]
|-status|p2a: Luna|par
|-activate|p2a: Luna|ability: Synchronize
|-fail|p2a: Luna
|
|-heal|p1a: Clefable|58/100 tox|[from] item: Leftovers
|-heal|p2a: Luna|100/100 par|[from] item: Leftovers
|-damage|p1a: Clefable|40/100 tox|[from] psn
|upkeep
|turn|12
|
|t:|1760453133
|move|p1a: Clefable|Moonblast|p2a: Luna
|-supereffective|p2a: Luna
|-damage|p2a: Luna|52/100 par
|cant|p2a: Luna|par
|
|-heal|p2a: Luna|100/100 par|[from] move: Wish|[wisher] Luna
|-heal|p1a: Clefable|46/100 tox|[from] item: Leftovers
|-damage|p1a: Clefable|22/100 tox|[from] psn
|upkeep
|turn|13
|
|t:|1760453148
|move|p1a: Clefable|Moonblast|p2a: Luna
|-supereffective|p2a: Luna
|-damage|p2a: Luna|50/100 par
|move|p2a: Luna|Foul Play|p1a: Clefable
|-resisted|p1a: Clefable
|-damage|p1a: Clefable|10/100 tox
|
|-heal|p1a: Clefable|16/100 tox|[from] item: Leftovers
|-heal|p2a: Luna|56/100 par|[from] item: Leftovers
|-damage|p1a: Clefable|0 fnt|[from] psn
|faint|p1a: Clefable
|upkeep
|
|t:|1760453154
|switch|p1a: Serperior|Serperior, M|100/100
|turn|14
|
|t:|1760453159
|move|p1a: Serperior|Taunt|p2a: Luna
|-start|p2a: Luna|move: Taunt
|cant|p2a: Luna|move: Taunt|Toxic
|
|-heal|p2a: Luna|62/100 par|[from] item: Leftovers
|upkeep
|turn|15
|
|t:|1760453164
|move|p1a: Serperior|Leaf Storm|p2a: Luna
|-damage|p2a: Luna|31/100 par
|-boost|p1a: Serperior|spa|2
|cant|p2a: Luna|par
|
|-heal|p2a: Luna|37/100 par|[from] item: Leftovers
|upkeep
|turn|16
|
|t:|1760453170
|move|p1a: Serperior|Leaf Storm|p2a: Luna
|-damage|p2a: Luna|0 fnt
|-boost|p1a: Serperior|spa|2
|faint|p2a: Luna
|
|upkeep
|
|t:|1760453180
|switch|p2a: Robin|Scizor, M|100/100
|-damage|p2a: Robin|88/100|[from] Stealth Rock
|turn|17
|
|t:|1760453184
|switch|p1a: Incineroar|Incineroar, M|83/100
|-ability|p1a: Incineroar|Intimidate|boost
|-unboost|p2a: Robin|atk|1
|move|p2a: Robin|Bullet Punch|p1a: Incineroar
|-resisted|p1a: Incineroar
|-damage|p1a: Incineroar|74/100
|
|-heal|p1a: Incineroar|80/100|[from] item: Leftovers
|upkeep
|turn|18
|
|t:|1760453191
|switch|p2a: Unc|Conkeldurr, M|72/100 brn
|-damage|p2a: Unc|66/100 brn|[from] Stealth Rock
|move|p1a: Incineroar|Parting Shot|p2a: Unc
|-unboost|p2a: Unc|atk|1
|-unboost|p2a: Unc|spa|1
|
|t:|1760453195
|switch|p1a: Galvantula|Galvantula, M|100/100|[from] Parting Shot
|
|-damage|p2a: Unc|60/100 brn|[from] brn
|upkeep
|turn|19
|
|t:|1760453200
|move|p1a: Galvantula|Sticky Web|p2a: Unc
|-sidestart|p2: Jerelmy|move: Sticky Web
|move|p2a: Unc|Earthquake|p1a: Galvantula
|-damage|p1a: Galvantula|23/100
|
|-damage|p2a: Unc|54/100 brn|[from] brn
|upkeep
|turn|20
|
|t:|1760453206
|move|p2a: Unc|Mach Punch|p1a: Galvantula
|-resisted|p1a: Galvantula
|-damage|p1a: Galvantula|2/100
|move|p1a: Galvantula|Light Screen|p1a: Galvantula
|-sidestart|p1: Guerrero105|move: Light Screen
|
|-damage|p2a: Unc|48/100 brn|[from] brn
|upkeep
|turn|21
|
|t:|1760453212
|move|p2a: Unc|Mach Punch|p1a: Galvantula
|-resisted|p1a: Galvantula
|-damage|p1a: Galvantula|0 fnt
|faint|p1a: Galvantula
|
|-damage|p2a: Unc|42/100 brn|[from] brn
|upkeep
|
|t:|1760453219
|switch|p1a: Serperior|Serperior, M|100/100
|turn|22
|
|t:|1760453225
|move|p2a: Unc|Mach Punch|p1a: Serperior
|-damage|p1a: Serperior|73/100
|move|p1a: Serperior|Leaf Storm|p2a: Unc
|-damage|p2a: Unc|0 fnt
|-boost|p1a: Serperior|spa|2
|faint|p2a: Unc
|
|upkeep
|
|t:|1760453229
|switch|p2a: Robin|Scizor, M|88/100
|-damage|p2a: Robin|76/100|[from] Stealth Rock
|-activate|p2a: Robin|move: Sticky Web
|-unboost|p2a: Robin|spe|1
|turn|23
|
|t:|1760453240
|move|p1a: Serperior|Tera Blast|p2a: Robin
|-resisted|p2a: Robin
|-damage|p2a: Robin|52/100
|move|p2a: Robin|Swords Dance|p2a: Robin
|-boost|p2a: Robin|atk|2
|
|upkeep
|turn|24
|
|t:|1760453255
|-terastallize|p1a: Serperior|Fire
|move|p2a: Robin|Bullet Punch|p1a: Serperior
|-resisted|p1a: Serperior
|-damage|p1a: Serperior|29/100
|move|p1a: Serperior|Tera Blast|p2a: Robin|[anim] Tera Blast Fire
|-supereffective|p2a: Robin
|-damage|p2a: Robin|0 fnt
|faint|p2a: Robin
|
|-sideend|p1: Guerrero105|move: Light Screen
|upkeep
|
|t:|1760453261
|switch|p2a: Shadow|Greninja, M|100/100
|-damage|p2a: Shadow|88/100|[from] Stealth Rock
|-activate|p2a: Shadow|move: Sticky Web
|-unboost|p2a: Shadow|spe|1
|turn|25
|
|t:|1760453266
|switch|p1a: Garchomp|Garchomp, M|100/100
|-terastallize|p2a: Shadow|Water
|move|p2a: Shadow|Water Shuriken|p1a: Garchomp
|-damage|p1a: Garchomp|91/100
|-damage|p1a: Garchomp|80/100
|-damage|p1a: Garchomp|71/100
|-damage|p1a: Garchomp|61/100
|-hitcount|p1a: Garchomp|4
|
|upkeep
|turn|26
|
|t:|1760453274
|move|p1a: Garchomp|Scale Shot|p2a: Shadow|[miss]
|-miss|p1a: Garchomp|p2a: Shadow
|move|p2a: Shadow|Ice Beam|p1a: Garchomp
|-supereffective|p1a: Garchomp
|-damage|p1a: Garchomp|0 fnt
|faint|p1a: Garchomp
|-ability|p2a: Shadow|Battle Bond|boost
|-boost|p2a: Shadow|atk|1
|-boost|p2a: Shadow|spa|1
|-boost|p2a: Shadow|spe|1
|-activate|p2a: Shadow|ability: Battle Bond
|
|upkeep
|-message|Guerrero105 forfeited.
|
|win|Jerelmy
|raw|Guerrero105's rating: 1326 &rarr; <strong>1305</strong><br />(-21 for losing)
|raw|Jerelmy's rating: 1300 &rarr; <strong>1327</strong><br />(+27 for winning)
|l|☆Guerrero105
|player|p1|
|l|☆Jerelmy
|player|p2|
