|j|☆youpie2
|j|☆Potential Man
|t:|1760398401
|gametype|singles
|player|p1|youpie2|170|1542
|player|p2|Potential Man|brock-gen2|1546
|gen|9
|tier|[Gen 9] OU
|rated|
|rule|HP Percentage Mod: HP is shown in percentages
|rule|Endless Battle Clause: Forcing endless battles is banned
|rule|Species Clause: Limit one of each Pokémon
|rule|OHKO Clause: OHKO moves are banned
|rule|Evasion Items Clause: Evasion items are banned
|rule|Evasion Moves Clause: Evasion moves are banned
|rule|Evasion Abilities Clause: Evasion abilities are banned
|rule|Sleep Moves Clause: Sleep-inducing moves are banned
|clearpoke
|poke|p1|Dragapult, M|
|poke|p1|Samurott-Hisui, M|
|poke|p1|Ceruledge, F|
|poke|p1|Hatterene, F|
|poke|p1|Iron Treads|
|poke|p1|Meowscarada, F|
|poke|p2|Sinistcha|
|poke|p2|Gliscor, F|
|poke|p2|Tinkaton, F|
|poke|p2|Keldeo|
|poke|p2|Ting-Lu|
|poke|p2|Dragonite, F|
|teampreview
|
|t:|1760398410
|teamsize|p1|6
|teamsize|p2|6
|start
|switch|p1a: Dragapult|Dragapult, M|100/100
|switch|p2a: Tinkaton|Tinkaton, F|100/100
|-ability|p2a: Tinkaton|Mold Breaker
|-item|p2a: Tinkaton|Air Balloon
|turn|1
|
|t:|1760398415
|move|p1a: Dragapult|U-turn|p2a: Tinkaton
|-resisted|p2a: Tinkaton
|-damage|p2a: Tinkaton|90/100
|-enditem|p2a: Tinkaton|Air Balloon
|
|t:|1760398419
|switch|p1a: Iron Treads|Iron Treads|100/100|[from] U-turn
|-enditem|p1a: Iron Treads|Booster Energy
|-activate|p1a: Iron Treads|ability: Quark Drive|[fromitem]
|-start|p1a: Iron Treads|quarkdrivespe
|move|p2a: Tinkaton|Stealth Rock|p1a: Iron Treads
|-sidestart|p1: youpie2|move: Stealth Rock
|
|upkeep
|turn|2
|
|t:|1760398426
|move|p1a: Iron Treads|Stealth Rock|p2a: Tinkaton
|-sidestart|p2: Potential Man|move: Stealth Rock
|move|p2a: Tinkaton|Encore|p1a: Iron Treads
|-start|p1a: Iron Treads|Encore
|
|upkeep
|turn|3
|
|t:|1760398433
|-end|p1a: Iron Treads|Quark Drive|[silent]
|switch|p1a: Meowscarada|Meowscarada, F|100/100
|-damage|p1a: Meowscarada|88/100|[from] Stealth Rock
|move|p2a: Tinkaton|Gigaton Hammer|p1a: Meowscarada
|-damage|p1a: Meowscarada|16/100
|
|upkeep
|turn|4
|
|t:|1760398438
|move|p1a: Meowscarada|U-turn|p2a: Tinkaton
|-start|p1a: Meowscarada|typechange|Bug|[from] ability: Protean
|-resisted|p2a: Tinkaton
|-damage|p2a: Tinkaton|80/100
|
|t:|1760398441
|switch|p1a: Iron Treads|Iron Treads|100/100|[from] U-turn
|-damage|p1a: Iron Treads|97/100|[from] Stealth Rock
|move|p2a: Tinkaton|Thunder Wave|p1a: Iron Treads
|-immune|p1a: Iron Treads
|
|upkeep
|turn|5
|
|t:|1760398445
|switch|p2a: Sinistcha|Sinistcha|100/100
|move|p1a: Iron Treads|Knock Off|p2a: Sinistcha
|-supereffective|p2a: Sinistcha
|-damage|p2a: Sinistcha|67/100
|-enditem|p2a: Sinistcha|Heavy-Duty Boots|[from] move: Knock Off|[of] p1a: Iron Treads
|
|upkeep
|turn|6
|
|t:|1760398453
|-end|p1a: Iron Treads|Quark Drive|[silent]
|switch|p1a: Meowscarada|Meowscarada, F|16/100
|-damage|p1a: Meowscarada|4/100|[from] Stealth Rock
|move|p2a: Sinistcha|Matcha Gotcha|p1a: Meowscarada
|-resisted|p1a: Meowscarada
|-damage|p1a: Meowscarada|0 fnt
|-heal|p2a: Sinistcha|68/100|[from] drain|[of] p1a: Meowscarada
|faint|p1a: Meowscarada
|
|upkeep
|
|t:|1760398457
|switch|p1a: Dragapult|Dragapult, M|100/100
|-damage|p1a: Dragapult|88/100|[from] Stealth Rock
|turn|7
|
|t:|1760398460
|switch|p2a: Ting-Lu|Ting-Lu|100/100
|-damage|p2a: Ting-Lu|94/100|[from] Stealth Rock
|-ability|p2a: Ting-Lu|Vessel of Ruin
|-terastallize|p1a: Dragapult|Ghost
|move|p1a: Dragapult|Tera Blast|p2a: Ting-Lu|[anim] Tera Blast Ghost
|-resisted|p2a: Ting-Lu
|-damage|p2a: Ting-Lu|69/100
|
|-heal|p2a: Ting-Lu|75/100|[from] item: Leftovers
|upkeep
|turn|8
|
|t:|1760398466
|switch|p1a: Hatterene|Hatterene, F|100/100
|-damage|p1a: Hatterene|88/100|[from] Stealth Rock
|move|p2a: Ting-Lu|Ruination|p1a: Hatterene
|-damage|p1a: Hatterene|45/100
|-enditem|p1a: Hatterene|Eject Button
|
|t:|1760398475
|switch|p1a: Samurott|Samurott-Hisui, M|100/100
|-damage|p1a: Samurott|88/100|[from] Stealth Rock
|
|-heal|p2a: Ting-Lu|81/100|[from] item: Leftovers
|upkeep
|turn|9
|
|t:|1760398480
|move|p1a: Samurott|Ceaseless Edge|p2a: Ting-Lu
|-resisted|p2a: Ting-Lu
|-damage|p2a: Ting-Lu|70/100
|-sidestart|p2: Potential Man|Spikes
|move|p2a: Ting-Lu|Spikes|p1a: Samurott
|-sidestart|p1: youpie2|Spikes
|
|-heal|p2a: Ting-Lu|76/100|[from] item: Leftovers
|upkeep
|turn|10
|
|t:|1760398486
|switch|p2a: Keldeo|Keldeo|100/100
|move|p1a: Samurott|Ceaseless Edge|p2a: Keldeo|[miss]
|-miss|p1a: Samurott|p2a: Keldeo
|
|upkeep
|turn|11
|
|t:|1760398496
|move|p2a: Keldeo|Aura Sphere|p1a: Samurott
|-supereffective|p1a: Samurott
|-damage|p1a: Samurott|0 fnt
|faint|p1a: Samurott
|
|upkeep
|
|t:|1760398500
|switch|p1a: Dragapult|Dragapult, M, tera:Ghost|88/100
|-damage|p1a: Dragapult|76/100|[from] Stealth Rock
|-damage|p1a: Dragapult|64/100|[from] Spikes
|turn|12
|
|t:|1760398507
|switch|p2a: Tinkaton|Tinkaton, F|80/100
|-damage|p2a: Tinkaton|74/100|[from] Stealth Rock
|-damage|p2a: Tinkaton|62/100|[from] Spikes
|-ability|p2a: Tinkaton|Mold Breaker
|move|p1a: Dragapult|U-turn|p2a: Tinkaton
|-resisted|p2a: Tinkaton
|-damage|p2a: Tinkaton|51/100
|
|t:|1760398510
|switch|p1a: Iron Treads|Iron Treads|97/100|[from] U-turn
|-damage|p1a: Iron Treads|94/100|[from] Stealth Rock
|-damage|p1a: Iron Treads|82/100|[from] Spikes
|
|upkeep
|turn|13
|
|t:|1760398512
|switch|p2a: Sinistcha|Sinistcha|68/100
|-damage|p2a: Sinistcha|56/100|[from] Stealth Rock
|-damage|p2a: Sinistcha|44/100|[from] Spikes
|move|p1a: Iron Treads|Rapid Spin|p2a: Sinistcha
|-immune|p2a: Sinistcha
|
|upkeep
|turn|14
|
|t:|1760398517
|move|p1a: Iron Treads|Knock Off|p2a: Sinistcha
|-supereffective|p2a: Sinistcha
|-damage|p2a: Sinistcha|22/100
|move|p2a: Sinistcha|Matcha Gotcha|p1a: Iron Treads
|-damage|p1a: Iron Treads|44/100
|-heal|p2a: Sinistcha|43/100|[from] drain|[of] p1a: Iron Treads
|
|upkeep
|turn|15
|
|t:|1760398524
|-end|p1a: Iron Treads|Quark Drive|[silent]
|switch|p1a: Hatterene|Hatterene, F|45/100
|-damage|p1a: Hatterene|32/100|[from] Stealth Rock
|-damage|p1a: Hatterene|20/100|[from] Spikes
|move|p2a: Sinistcha|Strength Sap|p1a: Hatterene
|move|p1a: Hatterene|Strength Sap|p2a: Sinistcha|[from] ability: Magic Bounce
|-unboost|p2a: Sinistcha|atk|1
|-heal|p1a: Hatterene|64/100
|
|upkeep
|turn|16
|
|t:|1760398533
|move|p2a: Sinistcha|Shadow Ball|p1a: Hatterene
|-supereffective|p1a: Hatterene
|-damage|p1a: Hatterene|0 fnt
|faint|p1a: Hatterene
|
|upkeep
|
|t:|1760398538
|switch|p1a: Dragapult|Dragapult, M, tera:Ghost|64/100
|-damage|p1a: Dragapult|51/100|[from] Stealth Rock
|-damage|p1a: Dragapult|39/100|[from] Spikes
|turn|17
|
|t:|1760398545
|move|p1a: Dragapult|U-turn|p2a: Sinistcha
|-damage|p2a: Sinistcha|15/100
|-message|youpie2 forfeited.
|
|win|Potential Man
|raw|youpie2's rating: 1542 &rarr; <strong>1522</strong><br />(-20 for losing)
|raw|Potential Man's rating: 1546 &rarr; <strong>1566</strong><br />(+20 for winning)
|l|☆youpie2
|player|p1|
|l|☆Potential Man
|player|p2|
