|j|☆PrimeXStriker
|j|☆ACopperKettlr
|t:|1760366158
|gametype|singles
|player|p1|PrimeXStriker|marshal|1531
|player|p2|ACopperKettlr|1|1578
|gen|9
|tier|[Gen 9] OU
|rated|
|rule|HP Percentage Mod: HP is shown in percentages
|rule|Endless Battle Clause: Forcing endless battles is banned
|rule|Species Clause: Limit one of each Pokémon
|rule|OHKO Clause: OHKO moves are banned
|rule|Evasion Items Clause: Evasion items are banned
|rule|Evasion Moves Clause: Evasion moves are banned
|rule|Evasion Abilities Clause: Evasion abilities are banned
|rule|Sleep Moves Clause: Sleep-inducing moves are banned
|clearpoke
|poke|p1|Zapdos-Galar|
|poke|p1|Iron Jugulis|
|poke|p1|Primarina, F|
|poke|p1|Cinderace, M|
|poke|p1|Tyranitar, F|
|poke|p1|Great Tusk|
|poke|p2|Ting-Lu|
|poke|p2|Alomomola, F|
|poke|p2|Iron Valiant|
|poke|p2|Gliscor, F|
|poke|p2|Zamazenta-*|
|poke|p2|Gholdengo|
|teampreview
|inactive|Battle timer is ON: inactive players will automatically lose when time's up. (requested by ACopperKettlr)
|
|t:|1760366181
|teamsize|p1|6
|teamsize|p2|6
|start
|switch|p1a: Iron Jugulis|Iron Jugulis|100/100
|switch|p2a: Ting-Lu|Ting-Lu|100/100
|-ability|p2a: Ting-Lu|Vessel of Ruin
|turn|1
|
|t:|1760366186
|move|p1a: Iron Jugulis|U-turn|p2a: Ting-Lu
|-supereffective|p2a: Ting-Lu
|-damage|p2a: Ting-Lu|87/100
|
|t:|1760366188
|-end|p1a: Iron Jugulis|Quark Drive|[silent]
|switch|p1a: Great Tusk|Great Tusk|100/100|[from] U-turn
|move|p2a: Ting-Lu|Stealth Rock|p1a: Great Tusk
|-sidestart|p1: PrimeXStriker|move: Stealth Rock
|
|-heal|p2a: Ting-Lu|93/100|[from] item: Leftovers
|upkeep
|turn|2
|
|t:|1760366191
|switch|p2a: Alomomola|Alomomola, F, shiny|100/100
|move|p1a: Great Tusk|Stealth Rock|p2a: Alomomola
|-sidestart|p2: ACopperKettlr|move: Stealth Rock
|
|upkeep
|turn|3
|
|t:|1760366198
|-end|p1a: Great Tusk|Protosynthesis|[silent]
|switch|p1a: Primarina|Primarina, F|100/100
|-damage|p1a: Primarina|88/100|[from] Stealth Rock
|move|p2a: Alomomola|Scald|p1a: Primarina
|-resisted|p1a: Primarina
|-damage|p1a: Primarina|82/100
|
|-heal|p1a: Primarina|88/100|[from] item: Leftovers
|upkeep
|turn|4
|
|t:|1760366208
|move|p1a: Primarina|Substitute|p1a: Primarina
|-start|p1a: Primarina|Substitute
|-damage|p1a: Primarina|63/100
|move|p2a: Alomomola|Flip Turn|p1a: Primarina
|-resisted|p1a: Primarina
|-activate|p1a: Primarina|move: Substitute|[damage]
|inactive|ACopperKettlr has 120 seconds left.
|
|t:|1760366236
|switch|p2a: Ting-Lu|Ting-Lu|93/100|[from] Flip Turn
|-damage|p2a: Ting-Lu|87/100|[from] Stealth Rock
|-ability|p2a: Ting-Lu|Vessel of Ruin
|
|-heal|p1a: Primarina|69/100|[from] item: Leftovers
|-heal|p2a: Ting-Lu|93/100|[from] item: Leftovers
|upkeep
|turn|5
|
|t:|1760366247
|-terastallize|p2a: Ting-Lu|Water
|move|p1a: Primarina|Draining Kiss|p2a: Ting-Lu
|-damage|p2a: Ting-Lu|85/100
|-heal|p1a: Primarina|78/100|[from] drain|[of] p2a: Ting-Lu
|move|p2a: Ting-Lu|Spikes|p1a: Primarina
|-sidestart|p1: PrimeXStriker|Spikes
|
|-heal|p1a: Primarina|84/100|[from] item: Leftovers
|-heal|p2a: Ting-Lu|91/100|[from] item: Leftovers
|upkeep
|turn|6
|
|t:|1760366257
|move|p1a: Primarina|Calm Mind|p1a: Primarina
|-boost|p1a: Primarina|spa|1
|-boost|p1a: Primarina|spd|1
|move|p2a: Ting-Lu|Spikes|p1a: Primarina
|-sidestart|p1: PrimeXStriker|Spikes
|
|-heal|p1a: Primarina|90/100|[from] item: Leftovers
|-heal|p2a: Ting-Lu|97/100|[from] item: Leftovers
|upkeep
|turn|7
|
|t:|1760366263
|move|p1a: Primarina|Draining Kiss|p2a: Ting-Lu
|-damage|p2a: Ting-Lu|84/100
|-heal|p1a: Primarina|100/100|[from] drain|[of] p2a: Ting-Lu
|move|p2a: Ting-Lu|Whirlwind|p1a: Primarina
|drag|p1a: Tyranitar|Tyranitar, F|100/100
|-damage|p1a: Tyranitar|88/100|[from] Stealth Rock
|-damage|p1a: Tyranitar|72/100|[from] Spikes
|-weather|Sandstorm|[from] ability: Sand Stream|[of] p1a: Tyranitar
|
|-weather|Sandstorm|[upkeep]
|-damage|p2a: Ting-Lu|77/100|[from] Sandstorm
|-heal|p1a: Tyranitar|78/100|[from] item: Leftovers
|-heal|p2a: Ting-Lu|84/100|[from] item: Leftovers
|upkeep
|turn|8
|
|t:|1760366272
|switch|p2a: Alomomola|Alomomola, F, shiny|100/100
|move|p1a: Tyranitar|Knock Off|p2a: Alomomola
|-damage|p2a: Alomomola|77/100
|-enditem|p2a: Alomomola|Heavy-Duty Boots|[from] move: Knock Off|[of] p1a: Tyranitar
|
|-weather|Sandstorm|[upkeep]
|-damage|p2a: Alomomola|71/100|[from] Sandstorm
|-heal|p1a: Tyranitar|84/100|[from] item: Leftovers
|upkeep
|turn|9
|
|t:|1760366281
|move|p2a: Alomomola|Scald|p1a: Tyranitar
|-supereffective|p1a: Tyranitar
|-damage|p1a: Tyranitar|72/100
|move|p1a: Tyranitar|Roar|p2a: Alomomola
|drag|p2a: Zamazenta|Zamazenta|100/100
|-ability|p2a: Zamazenta|Dauntless Shield|boost
|-boost|p2a: Zamazenta|def|1
|
|-weather|Sandstorm|[upkeep]
|-damage|p2a: Zamazenta|95/100|[from] Sandstorm
|-heal|p1a: Tyranitar|78/100|[from] item: Leftovers
|upkeep
|turn|10
|
|t:|1760366291
|switch|p1a: Primarina|Primarina, F|100/100
|-damage|p1a: Primarina|88/100|[from] Stealth Rock
|-damage|p1a: Primarina|72/100|[from] Spikes
|move|p2a: Zamazenta|Iron Defense|p2a: Zamazenta
|-boost|p2a: Zamazenta|def|2
|
|-weather|Sandstorm|[upkeep]
|-damage|p2a: Zamazenta|89/100|[from] Sandstorm
|-damage|p1a: Primarina|66/100|[from] Sandstorm
|-heal|p1a: Primarina|72/100|[from] item: Leftovers
|upkeep
|turn|11
|
|t:|1760366295
|switch|p2a: Ting-Lu|Ting-Lu, tera:Water|84/100
|-damage|p2a: Ting-Lu|71/100|[from] Stealth Rock
|-ability|p2a: Ting-Lu|Vessel of Ruin
|move|p1a: Primarina|Draining Kiss|p2a: Ting-Lu
|-damage|p2a: Ting-Lu|62/100
|-heal|p1a: Primarina|81/100|[from] drain|[of] p2a: Ting-Lu
|
|-weather|none
|-heal|p1a: Primarina|87/100|[from] item: Leftovers
|-heal|p2a: Ting-Lu|69/100|[from] item: Leftovers
|upkeep
|turn|12
|
|t:|1760366305
|move|p1a: Primarina|Draining Kiss|p2a: Ting-Lu
|-damage|p2a: Ting-Lu|60/100
|-heal|p1a: Primarina|96/100|[from] drain|[of] p2a: Ting-Lu
|move|p2a: Ting-Lu|Whirlwind|p1a: Primarina
|drag|p1a: Cinderace|Cinderace, M|100/100
|
|-heal|p2a: Ting-Lu|66/100|[from] item: Leftovers
|upkeep
|turn|13
|
|t:|1760366315
|move|p1a: Cinderace|Court Change|p1a: Cinderace
|-start|p1a: Cinderace|typechange|Normal|[from] ability: Libero
|-swapsideconditions
|-activate|p1a: Cinderace|move: Court Change
|move|p2a: Ting-Lu|Earthquake|p1a: Cinderace
|-damage|p1a: Cinderace|50/100
|
|-heal|p2a: Ting-Lu|73/100|[from] item: Leftovers
|upkeep
|turn|14
|
|t:|1760366323
|move|p1a: Cinderace|U-turn|p2a: Ting-Lu
|-damage|p2a: Ting-Lu|61/100
|
|t:|1760366325
|switch|p1a: Great Tusk|Great Tusk|100/100|[from] U-turn
|-damage|p1a: Great Tusk|98/100|[from] Stealth Rock
|move|p2a: Ting-Lu|Earthquake|p1a: Great Tusk
|-damage|p1a: Great Tusk|81/100
|
|-heal|p2a: Ting-Lu|67/100|[from] item: Leftovers
|upkeep
|turn|15
|
|t:|1760366334
|switch|p2a: Alomomola|Alomomola, F, shiny|100/100
|-damage|p2a: Alomomola|88/100|[from] Stealth Rock
|-damage|p2a: Alomomola|72/100|[from] Spikes
|move|p1a: Great Tusk|Ice Spinner|p2a: Alomomola
|-resisted|p2a: Alomomola
|-damage|p2a: Alomomola|65/100
|
|upkeep
|turn|16
|
|t:|1760366341
|move|p1a: Great Tusk|Rapid Spin|p2a: Alomomola
|-crit|p2a: Alomomola
|-damage|p2a: Alomomola|53/100
|-boost|p1a: Great Tusk|spe|1
|-sideend|p1: PrimeXStriker|Stealth Rock|[from] move: Rapid Spin|[of] p1a: Great Tusk
|move|p2a: Alomomola|Scald|p1a: Great Tusk
|-supereffective|p1a: Great Tusk
|-damage|p1a: Great Tusk|44/100
|
|upkeep
|turn|17
|
|t:|1760366360
|-end|p1a: Great Tusk|Protosynthesis|[silent]
|switch|p1a: Primarina|Primarina, F|96/100
|move|p2a: Alomomola|Flip Turn|p1a: Primarina
|-resisted|p1a: Primarina
|-damage|p1a: Primarina|89/100
|inactive|ACopperKettlr has 120 seconds left.
|
|t:|1760366389
|switch|p2a: Iron Valiant|Iron Valiant, shiny|100/100|[from] Flip Turn
|
|-heal|p1a: Primarina|95/100|[from] item: Leftovers
|upkeep
|turn|18
|
|t:|1760366394
|move|p2a: Iron Valiant|Thunderbolt|p1a: Primarina
|-supereffective|p1a: Primarina
|-damage|p1a: Primarina|46/100
|move|p1a: Primarina|Draining Kiss|p2a: Iron Valiant
|-supereffective|p2a: Iron Valiant
|-damage|p2a: Iron Valiant|11/100
|-heal|p1a: Primarina|99/100|[from] drain|[of] p2a: Iron Valiant
|
|-heal|p1a: Primarina|100/100|[from] item: Leftovers
|upkeep
|turn|19
|-message|ACopperKettlr forfeited.
|
|win|PrimeXStriker
|raw|PrimeXStriker's rating: 1531 &rarr; <strong>1554</strong><br />(+23 for winning)
|raw|ACopperKettlr's rating: 1578 &rarr; <strong>1555</strong><br />(-23 for losing)
|l|☆ACopperKettlr
|player|p2|
|l|☆PrimeXStriker
|player|p1|
