|j|☆TheGreenWeed
|j|☆KycPzilinG
|t:|1760331650
|gametype|singles
|player|p1|TheGreenWeed|sailor|1328
|player|p2|KycPzilinG|102|1360
|gen|9
|tier|[Gen 9] OU
|rated|
|rule|HP Percentage Mod: HP is shown in percentages
|rule|Endless Battle Clause: Forcing endless battles is banned
|rule|Species Clause: Limit one of each Pokémon
|rule|OHKO Clause: OHKO moves are banned
|rule|Evasion Items Clause: Evasion items are banned
|rule|Evasion Moves Clause: Evasion moves are banned
|rule|Evasion Abilities Clause: Evasion abilities are banned
|rule|Sleep Moves Clause: Sleep-inducing moves are banned
|clearpoke
|poke|p1|Torkoal, M|
|poke|p1|Great Tusk|
|poke|p1|Deoxys-Defense|
|poke|p1|Ceruledge, M|
|poke|p1|Walking Wake|
|poke|p1|Enamorus, F|
|poke|p2|Dragapult, M|
|poke|p2|Gholdengo|
|poke|p2|Landorus-Therian, M|
|poke|p2|Okidogi, M|
|poke|p2|Primarina, F|
|poke|p2|Mandibuzz, F|
|teampreview
|inactive|Battle timer is ON: inactive players will automatically lose when time's up. (requested by TheGreenWeed)
|
|t:|1760331662
|teamsize|p1|6
|teamsize|p2|6
|start
|switch|p1a: KQE-1J-23|Deoxys-Defense|100/100
|switch|p2a: Okidogi|Okidogi, M|100/100
|-ability|p1a: KQE-1J-23|Pressure
|turn|1
|
|t:|1760331670
|-terastallize|p2a: Okidogi|Dark
|move|p1a: KQE-1J-23|Psycho Boost|p2a: Okidogi
|-immune|p2a: Okidogi
|move|p2a: Okidogi|Knock Off|p1a: KQE-1J-23
|-supereffective|p1a: KQE-1J-23
|-damage|p1a: KQE-1J-23|0 fnt
|-enditem|p1a: KQE-1J-23|Choice Scarf|[from] move: Knock Off|[of] p2a: Okidogi
|faint|p1a: KQE-1J-23
|
|upkeep
|
|t:|1760331673
|switch|p1a: Liusault|Torkoal, M|100/100
|-weather|SunnyDay|[from] ability: Drought|[of] p1a: Liusault
|turn|2
|
|t:|1760331678
|move|p2a: Okidogi|Knock Off|p1a: Liusault
|-damage|p1a: Liusault|58/100
|-status|p1a: Liusault|tox|[from] ability: Toxic Chain|[of] p2a: Okidogi
|-enditem|p1a: Liusault|Heat Rock|[from] move: Knock Off|[of] p2a: Okidogi
|move|p1a: Liusault|Stealth Rock|p2a: Okidogi
|-sidestart|p2: KycPzilinG|move: Stealth Rock
|
|-weather|SunnyDay|[upkeep]
|-damage|p1a: Liusault|52/100 tox|[from] psn
|upkeep
|turn|3
|
|t:|1760331683
|move|p2a: Okidogi|Drain Punch|p1a: Liusault
|-damage|p1a: Liusault|23/100 tox
|move|p1a: Liusault|Lava Plume|p2a: Okidogi
|-damage|p2a: Okidogi|62/100
|
|-weather|SunnyDay|[upkeep]
|-damage|p1a: Liusault|11/100 tox|[from] psn
|upkeep
|turn|4
|
|t:|1760331688
|move|p2a: Okidogi|Drain Punch|p1a: Liusault
|-damage|p1a: Liusault|0 fnt
|-heal|p2a: Okidogi|67/100|[from] drain|[of] p1a: Liusault
|faint|p1a: Liusault
|
|-weather|SunnyDay|[upkeep]
|upkeep
|
|t:|1760331691
|switch|p1a: Zweish|Great Tusk|100/100
|-activate|p1a: Zweish|ability: Protosynthesis
|-start|p1a: Zweish|protosynthesisatk
|turn|5
|
|t:|1760331698
|switch|p2a: Landorus|Landorus-Therian, M|100/100
|-damage|p2a: Landorus|88/100|[from] Stealth Rock
|-ability|p2a: Landorus|Intimidate|boost
|-unboost|p1a: Zweish|atk|1
|move|p1a: Zweish|Bulk Up|p1a: Zweish
|-boost|p1a: Zweish|atk|1
|-boost|p1a: Zweish|def|1
|
|-weather|SunnyDay|[upkeep]
|upkeep
|turn|6
|
|t:|1760331702
|move|p2a: Landorus|Fling|p1a: Zweish
|-resisted|p1a: Zweish
|-damage|p1a: Zweish|98/100
|-status|p1a: Zweish|par
|-enditem|p2a: Landorus|Light Ball|[from] move: Fling
|cant|p1a: Zweish|par
|
|-weather|SunnyDay|[upkeep]
|-heal|p1a: Zweish|100/100 par|[from] item: Leftovers
|upkeep
|turn|7
|
|t:|1760331711
|switch|p2a: Gholdengo|Gholdengo|100/100
|-damage|p2a: Gholdengo|94/100|[from] Stealth Rock
|-item|p2a: Gholdengo|Air Balloon
|cant|p1a: Zweish|par
|
|-weather|SunnyDay|[upkeep]
|upkeep
|turn|8
|
|t:|1760331716
|-end|p1a: Zweish|Protosynthesis|[silent]
|switch|p1a: Liudion|Walking Wake|100/100
|-activate|p1a: Liudion|ability: Protosynthesis
|-start|p1a: Liudion|protosynthesisspa
|move|p2a: Gholdengo|Hex|p1a: Liudion
|-damage|p1a: Liudion|65/100
|
|-weather|SunnyDay|[upkeep]
|-heal|p1a: Liudion|71/100|[from] item: Leftovers
|upkeep
|turn|9
|
|t:|1760331722
|move|p1a: Liudion|Hydro Steam|p2a: Gholdengo
|-damage|p2a: Gholdengo|11/100
|-enditem|p2a: Gholdengo|Air Balloon
|move|p2a: Gholdengo|Thunder Wave|p1a: Liudion
|-status|p1a: Liudion|par
|
|-weather|none
|-end|p1a: Liudion|Protosynthesis
|-heal|p1a: Liudion|77/100 par|[from] item: Leftovers
|upkeep
|turn|10
|
|t:|1760331729
|move|p2a: Gholdengo|Recover|p2a: Gholdengo
|-heal|p2a: Gholdengo|61/100
|move|p1a: Liudion|Hydro Steam|p2a: Gholdengo
|-damage|p2a: Gholdengo|22/100
|
|-heal|p1a: Liudion|84/100 par|[from] item: Leftovers
|upkeep
|turn|11
|
|t:|1760331731
|move|p2a: Gholdengo|Recover|p2a: Gholdengo
|-heal|p2a: Gholdengo|72/100
|cant|p1a: Liudion|par
|
|-heal|p1a: Liudion|90/100 par|[from] item: Leftovers
|upkeep
|turn|12
|
|t:|1760331734
|move|p2a: Gholdengo|Hex|p1a: Liudion
|-damage|p1a: Liudion|23/100 par
|move|p1a: Liudion|Flamethrower|p2a: Gholdengo
|-supereffective|p2a: Gholdengo
|-damage|p2a: Gholdengo|8/100
|
|-heal|p1a: Liudion|29/100 par|[from] item: Leftovers
|upkeep
|turn|13
|
|t:|1760331740
|move|p2a: Gholdengo|Hex|p1a: Liudion
|-damage|p1a: Liudion|0 fnt
|faint|p1a: Liudion
|-end|p1a: Liudion|Protosynthesis|[silent]
|
|upkeep
|
|t:|1760331743
|switch|p1a: Enamorus|Enamorus, F|100/100
|turn|14
|
|t:|1760331745
|move|p1a: Enamorus|Tailwind|p1a: Enamorus
|-sidestart|p1: TheGreenWeed|move: Tailwind
|move|p2a: Gholdengo|Thunder Wave|p1a: Enamorus
|-status|p1a: Enamorus|par
|
|upkeep
|turn|15
|
|t:|1760331748
|-terastallize|p1a: Enamorus|Stellar
|move|p1a: Enamorus|Tera Blast|p2a: Gholdengo|[anim] Tera Blast Stellar
|-damage|p2a: Gholdengo|0 fnt
|-boost|p1a: Enamorus|atk|1
|-boost|p1a: Enamorus|spa|1
|faint|p2a: Gholdengo
|
|upkeep
|
|t:|1760331763
|switch|p2a: Primarina|Primarina, F|100/100
|-damage|p2a: Primarina|88/100|[from] Stealth Rock
|turn|16
|
|t:|1760331766
|move|p1a: Enamorus|Tera Blast|p2a: Primarina|[anim] Tera Blast Stellar
|-damage|p2a: Primarina|53/100
|-boost|p1a: Enamorus|atk|1
|-boost|p1a: Enamorus|spa|1
|move|p2a: Primarina|Moonblast|p1a: Enamorus
|-damage|p1a: Enamorus|25/100 par
|-boost|p1a: Enamorus|spa|1
|
|-heal|p1a: Enamorus|32/100 par|[from] item: Leftovers
|upkeep
|turn|17
|
|t:|1760331770
|move|p1a: Enamorus|Tera Blast|p2a: Primarina|[anim] Tera Blast Stellar
|-damage|p2a: Primarina|0 fnt
|-boost|p1a: Enamorus|atk|1
|-boost|p1a: Enamorus|spa|1
|faint|p2a: Primarina
|
|-heal|p1a: Enamorus|38/100 par|[from] item: Leftovers
|-sideend|p1: TheGreenWeed|move: Tailwind
|upkeep
|
|t:|1760331775
|switch|p2a: Dragapult|Dragapult, M|100/100
|-damage|p2a: Dragapult|88/100|[from] Stealth Rock
|turn|18
|
|t:|1760331779
|move|p2a: Dragapult|Shadow Ball|p1a: Enamorus
|-damage|p1a: Enamorus|0 fnt
|faint|p1a: Enamorus
|-damage|p2a: Dragapult|78/100|[from] item: Life Orb
|
|upkeep
|
|t:|1760331785
|switch|p1a: Kim's Ceruledge|Ceruledge, M|100/100
|turn|19
|
|t:|1760331790
|move|p1a: Kim's Ceruledge|Shadow Sneak|p2a: Dragapult
|-supereffective|p2a: Dragapult
|-damage|p2a: Dragapult|25/100
|move|p2a: Dragapult|Dragon Darts|p1a: Kim's Ceruledge
|-damage|p1a: Kim's Ceruledge|62/100
|-ability|p1a: Kim's Ceruledge|Weak Armor|boost
|-unboost|p1a: Kim's Ceruledge|def|1
|-boost|p1a: Kim's Ceruledge|spe|2
|-anim|p2a: Dragapult|Dragon Darts|p1a: Kim's Ceruledge
|-damage|p1a: Kim's Ceruledge|7/100
|-ability|p1a: Kim's Ceruledge|Weak Armor|boost
|-unboost|p1a: Kim's Ceruledge|def|1
|-boost|p1a: Kim's Ceruledge|spe|2
|-damage|p2a: Dragapult|16/100|[from] item: Life Orb
|
|upkeep
|turn|20
|
|t:|1760331799
|move|p1a: Kim's Ceruledge|Endure|p1a: Kim's Ceruledge
|-singleturn|p1a: Kim's Ceruledge|move: Endure
|move|p2a: Dragapult|Dragon Darts|p1a: Kim's Ceruledge
|-activate|p1a: Kim's Ceruledge|move: Endure
|-damage|p1a: Kim's Ceruledge|1/100
|-ability|p1a: Kim's Ceruledge|Weak Armor|boost
|-unboost|p1a: Kim's Ceruledge|def|1
|-boost|p1a: Kim's Ceruledge|spe|2
|-anim|p2a: Dragapult|Dragon Darts|p1a: Kim's Ceruledge
|-activate|p1a: Kim's Ceruledge|move: Endure
|-damage|p1a: Kim's Ceruledge|1/100
|-ability|p1a: Kim's Ceruledge|Weak Armor|boost
|-unboost|p1a: Kim's Ceruledge|def|1
|-damage|p2a: Dragapult|6/100|[from] item: Life Orb
|
|upkeep
|turn|21
|
|t:|1760331802
|move|p1a: Kim's Ceruledge|Shadow Sneak|p2a: Dragapult
|-supereffective|p2a: Dragapult
|-damage|p2a: Dragapult|0 fnt
|faint|p2a: Dragapult
|
|upkeep
|
|t:|1760331805
|switch|p2a: Landorus|Landorus-Therian, M|88/100
|-damage|p2a: Landorus|76/100|[from] Stealth Rock
|-ability|p2a: Landorus|Intimidate|boost
|-unboost|p1a: Kim's Ceruledge|atk|1
|turn|22
|
|t:|1760331811
|switch|p1a: Zweish|Great Tusk|100/100 par
|move|p2a: Landorus|Earthquake|p1a: Zweish
|-damage|p1a: Zweish|67/100 par
|
|-heal|p1a: Zweish|74/100 par|[from] item: Leftovers
|upkeep
|turn|23
|
|t:|1760331829
|move|p2a: Landorus|Stealth Rock|p1a: Zweish
|-sidestart|p1: TheGreenWeed|move: Stealth Rock
|cant|p1a: Zweish|par
|
|-heal|p1a: Zweish|80/100 par|[from] item: Leftovers
|upkeep
|turn|24
|
|t:|1760331833
|move|p2a: Landorus|Earthquake|p1a: Zweish
|-damage|p1a: Zweish|46/100 par
|move|p1a: Zweish|Rapid Spin|p2a: Landorus
|-damage|p2a: Landorus|60/100
|-boost|p1a: Zweish|spe|1
|-sideend|p1: TheGreenWeed|Stealth Rock|[from] move: Rapid Spin|[of] p1a: Zweish
|
|-heal|p1a: Zweish|52/100 par|[from] item: Leftovers
|upkeep
|turn|25
|
|t:|1760331836
|move|p2a: Landorus|Earthquake|p1a: Zweish
|-damage|p1a: Zweish|17/100 par
|move|p1a: Zweish|Rapid Spin|p2a: Landorus
|-damage|p2a: Landorus|44/100
|-boost|p1a: Zweish|spe|1
|
|-heal|p1a: Zweish|23/100 par|[from] item: Leftovers
|upkeep
|turn|26
|
|t:|1760331840
|move|p2a: Landorus|Earthquake|p1a: Zweish
|-crit|p1a: Zweish
|-damage|p1a: Zweish|0 fnt
|faint|p1a: Zweish
|-end|p1a: Zweish|Protosynthesis|[silent]
|
|upkeep
|
|t:|1760331842
|switch|p1a: Kim's Ceruledge|Ceruledge, M|1/100
|turn|27
|
|t:|1760331845
|move|p1a: Kim's Ceruledge|Endure|p1a: Kim's Ceruledge
|-singleturn|p1a: Kim's Ceruledge|move: Endure
|move|p2a: Landorus|Earthquake|p1a: Kim's Ceruledge
|-supereffective|p1a: Kim's Ceruledge
|-activate|p1a: Kim's Ceruledge|move: Endure
|-damage|p1a: Kim's Ceruledge|1/100
|-ability|p1a: Kim's Ceruledge|Weak Armor|boost
|-unboost|p1a: Kim's Ceruledge|def|1
|-boost|p1a: Kim's Ceruledge|spe|2
|-enditem|p1a: Kim's Ceruledge|Weakness Policy
|-boost|p1a: Kim's Ceruledge|atk|2|[from] item: Weakness Policy
|-boost|p1a: Kim's Ceruledge|spa|2|[from] item: Weakness Policy
|
|upkeep
|turn|28
|
|t:|1760331847
|move|p1a: Kim's Ceruledge|Bitter Blade|p2a: Landorus
|-damage|p2a: Landorus|0 fnt
|-heal|p1a: Kim's Ceruledge|29/100|[from] drain|[of] p2a: Landorus
|faint|p2a: Landorus
|
|upkeep
|
|t:|1760331850
|switch|p2a: Mandibuzz|Mandibuzz, F|100/100
|-damage|p2a: Mandibuzz|75/100|[from] Stealth Rock
|turn|29
|
|t:|1760331852
|move|p1a: Kim's Ceruledge|Bitter Blade|p2a: Mandibuzz
|-damage|p2a: Mandibuzz|17/100
|-heal|p1a: Kim's Ceruledge|71/100|[from] drain|[of] p2a: Mandibuzz
|move|p2a: Mandibuzz|Knock Off|p1a: Kim's Ceruledge
|-supereffective|p1a: Kim's Ceruledge
|-damage|p1a: Kim's Ceruledge|7/100
|-ability|p1a: Kim's Ceruledge|Weak Armor|boost
|-unboost|p1a: Kim's Ceruledge|def|1
|-boost|p1a: Kim's Ceruledge|spe|2
|
|-heal|p2a: Mandibuzz|23/100|[from] item: Leftovers
|upkeep
|turn|30
|
|t:|1760331857
|move|p1a: Kim's Ceruledge|Bitter Blade|p2a: Mandibuzz
|-damage|p2a: Mandibuzz|0 fnt
|-heal|p1a: Kim's Ceruledge|23/100|[from] drain|[of] p2a: Mandibuzz
|faint|p2a: Mandibuzz
|
|upkeep
|
|t:|1760331859
|switch|p2a: Okidogi|Okidogi, M, tera:Dark|67/100
|-damage|p2a: Okidogi|55/100|[from] Stealth Rock
|turn|31
|
|t:|1760331861
|move|p1a: Kim's Ceruledge|Bitter Blade|p2a: Okidogi
|-damage|p2a: Okidogi|0 fnt
|-heal|p1a: Kim's Ceruledge|58/100|[from] drain|[of] p2a: Okidogi
|faint|p2a: Okidogi
|
|win|TheGreenWeed
|raw|TheGreenWeed's rating: 1328 &rarr; <strong>1350</strong><br />(+22 for winning)
|raw|KycPzilinG's rating: 1360 &rarr; <strong>1338</strong><br />(-22 for losing)
|l|☆KycPzilinG
|player|p2|
|l|☆TheGreenWeed
|player|p1|
