|j|☆jdksosjdoos
|j|☆exposed king
|t:|1760376323
|gametype|singles
|player|p1|jdksosjdoos|102|1232
|player|p2|exposed king|170|1265
|gen|9
|tier|[Gen 9] OU
|rated|
|rule|HP Percentage Mod: HP is shown in percentages
|rule|Endless Battle Clause: Forcing endless battles is banned
|rule|Species Clause: Limit one of each Pokémon
|rule|OHKO Clause: OHKO moves are banned
|rule|Evasion Items Clause: Evasion items are banned
|rule|Evasion Moves Clause: Evasion moves are banned
|rule|Evasion Abilities Clause: Evasion abilities are banned
|rule|Sleep Moves Clause: Sleep-inducing moves are banned
|clearpoke
|poke|p1|Weezing-Galar, M|
|poke|p1|Salazzle, F|
|poke|p1|Blissey, F|
|poke|p1|Alomomola, F|
|poke|p1|Wo-Chien|
|poke|p1|Corviknight, F|
|poke|p2|Darkrai|
|poke|p2|Garchomp, M|
|poke|p2|Ditto|
|poke|p2|Azumarill, F|
|poke|p2|Thundurus-Therian, M|
|poke|p2|Volcanion|
|teampreview
|inactive|Battle timer is ON: inactive players will automatically lose when time's up. (requested by jdksosjdoos)
|
|t:|1760376339
|teamsize|p1|6
|teamsize|p2|6
|start
|switch|p1a: Weezing|Weezing-Galar, M|100/100
|switch|p2a: Darkrai|Darkrai|100/100
|-ability|p1a: Weezing|Neutralizing Gas
|turn|1
|
|t:|1760376345
|switch|p2a: Volcanion|Volcanion|100/100
|move|p1a: Weezing|Toxic|p2a: Volcanion
|-status|p2a: Volcanion|tox
|
|-damage|p2a: Volcanion|94/100 tox|[from] psn
|upkeep
|turn|2
|
|t:|1760376358
|switch|p2a: Azumarill|Azumarill, F|100/100
|-end|p1a: Weezing|ability: Neutralizing Gas
|switch|p1a: Blissey|Blissey, F|100/100
|
|upkeep
|turn|3
|
|t:|1760376363
|switch|p1a: Wo-Chien|Wo-Chien|100/100
|-ability|p1a: Wo-Chien|Tablets of Ruin
|move|p2a: Azumarill|Knock Off|p1a: Wo-Chien
|-resisted|p1a: Wo-Chien
|-damage|p1a: Wo-Chien|91/100
|-enditem|p1a: Wo-Chien|Leftovers|[from] move: Knock Off|[of] p2a: Azumarill
|
|upkeep
|turn|4
|
|t:|1760376369
|move|p1a: Wo-Chien|Leech Seed|p2a: Azumarill
|-start|p2a: Azumarill|move: Leech Seed
|move|p2a: Azumarill|Play Rough|p1a: Wo-Chien
|-supereffective|p1a: Wo-Chien
|-damage|p1a: Wo-Chien|39/100
|
|-damage|p2a: Azumarill|88/100|[from] Leech Seed|[of] p1a: Wo-Chien
|-heal|p1a: Wo-Chien|51/100|[silent]
|upkeep
|turn|5
|
|t:|1760376377
|switch|p1a: Alomomola|Alomomola, F|100/100
|switch|p2a: Ditto|Ditto|100/100
|-transform|p2a: Ditto|p1a: Alomomola|[from] ability: Imposter
|
|upkeep
|turn|6
|
|t:|1760376383
|move|p2a: Ditto|Wish|p2a: Ditto
|move|p1a: Alomomola|Wish|p1a: Alomomola
|
|upkeep
|turn|7
|
|t:|1760376391
|switch|p2a: Azumarill|Azumarill, F|88/100
|move|p1a: Alomomola|Flip Turn|p2a: Azumarill
|-resisted|p2a: Azumarill
|-damage|p2a: Azumarill|80/100
|
|t:|1760376393
|switch|p1a: Wo-Chien|Wo-Chien|51/100|[from] Flip Turn
|-ability|p1a: Wo-Chien|Tablets of Ruin
|
|-heal|p1a: Wo-Chien|100/100|[from] move: Wish|[wisher] Alomomola
|-heal|p2a: Azumarill|100/100|[from] move: Wish|[wisher] Ditto
|upkeep
|turn|8
|
|t:|1760376398
|switch|p2a: Ditto|Ditto|100/100
|-transform|p2a: Ditto|p1a: Wo-Chien|[from] ability: Imposter
|-ability|p2a: Ditto|Tablets of Ruin
|move|p1a: Wo-Chien|Leech Seed|p2a: Ditto
|-immune|p2a: Ditto
|
|upkeep
|turn|9
|
|t:|1760376412
|switch|p2a: Volcanion|Volcanion|94/100 tox
|move|p1a: Wo-Chien|Mean Look|p2a: Volcanion
|-activate|p2a: Volcanion|trapped
|
|-damage|p2a: Volcanion|88/100 tox|[from] psn
|upkeep
|turn|10
|
|t:|1760376417
|switch|p1a: Alomomola|Alomomola, F|100/100
|move|p2a: Volcanion|Flamethrower|p1a: Alomomola
|-resisted|p1a: Alomomola
|-damage|p1a: Alomomola|75/100
|
|-damage|p2a: Volcanion|76/100 tox|[from] psn
|upkeep
|turn|11
|-message|exposed king forfeited.
|
|win|jdksosjdoos
|raw|jdksosjdoos's rating: 1232 &rarr; <strong>1259</strong><br />(+27 for winning)
|raw|exposed king's rating: 1265 &rarr; <strong>1238</strong><br />(-27 for losing)
|l|☆exposed king
|player|p2|
|l|☆jdksosjdoos
|player|p1|
