|badge|p1|silver|gen9doublesou|30-7
|badge|p1|bronze|gen9ru|100-7
|uhtml|medal-msg|<div class="broadcast-blue">Curious what those medals under the avatar are? PS now has Ladder Seasons! For more information, check out the <a href="https://www.smogon.com/forums/threads/3740067/">thread on Smogon.</a></div>
|j|☆3idk
|j|☆enormouschilli
|t:|1760366608
|gametype|singles
|player|p1|3idk|cynthia-masters|1634
|player|p2|enormouschilli|169|1585
|gen|9
|tier|[Gen 9] OU
|rated|
|rule|HP Percentage Mod: HP is shown in percentages
|rule|Endless Battle Clause: Forcing endless battles is banned
|rule|Species Clause: Limit one of each Pokémon
|rule|OHKO Clause: OHKO moves are banned
|rule|Evasion Items Clause: Evasion items are banned
|rule|Evasion Moves Clause: Evasion moves are banned
|rule|Evasion Abilities Clause: Evasion abilities are banned
|rule|Sleep Moves Clause: Sleep-inducing moves are banned
|clearpoke
|poke|p1|Pelipper, M|
|poke|p1|Tornadus-Therian, M|
|poke|p1|Iron Treads|
|poke|p1|Decidueye-Hisui, M|
|poke|p1|Barraskewda, M|
|poke|p1|Raging Bolt|
|poke|p2|Iron Moth|
|poke|p2|Kingambit, F|
|poke|p2|Deoxys-Speed|
|poke|p2|Raging Bolt|
|poke|p2|Rillaboom, F|
|poke|p2|Bisharp, M|
|teampreview
|inactive|Battle timer is ON: inactive players will automatically lose when time's up. (requested by 3idk)
|inactive|3idk has 120 seconds left.
|
|t:|1760366656
|teamsize|p1|6
|teamsize|p2|6
|start
|switch|p1a: Tornadus|Tornadus-Therian, M|100/100
|switch|p2a: Bisharp|Bisharp, M|100/100
|turn|1
|inactive|enormouschilli has 120 seconds left.
|
|t:|1760366710
|move|p1a: Tornadus|Focus Blast|p2a: Bisharp
|-supereffective|p2a: Bisharp
|-damage|p2a: Bisharp|0 fnt
|faint|p2a: Bisharp
|
|upkeep
|
|t:|1760366716
|switch|p2a: Anomаly|Iron Moth|100/100
|-enditem|p2a: Anomаly|Booster Energy
|-activate|p2a: Anomаly|ability: Quark Drive|[fromitem]
|-start|p2a: Anomаly|quarkdrivespe
|turn|2
|
|t:|1760366721
|switch|p1a: Pelipper|Pelipper, M|100/100
|-weather|RainDance|[from] ability: Drizzle|[of] p1a: Pelipper
|move|p2a: Anomаly|Substitute|p2a: Anomаly
|-start|p2a: Anomаly|Substitute
|-damage|p2a: Anomаly|76/100
|
|-weather|RainDance|[upkeep]
|upkeep
|turn|3
|
|t:|1760366728
|move|p2a: Anomаly|Fiery Dance|p1a: Pelipper
|-resisted|p1a: Pelipper
|-damage|p1a: Pelipper|87/100
|move|p1a: Pelipper|Surf|p2a: Anomаly
|-supereffective|p2a: Anomаly
|-end|p2a: Anomаly|Substitute
|
|-weather|RainDance|[upkeep]
|upkeep
|turn|4
|inactive|enormouschilli has 120 seconds left.
|
|t:|1760366746
|-terastallize|p2a: Anomаly|Grass
|move|p2a: Anomаly|Substitute|p2a: Anomаly
|-start|p2a: Anomаly|Substitute
|-damage|p2a: Anomаly|51/100
|move|p1a: Pelipper|U-turn|p2a: Anomаly
|-supereffective|p2a: Anomаly
|-end|p2a: Anomаly|Substitute
|
|t:|1760366751
|switch|p1a: Barraskewda|Barraskewda, M|100/100|[from] U-turn
|
|-weather|RainDance|[upkeep]
|upkeep
|turn|5
|
|t:|1760366761
|-end|p2a: Anomаly|Quark Drive|[silent]
|switch|p2a: Rillaboom|Rillaboom, F|100/100
|-fieldstart|move: Grassy Terrain|[from] ability: Grassy Surge|[of] p2a: Rillaboom
|move|p1a: Barraskewda|Close Combat|p2a: Rillaboom
|-damage|p2a: Rillaboom|46/100
|-unboost|p1a: Barraskewda|def|1
|-unboost|p1a: Barraskewda|spd|1
|-damage|p1a: Barraskewda|91/100|[from] item: Life Orb
|
|-weather|RainDance|[upkeep]
|-heal|p1a: Barraskewda|97/100|[from] Grassy Terrain
|-heal|p2a: Rillaboom|52/100|[from] Grassy Terrain
|upkeep
|turn|6
|
|t:|1760366768
|switch|p1a: Decidueye|Decidueye-Hisui, M|100/100
|switch|p2a: Deoxys|Deoxys-Speed|100/100
|-ability|p2a: Deoxys|Pressure
|
|-weather|RainDance|[upkeep]
|upkeep
|turn|7
|
|t:|1760366774
|switch|p1a: Iron Treads|Iron Treads|100/100
|move|p2a: Deoxys|Psycho Boost|p1a: Iron Treads
|-resisted|p1a: Iron Treads
|-damage|p1a: Iron Treads|69/100
|-unboost|p2a: Deoxys|spa|2
|-damage|p2a: Deoxys|91/100|[from] item: Life Orb
|
|-weather|RainDance|[upkeep]
|-heal|p2a: Deoxys|97/100|[from] Grassy Terrain
|-heal|p1a: Iron Treads|75/100|[from] Grassy Terrain
|-heal|p1a: Iron Treads|81/100|[from] item: Leftovers
|upkeep
|turn|8
|
|t:|1760366782
|switch|p2a: thanos|Kingambit, F|100/100
|-activate|p2a: thanos|ability: Supreme Overlord
|-start|p2a: thanos|fallen1|[silent]
|-end|p1a: Iron Treads|Quark Drive|[silent]
|switch|p1a: Tornadus|Tornadus-Therian, M|100/100
|
|-weather|RainDance|[upkeep]
|upkeep
|turn|9
|
|t:|1760366791
|-end|p2a: thanos|fallen1|[silent]
|switch|p2a: Deoxys|Deoxys-Speed|97/100
|-ability|p2a: Deoxys|Pressure
|move|p1a: Tornadus|Focus Blast|p2a: Deoxys|[miss]
|-miss|p1a: Tornadus|p2a: Deoxys
|
|-weather|none
|-heal|p2a: Deoxys|100/100|[from] Grassy Terrain
|upkeep
|turn|10
|
|t:|1760366797
|switch|p1a: Pelipper|Pelipper, M|87/100
|-weather|RainDance|[from] ability: Drizzle|[of] p1a: Pelipper
|move|p2a: Deoxys|Psycho Boost|p1a: Pelipper
|-damage|p1a: Pelipper|0 fnt
|-unboost|p2a: Deoxys|spa|2
|faint|p1a: Pelipper
|-damage|p2a: Deoxys|91/100|[from] item: Life Orb
|
|-weather|RainDance|[upkeep]
|-heal|p2a: Deoxys|97/100|[from] Grassy Terrain
|upkeep
|
|t:|1760366804
|switch|p1a: Barraskewda|Barraskewda, M|97/100
|turn|11
|
|t:|1760366828
|switch|p2a: Raging Bolt|Raging Bolt|100/100
|-enditem|p2a: Raging Bolt|Booster Energy
|-activate|p2a: Raging Bolt|ability: Protosynthesis|[fromitem]
|-start|p2a: Raging Bolt|protosynthesisspa
|move|p1a: Barraskewda|Liquidation|p2a: Raging Bolt
|-resisted|p2a: Raging Bolt
|-damage|p2a: Raging Bolt|59/100
|-unboost|p2a: Raging Bolt|def|1
|-damage|p1a: Barraskewda|87/100|[from] item: Life Orb
|
|-weather|RainDance|[upkeep]
|-heal|p1a: Barraskewda|93/100|[from] Grassy Terrain
|-heal|p2a: Raging Bolt|65/100|[from] Grassy Terrain
|upkeep
|turn|12
|
|t:|1760366836
|-end|p2a: Raging Bolt|Protosynthesis|[silent]
|switch|p2a: Rillaboom|Rillaboom, F|52/100
|-terastallize|p1a: Barraskewda|Water
|move|p1a: Barraskewda|Liquidation|p2a: Rillaboom
|-resisted|p2a: Rillaboom
|-damage|p2a: Rillaboom|0 fnt
|faint|p2a: Rillaboom
|-damage|p1a: Barraskewda|83/100|[from] item: Life Orb
|
|-weather|RainDance|[upkeep]
|-heal|p1a: Barraskewda|89/100|[from] Grassy Terrain
|-fieldend|move: Grassy Terrain
|upkeep
|
|t:|1760366843
|switch|p2a: Raging Bolt|Raging Bolt|65/100
|turn|13
|
|t:|1760366848
|switch|p1a: Iron Treads|Iron Treads|81/100
|move|p2a: Raging Bolt|Thunderbolt|p1a: Iron Treads
|-immune|p1a: Iron Treads
|
|-weather|RainDance|[upkeep]
|-heal|p1a: Iron Treads|87/100|[from] item: Leftovers
|upkeep
|turn|14
|
|t:|1760366856
|-end|p2a: Raging Bolt|Protosynthesis|[silent]
|switch|p2a: Deoxys|Deoxys-Speed|97/100
|-ability|p2a: Deoxys|Pressure
|move|p1a: Iron Treads|Earthquake|p2a: Deoxys
|-damage|p2a: Deoxys|38/100
|
|-weather|RainDance|[upkeep]
|-heal|p1a: Iron Treads|93/100|[from] item: Leftovers
|upkeep
|turn|15
|
|t:|1760366868
|-end|p1a: Iron Treads|Quark Drive|[silent]
|switch|p1a: Raging Bolt|Raging Bolt|100/100
|-enditem|p1a: Raging Bolt|Booster Energy
|-activate|p1a: Raging Bolt|ability: Protosynthesis|[fromitem]
|-start|p1a: Raging Bolt|protosynthesisspa
|move|p2a: Deoxys|Focus Blast|p1a: Raging Bolt
|-damage|p1a: Raging Bolt|54/100
|-damage|p2a: Deoxys|28/100|[from] item: Life Orb
|
|-weather|RainDance|[upkeep]
|upkeep
|turn|16
|
|t:|1760366874
|switch|p2a: Anomаly|Iron Moth, tera:Grass|51/100
|move|p1a: Raging Bolt|Thunderclap||[still]
|-fail|p1a: Raging Bolt
|
|-weather|RainDance|[upkeep]
|upkeep
|turn|17
|
|t:|1760366884
|move|p2a: Anomаly|Sludge Wave|p1a: Raging Bolt
|-damage|p1a: Raging Bolt|12/100
|move|p1a: Raging Bolt|Dragon Pulse|p2a: Anomаly
|-damage|p2a: Anomаly|0 fnt
|faint|p2a: Anomаly
|-end|p2a: Anomаly|Quark Drive|[silent]
|
|-weather|none
|upkeep
|
|t:|1760366892
|switch|p2a: Raging Bolt|Raging Bolt|65/100
|turn|18
|
|t:|1760366895
|move|p2a: Raging Bolt|Thunderclap|p1a: Raging Bolt
|-resisted|p1a: Raging Bolt
|-damage|p1a: Raging Bolt|2/100
|move|p1a: Raging Bolt|Dragon Pulse|p2a: Raging Bolt
|-supereffective|p2a: Raging Bolt
|-damage|p2a: Raging Bolt|0 fnt
|faint|p2a: Raging Bolt
|-end|p2a: Raging Bolt|Protosynthesis|[silent]
|
|upkeep
|
|t:|1760366900
|switch|p2a: thanos|Kingambit, F|100/100
|-activate|p2a: thanos|ability: Supreme Overlord
|-start|p2a: thanos|fallen4|[silent]
|turn|19
|
|t:|1760366906
|-end|p2a: thanos|fallen4|[silent]
|switch|p2a: Deoxys|Deoxys-Speed|28/100
|-ability|p2a: Deoxys|Pressure
|move|p1a: Raging Bolt|Dragon Pulse|p2a: Deoxys
|-damage|p2a: Deoxys|0 fnt
|faint|p2a: Deoxys
|
|upkeep
|
|t:|1760366911
|switch|p2a: thanos|Kingambit, F|100/100
|-activate|p2a: thanos|ability: Supreme Overlord
|-start|p2a: thanos|fallen5|[silent]
|turn|20
|
|t:|1760366918
|move|p1a: Raging Bolt|Thunder|p2a: thanos
|-damage|p2a: thanos|16/100
|move|p2a: thanos|Kowtow Cleave|p1a: Raging Bolt
|-damage|p1a: Raging Bolt|0 fnt
|faint|p1a: Raging Bolt
|-end|p1a: Raging Bolt|Protosynthesis|[silent]
|
|-heal|p2a: thanos|22/100|[from] item: Leftovers
|upkeep
|
|t:|1760366925
|switch|p1a: Barraskewda|Barraskewda, M, tera:Water|89/100
|turn|21
|-message|enormouschilli forfeited.
|
|win|3idk
|raw|3idk's rating: 1634 &rarr; <strong>1651</strong><br />(+17 for winning)
|raw|enormouschilli's rating: 1585 &rarr; <strong>1568</strong><br />(-17 for losing)
|l|☆enormouschilli
|player|p2|
