|j|☆lolangfromketer
|j|☆Upperfootball
|t:|1760329869
|gametype|singles
|player|p1|lolangfromketer|veteran|1114
|player|p2|Upperfootball|169|1123
|gen|9
|tier|[Gen 9] OU
|rated|
|rule|HP Percentage Mod: HP is shown in percentages
|rule|Endless Battle Clause: Forcing endless battles is banned
|rule|Species Clause: Limit one of each Pokémon
|rule|OHKO Clause: OHKO moves are banned
|rule|Evasion Items Clause: Evasion items are banned
|rule|Evasion Moves Clause: Evasion moves are banned
|rule|Evasion Abilities Clause: Evasion abilities are banned
|rule|Sleep Moves Clause: Sleep-inducing moves are banned
|clearpoke
|poke|p1|Blaziken, M|
|poke|p1|Iron Valiant|
|poke|p1|Maushold-Four|
|poke|p1|Kingambit, M|
|poke|p1|Zoroark-Hisui, F|
|poke|p1|Porygon2|
|poke|p2|Dragonite, F|
|poke|p2|Kingambit, F|
|poke|p2|Great Tusk|
|poke|p2|Iron Valiant|
|poke|p2|Gholdengo|
|poke|p2|Glimmora, F|
|teampreview
|
|t:|1760329881
|teamsize|p1|6
|teamsize|p2|6
|start
|switch|p1a: Silent Orchestra|Maushold-Four, shiny|100/100
|switch|p2a: Glimmora|Glimmora, F|100/100
|turn|1
|
|t:|1760329892
|move|p1a: Silent Orchestra|Tidy Up|p1a: Silent Orchestra
|-boost|p1a: Silent Orchestra|atk|1
|-boost|p1a: Silent Orchestra|spe|1
|move|p2a: Glimmora|Stealth Rock|p1a: Silent Orchestra
|-sidestart|p1: lolangfromketer|move: Stealth Rock
|
|upkeep
|turn|2
|
|t:|1760329913
|move|p1a: Silent Orchestra|Tidy Up|p1a: Silent Orchestra
|-sideend|p1: lolangfromketer|Stealth Rock
|-activate|p1a: Silent Orchestra|move: Tidy Up
|-boost|p1a: Silent Orchestra|atk|1
|-boost|p1a: Silent Orchestra|spe|1
|move|p2a: Glimmora|Earth Power|p1a: Silent Orchestra
|-damage|p1a: Silent Orchestra|54/100
|
|upkeep
|turn|3
|
|t:|1760329921
|move|p1a: Silent Orchestra|Population Bomb|p2a: Glimmora
|-resisted|p2a: Glimmora
|-damage|p2a: Glimmora|87/100
|-activate|p2a: Glimmora|ability: Toxic Debris
|-sidestart|p1: lolangfromketer|move: Toxic Spikes
|-resisted|p2a: Glimmora
|-damage|p2a: Glimmora|75/100
|-activate|p2a: Glimmora|ability: Toxic Debris
|-sidestart|p1: lolangfromketer|move: Toxic Spikes
|-resisted|p2a: Glimmora
|-damage|p2a: Glimmora|62/100
|-resisted|p2a: Glimmora
|-damage|p2a: Glimmora|49/100
|-resisted|p2a: Glimmora
|-damage|p2a: Glimmora|37/100
|-resisted|p2a: Glimmora
|-damage|p2a: Glimmora|24/100
|-resisted|p2a: Glimmora
|-damage|p2a: Glimmora|11/100
|-resisted|p2a: Glimmora
|-damage|p2a: Glimmora|0 fnt
|faint|p2a: Glimmora
|-hitcount|p2: Glimmora|8
|
|upkeep
|inactive|Battle timer is ON: inactive players will automatically lose when time's up. (requested by lolangfromketer)
|
|t:|1760329979
|switch|p2a: Iron Valiant|Iron Valiant|100/100
|turn|4
|
|t:|1760329986
|-terastallize|p1a: Silent Orchestra|Normal
|move|p1a: Silent Orchestra|Population Bomb|p2a: Iron Valiant
|-damage|p2a: Iron Valiant|66/100
|-damage|p2a: Iron Valiant|29/100
|-damage|p2a: Iron Valiant|0 fnt
|faint|p2a: Iron Valiant
|-end|p2a: Iron Valiant|Quark Drive|[silent]
|-hitcount|p2: Iron Valiant|3
|
|upkeep
|
|t:|1760330003
|switch|p2a: Gholdengo|Gholdengo|100/100
|-item|p2a: Gholdengo|Air Balloon
|turn|5
|
|t:|1760330010
|move|p1a: Silent Orchestra|Bite|p2a: Gholdengo
|-supereffective|p2a: Gholdengo
|-damage|p2a: Gholdengo|8/100
|-enditem|p2a: Gholdengo|Air Balloon
|move|p2a: Gholdengo|Nasty Plot|p2a: Gholdengo
|-boost|p2a: Gholdengo|spa|2
|
|upkeep
|turn|6
|
|t:|1760330020
|move|p1a: Silent Orchestra|Bite|p2a: Gholdengo
|-supereffective|p2a: Gholdengo
|-damage|p2a: Gholdengo|0 fnt
|faint|p2a: Gholdengo
|
|upkeep
|
|t:|1760330030
|switch|p2a: Dragonite|Dragonite, F|100/100
|turn|7
|
|t:|1760330036
|move|p2a: Dragonite|Extreme Speed|p1a: Silent Orchestra
|-damage|p1a: Silent Orchestra|11/100
|move|p1a: Silent Orchestra|Population Bomb|p2a: Dragonite
|-damage|p2a: Dragonite|87/100
|-damage|p2a: Dragonite|57/100
|-damage|p2a: Dragonite|25/100
|-damage|p2a: Dragonite|0 fnt
|faint|p2a: Dragonite
|-hitcount|p2: Dragonite|4
|
|upkeep
|
|t:|1760330040
|switch|p2a: Kingambit|Kingambit, F|100/100
|-activate|p2a: Kingambit|ability: Supreme Overlord
|-start|p2a: Kingambit|fallen4|[silent]
|turn|8
|
|t:|1760330050
|move|p2a: Kingambit|Sucker Punch||[still]
|-fail|p2a: Kingambit
|move|p1a: Silent Orchestra|Tidy Up|p1a: Silent Orchestra
|-sideend|p1: lolangfromketer|Toxic Spikes
|-activate|p1a: Silent Orchestra|move: Tidy Up
|-boost|p1a: Silent Orchestra|atk|1
|-boost|p1a: Silent Orchestra|spe|1
|
|upkeep
|turn|9
|
|t:|1760330057
|move|p2a: Kingambit|Sucker Punch|p1a: Silent Orchestra
|-damage|p1a: Silent Orchestra|0 fnt
|faint|p1a: Silent Orchestra
|
|upkeep
|c|☆Upperfootball|im dumb asf
|c|☆Upperfootball|i forgot i had that
|
|t:|1760330068
|switch|p1a: 1.76 MHz|Porygon2, shiny|100/100
|turn|10
|
|t:|1760330073
|move|p1a: 1.76 MHz|Nasty Plot|p1a: 1.76 MHz
|-boost|p1a: 1.76 MHz|spa|2
|move|p2a: Kingambit|Swords Dance|p2a: Kingambit
|-boost|p2a: Kingambit|atk|2
|
|upkeep
|turn|11
|
|t:|1760330083
|move|p1a: 1.76 MHz|Focus Blast|p2a: Kingambit
|-supereffective|p2a: Kingambit
|-damage|p2a: Kingambit|0 fnt
|faint|p2a: Kingambit
|-end|p2a: Kingambit|fallen4|[silent]
|
|upkeep
|
|t:|1760330088
|switch|p2a: Great Tusk|Great Tusk|100/100
|-enditem|p2a: Great Tusk|Booster Energy
|-activate|p2a: Great Tusk|ability: Protosynthesis|[fromitem]
|-start|p2a: Great Tusk|protosynthesisatk
|turn|12
|
|t:|1760330095
|move|p1a: 1.76 MHz|Hyper Voice|p2a: Great Tusk
|-damage|p2a: Great Tusk|0 fnt
|faint|p2a: Great Tusk
|-end|p2a: Great Tusk|Protosynthesis|[silent]
|
|win|lolangfromketer
|raw|lolangfromketer's rating: 1114 &rarr; <strong>1140</strong><br />(+26 for winning)
|raw|Upperfootball's rating: 1123 &rarr; <strong>1097</strong><br />(-26 for losing)
|c|☆Upperfootball|ggs
|l|☆Upperfootball
|player|p2|
|c|☆lolangfromketer|gg
|l|☆lolangfromketer
|player|p1|
