|j|☆saibayman
|j|☆sly_skip
|t:|1760414263
|gametype|singles
|player|p1|saibayman|265|1487
|player|p2|sly_skip|266|1601
|gen|9
|tier|[Gen 9] OU
|rated|
|rule|HP Percentage Mod: HP is shown in percentages
|rule|Endless Battle Clause: Forcing endless battles is banned
|rule|Species Clause: Limit one of each Pokémon
|rule|OHKO Clause: OHKO moves are banned
|rule|Evasion Items Clause: Evasion items are banned
|rule|Evasion Moves Clause: Evasion moves are banned
|rule|Evasion Abilities Clause: Evasion abilities are banned
|rule|Sleep Moves Clause: Sleep-inducing moves are banned
|clearpoke
|poke|p1|Metagross|
|poke|p1|Great Tusk|
|poke|p1|Slowking-Galar, F|
|poke|p1|Dragapult, F|
|poke|p1|Meowscarada, M|
|poke|p1|Zapdos|
|poke|p2|Great Tusk|
|poke|p2|Darkrai|
|poke|p2|Garganacl, M|
|poke|p2|Kyurem|
|poke|p2|Zamazenta-*|
|poke|p2|Slowking-Galar, M|
|teampreview
|inactive|Battle timer is ON: inactive players will automatically lose when time's up. (requested by sly_skip)
|inactive|saibayman also wants the timer to be on.
|
|t:|1760414280
|teamsize|p1|6
|teamsize|p2|6
|start
|switch|p1a: Dragapult|Dragapult, F|100/100
|switch|p2a: Darkrai|Darkrai|100/100
|turn|1
|
|t:|1760414301
|switch|p2a: Garganacl|Garganacl, M|100/100
|move|p1a: Dragapult|Dragon Darts|p2a: Garganacl
|-damage|p2a: Garganacl|86/100
|-anim|p1a: Dragapult|Dragon Darts|p2a: Garganacl
|-damage|p2a: Garganacl|71/100
|
|-heal|p2a: Garganacl|77/100|[from] item: Leftovers
|upkeep
|turn|2
|
|t:|1760414317
|move|p1a: Dragapult|U-turn|p2a: Garganacl
|-damage|p2a: Garganacl|63/100
|
|t:|1760414319
|switch|p1a: Meowscarada|Meowscarada, M|100/100|[from] U-turn
|move|p2a: Garganacl|Salt Cure|p1a: Meowscarada
|-damage|p1a: Meowscarada|78/100
|-start|p1a: Meowscarada|Salt Cure
|
|-heal|p2a: Garganacl|69/100|[from] item: Leftovers
|-damage|p1a: Meowscarada|66/100|[from] Salt Cure
|upkeep
|turn|3
|inactive|sly_skip has 120 seconds left.
|inactive|sly_skip has 90 seconds left.
|
|t:|1760414381
|switch|p2a: Kyurem|Kyurem|100/100
|-ability|p2a: Kyurem|Pressure
|move|p1a: Meowscarada|Knock Off|p2a: Kyurem
|-start|p1a: Meowscarada|typechange|Dark|[from] ability: Protean
|-damage|p2a: Kyurem|54/100
|-enditem|p2a: Kyurem|Heavy-Duty Boots|[from] move: Knock Off|[of] p1a: Meowscarada
|
|-damage|p1a: Meowscarada|54/100|[from] Salt Cure
|upkeep
|turn|4
|
|t:|1760414394
|switch|p1a: Metagross|Metagross|100/100
|move|p2a: Kyurem|Earth Power|p1a: Metagross
|-supereffective|p1a: Metagross
|-damage|p1a: Metagross|48/100
|
|upkeep
|turn|5
|inactive|sly_skip has 90 seconds left.
|
|t:|1760414414
|move|p1a: Metagross|Bullet Punch|p2a: Kyurem
|-supereffective|p2a: Kyurem
|-damage|p2a: Kyurem|19/100
|move|p2a: Kyurem|Earth Power|p1a: Metagross
|-supereffective|p1a: Metagross
|-damage|p1a: Metagross|0 fnt
|faint|p1a: Metagross
|
|upkeep
|
|t:|1760414423
|switch|p1a: Dragapult|Dragapult, F|100/100
|turn|6
|
|t:|1760414438
|switch|p2a: Great Tusk|Great Tusk|100/100
|move|p1a: Dragapult|Dragon Darts|p2a: Great Tusk
|-damage|p2a: Great Tusk|83/100
|-anim|p1a: Dragapult|Dragon Darts|p2a: Great Tusk
|-damage|p2a: Great Tusk|67/100
|
|upkeep
|turn|7
|
|t:|1760414446
|-end|p2a: Great Tusk|Protosynthesis|[silent]
|switch|p2a: Garganacl|Garganacl, M|69/100
|move|p1a: Dragapult|Will-O-Wisp|p2a: Garganacl
|-immune|p2a: Garganacl|[from] ability: Purifying Salt
|
|-heal|p2a: Garganacl|75/100|[from] item: Leftovers
|upkeep
|turn|8
|
|t:|1760414456
|move|p1a: Dragapult|U-turn|p2a: Garganacl
|-damage|p2a: Garganacl|62/100
|
|t:|1760414461
|switch|p1a: Great Tusk|Great Tusk|100/100|[from] U-turn
|move|p2a: Garganacl|Salt Cure|p1a: Great Tusk
|-resisted|p1a: Great Tusk
|-damage|p1a: Great Tusk|99/100
|-start|p1a: Great Tusk|Salt Cure
|
|-heal|p1a: Great Tusk|100/100|[from] item: Leftovers
|-heal|p2a: Garganacl|68/100|[from] item: Leftovers
|-damage|p1a: Great Tusk|88/100|[from] Salt Cure
|upkeep
|turn|9
|inactive|sly_skip has 120 seconds left.
|inactive|sly_skip has 90 seconds left.
|
|t:|1760414501
|-terastallize|p2a: Garganacl|Water
|move|p1a: Great Tusk|Earthquake|p2a: Garganacl
|-damage|p2a: Garganacl|41/100
|move|p2a: Garganacl|Curse|p2a: Garganacl
|-unboost|p2a: Garganacl|spe|1
|-boost|p2a: Garganacl|atk|1
|-boost|p2a: Garganacl|def|1
|
|-heal|p1a: Great Tusk|94/100|[from] item: Leftovers
|-heal|p2a: Garganacl|47/100|[from] item: Leftovers
|-damage|p1a: Great Tusk|82/100|[from] Salt Cure
|upkeep
|turn|10
|inactive|sly_skip has 90 seconds left.
|
|t:|1760414529
|-end|p1a: Great Tusk|Protosynthesis|[silent]
|switch|p1a: Zapdos|Zapdos|100/100
|move|p2a: Garganacl|Recover|p2a: Garganacl
|-heal|p2a: Garganacl|97/100
|
|-heal|p2a: Garganacl|100/100|[from] item: Leftovers
|upkeep
|turn|11
|
|t:|1760414538
|switch|p2a: Slowking|Slowking-Galar, M|100/100
|move|p1a: Zapdos|Hurricane|p2a: Slowking
|-damage|p2a: Slowking|53/100
|-start|p2a: Slowking|confusion
|
|upkeep
|turn|12
|inactive|sly_skip has 90 seconds left.
|
|t:|1760414559
|move|p1a: Zapdos|Hurricane|p2a: Slowking
|-damage|p2a: Slowking|1/100
|-activate|p2a: Slowking|confusion
|-damage|p2a: Slowking|0 fnt|[from] confusion
|faint|p2a: Slowking
|
|upkeep
|
|t:|1760414568
|switch|p2a: Darkrai|Darkrai|100/100
|turn|13
|inactive|sly_skip has 90 seconds left.
|
|t:|1760414574
|switch|p1a: Meowscarada|Meowscarada, M|54/100
|move|p2a: Darkrai|Ice Beam|p1a: Meowscarada
|-supereffective|p1a: Meowscarada
|-damage|p1a: Meowscarada|0 fnt
|faint|p1a: Meowscarada
|
|upkeep
|
|t:|1760414582
|switch|p1a: Dragapult|Dragapult, F|100/100
|turn|14
|inactive|sly_skip has 90 seconds left.
|
|t:|1760414610
|switch|p2a: Garganacl|Garganacl, M, tera:Water|100/100
|move|p1a: Dragapult|U-turn|p2a: Garganacl
|-damage|p2a: Garganacl|86/100
|
|t:|1760414616
|switch|p1a: Zapdos|Zapdos|100/100|[from] U-turn
|
|-heal|p2a: Garganacl|93/100|[from] item: Leftovers
|upkeep
|turn|15
|inactive|sly_skip has 90 seconds left.
|inactive|sly_skip has 60 seconds left.
|
|t:|1760414664
|switch|p2a: Kyurem|Kyurem|19/100
|-ability|p2a: Kyurem|Pressure
|move|p1a: Zapdos|Thunderbolt|p2a: Kyurem
|-resisted|p2a: Kyurem
|-damage|p2a: Kyurem|0 fnt
|faint|p2a: Kyurem
|
|upkeep
|
|t:|1760414668
|switch|p2a: Darkrai|Darkrai|100/100
|turn|16
|
|t:|1760414685
|switch|p1a: Slowking|Slowking-Galar, F|100/100
|move|p2a: Darkrai|Knock Off|p1a: Slowking
|-supereffective|p1a: Slowking
|-damage|p1a: Slowking|35/100
|-enditem|p1a: Slowking|Assault Vest|[from] move: Knock Off|[of] p2a: Darkrai
|
|upkeep
|turn|17
|
|t:|1760414693
|move|p2a: Darkrai|Dark Pulse|p1a: Slowking
|-supereffective|p1a: Slowking
|-damage|p1a: Slowking|0 fnt
|faint|p1a: Slowking
|
|upkeep
|
|t:|1760414698
|switch|p1a: Dragapult|Dragapult, F|100/100
|turn|18
|inactive|sly_skip has 60 seconds left.
|
|t:|1760414727
|switch|p2a: Great Tusk|Great Tusk|67/100
|move|p1a: Dragapult|Dragon Darts|p2a: Great Tusk
|-damage|p2a: Great Tusk|48/100
|-anim|p1a: Dragapult|Dragon Darts|p2a: Great Tusk
|-damage|p2a: Great Tusk|29/100
|
|upkeep
|turn|19
|
|t:|1760414735
|move|p1a: Dragapult|Dragon Darts|p2a: Great Tusk
|-damage|p2a: Great Tusk|10/100
|-anim|p1a: Dragapult|Dragon Darts|p2a: Great Tusk
|-damage|p2a: Great Tusk|0 fnt
|faint|p2a: Great Tusk
|-end|p2a: Great Tusk|Protosynthesis|[silent]
|
|upkeep
|inactive|sly_skip has 60 seconds left.
|inactive|sly_skip has 30 seconds left.
|
|t:|1760414783
|switch|p2a: Garganacl|Garganacl, M, tera:Water|93/100
|turn|20
|
|t:|1760414794
|move|p1a: Dragapult|U-turn|p2a: Garganacl
|-damage|p2a: Garganacl|78/100
|
|t:|1760414797
|switch|p1a: Great Tusk|Great Tusk|82/100|[from] U-turn
|move|p2a: Garganacl|Salt Cure|p1a: Great Tusk
|-resisted|p1a: Great Tusk
|-damage|p1a: Great Tusk|80/100
|-start|p1a: Great Tusk|Salt Cure
|
|-heal|p1a: Great Tusk|86/100|[from] item: Leftovers
|-heal|p2a: Garganacl|84/100|[from] item: Leftovers
|-damage|p1a: Great Tusk|74/100|[from] Salt Cure
|upkeep
|turn|21
|inactive|sly_skip has 30 seconds left.
|
|t:|1760414828
|move|p1a: Great Tusk|Earthquake|p2a: Garganacl
|-crit|p2a: Garganacl
|-damage|p2a: Garganacl|47/100
|move|p2a: Garganacl|Curse|p2a: Garganacl
|-unboost|p2a: Garganacl|spe|1
|-boost|p2a: Garganacl|atk|1
|-boost|p2a: Garganacl|def|1
|
|-heal|p1a: Great Tusk|80/100|[from] item: Leftovers
|-heal|p2a: Garganacl|53/100|[from] item: Leftovers
|-damage|p1a: Great Tusk|68/100|[from] Salt Cure
|upkeep
|turn|22
|
|t:|1760414840
|-end|p1a: Great Tusk|Protosynthesis|[silent]
|switch|p1a: Zapdos|Zapdos|100/100
|move|p2a: Garganacl|Salt Cure|p1a: Zapdos
|-supereffective|p1a: Zapdos
|-damage|p1a: Zapdos|48/100
|-start|p1a: Zapdos|Salt Cure
|
|-heal|p2a: Garganacl|59/100|[from] item: Leftovers
|-damage|p1a: Zapdos|36/100|[from] Salt Cure
|upkeep
|turn|23
|inactive|sly_skip has 30 seconds left.
|inactive|sly_skip has 20 seconds left.
|inactive|sly_skip has 15 seconds left.
|inactive|sly_skip has 10 seconds left.
|
|t:|1760414876
|switch|p2a: Zamazenta|Zamazenta|100/100
|-ability|p2a: Zamazenta|Dauntless Shield|boost
|-boost|p2a: Zamazenta|def|1
|move|p1a: Zapdos|Volt Switch|p2a: Zamazenta
|-crit|p2a: Zamazenta
|-damage|p2a: Zamazenta|27/100
|
|t:|1760414883
|switch|p1a: Dragapult|Dragapult, F|100/100|[from] Volt Switch
|
|-heal|p2a: Zamazenta|33/100|[from] item: Leftovers
|upkeep
|turn|24
|inactive|sly_skip has 25 seconds left this turn.
|inactive|sly_skip has 20 seconds left.
|
|t:|1760414892
|move|p1a: Dragapult|Dragon Darts|p2a: Zamazenta
|-damage|p2a: Zamazenta|21/100
|-anim|p1a: Dragapult|Dragon Darts|p2a: Zamazenta
|-damage|p2a: Zamazenta|10/100
|move|p2a: Zamazenta|Heavy Slam|p1a: Dragapult
|-damage|p1a: Dragapult|67/100
|
|-heal|p2a: Zamazenta|16/100|[from] item: Leftovers
|upkeep
|turn|25
|inactive|sly_skip has 30 seconds left this turn.
|
|t:|1760414901
|switch|p2a: Garganacl|Garganacl, M, tera:Water|59/100
|move|p1a: Dragapult|Dragon Darts|p2a: Garganacl
|-damage|p2a: Garganacl|43/100
|-anim|p1a: Dragapult|Dragon Darts|p2a: Garganacl
|-damage|p2a: Garganacl|29/100
|
|-heal|p2a: Garganacl|35/100|[from] item: Leftovers
|upkeep
|turn|26
|inactive|sly_skip has 30 seconds left.
|inactive|sly_skip has 20 seconds left.
|inactive|sly_skip has 15 seconds left.
|
|t:|1760414928
|move|p1a: Dragapult|U-turn|p2a: Garganacl
|-damage|p2a: Garganacl|21/100
|
|t:|1760414931
|switch|p1a: Zapdos|Zapdos|36/100|[from] U-turn
|move|p2a: Garganacl|Recover|p2a: Garganacl
|-heal|p2a: Garganacl|71/100
|
|-heal|p2a: Garganacl|77/100|[from] item: Leftovers
|upkeep
|turn|27
|inactive|sly_skip has 30 seconds left this turn.
|
|t:|1760414940
|switch|p2a: Zamazenta|Zamazenta|16/100
|move|p1a: Zapdos|Thunderbolt|p2a: Zamazenta
|-damage|p2a: Zamazenta|0 fnt
|faint|p2a: Zamazenta
|
|upkeep
|inactive|sly_skip has 30 seconds left this turn.
|inactive|sly_skip has 20 seconds left.
|inactive|sly_skip has 15 seconds left.
|
|t:|1760414958
|switch|p2a: Darkrai|Darkrai|100/100
|turn|28
|inactive|sly_skip has 25 seconds left this turn.
|
|t:|1760414962
|switch|p1a: Dragapult|Dragapult, F|67/100
|move|p2a: Darkrai|Ice Beam|p1a: Dragapult
|-supereffective|p1a: Dragapult
|-damage|p1a: Dragapult|0 fnt
|faint|p1a: Dragapult
|
|upkeep
|
|t:|1760414970
|switch|p1a: Great Tusk|Great Tusk|68/100
|turn|29
|
|t:|1760414975
|-terastallize|p1a: Great Tusk|Steel
|move|p2a: Darkrai|Ice Beam|p1a: Great Tusk
|-resisted|p1a: Great Tusk
|-damage|p1a: Great Tusk|45/100
|move|p1a: Great Tusk|Body Press|p2a: Darkrai
|-supereffective|p2a: Darkrai
|-damage|p2a: Darkrai|0 fnt
|faint|p2a: Darkrai
|
|-heal|p1a: Great Tusk|52/100|[from] item: Leftovers
|upkeep
|
|t:|1760414979
|switch|p2a: Garganacl|Garganacl, M, tera:Water|77/100
|turn|30
|
|t:|1760414990
|move|p1a: Great Tusk|Bulk Up|p1a: Great Tusk
|-boost|p1a: Great Tusk|atk|1
|-boost|p1a: Great Tusk|def|1
|move|p2a: Garganacl|Curse|p2a: Garganacl
|-unboost|p2a: Garganacl|spe|1
|-boost|p2a: Garganacl|atk|1
|-boost|p2a: Garganacl|def|1
|
|-heal|p1a: Great Tusk|58/100|[from] item: Leftovers
|-heal|p2a: Garganacl|83/100|[from] item: Leftovers
|upkeep
|turn|31
|
|t:|1760415011
|move|p1a: Great Tusk|Bulk Up|p1a: Great Tusk
|-boost|p1a: Great Tusk|atk|1
|-boost|p1a: Great Tusk|def|1
|move|p2a: Garganacl|Salt Cure|p1a: Great Tusk
|-resisted|p1a: Great Tusk
|-damage|p1a: Great Tusk|56/100
|-start|p1a: Great Tusk|Salt Cure
|
|-heal|p1a: Great Tusk|62/100|[from] item: Leftovers
|-heal|p2a: Garganacl|90/100|[from] item: Leftovers
|-damage|p1a: Great Tusk|37/100|[from] Salt Cure
|upkeep
|turn|32
|inactive|sly_skip has 60 seconds left.
|
|t:|1760415024
|-end|p1a: Great Tusk|Protosynthesis|[silent]
|switch|p1a: Zapdos|Zapdos|36/100
|move|p2a: Garganacl|Recover|p2a: Garganacl
|-heal|p2a: Garganacl|100/100
|
|upkeep
|turn|33
|inactive|sly_skip has 60 seconds left.
|
|t:|1760415047
|move|p1a: Zapdos|Volt Switch|p2a: Garganacl
|-supereffective|p2a: Garganacl
|-damage|p2a: Garganacl|28/100
|
|t:|1760415054
|switch|p1a: Great Tusk|Great Tusk, tera:Steel|37/100|[from] Volt Switch
|move|p2a: Garganacl|Salt Cure|p1a: Great Tusk
|-resisted|p1a: Great Tusk
|-damage|p1a: Great Tusk|32/100
|-start|p1a: Great Tusk|Salt Cure
|
|-heal|p1a: Great Tusk|38/100|[from] item: Leftovers
|-heal|p2a: Garganacl|34/100|[from] item: Leftovers
|-damage|p1a: Great Tusk|13/100|[from] Salt Cure
|upkeep
|turn|34
|
|t:|1760415067
|move|p1a: Great Tusk|Body Press|p2a: Garganacl
|-damage|p2a: Garganacl|14/100
|move|p2a: Garganacl|Recover|p2a: Garganacl
|-heal|p2a: Garganacl|64/100
|
|-heal|p1a: Great Tusk|20/100|[from] item: Leftovers
|-heal|p2a: Garganacl|70/100|[from] item: Leftovers
|-damage|p1a: Great Tusk|0 fnt|[from] Salt Cure
|faint|p1a: Great Tusk
|-end|p1a: Great Tusk|Protosynthesis|[silent]
|upkeep
|
|t:|1760415078
|switch|p1a: Zapdos|Zapdos|36/100
|turn|35
|
|t:|1760415081
|move|p1a: Zapdos|Thunderbolt|p2a: Garganacl
|-supereffective|p2a: Garganacl
|-damage|p2a: Garganacl|0 fnt
|faint|p2a: Garganacl
|
|win|saibayman
|raw|saibayman's rating: 1487 &rarr; <strong>1513</strong><br />(+26 for winning)
|raw|sly_skip's rating: 1586 &rarr; <strong>1560</strong><br />(-26 for losing)
|l|☆sly_skip
|player|p2|
|l|☆saibayman
|player|p1|
