|j|☆kurobots
|j|☆wa3ji1da3瓦鸡打
|t:|1760416295
|gametype|singles
|player|p1|kurobots|ghetsis-gen5bw|1617
|player|p2|wa3ji1da3瓦鸡打|iono|1576
|gen|9
|tier|[Gen 9] OU
|rated|
|rule|HP Percentage Mod: HP is shown in percentages
|rule|Endless Battle Clause: Forcing endless battles is banned
|rule|Species Clause: Limit one of each Pokémon
|rule|OHKO Clause: OHKO moves are banned
|rule|Evasion Items Clause: Evasion items are banned
|rule|Evasion Moves Clause: Evasion moves are banned
|rule|Evasion Abilities Clause: Evasion abilities are banned
|rule|Sleep Moves Clause: Sleep-inducing moves are banned
|clearpoke
|poke|p1|Skeledirge, F|
|poke|p1|Ogerpon-Wellspring, F|
|poke|p1|Dragapult, F|
|poke|p1|Weezing-Galar, M|
|poke|p1|Ting-Lu|
|poke|p1|Corviknight, F|
|poke|p2|Ogerpon-Wellspring, F|
|poke|p2|Kingambit, F|
|poke|p2|Landorus-Therian, M|
|poke|p2|Glimmora, F|
|poke|p2|Dragapult, M|
|poke|p2|Iron Valiant|
|teampreview
|inactive|Battle timer is ON: inactive players will automatically lose when time's up. (requested by wa3ji1da3瓦鸡打)
|
|t:|1760416306
|teamsize|p1|6
|teamsize|p2|6
|start
|switch|p1a: Ogerpon|Ogerpon-Wellspring, F|100/100
|switch|p2a: Glimmora|Glimmora, F|100/100
|turn|1
|
|t:|1760416314
|switch|p2a: Landorus|Landorus-Therian, M|100/100
|-ability|p2a: Landorus|Intimidate|boost
|-unboost|p1a: Ogerpon|atk|1
|move|p1a: Ogerpon|Ivy Cudgel|p2a: Landorus|[anim] Ivy Cudgel Water
|-supereffective|p2a: Landorus
|-damage|p2a: Landorus|34/100
|
|upkeep
|turn|2
|
|t:|1760416322
|switch|p2a: Ogerpon|Ogerpon-Wellspring, F|100/100
|move|p1a: Ogerpon|Ivy Cudgel|p2a: Ogerpon|[anim] Ivy Cudgel Water
|-immune|p2a: Ogerpon|[from] ability: Water Absorb
|
|upkeep
|turn|3
|
|t:|1760416328
|move|p2a: Ogerpon|Horn Leech|p1a: Ogerpon
|-damage|p1a: Ogerpon|51/100
|move|p1a: Ogerpon|Spikes|p2a: Ogerpon
|-sidestart|p2: wa3ji1da3瓦鸡打|Spikes
|
|upkeep
|turn|4
|
|t:|1760416335
|switch|p1a: Corviknight|Corviknight, F|100/100
|-ability|p1a: Corviknight|Pressure
|move|p2a: Ogerpon|Horn Leech|p1a: Corviknight
|-resisted|p1a: Corviknight
|-damage|p1a: Corviknight|94/100
|-damage|p2a: Ogerpon|84/100|[from] item: Rocky Helmet|[of] p1a: Corviknight
|
|upkeep
|turn|5
|
|t:|1760416339
|switch|p2a: Glimmora|Glimmora, F|100/100
|-damage|p2a: Glimmora|88/100|[from] Spikes
|move|p1a: Corviknight|U-turn|p2a: Glimmora
|-resisted|p2a: Glimmora
|-damage|p2a: Glimmora|79/100
|-activate|p2a: Glimmora|ability: Toxic Debris
|-sidestart|p1: kurobots|move: Toxic Spikes
|
|t:|1760416343
|switch|p1a: Weezing|Weezing-Galar, M|100/100|[from] U-turn
|-ability|p1a: Weezing|Neutralizing Gas
|-sideend|p1: kurobots|move: Toxic Spikes|[of] p1a: Weezing
|
|upkeep
|turn|6
|
|t:|1760416348
|-end|p1a: Weezing|ability: Neutralizing Gas
|switch|p1a: Ting-Lu|Ting-Lu, shiny|100/100
|-ability|p1a: Ting-Lu|Vessel of Ruin
|move|p2a: Glimmora|Meteor Beam||[still]
|-prepare|p2a: Glimmora|Meteor Beam
|-boost|p2a: Glimmora|spa|1
|-enditem|p2a: Glimmora|Power Herb
|-anim|p2a: Glimmora|Meteor Beam|p1a: Ting-Lu
|-resisted|p1a: Ting-Lu
|-damage|p1a: Ting-Lu|80/100
|
|-heal|p1a: Ting-Lu|86/100|[from] item: Leftovers
|upkeep
|turn|7
|
|t:|1760416354
|move|p2a: Glimmora|Mortal Spin|p1a: Ting-Lu
|-resisted|p1a: Ting-Lu
|-crit|p1a: Ting-Lu
|-damage|p1a: Ting-Lu|83/100
|-status|p1a: Ting-Lu|psn
|-sideend|p2: wa3ji1da3瓦鸡打|Spikes|[from] move: Mortal Spin|[of] p2a: Glimmora
|move|p1a: Ting-Lu|Earthquake|p2a: Glimmora
|-supereffective|p2a: Glimmora
|-damage|p2a: Glimmora|0 fnt
|-activate|p2a: Glimmora|ability: Toxic Debris
|-sidestart|p1: kurobots|move: Toxic Spikes
|faint|p2a: Glimmora
|
|-heal|p1a: Ting-Lu|90/100 psn|[from] item: Leftovers
|-damage|p1a: Ting-Lu|77/100 psn|[from] psn
|upkeep
|
|t:|1760416358
|switch|p2a: Landorus|Landorus-Therian, M|34/100
|-ability|p2a: Landorus|Intimidate|boost
|-unboost|p1a: Ting-Lu|atk|1
|turn|8
|
|t:|1760416363
|switch|p1a: Corviknight|Corviknight, F|94/100
|-ability|p1a: Corviknight|Pressure
|move|p2a: Landorus|Taunt|p1a: Corviknight
|-start|p1a: Corviknight|move: Taunt
|
|upkeep
|turn|9
|
|t:|1760416366
|move|p2a: Landorus|Stealth Rock|p1a: Corviknight
|-sidestart|p1: kurobots|move: Stealth Rock
|move|p1a: Corviknight|U-turn|p2a: Landorus
|-resisted|p2a: Landorus
|-damage|p2a: Landorus|27/100
|-damage|p1a: Corviknight|77/100|[from] item: Rocky Helmet|[of] p2a: Landorus
|
|t:|1760416368
|switch|p1a: Weezing|Weezing-Galar, M|100/100|[from] U-turn
|-ability|p1a: Weezing|Neutralizing Gas
|-sideend|p1: kurobots|move: Toxic Spikes|[of] p1a: Weezing
|
|upkeep
|turn|10
|
|t:|1760416373
|-end|p1a: Weezing|ability: Neutralizing Gas
|-ability|p2a: Landorus|Intimidate|boost
|-unboost|p1a: Weezing|atk|1
|switch|p1a: Ogerpon|Ogerpon-Wellspring, F|51/100
|-damage|p1a: Ogerpon|39/100|[from] Stealth Rock
|move|p2a: Landorus|Taunt|p1a: Ogerpon
|-start|p1a: Ogerpon|move: Taunt
|
|upkeep
|turn|11
|
|t:|1760416380
|switch|p2a: Ogerpon|Ogerpon-Wellspring, F|84/100
|move|p1a: Ogerpon|Knock Off|p2a: Ogerpon
|-damage|p2a: Ogerpon|52/100
|
|upkeep
|turn|12
|
|t:|1760416387
|switch|p1a: Weezing|Weezing-Galar, M|100/100
|-ability|p1a: Weezing|Neutralizing Gas
|move|p2a: Ogerpon|Ivy Cudgel|p1a: Weezing|[anim] Ivy Cudgel Water
|-crit|p1a: Weezing
|-damage|p1a: Weezing|30/100
|
|upkeep
|turn|13
|
|t:|1760416417
|move|p2a: Ogerpon|Ivy Cudgel|p1a: Weezing|[anim] Ivy Cudgel Water
|-damage|p1a: Weezing|0 fnt
|faint|p1a: Weezing
|-end|p1a: Weezing|ability: Neutralizing Gas
|
|upkeep
|
|t:|1760416419
|switch|p1a: Dragapult|Dragapult, F|100/100
|-damage|p1a: Dragapult|88/100|[from] Stealth Rock
|turn|14
|
|t:|1760416426
|switch|p2a: Landorus|Landorus-Therian, M|27/100
|-ability|p2a: Landorus|Intimidate|boost
|-unboost|p1a: Dragapult|atk|1
|move|p1a: Dragapult|Shadow Ball|p2a: Landorus
|-damage|p2a: Landorus|0 fnt
|faint|p2a: Landorus
|
|upkeep
|
|t:|1760416434
|switch|p2a: Kingambit|Kingambit, F|100/100
|-activate|p2a: Kingambit|ability: Supreme Overlord
|-start|p2a: Kingambit|fallen2|[silent]
|turn|15
|
|t:|1760416437
|switch|p1a: Corviknight|Corviknight, F|77/100
|-damage|p1a: Corviknight|65/100|[from] Stealth Rock
|-ability|p1a: Corviknight|Pressure
|move|p2a: Kingambit|Kowtow Cleave|p1a: Corviknight
|-damage|p1a: Corviknight|29/100
|-damage|p2a: Kingambit|84/100|[from] item: Rocky Helmet|[of] p1a: Corviknight
|
|-heal|p2a: Kingambit|90/100|[from] item: Leftovers
|upkeep
|turn|16
|
|t:|1760416451
|switch|p1a: Ting-Lu|Ting-Lu, shiny|77/100 psn
|-damage|p1a: Ting-Lu|71/100 psn|[from] Stealth Rock
|-ability|p1a: Ting-Lu|Vessel of Ruin
|move|p2a: Kingambit|Swords Dance|p2a: Kingambit
|-boost|p2a: Kingambit|atk|2
|
|-heal|p2a: Kingambit|97/100|[from] item: Leftovers
|-heal|p1a: Ting-Lu|77/100 psn|[from] item: Leftovers
|-damage|p1a: Ting-Lu|65/100 psn|[from] psn
|upkeep
|turn|17
|
|t:|1760416461
|move|p2a: Kingambit|Iron Head|p1a: Ting-Lu
|-damage|p1a: Ting-Lu|0 fnt
|faint|p1a: Ting-Lu
|
|-heal|p2a: Kingambit|100/100|[from] item: Leftovers
|upkeep
|
|t:|1760416463
|switch|p1a: Skeledirge|Skeledirge, F|100/100
|turn|18
|
|t:|1760416480
|-terastallize|p1a: Skeledirge|Dark
|move|p1a: Skeledirge|Will-O-Wisp|p2a: Kingambit
|-status|p2a: Kingambit|brn
|move|p2a: Kingambit|Kowtow Cleave|p1a: Skeledirge
|-resisted|p1a: Skeledirge
|-damage|p1a: Skeledirge|87/100
|
|-damage|p2a: Kingambit|94/100 brn|[from] brn
|upkeep
|turn|19
|
|t:|1760416493
|-end|p2a: Kingambit|fallen2|[silent]
|switch|p2a: Ogerpon|Ogerpon-Wellspring, F|52/100
|move|p1a: Skeledirge|Torch Song|p2a: Ogerpon
|-damage|p2a: Ogerpon|17/100
|-boost|p1a: Skeledirge|spa|1
|
|upkeep
|turn|20
|
|t:|1760416501
|move|p2a: Ogerpon|Play Rough|p1a: Skeledirge|[miss]
|-miss|p2a: Ogerpon|p1a: Skeledirge
|move|p1a: Skeledirge|Will-O-Wisp|p2a: Ogerpon|[miss]
|-miss|p1a: Skeledirge|p2a: Ogerpon
|
|upkeep
|turn|21
|
|t:|1760416507
|move|p2a: Ogerpon|Play Rough|p1a: Skeledirge
|-supereffective|p1a: Skeledirge
|-damage|p1a: Skeledirge|25/100
|move|p1a: Skeledirge|Will-O-Wisp|p2a: Ogerpon
|-status|p2a: Ogerpon|brn
|
|-damage|p2a: Ogerpon|11/100 brn|[from] brn
|upkeep
|turn|22
|
|t:|1760416514
|move|p2a: Ogerpon|Taunt|p1a: Skeledirge
|-start|p1a: Skeledirge|move: Taunt
|cant|p1a: Skeledirge|move: Taunt|Slack Off
|
|-damage|p2a: Ogerpon|5/100 brn|[from] brn
|upkeep
|turn|23
|
|t:|1760416519
|move|p2a: Ogerpon|Play Rough|p1a: Skeledirge
|-supereffective|p1a: Skeledirge
|-damage|p1a: Skeledirge|0 fnt
|faint|p1a: Skeledirge
|
|-damage|p2a: Ogerpon|0 fnt|[from] brn
|faint|p2a: Ogerpon
|upkeep
|
|t:|1760416524
|switch|p2a: Dragapult|Dragapult, M|100/100
|switch|p1a: Dragapult|Dragapult, F|88/100
|-damage|p1a: Dragapult|76/100|[from] Stealth Rock
|turn|24
|
|t:|1760416531
|switch|p2a: Kingambit|Kingambit, F|94/100 brn
|-activate|p2a: Kingambit|ability: Supreme Overlord
|-start|p2a: Kingambit|fallen3|[silent]
|move|p1a: Dragapult|Shadow Ball|p2a: Kingambit
|-resisted|p2a: Kingambit
|-damage|p2a: Kingambit|68/100 brn
|
|-heal|p2a: Kingambit|74/100 brn|[from] item: Leftovers
|-damage|p2a: Kingambit|68/100 brn|[from] brn
|upkeep
|turn|25
|
|t:|1760416542
|switch|p1a: Ogerpon|Ogerpon-Wellspring, F|39/100
|-damage|p1a: Ogerpon|26/100|[from] Stealth Rock
|move|p2a: Kingambit|Kowtow Cleave|p1a: Ogerpon
|-damage|p1a: Ogerpon|0 fnt
|faint|p1a: Ogerpon
|
|-heal|p2a: Kingambit|74/100 brn|[from] item: Leftovers
|-damage|p2a: Kingambit|68/100 brn|[from] brn
|upkeep
|
|t:|1760416544
|switch|p1a: Corviknight|Corviknight, F|29/100
|-damage|p1a: Corviknight|16/100|[from] Stealth Rock
|-ability|p1a: Corviknight|Pressure
|turn|26
|
|t:|1760416548
|move|p1a: Corviknight|Roost|p1a: Corviknight
|-heal|p1a: Corviknight|66/100
|-singleturn|p1a: Corviknight|move: Roost
|move|p2a: Kingambit|Swords Dance|p2a: Kingambit
|-boost|p2a: Kingambit|atk|2
|
|-heal|p2a: Kingambit|74/100 brn|[from] item: Leftovers
|-damage|p2a: Kingambit|68/100 brn|[from] brn
|upkeep
|turn|27
|
|t:|1760416551
|move|p1a: Corviknight|Iron Defense|p1a: Corviknight
|-boost|p1a: Corviknight|def|2
|move|p2a: Kingambit|Swords Dance|p2a: Kingambit
|-boost|p2a: Kingambit|atk|2
|
|-heal|p2a: Kingambit|74/100 brn|[from] item: Leftovers
|-damage|p2a: Kingambit|68/100 brn|[from] brn
|upkeep
|turn|28
|
|t:|1760416554
|-end|p2a: Kingambit|fallen3|[silent]
|switch|p2a: Iron Valiant|Iron Valiant|100/100
|-enditem|p2a: Iron Valiant|Booster Energy
|-activate|p2a: Iron Valiant|ability: Quark Drive|[fromitem]
|-start|p2a: Iron Valiant|quarkdrivespe
|move|p1a: Corviknight|Iron Defense|p1a: Corviknight
|-boost|p1a: Corviknight|def|2
|
|upkeep
|turn|29
|
|t:|1760416558
|move|p2a: Iron Valiant|Encore|p1a: Corviknight
|-start|p1a: Corviknight|Encore
|move|p1a: Corviknight|Iron Defense|p1a: Corviknight
|-boost|p1a: Corviknight|def|2
|
|upkeep
|turn|30
|
|t:|1760416561
|switch|p1a: Dragapult|Dragapult, F|76/100
|-damage|p1a: Dragapult|64/100|[from] Stealth Rock
|move|p2a: Iron Valiant|Swords Dance|p2a: Iron Valiant
|-boost|p2a: Iron Valiant|atk|2
|
|upkeep
|turn|31
|
|t:|1760416564
|move|p2a: Iron Valiant|Spirit Break|p1a: Dragapult
|-supereffective|p1a: Dragapult
|-damage|p1a: Dragapult|0 fnt
|faint|p1a: Dragapult
|
|upkeep
|
|t:|1760416566
|switch|p1a: Corviknight|Corviknight, F|66/100
|-damage|p1a: Corviknight|54/100|[from] Stealth Rock
|-ability|p1a: Corviknight|Pressure
|turn|32
|
|t:|1760416570
|move|p2a: Iron Valiant|Knock Off|p1a: Corviknight
|-damage|p1a: Corviknight|15/100
|-damage|p2a: Iron Valiant|84/100|[from] item: Rocky Helmet|[of] p1a: Corviknight
|-enditem|p1a: Corviknight|Rocky Helmet|[from] move: Knock Off|[of] p2a: Iron Valiant
|move|p1a: Corviknight|Body Press|p2a: Iron Valiant
|-resisted|p2a: Iron Valiant
|-damage|p2a: Iron Valiant|66/100
|
|upkeep
|turn|33
|-message|kurobots forfeited.
|
|win|wa3ji1da3瓦鸡打
|raw|kurobots's rating: 1617 &rarr; <strong>1595</strong><br />(-22 for losing)
|raw|wa3ji1da3瓦鸡打's rating: 1576 &rarr; <strong>1598</strong><br />(+22 for winning)
|l|☆kurobots
|player|p1|
|l|☆wa3ji1da3瓦鸡打
|player|p2|
