|j|☆perkukih
|j|☆AEFAA2
|t:|1760307166
|gametype|singles
|player|p1|perkukih|pilot|1000
|player|p2|AEFAA2|scientist-gen4dp|1000
|gen|9
|tier|[Gen 9] OU
|rated|
|rule|HP Percentage Mod: HP is shown in percentages
|rule|Endless Battle Clause: Forcing endless battles is banned
|rule|Species Clause: Limit one of each Pokémon
|rule|OHKO Clause: OHKO moves are banned
|rule|Evasion Items Clause: Evasion items are banned
|rule|Evasion Moves Clause: Evasion moves are banned
|rule|Evasion Abilities Clause: Evasion abilities are banned
|rule|Sleep Moves Clause: Sleep-inducing moves are banned
|clearpoke
|poke|p1|Rotom-Wash|
|poke|p1|Thundurus-Therian, M|
|poke|p1|Sandy Shocks|
|poke|p1|Galvantula, M|
|poke|p1|Iron Hands|
|poke|p1|Toxtricity, F|
|poke|p2|Torkoal, F|
|poke|p2|Sunflora, M|
|poke|p2|Goodra-Hisui, M|
|poke|p2|Great Tusk|
|poke|p2|Scovillain, M|
|poke|p2|Ninetales, F|
|teampreview
|inactive|Battle timer is ON: inactive players will automatically lose when time's up. (requested by AEFAA2)
|
|t:|1760307210
|teamsize|p1|6
|teamsize|p2|6
|start
|switch|p1a: Galvantula|Galvantula, M|100/100
|switch|p2a: Torkoal|Torkoal, F|100/100
|-weather|SunnyDay|[from] ability: Drought|[of] p2a: Torkoal
|turn|1
|
|t:|1760307223
|move|p1a: Galvantula|Sticky Web|p2a: Torkoal
|-sidestart|p2: AEFAA2|move: Sticky Web
|move|p2a: Torkoal|Rapid Spin|p1a: Galvantula
|-damage|p1a: Galvantula|84/100
|-boost|p2a: Torkoal|spe|1
|-sideend|p2: AEFAA2|Sticky Web|[from] move: Rapid Spin|[of] p2a: Torkoal
|
|-weather|SunnyDay|[upkeep]
|upkeep
|turn|2
|
|t:|1760307243
|switch|p2a: Scovillain|Scovillain, M|100/100
|move|p1a: Galvantula|Thunder Wave|p2a: Scovillain
|-status|p2a: Scovillain|par
|
|-weather|SunnyDay|[upkeep]
|upkeep
|turn|3
|
|t:|1760307253
|move|p1a: Galvantula|Sticky Web|p2a: Scovillain
|-sidestart|p2: AEFAA2|move: Sticky Web
|cant|p2a: Scovillain|par
|
|-weather|SunnyDay|[upkeep]
|upkeep
|turn|4
|
|t:|1760307262
|switch|p1a: Rotom|Rotom-Wash|100/100
|move|p2a: Scovillain|Flamethrower|p1a: Rotom
|-resisted|p1a: Rotom
|-damage|p1a: Rotom|52/100
|
|-weather|SunnyDay|[upkeep]
|-heal|p1a: Rotom|58/100|[from] item: Leftovers
|upkeep
|turn|5
|
|t:|1760307283
|switch|p2a: Goodra|Goodra-Hisui, M|100/100
|-activate|p2a: Goodra|move: Sticky Web
|-unboost|p2a: Goodra|spe|1
|move|p1a: Rotom|Volt Switch|p2a: Goodra
|-resisted|p2a: Goodra
|-damage|p2a: Goodra|96/100
|
|t:|1760307291
|switch|p1a: Iron Hands|Iron Hands|100/100|[from] Volt Switch
|-enditem|p1a: Iron Hands|Booster Energy
|-activate|p1a: Iron Hands|ability: Quark Drive|[fromitem]
|-start|p1a: Iron Hands|quarkdriveatk
|
|-weather|SunnyDay|[upkeep]
|upkeep
|turn|6
|
|t:|1760307301
|switch|p2a: Great Tusk|Great Tusk|100/100
|-activate|p2a: Great Tusk|move: Sticky Web
|-unboost|p2a: Great Tusk|spe|1
|-activate|p2a: Great Tusk|ability: Protosynthesis
|-start|p2a: Great Tusk|protosynthesisatk
|move|p1a: Iron Hands|Drain Punch|p2a: Great Tusk
|-damage|p2a: Great Tusk|58/100
|
|-weather|SunnyDay|[upkeep]
|upkeep
|turn|7
|
|t:|1760307319
|move|p2a: Great Tusk|Headlong Rush|p1a: Iron Hands
|-supereffective|p1a: Iron Hands
|-damage|p1a: Iron Hands|0 fnt
|-unboost|p2a: Great Tusk|def|1
|-unboost|p2a: Great Tusk|spd|1
|faint|p1a: Iron Hands
|-end|p1a: Iron Hands|Quark Drive|[silent]
|
|-weather|SunnyDay|[upkeep]
|upkeep
|
|t:|1760307323
|switch|p1a: Thundurus|Thundurus-Therian, M|100/100
|turn|8
|
|t:|1760307334
|-end|p2a: Great Tusk|Protosynthesis|[silent]
|switch|p2a: Goodra|Goodra-Hisui, M|96/100
|-activate|p2a: Goodra|move: Sticky Web
|-unboost|p2a: Goodra|spe|1
|move|p1a: Thundurus|Grass Knot|p2a: Goodra
|-resisted|p2a: Goodra
|-damage|p2a: Goodra|90/100
|
|-weather|none
|upkeep
|turn|9
|-message|perkukih forfeited.
|
|win|AEFAA2
|raw|perkukih's rating: 1000 &rarr; <strong>1000</strong><br />(+0 for losing)
|raw|AEFAA2's rating: 1000 &rarr; <strong>1040</strong><br />(+40 for winning)
|l|☆perkukih
|player|p1|
