|j|☆monotyrant
|j|☆zkuria
|t:|1760328534
|gametype|singles
|player|p1|monotyrant|266|1234
|player|p2|zkuria|brycen|1303
|gen|9
|tier|[Gen 9] OU
|rated|
|rule|HP Percentage Mod: HP is shown in percentages
|rule|Endless Battle Clause: Forcing endless battles is banned
|rule|Species Clause: Limit one of each Pokémon
|rule|OHKO Clause: OHKO moves are banned
|rule|Evasion Items Clause: Evasion items are banned
|rule|Evasion Moves Clause: Evasion moves are banned
|rule|Evasion Abilities Clause: Evasion abilities are banned
|rule|Sleep Moves Clause: Sleep-inducing moves are banned
|clearpoke
|poke|p1|Dragonite, F|
|poke|p1|Garchomp, F|
|poke|p1|Muk-Alola, M|
|poke|p1|Krookodile, M|
|poke|p1|Gallade, M|
|poke|p1|Veluza, F|
|poke|p2|Hoopa-Unbound|
|poke|p2|Enamorus, F|
|poke|p2|Garchomp, M|
|poke|p2|Iron Treads|
|poke|p2|Weezing-Galar, F|
|poke|p2|Gholdengo|
|teampreview
|
|t:|1760328558
|teamsize|p1|6
|teamsize|p2|6
|start
|switch|p1a: Krookodile|Krookodile, M, shiny|100/100
|switch|p2a: Garchomp|Garchomp, M, shiny|100/100
|-ability|p1a: Krookodile|Intimidate|boost
|-unboost|p2a: Garchomp|atk|1
|turn|1
|
|t:|1760328567
|move|p1a: Krookodile|Stealth Rock|p2a: Garchomp
|-sidestart|p2: zkuria|move: Stealth Rock
|move|p2a: Garchomp|Stealth Rock|p1a: Krookodile
|-sidestart|p1: monotyrant|move: Stealth Rock
|
|upkeep
|turn|2
|
|t:|1760328574
|move|p1a: Krookodile|Knock Off|p2a: Garchomp
|-damage|p2a: Garchomp|72/100
|-damage|p1a: Krookodile|88/100|[from] ability: Rough Skin|[of] p2a: Garchomp
|-damage|p1a: Krookodile|71/100|[from] item: Rocky Helmet|[of] p2a: Garchomp
|-enditem|p2a: Garchomp|Rocky Helmet|[from] move: Knock Off|[of] p1a: Krookodile
|move|p2a: Garchomp|Spikes|p1a: Krookodile
|-sidestart|p1: monotyrant|Spikes
|
|upkeep
|turn|3
|
|t:|1760328583
|move|p1a: Krookodile|Taunt|p2a: Garchomp
|-start|p2a: Garchomp|move: Taunt
|move|p2a: Garchomp|Dragon Tail|p1a: Krookodile|[miss]
|-miss|p2a: Garchomp|p1a: Krookodile
|
|upkeep
|turn|4
|
|t:|1760328589
|switch|p1a: Garchomp|Garchomp, F, shiny|100/100
|-damage|p1a: Garchomp|94/100|[from] Stealth Rock
|-damage|p1a: Garchomp|82/100|[from] Spikes
|move|p2a: Garchomp|Dragon Tail|p1a: Garchomp
|-supereffective|p1a: Garchomp
|-damage|p1a: Garchomp|57/100
|-damage|p2a: Garchomp|59/100|[from] ability: Rough Skin|[of] p1a: Garchomp
|-damage|p2a: Garchomp|43/100|[from] item: Rocky Helmet|[of] p1a: Garchomp
|drag|p1a: Gallade|Gallade, M, shiny|100/100
|-damage|p1a: Gallade|94/100|[from] Stealth Rock
|-damage|p1a: Gallade|82/100|[from] Spikes
|
|upkeep
|turn|5
|
|t:|1760328632
|switch|p2a: Iron Treads|Iron Treads|100/100
|-damage|p2a: Iron Treads|97/100|[from] Stealth Rock
|move|p1a: Gallade|X-Scissor|p2a: Iron Treads
|-resisted|p2a: Iron Treads
|-damage|p2a: Iron Treads|77/100
|
|upkeep
|turn|6
|
|t:|1760328640
|switch|p1a: Garchomp|Garchomp, F, shiny|57/100
|-damage|p1a: Garchomp|51/100|[from] Stealth Rock
|-damage|p1a: Garchomp|38/100|[from] Spikes
|move|p2a: Iron Treads|Rapid Spin|p1a: Garchomp
|-damage|p1a: Garchomp|26/100
|-boost|p2a: Iron Treads|spe|1
|-damage|p2a: Iron Treads|65/100|[from] ability: Rough Skin|[of] p1a: Garchomp
|-damage|p2a: Iron Treads|48/100|[from] item: Rocky Helmet|[of] p1a: Garchomp
|-sideend|p2: zkuria|Stealth Rock|[from] move: Rapid Spin|[of] p2a: Iron Treads
|
|upkeep
|turn|7
|
|t:|1760328652
|move|p2a: Iron Treads|Earthquake|p1a: Garchomp
|-damage|p1a: Garchomp|0 fnt
|faint|p1a: Garchomp
|
|upkeep
|
|t:|1760328658
|switch|p1a: Krookodile|Krookodile, M, shiny|71/100
|-damage|p1a: Krookodile|65/100|[from] Stealth Rock
|-damage|p1a: Krookodile|53/100|[from] Spikes
|-ability|p1a: Krookodile|Intimidate|boost
|-unboost|p2a: Iron Treads|atk|1
|turn|8
|
|t:|1760328674
|-end|p2a: Iron Treads|Quark Drive|[silent]
|switch|p2a: Enamorus|Enamorus, F, shiny|100/100
|move|p1a: Krookodile|Stealth Rock|p2a: Enamorus
|-sidestart|p2: zkuria|move: Stealth Rock
|
|upkeep
|turn|9
|
|t:|1760328681
|switch|p1a: Muk|Muk-Alola, M, shiny|100/100
|-damage|p1a: Muk|88/100|[from] Stealth Rock
|-damage|p1a: Muk|76/100|[from] Spikes
|-terastallize|p2a: Enamorus|Stellar
|move|p2a: Enamorus|Tera Blast|p1a: Muk|[anim] Tera Blast Stellar
|-damage|p1a: Muk|53/100
|-boost|p2a: Enamorus|atk|1
|-boost|p2a: Enamorus|spa|1
|
|upkeep
|turn|10
|
|t:|1760328694
|switch|p2a: Iron Treads|Iron Treads|48/100
|-damage|p2a: Iron Treads|45/100|[from] Stealth Rock
|move|p1a: Muk|Poison Jab|p2a: Iron Treads
|-immune|p2a: Iron Treads
|
|upkeep
|turn|11
|
|t:|1760328703
|-terastallize|p1a: Muk|Ghost
|move|p2a: Iron Treads|Rapid Spin|p1a: Muk
|-immune|p1a: Muk
|move|p1a: Muk|Drain Punch|p2a: Iron Treads
|-supereffective|p2a: Iron Treads
|-damage|p2a: Iron Treads|2/100
|-heal|p1a: Muk|72/100|[from] drain|[of] p2a: Iron Treads
|
|upkeep
|turn|12
|
|t:|1760328714
|move|p1a: Muk|Shadow Sneak|p2a: Iron Treads
|-damage|p2a: Iron Treads|0 fnt
|faint|p2a: Iron Treads
|-end|p2a: Iron Treads|Quark Drive|[silent]
|
|upkeep
|
|t:|1760328722
|switch|p2a: Gholdengo|Gholdengo|100/100
|-damage|p2a: Gholdengo|94/100|[from] Stealth Rock
|-item|p2a: Gholdengo|Air Balloon
|turn|13
|
|t:|1760328728
|move|p2a: Gholdengo|Thunder Wave|p1a: Muk|[miss]
|-miss|p2a: Gholdengo|p1a: Muk
|move|p1a: Muk|Knock Off|p2a: Gholdengo
|-supereffective|p2a: Gholdengo
|-damage|p2a: Gholdengo|11/100
|-enditem|p2a: Gholdengo|Air Balloon
|
|upkeep
|turn|14
|
|t:|1760328735
|move|p1a: Muk|Shadow Sneak|p2a: Gholdengo
|-supereffective|p2a: Gholdengo
|-damage|p2a: Gholdengo|0 fnt
|faint|p2a: Gholdengo
|
|upkeep
|
|t:|1760328741
|switch|p2a: Weezing|Weezing-Galar, F|100/100
|-ability|p2a: Weezing|Neutralizing Gas
|turn|15
|
|t:|1760328751
|switch|p1a: Krookodile|Krookodile, M, shiny|53/100
|-damage|p1a: Krookodile|47/100|[from] Stealth Rock
|-damage|p1a: Krookodile|35/100|[from] Spikes
|move|p2a: Weezing|Will-O-Wisp|p1a: Krookodile
|-status|p1a: Krookodile|brn
|
|-damage|p1a: Krookodile|29/100 brn|[from] brn
|upkeep
|turn|16
|
|t:|1760328765
|move|p1a: Krookodile|Taunt|p2a: Weezing
|-start|p2a: Weezing|move: Taunt
|move|p2a: Weezing|Strange Steam|p1a: Krookodile
|-supereffective|p1a: Krookodile
|-damage|p1a: Krookodile|0 fnt
|faint|p1a: Krookodile
|
|upkeep
|
|t:|1760328777
|switch|p1a: Veluza|Veluza, F, shiny|100/100
|-damage|p1a: Veluza|88/100|[from] Stealth Rock
|-damage|p1a: Veluza|76/100|[from] Spikes
|turn|17
|
|t:|1760328783
|move|p1a: Veluza|Fillet Away|p1a: Veluza
|-boost|p1a: Veluza|atk|2
|-boost|p1a: Veluza|spa|2
|-boost|p1a: Veluza|spe|2
|-damage|p1a: Veluza|26/100
|move|p2a: Weezing|Sludge Wave|p1a: Veluza
|-damage|p1a: Veluza|0 fnt
|faint|p1a: Veluza
|
|upkeep
|-message|monotyrant forfeited.
|
|win|zkuria
|raw|monotyrant's rating: 1234 &rarr; <strong>1214</strong><br />(-20 for losing)
|raw|zkuria's rating: 1303 &rarr; <strong>1319</strong><br />(+16 for winning)
|l|☆monotyrant
|player|p1|
|l|☆zkuria
|player|p2|
