|j|☆schoolwifisucks22
|j|☆Mdavis
|t:|1760414577
|gametype|singles
|player|p1|schoolwifisucks22|swimmerf-gen4|1294
|player|p2|Mdavis|266|1344
|gen|9
|tier|[Gen 9] OU
|rated|
|rule|HP Percentage Mod: HP is shown in percentages
|rule|Endless Battle Clause: Forcing endless battles is banned
|rule|Species Clause: Limit one of each Pokémon
|rule|OHKO Clause: OHKO moves are banned
|rule|Evasion Items Clause: Evasion items are banned
|rule|Evasion Moves Clause: Evasion moves are banned
|rule|Evasion Abilities Clause: Evasion abilities are banned
|rule|Sleep Moves Clause: Sleep-inducing moves are banned
|clearpoke
|poke|p1|Ninetales-Alola, F|
|poke|p1|Rillaboom, M|
|poke|p1|Iron Moth|
|poke|p1|Hatterene, F|
|poke|p1|Tornadus-Therian, M|
|poke|p1|Kingambit, M|
|poke|p2|Deoxys-Speed|
|poke|p2|Infernape, M|
|poke|p2|Walking Wake|
|poke|p2|Tornadus-Therian, M|
|poke|p2|Kyurem|
|poke|p2|Great Tusk|
|teampreview
|inactive|Battle timer is ON: inactive players will automatically lose when time's up. (requested by schoolwifisucks22)
|
|t:|1760414589
|teamsize|p1|6
|teamsize|p2|6
|start
|switch|p1a: Iron Moth|Iron Moth|100/100
|switch|p2a: Deoxys|Deoxys-Speed|100/100
|-ability|p2a: Deoxys|Pressure
|-enditem|p1a: Iron Moth|Booster Energy
|-activate|p1a: Iron Moth|ability: Quark Drive|[fromitem]
|-start|p1a: Iron Moth|quarkdrivespa
|turn|1
|
|t:|1760414601
|move|p2a: Deoxys|Stealth Rock|p1a: Iron Moth
|-sidestart|p1: schoolwifisucks22|move: Stealth Rock
|move|p1a: Iron Moth|Sludge Wave|p2a: Deoxys
|-crit|p2a: Deoxys
|-enditem|p2a: Deoxys|Focus Sash
|-damage|p2a: Deoxys|1/100
|
|upkeep
|turn|2
|
|t:|1760414612
|move|p2a: Deoxys|Spikes|p1a: Iron Moth
|-sidestart|p1: schoolwifisucks22|Spikes
|move|p1a: Iron Moth|Fiery Dance|p2a: Deoxys
|-damage|p2a: Deoxys|0 fnt
|-boost|p1a: Iron Moth|spa|1
|faint|p2a: Deoxys
|
|upkeep
|
|t:|1760414622
|switch|p2a: Walking Wake|Walking Wake|100/100
|turn|3
|
|t:|1760414629
|-terastallize|p1a: Iron Moth|Grass
|move|p1a: Iron Moth|Substitute|p1a: Iron Moth
|-start|p1a: Iron Moth|Substitute
|-damage|p1a: Iron Moth|76/100
|move|p2a: Walking Wake|Hydro Steam|p1a: Iron Moth
|-resisted|p1a: Iron Moth
|-end|p1a: Iron Moth|Substitute
|
|upkeep
|turn|4
|
|t:|1760414641
|move|p1a: Iron Moth|Energy Ball|p2a: Walking Wake
|-damage|p2a: Walking Wake|0 fnt
|faint|p2a: Walking Wake
|-end|p2a: Walking Wake|Protosynthesis|[silent]
|
|upkeep
|
|t:|1760414648
|switch|p2a: Tornadus|Tornadus-Therian, M|100/100
|turn|5
|
|t:|1760414654
|move|p2a: Tornadus|Air Slash|p1a: Iron Moth
|-supereffective|p1a: Iron Moth
|-damage|p1a: Iron Moth|10/100
|move|p1a: Iron Moth|Sludge Wave|p2a: Tornadus
|-damage|p2a: Tornadus|0 fnt
|faint|p2a: Tornadus
|
|upkeep
|
|t:|1760414666
|switch|p2a: Infernape|Infernape, M|100/100
|turn|6
|
|t:|1760414673
|move|p2a: Infernape|Mach Punch|p1a: Iron Moth
|-damage|p1a: Iron Moth|0 fnt
|faint|p1a: Iron Moth
|-end|p1a: Iron Moth|Quark Drive|[silent]
|
|upkeep
|
|t:|1760414678
|switch|p1a: Tornadus|Tornadus-Therian, M|100/100
|-damage|p1a: Tornadus|76/100|[from] Stealth Rock
|turn|7
|
|t:|1760414687
|-terastallize|p2a: Infernape|Fire
|move|p1a: Tornadus|Bleakwind Storm|p2a: Infernape
|-damage|p2a: Infernape|3/100
|-damage|p1a: Tornadus|66/100|[from] item: Life Orb
|move|p2a: Infernape|Thunder Punch|p1a: Tornadus
|-supereffective|p1a: Tornadus
|-damage|p1a: Tornadus|0 fnt
|faint|p1a: Tornadus
|
|upkeep
|
|t:|1760414695
|switch|p1a: Ninetales|Ninetales-Alola, F|100/100
|-damage|p1a: Ninetales|76/100|[from] Stealth Rock
|-damage|p1a: Ninetales|63/100|[from] Spikes
|-weather|Snowscape|[from] ability: Snow Warning|[of] p1a: Ninetales
|turn|8
|
|t:|1760414702
|move|p1a: Ninetales|Aurora Veil|p1a: Ninetales
|-sidestart|p1: schoolwifisucks22|move: Aurora Veil
|move|p2a: Infernape|Fire Punch|p1a: Ninetales
|-supereffective|p1a: Ninetales
|-damage|p1a: Ninetales|19/100
|
|-weather|Snowscape|[upkeep]
|upkeep
|turn|9
|
|t:|1760414709
|move|p2a: Infernape|Mach Punch|p1a: Ninetales
|-damage|p1a: Ninetales|10/100
|move|p1a: Ninetales|Encore|p2a: Infernape
|-start|p2a: Infernape|Encore
|
|-weather|Snowscape|[upkeep]
|upkeep
|turn|10
|
|t:|1760414714
|move|p2a: Infernape|Mach Punch|p1a: Ninetales
|-damage|p1a: Ninetales|1/100
|move|p1a: Ninetales|Freeze-Dry|p2a: Infernape
|-resisted|p2a: Infernape
|-crit|p2a: Infernape
|-damage|p2a: Infernape|0 fnt
|faint|p2a: Infernape
|
|-weather|Snowscape|[upkeep]
|upkeep
|
|t:|1760414725
|switch|p2a: Great Tusk|Great Tusk|100/100
|turn|11
|
|t:|1760414729
|move|p1a: Ninetales|Freeze-Dry|p2a: Great Tusk
|-supereffective|p2a: Great Tusk
|-damage|p2a: Great Tusk|41/100
|move|p2a: Great Tusk|Rapid Spin|p1a: Ninetales
|-damage|p1a: Ninetales|0 fnt
|-boost|p2a: Great Tusk|spe|1
|faint|p1a: Ninetales
|
|-weather|Snowscape|[upkeep]
|-heal|p2a: Great Tusk|47/100|[from] item: Leftovers
|upkeep
|
|t:|1760414734
|switch|p1a: Rillaboom|Rillaboom, M|100/100
|-damage|p1a: Rillaboom|88/100|[from] Stealth Rock
|-damage|p1a: Rillaboom|76/100|[from] Spikes
|-fieldstart|move: Grassy Terrain|[from] ability: Grassy Surge|[of] p1a: Rillaboom
|turn|12
|
|t:|1760414741
|move|p2a: Great Tusk|Ice Spinner|p1a: Rillaboom
|-supereffective|p1a: Rillaboom
|-damage|p1a: Rillaboom|44/100
|-fieldend|move: Grassy Terrain
|move|p1a: Rillaboom|Swords Dance|p1a: Rillaboom
|-boost|p1a: Rillaboom|atk|2
|
|-weather|none
|-heal|p2a: Great Tusk|54/100|[from] item: Leftovers
|upkeep
|turn|13
|
|t:|1760414752
|switch|p1a: Hatterene|Hatterene, F|100/100
|-damage|p1a: Hatterene|88/100|[from] Stealth Rock
|-damage|p1a: Hatterene|76/100|[from] Spikes
|move|p2a: Great Tusk|Ice Spinner|p1a: Hatterene
|-damage|p1a: Hatterene|58/100
|
|-heal|p2a: Great Tusk|60/100|[from] item: Leftovers
|upkeep
|turn|14
|
|t:|1760414761
|move|p2a: Great Tusk|Headlong Rush|p1a: Hatterene
|-damage|p1a: Hatterene|14/100
|-unboost|p2a: Great Tusk|def|1
|-unboost|p2a: Great Tusk|spd|1
|move|p1a: Hatterene|Agility|p1a: Hatterene
|-boost|p1a: Hatterene|spe|2
|
|-heal|p2a: Great Tusk|66/100|[from] item: Leftovers
|upkeep
|turn|15
|
|t:|1760414766
|move|p1a: Hatterene|Draining Kiss|p2a: Great Tusk
|-supereffective|p2a: Great Tusk
|-damage|p2a: Great Tusk|0 fnt
|-heal|p1a: Hatterene|92/100|[from] drain|[of] p2a: Great Tusk
|faint|p2a: Great Tusk
|-end|p2a: Great Tusk|Protosynthesis|[silent]
|
|-sideend|p1: schoolwifisucks22|move: Aurora Veil
|upkeep
|
|t:|1760414769
|switch|p2a: Kyurem|Kyurem|100/100
|-ability|p2a: Kyurem|Pressure
|turn|16
|
|t:|1760414777
|move|p1a: Hatterene|Draining Kiss|p2a: Kyurem
|-supereffective|p2a: Kyurem
|-damage|p2a: Kyurem|54/100
|-heal|p1a: Hatterene|100/100|[from] drain|[of] p2a: Kyurem
|move|p2a: Kyurem|Flash Cannon|p1a: Hatterene
|-supereffective|p1a: Hatterene
|-damage|p1a: Hatterene|19/100
|
|upkeep
|turn|17
|
|t:|1760414783
|move|p1a: Hatterene|Draining Kiss|p2a: Kyurem
|-supereffective|p2a: Kyurem
|-damage|p2a: Kyurem|10/100
|-heal|p1a: Hatterene|77/100|[from] drain|[of] p2a: Kyurem
|move|p2a: Kyurem|Flash Cannon|p1a: Hatterene
|-supereffective|p1a: Hatterene
|-damage|p1a: Hatterene|0 fnt
|faint|p1a: Hatterene
|
|upkeep
|c|☆Mdavis|gg
|
|t:|1760414786
|switch|p1a: Rillaboom|Rillaboom, M|44/100
|-damage|p1a: Rillaboom|32/100|[from] Stealth Rock
|-damage|p1a: Rillaboom|19/100|[from] Spikes
|-fieldstart|move: Grassy Terrain|[from] ability: Grassy Surge|[of] p1a: Rillaboom
|turn|18
|
|t:|1760414791
|move|p1a: Rillaboom|Grassy Glide|p2a: Kyurem
|-resisted|p2a: Kyurem
|-damage|p2a: Kyurem|0 fnt
|faint|p2a: Kyurem
|
|win|schoolwifisucks22
|raw|schoolwifisucks22's rating: 1294 &rarr; <strong>1323</strong><br />(+29 for winning)
|raw|Mdavis's rating: 1344 &rarr; <strong>1321</strong><br />(-23 for losing)
|l|☆Mdavis
|player|p2|
|l|☆schoolwifisucks22
|player|p1|
