|j|☆asmundowns
|j|☆daveyboy8796
|t:|1760415334
|gametype|singles
|player|p1|asmundowns|2|1189
|player|p2|daveyboy8796|102|1160
|gen|9
|tier|[Gen 9] OU
|rated|
|rule|HP Percentage Mod: HP is shown in percentages
|rule|Endless Battle Clause: Forcing endless battles is banned
|rule|Species Clause: Limit one of each Pokémon
|rule|OHKO Clause: OHKO moves are banned
|rule|Evasion Items Clause: Evasion items are banned
|rule|Evasion Moves Clause: Evasion moves are banned
|rule|Evasion Abilities Clause: Evasion abilities are banned
|rule|Sleep Moves Clause: Sleep-inducing moves are banned
|clearpoke
|poke|p1|Kingambit, F|
|poke|p1|Cinderace, F|
|poke|p1|Landorus-Therian, M|
|poke|p1|Iron Valiant|
|poke|p1|Kyurem|
|poke|p1|Slowking-Galar, M|
|poke|p2|Spidops, M|
|poke|p2|Kilowattrel, F|
|poke|p2|Dragonite, M|
|poke|p2|Palossand, F|
|poke|p2|Blastoise, M|
|poke|p2|Glimmora, F|
|teampreview
|
|t:|1760415354
|teamsize|p1|6
|teamsize|p2|6
|start
|switch|p1a: Chillionaire|Slowking-Galar, M, shiny|100/100
|switch|p2a: Glimmora|Glimmora, F|100/100
|-item|p2a: Glimmora|Air Balloon
|turn|1
|
|t:|1760415377
|switch|p2a: Spidops|Spidops, M|100/100
|move|p1a: Chillionaire|Thunder Wave|p2a: Spidops
|-status|p2a: Spidops|par
|
|upkeep
|turn|2
|
|t:|1760415401
|switch|p1a: Homelandor|Landorus-Therian, M, shiny|100/100
|-ability|p1a: Homelandor|Intimidate|boost
|-unboost|p2a: Spidops|atk|1
|cant|p2a: Spidops|par
|
|upkeep
|turn|3
|
|t:|1760415417
|switch|p2a: Glimmora|Glimmora, F|100/100
|-item|p2a: Glimmora|Air Balloon
|move|p1a: Homelandor|Stealth Rock|p2a: Glimmora
|-sidestart|p2: daveyboy8796|move: Stealth Rock
|
|upkeep
|turn|4
|
|t:|1760415423
|move|p1a: Homelandor|U-turn|p2a: Glimmora
|-resisted|p2a: Glimmora
|-damage|p2a: Glimmora|90/100
|-activate|p2a: Glimmora|ability: Toxic Debris
|-sidestart|p1: asmundowns|move: Toxic Spikes
|-enditem|p2a: Glimmora|Air Balloon
|
|t:|1760415445
|switch|p1a: Chillionaire|Slowking-Galar, M, shiny|100/100|[from] U-turn
|-sideend|p1: asmundowns|move: Toxic Spikes|[of] p1a: Chillionaire
|move|p2a: Glimmora|Stealth Rock|p1a: Chillionaire
|-sidestart|p1: asmundowns|move: Stealth Rock
|
|upkeep
|turn|5
|
|t:|1760415451
|move|p2a: Glimmora|Mortal Spin|p1a: Chillionaire
|-resisted|p1a: Chillionaire
|-damage|p1a: Chillionaire|97/100
|-sideend|p2: daveyboy8796|Stealth Rock|[from] move: Mortal Spin|[of] p2a: Glimmora
|move|p1a: Chillionaire|Psychic Noise|p2a: Glimmora
|-supereffective|p2a: Glimmora
|-damage|p2a: Glimmora|25/100
|-start|p2a: Glimmora|move: Heal Block
|
|upkeep
|turn|6
|
|t:|1760415460
|switch|p2a: PocketSand|Palossand, F, shiny|100/100
|switch|p1a: Kristine|Cinderace, F, shiny|100/100
|
|upkeep
|turn|7
|
|t:|1760415469
|move|p1a: Kristine|Court Change|p1a: Kristine
|-swapsideconditions
|-activate|p1a: Kristine|move: Court Change
|move|p2a: PocketSand|Scorching Sands|p1a: Kristine
|-supereffective|p1a: Kristine
|-damage|p1a: Kristine|48/100
|
|upkeep
|turn|8
|inactive|Battle timer is ON: inactive players will automatically lose when time's up. (requested by asmundowns)
|
|t:|1760415476
|move|p1a: Kristine|Will-O-Wisp|p2a: PocketSand
|-status|p2a: PocketSand|brn
|move|p2a: PocketSand|Scorching Sands|p1a: Kristine
|-supereffective|p1a: Kristine
|-damage|p1a: Kristine|0 fnt
|faint|p1a: Kristine
|
|-damage|p2a: PocketSand|94/100 brn|[from] brn
|upkeep
|
|t:|1760415498
|switch|p1a: Mr. Freeze|Kyurem, shiny|100/100
|-ability|p1a: Mr. Freeze|Pressure
|turn|9
|
|t:|1760415514
|move|p1a: Mr. Freeze|Substitute|p1a: Mr. Freeze
|-start|p1a: Mr. Freeze|Substitute
|-damage|p1a: Mr. Freeze|76/100
|move|p2a: PocketSand|Stealth Rock|p1a: Mr. Freeze
|-sidestart|p1: asmundowns|move: Stealth Rock
|
|-heal|p1a: Mr. Freeze|82/100|[from] item: Leftovers
|-damage|p2a: PocketSand|88/100 brn|[from] brn
|upkeep
|turn|10
|inactive|asmundowns has 120 seconds left.
|
|t:|1760415544
|move|p1a: Mr. Freeze|Freeze-Dry|p2a: PocketSand
|-supereffective|p2a: PocketSand
|-damage|p2a: PocketSand|13/100 brn
|move|p2a: PocketSand|Shadow Ball|p1a: Mr. Freeze
|-end|p1a: Mr. Freeze|Substitute
|
|-heal|p1a: Mr. Freeze|88/100|[from] item: Leftovers
|-damage|p2a: PocketSand|7/100 brn|[from] brn
|upkeep
|turn|11
|
|t:|1760415555
|switch|p2a: Donatello|Blastoise, M|100/100
|-damage|p2a: Donatello|88/100|[from] Stealth Rock
|move|p1a: Mr. Freeze|Substitute|p1a: Mr. Freeze
|-start|p1a: Mr. Freeze|Substitute
|-damage|p1a: Mr. Freeze|63/100
|
|-heal|p1a: Mr. Freeze|69/100|[from] item: Leftovers
|upkeep
|turn|12
|
|t:|1760415564
|-terastallize|p2a: Donatello|Electric
|move|p1a: Mr. Freeze|Freeze-Dry|p2a: Donatello
|-damage|p2a: Donatello|50/100
|move|p2a: Donatello|Shell Smash|p2a: Donatello
|-unboost|p2a: Donatello|def|1
|-unboost|p2a: Donatello|spd|1
|-boost|p2a: Donatello|atk|2
|-boost|p2a: Donatello|spa|2
|-boost|p2a: Donatello|spe|2
|-enditem|p2a: Donatello|White Herb
|-clearnegativeboost|p2a: Donatello|[silent]
|
|-heal|p1a: Mr. Freeze|75/100|[from] item: Leftovers
|upkeep
|turn|13
|
|t:|1760415577
|-terastallize|p1a: Mr. Freeze|Ground
|move|p2a: Donatello|Tera Blast|p1a: Mr. Freeze|[anim] Tera Blast Electric
|-immune|p1a: Mr. Freeze
|move|p1a: Mr. Freeze|Earth Power|p2a: Donatello
|-supereffective|p2a: Donatello
|-damage|p2a: Donatello|0 fnt
|faint|p2a: Donatello
|
|-heal|p1a: Mr. Freeze|81/100|[from] item: Leftovers
|upkeep
|c|☆asmundowns|interesting
|
|t:|1760415590
|switch|p2a: TinyWings|Dragonite, M|100/100
|-damage|p2a: TinyWings|76/100|[from] Stealth Rock
|turn|14
|
|t:|1760415595
|move|p1a: Mr. Freeze|Freeze-Dry|p2a: TinyWings
|-supereffective|p2a: TinyWings
|-damage|p2a: TinyWings|0 fnt
|faint|p2a: TinyWings
|
|-heal|p1a: Mr. Freeze|88/100|[from] item: Leftovers
|upkeep
|c|☆asmundowns|stfu
|-message|daveyboy8796 forfeited.
|
|win|asmundowns
|raw|asmundowns's rating: 1189 &rarr; <strong>1212</strong><br />(+23 for winning)
|raw|daveyboy8796's rating: 1160 &rarr; <strong>1137</strong><br />(-23 for losing)
|l|☆daveyboy8796
|player|p2|
|c|☆asmundowns|lmao
|l|☆asmundowns
|player|p1|
