|j|☆axcen
|j|☆indigomonkey
|t:|1760352322
|gametype|singles
|player|p1|axcen|palmer|1171
|player|p2|indigomonkey|2|1175
|gen|9
|tier|[Gen 9] OU
|rated|
|rule|HP Percentage Mod: HP is shown in percentages
|rule|Endless Battle Clause: Forcing endless battles is banned
|rule|Species Clause: Limit one of each Pokémon
|rule|OHKO Clause: OHKO moves are banned
|rule|Evasion Items Clause: Evasion items are banned
|rule|Evasion Moves Clause: Evasion moves are banned
|rule|Evasion Abilities Clause: Evasion abilities are banned
|rule|Sleep Moves Clause: Sleep-inducing moves are banned
|clearpoke
|poke|p1|Talonflame, F|
|poke|p1|Scovillain, F|
|poke|p1|Great Tusk|
|poke|p1|Ceruledge, M|
|poke|p1|Grafaiai, F|
|poke|p1|Exeggutor, M|
|poke|p2|Rillaboom, F|
|poke|p2|Raging Bolt|
|poke|p2|Ogerpon-Wellspring, F|
|poke|p2|Great Tusk|
|poke|p2|Kingambit, F|
|poke|p2|Hatterene, F|
|teampreview
|inactive|Battle timer is ON: inactive players will automatically lose when time's up. (requested by indigomonkey)
|
|t:|1760352334
|teamsize|p1|6
|teamsize|p2|6
|start
|switch|p1a: Talonflame|Talonflame, F|100/100
|switch|p2a: Rillaboom|Rillaboom, F|100/100
|-fieldstart|move: Grassy Terrain|[from] ability: Grassy Surge|[of] p2a: Rillaboom
|turn|1
|
|t:|1760352346
|switch|p2a: Raging Bolt|Raging Bolt|100/100
|move|p1a: Talonflame|Sunny Day|p1a: Talonflame
|-weather|SunnyDay
|-activate|p2a: Raging Bolt|ability: Protosynthesis
|-start|p2a: Raging Bolt|protosynthesisspa
|
|-weather|SunnyDay|[upkeep]
|upkeep
|turn|2
|
|t:|1760352360
|move|p1a: Talonflame|U-turn|p2a: Raging Bolt
|-damage|p2a: Raging Bolt|90/100
|
|t:|1760352364
|switch|p1a: Grafaiai|Grafaiai, F|100/100|[from] U-turn
|move|p2a: Raging Bolt|Dragon Pulse|p1a: Grafaiai
|-damage|p1a: Grafaiai|0 fnt
|faint|p1a: Grafaiai
|
|-weather|SunnyDay|[upkeep]
|-heal|p2a: Raging Bolt|96/100|[from] Grassy Terrain
|-heal|p2a: Raging Bolt|100/100|[from] item: Leftovers
|upkeep
|
|t:|1760352384
|switch|p1a: Exeggutor|Exeggutor, M|100/100
|turn|3
|
|t:|1760352402
|move|p1a: Exeggutor|Psychic|p2a: Raging Bolt
|-damage|p2a: Raging Bolt|51/100
|-damage|p1a: Exeggutor|91/100|[from] item: Life Orb
|move|p2a: Raging Bolt|Dragon Pulse|p1a: Exeggutor
|-damage|p1a: Exeggutor|6/100
|
|-weather|SunnyDay|[upkeep]
|-heal|p1a: Exeggutor|12/100|[from] Grassy Terrain
|-heal|p2a: Raging Bolt|57/100|[from] Grassy Terrain
|-heal|p2a: Raging Bolt|63/100|[from] item: Leftovers
|upkeep
|turn|4
|
|t:|1760352424
|-end|p2a: Raging Bolt|Protosynthesis|[silent]
|switch|p2a: Kingambit|Kingambit, F|100/100
|move|p1a: Exeggutor|Growth|p1a: Exeggutor
|-boost|p1a: Exeggutor|atk|2
|-boost|p1a: Exeggutor|spa|2
|
|-weather|SunnyDay|[upkeep]
|-heal|p1a: Exeggutor|18/100|[from] Grassy Terrain
|upkeep
|turn|5
|
|t:|1760352434
|move|p2a: Kingambit|Sucker Punch|p1a: Exeggutor
|-supereffective|p1a: Exeggutor
|-damage|p1a: Exeggutor|0 fnt
|faint|p1a: Exeggutor
|
|-weather|SunnyDay|[upkeep]
|upkeep
|
|t:|1760352437
|switch|p1a: Great Tusk|Great Tusk|100/100
|-activate|p1a: Great Tusk|ability: Protosynthesis
|-start|p1a: Great Tusk|protosynthesisatk
|turn|6
|
|t:|1760352449
|-end|p2a: Kingambit|fallenundefined|[silent]
|switch|p2a: Great Tusk|Great Tusk|100/100
|-activate|p2a: Great Tusk|ability: Protosynthesis
|-start|p2a: Great Tusk|protosynthesisspe
|move|p1a: Great Tusk|Rapid Spin|p2a: Great Tusk
|-damage|p2a: Great Tusk|84/100
|-boost|p1a: Great Tusk|spe|1
|
|-weather|SunnyDay|[upkeep]
|-heal|p2a: Great Tusk|91/100|[from] Grassy Terrain
|upkeep
|turn|7
|
|t:|1760352464
|move|p2a: Great Tusk|Bulk Up|p2a: Great Tusk
|-boost|p2a: Great Tusk|atk|1
|-boost|p2a: Great Tusk|def|1
|move|p1a: Great Tusk|Ice Spinner|p2a: Great Tusk
|-supereffective|p2a: Great Tusk
|-damage|p2a: Great Tusk|55/100
|-fieldend|move: Grassy Terrain
|
|-weather|SunnyDay|[upkeep]
|upkeep
|turn|8
|
|t:|1760352476
|move|p2a: Great Tusk|Ice Spinner|p1a: Great Tusk
|-supereffective|p1a: Great Tusk
|-damage|p1a: Great Tusk|47/100
|move|p1a: Great Tusk|Ice Spinner|p2a: Great Tusk
|-supereffective|p2a: Great Tusk
|-damage|p2a: Great Tusk|21/100
|
|-weather|none
|-end|p2a: Great Tusk|Protosynthesis
|-end|p1a: Great Tusk|Protosynthesis
|-heal|p1a: Great Tusk|53/100|[from] item: Leftovers
|upkeep
|-enditem|p2a: Great Tusk|Booster Energy
|-activate|p2a: Great Tusk|ability: Protosynthesis|[fromitem]
|-start|p2a: Great Tusk|protosynthesisatk
|turn|9
|inactive|indigomonkey has 120 seconds left.
|
|t:|1760352501
|move|p1a: Great Tusk|Ice Spinner|p2a: Great Tusk
|-supereffective|p2a: Great Tusk
|-damage|p2a: Great Tusk|0 fnt
|faint|p2a: Great Tusk
|-end|p2a: Great Tusk|Protosynthesis|[silent]
|
|-heal|p1a: Great Tusk|59/100|[from] item: Leftovers
|upkeep
|
|t:|1760352509
|switch|p2a: Rillaboom|Rillaboom, F|100/100
|-fieldstart|move: Grassy Terrain|[from] ability: Grassy Surge|[of] p2a: Rillaboom
|turn|10
|inactive|indigomonkey has 120 seconds left.
|
|t:|1760352519
|-end|p1a: Great Tusk|Protosynthesis|[silent]
|switch|p1a: Talonflame|Talonflame, F|100/100
|move|p2a: Rillaboom|Grassy Glide|p1a: Talonflame
|-resisted|p1a: Talonflame
|-damage|p1a: Talonflame|88/100
|-status|p2a: Rillaboom|brn|[from] ability: Flame Body|[of] p1a: Talonflame
|
|-damage|p2a: Rillaboom|94/100 brn|[from] brn
|upkeep
|turn|11
|inactive|indigomonkey has 120 seconds left.
|
|t:|1760352529
|move|p1a: Talonflame|Sunny Day|p1a: Talonflame
|-weather|SunnyDay
|move|p2a: Rillaboom|U-turn|p1a: Talonflame
|-resisted|p1a: Talonflame
|-damage|p1a: Talonflame|84/100
|inactive|indigomonkey has 120 seconds left.
|
|t:|1760352541
|switch|p2a: Ogerpon|Ogerpon-Wellspring, F|100/100|[from] U-turn
|
|-weather|SunnyDay|[upkeep]
|upkeep
|turn|12
|inactive|indigomonkey has 120 seconds left.
|
|t:|1760352549
|-terastallize|p2a: Ogerpon|Water
|detailschange|p2a: Ogerpon|Ogerpon-Wellspring-Tera, F, tera:Water
|-ability|p2a: Ogerpon|Embody Aspect (Wellspring)|boost
|-boost|p2a: Ogerpon|spd|1
|move|p1a: Talonflame|Taunt|p2a: Ogerpon
|-start|p2a: Ogerpon|move: Taunt
|cant|p2a: Ogerpon|move: Taunt|Swords Dance
|
|-weather|SunnyDay|[upkeep]
|upkeep
|turn|13
|inactive|indigomonkey has 120 seconds left.
|
|t:|1760352562
|move|p1a: Talonflame|U-turn|p2a: Ogerpon
|-crit|p2a: Ogerpon
|-damage|p2a: Ogerpon|73/100
|
|t:|1760352569
|switch|p1a: Scovillain|Scovillain, F|100/100|[from] U-turn
|move|p2a: Ogerpon|Ivy Cudgel|p1a: Scovillain|[anim] Ivy Cudgel Water
|-damage|p1a: Scovillain|28/100
|
|-weather|SunnyDay|[upkeep]
|-heal|p1a: Scovillain|35/100|[from] Grassy Terrain
|-heal|p2a: Ogerpon|79/100|[from] Grassy Terrain
|upkeep
|turn|14
|inactive|indigomonkey has 120 seconds left.
|
|t:|1760352612
|switch|p2a: Raging Bolt|Raging Bolt|63/100
|-activate|p2a: Raging Bolt|ability: Protosynthesis
|-start|p2a: Raging Bolt|protosynthesisspa
|move|p1a: Scovillain|Solar Beam||[still]
|-prepare|p1a: Scovillain|Solar Beam
|-anim|p1a: Scovillain|Solar Beam|p2a: Raging Bolt
|-resisted|p2a: Raging Bolt
|-damage|p2a: Raging Bolt|30/100
|
|-weather|SunnyDay|[upkeep]
|-heal|p1a: Scovillain|41/100|[from] Grassy Terrain
|-heal|p2a: Raging Bolt|36/100|[from] Grassy Terrain
|-heal|p2a: Raging Bolt|42/100|[from] item: Leftovers
|upkeep
|turn|15
|inactive|indigomonkey has 90 seconds left.
|
|t:|1760352628
|switch|p1a: Great Tusk|Great Tusk|59/100
|-activate|p1a: Great Tusk|ability: Protosynthesis
|-start|p1a: Great Tusk|protosynthesisatk
|move|p2a: Raging Bolt|Dragon Pulse|p1a: Great Tusk
|-damage|p1a: Great Tusk|0 fnt
|faint|p1a: Great Tusk
|-end|p1a: Great Tusk|Protosynthesis|[silent]
|
|-weather|SunnyDay|[upkeep]
|-heal|p2a: Raging Bolt|49/100|[from] Grassy Terrain
|-heal|p2a: Raging Bolt|55/100|[from] item: Leftovers
|upkeep
|
|t:|1760352641
|switch|p1a: Ceruledge|Ceruledge, M|100/100
|turn|16
|
|t:|1760352648
|move|p1a: Ceruledge|Swords Dance|p1a: Ceruledge
|-boost|p1a: Ceruledge|atk|2
|move|p2a: Raging Bolt|Thunderbolt|p1a: Ceruledge
|-damage|p1a: Ceruledge|12/100
|-status|p1a: Ceruledge|par
|
|-weather|SunnyDay|[upkeep]
|-heal|p2a: Raging Bolt|61/100|[from] Grassy Terrain
|-heal|p2a: Raging Bolt|67/100|[from] item: Leftovers
|-heal|p1a: Ceruledge|18/100 par|[from] Grassy Terrain
|upkeep
|turn|17
|
|t:|1760352659
|move|p2a: Raging Bolt|Thunderclap|p1a: Ceruledge
|-damage|p1a: Ceruledge|0 fnt
|faint|p1a: Ceruledge
|
|-weather|SunnyDay|[upkeep]
|-heal|p2a: Raging Bolt|73/100|[from] Grassy Terrain
|-heal|p2a: Raging Bolt|79/100|[from] item: Leftovers
|-fieldend|move: Grassy Terrain
|upkeep
|-message|axcen forfeited.
|
|win|indigomonkey
|raw|axcen's rating: 1171 &rarr; <strong>1146</strong><br />(-25 for losing)
|raw|indigomonkey's rating: 1175 &rarr; <strong>1200</strong><br />(+25 for winning)
|l|☆axcen
|player|p1|
|l|☆indigomonkey
|player|p2|
