|badge|p1|bronze|gen9ubers|100-7
|uhtml|medal-msg|<div class="broadcast-blue">Curious what those medals under the avatar are? PS now has Ladder Seasons! For more information, check out the <a href="https://www.smogon.com/forums/threads/3740067/">thread on Smogon.</a></div>
|j|☆yellosun
|j|☆Shamankingaursu
|t:|1760414869
|gametype|singles
|player|p1|yellosun|101|1169
|player|p2|Shamankingaursu|sage|1230
|gen|9
|tier|[Gen 9] OU
|rated|
|rule|HP Percentage Mod: HP is shown in percentages
|rule|Endless Battle Clause: Forcing endless battles is banned
|rule|Species Clause: Limit one of each Pokémon
|rule|OHKO Clause: OHKO moves are banned
|rule|Evasion Items Clause: Evasion items are banned
|rule|Evasion Moves Clause: Evasion moves are banned
|rule|Evasion Abilities Clause: Evasion abilities are banned
|rule|Sleep Moves Clause: Sleep-inducing moves are banned
|clearpoke
|poke|p1|Deoxys-Speed|
|poke|p1|Dragonite, F|
|poke|p1|Darkrai|
|poke|p1|Iron Moth|
|poke|p1|Scizor, M|
|poke|p1|Great Tusk|
|poke|p2|Hydrapple, F|
|poke|p2|Okidogi, M|
|poke|p2|Gholdengo|
|poke|p2|Rillaboom, F|
|poke|p2|Iron Treads|
|poke|p2|Primarina, F|
|teampreview
|inactive|Battle timer is ON: inactive players will automatically lose when time's up. (requested by yellosun)
|
|t:|1760414885
|teamsize|p1|6
|teamsize|p2|6
|start
|switch|p1a: Deoxys|Deoxys-Speed|100/100
|switch|p2a: Rillaboom|Rillaboom, F|100/100
|-ability|p1a: Deoxys|Pressure
|-fieldstart|move: Grassy Terrain|[from] ability: Grassy Surge|[of] p2a: Rillaboom
|turn|1
|
|t:|1760414896
|move|p2a: Rillaboom|Grassy Glide|p1a: Deoxys
|-damage|p1a: Deoxys|31/100
|-damage|p2a: Rillaboom|84/100|[from] item: Rocky Helmet|[of] p1a: Deoxys
|move|p1a: Deoxys|Stealth Rock|p2a: Rillaboom
|-sidestart|p2: Shamankingaursu|move: Stealth Rock
|
|-heal|p1a: Deoxys|37/100|[from] Grassy Terrain
|-heal|p2a: Rillaboom|90/100|[from] Grassy Terrain
|upkeep
|turn|2
|
|t:|1760414906
|move|p2a: Rillaboom|Grassy Glide|p1a: Deoxys
|-damage|p1a: Deoxys|0 fnt
|-damage|p2a: Rillaboom|74/100|[from] item: Rocky Helmet|[of] p1a: Deoxys
|faint|p1a: Deoxys
|
|-heal|p2a: Rillaboom|80/100|[from] Grassy Terrain
|upkeep
|
|t:|1760414910
|switch|p1a: Iron Moth|Iron Moth|100/100
|-enditem|p1a: Iron Moth|Booster Energy
|-activate|p1a: Iron Moth|ability: Quark Drive|[fromitem]
|-start|p1a: Iron Moth|quarkdrivespe
|turn|3
|
|t:|1760414920
|switch|p2a: Hydrapple|Hydrapple, F|100/100
|-damage|p2a: Hydrapple|88/100|[from] Stealth Rock
|-enditem|p2a: Hydrapple|Grassy Seed
|-boost|p2a: Hydrapple|def|1|[from] item: Grassy Seed
|move|p1a: Iron Moth|Fiery Dance|p2a: Hydrapple
|-damage|p2a: Hydrapple|48/100
|-boost|p1a: Iron Moth|spa|1
|
|-heal|p2a: Hydrapple|54/100|[from] Grassy Terrain
|upkeep
|turn|4
|
|t:|1760414930
|move|p1a: Iron Moth|Fiery Dance|p2a: Hydrapple
|-damage|p2a: Hydrapple|0 fnt
|-boost|p1a: Iron Moth|spa|1
|faint|p2a: Hydrapple
|
|upkeep
|
|t:|1760414932
|switch|p2a: Primarina|Primarina, F|100/100
|-damage|p2a: Primarina|88/100|[from] Stealth Rock
|turn|5
|
|t:|1760414937
|-terastallize|p1a: Iron Moth|Fairy
|-terastallize|p2a: Primarina|Poison
|move|p1a: Iron Moth|Sludge Wave|p2a: Primarina
|-resisted|p2a: Primarina
|-damage|p2a: Primarina|59/100
|move|p2a: Primarina|Surf|p1a: Iron Moth
|-damage|p1a: Iron Moth|43/100
|
|-heal|p1a: Iron Moth|49/100|[from] Grassy Terrain
|-heal|p2a: Primarina|65/100|[from] Grassy Terrain
|-fieldend|move: Grassy Terrain
|upkeep
|turn|6
|
|t:|1760414944
|move|p1a: Iron Moth|Fiery Dance|p2a: Primarina
|-damage|p2a: Primarina|18/100
|move|p2a: Primarina|Surf|p1a: Iron Moth
|-damage|p1a: Iron Moth|0 fnt
|faint|p1a: Iron Moth
|-end|p1a: Iron Moth|Quark Drive|[silent]
|
|upkeep
|
|t:|1760414951
|switch|p1a: Darkrai|Darkrai|100/100
|turn|7
|
|t:|1760414954
|move|p1a: Darkrai|Dark Pulse|p2a: Primarina
|-damage|p2a: Primarina|0 fnt
|faint|p2a: Primarina
|-damage|p1a: Darkrai|91/100|[from] item: Life Orb
|
|upkeep
|
|t:|1760414958
|switch|p2a: Rillaboom|Rillaboom, F|80/100
|-damage|p2a: Rillaboom|68/100|[from] Stealth Rock
|-fieldstart|move: Grassy Terrain|[from] ability: Grassy Surge|[of] p2a: Rillaboom
|turn|8
|
|t:|1760414964
|move|p2a: Rillaboom|Grassy Glide|p1a: Darkrai
|-damage|p1a: Darkrai|12/100
|move|p1a: Darkrai|Ice Beam|p2a: Rillaboom
|-supereffective|p2a: Rillaboom
|-damage|p2a: Rillaboom|0 fnt
|faint|p2a: Rillaboom
|-damage|p1a: Darkrai|2/100|[from] item: Life Orb
|
|-heal|p1a: Darkrai|8/100|[from] Grassy Terrain
|upkeep
|
|t:|1760414971
|switch|p2a: Gholdengo|Gholdengo|100/100
|-damage|p2a: Gholdengo|94/100|[from] Stealth Rock
|turn|9
|
|t:|1760414976
|move|p2a: Gholdengo|Shadow Ball|p1a: Darkrai
|-resisted|p1a: Darkrai
|-damage|p1a: Darkrai|0 fnt
|faint|p1a: Darkrai
|
|-heal|p2a: Gholdengo|100/100|[from] Grassy Terrain
|upkeep
|
|t:|1760414983
|switch|p1a: Great Tusk|Great Tusk|100/100
|-enditem|p1a: Great Tusk|Booster Energy
|-activate|p1a: Great Tusk|ability: Protosynthesis|[fromitem]
|-start|p1a: Great Tusk|protosynthesisspe
|turn|10
|
|t:|1760414988
|switch|p2a: Okidogi|Okidogi, M|100/100
|-damage|p2a: Okidogi|94/100|[from] Stealth Rock
|move|p1a: Great Tusk|Bulk Up|p1a: Great Tusk
|-boost|p1a: Great Tusk|atk|1
|-boost|p1a: Great Tusk|def|1
|
|-heal|p2a: Okidogi|100/100|[from] Grassy Terrain
|upkeep
|turn|11
|
|t:|1760414990
|move|p1a: Great Tusk|Headlong Rush|p2a: Okidogi
|-supereffective|p2a: Okidogi
|-damage|p2a: Okidogi|0 fnt
|-unboost|p1a: Great Tusk|def|1
|-unboost|p1a: Great Tusk|spd|1
|faint|p2a: Okidogi
|
|upkeep
|
|t:|1760414995
|switch|p2a: Gholdengo|Gholdengo|100/100
|-damage|p2a: Gholdengo|94/100|[from] Stealth Rock
|turn|12
|
|t:|1760414998
|move|p1a: Great Tusk|Headlong Rush|p2a: Gholdengo
|-supereffective|p2a: Gholdengo
|-damage|p2a: Gholdengo|0 fnt
|-unboost|p1a: Great Tusk|def|1
|-unboost|p1a: Great Tusk|spd|1
|faint|p2a: Gholdengo
|
|-fieldend|move: Grassy Terrain
|upkeep
|-message|Shamankingaursu forfeited.
|
|win|yellosun
|raw|yellosun's rating: 1146 &rarr; <strong>1177</strong><br />(+31 for winning)
|raw|Shamankingaursu's rating: 1230 &rarr; <strong>1199</strong><br />(-31 for losing)
|c|☆Shamankingaursu|gg
|l|☆Shamankingaursu
|player|p2|
|l|☆yellosun
|player|p1|
