|j|☆Doodieray
|j|‽enzofm15
|t:|1760449606
|gametype|singles
|player|p1|Doodieray|medium|1371
|player|p2|enzofm15|cyrus-masters|1324
|gen|9
|tier|[Gen 9] OU
|rated|
|rule|HP Percentage Mod: HP is shown in percentages
|rule|Endless Battle Clause: Forcing endless battles is banned
|rule|Species Clause: Limit one of each Pokémon
|rule|OHKO Clause: OHKO moves are banned
|rule|Evasion Items Clause: Evasion items are banned
|rule|Evasion Moves Clause: Evasion moves are banned
|rule|Evasion Abilities Clause: Evasion abilities are banned
|rule|Sleep Moves Clause: Sleep-inducing moves are banned
|clearpoke
|poke|p1|Dragonite, M|
|poke|p1|Great Tusk|
|poke|p1|Iron Crown|
|poke|p1|Iron Moth|
|poke|p1|Ogerpon, F|
|poke|p1|Primarina, F|
|poke|p2|Slither Wing|
|poke|p2|Rillaboom, M|
|poke|p2|Ting-Lu|
|poke|p2|Gliscor, M|
|poke|p2|Heatran, M|
|poke|p2|Tentacruel, M|
|teampreview
|inactive|Battle timer is ON: inactive players will automatically lose when time's up. (requested by Doodieray)
|l|☆Doodieray
|inactive|Doodieray disconnected and has a minute to reconnect!
|player|p1|
|j|☆Doodieray
|inactive|Doodieray reconnected and has 110 seconds left.
|player|p1|Doodieray|medium|
|inactive|Doodieray has 90 seconds left.
|
|t:|1760449680
|teamsize|p1|6
|teamsize|p2|6
|start
|switch|p1a: Dragonite|Dragonite, M|100/100
|switch|p2a: Rillaboom|Rillaboom, M|100/100
|-fieldstart|move: Grassy Terrain|[from] ability: Grassy Surge|[of] p2a: Rillaboom
|turn|1
|inactive|enzofm15 has 120 seconds left.
|
|t:|1760449713
|move|p1a: Dragonite|Ice Spinner|p2a: Rillaboom
|-supereffective|p2a: Rillaboom
|-damage|p2a: Rillaboom|41/100
|-fieldend|move: Grassy Terrain
|move|p2a: Rillaboom|Leech Seed|p1a: Dragonite
|-start|p1a: Dragonite|move: Leech Seed
|
|-damage|p1a: Dragonite|88/100|[from] Leech Seed|[of] p2a: Rillaboom
|-heal|p2a: Rillaboom|51/100|[silent]
|upkeep
|turn|2
|
|t:|1760449732
|switch|p1a: Great Tusk|Great Tusk|100/100
|move|p2a: Rillaboom|Protect||[still]
|-fail|p2a: Rillaboom
|
|upkeep
|turn|3
|
|t:|1760449759
|move|p1a: Great Tusk|Rapid Spin|p2a: Rillaboom
|-damage|p2a: Rillaboom|39/100
|-boost|p1a: Great Tusk|spe|1
|move|p2a: Rillaboom|Leech Seed|p1a: Great Tusk
|-start|p1a: Great Tusk|move: Leech Seed
|
|-damage|p1a: Great Tusk|88/100|[from] Leech Seed|[of] p2a: Rillaboom
|-heal|p2a: Rillaboom|50/100|[silent]
|upkeep
|turn|4
|
|t:|1760449769
|move|p1a: Great Tusk|Stealth Rock|p2a: Rillaboom
|-sidestart|p2: enzofm15|move: Stealth Rock
|move|p2a: Rillaboom|Knock Off|p1a: Great Tusk
|-resisted|p1a: Great Tusk
|-damage|p1a: Great Tusk|78/100
|-damage|p2a: Rillaboom|34/100|[from] item: Rocky Helmet|[of] p1a: Great Tusk
|-enditem|p1a: Great Tusk|Rocky Helmet|[from] move: Knock Off|[of] p2a: Rillaboom
|
|-damage|p1a: Great Tusk|65/100|[from] Leech Seed|[of] p2a: Rillaboom
|-heal|p2a: Rillaboom|45/100|[silent]
|upkeep
|turn|5
|
|t:|1760449774
|move|p1a: Great Tusk|Rapid Spin|p2a: Rillaboom
|-damage|p2a: Rillaboom|34/100
|-boost|p1a: Great Tusk|spe|1
|-end|p1a: Great Tusk|Leech Seed|[from] move: Rapid Spin|[of] p1a: Great Tusk
|move|p2a: Rillaboom|Leech Seed|p1a: Great Tusk
|-start|p1a: Great Tusk|move: Leech Seed
|
|-damage|p1a: Great Tusk|53/100|[from] Leech Seed|[of] p2a: Rillaboom
|-heal|p2a: Rillaboom|46/100|[silent]
|upkeep
|turn|6
|
|t:|1760449777
|move|p2a: Rillaboom|Protect|p2a: Rillaboom
|-singleturn|p2a: Rillaboom|Protect
|move|p1a: Great Tusk|Ice Spinner|p2a: Rillaboom
|-activate|p2a: Rillaboom|move: Protect
|
|-damage|p1a: Great Tusk|41/100|[from] Leech Seed|[of] p2a: Rillaboom
|-heal|p2a: Rillaboom|57/100|[silent]
|upkeep
|turn|7
|
|t:|1760449795
|move|p1a: Great Tusk|Ice Spinner|p2a: Rillaboom
|-supereffective|p2a: Rillaboom
|-damage|p2a: Rillaboom|19/100
|move|p2a: Rillaboom|Leech Seed||[still]
|-fail|p2a: Rillaboom
|
|-damage|p1a: Great Tusk|28/100|[from] Leech Seed|[of] p2a: Rillaboom
|-heal|p2a: Rillaboom|30/100|[silent]
|upkeep
|turn|8
|
|t:|1760449799
|-end|p1a: Great Tusk|Protosynthesis|[silent]
|switch|p1a: Dragonite|Dragonite, M|88/100
|move|p2a: Rillaboom|Protect||[still]
|-fail|p2a: Rillaboom
|
|upkeep
|turn|9
|
|t:|1760449803
|move|p1a: Dragonite|Ice Spinner|p2a: Rillaboom
|-supereffective|p2a: Rillaboom
|-damage|p2a: Rillaboom|0 fnt
|faint|p2a: Rillaboom
|
|upkeep
|
|t:|1760449812
|switch|p2a: Tentacruel|Tentacruel, M|100/100
|-damage|p2a: Tentacruel|88/100|[from] Stealth Rock
|turn|10
|
|t:|1760449820
|switch|p1a: Ogerpon|Ogerpon, F|100/100
|move|p2a: Tentacruel|Rapid Spin|p1a: Ogerpon
|-damage|p1a: Ogerpon|88/100
|-boost|p2a: Tentacruel|spe|1
|-sideend|p2: enzofm15|Stealth Rock|[from] move: Rapid Spin|[of] p2a: Tentacruel
|
|upkeep
|turn|11
|
|t:|1760449837
|switch|p2a: Slither Wing|Slither Wing, shiny|100/100
|switch|p1a: Iron Crown|Iron Crown|100/100
|
|upkeep
|turn|12
|
|t:|1760449841
|-terastallize|p1a: Iron Crown|Steel
|move|p1a: Iron Crown|Tachyon Cutter|p2a: Slither Wing
|-damage|p2a: Slither Wing|67/100
|-damage|p2a: Slither Wing|33/100
|-hitcount|p2a: Slither Wing|2
|move|p2a: Slither Wing|U-turn|p1a: Iron Crown
|-resisted|p1a: Iron Crown
|-damage|p1a: Iron Crown|78/100
|
|t:|1760449847
|-end|p2a: Slither Wing|Protosynthesis|[silent]
|switch|p2a: Heatran|Heatran, M|100/100|[from] U-turn
|
|upkeep
|turn|13
|
|t:|1760449852
|-end|p1a: Iron Crown|Quark Drive|[silent]
|switch|p1a: Primarina|Primarina, F|100/100
|move|p2a: Heatran|Flamethrower|p1a: Primarina
|-resisted|p1a: Primarina
|-damage|p1a: Primarina|66/100
|
|-heal|p1a: Primarina|72/100|[from] item: Leftovers
|upkeep
|turn|14
|
|t:|1760449862
|switch|p2a: Tentacruel|Tentacruel, M|88/100
|move|p1a: Primarina|Psychic Noise|p2a: Tentacruel
|-resisted|p2a: Tentacruel
|-damage|p2a: Tentacruel|80/100
|-start|p2a: Tentacruel|move: Heal Block
|
|-heal|p1a: Primarina|78/100|[from] item: Leftovers
|upkeep
|turn|15
|
|t:|1760449867
|switch|p1a: Iron Crown|Iron Crown, tera:Steel|78/100
|move|p2a: Tentacruel|Knock Off|p1a: Iron Crown
|-damage|p1a: Iron Crown|60/100
|-enditem|p1a: Iron Crown|Choice Specs|[from] move: Knock Off|[of] p2a: Tentacruel
|
|-end|p2a: Tentacruel|move: Heal Block
|upkeep
|turn|16
|
|t:|1760449878
|move|p1a: Iron Crown|Psychic Noise|p2a: Tentacruel
|-supereffective|p2a: Tentacruel
|-damage|p2a: Tentacruel|37/100
|-start|p2a: Tentacruel|move: Heal Block
|move|p2a: Tentacruel|Mirror Coat|p1a: Iron Crown
|-damage|p1a: Iron Crown|0 fnt
|faint|p1a: Iron Crown
|-end|p1a: Iron Crown|Quark Drive|[silent]
|
|upkeep
|
|t:|1760449899
|switch|p1a: Ogerpon|Ogerpon, F|88/100
|turn|17
|
|t:|1760449915
|switch|p2a: Slither Wing|Slither Wing, shiny|33/100
|move|p1a: Ogerpon|U-turn|p2a: Slither Wing
|-resisted|p2a: Slither Wing
|-damage|p2a: Slither Wing|19/100
|
|t:|1760449925
|switch|p1a: Iron Moth|Iron Moth|100/100|[from] U-turn
|-enditem|p1a: Iron Moth|Booster Energy
|-activate|p1a: Iron Moth|ability: Quark Drive|[fromitem]
|-start|p1a: Iron Moth|quarkdrivespe
|
|upkeep
|turn|18
|
|t:|1760449931
|-end|p2a: Slither Wing|Protosynthesis|[silent]
|switch|p2a: Heatran|Heatran, M|100/100
|move|p1a: Iron Moth|Fiery Dance|p2a: Heatran
|-start|p2a: Heatran|ability: Flash Fire
|
|upkeep
|turn|19
|
|t:|1760449935
|-end|p1a: Iron Moth|Quark Drive|[silent]
|switch|p1a: Great Tusk|Great Tusk|28/100
|move|p2a: Heatran|Earth Power|p1a: Great Tusk
|-damage|p1a: Great Tusk|0 fnt
|faint|p1a: Great Tusk
|-end|p1a: Great Tusk|Protosynthesis|[silent]
|
|upkeep
|
|t:|1760449937
|switch|p1a: Primarina|Primarina, F|78/100
|turn|20
|
|t:|1760449940
|-end|p2a: Heatran|ability: Flash Fire|[silent]
|switch|p2a: Tentacruel|Tentacruel, M|37/100
|move|p1a: Primarina|Psychic Noise|p2a: Tentacruel
|-resisted|p2a: Tentacruel
|-damage|p2a: Tentacruel|29/100
|-start|p2a: Tentacruel|move: Heal Block
|
|-heal|p1a: Primarina|84/100|[from] item: Leftovers
|upkeep
|turn|21
|
|t:|1760449946
|move|p2a: Tentacruel|Knock Off|p1a: Primarina
|-resisted|p1a: Primarina
|-damage|p1a: Primarina|77/100
|-enditem|p1a: Primarina|Leftovers|[from] move: Knock Off|[of] p2a: Tentacruel
|move|p1a: Primarina|Substitute|p1a: Primarina
|-start|p1a: Primarina|Substitute
|-damage|p1a: Primarina|52/100
|
|-end|p2a: Tentacruel|move: Heal Block
|upkeep
|turn|22
|
|t:|1760449955
|move|p1a: Primarina|Calm Mind|p1a: Primarina
|-boost|p1a: Primarina|spa|1
|-boost|p1a: Primarina|spd|1
|move|p2a: Tentacruel|Mirror Coat||[still]
|-fail|p2a: Tentacruel
|
|upkeep
|turn|23
|
|t:|1760449960
|move|p2a: Tentacruel|Flip Turn|p1a: Primarina
|-resisted|p1a: Primarina
|-activate|p1a: Primarina|move: Substitute|[damage]
|inactive|enzofm15 has 120 seconds left.
|
|t:|1760450002
|switch|p2a: Slither Wing|Slither Wing, shiny|19/100|[from] Flip Turn
|move|p1a: Primarina|Calm Mind|p1a: Primarina
|-boost|p1a: Primarina|spa|1
|-boost|p1a: Primarina|spd|1
|
|upkeep
|turn|24
|
|t:|1760450008
|move|p2a: Slither Wing|Wild Charge|p1a: Primarina
|-supereffective|p1a: Primarina
|-end|p1a: Primarina|Substitute
|-damage|p2a: Slither Wing|14/100|[from] Recoil|[of] p1a: Primarina
|move|p1a: Primarina|Draining Kiss|p2a: Slither Wing
|-supereffective|p2a: Slither Wing
|-damage|p2a: Slither Wing|0 fnt
|-heal|p1a: Primarina|62/100|[from] drain|[of] p2a: Slither Wing
|faint|p2a: Slither Wing
|-end|p2a: Slither Wing|Protosynthesis|[silent]
|
|upkeep
|inactive|enzofm15 has 120 seconds left.
|
|t:|1760450019
|switch|p2a: Gliscor|Gliscor, M|100/100
|turn|25
|
|t:|1760450023
|-terastallize|p2a: Gliscor|Normal
|move|p2a: Gliscor|Facade|p1a: Primarina
|-damage|p1a: Primarina|42/100
|move|p1a: Primarina|Psychic Noise|p2a: Gliscor
|-damage|p2a: Gliscor|49/100
|-start|p2a: Gliscor|move: Heal Block
|
|-status|p2a: Gliscor|tox|[from] item: Toxic Orb
|upkeep
|turn|26
|
|t:|1760450034
|move|p2a: Gliscor|Facade|p1a: Primarina
|-damage|p1a: Primarina|1/100
|move|p1a: Primarina|Substitute|p1a: Primarina
|-fail|p1a: Primarina|move: Substitute|[weak]
|
|-end|p2a: Gliscor|move: Heal Block
|upkeep
|turn|27
|
|t:|1760450050
|move|p2a: Gliscor|Facade|p1a: Primarina
|-damage|p1a: Primarina|0 fnt
|faint|p1a: Primarina
|
|-heal|p2a: Gliscor|62/100 tox|[from] ability: Poison Heal
|upkeep
|
|t:|1760450055
|switch|p1a: Ogerpon|Ogerpon, F|88/100
|turn|28
|
|t:|1760450061
|move|p1a: Ogerpon|Ivy Cudgel|p2a: Gliscor
|-damage|p2a: Gliscor|25/100 tox
|move|p2a: Gliscor|Dual Wingbeat|p1a: Ogerpon
|-supereffective|p1a: Ogerpon
|-damage|p1a: Ogerpon|56/100
|-supereffective|p1a: Ogerpon
|-damage|p1a: Ogerpon|18/100
|-hitcount|p1a: Ogerpon|2
|
|-heal|p2a: Gliscor|38/100 tox|[from] ability: Poison Heal
|upkeep
|turn|29
|
|t:|1760450068
|move|p2a: Gliscor|Protect|p2a: Gliscor
|-singleturn|p2a: Gliscor|Protect
|move|p1a: Ogerpon|Ivy Cudgel|p2a: Gliscor
|-activate|p2a: Gliscor|move: Protect
|
|-heal|p2a: Gliscor|50/100 tox|[from] ability: Poison Heal
|upkeep
|turn|30
|
|t:|1760450071
|switch|p2a: Heatran|Heatran, M|100/100
|move|p1a: Ogerpon|Encore||[still]
|-fail|p1a: Ogerpon
|
|upkeep
|turn|31
|
|t:|1760450077
|move|p1a: Ogerpon|U-turn|p2a: Heatran
|-resisted|p2a: Heatran
|-damage|p2a: Heatran|95/100
|
|t:|1760450078
|switch|p1a: Dragonite|Dragonite, M|88/100|[from] U-turn
|move|p2a: Heatran|Power Gem|p1a: Dragonite
|-supereffective|p1a: Dragonite
|-damage|p1a: Dragonite|0 fnt
|faint|p1a: Dragonite
|
|upkeep
|
|t:|1760450080
|switch|p1a: Iron Moth|Iron Moth|100/100
|turn|32
|-message|Doodieray forfeited.
|
|win|enzofm15
|raw|Doodieray's rating: 1371 &rarr; <strong>1349</strong><br />(-22 for losing)
|raw|enzofm15's rating: 1338 &rarr; <strong>1360</strong><br />(+22 for winning)
|l|☆Doodieray
|player|p1|
|l|‽enzofm15
|player|p2|
