|j|☆liangCRKO
|j|☆pokeoscar35
|t:|1760432856
|gametype|singles
|player|p1|liangCRKO|102|1465
|player|p2|pokeoscar35|102|1435
|gen|9
|tier|[Gen 9] OU
|rated|
|rule|HP Percentage Mod: HP is shown in percentages
|rule|Endless Battle Clause: Forcing endless battles is banned
|rule|Species Clause: Limit one of each Pokémon
|rule|OHKO Clause: OHKO moves are banned
|rule|Evasion Items Clause: Evasion items are banned
|rule|Evasion Moves Clause: Evasion moves are banned
|rule|Evasion Abilities Clause: Evasion abilities are banned
|rule|Sleep Moves Clause: Sleep-inducing moves are banned
|clearpoke
|poke|p1|Ogerpon-Wellspring, F|
|poke|p1|Zamazenta-*|
|poke|p1|Moltres|
|poke|p1|Iron Treads|
|poke|p1|Pecharunt|
|poke|p1|Kingambit, M|
|poke|p2|Ninetales-Alola, F|
|poke|p2|Ting-Lu|
|poke|p2|Manaphy|
|poke|p2|Moltres|
|poke|p2|Gholdengo|
|poke|p2|Great Tusk|
|teampreview
|c|☆pokeoscar35|gl m8
|
|t:|1760432866
|teamsize|p1|6
|teamsize|p2|6
|start
|switch|p1a: Iron Treads|Iron Treads|100/100
|switch|p2a: Ninetales|Ninetales-Alola, F|100/100
|-weather|Snowscape|[from] ability: Snow Warning|[of] p2a: Ninetales
|turn|1
|inactive|Battle timer is ON: inactive players will automatically lose when time's up. (requested by pokeoscar35)
|
|t:|1760432879
|move|p2a: Ninetales|Aurora Veil|p2a: Ninetales
|-sidestart|p2: pokeoscar35|move: Aurora Veil
|move|p1a: Iron Treads|Stealth Rock|p2a: Ninetales
|-sidestart|p2: pokeoscar35|move: Stealth Rock
|
|-weather|Snowscape|[upkeep]
|upkeep
|turn|2
|
|t:|1760432901
|-end|p1a: Iron Treads|Quark Drive|[silent]
|switch|p1a: Pecharunt|Pecharunt|100/100
|move|p2a: Ninetales|Encore||[still]
|-fail|p2a: Ninetales
|
|-weather|Snowscape|[upkeep]
|upkeep
|turn|3
|
|t:|1760432917
|switch|p2a: Ting-Lu|Ting-Lu|100/100
|-damage|p2a: Ting-Lu|94/100|[from] Stealth Rock
|-ability|p2a: Ting-Lu|Vessel of Ruin
|move|p1a: Pecharunt|Parting Shot|p2a: Ting-Lu
|-unboost|p2a: Ting-Lu|atk|1
|-unboost|p2a: Ting-Lu|spa|1
|
|t:|1760432928
|switch|p1a: Ogerpon|Ogerpon-Wellspring, F|100/100|[from] Parting Shot
|
|-weather|Snowscape|[upkeep]
|upkeep
|turn|4
|
|t:|1760432958
|switch|p2a: Moltres|Moltres|100/100
|move|p1a: Ogerpon|Ivy Cudgel|p2a: Moltres|[anim] Ivy Cudgel Water
|-supereffective|p2a: Moltres
|-damage|p2a: Moltres|45/100
|
|-weather|Snowscape|[upkeep]
|upkeep
|turn|5
|
|t:|1760432969
|move|p1a: Ogerpon|Ivy Cudgel|p2a: Moltres|[anim] Ivy Cudgel Water
|-supereffective|p2a: Moltres
|-damage|p2a: Moltres|0 fnt
|faint|p2a: Moltres
|
|-weather|none
|upkeep
|inactive|pokeoscar35 has 120 seconds left.
|inactive|pokeoscar35 has 90 seconds left.
|inactive|pokeoscar35 has 60 seconds left.
|inactive|pokeoscar35 has 30 seconds left.
|
|t:|1760433085
|switch|p2a: Manaphy|Manaphy|100/100
|-damage|p2a: Manaphy|88/100|[from] Stealth Rock
|turn|6
|
|t:|1760433090
|move|p1a: Ogerpon|Horn Leech|p2a: Manaphy
|-supereffective|p2a: Manaphy
|-damage|p2a: Manaphy|54/100
|move|p2a: Manaphy|Acid Armor|p2a: Manaphy
|-boost|p2a: Manaphy|def|2
|
|-heal|p2a: Manaphy|60/100|[from] item: Leftovers
|upkeep
|turn|7
|
|t:|1760433108
|-terastallize|p2a: Manaphy|Electric
|move|p1a: Ogerpon|Encore|p2a: Manaphy
|-start|p2a: Manaphy|Encore
|move|p2a: Manaphy|Acid Armor|p2a: Manaphy
|-boost|p2a: Manaphy|def|2
|
|-heal|p2a: Manaphy|66/100|[from] item: Leftovers
|upkeep
|turn|8
|
|t:|1760433118
|move|p1a: Ogerpon|U-turn|p2a: Manaphy
|-damage|p2a: Manaphy|62/100
|
|t:|1760433122
|switch|p1a: Iron Treads|Iron Treads|100/100|[from] U-turn
|move|p2a: Manaphy|Acid Armor|p2a: Manaphy
|-boost|p2a: Manaphy|def|2
|
|-heal|p2a: Manaphy|69/100|[from] item: Leftovers
|-sideend|p2: pokeoscar35|move: Aurora Veil
|upkeep
|turn|9
|
|t:|1760433132
|-end|p1a: Iron Treads|Quark Drive|[silent]
|switch|p1a: Ogerpon|Ogerpon-Wellspring, F|100/100
|move|p2a: Manaphy|Acid Armor|p2a: Manaphy
|-boost|p2a: Manaphy|def|0
|
|-heal|p2a: Manaphy|75/100|[from] item: Leftovers
|-end|p2a: Manaphy|Encore
|upkeep
|turn|10
|
|t:|1760433141
|switch|p2a: Gholdengo|Gholdengo|100/100
|-damage|p2a: Gholdengo|94/100|[from] Stealth Rock
|move|p1a: Ogerpon|Encore|p2a: Gholdengo
|-immune|p2a: Gholdengo|[from] ability: Good as Gold
|
|upkeep
|turn|11
|
|t:|1760433150
|switch|p1a: Kingambit|Kingambit, M|100/100
|move|p2a: Gholdengo|Shadow Ball|p1a: Kingambit
|-resisted|p1a: Kingambit
|-damage|p1a: Kingambit|79/100
|-unboost|p1a: Kingambit|spd|1
|
|-heal|p1a: Kingambit|85/100|[from] item: Leftovers
|upkeep
|turn|12
|
|t:|1760433164
|switch|p2a: Ting-Lu|Ting-Lu|94/100
|-damage|p2a: Ting-Lu|88/100|[from] Stealth Rock
|-ability|p2a: Ting-Lu|Vessel of Ruin
|-end|p1a: Kingambit|fallenundefined|[silent]
|switch|p1a: Moltres|Moltres|100/100
|
|upkeep
|turn|13
|
|t:|1760433174
|move|p1a: Moltres|U-turn|p2a: Ting-Lu
|-supereffective|p2a: Ting-Lu
|-damage|p2a: Ting-Lu|75/100
|-enditem|p2a: Ting-Lu|Red Card|[of] p1a: Moltres
|drag|p1a: Kingambit|Kingambit, M|85/100
|move|p2a: Ting-Lu|Stealth Rock|p1a: Kingambit
|-sidestart|p1: liangCRKO|move: Stealth Rock
|
|-heal|p1a: Kingambit|91/100|[from] item: Leftovers
|upkeep
|turn|14
|
|t:|1760433189
|-end|p1a: Kingambit|fallenundefined|[silent]
|switch|p1a: Moltres|Moltres|100/100
|move|p2a: Ting-Lu|Earthquake|p1a: Moltres
|-immune|p1a: Moltres
|
|upkeep
|turn|15
|
|t:|1760433200
|move|p1a: Moltres|Hurricane|p2a: Ting-Lu
|-damage|p2a: Ting-Lu|46/100
|-start|p2a: Ting-Lu|confusion
|-activate|p2a: Ting-Lu|confusion
|move|p2a: Ting-Lu|Spikes|p1a: Moltres
|-sidestart|p1: liangCRKO|Spikes
|
|upkeep
|turn|16
|
|t:|1760433212
|switch|p2a: Gholdengo|Gholdengo|94/100
|-damage|p2a: Gholdengo|88/100|[from] Stealth Rock
|move|p1a: Moltres|Flamethrower|p2a: Gholdengo
|-supereffective|p2a: Gholdengo
|-damage|p2a: Gholdengo|0 fnt
|faint|p2a: Gholdengo
|
|upkeep
|
|t:|1760433215
|switch|p2a: Great Tusk|Great Tusk|100/100
|-damage|p2a: Great Tusk|97/100|[from] Stealth Rock
|turn|17
|
|t:|1760433240
|-end|p2a: Great Tusk|Protosynthesis|[silent]
|switch|p2a: Ting-Lu|Ting-Lu|46/100
|-damage|p2a: Ting-Lu|40/100|[from] Stealth Rock
|-ability|p2a: Ting-Lu|Vessel of Ruin
|-terastallize|p1a: Moltres|Grass
|move|p1a: Moltres|Hurricane|p2a: Ting-Lu
|-damage|p2a: Ting-Lu|14/100
|-start|p2a: Ting-Lu|confusion
|
|upkeep
|turn|18
|
|t:|1760433251
|move|p1a: Moltres|Flamethrower|p2a: Ting-Lu
|-damage|p2a: Ting-Lu|0 fnt
|faint|p2a: Ting-Lu
|
|upkeep
|
|t:|1760433255
|switch|p2a: Ninetales|Ninetales-Alola, F|100/100
|-damage|p2a: Ninetales|76/100|[from] Stealth Rock
|-weather|Snowscape|[from] ability: Snow Warning|[of] p2a: Ninetales
|turn|19
|
|t:|1760433265
|switch|p1a: Iron Treads|Iron Treads|100/100
|-damage|p1a: Iron Treads|98/100|[from] Stealth Rock
|-damage|p1a: Iron Treads|85/100|[from] Spikes
|move|p2a: Ninetales|Aurora Veil|p2a: Ninetales
|-sidestart|p2: pokeoscar35|move: Aurora Veil
|
|-weather|Snowscape|[upkeep]
|upkeep
|turn|20
|-message|pokeoscar35 forfeited.
|
|win|liangCRKO
|raw|liangCRKO's rating: 1465 &rarr; <strong>1483</strong><br />(+18 for winning)
|raw|pokeoscar35's rating: 1435 &rarr; <strong>1417</strong><br />(-18 for losing)
|l|☆pokeoscar35
|player|p2|
|l|☆liangCRKO
|player|p1|
