|j|☆kinsword
|j|☆Herris456
|t:|1760331747
|gametype|singles
|player|p1|kinsword|1|1567
|player|p2|Herris456|pryce|1588
|gen|9
|tier|[Gen 9] OU
|rated|
|rule|HP Percentage Mod: HP is shown in percentages
|rule|Endless Battle Clause: Forcing endless battles is banned
|rule|Species Clause: Limit one of each Pokémon
|rule|OHKO Clause: OHKO moves are banned
|rule|Evasion Items Clause: Evasion items are banned
|rule|Evasion Moves Clause: Evasion moves are banned
|rule|Evasion Abilities Clause: Evasion abilities are banned
|rule|Sleep Moves Clause: Sleep-inducing moves are banned
|clearpoke
|poke|p1|Infernape, M|
|poke|p1|Tauros-Paldea-Aqua, M|
|poke|p1|Venusaur, F|
|poke|p1|Weavile, F|
|poke|p1|Corviknight, M|
|poke|p1|Basculegion-F, F|
|poke|p2|Kyurem|
|poke|p2|Slowking-Galar, F|
|poke|p2|Cinderace, F|
|poke|p2|Ting-Lu|
|poke|p2|Corviknight, M|
|poke|p2|Dragapult, M|
|teampreview
|inactive|Battle timer is ON: inactive players will automatically lose when time's up. (requested by kinsword)
|j| arturohdez
|
|t:|1760331768
|teamsize|p1|6
|teamsize|p2|6
|start
|switch|p1a: Weavile|Weavile, F|100/100
|switch|p2a: Slowking|Slowking-Galar, F, shiny|100/100
|-ability|p1a: Weavile|Pressure
|turn|1
|
|t:|1760331777
|switch|p2a: Corviknight|Corviknight, M|100/100
|-ability|p2a: Corviknight|Pressure
|move|p1a: Weavile|Knock Off|p2a: Corviknight
|-damage|p2a: Corviknight|74/100
|-damage|p1a: Weavile|84/100|[from] item: Rocky Helmet|[of] p2a: Corviknight
|-enditem|p2a: Corviknight|Rocky Helmet|[from] move: Knock Off|[of] p1a: Weavile
|
|upkeep
|turn|2
|
|t:|1760331789
|switch|p1a: Corviknight|Corviknight, M|100/100
|move|p2a: Corviknight|U-turn|p1a: Corviknight
|-resisted|p1a: Corviknight
|-damage|p1a: Corviknight|98/100
|-damage|p2a: Corviknight|58/100|[from] item: Rocky Helmet|[of] p1a: Corviknight
|
|t:|1760331801
|switch|p2a: Cinderace|Cinderace, F|100/100|[from] U-turn
|
|upkeep
|turn|3
|
|t:|1760331812
|switch|p1a: Basculegion|Basculegion-F, F|100/100
|move|p2a: Cinderace|Pyro Ball|p1a: Basculegion
|-resisted|p1a: Basculegion
|-damage|p1a: Basculegion|77/100
|-status|p1a: Basculegion|brn
|
|-damage|p1a: Basculegion|71/100 brn|[from] brn
|upkeep
|turn|4
|
|t:|1760331821
|move|p2a: Cinderace|Sucker Punch|p1a: Basculegion
|-supereffective|p1a: Basculegion
|-damage|p1a: Basculegion|34/100 brn
|move|p1a: Basculegion|Shadow Ball|p2a: Cinderace
|-damage|p2a: Cinderace|36/100
|
|-damage|p1a: Basculegion|28/100 brn|[from] brn
|upkeep
|turn|5
|
|t:|1760331831
|switch|p1a: Tauros|Tauros-Paldea-Aqua, M|100/100
|-ability|p1a: Tauros|Intimidate|boost
|-unboost|p2a: Cinderace|atk|1
|move|p2a: Cinderace|U-turn|p1a: Tauros
|-resisted|p1a: Tauros
|-damage|p1a: Tauros|95/100
|
|t:|1760331837
|switch|p2a: Corviknight|Corviknight, M|58/100|[from] U-turn
|-ability|p2a: Corviknight|Pressure
|
|-heal|p1a: Tauros|100/100|[from] item: Leftovers
|upkeep
|turn|6
|
|t:|1760331846
|switch|p1a: Basculegion|Basculegion-F, F|28/100 brn
|move|p2a: Corviknight|Roost|p2a: Corviknight
|-heal|p2a: Corviknight|100/100
|-singleturn|p2a: Corviknight|move: Roost
|
|-damage|p1a: Basculegion|22/100 brn|[from] brn
|upkeep
|turn|7
|
|t:|1760331855
|move|p1a: Basculegion|Surf|p2a: Corviknight
|-damage|p2a: Corviknight|41/100
|move|p2a: Corviknight|U-turn|p1a: Basculegion
|-resisted|p1a: Basculegion
|-crit|p1a: Basculegion
|-damage|p1a: Basculegion|10/100 brn
|
|t:|1760331862
|switch|p2a: Dragapult|Dragapult, M|100/100|[from] U-turn
|
|-damage|p1a: Basculegion|4/100 brn|[from] brn
|upkeep
|turn|8
|
|t:|1760331871
|switch|p2a: Ting-Lu|Ting-Lu|100/100
|-ability|p2a: Ting-Lu|Vessel of Ruin
|move|p1a: Basculegion|Aqua Jet|p2a: Ting-Lu
|-supereffective|p2a: Ting-Lu
|-damage|p2a: Ting-Lu|93/100
|
|-heal|p2a: Ting-Lu|99/100|[from] item: Leftovers
|-damage|p1a: Basculegion|0 fnt|[from] brn
|faint|p1a: Basculegion
|upkeep
|
|t:|1760331886
|switch|p1a: Weavile|Weavile, F|84/100
|-ability|p1a: Weavile|Pressure
|turn|9
|
|t:|1760331901
|switch|p2a: Corviknight|Corviknight, M|41/100
|-ability|p2a: Corviknight|Pressure
|move|p1a: Weavile|Triple Axel|p2a: Corviknight
|-damage|p2a: Corviknight|35/100
|-damage|p2a: Corviknight|22/100
|-damage|p2a: Corviknight|5/100
|-hitcount|p2a: Corviknight|3
|
|upkeep
|turn|10
|
|t:|1760331912
|move|p1a: Weavile|Knock Off|p2a: Corviknight
|-damage|p2a: Corviknight|0 fnt
|faint|p2a: Corviknight
|
|upkeep
|
|t:|1760331917
|switch|p2a: Cinderace|Cinderace, F|36/100
|turn|11
|l| arturohdez
|
|t:|1760331924
|move|p1a: Weavile|Knock Off|p2a: Cinderace
|-damage|p2a: Cinderace|0 fnt
|-enditem|p2a: Cinderace|Heavy-Duty Boots|[from] move: Knock Off|[of] p1a: Weavile
|faint|p2a: Cinderace
|
|upkeep
|
|t:|1760331929
|switch|p2a: Dragapult|Dragapult, M|100/100
|turn|12
|
|t:|1760331938
|switch|p1a: Corviknight|Corviknight, M|98/100
|move|p2a: Dragapult|Dragon Darts|p1a: Corviknight
|-resisted|p1a: Corviknight
|-damage|p1a: Corviknight|90/100
|-anim|p2a: Dragapult|Dragon Darts|p1a: Corviknight
|-resisted|p1a: Corviknight
|-damage|p1a: Corviknight|82/100
|-damage|p2a: Dragapult|91/100|[from] item: Life Orb
|
|upkeep
|turn|13
|inactive|kinsword has 120 seconds left.
|
|t:|1760331982
|move|p2a: Dragapult|Fire Blast|p1a: Corviknight
|-supereffective|p1a: Corviknight
|-crit|p1a: Corviknight
|-damage|p1a: Corviknight|0 fnt
|faint|p1a: Corviknight
|-damage|p2a: Dragapult|81/100|[from] item: Life Orb
|
|upkeep
|
|t:|1760331990
|switch|p1a: Venusaur|Venusaur, F|100/100
|turn|14
|
|t:|1760331994
|move|p2a: Dragapult|Draco Meteor|p1a: Venusaur
|-damage|p1a: Venusaur|61/100
|-unboost|p2a: Dragapult|spa|2
|-damage|p2a: Dragapult|71/100|[from] item: Life Orb
|move|p1a: Venusaur|Knock Off|p2a: Dragapult
|-supereffective|p2a: Dragapult
|-damage|p2a: Dragapult|21/100
|-enditem|p2a: Dragapult|Life Orb|[from] move: Knock Off|[of] p1a: Venusaur
|
|upkeep
|turn|15
|inactive|kinsword has 120 seconds left.
|
|t:|1760332005
|move|p2a: Dragapult|Dragon Darts|p1a: Venusaur
|-damage|p1a: Venusaur|38/100
|-anim|p2a: Dragapult|Dragon Darts|p1a: Venusaur
|-damage|p1a: Venusaur|15/100
|move|p1a: Venusaur|Earth Power|p2a: Dragapult
|-damage|p2a: Dragapult|0 fnt
|faint|p2a: Dragapult
|
|upkeep
|j| arturohdez
|
|t:|1760332017
|switch|p2a: Kyurem|Kyurem|100/100
|-ability|p2a: Kyurem|Pressure
|turn|16
|
|t:|1760332022
|move|p2a: Kyurem|Freeze-Dry|p1a: Venusaur
|-supereffective|p1a: Venusaur
|-damage|p1a: Venusaur|0 fnt
|faint|p1a: Venusaur
|
|upkeep
|
|t:|1760332028
|switch|p1a: Infernape|Infernape, M|100/100
|turn|17
|
|t:|1760332040
|switch|p2a: Slowking|Slowking-Galar, F, shiny|100/100
|move|p1a: Infernape|Earthquake|p2a: Slowking
|-supereffective|p2a: Slowking
|-damage|p2a: Slowking|25/100
|-damage|p1a: Infernape|91/100|[from] item: Life Orb
|
|upkeep
|turn|18
|
|t:|1760332050
|switch|p2a: Ting-Lu|Ting-Lu|99/100
|-ability|p2a: Ting-Lu|Vessel of Ruin
|move|p1a: Infernape|Earthquake|p2a: Ting-Lu
|-damage|p2a: Ting-Lu|83/100
|-damage|p1a: Infernape|81/100|[from] item: Life Orb
|
|-heal|p2a: Ting-Lu|90/100|[from] item: Leftovers
|upkeep
|turn|19
|
|t:|1760332061
|switch|p1a: Tauros|Tauros-Paldea-Aqua, M|100/100
|-ability|p1a: Tauros|Intimidate|boost
|-unboost|p2a: Ting-Lu|atk|1
|-terastallize|p2a: Ting-Lu|Poison
|move|p2a: Ting-Lu|Earthquake|p1a: Tauros
|-damage|p1a: Tauros|75/100
|
|-heal|p1a: Tauros|81/100|[from] item: Leftovers
|-heal|p2a: Ting-Lu|96/100|[from] item: Leftovers
|upkeep
|turn|20
|
|t:|1760332073
|move|p1a: Tauros|Earthquake|p2a: Ting-Lu
|-supereffective|p2a: Ting-Lu
|-damage|p2a: Ting-Lu|67/100
|move|p2a: Ting-Lu|Ruination|p1a: Tauros
|-damage|p1a: Tauros|41/100
|
|-heal|p1a: Tauros|47/100|[from] item: Leftovers
|-heal|p2a: Ting-Lu|73/100|[from] item: Leftovers
|upkeep
|turn|21
|
|t:|1760332082
|move|p1a: Tauros|Earthquake|p2a: Ting-Lu
|-supereffective|p2a: Ting-Lu
|-crit|p2a: Ting-Lu
|-damage|p2a: Ting-Lu|26/100
|move|p2a: Ting-Lu|Ruination|p1a: Tauros
|-damage|p1a: Tauros|24/100
|
|-heal|p1a: Tauros|30/100|[from] item: Leftovers
|-heal|p2a: Ting-Lu|32/100|[from] item: Leftovers
|upkeep
|turn|22
|
|t:|1760332092
|move|p1a: Tauros|Earthquake|p2a: Ting-Lu
|-supereffective|p2a: Ting-Lu
|-damage|p2a: Ting-Lu|2/100
|move|p2a: Ting-Lu|Rest|p2a: Ting-Lu
|-status|p2a: Ting-Lu|slp|[from] move: Rest
|-heal|p2a: Ting-Lu|100/100 slp|[silent]
|
|-heal|p1a: Tauros|36/100|[from] item: Leftovers
|upkeep
|turn|23
|
|t:|1760332102
|move|p1a: Tauros|Earthquake|p2a: Ting-Lu
|-supereffective|p2a: Ting-Lu
|-damage|p2a: Ting-Lu|70/100 slp
|cant|p2a: Ting-Lu|slp
|move|p2a: Ting-Lu|Sleep Talk|p2a: Ting-Lu
|move|p2a: Ting-Lu|Ruination|p1a: Tauros|[from] move: Sleep Talk
|-damage|p1a: Tauros|19/100
|
|-heal|p1a: Tauros|25/100|[from] item: Leftovers
|-heal|p2a: Ting-Lu|76/100 slp|[from] item: Leftovers
|upkeep
|turn|24
|
|t:|1760332114
|move|p1a: Tauros|Earthquake|p2a: Ting-Lu
|-supereffective|p2a: Ting-Lu
|-damage|p2a: Ting-Lu|46/100 slp
|cant|p2a: Ting-Lu|slp
|move|p2a: Ting-Lu|Sleep Talk|p2a: Ting-Lu
|move|p2a: Ting-Lu|Ruination|p1a: Tauros|[from] move: Sleep Talk
|-damage|p1a: Tauros|13/100
|
|-heal|p1a: Tauros|19/100|[from] item: Leftovers
|-heal|p2a: Ting-Lu|52/100 slp|[from] item: Leftovers
|upkeep
|turn|25
|
|t:|1760332127
|move|p1a: Tauros|Earthquake|p2a: Ting-Lu
|-supereffective|p2a: Ting-Lu
|-damage|p2a: Ting-Lu|21/100 slp
|-curestatus|p2a: Ting-Lu|slp|[msg]
|move|p2a: Ting-Lu|Earthquake|p1a: Tauros
|-damage|p1a: Tauros|0 fnt
|faint|p1a: Tauros
|
|-heal|p2a: Ting-Lu|27/100|[from] item: Leftovers
|upkeep
|
|t:|1760332138
|switch|p1a: Weavile|Weavile, F|84/100
|-ability|p1a: Weavile|Pressure
|turn|26
|
|t:|1760332150
|move|p1a: Weavile|Knock Off|p2a: Ting-Lu
|-damage|p2a: Ting-Lu|7/100
|-enditem|p2a: Ting-Lu|Leftovers|[from] move: Knock Off|[of] p1a: Weavile
|move|p2a: Ting-Lu|Rest|p2a: Ting-Lu
|-status|p2a: Ting-Lu|slp|[from] move: Rest
|-heal|p2a: Ting-Lu|100/100 slp|[silent]
|
|upkeep
|turn|27
|
|t:|1760332159
|move|p1a: Weavile|Triple Axel|p2a: Ting-Lu|[miss]
|-miss|p1a: Weavile|p2a: Ting-Lu
|cant|p2a: Ting-Lu|slp
|move|p2a: Ting-Lu|Sleep Talk|p2a: Ting-Lu
|move|p2a: Ting-Lu|Ruination|p1a: Weavile|[from] move: Sleep Talk
|-damage|p1a: Weavile|42/100
|
|upkeep
|turn|28
|
|t:|1760332169
|move|p1a: Weavile|Triple Axel|p2a: Ting-Lu
|-damage|p2a: Ting-Lu|96/100 slp
|-damage|p2a: Ting-Lu|87/100 slp
|-damage|p2a: Ting-Lu|75/100 slp
|-hitcount|p2a: Ting-Lu|3
|cant|p2a: Ting-Lu|slp
|move|p2a: Ting-Lu|Sleep Talk|p2a: Ting-Lu
|move|p2a: Ting-Lu|Ruination|p1a: Weavile|[from] move: Sleep Talk
|-damage|p1a: Weavile|21/100
|
|upkeep
|turn|29
|
|t:|1760332181
|move|p1a: Weavile|Triple Axel|p2a: Ting-Lu
|-damage|p2a: Ting-Lu|71/100 slp
|-hitcount|p2a: Ting-Lu|1
|-curestatus|p2a: Ting-Lu|slp|[msg]
|move|p2a: Ting-Lu|Earthquake|p1a: Weavile
|-damage|p1a: Weavile|0 fnt
|faint|p1a: Weavile
|
|upkeep
|c|☆Herris456|Ggs
|inactive|kinsword has 120 seconds left.
|l| arturohdez
|
|t:|1760332222
|switch|p1a: Infernape|Infernape, M|81/100
|turn|30
|
|t:|1760332231
|-terastallize|p1a: Infernape|Ghost
|move|p1a: Infernape|Earthquake|p2a: Ting-Lu
|-supereffective|p2a: Ting-Lu
|-crit|p2a: Ting-Lu
|-damage|p2a: Ting-Lu|19/100
|-damage|p1a: Infernape|71/100|[from] item: Life Orb
|move|p2a: Ting-Lu|Earthquake|p1a: Infernape
|-damage|p1a: Infernape|31/100
|
|upkeep
|turn|31
|j| arturohdez
|
|t:|1760332254
|move|p1a: Infernape|Earthquake|p2a: Ting-Lu
|-supereffective|p2a: Ting-Lu
|-crit|p2a: Ting-Lu
|-damage|p2a: Ting-Lu|0 fnt
|faint|p2a: Ting-Lu
|-damage|p1a: Infernape|21/100|[from] item: Life Orb
|
|upkeep
|
|t:|1760332260
|switch|p2a: Slowking|Slowking-Galar, F, shiny|59/100
|turn|32
|
|t:|1760332270
|move|p1a: Infernape|Earthquake|p2a: Slowking
|-supereffective|p2a: Slowking
|-damage|p2a: Slowking|0 fnt
|faint|p2a: Slowking
|-damage|p1a: Infernape|11/100|[from] item: Life Orb
|
|upkeep
|
|t:|1760332273
|switch|p2a: Kyurem|Kyurem|100/100
|-ability|p2a: Kyurem|Pressure
|turn|33
|inactive|kinsword has 120 seconds left.
|
|t:|1760332279
|move|p1a: Infernape|Close Combat|p2a: Kyurem
|-supereffective|p2a: Kyurem
|-damage|p2a: Kyurem|0 fnt
|-unboost|p1a: Infernape|def|1
|-unboost|p1a: Infernape|spd|1
|faint|p2a: Kyurem
|-damage|p1a: Infernape|1/100|[from] item: Life Orb
|
|win|kinsword
|raw|kinsword's rating: 1567 &rarr; <strong>1588</strong><br />(+21 for winning)
|raw|Herris456's rating: 1588 &rarr; <strong>1567</strong><br />(-21 for losing)
|c|☆Herris456|Oh dang
|l|☆kinsword
|player|p1|
|c|☆Herris456|Thought he Wis bandidd
|l|☆Herris456
|player|p2|
|l| arturohdez
