|j|☆megakips228
|j|☆mr.creep69
|t:|1760396676
|gametype|singles
|player|p1|megakips228|doubleteam|1115
|player|p2|mr.creep69|102|1081
|gen|9
|tier|[Gen 9] OU
|rated|
|rule|HP Percentage Mod: HP is shown in percentages
|rule|Endless Battle Clause: Forcing endless battles is banned
|rule|Species Clause: Limit one of each Pokémon
|rule|OHKO Clause: OHKO moves are banned
|rule|Evasion Items Clause: Evasion items are banned
|rule|Evasion Moves Clause: Evasion moves are banned
|rule|Evasion Abilities Clause: Evasion abilities are banned
|rule|Sleep Moves Clause: Sleep-inducing moves are banned
|clearpoke
|poke|p1|Dondozo, M|
|poke|p1|Gliscor, F|
|poke|p1|Garchomp, F|
|poke|p1|Enamorus, F|
|poke|p1|Alomomola, M|
|poke|p1|Glimmora, M|
|poke|p2|Scizor, M|
|poke|p2|Blaziken, M|
|poke|p2|Garganacl, F|
|poke|p2|Manaphy|
|poke|p2|Gengar, F|
|poke|p2|Thundurus, M|
|teampreview
|inactive|Battle timer is ON: inactive players will automatically lose when time's up. (requested by mr.creep69)
|
|t:|1760396694
|teamsize|p1|6
|teamsize|p2|6
|start
|switch|p1a: Gliscor|Gliscor, F, shiny|100/100
|switch|p2a: Gengar|Gengar, F|100/100
|turn|1
|
|t:|1760396711
|move|p1a: Gliscor|Protect|p1a: Gliscor
|-singleturn|p1a: Gliscor|Protect
|move|p2a: Gengar|Toxic Spikes|p1a: Gliscor
|-sidestart|p1: megakips228|move: Toxic Spikes
|
|-status|p1a: Gliscor|tox|[from] item: Toxic Orb
|upkeep
|turn|2
|
|t:|1760396718
|move|p2a: Gengar|Encore|p1a: Gliscor
|-start|p1a: Gliscor|Encore
|move|p1a: Gliscor|Protect||[still]
|-fail|p1a: Gliscor
|
|upkeep
|turn|3
|
|t:|1760396725
|switch|p1a: Glimmora|Glimmora, M, shiny|100/100
|-sideend|p1: megakips228|move: Toxic Spikes|[of] p1a: Glimmora
|move|p2a: Gengar|Toxic Spikes|p1a: Glimmora
|-sidestart|p1: megakips228|move: Toxic Spikes
|
|upkeep
|turn|4
|
|t:|1760396731
|switch|p1a: Gliscor|Gliscor, F, shiny|100/100 tox
|move|p2a: Gengar|Curse|p1a: Gliscor
|-start|p1a: Gliscor|Curse|[of] p2a: Gengar
|-damage|p2a: Gengar|50/100
|
|-damage|p1a: Gliscor|75/100 tox|[from] Curse
|upkeep
|turn|5
|
|t:|1760396746
|switch|p2a: Manaphy|Manaphy|100/100
|move|p1a: Gliscor|Knock Off|p2a: Manaphy
|-damage|p2a: Manaphy|68/100
|-enditem|p2a: Manaphy|Salac Berry|[from] move: Knock Off|[of] p1a: Gliscor
|
|-heal|p1a: Gliscor|88/100 tox|[from] ability: Poison Heal
|-damage|p1a: Gliscor|63/100 tox|[from] Curse
|upkeep
|turn|6
|
|t:|1760396763
|switch|p1a: Glimmora|Glimmora, M, shiny|100/100
|-sideend|p1: megakips228|move: Toxic Spikes|[of] p1a: Glimmora
|move|p2a: Manaphy|Tail Glow|p2a: Manaphy
|-boost|p2a: Manaphy|spa|3
|
|upkeep
|turn|7
|
|t:|1760396770
|switch|p1a: Dondozo|Dondozo, M, shiny|100/100
|move|p2a: Manaphy|Surf|p1a: Dondozo
|-resisted|p1a: Dondozo
|-damage|p1a: Dondozo|83/100
|
|-heal|p1a: Dondozo|89/100|[from] item: Leftovers
|upkeep
|turn|8
|
|t:|1760396779
|-terastallize|p1a: Dondozo|Dragon
|move|p2a: Manaphy|Energy Ball|p1a: Dondozo
|-resisted|p1a: Dondozo
|-damage|p1a: Dondozo|76/100
|move|p1a: Dondozo|Curse|p1a: Dondozo
|-unboost|p1a: Dondozo|spe|1
|-boost|p1a: Dondozo|atk|1
|-boost|p1a: Dondozo|def|1
|
|-heal|p1a: Dondozo|82/100|[from] item: Leftovers
|upkeep
|turn|9
|c|☆mr.creep69|I hate this stupid fucking fish dude 😭😭😭😭
|
|t:|1760396807
|switch|p2a: Thundurus|Thundurus, M|100/100
|move|p1a: Dondozo|Waterfall|p2a: Thundurus
|-damage|p2a: Thundurus|39/100
|
|-heal|p1a: Dondozo|88/100|[from] item: Leftovers
|upkeep
|turn|10
|inactive|mr.creep69 has 120 seconds left.
|
|t:|1760396822
|move|p2a: Thundurus|Nasty Plot|p2a: Thundurus
|-boost|p2a: Thundurus|spa|2
|move|p1a: Dondozo|Waterfall|p2a: Thundurus
|-damage|p2a: Thundurus|0 fnt
|faint|p2a: Thundurus
|
|-heal|p1a: Dondozo|94/100|[from] item: Leftovers
|upkeep
|inactive|mr.creep69 has 120 seconds left.
|
|t:|1760396841
|switch|p2a: Gengar|Gengar, F|50/100
|turn|11
|
|t:|1760396847
|move|p2a: Gengar|Clear Smog|p1a: Dondozo
|-crit|p1a: Dondozo
|-damage|p1a: Dondozo|65/100
|-clearboost|p1a: Dondozo
|move|p1a: Dondozo|Waterfall|p2a: Gengar
|-damage|p2a: Gengar|6/100
|
|-heal|p1a: Dondozo|71/100|[from] item: Leftovers
|upkeep
|turn|12
|inactive|mr.creep69 has 120 seconds left.
|
|t:|1760396859
|move|p2a: Gengar|Curse|p1a: Dondozo
|-start|p1a: Dondozo|Curse|[of] p2a: Gengar
|-damage|p2a: Gengar|0 fnt
|faint|p2a: Gengar
|move|p1a: Dondozo|Waterfall|p2: Gengar|[notarget]
|-fail|p1a: Dondozo
|
|-heal|p1a: Dondozo|77/100|[from] item: Leftovers
|-damage|p1a: Dondozo|52/100|[from] Curse
|upkeep
|
|t:|1760396868
|switch|p2a: Blaziken|Blaziken, M|100/100
|turn|13
|
|t:|1760396874
|move|p2a: Blaziken|Endure|p2a: Blaziken
|-singleturn|p2a: Blaziken|move: Endure
|move|p1a: Dondozo|Waterfall|p2a: Blaziken
|-supereffective|p2a: Blaziken
|-damage|p2a: Blaziken|21/100
|-enditem|p2a: Blaziken|Weakness Policy
|-boost|p2a: Blaziken|atk|2|[from] item: Weakness Policy
|-boost|p2a: Blaziken|spa|2|[from] item: Weakness Policy
|
|-heal|p1a: Dondozo|59/100|[from] item: Leftovers
|-damage|p1a: Dondozo|34/100|[from] Curse
|-ability|p2a: Blaziken|Speed Boost|boost
|-boost|p2a: Blaziken|spe|1
|upkeep
|turn|14
|
|t:|1760396889
|switch|p1a: Glimmora|Glimmora, M, shiny|100/100
|move|p2a: Blaziken|Earthquake|p1a: Glimmora
|-supereffective|p1a: Glimmora
|-damage|p1a: Glimmora|0 fnt
|-activate|p1a: Glimmora|ability: Toxic Debris
|-sidestart|p2: mr.creep69|move: Toxic Spikes
|faint|p1a: Glimmora
|
|-ability|p2a: Blaziken|Speed Boost|boost
|-boost|p2a: Blaziken|spe|1
|upkeep
|
|t:|1760396893
|switch|p1a: Dondozo|Dondozo, M, shiny, tera:Dragon|34/100
|turn|15
|
|t:|1760396906
|move|p2a: Blaziken|Earthquake|p1a: Dondozo
|-damage|p1a: Dondozo|19/100
|move|p1a: Dondozo|Rest|p1a: Dondozo
|-status|p1a: Dondozo|slp|[from] move: Rest
|-heal|p1a: Dondozo|100/100 slp|[silent]
|
|-ability|p2a: Blaziken|Speed Boost|boost
|-boost|p2a: Blaziken|spe|1
|upkeep
|turn|16
|
|t:|1760396916
|move|p2a: Blaziken|Swords Dance|p2a: Blaziken
|-boost|p2a: Blaziken|atk|2
|cant|p1a: Dondozo|slp
|move|p1a: Dondozo|Sleep Talk|p1a: Dondozo
|move|p1a: Dondozo|Curse|p1a: Dondozo|[from] move: Sleep Talk
|-unboost|p1a: Dondozo|spe|1
|-boost|p1a: Dondozo|atk|1
|-boost|p1a: Dondozo|def|1
|
|-ability|p2a: Blaziken|Speed Boost|boost
|-boost|p2a: Blaziken|spe|1
|upkeep
|turn|17
|inactive|megakips228 has 120 seconds left.
|inactive|mr.creep69 has 120 seconds left.
|
|t:|1760396960
|switch|p2a: Garganacl|Garganacl, F|100/100
|cant|p1a: Dondozo|slp
|move|p1a: Dondozo|Sleep Talk|p1a: Dondozo
|move|p1a: Dondozo|Waterfall|p2a: Garganacl|[from] move: Sleep Talk
|-supereffective|p2a: Garganacl
|-damage|p2a: Garganacl|56/100
|
|-heal|p2a: Garganacl|62/100|[from] item: Leftovers
|upkeep
|turn|18
|inactive|mr.creep69 has 120 seconds left.
|
|t:|1760396972
|move|p2a: Garganacl|Salt Cure|p1a: Dondozo
|-damage|p1a: Dondozo|96/100 slp
|-start|p1a: Dondozo|Salt Cure
|-curestatus|p1a: Dondozo|slp|[msg]
|move|p1a: Dondozo|Waterfall|p2a: Garganacl
|-supereffective|p2a: Garganacl
|-damage|p2a: Garganacl|17/100
|
|-heal|p2a: Garganacl|23/100|[from] item: Leftovers
|-heal|p1a: Dondozo|100/100|[from] item: Leftovers
|-damage|p1a: Dondozo|88/100|[from] Salt Cure
|upkeep
|turn|19
|inactive|mr.creep69 has 120 seconds left.
|inactive|megakips228 has 120 seconds left.
|
|t:|1760396985
|move|p2a: Garganacl|Recover|p2a: Garganacl
|-heal|p2a: Garganacl|73/100
|move|p1a: Dondozo|Waterfall|p2a: Garganacl
|-supereffective|p2a: Garganacl
|-damage|p2a: Garganacl|30/100
|
|-heal|p2a: Garganacl|36/100|[from] item: Leftovers
|-heal|p1a: Dondozo|94/100|[from] item: Leftovers
|-damage|p1a: Dondozo|82/100|[from] Salt Cure
|upkeep
|turn|20
|inactive|mr.creep69 has 120 seconds left.
|
|t:|1760396995
|move|p2a: Garganacl|Recover|p2a: Garganacl
|-heal|p2a: Garganacl|86/100
|move|p1a: Dondozo|Curse|p1a: Dondozo
|-unboost|p1a: Dondozo|spe|1
|-boost|p1a: Dondozo|atk|1
|-boost|p1a: Dondozo|def|1
|
|-heal|p2a: Garganacl|93/100|[from] item: Leftovers
|-heal|p1a: Dondozo|88/100|[from] item: Leftovers
|-damage|p1a: Dondozo|75/100|[from] Salt Cure
|upkeep
|turn|21
|inactive|mr.creep69 has 120 seconds left.
|inactive|megakips228 has 120 seconds left.
|inactive|megakips228 has 90 seconds left.
|
|t:|1760397067
|move|p2a: Garganacl|Curse|p2a: Garganacl
|-unboost|p2a: Garganacl|spe|1
|-boost|p2a: Garganacl|atk|1
|-boost|p2a: Garganacl|def|1
|move|p1a: Dondozo|Waterfall|p2a: Garganacl
|-supereffective|p2a: Garganacl
|-damage|p2a: Garganacl|32/100
|
|-heal|p2a: Garganacl|38/100|[from] item: Leftovers
|-heal|p1a: Dondozo|81/100|[from] item: Leftovers
|-damage|p1a: Dondozo|69/100|[from] Salt Cure
|upkeep
|turn|22
|inactive|mr.creep69 has 120 seconds left.
|
|t:|1760397082
|move|p2a: Garganacl|Recover|p2a: Garganacl
|-heal|p2a: Garganacl|88/100
|move|p1a: Dondozo|Waterfall|p2a: Garganacl
|-supereffective|p2a: Garganacl
|-damage|p2a: Garganacl|35/100
|
|-heal|p2a: Garganacl|42/100|[from] item: Leftovers
|-heal|p1a: Dondozo|75/100|[from] item: Leftovers
|-damage|p1a: Dondozo|63/100|[from] Salt Cure
|upkeep
|turn|23
|inactive|mr.creep69 has 120 seconds left.
|inactive|megakips228 has 60 seconds left.
|
|t:|1760397111
|switch|p2a: Manaphy|Manaphy|68/100
|-status|p2a: Manaphy|psn
|move|p1a: Dondozo|Waterfall|p2a: Manaphy
|-resisted|p2a: Manaphy
|-crit|p2a: Manaphy
|-damage|p2a: Manaphy|27/100 psn
|
|-heal|p1a: Dondozo|69/100|[from] item: Leftovers
|-damage|p2a: Manaphy|15/100 psn|[from] psn
|-damage|p1a: Dondozo|56/100|[from] Salt Cure
|upkeep
|turn|24
|inactive|mr.creep69 has 90 seconds left.
|
|t:|1760397141
|move|p2a: Manaphy|Surf|p1a: Dondozo
|-resisted|p1a: Dondozo
|-damage|p1a: Dondozo|39/100
|move|p1a: Dondozo|Waterfall|p2a: Manaphy
|-resisted|p2a: Manaphy
|-damage|p2a: Manaphy|0 fnt
|faint|p2a: Manaphy
|
|-heal|p1a: Dondozo|45/100|[from] item: Leftovers
|-damage|p1a: Dondozo|33/100|[from] Salt Cure
|upkeep
|
|t:|1760397163
|switch|p2a: Garganacl|Garganacl, F|42/100
|turn|25
|
|t:|1760397170
|move|p2a: Garganacl|Salt Cure|p1a: Dondozo
|-damage|p1a: Dondozo|29/100
|move|p1a: Dondozo|Waterfall|p2a: Garganacl
|-supereffective|p2a: Garganacl
|-damage|p2a: Garganacl|0 fnt
|faint|p2a: Garganacl
|
|-heal|p1a: Dondozo|36/100|[from] item: Leftovers
|-damage|p1a: Dondozo|23/100|[from] Salt Cure
|upkeep
|
|t:|1760397182
|switch|p2a: Scizor|Scizor, M|100/100
|turn|26
|
|t:|1760397202
|move|p2a: Scizor|Bullet Punch|p1a: Dondozo
|-damage|p1a: Dondozo|15/100
|move|p1a: Dondozo|Rest|p1a: Dondozo
|-status|p1a: Dondozo|slp|[from] move: Rest
|-heal|p1a: Dondozo|100/100 slp|[silent]
|
|-damage|p1a: Dondozo|88/100 slp|[from] Salt Cure
|upkeep
|turn|27
|inactive|megakips228 has 90 seconds left.
|
|t:|1760397229
|move|p2a: Scizor|Swords Dance|p2a: Scizor
|-boost|p2a: Scizor|atk|2
|cant|p1a: Dondozo|slp
|move|p1a: Dondozo|Sleep Talk|p1a: Dondozo
|move|p1a: Dondozo|Curse|p1a: Dondozo|[from] move: Sleep Talk
|-unboost|p1a: Dondozo|spe|1
|-boost|p1a: Dondozo|atk|1
|-boost|p1a: Dondozo|def|1
|
|-heal|p1a: Dondozo|94/100 slp|[from] item: Leftovers
|-damage|p1a: Dondozo|82/100 slp|[from] Salt Cure
|upkeep
|turn|28
|
|t:|1760397247
|move|p2a: Scizor|Swords Dance|p2a: Scizor
|-boost|p2a: Scizor|atk|2
|cant|p1a: Dondozo|slp
|move|p1a: Dondozo|Sleep Talk|p1a: Dondozo
|move|p1a: Dondozo|Curse|p1a: Dondozo|[from] move: Sleep Talk
|-unboost|p1a: Dondozo|spe|1
|-boost|p1a: Dondozo|atk|1
|-boost|p1a: Dondozo|def|1
|
|-heal|p1a: Dondozo|88/100 slp|[from] item: Leftovers
|-damage|p1a: Dondozo|75/100 slp|[from] Salt Cure
|upkeep
|turn|29
|inactive|megakips228 has 90 seconds left.
|inactive|mr.creep69 has 60 seconds left.
|
|t:|1760397269
|move|p2a: Scizor|Swords Dance|p2a: Scizor
|-boost|p2a: Scizor|atk|2
|-curestatus|p1a: Dondozo|slp|[msg]
|move|p1a: Dondozo|Waterfall|p2a: Scizor
|-damage|p2a: Scizor|15/100
|
|-heal|p2a: Scizor|21/100|[from] item: Leftovers
|-heal|p1a: Dondozo|81/100|[from] item: Leftovers
|-damage|p1a: Dondozo|69/100|[from] Salt Cure
|upkeep
|turn|30
|inactive|mr.creep69 has 60 seconds left.
|
|t:|1760397293
|move|p2a: Scizor|X-Scissor|p1a: Dondozo
|-damage|p1a: Dondozo|62/100
|move|p1a: Dondozo|Waterfall|p2a: Scizor
|-damage|p2a: Scizor|0 fnt
|faint|p2a: Scizor
|
|-heal|p1a: Dondozo|68/100|[from] item: Leftovers
|-damage|p1a: Dondozo|55/100|[from] Salt Cure
|upkeep
|
|t:|1760397305
|switch|p2a: Blaziken|Blaziken, M|21/100
|-status|p2a: Blaziken|psn
|turn|31
|-message|mr.creep69 forfeited.
|
|win|megakips228
