|j|☆AbbeCey
|j|☆witdflow
|t:|1760333507
|gametype|singles
|player|p1|AbbeCey|benga|1277
|player|p2|witdflow|norman|1277
|gen|9
|tier|[Gen 9] OU
|rated|
|rule|HP Percentage Mod: HP is shown in percentages
|rule|Endless Battle Clause: Forcing endless battles is banned
|rule|Species Clause: Limit one of each Pokémon
|rule|OHKO Clause: OHKO moves are banned
|rule|Evasion Items Clause: Evasion items are banned
|rule|Evasion Moves Clause: Evasion moves are banned
|rule|Evasion Abilities Clause: Evasion abilities are banned
|rule|Sleep Moves Clause: Sleep-inducing moves are banned
|clearpoke
|poke|p1|Iron Crown|
|poke|p1|Samurott-Hisui, F|
|poke|p1|Zapdos|
|poke|p1|Dragapult, M|
|poke|p1|Great Tusk|
|poke|p1|Iron Boulder|
|poke|p2|Clefable, F|
|poke|p2|Slowking-Galar, M|
|poke|p2|Alomomola, F|
|poke|p2|Ting-Lu|
|poke|p2|Ditto|
|poke|p2|Kyurem|
|teampreview
|inactive|Battle timer is ON: inactive players will automatically lose when time's up. (requested by AbbeCey)
|
|t:|1760333513
|teamsize|p1|6
|teamsize|p2|6
|start
|switch|p1a: Everytime We Touch|Samurott-Hisui, F, shiny|100/100
|switch|p2a: Ditto|Ditto|100/100
|-transform|p2a: Ditto|p1a: Everytime We Touch|[from] ability: Imposter
|turn|1
|
|t:|1760333521
|move|p1a: Everytime We Touch|Sacred Sword|p2a: Ditto
|-supereffective|p2a: Ditto
|-enditem|p2a: Ditto|Focus Sash
|-damage|p2a: Ditto|1/100
|move|p2a: Ditto|Sacred Sword|p1a: Everytime We Touch
|-supereffective|p1a: Everytime We Touch
|-damage|p1a: Everytime We Touch|0 fnt
|faint|p1a: Everytime We Touch
|
|upkeep
|
|t:|1760333531
|switch|p1a: Parasite|Dragapult, M|100/100
|turn|2
|
|t:|1760333538
|switch|p2a: Clefable|Clefable, F, shiny|100/100
|move|p1a: Parasite|U-turn|p2a: Clefable
|-resisted|p2a: Clefable
|-damage|p2a: Clefable|81/100
|
|t:|1760333544
|switch|p1a: Mindreader|Iron Crown|100/100|[from] U-turn
|
|-heal|p2a: Clefable|87/100|[from] item: Leftovers
|upkeep
|turn|3
|
|t:|1760333555
|switch|p2a: Ting-Lu|Ting-Lu, shiny|100/100
|-ability|p2a: Ting-Lu|Vessel of Ruin
|move|p1a: Mindreader|Volt Switch|p2a: Ting-Lu
|-immune|p2a: Ting-Lu
|
|upkeep
|turn|4
|
|t:|1760333563
|-end|p1a: Mindreader|Quark Drive|[silent]
|switch|p1a: Pump It|Great Tusk|100/100
|move|p2a: Ting-Lu|Ruination|p1a: Pump It|[miss]
|-miss|p2a: Ting-Lu|p1a: Pump It
|
|upkeep
|turn|5
|
|t:|1760333571
|switch|p2a: Ditto|Ditto|1/100
|-transform|p2a: Ditto|p1a: Pump It|[from] ability: Imposter
|move|p1a: Pump It|Stealth Rock|p2a: Ditto
|-sidestart|p2: witdflow|move: Stealth Rock
|
|upkeep
|turn|6
|
|t:|1760333582
|move|p1a: Pump It|Rapid Spin|p2a: Ditto
|-damage|p2a: Ditto|0 fnt
|-boost|p1a: Pump It|spe|1
|faint|p2a: Ditto
|-end|p2a: Ditto|Protosynthesis|[silent]
|
|upkeep
|
|t:|1760333587
|switch|p2a: Alomomola|Alomomola, F|100/100
|-damage|p2a: Alomomola|88/100|[from] Stealth Rock
|turn|7
|
|t:|1760333592
|move|p1a: Pump It|Headlong Rush|p2a: Alomomola
|-damage|p2a: Alomomola|54/100
|-unboost|p1a: Pump It|def|1
|-unboost|p1a: Pump It|spd|1
|-damage|p1a: Pump It|84/100|[from] item: Rocky Helmet|[of] p2a: Alomomola
|move|p2a: Alomomola|Flip Turn|p1a: Pump It
|-supereffective|p1a: Pump It
|-damage|p1a: Pump It|48/100
|
|t:|1760333599
|switch|p2a: Kyurem|Kyurem|100/100|[from] Flip Turn
|-damage|p2a: Kyurem|76/100|[from] Stealth Rock
|-ability|p2a: Kyurem|Pressure
|
|-heal|p2a: Kyurem|82/100|[from] item: Leftovers
|upkeep
|turn|8
|
|t:|1760333609
|move|p2a: Kyurem|Protect|p2a: Kyurem
|-singleturn|p2a: Kyurem|Protect
|move|p1a: Pump It|Headlong Rush|p2a: Kyurem
|-activate|p2a: Kyurem|move: Protect
|
|-heal|p2a: Kyurem|88/100|[from] item: Leftovers
|upkeep
|turn|9
|
|t:|1760333618
|switch|p2a: Alomomola|Alomomola, F|87/100
|-damage|p2a: Alomomola|75/100|[from] Stealth Rock
|move|p1a: Pump It|Headlong Rush|p2a: Alomomola
|-damage|p2a: Alomomola|43/100
|-unboost|p1a: Pump It|def|1
|-unboost|p1a: Pump It|spd|1
|-damage|p1a: Pump It|32/100|[from] item: Rocky Helmet|[of] p2a: Alomomola
|
|upkeep
|turn|10
|
|t:|1760333629
|-end|p1a: Pump It|Protosynthesis|[silent]
|switch|p1a: Mindreader|Iron Crown|100/100
|move|p2a: Alomomola|Wish|p2a: Alomomola
|
|upkeep
|turn|11
|
|t:|1760333635
|move|p2a: Alomomola|Protect|p2a: Alomomola
|-singleturn|p2a: Alomomola|Protect
|move|p1a: Mindreader|Tachyon Cutter|p2a: Alomomola
|-activate|p2a: Alomomola|move: Protect
|
|-heal|p2a: Alomomola|93/100|[from] move: Wish|[wisher] Alomomola
|upkeep
|turn|12
|
|t:|1760333644
|switch|p2a: Ting-Lu|Ting-Lu, shiny|100/100
|-damage|p2a: Ting-Lu|94/100|[from] Stealth Rock
|-ability|p2a: Ting-Lu|Vessel of Ruin
|move|p1a: Mindreader|Tachyon Cutter|p2a: Ting-Lu
|-damage|p2a: Ting-Lu|79/100
|-damage|p2a: Ting-Lu|62/100
|-hitcount|p2a: Ting-Lu|2
|
|-heal|p2a: Ting-Lu|69/100|[from] item: Leftovers
|upkeep
|turn|13
|
|t:|1760333656
|-end|p1a: Mindreader|Quark Drive|[silent]
|switch|p1a: Hurikan|Zapdos, shiny|100/100
|move|p2a: Ting-Lu|Ruination|p1a: Hurikan
|-damage|p1a: Hurikan|51/100
|
|-heal|p2a: Ting-Lu|75/100|[from] item: Leftovers
|upkeep
|turn|14
|
|t:|1760333665
|move|p1a: Hurikan|Roost|p1a: Hurikan
|-heal|p1a: Hurikan|100/100
|-singleturn|p1a: Hurikan|move: Roost
|move|p2a: Ting-Lu|Ruination|p1a: Hurikan
|-damage|p1a: Hurikan|51/100
|
|-heal|p2a: Ting-Lu|81/100|[from] item: Leftovers
|upkeep
|turn|15
|
|t:|1760333675
|move|p1a: Hurikan|U-turn|p2a: Ting-Lu
|-supereffective|p2a: Ting-Lu
|-damage|p2a: Ting-Lu|68/100
|
|t:|1760333681
|switch|p1a: Pump It|Great Tusk|32/100|[from] U-turn
|move|p2a: Ting-Lu|Ruination|p1a: Pump It
|-damage|p1a: Pump It|16/100
|
|-heal|p2a: Ting-Lu|74/100|[from] item: Leftovers
|upkeep
|turn|16
|
|t:|1760333692
|switch|p2a: Alomomola|Alomomola, F|100/100
|-damage|p2a: Alomomola|88/100|[from] Stealth Rock
|move|p1a: Pump It|Headlong Rush|p2a: Alomomola
|-damage|p2a: Alomomola|57/100
|-unboost|p1a: Pump It|def|1
|-unboost|p1a: Pump It|spd|1
|-damage|p1a: Pump It|0 fnt|[from] item: Rocky Helmet|[of] p2a: Alomomola
|faint|p1a: Pump It
|-end|p1a: Pump It|Protosynthesis|[silent]
|
|upkeep
|
|t:|1760333703
|switch|p1a: Hurikan|Zapdos, shiny|51/100
|turn|17
|
|t:|1760333707
|switch|p2a: Ting-Lu|Ting-Lu, shiny|74/100
|-damage|p2a: Ting-Lu|68/100|[from] Stealth Rock
|-ability|p2a: Ting-Lu|Vessel of Ruin
|move|p1a: Hurikan|Roost|p1a: Hurikan
|-heal|p1a: Hurikan|100/100
|-singleturn|p1a: Hurikan|move: Roost
|
|-heal|p2a: Ting-Lu|74/100|[from] item: Leftovers
|upkeep
|turn|18
|
|t:|1760333719
|move|p1a: Hurikan|Hurricane|p2a: Ting-Lu
|-crit|p2a: Ting-Lu
|-damage|p2a: Ting-Lu|47/100
|move|p2a: Ting-Lu|Ruination|p1a: Hurikan
|-damage|p1a: Hurikan|51/100
|
|-heal|p2a: Ting-Lu|53/100|[from] item: Leftovers
|upkeep
|turn|19
|
|t:|1760333728
|move|p1a: Hurikan|Hurricane|p2a: Ting-Lu
|-damage|p2a: Ting-Lu|33/100
|-start|p2a: Ting-Lu|confusion
|-activate|p2a: Ting-Lu|confusion
|-damage|p2a: Ting-Lu|28/100|[from] confusion
|
|-heal|p2a: Ting-Lu|34/100|[from] item: Leftovers
|upkeep
|turn|20
|
|t:|1760333738
|move|p1a: Hurikan|Roost|p1a: Hurikan
|-heal|p1a: Hurikan|100/100
|-singleturn|p1a: Hurikan|move: Roost
|-activate|p2a: Ting-Lu|confusion
|move|p2a: Ting-Lu|Rest|p2a: Ting-Lu
|-status|p2a: Ting-Lu|slp|[from] move: Rest
|-heal|p2a: Ting-Lu|100/100 slp|[silent]
|
|upkeep
|turn|21
|
|t:|1760333747
|switch|p1a: Mindreader|Iron Crown|100/100
|cant|p2a: Ting-Lu|slp
|
|upkeep
|turn|22
|
|t:|1760333754
|-terastallize|p1a: Mindreader|Fighting
|move|p1a: Mindreader|Tera Blast|p2a: Ting-Lu|[anim] Tera Blast Fighting
|-supereffective|p2a: Ting-Lu
|-damage|p2a: Ting-Lu|55/100 slp
|cant|p2a: Ting-Lu|slp
|
|-heal|p2a: Ting-Lu|61/100 slp|[from] item: Leftovers
|upkeep
|turn|23
|
|t:|1760333764
|move|p1a: Mindreader|Tera Blast|p2a: Ting-Lu|[anim] Tera Blast Fighting
|-supereffective|p2a: Ting-Lu
|-damage|p2a: Ting-Lu|9/100 slp
|-curestatus|p2a: Ting-Lu|slp|[msg]
|-activate|p2a: Ting-Lu|confusion
|-damage|p2a: Ting-Lu|4/100|[from] confusion
|
|-heal|p2a: Ting-Lu|10/100|[from] item: Leftovers
|upkeep
|turn|24
|
|t:|1760333774
|move|p1a: Mindreader|Tera Blast|p2a: Ting-Lu|[anim] Tera Blast Fighting
|-supereffective|p2a: Ting-Lu
|-damage|p2a: Ting-Lu|0 fnt
|faint|p2a: Ting-Lu
|
|upkeep
|
|t:|1760333778
|switch|p2a: Slowking|Slowking-Galar, M, shiny|100/100
|-damage|p2a: Slowking|88/100|[from] Stealth Rock
|turn|25
|
|t:|1760333784
|-end|p1a: Mindreader|Quark Drive|[silent]
|switch|p1a: Parasite|Dragapult, M|100/100
|move|p2a: Slowking|Future Sight|p1a: Parasite
|-start|p2a: Slowking|move: Future Sight
|
|-heal|p2a: Slowking|94/100|[from] item: Leftovers
|upkeep
|turn|26
|
|t:|1760333792
|move|p1a: Parasite|U-turn|p2a: Slowking
|-damage|p2a: Slowking|59/100
|
|t:|1760333794
|switch|p1a: Hurikan|Zapdos, shiny|100/100|[from] U-turn
|move|p2a: Slowking|Thunder Wave|p1a: Hurikan|[miss]
|-miss|p2a: Slowking|p1a: Hurikan
|
|-heal|p2a: Slowking|65/100|[from] item: Leftovers
|upkeep
|turn|27
|
|t:|1760333805
|move|p1a: Hurikan|Discharge|p2a: Slowking
|-crit|p2a: Slowking
|-damage|p2a: Slowking|34/100
|move|p2a: Slowking|Ice Beam|p1a: Hurikan
|-supereffective|p1a: Hurikan
|-damage|p1a: Hurikan|54/100
|
|-end|p1a: Hurikan|move: Future Sight
|-damage|p1a: Hurikan|13/100
|-heal|p2a: Slowking|40/100|[from] item: Leftovers
|upkeep
|turn|28
|
|t:|1760333816
|move|p1a: Hurikan|Roost|p1a: Hurikan
|-heal|p1a: Hurikan|63/100
|-singleturn|p1a: Hurikan|move: Roost
|move|p2a: Slowking|Future Sight|p1a: Hurikan
|-start|p2a: Slowking|move: Future Sight
|
|-heal|p2a: Slowking|46/100|[from] item: Leftovers
|upkeep
|turn|29
|
|t:|1760333825
|move|p1a: Hurikan|U-turn|p2a: Slowking
|-damage|p2a: Slowking|32/100
|
|t:|1760333827
|switch|p1a: Revery|Iron Boulder|100/100|[from] U-turn
|-enditem|p1a: Revery|Booster Energy
|-activate|p1a: Revery|ability: Quark Drive|[fromitem]
|-start|p1a: Revery|quarkdrivespe
|move|p2a: Slowking|Toxic Spikes|p1a: Revery
|-sidestart|p1: AbbeCey|move: Toxic Spikes
|
|-heal|p2a: Slowking|39/100|[from] item: Leftovers
|upkeep
|turn|30
|
|t:|1760333839
|switch|p2a: Alomomola|Alomomola, F|90/100
|-damage|p2a: Alomomola|78/100|[from] Stealth Rock
|move|p1a: Revery|Swords Dance|p1a: Revery
|-boost|p1a: Revery|atk|2
|
|-end|p1a: Revery|move: Future Sight
|-resisted|p1a: Revery
|-damage|p1a: Revery|79/100
|upkeep
|turn|31
|
|t:|1760333851
|move|p1a: Revery|Zen Headbutt|p2a: Alomomola
|-damage|p2a: Alomomola|36/100
|-damage|p1a: Revery|62/100|[from] item: Rocky Helmet|[of] p2a: Alomomola
|move|p2a: Alomomola|Flip Turn|p1a: Revery
|-supereffective|p1a: Revery
|-damage|p1a: Revery|17/100
|
|t:|1760333861
|switch|p2a: Clefable|Clefable, F, shiny|87/100|[from] Flip Turn
|-damage|p2a: Clefable|74/100|[from] Stealth Rock
|
|-heal|p2a: Clefable|80/100|[from] item: Leftovers
|upkeep
|turn|32
|
|t:|1760333873
|-terastallize|p2a: Clefable|Steel
|move|p1a: Revery|Mighty Cleave|p2a: Clefable
|-resisted|p2a: Clefable
|-damage|p2a: Clefable|54/100
|move|p2a: Clefable|Knock Off|p1a: Revery
|-supereffective|p1a: Revery
|-damage|p1a: Revery|0 fnt
|faint|p1a: Revery
|-end|p1a: Revery|Quark Drive|[silent]
|
|-heal|p2a: Clefable|60/100|[from] item: Leftovers
|upkeep
|
|t:|1760333884
|switch|p1a: Mindreader|Iron Crown, tera:Fighting|100/100
|-status|p1a: Mindreader|psn
|turn|33
|
|t:|1760333892
|move|p1a: Mindreader|Volt Switch|p2a: Clefable
|-damage|p2a: Clefable|37/100
|
|t:|1760333895
|-end|p1a: Mindreader|Quark Drive|[silent]
|switch|p1a: Hurikan|Zapdos, shiny|63/100|[from] Volt Switch
|move|p2a: Clefable|Moonblast|p1a: Hurikan
|-damage|p1a: Hurikan|30/100
|-unboost|p1a: Hurikan|spa|1
|
|-heal|p2a: Clefable|43/100|[from] item: Leftovers
|upkeep
|turn|34
|
|t:|1760333906
|move|p1a: Hurikan|Roost|p1a: Hurikan
|-heal|p1a: Hurikan|80/100
|-singleturn|p1a: Hurikan|move: Roost
|move|p2a: Clefable|Wish|p2a: Clefable
|
|-heal|p2a: Clefable|49/100|[from] item: Leftovers
|upkeep
|turn|35
|
|t:|1760333915
|switch|p1a: Mindreader|Iron Crown, tera:Fighting|100/100 psn
|move|p2a: Clefable|Knock Off|p1a: Mindreader
|-resisted|p1a: Mindreader
|-damage|p1a: Mindreader|92/100 psn
|-enditem|p1a: Mindreader|Choice Specs|[from] move: Knock Off|[of] p2a: Clefable
|
|-heal|p2a: Clefable|99/100|[from] move: Wish|[wisher] Clefable
|-heal|p2a: Clefable|100/100|[from] item: Leftovers
|-damage|p1a: Mindreader|79/100 psn|[from] psn
|upkeep
|turn|36
|
|t:|1760333928
|move|p1a: Mindreader|Psyshock|p2a: Clefable
|-resisted|p2a: Clefable
|-damage|p2a: Clefable|79/100
|move|p2a: Clefable|Wish|p2a: Clefable
|
|-heal|p2a: Clefable|86/100|[from] item: Leftovers
|-damage|p1a: Mindreader|67/100 psn|[from] psn
|upkeep
|turn|37
|
|t:|1760333936
|move|p1a: Mindreader|Tera Blast|p2a: Clefable|[anim] Tera Blast Fighting
|-supereffective|p2a: Clefable
|-damage|p2a: Clefable|36/100
|move|p2a: Clefable|Moonblast|p1a: Mindreader
|-supereffective|p1a: Mindreader
|-damage|p1a: Mindreader|1/100 psn
|
|-heal|p2a: Clefable|86/100|[from] move: Wish|[wisher] Clefable
|-heal|p2a: Clefable|92/100|[from] item: Leftovers
|-damage|p1a: Mindreader|0 fnt|[from] psn
|faint|p1a: Mindreader
|-end|p1a: Mindreader|Quark Drive|[silent]
|upkeep
|
|t:|1760333950
|switch|p1a: Hurikan|Zapdos, shiny|80/100
|turn|38
|
|t:|1760333954
|move|p1a: Hurikan|Discharge|p2a: Clefable
|-damage|p2a: Clefable|69/100
|-status|p2a: Clefable|par
|move|p2a: Clefable|Wish|p2a: Clefable
|
|-heal|p2a: Clefable|75/100 par|[from] item: Leftovers
|upkeep
|turn|39
|
|t:|1760333965
|move|p1a: Hurikan|Discharge|p2a: Clefable
|-damage|p2a: Clefable|54/100 par
|move|p2a: Clefable|Moonblast|p1a: Hurikan
|-damage|p1a: Hurikan|50/100
|
|-heal|p2a: Clefable|100/100 par|[from] move: Wish|[wisher] Clefable
|upkeep
|turn|40
|
|t:|1760333975
|switch|p2a: Kyurem|Kyurem|88/100
|-damage|p2a: Kyurem|63/100|[from] Stealth Rock
|-ability|p2a: Kyurem|Pressure
|move|p1a: Hurikan|Roost|p1a: Hurikan
|-heal|p1a: Hurikan|99/100
|-singleturn|p1a: Hurikan|move: Roost
|
|-heal|p2a: Kyurem|69/100|[from] item: Leftovers
|upkeep
|turn|41
|
|t:|1760333988
|move|p1a: Hurikan|Discharge|p2a: Kyurem
|-resisted|p2a: Kyurem
|-damage|p2a: Kyurem|56/100
|move|p2a: Kyurem|Freeze-Dry|p1a: Hurikan
|-supereffective|p1a: Hurikan
|-damage|p1a: Hurikan|43/100
|
|-heal|p2a: Kyurem|62/100|[from] item: Leftovers
|upkeep
|turn|42
|
|t:|1760333998
|move|p1a: Hurikan|Roost|p1a: Hurikan
|-heal|p1a: Hurikan|93/100
|-singleturn|p1a: Hurikan|move: Roost
|move|p2a: Kyurem|Earth Power|p1a: Hurikan
|-supereffective|p1a: Hurikan
|-damage|p1a: Hurikan|43/100
|
|-heal|p2a: Kyurem|68/100|[from] item: Leftovers
|upkeep
|turn|43
|
|t:|1760334009
|move|p1a: Hurikan|Hurricane|p2a: Kyurem
|-damage|p2a: Kyurem|32/100
|-start|p2a: Kyurem|confusion
|-activate|p2a: Kyurem|confusion
|move|p2a: Kyurem|Substitute|p2a: Kyurem
|-start|p2a: Kyurem|Substitute
|-damage|p2a: Kyurem|7/100
|
|-heal|p2a: Kyurem|13/100|[from] item: Leftovers
|upkeep
|turn|44
|
|t:|1760334019
|move|p1a: Hurikan|Roost|p1a: Hurikan
|-heal|p1a: Hurikan|93/100
|-singleturn|p1a: Hurikan|move: Roost
|-activate|p2a: Kyurem|confusion
|-damage|p2a: Kyurem|7/100|[from] confusion
|
|-heal|p2a: Kyurem|13/100|[from] item: Leftovers
|upkeep
|turn|45
|
|t:|1760334029
|-end|p2a: Kyurem|confusion
|move|p2a: Kyurem|Protect|p2a: Kyurem
|-singleturn|p2a: Kyurem|Protect
|move|p1a: Hurikan|Discharge|p2a: Kyurem
|-activate|p2a: Kyurem|move: Protect
|
|-heal|p2a: Kyurem|20/100|[from] item: Leftovers
|upkeep
|turn|46
|
|t:|1760334039
|move|p1a: Hurikan|Discharge|p2a: Kyurem
|-resisted|p2a: Kyurem
|-activate|p2a: Kyurem|move: Substitute|[damage]
|move|p2a: Kyurem|Freeze-Dry|p1a: Hurikan
|-supereffective|p1a: Hurikan
|-damage|p1a: Hurikan|38/100
|
|-heal|p2a: Kyurem|26/100|[from] item: Leftovers
|upkeep
|turn|47
|
|t:|1760334052
|move|p1a: Hurikan|Hurricane|p2a: Kyurem|[miss]
|-miss|p1a: Hurikan|p2a: Kyurem
|move|p2a: Kyurem|Substitute|p2a: Kyurem
|-fail|p2a: Kyurem|move: Substitute
|
|-heal|p2a: Kyurem|32/100|[from] item: Leftovers
|upkeep
|turn|48
|
|t:|1760334061
|move|p2a: Kyurem|Protect|p2a: Kyurem
|-singleturn|p2a: Kyurem|Protect
|move|p1a: Hurikan|Hurricane|p2a: Kyurem
|-activate|p2a: Kyurem|move: Protect
|
|-heal|p2a: Kyurem|38/100|[from] item: Leftovers
|upkeep
|turn|49
|
|t:|1760334071
|move|p1a: Hurikan|Hurricane|p2a: Kyurem
|-end|p2a: Kyurem|Substitute
|move|p2a: Kyurem|Freeze-Dry|p1a: Hurikan
|-supereffective|p1a: Hurikan
|-damage|p1a: Hurikan|0 fnt
|faint|p1a: Hurikan
|
|-heal|p2a: Kyurem|44/100|[from] item: Leftovers
|upkeep
|
|t:|1760334081
|switch|p1a: Parasite|Dragapult, M|100/100
|-status|p1a: Parasite|psn
|turn|50
|
|t:|1760334086
|move|p1a: Parasite|Dragon Darts|p2a: Kyurem
|-supereffective|p2a: Kyurem
|-damage|p2a: Kyurem|1/100
|-anim|p1a: Parasite|Dragon Darts|p2a: Kyurem
|-supereffective|p2a: Kyurem
|-damage|p2a: Kyurem|0 fnt
|faint|p2a: Kyurem
|
|-damage|p1a: Parasite|88/100 psn|[from] psn
|upkeep
|
|t:|1760334094
|switch|p2a: Alomomola|Alomomola, F|70/100
|-damage|p2a: Alomomola|57/100|[from] Stealth Rock
|turn|51
|
|t:|1760334099
|switch|p2a: Clefable|Clefable, F, shiny, tera:Steel|100/100 par
|-damage|p2a: Clefable|94/100 par|[from] Stealth Rock
|move|p1a: Parasite|Dragon Darts|p2a: Clefable
|-resisted|p2a: Clefable
|-crit|p2a: Clefable
|-damage|p2a: Clefable|61/100 par
|-anim|p1a: Parasite|Dragon Darts|p2a: Clefable
|-resisted|p2a: Clefable
|-damage|p2a: Clefable|42/100 par
|
|-heal|p2a: Clefable|48/100 par|[from] item: Leftovers
|-damage|p1a: Parasite|76/100 psn|[from] psn
|upkeep
|turn|52
|
|t:|1760334111
|move|p1a: Parasite|Dragon Darts|p2a: Clefable
|-resisted|p2a: Clefable
|-damage|p2a: Clefable|27/100 par
|-anim|p1a: Parasite|Dragon Darts|p2a: Clefable
|-resisted|p2a: Clefable
|-damage|p2a: Clefable|6/100 par
|move|p2a: Clefable|Moonblast|p1a: Parasite
|-supereffective|p1a: Parasite
|-damage|p1a: Parasite|0 fnt
|faint|p1a: Parasite
|
|win|witdflow
|raw|AbbeCey's rating: 1277 &rarr; <strong>1252</strong><br />(-25 for losing)
|raw|witdflow's rating: 1277 &rarr; <strong>1302</strong><br />(+25 for winning)
|c|☆witdflow|gg
|l|☆AbbeCey
|player|p1|
|l|☆witdflow
|player|p2|
