|j|☆buttercroissant777
|j|☆felipe01788
|t:|1760437571
|gametype|singles
|player|p1|buttercroissant777|169|1347
|player|p2|felipe01788|blackbelt|1299
|gen|9
|tier|[Gen 9] OU
|rated|
|rule|HP Percentage Mod: HP is shown in percentages
|rule|Endless Battle Clause: Forcing endless battles is banned
|rule|Species Clause: Limit one of each Pokémon
|rule|OHKO Clause: OHKO moves are banned
|rule|Evasion Items Clause: Evasion items are banned
|rule|Evasion Moves Clause: Evasion moves are banned
|rule|Evasion Abilities Clause: Evasion abilities are banned
|rule|Sleep Moves Clause: Sleep-inducing moves are banned
|clearpoke
|poke|p1|Charizard, M|
|poke|p1|Torkoal, M|
|poke|p1|Hatterene, F|
|poke|p1|Great Tusk|
|poke|p1|Lilligant-Hisui, F|
|poke|p1|Walking Wake|
|poke|p2|Garchomp, M|
|poke|p2|Darkrai|
|poke|p2|Gholdengo|
|poke|p2|Ogerpon-Wellspring, F|
|poke|p2|Iron Valiant|
|poke|p2|Iron Treads|
|teampreview
|inactive|Battle timer is ON: inactive players will automatically lose when time's up. (requested by buttercroissant777)
|inactive|felipe01788 has 120 seconds left.
|
|t:|1760437614
|teamsize|p1|6
|teamsize|p2|6
|start
|switch|p1a: 河内恭介|Torkoal, M|100/100
|switch|p2a: Garchomp|Garchomp, M|100/100
|-weather|SunnyDay|[from] ability: Drought|[of] p1a: 河内恭介
|turn|1
|
|t:|1760437622
|move|p2a: Garchomp|Earthquake|p1a: 河内恭介
|-supereffective|p1a: 河内恭介
|-damage|p1a: 河内恭介|55/100
|move|p1a: 河内恭介|Will-O-Wisp|p2a: Garchomp
|-status|p2a: Garchomp|brn
|
|-weather|SunnyDay|[upkeep]
|-damage|p2a: Garchomp|94/100 brn|[from] brn
|upkeep
|turn|2
|
|t:|1760437629
|move|p2a: Garchomp|Earthquake|p1a: 河内恭介
|-supereffective|p1a: 河内恭介
|-damage|p1a: 河内恭介|28/100
|move|p1a: 河内恭介|Stealth Rock|p2a: Garchomp
|-sidestart|p2: felipe01788|move: Stealth Rock
|
|-weather|SunnyDay|[upkeep]
|-damage|p2a: Garchomp|88/100 brn|[from] brn
|upkeep
|turn|3
|
|t:|1760437634
|switch|p1a: 东和马|Charizard, M|100/100
|move|p2a: Garchomp|Stealth Rock|p1a: 东和马
|-sidestart|p1: buttercroissant777|move: Stealth Rock
|
|-weather|SunnyDay|[upkeep]
|-damage|p1a: 东和马|88/100|[from] ability: Solar Power|[of] p1a: 东和马
|-damage|p2a: Garchomp|82/100 brn|[from] brn
|upkeep
|turn|4
|
|t:|1760437639
|move|p1a: 东和马|Overheat|p2a: Garchomp
|-resisted|p2a: Garchomp
|-damage|p2a: Garchomp|0 fnt
|-unboost|p1a: 东和马|spa|2
|faint|p2a: Garchomp
|
|-weather|SunnyDay|[upkeep]
|-damage|p1a: 东和马|76/100|[from] ability: Solar Power|[of] p1a: 东和马
|upkeep
|
|t:|1760437656
|switch|p2a: Iron Treads|Iron Treads|100/100
|-damage|p2a: Iron Treads|98/100|[from] Stealth Rock
|turn|5
|
|t:|1760437665
|-terastallize|p1a: 东和马|Fire
|move|p1a: 东和马|Overheat|p2a: Iron Treads
|-supereffective|p2a: Iron Treads
|-damage|p2a: Iron Treads|0 fnt
|-unboost|p1a: 东和马|spa|2
|faint|p2a: Iron Treads
|-end|p2a: Iron Treads|Quark Drive|[silent]
|
|-weather|SunnyDay|[upkeep]
|-damage|p1a: 东和马|63/100|[from] ability: Solar Power|[of] p1a: 东和马
|upkeep
|-message|felipe01788 forfeited.
|
|win|buttercroissant777
|raw|buttercroissant777's rating: 1347 &rarr; <strong>1364</strong><br />(+17 for winning)
|raw|felipe01788's rating: 1299 &rarr; <strong>1277</strong><br />(-22 for losing)
|l|☆felipe01788
|player|p2|
|l|☆buttercroissant777
|player|p1|
