|j|☆Spartior1
|j|☆LordFueg
|t:|1760368681
|gametype|singles
|player|p1|Spartior1|169|1465
|player|p2|LordFueg|265|1509
|gen|9
|tier|[Gen 9] OU
|rated|
|rule|HP Percentage Mod: HP is shown in percentages
|rule|Endless Battle Clause: Forcing endless battles is banned
|rule|Species Clause: Limit one of each Pokémon
|rule|OHKO Clause: OHKO moves are banned
|rule|Evasion Items Clause: Evasion items are banned
|rule|Evasion Moves Clause: Evasion moves are banned
|rule|Evasion Abilities Clause: Evasion abilities are banned
|rule|Sleep Moves Clause: Sleep-inducing moves are banned
|clearpoke
|poke|p1|Indeedee, M|
|poke|p1|Hatterene, F|
|poke|p1|Ursaluna, M|
|poke|p1|Iron Hands|
|poke|p1|Hoopa-Unbound|
|poke|p1|Mimikyu, M|
|poke|p2|Indeedee, M|
|poke|p2|Hatterene, F|
|poke|p2|Maushold|
|poke|p2|Armarouge, M|
|poke|p2|Polteageist|
|poke|p2|Hawlucha, F|
|teampreview
|inactive|Battle timer is ON: inactive players will automatically lose when time's up. (requested by LordFueg)
|
|t:|1760368694
|teamsize|p1|6
|teamsize|p2|6
|start
|switch|p1a: Hoopa|Hoopa-Unbound|100/100
|switch|p2a: Maushold|Maushold|100/100
|turn|1
|
|t:|1760368704
|switch|p1a: Mimikyu|Mimikyu, M|100/100
|move|p2a: Maushold|Population Bomb|p1a: Mimikyu
|-immune|p1a: Mimikyu
|
|upkeep
|turn|2
|
|t:|1760368715
|move|p2a: Maushold|Bite|p1a: Mimikyu
|-activate|p1a: Mimikyu|ability: Disguise
|-damage|p1a: Mimikyu|100/100
|detailschange|p1a: Mimikyu|Mimikyu-Busted, M
|-damage|p1a: Mimikyu|88/100|[from] pokemon: Mimikyu-Busted
|-enditem|p1a: Mimikyu|Red Card|[of] p2a: Maushold
|drag|p2a: Indeedee|Indeedee, M|100/100
|-fieldstart|move: Psychic Terrain|[from] ability: Psychic Surge|[of] p2a: Indeedee
|move|p1a: Mimikyu|Trick Room|p1a: Mimikyu
|-fieldstart|move: Trick Room|[of] p1a: Mimikyu
|
|upkeep
|turn|3
|
|t:|1760368726
|switch|p1a: Hoopa|Hoopa-Unbound|100/100
|-enditem|p1a: Hoopa|Psychic Seed
|-boost|p1a: Hoopa|spd|1|[from] item: Psychic Seed
|switch|p2a: Hatterene|Hatterene, F|100/100
|
|upkeep
|turn|4
|
|t:|1760368734
|move|p2a: Hatterene|Nuzzle|p1a: Hoopa
|-damage|p1a: Hoopa|96/100
|-status|p1a: Hoopa|par
|move|p1a: Hoopa|Hyperspace Fury|p2a: Hatterene
|-damage|p2a: Hatterene|58/100
|-unboost|p1a: Hoopa|def|1
|-enditem|p2a: Hatterene|Eject Button
|
|t:|1760368753
|switch|p2a: Maushold|Maushold|100/100
|
|upkeep
|turn|5
|
|t:|1760368758
|cant|p1a: Hoopa|par
|move|p2a: Maushold|Population Bomb|p1a: Hoopa
|-damage|p1a: Hoopa|79/100 par
|-damage|p1a: Hoopa|61/100 par
|-damage|p1a: Hoopa|42/100 par
|-damage|p1a: Hoopa|22/100 par
|-damage|p1a: Hoopa|4/100 par
|-damage|p1a: Hoopa|0 fnt
|faint|p1a: Hoopa
|-hitcount|p1: Hoopa|6
|
|upkeep
|
|t:|1760368763
|switch|p1a: Hatterene|Hatterene, F|100/100
|turn|6
|
|t:|1760368772
|move|p1a: Hatterene|Expanding Force|p2a: Maushold
|-damage|p2a: Maushold|0 fnt
|faint|p2a: Maushold
|-damage|p1a: Hatterene|91/100|[from] item: Life Orb
|
|-fieldend|move: Trick Room
|upkeep
|
|t:|1760368781
|switch|p2a: Polteageist|Polteageist|100/100
|turn|7
|
|t:|1760368784
|move|p2a: Polteageist|Shadow Ball|p1a: Hatterene
|-supereffective|p1a: Hatterene
|-damage|p1a: Hatterene|0 fnt
|faint|p1a: Hatterene
|
|upkeep
|
|t:|1760368790
|switch|p1a: Mimikyu|Mimikyu-Busted, M|88/100
|turn|8
|
|t:|1760368795
|move|p2a: Polteageist|Shadow Ball|p1a: Mimikyu
|-supereffective|p1a: Mimikyu
|-damage|p1a: Mimikyu|0 fnt
|faint|p1a: Mimikyu
|
|upkeep
|
|t:|1760368800
|switch|p1a: Ursaluna|Ursaluna, M|100/100
|turn|9
|
|t:|1760368807
|move|p2a: Polteageist|Shell Smash|p2a: Polteageist
|-unboost|p2a: Polteageist|def|1
|-unboost|p2a: Polteageist|spd|1
|-boost|p2a: Polteageist|atk|2
|-boost|p2a: Polteageist|spa|2
|-boost|p2a: Polteageist|spe|2
|move|p1a: Ursaluna|Supercell Slam|p2a: Polteageist
|-enditem|p2a: Polteageist|Focus Sash
|-damage|p2a: Polteageist|1/100
|-ability|p2a: Polteageist|Weak Armor|boost
|-unboost|p2a: Polteageist|def|1
|-boost|p2a: Polteageist|spe|2
|
|-fieldend|move: Psychic Terrain
|-status|p1a: Ursaluna|brn|[from] item: Flame Orb
|upkeep
|turn|10
|
|t:|1760368815
|move|p2a: Polteageist|Stored Power|p1a: Ursaluna
|-damage|p1a: Ursaluna|0 fnt
|faint|p1a: Ursaluna
|
|upkeep
|
|t:|1760368818
|switch|p1a: Indeedee|Indeedee, M|100/100
|-fieldstart|move: Psychic Terrain|[from] ability: Psychic Surge|[of] p1a: Indeedee
|turn|11
|
|t:|1760368826
|-terastallize|p2a: Polteageist|Fighting
|move|p2a: Polteageist|Tera Blast|p1a: Indeedee|[anim] Tera Blast Fighting
|-damage|p1a: Indeedee|0 fnt
|faint|p1a: Indeedee
|
|upkeep
|
|t:|1760368837
|switch|p1a: Brian Hands|Iron Hands, shiny|100/100
|-enditem|p1a: Brian Hands|Booster Energy
|-activate|p1a: Brian Hands|ability: Quark Drive|[fromitem]
|-start|p1a: Brian Hands|quarkdriveatk
|turn|12
|
|t:|1760368843
|-terastallize|p1a: Brian Hands|Steel
|move|p2a: Polteageist|Stored Power|p1a: Brian Hands
|-resisted|p1a: Brian Hands
|-damage|p1a: Brian Hands|29/100
|move|p1a: Brian Hands|Ice Punch|p2a: Polteageist
|-damage|p2a: Polteageist|0 fnt
|faint|p2a: Polteageist
|
|upkeep
|
|t:|1760368853
|switch|p2a: Armarouge|Armarouge, M|100/100
|turn|13
|
|t:|1760368858
|move|p2a: Armarouge|Armor Cannon|p1a: Brian Hands
|-supereffective|p1a: Brian Hands
|-damage|p1a: Brian Hands|0 fnt
|-unboost|p2a: Armarouge|def|1
|-unboost|p2a: Armarouge|spd|1
|faint|p1a: Brian Hands
|-end|p1a: Brian Hands|Quark Drive|[silent]
|
|win|LordFueg
|raw|Spartior1's rating: 1465 &rarr; <strong>1448</strong><br />(-17 for losing)
|raw|LordFueg's rating: 1509 &rarr; <strong>1526</strong><br />(+17 for winning)
|l|☆Spartior1
|player|p1|
|l|☆LordFueg
|player|p2|
