|j|☆HAGallium
|j|☆mandude476
|t:|1760339972
|gametype|singles
|player|p1|HAGallium|misty|1471
|player|p2|mandude476|ghetsis|1529
|gen|9
|tier|[Gen 9] OU
|rated|
|rule|HP Percentage Mod: HP is shown in percentages
|rule|Endless Battle Clause: Forcing endless battles is banned
|rule|Species Clause: Limit one of each Pokémon
|rule|OHKO Clause: OHKO moves are banned
|rule|Evasion Items Clause: Evasion items are banned
|rule|Evasion Moves Clause: Evasion moves are banned
|rule|Evasion Abilities Clause: Evasion abilities are banned
|rule|Sleep Moves Clause: Sleep-inducing moves are banned
|clearpoke
|poke|p1|Rillaboom, M|
|poke|p1|Clodsire, F|
|poke|p1|Cinderace, M|
|poke|p1|Enamorus, F|
|poke|p1|Raging Bolt|
|poke|p1|Corviknight, F|
|poke|p2|Corviknight, M|
|poke|p2|Landorus-Therian, M|
|poke|p2|Gholdengo|
|poke|p2|Arcanine-Hisui, F|
|poke|p2|Samurott-Hisui, M|
|poke|p2|Slowking-Galar, F|
|teampreview
|inactive|Battle timer is ON: inactive players will automatically lose when time's up. (requested by HAGallium)
|
|t:|1760339986
|teamsize|p1|6
|teamsize|p2|6
|start
|switch|p1a: Enamorus|Enamorus, F|100/100
|switch|p2a: Samurott|Samurott-Hisui, M|100/100
|turn|1
|
|t:|1760339989
|switch|p2a: Slowking|Slowking-Galar, F|100/100
|move|p1a: Enamorus|Draining Kiss|p2a: Slowking
|-resisted|p2a: Slowking
|-damage|p2a: Slowking|93/100
|
|upkeep
|turn|2
|
|t:|1760339995
|switch|p1a: Clodsire|Clodsire, F|100/100
|-prepare|p2a: Slowking|Chilly Reception|[premajor]
|move|p2a: Slowking|Chilly Reception|p2a: Slowking
|-weather|Snowscape
|
|t:|1760339998
|switch|p2a: Landorus|Landorus-Therian, M|100/100|[from] Chilly Reception
|-ability|p2a: Landorus|Intimidate|boost
|-unboost|p1a: Clodsire|atk|1
|
|-weather|Snowscape|[upkeep]
|upkeep
|turn|3
|
|t:|1760340003
|switch|p1a: Corviknight|Corviknight, F|100/100
|-ability|p1a: Corviknight|Pressure
|move|p2a: Landorus|Stealth Rock|p1a: Corviknight
|-sidestart|p1: HAGallium|move: Stealth Rock
|
|-weather|Snowscape|[upkeep]
|upkeep
|turn|4
|
|t:|1760340011
|move|p2a: Landorus|Taunt|p1a: Corviknight
|-start|p1a: Corviknight|move: Taunt
|cant|p1a: Corviknight|move: Taunt|Iron Defense
|
|-weather|Snowscape|[upkeep]
|upkeep
|turn|5
|
|t:|1760340018
|switch|p2a: Gholdengo|Gholdengo|100/100
|move|p1a: Corviknight|U-turn|p2a: Gholdengo
|-resisted|p2a: Gholdengo
|-damage|p2a: Gholdengo|96/100
|inactive|HAGallium has 120 seconds left.
|
|t:|1760340054
|switch|p1a: Cinderace|Cinderace, M|100/100|[from] U-turn
|
|-weather|Snowscape|[upkeep]
|upkeep
|turn|6
|
|t:|1760340059
|switch|p2a: Landorus|Landorus-Therian, M|100/100
|-ability|p2a: Landorus|Intimidate|boost
|-unboost|p1a: Cinderace|atk|1
|move|p1a: Cinderace|Pyro Ball|p2a: Landorus
|-damage|p2a: Landorus|71/100
|-status|p2a: Landorus|brn
|
|-weather|none
|-heal|p2a: Landorus|77/100 brn|[from] item: Leftovers
|-damage|p2a: Landorus|71/100 brn|[from] brn
|upkeep
|turn|7
|
|t:|1760340062
|move|p1a: Cinderace|Court Change|p1a: Cinderace
|-start|p1a: Cinderace|typechange|Normal|[from] ability: Libero
|-swapsideconditions
|-activate|p1a: Cinderace|move: Court Change
|move|p2a: Landorus|U-turn|p1a: Cinderace
|-damage|p1a: Cinderace|89/100
|
|t:|1760340069
|switch|p2a: Corviknight|Corviknight, M|100/100|[from] U-turn
|-damage|p2a: Corviknight|88/100|[from] Stealth Rock
|-ability|p2a: Corviknight|Pressure
|
|upkeep
|turn|8
|
|t:|1760340075
|-terastallize|p2a: Corviknight|Ground
|move|p1a: Cinderace|Will-O-Wisp|p2a: Corviknight
|-status|p2a: Corviknight|brn
|move|p2a: Corviknight|Defog|p1a: Cinderace
|-unboost|p1a: Cinderace|evasion|1
|-sideend|p2: mandude476|Stealth Rock|[from] move: Defog|[of] p2a: Corviknight
|
|-damage|p2a: Corviknight|82/100 brn|[from] brn
|upkeep
|turn|9
|
|t:|1760340081
|move|p1a: Cinderace|U-turn|p2a: Corviknight
|-damage|p2a: Corviknight|74/100 brn
|-damage|p1a: Cinderace|73/100|[from] item: Rocky Helmet|[of] p2a: Corviknight
|
|t:|1760340087
|switch|p1a: Corviknight|Corviknight, F|100/100|[from] U-turn
|-ability|p1a: Corviknight|Pressure
|move|p2a: Corviknight|U-turn|p1a: Corviknight
|-resisted|p1a: Corviknight
|-damage|p1a: Corviknight|99/100
|
|t:|1760340091
|switch|p2a: Arcanine|Arcanine-Hisui, F|100/100|[from] U-turn
|
|-heal|p1a: Corviknight|100/100|[from] item: Leftovers
|upkeep
|turn|10
|
|t:|1760340111
|-terastallize|p1a: Corviknight|Fighting
|move|p2a: Arcanine|Flare Blitz|p1a: Corviknight
|-damage|p1a: Corviknight|40/100
|move|p1a: Corviknight|Iron Defense|p1a: Corviknight
|-boost|p1a: Corviknight|def|2
|
|-heal|p1a: Corviknight|47/100|[from] item: Leftovers
|upkeep
|turn|11
|
|t:|1760340116
|switch|p2a: Gholdengo|Gholdengo|96/100
|move|p1a: Corviknight|Roost|p1a: Corviknight
|-heal|p1a: Corviknight|97/100
|
|-heal|p1a: Corviknight|100/100|[from] item: Leftovers
|upkeep
|turn|12
|
|t:|1760340119
|switch|p1a: Clodsire|Clodsire, F|100/100
|move|p2a: Gholdengo|Trick|p1a: Clodsire
|-activate|p2a: Gholdengo|move: Trick|[of] p1a: Clodsire
|-item|p1a: Clodsire|Choice Scarf|[from] move: Trick
|-item|p2a: Gholdengo|Heavy-Duty Boots|[from] move: Trick
|
|upkeep
|turn|13
|
|t:|1760340133
|switch|p2a: Landorus|Landorus-Therian, M|71/100 brn
|-ability|p2a: Landorus|Intimidate|boost
|-unboost|p1a: Clodsire|atk|1
|move|p1a: Clodsire|Earthquake|p2a: Landorus
|-immune|p2a: Landorus
|
|-heal|p2a: Landorus|77/100 brn|[from] item: Leftovers
|-damage|p2a: Landorus|71/100 brn|[from] brn
|upkeep
|turn|14
|
|t:|1760340138
|switch|p1a: Corviknight|Corviknight, F, tera:Fighting|100/100
|-ability|p1a: Corviknight|Pressure
|move|p2a: Landorus|U-turn|p1a: Corviknight
|-resisted|p1a: Corviknight
|-damage|p1a: Corviknight|97/100
|
|t:|1760340142
|switch|p2a: Slowking|Slowking-Galar, F|100/100|[from] U-turn
|
|-heal|p1a: Corviknight|100/100|[from] item: Leftovers
|upkeep
|turn|15
|
|t:|1760340146
|move|p1a: Corviknight|U-turn|p2a: Slowking
|-damage|p2a: Slowking|85/100
|
|t:|1760340158
|switch|p1a: Clodsire|Clodsire, F|100/100|[from] U-turn
|move|p2a: Slowking|Future Sight|p1a: Clodsire
|-start|p2a: Slowking|move: Future Sight
|
|upkeep
|turn|16
|
|t:|1760340163
|move|p1a: Clodsire|Stealth Rock|p2a: Slowking
|-sidestart|p2: mandude476|move: Stealth Rock
|-prepare|p2a: Slowking|Chilly Reception|[premajor]
|move|p2a: Slowking|Chilly Reception|p2a: Slowking
|-weather|Snowscape
|
|t:|1760340165
|switch|p2a: Corviknight|Corviknight, M, tera:Ground|74/100 brn|[from] Chilly Reception
|-damage|p2a: Corviknight|67/100 brn|[from] Stealth Rock
|-ability|p2a: Corviknight|Pressure
|
|-weather|Snowscape|[upkeep]
|-damage|p2a: Corviknight|61/100 brn|[from] brn
|upkeep
|turn|17
|
|t:|1760340170
|move|p2a: Corviknight|Defog|p1a: Clodsire
|-unboost|p1a: Clodsire|evasion|1
|-sideend|p2: mandude476|Stealth Rock|[from] move: Defog|[of] p2a: Corviknight
|move|p1a: Clodsire|Stealth Rock|p2a: Corviknight
|-sidestart|p2: mandude476|move: Stealth Rock
|
|-weather|Snowscape|[upkeep]
|-end|p1a: Clodsire|move: Future Sight
|-supereffective|p1a: Clodsire
|-damage|p1a: Clodsire|52/100
|-damage|p2a: Corviknight|55/100 brn|[from] brn
|upkeep
|turn|18
|
|t:|1760340180
|switch|p1a: Rillaboom|Rillaboom, M|100/100
|-fieldstart|move: Grassy Terrain|[from] ability: Grassy Surge|[of] p1a: Rillaboom
|move|p2a: Corviknight|Roost|p2a: Corviknight
|-heal|p2a: Corviknight|100/100 brn
|
|-weather|Snowscape|[upkeep]
|-damage|p2a: Corviknight|94/100 brn|[from] brn
|upkeep
|turn|19
|
|t:|1760340186
|switch|p2a: Slowking|Slowking-Galar, F|100/100
|move|p1a: Rillaboom|Knock Off|p2a: Slowking
|-supereffective|p2a: Slowking
|-damage|p2a: Slowking|0 fnt
|-enditem|p2a: Slowking|Heavy-Duty Boots|[from] move: Knock Off|[of] p1a: Rillaboom
|faint|p2a: Slowking
|
|-weather|Snowscape|[upkeep]
|upkeep
|
|t:|1760340190
|switch|p2a: Arcanine|Arcanine-Hisui, F|100/100
|-damage|p2a: Arcanine|76/100|[from] Stealth Rock
|turn|20
|
|t:|1760340199
|switch|p1a: Clodsire|Clodsire, F|52/100
|move|p2a: Arcanine|Flare Blitz|p1a: Clodsire
|-damage|p1a: Clodsire|0 fnt
|faint|p1a: Clodsire
|
|-weather|none
|-heal|p2a: Arcanine|82/100|[from] Grassy Terrain
|upkeep
|
|t:|1760340209
|switch|p1a: Raging Bolt|Raging Bolt|100/100
|turn|21
|
|t:|1760340212
|switch|p2a: Landorus|Landorus-Therian, M|71/100 brn
|-damage|p2a: Landorus|59/100 brn|[from] Stealth Rock
|-ability|p2a: Landorus|Intimidate|boost
|-unboost|p1a: Raging Bolt|atk|1
|move|p1a: Raging Bolt|Calm Mind|p1a: Raging Bolt
|-boost|p1a: Raging Bolt|spa|1
|-boost|p1a: Raging Bolt|spd|1
|
|-heal|p2a: Landorus|65/100 brn|[from] item: Leftovers
|-damage|p2a: Landorus|59/100 brn|[from] brn
|upkeep
|turn|22
|
|t:|1760340218
|move|p2a: Landorus|Stealth Rock|p1a: Raging Bolt
|-sidestart|p1: HAGallium|move: Stealth Rock
|move|p1a: Raging Bolt|Dragon Pulse|p2a: Landorus
|-damage|p2a: Landorus|0 fnt
|faint|p2a: Landorus
|
|-fieldend|move: Grassy Terrain
|upkeep
|
|t:|1760340221
|switch|p2a: Corviknight|Corviknight, M, tera:Ground|94/100 brn
|-damage|p2a: Corviknight|88/100 brn|[from] Stealth Rock
|-ability|p2a: Corviknight|Pressure
|turn|23
|
|t:|1760340226
|move|p1a: Raging Bolt|Dragon Pulse|p2a: Corviknight
|-damage|p2a: Corviknight|13/100 brn
|move|p2a: Corviknight|U-turn|p1a: Raging Bolt
|-damage|p1a: Raging Bolt|95/100
|-message|mandude476 forfeited.
|
|win|HAGallium
|raw|HAGallium's rating: 1471 &rarr; <strong>1494</strong><br />(+23 for winning)
|raw|mandude476's rating: 1529 &rarr; <strong>1506</strong><br />(-23 for losing)
|l|☆mandude476
|player|p2|
|j|☆mandude476
|player|p2|mandude476|ghetsis|
