|j|☆Rocksane
|j|☆elpets
|t:|1760444510
|gametype|singles
|player|p1|Rocksane|sabrina|1579
|player|p2|elpets|infielder|1738
|gen|9
|tier|[Gen 9] OU
|rated|
|rule|HP Percentage Mod: HP is shown in percentages
|rule|Endless Battle Clause: Forcing endless battles is banned
|rule|Species Clause: Limit one of each Pokémon
|rule|OHKO Clause: OHKO moves are banned
|rule|Evasion Items Clause: Evasion items are banned
|rule|Evasion Moves Clause: Evasion moves are banned
|rule|Evasion Abilities Clause: Evasion abilities are banned
|rule|Sleep Moves Clause: Sleep-inducing moves are banned
|clearpoke
|poke|p1|Alomomola, F|
|poke|p1|Hydrapple, F|
|poke|p1|Slowking-Galar, M|
|poke|p1|Zamazenta-*|
|poke|p1|Hatterene, F|
|poke|p1|Ting-Lu|
|poke|p2|Hatterene, F|
|poke|p2|Dragonite, F|
|poke|p2|Breloom, F|
|poke|p2|Azumarill, F|
|poke|p2|Great Tusk|
|poke|p2|Skeledirge, M|
|teampreview
|
|t:|1760444519
|teamsize|p1|6
|teamsize|p2|6
|start
|switch|p1a: Hatterene|Hatterene, F|100/100
|switch|p2a: Azumarill|Azumarill, F|100/100
|turn|1
|
|t:|1760444528
|switch|p2a: Skeledirge|Skeledirge, M|100/100
|switch|p1a: Alomomola|Alomomola, F|100/100
|
|upkeep
|turn|2
|
|t:|1760444535
|move|p2a: Skeledirge|Torch Song|p1a: Alomomola
|-resisted|p1a: Alomomola
|-damage|p1a: Alomomola|83/100
|-boost|p2a: Skeledirge|spa|1
|move|p1a: Alomomola|Flip Turn|p2a: Skeledirge
|-supereffective|p2a: Skeledirge
|-damage|p2a: Skeledirge|80/100
|
|t:|1760444543
|switch|p1a: Ting-Lu|Ting-Lu|100/100|[from] Flip Turn
|-ability|p1a: Ting-Lu|Vessel of Ruin
|
|upkeep
|turn|3
|
|t:|1760444550
|move|p2a: Skeledirge|Torch Song|p1a: Ting-Lu
|-damage|p1a: Ting-Lu|80/100
|-boost|p2a: Skeledirge|spa|1
|move|p1a: Ting-Lu|Whirlwind|p2a: Skeledirge
|drag|p2a: Azumarill|Azumarill, F|100/100
|
|-heal|p1a: Ting-Lu|87/100|[from] item: Leftovers
|upkeep
|turn|4
|
|t:|1760444562
|switch|p1a: Alomomola|Alomomola, F|100/100
|move|p2a: Azumarill|Knock Off|p1a: Alomomola
|-damage|p1a: Alomomola|78/100
|-damage|p2a: Azumarill|84/100|[from] item: Rocky Helmet|[of] p1a: Alomomola
|-enditem|p1a: Alomomola|Rocky Helmet|[from] move: Knock Off|[of] p2a: Azumarill
|
|upkeep
|turn|5
|inactive|Battle timer is ON: inactive players will automatically lose when time's up. (requested by elpets)
|
|t:|1760444571
|move|p2a: Azumarill|Play Rough|p1a: Alomomola
|-damage|p1a: Alomomola|48/100
|move|p1a: Alomomola|Flip Turn|p2a: Azumarill
|-resisted|p2a: Azumarill
|-damage|p2a: Azumarill|75/100
|
|t:|1760444584
|switch|p1a: Hatterene|Hatterene, F|100/100|[from] Flip Turn
|
|upkeep
|turn|6
|
|t:|1760444589
|move|p2a: Azumarill|Knock Off|p1a: Hatterene
|-damage|p1a: Hatterene|67/100
|-enditem|p1a: Hatterene|Leftovers|[from] move: Knock Off|[of] p2a: Azumarill
|move|p1a: Hatterene|Draining Kiss|p2a: Azumarill
|-damage|p2a: Azumarill|61/100
|-heal|p1a: Hatterene|81/100|[from] drain|[of] p2a: Azumarill
|
|upkeep
|turn|7
|
|t:|1760444599
|move|p2a: Azumarill|Play Rough|p1a: Hatterene
|-damage|p1a: Hatterene|29/100
|move|p1a: Hatterene|Nuzzle|p2a: Azumarill
|-supereffective|p2a: Azumarill
|-damage|p2a: Azumarill|53/100
|-status|p2a: Azumarill|par
|
|upkeep
|turn|8
|
|t:|1760444608
|move|p1a: Hatterene|Psychic Noise|p2a: Azumarill
|-damage|p2a: Azumarill|31/100 par
|-start|p2a: Azumarill|move: Heal Block
|move|p2a: Azumarill|Play Rough|p1a: Hatterene
|-damage|p1a: Hatterene|0 fnt
|faint|p1a: Hatterene
|
|upkeep
|
|t:|1760444618
|switch|p1a: Hydrapple|Hydrapple, F|100/100
|turn|9
|
|t:|1760444621
|move|p1a: Hydrapple|Giga Drain|p2a: Azumarill
|-supereffective|p2a: Azumarill
|-damage|p2a: Azumarill|0 fnt
|faint|p2a: Azumarill
|
|upkeep
|
|t:|1760444625
|switch|p2a: Hatterene|Hatterene, F|100/100
|turn|10
|
|t:|1760444630
|switch|p1a: Slowking|Slowking-Galar, M|100/100
|move|p2a: Hatterene|Psyshock|p1a: Slowking
|-damage|p1a: Slowking|52/100
|
|upkeep
|turn|11
|
|t:|1760444636
|switch|p2a: Skeledirge|Skeledirge, M|80/100
|move|p1a: Slowking|Sludge Bomb|p2a: Skeledirge
|-resisted|p2a: Skeledirge
|-damage|p2a: Skeledirge|62/100
|
|upkeep
|turn|12
|
|t:|1760444644
|switch|p1a: Ting-Lu|Ting-Lu|87/100
|-ability|p1a: Ting-Lu|Vessel of Ruin
|move|p2a: Skeledirge|Torch Song|p1a: Ting-Lu
|-damage|p1a: Ting-Lu|74/100
|-boost|p2a: Skeledirge|spa|1
|
|-heal|p1a: Ting-Lu|81/100|[from] item: Leftovers
|upkeep
|turn|13
|
|t:|1760444656
|switch|p2a: Hatterene|Hatterene, F|100/100
|move|p1a: Ting-Lu|Earthquake|p2a: Hatterene
|-damage|p2a: Hatterene|58/100
|
|-heal|p1a: Ting-Lu|87/100|[from] item: Leftovers
|-heal|p2a: Hatterene|64/100|[from] item: Leftovers
|upkeep
|turn|14
|
|t:|1760444666
|switch|p1a: Slowking|Slowking-Galar, M|85/100
|move|p2a: Hatterene|Draining Kiss|p1a: Slowking
|-resisted|p1a: Slowking
|-damage|p1a: Slowking|76/100
|-heal|p2a: Hatterene|72/100|[from] drain|[of] p1a: Slowking
|
|-heal|p2a: Hatterene|78/100|[from] item: Leftovers
|upkeep
|turn|15
|
|t:|1760444676
|switch|p2a: Skeledirge|Skeledirge, M|62/100
|move|p1a: Slowking|Sludge Bomb|p2a: Skeledirge
|-resisted|p2a: Skeledirge
|-damage|p2a: Skeledirge|45/100
|
|upkeep
|turn|16
|
|t:|1760444683
|move|p2a: Skeledirge|Slack Off|p2a: Skeledirge
|-heal|p2a: Skeledirge|95/100
|move|p1a: Slowking|Thunder Wave|p2a: Skeledirge
|-status|p2a: Skeledirge|par
|
|upkeep
|turn|17
|
|t:|1760444691
|cant|p2a: Skeledirge|par
|move|p1a: Slowking|Future Sight|p2a: Skeledirge
|-start|p1a: Slowking|move: Future Sight
|
|upkeep
|turn|18
|
|t:|1760444696
|switch|p1a: Ting-Lu|Ting-Lu|87/100
|-ability|p1a: Ting-Lu|Vessel of Ruin
|move|p2a: Skeledirge|Shadow Ball|p1a: Ting-Lu
|-resisted|p1a: Ting-Lu
|-damage|p1a: Ting-Lu|80/100
|-unboost|p1a: Ting-Lu|spd|1
|
|-heal|p1a: Ting-Lu|87/100|[from] item: Leftovers
|upkeep
|turn|19
|
|t:|1760444708
|switch|p2a: Hatterene|Hatterene, F|78/100
|move|p1a: Ting-Lu|Earthquake|p2a: Hatterene
|-damage|p2a: Hatterene|38/100
|
|-end|p2a: Hatterene|move: Future Sight
|-resisted|p2a: Hatterene
|-damage|p2a: Hatterene|19/100
|-heal|p1a: Ting-Lu|93/100|[from] item: Leftovers
|-heal|p2a: Hatterene|25/100|[from] item: Leftovers
|upkeep
|turn|20
|
|t:|1760444719
|move|p1a: Ting-Lu|Earthquake|p2a: Hatterene
|-damage|p2a: Hatterene|0 fnt
|faint|p2a: Hatterene
|
|-heal|p1a: Ting-Lu|99/100|[from] item: Leftovers
|upkeep
|l|☆elpets
|inactive|elpets disconnected and has a minute to reconnect!
|player|p2|
|j|☆elpets
|inactive|elpets reconnected and has 130 seconds left.
|player|p2|elpets|infielder|
|
|t:|1760444743
|switch|p2a: Ippo|Breloom, F|100/100
|turn|21
|
|t:|1760444753
|switch|p1a: Hydrapple|Hydrapple, F|100/100
|move|p2a: Ippo|Swords Dance|p2a: Ippo
|-boost|p2a: Ippo|atk|2
|
|upkeep
|turn|22
|l|☆elpets
|inactive|elpets disconnected and has a minute to reconnect!
|player|p2|
|j|☆elpets
|inactive|elpets reconnected and has 130 seconds left.
|player|p2|elpets|infielder|
|inactive|elpets has 120 seconds left.
|
|t:|1760444798
|move|p2a: Ippo|Rock Tomb|p1a: Hydrapple
|-crit|p1a: Hydrapple
|-damage|p1a: Hydrapple|40/100
|-unboost|p1a: Hydrapple|spe|1
|move|p1a: Hydrapple|Fickle Beam|p2a: Ippo|[anim] Fickle Beam All Out
|-activate|p1a: Hydrapple|move: Fickle Beam
|-enditem|p2a: Ippo|Focus Sash
|-damage|p2a: Ippo|1/100
|
|upkeep
|turn|23
|
|t:|1760444809
|switch|p1a: Alomomola|Alomomola, F|82/100
|move|p2a: Ippo|Bullet Seed|p1a: Alomomola
|-supereffective|p1a: Alomomola
|-damage|p1a: Alomomola|37/100
|-supereffective|p1a: Alomomola
|-damage|p1a: Alomomola|0 fnt
|faint|p1a: Alomomola
|-hitcount|p1: Alomomola|2
|
|upkeep
|
|t:|1760444820
|switch|p1a: Zamazenta|Zamazenta|100/100
|-ability|p1a: Zamazenta|Dauntless Shield|boost
|-boost|p1a: Zamazenta|def|1
|turn|24
|
|t:|1760444825
|switch|p2a: Skeledirge|Skeledirge, M|95/100 par
|move|p1a: Zamazenta|Crunch|p2a: Skeledirge
|-supereffective|p2a: Skeledirge
|-damage|p2a: Skeledirge|68/100 par
|
|upkeep
|turn|25
|
|t:|1760444833
|switch|p1a: Ting-Lu|Ting-Lu|99/100
|-ability|p1a: Ting-Lu|Vessel of Ruin
|cant|p2a: Skeledirge|par
|
|-heal|p1a: Ting-Lu|100/100|[from] item: Leftovers
|upkeep
|turn|26
|
|t:|1760444846
|move|p1a: Ting-Lu|Stealth Rock|p2a: Skeledirge
|-sidestart|p2: elpets|move: Stealth Rock
|move|p2a: Skeledirge|Torch Song|p1a: Ting-Lu
|-damage|p1a: Ting-Lu|88/100
|-boost|p2a: Skeledirge|spa|1
|
|-heal|p1a: Ting-Lu|94/100|[from] item: Leftovers
|upkeep
|turn|27
|
|t:|1760444856
|switch|p2a: Great Tusk|Great Tusk|100/100
|-damage|p2a: Great Tusk|98/100|[from] Stealth Rock
|-enditem|p2a: Great Tusk|Booster Energy
|-activate|p2a: Great Tusk|ability: Protosynthesis|[fromitem]
|-start|p2a: Great Tusk|protosynthesisatk
|move|p1a: Ting-Lu|Earthquake|p2a: Great Tusk
|-damage|p2a: Great Tusk|69/100
|
|-heal|p1a: Ting-Lu|100/100|[from] item: Leftovers
|upkeep
|turn|28
|
|t:|1760444868
|switch|p1a: Hydrapple|Hydrapple, F|73/100
|move|p2a: Great Tusk|Rapid Spin|p1a: Hydrapple
|-damage|p1a: Hydrapple|60/100
|-boost|p2a: Great Tusk|spe|1
|-sideend|p2: elpets|Stealth Rock|[from] move: Rapid Spin|[of] p2a: Great Tusk
|
|upkeep
|turn|29
|
|t:|1760444878
|switch|p1a: Slowking|Slowking-Galar, M|100/100
|move|p2a: Great Tusk|Ice Spinner|p1a: Slowking
|-damage|p1a: Slowking|61/100
|
|upkeep
|turn|30
|
|t:|1760444889
|move|p2a: Great Tusk|Headlong Rush|p1a: Slowking
|-supereffective|p1a: Slowking
|-damage|p1a: Slowking|0 fnt
|-unboost|p2a: Great Tusk|def|1
|-unboost|p2a: Great Tusk|spd|1
|faint|p1a: Slowking
|
|upkeep
|
|t:|1760444898
|switch|p1a: Hydrapple|Hydrapple, F|93/100
|turn|31
|
|t:|1760444903
|move|p2a: Great Tusk|Ice Spinner|p1a: Hydrapple
|-supereffective|p1a: Hydrapple
|-damage|p1a: Hydrapple|8/100
|move|p1a: Hydrapple|Giga Drain|p2a: Great Tusk
|-supereffective|p2a: Great Tusk
|-damage|p2a: Great Tusk|0 fnt
|-heal|p1a: Hydrapple|39/100|[from] drain|[of] p2a: Great Tusk
|faint|p2a: Great Tusk
|-end|p2a: Great Tusk|Protosynthesis|[silent]
|
|upkeep
|
|t:|1760444912
|switch|p2a: Dragonite|Dragonite, F|100/100
|turn|32
|
|t:|1760444920
|switch|p1a: Zamazenta|Zamazenta|100/100
|move|p2a: Dragonite|Dragon Dance|p2a: Dragonite
|-boost|p2a: Dragonite|atk|1
|-boost|p2a: Dragonite|spe|1
|
|upkeep
|turn|33
|
|t:|1760444927
|move|p2a: Dragonite|Outrage|p1a: Zamazenta
|-damage|p1a: Zamazenta|30/100
|move|p1a: Zamazenta|Iron Defense|p1a: Zamazenta
|-boost|p1a: Zamazenta|def|2
|
|-heal|p1a: Zamazenta|36/100|[from] item: Leftovers
|upkeep
|turn|34
|
|t:|1760444936
|move|p2a: Dragonite|Outrage|p1a: Zamazenta|[from] lockedmove
|-damage|p1a: Zamazenta|2/100
|move|p1a: Zamazenta|Body Press|p2a: Dragonite
|-resisted|p2a: Dragonite
|-damage|p2a: Dragonite|81/100
|
|-heal|p1a: Zamazenta|8/100|[from] item: Leftovers
|upkeep
|turn|35
|
|t:|1760444946
|move|p2a: Dragonite|Outrage|p1a: Zamazenta|[from] lockedmove
|-damage|p1a: Zamazenta|0 fnt
|faint|p1a: Zamazenta
|-start|p2a: Dragonite|confusion|[fatigue]
|-enditem|p2a: Dragonite|Lum Berry|[eat]
|-end|p2a: Dragonite|confusion
|
|upkeep
|
|t:|1760444955
|switch|p1a: Hydrapple|Hydrapple, F|72/100
|turn|36
|j| Samurajen
|
|t:|1760444960
|-terastallize|p2a: Dragonite|Fire
|-terastallize|p1a: Hydrapple|Steel
|move|p2a: Dragonite|Fire Punch|p1a: Hydrapple
|-supereffective|p1a: Hydrapple
|-damage|p1a: Hydrapple|3/100
|move|p1a: Hydrapple|Fickle Beam|p2a: Dragonite|[anim] Fickle Beam All Out
|-activate|p1a: Hydrapple|move: Fickle Beam
|-damage|p2a: Dragonite|14/100
|
|upkeep
|turn|37
|-message|Rocksane forfeited.
|
|win|elpets
|raw|Rocksane's rating: 1579 &rarr; <strong>1568</strong><br />(-11 for losing)
|raw|elpets's rating: 1738 &rarr; <strong>1749</strong><br />(+11 for winning)
|l|☆Rocksane
|player|p1|
|l|☆elpets
|player|p2|
