|j|☆ProtoZeroYT
|j|☆Pachydon
|t:|1760389411
|gametype|singles
|player|p1|ProtoZeroYT|miku-flying|1244
|player|p2|Pachydon|169|1221
|gen|9
|tier|[Gen 9] OU
|rated|
|rule|HP Percentage Mod: HP is shown in percentages
|rule|Endless Battle Clause: Forcing endless battles is banned
|rule|Species Clause: Limit one of each Pokémon
|rule|OHKO Clause: OHKO moves are banned
|rule|Evasion Items Clause: Evasion items are banned
|rule|Evasion Moves Clause: Evasion moves are banned
|rule|Evasion Abilities Clause: Evasion abilities are banned
|rule|Sleep Moves Clause: Sleep-inducing moves are banned
|clearpoke
|poke|p1|Slowking-Galar, F|
|poke|p1|Cinderace, M|
|poke|p1|Kyurem|
|poke|p1|Corviknight, M|
|poke|p1|Ting-Lu|
|poke|p1|Dondozo, F|
|poke|p2|Gholdengo|
|poke|p2|Iron Treads|
|poke|p2|Moltres|
|poke|p2|Samurott-Hisui, F|
|poke|p2|Sinistcha|
|poke|p2|Ting-Lu|
|teampreview
|
|t:|1760389427
|teamsize|p1|6
|teamsize|p2|6
|start
|switch|p1a: Dondozo|Dondozo, F|100/100
|switch|p2a: Samurott|Samurott-Hisui, F|100/100
|turn|1
|
|t:|1760389436
|switch|p1a: Kyurem|Kyurem|100/100
|-ability|p1a: Kyurem|Pressure
|move|p2a: Samurott|Knock Off|p1a: Kyurem
|-damage|p1a: Kyurem|58/100
|-enditem|p1a: Kyurem|Choice Specs|[from] move: Knock Off|[of] p2a: Samurott
|
|upkeep
|turn|2
|
|t:|1760389445
|switch|p2a: Moltres|Moltres|100/100
|move|p1a: Kyurem|Freeze-Dry|p2a: Moltres
|-damage|p2a: Moltres|57/100
|
|upkeep
|turn|3
|
|t:|1760389451
|switch|p1a: Dondozo|Dondozo, F|100/100
|move|p2a: Moltres|Roost|p2a: Moltres
|-heal|p2a: Moltres|100/100
|-singleturn|p2a: Moltres|move: Roost
|
|upkeep
|turn|4
|
|t:|1760389456
|switch|p2a: Sinistcha|Sinistcha|100/100
|move|p1a: Dondozo|Curse|p1a: Dondozo
|-unboost|p1a: Dondozo|spe|1
|-boost|p1a: Dondozo|atk|1
|-boost|p1a: Dondozo|def|1
|
|upkeep
|turn|5
|
|t:|1760389475
|switch|p1a: Cinderace|Cinderace, M|100/100
|move|p2a: Sinistcha|Matcha Gotcha|p1a: Cinderace
|-resisted|p1a: Cinderace
|-damage|p1a: Cinderace|81/100
|
|upkeep
|turn|6
|
|t:|1760389488
|move|p1a: Cinderace|Will-O-Wisp|p2a: Sinistcha
|-status|p2a: Sinistcha|brn
|move|p2a: Sinistcha|Strength Sap|p1a: Cinderace
|-unboost|p1a: Cinderace|atk|1
|
|-damage|p2a: Sinistcha|98/100 brn|[from] brn
|upkeep
|turn|7
|
|t:|1760389497
|move|p1a: Cinderace|U-turn|p2a: Sinistcha
|-damage|p2a: Sinistcha|88/100 brn
|
|t:|1760389503
|switch|p1a: Slowking|Slowking-Galar, F|100/100|[from] U-turn
|move|p2a: Sinistcha|Calm Mind|p2a: Sinistcha
|-boost|p2a: Sinistcha|spa|1
|-boost|p2a: Sinistcha|spd|1
|
|-damage|p2a: Sinistcha|85/100 brn|[from] brn
|upkeep
|turn|8
|
|t:|1760389510
|move|p2a: Sinistcha|Calm Mind|p2a: Sinistcha
|-boost|p2a: Sinistcha|spa|1
|-boost|p2a: Sinistcha|spd|1
|move|p1a: Slowking|Ice Beam|p2a: Sinistcha
|-supereffective|p2a: Sinistcha
|-damage|p2a: Sinistcha|59/100 brn
|
|-damage|p2a: Sinistcha|56/100 brn|[from] brn
|upkeep
|turn|9
|
|t:|1760389516
|move|p2a: Sinistcha|Calm Mind|p2a: Sinistcha
|-boost|p2a: Sinistcha|spa|1
|-boost|p2a: Sinistcha|spd|1
|move|p1a: Slowking|Ice Beam|p2a: Sinistcha
|-supereffective|p2a: Sinistcha
|-damage|p2a: Sinistcha|35/100 brn
|
|-damage|p2a: Sinistcha|32/100 brn|[from] brn
|upkeep
|turn|10
|
|t:|1760389548
|move|p2a: Sinistcha|Strength Sap|p1a: Slowking
|-unboost|p1a: Slowking|atk|1
|-heal|p2a: Sinistcha|71/100 brn
|move|p1a: Slowking|Ice Beam|p2a: Sinistcha
|-supereffective|p2a: Sinistcha
|-damage|p2a: Sinistcha|47/100 brn
|
|-damage|p2a: Sinistcha|45/100 brn|[from] brn
|upkeep
|turn|11
|
|t:|1760389552
|move|p2a: Sinistcha|Shadow Ball|p1a: Slowking
|-supereffective|p1a: Slowking
|-damage|p1a: Slowking|0 fnt
|faint|p1a: Slowking
|
|-damage|p2a: Sinistcha|42/100 brn|[from] brn
|upkeep
|
|t:|1760389559
|switch|p1a: Kyurem|Kyurem|58/100
|-ability|p1a: Kyurem|Pressure
|turn|12
|
|t:|1760389584
|-terastallize|p2a: Sinistcha|Poison
|move|p1a: Kyurem|Ice Beam|p2a: Sinistcha
|-damage|p2a: Sinistcha|15/100 brn
|move|p2a: Sinistcha|Strength Sap|p1a: Kyurem
|-unboost|p1a: Kyurem|atk|1
|-heal|p2a: Sinistcha|84/100 brn
|
|-damage|p2a: Sinistcha|81/100 brn|[from] brn
|upkeep
|turn|13
|
|t:|1760389593
|move|p1a: Kyurem|Earth Power|p2a: Sinistcha
|-supereffective|p2a: Sinistcha
|-damage|p2a: Sinistcha|51/100 brn
|move|p2a: Sinistcha|Shadow Ball|p1a: Kyurem
|-damage|p1a: Kyurem|0 fnt
|faint|p1a: Kyurem
|
|-damage|p2a: Sinistcha|48/100 brn|[from] brn
|upkeep
|
|t:|1760389599
|switch|p1a: Ting-Lu|Ting-Lu|100/100
|-ability|p1a: Ting-Lu|Vessel of Ruin
|turn|14
|
|t:|1760389607
|-terastallize|p1a: Ting-Lu|Poison
|move|p2a: Sinistcha|Matcha Gotcha|p1a: Ting-Lu
|-resisted|p1a: Ting-Lu
|-damage|p1a: Ting-Lu|85/100
|-heal|p2a: Sinistcha|60/100 brn|[from] drain|[of] p1a: Ting-Lu
|move|p1a: Ting-Lu|Earthquake|p2a: Sinistcha
|-supereffective|p2a: Sinistcha
|-damage|p2a: Sinistcha|11/100 brn
|
|-heal|p1a: Ting-Lu|91/100|[from] item: Leftovers
|-damage|p2a: Sinistcha|8/100 brn|[from] brn
|upkeep
|turn|15
|
|t:|1760389618
|move|p2a: Sinistcha|Strength Sap|p1a: Ting-Lu
|-unboost|p1a: Ting-Lu|atk|1
|-heal|p2a: Sinistcha|82/100 brn
|move|p1a: Ting-Lu|Earthquake|p2a: Sinistcha
|-supereffective|p2a: Sinistcha
|-damage|p2a: Sinistcha|49/100 brn
|
|-heal|p1a: Ting-Lu|97/100|[from] item: Leftovers
|-damage|p2a: Sinistcha|46/100 brn|[from] brn
|upkeep
|turn|16
|
|t:|1760389628
|move|p2a: Sinistcha|Strength Sap|p1a: Ting-Lu
|-unboost|p1a: Ting-Lu|atk|1
|-heal|p2a: Sinistcha|96/100 brn
|move|p1a: Ting-Lu|Earthquake|p2a: Sinistcha
|-supereffective|p2a: Sinistcha
|-damage|p2a: Sinistcha|71/100 brn
|
|-heal|p1a: Ting-Lu|100/100|[from] item: Leftovers
|-damage|p2a: Sinistcha|68/100 brn|[from] brn
|upkeep
|turn|17
|
|t:|1760389636
|switch|p1a: Corviknight|Corviknight, M, shiny|100/100
|-ability|p1a: Corviknight|Pressure
|move|p2a: Sinistcha|Shadow Ball|p1a: Corviknight
|-damage|p1a: Corviknight|31/100
|
|-damage|p2a: Sinistcha|65/100 brn|[from] brn
|upkeep
|turn|18
|
|t:|1760389648
|switch|p1a: Ting-Lu|Ting-Lu, tera:Poison|100/100
|-ability|p1a: Ting-Lu|Vessel of Ruin
|move|p2a: Sinistcha|Calm Mind|p2a: Sinistcha
|-boost|p2a: Sinistcha|spa|1
|-boost|p2a: Sinistcha|spd|1
|
|-damage|p2a: Sinistcha|63/100 brn|[from] brn
|upkeep
|turn|19
|
|t:|1760389653
|move|p2a: Sinistcha|Strength Sap|p1a: Ting-Lu
|-unboost|p1a: Ting-Lu|atk|1
|-heal|p2a: Sinistcha|100/100 brn
|move|p1a: Ting-Lu|Earthquake|p2a: Sinistcha
|-supereffective|p2a: Sinistcha
|-damage|p2a: Sinistcha|64/100 brn
|
|-damage|p2a: Sinistcha|61/100 brn|[from] brn
|upkeep
|turn|20
|-message|ProtoZeroYT forfeited.
|
|win|Pachydon
|raw|ProtoZeroYT's rating: 1244 &rarr; <strong>1217</strong><br />(-27 for losing)
|raw|Pachydon's rating: 1221 &rarr; <strong>1248</strong><br />(+27 for winning)
|l|☆ProtoZeroYT
|player|p1|
