|j|☆J3llyf1sh2183
|j|☆shakissss
|t:|1760416530
|gametype|singles
|player|p1|J3llyf1sh2183|266|1385
|player|p2|shakissss|doubleteam|1412
|gen|9
|tier|[Gen 9] OU
|rated|
|rule|HP Percentage Mod: HP is shown in percentages
|rule|Endless Battle Clause: Forcing endless battles is banned
|rule|Species Clause: Limit one of each Pokémon
|rule|OHKO Clause: OHKO moves are banned
|rule|Evasion Items Clause: Evasion items are banned
|rule|Evasion Moves Clause: Evasion moves are banned
|rule|Evasion Abilities Clause: Evasion abilities are banned
|rule|Sleep Moves Clause: Sleep-inducing moves are banned
|clearpoke
|poke|p1|Ogerpon-Wellspring, F|
|poke|p1|Great Tusk|
|poke|p1|Slowking-Galar, M|
|poke|p1|Dragapult, M|
|poke|p1|Corviknight, M|
|poke|p1|Kingambit, M|
|poke|p2|Rhydon, M|
|poke|p2|Tornadus, M|
|poke|p2|Gengar, M|
|poke|p2|Skeledirge, M|
|poke|p2|Blissey, F|
|poke|p2|Samurott-Hisui, M|
|teampreview
|
|t:|1760416552
|teamsize|p1|6
|teamsize|p2|6
|start
|switch|p1a: Dragapult|Dragapult, M|100/100
|switch|p2a: Samurott|Samurott-Hisui, M, shiny|100/100
|turn|1
|
|t:|1760416569
|move|p1a: Dragapult|U-turn|p2a: Samurott
|-supereffective|p2a: Samurott
|-damage|p2a: Samurott|63/100
|
|t:|1760416575
|switch|p1a: Corviknight|Corviknight, M|100/100|[from] U-turn
|-ability|p1a: Corviknight|Pressure
|move|p2a: Samurott|Ceaseless Edge|p1a: Corviknight
|-damage|p1a: Corviknight|81/100
|-damage|p2a: Samurott|47/100|[from] item: Rocky Helmet|[of] p1a: Corviknight
|-sidestart|p1: J3llyf1sh2183|Spikes
|
|upkeep
|turn|2
|
|t:|1760416601
|switch|p2a: Skeledirge|Skeledirge, M|100/100
|move|p1a: Corviknight|U-turn|p2a: Skeledirge
|-resisted|p2a: Skeledirge
|-damage|p2a: Skeledirge|98/100
|
|t:|1760416620
|switch|p1a: Ogerpon|Ogerpon-Wellspring, F|100/100|[from] U-turn
|-damage|p1a: Ogerpon|88/100|[from] Spikes
|
|upkeep
|turn|3
|
|t:|1760416628
|move|p1a: Ogerpon|Knock Off|p2a: Skeledirge
|-supereffective|p2a: Skeledirge
|-damage|p2a: Skeledirge|47/100
|-enditem|p2a: Skeledirge|Heavy-Duty Boots|[from] move: Knock Off|[of] p1a: Ogerpon
|move|p2a: Skeledirge|Will-O-Wisp|p1a: Ogerpon|[miss]
|-miss|p2a: Skeledirge|p1a: Ogerpon
|
|upkeep
|turn|4
|c|☆J3llyf1sh2183|my bad
|
|t:|1760416637
|move|p1a: Ogerpon|Ivy Cudgel|p2a: Skeledirge|[anim] Ivy Cudgel Water
|-supereffective|p2a: Skeledirge
|-damage|p2a: Skeledirge|0 fnt
|faint|p2a: Skeledirge
|
|upkeep
|c|☆shakissss|all gud
|
|t:|1760416656
|switch|p2a: Samurott|Samurott-Hisui, M, shiny|47/100
|turn|5
|
|t:|1760416671
|switch|p1a: Corviknight|Corviknight, M|81/100
|-ability|p1a: Corviknight|Pressure
|switch|p2a: Gengar|Gengar, M, shiny|100/100
|
|upkeep
|turn|6
|
|t:|1760416693
|move|p2a: Gengar|Shadow Ball|p1a: Corviknight
|-crit|p1a: Corviknight
|-damage|p1a: Corviknight|0 fnt
|faint|p1a: Corviknight
|
|upkeep
|c|☆shakissss|sorta balances out lol
|c|☆J3llyf1sh2183|yep lol
|
|t:|1760416721
|switch|p1a: Kingambit|Kingambit, M|100/100
|-damage|p1a: Kingambit|88/100|[from] Spikes
|-activate|p1a: Kingambit|ability: Supreme Overlord
|-start|p1a: Kingambit|fallen1|[silent]
|turn|7
|
|t:|1760416731
|switch|p2a: Rhydon|Rhydon, M|100/100
|move|p1a: Kingambit|Kowtow Cleave|p2a: Rhydon
|-damage|p2a: Rhydon|67/100
|
|-heal|p1a: Kingambit|94/100|[from] item: Leftovers
|upkeep
|turn|8
|
|t:|1760416742
|-end|p1a: Kingambit|fallen1|[silent]
|switch|p1a: Great Tusk|Great Tusk|100/100
|move|p2a: Rhydon|Earthquake|p1a: Great Tusk
|-damage|p1a: Great Tusk|67/100
|
|upkeep
|turn|9
|
|t:|1760416756
|switch|p2a: Gengar|Gengar, M, shiny|100/100
|move|p1a: Great Tusk|Headlong Rush|p2a: Gengar
|-supereffective|p2a: Gengar
|-damage|p2a: Gengar|0 fnt
|-unboost|p1a: Great Tusk|def|1
|-unboost|p1a: Great Tusk|spd|1
|faint|p2a: Gengar
|
|upkeep
|
|t:|1760416764
|switch|p2a: Tornadus|Tornadus, M|100/100
|turn|10
|
|t:|1760416771
|-end|p1a: Great Tusk|Protosynthesis|[silent]
|switch|p1a: Slowking|Slowking-Galar, M|100/100
|move|p2a: Tornadus|Swagger|p1a: Slowking
|-boost|p1a: Slowking|atk|2
|-start|p1a: Slowking|confusion
|-enditem|p2a: Tornadus|Mirror Herb
|-boost|p2a: Tornadus|atk|2|[from] item: Mirror Herb
|
|upkeep
|turn|11
|
|t:|1760416781
|move|p2a: Tornadus|Acrobatics|p1a: Slowking
|-damage|p1a: Slowking|0 fnt
|faint|p1a: Slowking
|
|upkeep
|
|t:|1760416786
|switch|p1a: Kingambit|Kingambit, M|94/100
|-damage|p1a: Kingambit|82/100|[from] Spikes
|-activate|p1a: Kingambit|ability: Supreme Overlord
|-start|p1a: Kingambit|fallen2|[silent]
|turn|12
|
|t:|1760416792
|move|p2a: Tornadus|Knock Off|p1a: Kingambit
|-resisted|p1a: Kingambit
|-damage|p1a: Kingambit|58/100
|-enditem|p1a: Kingambit|Leftovers|[from] move: Knock Off|[of] p2a: Tornadus
|move|p1a: Kingambit|Kowtow Cleave|p2a: Tornadus
|-damage|p2a: Tornadus|14/100
|
|upkeep
|turn|13
|
|t:|1760416800
|move|p2a: Tornadus|Swagger|p1a: Kingambit
|-hint|Since gen 7, Dark is immune to Prankster moves.
|-immune|p1a: Kingambit
|move|p1a: Kingambit|Sucker Punch||[still]
|-fail|p1a: Kingambit
|
|upkeep
|turn|14
|
|t:|1760416807
|move|p1a: Kingambit|Sucker Punch|p2a: Tornadus
|-damage|p2a: Tornadus|0 fnt
|faint|p2a: Tornadus
|
|upkeep
|
|t:|1760416813
|switch|p2a: Blissey|Blissey, F|100/100
|turn|15
|
|t:|1760416821
|move|p1a: Kingambit|Kowtow Cleave|p2a: Blissey
|-damage|p2a: Blissey|45/100
|move|p2a: Blissey|Stealth Rock|p1a: Kingambit
|-sidestart|p1: J3llyf1sh2183|move: Stealth Rock
|
|upkeep
|turn|16
|
|t:|1760416828
|switch|p2a: Rhydon|Rhydon, M|67/100
|move|p1a: Kingambit|Kowtow Cleave|p2a: Rhydon
|-damage|p2a: Rhydon|36/100
|
|upkeep
|turn|17
|
|t:|1760416853
|-end|p1a: Kingambit|fallen2|[silent]
|switch|p1a: Dragapult|Dragapult, M|100/100
|-damage|p1a: Dragapult|88/100|[from] Spikes
|-damage|p1a: Dragapult|76/100|[from] Stealth Rock
|move|p2a: Rhydon|Body Press|p1a: Dragapult
|-immune|p1a: Dragapult
|
|upkeep
|turn|18
|
|t:|1760416897
|move|p1a: Dragapult|Draco Meteor|p2a: Rhydon
|-damage|p2a: Rhydon|0 fnt
|-unboost|p1a: Dragapult|spa|2
|faint|p2a: Rhydon
|
|upkeep
|
|t:|1760416900
|switch|p2a: Samurott|Samurott-Hisui, M, shiny|47/100
|turn|19
|
|t:|1760416912
|move|p1a: Dragapult|Draco Meteor|p2a: Samurott
|-damage|p2a: Samurott|17/100
|-unboost|p1a: Dragapult|spa|2
|move|p2a: Samurott|Ceaseless Edge|p1a: Dragapult
|-supereffective|p1a: Dragapult
|-damage|p1a: Dragapult|0 fnt
|-sidestart|p1: J3llyf1sh2183|Spikes
|faint|p1a: Dragapult
|
|upkeep
|
|t:|1760416920
|switch|p1a: Great Tusk|Great Tusk|67/100
|turn|20
|
|t:|1760416931
|-terastallize|p2a: Samurott|Ghost
|move|p1a: Great Tusk|Rapid Spin|p2a: Samurott
|-immune|p2a: Samurott
|move|p2a: Samurott|Aqua Cutter|p1a: Great Tusk
|-supereffective|p1a: Great Tusk
|-damage|p1a: Great Tusk|18/100
|
|upkeep
|turn|21
|
|t:|1760416940
|move|p2a: Samurott|Aqua Jet|p1a: Great Tusk
|-supereffective|p1a: Great Tusk
|-damage|p1a: Great Tusk|1/100
|move|p1a: Great Tusk|Headlong Rush|p2a: Samurott
|-damage|p2a: Samurott|0 fnt
|-unboost|p1a: Great Tusk|def|1
|-unboost|p1a: Great Tusk|spd|1
|faint|p2a: Samurott
|
|upkeep
|
|t:|1760416949
|switch|p2a: Blissey|Blissey, F|45/100
|turn|22
|c|☆shakissss|gg
|c|☆J3llyf1sh2183|gg
|
|t:|1760416957
|move|p1a: Great Tusk|Headlong Rush|p2a: Blissey
|-damage|p2a: Blissey|0 fnt
|-unboost|p1a: Great Tusk|def|1
|-unboost|p1a: Great Tusk|spd|1
|faint|p2a: Blissey
|
|win|J3llyf1sh2183
|raw|J3llyf1sh2183's rating: 1385 &rarr; <strong>1407</strong><br />(+22 for winning)
|raw|shakissss's rating: 1412 &rarr; <strong>1390</strong><br />(-22 for losing)
|l|☆shakissss
|player|p2|
|l|☆J3llyf1sh2183
|player|p1|
