|j|☆aerosloot
|j|☆tytjejejeo
|t:|1760314636
|gametype|singles
|player|p1|aerosloot|ninjaboy|1506
|player|p2|tytjejejeo|265|1448
|gen|9
|tier|[Gen 9] OU
|rated|
|rule|HP Percentage Mod: HP is shown in percentages
|rule|Endless Battle Clause: Forcing endless battles is banned
|rule|Species Clause: Limit one of each Pokémon
|rule|OHKO Clause: OHKO moves are banned
|rule|Evasion Items Clause: Evasion items are banned
|rule|Evasion Moves Clause: Evasion moves are banned
|rule|Evasion Abilities Clause: Evasion abilities are banned
|rule|Sleep Moves Clause: Sleep-inducing moves are banned
|clearpoke
|poke|p1|Dondozo, F|
|poke|p1|Blissey, F|
|poke|p1|Corviknight, F|
|poke|p1|Weezing-Galar, F|
|poke|p1|Gliscor, M|
|poke|p1|Toxapex, M|
|poke|p2|Gyarados, M|
|poke|p2|Moltres|
|poke|p2|Corviknight, M|
|poke|p2|Latias, F|
|poke|p2|Gliscor, M|
|poke|p2|Arbok, F|
|teampreview
|
|t:|1760314649
|teamsize|p1|6
|teamsize|p2|6
|start
|switch|p1a: Gliscor|Gliscor, M|100/100
|switch|p2a: Arbok|Arbok, F|100/100
|-ability|p2a: Arbok|Intimidate|boost
|-unboost|p1a: Gliscor|atk|1
|turn|1
|
|t:|1760314662
|move|p1a: Gliscor|Knock Off|p2a: Arbok
|-damage|p2a: Arbok|87/100
|-enditem|p2a: Arbok|Black Sludge|[from] move: Knock Off|[of] p1a: Gliscor
|move|p2a: Arbok|Switcheroo|p1a: Gliscor
|-activate|p2a: Arbok|move: Trick|[of] p1a: Gliscor
|-enditem|p1a: Gliscor|Toxic Orb|[silent]|[from] move: Switcheroo
|-item|p2a: Arbok|Toxic Orb|[from] move: Switcheroo
|
|upkeep
|turn|2
|
|t:|1760314676
|switch|p2a: Corviknight|Corviknight, M|100/100
|-ability|p2a: Corviknight|Pressure
|move|p1a: Gliscor|Spikes|p2a: Corviknight
|-sidestart|p2: tytjejejeo|Spikes
|
|upkeep
|turn|3
|
|t:|1760314682
|move|p1a: Gliscor|Knock Off|p2a: Corviknight
|-damage|p2a: Corviknight|89/100
|-enditem|p2a: Corviknight|Leftovers|[from] move: Knock Off|[of] p1a: Gliscor
|move|p2a: Corviknight|Brave Bird|p1a: Gliscor
|-damage|p1a: Gliscor|70/100
|-damage|p2a: Corviknight|80/100|[from] Recoil
|
|upkeep
|turn|4
|
|t:|1760314691
|switch|p1a: Toxapex|Toxapex, M|100/100
|move|p2a: Corviknight|Defog|p1a: Toxapex
|-unboost|p1a: Toxapex|evasion|1
|-sideend|p2: tytjejejeo|Spikes|[from] move: Defog|[of] p2a: Corviknight
|
|upkeep
|turn|5
|
|t:|1760314699
|move|p2a: Corviknight|U-turn|p1a: Toxapex
|-resisted|p1a: Toxapex
|-damage|p1a: Toxapex|95/100
|
|t:|1760314703
|switch|p2a: Gliscor|Gliscor, M|100/100|[from] U-turn
|move|p1a: Toxapex|Toxic Spikes|p2a: Gliscor
|-sidestart|p2: tytjejejeo|move: Toxic Spikes
|
|-heal|p1a: Toxapex|100/100|[from] item: Leftovers
|-status|p2a: Gliscor|tox|[from] item: Toxic Orb
|upkeep
|turn|6
|
|t:|1760314713
|switch|p1a: Corviknight|Corviknight, F|100/100
|-ability|p1a: Corviknight|Pressure
|move|p2a: Gliscor|Earthquake|p1a: Corviknight
|-immune|p1a: Corviknight
|
|upkeep
|turn|7
|
|t:|1760314720
|switch|p2a: Moltres|Moltres|100/100
|move|p1a: Corviknight|Iron Defense|p1a: Corviknight
|-boost|p1a: Corviknight|def|2
|
|upkeep
|turn|8
|
|t:|1760314738
|switch|p2a: Arbok|Arbok, F|87/100
|-sideend|p2: tytjejejeo|move: Toxic Spikes|[of] p2a: Arbok
|-ability|p2a: Arbok|Intimidate|boost
|-unboost|p1a: Corviknight|atk|1
|switch|p1a: Gliscor|Gliscor, M|70/100
|
|upkeep
|turn|9
|
|t:|1760314746
|switch|p2a: Corviknight|Corviknight, M|80/100
|-ability|p2a: Corviknight|Pressure
|move|p1a: Gliscor|Knock Off|p2a: Corviknight
|-damage|p2a: Corviknight|68/100
|
|upkeep
|turn|10
|
|t:|1760314753
|move|p1a: Gliscor|Protect|p1a: Gliscor
|-singleturn|p1a: Gliscor|Protect
|move|p2a: Corviknight|Brave Bird|p1a: Gliscor
|-activate|p1a: Gliscor|move: Protect
|
|upkeep
|turn|11
|
|t:|1760314765
|switch|p1a: Toxapex|Toxapex, M|100/100
|move|p2a: Corviknight|Brave Bird|p1a: Toxapex
|-damage|p1a: Toxapex|74/100
|-damage|p2a: Corviknight|61/100|[from] Recoil
|
|-heal|p1a: Toxapex|80/100|[from] item: Leftovers
|upkeep
|turn|12
|
|t:|1760314777
|switch|p1a: Gliscor|Gliscor, M|70/100
|move|p2a: Corviknight|U-turn|p1a: Gliscor
|-resisted|p1a: Gliscor
|-damage|p1a: Gliscor|65/100
|
|t:|1760314784
|switch|p2a: Gyarados|Gyarados, M|100/100|[from] U-turn
|
|upkeep
|turn|13
|
|t:|1760314792
|move|p2a: Gyarados|Ice Fang|p1a: Gliscor
|-supereffective|p1a: Gliscor
|-damage|p1a: Gliscor|0 fnt
|faint|p1a: Gliscor
|-ability|p2a: Gyarados|Moxie|boost
|-boost|p2a: Gyarados|atk|1
|
|upkeep
|
|t:|1760314804
|switch|p1a: Dondozo|Dondozo, F|100/100
|turn|14
|
|t:|1760314811
|switch|p2a: Arbok|Arbok, F|87/100
|-ability|p2a: Arbok|Intimidate|boost
|-unboost|p1a: Dondozo|atk|1
|move|p1a: Dondozo|Body Press|p2a: Arbok
|-resisted|p2a: Arbok
|-damage|p2a: Arbok|75/100
|
|upkeep
|turn|15
|
|t:|1760314820
|switch|p1a: Corviknight|Corviknight, F|100/100
|-ability|p1a: Corviknight|Pressure
|move|p2a: Arbok|Toxic|p1a: Corviknight
|-immune|p1a: Corviknight
|
|upkeep
|turn|16
|
|t:|1760314833
|switch|p2a: Moltres|Moltres|100/100
|switch|p1a: Blissey|Blissey, F|100/100
|
|upkeep
|turn|17
|
|t:|1760314839
|move|p2a: Moltres|U-turn|p1a: Blissey
|-damage|p1a: Blissey|85/100
|
|t:|1760314844
|switch|p2a: Gliscor|Gliscor, M|100/100 tox|[from] U-turn
|move|p1a: Blissey|Stealth Rock|p2a: Gliscor
|-sidestart|p2: tytjejejeo|move: Stealth Rock
|
|-heal|p1a: Blissey|92/100|[from] item: Leftovers
|upkeep
|turn|18
|
|t:|1760314853
|switch|p1a: Corviknight|Corviknight, F|100/100
|-ability|p1a: Corviknight|Pressure
|move|p2a: Gliscor|U-turn|p1a: Corviknight
|-resisted|p1a: Corviknight
|-damage|p1a: Corviknight|98/100
|
|t:|1760314859
|switch|p2a: Moltres|Moltres|100/100|[from] U-turn
|
|-heal|p1a: Corviknight|100/100|[from] item: Leftovers
|upkeep
|turn|19
|
|t:|1760314872
|switch|p1a: Blissey|Blissey, F|92/100
|move|p2a: Moltres|Will-O-Wisp|p1a: Blissey
|-status|p1a: Blissey|brn
|
|-heal|p1a: Blissey|98/100 brn|[from] item: Leftovers
|-damage|p1a: Blissey|92/100 brn|[from] brn
|upkeep
|turn|20
|
|t:|1760314881
|move|p2a: Moltres|U-turn|p1a: Blissey
|-damage|p1a: Blissey|76/100 brn
|
|t:|1760314885
|switch|p2a: Gliscor|Gliscor, M|100/100 tox|[from] U-turn
|-damage|p2a: Gliscor|88/100 tox|[from] Stealth Rock
|move|p1a: Blissey|Seismic Toss|p2a: Gliscor
|-damage|p2a: Gliscor|60/100 tox
|
|-heal|p1a: Blissey|83/100 brn|[from] item: Leftovers
|-heal|p2a: Gliscor|72/100 tox|[from] ability: Poison Heal
|-damage|p1a: Blissey|76/100 brn|[from] brn
|upkeep
|turn|21
|
|t:|1760314896
|-curestatus|p1a: Blissey|brn|[from] ability: Natural Cure
|switch|p1a: Weezing|Weezing-Galar, F|100/100
|-ability|p1a: Weezing|Neutralizing Gas
|move|p2a: Gliscor|U-turn|p1a: Weezing
|-resisted|p1a: Weezing
|-damage|p1a: Weezing|98/100
|
|t:|1760314903
|switch|p2a: Corviknight|Corviknight, M|61/100|[from] U-turn
|-damage|p2a: Corviknight|49/100|[from] Stealth Rock
|
|upkeep
|turn|22
|
|t:|1760314909
|move|p2a: Corviknight|Roost|p2a: Corviknight
|-heal|p2a: Corviknight|99/100
|-singleturn|p2a: Corviknight|move: Roost
|move|p1a: Weezing|Will-O-Wisp|p2a: Corviknight|[miss]
|-miss|p1a: Weezing|p2a: Corviknight
|
|upkeep
|turn|23
|
|t:|1760314920
|-end|p1a: Weezing|ability: Neutralizing Gas
|-ability|p2a: Corviknight|Pressure
|switch|p1a: Toxapex|Toxapex, M|100/100
|move|p2a: Corviknight|U-turn|p1a: Toxapex
|-resisted|p1a: Toxapex
|-damage|p1a: Toxapex|95/100
|
|t:|1760314925
|switch|p2a: Gliscor|Gliscor, M|72/100 tox|[from] U-turn
|-damage|p2a: Gliscor|60/100 tox|[from] Stealth Rock
|
|-heal|p1a: Toxapex|100/100|[from] item: Leftovers
|-heal|p2a: Gliscor|72/100 tox|[from] ability: Poison Heal
|upkeep
|turn|24
|
|t:|1760314935
|switch|p1a: Corviknight|Corviknight, F|100/100
|-ability|p1a: Corviknight|Pressure
|move|p2a: Gliscor|Earthquake|p1a: Corviknight
|-immune|p1a: Corviknight
|
|-heal|p2a: Gliscor|85/100 tox|[from] ability: Poison Heal
|upkeep
|turn|25
|
|t:|1760314946
|switch|p2a: Corviknight|Corviknight, M|99/100
|-damage|p2a: Corviknight|86/100|[from] Stealth Rock
|-ability|p2a: Corviknight|Pressure
|move|p1a: Corviknight|Iron Defense|p1a: Corviknight
|-boost|p1a: Corviknight|def|2
|
|upkeep
|turn|26
|
|t:|1760314954
|move|p2a: Corviknight|Defog|p1a: Corviknight
|-unboost|p1a: Corviknight|evasion|1
|-sideend|p2: tytjejejeo|Stealth Rock|[from] move: Defog|[of] p2a: Corviknight
|move|p1a: Corviknight|Body Press|p2a: Corviknight
|-damage|p2a: Corviknight|40/100
|
|upkeep
|turn|27
|
|t:|1760314961
|switch|p2a: Moltres|Moltres|100/100
|move|p1a: Corviknight|Body Press|p2a: Moltres
|-resisted|p2a: Moltres
|-damage|p2a: Moltres|82/100
|
|upkeep
|turn|28
|
|t:|1760314970
|switch|p1a: Weezing|Weezing-Galar, F|98/100
|-ability|p1a: Weezing|Neutralizing Gas
|move|p2a: Moltres|Will-O-Wisp|p1a: Weezing
|-status|p1a: Weezing|brn
|
|-damage|p1a: Weezing|92/100 brn|[from] brn
|upkeep
|turn|29
|
|t:|1760314982
|move|p2a: Moltres|Overheat|p1a: Weezing
|-damage|p1a: Weezing|13/100 brn
|-unboost|p2a: Moltres|spa|2
|move|p1a: Weezing|Will-O-Wisp|p2a: Moltres
|-immune|p2a: Moltres
|
|-damage|p1a: Weezing|7/100 brn|[from] brn
|upkeep
|turn|30
|
|t:|1760314991
|move|p2a: Moltres|U-turn|p1a: Weezing
|-resisted|p1a: Weezing
|-damage|p1a: Weezing|5/100 brn
|
|t:|1760315000
|switch|p2a: Latias|Latias, F|100/100|[from] U-turn
|move|p1a: Weezing|Pain Split|p2a: Latias
|-sethp|p2a: Latias|52/100|[from] move: Pain Split|[silent]
|-sethp|p1a: Weezing|57/100 brn|[from] move: Pain Split
|
|-damage|p1a: Weezing|51/100 brn|[from] brn
|upkeep
|turn|31
|
|t:|1760315011
|switch|p2a: Moltres|Moltres|82/100
|move|p1a: Weezing|Strange Steam|p2a: Moltres
|-resisted|p2a: Moltres
|-damage|p2a: Moltres|67/100
|
|-damage|p1a: Weezing|45/100 brn|[from] brn
|upkeep
|turn|32
|
|t:|1760315019
|-end|p1a: Weezing|ability: Neutralizing Gas
|switch|p1a: Blissey|Blissey, F|76/100
|move|p2a: Moltres|U-turn|p1a: Blissey
|-damage|p1a: Blissey|61/100
|
|t:|1760315022
|switch|p2a: Corviknight|Corviknight, M|40/100|[from] U-turn
|-ability|p2a: Corviknight|Pressure
|
|-heal|p1a: Blissey|67/100|[from] item: Leftovers
|upkeep
|turn|33
|
|t:|1760315034
|move|p2a: Corviknight|Roost|p2a: Corviknight
|-heal|p2a: Corviknight|90/100
|-singleturn|p2a: Corviknight|move: Roost
|move|p1a: Blissey|Seismic Toss|p2a: Corviknight
|-damage|p2a: Corviknight|65/100
|
|-heal|p1a: Blissey|74/100|[from] item: Leftovers
|upkeep
|turn|34
|
|t:|1760315043
|switch|p1a: Toxapex|Toxapex, M|100/100
|move|p2a: Corviknight|U-turn|p1a: Toxapex
|-resisted|p1a: Toxapex
|-damage|p1a: Toxapex|94/100
|
|t:|1760315056
|switch|p2a: Latias|Latias, F|52/100|[from] U-turn
|
|-heal|p1a: Toxapex|100/100|[from] item: Leftovers
|upkeep
|turn|35
|-message|aerosloot forfeited.
|
|win|tytjejejeo
|raw|aerosloot's rating: 1506 &rarr; <strong>1483</strong><br />(-23 for losing)
|raw|tytjejejeo's rating: 1448 &rarr; <strong>1471</strong><br />(+23 for winning)
|l|☆aerosloot
|player|p1|
