|j|☆Semelene3
|j|☆Lolproplayer
|t:|1760431119
|gametype|singles
|player|p1|Semelene3|pokemonrangerf-gen4|1625
|player|p2|Lolproplayer|102|1690
|gen|9
|tier|[Gen 9] OU
|rated|
|rule|HP Percentage Mod: HP is shown in percentages
|rule|Endless Battle Clause: Forcing endless battles is banned
|rule|Species Clause: Limit one of each Pokémon
|rule|OHKO Clause: OHKO moves are banned
|rule|Evasion Items Clause: Evasion items are banned
|rule|Evasion Moves Clause: Evasion moves are banned
|rule|Evasion Abilities Clause: Evasion abilities are banned
|rule|Sleep Moves Clause: Sleep-inducing moves are banned
|clearpoke
|poke|p1|Pelipper, F|
|poke|p1|Barraskewda, M|
|poke|p1|Zapdos|
|poke|p1|Corviknight, M|
|poke|p1|Clodsire, M|
|poke|p1|Incineroar, F|
|poke|p2|Ursaluna, F|
|poke|p2|Cresselia, F|
|poke|p2|Iron Hands|
|poke|p2|Volcanion|
|poke|p2|Hatterene, F|
|poke|p2|Porygon2|
|teampreview
|inactive|Battle timer is ON: inactive players will automatically lose when time's up. (requested by Semelene3)
|
|t:|1760431132
|teamsize|p1|6
|teamsize|p2|6
|start
|switch|p1a: Barraskewda|Barraskewda, M|100/100
|switch|p2a: Porygon2|Porygon2|100/100
|-ability|p2a: Porygon2|Download|boost
|-boost|p2a: Porygon2|spa|1
|turn|1
|
|t:|1760431142
|switch|p2a: Volcanion|Volcanion|100/100
|move|p1a: Barraskewda|Liquidation|p2a: Volcanion
|-immune|p2a: Volcanion|[from] ability: Water Absorb
|
|upkeep
|turn|2
|
|t:|1760431153
|switch|p1a: Pelipper|Pelipper, F|100/100
|-weather|RainDance|[from] ability: Drizzle|[of] p1a: Pelipper
|move|p2a: Volcanion|Steam Eruption|p1a: Pelipper
|-resisted|p1a: Pelipper
|-damage|p1a: Pelipper|11/100
|-status|p1a: Pelipper|brn
|
|-weather|RainDance|[upkeep]
|-damage|p1a: Pelipper|5/100 brn|[from] brn
|upkeep
|turn|3
|
|t:|1760431178
|switch|p2a: Ursaluna|Ursaluna, F|100/100
|switch|p1a: Clodsire|Clodsire, M|100/100
|
|-weather|RainDance|[upkeep]
|-status|p2a: Ursaluna|brn|[from] item: Flame Orb
|upkeep
|turn|4
|
|t:|1760431187
|switch|p1a: Incineroar|Incineroar, F, shiny|100/100
|-ability|p1a: Incineroar|Intimidate|boost
|-unboost|p2a: Ursaluna|atk|1
|move|p2a: Ursaluna|Swords Dance|p2a: Ursaluna
|-boost|p2a: Ursaluna|atk|2
|
|-weather|RainDance|[upkeep]
|-damage|p2a: Ursaluna|94/100 brn|[from] brn
|upkeep
|turn|5
|
|t:|1760431204
|switch|p1a: Corviknight|Corviknight, M, shiny|100/100
|-ability|p1a: Corviknight|Pressure
|move|p2a: Ursaluna|Swords Dance|p2a: Ursaluna
|-boost|p2a: Ursaluna|atk|2
|
|-weather|RainDance|[upkeep]
|-damage|p2a: Ursaluna|88/100 brn|[from] brn
|upkeep
|turn|6
|
|t:|1760431213
|move|p1a: Corviknight|Body Press|p2a: Ursaluna
|-supereffective|p2a: Ursaluna
|-damage|p2a: Ursaluna|53/100 brn
|move|p2a: Ursaluna|Facade|p1a: Corviknight
|-resisted|p1a: Corviknight
|-damage|p1a: Corviknight|10/100
|-damage|p2a: Ursaluna|36/100 brn|[from] item: Rocky Helmet|[of] p1a: Corviknight
|
|-weather|RainDance|[upkeep]
|-damage|p2a: Ursaluna|30/100 brn|[from] brn
|upkeep
|turn|7
|
|t:|1760431229
|switch|p2a: Cresselia|Cresselia, F|100/100
|move|p1a: Corviknight|Body Press|p2a: Cresselia
|-resisted|p2a: Cresselia
|-damage|p2a: Cresselia|92/100
|
|-weather|RainDance|[upkeep]
|upkeep
|turn|8
|
|t:|1760431239
|move|p2a: Cresselia|Psychic|p1a: Corviknight
|-resisted|p1a: Corviknight
|-damage|p1a: Corviknight|0 fnt
|faint|p1a: Corviknight
|
|-weather|RainDance|[upkeep]
|upkeep
|
|t:|1760431242
|switch|p1a: Barraskewda|Barraskewda, M|100/100
|turn|9
|
|t:|1760431247
|move|p1a: Barraskewda|Liquidation|p2a: Cresselia
|-damage|p2a: Cresselia|26/100
|-unboost|p2a: Cresselia|def|1
|move|p2a: Cresselia|Trick Room|p2a: Cresselia
|-fieldstart|move: Trick Room|[of] p2a: Cresselia
|
|-weather|none
|upkeep
|turn|10
|
|t:|1760431257
|switch|p1a: Clodsire|Clodsire, M|100/100
|move|p2a: Cresselia|Lunar Dance|p2a: Cresselia
|faint|p2a: Cresselia
|
|upkeep
|
|t:|1760431265
|switch|p2a: Ursaluna|Ursaluna, F|30/100 brn
|-heal|p2a: Ursaluna|100/100|[from] move: Lunar Dance
|turn|11
|-message|Semelene3 forfeited.
|
|win|Lolproplayer
|raw|Semelene3's rating: 1625 &rarr; <strong>1609</strong><br />(-16 for losing)
|raw|Lolproplayer's rating: 1690 &rarr; <strong>1706</strong><br />(+16 for winning)
|l|☆Semelene3
|player|p1|
|l|☆Lolproplayer
|player|p2|
