|j|☆socials alexjmUK
|j|☆Hebigami666
|t:|1760363057
|gametype|singles
|player|p1|socials alexjmUK|101|1060
|player|p2|Hebigami666|roxie|1000
|gen|9
|tier|[Gen 9] OU
|rated|
|rule|HP Percentage Mod: HP is shown in percentages
|rule|Endless Battle Clause: Forcing endless battles is banned
|rule|Species Clause: Limit one of each Pokémon
|rule|OHKO Clause: OHKO moves are banned
|rule|Evasion Items Clause: Evasion items are banned
|rule|Evasion Moves Clause: Evasion moves are banned
|rule|Evasion Abilities Clause: Evasion abilities are banned
|rule|Sleep Moves Clause: Sleep-inducing moves are banned
|clearpoke
|poke|p1|Toxapex, M|
|poke|p1|Skeledirge, M|
|poke|p1|Dondozo, F|
|poke|p1|Samurott-Hisui, F|
|poke|p1|Ting-Lu|
|poke|p1|Kingambit, F|
|poke|p2|Glimmora, F|
|poke|p2|Gholdengo|
|poke|p2|Iron Moth|
|poke|p2|Fezandipiti, M|
|poke|p2|Sinistcha|
|poke|p2|Overqwil, M|
|teampreview
|
|t:|1760363067
|teamsize|p1|6
|teamsize|p2|6
|start
|switch|p1a: Toxapex|Toxapex, M, shiny|100/100
|switch|p2a: Overqwil|Overqwil, M|100/100
|-ability|p2a: Overqwil|Intimidate|boost
|-unboost|p1a: Toxapex|atk|1
|turn|1
|
|t:|1760363092
|switch|p2a: Glimmora|Glimmora, F|100/100
|switch|p1a: Ting-Lu|Ting-Lu|100/100
|-ability|p1a: Ting-Lu|Vessel of Ruin
|
|upkeep
|turn|2
|
|t:|1760363108
|move|p2a: Glimmora|Stealth Rock|p1a: Ting-Lu
|-sidestart|p1: socials alexjmUK|move: Stealth Rock
|move|p1a: Ting-Lu|Earthquake|p2a: Glimmora
|-supereffective|p2a: Glimmora
|-enditem|p2a: Glimmora|Focus Sash
|-damage|p2a: Glimmora|1/100
|-activate|p2a: Glimmora|ability: Toxic Debris
|-sidestart|p1: socials alexjmUK|move: Toxic Spikes
|
|upkeep
|turn|3
|
|t:|1760363122
|move|p2a: Glimmora|Dazzling Gleam|p1a: Ting-Lu
|-supereffective|p1a: Ting-Lu
|-damage|p1a: Ting-Lu|76/100
|move|p1a: Ting-Lu|Whirlwind|p2a: Glimmora
|drag|p2a: Sinistcha|Sinistcha|100/100
|
|-heal|p1a: Ting-Lu|82/100|[from] item: Leftovers
|upkeep
|turn|4
|
|t:|1760363139
|move|p2a: Sinistcha|Calm Mind|p2a: Sinistcha
|-boost|p2a: Sinistcha|spa|1
|-boost|p2a: Sinistcha|spd|1
|move|p1a: Ting-Lu|Stealth Rock|p2a: Sinistcha
|-sidestart|p2: Hebigami666|move: Stealth Rock
|
|-heal|p1a: Ting-Lu|88/100|[from] item: Leftovers
|upkeep
|turn|5
|
|t:|1760363149
|move|p2a: Sinistcha|Matcha Gotcha|p1a: Ting-Lu
|-supereffective|p1a: Ting-Lu
|-damage|p1a: Ting-Lu|44/100
|-status|p1a: Ting-Lu|brn
|move|p1a: Ting-Lu|Ruination|p2a: Sinistcha
|-damage|p2a: Sinistcha|50/100
|
|-heal|p2a: Sinistcha|57/100|[from] item: Leftovers
|-heal|p1a: Ting-Lu|50/100 brn|[from] item: Leftovers
|-damage|p1a: Ting-Lu|44/100 brn|[from] brn
|upkeep
|turn|6
|
|t:|1760363163
|move|p2a: Sinistcha|Strength Sap|p1a: Ting-Lu
|-unboost|p1a: Ting-Lu|atk|1
|-heal|p2a: Sinistcha|100/100
|move|p1a: Ting-Lu|Whirlwind|p2a: Sinistcha
|drag|p2a: Iron Moth|Iron Moth|100/100
|-damage|p2a: Iron Moth|76/100|[from] Stealth Rock
|-enditem|p2a: Iron Moth|Booster Energy
|-activate|p2a: Iron Moth|ability: Quark Drive|[fromitem]
|-start|p2a: Iron Moth|quarkdrivespe
|
|-heal|p1a: Ting-Lu|50/100 brn|[from] item: Leftovers
|-damage|p1a: Ting-Lu|44/100 brn|[from] brn
|upkeep
|turn|7
|
|t:|1760363182
|-terastallize|p2a: Iron Moth|Grass
|move|p2a: Iron Moth|Energy Ball|p1a: Ting-Lu
|-supereffective|p1a: Ting-Lu
|-crit|p1a: Ting-Lu
|-damage|p1a: Ting-Lu|0 fnt
|faint|p1a: Ting-Lu
|
|upkeep
|
|t:|1760363188
|switch|p1a: Skeledirge|Skeledirge, M|100/100
|turn|8
|
|t:|1760363205
|-end|p2a: Iron Moth|Quark Drive|[silent]
|switch|p2a: Fezandipiti|Fezandipiti, M|100/100
|move|p1a: Skeledirge|Will-O-Wisp|p2a: Fezandipiti
|-status|p2a: Fezandipiti|brn
|
|-damage|p2a: Fezandipiti|94/100 brn|[from] brn
|upkeep
|turn|9
|inactive|Battle timer is ON: inactive players will automatically lose when time's up. (requested by Hebigami666)
|
|t:|1760363267
|move|p2a: Fezandipiti|Beat Up|p1a: Skeledirge
|-supereffective|p1a: Skeledirge
|-damage|p1a: Skeledirge|98/100
|-status|p1a: Skeledirge|tox|[from] ability: Toxic Chain|[of] p2a: Fezandipiti
|-supereffective|p1a: Skeledirge
|-damage|p1a: Skeledirge|95/100 tox
|-supereffective|p1a: Skeledirge
|-crit|p1a: Skeledirge
|-damage|p1a: Skeledirge|91/100 tox
|-supereffective|p1a: Skeledirge
|-damage|p1a: Skeledirge|89/100 tox
|-supereffective|p1a: Skeledirge
|-damage|p1a: Skeledirge|87/100 tox
|-supereffective|p1a: Skeledirge
|-damage|p1a: Skeledirge|83/100 tox
|-hitcount|p1a: Skeledirge|6
|move|p1a: Skeledirge|Hex|p2a: Fezandipiti
|-damage|p2a: Fezandipiti|60/100 brn
|
|-damage|p1a: Skeledirge|77/100 tox|[from] psn
|-damage|p2a: Fezandipiti|54/100 brn|[from] brn
|upkeep
|turn|10
|
|t:|1760363287
|switch|p2a: Overqwil|Overqwil, M|100/100
|-damage|p2a: Overqwil|88/100|[from] Stealth Rock
|-ability|p2a: Overqwil|Intimidate|boost
|-unboost|p1a: Skeledirge|atk|1
|move|p1a: Skeledirge|Hex|p2a: Overqwil
|-resisted|p2a: Overqwil
|-damage|p2a: Overqwil|73/100
|
|-heal|p2a: Overqwil|79/100|[from] item: Leftovers
|-damage|p1a: Skeledirge|65/100 tox|[from] psn
|upkeep
|turn|11
|inactive|Hebigami666 has 120 seconds left.
|
|t:|1760363316
|switch|p2a: Fezandipiti|Fezandipiti, M|54/100 brn
|switch|p1a: Samurott|Samurott-Hisui, F, shiny|100/100
|
|-damage|p2a: Fezandipiti|48/100 brn|[from] brn
|upkeep
|turn|12
|inactive|Hebigami666 has 120 seconds left.
|
|t:|1760363330
|move|p2a: Fezandipiti|Roost|p2a: Fezandipiti
|-heal|p2a: Fezandipiti|98/100 brn
|-singleturn|p2a: Fezandipiti|move: Roost
|move|p1a: Samurott|Knock Off|p2a: Fezandipiti
|-resisted|p2a: Fezandipiti
|-damage|p2a: Fezandipiti|73/100 brn
|-enditem|p2a: Fezandipiti|Heavy-Duty Boots|[from] move: Knock Off|[of] p1a: Samurott
|
|-damage|p2a: Fezandipiti|67/100 brn|[from] brn
|upkeep
|turn|13
|inactive|Hebigami666 has 120 seconds left.
|
|t:|1760363340
|switch|p1a: Skeledirge|Skeledirge, M|65/100 tox
|move|p2a: Fezandipiti|Play Rough|p1a: Skeledirge|[miss]
|-miss|p2a: Fezandipiti|p1a: Skeledirge
|
|-damage|p1a: Skeledirge|59/100 tox|[from] psn
|-damage|p2a: Fezandipiti|61/100 brn|[from] brn
|upkeep
|turn|14
|inactive|Hebigami666 has 120 seconds left.
|
|t:|1760363353
|move|p2a: Fezandipiti|Play Rough|p1a: Skeledirge
|-resisted|p1a: Skeledirge
|-damage|p1a: Skeledirge|51/100 tox
|move|p1a: Skeledirge|Torch Song|p2a: Fezandipiti
|-damage|p2a: Fezandipiti|40/100 brn
|-boost|p1a: Skeledirge|spa|1
|
|-damage|p1a: Skeledirge|39/100 tox|[from] psn
|-damage|p2a: Fezandipiti|34/100 brn|[from] brn
|upkeep
|turn|15
|inactive|Hebigami666 has 120 seconds left.
|
|t:|1760363365
|move|p2a: Fezandipiti|U-turn|p1a: Skeledirge
|-resisted|p1a: Skeledirge
|-damage|p1a: Skeledirge|38/100 tox
|
|t:|1760363368
|switch|p2a: Overqwil|Overqwil, M|79/100|[from] U-turn
|-damage|p2a: Overqwil|67/100|[from] Stealth Rock
|-ability|p2a: Overqwil|Intimidate|boost
|-unboost|p1a: Skeledirge|atk|1
|move|p1a: Skeledirge|Slack Off|p1a: Skeledirge
|-heal|p1a: Skeledirge|88/100 tox
|
|-heal|p2a: Overqwil|73/100|[from] item: Leftovers
|-damage|p1a: Skeledirge|69/100 tox|[from] psn
|upkeep
|turn|16
|inactive|Hebigami666 has 120 seconds left.
|
|t:|1760363384
|switch|p1a: Samurott|Samurott-Hisui, F, shiny|100/100
|move|p2a: Overqwil|Barb Barrage|p1a: Samurott
|-damage|p1a: Samurott|67/100
|-status|p1a: Samurott|psn
|
|-heal|p2a: Overqwil|79/100|[from] item: Leftovers
|-damage|p1a: Samurott|54/100 psn|[from] psn
|upkeep
|turn|17
|
|t:|1760363394
|move|p1a: Samurott|Ceaseless Edge|p2a: Overqwil
|-resisted|p2a: Overqwil
|-damage|p2a: Overqwil|58/100
|-sidestart|p2: Hebigami666|Spikes
|move|p2a: Overqwil|Swords Dance|p2a: Overqwil
|-boost|p2a: Overqwil|atk|2
|
|-heal|p2a: Overqwil|64/100|[from] item: Leftovers
|-damage|p1a: Samurott|42/100 psn|[from] psn
|upkeep
|turn|18
|
|t:|1760363404
|move|p2a: Overqwil|Barb Barrage|p1a: Samurott
|-damage|p1a: Samurott|0 fnt
|faint|p1a: Samurott
|
|-heal|p2a: Overqwil|70/100|[from] item: Leftovers
|upkeep
|
|t:|1760363410
|switch|p1a: Toxapex|Toxapex, M, shiny|100/100
|-damage|p1a: Toxapex|88/100|[from] Stealth Rock
|-sideend|p1: socials alexjmUK|move: Toxic Spikes|[of] p1a: Toxapex
|turn|19
|
|t:|1760363419
|move|p1a: Toxapex|Baneful Bunker|p1a: Toxapex
|-singleturn|p1a: Toxapex|move: Protect
|move|p2a: Overqwil|Liquidation|p1a: Toxapex
|-activate|p1a: Toxapex|move: Protect
|
|-heal|p2a: Overqwil|76/100|[from] item: Leftovers
|-heal|p1a: Toxapex|94/100|[from] item: Black Sludge
|upkeep
|turn|20
|
|t:|1760363427
|move|p2a: Overqwil|Liquidation|p1a: Toxapex
|-resisted|p1a: Toxapex
|-damage|p1a: Toxapex|77/100
|move|p1a: Toxapex|Haze|p1a: Toxapex
|-clearallboost
|
|-heal|p2a: Overqwil|82/100|[from] item: Leftovers
|-heal|p1a: Toxapex|83/100|[from] item: Black Sludge
|upkeep
|turn|21
|
|t:|1760363447
|switch|p1a: Dondozo|Dondozo, F, shiny|100/100
|-damage|p1a: Dondozo|88/100|[from] Stealth Rock
|move|p2a: Overqwil|Swords Dance|p2a: Overqwil
|-boost|p2a: Overqwil|atk|2
|
|-heal|p2a: Overqwil|88/100|[from] item: Leftovers
|-heal|p1a: Dondozo|94/100|[from] item: Leftovers
|upkeep
|turn|22
|
|t:|1760363457
|move|p2a: Overqwil|Barb Barrage|p1a: Dondozo
|-damage|p1a: Dondozo|81/100
|-status|p1a: Dondozo|psn
|move|p1a: Dondozo|Curse|p1a: Dondozo
|-unboost|p1a: Dondozo|spe|1
|-boost|p1a: Dondozo|atk|1
|-boost|p1a: Dondozo|def|1
|
|-heal|p2a: Overqwil|95/100|[from] item: Leftovers
|-heal|p1a: Dondozo|87/100 psn|[from] item: Leftovers
|-damage|p1a: Dondozo|75/100 psn|[from] psn
|upkeep
|turn|23
|
|t:|1760363469
|move|p2a: Overqwil|Barb Barrage|p1a: Dondozo
|-damage|p1a: Dondozo|55/100 psn
|move|p1a: Dondozo|Curse|p1a: Dondozo
|-unboost|p1a: Dondozo|spe|1
|-boost|p1a: Dondozo|atk|1
|-boost|p1a: Dondozo|def|1
|
|-heal|p2a: Overqwil|100/100|[from] item: Leftovers
|-heal|p1a: Dondozo|61/100 psn|[from] item: Leftovers
|-damage|p1a: Dondozo|49/100 psn|[from] psn
|upkeep
|turn|24
|
|t:|1760363488
|move|p2a: Overqwil|Barb Barrage|p1a: Dondozo
|-damage|p1a: Dondozo|35/100 psn
|move|p1a: Dondozo|Rest|p1a: Dondozo
|-status|p1a: Dondozo|slp|[from] move: Rest
|-heal|p1a: Dondozo|100/100 slp|[silent]
|
|upkeep
|turn|25
|
|t:|1760363496
|move|p2a: Overqwil|Swords Dance|p2a: Overqwil
|-boost|p2a: Overqwil|atk|2
|cant|p1a: Dondozo|slp
|move|p1a: Dondozo|Sleep Talk|p1a: Dondozo
|move|p1a: Dondozo|Liquidation|p2a: Overqwil|[from] move: Sleep Talk
|-damage|p2a: Overqwil|43/100
|
|-heal|p2a: Overqwil|49/100|[from] item: Leftovers
|upkeep
|turn|26
|
|t:|1760363506
|move|p2a: Overqwil|Barb Barrage|p1a: Dondozo
|-damage|p1a: Dondozo|93/100 slp
|cant|p1a: Dondozo|slp
|move|p1a: Dondozo|Sleep Talk|p1a: Dondozo
|move|p1a: Dondozo|Liquidation|p2a: Overqwil|[from] move: Sleep Talk
|-damage|p2a: Overqwil|0 fnt
|faint|p2a: Overqwil
|
|-heal|p1a: Dondozo|99/100 slp|[from] item: Leftovers
|upkeep
|
|t:|1760363516
|switch|p2a: Gholdengo|Gholdengo|100/100
|-damage|p2a: Gholdengo|94/100|[from] Stealth Rock
|-damage|p2a: Gholdengo|82/100|[from] Spikes
|turn|27
|
|t:|1760363522
|move|p2a: Gholdengo|Nasty Plot|p2a: Gholdengo
|-boost|p2a: Gholdengo|spa|2
|-curestatus|p1a: Dondozo|slp|[msg]
|move|p1a: Dondozo|Sleep Talk||[still]
|-fail|p1a: Dondozo
|
|-heal|p1a: Dondozo|100/100|[from] item: Leftovers
|upkeep
|turn|28
|
|t:|1760363534
|move|p2a: Gholdengo|Shadow Ball|p1a: Dondozo
|-damage|p1a: Dondozo|68/100
|move|p1a: Dondozo|Curse|p1a: Dondozo
|-unboost|p1a: Dondozo|spe|1
|-boost|p1a: Dondozo|atk|1
|-boost|p1a: Dondozo|def|1
|
|-heal|p1a: Dondozo|74/100|[from] item: Leftovers
|upkeep
|turn|29
|
|t:|1760363542
|move|p2a: Gholdengo|Shadow Ball|p1a: Dondozo
|-damage|p1a: Dondozo|42/100
|move|p1a: Dondozo|Curse|p1a: Dondozo
|-unboost|p1a: Dondozo|spe|1
|-boost|p1a: Dondozo|atk|1
|-boost|p1a: Dondozo|def|1
|
|-heal|p1a: Dondozo|48/100|[from] item: Leftovers
|upkeep
|turn|30
|
|t:|1760363551
|move|p2a: Gholdengo|Shadow Ball|p1a: Dondozo
|-crit|p1a: Dondozo
|-damage|p1a: Dondozo|0 fnt
|faint|p1a: Dondozo
|
|upkeep
|
|t:|1760363557
|switch|p1a: Skeledirge|Skeledirge, M|69/100 tox
|turn|31
|
|t:|1760363563
|move|p2a: Gholdengo|Shadow Ball|p1a: Skeledirge
|-supereffective|p1a: Skeledirge
|-damage|p1a: Skeledirge|14/100 tox
|move|p1a: Skeledirge|Torch Song|p2a: Gholdengo
|-supereffective|p2a: Gholdengo
|-damage|p2a: Gholdengo|27/100
|-boost|p1a: Skeledirge|spa|1
|
|-damage|p1a: Skeledirge|8/100 tox|[from] psn
|upkeep
|turn|32
|
|t:|1760363576
|switch|p1a: Toxapex|Toxapex, M, shiny|100/100
|-damage|p1a: Toxapex|88/100|[from] Stealth Rock
|move|p2a: Gholdengo|Shadow Ball|p1a: Toxapex
|-damage|p1a: Toxapex|25/100
|
|-heal|p1a: Toxapex|31/100|[from] item: Black Sludge
|upkeep
|turn|33
|
|t:|1760363584
|move|p2a: Gholdengo|Shadow Ball|p1a: Toxapex
|-damage|p1a: Toxapex|0 fnt
|faint|p1a: Toxapex
|
|upkeep
|
|t:|1760363589
|switch|p1a: Skeledirge|Skeledirge, M|8/100 tox
|turn|34
|
|t:|1760363597
|move|p2a: Gholdengo|Shadow Ball|p1a: Skeledirge
|-supereffective|p1a: Skeledirge
|-damage|p1a: Skeledirge|0 fnt
|faint|p1a: Skeledirge
|
|upkeep
|
|t:|1760363599
|switch|p1a: Kingambit|Kingambit, F|100/100
|-damage|p1a: Kingambit|94/100|[from] Stealth Rock
|-activate|p1a: Kingambit|ability: Supreme Overlord
|-start|p1a: Kingambit|fallen5|[silent]
|turn|35
|
|t:|1760363607
|-terastallize|p1a: Kingambit|Dark
|move|p2a: Gholdengo|Recover|p2a: Gholdengo
|-heal|p2a: Gholdengo|77/100
|move|p1a: Kingambit|Swords Dance|p1a: Kingambit
|-boost|p1a: Kingambit|atk|2
|
|-heal|p1a: Kingambit|100/100|[from] item: Leftovers
|upkeep
|turn|36
|
|t:|1760363616
|move|p2a: Gholdengo|Recover|p2a: Gholdengo
|-heal|p2a: Gholdengo|100/100
|move|p1a: Kingambit|Swords Dance|p1a: Kingambit
|-boost|p1a: Kingambit|atk|2
|
|upkeep
|turn|37
|
|t:|1760363628
|move|p2a: Gholdengo|Nasty Plot|p2a: Gholdengo
|-boost|p2a: Gholdengo|spa|2
|move|p1a: Kingambit|Kowtow Cleave|p2a: Gholdengo
|-supereffective|p2a: Gholdengo
|-damage|p2a: Gholdengo|0 fnt
|-damage|p1a: Kingambit|84/100|[from] item: Rocky Helmet|[of] p2a: Gholdengo
|faint|p2a: Gholdengo
|
|-heal|p1a: Kingambit|90/100|[from] item: Leftovers
|upkeep
|
|t:|1760363637
|switch|p2a: Glimmora|Glimmora, F|1/100
|-damage|p2a: Glimmora|0 fnt|[from] Stealth Rock
|faint|p2a: Glimmora
|
|t:|1760363649
|switch|p2a: Iron Moth|Iron Moth, tera:Grass|76/100
|-damage|p2a: Iron Moth|63/100|[from] Stealth Rock
|-damage|p2a: Iron Moth|51/100|[from] Spikes
|turn|38
|
|t:|1760363670
|move|p2a: Iron Moth|Dazzling Gleam|p1a: Kingambit
|-supereffective|p1a: Kingambit
|-damage|p1a: Kingambit|36/100
|move|p1a: Kingambit|Kowtow Cleave|p2a: Iron Moth
|-damage|p2a: Iron Moth|0 fnt
|faint|p2a: Iron Moth
|-end|p2a: Iron Moth|Quark Drive|[silent]
|
|-heal|p1a: Kingambit|42/100|[from] item: Leftovers
|upkeep
|
|t:|1760363680
|switch|p2a: Sinistcha|Sinistcha|100/100
|-damage|p2a: Sinistcha|88/100|[from] Stealth Rock
|-damage|p2a: Sinistcha|76/100|[from] Spikes
|turn|39
|
|t:|1760363686
|move|p1a: Kingambit|Sucker Punch||[still]
|-fail|p1a: Kingambit
|move|p2a: Sinistcha|Strength Sap|p1a: Kingambit
|-unboost|p1a: Kingambit|atk|1
|-heal|p2a: Sinistcha|100/100
|
|-heal|p1a: Kingambit|48/100|[from] item: Leftovers
|upkeep
|turn|40
|
|t:|1760363694
|move|p1a: Kingambit|Sucker Punch||[still]
|-fail|p1a: Kingambit
|move|p2a: Sinistcha|Calm Mind|p2a: Sinistcha
|-boost|p2a: Sinistcha|spa|1
|-boost|p2a: Sinistcha|spd|1
|
|-heal|p1a: Kingambit|54/100|[from] item: Leftovers
|upkeep
|turn|41
|
|t:|1760363702
|move|p2a: Sinistcha|Calm Mind|p2a: Sinistcha
|-boost|p2a: Sinistcha|spa|1
|-boost|p2a: Sinistcha|spd|1
|move|p1a: Kingambit|Kowtow Cleave|p2a: Sinistcha
|-supereffective|p2a: Sinistcha
|-damage|p2a: Sinistcha|0 fnt
|faint|p2a: Sinistcha
|
|-heal|p1a: Kingambit|60/100|[from] item: Leftovers
|upkeep
|
|t:|1760363710
|switch|p2a: Fezandipiti|Fezandipiti, M|34/100 brn
|-damage|p2a: Fezandipiti|22/100 brn|[from] Stealth Rock
|-damage|p2a: Fezandipiti|9/100 brn|[from] Spikes
|turn|42
|
|t:|1760363716
|move|p1a: Kingambit|Sucker Punch|p2a: Fezandipiti
|-resisted|p2a: Fezandipiti
|-damage|p2a: Fezandipiti|0 fnt
|faint|p2a: Fezandipiti
|
|win|socials alexjmUK
|raw|socials alexjmUK's rating: 1060 &rarr; <strong>1086</strong><br />(+26 for winning)
|raw|Hebigami666's rating: 1000 &rarr; <strong>1000</strong><br />(+0 for losing)
|l|☆Hebigami666
|player|p2|
