|badge|p2|bronze|gen9ubers|100-7
|uhtml|medal-msg|<div class="broadcast-blue">Curious what those medals under the avatar are? PS now has Ladder Seasons! For more information, check out the <a href="https://www.smogon.com/forums/threads/3740067/">thread on Smogon.</a></div>
|j|☆Denorisn
|j|☆Nikator98
|t:|1760371621
|gametype|singles
|player|p1|Denorisn|170|1554
|player|p2|Nikator98|giovanni|1643
|gen|9
|tier|[Gen 9] OU
|rated|
|rule|HP Percentage Mod: HP is shown in percentages
|rule|Endless Battle Clause: Forcing endless battles is banned
|rule|Species Clause: Limit one of each Pokémon
|rule|OHKO Clause: OHKO moves are banned
|rule|Evasion Items Clause: Evasion items are banned
|rule|Evasion Moves Clause: Evasion moves are banned
|rule|Evasion Abilities Clause: Evasion abilities are banned
|rule|Sleep Moves Clause: Sleep-inducing moves are banned
|clearpoke
|poke|p1|Gholdengo|
|poke|p1|Ditto|
|poke|p1|Mandibuzz, F|
|poke|p1|Toxapex, M|
|poke|p1|Garganacl, M|
|poke|p1|Haxorus, M|
|poke|p2|Metagross|
|poke|p2|Great Tusk|
|poke|p2|Haxorus, M|
|poke|p2|Iron Moth|
|poke|p2|Zoroark-Hisui, M|
|poke|p2|Ninetales-Alola, F|
|teampreview
|inactive|Battle timer is ON: inactive players will automatically lose when time's up. (requested by Nikator98)
|
|t:|1760371643
|teamsize|p1|6
|teamsize|p2|6
|start
|switch|p1a: Haxorus|Haxorus, M|100/100
|switch|p2a: Arquillian Sentry|Metagross|100/100
|-ability|p1a: Haxorus|Mold Breaker
|turn|1
|
|t:|1760371649
|move|p2a: Arquillian Sentry|Bitter Malice|p1a: Haxorus
|-damage|p1a: Haxorus|13/100
|-unboost|p1a: Haxorus|atk|1
|move|p1a: Haxorus|Earthquake|p2a: Arquillian Sentry
|-damage|p2a: Arquillian Sentry|39/100
|replace|p2a: Van Helsing|Zoroark-Hisui, M, shiny
|-end|p2a: Van Helsing|Illusion
|
|-heal|p1a: Haxorus|19/100|[from] item: Leftovers
|upkeep
|turn|2
|j| Limelight_01
|
|t:|1760371667
|switch|p1a: Ditto|Ditto|100/100
|-transform|p1a: Ditto|p2a: Van Helsing|[from] ability: Imposter
|move|p2a: Van Helsing|Bitter Malice|p1a: Ditto
|-immune|p1a: Ditto
|
|upkeep
|turn|3
|inactive|Nikator98 has 120 seconds left.
|
|t:|1760371704
|move|p2a: Van Helsing|Bitter Malice|p1a: Ditto
|-immune|p1a: Ditto
|move|p1a: Ditto|Bitter Malice|p2a: Van Helsing
|-immune|p2a: Van Helsing
|
|upkeep
|turn|4
|inactive|Nikator98 has 120 seconds left.
|
|t:|1760371729
|switch|p2a: Gothmog|Iron Moth|100/100
|-enditem|p2a: Gothmog|Booster Energy
|-activate|p2a: Gothmog|ability: Quark Drive|[fromitem]
|-start|p2a: Gothmog|quarkdrivespe
|move|p1a: Ditto|Flamethrower|p2a: Gothmog
|-resisted|p2a: Gothmog
|-damage|p2a: Gothmog|86/100
|
|upkeep
|turn|5
|
|t:|1760371744
|switch|p1a: Toxapex|Toxapex, M|100/100
|move|p2a: Gothmog|Fiery Dance|p1a: Toxapex
|-resisted|p1a: Toxapex
|-damage|p1a: Toxapex|90/100
|
|upkeep
|turn|6
|
|t:|1760371763
|-end|p2a: Gothmog|Quark Drive|[silent]
|switch|p2a: Arquillian Sentry|Metagross|100/100
|move|p1a: Toxapex|Liquidation|p2a: Arquillian Sentry
|-damage|p2a: Arquillian Sentry|77/100
|
|upkeep
|turn|7
|
|t:|1760371771
|switch|p1a: Mandibuzz|Mandibuzz, F|100/100
|move|p2a: Arquillian Sentry|Stealth Rock|p1a: Mandibuzz
|-sidestart|p1: Denorisn|move: Stealth Rock
|
|upkeep
|turn|8
|inactive|Nikator98 has 120 seconds left.
|
|t:|1760371782
|switch|p2a: Gothmog|Iron Moth|39/100
|move|p1a: Mandibuzz|Defog|p2a: Gothmog
|-unboost|p2a: Gothmog|evasion|1
|-sideend|p1: Denorisn|Stealth Rock|[from] move: Defog|[of] p1a: Mandibuzz
|
|upkeep
|turn|9
|inactive|Nikator98 has 120 seconds left.
|
|t:|1760371788
|switch|p1a: Toxapex|Toxapex, M|100/100
|move|p2a: Gothmog|Trick|p1a: Toxapex
|-activate|p2a: Gothmog|move: Trick|[of] p1a: Toxapex
|-item|p1a: Toxapex|Choice Specs|[from] move: Trick
|-item|p2a: Gothmog|Assault Vest|[from] move: Trick
|
|upkeep
|turn|10
|inactive|Nikator98 has 120 seconds left.
|
|t:|1760371804
|switch|p2a: Arquillian Sentry|Metagross|77/100
|move|p1a: Toxapex|Liquidation|p2a: Arquillian Sentry
|-damage|p2a: Arquillian Sentry|54/100
|
|upkeep
|turn|11
|inactive|Nikator98 has 120 seconds left.
|
|t:|1760371811
|switch|p1a: Mandibuzz|Mandibuzz, F|100/100
|move|p2a: Arquillian Sentry|Meteor Mash|p1a: Mandibuzz
|-damage|p1a: Mandibuzz|72/100
|
|upkeep
|turn|12
|
|t:|1760371819
|switch|p2a: Asfaloth|Ninetales-Alola, F, shiny|100/100
|-weather|Snowscape|[from] ability: Snow Warning|[of] p2a: Asfaloth
|move|p1a: Mandibuzz|Foul Play|p2a: Asfaloth
|-resisted|p2a: Asfaloth
|-damage|p2a: Asfaloth|92/100
|
|-weather|Snowscape|[upkeep]
|upkeep
|turn|13
|
|t:|1760371828
|switch|p1a: Gholdengo|Gholdengo|100/100
|move|p2a: Asfaloth|Encore|p1a: Gholdengo
|-immune|p1a: Gholdengo|[from] ability: Good as Gold
|
|-weather|Snowscape|[upkeep]
|upkeep
|turn|14
|
|t:|1760371834
|switch|p2a: Arquillian Sentry|Metagross|54/100
|move|p1a: Gholdengo|Make It Rain|p2a: Arquillian Sentry
|-resisted|p2a: Arquillian Sentry
|-damage|p2a: Arquillian Sentry|19/100
|-unboost|p1a: Gholdengo|spa|1
|
|-weather|Snowscape|[upkeep]
|upkeep
|turn|15
|
|t:|1760371858
|switch|p2a: Gothmog|Iron Moth|86/100
|move|p1a: Gholdengo|Make It Rain|p2a: Gothmog
|-resisted|p2a: Gothmog
|-damage|p2a: Gothmog|66/100
|-unboost|p1a: Gholdengo|spa|1
|
|-weather|Snowscape|[upkeep]
|upkeep
|turn|16
|
|t:|1760371883
|switch|p1a: Garganacl|Garganacl, M|100/100
|move|p2a: Gothmog|Fiery Dance|p1a: Garganacl
|-resisted|p1a: Garganacl
|-damage|p1a: Garganacl|87/100
|
|-weather|none
|-heal|p1a: Garganacl|93/100|[from] item: Leftovers
|upkeep
|turn|17
|inactive|Nikator98 has 120 seconds left.
|
|t:|1760371899
|-end|p2a: Gothmog|Quark Drive|[silent]
|switch|p2a: Kumaryia|Great Tusk, shiny|100/100
|switch|p1a: Ditto|Ditto|100/100
|-transform|p1a: Ditto|p2a: Kumaryia|[from] ability: Imposter
|
|upkeep
|turn|18
|inactive|Nikator98 has 120 seconds left.
|
|t:|1760371919
|move|p1a: Ditto|Ice Spinner|p2a: Kumaryia
|-supereffective|p2a: Kumaryia
|-damage|p2a: Kumaryia|57/100
|move|p2a: Kumaryia|Rapid Spin|p1a: Ditto
|-damage|p1a: Ditto|84/100
|-boost|p2a: Kumaryia|spe|1
|
|upkeep
|turn|19
|inactive|Denorisn has 120 seconds left.
|
|t:|1760371938
|-end|p1a: Ditto|Protosynthesis|[silent]
|switch|p1a: Toxapex|Toxapex, M|100/100
|move|p2a: Kumaryia|Ice Spinner|p1a: Toxapex
|-resisted|p1a: Toxapex
|-damage|p1a: Toxapex|89/100
|
|upkeep
|turn|20
|inactive|Nikator98 has 120 seconds left.
|
|t:|1760371945
|switch|p1a: Mandibuzz|Mandibuzz, F|72/100
|move|p2a: Kumaryia|Headlong Rush|p1a: Mandibuzz
|-immune|p1a: Mandibuzz
|
|upkeep
|turn|21
|inactive|Nikator98 has 120 seconds left.
|
|t:|1760371958
|-end|p2a: Kumaryia|Protosynthesis|[silent]
|switch|p2a: Asfaloth|Ninetales-Alola, F, shiny|92/100
|-weather|Snowscape|[from] ability: Snow Warning|[of] p2a: Asfaloth
|move|p1a: Mandibuzz|U-turn|p2a: Asfaloth
|-resisted|p2a: Asfaloth
|-damage|p2a: Asfaloth|87/100
|
|t:|1760371962
|switch|p1a: Gholdengo|Gholdengo|100/100|[from] U-turn
|
|-weather|Snowscape|[upkeep]
|upkeep
|turn|22
|
|t:|1760371971
|switch|p2a: Gothmog|Iron Moth|66/100
|move|p1a: Gholdengo|Make It Rain|p2a: Gothmog
|-resisted|p2a: Gothmog
|-damage|p2a: Gothmog|33/100
|-unboost|p1a: Gholdengo|spa|1
|
|-weather|Snowscape|[upkeep]
|upkeep
|turn|23
|j| Airhorn Whisperer
|
|t:|1760371984
|switch|p1a: Toxapex|Toxapex, M|100/100
|move|p2a: Gothmog|Fiery Dance|p1a: Toxapex
|-resisted|p1a: Toxapex
|-damage|p1a: Toxapex|86/100
|-boost|p2a: Gothmog|spa|1
|
|-weather|Snowscape|[upkeep]
|upkeep
|turn|24
|
|t:|1760372002
|-end|p2a: Gothmog|Quark Drive|[silent]
|switch|p2a: Asfaloth|Ninetales-Alola, F, shiny|87/100
|move|p1a: Toxapex|Liquidation|p2a: Asfaloth
|-damage|p2a: Asfaloth|63/100
|
|-weather|Snowscape|[upkeep]
|upkeep
|turn|25
|
|t:|1760372008
|switch|p1a: Gholdengo|Gholdengo|100/100
|move|p2a: Asfaloth|Aurora Veil|p2a: Asfaloth
|-sidestart|p2: Nikator98|move: Aurora Veil
|
|-weather|none
|upkeep
|turn|26
|inactive|Nikator98 has 120 seconds left.
|
|t:|1760372040
|switch|p2a: Gothmog|Iron Moth|33/100
|move|p1a: Gholdengo|Make It Rain|p2a: Gothmog
|-resisted|p2a: Gothmog
|-damage|p2a: Gothmog|17/100
|-unboost|p1a: Gholdengo|spa|1
|
|upkeep
|turn|27
|inactive|Nikator98 has 120 seconds left.
|
|t:|1760372050
|switch|p1a: Toxapex|Toxapex, M|100/100
|move|p2a: Gothmog|Fiery Dance|p1a: Toxapex
|-resisted|p1a: Toxapex
|-damage|p1a: Toxapex|86/100
|
|upkeep
|turn|28
|
|t:|1760372057
|move|p2a: Gothmog|Fiery Dance|p1a: Toxapex
|-resisted|p1a: Toxapex
|-damage|p1a: Toxapex|71/100
|-boost|p2a: Gothmog|spa|1
|move|p1a: Toxapex|Liquidation|p2a: Gothmog
|-supereffective|p2a: Gothmog
|-damage|p2a: Gothmog|0 fnt
|faint|p2a: Gothmog
|-end|p2a: Gothmog|Quark Drive|[silent]
|
|upkeep
|inactive|Nikator98 has 120 seconds left.
|
|t:|1760372083
|switch|p2a: Lacelle|Haxorus, M|100/100
|-ability|p2a: Lacelle|Mold Breaker
|turn|29
|
|t:|1760372097
|switch|p1a: Mandibuzz|Mandibuzz, F|72/100
|move|p2a: Lacelle|Swords Dance|p2a: Lacelle
|-boost|p2a: Lacelle|atk|2
|
|upkeep
|turn|30
|
|t:|1760372107
|-terastallize|p1a: Mandibuzz|Fairy
|move|p2a: Lacelle|Scale Shot|p1a: Mandibuzz
|-immune|p1a: Mandibuzz
|move|p1a: Mandibuzz|Foul Play|p2a: Lacelle
|-damage|p2a: Lacelle|28/100
|
|upkeep
|turn|31
|inactive|Nikator98 has 120 seconds left.
|
|t:|1760372121
|move|p2a: Lacelle|Iron Head|p1a: Mandibuzz
|-supereffective|p1a: Mandibuzz
|-damage|p1a: Mandibuzz|8/100
|cant|p1a: Mandibuzz|flinch
|
|upkeep
|turn|32
|
|t:|1760372135
|move|p2a: Lacelle|Iron Head|p1a: Mandibuzz
|-supereffective|p1a: Mandibuzz
|-damage|p1a: Mandibuzz|0 fnt
|faint|p1a: Mandibuzz
|
|-sideend|p2: Nikator98|move: Aurora Veil
|upkeep
|
|t:|1760372138
|switch|p1a: Haxorus|Haxorus, M|19/100
|-ability|p1a: Haxorus|Mold Breaker
|turn|33
|
|t:|1760372143
|switch|p2a: Asfaloth|Ninetales-Alola, F, shiny|63/100
|-weather|Snowscape|[from] ability: Snow Warning|[of] p2a: Asfaloth
|move|p1a: Haxorus|First Impression|p2a: Asfaloth
|-resisted|p2a: Asfaloth
|-damage|p2a: Asfaloth|48/100
|
|-weather|Snowscape|[upkeep]
|-heal|p1a: Haxorus|25/100|[from] item: Leftovers
|upkeep
|turn|34
|
|t:|1760372155
|switch|p1a: Ditto|Ditto|84/100
|-transform|p1a: Ditto|p2a: Asfaloth|[from] ability: Imposter
|move|p2a: Asfaloth|Aurora Veil|p2a: Asfaloth
|-sidestart|p2: Nikator98|move: Aurora Veil
|
|-weather|Snowscape|[upkeep]
|upkeep
|turn|35
|
|t:|1760372173
|switch|p2a: Arquillian Sentry|Metagross|39/100
|move|p1a: Ditto|Aurora Veil|p1a: Ditto
|-sidestart|p1: Denorisn|move: Aurora Veil
|
|-weather|Snowscape|[upkeep]
|upkeep
|turn|36
|
|t:|1760372184
|switch|p1a: Gholdengo|Gholdengo|100/100
|move|p2a: Arquillian Sentry|Flamethrower|p1a: Gholdengo
|-supereffective|p1a: Gholdengo
|-damage|p1a: Gholdengo|62/100
|
|-weather|Snowscape|[upkeep]
|upkeep
|turn|37
|
|t:|1760372208
|switch|p1a: Garganacl|Garganacl, M|93/100
|move|p2a: Arquillian Sentry|Bitter Malice|p1a: Garganacl
|-damage|p1a: Garganacl|86/100
|-unboost|p1a: Garganacl|atk|1
|
|-weather|none
|-heal|p1a: Garganacl|92/100|[from] item: Leftovers
|upkeep
|turn|38
|
|t:|1760372219
|switch|p2a: Kumaryia|Great Tusk, shiny|57/100
|move|p1a: Garganacl|Iron Defense|p1a: Garganacl
|-boost|p1a: Garganacl|def|2
|
|-heal|p1a: Garganacl|99/100|[from] item: Leftovers
|upkeep
|turn|39
|
|t:|1760372227
|move|p2a: Kumaryia|Knock Off|p1a: Garganacl
|-damage|p1a: Garganacl|93/100
|-enditem|p1a: Garganacl|Leftovers|[from] move: Knock Off|[of] p2a: Kumaryia
|move|p1a: Garganacl|Salt Cure|p2a: Kumaryia
|-resisted|p2a: Kumaryia
|-damage|p2a: Kumaryia|56/100
|-start|p2a: Kumaryia|Salt Cure
|
|-damage|p2a: Kumaryia|44/100|[from] Salt Cure
|-sideend|p1: Denorisn|move: Aurora Veil
|upkeep
|turn|40
|
|t:|1760372236
|move|p2a: Kumaryia|Headlong Rush|p1a: Garganacl
|-supereffective|p1a: Garganacl
|-crit|p1a: Garganacl
|-damage|p1a: Garganacl|0 fnt
|-unboost|p2a: Kumaryia|def|1
|-unboost|p2a: Kumaryia|spd|1
|faint|p1a: Garganacl
|
|-damage|p2a: Kumaryia|31/100|[from] Salt Cure
|upkeep
|
|t:|1760372247
|switch|p1a: Gholdengo|Gholdengo|62/100
|turn|41
|c|☆Denorisn|the crit...
|inactive|Nikator98 has 120 seconds left.
|
|t:|1760372287
|move|p1a: Gholdengo|Make It Rain|p2a: Kumaryia
|-damage|p2a: Kumaryia|0 fnt
|-unboost|p1a: Gholdengo|spa|1
|faint|p2a: Kumaryia
|-end|p2a: Kumaryia|Protosynthesis|[silent]
|
|-sideend|p2: Nikator98|move: Aurora Veil
|upkeep
|
|t:|1760372309
|switch|p2a: Arquillian Sentry|Metagross|19/100
|turn|42
|l| Limelight_01
|-enditem|p2a: Arquillian Sentry|Custap Berry|[eat]
|-activate|p2a: Arquillian Sentry|item: Custap Berry|[consumed]
|
|t:|1760372314
|switch|p1a: Toxapex|Toxapex, M|100/100
|move|p2a: Arquillian Sentry|Stealth Rock|p1a: Toxapex
|-sidestart|p1: Denorisn|move: Stealth Rock
|
|upkeep
|turn|43
|
|t:|1760372322
|move|p2a: Arquillian Sentry|Psychic Fangs|p1a: Toxapex
|-supereffective|p1a: Toxapex
|-damage|p1a: Toxapex|27/100
|move|p1a: Toxapex|Liquidation|p2a: Arquillian Sentry
|-damage|p2a: Arquillian Sentry|0 fnt
|faint|p2a: Arquillian Sentry
|
|upkeep
|
|t:|1760372330
|switch|p2a: Asfaloth|Ninetales-Alola, F, shiny|48/100
|-weather|Snowscape|[from] ability: Snow Warning|[of] p2a: Asfaloth
|turn|44
|
|t:|1760372335
|switch|p1a: Gholdengo|Gholdengo|62/100
|-damage|p1a: Gholdengo|56/100|[from] Stealth Rock
|move|p2a: Asfaloth|Aurora Veil|p2a: Asfaloth
|-sidestart|p2: Nikator98|move: Aurora Veil
|
|-weather|Snowscape|[upkeep]
|upkeep
|turn|45
|inactive|Nikator98 has 120 seconds left.
|
|t:|1760372348
|move|p1a: Gholdengo|Make It Rain|p2a: Asfaloth
|-supereffective|p2a: Asfaloth
|-damage|p2a: Asfaloth|0 fnt
|-unboost|p1a: Gholdengo|spa|1
|faint|p2a: Asfaloth
|
|-weather|Snowscape|[upkeep]
|upkeep
|inactive|Nikator98 has 120 seconds left.
|
|t:|1760372374
|switch|p2a: Lacelle|Haxorus, M|39/100
|turn|46
|
|t:|1760372381
|switch|p1a: Toxapex|Toxapex, M|61/100
|-damage|p1a: Toxapex|48/100|[from] Stealth Rock
|move|p2a: Lacelle|Bitter Malice|p1a: Toxapex
|-damage|p1a: Toxapex|19/100
|-unboost|p1a: Toxapex|atk|1
|
|-weather|Snowscape|[upkeep]
|upkeep
|turn|47
|
|t:|1760372391
|switch|p1a: Ditto|Ditto|84/100
|-damage|p1a: Ditto|72/100|[from] Stealth Rock
|move|p2a: Lacelle|Bitter Malice|p1a: Ditto
|-immune|p1a: Ditto
|
|-weather|Snowscape|[upkeep]
|upkeep
|turn|48
|-activate|p1a: Ditto|item: Quick Claw
|
|t:|1760372400
|move|p1a: Ditto|Transform||[still]
|-fail|p1a: Ditto
|move|p2a: Lacelle|Flamethrower|p1a: Ditto
|-damage|p1a: Ditto|9/100
|
|-weather|none
|upkeep
|turn|49
|inactive|Nikator98 has 120 seconds left.
|j| hindu's curry
|
|t:|1760372414
|move|p2a: Lacelle|Flamethrower|p1a: Ditto
|-damage|p1a: Ditto|0 fnt
|faint|p1a: Ditto
|
|upkeep
|j| gronwar
|
|t:|1760372422
|switch|p1a: Gholdengo|Gholdengo|56/100
|-damage|p1a: Gholdengo|50/100|[from] Stealth Rock
|turn|50
|
|t:|1760372426
|move|p1a: Gholdengo|Make It Rain|p2a: Lacelle
|-damage|p2a: Lacelle|0 fnt
|-unboost|p1a: Gholdengo|spa|1
|replace|p2a: Van Helsing|Zoroark-Hisui, M, shiny
|-end|p2a: Van Helsing|Illusion
|faint|p2a: Van Helsing
|
|upkeep
|
|t:|1760372434
|switch|p2a: Lacelle|Haxorus, M|28/100
|-ability|p2a: Lacelle|Mold Breaker
|turn|51
|
|t:|1760372448
|-terastallize|p2a: Lacelle|Steel
|move|p1a: Gholdengo|Make It Rain|p2a: Lacelle
|-resisted|p2a: Lacelle
|-damage|p2a: Lacelle|13/100
|-unboost|p1a: Gholdengo|spa|1
|move|p2a: Lacelle|Scale Shot|p1a: Gholdengo
|-resisted|p1a: Gholdengo
|-damage|p1a: Gholdengo|42/100
|-resisted|p1a: Gholdengo
|-damage|p1a: Gholdengo|34/100
|-resisted|p1a: Gholdengo
|-damage|p1a: Gholdengo|26/100
|-resisted|p1a: Gholdengo
|-damage|p1a: Gholdengo|18/100
|-hitcount|p1a: Gholdengo|4
|-unboost|p2a: Lacelle|def|1
|-boost|p2a: Lacelle|spe|1
|
|-sideend|p2: Nikator98|move: Aurora Veil
|upkeep
|turn|52
|l| hindu's curry
|inactive|Nikator98 has 120 seconds left.
|
|t:|1760372474
|move|p2a: Lacelle|Iron Head|p1a: Gholdengo
|-resisted|p1a: Gholdengo
|-damage|p1a: Gholdengo|0 fnt
|faint|p1a: Gholdengo
|
|upkeep
|
|t:|1760372485
|switch|p1a: Toxapex|Toxapex, M|52/100
|-damage|p1a: Toxapex|40/100|[from] Stealth Rock
|turn|53
|
|t:|1760372492
|move|p2a: Lacelle|Scale Shot|p1a: Toxapex
|-damage|p1a: Toxapex|28/100
|-damage|p1a: Toxapex|17/100
|-damage|p1a: Toxapex|5/100
|-damage|p1a: Toxapex|0 fnt
|faint|p1a: Toxapex
|-hitcount|p1: Toxapex|4
|-unboost|p2a: Lacelle|def|1
|-boost|p2a: Lacelle|spe|1
|
|upkeep
|
|t:|1760372496
|switch|p1a: Haxorus|Haxorus, M|25/100
|-damage|p1a: Haxorus|13/100|[from] Stealth Rock
|-ability|p1a: Haxorus|Mold Breaker
|turn|54
|
|t:|1760372506
|move|p1a: Haxorus|First Impression|p2a: Lacelle
|-resisted|p2a: Lacelle
|-damage|p2a: Lacelle|0 fnt
|faint|p2a: Lacelle
|
|win|Denorisn
|raw|Denorisn's rating: 1554 &rarr; <strong>1579</strong><br />(+25 for winning)
|raw|Nikator98's rating: 1643 &rarr; <strong>1618</strong><br />(-25 for losing)
|l| Airhorn Whisperer
|l|☆Nikator98
|player|p2|
|l|☆Denorisn
|player|p1|
