|j|☆2002xxd
|j|☆pigsiayers
|t:|1760344166
|gametype|singles
|player|p1|2002xxd|lucas|1201
|player|p2|pigsiayers|veteran-gen4|1187
|gen|9
|tier|[Gen 9] OU
|rated|
|rule|HP Percentage Mod: HP is shown in percentages
|rule|Endless Battle Clause: Forcing endless battles is banned
|rule|Species Clause: Limit one of each Pokémon
|rule|OHKO Clause: OHKO moves are banned
|rule|Evasion Items Clause: Evasion items are banned
|rule|Evasion Moves Clause: Evasion moves are banned
|rule|Evasion Abilities Clause: Evasion abilities are banned
|rule|Sleep Moves Clause: Sleep-inducing moves are banned
|clearpoke
|poke|p1|Empoleon, F|
|poke|p1|Serperior, F|
|poke|p1|Iron Valiant|
|poke|p1|Rotom-Heat|
|poke|p1|Greninja-*, F|
|poke|p1|Corviknight, F|
|poke|p2|Blaziken, F|
|poke|p2|Gliscor, M|
|poke|p2|Serperior, F|
|poke|p2|Primarina, F|
|poke|p2|Dragapult, M|
|poke|p2|Umbreon, M|
|teampreview
|inactive|Battle timer is ON: inactive players will automatically lose when time's up. (requested by 2002xxd)
|
|t:|1760344170
|teamsize|p1|6
|teamsize|p2|6
|start
|switch|p1a: Greninja|Greninja, F, shiny|100/100
|switch|p2a: Gliscor|Gliscor, M, shiny|100/100
|turn|1
|
|t:|1760344179
|move|p2a: Gliscor|Protect|p2a: Gliscor
|-singleturn|p2a: Gliscor|Protect
|move|p1a: Greninja|Ice Beam|p2a: Gliscor
|-start|p1a: Greninja|typechange|Ice|[from] ability: Protean
|-activate|p2a: Gliscor|move: Protect
|
|-status|p2a: Gliscor|tox|[from] item: Toxic Orb
|upkeep
|turn|2
|
|t:|1760344197
|switch|p1a: Rotom|Rotom-Heat|100/100
|switch|p2a: Blaziken|Blaziken, F|100/100
|
|upkeep
|turn|3
|
|t:|1760344203
|move|p2a: Blaziken|Swords Dance|p2a: Blaziken
|-boost|p2a: Blaziken|atk|2
|move|p1a: Rotom|Thunderbolt|p2a: Blaziken
|-damage|p2a: Blaziken|53/100
|
|-ability|p2a: Blaziken|Speed Boost|boost
|-boost|p2a: Blaziken|spe|1
|upkeep
|turn|4
|
|t:|1760344210
|move|p2a: Blaziken|Close Combat|p1a: Rotom
|-damage|p1a: Rotom|0 fnt
|-unboost|p2a: Blaziken|def|1
|-unboost|p2a: Blaziken|spd|1
|faint|p1a: Rotom
|
|-ability|p2a: Blaziken|Speed Boost|boost
|-boost|p2a: Blaziken|spe|1
|upkeep
|
|t:|1760344232
|switch|p1a: Corviknight|Corviknight, F, shiny|100/100
|-ability|p1a: Corviknight|Pressure
|turn|5
|
|t:|1760344242
|move|p2a: Blaziken|Flare Blitz|p1a: Corviknight
|-supereffective|p1a: Corviknight
|-damage|p1a: Corviknight|0 fnt
|-damage|p2a: Blaziken|36/100|[from] item: Rocky Helmet|[of] p1a: Corviknight
|faint|p1a: Corviknight
|-damage|p2a: Blaziken|0 fnt|[from] Recoil
|faint|p2a: Blaziken
|
|upkeep
|
|t:|1760344270
|switch|p2a: Gliscor|Gliscor, M, shiny|100/100 tox
|switch|p1a: Empoleon|Empoleon, F, shiny|100/100
|turn|6
|
|t:|1760344275
|move|p2a: Gliscor|Earthquake|p1a: Empoleon
|-supereffective|p1a: Empoleon
|-damage|p1a: Empoleon|24/100
|move|p1a: Empoleon|Stealth Rock|p2a: Gliscor
|-sidestart|p2: pigsiayers|move: Stealth Rock
|
|upkeep
|turn|7
|
|t:|1760344282
|move|p2a: Gliscor|Earthquake|p1a: Empoleon
|-supereffective|p1a: Empoleon
|-damage|p1a: Empoleon|0 fnt
|faint|p1a: Empoleon
|
|upkeep
|
|t:|1760344287
|switch|p1a: Serperior|Serperior, F|100/100
|turn|8
|
|t:|1760344290
|move|p1a: Serperior|Leaf Storm|p2a: Gliscor
|-damage|p2a: Gliscor|53/100 tox
|-boost|p1a: Serperior|spa|2
|move|p2a: Gliscor|Toxic|p1a: Serperior
|-status|p1a: Serperior|tox
|
|-damage|p1a: Serperior|94/100 tox|[from] psn
|-heal|p2a: Gliscor|65/100 tox|[from] ability: Poison Heal
|upkeep
|turn|9
|
|t:|1760344304
|move|p2a: Gliscor|Protect|p2a: Gliscor
|-singleturn|p2a: Gliscor|Protect
|move|p1a: Serperior|Leaf Storm|p2a: Gliscor
|-activate|p2a: Gliscor|move: Protect
|
|-heal|p1a: Serperior|100/100 tox|[from] item: Leftovers
|-damage|p1a: Serperior|88/100 tox|[from] psn
|-heal|p2a: Gliscor|78/100 tox|[from] ability: Poison Heal
|upkeep
|turn|10
|
|t:|1760344316
|move|p1a: Serperior|Leaf Storm|p2a: Gliscor
|-damage|p2a: Gliscor|0 fnt
|-boost|p1a: Serperior|spa|2
|faint|p2a: Gliscor
|
|-heal|p1a: Serperior|94/100 tox|[from] item: Leftovers
|-damage|p1a: Serperior|76/100 tox|[from] psn
|upkeep
|
|t:|1760344334
|switch|p2a: Dragapult|Dragapult, M|100/100
|turn|11
|
|t:|1760344337
|move|p2a: Dragapult|Hex|p1a: Serperior
|-damage|p1a: Serperior|18/100 tox
|move|p1a: Serperior|Glare|p2a: Dragapult
|-status|p2a: Dragapult|par
|
|-heal|p1a: Serperior|24/100 tox|[from] item: Leftovers
|-damage|p1a: Serperior|0 fnt|[from] psn
|faint|p1a: Serperior
|upkeep
|
|t:|1760344345
|switch|p1a: Greninja|Greninja, F, shiny|100/100
|turn|12
|
|t:|1760344354
|move|p1a: Greninja|Ice Beam|p2a: Dragapult
|-start|p1a: Greninja|typechange|Ice|[from] ability: Protean
|-supereffective|p2a: Dragapult
|-damage|p2a: Dragapult|0 fnt
|faint|p2a: Dragapult
|
|upkeep
|
|t:|1760344370
|switch|p2a: Serperior|Serperior, F, shiny|100/100
|-damage|p2a: Serperior|88/100|[from] Stealth Rock
|turn|13
|
|t:|1760344373
|move|p1a: Greninja|Ice Beam|p2a: Serperior
|-supereffective|p2a: Serperior
|-damage|p2a: Serperior|0 fnt
|faint|p2a: Serperior
|
|upkeep
|
|t:|1760344378
|switch|p2a: Umbreon|Umbreon, M, shiny|100/100
|-damage|p2a: Umbreon|88/100|[from] Stealth Rock
|turn|14
|
|t:|1760344382
|move|p1a: Greninja|Ice Beam|p2a: Umbreon
|-damage|p2a: Umbreon|55/100
|move|p2a: Umbreon|Toxic|p1a: Greninja
|-status|p1a: Greninja|tox
|
|-heal|p2a: Umbreon|61/100|[from] item: Leftovers
|-damage|p1a: Greninja|95/100 tox|[from] psn
|upkeep
|turn|15
|
|t:|1760344392
|switch|p1a: Iron Valiant|Iron Valiant, shiny|100/100
|-enditem|p1a: Iron Valiant|Booster Energy
|-activate|p1a: Iron Valiant|ability: Quark Drive|[fromitem]
|-start|p1a: Iron Valiant|quarkdrivespe
|move|p2a: Umbreon|Protect||[still]
|-fail|p2a: Umbreon
|
|-heal|p2a: Umbreon|67/100|[from] item: Leftovers
|upkeep
|turn|16
|
|t:|1760344404
|-terastallize|p2a: Umbreon|Poison
|move|p1a: Iron Valiant|Spirit Break|p2a: Umbreon
|-resisted|p2a: Umbreon
|-damage|p2a: Umbreon|50/100
|-unboost|p2a: Umbreon|spa|1
|move|p2a: Umbreon|Toxic|p1a: Iron Valiant
|-status|p1a: Iron Valiant|tox
|
|-heal|p2a: Umbreon|56/100|[from] item: Leftovers
|-damage|p1a: Iron Valiant|94/100 tox|[from] psn
|upkeep
|turn|17
|
|t:|1760344418
|move|p2a: Umbreon|Protect|p2a: Umbreon
|-singleturn|p2a: Umbreon|Protect
|move|p1a: Iron Valiant|Knock Off|p2a: Umbreon
|-activate|p2a: Umbreon|move: Protect
|
|-heal|p2a: Umbreon|62/100|[from] item: Leftovers
|-damage|p1a: Iron Valiant|82/100 tox|[from] psn
|upkeep
|turn|18
|
|t:|1760344426
|move|p1a: Iron Valiant|Knock Off|p2a: Umbreon
|-damage|p2a: Umbreon|36/100
|-enditem|p2a: Umbreon|Leftovers|[from] move: Knock Off|[of] p1a: Iron Valiant
|move|p2a: Umbreon|Wish|p2a: Umbreon
|
|-damage|p1a: Iron Valiant|63/100 tox|[from] psn
|upkeep
|turn|19
|
|t:|1760344434
|-end|p1a: Iron Valiant|Quark Drive|[silent]
|switch|p1a: Greninja|Greninja, F, shiny|95/100 tox
|move|p2a: Umbreon|Protect||[still]
|-fail|p2a: Umbreon
|
|-heal|p2a: Umbreon|86/100|[from] move: Wish|[wisher] Umbreon
|-damage|p1a: Greninja|89/100 tox|[from] psn
|upkeep
|turn|20
|
|t:|1760344443
|move|p1a: Greninja|Surf|p2a: Umbreon
|-start|p1a: Greninja|typechange|Water|[from] ability: Protean
|-damage|p2a: Umbreon|56/100
|move|p2a: Umbreon|Wish|p2a: Umbreon
|
|-damage|p1a: Greninja|77/100 tox|[from] psn
|upkeep
|turn|21
|
|t:|1760344452
|move|p2a: Umbreon|Protect|p2a: Umbreon
|-singleturn|p2a: Umbreon|Protect
|move|p1a: Greninja|Surf|p2a: Umbreon
|-activate|p2a: Umbreon|move: Protect
|
|-heal|p2a: Umbreon|100/100|[from] move: Wish|[wisher] Umbreon
|-damage|p1a: Greninja|59/100 tox|[from] psn
|upkeep
|turn|22
|
|t:|1760344463
|switch|p1a: Iron Valiant|Iron Valiant, shiny|63/100 tox
|move|p2a: Umbreon|Wish|p2a: Umbreon
|
|-damage|p1a: Iron Valiant|57/100 tox|[from] psn
|upkeep
|turn|23
|
|t:|1760344470
|move|p1a: Iron Valiant|Close Combat|p2a: Umbreon
|-resisted|p2a: Umbreon
|-damage|p2a: Umbreon|74/100
|-unboost|p1a: Iron Valiant|def|1
|-unboost|p1a: Iron Valiant|spd|1
|move|p2a: Umbreon|Foul Play|p1a: Iron Valiant
|-resisted|p1a: Iron Valiant
|-damage|p1a: Iron Valiant|32/100 tox
|
|-heal|p2a: Umbreon|100/100|[from] move: Wish|[wisher] Umbreon
|-damage|p1a: Iron Valiant|20/100 tox|[from] psn
|upkeep
|turn|24
|
|t:|1760344484
|-end|p1a: Iron Valiant|Quark Drive|[silent]
|switch|p1a: Greninja|Greninja, F, shiny|59/100 tox
|move|p2a: Umbreon|Wish|p2a: Umbreon
|
|-damage|p1a: Greninja|53/100 tox|[from] psn
|upkeep
|turn|25
|
|t:|1760344491
|move|p1a: Greninja|Surf|p2a: Umbreon
|-start|p1a: Greninja|typechange|Water|[from] ability: Protean
|-damage|p2a: Umbreon|68/100
|move|p2a: Umbreon|Foul Play|p1a: Greninja
|-damage|p1a: Greninja|3/100 tox
|
|-heal|p2a: Umbreon|100/100|[from] move: Wish|[wisher] Umbreon
|-damage|p1a: Greninja|0 fnt|[from] psn
|faint|p1a: Greninja
|upkeep
|-message|2002xxd forfeited.
|
|win|pigsiayers
|raw|2002xxd's rating: 1201 &rarr; <strong>1175</strong><br />(-26 for losing)
|raw|pigsiayers's rating: 1187 &rarr; <strong>1213</strong><br />(+26 for winning)
|l|☆2002xxd
|player|p1|
|l|☆pigsiayers
|player|p2|
