|j|☆Myadetectiveroyal
|j|☆67masonsussyblud
|t:|1760396747
|gametype|singles
|player|p1|Myadetectiveroyal|picnicker|1223
|player|p2|67masonsussyblud|janine|1179
|gen|9
|tier|[Gen 9] OU
|rated|
|rule|HP Percentage Mod: HP is shown in percentages
|rule|Endless Battle Clause: Forcing endless battles is banned
|rule|Species Clause: Limit one of each Pokémon
|rule|OHKO Clause: OHKO moves are banned
|rule|Evasion Items Clause: Evasion items are banned
|rule|Evasion Moves Clause: Evasion moves are banned
|rule|Evasion Abilities Clause: Evasion abilities are banned
|rule|Sleep Moves Clause: Sleep-inducing moves are banned
|clearpoke
|poke|p1|Sandslash, F|
|poke|p1|Tyranitar, F|
|poke|p1|Houndstone, M|
|poke|p1|Corviknight, M|
|poke|p1|Hydrapple, F|
|poke|p1|Fezandipiti, M|
|poke|p2|Skeledirge, M|
|poke|p2|Ogerpon-Wellspring, F|
|poke|p2|Zapdos|
|poke|p2|Ting-Lu|
|poke|p2|Kyurem|
|poke|p2|Iron Valiant|
|teampreview
|inactive|Battle timer is ON: inactive players will automatically lose when time's up. (requested by 67masonsussyblud)
|
|t:|1760396765
|teamsize|p1|6
|teamsize|p2|6
|start
|switch|p1a: Frozis|Fezandipiti, M|100/100
|switch|p2a: Zapdos|Zapdos|100/100
|turn|1
|
|t:|1760396771
|move|p1a: Frozis|Moonblast|p2a: Zapdos
|-crit|p2a: Zapdos
|-damage|p2a: Zapdos|64/100
|move|p2a: Zapdos|Volt Switch|p1a: Frozis
|-crit|p1a: Frozis
|-damage|p1a: Frozis|60/100
|
|t:|1760396787
|switch|p2a: Ogerpon|Ogerpon-Wellspring, F|100/100|[from] Volt Switch
|
|upkeep
|turn|2
|
|t:|1760396798
|switch|p1a: Hydre pomme|Hydrapple, F|100/100
|move|p2a: Ogerpon|Ivy Cudgel|p1a: Hydre pomme|[anim] Ivy Cudgel Water
|-resisted|p1a: Hydre pomme
|-damage|p1a: Hydre pomme|92/100
|
|upkeep
|turn|3
|
|t:|1760396805
|switch|p2a: Skeledirge|Skeledirge, M|100/100
|move|p1a: Hydre pomme|Fickle Beam|p2a: Skeledirge
|-damage|p2a: Skeledirge|63/100
|
|upkeep
|turn|4
|
|t:|1760396812
|move|p2a: Skeledirge|Will-O-Wisp|p1a: Hydre pomme|[miss]
|-miss|p2a: Skeledirge|p1a: Hydre pomme
|move|p1a: Hydre pomme|Earth Power|p2a: Skeledirge
|-supereffective|p2a: Skeledirge
|-damage|p2a: Skeledirge|12/100
|
|upkeep
|turn|5
|
|t:|1760396820
|switch|p2a: Kyurem|Kyurem|100/100
|-ability|p2a: Kyurem|Pressure
|move|p1a: Hydre pomme|Fickle Beam|p2a: Kyurem
|-supereffective|p2a: Kyurem
|-damage|p2a: Kyurem|34/100
|
|upkeep
|turn|6
|
|t:|1760396830
|switch|p1a: Frozis|Fezandipiti, M|60/100
|move|p2a: Kyurem|Earth Power|p1a: Frozis
|-supereffective|p1a: Frozis
|-damage|p1a: Frozis|9/100
|
|upkeep
|turn|7
|
|t:|1760396838
|move|p1a: Frozis|Moonblast|p2a: Kyurem
|-supereffective|p2a: Kyurem
|-damage|p2a: Kyurem|0 fnt
|faint|p2a: Kyurem
|
|upkeep
|
|t:|1760396847
|switch|p2a: Zapdos|Zapdos|64/100
|turn|8
|
|t:|1760396851
|move|p1a: Frozis|Roost|p1a: Frozis
|-heal|p1a: Frozis|60/100
|-singleturn|p1a: Frozis|move: Roost
|move|p2a: Zapdos|Volt Switch|p1a: Frozis
|-damage|p1a: Frozis|32/100
|
|t:|1760396863
|switch|p2a: Ogerpon|Ogerpon-Wellspring, F|100/100|[from] Volt Switch
|
|upkeep
|turn|9
|
|t:|1760396869
|switch|p1a: Hydre pomme|Hydrapple, F|100/100
|move|p2a: Ogerpon|Ivy Cudgel|p1a: Hydre pomme|[anim] Ivy Cudgel Water
|-resisted|p1a: Hydre pomme
|-damage|p1a: Hydre pomme|92/100
|
|upkeep
|turn|10
|-message|67masonsussyblud forfeited.
|
|win|Myadetectiveroyal
|raw|Myadetectiveroyal's rating: 1223 &rarr; <strong>1245</strong><br />(+22 for winning)
|raw|67masonsussyblud's rating: 1179 &rarr; <strong>1157</strong><br />(-22 for losing)
|l|☆67masonsussyblud
|player|p2|
|c|☆Myadetectiveroyal|Gg
