|j|☆Des4
|j|☆enormouschilli
|t:|1760388651
|gametype|singles
|player|p1|Des4|caitlin|1401
|player|p2|enormouschilli|1|1458
|gen|9
|tier|[Gen 9] OU
|rated|
|rule|HP Percentage Mod: HP is shown in percentages
|rule|Endless Battle Clause: Forcing endless battles is banned
|rule|Species Clause: Limit one of each Pokémon
|rule|OHKO Clause: OHKO moves are banned
|rule|Evasion Items Clause: Evasion items are banned
|rule|Evasion Moves Clause: Evasion moves are banned
|rule|Evasion Abilities Clause: Evasion abilities are banned
|rule|Sleep Moves Clause: Sleep-inducing moves are banned
|clearpoke
|poke|p1|Articuno|
|poke|p1|Slowking-Galar, F|
|poke|p1|Iron Treads|
|poke|p1|Primarina, F|
|poke|p1|Mandibuzz, F|
|poke|p1|Dragapult, M|
|poke|p2|Iron Moth|
|poke|p2|Kingambit, M|
|poke|p2|Deoxys-Speed|
|poke|p2|Raging Bolt|
|poke|p2|Rillaboom, F|
|poke|p2|Azumarill, F|
|teampreview
|inactive|Battle timer is ON: inactive players will automatically lose when time's up. (requested by Des4)
|
|t:|1760388670
|teamsize|p1|6
|teamsize|p2|6
|start
|switch|p1a: Iron Treads|Iron Treads|100/100
|switch|p2a: Anomаly|Iron Moth|100/100
|-enditem|p2a: Anomаly|Booster Energy
|-activate|p2a: Anomаly|ability: Quark Drive|[fromitem]
|-start|p2a: Anomаly|quarkdrivespe
|turn|1
|
|t:|1760388678
|-end|p1a: Iron Treads|Quark Drive|[silent]
|switch|p1a: Slowking|Slowking-Galar, F|100/100
|move|p2a: Anomаly|Fiery Dance|p1a: Slowking
|-damage|p1a: Slowking|75/100
|-boost|p2a: Anomаly|spa|1
|
|upkeep
|turn|2
|
|t:|1760388684
|move|p2a: Anomаly|Fiery Dance|p1a: Slowking
|-damage|p1a: Slowking|38/100
|move|p1a: Slowking|Future Sight|p2a: Anomаly
|-start|p1a: Slowking|move: Future Sight
|
|upkeep
|turn|3
|
|t:|1760388705
|move|p2a: Anomаly|Fiery Dance|p1a: Slowking
|-crit|p1a: Slowking
|-damage|p1a: Slowking|0 fnt
|-boost|p2a: Anomаly|spa|1
|faint|p1a: Slowking
|
|upkeep
|
|t:|1760388712
|switch|p1a: Dragapult|Dragapult, M|100/100
|turn|4
|
|t:|1760388719
|move|p2a: Anomаly|Substitute|p2a: Anomаly
|-start|p2a: Anomаly|Substitute
|-damage|p2a: Anomаly|76/100
|move|p1a: Dragapult|Dragon Darts|p2a: Anomаly
|-crit|p2a: Anomаly
|-damage|p2a: Anomаly|20/100
|-anim|p1a: Dragapult|Dragon Darts|p2a: Anomаly
|-damage|p2a: Anomаly|0 fnt
|faint|p2a: Anomаly
|-end|p2a: Anomаly|Quark Drive|[silent]
|
|-hint|Future Sight did not hit because the target is fainted.
|upkeep
|c|☆enormouschilli|nooooooo
|
|t:|1760388730
|switch|p2a: Azumarill|Azumarill, F|100/100
|turn|5
|
|t:|1760388733
|move|p1a: Dragapult|Will-O-Wisp|p2a: Azumarill|[miss]
|-miss|p1a: Dragapult|p2a: Azumarill
|move|p2a: Azumarill|Belly Drum|p2a: Azumarill
|-damage|p2a: Azumarill|50/100
|-setboost|p2a: Azumarill|atk|6|[from] move: Belly Drum
|-enditem|p2a: Azumarill|Sitrus Berry|[eat]
|-heal|p2a: Azumarill|75/100|[from] item: Sitrus Berry
|
|upkeep
|turn|6
|
|t:|1760388739
|move|p1a: Dragapult|Will-O-Wisp|p2a: Azumarill
|-status|p2a: Azumarill|brn
|move|p2a: Azumarill|Play Rough|p1a: Dragapult
|-supereffective|p1a: Dragapult
|-damage|p1a: Dragapult|0 fnt
|faint|p1a: Dragapult
|
|-damage|p2a: Azumarill|69/100 brn|[from] brn
|upkeep
|
|t:|1760388743
|switch|p1a: Articuno|Articuno|100/100
|-ability|p1a: Articuno|Pressure
|turn|7
|
|t:|1760388754
|move|p1a: Articuno|Substitute|p1a: Articuno
|-start|p1a: Articuno|Substitute
|-damage|p1a: Articuno|76/100
|move|p2a: Azumarill|Play Rough|p1a: Articuno
|-end|p1a: Articuno|Substitute
|
|-heal|p1a: Articuno|82/100|[from] item: Leftovers
|-damage|p2a: Azumarill|63/100 brn|[from] brn
|upkeep
|turn|8
|
|t:|1760388762
|move|p2a: Azumarill|Aqua Jet|p1a: Articuno
|-damage|p1a: Articuno|32/100
|move|p1a: Articuno|Substitute|p1a: Articuno
|-start|p1a: Articuno|Substitute
|-damage|p1a: Articuno|7/100
|
|-heal|p1a: Articuno|13/100|[from] item: Leftovers
|-damage|p2a: Azumarill|57/100 brn|[from] brn
|upkeep
|turn|9
|
|t:|1760388785
|move|p2a: Azumarill|Aqua Jet|p1a: Articuno
|-end|p1a: Articuno|Substitute
|move|p1a: Articuno|Freeze-Dry|p2a: Azumarill
|-supereffective|p2a: Azumarill
|-damage|p2a: Azumarill|0 fnt
|faint|p2a: Azumarill
|
|-heal|p1a: Articuno|19/100|[from] item: Leftovers
|upkeep
|
|t:|1760388790
|switch|p2a: Deoxys|Deoxys-Speed|100/100
|-ability|p2a: Deoxys|Pressure
|turn|10
|
|t:|1760388797
|switch|p1a: Mandibuzz|Mandibuzz, F|100/100
|move|p2a: Deoxys|Psycho Boost|p1a: Mandibuzz
|-immune|p1a: Mandibuzz
|
|upkeep
|turn|11
|
|t:|1760388802
|move|p2a: Deoxys|Focus Blast|p1a: Mandibuzz|[miss]
|-miss|p2a: Deoxys|p1a: Mandibuzz
|move|p1a: Mandibuzz|Foul Play|p2a: Deoxys
|-supereffective|p2a: Deoxys
|-damage|p2a: Deoxys|18/100
|
|upkeep
|turn|12
|
|t:|1760388809
|move|p2a: Deoxys|Focus Blast|p1a: Mandibuzz|[miss]
|-miss|p2a: Deoxys|p1a: Mandibuzz
|move|p1a: Mandibuzz|Foul Play|p2a: Deoxys
|-supereffective|p2a: Deoxys
|-damage|p2a: Deoxys|0 fnt
|faint|p2a: Deoxys
|
|upkeep
|
|t:|1760388813
|switch|p2a: Raging Bolt|Raging Bolt|100/100
|-enditem|p2a: Raging Bolt|Booster Energy
|-activate|p2a: Raging Bolt|ability: Protosynthesis|[fromitem]
|-start|p2a: Raging Bolt|protosynthesisspa
|turn|13
|
|t:|1760388816
|switch|p1a: Iron Treads|Iron Treads|100/100
|move|p2a: Raging Bolt|Calm Mind|p2a: Raging Bolt
|-boost|p2a: Raging Bolt|spa|1
|-boost|p2a: Raging Bolt|spd|1
|
|upkeep
|turn|14
|
|t:|1760388824
|-terastallize|p2a: Raging Bolt|Fairy
|move|p1a: Iron Treads|Stealth Rock|p2a: Raging Bolt
|-sidestart|p2: enormouschilli|move: Stealth Rock
|move|p2a: Raging Bolt|Dragon Pulse|p1a: Iron Treads
|-resisted|p1a: Iron Treads
|-damage|p1a: Iron Treads|29/100
|
|-heal|p1a: Iron Treads|35/100|[from] item: Leftovers
|upkeep
|turn|15
|
|t:|1760388830
|move|p1a: Iron Treads|Earthquake|p2a: Raging Bolt
|-damage|p2a: Raging Bolt|58/100
|move|p2a: Raging Bolt|Dragon Pulse|p1a: Iron Treads
|-resisted|p1a: Iron Treads
|-damage|p1a: Iron Treads|0 fnt
|faint|p1a: Iron Treads
|-end|p1a: Iron Treads|Quark Drive|[silent]
|
|upkeep
|
|t:|1760388837
|switch|p1a: Articuno|Articuno|19/100
|-ability|p1a: Articuno|Pressure
|turn|16
|
|t:|1760388845
|-terastallize|p1a: Articuno|Ground
|move|p1a: Articuno|Roost|p1a: Articuno
|-heal|p1a: Articuno|69/100
|move|p2a: Raging Bolt|Thunderbolt|p1a: Articuno
|-immune|p1a: Articuno
|
|-heal|p1a: Articuno|75/100|[from] item: Leftovers
|upkeep
|turn|17
|
|t:|1760388852
|move|p1a: Articuno|Substitute|p1a: Articuno
|-start|p1a: Articuno|Substitute
|-damage|p1a: Articuno|50/100
|move|p2a: Raging Bolt|Dragon Pulse|p1a: Articuno
|-end|p1a: Articuno|Substitute
|
|-heal|p1a: Articuno|57/100|[from] item: Leftovers
|upkeep
|turn|18
|
|t:|1760388857
|move|p1a: Articuno|Substitute|p1a: Articuno
|-start|p1a: Articuno|Substitute
|-damage|p1a: Articuno|32/100
|move|p2a: Raging Bolt|Dragon Pulse|p1a: Articuno
|-end|p1a: Articuno|Substitute
|
|-heal|p1a: Articuno|38/100|[from] item: Leftovers
|upkeep
|turn|19
|
|t:|1760388860
|move|p1a: Articuno|Roost|p1a: Articuno
|-heal|p1a: Articuno|88/100
|move|p2a: Raging Bolt|Dragon Pulse|p1a: Articuno
|-damage|p1a: Articuno|5/100
|
|-heal|p1a: Articuno|11/100|[from] item: Leftovers
|upkeep
|turn|20
|
|t:|1760388864
|move|p1a: Articuno|Roost|p1a: Articuno
|-heal|p1a: Articuno|61/100
|move|p2a: Raging Bolt|Dragon Pulse|p1a: Articuno
|-damage|p1a: Articuno|0 fnt
|faint|p1a: Articuno
|
|upkeep
|-message|Des4 forfeited.
|
|win|enormouschilli
|raw|Des4's rating: 1401 &rarr; <strong>1384</strong><br />(-17 for losing)
|raw|enormouschilli's rating: 1458 &rarr; <strong>1475</strong><br />(+17 for winning)
|l|☆Des4
|player|p1|
|l|☆enormouschilli
|player|p2|
