|j|☆sagey39
|j|☆Xnl
|t:|1760354266
|gametype|singles
|player|p1|sagey39|rood|1256
|player|p2|Xnl|veteran|1308
|gen|9
|tier|[Gen 9] OU
|rated|
|rule|HP Percentage Mod: HP is shown in percentages
|rule|Endless Battle Clause: Forcing endless battles is banned
|rule|Species Clause: Limit one of each Pokémon
|rule|OHKO Clause: OHKO moves are banned
|rule|Evasion Items Clause: Evasion items are banned
|rule|Evasion Moves Clause: Evasion moves are banned
|rule|Evasion Abilities Clause: Evasion abilities are banned
|rule|Sleep Moves Clause: Sleep-inducing moves are banned
|clearpoke
|poke|p1|Hydrapple, F|
|poke|p1|Gallade, M|
|poke|p1|Grimmsnarl, M|
|poke|p1|Mandibuzz, F|
|poke|p1|Golduck, F|
|poke|p1|Politoed, F|
|poke|p2|Jirachi|
|poke|p2|Serperior, M|
|poke|p2|Iron Hands|
|poke|p2|Talonflame, M|
|poke|p2|Dragonite, M|
|poke|p2|Tinkaton, F|
|teampreview
|inactive|Battle timer is ON: inactive players will automatically lose when time's up. (requested by sagey39)
|
|t:|1760354277
|teamsize|p1|6
|teamsize|p2|6
|start
|switch|p1a: Grimmsnarl|Grimmsnarl, M|100/100
|switch|p2a: Tinkaton|Tinkaton, F|100/100
|-ability|p2a: Tinkaton|Mold Breaker
|turn|1
|
|t:|1760354286
|move|p1a: Grimmsnarl|Reflect|p1a: Grimmsnarl
|-sidestart|p1: sagey39|Reflect
|move|p2a: Tinkaton|Encore|p1a: Grimmsnarl
|-start|p1a: Grimmsnarl|Encore
|
|upkeep
|turn|2
|
|t:|1760354299
|switch|p1a: Politoed|Politoed, F|100/100
|-weather|RainDance|[from] ability: Drizzle|[of] p1a: Politoed
|move|p2a: Tinkaton|Thunder Wave|p1a: Politoed
|-status|p1a: Politoed|par
|
|-weather|RainDance|[upkeep]
|upkeep
|turn|3
|
|t:|1760354308
|switch|p2a: Jirachi|Jirachi|100/100
|move|p1a: Politoed|Surf|p2a: Jirachi
|-damage|p2a: Jirachi|61/100
|
|-weather|RainDance|[upkeep]
|-heal|p2a: Jirachi|67/100|[from] item: Leftovers
|upkeep
|turn|4
|
|t:|1760354338
|switch|p1a: Grimmsnarl|Grimmsnarl, M|100/100
|move|p2a: Jirachi|Wish|p2a: Jirachi
|
|-weather|RainDance|[upkeep]
|-heal|p2a: Jirachi|74/100|[from] item: Leftovers
|upkeep
|turn|5
|
|t:|1760354346
|move|p1a: Grimmsnarl|Light Screen|p1a: Grimmsnarl
|-sidestart|p1: sagey39|move: Light Screen
|move|p2a: Jirachi|Body Slam|p1a: Grimmsnarl
|-damage|p1a: Grimmsnarl|89/100
|-status|p1a: Grimmsnarl|par
|
|-weather|RainDance|[upkeep]
|-heal|p2a: Jirachi|100/100|[from] move: Wish|[wisher] Jirachi
|upkeep
|turn|6
|
|t:|1760354356
|switch|p1a: Hydrapple|Hydrapple, F|100/100
|move|p2a: Jirachi|Wish|p2a: Jirachi
|
|-weather|none
|upkeep
|turn|7
|
|t:|1760354362
|switch|p2a: Tinkaton|Tinkaton, F|100/100
|-ability|p2a: Tinkaton|Mold Breaker
|move|p1a: Hydrapple|Nasty Plot|p1a: Hydrapple
|-boost|p1a: Hydrapple|spa|2
|
|upkeep
|turn|8
|
|t:|1760354371
|switch|p1a: Gallade|Gallade, M|100/100
|move|p2a: Tinkaton|Encore||[still]
|-fail|p2a: Tinkaton
|
|-sideend|p1: sagey39|Reflect
|upkeep
|turn|9
|
|t:|1760354383
|switch|p1a: Grimmsnarl|Grimmsnarl, M|89/100 par
|move|p2a: Tinkaton|Thunder Wave|p1a: Grimmsnarl
|-fail|p1a: Grimmsnarl|par
|
|upkeep
|turn|10
|
|t:|1760354390
|move|p1a: Grimmsnarl|Reflect|p1a: Grimmsnarl
|-sidestart|p1: sagey39|Reflect
|move|p2a: Tinkaton|Encore|p1a: Grimmsnarl
|-start|p1a: Grimmsnarl|Encore
|
|upkeep
|turn|11
|
|t:|1760354396
|switch|p1a: Politoed|Politoed, F|100/100 par
|-weather|RainDance|[from] ability: Drizzle|[of] p1a: Politoed
|move|p2a: Tinkaton|Thunder Wave|p1a: Politoed
|-fail|p1a: Politoed|par
|
|-weather|RainDance|[upkeep]
|upkeep
|turn|12
|
|t:|1760354406
|move|p2a: Tinkaton|Knock Off|p1a: Politoed
|-damage|p1a: Politoed|89/100 par
|-enditem|p1a: Politoed|Assault Vest|[from] move: Knock Off|[of] p2a: Tinkaton
|move|p1a: Politoed|Surf|p2a: Tinkaton
|-damage|p2a: Tinkaton|58/100
|
|-weather|RainDance|[upkeep]
|-sideend|p1: sagey39|move: Light Screen
|upkeep
|turn|13
|
|t:|1760354415
|switch|p2a: Jirachi|Jirachi|100/100
|move|p1a: Politoed|Surf|p2a: Jirachi
|-damage|p2a: Jirachi|64/100
|
|-weather|RainDance|[upkeep]
|-heal|p2a: Jirachi|70/100|[from] item: Leftovers
|upkeep
|turn|14
|
|t:|1760354424
|switch|p1a: Grimmsnarl|Grimmsnarl, M|89/100 par
|move|p2a: Jirachi|Wish|p2a: Jirachi
|
|-weather|RainDance|[upkeep]
|-heal|p2a: Jirachi|76/100|[from] item: Leftovers
|upkeep
|turn|15
|
|t:|1760354436
|switch|p2a: Tinkaton|Tinkaton, F|58/100
|-ability|p2a: Tinkaton|Mold Breaker
|move|p1a: Grimmsnarl|Light Screen|p1a: Grimmsnarl
|-sidestart|p1: sagey39|move: Light Screen
|
|-weather|none
|-heal|p2a: Tinkaton|100/100|[from] move: Wish|[wisher] Jirachi
|upkeep
|turn|16
|
|t:|1760354445
|cant|p1a: Grimmsnarl|par
|move|p2a: Tinkaton|Play Rough|p1a: Grimmsnarl
|-supereffective|p1a: Grimmsnarl
|-damage|p1a: Grimmsnarl|54/100 par
|-unboost|p1a: Grimmsnarl|atk|1
|
|upkeep
|turn|17
|
|t:|1760354452
|cant|p1a: Grimmsnarl|par
|move|p2a: Tinkaton|Knock Off|p1a: Grimmsnarl
|-resisted|p1a: Grimmsnarl
|-damage|p1a: Grimmsnarl|51/100 par
|-enditem|p1a: Grimmsnarl|Light Clay|[from] move: Knock Off|[of] p2a: Tinkaton
|
|-sideend|p1: sagey39|Reflect
|upkeep
|turn|18
|
|t:|1760354466
|move|p1a: Grimmsnarl|Reflect|p1a: Grimmsnarl
|-sidestart|p1: sagey39|Reflect
|move|p2a: Tinkaton|Play Rough|p1a: Grimmsnarl
|-supereffective|p1a: Grimmsnarl
|-damage|p1a: Grimmsnarl|17/100 par
|
|upkeep
|turn|19
|
|t:|1760354473
|move|p1a: Grimmsnarl|Parting Shot|p2a: Tinkaton
|-unboost|p2a: Tinkaton|atk|1
|-unboost|p2a: Tinkaton|spa|1
|
|t:|1760354477
|switch|p1a: Politoed|Politoed, F|89/100 par|[from] Parting Shot
|-weather|RainDance|[from] ability: Drizzle|[of] p1a: Politoed
|move|p2a: Tinkaton|Play Rough|p1a: Politoed|[miss]
|-miss|p2a: Tinkaton|p1a: Politoed
|
|-weather|RainDance|[upkeep]
|upkeep
|turn|20
|
|t:|1760354486
|switch|p2a: Jirachi|Jirachi|76/100
|move|p1a: Politoed|Earth Power|p2a: Jirachi
|-supereffective|p2a: Jirachi
|-damage|p2a: Jirachi|43/100
|
|-weather|RainDance|[upkeep]
|-heal|p2a: Jirachi|50/100|[from] item: Leftovers
|upkeep
|turn|21
|
|t:|1760354495
|move|p2a: Jirachi|Protect|p2a: Jirachi
|-singleturn|p2a: Jirachi|Protect
|cant|p1a: Politoed|par
|
|-weather|RainDance|[upkeep]
|-heal|p2a: Jirachi|56/100|[from] item: Leftovers
|upkeep
|turn|22
|
|t:|1760354504
|switch|p1a: Golduck|Golduck, F|100/100
|move|p2a: Jirachi|Wish|p2a: Jirachi
|
|-weather|RainDance|[upkeep]
|-heal|p2a: Jirachi|62/100|[from] item: Leftovers
|-sideend|p1: sagey39|Reflect
|-sideend|p1: sagey39|move: Light Screen
|upkeep
|turn|23
|
|t:|1760354513
|move|p1a: Golduck|Nasty Plot|p1a: Golduck
|-boost|p1a: Golduck|spa|2
|move|p2a: Jirachi|Body Slam|p1a: Golduck
|-damage|p1a: Golduck|73/100
|
|-weather|none
|-heal|p2a: Jirachi|100/100|[from] move: Wish|[wisher] Jirachi
|upkeep
|turn|24
|
|t:|1760354522
|move|p1a: Golduck|Surf|p2a: Jirachi
|-damage|p2a: Jirachi|53/100
|move|p2a: Jirachi|Body Slam|p1a: Golduck
|-damage|p1a: Golduck|48/100
|-status|p1a: Golduck|par
|
|-heal|p2a: Jirachi|60/100|[from] item: Leftovers
|upkeep
|turn|25
|
|t:|1760354531
|-terastallize|p1a: Golduck|Water
|move|p2a: Jirachi|Iron Head|p1a: Golduck
|-resisted|p1a: Golduck
|-damage|p1a: Golduck|31/100 par
|move|p1a: Golduck|Surf|p2a: Jirachi
|-damage|p2a: Jirachi|0 fnt
|faint|p2a: Jirachi
|
|upkeep
|
|t:|1760354539
|switch|p2a: Serperior|Serperior, M|100/100
|turn|26
|
|t:|1760354544
|switch|p1a: Hydrapple|Hydrapple, F|100/100
|move|p2a: Serperior|Leaf Storm|p1a: Hydrapple
|-resisted|p1a: Hydrapple
|-damage|p1a: Hydrapple|91/100
|-boost|p2a: Serperior|spa|2
|
|upkeep
|turn|27
|
|t:|1760354555
|switch|p1a: Golduck|Golduck, F, tera:Water|31/100 par
|move|p2a: Serperior|Glare|p1a: Golduck
|-fail|p1a: Golduck|par
|
|upkeep
|turn|28
|
|t:|1760354562
|move|p1a: Golduck|Vacuum Wave|p2a: Serperior
|-damage|p2a: Serperior|88/100
|move|p2a: Serperior|Leaf Storm|p1a: Golduck
|-supereffective|p1a: Golduck
|-damage|p1a: Golduck|0 fnt
|-boost|p2a: Serperior|spa|2
|faint|p1a: Golduck
|
|upkeep
|
|t:|1760354574
|switch|p1a: Mandibuzz|Mandibuzz, F|100/100
|turn|29
|
|t:|1760354577
|move|p2a: Serperior|Glare|p1a: Mandibuzz
|-status|p1a: Mandibuzz|par
|cant|p1a: Mandibuzz|par
|
|upkeep
|turn|30
|
|t:|1760354583
|switch|p2a: Tinkaton|Tinkaton, F|100/100
|-ability|p2a: Tinkaton|Mold Breaker
|move|p1a: Mandibuzz|U-turn|p2a: Tinkaton
|-resisted|p2a: Tinkaton
|-damage|p2a: Tinkaton|97/100
|
|t:|1760354592
|switch|p1a: Politoed|Politoed, F|89/100 par|[from] U-turn
|-weather|RainDance|[from] ability: Drizzle|[of] p1a: Politoed
|
|-weather|RainDance|[upkeep]
|upkeep
|turn|31
|
|t:|1760354599
|move|p2a: Tinkaton|Play Rough|p1a: Politoed
|-damage|p1a: Politoed|54/100 par
|move|p1a: Politoed|Surf|p2a: Tinkaton
|-damage|p2a: Tinkaton|56/100
|
|-weather|RainDance|[upkeep]
|upkeep
|turn|32
|
|t:|1760354608
|switch|p2a: Serperior|Serperior, M|88/100
|move|p1a: Politoed|Surf|p2a: Serperior
|-resisted|p2a: Serperior
|-damage|p2a: Serperior|57/100
|
|-weather|RainDance|[upkeep]
|upkeep
|turn|33
|
|t:|1760354617
|move|p2a: Serperior|Leaf Storm|p1a: Politoed
|-supereffective|p1a: Politoed
|-damage|p1a: Politoed|0 fnt
|-boost|p2a: Serperior|spa|2
|faint|p1a: Politoed
|
|-weather|RainDance|[upkeep]
|upkeep
|
|t:|1760354624
|switch|p1a: Grimmsnarl|Grimmsnarl, M|17/100 par
|turn|34
|
|t:|1760354628
|cant|p1a: Grimmsnarl|par
|move|p2a: Serperior|Leaf Storm|p1a: Grimmsnarl
|-damage|p1a: Grimmsnarl|0 fnt
|-boost|p2a: Serperior|spa|2
|faint|p1a: Grimmsnarl
|
|-weather|none
|upkeep
|
|t:|1760354638
|switch|p1a: Mandibuzz|Mandibuzz, F|100/100 par
|turn|35
|
|t:|1760354642
|move|p2a: Serperior|Dragon Pulse|p1a: Mandibuzz
|-damage|p1a: Mandibuzz|60/100 par
|move|p1a: Mandibuzz|U-turn|p2a: Serperior
|-supereffective|p2a: Serperior
|-crit|p2a: Serperior
|-damage|p2a: Serperior|22/100
|
|t:|1760354651
|switch|p1a: Hydrapple|Hydrapple, F|100/100|[from] U-turn
|
|upkeep
|turn|36
|
|t:|1760354661
|move|p2a: Serperior|Glare|p1a: Hydrapple
|-status|p1a: Hydrapple|par
|move|p1a: Hydrapple|Fickle Beam|p2a: Serperior
|-damage|p2a: Serperior|0 fnt
|faint|p2a: Serperior
|
|upkeep
|
|t:|1760354669
|switch|p2a: Iron Hands|Iron Hands|100/100
|turn|37
|
|t:|1760354672
|move|p2a: Iron Hands|Ice Punch|p1a: Hydrapple
|-supereffective|p1a: Hydrapple
|-damage|p1a: Hydrapple|25/100 par
|move|p1a: Hydrapple|Earth Power|p2a: Iron Hands
|-supereffective|p2a: Iron Hands
|-damage|p2a: Iron Hands|53/100
|
|upkeep
|turn|38
|
|t:|1760354680
|move|p2a: Iron Hands|Drain Punch|p1a: Hydrapple
|-damage|p1a: Hydrapple|0 fnt
|-heal|p2a: Iron Hands|62/100|[from] drain|[of] p1a: Hydrapple
|faint|p1a: Hydrapple
|
|upkeep
|
|t:|1760354687
|switch|p1a: Mandibuzz|Mandibuzz, F|60/100 par
|turn|39
|
|t:|1760354693
|move|p2a: Iron Hands|Thunder Punch|p1a: Mandibuzz
|-supereffective|p1a: Mandibuzz
|-damage|p1a: Mandibuzz|3/100 par
|move|p1a: Mandibuzz|Foul Play|p2a: Iron Hands
|-resisted|p2a: Iron Hands
|-damage|p2a: Iron Hands|46/100
|
|upkeep
|turn|40
|
|t:|1760354701
|move|p2a: Iron Hands|Drain Punch|p1a: Mandibuzz
|-damage|p1a: Mandibuzz|0 fnt
|-heal|p2a: Iron Hands|47/100|[from] drain|[of] p1a: Mandibuzz
|faint|p1a: Mandibuzz
|
|upkeep
|
|t:|1760354707
|switch|p1a: Gallade|Gallade, M|100/100
|turn|41
|
|t:|1760354710
|move|p1a: Gallade|Agility|p1a: Gallade
|-boost|p1a: Gallade|spe|2
|move|p2a: Iron Hands|Thunder Punch|p1a: Gallade
|-damage|p1a: Gallade|7/100
|
|upkeep
|turn|42
|
|t:|1760354717
|move|p1a: Gallade|Psycho Cut|p2a: Iron Hands
|-supereffective|p2a: Iron Hands
|-damage|p2a: Iron Hands|0 fnt
|faint|p2a: Iron Hands
|-end|p2a: Iron Hands|Quark Drive|[silent]
|
|upkeep
|
|t:|1760354718
|switch|p2a: Tinkaton|Tinkaton, F|56/100
|-ability|p2a: Tinkaton|Mold Breaker
|turn|43
|
|t:|1760354725
|move|p1a: Gallade|Aqua Cutter|p2a: Tinkaton
|-crit|p2a: Tinkaton
|-damage|p2a: Tinkaton|0 fnt
|faint|p2a: Tinkaton
|
|upkeep
|
|t:|1760354729
|switch|p2a: Talonflame|Talonflame, M|100/100
|turn|44
|
|t:|1760354733
|move|p1a: Gallade|Psycho Cut|p2a: Talonflame
|-damage|p2a: Talonflame|49/100
|move|p2a: Talonflame|Flamethrower|p1a: Gallade
|-damage|p1a: Gallade|0 fnt
|faint|p1a: Gallade
|
|win|Xnl
|raw|sagey39's rating: 1256 &rarr; <strong>1235</strong><br />(-21 for losing)
|raw|Xnl's rating: 1308 &rarr; <strong>1325</strong><br />(+17 for winning)
|l|☆sagey39
|player|p1|
|l|☆Xnl
|player|p2|
