|j|☆magmafirex
|j|☆Brigadi25
|t:|1760400615
|gametype|singles
|player|p1|magmafirex|firebreather|1293
|player|p2|Brigadi25|bugcatcher-gen4dp|1341
|gen|9
|tier|[Gen 9] OU
|rated|
|rule|HP Percentage Mod: HP is shown in percentages
|rule|Endless Battle Clause: Forcing endless battles is banned
|rule|Species Clause: Limit one of each Pokémon
|rule|OHKO Clause: OHKO moves are banned
|rule|Evasion Items Clause: Evasion items are banned
|rule|Evasion Moves Clause: Evasion moves are banned
|rule|Evasion Abilities Clause: Evasion abilities are banned
|rule|Sleep Moves Clause: Sleep-inducing moves are banned
|clearpoke
|poke|p1|Mew|
|poke|p1|Araquanid, F|
|poke|p1|Forretress, F|
|poke|p1|Gholdengo|
|poke|p1|Toxapex, F|
|poke|p1|Great Tusk|
|poke|p2|Ribombee, M|
|poke|p2|Ogerpon-Wellspring, F|
|poke|p2|Tornadus-Therian, M|
|poke|p2|Goodra, M|
|poke|p2|Iron Crown|
|poke|p2|Kleavor, F|
|teampreview
|inactive|Battle timer is ON: inactive players will automatically lose when time's up. (requested by Brigadi25)
|
|t:|1760400630
|teamsize|p1|6
|teamsize|p2|6
|start
|switch|p1a: Forretress|Forretress, F|100/100
|switch|p2a: Tornadus|Tornadus-Therian, M|100/100
|turn|1
|
|t:|1760400636
|move|p2a: Tornadus|Taunt|p1a: Forretress
|-start|p1a: Forretress|move: Taunt
|cant|p1a: Forretress|move: Taunt|Stealth Rock
|
|upkeep
|turn|2
|
|t:|1760400644
|move|p2a: Tornadus|U-turn|p1a: Forretress
|-resisted|p1a: Forretress
|-crit|p1a: Forretress
|-damage|p1a: Forretress|95/100
|
|t:|1760400659
|switch|p2a: Kleavor|Kleavor, F|100/100|[from] U-turn
|move|p1a: Forretress|Gyro Ball|p2a: Kleavor
|-supereffective|p2a: Kleavor
|-damage|p2a: Kleavor|0 fnt
|faint|p2a: Kleavor
|
|-heal|p1a: Forretress|100/100|[from] item: Leftovers
|upkeep
|
|t:|1760400667
|switch|p2a: Tornadus|Tornadus-Therian, M|100/100
|turn|3
|
|t:|1760400673
|move|p2a: Tornadus|Heat Wave|p1a: Forretress
|-supereffective|p1a: Forretress
|-ability|p1a: Forretress|Sturdy
|-damage|p1a: Forretress|1/100
|move|p1a: Forretress|Gyro Ball|p2a: Tornadus
|-damage|p2a: Tornadus|62/100
|
|-heal|p1a: Forretress|7/100|[from] item: Leftovers
|-end|p1a: Forretress|move: Taunt
|upkeep
|turn|4
|
|t:|1760400691
|switch|p1a: Araquanid|Araquanid, F|100/100
|move|p2a: Tornadus|Heat Wave|p1a: Araquanid
|-damage|p1a: Araquanid|93/100
|
|-heal|p1a: Araquanid|99/100|[from] item: Leftovers
|upkeep
|turn|5
|
|t:|1760400699
|move|p1a: Araquanid|Protect|p1a: Araquanid
|-singleturn|p1a: Araquanid|Protect
|move|p2a: Tornadus|Taunt|p1a: Araquanid
|-activate|p1a: Araquanid|move: Protect
|
|-heal|p1a: Araquanid|100/100|[from] item: Leftovers
|upkeep
|turn|6
|
|t:|1760400712
|move|p2a: Tornadus|Bleakwind Storm|p1a: Araquanid
|-supereffective|p1a: Araquanid
|-damage|p1a: Araquanid|52/100
|-unboost|p1a: Araquanid|spe|1
|move|p1a: Araquanid|Liquidation|p2a: Tornadus
|-damage|p2a: Tornadus|16/100
|
|-heal|p1a: Araquanid|58/100|[from] item: Leftovers
|upkeep
|turn|7
|
|t:|1760400721
|move|p2a: Tornadus|U-turn|p1a: Araquanid
|-damage|p1a: Araquanid|43/100
|
|t:|1760400724
|switch|p2a: Ogerpon|Ogerpon-Wellspring, F|100/100|[from] U-turn
|move|p1a: Araquanid|Liquidation|p2a: Ogerpon
|-immune|p2a: Ogerpon|[from] ability: Water Absorb
|
|-heal|p1a: Araquanid|50/100|[from] item: Leftovers
|upkeep
|turn|8
|
|t:|1760400732
|move|p2a: Ogerpon|Encore|p1a: Araquanid
|-start|p1a: Araquanid|Encore
|move|p1a: Araquanid|Liquidation|p2a: Ogerpon
|-immune|p2a: Ogerpon|[from] ability: Water Absorb
|
|-heal|p1a: Araquanid|56/100|[from] item: Leftovers
|upkeep
|turn|9
|
|t:|1760400746
|switch|p1a: Toxapex|Toxapex, F|100/100
|move|p2a: Ogerpon|Swords Dance|p2a: Ogerpon
|-boost|p2a: Ogerpon|atk|2
|
|upkeep
|turn|10
|
|t:|1760400754
|move|p2a: Ogerpon|Knock Off|p1a: Toxapex
|-damage|p1a: Toxapex|39/100
|-enditem|p1a: Toxapex|Leftovers|[from] move: Knock Off|[of] p2a: Ogerpon
|move|p1a: Toxapex|Toxic|p2a: Ogerpon
|-status|p2a: Ogerpon|tox
|
|-damage|p2a: Ogerpon|95/100 tox|[from] psn
|upkeep
|turn|11
|
|t:|1760400761
|switch|p1a: Forretress|Forretress, F|7/100
|move|p2a: Ogerpon|Knock Off|p1a: Forretress
|-damage|p1a: Forretress|0 fnt
|-enditem|p1a: Forretress|Leftovers|[from] move: Knock Off|[of] p2a: Ogerpon
|faint|p1a: Forretress
|
|-damage|p2a: Ogerpon|83/100 tox|[from] psn
|upkeep
|
|t:|1760400769
|switch|p1a: Araquanid|Araquanid, F|56/100
|turn|12
|
|t:|1760400774
|move|p1a: Araquanid|Protect|p1a: Araquanid
|-singleturn|p1a: Araquanid|Protect
|move|p2a: Ogerpon|Knock Off|p1a: Araquanid
|-activate|p1a: Araquanid|move: Protect
|
|-heal|p1a: Araquanid|62/100|[from] item: Leftovers
|-damage|p2a: Ogerpon|65/100 tox|[from] psn
|upkeep
|turn|13
|
|t:|1760400782
|move|p2a: Ogerpon|Knock Off|p1a: Araquanid
|-damage|p1a: Araquanid|0 fnt
|-enditem|p1a: Araquanid|Leftovers|[from] move: Knock Off|[of] p2a: Ogerpon
|faint|p1a: Araquanid
|
|-damage|p2a: Ogerpon|41/100 tox|[from] psn
|upkeep
|
|t:|1760400792
|switch|p1a: Toxapex|Toxapex, F|72/100
|turn|14
|
|t:|1760400805
|switch|p2a: Tornadus|Tornadus-Therian, M|49/100
|move|p1a: Toxapex|Recover|p1a: Toxapex
|-heal|p1a: Toxapex|100/100
|
|upkeep
|turn|15
|
|t:|1760400816
|switch|p2a: Iron Crown|Iron Crown|100/100
|-enditem|p2a: Iron Crown|Booster Energy
|-activate|p2a: Iron Crown|ability: Quark Drive|[fromitem]
|-start|p2a: Iron Crown|quarkdrivespe
|move|p1a: Toxapex|Surf|p2a: Iron Crown
|-damage|p2a: Iron Crown|83/100
|
|upkeep
|turn|16
|
|t:|1760400829
|switch|p1a: Gholdengo|Gholdengo|100/100
|move|p2a: Iron Crown|Calm Mind|p2a: Iron Crown
|-boost|p2a: Iron Crown|spa|1
|-boost|p2a: Iron Crown|spd|1
|
|upkeep
|turn|17
|
|t:|1760400837
|move|p2a: Iron Crown|Volt Switch|p1a: Gholdengo
|-damage|p1a: Gholdengo|70/100
|
|t:|1760400842
|-end|p2a: Iron Crown|Quark Drive|[silent]
|switch|p2a: Goodra|Goodra, M|100/100|[from] Volt Switch
|move|p1a: Gholdengo|Nasty Plot|p1a: Gholdengo
|-boost|p1a: Gholdengo|spa|2
|
|-heal|p1a: Gholdengo|76/100|[from] item: Leftovers
|upkeep
|turn|18
|
|t:|1760400850
|move|p2a: Goodra|Fire Blast|p1a: Gholdengo
|-supereffective|p1a: Gholdengo
|-damage|p1a: Gholdengo|14/100
|move|p1a: Gholdengo|Make It Rain|p2a: Goodra
|-damage|p2a: Goodra|54/100
|-unboost|p1a: Gholdengo|spa|1
|
|-heal|p1a: Gholdengo|20/100|[from] item: Leftovers
|upkeep
|turn|19
|
|t:|1760400859
|switch|p1a: Toxapex|Toxapex, F|100/100
|move|p2a: Goodra|Earthquake|p1a: Toxapex
|-supereffective|p1a: Toxapex
|-damage|p1a: Toxapex|65/100
|
|upkeep
|turn|20
|
|t:|1760400869
|switch|p2a: Tornadus|Tornadus-Therian, M|82/100
|move|p1a: Toxapex|Infestation|p2a: Tornadus
|-resisted|p2a: Tornadus
|-damage|p2a: Tornadus|81/100
|-activate|p2a: Tornadus|move: Infestation|[of] p1a: Toxapex
|
|-damage|p2a: Tornadus|69/100|[from] move: Infestation|[partiallytrapped]
|upkeep
|turn|21
|
|t:|1760400876
|move|p2a: Tornadus|Taunt|p1a: Toxapex
|-start|p1a: Toxapex|move: Taunt
|cant|p1a: Toxapex|move: Taunt|Toxic
|
|-damage|p2a: Tornadus|56/100|[from] move: Infestation|[partiallytrapped]
|upkeep
|turn|22
|
|t:|1760400881
|move|p2a: Tornadus|U-turn|p1a: Toxapex
|-resisted|p1a: Toxapex
|-damage|p1a: Toxapex|59/100
|
|t:|1760400886
|switch|p2a: Ogerpon|Ogerpon-Wellspring, F|41/100 tox|[from] U-turn
|move|p1a: Toxapex|Surf|p2a: Ogerpon
|-heal|p2a: Ogerpon|66/100 tox|[from] ability: Water Absorb|[of] p1a: Toxapex
|
|-damage|p2a: Ogerpon|60/100 tox|[from] psn
|upkeep
|turn|23
|
|t:|1760400897
|move|p2a: Ogerpon|Encore|p1a: Toxapex
|-start|p1a: Toxapex|Encore
|move|p1a: Toxapex|Surf|p2a: Ogerpon
|-heal|p2a: Ogerpon|85/100 tox|[from] ability: Water Absorb|[of] p1a: Toxapex
|
|-damage|p2a: Ogerpon|73/100 tox|[from] psn
|-end|p1a: Toxapex|move: Taunt
|upkeep
|turn|24
|
|t:|1760400907
|switch|p1a: Mew|Mew|100/100
|move|p2a: Ogerpon|Swords Dance|p2a: Ogerpon
|-boost|p2a: Ogerpon|atk|2
|
|-damage|p2a: Ogerpon|55/100 tox|[from] psn
|upkeep
|turn|25
|
|t:|1760400914
|switch|p1a: Toxapex|Toxapex, F|93/100
|move|p2a: Ogerpon|Knock Off|p1a: Toxapex
|-damage|p1a: Toxapex|50/100
|
|-damage|p2a: Ogerpon|31/100 tox|[from] psn
|upkeep
|turn|26
|
|t:|1760400924
|-terastallize|p2a: Ogerpon|Water
|detailschange|p2a: Ogerpon|Ogerpon-Wellspring-Tera, F, tera:Water
|-ability|p2a: Ogerpon|Embody Aspect (Wellspring)|boost
|-boost|p2a: Ogerpon|spd|1
|move|p2a: Ogerpon|Ivy Cudgel|p1a: Toxapex|[anim] Ivy Cudgel Water
|-resisted|p1a: Toxapex
|-crit|p1a: Toxapex
|-damage|p1a: Toxapex|0 fnt
|faint|p1a: Toxapex
|
|-damage|p2a: Ogerpon|1/100 tox|[from] psn
|upkeep
|
|t:|1760400934
|switch|p1a: Gholdengo|Gholdengo|20/100
|turn|27
|
|t:|1760400947
|move|p2a: Ogerpon|Knock Off|p1a: Gholdengo
|-supereffective|p1a: Gholdengo
|-damage|p1a: Gholdengo|0 fnt
|-enditem|p1a: Gholdengo|Leftovers|[from] move: Knock Off|[of] p2a: Ogerpon
|faint|p1a: Gholdengo
|
|-damage|p2a: Ogerpon|0 fnt|[from] psn
|faint|p2a: Ogerpon
|detailschange|p2: Ogerpon|Ogerpon-Wellspring, F|[silent]
|upkeep
|
|t:|1760400961
|switch|p2a: Tornadus|Tornadus-Therian, M|89/100
|switch|p1a: Mew|Mew|100/100
|turn|28
|
|t:|1760400968
|move|p2a: Tornadus|Taunt|p1a: Mew
|-start|p1a: Mew|move: Taunt
|move|p1a: Mew|Ice Beam|p2a: Tornadus
|-supereffective|p2a: Tornadus
|-damage|p2a: Tornadus|8/100
|
|upkeep
|turn|29
|
|t:|1760400974
|move|p2a: Tornadus|U-turn|p1a: Mew
|-supereffective|p1a: Mew
|-damage|p1a: Mew|70/100
|
|t:|1760400980
|switch|p2a: Iron Crown|Iron Crown|83/100|[from] U-turn
|move|p1a: Mew|Ice Beam|p2a: Iron Crown
|-resisted|p2a: Iron Crown
|-damage|p2a: Iron Crown|66/100
|
|upkeep
|turn|30
|
|t:|1760400988
|switch|p1a: Great Tusk|Great Tusk|100/100
|move|p2a: Iron Crown|Calm Mind|p2a: Iron Crown
|-boost|p2a: Iron Crown|spa|1
|-boost|p2a: Iron Crown|spd|1
|
|upkeep
|turn|31
|
|t:|1760400995
|-terastallize|p1a: Great Tusk|Ground
|move|p2a: Iron Crown|Psyshock|p1a: Great Tusk
|-damage|p1a: Great Tusk|64/100
|move|p1a: Great Tusk|Earthquake|p2a: Iron Crown
|-supereffective|p2a: Iron Crown
|-damage|p2a: Iron Crown|0 fnt
|faint|p2a: Iron Crown
|-end|p2a: Iron Crown|Quark Drive|[silent]
|
|-heal|p1a: Great Tusk|70/100|[from] item: Leftovers
|upkeep
|
|t:|1760401009
|switch|p2a: Tornadus|Tornadus-Therian, M|41/100
|turn|32
|
|t:|1760401031
|move|p2a: Tornadus|U-turn|p1a: Great Tusk
|-damage|p1a: Great Tusk|60/100
|
|t:|1760401034
|switch|p2a: Ribombee|Ribombee, M|100/100|[from] U-turn
|move|p1a: Great Tusk|Bulk Up|p1a: Great Tusk
|-boost|p1a: Great Tusk|atk|1
|-boost|p1a: Great Tusk|def|1
|
|-heal|p1a: Great Tusk|66/100|[from] item: Leftovers
|upkeep
|turn|33
|
|t:|1760401043
|move|p2a: Ribombee|Moonblast|p1a: Great Tusk
|-damage|p1a: Great Tusk|12/100
|move|p1a: Great Tusk|Earthquake|p2a: Ribombee
|-resisted|p2a: Ribombee
|-damage|p2a: Ribombee|16/100
|
|-heal|p1a: Great Tusk|18/100|[from] item: Leftovers
|upkeep
|turn|34
|
|t:|1760401050
|move|p2a: Ribombee|Moonblast|p1a: Great Tusk
|-damage|p1a: Great Tusk|0 fnt
|faint|p1a: Great Tusk
|-end|p1a: Great Tusk|Protosynthesis|[silent]
|
|upkeep
|
|t:|1760401052
|switch|p1a: Mew|Mew|70/100
|turn|35
|
|t:|1760401061
|move|p2a: Ribombee|Moonblast|p1a: Mew
|-damage|p1a: Mew|29/100
|move|p1a: Mew|Ice Beam|p2a: Ribombee
|-crit|p2a: Ribombee
|-damage|p2a: Ribombee|0 fnt
|faint|p2a: Ribombee
|
|upkeep
|
|t:|1760401067
|switch|p2a: Goodra|Goodra, M|54/100
|turn|36
|
|t:|1760401072
|move|p1a: Mew|Ice Beam|p2a: Goodra
|-supereffective|p2a: Goodra
|-damage|p2a: Goodra|22/100
|move|p2a: Goodra|Draco Meteor|p1a: Mew
|-damage|p1a: Mew|0 fnt
|-unboost|p2a: Goodra|spa|2
|faint|p1a: Mew
|
|win|Brigadi25
|raw|magmafirex's rating: 1293 &rarr; <strong>1271</strong><br />(-22 for losing)
|raw|Brigadi25's rating: 1341 &rarr; <strong>1358</strong><br />(+17 for winning)
