|j|☆gotissues
|j|☆flagg10ma
|t:|1760431506
|gametype|singles
|player|p1|gotissues|hiker-gen4|1065
|player|p2|flagg10ma|n|1111
|gen|9
|tier|[Gen 9] OU
|rated|
|rule|HP Percentage Mod: HP is shown in percentages
|rule|Endless Battle Clause: Forcing endless battles is banned
|rule|Species Clause: Limit one of each Pokémon
|rule|OHKO Clause: OHKO moves are banned
|rule|Evasion Items Clause: Evasion items are banned
|rule|Evasion Moves Clause: Evasion moves are banned
|rule|Evasion Abilities Clause: Evasion abilities are banned
|rule|Sleep Moves Clause: Sleep-inducing moves are banned
|clearpoke
|poke|p1|Garganacl, M|
|poke|p1|Hippowdon, M|
|poke|p1|Hydrapple, M|
|poke|p1|Slowking-Galar, M|
|poke|p1|Samurott-Hisui, M|
|poke|p1|Excadrill, M|
|poke|p2|Araquanid, M|
|poke|p2|Gholdengo|
|poke|p2|Great Tusk|
|poke|p2|Landorus-Therian, M|
|poke|p2|Meowscarada, M|
|poke|p2|Clefable, M|
|teampreview
|inactive|Battle timer is ON: inactive players will automatically lose when time's up. (requested by gotissues)
|
|t:|1760431513
|teamsize|p1|6
|teamsize|p2|6
|start
|switch|p1a: Hydrapple|Hydrapple, M, shiny|100/100
|switch|p2a: Araquanid|Araquanid, M|100/100
|turn|1
|
|t:|1760431522
|move|p2a: Araquanid|Leech Life|p1a: Hydrapple
|-supereffective|p1a: Hydrapple
|-damage|p1a: Hydrapple|57/100
|move|p1a: Hydrapple|Giga Drain|p2a: Araquanid
|-damage|p2a: Araquanid|66/100
|-heal|p1a: Hydrapple|71/100|[from] drain|[of] p2a: Araquanid
|
|upkeep
|turn|2
|
|t:|1760431536
|switch|p1a: Hippowdon|Hippowdon, M, shiny|100/100
|-weather|Sandstorm|[from] ability: Sand Stream|[of] p1a: Hippowdon
|move|p2a: Araquanid|Leech Life|p1a: Hippowdon
|-damage|p1a: Hippowdon|85/100
|-heal|p2a: Araquanid|76/100|[from] drain|[of] p1a: Hippowdon
|-damage|p2a: Araquanid|59/100|[from] item: Rocky Helmet|[of] p1a: Hippowdon
|
|-weather|Sandstorm|[upkeep]
|-damage|p2a: Araquanid|53/100|[from] Sandstorm
|upkeep
|turn|3
|
|t:|1760431549
|move|p2a: Araquanid|Liquidation|p1a: Hippowdon
|-supereffective|p1a: Hippowdon
|-damage|p1a: Hippowdon|14/100
|-damage|p2a: Araquanid|37/100|[from] item: Rocky Helmet|[of] p1a: Hippowdon
|move|p1a: Hippowdon|Stealth Rock|p2a: Araquanid
|-sidestart|p2: flagg10ma|move: Stealth Rock
|
|-weather|Sandstorm|[upkeep]
|-damage|p2a: Araquanid|31/100|[from] Sandstorm
|upkeep
|turn|4
|
|t:|1760431561
|switch|p1a: Samurott|Samurott-Hisui, M, shiny|100/100
|move|p2a: Araquanid|Liquidation|p1a: Samurott
|-resisted|p1a: Samurott
|-damage|p1a: Samurott|63/100
|
|-weather|Sandstorm|[upkeep]
|-damage|p1a: Samurott|57/100|[from] Sandstorm
|-damage|p2a: Araquanid|25/100|[from] Sandstorm
|upkeep
|turn|5
|-enditem|p2a: Araquanid|Custap Berry|[eat]
|-activate|p2a: Araquanid|item: Custap Berry|[consumed]
|
|t:|1760431571
|move|p2a: Araquanid|Leech Life|p1a: Samurott
|-supereffective|p1a: Samurott
|-damage|p1a: Samurott|0 fnt
|-heal|p2a: Araquanid|52/100|[from] drain|[of] p1a: Samurott
|faint|p1a: Samurott
|
|-weather|Sandstorm|[upkeep]
|-damage|p2a: Araquanid|46/100|[from] Sandstorm
|upkeep
|
|t:|1760431582
|switch|p1a: Excadrill|Excadrill, M, shiny|100/100
|turn|6
|
|t:|1760431592
|switch|p2a: Great Tusk|Great Tusk|100/100
|move|p1a: Excadrill|Earthquake|p2a: Great Tusk
|-damage|p2a: Great Tusk|55/100
|
|-weather|none
|upkeep
|turn|7
|
|t:|1760431609
|switch|p1a: Garganacl|Garganacl, M, shiny|100/100
|move|p2a: Great Tusk|Rapid Spin|p1a: Garganacl
|-resisted|p1a: Garganacl
|-damage|p1a: Garganacl|95/100
|-boost|p2a: Great Tusk|spe|1
|-sideend|p2: flagg10ma|Stealth Rock|[from] move: Rapid Spin|[of] p2a: Great Tusk
|
|-heal|p1a: Garganacl|100/100|[from] item: Leftovers
|upkeep
|turn|8
|
|t:|1760431625
|-end|p2a: Great Tusk|Protosynthesis|[silent]
|switch|p2a: Meowscarada|Meowscarada, M|100/100
|move|p1a: Garganacl|Salt Cure|p2a: Meowscarada
|-damage|p2a: Meowscarada|80/100
|-start|p2a: Meowscarada|Salt Cure
|
|-damage|p2a: Meowscarada|67/100|[from] Salt Cure
|upkeep
|turn|9
|
|t:|1760431634
|move|p1a: Garganacl|Protect|p1a: Garganacl
|-singleturn|p1a: Garganacl|Protect
|move|p2a: Meowscarada|U-turn|p1a: Garganacl
|-start|p2a: Meowscarada|typechange|Bug|[from] ability: Protean
|-activate|p1a: Garganacl|move: Protect
|
|-damage|p2a: Meowscarada|55/100|[from] Salt Cure
|upkeep
|turn|10
|
|t:|1760431655
|move|p2a: Meowscarada|U-turn|p1a: Garganacl
|-damage|p1a: Garganacl|69/100
|
|t:|1760431669
|switch|p2a: Landorus|Landorus-Therian, M|100/100|[from] U-turn
|-ability|p2a: Landorus|Intimidate|boost
|-unboost|p1a: Garganacl|atk|1
|move|p1a: Garganacl|Salt Cure|p2a: Landorus
|-damage|p2a: Landorus|88/100
|-start|p2a: Landorus|Salt Cure
|
|-heal|p1a: Garganacl|75/100|[from] item: Leftovers
|-damage|p2a: Landorus|76/100|[from] Salt Cure
|upkeep
|turn|11
|
|t:|1760431681
|switch|p2a: Great Tusk|Great Tusk|55/100
|move|p1a: Garganacl|Protect||[still]
|-fail|p1a: Garganacl
|
|-heal|p1a: Garganacl|82/100|[from] item: Leftovers
|upkeep
|turn|12
|
|t:|1760431689
|move|p2a: Great Tusk|Close Combat|p1a: Garganacl
|-supereffective|p1a: Garganacl
|-damage|p1a: Garganacl|7/100
|-unboost|p2a: Great Tusk|def|1
|-unboost|p2a: Great Tusk|spd|1
|move|p1a: Garganacl|Salt Cure|p2a: Great Tusk
|-resisted|p2a: Great Tusk
|-damage|p2a: Great Tusk|52/100
|-start|p2a: Great Tusk|Salt Cure
|
|-heal|p1a: Garganacl|13/100|[from] item: Leftovers
|-damage|p2a: Great Tusk|40/100|[from] Salt Cure
|upkeep
|turn|13
|
|t:|1760431701
|-end|p2a: Great Tusk|Protosynthesis|[silent]
|switch|p2a: Araquanid|Araquanid, M|46/100
|move|p1a: Garganacl|Protect||[still]
|-fail|p1a: Garganacl
|
|-heal|p1a: Garganacl|20/100|[from] item: Leftovers
|upkeep
|turn|14
|
|t:|1760431710
|move|p1a: Garganacl|Protect|p1a: Garganacl
|-singleturn|p1a: Garganacl|Protect
|move|p2a: Araquanid|Liquidation|p1a: Garganacl
|-activate|p1a: Garganacl|move: Protect
|
|-heal|p1a: Garganacl|26/100|[from] item: Leftovers
|upkeep
|turn|15
|
|t:|1760431721
|switch|p1a: Slowking|Slowking-Galar, M, shiny|100/100
|move|p2a: Araquanid|Liquidation|p1a: Slowking
|-damage|p1a: Slowking|51/100
|
|upkeep
|turn|16
|
|t:|1760431740
|switch|p2a: Gholdengo|Gholdengo|100/100
|-terastallize|p1a: Slowking|Water
|move|p1a: Slowking|Sludge Bomb|p2a: Gholdengo
|-immune|p2a: Gholdengo
|
|upkeep
|turn|17
|
|t:|1760431759
|switch|p1a: Hippowdon|Hippowdon, M, shiny|14/100
|-weather|Sandstorm|[from] ability: Sand Stream|[of] p1a: Hippowdon
|move|p2a: Gholdengo|Thunder Wave|p1a: Hippowdon
|-immune|p1a: Hippowdon
|
|-weather|Sandstorm|[upkeep]
|upkeep
|turn|18
|
|t:|1760431769
|move|p2a: Gholdengo|Hex|p1a: Hippowdon
|-damage|p1a: Hippowdon|0 fnt
|faint|p1a: Hippowdon
|
|-weather|Sandstorm|[upkeep]
|upkeep
|
|t:|1760431776
|switch|p1a: Excadrill|Excadrill, M, shiny|100/100
|turn|19
|
|t:|1760431784
|switch|p2a: Meowscarada|Meowscarada, M|55/100
|move|p1a: Excadrill|Rock Slide|p2a: Meowscarada
|-damage|p2a: Meowscarada|7/100
|
|-weather|Sandstorm|[upkeep]
|-damage|p2a: Meowscarada|1/100|[from] Sandstorm
|upkeep
|turn|20
|
|t:|1760431796
|move|p1a: Excadrill|Rapid Spin|p2a: Meowscarada
|-damage|p2a: Meowscarada|0 fnt
|-boost|p1a: Excadrill|spe|1
|faint|p2a: Meowscarada
|
|-weather|Sandstorm|[upkeep]
|upkeep
|
|t:|1760431807
|switch|p2a: Landorus|Landorus-Therian, M|76/100
|-ability|p2a: Landorus|Intimidate|boost
|-unboost|p1a: Excadrill|atk|1
|turn|21
|
|t:|1760431819
|switch|p1a: Hydrapple|Hydrapple, M, shiny|100/100
|move|p2a: Landorus|Earthquake|p1a: Hydrapple
|-resisted|p1a: Hydrapple
|-damage|p1a: Hydrapple|79/100
|
|-weather|none
|upkeep
|turn|22
|
|t:|1760431829
|switch|p2a: Gholdengo|Gholdengo|100/100
|move|p1a: Hydrapple|Nasty Plot|p1a: Hydrapple
|-boost|p1a: Hydrapple|spa|2
|
|upkeep
|turn|23
|
|t:|1760431836
|switch|p2a: Clefable|Clefable, M|100/100
|move|p1a: Hydrapple|Earth Power|p2a: Clefable
|-damage|p2a: Clefable|70/100
|
|-heal|p2a: Clefable|76/100|[from] item: Leftovers
|upkeep
|turn|24
|
|t:|1760431850
|switch|p1a: Slowking|Slowking-Galar, M, shiny, tera:Water|85/100
|move|p2a: Clefable|Wish|p2a: Clefable
|
|-heal|p2a: Clefable|82/100|[from] item: Leftovers
|upkeep
|turn|25
|
|t:|1760431861
|switch|p2a: Great Tusk|Great Tusk|40/100
|move|p1a: Slowking|Psychic Noise|p2a: Great Tusk
|-supereffective|p2a: Great Tusk
|-crit|p2a: Great Tusk
|-damage|p2a: Great Tusk|0 fnt
|faint|p2a: Great Tusk
|-end|p2a: Great Tusk|Protosynthesis|[silent]
|
|upkeep
|
|t:|1760431876
|switch|p2a: Araquanid|Araquanid, M|46/100
|turn|26
|
|t:|1760431883
|move|p2a: Araquanid|Sticky Web|p1a: Slowking
|-sidestart|p1: gotissues|move: Sticky Web
|move|p1a: Slowking|Whirlpool|p2a: Araquanid
|-resisted|p2a: Araquanid
|-damage|p2a: Araquanid|37/100
|-activate|p2a: Araquanid|move: Whirlpool|[of] p1a: Slowking
|
|-damage|p2a: Araquanid|25/100|[from] move: Whirlpool|[partiallytrapped]
|upkeep
|turn|27
|
|t:|1760431892
|move|p2a: Araquanid|Leech Life|p1a: Slowking
|-damage|p1a: Slowking|61/100
|-heal|p2a: Araquanid|39/100|[from] drain|[of] p1a: Slowking
|move|p1a: Slowking|Sludge Bomb|p2a: Araquanid
|-damage|p2a: Araquanid|12/100
|-status|p2a: Araquanid|psn
|
|-damage|p2a: Araquanid|0 fnt|[from] psn
|faint|p2a: Araquanid
|upkeep
|
|t:|1760431904
|switch|p2a: Gholdengo|Gholdengo|100/100
|turn|28
|
|t:|1760431910
|move|p2a: Gholdengo|Thunder Wave|p1a: Slowking
|-status|p1a: Slowking|par
|cant|p1a: Slowking|par
|
|upkeep
|turn|29
|
|t:|1760431916
|switch|p1a: Hydrapple|Hydrapple, M, shiny|100/100
|move|p2a: Gholdengo|Hex|p1a: Hydrapple
|-damage|p1a: Hydrapple|72/100
|
|upkeep
|turn|30
|inactive|gotissues has 120 seconds left.
|
|t:|1760431952
|switch|p2a: Clefable|Clefable, M|82/100
|switch|p1a: Slowking|Slowking-Galar, M, shiny, tera:Water|94/100 par
|-activate|p1a: Slowking|move: Sticky Web
|-unboost|p1a: Slowking|spe|1
|
|-heal|p2a: Clefable|88/100|[from] item: Leftovers
|upkeep
|turn|31
|inactive|gotissues has 120 seconds left.
|
|t:|1760431969
|-terastallize|p2a: Clefable|Fire
|move|p2a: Clefable|Moonblast|p1a: Slowking
|-damage|p1a: Slowking|79/100 par
|move|p1a: Slowking|Whirlpool|p2a: Clefable
|-supereffective|p2a: Clefable
|-damage|p2a: Clefable|48/100
|-activate|p2a: Clefable|move: Whirlpool|[of] p1a: Slowking
|
|-heal|p2a: Clefable|54/100|[from] item: Leftovers
|-damage|p2a: Clefable|42/100|[from] move: Whirlpool|[partiallytrapped]
|upkeep
|turn|32
|inactive|gotissues has 120 seconds left.
|l|☆flagg10ma
|inactive|flagg10ma disconnected and has a minute to reconnect!
|player|p2|
|inactive|flagg10ma has 30 seconds to reconnect!
|inactive|flagg10ma has 20 seconds to reconnect!
|inactive|flagg10ma has 15 seconds to reconnect!
|inactive|flagg10ma has 10 seconds to reconnect!
|inactive|flagg10ma has 5 seconds to reconnect!
|-message|flagg10ma lost due to inactivity.
|
|win|gotissues
|raw|gotissues's rating: 1065 &rarr; <strong>1099</strong><br />(+34 for winning)
|raw|flagg10ma's rating: 1111 &rarr; <strong>1083</strong><br />(-28 for losing)
|l|☆gotissues
|player|p1|
