|j|☆khote
|j|☆dr. drake6782
|t:|1760387303
|gametype|singles
|player|p1|khote|burglar|1680
|player|p2|dr. drake6782|hilbert-masters|1657
|gen|9
|tier|[Gen 9] OU
|rated|
|rule|HP Percentage Mod: HP is shown in percentages
|rule|Endless Battle Clause: Forcing endless battles is banned
|rule|Species Clause: Limit one of each Pokémon
|rule|OHKO Clause: OHKO moves are banned
|rule|Evasion Items Clause: Evasion items are banned
|rule|Evasion Moves Clause: Evasion moves are banned
|rule|Evasion Abilities Clause: Evasion abilities are banned
|rule|Sleep Moves Clause: Sleep-inducing moves are banned
|clearpoke
|poke|p1|Iron Treads|
|poke|p1|Ogerpon-Wellspring, F|
|poke|p1|Zamazenta-*|
|poke|p1|Dragapult, M|
|poke|p1|Iron Valiant|
|poke|p1|Dragonite, M|
|poke|p2|Iron Crown|
|poke|p2|Meowscarada, F|
|poke|p2|Great Tusk|
|poke|p2|Pecharunt|
|poke|p2|Ting-Lu|
|poke|p2|Iron Valiant|
|teampreview
|inactive|Battle timer is ON: inactive players will automatically lose when time's up. (requested by dr. drake6782)
|inactive|dr. drake6782 has 120 seconds left.
|
|t:|1760387337
|teamsize|p1|6
|teamsize|p2|6
|start
|switch|p1a: Dragapult|Dragapult, M|100/100
|switch|p2a: Meowscarada|Meowscarada, F, shiny|100/100
|turn|1
|
|t:|1760387349
|switch|p2a: Pecharunt|Pecharunt|100/100
|move|p1a: Dragapult|Will-O-Wisp|p2a: Pecharunt|[miss]
|-miss|p1a: Dragapult|p2a: Pecharunt
|
|upkeep
|turn|2
|
|t:|1760387356
|move|p1a: Dragapult|U-turn|p2a: Pecharunt
|-resisted|p2a: Pecharunt
|-damage|p2a: Pecharunt|99/100
|
|t:|1760387358
|switch|p1a: Iron Treads|Iron Treads|100/100|[from] U-turn
|move|p2a: Pecharunt|Hex|p1a: Iron Treads
|-crit|p1a: Iron Treads
|-damage|p1a: Iron Treads|77/100
|
|-heal|p1a: Iron Treads|83/100|[from] item: Leftovers
|upkeep
|turn|3
|
|t:|1760387366
|switch|p2a: Meowscarada|Meowscarada, F, shiny|100/100
|move|p1a: Iron Treads|Stealth Rock|p2a: Meowscarada
|-sidestart|p2: dr. drake6782|move: Stealth Rock
|
|-heal|p1a: Iron Treads|89/100|[from] item: Leftovers
|upkeep
|turn|4
|
|t:|1760387370
|move|p2a: Meowscarada|Flower Trick|p1a: Iron Treads
|-start|p2a: Meowscarada|typechange|Grass|[from] ability: Protean
|-crit|p1a: Iron Treads
|-damage|p1a: Iron Treads|35/100
|move|p1a: Iron Treads|Iron Head|p2a: Meowscarada
|-damage|p2a: Meowscarada|53/100
|
|-heal|p1a: Iron Treads|41/100|[from] item: Leftovers
|upkeep
|turn|5
|
|t:|1760387381
|-end|p1a: Iron Treads|Quark Drive|[silent]
|switch|p1a: Dragapult|Dragapult, M|100/100
|move|p2a: Meowscarada|Flower Trick|p1a: Dragapult
|-resisted|p1a: Dragapult
|-crit|p1a: Dragapult
|-damage|p1a: Dragapult|47/100
|
|upkeep
|turn|6
|
|t:|1760387387
|switch|p2a: Pecharunt|Pecharunt|99/100
|move|p1a: Dragapult|Draco Meteor|p2a: Pecharunt
|-damage|p2a: Pecharunt|40/100
|-unboost|p1a: Dragapult|spa|2
|
|upkeep
|turn|7
|
|t:|1760387392
|move|p1a: Dragapult|U-turn|p2a: Pecharunt
|-resisted|p2a: Pecharunt
|-damage|p2a: Pecharunt|38/100
|
|t:|1760387395
|switch|p1a: Iron Treads|Iron Treads|41/100|[from] U-turn
|move|p2a: Pecharunt|Recover|p2a: Pecharunt
|-heal|p2a: Pecharunt|88/100
|
|-heal|p1a: Iron Treads|47/100|[from] item: Leftovers
|upkeep
|turn|8
|
|t:|1760387401
|move|p1a: Iron Treads|Earthquake|p2a: Pecharunt
|-supereffective|p2a: Pecharunt
|-damage|p2a: Pecharunt|51/100
|move|p2a: Pecharunt|Parting Shot|p1a: Iron Treads
|-unboost|p1a: Iron Treads|atk|1
|-unboost|p1a: Iron Treads|spa|1
|
|t:|1760387404
|switch|p2a: Great Tusk|Great Tusk|100/100|[from] Parting Shot
|-damage|p2a: Great Tusk|98/100|[from] Stealth Rock
|
|-heal|p2a: Great Tusk|100/100|[from] item: Leftovers
|-heal|p1a: Iron Treads|53/100|[from] item: Leftovers
|upkeep
|turn|9
|
|t:|1760387407
|-end|p1a: Iron Treads|Quark Drive|[silent]
|switch|p1a: Dragapult|Dragapult, M|47/100
|move|p2a: Great Tusk|Rapid Spin|p1a: Dragapult
|-immune|p1a: Dragapult
|
|upkeep
|turn|10
|
|t:|1760387410
|-terastallize|p2a: Great Tusk|Fire
|move|p1a: Dragapult|Will-O-Wisp|p2a: Great Tusk
|-immune|p2a: Great Tusk
|move|p2a: Great Tusk|Bulk Up|p2a: Great Tusk
|-boost|p2a: Great Tusk|atk|1
|-boost|p2a: Great Tusk|def|1
|
|upkeep
|turn|11
|
|t:|1760387413
|move|p1a: Dragapult|Draco Meteor|p2a: Great Tusk|[miss]
|-miss|p1a: Dragapult|p2a: Great Tusk
|move|p2a: Great Tusk|Headlong Rush|p1a: Dragapult
|-damage|p1a: Dragapult|0 fnt
|-unboost|p2a: Great Tusk|def|1
|-unboost|p2a: Great Tusk|spd|1
|faint|p1a: Dragapult
|
|upkeep
|c|☆dr. drake6782|OOF YALLAHID
|
|t:|1760387421
|switch|p1a: Ogerpon|Ogerpon-Wellspring, F|100/100
|turn|12
|
|t:|1760387428
|move|p1a: Ogerpon|Ivy Cudgel|p2a: Great Tusk|[anim] Ivy Cudgel Water
|-supereffective|p2a: Great Tusk
|-damage|p2a: Great Tusk|27/100
|move|p2a: Great Tusk|Rapid Spin|p1a: Ogerpon
|-damage|p1a: Ogerpon|73/100
|-boost|p2a: Great Tusk|spe|1
|-sideend|p2: dr. drake6782|Stealth Rock|[from] move: Rapid Spin|[of] p2a: Great Tusk
|
|-heal|p2a: Great Tusk|33/100|[from] item: Leftovers
|upkeep
|turn|13
|
|t:|1760387433
|move|p2a: Great Tusk|Headlong Rush|p1a: Ogerpon
|-resisted|p1a: Ogerpon
|-damage|p1a: Ogerpon|23/100
|-unboost|p2a: Great Tusk|def|1
|-unboost|p2a: Great Tusk|spd|1
|move|p1a: Ogerpon|Ivy Cudgel|p2a: Great Tusk|[anim] Ivy Cudgel Water
|-supereffective|p2a: Great Tusk
|-damage|p2a: Great Tusk|0 fnt
|faint|p2a: Great Tusk
|-end|p2a: Great Tusk|Protosynthesis|[silent]
|
|upkeep
|
|t:|1760387437
|switch|p2a: Meowscarada|Meowscarada, F, shiny|53/100
|turn|14
|
|t:|1760387447
|move|p2a: Meowscarada|U-turn|p1a: Ogerpon
|-start|p2a: Meowscarada|typechange|Bug|[from] ability: Protean
|-supereffective|p1a: Ogerpon
|-damage|p1a: Ogerpon|0 fnt
|faint|p1a: Ogerpon
|c|☆dr. drake6782|lowk im wallahid u rn
|
|t:|1760387455
|switch|p2a: Pecharunt|Pecharunt|51/100|[from] U-turn
|
|upkeep
|
|t:|1760387469
|switch|p1a: Iron Treads|Iron Treads|53/100
|turn|15
|
|t:|1760387472
|switch|p2a: Meowscarada|Meowscarada, F, shiny|53/100
|move|p1a: Iron Treads|Stealth Rock|p2a: Meowscarada
|-sidestart|p2: dr. drake6782|move: Stealth Rock
|
|-heal|p1a: Iron Treads|60/100|[from] item: Leftovers
|upkeep
|turn|16
|
|t:|1760387490
|move|p2a: Meowscarada|Triple Axel|p1a: Iron Treads
|-start|p2a: Meowscarada|typechange|Ice|[from] ability: Protean
|-damage|p1a: Iron Treads|48/100
|-damage|p1a: Iron Treads|26/100
|-hitcount|p1a: Iron Treads|2
|move|p1a: Iron Treads|Iron Head|p2a: Meowscarada
|-supereffective|p2a: Meowscarada
|-damage|p2a: Meowscarada|0 fnt
|faint|p2a: Meowscarada
|
|-heal|p1a: Iron Treads|33/100|[from] item: Leftovers
|upkeep
|c|☆dr. drake6782|wow
|c|☆dr. drake6782|amazing
|j| ty-tyui↻
|
|t:|1760387510
|switch|p2a: Iron Crown|Iron Crown|100/100
|-damage|p2a: Iron Crown|94/100|[from] Stealth Rock
|turn|17
|
|t:|1760387513
|move|p2a: Iron Crown|Tachyon Cutter|p1a: Iron Treads
|-resisted|p1a: Iron Treads
|-damage|p1a: Iron Treads|17/100
|-resisted|p1a: Iron Treads
|-damage|p1a: Iron Treads|2/100
|-hitcount|p1a: Iron Treads|2
|move|p1a: Iron Treads|Earthquake|p2a: Iron Crown
|-supereffective|p2a: Iron Crown
|-damage|p2a: Iron Crown|17/100
|
|-heal|p1a: Iron Treads|9/100|[from] item: Leftovers
|upkeep
|turn|18
|
|t:|1760387518
|move|p2a: Iron Crown|Tachyon Cutter|p1a: Iron Treads
|-resisted|p1a: Iron Treads
|-damage|p1a: Iron Treads|0 fnt
|faint|p1a: Iron Treads
|-end|p1a: Iron Treads|Quark Drive|[silent]
|-hitcount|p1: Iron Treads|1
|
|upkeep
|
|t:|1760387520
|switch|p1a: Iron Valiant|Iron Valiant|100/100
|-enditem|p1a: Iron Valiant|Booster Energy
|-activate|p1a: Iron Valiant|ability: Quark Drive|[fromitem]
|-start|p1a: Iron Valiant|quarkdrivespe
|turn|19
|
|t:|1760387524
|move|p1a: Iron Valiant|Shadow Ball|p2a: Iron Crown
|-supereffective|p2a: Iron Crown
|-damage|p2a: Iron Crown|0 fnt
|faint|p2a: Iron Crown
|-end|p2a: Iron Crown|Quark Drive|[silent]
|
|upkeep
|
|t:|1760387527
|switch|p2a: Ting-Lu|Ting-Lu|100/100
|-damage|p2a: Ting-Lu|94/100|[from] Stealth Rock
|-ability|p2a: Ting-Lu|Vessel of Ruin
|turn|20
|
|t:|1760387530
|move|p1a: Iron Valiant|Moonblast|p2a: Ting-Lu
|-supereffective|p2a: Ting-Lu
|-damage|p2a: Ting-Lu|57/100
|move|p2a: Ting-Lu|Stealth Rock|p1a: Iron Valiant
|-sidestart|p1: khote|move: Stealth Rock
|
|-heal|p2a: Ting-Lu|63/100|[from] item: Leftovers
|upkeep
|turn|21
|
|t:|1760387533
|move|p1a: Iron Valiant|Moonblast|p2a: Ting-Lu
|-supereffective|p2a: Ting-Lu
|-damage|p2a: Ting-Lu|22/100
|move|p2a: Ting-Lu|Whirlwind|p1a: Iron Valiant
|-end|p1a: Iron Valiant|Quark Drive|[silent]
|drag|p1a: Dragonite|Dragonite, M|100/100
|
|-heal|p2a: Ting-Lu|28/100|[from] item: Leftovers
|upkeep
|turn|22
|
|t:|1760387538
|switch|p1a: Iron Valiant|Iron Valiant|100/100
|-damage|p1a: Iron Valiant|94/100|[from] Stealth Rock
|move|p2a: Ting-Lu|Ruination|p1a: Iron Valiant
|-damage|p1a: Iron Valiant|47/100
|
|-heal|p2a: Ting-Lu|34/100|[from] item: Leftovers
|upkeep
|turn|23
|
|t:|1760387548
|move|p1a: Iron Valiant|Moonblast|p2a: Ting-Lu
|-supereffective|p2a: Ting-Lu
|-damage|p2a: Ting-Lu|0 fnt
|faint|p2a: Ting-Lu
|
|upkeep
|
|t:|1760387549
|switch|p2a: Iron Valiant|Iron Valiant, shiny|100/100
|-damage|p2a: Iron Valiant|94/100|[from] Stealth Rock
|-enditem|p2a: Iron Valiant|Booster Energy
|-activate|p2a: Iron Valiant|ability: Quark Drive|[fromitem]
|-start|p2a: Iron Valiant|quarkdrivespe
|turn|24
|
|t:|1760387552
|move|p2a: Iron Valiant|Moonblast|p1a: Iron Valiant
|-supereffective|p1a: Iron Valiant
|-damage|p1a: Iron Valiant|0 fnt
|faint|p1a: Iron Valiant
|-end|p1a: Iron Valiant|Quark Drive|[silent]
|
|upkeep
|
|t:|1760387561
|switch|p1a: Dragonite|Dragonite, M|100/100
|turn|25
|
|t:|1760387566
|-terastallize|p1a: Dragonite|Flying
|move|p2a: Iron Valiant|Moonblast|p1a: Dragonite
|-damage|p1a: Dragonite|78/100
|-unboost|p1a: Dragonite|spa|1
|move|p1a: Dragonite|Tera Blast|p2a: Iron Valiant|[anim] Tera Blast Flying
|-supereffective|p2a: Iron Valiant
|-damage|p2a: Iron Valiant|0 fnt
|faint|p2a: Iron Valiant
|-end|p2a: Iron Valiant|Quark Drive|[silent]
|
|upkeep
|
|t:|1760387570
|switch|p2a: Pecharunt|Pecharunt|51/100
|turn|26
|
|t:|1760387580
|move|p1a: Dragonite|Dragon Dance|p1a: Dragonite
|-boost|p1a: Dragonite|atk|1
|-boost|p1a: Dragonite|spe|1
|move|p2a: Pecharunt|Recover|p2a: Pecharunt
|-heal|p2a: Pecharunt|100/100
|
|upkeep
|turn|27
|
|t:|1760387583
|move|p1a: Dragonite|Earthquake|p2a: Pecharunt
|-supereffective|p2a: Pecharunt
|-damage|p2a: Pecharunt|53/100
|move|p2a: Pecharunt|Malignant Chain|p1a: Dragonite
|-damage|p1a: Dragonite|48/100
|
|upkeep
|turn|28
|
|t:|1760387590
|move|p1a: Dragonite|Earthquake|p2a: Pecharunt
|-supereffective|p2a: Pecharunt
|-damage|p2a: Pecharunt|6/100
|move|p2a: Pecharunt|Recover|p2a: Pecharunt
|-heal|p2a: Pecharunt|56/100
|
|upkeep
|turn|29
|
|t:|1760387595
|move|p1a: Dragonite|Earthquake|p2a: Pecharunt
|-supereffective|p2a: Pecharunt
|-damage|p2a: Pecharunt|5/100
|move|p2a: Pecharunt|Malignant Chain|p1a: Dragonite
|-damage|p1a: Dragonite|19/100
|-status|p1a: Dragonite|tox
|-start|p1a: Dragonite|confusion|[from] ability: Poison Puppeteer|[of] p2a: Pecharunt
|
|-damage|p1a: Dragonite|13/100 tox|[from] psn
|upkeep
|turn|30
|
|t:|1760387601
|-activate|p1a: Dragonite|confusion
|move|p1a: Dragonite|Earthquake|p2a: Pecharunt
|-supereffective|p2a: Pecharunt
|-damage|p2a: Pecharunt|0 fnt
|faint|p2a: Pecharunt
|
|win|khote
|raw|khote's rating: 1680 &rarr; <strong>1699</strong><br />(+19 for winning)
|raw|dr. drake6782's rating: 1657 &rarr; <strong>1638</strong><br />(-19 for losing)
|l|☆dr. drake6782
|player|p2|
|l|☆khote
|player|p1|
