|j|☆AZ's Return
|j|☆kinsword
|t:|1760357680
|gametype|singles
|player|p1|AZ's Return|az|1558
|player|p2|kinsword|101|1595
|gen|9
|tier|[Gen 9] OU
|rated|
|rule|HP Percentage Mod: HP is shown in percentages
|rule|Endless Battle Clause: Forcing endless battles is banned
|rule|Species Clause: Limit one of each Pokémon
|rule|OHKO Clause: OHKO moves are banned
|rule|Evasion Items Clause: Evasion items are banned
|rule|Evasion Moves Clause: Evasion moves are banned
|rule|Evasion Abilities Clause: Evasion abilities are banned
|rule|Sleep Moves Clause: Sleep-inducing moves are banned
|clearpoke
|poke|p1|Zamazenta-*|
|poke|p1|Hatterene, F|
|poke|p1|Torkoal, M|
|poke|p1|Cresselia, F|
|poke|p1|Ursaluna, F|
|poke|p1|Walking Wake|
|poke|p2|Keldeo-Resolute|
|poke|p2|Krookodile, M|
|poke|p2|Suicune|
|poke|p2|Weezing-Galar, F|
|poke|p2|Chandelure, M|
|poke|p2|Salamence, M|
|teampreview
|inactive|Battle timer is ON: inactive players will automatically lose when time's up. (requested by AZ's Return)
|
|t:|1760357697
|teamsize|p1|6
|teamsize|p2|6
|start
|switch|p1a: Hatterene|Hatterene, F|100/100
|switch|p2a: Chandelure|Chandelure, M|100/100
|turn|1
|
|t:|1760357705
|move|p2a: Chandelure|Shadow Ball|p1a: Hatterene
|-supereffective|p1a: Hatterene
|-damage|p1a: Hatterene|11/100
|move|p1a: Hatterene|Trick Room|p1a: Hatterene
|-fieldstart|move: Trick Room|[of] p1a: Hatterene
|
|upkeep
|turn|2
|
|t:|1760357715
|move|p1a: Hatterene|Healing Wish|p1a: Hatterene
|faint|p1a: Hatterene
|move|p2a: Chandelure|Shadow Ball|p1: Hatterene|[notarget]
|-fail|p2a: Chandelure
|
|upkeep
|
|t:|1760357719
|switch|p1a: Ursaluna|Ursaluna, F|100/100
|turn|3
|
|t:|1760357726
|switch|p2a: Krookodile|Krookodile, M|100/100
|-ability|p2a: Krookodile|Intimidate|boost
|-unboost|p1a: Ursaluna|atk|1
|move|p1a: Ursaluna|Swords Dance|p1a: Ursaluna
|-boost|p1a: Ursaluna|atk|2
|
|-status|p1a: Ursaluna|brn|[from] item: Flame Orb
|upkeep
|turn|4
|
|t:|1760357745
|move|p1a: Ursaluna|Headlong Rush|p2a: Krookodile
|-damage|p2a: Krookodile|0 fnt
|-unboost|p1a: Ursaluna|def|1
|-unboost|p1a: Ursaluna|spd|1
|faint|p2a: Krookodile
|
|-damage|p1a: Ursaluna|94/100 brn|[from] brn
|upkeep
|
|t:|1760357759
|switch|p2a: Weezing|Weezing-Galar, F|100/100
|turn|5
|
|t:|1760357763
|move|p1a: Ursaluna|Facade|p2a: Weezing
|-damage|p2a: Weezing|0 fnt
|faint|p2a: Weezing
|
|-damage|p1a: Ursaluna|88/100 brn|[from] brn
|-fieldend|move: Trick Room
|upkeep
|
|t:|1760357774
|switch|p2a: Salamence|Salamence, M|100/100
|turn|6
|
|t:|1760357787
|move|p2a: Salamence|Dragon Claw|p1a: Ursaluna
|-damage|p1a: Ursaluna|42/100 brn
|move|p1a: Ursaluna|Facade|p2a: Salamence
|-damage|p2a: Salamence|0 fnt
|faint|p2a: Salamence
|
|-damage|p1a: Ursaluna|36/100 brn|[from] brn
|upkeep
|
|t:|1760357797
|switch|p2a: Suicune|Suicune|100/100
|-ability|p2a: Suicune|Pressure
|turn|7
|
|t:|1760357803
|switch|p1a: Cresselia|Cresselia, F|100/100
|move|p2a: Suicune|Scald|p1a: Cresselia
|-damage|p1a: Cresselia|82/100
|
|upkeep
|turn|8
|
|t:|1760357810
|move|p2a: Suicune|Substitute|p2a: Suicune
|-start|p2a: Suicune|Substitute
|-damage|p2a: Suicune|75/100
|move|p1a: Cresselia|Trick Room|p1a: Cresselia
|-fieldstart|move: Trick Room|[of] p1a: Cresselia
|
|-heal|p2a: Suicune|82/100|[from] item: Leftovers
|upkeep
|turn|9
|
|t:|1760357818
|switch|p1a: Ursaluna|Ursaluna, F|36/100 brn
|-heal|p1a: Ursaluna|100/100|[from] move: Healing Wish
|move|p2a: Suicune|Calm Mind|p2a: Suicune
|-boost|p2a: Suicune|spa|1
|-boost|p2a: Suicune|spd|1
|
|-heal|p2a: Suicune|88/100|[from] item: Leftovers
|-status|p1a: Ursaluna|brn|[from] item: Flame Orb
|upkeep
|turn|10
|
|t:|1760357832
|-terastallize|p1a: Ursaluna|Normal
|-terastallize|p2a: Suicune|Water
|move|p1a: Ursaluna|Facade|p2a: Suicune
|-end|p2a: Suicune|Substitute
|move|p2a: Suicune|Scald|p1a: Ursaluna
|-damage|p1a: Ursaluna|53/100 brn
|
|-heal|p2a: Suicune|94/100|[from] item: Leftovers
|-damage|p1a: Ursaluna|47/100 brn|[from] brn
|upkeep
|turn|11
|
|t:|1760357848
|move|p1a: Ursaluna|Facade|p2a: Suicune
|-damage|p2a: Suicune|2/100
|move|p2a: Suicune|Scald|p1a: Ursaluna
|-damage|p1a: Ursaluna|4/100 brn
|
|-heal|p2a: Suicune|9/100|[from] item: Leftovers
|-damage|p1a: Ursaluna|0 fnt|[from] brn
|faint|p1a: Ursaluna
|upkeep
|
|t:|1760357852
|switch|p1a: Torkoal|Torkoal, M|100/100
|-weather|SunnyDay|[from] ability: Drought|[of] p1a: Torkoal
|turn|12
|
|t:|1760357863
|move|p1a: Torkoal|Earth Power|p2a: Suicune
|-damage|p2a: Suicune|0 fnt
|faint|p2a: Suicune
|
|-weather|SunnyDay|[upkeep]
|-fieldend|move: Trick Room
|upkeep
|j| dionysos
|
|t:|1760357870
|switch|p2a: Keldeo|Keldeo-Resolute|100/100
|turn|13
|
|t:|1760357875
|switch|p1a: Walking Wake|Walking Wake|100/100
|-activate|p1a: Walking Wake|ability: Protosynthesis
|-start|p1a: Walking Wake|protosynthesisspa
|move|p2a: Keldeo|Secret Sword|p1a: Walking Wake
|-damage|p1a: Walking Wake|27/100
|
|-weather|SunnyDay|[upkeep]
|upkeep
|turn|14
|
|t:|1760357885
|-end|p1a: Walking Wake|Protosynthesis|[silent]
|switch|p1a: Cresselia|Cresselia, F|82/100
|move|p2a: Keldeo|Secret Sword|p1a: Cresselia
|-resisted|p1a: Cresselia
|-damage|p1a: Cresselia|65/100
|
|-weather|SunnyDay|[upkeep]
|upkeep
|turn|15
|
|t:|1760357893
|switch|p2a: Chandelure|Chandelure, M|100/100
|move|p1a: Cresselia|Trick Room|p1a: Cresselia
|-fieldstart|move: Trick Room|[of] p1a: Cresselia
|
|-weather|SunnyDay|[upkeep]
|upkeep
|turn|16
|
|t:|1760357904
|move|p1a: Cresselia|Lunar Dance|p1a: Cresselia
|faint|p1a: Cresselia
|move|p2a: Chandelure|Overheat|p1: Cresselia|[notarget]
|-fail|p2a: Chandelure
|
|-weather|none
|upkeep
|
|t:|1760357907
|switch|p1a: Torkoal|Torkoal, M|100/100
|-heal|p1a: Torkoal|100/100|[from] move: Lunar Dance
|-weather|SunnyDay|[from] ability: Drought|[of] p1a: Torkoal
|turn|17
|
|t:|1760357915
|move|p1a: Torkoal|Earth Power|p2a: Chandelure
|-supereffective|p2a: Chandelure
|-damage|p2a: Chandelure|0 fnt
|faint|p2a: Chandelure
|
|-weather|SunnyDay|[upkeep]
|upkeep
|-message|kinsword forfeited.
|
|win|AZ's Return
|raw|AZ&apos;s Return's rating: 1558 &rarr; <strong>1580</strong><br />(+22 for winning)
|raw|kinsword's rating: 1595 &rarr; <strong>1573</strong><br />(-22 for losing)
|l|☆kinsword
|player|p2|
|l|☆AZ's Return
|player|p1|
|j|☆AZ's Return
|player|p1|AZ's Return|az|
|l|☆AZ's Return
|player|p1|
