|j|☆Backpacker Brand
|j|☆VoltKnight16
|t:|1760453831
|gametype|singles
|player|p1|Backpacker Brand|backpacker|1121
|player|p2|VoltKnight16|hilbert|1107
|gen|9
|tier|[Gen 9] OU
|rated|
|rule|HP Percentage Mod: HP is shown in percentages
|rule|Endless Battle Clause: Forcing endless battles is banned
|rule|Species Clause: Limit one of each Pokémon
|rule|OHKO Clause: OHKO moves are banned
|rule|Evasion Items Clause: Evasion items are banned
|rule|Evasion Moves Clause: Evasion moves are banned
|rule|Evasion Abilities Clause: Evasion abilities are banned
|rule|Sleep Moves Clause: Sleep-inducing moves are banned
|clearpoke
|poke|p1|Moltres-Galar|
|poke|p1|Minior-Yellow|
|poke|p1|Samurott-Hisui, M|
|poke|p1|Crabominable, M|
|poke|p1|Rhydon, F|
|poke|p1|Slowking-Galar, F|
|poke|p2|Gallade, M|
|poke|p2|Ceruledge, M|
|poke|p2|Greninja-*, M|
|poke|p2|Corviknight, M|
|poke|p2|Grimmsnarl, M|
|poke|p2|Metagross|
|teampreview
|inactive|Battle timer is ON: inactive players will automatically lose when time's up. (requested by Backpacker Brand)
|
|t:|1760453841
|teamsize|p1|6
|teamsize|p2|6
|start
|switch|p1a: Bronstar|Samurott-Hisui, M|100/100
|switch|p2a: Knightblade|Ceruledge, M|100/100
|turn|1
|
|t:|1760453854
|-terastallize|p2a: Knightblade|Fairy
|move|p1a: Bronstar|Flip Turn|p2a: Knightblade
|-damage|p2a: Knightblade|72/100
|-ability|p2a: Knightblade|Weak Armor|boost
|-unboost|p2a: Knightblade|def|1
|-boost|p2a: Knightblade|spe|2
|
|t:|1760453864
|switch|p1a: Bad Medicine|Slowking-Galar, F|100/100|[from] Flip Turn
|move|p2a: Knightblade|Swords Dance|p2a: Knightblade
|-boost|p2a: Knightblade|atk|2
|
|-heal|p2a: Knightblade|78/100|[from] item: Leftovers
|upkeep
|turn|2
|
|t:|1760453877
|move|p2a: Knightblade|Tera Blast|p1a: Bad Medicine|[anim] Tera Blast Fairy
|-resisted|p1a: Bad Medicine
|-damage|p1a: Bad Medicine|65/100
|move|p1a: Bad Medicine|Trick Room|p1a: Bad Medicine
|-fieldstart|move: Trick Room|[of] p1a: Bad Medicine
|
|-heal|p2a: Knightblade|84/100|[from] item: Leftovers
|upkeep
|turn|3
|
|t:|1760453887
|switch|p2a: Titanium|Metagross, shiny|100/100
|move|p1a: Bad Medicine|Psychic Noise|p2a: Titanium
|-resisted|p2a: Titanium
|-damage|p2a: Titanium|94/100
|-start|p2a: Titanium|move: Heal Block
|
|upkeep
|turn|4
|
|t:|1760453900
|move|p1a: Bad Medicine|Flamethrower|p2a: Titanium
|-supereffective|p2a: Titanium
|-damage|p2a: Titanium|50/100
|move|p2a: Titanium|Stealth Rock|p1a: Bad Medicine
|-sidestart|p1: Backpacker Brand|move: Stealth Rock
|
|-end|p2a: Titanium|move: Heal Block
|upkeep
|turn|5
|
|t:|1760453911
|move|p1a: Bad Medicine|Flamethrower|p2a: Titanium
|-supereffective|p2a: Titanium
|-damage|p2a: Titanium|6/100
|move|p2a: Titanium|Psychic Fangs|p1a: Bad Medicine
|-damage|p1a: Bad Medicine|28/100
|
|upkeep
|turn|6
|
|t:|1760453920
|move|p1a: Bad Medicine|Flamethrower|p2a: Titanium
|-supereffective|p2a: Titanium
|-damage|p2a: Titanium|0 fnt
|faint|p2a: Titanium
|
|-fieldend|move: Trick Room
|upkeep
|
|t:|1760453930
|switch|p2a: Knightblade|Ceruledge, M, tera:Fairy|84/100
|turn|7
|
|t:|1760453940
|move|p2a: Knightblade|Poltergeist|p1a: Bad Medicine
|-activate|p1a: Bad Medicine|move: Poltergeist|Colbur Berry
|-supereffective|p1a: Bad Medicine
|-damage|p1a: Bad Medicine|0 fnt
|faint|p1a: Bad Medicine
|
|-heal|p2a: Knightblade|90/100|[from] item: Leftovers
|upkeep
|
|t:|1760453962
|switch|p1a: Bronstar|Samurott-Hisui, M|100/100
|-damage|p1a: Bronstar|88/100|[from] Stealth Rock
|turn|8
|
|t:|1760453972
|switch|p2a: Knightwing|Corviknight, M, shiny|100/100
|move|p1a: Bronstar|Copycat|p1a: Bronstar
|move|p1a: Bronstar|Poltergeist|p2a: Knightwing|[from] move: Copycat
|-activate|p2a: Knightwing|move: Poltergeist|Covert Cloak
|-damage|p2a: Knightwing|74/100
|
|upkeep
|turn|9
|
|t:|1760453983
|move|p1a: Bronstar|Ceaseless Edge|p2a: Knightwing
|-damage|p2a: Knightwing|41/100
|-sidestart|p2: VoltKnight16|Spikes
|move|p2a: Knightwing|Scary Face|p1a: Bronstar
|-unboost|p1a: Bronstar|spe|2
|
|upkeep
|turn|10
|
|t:|1760453993
|move|p2a: Knightwing|Roost|p2a: Knightwing
|-heal|p2a: Knightwing|91/100
|-singleturn|p2a: Knightwing|move: Roost
|move|p1a: Bronstar|Ceaseless Edge|p2a: Knightwing
|-damage|p2a: Knightwing|61/100
|-sidestart|p2: VoltKnight16|Spikes
|
|upkeep
|turn|11
|
|t:|1760454002
|move|p2a: Knightwing|Brave Bird|p1a: Bronstar
|-damage|p1a: Bronstar|38/100
|-damage|p2a: Knightwing|48/100|[from] Recoil
|move|p1a: Bronstar|Aqua Cutter|p2a: Knightwing
|-crit|p2a: Knightwing
|-damage|p2a: Knightwing|0 fnt
|faint|p2a: Knightwing
|
|upkeep
|
|t:|1760454017
|switch|p2a: Joshua|Greninja, M|100/100
|-damage|p2a: Joshua|84/100|[from] Spikes
|turn|12
|
|t:|1760454030
|switch|p1a: Luma|Minior-Yellow|100/100
|-damage|p1a: Luma|75/100|[from] Stealth Rock
|-formechange|p1a: Luma|Minior-Meteor||[from] ability: Shields Down
|move|p2a: Joshua|Ice Beam|p1a: Luma
|-start|p2a: Joshua|typechange|Ice|[from] ability: Protean
|-supereffective|p1a: Luma
|-damage|p1a: Luma|0 fnt
|faint|p1a: Luma
|
|upkeep
|
|t:|1760454042
|switch|p1a: Knuckle Joe|Crabominable, M|100/100
|-damage|p1a: Knuckle Joe|88/100|[from] Stealth Rock
|turn|13
|
|t:|1760454048
|switch|p2a: Knightblade|Ceruledge, M, tera:Fairy|90/100
|-damage|p2a: Knightblade|74/100|[from] Spikes
|move|p1a: Knuckle Joe|Drain Punch|p2a: Knightblade
|-resisted|p2a: Knightblade
|-damage|p2a: Knightblade|49/100
|-heal|p1a: Knuckle Joe|97/100|[from] drain|[of] p2a: Knightblade
|-ability|p2a: Knightblade|Weak Armor|boost
|-unboost|p2a: Knightblade|def|1
|-boost|p2a: Knightblade|spe|2
|
|-heal|p2a: Knightblade|55/100|[from] item: Leftovers
|upkeep
|turn|14
|
|t:|1760454065
|move|p2a: Knightblade|Bitter Blade|p1a: Knuckle Joe
|-supereffective|p1a: Knuckle Joe
|-damage|p1a: Knuckle Joe|19/100
|-heal|p2a: Knightblade|100/100|[from] drain|[of] p1a: Knuckle Joe
|move|p1a: Knuckle Joe|Ice Punch|p2a: Knightblade
|-damage|p2a: Knightblade|30/100
|-ability|p2a: Knightblade|Weak Armor|boost
|-unboost|p2a: Knightblade|def|1
|-boost|p2a: Knightblade|spe|2
|
|-heal|p2a: Knightblade|37/100|[from] item: Leftovers
|upkeep
|turn|15
|
|t:|1760454076
|move|p2a: Knightblade|Bitter Blade|p1a: Knuckle Joe
|-supereffective|p1a: Knuckle Joe
|-damage|p1a: Knuckle Joe|0 fnt
|-heal|p2a: Knightblade|49/100|[from] drain|[of] p1a: Knuckle Joe
|faint|p1a: Knuckle Joe
|
|-heal|p2a: Knightblade|55/100|[from] item: Leftovers
|upkeep
|
|t:|1760454087
|switch|p1a: Gilgamesh|Rhydon, F|100/100
|-damage|p1a: Gilgamesh|94/100|[from] Stealth Rock
|turn|16
|inactive|VoltKnight16 has 120 seconds left.
|inactive|VoltKnight16 has 90 seconds left.
|
|t:|1760454154
|switch|p2a: Kevin|Grimmsnarl, M, shiny|100/100
|-damage|p2a: Kevin|84/100|[from] Spikes
|-terastallize|p1a: Gilgamesh|Water
|move|p1a: Gilgamesh|Earthquake|p2a: Kevin
|-damage|p2a: Kevin|18/100
|
|upkeep
|turn|17
|inactive|VoltKnight16 has 90 seconds left.
|
|t:|1760454163
|move|p2a: Kevin|Reflect|p2a: Kevin
|-sidestart|p2: VoltKnight16|Reflect
|move|p1a: Gilgamesh|Rock Tomb|p2a: Kevin
|-damage|p2a: Kevin|1/100
|-unboost|p2a: Kevin|spe|1
|
|upkeep
|turn|18
|
|t:|1760454171
|move|p2a: Kevin|Light Screen|p2a: Kevin
|-sidestart|p2: VoltKnight16|move: Light Screen
|move|p1a: Gilgamesh|Earthquake|p2a: Kevin
|-damage|p2a: Kevin|0 fnt
|faint|p2a: Kevin
|
|upkeep
|inactive|VoltKnight16 has 90 seconds left.
|
|t:|1760454183
|switch|p2a: Oliver|Gallade, M, shiny|100/100
|-damage|p2a: Oliver|84/100|[from] Spikes
|turn|19
|
|t:|1760454191
|move|p2a: Oliver|Leaf Blade|p1a: Gilgamesh
|-supereffective|p1a: Gilgamesh
|-damage|p1a: Gilgamesh|26/100
|move|p1a: Gilgamesh|Earthquake|p2a: Oliver
|-damage|p2a: Oliver|30/100
|
|upkeep
|turn|20
|
|t:|1760454197
|move|p2a: Oliver|Leaf Blade|p1a: Gilgamesh
|-supereffective|p1a: Gilgamesh
|-damage|p1a: Gilgamesh|0 fnt
|faint|p1a: Gilgamesh
|
|upkeep
|
|t:|1760454204
|switch|p1a: Bronstar|Samurott-Hisui, M|38/100
|-damage|p1a: Bronstar|26/100|[from] Stealth Rock
|turn|21
|
|t:|1760454211
|move|p1a: Bronstar|Aqua Cutter|p2a: Oliver
|-crit|p2a: Oliver
|-damage|p2a: Oliver|0 fnt
|faint|p2a: Oliver
|
|upkeep
|
|t:|1760454217
|switch|p2a: Joshua|Greninja, M|84/100
|-damage|p2a: Joshua|68/100|[from] Spikes
|turn|22
|inactive|VoltKnight16 has 120 seconds left.
|
|t:|1760454229
|move|p2a: Joshua|Ice Beam|p1a: Bronstar
|-start|p2a: Joshua|typechange|Ice|[from] ability: Protean
|-resisted|p1a: Bronstar
|-damage|p1a: Bronstar|0 fnt
|faint|p1a: Bronstar
|
|upkeep
|
|t:|1760454235
|switch|p1a: Hades|Moltres-Galar|100/100
|-damage|p1a: Hades|76/100|[from] Stealth Rock
|turn|23
|
|t:|1760454240
|move|p2a: Joshua|Ice Beam|p1a: Hades
|-supereffective|p1a: Hades
|-damage|p1a: Hades|0 fnt
|faint|p1a: Hades
|
|win|VoltKnight16
|raw|Backpacker Brand's rating: 1121 &rarr; <strong>1095</strong><br />(-26 for losing)
|raw|VoltKnight16's rating: 1107 &rarr; <strong>1133</strong><br />(+26 for winning)
|c|☆Backpacker Brand|gg
|l|☆Backpacker Brand
|player|p1|
|l|☆VoltKnight16
|player|p2|
