|j|☆bald wooper
|j|☆GauMongStyle
|t:|1760428994
|gametype|singles
|player|p1|bald wooper|265|1708
|player|p2|GauMongStyle|102|1722
|gen|9
|tier|[Gen 9] OU
|rated|
|rule|HP Percentage Mod: HP is shown in percentages
|rule|Endless Battle Clause: Forcing endless battles is banned
|rule|Species Clause: Limit one of each Pokémon
|rule|OHKO Clause: OHKO moves are banned
|rule|Evasion Items Clause: Evasion items are banned
|rule|Evasion Moves Clause: Evasion moves are banned
|rule|Evasion Abilities Clause: Evasion abilities are banned
|rule|Sleep Moves Clause: Sleep-inducing moves are banned
|clearpoke
|poke|p1|Landorus-Therian, M|
|poke|p1|Kingambit, F|
|poke|p1|Slowking-Galar, M|
|poke|p1|Iron Treads|
|poke|p1|Volcanion|
|poke|p1|Darkrai|
|poke|p2|Iron Crown|
|poke|p2|Samurott-Hisui, F|
|poke|p2|Zapdos|
|poke|p2|Dragapult, F|
|poke|p2|Great Tusk|
|poke|p2|Iron Boulder|
|teampreview
|inactive|Battle timer is ON: inactive players will automatically lose when time's up. (requested by GauMongStyle)
|j| rerissohot
|inactive|GauMongStyle has 120 seconds left.
|j| ibibi
|
|t:|1760429043
|teamsize|p1|6
|teamsize|p2|6
|start
|switch|p1a: Iron Treads|Iron Treads|100/100
|switch|p2a: Everytime We Touch|Samurott-Hisui, F|100/100
|turn|1
|
|t:|1760429048
|move|p2a: Everytime We Touch|Razor Shell|p1a: Iron Treads
|-supereffective|p1a: Iron Treads
|-damage|p1a: Iron Treads|9/100
|move|p1a: Iron Treads|Earthquake|p2a: Everytime We Touch
|-damage|p2a: Everytime We Touch|40/100
|
|upkeep
|turn|2
|
|t:|1760429057
|switch|p2a: Parasite|Dragapult, F|100/100
|move|p1a: Iron Treads|Ice Spinner|p2a: Parasite
|-supereffective|p2a: Parasite
|-damage|p2a: Parasite|37/100
|
|upkeep
|turn|3
|
|t:|1760429062
|move|p2a: Parasite|Dragon Darts|p1a: Iron Treads
|-resisted|p1a: Iron Treads
|-damage|p1a: Iron Treads|0 fnt
|faint|p1a: Iron Treads
|-end|p1a: Iron Treads|Quark Drive|[silent]
|
|upkeep
|
|t:|1760429067
|switch|p1a: Kingambit|Kingambit, F|100/100
|-activate|p1a: Kingambit|ability: Supreme Overlord
|-start|p1a: Kingambit|fallen1|[silent]
|turn|4
|
|t:|1760429070
|switch|p2a: Hurikan|Zapdos|100/100
|-end|p1a: Kingambit|fallen1|[silent]
|switch|p1a: Volcanion|Volcanion|100/100
|
|upkeep
|turn|5
|
|t:|1760429076
|move|p2a: Hurikan|Discharge|p1a: Volcanion
|-supereffective|p1a: Volcanion
|-crit|p1a: Volcanion
|-damage|p1a: Volcanion|24/100
|move|p1a: Volcanion|Steam Eruption|p2a: Hurikan
|-damage|p2a: Hurikan|56/100
|-status|p2a: Hurikan|brn
|
|-damage|p2a: Hurikan|50/100 brn|[from] brn
|upkeep
|turn|6
|
|t:|1760429083
|switch|p1a: Slowking|Slowking-Galar, M|100/100
|move|p2a: Hurikan|Hurricane|p1a: Slowking
|-damage|p1a: Slowking|67/100
|
|-damage|p2a: Hurikan|44/100 brn|[from] brn
|upkeep
|turn|7
|
|t:|1760429086
|move|p2a: Hurikan|Roost|p2a: Hurikan
|-heal|p2a: Hurikan|94/100 brn
|-singleturn|p2a: Hurikan|move: Roost
|-prepare|p1a: Slowking|Chilly Reception|[premajor]
|move|p1a: Slowking|Chilly Reception|p1a: Slowking
|-weather|Snowscape
|
|t:|1760429089
|switch|p1a: Darkrai|Darkrai|100/100|[from] Chilly Reception
|
|-weather|Snowscape|[upkeep]
|-damage|p2a: Hurikan|88/100 brn|[from] brn
|upkeep
|turn|8
|
|t:|1760429099
|switch|p2a: Mindreader|Iron Crown|100/100
|move|p1a: Darkrai|Nasty Plot|p1a: Darkrai
|-boost|p1a: Darkrai|spa|2
|
|-weather|Snowscape|[upkeep]
|upkeep
|turn|9
|
|t:|1760429103
|move|p1a: Darkrai|Dark Pulse|p2a: Mindreader
|-supereffective|p2a: Mindreader
|-damage|p2a: Mindreader|0 fnt
|faint|p2a: Mindreader
|-end|p2a: Mindreader|Quark Drive|[silent]
|
|-weather|Snowscape|[upkeep]
|upkeep
|
|t:|1760429107
|switch|p2a: Parasite|Dragapult, F|37/100
|turn|10
|
|t:|1760429113
|move|p2a: Parasite|U-turn|p1a: Darkrai
|-supereffective|p1a: Darkrai
|-damage|p1a: Darkrai|27/100
|-enditem|p1a: Darkrai|Red Card|[of] p2a: Parasite
|drag|p2a: Everytime We Touch|Samurott-Hisui, F|40/100
|move|p1a: Darkrai|Dark Pulse|p2a: Everytime We Touch
|-resisted|p2a: Everytime We Touch
|-damage|p2a: Everytime We Touch|0 fnt
|faint|p2a: Everytime We Touch
|
|-weather|Snowscape|[upkeep]
|upkeep
|
|t:|1760429122
|switch|p2a: Parasite|Dragapult, F|37/100
|turn|11
|
|t:|1760429129
|switch|p1a: Volcanion|Volcanion|24/100
|move|p2a: Parasite|Dragon Darts|p1a: Volcanion
|-damage|p1a: Volcanion|0 fnt
|faint|p1a: Volcanion
|
|-weather|none
|upkeep
|
|t:|1760429136
|switch|p1a: Slowking|Slowking-Galar, M|99/100
|turn|12
|
|t:|1760429140
|switch|p2a: Hurikan|Zapdos|88/100 brn
|move|p1a: Slowking|Ice Beam|p2a: Hurikan
|-supereffective|p2a: Hurikan
|-damage|p2a: Hurikan|46/100 brn
|
|-damage|p2a: Hurikan|40/100 brn|[from] brn
|upkeep
|turn|13
|
|t:|1760429148
|move|p2a: Hurikan|Roost|p2a: Hurikan
|-heal|p2a: Hurikan|90/100 brn
|-singleturn|p2a: Hurikan|move: Roost
|-prepare|p1a: Slowking|Chilly Reception|[premajor]
|move|p1a: Slowking|Chilly Reception|p1a: Slowking
|-weather|Snowscape
|
|t:|1760429150
|switch|p1a: Darkrai|Darkrai|27/100|[from] Chilly Reception
|
|-weather|Snowscape|[upkeep]
|-damage|p2a: Hurikan|84/100 brn|[from] brn
|upkeep
|turn|14
|
|t:|1760429155
|move|p1a: Darkrai|Ice Beam|p2a: Hurikan
|-supereffective|p2a: Hurikan
|-damage|p2a: Hurikan|27/100 brn
|move|p2a: Hurikan|Discharge|p1a: Darkrai
|-damage|p1a: Darkrai|0 fnt
|faint|p1a: Darkrai
|
|-weather|Snowscape|[upkeep]
|-damage|p2a: Hurikan|21/100 brn|[from] brn
|upkeep
|
|t:|1760429163
|switch|p1a: Landorus|Landorus-Therian, M|100/100
|-ability|p1a: Landorus|Intimidate|boost
|-unboost|p2a: Hurikan|atk|1
|turn|15
|
|t:|1760429165
|move|p1a: Landorus|Stealth Rock|p2a: Hurikan
|-sidestart|p2: GauMongStyle|move: Stealth Rock
|move|p2a: Hurikan|Roost|p2a: Hurikan
|-heal|p2a: Hurikan|71/100 brn
|-singleturn|p2a: Hurikan|move: Roost
|
|-weather|Snowscape|[upkeep]
|-damage|p2a: Hurikan|65/100 brn|[from] brn
|upkeep
|turn|16
|
|t:|1760429169
|move|p1a: Landorus|Weather Ball|p2a: Hurikan
|-supereffective|p2a: Hurikan
|-damage|p2a: Hurikan|17/100 brn
|move|p2a: Hurikan|U-turn|p1a: Landorus
|-resisted|p1a: Landorus
|-damage|p1a: Landorus|98/100
|-damage|p2a: Hurikan|0 fnt|[from] item: Rocky Helmet|[of] p1a: Landorus
|faint|p2a: Hurikan
|
|-weather|Snowscape|[upkeep]
|upkeep
|
|t:|1760429173
|switch|p2a: Pump It|Great Tusk|100/100
|turn|17
|
|t:|1760429180
|-terastallize|p1a: Landorus|Ghost
|move|p1a: Landorus|Weather Ball|p2a: Pump It
|-supereffective|p2a: Pump It
|-damage|p2a: Pump It|21/100
|move|p2a: Pump It|Ice Spinner|p1a: Landorus
|-damage|p1a: Landorus|73/100
|-damage|p2a: Pump It|5/100|[from] item: Rocky Helmet|[of] p1a: Landorus
|
|-weather|none
|upkeep
|turn|18
|l| ibibi
|
|t:|1760429189
|move|p1a: Landorus|Earth Power|p2a: Pump It
|-damage|p2a: Pump It|0 fnt
|faint|p2a: Pump It
|-end|p2a: Pump It|Protosynthesis|[silent]
|
|upkeep
|
|t:|1760429194
|switch|p2a: Parasite|Dragapult, F|37/100
|-damage|p2a: Parasite|24/100|[from] Stealth Rock
|turn|19
|
|t:|1760429197
|move|p2a: Parasite|Dragon Darts|p1a: Landorus
|-damage|p1a: Landorus|34/100
|-anim|p2a: Parasite|Dragon Darts|p1a: Landorus
|-damage|p1a: Landorus|1/100
|move|p1a: Landorus|Earth Power|p2a: Parasite
|-damage|p2a: Parasite|0 fnt
|faint|p2a: Parasite
|
|upkeep
|
|t:|1760429200
|switch|p2a: Revery|Iron Boulder|100/100
|-damage|p2a: Revery|88/100|[from] Stealth Rock
|-enditem|p2a: Revery|Booster Energy
|-activate|p2a: Revery|ability: Quark Drive|[fromitem]
|-start|p2a: Revery|quarkdrivespe
|turn|20
|
|t:|1760429203
|-terastallize|p2a: Revery|Fighting
|move|p2a: Revery|Swords Dance|p2a: Revery
|-boost|p2a: Revery|atk|2
|move|p1a: Landorus|Earth Power|p2a: Revery
|-damage|p2a: Revery|53/100
|
|upkeep
|turn|21
|
|t:|1760429219
|move|p2a: Revery|Mighty Cleave|p1a: Landorus
|-damage|p1a: Landorus|0 fnt
|-damage|p2a: Revery|37/100|[from] item: Rocky Helmet|[of] p1a: Landorus
|faint|p1a: Landorus
|
|upkeep
|
|t:|1760429222
|switch|p1a: Slowking|Slowking-Galar, M|100/100
|turn|22
|
|t:|1760429226
|move|p2a: Revery|Zen Headbutt|p1a: Slowking
|-damage|p1a: Slowking|43/100
|move|p1a: Slowking|Sludge Bomb|p2a: Revery
|-damage|p2a: Revery|0 fnt
|faint|p2a: Revery
|-end|p2a: Revery|Quark Drive|[silent]
|
|win|bald wooper
|raw|bald wooper's rating: 1708 &rarr; <strong>1729</strong><br />(+21 for winning)
|raw|GauMongStyle's rating: 1722 &rarr; <strong>1701</strong><br />(-21 for losing)
|l|☆GauMongStyle
|player|p2|
|j| ibibi
|l| ibibi
|l|☆bald wooper
|player|p1|
