|j|☆N0tC1evey
|j|☆Kingambitofthehill
|inactive|Battle timer is ON: inactive players will automatically lose when time's up.
|t:|1760404191
|gametype|singles
|player|p1|N0tC1evey|pryce|
|player|p2|Kingambitofthehill|gambler|
|gen|9
|tier|[Gen 9] OU
|rated|Tournament battle
|rule|HP Percentage Mod: HP is shown in percentages
|rule|Endless Battle Clause: Forcing endless battles is banned
|rule|Species Clause: Limit one of each Pokémon
|rule|OHKO Clause: OHKO moves are banned
|rule|Evasion Items Clause: Evasion items are banned
|rule|Evasion Moves Clause: Evasion moves are banned
|rule|Evasion Abilities Clause: Evasion abilities are banned
|rule|Sleep Moves Clause: Sleep-inducing moves are banned
|clearpoke
|poke|p1|Walking Wake|
|poke|p1|Torkoal, M|
|poke|p1|Corviknight, F|
|poke|p1|Sandy Shocks|
|poke|p1|Alomomola, F|
|poke|p1|Cinderace, M|
|poke|p2|Ting-Lu|
|poke|p2|Pecharunt|
|poke|p2|Zamazenta-*|
|poke|p2|Zapdos|
|poke|p2|Cinderace, M|
|poke|p2|Hoopa-Unbound|
|teampreview
|inactive|Kingambitofthehill also wants the timer to be on.
|inactive|N0tC1evey also wants the timer to be on.
|j| Exotic64
|l| Exotic64
|j| Larp Legion
|c|☆N0tC1evey|gl hf
|
|t:|1760404207
|teamsize|p1|6
|teamsize|p2|6
|start
|switch|p1a: 跟你爆了|Cinderace, M|100/100
|switch|p2a: Hoopa|Hoopa-Unbound|100/100
|turn|1
|c|☆Kingambitofthehill|You too!
|
|t:|1760404214
|switch|p2a: Zapdos|Zapdos|100/100
|move|p1a: 跟你爆了|U-turn|p2a: Zapdos
|-start|p1a: 跟你爆了|typechange|Bug|[from] ability: Libero
|-resisted|p2a: Zapdos
|-damage|p2a: Zapdos|75/100
|-status|p1a: 跟你爆了|par|[from] ability: Static|[of] p2a: Zapdos
|
|t:|1760404223
|switch|p1a: 地鸣雷震寒彻骨|Sandy Shocks, shiny|100/100|[from] U-turn
|
|upkeep
|turn|2
|
|t:|1760404229
|-end|p1a: 地鸣雷震寒彻骨|Protosynthesis|[silent]
|switch|p1a: Groudon.|Torkoal, M|100/100
|-weather|SunnyDay|[from] ability: Drought|[of] p1a: Groudon.
|switch|p2a: Ting-Lu|Ting-Lu|100/100
|-ability|p2a: Ting-Lu|Vessel of Ruin
|
|-weather|SunnyDay|[upkeep]
|upkeep
|turn|3
|j| OP Earthquakes
|j| pkmn legs zaza
|
|t:|1760404246
|switch|p1a: 坚盾铁骑|Corviknight, F, shiny|100/100
|move|p2a: Ting-Lu|Earthquake|p1a: 坚盾铁骑
|-immune|p1a: 坚盾铁骑
|
|-weather|SunnyDay|[upkeep]
|upkeep
|turn|4
|
|t:|1760404252
|switch|p2a: Zapdos|Zapdos|75/100
|move|p1a: 坚盾铁骑|U-turn|p2a: Zapdos
|-resisted|p2a: Zapdos
|-damage|p2a: Zapdos|66/100
|-status|p1a: 坚盾铁骑|par|[from] ability: Static|[of] p2a: Zapdos
|j| NeoNaruto✈️_✈️
|c| OP Earthquakes|mannn I missed a tourney 😩
|
|t:|1760404265
|switch|p1a: 储水硬接流星群|Walking Wake|100/100|[from] U-turn
|-activate|p1a: 储水硬接流星群|ability: Protosynthesis
|-start|p1a: 储水硬接流星群|protosynthesisspe
|
|-weather|SunnyDay|[upkeep]
|upkeep
|turn|5
|
|t:|1760404268
|switch|p2a: Hoopa|Hoopa-Unbound|100/100
|move|p1a: 储水硬接流星群|Hydro Steam|p2a: Hoopa
|-damage|p2a: Hoopa|52/100
|
|-weather|SunnyDay|[upkeep]
|upkeep
|turn|6
|
|t:|1760404275
|-end|p1a: 储水硬接流星群|Protosynthesis|[silent]
|switch|p1a: 坚盾铁骑|Corviknight, F, shiny|100/100 par
|move|p2a: Hoopa|Knock Off|p1a: 坚盾铁骑
|-damage|p1a: 坚盾铁骑|62/100 par
|-enditem|p1a: 坚盾铁骑|Expert Belt|[from] move: Knock Off|[of] p2a: Hoopa
|
|-weather|SunnyDay|[upkeep]
|upkeep
|turn|7
|
|t:|1760404281
|move|p2a: Hoopa|Thunderbolt|p1a: 坚盾铁骑
|-supereffective|p1a: 坚盾铁骑
|-damage|p1a: 坚盾铁骑|0 fnt
|faint|p1a: 坚盾铁骑
|
|-weather|SunnyDay|[upkeep]
|upkeep
|inactive|N0tC1evey has 120 seconds left.
|
|t:|1760404318
|switch|p1a: 地鸣雷震寒彻骨|Sandy Shocks, shiny|100/100
|-activate|p1a: 地鸣雷震寒彻骨|ability: Protosynthesis
|-start|p1a: 地鸣雷震寒彻骨|protosynthesisspa
|turn|8
|
|t:|1760404322
|switch|p2a: Ting-Lu|Ting-Lu|100/100
|-ability|p2a: Ting-Lu|Vessel of Ruin
|move|p1a: 地鸣雷震寒彻骨|Volt Switch|p2a: Ting-Lu
|-immune|p2a: Ting-Lu
|
|-weather|SunnyDay|[upkeep]
|upkeep
|turn|9
|j| AbrarS
|inactive|N0tC1evey has 120 seconds left.
|l| Larp Legion
|l| OP Earthquakes
|
|t:|1760404360
|-terastallize|p1a: 地鸣雷震寒彻骨|Ice
|move|p1a: 地鸣雷震寒彻骨|Tera Blast|p2a: Ting-Lu|[anim] Tera Blast Ice
|-supereffective|p2a: Ting-Lu
|-damage|p2a: Ting-Lu|59/100
|move|p2a: Ting-Lu|Stealth Rock|p1a: 地鸣雷震寒彻骨
|-sidestart|p1: N0tC1evey|move: Stealth Rock
|
|-weather|none
|-end|p1a: 地鸣雷震寒彻骨|Protosynthesis
|-heal|p2a: Ting-Lu|65/100|[from] item: Leftovers
|upkeep
|turn|10
|j| PG Spectating
|
|t:|1760404384
|-terastallize|p2a: Ting-Lu|Fairy
|move|p1a: 地鸣雷震寒彻骨|Tera Blast|p2a: Ting-Lu|[anim] Tera Blast Ice
|-damage|p2a: Ting-Lu|50/100
|move|p2a: Ting-Lu|Earthquake|p1a: 地鸣雷震寒彻骨
|-damage|p1a: 地鸣雷震寒彻骨|62/100
|
|-heal|p2a: Ting-Lu|56/100|[from] item: Leftovers
|upkeep
|turn|11
|
|t:|1760404394
|move|p1a: 地鸣雷震寒彻骨|Volt Switch|p2a: Ting-Lu
|-damage|p2a: Ting-Lu|41/100
|inactive|N0tC1evey has 90 seconds left.
|
|t:|1760404415
|-end|p1a: 地鸣雷震寒彻骨|Protosynthesis|[silent]
|switch|p1a: Groudon.|Torkoal, M|100/100|[from] Volt Switch
|-damage|p1a: Groudon.|75/100|[from] Stealth Rock
|-weather|SunnyDay|[from] ability: Drought|[of] p1a: Groudon.
|move|p2a: Ting-Lu|Whirlwind|p1a: Groudon.
|drag|p1a: 储水硬接流星群|Walking Wake|100/100
|-damage|p1a: 储水硬接流星群|88/100|[from] Stealth Rock
|-activate|p1a: 储水硬接流星群|ability: Protosynthesis
|-start|p1a: 储水硬接流星群|protosynthesisspe
|
|-weather|SunnyDay|[upkeep]
|-heal|p2a: Ting-Lu|47/100|[from] item: Leftovers
|upkeep
|turn|12
|inactive|N0tC1evey has 90 seconds left.
|
|t:|1760404438
|move|p1a: 储水硬接流星群|Hydro Steam|p2a: Ting-Lu
|-damage|p2a: Ting-Lu|11/100
|move|p2a: Ting-Lu|Ruination|p1a: 储水硬接流星群
|-damage|p1a: 储水硬接流星群|44/100
|
|-weather|SunnyDay|[upkeep]
|-heal|p2a: Ting-Lu|17/100|[from] item: Leftovers
|upkeep
|turn|13
|
|t:|1760404448
|move|p1a: 储水硬接流星群|Hydro Steam|p2a: Ting-Lu
|-damage|p2a: Ting-Lu|0 fnt
|faint|p2a: Ting-Lu
|
|-weather|SunnyDay|[upkeep]
|upkeep
|
|t:|1760404450
|switch|p2a: Hoopa|Hoopa-Unbound|52/100
|turn|14
|inactive|N0tC1evey has 90 seconds left.
|
|t:|1760404467
|move|p1a: 储水硬接流星群|Hydro Steam|p2a: Hoopa
|-damage|p2a: Hoopa|2/100
|move|p2a: Hoopa|Knock Off|p1a: 储水硬接流星群
|-damage|p1a: 储水硬接流星群|0 fnt
|-enditem|p1a: 储水硬接流星群|Choice Specs|[from] move: Knock Off|[of] p2a: Hoopa
|faint|p1a: 储水硬接流星群
|-end|p1a: 储水硬接流星群|Protosynthesis|[silent]
|
|-weather|SunnyDay|[upkeep]
|upkeep
|j| TheNewBrends11@!
|c| AbrarS|Howd he live
|c| TheNewBrends11|hoopa-u has good special def
|
|t:|1760404486
|switch|p1a: PinklePinkle|Alomomola, F|100/100
|-damage|p1a: PinklePinkle|88/100|[from] Stealth Rock
|turn|15
|j| mowmowpow
|
|t:|1760404489
|move|p2a: Hoopa|Knock Off|p1a: PinklePinkle
|-damage|p1a: PinklePinkle|57/100
|-enditem|p1a: PinklePinkle|Assault Vest|[from] move: Knock Off|[of] p2a: Hoopa
|move|p1a: PinklePinkle|Flip Turn|p2a: Hoopa
|-damage|p2a: Hoopa|0 fnt
|faint|p2a: Hoopa
|
|t:|1760404493
|switch|p1a: 跟你爆了|Cinderace, M|100/100 par|[from] Flip Turn
|-damage|p1a: 跟你爆了|76/100 par|[from] Stealth Rock
|
|-weather|SunnyDay|[upkeep]
|upkeep
|c|☆N0tC1evey|and unlucky
|c|☆N0tC1evey|lol
|
|t:|1760404515
|switch|p2a: Pecharunt|Pecharunt|100/100
|turn|16
|
|t:|1760404519
|move|p2a: Pecharunt|Parting Shot|p1a: 跟你爆了
|-unboost|p1a: 跟你爆了|atk|1
|-unboost|p1a: 跟你爆了|spa|1
|
|t:|1760404522
|switch|p2a: Zapdos|Zapdos|66/100|[from] Parting Shot
|move|p1a: 跟你爆了|Pyro Ball|p2a: Zapdos
|-damage|p2a: Zapdos|0 fnt
|faint|p2a: Zapdos
|
|-weather|SunnyDay|[upkeep]
|upkeep
|
|t:|1760404524
|switch|p2a: Pecharunt|Pecharunt|100/100
|turn|17
|
|t:|1760404528
|move|p2a: Pecharunt|Malignant Chain|p1a: 跟你爆了
|-damage|p1a: 跟你爆了|32/100 par
|move|p1a: 跟你爆了|Pyro Ball|p2a: Pecharunt
|-damage|p2a: Pecharunt|58/100
|
|-weather|SunnyDay|[upkeep]
|upkeep
|turn|18
|
|t:|1760404536
|switch|p1a: PinklePinkle|Alomomola, F|91/100
|-damage|p1a: PinklePinkle|78/100|[from] Stealth Rock
|move|p2a: Pecharunt|Malignant Chain|p1a: PinklePinkle
|-damage|p1a: PinklePinkle|52/100
|
|-weather|none
|upkeep
|turn|19
|l| mowmowpow
|
|t:|1760404546
|switch|p1a: 跟你爆了|Cinderace, M|32/100 par
|-damage|p1a: 跟你爆了|7/100 par|[from] Stealth Rock
|move|p2a: Pecharunt|Recover|p2a: Pecharunt
|-heal|p2a: Pecharunt|100/100
|
|upkeep
|turn|20
|c|☆N0tC1evey|my cinder isbanded
|inactive|N0tC1evey has 120 seconds left.
|c|☆N0tC1evey|but…
|
|t:|1760404580
|move|p2a: Pecharunt|Parting Shot|p1a: 跟你爆了
|-unboost|p1a: 跟你爆了|atk|1
|-unboost|p1a: 跟你爆了|spa|1
|
|t:|1760404582
|switch|p2a: Cinderace|Cinderace, M|100/100|[from] Parting Shot
|move|p1a: 跟你爆了|Pyro Ball|p2a: Cinderace
|-resisted|p2a: Cinderace
|-damage|p2a: Cinderace|57/100
|
|upkeep
|turn|21
|
|t:|1760404586
|switch|p2a: Pecharunt|Pecharunt|100/100
|move|p1a: 跟你爆了|Pyro Ball|p2a: Pecharunt
|-damage|p2a: Pecharunt|74/100
|
|upkeep
|turn|22
|
|t:|1760404593
|move|p2a: Pecharunt|Malignant Chain|p1a: 跟你爆了
|-damage|p1a: 跟你爆了|0 fnt
|faint|p1a: 跟你爆了
|
|upkeep
|
|t:|1760404600
|switch|p1a: 地鸣雷震寒彻骨|Sandy Shocks, shiny, tera:Ice|62/100
|-damage|p1a: 地鸣雷震寒彻骨|37/100|[from] Stealth Rock
|turn|23
|j| Edsled
|
|t:|1760404604
|move|p1a: 地鸣雷震寒彻骨|Earth Power|p2a: Pecharunt
|-supereffective|p2a: Pecharunt
|-damage|p2a: Pecharunt|0 fnt
|faint|p2a: Pecharunt
|
|upkeep
|
|t:|1760404610
|switch|p2a: Cinderace|Cinderace, M|57/100
|turn|24
|
|t:|1760404616
|-end|p1a: 地鸣雷震寒彻骨|Protosynthesis|[silent]
|switch|p1a: Groudon.|Torkoal, M|75/100
|-damage|p1a: Groudon.|50/100|[from] Stealth Rock
|-weather|SunnyDay|[from] ability: Drought|[of] p1a: Groudon.
|move|p2a: Cinderace|Pyro Ball|p1a: Groudon.
|-resisted|p1a: Groudon.
|-damage|p1a: Groudon.|21/100
|
|-weather|SunnyDay|[upkeep]
|upkeep
|turn|25
|
|t:|1760404618
|move|p2a: Cinderace|Pyro Ball|p1a: Groudon.
|-resisted|p1a: Groudon.
|-damage|p1a: Groudon.|0 fnt
|faint|p1a: Groudon.
|
|-weather|SunnyDay|[upkeep]
|upkeep
|
|t:|1760404621
|switch|p1a: 地鸣雷震寒彻骨|Sandy Shocks, shiny, tera:Ice|37/100
|-damage|p1a: 地鸣雷震寒彻骨|12/100|[from] Stealth Rock
|-activate|p1a: 地鸣雷震寒彻骨|ability: Protosynthesis
|-start|p1a: 地鸣雷震寒彻骨|protosynthesisspa
|turn|26
|
|t:|1760404627
|move|p2a: Cinderace|U-turn|p1a: 地鸣雷震寒彻骨
|-start|p2a: Cinderace|typechange|Bug|[from] ability: Libero
|-damage|p1a: 地鸣雷震寒彻骨|0 fnt
|faint|p1a: 地鸣雷震寒彻骨
|-end|p1a: 地鸣雷震寒彻骨|Protosynthesis|[silent]
|
|t:|1760404630
|switch|p2a: Zamazenta|Zamazenta|100/100|[from] U-turn
|-ability|p2a: Zamazenta|Dauntless Shield|boost
|-boost|p2a: Zamazenta|def|1
|
|-weather|SunnyDay|[upkeep]
|upkeep
|
|t:|1760404633
|switch|p1a: PinklePinkle|Alomomola, F|85/100
|-damage|p1a: PinklePinkle|73/100|[from] Stealth Rock
|turn|27
|
|t:|1760404635
|move|p2a: Zamazenta|Substitute|p2a: Zamazenta
|-start|p2a: Zamazenta|Substitute
|-damage|p2a: Zamazenta|75/100
|move|p1a: PinklePinkle|Alluring Voice|p2a: Zamazenta
|-supereffective|p2a: Zamazenta
|-crit|p2a: Zamazenta
|-damage|p2a: Zamazenta|55/100
|
|-weather|SunnyDay|[upkeep]
|-heal|p2a: Zamazenta|61/100|[from] item: Leftovers
|upkeep
|turn|28
|c|☆N0tC1evey|gg
|
|t:|1760404641
|move|p2a: Zamazenta|Iron Defense|p2a: Zamazenta
|-boost|p2a: Zamazenta|def|2
|move|p1a: PinklePinkle|Alluring Voice|p2a: Zamazenta
|-supereffective|p2a: Zamazenta
|-damage|p2a: Zamazenta|47/100
|-start|p2a: Zamazenta|confusion
|
|-weather|SunnyDay|[upkeep]
|-heal|p2a: Zamazenta|53/100|[from] item: Leftovers
|upkeep
|turn|29
|
|t:|1760404654
|-activate|p2a: Zamazenta|confusion
|move|p2a: Zamazenta|Body Press|p1a: PinklePinkle
|-damage|p1a: PinklePinkle|22/100
|move|p1a: PinklePinkle|Alluring Voice|p2a: Zamazenta
|-supereffective|p2a: Zamazenta
|-damage|p2a: Zamazenta|39/100
|
|-weather|SunnyDay|[upkeep]
|-heal|p2a: Zamazenta|46/100|[from] item: Leftovers
|upkeep
|turn|30
|
|t:|1760404662
|-activate|p2a: Zamazenta|confusion
|move|p2a: Zamazenta|Body Press|p1a: PinklePinkle
|-damage|p1a: PinklePinkle|0 fnt
|faint|p1a: PinklePinkle
|
|win|Kingambitofthehill
|n|☆N0tC1evey|n0tc1evey
|n|☆Kingambitofthehill|kingambitofthehill
|n| pkmn legs zaza|pkmnlegszaza
|n| NeoNaruto✈️_✈️|neonaruto
|n| AbrarS|abrars
|n| PG Spectating|pgspectating
|n| TheNewBrends11@!|thenewbrends11
|n| Edsled|edsled
