|j|☆ThyR34p3r
|j|☆big monkey stall
|t:|1760390957
|gametype|singles
|player|p1|ThyR34p3r|roxie|1450
|player|p2|big monkey stall|morty-masters|1496
|gen|9
|tier|[Gen 9] OU
|rated|
|rule|HP Percentage Mod: HP is shown in percentages
|rule|Endless Battle Clause: Forcing endless battles is banned
|rule|Species Clause: Limit one of each Pokémon
|rule|OHKO Clause: OHKO moves are banned
|rule|Evasion Items Clause: Evasion items are banned
|rule|Evasion Moves Clause: Evasion moves are banned
|rule|Evasion Abilities Clause: Evasion abilities are banned
|rule|Sleep Moves Clause: Sleep-inducing moves are banned
|clearpoke
|poke|p1|Cresselia, F|
|poke|p1|Hatterene, F|
|poke|p1|Porygon2|
|poke|p1|Ursaluna, M|
|poke|p1|Iron Hands|
|poke|p1|Enamorus-Therian, F|
|poke|p2|Indeedee, M|
|poke|p2|Deoxys-Speed|
|poke|p2|Iron Crown|
|poke|p2|Eiscue, M|
|poke|p2|Polteageist-Antique|
|poke|p2|Cinderace, M|
|teampreview
|inactive|Battle timer is ON: inactive players will automatically lose when time's up. (requested by big monkey stall)
|inactive|ThyR34p3r also wants the timer to be on.
|j| Pokemh
|c|☆ThyR34p3r|glhf!
|c| Pokemh|u2
|c|☆ThyR34p3r|curious team lol
|c| Pokemh|yea lol
|inactive|big monkey stall has 120 seconds left.
|
|t:|1760390990
|teamsize|p1|6
|teamsize|p2|6
|start
|switch|p1a: Cresselia|Cresselia, F|100/100
|switch|p2a: Iron Crown|Iron Crown|100/100
|-enditem|p2a: Iron Crown|Booster Energy
|-activate|p2a: Iron Crown|ability: Quark Drive|[fromitem]
|-start|p2a: Iron Crown|quarkdrivespe
|turn|1
|
|t:|1760390998
|move|p2a: Iron Crown|Calm Mind|p2a: Iron Crown
|-boost|p2a: Iron Crown|spa|1
|-boost|p2a: Iron Crown|spd|1
|move|p1a: Cresselia|Trick Room|p1a: Cresselia
|-fieldstart|move: Trick Room|[of] p1a: Cresselia
|
|upkeep
|turn|2
|
|t:|1760391009
|move|p1a: Cresselia|Lunar Dance|p1a: Cresselia
|faint|p1a: Cresselia
|move|p2a: Iron Crown|Expanding Force|p1: Cresselia|[notarget]
|-fail|p2a: Iron Crown
|
|upkeep
|
|t:|1760391017
|switch|p1a: Ursaluna|Ursaluna, M|100/100
|turn|3
|
|t:|1760391025
|-terastallize|p2a: Iron Crown|Fighting
|move|p1a: Ursaluna|Headlong Rush|p2a: Iron Crown
|-damage|p2a: Iron Crown|34/100
|-unboost|p1a: Ursaluna|def|1
|-unboost|p1a: Ursaluna|spd|1
|move|p2a: Iron Crown|Focus Blast|p1a: Ursaluna|[miss]
|-miss|p2a: Iron Crown|p1a: Ursaluna
|
|-status|p1a: Ursaluna|brn|[from] item: Flame Orb
|upkeep
|turn|4
|c|☆ThyR34p3r|oof
|c|☆ThyR34p3r|unlucky
|inactive|big monkey stall has 120 seconds left.
|c| Pokemh|my friend says all g part of the game
|
|t:|1760391061
|-end|p2a: Iron Crown|Quark Drive|[silent]
|switch|p2a: Indeedee|Indeedee, M|100/100
|-fieldstart|move: Psychic Terrain|[from] ability: Psychic Surge|[of] p2a: Indeedee
|move|p1a: Ursaluna|Headlong Rush|p2a: Indeedee
|-damage|p2a: Indeedee|0 fnt
|-unboost|p1a: Ursaluna|def|1
|-unboost|p1a: Ursaluna|spd|1
|faint|p2a: Indeedee
|
|-damage|p1a: Ursaluna|94/100 brn|[from] brn
|upkeep
|
|t:|1760391064
|switch|p2a: 🐧HAPPY FEET🐧|Eiscue, M, shiny|100/100
|turn|5
|inactive|big monkey stall has 120 seconds left.
|c|☆ThyR34p3r|your friend is right
|inactive|ThyR34p3r has 120 seconds left.
|inactive|big monkey stall has 90 seconds left.
|
|t:|1760391117
|switch|p1a: Porygon2|Porygon2|100/100
|-ability|p1a: Porygon2|Download|boost
|-boost|p1a: Porygon2|spa|1
|move|p2a: 🐧HAPPY FEET🐧|Substitute|p2a: 🐧HAPPY FEET🐧
|-start|p2a: 🐧HAPPY FEET🐧|Substitute
|-damage|p2a: 🐧HAPPY FEET🐧|75/100
|
|-fieldend|move: Trick Room
|upkeep
|turn|6
|inactive|ThyR34p3r has 120 seconds left.
|
|t:|1760391130
|move|p2a: 🐧HAPPY FEET🐧|Belly Drum|p2a: 🐧HAPPY FEET🐧
|-damage|p2a: 🐧HAPPY FEET🐧|25/100
|-setboost|p2a: 🐧HAPPY FEET🐧|atk|6|[from] move: Belly Drum
|-enditem|p2a: 🐧HAPPY FEET🐧|Salac Berry|[eat]
|-boost|p2a: 🐧HAPPY FEET🐧|spe|1|[from] item: Salac Berry
|move|p1a: Porygon2|Tera Blast|p2a: 🐧HAPPY FEET🐧
|-end|p2a: 🐧HAPPY FEET🐧|Substitute
|
|upkeep
|turn|7
|
|t:|1760391138
|move|p2a: 🐧HAPPY FEET🐧|Ice Punch|p1a: Porygon2
|-damage|p1a: Porygon2|24/100
|move|p1a: Porygon2|Trick Room|p1a: Porygon2
|-fieldstart|move: Trick Room|[of] p1a: Porygon2
|
|upkeep
|turn|8
|
|t:|1760391143
|switch|p2a: Polteageist|Polteageist-Antique|100/100
|move|p1a: Porygon2|Tera Blast|p2a: Polteageist
|-immune|p2a: Polteageist
|
|upkeep
|turn|9
|inactive|big monkey stall has 120 seconds left.
|
|t:|1760391169
|move|p1a: Porygon2|Thunderbolt|p2a: Polteageist
|-damage|p2a: Polteageist|50/100
|move|p2a: Polteageist|Tera Blast|p1a: Porygon2
|-damage|p1a: Porygon2|3/100
|
|upkeep
|turn|10
|
|t:|1760391180
|switch|p2a: Iron Crown|Iron Crown, tera:Fighting|34/100
|move|p1a: Porygon2|Thunderbolt|p2a: Iron Crown
|-damage|p2a: Iron Crown|0 fnt
|faint|p2a: Iron Crown
|-end|p2a: Iron Crown|Quark Drive|[silent]
|
|upkeep
|
|t:|1760391182
|switch|p2a: Deoxys|Deoxys-Speed|100/100
|-ability|p2a: Deoxys|Pressure
|turn|11
|
|t:|1760391186
|move|p1a: Porygon2|Tera Blast|p2a: Deoxys
|-damage|p2a: Deoxys|6/100
|move|p2a: Deoxys|Nasty Plot|p2a: Deoxys
|-boost|p2a: Deoxys|spa|2
|
|-fieldend|move: Trick Room
|-fieldend|move: Psychic Terrain
|upkeep
|turn|12
|inactive|big monkey stall has 120 seconds left.
|
|t:|1760391191
|move|p2a: Deoxys|Expanding Force|p1a: Porygon2
|-damage|p1a: Porygon2|0 fnt
|faint|p1a: Porygon2
|
|upkeep
|
|t:|1760391203
|switch|p1a: Hatterene|Hatterene, F|100/100
|turn|13
|
|t:|1760391210
|move|p2a: Deoxys|Shadow Ball|p1a: Hatterene
|-supereffective|p1a: Hatterene
|-damage|p1a: Hatterene|7/100
|move|p1a: Hatterene|Trick Room|p1a: Hatterene
|-fieldstart|move: Trick Room|[of] p1a: Hatterene
|
|upkeep
|turn|14
|
|t:|1760391228
|switch|p2a: Cinderace|Cinderace, M|100/100
|move|p1a: Hatterene|Healing Wish|p1a: Hatterene
|faint|p1a: Hatterene
|
|upkeep
|
|t:|1760391231
|switch|p1a: Ursaluna|Ursaluna, M|94/100 brn
|-heal|p1a: Ursaluna|100/100|[from] move: Lunar Dance
|turn|15
|inactive|big monkey stall has 120 seconds left.
|
|t:|1760391257
|switch|p2a: Polteageist|Polteageist-Antique|50/100
|move|p1a: Ursaluna|Headlong Rush|p2a: Polteageist
|-damage|p2a: Polteageist|0 fnt
|-unboost|p1a: Ursaluna|def|1
|-unboost|p1a: Ursaluna|spd|1
|faint|p2a: Polteageist
|
|-status|p1a: Ursaluna|brn|[from] item: Flame Orb
|upkeep
|
|t:|1760391259
|switch|p2a: 🐧HAPPY FEET🐧|Eiscue, M, shiny|25/100
|turn|16
|
|t:|1760391278
|move|p1a: Ursaluna|Facade|p2a: 🐧HAPPY FEET🐧
|-activate|p2a: 🐧HAPPY FEET🐧|ability: Ice Face
|-damage|p2a: 🐧HAPPY FEET🐧|25/100
|detailschange|p2a: 🐧HAPPY FEET🐧|Eiscue-Noice, M, shiny
|move|p2a: 🐧HAPPY FEET🐧|Ice Punch|p1a: Ursaluna
|-supereffective|p1a: Ursaluna
|-damage|p1a: Ursaluna|42/100 brn
|
|-damage|p1a: Ursaluna|36/100 brn|[from] brn
|upkeep
|turn|17
|
|t:|1760391286
|move|p1a: Ursaluna|Facade|p2a: 🐧HAPPY FEET🐧
|-damage|p2a: 🐧HAPPY FEET🐧|0 fnt
|faint|p2a: 🐧HAPPY FEET🐧
|
|-damage|p1a: Ursaluna|30/100 brn|[from] brn
|-fieldend|move: Trick Room
|upkeep
|
|t:|1760391291
|switch|p2a: Deoxys|Deoxys-Speed|6/100
|-ability|p2a: Deoxys|Pressure
|turn|18
|inactive|big monkey stall has 120 seconds left.
|
|t:|1760391330
|move|p2a: Deoxys|Nasty Plot|p2a: Deoxys
|-boost|p2a: Deoxys|spa|2
|move|p1a: Ursaluna|Facade|p2a: Deoxys
|-damage|p2a: Deoxys|0 fnt
|faint|p2a: Deoxys
|
|-damage|p1a: Ursaluna|24/100 brn|[from] brn
|upkeep
|
|t:|1760391337
|switch|p2a: Cinderace|Cinderace, M|100/100
|turn|19
|
|t:|1760391340
|move|p2a: Cinderace|Pyro Ball|p1a: Ursaluna
|-damage|p1a: Ursaluna|0 fnt
|faint|p1a: Ursaluna
|
|upkeep
|
|t:|1760391342
|switch|p1a: Iron Hands|Iron Hands|100/100
|turn|20
|
|t:|1760391345
|move|p2a: Cinderace|Will-O-Wisp|p1a: Iron Hands
|-status|p1a: Iron Hands|brn
|move|p1a: Iron Hands|Earthquake|p2a: Cinderace
|-supereffective|p2a: Cinderace
|-damage|p2a: Cinderace|35/100
|-damage|p1a: Iron Hands|91/100 brn|[from] item: Life Orb
|
|-damage|p1a: Iron Hands|84/100 brn|[from] brn
|upkeep
|turn|21
|
|t:|1760391348
|move|p2a: Cinderace|Pyro Ball|p1a: Iron Hands
|-crit|p1a: Iron Hands
|-damage|p1a: Iron Hands|36/100 brn
|move|p1a: Iron Hands|Earthquake|p2a: Cinderace
|-supereffective|p2a: Cinderace
|-damage|p2a: Cinderace|0 fnt
|faint|p2a: Cinderace
|-damage|p1a: Iron Hands|26/100 brn|[from] item: Life Orb
|
|win|ThyR34p3r
|raw|ThyR34p3r's rating: 1450 &rarr; <strong>1473</strong><br />(+23 for winning)
|raw|big monkey stall's rating: 1496 &rarr; <strong>1473</strong><br />(-23 for losing)
|l|☆big monkey stall
|player|p2|
|c|☆ThyR34p3r|ggwp
|l|☆ThyR34p3r
|player|p1|
