|j|☆IKIGAI ROAD 34
|j|☆gfdvshtfkutyil
|t:|1760414851
|gametype|singles
|player|p1|IKIGAI ROAD 34|169|1202
|player|p2|gfdvshtfkutyil|102|1258
|gen|9
|tier|[Gen 9] OU
|rated|
|rule|HP Percentage Mod: HP is shown in percentages
|rule|Endless Battle Clause: Forcing endless battles is banned
|rule|Species Clause: Limit one of each Pokémon
|rule|OHKO Clause: OHKO moves are banned
|rule|Evasion Items Clause: Evasion items are banned
|rule|Evasion Moves Clause: Evasion moves are banned
|rule|Evasion Abilities Clause: Evasion abilities are banned
|rule|Sleep Moves Clause: Sleep-inducing moves are banned
|clearpoke
|poke|p1|Pelipper, M|
|poke|p1|Kilowattrel, F|
|poke|p1|Rillaboom, F|
|poke|p1|Empoleon, F|
|poke|p1|Barraskewda, M|
|poke|p1|Basculegion-F, F|
|poke|p2|Ogerpon-Cornerstone, F|
|poke|p2|Pecharunt|
|poke|p2|Landorus-Therian, M|
|poke|p2|Kingambit, F|
|poke|p2|Latios, M|
|poke|p2|Scizor, M|
|teampreview
|inactive|Battle timer is ON: inactive players will automatically lose when time's up. (requested by gfdvshtfkutyil)
|
|t:|1760414864
|teamsize|p1|6
|teamsize|p2|6
|start
|switch|p1a: Kilowattrel|Kilowattrel, F|100/100
|switch|p2a: Latios|Latios, M|100/100
|turn|1
|
|t:|1760414875
|switch|p1a: Empoleon|Empoleon, F|100/100
|move|p2a: Latios|Luster Purge|p1a: Empoleon
|-resisted|p1a: Empoleon
|-damage|p1a: Empoleon|84/100
|
|upkeep
|turn|2
|
|t:|1760414884
|switch|p2a: Pecharunt|Pecharunt|100/100
|move|p1a: Empoleon|Flip Turn|p2a: Pecharunt
|-damage|p2a: Pecharunt|93/100
|
|t:|1760414902
|switch|p1a: Basculegion|Basculegion-F, F|100/100|[from] Flip Turn
|
|upkeep
|turn|3
|
|t:|1760414907
|move|p1a: Basculegion|Shadow Ball|p2a: Pecharunt
|-supereffective|p2a: Pecharunt
|-damage|p2a: Pecharunt|12/100
|move|p2a: Pecharunt|Shadow Ball|p1a: Basculegion
|-supereffective|p1a: Basculegion
|-damage|p1a: Basculegion|42/100
|
|upkeep
|turn|4
|
|t:|1760414918
|move|p1a: Basculegion|Flip Turn|p2a: Pecharunt
|-damage|p2a: Pecharunt|3/100
|
|t:|1760414923
|switch|p1a: Pelipper|Pelipper, M|100/100|[from] Flip Turn
|-weather|RainDance|[from] ability: Drizzle|[of] p1a: Pelipper
|move|p2a: Pecharunt|Shadow Ball|p1a: Pelipper
|-damage|p1a: Pelipper|65/100
|
|-weather|RainDance|[upkeep]
|upkeep
|turn|5
|
|t:|1760414931
|switch|p1a: Empoleon|Empoleon, F|84/100
|move|p2a: Pecharunt|Malignant Chain|p1a: Empoleon
|-immune|p1a: Empoleon
|
|-weather|RainDance|[upkeep]
|upkeep
|turn|6
|
|t:|1760414936
|move|p2a: Pecharunt|Shadow Ball|p1a: Empoleon
|-damage|p1a: Empoleon|71/100
|-unboost|p1a: Empoleon|spd|1
|-ability|p1a: Empoleon|Competitive|boost
|-boost|p1a: Empoleon|spa|2
|move|p1a: Empoleon|Flip Turn|p2a: Pecharunt
|-damage|p2a: Pecharunt|0 fnt
|faint|p2a: Pecharunt
|inactive|IKIGAI ROAD 34 has 120 seconds left.
|
|t:|1760414967
|switch|p1a: Barraskewda|Barraskewda, M|100/100|[from] Flip Turn
|
|-weather|RainDance|[upkeep]
|upkeep
|
|t:|1760414978
|switch|p2a: Landorus|Landorus-Therian, M|100/100
|-ability|p2a: Landorus|Intimidate|boost
|-unboost|p1a: Barraskewda|atk|1
|turn|7
|
|t:|1760414983
|-terastallize|p2a: Landorus|Water
|move|p1a: Barraskewda|Flip Turn|p2a: Landorus
|-resisted|p2a: Landorus
|-damage|p2a: Landorus|82/100
|-damage|p1a: Barraskewda|84/100|[from] item: Rocky Helmet|[of] p2a: Landorus
|-damage|p1a: Barraskewda|74/100|[from] item: Life Orb
|
|t:|1760414996
|switch|p1a: Pelipper|Pelipper, M|65/100|[from] Flip Turn
|move|p2a: Landorus|Earthquake|p1a: Pelipper
|-immune|p1a: Pelipper
|
|-weather|RainDance|[upkeep]
|upkeep
|turn|8
|
|t:|1760415006
|move|p2a: Landorus|Stealth Rock|p1a: Pelipper
|-sidestart|p1: IKIGAI ROAD 34|move: Stealth Rock
|move|p1a: Pelipper|U-turn|p2a: Landorus
|-damage|p2a: Landorus|75/100
|-damage|p1a: Pelipper|48/100|[from] item: Rocky Helmet|[of] p2a: Landorus
|
|t:|1760415009
|switch|p1a: Kilowattrel|Kilowattrel, F|100/100|[from] U-turn
|-damage|p1a: Kilowattrel|76/100|[from] Stealth Rock
|
|-weather|RainDance|[upkeep]
|upkeep
|turn|9
|
|t:|1760415017
|switch|p2a: Latios|Latios, M|100/100
|move|p1a: Kilowattrel|Thunder|p2a: Latios
|-resisted|p2a: Latios
|-damage|p2a: Latios|74/100
|
|-weather|RainDance|[upkeep]
|upkeep
|turn|10
|
|t:|1760415030
|switch|p1a: Empoleon|Empoleon, F|71/100
|-damage|p1a: Empoleon|64/100|[from] Stealth Rock
|move|p2a: Latios|Draco Meteor|p1a: Empoleon
|-resisted|p1a: Empoleon
|-damage|p1a: Empoleon|43/100
|-unboost|p2a: Latios|spa|2
|
|-weather|RainDance|[upkeep]
|upkeep
|turn|11
|
|t:|1760415042
|switch|p2a: Landorus|Landorus-Therian, M, tera:Water|75/100
|-ability|p2a: Landorus|Intimidate|boost
|-unboost|p1a: Empoleon|atk|1
|-ability|p1a: Empoleon|Competitive|boost
|-boost|p1a: Empoleon|spa|2
|move|p1a: Empoleon|Flip Turn|p2a: Landorus
|-resisted|p2a: Landorus
|-damage|p2a: Landorus|68/100
|-damage|p1a: Empoleon|26/100|[from] item: Rocky Helmet|[of] p2a: Landorus
|
|t:|1760415056
|switch|p1a: Kilowattrel|Kilowattrel, F|76/100|[from] Flip Turn
|-damage|p1a: Kilowattrel|51/100|[from] Stealth Rock
|
|-weather|none
|upkeep
|turn|12
|
|t:|1760415063
|switch|p2a: Latios|Latios, M|74/100
|move|p1a: Kilowattrel|Volt Switch|p2a: Latios
|-resisted|p2a: Latios
|-damage|p2a: Latios|56/100
|
|t:|1760415075
|switch|p1a: Pelipper|Pelipper, M|48/100|[from] Volt Switch
|-damage|p1a: Pelipper|23/100|[from] Stealth Rock
|-weather|RainDance|[from] ability: Drizzle|[of] p1a: Pelipper
|
|-weather|RainDance|[upkeep]
|upkeep
|turn|13
|
|t:|1760415084
|move|p2a: Latios|Luster Purge|p1a: Pelipper
|-damage|p1a: Pelipper|0 fnt
|faint|p1a: Pelipper
|
|-weather|RainDance|[upkeep]
|upkeep
|
|t:|1760415089
|switch|p1a: Basculegion|Basculegion-F, F|42/100
|-damage|p1a: Basculegion|29/100|[from] Stealth Rock
|turn|14
|
|t:|1760415099
|switch|p2a: Kingambit|Kingambit, F|100/100
|-activate|p2a: Kingambit|ability: Supreme Overlord
|-start|p2a: Kingambit|fallen1|[silent]
|move|p1a: Basculegion|Shadow Ball|p2a: Kingambit
|-resisted|p2a: Kingambit
|-damage|p2a: Kingambit|79/100
|
|-weather|RainDance|[upkeep]
|-heal|p2a: Kingambit|85/100|[from] item: Leftovers
|upkeep
|turn|15
|
|t:|1760415104
|move|p2a: Kingambit|Sucker Punch|p1a: Basculegion
|-supereffective|p1a: Basculegion
|-damage|p1a: Basculegion|0 fnt
|faint|p1a: Basculegion
|
|-weather|RainDance|[upkeep]
|-heal|p2a: Kingambit|91/100|[from] item: Leftovers
|upkeep
|
|t:|1760415111
|switch|p1a: Rillaboom|Rillaboom, F|100/100
|-damage|p1a: Rillaboom|88/100|[from] Stealth Rock
|-fieldstart|move: Grassy Terrain|[from] ability: Grassy Surge|[of] p1a: Rillaboom
|turn|16
|
|t:|1760415119
|-end|p2a: Kingambit|fallen1|[silent]
|switch|p2a: Landorus|Landorus-Therian, M, tera:Water|68/100
|-ability|p2a: Landorus|Intimidate|boost
|-unboost|p1a: Rillaboom|atk|1
|move|p1a: Rillaboom|U-turn|p2a: Landorus
|-crit|p2a: Landorus
|-damage|p2a: Landorus|35/100
|-damage|p1a: Rillaboom|72/100|[from] item: Rocky Helmet|[of] p2a: Landorus
|
|t:|1760415123
|switch|p1a: Kilowattrel|Kilowattrel, F|51/100|[from] U-turn
|-damage|p1a: Kilowattrel|26/100|[from] Stealth Rock
|
|-weather|RainDance|[upkeep]
|-heal|p2a: Landorus|41/100|[from] Grassy Terrain
|upkeep
|turn|17
|
|t:|1760415129
|move|p1a: Kilowattrel|Thunder|p2a: Landorus
|-supereffective|p2a: Landorus
|-damage|p2a: Landorus|0 fnt
|faint|p2a: Landorus
|
|-weather|RainDance|[upkeep]
|upkeep
|
|t:|1760415133
|switch|p2a: Scizor|Scizor, M|100/100
|turn|18
|
|t:|1760415142
|switch|p1a: Empoleon|Empoleon, F|26/100
|-damage|p1a: Empoleon|20/100|[from] Stealth Rock
|move|p2a: Scizor|Bullet Punch|p1a: Empoleon
|-resisted|p1a: Empoleon
|-crit|p1a: Empoleon
|-damage|p1a: Empoleon|8/100
|
|-weather|RainDance|[upkeep]
|-heal|p1a: Empoleon|14/100|[from] Grassy Terrain
|upkeep
|turn|19
|
|t:|1760415156
|move|p2a: Scizor|Close Combat|p1a: Empoleon
|-supereffective|p1a: Empoleon
|-damage|p1a: Empoleon|0 fnt
|-unboost|p2a: Scizor|def|1
|-unboost|p2a: Scizor|spd|1
|faint|p1a: Empoleon
|
|-weather|none
|upkeep
|
|t:|1760415165
|switch|p1a: Barraskewda|Barraskewda, M|74/100
|-damage|p1a: Barraskewda|62/100|[from] Stealth Rock
|turn|20
|
|t:|1760415174
|switch|p2a: Kingambit|Kingambit, F|91/100
|-activate|p2a: Kingambit|ability: Supreme Overlord
|-start|p2a: Kingambit|fallen2|[silent]
|move|p1a: Barraskewda|Liquidation|p2a: Kingambit
|-damage|p2a: Kingambit|35/100
|-damage|p1a: Barraskewda|52/100|[from] item: Life Orb
|
|-heal|p1a: Barraskewda|58/100|[from] Grassy Terrain
|-heal|p2a: Kingambit|41/100|[from] Grassy Terrain
|-heal|p2a: Kingambit|47/100|[from] item: Leftovers
|upkeep
|turn|21
|inactive|IKIGAI ROAD 34 has 120 seconds left.
|inactive|IKIGAI ROAD 34 has 90 seconds left.
|inactive|IKIGAI ROAD 34 has 60 seconds left.
|c|☆gfdvshtfkutyil|come on man
|inactive|IKIGAI ROAD 34 has 30 seconds left.
|inactive|IKIGAI ROAD 34 has 20 seconds left.
|inactive|IKIGAI ROAD 34 has 15 seconds left.
|inactive|IKIGAI ROAD 34 has 10 seconds left.
|inactive|IKIGAI ROAD 34 has 5 seconds left.
|-message|IKIGAI ROAD 34 lost due to inactivity.
|
|win|gfdvshtfkutyil
|raw|IKIGAI ROAD 34's rating: 1202 &rarr; <strong>1181</strong><br />(-21 for losing)
|raw|gfdvshtfkutyil's rating: 1258 &rarr; <strong>1279</strong><br />(+21 for winning)
|l|☆gfdvshtfkutyil
|player|p2|
|l|☆IKIGAI ROAD 34
|player|p1|
