|j|☆ShrimpFood
|j|☆rabbit450
|t:|1760378176
|gametype|singles
|player|p1|ShrimpFood|266|1057
|player|p2|rabbit450|101|1046
|gen|9
|tier|[Gen 9] OU
|rated|
|rule|HP Percentage Mod: HP is shown in percentages
|rule|Endless Battle Clause: Forcing endless battles is banned
|rule|Species Clause: Limit one of each Pokémon
|rule|OHKO Clause: OHKO moves are banned
|rule|Evasion Items Clause: Evasion items are banned
|rule|Evasion Moves Clause: Evasion moves are banned
|rule|Evasion Abilities Clause: Evasion abilities are banned
|rule|Sleep Moves Clause: Sleep-inducing moves are banned
|clearpoke
|poke|p1|Samurott-Hisui, F|
|poke|p1|Mandibuzz, F|
|poke|p1|Meowscarada, F|
|poke|p1|Sableye, F|
|poke|p1|Hydreigon, F|
|poke|p1|Kingambit, M|
|poke|p2|Ninetales-Alola, F|
|poke|p2|Meowscarada, F|
|poke|p2|Corviknight, F|
|poke|p2|Dragonite, M|
|poke|p2|Maushold-Four|
|poke|p2|Ogerpon-Wellspring, F|
|teampreview
|c|☆ShrimpFood|aurora veil?
|
|t:|1760378191
|teamsize|p1|6
|teamsize|p2|6
|start
|switch|p1a: Samurott|Samurott-Hisui, F, shiny|100/100
|switch|p2a: Ninetales|Ninetales-Alola, F|100/100
|-weather|Snowscape|[from] ability: Snow Warning|[of] p2a: Ninetales
|turn|1
|
|t:|1760378203
|move|p2a: Ninetales|Aurora Veil|p2a: Ninetales
|-sidestart|p2: rabbit450|move: Aurora Veil
|move|p1a: Samurott|Ceaseless Edge|p2a: Ninetales
|-resisted|p2a: Ninetales
|-damage|p2a: Ninetales|89/100
|-sidestart|p2: rabbit450|Spikes
|
|-weather|Snowscape|[upkeep]
|upkeep
|turn|2
|
|t:|1760378215
|move|p2a: Ninetales|Blizzard|p1a: Samurott
|-resisted|p1a: Samurott
|-damage|p1a: Samurott|57/100
|move|p1a: Samurott|Encore|p2a: Ninetales
|-start|p2a: Ninetales|Encore
|
|-weather|Snowscape|[upkeep]
|upkeep
|turn|3
|
|t:|1760378223
|-terastallize|p1a: Samurott|Water
|move|p2a: Ninetales|Blizzard|p1a: Samurott
|-resisted|p1a: Samurott
|-damage|p1a: Samurott|12/100
|move|p1a: Samurott|Ceaseless Edge|p2a: Ninetales
|-resisted|p2a: Ninetales
|-damage|p2a: Ninetales|77/100
|-sidestart|p2: rabbit450|Spikes
|
|-weather|Snowscape|[upkeep]
|upkeep
|turn|4
|
|t:|1760378232
|move|p1a: Samurott|Aqua Jet|p2a: Ninetales
|-damage|p2a: Ninetales|66/100
|move|p2a: Ninetales|Blizzard|p1a: Samurott
|-resisted|p1a: Samurott
|-damage|p1a: Samurott|0 fnt
|faint|p1a: Samurott
|
|-weather|Snowscape|[upkeep]
|upkeep
|
|t:|1760378247
|switch|p1a: Sableye|Sableye, F|100/100
|turn|5
|
|t:|1760378266
|-terastallize|p2a: Ninetales|Ice
|move|p1a: Sableye|Will-O-Wisp|p2a: Ninetales
|-status|p2a: Ninetales|brn
|move|p2a: Ninetales|Blizzard|p1a: Sableye
|-damage|p1a: Sableye|19/100
|
|-weather|none
|-heal|p1a: Sableye|25/100|[from] item: Leftovers
|-damage|p2a: Ninetales|60/100 brn|[from] brn
|-end|p2a: Ninetales|Encore
|-sideend|p2: rabbit450|move: Aurora Veil
|upkeep
|turn|6
|
|t:|1760378283
|switch|p1a: Kingambit|Kingambit, M|100/100
|-activate|p1a: Kingambit|ability: Supreme Overlord
|-start|p1a: Kingambit|fallen1|[silent]
|move|p2a: Ninetales|Blizzard|p1a: Kingambit|[miss]
|-miss|p2a: Ninetales|p1a: Kingambit
|
|-damage|p2a: Ninetales|54/100 brn|[from] brn
|upkeep
|turn|7
|
|t:|1760378300
|switch|p2a: Dragonite|Dragonite, M|100/100
|move|p1a: Kingambit|Iron Head|p2a: Dragonite
|-damage|p2a: Dragonite|41/100
|
|upkeep
|turn|8
|
|t:|1760378312
|move|p2a: Dragonite|Fire Punch|p1a: Kingambit
|-supereffective|p1a: Kingambit
|-damage|p1a: Kingambit|49/100
|-damage|p2a: Dragonite|31/100|[from] item: Life Orb
|move|p1a: Kingambit|Kowtow Cleave|p2a: Dragonite
|-damage|p2a: Dragonite|0 fnt
|faint|p2a: Dragonite
|
|upkeep
|
|t:|1760378338
|switch|p2a: Corviknight|Corviknight, F|100/100
|-ability|p2a: Corviknight|Unnerve
|turn|9
|
|t:|1760378347
|move|p2a: Corviknight|Tailwind|p2a: Corviknight
|-sidestart|p2: rabbit450|move: Tailwind
|move|p1a: Kingambit|Kowtow Cleave|p2a: Corviknight
|-damage|p2a: Corviknight|42/100
|
|-heal|p2a: Corviknight|48/100|[from] item: Leftovers
|upkeep
|turn|10
|
|t:|1760378369
|switch|p2a: Ogerpon|Ogerpon-Wellspring, F|100/100
|-damage|p2a: Ogerpon|84/100|[from] Spikes
|move|p1a: Kingambit|Kowtow Cleave|p2a: Ogerpon
|-damage|p2a: Ogerpon|0 fnt
|faint|p2a: Ogerpon
|
|upkeep
|
|t:|1760378378
|switch|p2a: Meowscarada|Meowscarada, F|100/100
|-damage|p2a: Meowscarada|84/100|[from] Spikes
|turn|11
|
|t:|1760378395
|move|p2a: Meowscarada|Flower Trick|p1a: Kingambit
|-start|p2a: Meowscarada|typechange|Grass|[from] ability: Protean
|-resisted|p1a: Kingambit
|-crit|p1a: Kingambit
|-damage|p1a: Kingambit|32/100
|move|p1a: Kingambit|Iron Head|p2a: Meowscarada
|-damage|p2a: Meowscarada|1/100
|
|upkeep
|turn|12
|
|t:|1760378410
|move|p1a: Kingambit|Sucker Punch|p2a: Meowscarada
|-damage|p2a: Meowscarada|0 fnt
|faint|p2a: Meowscarada
|
|-sideend|p2: rabbit450|move: Tailwind
|upkeep
|
|t:|1760378420
|switch|p2a: Ninetales|Ninetales-Alola, F, tera:Ice|54/100 brn
|-damage|p2a: Ninetales|37/100 brn|[from] Spikes
|-weather|Snowscape|[from] ability: Snow Warning|[of] p2a: Ninetales
|turn|13
|
|t:|1760378433
|move|p2a: Ninetales|Blizzard|p1a: Kingambit
|-resisted|p1a: Kingambit
|-damage|p1a: Kingambit|0 fnt
|faint|p1a: Kingambit
|-end|p1a: Kingambit|fallen1|[silent]
|
|-weather|Snowscape|[upkeep]
|-damage|p2a: Ninetales|32/100 brn|[from] brn
|upkeep
|
|t:|1760378444
|switch|p1a: Meowscarada|Meowscarada, F|100/100
|turn|14
|
|t:|1760378455
|switch|p2a: Corviknight|Corviknight, F|48/100
|-ability|p2a: Corviknight|Unnerve
|move|p1a: Meowscarada|Knock Off|p2a: Corviknight
|-start|p1a: Meowscarada|typechange|Dark|[from] ability: Protean
|-damage|p2a: Corviknight|10/100
|-enditem|p2a: Corviknight|Leftovers|[from] move: Knock Off|[of] p1a: Meowscarada
|
|-weather|Snowscape|[upkeep]
|upkeep
|turn|15
|
|t:|1760378466
|move|p1a: Meowscarada|Knock Off|p2a: Corviknight
|-damage|p2a: Corviknight|0 fnt
|faint|p2a: Corviknight
|
|-weather|Snowscape|[upkeep]
|upkeep
|
|t:|1760378474
|switch|p2a: Ninetales|Ninetales-Alola, F, tera:Ice|32/100 brn
|-damage|p2a: Ninetales|15/100 brn|[from] Spikes
|turn|16
|
|t:|1760378481
|move|p1a: Meowscarada|Knock Off|p2a: Ninetales
|-damage|p2a: Ninetales|0 fnt
|-enditem|p2a: Ninetales|Never-Melt Ice|[from] move: Knock Off|[of] p1a: Meowscarada
|faint|p2a: Ninetales
|
|-weather|Snowscape|[upkeep]
|upkeep
|
|t:|1760378486
|switch|p2a: Maushold|Maushold-Four|100/100
|-damage|p2a: Maushold|84/100|[from] Spikes
|turn|17
|
|t:|1760378499
|move|p1a: Meowscarada|Knock Off|p2a: Maushold
|-damage|p2a: Maushold|16/100
|-enditem|p2a: Maushold|Loaded Dice|[from] move: Knock Off|[of] p1a: Meowscarada
|move|p2a: Maushold|Play Rough|p1a: Meowscarada
|-supereffective|p1a: Meowscarada
|-crit|p1a: Meowscarada
|-damage|p1a: Meowscarada|6/100
|
|-weather|none
|upkeep
|turn|18
|
|t:|1760378507
|move|p1a: Meowscarada|Knock Off|p2a: Maushold
|-damage|p2a: Maushold|0 fnt
|faint|p2a: Maushold
|
|win|ShrimpFood
|raw|ShrimpFood's rating: 1057 &rarr; <strong>1087</strong><br />(+30 for winning)
|raw|rabbit450's rating: 1046 &rarr; <strong>1030</strong><br />(-16 for losing)
|l|☆rabbit450
|player|p2|
|c|☆ShrimpFood|gg
