|j|‽Morthill
|j|☆Luketheidiot
|t:|1760340481
|gametype|singles
|player|p1|Morthill|266|1256
|player|p2|Luketheidiot|iris-gen5bw2|1200
|gen|9
|tier|[Gen 9] OU
|rated|
|rule|HP Percentage Mod: HP is shown in percentages
|rule|Endless Battle Clause: Forcing endless battles is banned
|rule|Species Clause: Limit one of each Pokémon
|rule|OHKO Clause: OHKO moves are banned
|rule|Evasion Items Clause: Evasion items are banned
|rule|Evasion Moves Clause: Evasion moves are banned
|rule|Evasion Abilities Clause: Evasion abilities are banned
|rule|Sleep Moves Clause: Sleep-inducing moves are banned
|clearpoke
|poke|p1|Slowking-Galar, M|
|poke|p1|Ninetales-Alola, F|
|poke|p1|Cetitan, M|
|poke|p1|Frosmoth, M|
|poke|p1|Avalugg, M|
|poke|p1|Kyurem|
|poke|p2|Greninja-*, M|
|poke|p2|Talonflame, M|
|poke|p2|Volcanion|
|poke|p2|Diancie|
|poke|p2|Gogoat, M|
|poke|p2|Florges-Blue, F|
|teampreview
|inactive|Battle timer is ON: inactive players will automatically lose when time's up. (requested by Morthill)
|
|t:|1760340506
|teamsize|p1|6
|teamsize|p2|6
|start
|switch|p1a: Ninetales|Ninetales-Alola, F|100/100
|switch|p2a: Diancie|Diancie|100/100
|-weather|Snowscape|[from] ability: Snow Warning|[of] p1a: Ninetales
|turn|1
|
|t:|1760340517
|move|p1a: Ninetales|Aurora Veil|p1a: Ninetales
|-sidestart|p1: Morthill|move: Aurora Veil
|move|p2a: Diancie|Diamond Storm|p1a: Ninetales
|-supereffective|p1a: Ninetales
|-damage|p1a: Ninetales|66/100
|
|-weather|Snowscape|[upkeep]
|upkeep
|turn|2
|
|t:|1760340545
|switch|p1a: Frosmoth|Frosmoth, M, shiny|100/100
|move|p2a: Diancie|Diamond Storm|p1a: Frosmoth
|-supereffective|p1a: Frosmoth
|-damage|p1a: Frosmoth|14/100
|-boost|p2a: Diancie|def|2
|
|-weather|Snowscape|[upkeep]
|upkeep
|turn|3
|
|t:|1760340561
|-terastallize|p1a: Frosmoth|Ground
|move|p1a: Frosmoth|Giga Drain|p2a: Diancie
|-supereffective|p2a: Diancie
|-damage|p2a: Diancie|51/100
|-heal|p1a: Frosmoth|34/100|[from] drain|[of] p2a: Diancie
|move|p2a: Diancie|Diamond Storm|p1a: Frosmoth
|-resisted|p1a: Frosmoth
|-damage|p1a: Frosmoth|20/100
|-boost|p2a: Diancie|def|2
|
|-weather|Snowscape|[upkeep]
|-heal|p2a: Diancie|57/100|[from] item: Leftovers
|upkeep
|turn|4
|
|t:|1760340577
|move|p1a: Frosmoth|Quiver Dance|p1a: Frosmoth
|-boost|p1a: Frosmoth|spa|1
|-boost|p1a: Frosmoth|spd|1
|-boost|p1a: Frosmoth|spe|1
|move|p2a: Diancie|Amnesia|p2a: Diancie
|-boost|p2a: Diancie|spd|2
|
|-weather|Snowscape|[upkeep]
|-heal|p2a: Diancie|63/100|[from] item: Leftovers
|upkeep
|turn|5
|
|t:|1760340580
|move|p1a: Frosmoth|Giga Drain|p2a: Diancie
|-supereffective|p2a: Diancie
|-damage|p2a: Diancie|30/100
|-heal|p1a: Frosmoth|33/100|[from] drain|[of] p2a: Diancie
|move|p2a: Diancie|Amnesia|p2a: Diancie
|-boost|p2a: Diancie|spd|2
|
|-weather|Snowscape|[upkeep]
|-heal|p2a: Diancie|36/100|[from] item: Leftovers
|-sideend|p1: Morthill|move: Aurora Veil
|upkeep
|turn|6
|
|t:|1760340585
|move|p1a: Frosmoth|Giga Drain|p2a: Diancie
|-supereffective|p2a: Diancie
|-damage|p2a: Diancie|10/100
|-heal|p1a: Frosmoth|44/100|[from] drain|[of] p2a: Diancie
|move|p2a: Diancie|Body Press|p1a: Frosmoth
|-damage|p1a: Frosmoth|0 fnt
|faint|p1a: Frosmoth
|
|-weather|Snowscape|[upkeep]
|-heal|p2a: Diancie|16/100|[from] item: Leftovers
|upkeep
|
|t:|1760340595
|switch|p1a: Cetitan|Cetitan, M, shiny|100/100
|turn|7
|
|t:|1760340603
|move|p1a: Cetitan|Earthquake|p2a: Diancie
|-supereffective|p2a: Diancie
|-damage|p2a: Diancie|0 fnt
|faint|p2a: Diancie
|
|-weather|Snowscape|[upkeep]
|upkeep
|
|t:|1760340610
|switch|p2a: Volcanion|Volcanion|100/100
|turn|8
|
|t:|1760340618
|move|p1a: Cetitan|Earthquake|p2a: Volcanion
|-supereffective|p2a: Volcanion
|-damage|p2a: Volcanion|36/100
|move|p2a: Volcanion|Flamethrower|p1a: Cetitan
|-supereffective|p1a: Cetitan
|-crit|p1a: Cetitan
|-damage|p1a: Cetitan|0 fnt
|faint|p1a: Cetitan
|
|-weather|none
|-heal|p2a: Volcanion|42/100|[from] item: Leftovers
|upkeep
|
|t:|1760340624
|switch|p1a: Ninetales|Ninetales-Alola, F|66/100
|-weather|Snowscape|[from] ability: Snow Warning|[of] p1a: Ninetales
|turn|9
|
|t:|1760340630
|move|p1a: Ninetales|Aurora Veil|p1a: Ninetales
|-sidestart|p1: Morthill|move: Aurora Veil
|move|p2a: Volcanion|Flamethrower|p1a: Ninetales
|-supereffective|p1a: Ninetales
|-damage|p1a: Ninetales|6/100
|
|-weather|Snowscape|[upkeep]
|-heal|p2a: Volcanion|48/100|[from] item: Leftovers
|upkeep
|turn|10
|
|t:|1760340634
|move|p1a: Ninetales|Freeze-Dry|p2a: Volcanion
|-damage|p2a: Volcanion|20/100
|move|p2a: Volcanion|Flamethrower|p1a: Ninetales
|-supereffective|p1a: Ninetales
|-damage|p1a: Ninetales|0 fnt
|faint|p1a: Ninetales
|
|-weather|Snowscape|[upkeep]
|-heal|p2a: Volcanion|26/100|[from] item: Leftovers
|upkeep
|
|t:|1760340640
|switch|p1a: Kyurem|Kyurem|100/100
|-ability|p1a: Kyurem|Pressure
|turn|11
|
|t:|1760340643
|move|p1a: Kyurem|Earth Power|p2a: Volcanion
|-supereffective|p2a: Volcanion
|-damage|p2a: Volcanion|0 fnt
|faint|p2a: Volcanion
|
|-weather|Snowscape|[upkeep]
|upkeep
|
|t:|1760340647
|switch|p2a: Florges|Florges-Blue, F|100/100
|turn|12
|
|t:|1760340650
|move|p1a: Kyurem|Flash Cannon|p2a: Florges
|-supereffective|p2a: Florges
|-damage|p2a: Florges|64/100
|move|p2a: Florges|Moonblast|p1a: Kyurem
|-supereffective|p1a: Kyurem
|-damage|p1a: Kyurem|75/100
|-unboost|p1a: Kyurem|spa|1
|
|-weather|Snowscape|[upkeep]
|-heal|p2a: Florges|70/100|[from] item: Leftovers
|upkeep
|turn|13
|
|t:|1760340657
|switch|p1a: Slowking|Slowking-Galar, M|100/100
|move|p2a: Florges|Moonblast|p1a: Slowking
|-resisted|p1a: Slowking
|-damage|p1a: Slowking|95/100
|-unboost|p1a: Slowking|spa|1
|
|-weather|Snowscape|[upkeep]
|-heal|p2a: Florges|77/100|[from] item: Leftovers
|-sideend|p1: Morthill|move: Aurora Veil
|upkeep
|turn|14
|
|t:|1760340662
|move|p2a: Florges|Protect|p2a: Florges
|-singleturn|p2a: Florges|Protect
|move|p1a: Slowking|Sludge Bomb|p2a: Florges
|-activate|p2a: Florges|move: Protect
|
|-weather|Snowscape|[upkeep]
|-heal|p2a: Florges|83/100|[from] item: Leftovers
|upkeep
|turn|15
|
|t:|1760340667
|move|p2a: Florges|Wish|p2a: Florges
|move|p1a: Slowking|Sludge Bomb|p2a: Florges
|-supereffective|p2a: Florges
|-damage|p2a: Florges|47/100
|-status|p2a: Florges|psn
|
|-weather|Snowscape|[upkeep]
|-heal|p2a: Florges|54/100 psn|[from] item: Leftovers
|-damage|p2a: Florges|41/100 psn|[from] psn
|upkeep
|turn|16
|
|t:|1760340678
|move|p2a: Florges|Moonblast|p1a: Slowking
|-resisted|p1a: Slowking
|-damage|p1a: Slowking|85/100
|move|p1a: Slowking|Psyshock|p2a: Florges
|-damage|p2a: Florges|9/100 psn
|
|-weather|none
|-heal|p2a: Florges|59/100 psn|[from] move: Wish|[wisher] Florges
|-heal|p2a: Florges|65/100 psn|[from] item: Leftovers
|-damage|p2a: Florges|53/100 psn|[from] psn
|upkeep
|turn|17
|
|t:|1760340687
|move|p2a: Florges|Wish|p2a: Florges
|move|p1a: Slowking|Psyshock|p2a: Florges
|-damage|p2a: Florges|17/100 psn
|
|-heal|p2a: Florges|23/100 psn|[from] item: Leftovers
|-damage|p2a: Florges|11/100 psn|[from] psn
|upkeep
|turn|18
|
|t:|1760340694
|move|p2a: Florges|Protect|p2a: Florges
|-singleturn|p2a: Florges|Protect
|move|p1a: Slowking|Psyshock|p2a: Florges
|-activate|p2a: Florges|move: Protect
|
|-heal|p2a: Florges|61/100 psn|[from] move: Wish|[wisher] Florges
|-heal|p2a: Florges|67/100 psn|[from] item: Leftovers
|-damage|p2a: Florges|55/100 psn|[from] psn
|upkeep
|turn|19
|
|t:|1760340701
|move|p2a: Florges|Wish|p2a: Florges
|move|p1a: Slowking|Psyshock|p2a: Florges
|-damage|p2a: Florges|21/100 psn
|
|-heal|p2a: Florges|27/100 psn|[from] item: Leftovers
|-damage|p2a: Florges|15/100 psn|[from] psn
|upkeep
|turn|20
|
|t:|1760340710
|switch|p1a: Kyurem|Kyurem|75/100
|-ability|p1a: Kyurem|Pressure
|move|p2a: Florges|Protect||[still]
|-fail|p2a: Florges
|
|-heal|p2a: Florges|65/100 psn|[from] move: Wish|[wisher] Florges
|-heal|p2a: Florges|71/100 psn|[from] item: Leftovers
|-damage|p2a: Florges|58/100 psn|[from] psn
|upkeep
|turn|21
|
|t:|1760340712
|switch|p1a: Slowking|Slowking-Galar, M|100/100
|move|p2a: Florges|Moonblast|p1a: Slowking
|-resisted|p1a: Slowking
|-damage|p1a: Slowking|88/100
|
|-heal|p2a: Florges|65/100 psn|[from] item: Leftovers
|-damage|p2a: Florges|52/100 psn|[from] psn
|upkeep
|turn|22
|
|t:|1760340719
|move|p2a: Florges|Moonblast|p1a: Slowking
|-resisted|p1a: Slowking
|-damage|p1a: Slowking|78/100
|-unboost|p1a: Slowking|spa|1
|move|p1a: Slowking|Psyshock|p2a: Florges
|-damage|p2a: Florges|20/100 psn
|
|-heal|p2a: Florges|26/100 psn|[from] item: Leftovers
|-damage|p2a: Florges|14/100 psn|[from] psn
|upkeep
|turn|23
|
|t:|1760340728
|move|p2a: Florges|Moonblast|p1a: Slowking
|-resisted|p1a: Slowking
|-damage|p1a: Slowking|67/100
|move|p1a: Slowking|Psyshock|p2a: Florges
|-damage|p2a: Florges|0 fnt
|faint|p2a: Florges
|
|upkeep
|
|t:|1760340733
|switch|p2a: Greninja|Greninja, M|100/100
|turn|24
|
|t:|1760340736
|switch|p1a: Avalugg|Avalugg, M, shiny|100/100
|move|p2a: Greninja|Dark Pulse|p1a: Avalugg
|-damage|p1a: Avalugg|38/100
|
|upkeep
|turn|25
|
|t:|1760340747
|move|p2a: Greninja|Dark Pulse|p1a: Avalugg
|-damage|p1a: Avalugg|0 fnt
|faint|p1a: Avalugg
|-ability|p2a: Greninja|Battle Bond|boost
|-boost|p2a: Greninja|atk|1
|-boost|p2a: Greninja|spa|1
|-boost|p2a: Greninja|spe|1
|-activate|p2a: Greninja|ability: Battle Bond
|
|upkeep
|
|t:|1760340749
|switch|p1a: Kyurem|Kyurem|75/100
|-ability|p1a: Kyurem|Pressure
|turn|26
|
|t:|1760340760
|move|p2a: Greninja|Dark Pulse|p1a: Kyurem
|-damage|p1a: Kyurem|39/100
|move|p1a: Kyurem|Draco Meteor|p2a: Greninja|[miss]
|-miss|p1a: Kyurem|p2a: Greninja
|
|upkeep
|turn|27
|
|t:|1760340766
|move|p2a: Greninja|Dark Pulse|p1a: Kyurem
|-damage|p1a: Kyurem|3/100
|move|p1a: Kyurem|Draco Meteor|p2a: Greninja
|-crit|p2a: Greninja
|-damage|p2a: Greninja|0 fnt
|-unboost|p1a: Kyurem|spa|2
|faint|p2a: Greninja
|
|upkeep
|
|t:|1760340774
|switch|p2a: Talonflame|Talonflame, M|100/100
|turn|28
|
|t:|1760340779
|move|p2a: Talonflame|Brave Bird|p1a: Kyurem
|-damage|p1a: Kyurem|0 fnt
|faint|p1a: Kyurem
|-damage|p2a: Talonflame|99/100|[from] Recoil
|
|upkeep
|
|t:|1760340782
|switch|p1a: Slowking|Slowking-Galar, M|99/100
|turn|29
|
|t:|1760340788
|move|p2a: Talonflame|Brave Bird|p1a: Slowking
|-damage|p1a: Slowking|52/100
|-damage|p2a: Talonflame|79/100|[from] Recoil
|move|p1a: Slowking|Psychic|p2a: Talonflame
|-damage|p2a: Talonflame|4/100
|
|upkeep
|turn|30
|
|t:|1760340800
|move|p2a: Talonflame|Brave Bird|p1a: Slowking
|-damage|p1a: Slowking|1/100
|-damage|p2a: Talonflame|0 fnt|[from] Recoil
|faint|p2a: Talonflame
|move|p1a: Slowking|Sludge Bomb|p2: Talonflame|[notarget]
|-fail|p1a: Slowking
|
|upkeep
|
|t:|1760340803
|switch|p2a: Gogoat|Gogoat, M|100/100
|turn|31
|
|t:|1760340806
|-terastallize|p2a: Gogoat|Ground
|move|p2a: Gogoat|Earthquake|p1a: Slowking
|-supereffective|p1a: Slowking
|-damage|p1a: Slowking|0 fnt
|faint|p1a: Slowking
|
|win|Luketheidiot
|raw|Morthill's rating: 1256 &rarr; <strong>1227</strong><br />(-29 for losing)
|raw|Luketheidiot's rating: 1200 &rarr; <strong>1229</strong><br />(+29 for winning)
|l|‽Morthill
|player|p1|
|l|☆Luketheidiot
|player|p2|
