|j|☆Bug Keeper Beavis
|j|☆adaii
|t:|1760331916
|gametype|singles
|player|p1|Bug Keeper Beavis|pokemonbreeder-gen4|1127
|player|p2|adaii|caitlin|1077
|gen|9
|tier|[Gen 9] OU
|rated|
|rule|HP Percentage Mod: HP is shown in percentages
|rule|Endless Battle Clause: Forcing endless battles is banned
|rule|Species Clause: Limit one of each Pokémon
|rule|OHKO Clause: OHKO moves are banned
|rule|Evasion Items Clause: Evasion items are banned
|rule|Evasion Moves Clause: Evasion moves are banned
|rule|Evasion Abilities Clause: Evasion abilities are banned
|rule|Sleep Moves Clause: Sleep-inducing moves are banned
|clearpoke
|poke|p1|Araquanid, F|
|poke|p1|Scizor, M|
|poke|p1|Gholdengo|
|poke|p1|Lokix, F|
|poke|p1|Heracross, M|
|poke|p1|Hatterene, F|
|poke|p2|Sandaconda, M|
|poke|p2|Donphan, L1, M|
|poke|p2|Whimsicott, F|
|poke|p2|Tyranitar, M|
|poke|p2|Deoxys-Speed|
|poke|p2|Magnezone|
|teampreview
|inactive|Battle timer is ON: inactive players will automatically lose when time's up. (requested by adaii)
|
|t:|1760331931
|teamsize|p1|6
|teamsize|p2|6
|start
|switch|p1a: Bug Ranger|Lokix, F|100/100
|switch|p2a: Whimsicott|Whimsicott, F|100/100
|turn|1
|
|t:|1760331938
|move|p2a: Whimsicott|Taunt|p1a: Bug Ranger
|-hint|Since gen 7, Dark is immune to Prankster moves.
|-immune|p1a: Bug Ranger
|move|p1a: Bug Ranger|U-turn|p2a: Whimsicott
|-damage|p2a: Whimsicott|35/100
|
|t:|1760331945
|switch|p1a: Blue Bug|Araquanid, F|100/100|[from] U-turn
|
|upkeep
|turn|2
|
|t:|1760331953
|switch|p1a: Alien Bug|Hatterene, F|100/100
|move|p2a: Whimsicott|Taunt|p1a: Alien Bug
|move|p1a: Alien Bug|Taunt|p2a: Whimsicott|[from] ability: Magic Bounce
|-start|p2a: Whimsicott|move: Taunt
|
|upkeep
|turn|3
|
|t:|1760331957
|switch|p1a: Blue Bug|Araquanid, F|100/100
|move|p2a: Whimsicott|Endeavor|p1a: Blue Bug
|-damage|p1a: Blue Bug|34/100
|
|upkeep
|turn|4
|
|t:|1760331967
|move|p2a: Whimsicott|Endeavor|p1a: Blue Bug
|-immune|p1a: Blue Bug
|move|p1a: Blue Bug|Sticky Web|p2a: Whimsicott
|-sidestart|p2: adaii|move: Sticky Web
|
|upkeep
|turn|5
|
|t:|1760331978
|switch|p2a: Sandaconda|Sandaconda, M|100/100
|-activate|p2a: Sandaconda|move: Sticky Web
|-unboost|p2a: Sandaconda|spe|1
|move|p1a: Blue Bug|Surf|p2a: Sandaconda
|-supereffective|p2a: Sandaconda
|-enditem|p2a: Sandaconda|Focus Sash
|-damage|p2a: Sandaconda|1/100
|-weather|Sandstorm|[from] ability: Sand Spit|[of] p2a: Sandaconda
|
|-weather|Sandstorm|[upkeep]
|-damage|p1a: Blue Bug|28/100|[from] Sandstorm
|upkeep
|turn|6
|
|t:|1760331992
|move|p2a: Sandaconda|Endeavor|p1a: Blue Bug
|-damage|p1a: Blue Bug|1/100
|move|p1a: Blue Bug|Surf|p2a: Sandaconda
|-supereffective|p2a: Sandaconda
|-damage|p2a: Sandaconda|0 fnt
|faint|p2a: Sandaconda
|
|-weather|Sandstorm|[upkeep]
|-damage|p1a: Blue Bug|0 fnt|[from] Sandstorm
|faint|p1a: Blue Bug
|upkeep
|
|t:|1760332013
|switch|p2a: Donphan|Donphan, L1, M|100/100
|switch|p1a: exo skeletal|Scizor, M|100/100
|-activate|p2a: Donphan|move: Sticky Web
|-unboost|p2a: Donphan|spe|1
|turn|7
|inactive|adaii has 120 seconds left.
|
|t:|1760332055
|switch|p1a: Capitalism|Gholdengo|100/100
|-item|p1a: Capitalism|Air Balloon
|move|p2a: Donphan|Endeavor|p1a: Capitalism
|-immune|p1a: Capitalism
|
|-weather|Sandstorm|[upkeep]
|upkeep
|turn|8
|
|t:|1760332068
|switch|p2a: Magnezone|Magnezone|100/100
|-activate|p2a: Magnezone|move: Sticky Web
|-unboost|p2a: Magnezone|spe|1
|move|p1a: Capitalism|Shadow Ball|p2a: Magnezone
|-damage|p2a: Magnezone|51/100
|
|-weather|Sandstorm|[upkeep]
|-heal|p2a: Magnezone|58/100|[from] item: Leftovers
|upkeep
|turn|9
|inactive|adaii has 120 seconds left.
|
|t:|1760332084
|move|p1a: Capitalism|Focus Blast|p2a: Magnezone
|-supereffective|p2a: Magnezone
|-damage|p2a: Magnezone|0 fnt
|faint|p2a: Magnezone
|
|-weather|none
|upkeep
|-message|adaii forfeited.
|
|win|Bug Keeper Beavis
|raw|Bug Keeper Beavis's rating: 1127 &rarr; <strong>1148</strong><br />(+21 for winning)
|raw|adaii's rating: 1077 &rarr; <strong>1059</strong><br />(-18 for losing)
|l|☆adaii
|player|p2|
|l|☆Bug Keeper Beavis
|player|p1|
