|j|☆nrkjr45
|j|☆Khinelalalala
|t:|1760320591
|gametype|singles
|player|p1|nrkjr45|volkner|1417
|player|p2|Khinelalalala|265|1459
|gen|9
|tier|[Gen 9] OU
|rated|
|rule|HP Percentage Mod: HP is shown in percentages
|rule|Endless Battle Clause: Forcing endless battles is banned
|rule|Species Clause: Limit one of each Pokémon
|rule|OHKO Clause: OHKO moves are banned
|rule|Evasion Items Clause: Evasion items are banned
|rule|Evasion Moves Clause: Evasion moves are banned
|rule|Evasion Abilities Clause: Evasion abilities are banned
|rule|Sleep Moves Clause: Sleep-inducing moves are banned
|clearpoke
|poke|p1|Jirachi|
|poke|p1|Maushold-Four|
|poke|p1|Primarina, M|
|poke|p1|Iron Crown|
|poke|p1|Garganacl, M|
|poke|p1|Landorus-Therian, M|
|poke|p2|Pelipper, F|
|poke|p2|Barraskewda, M|
|poke|p2|Azumarill, F|
|poke|p2|Zapdos|
|poke|p2|Iron Treads|
|poke|p2|Manaphy|
|teampreview
|
|t:|1760320602
|teamsize|p1|6
|teamsize|p2|6
|start
|switch|p1a: Jirachi|Jirachi|100/100
|switch|p2a: Pelipper|Pelipper, F|100/100
|-weather|RainDance|[from] ability: Drizzle|[of] p2a: Pelipper
|turn|1
|inactive|Battle timer is ON: inactive players will automatically lose when time's up. (requested by nrkjr45)
|
|t:|1760320607
|switch|p2a: Iron Treads|Iron Treads|100/100
|move|p1a: Jirachi|Body Slam|p2a: Iron Treads
|-resisted|p2a: Iron Treads
|-damage|p2a: Iron Treads|93/100
|-status|p2a: Iron Treads|par
|
|-weather|RainDance|[upkeep]
|-heal|p2a: Iron Treads|99/100 par|[from] item: Leftovers
|upkeep
|turn|2
|
|t:|1760320616
|switch|p1a: Landorus|Landorus-Therian, M|100/100
|-ability|p1a: Landorus|Intimidate|boost
|-unboost|p2a: Iron Treads|atk|1
|cant|p2a: Iron Treads|par
|
|-weather|RainDance|[upkeep]
|-heal|p2a: Iron Treads|100/100 par|[from] item: Leftovers
|upkeep
|turn|3
|
|t:|1760320623
|-end|p2a: Iron Treads|Quark Drive|[silent]
|switch|p2a: Zapdos|Zapdos|100/100
|move|p1a: Landorus|U-turn|p2a: Zapdos
|-resisted|p2a: Zapdos
|-damage|p2a: Zapdos|85/100
|
|t:|1760320630
|switch|p1a: Garganacl|Garganacl, M|100/100|[from] U-turn
|
|-weather|RainDance|[upkeep]
|upkeep
|turn|4
|
|t:|1760320633
|move|p2a: Zapdos|Weather Ball|p1a: Garganacl
|-supereffective|p1a: Garganacl
|-damage|p1a: Garganacl|14/100
|-damage|p2a: Zapdos|75/100|[from] item: Life Orb
|move|p1a: Garganacl|Salt Cure|p2a: Zapdos
|-supereffective|p2a: Zapdos
|-damage|p2a: Zapdos|43/100
|-start|p2a: Zapdos|Salt Cure
|
|-weather|RainDance|[upkeep]
|-heal|p1a: Garganacl|21/100|[from] item: Leftovers
|-damage|p2a: Zapdos|31/100|[from] Salt Cure
|upkeep
|turn|5
|
|t:|1760320645
|move|p1a: Garganacl|Protect|p1a: Garganacl
|-singleturn|p1a: Garganacl|Protect
|move|p2a: Zapdos|Thunder|p1a: Garganacl
|-activate|p1a: Garganacl|move: Protect
|
|-weather|RainDance|[upkeep]
|-heal|p1a: Garganacl|27/100|[from] item: Leftovers
|-damage|p2a: Zapdos|18/100|[from] Salt Cure
|upkeep
|turn|6
|
|t:|1760320659
|move|p2a: Zapdos|Weather Ball|p1a: Garganacl
|-supereffective|p1a: Garganacl
|-damage|p1a: Garganacl|0 fnt
|faint|p1a: Garganacl
|-damage|p2a: Zapdos|8/100|[from] item: Life Orb
|
|-weather|RainDance|[upkeep]
|-damage|p2a: Zapdos|0 fnt|[from] Salt Cure
|faint|p2a: Zapdos
|upkeep
|
|t:|1760320669
|switch|p2a: Manaphy|Manaphy|100/100
|switch|p1a: Jirachi|Jirachi|100/100
|turn|7
|
|t:|1760320677
|move|p1a: Jirachi|Body Slam|p2a: Manaphy
|-damage|p2a: Manaphy|75/100
|-status|p2a: Manaphy|par
|move|p2a: Manaphy|Tail Glow|p2a: Manaphy
|-boost|p2a: Manaphy|spa|3
|
|-weather|RainDance|[upkeep]
|-activate|p2a: Manaphy|ability: Hydration
|-curestatus|p2a: Manaphy|par|[msg]
|-heal|p2a: Manaphy|81/100|[from] item: Leftovers
|upkeep
|turn|8
|
|t:|1760320688
|switch|p1a: Maushold|Maushold-Four|100/100
|move|p2a: Manaphy|Surf|p1a: Maushold
|-damage|p1a: Maushold|0 fnt
|faint|p1a: Maushold
|
|-weather|none
|-heal|p2a: Manaphy|87/100|[from] item: Leftovers
|upkeep
|
|t:|1760320693
|switch|p1a: Primarina|Primarina, M|100/100
|turn|9
|
|t:|1760320695
|move|p2a: Manaphy|Energy Ball|p1a: Primarina
|-supereffective|p1a: Primarina
|-damage|p1a: Primarina|0 fnt
|faint|p1a: Primarina
|
|-heal|p2a: Manaphy|93/100|[from] item: Leftovers
|upkeep
|-message|nrkjr45 forfeited.
|
|win|Khinelalalala
|raw|nrkjr45's rating: 1417 &rarr; <strong>1399</strong><br />(-18 for losing)
|raw|Khinelalalala's rating: 1459 &rarr; <strong>1477</strong><br />(+18 for winning)
|l|☆nrkjr45
|player|p1|
|l|☆Khinelalalala
|player|p2|
