|j|‽Morthill
|j|☆Eclair_Dios__Mio
|t:|1760408114
|gametype|singles
|player|p1|Morthill|265|1317
|player|p2|Eclair_Dios__Mio|miku-psychic|1333
|gen|9
|tier|[Gen 9] OU
|rated|
|rule|HP Percentage Mod: HP is shown in percentages
|rule|Endless Battle Clause: Forcing endless battles is banned
|rule|Species Clause: Limit one of each Pokémon
|rule|OHKO Clause: OHKO moves are banned
|rule|Evasion Items Clause: Evasion items are banned
|rule|Evasion Moves Clause: Evasion moves are banned
|rule|Evasion Abilities Clause: Evasion abilities are banned
|rule|Sleep Moves Clause: Sleep-inducing moves are banned
|clearpoke
|poke|p1|Slowking-Galar, M|
|poke|p1|Ninetales-Alola, F|
|poke|p1|Cetitan, M|
|poke|p1|Frosmoth, M|
|poke|p1|Avalugg, M|
|poke|p1|Kyurem|
|poke|p2|Salamence, F|
|poke|p2|Raging Bolt|
|poke|p2|Iron Treads|
|poke|p2|Ting-Lu|
|poke|p2|Gholdengo|
|poke|p2|Zamazenta-*|
|teampreview
|inactive|Battle timer is ON: inactive players will automatically lose when time's up. (requested by Morthill)
|inactive|Eclair_Dios__Mio has 120 seconds left.
|
|t:|1760408155
|teamsize|p1|6
|teamsize|p2|6
|start
|switch|p1a: Ninetales|Ninetales-Alola, F|100/100
|switch|p2a: Riri|Salamence, F|100/100
|-weather|Snowscape|[from] ability: Snow Warning|[of] p1a: Ninetales
|-ability|p2a: Riri|Intimidate|boost
|-unboost|p1a: Ninetales|atk|1
|turn|1
|inactive|Morthill has 120 seconds left.
|
|t:|1760408197
|-terastallize|p2a: Riri|Fairy
|move|p1a: Ninetales|Moonblast|p2a: Riri
|-damage|p2a: Riri|59/100
|move|p2a: Riri|Rain Dance|p2a: Riri
|-weather|RainDance
|
|-weather|RainDance|[upkeep]
|upkeep
|turn|2
|
|t:|1760408213
|switch|p1a: Avalugg|Avalugg, M, shiny|100/100
|move|p2a: Riri|Hydro Pump|p1a: Avalugg
|-damage|p1a: Avalugg|21/100
|
|-weather|RainDance|[upkeep]
|upkeep
|turn|3
|inactive|Morthill has 120 seconds left.
|
|t:|1760408223
|switch|p1a: Ninetales|Ninetales-Alola, F|100/100
|-weather|Snowscape|[from] ability: Snow Warning|[of] p1a: Ninetales
|move|p2a: Riri|Hydro Pump|p1a: Ninetales
|-damage|p1a: Ninetales|58/100
|
|-weather|Snowscape|[upkeep]
|upkeep
|turn|4
|
|t:|1760408236
|switch|p2a: Gholdengo|Gholdengo|100/100
|-item|p2a: Gholdengo|Air Balloon
|move|p1a: Ninetales|Freeze-Dry|p2a: Gholdengo
|-resisted|p2a: Gholdengo
|-damage|p2a: Gholdengo|88/100
|-enditem|p2a: Gholdengo|Air Balloon
|
|-weather|Snowscape|[upkeep]
|upkeep
|turn|5
|
|t:|1760408245
|switch|p1a: Slowking|Slowking-Galar, M|100/100
|move|p2a: Gholdengo|Make It Rain|p1a: Slowking
|-damage|p1a: Slowking|68/100
|-unboost|p2a: Gholdengo|spa|1
|
|-weather|Snowscape|[upkeep]
|upkeep
|turn|6
|
|t:|1760408256
|switch|p2a: Ting-Lu|Ting-Lu|100/100
|-ability|p2a: Ting-Lu|Vessel of Ruin
|move|p1a: Slowking|Flamethrower|p2a: Ting-Lu
|-damage|p2a: Ting-Lu|83/100
|
|-weather|Snowscape|[upkeep]
|upkeep
|turn|7
|
|t:|1760408272
|switch|p1a: Cetitan|Cetitan, M, shiny|100/100
|move|p2a: Ting-Lu|Stealth Rock|p1a: Cetitan
|-sidestart|p1: Morthill|move: Stealth Rock
|
|-weather|Snowscape|[upkeep]
|upkeep
|turn|8
|
|t:|1760408279
|switch|p2a: Zamazenta|Zamazenta|100/100
|-ability|p2a: Zamazenta|Dauntless Shield|boost
|-boost|p2a: Zamazenta|def|1
|-terastallize|p1a: Cetitan|Fighting
|move|p1a: Cetitan|Superpower|p2a: Zamazenta
|-damage|p2a: Zamazenta|71/100
|-unboost|p1a: Cetitan|atk|1
|-unboost|p1a: Cetitan|def|1
|
|-weather|Snowscape|[upkeep]
|-heal|p2a: Zamazenta|77/100|[from] item: Leftovers
|upkeep
|turn|9
|
|t:|1760408297
|switch|p1a: Slowking|Slowking-Galar, M|100/100
|-damage|p1a: Slowking|88/100|[from] Stealth Rock
|move|p2a: Zamazenta|Iron Defense|p2a: Zamazenta
|-boost|p2a: Zamazenta|def|2
|
|-weather|Snowscape|[upkeep]
|-heal|p2a: Zamazenta|83/100|[from] item: Leftovers
|upkeep
|turn|10
|
|t:|1760408309
|move|p1a: Slowking|Psychic|p2a: Zamazenta
|-supereffective|p2a: Zamazenta
|-damage|p2a: Zamazenta|0 fnt
|faint|p2a: Zamazenta
|
|-weather|none
|upkeep
|
|t:|1760408320
|switch|p2a: Ting-Lu|Ting-Lu|83/100
|-ability|p2a: Ting-Lu|Vessel of Ruin
|turn|11
|
|t:|1760408327
|move|p2a: Ting-Lu|Payback|p1a: Slowking
|-supereffective|p1a: Slowking
|-damage|p1a: Slowking|39/100
|move|p1a: Slowking|Sludge Bomb|p2a: Ting-Lu
|-resisted|p2a: Ting-Lu
|-damage|p2a: Ting-Lu|70/100
|
|upkeep
|turn|12
|
|t:|1760408339
|switch|p1a: Ninetales|Ninetales-Alola, F|58/100
|-damage|p1a: Ninetales|33/100|[from] Stealth Rock
|-weather|Snowscape|[from] ability: Snow Warning|[of] p1a: Ninetales
|move|p2a: Ting-Lu|Earthquake|p1a: Ninetales
|-damage|p1a: Ninetales|0 fnt
|faint|p1a: Ninetales
|
|-weather|Snowscape|[upkeep]
|upkeep
|
|t:|1760408348
|switch|p1a: Cetitan|Cetitan, M, shiny, tera:Fighting|100/100
|-damage|p1a: Cetitan|94/100|[from] Stealth Rock
|turn|13
|
|t:|1760408373
|switch|p2a: Gholdengo|Gholdengo|88/100
|move|p1a: Cetitan|Belly Drum|p1a: Cetitan
|-damage|p1a: Cetitan|44/100
|-setboost|p1a: Cetitan|atk|6|[from] move: Belly Drum
|-enditem|p1a: Cetitan|Sitrus Berry|[eat]
|-heal|p1a: Cetitan|69/100|[from] item: Sitrus Berry
|
|-weather|Snowscape|[upkeep]
|upkeep
|turn|14
|
|t:|1760408380
|move|p1a: Cetitan|Earthquake|p2a: Gholdengo
|-supereffective|p2a: Gholdengo
|-damage|p2a: Gholdengo|0 fnt
|faint|p2a: Gholdengo
|
|-weather|Snowscape|[upkeep]
|upkeep
|
|t:|1760408387
|switch|p2a: Raging Bolt|Raging Bolt|100/100
|-enditem|p2a: Raging Bolt|Booster Energy
|-activate|p2a: Raging Bolt|ability: Protosynthesis|[fromitem]
|-start|p2a: Raging Bolt|protosynthesisspa
|turn|15
|
|t:|1760408390
|move|p1a: Cetitan|Ice Shard|p2a: Raging Bolt
|-supereffective|p2a: Raging Bolt
|-damage|p2a: Raging Bolt|0 fnt
|faint|p2a: Raging Bolt
|-end|p2a: Raging Bolt|Protosynthesis|[silent]
|
|-weather|Snowscape|[upkeep]
|upkeep
|
|t:|1760408395
|switch|p2a: Iron Treads|Iron Treads|100/100
|-enditem|p2a: Iron Treads|Booster Energy
|-activate|p2a: Iron Treads|ability: Quark Drive|[fromitem]
|-start|p2a: Iron Treads|quarkdrivespe
|turn|16
|
|t:|1760408402
|move|p1a: Cetitan|Earthquake|p2a: Iron Treads
|-supereffective|p2a: Iron Treads
|-damage|p2a: Iron Treads|0 fnt
|faint|p2a: Iron Treads
|-end|p2a: Iron Treads|Quark Drive|[silent]
|
|-weather|Snowscape|[upkeep]
|upkeep
|
|t:|1760408408
|switch|p2a: Riri|Salamence, F, tera:Fairy|59/100
|-ability|p2a: Riri|Intimidate|boost
|-unboost|p1a: Cetitan|atk|1
|turn|17
|
|t:|1760408415
|move|p1a: Cetitan|Earthquake|p2a: Riri
|-damage|p2a: Riri|0 fnt
|faint|p2a: Riri
|
|-weather|Snowscape|[upkeep]
|upkeep
|-message|Eclair_Dios__Mio forfeited.
|
|win|Morthill
|raw|Morthill's rating: 1317 &rarr; <strong>1338</strong><br />(+21 for winning)
|raw|Eclair_Dios__Mio's rating: 1333 &rarr; <strong>1312</strong><br />(-21 for losing)
|l|☆Eclair_Dios__Mio
|player|p2|
|l|‽Morthill
|player|p1|
