|j|☆ScraftyTheSkelepun
|j|☆waadows
|t:|1760455034
|gametype|singles
|player|p1|ScraftyTheSkelepun|veteran|1089
|player|p2|waadows|colress|1081
|gen|9
|tier|[Gen 9] OU
|rated|
|rule|HP Percentage Mod: HP is shown in percentages
|rule|Endless Battle Clause: Forcing endless battles is banned
|rule|Species Clause: Limit one of each Pokémon
|rule|OHKO Clause: OHKO moves are banned
|rule|Evasion Items Clause: Evasion items are banned
|rule|Evasion Moves Clause: Evasion moves are banned
|rule|Evasion Abilities Clause: Evasion abilities are banned
|rule|Sleep Moves Clause: Sleep-inducing moves are banned
|clearpoke
|poke|p1|Kingambit, F|
|poke|p1|Zoroark, M|
|poke|p1|Darkrai|
|poke|p1|Moltres-Galar|
|poke|p1|Scrafty, F|
|poke|p1|Mandibuzz, F|
|poke|p2|Tornadus-Therian, M|
|poke|p2|Cyclizar, M|
|poke|p2|Thundurus-Therian, M|
|poke|p2|Grimmsnarl, M|
|poke|p2|Alomomola, F|
|poke|p2|Jirachi|
|teampreview
|inactive|Battle timer is ON: inactive players will automatically lose when time's up. (requested by waadows)
|
|t:|1760455041
|teamsize|p1|6
|teamsize|p2|6
|start
|switch|p1a: Mandibuzz|Mandibuzz, F|100/100
|switch|p2a: iPad Kid|Grimmsnarl, M, shiny|100/100
|turn|1
|
|t:|1760455048
|move|p2a: iPad Kid|Light Screen|p2a: iPad Kid
|-sidestart|p2: waadows|move: Light Screen
|move|p1a: Mandibuzz|Tailwind|p1a: Mandibuzz
|-sidestart|p1: ScraftyTheSkelepun|move: Tailwind
|
|upkeep
|turn|2
|
|t:|1760455053
|move|p2a: iPad Kid|Reflect|p2a: iPad Kid
|-sidestart|p2: waadows|Reflect
|move|p1a: Mandibuzz|Toxic|p2a: iPad Kid
|-status|p2a: iPad Kid|tox
|
|-damage|p2a: iPad Kid|94/100 tox|[from] psn
|upkeep
|turn|3
|
|t:|1760455060
|switch|p2a: Yummy Lightning|Thundurus-Therian, M, shiny|100/100
|move|p1a: Mandibuzz|U-turn|p2a: Yummy Lightning
|-resisted|p2a: Yummy Lightning
|-damage|p2a: Yummy Lightning|96/100
|
|t:|1760455066
|switch|p1a: Darkrai|Darkrai|100/100|[from] U-turn
|
|-heal|p2a: Yummy Lightning|100/100|[from] item: Leftovers
|upkeep
|turn|4
|
|t:|1760455073
|-terastallize|p2a: Yummy Lightning|Fighting
|move|p1a: Darkrai|Ice Beam|p2a: Yummy Lightning
|-damage|p2a: Yummy Lightning|74/100
|-damage|p1a: Darkrai|91/100|[from] item: Life Orb
|move|p2a: Yummy Lightning|Tera Blast|p1a: Darkrai|[anim] Tera Blast Fighting
|-supereffective|p1a: Darkrai
|-damage|p1a: Darkrai|0 fnt
|faint|p1a: Darkrai
|
|-heal|p2a: Yummy Lightning|80/100|[from] item: Leftovers
|-sideend|p1: ScraftyTheSkelepun|move: Tailwind
|upkeep
|
|t:|1760455085
|switch|p1a: Moltres|Moltres-Galar|100/100
|turn|5
|
|t:|1760455088
|-terastallize|p1a: Moltres|Flying
|move|p2a: Yummy Lightning|Thunderbolt|p1a: Moltres
|-supereffective|p1a: Moltres
|-damage|p1a: Moltres|10/100
|-ability|p1a: Moltres|Berserk|boost
|-boost|p1a: Moltres|spa|1
|-enditem|p1a: Moltres|Sitrus Berry|[eat]
|-heal|p1a: Moltres|35/100|[from] item: Sitrus Berry
|move|p1a: Moltres|Air Slash|p2a: Yummy Lightning
|-supereffective|p2a: Yummy Lightning
|-damage|p2a: Yummy Lightning|0 fnt
|faint|p2a: Yummy Lightning
|
|upkeep
|
|t:|1760455100
|switch|p2a: Itadori|Cyclizar, M, shiny|100/100
|turn|6
|
|t:|1760455108
|move|p2a: Itadori|Ice Spinner|p1a: Moltres
|-supereffective|p1a: Moltres
|-damage|p1a: Moltres|0 fnt
|faint|p1a: Moltres
|
|upkeep
|
|t:|1760455112
|switch|p1a: Scrafty|Scrafty, F|100/100
|turn|7
|
|t:|1760455116
|move|p2a: Itadori|U-turn|p1a: Scrafty
|-damage|p1a: Scrafty|84/100
|
|t:|1760455120
|switch|p2a: Todo|Tornadus-Therian, M, shiny|100/100|[from] U-turn
|move|p1a: Scrafty|Knock Off|p2a: Todo
|-damage|p2a: Todo|73/100
|-enditem|p2a: Todo|Heavy-Duty Boots|[from] move: Knock Off|[of] p1a: Scrafty
|
|upkeep
|turn|8
|-activate|p1a: Scrafty|item: Quick Claw
|
|t:|1760455133
|move|p1a: Scrafty|Knock Off|p2a: Todo
|-damage|p2a: Todo|53/100
|move|p2a: Todo|Bleakwind Storm|p1a: Scrafty
|-supereffective|p1a: Scrafty
|-damage|p1a: Scrafty|6/100
|
|-sideend|p2: waadows|move: Light Screen
|upkeep
|turn|9
|-activate|p1a: Scrafty|item: Quick Claw
|
|t:|1760455139
|move|p1a: Scrafty|Drain Punch|p2a: Todo
|-resisted|p2a: Todo
|-damage|p2a: Todo|42/100
|-heal|p1a: Scrafty|11/100|[from] drain|[of] p2a: Todo
|move|p2a: Todo|U-turn|p1a: Scrafty
|-crit|p1a: Scrafty
|-damage|p1a: Scrafty|0 fnt
|faint|p1a: Scrafty
|
|t:|1760455145
|switch|p2a: Itadori|Cyclizar, M, shiny|100/100|[from] U-turn
|
|-sideend|p2: waadows|Reflect
|upkeep
|
|t:|1760455150
|switch|p1a: Mandibuzz|Mandibuzz, F|100/100
|turn|10
|
|t:|1760455154
|move|p2a: Itadori|U-turn|p1a: Mandibuzz
|-damage|p1a: Mandibuzz|86/100
|
|t:|1760455159
|switch|p2a: iPad Kid|Grimmsnarl, M, shiny|94/100 tox|[from] U-turn
|move|p1a: Mandibuzz|Tailwind|p1a: Mandibuzz
|-sidestart|p1: ScraftyTheSkelepun|move: Tailwind
|
|-heal|p1a: Mandibuzz|92/100|[from] item: Leftovers
|-damage|p2a: iPad Kid|88/100 tox|[from] psn
|upkeep
|turn|11
|
|t:|1760455165
|move|p2a: iPad Kid|Reflect|p2a: iPad Kid
|-sidestart|p2: waadows|Reflect
|move|p1a: Mandibuzz|U-turn|p2a: iPad Kid
|-damage|p2a: iPad Kid|81/100 tox
|
|t:|1760455168
|switch|p1a: Kingambit|Kingambit, F|100/100|[from] U-turn
|
|-damage|p2a: iPad Kid|69/100 tox|[from] psn
|upkeep
|turn|12
|
|t:|1760455178
|move|p2a: iPad Kid|Light Screen|p2a: iPad Kid
|-sidestart|p2: waadows|move: Light Screen
|move|p1a: Kingambit|Nasty Plot|p1a: Kingambit
|-boost|p1a: Kingambit|spa|2
|
|-damage|p2a: iPad Kid|50/100 tox|[from] psn
|upkeep
|turn|13
|
|t:|1760455187
|switch|p2a: Flippy|Alomomola, F, shiny|100/100
|move|p1a: Kingambit|Nasty Plot|p1a: Kingambit
|-boost|p1a: Kingambit|spa|2
|
|-sideend|p1: ScraftyTheSkelepun|move: Tailwind
|upkeep
|turn|14
|
|t:|1760455196
|move|p1a: Kingambit|Toxic|p2a: Flippy
|-status|p2a: Flippy|tox
|move|p2a: Flippy|Liquidation|p1a: Kingambit
|-damage|p1a: Kingambit|30/100
|-unboost|p1a: Kingambit|def|1
|replace|p1a: Zoroark|Zoroark, M
|-end|p1a: Zoroark|Illusion
|
|-damage|p2a: Flippy|94/100 tox|[from] psn
|upkeep
|turn|15
|
|t:|1760455201
|move|p2a: Flippy|Aqua Jet|p1a: Zoroark
|-damage|p1a: Zoroark|0 fnt
|faint|p1a: Zoroark
|
|-damage|p2a: Flippy|82/100 tox|[from] psn
|upkeep
|
|t:|1760455211
|switch|p1a: Mandibuzz|Mandibuzz, F|92/100
|turn|16
|
|t:|1760455216
|move|p1a: Mandibuzz|Tailwind|p1a: Mandibuzz
|-sidestart|p1: ScraftyTheSkelepun|move: Tailwind
|move|p2a: Flippy|Play Rough|p1a: Mandibuzz
|-supereffective|p1a: Mandibuzz
|-damage|p1a: Mandibuzz|59/100
|
|-heal|p1a: Mandibuzz|66/100|[from] item: Leftovers
|-damage|p2a: Flippy|63/100 tox|[from] psn
|upkeep
|turn|17
|
|t:|1760455220
|move|p1a: Mandibuzz|Foul Play|p2a: Flippy
|-crit|p2a: Flippy
|-damage|p2a: Flippy|18/100 tox
|move|p2a: Flippy|Flip Turn|p1a: Mandibuzz
|-damage|p1a: Mandibuzz|48/100
|
|t:|1760455227
|switch|p2a: Itadori|Cyclizar, M, shiny|100/100|[from] Flip Turn
|
|-heal|p1a: Mandibuzz|55/100|[from] item: Leftovers
|upkeep
|turn|18
|
|t:|1760455233
|move|p1a: Mandibuzz|Foul Play|p2a: Itadori
|-damage|p2a: Itadori|68/100
|move|p2a: Itadori|Ice Spinner|p1a: Mandibuzz
|-supereffective|p1a: Mandibuzz
|-damage|p1a: Mandibuzz|22/100
|
|-heal|p1a: Mandibuzz|29/100|[from] item: Leftovers
|-sideend|p2: waadows|Reflect
|upkeep
|turn|19
|
|t:|1760455240
|move|p1a: Mandibuzz|Tailwind||[still]
|-fail|p1a: Mandibuzz
|move|p2a: Itadori|Ice Spinner|p1a: Mandibuzz
|-supereffective|p1a: Mandibuzz
|-damage|p1a: Mandibuzz|0 fnt
|faint|p1a: Mandibuzz
|
|-sideend|p2: waadows|move: Light Screen
|-sideend|p1: ScraftyTheSkelepun|move: Tailwind
|upkeep
|
|t:|1760455242
|switch|p1a: Kingambit|Kingambit, F|100/100
|-activate|p1a: Kingambit|ability: Supreme Overlord
|-start|p1a: Kingambit|fallen5|[silent]
|turn|20
|
|t:|1760455247
|move|p1a: Kingambit|Sucker Punch|p2a: Itadori
|-damage|p2a: Itadori|0 fnt
|faint|p2a: Itadori
|
|upkeep
|
|t:|1760455250
|switch|p2a: Investment|Jirachi, shiny|100/100
|turn|21
|
|t:|1760455254
|move|p2a: Investment|Thunder Wave|p1a: Kingambit
|-status|p1a: Kingambit|par
|move|p1a: Kingambit|Kowtow Cleave|p2a: Investment
|-supereffective|p2a: Investment
|-damage|p2a: Investment|0 fnt
|faint|p2a: Investment
|
|upkeep
|
|t:|1760455262
|switch|p2a: iPad Kid|Grimmsnarl, M, shiny|50/100 tox
|turn|22
|
|t:|1760455265
|move|p2a: iPad Kid|Reflect|p2a: iPad Kid
|-sidestart|p2: waadows|Reflect
|move|p1a: Kingambit|Iron Head|p2a: iPad Kid
|-supereffective|p2a: iPad Kid
|-damage|p2a: iPad Kid|0 fnt
|faint|p2a: iPad Kid
|
|upkeep
|
|t:|1760455272
|switch|p2a: Todo|Tornadus-Therian, M, shiny|75/100
|turn|23
|
|t:|1760455277
|move|p2a: Todo|U-turn|p1a: Kingambit
|-damage|p1a: Kingambit|90/100 par
|
|t:|1760455279
|switch|p2a: Flippy|Alomomola, F, shiny|51/100 tox|[from] U-turn
|move|p1a: Kingambit|Kowtow Cleave|p2a: Flippy
|-damage|p2a: Flippy|25/100 tox
|
|-damage|p2a: Flippy|18/100 tox|[from] psn
|upkeep
|turn|24
|
|t:|1760455290
|cant|p1a: Kingambit|par
|move|p2a: Flippy|Flip Turn|p1a: Kingambit
|-damage|p1a: Kingambit|73/100 par
|
|t:|1760455294
|switch|p2a: Todo|Tornadus-Therian, M, shiny|100/100|[from] Flip Turn
|
|upkeep
|turn|25
|
|t:|1760455298
|move|p2a: Todo|Chilling Water|p1a: Kingambit
|-damage|p1a: Kingambit|62/100 par
|-unboost|p1a: Kingambit|atk|1
|move|p1a: Kingambit|Kowtow Cleave|p2a: Todo
|-damage|p2a: Todo|65/100
|
|upkeep
|turn|26
|
|t:|1760455303
|move|p2a: Todo|Chilling Water|p1a: Kingambit
|-damage|p1a: Kingambit|52/100 par
|-unboost|p1a: Kingambit|atk|1
|move|p1a: Kingambit|Kowtow Cleave|p2a: Todo
|-damage|p2a: Todo|38/100
|
|upkeep
|turn|27
|
|t:|1760455313
|move|p1a: Kingambit|Sucker Punch|p2a: Todo
|-damage|p2a: Todo|18/100
|move|p2a: Todo|U-turn|p1a: Kingambit
|-damage|p1a: Kingambit|41/100 par
|
|t:|1760455315
|switch|p2a: Flippy|Alomomola, F, shiny|52/100 tox|[from] U-turn
|
|-damage|p2a: Flippy|46/100 tox|[from] psn
|upkeep
|turn|28
|
|t:|1760455320
|move|p2a: Flippy|Flip Turn|p1a: Kingambit
|-crit|p1a: Kingambit
|-damage|p1a: Kingambit|13/100 par
|
|t:|1760455322
|switch|p2a: Todo|Tornadus-Therian, M, shiny|51/100|[from] Flip Turn
|move|p1a: Kingambit|Kowtow Cleave|p2a: Todo
|-damage|p2a: Todo|25/100
|
|upkeep
|turn|29
|
|t:|1760455326
|move|p1a: Kingambit|Sucker Punch|p2a: Todo
|-damage|p2a: Todo|4/100
|move|p2a: Todo|U-turn|p1a: Kingambit
|-damage|p1a: Kingambit|4/100 par
|
|t:|1760455331
|switch|p2a: Flippy|Alomomola, F, shiny|79/100 tox|[from] U-turn
|
|-damage|p2a: Flippy|73/100 tox|[from] psn
|-sideend|p2: waadows|Reflect
|upkeep
|turn|30
|-message|ScraftyTheSkelepun forfeited.
|
|win|waadows
|raw|ScraftyTheSkelepun's rating: 1089 &rarr; <strong>1065</strong><br />(-24 for losing)
|raw|waadows's rating: 1081 &rarr; <strong>1109</strong><br />(+28 for winning)
|l|☆ScraftyTheSkelepun
|player|p1|
|l|☆waadows
|player|p2|
