|j|☆Joel Corona(virus)
|j|☆Ellesime
|t:|1760362436
|gametype|singles
|player|p1|Joel Corona(virus)|1|1064
|player|p2|Ellesime|cheryl|1075
|gen|9
|tier|[Gen 9] OU
|rated|
|rule|HP Percentage Mod: HP is shown in percentages
|rule|Endless Battle Clause: Forcing endless battles is banned
|rule|Species Clause: Limit one of each Pokémon
|rule|OHKO Clause: OHKO moves are banned
|rule|Evasion Items Clause: Evasion items are banned
|rule|Evasion Moves Clause: Evasion moves are banned
|rule|Evasion Abilities Clause: Evasion abilities are banned
|rule|Sleep Moves Clause: Sleep-inducing moves are banned
|clearpoke
|poke|p1|Blastoise, M|
|poke|p1|Greninja-*, M|
|poke|p1|Hawlucha, F|
|poke|p1|Dragonite, M|
|poke|p1|Incineroar, F|
|poke|p1|Snorlax, F|
|poke|p2|Milotic, F|
|poke|p2|Hitmonlee, M|
|poke|p2|Zoroark, F|
|poke|p2|Clawitzer, M|
|poke|p2|Magcargo, M|
|poke|p2|Muk, F|
|teampreview
|inactive|Battle timer is ON: inactive players will automatically lose when time's up. (requested by Joel Corona(virus))
|
|t:|1760362452
|teamsize|p1|6
|teamsize|p2|6
|start
|switch|p1a: Hawlucha|Hawlucha, F|100/100
|switch|p2a: Bob|Muk, F|100/100
|turn|1
|
|t:|1760362473
|move|p2a: Bob|Sludge Bomb|p1a: Hawlucha
|-damage|p1a: Hawlucha|24/100
|move|p1a: Hawlucha|Lunge|p2a: Bob
|-supereffective|p2a: Bob
|-damage|p2a: Bob|2/100
|-unboost|p2a: Bob|atk|1
|replace|p2a: Jeremy|Zoroark, F
|-end|p2a: Jeremy|Illusion
|
|upkeep
|turn|2
|
|t:|1760362484
|switch|p1a: Snorlax|Snorlax, F|100/100
|move|p2a: Jeremy|Sludge Bomb|p1a: Snorlax
|-damage|p1a: Snorlax|81/100
|
|upkeep
|turn|3
|
|t:|1760362493
|move|p2a: Jeremy|Sludge Bomb|p1a: Snorlax
|-damage|p1a: Snorlax|62/100
|move|p1a: Snorlax|Curse|p1a: Snorlax
|-unboost|p1a: Snorlax|spe|1
|-boost|p1a: Snorlax|atk|1
|-boost|p1a: Snorlax|def|1
|
|upkeep
|turn|4
|
|t:|1760362499
|move|p2a: Jeremy|Sludge Bomb|p1a: Snorlax
|-damage|p1a: Snorlax|43/100
|move|p1a: Snorlax|Curse|p1a: Snorlax
|-unboost|p1a: Snorlax|spe|1
|-boost|p1a: Snorlax|atk|1
|-boost|p1a: Snorlax|def|1
|
|upkeep
|turn|5
|
|t:|1760362517
|switch|p2a: Andrew|Hitmonlee, M|100/100
|move|p1a: Snorlax|Rest|p1a: Snorlax
|-status|p1a: Snorlax|slp|[from] move: Rest
|-heal|p1a: Snorlax|100/100 slp|[silent]
|-enditem|p1a: Snorlax|Chesto Berry|[eat]
|-curestatus|p1a: Snorlax|slp|[msg]
|
|upkeep
|turn|6
|
|t:|1760362530
|-terastallize|p1a: Snorlax|Psychic
|move|p2a: Andrew|Stone Edge|p1a: Snorlax|[miss]
|-miss|p2a: Andrew|p1a: Snorlax
|move|p1a: Snorlax|Body Slam|p2a: Andrew
|-enditem|p2a: Andrew|Focus Sash
|-damage|p2a: Andrew|1/100
|-status|p2a: Andrew|par
|
|upkeep
|turn|7
|
|t:|1760362542
|move|p2a: Andrew|Endeavor|p1a: Snorlax
|-damage|p1a: Snorlax|1/100
|move|p1a: Snorlax|Body Slam|p2a: Andrew
|-damage|p2a: Andrew|0 fnt
|faint|p2a: Andrew
|
|upkeep
|
|t:|1760362549
|switch|p2a: Bob|Muk, F|2/100
|turn|8
|
|t:|1760362556
|move|p2a: Bob|Dark Pulse|p1a: Snorlax
|-supereffective|p1a: Snorlax
|-damage|p1a: Snorlax|0 fnt
|faint|p1a: Snorlax
|
|upkeep
|
|t:|1760362560
|switch|p1a: Greninja|Greninja, M|100/100
|turn|9
|
|t:|1760362571
|move|p1a: Greninja|Water Shuriken|p2a: Bob
|-damage|p2a: Bob|0 fnt
|replace|p2a: Jeremy|Zoroark, F
|-end|p2a: Jeremy|Illusion
|faint|p2a: Jeremy
|-ability|p1a: Greninja|Battle Bond|boost
|-boost|p1a: Greninja|atk|1
|-boost|p1a: Greninja|spa|1
|-boost|p1a: Greninja|spe|1
|-activate|p1a: Greninja|ability: Battle Bond
|-hitcount|p2: Jeremy|1
|
|upkeep
|
|t:|1760362580
|switch|p2a: Susan|Milotic, F|100/100
|turn|10
|
|t:|1760362604
|move|p1a: Greninja|Dark Pulse|p2a: Susan
|-damage|p2a: Susan|58/100
|move|p2a: Susan|Aqua Ring|p2a: Susan
|-start|p2a: Susan|Aqua Ring
|
|-heal|p2a: Susan|64/100|[from] item: Leftovers
|-heal|p2a: Susan|70/100|[from] Aqua Ring
|upkeep
|turn|11
|
|t:|1760362613
|move|p1a: Greninja|Dark Pulse|p2a: Susan
|-damage|p2a: Susan|26/100
|move|p2a: Susan|Recover|p2a: Susan
|-heal|p2a: Susan|76/100
|
|-heal|p2a: Susan|82/100|[from] item: Leftovers
|-heal|p2a: Susan|88/100|[from] Aqua Ring
|upkeep
|turn|12
|
|t:|1760362620
|move|p1a: Greninja|Dark Pulse|p2a: Susan
|-damage|p2a: Susan|49/100
|move|p2a: Susan|Scald|p1a: Greninja
|-resisted|p1a: Greninja
|-damage|p1a: Greninja|80/100
|
|-heal|p2a: Susan|55/100|[from] item: Leftovers
|-heal|p2a: Susan|61/100|[from] Aqua Ring
|upkeep
|turn|13
|
|t:|1760362629
|move|p1a: Greninja|Dark Pulse|p2a: Susan
|-damage|p2a: Susan|17/100
|move|p2a: Susan|Recover|p2a: Susan
|-heal|p2a: Susan|67/100
|
|-heal|p2a: Susan|73/100|[from] item: Leftovers
|-heal|p2a: Susan|79/100|[from] Aqua Ring
|upkeep
|turn|14
|
|t:|1760362637
|move|p1a: Greninja|Dark Pulse|p2a: Susan
|-damage|p2a: Susan|40/100
|move|p2a: Susan|Recover|p2a: Susan
|-heal|p2a: Susan|90/100
|
|-heal|p2a: Susan|96/100|[from] item: Leftovers
|-heal|p2a: Susan|100/100|[from] Aqua Ring
|upkeep
|turn|15
|
|t:|1760362646
|move|p1a: Greninja|Dark Pulse|p2a: Susan
|-damage|p2a: Susan|59/100
|move|p2a: Susan|Scald|p1a: Greninja
|-resisted|p1a: Greninja
|-damage|p1a: Greninja|56/100
|
|-heal|p2a: Susan|65/100|[from] item: Leftovers
|-heal|p2a: Susan|71/100|[from] Aqua Ring
|upkeep
|turn|16
|
|t:|1760362655
|move|p1a: Greninja|Dark Pulse|p2a: Susan
|-damage|p2a: Susan|32/100
|move|p2a: Susan|Scald|p1a: Greninja
|-resisted|p1a: Greninja
|-damage|p1a: Greninja|32/100
|
|-heal|p2a: Susan|38/100|[from] item: Leftovers
|-heal|p2a: Susan|44/100|[from] Aqua Ring
|upkeep
|turn|17
|
|t:|1760362663
|move|p1a: Greninja|Dark Pulse|p2a: Susan
|-damage|p2a: Susan|1/100
|move|p2a: Susan|Recover|p2a: Susan
|-heal|p2a: Susan|51/100
|
|-heal|p2a: Susan|57/100|[from] item: Leftovers
|-heal|p2a: Susan|63/100|[from] Aqua Ring
|upkeep
|turn|18
|
|t:|1760362671
|move|p1a: Greninja|Dark Pulse|p2a: Susan
|-damage|p2a: Susan|19/100
|move|p2a: Susan|Recover|p2a: Susan
|-heal|p2a: Susan|69/100
|
|-heal|p2a: Susan|75/100|[from] item: Leftovers
|-heal|p2a: Susan|81/100|[from] Aqua Ring
|upkeep
|turn|19
|
|t:|1760362678
|move|p1a: Greninja|Dark Pulse|p2a: Susan
|-damage|p2a: Susan|42/100
|move|p2a: Susan|Scald|p1a: Greninja
|-resisted|p1a: Greninja
|-damage|p1a: Greninja|9/100
|
|-heal|p2a: Susan|48/100|[from] item: Leftovers
|-heal|p2a: Susan|54/100|[from] Aqua Ring
|upkeep
|turn|20
|
|t:|1760362687
|move|p1a: Greninja|Dark Pulse|p2a: Susan
|-damage|p2a: Susan|10/100
|cant|p2a: Susan|flinch
|
|-heal|p2a: Susan|16/100|[from] item: Leftovers
|-heal|p2a: Susan|22/100|[from] Aqua Ring
|upkeep
|turn|21
|
|t:|1760362703
|move|p1a: Greninja|Dark Pulse|p2a: Susan
|-damage|p2a: Susan|0 fnt
|faint|p2a: Susan
|
|upkeep
|
|t:|1760362717
|switch|p2a: Bob|Muk, F|100/100
|turn|22
|
|t:|1760362722
|move|p1a: Greninja|Extrasensory|p2a: Bob
|-supereffective|p2a: Bob
|-damage|p2a: Bob|46/100
|cant|p2a: Bob|flinch
|
|upkeep
|turn|23
|
|t:|1760362731
|move|p1a: Greninja|Extrasensory|p2a: Bob
|-supereffective|p2a: Bob
|-damage|p2a: Bob|0 fnt
|faint|p2a: Bob
|
|upkeep
|
|t:|1760362736
|switch|p2a: Igon|Clawitzer, M|100/100
|turn|24
|
|t:|1760362743
|move|p1a: Greninja|Dark Pulse|p2a: Igon
|-damage|p2a: Igon|33/100
|cant|p2a: Igon|flinch
|
|upkeep
|turn|25
|
|t:|1760362751
|move|p1a: Greninja|Dark Pulse|p2a: Igon
|-damage|p2a: Igon|0 fnt
|faint|p2a: Igon
|
|upkeep
|
|t:|1760362755
|switch|p2a: Bayle The Dread|Magcargo, M|100/100
|turn|26
|
|t:|1760362758
|move|p1a: Greninja|Water Shuriken|p2a: Bayle The Dread
|-supereffective|p2a: Bayle The Dread
|-damage|p2a: Bayle The Dread|22/100
|-supereffective|p2a: Bayle The Dread
|-damage|p2a: Bayle The Dread|0 fnt
|faint|p2a: Bayle The Dread
|-hitcount|p2: Bayle The Dread|2
|
|win|Joel Corona(virus)
|raw|Joel Corona(virus)'s rating: 1064 &rarr; <strong>1095</strong><br />(+31 for winning)
|raw|Ellesime's rating: 1075 &rarr; <strong>1053</strong><br />(-22 for losing)
|c|☆Joel Corona(virus)|gg
|c|☆Ellesime|gg
|l|☆Joel Corona(virus)
|player|p1|
|l|☆Ellesime
|player|p2|
