|j|☆vuopuer
|j|☆roommate108
|t:|1760331322
|gametype|singles
|player|p1|vuopuer|may-masters2|1539
|player|p2|roommate108|170|1517
|gen|9
|tier|[Gen 9] OU
|rated|
|rule|HP Percentage Mod: HP is shown in percentages
|rule|Endless Battle Clause: Forcing endless battles is banned
|rule|Species Clause: Limit one of each Pokémon
|rule|OHKO Clause: OHKO moves are banned
|rule|Evasion Items Clause: Evasion items are banned
|rule|Evasion Moves Clause: Evasion moves are banned
|rule|Evasion Abilities Clause: Evasion abilities are banned
|rule|Sleep Moves Clause: Sleep-inducing moves are banned
|clearpoke
|poke|p1|Blaziken, M|
|poke|p1|Kingambit, M|
|poke|p1|Ting-Lu|
|poke|p1|Pecharunt|
|poke|p1|Ogerpon-Wellspring, F|
|poke|p1|Hatterene, F|
|poke|p2|Charizard, F|
|poke|p2|Torkoal, F|
|poke|p2|Walking Wake|
|poke|p2|Raging Bolt|
|poke|p2|Hatterene, F|
|poke|p2|Leavanny, M|
|teampreview
|inactive|Battle timer is ON: inactive players will automatically lose when time's up. (requested by roommate108)
|
|t:|1760331331
|teamsize|p1|6
|teamsize|p2|6
|start
|switch|p1a: Hatterene|Hatterene, F|100/100
|switch|p2a: Torkoal|Torkoal, F|100/100
|-weather|SunnyDay|[from] ability: Drought|[of] p2a: Torkoal
|turn|1
|
|t:|1760331361
|switch|p2a: Charizard|Charizard, F|100/100
|move|p1a: Hatterene|Nuzzle|p2a: Charizard
|-supereffective|p2a: Charizard
|-damage|p2a: Charizard|90/100
|-status|p2a: Charizard|par
|
|-weather|SunnyDay|[upkeep]
|-damage|p2a: Charizard|77/100 par|[from] ability: Solar Power|[of] p2a: Charizard
|upkeep
|turn|2
|
|t:|1760331378
|switch|p1a: Ting-Lu|Ting-Lu|100/100
|-ability|p1a: Ting-Lu|Vessel of Ruin
|move|p2a: Charizard|Weather Ball|p1a: Ting-Lu
|-damage|p1a: Ting-Lu|37/100
|
|-weather|SunnyDay|[upkeep]
|-damage|p2a: Charizard|65/100 par|[from] ability: Solar Power|[of] p2a: Charizard
|-heal|p1a: Ting-Lu|43/100|[from] item: Leftovers
|upkeep
|turn|3
|
|t:|1760331397
|switch|p2a: Hatterene|Hatterene, F|100/100
|switch|p1a: Pecharunt|Pecharunt|100/100
|-item|p1a: Pecharunt|Air Balloon
|
|-weather|SunnyDay|[upkeep]
|upkeep
|turn|4
|
|t:|1760331406
|move|p1a: Pecharunt|Malignant Chain|p2a: Hatterene
|-supereffective|p2a: Hatterene
|-damage|p2a: Hatterene|30/100
|-enditem|p2a: Hatterene|Eject Button
|
|t:|1760331413
|switch|p2a: Walking Wake|Walking Wake|100/100
|-activate|p2a: Walking Wake|ability: Protosynthesis
|-start|p2a: Walking Wake|protosynthesisspe
|
|-weather|SunnyDay|[upkeep]
|upkeep
|turn|5
|
|t:|1760331423
|-terastallize|p2a: Walking Wake|Water
|move|p2a: Walking Wake|Hydro Steam|p1a: Pecharunt
|-damage|p1a: Pecharunt|0 fnt
|-enditem|p1a: Pecharunt|Air Balloon
|faint|p1a: Pecharunt
|
|-weather|SunnyDay|[upkeep]
|upkeep
|
|t:|1760331432
|switch|p1a: Ogerpon|Ogerpon-Wellspring, F|100/100
|turn|6
|
|t:|1760331439
|-end|p2a: Walking Wake|Protosynthesis|[silent]
|switch|p2a: Hatterene|Hatterene, F|30/100
|move|p1a: Ogerpon|Horn Leech|p2a: Hatterene
|-damage|p2a: Hatterene|0 fnt
|faint|p2a: Hatterene
|
|-weather|SunnyDay|[upkeep]
|upkeep
|
|t:|1760331441
|switch|p2a: Leavanny|Leavanny, M|100/100
|turn|7
|
|t:|1760331450
|move|p2a: Leavanny|Leaf Blade|p1a: Ogerpon
|-crit|p1a: Ogerpon
|-damage|p1a: Ogerpon|16/100
|move|p1a: Ogerpon|Ivy Cudgel|p2a: Leavanny|[anim] Ivy Cudgel Water
|-resisted|p2a: Leavanny
|-damage|p2a: Leavanny|80/100
|
|-weather|SunnyDay|[upkeep]
|upkeep
|turn|8
|inactive|roommate108 has 120 seconds left.
|
|t:|1760331508
|switch|p1a: Hatterene|Hatterene, F|100/100
|move|p2a: Leavanny|Leaf Blade|p1a: Hatterene
|-damage|p1a: Hatterene|52/100
|-enditem|p1a: Hatterene|Eject Button
|
|t:|1760331512
|switch|p1a: Blaziken|Blaziken, M, shiny|100/100
|
|-weather|none
|upkeep
|turn|9
|
|t:|1760331517
|switch|p2a: Torkoal|Torkoal, F|100/100
|-weather|SunnyDay|[from] ability: Drought|[of] p2a: Torkoal
|move|p1a: Blaziken|Focus Energy|p1a: Blaziken
|-start|p1a: Blaziken|move: Focus Energy
|
|-weather|SunnyDay|[upkeep]
|-ability|p1a: Blaziken|Speed Boost|boost
|-boost|p1a: Blaziken|spe|1
|upkeep
|turn|10
|
|t:|1760331527
|-terastallize|p1a: Blaziken|Fire
|move|p1a: Blaziken|Overheat|p2a: Torkoal
|-resisted|p2a: Torkoal
|-crit|p2a: Torkoal
|-damage|p2a: Torkoal|0 fnt
|-unboost|p1a: Blaziken|spa|2
|faint|p2a: Torkoal
|
|-weather|SunnyDay|[upkeep]
|-ability|p1a: Blaziken|Speed Boost|boost
|-boost|p1a: Blaziken|spe|1
|upkeep
|
|t:|1760331534
|switch|p2a: Walking Wake|Walking Wake, tera:Water|100/100
|-activate|p2a: Walking Wake|ability: Protosynthesis
|-start|p2a: Walking Wake|protosynthesisspe
|turn|11
|l|☆vuopuer
|inactive|vuopuer disconnected and has a minute to reconnect!
|player|p1|
|j|☆vuopuer
|inactive|vuopuer reconnected and has 145 seconds left.
|player|p1|vuopuer|may-masters2|
|
|t:|1760331544
|move|p1a: Blaziken|Protect|p1a: Blaziken
|-singleturn|p1a: Blaziken|Protect
|move|p2a: Walking Wake|Hydro Steam|p1a: Blaziken
|-activate|p1a: Blaziken|move: Protect
|
|-weather|SunnyDay|[upkeep]
|-ability|p1a: Blaziken|Speed Boost|boost
|-boost|p1a: Blaziken|spe|1
|upkeep
|turn|12
|
|t:|1760331565
|switch|p1a: Ogerpon|Ogerpon-Wellspring, F|16/100
|move|p2a: Walking Wake|Hydro Steam|p1a: Ogerpon
|-heal|p1a: Ogerpon|41/100|[from] ability: Water Absorb|[of] p2a: Walking Wake
|
|-weather|SunnyDay|[upkeep]
|upkeep
|turn|13
|
|t:|1760331581
|-end|p2a: Walking Wake|Protosynthesis|[silent]
|switch|p2a: Leavanny|Leavanny, M|80/100
|move|p1a: Ogerpon|Play Rough|p2a: Leavanny
|-damage|p2a: Leavanny|28/100
|-unboost|p2a: Leavanny|atk|1
|
|-weather|SunnyDay|[upkeep]
|upkeep
|turn|14
|
|t:|1760331589
|switch|p1a: Hatterene|Hatterene, F|52/100
|move|p2a: Leavanny|Leaf Blade|p1a: Hatterene
|-damage|p1a: Hatterene|19/100
|
|-weather|SunnyDay|[upkeep]
|upkeep
|turn|15
|
|t:|1760331593
|move|p2a: Leavanny|Leaf Blade|p1a: Hatterene
|-damage|p1a: Hatterene|0 fnt
|faint|p1a: Hatterene
|
|-weather|SunnyDay|[upkeep]
|upkeep
|
|t:|1760331596
|switch|p1a: Blaziken|Blaziken, M, shiny, tera:Fire|100/100
|turn|16
|
|t:|1760331603
|move|p1a: Blaziken|Protect|p1a: Blaziken
|-singleturn|p1a: Blaziken|Protect
|move|p2a: Leavanny|Knock Off|p1a: Blaziken
|-activate|p1a: Blaziken|move: Protect
|
|-weather|none
|-ability|p1a: Blaziken|Speed Boost|boost
|-boost|p1a: Blaziken|spe|1
|upkeep
|turn|17
|
|t:|1760331613
|move|p1a: Blaziken|Close Combat|p2a: Leavanny
|-resisted|p2a: Leavanny
|-damage|p2a: Leavanny|0 fnt
|-unboost|p1a: Blaziken|def|1
|-unboost|p1a: Blaziken|spd|1
|faint|p2a: Leavanny
|
|-ability|p1a: Blaziken|Speed Boost|boost
|-boost|p1a: Blaziken|spe|1
|upkeep
|
|t:|1760331616
|switch|p2a: Raging Bolt|Raging Bolt|100/100
|turn|18
|
|t:|1760331622
|move|p1a: Blaziken|Protect|p1a: Blaziken
|-singleturn|p1a: Blaziken|Protect
|move|p2a: Raging Bolt|Calm Mind|p2a: Raging Bolt
|-boost|p2a: Raging Bolt|spa|1
|-boost|p2a: Raging Bolt|spd|1
|
|-ability|p1a: Blaziken|Speed Boost|boost
|-boost|p1a: Blaziken|spe|1
|upkeep
|turn|19
|
|t:|1760331631
|move|p1a: Blaziken|Close Combat|p2a: Raging Bolt
|-damage|p2a: Raging Bolt|53/100
|-unboost|p1a: Blaziken|def|1
|-unboost|p1a: Blaziken|spd|1
|move|p2a: Raging Bolt|Thunderbolt|p1a: Blaziken
|-damage|p1a: Blaziken|0 fnt
|faint|p1a: Blaziken
|-damage|p2a: Raging Bolt|43/100|[from] item: Life Orb
|
|upkeep
|
|t:|1760331637
|switch|p1a: Ting-Lu|Ting-Lu|43/100
|-ability|p1a: Ting-Lu|Vessel of Ruin
|turn|20
|
|t:|1760331644
|move|p2a: Raging Bolt|Draco Meteor|p1a: Ting-Lu
|-damage|p1a: Ting-Lu|0 fnt
|-unboost|p2a: Raging Bolt|spa|2
|faint|p1a: Ting-Lu
|-damage|p2a: Raging Bolt|33/100|[from] item: Life Orb
|
|upkeep
|
|t:|1760331649
|switch|p1a: Kingambit|Kingambit, M|100/100
|-activate|p1a: Kingambit|ability: Supreme Overlord
|-start|p1a: Kingambit|fallen4|[silent]
|turn|21
|
|t:|1760331655
|-end|p2a: Raging Bolt|Protosynthesis|[silent]
|switch|p2a: Charizard|Charizard, F|65/100 par
|move|p1a: Kingambit|Kowtow Cleave|p2a: Charizard
|-damage|p2a: Charizard|0 fnt
|faint|p2a: Charizard
|
|upkeep
|
|t:|1760331665
|switch|p2a: Walking Wake|Walking Wake, tera:Water|100/100
|turn|22
|
|t:|1760331669
|-end|p1a: Kingambit|fallen4|[silent]
|switch|p1a: Ogerpon|Ogerpon-Wellspring, F|41/100
|move|p2a: Walking Wake|Hydro Steam|p1a: Ogerpon
|-heal|p1a: Ogerpon|66/100|[from] ability: Water Absorb|[of] p2a: Walking Wake
|
|upkeep
|turn|23
|
|t:|1760331677
|-end|p2a: Walking Wake|Protosynthesis|[silent]
|switch|p2a: Raging Bolt|Raging Bolt|33/100
|move|p1a: Ogerpon|Play Rough|p2a: Raging Bolt
|-supereffective|p2a: Raging Bolt
|-damage|p2a: Raging Bolt|0 fnt
|faint|p2a: Raging Bolt
|-end|p2a: Raging Bolt|Protosynthesis|[silent]
|
|upkeep
|-message|roommate108 forfeited.
|
|win|vuopuer
|raw|vuopuer's rating: 1539 &rarr; <strong>1558</strong><br />(+19 for winning)
|raw|roommate108's rating: 1517 &rarr; <strong>1498</strong><br />(-19 for losing)
|l|☆roommate108
|player|p2|
|l|☆vuopuer
|player|p1|
