|j|‽StonjournerFan874
|j|☆yatsalgado
|t:|1760387693
|gametype|singles
|player|p1|StonjournerFan874|ninjaboy|1090
|player|p2|yatsalgado|roxie|1089
|gen|9
|tier|[Gen 9] OU
|rated|
|rule|HP Percentage Mod: HP is shown in percentages
|rule|Endless Battle Clause: Forcing endless battles is banned
|rule|Species Clause: Limit one of each Pokémon
|rule|OHKO Clause: OHKO moves are banned
|rule|Evasion Items Clause: Evasion items are banned
|rule|Evasion Moves Clause: Evasion moves are banned
|rule|Evasion Abilities Clause: Evasion abilities are banned
|rule|Sleep Moves Clause: Sleep-inducing moves are banned
|clearpoke
|poke|p1|Araquanid, M|
|poke|p1|Forretress, M|
|poke|p1|Mimikyu, F|
|poke|p1|Sandaconda, M|
|poke|p1|Skeledirge, M|
|poke|p1|Stonjourner, M|
|poke|p2|Malamar, M|
|poke|p2|Kingambit, M|
|poke|p2|Ceruledge, F|
|poke|p2|Whimsicott, M|
|poke|p2|Corviknight, M|
|poke|p2|Primarina, F|
|teampreview
|inactive|Battle timer is ON: inactive players will automatically lose when time's up. (requested by yatsalgado)
|
|t:|1760387713
|teamsize|p1|6
|teamsize|p2|6
|start
|switch|p1a: Skeledirge|Skeledirge, M|100/100
|switch|p2a: Whimsicott|Whimsicott, M|100/100
|turn|1
|
|t:|1760387727
|switch|p2a: Primarina|Primarina, F|100/100
|move|p1a: Skeledirge|Torch Song|p2a: Primarina
|-resisted|p2a: Primarina
|-damage|p2a: Primarina|83/100
|-boost|p1a: Skeledirge|spa|1
|
|-heal|p2a: Primarina|89/100|[from] item: Leftovers
|upkeep
|turn|2
|
|t:|1760387748
|switch|p1a: Forretress|Forretress, M|100/100
|move|p2a: Primarina|Hyper Voice|p1a: Forretress
|-damage|p1a: Forretress|32/100
|
|-heal|p2a: Primarina|95/100|[from] item: Leftovers
|upkeep
|turn|3
|
|t:|1760387757
|move|p2a: Primarina|Hyper Voice|p1a: Forretress
|-damage|p1a: Forretress|0 fnt
|faint|p1a: Forretress
|
|-heal|p2a: Primarina|100/100|[from] item: Leftovers
|upkeep
|
|t:|1760387763
|switch|p1a: Mimikyu|Mimikyu, F|100/100
|turn|4
|
|t:|1760387772
|move|p1a: Mimikyu|Swords Dance|p1a: Mimikyu
|-boost|p1a: Mimikyu|atk|2
|move|p2a: Primarina|Hyper Voice|p1a: Mimikyu
|-activate|p1a: Mimikyu|ability: Disguise
|-damage|p1a: Mimikyu|100/100
|detailschange|p1a: Mimikyu|Mimikyu-Busted, F
|-damage|p1a: Mimikyu|88/100|[from] pokemon: Mimikyu-Busted
|-enditem|p1a: Mimikyu|Red Card|[of] p2a: Primarina
|drag|p2a: Malamar|Malamar, M|100/100
|
|upkeep
|turn|5
|
|t:|1760387789
|switch|p2a: Corviknight|Corviknight, M|100/100
|-ability|p2a: Corviknight|Pressure
|move|p1a: Mimikyu|Play Rough|p2a: Corviknight
|-resisted|p2a: Corviknight
|-damage|p2a: Corviknight|77/100
|-damage|p1a: Mimikyu|72/100|[from] item: Rocky Helmet|[of] p2a: Corviknight
|
|upkeep
|turn|6
|
|t:|1760387802
|move|p1a: Mimikyu|Shadow Sneak|p2a: Corviknight
|-damage|p2a: Corviknight|59/100
|-damage|p1a: Mimikyu|55/100|[from] item: Rocky Helmet|[of] p2a: Corviknight
|move|p2a: Corviknight|Brave Bird|p1a: Mimikyu
|-crit|p1a: Mimikyu
|-damage|p1a: Mimikyu|0 fnt
|faint|p1a: Mimikyu
|-damage|p2a: Corviknight|47/100|[from] Recoil
|
|upkeep
|
|t:|1760387812
|switch|p1a: Sandaconda|Sandaconda, M|100/100
|turn|7
|
|t:|1760387820
|move|p1a: Sandaconda|Coil|p1a: Sandaconda
|-boost|p1a: Sandaconda|atk|1
|-boost|p1a: Sandaconda|def|1
|-boost|p1a: Sandaconda|accuracy|1
|move|p2a: Corviknight|Roost|p2a: Corviknight
|-heal|p2a: Corviknight|97/100
|-singleturn|p2a: Corviknight|move: Roost
|
|upkeep
|turn|8
|
|t:|1760387831
|switch|p2a: Primarina|Primarina, F|100/100
|move|p1a: Sandaconda|Coil|p1a: Sandaconda
|-boost|p1a: Sandaconda|atk|1
|-boost|p1a: Sandaconda|def|1
|-boost|p1a: Sandaconda|accuracy|1
|
|upkeep
|turn|9
|
|t:|1760387845
|move|p1a: Sandaconda|Thunder Fang|p2a: Primarina
|-supereffective|p2a: Primarina
|-damage|p2a: Primarina|10/100
|-status|p2a: Primarina|par
|move|p2a: Primarina|Hyper Voice|p1a: Sandaconda
|-supereffective|p1a: Sandaconda
|-damage|p1a: Sandaconda|0 fnt
|faint|p1a: Sandaconda
|
|-heal|p2a: Primarina|16/100 par|[from] item: Leftovers
|upkeep
|
|t:|1760387860
|switch|p1a: Araquanid|Araquanid, M|100/100
|turn|10
|
|t:|1760387868
|move|p1a: Araquanid|Poison Jab|p2a: Primarina
|-supereffective|p2a: Primarina
|-damage|p2a: Primarina|0 fnt
|faint|p2a: Primarina
|
|upkeep
|
|t:|1760387874
|switch|p2a: Corviknight|Corviknight, M|97/100
|-ability|p2a: Corviknight|Pressure
|turn|11
|
|t:|1760387894
|switch|p1a: Skeledirge|Skeledirge, M|100/100
|move|p2a: Corviknight|Brave Bird|p1a: Skeledirge
|-damage|p1a: Skeledirge|71/100
|-damage|p2a: Corviknight|87/100|[from] Recoil
|
|upkeep
|turn|12
|
|t:|1760387903
|switch|p2a: Ceruledge|Ceruledge, F|100/100
|move|p1a: Skeledirge|Torch Song|p2a: Ceruledge
|-start|p2a: Ceruledge|ability: Flash Fire
|
|upkeep
|turn|13
|
|t:|1760387910
|-terastallize|p1a: Skeledirge|Fairy
|move|p2a: Ceruledge|Poltergeist|p1a: Skeledirge|[miss]
|-miss|p2a: Ceruledge|p1a: Skeledirge
|move|p1a: Skeledirge|Shadow Ball|p2a: Ceruledge
|-supereffective|p2a: Ceruledge
|-damage|p2a: Ceruledge|11/100
|
|upkeep
|turn|14
|
|t:|1760387920
|move|p2a: Ceruledge|Bitter Blade|p1a: Skeledirge
|-damage|p1a: Skeledirge|0 fnt
|-heal|p2a: Ceruledge|61/100|[from] drain|[of] p1a: Skeledirge
|faint|p1a: Skeledirge
|-damage|p2a: Ceruledge|51/100|[from] item: Life Orb
|
|upkeep
|
|t:|1760387928
|switch|p1a: Stonjourner|Stonjourner, M|100/100
|turn|15
|
|t:|1760387939
|-end|p2a: Ceruledge|ability: Flash Fire|[silent]
|switch|p2a: Whimsicott|Whimsicott, M|100/100
|move|p1a: Stonjourner|Rock Polish|p1a: Stonjourner
|-boost|p1a: Stonjourner|spe|2
|
|upkeep
|turn|16
|
|t:|1760387949
|move|p2a: Whimsicott|Encore|p1a: Stonjourner
|-start|p1a: Stonjourner|Encore
|move|p1a: Stonjourner|Rock Polish|p1a: Stonjourner
|-boost|p1a: Stonjourner|spe|2
|
|upkeep
|turn|17
|
|t:|1760387965
|switch|p1a: Araquanid|Araquanid, M|100/100
|move|p2a: Whimsicott|Moonblast|p1a: Araquanid
|-damage|p1a: Araquanid|74/100
|
|upkeep
|turn|18
|
|t:|1760387978
|move|p2a: Whimsicott|Substitute|p2a: Whimsicott
|-start|p2a: Whimsicott|Substitute
|-damage|p2a: Whimsicott|76/100
|move|p1a: Araquanid|Liquidation|p2a: Whimsicott
|-resisted|p2a: Whimsicott
|-end|p2a: Whimsicott|Substitute
|
|-heal|p2a: Whimsicott|82/100|[from] item: Leftovers
|upkeep
|turn|19
|
|t:|1760387990
|move|p2a: Whimsicott|Substitute|p2a: Whimsicott
|-start|p2a: Whimsicott|Substitute
|-damage|p2a: Whimsicott|57/100
|move|p1a: Araquanid|Liquidation|p2a: Whimsicott
|-resisted|p2a: Whimsicott
|-end|p2a: Whimsicott|Substitute
|
|-heal|p2a: Whimsicott|63/100|[from] item: Leftovers
|upkeep
|turn|20
|
|t:|1760388003
|move|p2a: Whimsicott|Leech Seed|p1a: Araquanid
|-start|p1a: Araquanid|move: Leech Seed
|move|p1a: Araquanid|Liquidation|p2a: Whimsicott
|-resisted|p2a: Whimsicott
|-damage|p2a: Whimsicott|24/100
|
|-heal|p2a: Whimsicott|31/100|[from] item: Leftovers
|-damage|p1a: Araquanid|61/100|[from] Leech Seed|[of] p2a: Whimsicott
|-heal|p2a: Whimsicott|41/100|[silent]
|upkeep
|turn|21
|
|t:|1760388012
|move|p2a: Whimsicott|Substitute|p2a: Whimsicott
|-start|p2a: Whimsicott|Substitute
|-damage|p2a: Whimsicott|16/100
|move|p1a: Araquanid|Liquidation|p2a: Whimsicott
|-resisted|p2a: Whimsicott
|-end|p2a: Whimsicott|Substitute
|
|-heal|p2a: Whimsicott|22/100|[from] item: Leftovers
|-damage|p1a: Araquanid|49/100|[from] Leech Seed|[of] p2a: Whimsicott
|-heal|p2a: Whimsicott|33/100|[silent]
|upkeep
|turn|22
|
|t:|1760388023
|move|p2a: Whimsicott|Substitute|p2a: Whimsicott
|-start|p2a: Whimsicott|Substitute
|-damage|p2a: Whimsicott|8/100
|move|p1a: Araquanid|Liquidation|p2a: Whimsicott
|-resisted|p2a: Whimsicott
|-end|p2a: Whimsicott|Substitute
|
|-heal|p2a: Whimsicott|14/100|[from] item: Leftovers
|-damage|p1a: Araquanid|37/100|[from] Leech Seed|[of] p2a: Whimsicott
|-heal|p2a: Whimsicott|25/100|[silent]
|upkeep
|turn|23
|
|t:|1760388034
|move|p2a: Whimsicott|Substitute|p2a: Whimsicott
|-fail|p2a: Whimsicott|move: Substitute|[weak]
|move|p1a: Araquanid|Liquidation|p2a: Whimsicott
|-resisted|p2a: Whimsicott
|-damage|p2a: Whimsicott|0 fnt
|faint|p2a: Whimsicott
|
|upkeep
|
|t:|1760388043
|switch|p2a: Corviknight|Corviknight, M|87/100
|-ability|p2a: Corviknight|Pressure
|turn|24
|
|t:|1760388049
|move|p2a: Corviknight|Brave Bird|p1a: Araquanid
|-supereffective|p1a: Araquanid
|-damage|p1a: Araquanid|0 fnt
|faint|p1a: Araquanid
|-damage|p2a: Corviknight|79/100|[from] Recoil
|
|upkeep
|
|t:|1760388059
|switch|p1a: Stonjourner|Stonjourner, M|100/100
|turn|25
|
|t:|1760388062
|move|p1a: Stonjourner|Rock Polish|p1a: Stonjourner
|-boost|p1a: Stonjourner|spe|2
|move|p2a: Corviknight|Body Press|p1a: Stonjourner
|-supereffective|p1a: Stonjourner
|-damage|p1a: Stonjourner|58/100
|
|upkeep
|turn|26
|
|t:|1760388076
|move|p1a: Stonjourner|Stone Edge|p2a: Corviknight
|-damage|p2a: Corviknight|37/100
|-damage|p1a: Stonjourner|48/100|[from] item: Life Orb
|move|p2a: Corviknight|Body Press|p1a: Stonjourner
|-supereffective|p1a: Stonjourner
|-damage|p1a: Stonjourner|4/100
|
|upkeep
|turn|27
|
|t:|1760388086
|-terastallize|p2a: Corviknight|Fighting
|move|p1a: Stonjourner|Stone Edge|p2a: Corviknight
|-resisted|p2a: Corviknight
|-damage|p2a: Corviknight|19/100
|-damage|p1a: Stonjourner|0 fnt|[from] item: Life Orb
|faint|p1a: Stonjourner
|
|win|yatsalgado
|raw|StonjournerFan874's rating: 1090 &rarr; <strong>1066</strong><br />(-24 for losing)
|raw|yatsalgado's rating: 1089 &rarr; <strong>1116</strong><br />(+27 for winning)
|l|‽StonjournerFan874
|player|p1|
|l|☆yatsalgado
|player|p2|
