|j|☆killbot18
|j|☆hennyhardaway1
|t:|1760411765
|gametype|singles
|player|p1|killbot18|n|1382
|player|p2|hennyhardaway1|lucian|1295
|gen|9
|tier|[Gen 9] OU
|rated|
|rule|HP Percentage Mod: HP is shown in percentages
|rule|Endless Battle Clause: Forcing endless battles is banned
|rule|Species Clause: Limit one of each Pokémon
|rule|OHKO Clause: OHKO moves are banned
|rule|Evasion Items Clause: Evasion items are banned
|rule|Evasion Moves Clause: Evasion moves are banned
|rule|Evasion Abilities Clause: Evasion abilities are banned
|rule|Sleep Moves Clause: Sleep-inducing moves are banned
|clearpoke
|poke|p1|Gliscor, F|
|poke|p1|Heatran, F|
|poke|p1|Meowscarada, F|
|poke|p1|Raging Bolt|
|poke|p1|Alomomola, F|
|poke|p1|Zamazenta-*|
|poke|p2|Ceruledge, M|
|poke|p2|Gliscor, M|
|poke|p2|Great Tusk|
|poke|p2|Pecharunt|
|poke|p2|Kyurem|
|poke|p2|Darkrai|
|teampreview
|
|t:|1760411787
|teamsize|p1|6
|teamsize|p2|6
|start
|switch|p1a: Meowscarada|Meowscarada, F|100/100
|switch|p2a: Gliscor|Gliscor, M|100/100
|turn|1
|
|t:|1760411792
|move|p2a: Gliscor|Protect|p2a: Gliscor
|-singleturn|p2a: Gliscor|Protect
|move|p1a: Meowscarada|Knock Off|p2a: Gliscor
|-start|p1a: Meowscarada|typechange|Dark|[from] ability: Protean
|-activate|p2a: Gliscor|move: Protect
|
|-status|p2a: Gliscor|tox|[from] item: Toxic Orb
|upkeep
|turn|2
|
|t:|1760411800
|move|p1a: Meowscarada|Triple Axel|p2a: Gliscor
|-supereffective|p2a: Gliscor
|-damage|p2a: Gliscor|79/100 tox
|-supereffective|p2a: Gliscor
|-damage|p2a: Gliscor|37/100 tox
|-supereffective|p2a: Gliscor
|-damage|p2a: Gliscor|0 fnt
|faint|p2a: Gliscor
|-hitcount|p2: Gliscor|3
|
|upkeep
|
|t:|1760411814
|switch|p2a: Darkrai|Darkrai, shiny|100/100
|turn|3
|
|t:|1760411817
|move|p2a: Darkrai|Focus Blast|p1a: Meowscarada
|-supereffective|p1a: Meowscarada
|-damage|p1a: Meowscarada|0 fnt
|faint|p1a: Meowscarada
|
|upkeep
|
|t:|1760411821
|switch|p1a: Gliscor|Gliscor, F|100/100
|turn|4
|
|t:|1760411826
|switch|p2a: Kyurem|Kyurem, shiny|100/100
|-ability|p2a: Kyurem|Pressure
|move|p1a: Gliscor|Protect||[still]
|-fail|p1a: Gliscor
|
|-status|p1a: Gliscor|tox|[from] item: Toxic Orb
|upkeep
|turn|5
|
|t:|1760411830
|move|p1a: Gliscor|Protect|p1a: Gliscor
|-singleturn|p1a: Gliscor|Protect
|move|p2a: Kyurem|Substitute|p2a: Kyurem
|-start|p2a: Kyurem|Substitute
|-damage|p2a: Kyurem|76/100
|
|-heal|p2a: Kyurem|82/100|[from] item: Leftovers
|upkeep
|turn|6
|
|t:|1760411835
|switch|p1a: Zamazenta|Zamazenta|100/100
|-ability|p1a: Zamazenta|Dauntless Shield|boost
|-boost|p1a: Zamazenta|def|1
|move|p2a: Kyurem|Freeze-Dry|p1a: Zamazenta
|-crit|p1a: Zamazenta
|-damage|p1a: Zamazenta|48/100
|
|-heal|p1a: Zamazenta|54/100|[from] item: Leftovers
|-heal|p2a: Kyurem|88/100|[from] item: Leftovers
|upkeep
|turn|7
|
|t:|1760411845
|move|p2a: Kyurem|Protect|p2a: Kyurem
|-singleturn|p2a: Kyurem|Protect
|move|p1a: Zamazenta|Roar|p2a: Kyurem
|drag|p2a: Ceruledge|Ceruledge, M|100/100
|
|-heal|p1a: Zamazenta|60/100|[from] item: Leftovers
|upkeep
|turn|8
|
|t:|1760411872
|move|p2a: Ceruledge|Bulk Up|p2a: Ceruledge
|-boost|p2a: Ceruledge|atk|1
|-boost|p2a: Ceruledge|def|1
|move|p1a: Zamazenta|Roar|p2a: Ceruledge
|drag|p2a: Darkrai|Darkrai, shiny|100/100
|
|-heal|p1a: Zamazenta|66/100|[from] item: Leftovers
|upkeep
|turn|9
|
|t:|1760411879
|switch|p2a: Pecharunt|Pecharunt|100/100
|move|p1a: Zamazenta|Body Press|p2a: Pecharunt
|-immune|p2a: Pecharunt
|
|-heal|p1a: Zamazenta|72/100|[from] item: Leftovers
|upkeep
|turn|10
|
|t:|1760411889
|switch|p1a: Heatran|Heatran, F|100/100
|move|p2a: Pecharunt|Parting Shot|p1a: Heatran
|-unboost|p1a: Heatran|atk|1
|-unboost|p1a: Heatran|spa|1
|
|t:|1760411892
|switch|p2a: Great Tusk|Great Tusk|100/100|[from] Parting Shot
|
|upkeep
|turn|11
|
|t:|1760411897
|switch|p1a: Gliscor|Gliscor, F|100/100 tox
|move|p2a: Great Tusk|Knock Off|p1a: Gliscor
|-damage|p1a: Gliscor|76/100 tox
|-enditem|p1a: Gliscor|Toxic Orb|[from] move: Knock Off|[of] p2a: Great Tusk
|
|-heal|p1a: Gliscor|89/100 tox|[from] ability: Poison Heal
|upkeep
|turn|12
|
|t:|1760411904
|-end|p2a: Great Tusk|Protosynthesis|[silent]
|switch|p2a: Kyurem|Kyurem, shiny|88/100
|-ability|p2a: Kyurem|Pressure
|move|p1a: Gliscor|Spikes|p2a: Kyurem
|-sidestart|p2: hennyhardaway1|Spikes
|
|-heal|p2a: Kyurem|94/100|[from] item: Leftovers
|-heal|p1a: Gliscor|100/100 tox|[from] ability: Poison Heal
|upkeep
|turn|13
|
|t:|1760411918
|switch|p1a: Zamazenta|Zamazenta|72/100
|move|p2a: Kyurem|Substitute|p2a: Kyurem
|-start|p2a: Kyurem|Substitute
|-damage|p2a: Kyurem|69/100
|
|-heal|p1a: Zamazenta|78/100|[from] item: Leftovers
|-heal|p2a: Kyurem|75/100|[from] item: Leftovers
|upkeep
|turn|14
|
|t:|1760411921
|move|p1a: Zamazenta|Body Press|p2a: Kyurem
|-supereffective|p2a: Kyurem
|-end|p2a: Kyurem|Substitute
|move|p2a: Kyurem|Freeze-Dry|p1a: Zamazenta
|-damage|p1a: Zamazenta|40/100
|
|-heal|p1a: Zamazenta|47/100|[from] item: Leftovers
|-heal|p2a: Kyurem|82/100|[from] item: Leftovers
|upkeep
|turn|15
|
|t:|1760411934
|switch|p1a: Alomomola|Alomomola, F|100/100
|move|p2a: Kyurem|Protect||[still]
|-fail|p2a: Kyurem
|
|-heal|p2a: Kyurem|88/100|[from] item: Leftovers
|upkeep
|turn|16
|
|t:|1760411937
|move|p2a: Kyurem|Substitute|p2a: Kyurem
|-start|p2a: Kyurem|Substitute
|-damage|p2a: Kyurem|63/100
|move|p1a: Alomomola|Wish|p1a: Alomomola
|
|-heal|p2a: Kyurem|69/100|[from] item: Leftovers
|upkeep
|turn|17
|
|t:|1760411941
|move|p2a: Kyurem|Freeze-Dry|p1a: Alomomola
|-supereffective|p1a: Alomomola
|-damage|p1a: Alomomola|31/100
|move|p1a: Alomomola|Flip Turn|p2a: Kyurem
|-resisted|p2a: Kyurem
|-activate|p2a: Kyurem|move: Substitute|[damage]
|
|t:|1760411944
|switch|p1a: Zamazenta|Zamazenta|47/100|[from] Flip Turn
|
|-heal|p1a: Zamazenta|100/100|[from] move: Wish|[wisher] Alomomola
|-heal|p2a: Kyurem|75/100|[from] item: Leftovers
|upkeep
|turn|18
|
|t:|1760411951
|move|p2a: Kyurem|Freeze-Dry|p1a: Zamazenta
|-damage|p1a: Zamazenta|60/100
|move|p1a: Zamazenta|Roar|p2a: Kyurem
|drag|p2a: Darkrai|Darkrai, shiny|100/100
|-damage|p2a: Darkrai|88/100|[from] Spikes
|
|-heal|p1a: Zamazenta|66/100|[from] item: Leftovers
|upkeep
|turn|19
|
|t:|1760411960
|switch|p1a: Heatran|Heatran, F|100/100
|move|p2a: Darkrai|Focus Blast|p1a: Heatran
|-supereffective|p1a: Heatran
|-damage|p1a: Heatran|38/100
|
|-heal|p1a: Heatran|45/100|[from] item: Leftovers
|upkeep
|turn|20
|
|t:|1760411969
|switch|p1a: Gliscor|Gliscor, F|100/100 tox
|move|p2a: Darkrai|Focus Blast|p1a: Gliscor|[miss]
|-miss|p2a: Darkrai|p1a: Gliscor
|
|upkeep
|turn|21
|
|t:|1760411976
|switch|p2a: Great Tusk|Great Tusk|100/100
|-damage|p2a: Great Tusk|88/100|[from] Spikes
|move|p1a: Gliscor|Knock Off|p2a: Great Tusk
|-resisted|p2a: Great Tusk
|-damage|p2a: Great Tusk|82/100
|-enditem|p2a: Great Tusk|Assault Vest|[from] move: Knock Off|[of] p1a: Gliscor
|
|upkeep
|turn|22
|
|t:|1760411981
|move|p1a: Gliscor|Spikes|p2a: Great Tusk
|-sidestart|p2: hennyhardaway1|Spikes
|move|p2a: Great Tusk|Rapid Spin|p1a: Gliscor
|-damage|p1a: Gliscor|89/100 tox
|-boost|p2a: Great Tusk|spe|1
|-sideend|p2: hennyhardaway1|Spikes|[from] move: Rapid Spin|[of] p2a: Great Tusk
|
|-heal|p1a: Gliscor|100/100 tox|[from] ability: Poison Heal
|upkeep
|turn|23
|
|t:|1760411989
|move|p2a: Great Tusk|Body Press|p1a: Gliscor
|-resisted|p1a: Gliscor
|-damage|p1a: Gliscor|88/100 tox
|move|p1a: Gliscor|Spikes|p2a: Great Tusk
|-sidestart|p2: hennyhardaway1|Spikes
|
|-heal|p1a: Gliscor|99/100 tox|[from] ability: Poison Heal
|upkeep
|turn|24
|
|t:|1760411994
|move|p2a: Great Tusk|Rapid Spin|p1a: Gliscor
|-damage|p1a: Gliscor|88/100 tox
|-boost|p2a: Great Tusk|spe|1
|-sideend|p2: hennyhardaway1|Spikes|[from] move: Rapid Spin|[of] p2a: Great Tusk
|move|p1a: Gliscor|Earthquake|p2a: Great Tusk
|-damage|p2a: Great Tusk|60/100
|
|-heal|p1a: Gliscor|100/100 tox|[from] ability: Poison Heal
|upkeep
|turn|25
|
|t:|1760411999
|-end|p2a: Great Tusk|Protosynthesis|[silent]
|switch|p2a: Ceruledge|Ceruledge, M|100/100
|move|p1a: Gliscor|Knock Off|p2a: Ceruledge
|-supereffective|p2a: Ceruledge
|-damage|p2a: Ceruledge|63/100
|-enditem|p2a: Ceruledge|Leftovers|[from] move: Knock Off|[of] p1a: Gliscor
|
|upkeep
|turn|26
|
|t:|1760412008
|move|p1a: Gliscor|Earthquake|p2a: Ceruledge
|-supereffective|p2a: Ceruledge
|-damage|p2a: Ceruledge|10/100
|move|p2a: Ceruledge|Bulk Up|p2a: Ceruledge
|-boost|p2a: Ceruledge|atk|1
|-boost|p2a: Ceruledge|def|1
|
|upkeep
|turn|27
|
|t:|1760412016
|move|p2a: Ceruledge|Shadow Sneak|p1a: Gliscor
|-crit|p1a: Gliscor
|-damage|p1a: Gliscor|72/100 tox
|move|p1a: Gliscor|Knock Off|p2a: Ceruledge
|-supereffective|p2a: Ceruledge
|-damage|p2a: Ceruledge|0 fnt
|faint|p2a: Ceruledge
|
|-heal|p1a: Gliscor|85/100 tox|[from] ability: Poison Heal
|upkeep
|
|t:|1760412018
|switch|p2a: Kyurem|Kyurem, shiny|75/100
|-ability|p2a: Kyurem|Pressure
|turn|28
|
|t:|1760412033
|move|p2a: Kyurem|Substitute|p2a: Kyurem
|-start|p2a: Kyurem|Substitute
|-damage|p2a: Kyurem|50/100
|move|p1a: Gliscor|Knock Off|p2a: Kyurem
|-activate|p2a: Kyurem|move: Substitute|[damage]
|
|-heal|p2a: Kyurem|56/100|[from] item: Leftovers
|-heal|p1a: Gliscor|97/100 tox|[from] ability: Poison Heal
|upkeep
|turn|29
|
|t:|1760412044
|switch|p1a: Heatran|Heatran, F|45/100
|move|p2a: Kyurem|Freeze-Dry|p1a: Heatran
|-resisted|p1a: Heatran
|-damage|p1a: Heatran|38/100
|
|-heal|p2a: Kyurem|63/100|[from] item: Leftovers
|-heal|p1a: Heatran|44/100|[from] item: Leftovers
|upkeep
|turn|30
|
|t:|1760412059
|move|p2a: Kyurem|Earth Power|p1a: Heatran
|-supereffective|p1a: Heatran
|-crit|p1a: Heatran
|-damage|p1a: Heatran|0 fnt
|faint|p1a: Heatran
|
|-heal|p2a: Kyurem|69/100|[from] item: Leftovers
|upkeep
|
|t:|1760412062
|switch|p1a: Zamazenta|Zamazenta|66/100
|turn|31
|
|t:|1760412067
|move|p1a: Zamazenta|Body Press|p2a: Kyurem
|-supereffective|p2a: Kyurem
|-end|p2a: Kyurem|Substitute
|move|p2a: Kyurem|Freeze-Dry|p1a: Zamazenta
|-damage|p1a: Zamazenta|31/100
|
|-heal|p1a: Zamazenta|37/100|[from] item: Leftovers
|-heal|p2a: Kyurem|75/100|[from] item: Leftovers
|upkeep
|turn|32
|
|t:|1760412074
|move|p2a: Kyurem|Protect|p2a: Kyurem
|-singleturn|p2a: Kyurem|Protect
|move|p1a: Zamazenta|Iron Defense|p1a: Zamazenta
|-boost|p1a: Zamazenta|def|2
|
|-heal|p1a: Zamazenta|44/100|[from] item: Leftovers
|-heal|p2a: Kyurem|81/100|[from] item: Leftovers
|upkeep
|turn|33
|
|t:|1760412080
|switch|p2a: Pecharunt|Pecharunt|100/100
|move|p1a: Zamazenta|Roar|p2a: Pecharunt
|drag|p2a: Darkrai|Darkrai, shiny|88/100
|
|-heal|p1a: Zamazenta|50/100|[from] item: Leftovers
|upkeep
|turn|34
|
|t:|1760412083
|switch|p2a: Pecharunt|Pecharunt|100/100
|move|p1a: Zamazenta|Body Press|p2a: Pecharunt
|-immune|p2a: Pecharunt
|
|-heal|p1a: Zamazenta|56/100|[from] item: Leftovers
|upkeep
|turn|35
|
|t:|1760412088
|move|p2a: Pecharunt|Parting Shot|p1a: Zamazenta
|-unboost|p1a: Zamazenta|atk|1
|-unboost|p1a: Zamazenta|spa|1
|
|t:|1760412092
|switch|p2a: Great Tusk|Great Tusk|60/100|[from] Parting Shot
|move|p1a: Zamazenta|Roar|p2a: Great Tusk
|-end|p2a: Great Tusk|Protosynthesis|[silent]
|drag|p2a: Kyurem|Kyurem, shiny|81/100
|-ability|p2a: Kyurem|Pressure
|
|-heal|p1a: Zamazenta|62/100|[from] item: Leftovers
|-heal|p2a: Kyurem|87/100|[from] item: Leftovers
|upkeep
|turn|36
|
|t:|1760412098
|switch|p2a: Pecharunt|Pecharunt|100/100
|move|p1a: Zamazenta|Body Press|p2a: Pecharunt
|-immune|p2a: Pecharunt
|
|-heal|p1a: Zamazenta|68/100|[from] item: Leftovers
|upkeep
|turn|37
|
|t:|1760412102
|switch|p1a: Gliscor|Gliscor, F|97/100 tox
|move|p2a: Pecharunt|Parting Shot|p1a: Gliscor
|-unboost|p1a: Gliscor|atk|1
|-unboost|p1a: Gliscor|spa|1
|
|t:|1760412105
|switch|p2a: Kyurem|Kyurem, shiny|87/100|[from] Parting Shot
|-ability|p2a: Kyurem|Pressure
|
|-heal|p2a: Kyurem|93/100|[from] item: Leftovers
|-heal|p1a: Gliscor|100/100 tox|[from] ability: Poison Heal
|upkeep
|turn|38
|
|t:|1760412109
|move|p2a: Kyurem|Substitute|p2a: Kyurem
|-start|p2a: Kyurem|Substitute
|-damage|p2a: Kyurem|69/100
|move|p1a: Gliscor|Earthquake|p2a: Kyurem
|-activate|p2a: Kyurem|move: Substitute|[damage]
|
|-heal|p2a: Kyurem|75/100|[from] item: Leftovers
|upkeep
|turn|39
|-message|killbot18 forfeited.
|
|win|hennyhardaway1
|raw|killbot18's rating: 1382 &rarr; <strong>1357</strong><br />(-25 for losing)
|raw|hennyhardaway1's rating: 1295 &rarr; <strong>1326</strong><br />(+31 for winning)
|l|☆killbot18
|player|p1|
