|j|☆Irllysuckatthis
|j|☆Riles
|t:|1760338152
|gametype|singles
|player|p1|Irllysuckatthis|2|1286
|player|p2|Riles|may-masters3|1279
|gen|9
|tier|[Gen 9] OU
|rated|
|rule|HP Percentage Mod: HP is shown in percentages
|rule|Endless Battle Clause: Forcing endless battles is banned
|rule|Species Clause: Limit one of each Pokémon
|rule|OHKO Clause: OHKO moves are banned
|rule|Evasion Items Clause: Evasion items are banned
|rule|Evasion Moves Clause: Evasion moves are banned
|rule|Evasion Abilities Clause: Evasion abilities are banned
|rule|Sleep Moves Clause: Sleep-inducing moves are banned
|clearpoke
|poke|p1|Iron Leaves|
|poke|p1|Iron Moth|
|poke|p1|Iron Treads|
|poke|p1|Pincurchin, M|
|poke|p1|Iron Hands|
|poke|p1|Gliscor, F|
|poke|p2|Ceruledge, M|
|poke|p2|Scizor, F|
|poke|p2|Zapdos|
|poke|p2|Great Tusk|
|poke|p2|Hatterene, F|
|poke|p2|Iron Valiant|
|teampreview
|c|☆Riles|hf
|inactive|Battle timer is ON: inactive players will automatically lose when time's up. (requested by Riles)
|
|t:|1760338178
|teamsize|p1|6
|teamsize|p2|6
|start
|switch|p1a: Iron Moth|Iron Moth|100/100
|switch|p2a: Ceruledge|Ceruledge, M, shiny|100/100
|turn|1
|
|t:|1760338187
|move|p1a: Iron Moth|Psychic|p2a: Ceruledge
|-damage|p2a: Ceruledge|55/100
|move|p2a: Ceruledge|Swords Dance|p2a: Ceruledge
|-boost|p2a: Ceruledge|atk|2
|
|upkeep
|turn|2
|
|t:|1760338193
|-end|p1a: Iron Moth|Quark Drive|[silent]
|switch|p1a: Gliscor|Gliscor, F|100/100
|move|p2a: Ceruledge|Bitter Blade|p1a: Gliscor
|-damage|p1a: Gliscor|43/100
|-heal|p2a: Ceruledge|91/100|[from] drain|[of] p1a: Gliscor
|
|-status|p1a: Gliscor|tox|[from] item: Toxic Orb
|upkeep
|turn|3
|
|t:|1760338203
|-terastallize|p1a: Gliscor|Water
|move|p2a: Ceruledge|Bitter Blade|p1a: Gliscor
|-resisted|p1a: Gliscor
|-damage|p1a: Gliscor|12/100 tox
|-heal|p2a: Ceruledge|100/100|[from] drain|[of] p1a: Gliscor
|move|p1a: Gliscor|Earthquake|p2a: Ceruledge
|-supereffective|p2a: Ceruledge
|-damage|p2a: Ceruledge|14/100
|-ability|p2a: Ceruledge|Weak Armor|boost
|-unboost|p2a: Ceruledge|def|1
|-boost|p2a: Ceruledge|spe|2
|
|-heal|p1a: Gliscor|25/100 tox|[from] ability: Poison Heal
|upkeep
|turn|4
|
|t:|1760338213
|move|p1a: Gliscor|Protect|p1a: Gliscor
|-singleturn|p1a: Gliscor|Protect
|move|p2a: Ceruledge|Bitter Blade|p1a: Gliscor
|-activate|p1a: Gliscor|move: Protect
|
|-heal|p1a: Gliscor|37/100 tox|[from] ability: Poison Heal
|upkeep
|turn|5
|
|t:|1760338220
|move|p2a: Ceruledge|Close Combat|p1a: Gliscor
|-damage|p1a: Gliscor|0 fnt
|-unboost|p2a: Ceruledge|def|1
|-unboost|p2a: Ceruledge|spd|1
|faint|p1a: Gliscor
|
|upkeep
|
|t:|1760338227
|switch|p1a: Iron Hands|Iron Hands|100/100
|turn|6
|
|t:|1760338231
|move|p2a: Ceruledge|Bitter Blade|p1a: Iron Hands
|-damage|p1a: Iron Hands|27/100
|-heal|p2a: Ceruledge|70/100|[from] drain|[of] p1a: Iron Hands
|move|p1a: Iron Hands|Thunder Punch|p2a: Ceruledge
|-damage|p2a: Ceruledge|0 fnt
|faint|p2a: Ceruledge
|
|-heal|p1a: Iron Hands|34/100|[from] item: Leftovers
|upkeep
|
|t:|1760338233
|switch|p2a: Great Tusk|Great Tusk|100/100
|turn|7
|
|t:|1760338242
|move|p2a: Great Tusk|Stealth Rock|p1a: Iron Hands
|-sidestart|p1: Irllysuckatthis|move: Stealth Rock
|move|p1a: Iron Hands|Ice Punch|p2a: Great Tusk
|-supereffective|p2a: Great Tusk
|-damage|p2a: Great Tusk|73/100
|
|-heal|p2a: Great Tusk|80/100|[from] item: Leftovers
|-heal|p1a: Iron Hands|40/100|[from] item: Leftovers
|upkeep
|turn|8
|
|t:|1760338254
|move|p2a: Great Tusk|Earthquake|p1a: Iron Hands
|-supereffective|p1a: Iron Hands
|-damage|p1a: Iron Hands|0 fnt
|faint|p1a: Iron Hands
|-end|p1a: Iron Hands|Quark Drive|[silent]
|
|-heal|p2a: Great Tusk|86/100|[from] item: Leftovers
|upkeep
|
|t:|1760338274
|switch|p1a: Iron Moth|Iron Moth|100/100
|turn|9
|
|t:|1760338281
|-terastallize|p2a: Great Tusk|Water
|move|p1a: Iron Moth|Psychic|p2a: Great Tusk
|-damage|p2a: Great Tusk|36/100
|move|p2a: Great Tusk|Earthquake|p1a: Iron Moth
|-supereffective|p1a: Iron Moth
|-damage|p1a: Iron Moth|0 fnt
|faint|p1a: Iron Moth
|-end|p1a: Iron Moth|Quark Drive|[silent]
|
|-heal|p2a: Great Tusk|42/100|[from] item: Leftovers
|upkeep
|
|t:|1760338289
|switch|p1a: Pincurchin|Pincurchin, M|100/100
|-damage|p1a: Pincurchin|88/100|[from] Stealth Rock
|-fieldstart|move: Electric Terrain|[from] ability: Electric Surge|[of] p1a: Pincurchin
|turn|10
|
|t:|1760338299
|move|p2a: Great Tusk|Earthquake|p1a: Pincurchin
|-supereffective|p1a: Pincurchin
|-damage|p1a: Pincurchin|20/100
|move|p1a: Pincurchin|Discharge|p2a: Great Tusk
|-supereffective|p2a: Great Tusk
|-damage|p2a: Great Tusk|0 fnt
|faint|p2a: Great Tusk
|-end|p2a: Great Tusk|Protosynthesis|[silent]
|
|upkeep
|
|t:|1760338301
|switch|p2a: Scizor|Scizor, F, shiny|100/100
|turn|11
|
|t:|1760338305
|move|p2a: Scizor|Swords Dance|p2a: Scizor
|-boost|p2a: Scizor|atk|2
|move|p1a: Pincurchin|Scald|p2a: Scizor
|-damage|p2a: Scizor|81/100
|-status|p2a: Scizor|brn
|
|-heal|p2a: Scizor|87/100 brn|[from] item: Leftovers
|-damage|p2a: Scizor|81/100 brn|[from] brn
|upkeep
|turn|12
|
|t:|1760338311
|move|p2a: Scizor|Knock Off|p1a: Pincurchin
|-damage|p1a: Pincurchin|0 fnt
|-enditem|p1a: Pincurchin|Terrain Extender|[from] move: Knock Off|[of] p2a: Scizor
|faint|p1a: Pincurchin
|
|-heal|p2a: Scizor|87/100 brn|[from] item: Leftovers
|-damage|p2a: Scizor|81/100 brn|[from] brn
|upkeep
|
|t:|1760338314
|switch|p1a: Iron Leaves|Iron Leaves|100/100
|-damage|p1a: Iron Leaves|88/100|[from] Stealth Rock
|-activate|p1a: Iron Leaves|ability: Quark Drive
|-start|p1a: Iron Leaves|quarkdrivespe
|turn|13
|
|t:|1760338324
|move|p1a: Iron Leaves|Close Combat|p2a: Scizor
|-damage|p2a: Scizor|26/100 brn
|-unboost|p1a: Iron Leaves|def|1
|-unboost|p1a: Iron Leaves|spd|1
|-damage|p1a: Iron Leaves|78/100|[from] item: Life Orb
|move|p2a: Scizor|Knock Off|p1a: Iron Leaves
|-supereffective|p1a: Iron Leaves
|-damage|p1a: Iron Leaves|0 fnt
|-enditem|p1a: Iron Leaves|Life Orb|[from] move: Knock Off|[of] p2a: Scizor
|faint|p1a: Iron Leaves
|-end|p1a: Iron Leaves|Quark Drive|[silent]
|
|-heal|p2a: Scizor|32/100 brn|[from] item: Leftovers
|-damage|p2a: Scizor|26/100 brn|[from] brn
|upkeep
|
|t:|1760338327
|switch|p1a: Iron Treads|Iron Treads|100/100
|-damage|p1a: Iron Treads|97/100|[from] Stealth Rock
|-activate|p1a: Iron Treads|ability: Quark Drive
|-start|p1a: Iron Treads|quarkdrivespe
|turn|14
|
|t:|1760338330
|move|p1a: Iron Treads|Earthquake|p2a: Scizor
|-damage|p2a: Scizor|0 fnt
|faint|p2a: Scizor
|
|upkeep
|
|t:|1760338331
|switch|p2a: Iron Valiant|Iron Valiant|100/100
|-activate|p2a: Iron Valiant|ability: Quark Drive
|-start|p2a: Iron Valiant|quarkdrivespe
|turn|15
|
|t:|1760338337
|move|p2a: Iron Valiant|Close Combat|p1a: Iron Treads
|-supereffective|p1a: Iron Treads
|-damage|p1a: Iron Treads|20/100
|-unboost|p2a: Iron Valiant|def|1
|-unboost|p2a: Iron Valiant|spd|1
|move|p1a: Iron Treads|Earthquake|p2a: Iron Valiant
|-damage|p2a: Iron Valiant|30/100
|
|upkeep
|turn|16
|
|t:|1760338345
|move|p2a: Iron Valiant|Close Combat|p1a: Iron Treads
|-supereffective|p1a: Iron Treads
|-damage|p1a: Iron Treads|0 fnt
|-unboost|p2a: Iron Valiant|def|1
|-unboost|p2a: Iron Valiant|spd|1
|faint|p1a: Iron Treads
|-end|p1a: Iron Treads|Quark Drive|[silent]
|
|win|Riles
|raw|Irllysuckatthis's rating: 1286 &rarr; <strong>1260</strong><br />(-26 for losing)
|raw|Riles's rating: 1279 &rarr; <strong>1305</strong><br />(+26 for winning)
|c|☆Riles|gg
|c|☆Irllysuckatthis|Gg
|l|☆Irllysuckatthis
|player|p1|
|l|☆Riles
|player|p2|
