|j|☆ramenn
|j|☆SaikoWrld
|t:|1760350190
|gametype|singles
|player|p1|ramenn|1|1180
|player|p2|SaikoWrld|170|1170
|gen|9
|tier|[Gen 9] OU
|rated|
|rule|HP Percentage Mod: HP is shown in percentages
|rule|Endless Battle Clause: Forcing endless battles is banned
|rule|Species Clause: Limit one of each Pokémon
|rule|OHKO Clause: OHKO moves are banned
|rule|Evasion Items Clause: Evasion items are banned
|rule|Evasion Moves Clause: Evasion moves are banned
|rule|Evasion Abilities Clause: Evasion abilities are banned
|rule|Sleep Moves Clause: Sleep-inducing moves are banned
|clearpoke
|poke|p1|Dragapult, M|
|poke|p1|Slowking-Galar, F|
|poke|p1|Great Tusk|
|poke|p1|Ogerpon-Wellspring, F|
|poke|p1|Dragonite, M|
|poke|p1|Gliscor, F|
|poke|p2|Muk-Alola, M|
|poke|p2|Orthworm, F|
|poke|p2|Landorus-Therian, M|
|poke|p2|Hatterene, F|
|poke|p2|Zapdos|
|poke|p2|Ceruledge, M|
|teampreview
|
|t:|1760350195
|teamsize|p1|6
|teamsize|p2|6
|start
|switch|p1a: Dragapult|Dragapult, M|100/100
|switch|p2a: TrashDay|Muk-Alola, M, shiny|100/100
|turn|1
|
|t:|1760350201
|move|p1a: Dragapult|U-turn|p2a: TrashDay
|-damage|p2a: TrashDay|81/100
|
|t:|1760350208
|switch|p1a: Dragonite|Dragonite, M|100/100|[from] U-turn
|move|p2a: TrashDay|Knock Off|p1a: Dragonite
|-damage|p1a: Dragonite|74/100
|-enditem|p1a: Dragonite|Choice Band|[from] move: Knock Off|[of] p2a: TrashDay
|
|upkeep
|turn|2
|
|t:|1760350225
|switch|p2a: Landorus|Landorus-Therian, M|100/100
|-ability|p2a: Landorus|Intimidate|boost
|-unboost|p1a: Dragonite|atk|1
|move|p1a: Dragonite|Earthquake|p2a: Landorus
|-immune|p2a: Landorus
|
|upkeep
|turn|3
|
|t:|1760350237
|move|p2a: Landorus|Rock Slide|p1a: Dragonite
|-supereffective|p1a: Dragonite
|-damage|p1a: Dragonite|0 fnt
|faint|p1a: Dragonite
|-damage|p2a: Landorus|90/100|[from] item: Life Orb
|
|upkeep
|
|t:|1760350245
|switch|p1a: Ogerpon|Ogerpon-Wellspring, F|100/100
|turn|4
|
|t:|1760350256
|switch|p1a: Gliscor|Gliscor, F|100/100
|switch|p2a: Zapdos|Zapdos|100/100
|
|-status|p1a: Gliscor|tox|[from] item: Toxic Orb
|upkeep
|turn|5
|
|t:|1760350266
|move|p2a: Zapdos|Tailwind|p2a: Zapdos
|-sidestart|p2: SaikoWrld|move: Tailwind
|move|p1a: Gliscor|Swords Dance|p1a: Gliscor
|-boost|p1a: Gliscor|atk|2
|
|upkeep
|turn|6
|
|t:|1760350276
|switch|p2a: Landorus|Landorus-Therian, M|90/100
|-ability|p2a: Landorus|Intimidate|boost
|-unboost|p1a: Gliscor|atk|1
|move|p1a: Gliscor|Knock Off|p2a: Landorus
|-damage|p2a: Landorus|40/100
|-enditem|p2a: Landorus|Life Orb|[from] move: Knock Off|[of] p1a: Gliscor
|
|upkeep
|turn|7
|
|t:|1760350285
|move|p2a: Landorus|U-turn|p1a: Gliscor
|-resisted|p1a: Gliscor
|-damage|p1a: Gliscor|91/100 tox
|
|t:|1760350312
|switch|p2a: Ceruledge|Ceruledge, M|100/100|[from] U-turn
|move|p1a: Gliscor|Knock Off|p2a: Ceruledge
|-supereffective|p2a: Ceruledge
|-enditem|p2a: Ceruledge|Focus Sash
|-damage|p2a: Ceruledge|1/100
|-ability|p2a: Ceruledge|Weak Armor|boost
|-unboost|p2a: Ceruledge|def|1
|-boost|p2a: Ceruledge|spe|2
|
|-heal|p1a: Gliscor|100/100 tox|[from] ability: Poison Heal
|upkeep
|turn|8
|
|t:|1760350321
|move|p2a: Ceruledge|Destiny Bond|p2a: Ceruledge
|-singlemove|p2a: Ceruledge|Destiny Bond
|move|p1a: Gliscor|Knock Off|p2a: Ceruledge
|-supereffective|p2a: Ceruledge
|-damage|p2a: Ceruledge|0 fnt
|faint|p2a: Ceruledge
|-activate|p2a: Ceruledge|move: Destiny Bond
|faint|p1a: Gliscor
|
|-sideend|p2: SaikoWrld|move: Tailwind
|upkeep
|
|t:|1760350346
|switch|p2a: TrashDay|Muk-Alola, M, shiny|81/100
|switch|p1a: Dragapult|Dragapult, M|100/100
|turn|9
|inactive|Battle timer is ON: inactive players will automatically lose when time's up. (requested by SaikoWrld)
|
|t:|1760350424
|move|p1a: Dragapult|Draco Meteor|p2a: TrashDay
|-damage|p2a: TrashDay|8/100
|-unboost|p1a: Dragapult|spa|2
|-enditem|p2a: TrashDay|Lansat Berry|[eat]
|-start|p2a: TrashDay|move: Focus Energy
|move|p2a: TrashDay|Knock Off|p1a: Dragapult
|-supereffective|p1a: Dragapult
|-damage|p1a: Dragapult|0 fnt
|-enditem|p1a: Dragapult|Choice Specs|[from] move: Knock Off|[of] p2a: TrashDay
|faint|p1a: Dragapult
|
|upkeep
|-message|ramenn forfeited.
|
|win|SaikoWrld
|raw|ramenn's rating: 1180 &rarr; <strong>1154</strong><br />(-26 for losing)
|raw|SaikoWrld's rating: 1170 &rarr; <strong>1196</strong><br />(+26 for winning)
|l|☆ramenn
|player|p1|
|l|☆SaikoWrld
|player|p2|
