|j|‽cielolebogoss
|j|☆vghhjg
|t:|1760438487
|gametype|singles
|player|p1|cielolebogoss|ghetsis-gen5bw|1548
|player|p2|vghhjg|170|1525
|gen|9
|tier|[Gen 9] OU
|rated|
|rule|HP Percentage Mod: HP is shown in percentages
|rule|Endless Battle Clause: Forcing endless battles is banned
|rule|Species Clause: Limit one of each Pokémon
|rule|OHKO Clause: OHKO moves are banned
|rule|Evasion Items Clause: Evasion items are banned
|rule|Evasion Moves Clause: Evasion moves are banned
|rule|Evasion Abilities Clause: Evasion abilities are banned
|rule|Sleep Moves Clause: Sleep-inducing moves are banned
|clearpoke
|poke|p1|Manaphy|
|poke|p1|Ninetales-Alola, M|
|poke|p1|Iron Crown|
|poke|p1|Iron Moth|
|poke|p1|Kingambit, M|
|poke|p1|Ogerpon-Wellspring, F|
|poke|p2|Ribombee, M|
|poke|p2|Gholdengo|
|poke|p2|Dragonite, M|
|poke|p2|Enamorus, F|
|poke|p2|Iron Moth|
|poke|p2|Iron Treads|
|teampreview
|
|t:|1760438502
|teamsize|p1|6
|teamsize|p2|6
|start
|switch|p1a: Iron Crown|Iron Crown|100/100
|switch|p2a: Ribombee|Ribombee, M|100/100
|turn|1
|
|t:|1760438504
|move|p1a: Iron Crown|Tachyon Cutter|p2a: Ribombee
|-supereffective|p2a: Ribombee
|-damage|p2a: Ribombee|4/100
|-supereffective|p2a: Ribombee
|-crit|p2a: Ribombee
|-damage|p2a: Ribombee|0 fnt
|faint|p2a: Ribombee
|-hitcount|p2: Ribombee|2
|
|upkeep
|
|t:|1760438510
|switch|p2a: Iron Treads|Iron Treads|100/100
|-enditem|p2a: Iron Treads|Booster Energy
|-activate|p2a: Iron Treads|ability: Quark Drive|[fromitem]
|-start|p2a: Iron Treads|quarkdrivespe
|turn|2
|
|t:|1760438515
|-end|p1a: Iron Crown|Quark Drive|[silent]
|switch|p1a: Ogerpon|Ogerpon-Wellspring, F|100/100
|move|p2a: Iron Treads|Knock Off|p1a: Ogerpon
|-damage|p1a: Ogerpon|76/100
|
|upkeep
|turn|3
|inactive|Battle timer is ON: inactive players will automatically lose when time's up. (requested by cielolebogoss)
|
|t:|1760438520
|move|p2a: Iron Treads|Stealth Rock|p1a: Ogerpon
|-sidestart|p1: cielolebogoss|move: Stealth Rock
|move|p1a: Ogerpon|Ivy Cudgel|p2a: Iron Treads|[anim] Ivy Cudgel Water
|-supereffective|p2a: Iron Treads
|-damage|p2a: Iron Treads|0 fnt
|faint|p2a: Iron Treads
|-end|p2a: Iron Treads|Quark Drive|[silent]
|
|upkeep
|
|t:|1760438538
|switch|p2a: Gholdengo|Gholdengo|100/100
|-item|p2a: Gholdengo|Air Balloon
|turn|4
|
|t:|1760438541
|move|p1a: Ogerpon|Ivy Cudgel|p2a: Gholdengo|[anim] Ivy Cudgel Water
|-damage|p2a: Gholdengo|36/100
|-enditem|p2a: Gholdengo|Air Balloon
|move|p2a: Gholdengo|Shadow Ball|p1a: Ogerpon
|-damage|p1a: Ogerpon|25/100
|
|upkeep
|turn|5
|
|t:|1760438549
|move|p1a: Ogerpon|Horn Leech|p2a: Gholdengo
|-resisted|p2a: Gholdengo
|-damage|p2a: Gholdengo|13/100
|-heal|p1a: Ogerpon|37/100|[from] drain|[of] p2a: Gholdengo
|move|p2a: Gholdengo|Shadow Ball|p1a: Ogerpon
|-damage|p1a: Ogerpon|0 fnt
|faint|p1a: Ogerpon
|
|upkeep
|
|t:|1760438554
|switch|p1a: Ninetales|Ninetales-Alola, M|100/100
|-damage|p1a: Ninetales|76/100|[from] Stealth Rock
|-weather|Snowscape|[from] ability: Snow Warning|[of] p1a: Ninetales
|turn|6
|
|t:|1760438566
|move|p1a: Ninetales|Aurora Veil|p1a: Ninetales
|-sidestart|p1: cielolebogoss|move: Aurora Veil
|move|p2a: Gholdengo|Nasty Plot|p2a: Gholdengo
|-boost|p2a: Gholdengo|spa|2
|
|-weather|Snowscape|[upkeep]
|upkeep
|turn|7
|
|t:|1760438572
|move|p1a: Ninetales|Encore|p2a: Gholdengo
|-immune|p2a: Gholdengo|[from] ability: Good as Gold
|move|p2a: Gholdengo|Shadow Ball|p1a: Ninetales
|-damage|p1a: Ninetales|27/100
|
|-weather|Snowscape|[upkeep]
|upkeep
|turn|8
|
|t:|1760438578
|move|p1a: Ninetales|Moonblast|p2a: Gholdengo
|-resisted|p2a: Gholdengo
|-damage|p2a: Gholdengo|0 fnt
|faint|p2a: Gholdengo
|
|-weather|Snowscape|[upkeep]
|upkeep
|
|t:|1760438586
|switch|p2a: Iron Moth|Iron Moth, shiny|100/100
|-enditem|p2a: Iron Moth|Booster Energy
|-activate|p2a: Iron Moth|ability: Quark Drive|[fromitem]
|-start|p2a: Iron Moth|quarkdrivespa
|turn|9
|
|t:|1760438592
|switch|p1a: Iron Moth|Iron Moth|100/100
|-damage|p1a: Iron Moth|76/100|[from] Stealth Rock
|-enditem|p1a: Iron Moth|Booster Energy
|-activate|p1a: Iron Moth|ability: Quark Drive|[fromitem]
|-start|p1a: Iron Moth|quarkdrivespe
|move|p2a: Iron Moth|Fiery Dance|p1a: Iron Moth
|-resisted|p1a: Iron Moth
|-crit|p1a: Iron Moth
|-damage|p1a: Iron Moth|29/100
|
|-weather|Snowscape|[upkeep]
|upkeep
|turn|10
|
|t:|1760438618
|move|p1a: Iron Moth|Psychic|p2a: Iron Moth
|-supereffective|p2a: Iron Moth
|-damage|p2a: Iron Moth|34/100
|move|p2a: Iron Moth|Fiery Dance|p1a: Iron Moth
|-resisted|p1a: Iron Moth
|-damage|p1a: Iron Moth|13/100
|-boost|p2a: Iron Moth|spa|1
|
|-weather|none
|upkeep
|turn|11
|
|t:|1760438629
|move|p1a: Iron Moth|Psychic|p2a: Iron Moth
|-supereffective|p2a: Iron Moth
|-damage|p2a: Iron Moth|0 fnt
|faint|p2a: Iron Moth
|-end|p2a: Iron Moth|Quark Drive|[silent]
|
|upkeep
|
|t:|1760438635
|switch|p2a: Dragonite|Dragonite, M, shiny|100/100
|turn|12
|
|t:|1760438644
|move|p1a: Iron Moth|Dazzling Gleam|p2a: Dragonite
|-supereffective|p2a: Dragonite
|-damage|p2a: Dragonite|74/100
|move|p2a: Dragonite|Dragon Dance|p2a: Dragonite
|-boost|p2a: Dragonite|atk|1
|-boost|p2a: Dragonite|spe|1
|
|-heal|p2a: Dragonite|80/100|[from] item: Leftovers
|upkeep
|turn|13
|
|t:|1760438661
|-terastallize|p2a: Dragonite|Flying
|move|p1a: Iron Moth|Dazzling Gleam|p2a: Dragonite
|-damage|p2a: Dragonite|54/100
|move|p2a: Dragonite|Dragon Dance|p2a: Dragonite
|-boost|p2a: Dragonite|atk|1
|-boost|p2a: Dragonite|spe|1
|
|-heal|p2a: Dragonite|60/100|[from] item: Leftovers
|-sideend|p1: cielolebogoss|move: Aurora Veil
|upkeep
|turn|14
|
|t:|1760438673
|move|p2a: Dragonite|Earthquake|p1a: Iron Moth
|-supereffective|p1a: Iron Moth
|-damage|p1a: Iron Moth|0 fnt
|faint|p1a: Iron Moth
|-end|p1a: Iron Moth|Quark Drive|[silent]
|
|-heal|p2a: Dragonite|66/100|[from] item: Leftovers
|upkeep
|
|t:|1760438681
|switch|p1a: Manaphy|Manaphy|100/100
|-damage|p1a: Manaphy|88/100|[from] Stealth Rock
|turn|15
|
|t:|1760438686
|move|p2a: Dragonite|Tera Blast|p1a: Manaphy|[anim] Tera Blast Flying
|-damage|p1a: Manaphy|0 fnt
|faint|p1a: Manaphy
|
|-heal|p2a: Dragonite|72/100|[from] item: Leftovers
|upkeep
|
|t:|1760438689
|switch|p1a: Iron Crown|Iron Crown|100/100
|-damage|p1a: Iron Crown|94/100|[from] Stealth Rock
|turn|16
|
|t:|1760438700
|-terastallize|p1a: Iron Crown|Flying
|move|p2a: Dragonite|Earthquake|p1a: Iron Crown
|-immune|p1a: Iron Crown
|move|p1a: Iron Crown|Tachyon Cutter|p2a: Dragonite
|-damage|p2a: Dragonite|43/100
|-damage|p2a: Dragonite|11/100
|-hitcount|p2a: Dragonite|2
|
|-heal|p2a: Dragonite|18/100|[from] item: Leftovers
|upkeep
|turn|17
|
|t:|1760438713
|-end|p1a: Iron Crown|Quark Drive|[silent]
|switch|p1a: Kingambit|Kingambit, M|100/100
|-damage|p1a: Kingambit|94/100|[from] Stealth Rock
|-activate|p1a: Kingambit|ability: Supreme Overlord
|-start|p1a: Kingambit|fallen3|[silent]
|move|p2a: Dragonite|Tera Blast|p1a: Kingambit|[anim] Tera Blast Flying
|-resisted|p1a: Kingambit
|-damage|p1a: Kingambit|50/100
|
|-heal|p2a: Dragonite|24/100|[from] item: Leftovers
|-heal|p1a: Kingambit|56/100|[from] item: Leftovers
|upkeep
|turn|18
|
|t:|1760438731
|move|p1a: Kingambit|Sucker Punch||[still]
|-fail|p1a: Kingambit
|move|p2a: Dragonite|Dragon Dance|p2a: Dragonite
|-boost|p2a: Dragonite|atk|1
|-boost|p2a: Dragonite|spe|1
|
|-heal|p2a: Dragonite|30/100|[from] item: Leftovers
|-heal|p1a: Kingambit|62/100|[from] item: Leftovers
|upkeep
|turn|19
|
|t:|1760438734
|move|p1a: Kingambit|Sucker Punch||[still]
|-fail|p1a: Kingambit
|move|p2a: Dragonite|Encore|p1a: Kingambit
|-start|p1a: Kingambit|Encore
|
|-heal|p2a: Dragonite|36/100|[from] item: Leftovers
|-heal|p1a: Kingambit|68/100|[from] item: Leftovers
|upkeep
|turn|20
|
|t:|1760438738
|move|p1a: Kingambit|Sucker Punch||[still]
|-fail|p1a: Kingambit
|move|p2a: Dragonite|Dragon Dance|p2a: Dragonite
|-boost|p2a: Dragonite|atk|1
|-boost|p2a: Dragonite|spe|1
|
|-heal|p2a: Dragonite|42/100|[from] item: Leftovers
|-heal|p1a: Kingambit|74/100|[from] item: Leftovers
|upkeep
|turn|21
|
|t:|1760438747
|-end|p1a: Kingambit|fallen3|[silent]
|switch|p1a: Iron Crown|Iron Crown, tera:Flying|94/100
|-damage|p1a: Iron Crown|69/100|[from] Stealth Rock
|move|p2a: Dragonite|Dragon Dance|p2a: Dragonite
|-boost|p2a: Dragonite|atk|1
|-boost|p2a: Dragonite|spe|1
|
|-heal|p2a: Dragonite|48/100|[from] item: Leftovers
|upkeep
|turn|22
|
|t:|1760438756
|-end|p1a: Iron Crown|Quark Drive|[silent]
|switch|p1a: Kingambit|Kingambit, M|74/100
|-damage|p1a: Kingambit|68/100|[from] Stealth Rock
|-activate|p1a: Kingambit|ability: Supreme Overlord
|-start|p1a: Kingambit|fallen3|[silent]
|move|p2a: Dragonite|Tera Blast|p1a: Kingambit|[anim] Tera Blast Flying
|-resisted|p1a: Kingambit
|-damage|p1a: Kingambit|0 fnt
|faint|p1a: Kingambit
|-end|p1a: Kingambit|fallen3|[silent]
|
|-heal|p2a: Dragonite|55/100|[from] item: Leftovers
|upkeep
|
|t:|1760438766
|switch|p1a: Iron Crown|Iron Crown, tera:Flying|69/100
|-damage|p1a: Iron Crown|44/100|[from] Stealth Rock
|turn|23
|
|t:|1760438769
|move|p2a: Dragonite|Tera Blast|p1a: Iron Crown|[anim] Tera Blast Flying
|-damage|p1a: Iron Crown|0 fnt
|faint|p1a: Iron Crown
|-end|p1a: Iron Crown|Quark Drive|[silent]
|
|-heal|p2a: Dragonite|61/100|[from] item: Leftovers
|upkeep
|-message|cielolebogoss forfeited.
|
|win|vghhjg
|raw|cielolebogoss's rating: 1548 &rarr; <strong>1527</strong><br />(-21 for losing)
|raw|vghhjg's rating: 1525 &rarr; <strong>1546</strong><br />(+21 for winning)
|l|‽cielolebogoss
|player|p1|
|l|☆vghhjg
|player|p2|
