|j|☆Arcaniner52
|j|☆Twilights
|t:|1760344302
|gametype|singles
|player|p1|Arcaniner52|blue|1286
|player|p2|Twilights|2|1271
|gen|9
|tier|[Gen 9] OU
|rated|
|rule|HP Percentage Mod: HP is shown in percentages
|rule|Endless Battle Clause: Forcing endless battles is banned
|rule|Species Clause: Limit one of each Pokémon
|rule|OHKO Clause: OHKO moves are banned
|rule|Evasion Items Clause: Evasion items are banned
|rule|Evasion Moves Clause: Evasion moves are banned
|rule|Evasion Abilities Clause: Evasion abilities are banned
|rule|Sleep Moves Clause: Sleep-inducing moves are banned
|clearpoke
|poke|p1|Typhlosion, M|
|poke|p1|Salamence, M|
|poke|p1|Magnezone|
|poke|p1|Great Tusk|
|poke|p1|Espeon, F|
|poke|p1|Greninja-*, M|
|poke|p2|Deoxys-Speed|
|poke|p2|Hatterene, F|
|poke|p2|Iron Moth|
|poke|p2|Dragonite, F|
|poke|p2|Iron Treads|
|poke|p2|Cloyster, M|
|teampreview
|inactive|Battle timer is ON: inactive players will automatically lose when time's up. (requested by Twilights)
|
|t:|1760344316
|teamsize|p1|6
|teamsize|p2|6
|start
|switch|p1a: Espeon|Espeon, F|100/100
|switch|p2a: Hatterene|Hatterene, F|100/100
|turn|1
|
|t:|1760344325
|move|p1a: Espeon|Light Screen|p1a: Espeon
|-sidestart|p1: Arcaniner52|move: Light Screen
|move|p2a: Hatterene|Reflect|p2a: Hatterene
|-sidestart|p2: Twilights|Reflect
|
|upkeep
|turn|2
|
|t:|1760344332
|move|p1a: Espeon|Reflect|p1a: Espeon
|-sidestart|p1: Arcaniner52|Reflect
|move|p2a: Hatterene|Light Screen|p2a: Hatterene
|-sidestart|p2: Twilights|move: Light Screen
|
|upkeep
|turn|3
|
|t:|1760344338
|switch|p1a: Magnezone|Magnezone, shiny|100/100
|move|p2a: Hatterene|Misty Explosion|p1a: Magnezone
|-resisted|p1a: Magnezone
|-damage|p1a: Magnezone|80/100
|faint|p2a: Hatterene
|
|-heal|p1a: Magnezone|86/100|[from] item: Leftovers
|upkeep
|
|t:|1760344351
|switch|p2a: Dragonite|Dragonite, F|100/100
|turn|4
|
|t:|1760344358
|move|p2a: Dragonite|Dragon Dance|p2a: Dragonite
|-boost|p2a: Dragonite|atk|1
|-boost|p2a: Dragonite|spe|1
|move|p1a: Magnezone|Volt Switch|p2a: Dragonite
|-damage|p2a: Dragonite|90/100
|
|t:|1760344364
|switch|p1a: Great Tusk|Great Tusk|100/100|[from] Volt Switch
|
|upkeep
|turn|5
|
|t:|1760344370
|move|p2a: Dragonite|Ice Spinner|p1a: Great Tusk
|-supereffective|p1a: Great Tusk
|-damage|p1a: Great Tusk|66/100
|move|p1a: Great Tusk|Ice Spinner|p2a: Dragonite
|-supereffective|p2a: Dragonite
|-damage|p2a: Dragonite|32/100
|
|upkeep
|turn|6
|
|t:|1760344390
|move|p2a: Dragonite|Ice Spinner|p1a: Great Tusk
|-supereffective|p1a: Great Tusk
|-damage|p1a: Great Tusk|34/100
|-enditem|p1a: Great Tusk|Sitrus Berry|[eat]
|-heal|p1a: Great Tusk|59/100|[from] item: Sitrus Berry
|move|p1a: Great Tusk|Ice Spinner|p2a: Dragonite
|-supereffective|p2a: Dragonite
|-damage|p2a: Dragonite|0 fnt
|faint|p2a: Dragonite
|
|upkeep
|
|t:|1760344400
|switch|p2a: Cloyster|Cloyster, M|100/100
|turn|7
|
|t:|1760344423
|move|p1a: Great Tusk|Stealth Rock|p2a: Cloyster
|-sidestart|p2: Twilights|move: Stealth Rock
|move|p2a: Cloyster|Shell Smash|p2a: Cloyster
|-unboost|p2a: Cloyster|def|1
|-unboost|p2a: Cloyster|spd|1
|-boost|p2a: Cloyster|atk|2
|-boost|p2a: Cloyster|spa|2
|-boost|p2a: Cloyster|spe|2
|-enditem|p2a: Cloyster|White Herb
|-clearnegativeboost|p2a: Cloyster|[silent]
|
|upkeep
|turn|8
|
|t:|1760344435
|move|p2a: Cloyster|Icicle Spear|p1a: Great Tusk
|-supereffective|p1a: Great Tusk
|-damage|p1a: Great Tusk|43/100
|-supereffective|p1a: Great Tusk
|-damage|p1a: Great Tusk|28/100
|-supereffective|p1a: Great Tusk
|-damage|p1a: Great Tusk|10/100
|-supereffective|p1a: Great Tusk
|-damage|p1a: Great Tusk|0 fnt
|faint|p1a: Great Tusk
|-end|p1a: Great Tusk|Protosynthesis|[silent]
|-hitcount|p1: Great Tusk|4
|
|-sideend|p2: Twilights|Reflect
|-sideend|p1: Arcaniner52|move: Light Screen
|upkeep
|inactive|Arcaniner52 has 120 seconds left.
|
|t:|1760344451
|switch|p1a: Salamence|Salamence, M|100/100
|-ability|p1a: Salamence|Intimidate|boost
|-unboost|p2a: Cloyster|atk|1
|turn|9
|inactive|Arcaniner52 has 120 seconds left.
|
|t:|1760344471
|switch|p1a: Magnezone|Magnezone, shiny|86/100
|move|p2a: Cloyster|Icicle Spear|p1a: Magnezone
|-resisted|p1a: Magnezone
|-damage|p1a: Magnezone|82/100
|-resisted|p1a: Magnezone
|-damage|p1a: Magnezone|78/100
|-resisted|p1a: Magnezone
|-damage|p1a: Magnezone|73/100
|-resisted|p1a: Magnezone
|-damage|p1a: Magnezone|70/100
|-resisted|p1a: Magnezone
|-damage|p1a: Magnezone|66/100
|-hitcount|p1a: Magnezone|5
|
|-heal|p1a: Magnezone|72/100|[from] item: Leftovers
|-sideend|p1: Arcaniner52|Reflect
|-sideend|p2: Twilights|move: Light Screen
|upkeep
|turn|10
|
|t:|1760344488
|move|p2a: Cloyster|Liquidation|p1a: Magnezone
|-damage|p1a: Magnezone|23/100
|-unboost|p1a: Magnezone|def|1
|move|p1a: Magnezone|Volt Switch|p2a: Cloyster
|-supereffective|p2a: Cloyster
|-damage|p2a: Cloyster|0 fnt
|faint|p2a: Cloyster
|
|t:|1760344500
|switch|p1a: Greninja|Greninja, M, shiny|100/100|[from] Volt Switch
|
|upkeep
|
|t:|1760344507
|switch|p2a: Iron Moth|Iron Moth|100/100
|-damage|p2a: Iron Moth|76/100|[from] Stealth Rock
|-enditem|p2a: Iron Moth|Booster Energy
|-activate|p2a: Iron Moth|ability: Quark Drive|[fromitem]
|-start|p2a: Iron Moth|quarkdrivespe
|turn|11
|
|t:|1760344515
|-terastallize|p2a: Iron Moth|Fairy
|move|p2a: Iron Moth|Dazzling Gleam|p1a: Greninja
|-supereffective|p1a: Greninja
|-damage|p1a: Greninja|0 fnt
|faint|p1a: Greninja
|
|upkeep
|
|t:|1760344529
|switch|p1a: Espeon|Espeon, F|100/100
|turn|12
|
|t:|1760344535
|move|p2a: Iron Moth|Fiery Dance|p1a: Espeon
|-damage|p1a: Espeon|49/100
|-boost|p2a: Iron Moth|spa|1
|move|p1a: Espeon|Light Screen|p1a: Espeon
|-sidestart|p1: Arcaniner52|move: Light Screen
|
|upkeep
|turn|13
|
|t:|1760344545
|move|p2a: Iron Moth|Fiery Dance|p1a: Espeon
|-damage|p1a: Espeon|6/100
|-boost|p2a: Iron Moth|spa|1
|move|p1a: Espeon|Psychic|p2a: Iron Moth
|-damage|p2a: Iron Moth|30/100
|
|upkeep
|turn|14
|inactive|Arcaniner52 has 120 seconds left.
|
|t:|1760344561
|move|p2a: Iron Moth|Fiery Dance|p1a: Espeon
|-damage|p1a: Espeon|0 fnt
|-boost|p2a: Iron Moth|spa|1
|faint|p1a: Espeon
|
|upkeep
|
|t:|1760344570
|switch|p1a: Typhlosion|Typhlosion, M|100/100
|turn|15
|
|t:|1760344579
|move|p2a: Iron Moth|Sludge Wave|p1a: Typhlosion
|-damage|p1a: Typhlosion|17/100
|move|p1a: Typhlosion|Flamethrower|p2a: Iron Moth
|-damage|p2a: Iron Moth|0 fnt
|faint|p2a: Iron Moth
|-end|p2a: Iron Moth|Quark Drive|[silent]
|
|upkeep
|
|t:|1760344588
|switch|p2a: Iron Treads|Iron Treads|100/100
|-damage|p2a: Iron Treads|97/100|[from] Stealth Rock
|-enditem|p2a: Iron Treads|Booster Energy
|-activate|p2a: Iron Treads|ability: Quark Drive|[fromitem]
|-start|p2a: Iron Treads|quarkdrivespe
|turn|16
|inactive|Arcaniner52 has 120 seconds left.
|
|t:|1760344599
|move|p2a: Iron Treads|Earthquake|p1a: Typhlosion
|-supereffective|p1a: Typhlosion
|-damage|p1a: Typhlosion|0 fnt
|faint|p1a: Typhlosion
|
|upkeep
|inactive|Arcaniner52 has 120 seconds left.
|
|t:|1760344608
|switch|p1a: Salamence|Salamence, M|100/100
|-ability|p1a: Salamence|Intimidate|boost
|-unboost|p2a: Iron Treads|atk|1
|turn|17
|
|t:|1760344614
|-terastallize|p1a: Salamence|Flying
|move|p2a: Iron Treads|Ice Spinner|p1a: Salamence
|-supereffective|p1a: Salamence
|-damage|p1a: Salamence|58/100
|move|p1a: Salamence|Dragon Dance|p1a: Salamence
|-boost|p1a: Salamence|atk|1
|-boost|p1a: Salamence|spe|1
|
|upkeep
|turn|18
|
|t:|1760344627
|move|p2a: Iron Treads|Ice Spinner|p1a: Salamence
|-supereffective|p1a: Salamence
|-damage|p1a: Salamence|17/100
|move|p1a: Salamence|Dragon Dance|p1a: Salamence
|-boost|p1a: Salamence|atk|1
|-boost|p1a: Salamence|spe|1
|
|upkeep
|turn|19
|
|t:|1760344636
|move|p1a: Salamence|Earthquake|p2a: Iron Treads
|-supereffective|p2a: Iron Treads
|-damage|p2a: Iron Treads|0 fnt
|faint|p2a: Iron Treads
|-end|p2a: Iron Treads|Quark Drive|[silent]
|
|-sideend|p1: Arcaniner52|move: Light Screen
|upkeep
|
|t:|1760344639
|switch|p2a: Deoxys|Deoxys-Speed|100/100
|-damage|p2a: Deoxys|88/100|[from] Stealth Rock
|-ability|p2a: Deoxys|Pressure
|turn|20
|
|t:|1760344648
|move|p1a: Salamence|Tera Blast|p2a: Deoxys|[anim] Tera Blast Flying
|-damage|p2a: Deoxys|0 fnt
|faint|p2a: Deoxys
|
|win|Arcaniner52
|raw|Arcaniner52's rating: 1286 &rarr; <strong>1310</strong><br />(+24 for winning)
|raw|Twilights's rating: 1271 &rarr; <strong>1247</strong><br />(-24 for losing)
|l|☆Twilights
|player|p2|
|l|☆Arcaniner52
|player|p1|
