|j|☆tomatoparis
|j|☆Skiddel
|t:|1760439586
|gametype|singles
|player|p1|tomatoparis|102|1431
|player|p2|Skiddel|scientist|1452
|gen|9
|tier|[Gen 9] OU
|rated|
|rule|HP Percentage Mod: HP is shown in percentages
|rule|Endless Battle Clause: Forcing endless battles is banned
|rule|Species Clause: Limit one of each Pokémon
|rule|OHKO Clause: OHKO moves are banned
|rule|Evasion Items Clause: Evasion items are banned
|rule|Evasion Moves Clause: Evasion moves are banned
|rule|Evasion Abilities Clause: Evasion abilities are banned
|rule|Sleep Moves Clause: Sleep-inducing moves are banned
|clearpoke
|poke|p1|Pelipper, F|
|poke|p1|Hoopa-Unbound|
|poke|p1|Kingdra, M|
|poke|p1|Barraskewda, M|
|poke|p1|Dondozo, F|
|poke|p1|Scizor, F|
|poke|p2|Alomomola, M|
|poke|p2|Scizor, M|
|poke|p2|Raging Bolt|
|poke|p2|Cinderace, F|
|poke|p2|Samurott-Hisui, F|
|poke|p2|Corviknight, M|
|teampreview
|l|☆Skiddel
|player|p2|
|j|☆Skiddel
|player|p2|Skiddel|scientist|
|l|☆Skiddel
|player|p2|
|j|☆Skiddel
|player|p2|Skiddel|scientist|
|inactive|Battle timer is ON: inactive players will automatically lose when time's up. (requested by Skiddel)
|l|☆Skiddel
|inactive|Skiddel disconnected and has a minute to reconnect!
|player|p2|
|j|☆Skiddel
|inactive|Skiddel reconnected.
|player|p2|Skiddel|scientist|
|l|☆Skiddel
|inactive|Skiddel disconnected and has a minute to reconnect!
|player|p2|
|inactive|tomatoparis has 120 seconds left.
|j|☆Skiddel
|inactive|Skiddel reconnected.
|player|p2|Skiddel|scientist|
|l|☆Skiddel
|inactive|Skiddel disconnected and has a minute to reconnect!
|player|p2|
|j|☆Skiddel
|inactive|Skiddel reconnected.
|player|p2|Skiddel|scientist|
|inactive|tomatoparis has 90 seconds left.
|l|☆Skiddel
|inactive|Skiddel disconnected and has a minute to reconnect!
|player|p2|
|j|☆Skiddel
|inactive|Skiddel reconnected.
|player|p2|Skiddel|scientist|
|inactive|tomatoparis has 60 seconds left.
|
|t:|1760439784
|teamsize|p1|6
|teamsize|p2|6
|start
|switch|p1a: Hoopa|Hoopa-Unbound|100/100
|switch|p2a: Samurott|Samurott-Hisui, F|100/100
|turn|1
|
|t:|1760439790
|switch|p2a: Corviknight|Corviknight, M|100/100
|move|p1a: Hoopa|Thunderbolt|p2a: Corviknight
|-supereffective|p2a: Corviknight
|-damage|p2a: Corviknight|25/100
|
|upkeep
|turn|2
|
|t:|1760439803
|move|p1a: Hoopa|Knock Off|p2a: Corviknight
|-damage|p2a: Corviknight|0 fnt
|-enditem|p2a: Corviknight|Choice Band|[from] move: Knock Off|[of] p1a: Hoopa
|faint|p2a: Corviknight
|
|upkeep
|
|t:|1760439808
|switch|p2a: Scizor|Scizor, M|100/100
|turn|3
|inactive|tomatoparis has 120 seconds left.
|l|☆Skiddel
|inactive|Skiddel disconnected and has a minute to reconnect!
|player|p2|
|
|t:|1760439840
|switch|p1a: Dondozo|Dondozo, F|100/100
|move|p2a: Scizor|U-turn|p1a: Dondozo
|-damage|p1a: Dondozo|83/100
|-damage|p2a: Scizor|84/100|[from] item: Rocky Helmet|[of] p1a: Dondozo
|j|☆Skiddel
|inactive|Skiddel reconnected and has 145 seconds left.
|player|p2|Skiddel|scientist|
|
|t:|1760439854
|switch|p2a: Raging Bolt|Raging Bolt|100/100|[from] U-turn
|
|upkeep
|turn|4
|
|t:|1760439870
|switch|p1a: Hoopa|Hoopa-Unbound|100/100
|move|p2a: Raging Bolt|Volt Switch|p1a: Hoopa
|-damage|p1a: Hoopa|64/100
|
|t:|1760439872
|-end|p2a: Raging Bolt|Protosynthesis|[silent]
|switch|p2a: Samurott|Samurott-Hisui, F|100/100|[from] Volt Switch
|
|upkeep
|turn|5
|
|t:|1760439876
|switch|p1a: Scizor|Scizor, F|100/100
|move|p2a: Samurott|Ceaseless Edge|p1a: Scizor
|-damage|p1a: Scizor|39/100
|-sidestart|p1: tomatoparis|Spikes
|
|-heal|p1a: Scizor|45/100|[from] item: Leftovers
|upkeep
|turn|6
|
|t:|1760439881
|switch|p1a: Pelipper|Pelipper, F|100/100
|-weather|RainDance|[from] ability: Drizzle|[of] p1a: Pelipper
|move|p2a: Samurott|Ceaseless Edge|p1a: Pelipper
|-damage|p1a: Pelipper|47/100
|-sidestart|p1: tomatoparis|Spikes
|
|-weather|RainDance|[upkeep]
|upkeep
|turn|7
|
|t:|1760439884
|switch|p1a: Dondozo|Dondozo, F|83/100
|-damage|p1a: Dondozo|66/100|[from] Spikes
|move|p2a: Samurott|Ceaseless Edge|p1a: Dondozo
|-damage|p1a: Dondozo|36/100
|-damage|p2a: Samurott|84/100|[from] item: Rocky Helmet|[of] p1a: Dondozo
|-sidestart|p1: tomatoparis|Spikes
|
|-weather|RainDance|[upkeep]
|upkeep
|turn|8
|
|t:|1760439887
|move|p2a: Samurott|Ceaseless Edge|p1a: Dondozo
|-damage|p1a: Dondozo|6/100
|-damage|p2a: Samurott|67/100|[from] item: Rocky Helmet|[of] p1a: Dondozo
|move|p1a: Dondozo|Rest|p1a: Dondozo
|-status|p1a: Dondozo|slp|[from] move: Rest
|-heal|p1a: Dondozo|100/100 slp|[silent]
|
|-weather|RainDance|[upkeep]
|upkeep
|turn|9
|
|t:|1760439891
|switch|p2a: Raging Bolt|Raging Bolt|100/100
|cant|p1a: Dondozo|slp
|move|p1a: Dondozo|Sleep Talk|p1a: Dondozo
|move|p1a: Dondozo|Wave Crash|p2a: Raging Bolt|[from] move: Sleep Talk
|-resisted|p2a: Raging Bolt
|-damage|p2a: Raging Bolt|75/100
|-damage|p1a: Dondozo|93/100 slp|[from] Recoil
|
|-weather|RainDance|[upkeep]
|upkeep
|turn|10
|
|t:|1760439896
|switch|p1a: Hoopa|Hoopa-Unbound|64/100
|-damage|p1a: Hoopa|39/100|[from] Spikes
|move|p2a: Raging Bolt|Volt Switch|p1a: Hoopa
|-damage|p1a: Hoopa|4/100
|
|t:|1760439903
|-end|p2a: Raging Bolt|Protosynthesis|[silent]
|switch|p2a: Samurott|Samurott-Hisui, F|67/100|[from] Volt Switch
|
|-weather|RainDance|[upkeep]
|upkeep
|turn|11
|
|t:|1760439912
|switch|p1a: Scizor|Scizor, F|45/100
|-damage|p1a: Scizor|20/100|[from] Spikes
|move|p2a: Samurott|Ceaseless Edge|p1a: Scizor
|-crit|p1a: Scizor
|-damage|p1a: Scizor|0 fnt
|faint|p1a: Scizor
|
|-weather|RainDance|[upkeep]
|upkeep
|
|t:|1760439918
|switch|p1a: Kingdra|Kingdra, M|100/100
|-damage|p1a: Kingdra|76/100|[from] Spikes
|turn|12
|
|t:|1760439921
|move|p1a: Kingdra|Draco Meteor|p2a: Samurott
|-damage|p2a: Samurott|0 fnt
|-unboost|p1a: Kingdra|spa|2
|faint|p2a: Samurott
|-damage|p1a: Kingdra|66/100|[from] item: Life Orb
|
|-weather|RainDance|[upkeep]
|upkeep
|
|t:|1760439926
|switch|p2a: Alomomola|Alomomola, M|100/100
|turn|13
|
|t:|1760439930
|move|p1a: Kingdra|Surf|p2a: Alomomola
|-resisted|p2a: Alomomola
|-damage|p2a: Alomomola|78/100
|-damage|p1a: Kingdra|56/100|[from] item: Life Orb
|move|p2a: Alomomola|Flip Turn|p1a: Kingdra
|-resisted|p1a: Kingdra
|-damage|p1a: Kingdra|48/100
|
|t:|1760439936
|switch|p2a: Cinderace|Cinderace, F|100/100|[from] Flip Turn
|
|-weather|none
|upkeep
|turn|14
|l|☆Skiddel
|inactive|Skiddel disconnected and has a minute to reconnect!
|player|p2|
|j|☆Skiddel
|inactive|Skiddel reconnected.
|player|p2|Skiddel|scientist|
|inactive|tomatoparis has 120 seconds left.
|
|t:|1760439977
|switch|p1a: Pelipper|Pelipper, F|47/100
|-weather|RainDance|[from] ability: Drizzle|[of] p1a: Pelipper
|move|p2a: Cinderace|U-turn|p1a: Pelipper
|-start|p2a: Cinderace|typechange|Bug|[from] ability: Libero
|-resisted|p1a: Pelipper
|-damage|p1a: Pelipper|27/100
|
|t:|1760439985
|switch|p2a: Scizor|Scizor, M|84/100|[from] U-turn
|
|-weather|RainDance|[upkeep]
|upkeep
|turn|15
|inactive|tomatoparis has 120 seconds left.
|l|☆Skiddel
|inactive|Skiddel disconnected and has a minute to reconnect!
|player|p2|
|j|☆Skiddel
|inactive|Skiddel reconnected.
|player|p2|Skiddel|scientist|
|
|t:|1760440018
|move|p2a: Scizor|Knock Off|p1a: Pelipper
|-damage|p1a: Pelipper|0 fnt
|-enditem|p1a: Pelipper|Damp Rock|[from] move: Knock Off|[of] p2a: Scizor
|faint|p1a: Pelipper
|
|-weather|RainDance|[upkeep]
|upkeep
|
|t:|1760440020
|switch|p1a: Kingdra|Kingdra, M|48/100
|-damage|p1a: Kingdra|24/100|[from] Spikes
|turn|16
|
|t:|1760440026
|move|p2a: Scizor|Bullet Punch|p1a: Kingdra
|-resisted|p1a: Kingdra
|-damage|p1a: Kingdra|4/100
|move|p1a: Kingdra|Surf|p2a: Scizor
|-damage|p2a: Scizor|0 fnt
|faint|p2a: Scizor
|-damage|p1a: Kingdra|0 fnt|[from] item: Life Orb
|faint|p1a: Kingdra
|
|-weather|RainDance|[upkeep]
|upkeep
|
|t:|1760440032
|switch|p1a: Barraskewda|Barraskewda, M|100/100
|switch|p2a: Alomomola|Alomomola, M|100/100
|-damage|p1a: Barraskewda|76/100|[from] Spikes
|turn|17
|
|t:|1760440036
|move|p1a: Barraskewda|Close Combat|p2a: Alomomola
|-damage|p2a: Alomomola|65/100
|-unboost|p1a: Barraskewda|def|1
|-unboost|p1a: Barraskewda|spd|1
|move|p2a: Alomomola|Flip Turn|p1a: Barraskewda
|-resisted|p1a: Barraskewda
|-damage|p1a: Barraskewda|37/100
|
|t:|1760440038
|switch|p2a: Raging Bolt|Raging Bolt|75/100|[from] Flip Turn
|
|-weather|RainDance|[upkeep]
|upkeep
|turn|18
|
|t:|1760440041
|-terastallize|p1a: Barraskewda|Ground
|move|p2a: Raging Bolt|Thunderclap|p1a: Barraskewda
|-immune|p1a: Barraskewda
|move|p1a: Barraskewda|Close Combat|p2a: Raging Bolt
|-damage|p2a: Raging Bolt|23/100
|-unboost|p1a: Barraskewda|def|1
|-unboost|p1a: Barraskewda|spd|1
|
|-weather|RainDance|[upkeep]
|upkeep
|turn|19
|
|t:|1760440044
|-end|p2a: Raging Bolt|Protosynthesis|[silent]
|switch|p2a: Alomomola|Alomomola, M|98/100
|move|p1a: Barraskewda|Close Combat|p2a: Alomomola
|-damage|p2a: Alomomola|64/100
|-unboost|p1a: Barraskewda|def|1
|-unboost|p1a: Barraskewda|spd|1
|
|-weather|RainDance|[upkeep]
|upkeep
|turn|20
|
|t:|1760440051
|switch|p1a: Dondozo|Dondozo, F|93/100 slp
|-damage|p1a: Dondozo|68/100 slp|[from] Spikes
|move|p2a: Alomomola|Flip Turn|p1a: Dondozo
|-resisted|p1a: Dondozo
|-damage|p1a: Dondozo|63/100 slp
|-damage|p2a: Alomomola|48/100|[from] item: Rocky Helmet|[of] p1a: Dondozo
|l|☆tomatoparis
|inactive|tomatoparis disconnected and has a minute to reconnect!
|player|p1|
|
|t:|1760440054
|switch|p2a: Raging Bolt|Raging Bolt|23/100|[from] Flip Turn
|
|-weather|RainDance|[upkeep]
|upkeep
|turn|21
|inactive|tomatoparis has 30 seconds to reconnect!
|inactive|tomatoparis has 20 seconds to reconnect!
|inactive|tomatoparis has 15 seconds to reconnect!
|inactive|tomatoparis has 10 seconds to reconnect!
|inactive|tomatoparis has 5 seconds to reconnect!
|-message|tomatoparis lost due to inactivity.
|
|win|Skiddel
|raw|tomatoparis's rating: 1431 &rarr; <strong>1412</strong><br />(-19 for losing)
|raw|Skiddel's rating: 1452 &rarr; <strong>1471</strong><br />(+19 for winning)
|l|☆Skiddel
|player|p2|
