|j|☆Fitis3
|j|☆Perezu
|t:|1760347761
|gametype|singles
|player|p1|Fitis3|102|1139
|player|p2|Perezu|red|1131
|gen|9
|tier|[Gen 9] OU
|rated|
|rule|HP Percentage Mod: HP is shown in percentages
|rule|Endless Battle Clause: Forcing endless battles is banned
|rule|Species Clause: Limit one of each Pokémon
|rule|OHKO Clause: OHKO moves are banned
|rule|Evasion Items Clause: Evasion items are banned
|rule|Evasion Moves Clause: Evasion moves are banned
|rule|Evasion Abilities Clause: Evasion abilities are banned
|rule|Sleep Moves Clause: Sleep-inducing moves are banned
|clearpoke
|poke|p1|Gliscor, F|
|poke|p1|Iron Valiant|
|poke|p1|Iron Treads|
|poke|p1|Hatterene, F|
|poke|p1|Clodsire, M|
|poke|p1|Tyranitar, M|
|poke|p2|Ceruledge, M|
|poke|p2|Kommo-o, M|
|poke|p2|Zapdos|
|poke|p2|Gliscor, F|
|poke|p2|Tyranitar, F|
|poke|p2|Toxapex, M|
|teampreview
|inactive|Battle timer is ON: inactive players will automatically lose when time's up. (requested by Fitis3)
|
|t:|1760347777
|teamsize|p1|6
|teamsize|p2|6
|start
|switch|p1a: Hatterene|Hatterene, F|100/100
|switch|p2a: Ceruledge|Ceruledge, M, shiny|100/100
|turn|1
|
|t:|1760347783
|move|p2a: Ceruledge|Swords Dance|p2a: Ceruledge
|-boost|p2a: Ceruledge|atk|2
|move|p1a: Hatterene|Psyshock|p2a: Ceruledge
|-damage|p2a: Ceruledge|50/100
|
|upkeep
|turn|2
|
|t:|1760347800
|move|p2a: Ceruledge|Poltergeist|p1a: Hatterene
|-activate|p1a: Hatterene|move: Poltergeist|Leftovers
|-supereffective|p1a: Hatterene
|-damage|p1a: Hatterene|0 fnt
|faint|p1a: Hatterene
|
|upkeep
|
|t:|1760347807
|switch|p1a: Tyranitar|Tyranitar, M|100/100
|-weather|Sandstorm|[from] ability: Sand Stream|[of] p1a: Tyranitar
|turn|3
|
|t:|1760347824
|switch|p2a: Gliscor|Gliscor, F|100/100
|move|p1a: Tyranitar|Crunch|p2a: Gliscor
|-damage|p2a: Gliscor|78/100
|
|-weather|Sandstorm|[upkeep]
|-status|p2a: Gliscor|tox|[from] item: Toxic Orb
|upkeep
|turn|4
|
|t:|1760347849
|move|p2a: Gliscor|Stealth Rock|p1a: Tyranitar
|-sidestart|p1: Fitis3|move: Stealth Rock
|move|p1a: Tyranitar|Ice Beam|p2a: Gliscor
|-supereffective|p2a: Gliscor
|-damage|p2a: Gliscor|0 fnt
|faint|p2a: Gliscor
|
|-weather|Sandstorm|[upkeep]
|upkeep
|
|t:|1760347858
|switch|p2a: Tyranitar|Tyranitar, F, shiny|100/100
|-ability|p2a: Tyranitar|Unnerve
|turn|5
|
|t:|1760347869
|switch|p1a: Gliscor|Gliscor, F|100/100
|-damage|p1a: Gliscor|88/100|[from] Stealth Rock
|move|p2a: Tyranitar|Earthquake|p1a: Gliscor
|-immune|p1a: Gliscor
|
|-weather|Sandstorm|[upkeep]
|-status|p1a: Gliscor|tox|[from] item: Toxic Orb
|upkeep
|turn|6
|inactive|Perezu has 120 seconds left.
|
|t:|1760347898
|switch|p2a: Zapdos|Zapdos|100/100
|move|p1a: Gliscor|Swords Dance|p1a: Gliscor
|-boost|p1a: Gliscor|atk|2
|
|-weather|Sandstorm|[upkeep]
|-damage|p2a: Zapdos|94/100|[from] Sandstorm
|-heal|p1a: Gliscor|100/100 tox|[from] ability: Poison Heal
|upkeep
|turn|7
|
|t:|1760347915
|move|p2a: Zapdos|Hurricane|p1a: Gliscor
|-damage|p1a: Gliscor|0 fnt
|faint|p1a: Gliscor
|
|-weather|none
|upkeep
|
|t:|1760347926
|switch|p1a: Tyranitar|Tyranitar, M|100/100
|-damage|p1a: Tyranitar|88/100|[from] Stealth Rock
|-weather|Sandstorm|[from] ability: Sand Stream|[of] p1a: Tyranitar
|turn|8
|
|t:|1760347954
|switch|p2a: Toxapex|Toxapex, M, shiny|100/100
|switch|p1a: Iron Valiant|Iron Valiant|100/100
|-damage|p1a: Iron Valiant|94/100|[from] Stealth Rock
|
|-weather|Sandstorm|[upkeep]
|-damage|p1a: Iron Valiant|88/100|[from] Sandstorm
|-damage|p2a: Toxapex|94/100|[from] Sandstorm
|-heal|p2a: Toxapex|100/100|[from] item: Black Sludge
|upkeep
|turn|9
|
|t:|1760347968
|-end|p1a: Iron Valiant|Quark Drive|[silent]
|switch|p1a: Clodsire|Clodsire, M|100/100
|-damage|p1a: Clodsire|94/100|[from] Stealth Rock
|move|p2a: Toxapex|Protect||[still]
|-fail|p2a: Toxapex
|
|-weather|Sandstorm|[upkeep]
|-damage|p2a: Toxapex|94/100|[from] Sandstorm
|-heal|p2a: Toxapex|100/100|[from] item: Black Sludge
|-heal|p1a: Clodsire|100/100|[from] item: Leftovers
|upkeep
|turn|10
|inactive|Perezu has 90 seconds left.
|
|t:|1760347986
|switch|p2a: Tyranitar|Tyranitar, F, shiny|100/100
|-ability|p2a: Tyranitar|Unnerve
|move|p1a: Clodsire|Earthquake|p2a: Tyranitar
|-supereffective|p2a: Tyranitar
|-damage|p2a: Tyranitar|53/100
|
|-weather|Sandstorm|[upkeep]
|upkeep
|turn|11
|inactive|Perezu has 90 seconds left.
|
|t:|1760348001
|move|p2a: Tyranitar|Earthquake|p1a: Clodsire
|-supereffective|p1a: Clodsire
|-damage|p1a: Clodsire|25/100
|move|p1a: Clodsire|Toxic|p2a: Tyranitar
|-status|p2a: Tyranitar|tox
|
|-weather|Sandstorm|[upkeep]
|-heal|p1a: Clodsire|32/100|[from] item: Leftovers
|-damage|p2a: Tyranitar|47/100 tox|[from] psn
|upkeep
|turn|12
|
|t:|1760348011
|move|p2a: Tyranitar|Earthquake|p1a: Clodsire
|-supereffective|p1a: Clodsire
|-damage|p1a: Clodsire|0 fnt
|faint|p1a: Clodsire
|
|-weather|none
|-damage|p2a: Tyranitar|35/100 tox|[from] psn
|upkeep
|
|t:|1760348017
|switch|p1a: Iron Treads|Iron Treads|100/100
|turn|13
|
|t:|1760348021
|move|p2a: Tyranitar|Earthquake|p1a: Iron Treads
|-supereffective|p1a: Iron Treads
|-damage|p1a: Iron Treads|44/100
|move|p1a: Iron Treads|Earthquake|p2a: Tyranitar
|-supereffective|p2a: Tyranitar
|-damage|p2a: Tyranitar|0 fnt
|faint|p2a: Tyranitar
|
|upkeep
|
|t:|1760348037
|switch|p2a: Ceruledge|Ceruledge, M, shiny|50/100
|turn|14
|
|t:|1760348056
|move|p1a: Iron Treads|Earthquake|p2a: Ceruledge
|-supereffective|p2a: Ceruledge
|-damage|p2a: Ceruledge|0 fnt
|faint|p2a: Ceruledge
|
|upkeep
|
|t:|1760348068
|switch|p2a: Zapdos|Zapdos|94/100
|turn|15
|
|t:|1760348078
|move|p1a: Iron Treads|Rapid Spin|p2a: Zapdos
|-damage|p2a: Zapdos|78/100
|-boost|p1a: Iron Treads|spe|1
|-sideend|p1: Fitis3|Stealth Rock|[from] move: Rapid Spin|[of] p1a: Iron Treads
|move|p2a: Zapdos|Heat Wave|p1a: Iron Treads
|-supereffective|p1a: Iron Treads
|-damage|p1a: Iron Treads|0 fnt
|faint|p1a: Iron Treads
|-end|p1a: Iron Treads|Quark Drive|[silent]
|
|upkeep
|
|t:|1760348084
|switch|p1a: Tyranitar|Tyranitar, M|88/100
|-weather|Sandstorm|[from] ability: Sand Stream|[of] p1a: Tyranitar
|turn|16
|
|t:|1760348099
|switch|p2a: Toxapex|Toxapex, M, shiny|100/100
|switch|p1a: Iron Valiant|Iron Valiant|88/100
|
|-weather|Sandstorm|[upkeep]
|-damage|p1a: Iron Valiant|82/100|[from] Sandstorm
|-damage|p2a: Toxapex|94/100|[from] Sandstorm
|-heal|p2a: Toxapex|100/100|[from] item: Black Sludge
|upkeep
|turn|17
|
|t:|1760348108
|move|p1a: Iron Valiant|Trick|p2a: Toxapex
|-activate|p1a: Iron Valiant|move: Trick|[of] p2a: Toxapex
|-item|p2a: Toxapex|Choice Scarf|[from] move: Trick
|-item|p1a: Iron Valiant|Black Sludge|[from] move: Trick
|move|p2a: Toxapex|Toxic|p1a: Iron Valiant
|-status|p1a: Iron Valiant|tox
|
|-weather|Sandstorm|[upkeep]
|-damage|p1a: Iron Valiant|76/100 tox|[from] Sandstorm
|-damage|p2a: Toxapex|94/100|[from] Sandstorm
|-damage|p1a: Iron Valiant|63/100 tox|[from] item: Black Sludge
|-damage|p1a: Iron Valiant|57/100 tox|[from] psn
|upkeep
|turn|18
|
|t:|1760348133
|-end|p1a: Iron Valiant|Quark Drive|[silent]
|switch|p1a: Tyranitar|Tyranitar, M|88/100
|switch|p2a: Kommo-o|Kommo-o, M|100/100
|
|-weather|Sandstorm|[upkeep]
|-damage|p2a: Kommo-o|94/100|[from] Sandstorm
|upkeep
|turn|19
|
|t:|1760348141
|-terastallize|p1a: Tyranitar|Flying
|move|p2a: Kommo-o|Clangorous Soul|p2a: Kommo-o
|-boost|p2a: Kommo-o|atk|1
|-boost|p2a: Kommo-o|def|1
|-boost|p2a: Kommo-o|spa|1
|-boost|p2a: Kommo-o|spd|1
|-boost|p2a: Kommo-o|spe|1
|-damage|p2a: Kommo-o|61/100
|-enditem|p2a: Kommo-o|Throat Spray
|-boost|p2a: Kommo-o|spa|1|[from] item: Throat Spray
|move|p1a: Tyranitar|Ice Beam|p2a: Kommo-o
|-supereffective|p2a: Kommo-o
|-damage|p2a: Kommo-o|35/100
|
|-weather|Sandstorm|[upkeep]
|-damage|p2a: Kommo-o|28/100|[from] Sandstorm
|-damage|p1a: Tyranitar|82/100|[from] Sandstorm
|upkeep
|turn|20
|
|t:|1760348160
|-terastallize|p2a: Kommo-o|Normal
|move|p2a: Kommo-o|Boomburst|p1a: Tyranitar
|-damage|p1a: Tyranitar|28/100
|move|p1a: Tyranitar|Ice Beam|p2a: Kommo-o
|-damage|p2a: Kommo-o|14/100
|
|-weather|none
|upkeep
|turn|21
|
|t:|1760348173
|move|p2a: Kommo-o|Boomburst|p1a: Tyranitar
|-damage|p1a: Tyranitar|0 fnt
|faint|p1a: Tyranitar
|
|upkeep
|
|t:|1760348175
|switch|p1a: Iron Valiant|Iron Valiant|57/100 tox
|turn|22
|
|t:|1760348180
|move|p2a: Kommo-o|Boomburst|p1a: Iron Valiant
|-damage|p1a: Iron Valiant|0 fnt
|faint|p1a: Iron Valiant
|-end|p1a: Iron Valiant|Quark Drive|[silent]
|
|win|Perezu
|raw|Fitis3's rating: 1139 &rarr; <strong>1113</strong><br />(-26 for losing)
|raw|Perezu's rating: 1131 &rarr; <strong>1157</strong><br />(+26 for winning)
|l|☆Fitis3
|player|p1|
