|j|☆80crawlinglegs
|j|☆nicolasgimenez
|t:|1760306996
|gametype|singles
|player|p1|80crawlinglegs|clay|1158
|player|p2|nicolasgimenez|266|1132
|gen|9
|tier|[Gen 9] OU
|rated|
|rule|HP Percentage Mod: HP is shown in percentages
|rule|Endless Battle Clause: Forcing endless battles is banned
|rule|Species Clause: Limit one of each Pokémon
|rule|OHKO Clause: OHKO moves are banned
|rule|Evasion Items Clause: Evasion items are banned
|rule|Evasion Moves Clause: Evasion moves are banned
|rule|Evasion Abilities Clause: Evasion abilities are banned
|rule|Sleep Moves Clause: Sleep-inducing moves are banned
|clearpoke
|poke|p1|Clefable, M|
|poke|p1|Weezing, F|
|poke|p1|Tauros, M|
|poke|p1|Blastoise, M|
|poke|p1|Dragonite, M|
|poke|p1|Gengar, F|
|poke|p2|Latias, F|
|poke|p2|Salazzle, F|
|poke|p2|Skarmory, M|
|poke|p2|Tyranitar, M|
|poke|p2|Gastrodon, F|
|poke|p2|Great Tusk|
|teampreview
|
|t:|1760307017
|teamsize|p1|6
|teamsize|p2|6
|start
|switch|p1a: Splimpo|Blastoise, M|100/100
|switch|p2a: Gastrodon|Gastrodon, F|100/100
|turn|1
|
|t:|1760307027
|move|p1a: Splimpo|Shell Smash|p1a: Splimpo
|-unboost|p1a: Splimpo|def|1
|-unboost|p1a: Splimpo|spd|1
|-boost|p1a: Splimpo|atk|2
|-boost|p1a: Splimpo|spa|2
|-boost|p1a: Splimpo|spe|2
|-enditem|p1a: Splimpo|White Herb
|-clearnegativeboost|p1a: Splimpo|[silent]
|move|p2a: Gastrodon|Stealth Rock|p1a: Splimpo
|-sidestart|p1: 80crawlinglegs|move: Stealth Rock
|
|upkeep
|turn|2
|
|t:|1760307042
|move|p1a: Splimpo|Ice Beam|p2a: Gastrodon
|-damage|p2a: Gastrodon|66/100
|move|p2a: Gastrodon|Earth Power|p1a: Splimpo
|-damage|p1a: Splimpo|68/100
|
|-heal|p2a: Gastrodon|73/100|[from] item: Leftovers
|upkeep
|turn|3
|
|t:|1760307052
|move|p1a: Splimpo|Aura Sphere|p2a: Gastrodon
|-damage|p2a: Gastrodon|45/100
|move|p2a: Gastrodon|Earth Power|p1a: Splimpo
|-damage|p1a: Splimpo|34/100
|
|-heal|p2a: Gastrodon|51/100|[from] item: Leftovers
|upkeep
|turn|4
|
|t:|1760307061
|move|p1a: Splimpo|Ice Beam|p2a: Gastrodon
|-damage|p2a: Gastrodon|18/100
|move|p2a: Gastrodon|Earth Power|p1a: Splimpo
|-damage|p1a: Splimpo|0 fnt
|faint|p1a: Splimpo
|
|-heal|p2a: Gastrodon|24/100|[from] item: Leftovers
|upkeep
|
|t:|1760307079
|switch|p1a: Angery|Tauros, M|100/100
|-damage|p1a: Angery|88/100|[from] Stealth Rock
|turn|5
|
|t:|1760307085
|switch|p2a: Skarmory|Skarmory, M|100/100
|move|p1a: Angery|Work Up|p1a: Angery
|-boost|p1a: Angery|atk|1
|-boost|p1a: Angery|spa|1
|
|upkeep
|turn|6
|
|t:|1760307095
|move|p1a: Angery|Body Slam|p2a: Skarmory
|-resisted|p2a: Skarmory
|-damage|p2a: Skarmory|73/100
|-damage|p1a: Angery|72/100|[from] item: Rocky Helmet|[of] p2a: Skarmory
|move|p2a: Skarmory|Whirlwind|p1a: Angery
|drag|p1a: Friend Shaped|Clefable, M|100/100
|
|upkeep
|turn|7
|
|t:|1760307114
|move|p1a: Friend Shaped|Fire Blast|p2a: Skarmory
|-supereffective|p2a: Skarmory
|-damage|p2a: Skarmory|0 fnt
|faint|p2a: Skarmory
|
|upkeep
|
|t:|1760307122
|switch|p2a: Latias|Latias, F|100/100
|turn|8
|
|t:|1760307127
|move|p2a: Latias|Agility|p2a: Latias
|-boost|p2a: Latias|spe|2
|move|p1a: Friend Shaped|Moonblast|p2a: Latias
|-supereffective|p2a: Latias
|-damage|p2a: Latias|21/100
|-enditem|p2a: Latias|Weakness Policy
|-boost|p2a: Latias|atk|2|[from] item: Weakness Policy
|-boost|p2a: Latias|spa|2|[from] item: Weakness Policy
|
|upkeep
|turn|9
|
|t:|1760307139
|move|p2a: Latias|Stored Power|p1a: Friend Shaped
|-damage|p1a: Friend Shaped|0 fnt
|faint|p1a: Friend Shaped
|
|upkeep
|
|t:|1760307144
|switch|p1a: Horm|Dragonite, M|100/100
|turn|10
|
|t:|1760307151
|move|p1a: Horm|Extreme Speed|p2a: Latias
|-damage|p2a: Latias|0 fnt
|faint|p2a: Latias
|
|upkeep
|
|t:|1760307161
|switch|p2a: Tyranitar|Tyranitar, M|100/100
|-weather|Sandstorm|[from] ability: Sand Stream|[of] p2a: Tyranitar
|turn|11
|
|t:|1760307175
|-terastallize|p1a: Horm|Steel
|move|p2a: Tyranitar|Rock Slide|p1a: Horm
|-resisted|p1a: Horm
|-damage|p1a: Horm|90/100
|move|p1a: Horm|Dragon Dance|p1a: Horm
|-boost|p1a: Horm|atk|1
|-boost|p1a: Horm|spe|1
|
|-weather|Sandstorm|[upkeep]
|upkeep
|turn|12
|
|t:|1760307188
|switch|p2a: Great Tusk|Great Tusk|100/100
|move|p1a: Horm|Earthquake|p2a: Great Tusk
|-damage|p2a: Great Tusk|61/100
|
|-weather|Sandstorm|[upkeep]
|upkeep
|turn|13
|
|t:|1760307202
|move|p1a: Horm|Ice Spinner|p2a: Great Tusk
|-supereffective|p2a: Great Tusk
|-damage|p2a: Great Tusk|0 fnt
|faint|p2a: Great Tusk
|-end|p2a: Great Tusk|Protosynthesis|[silent]
|
|-weather|Sandstorm|[upkeep]
|upkeep
|
|t:|1760307209
|switch|p2a: Tyranitar|Tyranitar, M|100/100
|turn|14
|
|t:|1760307221
|-terastallize|p2a: Tyranitar|Ghost
|move|p1a: Horm|Earthquake|p2a: Tyranitar
|-damage|p2a: Tyranitar|38/100
|move|p2a: Tyranitar|Earth Power|p1a: Horm
|-supereffective|p1a: Horm
|-damage|p1a: Horm|48/100
|
|-weather|Sandstorm|[upkeep]
|-damage|p2a: Tyranitar|32/100|[from] Sandstorm
|upkeep
|turn|15
|
|t:|1760307233
|move|p1a: Horm|Earthquake|p2a: Tyranitar
|-damage|p2a: Tyranitar|0 fnt
|faint|p2a: Tyranitar
|
|-weather|none
|upkeep
|-message|nicolasgimenez forfeited.
|
|win|80crawlinglegs
|raw|80crawlinglegs's rating: 1158 &rarr; <strong>1181</strong><br />(+23 for winning)
|raw|nicolasgimenez's rating: 1132 &rarr; <strong>1109</strong><br />(-23 for losing)
|l|☆nicolasgimenez
|player|p2|
|l|☆80crawlinglegs
|player|p1|
