|badge|p2|bronze|gen9ou|100-7
|uhtml|medal-msg|<div class="broadcast-blue">Curious what those medals under the avatar are? PS now has Ladder Seasons! For more information, check out the <a href="https://www.smogon.com/forums/threads/3740067/">thread on Smogon.</a></div>
|j|☆clorox man
|j|☆MooFarmer
|t:|1760380179
|gametype|singles
|player|p1|clorox man|clown|1858
|player|p2|MooFarmer|1|1847
|gen|9
|tier|[Gen 9] OU
|rated|
|rule|HP Percentage Mod: HP is shown in percentages
|rule|Endless Battle Clause: Forcing endless battles is banned
|rule|Species Clause: Limit one of each Pokémon
|rule|OHKO Clause: OHKO moves are banned
|rule|Evasion Items Clause: Evasion items are banned
|rule|Evasion Moves Clause: Evasion moves are banned
|rule|Evasion Abilities Clause: Evasion abilities are banned
|rule|Sleep Moves Clause: Sleep-inducing moves are banned
|clearpoke
|poke|p1|Garganacl, M|
|poke|p1|Ogerpon-Wellspring, F|
|poke|p1|Landorus-Therian, M|
|poke|p1|Weezing-Galar, M|
|poke|p1|Dragapult, M|
|poke|p1|Moltres|
|poke|p2|Kyurem|
|poke|p2|Corviknight, M|
|poke|p2|Ting-Lu|
|poke|p2|Dondozo, F|
|poke|p2|Slowking-Galar, L99, M|
|poke|p2|Cinderace, M|
|teampreview
|
|t:|1760380225
|teamsize|p1|6
|teamsize|p2|6
|start
|switch|p1a: Dragapult|Dragapult, M|100/100
|switch|p2a: Kyurem|Kyurem|100/100
|-ability|p2a: Kyurem|Pressure
|turn|1
|inactive|Battle timer is ON: inactive players will automatically lose when time's up. (requested by MooFarmer)
|inactive|MooFarmer has 120 seconds left.
|
|t:|1760380270
|move|p2a: Kyurem|Protect|p2a: Kyurem
|-singleturn|p2a: Kyurem|Protect
|move|p1a: Dragapult|Draco Meteor|p2a: Kyurem
|-activate|p2a: Kyurem|move: Protect
|
|upkeep
|turn|2
|inactive|MooFarmer has 120 seconds left.
|
|t:|1760380315
|switch|p1a: Garganacl|Garganacl, M|100/100
|-terastallize|p2a: Kyurem|Ground
|move|p2a: Kyurem|Freeze-Dry|p1a: Garganacl
|-damage|p1a: Garganacl|78/100
|
|-heal|p1a: Garganacl|84/100|[from] item: Leftovers
|upkeep
|turn|3
|j| br0ken heart ❤️
|inactive|MooFarmer has 90 seconds left.
|
|t:|1760380362
|switch|p1a: Moltres|Moltres|100/100
|move|p2a: Kyurem|Earth Power|p1a: Moltres
|-immune|p1a: Moltres
|
|upkeep
|turn|4
|inactive|MooFarmer has 60 seconds left.
|
|t:|1760380408
|move|p2a: Kyurem|Freeze-Dry|p1a: Moltres
|-damage|p1a: Moltres|65/100
|move|p1a: Moltres|Flamethrower|p2a: Kyurem
|-damage|p2a: Kyurem|65/100
|
|-heal|p2a: Kyurem|72/100|[from] item: Leftovers
|upkeep
|turn|5
|
|t:|1760380417
|move|p2a: Kyurem|Freeze-Dry|p1a: Moltres
|-damage|p1a: Moltres|32/100
|move|p1a: Moltres|Roost|p1a: Moltres
|-heal|p1a: Moltres|82/100
|-singleturn|p1a: Moltres|move: Roost
|
|-heal|p2a: Kyurem|78/100|[from] item: Leftovers
|upkeep
|turn|6
|
|t:|1760380426
|move|p2a: Kyurem|Freeze-Dry|p1a: Moltres
|-crit|p1a: Moltres
|-damage|p1a: Moltres|28/100
|move|p1a: Moltres|Flamethrower|p2a: Kyurem
|-damage|p2a: Kyurem|45/100
|
|-heal|p2a: Kyurem|51/100|[from] item: Leftovers
|upkeep
|turn|7
|
|t:|1760380437
|switch|p1a: Garganacl|Garganacl, M|84/100
|move|p2a: Kyurem|Freeze-Dry|p1a: Garganacl
|-damage|p1a: Garganacl|62/100
|
|-heal|p2a: Kyurem|57/100|[from] item: Leftovers
|-heal|p1a: Garganacl|68/100|[from] item: Leftovers
|upkeep
|turn|8
|
|t:|1760380447
|switch|p1a: Ogerpon|Ogerpon-Wellspring, F|100/100
|move|p2a: Kyurem|Earth Power|p1a: Ogerpon
|-resisted|p1a: Ogerpon
|-damage|p1a: Ogerpon|74/100
|
|-heal|p2a: Kyurem|63/100|[from] item: Leftovers
|upkeep
|turn|9
|inactive|MooFarmer has 60 seconds left.
|
|t:|1760380455
|move|p2a: Kyurem|Protect|p2a: Kyurem
|-singleturn|p2a: Kyurem|Protect
|move|p1a: Ogerpon|Ivy Cudgel|p2a: Kyurem|[anim] Ivy Cudgel Water
|-activate|p2a: Kyurem|move: Protect
|
|-heal|p2a: Kyurem|70/100|[from] item: Leftovers
|upkeep
|turn|10
|
|t:|1760380463
|switch|p2a: Corviknight|Corviknight, M|100/100
|-ability|p2a: Corviknight|Pressure
|move|p1a: Ogerpon|Knock Off|p2a: Corviknight
|-damage|p2a: Corviknight|77/100
|-damage|p1a: Ogerpon|58/100|[from] item: Rocky Helmet|[of] p2a: Corviknight
|-enditem|p2a: Corviknight|Rocky Helmet|[from] move: Knock Off|[of] p1a: Ogerpon
|
|upkeep
|turn|11
|
|t:|1760380476
|move|p1a: Ogerpon|Ivy Cudgel|p2a: Corviknight|[anim] Ivy Cudgel Water
|-crit|p2a: Corviknight
|-damage|p2a: Corviknight|25/100
|move|p2a: Corviknight|U-turn|p1a: Ogerpon
|-supereffective|p1a: Ogerpon
|-damage|p1a: Ogerpon|19/100
|
|t:|1760380484
|switch|p2a: Cinderace|Cinderace, M|100/100|[from] U-turn
|
|upkeep
|turn|12
|
|t:|1760380493
|switch|p1a: Dragapult|Dragapult, M|100/100
|move|p2a: Cinderace|U-turn|p1a: Dragapult
|-resisted|p1a: Dragapult
|-damage|p1a: Dragapult|88/100
|
|t:|1760380502
|switch|p2a: Kyurem|Kyurem, tera:Ground|70/100|[from] U-turn
|-ability|p2a: Kyurem|Pressure
|
|-heal|p2a: Kyurem|76/100|[from] item: Leftovers
|upkeep
|turn|13
|
|t:|1760380511
|switch|p1a: Ogerpon|Ogerpon-Wellspring, F|19/100
|move|p2a: Kyurem|Protect||[still]
|-fail|p2a: Kyurem
|
|-heal|p2a: Kyurem|82/100|[from] item: Leftovers
|upkeep
|turn|14
|
|t:|1760380519
|move|p2a: Kyurem|Protect|p2a: Kyurem
|-singleturn|p2a: Kyurem|Protect
|move|p1a: Ogerpon|Ivy Cudgel|p2a: Kyurem|[anim] Ivy Cudgel Water
|-activate|p2a: Kyurem|move: Protect
|
|-heal|p2a: Kyurem|88/100|[from] item: Leftovers
|upkeep
|turn|15
|inactive|MooFarmer has 90 seconds left.
|inactive|MooFarmer has 60 seconds left.
|
|t:|1760380564
|switch|p2a: Corviknight|Corviknight, M|25/100
|-ability|p2a: Corviknight|Pressure
|move|p1a: Ogerpon|Ivy Cudgel|p2a: Corviknight|[anim] Ivy Cudgel Water
|-damage|p2a: Corviknight|0 fnt
|faint|p2a: Corviknight
|
|upkeep
|inactive|MooFarmer has 30 seconds left.
|inactive|MooFarmer has 20 seconds left.
|
|t:|1760380608
|switch|p2a: Cinderace|Cinderace, M|100/100
|turn|16
|inactive|MooFarmer has 30 seconds left this turn.
|
|t:|1760380616
|switch|p1a: Moltres|Moltres|28/100
|move|p2a: Cinderace|U-turn|p1a: Moltres
|-resisted|p1a: Moltres
|-damage|p1a: Moltres|25/100
|inactive|MooFarmer has 30 seconds left this turn.
|
|t:|1760380625
|switch|p2a: Kyurem|Kyurem, tera:Ground|88/100|[from] U-turn
|-ability|p2a: Kyurem|Pressure
|
|-heal|p2a: Kyurem|94/100|[from] item: Leftovers
|upkeep
|turn|17
|inactive|MooFarmer has 30 seconds left.
|
|t:|1760380633
|move|p2a: Kyurem|Freeze-Dry|p1a: Moltres
|-damage|p1a: Moltres|0 fnt
|faint|p1a: Moltres
|
|-heal|p2a: Kyurem|100/100|[from] item: Leftovers
|upkeep
|
|t:|1760380638
|switch|p1a: Ogerpon|Ogerpon-Wellspring, F|19/100
|turn|18
|
|t:|1760380646
|switch|p2a: Dondozo|Dondozo, F|100/100
|move|p1a: Ogerpon|Synthesis|p1a: Ogerpon
|-heal|p1a: Ogerpon|69/100
|
|upkeep
|turn|19
|
|t:|1760380655
|move|p1a: Ogerpon|Knock Off|p2a: Dondozo
|-damage|p2a: Dondozo|83/100
|-enditem|p2a: Dondozo|Leftovers|[from] move: Knock Off|[of] p1a: Ogerpon
|move|p2a: Dondozo|Body Press|p1a: Ogerpon
|-damage|p1a: Ogerpon|33/100
|
|upkeep
|turn|20
|
|t:|1760380663
|move|p1a: Ogerpon|Synthesis|p1a: Ogerpon
|-heal|p1a: Ogerpon|83/100
|move|p2a: Dondozo|Body Press|p1a: Ogerpon
|-damage|p1a: Ogerpon|46/100
|
|upkeep
|turn|21
|
|t:|1760380671
|move|p1a: Ogerpon|Synthesis|p1a: Ogerpon
|-heal|p1a: Ogerpon|96/100
|move|p2a: Dondozo|Body Press|p1a: Ogerpon
|-damage|p1a: Ogerpon|57/100
|
|upkeep
|turn|22
|inactive|MooFarmer has 60 seconds left.
|
|t:|1760380689
|switch|p1a: Weezing|Weezing-Galar, M|100/100
|-ability|p1a: Weezing|Neutralizing Gas
|switch|p2a: Cinderace|Cinderace, M|100/100
|
|upkeep
|turn|23
|
|t:|1760380697
|move|p2a: Cinderace|U-turn|p1a: Weezing
|-resisted|p1a: Weezing
|-damage|p1a: Weezing|97/100
|
|t:|1760380707
|switch|p2a: Kyurem|Kyurem, tera:Ground|100/100|[from] U-turn
|move|p1a: Weezing|Sludge Bomb|p2a: Kyurem
|-resisted|p2a: Kyurem
|-damage|p2a: Kyurem|88/100
|
|-heal|p2a: Kyurem|94/100|[from] item: Leftovers
|upkeep
|turn|24
|
|t:|1760380718
|move|p2a: Kyurem|Earth Power|p1a: Weezing
|-supereffective|p1a: Weezing
|-damage|p1a: Weezing|0 fnt
|faint|p1a: Weezing
|-end|p1a: Weezing|ability: Neutralizing Gas
|-ability|p2a: Kyurem|Pressure
|
|-heal|p2a: Kyurem|99/100|[from] item: Leftovers
|upkeep
|
|t:|1760380721
|switch|p1a: Ogerpon|Ogerpon-Wellspring, F|57/100
|turn|25
|
|t:|1760380729
|switch|p2a: Dondozo|Dondozo, F|83/100
|move|p1a: Ogerpon|Ivy Cudgel|p2a: Dondozo|[anim] Ivy Cudgel Water
|-resisted|p2a: Dondozo
|-damage|p2a: Dondozo|70/100
|
|upkeep
|turn|26
|
|t:|1760380739
|switch|p1a: Dragapult|Dragapult, M|88/100
|move|p2a: Dondozo|Body Press|p1a: Dragapult
|-immune|p1a: Dragapult
|
|upkeep
|turn|27
|inactive|MooFarmer has 90 seconds left.
|inactive|MooFarmer has 60 seconds left.
|
|t:|1760380784
|move|p1a: Dragapult|Draco Meteor|p2a: Dondozo
|-damage|p2a: Dondozo|0 fnt
|-unboost|p1a: Dragapult|spa|2
|faint|p2a: Dondozo
|
|upkeep
|inactive|MooFarmer has 30 seconds left.
|inactive|MooFarmer has 20 seconds left.
|inactive|MooFarmer has 15 seconds left.
|
|t:|1760380829
|switch|p2a: Kyurem|Kyurem, tera:Ground|99/100
|-ability|p2a: Kyurem|Pressure
|turn|28
|inactive|MooFarmer has 25 seconds left this turn.
|inactive|MooFarmer has 20 seconds left.
|
|t:|1760380840
|move|p1a: Dragapult|Draco Meteor|p2a: Kyurem|[miss]
|-miss|p1a: Dragapult|p2a: Kyurem
|move|p2a: Kyurem|Substitute|p2a: Kyurem
|-start|p2a: Kyurem|Substitute
|-damage|p2a: Kyurem|75/100
|
|-heal|p2a: Kyurem|81/100|[from] item: Leftovers
|upkeep
|turn|29
|inactive|MooFarmer has 30 seconds left this turn.
|
|t:|1760380848
|switch|p1a: Garganacl|Garganacl, M|68/100
|move|p2a: Kyurem|Earth Power|p1a: Garganacl
|-supereffective|p1a: Garganacl
|-damage|p1a: Garganacl|7/100
|
|-heal|p2a: Kyurem|87/100|[from] item: Leftovers
|-heal|p1a: Garganacl|13/100|[from] item: Leftovers
|upkeep
|turn|30
|inactive|MooFarmer has 30 seconds left.
|
|t:|1760380857
|move|p2a: Kyurem|Freeze-Dry|p1a: Garganacl
|-damage|p1a: Garganacl|0 fnt
|faint|p1a: Garganacl
|
|-heal|p2a: Kyurem|94/100|[from] item: Leftovers
|upkeep
|
|t:|1760380868
|switch|p1a: Dragapult|Dragapult, M|88/100
|turn|31
|
|t:|1760380877
|-terastallize|p1a: Dragapult|Ghost
|move|p2a: Kyurem|Protect|p2a: Kyurem
|-singleturn|p2a: Kyurem|Protect
|move|p1a: Dragapult|Shadow Ball|p2a: Kyurem
|-activate|p2a: Kyurem|move: Protect
|
|-heal|p2a: Kyurem|99/100|[from] item: Leftovers
|upkeep
|turn|32
|
|t:|1760380885
|move|p1a: Dragapult|Shadow Ball|p2a: Kyurem
|-crit|p2a: Kyurem
|-damage|p2a: Kyurem|0 fnt
|faint|p2a: Kyurem
|
|upkeep
|
|t:|1760380894
|switch|p2a: Cinderace|Cinderace, M|100/100
|turn|33
|
|t:|1760380902
|move|p1a: Dragapult|Shadow Ball|p2a: Cinderace
|-damage|p2a: Cinderace|12/100
|move|p2a: Cinderace|Pyro Ball|p1a: Dragapult
|-damage|p1a: Dragapult|0 fnt
|faint|p1a: Dragapult
|
|upkeep
|
|t:|1760380908
|switch|p1a: Landorus|Landorus-Therian, M|100/100
|-ability|p1a: Landorus|Intimidate|boost
|-unboost|p2a: Cinderace|atk|1
|turn|34
|inactive|MooFarmer has 60 seconds left.
|
|t:|1760380917
|move|p2a: Cinderace|Will-O-Wisp|p1a: Landorus
|-status|p1a: Landorus|brn
|move|p1a: Landorus|Earthquake|p2a: Cinderace
|-supereffective|p2a: Cinderace
|-damage|p2a: Cinderace|0 fnt
|faint|p2a: Cinderace
|
|-damage|p1a: Landorus|95/100 brn|[from] brn
|upkeep
|inactive|MooFarmer has 60 seconds left.
|
|t:|1760380925
|switch|p2a: Ting-Lu|Ting-Lu|100/100
|-ability|p2a: Ting-Lu|Vessel of Ruin
|turn|35
|
|t:|1760380934
|move|p1a: Landorus|Earthquake|p2a: Ting-Lu
|-damage|p2a: Ting-Lu|82/100
|move|p2a: Ting-Lu|Earthquake|p1a: Landorus
|-immune|p1a: Landorus
|
|-heal|p2a: Ting-Lu|89/100|[from] item: Leftovers
|-damage|p1a: Landorus|89/100 brn|[from] brn
|upkeep
|turn|36
|
|t:|1760380942
|move|p1a: Landorus|Stealth Rock|p2a: Ting-Lu
|-sidestart|p2: MooFarmer|move: Stealth Rock
|move|p2a: Ting-Lu|Payback|p1a: Landorus
|-damage|p1a: Landorus|42/100 brn
|
|-heal|p2a: Ting-Lu|95/100|[from] item: Leftovers
|-damage|p1a: Landorus|36/100 brn|[from] brn
|upkeep
|turn|37
|
|t:|1760380951
|move|p1a: Landorus|Earthquake|p2a: Ting-Lu
|-damage|p2a: Ting-Lu|75/100
|move|p2a: Ting-Lu|Payback|p1a: Landorus
|-damage|p1a: Landorus|0 fnt
|faint|p1a: Landorus
|
|-heal|p2a: Ting-Lu|81/100|[from] item: Leftovers
|upkeep
|
|t:|1760380953
|switch|p1a: Ogerpon|Ogerpon-Wellspring, F|57/100
|turn|38
|
|t:|1760380961
|move|p1a: Ogerpon|Synthesis|p1a: Ogerpon
|-heal|p1a: Ogerpon|100/100
|move|p2a: Ting-Lu|Payback|p1a: Ogerpon
|-damage|p1a: Ogerpon|47/100
|
|-heal|p2a: Ting-Lu|87/100|[from] item: Leftovers
|upkeep
|turn|39
|inactive|MooFarmer has 90 seconds left.
|
|t:|1760380968
|move|p1a: Ogerpon|Ivy Cudgel|p2a: Ting-Lu|[anim] Ivy Cudgel Water
|-supereffective|p2a: Ting-Lu
|-damage|p2a: Ting-Lu|23/100
|move|p2a: Ting-Lu|Payback|p1a: Ogerpon
|-damage|p1a: Ogerpon|0 fnt
|faint|p1a: Ogerpon
|
|win|MooFarmer
|raw|clorox man's rating: 1858 &rarr; <strong>1837</strong><br />(-21 for losing)
|raw|MooFarmer's rating: 1847 &rarr; <strong>1868</strong><br />(+21 for winning)
|l|☆MooFarmer
|player|p2|
|l|☆clorox man
|player|p1|
|l| br0ken heart ❤️
