|j|☆chasebestintro
|j|☆honeyfee
|t:|1760433521
|gametype|singles
|player|p1|chasebestintro|101|1389
|player|p2|honeyfee|brycenman|1455
|gen|9
|tier|[Gen 9] OU
|rated|
|rule|HP Percentage Mod: HP is shown in percentages
|rule|Endless Battle Clause: Forcing endless battles is banned
|rule|Species Clause: Limit one of each Pokémon
|rule|OHKO Clause: OHKO moves are banned
|rule|Evasion Items Clause: Evasion items are banned
|rule|Evasion Moves Clause: Evasion moves are banned
|rule|Evasion Abilities Clause: Evasion abilities are banned
|rule|Sleep Moves Clause: Sleep-inducing moves are banned
|clearpoke
|poke|p1|Hippowdon, F|
|poke|p1|Excadrill, M|
|poke|p1|Great Tusk|
|poke|p1|Ogerpon-Wellspring, F|
|poke|p1|Tornadus-Therian, M|
|poke|p1|Raging Bolt|
|poke|p2|Dondozo, M|
|poke|p2|Clodsire, F|
|poke|p2|Corviknight, M|
|poke|p2|Weezing-Galar, F|
|poke|p2|Gliscor, F|
|poke|p2|Toxapex, F|
|teampreview
|inactive|Battle timer is ON: inactive players will automatically lose when time's up. (requested by honeyfee)
|c|☆honeyfee|i am stall queen
|
|t:|1760433558
|teamsize|p1|6
|teamsize|p2|6
|start
|switch|p1a: Tornadus|Tornadus-Therian, M|100/100
|switch|p2a: Gliscor|Gliscor, F|100/100
|turn|1
|
|t:|1760433572
|move|p2a: Gliscor|Protect|p2a: Gliscor
|-singleturn|p2a: Gliscor|Protect
|move|p1a: Tornadus|Knock Off|p2a: Gliscor
|-activate|p2a: Gliscor|move: Protect
|
|-status|p2a: Gliscor|tox|[from] item: Toxic Orb
|upkeep
|turn|2
|
|t:|1760433584
|move|p1a: Tornadus|Bleakwind Storm|p2a: Gliscor
|-damage|p2a: Gliscor|66/100 tox
|-unboost|p2a: Gliscor|spe|1
|move|p2a: Gliscor|Knock Off|p1a: Tornadus
|-damage|p1a: Tornadus|77/100
|-enditem|p1a: Tornadus|Assault Vest|[from] move: Knock Off|[of] p2a: Gliscor
|
|-heal|p2a: Gliscor|79/100 tox|[from] ability: Poison Heal
|upkeep
|turn|3
|
|t:|1760433594
|switch|p1a: Hippowdon|Hippowdon, F|100/100
|-weather|Sandstorm|[from] ability: Sand Stream|[of] p1a: Hippowdon
|move|p2a: Gliscor|Protect||[still]
|-fail|p2a: Gliscor
|
|-weather|Sandstorm|[upkeep]
|-heal|p2a: Gliscor|91/100 tox|[from] ability: Poison Heal
|upkeep
|turn|4
|
|t:|1760433601
|move|p2a: Gliscor|Knock Off|p1a: Hippowdon
|-damage|p1a: Hippowdon|86/100
|-enditem|p1a: Hippowdon|Smooth Rock|[from] move: Knock Off|[of] p2a: Gliscor
|move|p1a: Hippowdon|Stealth Rock|p2a: Gliscor
|-sidestart|p2: honeyfee|move: Stealth Rock
|
|-weather|Sandstorm|[upkeep]
|-heal|p2a: Gliscor|100/100 tox|[from] ability: Poison Heal
|upkeep
|turn|5
|
|t:|1760433615
|switch|p2a: Corviknight|Corviknight, M|100/100
|-damage|p2a: Corviknight|88/100|[from] Stealth Rock
|-ability|p2a: Corviknight|Pressure
|move|p1a: Hippowdon|Whirlwind|p2a: Corviknight
|drag|p2a: Toxapex|Toxapex, F|100/100
|-damage|p2a: Toxapex|88/100|[from] Stealth Rock
|
|-weather|Sandstorm|[upkeep]
|-damage|p2a: Toxapex|82/100|[from] Sandstorm
|-heal|p2a: Toxapex|88/100|[from] item: Leftovers
|upkeep
|turn|6
|
|t:|1760433626
|switch|p2a: Corviknight|Corviknight, M|88/100
|-damage|p2a: Corviknight|75/100|[from] Stealth Rock
|-ability|p2a: Corviknight|Pressure
|move|p1a: Hippowdon|Whirlwind|p2a: Corviknight
|drag|p2a: Clodsire|Clodsire, F|100/100
|
|-weather|Sandstorm|[upkeep]
|upkeep
|turn|7
|
|t:|1760433636
|switch|p2a: Corviknight|Corviknight, M|75/100
|-damage|p2a: Corviknight|63/100|[from] Stealth Rock
|-ability|p2a: Corviknight|Pressure
|move|p1a: Hippowdon|Earthquake|p2a: Corviknight
|-immune|p2a: Corviknight
|
|-weather|Sandstorm|[upkeep]
|-heal|p2a: Corviknight|69/100|[from] item: Leftovers
|upkeep
|turn|8
|
|t:|1760433640
|move|p2a: Corviknight|Defog|p1a: Hippowdon
|-unboost|p1a: Hippowdon|evasion|1
|-sideend|p2: honeyfee|Stealth Rock|[from] move: Defog|[of] p2a: Corviknight
|move|p1a: Hippowdon|Earthquake|p2a: Corviknight
|-immune|p2a: Corviknight
|
|-weather|Sandstorm|[upkeep]
|-heal|p2a: Corviknight|75/100|[from] item: Leftovers
|upkeep
|turn|9
|
|t:|1760433647
|move|p2a: Corviknight|Iron Defense|p2a: Corviknight
|-boost|p2a: Corviknight|def|2
|move|p1a: Hippowdon|Stealth Rock|p2a: Corviknight
|-sidestart|p2: honeyfee|move: Stealth Rock
|
|-weather|Sandstorm|[upkeep]
|-heal|p2a: Corviknight|82/100|[from] item: Leftovers
|upkeep
|turn|10
|
|t:|1760433651
|move|p2a: Corviknight|Defog|p1a: Hippowdon
|-unboost|p1a: Hippowdon|evasion|1
|-sideend|p2: honeyfee|Stealth Rock|[from] move: Defog|[of] p2a: Corviknight
|move|p1a: Hippowdon|Whirlwind|p2a: Corviknight
|drag|p2a: Gliscor|Gliscor, F|100/100 tox
|
|-weather|none
|upkeep
|turn|11
|
|t:|1760433661
|switch|p2a: Corviknight|Corviknight, M|82/100
|-ability|p2a: Corviknight|Pressure
|move|p1a: Hippowdon|Stealth Rock|p2a: Corviknight
|-sidestart|p2: honeyfee|move: Stealth Rock
|
|-heal|p2a: Corviknight|88/100|[from] item: Leftovers
|upkeep
|turn|12
|
|t:|1760433681
|switch|p1a: Raging Bolt|Raging Bolt|100/100
|-enditem|p1a: Raging Bolt|Booster Energy
|-activate|p1a: Raging Bolt|ability: Protosynthesis|[fromitem]
|-start|p1a: Raging Bolt|protosynthesisspa
|move|p2a: Corviknight|Defog|p1a: Raging Bolt
|-unboost|p1a: Raging Bolt|evasion|1
|-sideend|p2: honeyfee|Stealth Rock|[from] move: Defog|[of] p2a: Corviknight
|
|-heal|p2a: Corviknight|94/100|[from] item: Leftovers
|upkeep
|turn|13
|
|t:|1760433693
|switch|p2a: Clodsire|Clodsire, F|100/100
|move|p1a: Raging Bolt|Dragon Pulse|p2a: Clodsire
|-crit|p2a: Clodsire
|-damage|p2a: Clodsire|43/100
|
|upkeep
|turn|14
|
|t:|1760433700
|move|p1a: Raging Bolt|Dragon Pulse|p2a: Clodsire
|-damage|p2a: Clodsire|6/100
|move|p2a: Clodsire|Recover|p2a: Clodsire
|-heal|p2a: Clodsire|56/100
|
|upkeep
|turn|15
|
|t:|1760433715
|-end|p1a: Raging Bolt|Protosynthesis|[silent]
|switch|p1a: Hippowdon|Hippowdon, F|86/100
|-weather|Sandstorm|[from] ability: Sand Stream|[of] p1a: Hippowdon
|move|p2a: Clodsire|Recover|p2a: Clodsire
|-heal|p2a: Clodsire|100/100
|
|-weather|Sandstorm|[upkeep]
|upkeep
|turn|16
|
|t:|1760433725
|switch|p2a: Corviknight|Corviknight, M|94/100
|-ability|p2a: Corviknight|Pressure
|move|p1a: Hippowdon|Stealth Rock|p2a: Corviknight
|-sidestart|p2: honeyfee|move: Stealth Rock
|
|-weather|Sandstorm|[upkeep]
|-heal|p2a: Corviknight|100/100|[from] item: Leftovers
|upkeep
|turn|17
|inactive|chasebestintro has 120 seconds left.
|
|t:|1760433756
|switch|p1a: Tornadus|Tornadus-Therian, M|100/100
|move|p2a: Corviknight|Defog|p1a: Tornadus
|-unboost|p1a: Tornadus|evasion|1
|-sideend|p2: honeyfee|Stealth Rock|[from] move: Defog|[of] p2a: Corviknight
|
|-weather|Sandstorm|[upkeep]
|-damage|p1a: Tornadus|94/100|[from] Sandstorm
|upkeep
|turn|18
|inactive|honeyfee has 120 seconds left.
|
|t:|1760433786
|switch|p2a: Toxapex|Toxapex, F|100/100
|move|p1a: Tornadus|Knock Off|p2a: Toxapex
|-damage|p2a: Toxapex|84/100
|-enditem|p2a: Toxapex|Leftovers|[from] move: Knock Off|[of] p1a: Tornadus
|
|-weather|Sandstorm|[upkeep]
|-damage|p1a: Tornadus|88/100|[from] Sandstorm
|-damage|p2a: Toxapex|77/100|[from] Sandstorm
|upkeep
|turn|19
|
|t:|1760433796
|move|p1a: Tornadus|Bleakwind Storm|p2a: Toxapex
|-damage|p2a: Toxapex|52/100
|-unboost|p2a: Toxapex|spe|1
|move|p2a: Toxapex|Toxic|p1a: Tornadus
|-status|p1a: Tornadus|tox
|
|-weather|none
|-damage|p1a: Tornadus|82/100 tox|[from] psn
|upkeep
|turn|20
|
|t:|1760433806
|move|p1a: Tornadus|U-turn|p2a: Toxapex
|-resisted|p2a: Toxapex
|-damage|p2a: Toxapex|47/100
|
|t:|1760433814
|switch|p1a: Hippowdon|Hippowdon, F|86/100|[from] U-turn
|-weather|Sandstorm|[from] ability: Sand Stream|[of] p1a: Hippowdon
|move|p2a: Toxapex|Recover|p2a: Toxapex
|-heal|p2a: Toxapex|97/100
|
|-weather|Sandstorm|[upkeep]
|-damage|p2a: Toxapex|91/100|[from] Sandstorm
|upkeep
|turn|21
|inactive|honeyfee has 120 seconds left.
|
|t:|1760433834
|move|p1a: Hippowdon|Stealth Rock|p2a: Toxapex
|-sidestart|p2: honeyfee|move: Stealth Rock
|move|p2a: Toxapex|Toxic|p1a: Hippowdon
|-status|p1a: Hippowdon|tox
|
|-weather|Sandstorm|[upkeep]
|-damage|p2a: Toxapex|85/100|[from] Sandstorm
|-damage|p1a: Hippowdon|80/100 tox|[from] psn
|upkeep
|turn|22
|inactive|honeyfee has 120 seconds left.
|
|t:|1760433845
|switch|p1a: Raging Bolt|Raging Bolt|100/100
|switch|p2a: Corviknight|Corviknight, M|100/100
|-damage|p2a: Corviknight|88/100|[from] Stealth Rock
|-ability|p2a: Corviknight|Pressure
|
|-weather|Sandstorm|[upkeep]
|-damage|p1a: Raging Bolt|94/100|[from] Sandstorm
|-heal|p2a: Corviknight|94/100|[from] item: Leftovers
|upkeep
|turn|23
|inactive|honeyfee has 120 seconds left.
|inactive|chasebestintro has 120 seconds left.
|inactive|honeyfee has 90 seconds left.
|inactive|chasebestintro has 90 seconds left.
|
|t:|1760433916
|switch|p2a: Clodsire|Clodsire, F|100/100
|move|p1a: Raging Bolt|Calm Mind|p1a: Raging Bolt
|-boost|p1a: Raging Bolt|spa|1
|-boost|p1a: Raging Bolt|spd|1
|
|-weather|Sandstorm|[upkeep]
|-damage|p1a: Raging Bolt|88/100|[from] Sandstorm
|upkeep
|turn|24
|inactive|honeyfee has 90 seconds left.
|
|t:|1760433932
|-end|p1a: Raging Bolt|Protosynthesis|[silent]
|switch|p1a: Ogerpon|Ogerpon-Wellspring, F|100/100
|move|p2a: Clodsire|Stealth Rock|p1a: Ogerpon
|-sidestart|p1: chasebestintro|move: Stealth Rock
|
|-weather|none
|upkeep
|turn|25
|
|t:|1760433952
|switch|p2a: Corviknight|Corviknight, M|94/100
|-damage|p2a: Corviknight|82/100|[from] Stealth Rock
|-ability|p2a: Corviknight|Pressure
|move|p1a: Ogerpon|Power Whip|p2a: Corviknight
|-resisted|p2a: Corviknight
|-damage|p2a: Corviknight|71/100
|
|-heal|p2a: Corviknight|77/100|[from] item: Leftovers
|upkeep
|turn|26
|
|t:|1760433970
|move|p1a: Ogerpon|Ivy Cudgel|p2a: Corviknight|[anim] Ivy Cudgel Water
|-damage|p2a: Corviknight|42/100
|move|p2a: Corviknight|Defog|p1a: Ogerpon
|-unboost|p1a: Ogerpon|evasion|1
|-sideend|p1: chasebestintro|Stealth Rock|[from] move: Defog|[of] p2a: Corviknight
|-sideend|p2: honeyfee|Stealth Rock|[from] move: Defog|[of] p2a: Corviknight
|
|-heal|p2a: Corviknight|48/100|[from] item: Leftovers
|upkeep
|turn|27
|
|t:|1760433989
|-terastallize|p1a: Ogerpon|Water
|detailschange|p1a: Ogerpon|Ogerpon-Wellspring-Tera, F, tera:Water
|-ability|p1a: Ogerpon|Embody Aspect (Wellspring)|boost
|-boost|p1a: Ogerpon|spd|1
|move|p1a: Ogerpon|Ivy Cudgel|p2a: Corviknight|[anim] Ivy Cudgel Water
|-damage|p2a: Corviknight|4/100
|move|p2a: Corviknight|Roost|p2a: Corviknight
|-heal|p2a: Corviknight|54/100
|-singleturn|p2a: Corviknight|move: Roost
|
|-heal|p2a: Corviknight|60/100|[from] item: Leftovers
|upkeep
|turn|28
|inactive|honeyfee has 90 seconds left.
|inactive|chasebestintro has 60 seconds left.
|
|t:|1760434008
|move|p1a: Ogerpon|Ivy Cudgel|p2a: Corviknight|[anim] Ivy Cudgel Water
|-damage|p2a: Corviknight|13/100
|move|p2a: Corviknight|Roost|p2a: Corviknight
|-heal|p2a: Corviknight|63/100
|-singleturn|p2a: Corviknight|move: Roost
|
|-heal|p2a: Corviknight|69/100|[from] item: Leftovers
|upkeep
|turn|29
|inactive|chasebestintro has 60 seconds left.
|
|t:|1760434030
|switch|p2a: Toxapex|Toxapex, F|100/100
|move|p1a: Ogerpon|U-turn|p2a: Toxapex
|-resisted|p2a: Toxapex
|-damage|p2a: Toxapex|90/100
|inactive|chasebestintro has 60 seconds left.
|
|t:|1760434039
|switch|p1a: Hippowdon|Hippowdon, F|80/100 tox|[from] U-turn
|-weather|Sandstorm|[from] ability: Sand Stream|[of] p1a: Hippowdon
|
|-weather|Sandstorm|[upkeep]
|-damage|p2a: Toxapex|83/100|[from] Sandstorm
|-damage|p1a: Hippowdon|74/100 tox|[from] psn
|upkeep
|turn|30
|
|t:|1760434048
|switch|p2a: Corviknight|Corviknight, M|69/100
|-ability|p2a: Corviknight|Pressure
|move|p1a: Hippowdon|Stealth Rock|p2a: Corviknight
|-sidestart|p2: honeyfee|move: Stealth Rock
|
|-weather|Sandstorm|[upkeep]
|-heal|p2a: Corviknight|75/100|[from] item: Leftovers
|-damage|p1a: Hippowdon|61/100 tox|[from] psn
|upkeep
|turn|31
|
|t:|1760434052
|move|p2a: Corviknight|Defog|p1a: Hippowdon
|-unboost|p1a: Hippowdon|evasion|1
|-sideend|p2: honeyfee|Stealth Rock|[from] move: Defog|[of] p2a: Corviknight
|move|p1a: Hippowdon|Slack Off|p1a: Hippowdon
|-heal|p1a: Hippowdon|100/100 tox
|
|-weather|Sandstorm|[upkeep]
|-heal|p2a: Corviknight|82/100|[from] item: Leftovers
|-damage|p1a: Hippowdon|82/100 tox|[from] psn
|upkeep
|turn|32
|
|t:|1760434059
|switch|p1a: Tornadus|Tornadus-Therian, M|100/100 tox
|move|p2a: Corviknight|Iron Defense|p2a: Corviknight
|-boost|p2a: Corviknight|def|2
|
|-weather|Sandstorm|[upkeep]
|-damage|p1a: Tornadus|94/100 tox|[from] Sandstorm
|-heal|p2a: Corviknight|88/100|[from] item: Leftovers
|-damage|p1a: Tornadus|88/100 tox|[from] psn
|upkeep
|turn|33
|
|t:|1760434065
|move|p1a: Tornadus|Heat Wave|p2a: Corviknight|[miss]
|-miss|p1a: Tornadus|p2a: Corviknight
|move|p2a: Corviknight|Body Press|p1a: Tornadus
|-resisted|p1a: Tornadus
|-damage|p1a: Tornadus|61/100 tox
|
|-weather|none
|-heal|p2a: Corviknight|94/100|[from] item: Leftovers
|-damage|p1a: Tornadus|49/100 tox|[from] psn
|upkeep
|turn|34
|inactive|honeyfee has 90 seconds left.
|
|t:|1760434107
|move|p1a: Tornadus|Knock Off|p2a: Corviknight
|-damage|p2a: Corviknight|88/100
|-enditem|p2a: Corviknight|Leftovers|[from] move: Knock Off|[of] p1a: Tornadus
|move|p2a: Corviknight|Body Press|p1a: Tornadus
|-resisted|p1a: Tornadus
|-damage|p1a: Tornadus|21/100 tox
|
|-damage|p1a: Tornadus|3/100 tox|[from] psn
|upkeep
|turn|35
|
|t:|1760434117
|move|p1a: Tornadus|U-turn|p2a: Corviknight
|-resisted|p2a: Corviknight
|-crit|p2a: Corviknight
|-damage|p2a: Corviknight|85/100
|
|t:|1760434124
|switch|p1a: Hippowdon|Hippowdon, F|82/100 tox|[from] U-turn
|-weather|Sandstorm|[from] ability: Sand Stream|[of] p1a: Hippowdon
|move|p2a: Corviknight|Roost|p2a: Corviknight
|-heal|p2a: Corviknight|100/100
|-singleturn|p2a: Corviknight|move: Roost
|
|-weather|Sandstorm|[upkeep]
|-damage|p1a: Hippowdon|76/100 tox|[from] psn
|upkeep
|turn|36
|
|t:|1760434132
|move|p2a: Corviknight|Body Press|p1a: Hippowdon
|-damage|p1a: Hippowdon|36/100 tox
|move|p1a: Hippowdon|Whirlwind|p2a: Corviknight
|drag|p2a: Toxapex|Toxapex, F|100/100
|
|-weather|Sandstorm|[upkeep]
|-damage|p2a: Toxapex|94/100|[from] Sandstorm
|-damage|p1a: Hippowdon|24/100 tox|[from] psn
|upkeep
|turn|37
|inactive|chasebestintro has 90 seconds left.
|
|t:|1760434154
|switch|p2a: Corviknight|Corviknight, M|100/100
|-ability|p2a: Corviknight|Pressure
|move|p1a: Hippowdon|Slack Off|p1a: Hippowdon
|-heal|p1a: Hippowdon|74/100 tox
|
|-weather|Sandstorm|[upkeep]
|-damage|p1a: Hippowdon|55/100 tox|[from] psn
|upkeep
|turn|38
|inactive|chasebestintro has 90 seconds left.
|
|t:|1760434165
|switch|p1a: Raging Bolt|Raging Bolt|88/100
|move|p2a: Corviknight|Body Press|p1a: Raging Bolt
|-damage|p1a: Raging Bolt|66/100
|
|-weather|Sandstorm|[upkeep]
|-damage|p1a: Raging Bolt|60/100|[from] Sandstorm
|upkeep
|turn|39
|inactive|chasebestintro has 90 seconds left.
|
|t:|1760434191
|-end|p1a: Raging Bolt|Protosynthesis|[silent]
|switch|p1a: Ogerpon|Ogerpon-Wellspring-Tera, F, tera:Water|100/100
|-ability|p1a: Ogerpon|Embody Aspect (Wellspring)|boost
|-boost|p1a: Ogerpon|spd|1
|move|p2a: Corviknight|Body Press|p1a: Ogerpon
|-damage|p1a: Ogerpon|68/100
|
|-weather|none
|upkeep
|turn|40
|
|t:|1760434204
|move|p1a: Ogerpon|Ivy Cudgel|p2a: Corviknight|[anim] Ivy Cudgel Water
|-damage|p2a: Corviknight|54/100
|move|p2a: Corviknight|Iron Defense|p2a: Corviknight
|-boost|p2a: Corviknight|def|2
|
|upkeep
|turn|41
|
|t:|1760434212
|move|p1a: Ogerpon|U-turn|p2a: Corviknight
|-resisted|p2a: Corviknight
|-damage|p2a: Corviknight|52/100
|
|t:|1760434215
|switch|p1a: Raging Bolt|Raging Bolt|60/100|[from] U-turn
|move|p2a: Corviknight|Body Press|p1a: Raging Bolt
|-damage|p1a: Raging Bolt|18/100
|
|upkeep
|turn|42
|inactive|chasebestintro has 90 seconds left.
|
|t:|1760434226
|-terastallize|p2a: Corviknight|Fighting
|move|p1a: Raging Bolt|Thunderbolt|p2a: Corviknight
|-damage|p2a: Corviknight|3/100
|move|p2a: Corviknight|Roost|p2a: Corviknight
|-heal|p2a: Corviknight|53/100
|
|upkeep
|turn|43
|inactive|chasebestintro has 90 seconds left.
|inactive|honeyfee has 120 seconds left.
|
|t:|1760434253
|move|p1a: Raging Bolt|Thunderbolt|p2a: Corviknight
|-damage|p2a: Corviknight|0 fnt
|faint|p2a: Corviknight
|
|upkeep
|
|t:|1760434268
|switch|p2a: Clodsire|Clodsire, F|100/100
|turn|44
|
|t:|1760434281
|-end|p1a: Raging Bolt|Protosynthesis|[silent]
|switch|p1a: Ogerpon|Ogerpon-Wellspring-Tera, F, tera:Water|68/100
|-ability|p1a: Ogerpon|Embody Aspect (Wellspring)|boost
|-boost|p1a: Ogerpon|spd|1
|move|p2a: Clodsire|Stealth Rock|p1a: Ogerpon
|-sidestart|p1: chasebestintro|move: Stealth Rock
|
|upkeep
|turn|45
|
|t:|1760434288
|switch|p2a: Toxapex|Toxapex, F|100/100
|move|p1a: Ogerpon|Ivy Cudgel|p2a: Toxapex|[anim] Ivy Cudgel Water
|-resisted|p2a: Toxapex
|-damage|p2a: Toxapex|68/100
|
|upkeep
|turn|46
|inactive|chasebestintro has 90 seconds left.
|inactive|honeyfee has 120 seconds left.
|
|t:|1760434294
|move|p1a: Ogerpon|Power Whip|p2a: Toxapex
|-damage|p2a: Toxapex|8/100
|move|p2a: Toxapex|Toxic Spikes|p1a: Ogerpon
|-sidestart|p1: chasebestintro|move: Toxic Spikes
|
|upkeep
|turn|47
|inactive|honeyfee has 120 seconds left.
|
|t:|1760434305
|switch|p2a: Dondozo|Dondozo, M|100/100
|move|p1a: Ogerpon|Ivy Cudgel|p2a: Dondozo|[anim] Ivy Cudgel Water
|-resisted|p2a: Dondozo
|-damage|p2a: Dondozo|82/100
|
|-heal|p2a: Dondozo|88/100|[from] item: Leftovers
|upkeep
|turn|48
|inactive|honeyfee has 120 seconds left.
|
|t:|1760434325
|move|p1a: Ogerpon|Power Whip|p2a: Dondozo
|-supereffective|p2a: Dondozo
|-damage|p2a: Dondozo|28/100
|move|p2a: Dondozo|Body Press|p1a: Ogerpon
|-damage|p1a: Ogerpon|29/100
|
|-heal|p2a: Dondozo|34/100|[from] item: Leftovers
|upkeep
|turn|49
|
|t:|1760434342
|move|p1a: Ogerpon|Power Whip|p2a: Dondozo
|-supereffective|p2a: Dondozo
|-damage|p2a: Dondozo|0 fnt
|faint|p2a: Dondozo
|
|upkeep
|
|t:|1760434344
|switch|p2a: Weezing|Weezing-Galar, F|100/100
|-ability|p2a: Weezing|Neutralizing Gas
|turn|50
|
|t:|1760434365
|move|p1a: Ogerpon|Ivy Cudgel|p2a: Weezing|[anim] Ivy Cudgel Water
|-crit|p2a: Weezing
|-damage|p2a: Weezing|28/100
|move|p2a: Weezing|Strange Steam|p1a: Ogerpon
|-damage|p1a: Ogerpon|6/100
|
|upkeep
|turn|51
|-message|honeyfee forfeited.
|
|win|chasebestintro
|raw|chasebestintro's rating: 1389 &rarr; <strong>1413</strong><br />(+24 for winning)
|raw|honeyfee's rating: 1455 &rarr; <strong>1431</strong><br />(-24 for losing)
|l|☆honeyfee
|player|p2|
