|j|☆Chief_Ironside
|j|☆saibayman
|t:|1760332950
|gametype|singles
|player|p1|Chief_Ironside|skier|1396
|player|p2|saibayman|170|1447
|gen|9
|tier|[Gen 9] OU
|rated|
|rule|HP Percentage Mod: HP is shown in percentages
|rule|Endless Battle Clause: Forcing endless battles is banned
|rule|Species Clause: Limit one of each Pokémon
|rule|OHKO Clause: OHKO moves are banned
|rule|Evasion Items Clause: Evasion items are banned
|rule|Evasion Moves Clause: Evasion moves are banned
|rule|Evasion Abilities Clause: Evasion abilities are banned
|rule|Sleep Moves Clause: Sleep-inducing moves are banned
|clearpoke
|poke|p1|Salamence, M|
|poke|p1|Okidogi, M|
|poke|p1|Great Tusk|
|poke|p1|Gholdengo|
|poke|p1|Greninja-*, M|
|poke|p1|Ogerpon-Wellspring, F|
|poke|p2|Metagross|
|poke|p2|Great Tusk|
|poke|p2|Slowking-Galar, F|
|poke|p2|Dragapult, F|
|poke|p2|Meowscarada, M|
|poke|p2|Zapdos|
|teampreview
|inactive|Battle timer is ON: inactive players will automatically lose when time's up. (requested by saibayman)
|
|t:|1760332970
|teamsize|p1|6
|teamsize|p2|6
|start
|switch|p1a: Okidogi|Okidogi, M|100/100
|switch|p2a: Meowscarada|Meowscarada, M|100/100
|turn|1
|
|t:|1760332977
|switch|p2a: Metagross|Metagross|100/100
|move|p1a: Okidogi|Drain Punch|p2a: Metagross
|-damage|p2a: Metagross|77/100
|-damage|p1a: Okidogi|84/100|[from] item: Rocky Helmet|[of] p2a: Metagross
|
|upkeep
|turn|2
|
|t:|1760332994
|switch|p1a: Great Tusk|Great Tusk|100/100
|move|p2a: Metagross|Stealth Rock|p1a: Great Tusk
|-sidestart|p1: Chief_Ironside|move: Stealth Rock
|
|upkeep
|turn|3
|
|t:|1760332999
|move|p1a: Great Tusk|Headlong Rush|p2a: Metagross
|-supereffective|p2a: Metagross
|-damage|p2a: Metagross|20/100
|-unboost|p1a: Great Tusk|def|1
|-unboost|p1a: Great Tusk|spd|1
|-damage|p1a: Great Tusk|84/100|[from] item: Rocky Helmet|[of] p2a: Metagross
|move|p2a: Metagross|Psychic Fangs|p1a: Great Tusk
|-supereffective|p1a: Great Tusk
|-damage|p1a: Great Tusk|12/100
|-damage|p2a: Metagross|4/100|[from] item: Rocky Helmet|[of] p1a: Great Tusk
|
|upkeep
|turn|4
|
|t:|1760333011
|move|p2a: Metagross|Bullet Punch|p1a: Great Tusk
|-damage|p1a: Great Tusk|0 fnt
|-damage|p2a: Metagross|0 fnt|[from] item: Rocky Helmet|[of] p1a: Great Tusk
|faint|p1a: Great Tusk
|-end|p1a: Great Tusk|Protosynthesis|[silent]
|faint|p2a: Metagross
|
|upkeep
|
|t:|1760333023
|switch|p1a: Okidogi|Okidogi, M|84/100
|switch|p2a: Dragapult|Dragapult, F|100/100
|-damage|p1a: Okidogi|78/100|[from] Stealth Rock
|turn|5
|
|t:|1760333031
|move|p2a: Dragapult|Dragon Darts|p1a: Okidogi
|-damage|p1a: Okidogi|59/100
|-anim|p2a: Dragapult|Dragon Darts|p1a: Okidogi
|-damage|p1a: Okidogi|38/100
|move|p1a: Okidogi|Knock Off|p2a: Dragapult
|-supereffective|p2a: Dragapult
|-damage|p2a: Dragapult|7/100
|-enditem|p2a: Dragapult|Focus Sash|[from] move: Knock Off|[of] p1a: Okidogi
|
|upkeep
|turn|6
|
|t:|1760333039
|move|p2a: Dragapult|Dragon Darts|p1a: Okidogi
|-damage|p1a: Okidogi|17/100
|-anim|p2a: Dragapult|Dragon Darts|p1a: Okidogi
|-damage|p1a: Okidogi|0 fnt
|faint|p1a: Okidogi
|
|upkeep
|
|t:|1760333043
|switch|p1a: Greninja|Greninja, M|100/100
|-damage|p1a: Greninja|88/100|[from] Stealth Rock
|turn|7
|
|t:|1760333050
|switch|p2a: Meowscarada|Meowscarada, M|100/100
|move|p1a: Greninja|Water Shuriken|p2a: Meowscarada
|-resisted|p2a: Meowscarada
|-damage|p2a: Meowscarada|94/100
|-resisted|p2a: Meowscarada
|-damage|p2a: Meowscarada|87/100
|-resisted|p2a: Meowscarada
|-damage|p2a: Meowscarada|80/100
|-resisted|p2a: Meowscarada
|-damage|p2a: Meowscarada|74/100
|-resisted|p2a: Meowscarada
|-damage|p2a: Meowscarada|67/100
|-hitcount|p2a: Meowscarada|5
|-damage|p1a: Greninja|78/100|[from] item: Life Orb
|
|upkeep
|turn|8
|
|t:|1760333066
|move|p2a: Meowscarada|Flower Trick|p1a: Greninja
|-start|p2a: Meowscarada|typechange|Grass|[from] ability: Protean
|-supereffective|p1a: Greninja
|-crit|p1a: Greninja
|-damage|p1a: Greninja|0 fnt
|faint|p1a: Greninja
|
|upkeep
|
|t:|1760333071
|switch|p1a: Salamence|Salamence, M|100/100
|-damage|p1a: Salamence|75/100|[from] Stealth Rock
|turn|9
|
|t:|1760333078
|-terastallize|p1a: Salamence|Flying
|move|p2a: Meowscarada|Play Rough|p1a: Salamence
|-damage|p1a: Salamence|39/100
|move|p1a: Salamence|Dragon Dance|p1a: Salamence
|-boost|p1a: Salamence|atk|1
|-boost|p1a: Salamence|spe|1
|
|-heal|p1a: Salamence|45/100|[from] item: Leftovers
|upkeep
|turn|10
|
|t:|1760333091
|move|p1a: Salamence|Tera Blast|p2a: Meowscarada|[anim] Tera Blast Flying
|-supereffective|p2a: Meowscarada
|-crit|p2a: Meowscarada
|-damage|p2a: Meowscarada|0 fnt
|faint|p2a: Meowscarada
|-ability|p1a: Salamence|Moxie|boost
|-boost|p1a: Salamence|atk|1
|
|-heal|p1a: Salamence|51/100|[from] item: Leftovers
|upkeep
|
|t:|1760333104
|switch|p2a: Zapdos|Zapdos|100/100
|turn|11
|
|t:|1760333112
|move|p1a: Salamence|Substitute|p1a: Salamence
|-start|p1a: Salamence|Substitute
|-damage|p1a: Salamence|26/100
|move|p2a: Zapdos|Volt Switch|p1a: Salamence
|-supereffective|p1a: Salamence
|-end|p1a: Salamence|Substitute
|
|t:|1760333128
|switch|p2a: Dragapult|Dragapult, F|7/100|[from] Volt Switch
|
|-heal|p1a: Salamence|32/100|[from] item: Leftovers
|upkeep
|turn|12
|
|t:|1760333134
|move|p1a: Salamence|Tera Blast|p2a: Dragapult|[anim] Tera Blast Flying
|-damage|p2a: Dragapult|0 fnt
|faint|p2a: Dragapult
|-ability|p1a: Salamence|Moxie|boost
|-boost|p1a: Salamence|atk|1
|
|-heal|p1a: Salamence|38/100|[from] item: Leftovers
|upkeep
|
|t:|1760333142
|switch|p2a: Zapdos|Zapdos|100/100
|turn|13
|
|t:|1760333144
|move|p1a: Salamence|Substitute|p1a: Salamence
|-start|p1a: Salamence|Substitute
|-damage|p1a: Salamence|13/100
|move|p2a: Zapdos|Thunderbolt|p1a: Salamence
|-supereffective|p1a: Salamence
|-end|p1a: Salamence|Substitute
|
|-heal|p1a: Salamence|19/100|[from] item: Leftovers
|upkeep
|turn|14
|
|t:|1760333153
|move|p1a: Salamence|Outrage|p2a: Zapdos
|-damage|p2a: Zapdos|0 fnt
|faint|p2a: Zapdos
|-ability|p1a: Salamence|Moxie|boost
|-boost|p1a: Salamence|atk|1
|
|-heal|p1a: Salamence|25/100|[from] item: Leftovers
|upkeep
|
|t:|1760333165
|switch|p2a: Great Tusk|Great Tusk|100/100
|turn|15
|
|t:|1760333177
|-terastallize|p2a: Great Tusk|Steel
|move|p1a: Salamence|Outrage|p2a: Great Tusk|[from] lockedmove
|-resisted|p2a: Great Tusk
|-crit|p2a: Great Tusk
|-damage|p2a: Great Tusk|38/100
|-start|p1a: Salamence|confusion|[fatigue]
|move|p2a: Great Tusk|Rapid Spin|p1a: Salamence
|-damage|p1a: Salamence|6/100
|-boost|p2a: Great Tusk|spe|1
|
|-heal|p1a: Salamence|12/100|[from] item: Leftovers
|-heal|p2a: Great Tusk|45/100|[from] item: Leftovers
|upkeep
|turn|16
|
|t:|1760333190
|-activate|p1a: Salamence|confusion
|move|p1a: Salamence|Outrage|p2a: Great Tusk
|-resisted|p2a: Great Tusk
|-damage|p2a: Great Tusk|0 fnt
|faint|p2a: Great Tusk
|-end|p2a: Great Tusk|Protosynthesis|[silent]
|-ability|p1a: Salamence|Moxie|boost
|-boost|p1a: Salamence|atk|1
|
|-heal|p1a: Salamence|18/100|[from] item: Leftovers
|upkeep
|
|t:|1760333198
|switch|p2a: Slowking|Slowking-Galar, F|100/100
|turn|17
|
|t:|1760333202
|-activate|p1a: Salamence|confusion
|move|p1a: Salamence|Outrage|p2a: Slowking|[from] lockedmove
|-damage|p2a: Slowking|0 fnt
|faint|p2a: Slowking
|
|win|Chief_Ironside
|raw|Chief_Ironside's rating: 1396 &rarr; <strong>1419</strong><br />(+23 for winning)
|raw|saibayman's rating: 1447 &rarr; <strong>1424</strong><br />(-23 for losing)
|l|☆saibayman
|player|p2|
|l|☆Chief_Ironside
|player|p1|
