|j|☆humunitzy
|j|☆chaomei_shen
|t:|1760330963
|gametype|singles
|player|p1|humunitzy|gentleman|1358
|player|p2|chaomei_shen|266|1425
|gen|9
|tier|[Gen 9] OU
|rated|
|rule|HP Percentage Mod: HP is shown in percentages
|rule|Endless Battle Clause: Forcing endless battles is banned
|rule|Species Clause: Limit one of each Pokémon
|rule|OHKO Clause: OHKO moves are banned
|rule|Evasion Items Clause: Evasion items are banned
|rule|Evasion Moves Clause: Evasion moves are banned
|rule|Evasion Abilities Clause: Evasion abilities are banned
|rule|Sleep Moves Clause: Sleep-inducing moves are banned
|clearpoke
|poke|p1|Ninetales-Alola, F|
|poke|p1|Kyurem|
|poke|p1|Dragapult, F|
|poke|p1|Garchomp, F|
|poke|p1|Great Tusk|
|poke|p1|Kingambit, M|
|poke|p2|Dragonite, F|
|poke|p2|Hatterene, F|
|poke|p2|Great Tusk|
|poke|p2|Raging Bolt|
|poke|p2|Ting-Lu|
|poke|p2|Kyurem|
|teampreview
|
|t:|1760330968
|teamsize|p1|6
|teamsize|p2|6
|start
|switch|p1a: Ninetales|Ninetales-Alola, F|100/100
|switch|p2a: Raging Bolt|Raging Bolt|100/100
|-weather|Snowscape|[from] ability: Snow Warning|[of] p1a: Ninetales
|turn|1
|
|t:|1760330978
|move|p1a: Ninetales|Aurora Veil|p1a: Ninetales
|-sidestart|p1: humunitzy|move: Aurora Veil
|move|p2a: Raging Bolt|Volt Switch|p1a: Ninetales
|-damage|p1a: Ninetales|67/100
|
|t:|1760330982
|-end|p2a: Raging Bolt|Protosynthesis|[silent]
|switch|p2a: Ting-Lu|Ting-Lu|100/100|[from] Volt Switch
|-ability|p2a: Ting-Lu|Vessel of Ruin
|
|-weather|Snowscape|[upkeep]
|upkeep
|turn|2
|
|t:|1760331002
|switch|p1a: Kyurem|Kyurem|100/100
|-ability|p1a: Kyurem|Pressure
|move|p2a: Ting-Lu|Stealth Rock|p1a: Kyurem
|-sidestart|p1: humunitzy|move: Stealth Rock
|
|-weather|Snowscape|[upkeep]
|upkeep
|turn|3
|inactive|Battle timer is ON: inactive players will automatically lose when time's up. (requested by chaomei_shen)
|
|t:|1760331019
|move|p1a: Kyurem|Dragon Dance|p1a: Kyurem
|-boost|p1a: Kyurem|atk|1
|-boost|p1a: Kyurem|spe|1
|move|p2a: Ting-Lu|Whirlwind|p1a: Kyurem
|drag|p1a: Kingambit|Kingambit, M|100/100
|-damage|p1a: Kingambit|94/100|[from] Stealth Rock
|
|-weather|Snowscape|[upkeep]
|upkeep
|turn|4
|
|t:|1760331030
|move|p1a: Kingambit|Swords Dance|p1a: Kingambit
|-boost|p1a: Kingambit|atk|2
|move|p2a: Ting-Lu|Whirlwind|p1a: Kingambit
|-end|p1a: Kingambit|fallenundefined|[silent]
|drag|p1a: Kyurem|Kyurem|100/100
|-damage|p1a: Kyurem|76/100|[from] Stealth Rock
|-ability|p1a: Kyurem|Pressure
|
|-weather|Snowscape|[upkeep]
|upkeep
|turn|5
|
|t:|1760331040
|-terastallize|p2a: Ting-Lu|Ghost
|move|p1a: Kyurem|Icicle Spear|p2a: Ting-Lu
|-damage|p2a: Ting-Lu|93/100
|-damage|p2a: Ting-Lu|86/100
|-damage|p2a: Ting-Lu|77/100
|-damage|p2a: Ting-Lu|70/100
|-damage|p2a: Ting-Lu|63/100
|-hitcount|p2a: Ting-Lu|5
|move|p2a: Ting-Lu|Whirlwind|p1a: Kyurem
|drag|p1a: Dragapult|Dragapult, F|100/100
|-damage|p1a: Dragapult|88/100|[from] Stealth Rock
|
|-weather|none
|-heal|p2a: Ting-Lu|69/100|[from] item: Leftovers
|upkeep
|turn|6
|
|t:|1760331059
|-terastallize|p1a: Dragapult|Ghost
|move|p1a: Dragapult|Shadow Ball|p2a: Ting-Lu
|-supereffective|p2a: Ting-Lu
|-damage|p2a: Ting-Lu|2/100
|move|p2a: Ting-Lu|Ruination|p1a: Dragapult
|-damage|p1a: Dragapult|44/100
|
|-heal|p2a: Ting-Lu|8/100|[from] item: Leftovers
|upkeep
|turn|7
|
|t:|1760331076
|switch|p2a: Hatterene|Hatterene, F|100/100
|move|p1a: Dragapult|Shadow Ball|p2a: Hatterene
|-supereffective|p2a: Hatterene
|-damage|p2a: Hatterene|9/100
|
|upkeep
|turn|8
|
|t:|1760331083
|move|p1a: Dragapult|Shadow Ball|p2a: Hatterene
|-supereffective|p2a: Hatterene
|-damage|p2a: Hatterene|0 fnt
|faint|p2a: Hatterene
|
|-sideend|p1: humunitzy|move: Aurora Veil
|upkeep
|
|t:|1760331090
|switch|p2a: Dragonite|Dragonite, F|100/100
|turn|9
|
|t:|1760331096
|move|p1a: Dragapult|Shadow Ball|p2a: Dragonite
|-crit|p2a: Dragonite
|-damage|p2a: Dragonite|43/100
|move|p2a: Dragonite|Earthquake|p1a: Dragapult
|-damage|p1a: Dragapult|0 fnt
|faint|p1a: Dragapult
|
|upkeep
|
|t:|1760331109
|switch|p1a: Ninetales|Ninetales-Alola, F|67/100
|-damage|p1a: Ninetales|42/100|[from] Stealth Rock
|-weather|Snowscape|[from] ability: Snow Warning|[of] p1a: Ninetales
|turn|10
|
|t:|1760331116
|move|p1a: Ninetales|Aurora Veil|p1a: Ninetales
|-sidestart|p1: humunitzy|move: Aurora Veil
|move|p2a: Dragonite|Earthquake|p1a: Ninetales
|-damage|p1a: Ninetales|16/100
|
|-weather|Snowscape|[upkeep]
|upkeep
|turn|11
|
|t:|1760331134
|switch|p1a: Great Tusk|Great Tusk|100/100
|-damage|p1a: Great Tusk|98/100|[from] Stealth Rock
|switch|p2a: Ting-Lu|Ting-Lu, tera:Ghost|8/100
|-ability|p2a: Ting-Lu|Vessel of Ruin
|
|-weather|Snowscape|[upkeep]
|-heal|p1a: Great Tusk|100/100|[from] item: Leftovers
|-heal|p2a: Ting-Lu|15/100|[from] item: Leftovers
|upkeep
|turn|12
|
|t:|1760331146
|move|p1a: Great Tusk|Knock Off|p2a: Ting-Lu
|-supereffective|p2a: Ting-Lu
|-damage|p2a: Ting-Lu|0 fnt
|-enditem|p2a: Ting-Lu|Leftovers|[from] move: Knock Off|[of] p1a: Great Tusk
|faint|p2a: Ting-Lu
|
|-weather|Snowscape|[upkeep]
|upkeep
|
|t:|1760331155
|switch|p2a: Kyurem|Kyurem|100/100
|-ability|p2a: Kyurem|Pressure
|turn|13
|
|t:|1760331163
|move|p2a: Kyurem|Dragon Dance|p2a: Kyurem
|-boost|p2a: Kyurem|atk|1
|-boost|p2a: Kyurem|spe|1
|move|p1a: Great Tusk|Rapid Spin|p2a: Kyurem
|-damage|p2a: Kyurem|91/100
|-boost|p1a: Great Tusk|spe|1
|-sideend|p1: humunitzy|Stealth Rock|[from] move: Rapid Spin|[of] p1a: Great Tusk
|
|-weather|Snowscape|[upkeep]
|upkeep
|turn|14
|
|t:|1760331175
|move|p2a: Kyurem|Icicle Spear|p1a: Great Tusk
|-supereffective|p1a: Great Tusk
|-damage|p1a: Great Tusk|89/100
|-supereffective|p1a: Great Tusk
|-damage|p1a: Great Tusk|76/100
|-supereffective|p1a: Great Tusk
|-damage|p1a: Great Tusk|63/100
|-supereffective|p1a: Great Tusk
|-crit|p1a: Great Tusk
|-damage|p1a: Great Tusk|23/100
|-supereffective|p1a: Great Tusk
|-damage|p1a: Great Tusk|10/100
|-hitcount|p1a: Great Tusk|5
|move|p1a: Great Tusk|Knock Off|p2a: Kyurem
|-damage|p2a: Kyurem|70/100
|-enditem|p2a: Kyurem|Loaded Dice|[from] move: Knock Off|[of] p1a: Great Tusk
|
|-weather|none
|-heal|p1a: Great Tusk|16/100|[from] item: Leftovers
|upkeep
|turn|15
|
|t:|1760331193
|move|p2a: Kyurem|Icicle Spear|p1a: Great Tusk
|-supereffective|p1a: Great Tusk
|-damage|p1a: Great Tusk|5/100
|-supereffective|p1a: Great Tusk
|-damage|p1a: Great Tusk|0 fnt
|faint|p1a: Great Tusk
|-end|p1a: Great Tusk|Protosynthesis|[silent]
|-hitcount|p1: Great Tusk|2
|
|upkeep
|
|t:|1760331205
|switch|p1a: Kingambit|Kingambit, M|94/100
|-activate|p1a: Kingambit|ability: Supreme Overlord
|-start|p1a: Kingambit|fallen2|[silent]
|turn|16
|
|t:|1760331212
|switch|p2a: Great Tusk|Great Tusk|100/100
|move|p1a: Kingambit|Iron Head|p2a: Great Tusk
|-crit|p2a: Great Tusk
|-damage|p2a: Great Tusk|33/100
|
|upkeep
|turn|17
|
|t:|1760331229
|-end|p1a: Kingambit|fallen2|[silent]
|switch|p1a: Garchomp|Garchomp, F|100/100
|move|p2a: Great Tusk|Headlong Rush|p1a: Garchomp
|-damage|p1a: Garchomp|80/100
|-unboost|p2a: Great Tusk|def|1
|-unboost|p2a: Great Tusk|spd|1
|-damage|p2a: Great Tusk|21/100|[from] ability: Rough Skin|[of] p1a: Garchomp
|-damage|p2a: Great Tusk|5/100|[from] item: Rocky Helmet|[of] p1a: Garchomp
|
|-sideend|p1: humunitzy|move: Aurora Veil
|upkeep
|turn|18
|
|t:|1760331243
|move|p2a: Great Tusk|Ice Spinner|p1a: Garchomp
|-supereffective|p1a: Garchomp
|-damage|p1a: Garchomp|11/100
|-damage|p2a: Great Tusk|0 fnt|[from] ability: Rough Skin|[of] p1a: Garchomp
|faint|p2a: Great Tusk
|-end|p2a: Great Tusk|Protosynthesis|[silent]
|move|p1a: Garchomp|Spikes|p2: Great Tusk
|-sidestart|p2: chaomei_shen|Spikes
|
|upkeep
|
|t:|1760331256
|switch|p2a: Kyurem|Kyurem|70/100
|-damage|p2a: Kyurem|58/100|[from] Spikes
|-ability|p2a: Kyurem|Pressure
|turn|19
|
|t:|1760331264
|move|p2a: Kyurem|Icicle Spear|p1a: Garchomp
|-supereffective|p1a: Garchomp
|-damage|p1a: Garchomp|0 fnt
|faint|p1a: Garchomp
|-hitcount|p1: Garchomp|1
|
|upkeep
|
|t:|1760331274
|switch|p1a: Ninetales|Ninetales-Alola, F|16/100
|-weather|Snowscape|[from] ability: Snow Warning|[of] p1a: Ninetales
|turn|20
|
|t:|1760331281
|move|p1a: Ninetales|Aurora Veil|p1a: Ninetales
|-sidestart|p1: humunitzy|move: Aurora Veil
|move|p2a: Kyurem|Icicle Spear|p1a: Ninetales
|-resisted|p1a: Ninetales
|-damage|p1a: Ninetales|14/100
|-resisted|p1a: Ninetales
|-damage|p1a: Ninetales|11/100
|-hitcount|p1a: Ninetales|2
|
|-weather|Snowscape|[upkeep]
|upkeep
|turn|21
|
|t:|1760331293
|move|p1a: Ninetales|Moonblast|p2a: Kyurem
|-supereffective|p2a: Kyurem
|-damage|p2a: Kyurem|4/100
|move|p2a: Kyurem|Dragon Dance|p2a: Kyurem
|-boost|p2a: Kyurem|atk|1
|-boost|p2a: Kyurem|spe|1
|
|-weather|Snowscape|[upkeep]
|upkeep
|turn|22
|
|t:|1760331303
|move|p2a: Kyurem|Icicle Spear|p1a: Ninetales
|-resisted|p1a: Ninetales
|-damage|p1a: Ninetales|7/100
|-resisted|p1a: Ninetales
|-damage|p1a: Ninetales|3/100
|-resisted|p1a: Ninetales
|-damage|p1a: Ninetales|0 fnt
|faint|p1a: Ninetales
|-hitcount|p1: Ninetales|3
|
|-weather|Snowscape|[upkeep]
|upkeep
|
|t:|1760331313
|switch|p1a: Kingambit|Kingambit, M|94/100
|-activate|p1a: Kingambit|ability: Supreme Overlord
|-start|p1a: Kingambit|fallen4|[silent]
|turn|23
|
|t:|1760331319
|move|p1a: Kingambit|Sucker Punch||[still]
|-fail|p1a: Kingambit
|move|p2a: Kyurem|Dragon Dance|p2a: Kyurem
|-boost|p2a: Kyurem|atk|1
|-boost|p2a: Kyurem|spe|1
|
|-weather|Snowscape|[upkeep]
|upkeep
|turn|24
|
|t:|1760331331
|move|p1a: Kingambit|Sucker Punch|p2a: Kyurem
|-damage|p2a: Kyurem|0 fnt
|faint|p2a: Kyurem
|
|-weather|none
|upkeep
|
|t:|1760331337
|switch|p2a: Raging Bolt|Raging Bolt|100/100
|-damage|p2a: Raging Bolt|88/100|[from] Spikes
|turn|25
|
|t:|1760331347
|move|p2a: Raging Bolt|Thunderbolt|p1a: Kingambit
|-damage|p1a: Kingambit|55/100
|move|p1a: Kingambit|Kowtow Cleave|p2a: Raging Bolt
|-damage|p2a: Raging Bolt|17/100
|
|upkeep
|turn|26
|
|t:|1760331356
|-end|p2a: Raging Bolt|Protosynthesis|[silent]
|switch|p2a: Dragonite|Dragonite, F|43/100
|move|p1a: Kingambit|Kowtow Cleave|p2a: Dragonite
|-damage|p2a: Dragonite|0 fnt
|faint|p2a: Dragonite
|
|upkeep
|-message|chaomei_shen forfeited.
|
|win|humunitzy
|raw|humunitzy's rating: 1358 &rarr; <strong>1382</strong><br />(+24 for winning)
|raw|chaomei_shen's rating: 1425 &rarr; <strong>1401</strong><br />(-24 for losing)
|l|☆chaomei_shen
|player|p2|
|l|☆humunitzy
|player|p1|
