|j|‽battler12312001
|j|☆AikoRed
|t:|1760335770
|gametype|singles
|player|p1|battler12312001|hilbert-wonderlauncher|1280
|player|p2|AikoRed|2|1283
|gen|9
|tier|[Gen 9] OU
|rated|
|rule|HP Percentage Mod: HP is shown in percentages
|rule|Endless Battle Clause: Forcing endless battles is banned
|rule|Species Clause: Limit one of each Pokémon
|rule|OHKO Clause: OHKO moves are banned
|rule|Evasion Items Clause: Evasion items are banned
|rule|Evasion Moves Clause: Evasion moves are banned
|rule|Evasion Abilities Clause: Evasion abilities are banned
|rule|Sleep Moves Clause: Sleep-inducing moves are banned
|clearpoke
|poke|p1|Cinderace, F|
|poke|p1|Primarina, M|
|poke|p1|Meowscarada, M|
|poke|p1|Tyranitar, M|
|poke|p1|Zapdos|
|poke|p1|Gholdengo|
|poke|p2|Scizor, M|
|poke|p2|Moltres|
|poke|p2|Dragapult, F|
|poke|p2|Hatterene, F|
|poke|p2|Rillaboom, M|
|poke|p2|Slowking-Galar, M|
|teampreview
|inactive|Battle timer is ON: inactive players will automatically lose when time's up. (requested by battler12312001)
|
|t:|1760335786
|teamsize|p1|6
|teamsize|p2|6
|start
|switch|p1a: Cinderace|Cinderace, F|100/100
|switch|p2a: Dragapult|Dragapult, F, shiny|100/100
|turn|1
|
|t:|1760335794
|move|p1a: Cinderace|U-turn|p2a: Dragapult
|-start|p1a: Cinderace|typechange|Bug|[from] ability: Libero
|-resisted|p2a: Dragapult
|-damage|p2a: Dragapult|79/100
|
|t:|1760335804
|switch|p1a: Primarina|Primarina, M, shiny|100/100|[from] U-turn
|move|p2a: Dragapult|Shadow Ball|p1a: Primarina
|-damage|p1a: Primarina|49/100
|
|-heal|p1a: Primarina|55/100|[from] item: Leftovers
|upkeep
|turn|2
|
|t:|1760335816
|move|p2a: Dragapult|Shadow Ball|p1a: Primarina
|-damage|p1a: Primarina|8/100
|-unboost|p1a: Primarina|spd|1
|move|p1a: Primarina|Hydro Pump|p2a: Dragapult
|-resisted|p2a: Dragapult
|-damage|p2a: Dragapult|16/100
|
|-heal|p1a: Primarina|14/100|[from] item: Leftovers
|upkeep
|turn|3
|
|t:|1760335825
|move|p2a: Dragapult|Shadow Ball|p1a: Primarina
|-damage|p1a: Primarina|0 fnt
|faint|p1a: Primarina
|
|upkeep
|
|t:|1760335834
|switch|p1a: Meowscarada|Meowscarada, M, shiny|100/100
|turn|4
|
|t:|1760335838
|move|p1a: Meowscarada|Sucker Punch|p2a: Dragapult
|-start|p1a: Meowscarada|typechange|Dark|[from] ability: Protean
|-supereffective|p2a: Dragapult
|-damage|p2a: Dragapult|0 fnt
|faint|p2a: Dragapult
|-damage|p1a: Meowscarada|91/100|[from] item: Life Orb
|
|upkeep
|
|t:|1760335846
|switch|p2a: Moltres|Moltres, shiny|100/100
|turn|5
|
|t:|1760335853
|switch|p1a: Zapdos|Zapdos|100/100
|move|p2a: Moltres|Will-O-Wisp|p1a: Zapdos
|-status|p1a: Zapdos|brn
|
|-damage|p1a: Zapdos|94/100 brn|[from] brn
|upkeep
|turn|6
|
|t:|1760335865
|switch|p2a: Slowking|Slowking-Galar, M, shiny|100/100
|move|p1a: Zapdos|Volt Switch|p2a: Slowking
|-damage|p2a: Slowking|83/100
|
|t:|1760335875
|switch|p1a: Tyranitar|Tyranitar, M, shiny|100/100|[from] Volt Switch
|-weather|Sandstorm|[from] ability: Sand Stream|[of] p1a: Tyranitar
|
|-weather|Sandstorm|[upkeep]
|-damage|p2a: Slowking|77/100|[from] Sandstorm
|upkeep
|turn|7
|
|t:|1760335880
|switch|p2a: Rillaboom|Rillaboom, M|100/100
|-fieldstart|move: Grassy Terrain|[from] ability: Grassy Surge|[of] p2a: Rillaboom
|move|p1a: Tyranitar|Knock Off|p2a: Rillaboom
|-damage|p2a: Rillaboom|15/100
|-enditem|p2a: Rillaboom|Choice Band|[from] move: Knock Off|[of] p1a: Tyranitar
|
|-weather|Sandstorm|[upkeep]
|-damage|p2a: Rillaboom|9/100|[from] Sandstorm
|-heal|p2a: Rillaboom|15/100|[from] Grassy Terrain
|upkeep
|turn|8
|
|t:|1760335891
|switch|p1a: Meowscarada|Meowscarada, M, shiny|91/100
|move|p2a: Rillaboom|U-turn|p1a: Meowscarada
|-supereffective|p1a: Meowscarada
|-damage|p1a: Meowscarada|0 fnt
|faint|p1a: Meowscarada
|
|t:|1760335898
|switch|p2a: Moltres|Moltres, shiny|100/100|[from] U-turn
|
|-weather|Sandstorm|[upkeep]
|-damage|p2a: Moltres|94/100|[from] Sandstorm
|upkeep
|
|t:|1760335902
|switch|p1a: Zapdos|Zapdos|94/100 brn
|turn|9
|
|t:|1760335909
|move|p1a: Zapdos|Volt Switch|p2a: Moltres
|-supereffective|p2a: Moltres
|-damage|p2a: Moltres|36/100
|
|t:|1760335913
|switch|p1a: Cinderace|Cinderace, F|100/100|[from] Volt Switch
|move|p2a: Moltres|Roost|p2a: Moltres
|-heal|p2a: Moltres|86/100
|-singleturn|p2a: Moltres|move: Roost
|
|-weather|Sandstorm|[upkeep]
|-damage|p1a: Cinderace|95/100|[from] Sandstorm
|-damage|p2a: Moltres|80/100|[from] Sandstorm
|-heal|p1a: Cinderace|100/100|[from] Grassy Terrain
|-heal|p2a: Moltres|86/100|[from] Grassy Terrain
|upkeep
|turn|10
|
|t:|1760335928
|move|p1a: Cinderace|Pyro Ball|p2a: Moltres
|-resisted|p2a: Moltres
|-damage|p2a: Moltres|59/100
|move|p2a: Moltres|Scorching Sands|p1a: Cinderace
|-supereffective|p1a: Cinderace
|-damage|p1a: Cinderace|42/100
|
|-weather|none
|-heal|p1a: Cinderace|48/100|[from] Grassy Terrain
|upkeep
|turn|11
|
|t:|1760335936
|switch|p1a: Zapdos|Zapdos|94/100 brn
|move|p2a: Moltres|Roost|p2a: Moltres
|-heal|p2a: Moltres|100/100
|-singleturn|p2a: Moltres|move: Roost
|
|-damage|p1a: Zapdos|88/100 brn|[from] brn
|-fieldend|move: Grassy Terrain
|upkeep
|turn|12
|
|t:|1760335946
|move|p1a: Zapdos|Hurricane|p2a: Moltres
|-damage|p2a: Moltres|49/100
|move|p2a: Moltres|Flamethrower|p1a: Zapdos
|-damage|p1a: Zapdos|51/100 brn
|
|-damage|p1a: Zapdos|45/100 brn|[from] brn
|upkeep
|turn|13
|
|t:|1760335955
|move|p1a: Zapdos|Roost|p1a: Zapdos
|-heal|p1a: Zapdos|95/100 brn
|-singleturn|p1a: Zapdos|move: Roost
|move|p2a: Moltres|Roost|p2a: Moltres
|-heal|p2a: Moltres|99/100
|-singleturn|p2a: Moltres|move: Roost
|
|-damage|p1a: Zapdos|89/100 brn|[from] brn
|upkeep
|turn|14
|
|t:|1760335966
|switch|p2a: Rillaboom|Rillaboom, M|15/100
|-fieldstart|move: Grassy Terrain|[from] ability: Grassy Surge|[of] p2a: Rillaboom
|move|p1a: Zapdos|Hurricane|p2a: Rillaboom
|-supereffective|p2a: Rillaboom
|-damage|p2a: Rillaboom|0 fnt
|faint|p2a: Rillaboom
|
|-damage|p1a: Zapdos|83/100 brn|[from] brn
|upkeep
|
|t:|1760335987
|switch|p2a: Slowking|Slowking-Galar, M, shiny|100/100
|turn|15
|
|t:|1760335991
|move|p1a: Zapdos|Volt Switch|p2a: Slowking
|-damage|p2a: Slowking|83/100
|
|t:|1760335996
|switch|p1a: Cinderace|Cinderace, F|48/100|[from] Volt Switch
|move|p2a: Slowking|Chilling Water|p1a: Cinderace
|-supereffective|p1a: Cinderace
|-damage|p1a: Cinderace|2/100
|-unboost|p1a: Cinderace|atk|1
|
|-heal|p1a: Cinderace|8/100|[from] Grassy Terrain
|-heal|p2a: Slowking|90/100|[from] Grassy Terrain
|upkeep
|turn|16
|
|t:|1760336008
|move|p1a: Cinderace|Pyro Ball|p2a: Slowking
|-damage|p2a: Slowking|50/100
|move|p2a: Slowking|Future Sight|p1a: Cinderace
|-start|p2a: Slowking|move: Future Sight
|
|-heal|p1a: Cinderace|14/100|[from] Grassy Terrain
|-heal|p2a: Slowking|57/100|[from] Grassy Terrain
|upkeep
|turn|17
|
|t:|1760336015
|move|p1a: Cinderace|Pyro Ball|p2a: Slowking
|-damage|p2a: Slowking|17/100
|move|p2a: Slowking|Chilling Water|p1a: Cinderace
|-supereffective|p1a: Cinderace
|-damage|p1a: Cinderace|0 fnt
|faint|p1a: Cinderace
|
|-heal|p2a: Slowking|23/100|[from] Grassy Terrain
|upkeep
|
|t:|1760336019
|switch|p1a: Tyranitar|Tyranitar, M, shiny|100/100
|-weather|Sandstorm|[from] ability: Sand Stream|[of] p1a: Tyranitar
|turn|18
|
|t:|1760336028
|move|p1a: Tyranitar|Stone Edge|p2a: Slowking
|-crit|p2a: Slowking
|-damage|p2a: Slowking|0 fnt
|faint|p2a: Slowking
|
|-weather|Sandstorm|[upkeep]
|-end|p1a: Tyranitar|move: Future Sight
|-immune|p1a: Tyranitar
|-fieldend|move: Grassy Terrain
|upkeep
|
|t:|1760336037
|switch|p2a: Moltres|Moltres, shiny|99/100
|turn|19
|
|t:|1760336041
|move|p1a: Tyranitar|Stone Edge|p2a: Moltres
|-supereffective|p2a: Moltres
|-damage|p2a: Moltres|0 fnt
|faint|p2a: Moltres
|
|-weather|Sandstorm|[upkeep]
|upkeep
|
|t:|1760336047
|switch|p2a: Hatterene|Hatterene, F|100/100
|turn|20
|
|t:|1760336049
|move|p1a: Tyranitar|Stone Edge|p2a: Hatterene
|-damage|p2a: Hatterene|0 fnt
|faint|p2a: Hatterene
|
|-weather|Sandstorm|[upkeep]
|upkeep
|-message|AikoRed forfeited.
|
|win|battler12312001
|raw|battler12312001's rating: 1280 &rarr; <strong>1305</strong><br />(+25 for winning)
|raw|AikoRed's rating: 1283 &rarr; <strong>1258</strong><br />(-25 for losing)
|l|☆AikoRed
|player|p2|
