|j|☆FlyingFoxez
|j|☆Pipepize
|t:|1760331997
|gametype|singles
|player|p1|FlyingFoxez|265|1141
|player|p2|Pipepize|sabrina|1126
|gen|9
|tier|[Gen 9] OU
|rated|
|rule|HP Percentage Mod: HP is shown in percentages
|rule|Endless Battle Clause: Forcing endless battles is banned
|rule|Species Clause: Limit one of each Pokémon
|rule|OHKO Clause: OHKO moves are banned
|rule|Evasion Items Clause: Evasion items are banned
|rule|Evasion Moves Clause: Evasion moves are banned
|rule|Evasion Abilities Clause: Evasion abilities are banned
|rule|Sleep Moves Clause: Sleep-inducing moves are banned
|clearpoke
|poke|p1|Garchomp, M|
|poke|p1|Milotic, M|
|poke|p1|Serperior, M|
|poke|p1|Blaziken, M|
|poke|p1|Corviknight, M|
|poke|p1|Skeledirge, M|
|poke|p2|Arbok, M|
|poke|p2|Vaporeon, M|
|poke|p2|Charizard, M|
|poke|p2|Gengar, F|
|poke|p2|Magnezone|
|poke|p2|Blissey, F|
|teampreview
|
|t:|1760332000
|teamsize|p1|6
|teamsize|p2|6
|start
|switch|p1a: Garchomp|Garchomp, M|100/100
|switch|p2a: Blissey|Blissey, F|100/100
|turn|1
|
|t:|1760332006
|move|p1a: Garchomp|Stealth Rock|p2a: Blissey
|-sidestart|p2: Pipepize|move: Stealth Rock
|move|p2a: Blissey|Stealth Rock|p1a: Garchomp
|-sidestart|p1: FlyingFoxez|move: Stealth Rock
|
|upkeep
|turn|2
|
|t:|1760332030
|switch|p1a: Serperior|Serperior, M|100/100
|-damage|p1a: Serperior|88/100|[from] Stealth Rock
|move|p2a: Blissey|Light Screen|p2a: Blissey
|-sidestart|p2: Pipepize|move: Light Screen
|
|-heal|p1a: Serperior|94/100|[from] item: Leftovers
|upkeep
|turn|3
|
|t:|1760332038
|move|p1a: Serperior|Glare|p2a: Blissey
|-status|p2a: Blissey|par
|cant|p2a: Blissey|par
|
|-heal|p1a: Serperior|100/100|[from] item: Leftovers
|upkeep
|turn|4
|
|t:|1760332044
|move|p1a: Serperior|Leaf Storm|p2a: Blissey
|-damage|p2a: Blissey|91/100 par
|-boost|p1a: Serperior|spa|2
|cant|p2a: Blissey|par
|
|-heal|p2a: Blissey|98/100 par|[from] item: Leftovers
|upkeep
|turn|5
|
|t:|1760332052
|move|p1a: Serperior|Leaf Storm|p2a: Blissey
|-damage|p2a: Blissey|79/100 par
|-boost|p1a: Serperior|spa|2
|cant|p2a: Blissey|par
|
|-heal|p2a: Blissey|85/100 par|[from] item: Leftovers
|upkeep
|turn|6
|
|t:|1760332063
|-curestatus|p2a: Blissey|par|[from] ability: Natural Cure
|switch|p2a: Charizard|Charizard, M|100/100
|-damage|p2a: Charizard|50/100|[from] Stealth Rock
|move|p1a: Serperior|Leaf Storm|p2a: Charizard
|-resisted|p2a: Charizard
|-damage|p2a: Charizard|37/100
|-boost|p1a: Serperior|spa|2
|
|-heal|p2a: Charizard|43/100|[from] item: Leftovers
|-sideend|p2: Pipepize|move: Light Screen
|upkeep
|turn|7
|
|t:|1760332076
|move|p1a: Serperior|Dragon Pulse|p2a: Charizard
|-damage|p2a: Charizard|0 fnt
|faint|p2a: Charizard
|
|upkeep
|
|t:|1760332082
|switch|p2a: Magnezone|Magnezone|100/100
|-damage|p2a: Magnezone|94/100|[from] Stealth Rock
|turn|8
|
|t:|1760332089
|-terastallize|p1a: Serperior|Ground
|move|p1a: Serperior|Tera Blast|p2a: Magnezone|[anim] Tera Blast Ground
|-supereffective|p2a: Magnezone
|-crit|p2a: Magnezone
|-damage|p2a: Magnezone|0 fnt
|faint|p2a: Magnezone
|
|upkeep
|
|t:|1760332096
|switch|p2a: Gengar|Gengar, F|100/100
|-damage|p2a: Gengar|88/100|[from] Stealth Rock
|turn|9
|
|t:|1760332100
|move|p1a: Serperior|Tera Blast|p2a: Gengar|[anim] Tera Blast Ground
|-supereffective|p2a: Gengar
|-damage|p2a: Gengar|0 fnt
|faint|p2a: Gengar
|
|upkeep
|
|t:|1760332106
|switch|p2a: Blissey|Blissey, F|85/100
|-damage|p2a: Blissey|73/100|[from] Stealth Rock
|turn|10
|
|t:|1760332110
|move|p1a: Serperior|Leaf Storm|p2a: Blissey
|-damage|p2a: Blissey|11/100
|move|p2a: Blissey|Thunder Wave|p1a: Serperior
|-immune|p1a: Serperior
|
|-heal|p2a: Blissey|17/100|[from] item: Leftovers
|upkeep
|turn|11
|
|t:|1760332119
|move|p1a: Serperior|Tera Blast|p2a: Blissey|[anim] Tera Blast Ground
|-damage|p2a: Blissey|0 fnt
|faint|p2a: Blissey
|
|upkeep
|
|t:|1760332124
|switch|p2a: Vaporeon|Vaporeon, M|100/100
|-damage|p2a: Vaporeon|88/100|[from] Stealth Rock
|turn|12
|
|t:|1760332128
|move|p1a: Serperior|Leaf Storm|p2a: Vaporeon
|-supereffective|p2a: Vaporeon
|-damage|p2a: Vaporeon|0 fnt
|faint|p2a: Vaporeon
|
|upkeep
|
|t:|1760332132
|switch|p2a: Arbok|Arbok, M|100/100
|-damage|p2a: Arbok|88/100|[from] Stealth Rock
|-ability|p2a: Arbok|Intimidate|boost
|-boost|p1a: Serperior|atk|1
|turn|13
|
|t:|1760332137
|move|p1a: Serperior|Tera Blast|p2a: Arbok|[anim] Tera Blast Ground
|-supereffective|p2a: Arbok
|-damage|p2a: Arbok|0 fnt
|faint|p2a: Arbok
|
|win|FlyingFoxez
|raw|FlyingFoxez's rating: 1141 &rarr; <strong>1165</strong><br />(+24 for winning)
|raw|Pipepize's rating: 1126 &rarr; <strong>1102</strong><br />(-24 for losing)
|l|☆FlyingFoxez
|player|p1|
|l|☆Pipepize
|player|p2|
