|j|☆Durr plant100
|j|☆quoge gaming
|t:|1760333698
|gametype|singles
|player|p1|Durr plant100|ultraforestkartenvoy|1476
|player|p2|quoge gaming|clay|1487
|gen|9
|tier|[Gen 9] OU
|rated|
|rule|HP Percentage Mod: HP is shown in percentages
|rule|Endless Battle Clause: Forcing endless battles is banned
|rule|Species Clause: Limit one of each Pokémon
|rule|OHKO Clause: OHKO moves are banned
|rule|Evasion Items Clause: Evasion items are banned
|rule|Evasion Moves Clause: Evasion moves are banned
|rule|Evasion Abilities Clause: Evasion abilities are banned
|rule|Sleep Moves Clause: Sleep-inducing moves are banned
|clearpoke
|poke|p1|Hydrapple, F|
|poke|p1|Arcanine-Hisui, F|
|poke|p1|Slowking, M|
|poke|p1|Scizor, M|
|poke|p1|Tinkaton, F|
|poke|p1|Latios, M|
|poke|p2|Kingambit, F|
|poke|p2|Cinderace, F|
|poke|p2|Landorus-Therian, M|
|poke|p2|Iron Valiant|
|poke|p2|Kyurem|
|poke|p2|Slowking-Galar, M|
|teampreview
|inactive|Battle timer is ON: inactive players will automatically lose when time's up. (requested by Durr plant100)
|
|t:|1760333708
|teamsize|p1|6
|teamsize|p2|6
|start
|switch|p1a: Lifeblood Core|Slowking, M|100/100
|switch|p2a: Cinderace|Cinderace, F, shiny|100/100
|turn|1
|
|t:|1760333712
|move|p2a: Cinderace|U-turn|p1a: Lifeblood Core
|-supereffective|p1a: Lifeblood Core
|-damage|p1a: Lifeblood Core|63/100
|
|t:|1760333717
|switch|p2a: Slowking|Slowking-Galar, M, shiny|100/100|[from] U-turn
|move|p1a: Lifeblood Core|Future Sight|p2a: Slowking
|-start|p1a: Lifeblood Core|move: Future Sight
|
|upkeep
|turn|2
|
|t:|1760333728
|-prepare|p1a: Lifeblood Core|Chilly Reception|[premajor]
|move|p1a: Lifeblood Core|Chilly Reception|p1a: Lifeblood Core
|-weather|Snowscape
|
|t:|1760333731
|switch|p1a: Fragile Strength|Arcanine-Hisui, F|100/100|[from] Chilly Reception
|-prepare|p2a: Slowking|Chilly Reception|[premajor]
|move|p2a: Slowking|Chilly Reception|p2a: Slowking
|
|t:|1760333740
|switch|p2a: Landorus|Landorus-Therian, M, shiny|100/100|[from] Chilly Reception
|-ability|p2a: Landorus|Intimidate|boost
|-unboost|p1a: Fragile Strength|atk|1
|
|-weather|Snowscape|[upkeep]
|upkeep
|turn|3
|
|t:|1760333748
|switch|p1a: Grubsong|Hydrapple, F|100/100
|move|p2a: Landorus|U-turn|p1a: Grubsong
|-supereffective|p1a: Grubsong
|-damage|p1a: Grubsong|75/100
|-damage|p2a: Landorus|84/100|[from] item: Rocky Helmet|[of] p1a: Grubsong
|
|t:|1760333752
|switch|p2a: Kingambit|Kingambit, F|100/100|[from] U-turn
|
|-weather|Snowscape|[upkeep]
|-end|p2a: Kingambit|move: Future Sight
|-immune|p2a: Kingambit
|upkeep
|turn|4
|
|t:|1760333760
|-end|p2a: Kingambit|fallenundefined|[silent]
|switch|p2a: Slowking|Slowking-Galar, M, shiny|100/100
|move|p1a: Grubsong|Earth Power|p2a: Slowking
|-supereffective|p2a: Slowking
|-damage|p2a: Slowking|73/100
|
|-weather|Snowscape|[upkeep]
|upkeep
|turn|5
|
|t:|1760333771
|switch|p1a: Mark of Pride|Scizor, M|100/100
|-prepare|p2a: Slowking|Chilly Reception|[premajor]
|move|p2a: Slowking|Chilly Reception|p2a: Slowking
|
|t:|1760333785
|switch|p2a: Cinderace|Cinderace, F, shiny|100/100|[from] Chilly Reception
|
|-weather|Snowscape|[upkeep]
|upkeep
|turn|6
|
|t:|1760333791
|switch|p1a: Grubsong|Hydrapple, F|100/100
|move|p2a: Cinderace|Pyro Ball|p1a: Grubsong
|-damage|p1a: Grubsong|73/100
|
|-weather|none
|upkeep
|turn|7
|
|t:|1760333799
|move|p2a: Cinderace|U-turn|p1a: Grubsong
|-supereffective|p1a: Grubsong
|-damage|p1a: Grubsong|51/100
|-damage|p2a: Cinderace|84/100|[from] item: Rocky Helmet|[of] p1a: Grubsong
|
|t:|1760333807
|switch|p2a: Slowking|Slowking-Galar, M, shiny|100/100|[from] U-turn
|move|p1a: Grubsong|Earth Power|p2a: Slowking
|-supereffective|p2a: Slowking
|-crit|p2a: Slowking
|-damage|p2a: Slowking|54/100
|-unboost|p2a: Slowking|spd|1
|
|upkeep
|turn|8
|
|t:|1760333817
|switch|p2a: Landorus|Landorus-Therian, M, shiny|84/100
|-ability|p2a: Landorus|Intimidate|boost
|-unboost|p1a: Grubsong|atk|1
|move|p1a: Grubsong|Fickle Beam|p2a: Landorus|[anim] Fickle Beam All Out
|-activate|p1a: Grubsong|move: Fickle Beam
|-damage|p2a: Landorus|0 fnt
|faint|p2a: Landorus
|
|upkeep
|
|t:|1760333836
|switch|p2a: Kyurem|Kyurem, shiny|100/100
|-ability|p2a: Kyurem|Pressure
|turn|9
|
|t:|1760333843
|switch|p1a: Mark of Pride|Scizor, M|100/100
|move|p2a: Kyurem|Substitute|p2a: Kyurem
|-start|p2a: Kyurem|Substitute
|-damage|p2a: Kyurem|76/100
|
|-heal|p2a: Kyurem|82/100|[from] item: Leftovers
|upkeep
|turn|10
|
|t:|1760333847
|move|p1a: Mark of Pride|Bullet Punch|p2a: Kyurem
|-supereffective|p2a: Kyurem
|-end|p2a: Kyurem|Substitute
|move|p2a: Kyurem|Earth Power|p1a: Mark of Pride
|-damage|p1a: Mark of Pride|66/100
|
|-heal|p2a: Kyurem|88/100|[from] item: Leftovers
|upkeep
|turn|11
|
|t:|1760333854
|move|p2a: Kyurem|Protect|p2a: Kyurem
|-singleturn|p2a: Kyurem|Protect
|move|p1a: Mark of Pride|Bullet Punch|p2a: Kyurem
|-activate|p2a: Kyurem|move: Protect
|
|-heal|p2a: Kyurem|94/100|[from] item: Leftovers
|upkeep
|turn|12
|
|t:|1760333866
|switch|p2a: Kingambit|Kingambit, F|100/100
|-activate|p2a: Kingambit|ability: Supreme Overlord
|-start|p2a: Kingambit|fallen1|[silent]
|move|p1a: Mark of Pride|Bullet Punch|p2a: Kingambit
|-resisted|p2a: Kingambit
|-damage|p2a: Kingambit|86/100
|
|-heal|p2a: Kingambit|92/100|[from] item: Leftovers
|upkeep
|turn|13
|
|t:|1760333871
|move|p2a: Kingambit|Kowtow Cleave|p1a: Mark of Pride
|-damage|p1a: Mark of Pride|10/100
|move|p1a: Mark of Pride|U-turn|p2a: Kingambit
|-damage|p2a: Kingambit|63/100
|
|t:|1760333874
|switch|p1a: Grubsong|Hydrapple, F|84/100|[from] U-turn
|
|-heal|p2a: Kingambit|69/100|[from] item: Leftovers
|upkeep
|turn|14
|
|t:|1760333892
|-end|p2a: Kingambit|fallen1|[silent]
|switch|p2a: Iron Valiant|Iron Valiant|100/100
|-enditem|p2a: Iron Valiant|Booster Energy
|-activate|p2a: Iron Valiant|ability: Quark Drive|[fromitem]
|-start|p2a: Iron Valiant|quarkdrivespe
|move|p1a: Grubsong|Nasty Plot|p1a: Grubsong
|-boost|p1a: Grubsong|spa|2
|
|upkeep
|turn|15
|
|t:|1760333898
|-terastallize|p1a: Grubsong|Poison
|move|p2a: Iron Valiant|Moonblast|p1a: Grubsong
|-resisted|p1a: Grubsong
|-damage|p1a: Grubsong|63/100
|-unboost|p1a: Grubsong|spa|1
|move|p1a: Grubsong|Giga Drain|p2a: Iron Valiant
|-damage|p2a: Iron Valiant|22/100
|-heal|p1a: Grubsong|90/100|[from] drain|[of] p2a: Iron Valiant
|
|upkeep
|turn|16
|
|t:|1760333907
|move|p2a: Iron Valiant|Shadow Ball|p1a: Grubsong
|-damage|p1a: Grubsong|66/100
|move|p1a: Grubsong|Nasty Plot|p1a: Grubsong
|-boost|p1a: Grubsong|spa|2
|
|upkeep
|turn|17
|
|t:|1760333912
|move|p2a: Iron Valiant|Encore|p1a: Grubsong
|-start|p1a: Grubsong|Encore
|move|p1a: Grubsong|Nasty Plot|p1a: Grubsong
|-boost|p1a: Grubsong|spa|2
|
|upkeep
|turn|18
|
|t:|1760333917
|switch|p1a: Fragile Strength|Arcanine-Hisui, F|100/100
|move|p2a: Iron Valiant|Calm Mind|p2a: Iron Valiant
|-boost|p2a: Iron Valiant|spa|1
|-boost|p2a: Iron Valiant|spd|1
|
|upkeep
|turn|19
|
|t:|1760333930
|-terastallize|p2a: Iron Valiant|Ghost
|move|p2a: Iron Valiant|Calm Mind|p2a: Iron Valiant
|-boost|p2a: Iron Valiant|spa|1
|-boost|p2a: Iron Valiant|spd|1
|move|p1a: Fragile Strength|Flare Blitz|p2a: Iron Valiant
|-damage|p2a: Iron Valiant|0 fnt
|faint|p2a: Iron Valiant
|-end|p2a: Iron Valiant|Quark Drive|[silent]
|
|upkeep
|
|t:|1760333940
|switch|p2a: Kyurem|Kyurem, shiny|94/100
|-ability|p2a: Kyurem|Pressure
|turn|20
|
|t:|1760333944
|move|p2a: Kyurem|Earth Power|p1a: Fragile Strength
|-supereffective|p1a: Fragile Strength
|-damage|p1a: Fragile Strength|0 fnt
|faint|p1a: Fragile Strength
|
|-heal|p2a: Kyurem|99/100|[from] item: Leftovers
|upkeep
|
|t:|1760333952
|switch|p1a: Heavy Blow|Tinkaton, F|100/100
|-ability|p1a: Heavy Blow|Mold Breaker
|-item|p1a: Heavy Blow|Air Balloon
|turn|21
|
|t:|1760333958
|move|p2a: Kyurem|Protect|p2a: Kyurem
|-singleturn|p2a: Kyurem|Protect
|move|p1a: Heavy Blow|Stealth Rock|p2a: Kyurem
|-sidestart|p2: quoge gaming|move: Stealth Rock
|
|-heal|p2a: Kyurem|100/100|[from] item: Leftovers
|upkeep
|turn|22
|
|t:|1760333962
|move|p2a: Kyurem|Substitute|p2a: Kyurem
|-start|p2a: Kyurem|Substitute
|-damage|p2a: Kyurem|76/100
|move|p1a: Heavy Blow|Encore|p2a: Kyurem
|-start|p2a: Kyurem|Encore
|
|-heal|p2a: Kyurem|82/100|[from] item: Leftovers
|upkeep
|turn|23
|
|t:|1760333970
|switch|p2a: Slowking|Slowking-Galar, M, shiny|88/100
|switch|p1a: Shaman Stone|Latios, M|100/100
|
|upkeep
|turn|24
|
|t:|1760333974
|move|p1a: Shaman Stone|Psychic Noise|p2a: Slowking
|-damage|p2a: Slowking|60/100
|-start|p2a: Slowking|move: Heal Block
|-prepare|p2a: Slowking|Chilly Reception|[premajor]
|move|p2a: Slowking|Chilly Reception|p2a: Slowking
|-weather|Snowscape
|
|t:|1760333978
|switch|p2a: Kingambit|Kingambit, F|69/100|[from] Chilly Reception
|-damage|p2a: Kingambit|63/100|[from] Stealth Rock
|-activate|p2a: Kingambit|ability: Supreme Overlord
|-start|p2a: Kingambit|fallen2|[silent]
|
|-weather|Snowscape|[upkeep]
|-heal|p2a: Kingambit|69/100|[from] item: Leftovers
|upkeep
|turn|25
|
|t:|1760333987
|switch|p1a: Grubsong|Hydrapple, F, tera:Poison|99/100
|move|p2a: Kingambit|Kowtow Cleave|p1a: Grubsong
|-damage|p1a: Grubsong|62/100
|-damage|p2a: Kingambit|52/100|[from] item: Rocky Helmet|[of] p1a: Grubsong
|
|-weather|Snowscape|[upkeep]
|-heal|p2a: Kingambit|58/100|[from] item: Leftovers
|upkeep
|turn|26
|
|t:|1760334004
|-end|p2a: Kingambit|fallen2|[silent]
|switch|p2a: Kyurem|Kyurem, shiny|82/100
|-damage|p2a: Kyurem|57/100|[from] Stealth Rock
|-ability|p2a: Kyurem|Pressure
|move|p1a: Grubsong|Earth Power|p2a: Kyurem
|-damage|p2a: Kyurem|35/100
|
|-weather|Snowscape|[upkeep]
|-heal|p2a: Kyurem|41/100|[from] item: Leftovers
|upkeep
|turn|27
|
|t:|1760334015
|switch|p1a: Shaman Stone|Latios, M|100/100
|move|p2a: Kyurem|Substitute|p2a: Kyurem
|-start|p2a: Kyurem|Substitute
|-damage|p2a: Kyurem|16/100
|
|-weather|Snowscape|[upkeep]
|-heal|p2a: Kyurem|22/100|[from] item: Leftovers
|upkeep
|turn|28
|
|t:|1760334020
|move|p1a: Shaman Stone|Psychic Noise|p2a: Kyurem
|-damage|p2a: Kyurem|0 fnt
|faint|p2a: Kyurem
|
|-weather|none
|upkeep
|
|t:|1760334024
|switch|p2a: Kingambit|Kingambit, F|58/100
|-damage|p2a: Kingambit|52/100|[from] Stealth Rock
|-activate|p2a: Kingambit|ability: Supreme Overlord
|-start|p2a: Kingambit|fallen3|[silent]
|turn|29
|
|t:|1760334027
|switch|p1a: Lifeblood Core|Slowking, M|97/100
|move|p2a: Kingambit|Swords Dance|p2a: Kingambit
|-boost|p2a: Kingambit|atk|2
|
|-heal|p2a: Kingambit|58/100|[from] item: Leftovers
|upkeep
|turn|30
|
|t:|1760334036
|move|p2a: Kingambit|Kowtow Cleave|p1a: Lifeblood Core
|-supereffective|p1a: Lifeblood Core
|-damage|p1a: Lifeblood Core|0 fnt
|faint|p1a: Lifeblood Core
|
|-heal|p2a: Kingambit|65/100|[from] item: Leftovers
|upkeep
|
|t:|1760334039
|switch|p1a: Grubsong|Hydrapple, F, tera:Poison|96/100
|turn|31
|
|t:|1760334046
|move|p2a: Kingambit|Kowtow Cleave|p1a: Grubsong
|-damage|p1a: Grubsong|24/100
|-damage|p2a: Kingambit|48/100|[from] item: Rocky Helmet|[of] p1a: Grubsong
|move|p1a: Grubsong|Earth Power|p2a: Kingambit
|-supereffective|p2a: Kingambit
|-damage|p2a: Kingambit|0 fnt
|faint|p2a: Kingambit
|-end|p2a: Kingambit|fallen3|[silent]
|
|upkeep
|
|t:|1760334053
|switch|p2a: Cinderace|Cinderace, F, shiny|84/100
|turn|32
|
|t:|1760334056
|switch|p1a: Mark of Pride|Scizor, M|10/100
|move|p2a: Cinderace|Pyro Ball|p1a: Mark of Pride
|-supereffective|p1a: Mark of Pride
|-damage|p1a: Mark of Pride|0 fnt
|faint|p1a: Mark of Pride
|
|upkeep
|
|t:|1760334063
|switch|p1a: Shaman Stone|Latios, M|100/100
|turn|33
|
|t:|1760334070
|move|p2a: Cinderace|U-turn|p1a: Shaman Stone
|-supereffective|p1a: Shaman Stone
|-damage|p1a: Shaman Stone|47/100
|
|t:|1760334072
|switch|p2a: Slowking|Slowking-Galar, M, shiny|93/100|[from] U-turn
|move|p1a: Shaman Stone|Psychic Noise|p2a: Slowking
|-damage|p2a: Slowking|63/100
|-start|p2a: Slowking|move: Heal Block
|
|upkeep
|turn|34
|
|t:|1760334086
|switch|p1a: Grubsong|Hydrapple, F, tera:Poison|57/100
|-prepare|p2a: Slowking|Chilly Reception|[premajor]
|move|p2a: Slowking|Chilly Reception|p2a: Slowking
|-weather|Snowscape
|
|t:|1760334088
|switch|p2a: Cinderace|Cinderace, F, shiny|84/100|[from] Chilly Reception
|
|-weather|Snowscape|[upkeep]
|upkeep
|turn|35
|
|t:|1760334095
|move|p2a: Cinderace|Pyro Ball|p1a: Grubsong
|-damage|p1a: Grubsong|31/100
|move|p1a: Grubsong|Earth Power|p2a: Cinderace
|-supereffective|p2a: Cinderace
|-damage|p2a: Cinderace|30/100
|
|-weather|Snowscape|[upkeep]
|upkeep
|turn|36
|
|t:|1760334100
|move|p2a: Cinderace|U-turn|p1a: Grubsong
|-resisted|p1a: Grubsong
|-damage|p1a: Grubsong|26/100
|-damage|p2a: Cinderace|13/100|[from] item: Rocky Helmet|[of] p1a: Grubsong
|
|t:|1760334103
|switch|p2a: Slowking|Slowking-Galar, M, shiny|97/100|[from] U-turn
|move|p1a: Grubsong|Fickle Beam|p2a: Slowking
|-damage|p2a: Slowking|78/100
|
|-weather|Snowscape|[upkeep]
|upkeep
|turn|37
|
|t:|1760334110
|switch|p1a: Heavy Blow|Tinkaton, F|100/100
|-ability|p1a: Heavy Blow|Mold Breaker
|-item|p1a: Heavy Blow|Air Balloon
|move|p2a: Slowking|Psychic Noise|p1a: Heavy Blow
|-resisted|p1a: Heavy Blow
|-damage|p1a: Heavy Blow|89/100
|-start|p1a: Heavy Blow|move: Heal Block
|-enditem|p1a: Heavy Blow|Air Balloon
|
|-weather|Snowscape|[upkeep]
|upkeep
|turn|38
|
|t:|1760334119
|move|p1a: Heavy Blow|Thunder Wave|p2a: Slowking
|-status|p2a: Slowking|par
|cant|p2a: Slowking|par
|
|-weather|none
|-end|p1a: Heavy Blow|move: Heal Block
|upkeep
|turn|39
|
|t:|1760334126
|move|p1a: Heavy Blow|Encore|p2a: Slowking
|-start|p2a: Slowking|Encore
|cant|p2a: Slowking|par
|
|upkeep
|turn|40
|
|t:|1760334130
|switch|p2a: Cinderace|Cinderace, F, shiny|13/100
|move|p1a: Heavy Blow|Gigaton Hammer|p2a: Cinderace
|-resisted|p2a: Cinderace
|-damage|p2a: Cinderace|0 fnt
|faint|p2a: Cinderace
|
|upkeep
|-message|quoge gaming forfeited.
|
|win|Durr plant100
|raw|Durr plant100's rating: 1476 &rarr; <strong>1497</strong><br />(+21 for winning)
|raw|quoge gaming's rating: 1487 &rarr; <strong>1466</strong><br />(-21 for losing)
|l|☆quoge gaming
|player|p2|
|l|☆Durr plant100
|player|p1|
