|j|☆niloswan
|j|☆aaron200589
|t:|1760365844
|gametype|singles
|player|p1|niloswan|zinzolin|1494
|player|p2|aaron200589|giovanni|1423
|gen|9
|tier|[Gen 9] OU
|rated|
|rule|HP Percentage Mod: HP is shown in percentages
|rule|Endless Battle Clause: Forcing endless battles is banned
|rule|Species Clause: Limit one of each Pokémon
|rule|OHKO Clause: OHKO moves are banned
|rule|Evasion Items Clause: Evasion items are banned
|rule|Evasion Moves Clause: Evasion moves are banned
|rule|Evasion Abilities Clause: Evasion abilities are banned
|rule|Sleep Moves Clause: Sleep-inducing moves are banned
|clearpoke
|poke|p1|Scizor, M|
|poke|p1|Great Tusk|
|poke|p1|Tyranitar, M|
|poke|p1|Slowbro, M|
|poke|p1|Kommo-o, F|
|poke|p1|Gholdengo|
|poke|p2|Glastrier|
|poke|p2|Ursaluna, F|
|poke|p2|Cresselia, F|
|poke|p2|Torkoal, F|
|poke|p2|Slowking-Galar, M|
|poke|p2|Crawdaunt, M|
|teampreview
|inactive|Battle timer is ON: inactive players will automatically lose when time's up. (requested by niloswan)
|inactive|niloswan has 120 seconds left.
|
|t:|1760365879
|teamsize|p1|6
|teamsize|p2|6
|start
|switch|p1a: Slowbro|Slowbro, M|100/100
|switch|p2a: Cresselia|Cresselia, F|100/100
|turn|1
|
|t:|1760365887
|move|p1a: Slowbro|Calm Mind|p1a: Slowbro
|-boost|p1a: Slowbro|spa|1
|-boost|p1a: Slowbro|spd|1
|move|p2a: Cresselia|Trick Room|p2a: Cresselia
|-fieldstart|move: Trick Room|[of] p2a: Cresselia
|
|upkeep
|turn|2
|
|t:|1760365894
|switch|p2a: Crawdaunt|Crawdaunt, M|100/100
|move|p1a: Slowbro|Calm Mind|p1a: Slowbro
|-boost|p1a: Slowbro|spa|1
|-boost|p1a: Slowbro|spd|1
|
|upkeep
|turn|3
|
|t:|1760365913
|-terastallize|p1a: Slowbro|Poison
|move|p1a: Slowbro|Scald|p2a: Crawdaunt
|-resisted|p2a: Crawdaunt
|-damage|p2a: Crawdaunt|57/100
|-status|p2a: Crawdaunt|brn
|move|p2a: Crawdaunt|Crunch|p1a: Slowbro
|-damage|p1a: Slowbro|73/100
|
|-heal|p1a: Slowbro|79/100|[from] item: Leftovers
|-damage|p2a: Crawdaunt|51/100 brn|[from] brn
|upkeep
|turn|4
|
|t:|1760365928
|switch|p2a: Glastrier|Glastrier|100/100
|move|p1a: Slowbro|Calm Mind|p1a: Slowbro
|-boost|p1a: Slowbro|spa|1
|-boost|p1a: Slowbro|spd|1
|
|-heal|p1a: Slowbro|86/100|[from] item: Leftovers
|upkeep
|turn|5
|
|t:|1760365937
|move|p2a: Glastrier|Swords Dance|p2a: Glastrier
|-boost|p2a: Glastrier|atk|2
|move|p1a: Slowbro|Stored Power|p2a: Glastrier
|-damage|p2a: Glastrier|14/100
|-enditem|p2a: Glastrier|Sitrus Berry|[eat]
|-heal|p2a: Glastrier|39/100|[from] item: Sitrus Berry
|
|-heal|p1a: Slowbro|92/100|[from] item: Leftovers
|-fieldend|move: Trick Room
|upkeep
|turn|6
|
|t:|1760365949
|move|p1a: Slowbro|Stored Power|p2a: Glastrier
|-damage|p2a: Glastrier|0 fnt
|faint|p2a: Glastrier
|
|-heal|p1a: Slowbro|98/100|[from] item: Leftovers
|upkeep
|
|t:|1760365970
|switch|p2a: Ursaluna|Ursaluna, F|100/100
|turn|7
|
|t:|1760365975
|move|p2a: Ursaluna|Headlong Rush|p1a: Slowbro
|-supereffective|p1a: Slowbro
|-damage|p1a: Slowbro|16/100
|-unboost|p2a: Ursaluna|def|1
|-unboost|p2a: Ursaluna|spd|1
|move|p1a: Slowbro|Scald|p2a: Ursaluna
|-supereffective|p2a: Ursaluna
|-damage|p2a: Ursaluna|0 fnt
|faint|p2a: Ursaluna
|
|-heal|p1a: Slowbro|23/100|[from] item: Leftovers
|upkeep
|
|t:|1760365992
|switch|p2a: Crawdaunt|Crawdaunt, M|51/100 brn
|turn|8
|
|t:|1760365998
|switch|p1a: Kommo-o|Kommo-o, F|100/100
|move|p2a: Crawdaunt|Crabhammer|p1a: Kommo-o
|-resisted|p1a: Kommo-o
|-damage|p1a: Kommo-o|75/100
|
|-damage|p2a: Crawdaunt|45/100 brn|[from] brn
|upkeep
|turn|9
|
|t:|1760366010
|switch|p2a: Cresselia|Cresselia, F|100/100
|move|p1a: Kommo-o|Clangorous Soul|p1a: Kommo-o
|-boost|p1a: Kommo-o|atk|1
|-boost|p1a: Kommo-o|def|1
|-boost|p1a: Kommo-o|spa|1
|-boost|p1a: Kommo-o|spd|1
|-boost|p1a: Kommo-o|spe|1
|-damage|p1a: Kommo-o|42/100
|-enditem|p1a: Kommo-o|Throat Spray
|-boost|p1a: Kommo-o|spa|1|[from] item: Throat Spray
|
|upkeep
|turn|10
|
|t:|1760366022
|move|p1a: Kommo-o|Boomburst|p2a: Cresselia
|-damage|p2a: Cresselia|47/100
|move|p2a: Cresselia|Trick Room|p2a: Cresselia
|-fieldstart|move: Trick Room|[of] p2a: Cresselia
|
|upkeep
|turn|11
|
|t:|1760366029
|switch|p1a: Tyranitar|Tyranitar, M|100/100
|-weather|Sandstorm|[from] ability: Sand Stream|[of] p1a: Tyranitar
|move|p2a: Cresselia|Lunar Dance|p2a: Cresselia
|faint|p2a: Cresselia
|
|-weather|Sandstorm|[upkeep]
|upkeep
|
|t:|1760366038
|switch|p2a: Torkoal|Torkoal, F|100/100
|-weather|SunnyDay|[from] ability: Drought|[of] p2a: Torkoal
|turn|12
|
|t:|1760366049
|-terastallize|p2a: Torkoal|Fire
|move|p2a: Torkoal|Eruption|p1a: Tyranitar
|-resisted|p1a: Tyranitar
|-damage|p1a: Tyranitar|41/100
|move|p1a: Tyranitar|Knock Off|p2a: Torkoal
|-damage|p2a: Torkoal|68/100
|-enditem|p2a: Torkoal|Choice Specs|[from] move: Knock Off|[of] p1a: Tyranitar
|
|-weather|SunnyDay|[upkeep]
|-heal|p1a: Tyranitar|47/100|[from] item: Leftovers
|upkeep
|turn|13
|inactive|niloswan has 120 seconds left.
|
|t:|1760366084
|move|p2a: Torkoal|Solar Beam||[still]
|-prepare|p2a: Torkoal|Solar Beam
|-anim|p2a: Torkoal|Solar Beam|p1a: Tyranitar
|-supereffective|p1a: Tyranitar
|-damage|p1a: Tyranitar|7/100
|move|p1a: Tyranitar|Thunder Wave|p2a: Torkoal
|-status|p2a: Torkoal|par
|
|-weather|SunnyDay|[upkeep]
|-heal|p1a: Tyranitar|13/100|[from] item: Leftovers
|upkeep
|turn|14
|inactive|niloswan has 120 seconds left.
|-message|aaron200589 forfeited.
|
|win|niloswan
|raw|niloswan's rating: 1494 &rarr; <strong>1510</strong><br />(+16 for winning)
|raw|aaron200589's rating: 1423 &rarr; <strong>1407</strong><br />(-16 for losing)
|l|☆aaron200589
|player|p2|
|c|☆niloswan|gg
