|j|‽gguestie
|j|☆Blaziken666
|t:|1760351141
|gametype|singles
|player|p1|gguestie|1|1513
|player|p2|Blaziken666|170|1523
|gen|9
|tier|[Gen 9] OU
|rated|
|rule|HP Percentage Mod: HP is shown in percentages
|rule|Endless Battle Clause: Forcing endless battles is banned
|rule|Species Clause: Limit one of each Pokémon
|rule|OHKO Clause: OHKO moves are banned
|rule|Evasion Items Clause: Evasion items are banned
|rule|Evasion Moves Clause: Evasion moves are banned
|rule|Evasion Abilities Clause: Evasion abilities are banned
|rule|Sleep Moves Clause: Sleep-inducing moves are banned
|clearpoke
|poke|p1|Whimsicott, M|
|poke|p1|Greninja-*, M|
|poke|p1|Smeargle, F|
|poke|p1|Moltres|
|poke|p1|Volbeat, M|
|poke|p1|Kyurem|
|poke|p2|Glimmora, F|
|poke|p2|Kingdra, F|
|poke|p2|Blaziken, F|
|poke|p2|Kingambit, M|
|poke|p2|Dragonite, F|
|poke|p2|Pecharunt|
|teampreview
|inactive|Battle timer is ON: inactive players will automatically lose when time's up. (requested by Blaziken666)
|
|t:|1760351161
|teamsize|p1|6
|teamsize|p2|6
|start
|switch|p1a: Smeargle|Smeargle, F|100/100
|switch|p2a: Glimmora|Glimmora, F|100/100
|turn|1
|
|t:|1760351166
|move|p2a: Glimmora|Power Gem|p1a: Smeargle
|-damage|p1a: Smeargle|18/100
|-prepare|p1a: Smeargle|Chilly Reception|[premajor]
|move|p1a: Smeargle|Chilly Reception|p1a: Smeargle
|-weather|Snowscape
|
|t:|1760351173
|switch|p1a: Greninja|Greninja, M|100/100|[from] Chilly Reception
|
|-weather|Snowscape|[upkeep]
|upkeep
|turn|2
|
|t:|1760351177
|move|p1a: Greninja|Blizzard|p2a: Glimmora
|-start|p1a: Greninja|typechange|Ice|[from] ability: Protean
|-damage|p2a: Glimmora|3/100
|move|p2a: Glimmora|Stealth Rock|p1a: Greninja
|-sidestart|p1: gguestie|move: Stealth Rock
|
|-weather|Snowscape|[upkeep]
|upkeep
|turn|3
|
|t:|1760351192
|move|p1a: Greninja|Blizzard|p2a: Glimmora
|-damage|p2a: Glimmora|0 fnt
|faint|p2a: Glimmora
|
|-weather|Snowscape|[upkeep]
|upkeep
|inactive|Blaziken666 has 120 seconds left.
|
|t:|1760351216
|switch|p2a: Pecharunt|Pecharunt|100/100
|turn|4
|
|t:|1760351226
|move|p1a: Greninja|Blizzard|p2a: Pecharunt
|-damage|p2a: Pecharunt|24/100
|-status|p2a: Pecharunt|frz
|-curestatus|p2a: Pecharunt|frz|[msg]
|move|p2a: Pecharunt|Malignant Chain|p1a: Greninja
|-damage|p1a: Greninja|50/100
|
|-weather|Snowscape|[upkeep]
|upkeep
|turn|5
|
|t:|1760351233
|move|p1a: Greninja|Blizzard|p2a: Pecharunt
|-damage|p2a: Pecharunt|0 fnt
|faint|p2a: Pecharunt
|
|-weather|none
|upkeep
|
|t:|1760351235
|switch|p2a: Dragonite|Dragonite, F|100/100
|turn|6
|
|t:|1760351242
|switch|p2a: Kingdra|Kingdra, F|100/100
|move|p1a: Greninja|Blizzard|p2a: Kingdra
|-damage|p2a: Kingdra|0 fnt
|faint|p2a: Kingdra
|
|upkeep
|
|t:|1760351251
|switch|p2a: Dragonite|Dragonite, F|100/100
|turn|7
|
|t:|1760351254
|move|p2a: Dragonite|Extreme Speed|p1a: Greninja
|-damage|p1a: Greninja|0 fnt
|faint|p1a: Greninja
|
|upkeep
|
|t:|1760351258
|switch|p1a: Volbeat|Volbeat, M|100/100
|-damage|p1a: Volbeat|76/100|[from] Stealth Rock
|turn|8
|
|t:|1760351263
|-terastallize|p2a: Dragonite|Normal
|move|p2a: Dragonite|Extreme Speed|p1a: Volbeat
|-damage|p1a: Volbeat|0 fnt
|faint|p1a: Volbeat
|
|upkeep
|
|t:|1760351269
|switch|p1a: Whimsicott|Whimsicott, M|100/100
|-damage|p1a: Whimsicott|88/100|[from] Stealth Rock
|turn|9
|
|t:|1760351271
|move|p2a: Dragonite|Extreme Speed|p1a: Whimsicott
|-damage|p1a: Whimsicott|32/100
|move|p1a: Whimsicott|Switcheroo|p2a: Dragonite
|-activate|p1a: Whimsicott|move: Trick|[of] p2a: Dragonite
|-item|p2a: Dragonite|Lagging Tail|[from] move: Switcheroo
|-item|p1a: Whimsicott|Choice Band|[from] move: Switcheroo
|
|upkeep
|turn|10
|
|t:|1760351279
|move|p2a: Dragonite|Extreme Speed|p1a: Whimsicott
|-damage|p1a: Whimsicott|0 fnt
|faint|p1a: Whimsicott
|
|upkeep
|
|t:|1760351281
|switch|p1a: Smeargle|Smeargle, F|18/100
|-damage|p1a: Smeargle|6/100|[from] Stealth Rock
|turn|11
|-enditem|p1a: Smeargle|Custap Berry|[eat]
|-activate|p1a: Smeargle|item: Custap Berry|[consumed]
|
|t:|1760351289
|-terastallize|p1a: Smeargle|Ghost
|move|p2a: Dragonite|Extreme Speed|p1a: Smeargle
|-immune|p1a: Smeargle
|move|p1a: Smeargle|Stealth Rock|p2a: Dragonite
|-sidestart|p2: Blaziken666|move: Stealth Rock
|
|upkeep
|turn|12
|
|t:|1760351308
|switch|p2a: Kingambit|Kingambit, M|100/100
|-damage|p2a: Kingambit|94/100|[from] Stealth Rock
|-activate|p2a: Kingambit|ability: Supreme Overlord
|-start|p2a: Kingambit|fallen3|[silent]
|-prepare|p1a: Smeargle|Chilly Reception|[premajor]
|move|p1a: Smeargle|Chilly Reception|p1a: Smeargle
|-weather|Snowscape
|
|t:|1760351311
|switch|p1a: Moltres|Moltres, shiny|100/100|[from] Chilly Reception
|-damage|p1a: Moltres|51/100|[from] Stealth Rock
|
|-weather|Snowscape|[upkeep]
|upkeep
|turn|13
|
|t:|1760351314
|move|p2a: Kingambit|Sucker Punch|p1a: Moltres
|-damage|p1a: Moltres|0 fnt
|faint|p1a: Moltres
|
|-weather|Snowscape|[upkeep]
|upkeep
|
|t:|1760351317
|switch|p1a: Kyurem|Kyurem|100/100
|-damage|p1a: Kyurem|76/100|[from] Stealth Rock
|-ability|p1a: Kyurem|Pressure
|turn|14
|
|t:|1760351319
|-end|p2a: Kingambit|fallen3|[silent]
|switch|p2a: Blaziken|Blaziken, F|100/100
|-damage|p2a: Blaziken|88/100|[from] Stealth Rock
|move|p1a: Kyurem|Earth Power|p2a: Blaziken
|-supereffective|p2a: Blaziken
|-damage|p2a: Blaziken|0 fnt
|faint|p2a: Blaziken
|
|-weather|Snowscape|[upkeep]
|upkeep
|
|t:|1760351328
|switch|p2a: Dragonite|Dragonite, F, tera:Normal|100/100
|-damage|p2a: Dragonite|88/100|[from] Stealth Rock
|turn|15
|
|t:|1760351331
|move|p1a: Kyurem|Earth Power|p2a: Dragonite
|-damage|p2a: Dragonite|40/100
|move|p2a: Dragonite|Outrage|p1a: Kyurem
|-supereffective|p1a: Kyurem
|-damage|p1a: Kyurem|0 fnt
|faint|p1a: Kyurem
|
|-weather|Snowscape|[upkeep]
|upkeep
|-message|gguestie forfeited.
|
|win|Blaziken666
|raw|gguestie's rating: 1513 &rarr; <strong>1494</strong><br />(-19 for losing)
|raw|Blaziken666's rating: 1523 &rarr; <strong>1542</strong><br />(+19 for winning)
|l|‽gguestie
|player|p1|
