|j|☆jakkuza
|j|☆iannoyppl
|t:|1760329218
|gametype|singles
|player|p1|jakkuza|dawn|1191
|player|p2|iannoyppl|101|1145
|gen|9
|tier|[Gen 9] OU
|rated|
|rule|HP Percentage Mod: HP is shown in percentages
|rule|Endless Battle Clause: Forcing endless battles is banned
|rule|Species Clause: Limit one of each Pokémon
|rule|OHKO Clause: OHKO moves are banned
|rule|Evasion Items Clause: Evasion items are banned
|rule|Evasion Moves Clause: Evasion moves are banned
|rule|Evasion Abilities Clause: Evasion abilities are banned
|rule|Sleep Moves Clause: Sleep-inducing moves are banned
|clearpoke
|poke|p1|Garganacl, F|
|poke|p1|Polteageist|
|poke|p1|Clefable, F|
|poke|p1|Rillaboom, M|
|poke|p1|Zamazenta-*|
|poke|p1|Ditto|
|poke|p2|Ambipom, F|
|poke|p2|Glimmora, F|
|poke|p2|Garchomp, F|
|poke|p2|Scizor, M|
|poke|p2|Toxapex, M|
|poke|p2|Blastoise, M|
|teampreview
|inactive|Battle timer is ON: inactive players will automatically lose when time's up. (requested by jakkuza)
|
|t:|1760329226
|teamsize|p1|6
|teamsize|p2|6
|start
|switch|p1a: Zamazenta|Zamazenta|100/100
|switch|p2a: Glimmora|Glimmora, F|100/100
|-ability|p1a: Zamazenta|Dauntless Shield|boost
|-boost|p1a: Zamazenta|def|1
|turn|1
|
|t:|1760329234
|move|p1a: Zamazenta|Heavy Slam|p2a: Glimmora
|-supereffective|p2a: Glimmora
|-damage|p2a: Glimmora|18/100
|-activate|p2a: Glimmora|ability: Toxic Debris
|-sidestart|p1: jakkuza|move: Toxic Spikes
|move|p2a: Glimmora|Mortal Spin|p1a: Zamazenta
|-damage|p1a: Zamazenta|96/100
|-status|p1a: Zamazenta|psn
|
|-damage|p1a: Zamazenta|84/100 psn|[from] psn
|upkeep
|turn|2
|
|t:|1760329251
|move|p1a: Zamazenta|Heavy Slam|p2a: Glimmora
|-supereffective|p2a: Glimmora
|-damage|p2a: Glimmora|0 fnt
|-activate|p2a: Glimmora|ability: Toxic Debris
|-sidestart|p1: jakkuza|move: Toxic Spikes
|faint|p2a: Glimmora
|
|-damage|p1a: Zamazenta|72/100 psn|[from] psn
|upkeep
|inactive|iannoyppl has 120 seconds left.
|
|t:|1760329284
|switch|p2a: Toxapex|Toxapex, M|100/100
|turn|3
|
|t:|1760329291
|move|p1a: Zamazenta|Crunch|p2a: Toxapex
|-damage|p2a: Toxapex|85/100
|move|p2a: Toxapex|Haze|p2a: Toxapex
|-clearallboost
|
|-heal|p2a: Toxapex|92/100|[from] item: Leftovers
|-damage|p1a: Zamazenta|60/100 psn|[from] psn
|upkeep
|turn|4
|
|t:|1760329300
|move|p1a: Zamazenta|Crunch|p2a: Toxapex
|-damage|p2a: Toxapex|74/100
|move|p2a: Toxapex|Liquidation|p1a: Zamazenta
|-damage|p1a: Zamazenta|43/100 psn
|
|-heal|p2a: Toxapex|80/100|[from] item: Leftovers
|-damage|p1a: Zamazenta|31/100 psn|[from] psn
|upkeep
|turn|5
|
|t:|1760329307
|move|p1a: Zamazenta|Crunch|p2a: Toxapex
|-damage|p2a: Toxapex|63/100
|move|p2a: Toxapex|Liquidation|p1a: Zamazenta
|-damage|p1a: Zamazenta|13/100 psn
|
|-heal|p2a: Toxapex|70/100|[from] item: Leftovers
|-damage|p1a: Zamazenta|0 fnt|[from] psn
|faint|p1a: Zamazenta
|upkeep
|
|t:|1760329314
|switch|p1a: Garganacl|Garganacl, F|100/100
|turn|6
|
|t:|1760329321
|-terastallize|p1a: Garganacl|Electric
|move|p2a: Toxapex|Toxic|p1a: Garganacl
|-immune|p1a: Garganacl|[from] ability: Purifying Salt
|move|p1a: Garganacl|Salt Cure|p2a: Toxapex
|-damage|p2a: Toxapex|61/100
|-start|p2a: Toxapex|Salt Cure
|
|-heal|p2a: Toxapex|68/100|[from] item: Leftovers
|-damage|p2a: Toxapex|43/100|[from] Salt Cure
|upkeep
|turn|7
|
|t:|1760329334
|switch|p2a: Garchomp|Garchomp, F|100/100
|move|p1a: Garganacl|Iron Defense|p1a: Garganacl
|-boost|p1a: Garganacl|def|2
|
|upkeep
|turn|8
|
|t:|1760329340
|move|p2a: Garchomp|Earthquake|p1a: Garganacl
|-supereffective|p1a: Garganacl
|-damage|p1a: Garganacl|61/100
|move|p1a: Garganacl|Iron Defense|p1a: Garganacl
|-boost|p1a: Garganacl|def|2
|
|-heal|p1a: Garganacl|68/100|[from] item: Leftovers
|upkeep
|turn|9
|
|t:|1760329347
|move|p2a: Garchomp|Swords Dance|p2a: Garchomp
|-boost|p2a: Garchomp|atk|2
|move|p1a: Garganacl|Recover|p1a: Garganacl
|-heal|p1a: Garganacl|100/100
|
|upkeep
|turn|10
|
|t:|1760329352
|move|p2a: Garchomp|Swords Dance|p2a: Garchomp
|-boost|p2a: Garchomp|atk|2
|move|p1a: Garganacl|Salt Cure|p2a: Garchomp
|-resisted|p2a: Garchomp
|-damage|p2a: Garchomp|95/100
|-start|p2a: Garchomp|Salt Cure
|
|-damage|p2a: Garchomp|82/100|[from] Salt Cure
|upkeep
|turn|11
|
|t:|1760329356
|move|p2a: Garchomp|Earthquake|p1a: Garganacl
|-supereffective|p1a: Garganacl
|-damage|p1a: Garganacl|20/100
|move|p1a: Garganacl|Iron Defense|p1a: Garganacl
|-boost|p1a: Garganacl|def|2
|
|-heal|p1a: Garganacl|26/100|[from] item: Leftovers
|-damage|p2a: Garchomp|70/100|[from] Salt Cure
|upkeep
|turn|12
|
|t:|1760329372
|move|p2a: Garchomp|Scale Shot|p1a: Garganacl
|-crit|p1a: Garganacl
|-damage|p1a: Garganacl|0 fnt
|faint|p1a: Garganacl
|-hitcount|p1: Garganacl|1
|-unboost|p2a: Garchomp|def|1
|-boost|p2a: Garchomp|spe|1
|
|-damage|p2a: Garchomp|58/100|[from] Salt Cure
|upkeep
|
|t:|1760329376
|switch|p1a: Ditto|Ditto|100/100
|-status|p1a: Ditto|tox
|-transform|p1a: Ditto|p2a: Garchomp|[from] ability: Imposter
|turn|13
|
|t:|1760329395
|-terastallize|p2a: Garchomp|Fairy
|move|p1a: Ditto|Earthquake|p2a: Garchomp
|-damage|p2a: Garchomp|0 fnt
|faint|p2a: Garchomp
|
|-damage|p1a: Ditto|94/100 tox|[from] psn
|upkeep
|
|t:|1760329404
|switch|p2a: Ambipom|Ambipom, F|100/100
|turn|14
|
|t:|1760329408
|move|p2a: Ambipom|Fake Out|p1a: Ditto
|-damage|p1a: Ditto|29/100 tox
|-damage|p2a: Ambipom|88/100|[from] ability: Rough Skin|[of] p1a: Ditto
|-damage|p2a: Ambipom|78/100|[from] item: Life Orb
|cant|p1a: Ditto|flinch
|
|-damage|p1a: Ditto|17/100 tox|[from] psn
|upkeep
|turn|15
|
|t:|1760329425
|switch|p2a: Toxapex|Toxapex, M|76/100
|move|p1a: Ditto|Earthquake|p2a: Toxapex
|-supereffective|p2a: Toxapex
|-damage|p2a: Toxapex|0 fnt
|faint|p2a: Toxapex
|
|-damage|p1a: Ditto|0 fnt|[from] psn
|faint|p1a: Ditto
|upkeep
|inactive|jakkuza has 120 seconds left.
|
|t:|1760329455
|switch|p1a: Polteageist|Polteageist|100/100
|switch|p2a: Ambipom|Ambipom, F|78/100
|-status|p1a: Polteageist|tox
|turn|16
|
|t:|1760329474
|move|p2a: Ambipom|Trailblaze|p1a: Polteageist
|-damage|p1a: Polteageist|42/100 tox
|-boost|p2a: Ambipom|spe|1
|-ability|p1a: Polteageist|Weak Armor|boost
|-unboost|p1a: Polteageist|def|1
|-boost|p1a: Polteageist|spe|2
|-damage|p2a: Ambipom|68/100|[from] item: Life Orb
|-enditem|p1a: Polteageist|White Herb
|-clearnegativeboost|p1a: Polteageist|[silent]
|move|p1a: Polteageist|Shell Smash|p1a: Polteageist
|-unboost|p1a: Polteageist|def|1
|-unboost|p1a: Polteageist|spd|1
|-boost|p1a: Polteageist|atk|2
|-boost|p1a: Polteageist|spa|2
|-boost|p1a: Polteageist|spe|2
|
|-damage|p1a: Polteageist|36/100 tox|[from] psn
|upkeep
|turn|17
|
|t:|1760329492
|switch|p2a: Scizor|Scizor, M|100/100
|move|p1a: Polteageist|Stored Power|p2a: Scizor
|-resisted|p2a: Scizor
|-damage|p2a: Scizor|15/100
|
|-damage|p1a: Polteageist|24/100 tox|[from] psn
|upkeep
|turn|18
|
|t:|1760329501
|move|p2a: Scizor|Bullet Punch|p1a: Polteageist
|-damage|p1a: Polteageist|0 fnt
|faint|p1a: Polteageist
|-damage|p2a: Scizor|5/100|[from] item: Life Orb
|
|upkeep
|
|t:|1760329508
|switch|p1a: Rillaboom|Rillaboom, M|100/100
|-status|p1a: Rillaboom|tox
|-fieldstart|move: Grassy Terrain|[from] ability: Grassy Surge|[of] p1a: Rillaboom
|turn|19
|
|t:|1760329517
|move|p1a: Rillaboom|Grassy Glide|p2a: Scizor
|-resisted|p2a: Scizor
|-damage|p2a: Scizor|0 fnt
|faint|p2a: Scizor
|
|-damage|p1a: Rillaboom|94/100 tox|[from] psn
|upkeep
|
|t:|1760329526
|switch|p2a: Ambipom|Ambipom, F|68/100
|turn|20
|
|t:|1760329529
|move|p2a: Ambipom|Fake Out|p1a: Rillaboom
|-damage|p1a: Rillaboom|56/100 tox
|-damage|p2a: Ambipom|58/100|[from] item: Life Orb
|cant|p1a: Rillaboom|flinch
|
|-heal|p2a: Ambipom|64/100|[from] Grassy Terrain
|-heal|p1a: Rillaboom|62/100 tox|[from] Grassy Terrain
|-damage|p1a: Rillaboom|50/100 tox|[from] psn
|upkeep
|turn|21
|
|t:|1760329532
|move|p1a: Rillaboom|Grassy Glide|p2a: Ambipom
|-damage|p2a: Ambipom|0 fnt
|faint|p2a: Ambipom
|
|-heal|p1a: Rillaboom|56/100 tox|[from] Grassy Terrain
|-damage|p1a: Rillaboom|38/100 tox|[from] psn
|upkeep
|
|t:|1760329535
|switch|p2a: Blastoise|Blastoise, M|100/100
|turn|22
|
|t:|1760329540
|move|p1a: Rillaboom|Grassy Glide|p2a: Blastoise
|-supereffective|p2a: Blastoise
|-damage|p2a: Blastoise|0 fnt
|faint|p2a: Blastoise
|
|win|jakkuza
|raw|jakkuza's rating: 1191 &rarr; <strong>1213</strong><br />(+22 for winning)
|raw|iannoyppl's rating: 1145 &rarr; <strong>1123</strong><br />(-22 for losing)
|l|☆iannoyppl
|player|p2|
|l|☆jakkuza
|player|p1|
