|j|‽XIXINANA
|j|☆WALOSA DE ELITE
|t:|1760300967
|gametype|singles
|player|p1|XIXINANA|nate|1389
|player|p2|WALOSA DE ELITE|2|1410
|gen|9
|tier|[Gen 9] OU
|rated|
|rule|HP Percentage Mod: HP is shown in percentages
|rule|Endless Battle Clause: Forcing endless battles is banned
|rule|Species Clause: Limit one of each Pokémon
|rule|OHKO Clause: OHKO moves are banned
|rule|Evasion Items Clause: Evasion items are banned
|rule|Evasion Moves Clause: Evasion moves are banned
|rule|Evasion Abilities Clause: Evasion abilities are banned
|rule|Sleep Moves Clause: Sleep-inducing moves are banned
|clearpoke
|poke|p1|Lycanroc-Midnight, M|
|poke|p1|Zoroark-Hisui, F|
|poke|p1|Volcanion|
|poke|p1|Cobalion|
|poke|p1|Iron Hands|
|poke|p1|Regidrago|
|poke|p2|Grimmsnarl, M|
|poke|p2|Braviary-Hisui, M|
|poke|p2|Clefable, M|
|poke|p2|Latias, F|
|poke|p2|Kyurem|
|poke|p2|Glimmora, M|
|teampreview
|inactive|Battle timer is ON: inactive players will automatically lose when time's up. (requested by XIXINANA)
|
|t:|1760300995
|teamsize|p1|6
|teamsize|p2|6
|start
|switch|p1a: Cobalion|Cobalion|100/100
|switch|p2a: Grimmsnarl|Grimmsnarl, M|100/100
|turn|1
|
|t:|1760300999
|move|p2a: Grimmsnarl|Taunt|p1a: Cobalion
|-start|p1a: Cobalion|move: Taunt
|cant|p1a: Cobalion|move: Taunt|Stealth Rock
|
|upkeep
|turn|2
|
|t:|1760301007
|move|p2a: Grimmsnarl|Reflect|p2a: Grimmsnarl
|-sidestart|p2: WALOSA DE ELITE|Reflect
|move|p1a: Cobalion|Volt Switch|p2a: Grimmsnarl
|-damage|p2a: Grimmsnarl|90/100
|
|t:|1760301025
|switch|p1a: Volcanion|Volcanion|100/100|[from] Volt Switch
|
|upkeep
|turn|3
|
|t:|1760301028
|move|p2a: Grimmsnarl|Light Screen|p2a: Grimmsnarl
|-sidestart|p2: WALOSA DE ELITE|move: Light Screen
|move|p1a: Volcanion|Sludge Wave|p2a: Grimmsnarl
|-supereffective|p2a: Grimmsnarl
|-damage|p2a: Grimmsnarl|63/100
|
|upkeep
|turn|4
|
|t:|1760301053
|switch|p2a: Glimmora|Glimmora, M|100/100
|move|p1a: Volcanion|Earth Power|p2a: Glimmora
|-supereffective|p2a: Glimmora
|-damage|p2a: Glimmora|17/100
|
|upkeep
|turn|5
|
|t:|1760301066
|switch|p2a: Braviary|Braviary-Hisui, M|100/100
|move|p1a: Volcanion|Earth Power|p2a: Braviary
|-immune|p2a: Braviary
|
|upkeep
|turn|6
|
|t:|1760301076
|move|p2a: Braviary|Esper Wing|p1a: Volcanion
|-damage|p1a: Volcanion|50/100
|-boost|p2a: Braviary|spe|1
|move|p1a: Volcanion|Steam Eruption|p2a: Braviary
|-damage|p2a: Braviary|64/100
|
|upkeep
|turn|7
|
|t:|1760301094
|move|p2a: Braviary|Esper Wing|p1a: Volcanion
|-damage|p1a: Volcanion|2/100
|-boost|p2a: Braviary|spe|1
|move|p1a: Volcanion|Steam Eruption|p2a: Braviary
|-damage|p2a: Braviary|24/100
|-status|p2a: Braviary|brn
|
|-damage|p2a: Braviary|18/100 brn|[from] brn
|upkeep
|turn|8
|
|t:|1760301104
|move|p2a: Braviary|Esper Wing|p1a: Volcanion
|-damage|p1a: Volcanion|0 fnt
|-boost|p2a: Braviary|spe|1
|faint|p1a: Volcanion
|
|-damage|p2a: Braviary|12/100 brn|[from] brn
|upkeep
|
|t:|1760301107
|switch|p1a: Lycanroc|Lycanroc-Midnight, M|100/100
|turn|9
|
|t:|1760301109
|move|p1a: Lycanroc|Sucker Punch|p2a: Braviary
|-supereffective|p2a: Braviary
|-damage|p2a: Braviary|0 fnt
|faint|p2a: Braviary
|-damage|p1a: Lycanroc|91/100|[from] item: Life Orb
|
|-sideend|p2: WALOSA DE ELITE|Reflect
|upkeep
|
|t:|1760301129
|switch|p2a: Glimmora|Glimmora, M|17/100
|turn|10
|
|t:|1760301139
|move|p2a: Glimmora|Earth Power|p1a: Lycanroc
|-supereffective|p1a: Lycanroc
|-crit|p1a: Lycanroc
|-damage|p1a: Lycanroc|0 fnt
|faint|p1a: Lycanroc
|
|-sideend|p2: WALOSA DE ELITE|move: Light Screen
|upkeep
|
|t:|1760301143
|switch|p1a: Cobalion|Cobalion|100/100
|turn|11
|
|t:|1760301148
|move|p2a: Glimmora|Earth Power|p1a: Cobalion
|-supereffective|p1a: Cobalion
|-damage|p1a: Cobalion|9/100
|move|p1a: Cobalion|Stealth Rock|p2a: Glimmora
|-sidestart|p2: WALOSA DE ELITE|move: Stealth Rock
|
|upkeep
|turn|12
|
|t:|1760301154
|move|p1a: Cobalion|Vacuum Wave|p2a: Glimmora
|-damage|p2a: Glimmora|0 fnt
|faint|p2a: Glimmora
|
|upkeep
|
|t:|1760301163
|switch|p2a: Grimmsnarl|Grimmsnarl, M|63/100
|-damage|p2a: Grimmsnarl|50/100|[from] Stealth Rock
|turn|13
|
|t:|1760301168
|move|p2a: Grimmsnarl|Light Screen|p2a: Grimmsnarl
|-sidestart|p2: WALOSA DE ELITE|move: Light Screen
|move|p1a: Cobalion|Reflect|p1a: Cobalion
|-sidestart|p1: XIXINANA|Reflect
|
|upkeep
|turn|14
|
|t:|1760301172
|move|p2a: Grimmsnarl|Taunt|p1a: Cobalion
|-start|p1a: Cobalion|move: Taunt
|move|p1a: Cobalion|Volt Switch|p2a: Grimmsnarl
|-damage|p2a: Grimmsnarl|45/100
|
|t:|1760301182
|switch|p1a: Iron Hands|Iron Hands|100/100|[from] Volt Switch
|
|upkeep
|turn|15
|
|t:|1760301188
|move|p1a: Iron Hands|Fake Out|p2a: Grimmsnarl
|-damage|p2a: Grimmsnarl|23/100
|cant|p2a: Grimmsnarl|flinch
|
|upkeep
|turn|16
|
|t:|1760301194
|move|p2a: Grimmsnarl|Reflect|p2a: Grimmsnarl
|-sidestart|p2: WALOSA DE ELITE|Reflect
|move|p1a: Iron Hands|Supercell Slam|p2a: Grimmsnarl
|-damage|p2a: Grimmsnarl|0 fnt
|faint|p2a: Grimmsnarl
|
|upkeep
|
|t:|1760301201
|switch|p2a: Latias|Latias, F|100/100
|-damage|p2a: Latias|88/100|[from] Stealth Rock
|turn|17
|
|t:|1760301205
|-end|p1a: Iron Hands|Quark Drive|[silent]
|switch|p1a: Cobalion|Cobalion|100/100
|move|p2a: Latias|Agility|p2a: Latias
|-boost|p2a: Latias|spe|2
|
|upkeep
|turn|18
|
|t:|1760301212
|-terastallize|p1a: Cobalion|Ghost
|move|p2a: Latias|Calm Mind|p2a: Latias
|-boost|p2a: Latias|spa|1
|-boost|p2a: Latias|spd|1
|move|p1a: Cobalion|Bitter Malice|p2a: Latias
|-supereffective|p2a: Latias
|-damage|p2a: Latias|49/100
|-unboost|p2a: Latias|atk|1
|-enditem|p2a: Latias|Weakness Policy
|-boost|p2a: Latias|atk|2|[from] item: Weakness Policy
|-boost|p2a: Latias|spa|2|[from] item: Weakness Policy
|
|upkeep
|turn|19
|
|t:|1760301231
|switch|p1a: Cobalion|Cobalion|9/100
|move|p2a: Latias|Stored Power|p1a: Cobalion
|-damage|p1a: Cobalion|0 fnt
|faint|p1a: Cobalion
|
|upkeep
|
|t:|1760301240
|switch|p1a: Iron Hands|Iron Hands|100/100
|turn|20
|
|t:|1760301243
|move|p1a: Iron Hands|Fake Out|p2a: Latias
|-damage|p2a: Latias|43/100
|cant|p2a: Latias|flinch
|
|-sideend|p1: XIXINANA|Reflect
|-sideend|p2: WALOSA DE ELITE|move: Light Screen
|upkeep
|turn|21
|
|t:|1760301260
|move|p2a: Latias|Draining Kiss|p1a: Iron Hands
|-supereffective|p1a: Iron Hands
|-damage|p1a: Iron Hands|70/100
|-heal|p2a: Latias|71/100|[from] drain|[of] p1a: Iron Hands
|move|p1a: Iron Hands|Supercell Slam|p2a: Latias
|-resisted|p2a: Latias
|-damage|p2a: Latias|60/100
|
|upkeep
|turn|22
|
|t:|1760301272
|move|p2a: Latias|Calm Mind|p2a: Latias
|-boost|p2a: Latias|spa|1
|-boost|p2a: Latias|spd|1
|move|p1a: Iron Hands|Supercell Slam|p2a: Latias
|-resisted|p2a: Latias
|-damage|p2a: Latias|49/100
|
|upkeep
|turn|23
|-message|XIXINANA forfeited.
|
|win|WALOSA DE ELITE
|raw|XIXINANA's rating: 1389 &rarr; <strong>1370</strong><br />(-19 for losing)
|raw|WALOSA DE ELITE's rating: 1410 &rarr; <strong>1429</strong><br />(+19 for winning)
|l|‽XIXINANA
|player|p1|
|l|☆WALOSA DE ELITE
|player|p2|
