|j|☆KebZ420
|j|☆JFKwasAFk4
|t:|1760364440
|gametype|singles
|player|p1|KebZ420|102|1161
|player|p2|JFKwasAFk4|1|1210
|gen|9
|tier|[Gen 9] OU
|rated|
|rule|HP Percentage Mod: HP is shown in percentages
|rule|Endless Battle Clause: Forcing endless battles is banned
|rule|Species Clause: Limit one of each Pokémon
|rule|OHKO Clause: OHKO moves are banned
|rule|Evasion Items Clause: Evasion items are banned
|rule|Evasion Moves Clause: Evasion moves are banned
|rule|Evasion Abilities Clause: Evasion abilities are banned
|rule|Sleep Moves Clause: Sleep-inducing moves are banned
|clearpoke
|poke|p1|Jirachi|
|poke|p1|Zamazenta-*|
|poke|p1|Glimmora, F|
|poke|p1|Enamorus, F|
|poke|p1|Gholdengo|
|poke|p1|Cyclizar, F|
|poke|p2|Clefable, F|
|poke|p2|Dondozo, M|
|poke|p2|Blissey, F|
|poke|p2|Clodsire, F|
|poke|p2|Corviknight, M|
|poke|p2|Gliscor, F|
|teampreview
|inactive|Battle timer is ON: inactive players will automatically lose when time's up. (requested by KebZ420)
|
|t:|1760364457
|teamsize|p1|6
|teamsize|p2|6
|start
|switch|p1a: Glimmora|Glimmora, F|100/100
|switch|p2a: Big P|Clefable, F|100/100
|turn|1
|
|t:|1760364473
|switch|p2a: Tacobell aftermath|Clodsire, F|100/100
|move|p1a: Glimmora|Spikes|p2a: Tacobell aftermath
|-sidestart|p2: JFKwasAFk4|Spikes
|
|upkeep
|turn|2
|
|t:|1760364481
|move|p1a: Glimmora|Earth Power|p2a: Tacobell aftermath
|-supereffective|p2a: Tacobell aftermath
|-damage|p2a: Tacobell aftermath|65/100
|move|p2a: Tacobell aftermath|Earthquake|p1a: Glimmora
|-supereffective|p1a: Glimmora
|-enditem|p1a: Glimmora|Focus Sash
|-damage|p1a: Glimmora|1/100
|-activate|p1a: Glimmora|ability: Toxic Debris
|-sidestart|p2: JFKwasAFk4|move: Toxic Spikes
|
|upkeep
|turn|3
|
|t:|1760364499
|move|p1a: Glimmora|Stealth Rock|p2a: Tacobell aftermath
|-sidestart|p2: JFKwasAFk4|move: Stealth Rock
|move|p2a: Tacobell aftermath|Earthquake|p1a: Glimmora
|-supereffective|p1a: Glimmora
|-damage|p1a: Glimmora|0 fnt
|-activate|p1a: Glimmora|ability: Toxic Debris
|-sidestart|p2: JFKwasAFk4|move: Toxic Spikes
|faint|p1a: Glimmora
|
|upkeep
|
|t:|1760364513
|switch|p1a: Cyclizar|Cyclizar, F|100/100
|turn|4
|
|t:|1760364528
|switch|p2a: Molto Grasso|Dondozo, M|100/100
|move|p1a: Cyclizar|Knock Off|p2a: Molto Grasso
|-damage|p2a: Molto Grasso|89/100
|-enditem|p2a: Molto Grasso|Heavy-Duty Boots|[from] move: Knock Off|[of] p1a: Cyclizar
|
|upkeep
|turn|5
|
|t:|1760364540
|move|p1a: Cyclizar|U-turn|p2a: Molto Grasso
|-damage|p2a: Molto Grasso|80/100
|
|t:|1760364550
|switch|p1a: Enamorus|Enamorus, F|100/100|[from] U-turn
|move|p2a: Molto Grasso|Curse|p2a: Molto Grasso
|-unboost|p2a: Molto Grasso|spe|1
|-boost|p2a: Molto Grasso|atk|1
|-boost|p2a: Molto Grasso|def|1
|
|upkeep
|turn|6
|
|t:|1760364559
|move|p1a: Enamorus|Moonblast|p2a: Molto Grasso
|-damage|p2a: Molto Grasso|23/100
|-unboost|p2a: Molto Grasso|spa|1
|move|p2a: Molto Grasso|Waterfall|p1a: Enamorus
|-damage|p1a: Enamorus|30/100
|
|upkeep
|turn|7
|
|t:|1760364566
|switch|p2a: RUB MAH BELLY|Corviknight, M|100/100
|-damage|p2a: RUB MAH BELLY|88/100|[from] Stealth Rock
|-ability|p2a: RUB MAH BELLY|Pressure
|move|p1a: Enamorus|Moonblast|p2a: RUB MAH BELLY
|-resisted|p2a: RUB MAH BELLY
|-damage|p2a: RUB MAH BELLY|59/100
|
|upkeep
|turn|8
|
|t:|1760364573
|switch|p1a: Gholdengo|Gholdengo|100/100
|-item|p1a: Gholdengo|Air Balloon
|move|p2a: RUB MAH BELLY|Roost|p2a: RUB MAH BELLY
|-heal|p2a: RUB MAH BELLY|100/100
|-singleturn|p2a: RUB MAH BELLY|move: Roost
|
|upkeep
|turn|9
|
|t:|1760364579
|move|p1a: Gholdengo|Nasty Plot|p1a: Gholdengo
|-boost|p1a: Gholdengo|spa|2
|move|p2a: RUB MAH BELLY|Brave Bird|p1a: Gholdengo
|-resisted|p1a: Gholdengo
|-damage|p1a: Gholdengo|85/100
|-enditem|p1a: Gholdengo|Air Balloon
|-damage|p2a: RUB MAH BELLY|96/100|[from] Recoil
|
|upkeep
|turn|10
|
|t:|1760364601
|switch|p2a: Tacobell aftermath|Clodsire, F|65/100
|-sideend|p2: JFKwasAFk4|move: Toxic Spikes|[of] p2a: Tacobell aftermath
|move|p1a: Gholdengo|Shadow Ball|p2a: Tacobell aftermath
|-damage|p2a: Tacobell aftermath|42/100
|-unboost|p2a: Tacobell aftermath|spd|1
|
|upkeep
|turn|11
|
|t:|1760364610
|move|p1a: Gholdengo|Shadow Ball|p2a: Tacobell aftermath
|-damage|p2a: Tacobell aftermath|9/100
|move|p2a: Tacobell aftermath|Recover|p2a: Tacobell aftermath
|-heal|p2a: Tacobell aftermath|59/100
|
|upkeep
|turn|12
|
|t:|1760364626
|move|p1a: Gholdengo|Shadow Ball|p2a: Tacobell aftermath
|-damage|p2a: Tacobell aftermath|26/100
|move|p2a: Tacobell aftermath|Recover|p2a: Tacobell aftermath
|-heal|p2a: Tacobell aftermath|76/100
|
|upkeep
|turn|13
|
|t:|1760364635
|switch|p1a: Cyclizar|Cyclizar, F|100/100
|move|p2a: Tacobell aftermath|Amnesia|p2a: Tacobell aftermath
|-boost|p2a: Tacobell aftermath|spd|2
|
|upkeep
|turn|14
|
|t:|1760364641
|move|p1a: Cyclizar|Knock Off|p2a: Tacobell aftermath
|-damage|p2a: Tacobell aftermath|48/100
|-enditem|p2a: Tacobell aftermath|Heavy-Duty Boots|[from] move: Knock Off|[of] p1a: Cyclizar
|move|p2a: Tacobell aftermath|Poison Jab|p1a: Cyclizar
|-damage|p1a: Cyclizar|65/100
|
|upkeep
|turn|15
|
|t:|1760364648
|move|p1a: Cyclizar|U-turn|p2a: Tacobell aftermath
|-resisted|p2a: Tacobell aftermath
|-damage|p2a: Tacobell aftermath|37/100
|
|t:|1760364657
|switch|p1a: Zamazenta|Zamazenta|100/100|[from] U-turn
|-ability|p1a: Zamazenta|Dauntless Shield|boost
|-boost|p1a: Zamazenta|def|1
|move|p2a: Tacobell aftermath|Recover|p2a: Tacobell aftermath
|-heal|p2a: Tacobell aftermath|87/100
|
|upkeep
|turn|16
|
|t:|1760364667
|move|p1a: Zamazenta|Crunch|p2a: Tacobell aftermath
|-damage|p2a: Tacobell aftermath|58/100
|move|p2a: Tacobell aftermath|Poison Jab|p1a: Zamazenta
|-damage|p1a: Zamazenta|79/100
|
|upkeep
|turn|17
|
|t:|1760364677
|move|p1a: Zamazenta|Ice Fang|p2a: Tacobell aftermath
|-supereffective|p2a: Tacobell aftermath
|-damage|p2a: Tacobell aftermath|6/100
|move|p2a: Tacobell aftermath|Recover|p2a: Tacobell aftermath
|-heal|p2a: Tacobell aftermath|56/100
|
|upkeep
|turn|18
|
|t:|1760364683
|switch|p2a: Molto Grasso|Dondozo, M|23/100
|-damage|p2a: Molto Grasso|10/100|[from] Spikes
|-damage|p2a: Molto Grasso|0 fnt|[from] Stealth Rock
|faint|p2a: Molto Grasso
|move|p1a: Zamazenta|Ice Fang|p2: Molto Grasso|[notarget]
|-fail|p1a: Zamazenta
|
|upkeep
|
|t:|1760364699
|switch|p2a: Big P|Clefable, F|100/100
|turn|19
|
|t:|1760364709
|switch|p1a: Jirachi|Jirachi|100/100
|move|p2a: Big P|Stealth Rock|p1a: Jirachi
|-sidestart|p1: KebZ420|move: Stealth Rock
|
|upkeep
|turn|20
|
|t:|1760364716
|move|p1a: Jirachi|Cosmic Power|p1a: Jirachi
|-boost|p1a: Jirachi|def|1
|-boost|p1a: Jirachi|spd|1
|move|p2a: Big P|Knock Off|p1a: Jirachi
|-supereffective|p1a: Jirachi
|-damage|p1a: Jirachi|88/100
|-enditem|p1a: Jirachi|Leftovers|[from] move: Knock Off|[of] p2a: Big P
|
|upkeep
|turn|21
|
|t:|1760364727
|switch|p2a: Tacobell aftermath|Clodsire, F|56/100
|-damage|p2a: Tacobell aftermath|44/100|[from] Spikes
|-damage|p2a: Tacobell aftermath|38/100|[from] Stealth Rock
|move|p1a: Jirachi|Cosmic Power|p1a: Jirachi
|-boost|p1a: Jirachi|def|1
|-boost|p1a: Jirachi|spd|1
|
|upkeep
|turn|22
|
|t:|1760364730
|move|p1a: Jirachi|Stored Power|p2a: Tacobell aftermath
|-supereffective|p2a: Tacobell aftermath
|-damage|p2a: Tacobell aftermath|1/100
|move|p2a: Tacobell aftermath|Recover|p2a: Tacobell aftermath
|-heal|p2a: Tacobell aftermath|51/100
|
|upkeep
|turn|23
|
|t:|1760364737
|-terastallize|p2a: Tacobell aftermath|Dark
|move|p1a: Jirachi|Cosmic Power|p1a: Jirachi
|-boost|p1a: Jirachi|def|1
|-boost|p1a: Jirachi|spd|1
|move|p2a: Tacobell aftermath|Recover|p2a: Tacobell aftermath
|-heal|p2a: Tacobell aftermath|100/100
|
|upkeep
|turn|24
|
|t:|1760364747
|switch|p1a: Cyclizar|Cyclizar, F|98/100
|move|p2a: Tacobell aftermath|Earthquake|p1a: Cyclizar
|-damage|p1a: Cyclizar|47/100
|
|upkeep
|turn|25
|
|t:|1760364757
|move|p1a: Cyclizar|Rapid Spin|p2a: Tacobell aftermath
|-damage|p2a: Tacobell aftermath|79/100
|-boost|p1a: Cyclizar|spe|1
|-sideend|p1: KebZ420|Stealth Rock|[from] move: Rapid Spin|[of] p1a: Cyclizar
|move|p2a: Tacobell aftermath|Poison Jab|p1a: Cyclizar
|-damage|p1a: Cyclizar|10/100
|
|upkeep
|turn|26
|
|t:|1760364764
|move|p1a: Cyclizar|U-turn|p2a: Tacobell aftermath
|-supereffective|p2a: Tacobell aftermath
|-crit|p2a: Tacobell aftermath
|-damage|p2a: Tacobell aftermath|10/100
|
|t:|1760364769
|switch|p1a: Jirachi|Jirachi|88/100|[from] U-turn
|move|p2a: Tacobell aftermath|Poison Jab|p1a: Jirachi
|-immune|p1a: Jirachi
|
|upkeep
|turn|27
|
|t:|1760364775
|switch|p1a: Cyclizar|Cyclizar, F|44/100
|move|p2a: Tacobell aftermath|Earthquake|p1a: Cyclizar
|-damage|p1a: Cyclizar|0 fnt
|faint|p1a: Cyclizar
|
|upkeep
|
|t:|1760364780
|switch|p1a: Enamorus|Enamorus, F|30/100
|turn|28
|
|t:|1760364785
|move|p1a: Enamorus|Moonblast|p2a: Tacobell aftermath
|-supereffective|p2a: Tacobell aftermath
|-damage|p2a: Tacobell aftermath|0 fnt
|faint|p2a: Tacobell aftermath
|
|upkeep
|
|t:|1760364794
|switch|p2a: Biggy P|Blissey, F|100/100
|turn|29
|
|t:|1760364799
|switch|p1a: Jirachi|Jirachi|88/100
|move|p2a: Biggy P|Seismic Toss|p1a: Jirachi
|-damage|p1a: Jirachi|63/100
|
|upkeep
|turn|30
|
|t:|1760364805
|move|p1a: Jirachi|Cosmic Power|p1a: Jirachi
|-boost|p1a: Jirachi|def|1
|-boost|p1a: Jirachi|spd|1
|move|p2a: Biggy P|Seismic Toss|p1a: Jirachi
|-damage|p1a: Jirachi|38/100
|
|upkeep
|turn|31
|
|t:|1760364811
|move|p1a: Jirachi|Protect|p1a: Jirachi
|-singleturn|p1a: Jirachi|Protect
|move|p2a: Biggy P|Seismic Toss|p1a: Jirachi
|-activate|p1a: Jirachi|move: Protect
|
|upkeep
|turn|32
|
|t:|1760364815
|move|p1a: Jirachi|Wish|p1a: Jirachi
|move|p2a: Biggy P|Seismic Toss|p1a: Jirachi
|-damage|p1a: Jirachi|13/100
|
|upkeep
|turn|33
|
|t:|1760364824
|move|p1a: Jirachi|Protect|p1a: Jirachi
|-singleturn|p1a: Jirachi|Protect
|move|p2a: Biggy P|Calm Mind|p2a: Biggy P
|-boost|p2a: Biggy P|spa|1
|-boost|p2a: Biggy P|spd|1
|
|-heal|p1a: Jirachi|63/100|[from] move: Wish|[wisher] Jirachi
|upkeep
|turn|34
|
|t:|1760364830
|move|p1a: Jirachi|Wish|p1a: Jirachi
|move|p2a: Biggy P|Calm Mind|p2a: Biggy P
|-boost|p2a: Biggy P|spa|1
|-boost|p2a: Biggy P|spd|1
|
|upkeep
|turn|35
|
|t:|1760364833
|move|p1a: Jirachi|Cosmic Power|p1a: Jirachi
|-boost|p1a: Jirachi|def|1
|-boost|p1a: Jirachi|spd|1
|move|p2a: Biggy P|Calm Mind|p2a: Biggy P
|-boost|p2a: Biggy P|spa|1
|-boost|p2a: Biggy P|spd|1
|
|-heal|p1a: Jirachi|100/100|[from] move: Wish|[wisher] Jirachi
|upkeep
|turn|36
|
|t:|1760364838
|move|p1a: Jirachi|Cosmic Power|p1a: Jirachi
|-boost|p1a: Jirachi|def|1
|-boost|p1a: Jirachi|spd|1
|move|p2a: Biggy P|Calm Mind|p2a: Biggy P
|-boost|p2a: Biggy P|spa|1
|-boost|p2a: Biggy P|spd|1
|
|upkeep
|turn|37
|
|t:|1760364841
|move|p1a: Jirachi|Cosmic Power|p1a: Jirachi
|-boost|p1a: Jirachi|def|1
|-boost|p1a: Jirachi|spd|1
|move|p2a: Biggy P|Calm Mind|p2a: Biggy P
|-boost|p2a: Biggy P|spa|1
|-boost|p2a: Biggy P|spd|1
|
|upkeep
|turn|38
|
|t:|1760364845
|switch|p1a: Zamazenta|Zamazenta|79/100
|move|p2a: Biggy P|Calm Mind|p2a: Biggy P
|-boost|p2a: Biggy P|spa|1
|-boost|p2a: Biggy P|spd|1
|
|upkeep
|turn|39
|
|t:|1760364850
|move|p1a: Zamazenta|Close Combat|p2a: Biggy P
|-supereffective|p2a: Biggy P
|-damage|p2a: Biggy P|0 fnt
|-unboost|p1a: Zamazenta|def|1
|-unboost|p1a: Zamazenta|spd|1
|faint|p2a: Biggy P
|
|upkeep
|
|t:|1760364854
|switch|p2a: RUB MAH BELLY|Corviknight, M|96/100
|-damage|p2a: RUB MAH BELLY|83/100|[from] Stealth Rock
|-ability|p2a: RUB MAH BELLY|Pressure
|turn|40
|
|t:|1760364861
|switch|p1a: Gholdengo|Gholdengo|85/100
|move|p2a: RUB MAH BELLY|Brave Bird|p1a: Gholdengo
|-resisted|p1a: Gholdengo
|-damage|p1a: Gholdengo|68/100
|-damage|p2a: RUB MAH BELLY|78/100|[from] Recoil
|
|upkeep
|turn|41
|l|☆JFKwasAFk4
|inactive|JFKwasAFk4 disconnected and has a minute to reconnect!
|player|p2|
|inactive|KebZ420 has 120 seconds left.
|inactive|JFKwasAFk4 has 30 seconds to reconnect!
|inactive|JFKwasAFk4 has 20 seconds to reconnect!
|inactive|JFKwasAFk4 has 15 seconds to reconnect!
|inactive|JFKwasAFk4 has 10 seconds to reconnect!
|inactive|JFKwasAFk4 has 5 seconds to reconnect!
|inactive|KebZ420 has 90 seconds left.
|-message|JFKwasAFk4 lost due to inactivity.
|
|win|KebZ420
|raw|KebZ420's rating: 1161 &rarr; <strong>1190</strong><br />(+29 for winning)
|raw|JFKwasAFk4's rating: 1210 &rarr; <strong>1181</strong><br />(-29 for losing)
|l|☆KebZ420
|player|p1|
