|j|☆bobbydeoliscool
|j|☆Sasha2808
|t:|1760450413
|gametype|singles
|player|p1|bobbydeoliscool|102|1462
|player|p2|Sasha2808|misty-gen2|1494
|gen|9
|tier|[Gen 9] OU
|rated|
|rule|HP Percentage Mod: HP is shown in percentages
|rule|Endless Battle Clause: Forcing endless battles is banned
|rule|Species Clause: Limit one of each Pokémon
|rule|OHKO Clause: OHKO moves are banned
|rule|Evasion Items Clause: Evasion items are banned
|rule|Evasion Moves Clause: Evasion moves are banned
|rule|Evasion Abilities Clause: Evasion abilities are banned
|rule|Sleep Moves Clause: Sleep-inducing moves are banned
|clearpoke
|poke|p1|Moltres|
|poke|p1|Zamazenta-*|
|poke|p1|Darkrai|
|poke|p1|Hydrapple, M|
|poke|p1|Ting-Lu|
|poke|p1|Tinkaton, F|
|poke|p2|Gliscor, M|
|poke|p2|Walking Wake|
|poke|p2|Slowking-Galar, F|
|poke|p2|Zamazenta-*|
|poke|p2|Ting-Lu|
|poke|p2|Kingambit, F|
|teampreview
|inactive|Battle timer is ON: inactive players will automatically lose when time's up. (requested by Sasha2808)
|inactive|bobbydeoliscool has 120 seconds left.
|
|t:|1760450462
|teamsize|p1|6
|teamsize|p2|6
|start
|switch|p1a: Tinkaton|Tinkaton, F|100/100
|switch|p2a: Gliscor|Gliscor, M|100/100
|-ability|p1a: Tinkaton|Mold Breaker
|-item|p1a: Tinkaton|Air Balloon
|turn|1
|
|t:|1760450479
|move|p2a: Gliscor|Protect|p2a: Gliscor
|-singleturn|p2a: Gliscor|Protect
|move|p1a: Tinkaton|Stealth Rock|p2a: Gliscor
|-sidestart|p2: Sasha2808|move: Stealth Rock
|
|-status|p2a: Gliscor|tox|[from] item: Toxic Orb
|upkeep
|turn|2
|inactive|bobbydeoliscool has 120 seconds left.
|
|t:|1760450517
|move|p1a: Tinkaton|Encore|p2a: Gliscor
|-start|p2a: Gliscor|Encore
|move|p2a: Gliscor|Protect||[still]
|-fail|p2a: Gliscor
|
|upkeep
|turn|3
|
|t:|1760450523
|switch|p2a: Slowking|Slowking-Galar, F|100/100
|move|p1a: Tinkaton|Thunder Wave|p2a: Slowking
|-status|p2a: Slowking|par
|
|upkeep
|turn|4
|
|t:|1760450531
|move|p1a: Tinkaton|Gigaton Hammer|p2a: Slowking
|-damage|p2a: Slowking|55/100 par
|cant|p2a: Slowking|par
|
|upkeep
|turn|5
|
|t:|1760450538
|switch|p1a: Darkrai|Darkrai, shiny|100/100
|move|p2a: Slowking|Flamethrower|p1a: Darkrai
|-damage|p1a: Darkrai|82/100
|-status|p1a: Darkrai|brn
|
|-damage|p1a: Darkrai|76/100 brn|[from] brn
|upkeep
|turn|6
|
|t:|1760450556
|switch|p2a: Ting-Lu|Ting-Lu|100/100
|-damage|p2a: Ting-Lu|94/100|[from] Stealth Rock
|-ability|p2a: Ting-Lu|Vessel of Ruin
|move|p1a: Darkrai|Knock Off|p2a: Ting-Lu
|-resisted|p2a: Ting-Lu
|-damage|p2a: Ting-Lu|90/100
|-enditem|p2a: Ting-Lu|Leftovers|[from] move: Knock Off|[of] p1a: Darkrai
|
|-damage|p1a: Darkrai|70/100 brn|[from] brn
|upkeep
|turn|7
|
|t:|1760450575
|switch|p1a: Hydrapple|Hydrapple, M|100/100
|move|p2a: Ting-Lu|Stealth Rock|p1a: Hydrapple
|-sidestart|p1: bobbydeoliscool|move: Stealth Rock
|
|upkeep
|turn|8
|inactive|bobbydeoliscool has 120 seconds left.
|
|t:|1760450617
|switch|p2a: Slowking|Slowking-Galar, F|88/100 par
|move|p1a: Hydrapple|Nasty Plot|p1a: Hydrapple
|-boost|p1a: Hydrapple|spa|2
|
|upkeep
|turn|9
|
|t:|1760450620
|move|p1a: Hydrapple|Earth Power|p2a: Slowking
|-supereffective|p2a: Slowking
|-damage|p2a: Slowking|22/100 par
|move|p2a: Slowking|Sludge Bomb|p1a: Hydrapple
|-supereffective|p1a: Hydrapple
|-damage|p1a: Hydrapple|38/100
|
|upkeep
|turn|10
|
|t:|1760450625
|switch|p2a: Kingambit|Kingambit, F|100/100
|-damage|p2a: Kingambit|94/100|[from] Stealth Rock
|move|p1a: Hydrapple|Fickle Beam|p2a: Kingambit
|-resisted|p2a: Kingambit
|-crit|p2a: Kingambit
|-damage|p2a: Kingambit|36/100
|
|upkeep
|turn|11
|
|t:|1760450636
|switch|p1a: Moltres|Moltres|100/100
|move|p2a: Kingambit|Kowtow Cleave|p1a: Moltres
|-damage|p1a: Moltres|61/100
|-status|p2a: Kingambit|brn|[from] ability: Flame Body|[of] p1a: Moltres
|
|-damage|p2a: Kingambit|30/100 brn|[from] brn
|upkeep
|turn|12
|inactive|bobbydeoliscool has 120 seconds left.
|
|t:|1760450675
|-end|p2a: Kingambit|fallenundefined|[silent]
|switch|p2a: Walking Wake|Walking Wake|100/100
|move|p1a: Moltres|Roost|p1a: Moltres
|-heal|p1a: Moltres|100/100
|-singleturn|p1a: Moltres|move: Roost
|
|upkeep
|turn|13
|
|t:|1760450687
|switch|p1a: Tinkaton|Tinkaton, F|100/100
|-damage|p1a: Tinkaton|94/100|[from] Stealth Rock
|-ability|p1a: Tinkaton|Mold Breaker
|-item|p1a: Tinkaton|Air Balloon
|move|p2a: Walking Wake|Scald|p1a: Tinkaton
|-damage|p1a: Tinkaton|58/100
|-enditem|p1a: Tinkaton|Air Balloon
|
|upkeep
|turn|14
|inactive|bobbydeoliscool has 120 seconds left.
|
|t:|1760450722
|move|p2a: Walking Wake|Scald|p1a: Tinkaton
|-damage|p1a: Tinkaton|20/100
|move|p1a: Tinkaton|Gigaton Hammer|p2a: Walking Wake
|-resisted|p2a: Walking Wake
|-damage|p2a: Walking Wake|76/100
|
|upkeep
|turn|15
|
|t:|1760450728
|switch|p1a: Hydrapple|Hydrapple, M|71/100
|move|p2a: Walking Wake|Scald|p1a: Hydrapple
|-resisted|p1a: Hydrapple
|-damage|p1a: Hydrapple|62/100
|
|upkeep
|turn|16
|
|t:|1760450733
|switch|p1a: Tinkaton|Tinkaton, F|20/100
|-damage|p1a: Tinkaton|13/100|[from] Stealth Rock
|-ability|p1a: Tinkaton|Mold Breaker
|move|p2a: Walking Wake|Draco Meteor|p1a: Tinkaton
|-immune|p1a: Tinkaton
|
|upkeep
|turn|17
|
|t:|1760450744
|move|p2a: Walking Wake|Scald|p1a: Tinkaton
|-damage|p1a: Tinkaton|0 fnt
|faint|p1a: Tinkaton
|
|upkeep
|
|t:|1760450747
|switch|p1a: Darkrai|Darkrai, shiny|70/100 brn
|-damage|p1a: Darkrai|57/100 brn|[from] Stealth Rock
|turn|18
|
|t:|1760450762
|-end|p2a: Walking Wake|Protosynthesis|[silent]
|switch|p2a: Gliscor|Gliscor, M|100/100 tox
|-damage|p2a: Gliscor|88/100 tox|[from] Stealth Rock
|move|p1a: Darkrai|Knock Off|p2a: Gliscor
|-damage|p2a: Gliscor|75/100 tox
|-enditem|p2a: Gliscor|Toxic Orb|[from] move: Knock Off|[of] p1a: Darkrai
|
|-heal|p2a: Gliscor|88/100 tox|[from] ability: Poison Heal
|-damage|p1a: Darkrai|51/100 brn|[from] brn
|upkeep
|turn|19
|inactive|bobbydeoliscool has 120 seconds left.
|
|t:|1760450773
|move|p2a: Gliscor|Protect|p2a: Gliscor
|-singleturn|p2a: Gliscor|Protect
|move|p1a: Darkrai|Ice Beam|p2a: Gliscor
|-activate|p2a: Gliscor|move: Protect
|
|-heal|p2a: Gliscor|100/100 tox|[from] ability: Poison Heal
|-damage|p1a: Darkrai|45/100 brn|[from] brn
|upkeep
|turn|20
|
|t:|1760450786
|move|p1a: Darkrai|Knock Off|p2a: Gliscor
|-damage|p2a: Gliscor|93/100 tox
|move|p2a: Gliscor|Earthquake|p1a: Darkrai
|-crit|p1a: Darkrai
|-damage|p1a: Darkrai|0 fnt
|faint|p1a: Darkrai
|
|-heal|p2a: Gliscor|100/100 tox|[from] ability: Poison Heal
|upkeep
|
|t:|1760450792
|switch|p1a: Hydrapple|Hydrapple, M|95/100
|turn|21
|
|t:|1760450819
|move|p2a: Gliscor|Protect|p2a: Gliscor
|-singleturn|p2a: Gliscor|Protect
|move|p1a: Hydrapple|Nasty Plot|p1a: Hydrapple
|-boost|p1a: Hydrapple|spa|2
|
|upkeep
|turn|22
|inactive|bobbydeoliscool has 120 seconds left.
|
|t:|1760450854
|-terastallize|p2a: Gliscor|Fairy
|move|p2a: Gliscor|Swords Dance|p2a: Gliscor
|-boost|p2a: Gliscor|atk|2
|move|p1a: Hydrapple|Giga Drain|p2a: Gliscor
|-damage|p2a: Gliscor|31/100 tox
|-heal|p1a: Hydrapple|100/100|[from] drain|[of] p2a: Gliscor
|
|-heal|p2a: Gliscor|43/100 tox|[from] ability: Poison Heal
|upkeep
|turn|23
|
|t:|1760450858
|move|p2a: Gliscor|Ice Fang|p1a: Hydrapple
|-supereffective|p1a: Hydrapple
|-damage|p1a: Hydrapple|22/100
|cant|p1a: Hydrapple|flinch
|
|-heal|p2a: Gliscor|56/100 tox|[from] ability: Poison Heal
|upkeep
|turn|24
|inactive|bobbydeoliscool has 120 seconds left.
|
|t:|1760450879
|switch|p1a: Zamazenta|Zamazenta|100/100
|-ability|p1a: Zamazenta|Dauntless Shield|boost
|-boost|p1a: Zamazenta|def|1
|move|p2a: Gliscor|Ice Fang|p1a: Zamazenta
|-damage|p1a: Zamazenta|78/100
|-status|p1a: Zamazenta|frz
|
|-heal|p2a: Gliscor|68/100 tox|[from] ability: Poison Heal
|upkeep
|turn|25
|
|t:|1760450884
|-curestatus|p1a: Zamazenta|frz|[msg]
|move|p1a: Zamazenta|Heavy Slam|p2a: Gliscor
|-supereffective|p2a: Gliscor
|-damage|p2a: Gliscor|15/100 tox
|move|p2a: Gliscor|Earthquake|p1a: Zamazenta
|-damage|p1a: Zamazenta|29/100
|
|-heal|p2a: Gliscor|28/100 tox|[from] ability: Poison Heal
|upkeep
|turn|26
|
|t:|1760450898
|move|p2a: Gliscor|Protect|p2a: Gliscor
|-singleturn|p2a: Gliscor|Protect
|move|p1a: Zamazenta|Heavy Slam|p2a: Gliscor
|-activate|p2a: Gliscor|move: Protect
|
|-heal|p2a: Gliscor|40/100 tox|[from] ability: Poison Heal
|upkeep
|turn|27
|
|t:|1760450907
|switch|p2a: Slowking|Slowking-Galar, F|55/100 par
|move|p1a: Zamazenta|Heavy Slam|p2a: Slowking
|-damage|p2a: Slowking|34/100 par
|
|upkeep
|turn|28
|
|t:|1760450912
|switch|p2a: Kingambit|Kingambit, F|30/100 brn
|-damage|p2a: Kingambit|24/100 brn|[from] Stealth Rock
|move|p1a: Zamazenta|Crunch|p2a: Kingambit
|-resisted|p2a: Kingambit
|-damage|p2a: Kingambit|13/100 brn
|
|-damage|p2a: Kingambit|7/100 brn|[from] brn
|upkeep
|turn|29
|
|t:|1760450917
|move|p1a: Zamazenta|Crunch|p2a: Kingambit
|-resisted|p2a: Kingambit
|-damage|p2a: Kingambit|0 fnt
|faint|p2a: Kingambit
|-end|p2a: Kingambit|fallenundefined|[silent]
|
|upkeep
|
|t:|1760450919
|switch|p2a: Zamazenta|Zamazenta|100/100
|-ability|p2a: Zamazenta|Dauntless Shield|boost
|-boost|p2a: Zamazenta|def|1
|turn|30
|
|t:|1760450939
|switch|p1a: Moltres|Moltres|100/100
|move|p2a: Zamazenta|Close Combat|p1a: Moltres
|-resisted|p1a: Moltres
|-damage|p1a: Moltres|79/100
|-unboost|p2a: Zamazenta|def|1
|-unboost|p2a: Zamazenta|spd|1
|
|upkeep
|turn|31
|
|t:|1760450943
|switch|p1a: Ting-Lu|Ting-Lu|100/100
|-damage|p1a: Ting-Lu|94/100|[from] Stealth Rock
|-ability|p1a: Ting-Lu|Vessel of Ruin
|move|p2a: Zamazenta|Stone Edge|p1a: Ting-Lu|[miss]
|-miss|p2a: Zamazenta|p1a: Ting-Lu
|
|-heal|p1a: Ting-Lu|100/100|[from] item: Leftovers
|upkeep
|turn|32
|
|t:|1760450958
|switch|p2a: Walking Wake|Walking Wake|76/100
|switch|p1a: Hydrapple|Hydrapple, M|56/100
|
|upkeep
|turn|33
|
|t:|1760450973
|switch|p1a: Zamazenta|Zamazenta|29/100
|move|p2a: Walking Wake|Draco Meteor|p1a: Zamazenta
|-damage|p1a: Zamazenta|0 fnt
|-unboost|p2a: Walking Wake|spa|2
|faint|p1a: Zamazenta
|
|upkeep
|
|t:|1760450976
|switch|p1a: Hydrapple|Hydrapple, M|89/100
|turn|34
|
|t:|1760450986
|-end|p2a: Walking Wake|Protosynthesis|[silent]
|switch|p2a: Slowking|Slowking-Galar, F|67/100 par
|move|p1a: Hydrapple|Fickle Beam|p2a: Slowking|[anim] Fickle Beam All Out
|-activate|p1a: Hydrapple|move: Fickle Beam
|-damage|p2a: Slowking|29/100 par
|
|upkeep
|turn|35
|
|t:|1760450992
|move|p1a: Hydrapple|Earth Power|p2a: Slowking
|-supereffective|p2a: Slowking
|-damage|p2a: Slowking|0 fnt
|faint|p2a: Slowking
|
|upkeep
|
|t:|1760450999
|switch|p2a: Walking Wake|Walking Wake|76/100
|turn|36
|
|t:|1760451022
|switch|p1a: Ting-Lu|Ting-Lu|100/100
|-damage|p1a: Ting-Lu|94/100|[from] Stealth Rock
|-ability|p1a: Ting-Lu|Vessel of Ruin
|move|p2a: Walking Wake|Draco Meteor|p1a: Ting-Lu
|-damage|p1a: Ting-Lu|68/100
|-unboost|p2a: Walking Wake|spa|2
|
|-heal|p1a: Ting-Lu|75/100|[from] item: Leftovers
|upkeep
|turn|37
|
|t:|1760451040
|-end|p2a: Walking Wake|Protosynthesis|[silent]
|switch|p2a: Gliscor|Gliscor, M, tera:Fairy|40/100 tox
|-damage|p2a: Gliscor|28/100 tox|[from] Stealth Rock
|move|p1a: Ting-Lu|Spikes|p2a: Gliscor
|-sidestart|p2: Sasha2808|Spikes
|
|-heal|p1a: Ting-Lu|81/100|[from] item: Leftovers
|-heal|p2a: Gliscor|40/100 tox|[from] ability: Poison Heal
|upkeep
|turn|38
|
|t:|1760451045
|move|p2a: Gliscor|Protect|p2a: Gliscor
|-singleturn|p2a: Gliscor|Protect
|move|p1a: Ting-Lu|Spikes|p2a: Gliscor
|-sidestart|p2: Sasha2808|Spikes
|
|-heal|p1a: Ting-Lu|87/100|[from] item: Leftovers
|-heal|p2a: Gliscor|53/100 tox|[from] ability: Poison Heal
|upkeep
|turn|39
|
|t:|1760451055
|move|p2a: Gliscor|Swords Dance|p2a: Gliscor
|-boost|p2a: Gliscor|atk|2
|move|p1a: Ting-Lu|Whirlwind|p2a: Gliscor
|drag|p2a: Walking Wake|Walking Wake|76/100
|
|-heal|p1a: Ting-Lu|93/100|[from] item: Leftovers
|upkeep
|turn|40
|
|t:|1760451060
|move|p2a: Walking Wake|Scald|p1a: Ting-Lu
|-supereffective|p1a: Ting-Lu
|-damage|p1a: Ting-Lu|62/100
|-status|p1a: Ting-Lu|brn
|move|p1a: Ting-Lu|Earthquake|p2a: Walking Wake
|-damage|p2a: Walking Wake|55/100
|
|-heal|p1a: Ting-Lu|68/100 brn|[from] item: Leftovers
|-damage|p1a: Ting-Lu|62/100 brn|[from] brn
|upkeep
|turn|41
|
|t:|1760451076
|-terastallize|p1a: Ting-Lu|Water
|move|p2a: Walking Wake|Knock Off|p1a: Ting-Lu
|-damage|p1a: Ting-Lu|52/100 brn
|-enditem|p1a: Ting-Lu|Leftovers|[from] move: Knock Off|[of] p2a: Walking Wake
|move|p1a: Ting-Lu|Ruination|p2a: Walking Wake
|-damage|p2a: Walking Wake|28/100
|
|-damage|p1a: Ting-Lu|46/100 brn|[from] brn
|upkeep
|turn|42
|
|t:|1760451083
|-end|p2a: Walking Wake|Protosynthesis|[silent]
|switch|p2a: Gliscor|Gliscor, M, tera:Fairy|53/100 tox
|-damage|p2a: Gliscor|40/100 tox|[from] Stealth Rock
|-damage|p2a: Gliscor|24/100 tox|[from] Spikes
|move|p1a: Ting-Lu|Earthquake|p2a: Gliscor
|-damage|p2a: Gliscor|10/100 tox
|
|-heal|p2a: Gliscor|22/100 tox|[from] ability: Poison Heal
|-damage|p1a: Ting-Lu|40/100 brn|[from] brn
|upkeep
|turn|43
|
|t:|1760451088
|switch|p1a: Hydrapple|Hydrapple, M|100/100
|move|p2a: Gliscor|Earthquake|p1a: Hydrapple
|-resisted|p1a: Hydrapple
|-crit|p1a: Hydrapple
|-damage|p1a: Hydrapple|83/100
|
|-heal|p2a: Gliscor|35/100 tox|[from] ability: Poison Heal
|upkeep
|turn|44
|
|t:|1760451096
|move|p2a: Gliscor|Ice Fang|p1a: Hydrapple
|-supereffective|p1a: Hydrapple
|-damage|p1a: Hydrapple|40/100
|move|p1a: Hydrapple|Nasty Plot|p1a: Hydrapple
|-boost|p1a: Hydrapple|spa|2
|
|-heal|p2a: Gliscor|47/100 tox|[from] ability: Poison Heal
|upkeep
|turn|45
|
|t:|1760451104
|switch|p1a: Moltres|Moltres|79/100
|move|p2a: Gliscor|Swords Dance|p2a: Gliscor
|-boost|p2a: Gliscor|atk|2
|
|-heal|p2a: Gliscor|60/100 tox|[from] ability: Poison Heal
|upkeep
|turn|46
|
|t:|1760451105
|move|p2a: Gliscor|Ice Fang|p1a: Moltres
|-damage|p1a: Moltres|54/100
|move|p1a: Moltres|Flamethrower|p2a: Gliscor
|-damage|p2a: Gliscor|12/100 tox
|
|-heal|p2a: Gliscor|25/100 tox|[from] ability: Poison Heal
|upkeep
|turn|47
|
|t:|1760451125
|move|p2a: Gliscor|Ice Fang|p1a: Moltres
|-damage|p1a: Moltres|31/100
|move|p1a: Moltres|Roost|p1a: Moltres
|-heal|p1a: Moltres|81/100
|-singleturn|p1a: Moltres|move: Roost
|
|-heal|p2a: Gliscor|37/100 tox|[from] ability: Poison Heal
|upkeep
|turn|48
|
|t:|1760451134
|move|p2a: Gliscor|Protect|p2a: Gliscor
|-singleturn|p2a: Gliscor|Protect
|move|p1a: Moltres|Flamethrower|p2a: Gliscor
|-activate|p2a: Gliscor|move: Protect
|
|-heal|p2a: Gliscor|50/100 tox|[from] ability: Poison Heal
|upkeep
|turn|49
|
|t:|1760451147
|move|p2a: Gliscor|Ice Fang|p1a: Moltres
|-damage|p1a: Moltres|59/100
|move|p1a: Moltres|Flamethrower|p2a: Gliscor
|-damage|p2a: Gliscor|8/100 tox
|
|-heal|p2a: Gliscor|20/100 tox|[from] ability: Poison Heal
|upkeep
|turn|50
|inactive|bobbydeoliscool has 120 seconds left.
|
|t:|1760451185
|move|p2a: Gliscor|Protect|p2a: Gliscor
|-singleturn|p2a: Gliscor|Protect
|move|p1a: Moltres|Roost|p1a: Moltres
|-heal|p1a: Moltres|100/100
|-singleturn|p1a: Moltres|move: Roost
|
|-heal|p2a: Gliscor|33/100 tox|[from] ability: Poison Heal
|upkeep
|turn|51
|
|t:|1760451196
|switch|p2a: Walking Wake|Walking Wake|28/100
|move|p1a: Moltres|Flamethrower|p2a: Walking Wake
|-resisted|p2a: Walking Wake
|-damage|p2a: Walking Wake|17/100
|
|upkeep
|turn|52
|inactive|bobbydeoliscool has 120 seconds left.
|
|t:|1760451213
|switch|p1a: Ting-Lu|Ting-Lu, tera:Water|40/100 brn
|-damage|p1a: Ting-Lu|27/100 brn|[from] Stealth Rock
|-ability|p1a: Ting-Lu|Vessel of Ruin
|move|p2a: Walking Wake|Scald|p1a: Ting-Lu
|-resisted|p1a: Ting-Lu
|-damage|p1a: Ting-Lu|18/100 brn
|
|-damage|p1a: Ting-Lu|12/100 brn|[from] brn
|upkeep
|turn|53
|inactive|Sasha2808 has 120 seconds left.
|
|t:|1760451264
|move|p2a: Walking Wake|Scald|p1a: Ting-Lu
|-resisted|p1a: Ting-Lu
|-damage|p1a: Ting-Lu|4/100 brn
|move|p1a: Ting-Lu|Earthquake|p2a: Walking Wake
|-damage|p2a: Walking Wake|0 fnt
|faint|p2a: Walking Wake
|-end|p2a: Walking Wake|Protosynthesis|[silent]
|
|-damage|p1a: Ting-Lu|0 fnt|[from] brn
|faint|p1a: Ting-Lu
|upkeep
|
|t:|1760451273
|switch|p2a: Gliscor|Gliscor, M, tera:Fairy|33/100 tox
|switch|p1a: Moltres|Moltres|100/100
|-damage|p2a: Gliscor|20/100 tox|[from] Stealth Rock
|-damage|p2a: Gliscor|4/100 tox|[from] Spikes
|turn|54
|-message|Sasha2808 forfeited.
|
|win|bobbydeoliscool
|raw|bobbydeoliscool's rating: 1462 &rarr; <strong>1484</strong><br />(+22 for winning)
|raw|Sasha2808's rating: 1494 &rarr; <strong>1472</strong><br />(-22 for losing)
|l|☆Sasha2808
|player|p2|
|l|☆bobbydeoliscool
|player|p1|
