|j|☆Jean Castex
|j|☆CryingDaniel
|t:|1760450565
|gametype|singles
|player|p1|Jean Castex|swimmerm-gen2|1117
|player|p2|CryingDaniel|waitress-gen4|1114
|gen|9
|tier|[Gen 9] OU
|rated|
|rule|HP Percentage Mod: HP is shown in percentages
|rule|Endless Battle Clause: Forcing endless battles is banned
|rule|Species Clause: Limit one of each Pokémon
|rule|OHKO Clause: OHKO moves are banned
|rule|Evasion Items Clause: Evasion items are banned
|rule|Evasion Moves Clause: Evasion moves are banned
|rule|Evasion Abilities Clause: Evasion abilities are banned
|rule|Sleep Moves Clause: Sleep-inducing moves are banned
|clearpoke
|poke|p1|Venusaur, M|
|poke|p1|Ninetales, M|
|poke|p1|Slowking-Galar, M|
|poke|p1|Torkoal, M|
|poke|p1|Darkrai|
|poke|p1|Kyurem|
|poke|p2|Eelektross, M|
|poke|p2|Haxorus, F|
|poke|p2|Torterra, F|
|poke|p2|Gallade, M|
|poke|p2|Toxtricity, M|
|poke|p2|Ninetales-Alola, F|
|teampreview
|inactive|Battle timer is ON: inactive players will automatically lose when time's up. (requested by Jean Castex)
|
|t:|1760450573
|teamsize|p1|6
|teamsize|p2|6
|start
|switch|p1a: Kyurem|Kyurem|100/100
|switch|p2a: Ninetales|Ninetales-Alola, F|100/100
|-weather|Snowscape|[from] ability: Snow Warning|[of] p2a: Ninetales
|-ability|p1a: Kyurem|Pressure
|turn|1
|
|t:|1760450589
|switch|p1a: Ninetales|Ninetales, M|100/100
|-weather|SunnyDay|[from] ability: Drought|[of] p1a: Ninetales
|move|p2a: Ninetales|Aurora Veil||[still]
|-fail|p2a: Ninetales
|
|-weather|SunnyDay|[upkeep]
|upkeep
|turn|2
|
|t:|1760450600
|switch|p2a: Haxorus|Haxorus, F|100/100
|-ability|p2a: Haxorus|Mold Breaker
|move|p1a: Ninetales|Flamethrower|p2a: Haxorus
|-resisted|p2a: Haxorus
|-damage|p2a: Haxorus|62/100
|
|-weather|SunnyDay|[upkeep]
|upkeep
|turn|3
|
|t:|1760450617
|switch|p1a: Darkrai|Darkrai|100/100
|move|p2a: Haxorus|Swords Dance|p2a: Haxorus
|-boost|p2a: Haxorus|atk|2
|
|-weather|SunnyDay|[upkeep]
|upkeep
|turn|4
|
|t:|1760450625
|move|p1a: Darkrai|Dark Pulse|p2a: Haxorus
|-damage|p2a: Haxorus|0 fnt
|faint|p2a: Haxorus
|-damage|p1a: Darkrai|91/100|[from] item: Life Orb
|
|-weather|SunnyDay|[upkeep]
|upkeep
|
|t:|1760450632
|switch|p2a: Ninetales|Ninetales-Alola, F|100/100
|-weather|Snowscape|[from] ability: Snow Warning|[of] p2a: Ninetales
|turn|5
|
|t:|1760450639
|switch|p1a: Torkoal|Torkoal, M|100/100
|-weather|SunnyDay|[from] ability: Drought|[of] p1a: Torkoal
|switch|p2a: Torterra|Torterra, F|100/100
|
|-weather|SunnyDay|[upkeep]
|upkeep
|turn|6
|
|t:|1760450646
|move|p2a: Torterra|Shell Smash|p2a: Torterra
|-unboost|p2a: Torterra|def|1
|-unboost|p2a: Torterra|spd|1
|-boost|p2a: Torterra|atk|2
|-boost|p2a: Torterra|spa|2
|-boost|p2a: Torterra|spe|2
|move|p1a: Torkoal|Stealth Rock|p2a: Torterra
|-sidestart|p2: CryingDaniel|move: Stealth Rock
|
|-weather|SunnyDay|[upkeep]
|upkeep
|turn|7
|
|t:|1760450657
|move|p2a: Torterra|Headlong Rush|p1a: Torkoal
|-supereffective|p1a: Torkoal
|-damage|p1a: Torkoal|0 fnt
|-unboost|p2a: Torterra|def|1
|-unboost|p2a: Torterra|spd|1
|faint|p1a: Torkoal
|
|-weather|SunnyDay|[upkeep]
|upkeep
|
|t:|1760450663
|switch|p1a: Venusaur|Venusaur, M|100/100
|turn|8
|
|t:|1760450672
|move|p1a: Venusaur|Weather Ball|p2a: Torterra
|-supereffective|p2a: Torterra
|-damage|p2a: Torterra|0 fnt
|faint|p2a: Torterra
|-damage|p1a: Venusaur|91/100|[from] item: Life Orb
|
|-weather|SunnyDay|[upkeep]
|upkeep
|
|t:|1760450679
|switch|p2a: Ninetales|Ninetales-Alola, F|100/100
|-damage|p2a: Ninetales|76/100|[from] Stealth Rock
|-weather|Snowscape|[from] ability: Snow Warning|[of] p2a: Ninetales
|turn|9
|
|t:|1760450705
|switch|p2a: Gallade|Gallade, M|100/100
|-damage|p2a: Gallade|94/100|[from] Stealth Rock
|switch|p1a: Ninetales|Ninetales, M|100/100
|-weather|SunnyDay|[from] ability: Drought|[of] p1a: Ninetales
|
|-weather|SunnyDay|[upkeep]
|upkeep
|turn|10
|
|t:|1760450721
|move|p1a: Ninetales|Flamethrower|p2a: Gallade
|-damage|p2a: Gallade|55/100
|move|p2a: Gallade|Psycho Cut|p1a: Ninetales
|-damage|p1a: Ninetales|19/100
|
|-weather|SunnyDay|[upkeep]
|upkeep
|turn|11
|
|t:|1760450733
|move|p1a: Ninetales|Flamethrower|p2a: Gallade
|-damage|p2a: Gallade|21/100
|move|p2a: Gallade|Night Slash|p1a: Ninetales
|-damage|p1a: Ninetales|0 fnt
|faint|p1a: Ninetales
|
|-weather|SunnyDay|[upkeep]
|upkeep
|inactive|Jean Castex has 120 seconds left.
|
|t:|1760450747
|switch|p1a: Venusaur|Venusaur, M|91/100
|turn|12
|
|t:|1760450754
|move|p1a: Venusaur|Sludge Bomb|p2a: Gallade
|-damage|p2a: Gallade|0 fnt
|faint|p2a: Gallade
|-damage|p1a: Venusaur|81/100|[from] item: Life Orb
|
|-weather|SunnyDay|[upkeep]
|upkeep
|
|t:|1760450757
|switch|p2a: Ninetales|Ninetales-Alola, F|76/100
|-damage|p2a: Ninetales|51/100|[from] Stealth Rock
|-weather|Snowscape|[from] ability: Snow Warning|[of] p2a: Ninetales
|turn|13
|
|t:|1760450766
|move|p2a: Ninetales|Aurora Veil|p2a: Ninetales
|-sidestart|p2: CryingDaniel|move: Aurora Veil
|move|p1a: Venusaur|Sludge Bomb|p2a: Ninetales
|-supereffective|p2a: Ninetales
|-damage|p2a: Ninetales|1/100
|-damage|p1a: Venusaur|71/100|[from] item: Life Orb
|
|-weather|Snowscape|[upkeep]
|upkeep
|turn|14
|
|t:|1760450776
|move|p2a: Ninetales|Encore|p1a: Venusaur
|-start|p1a: Venusaur|Encore
|move|p1a: Venusaur|Sludge Bomb|p2a: Ninetales
|-supereffective|p2a: Ninetales
|-damage|p2a: Ninetales|0 fnt
|faint|p2a: Ninetales
|-damage|p1a: Venusaur|61/100|[from] item: Life Orb
|
|-weather|Snowscape|[upkeep]
|upkeep
|
|t:|1760450789
|switch|p2a: Iggy|Toxtricity, M|100/100
|-damage|p2a: Iggy|88/100|[from] Stealth Rock
|turn|15
|inactive|Jean Castex has 120 seconds left.
|
|t:|1760450832
|switch|p1a: Slowking|Slowking-Galar, M|100/100
|-terastallize|p2a: Iggy|Normal
|move|p2a: Iggy|Boomburst|p1a: Slowking
|-damage|p1a: Slowking|29/100
|
|-weather|Snowscape|[upkeep]
|upkeep
|turn|16
|
|t:|1760450845
|move|p2a: Iggy|Boomburst|p1a: Slowking
|-damage|p1a: Slowking|0 fnt
|faint|p1a: Slowking
|
|-weather|Snowscape|[upkeep]
|upkeep
|
|t:|1760450864
|switch|p1a: Venusaur|Venusaur, M|61/100
|turn|17
|
|t:|1760450870
|move|p1a: Venusaur|Sludge Bomb|p2a: Iggy
|-damage|p2a: Iggy|51/100
|-damage|p1a: Venusaur|51/100|[from] item: Life Orb
|move|p2a: Iggy|Boomburst|p1a: Venusaur
|-damage|p1a: Venusaur|0 fnt
|faint|p1a: Venusaur
|
|-weather|none
|upkeep
|
|t:|1760450880
|switch|p1a: Darkrai|Darkrai|91/100
|turn|18
|
|t:|1760450885
|move|p1a: Darkrai|Focus Blast|p2a: Iggy
|-supereffective|p2a: Iggy
|-damage|p2a: Iggy|0 fnt
|faint|p2a: Iggy
|-damage|p1a: Darkrai|81/100|[from] item: Life Orb
|
|upkeep
|
|t:|1760450888
|switch|p2a: Eelektross|Eelektross, M|100/100
|-damage|p2a: Eelektross|88/100|[from] Stealth Rock
|turn|19
|inactive|Jean Castex has 120 seconds left.
|
|t:|1760450902
|move|p1a: Darkrai|Nasty Plot|p1a: Darkrai
|-boost|p1a: Darkrai|spa|2
|move|p2a: Eelektross|Knock Off|p1a: Darkrai
|-resisted|p1a: Darkrai
|-damage|p1a: Darkrai|64/100
|-enditem|p1a: Darkrai|Life Orb|[from] move: Knock Off|[of] p2a: Eelektross
|
|-heal|p2a: Eelektross|94/100|[from] item: Leftovers
|upkeep
|turn|20
|
|t:|1760450910
|move|p1a: Darkrai|Dark Pulse|p2a: Eelektross
|-damage|p2a: Eelektross|50/100
|move|p2a: Eelektross|Coil|p2a: Eelektross
|-boost|p2a: Eelektross|atk|1
|-boost|p2a: Eelektross|def|1
|-boost|p2a: Eelektross|accuracy|1
|
|-heal|p2a: Eelektross|57/100|[from] item: Leftovers
|-sideend|p2: CryingDaniel|move: Aurora Veil
|upkeep
|turn|21
|
|t:|1760450918
|move|p1a: Darkrai|Dark Pulse|p2a: Eelektross
|-damage|p2a: Eelektross|0 fnt
|faint|p2a: Eelektross
|
|win|Jean Castex
|raw|Jean Castex's rating: 1117 &rarr; <strong>1142</strong><br />(+25 for winning)
|raw|CryingDaniel's rating: 1114 &rarr; <strong>1089</strong><br />(-25 for losing)
