|j|☆Nameless Moron
|j|☆CircusClowns
|t:|1760368565
|gametype|singles
|player|p1|Nameless Moron|unknown|1095
|player|p2|CircusClowns|harlequin|1166
|gen|9
|tier|[Gen 9] OU
|rated|
|rule|HP Percentage Mod: HP is shown in percentages
|rule|Endless Battle Clause: Forcing endless battles is banned
|rule|Species Clause: Limit one of each Pokémon
|rule|OHKO Clause: OHKO moves are banned
|rule|Evasion Items Clause: Evasion items are banned
|rule|Evasion Moves Clause: Evasion moves are banned
|rule|Evasion Abilities Clause: Evasion abilities are banned
|rule|Sleep Moves Clause: Sleep-inducing moves are banned
|clearpoke
|poke|p1|Weezing-Galar, M|
|poke|p1|Ogerpon-Wellspring, F|
|poke|p1|Great Tusk|
|poke|p1|Glimmora, F|
|poke|p1|Hawlucha, F|
|poke|p1|Enamorus, F|
|poke|p2|Landorus-Therian, M|
|poke|p2|Toxapex, M|
|poke|p2|Weavile, F|
|poke|p2|Ceruledge, M|
|poke|p2|Corviknight, M|
|poke|p2|Hatterene, F|
|teampreview
|inactive|Battle timer is ON: inactive players will automatically lose when time's up. (requested by Nameless Moron)
|
|t:|1760368578
|teamsize|p1|6
|teamsize|p2|6
|start
|switch|p1a: Glimmora|Glimmora, F|100/100
|switch|p2a: Hatterene|Hatterene, F|100/100
|turn|1
|
|t:|1760368591
|move|p1a: Glimmora|Mortal Spin|p2a: Hatterene
|-supereffective|p2a: Hatterene
|-damage|p2a: Hatterene|88/100
|-status|p2a: Hatterene|psn
|move|p2a: Hatterene|Nuzzle|p1a: Glimmora
|-damage|p1a: Glimmora|96/100
|-status|p1a: Glimmora|par
|-activate|p1a: Glimmora|ability: Toxic Debris
|-sidestart|p2: CircusClowns|move: Toxic Spikes
|
|-heal|p2a: Hatterene|94/100 psn|[from] item: Leftovers
|-damage|p2a: Hatterene|82/100 psn|[from] psn
|upkeep
|turn|2
|
|t:|1760368608
|move|p1a: Glimmora|Earth Power|p2a: Hatterene
|-damage|p2a: Hatterene|47/100 psn
|move|p2a: Hatterene|Psychic Noise|p1a: Glimmora
|-supereffective|p1a: Glimmora
|-damage|p1a: Glimmora|2/100 par
|-start|p1a: Glimmora|move: Heal Block
|
|-heal|p2a: Hatterene|53/100 psn|[from] item: Leftovers
|-damage|p2a: Hatterene|41/100 psn|[from] psn
|upkeep
|turn|3
|
|t:|1760368628
|move|p1a: Glimmora|Mortal Spin|p2a: Hatterene
|-supereffective|p2a: Hatterene
|-damage|p2a: Hatterene|28/100 psn
|move|p2a: Hatterene|Mystical Fire|p1a: Glimmora
|-resisted|p1a: Glimmora
|-damage|p1a: Glimmora|0 fnt
|faint|p1a: Glimmora
|
|-heal|p2a: Hatterene|34/100 psn|[from] item: Leftovers
|-damage|p2a: Hatterene|22/100 psn|[from] psn
|upkeep
|inactive|Nameless Moron has 120 seconds left.
|inactive|Nameless Moron has 90 seconds left.
|
|t:|1760368674
|switch|p1a: Weezing|Weezing-Galar, M|100/100
|-fieldstart|move: Misty Terrain|[from] ability: Misty Surge|[of] p1a: Weezing
|turn|4
|
|t:|1760368679
|move|p1a: Weezing|Sludge Wave|p2a: Hatterene
|-supereffective|p2a: Hatterene
|-damage|p2a: Hatterene|0 fnt
|faint|p2a: Hatterene
|
|upkeep
|
|t:|1760368683
|switch|p2a: Toxapex|Toxapex, M|100/100
|-sideend|p2: CircusClowns|move: Toxic Spikes|[of] p2a: Toxapex
|turn|5
|
|t:|1760368689
|move|p1a: Weezing|Taunt|p2a: Toxapex
|-start|p2a: Toxapex|move: Taunt
|move|p2a: Toxapex|Liquidation|p1a: Weezing
|-damage|p1a: Weezing|78/100
|
|upkeep
|turn|6
|
|t:|1760368715
|switch|p1a: Ogerpon|Ogerpon-Wellspring, F|100/100
|switch|p2a: Corviknight|Corviknight, M|100/100
|
|upkeep
|turn|7
|inactive|Nameless Moron has 90 seconds left.
|
|t:|1760368732
|switch|p1a: Enamorus|Enamorus, F|100/100
|move|p2a: Corviknight|U-turn|p1a: Enamorus
|-resisted|p1a: Enamorus
|-damage|p1a: Enamorus|95/100
|
|t:|1760368740
|switch|p2a: Ceruledge|Ceruledge, M|100/100|[from] U-turn
|
|upkeep
|turn|8
|
|t:|1760368745
|move|p1a: Enamorus|Misty Explosion|p2a: Ceruledge
|-resisted|p2a: Ceruledge
|-damage|p2a: Ceruledge|52/100
|faint|p1a: Enamorus
|move|p2a: Ceruledge|Swords Dance|p2a: Ceruledge
|-boost|p2a: Ceruledge|atk|2
|
|upkeep
|
|t:|1760368761
|switch|p1a: Ogerpon|Ogerpon-Wellspring, F|100/100
|turn|9
|
|t:|1760368766
|move|p1a: Ogerpon|Ivy Cudgel|p2a: Ceruledge|[anim] Ivy Cudgel Water
|-supereffective|p2a: Ceruledge
|-damage|p2a: Ceruledge|0 fnt
|faint|p2a: Ceruledge
|
|upkeep
|
|t:|1760368770
|switch|p2a: Toxapex|Toxapex, M|100/100
|turn|10
|
|t:|1760368786
|switch|p1a: Weezing|Weezing-Galar, M|78/100
|move|p2a: Toxapex|Baneful Bunker||[still]
|-fail|p2a: Toxapex
|
|upkeep
|turn|11
|
|t:|1760368792
|switch|p2a: Corviknight|Corviknight, M|100/100
|move|p1a: Weezing|Taunt|p2a: Corviknight
|-start|p2a: Corviknight|move: Taunt
|
|-fieldend|Misty Terrain
|upkeep
|turn|12
|
|t:|1760368799
|move|p1a: Weezing|Fire Blast|p2a: Corviknight
|-supereffective|p2a: Corviknight
|-damage|p2a: Corviknight|44/100
|move|p2a: Corviknight|U-turn|p1a: Weezing
|-resisted|p1a: Weezing
|-damage|p1a: Weezing|74/100
|
|t:|1760368807
|switch|p2a: Landorus|Landorus-Therian, M|100/100|[from] U-turn
|-ability|p2a: Landorus|Intimidate|boost
|-unboost|p1a: Weezing|atk|1
|
|upkeep
|turn|13
|inactive|Nameless Moron has 120 seconds left.
|
|t:|1760368819
|move|p2a: Landorus|U-turn|p1a: Weezing
|-resisted|p1a: Weezing
|-damage|p1a: Weezing|68/100
|
|t:|1760368822
|switch|p2a: Weavile|Weavile, F|100/100|[from] U-turn
|-ability|p2a: Weavile|Pressure
|move|p1a: Weezing|Strange Steam|p2a: Weavile
|-supereffective|p2a: Weavile
|-crit|p2a: Weavile
|-damage|p2a: Weavile|0 fnt
|faint|p2a: Weavile
|
|upkeep
|
|t:|1760368826
|switch|p2a: Landorus|Landorus-Therian, M|100/100
|-ability|p2a: Landorus|Intimidate|boost
|-unboost|p1a: Weezing|atk|1
|turn|14
|
|t:|1760368833
|move|p2a: Landorus|Earthquake|p1a: Weezing
|-supereffective|p1a: Weezing
|-damage|p1a: Weezing|0 fnt
|faint|p1a: Weezing
|
|upkeep
|
|t:|1760368845
|switch|p1a: Ogerpon|Ogerpon-Wellspring, F|100/100
|turn|15
|
|t:|1760368854
|switch|p2a: Corviknight|Corviknight, M|44/100
|move|p1a: Ogerpon|Swords Dance|p1a: Ogerpon
|-boost|p1a: Ogerpon|atk|2
|
|upkeep
|turn|16
|
|t:|1760368860
|move|p1a: Ogerpon|Ivy Cudgel|p2a: Corviknight|[anim] Ivy Cudgel Water
|-damage|p2a: Corviknight|0 fnt
|faint|p2a: Corviknight
|
|upkeep
|
|t:|1760368863
|switch|p2a: Toxapex|Toxapex, M|100/100
|turn|17
|
|t:|1760368876
|-terastallize|p1a: Ogerpon|Water
|detailschange|p1a: Ogerpon|Ogerpon-Wellspring-Tera, F, tera:Water
|-ability|p1a: Ogerpon|Embody Aspect (Wellspring)|boost
|-boost|p1a: Ogerpon|spd|1
|move|p1a: Ogerpon|Swords Dance|p1a: Ogerpon
|-boost|p1a: Ogerpon|atk|2
|move|p2a: Toxapex|Haze|p2a: Toxapex
|-clearallboost
|
|upkeep
|turn|18
|
|t:|1760368886
|move|p1a: Ogerpon|Swords Dance|p1a: Ogerpon
|-boost|p1a: Ogerpon|atk|2
|move|p2a: Toxapex|Toxic|p1a: Ogerpon
|-status|p1a: Ogerpon|tox
|
|-damage|p1a: Ogerpon|95/100 tox|[from] psn
|upkeep
|turn|19
|
|t:|1760368893
|move|p1a: Ogerpon|Trailblaze|p2a: Toxapex
|-damage|p2a: Toxapex|62/100
|-boost|p1a: Ogerpon|spe|1
|move|p2a: Toxapex|Haze|p2a: Toxapex
|-clearallboost
|
|-heal|p2a: Toxapex|68/100|[from] item: Black Sludge
|-damage|p1a: Ogerpon|83/100 tox|[from] psn
|upkeep
|turn|20
|
|t:|1760368904
|move|p2a: Toxapex|Baneful Bunker|p2a: Toxapex
|-singleturn|p2a: Toxapex|move: Protect
|move|p1a: Ogerpon|Trailblaze|p2a: Toxapex
|-activate|p2a: Toxapex|move: Protect
|
|-heal|p2a: Toxapex|74/100|[from] item: Black Sludge
|-damage|p1a: Ogerpon|65/100 tox|[from] psn
|upkeep
|turn|21
|
|t:|1760368912
|move|p1a: Ogerpon|Trailblaze|p2a: Toxapex
|-damage|p2a: Toxapex|57/100
|-boost|p1a: Ogerpon|spe|1
|move|p2a: Toxapex|Haze|p2a: Toxapex
|-clearallboost
|
|-heal|p2a: Toxapex|63/100|[from] item: Black Sludge
|-damage|p1a: Ogerpon|41/100 tox|[from] psn
|upkeep
|turn|22
|
|t:|1760368923
|move|p2a: Toxapex|Baneful Bunker|p2a: Toxapex
|-singleturn|p2a: Toxapex|move: Protect
|move|p1a: Ogerpon|Swords Dance|p1a: Ogerpon
|-boost|p1a: Ogerpon|atk|2
|
|-heal|p2a: Toxapex|70/100|[from] item: Black Sludge
|-damage|p1a: Ogerpon|11/100 tox|[from] psn
|upkeep
|turn|23
|
|t:|1760368938
|move|p2a: Toxapex|Baneful Bunker|p2a: Toxapex
|-singleturn|p2a: Toxapex|move: Protect
|move|p1a: Ogerpon|Trailblaze|p2a: Toxapex
|-activate|p2a: Toxapex|move: Protect
|
|-heal|p2a: Toxapex|76/100|[from] item: Black Sludge
|-damage|p1a: Ogerpon|0 fnt|[from] psn
|faint|p1a: Ogerpon
|detailschange|p1: Ogerpon|Ogerpon-Wellspring, F|[silent]
|upkeep
|
|t:|1760368948
|switch|p1a: Hawlucha|Hawlucha, F|100/100
|turn|24
|
|t:|1760368955
|move|p1a: Hawlucha|Close Combat|p2a: Toxapex
|-resisted|p2a: Toxapex
|-damage|p2a: Toxapex|60/100
|-unboost|p1a: Hawlucha|def|1
|-unboost|p1a: Hawlucha|spd|1
|move|p2a: Toxapex|Toxic|p1a: Hawlucha
|-status|p1a: Hawlucha|tox
|
|-heal|p2a: Toxapex|66/100|[from] item: Black Sludge
|-damage|p1a: Hawlucha|94/100 tox|[from] psn
|upkeep
|turn|25
|
|t:|1760368972
|move|p1a: Hawlucha|Acrobatics|p2a: Toxapex
|-damage|p2a: Toxapex|50/100
|move|p2a: Toxapex|Liquidation|p1a: Hawlucha
|-damage|p1a: Hawlucha|48/100 tox
|-unboost|p1a: Hawlucha|def|1
|
|-heal|p2a: Toxapex|57/100|[from] item: Black Sludge
|-damage|p1a: Hawlucha|36/100 tox|[from] psn
|upkeep
|turn|26
|
|t:|1760368984
|move|p2a: Toxapex|Baneful Bunker|p2a: Toxapex
|-singleturn|p2a: Toxapex|move: Protect
|move|p1a: Hawlucha|Acrobatics|p2a: Toxapex
|-activate|p2a: Toxapex|move: Protect
|
|-heal|p2a: Toxapex|63/100|[from] item: Black Sludge
|-damage|p1a: Hawlucha|17/100 tox|[from] psn
|upkeep
|turn|27
|
|t:|1760368993
|switch|p2a: Landorus|Landorus-Therian, M|100/100
|-ability|p2a: Landorus|Intimidate|boost
|-unboost|p1a: Hawlucha|atk|1
|move|p1a: Hawlucha|Rock Slide|p2a: Landorus
|-damage|p2a: Landorus|84/100
|
|-damage|p1a: Hawlucha|0 fnt|[from] psn
|faint|p1a: Hawlucha
|upkeep
|
|t:|1760369002
|switch|p1a: Great Tusk|Great Tusk|100/100
|-enditem|p1a: Great Tusk|Booster Energy
|-activate|p1a: Great Tusk|ability: Protosynthesis|[fromitem]
|-start|p1a: Great Tusk|protosynthesisspe
|turn|28
|
|t:|1760369010
|move|p2a: Landorus|Earthquake|p1a: Great Tusk
|-damage|p1a: Great Tusk|65/100
|move|p1a: Great Tusk|Bulk Up|p1a: Great Tusk
|-boost|p1a: Great Tusk|atk|1
|-boost|p1a: Great Tusk|def|1
|
|upkeep
|turn|29
|
|t:|1760369016
|move|p2a: Landorus|Earthquake|p1a: Great Tusk
|-damage|p1a: Great Tusk|43/100
|move|p1a: Great Tusk|Bulk Up|p1a: Great Tusk
|-boost|p1a: Great Tusk|atk|1
|-boost|p1a: Great Tusk|def|1
|
|upkeep
|turn|30
|
|t:|1760369022
|move|p2a: Landorus|Earthquake|p1a: Great Tusk
|-damage|p1a: Great Tusk|26/100
|move|p1a: Great Tusk|Ice Spinner|p2a: Landorus
|-supereffective|p2a: Landorus
|-damage|p2a: Landorus|0 fnt
|faint|p2a: Landorus
|
|upkeep
|
|t:|1760369025
|switch|p2a: Toxapex|Toxapex, M|96/100
|turn|31
|
|t:|1760369032
|-terastallize|p2a: Toxapex|Water
|move|p1a: Great Tusk|Headlong Rush|p2a: Toxapex
|-damage|p2a: Toxapex|38/100
|-unboost|p1a: Great Tusk|def|1
|-unboost|p1a: Great Tusk|spd|1
|move|p2a: Toxapex|Haze|p2a: Toxapex
|-clearallboost
|
|-damage|p2a: Toxapex|25/100|[from] item: Black Sludge
|upkeep
|turn|32
|
|t:|1760369050
|move|p2a: Toxapex|Baneful Bunker|p2a: Toxapex
|-singleturn|p2a: Toxapex|move: Protect
|move|p1a: Great Tusk|Bulk Up|p1a: Great Tusk
|-boost|p1a: Great Tusk|atk|1
|-boost|p1a: Great Tusk|def|1
|
|-damage|p2a: Toxapex|13/100|[from] item: Black Sludge
|upkeep
|turn|33
|-message|CircusClowns forfeited.
|
|win|Nameless Moron
|raw|Nameless Moron's rating: 1095 &rarr; <strong>1126</strong><br />(+31 for winning)
|raw|CircusClowns's rating: 1166 &rarr; <strong>1136</strong><br />(-30 for losing)
|l|☆CircusClowns
|player|p2|
