|j|☆peach boy test
|j|☆wmq21
|t:|1760437656
|gametype|singles
|player|p1|peach boy test|drayden|1219
|player|p2|wmq21|265|1222
|gen|9
|tier|[Gen 9] OU
|rated|
|rule|HP Percentage Mod: HP is shown in percentages
|rule|Endless Battle Clause: Forcing endless battles is banned
|rule|Species Clause: Limit one of each Pokémon
|rule|OHKO Clause: OHKO moves are banned
|rule|Evasion Items Clause: Evasion items are banned
|rule|Evasion Moves Clause: Evasion moves are banned
|rule|Evasion Abilities Clause: Evasion abilities are banned
|rule|Sleep Moves Clause: Sleep-inducing moves are banned
|clearpoke
|poke|p1|Iron Hands|
|poke|p1|Moltres|
|poke|p1|Oricorio-Sensu, F|
|poke|p1|Weezing-Galar, M|
|poke|p1|Garchomp, M|
|poke|p1|Lokix, F|
|poke|p2|Charizard, F|
|poke|p2|Torkoal, M|
|poke|p2|Hatterene, F|
|poke|p2|Great Tusk|
|poke|p2|Lilligant-Hisui, F|
|poke|p2|Walking Wake|
|teampreview
|inactive|Battle timer is ON: inactive players will automatically lose when time's up. (requested by peach boy test)
|
|t:|1760437677
|teamsize|p1|6
|teamsize|p2|6
|start
|switch|p1a: Garth Champ|Garchomp, M|100/100
|switch|p2a: 松代健|Great Tusk|100/100
|turn|1
|c|☆peach boy test|glhf
|
|t:|1760437689
|move|p2a: 松代健|Headlong Rush|p1a: Garth Champ
|-damage|p1a: Garth Champ|60/100
|-unboost|p2a: 松代健|def|1
|-unboost|p2a: 松代健|spd|1
|-damage|p2a: 松代健|88/100|[from] ability: Rough Skin|[of] p1a: Garth Champ
|-damage|p2a: 松代健|72/100|[from] item: Rocky Helmet|[of] p1a: Garth Champ
|-enditem|p2a: 松代健|Eject Pack
|
|t:|1760437692
|-end|p2a: 松代健|Protosynthesis|[silent]
|switch|p2a: 梓川月乃|Hatterene, F|100/100
|move|p1a: Garth Champ|Stealth Rock|p2a: 梓川月乃
|move|p2a: 梓川月乃|Stealth Rock|p1a: Garth Champ|[from] ability: Magic Bounce
|-sidestart|p1: peach boy test|move: Stealth Rock
|
|upkeep
|turn|2
|c|☆peach boy test|nice one
|
|t:|1760437700
|switch|p1a: walling Geezer|Weezing-Galar, M|100/100
|-ability|p1a: walling Geezer|Neutralizing Gas
|move|p2a: 梓川月乃|Nuzzle|p1a: walling Geezer
|-damage|p1a: walling Geezer|98/100
|-status|p1a: walling Geezer|par
|
|upkeep
|turn|3
|
|t:|1760437708
|switch|p2a: 河内恭介|Torkoal, M|100/100
|move|p1a: walling Geezer|Defog|p2a: 河内恭介
|-unboost|p2a: 河内恭介|evasion|1
|-sideend|p1: peach boy test|Stealth Rock|[from] move: Defog|[of] p1a: walling Geezer
|
|upkeep
|turn|4
|
|t:|1760437717
|-end|p1a: walling Geezer|ability: Neutralizing Gas
|-weather|SunnyDay|[from] ability: Drought|[of] p2a: 河内恭介
|switch|p1a: Garth Champ|Garchomp, M|60/100
|switch|p2a: 松代健|Great Tusk|72/100
|-activate|p2a: 松代健|ability: Protosynthesis
|-start|p2a: 松代健|protosynthesisatk
|
|-weather|SunnyDay|[upkeep]
|upkeep
|turn|5
|
|t:|1760437725
|move|p2a: 松代健|Knock Off|p1a: Garth Champ
|-damage|p1a: Garth Champ|35/100
|-damage|p2a: 松代健|59/100|[from] ability: Rough Skin|[of] p1a: Garth Champ
|-damage|p2a: 松代健|43/100|[from] item: Rocky Helmet|[of] p1a: Garth Champ
|-enditem|p1a: Garth Champ|Rocky Helmet|[from] move: Knock Off|[of] p2a: 松代健
|move|p1a: Garth Champ|Earthquake|p2a: 松代健
|-damage|p2a: 松代健|9/100
|
|-weather|SunnyDay|[upkeep]
|upkeep
|turn|6
|
|t:|1760437731
|switch|p1a: trawl mez|Moltres|100/100
|move|p2a: 松代健|Headlong Rush|p1a: trawl mez
|-immune|p1a: trawl mez
|
|-weather|SunnyDay|[upkeep]
|upkeep
|turn|7
|
|t:|1760437740
|-end|p2a: 松代健|Protosynthesis|[silent]
|switch|p2a: 冠茂|Walking Wake|100/100
|-activate|p2a: 冠茂|ability: Protosynthesis
|-start|p2a: 冠茂|protosynthesisspe
|move|p1a: trawl mez|U-turn|p2a: 冠茂
|-damage|p2a: 冠茂|86/100
|
|t:|1760437743
|switch|p1a: walling Geezer|Weezing-Galar, M|98/100 par|[from] U-turn
|-ability|p1a: walling Geezer|Neutralizing Gas
|
|-weather|SunnyDay|[upkeep]
|upkeep
|turn|8
|
|t:|1760437746
|-terastallize|p2a: 冠茂|Water
|move|p2a: 冠茂|Hydro Steam|p1a: walling Geezer
|-damage|p1a: walling Geezer|0 fnt
|faint|p1a: walling Geezer
|-end|p1a: walling Geezer|ability: Neutralizing Gas
|
|-weather|SunnyDay|[upkeep]
|upkeep
|
|t:|1760437775
|switch|p1a: Brian Hands|Iron Hands|100/100
|-enditem|p1a: Brian Hands|Booster Energy
|-activate|p1a: Brian Hands|ability: Quark Drive|[fromitem]
|-start|p1a: Brian Hands|quarkdriveatk
|turn|9
|
|t:|1760437781
|-end|p2a: 冠茂|Protosynthesis|[silent]
|switch|p2a: 梓川月乃|Hatterene, F|100/100
|move|p1a: Brian Hands|Thunder Punch|p2a: 梓川月乃
|-damage|p2a: 梓川月乃|43/100
|-enditem|p2a: 梓川月乃|Eject Button
|
|t:|1760437783
|switch|p2a: 松代健|Great Tusk|9/100
|-activate|p2a: 松代健|ability: Protosynthesis
|-start|p2a: 松代健|protosynthesisatk
|
|-weather|SunnyDay|[upkeep]
|upkeep
|turn|10
|
|t:|1760437788
|-end|p1a: Brian Hands|Quark Drive|[silent]
|switch|p1a: trawl mez|Moltres|100/100
|move|p2a: 松代健|Headlong Rush|p1a: trawl mez
|-immune|p1a: trawl mez
|
|-weather|SunnyDay|[upkeep]
|upkeep
|turn|11
|
|t:|1760437795
|-end|p2a: 松代健|Protosynthesis|[silent]
|switch|p2a: 东和马|Charizard, F|100/100
|move|p1a: trawl mez|U-turn|p2a: 东和马
|-resisted|p2a: 东和马
|-damage|p2a: 东和马|95/100
|
|t:|1760437800
|switch|p1a: Garth Champ|Garchomp, M|35/100|[from] U-turn
|
|-weather|none
|upkeep
|turn|12
|
|t:|1760437807
|switch|p1a: trawl mez|Moltres|100/100
|move|p2a: 东和马|Overheat|p1a: trawl mez
|-resisted|p1a: trawl mez
|-damage|p1a: trawl mez|58/100
|-unboost|p2a: 东和马|spa|2
|
|upkeep
|turn|13
|
|t:|1760437813
|switch|p2a: 河内恭介|Torkoal, M|100/100
|-weather|SunnyDay|[from] ability: Drought|[of] p2a: 河内恭介
|move|p1a: trawl mez|Roost|p1a: trawl mez
|-heal|p1a: trawl mez|100/100
|-singleturn|p1a: trawl mez|move: Roost
|
|-weather|SunnyDay|[upkeep]
|upkeep
|turn|14
|
|t:|1760437816
|move|p1a: trawl mez|Flamethrower|p2a: 河内恭介
|-resisted|p2a: 河内恭介
|-damage|p2a: 河内恭介|62/100
|move|p2a: 河内恭介|Stealth Rock|p1a: trawl mez
|-sidestart|p1: peach boy test|move: Stealth Rock
|
|-weather|SunnyDay|[upkeep]
|upkeep
|turn|15
|
|t:|1760437820
|switch|p2a: 梓川月乃|Hatterene, F|43/100
|move|p1a: trawl mez|Flamethrower|p2a: 梓川月乃
|-damage|p2a: 梓川月乃|0 fnt
|faint|p2a: 梓川月乃
|
|-weather|SunnyDay|[upkeep]
|upkeep
|
|t:|1760437823
|switch|p2a: 冠茂|Walking Wake, tera:Water|86/100
|-activate|p2a: 冠茂|ability: Protosynthesis
|-start|p2a: 冠茂|protosynthesisspe
|turn|16
|
|t:|1760437831
|switch|p1a: Ollie Corio|Oricorio-Sensu, F|100/100
|-damage|p1a: Ollie Corio|76/100|[from] Stealth Rock
|move|p2a: 冠茂|Hydro Steam|p1a: Ollie Corio
|-damage|p1a: Ollie Corio|0 fnt
|faint|p1a: Ollie Corio
|
|-weather|SunnyDay|[upkeep]
|upkeep
|
|t:|1760437833
|switch|p1a: Brian Hands|Iron Hands|100/100
|-damage|p1a: Brian Hands|94/100|[from] Stealth Rock
|turn|17
|
|t:|1760437843
|-end|p2a: 冠茂|Protosynthesis|[silent]
|switch|p2a: 东和马|Charizard, F|95/100
|move|p1a: Brian Hands|Thunder Punch|p2a: 东和马
|-supereffective|p2a: 东和马
|-damage|p2a: 东和马|0 fnt
|faint|p2a: 东和马
|
|-weather|SunnyDay|[upkeep]
|upkeep
|
|t:|1760437845
|switch|p2a: 松代健|Great Tusk|9/100
|-activate|p2a: 松代健|ability: Protosynthesis
|-start|p2a: 松代健|protosynthesisatk
|turn|18
|
|t:|1760437854
|-end|p2a: 松代健|Protosynthesis|[silent]
|switch|p2a: 冠茂|Walking Wake, tera:Water|86/100
|-activate|p2a: 冠茂|ability: Protosynthesis
|-start|p2a: 冠茂|protosynthesisspe
|-end|p1a: Brian Hands|Quark Drive|[silent]
|switch|p1a: trawl mez|Moltres|100/100
|
|-weather|SunnyDay|[upkeep]
|upkeep
|turn|19
|
|t:|1760437863
|move|p2a: 冠茂|Hydro Steam|p1a: trawl mez
|-supereffective|p1a: trawl mez
|-damage|p1a: trawl mez|0 fnt
|faint|p1a: trawl mez
|
|-weather|SunnyDay|[upkeep]
|upkeep
|
|t:|1760437865
|switch|p1a: Brian Hands|Iron Hands|94/100
|-damage|p1a: Brian Hands|88/100|[from] Stealth Rock
|turn|20
|
|t:|1760437871
|-end|p2a: 冠茂|Protosynthesis|[silent]
|switch|p2a: 松代健|Great Tusk|9/100
|-activate|p2a: 松代健|ability: Protosynthesis
|-start|p2a: 松代健|protosynthesisatk
|move|p1a: Brian Hands|Drain Punch|p2a: 松代健
|-damage|p2a: 松代健|0 fnt
|-heal|p1a: Brian Hands|92/100|[from] drain|[of] p2a: 松代健
|faint|p2a: 松代健
|-end|p2a: 松代健|Protosynthesis|[silent]
|
|-weather|none
|upkeep
|
|t:|1760437873
|switch|p2a: 诹访原戒|Lilligant-Hisui, F|100/100
|turn|21
|
|t:|1760437877
|move|p2a: 诹访原戒|Close Combat|p1a: Brian Hands
|-damage|p1a: Brian Hands|33/100
|-unboost|p2a: 诹访原戒|def|1
|-unboost|p2a: 诹访原戒|spd|1
|-damage|p2a: 诹访原戒|91/100|[from] item: Life Orb
|move|p1a: Brian Hands|Ice Punch|p2a: 诹访原戒
|-supereffective|p2a: 诹访原戒
|-damage|p2a: 诹访原戒|0 fnt
|faint|p2a: 诹访原戒
|
|upkeep
|
|t:|1760437882
|switch|p2a: 河内恭介|Torkoal, M|62/100
|-weather|SunnyDay|[from] ability: Drought|[of] p2a: 河内恭介
|turn|22
|
|t:|1760437888
|move|p1a: Brian Hands|Drain Punch|p2a: 河内恭介
|-damage|p2a: 河内恭介|38/100
|-heal|p1a: Brian Hands|43/100|[from] drain|[of] p2a: 河内恭介
|move|p2a: 河内恭介|Will-O-Wisp|p1a: Brian Hands
|-status|p1a: Brian Hands|brn
|
|-weather|SunnyDay|[upkeep]
|-damage|p1a: Brian Hands|36/100 brn|[from] brn
|upkeep
|turn|23
|
|t:|1760437900
|switch|p2a: 冠茂|Walking Wake, tera:Water|86/100
|-activate|p2a: 冠茂|ability: Protosynthesis
|-start|p2a: 冠茂|protosynthesisspe
|move|p1a: Brian Hands|Drain Punch|p2a: 冠茂
|-damage|p2a: 冠茂|61/100
|-heal|p1a: Brian Hands|46/100 brn|[from] drain|[of] p2a: 冠茂
|
|-weather|SunnyDay|[upkeep]
|-damage|p1a: Brian Hands|40/100 brn|[from] brn
|upkeep
|turn|24
|c|☆peach boy test|nice great burn!
|
|t:|1760437909
|move|p2a: 冠茂|Hydro Steam|p1a: Brian Hands
|-damage|p1a: Brian Hands|0 fnt
|faint|p1a: Brian Hands
|-end|p1a: Brian Hands|Quark Drive|[silent]
|
|-weather|SunnyDay|[upkeep]
|upkeep
|
|t:|1760437916
|switch|p1a: Garth Champ|Garchomp, M|35/100
|-damage|p1a: Garth Champ|29/100|[from] Stealth Rock
|turn|25
|
|t:|1760437918
|move|p2a: 冠茂|Hydro Steam|p1a: Garth Champ
|-damage|p1a: Garth Champ|0 fnt
|faint|p1a: Garth Champ
|
|-weather|SunnyDay|[upkeep]
|upkeep
|
|t:|1760437919
|switch|p1a: Ramen Kaider|Lokix, F|100/100
|-damage|p1a: Ramen Kaider|76/100|[from] Stealth Rock
|turn|26
|
|t:|1760437924
|-terastallize|p1a: Ramen Kaider|Bug
|move|p1a: Ramen Kaider|First Impression|p2a: 冠茂
|-damage|p2a: 冠茂|0 fnt
|faint|p2a: 冠茂
|-end|p2a: 冠茂|Protosynthesis|[silent]
|
|-weather|SunnyDay|[upkeep]
|upkeep
|
|t:|1760437926
|switch|p2a: 河内恭介|Torkoal, M|38/100
|turn|27
|
|t:|1760437929
|move|p1a: Ramen Kaider|Knock Off|p2a: 河内恭介
|-damage|p2a: 河内恭介|12/100
|-enditem|p2a: 河内恭介|Heat Rock|[from] move: Knock Off|[of] p1a: Ramen Kaider
|move|p2a: 河内恭介|Will-O-Wisp|p1a: Ramen Kaider
|-status|p1a: Ramen Kaider|brn
|
|-weather|SunnyDay|[upkeep]
|-damage|p1a: Ramen Kaider|70/100 brn|[from] brn
|upkeep
|turn|28
|-message|wmq21 forfeited.
|
|win|peach boy test
|raw|peach boy test's rating: 1219 &rarr; <strong>1244</strong><br />(+25 for winning)
|raw|wmq21's rating: 1222 &rarr; <strong>1197</strong><br />(-25 for losing)
|l|☆wmq21
|player|p2|
|c|☆peach boy test|gg
|l|☆peach boy test
|player|p1|
