|j|☆mj9964
|j|☆Thu Van ♥
|t:|1760429097
|gametype|singles
|player|p1|mj9964|266|1265
|player|p2|Thu Van ♥|iono|1226
|gen|9
|tier|[Gen 9] OU
|rated|
|rule|HP Percentage Mod: HP is shown in percentages
|rule|Endless Battle Clause: Forcing endless battles is banned
|rule|Species Clause: Limit one of each Pokémon
|rule|OHKO Clause: OHKO moves are banned
|rule|Evasion Items Clause: Evasion items are banned
|rule|Evasion Moves Clause: Evasion moves are banned
|rule|Evasion Abilities Clause: Evasion abilities are banned
|rule|Sleep Moves Clause: Sleep-inducing moves are banned
|clearpoke
|poke|p1|Lokix, F|
|poke|p1|Corviknight, M|
|poke|p1|Ting-Lu|
|poke|p1|Iron Moth|
|poke|p1|Ursaluna, M|
|poke|p1|Hatterene, F|
|poke|p2|Gliscor, F|
|poke|p2|Pecharunt|
|poke|p2|Diancie|
|poke|p2|Jirachi|
|poke|p2|Goodra-Hisui, F|
|poke|p2|Forretress, M|
|teampreview
|inactive|Battle timer is ON: inactive players will automatically lose when time's up. (requested by mj9964)
|
|t:|1760429119
|teamsize|p1|6
|teamsize|p2|6
|start
|switch|p1a: Lokix|Lokix, F|100/100
|switch|p2a: Diancie ‎|Gliscor, F|100/100
|turn|1
|
|t:|1760429131
|move|p1a: Lokix|U-turn|p2a: Diancie ‎
|-resisted|p2a: Diancie ‎
|-damage|p2a: Diancie ‎|76/100
|
|t:|1760429136
|switch|p1a: Corviknight|Corviknight, M|100/100|[from] U-turn
|move|p2a: Diancie ‎|Swords Dance|p2a: Diancie ‎
|-boost|p2a: Diancie ‎|atk|2
|
|-status|p2a: Diancie ‎|tox|[from] item: Toxic Orb
|upkeep
|turn|2
|
|t:|1760429142
|move|p2a: Diancie ‎|Swords Dance|p2a: Diancie ‎
|-boost|p2a: Diancie ‎|atk|2
|move|p1a: Corviknight|Iron Defense|p1a: Corviknight
|-boost|p1a: Corviknight|def|2
|
|-heal|p2a: Diancie ‎|88/100 tox|[from] ability: Poison Heal
|upkeep
|turn|3
|
|t:|1760429148
|move|p2a: Diancie ‎|Ice Fang|p1a: Corviknight
|-damage|p1a: Corviknight|85/100
|-damage|p2a: Diancie ‎|71/100 tox|[from] item: Rocky Helmet|[of] p1a: Corviknight
|move|p1a: Corviknight|Iron Defense|p1a: Corviknight
|-boost|p1a: Corviknight|def|2
|
|-heal|p2a: Diancie ‎|84/100 tox|[from] ability: Poison Heal
|upkeep
|turn|4
|
|t:|1760429158
|move|p2a: Diancie ‎|Swords Dance|p2a: Diancie ‎
|-boost|p2a: Diancie ‎|atk|2
|move|p1a: Corviknight|Body Press|p2a: Diancie ‎
|-resisted|p2a: Diancie ‎
|-damage|p2a: Diancie ‎|50/100 tox
|
|-heal|p2a: Diancie ‎|63/100 tox|[from] ability: Poison Heal
|upkeep
|turn|5
|
|t:|1760429165
|move|p2a: Diancie ‎|Ice Fang|p1a: Corviknight
|-damage|p1a: Corviknight|71/100
|-damage|p2a: Diancie ‎|46/100 tox|[from] item: Rocky Helmet|[of] p1a: Corviknight
|move|p1a: Corviknight|Iron Defense|p1a: Corviknight
|-boost|p1a: Corviknight|def|2
|
|-heal|p2a: Diancie ‎|59/100 tox|[from] ability: Poison Heal
|upkeep
|turn|6
|
|t:|1760429168
|move|p2a: Diancie ‎|Protect|p2a: Diancie ‎
|-singleturn|p2a: Diancie ‎|Protect
|move|p1a: Corviknight|Roost|p1a: Corviknight
|-heal|p1a: Corviknight|100/100
|-singleturn|p1a: Corviknight|move: Roost
|
|-heal|p2a: Diancie ‎|71/100 tox|[from] ability: Poison Heal
|upkeep
|turn|7
|
|t:|1760429174
|switch|p2a: Jirachi ‎|Pecharunt|100/100
|move|p1a: Corviknight|Body Press|p2a: Jirachi ‎
|-immune|p2a: Jirachi ‎
|
|upkeep
|turn|8
|
|t:|1760429183
|move|p2a: Jirachi ‎|Parting Shot|p1a: Corviknight
|-ability|p1a: Corviknight|Mirror Armor
|-unboost|p2a: Jirachi ‎|atk|1
|-ability|p1a: Corviknight|Mirror Armor
|-unboost|p2a: Jirachi ‎|spa|1
|
|t:|1760429190
|switch|p2a: Diancie ‎|Gliscor, F|71/100 tox|[from] Parting Shot
|move|p1a: Corviknight|U-turn|p2a: Diancie ‎
|-resisted|p2a: Diancie ‎
|-damage|p2a: Diancie ‎|65/100 tox
|
|t:|1760429197
|switch|p1a: Ursaluna|Ursaluna, M|100/100|[from] U-turn
|
|-heal|p2a: Diancie ‎|78/100 tox|[from] ability: Poison Heal
|-status|p1a: Ursaluna|brn|[from] item: Flame Orb
|upkeep
|turn|9
|
|t:|1760429207
|move|p2a: Diancie ‎|Ice Fang|p1a: Ursaluna
|-supereffective|p1a: Ursaluna
|-damage|p1a: Ursaluna|72/100 brn
|move|p1a: Ursaluna|Facade|p2a: Diancie ‎
|-damage|p2a: Diancie ‎|0 fnt
|faint|p2a: Diancie ‎
|
|-damage|p1a: Ursaluna|66/100 brn|[from] brn
|upkeep
|
|t:|1760429220
|switch|p2a: Pecharunt ‎|Forretress, M|100/100
|turn|10
|
|t:|1760429225
|switch|p1a: Hatterene|Hatterene, F|100/100
|move|p2a: Pecharunt ‎|Counter||[still]
|-fail|p2a: Pecharunt ‎
|
|upkeep
|turn|11
|
|t:|1760429231
|switch|p2a: Forretress ‎|Diancie|100/100
|move|p1a: Hatterene|Nuzzle|p2a: Forretress ‎
|-damage|p2a: Forretress ‎|97/100
|-status|p2a: Forretress ‎|par
|
|-heal|p2a: Forretress ‎|100/100 par|[from] item: Leftovers
|upkeep
|turn|12
|
|t:|1760429238
|switch|p1a: Ting-Lu|Ting-Lu|100/100
|-ability|p1a: Ting-Lu|Vessel of Ruin
|move|p2a: Forretress ‎|Diamond Storm|p1a: Ting-Lu
|-resisted|p1a: Ting-Lu
|-damage|p1a: Ting-Lu|91/100
|
|upkeep
|turn|13
|
|t:|1760429245
|-terastallize|p2a: Forretress ‎|Water
|move|p1a: Ting-Lu|Earthquake|p2a: Forretress ‎
|-damage|p2a: Forretress ‎|63/100 par
|move|p2a: Forretress ‎|Diamond Storm|p1a: Ting-Lu
|-resisted|p1a: Ting-Lu
|-damage|p1a: Ting-Lu|79/100
|-boost|p2a: Forretress ‎|def|2
|
|-heal|p2a: Forretress ‎|69/100 par|[from] item: Leftovers
|upkeep
|turn|14
|
|t:|1760429265
|switch|p1a: Lokix|Lokix, F|100/100
|cant|p2a: Forretress ‎|par
|
|-heal|p2a: Forretress ‎|75/100 par|[from] item: Leftovers
|upkeep
|turn|15
|
|t:|1760429271
|move|p1a: Lokix|First Impression|p2a: Forretress ‎
|-damage|p2a: Forretress ‎|57/100 par
|cant|p2a: Forretress ‎|par
|
|-heal|p2a: Forretress ‎|63/100 par|[from] item: Leftovers
|upkeep
|turn|16
|
|t:|1760429277
|move|p1a: Lokix|Knock Off|p2a: Forretress ‎
|-damage|p2a: Forretress ‎|44/100 par
|-enditem|p2a: Forretress ‎|Leftovers|[from] move: Knock Off|[of] p1a: Lokix
|move|p2a: Forretress ‎|Diamond Storm|p1a: Lokix
|-supereffective|p1a: Lokix
|-enditem|p1a: Lokix|Focus Sash
|-damage|p1a: Lokix|1/100
|
|upkeep
|turn|17
|
|t:|1760429283
|move|p1a: Lokix|Axe Kick|p2a: Forretress ‎
|-damage|p2a: Forretress ‎|29/100 par
|-start|p2a: Forretress ‎|confusion
|-activate|p2a: Forretress ‎|confusion
|cant|p2a: Forretress ‎|par
|
|upkeep
|turn|18
|
|t:|1760429288
|move|p1a: Lokix|Axe Kick|p2a: Forretress ‎
|-damage|p2a: Forretress ‎|14/100 par
|-activate|p2a: Forretress ‎|confusion
|move|p2a: Forretress ‎|Diamond Storm|p1a: Lokix
|-supereffective|p1a: Lokix
|-damage|p1a: Lokix|0 fnt
|faint|p1a: Lokix
|
|upkeep
|
|t:|1760429294
|switch|p1a: Ursaluna|Ursaluna, M|66/100 brn
|turn|19
|
|t:|1760429299
|move|p1a: Ursaluna|Trailblaze|p2a: Forretress ‎
|-supereffective|p2a: Forretress ‎
|-damage|p2a: Forretress ‎|0 fnt
|-boost|p1a: Ursaluna|spe|1
|faint|p2a: Forretress ‎
|
|-damage|p1a: Ursaluna|60/100 brn|[from] brn
|upkeep
|
|t:|1760429303
|switch|p2a: Pecharunt ‎|Forretress, M|100/100
|turn|20
|
|t:|1760429320
|switch|p1a: Hatterene|Hatterene, F|100/100
|switch|p2a: Gliscor‎|Goodra-Hisui, F|100/100
|
|upkeep
|turn|21
|
|t:|1760429326
|move|p2a: Gliscor‎|Flash Cannon|p1a: Hatterene
|-supereffective|p1a: Hatterene
|-damage|p1a: Hatterene|10/100
|-enditem|p1a: Hatterene|Sitrus Berry|[eat]
|-heal|p1a: Hatterene|35/100|[from] item: Sitrus Berry
|move|p1a: Hatterene|Nuzzle|p2a: Gliscor‎
|-resisted|p2a: Gliscor‎
|-damage|p2a: Gliscor‎|99/100
|-status|p2a: Gliscor‎|par
|-ability|p2a: Gliscor‎|Gooey
|-unboost|p1a: Hatterene|spe|1
|
|upkeep
|turn|22
|
|t:|1760429337
|move|p2a: Gliscor‎|Draco Meteor|p1a: Hatterene
|-immune|p1a: Hatterene
|move|p1a: Hatterene|Psyshock|p2a: Gliscor‎
|-resisted|p2a: Gliscor‎
|-damage|p2a: Gliscor‎|75/100 par
|
|upkeep
|turn|23
|
|t:|1760429340
|move|p2a: Gliscor‎|Flash Cannon|p1a: Hatterene
|-supereffective|p1a: Hatterene
|-damage|p1a: Hatterene|0 fnt
|faint|p1a: Hatterene
|
|upkeep
|
|t:|1760429349
|switch|p1a: Ting-Lu|Ting-Lu|79/100
|-ability|p1a: Ting-Lu|Vessel of Ruin
|turn|24
|
|t:|1760429355
|switch|p2a: Pecharunt ‎|Forretress, M|100/100
|move|p1a: Ting-Lu|Earthquake|p2a: Pecharunt ‎
|-damage|p2a: Pecharunt ‎|73/100
|
|upkeep
|turn|25
|
|t:|1760429366
|switch|p1a: Corviknight|Corviknight, M|100/100
|move|p2a: Pecharunt ‎|Volt Switch|p1a: Corviknight
|-supereffective|p1a: Corviknight
|-damage|p1a: Corviknight|79/100
|
|t:|1760429371
|switch|p2a: Gliscor‎|Goodra-Hisui, F|75/100 par|[from] Volt Switch
|
|upkeep
|turn|26
|
|t:|1760429374
|move|p1a: Corviknight|Body Press|p2a: Gliscor‎
|-supereffective|p2a: Gliscor‎
|-damage|p2a: Gliscor‎|26/100 par
|-ability|p2a: Gliscor‎|Gooey
|-ability|p1a: Corviknight|Mirror Armor
|-unboost|p2a: Gliscor‎|spe|1
|move|p2a: Gliscor‎|Fire Blast|p1a: Corviknight
|-supereffective|p1a: Corviknight
|-damage|p1a: Corviknight|7/100
|
|upkeep
|turn|27
|
|t:|1760429384
|switch|p2a: Pecharunt ‎|Forretress, M|73/100
|move|p1a: Corviknight|U-turn|p2a: Pecharunt ‎
|-resisted|p2a: Pecharunt ‎
|-damage|p2a: Pecharunt ‎|70/100
|-damage|p1a: Corviknight|0 fnt|[from] item: Rocky Helmet|[of] p2a: Pecharunt ‎
|faint|p1a: Corviknight
|
|upkeep
|
|t:|1760429391
|switch|p1a: Iron Moth|Iron Moth|100/100
|-enditem|p1a: Iron Moth|Booster Energy
|-activate|p1a: Iron Moth|ability: Quark Drive|[fromitem]
|-start|p1a: Iron Moth|quarkdrivespe
|turn|28
|
|t:|1760429399
|switch|p2a: Gliscor‎|Goodra-Hisui, F|26/100 par
|move|p1a: Iron Moth|Fiery Dance|p2a: Gliscor‎
|-crit|p2a: Gliscor‎
|-damage|p2a: Gliscor‎|0 fnt
|faint|p2a: Gliscor‎
|
|upkeep
|
|t:|1760429404
|switch|p2a: Jirachi ‎|Pecharunt|100/100
|turn|29
|-message|Thu Van ♥ forfeited.
|
|win|mj9964
|raw|mj9964's rating: 1265 &rarr; <strong>1287</strong><br />(+22 for winning)
|raw|Thu Van ♥'s rating: 1226 &rarr; <strong>1204</strong><br />(-22 for losing)
|l|☆Thu Van ♥
|player|p2|
|l|☆mj9964
|player|p1|
