|badge|p1|silver|gen9doublesou|30-7
|badge|p1|bronze|gen9ru|100-7
|uhtml|medal-msg|<div class="broadcast-blue">Curious what those medals under the avatar are? PS now has Ladder Seasons! For more information, check out the <a href="https://www.smogon.com/forums/threads/3740067/">thread on Smogon.</a></div>
|j|☆3idk
|j|☆lebmaster
|t:|1760423446
|gametype|singles
|player|p1|3idk|cynthia-masters|1642
|player|p2|lebmaster|dahlia|1782
|gen|9
|tier|[Gen 9] OU
|rated|
|rule|HP Percentage Mod: HP is shown in percentages
|rule|Endless Battle Clause: Forcing endless battles is banned
|rule|Species Clause: Limit one of each Pokémon
|rule|OHKO Clause: OHKO moves are banned
|rule|Evasion Items Clause: Evasion items are banned
|rule|Evasion Moves Clause: Evasion moves are banned
|rule|Evasion Abilities Clause: Evasion abilities are banned
|rule|Sleep Moves Clause: Sleep-inducing moves are banned
|clearpoke
|poke|p1|Pelipper, M|
|poke|p1|Tornadus-Therian, M|
|poke|p1|Iron Treads|
|poke|p1|Decidueye-Hisui, M|
|poke|p1|Barraskewda, F|
|poke|p1|Raging Bolt|
|poke|p2|Pecharunt|
|poke|p2|Great Tusk|
|poke|p2|Ogerpon-Wellspring, F|
|poke|p2|Iron Crown|
|poke|p2|Landorus-Therian, M|
|poke|p2|Samurott-Hisui, F|
|teampreview
|inactive|Battle timer is ON: inactive players will automatically lose when time's up. (requested by 3idk)
|
|t:|1760423466
|teamsize|p1|6
|teamsize|p2|6
|start
|switch|p1a: Pelipper|Pelipper, M|100/100
|switch|p2a: Iron Crown|Iron Crown|100/100
|-weather|RainDance|[from] ability: Drizzle|[of] p1a: Pelipper
|turn|1
|
|t:|1760423471
|switch|p1a: Iron Treads|Iron Treads|100/100
|move|p2a: Iron Crown|Volt Switch|p1a: Iron Treads
|-immune|p1a: Iron Treads
|
|-weather|RainDance|[upkeep]
|upkeep
|turn|2
|
|t:|1760423477
|-end|p2a: Iron Crown|Quark Drive|[silent]
|switch|p2a: Ogerpon|Ogerpon-Wellspring, F|100/100
|move|p1a: Iron Treads|Stealth Rock|p2a: Ogerpon
|-sidestart|p2: lebmaster|move: Stealth Rock
|
|-weather|RainDance|[upkeep]
|upkeep
|turn|3
|
|t:|1760423483
|-end|p1a: Iron Treads|Quark Drive|[silent]
|switch|p1a: Decidueye|Decidueye-Hisui, M|100/100
|move|p2a: Ogerpon|Trailblaze|p1a: Decidueye
|-resisted|p1a: Decidueye
|-damage|p1a: Decidueye|91/100
|-boost|p2a: Ogerpon|spe|1
|-damage|p2a: Ogerpon|84/100|[from] item: Rocky Helmet|[of] p1a: Decidueye
|
|-weather|RainDance|[upkeep]
|upkeep
|turn|4
|
|t:|1760423489
|switch|p2a: Pecharunt|Pecharunt|100/100
|-damage|p2a: Pecharunt|88/100|[from] Stealth Rock
|move|p1a: Decidueye|U-turn|p2a: Pecharunt
|-resisted|p2a: Pecharunt
|-damage|p2a: Pecharunt|86/100
|-damage|p1a: Decidueye|74/100|[from] item: Rocky Helmet|[of] p2a: Pecharunt
|
|t:|1760423496
|switch|p1a: Raging Bolt|Raging Bolt|100/100|[from] U-turn
|-enditem|p1a: Raging Bolt|Booster Energy
|-activate|p1a: Raging Bolt|ability: Protosynthesis|[fromitem]
|-start|p1a: Raging Bolt|protosynthesisspa
|
|-weather|RainDance|[upkeep]
|upkeep
|turn|5
|
|t:|1760423504
|switch|p2a: Samurott|Samurott-Hisui, F|100/100
|-damage|p2a: Samurott|88/100|[from] Stealth Rock
|move|p1a: Raging Bolt|Thunder|p2a: Samurott
|-supereffective|p2a: Samurott
|-damage|p2a: Samurott|0 fnt
|faint|p2a: Samurott
|
|-weather|RainDance|[upkeep]
|upkeep
|
|t:|1760423508
|switch|p2a: Landorus|Landorus-Therian, M|100/100
|-damage|p2a: Landorus|88/100|[from] Stealth Rock
|-ability|p2a: Landorus|Intimidate|boost
|-unboost|p1a: Raging Bolt|atk|1
|turn|6
|
|t:|1760423517
|move|p2a: Landorus|U-turn|p1a: Raging Bolt
|-damage|p1a: Raging Bolt|76/100
|
|t:|1760423519
|switch|p2a: Ogerpon|Ogerpon-Wellspring, F|84/100|[from] U-turn
|-damage|p2a: Ogerpon|72/100|[from] Stealth Rock
|move|p1a: Raging Bolt|Weather Ball|p2a: Ogerpon
|-heal|p2a: Ogerpon|97/100|[from] ability: Water Absorb|[of] p1a: Raging Bolt
|
|-weather|RainDance|[upkeep]
|upkeep
|turn|7
|
|t:|1760423527
|switch|p2a: Landorus|Landorus-Therian, M|88/100
|-damage|p2a: Landorus|76/100|[from] Stealth Rock
|-ability|p2a: Landorus|Intimidate|boost
|-unboost|p1a: Raging Bolt|atk|1
|move|p1a: Raging Bolt|Weather Ball|p2a: Landorus
|-supereffective|p2a: Landorus
|-damage|p2a: Landorus|0 fnt
|faint|p2a: Landorus
|
|-weather|RainDance|[upkeep]
|upkeep
|
|t:|1760423530
|switch|p2a: Great Tusk|Great Tusk|100/100
|-damage|p2a: Great Tusk|98/100|[from] Stealth Rock
|-enditem|p2a: Great Tusk|Booster Energy
|-activate|p2a: Great Tusk|ability: Protosynthesis|[fromitem]
|-start|p2a: Great Tusk|protosynthesisspe
|turn|8
|
|t:|1760423537
|-terastallize|p1a: Raging Bolt|Bug
|move|p2a: Great Tusk|Rapid Spin|p1a: Raging Bolt
|-damage|p1a: Raging Bolt|63/100
|-boost|p2a: Great Tusk|spe|1
|-sideend|p2: lebmaster|Stealth Rock|[from] move: Rapid Spin|[of] p2a: Great Tusk
|move|p1a: Raging Bolt|Weather Ball|p2a: Great Tusk
|-supereffective|p2a: Great Tusk
|-damage|p2a: Great Tusk|0 fnt
|faint|p2a: Great Tusk
|-end|p2a: Great Tusk|Protosynthesis|[silent]
|
|-weather|none
|upkeep
|
|t:|1760423543
|switch|p2a: Ogerpon|Ogerpon-Wellspring, F|97/100
|turn|9
|
|t:|1760423547
|move|p2a: Ogerpon|Swords Dance|p2a: Ogerpon
|-boost|p2a: Ogerpon|atk|2
|move|p1a: Raging Bolt|Thunder|p2a: Ogerpon
|-damage|p2a: Ogerpon|14/100
|
|upkeep
|turn|10
|
|t:|1760423554
|-terastallize|p2a: Ogerpon|Water
|detailschange|p2a: Ogerpon|Ogerpon-Wellspring-Tera, F, tera:Water
|-ability|p2a: Ogerpon|Embody Aspect (Wellspring)|boost
|-boost|p2a: Ogerpon|spd|1
|move|p2a: Ogerpon|Synthesis|p2a: Ogerpon
|-heal|p2a: Ogerpon|64/100
|move|p1a: Raging Bolt|Dragon Pulse|p2a: Ogerpon
|-damage|p2a: Ogerpon|19/100
|
|upkeep
|turn|11
|
|t:|1760423560
|move|p2a: Ogerpon|Ivy Cudgel|p1a: Raging Bolt|[anim] Ivy Cudgel Water
|-damage|p1a: Raging Bolt|0 fnt
|faint|p1a: Raging Bolt
|-end|p1a: Raging Bolt|Protosynthesis|[silent]
|
|upkeep
|
|t:|1760423565
|switch|p1a: Barraskewda|Barraskewda, F|100/100
|turn|12
|
|t:|1760423571
|move|p1a: Barraskewda|Flip Turn|p2a: Ogerpon
|-resisted|p2a: Ogerpon
|-damage|p2a: Ogerpon|1/100
|-damage|p1a: Barraskewda|91/100|[from] item: Life Orb
|
|t:|1760423576
|switch|p1a: Decidueye|Decidueye-Hisui, M|74/100|[from] Flip Turn
|move|p2a: Ogerpon|Synthesis|p2a: Ogerpon
|-heal|p2a: Ogerpon|51/100
|
|upkeep
|turn|13
|
|t:|1760423580
|move|p2a: Ogerpon|Synthesis|p2a: Ogerpon
|-heal|p2a: Ogerpon|100/100
|move|p1a: Decidueye|Triple Arrows|p2a: Ogerpon
|-damage|p2a: Ogerpon|68/100
|-unboost|p2a: Ogerpon|def|1
|
|upkeep
|turn|14
|
|t:|1760423586
|switch|p2a: Iron Crown|Iron Crown|100/100
|move|p1a: Decidueye|U-turn|p2a: Iron Crown
|-damage|p2a: Iron Crown|81/100
|
|t:|1760423593
|switch|p1a: Pelipper|Pelipper, M|100/100|[from] U-turn
|-weather|RainDance|[from] ability: Drizzle|[of] p1a: Pelipper
|
|-weather|RainDance|[upkeep]
|upkeep
|turn|15
|
|t:|1760423596
|switch|p1a: Iron Treads|Iron Treads|100/100
|move|p2a: Iron Crown|Tachyon Cutter|p1a: Iron Treads
|-resisted|p1a: Iron Treads
|-damage|p1a: Iron Treads|86/100
|-resisted|p1a: Iron Treads
|-damage|p1a: Iron Treads|70/100
|-hitcount|p1a: Iron Treads|2
|
|-weather|RainDance|[upkeep]
|-heal|p1a: Iron Treads|76/100|[from] item: Leftovers
|upkeep
|turn|16
|
|t:|1760423602
|-end|p2a: Iron Crown|Quark Drive|[silent]
|switch|p2a: Ogerpon|Ogerpon-Wellspring-Tera, F, tera:Water|68/100
|-ability|p2a: Ogerpon|Embody Aspect (Wellspring)|boost
|-boost|p2a: Ogerpon|spd|1
|-end|p1a: Iron Treads|Quark Drive|[silent]
|switch|p1a: Tornadus|Tornadus-Therian, M|100/100
|
|-weather|RainDance|[upkeep]
|upkeep
|turn|17
|
|t:|1760423607
|move|p1a: Tornadus|Hurricane|p2a: Ogerpon
|-damage|p2a: Ogerpon|14/100
|move|p2a: Ogerpon|Ivy Cudgel|p1a: Tornadus|[anim] Ivy Cudgel Water
|-damage|p1a: Tornadus|0 fnt
|faint|p1a: Tornadus
|
|-weather|RainDance|[upkeep]
|upkeep
|
|t:|1760423610
|switch|p1a: Barraskewda|Barraskewda, F|91/100
|turn|18
|
|t:|1760423616
|switch|p2a: Pecharunt|Pecharunt|86/100
|move|p1a: Barraskewda|Liquidation|p2a: Pecharunt
|-damage|p2a: Pecharunt|44/100
|-damage|p1a: Barraskewda|74/100|[from] item: Rocky Helmet|[of] p2a: Pecharunt
|-damage|p1a: Barraskewda|64/100|[from] item: Life Orb
|
|-weather|RainDance|[upkeep]
|upkeep
|turn|19
|
|t:|1760423620
|move|p1a: Barraskewda|Liquidation|p2a: Pecharunt
|-damage|p2a: Pecharunt|3/100
|-unboost|p2a: Pecharunt|def|1
|-damage|p1a: Barraskewda|48/100|[from] item: Rocky Helmet|[of] p2a: Pecharunt
|-damage|p1a: Barraskewda|38/100|[from] item: Life Orb
|move|p2a: Pecharunt|Recover|p2a: Pecharunt
|-heal|p2a: Pecharunt|53/100
|
|-weather|RainDance|[upkeep]
|upkeep
|turn|20
|
|t:|1760423624
|switch|p2a: Ogerpon|Ogerpon-Wellspring-Tera, F, tera:Water|14/100
|-ability|p2a: Ogerpon|Embody Aspect (Wellspring)|boost
|-boost|p2a: Ogerpon|spd|1
|move|p1a: Barraskewda|Liquidation|p2a: Ogerpon
|-resisted|p2a: Ogerpon
|-damage|p2a: Ogerpon|0 fnt
|faint|p2a: Ogerpon
|detailschange|p2: Ogerpon|Ogerpon-Wellspring, F|[silent]
|-damage|p1a: Barraskewda|28/100|[from] item: Life Orb
|
|-weather|RainDance|[upkeep]
|upkeep
|
|t:|1760423627
|switch|p2a: Pecharunt|Pecharunt|53/100
|turn|21
|
|t:|1760423631
|move|p1a: Barraskewda|Liquidation|p2a: Pecharunt
|-damage|p2a: Pecharunt|9/100
|-damage|p1a: Barraskewda|12/100|[from] item: Rocky Helmet|[of] p2a: Pecharunt
|-damage|p1a: Barraskewda|2/100|[from] item: Life Orb
|move|p2a: Pecharunt|Recover|p2a: Pecharunt
|-heal|p2a: Pecharunt|59/100
|
|-weather|none
|upkeep
|turn|22
|
|t:|1760423635
|switch|p1a: Pelipper|Pelipper, M|100/100
|-weather|RainDance|[from] ability: Drizzle|[of] p1a: Pelipper
|move|p2a: Pecharunt|Recover|p2a: Pecharunt
|-heal|p2a: Pecharunt|100/100
|
|-weather|RainDance|[upkeep]
|upkeep
|turn|23
|
|t:|1760423639
|move|p2a: Pecharunt|Malignant Chain|p1a: Pelipper
|-damage|p1a: Pelipper|57/100
|-status|p1a: Pelipper|tox
|-start|p1a: Pelipper|confusion|[from] ability: Poison Puppeteer|[of] p2a: Pecharunt
|-activate|p1a: Pelipper|confusion
|move|p1a: Pelipper|Surf|p2a: Pecharunt
|-damage|p2a: Pecharunt|55/100
|
|-weather|RainDance|[upkeep]
|-damage|p1a: Pelipper|50/100 tox|[from] psn
|upkeep
|turn|24
|
|t:|1760423648
|switch|p1a: Iron Treads|Iron Treads|76/100
|move|p2a: Pecharunt|Recover|p2a: Pecharunt
|-heal|p2a: Pecharunt|100/100
|
|-weather|RainDance|[upkeep]
|-heal|p1a: Iron Treads|82/100|[from] item: Leftovers
|upkeep
|turn|25
|
|t:|1760423652
|move|p1a: Iron Treads|Earthquake|p2a: Pecharunt
|-supereffective|p2a: Pecharunt
|-damage|p2a: Pecharunt|65/100
|move|p2a: Pecharunt|Parting Shot|p1a: Iron Treads
|-unboost|p1a: Iron Treads|atk|1
|-unboost|p1a: Iron Treads|spa|1
|
|t:|1760423655
|switch|p2a: Iron Crown|Iron Crown|81/100|[from] Parting Shot
|
|-weather|RainDance|[upkeep]
|-heal|p1a: Iron Treads|88/100|[from] item: Leftovers
|upkeep
|turn|26
|
|t:|1760423662
|-end|p1a: Iron Treads|Quark Drive|[silent]
|switch|p1a: Decidueye|Decidueye-Hisui, M|74/100
|move|p2a: Iron Crown|Focus Blast|p1a: Decidueye
|-damage|p1a: Decidueye|17/100
|
|-weather|RainDance|[upkeep]
|upkeep
|turn|27
|
|t:|1760423668
|move|p2a: Iron Crown|Focus Blast|p1a: Decidueye
|-damage|p1a: Decidueye|0 fnt
|faint|p1a: Decidueye
|
|-weather|RainDance|[upkeep]
|upkeep
|
|t:|1760423671
|switch|p1a: Barraskewda|Barraskewda, F|2/100
|turn|28
|
|t:|1760423675
|-end|p2a: Iron Crown|Quark Drive|[silent]
|switch|p2a: Pecharunt|Pecharunt|65/100
|move|p1a: Barraskewda|Liquidation|p2a: Pecharunt
|-damage|p2a: Pecharunt|25/100
|-damage|p1a: Barraskewda|0 fnt|[from] item: Rocky Helmet|[of] p2a: Pecharunt
|faint|p1a: Barraskewda
|
|-weather|RainDance|[upkeep]
|upkeep
|
|t:|1760423678
|switch|p1a: Iron Treads|Iron Treads|88/100
|turn|29
|
|t:|1760423689
|move|p1a: Iron Treads|Earthquake|p2a: Pecharunt
|-supereffective|p2a: Pecharunt
|-damage|p2a: Pecharunt|0 fnt
|faint|p2a: Pecharunt
|
|-weather|none
|-heal|p1a: Iron Treads|94/100|[from] item: Leftovers
|upkeep
|
|t:|1760423690
|switch|p2a: Iron Crown|Iron Crown|81/100
|turn|30
|
|t:|1760423694
|move|p2a: Iron Crown|Focus Blast|p1a: Iron Treads
|-supereffective|p1a: Iron Treads
|-damage|p1a: Iron Treads|4/100
|move|p1a: Iron Treads|Earthquake|p2a: Iron Crown
|-supereffective|p2a: Iron Crown
|-damage|p2a: Iron Crown|0 fnt
|faint|p2a: Iron Crown
|-end|p2a: Iron Crown|Quark Drive|[silent]
|
|win|3idk
|raw|3idk's rating: 1642 &rarr; <strong>1670</strong><br />(+28 for winning)
|raw|lebmaster's rating: 1782 &rarr; <strong>1754</strong><br />(-28 for losing)
