|j|☆RogerBuster
|j|☆gabychou le bg
|t:|1760397660
|gametype|singles
|player|p1|RogerBuster|winona|1389
|player|p2|gabychou le bg|steven|1360
|gen|9
|tier|[Gen 9] OU
|rated|
|rule|HP Percentage Mod: HP is shown in percentages
|rule|Endless Battle Clause: Forcing endless battles is banned
|rule|Species Clause: Limit one of each Pokémon
|rule|OHKO Clause: OHKO moves are banned
|rule|Evasion Items Clause: Evasion items are banned
|rule|Evasion Moves Clause: Evasion moves are banned
|rule|Evasion Abilities Clause: Evasion abilities are banned
|rule|Sleep Moves Clause: Sleep-inducing moves are banned
|clearpoke
|poke|p1|Abomasnow, F|
|poke|p1|Cloyster, F|
|poke|p1|Talonflame, F|
|poke|p1|Electrode-Hisui|
|poke|p1|Muk-Alola, M|
|poke|p1|Thundurus-Therian, M|
|poke|p2|Great Tusk|
|poke|p2|Samurott-Hisui, F|
|poke|p2|Kyurem|
|poke|p2|Gholdengo|
|poke|p2|Iron Valiant|
|poke|p2|Kingambit, M|
|teampreview
|inactive|Battle timer is ON: inactive players will automatically lose when time's up. (requested by RogerBuster)
|inactive|gabychou le bg has 120 seconds left.
|
|t:|1760397693
|teamsize|p1|6
|teamsize|p2|6
|start
|switch|p1a: Electrode|Electrode-Hisui|100/100
|switch|p2a: Kyurem|Kyurem|100/100
|-ability|p2a: Kyurem|Pressure
|turn|1
|inactive|gabychou le bg has 120 seconds left.
|
|t:|1760397726
|switch|p2a: Gholdengo|Gholdengo|100/100
|move|p1a: Electrode|Volt Switch|p2a: Gholdengo
|-damage|p2a: Gholdengo|61/100
|-damage|p1a: Electrode|91/100|[from] item: Life Orb
|inactive|RogerBuster has 120 seconds left.
|
|t:|1760397760
|switch|p1a: Muk|Muk-Alola, M|100/100|[from] Volt Switch
|
|upkeep
|turn|2
|inactive|RogerBuster has 120 seconds left.
|inactive|gabychou le bg has 120 seconds left.
|
|t:|1760397807
|move|p2a: Gholdengo|Trick|p1a: Muk
|-activate|p2a: Gholdengo|move: Trick|[of] p1a: Muk
|-item|p1a: Muk|Choice Scarf|[from] move: Trick
|-item|p2a: Gholdengo|Assault Vest|[from] move: Trick
|move|p1a: Muk|Knock Off|p2a: Gholdengo
|-supereffective|p2a: Gholdengo
|-damage|p2a: Gholdengo|0 fnt
|-enditem|p2a: Gholdengo|Assault Vest|[from] move: Knock Off|[of] p1a: Muk
|faint|p2a: Gholdengo
|
|upkeep
|inactive|gabychou le bg has 90 seconds left.
|inactive|gabychou le bg has 60 seconds left.
|
|t:|1760397853
|switch|p2a: Great Tusk|Great Tusk|100/100
|turn|3
|
|t:|1760397858
|switch|p1a: Talonflame|Talonflame, F|100/100
|move|p2a: Great Tusk|Stealth Rock|p1a: Talonflame
|-sidestart|p1: RogerBuster|move: Stealth Rock
|
|upkeep
|turn|4
|inactive|gabychou le bg has 60 seconds left.
|
|t:|1760397883
|-end|p2a: Great Tusk|Protosynthesis|[silent]
|switch|p2a: Kyurem|Kyurem|100/100
|-ability|p2a: Kyurem|Pressure
|move|p1a: Talonflame|Defog|p2a: Kyurem
|-unboost|p2a: Kyurem|evasion|1
|-sideend|p1: RogerBuster|Stealth Rock|[from] move: Defog|[of] p1a: Talonflame
|
|upkeep
|turn|5
|
|t:|1760397913
|move|p2a: Kyurem|Icicle Spear|p1a: Talonflame
|-damage|p1a: Talonflame|86/100
|-damage|p1a: Talonflame|72/100
|-damage|p1a: Talonflame|57/100
|-damage|p1a: Talonflame|44/100
|-damage|p1a: Talonflame|28/100
|-hitcount|p1a: Talonflame|5
|move|p1a: Talonflame|Flame Charge|p2a: Kyurem
|-damage|p2a: Kyurem|79/100
|-boost|p1a: Talonflame|spe|1
|
|-heal|p1a: Talonflame|34/100|[from] item: Leftovers
|upkeep
|turn|6
|inactive|RogerBuster has 120 seconds left.
|inactive|gabychou le bg has 30 seconds left.
|inactive|gabychou le bg has 20 seconds left.
|inactive|gabychou le bg has 15 seconds left.
|
|t:|1760397945
|move|p1a: Talonflame|Dual Wingbeat|p2a: Kyurem
|-damage|p2a: Kyurem|63/100
|-damage|p2a: Kyurem|48/100
|-hitcount|p2a: Kyurem|2
|move|p2a: Kyurem|Dragon Dance|p2a: Kyurem
|-boost|p2a: Kyurem|atk|1
|-boost|p2a: Kyurem|spe|1
|
|-heal|p1a: Talonflame|40/100|[from] item: Leftovers
|upkeep
|turn|7
|inactive|gabychou le bg has 25 seconds left this turn.
|inactive|RogerBuster has 120 seconds left.
|inactive|gabychou le bg has 20 seconds left.
|inactive|gabychou le bg has 15 seconds left.
|inactive|gabychou le bg has 10 seconds left.
|
|t:|1760397965
|move|p2a: Kyurem|Icicle Spear|p1a: Talonflame
|-damage|p1a: Talonflame|18/100
|-damage|p1a: Talonflame|0 fnt
|faint|p1a: Talonflame
|-hitcount|p1: Talonflame|2
|
|upkeep
|
|t:|1760397970
|switch|p1a: Cloyster|Cloyster, F|100/100
|turn|8
|inactive|gabychou le bg has 25 seconds left this turn.
|inactive|RogerBuster has 120 seconds left.
|inactive|gabychou le bg has 20 seconds left.
|inactive|gabychou le bg has 15 seconds left.
|inactive|gabychou le bg has 10 seconds left.
|inactive|gabychou le bg has 5 seconds left.
|
|t:|1760397992
|move|p2a: Kyurem|Freeze-Dry|p1a: Cloyster
|-damage|p1a: Cloyster|14/100
|move|p1a: Cloyster|Rock Blast|p2a: Kyurem
|-supereffective|p2a: Kyurem
|-crit|p2a: Kyurem
|-damage|p2a: Kyurem|26/100
|-supereffective|p2a: Kyurem
|-damage|p2a: Kyurem|10/100
|-supereffective|p2a: Kyurem
|-damage|p2a: Kyurem|0 fnt
|faint|p2a: Kyurem
|-hitcount|p2: Kyurem|3
|
|upkeep
|inactive|gabychou le bg has 10 seconds left this turn.
|inactive|gabychou le bg has 5 seconds left.
|
|t:|1760397999
|switch|p2a: Samurott|Samurott-Hisui, F|100/100
|turn|9
|inactive|gabychou le bg has 15 seconds left this turn.
|
|t:|1760398009
|move|p2a: Samurott|Ceaseless Edge|p1a: Cloyster
|-damage|p1a: Cloyster|0 fnt
|-sidestart|p1: RogerBuster|Spikes
|faint|p1a: Cloyster
|
|upkeep
|
|t:|1760398017
|switch|p1a: Abomasnow|Abomasnow, F|100/100
|-damage|p1a: Abomasnow|88/100|[from] Spikes
|-weather|Snowscape|[from] ability: Snow Warning|[of] p1a: Abomasnow
|turn|10
|inactive|gabychou le bg has 30 seconds left this turn.
|
|t:|1760398025
|move|p2a: Samurott|Ceaseless Edge|p1a: Abomasnow
|-damage|p1a: Abomasnow|39/100
|-sidestart|p1: RogerBuster|Spikes
|move|p1a: Abomasnow|Aurora Veil|p1a: Abomasnow
|-sidestart|p1: RogerBuster|move: Aurora Veil
|
|-weather|Snowscape|[upkeep]
|upkeep
|turn|11
|
|t:|1760398034
|switch|p1a: Electrode|Electrode-Hisui|91/100
|-damage|p1a: Electrode|74/100|[from] Spikes
|move|p2a: Samurott|Ceaseless Edge|p1a: Electrode
|-damage|p1a: Electrode|13/100
|-sidestart|p1: RogerBuster|Spikes
|
|-weather|Snowscape|[upkeep]
|upkeep
|turn|12
|inactive|gabychou le bg has 30 seconds left.
|
|t:|1760398049
|move|p1a: Electrode|Giga Drain|p2a: Samurott
|-supereffective|p2a: Samurott
|-damage|p2a: Samurott|0 fnt
|-heal|p1a: Electrode|75/100|[from] drain|[of] p2a: Samurott
|faint|p2a: Samurott
|-damage|p1a: Electrode|65/100|[from] item: Life Orb
|
|-weather|Snowscape|[upkeep]
|upkeep
|inactive|gabychou le bg has 30 seconds left.
|inactive|gabychou le bg has 20 seconds left.
|inactive|gabychou le bg has 15 seconds left.
|inactive|gabychou le bg has 10 seconds left.
|
|t:|1760398076
|switch|p2a: Iron Valiant|Iron Valiant|100/100
|-enditem|p2a: Iron Valiant|Booster Energy
|-activate|p2a: Iron Valiant|ability: Quark Drive|[fromitem]
|-start|p2a: Iron Valiant|quarkdrivespe
|turn|13
|inactive|gabychou le bg has 20 seconds left this turn.
|inactive|gabychou le bg has 15 seconds left.
|
|t:|1760398086
|-terastallize|p2a: Iron Valiant|Steel
|move|p2a: Iron Valiant|Calm Mind|p2a: Iron Valiant
|-boost|p2a: Iron Valiant|spa|1
|-boost|p2a: Iron Valiant|spd|1
|move|p1a: Electrode|Thunderbolt|p2a: Iron Valiant
|-damage|p2a: Iron Valiant|44/100
|-damage|p1a: Electrode|55/100|[from] item: Life Orb
|
|-weather|Snowscape|[upkeep]
|upkeep
|turn|14
|inactive|gabychou le bg has 25 seconds left this turn.
|inactive|gabychou le bg has 20 seconds left.
|inactive|gabychou le bg has 15 seconds left.
|
|t:|1760398100
|move|p2a: Iron Valiant|Moonblast|p1a: Electrode
|-damage|p1a: Electrode|0 fnt
|faint|p1a: Electrode
|
|-weather|none
|upkeep
|
|t:|1760398112
|switch|p1a: Muk|Muk-Alola, M|100/100
|-damage|p1a: Muk|76/100|[from] Spikes
|turn|15
|inactive|gabychou le bg has 30 seconds left this turn.
|
|t:|1760398125
|move|p2a: Iron Valiant|Moonblast|p1a: Muk
|-damage|p1a: Muk|45/100
|move|p1a: Muk|Drain Punch|p2a: Iron Valiant
|-supereffective|p2a: Iron Valiant
|-damage|p2a: Iron Valiant|0 fnt
|-heal|p1a: Muk|60/100|[from] drain|[of] p2a: Iron Valiant
|faint|p2a: Iron Valiant
|-end|p2a: Iron Valiant|Quark Drive|[silent]
|
|upkeep
|inactive|gabychou le bg has 30 seconds left this turn.
|inactive|gabychou le bg has 20 seconds left.
|
|t:|1760398138
|switch|p2a: Great Tusk|Great Tusk|100/100
|turn|16
|inactive|gabychou le bg has 30 seconds left this turn.
|inactive|gabychou le bg has 20 seconds left.
|
|t:|1760398151
|switch|p1a: Abomasnow|Abomasnow, F|39/100
|-damage|p1a: Abomasnow|14/100|[from] Spikes
|-weather|Snowscape|[from] ability: Snow Warning|[of] p1a: Abomasnow
|move|p2a: Great Tusk|Rapid Spin|p1a: Abomasnow
|-damage|p1a: Abomasnow|8/100
|-boost|p2a: Great Tusk|spe|1
|
|-weather|Snowscape|[upkeep]
|upkeep
|turn|17
|inactive|gabychou le bg has 30 seconds left this turn.
|inactive|gabychou le bg has 20 seconds left.
|
|t:|1760398163
|move|p2a: Great Tusk|Knock Off|p1a: Abomasnow
|-damage|p1a: Abomasnow|0 fnt
|-enditem|p1a: Abomasnow|Light Clay|[from] move: Knock Off|[of] p2a: Great Tusk
|faint|p1a: Abomasnow
|
|-weather|Snowscape|[upkeep]
|-sideend|p1: RogerBuster|move: Aurora Veil
|upkeep
|
|t:|1760398168
|switch|p1a: Thundurus|Thundurus-Therian, M|100/100
|turn|18
|inactive|gabychou le bg has 30 seconds left.
|
|t:|1760398182
|-terastallize|p1a: Thundurus|Fairy
|move|p2a: Great Tusk|Knock Off|p1a: Thundurus
|-resisted|p1a: Thundurus
|-damage|p1a: Thundurus|81/100
|-enditem|p1a: Thundurus|Zap Plate|[from] move: Knock Off|[of] p2a: Great Tusk
|move|p1a: Thundurus|Tera Blast|p2a: Great Tusk|[anim] Tera Blast Fairy
|-supereffective|p2a: Great Tusk
|-damage|p2a: Great Tusk|0 fnt
|faint|p2a: Great Tusk
|-end|p2a: Great Tusk|Protosynthesis|[silent]
|
|-weather|Snowscape|[upkeep]
|upkeep
|inactive|gabychou le bg has 30 seconds left this turn.
|
|t:|1760398188
|switch|p2a: Kingambit|Kingambit, M|100/100
|-activate|p2a: Kingambit|ability: Supreme Overlord
|-start|p2a: Kingambit|fallen5|[silent]
|turn|19
|inactive|gabychou le bg has 30 seconds left.
|
|t:|1760398203
|move|p1a: Thundurus|Tera Blast|p2a: Kingambit|[anim] Tera Blast Fairy
|-damage|p2a: Kingambit|51/100
|move|p2a: Kingambit|Iron Head|p1a: Thundurus
|-supereffective|p1a: Thundurus
|-damage|p1a: Thundurus|0 fnt
|faint|p1a: Thundurus
|
|-weather|Snowscape|[upkeep]
|upkeep
|
|t:|1760398210
|switch|p1a: Muk|Muk-Alola, M|60/100
|-damage|p1a: Muk|36/100|[from] Spikes
|turn|20
|inactive|gabychou le bg has 30 seconds left.
|
|t:|1760398223
|move|p1a: Muk|Drain Punch|p2a: Kingambit
|-supereffective|p2a: Kingambit
|-damage|p2a: Kingambit|0 fnt
|-heal|p1a: Muk|59/100|[from] drain|[of] p2a: Kingambit
|faint|p2a: Kingambit
|-end|p2a: Kingambit|fallen5|[silent]
|
|win|RogerBuster
|raw|RogerBuster's rating: 1389 &rarr; <strong>1407</strong><br />(+18 for winning)
|raw|gabychou le bg's rating: 1360 &rarr; <strong>1342</strong><br />(-18 for losing)
|c|☆RogerBuster|gg
|l|☆RogerBuster
|player|p1|
|l|☆gabychou le bg
|player|p2|
