|j|☆V_run658
|j|☆lifeisgoodfuture
|t:|1760432440
|gametype|singles
|player|p1|V_run658|hugh|1436
|player|p2|lifeisgoodfuture|170|1442
|gen|9
|tier|[Gen 9] OU
|rated|
|rule|HP Percentage Mod: HP is shown in percentages
|rule|Endless Battle Clause: Forcing endless battles is banned
|rule|Species Clause: Limit one of each Pokémon
|rule|OHKO Clause: OHKO moves are banned
|rule|Evasion Items Clause: Evasion items are banned
|rule|Evasion Moves Clause: Evasion moves are banned
|rule|Evasion Abilities Clause: Evasion abilities are banned
|rule|Sleep Moves Clause: Sleep-inducing moves are banned
|clearpoke
|poke|p1|Greninja-*, M|
|poke|p1|Slowking-Galar, F|
|poke|p1|Conkeldurr, F|
|poke|p1|Garchomp, F|
|poke|p1|Rillaboom, F|
|poke|p1|Skeledirge, M|
|poke|p2|Enamorus, F|
|poke|p2|Ogerpon-Wellspring, F|
|poke|p2|Iron Crown|
|poke|p2|Iron Hands|
|poke|p2|Glimmora, M|
|poke|p2|Ursaluna, M|
|teampreview
|inactive|Battle timer is ON: inactive players will automatically lose when time's up. (requested by lifeisgoodfuture)
|
|t:|1760432448
|teamsize|p1|6
|teamsize|p2|6
|start
|switch|p1a: Garchomp|Garchomp, F|100/100
|switch|p2a: Iron Crown|Iron Crown|100/100
|turn|1
|
|t:|1760432468
|-end|p2a: Iron Crown|Quark Drive|[silent]
|switch|p2a: Enamorus|Enamorus, F, shiny|100/100
|move|p1a: Garchomp|Iron Head|p2a: Enamorus
|-supereffective|p2a: Enamorus
|-damage|p2a: Enamorus|4/100
|
|upkeep
|turn|2
|
|t:|1760432477
|switch|p1a: Slowking|Slowking-Galar, F|100/100
|move|p2a: Enamorus|Earth Power|p1a: Slowking
|-supereffective|p1a: Slowking
|-damage|p1a: Slowking|68/100
|
|upkeep
|turn|3
|
|t:|1760432480
|switch|p2a: Iron Crown|Iron Crown|100/100
|move|p1a: Slowking|Future Sight|p2a: Iron Crown
|-start|p1a: Slowking|move: Future Sight
|
|upkeep
|turn|4
|
|t:|1760432483
|move|p2a: Iron Crown|Tachyon Cutter|p1a: Slowking
|-damage|p1a: Slowking|50/100
|-damage|p1a: Slowking|33/100
|-hitcount|p1a: Slowking|2
|move|p1a: Slowking|Flamethrower|p2a: Iron Crown
|-supereffective|p2a: Iron Crown
|-damage|p2a: Iron Crown|46/100
|
|upkeep
|turn|5
|
|t:|1760432488
|switch|p1a: Skeledirge|Skeledirge, M|100/100
|move|p2a: Iron Crown|Tachyon Cutter|p1a: Skeledirge
|-resisted|p1a: Skeledirge
|-damage|p1a: Skeledirge|87/100
|-resisted|p1a: Skeledirge
|-damage|p1a: Skeledirge|72/100
|-hitcount|p1a: Skeledirge|2
|
|-end|p2a: Iron Crown|move: Future Sight
|-resisted|p2a: Iron Crown
|-damage|p2a: Iron Crown|32/100
|upkeep
|turn|6
|
|t:|1760432512
|-end|p2a: Iron Crown|Quark Drive|[silent]
|switch|p2a: Glimmora|Glimmora, M, shiny|100/100
|move|p1a: Skeledirge|Will-O-Wisp|p2a: Glimmora
|-status|p2a: Glimmora|brn
|
|-damage|p2a: Glimmora|94/100 brn|[from] brn
|upkeep
|turn|7
|
|t:|1760432529
|switch|p1a: Garchomp|Garchomp, F|100/100
|move|p2a: Glimmora|Stealth Rock|p1a: Garchomp
|-sidestart|p1: V_run658|move: Stealth Rock
|
|-damage|p2a: Glimmora|88/100 brn|[from] brn
|upkeep
|turn|8
|
|t:|1760432537
|move|p1a: Garchomp|Scale Shot|p2a: Glimmora
|-damage|p2a: Glimmora|76/100 brn
|-activate|p2a: Glimmora|ability: Toxic Debris
|-sidestart|p1: V_run658|move: Toxic Spikes
|-damage|p2a: Glimmora|64/100 brn
|-activate|p2a: Glimmora|ability: Toxic Debris
|-sidestart|p1: V_run658|move: Toxic Spikes
|-damage|p2a: Glimmora|53/100 brn
|-damage|p2a: Glimmora|42/100 brn
|-hitcount|p2a: Glimmora|4
|-enditem|p2a: Glimmora|Red Card|[of] p1a: Garchomp
|-unboost|p1a: Garchomp|def|1
|-boost|p1a: Garchomp|spe|1
|drag|p1a: Rillaboom|Rillaboom, F|100/100
|-damage|p1a: Rillaboom|88/100|[from] Stealth Rock
|-status|p1a: Rillaboom|tox
|-fieldstart|move: Grassy Terrain|[from] ability: Grassy Surge|[of] p1a: Rillaboom
|move|p2a: Glimmora|Mortal Spin|p1a: Rillaboom
|-supereffective|p1a: Rillaboom
|-damage|p1a: Rillaboom|82/100 tox
|
|-heal|p1a: Rillaboom|88/100 tox|[from] Grassy Terrain
|-heal|p2a: Glimmora|48/100 brn|[from] Grassy Terrain
|-damage|p1a: Rillaboom|82/100 tox|[from] psn
|-damage|p2a: Glimmora|42/100 brn|[from] brn
|upkeep
|turn|9
|
|t:|1760432547
|move|p1a: Rillaboom|Grassy Glide|p2a: Glimmora
|-damage|p2a: Glimmora|0 fnt
|faint|p2a: Glimmora
|-damage|p1a: Rillaboom|72/100 tox|[from] item: Life Orb
|
|-heal|p1a: Rillaboom|78/100 tox|[from] Grassy Terrain
|-damage|p1a: Rillaboom|66/100 tox|[from] psn
|upkeep
|
|t:|1760432557
|switch|p2a: Iron Crown|Iron Crown|32/100
|turn|10
|
|t:|1760432562
|move|p2a: Iron Crown|Psychic Noise|p1a: Rillaboom
|-damage|p1a: Rillaboom|0 fnt
|faint|p1a: Rillaboom
|
|-heal|p2a: Iron Crown|38/100|[from] Grassy Terrain
|upkeep
|
|t:|1760432567
|switch|p1a: Slowking|Slowking-Galar, F|66/100
|-damage|p1a: Slowking|54/100|[from] Stealth Rock
|-sideend|p1: V_run658|move: Toxic Spikes|[of] p1a: Slowking
|turn|11
|
|t:|1760432578
|-end|p2a: Iron Crown|Quark Drive|[silent]
|switch|p2a: Ursaluna|Ursaluna, M, shiny|100/100
|move|p1a: Slowking|Flamethrower|p2a: Ursaluna
|-damage|p2a: Ursaluna|85/100
|
|-heal|p2a: Ursaluna|91/100|[from] Grassy Terrain
|-heal|p2a: Ursaluna|97/100|[from] item: Leftovers
|-heal|p1a: Slowking|60/100|[from] Grassy Terrain
|upkeep
|turn|12
|
|t:|1760432593
|-terastallize|p1a: Slowking|Fairy
|move|p2a: Ursaluna|Bulk Up|p2a: Ursaluna
|-boost|p2a: Ursaluna|atk|1
|-boost|p2a: Ursaluna|def|1
|move|p1a: Slowking|Ice Beam|p2a: Ursaluna
|-supereffective|p2a: Ursaluna
|-damage|p2a: Ursaluna|63/100
|-status|p2a: Ursaluna|frz
|
|-heal|p2a: Ursaluna|69/100 frz|[from] Grassy Terrain
|-heal|p2a: Ursaluna|75/100 frz|[from] item: Leftovers
|-heal|p1a: Slowking|66/100|[from] Grassy Terrain
|-fieldend|move: Grassy Terrain
|upkeep
|turn|13
|
|t:|1760432599
|switch|p1a: Conkeldurr|Conkeldurr, F|100/100
|-damage|p1a: Conkeldurr|94/100|[from] Stealth Rock
|cant|p2a: Ursaluna|frz
|
|-heal|p2a: Ursaluna|81/100 frz|[from] item: Leftovers
|-status|p1a: Conkeldurr|brn|[from] item: Flame Orb
|upkeep
|turn|14
|
|t:|1760432602
|cant|p2a: Ursaluna|frz
|move|p1a: Conkeldurr|Drain Punch|p2a: Ursaluna
|-supereffective|p2a: Ursaluna
|-crit|p2a: Ursaluna
|-damage|p2a: Ursaluna|0 fnt
|-heal|p1a: Conkeldurr|100/100 brn|[from] drain|[of] p2a: Ursaluna
|faint|p2a: Ursaluna
|
|-damage|p1a: Conkeldurr|94/100 brn|[from] brn
|upkeep
|
|t:|1760432609
|switch|p2a: Iron Crown|Iron Crown|38/100
|turn|15
|
|t:|1760432615
|switch|p1a: Slowking|Slowking-Galar, F, tera:Fairy|99/100
|-damage|p1a: Slowking|87/100|[from] Stealth Rock
|move|p2a: Iron Crown|Psychic Noise|p1a: Slowking
|-damage|p1a: Slowking|59/100
|-start|p1a: Slowking|move: Heal Block
|
|upkeep
|turn|16
|
|t:|1760432621
|-end|p2a: Iron Crown|Quark Drive|[silent]
|switch|p2a: Enamorus|Enamorus, F, shiny|4/100
|move|p1a: Slowking|Future Sight|p2a: Enamorus
|-start|p1a: Slowking|move: Future Sight
|
|-end|p1a: Slowking|move: Heal Block
|upkeep
|turn|17
|
|t:|1760432625
|switch|p1a: Skeledirge|Skeledirge, M|72/100
|move|p2a: Enamorus|Healing Wish|p2a: Enamorus
|faint|p2a: Enamorus
|
|upkeep
|
|t:|1760432631
|switch|p2a: Ogerpon|Ogerpon-Wellspring, F|100/100
|turn|18
|
|t:|1760432633
|move|p2a: Ogerpon|Ivy Cudgel|p1a: Skeledirge|[anim] Ivy Cudgel Water
|-supereffective|p1a: Skeledirge
|-crit|p1a: Skeledirge
|-damage|p1a: Skeledirge|0 fnt
|faint|p1a: Skeledirge
|
|-end|p2a: Ogerpon|move: Future Sight
|-damage|p2a: Ogerpon|41/100
|upkeep
|
|t:|1760432638
|switch|p1a: Greninja|Greninja, M|100/100
|-damage|p1a: Greninja|88/100|[from] Stealth Rock
|turn|19
|
|t:|1760432656
|switch|p2a: Iron Hands|Iron Hands, shiny|100/100
|-enditem|p2a: Iron Hands|Booster Energy
|-activate|p2a: Iron Hands|ability: Quark Drive|[fromitem]
|-start|p2a: Iron Hands|quarkdriveatk
|move|p1a: Greninja|Dark Pulse|p2a: Iron Hands
|-resisted|p2a: Iron Hands
|-damage|p2a: Iron Hands|84/100
|
|upkeep
|turn|20
|
|t:|1760432663
|switch|p1a: Garchomp|Garchomp, F|100/100
|-damage|p1a: Garchomp|94/100|[from] Stealth Rock
|move|p2a: Iron Hands|Drain Punch|p1a: Garchomp
|-damage|p1a: Garchomp|35/100
|-heal|p2a: Iron Hands|100/100|[from] drain|[of] p1a: Garchomp
|-damage|p2a: Iron Hands|88/100|[from] ability: Rough Skin|[of] p1a: Garchomp
|
|upkeep
|turn|21
|
|t:|1760432667
|move|p1a: Garchomp|Earthquake|p2a: Iron Hands
|-supereffective|p2a: Iron Hands
|-crit|p2a: Iron Hands
|-damage|p2a: Iron Hands|0 fnt
|faint|p2a: Iron Hands
|-end|p2a: Iron Hands|Quark Drive|[silent]
|
|upkeep
|
|t:|1760432670
|switch|p2a: Ogerpon|Ogerpon-Wellspring, F|41/100
|-heal|p2a: Ogerpon|100/100|[from] move: Healing Wish
|turn|22
|
|t:|1760432677
|move|p2a: Ogerpon|Ivy Cudgel|p1a: Garchomp|[anim] Ivy Cudgel Water
|-damage|p1a: Garchomp|0 fnt
|faint|p1a: Garchomp
|
|upkeep
|
|t:|1760432680
|switch|p1a: Slowking|Slowking-Galar, F, tera:Fairy|92/100
|-damage|p1a: Slowking|79/100|[from] Stealth Rock
|turn|23
|
|t:|1760432693
|-terastallize|p2a: Ogerpon|Water
|detailschange|p2a: Ogerpon|Ogerpon-Wellspring-Tera, F, tera:Water
|-ability|p2a: Ogerpon|Embody Aspect (Wellspring)|boost
|-boost|p2a: Ogerpon|spd|1
|move|p2a: Ogerpon|Ivy Cudgel|p1a: Slowking|[anim] Ivy Cudgel Water
|-damage|p1a: Slowking|0 fnt
|faint|p1a: Slowking
|
|upkeep
|
|t:|1760432695
|switch|p1a: Conkeldurr|Conkeldurr, F|94/100 brn
|-damage|p1a: Conkeldurr|88/100 brn|[from] Stealth Rock
|turn|24
|
|t:|1760432720
|move|p2a: Ogerpon|U-turn|p1a: Conkeldurr
|-resisted|p1a: Conkeldurr
|-damage|p1a: Conkeldurr|77/100 brn
|
|t:|1760432721
|switch|p2a: Iron Crown|Iron Crown|38/100|[from] U-turn
|move|p1a: Conkeldurr|Drain Punch|p2a: Iron Crown
|-damage|p2a: Iron Crown|0 fnt
|-heal|p1a: Conkeldurr|93/100 brn|[from] drain|[of] p2a: Iron Crown
|faint|p2a: Iron Crown
|-end|p2a: Iron Crown|Quark Drive|[silent]
|
|-damage|p1a: Conkeldurr|87/100 brn|[from] brn
|upkeep
|
|t:|1760432722
|switch|p2a: Ogerpon|Ogerpon-Wellspring-Tera, F, tera:Water|100/100
|-ability|p2a: Ogerpon|Embody Aspect (Wellspring)|boost
|-boost|p2a: Ogerpon|spd|1
|turn|25
|
|t:|1760432725
|move|p2a: Ogerpon|Ivy Cudgel|p1a: Conkeldurr|[anim] Ivy Cudgel Water
|-damage|p1a: Conkeldurr|26/100 brn
|move|p1a: Conkeldurr|Drain Punch|p2a: Ogerpon
|-damage|p2a: Ogerpon|17/100
|-heal|p1a: Conkeldurr|59/100 brn|[from] drain|[of] p2a: Ogerpon
|
|-damage|p1a: Conkeldurr|52/100 brn|[from] brn
|upkeep
|turn|26
|
|t:|1760432739
|move|p1a: Conkeldurr|Mach Punch|p2a: Ogerpon
|-damage|p2a: Ogerpon|0 fnt
|faint|p2a: Ogerpon
|detailschange|p2: Ogerpon|Ogerpon-Wellspring, F|[silent]
|
|win|V_run658
|raw|V_run658's rating: 1436 &rarr; <strong>1456</strong><br />(+20 for winning)
|raw|lifeisgoodfuture's rating: 1442 &rarr; <strong>1422</strong><br />(-20 for losing)
|l|☆lifeisgoodfuture
|player|p2|
|l|☆V_run658
|player|p1|
