|j|☆Distra5
|j|☆ikiab ts pmo
|t:|1760376262
|gametype|singles
|player|p1|Distra5|backpacker|1067
|player|p2|ikiab ts pmo|policeman-gen4|1104
|gen|9
|tier|[Gen 9] OU
|rated|
|rule|HP Percentage Mod: HP is shown in percentages
|rule|Endless Battle Clause: Forcing endless battles is banned
|rule|Species Clause: Limit one of each Pokémon
|rule|OHKO Clause: OHKO moves are banned
|rule|Evasion Items Clause: Evasion items are banned
|rule|Evasion Moves Clause: Evasion moves are banned
|rule|Evasion Abilities Clause: Evasion abilities are banned
|rule|Sleep Moves Clause: Sleep-inducing moves are banned
|clearpoke
|poke|p1|Heracross, M|
|poke|p1|Mamoswine, M|
|poke|p1|Houndstone, M|
|poke|p1|Weezing, F|
|poke|p1|Alomomola, F|
|poke|p1|Vileplume, M|
|poke|p2|Ting-Lu|
|poke|p2|Corviknight, M|
|poke|p2|Darkrai|
|poke|p2|Cinderace, M|
|poke|p2|Kyurem|
|poke|p2|Slowking-Galar, F|
|teampreview
|
|t:|1760376281
|teamsize|p1|6
|teamsize|p2|6
|start
|switch|p1a: Houndstone|Houndstone, M|100/100
|switch|p2a: Kyurem|Kyurem|100/100
|-ability|p2a: Kyurem|Pressure
|-item|p1a: Houndstone|Air Balloon
|turn|1
|
|t:|1760376298
|-terastallize|p1a: Houndstone|Ghost
|move|p2a: Kyurem|Ice Beam|p1a: Houndstone
|-damage|p1a: Houndstone|22/100
|-enditem|p1a: Houndstone|Air Balloon
|move|p1a: Houndstone|Play Rough|p2a: Kyurem
|-supereffective|p2a: Kyurem
|-damage|p2a: Kyurem|50/100
|
|upkeep
|turn|2
|
|t:|1760376310
|switch|p1a: Nu More|Mamoswine, M|100/100
|move|p2a: Kyurem|Ice Beam|p1a: Nu More
|-damage|p1a: Nu More|11/100
|
|upkeep
|turn|3
|
|t:|1760376319
|move|p2a: Kyurem|Ice Beam|p1a: Nu More
|-damage|p1a: Nu More|0 fnt
|faint|p1a: Nu More
|
|upkeep
|
|t:|1760376325
|switch|p1a: TooSaucy|Heracross, M, shiny|100/100
|turn|4
|
|t:|1760376330
|move|p1a: TooSaucy|Close Combat|p2a: Kyurem
|-supereffective|p2a: Kyurem
|-damage|p2a: Kyurem|0 fnt
|-unboost|p1a: TooSaucy|def|1
|-unboost|p1a: TooSaucy|spd|1
|faint|p2a: Kyurem
|
|upkeep
|
|t:|1760376338
|switch|p2a: Slowking|Slowking-Galar, F|100/100
|turn|5
|
|t:|1760376351
|switch|p1a: Houndstone|Houndstone, M, tera:Ghost|22/100
|move|p2a: Slowking|Psyshock|p1a: Houndstone
|-damage|p1a: Houndstone|0 fnt
|faint|p1a: Houndstone
|
|upkeep
|inactive|Battle timer is ON: inactive players will automatically lose when time's up. (requested by ikiab ts pmo)
|
|t:|1760376392
|switch|p1a: Ilene|Alomomola, F|100/100
|turn|6
|
|t:|1760376417
|move|p1a: Ilene|Zen Headbutt|p2a: Slowking
|-damage|p2a: Slowking|80/100
|-prepare|p2a: Slowking|Chilly Reception|[premajor]
|move|p2a: Slowking|Chilly Reception|p2a: Slowking
|-weather|Snowscape
|inactive|ikiab ts pmo has 120 seconds left.
|
|t:|1760376431
|switch|p2a: Darkrai|Darkrai|100/100|[from] Chilly Reception
|
|-weather|Snowscape|[upkeep]
|upkeep
|turn|7
|
|t:|1760376446
|move|p2a: Darkrai|Dark Pulse|p1a: Ilene
|-damage|p1a: Ilene|45/100
|move|p1a: Ilene|Rain Dance|p1a: Ilene
|-weather|RainDance
|
|-weather|RainDance|[upkeep]
|-heal|p1a: Ilene|52/100|[from] item: Leftovers
|upkeep
|turn|8
|
|t:|1760376457
|move|p2a: Darkrai|Dark Pulse|p1a: Ilene
|-damage|p1a: Ilene|0 fnt
|faint|p1a: Ilene
|
|-weather|RainDance|[upkeep]
|upkeep
|
|t:|1760376463
|switch|p1a: Weezing|Weezing, F|100/100
|turn|9
|
|t:|1760376490
|switch|p2a: Ting-Lu|Ting-Lu|100/100
|-ability|p2a: Ting-Lu|Vessel of Ruin
|move|p1a: Weezing|Dark Pulse|p2a: Ting-Lu
|-resisted|p2a: Ting-Lu
|-damage|p2a: Ting-Lu|94/100
|-damage|p1a: Weezing|91/100|[from] item: Life Orb
|
|-weather|RainDance|[upkeep]
|-heal|p2a: Ting-Lu|100/100|[from] item: Leftovers
|upkeep
|turn|10
|
|t:|1760376506
|switch|p1a: Vileplume|Vileplume, M, shiny|100/100
|move|p2a: Ting-Lu|Stealth Rock|p1a: Vileplume
|-sidestart|p1: Distra5|move: Stealth Rock
|
|-weather|RainDance|[upkeep]
|upkeep
|turn|11
|
|t:|1760376521
|switch|p1a: Weezing|Weezing, F|91/100
|-damage|p1a: Weezing|78/100|[from] Stealth Rock
|switch|p2a: Slowking|Slowking-Galar, F|100/100
|
|-weather|none
|upkeep
|turn|12
|
|t:|1760376534
|move|p1a: Weezing|Dark Pulse|p2a: Slowking
|-supereffective|p2a: Slowking
|-damage|p2a: Slowking|67/100
|-damage|p1a: Weezing|68/100|[from] item: Life Orb
|move|p2a: Slowking|Psyshock|p1a: Weezing
|-supereffective|p1a: Weezing
|-damage|p1a: Weezing|10/100
|
|upkeep
|turn|13
|
|t:|1760376543
|move|p1a: Weezing|Dark Pulse|p2a: Slowking
|-supereffective|p2a: Slowking
|-damage|p2a: Slowking|31/100
|-damage|p1a: Weezing|0 fnt|[from] item: Life Orb
|faint|p1a: Weezing
|move|p2a: Slowking|Slack Off|p2a: Slowking
|-heal|p2a: Slowking|81/100
|
|upkeep
|
|t:|1760376556
|switch|p1a: TooSaucy|Heracross, M, shiny|100/100
|-damage|p1a: TooSaucy|88/100|[from] Stealth Rock
|turn|14
|
|t:|1760376569
|move|p1a: TooSaucy|Megahorn|p2a: Slowking
|-damage|p2a: Slowking|19/100
|move|p2a: Slowking|Psyshock|p1a: TooSaucy
|-supereffective|p1a: TooSaucy
|-damage|p1a: TooSaucy|10/100
|
|upkeep
|turn|15
|-message|Distra5 forfeited.
|
|win|ikiab ts pmo
|raw|Distra5's rating: 1067 &rarr; <strong>1050</strong><br />(-17 for losing)
|raw|ikiab ts pmo's rating: 1126 &rarr; <strong>1147</strong><br />(+21 for winning)
|l|☆Distra5
|player|p1|
|l|☆ikiab ts pmo
|player|p2|
