|j|☆Urracq
|j|☆Dragon Force 6
|t:|1760440555
|gametype|singles
|player|p1|Urracq|266|1184
|player|p2|Dragon Force 6|fisherman-gen4|1191
|gen|9
|tier|[Gen 9] OU
|rated|
|rule|HP Percentage Mod: HP is shown in percentages
|rule|Endless Battle Clause: Forcing endless battles is banned
|rule|Species Clause: Limit one of each Pokémon
|rule|OHKO Clause: OHKO moves are banned
|rule|Evasion Items Clause: Evasion items are banned
|rule|Evasion Moves Clause: Evasion moves are banned
|rule|Evasion Abilities Clause: Evasion abilities are banned
|rule|Sleep Moves Clause: Sleep-inducing moves are banned
|clearpoke
|poke|p1|Glimmora, M|
|poke|p1|Great Tusk|
|poke|p1|Dragapult, M|
|poke|p1|Moltres|
|poke|p1|Araquanid, M|
|poke|p1|Iron Valiant|
|poke|p2|Pincurchin, F|
|poke|p2|Hawlucha, M|
|poke|p2|Iron Valiant|
|poke|p2|Iron Treads|
|poke|p2|Iron Moth|
|poke|p2|Iron Hands|
|teampreview
|inactive|Battle timer is ON: inactive players will automatically lose when time's up. (requested by Dragon Force 6)
|j| Bulma's Panties
|
|t:|1760440560
|teamsize|p1|6
|teamsize|p2|6
|start
|switch|p1a: Glimmora|Glimmora, M|100/100
|switch|p2a: Pincurchin|Pincurchin, F|100/100
|-fieldstart|move: Electric Terrain|[from] ability: Electric Surge|[of] p2a: Pincurchin
|turn|1
|
|t:|1760440570
|switch|p2a: Iron Treads|Iron Treads|100/100
|-activate|p2a: Iron Treads|ability: Quark Drive
|-start|p2a: Iron Treads|quarkdrivespe
|move|p1a: Glimmora|Stealth Rock|p2a: Iron Treads
|-sidestart|p2: Dragon Force 6|move: Stealth Rock
|
|upkeep
|turn|2
|l| Bulma's Panties
|
|t:|1760440583
|switch|p1a: Dragapult|Dragapult, M|100/100
|move|p2a: Iron Treads|Earthquake|p1a: Dragapult
|-damage|p1a: Dragapult|35/100
|
|upkeep
|turn|3
|
|t:|1760440590
|switch|p1a: Moltres|Moltres|100/100
|move|p2a: Iron Treads|Ice Spinner|p1a: Moltres
|-damage|p1a: Moltres|84/100
|-fieldend|move: Electric Terrain
|-end|p2a: Iron Treads|Quark Drive
|
|upkeep
|turn|4
|
|t:|1760440598
|move|p2a: Iron Treads|Rapid Spin|p1a: Moltres
|-damage|p1a: Moltres|74/100
|-boost|p2a: Iron Treads|spe|1
|-status|p2a: Iron Treads|brn|[from] ability: Flame Body|[of] p1a: Moltres
|-sideend|p2: Dragon Force 6|Stealth Rock|[from] move: Rapid Spin|[of] p2a: Iron Treads
|move|p1a: Moltres|Will-O-Wisp|p2a: Iron Treads
|-fail|p2a: Iron Treads|brn
|
|-damage|p2a: Iron Treads|94/100 brn|[from] brn
|upkeep
|turn|5
|
|t:|1760440613
|-end|p2a: Iron Treads|Quark Drive|[silent]
|switch|p2a: Pincurchin|Pincurchin, F|100/100
|-fieldstart|move: Electric Terrain|[from] ability: Electric Surge|[of] p2a: Pincurchin
|move|p1a: Moltres|Flamethrower|p2a: Pincurchin
|-damage|p2a: Pincurchin|60/100
|
|upkeep
|turn|6
|
|t:|1760440623
|switch|p2a: Iron Moth|Iron Moth|100/100
|-activate|p2a: Iron Moth|ability: Quark Drive
|-start|p2a: Iron Moth|quarkdrivespa
|move|p1a: Moltres|Flamethrower|p2a: Iron Moth
|-resisted|p2a: Iron Moth
|-damage|p2a: Iron Moth|80/100
|
|upkeep
|turn|7
|
|t:|1760440634
|move|p2a: Iron Moth|Sludge Wave|p1a: Moltres
|-damage|p1a: Moltres|0 fnt
|faint|p1a: Moltres
|
|upkeep
|
|t:|1760440646
|switch|p1a: Araquanid|Araquanid, M|100/100
|turn|8
|
|t:|1760440651
|move|p2a: Iron Moth|Sludge Wave|p1a: Araquanid
|-damage|p1a: Araquanid|50/100
|-status|p1a: Araquanid|psn
|move|p1a: Araquanid|Liquidation|p2a: Iron Moth
|-supereffective|p2a: Iron Moth
|-damage|p2a: Iron Moth|0 fnt
|faint|p2a: Iron Moth
|-end|p2a: Iron Moth|Quark Drive|[silent]
|
|-damage|p1a: Araquanid|37/100 psn|[from] psn
|upkeep
|
|t:|1760440659
|switch|p2a: Iron Valiant|Iron Valiant|100/100
|-activate|p2a: Iron Valiant|ability: Quark Drive
|-start|p2a: Iron Valiant|quarkdrivespe
|turn|9
|
|t:|1760440667
|move|p2a: Iron Valiant|Calm Mind|p2a: Iron Valiant
|-boost|p2a: Iron Valiant|spa|1
|-boost|p2a: Iron Valiant|spd|1
|move|p1a: Araquanid|Liquidation|p2a: Iron Valiant
|-damage|p2a: Iron Valiant|43/100
|-unboost|p2a: Iron Valiant|def|1
|
|-damage|p1a: Araquanid|25/100 psn|[from] psn
|upkeep
|turn|10
|
|t:|1760440677
|move|p2a: Iron Valiant|Thunderbolt|p1a: Araquanid
|-supereffective|p1a: Araquanid
|-damage|p1a: Araquanid|0 fnt
|faint|p1a: Araquanid
|-damage|p2a: Iron Valiant|33/100|[from] item: Life Orb
|
|upkeep
|
|t:|1760440685
|switch|p1a: Glimmora|Glimmora, M|100/100
|turn|11
|
|t:|1760440700
|move|p2a: Iron Valiant|Psyshock|p1a: Glimmora
|-supereffective|p1a: Glimmora
|-enditem|p1a: Glimmora|Focus Sash
|-damage|p1a: Glimmora|1/100
|-damage|p2a: Iron Valiant|24/100|[from] item: Life Orb
|move|p1a: Glimmora|Sludge Bomb|p2a: Iron Valiant
|-supereffective|p2a: Iron Valiant
|-damage|p2a: Iron Valiant|0 fnt
|faint|p2a: Iron Valiant
|-end|p2a: Iron Valiant|Quark Drive|[silent]
|
|upkeep
|
|t:|1760440708
|switch|p2a: Hawlucha|Hawlucha, M|100/100
|-enditem|p2a: Hawlucha|Electric Seed
|-boost|p2a: Hawlucha|def|1|[from] item: Electric Seed
|turn|12
|
|t:|1760440715
|move|p2a: Hawlucha|Acrobatics|p1a: Glimmora
|-resisted|p1a: Glimmora
|-damage|p1a: Glimmora|0 fnt
|-activate|p1a: Glimmora|ability: Toxic Debris
|-sidestart|p2: Dragon Force 6|move: Toxic Spikes
|faint|p1a: Glimmora
|
|-fieldend|move: Electric Terrain
|upkeep
|
|t:|1760440737
|switch|p1a: Iron Valiant|Iron Valiant|100/100
|-enditem|p1a: Iron Valiant|Booster Energy
|-activate|p1a: Iron Valiant|ability: Quark Drive|[fromitem]
|-start|p1a: Iron Valiant|quarkdrivespe
|turn|13
|
|t:|1760440743
|-terastallize|p1a: Iron Valiant|Fairy
|move|p2a: Hawlucha|Acrobatics|p1a: Iron Valiant
|-damage|p1a: Iron Valiant|31/100
|move|p1a: Iron Valiant|Moonblast|p2a: Hawlucha
|-supereffective|p2a: Hawlucha
|-damage|p2a: Hawlucha|0 fnt
|faint|p2a: Hawlucha
|
|upkeep
|
|t:|1760440756
|switch|p2a: Pincurchin|Pincurchin, F|60/100
|-status|p2a: Pincurchin|psn
|-fieldstart|move: Electric Terrain|[from] ability: Electric Surge|[of] p2a: Pincurchin
|turn|14
|
|t:|1760440765
|move|p1a: Iron Valiant|Moonblast|p2a: Pincurchin
|-damage|p2a: Pincurchin|5/100 psn
|move|p2a: Pincurchin|Discharge|p1a: Iron Valiant
|-damage|p1a: Iron Valiant|0 fnt
|faint|p1a: Iron Valiant
|-end|p1a: Iron Valiant|Quark Drive|[silent]
|
|-damage|p2a: Pincurchin|0 fnt|[from] psn
|faint|p2a: Pincurchin
|upkeep
|
|t:|1760440779
|switch|p1a: Great Tusk|Great Tusk|100/100
|switch|p2a: Iron Treads|Iron Treads|94/100 brn
|-activate|p2a: Iron Treads|ability: Quark Drive
|-start|p2a: Iron Treads|quarkdrivespe
|turn|15
|
|t:|1760440790
|move|p2a: Iron Treads|Ice Spinner|p1a: Great Tusk
|-supereffective|p1a: Great Tusk
|-damage|p1a: Great Tusk|86/100
|-fieldend|move: Electric Terrain
|-end|p2a: Iron Treads|Quark Drive
|move|p1a: Great Tusk|Earthquake|p2a: Iron Treads
|-supereffective|p2a: Iron Treads
|-damage|p2a: Iron Treads|0 fnt
|faint|p2a: Iron Treads
|-end|p2a: Iron Treads|Quark Drive|[silent]
|
|upkeep
|
|t:|1760440796
|switch|p2a: Iron Hands|Iron Hands|100/100
|-status|p2a: Iron Hands|psn
|turn|16
|
|t:|1760440809
|-terastallize|p2a: Iron Hands|Ice
|move|p1a: Great Tusk|Earthquake|p2a: Iron Hands
|-damage|p2a: Iron Hands|61/100 psn
|move|p2a: Iron Hands|Ice Punch|p1a: Great Tusk
|-supereffective|p1a: Great Tusk
|-damage|p1a: Great Tusk|30/100
|
|-damage|p2a: Iron Hands|48/100 psn|[from] psn
|upkeep
|turn|17
|
|t:|1760440819
|move|p1a: Great Tusk|Close Combat|p2a: Iron Hands
|-supereffective|p2a: Iron Hands
|-damage|p2a: Iron Hands|0 fnt
|-unboost|p1a: Great Tusk|def|1
|-unboost|p1a: Great Tusk|spd|1
|faint|p2a: Iron Hands
|-end|p2a: Iron Hands|Quark Drive|[silent]
|
|win|Urracq
|raw|Urracq's rating: 1184 &rarr; <strong>1210</strong><br />(+26 for winning)
|raw|Dragon Force 6's rating: 1191 &rarr; <strong>1165</strong><br />(-26 for losing)
|l|☆Urracq
|player|p1|
|l|☆Dragon Force 6
|player|p2|
