|j|☆UchihaSusgay
|j|☆sminey
|t:|1760336029
|gametype|singles
|player|p1|UchihaSusgay|101|1472
|player|p2|sminey|2|1555
|gen|9
|tier|[Gen 9] OU
|rated|
|rule|HP Percentage Mod: HP is shown in percentages
|rule|Endless Battle Clause: Forcing endless battles is banned
|rule|Species Clause: Limit one of each Pokémon
|rule|OHKO Clause: OHKO moves are banned
|rule|Evasion Items Clause: Evasion items are banned
|rule|Evasion Moves Clause: Evasion moves are banned
|rule|Evasion Abilities Clause: Evasion abilities are banned
|rule|Sleep Moves Clause: Sleep-inducing moves are banned
|clearpoke
|poke|p1|Enamorus, F|
|poke|p1|Kingambit, M|
|poke|p1|Alomomola, F|
|poke|p1|Weezing-Galar, F|
|poke|p1|Flygon, F|
|poke|p1|Rotom-Heat|
|poke|p2|Latios, M|
|poke|p2|Cinderace, M|
|poke|p2|Weavile, F|
|poke|p2|Zapdos|
|poke|p2|Clefable, F|
|poke|p2|Slowking-Galar, M|
|teampreview
|
|t:|1760336036
|teamsize|p1|6
|teamsize|p2|6
|start
|switch|p1a: Rotom|Rotom-Heat|100/100
|switch|p2a: Cinderace|Cinderace, M|100/100
|turn|1
|inactive|Battle timer is ON: inactive players will automatically lose when time's up. (requested by sminey)
|
|t:|1760336043
|switch|p2a: Zapdos|Zapdos|100/100
|move|p1a: Rotom|Volt Switch|p2a: Zapdos
|-damage|p2a: Zapdos|56/100
|
|t:|1760336052
|switch|p1a: Enamorus|Enamorus, F|100/100|[from] Volt Switch
|
|upkeep
|turn|2
|
|t:|1760336076
|switch|p2a: Slowking|Slowking-Galar, M|100/100
|move|p1a: Enamorus|Moonblast|p2a: Slowking
|-resisted|p2a: Slowking
|-damage|p2a: Slowking|89/100
|-unboost|p2a: Slowking|spa|1
|
|upkeep
|turn|3
|
|t:|1760336091
|switch|p1a: Flygon|Flygon, F|100/100
|switch|p2a: Zapdos|Zapdos|56/100
|
|upkeep
|turn|4
|
|t:|1760336108
|move|p1a: Flygon|Outrage|p2a: Zapdos
|-damage|p2a: Zapdos|3/100
|-status|p1a: Flygon|par|[from] ability: Static|[of] p2a: Zapdos
|move|p2a: Zapdos|Roost|p2a: Zapdos
|-heal|p2a: Zapdos|53/100
|-singleturn|p2a: Zapdos|move: Roost
|
|upkeep
|turn|5
|
|t:|1760336125
|move|p2a: Zapdos|Roost|p2a: Zapdos
|-heal|p2a: Zapdos|100/100
|-singleturn|p2a: Zapdos|move: Roost
|cant|p1a: Flygon|par
|
|upkeep
|turn|6
|
|t:|1760336143
|switch|p2a: Clefable|Clefable, F|100/100
|move|p1a: Flygon|Outrage|p2a: Clefable
|-immune|p2a: Clefable
|
|upkeep
|turn|7
|
|t:|1760336148
|move|p1a: Flygon|Outrage|p2a: Clefable
|-immune|p2a: Clefable
|move|p2a: Clefable|Knock Off|p1a: Flygon
|-damage|p1a: Flygon|82/100 par
|-enditem|p1a: Flygon|Choice Band|[from] move: Knock Off|[of] p2a: Clefable
|
|upkeep
|turn|8
|
|t:|1760336161
|switch|p1a: Rotom|Rotom-Heat|100/100
|move|p2a: Clefable|Moonblast|p1a: Rotom
|-resisted|p1a: Rotom
|-damage|p1a: Rotom|81/100
|
|upkeep
|turn|9
|
|t:|1760336170
|switch|p2a: Latios|Latios, M|100/100
|move|p1a: Rotom|Overheat|p2a: Latios|[miss]
|-miss|p1a: Rotom|p2a: Latios
|
|upkeep
|turn|10
|
|t:|1760336177
|switch|p2a: Slowking|Slowking-Galar, M|100/100
|switch|p1a: Enamorus|Enamorus, F|100/100
|
|upkeep
|turn|11
|
|t:|1760336198
|move|p1a: Enamorus|Earth Power|p2a: Slowking
|-supereffective|p2a: Slowking
|-damage|p2a: Slowking|74/100
|move|p2a: Slowking|Sludge Bomb|p1a: Enamorus
|-supereffective|p1a: Enamorus
|-damage|p1a: Enamorus|6/100
|-status|p1a: Enamorus|psn
|
|-damage|p1a: Enamorus|0 fnt|[from] psn
|faint|p1a: Enamorus
|upkeep
|
|t:|1760336203
|switch|p1a: Kingambit|Kingambit, M|100/100
|-activate|p1a: Kingambit|ability: Supreme Overlord
|-start|p1a: Kingambit|fallen1|[silent]
|turn|12
|
|t:|1760336208
|switch|p2a: Zapdos|Zapdos|100/100
|move|p1a: Kingambit|Kowtow Cleave|p2a: Zapdos
|-damage|p2a: Zapdos|49/100
|
|upkeep
|turn|13
|
|t:|1760336218
|move|p2a: Zapdos|Roost|p2a: Zapdos
|-heal|p2a: Zapdos|99/100
|-singleturn|p2a: Zapdos|move: Roost
|move|p1a: Kingambit|Kowtow Cleave|p2a: Zapdos
|-damage|p2a: Zapdos|53/100
|
|upkeep
|turn|14
|
|t:|1760336223
|-end|p1a: Kingambit|fallen1|[silent]
|switch|p1a: Alomomola|Alomomola, F|100/100
|move|p2a: Zapdos|Hurricane|p1a: Alomomola
|-damage|p1a: Alomomola|62/100
|
|upkeep
|turn|15
|
|t:|1760336229
|move|p2a: Zapdos|Roost|p2a: Zapdos
|-heal|p2a: Zapdos|100/100
|-singleturn|p2a: Zapdos|move: Roost
|move|p1a: Alomomola|Flip Turn|p2a: Zapdos
|-damage|p2a: Zapdos|88/100
|-status|p1a: Alomomola|par|[from] ability: Static|[of] p2a: Zapdos
|
|t:|1760336232
|switch|p1a: Rotom|Rotom-Heat|81/100|[from] Flip Turn
|
|upkeep
|turn|16
|
|t:|1760336238
|switch|p2a: Slowking|Slowking-Galar, M|100/100
|move|p1a: Rotom|Volt Switch|p2a: Slowking
|-damage|p2a: Slowking|81/100
|-message|UchihaSusgay forfeited.
|
|win|sminey
|raw|UchihaSusgay's rating: 1454 &rarr; <strong>1440</strong><br />(-14 for losing)
|raw|sminey's rating: 1555 &rarr; <strong>1569</strong><br />(+14 for winning)
|l|☆UchihaSusgay
|player|p1|
|l|☆sminey
|player|p2|
