|inactive|Battle timer is ON: inactive players will automatically lose when time's up.
|t:|1760362555
|gametype|singles
|player|p1|Fleance|youngn|
|player|p2|gsc maestro|red|
|gen|9
|tier|[Gen 9] OU
|rule|HP Percentage Mod: HP is shown in percentages
|rule|Endless Battle Clause: Forcing endless battles is banned
|rule|Species Clause: Limit one of each Pokémon
|rule|OHKO Clause: OHKO moves are banned
|rule|Evasion Items Clause: Evasion items are banned
|rule|Evasion Moves Clause: Evasion moves are banned
|rule|Evasion Abilities Clause: Evasion abilities are banned
|rule|Sleep Moves Clause: Sleep-inducing moves are banned
|clearpoke
|poke|p1|Dragapult, F|
|poke|p1|Ogerpon-Wellspring, F|
|poke|p1|Moltres|
|poke|p1|Iron Treads|
|poke|p1|Zapdos|
|poke|p1|Darkrai|
|poke|p2|Gliscor, F|
|poke|p2|Ting-Lu|
|poke|p2|Gholdengo|
|poke|p2|Slither Wing|
|poke|p2|Walking Wake|
|poke|p2|Pecharunt|
|teampreview
|inactive|Fleance also wants the timer to be on.
|inactive|Fleance has 270 seconds left.
|inactive|gsc maestro has 270 seconds left.
|inactive|Fleance has 240 seconds left.
|
|t:|1760362628
|teamsize|p1|6
|teamsize|p2|6
|start
|switch|p1a: Ogerpon|Ogerpon-Wellspring, F|100/100
|switch|p2a: Ting-Lu|Ting-Lu|100/100
|-ability|p2a: Ting-Lu|Vessel of Ruin
|turn|1
|
|t:|1760362657
|switch|p2a: Pecharunt|Pecharunt|100/100
|move|p1a: Ogerpon|Spikes|p2a: Pecharunt
|-sidestart|p2: gsc maestro|Spikes
|
|upkeep
|turn|2
|inactive|Fleance has 270 seconds left.
|
|t:|1760362691
|move|p1a: Ogerpon|Knock Off|p2a: Pecharunt
|-supereffective|p2a: Pecharunt
|-damage|p2a: Pecharunt|67/100
|-enditem|p2a: Pecharunt|Heavy-Duty Boots|[from] move: Knock Off|[of] p1a: Ogerpon
|move|p2a: Pecharunt|Malignant Chain|p1a: Ogerpon
|-supereffective|p1a: Ogerpon
|-damage|p1a: Ogerpon|33/100
|-status|p1a: Ogerpon|tox
|-start|p1a: Ogerpon|confusion|[from] ability: Poison Puppeteer|[of] p2a: Pecharunt
|
|-damage|p1a: Ogerpon|27/100 tox|[from] psn
|upkeep
|turn|3
|
|t:|1760362700
|switch|p1a: Iron Treads|Iron Treads|100/100
|move|p2a: Pecharunt|Recover|p2a: Pecharunt
|-heal|p2a: Pecharunt|100/100
|
|upkeep
|turn|4
|
|t:|1760362704
|move|p1a: Iron Treads|Stealth Rock|p2a: Pecharunt
|-sidestart|p2: gsc maestro|move: Stealth Rock
|move|p2a: Pecharunt|Parting Shot|p1a: Iron Treads
|-unboost|p1a: Iron Treads|atk|1
|-unboost|p1a: Iron Treads|spa|1
|
|t:|1760362721
|switch|p2a: Ting-Lu|Ting-Lu|100/100|[from] Parting Shot
|-damage|p2a: Ting-Lu|88/100|[from] Spikes
|-damage|p2a: Ting-Lu|82/100|[from] Stealth Rock
|-ability|p2a: Ting-Lu|Vessel of Ruin
|
|-heal|p2a: Ting-Lu|88/100|[from] item: Leftovers
|upkeep
|turn|5
|
|t:|1760362737
|-end|p1a: Iron Treads|Quark Drive|[silent]
|switch|p1a: Moltres|Moltres|100/100
|move|p2a: Ting-Lu|Stealth Rock|p1a: Moltres
|-sidestart|p1: Fleance|move: Stealth Rock
|
|-heal|p2a: Ting-Lu|94/100|[from] item: Leftovers
|upkeep
|turn|6
|
|t:|1760362756
|move|p1a: Moltres|Will-O-Wisp|p2a: Ting-Lu|[miss]
|-miss|p1a: Moltres|p2a: Ting-Lu
|move|p2a: Ting-Lu|Ruination|p1a: Moltres
|-damage|p1a: Moltres|50/100
|
|-heal|p2a: Ting-Lu|100/100|[from] item: Leftovers
|upkeep
|turn|7
|
|t:|1760362761
|switch|p2a: Walking Wake|Walking Wake|100/100
|move|p1a: Moltres|Will-O-Wisp|p2a: Walking Wake
|-status|p2a: Walking Wake|brn
|
|-damage|p2a: Walking Wake|94/100 brn|[from] brn
|upkeep
|turn|8
|
|t:|1760362783
|switch|p1a: Ogerpon|Ogerpon-Wellspring, F|27/100 tox
|-damage|p1a: Ogerpon|14/100 tox|[from] Stealth Rock
|move|p2a: Walking Wake|Draco Meteor|p1a: Ogerpon
|-crit|p1a: Ogerpon
|-damage|p1a: Ogerpon|0 fnt
|-unboost|p2a: Walking Wake|spa|2
|faint|p1a: Ogerpon
|
|-damage|p2a: Walking Wake|88/100 brn|[from] brn
|upkeep
|
|t:|1760362788
|switch|p1a: Dragapult|Dragapult, F|100/100
|-damage|p1a: Dragapult|88/100|[from] Stealth Rock
|turn|9
|
|t:|1760362811
|-end|p2a: Walking Wake|Protosynthesis|[silent]
|switch|p2a: Gliscor|Gliscor, F|100/100
|-damage|p2a: Gliscor|88/100|[from] Stealth Rock
|move|p1a: Dragapult|Dragon Darts|p2a: Gliscor
|-damage|p2a: Gliscor|57/100
|-anim|p1a: Dragapult|Dragon Darts|p2a: Gliscor
|-damage|p2a: Gliscor|27/100
|
|-status|p2a: Gliscor|tox|[from] item: Toxic Orb
|upkeep
|turn|10
|
|t:|1760362819
|move|p2a: Gliscor|Protect|p2a: Gliscor
|-singleturn|p2a: Gliscor|Protect
|move|p1a: Dragapult|Dragon Darts|p2a: Gliscor
|-activate|p2a: Gliscor|move: Protect
|
|-heal|p2a: Gliscor|40/100 tox|[from] ability: Poison Heal
|upkeep
|turn|11
|inactive|gsc maestro has 270 seconds left.
|inactive|Fleance has 270 seconds left.
|
|t:|1760362867
|move|p1a: Dragapult|Dragon Darts|p2a: Gliscor
|-damage|p2a: Gliscor|11/100 tox
|-anim|p1a: Dragapult|Dragon Darts|p2a: Gliscor
|-damage|p2a: Gliscor|0 fnt
|faint|p2a: Gliscor
|
|upkeep
|
|t:|1760362873
|switch|p2a: Gholdengo|Gholdengo|100/100
|-damage|p2a: Gholdengo|88/100|[from] Spikes
|-damage|p2a: Gholdengo|82/100|[from] Stealth Rock
|turn|12
|inactive|Fleance has 240 seconds left.
|inactive|Fleance has 210 seconds left.
|
|t:|1760362938
|switch|p1a: Zapdos|Zapdos|100/100
|move|p2a: Gholdengo|Shadow Ball|p1a: Zapdos
|-crit|p1a: Zapdos
|-damage|p1a: Zapdos|34/100
|
|upkeep
|turn|13
|inactive|Fleance has 210 seconds left.
|inactive|gsc maestro has 270 seconds left.
|
|t:|1760362957
|switch|p1a: Darkrai|Darkrai|100/100
|-damage|p1a: Darkrai|88/100|[from] Stealth Rock
|move|p2a: Gholdengo|Shadow Ball|p1a: Darkrai
|-resisted|p1a: Darkrai
|-damage|p1a: Darkrai|60/100
|
|upkeep
|turn|14
|inactive|gsc maestro has 270 seconds left.
|inactive|Fleance has 210 seconds left.
|
|t:|1760362976
|switch|p2a: Slither Wing|Slither Wing|100/100
|move|p1a: Darkrai|Ice Beam|p2a: Slither Wing
|-damage|p2a: Slither Wing|59/100
|
|upkeep
|turn|15
|inactive|Fleance has 210 seconds left.
|inactive|gsc maestro has 270 seconds left.
|inactive|gsc maestro has 240 seconds left.
|
|t:|1760363019
|switch|p1a: Zapdos|Zapdos|34/100
|move|p2a: Slither Wing|U-turn|p1a: Zapdos
|-resisted|p1a: Zapdos
|-damage|p1a: Zapdos|23/100
|inactive|gsc maestro has 240 seconds left.
|
|t:|1760363025
|-end|p2a: Slither Wing|Protosynthesis|[silent]
|switch|p2a: Walking Wake|Walking Wake|88/100 brn|[from] U-turn
|
|-damage|p2a: Walking Wake|82/100 brn|[from] brn
|upkeep
|turn|16
|inactive|Fleance has 210 seconds left.
|
|t:|1760363046
|move|p2a: Walking Wake|Surf|p1a: Zapdos
|-damage|p1a: Zapdos|0 fnt
|faint|p1a: Zapdos
|
|-damage|p2a: Walking Wake|76/100 brn|[from] brn
|upkeep
|
|t:|1760363059
|switch|p1a: Dragapult|Dragapult, F|88/100
|-damage|p1a: Dragapult|76/100|[from] Stealth Rock
|turn|17
|inactive|Fleance has 180 seconds left.
|inactive|gsc maestro has 240 seconds left.
|inactive|Fleance has 150 seconds left.
|inactive|Fleance has 120 seconds left.
|inactive|gsc maestro has 210 seconds left.
|
|t:|1760363154
|-terastallize|p1a: Dragapult|Ghost
|-terastallize|p2a: Walking Wake|Fairy
|move|p1a: Dragapult|Tera Blast|p2a: Walking Wake|[anim] Tera Blast Ghost
|-damage|p2a: Walking Wake|0 fnt
|faint|p2a: Walking Wake
|-end|p2a: Walking Wake|Protosynthesis|[silent]
|
|upkeep
|inactive|gsc maestro has 210 seconds left.
|
|t:|1760363176
|switch|p2a: Gholdengo|Gholdengo|82/100
|-damage|p2a: Gholdengo|70/100|[from] Spikes
|-damage|p2a: Gholdengo|64/100|[from] Stealth Rock
|turn|18
|inactive|Fleance has 120 seconds left.
|inactive|Fleance has 90 seconds left.
|inactive|Fleance has 60 seconds left.
|inactive|Fleance has 30 seconds left.
|
|t:|1760363277
|switch|p1a: Iron Treads|Iron Treads|100/100
|-damage|p1a: Iron Treads|97/100|[from] Stealth Rock
|move|p2a: Gholdengo|Shadow Ball|p1a: Iron Treads
|-damage|p1a: Iron Treads|49/100
|
|-heal|p1a: Iron Treads|56/100|[from] item: Leftovers
|upkeep
|turn|19
|inactive|Fleance has 30 seconds left.
|inactive|gsc maestro has 210 seconds left.
|inactive|Fleance has 20 seconds left.
|inactive|Fleance has 15 seconds left.
|inactive|Fleance has 10 seconds left.
|
|t:|1760363303
|switch|p2a: Slither Wing|Slither Wing|59/100
|-end|p1a: Iron Treads|Quark Drive|[silent]
|switch|p1a: Dragapult|Dragapult, F, tera:Ghost|76/100
|-damage|p1a: Dragapult|64/100|[from] Stealth Rock
|
|upkeep
|turn|20
|inactive|Fleance has 20 seconds left this turn.
|inactive|Fleance has 15 seconds left.
|
|t:|1760363322
|move|p1a: Dragapult|Dragon Darts|p2a: Slither Wing
|-damage|p2a: Slither Wing|30/100
|-anim|p1a: Dragapult|Dragon Darts|p2a: Slither Wing
|-damage|p2a: Slither Wing|0 fnt
|faint|p2a: Slither Wing
|-end|p2a: Slither Wing|Protosynthesis|[silent]
|
|upkeep
|
|t:|1760363328
|switch|p2a: Gholdengo|Gholdengo|64/100
|-damage|p2a: Gholdengo|51/100|[from] Spikes
|-damage|p2a: Gholdengo|45/100|[from] Stealth Rock
|turn|21
|inactive|Fleance has 30 seconds left this turn.
|inactive|Fleance has 20 seconds left.
|
|t:|1760363340
|switch|p1a: Iron Treads|Iron Treads|56/100
|-damage|p1a: Iron Treads|53/100|[from] Stealth Rock
|move|p2a: Gholdengo|Shadow Ball|p1a: Iron Treads
|-damage|p1a: Iron Treads|3/100
|
|-heal|p1a: Iron Treads|10/100|[from] item: Leftovers
|upkeep
|turn|22
|inactive|Fleance has 30 seconds left this turn.
|inactive|gsc maestro has 210 seconds left.
|
|t:|1760363364
|move|p2a: Gholdengo|Shadow Ball|p1a: Iron Treads
|-damage|p1a: Iron Treads|0 fnt
|faint|p1a: Iron Treads
|-end|p1a: Iron Treads|Quark Drive|[silent]
|
|upkeep
|inactive|Fleance has 30 seconds left.
|
|t:|1760363371
|switch|p1a: Moltres|Moltres|50/100
|turn|23
|
|t:|1760363378
|switch|p2a: Pecharunt|Pecharunt|100/100
|-damage|p2a: Pecharunt|88/100|[from] Spikes
|-damage|p2a: Pecharunt|76/100|[from] Stealth Rock
|move|p1a: Moltres|Roost|p1a: Moltres
|-heal|p1a: Moltres|100/100
|-singleturn|p1a: Moltres|move: Roost
|
|upkeep
|turn|24
|inactive|Fleance has 30 seconds left.
|inactive|Fleance has 20 seconds left.
|inactive|Fleance has 15 seconds left.
|
|t:|1760363414
|switch|p1a: Darkrai|Darkrai|60/100
|-damage|p1a: Darkrai|48/100|[from] Stealth Rock
|move|p2a: Pecharunt|Malignant Chain|p1a: Darkrai
|-damage|p1a: Darkrai|8/100
|-status|p1a: Darkrai|tox
|-start|p1a: Darkrai|confusion|[from] ability: Poison Puppeteer|[of] p2a: Pecharunt
|
|-damage|p1a: Darkrai|2/100 tox|[from] psn
|upkeep
|turn|25
|inactive|Fleance has 25 seconds left this turn.
|inactive|gsc maestro has 210 seconds left.
|
|t:|1760363435
|switch|p2a: Ting-Lu|Ting-Lu|100/100
|-damage|p2a: Ting-Lu|88/100|[from] Spikes
|-damage|p2a: Ting-Lu|82/100|[from] Stealth Rock
|-ability|p2a: Ting-Lu|Vessel of Ruin
|-activate|p1a: Darkrai|confusion
|-damage|p1a: Darkrai|0 fnt|[from] confusion
|faint|p1a: Darkrai
|
|-heal|p2a: Ting-Lu|88/100|[from] item: Leftovers
|upkeep
|inactive|Fleance has 30 seconds left this turn.
|inactive|Fleance has 20 seconds left.
|inactive|Fleance has 15 seconds left.
|
|t:|1760363453
|switch|p1a: Moltres|Moltres|100/100
|turn|26
|inactive|Fleance has 25 seconds left this turn.
|
|t:|1760363456
|move|p1a: Moltres|Will-O-Wisp|p2a: Ting-Lu
|-status|p2a: Ting-Lu|brn
|move|p2a: Ting-Lu|Ruination|p1a: Moltres
|-damage|p1a: Moltres|50/100
|
|-heal|p2a: Ting-Lu|94/100 brn|[from] item: Leftovers
|-damage|p2a: Ting-Lu|88/100 brn|[from] brn
|upkeep
|turn|27
|
|t:|1760363462
|move|p1a: Moltres|Roost|p1a: Moltres
|-heal|p1a: Moltres|100/100
|-singleturn|p1a: Moltres|move: Roost
|move|p2a: Ting-Lu|Ruination|p1a: Moltres
|-damage|p1a: Moltres|50/100
|
|-heal|p2a: Ting-Lu|94/100 brn|[from] item: Leftovers
|-damage|p2a: Ting-Lu|88/100 brn|[from] brn
|upkeep
|turn|28
|
|t:|1760363465
|switch|p2a: Pecharunt|Pecharunt|76/100
|-damage|p2a: Pecharunt|63/100|[from] Spikes
|-damage|p2a: Pecharunt|51/100|[from] Stealth Rock
|move|p1a: Moltres|Hurricane|p2a: Pecharunt
|-damage|p2a: Pecharunt|7/100
|
|upkeep
|turn|29
|
|t:|1760363478
|switch|p1a: Dragapult|Dragapult, F, tera:Ghost|64/100
|-damage|p1a: Dragapult|51/100|[from] Stealth Rock
|move|p2a: Pecharunt|Malignant Chain|p1a: Dragapult
|-resisted|p1a: Dragapult
|-damage|p1a: Dragapult|31/100
|
|upkeep
|turn|30
|
|t:|1760363493
|move|p1a: Dragapult|Tera Blast|p2a: Pecharunt|[anim] Tera Blast Ghost
|-supereffective|p2a: Pecharunt
|-damage|p2a: Pecharunt|0 fnt
|faint|p2a: Pecharunt
|
|upkeep
|
|t:|1760363497
|switch|p2a: Gholdengo|Gholdengo|45/100
|-damage|p2a: Gholdengo|33/100|[from] Spikes
|-damage|p2a: Gholdengo|27/100|[from] Stealth Rock
|turn|31
|
|t:|1760363499
|move|p2a: Gholdengo|Shadow Ball|p1a: Dragapult
|-supereffective|p1a: Dragapult
|-damage|p1a: Dragapult|0 fnt
|faint|p1a: Dragapult
|
|upkeep
|
|t:|1760363500
|switch|p1a: Moltres|Moltres|50/100
|turn|32
|inactive|gsc maestro has 270 seconds left.
|
|t:|1760363535
|switch|p2a: Ting-Lu|Ting-Lu|88/100 brn
|-damage|p2a: Ting-Lu|76/100 brn|[from] Spikes
|-damage|p2a: Ting-Lu|69/100 brn|[from] Stealth Rock
|-ability|p2a: Ting-Lu|Vessel of Ruin
|move|p1a: Moltres|Flamethrower|p2a: Ting-Lu
|-damage|p2a: Ting-Lu|53/100 brn
|
|-heal|p2a: Ting-Lu|60/100 brn|[from] item: Leftovers
|-damage|p2a: Ting-Lu|53/100 brn|[from] brn
|upkeep
|turn|33
|
|t:|1760363546
|move|p1a: Moltres|Flamethrower|p2a: Ting-Lu
|-damage|p2a: Ting-Lu|37/100 brn
|move|p2a: Ting-Lu|Ruination|p1a: Moltres
|-damage|p1a: Moltres|25/100
|
|-heal|p2a: Ting-Lu|43/100 brn|[from] item: Leftovers
|-damage|p2a: Ting-Lu|37/100 brn|[from] brn
|upkeep
|turn|34
|
|t:|1760363549
|move|p1a: Moltres|Roost|p1a: Moltres
|-heal|p1a: Moltres|75/100
|-singleturn|p1a: Moltres|move: Roost
|move|p2a: Ting-Lu|Ruination|p1a: Moltres
|-damage|p1a: Moltres|38/100
|
|-heal|p2a: Ting-Lu|43/100 brn|[from] item: Leftovers
|-damage|p2a: Ting-Lu|37/100 brn|[from] brn
|upkeep
|turn|35
|
|t:|1760363551
|move|p1a: Moltres|Roost|p1a: Moltres
|-heal|p1a: Moltres|88/100
|-singleturn|p1a: Moltres|move: Roost
|move|p2a: Ting-Lu|Ruination|p1a: Moltres|[miss]
|-miss|p2a: Ting-Lu|p1a: Moltres
|
|-heal|p2a: Ting-Lu|43/100 brn|[from] item: Leftovers
|-damage|p2a: Ting-Lu|37/100 brn|[from] brn
|upkeep
|turn|36
|
|t:|1760363557
|move|p1a: Moltres|Hurricane|p2a: Ting-Lu
|-damage|p2a: Ting-Lu|17/100 brn
|move|p2a: Ting-Lu|Ruination|p1a: Moltres
|-damage|p1a: Moltres|44/100
|
|-heal|p2a: Ting-Lu|23/100 brn|[from] item: Leftovers
|-damage|p2a: Ting-Lu|17/100 brn|[from] brn
|upkeep
|turn|37
|
|t:|1760363561
|move|p1a: Moltres|Roost|p1a: Moltres
|-heal|p1a: Moltres|94/100
|-singleturn|p1a: Moltres|move: Roost
|move|p2a: Ting-Lu|Ruination|p1a: Moltres
|-damage|p1a: Moltres|47/100
|
|-heal|p2a: Ting-Lu|23/100 brn|[from] item: Leftovers
|-damage|p2a: Ting-Lu|17/100 brn|[from] brn
|upkeep
|turn|38
|
|t:|1760363576
|move|p1a: Moltres|Roost|p1a: Moltres
|-heal|p1a: Moltres|97/100
|-singleturn|p1a: Moltres|move: Roost
|move|p2a: Ting-Lu|Ruination|p1a: Moltres
|-damage|p1a: Moltres|49/100
|
|-heal|p2a: Ting-Lu|23/100 brn|[from] item: Leftovers
|-damage|p2a: Ting-Lu|17/100 brn|[from] brn
|upkeep
|turn|39
|
|t:|1760363579
|move|p1a: Moltres|Flamethrower|p2a: Ting-Lu
|-damage|p2a: Ting-Lu|2/100 brn
|move|p2a: Ting-Lu|Ruination|p1a: Moltres
|-damage|p1a: Moltres|25/100
|
|-heal|p2a: Ting-Lu|8/100 brn|[from] item: Leftovers
|-damage|p2a: Ting-Lu|2/100 brn|[from] brn
|upkeep
|turn|40
|
|t:|1760363583
|move|p1a: Moltres|Roost|p1a: Moltres
|-heal|p1a: Moltres|75/100
|-singleturn|p1a: Moltres|move: Roost
|move|p2a: Ting-Lu|Ruination|p1a: Moltres
|-damage|p1a: Moltres|38/100
|
|-heal|p2a: Ting-Lu|8/100 brn|[from] item: Leftovers
|-damage|p2a: Ting-Lu|2/100 brn|[from] brn
|upkeep
|turn|41
|
|t:|1760363593
|move|p1a: Moltres|Roost|p1a: Moltres
|-heal|p1a: Moltres|88/100
|-singleturn|p1a: Moltres|move: Roost
|move|p2a: Ting-Lu|Ruination|p1a: Moltres
|-damage|p1a: Moltres|44/100
|
|-heal|p2a: Ting-Lu|8/100 brn|[from] item: Leftovers
|-damage|p2a: Ting-Lu|2/100 brn|[from] brn
|upkeep
|turn|42
|
|t:|1760363596
|move|p1a: Moltres|Flamethrower|p2a: Ting-Lu
|-damage|p2a: Ting-Lu|0 fnt
|faint|p2a: Ting-Lu
|
|upkeep
|
|t:|1760363599
|switch|p2a: Gholdengo|Gholdengo|27/100
|-damage|p2a: Gholdengo|14/100|[from] Spikes
|-damage|p2a: Gholdengo|8/100|[from] Stealth Rock
|turn|43
|inactive|gsc maestro has 270 seconds left.
|inactive|Fleance has 150 seconds left.
|
|t:|1760363635
|move|p2a: Gholdengo|Shadow Ball|p1a: Moltres
|-damage|p1a: Moltres|5/100
|-unboost|p1a: Moltres|spd|1
|move|p1a: Moltres|Flamethrower|p2a: Gholdengo
|-supereffective|p2a: Gholdengo
|-damage|p2a: Gholdengo|0 fnt
|faint|p2a: Gholdengo
|
|win|Fleance
|player|p2|
|c|☆Fleance|gg
