|j|☆Sung Chip Woo
|j|☆Jouos
|inactive|Battle timer is ON: inactive players will automatically lose when time's up.
|t:|1760379240
|gametype|singles
|player|p1|Sung Chip Woo|shadowtriad|
|player|p2|Jouos|265|
|gen|9
|tier|[Gen 9] OU
|rated|Tournament battle
|rule|HP Percentage Mod: HP is shown in percentages
|rule|Endless Battle Clause: Forcing endless battles is banned
|rule|Species Clause: Limit one of each Pokémon
|rule|OHKO Clause: OHKO moves are banned
|rule|Evasion Items Clause: Evasion items are banned
|rule|Evasion Moves Clause: Evasion moves are banned
|rule|Evasion Abilities Clause: Evasion abilities are banned
|rule|Sleep Moves Clause: Sleep-inducing moves are banned
|clearpoke
|poke|p1|Ninetales, M|
|poke|p1|Cresselia, F|
|poke|p1|Walking Wake|
|poke|p1|Great Tusk|
|poke|p1|Raging Bolt|
|poke|p1|Rillaboom, F|
|poke|p2|Samurott-Hisui, F|
|poke|p2|Rillaboom, F|
|poke|p2|Great Tusk|
|poke|p2|Kingambit, M|
|poke|p2|Raging Bolt|
|poke|p2|Clefable, M|
|teampreview
|j|*Lady Monita ☀
|j| BB-8-NU
|j| PopeLukeIV
|c|☆Jouos|glhf
|j| Spikepokemon123
|j| blueflea.n
|c|☆Sung Chip Woo|u2
|inactive|Sung Chip Woo has 120 seconds left.
|j| greninjaydavid45
|
|t:|1760379297
|teamsize|p1|6
|teamsize|p2|6
|start
|switch|p1a: Rillaboom|Rillaboom, F|100/100
|switch|p2a: Rillaboom|Rillaboom, F|100/100
|-fieldstart|move: Grassy Terrain|[from] ability: Grassy Surge|[of] p1a: Rillaboom
|turn|1
|
|t:|1760379306
|switch|p1a: Cresselia|Cresselia, F|100/100
|move|p2a: Rillaboom|U-turn|p1a: Cresselia
|-supereffective|p1a: Cresselia
|-damage|p1a: Cresselia|75/100
|-enditem|p1a: Cresselia|Eject Button
|
|t:|1760379310
|switch|p1a: Ninetales|Ninetales, M|100/100
|-weather|SunnyDay|[from] ability: Drought|[of] p1a: Ninetales
|
|-weather|SunnyDay|[upkeep]
|upkeep
|turn|2
|
|t:|1760379330
|switch|p1a: Raging Bolt|Raging Bolt|100/100
|-activate|p1a: Raging Bolt|ability: Protosynthesis
|-start|p1a: Raging Bolt|protosynthesisspa
|switch|p2a: Raging Bolt|Raging Bolt|100/100
|-activate|p2a: Raging Bolt|ability: Protosynthesis
|-start|p2a: Raging Bolt|protosynthesisspa
|
|-weather|SunnyDay|[upkeep]
|upkeep
|turn|3
|inactive|Jouos has 120 seconds left.
|j| WISHIWASI24
|inactive|Sung Chip Woo has 120 seconds left.
|j| Atarialex
|l| WISHIWASI24
|j| HubertParent
|
|t:|1760379374
|-end|p2a: Raging Bolt|Protosynthesis|[silent]
|switch|p2a: Rillaboom|Rillaboom, F|100/100
|move|p1a: Raging Bolt|Dragon Pulse|p2a: Rillaboom
|-damage|p2a: Rillaboom|51/100
|
|-weather|SunnyDay|[upkeep]
|-heal|p2a: Rillaboom|57/100|[from] Grassy Terrain
|upkeep
|turn|4
|inactive|Sung Chip Woo has 120 seconds left.
|
|t:|1760379388
|move|p1a: Raging Bolt|Dragon Pulse|p2a: Rillaboom
|-damage|p2a: Rillaboom|5/100
|move|p2a: Rillaboom|Knock Off|p1a: Raging Bolt
|-damage|p1a: Raging Bolt|66/100
|-enditem|p1a: Raging Bolt|Heavy-Duty Boots|[from] move: Knock Off|[of] p2a: Rillaboom
|
|-weather|SunnyDay|[upkeep]
|-heal|p1a: Raging Bolt|72/100|[from] Grassy Terrain
|-heal|p2a: Rillaboom|11/100|[from] Grassy Terrain
|upkeep
|turn|5
|inactive|Sung Chip Woo has 120 seconds left.
|
|t:|1760379397
|switch|p2a: Clefable|Clefable, M|100/100
|move|p1a: Raging Bolt|Volt Switch|p2a: Clefable
|-damage|p2a: Clefable|52/100
|inactive|Sung Chip Woo has 120 seconds left.
|
|t:|1760379405
|-end|p1a: Raging Bolt|Protosynthesis|[silent]
|switch|p1a: Walking Wake|Walking Wake|100/100|[from] Volt Switch
|-activate|p1a: Walking Wake|ability: Protosynthesis
|-start|p1a: Walking Wake|protosynthesisspe
|
|-weather|SunnyDay|[upkeep]
|-heal|p2a: Clefable|58/100|[from] Grassy Terrain
|-fieldend|move: Grassy Terrain
|upkeep
|turn|6
|j| Old Lakota Songs
|inactive|Sung Chip Woo has 120 seconds left.
|
|t:|1760379416
|-end|p1a: Walking Wake|Protosynthesis|[silent]
|switch|p1a: Ninetales|Ninetales, M|100/100
|switch|p2a: Raging Bolt|Raging Bolt|100/100
|-activate|p2a: Raging Bolt|ability: Protosynthesis
|-start|p2a: Raging Bolt|protosynthesisspa
|
|-weather|SunnyDay|[upkeep]
|upkeep
|turn|7
|
|t:|1760379421
|switch|p1a: Great Tusk|Great Tusk|100/100
|-activate|p1a: Great Tusk|ability: Protosynthesis
|-start|p1a: Great Tusk|protosynthesisatk
|move|p2a: Raging Bolt|Dragon Pulse|p1a: Great Tusk
|-damage|p1a: Great Tusk|40/100
|
|-weather|SunnyDay|[upkeep]
|upkeep
|turn|8
|inactive|Sung Chip Woo has 120 seconds left.
|
|t:|1760379444
|-end|p2a: Raging Bolt|Protosynthesis|[silent]
|switch|p2a: Rillaboom|Rillaboom, F|11/100
|-fieldstart|move: Grassy Terrain|[from] ability: Grassy Surge|[of] p2a: Rillaboom
|move|p1a: Great Tusk|Temper Flare|p2a: Rillaboom
|-supereffective|p2a: Rillaboom
|-damage|p2a: Rillaboom|0 fnt
|faint|p2a: Rillaboom
|
|-weather|none
|-end|p1a: Great Tusk|Protosynthesis
|-heal|p1a: Great Tusk|46/100|[from] Grassy Terrain
|upkeep
|
|t:|1760379452
|switch|p2a: Clefable|Clefable, M|58/100
|turn|9
|
|t:|1760379456
|-end|p1a: Great Tusk|Protosynthesis|[silent]
|switch|p1a: Raging Bolt|Raging Bolt|72/100
|move|p2a: Clefable|Moonblast|p1a: Raging Bolt
|-supereffective|p1a: Raging Bolt
|-damage|p1a: Raging Bolt|6/100
|
|-heal|p1a: Raging Bolt|12/100|[from] Grassy Terrain
|-heal|p2a: Clefable|64/100|[from] Grassy Terrain
|upkeep
|turn|10
|
|t:|1760379466
|move|p1a: Raging Bolt|Volt Switch|p2a: Clefable
|-damage|p2a: Clefable|23/100
|
|t:|1760379468
|-end|p1a: Raging Bolt|Protosynthesis|[silent]
|switch|p1a: Ninetales|Ninetales, M|100/100|[from] Volt Switch
|-weather|SunnyDay|[from] ability: Drought|[of] p1a: Ninetales
|move|p2a: Clefable|Moonlight|p2a: Clefable
|-heal|p2a: Clefable|89/100
|
|-weather|SunnyDay|[upkeep]
|-heal|p2a: Clefable|95/100|[from] Grassy Terrain
|upkeep
|turn|11
|
|t:|1760379478
|move|p1a: Ninetales|Encore|p2a: Clefable
|-start|p2a: Clefable|Encore
|move|p2a: Clefable|Moonlight|p2a: Clefable
|-heal|p2a: Clefable|100/100
|
|-weather|SunnyDay|[upkeep]
|upkeep
|turn|12
|
|t:|1760379490
|switch|p1a: Rillaboom|Rillaboom, F|100/100
|switch|p2a: Great Tusk|Great Tusk|100/100
|-activate|p2a: Great Tusk|ability: Protosynthesis
|-start|p2a: Great Tusk|protosynthesisspe
|
|-weather|SunnyDay|[upkeep]
|-fieldend|move: Grassy Terrain
|upkeep
|turn|13
|
|t:|1760379510
|switch|p1a: Cresselia|Cresselia, F|75/100
|move|p2a: Great Tusk|Knock Off|p1a: Cresselia
|-supereffective|p1a: Cresselia
|-damage|p1a: Cresselia|57/100
|
|-weather|SunnyDay|[upkeep]
|upkeep
|turn|14
|j| shadeisnothere
|
|t:|1760379522
|-end|p2a: Great Tusk|Protosynthesis|[silent]
|switch|p2a: Samurott|Samurott-Hisui, F|100/100
|move|p1a: Cresselia|Moonlight|p1a: Cresselia
|-heal|p1a: Cresselia|100/100
|
|-weather|SunnyDay|[upkeep]
|upkeep
|turn|15
|
|t:|1760379546
|move|p2a: Samurott|Ceaseless Edge|p1a: Cresselia
|-supereffective|p1a: Cresselia
|-damage|p1a: Cresselia|50/100
|-sidestart|p1: Sung Chip Woo|Spikes
|move|p1a: Cresselia|Lunar Dance|p1a: Cresselia
|faint|p1a: Cresselia
|
|-weather|SunnyDay|[upkeep]
|upkeep
|
|t:|1760379548
|switch|p1a: Raging Bolt|Raging Bolt|12/100
|-heal|p1a: Raging Bolt|100/100|[from] move: Lunar Dance
|-damage|p1a: Raging Bolt|88/100|[from] Spikes
|-activate|p1a: Raging Bolt|ability: Protosynthesis
|-start|p1a: Raging Bolt|protosynthesisspa
|turn|16
|
|t:|1760379561
|move|p2a: Samurott|Ceaseless Edge|p1a: Raging Bolt|[miss]
|-miss|p2a: Samurott|p1a: Raging Bolt
|move|p1a: Raging Bolt|Dragon Pulse|p2a: Samurott
|-damage|p2a: Samurott|9/100
|
|-weather|SunnyDay|[upkeep]
|upkeep
|turn|17
|
|t:|1760379577
|move|p1a: Raging Bolt|Thunderclap|p2a: Samurott
|-supereffective|p2a: Samurott
|-damage|p2a: Samurott|0 fnt
|faint|p2a: Samurott
|
|-weather|none
|-end|p1a: Raging Bolt|Protosynthesis
|upkeep
|j| prerolls
|j| cynthiavc5
|
|t:|1760379582
|switch|p2a: Great Tusk|Great Tusk|100/100
|turn|18
|l| blueflea.n
|j| Blitzburgh
|j| WISHIWASI24
|l| WISHIWASI24
|inactive|Sung Chip Woo has 120 seconds left.
|
|t:|1760379615
|-end|p1a: Raging Bolt|Protosynthesis|[silent]
|switch|p1a: Rillaboom|Rillaboom, F|100/100
|-damage|p1a: Rillaboom|88/100|[from] Spikes
|-fieldstart|move: Grassy Terrain|[from] ability: Grassy Surge|[of] p1a: Rillaboom
|move|p2a: Great Tusk|Ice Spinner|p1a: Rillaboom
|-supereffective|p1a: Rillaboom
|-damage|p1a: Rillaboom|34/100
|-fieldend|move: Grassy Terrain
|
|upkeep
|turn|19
|inactive|Sung Chip Woo has 120 seconds left.
|
|t:|1760379626
|switch|p1a: Ninetales|Ninetales, M|100/100
|-damage|p1a: Ninetales|88/100|[from] Spikes
|-weather|SunnyDay|[from] ability: Drought|[of] p1a: Ninetales
|-activate|p2a: Great Tusk|ability: Protosynthesis
|-start|p2a: Great Tusk|protosynthesisspe
|move|p2a: Great Tusk|Ice Spinner|p1a: Ninetales
|-resisted|p1a: Ninetales
|-damage|p1a: Ninetales|74/100
|
|-weather|SunnyDay|[upkeep]
|upkeep
|turn|20
|l| prerolls
|
|t:|1760379634
|switch|p1a: Rillaboom|Rillaboom, F|34/100
|-damage|p1a: Rillaboom|22/100|[from] Spikes
|-fieldstart|move: Grassy Terrain|[from] ability: Grassy Surge|[of] p1a: Rillaboom
|move|p2a: Great Tusk|Headlong Rush|p1a: Rillaboom
|-resisted|p1a: Rillaboom
|-damage|p1a: Rillaboom|0 fnt
|-unboost|p2a: Great Tusk|def|1
|-unboost|p2a: Great Tusk|spd|1
|faint|p1a: Rillaboom
|
|-weather|SunnyDay|[upkeep]
|upkeep
|
|t:|1760379637
|switch|p1a: Walking Wake|Walking Wake|100/100
|-damage|p1a: Walking Wake|88/100|[from] Spikes
|-activate|p1a: Walking Wake|ability: Protosynthesis
|-start|p1a: Walking Wake|protosynthesisspe
|turn|21
|j| thenzota
|
|t:|1760379645
|-end|p2a: Great Tusk|Protosynthesis|[silent]
|switch|p2a: Raging Bolt|Raging Bolt|100/100
|-activate|p2a: Raging Bolt|ability: Protosynthesis
|-start|p2a: Raging Bolt|protosynthesisspa
|move|p1a: Walking Wake|Hydro Steam|p2a: Raging Bolt
|-resisted|p2a: Raging Bolt
|-crit|p2a: Raging Bolt
|-damage|p2a: Raging Bolt|53/100
|
|-weather|SunnyDay|[upkeep]
|-heal|p1a: Walking Wake|94/100|[from] Grassy Terrain
|-heal|p2a: Raging Bolt|59/100|[from] Grassy Terrain
|upkeep
|turn|22
|l| greninjaydavid45
|l| Old Lakota Songs
|
|t:|1760379673
|-terastallize|p2a: Raging Bolt|Fairy
|move|p1a: Walking Wake|Draco Meteor|p2a: Raging Bolt
|-immune|p2a: Raging Bolt
|move|p2a: Raging Bolt|Dragon Pulse|p1a: Walking Wake
|-supereffective|p1a: Walking Wake
|-crit|p1a: Walking Wake
|-damage|p1a: Walking Wake|0 fnt
|faint|p1a: Walking Wake
|-end|p1a: Walking Wake|Protosynthesis|[silent]
|
|-weather|SunnyDay|[upkeep]
|-heal|p2a: Raging Bolt|65/100|[from] Grassy Terrain
|upkeep
|
|t:|1760379678
|switch|p1a: Great Tusk|Great Tusk|46/100
|-damage|p1a: Great Tusk|34/100|[from] Spikes
|-activate|p1a: Great Tusk|ability: Protosynthesis
|-start|p1a: Great Tusk|protosynthesisatk
|turn|23
|
|t:|1760379707
|-end|p2a: Raging Bolt|Protosynthesis|[silent]
|switch|p2a: Clefable|Clefable, M|100/100
|move|p1a: Great Tusk|Headlong Rush|p2a: Clefable
|-damage|p2a: Clefable|33/100
|-unboost|p1a: Great Tusk|def|1
|-unboost|p1a: Great Tusk|spd|1
|
|-weather|SunnyDay|[upkeep]
|-heal|p1a: Great Tusk|40/100|[from] Grassy Terrain
|-heal|p2a: Clefable|39/100|[from] Grassy Terrain
|upkeep
|turn|24
|
|t:|1760379716
|move|p1a: Great Tusk|Headlong Rush|p2a: Clefable
|-damage|p2a: Clefable|0 fnt
|-unboost|p1a: Great Tusk|def|1
|-unboost|p1a: Great Tusk|spd|1
|faint|p2a: Clefable
|
|-weather|SunnyDay|[upkeep]
|-heal|p1a: Great Tusk|46/100|[from] Grassy Terrain
|-fieldend|move: Grassy Terrain
|upkeep
|
|t:|1760379717
|switch|p2a: Great Tusk|Great Tusk|100/100
|-activate|p2a: Great Tusk|ability: Protosynthesis
|-start|p2a: Great Tusk|protosynthesisspe
|turn|25
|l| Atarialex
|
|t:|1760379743
|move|p2a: Great Tusk|Headlong Rush|p1a: Great Tusk
|-damage|p1a: Great Tusk|0 fnt
|-unboost|p2a: Great Tusk|def|1
|-unboost|p2a: Great Tusk|spd|1
|faint|p1a: Great Tusk
|-end|p1a: Great Tusk|Protosynthesis|[silent]
|
|-weather|SunnyDay|[upkeep]
|upkeep
|
|t:|1760379746
|switch|p1a: Raging Bolt|Raging Bolt|88/100
|-damage|p1a: Raging Bolt|76/100|[from] Spikes
|-activate|p1a: Raging Bolt|ability: Protosynthesis
|-start|p1a: Raging Bolt|protosynthesisspa
|turn|26
|
|t:|1760379753
|-terastallize|p1a: Raging Bolt|Fairy
|move|p2a: Great Tusk|Headlong Rush|p1a: Raging Bolt
|-damage|p1a: Raging Bolt|24/100
|-unboost|p2a: Great Tusk|def|1
|-unboost|p2a: Great Tusk|spd|1
|move|p1a: Raging Bolt|Dragon Pulse|p2a: Great Tusk
|-damage|p2a: Great Tusk|0 fnt
|faint|p2a: Great Tusk
|-end|p2a: Great Tusk|Protosynthesis|[silent]
|
|-weather|none
|-end|p1a: Raging Bolt|Protosynthesis
|upkeep
|j| Atarialex
|
|t:|1760379763
|switch|p2a: Kingambit|Kingambit, M|100/100
|-activate|p2a: Kingambit|ability: Supreme Overlord
|-start|p2a: Kingambit|fallen4|[silent]
|turn|27
|
|t:|1760379777
|move|p1a: Raging Bolt|Volt Switch|p2a: Kingambit
|-damage|p2a: Kingambit|63/100
|
|t:|1760379779
|-end|p1a: Raging Bolt|Protosynthesis|[silent]
|switch|p1a: Ninetales|Ninetales, M|74/100|[from] Volt Switch
|-damage|p1a: Ninetales|62/100|[from] Spikes
|-weather|SunnyDay|[from] ability: Drought|[of] p1a: Ninetales
|move|p2a: Kingambit|Iron Head|p1a: Ninetales
|-resisted|p1a: Ninetales
|-damage|p1a: Ninetales|20/100
|
|-weather|SunnyDay|[upkeep]
|-heal|p2a: Kingambit|69/100|[from] item: Leftovers
|upkeep
|turn|28
|inactive|Sung Chip Woo has 120 seconds left.
|
|t:|1760379837
|move|p2a: Kingambit|Sucker Punch||[still]
|-fail|p2a: Kingambit
|move|p1a: Ninetales|Will-O-Wisp|p2a: Kingambit
|-status|p2a: Kingambit|brn
|
|-weather|SunnyDay|[upkeep]
|-heal|p2a: Kingambit|75/100 brn|[from] item: Leftovers
|-damage|p2a: Kingambit|69/100 brn|[from] brn
|upkeep
|turn|29
|
|t:|1760379847
|move|p2a: Kingambit|Sucker Punch||[still]
|-fail|p2a: Kingambit
|move|p1a: Ninetales|Healing Wish|p1a: Ninetales
|faint|p1a: Ninetales
|
|-weather|SunnyDay|[upkeep]
|-heal|p2a: Kingambit|75/100 brn|[from] item: Leftovers
|-damage|p2a: Kingambit|69/100 brn|[from] brn
|upkeep
|
|t:|1760379849
|switch|p1a: Raging Bolt|Raging Bolt, tera:Fairy|24/100
|-heal|p1a: Raging Bolt|100/100|[from] move: Healing Wish
|-damage|p1a: Raging Bolt|88/100|[from] Spikes
|-activate|p1a: Raging Bolt|ability: Protosynthesis
|-start|p1a: Raging Bolt|protosynthesisspa
|turn|30
|
|t:|1760379855
|move|p1a: Raging Bolt|Thunderbolt|p2a: Kingambit
|-damage|p2a: Kingambit|5/100 brn
|move|p2a: Kingambit|Iron Head|p1a: Raging Bolt
|-supereffective|p1a: Raging Bolt
|-damage|p1a: Raging Bolt|31/100
|
|-weather|SunnyDay|[upkeep]
|-heal|p2a: Kingambit|11/100 brn|[from] item: Leftovers
|-damage|p2a: Kingambit|5/100 brn|[from] brn
|upkeep
|turn|31
|
|t:|1760379862
|move|p2a: Kingambit|Sucker Punch|p1a: Raging Bolt
|-resisted|p1a: Raging Bolt
|-damage|p1a: Raging Bolt|17/100
|move|p1a: Raging Bolt|Thunderbolt|p2a: Kingambit
|-damage|p2a: Kingambit|0 fnt
|faint|p2a: Kingambit
|-end|p2a: Kingambit|fallen4|[silent]
|
|-weather|SunnyDay|[upkeep]
|upkeep
|l| Atarialex
|
|t:|1760379867
|switch|p2a: Raging Bolt|Raging Bolt, tera:Fairy|65/100
|-activate|p2a: Raging Bolt|ability: Protosynthesis
|-start|p2a: Raging Bolt|protosynthesisspa
|turn|32
|inactive|Sung Chip Woo has 120 seconds left.
|
|t:|1760379895
|move|p1a: Raging Bolt|Thunderclap|p2a: Raging Bolt
|-damage|p2a: Raging Bolt|13/100
|move|p2a: Raging Bolt|Thunderbolt|p1a: Raging Bolt
|-damage|p1a: Raging Bolt|0 fnt
|faint|p1a: Raging Bolt
|-end|p1a: Raging Bolt|Protosynthesis|[silent]
|
|win|Jouos
|n|☆Sung Chip Woo|sungchipwoo
|n|☆Jouos|jouos
|n|*Lady Monita ☀|ladymonita
|n| BB-8-NU|bb8nu
|n| PopeLukeIV|popelukeiv
|n| Spikepokemon123|spikepokemon123
|n| HubertParent|hubertparent
|n| shadeisnothere|shadeisnothere
|n| cynthiavc5|cynthiavc5
|n| Blitzburgh|blitzburgh
|n| thenzota|thenzota
|l|*Lady Monita ☀
