|j|☆PINGaBurger
|j|☆iacidicowl
|t:|1760303747
|gametype|singles
|player|p1|PINGaBurger|266|1634
|player|p2|iacidicowl|dahlia|1699
|gen|9
|tier|[Gen 9] OU
|rated|
|rule|HP Percentage Mod: HP is shown in percentages
|rule|Endless Battle Clause: Forcing endless battles is banned
|rule|Species Clause: Limit one of each Pokémon
|rule|OHKO Clause: OHKO moves are banned
|rule|Evasion Items Clause: Evasion items are banned
|rule|Evasion Moves Clause: Evasion moves are banned
|rule|Evasion Abilities Clause: Evasion abilities are banned
|rule|Sleep Moves Clause: Sleep-inducing moves are banned
|clearpoke
|poke|p1|Maushold|
|poke|p1|Zamazenta-*|
|poke|p1|Iron Crown|
|poke|p1|Deoxys-Speed|
|poke|p1|Indeedee, M|
|poke|p1|Kyurem|
|poke|p2|Weezing-Galar, F|
|poke|p2|Slowking-Galar, F|
|poke|p2|Kyurem|
|poke|p2|Ogerpon-Wellspring, F|
|poke|p2|Gholdengo|
|poke|p2|Zamazenta-*|
|teampreview
|j| RATATTA94
|l| RATATTA94
|inactive|Battle timer is ON: inactive players will automatically lose when time's up. (requested by PINGaBurger)
|
|t:|1760303761
|teamsize|p1|6
|teamsize|p2|6
|start
|switch|p1a: Indeedee|Indeedee, M, shiny|100/100
|switch|p2a: Gholdengo|Gholdengo|100/100
|-fieldstart|move: Psychic Terrain|[from] ability: Psychic Surge|[of] p1a: Indeedee
|turn|1
|
|t:|1760303774
|switch|p1a: Iron Crown|Iron Crown|100/100
|move|p2a: Gholdengo|Make It Rain|p1a: Iron Crown
|-resisted|p1a: Iron Crown
|-damage|p1a: Iron Crown|74/100
|-unboost|p2a: Gholdengo|spa|1
|
|upkeep
|turn|2
|
|t:|1760303780
|switch|p2a: Slowking|Slowking-Galar, F|100/100
|move|p1a: Iron Crown|Expanding Force|p2a: Slowking
|-damage|p2a: Slowking|35/100
|
|upkeep
|turn|3
|
|t:|1760303788
|switch|p2a: Gholdengo|Gholdengo|100/100
|move|p1a: Iron Crown|Expanding Force|p2a: Gholdengo
|-resisted|p2a: Gholdengo
|-damage|p2a: Gholdengo|47/100
|
|-heal|p2a: Gholdengo|53/100|[from] item: Leftovers
|upkeep
|turn|4
|
|t:|1760303801
|move|p1a: Iron Crown|Expanding Force|p2a: Gholdengo
|-resisted|p2a: Gholdengo
|-damage|p2a: Gholdengo|0 fnt
|faint|p2a: Gholdengo
|
|upkeep
|
|t:|1760303808
|switch|p2a: Ogerpon|Ogerpon-Wellspring, F|100/100
|turn|5
|
|t:|1760303816
|-end|p1a: Iron Crown|Quark Drive|[silent]
|switch|p1a: Zamazenta|Zamazenta, shiny|100/100
|-ability|p1a: Zamazenta|Dauntless Shield|boost
|-boost|p1a: Zamazenta|def|1
|-terastallize|p2a: Ogerpon|Water
|detailschange|p2a: Ogerpon|Ogerpon-Wellspring-Tera, F, tera:Water
|-ability|p2a: Ogerpon|Embody Aspect (Wellspring)|boost
|-boost|p2a: Ogerpon|spd|1
|move|p2a: Ogerpon|Ivy Cudgel|p1a: Zamazenta|[anim] Ivy Cudgel Water
|-damage|p1a: Zamazenta|49/100
|
|upkeep
|turn|6
|
|t:|1760303831
|switch|p2a: Weezing|Weezing-Galar, F|100/100
|-ability|p2a: Weezing|Neutralizing Gas
|move|p1a: Zamazenta|Close Combat|p2a: Weezing
|-resisted|p2a: Weezing
|-damage|p2a: Weezing|86/100
|-unboost|p1a: Zamazenta|def|1
|-unboost|p1a: Zamazenta|spd|1
|
|upkeep
|turn|7
|
|t:|1760303838
|switch|p1a: Mutant|Deoxys-Speed, shiny|100/100
|move|p2a: Weezing|Will-O-Wisp|p1a: Mutant
|-status|p1a: Mutant|brn
|
|-damage|p1a: Mutant|94/100 brn|[from] brn
|upkeep
|turn|8
|
|t:|1760303846
|move|p1a: Mutant|Expanding Force|p2a: Weezing
|-supereffective|p2a: Weezing
|-damage|p2a: Weezing|0 fnt
|faint|p2a: Weezing
|-end|p2a: Weezing|ability: Neutralizing Gas
|-ability|p1a: Mutant|Pressure
|-damage|p1a: Mutant|84/100 brn|[from] item: Life Orb
|
|-damage|p1a: Mutant|78/100 brn|[from] brn
|-fieldend|move: Psychic Terrain
|upkeep
|
|t:|1760303854
|switch|p2a: Kyurem|Kyurem|100/100
|-ability|p2a: Kyurem|Pressure
|turn|9
|
|t:|1760303858
|switch|p1a: Indeedee|Indeedee, M, shiny|100/100
|-fieldstart|move: Psychic Terrain|[from] ability: Psychic Surge|[of] p1a: Indeedee
|move|p2a: Kyurem|Ice Beam|p1a: Indeedee
|-damage|p1a: Indeedee|8/100
|
|upkeep
|turn|10
|
|t:|1760303863
|move|p2a: Kyurem|Ice Beam|p1a: Indeedee
|-damage|p1a: Indeedee|0 fnt
|faint|p1a: Indeedee
|
|upkeep
|
|t:|1760303876
|switch|p1a: Iron Crown|Iron Crown|74/100
|turn|11
|
|t:|1760303885
|switch|p2a: Slowking|Slowking-Galar, F|68/100
|move|p1a: Iron Crown|Expanding Force|p2a: Slowking
|-damage|p2a: Slowking|0 fnt
|faint|p2a: Slowking
|
|upkeep
|
|t:|1760303888
|switch|p2a: Ogerpon|Ogerpon-Wellspring-Tera, F, tera:Water|100/100
|-ability|p2a: Ogerpon|Embody Aspect (Wellspring)|boost
|-boost|p2a: Ogerpon|spd|1
|turn|12
|
|t:|1760303894
|move|p2a: Ogerpon|Ivy Cudgel|p1a: Iron Crown|[anim] Ivy Cudgel Water
|-damage|p1a: Iron Crown|0 fnt
|faint|p1a: Iron Crown
|-end|p1a: Iron Crown|Quark Drive|[silent]
|
|upkeep
|
|t:|1760303902
|switch|p1a: Maushold|Maushold|100/100
|turn|13
|
|t:|1760303905
|move|p1a: Maushold|Population Bomb|p2a: Ogerpon
|-damage|p2a: Ogerpon|86/100
|-damage|p2a: Ogerpon|73/100
|-damage|p2a: Ogerpon|57/100
|-damage|p2a: Ogerpon|43/100
|-damage|p2a: Ogerpon|29/100
|-damage|p2a: Ogerpon|13/100
|-crit|p2a: Ogerpon
|-damage|p2a: Ogerpon|0 fnt
|faint|p2a: Ogerpon
|detailschange|p2: Ogerpon|Ogerpon-Wellspring, F|[silent]
|-hitcount|p2: Ogerpon|7
|
|upkeep
|
|t:|1760303922
|switch|p2a: Zamazenta|Zamazenta|100/100
|-ability|p2a: Zamazenta|Dauntless Shield|boost
|-boost|p2a: Zamazenta|def|1
|turn|14
|
|t:|1760303925
|move|p2a: Zamazenta|Close Combat|p1a: Maushold
|-supereffective|p1a: Maushold
|-damage|p1a: Maushold|0 fnt
|-unboost|p2a: Zamazenta|def|1
|-unboost|p2a: Zamazenta|spd|1
|faint|p1a: Maushold
|
|upkeep
|
|t:|1760303929
|switch|p1a: Mutant|Deoxys-Speed, shiny|78/100 brn
|-ability|p1a: Mutant|Pressure
|turn|15
|
|t:|1760303934
|move|p1a: Mutant|Expanding Force|p2a: Zamazenta
|-supereffective|p2a: Zamazenta
|-damage|p2a: Zamazenta|0 fnt
|faint|p2a: Zamazenta
|-damage|p1a: Mutant|68/100 brn|[from] item: Life Orb
|
|-damage|p1a: Mutant|62/100 brn|[from] brn
|upkeep
|
|t:|1760303937
|switch|p2a: Kyurem|Kyurem|100/100
|-ability|p2a: Kyurem|Pressure
|turn|16
|
|t:|1760303949
|-terastallize|p1a: Mutant|Fighting
|move|p1a: Mutant|Tera Blast|p2a: Kyurem|[anim] Tera Blast Fighting
|-supereffective|p2a: Kyurem
|-damage|p2a: Kyurem|7/100
|-damage|p1a: Mutant|52/100 brn|[from] item: Life Orb
|move|p2a: Kyurem|Ice Beam|p1a: Mutant
|-damage|p1a: Mutant|0 fnt
|faint|p1a: Mutant
|
|-fieldend|move: Psychic Terrain
|upkeep
|
|t:|1760303952
|switch|p1a: Zamazenta|Zamazenta, shiny|49/100
|turn|17
|
|t:|1760303966
|move|p1a: Zamazenta|Heavy Slam|p2a: Kyurem
|-supereffective|p2a: Kyurem
|-damage|p2a: Kyurem|0 fnt
|faint|p2a: Kyurem
|
|win|PINGaBurger
|raw|PINGaBurger's rating: 1634 &rarr; <strong>1658</strong><br />(+24 for winning)
|raw|iacidicowl's rating: 1699 &rarr; <strong>1675</strong><br />(-24 for losing)
|l|☆iacidicowl
|player|p2|
|l|☆PINGaBurger
|player|p1|
