|j|☆Best Dark Wall
|j|☆volotheboss
|t:|1760384459
|gametype|singles
|player|p1|Best Dark Wall|265|
|player|p2|volotheboss|marshal|
|gen|9
|tier|[Gen 9] OU
|rule|HP Percentage Mod: HP is shown in percentages
|rule|Endless Battle Clause: Forcing endless battles is banned
|rule|Species Clause: Limit one of each Pokémon
|rule|OHKO Clause: OHKO moves are banned
|rule|Evasion Items Clause: Evasion items are banned
|rule|Evasion Moves Clause: Evasion moves are banned
|rule|Evasion Abilities Clause: Evasion abilities are banned
|rule|Sleep Moves Clause: Sleep-inducing moves are banned
|clearpoke
|poke|p1|Pecharunt|
|poke|p1|Blissey, F|
|poke|p1|Skeledirge, F|
|poke|p1|Weezing-Galar, M|
|poke|p1|Toxapex, F|
|poke|p1|Clodsire, M|
|poke|p2|Iron Valiant|
|poke|p2|Great Tusk|
|poke|p2|Garganacl, M|
|poke|p2|Iron Boulder|
|poke|p2|Tinkaton, F|
|poke|p2|Hatterene, F|
|teampreview
|c|☆Best Dark Wall|glhf
|c|☆volotheboss|gl
|j| Megamon20XX
|
|t:|1760384494
|teamsize|p1|6
|teamsize|p2|6
|start
|switch|p1a: Contentment|Pecharunt|100/100
|switch|p2a: Great Tusk|Great Tusk|100/100
|turn|1
|
|t:|1760384502
|switch|p1a: Silver Linings|Weezing-Galar, M|100/100
|move|p2a: Great Tusk|Earthquake|p1a: Silver Linings
|-immune|p1a: Silver Linings|[from] ability: Levitate
|
|upkeep
|turn|2
|
|t:|1760384515
|-end|p2a: Great Tusk|Protosynthesis|[silent]
|switch|p2a: Garganacl|Garganacl, M|100/100
|move|p1a: Silver Linings|Strange Steam|p2a: Garganacl
|-damage|p2a: Garganacl|82/100
|-start|p2a: Garganacl|confusion
|
|-heal|p2a: Garganacl|89/100|[from] item: Leftovers
|upkeep
|turn|3
|
|t:|1760384526
|switch|p1a: Happy Thoughts|Toxapex, F|100/100
|-activate|p2a: Garganacl|confusion
|move|p2a: Garganacl|Salt Cure|p1a: Happy Thoughts
|-damage|p1a: Happy Thoughts|92/100
|-start|p1a: Happy Thoughts|Salt Cure
|
|-heal|p2a: Garganacl|95/100|[from] item: Leftovers
|-damage|p1a: Happy Thoughts|67/100|[from] Salt Cure
|upkeep
|turn|4
|
|t:|1760384550
|move|p1a: Happy Thoughts|Toxic Spikes|p2a: Garganacl
|-sidestart|p2: volotheboss|move: Toxic Spikes
|-activate|p2a: Garganacl|confusion
|-damage|p2a: Garganacl|89/100|[from] confusion
|
|-heal|p2a: Garganacl|95/100|[from] item: Leftovers
|-damage|p1a: Happy Thoughts|42/100|[from] Salt Cure
|upkeep
|turn|5
|
|t:|1760384562
|switch|p1a: Silver Linings|Weezing-Galar, M|100/100
|-activate|p2a: Garganacl|confusion
|move|p2a: Garganacl|Iron Defense|p2a: Garganacl
|-boost|p2a: Garganacl|def|2
|
|-heal|p2a: Garganacl|100/100|[from] item: Leftovers
|upkeep
|turn|6
|
|t:|1760384571
|switch|p1a: Happy Thoughts|Toxapex, F|75/100
|-end|p2a: Garganacl|confusion
|move|p2a: Garganacl|Salt Cure|p1a: Happy Thoughts
|-crit|p1a: Happy Thoughts
|-damage|p1a: Happy Thoughts|60/100
|-start|p1a: Happy Thoughts|Salt Cure
|
|-damage|p1a: Happy Thoughts|35/100|[from] Salt Cure
|upkeep
|turn|7
|
|t:|1760384581
|switch|p1a: Silver Linings|Weezing-Galar, M|100/100
|move|p2a: Garganacl|Iron Defense|p2a: Garganacl
|-boost|p2a: Garganacl|def|2
|
|upkeep
|turn|8
|
|t:|1760384589
|switch|p1a: Happy Thoughts|Toxapex, F|68/100
|move|p2a: Garganacl|Salt Cure|p1a: Happy Thoughts
|-damage|p1a: Happy Thoughts|59/100
|-start|p1a: Happy Thoughts|Salt Cure
|
|-damage|p1a: Happy Thoughts|34/100|[from] Salt Cure
|upkeep
|turn|9
|
|t:|1760384604
|switch|p1a: Silver Linings|Weezing-Galar, M|100/100
|move|p2a: Garganacl|Salt Cure|p1a: Silver Linings
|-damage|p1a: Silver Linings|90/100
|-start|p1a: Silver Linings|Salt Cure
|
|-heal|p1a: Silver Linings|96/100|[from] item: Leftovers
|-damage|p1a: Silver Linings|84/100|[from] Salt Cure
|upkeep
|turn|10
|
|t:|1760384615
|move|p1a: Silver Linings|Strange Steam|p2a: Garganacl
|-damage|p2a: Garganacl|83/100
|move|p2a: Garganacl|Body Press|p1a: Silver Linings
|-resisted|p1a: Silver Linings
|-damage|p1a: Silver Linings|74/100
|
|-heal|p1a: Silver Linings|80/100|[from] item: Leftovers
|-heal|p2a: Garganacl|90/100|[from] item: Leftovers
|-damage|p1a: Silver Linings|67/100|[from] Salt Cure
|upkeep
|turn|11
|
|t:|1760384627
|move|p1a: Silver Linings|Pain Split|p2a: Garganacl
|-sethp|p2a: Garganacl|73/100|[from] move: Pain Split|[silent]
|-sethp|p1a: Silver Linings|88/100|[from] move: Pain Split
|move|p2a: Garganacl|Iron Defense|p2a: Garganacl
|-boost|p2a: Garganacl|def|2
|
|-heal|p1a: Silver Linings|94/100|[from] item: Leftovers
|-heal|p2a: Garganacl|79/100|[from] item: Leftovers
|-damage|p1a: Silver Linings|81/100|[from] Salt Cure
|upkeep
|turn|12
|
|t:|1760384639
|switch|p1a: Contentment|Pecharunt|100/100
|move|p2a: Garganacl|Body Press|p1a: Contentment
|-immune|p1a: Contentment
|
|-heal|p2a: Garganacl|85/100|[from] item: Leftovers
|upkeep
|turn|13
|
|t:|1760384649
|switch|p1a: Silver Linings|Weezing-Galar, M|81/100
|move|p2a: Garganacl|Salt Cure|p1a: Silver Linings
|-damage|p1a: Silver Linings|71/100
|-start|p1a: Silver Linings|Salt Cure
|
|-heal|p1a: Silver Linings|77/100|[from] item: Leftovers
|-heal|p2a: Garganacl|91/100|[from] item: Leftovers
|-damage|p1a: Silver Linings|65/100|[from] Salt Cure
|upkeep
|turn|14
|
|t:|1760384661
|move|p1a: Silver Linings|Pain Split|p2a: Garganacl
|-sethp|p2a: Garganacl|73/100|[from] move: Pain Split|[silent]
|-sethp|p1a: Silver Linings|88/100|[from] move: Pain Split
|move|p2a: Garganacl|Salt Cure|p1a: Silver Linings
|-damage|p1a: Silver Linings|78/100
|
|-heal|p1a: Silver Linings|84/100|[from] item: Leftovers
|-heal|p2a: Garganacl|79/100|[from] item: Leftovers
|-damage|p1a: Silver Linings|71/100|[from] Salt Cure
|upkeep
|turn|15
|
|t:|1760384670
|move|p1a: Silver Linings|Strange Steam|p2a: Garganacl
|-damage|p2a: Garganacl|61/100
|move|p2a: Garganacl|Salt Cure|p1a: Silver Linings
|-damage|p1a: Silver Linings|62/100
|
|-heal|p1a: Silver Linings|68/100|[from] item: Leftovers
|-heal|p2a: Garganacl|68/100|[from] item: Leftovers
|-damage|p1a: Silver Linings|55/100|[from] Salt Cure
|upkeep
|turn|16
|
|t:|1760384680
|move|p1a: Silver Linings|Strange Steam|p2a: Garganacl
|-damage|p2a: Garganacl|50/100
|move|p2a: Garganacl|Salt Cure|p1a: Silver Linings
|-damage|p1a: Silver Linings|46/100
|
|-heal|p1a: Silver Linings|52/100|[from] item: Leftovers
|-heal|p2a: Garganacl|56/100|[from] item: Leftovers
|-damage|p1a: Silver Linings|40/100|[from] Salt Cure
|upkeep
|turn|17
|
|t:|1760384688
|move|p1a: Silver Linings|Pain Split|p2a: Garganacl
|-sethp|p2a: Garganacl|44/100|[from] move: Pain Split|[silent]
|-sethp|p1a: Silver Linings|53/100|[from] move: Pain Split
|move|p2a: Garganacl|Salt Cure|p1a: Silver Linings
|-damage|p1a: Silver Linings|45/100
|
|-heal|p1a: Silver Linings|51/100|[from] item: Leftovers
|-heal|p2a: Garganacl|50/100|[from] item: Leftovers
|-damage|p1a: Silver Linings|39/100|[from] Salt Cure
|upkeep
|turn|18
|
|t:|1760384698
|switch|p2a: Tinkaton|Tinkaton, F|100/100
|-ability|p2a: Tinkaton|Mold Breaker
|move|p1a: Silver Linings|Pain Split|p2a: Tinkaton
|-sethp|p2a: Tinkaton|68/100|[from] move: Pain Split|[silent]
|-sethp|p1a: Silver Linings|76/100|[from] move: Pain Split
|
|-heal|p1a: Silver Linings|82/100|[from] item: Leftovers
|-damage|p1a: Silver Linings|69/100|[from] Salt Cure
|upkeep
|turn|19
|
|t:|1760384708
|switch|p1a: Happy Thoughts|Toxapex, F|68/100
|move|p2a: Tinkaton|Knock Off|p1a: Happy Thoughts
|-damage|p1a: Happy Thoughts|56/100
|-enditem|p1a: Happy Thoughts|Heavy-Duty Boots|[from] move: Knock Off|[of] p2a: Tinkaton
|
|upkeep
|turn|20
|
|t:|1760384720
|move|p2a: Tinkaton|Thunder Wave|p1a: Happy Thoughts|[miss]
|-miss|p2a: Tinkaton|p1a: Happy Thoughts
|move|p1a: Happy Thoughts|Recover|p1a: Happy Thoughts
|-heal|p1a: Happy Thoughts|100/100
|
|upkeep
|turn|21
|
|t:|1760384732
|switch|p1a: Wonderful Things|Clodsire, M|100/100
|move|p2a: Tinkaton|Thunder Wave|p1a: Wonderful Things
|-immune|p1a: Wonderful Things
|
|upkeep
|turn|22
|
|t:|1760384741
|switch|p2a: Great Tusk|Great Tusk|100/100
|-status|p2a: Great Tusk|psn
|move|p1a: Wonderful Things|Earthquake|p2a: Great Tusk
|-damage|p2a: Great Tusk|88/100 psn
|
|-heal|p2a: Great Tusk|94/100 psn|[from] item: Leftovers
|-damage|p2a: Great Tusk|82/100 psn|[from] psn
|upkeep
|turn|23
|
|t:|1760384750
|switch|p1a: Contentment|Pecharunt|100/100
|move|p2a: Great Tusk|Earthquake|p1a: Contentment
|-supereffective|p1a: Contentment
|-damage|p1a: Contentment|60/100
|
|-heal|p2a: Great Tusk|88/100 psn|[from] item: Leftovers
|-damage|p2a: Great Tusk|75/100 psn|[from] psn
|upkeep
|turn|24
|
|t:|1760384760
|-end|p2a: Great Tusk|Protosynthesis|[silent]
|switch|p2a: Garganacl|Garganacl, M|50/100
|move|p1a: Contentment|Recover|p1a: Contentment
|-heal|p1a: Contentment|100/100
|
|-heal|p2a: Garganacl|57/100|[from] item: Leftovers
|upkeep
|turn|25
|
|t:|1760384771
|move|p1a: Contentment|Parting Shot|p2a: Garganacl
|-unboost|p2a: Garganacl|atk|1
|-unboost|p2a: Garganacl|spa|1
|
|t:|1760384774
|switch|p1a: Happy Thoughts|Toxapex, F|100/100|[from] Parting Shot
|move|p2a: Garganacl|Recover|p2a: Garganacl
|-heal|p2a: Garganacl|100/100
|
|upkeep
|turn|26
|
|t:|1760384786
|move|p1a: Happy Thoughts|Poison Jab|p2a: Garganacl
|-resisted|p2a: Garganacl
|-damage|p2a: Garganacl|94/100
|move|p2a: Garganacl|Salt Cure|p1a: Happy Thoughts
|-damage|p1a: Happy Thoughts|94/100
|-start|p1a: Happy Thoughts|Salt Cure
|
|-heal|p2a: Garganacl|100/100|[from] item: Leftovers
|-damage|p1a: Happy Thoughts|69/100|[from] Salt Cure
|upkeep
|turn|27
|
|t:|1760384796
|switch|p2a: Tinkaton|Tinkaton, F|68/100
|-ability|p2a: Tinkaton|Mold Breaker
|move|p1a: Happy Thoughts|Poison Jab|p2a: Tinkaton
|-immune|p2a: Tinkaton
|
|-damage|p1a: Happy Thoughts|44/100|[from] Salt Cure
|upkeep
|turn|28
|
|t:|1760384809
|switch|p1a: Wonderful Things|Clodsire, M|100/100
|move|p2a: Tinkaton|Knock Off|p1a: Wonderful Things
|-damage|p1a: Wonderful Things|81/100
|-enditem|p1a: Wonderful Things|Heavy-Duty Boots|[from] move: Knock Off|[of] p2a: Tinkaton
|
|upkeep
|turn|29
|
|t:|1760384820
|switch|p2a: Great Tusk|Great Tusk|75/100 psn
|move|p1a: Wonderful Things|Earthquake|p2a: Great Tusk
|-damage|p2a: Great Tusk|63/100 psn
|
|-heal|p2a: Great Tusk|69/100 psn|[from] item: Leftovers
|-damage|p2a: Great Tusk|57/100 psn|[from] psn
|upkeep
|turn|30
|
|t:|1760384838
|switch|p1a: Contentment|Pecharunt|100/100
|move|p2a: Great Tusk|Stealth Rock|p1a: Contentment
|-sidestart|p1: Best Dark Wall|move: Stealth Rock
|
|-heal|p2a: Great Tusk|63/100 psn|[from] item: Leftovers
|-damage|p2a: Great Tusk|50/100 psn|[from] psn
|upkeep
|turn|31
|
|t:|1760384854
|move|p1a: Contentment|Foul Play|p2a: Great Tusk
|-resisted|p2a: Great Tusk
|-damage|p2a: Great Tusk|44/100 psn
|move|p2a: Great Tusk|Earthquake|p1a: Contentment
|-supereffective|p1a: Contentment
|-damage|p1a: Contentment|61/100
|
|-heal|p2a: Great Tusk|50/100 psn|[from] item: Leftovers
|-damage|p2a: Great Tusk|38/100 psn|[from] psn
|upkeep
|turn|32
|
|t:|1760384875
|move|p1a: Contentment|Malignant Chain|p2a: Great Tusk
|-resisted|p2a: Great Tusk
|-damage|p2a: Great Tusk|18/100 psn
|move|p2a: Great Tusk|Rapid Spin|p1a: Contentment
|-immune|p1a: Contentment
|
|-heal|p2a: Great Tusk|24/100 psn|[from] item: Leftovers
|-damage|p2a: Great Tusk|12/100 psn|[from] psn
|upkeep
|turn|33
|
|t:|1760384885
|move|p1a: Contentment|Malignant Chain|p2a: Great Tusk
|-resisted|p2a: Great Tusk
|-damage|p2a: Great Tusk|0 fnt
|faint|p2a: Great Tusk
|-end|p2a: Great Tusk|Protosynthesis|[silent]
|
|upkeep
|
|t:|1760384893
|switch|p2a: Iron Valiant|Iron Valiant, shiny|100/100
|-status|p2a: Iron Valiant|psn
|turn|34
|
|t:|1760384899
|switch|p1a: Shining Stars|Skeledirge, F|100/100
|move|p2a: Iron Valiant|Psychic|p1a: Shining Stars
|-damage|p1a: Shining Stars|79/100
|
|-damage|p2a: Iron Valiant|88/100 psn|[from] psn
|upkeep
|turn|35
|
|t:|1760384910
|move|p2a: Iron Valiant|Knock Off|p1a: Shining Stars
|-supereffective|p1a: Shining Stars
|-damage|p1a: Shining Stars|31/100
|-enditem|p1a: Shining Stars|Heavy-Duty Boots|[from] move: Knock Off|[of] p2a: Iron Valiant
|move|p1a: Shining Stars|Slack Off|p1a: Shining Stars
|-heal|p1a: Shining Stars|81/100
|
|-damage|p2a: Iron Valiant|76/100 psn|[from] psn
|upkeep
|turn|36
|c|☆Best Dark Wall|Mixed is demon
|
|t:|1760384921
|-end|p2a: Iron Valiant|Quark Drive|[silent]
|switch|p2a: Garganacl|Garganacl, M|100/100
|move|p1a: Shining Stars|Slack Off|p1a: Shining Stars
|-heal|p1a: Shining Stars|100/100
|
|upkeep
|turn|37
|
|t:|1760384929
|switch|p1a: Silver Linings|Weezing-Galar, M|69/100
|-damage|p1a: Silver Linings|57/100|[from] Stealth Rock
|move|p2a: Garganacl|Salt Cure|p1a: Silver Linings
|-damage|p1a: Silver Linings|47/100
|-start|p1a: Silver Linings|Salt Cure
|
|-heal|p1a: Silver Linings|53/100|[from] item: Leftovers
|-damage|p1a: Silver Linings|41/100|[from] Salt Cure
|upkeep
|turn|38
|
|t:|1760384945
|move|p1a: Silver Linings|Defog|p2a: Garganacl
|-unboost|p2a: Garganacl|evasion|1
|-sideend|p2: volotheboss|Toxic Spikes|[from] move: Defog|[of] p1a: Silver Linings
|-sideend|p1: Best Dark Wall|Stealth Rock|[from] move: Defog|[of] p1a: Silver Linings
|move|p2a: Garganacl|Recover||[still]
|-fail|p2a: Garganacl|heal
|
|-heal|p1a: Silver Linings|47/100|[from] item: Leftovers
|-damage|p1a: Silver Linings|35/100|[from] Salt Cure
|upkeep
|turn|39
|
|t:|1760384953
|move|p1a: Silver Linings|Pain Split|p2a: Garganacl
|-sethp|p2a: Garganacl|65/100|[from] move: Pain Split|[silent]
|-sethp|p1a: Silver Linings|78/100|[from] move: Pain Split
|move|p2a: Garganacl|Salt Cure|p1a: Silver Linings
|-damage|p1a: Silver Linings|70/100
|
|-heal|p1a: Silver Linings|76/100|[from] item: Leftovers
|-heal|p2a: Garganacl|71/100|[from] item: Leftovers
|-damage|p1a: Silver Linings|63/100|[from] Salt Cure
|upkeep
|turn|40
|j| Zestial_SK
|
|t:|1760384966
|move|p1a: Silver Linings|Strange Steam|p2a: Garganacl
|-damage|p2a: Garganacl|53/100
|move|p2a: Garganacl|Recover|p2a: Garganacl
|-heal|p2a: Garganacl|100/100
|
|-heal|p1a: Silver Linings|69/100|[from] item: Leftovers
|-damage|p1a: Silver Linings|57/100|[from] Salt Cure
|upkeep
|turn|41
|
|t:|1760384974
|switch|p2a: Hatterene|Hatterene, F|100/100
|move|p1a: Silver Linings|Pain Split|p2a: Hatterene
|-sethp|p2a: Hatterene|80/100|[from] move: Pain Split|[silent]
|-sethp|p1a: Silver Linings|76/100|[from] move: Pain Split
|
|-heal|p1a: Silver Linings|82/100|[from] item: Leftovers
|-heal|p2a: Hatterene|86/100|[from] item: Leftovers
|-damage|p1a: Silver Linings|70/100|[from] Salt Cure
|upkeep
|turn|42
|
|t:|1760384984
|switch|p1a: Joy In Life|Blissey, F|100/100
|move|p2a: Hatterene|Psychic Noise|p1a: Joy In Life
|-damage|p1a: Joy In Life|89/100
|-start|p1a: Joy In Life|move: Heal Block
|
|-heal|p2a: Hatterene|92/100|[from] item: Leftovers
|upkeep
|turn|43
|
|t:|1760384998
|move|p1a: Joy In Life|Seismic Toss|p2a: Hatterene
|-damage|p2a: Hatterene|61/100
|move|p2a: Hatterene|Calm Mind|p2a: Hatterene
|-boost|p2a: Hatterene|spa|1
|-boost|p2a: Hatterene|spd|1
|
|-heal|p2a: Hatterene|67/100|[from] item: Leftovers
|-end|p1a: Joy In Life|move: Heal Block
|upkeep
|turn|44
|
|t:|1760385010
|move|p1a: Joy In Life|Seismic Toss|p2a: Hatterene
|-damage|p2a: Hatterene|35/100
|move|p2a: Hatterene|Draining Kiss|p1a: Joy In Life
|-damage|p1a: Joy In Life|79/100
|-heal|p2a: Hatterene|51/100|[from] drain|[of] p1a: Joy In Life
|
|-heal|p2a: Hatterene|57/100|[from] item: Leftovers
|upkeep
|turn|45
|
|t:|1760385021
|switch|p2a: Iron Boulder|Iron Boulder|100/100
|-enditem|p2a: Iron Boulder|Booster Energy
|-activate|p2a: Iron Boulder|ability: Quark Drive|[fromitem]
|-start|p2a: Iron Boulder|quarkdrivespe
|move|p1a: Joy In Life|Seismic Toss|p2a: Iron Boulder
|-damage|p2a: Iron Boulder|69/100
|
|upkeep
|turn|46
|
|t:|1760385035
|switch|p1a: Contentment|Pecharunt|61/100
|-terastallize|p2a: Iron Boulder|Ground
|move|p2a: Iron Boulder|Swords Dance|p2a: Iron Boulder
|-boost|p2a: Iron Boulder|atk|2
|
|upkeep
|turn|47
|
|t:|1760385106
|-terastallize|p1a: Contentment|Ground
|move|p2a: Iron Boulder|Earthquake|p1a: Contentment
|-damage|p1a: Contentment|13/100
|move|p1a: Contentment|Foul Play|p2a: Iron Boulder
|-damage|p2a: Iron Boulder|0 fnt
|faint|p2a: Iron Boulder
|-end|p2a: Iron Boulder|Quark Drive|[silent]
|
|upkeep
|c|☆Best Dark Wall|Boulder is so ass
|c|☆Best Dark Wall|zzz
|
|t:|1760385134
|switch|p2a: Garganacl|Garganacl, M|100/100
|turn|48
|
|t:|1760385141
|move|p1a: Contentment|Recover|p1a: Contentment
|-heal|p1a: Contentment|63/100
|move|p2a: Garganacl|Iron Defense|p2a: Garganacl
|-boost|p2a: Garganacl|def|2
|
|upkeep
|turn|49
|
|t:|1760385151
|switch|p1a: Silver Linings|Weezing-Galar, M|70/100
|move|p2a: Garganacl|Iron Defense|p2a: Garganacl
|-boost|p2a: Garganacl|def|2
|
|-heal|p1a: Silver Linings|76/100|[from] item: Leftovers
|upkeep
|turn|50
|
|t:|1760385160
|move|p1a: Silver Linings|Pain Split|p2a: Garganacl
|-sethp|p2a: Garganacl|82/100|[from] move: Pain Split|[silent]
|-sethp|p1a: Silver Linings|99/100|[from] move: Pain Split
|move|p2a: Garganacl|Iron Defense|p2a: Garganacl
|-boost|p2a: Garganacl|def|2
|
|-heal|p1a: Silver Linings|100/100|[from] item: Leftovers
|-heal|p2a: Garganacl|88/100|[from] item: Leftovers
|upkeep
|turn|51
|
|t:|1760385168
|move|p1a: Silver Linings|Strange Steam|p2a: Garganacl
|-damage|p2a: Garganacl|71/100
|move|p2a: Garganacl|Salt Cure|p1a: Silver Linings
|-damage|p1a: Silver Linings|92/100
|-start|p1a: Silver Linings|Salt Cure
|
|-heal|p1a: Silver Linings|98/100|[from] item: Leftovers
|-heal|p2a: Garganacl|77/100|[from] item: Leftovers
|-damage|p1a: Silver Linings|85/100|[from] Salt Cure
|upkeep
|turn|52
|
|t:|1760385177
|move|p1a: Silver Linings|Strange Steam|p2a: Garganacl
|-damage|p2a: Garganacl|60/100
|move|p2a: Garganacl|Recover|p2a: Garganacl
|-heal|p2a: Garganacl|100/100
|
|-heal|p1a: Silver Linings|91/100|[from] item: Leftovers
|-damage|p1a: Silver Linings|79/100|[from] Salt Cure
|upkeep
|turn|53
|
|t:|1760385187
|move|p1a: Silver Linings|Pain Split|p2a: Garganacl
|-sethp|p2a: Garganacl|83/100|[from] move: Pain Split|[silent]
|-sethp|p1a: Silver Linings|99/100|[from] move: Pain Split
|move|p2a: Garganacl|Salt Cure|p1a: Silver Linings
|-damage|p1a: Silver Linings|90/100
|
|-heal|p1a: Silver Linings|96/100|[from] item: Leftovers
|-heal|p2a: Garganacl|89/100|[from] item: Leftovers
|-damage|p1a: Silver Linings|84/100|[from] Salt Cure
|upkeep
|turn|54
|
|t:|1760385199
|move|p1a: Silver Linings|Will-O-Wisp|p2a: Garganacl
|-immune|p2a: Garganacl|[from] ability: Purifying Salt
|move|p2a: Garganacl|Salt Cure|p1a: Silver Linings
|-damage|p1a: Silver Linings|75/100
|
|-heal|p1a: Silver Linings|81/100|[from] item: Leftovers
|-heal|p2a: Garganacl|95/100|[from] item: Leftovers
|-damage|p1a: Silver Linings|69/100|[from] Salt Cure
|upkeep
|turn|55
|
|t:|1760385211
|switch|p2a: Hatterene|Hatterene, F|57/100
|move|p1a: Silver Linings|Will-O-Wisp|p2a: Hatterene
|move|p2a: Hatterene|Will-O-Wisp|p1a: Silver Linings|[from] ability: Magic Bounce|[miss]
|-miss|p2a: Hatterene|p1a: Silver Linings
|
|-heal|p1a: Silver Linings|75/100|[from] item: Leftovers
|-heal|p2a: Hatterene|63/100|[from] item: Leftovers
|-damage|p1a: Silver Linings|62/100|[from] Salt Cure
|upkeep
|turn|56
|c|☆Best Dark Wall|sorry
|
|t:|1760385223
|switch|p1a: Joy In Life|Blissey, F|79/100
|move|p2a: Hatterene|Psychic Noise|p1a: Joy In Life
|-damage|p1a: Joy In Life|67/100
|-start|p1a: Joy In Life|move: Heal Block
|
|-heal|p2a: Hatterene|69/100|[from] item: Leftovers
|upkeep
|turn|57
|
|t:|1760385234
|move|p1a: Joy In Life|Seismic Toss|p2a: Hatterene
|-damage|p2a: Hatterene|38/100
|move|p2a: Hatterene|Calm Mind|p2a: Hatterene
|-boost|p2a: Hatterene|spa|1
|-boost|p2a: Hatterene|spd|1
|
|-heal|p2a: Hatterene|44/100|[from] item: Leftovers
|-end|p1a: Joy In Life|move: Heal Block
|upkeep
|turn|58
|
|t:|1760385243
|move|p1a: Joy In Life|Seismic Toss|p2a: Hatterene
|-damage|p2a: Hatterene|12/100
|move|p2a: Hatterene|Draining Kiss|p1a: Joy In Life
|-damage|p1a: Joy In Life|56/100
|-heal|p2a: Hatterene|30/100|[from] drain|[of] p1a: Joy In Life
|
|-heal|p2a: Hatterene|36/100|[from] item: Leftovers
|upkeep
|turn|59
|
|t:|1760385253
|move|p1a: Joy In Life|Seismic Toss|p2a: Hatterene
|-damage|p2a: Hatterene|5/100
|move|p2a: Hatterene|Psychic Noise|p1a: Joy In Life
|-damage|p1a: Joy In Life|40/100
|-start|p1a: Joy In Life|move: Heal Block
|
|-heal|p2a: Hatterene|11/100|[from] item: Leftovers
|upkeep
|turn|60
|
|t:|1760385268
|move|p1a: Joy In Life|Seismic Toss|p2a: Hatterene
|-damage|p2a: Hatterene|0 fnt
|faint|p2a: Hatterene
|
|-end|p1a: Joy In Life|move: Heal Block
|upkeep
|
|t:|1760385274
|switch|p2a: Iron Valiant|Iron Valiant, shiny|76/100 psn
|turn|61
|
|t:|1760385282
|switch|p1a: Shining Stars|Skeledirge, F|100/100
|move|p2a: Iron Valiant|Knock Off|p1a: Shining Stars
|-supereffective|p1a: Shining Stars
|-damage|p1a: Shining Stars|71/100
|
|-damage|p2a: Iron Valiant|63/100 psn|[from] psn
|upkeep
|turn|62
|c|☆Best Dark Wall|that did less than expected
|
|t:|1760385298
|move|p2a: Iron Valiant|Moonblast|p1a: Shining Stars
|-resisted|p1a: Shining Stars
|-damage|p1a: Shining Stars|54/100
|-unboost|p1a: Shining Stars|spa|1
|move|p1a: Shining Stars|Torch Song|p2a: Iron Valiant
|-damage|p2a: Iron Valiant|26/100 psn
|-boost|p1a: Shining Stars|spa|1
|
|-damage|p2a: Iron Valiant|14/100 psn|[from] psn
|upkeep
|turn|63
|c|☆Best Dark Wall|lol
|
|t:|1760385308
|move|p2a: Iron Valiant|Knock Off|p1a: Shining Stars
|-supereffective|p1a: Shining Stars
|-damage|p1a: Shining Stars|20/100
|move|p1a: Shining Stars|Slack Off|p1a: Shining Stars
|-heal|p1a: Shining Stars|70/100
|
|-damage|p2a: Iron Valiant|2/100 psn|[from] psn
|upkeep
|turn|64
|
|t:|1760385316
|move|p2a: Iron Valiant|Knock Off|p1a: Shining Stars
|-supereffective|p1a: Shining Stars
|-damage|p1a: Shining Stars|39/100
|move|p1a: Shining Stars|Slack Off|p1a: Shining Stars
|-heal|p1a: Shining Stars|89/100
|
|-damage|p2a: Iron Valiant|0 fnt|[from] psn
|faint|p2a: Iron Valiant
|-end|p2a: Iron Valiant|Quark Drive|[silent]
|upkeep
|
|t:|1760385325
|switch|p2a: Tinkaton|Tinkaton, F|68/100
|-ability|p2a: Tinkaton|Mold Breaker
|turn|65
|
|t:|1760385332
|move|p2a: Tinkaton|Play Rough|p1a: Shining Stars
|-resisted|p1a: Shining Stars
|-damage|p1a: Shining Stars|82/100
|move|p1a: Shining Stars|Torch Song|p2a: Tinkaton
|-supereffective|p2a: Tinkaton
|-damage|p2a: Tinkaton|29/100
|-boost|p1a: Shining Stars|spa|1
|
|upkeep
|turn|66
|
|t:|1760385339
|move|p2a: Tinkaton|Knock Off|p1a: Shining Stars
|-supereffective|p1a: Shining Stars
|-damage|p1a: Shining Stars|68/100
|move|p1a: Shining Stars|Torch Song|p2a: Tinkaton
|-supereffective|p2a: Tinkaton
|-damage|p2a: Tinkaton|0 fnt
|-boost|p1a: Shining Stars|spa|1
|faint|p2a: Tinkaton
|
|upkeep
|
|t:|1760385347
|switch|p2a: Garganacl|Garganacl, M|95/100
|turn|67
|
|t:|1760385350
|move|p1a: Shining Stars|Torch Song|p2a: Garganacl
|-resisted|p2a: Garganacl
|-damage|p2a: Garganacl|76/100
|-boost|p1a: Shining Stars|spa|1
|move|p2a: Garganacl|Salt Cure|p1a: Shining Stars
|-supereffective|p1a: Shining Stars
|-damage|p1a: Shining Stars|50/100
|-start|p1a: Shining Stars|Salt Cure
|
|-heal|p2a: Garganacl|83/100|[from] item: Leftovers
|-damage|p1a: Shining Stars|38/100|[from] Salt Cure
|upkeep
|turn|68
|
|t:|1760385360
|move|p1a: Shining Stars|Slack Off|p1a: Shining Stars
|-heal|p1a: Shining Stars|88/100
|move|p2a: Garganacl|Salt Cure|p1a: Shining Stars
|-supereffective|p1a: Shining Stars
|-damage|p1a: Shining Stars|70/100
|
|-heal|p2a: Garganacl|89/100|[from] item: Leftovers
|-damage|p1a: Shining Stars|57/100|[from] Salt Cure
|upkeep
|turn|69
|l| Zestial_SK
|
|t:|1760385370
|switch|p1a: Wonderful Things|Clodsire, M|81/100
|move|p2a: Garganacl|Salt Cure|p1a: Wonderful Things
|-resisted|p1a: Wonderful Things
|-damage|p1a: Wonderful Things|73/100
|-start|p1a: Wonderful Things|Salt Cure
|
|-heal|p2a: Garganacl|95/100|[from] item: Leftovers
|-damage|p1a: Wonderful Things|60/100|[from] Salt Cure
|upkeep
|turn|70
|
|t:|1760385378
|move|p2a: Garganacl|Iron Defense|p2a: Garganacl
|-boost|p2a: Garganacl|def|2
|move|p1a: Wonderful Things|Earthquake|p2a: Garganacl
|-supereffective|p2a: Garganacl
|-damage|p2a: Garganacl|59/100
|
|-heal|p2a: Garganacl|66/100|[from] item: Leftovers
|-damage|p1a: Wonderful Things|48/100|[from] Salt Cure
|upkeep
|turn|71
|
|t:|1760385385
|move|p2a: Garganacl|Iron Defense|p2a: Garganacl
|-boost|p2a: Garganacl|def|2
|move|p1a: Wonderful Things|Recover|p1a: Wonderful Things
|-heal|p1a: Wonderful Things|98/100
|
|-heal|p2a: Garganacl|72/100|[from] item: Leftovers
|-damage|p1a: Wonderful Things|85/100|[from] Salt Cure
|upkeep
|turn|72
|
|t:|1760385400
|switch|p1a: Shining Stars|Skeledirge, F|57/100
|move|p2a: Garganacl|Body Press|p1a: Shining Stars
|-immune|p1a: Shining Stars
|
|-heal|p2a: Garganacl|78/100|[from] item: Leftovers
|upkeep
|turn|73
|
|t:|1760385407
|move|p1a: Shining Stars|Torch Song|p2a: Garganacl
|-resisted|p2a: Garganacl
|-damage|p2a: Garganacl|69/100
|-boost|p1a: Shining Stars|spa|1
|move|p2a: Garganacl|Salt Cure|p1a: Shining Stars
|-supereffective|p1a: Shining Stars
|-damage|p1a: Shining Stars|41/100
|-start|p1a: Shining Stars|Salt Cure
|
|-heal|p2a: Garganacl|75/100|[from] item: Leftovers
|-damage|p1a: Shining Stars|29/100|[from] Salt Cure
|upkeep
|turn|74
|
|t:|1760385417
|move|p1a: Shining Stars|Slack Off|p1a: Shining Stars
|-heal|p1a: Shining Stars|79/100
|move|p2a: Garganacl|Salt Cure|p1a: Shining Stars
|-supereffective|p1a: Shining Stars
|-damage|p1a: Shining Stars|60/100
|
|-heal|p2a: Garganacl|81/100|[from] item: Leftovers
|-damage|p1a: Shining Stars|48/100|[from] Salt Cure
|upkeep
|turn|75
|
|t:|1760385426
|switch|p1a: Wonderful Things|Clodsire, M|85/100
|move|p2a: Garganacl|Recover|p2a: Garganacl
|-heal|p2a: Garganacl|100/100
|
|upkeep
|turn|76
|
|t:|1760385432
|move|p2a: Garganacl|Salt Cure|p1a: Wonderful Things
|-resisted|p1a: Wonderful Things
|-damage|p1a: Wonderful Things|78/100
|-start|p1a: Wonderful Things|Salt Cure
|move|p1a: Wonderful Things|Earthquake|p2a: Garganacl
|-supereffective|p2a: Garganacl
|-damage|p2a: Garganacl|63/100
|
|-heal|p2a: Garganacl|70/100|[from] item: Leftovers
|-damage|p1a: Wonderful Things|66/100|[from] Salt Cure
|upkeep
|turn|77
|
|t:|1760385442
|move|p2a: Garganacl|Iron Defense|p2a: Garganacl
|-boost|p2a: Garganacl|def|2
|move|p1a: Wonderful Things|Earthquake|p2a: Garganacl
|-supereffective|p2a: Garganacl
|-damage|p2a: Garganacl|35/100
|
|-heal|p2a: Garganacl|41/100|[from] item: Leftovers
|-damage|p1a: Wonderful Things|53/100|[from] Salt Cure
|upkeep
|turn|78
|
|t:|1760385450
|switch|p1a: Shining Stars|Skeledirge, F|48/100
|move|p2a: Garganacl|Recover|p2a: Garganacl
|-heal|p2a: Garganacl|91/100
|
|-heal|p2a: Garganacl|97/100|[from] item: Leftovers
|upkeep
|turn|79
|
|t:|1760385457
|switch|p1a: Silver Linings|Weezing-Galar, M|62/100
|move|p2a: Garganacl|Salt Cure|p1a: Silver Linings
|-damage|p1a: Silver Linings|54/100
|-start|p1a: Silver Linings|Salt Cure
|
|-heal|p1a: Silver Linings|60/100|[from] item: Leftovers
|-heal|p2a: Garganacl|100/100|[from] item: Leftovers
|-damage|p1a: Silver Linings|48/100|[from] Salt Cure
|upkeep
|turn|80
|
|t:|1760385466
|move|p1a: Silver Linings|Strange Steam|p2a: Garganacl
|-damage|p2a: Garganacl|84/100
|move|p2a: Garganacl|Body Press|p1a: Silver Linings
|-resisted|p1a: Silver Linings
|-damage|p1a: Silver Linings|32/100
|
|-heal|p1a: Silver Linings|38/100|[from] item: Leftovers
|-heal|p2a: Garganacl|90/100|[from] item: Leftovers
|-damage|p1a: Silver Linings|26/100|[from] Salt Cure
|upkeep
|turn|81
|
|t:|1760385475
|move|p1a: Silver Linings|Pain Split|p2a: Garganacl
|-sethp|p2a: Garganacl|56/100|[from] move: Pain Split|[silent]
|-sethp|p1a: Silver Linings|67/100|[from] move: Pain Split
|move|p2a: Garganacl|Body Press|p1a: Silver Linings
|-resisted|p1a: Silver Linings
|-damage|p1a: Silver Linings|51/100
|
|-heal|p1a: Silver Linings|57/100|[from] item: Leftovers
|-heal|p2a: Garganacl|62/100|[from] item: Leftovers
|-damage|p1a: Silver Linings|45/100|[from] Salt Cure
|upkeep
|turn|82
|
|t:|1760385487
|move|p1a: Silver Linings|Strange Steam|p2a: Garganacl
|-damage|p2a: Garganacl|44/100
|move|p2a: Garganacl|Recover|p2a: Garganacl
|-heal|p2a: Garganacl|94/100
|
|-heal|p1a: Silver Linings|51/100|[from] item: Leftovers
|-heal|p2a: Garganacl|99/100|[from] item: Leftovers
|-damage|p1a: Silver Linings|39/100|[from] Salt Cure
|upkeep
|turn|83
|
|t:|1760385495
|move|p1a: Silver Linings|Pain Split|p2a: Garganacl
|-sethp|p2a: Garganacl|66/100|[from] move: Pain Split|[silent]
|-sethp|p1a: Silver Linings|80/100|[from] move: Pain Split
|move|p2a: Garganacl|Salt Cure|p1a: Silver Linings
|-damage|p1a: Silver Linings|70/100
|
|-heal|p1a: Silver Linings|76/100|[from] item: Leftovers
|-heal|p2a: Garganacl|72/100|[from] item: Leftovers
|-damage|p1a: Silver Linings|63/100|[from] Salt Cure
|upkeep
|turn|84
|
|t:|1760385504
|move|p1a: Silver Linings|Strange Steam|p2a: Garganacl|[miss]
|-miss|p1a: Silver Linings|p2a: Garganacl
|move|p2a: Garganacl|Body Press|p1a: Silver Linings
|-resisted|p1a: Silver Linings
|-damage|p1a: Silver Linings|49/100
|
|-heal|p1a: Silver Linings|55/100|[from] item: Leftovers
|-heal|p2a: Garganacl|78/100|[from] item: Leftovers
|-damage|p1a: Silver Linings|42/100|[from] Salt Cure
|upkeep
|turn|85
|
|t:|1760385514
|move|p1a: Silver Linings|Pain Split|p2a: Garganacl
|-sethp|p2a: Garganacl|57/100|[from] move: Pain Split|[silent]
|-sethp|p1a: Silver Linings|68/100|[from] move: Pain Split
|move|p2a: Garganacl|Body Press|p1a: Silver Linings
|-resisted|p1a: Silver Linings
|-damage|p1a: Silver Linings|55/100
|
|-heal|p1a: Silver Linings|61/100|[from] item: Leftovers
|-heal|p2a: Garganacl|63/100|[from] item: Leftovers
|-damage|p1a: Silver Linings|49/100|[from] Salt Cure
|upkeep
|turn|86
|
|t:|1760385524
|move|p1a: Silver Linings|Strange Steam|p2a: Garganacl
|-damage|p2a: Garganacl|46/100
|move|p2a: Garganacl|Recover|p2a: Garganacl
|-heal|p2a: Garganacl|96/100
|
|-heal|p1a: Silver Linings|55/100|[from] item: Leftovers
|-heal|p2a: Garganacl|100/100|[from] item: Leftovers
|-damage|p1a: Silver Linings|42/100|[from] Salt Cure
|upkeep
|turn|87
|c|☆Best Dark Wall|thanks for recovering I was getting a bit low
|
|t:|1760385539
|move|p1a: Silver Linings|Pain Split|p2a: Garganacl
|-sethp|p2a: Garganacl|68/100|[from] move: Pain Split|[silent]
|-sethp|p1a: Silver Linings|82/100|[from] move: Pain Split
|move|p2a: Garganacl|Body Press|p1a: Silver Linings
|-resisted|p1a: Silver Linings
|-damage|p1a: Silver Linings|67/100
|
|-heal|p1a: Silver Linings|73/100|[from] item: Leftovers
|-heal|p2a: Garganacl|74/100|[from] item: Leftovers
|-damage|p1a: Silver Linings|60/100|[from] Salt Cure
|upkeep
|turn|88
|
|t:|1760385548
|move|p1a: Silver Linings|Strange Steam|p2a: Garganacl|[miss]
|-miss|p1a: Silver Linings|p2a: Garganacl
|move|p2a: Garganacl|Body Press|p1a: Silver Linings
|-resisted|p1a: Silver Linings
|-damage|p1a: Silver Linings|47/100
|
|-heal|p1a: Silver Linings|53/100|[from] item: Leftovers
|-heal|p2a: Garganacl|80/100|[from] item: Leftovers
|-damage|p1a: Silver Linings|40/100|[from] Salt Cure
|upkeep
|turn|89
|
|t:|1760385557
|move|p1a: Silver Linings|Strange Steam|p2a: Garganacl
|-damage|p2a: Garganacl|63/100
|move|p2a: Garganacl|Body Press|p1a: Silver Linings
|-resisted|p1a: Silver Linings
|-damage|p1a: Silver Linings|27/100
|
|-heal|p1a: Silver Linings|33/100|[from] item: Leftovers
|-heal|p2a: Garganacl|69/100|[from] item: Leftovers
|-damage|p1a: Silver Linings|21/100|[from] Salt Cure
|upkeep
|turn|90
|
|t:|1760385566
|move|p1a: Silver Linings|Pain Split|p2a: Garganacl
|-sethp|p2a: Garganacl|43/100|[from] move: Pain Split|[silent]
|-sethp|p1a: Silver Linings|52/100|[from] move: Pain Split
|move|p2a: Garganacl|Body Press|p1a: Silver Linings
|-resisted|p1a: Silver Linings
|-damage|p1a: Silver Linings|36/100
|
|-heal|p1a: Silver Linings|42/100|[from] item: Leftovers
|-heal|p2a: Garganacl|49/100|[from] item: Leftovers
|-damage|p1a: Silver Linings|30/100|[from] Salt Cure
|upkeep
|turn|91
|
|t:|1760385575
|switch|p1a: Shining Stars|Skeledirge, F|48/100
|move|p2a: Garganacl|Body Press|p1a: Shining Stars
|-immune|p1a: Shining Stars
|
|-heal|p2a: Garganacl|55/100|[from] item: Leftovers
|upkeep
|turn|92
|
|t:|1760385581
|move|p1a: Shining Stars|Torch Song|p2a: Garganacl
|-resisted|p2a: Garganacl
|-damage|p2a: Garganacl|46/100
|-boost|p1a: Shining Stars|spa|1
|move|p2a: Garganacl|Salt Cure|p1a: Shining Stars
|-supereffective|p1a: Shining Stars
|-damage|p1a: Shining Stars|30/100
|-start|p1a: Shining Stars|Salt Cure
|
|-heal|p2a: Garganacl|52/100|[from] item: Leftovers
|-damage|p1a: Shining Stars|17/100|[from] Salt Cure
|upkeep
|turn|93
|c|☆Best Dark Wall|ggwp
|
|t:|1760385593
|move|p1a: Shining Stars|Slack Off|p1a: Shining Stars
|-heal|p1a: Shining Stars|67/100
|move|p2a: Garganacl|Iron Defense|p2a: Garganacl
|-boost|p2a: Garganacl|def|0
|
|-heal|p2a: Garganacl|58/100|[from] item: Leftovers
|-damage|p1a: Shining Stars|55/100|[from] Salt Cure
|upkeep
|turn|94
|
|t:|1760385600
|switch|p1a: Silver Linings|Weezing-Galar, M|30/100
|move|p2a: Garganacl|Body Press|p1a: Silver Linings
|-resisted|p1a: Silver Linings
|-damage|p1a: Silver Linings|14/100
|
|-heal|p1a: Silver Linings|20/100|[from] item: Leftovers
|-heal|p2a: Garganacl|64/100|[from] item: Leftovers
|upkeep
|turn|95
|
|t:|1760385607
|move|p1a: Silver Linings|Pain Split|p2a: Garganacl
|-sethp|p2a: Garganacl|40/100|[from] move: Pain Split|[silent]
|-sethp|p1a: Silver Linings|49/100|[from] move: Pain Split
|move|p2a: Garganacl|Body Press|p1a: Silver Linings
|-resisted|p1a: Silver Linings
|-damage|p1a: Silver Linings|33/100
|
|-heal|p1a: Silver Linings|39/100|[from] item: Leftovers
|-heal|p2a: Garganacl|47/100|[from] item: Leftovers
|upkeep
|turn|96
|
|t:|1760385615
|move|p1a: Silver Linings|Pain Split|p2a: Garganacl
|-sethp|p2a: Garganacl|39/100|[from] move: Pain Split|[silent]
|-sethp|p1a: Silver Linings|48/100|[from] move: Pain Split
|move|p2a: Garganacl|Body Press|p1a: Silver Linings
|-resisted|p1a: Silver Linings
|-damage|p1a: Silver Linings|32/100
|
|-heal|p1a: Silver Linings|38/100|[from] item: Leftovers
|-heal|p2a: Garganacl|46/100|[from] item: Leftovers
|upkeep
|turn|97
|
|t:|1760385623
|move|p1a: Silver Linings|Pain Split|p2a: Garganacl
|-sethp|p2a: Garganacl|39/100|[from] move: Pain Split|[silent]
|-sethp|p1a: Silver Linings|47/100|[from] move: Pain Split
|move|p2a: Garganacl|Body Press|p1a: Silver Linings
|-resisted|p1a: Silver Linings
|-damage|p1a: Silver Linings|32/100
|
|-heal|p1a: Silver Linings|38/100|[from] item: Leftovers
|-heal|p2a: Garganacl|45/100|[from] item: Leftovers
|upkeep
|turn|98
|
|t:|1760385632
|switch|p1a: Contentment|Pecharunt, tera:Ground|63/100
|move|p2a: Garganacl|Iron Defense|p2a: Garganacl
|-boost|p2a: Garganacl|def|0
|
|-heal|p2a: Garganacl|51/100|[from] item: Leftovers
|upkeep
|turn|99
|
|t:|1760385638
|move|p1a: Contentment|Recover|p1a: Contentment
|-heal|p1a: Contentment|100/100
|move|p2a: Garganacl|Iron Defense|p2a: Garganacl
|-boost|p2a: Garganacl|def|0
|
|-heal|p2a: Garganacl|57/100|[from] item: Leftovers
|upkeep
|turn|100
|
|t:|1760385644
|switch|p1a: Happy Thoughts|Toxapex, F|77/100
|move|p2a: Garganacl|Iron Defense|p2a: Garganacl
|-boost|p2a: Garganacl|def|0
|
|-heal|p2a: Garganacl|63/100|[from] item: Leftovers
|upkeep
|turn|101
|
|t:|1760385650
|switch|p1a: Joy In Life|Blissey, F|40/100
|move|p2a: Garganacl|Iron Defense|p2a: Garganacl
|-boost|p2a: Garganacl|def|0
|
|-heal|p2a: Garganacl|70/100|[from] item: Leftovers
|upkeep
|turn|102
|
|t:|1760385657
|move|p1a: Joy In Life|Soft-Boiled|p1a: Joy In Life
|-heal|p1a: Joy In Life|90/100
|move|p2a: Garganacl|Iron Defense|p2a: Garganacl
|-boost|p2a: Garganacl|def|0
|
|-heal|p2a: Garganacl|76/100|[from] item: Leftovers
|upkeep
|turn|103
|
|t:|1760385663
|move|p1a: Joy In Life|Soft-Boiled|p1a: Joy In Life
|-heal|p1a: Joy In Life|100/100
|move|p2a: Garganacl|Iron Defense|p2a: Garganacl
|-boost|p2a: Garganacl|def|0
|
|-heal|p2a: Garganacl|82/100|[from] item: Leftovers
|upkeep
|turn|104
|
|t:|1760385670
|switch|p1a: Wonderful Things|Clodsire, M|53/100
|move|p2a: Garganacl|Iron Defense|p2a: Garganacl
|-boost|p2a: Garganacl|def|0
|
|-heal|p2a: Garganacl|88/100|[from] item: Leftovers
|upkeep
|turn|105
|
|t:|1760385677
|move|p2a: Garganacl|Iron Defense|p2a: Garganacl
|-boost|p2a: Garganacl|def|0
|move|p1a: Wonderful Things|Recover|p1a: Wonderful Things
|-heal|p1a: Wonderful Things|100/100
|
|-heal|p2a: Garganacl|94/100|[from] item: Leftovers
|upkeep
|turn|106
|
|t:|1760385682
|switch|p1a: Shining Stars|Skeledirge, F|55/100
|move|p2a: Garganacl|Iron Defense|p2a: Garganacl
|-boost|p2a: Garganacl|def|0
|
|-heal|p2a: Garganacl|100/100|[from] item: Leftovers
|upkeep
|turn|107
|
|t:|1760385688
|move|p1a: Shining Stars|Slack Off|p1a: Shining Stars
|-heal|p1a: Shining Stars|100/100
|move|p2a: Garganacl|Iron Defense|p2a: Garganacl
|-boost|p2a: Garganacl|def|0
|
|upkeep
|turn|108
|
|t:|1760385694
|switch|p1a: Silver Linings|Weezing-Galar, M|38/100
|move|p2a: Garganacl|Iron Defense|p2a: Garganacl
|-boost|p2a: Garganacl|def|0
|
|-heal|p1a: Silver Linings|44/100|[from] item: Leftovers
|upkeep
|turn|109
|
|t:|1760385700
|move|p1a: Silver Linings|Pain Split|p2a: Garganacl
|-sethp|p2a: Garganacl|68/100|[from] move: Pain Split|[silent]
|-sethp|p1a: Silver Linings|83/100|[from] move: Pain Split
|move|p2a: Garganacl|Iron Defense|p2a: Garganacl
|-boost|p2a: Garganacl|def|0
|
|-heal|p1a: Silver Linings|89/100|[from] item: Leftovers
|-heal|p2a: Garganacl|75/100|[from] item: Leftovers
|upkeep
|turn|110
|
|t:|1760385707
|move|p1a: Silver Linings|Will-O-Wisp|p2a: Garganacl
|-immune|p2a: Garganacl|[from] ability: Purifying Salt
|move|p2a: Garganacl|Iron Defense|p2a: Garganacl
|-boost|p2a: Garganacl|def|0
|
|-heal|p1a: Silver Linings|95/100|[from] item: Leftovers
|-heal|p2a: Garganacl|81/100|[from] item: Leftovers
|upkeep
|turn|111
|
|t:|1760385715
|move|p1a: Silver Linings|Will-O-Wisp|p2a: Garganacl
|-immune|p2a: Garganacl|[from] ability: Purifying Salt
|move|p2a: Garganacl|Iron Defense|p2a: Garganacl
|-boost|p2a: Garganacl|def|0
|
|-heal|p1a: Silver Linings|100/100|[from] item: Leftovers
|-heal|p2a: Garganacl|87/100|[from] item: Leftovers
|upkeep
|turn|112
|c|☆Best Dark Wall|6 mons at 100% btw
|
|t:|1760385736
|switch|p1a: Happy Thoughts|Toxapex, F|100/100
|-activate|p2a: Garganacl|move: Struggle
|move|p2a: Garganacl|Struggle|p1a: Happy Thoughts
|-damage|p1a: Happy Thoughts|93/100
|-damage|p2a: Garganacl|62/100|[from] recoil
|
|-heal|p2a: Garganacl|68/100|[from] item: Leftovers
|upkeep
|turn|113
|c|☆volotheboss|idc
|
|t:|1760385744
|move|p1a: Happy Thoughts|Toxic Spikes|p2a: Garganacl
|-sidestart|p2: volotheboss|move: Toxic Spikes
|-activate|p2a: Garganacl|move: Struggle
|move|p2a: Garganacl|Struggle|p1a: Happy Thoughts
|-damage|p1a: Happy Thoughts|85/100
|-damage|p2a: Garganacl|43/100|[from] recoil
|
|-heal|p2a: Garganacl|49/100|[from] item: Leftovers
|upkeep
|turn|114
|
|t:|1760385751
|move|p1a: Happy Thoughts|Recover|p1a: Happy Thoughts
|-heal|p1a: Happy Thoughts|100/100
|-activate|p2a: Garganacl|move: Struggle
|move|p2a: Garganacl|Struggle|p1a: Happy Thoughts
|-damage|p1a: Happy Thoughts|92/100
|-damage|p2a: Garganacl|24/100|[from] recoil
|
|-heal|p2a: Garganacl|30/100|[from] item: Leftovers
|upkeep
|turn|115
|inactive|Battle timer is ON: inactive players will automatically lose when time's up. (requested by volotheboss)
|c|☆Best Dark Wall|btw
|c|☆Best Dark Wall|I’m not the one timer stalling
|inactive|volotheboss has 270 seconds left.
|c|☆volotheboss|idrc
|c|☆volotheboss|Your using stall
|c| Megamon20XX|with double the prep time
|c|☆volotheboss|one of the worst stupid mfing strategies
|c|☆volotheboss|in all of pokemon
|inactive|volotheboss has 240 seconds left.
|c|☆Best Dark Wall|Yes
|c|☆Best Dark Wall|you have accurately described the situation
|inactive|volotheboss has 210 seconds left.
|c|☆Best Dark Wall|double the prep time doesnt really matter tbh I just made a bunch of different yeams
|inactive|volotheboss has 180 seconds left.
|c|☆volotheboss|.......
|c|☆Best Dark Wall|think there’s like 10 rn?
|inactive|volotheboss has 150 seconds left.
|c|☆Best Dark Wall|I’ll go count while we wait
|l| Megamon20XX
|c|☆volotheboss|Enjoy your wait time disgusting piece of garbage
|
|t:|1760385932
|switch|p1a: Wonderful Things|Clodsire, M|100/100
|-activate|p2a: Garganacl|move: Struggle
|move|p2a: Garganacl|Struggle|p1a: Wonderful Things
|-damage|p1a: Wonderful Things|87/100
|-damage|p2a: Garganacl|5/100|[from] recoil
|
|-heal|p2a: Garganacl|12/100|[from] item: Leftovers
|upkeep
|turn|116
|c|☆Best Dark Wall|aww ty
|c|☆Best Dark Wall|I will
|c|☆Best Dark Wall|watching blue lock rn
|inactive|volotheboss has 180 seconds left.
|l|☆volotheboss
|inactive|volotheboss disconnected and has 300 seconds to reconnect!
|player|p2|
|c|☆Best Dark Wall|we have 11 teams counting the one where one guy just switches sets
|inactive|volotheboss has 270 seconds to reconnect!
|c|☆Best Dark Wall|if I don’t I actually guessed perfectly
|inactive|volotheboss has 240 seconds to reconnect!
|inactive|volotheboss has 210 seconds to reconnect!
|inactive|volotheboss has 180 seconds to reconnect!
|c|☆Best Dark Wall|gonna go to the washroom
|c|☆Best Dark Wall|grab a snack maybe
|inactive|volotheboss has 150 seconds to reconnect!
|inactive|volotheboss has 120 seconds to reconnect!
|c|☆Best Dark Wall|I’m baxk
|c|☆Best Dark Wall|*back
|c|☆Best Dark Wall|lol
|inactive|volotheboss has 90 seconds to reconnect!
|c|☆Best Dark Wall|got some grapes
|inactive|volotheboss has 60 seconds to reconnect!
|c|☆Best Dark Wall|“Hello, my diamonds in the rough”
|inactive|volotheboss has 30 seconds to reconnect!
|inactive|volotheboss has 20 seconds to reconnect!
|inactive|volotheboss has 15 seconds to reconnect!
|inactive|volotheboss has 10 seconds to reconnect!
|inactive|volotheboss has 5 seconds to reconnect!
|c|☆Best Dark Wall|well
|c|☆Best Dark Wall|gg
|-message|volotheboss lost due to inactivity.
|
|win|Best Dark Wall
|c|☆Best Dark Wall|Pressed recover so I’ll call that 6/0 without losing any HP by the end
|c|☆Best Dark Wall|wp!
