|j|☆Katze 632
|j|☆UltraSharkBrosYT
|t:|1760384572
|gametype|singles
|player|p1|Katze 632|ingo|1144
|player|p2|UltraSharkBrosYT|ingo-hisui|1120
|gen|9
|tier|[Gen 9] OU
|rated|
|rule|HP Percentage Mod: HP is shown in percentages
|rule|Endless Battle Clause: Forcing endless battles is banned
|rule|Species Clause: Limit one of each Pokémon
|rule|OHKO Clause: OHKO moves are banned
|rule|Evasion Items Clause: Evasion items are banned
|rule|Evasion Moves Clause: Evasion moves are banned
|rule|Evasion Abilities Clause: Evasion abilities are banned
|rule|Sleep Moves Clause: Sleep-inducing moves are banned
|clearpoke
|poke|p1|Ceruledge, F|
|poke|p1|Hatterene, F|
|poke|p1|Scizor, F|
|poke|p1|Samurott-Hisui, F|
|poke|p1|Tornadus-Therian, M|
|poke|p1|Weezing-Galar, F|
|poke|p2|Garchomp, F|
|poke|p2|Clefable, F|
|poke|p2|Ursaluna, M|
|poke|p2|Lokix, F|
|poke|p2|Moltres|
|poke|p2|Gholdengo|
|teampreview
|inactive|Battle timer is ON: inactive players will automatically lose when time's up. (requested by Katze 632)
|
|t:|1760384598
|teamsize|p1|6
|teamsize|p2|6
|start
|switch|p1a: Pebble|Samurott-Hisui, F|100/100
|switch|p2a: Moltres|Moltres|100/100
|turn|1
|
|t:|1760384607
|move|p1a: Pebble|Ceaseless Edge|p2a: Moltres
|-damage|p2a: Moltres|56/100
|-sidestart|p2: UltraSharkBrosYT|Spikes
|move|p2a: Moltres|Will-O-Wisp|p1a: Pebble
|-status|p1a: Pebble|brn
|
|-damage|p1a: Pebble|94/100 brn|[from] brn
|upkeep
|turn|2
|
|t:|1760384617
|move|p1a: Pebble|Ceaseless Edge|p2a: Moltres
|-damage|p2a: Moltres|34/100
|-sidestart|p2: UltraSharkBrosYT|Spikes
|move|p2a: Moltres|Roost|p2a: Moltres
|-heal|p2a: Moltres|85/100
|-singleturn|p2a: Moltres|move: Roost
|
|-damage|p1a: Pebble|88/100 brn|[from] brn
|upkeep
|turn|3
|
|t:|1760384627
|move|p1a: Pebble|Ceaseless Edge|p2a: Moltres
|-damage|p2a: Moltres|63/100
|-sidestart|p2: UltraSharkBrosYT|Spikes
|move|p2a: Moltres|Flamethrower|p1a: Pebble
|-resisted|p1a: Pebble
|-damage|p1a: Pebble|74/100 brn
|
|-damage|p1a: Pebble|68/100 brn|[from] brn
|upkeep
|turn|4
|
|t:|1760384636
|move|p1a: Pebble|Flip Turn|p2a: Moltres
|-supereffective|p2a: Moltres
|-damage|p2a: Moltres|38/100
|
|t:|1760384648
|switch|p1a: Tornadus|Tornadus-Therian, M|100/100|[from] Flip Turn
|move|p2a: Moltres|Flamethrower|p1a: Tornadus
|-damage|p1a: Tornadus|53/100
|
|upkeep
|turn|5
|
|t:|1760384656
|switch|p1a: Bassie|Hatterene, F|100/100
|move|p2a: Moltres|Roost|p2a: Moltres
|-heal|p2a: Moltres|88/100
|-singleturn|p2a: Moltres|move: Roost
|
|upkeep
|turn|6
|
|t:|1760384665
|move|p2a: Moltres|Flamethrower|p1a: Bassie
|-crit|p1a: Bassie
|-damage|p1a: Bassie|40/100
|move|p1a: Bassie|Psychic Noise|p2a: Moltres
|-damage|p2a: Moltres|62/100
|-start|p2a: Moltres|move: Heal Block
|
|-heal|p1a: Bassie|46/100|[from] item: Leftovers
|upkeep
|turn|7
|
|t:|1760384691
|-terastallize|p1a: Bassie|Water
|move|p2a: Moltres|Flamethrower|p1a: Bassie
|-resisted|p1a: Bassie
|-damage|p1a: Bassie|28/100
|move|p1a: Bassie|Draining Kiss|p2a: Moltres
|-resisted|p2a: Moltres
|-damage|p2a: Moltres|55/100
|-heal|p1a: Bassie|34/100|[from] drain|[of] p2a: Moltres
|
|-heal|p1a: Bassie|40/100|[from] item: Leftovers
|-end|p2a: Moltres|move: Heal Block
|upkeep
|turn|8
|
|t:|1760384703
|move|p2a: Moltres|Roost|p2a: Moltres
|-heal|p2a: Moltres|100/100
|-singleturn|p2a: Moltres|move: Roost
|move|p1a: Bassie|Psychic Noise|p2a: Moltres
|-damage|p2a: Moltres|77/100
|-start|p2a: Moltres|move: Heal Block
|
|-heal|p1a: Bassie|46/100|[from] item: Leftovers
|upkeep
|turn|9
|
|t:|1760384716
|move|p2a: Moltres|Flamethrower|p1a: Bassie
|-resisted|p1a: Bassie
|-crit|p1a: Bassie
|-damage|p1a: Bassie|15/100
|move|p1a: Bassie|Pain Split|p2a: Moltres
|-sethp|p2a: Moltres|45/100|[from] move: Pain Split|[silent]
|-sethp|p1a: Bassie|54/100|[from] move: Pain Split
|
|-heal|p1a: Bassie|60/100|[from] item: Leftovers
|-end|p2a: Moltres|move: Heal Block
|upkeep
|turn|10
|
|t:|1760384726
|move|p2a: Moltres|Roost|p2a: Moltres
|-heal|p2a: Moltres|95/100
|-singleturn|p2a: Moltres|move: Roost
|move|p1a: Bassie|Psychic Noise|p2a: Moltres
|-damage|p2a: Moltres|70/100
|-start|p2a: Moltres|move: Heal Block
|
|-heal|p1a: Bassie|66/100|[from] item: Leftovers
|upkeep
|turn|11
|
|t:|1760384737
|move|p2a: Moltres|Will-O-Wisp|p1a: Bassie
|move|p1a: Bassie|Will-O-Wisp|p2a: Moltres|[from] ability: Magic Bounce
|-immune|p2a: Moltres
|move|p1a: Bassie|Psychic Noise|p2a: Moltres
|-crit|p2a: Moltres
|-damage|p2a: Moltres|32/100
|
|-heal|p1a: Bassie|72/100|[from] item: Leftovers
|-end|p2a: Moltres|move: Heal Block
|upkeep
|turn|12
|
|t:|1760384750
|move|p2a: Moltres|Roost|p2a: Moltres
|-heal|p2a: Moltres|82/100
|-singleturn|p2a: Moltres|move: Roost
|move|p1a: Bassie|Psychic Noise|p2a: Moltres
|-damage|p2a: Moltres|58/100
|-start|p2a: Moltres|move: Heal Block
|
|-heal|p1a: Bassie|78/100|[from] item: Leftovers
|upkeep
|turn|13
|
|t:|1760384762
|switch|p2a: Clefable|Clefable, F|100/100
|-damage|p2a: Clefable|76/100|[from] Spikes
|move|p1a: Bassie|Psychic Noise|p2a: Clefable
|-damage|p2a: Clefable|46/100
|-start|p2a: Clefable|move: Heal Block
|
|-heal|p1a: Bassie|84/100|[from] item: Leftovers
|upkeep
|turn|14
|
|t:|1760384775
|move|p2a: Clefable|Moonblast|p1a: Bassie
|-damage|p1a: Bassie|39/100
|-unboost|p1a: Bassie|spa|1
|move|p1a: Bassie|Psychic Noise|p2a: Clefable
|-damage|p2a: Clefable|13/100
|
|-heal|p1a: Bassie|45/100|[from] item: Leftovers
|-end|p2a: Clefable|move: Heal Block
|upkeep
|turn|15
|
|t:|1760384790
|move|p2a: Clefable|Wish|p2a: Clefable
|move|p1a: Bassie|Draining Kiss|p2a: Clefable
|-damage|p2a: Clefable|0 fnt
|-heal|p1a: Bassie|56/100|[from] drain|[of] p2a: Clefable
|faint|p2a: Clefable
|
|-heal|p1a: Bassie|62/100|[from] item: Leftovers
|upkeep
|
|t:|1760384798
|switch|p2a: Lokix|Lokix, F|100/100
|turn|16
|inactive|Katze 632 has 120 seconds left.
|
|t:|1760384826
|switch|p1a: Shrimpo|Scizor, F|100/100
|move|p2a: Lokix|First Impression|p1a: Shrimpo
|-resisted|p1a: Shrimpo
|-damage|p1a: Shrimpo|56/100
|
|upkeep
|turn|17
|inactive|Katze 632 has 120 seconds left.
|
|t:|1760384835
|move|p2a: Lokix|Knock Off|p1a: Shrimpo
|-damage|p1a: Shrimpo|8/100
|-enditem|p1a: Shrimpo|Choice Band|[from] move: Knock Off|[of] p2a: Lokix
|move|p1a: Shrimpo|U-turn|p2a: Lokix
|-supereffective|p2a: Lokix
|-damage|p2a: Lokix|0 fnt
|faint|p2a: Lokix
|inactive|Katze 632 has 120 seconds left.
|
|t:|1760384852
|switch|p1a: Tornadus|Tornadus-Therian, M|86/100|[from] U-turn
|
|upkeep
|
|t:|1760384861
|switch|p2a: Moltres|Moltres|58/100
|turn|18
|
|t:|1760384865
|move|p1a: Tornadus|Nasty Plot|p1a: Tornadus
|-boost|p1a: Tornadus|spa|2
|move|p2a: Moltres|Roost|p2a: Moltres
|-heal|p2a: Moltres|100/100
|-singleturn|p2a: Moltres|move: Roost
|
|upkeep
|turn|19
|
|t:|1760384872
|move|p1a: Tornadus|Bleakwind Storm|p2a: Moltres
|-damage|p2a: Moltres|10/100
|-damage|p1a: Tornadus|77/100|[from] item: Life Orb
|move|p2a: Moltres|Will-O-Wisp|p1a: Tornadus|[miss]
|-miss|p2a: Moltres|p1a: Tornadus
|
|upkeep
|turn|20
|
|t:|1760384880
|switch|p1a: Shrimpo|Scizor, F|8/100
|move|p2a: Moltres|Flamethrower|p1a: Shrimpo
|-supereffective|p1a: Shrimpo
|-damage|p1a: Shrimpo|0 fnt
|faint|p1a: Shrimpo
|
|upkeep
|c|☆Katze 632|I did not click that
|c|☆Katze 632|i clicked to grass knot
|c|☆Katze 632|no way
|c|☆UltraSharkBrosYT|ill take it
|inactive|Katze 632 has 120 seconds left.
|c|☆Katze 632|T_T
|
|t:|1760384923
|switch|p1a: Soulvester|Ceruledge, F|100/100
|turn|21
|
|t:|1760384928
|move|p1a: Soulvester|Shadow Sneak|p2a: Moltres
|-damage|p2a: Moltres|0 fnt
|faint|p2a: Moltres
|
|upkeep
|
|t:|1760384933
|switch|p2a: Ursaluna|Ursaluna, M|100/100
|-damage|p2a: Ursaluna|76/100|[from] Spikes
|turn|22
|
|t:|1760384939
|move|p2a: Ursaluna|Protect|p2a: Ursaluna
|-singleturn|p2a: Ursaluna|Protect
|move|p1a: Soulvester|Swords Dance|p1a: Soulvester
|-boost|p1a: Soulvester|atk|2
|
|-status|p2a: Ursaluna|brn|[from] item: Flame Orb
|upkeep
|turn|23
|inactive|Katze 632 has 120 seconds left.
|
|t:|1760384948
|move|p1a: Soulvester|Close Combat|p2a: Ursaluna
|-supereffective|p2a: Ursaluna
|-damage|p2a: Ursaluna|0 fnt
|-unboost|p1a: Soulvester|def|1
|-unboost|p1a: Soulvester|spd|1
|faint|p2a: Ursaluna
|
|upkeep
|
|t:|1760384951
|switch|p2a: Garchomp|Garchomp, F|100/100
|-damage|p2a: Garchomp|76/100|[from] Spikes
|turn|24
|
|t:|1760384960
|move|p2a: Garchomp|Earthquake|p1a: Soulvester
|-supereffective|p1a: Soulvester
|-enditem|p1a: Soulvester|Focus Sash
|-damage|p1a: Soulvester|1/100
|-ability|p1a: Soulvester|Weak Armor|boost
|-unboost|p1a: Soulvester|def|1
|-boost|p1a: Soulvester|spe|2
|move|p1a: Soulvester|Close Combat|p2a: Garchomp
|-damage|p2a: Garchomp|1/100
|-unboost|p1a: Soulvester|def|1
|-unboost|p1a: Soulvester|spd|1
|-damage|p1a: Soulvester|0 fnt|[from] ability: Rough Skin|[of] p2a: Garchomp
|faint|p1a: Soulvester
|
|upkeep
|inactive|Katze 632 has 120 seconds left.
|
|t:|1760384982
|switch|p1a: Tornadus|Tornadus-Therian, M|100/100
|turn|25
|
|t:|1760384991
|move|p1a: Tornadus|Grass Knot|p2a: Garchomp
|-damage|p2a: Garchomp|0 fnt
|-damage|p1a: Tornadus|88/100|[from] ability: Rough Skin|[of] p2a: Garchomp
|faint|p2a: Garchomp
|-damage|p1a: Tornadus|78/100|[from] item: Life Orb
|
|upkeep
|
|t:|1760384993
|switch|p2a: Gholdengo|Gholdengo|100/100
|-damage|p2a: Gholdengo|76/100|[from] Spikes
|turn|26
|
|t:|1760384998
|move|p1a: Tornadus|Nasty Plot|p1a: Tornadus
|-boost|p1a: Tornadus|spa|2
|move|p2a: Gholdengo|Make It Rain|p1a: Tornadus
|-damage|p1a: Tornadus|0 fnt
|-unboost|p2a: Gholdengo|spa|1
|faint|p1a: Tornadus
|
|upkeep
|
|t:|1760385001
|switch|p1a: Pebble|Samurott-Hisui, F|68/100 brn
|turn|27
|
|t:|1760385008
|move|p2a: Gholdengo|Make It Rain|p1a: Pebble
|-resisted|p1a: Pebble
|-damage|p1a: Pebble|47/100 brn
|-unboost|p2a: Gholdengo|spa|1
|move|p1a: Pebble|Ceaseless Edge|p2a: Gholdengo
|-supereffective|p2a: Gholdengo
|-damage|p2a: Gholdengo|26/100
|
|-damage|p1a: Pebble|41/100 brn|[from] brn
|upkeep
|turn|28
|
|t:|1760385019
|move|p2a: Gholdengo|Make It Rain|p1a: Pebble
|-resisted|p1a: Pebble
|-damage|p1a: Pebble|24/100 brn
|-unboost|p2a: Gholdengo|spa|1
|move|p1a: Pebble|Ceaseless Edge|p2a: Gholdengo|[miss]
|-miss|p1a: Pebble|p2a: Gholdengo
|
|-damage|p1a: Pebble|18/100 brn|[from] brn
|upkeep
|turn|29
|
|t:|1760385038
|move|p2a: Gholdengo|Make It Rain|p1a: Pebble
|-resisted|p1a: Pebble
|-damage|p1a: Pebble|3/100 brn
|-unboost|p2a: Gholdengo|spa|1
|move|p1a: Pebble|Ceaseless Edge|p2a: Gholdengo
|-supereffective|p2a: Gholdengo
|-damage|p2a: Gholdengo|0 fnt
|faint|p2a: Gholdengo
|
|win|Katze 632
|raw|Katze 632's rating: 1144 &rarr; <strong>1167</strong><br />(+23 for winning)
|raw|UltraSharkBrosYT's rating: 1120 &rarr; <strong>1097</strong><br />(-23 for losing)
|c|☆UltraSharkBrosYT|gg
|c|☆Katze 632|Gg
|l|☆UltraSharkBrosYT
|player|p2|
