|badge|p2|bronze|gen9ou|100-7
|uhtml|medal-msg|<div class="broadcast-blue">Curious what those medals under the avatar are? PS now has Ladder Seasons! For more information, check out the <a href="https://www.smogon.com/forums/threads/3740067/">thread on Smogon.</a></div>
|j|☆RoddyJ
|j|☆MooFarmer
|t:|1760304962
|gametype|singles
|player|p1|RoddyJ|2|1815
|player|p2|MooFarmer|2|1896
|gen|9
|tier|[Gen 9] OU
|rated|
|rule|HP Percentage Mod: HP is shown in percentages
|rule|Endless Battle Clause: Forcing endless battles is banned
|rule|Species Clause: Limit one of each Pokémon
|rule|OHKO Clause: OHKO moves are banned
|rule|Evasion Items Clause: Evasion items are banned
|rule|Evasion Moves Clause: Evasion moves are banned
|rule|Evasion Abilities Clause: Evasion abilities are banned
|rule|Sleep Moves Clause: Sleep-inducing moves are banned
|clearpoke
|poke|p1|Kyurem|
|poke|p1|Mew|
|poke|p1|Dragapult, M|
|poke|p1|Weezing-Galar, F|
|poke|p1|Muk-Alola, M|
|poke|p1|Iron Moth|
|poke|p2|Kyurem|
|poke|p2|Corviknight, M|
|poke|p2|Ting-Lu|
|poke|p2|Dondozo, M|
|poke|p2|Slowking-Galar, L99, F|
|poke|p2|Cinderace, M|
|teampreview
|inactive|Battle timer is ON: inactive players will automatically lose when time's up. (requested by RoddyJ)
|inactive|MooFarmer has 120 seconds left.
|
|t:|1760305009
|teamsize|p1|6
|teamsize|p2|6
|start
|switch|p1a: Dragapult|Dragapult, M, shiny|100/100
|switch|p2a: Ting-Lu|Ting-Lu|100/100
|-ability|p2a: Ting-Lu|Vessel of Ruin
|turn|1
|inactive|MooFarmer also wants the timer to be on.
|inactive|MooFarmer has 120 seconds left.
|
|t:|1760305055
|move|p1a: Dragapult|U-turn|p2a: Ting-Lu
|-supereffective|p2a: Ting-Lu
|-damage|p2a: Ting-Lu|58/100
|
|t:|1760305058
|switch|p1a: Weezing|Weezing-Galar, F, shiny|100/100|[from] U-turn
|move|p2a: Ting-Lu|Earthquake|p1a: Weezing
|-immune|p1a: Weezing|[from] ability: Levitate
|
|-heal|p2a: Ting-Lu|64/100|[from] item: Leftovers
|upkeep
|turn|2
|j| Ctannn
|inactive|MooFarmer has 90 seconds left.
|
|t:|1760305104
|move|p1a: Weezing|Will-O-Wisp|p2a: Ting-Lu
|-status|p2a: Ting-Lu|brn
|move|p2a: Ting-Lu|Payback|p1a: Weezing
|-resisted|p1a: Weezing
|-damage|p1a: Weezing|95/100
|
|-heal|p1a: Weezing|100/100|[from] item: Leftovers
|-heal|p2a: Ting-Lu|71/100 brn|[from] item: Leftovers
|-damage|p2a: Ting-Lu|64/100 brn|[from] brn
|upkeep
|turn|3
|j| St.Peewee
|inactive|MooFarmer has 60 seconds left.
|
|t:|1760305152
|switch|p1a: Dragapult|Dragapult, M, shiny|100/100
|move|p2a: Ting-Lu|Rest|p2a: Ting-Lu
|-status|p2a: Ting-Lu|slp|[from] move: Rest
|-heal|p2a: Ting-Lu|100/100 slp|[silent]
|
|upkeep
|turn|4
|
|t:|1760305161
|move|p1a: Dragapult|U-turn|p2a: Ting-Lu
|-supereffective|p2a: Ting-Lu
|-damage|p2a: Ting-Lu|59/100 slp
|
|t:|1760305168
|switch|p1a: Kyurem|Kyurem, shiny|100/100|[from] U-turn
|-ability|p1a: Kyurem|Pressure
|cant|p2a: Ting-Lu|slp
|move|p2a: Ting-Lu|Sleep Talk|p2a: Ting-Lu
|move|p2a: Ting-Lu|Earthquake|p1a: Kyurem|[from] move: Sleep Talk
|-damage|p1a: Kyurem|64/100
|
|-heal|p2a: Ting-Lu|65/100 slp|[from] item: Leftovers
|upkeep
|turn|5
|
|t:|1760305176
|-terastallize|p2a: Ting-Lu|Water
|move|p1a: Kyurem|Ice Beam|p2a: Ting-Lu
|-resisted|p2a: Ting-Lu
|-damage|p2a: Ting-Lu|53/100 slp
|cant|p2a: Ting-Lu|slp
|move|p2a: Ting-Lu|Sleep Talk|p2a: Ting-Lu
|move|p2a: Ting-Lu|Rest||[from] move: Sleep Talk|[still]
|-fail|p2a: Ting-Lu
|
|-heal|p2a: Ting-Lu|59/100 slp|[from] item: Leftovers
|upkeep
|turn|6
|inactive|MooFarmer has 60 seconds left.
|
|t:|1760305186
|move|p1a: Kyurem|Freeze-Dry|p2a: Ting-Lu
|-supereffective|p2a: Ting-Lu
|-damage|p2a: Ting-Lu|22/100 slp
|-curestatus|p2a: Ting-Lu|slp|[msg]
|move|p2a: Ting-Lu|Rest|p2a: Ting-Lu
|-status|p2a: Ting-Lu|slp|[from] move: Rest
|-heal|p2a: Ting-Lu|100/100 slp|[silent]
|
|upkeep
|turn|7
|j| Samurajen
|
|t:|1760305194
|move|p1a: Kyurem|Freeze-Dry|p2a: Ting-Lu
|-supereffective|p2a: Ting-Lu
|-damage|p2a: Ting-Lu|65/100 slp
|cant|p2a: Ting-Lu|slp
|move|p2a: Ting-Lu|Sleep Talk|p2a: Ting-Lu
|move|p2a: Ting-Lu|Rest||[from] move: Sleep Talk|[still]
|-fail|p2a: Ting-Lu
|
|-heal|p2a: Ting-Lu|71/100 slp|[from] item: Leftovers
|upkeep
|turn|8
|
|t:|1760305203
|move|p1a: Kyurem|Freeze-Dry|p2a: Ting-Lu
|-supereffective|p2a: Ting-Lu
|-damage|p2a: Ting-Lu|35/100 slp
|cant|p2a: Ting-Lu|slp
|move|p2a: Ting-Lu|Sleep Talk|p2a: Ting-Lu
|move|p2a: Ting-Lu|Rest||[from] move: Sleep Talk|[still]
|-fail|p2a: Ting-Lu
|
|-heal|p2a: Ting-Lu|41/100 slp|[from] item: Leftovers
|upkeep
|turn|9
|
|t:|1760305212
|-terastallize|p1a: Kyurem|Ice
|move|p1a: Kyurem|Freeze-Dry|p2a: Ting-Lu
|-supereffective|p2a: Ting-Lu
|-damage|p2a: Ting-Lu|0 fnt
|faint|p2a: Ting-Lu
|
|upkeep
|
|t:|1760305221
|switch|p2a: Cinderace|Cinderace, M|100/100
|turn|10
|
|t:|1760305230
|switch|p1a: Dragapult|Dragapult, M, shiny|100/100
|move|p2a: Cinderace|Pyro Ball|p1a: Dragapult
|-resisted|p1a: Dragapult
|-damage|p1a: Dragapult|68/100
|
|upkeep
|turn|11
|
|t:|1760305240
|move|p1a: Dragapult|U-turn|p2a: Cinderace
|-resisted|p2a: Cinderace
|-damage|p2a: Cinderace|77/100
|
|t:|1760305245
|switch|p1a: Weezing|Weezing-Galar, F, shiny|100/100|[from] U-turn
|move|p2a: Cinderace|Will-O-Wisp|p1a: Weezing
|-status|p1a: Weezing|brn
|
|-damage|p1a: Weezing|94/100 brn|[from] brn
|upkeep
|turn|12
|inactive|MooFarmer has 90 seconds left.
|inactive|MooFarmer has 60 seconds left.
|
|t:|1760305291
|move|p2a: Cinderace|Pyro Ball|p1a: Weezing
|-damage|p1a: Weezing|62/100 brn
|move|p1a: Weezing|Acid Spray|p2a: Cinderace
|-damage|p2a: Cinderace|61/100
|-unboost|p2a: Cinderace|spd|2
|
|-heal|p1a: Weezing|68/100 brn|[from] item: Leftovers
|-damage|p1a: Weezing|62/100 brn|[from] brn
|upkeep
|turn|13
|inactive|MooFarmer has 30 seconds left.
|j| Edsled
|inactive|MooFarmer has 20 seconds left.
|inactive|MooFarmer has 15 seconds left.
|
|t:|1760305338
|move|p2a: Cinderace|Pyro Ball|p1a: Weezing
|-damage|p1a: Weezing|32/100 brn
|move|p1a: Weezing|Will-O-Wisp|p2a: Cinderace
|-immune|p2a: Cinderace
|
|-heal|p1a: Weezing|38/100 brn|[from] item: Leftovers
|-damage|p1a: Weezing|32/100 brn|[from] brn
|upkeep
|turn|14
|inactive|MooFarmer has 25 seconds left this turn.
|inactive|MooFarmer has 20 seconds left.
|
|t:|1760305347
|move|p2a: Cinderace|Pyro Ball|p1a: Weezing
|-damage|p1a: Weezing|2/100 brn
|move|p1a: Weezing|Strange Steam|p2a: Cinderace
|-resisted|p2a: Cinderace
|-damage|p2a: Cinderace|30/100
|-start|p2a: Cinderace|confusion
|
|-heal|p1a: Weezing|8/100 brn|[from] item: Leftovers
|-damage|p1a: Weezing|2/100 brn|[from] brn
|upkeep
|turn|15
|inactive|MooFarmer has 30 seconds left this turn.
|
|t:|1760305356
|-activate|p2a: Cinderace|confusion
|move|p2a: Cinderace|Pyro Ball|p1a: Weezing
|-damage|p1a: Weezing|0 fnt
|faint|p1a: Weezing
|
|upkeep
|
|t:|1760305370
|switch|p1a: Muk|Muk-Alola, M, shiny|100/100
|turn|16
|
|t:|1760305379
|-activate|p2a: Cinderace|confusion
|move|p2a: Cinderace|Pyro Ball|p1a: Muk
|-damage|p1a: Muk|31/100
|move|p1a: Muk|Knock Off|p2a: Cinderace
|-damage|p2a: Cinderace|0 fnt
|-enditem|p2a: Cinderace|Heavy-Duty Boots|[from] move: Knock Off|[of] p1a: Muk
|faint|p2a: Cinderace
|
|upkeep
|inactive|MooFarmer has 30 seconds left.
|
|t:|1760305390
|switch|p2a: Kyurem|Kyurem|100/100
|-ability|p2a: Kyurem|Pressure
|turn|17
|
|t:|1760305399
|move|p1a: Muk|Shadow Sneak|p2a: Kyurem
|-damage|p2a: Kyurem|87/100
|move|p2a: Kyurem|Earth Power|p1a: Muk
|-supereffective|p1a: Muk
|-damage|p1a: Muk|0 fnt
|faint|p1a: Muk
|
|-heal|p2a: Kyurem|94/100|[from] item: Leftovers
|upkeep
|
|t:|1760305409
|switch|p1a: Dragapult|Dragapult, M, shiny|68/100
|turn|18
|
|t:|1760305418
|move|p2a: Kyurem|Protect|p2a: Kyurem
|-singleturn|p2a: Kyurem|Protect
|move|p1a: Dragapult|Dragon Darts|p2a: Kyurem
|-activate|p2a: Kyurem|move: Protect
|
|-heal|p2a: Kyurem|99/100|[from] item: Leftovers
|upkeep
|turn|19
|
|t:|1760305426
|switch|p2a: Corviknight|Corviknight, M|100/100
|-ability|p2a: Corviknight|Pressure
|move|p1a: Dragapult|Dragon Darts|p2a: Corviknight
|-resisted|p2a: Corviknight
|-damage|p2a: Corviknight|89/100
|-anim|p1a: Dragapult|Dragon Darts|p2a: Corviknight
|-resisted|p2a: Corviknight
|-damage|p2a: Corviknight|76/100
|
|upkeep
|turn|20
|
|t:|1760305436
|switch|p1a: Kyurem|Kyurem, shiny, tera:Ice|64/100
|-ability|p1a: Kyurem|Pressure
|move|p2a: Corviknight|Brave Bird|p1a: Kyurem
|-damage|p1a: Kyurem|29/100
|-damage|p2a: Corviknight|65/100|[from] Recoil
|
|upkeep
|turn|21
|inactive|MooFarmer has 60 seconds left.
|
|t:|1760305445
|switch|p2a: Slowking|Slowking-Galar, L99, F|100/100
|move|p1a: Kyurem|Ice Beam|p2a: Slowking
|-damage|p2a: Slowking|57/100
|
|upkeep
|turn|22
|
|t:|1760305464
|switch|p1a: Dragapult|Dragapult, M, shiny|68/100
|move|p2a: Slowking|Sludge Bomb|p1a: Dragapult
|-resisted|p1a: Dragapult
|-damage|p1a: Dragapult|48/100
|
|upkeep
|turn|23
|
|t:|1760305473
|switch|p2a: Corviknight|Corviknight, M|65/100
|-ability|p2a: Corviknight|Pressure
|move|p1a: Dragapult|Outrage|p2a: Corviknight
|-resisted|p2a: Corviknight
|-damage|p2a: Corviknight|34/100
|-damage|p1a: Dragapult|31/100|[from] item: Rocky Helmet|[of] p2a: Corviknight
|
|upkeep
|turn|24
|
|t:|1760305481
|move|p1a: Dragapult|Outrage|p2a: Corviknight|[from] lockedmove
|-resisted|p2a: Corviknight
|-damage|p2a: Corviknight|5/100
|-damage|p1a: Dragapult|15/100|[from] item: Rocky Helmet|[of] p2a: Corviknight
|-start|p1a: Dragapult|confusion|[fatigue]
|move|p2a: Corviknight|Roost|p2a: Corviknight
|-heal|p2a: Corviknight|55/100
|-singleturn|p2a: Corviknight|move: Roost
|
|upkeep
|turn|25
|
|t:|1760305489
|switch|p1a: Iron Moth|Iron Moth, shiny|100/100
|-enditem|p1a: Iron Moth|Booster Energy
|-activate|p1a: Iron Moth|ability: Quark Drive|[fromitem]
|-start|p1a: Iron Moth|quarkdrivespa
|move|p2a: Corviknight|Roost|p2a: Corviknight
|-heal|p2a: Corviknight|100/100
|-singleturn|p2a: Corviknight|move: Roost
|
|upkeep
|turn|26
|
|t:|1760305498
|switch|p2a: Slowking|Slowking-Galar, L99, F|91/100
|move|p1a: Iron Moth|Fiery Dance|p2a: Slowking
|-damage|p2a: Slowking|58/100
|-boost|p1a: Iron Moth|spa|1
|
|upkeep
|turn|27
|inactive|MooFarmer has 90 seconds left.
|l| St.Peewee
|inactive|MooFarmer has 60 seconds left.
|
|t:|1760305544
|move|p1a: Iron Moth|Fiery Dance|p2a: Slowking
|-damage|p2a: Slowking|10/100
|move|p2a: Slowking|Future Sight|p1a: Iron Moth
|-start|p2a: Slowking|move: Future Sight
|
|upkeep
|turn|28
|inactive|MooFarmer has 30 seconds left.
|inactive|MooFarmer has 20 seconds left.
|inactive|MooFarmer has 15 seconds left.
|
|t:|1760305589
|switch|p2a: Dondozo|Dondozo, M|100/100
|move|p1a: Iron Moth|Sludge Wave|p2a: Dondozo
|-damage|p2a: Dondozo|35/100
|-status|p2a: Dondozo|psn
|
|-heal|p2a: Dondozo|41/100 psn|[from] item: Leftovers
|-damage|p2a: Dondozo|29/100 psn|[from] psn
|upkeep
|turn|29
|inactive|MooFarmer has 25 seconds left this turn.
|inactive|MooFarmer has 20 seconds left.
|
|t:|1760305602
|move|p1a: Iron Moth|Sludge Wave|p2a: Dondozo
|-crit|p2a: Dondozo
|-damage|p2a: Dondozo|0 fnt
|faint|p2a: Dondozo
|
|-end|p1a: Iron Moth|move: Future Sight
|-supereffective|p1a: Iron Moth
|-damage|p1a: Iron Moth|11/100
|upkeep
|inactive|MooFarmer has 25 seconds left this turn.
|inactive|MooFarmer has 20 seconds left.
|
|t:|1760305610
|switch|p2a: Kyurem|Kyurem|99/100
|-ability|p2a: Kyurem|Pressure
|turn|30
|inactive|MooFarmer has 30 seconds left this turn.
|
|t:|1760305619
|move|p2a: Kyurem|Protect|p2a: Kyurem
|-singleturn|p2a: Kyurem|Protect
|move|p1a: Iron Moth|Sludge Wave|p2a: Kyurem
|-activate|p2a: Kyurem|move: Protect
|
|-heal|p2a: Kyurem|100/100|[from] item: Leftovers
|upkeep
|turn|31
|inactive|MooFarmer has 30 seconds left.
|
|t:|1760305627
|move|p1a: Iron Moth|Sludge Wave|p2a: Kyurem
|-damage|p2a: Kyurem|6/100
|move|p2a: Kyurem|Freeze-Dry|p1a: Iron Moth
|-resisted|p1a: Iron Moth
|-damage|p1a: Iron Moth|0 fnt
|faint|p1a: Iron Moth
|-end|p1a: Iron Moth|Quark Drive|[silent]
|
|-heal|p2a: Kyurem|12/100|[from] item: Leftovers
|upkeep
|
|t:|1760305641
|switch|p1a: Mew|Mew, shiny|100/100
|turn|32
|
|t:|1760305649
|move|p2a: Kyurem|Freeze-Dry|p1a: Mew
|-damage|p1a: Mew|68/100
|move|p1a: Mew|Dragon Dance|p1a: Mew
|-boost|p1a: Mew|atk|1
|-boost|p1a: Mew|spe|1
|
|-heal|p2a: Kyurem|19/100|[from] item: Leftovers
|upkeep
|turn|33
|inactive|RoddyJ has 120 seconds left.
|
|t:|1760305696
|switch|p2a: Corviknight|Corviknight, M|100/100
|-ability|p2a: Corviknight|Pressure
|move|p1a: Mew|Icicle Spear|p2a: Corviknight
|-damage|p2a: Corviknight|93/100
|-damage|p2a: Corviknight|87/100
|-damage|p2a: Corviknight|80/100
|-damage|p2a: Corviknight|73/100
|-hitcount|p2a: Corviknight|4
|
|upkeep
|turn|34
|
|t:|1760305705
|move|p1a: Mew|Icicle Spear|p2a: Corviknight
|-damage|p2a: Corviknight|65/100
|-damage|p2a: Corviknight|57/100
|-damage|p2a: Corviknight|50/100
|-damage|p2a: Corviknight|43/100
|-hitcount|p2a: Corviknight|4
|move|p2a: Corviknight|Brave Bird|p1a: Mew
|-damage|p1a: Mew|33/100
|-damage|p2a: Corviknight|33/100|[from] Recoil
|
|upkeep
|turn|35
|inactive|RoddyJ has 120 seconds left.
|
|t:|1760305716
|move|p1a: Mew|Icicle Spear|p2a: Corviknight
|-damage|p2a: Corviknight|26/100
|-crit|p2a: Corviknight
|-damage|p2a: Corviknight|14/100
|-damage|p2a: Corviknight|6/100
|-damage|p2a: Corviknight|0 fnt
|faint|p2a: Corviknight
|-hitcount|p2: Corviknight|4
|
|upkeep
|
|t:|1760305723
|switch|p2a: Slowking|Slowking-Galar, L99, F|43/100
|turn|36
|inactive|MooFarmer has 60 seconds left.
|inactive|RoddyJ has 120 seconds left.
|
|t:|1760305735
|move|p1a: Mew|Earthquake|p2a: Slowking
|-supereffective|p2a: Slowking
|-damage|p2a: Slowking|0 fnt
|faint|p2a: Slowking
|
|upkeep
|inactive|MooFarmer has 60 seconds left.
|
|t:|1760305741
|switch|p2a: Kyurem|Kyurem|19/100
|-ability|p2a: Kyurem|Pressure
|turn|37
|
|t:|1760305751
|move|p2a: Kyurem|Protect|p2a: Kyurem
|-singleturn|p2a: Kyurem|Protect
|move|p1a: Mew|Icicle Spear|p2a: Kyurem
|-activate|p2a: Kyurem|move: Protect
|
|-heal|p2a: Kyurem|25/100|[from] item: Leftovers
|upkeep
|turn|38
|inactive|RoddyJ has 120 seconds left.
|
|t:|1760305772
|move|p2a: Kyurem|Protect|p2a: Kyurem
|-singleturn|p2a: Kyurem|Protect
|move|p1a: Mew|Icicle Spear|p2a: Kyurem
|-activate|p2a: Kyurem|move: Protect
|
|-heal|p2a: Kyurem|31/100|[from] item: Leftovers
|upkeep
|turn|39
|
|t:|1760305781
|move|p2a: Kyurem|Protect||[still]
|-fail|p2a: Kyurem
|move|p1a: Mew|Icicle Spear|p2a: Kyurem
|-damage|p2a: Kyurem|20/100
|-damage|p2a: Kyurem|9/100
|-crit|p2a: Kyurem
|-damage|p2a: Kyurem|0 fnt
|faint|p2a: Kyurem
|-hitcount|p2: Kyurem|3
|
|win|RoddyJ
|raw|RoddyJ's rating: 1815 &rarr; <strong>1840</strong><br />(+25 for winning)
|raw|MooFarmer's rating: 1896 &rarr; <strong>1871</strong><br />(-25 for losing)
|l|☆MooFarmer
|player|p2|
|j| GavilarKholin
|l|☆RoddyJ
|player|p1|
|l| GavilarKholin
|l| Samurajen
|l| Ctannn
|l| Edsled
