|j|☆rsw333
|j|☆ygyguii2
|t:|1760331815
|gametype|singles
|player|p1|rsw333|169|1152
|player|p2|ygyguii2|iris-gen5bw2|1188
|gen|9
|tier|[Gen 9] OU
|rated|
|rule|HP Percentage Mod: HP is shown in percentages
|rule|Endless Battle Clause: Forcing endless battles is banned
|rule|Species Clause: Limit one of each Pokémon
|rule|OHKO Clause: OHKO moves are banned
|rule|Evasion Items Clause: Evasion items are banned
|rule|Evasion Moves Clause: Evasion moves are banned
|rule|Evasion Abilities Clause: Evasion abilities are banned
|rule|Sleep Moves Clause: Sleep-inducing moves are banned
|clearpoke
|poke|p1|Greninja-*, M|
|poke|p1|Incineroar, F|
|poke|p1|Dragonite, F|
|poke|p1|Gengar, F|
|poke|p1|Great Tusk|
|poke|p1|Dragapult, F|
|poke|p2|Zamazenta-*|
|poke|p2|Kingambit, F|
|poke|p2|Iron Valiant|
|poke|p2|Gliscor, M|
|poke|p2|Iron Moth|
|poke|p2|Ogerpon-Wellspring, F|
|teampreview
|
|t:|1760331821
|teamsize|p1|6
|teamsize|p2|6
|start
|switch|p1a: Greninja|Greninja, M|100/100
|switch|p2a: Gliscor|Gliscor, M|100/100
|turn|1
|
|t:|1760331829
|switch|p2a: Ogerpon|Ogerpon-Wellspring, F|100/100
|move|p1a: Greninja|Water Shuriken|p2a: Ogerpon
|-immune|p2a: Ogerpon|[from] ability: Water Absorb
|
|upkeep
|turn|2
|
|t:|1760331840
|switch|p1a: Gengar|Gengar, F|100/100
|move|p2a: Ogerpon|Horn Leech|p1a: Gengar
|-resisted|p1a: Gengar
|-damage|p1a: Gengar|59/100
|
|upkeep
|turn|3
|
|t:|1760331851
|-terastallize|p2a: Ogerpon|Water
|detailschange|p2a: Ogerpon|Ogerpon-Wellspring-Tera, F, tera:Water
|-ability|p2a: Ogerpon|Embody Aspect (Wellspring)|boost
|-boost|p2a: Ogerpon|spd|1
|move|p2a: Ogerpon|Ivy Cudgel|p1a: Gengar|[anim] Ivy Cudgel Water
|-damage|p1a: Gengar|0 fnt
|faint|p1a: Gengar
|
|upkeep
|
|t:|1760331864
|switch|p1a: Dragonite|Dragonite, F|100/100
|turn|4
|
|t:|1760331868
|move|p2a: Ogerpon|U-turn|p1a: Dragonite
|-resisted|p1a: Dragonite
|-damage|p1a: Dragonite|93/100
|
|t:|1760331879
|switch|p2a: Iron Valiant|Iron Valiant|100/100|[from] U-turn
|-enditem|p2a: Iron Valiant|Booster Energy
|-activate|p2a: Iron Valiant|ability: Quark Drive|[fromitem]
|-start|p2a: Iron Valiant|quarkdrivespe
|move|p1a: Dragonite|Dragon Dance|p1a: Dragonite
|-boost|p1a: Dragonite|atk|1
|-boost|p1a: Dragonite|spe|1
|
|upkeep
|turn|5
|
|t:|1760331890
|-terastallize|p1a: Dragonite|Normal
|move|p2a: Iron Valiant|Spirit Break|p1a: Dragonite
|-damage|p1a: Dragonite|52/100
|-unboost|p1a: Dragonite|spa|1
|move|p1a: Dragonite|Dragon Dance|p1a: Dragonite
|-boost|p1a: Dragonite|atk|1
|-boost|p1a: Dragonite|spe|1
|
|upkeep
|turn|6
|
|t:|1760331903
|move|p1a: Dragonite|Earthquake|p2a: Iron Valiant
|-damage|p2a: Iron Valiant|12/100
|move|p2a: Iron Valiant|Close Combat|p1a: Dragonite
|-supereffective|p1a: Dragonite
|-damage|p1a: Dragonite|0 fnt
|-unboost|p2a: Iron Valiant|def|1
|-unboost|p2a: Iron Valiant|spd|1
|faint|p1a: Dragonite
|
|upkeep
|
|t:|1760331913
|switch|p1a: Greninja|Greninja, M|100/100
|turn|7
|
|t:|1760331919
|move|p2a: Iron Valiant|Close Combat|p1a: Greninja
|-supereffective|p1a: Greninja
|-damage|p1a: Greninja|0 fnt
|-unboost|p2a: Iron Valiant|def|1
|-unboost|p2a: Iron Valiant|spd|1
|faint|p1a: Greninja
|
|upkeep
|-message|rsw333 forfeited.
|
|win|ygyguii2
|raw|rsw333's rating: 1152 &rarr; <strong>1130</strong><br />(-22 for losing)
|raw|ygyguii2's rating: 1188 &rarr; <strong>1210</strong><br />(+22 for winning)
|l|☆rsw333
|player|p1|
|l|☆ygyguii2
|player|p2|
