|j|☆IDKwht
|j|☆full-doc
|t:|1760445597
|gametype|singles
|player|p1|IDKwht|schoolkid|1415
|player|p2|full-doc|scientistf|1426
|gen|9
|tier|[Gen 9] OU
|rated|
|rule|HP Percentage Mod: HP is shown in percentages
|rule|Endless Battle Clause: Forcing endless battles is banned
|rule|Species Clause: Limit one of each Pokémon
|rule|OHKO Clause: OHKO moves are banned
|rule|Evasion Items Clause: Evasion items are banned
|rule|Evasion Moves Clause: Evasion moves are banned
|rule|Evasion Abilities Clause: Evasion abilities are banned
|rule|Sleep Moves Clause: Sleep-inducing moves are banned
|clearpoke
|poke|p1|Ogerpon-Wellspring, F|
|poke|p1|Iron Moth|
|poke|p1|Gholdengo|
|poke|p1|Kingambit, M|
|poke|p1|Great Tusk|
|poke|p1|Zapdos|
|poke|p2|Comfey, M|
|poke|p2|Whimsicott, M|
|poke|p2|Iron Moth|
|poke|p2|Walking Wake|
|poke|p2|Great Tusk|
|poke|p2|Ninetales, F|
|teampreview
|inactive|Battle timer is ON: inactive players will automatically lose when time's up. (requested by IDKwht)
|
|t:|1760445610
|teamsize|p1|6
|teamsize|p2|6
|start
|switch|p1a: Great Tusk|Great Tusk, shiny|100/100
|switch|p2a: Great Tusk|Great Tusk|100/100
|turn|1
|
|t:|1760445616
|move|p2a: Great Tusk|Stealth Rock|p1a: Great Tusk
|-sidestart|p1: IDKwht|move: Stealth Rock
|move|p1a: Great Tusk|Ice Spinner|p2a: Great Tusk
|-supereffective|p2a: Great Tusk
|-damage|p2a: Great Tusk|64/100
|-damage|p1a: Great Tusk|84/100|[from] item: Rocky Helmet|[of] p2a: Great Tusk
|
|upkeep
|turn|2
|
|t:|1760445626
|move|p2a: Great Tusk|Ice Spinner|p1a: Great Tusk
|-supereffective|p1a: Great Tusk
|-damage|p1a: Great Tusk|57/100
|move|p1a: Great Tusk|Ice Spinner|p2a: Great Tusk
|-supereffective|p2a: Great Tusk
|-damage|p2a: Great Tusk|28/100
|-damage|p1a: Great Tusk|41/100|[from] item: Rocky Helmet|[of] p2a: Great Tusk
|
|upkeep
|turn|3
|
|t:|1760445633
|-end|p2a: Great Tusk|Protosynthesis|[silent]
|switch|p2a: Ninetales|Ninetales, F|100/100
|-weather|SunnyDay|[from] ability: Drought|[of] p2a: Ninetales
|-activate|p1a: Great Tusk|ability: Protosynthesis
|-start|p1a: Great Tusk|protosynthesisatk
|move|p1a: Great Tusk|Ice Spinner|p2a: Ninetales
|-resisted|p2a: Ninetales
|-damage|p2a: Ninetales|75/100
|
|-weather|SunnyDay|[upkeep]
|upkeep
|turn|4
|
|t:|1760445644
|switch|p2a: Whimsicott|Whimsicott, M|100/100
|move|p1a: Great Tusk|Rapid Spin|p2a: Whimsicott
|-damage|p2a: Whimsicott|68/100
|-boost|p1a: Great Tusk|spe|1
|-sideend|p1: IDKwht|Stealth Rock|[from] move: Rapid Spin|[of] p1a: Great Tusk
|
|-weather|SunnyDay|[upkeep]
|upkeep
|turn|5
|
|t:|1760445652
|move|p2a: Whimsicott|Giga Drain|p1a: Great Tusk
|-supereffective|p1a: Great Tusk
|-damage|p1a: Great Tusk|0 fnt
|-heal|p2a: Whimsicott|96/100|[from] drain|[of] p1a: Great Tusk
|faint|p1a: Great Tusk
|-end|p1a: Great Tusk|Protosynthesis|[silent]
|-damage|p2a: Whimsicott|86/100|[from] item: Life Orb
|
|-weather|SunnyDay|[upkeep]
|upkeep
|
|t:|1760445657
|switch|p1a: Iron Moth|Iron Moth|100/100
|-enditem|p1a: Iron Moth|Booster Energy
|-activate|p1a: Iron Moth|ability: Quark Drive|[fromitem]
|-start|p1a: Iron Moth|quarkdrivespa
|turn|6
|
|t:|1760445674
|move|p2a: Whimsicott|Shadow Ball|p1a: Iron Moth
|-damage|p1a: Iron Moth|72/100
|-damage|p2a: Whimsicott|77/100|[from] item: Life Orb
|move|p1a: Iron Moth|Fiery Dance|p2a: Whimsicott
|-supereffective|p2a: Whimsicott
|-damage|p2a: Whimsicott|0 fnt
|-boost|p1a: Iron Moth|spa|1
|faint|p2a: Whimsicott
|
|-weather|SunnyDay|[upkeep]
|upkeep
|
|t:|1760445684
|switch|p2a: Walking Wake|Walking Wake|100/100
|-activate|p2a: Walking Wake|ability: Protosynthesis
|-start|p2a: Walking Wake|protosynthesisspe
|turn|7
|
|t:|1760445692
|-end|p1a: Iron Moth|Quark Drive|[silent]
|switch|p1a: Gholdengo|Gholdengo, shiny|100/100
|move|p2a: Walking Wake|Dragon Pulse|p1a: Gholdengo
|-resisted|p1a: Gholdengo
|-damage|p1a: Gholdengo|73/100
|
|-weather|SunnyDay|[upkeep]
|upkeep
|turn|8
|
|t:|1760445700
|move|p2a: Walking Wake|Flamethrower|p1a: Gholdengo
|-supereffective|p1a: Gholdengo
|-damage|p1a: Gholdengo|0 fnt
|faint|p1a: Gholdengo
|
|-weather|SunnyDay|[upkeep]
|upkeep
|
|t:|1760445705
|switch|p1a: Zapdos|Zapdos, shiny|100/100
|turn|9
|
|t:|1760445709
|move|p2a: Walking Wake|Hydro Steam|p1a: Zapdos
|-damage|p1a: Zapdos|26/100
|move|p1a: Zapdos|Discharge|p2a: Walking Wake
|-damage|p2a: Walking Wake|52/100
|-status|p2a: Walking Wake|par
|
|-weather|SunnyDay|[upkeep]
|upkeep
|turn|10
|
|t:|1760445719
|move|p1a: Zapdos|Volt Switch|p2a: Walking Wake
|-damage|p2a: Walking Wake|12/100 par
|
|t:|1760445721
|switch|p1a: Ogerpon|Ogerpon-Wellspring, F|100/100|[from] Volt Switch
|move|p2a: Walking Wake|Flip Turn|p1a: Ogerpon
|-immune|p1a: Ogerpon|[from] ability: Water Absorb
|
|-weather|none
|-end|p2a: Walking Wake|Protosynthesis
|upkeep
|turn|11
|
|t:|1760445730
|move|p1a: Ogerpon|Horn Leech|p2a: Walking Wake
|-damage|p2a: Walking Wake|0 fnt
|faint|p2a: Walking Wake
|-end|p2a: Walking Wake|Protosynthesis|[silent]
|
|upkeep
|
|t:|1760445741
|switch|p2a: Ninetales|Ninetales, F|75/100
|-weather|SunnyDay|[from] ability: Drought|[of] p2a: Ninetales
|turn|12
|
|t:|1760445746
|switch|p2a: Great Tusk|Great Tusk|28/100
|-activate|p2a: Great Tusk|ability: Protosynthesis
|-start|p2a: Great Tusk|protosynthesisdef
|move|p1a: Ogerpon|U-turn|p2a: Great Tusk
|-resisted|p2a: Great Tusk
|-damage|p2a: Great Tusk|21/100
|-damage|p1a: Ogerpon|84/100|[from] item: Rocky Helmet|[of] p2a: Great Tusk
|
|t:|1760445749
|switch|p1a: Iron Moth|Iron Moth|72/100|[from] U-turn
|
|-weather|SunnyDay|[upkeep]
|upkeep
|turn|13
|
|t:|1760445758
|move|p1a: Iron Moth|Fiery Dance|p2a: Great Tusk
|-damage|p2a: Great Tusk|0 fnt
|faint|p2a: Great Tusk
|-end|p2a: Great Tusk|Protosynthesis|[silent]
|
|-weather|SunnyDay|[upkeep]
|upkeep
|
|t:|1760445763
|switch|p2a: Iron Moth|Iron Moth|100/100
|-enditem|p2a: Iron Moth|Booster Energy
|-activate|p2a: Iron Moth|ability: Quark Drive|[fromitem]
|-start|p2a: Iron Moth|quarkdrivespa
|turn|14
|
|t:|1760445772
|move|p2a: Iron Moth|Fiery Dance|p1a: Iron Moth
|-resisted|p1a: Iron Moth
|-damage|p1a: Iron Moth|24/100
|move|p1a: Iron Moth|Fiery Dance|p2a: Iron Moth
|-resisted|p2a: Iron Moth
|-damage|p2a: Iron Moth|66/100
|
|-weather|SunnyDay|[upkeep]
|upkeep
|turn|15
|
|t:|1760445780
|move|p2a: Iron Moth|Fiery Dance|p1a: Iron Moth
|-resisted|p1a: Iron Moth
|-damage|p1a: Iron Moth|0 fnt
|faint|p1a: Iron Moth
|-end|p1a: Iron Moth|Quark Drive|[silent]
|
|-weather|SunnyDay|[upkeep]
|upkeep
|
|t:|1760445785
|switch|p1a: Kingambit|Kingambit, M|100/100
|-activate|p1a: Kingambit|ability: Supreme Overlord
|-start|p1a: Kingambit|fallen3|[silent]
|-item|p1a: Kingambit|Air Balloon
|turn|16
|
|t:|1760445790
|move|p1a: Kingambit|Sucker Punch|p2a: Iron Moth
|-damage|p2a: Iron Moth|0 fnt
|faint|p2a: Iron Moth
|-end|p2a: Iron Moth|Quark Drive|[silent]
|
|-weather|SunnyDay|[upkeep]
|upkeep
|
|t:|1760445795
|switch|p2a: Comfey|Comfey, M|100/100
|turn|17
|
|t:|1760445800
|-terastallize|p2a: Comfey|Water
|move|p2a: Comfey|Growth|p2a: Comfey
|-boost|p2a: Comfey|atk|2
|-boost|p2a: Comfey|spa|2
|move|p1a: Kingambit|Iron Head|p2a: Comfey
|-resisted|p2a: Comfey
|-damage|p2a: Comfey|61/100
|
|-weather|SunnyDay|[upkeep]
|upkeep
|turn|18
|
|t:|1760445810
|move|p2a: Comfey|Draining Kiss|p1a: Kingambit
|-damage|p1a: Kingambit|51/100
|-heal|p2a: Comfey|100/100|[from] drain|[of] p1a: Kingambit
|-enditem|p1a: Kingambit|Air Balloon
|-damage|p2a: Comfey|91/100|[from] item: Life Orb
|move|p1a: Kingambit|Iron Head|p2a: Comfey
|-resisted|p2a: Comfey
|-damage|p2a: Comfey|53/100
|
|-weather|SunnyDay|[upkeep]
|upkeep
|turn|19
|
|t:|1760445820
|-end|p1a: Kingambit|fallen3|[silent]
|switch|p1a: Zapdos|Zapdos, shiny|26/100
|move|p2a: Comfey|Growth|p2a: Comfey
|-boost|p2a: Comfey|atk|2
|-boost|p2a: Comfey|spa|2
|
|-weather|none
|upkeep
|turn|20
|
|t:|1760445827
|move|p2a: Comfey|Draining Kiss|p1a: Zapdos
|-damage|p1a: Zapdos|0 fnt
|-heal|p2a: Comfey|73/100|[from] drain|[of] p1a: Zapdos
|faint|p1a: Zapdos
|-damage|p2a: Comfey|63/100|[from] item: Life Orb
|
|upkeep
|
|t:|1760445831
|switch|p1a: Ogerpon|Ogerpon-Wellspring, F|84/100
|turn|21
|
|t:|1760445836
|-terastallize|p1a: Ogerpon|Water
|detailschange|p1a: Ogerpon|Ogerpon-Wellspring-Tera, F, tera:Water
|-ability|p1a: Ogerpon|Embody Aspect (Wellspring)|boost
|-boost|p1a: Ogerpon|spd|1
|move|p2a: Comfey|Draining Kiss|p1a: Ogerpon
|-damage|p1a: Ogerpon|19/100
|-heal|p2a: Comfey|100/100|[from] drain|[of] p1a: Ogerpon
|-damage|p2a: Comfey|91/100|[from] item: Life Orb
|move|p1a: Ogerpon|Horn Leech|p2a: Comfey
|-supereffective|p2a: Comfey
|-damage|p2a: Comfey|0 fnt
|-heal|p1a: Ogerpon|65/100|[from] drain|[of] p2a: Comfey
|faint|p2a: Comfey
|
|upkeep
|
|t:|1760445849
|switch|p2a: Ninetales|Ninetales, F|75/100
|-weather|SunnyDay|[from] ability: Drought|[of] p2a: Ninetales
|turn|22
|
|t:|1760445853
|move|p1a: Ogerpon|Ivy Cudgel|p2a: Ninetales|[anim] Ivy Cudgel Water
|-supereffective|p2a: Ninetales
|-damage|p2a: Ninetales|0 fnt
|faint|p2a: Ninetales
|
|win|IDKwht
|raw|IDKwht's rating: 1415 &rarr; <strong>1436</strong><br />(+21 for winning)
|raw|full-doc's rating: 1426 &rarr; <strong>1405</strong><br />(-21 for losing)
|l|☆full-doc
|player|p2|
|l|☆IDKwht
|player|p1|
