|j|‽thetidleypeeps
|j|☆djamaO
|t:|1760455711
|gametype|singles
|player|p1|thetidleypeeps|1|1456
|player|p2|djamaO|benga|1591
|gen|9
|tier|[Gen 9] OU
|rated|
|rule|HP Percentage Mod: HP is shown in percentages
|rule|Endless Battle Clause: Forcing endless battles is banned
|rule|Species Clause: Limit one of each Pokémon
|rule|OHKO Clause: OHKO moves are banned
|rule|Evasion Items Clause: Evasion items are banned
|rule|Evasion Moves Clause: Evasion moves are banned
|rule|Evasion Abilities Clause: Evasion abilities are banned
|rule|Sleep Moves Clause: Sleep-inducing moves are banned
|clearpoke
|poke|p1|Great Tusk|
|poke|p1|Iron Valiant|
|poke|p1|Dragapult, F|
|poke|p1|Dragonite, M|
|poke|p1|Garganacl, M|
|poke|p1|Moltres|
|poke|p2|Garchomp, F|
|poke|p2|Alomomola, F|
|poke|p2|Slowking-Galar, F|
|poke|p2|Ditto|
|poke|p2|Great Tusk|
|poke|p2|Dragapult, F|
|teampreview
|
|t:|1760455731
|teamsize|p1|6
|teamsize|p2|6
|start
|switch|p1a: Dragapult|Dragapult, F, shiny|100/100
|switch|p2a: Garchomp|Garchomp, F|100/100
|turn|1
|
|t:|1760455736
|-terastallize|p2a: Garchomp|Ground
|move|p2a: Garchomp|Earthquake|p1a: Dragapult
|-crit|p1a: Dragapult
|-damage|p1a: Dragapult|0 fnt
|faint|p1a: Dragapult
|
|upkeep
|
|t:|1760455741
|switch|p1a: Garganacl|Garganacl, M|100/100
|turn|2
|
|t:|1760455749
|switch|p2a: Alomomola|Alomomola, F|100/100
|-terastallize|p1a: Garganacl|Water
|move|p1a: Garganacl|Salt Cure|p2a: Alomomola
|-damage|p2a: Alomomola|93/100
|-start|p2a: Alomomola|Salt Cure
|
|-damage|p2a: Alomomola|68/100|[from] Salt Cure
|upkeep
|turn|3
|
|t:|1760455758
|move|p2a: Alomomola|Flip Turn|p1a: Garganacl
|-resisted|p1a: Garganacl
|-damage|p1a: Garganacl|97/100
|
|t:|1760455762
|switch|p2a: Ditto|Ditto|100/100|[from] Flip Turn
|-transform|p2a: Ditto|p1a: Garganacl|[from] ability: Imposter
|move|p1a: Garganacl|Stealth Rock|p2a: Ditto
|-sidestart|p2: djamaO|move: Stealth Rock
|
|-heal|p1a: Garganacl|100/100|[from] item: Leftovers
|upkeep
|-start|p2a: Ditto|typechange|Rock|[silent]
|turn|4
|
|t:|1760455770
|move|p2a: Ditto|Salt Cure|p1a: Garganacl
|-damage|p1a: Garganacl|94/100
|-start|p1a: Garganacl|Salt Cure
|move|p1a: Garganacl|Salt Cure|p2a: Ditto
|-damage|p2a: Ditto|91/100
|-start|p2a: Ditto|Salt Cure
|
|-heal|p1a: Garganacl|99/100|[from] item: Leftovers
|-damage|p2a: Ditto|79/100|[from] Salt Cure
|-damage|p1a: Garganacl|75/100|[from] Salt Cure
|upkeep
|turn|5
|
|t:|1760455779
|switch|p2a: Alomomola|Alomomola, F|100/100
|switch|p1a: Great Tusk|Great Tusk|100/100
|-enditem|p1a: Great Tusk|Booster Energy
|-activate|p1a: Great Tusk|ability: Protosynthesis|[fromitem]
|-start|p1a: Great Tusk|protosynthesisatk
|
|upkeep
|turn|6
|
|t:|1760455788
|-end|p1a: Great Tusk|Protosynthesis|[silent]
|switch|p1a: Garganacl|Garganacl, M, tera:Water|75/100
|move|p2a: Alomomola|Flip Turn|p1a: Garganacl
|-resisted|p1a: Garganacl
|-damage|p1a: Garganacl|71/100
|
|t:|1760455795
|switch|p2a: Slowking|Slowking-Galar, F|100/100|[from] Flip Turn
|
|-heal|p1a: Garganacl|77/100|[from] item: Leftovers
|upkeep
|turn|7
|
|t:|1760455801
|switch|p1a: Great Tusk|Great Tusk|100/100
|move|p2a: Slowking|Future Sight|p1a: Great Tusk
|-start|p2a: Slowking|move: Future Sight
|
|upkeep
|turn|8
|
|t:|1760455808
|switch|p2a: Great Tusk|Great Tusk|100/100
|-damage|p2a: Great Tusk|98/100|[from] Stealth Rock
|move|p1a: Great Tusk|Headlong Rush|p2a: Great Tusk
|-damage|p2a: Great Tusk|66/100
|-unboost|p1a: Great Tusk|def|1
|-unboost|p1a: Great Tusk|spd|1
|
|-heal|p2a: Great Tusk|72/100|[from] item: Leftovers
|upkeep
|turn|9
|
|t:|1760455821
|-end|p1a: Great Tusk|Protosynthesis|[silent]
|switch|p1a: Moltres|Moltres|100/100
|move|p2a: Great Tusk|Rapid Spin|p1a: Moltres
|-damage|p1a: Moltres|79/100
|-boost|p2a: Great Tusk|spe|1
|-sideend|p2: djamaO|Stealth Rock|[from] move: Rapid Spin|[of] p2a: Great Tusk
|
|-end|p1a: Moltres|move: Future Sight
|-damage|p1a: Moltres|41/100
|-heal|p2a: Great Tusk|78/100|[from] item: Leftovers
|upkeep
|turn|10
|
|t:|1760455832
|move|p2a: Great Tusk|Knock Off|p1a: Moltres
|-damage|p1a: Moltres|4/100
|-status|p2a: Great Tusk|brn|[from] ability: Flame Body|[of] p1a: Moltres
|-enditem|p1a: Moltres|Heavy-Duty Boots|[from] move: Knock Off|[of] p2a: Great Tusk
|move|p1a: Moltres|Will-O-Wisp|p2a: Great Tusk
|-fail|p2a: Great Tusk|brn
|
|-heal|p2a: Great Tusk|84/100 brn|[from] item: Leftovers
|-damage|p2a: Great Tusk|78/100 brn|[from] brn
|upkeep
|turn|11
|
|t:|1760455842
|switch|p1a: Great Tusk|Great Tusk|100/100
|move|p2a: Great Tusk|Knock Off|p1a: Great Tusk
|-resisted|p1a: Great Tusk
|-damage|p1a: Great Tusk|96/100
|
|-heal|p2a: Great Tusk|84/100 brn|[from] item: Leftovers
|-damage|p2a: Great Tusk|78/100 brn|[from] brn
|upkeep
|turn|12
|
|t:|1760455850
|-end|p2a: Great Tusk|Protosynthesis|[silent]
|switch|p2a: Slowking|Slowking-Galar, F|100/100
|move|p1a: Great Tusk|Ice Spinner|p2a: Slowking
|-damage|p2a: Slowking|71/100
|
|upkeep
|turn|13
|
|t:|1760455855
|switch|p2a: Alomomola|Alomomola, F|100/100
|move|p1a: Great Tusk|Headlong Rush|p2a: Alomomola
|-damage|p2a: Alomomola|65/100
|-unboost|p1a: Great Tusk|def|1
|-unboost|p1a: Great Tusk|spd|1
|
|upkeep
|turn|14
|
|t:|1760455863
|move|p1a: Great Tusk|Close Combat|p2a: Alomomola
|-damage|p2a: Alomomola|30/100
|-unboost|p1a: Great Tusk|def|1
|-unboost|p1a: Great Tusk|spd|1
|move|p2a: Alomomola|Flip Turn|p1a: Great Tusk
|-supereffective|p1a: Great Tusk
|-damage|p1a: Great Tusk|54/100
|
|t:|1760455871
|switch|p2a: Dragapult|Dragapult, F|100/100|[from] Flip Turn
|
|upkeep
|turn|15
|
|t:|1760455883
|-end|p1a: Great Tusk|Protosynthesis|[silent]
|switch|p1a: Moltres|Moltres|4/100
|move|p2a: Dragapult|U-turn|p1a: Moltres
|-resisted|p1a: Moltres
|-damage|p1a: Moltres|0 fnt
|faint|p1a: Moltres
|
|t:|1760455891
|switch|p2a: Alomomola|Alomomola, F|63/100|[from] U-turn
|
|upkeep
|
|t:|1760455894
|switch|p1a: Iron Valiant|Iron Valiant, shiny|100/100
|-enditem|p1a: Iron Valiant|Booster Energy
|-activate|p1a: Iron Valiant|ability: Quark Drive|[fromitem]
|-start|p1a: Iron Valiant|quarkdrivespe
|turn|16
|
|t:|1760455899
|switch|p2a: Slowking|Slowking-Galar, F|100/100
|move|p1a: Iron Valiant|Thunderbolt|p2a: Slowking
|-damage|p2a: Slowking|83/100
|
|upkeep
|turn|17
|
|t:|1760455905
|-end|p1a: Iron Valiant|Quark Drive|[silent]
|switch|p1a: Garganacl|Garganacl, M, tera:Water|77/100
|move|p2a: Slowking|Sludge Bomb|p1a: Garganacl
|-damage|p1a: Garganacl|48/100
|
|-heal|p1a: Garganacl|54/100|[from] item: Leftovers
|upkeep
|turn|18
|
|t:|1760455913
|move|p1a: Garganacl|Stealth Rock|p2a: Slowking
|-sidestart|p2: djamaO|move: Stealth Rock
|move|p2a: Slowking|Future Sight|p1a: Garganacl
|-start|p2a: Slowking|move: Future Sight
|
|-heal|p1a: Garganacl|61/100|[from] item: Leftovers
|upkeep
|turn|19
|
|t:|1760455918
|move|p1a: Garganacl|Salt Cure|p2a: Slowking
|-damage|p2a: Slowking|68/100
|-start|p2a: Slowking|Salt Cure
|-prepare|p2a: Slowking|Chilly Reception|[premajor]
|move|p2a: Slowking|Chilly Reception|p2a: Slowking
|-weather|Snowscape
|
|t:|1760455924
|switch|p2a: Great Tusk|Great Tusk|78/100 brn|[from] Chilly Reception
|-damage|p2a: Great Tusk|75/100 brn|[from] Stealth Rock
|
|-weather|Snowscape|[upkeep]
|-heal|p2a: Great Tusk|81/100 brn|[from] item: Leftovers
|-heal|p1a: Garganacl|67/100|[from] item: Leftovers
|-damage|p2a: Great Tusk|75/100 brn|[from] brn
|upkeep
|turn|20
|
|t:|1760455938
|move|p1a: Garganacl|Protect|p1a: Garganacl
|-singleturn|p1a: Garganacl|Protect
|move|p2a: Great Tusk|Rapid Spin|p1a: Garganacl
|-activate|p1a: Garganacl|move: Protect
|
|-weather|Snowscape|[upkeep]
|-end|p1a: Garganacl|move: Future Sight
|-damage|p1a: Garganacl|25/100
|-heal|p2a: Great Tusk|81/100 brn|[from] item: Leftovers
|-heal|p1a: Garganacl|31/100|[from] item: Leftovers
|-damage|p2a: Great Tusk|75/100 brn|[from] brn
|upkeep
|turn|21
|
|t:|1760455948
|move|p2a: Great Tusk|Knock Off|p1a: Garganacl
|-damage|p1a: Garganacl|22/100
|-enditem|p1a: Garganacl|Leftovers|[from] move: Knock Off|[of] p2a: Great Tusk
|move|p1a: Garganacl|Recover|p1a: Garganacl
|-heal|p1a: Garganacl|72/100
|
|-weather|Snowscape|[upkeep]
|-heal|p2a: Great Tusk|81/100 brn|[from] item: Leftovers
|-damage|p2a: Great Tusk|75/100 brn|[from] brn
|upkeep
|turn|22
|
|t:|1760455960
|-end|p2a: Great Tusk|Protosynthesis|[silent]
|switch|p2a: Slowking|Slowking-Galar, F|100/100
|move|p1a: Garganacl|Salt Cure|p2a: Slowking
|-damage|p2a: Slowking|86/100
|-start|p2a: Slowking|Salt Cure
|
|-weather|Snowscape|[upkeep]
|-damage|p2a: Slowking|73/100|[from] Salt Cure
|upkeep
|turn|23
|
|t:|1760455967
|switch|p1a: Great Tusk|Great Tusk|54/100
|move|p2a: Slowking|Future Sight|p1a: Great Tusk
|-start|p2a: Slowking|move: Future Sight
|
|-weather|none
|-damage|p2a: Slowking|61/100|[from] Salt Cure
|upkeep
|turn|24
|
|t:|1760455973
|switch|p2a: Alomomola|Alomomola, F|97/100
|move|p1a: Great Tusk|Headlong Rush|p2a: Alomomola
|-damage|p2a: Alomomola|62/100
|-unboost|p1a: Great Tusk|def|1
|-unboost|p1a: Great Tusk|spd|1
|
|upkeep
|turn|25
|
|t:|1760455982
|move|p1a: Great Tusk|Close Combat|p2a: Alomomola
|-damage|p2a: Alomomola|25/100
|-unboost|p1a: Great Tusk|def|1
|-unboost|p1a: Great Tusk|spd|1
|move|p2a: Alomomola|Flip Turn|p1a: Great Tusk
|-supereffective|p1a: Great Tusk
|-damage|p1a: Great Tusk|13/100
|
|t:|1760455992
|switch|p2a: Slowking|Slowking-Galar, F|94/100|[from] Flip Turn
|
|-end|p1a: Great Tusk|move: Future Sight
|-supereffective|p1a: Great Tusk
|-damage|p1a: Great Tusk|0 fnt
|faint|p1a: Great Tusk
|-end|p1a: Great Tusk|Protosynthesis|[silent]
|upkeep
|
|t:|1760455996
|switch|p1a: Dragonite|Dragonite, M|100/100
|turn|26
|
|t:|1760456007
|move|p1a: Dragonite|Dragon Dance|p1a: Dragonite
|-boost|p1a: Dragonite|atk|1
|-boost|p1a: Dragonite|spe|1
|-prepare|p2a: Slowking|Chilly Reception|[premajor]
|move|p2a: Slowking|Chilly Reception|p2a: Slowking
|-weather|Snowscape
|
|t:|1760456013
|switch|p2a: Garchomp|Garchomp, F, tera:Ground|100/100|[from] Chilly Reception
|-damage|p2a: Garchomp|94/100|[from] Stealth Rock
|
|-weather|Snowscape|[upkeep]
|upkeep
|turn|27
|
|t:|1760456019
|move|p2a: Garchomp|Outrage|p1a: Dragonite
|-supereffective|p1a: Dragonite
|-crit|p1a: Dragonite
|-damage|p1a: Dragonite|0 fnt
|faint|p1a: Dragonite
|
|-weather|Snowscape|[upkeep]
|upkeep
|
|t:|1760456024
|switch|p1a: Iron Valiant|Iron Valiant, shiny|100/100
|turn|28
|
|t:|1760456027
|move|p2a: Garchomp|Outrage|p1a: Iron Valiant|[from] lockedmove
|-immune|p1a: Iron Valiant
|-start|p2a: Garchomp|confusion|[fatigue]
|move|p1a: Iron Valiant|Moonblast|p2a: Garchomp
|-damage|p2a: Garchomp|46/100
|
|-weather|Snowscape|[upkeep]
|upkeep
|turn|29
|
|t:|1760456036
|switch|p2a: Slowking|Slowking-Galar, F|100/100
|move|p1a: Iron Valiant|Moonblast|p2a: Slowking
|-resisted|p2a: Slowking
|-damage|p2a: Slowking|86/100
|
|-weather|Snowscape|[upkeep]
|upkeep
|turn|30
|l|‽thetidleypeeps
|player|p1|
|inactive|Battle timer is ON: inactive players will automatically lose when time's up. (requested by djamaO)
|inactive|thetidleypeeps has 30 seconds to reconnect!
|inactive|thetidleypeeps has 20 seconds to reconnect!
|inactive|thetidleypeeps has 15 seconds to reconnect!
|inactive|thetidleypeeps has 10 seconds to reconnect!
|inactive|thetidleypeeps has 5 seconds to reconnect!
|-message|thetidleypeeps lost due to inactivity.
|
|win|djamaO
|raw|thetidleypeeps's rating: 1456 &rarr; <strong>1443</strong><br />(-13 for losing)
|raw|djamaO's rating: 1591 &rarr; <strong>1604</strong><br />(+13 for winning)
|l|☆djamaO
|player|p2|
