|j|☆yeshirong
|j|☆pokefanfdj
|t:|1760415939
|gametype|singles
|player|p1|yeshirong|idol|1285
|player|p2|pokefanfdj|170|1272
|gen|9
|tier|[Gen 9] OU
|rated|
|rule|HP Percentage Mod: HP is shown in percentages
|rule|Endless Battle Clause: Forcing endless battles is banned
|rule|Species Clause: Limit one of each Pokémon
|rule|OHKO Clause: OHKO moves are banned
|rule|Evasion Items Clause: Evasion items are banned
|rule|Evasion Moves Clause: Evasion moves are banned
|rule|Evasion Abilities Clause: Evasion abilities are banned
|rule|Sleep Moves Clause: Sleep-inducing moves are banned
|clearpoke
|poke|p1|Weavile, M|
|poke|p1|Landorus-Therian, M|
|poke|p1|Alomomola, M|
|poke|p1|Hydrapple, M|
|poke|p1|Cinderace, M|
|poke|p1|Dragapult, F|
|poke|p2|Moltres|
|poke|p2|Kleavor, M|
|poke|p2|Dondozo, M|
|poke|p2|Blissey, F|
|poke|p2|Kingambit, F|
|poke|p2|Brambleghast, M|
|teampreview
|inactive|Battle timer is ON: inactive players will automatically lose when time's up. (requested by yeshirong)
|
|t:|1760415955
|teamsize|p1|6
|teamsize|p2|6
|start
|switch|p1a: Cinderace|Cinderace, M|100/100
|switch|p2a: Kleavor|Kleavor, M|100/100
|turn|1
|
|t:|1760415961
|move|p1a: Cinderace|Will-O-Wisp|p2a: Kleavor
|-status|p2a: Kleavor|brn
|move|p2a: Kleavor|Tailwind|p2a: Kleavor
|-sidestart|p2: pokefanfdj|move: Tailwind
|
|-damage|p2a: Kleavor|94/100 brn|[from] brn
|upkeep
|turn|2
|
|t:|1760415970
|move|p2a: Kleavor|Stone Axe|p1a: Cinderace
|-supereffective|p1a: Cinderace
|-damage|p1a: Cinderace|38/100
|-sidestart|p1: yeshirong|move: Stealth Rock
|move|p1a: Cinderace|U-turn|p2a: Kleavor
|-damage|p2a: Kleavor|69/100 brn
|
|t:|1760415974
|switch|p1a: Alomomola|Alomomola, M|100/100|[from] U-turn
|-damage|p1a: Alomomola|88/100|[from] Stealth Rock
|
|-damage|p2a: Kleavor|63/100 brn|[from] brn
|upkeep
|turn|3
|
|t:|1760415981
|switch|p2a: Brambleghast|Brambleghast, M|100/100
|-ability|p2a: Brambleghast|Wind Rider|boost
|-boost|p2a: Brambleghast|atk|1
|move|p1a: Alomomola|Flip Turn|p2a: Brambleghast
|-resisted|p2a: Brambleghast
|-damage|p2a: Brambleghast|85/100
|inactive|yeshirong has 120 seconds left.
|
|t:|1760416013
|switch|p1a: Hydrapple|Hydrapple, M|100/100|[from] Flip Turn
|
|upkeep
|turn|4
|
|t:|1760416023
|move|p2a: Brambleghast|Poltergeist|p1a: Hydrapple
|-activate|p1a: Hydrapple|move: Poltergeist|Heavy-Duty Boots
|-damage|p1a: Hydrapple|50/100
|move|p1a: Hydrapple|Fickle Beam|p2a: Brambleghast|[anim] Fickle Beam All Out
|-activate|p1a: Hydrapple|move: Fickle Beam
|-damage|p2a: Brambleghast|0 fnt
|faint|p2a: Brambleghast
|
|-sideend|p2: pokefanfdj|move: Tailwind
|upkeep
|
|t:|1760416032
|switch|p2a: Blissey|Blissey, F|100/100
|turn|5
|
|t:|1760416037
|switch|p1a: Cinderace|Cinderace, M|38/100
|move|p2a: Blissey|Thunder Wave|p1a: Cinderace
|-status|p1a: Cinderace|par
|
|upkeep
|turn|6
|
|t:|1760416041
|move|p1a: Cinderace|Court Change|p1a: Cinderace
|-swapsideconditions
|-activate|p1a: Cinderace|move: Court Change
|move|p2a: Blissey|Seismic Toss|p1a: Cinderace
|-damage|p1a: Cinderace|10/100 par
|
|upkeep
|turn|7
|
|t:|1760416046
|switch|p2a: Moltres|Moltres|100/100
|move|p1a: Cinderace|Pyro Ball|p2a: Moltres
|-resisted|p2a: Moltres
|-damage|p2a: Moltres|74/100
|
|upkeep
|turn|8
|
|t:|1760416051
|switch|p1a: Alomomola|Alomomola, M|100/100
|move|p2a: Moltres|Tailwind|p2a: Moltres
|-sidestart|p2: pokefanfdj|move: Tailwind
|
|upkeep
|turn|9
|
|t:|1760416066
|switch|p2a: Dondozo|Dondozo, M|100/100
|-damage|p2a: Dondozo|88/100|[from] Stealth Rock
|move|p1a: Alomomola|Flip Turn|p2a: Dondozo
|-resisted|p2a: Dondozo
|-damage|p2a: Dondozo|84/100
|
|t:|1760416071
|switch|p1a: Hydrapple|Hydrapple, M|83/100|[from] Flip Turn
|
|-heal|p2a: Dondozo|90/100|[from] item: Leftovers
|upkeep
|turn|10
|
|t:|1760416075
|-terastallize|p2a: Dondozo|Electric
|move|p2a: Dondozo|Curse|p2a: Dondozo
|-unboost|p2a: Dondozo|spe|1
|-boost|p2a: Dondozo|atk|1
|-boost|p2a: Dondozo|def|1
|move|p1a: Hydrapple|Giga Drain|p2a: Dondozo
|-damage|p2a: Dondozo|55/100
|-heal|p1a: Hydrapple|100/100|[from] drain|[of] p2a: Dondozo
|
|-heal|p2a: Dondozo|61/100|[from] item: Leftovers
|upkeep
|turn|11
|
|t:|1760416085
|move|p2a: Dondozo|Rest|p2a: Dondozo
|-status|p2a: Dondozo|slp|[from] move: Rest
|-heal|p2a: Dondozo|100/100 slp|[silent]
|move|p1a: Hydrapple|Earth Power|p2a: Dondozo
|-supereffective|p2a: Dondozo
|-crit|p2a: Dondozo
|-damage|p2a: Dondozo|19/100 slp
|
|-heal|p2a: Dondozo|25/100 slp|[from] item: Leftovers
|-sideend|p2: pokefanfdj|move: Tailwind
|upkeep
|turn|12
|
|t:|1760416090
|move|p1a: Hydrapple|Fickle Beam|p2a: Dondozo
|-damage|p2a: Dondozo|0 fnt
|faint|p2a: Dondozo
|
|upkeep
|
|t:|1760416099
|switch|p2a: Kingambit|Kingambit, F|100/100
|-damage|p2a: Kingambit|94/100|[from] Stealth Rock
|-activate|p2a: Kingambit|ability: Supreme Overlord
|-start|p2a: Kingambit|fallen2|[silent]
|turn|13
|
|t:|1760416110
|move|p2a: Kingambit|Kowtow Cleave|p1a: Hydrapple
|-damage|p1a: Hydrapple|55/100
|move|p1a: Hydrapple|Earth Power|p2a: Kingambit
|-supereffective|p2a: Kingambit
|-damage|p2a: Kingambit|20/100
|
|-heal|p2a: Kingambit|26/100|[from] item: Leftovers
|upkeep
|turn|14
|
|t:|1760416114
|move|p2a: Kingambit|Sucker Punch|p1a: Hydrapple
|-damage|p1a: Hydrapple|19/100
|move|p1a: Hydrapple|Earth Power|p2a: Kingambit
|-supereffective|p2a: Kingambit
|-damage|p2a: Kingambit|0 fnt
|faint|p2a: Kingambit
|-end|p2a: Kingambit|fallen2|[silent]
|
|upkeep
|-message|pokefanfdj forfeited.
|
|win|yeshirong
|raw|yeshirong's rating: 1285 &rarr; <strong>1309</strong><br />(+24 for winning)
|raw|pokefanfdj's rating: 1272 &rarr; <strong>1248</strong><br />(-24 for losing)
|l|☆pokefanfdj
|player|p2|
|l|☆yeshirong
|player|p1|
