|j|☆Mithyk Noob
|j|☆indigknighted
|t:|1760333824
|gametype|singles
|player|p1|Mithyk Noob|gentleman-gen4|1136
|player|p2|indigknighted|bellelba|1190
|gen|9
|tier|[Gen 9] OU
|rated|
|rule|HP Percentage Mod: HP is shown in percentages
|rule|Endless Battle Clause: Forcing endless battles is banned
|rule|Species Clause: Limit one of each Pokémon
|rule|OHKO Clause: OHKO moves are banned
|rule|Evasion Items Clause: Evasion items are banned
|rule|Evasion Moves Clause: Evasion moves are banned
|rule|Evasion Abilities Clause: Evasion abilities are banned
|rule|Sleep Moves Clause: Sleep-inducing moves are banned
|clearpoke
|poke|p1|Altaria, M|
|poke|p1|Bellibolt, F|
|poke|p1|Scrafty, M|
|poke|p1|Bronzong|
|poke|p1|Flygon, F|
|poke|p1|Vaporeon, M|
|poke|p2|Iron Crown|
|poke|p2|Meowscarada, M|
|poke|p2|Great Tusk|
|poke|p2|Pecharunt|
|poke|p2|Ting-Lu|
|poke|p2|Iron Valiant|
|teampreview
|
|t:|1760333830
|teamsize|p1|6
|teamsize|p2|6
|start
|switch|p1a: Flygon|Flygon, F|100/100
|switch|p2a: Meowscarada|Meowscarada, M|100/100
|turn|1
|
|t:|1760333837
|move|p1a: Flygon|U-turn|p2a: Meowscarada
|-supereffective|p2a: Meowscarada
|-damage|p2a: Meowscarada|0 fnt
|faint|p2a: Meowscarada
|
|t:|1760333849
|switch|p1a: Vaporeon|Vaporeon, M|100/100|[from] U-turn
|
|upkeep
|
|t:|1760333855
|switch|p2a: Iron Crown|Iron Crown|100/100
|turn|2
|
|t:|1760333866
|move|p2a: Iron Crown|Volt Switch|p1a: Vaporeon
|-supereffective|p1a: Vaporeon
|-damage|p1a: Vaporeon|47/100
|
|t:|1760333873
|-end|p2a: Iron Crown|Quark Drive|[silent]
|switch|p2a: Ting-Lu|Ting-Lu|100/100|[from] Volt Switch
|-ability|p2a: Ting-Lu|Vessel of Ruin
|move|p1a: Vaporeon|Calm Mind|p1a: Vaporeon
|-boost|p1a: Vaporeon|spa|1
|-boost|p1a: Vaporeon|spd|1
|
|upkeep
|turn|3
|
|t:|1760333883
|move|p1a: Vaporeon|Scald|p2a: Ting-Lu
|-supereffective|p2a: Ting-Lu
|-damage|p2a: Ting-Lu|64/100
|move|p2a: Ting-Lu|Stealth Rock|p1a: Vaporeon
|-sidestart|p1: Mithyk Noob|move: Stealth Rock
|
|-heal|p2a: Ting-Lu|71/100|[from] item: Leftovers
|upkeep
|turn|4
|
|t:|1760333888
|move|p1a: Vaporeon|Scald|p2a: Ting-Lu
|-supereffective|p2a: Ting-Lu
|-damage|p2a: Ting-Lu|33/100
|move|p2a: Ting-Lu|Whirlwind|p1a: Vaporeon
|drag|p1a: Scrafty|Scrafty, M|100/100
|-damage|p1a: Scrafty|95/100|[from] Stealth Rock
|
|-heal|p1a: Scrafty|100/100|[from] item: Leftovers
|-heal|p2a: Ting-Lu|39/100|[from] item: Leftovers
|upkeep
|turn|5
|
|t:|1760333901
|switch|p2a: Pecharunt|Pecharunt|100/100
|move|p1a: Scrafty|Drain Punch|p2a: Pecharunt
|-immune|p2a: Pecharunt
|
|upkeep
|turn|6
|
|t:|1760333910
|move|p2a: Pecharunt|Parting Shot|p1a: Scrafty
|-unboost|p1a: Scrafty|atk|1
|-unboost|p1a: Scrafty|spa|1
|
|t:|1760333914
|switch|p2a: Great Tusk|Great Tusk|100/100|[from] Parting Shot
|move|p1a: Scrafty|Knock Off|p2a: Great Tusk
|-resisted|p2a: Great Tusk
|-damage|p2a: Great Tusk|94/100
|-enditem|p2a: Great Tusk|Leftovers|[from] move: Knock Off|[of] p1a: Scrafty
|
|upkeep
|turn|7
|
|t:|1760333924
|switch|p1a: Bronzong|Bronzong|100/100
|-damage|p1a: Bronzong|94/100|[from] Stealth Rock
|move|p2a: Great Tusk|Bulk Up|p2a: Great Tusk
|-boost|p2a: Great Tusk|atk|1
|-boost|p2a: Great Tusk|def|1
|
|upkeep
|turn|8
|
|t:|1760333939
|move|p2a: Great Tusk|Headlong Rush|p1a: Bronzong
|-immune|p1a: Bronzong|[from] ability: Levitate
|move|p1a: Bronzong|Stealth Rock|p2a: Great Tusk
|-sidestart|p2: indigknighted|move: Stealth Rock
|
|upkeep
|turn|9
|
|t:|1760333943
|move|p2a: Great Tusk|Rapid Spin|p1a: Bronzong
|-resisted|p1a: Bronzong
|-damage|p1a: Bronzong|86/100
|-boost|p2a: Great Tusk|spe|1
|-sideend|p2: indigknighted|Stealth Rock|[from] move: Rapid Spin|[of] p2a: Great Tusk
|move|p1a: Bronzong|Iron Defense|p1a: Bronzong
|-boost|p1a: Bronzong|def|2
|
|upkeep
|turn|10
|
|t:|1760333956
|-end|p2a: Great Tusk|Protosynthesis|[silent]
|switch|p2a: Iron Crown|Iron Crown|100/100
|move|p1a: Bronzong|Body Press|p2a: Iron Crown
|-damage|p2a: Iron Crown|48/100
|
|upkeep
|turn|11
|
|t:|1760333978
|move|p2a: Iron Crown|Focus Blast|p1a: Bronzong
|-damage|p1a: Bronzong|43/100
|move|p1a: Bronzong|Body Press|p2a: Iron Crown
|-damage|p2a: Iron Crown|0 fnt
|faint|p2a: Iron Crown
|-end|p2a: Iron Crown|Quark Drive|[silent]
|
|upkeep
|-message|indigknighted forfeited.
|
|win|Mithyk Noob
|raw|Mithyk Noob's rating: 1136 &rarr; <strong>1165</strong><br />(+29 for winning)
|raw|indigknighted's rating: 1190 &rarr; <strong>1161</strong><br />(-29 for losing)
|l|☆indigknighted
|player|p2|
|l|☆Mithyk Noob
|player|p1|
