|j|☆luxgia
|j|☆zawaluduo11
|t:|1760445101
|gametype|singles
|player|p1|luxgia|byron|1609
|player|p2|zawaluduo11|169|1652
|gen|9
|tier|[Gen 9] OU
|rated|
|rule|HP Percentage Mod: HP is shown in percentages
|rule|Endless Battle Clause: Forcing endless battles is banned
|rule|Species Clause: Limit one of each Pokémon
|rule|OHKO Clause: OHKO moves are banned
|rule|Evasion Items Clause: Evasion items are banned
|rule|Evasion Moves Clause: Evasion moves are banned
|rule|Evasion Abilities Clause: Evasion abilities are banned
|rule|Sleep Moves Clause: Sleep-inducing moves are banned
|clearpoke
|poke|p1|Zamazenta-*|
|poke|p1|Tornadus-Therian, M|
|poke|p1|Pecharunt|
|poke|p1|Ting-Lu|
|poke|p1|Cinderace, M|
|poke|p1|Dragonite, M|
|poke|p2|Alomomola, M|
|poke|p2|Gliscor, F|
|poke|p2|Kingambit, M|
|poke|p2|Ursaluna, M|
|poke|p2|Raging Bolt|
|poke|p2|Grimmsnarl, M|
|teampreview
|inactive|Battle timer is ON: inactive players will automatically lose when time's up. (requested by zawaluduo11)
|
|t:|1760445110
|teamsize|p1|6
|teamsize|p2|6
|start
|switch|p1a: Jinn|Tornadus-Therian, M|100/100
|switch|p2a: Kingambit|Kingambit, M|100/100
|turn|1
|
|t:|1760445116
|-end|p2a: Kingambit|fallenundefined|[silent]
|switch|p2a: Alomomola|Alomomola, M|100/100
|move|p1a: Jinn|Heat Wave|p2a: Alomomola|[miss]
|-miss|p1a: Jinn|p2a: Alomomola
|
|upkeep
|turn|2
|
|t:|1760445124
|move|p1a: Jinn|Air Slash|p2a: Alomomola
|-damage|p2a: Alomomola|43/100
|-damage|p1a: Jinn|91/100|[from] item: Life Orb
|cant|p2a: Alomomola|flinch
|
|upkeep
|turn|3
|
|t:|1760445132
|switch|p2a: Raging Bolt|Raging Bolt|100/100
|move|p1a: Jinn|Air Slash|p2a: Raging Bolt
|-resisted|p2a: Raging Bolt
|-crit|p2a: Raging Bolt
|-damage|p2a: Raging Bolt|73/100
|-damage|p1a: Jinn|81/100|[from] item: Life Orb
|
|upkeep
|turn|4
|
|t:|1760445139
|switch|p1a: Begru|Ting-Lu|100/100
|-ability|p1a: Begru|Vessel of Ruin
|move|p2a: Raging Bolt|Draco Meteor|p1a: Begru
|-crit|p1a: Begru
|-damage|p1a: Begru|30/100
|-unboost|p2a: Raging Bolt|spa|2
|
|-heal|p1a: Begru|36/100|[from] item: Leftovers
|upkeep
|turn|5
|
|t:|1760445149
|-end|p2a: Raging Bolt|Protosynthesis|[silent]
|switch|p2a: Ursaluna|Ursaluna, M|100/100
|move|p1a: Begru|Stealth Rock|p2a: Ursaluna
|-sidestart|p2: zawaluduo11|move: Stealth Rock
|
|-heal|p1a: Begru|42/100|[from] item: Leftovers
|-status|p2a: Ursaluna|brn|[from] item: Flame Orb
|upkeep
|turn|6
|
|t:|1760445160
|switch|p1a: Khoukha|Pecharunt|100/100
|move|p2a: Ursaluna|Earthquake|p1a: Khoukha
|-supereffective|p1a: Khoukha
|-damage|p1a: Khoukha|16/100
|
|-damage|p2a: Ursaluna|94/100 brn|[from] brn
|upkeep
|turn|7
|
|t:|1760445174
|move|p1a: Khoukha|Parting Shot|p2a: Ursaluna
|-unboost|p2a: Ursaluna|atk|1
|-unboost|p2a: Ursaluna|spa|1
|
|t:|1760445175
|switch|p1a: Jinn|Tornadus-Therian, M|100/100|[from] Parting Shot
|move|p2a: Ursaluna|Facade|p1a: Jinn
|-damage|p1a: Jinn|0 fnt
|faint|p1a: Jinn
|
|-damage|p2a: Ursaluna|88/100 brn|[from] brn
|upkeep
|
|t:|1760445188
|switch|p1a: Khoukha|Pecharunt|16/100
|turn|8
|
|t:|1760445192
|switch|p2a: Grimmsnarl|Grimmsnarl, M|100/100
|-damage|p2a: Grimmsnarl|88/100|[from] Stealth Rock
|move|p1a: Khoukha|Recover|p1a: Khoukha
|-heal|p1a: Khoukha|66/100
|
|upkeep
|turn|9
|
|t:|1760445199
|move|p2a: Grimmsnarl|Light Screen|p2a: Grimmsnarl
|-sidestart|p2: zawaluduo11|move: Light Screen
|move|p1a: Khoukha|Malignant Chain|p2a: Grimmsnarl
|-supereffective|p2a: Grimmsnarl
|-damage|p2a: Grimmsnarl|60/100
|-status|p2a: Grimmsnarl|tox
|-start|p2a: Grimmsnarl|confusion|[from] ability: Poison Puppeteer|[of] p1a: Khoukha
|
|-damage|p2a: Grimmsnarl|54/100 tox|[from] psn
|upkeep
|turn|10
|
|t:|1760445211
|-activate|p2a: Grimmsnarl|confusion
|move|p2a: Grimmsnarl|Parting Shot|p1a: Khoukha
|-unboost|p1a: Khoukha|atk|1
|-unboost|p1a: Khoukha|spa|1
|
|t:|1760445217
|switch|p2a: Gliscor|Gliscor, F|100/100|[from] Parting Shot
|-damage|p2a: Gliscor|88/100|[from] Stealth Rock
|move|p1a: Khoukha|Parting Shot|p2a: Gliscor
|-unboost|p2a: Gliscor|atk|1
|-unboost|p2a: Gliscor|spa|1
|
|t:|1760445221
|switch|p1a: Begru|Ting-Lu|42/100|[from] Parting Shot
|-ability|p1a: Begru|Vessel of Ruin
|
|-heal|p1a: Begru|48/100|[from] item: Leftovers
|-status|p2a: Gliscor|tox|[from] item: Toxic Orb
|upkeep
|turn|11
|
|t:|1760445231
|move|p2a: Gliscor|Swords Dance|p2a: Gliscor
|-boost|p2a: Gliscor|atk|2
|move|p1a: Begru|Whirlwind|p2a: Gliscor
|drag|p2a: Alomomola|Alomomola, M|76/100
|-damage|p2a: Alomomola|64/100|[from] Stealth Rock
|
|-heal|p1a: Begru|55/100|[from] item: Leftovers
|upkeep
|turn|12
|
|t:|1760445239
|move|p2a: Alomomola|Flip Turn|p1a: Begru
|-supereffective|p1a: Begru
|-damage|p1a: Begru|37/100
|
|t:|1760445244
|switch|p2a: Gliscor|Gliscor, F|88/100 tox|[from] Flip Turn
|-damage|p2a: Gliscor|76/100 tox|[from] Stealth Rock
|move|p1a: Begru|Ruination|p2a: Gliscor
|-damage|p2a: Gliscor|38/100 tox
|
|-heal|p1a: Begru|43/100|[from] item: Leftovers
|-heal|p2a: Gliscor|51/100 tox|[from] ability: Poison Heal
|upkeep
|turn|13
|
|t:|1760445254
|move|p2a: Gliscor|Earthquake|p1a: Begru
|-damage|p1a: Begru|18/100
|move|p1a: Begru|Whirlwind|p2a: Gliscor
|drag|p2a: Kingambit|Kingambit, M|100/100
|-damage|p2a: Kingambit|94/100|[from] Stealth Rock
|
|-heal|p1a: Begru|24/100|[from] item: Leftovers
|upkeep
|turn|14
|j| bloodhound q50
|
|t:|1760445266
|move|p2a: Kingambit|Low Kick|p1a: Begru
|-supereffective|p1a: Begru
|-damage|p1a: Begru|0 fnt
|faint|p1a: Begru
|
|upkeep
|
|t:|1760445272
|switch|p1a: Sir Sir|Cinderace, M|100/100
|turn|15
|
|t:|1760445276
|-end|p2a: Kingambit|fallenundefined|[silent]
|switch|p2a: Alomomola|Alomomola, M|97/100
|-damage|p2a: Alomomola|85/100|[from] Stealth Rock
|move|p1a: Sir Sir|Pyro Ball|p2a: Alomomola
|-resisted|p2a: Alomomola
|-damage|p2a: Alomomola|68/100
|
|upkeep
|turn|16
|
|t:|1760445291
|move|p1a: Sir Sir|U-turn|p2a: Alomomola
|-start|p1a: Sir Sir|typechange|Bug|[from] ability: Libero
|-damage|p2a: Alomomola|52/100
|-damage|p1a: Sir Sir|84/100|[from] item: Rocky Helmet|[of] p2a: Alomomola
|
|t:|1760445294
|switch|p1a: Khoukha|Pecharunt|66/100|[from] U-turn
|move|p2a: Alomomola|Flip Turn|p1a: Khoukha
|-damage|p1a: Khoukha|58/100
|
|t:|1760445303
|switch|p2a: Raging Bolt|Raging Bolt|73/100|[from] Flip Turn
|-damage|p2a: Raging Bolt|61/100|[from] Stealth Rock
|
|-sideend|p2: zawaluduo11|move: Light Screen
|upkeep
|turn|17
|
|t:|1760445315
|move|p1a: Khoukha|Parting Shot|p2a: Raging Bolt
|-unboost|p2a: Raging Bolt|atk|1
|-unboost|p2a: Raging Bolt|spa|1
|
|t:|1760445317
|switch|p1a: Dibu|Zamazenta|100/100|[from] Parting Shot
|-ability|p1a: Dibu|Dauntless Shield|boost
|-boost|p1a: Dibu|def|1
|move|p2a: Raging Bolt|Thunder Wave|p1a: Dibu
|-status|p1a: Dibu|par
|
|upkeep
|turn|18
|
|t:|1760445325
|-end|p2a: Raging Bolt|Protosynthesis|[silent]
|switch|p2a: Alomomola|Alomomola, M|85/100
|-damage|p2a: Alomomola|73/100|[from] Stealth Rock
|cant|p1a: Dibu|par
|
|upkeep
|turn|19
|
|t:|1760445332
|move|p1a: Dibu|Close Combat|p2a: Alomomola
|-damage|p2a: Alomomola|28/100
|-unboost|p1a: Dibu|def|1
|-unboost|p1a: Dibu|spd|1
|-damage|p1a: Dibu|84/100 par|[from] item: Rocky Helmet|[of] p2a: Alomomola
|-damage|p1a: Dibu|74/100 par|[from] item: Life Orb
|move|p2a: Alomomola|Flip Turn|p1a: Dibu
|-damage|p1a: Dibu|57/100 par
|
|t:|1760445342
|switch|p2a: Raging Bolt|Raging Bolt|61/100|[from] Flip Turn
|-damage|p2a: Raging Bolt|49/100|[from] Stealth Rock
|
|upkeep
|turn|20
|
|t:|1760445349
|cant|p1a: Dibu|par
|move|p2a: Raging Bolt|Volt Switch|p1a: Dibu
|-damage|p1a: Dibu|0 fnt
|faint|p1a: Dibu
|
|t:|1760445356
|-end|p2a: Raging Bolt|Protosynthesis|[silent]
|switch|p2a: Grimmsnarl|Grimmsnarl, M|54/100 tox|[from] Volt Switch
|-damage|p2a: Grimmsnarl|42/100 tox|[from] Stealth Rock
|
|-damage|p2a: Grimmsnarl|36/100 tox|[from] psn
|upkeep
|
|t:|1760445368
|switch|p1a: Khoukha|Pecharunt|58/100
|turn|21
|
|t:|1760445376
|move|p2a: Grimmsnarl|Parting Shot|p1a: Khoukha
|-unboost|p1a: Khoukha|atk|1
|-unboost|p1a: Khoukha|spa|1
|
|t:|1760445380
|switch|p2a: Alomomola|Alomomola, M|61/100|[from] Parting Shot
|-damage|p2a: Alomomola|49/100|[from] Stealth Rock
|move|p1a: Khoukha|Recover|p1a: Khoukha
|-heal|p1a: Khoukha|100/100
|
|upkeep
|turn|22
|j| iron quark
|
|t:|1760445389
|move|p1a: Khoukha|Malignant Chain|p2a: Alomomola
|-crit|p2a: Alomomola
|-damage|p2a: Alomomola|0 fnt
|faint|p2a: Alomomola
|
|upkeep
|
|t:|1760445395
|switch|p2a: Raging Bolt|Raging Bolt|49/100
|-damage|p2a: Raging Bolt|36/100|[from] Stealth Rock
|turn|23
|
|t:|1760445400
|move|p1a: Khoukha|Parting Shot|p2a: Raging Bolt
|-unboost|p2a: Raging Bolt|atk|1
|-unboost|p2a: Raging Bolt|spa|1
|
|t:|1760445401
|switch|p1a: Sir Sir|Cinderace, M|84/100|[from] Parting Shot
|move|p2a: Raging Bolt|Draco Meteor|p1a: Sir Sir
|-damage|p1a: Sir Sir|0 fnt
|-unboost|p2a: Raging Bolt|spa|2
|faint|p1a: Sir Sir
|
|upkeep
|
|t:|1760445406
|switch|p1a: Tboz|Dragonite, M|100/100
|turn|24
|
|t:|1760445415
|-end|p2a: Raging Bolt|Protosynthesis|[silent]
|switch|p2a: Grimmsnarl|Grimmsnarl, M|36/100 tox
|-damage|p2a: Grimmsnarl|23/100 tox|[from] Stealth Rock
|-terastallize|p1a: Tboz|Normal
|move|p1a: Tboz|Dragon Dance|p1a: Tboz
|-boost|p1a: Tboz|atk|1
|-boost|p1a: Tboz|spe|1
|
|-damage|p2a: Grimmsnarl|17/100 tox|[from] psn
|upkeep
|turn|25
|
|t:|1760445424
|move|p1a: Tboz|Extreme Speed|p2a: Grimmsnarl
|-damage|p2a: Grimmsnarl|0 fnt
|faint|p2a: Grimmsnarl
|
|upkeep
|
|t:|1760445429
|switch|p2a: Kingambit|Kingambit, M|94/100
|-damage|p2a: Kingambit|88/100|[from] Stealth Rock
|-activate|p2a: Kingambit|ability: Supreme Overlord
|-start|p2a: Kingambit|fallen2|[silent]
|turn|26
|
|t:|1760445439
|move|p1a: Tboz|Earthquake|p2a: Kingambit
|-supereffective|p2a: Kingambit
|-damage|p2a: Kingambit|10/100
|move|p2a: Kingambit|Low Kick|p1a: Tboz
|-supereffective|p1a: Tboz
|-damage|p1a: Tboz|35/100
|
|upkeep
|turn|27
|
|t:|1760445449
|move|p1a: Tboz|Extreme Speed|p2a: Kingambit
|-resisted|p2a: Kingambit
|-crit|p2a: Kingambit
|-damage|p2a: Kingambit|0 fnt
|faint|p2a: Kingambit
|-end|p2a: Kingambit|fallen2|[silent]
|
|upkeep
|c| bloodhound q50|damn is that banded Gambit?
|
|t:|1760445463
|switch|p2a: Ursaluna|Ursaluna, M|88/100 brn
|-damage|p2a: Ursaluna|82/100 brn|[from] Stealth Rock
|turn|28
|
|t:|1760445468
|move|p1a: Tboz|Ice Spinner|p2a: Ursaluna
|-supereffective|p2a: Ursaluna
|-damage|p2a: Ursaluna|20/100 brn
|move|p2a: Ursaluna|Earthquake|p1a: Tboz
|-damage|p1a: Tboz|0 fnt
|faint|p1a: Tboz
|
|-damage|p2a: Ursaluna|13/100 brn|[from] brn
|upkeep
|
|t:|1760445471
|switch|p1a: Khoukha|Pecharunt|100/100
|turn|29
|
|t:|1760445478
|move|p1a: Khoukha|Shadow Ball|p2a: Ursaluna
|-immune|p2a: Ursaluna
|move|p2a: Ursaluna|Earthquake|p1a: Khoukha
|-supereffective|p1a: Khoukha
|-damage|p1a: Khoukha|21/100
|
|-damage|p2a: Ursaluna|7/100 brn|[from] brn
|upkeep
|turn|30
|j| Nitro611
|c| bloodhound q50|bro!?
|
|t:|1760445489
|move|p1a: Khoukha|Recover|p1a: Khoukha
|-heal|p1a: Khoukha|71/100
|move|p2a: Ursaluna|Earthquake|p1a: Khoukha
|-supereffective|p1a: Khoukha
|-damage|p1a: Khoukha|0 fnt
|faint|p1a: Khoukha
|
|win|zawaluduo11
|raw|luxgia's rating: 1609 &rarr; <strong>1591</strong><br />(-18 for losing)
|raw|zawaluduo11's rating: 1652 &rarr; <strong>1670</strong><br />(+18 for winning)
|l| bloodhound q50
|l| Nitro611
|l|☆zawaluduo11
|player|p2|
