|j|☆mo007001
|j|☆gholdendigger
|t:|1760340231
|gametype|singles
|player|p1|mo007001|burglar|1129
|player|p2|gholdendigger|102|1142
|gen|9
|tier|[Gen 9] OU
|rated|
|rule|HP Percentage Mod: HP is shown in percentages
|rule|Endless Battle Clause: Forcing endless battles is banned
|rule|Species Clause: Limit one of each Pokémon
|rule|OHKO Clause: OHKO moves are banned
|rule|Evasion Items Clause: Evasion items are banned
|rule|Evasion Moves Clause: Evasion moves are banned
|rule|Evasion Abilities Clause: Evasion abilities are banned
|rule|Sleep Moves Clause: Sleep-inducing moves are banned
|clearpoke
|poke|p1|Ursaluna, F|
|poke|p1|Gumshoos, F|
|poke|p1|Lokix, F|
|poke|p1|Kingambit, M|
|poke|p1|Slowking-Galar, F|
|poke|p1|Skeledirge, F|
|poke|p2|Moltres|
|poke|p2|Zamazenta-*|
|poke|p2|Hydrapple, M|
|poke|p2|Ting-Lu|
|poke|p2|Tinkaton, F|
|poke|p2|Darkrai|
|teampreview
|
|t:|1760340243
|teamsize|p1|6
|teamsize|p2|6
|start
|switch|p1a: Gumshoos|Gumshoos, F|100/100
|switch|p2a: Tinkaton|Tinkaton, F|100/100
|-item|p2a: Tinkaton|Air Balloon
|turn|1
|
|t:|1760340251
|-singleturn|p1a: Gumshoos|move: Focus Punch
|move|p2a: Tinkaton|Stealth Rock|p1a: Gumshoos
|-sidestart|p1: mo007001|move: Stealth Rock
|move|p1a: Gumshoos|Focus Punch|p2a: Tinkaton
|-damage|p2a: Tinkaton|41/100
|-enditem|p2a: Tinkaton|Air Balloon
|-enditem|p1a: Gumshoos|Red Card|[silent]|[from] ability: Pickpocket|[of] p1a: Gumshoos
|-item|p2a: Tinkaton|Red Card|[from] ability: Pickpocket|[of] p1a: Gumshoos
|
|upkeep
|turn|2
|
|t:|1760340272
|switch|p1a: Lokix|Lokix, F|100/100
|-damage|p1a: Lokix|76/100|[from] Stealth Rock
|move|p2a: Tinkaton|Gigaton Hammer|p1a: Lokix
|-damage|p1a: Lokix|24/100
|
|upkeep
|turn|3
|
|t:|1760340284
|switch|p2a: Moltres|Moltres|100/100
|move|p1a: Lokix|First Impression|p2a: Moltres
|-resisted|p2a: Moltres
|-damage|p2a: Moltres|76/100
|
|upkeep
|turn|4
|
|t:|1760340298
|switch|p1a: Slowking|Slowking-Galar, F|100/100
|-damage|p1a: Slowking|88/100|[from] Stealth Rock
|move|p2a: Moltres|Flamethrower|p1a: Slowking
|-damage|p1a: Slowking|63/100
|-status|p1a: Slowking|brn
|
|-damage|p1a: Slowking|57/100 brn|[from] brn
|upkeep
|turn|5
|
|t:|1760340309
|move|p2a: Moltres|Roar|p1a: Slowking
|drag|p1a: Lokix|Lokix, F|24/100
|-damage|p1a: Lokix|0 fnt|[from] Stealth Rock
|faint|p1a: Lokix
|
|upkeep
|
|t:|1760340317
|switch|p1a: Slowking|Slowking-Galar, F|91/100 brn
|-damage|p1a: Slowking|78/100 brn|[from] Stealth Rock
|turn|6
|
|t:|1760340328
|move|p2a: Moltres|U-turn|p1a: Slowking
|-damage|p1a: Slowking|66/100 brn
|
|t:|1760340335
|switch|p2a: Tinkaton|Tinkaton, F|41/100|[from] U-turn
|move|p1a: Slowking|Trick Room|p1a: Slowking
|-fieldstart|move: Trick Room|[of] p1a: Slowking
|
|-damage|p1a: Slowking|60/100 brn|[from] brn
|upkeep
|turn|7
|
|t:|1760340360
|move|p1a: Slowking|Flamethrower|p2a: Tinkaton
|-supereffective|p2a: Tinkaton
|-damage|p2a: Tinkaton|0 fnt
|faint|p2a: Tinkaton
|
|-damage|p1a: Slowking|54/100 brn|[from] brn
|upkeep
|
|t:|1760340374
|switch|p2a: Hydrapple|Hydrapple, M|100/100
|turn|8
|
|t:|1760340392
|switch|p1a: Ursaluna|Ursaluna, F|100/100
|-damage|p1a: Ursaluna|94/100|[from] Stealth Rock
|move|p2a: Hydrapple|Nasty Plot|p2a: Hydrapple
|-boost|p2a: Hydrapple|spa|2
|
|-status|p1a: Ursaluna|brn|[from] item: Flame Orb
|upkeep
|turn|9
|
|t:|1760340404
|move|p2a: Hydrapple|Giga Drain|p1a: Ursaluna
|-supereffective|p1a: Ursaluna
|-damage|p1a: Ursaluna|0 fnt
|faint|p1a: Ursaluna
|
|upkeep
|
|t:|1760340410
|switch|p1a: Skeledirge|Skeledirge, F, shiny|100/100
|turn|10
|
|t:|1760340414
|move|p2a: Hydrapple|Earth Power|p1a: Skeledirge
|-supereffective|p1a: Skeledirge
|-damage|p1a: Skeledirge|53/100
|-unboost|p1a: Skeledirge|spd|1
|move|p1a: Skeledirge|Torch Song|p2a: Hydrapple
|-damage|p2a: Hydrapple|70/100
|-boost|p1a: Skeledirge|spa|1
|
|-fieldend|move: Trick Room
|upkeep
|turn|11
|
|t:|1760340440
|switch|p1a: Gumshoos|Gumshoos, F|100/100
|-damage|p1a: Gumshoos|88/100|[from] Stealth Rock
|move|p2a: Hydrapple|Fickle Beam|p1a: Gumshoos
|-damage|p1a: Gumshoos|0 fnt
|faint|p1a: Gumshoos
|
|upkeep
|
|t:|1760340450
|switch|p1a: Kingambit|Kingambit, M|100/100
|-damage|p1a: Kingambit|94/100|[from] Stealth Rock
|-activate|p1a: Kingambit|ability: Supreme Overlord
|-start|p1a: Kingambit|fallen3|[silent]
|-item|p1a: Kingambit|Air Balloon
|turn|12
|
|t:|1760340457
|move|p1a: Kingambit|Swords Dance|p1a: Kingambit
|-boost|p1a: Kingambit|atk|2
|move|p2a: Hydrapple|Earth Power|p1a: Kingambit
|-immune|p1a: Kingambit
|
|upkeep
|turn|13
|
|t:|1760340472
|move|p1a: Kingambit|Iron Head|p2a: Hydrapple
|-damage|p2a: Hydrapple|0 fnt
|faint|p2a: Hydrapple
|
|upkeep
|
|t:|1760340475
|switch|p2a: Zamazenta|Zamazenta|100/100
|-ability|p2a: Zamazenta|Dauntless Shield|boost
|-boost|p2a: Zamazenta|def|1
|turn|14
|
|t:|1760340481
|-end|p1a: Kingambit|fallen3|[silent]
|switch|p1a: Skeledirge|Skeledirge, F, shiny|53/100
|move|p2a: Zamazenta|Close Combat|p1a: Skeledirge
|-immune|p1a: Skeledirge
|
|upkeep
|turn|15
|
|t:|1760340495
|-terastallize|p2a: Zamazenta|Fire
|-terastallize|p1a: Skeledirge|Water
|move|p2a: Zamazenta|Stone Edge|p1a: Skeledirge
|-damage|p1a: Skeledirge|29/100
|move|p1a: Skeledirge|Will-O-Wisp|p2a: Zamazenta
|-immune|p2a: Zamazenta
|
|upkeep
|turn|16
|
|t:|1760340513
|move|p2a: Zamazenta|Close Combat|p1a: Skeledirge
|-damage|p1a: Skeledirge|0 fnt
|-unboost|p2a: Zamazenta|def|1
|-unboost|p2a: Zamazenta|spd|1
|faint|p1a: Skeledirge
|
|upkeep
|
|t:|1760340520
|switch|p1a: Slowking|Slowking-Galar, F|87/100 brn
|-damage|p1a: Slowking|75/100 brn|[from] Stealth Rock
|turn|17
|
|t:|1760340525
|switch|p2a: Ting-Lu|Ting-Lu|100/100
|-ability|p2a: Ting-Lu|Vessel of Ruin
|move|p1a: Slowking|Future Sight|p2a: Ting-Lu
|-start|p1a: Slowking|move: Future Sight
|
|-damage|p1a: Slowking|69/100 brn|[from] brn
|upkeep
|turn|18
|
|t:|1760340544
|move|p2a: Ting-Lu|Ruination|p1a: Slowking
|-damage|p1a: Slowking|35/100 brn
|-prepare|p1a: Slowking|Chilly Reception|[premajor]
|move|p1a: Slowking|Chilly Reception|p1a: Slowking
|-weather|Snowscape
|
|t:|1760340551
|switch|p1a: Kingambit|Kingambit, M|94/100|[from] Chilly Reception
|-damage|p1a: Kingambit|88/100|[from] Stealth Rock
|-activate|p1a: Kingambit|ability: Supreme Overlord
|-start|p1a: Kingambit|fallen4|[silent]
|-item|p1a: Kingambit|Air Balloon
|
|-weather|Snowscape|[upkeep]
|upkeep
|turn|19
|
|t:|1760340568
|move|p1a: Kingambit|Swords Dance|p1a: Kingambit
|-boost|p1a: Kingambit|atk|2
|move|p2a: Ting-Lu|Whirlwind|p1a: Kingambit
|-end|p1a: Kingambit|fallen4|[silent]
|drag|p1a: Slowking|Slowking-Galar, F|68/100 brn
|-damage|p1a: Slowking|56/100 brn|[from] Stealth Rock
|
|-weather|Snowscape|[upkeep]
|-end|p2a: Ting-Lu|move: Future Sight
|-immune|p2a: Ting-Lu
|-damage|p1a: Slowking|49/100 brn|[from] brn
|upkeep
|turn|20
|
|t:|1760340587
|move|p2a: Ting-Lu|Earthquake|p1a: Slowking
|-supereffective|p1a: Slowking
|-damage|p1a: Slowking|0 fnt
|faint|p1a: Slowking
|
|-weather|Snowscape|[upkeep]
|upkeep
|
|t:|1760340595
|switch|p1a: Kingambit|Kingambit, M|88/100
|-damage|p1a: Kingambit|82/100|[from] Stealth Rock
|-activate|p1a: Kingambit|ability: Supreme Overlord
|-start|p1a: Kingambit|fallen5|[silent]
|-item|p1a: Kingambit|Air Balloon
|turn|21
|
|t:|1760340602
|move|p1a: Kingambit|Swords Dance|p1a: Kingambit
|-boost|p1a: Kingambit|atk|2
|move|p2a: Ting-Lu|Ruination|p1a: Kingambit
|-damage|p1a: Kingambit|41/100
|-enditem|p1a: Kingambit|Air Balloon
|
|-weather|Snowscape|[upkeep]
|upkeep
|turn|22
|
|t:|1760340617
|move|p1a: Kingambit|Iron Head|p2a: Ting-Lu
|-damage|p2a: Ting-Lu|26/100
|move|p2a: Ting-Lu|Earthquake|p1a: Kingambit
|-supereffective|p1a: Kingambit
|-damage|p1a: Kingambit|0 fnt
|faint|p1a: Kingambit
|-end|p1a: Kingambit|fallen5|[silent]
|
|win|gholdendigger
|raw|mo007001's rating: 1129 &rarr; <strong>1105</strong><br />(-24 for losing)
|raw|gholdendigger's rating: 1142 &rarr; <strong>1166</strong><br />(+24 for winning)
|l|☆mo007001
|player|p1|
|l|☆gholdendigger
|player|p2|
