|j|☆jekporkins155
|j|☆lllongtoudishu
|t:|1760333815
|gametype|singles
|player|p1|jekporkins155|265|1237
|player|p2|lllongtoudishu|roxie|1195
|gen|9
|tier|[Gen 9] OU
|rated|
|rule|HP Percentage Mod: HP is shown in percentages
|rule|Endless Battle Clause: Forcing endless battles is banned
|rule|Species Clause: Limit one of each Pokémon
|rule|OHKO Clause: OHKO moves are banned
|rule|Evasion Items Clause: Evasion items are banned
|rule|Evasion Moves Clause: Evasion moves are banned
|rule|Evasion Abilities Clause: Evasion abilities are banned
|rule|Sleep Moves Clause: Sleep-inducing moves are banned
|clearpoke
|poke|p1|Galvantula, M|
|poke|p1|Cloyster, F|
|poke|p1|Great Tusk|
|poke|p1|Serperior, F|
|poke|p1|Kingambit, F|
|poke|p1|Dragonite, M|
|poke|p2|Araquanid, M|
|poke|p2|Gholdengo|
|poke|p2|Iron Treads|
|poke|p2|Raging Bolt|
|poke|p2|Iron Valiant|
|poke|p2|Dragonite, F|
|teampreview
|c|☆jekporkins155|good luck my friend
|
|t:|1760333824
|teamsize|p1|6
|teamsize|p2|6
|start
|switch|p1a: Galvantula|Galvantula, M|100/100
|switch|p2a: Araquanid|Araquanid, M|100/100
|turn|1
|
|t:|1760333831
|move|p1a: Galvantula|Thunder Wave|p2a: Araquanid
|-status|p2a: Araquanid|par
|move|p2a: Araquanid|Sticky Web|p1a: Galvantula
|-sidestart|p1: jekporkins155|move: Sticky Web
|
|upkeep
|turn|2
|
|t:|1760333845
|switch|p1a: Great Tusk|Great Tusk|100/100
|-activate|p1a: Great Tusk|move: Sticky Web
|-unboost|p1a: Great Tusk|spe|1
|-enditem|p1a: Great Tusk|Booster Energy
|-activate|p1a: Great Tusk|ability: Protosynthesis|[fromitem]
|-start|p1a: Great Tusk|protosynthesisdef
|switch|p2a: Raging Bolt|Raging Bolt|100/100
|-enditem|p2a: Raging Bolt|Booster Energy
|-activate|p2a: Raging Bolt|ability: Protosynthesis|[fromitem]
|-start|p2a: Raging Bolt|protosynthesisspa
|
|upkeep
|turn|3
|
|t:|1760333858
|-terastallize|p2a: Raging Bolt|Ghost
|move|p2a: Raging Bolt|Draco Meteor|p1a: Great Tusk
|-damage|p1a: Great Tusk|0 fnt
|-unboost|p2a: Raging Bolt|spa|2
|faint|p1a: Great Tusk
|-end|p1a: Great Tusk|Protosynthesis|[silent]
|
|upkeep
|
|t:|1760333869
|switch|p1a: Serperior|Serperior, F|100/100
|-activate|p1a: Serperior|move: Sticky Web
|-boost|p1a: Serperior|spe|1
|turn|4
|
|t:|1760333881
|-end|p2a: Raging Bolt|Protosynthesis|[silent]
|switch|p2a: Dragonite|Dragonite, F|100/100
|move|p1a: Serperior|Glare|p2a: Dragonite
|-status|p2a: Dragonite|par
|
|upkeep
|turn|5
|
|t:|1760333889
|move|p1a: Serperior|Substitute|p1a: Serperior
|-start|p1a: Serperior|Substitute
|-damage|p1a: Serperior|75/100
|move|p2a: Dragonite|Fire Punch|p1a: Serperior
|-supereffective|p1a: Serperior
|-end|p1a: Serperior|Substitute
|
|-heal|p1a: Serperior|82/100|[from] item: Leftovers
|upkeep
|turn|6
|
|t:|1760333898
|move|p1a: Serperior|Substitute|p1a: Serperior
|-start|p1a: Serperior|Substitute
|-damage|p1a: Serperior|57/100
|move|p2a: Dragonite|Fire Punch|p1a: Serperior
|-supereffective|p1a: Serperior
|-end|p1a: Serperior|Substitute
|
|-heal|p1a: Serperior|63/100|[from] item: Leftovers
|upkeep
|turn|7
|
|t:|1760333907
|move|p1a: Serperior|Substitute|p1a: Serperior
|-start|p1a: Serperior|Substitute
|-damage|p1a: Serperior|38/100
|move|p2a: Dragonite|Fire Punch|p1a: Serperior
|-supereffective|p1a: Serperior
|-end|p1a: Serperior|Substitute
|
|-heal|p1a: Serperior|44/100|[from] item: Leftovers
|upkeep
|turn|8
|
|t:|1760333920
|move|p1a: Serperior|Substitute|p1a: Serperior
|-start|p1a: Serperior|Substitute
|-damage|p1a: Serperior|19/100
|cant|p2a: Dragonite|par
|
|-heal|p1a: Serperior|25/100|[from] item: Leftovers
|upkeep
|turn|9
|
|t:|1760333928
|move|p1a: Serperior|Leech Seed|p2a: Dragonite
|-start|p2a: Dragonite|move: Leech Seed
|cant|p2a: Dragonite|par
|
|-heal|p1a: Serperior|31/100|[from] item: Leftovers
|-damage|p2a: Dragonite|88/100 par|[from] Leech Seed|[of] p1a: Serperior
|-heal|p1a: Serperior|45/100|[silent]
|upkeep
|turn|10
|
|t:|1760333938
|move|p1a: Serperior|Leaf Storm|p2a: Dragonite
|-resisted|p2a: Dragonite
|-damage|p2a: Dragonite|79/100 par
|-boost|p1a: Serperior|spa|2
|cant|p2a: Dragonite|par
|
|-heal|p1a: Serperior|51/100|[from] item: Leftovers
|-damage|p2a: Dragonite|66/100 par|[from] Leech Seed|[of] p1a: Serperior
|-heal|p1a: Serperior|65/100|[silent]
|upkeep
|turn|11
|
|t:|1760333953
|move|p1a: Serperior|Leaf Storm|p2a: Dragonite
|-resisted|p2a: Dragonite
|-damage|p2a: Dragonite|48/100 par
|-boost|p1a: Serperior|spa|2
|move|p2a: Dragonite|Scale Shot|p1a: Serperior
|-activate|p1a: Serperior|move: Substitute|[damage]
|-end|p1a: Serperior|Substitute
|-damage|p1a: Serperior|48/100
|-damage|p1a: Serperior|30/100
|-hitcount|p1a: Serperior|4
|-unboost|p2a: Dragonite|def|1
|-boost|p2a: Dragonite|spe|1
|
|-heal|p1a: Serperior|36/100|[from] item: Leftovers
|-damage|p2a: Dragonite|36/100 par|[from] Leech Seed|[of] p1a: Serperior
|-heal|p1a: Serperior|50/100|[silent]
|upkeep
|turn|12
|
|t:|1760333972
|move|p1a: Serperior|Substitute|p1a: Serperior
|-start|p1a: Serperior|Substitute
|-damage|p1a: Serperior|25/100
|move|p2a: Dragonite|Scale Shot|p1a: Serperior
|-activate|p1a: Serperior|move: Substitute|[damage]
|-end|p1a: Serperior|Substitute
|-damage|p1a: Serperior|6/100
|-damage|p1a: Serperior|0 fnt
|faint|p1a: Serperior
|-hitcount|p1: Serperior|4
|-unboost|p2a: Dragonite|def|1
|-boost|p2a: Dragonite|spe|1
|
|upkeep
|
|t:|1760333986
|switch|p1a: Galvantula|Galvantula, M|100/100
|-activate|p1a: Galvantula|move: Sticky Web
|-unboost|p1a: Galvantula|spe|1
|turn|13
|
|t:|1760333992
|move|p2a: Dragonite|Fire Punch|p1a: Galvantula
|-supereffective|p1a: Galvantula
|-enditem|p1a: Galvantula|Focus Sash
|-damage|p1a: Galvantula|1/100
|move|p1a: Galvantula|Sticky Web|p2a: Dragonite
|-sidestart|p2: lllongtoudishu|move: Sticky Web
|
|-damage|p2a: Dragonite|24/100 par|[from] Leech Seed|[of] p1a: Galvantula
|-heal|p1a: Galvantula|15/100|[silent]
|upkeep
|turn|14
|
|t:|1760334003
|move|p2a: Dragonite|Fire Punch|p1a: Galvantula
|-supereffective|p1a: Galvantula
|-damage|p1a: Galvantula|0 fnt
|faint|p1a: Galvantula
|
|upkeep
|
|t:|1760334007
|switch|p1a: Dragonite|Dragonite, M|100/100
|turn|15
|
|t:|1760334018
|move|p1a: Dragonite|Dragon Dance|p1a: Dragonite
|-boost|p1a: Dragonite|atk|1
|-boost|p1a: Dragonite|spe|1
|cant|p2a: Dragonite|par
|
|-damage|p2a: Dragonite|11/100 par|[from] Leech Seed|[of] p1a: Dragonite
|upkeep
|turn|16
|
|t:|1760334027
|move|p1a: Dragonite|Fire Punch|p2a: Dragonite
|-resisted|p2a: Dragonite
|-damage|p2a: Dragonite|0 fnt
|faint|p2a: Dragonite
|
|upkeep
|
|t:|1760334037
|switch|p2a: Raging Bolt|Raging Bolt, tera:Ghost|100/100
|-activate|p2a: Raging Bolt|move: Sticky Web
|-unboost|p2a: Raging Bolt|spe|1
|turn|17
|
|t:|1760334045
|move|p2a: Raging Bolt|Thunderclap|p1a: Dragonite
|-damage|p1a: Dragonite|77/100
|move|p1a: Dragonite|Earthquake|p2a: Raging Bolt
|-damage|p2a: Raging Bolt|46/100
|
|-heal|p1a: Dragonite|84/100|[from] item: Leftovers
|upkeep
|turn|18
|
|t:|1760334063
|-end|p2a: Raging Bolt|Protosynthesis|[silent]
|switch|p2a: Iron Valiant|Iron Valiant|100/100
|-activate|p2a: Iron Valiant|move: Sticky Web
|-unboost|p2a: Iron Valiant|spe|1
|-enditem|p2a: Iron Valiant|Booster Energy
|-activate|p2a: Iron Valiant|ability: Quark Drive|[fromitem]
|-start|p2a: Iron Valiant|quarkdrivespa
|-terastallize|p1a: Dragonite|Dragon
|move|p1a: Dragonite|Earthquake|p2a: Iron Valiant
|-crit|p2a: Iron Valiant
|-damage|p2a: Iron Valiant|0 fnt
|faint|p2a: Iron Valiant
|-end|p2a: Iron Valiant|Quark Drive|[silent]
|
|-heal|p1a: Dragonite|90/100|[from] item: Leftovers
|upkeep
|
|t:|1760334084
|switch|p2a: Gholdengo|Gholdengo|100/100
|-item|p2a: Gholdengo|Air Balloon
|turn|19
|
|t:|1760334089
|move|p1a: Dragonite|Fire Punch|p2a: Gholdengo
|-supereffective|p2a: Gholdengo
|-damage|p2a: Gholdengo|0 fnt
|-enditem|p2a: Gholdengo|Air Balloon
|faint|p2a: Gholdengo
|
|-heal|p1a: Dragonite|96/100|[from] item: Leftovers
|upkeep
|
|t:|1760334098
|switch|p2a: Raging Bolt|Raging Bolt, tera:Ghost|46/100
|-activate|p2a: Raging Bolt|move: Sticky Web
|-unboost|p2a: Raging Bolt|spe|1
|turn|20
|
|t:|1760334103
|move|p1a: Dragonite|Earthquake|p2a: Raging Bolt
|-damage|p2a: Raging Bolt|0 fnt
|faint|p2a: Raging Bolt
|-end|p2a: Raging Bolt|Protosynthesis|[silent]
|
|-heal|p1a: Dragonite|100/100|[from] item: Leftovers
|upkeep
|-message|lllongtoudishu forfeited.
|
|win|jekporkins155
|raw|jekporkins155's rating: 1237 &rarr; <strong>1259</strong><br />(+22 for winning)
|raw|lllongtoudishu's rating: 1195 &rarr; <strong>1173</strong><br />(-22 for losing)
|l|☆lllongtoudishu
|player|p2|
|l|☆jekporkins155
|player|p1|
