|j|☆gxbas12
|j|☆wyyxhsgsnd
|t:|1760439750
|gametype|singles
|player|p1|gxbas12|birdkeeper-gen4dp|1166
|player|p2|wyyxhsgsnd|madame-gen4dp|1189
|gen|9
|tier|[Gen 9] OU
|rated|
|rule|HP Percentage Mod: HP is shown in percentages
|rule|Endless Battle Clause: Forcing endless battles is banned
|rule|Species Clause: Limit one of each Pokémon
|rule|OHKO Clause: OHKO moves are banned
|rule|Evasion Items Clause: Evasion items are banned
|rule|Evasion Moves Clause: Evasion moves are banned
|rule|Evasion Abilities Clause: Evasion abilities are banned
|rule|Sleep Moves Clause: Sleep-inducing moves are banned
|clearpoke
|poke|p1|Serperior, M|
|poke|p1|Iron Moth|
|poke|p1|Snorlax, M|
|poke|p1|Kyurem|
|poke|p1|Revavroom, F|
|poke|p1|Inteleon, F|
|poke|p2|Charizard, M|
|poke|p2|Lycanroc-Dusk, M|
|poke|p2|Blaziken, M|
|poke|p2|Iron Crown|
|poke|p2|Darkrai|
|poke|p2|Great Tusk|
|teampreview
|
|t:|1760439755
|teamsize|p1|6
|teamsize|p2|6
|start
|switch|p1a: Seri|Serperior, M|100/100
|switch|p2a: Lycanroc|Lycanroc-Dusk, M|100/100
|turn|1
|
|t:|1760439759
|move|p2a: Lycanroc|Endeavor|p1a: Seri
|-damage|p1a: Seri|83/100
|move|p1a: Seri|Leaf Storm|p2a: Lycanroc
|-supereffective|p2a: Lycanroc
|-enditem|p2a: Lycanroc|Focus Sash
|-damage|p2a: Lycanroc|1/100
|-boost|p1a: Seri|spa|2
|
|upkeep
|turn|2
|
|t:|1760439769
|move|p2a: Lycanroc|Endeavor|p1a: Seri
|-damage|p1a: Seri|1/100
|move|p1a: Seri|Leaf Storm|p2a: Lycanroc
|-supereffective|p2a: Lycanroc
|-damage|p2a: Lycanroc|0 fnt
|-boost|p1a: Seri|spa|2
|faint|p2a: Lycanroc
|
|upkeep
|
|t:|1760439772
|switch|p2a: Darkrai|Darkrai|100/100
|turn|3
|
|t:|1760439783
|move|p2a: Darkrai|Dark Pulse|p1a: Seri
|-damage|p1a: Seri|0 fnt
|faint|p1a: Seri
|
|upkeep
|inactive|Battle timer is ON: inactive players will automatically lose when time's up. (requested by wyyxhsgsnd)
|
|t:|1760439804
|switch|p1a: Revavroom|Revavroom, F|100/100
|turn|4
|
|t:|1760439811
|move|p2a: Darkrai|Dark Pulse|p1a: Revavroom
|-damage|p1a: Revavroom|54/100
|move|p1a: Revavroom|Toxic Spikes|p2a: Darkrai
|-sidestart|p2: wyyxhsgsnd|move: Toxic Spikes
|
|-heal|p1a: Revavroom|60/100|[from] item: Leftovers
|upkeep
|turn|5
|
|t:|1760439816
|move|p2a: Darkrai|Dark Pulse|p1a: Revavroom
|-damage|p1a: Revavroom|7/100
|move|p1a: Revavroom|Toxic Spikes|p2a: Darkrai
|-sidestart|p2: wyyxhsgsnd|move: Toxic Spikes
|
|-heal|p1a: Revavroom|13/100|[from] item: Leftovers
|upkeep
|turn|6
|
|t:|1760439820
|move|p2a: Darkrai|Dark Pulse|p1a: Revavroom
|-damage|p1a: Revavroom|0 fnt
|faint|p1a: Revavroom
|
|upkeep
|
|t:|1760439831
|switch|p1a: Kyurem|Kyurem, shiny|100/100
|-ability|p1a: Kyurem|Pressure
|turn|7
|
|t:|1760439835
|move|p2a: Darkrai|Dark Pulse|p1a: Kyurem
|-damage|p1a: Kyurem|63/100
|move|p1a: Kyurem|Dragon Dance|p1a: Kyurem
|-boost|p1a: Kyurem|atk|1
|-boost|p1a: Kyurem|spe|1
|
|upkeep
|turn|8
|
|t:|1760439843
|move|p2a: Darkrai|Dark Pulse|p1a: Kyurem
|-damage|p1a: Kyurem|27/100
|move|p1a: Kyurem|Dragon Dance|p1a: Kyurem
|-boost|p1a: Kyurem|atk|1
|-boost|p1a: Kyurem|spe|1
|
|upkeep
|turn|9
|
|t:|1760439850
|move|p1a: Kyurem|Scale Shot|p2a: Darkrai
|-damage|p2a: Darkrai|66/100
|-damage|p2a: Darkrai|32/100
|-damage|p2a: Darkrai|0 fnt
|faint|p2a: Darkrai
|-hitcount|p2: Darkrai|3
|-unboost|p1a: Kyurem|def|1
|-boost|p1a: Kyurem|spe|1
|
|upkeep
|-message|wyyxhsgsnd forfeited.
|
|win|gxbas12
|raw|gxbas12's rating: 1166 &rarr; <strong>1193</strong><br />(+27 for winning)
|raw|wyyxhsgsnd's rating: 1189 &rarr; <strong>1162</strong><br />(-27 for losing)
|l|☆wyyxhsgsnd
|player|p2|
|l|☆gxbas12
|player|p1|
