|j|☆saber nbnbnb
|j|☆peach boy test
|t:|1760343684
|gametype|singles
|player|p1|saber nbnbnb|bruno|1286
|player|p2|peach boy test|drayden|1222
|gen|9
|tier|[Gen 9] OU
|rated|
|rule|HP Percentage Mod: HP is shown in percentages
|rule|Endless Battle Clause: Forcing endless battles is banned
|rule|Species Clause: Limit one of each Pokémon
|rule|OHKO Clause: OHKO moves are banned
|rule|Evasion Items Clause: Evasion items are banned
|rule|Evasion Moves Clause: Evasion moves are banned
|rule|Evasion Abilities Clause: Evasion abilities are banned
|rule|Sleep Moves Clause: Sleep-inducing moves are banned
|clearpoke
|poke|p1|Ceruledge, M|
|poke|p1|Torkoal, M|
|poke|p1|Corviknight, F|
|poke|p1|Great Tusk|
|poke|p1|Lilligant-Hisui, F|
|poke|p1|Walking Wake|
|poke|p2|Iron Hands|
|poke|p2|Moltres|
|poke|p2|Oricorio-Sensu, F|
|poke|p2|Weezing-Galar, F|
|poke|p2|Garchomp, F|
|poke|p2|Lokix, M|
|teampreview
|inactive|Battle timer is ON: inactive players will automatically lose when time's up. (requested by peach boy test)
|
|t:|1760343708
|teamsize|p1|6
|teamsize|p2|6
|start
|switch|p1a: 喷火发射器|Torkoal, M|100/100
|switch|p2a: Garth Champ|Garchomp, F|100/100
|-weather|SunnyDay|[from] ability: Drought|[of] p1a: 喷火发射器
|turn|1
|c|☆peach boy test|glhf
|
|t:|1760343721
|move|p2a: Garth Champ|Earthquake|p1a: 喷火发射器
|-supereffective|p1a: 喷火发射器
|-damage|p1a: 喷火发射器|50/100
|move|p1a: 喷火发射器|Stealth Rock|p2a: Garth Champ
|-sidestart|p2: peach boy test|move: Stealth Rock
|
|-weather|SunnyDay|[upkeep]
|upkeep
|turn|2
|
|t:|1760343728
|switch|p1a: Corviknight|Corviknight, F|100/100
|move|p2a: Garth Champ|Stealth Rock|p1a: Corviknight
|-sidestart|p1: saber nbnbnb|move: Stealth Rock
|
|-weather|SunnyDay|[upkeep]
|upkeep
|turn|3
|
|t:|1760343745
|move|p2a: Garth Champ|Spikes|p1a: Corviknight
|-sidestart|p1: saber nbnbnb|Spikes
|move|p1a: Corviknight|Iron Defense|p1a: Corviknight
|-boost|p1a: Corviknight|def|2
|
|-weather|SunnyDay|[upkeep]
|upkeep
|turn|4
|
|t:|1760343759
|move|p2a: Garth Champ|Spikes|p1a: Corviknight
|-sidestart|p1: saber nbnbnb|Spikes
|move|p1a: Corviknight|Iron Defense|p1a: Corviknight
|-boost|p1a: Corviknight|def|2
|
|-weather|SunnyDay|[upkeep]
|upkeep
|turn|5
|
|t:|1760343762
|move|p1a: Corviknight|Iron Defense|p1a: Corviknight
|-boost|p1a: Corviknight|def|2
|move|p2a: Garth Champ|Dragon Tail|p1a: Corviknight
|-resisted|p1a: Corviknight
|-damage|p1a: Corviknight|98/100
|-damage|p2a: Garth Champ|84/100|[from] item: Rocky Helmet|[of] p1a: Corviknight
|drag|p1a: 暴力姐|Lilligant-Hisui, F, shiny|100/100
|-damage|p1a: 暴力姐|94/100|[from] Stealth Rock
|-damage|p1a: 暴力姐|78/100|[from] Spikes
|
|-weather|SunnyDay|[upkeep]
|upkeep
|turn|6
|
|t:|1760343772
|move|p1a: 暴力姐|Triple Axel|p2a: Garth Champ
|-supereffective|p2a: Garth Champ
|-damage|p2a: Garth Champ|60/100
|-damage|p1a: 暴力姐|66/100|[from] ability: Rough Skin|[of] p2a: Garth Champ
|-damage|p1a: 暴力姐|49/100|[from] item: Rocky Helmet|[of] p2a: Garth Champ
|-supereffective|p2a: Garth Champ
|-damage|p2a: Garth Champ|18/100
|-damage|p1a: 暴力姐|37/100|[from] ability: Rough Skin|[of] p2a: Garth Champ
|-damage|p1a: 暴力姐|21/100|[from] item: Rocky Helmet|[of] p2a: Garth Champ
|-supereffective|p2a: Garth Champ
|-damage|p2a: Garth Champ|0 fnt
|-damage|p1a: 暴力姐|8/100|[from] ability: Rough Skin|[of] p2a: Garth Champ
|-damage|p1a: 暴力姐|0 fnt|[from] item: Rocky Helmet|[of] p2a: Garth Champ
|faint|p2a: Garth Champ
|faint|p1a: 暴力姐
|-hitcount|p2: Garth Champ|3
|
|-weather|SunnyDay|[upkeep]
|upkeep
|
|t:|1760343797
|switch|p1a: 溜了溜了|Great Tusk|100/100
|switch|p2a: trawl mez|Moltres|100/100
|-damage|p1a: 溜了溜了|98/100|[from] Stealth Rock
|-damage|p1a: 溜了溜了|81/100|[from] Spikes
|-activate|p1a: 溜了溜了|ability: Protosynthesis
|-start|p1a: 溜了溜了|protosynthesisatk
|turn|7
|
|t:|1760343800
|switch|p2a: Ollie Corio|Oricorio-Sensu, F|100/100
|-damage|p2a: Ollie Corio|76/100|[from] Stealth Rock
|move|p1a: 溜了溜了|Rapid Spin|p2a: Ollie Corio
|-immune|p2a: Ollie Corio
|
|-weather|SunnyDay|[upkeep]
|upkeep
|turn|8
|
|t:|1760343805
|move|p1a: 溜了溜了|Knock Off|p2a: Ollie Corio
|-supereffective|p2a: Ollie Corio
|-damage|p2a: Ollie Corio|0 fnt
|-damage|p1a: 溜了溜了|65/100|[from] item: Rocky Helmet|[of] p2a: Ollie Corio
|-enditem|p2a: Ollie Corio|Rocky Helmet|[from] move: Knock Off|[of] p1a: 溜了溜了
|faint|p2a: Ollie Corio
|
|-weather|none
|-end|p1a: 溜了溜了|Protosynthesis
|upkeep
|
|t:|1760343813
|switch|p2a: Ramen Kaider|Lokix, M|100/100
|-damage|p2a: Ramen Kaider|76/100|[from] Stealth Rock
|turn|9
|
|t:|1760343816
|-terastallize|p2a: Ramen Kaider|Bug
|move|p2a: Ramen Kaider|First Impression|p1a: 溜了溜了
|-resisted|p1a: 溜了溜了
|-damage|p1a: 溜了溜了|17/100
|move|p1a: 溜了溜了|Rapid Spin|p2a: Ramen Kaider
|-damage|p2a: Ramen Kaider|48/100
|-boost|p1a: 溜了溜了|spe|1
|-sideend|p1: saber nbnbnb|Spikes|[from] move: Rapid Spin|[of] p1a: 溜了溜了
|-sideend|p1: saber nbnbnb|Stealth Rock|[from] move: Rapid Spin|[of] p1a: 溜了溜了
|
|upkeep
|turn|10
|
|t:|1760343823
|move|p2a: Ramen Kaider|Sucker Punch|p1a: 溜了溜了
|-resisted|p1a: 溜了溜了
|-damage|p1a: 溜了溜了|0 fnt
|faint|p1a: 溜了溜了
|-end|p1a: 溜了溜了|Protosynthesis|[silent]
|
|upkeep
|
|t:|1760343825
|switch|p1a: 喷火发射器|Torkoal, M|50/100
|-weather|SunnyDay|[from] ability: Drought|[of] p1a: 喷火发射器
|turn|11
|
|t:|1760343828
|move|p2a: Ramen Kaider|U-turn|p1a: 喷火发射器
|-resisted|p1a: 喷火发射器
|-damage|p1a: 喷火发射器|20/100
|
|t:|1760343831
|switch|p2a: walling Geezer|Weezing-Galar, F|100/100|[from] U-turn
|-ability|p2a: walling Geezer|Neutralizing Gas
|move|p1a: 喷火发射器|Will-O-Wisp|p2a: walling Geezer
|-status|p2a: walling Geezer|brn
|
|-weather|SunnyDay|[upkeep]
|-damage|p2a: walling Geezer|95/100 brn|[from] brn
|upkeep
|turn|12
|
|t:|1760343845
|move|p2a: walling Geezer|Defog|p1a: 喷火发射器
|-unboost|p1a: 喷火发射器|evasion|1
|-sideend|p2: peach boy test|Stealth Rock|[from] move: Defog|[of] p2a: walling Geezer
|move|p1a: 喷火发射器|Rapid Spin|p2a: walling Geezer
|-damage|p2a: walling Geezer|88/100 brn
|-boost|p1a: 喷火发射器|spe|1
|
|-weather|SunnyDay|[upkeep]
|-damage|p2a: walling Geezer|82/100 brn|[from] brn
|upkeep
|turn|13
|
|t:|1760343851
|move|p2a: walling Geezer|Strange Steam|p1a: 喷火发射器
|-resisted|p1a: 喷火发射器
|-damage|p1a: 喷火发射器|3/100
|move|p1a: 喷火发射器|Stealth Rock|p2a: walling Geezer
|-sidestart|p2: peach boy test|move: Stealth Rock
|
|-weather|SunnyDay|[upkeep]
|-damage|p2a: walling Geezer|76/100 brn|[from] brn
|upkeep
|turn|14
|
|t:|1760343855
|move|p2a: walling Geezer|Defog|p1a: 喷火发射器
|-unboost|p1a: 喷火发射器|evasion|1
|-sideend|p2: peach boy test|Stealth Rock|[from] move: Defog|[of] p2a: walling Geezer
|move|p1a: 喷火发射器|Rapid Spin|p2a: walling Geezer
|-damage|p2a: walling Geezer|70/100 brn
|-boost|p1a: 喷火发射器|spe|1
|
|-weather|SunnyDay|[upkeep]
|-damage|p2a: walling Geezer|64/100 brn|[from] brn
|upkeep
|turn|15
|
|t:|1760343857
|move|p2a: walling Geezer|Strange Steam|p1a: 喷火发射器
|-resisted|p1a: 喷火发射器
|-damage|p1a: 喷火发射器|0 fnt
|faint|p1a: 喷火发射器
|
|-weather|SunnyDay|[upkeep]
|-damage|p2a: walling Geezer|58/100 brn|[from] brn
|upkeep
|
|t:|1760343860
|switch|p1a: 收割机器|Walking Wake|100/100
|turn|16
|
|t:|1760343870
|-terastallize|p1a: 收割机器|Water
|move|p1a: 收割机器|Hydro Steam|p2a: walling Geezer
|-damage|p2a: walling Geezer|0 fnt
|faint|p2a: walling Geezer
|-end|p2a: walling Geezer|ability: Neutralizing Gas
|-activate|p1a: 收割机器|ability: Protosynthesis
|-start|p1a: 收割机器|protosynthesisspe
|
|-weather|SunnyDay|[upkeep]
|upkeep
|
|t:|1760343876
|switch|p2a: Brian Hands|Iron Hands|100/100
|-enditem|p2a: Brian Hands|Booster Energy
|-activate|p2a: Brian Hands|ability: Quark Drive|[fromitem]
|-start|p2a: Brian Hands|quarkdriveatk
|turn|17
|
|t:|1760343878
|move|p1a: 收割机器|Hydro Steam|p2a: Brian Hands
|-damage|p2a: Brian Hands|1/100
|move|p2a: Brian Hands|Thunder Punch|p1a: 收割机器
|-supereffective|p1a: 收割机器
|-damage|p1a: 收割机器|0 fnt
|faint|p1a: 收割机器
|-end|p1a: 收割机器|Protosynthesis|[silent]
|
|-weather|SunnyDay|[upkeep]
|upkeep
|
|t:|1760343881
|switch|p1a: 同命机器|Ceruledge, M|100/100
|turn|18
|
|t:|1760343887
|move|p1a: 同命机器|Shadow Sneak|p2a: Brian Hands
|-damage|p2a: Brian Hands|0 fnt
|faint|p2a: Brian Hands
|-end|p2a: Brian Hands|Quark Drive|[silent]
|
|-weather|none
|upkeep
|
|t:|1760343888
|switch|p2a: Ramen Kaider|Lokix, M, tera:Bug|48/100
|turn|19
|
|t:|1760343912
|move|p2a: Ramen Kaider|Sucker Punch|p1a: 同命机器
|-supereffective|p1a: 同命机器
|-enditem|p1a: 同命机器|Focus Sash
|-damage|p1a: 同命机器|1/100
|-ability|p1a: 同命机器|Weak Armor|boost
|-unboost|p1a: 同命机器|def|1
|-boost|p1a: 同命机器|spe|2
|move|p1a: 同命机器|Bitter Blade|p2a: Ramen Kaider
|-supereffective|p2a: Ramen Kaider
|-damage|p2a: Ramen Kaider|0 fnt
|-heal|p1a: 同命机器|24/100|[from] drain|[of] p2a: Ramen Kaider
|faint|p2a: Ramen Kaider
|
|upkeep
|
|t:|1760343915
|switch|p2a: trawl mez|Moltres|100/100
|turn|20
|
|t:|1760343920
|move|p1a: 同命机器|Destiny Bond|p1a: 同命机器
|-singlemove|p1a: 同命机器|Destiny Bond
|move|p2a: trawl mez|Roar|p1a: 同命机器
|drag|p1a: Corviknight|Corviknight, F|98/100
|
|upkeep
|turn|21
|
|t:|1760343925
|move|p2a: trawl mez|Flamethrower|p1a: Corviknight
|-supereffective|p1a: Corviknight
|-damage|p1a: Corviknight|30/100
|move|p1a: Corviknight|Body Press|p2a: trawl mez
|-resisted|p2a: trawl mez
|-damage|p2a: trawl mez|92/100
|
|upkeep
|turn|22
|
|t:|1760343931
|move|p2a: trawl mez|Flamethrower|p1a: Corviknight
|-supereffective|p1a: Corviknight
|-damage|p1a: Corviknight|0 fnt
|faint|p1a: Corviknight
|
|upkeep
|
|t:|1760343932
|switch|p1a: 同命机器|Ceruledge, M|24/100
|turn|23
|
|t:|1760343937
|move|p1a: 同命机器|Destiny Bond|p1a: 同命机器
|-singlemove|p1a: 同命机器|Destiny Bond
|move|p2a: trawl mez|U-turn|p1a: 同命机器
|-resisted|p1a: 同命机器
|-damage|p1a: 同命机器|19/100
|-ability|p1a: 同命机器|Weak Armor|boost
|-unboost|p1a: 同命机器|def|1
|-boost|p1a: 同命机器|spe|2
|
|upkeep
|turn|24
|
|t:|1760343956
|move|p1a: 同命机器|Swords Dance|p1a: 同命机器
|-boost|p1a: 同命机器|atk|2
|move|p2a: trawl mez|Flamethrower|p1a: 同命机器
|-resisted|p1a: 同命机器
|-damage|p1a: 同命机器|0 fnt
|faint|p1a: 同命机器
|
|win|peach boy test
|raw|saber nbnbnb's rating: 1286 &rarr; <strong>1256</strong><br />(-30 for losing)
|raw|peach boy test's rating: 1222 &rarr; <strong>1252</strong><br />(+30 for winning)
|c|☆peach boy test|gg
|l|☆saber nbnbnb
|player|p1|
|l|☆peach boy test
|player|p2|
