|j|☆LX1987
|j|☆papagoi19
|t:|1760455809
|gametype|singles
|player|p1|LX1987|266|1429
|player|p2|papagoi19|gentleman-gen4|1407
|gen|9
|tier|[Gen 9] OU
|rated|
|rule|HP Percentage Mod: HP is shown in percentages
|rule|Endless Battle Clause: Forcing endless battles is banned
|rule|Species Clause: Limit one of each Pokémon
|rule|OHKO Clause: OHKO moves are banned
|rule|Evasion Items Clause: Evasion items are banned
|rule|Evasion Moves Clause: Evasion moves are banned
|rule|Evasion Abilities Clause: Evasion abilities are banned
|rule|Sleep Moves Clause: Sleep-inducing moves are banned
|clearpoke
|poke|p1|Salamence, M|
|poke|p1|Palossand, M|
|poke|p1|Slaking, M|
|poke|p1|Gliscor, F|
|poke|p1|Iron Moth|
|poke|p1|Glimmora, M|
|poke|p2|Dragapult, M|
|poke|p2|Clefable, F|
|poke|p2|Gliscor, M|
|poke|p2|Samurott-Hisui, M|
|poke|p2|Iron Treads|
|poke|p2|Slowking-Galar, M|
|teampreview
|inactive|Battle timer is ON: inactive players will automatically lose when time's up. (requested by LX1987)
|
|t:|1760455827
|teamsize|p1|6
|teamsize|p2|6
|start
|switch|p1a: Slaking|Slaking, M|100/100
|switch|p2a: Samurott|Samurott-Hisui, M, shiny|100/100
|turn|1
|
|t:|1760455835
|switch|p2a: Dragapult|Dragapult, M, shiny|100/100
|move|p1a: Slaking|Giga Impact|p2a: Dragapult
|-immune|p2a: Dragapult
|
|upkeep
|turn|2
|
|t:|1760455849
|switch|p2a: Iron Treads|Iron Treads, shiny|100/100
|-enditem|p2a: Iron Treads|Booster Energy
|-activate|p2a: Iron Treads|ability: Quark Drive|[fromitem]
|-start|p2a: Iron Treads|quarkdriveatk
|switch|p1a: Glimmora|Glimmora, M|100/100
|
|upkeep
|turn|3
|
|t:|1760455862
|move|p2a: Iron Treads|Rapid Spin|p1a: Glimmora
|-resisted|p1a: Glimmora
|-damage|p1a: Glimmora|86/100
|-boost|p2a: Iron Treads|spe|1
|-activate|p1a: Glimmora|ability: Toxic Debris
|-sidestart|p2: papagoi19|move: Toxic Spikes
|-sideend|p2: papagoi19|Toxic Spikes|[from] move: Rapid Spin|[of] p2a: Iron Treads
|move|p1a: Glimmora|Stealth Rock|p2a: Iron Treads
|-sidestart|p2: papagoi19|move: Stealth Rock
|
|upkeep
|turn|4
|
|t:|1760455871
|switch|p1a: Palossand|Palossand, M|100/100
|move|p2a: Iron Treads|Earthquake|p1a: Palossand
|-damage|p1a: Palossand|38/100
|
|upkeep
|turn|5
|inactive|papagoi19 has 120 seconds left.
|inactive|papagoi19 has 90 seconds left.
|
|t:|1760455955
|-terastallize|p1a: Palossand|Grass
|move|p2a: Iron Treads|Earthquake|p1a: Palossand
|-resisted|p1a: Palossand
|-damage|p1a: Palossand|10/100
|move|p1a: Palossand|Giga Drain|p2a: Iron Treads
|-damage|p2a: Iron Treads|63/100
|-heal|p1a: Palossand|30/100|[from] drain|[of] p2a: Iron Treads
|
|upkeep
|turn|6
|
|t:|1760455968
|move|p2a: Iron Treads|Stone Edge|p1a: Palossand
|-damage|p1a: Palossand|0 fnt
|faint|p1a: Palossand
|
|upkeep
|
|t:|1760455974
|switch|p1a: Gliscor|Gliscor, F|100/100
|turn|7
|
|t:|1760455982
|move|p2a: Iron Treads|Stone Edge|p1a: Gliscor
|-damage|p1a: Gliscor|64/100
|move|p1a: Gliscor|Swords Dance|p1a: Gliscor
|-boost|p1a: Gliscor|atk|2
|
|-status|p1a: Gliscor|tox|[from] item: Toxic Orb
|upkeep
|turn|8
|
|t:|1760455991
|move|p2a: Iron Treads|Stone Edge|p1a: Gliscor
|-damage|p1a: Gliscor|27/100 tox
|move|p1a: Gliscor|Earthquake|p2a: Iron Treads
|-supereffective|p2a: Iron Treads
|-damage|p2a: Iron Treads|0 fnt
|faint|p2a: Iron Treads
|-end|p2a: Iron Treads|Quark Drive|[silent]
|
|-heal|p1a: Gliscor|40/100 tox|[from] ability: Poison Heal
|upkeep
|inactive|papagoi19 has 90 seconds left.
|
|t:|1760456003
|switch|p2a: Dragapult|Dragapult, M, shiny|100/100
|-damage|p2a: Dragapult|88/100|[from] Stealth Rock
|turn|9
|
|t:|1760456010
|switch|p1a: Slaking|Slaking, M|100/100
|move|p2a: Dragapult|Hydro Pump|p1a: Slaking
|-damage|p1a: Slaking|62/100
|
|upkeep
|turn|10
|
|t:|1760456017
|-terastallize|p2a: Dragapult|Poison
|move|p2a: Dragapult|Tera Blast|p1a: Slaking|[anim] Tera Blast Poison
|-damage|p1a: Slaking|19/100
|move|p1a: Slaking|Knock Off|p2a: Dragapult
|-damage|p2a: Dragapult|2/100
|-enditem|p2a: Dragapult|Expert Belt|[from] move: Knock Off|[of] p1a: Slaking
|
|upkeep
|turn|11
|
|t:|1760456028
|move|p2a: Dragapult|Tera Blast|p1a: Slaking|[anim] Tera Blast Poison
|-damage|p1a: Slaking|0 fnt
|faint|p1a: Slaking
|
|upkeep
|
|t:|1760456034
|switch|p1a: Iron Moth|Iron Moth|100/100
|-enditem|p1a: Iron Moth|Booster Energy
|-activate|p1a: Iron Moth|ability: Quark Drive|[fromitem]
|-start|p1a: Iron Moth|quarkdrivespa
|turn|12
|inactive|papagoi19 has 120 seconds left.
|
|t:|1760456057
|move|p2a: Dragapult|Hydro Pump|p1a: Iron Moth
|-supereffective|p1a: Iron Moth
|-damage|p1a: Iron Moth|33/100
|move|p1a: Iron Moth|Substitute|p1a: Iron Moth
|-start|p1a: Iron Moth|Substitute
|-damage|p1a: Iron Moth|8/100
|
|upkeep
|turn|13
|
|t:|1760456064
|move|p2a: Dragapult|Tera Blast|p1a: Iron Moth|[anim] Tera Blast Poison
|-resisted|p1a: Iron Moth
|-activate|p1a: Iron Moth|move: Substitute|[damage]
|move|p1a: Iron Moth|Fiery Dance|p2a: Dragapult
|-damage|p2a: Dragapult|0 fnt
|faint|p2a: Dragapult
|
|upkeep
|inactive|papagoi19 has 90 seconds left.
|
|t:|1760456102
|switch|p2a: Slowking|Slowking-Galar, M, shiny|100/100
|turn|14
|inactive|papagoi19 has 90 seconds left.
|
|t:|1760456109
|move|p1a: Iron Moth|Fiery Dance|p2a: Slowking
|-crit|p2a: Slowking
|-damage|p2a: Slowking|51/100
|-boost|p1a: Iron Moth|spa|1
|move|p2a: Slowking|Sludge Bomb|p1a: Iron Moth
|-resisted|p1a: Iron Moth
|-end|p1a: Iron Moth|Substitute
|
|upkeep
|turn|15
|
|t:|1760456119
|switch|p2a: Clefable|Clefable, F, shiny|100/100
|move|p1a: Iron Moth|Fiery Dance|p2a: Clefable
|-damage|p2a: Clefable|6/100
|-boost|p1a: Iron Moth|spa|1
|
|upkeep
|turn|16
|
|t:|1760456128
|move|p2a: Clefable|Moonblast|p1a: Iron Moth
|-resisted|p1a: Iron Moth
|-damage|p1a: Iron Moth|0 fnt
|faint|p1a: Iron Moth
|-end|p1a: Iron Moth|Quark Drive|[silent]
|
|upkeep
|
|t:|1760456135
|switch|p1a: Glimmora|Glimmora, M|86/100
|turn|17
|
|t:|1760456142
|switch|p2a: Gliscor|Gliscor, M, shiny|100/100
|-damage|p2a: Gliscor|88/100|[from] Stealth Rock
|move|p1a: Glimmora|Power Gem|p2a: Gliscor
|-damage|p2a: Gliscor|22/100
|
|upkeep
|turn|18
|
|t:|1760456150
|move|p1a: Glimmora|Power Gem|p2a: Gliscor
|-damage|p2a: Gliscor|0 fnt
|faint|p2a: Gliscor
|
|upkeep
|
|t:|1760456157
|switch|p2a: Samurott|Samurott-Hisui, M, shiny|100/100
|-damage|p2a: Samurott|88/100|[from] Stealth Rock
|turn|19
|
|t:|1760456162
|switch|p1a: Salamence|Salamence, M|100/100
|-ability|p1a: Salamence|Intimidate|boost
|-unboost|p2a: Samurott|atk|1
|move|p2a: Samurott|Aqua Jet|p1a: Salamence
|-resisted|p1a: Salamence
|-damage|p1a: Salamence|90/100
|
|upkeep
|turn|20
|inactive|papagoi19 has 120 seconds left.
|
|t:|1760456201
|switch|p2a: Clefable|Clefable, F, shiny|6/100
|move|p1a: Salamence|Roar|p2a: Clefable
|-enditem|p1a: Salamence|Throat Spray
|-boost|p1a: Salamence|spa|1|[from] item: Throat Spray
|drag|p2a: Samurott|Samurott-Hisui, M, shiny|88/100
|-damage|p2a: Samurott|76/100|[from] Stealth Rock
|
|upkeep
|turn|21
|
|t:|1760456212
|move|p1a: Salamence|Hyper Voice|p2a: Samurott
|-damage|p2a: Samurott|17/100
|move|p2a: Samurott|Ceaseless Edge|p1a: Salamence
|-damage|p1a: Salamence|13/100
|-sidestart|p1: LX1987|Spikes
|
|upkeep
|turn|22
|inactive|papagoi19 has 120 seconds left.
|
|t:|1760456227
|switch|p2a: Slowking|Slowking-Galar, M, shiny|84/100
|move|p1a: Salamence|Hyper Voice|p2a: Slowking
|-damage|p2a: Slowking|61/100
|
|upkeep
|turn|23
|
|t:|1760456234
|move|p1a: Salamence|Draco Meteor|p2a: Slowking
|-damage|p2a: Slowking|14/100
|-unboost|p1a: Salamence|spa|2
|move|p2a: Slowking|Sludge Bomb|p1a: Salamence
|-damage|p1a: Salamence|0 fnt
|faint|p1a: Salamence
|
|upkeep
|
|t:|1760456245
|switch|p1a: Gliscor|Gliscor, F|40/100 tox
|turn|24
|
|t:|1760456251
|move|p1a: Gliscor|Earthquake|p2a: Slowking
|-supereffective|p2a: Slowking
|-damage|p2a: Slowking|0 fnt
|faint|p2a: Slowking
|
|-heal|p1a: Gliscor|52/100 tox|[from] ability: Poison Heal
|upkeep
|
|t:|1760456255
|switch|p2a: Samurott|Samurott-Hisui, M, shiny|17/100
|-damage|p2a: Samurott|5/100|[from] Stealth Rock
|turn|25
|
|t:|1760456264
|move|p2a: Samurott|Aqua Jet|p1a: Gliscor
|-supereffective|p1a: Gliscor
|-crit|p1a: Gliscor
|-damage|p1a: Gliscor|0 fnt
|faint|p1a: Gliscor
|
|upkeep
|
|t:|1760456270
|switch|p1a: Glimmora|Glimmora, M|86/100
|-damage|p1a: Glimmora|74/100|[from] Spikes
|turn|26
|
|t:|1760456280
|move|p2a: Samurott|Aqua Jet|p1a: Glimmora
|-supereffective|p1a: Glimmora
|-damage|p1a: Glimmora|4/100
|-activate|p1a: Glimmora|ability: Toxic Debris
|-sidestart|p2: papagoi19|move: Toxic Spikes
|move|p1a: Glimmora|Sludge Bomb|p2a: Samurott
|-damage|p2a: Samurott|0 fnt
|faint|p2a: Samurott
|
|upkeep
|
|t:|1760456282
|switch|p2a: Clefable|Clefable, F, shiny|6/100
|-status|p2a: Clefable|psn
|turn|27
|
|t:|1760456293
|move|p2a: Clefable|Shadow Ball|p1a: Glimmora
|-damage|p1a: Glimmora|0 fnt
|faint|p1a: Glimmora
|
|win|papagoi19
|raw|LX1987's rating: 1429 &rarr; <strong>1410</strong><br />(-19 for losing)
|raw|papagoi19's rating: 1444 &rarr; <strong>1463</strong><br />(+19 for winning)
|l|☆papagoi19
|player|p2|
|l|☆LX1987
|player|p1|
