|j|☆mageddlena bay
|j|☆dvd111
|t:|1760394924
|gametype|singles
|player|p1|mageddlena bay|raihan-masters|1121
|player|p2|dvd111|buck|1093
|gen|9
|tier|[Gen 9] OU
|rated|
|rule|HP Percentage Mod: HP is shown in percentages
|rule|Endless Battle Clause: Forcing endless battles is banned
|rule|Species Clause: Limit one of each Pokémon
|rule|OHKO Clause: OHKO moves are banned
|rule|Evasion Items Clause: Evasion items are banned
|rule|Evasion Moves Clause: Evasion moves are banned
|rule|Evasion Abilities Clause: Evasion abilities are banned
|rule|Sleep Moves Clause: Sleep-inducing moves are banned
|clearpoke
|poke|p1|Primarina, M|
|poke|p1|Meowscarada, M|
|poke|p1|Great Tusk|
|poke|p1|Braviary-Hisui, M|
|poke|p1|Articuno-Galar|
|poke|p1|Dragapult, M|
|poke|p2|Nosepass, F|
|poke|p2|Porygon2|
|poke|p2|Dusclops, M|
|poke|p2|Bronzong|
|poke|p2|Toxapex, M|
|poke|p2|Probopass, M|
|teampreview
|c|☆mageddlena bay|interesting team actually
|
|t:|1760394947
|teamsize|p1|6
|teamsize|p2|6
|start
|switch|p1a: oklou|Dragapult, M, shiny|100/100
|switch|p2a: Nosepass|Nosepass, F|100/100
|turn|1
|
|t:|1760394955
|move|p1a: oklou|Reflect|p1a: oklou
|-sidestart|p1: mageddlena bay|Reflect
|move|p2a: Nosepass|Sandstorm|p2a: Nosepass
|-weather|Sandstorm
|
|-weather|Sandstorm|[upkeep]
|-damage|p1a: oklou|94/100|[from] Sandstorm
|upkeep
|turn|2
|
|t:|1760394981
|move|p1a: oklou|Light Screen|p1a: oklou
|-sidestart|p1: mageddlena bay|move: Light Screen
|move|p2a: Nosepass|Iron Defense|p2a: Nosepass
|-boost|p2a: Nosepass|def|2
|
|-weather|Sandstorm|[upkeep]
|-damage|p1a: oklou|88/100|[from] Sandstorm
|upkeep
|turn|3
|
|t:|1760394990
|move|p1a: oklou|Thunder Wave|p2a: Nosepass|[miss]
|-miss|p1a: oklou|p2a: Nosepass
|move|p2a: Nosepass|Pain Split|p1a: oklou
|-sethp|p1a: oklou|79/100|[from] move: Pain Split|[silent]
|-sethp|p2a: Nosepass|100/100|[from] move: Pain Split
|
|-weather|Sandstorm|[upkeep]
|-damage|p1a: oklou|73/100|[from] Sandstorm
|upkeep
|turn|4
|
|t:|1760395003
|move|p1a: oklou|U-turn|p2a: Nosepass
|-damage|p2a: Nosepass|95/100
|
|t:|1760395012
|switch|p1a: taylor swift|Primarina, M, shiny|100/100|[from] U-turn
|move|p2a: Nosepass|Iron Defense|p2a: Nosepass
|-boost|p2a: Nosepass|def|2
|
|-weather|Sandstorm|[upkeep]
|-damage|p1a: taylor swift|94/100|[from] Sandstorm
|upkeep
|turn|5
|
|t:|1760395024
|move|p1a: taylor swift|Energy Ball|p2a: Nosepass
|-supereffective|p2a: Nosepass
|-damage|p2a: Nosepass|37/100
|move|p2a: Nosepass|Body Press|p1a: taylor swift
|-resisted|p1a: taylor swift
|-damage|p1a: taylor swift|67/100
|
|-weather|none
|upkeep
|turn|6
|
|t:|1760395034
|move|p1a: taylor swift|Energy Ball|p2a: Nosepass
|-supereffective|p2a: Nosepass
|-damage|p2a: Nosepass|0 fnt
|faint|p2a: Nosepass
|
|upkeep
|
|t:|1760395041
|switch|p2a: Bronzong|Bronzong|100/100
|turn|7
|
|t:|1760395049
|switch|p1a: olivia rodrigo|Meowscarada, M, shiny|100/100
|move|p2a: Bronzong|Light Screen|p2a: Bronzong
|-sidestart|p2: dvd111|move: Light Screen
|
|upkeep
|turn|8
|
|t:|1760395056
|move|p1a: olivia rodrigo|Knock Off|p2a: Bronzong
|-start|p1a: olivia rodrigo|typechange|Dark|[from] ability: Protean
|-supereffective|p2a: Bronzong
|-damage|p2a: Bronzong|41/100
|-enditem|p2a: Bronzong|Light Clay|[from] move: Knock Off|[of] p1a: olivia rodrigo
|move|p2a: Bronzong|Reflect|p2a: Bronzong
|-sidestart|p2: dvd111|Reflect
|
|-sideend|p1: mageddlena bay|Reflect
|upkeep
|turn|9
|l|☆dvd111
|player|p2|
|
|t:|1760395120
|move|p1a: olivia rodrigo|Knock Off|p2a: Bronzong
|-supereffective|p2a: Bronzong
|-damage|p2a: Bronzong|22/100
|move|p2a: Bronzong|Body Press|p1a: olivia rodrigo
|-supereffective|p1a: olivia rodrigo
|-damage|p1a: olivia rodrigo|19/100
|
|-sideend|p1: mageddlena bay|move: Light Screen
|upkeep
|turn|10
|j|☆dvd111
|player|p2|dvd111|buck|
|
|t:|1760395147
|switch|p1a: oklou|Dragapult, M, shiny|73/100
|move|p2a: Bronzong|Body Press|p1a: oklou
|-immune|p1a: oklou
|
|upkeep
|turn|11
|
|t:|1760395162
|switch|p2a: Porygon2|Porygon2|100/100
|-ability|p2a: Porygon2|Download|boost
|-boost|p2a: Porygon2|atk|1
|move|p1a: oklou|Reflect|p1a: oklou
|-sidestart|p1: mageddlena bay|Reflect
|
|upkeep
|turn|12
|
|t:|1760395170
|move|p1a: oklou|Thunder Wave|p2a: Porygon2
|-status|p2a: Porygon2|par
|cant|p2a: Porygon2|par
|
|-sideend|p2: dvd111|Reflect
|upkeep
|turn|13
|
|t:|1760395177
|move|p1a: oklou|Light Screen|p1a: oklou
|-sidestart|p1: mageddlena bay|move: Light Screen
|move|p2a: Porygon2|Ice Beam|p1a: oklou
|-supereffective|p1a: oklou
|-damage|p1a: oklou|49/100
|
|upkeep
|turn|14
|
|t:|1760395184
|move|p1a: oklou|U-turn|p2a: Porygon2
|-damage|p2a: Porygon2|92/100 par
|inactive|Battle timer is ON: inactive players will automatically lose when time's up. (requested by dvd111)
|
|t:|1760395208
|switch|p1a: tinashe|Great Tusk|100/100|[from] U-turn
|-enditem|p1a: tinashe|Booster Energy
|-activate|p1a: tinashe|ability: Protosynthesis|[fromitem]
|-start|p1a: tinashe|protosynthesisatk
|move|p2a: Porygon2|Thunderbolt|p1a: tinashe
|-immune|p1a: tinashe
|
|-sideend|p2: dvd111|move: Light Screen
|upkeep
|turn|15
|
|t:|1760395223
|switch|p2a: Bronzong|Bronzong|22/100
|move|p1a: tinashe|Stealth Rock|p2a: Bronzong
|-sidestart|p2: dvd111|move: Stealth Rock
|
|upkeep
|turn|16
|
|t:|1760395231
|move|p1a: tinashe|Rapid Spin|p2a: Bronzong
|-resisted|p2a: Bronzong
|-damage|p2a: Bronzong|15/100
|-boost|p1a: tinashe|spe|1
|move|p2a: Bronzong|Reflect|p2a: Bronzong
|-sidestart|p2: dvd111|Reflect
|
|upkeep
|turn|17
|
|t:|1760395242
|move|p1a: tinashe|Earthquake|p2a: Bronzong
|-immune|p2a: Bronzong|[from] ability: Levitate
|move|p2a: Bronzong|Iron Defense|p2a: Bronzong
|-boost|p2a: Bronzong|def|2
|
|upkeep
|turn|18
|
|t:|1760395258
|-end|p1a: tinashe|Protosynthesis|[silent]
|switch|p1a: oklou|Dragapult, M, shiny|49/100
|move|p2a: Bronzong|Iron Defense|p2a: Bronzong
|-boost|p2a: Bronzong|def|2
|
|-sideend|p1: mageddlena bay|Reflect
|upkeep
|turn|19
|
|t:|1760395267
|move|p1a: oklou|Thunder Wave|p2a: Bronzong
|-status|p2a: Bronzong|par
|cant|p2a: Bronzong|par
|
|upkeep
|turn|20
|inactive|mageddlena bay has 120 seconds left.
|
|t:|1760395301
|switch|p1a: charli xcx|Braviary-Hisui, M, shiny|100/100
|move|p2a: Bronzong|Light Screen|p2a: Bronzong
|-sidestart|p2: dvd111|move: Light Screen
|
|-sideend|p2: dvd111|Reflect
|-sideend|p1: mageddlena bay|move: Light Screen
|upkeep
|turn|21
|
|t:|1760395311
|move|p1a: charli xcx|Esper Wing|p2a: Bronzong
|-resisted|p2a: Bronzong
|-damage|p2a: Bronzong|2/100 par
|-boost|p1a: charli xcx|spe|1
|cant|p2a: Bronzong|par
|
|upkeep
|turn|22
|inactive|mageddlena bay has 120 seconds left.
|inactive|mageddlena bay has 90 seconds left.
|inactive|mageddlena bay has 60 seconds left.
|n|☆dvd111|dvd111
|c|☆dvd111|do u have grindr???
|c|☆dvd111|uwu
|inactive|mageddlena bay has 30 seconds left.
|-message|dvd111 forfeited.
|
|win|mageddlena bay
|raw|mageddlena bay's rating: 1121 &rarr; <strong>1144</strong><br />(+23 for winning)
|raw|dvd111's rating: 1093 &rarr; <strong>1071</strong><br />(-22 for losing)
|l|☆dvd111
|player|p2|
|c|☆mageddlena bay|what
|c|☆mageddlena bay|jajsajsjasjasa
|l|☆mageddlena bay
|player|p1|
