|j|☆Dew123
|j|☆chaomei_shen
|t:|1760332092
|gametype|singles
|player|p1|Dew123|biker-gen4|1369
|player|p2|chaomei_shen|266|1425
|gen|9
|tier|[Gen 9] OU
|rated|
|rule|HP Percentage Mod: HP is shown in percentages
|rule|Endless Battle Clause: Forcing endless battles is banned
|rule|Species Clause: Limit one of each Pokémon
|rule|OHKO Clause: OHKO moves are banned
|rule|Evasion Items Clause: Evasion items are banned
|rule|Evasion Moves Clause: Evasion moves are banned
|rule|Evasion Abilities Clause: Evasion abilities are banned
|rule|Sleep Moves Clause: Sleep-inducing moves are banned
|clearpoke
|poke|p1|Maushold-Four|
|poke|p1|Kyurem|
|poke|p1|Cloyster, F|
|poke|p1|Toucannon, F|
|poke|p1|Garchomp, F|
|poke|p1|Flygon, F|
|poke|p2|Dragonite, F|
|poke|p2|Hatterene, F|
|poke|p2|Great Tusk|
|poke|p2|Raging Bolt|
|poke|p2|Ting-Lu|
|poke|p2|Kyurem|
|teampreview
|inactive|Battle timer is ON: inactive players will automatically lose when time's up. (requested by Dew123)
|
|t:|1760332099
|teamsize|p1|6
|teamsize|p2|6
|start
|switch|p1a: Maushold|Maushold-Four|100/100
|switch|p2a: Ting-Lu|Ting-Lu|100/100
|-ability|p2a: Ting-Lu|Vessel of Ruin
|turn|1
|
|t:|1760332102
|move|p1a: Maushold|Tidy Up|p1a: Maushold
|-boost|p1a: Maushold|atk|1
|-boost|p1a: Maushold|spe|1
|move|p2a: Ting-Lu|Stealth Rock|p1a: Maushold
|-sidestart|p1: Dew123|move: Stealth Rock
|
|upkeep
|turn|2
|
|t:|1760332104
|move|p1a: Maushold|Tidy Up|p1a: Maushold
|-sideend|p1: Dew123|Stealth Rock
|-activate|p1a: Maushold|move: Tidy Up
|-boost|p1a: Maushold|atk|1
|-boost|p1a: Maushold|spe|1
|move|p2a: Ting-Lu|Whirlwind|p1a: Maushold
|drag|p1a: Cloyster|Cloyster, F|100/100
|
|upkeep
|turn|3
|
|t:|1760332108
|move|p1a: Cloyster|Shell Smash|p1a: Cloyster
|-unboost|p1a: Cloyster|def|1
|-unboost|p1a: Cloyster|spd|1
|-boost|p1a: Cloyster|atk|2
|-boost|p1a: Cloyster|spa|2
|-boost|p1a: Cloyster|spe|2
|-enditem|p1a: Cloyster|White Herb
|-clearnegativeboost|p1a: Cloyster|[silent]
|move|p2a: Ting-Lu|Stealth Rock|p1a: Cloyster
|-sidestart|p1: Dew123|move: Stealth Rock
|
|upkeep
|turn|4
|
|t:|1760332112
|-terastallize|p2a: Ting-Lu|Ghost
|move|p1a: Cloyster|Icicle Spear|p2a: Ting-Lu
|-damage|p2a: Ting-Lu|89/100
|-damage|p2a: Ting-Lu|78/100
|-damage|p2a: Ting-Lu|67/100
|-damage|p2a: Ting-Lu|57/100
|-damage|p2a: Ting-Lu|47/100
|-hitcount|p2a: Ting-Lu|5
|move|p2a: Ting-Lu|Whirlwind|p1a: Cloyster
|drag|p1a: Maushold|Maushold-Four|100/100
|-damage|p1a: Maushold|88/100|[from] Stealth Rock
|
|-heal|p2a: Ting-Lu|53/100|[from] item: Leftovers
|upkeep
|turn|5
|
|t:|1760332117
|move|p1a: Maushold|Tidy Up|p1a: Maushold
|-sideend|p1: Dew123|Stealth Rock
|-activate|p1a: Maushold|move: Tidy Up
|-boost|p1a: Maushold|atk|1
|-boost|p1a: Maushold|spe|1
|move|p2a: Ting-Lu|Ruination|p1a: Maushold
|-damage|p1a: Maushold|44/100
|
|-heal|p2a: Ting-Lu|59/100|[from] item: Leftovers
|upkeep
|turn|6
|
|t:|1760332120
|move|p1a: Maushold|Crunch|p2a: Ting-Lu
|-supereffective|p2a: Ting-Lu
|-damage|p2a: Ting-Lu|25/100
|-unboost|p2a: Ting-Lu|def|1
|move|p2a: Ting-Lu|Whirlwind|p1a: Maushold
|drag|p1a: Flygon|Flygon, F|100/100
|
|-heal|p2a: Ting-Lu|31/100|[from] item: Leftovers
|upkeep
|turn|7
|
|t:|1760332123
|move|p1a: Flygon|Dragon Dance|p1a: Flygon
|-boost|p1a: Flygon|atk|1
|-boost|p1a: Flygon|spe|1
|move|p2a: Ting-Lu|Stealth Rock|p1a: Flygon
|-sidestart|p1: Dew123|move: Stealth Rock
|
|-heal|p2a: Ting-Lu|37/100|[from] item: Leftovers
|upkeep
|turn|8
|
|t:|1760332125
|move|p1a: Flygon|Scale Shot|p2a: Ting-Lu
|-damage|p2a: Ting-Lu|24/100
|-damage|p2a: Ting-Lu|10/100
|-damage|p2a: Ting-Lu|0 fnt
|faint|p2a: Ting-Lu
|-hitcount|p2: Ting-Lu|3
|-unboost|p1a: Flygon|def|1
|-boost|p1a: Flygon|spe|1
|
|upkeep
|
|t:|1760332135
|switch|p2a: Dragonite|Dragonite, F|100/100
|turn|9
|
|t:|1760332137
|move|p2a: Dragonite|Extreme Speed|p1a: Flygon
|-damage|p1a: Flygon|6/100
|move|p1a: Flygon|Scale Shot|p2a: Dragonite
|-supereffective|p2a: Dragonite
|-damage|p2a: Dragonite|80/100
|-supereffective|p2a: Dragonite
|-damage|p2a: Dragonite|44/100
|-supereffective|p2a: Dragonite
|-damage|p2a: Dragonite|3/100
|-supereffective|p2a: Dragonite
|-damage|p2a: Dragonite|0 fnt
|faint|p2a: Dragonite
|-hitcount|p2: Dragonite|4
|-unboost|p1a: Flygon|def|1
|-boost|p1a: Flygon|spe|1
|
|upkeep
|
|t:|1760332143
|switch|p2a: Hatterene|Hatterene, F|100/100
|turn|10
|
|t:|1760332146
|move|p1a: Flygon|Earthquake|p2a: Hatterene
|-damage|p2a: Hatterene|26/100
|move|p2a: Hatterene|Draining Kiss|p1a: Flygon
|-supereffective|p1a: Flygon
|-damage|p1a: Flygon|0 fnt
|-heal|p2a: Hatterene|30/100|[from] drain|[of] p1a: Flygon
|faint|p1a: Flygon
|
|upkeep
|
|t:|1760332149
|switch|p1a: Maushold|Maushold-Four|44/100
|-damage|p1a: Maushold|32/100|[from] Stealth Rock
|turn|11
|
|t:|1760332152
|move|p1a: Maushold|Crunch|p2a: Hatterene
|-damage|p2a: Hatterene|7/100
|move|p2a: Hatterene|Draining Kiss|p1a: Maushold
|-damage|p1a: Maushold|0 fnt
|-heal|p2a: Hatterene|29/100|[from] drain|[of] p1a: Maushold
|faint|p1a: Maushold
|
|upkeep
|
|t:|1760332155
|switch|p1a: Toucannon|Toucannon, F|100/100
|-damage|p1a: Toucannon|76/100|[from] Stealth Rock
|turn|12
|
|t:|1760332160
|move|p1a: Toucannon|Rock Blast|p2a: Hatterene|[miss]
|-miss|p1a: Toucannon|p2a: Hatterene
|move|p2a: Hatterene|Draining Kiss|p1a: Toucannon
|-damage|p1a: Toucannon|38/100
|-heal|p2a: Hatterene|55/100|[from] drain|[of] p1a: Toucannon
|
|upkeep
|turn|13
|
|t:|1760332163
|move|p1a: Toucannon|Rock Blast|p2a: Hatterene
|-damage|p2a: Hatterene|41/100
|-damage|p2a: Hatterene|28/100
|-damage|p2a: Hatterene|15/100
|-damage|p2a: Hatterene|2/100
|-damage|p2a: Hatterene|0 fnt
|faint|p2a: Hatterene
|-hitcount|p2: Hatterene|5
|
|upkeep
|
|t:|1760332166
|switch|p2a: Kyurem|Kyurem|100/100
|-ability|p2a: Kyurem|Pressure
|turn|14
|
|t:|1760332170
|move|p2a: Kyurem|Scale Shot|p1a: Toucannon
|-damage|p1a: Toucannon|17/100
|-damage|p1a: Toucannon|0 fnt
|faint|p1a: Toucannon
|-hitcount|p1: Toucannon|2
|-unboost|p2a: Kyurem|def|1
|-boost|p2a: Kyurem|spe|1
|
|upkeep
|
|t:|1760332176
|switch|p1a: Cloyster|Cloyster, F|100/100
|-damage|p1a: Cloyster|76/100|[from] Stealth Rock
|turn|15
|
|t:|1760332181
|move|p2a: Kyurem|Scale Shot|p1a: Cloyster
|-damage|p1a: Cloyster|63/100
|-damage|p1a: Cloyster|51/100
|-damage|p1a: Cloyster|39/100
|-damage|p1a: Cloyster|27/100
|-hitcount|p1a: Cloyster|4
|-unboost|p2a: Kyurem|def|1
|-boost|p2a: Kyurem|spe|1
|move|p1a: Cloyster|Shell Smash|p1a: Cloyster
|-unboost|p1a: Cloyster|def|1
|-unboost|p1a: Cloyster|spd|1
|-boost|p1a: Cloyster|atk|2
|-boost|p1a: Cloyster|spa|2
|-boost|p1a: Cloyster|spe|2
|
|upkeep
|turn|16
|
|t:|1760332187
|move|p2a: Kyurem|Icicle Spear|p1a: Cloyster
|-resisted|p1a: Cloyster
|-damage|p1a: Cloyster|23/100
|-resisted|p1a: Cloyster
|-damage|p1a: Cloyster|19/100
|-resisted|p1a: Cloyster
|-damage|p1a: Cloyster|15/100
|-resisted|p1a: Cloyster
|-damage|p1a: Cloyster|11/100
|-resisted|p1a: Cloyster
|-crit|p1a: Cloyster
|-damage|p1a: Cloyster|5/100
|-hitcount|p1a: Cloyster|5
|move|p1a: Cloyster|Icicle Spear|p2a: Kyurem
|-damage|p2a: Kyurem|63/100
|-damage|p2a: Kyurem|20/100
|-damage|p2a: Kyurem|0 fnt
|faint|p2a: Kyurem
|-hitcount|p2: Kyurem|3
|
|upkeep
|
|t:|1760332190
|switch|p2a: Raging Bolt|Raging Bolt|100/100
|turn|17
|
|t:|1760332197
|move|p1a: Cloyster|Shell Smash|p1a: Cloyster
|-unboost|p1a: Cloyster|def|1
|-unboost|p1a: Cloyster|spd|1
|-boost|p1a: Cloyster|atk|2
|-boost|p1a: Cloyster|spa|2
|-boost|p1a: Cloyster|spe|2
|move|p2a: Raging Bolt|Thunderbolt|p1a: Cloyster
|-supereffective|p1a: Cloyster
|-damage|p1a: Cloyster|0 fnt
|faint|p1a: Cloyster
|
|upkeep
|
|t:|1760332205
|switch|p1a: Garchomp|Garchomp, F|100/100
|-damage|p1a: Garchomp|94/100|[from] Stealth Rock
|turn|18
|
|t:|1760332206
|-end|p2a: Raging Bolt|Protosynthesis|[silent]
|switch|p2a: Great Tusk|Great Tusk|100/100
|move|p1a: Garchomp|Swords Dance|p1a: Garchomp
|-boost|p1a: Garchomp|atk|2
|
|upkeep
|turn|19
|
|t:|1760332211
|move|p1a: Garchomp|Scale Shot|p2a: Great Tusk
|-damage|p2a: Great Tusk|81/100
|-damage|p2a: Great Tusk|61/100
|-damage|p2a: Great Tusk|40/100
|-damage|p2a: Great Tusk|18/100
|-hitcount|p2a: Great Tusk|4
|-unboost|p1a: Garchomp|def|1
|-boost|p1a: Garchomp|spe|1
|move|p2a: Great Tusk|Ice Spinner|p1a: Garchomp
|-supereffective|p1a: Garchomp
|-damage|p1a: Garchomp|0 fnt
|-damage|p2a: Great Tusk|6/100|[from] ability: Rough Skin|[of] p1a: Garchomp
|faint|p1a: Garchomp
|
|upkeep
|
|t:|1760332213
|switch|p1a: Kyurem|Kyurem|100/100
|-damage|p1a: Kyurem|76/100|[from] Stealth Rock
|-ability|p1a: Kyurem|Pressure
|turn|20
|
|t:|1760332218
|move|p1a: Kyurem|Dragon Dance|p1a: Kyurem
|-boost|p1a: Kyurem|atk|1
|-boost|p1a: Kyurem|spe|1
|move|p2a: Great Tusk|Ice Spinner|p1a: Kyurem
|-damage|p1a: Kyurem|51/100
|
|upkeep
|turn|21
|
|t:|1760332221
|move|p1a: Kyurem|Icicle Spear|p2a: Great Tusk
|-supereffective|p2a: Great Tusk
|-damage|p2a: Great Tusk|0 fnt
|faint|p2a: Great Tusk
|-end|p2a: Great Tusk|Protosynthesis|[silent]
|-hitcount|p2: Great Tusk|1
|
|upkeep
|
|t:|1760332222
|switch|p2a: Raging Bolt|Raging Bolt|100/100
|turn|22
|
|t:|1760332228
|move|p2a: Raging Bolt|Thunderclap|p1a: Kyurem
|-resisted|p1a: Kyurem
|-damage|p1a: Kyurem|22/100
|move|p1a: Kyurem|Scale Shot|p2a: Raging Bolt
|-supereffective|p2a: Raging Bolt
|-damage|p2a: Raging Bolt|71/100
|-supereffective|p2a: Raging Bolt
|-damage|p2a: Raging Bolt|39/100
|-supereffective|p2a: Raging Bolt
|-damage|p2a: Raging Bolt|7/100
|-supereffective|p2a: Raging Bolt
|-damage|p2a: Raging Bolt|0 fnt
|faint|p2a: Raging Bolt
|-end|p2a: Raging Bolt|Protosynthesis|[silent]
|-hitcount|p2: Raging Bolt|4
|
|win|Dew123
|raw|Dew123's rating: 1369 &rarr; <strong>1392</strong><br />(+23 for winning)
|raw|chaomei_shen's rating: 1425 &rarr; <strong>1402</strong><br />(-23 for losing)
|l|☆chaomei_shen
|player|p2|
|l|☆Dew123
|player|p1|
