|j|☆cr aries
|j|☆tomatic
|t:|1760435820
|gametype|singles
|player|p1|cr aries|169|1573
|player|p2|tomatic|blackbelt-gen4dp|1470
|gen|9
|tier|[Gen 9] OU
|rated|
|rule|HP Percentage Mod: HP is shown in percentages
|rule|Endless Battle Clause: Forcing endless battles is banned
|rule|Species Clause: Limit one of each Pokémon
|rule|OHKO Clause: OHKO moves are banned
|rule|Evasion Items Clause: Evasion items are banned
|rule|Evasion Moves Clause: Evasion moves are banned
|rule|Evasion Abilities Clause: Evasion abilities are banned
|rule|Sleep Moves Clause: Sleep-inducing moves are banned
|clearpoke
|poke|p1|Weavile, M|
|poke|p1|Gholdengo|
|poke|p1|Slowking-Galar, M|
|poke|p1|Corviknight, F|
|poke|p1|Sandy Shocks|
|poke|p1|Heatran, F|
|poke|p2|Maushold-Four|
|poke|p2|Scizor, F|
|poke|p2|Landorus-Therian, M|
|poke|p2|Dragonite, F|
|poke|p2|Hatterene, F|
|poke|p2|Rotom-Wash|
|teampreview
|
|t:|1760435849
|teamsize|p1|6
|teamsize|p2|6
|start
|switch|p1a: Weavile|Weavile, M|100/100
|switch|p2a: Rotom|Rotom-Wash|100/100
|turn|1
|inactive|Battle timer is ON: inactive players will automatically lose when time's up. (requested by cr aries)
|
|t:|1760435869
|move|p2a: Rotom|Volt Switch|p1a: Weavile
|-damage|p1a: Weavile|59/100
|
|t:|1760435873
|switch|p2a: Landorus|Landorus-Therian, M|100/100|[from] Volt Switch
|-ability|p2a: Landorus|Intimidate|boost
|-unboost|p1a: Weavile|atk|1
|move|p1a: Weavile|Knock Off|p2a: Landorus
|-damage|p2a: Landorus|71/100
|-damage|p1a: Weavile|42/100|[from] item: Rocky Helmet|[of] p2a: Landorus
|-enditem|p2a: Landorus|Rocky Helmet|[from] move: Knock Off|[of] p1a: Weavile
|
|upkeep
|turn|2
|
|t:|1760435880
|switch|p2a: Scizor|Scizor, F|100/100
|move|p1a: Weavile|Triple Axel|p2a: Scizor
|-resisted|p2a: Scizor
|-damage|p2a: Scizor|97/100
|-resisted|p2a: Scizor
|-damage|p2a: Scizor|89/100
|-hitcount|p2a: Scizor|2
|
|upkeep
|turn|3
|
|t:|1760435886
|switch|p1a: Corviknight|Corviknight, F|100/100
|-ability|p1a: Corviknight|Pressure
|move|p2a: Scizor|Close Combat|p1a: Corviknight
|-damage|p1a: Corviknight|74/100
|-unboost|p2a: Scizor|def|1
|-unboost|p2a: Scizor|spd|1
|-damage|p2a: Scizor|73/100|[from] item: Rocky Helmet|[of] p1a: Corviknight
|
|upkeep
|turn|4
|
|t:|1760435894
|move|p2a: Scizor|Knock Off|p1a: Corviknight
|-damage|p1a: Corviknight|52/100
|-damage|p2a: Scizor|56/100|[from] item: Rocky Helmet|[of] p1a: Corviknight
|-enditem|p1a: Corviknight|Rocky Helmet|[from] move: Knock Off|[of] p2a: Scizor
|move|p1a: Corviknight|U-turn|p2a: Scizor
|-resisted|p2a: Scizor
|-damage|p2a: Scizor|45/100
|
|t:|1760435908
|switch|p1a: Gholdengo|Gholdengo|100/100|[from] U-turn
|
|upkeep
|turn|5
|
|t:|1760435915
|switch|p2a: Rotom|Rotom-Wash|100/100
|move|p1a: Gholdengo|Shadow Ball|p2a: Rotom
|-damage|p2a: Rotom|55/100
|
|upkeep
|turn|6
|
|t:|1760435921
|move|p2a: Rotom|Hydro Pump|p1a: Gholdengo
|-crit|p1a: Gholdengo
|-damage|p1a: Gholdengo|34/100
|move|p1a: Gholdengo|Shadow Ball|p2a: Rotom
|-damage|p2a: Rotom|6/100
|
|upkeep
|turn|7
|
|t:|1760435927
|move|p2a: Rotom|Hydro Pump|p1a: Gholdengo|[miss]
|-miss|p2a: Rotom|p1a: Gholdengo
|move|p1a: Gholdengo|Shadow Ball|p2a: Rotom
|-damage|p2a: Rotom|0 fnt
|faint|p2a: Rotom
|
|upkeep
|
|t:|1760435951
|switch|p2a: Landorus|Landorus-Therian, M|71/100
|-ability|p2a: Landorus|Intimidate|boost
|-unboost|p1a: Gholdengo|atk|1
|turn|8
|
|t:|1760435955
|move|p2a: Landorus|Stealth Rock|p1a: Gholdengo
|-sidestart|p1: cr aries|move: Stealth Rock
|move|p1a: Gholdengo|Shadow Ball|p2a: Landorus
|-damage|p2a: Landorus|26/100
|
|upkeep
|turn|9
|
|t:|1760435959
|switch|p1a: Corviknight|Corviknight, F|52/100
|-damage|p1a: Corviknight|40/100|[from] Stealth Rock
|-ability|p1a: Corviknight|Pressure
|move|p2a: Landorus|Earth Power|p1a: Corviknight
|-immune|p1a: Corviknight
|
|upkeep
|turn|10
|
|t:|1760435961
|move|p2a: Landorus|Stone Edge|p1a: Corviknight
|-damage|p1a: Corviknight|21/100
|move|p1a: Corviknight|Roost|p1a: Corviknight
|-heal|p1a: Corviknight|71/100
|-singleturn|p1a: Corviknight|move: Roost
|
|upkeep
|turn|11
|
|t:|1760435968
|move|p2a: Landorus|U-turn|p1a: Corviknight
|-resisted|p1a: Corviknight
|-damage|p1a: Corviknight|67/100
|
|t:|1760435972
|switch|p2a: Hatterene|Hatterene, F|100/100|[from] U-turn
|move|p1a: Corviknight|Roost|p1a: Corviknight
|-heal|p1a: Corviknight|100/100
|-singleturn|p1a: Corviknight|move: Roost
|
|upkeep
|turn|12
|
|t:|1760435977
|move|p1a: Corviknight|Defog|p2a: Hatterene
|move|p2a: Hatterene|Defog|p1a: Corviknight|[from] ability: Magic Bounce
|-unboost|p1a: Corviknight|evasion|1
|-sideend|p1: cr aries|Stealth Rock|[from] move: Defog|[of] p2a: Hatterene
|move|p2a: Hatterene|Psychic Noise|p1a: Corviknight
|-resisted|p1a: Corviknight
|-damage|p1a: Corviknight|81/100
|-start|p1a: Corviknight|move: Heal Block
|
|upkeep
|turn|13
|
|t:|1760435982
|move|p1a: Corviknight|Brave Bird|p2a: Hatterene
|-damage|p2a: Hatterene|62/100
|-damage|p1a: Corviknight|71/100|[from] Recoil
|move|p2a: Hatterene|Psychic Noise|p1a: Corviknight
|-resisted|p1a: Corviknight
|-damage|p1a: Corviknight|50/100
|
|-end|p1a: Corviknight|move: Heal Block
|upkeep
|turn|14
|
|t:|1760435986
|move|p1a: Corviknight|Roost|p1a: Corviknight
|-heal|p1a: Corviknight|99/100
|-singleturn|p1a: Corviknight|move: Roost
|move|p2a: Hatterene|Mystical Fire|p1a: Corviknight
|-supereffective|p1a: Corviknight
|-damage|p1a: Corviknight|45/100
|-unboost|p1a: Corviknight|spa|1
|
|upkeep
|turn|15
|
|t:|1760435989
|move|p1a: Corviknight|U-turn|p2a: Hatterene
|-damage|p2a: Hatterene|47/100
|
|t:|1760435991
|switch|p1a: Heatran|Heatran, F|100/100|[from] U-turn
|move|p2a: Hatterene|Psychic Noise|p1a: Heatran
|-resisted|p1a: Heatran
|-damage|p1a: Heatran|83/100
|-start|p1a: Heatran|move: Heal Block
|
|upkeep
|turn|16
|
|t:|1760435995
|move|p1a: Heatran|Magma Storm|p2a: Hatterene
|-damage|p2a: Hatterene|21/100
|-activate|p2a: Hatterene|move: Magma Storm|[of] p1a: Heatran
|move|p2a: Hatterene|Nuzzle|p1a: Heatran
|-damage|p1a: Heatran|81/100
|-status|p1a: Heatran|par
|
|-damage|p2a: Hatterene|9/100|[from] move: Magma Storm|[partiallytrapped]
|-end|p1a: Heatran|move: Heal Block
|upkeep
|turn|17
|
|t:|1760435998
|move|p1a: Heatran|Protect|p1a: Heatran
|-singleturn|p1a: Heatran|Protect
|move|p2a: Hatterene|Psychic Noise|p1a: Heatran
|-activate|p1a: Heatran|move: Protect
|
|-heal|p1a: Heatran|87/100 par|[from] item: Leftovers
|-damage|p2a: Hatterene|0 fnt|[from] move: Magma Storm|[partiallytrapped]
|faint|p2a: Hatterene
|upkeep
|
|t:|1760436004
|switch|p2a: Maushold|Maushold-Four|100/100
|turn|18
|inactive|cr aries has 120 seconds left.
|
|t:|1760436041
|move|p2a: Maushold|Encore|p1a: Heatran
|-start|p1a: Heatran|Encore
|cant|p1a: Heatran|par
|
|-heal|p1a: Heatran|93/100 par|[from] item: Leftovers
|upkeep
|turn|19
|inactive|cr aries has 120 seconds left.
|
|t:|1760436051
|switch|p1a: Gholdengo|Gholdengo|34/100
|move|p2a: Maushold|Tidy Up|p2a: Maushold
|-boost|p2a: Maushold|atk|1
|-boost|p2a: Maushold|spe|1
|
|upkeep
|turn|20
|
|t:|1760436071
|-terastallize|p1a: Gholdengo|Fighting
|move|p2a: Maushold|Bite|p1a: Gholdengo
|-resisted|p1a: Gholdengo
|-damage|p1a: Gholdengo|23/100
|move|p1a: Gholdengo|Tera Blast|p2a: Maushold|[anim] Tera Blast Fighting
|-supereffective|p2a: Maushold
|-damage|p2a: Maushold|0 fnt
|faint|p2a: Maushold
|
|upkeep
|
|t:|1760436081
|switch|p2a: Dragonite|Dragonite, F|100/100
|turn|21
|
|t:|1760436093
|move|p2a: Dragonite|Dragon Dance|p2a: Dragonite
|-boost|p2a: Dragonite|atk|1
|-boost|p2a: Dragonite|spe|1
|move|p1a: Gholdengo|Shadow Ball|p2a: Dragonite
|-damage|p2a: Dragonite|82/100
|
|-heal|p2a: Dragonite|88/100|[from] item: Leftovers
|upkeep
|turn|22
|
|t:|1760436114
|move|p2a: Dragonite|Dragon Dance|p2a: Dragonite
|-boost|p2a: Dragonite|atk|1
|-boost|p2a: Dragonite|spe|1
|move|p1a: Gholdengo|Tera Blast|p2a: Dragonite|[anim] Tera Blast Fighting
|-resisted|p2a: Dragonite
|-damage|p2a: Dragonite|70/100
|
|-heal|p2a: Dragonite|76/100|[from] item: Leftovers
|upkeep
|turn|23
|
|t:|1760436121
|move|p2a: Dragonite|Dragon Dance|p2a: Dragonite
|-boost|p2a: Dragonite|atk|1
|-boost|p2a: Dragonite|spe|1
|move|p1a: Gholdengo|Shadow Ball|p2a: Dragonite
|-damage|p2a: Dragonite|38/100
|
|-heal|p2a: Dragonite|44/100|[from] item: Leftovers
|upkeep
|turn|24
|
|t:|1760436127
|move|p2a: Dragonite|Earthquake|p1a: Gholdengo
|-damage|p1a: Gholdengo|0 fnt
|faint|p1a: Gholdengo
|
|-heal|p2a: Dragonite|50/100|[from] item: Leftovers
|upkeep
|
|t:|1760436130
|switch|p1a: Weavile|Weavile, M|42/100
|turn|25
|
|t:|1760436139
|-terastallize|p2a: Dragonite|Flying
|move|p1a: Weavile|Ice Shard|p2a: Dragonite
|-supereffective|p2a: Dragonite
|-damage|p2a: Dragonite|7/100
|move|p2a: Dragonite|Tera Blast|p1a: Weavile|[anim] Tera Blast Flying
|-damage|p1a: Weavile|0 fnt
|faint|p1a: Weavile
|
|-heal|p2a: Dragonite|14/100|[from] item: Leftovers
|upkeep
|
|t:|1760436146
|switch|p1a: Corviknight|Corviknight, F|45/100
|-ability|p1a: Corviknight|Pressure
|turn|26
|
|t:|1760436152
|move|p2a: Dragonite|Rock Slide|p1a: Corviknight
|-damage|p1a: Corviknight|3/100
|move|p1a: Corviknight|Brave Bird|p2a: Dragonite
|-damage|p2a: Dragonite|0 fnt
|faint|p2a: Dragonite
|-damage|p1a: Corviknight|0 fnt|[from] Recoil
|faint|p1a: Corviknight
|
|upkeep
|
|t:|1760436180
|switch|p2a: Landorus|Landorus-Therian, M|26/100
|switch|p1a: Sandy Shocks|Sandy Shocks|100/100
|-ability|p2a: Landorus|Intimidate|boost
|-unboost|p1a: Sandy Shocks|atk|1
|-enditem|p1a: Sandy Shocks|Booster Energy
|-activate|p1a: Sandy Shocks|ability: Protosynthesis|[fromitem]
|-start|p1a: Sandy Shocks|protosynthesisspe
|turn|27
|inactive|tomatic has 120 seconds left.
|
|t:|1760436211
|move|p1a: Sandy Shocks|Tera Blast|p2a: Landorus
|-damage|p2a: Landorus|0 fnt
|faint|p2a: Landorus
|
|upkeep
|
|t:|1760436214
|switch|p2a: Scizor|Scizor, F|45/100
|turn|28
|
|t:|1760436221
|move|p1a: Sandy Shocks|Thunderbolt|p2a: Scizor
|-damage|p2a: Scizor|0 fnt
|faint|p2a: Scizor
|
|win|cr aries
|raw|cr aries's rating: 1573 &rarr; <strong>1587</strong><br />(+14 for winning)
|raw|tomatic's rating: 1470 &rarr; <strong>1456</strong><br />(-14 for losing)
|l|☆tomatic
|player|p2|
|l|☆cr aries
|player|p1|
