|j|☆deathprofessor21
|j|☆riceyyyy
|t:|1760353447
|gametype|singles
|player|p1|deathprofessor21|2|1678
|player|p2|riceyyyy|firebreather|1663
|gen|9
|tier|[Gen 9] OU
|rated|
|rule|HP Percentage Mod: HP is shown in percentages
|rule|Endless Battle Clause: Forcing endless battles is banned
|rule|Species Clause: Limit one of each Pokémon
|rule|OHKO Clause: OHKO moves are banned
|rule|Evasion Items Clause: Evasion items are banned
|rule|Evasion Moves Clause: Evasion moves are banned
|rule|Evasion Abilities Clause: Evasion abilities are banned
|rule|Sleep Moves Clause: Sleep-inducing moves are banned
|clearpoke
|poke|p1|Slowking-Galar, M|
|poke|p1|Zamazenta-*|
|poke|p1|Ceruledge, M|
|poke|p1|Hydrapple, M|
|poke|p1|Darkrai|
|poke|p1|Mandibuzz, F|
|poke|p2|Conkeldurr, M|
|poke|p2|Ogerpon-Wellspring, F|
|poke|p2|Ting-Lu|
|poke|p2|Corviknight, F|
|poke|p2|Great Tusk|
|poke|p2|Iron Moth|
|teampreview
|inactive|Battle timer is ON: inactive players will automatically lose when time's up. (requested by deathprofessor21)
|j| ertyplm
|inactive|riceyyyy has 120 seconds left.
|j| quimeratech
|inactive|riceyyyy has 90 seconds left.
|
|t:|1760353523
|teamsize|p1|6
|teamsize|p2|6
|start
|switch|p1a: Slowking|Slowking-Galar, M|100/100
|switch|p2a: Lizzy V Woman|Ogerpon-Wellspring, F|100/100
|turn|1
|
|t:|1760353543
|switch|p2a: Ting-Lu|Ting-Lu|100/100
|-ability|p2a: Ting-Lu|Vessel of Ruin
|move|p1a: Slowking|Sludge Bomb|p2a: Ting-Lu
|-resisted|p2a: Ting-Lu
|-damage|p2a: Ting-Lu|93/100
|-status|p2a: Ting-Lu|psn
|
|-heal|p2a: Ting-Lu|99/100 psn|[from] item: Leftovers
|-damage|p2a: Ting-Lu|87/100 psn|[from] psn
|upkeep
|turn|2
|
|t:|1760353555
|switch|p1a: Hydrapple|Hydrapple, M|100/100
|move|p2a: Ting-Lu|Ruination|p1a: Hydrapple
|-damage|p1a: Hydrapple|51/100
|
|-heal|p2a: Ting-Lu|93/100 psn|[from] item: Leftovers
|-damage|p2a: Ting-Lu|81/100 psn|[from] psn
|upkeep
|turn|3
|
|t:|1760353568
|switch|p1a: Slowking|Slowking-Galar, M|100/100
|switch|p2a: Corviknight|Corviknight, F|100/100
|
|upkeep
|turn|4
|
|t:|1760353575
|switch|p2a: Ting-Lu|Ting-Lu|81/100 psn
|-ability|p2a: Ting-Lu|Vessel of Ruin
|move|p1a: Slowking|Flamethrower|p2a: Ting-Lu
|-damage|p2a: Ting-Lu|70/100 psn
|
|-heal|p2a: Ting-Lu|76/100 psn|[from] item: Leftovers
|-damage|p2a: Ting-Lu|64/100 psn|[from] psn
|upkeep
|turn|5
|
|t:|1760353587
|move|p1a: Slowking|Ice Beam|p2a: Ting-Lu
|-supereffective|p2a: Ting-Lu
|-damage|p2a: Ting-Lu|43/100 psn
|move|p2a: Ting-Lu|Stealth Rock|p1a: Slowking
|-sidestart|p1: deathprofessor21|move: Stealth Rock
|
|-heal|p2a: Ting-Lu|49/100 psn|[from] item: Leftovers
|-damage|p2a: Ting-Lu|36/100 psn|[from] psn
|upkeep
|turn|6
|
|t:|1760353602
|switch|p1a: Hydrapple|Hydrapple, M|84/100
|-damage|p1a: Hydrapple|72/100|[from] Stealth Rock
|switch|p2a: Iron Moth|Iron Moth|100/100
|
|upkeep
|turn|7
|
|t:|1760353607
|move|p2a: Iron Moth|U-turn|p1a: Hydrapple
|-supereffective|p1a: Hydrapple
|-damage|p1a: Hydrapple|54/100
|
|t:|1760353634
|-end|p2a: Iron Moth|Quark Drive|[silent]
|switch|p2a: Ting-Lu|Ting-Lu|36/100 psn|[from] U-turn
|-ability|p2a: Ting-Lu|Vessel of Ruin
|move|p1a: Hydrapple|Earth Power|p2a: Ting-Lu
|-damage|p2a: Ting-Lu|23/100 psn
|
|-heal|p2a: Ting-Lu|29/100 psn|[from] item: Leftovers
|-damage|p2a: Ting-Lu|17/100 psn|[from] psn
|upkeep
|turn|8
|inactive|riceyyyy has 120 seconds left.
|
|t:|1760353656
|switch|p1a: Slowking|Slowking-Galar, M|100/100
|-damage|p1a: Slowking|88/100|[from] Stealth Rock
|switch|p2a: Iron Moth|Iron Moth|100/100
|
|upkeep
|turn|9
|l| quimeratech
|
|t:|1760353665
|move|p2a: Iron Moth|U-turn|p1a: Slowking
|-damage|p1a: Slowking|77/100
|
|t:|1760353667
|-end|p2a: Iron Moth|Quark Drive|[silent]
|switch|p2a: Ting-Lu|Ting-Lu|17/100 psn|[from] U-turn
|-ability|p2a: Ting-Lu|Vessel of Ruin
|move|p1a: Slowking|Psychic Noise|p2a: Ting-Lu
|-immune|p2a: Ting-Lu
|
|-heal|p2a: Ting-Lu|23/100 psn|[from] item: Leftovers
|-damage|p2a: Ting-Lu|11/100 psn|[from] psn
|upkeep
|turn|10
|j| quimeratech
|
|t:|1760353670
|switch|p1a: Hydrapple|Hydrapple, M|87/100
|-damage|p1a: Hydrapple|75/100|[from] Stealth Rock
|move|p2a: Ting-Lu|Ruination|p1a: Hydrapple
|-damage|p1a: Hydrapple|38/100
|
|-heal|p2a: Ting-Lu|17/100 psn|[from] item: Leftovers
|-damage|p2a: Ting-Lu|4/100 psn|[from] psn
|upkeep
|turn|11
|
|t:|1760353687
|switch|p1a: Mandibuzz|Mandibuzz, F|100/100
|move|p2a: Ting-Lu|Ruination|p1a: Mandibuzz
|-damage|p1a: Mandibuzz|50/100
|
|-heal|p2a: Ting-Lu|11/100 psn|[from] item: Leftovers
|-damage|p2a: Ting-Lu|0 fnt|[from] psn
|faint|p2a: Ting-Lu
|upkeep
|l| quimeratech
|inactive|riceyyyy has 120 seconds left.
|
|t:|1760353723
|switch|p2a: Conkeldurr|Conkeldurr, M, shiny|100/100
|turn|12
|
|t:|1760353729
|move|p1a: Mandibuzz|Defog|p2a: Conkeldurr
|-unboost|p2a: Conkeldurr|evasion|1
|-sideend|p1: deathprofessor21|Stealth Rock|[from] move: Defog|[of] p1a: Mandibuzz
|move|p2a: Conkeldurr|Knock Off|p1a: Mandibuzz
|-resisted|p1a: Mandibuzz
|-damage|p1a: Mandibuzz|38/100
|-enditem|p1a: Mandibuzz|Heavy-Duty Boots|[from] move: Knock Off|[of] p2a: Conkeldurr
|
|-status|p2a: Conkeldurr|brn|[from] item: Flame Orb
|upkeep
|turn|13
|j| quimeratech
|inactive|riceyyyy has 120 seconds left.
|
|t:|1760353747
|move|p1a: Mandibuzz|Foul Play|p2a: Conkeldurr
|-resisted|p2a: Conkeldurr
|-damage|p2a: Conkeldurr|78/100 brn
|move|p2a: Conkeldurr|Close Combat|p1a: Mandibuzz
|-damage|p1a: Mandibuzz|0 fnt
|-unboost|p2a: Conkeldurr|def|1
|-unboost|p2a: Conkeldurr|spd|1
|faint|p1a: Mandibuzz
|
|-damage|p2a: Conkeldurr|72/100 brn|[from] brn
|upkeep
|
|t:|1760353759
|switch|p1a: Ceruledge|Ceruledge, M|100/100
|turn|14
|inactive|riceyyyy has 120 seconds left.
|inactive|riceyyyy has 90 seconds left.
|
|t:|1760353819
|switch|p2a: Lizzy V Woman|Ogerpon-Wellspring, F|100/100
|move|p1a: Ceruledge|Swords Dance|p1a: Ceruledge
|-boost|p1a: Ceruledge|atk|2
|
|upkeep
|turn|15
|
|t:|1760353827
|move|p2a: Lizzy V Woman|Ivy Cudgel|p1a: Ceruledge|[anim] Ivy Cudgel Water
|-supereffective|p1a: Ceruledge
|-enditem|p1a: Ceruledge|Focus Sash
|-damage|p1a: Ceruledge|1/100
|-ability|p1a: Ceruledge|Weak Armor|boost
|-unboost|p1a: Ceruledge|def|1
|-boost|p1a: Ceruledge|spe|2
|move|p1a: Ceruledge|Bitter Blade|p2a: Lizzy V Woman
|-crit|p2a: Lizzy V Woman
|-damage|p2a: Lizzy V Woman|0 fnt
|-heal|p1a: Ceruledge|53/100|[from] drain|[of] p2a: Lizzy V Woman
|faint|p2a: Lizzy V Woman
|
|upkeep
|inactive|riceyyyy has 90 seconds left.
|
|t:|1760353841
|switch|p2a: Great Tusk|Great Tusk|100/100
|-enditem|p2a: Great Tusk|Booster Energy
|-activate|p2a: Great Tusk|ability: Protosynthesis|[fromitem]
|-start|p2a: Great Tusk|protosynthesisspe
|turn|16
|inactive|deathprofessor21 has 120 seconds left.
|
|t:|1760353890
|move|p1a: Ceruledge|Bitter Blade|p2a: Great Tusk
|-damage|p2a: Great Tusk|43/100
|-heal|p1a: Ceruledge|96/100|[from] drain|[of] p2a: Great Tusk
|move|p2a: Great Tusk|Headlong Rush|p1a: Ceruledge
|-supereffective|p1a: Ceruledge
|-damage|p1a: Ceruledge|0 fnt
|-unboost|p2a: Great Tusk|def|1
|-unboost|p2a: Great Tusk|spd|1
|faint|p1a: Ceruledge
|
|upkeep
|
|t:|1760353900
|switch|p1a: Zamazenta|Zamazenta|100/100
|-ability|p1a: Zamazenta|Dauntless Shield|boost
|-boost|p1a: Zamazenta|def|1
|turn|17
|
|t:|1760353914
|-end|p2a: Great Tusk|Protosynthesis|[silent]
|switch|p2a: Corviknight|Corviknight, F|100/100
|move|p1a: Zamazenta|Iron Defense|p1a: Zamazenta
|-boost|p1a: Zamazenta|def|2
|
|upkeep
|turn|18
|inactive|riceyyyy has 90 seconds left.
|
|t:|1760353935
|move|p1a: Zamazenta|Substitute|p1a: Zamazenta
|-start|p1a: Zamazenta|Substitute
|-damage|p1a: Zamazenta|76/100
|move|p2a: Corviknight|Iron Defense|p2a: Corviknight
|-boost|p2a: Corviknight|def|2
|
|-heal|p1a: Zamazenta|82/100|[from] item: Leftovers
|upkeep
|turn|19
|inactive|riceyyyy has 90 seconds left.
|inactive|deathprofessor21 has 90 seconds left.
|l| quimeratech
|
|t:|1760353965
|move|p1a: Zamazenta|Body Press|p2a: Corviknight
|-damage|p2a: Corviknight|78/100
|-damage|p1a: Zamazenta|65/100|[from] item: Rocky Helmet|[of] p2a: Corviknight
|move|p2a: Corviknight|Iron Defense|p2a: Corviknight
|-boost|p2a: Corviknight|def|2
|
|-heal|p1a: Zamazenta|72/100|[from] item: Leftovers
|upkeep
|turn|20
|
|t:|1760353969
|move|p1a: Zamazenta|Iron Defense|p1a: Zamazenta
|-boost|p1a: Zamazenta|def|2
|move|p2a: Corviknight|Body Press|p1a: Zamazenta
|-activate|p1a: Zamazenta|move: Substitute|[damage]
|
|-heal|p1a: Zamazenta|78/100|[from] item: Leftovers
|upkeep
|turn|21
|
|t:|1760353972
|move|p1a: Zamazenta|Body Press|p2a: Corviknight
|-damage|p2a: Corviknight|55/100
|-damage|p1a: Zamazenta|61/100|[from] item: Rocky Helmet|[of] p2a: Corviknight
|move|p2a: Corviknight|Roost|p2a: Corviknight
|-heal|p2a: Corviknight|100/100
|-singleturn|p2a: Corviknight|move: Roost
|
|-heal|p1a: Zamazenta|67/100|[from] item: Leftovers
|upkeep
|turn|22
|
|t:|1760353977
|move|p1a: Zamazenta|Body Press|p2a: Corviknight
|-damage|p2a: Corviknight|80/100
|-damage|p1a: Zamazenta|51/100|[from] item: Rocky Helmet|[of] p2a: Corviknight
|move|p2a: Corviknight|Body Press|p1a: Zamazenta
|-end|p1a: Zamazenta|Substitute
|
|-heal|p1a: Zamazenta|57/100|[from] item: Leftovers
|upkeep
|turn|23
|inactive|riceyyyy has 120 seconds left.
|
|t:|1760353991
|switch|p2a: Conkeldurr|Conkeldurr, M, shiny|72/100 brn
|move|p1a: Zamazenta|Substitute|p1a: Zamazenta
|-start|p1a: Zamazenta|Substitute
|-damage|p1a: Zamazenta|32/100
|
|-heal|p1a: Zamazenta|38/100|[from] item: Leftovers
|-damage|p2a: Conkeldurr|65/100 brn|[from] brn
|upkeep
|turn|24
|inactive|riceyyyy has 120 seconds left.
|
|t:|1760354031
|move|p2a: Conkeldurr|Mach Punch|p1a: Zamazenta
|-activate|p1a: Zamazenta|move: Substitute|[damage]
|move|p1a: Zamazenta|Body Press|p2a: Conkeldurr
|-damage|p2a: Conkeldurr|0 fnt
|faint|p2a: Conkeldurr
|
|-heal|p1a: Zamazenta|45/100|[from] item: Leftovers
|upkeep
|
|t:|1760354033
|switch|p2a: Corviknight|Corviknight, F|80/100
|turn|25
|
|t:|1760354040
|-terastallize|p2a: Corviknight|Ghost
|move|p1a: Zamazenta|Body Press|p2a: Corviknight
|-immune|p2a: Corviknight
|move|p2a: Corviknight|Iron Defense|p2a: Corviknight
|-boost|p2a: Corviknight|def|2
|
|-heal|p1a: Zamazenta|51/100|[from] item: Leftovers
|upkeep
|turn|26
|
|t:|1760354055
|switch|p1a: Slowking|Slowking-Galar, M|100/100
|move|p2a: Corviknight|Body Press|p1a: Slowking
|-resisted|p1a: Slowking
|-damage|p1a: Slowking|87/100
|
|upkeep
|turn|27
|
|t:|1760354071
|switch|p2a: Iron Moth|Iron Moth|100/100
|move|p1a: Slowking|Psychic Noise|p2a: Iron Moth
|-supereffective|p2a: Iron Moth
|-damage|p2a: Iron Moth|38/100
|-start|p2a: Iron Moth|move: Heal Block
|
|upkeep
|turn|28
|
|t:|1760354076
|move|p2a: Iron Moth|Fiery Dance|p1a: Slowking
|-damage|p1a: Slowking|58/100
|move|p1a: Slowking|Psychic Noise|p2a: Iron Moth
|-supereffective|p2a: Iron Moth
|-damage|p2a: Iron Moth|0 fnt
|faint|p2a: Iron Moth
|-end|p2a: Iron Moth|Quark Drive|[silent]
|
|upkeep
|
|t:|1760354080
|switch|p2a: Great Tusk|Great Tusk|43/100
|turn|29
|
|t:|1760354099
|-terastallize|p1a: Slowking|Bug
|move|p2a: Great Tusk|Headlong Rush|p1a: Slowking
|-resisted|p1a: Slowking
|-damage|p1a: Slowking|32/100
|-unboost|p2a: Great Tusk|def|1
|-unboost|p2a: Great Tusk|spd|1
|move|p1a: Slowking|Psychic Noise|p2a: Great Tusk
|-supereffective|p2a: Great Tusk
|-damage|p2a: Great Tusk|0 fnt
|faint|p2a: Great Tusk
|-end|p2a: Great Tusk|Protosynthesis|[silent]
|
|upkeep
|-message|riceyyyy forfeited.
|
|win|deathprofessor21
|raw|deathprofessor21's rating: 1678 &rarr; <strong>1697</strong><br />(+19 for winning)
|raw|riceyyyy's rating: 1663 &rarr; <strong>1644</strong><br />(-19 for losing)
|l|☆riceyyyy
|player|p2|
|l|☆deathprofessor21
|player|p1|
|l| ertyplm
