|j|☆koucokr
|j|☆suijilurenjia
|t:|1760450078
|gametype|singles
|player|p1|koucokr|iris-gen5bw2|1161
|player|p2|suijilurenjia|bugcatcher-gen4dp|1189
|gen|9
|tier|[Gen 9] OU
|rated|
|rule|HP Percentage Mod: HP is shown in percentages
|rule|Endless Battle Clause: Forcing endless battles is banned
|rule|Species Clause: Limit one of each Pokémon
|rule|OHKO Clause: OHKO moves are banned
|rule|Evasion Items Clause: Evasion items are banned
|rule|Evasion Moves Clause: Evasion moves are banned
|rule|Evasion Abilities Clause: Evasion abilities are banned
|rule|Sleep Moves Clause: Sleep-inducing moves are banned
|clearpoke
|poke|p1|Kingambit, F|
|poke|p1|Cinderace, F|
|poke|p1|Landorus-Therian, M|
|poke|p1|Iron Valiant|
|poke|p1|Kyurem|
|poke|p1|Slowking-Galar, M|
|poke|p2|Mandibuzz, F|
|poke|p2|Coalossal, M|
|poke|p2|Slowking-Galar, F|
|poke|p2|Diancie|
|poke|p2|Zebstrika, F|
|poke|p2|Meowstic, M|
|teampreview
|inactive|Battle timer is ON: inactive players will automatically lose when time's up. (requested by suijilurenjia)
|
|t:|1760450101
|teamsize|p1|6
|teamsize|p2|6
|start
|switch|p1a: 랜드로스|Landorus-Therian, M, shiny|100/100
|switch|p2a: Zebstrika|Zebstrika, F|100/100
|-ability|p1a: 랜드로스|Intimidate|boost
|-unboost|p2a: Zebstrika|atk|1
|turn|1
|
|t:|1760450107
|switch|p2a: Mandibuzz|Mandibuzz, F|100/100
|move|p1a: 랜드로스|Stealth Rock|p2a: Mandibuzz
|-sidestart|p2: suijilurenjia|move: Stealth Rock
|
|upkeep
|turn|2
|inactive|koucokr has 120 seconds left.
|
|t:|1760450139
|move|p1a: 랜드로스|Taunt|p2a: Mandibuzz
|-start|p2a: Mandibuzz|move: Taunt
|cant|p2a: Mandibuzz|move: Taunt|Defog
|
|upkeep
|turn|3
|inactive|koucokr has 120 seconds left.
|
|t:|1760450151
|move|p1a: 랜드로스|U-turn|p2a: Mandibuzz
|-damage|p2a: Mandibuzz|87/100
|-damage|p1a: 랜드로스|84/100|[from] item: Rocky Helmet|[of] p2a: Mandibuzz
|inactive|koucokr has 120 seconds left.
|
|t:|1760450158
|switch|p1a: 대도각참|Kingambit, F|100/100|[from] U-turn
|move|p2a: Mandibuzz|Foul Play|p1a: 대도각참
|-resisted|p1a: 대도각참
|-damage|p1a: 대도각참|77/100
|
|-heal|p1a: 대도각참|83/100|[from] item: Leftovers
|upkeep
|turn|4
|
|t:|1760450175
|move|p2a: Mandibuzz|Foul Play|p1a: 대도각참
|-resisted|p1a: 대도각참
|-damage|p1a: 대도각참|63/100
|move|p1a: 대도각참|Swords Dance|p1a: 대도각참
|-boost|p1a: 대도각참|atk|2
|
|-heal|p1a: 대도각참|69/100|[from] item: Leftovers
|-end|p2a: Mandibuzz|move: Taunt
|upkeep
|turn|5
|
|t:|1760450187
|switch|p2a: Zebstrika|Zebstrika, F|100/100
|-damage|p2a: Zebstrika|88/100|[from] Stealth Rock
|move|p1a: 대도각참|Iron Head|p2a: Zebstrika
|-resisted|p2a: Zebstrika
|-damage|p2a: Zebstrika|7/100
|
|-heal|p1a: 대도각참|76/100|[from] item: Leftovers
|upkeep
|turn|6
|
|t:|1760450194
|move|p1a: 대도각참|Sucker Punch|p2a: Zebstrika
|-damage|p2a: Zebstrika|0 fnt
|faint|p2a: Zebstrika
|
|-heal|p1a: 대도각참|82/100|[from] item: Leftovers
|upkeep
|
|t:|1760450206
|switch|p2a: Slowking|Slowking-Galar, F|100/100
|-damage|p2a: Slowking|88/100|[from] Stealth Rock
|turn|7
|
|t:|1760450222
|-terastallize|p2a: Slowking|Poison
|move|p1a: 대도각참|Kowtow Cleave|p2a: Slowking
|-damage|p2a: Slowking|0 fnt
|faint|p2a: Slowking
|
|-heal|p1a: 대도각참|88/100|[from] item: Leftovers
|upkeep
|
|t:|1760450233
|switch|p2a: Mandibuzz|Mandibuzz, F|87/100
|-damage|p2a: Mandibuzz|62/100|[from] Stealth Rock
|turn|8
|
|t:|1760450243
|move|p2a: Mandibuzz|Defog|p1a: 대도각참
|-unboost|p1a: 대도각참|evasion|1
|-sideend|p2: suijilurenjia|Stealth Rock|[from] move: Defog|[of] p2a: Mandibuzz
|move|p1a: 대도각참|Iron Head|p2a: Mandibuzz
|-damage|p2a: Mandibuzz|10/100
|-damage|p1a: 대도각참|72/100|[from] item: Rocky Helmet|[of] p2a: Mandibuzz
|
|-heal|p1a: 대도각참|78/100|[from] item: Leftovers
|upkeep
|turn|9
|
|t:|1760450256
|move|p2a: Mandibuzz|Roost|p2a: Mandibuzz
|-heal|p2a: Mandibuzz|60/100
|-singleturn|p2a: Mandibuzz|move: Roost
|move|p1a: 대도각참|Iron Head|p2a: Mandibuzz
|-damage|p2a: Mandibuzz|2/100
|-damage|p1a: 대도각참|61/100|[from] item: Rocky Helmet|[of] p2a: Mandibuzz
|
|-heal|p1a: 대도각참|67/100|[from] item: Leftovers
|upkeep
|turn|10
|
|t:|1760450269
|move|p2a: Mandibuzz|Foul Play|p1a: 대도각참
|-resisted|p1a: 대도각참
|-damage|p1a: 대도각참|19/100
|move|p1a: 대도각참|Swords Dance|p1a: 대도각참
|-boost|p1a: 대도각참|atk|2
|
|-heal|p1a: 대도각참|26/100|[from] item: Leftovers
|upkeep
|turn|11
|
|t:|1760450280
|move|p1a: 대도각참|Sucker Punch||[still]
|-fail|p1a: 대도각참
|move|p2a: Mandibuzz|Roost|p2a: Mandibuzz
|-heal|p2a: Mandibuzz|52/100
|-singleturn|p2a: Mandibuzz|move: Roost
|
|-heal|p1a: 대도각참|32/100|[from] item: Leftovers
|upkeep
|turn|12
|
|t:|1760450283
|move|p1a: 대도각참|Sucker Punch|p2a: Mandibuzz
|-resisted|p2a: Mandibuzz
|-damage|p2a: Mandibuzz|18/100
|-damage|p1a: 대도각참|15/100|[from] item: Rocky Helmet|[of] p2a: Mandibuzz
|move|p2a: Mandibuzz|Foul Play|p1a: 대도각참
|-resisted|p1a: 대도각참
|-damage|p1a: 대도각참|0 fnt
|faint|p1a: 대도각참
|-end|p1a: 대도각참|fallenundefined|[silent]
|
|upkeep
|
|t:|1760450295
|switch|p1a: 에이스번|Cinderace, F, shiny|100/100
|turn|13
|
|t:|1760450306
|switch|p2a: Coalossal|Coalossal, M|100/100
|-item|p2a: Coalossal|Air Balloon
|move|p1a: 에이스번|Pyro Ball|p2a: Coalossal
|-resisted|p2a: Coalossal
|-crit|p2a: Coalossal
|-damage|p2a: Coalossal|88/100
|-ability|p2a: Coalossal|Steam Engine|boost
|-boost|p2a: Coalossal|spe|6
|-enditem|p2a: Coalossal|Air Balloon
|
|upkeep
|turn|14
|
|t:|1760450324
|move|p2a: Coalossal|Earthquake|p1a: 에이스번
|-supereffective|p1a: 에이스번
|-damage|p1a: 에이스번|59/100
|move|p1a: 에이스번|U-turn|p2a: Coalossal
|-resisted|p2a: Coalossal
|-damage|p2a: Coalossal|82/100
|
|t:|1760450331
|switch|p1a: 랜드로스|Landorus-Therian, M, shiny|84/100|[from] U-turn
|-ability|p1a: 랜드로스|Intimidate|boost
|-unboost|p2a: Coalossal|atk|1
|
|upkeep
|turn|15
|
|t:|1760450343
|move|p2a: Coalossal|Heat Crash|p1a: 랜드로스
|-damage|p1a: 랜드로스|68/100
|-damage|p2a: Coalossal|65/100|[from] item: Rocky Helmet|[of] p1a: 랜드로스
|move|p1a: 랜드로스|Stealth Rock|p2a: Coalossal
|-sidestart|p2: suijilurenjia|move: Stealth Rock
|
|upkeep
|turn|16
|
|t:|1760450352
|move|p2a: Coalossal|Stealth Rock|p1a: 랜드로스
|-sidestart|p1: koucokr|move: Stealth Rock
|move|p1a: 랜드로스|Earthquake|p2a: Coalossal
|-supereffective|p2a: Coalossal
|-damage|p2a: Coalossal|0 fnt
|faint|p2a: Coalossal
|
|upkeep
|
|t:|1760450367
|switch|p2a: Meowstic|Meowstic, M|100/100
|-damage|p2a: Meowstic|88/100|[from] Stealth Rock
|turn|17
|inactive|koucokr has 120 seconds left.
|
|t:|1760450398
|move|p2a: Meowstic|Reflect|p2a: Meowstic
|-sidestart|p2: suijilurenjia|Reflect
|move|p1a: 랜드로스|Taunt|p2a: Meowstic
|-start|p2a: Meowstic|move: Taunt
|
|upkeep
|turn|18
|inactive|koucokr has 120 seconds left.
|
|t:|1760450416
|move|p1a: 랜드로스|U-turn|p2a: Meowstic
|-supereffective|p2a: Meowstic
|-damage|p2a: Meowstic|62/100
|
|t:|1760450424
|switch|p1a: 무쇠무인|Iron Valiant|100/100|[from] U-turn
|-damage|p1a: 무쇠무인|94/100|[from] Stealth Rock
|-enditem|p1a: 무쇠무인|Booster Energy
|-activate|p1a: 무쇠무인|ability: Quark Drive|[fromitem]
|-start|p1a: 무쇠무인|quarkdrivespe
|move|p2a: Meowstic|Psychic|p1a: 무쇠무인
|-supereffective|p1a: 무쇠무인
|-damage|p1a: 무쇠무인|0 fnt
|faint|p1a: 무쇠무인
|-end|p1a: 무쇠무인|Quark Drive|[silent]
|
|upkeep
|
|t:|1760450430
|switch|p1a: 큐레무|Kyurem, shiny|100/100
|-damage|p1a: 큐레무|75/100|[from] Stealth Rock
|-ability|p1a: 큐레무|Pressure
|turn|19
|inactive|koucokr has 120 seconds left.
|
|t:|1760450439
|move|p1a: 큐레무|Freeze-Dry|p2a: Meowstic
|-damage|p2a: Meowstic|19/100
|move|p2a: Meowstic|Psychic|p1a: 큐레무
|-crit|p1a: 큐레무
|-damage|p1a: 큐레무|24/100
|
|-heal|p1a: 큐레무|30/100|[from] item: Leftovers
|upkeep
|turn|20
|
|t:|1760450464
|switch|p2a: Diancie|Diancie|100/100
|-damage|p2a: Diancie|88/100|[from] Stealth Rock
|move|p1a: 큐레무|Earth Power|p2a: Diancie
|-supereffective|p2a: Diancie
|-damage|p2a: Diancie|57/100
|
|-heal|p1a: 큐레무|36/100|[from] item: Leftovers
|upkeep
|turn|21
|
|t:|1760450476
|move|p1a: 큐레무|Protect|p1a: 큐레무
|-singleturn|p1a: 큐레무|Protect
|move|p2a: Diancie|Moonblast|p1a: 큐레무
|-activate|p1a: 큐레무|move: Protect
|
|-heal|p1a: 큐레무|42/100|[from] item: Leftovers
|-sideend|p2: suijilurenjia|Reflect
|upkeep
|turn|22
|
|t:|1760450486
|-terastallize|p1a: 큐레무|Ground
|move|p1a: 큐레무|Earth Power|p2a: Diancie
|-supereffective|p2a: Diancie
|-damage|p2a: Diancie|12/100
|move|p2a: Diancie|Moonblast|p1a: 큐레무
|-damage|p1a: 큐레무|3/100
|
|-heal|p1a: 큐레무|9/100|[from] item: Leftovers
|upkeep
|turn|23
|
|t:|1760450497
|switch|p2a: Mandibuzz|Mandibuzz, F|18/100
|-damage|p2a: Mandibuzz|0 fnt|[from] Stealth Rock
|faint|p2a: Mandibuzz
|move|p1a: 큐레무|Freeze-Dry|p2: Mandibuzz|[notarget]
|-fail|p1a: 큐레무
|
|-heal|p1a: 큐레무|15/100|[from] item: Leftovers
|upkeep
|
|t:|1760450505
|switch|p2a: Diancie|Diancie|12/100
|-damage|p2a: Diancie|0 fnt|[from] Stealth Rock
|faint|p2a: Diancie
|
|t:|1760450507
|switch|p2a: Meowstic|Meowstic, M|19/100
|-damage|p2a: Meowstic|6/100|[from] Stealth Rock
|turn|24
|
|t:|1760450513
|move|p1a: 큐레무|Protect|p1a: 큐레무
|-singleturn|p1a: 큐레무|Protect
|move|p2a: Meowstic|Psychic|p1a: 큐레무
|-activate|p1a: 큐레무|move: Protect
|
|-heal|p1a: 큐레무|21/100|[from] item: Leftovers
|upkeep
|turn|25
|
|t:|1760450521
|move|p1a: 큐레무|Freeze-Dry|p2a: Meowstic
|-damage|p2a: Meowstic|0 fnt
|faint|p2a: Meowstic
|
|win|koucokr
|raw|koucokr's rating: 1161 &rarr; <strong>1188</strong><br />(+27 for winning)
|raw|suijilurenjia's rating: 1189 &rarr; <strong>1162</strong><br />(-27 for losing)
|l|☆koucokr
|player|p1|
|l|☆suijilurenjia
|player|p2|
