|j|☆NeoNaruto✈️_✈️
|j|☆drop a baby
|t:|1760387846
|gametype|singles
|player|p1|NeoNaruto✈️_✈️|medium|1706
|player|p2|drop a baby|chase|1801
|gen|9
|tier|[Gen 9] OU
|rated|
|rule|HP Percentage Mod: HP is shown in percentages
|rule|Endless Battle Clause: Forcing endless battles is banned
|rule|Species Clause: Limit one of each Pokémon
|rule|OHKO Clause: OHKO moves are banned
|rule|Evasion Items Clause: Evasion items are banned
|rule|Evasion Moves Clause: Evasion moves are banned
|rule|Evasion Abilities Clause: Evasion abilities are banned
|rule|Sleep Moves Clause: Sleep-inducing moves are banned
|clearpoke
|poke|p1|Tyranitar, F|
|poke|p1|Iron Moth|
|poke|p1|Staraptor, M|
|poke|p1|Garchomp, M|
|poke|p1|Torkoal, M|
|poke|p1|Dragonite, M|
|poke|p2|Raging Bolt|
|poke|p2|Slowking-Galar, M|
|poke|p2|Landorus-Therian, M|
|poke|p2|Kingambit, M|
|poke|p2|Meowscarada, M|
|poke|p2|Kyurem|
|teampreview
|inactive|Battle timer is ON: inactive players will automatically lose when time's up. (requested by NeoNaruto✈️_✈️)
|
|t:|1760387874
|teamsize|p1|6
|teamsize|p2|6
|start
|switch|p1a: VODECi IV|Iron Moth|100/100
|switch|p2a: Kyurem|Kyurem|100/100
|-ability|p2a: Kyurem|Pressure
|turn|1
|
|t:|1760387883
|switch|p2a: Slowking|Slowking-Galar, M|100/100
|move|p1a: VODECi IV|Overheat|p2a: Slowking
|-damage|p2a: Slowking|27/100
|-unboost|p1a: VODECi IV|spa|2
|
|upkeep
|turn|2
|
|t:|1760387889
|switch|p2a: Raging Bolt|Raging Bolt|100/100
|move|p1a: VODECi IV|Overheat|p2a: Raging Bolt
|-resisted|p2a: Raging Bolt
|-damage|p2a: Raging Bolt|71/100
|-unboost|p1a: VODECi IV|spa|2
|
|upkeep
|turn|3
|
|t:|1760387895
|-end|p1a: VODECi IV|Quark Drive|[silent]
|switch|p1a: DA LAST REX(3005)|Tyranitar, F|100/100
|-weather|Sandstorm|[from] ability: Sand Stream|[of] p1a: DA LAST REX(3005)
|-end|p2a: Raging Bolt|Protosynthesis|[silent]
|switch|p2a: Meowscarada|Meowscarada, M|100/100
|
|-weather|Sandstorm|[upkeep]
|-damage|p2a: Meowscarada|94/100|[from] Sandstorm
|upkeep
|turn|4
|
|t:|1760387903
|switch|p1a: BLITZ SOME OPPS|Garchomp, M|100/100
|move|p2a: Meowscarada|U-turn|p1a: BLITZ SOME OPPS
|-start|p2a: Meowscarada|typechange|Bug|[from] ability: Protean
|-crit|p1a: BLITZ SOME OPPS
|-damage|p1a: BLITZ SOME OPPS|71/100
|-damage|p2a: Meowscarada|82/100|[from] ability: Rough Skin|[of] p1a: BLITZ SOME OPPS
|-damage|p2a: Meowscarada|66/100|[from] item: Rocky Helmet|[of] p1a: BLITZ SOME OPPS
|
|t:|1760387907
|switch|p2a: Kyurem|Kyurem|100/100|[from] U-turn
|-ability|p2a: Kyurem|Pressure
|
|-weather|Sandstorm|[upkeep]
|-damage|p2a: Kyurem|94/100|[from] Sandstorm
|upkeep
|turn|5
|
|t:|1760387919
|switch|p1a: DA LAST REX(3005)|Tyranitar, F|100/100
|move|p2a: Kyurem|Scale Shot|p1a: DA LAST REX(3005)|[miss]
|-miss|p2a: Kyurem|p1a: DA LAST REX(3005)
|
|-weather|Sandstorm|[upkeep]
|-damage|p2a: Kyurem|88/100|[from] Sandstorm
|upkeep
|turn|6
|
|t:|1760387927
|move|p2a: Kyurem|Scale Shot|p1a: DA LAST REX(3005)
|-damage|p1a: DA LAST REX(3005)|89/100
|-damage|p1a: DA LAST REX(3005)|78/100
|-damage|p1a: DA LAST REX(3005)|67/100
|-damage|p1a: DA LAST REX(3005)|55/100
|-hitcount|p1a: DA LAST REX(3005)|4
|-unboost|p2a: Kyurem|def|1
|-boost|p2a: Kyurem|spe|1
|move|p1a: DA LAST REX(3005)|Knock Off|p2a: Kyurem
|-damage|p2a: Kyurem|25/100
|-enditem|p2a: Kyurem|Loaded Dice|[from] move: Knock Off|[of] p1a: DA LAST REX(3005)
|
|-weather|Sandstorm|[upkeep]
|-damage|p2a: Kyurem|19/100|[from] Sandstorm
|upkeep
|turn|7
|
|t:|1760387938
|move|p2a: Kyurem|Scale Shot|p1a: DA LAST REX(3005)
|-damage|p1a: DA LAST REX(3005)|43/100
|-damage|p1a: DA LAST REX(3005)|31/100
|-damage|p1a: DA LAST REX(3005)|19/100
|-damage|p1a: DA LAST REX(3005)|8/100
|-damage|p1a: DA LAST REX(3005)|0 fnt
|faint|p1a: DA LAST REX(3005)
|-hitcount|p1: DA LAST REX(3005)|5
|-unboost|p2a: Kyurem|def|1
|-boost|p2a: Kyurem|spe|1
|
|-weather|none
|upkeep
|
|t:|1760387942
|switch|p1a: OVO CHUBBS|Torkoal, M|100/100
|-weather|SunnyDay|[from] ability: Drought|[of] p1a: OVO CHUBBS
|turn|8
|
|t:|1760387948
|move|p2a: Kyurem|Scale Shot|p1a: OVO CHUBBS
|-damage|p1a: OVO CHUBBS|92/100
|-damage|p1a: OVO CHUBBS|83/100
|-damage|p1a: OVO CHUBBS|75/100
|-hitcount|p1a: OVO CHUBBS|3
|-unboost|p2a: Kyurem|def|1
|-boost|p2a: Kyurem|spe|1
|move|p1a: OVO CHUBBS|Lava Plume|p2a: Kyurem
|-damage|p2a: Kyurem|0 fnt
|faint|p2a: Kyurem
|
|-weather|SunnyDay|[upkeep]
|upkeep
|
|t:|1760387951
|switch|p2a: Raging Bolt|Raging Bolt|71/100
|-activate|p2a: Raging Bolt|ability: Protosynthesis
|-start|p2a: Raging Bolt|protosynthesisspa
|turn|9
|
|t:|1760387955
|switch|p1a: VODECi IV|Iron Moth|100/100
|move|p2a: Raging Bolt|Draco Meteor|p1a: VODECi IV|[miss]
|-miss|p2a: Raging Bolt|p1a: VODECi IV
|
|-weather|SunnyDay|[upkeep]
|upkeep
|turn|10
|
|t:|1760387968
|move|p1a: VODECi IV|Overheat|p2a: Raging Bolt
|-resisted|p2a: Raging Bolt
|-damage|p2a: Raging Bolt|0 fnt
|-unboost|p1a: VODECi IV|spa|2
|faint|p2a: Raging Bolt
|-end|p2a: Raging Bolt|Protosynthesis|[silent]
|
|-weather|SunnyDay|[upkeep]
|upkeep
|
|t:|1760387972
|switch|p2a: Landorus|Landorus-Therian, M|100/100
|-ability|p2a: Landorus|Intimidate|boost
|-unboost|p1a: VODECi IV|atk|1
|turn|11
|j| OP Earthquakes
|
|t:|1760387974
|move|p1a: VODECi IV|Overheat|p2a: Landorus
|-damage|p2a: Landorus|6/100
|-unboost|p1a: VODECi IV|spa|2
|move|p2a: Landorus|Stealth Rock|p1a: VODECi IV
|-sidestart|p1: NeoNaruto✈️_✈️|move: Stealth Rock
|
|-weather|SunnyDay|[upkeep]
|upkeep
|turn|12
|
|t:|1760387978
|switch|p2a: Slowking|Slowking-Galar, M|61/100
|move|p1a: VODECi IV|Overheat|p2a: Slowking|[miss]
|-miss|p1a: VODECi IV|p2a: Slowking
|
|-weather|none
|upkeep
|turn|13
|
|t:|1760387989
|move|p1a: VODECi IV|Overheat|p2a: Slowking
|-damage|p2a: Slowking|38/100
|-unboost|p1a: VODECi IV|spa|2
|move|p2a: Slowking|Ice Beam|p1a: VODECi IV
|-resisted|p1a: VODECi IV
|-damage|p1a: VODECi IV|89/100
|
|upkeep
|turn|14
|
|t:|1760387992
|move|p1a: VODECi IV|Overheat|p2a: Slowking
|-damage|p2a: Slowking|22/100
|-prepare|p2a: Slowking|Chilly Reception|[premajor]
|move|p2a: Slowking|Chilly Reception|p2a: Slowking
|-weather|Snowscape
|
|t:|1760387997
|switch|p2a: Meowscarada|Meowscarada, M|66/100|[from] Chilly Reception
|
|-weather|Snowscape|[upkeep]
|upkeep
|turn|15
|
|t:|1760388000
|-end|p1a: VODECi IV|Quark Drive|[silent]
|switch|p1a: OVO CHUBBS|Torkoal, M|75/100
|-weather|SunnyDay|[from] ability: Drought|[of] p1a: OVO CHUBBS
|move|p2a: Meowscarada|Knock Off|p1a: OVO CHUBBS
|-start|p2a: Meowscarada|typechange|Dark|[from] ability: Protean
|-damage|p1a: OVO CHUBBS|51/100
|-enditem|p1a: OVO CHUBBS|Heavy-Duty Boots|[from] move: Knock Off|[of] p2a: Meowscarada
|
|-weather|SunnyDay|[upkeep]
|upkeep
|turn|16
|
|t:|1760388003
|switch|p2a: Slowking|Slowking-Galar, M|55/100
|move|p1a: OVO CHUBBS|Rapid Spin|p2a: Slowking
|-crit|p2a: Slowking
|-damage|p2a: Slowking|40/100
|-boost|p1a: OVO CHUBBS|spe|1
|-sideend|p1: NeoNaruto✈️_✈️|Stealth Rock|[from] move: Rapid Spin|[of] p1a: OVO CHUBBS
|
|-weather|SunnyDay|[upkeep]
|upkeep
|turn|17
|
|t:|1760388006
|switch|p1a: VODECi IV|Iron Moth|89/100
|-prepare|p2a: Slowking|Chilly Reception|[premajor]
|move|p2a: Slowking|Chilly Reception|p2a: Slowking
|-weather|Snowscape
|
|t:|1760388008
|switch|p2a: Meowscarada|Meowscarada, M|66/100|[from] Chilly Reception
|
|-weather|Snowscape|[upkeep]
|upkeep
|turn|18
|
|t:|1760388010
|-end|p1a: VODECi IV|Quark Drive|[silent]
|switch|p1a: OVO CHUBBS|Torkoal, M|51/100
|-weather|SunnyDay|[from] ability: Drought|[of] p1a: OVO CHUBBS
|move|p2a: Meowscarada|Knock Off|p1a: OVO CHUBBS
|-start|p2a: Meowscarada|typechange|Dark|[from] ability: Protean
|-damage|p1a: OVO CHUBBS|32/100
|
|-weather|SunnyDay|[upkeep]
|upkeep
|turn|19
|
|t:|1760388013
|switch|p2a: Slowking|Slowking-Galar, M|74/100
|switch|p1a: VODECi IV|Iron Moth|89/100
|
|-weather|SunnyDay|[upkeep]
|upkeep
|turn|20
|
|t:|1760388015
|-terastallize|p2a: Slowking|Water
|move|p1a: VODECi IV|Overheat|p2a: Slowking
|-resisted|p2a: Slowking
|-damage|p2a: Slowking|21/100
|-unboost|p1a: VODECi IV|spa|2
|-prepare|p2a: Slowking|Chilly Reception|[premajor]
|move|p2a: Slowking|Chilly Reception|p2a: Slowking
|-weather|Snowscape
|
|t:|1760388017
|switch|p2a: Meowscarada|Meowscarada, M|66/100|[from] Chilly Reception
|
|-weather|Snowscape|[upkeep]
|upkeep
|turn|21
|
|t:|1760388020
|-end|p1a: VODECi IV|Quark Drive|[silent]
|switch|p1a: OVO CHUBBS|Torkoal, M|32/100
|-weather|SunnyDay|[from] ability: Drought|[of] p1a: OVO CHUBBS
|move|p2a: Meowscarada|Knock Off|p1a: OVO CHUBBS
|-start|p2a: Meowscarada|typechange|Dark|[from] ability: Protean
|-damage|p1a: OVO CHUBBS|16/100
|
|-weather|SunnyDay|[upkeep]
|upkeep
|turn|22
|
|t:|1760388024
|move|p2a: Meowscarada|Knock Off|p1a: OVO CHUBBS
|-damage|p1a: OVO CHUBBS|1/100
|move|p1a: OVO CHUBBS|Lava Plume|p2a: Meowscarada
|-damage|p2a: Meowscarada|6/100
|
|-weather|SunnyDay|[upkeep]
|upkeep
|turn|23
|
|t:|1760388028
|switch|p1a: BLITZ SOME OPPS|Garchomp, M|71/100
|move|p2a: Meowscarada|Knock Off|p1a: BLITZ SOME OPPS
|-damage|p1a: BLITZ SOME OPPS|44/100
|-damage|p2a: Meowscarada|0 fnt|[from] ability: Rough Skin|[of] p1a: BLITZ SOME OPPS
|faint|p2a: Meowscarada
|
|-weather|SunnyDay|[upkeep]
|upkeep
|
|t:|1760388031
|switch|p2a: Kingambit|Kingambit, M|100/100
|-activate|p2a: Kingambit|ability: Supreme Overlord
|-start|p2a: Kingambit|fallen3|[silent]
|turn|24
|
|t:|1760388034
|move|p2a: Kingambit|Sucker Punch|p1a: BLITZ SOME OPPS
|-damage|p1a: BLITZ SOME OPPS|12/100
|-damage|p2a: Kingambit|88/100|[from] ability: Rough Skin|[of] p1a: BLITZ SOME OPPS
|-damage|p2a: Kingambit|72/100|[from] item: Rocky Helmet|[of] p1a: BLITZ SOME OPPS
|move|p1a: BLITZ SOME OPPS|Breaking Swipe|p2a: Kingambit
|-resisted|p2a: Kingambit
|-damage|p2a: Kingambit|60/100
|-unboost|p2a: Kingambit|atk|1
|
|-weather|SunnyDay|[upkeep]
|-heal|p2a: Kingambit|66/100|[from] item: Leftovers
|upkeep
|turn|25
|-message|drop a baby forfeited.
|
|win|NeoNaruto✈️_✈️
|raw|NeoNaruto✈️_✈️'s rating: 1706 &rarr; <strong>1731</strong><br />(+25 for winning)
|raw|drop a baby's rating: 1801 &rarr; <strong>1776</strong><br />(-25 for losing)
|l|☆NeoNaruto✈️_✈️
|player|p1|
