|j|☆NoFishNoLife
|j|☆AivanStar
|t:|1760439300
|gametype|singles
|player|p1|NoFishNoLife|fisherman-gen4|1222
|player|p2|AivanStar|steven|1306
|gen|9
|tier|[Gen 9] OU
|rated|
|rule|HP Percentage Mod: HP is shown in percentages
|rule|Endless Battle Clause: Forcing endless battles is banned
|rule|Species Clause: Limit one of each Pokémon
|rule|OHKO Clause: OHKO moves are banned
|rule|Evasion Items Clause: Evasion items are banned
|rule|Evasion Moves Clause: Evasion moves are banned
|rule|Evasion Abilities Clause: Evasion abilities are banned
|rule|Sleep Moves Clause: Sleep-inducing moves are banned
|clearpoke
|poke|p1|Volcanion|
|poke|p1|Rabsca, F|
|poke|p1|Ditto|
|poke|p1|Clefable, M|
|poke|p1|Hoopa-Unbound|
|poke|p1|Cloyster, M|
|poke|p2|Weavile, M|
|poke|p2|Slowking-Galar, M|
|poke|p2|Dragapult, M|
|poke|p2|Ninetales-Alola, M|
|poke|p2|Blastoise, M|
|poke|p2|Garganacl, M|
|teampreview
|inactive|Battle timer is ON: inactive players will automatically lose when time's up. (requested by NoFishNoLife)
|
|t:|1760439307
|teamsize|p1|6
|teamsize|p2|6
|start
|switch|p1a: Fish|Volcanion|100/100
|switch|p2a: Ninetales|Ninetales-Alola, M|100/100
|-weather|Snowscape|[from] ability: Snow Warning|[of] p2a: Ninetales
|turn|1
|
|t:|1760439311
|move|p2a: Ninetales|Aurora Veil|p2a: Ninetales
|-sidestart|p2: AivanStar|move: Aurora Veil
|move|p1a: Fish|Fire Blast|p2a: Ninetales
|-supereffective|p2a: Ninetales
|-damage|p2a: Ninetales|31/100
|
|-weather|Snowscape|[upkeep]
|upkeep
|turn|2
|inactive|AivanStar has 120 seconds left.
|
|t:|1760439351
|switch|p2a: Dragapult|Dragapult, M, shiny|100/100
|move|p1a: Fish|Sludge Bomb|p2a: Dragapult
|-resisted|p2a: Dragapult
|-damage|p2a: Dragapult|89/100
|
|-weather|Snowscape|[upkeep]
|upkeep
|turn|3
|inactive|AivanStar has 120 seconds left.
|
|t:|1760439362
|move|p2a: Dragapult|Shadow Ball|p1a: Fish
|-damage|p1a: Fish|57/100
|-damage|p2a: Dragapult|79/100|[from] item: Life Orb
|move|p1a: Fish|Steam Eruption|p2a: Dragapult
|-resisted|p2a: Dragapult
|-damage|p2a: Dragapult|59/100
|-status|p2a: Dragapult|brn
|
|-weather|Snowscape|[upkeep]
|-damage|p2a: Dragapult|53/100 brn|[from] brn
|upkeep
|turn|4
|
|t:|1760439369
|move|p2a: Dragapult|Shadow Ball|p1a: Fish
|-damage|p1a: Fish|10/100
|-damage|p2a: Dragapult|43/100 brn|[from] item: Life Orb
|move|p1a: Fish|Steam Eruption|p2a: Dragapult
|-resisted|p2a: Dragapult
|-damage|p2a: Dragapult|21/100 brn
|
|-weather|Snowscape|[upkeep]
|-damage|p2a: Dragapult|15/100 brn|[from] brn
|upkeep
|turn|5
|
|t:|1760439384
|move|p2a: Dragapult|Shadow Ball|p1a: Fish
|-damage|p1a: Fish|0 fnt
|faint|p1a: Fish
|-damage|p2a: Dragapult|5/100 brn|[from] item: Life Orb
|
|-weather|none
|-damage|p2a: Dragapult|0 fnt|[from] brn
|faint|p2a: Dragapult
|upkeep
|
|t:|1760439397
|switch|p2a: Blastoise|Blastoise, M, shiny|100/100
|switch|p1a: Cloyster|Cloyster, M|100/100
|turn|6
|
|t:|1760439404
|move|p1a: Cloyster|Shell Smash|p1a: Cloyster
|-unboost|p1a: Cloyster|def|1
|-unboost|p1a: Cloyster|spd|1
|-boost|p1a: Cloyster|atk|2
|-boost|p1a: Cloyster|spa|2
|-boost|p1a: Cloyster|spe|2
|move|p2a: Blastoise|Shell Smash|p2a: Blastoise
|-unboost|p2a: Blastoise|def|1
|-unboost|p2a: Blastoise|spd|1
|-boost|p2a: Blastoise|atk|2
|-boost|p2a: Blastoise|spa|2
|-boost|p2a: Blastoise|spe|2
|-enditem|p2a: Blastoise|White Herb
|-clearnegativeboost|p2a: Blastoise|[silent]
|
|upkeep
|turn|7
|
|t:|1760439419
|move|p1a: Cloyster|Rock Blast|p2a: Blastoise
|-damage|p2a: Blastoise|94/100
|-crit|p2a: Blastoise
|-damage|p2a: Blastoise|73/100
|-damage|p2a: Blastoise|66/100
|-damage|p2a: Blastoise|60/100
|-damage|p2a: Blastoise|54/100
|-hitcount|p2a: Blastoise|5
|move|p2a: Blastoise|Surf|p1a: Cloyster
|-resisted|p1a: Cloyster
|-damage|p1a: Cloyster|1/100
|
|upkeep
|turn|8
|
|t:|1760439433
|move|p1a: Cloyster|Rock Blast|p2a: Blastoise
|-damage|p2a: Blastoise|47/100
|-damage|p2a: Blastoise|41/100
|-damage|p2a: Blastoise|35/100
|-damage|p2a: Blastoise|29/100
|-damage|p2a: Blastoise|22/100
|-hitcount|p2a: Blastoise|5
|move|p2a: Blastoise|Surf|p1a: Cloyster
|-resisted|p1a: Cloyster
|-damage|p1a: Cloyster|0 fnt
|faint|p1a: Cloyster
|
|-sideend|p2: AivanStar|move: Aurora Veil
|upkeep
|
|t:|1760439441
|switch|p1a: ._.|Ditto|100/100
|-transform|p1a: ._.|p2a: Blastoise|[from] ability: Imposter
|turn|9
|
|t:|1760439452
|move|p1a: ._.|Surf|p2a: Blastoise
|-resisted|p2a: Blastoise
|-damage|p2a: Blastoise|0 fnt
|faint|p2a: Blastoise
|
|upkeep
|
|t:|1760439470
|switch|p2a: Ninetales|Ninetales-Alola, M|31/100
|-weather|Snowscape|[from] ability: Snow Warning|[of] p2a: Ninetales
|turn|10
|
|t:|1760439484
|move|p2a: Ninetales|Protect|p2a: Ninetales
|-singleturn|p2a: Ninetales|Protect
|move|p1a: ._.|Surf|p2a: Ninetales
|-activate|p2a: Ninetales|move: Protect
|
|-weather|Snowscape|[upkeep]
|upkeep
|turn|11
|
|t:|1760439492
|move|p1a: ._.|Surf|p2a: Ninetales
|-damage|p2a: Ninetales|0 fnt
|faint|p2a: Ninetales
|
|-weather|Snowscape|[upkeep]
|upkeep
|
|t:|1760439503
|switch|p2a: Weavile|Weavile, M|100/100
|-ability|p2a: Weavile|Pressure
|turn|12
|
|t:|1760439508
|move|p2a: Weavile|Fake Out|p1a: ._.
|-damage|p1a: ._.|90/100
|cant|p1a: ._.|flinch
|
|-weather|Snowscape|[upkeep]
|upkeep
|turn|13
|
|t:|1760439536
|move|p1a: ._.|Surf|p2a: Weavile
|-damage|p2a: Weavile|21/100
|move|p2a: Weavile|Knock Off|p1a: ._.
|-damage|p1a: ._.|51/100
|-enditem|p1a: ._.|Choice Scarf|[from] move: Knock Off|[of] p2a: Weavile
|
|-weather|Snowscape|[upkeep]
|upkeep
|turn|14
|
|t:|1760439550
|move|p1a: ._.|Ice Beam|p2a: Weavile
|-resisted|p2a: Weavile
|-damage|p2a: Weavile|0 fnt
|faint|p2a: Weavile
|
|-weather|none
|upkeep
|
|t:|1760439554
|switch|p2a: Slowking|Slowking-Galar, M, shiny|100/100
|turn|15
|
|t:|1760439562
|move|p1a: ._.|Ice Beam|p2a: Slowking
|-damage|p2a: Slowking|81/100
|move|p2a: Slowking|Sludge Bomb|p1a: ._.
|-damage|p1a: ._.|19/100
|
|upkeep
|turn|16
|
|t:|1760439570
|move|p1a: ._.|Ice Beam|p2a: Slowking
|-damage|p2a: Slowking|58/100
|move|p2a: Slowking|Sludge Bomb|p1a: ._.
|-damage|p1a: ._.|0 fnt
|faint|p1a: ._.
|
|upkeep
|
|t:|1760439578
|switch|p1a: Pokemon center|Rabsca, F|100/100
|turn|17
|
|t:|1760439592
|move|p1a: Pokemon center|Revival Blessing|p1a: Pokemon center
|
|t:|1760439601
|-heal|p1: Cloyster|50/100|[from] move: Revival Blessing
|move|p2a: Slowking|Flamethrower|p1a: Pokemon center
|-supereffective|p1a: Pokemon center
|-damage|p1a: Pokemon center|66/100
|
|-heal|p1a: Pokemon center|72/100|[from] item: Leftovers
|upkeep
|turn|18
|
|t:|1760439620
|move|p1a: Pokemon center|Rest|p1a: Pokemon center
|-status|p1a: Pokemon center|slp|[from] move: Rest
|-heal|p1a: Pokemon center|100/100 slp|[silent]
|move|p2a: Slowking|Future Sight|p1a: Pokemon center
|-start|p2a: Slowking|move: Future Sight
|
|upkeep
|turn|19
|
|t:|1760439629
|cant|p1a: Pokemon center|slp
|move|p1a: Pokemon center|Sleep Talk|p1a: Pokemon center
|move|p1a: Pokemon center|Revival Blessing|p1a: Pokemon center|[from] move: Sleep Talk
|
|t:|1760439630
|-heal|p1: ._.|50/100|[from] move: Revival Blessing
|-prepare|p2a: Slowking|Chilly Reception|[premajor]
|move|p2a: Slowking|Chilly Reception|p2a: Slowking
|-weather|Snowscape
|
|t:|1760439634
|switch|p2a: Garganacl|Garganacl, M|100/100|[from] Chilly Reception
|
|-weather|Snowscape|[upkeep]
|upkeep
|turn|20
|
|t:|1760439639
|cant|p1a: Pokemon center|slp
|move|p1a: Pokemon center|Sleep Talk|p1a: Pokemon center
|move|p1a: Pokemon center|Rest||[from] move: Sleep Talk|[still]
|-fail|p1a: Pokemon center
|move|p2a: Garganacl|Stealth Rock|p1a: Pokemon center
|-sidestart|p1: NoFishNoLife|move: Stealth Rock
|
|-weather|Snowscape|[upkeep]
|-end|p1a: Pokemon center|move: Future Sight
|-resisted|p1a: Pokemon center
|-damage|p1a: Pokemon center|84/100 slp
|-heal|p1a: Pokemon center|91/100 slp|[from] item: Leftovers
|upkeep
|turn|21
|
|t:|1760439642
|-curestatus|p1a: Pokemon center|slp|[msg]
|move|p1a: Pokemon center|Rest|p1a: Pokemon center
|-status|p1a: Pokemon center|slp|[from] move: Rest
|-heal|p1a: Pokemon center|100/100 slp|[silent]
|move|p2a: Garganacl|Salt Cure|p1a: Pokemon center
|-supereffective|p1a: Pokemon center
|-damage|p1a: Pokemon center|68/100 slp
|-start|p1a: Pokemon center|Salt Cure
|
|-weather|Snowscape|[upkeep]
|-heal|p1a: Pokemon center|75/100 slp|[from] item: Leftovers
|-damage|p1a: Pokemon center|62/100 slp|[from] Salt Cure
|upkeep
|turn|22
|
|t:|1760439649
|cant|p1a: Pokemon center|slp
|move|p1a: Pokemon center|Sleep Talk|p1a: Pokemon center
|move|p1a: Pokemon center|Rest||[from] move: Sleep Talk|[still]
|-fail|p1a: Pokemon center
|move|p2a: Garganacl|Salt Cure|p1a: Pokemon center
|-supereffective|p1a: Pokemon center
|-damage|p1a: Pokemon center|33/100 slp
|
|-weather|Snowscape|[upkeep]
|-heal|p1a: Pokemon center|39/100 slp|[from] item: Leftovers
|-damage|p1a: Pokemon center|26/100 slp|[from] Salt Cure
|upkeep
|turn|23
|
|t:|1760439659
|cant|p1a: Pokemon center|slp
|move|p1a: Pokemon center|Sleep Talk|p1a: Pokemon center
|move|p1a: Pokemon center|Rest||[from] move: Sleep Talk|[still]
|-fail|p1a: Pokemon center
|move|p2a: Garganacl|Salt Cure|p1a: Pokemon center
|-supereffective|p1a: Pokemon center
|-damage|p1a: Pokemon center|0 fnt
|faint|p1a: Pokemon center
|
|-weather|none
|upkeep
|
|t:|1760439687
|switch|p1a: Blessiy|Clefable, M, shiny|100/100
|turn|24
|
|t:|1760439691
|move|p1a: Blessiy|Cosmic Power|p1a: Blessiy
|-boost|p1a: Blessiy|def|1
|-boost|p1a: Blessiy|spd|1
|move|p2a: Garganacl|Salt Cure|p1a: Blessiy
|-damage|p1a: Blessiy|94/100
|-start|p1a: Blessiy|Salt Cure
|
|-heal|p1a: Blessiy|99/100|[from] item: Leftovers
|upkeep
|turn|25
|
|t:|1760439699
|move|p1a: Blessiy|Cosmic Power|p1a: Blessiy
|-boost|p1a: Blessiy|def|1
|-boost|p1a: Blessiy|spd|1
|move|p2a: Garganacl|Body Press|p1a: Blessiy
|-resisted|p1a: Blessiy
|-damage|p1a: Blessiy|94/100
|
|-heal|p1a: Blessiy|99/100|[from] item: Leftovers
|upkeep
|turn|26
|
|t:|1760439719
|switch|p2a: Slowking|Slowking-Galar, M, shiny|91/100
|move|p1a: Blessiy|Cosmic Power|p1a: Blessiy
|-boost|p1a: Blessiy|def|1
|-boost|p1a: Blessiy|spd|1
|
|-heal|p1a: Blessiy|100/100|[from] item: Leftovers
|upkeep
|turn|27
|
|t:|1760439732
|-terastallize|p2a: Slowking|Poison
|move|p1a: Blessiy|Cosmic Power|p1a: Blessiy
|-boost|p1a: Blessiy|def|1
|-boost|p1a: Blessiy|spd|1
|move|p2a: Slowking|Sludge Bomb|p1a: Blessiy
|-supereffective|p1a: Blessiy
|-damage|p1a: Blessiy|72/100
|
|-heal|p1a: Blessiy|78/100|[from] item: Leftovers
|upkeep
|turn|28
|
|t:|1760439760
|-terastallize|p1a: Blessiy|Fire
|move|p1a: Blessiy|Cosmic Power|p1a: Blessiy
|-boost|p1a: Blessiy|def|1
|-boost|p1a: Blessiy|spd|1
|move|p2a: Slowking|Sludge Bomb|p1a: Blessiy
|-damage|p1a: Blessiy|66/100
|-status|p1a: Blessiy|psn
|
|-heal|p1a: Blessiy|72/100 psn|[from] item: Leftovers
|upkeep
|turn|29
|c|☆NoFishNoLife|ggwp
|
|t:|1760439771
|move|p1a: Blessiy|Cosmic Power|p1a: Blessiy
|-boost|p1a: Blessiy|def|1
|-boost|p1a: Blessiy|spd|1
|move|p2a: Slowking|Future Sight|p1a: Blessiy
|-start|p2a: Slowking|move: Future Sight
|
|-heal|p1a: Blessiy|78/100 psn|[from] item: Leftovers
|upkeep
|turn|30
|
|t:|1760439775
|move|p1a: Blessiy|Stored Power|p2a: Slowking
|-supereffective|p2a: Slowking
|-damage|p2a: Slowking|25/100
|move|p2a: Slowking|Sludge Bomb|p1a: Blessiy
|-damage|p1a: Blessiy|69/100 psn
|
|-heal|p1a: Blessiy|75/100 psn|[from] item: Leftovers
|upkeep
|turn|31
|
|t:|1760439778
|move|p1a: Blessiy|Charge Beam|p2a: Slowking
|-damage|p2a: Slowking|18/100
|-boost|p1a: Blessiy|spa|1
|move|p2a: Slowking|Sludge Bomb|p1a: Blessiy
|-damage|p1a: Blessiy|64/100 psn
|
|-end|p1a: Blessiy|move: Future Sight
|-damage|p1a: Blessiy|53/100 psn
|-heal|p1a: Blessiy|59/100 psn|[from] item: Leftovers
|upkeep
|turn|32
|
|t:|1760439783
|switch|p2a: Garganacl|Garganacl, M|100/100
|move|p1a: Blessiy|Charge Beam|p2a: Garganacl
|-damage|p2a: Garganacl|86/100
|-boost|p1a: Blessiy|spa|1
|
|-heal|p1a: Blessiy|66/100 psn|[from] item: Leftovers
|-heal|p2a: Garganacl|92/100|[from] item: Leftovers
|upkeep
|turn|33
|
|t:|1760439789
|move|p1a: Blessiy|Charge Beam|p2a: Garganacl
|-damage|p2a: Garganacl|73/100
|-boost|p1a: Blessiy|spa|1
|move|p2a: Garganacl|Body Press|p1a: Blessiy
|-damage|p1a: Blessiy|60/100 psn
|
|-heal|p1a: Blessiy|66/100 psn|[from] item: Leftovers
|-heal|p2a: Garganacl|79/100|[from] item: Leftovers
|upkeep
|turn|34
|
|t:|1760439794
|move|p1a: Blessiy|Stored Power|p2a: Garganacl
|-damage|p2a: Garganacl|0 fnt
|faint|p2a: Garganacl
|
|-heal|p1a: Blessiy|72/100 psn|[from] item: Leftovers
|upkeep
|
|t:|1760439796
|switch|p2a: Slowking|Slowking-Galar, M, shiny, tera:Poison|51/100
|turn|35
|
|t:|1760439800
|move|p1a: Blessiy|Stored Power|p2a: Slowking
|-supereffective|p2a: Slowking
|-damage|p2a: Slowking|0 fnt
|faint|p2a: Slowking
|
|win|NoFishNoLife
|raw|NoFishNoLife's rating: 1222 &rarr; <strong>1253</strong><br />(+31 for winning)
|raw|AivanStar's rating: 1306 &rarr; <strong>1281</strong><br />(-25 for losing)
|l|☆AivanStar
|player|p2|
|l|☆NoFishNoLife
|player|p1|
