|j|☆Overgame00
|j|☆LVL62Monoco
|t:|1760362544
|gametype|singles
|player|p1|Overgame00|baker|1415
|player|p2|LVL62Monoco|266|1378
|gen|9
|tier|[Gen 9] OU
|rated|
|rule|HP Percentage Mod: HP is shown in percentages
|rule|Endless Battle Clause: Forcing endless battles is banned
|rule|Species Clause: Limit one of each Pokémon
|rule|OHKO Clause: OHKO moves are banned
|rule|Evasion Items Clause: Evasion items are banned
|rule|Evasion Moves Clause: Evasion moves are banned
|rule|Evasion Abilities Clause: Evasion abilities are banned
|rule|Sleep Moves Clause: Sleep-inducing moves are banned
|clearpoke
|poke|p1|Revavroom, F|
|poke|p1|Enamorus, F|
|poke|p1|Cinderace, F|
|poke|p1|Ting-Lu|
|poke|p1|Ogerpon-Wellspring, F|
|poke|p1|Iron Moth|
|poke|p2|Probopass, F|
|poke|p2|Iron Crown|
|poke|p2|Sinistcha|
|poke|p2|Grimmsnarl, M|
|poke|p2|Kyurem|
|poke|p2|Great Tusk|
|teampreview
|inactive|Battle timer is ON: inactive players will automatically lose when time's up. (requested by LVL62Monoco)
|
|t:|1760362559
|teamsize|p1|6
|teamsize|p2|6
|start
|switch|p1a: Enamorus|Enamorus, F|100/100
|switch|p2a: Grimmsnarl|Grimmsnarl, M|100/100
|turn|1
|
|t:|1760362567
|move|p2a: Grimmsnarl|Light Screen|p2a: Grimmsnarl
|-sidestart|p2: LVL62Monoco|move: Light Screen
|move|p1a: Enamorus|Moonblast|p2a: Grimmsnarl
|-supereffective|p2a: Grimmsnarl
|-damage|p2a: Grimmsnarl|46/100
|
|upkeep
|turn|2
|
|t:|1760362573
|move|p2a: Grimmsnarl|Parting Shot|p1a: Enamorus
|-boost|p1a: Enamorus|atk|1
|-boost|p1a: Enamorus|spa|1
|
|t:|1760362584
|switch|p2a: Iron Crown|Iron Crown|100/100|[from] Parting Shot
|move|p1a: Enamorus|Moonblast|p2a: Iron Crown
|-resisted|p2a: Iron Crown
|-damage|p2a: Iron Crown|83/100
|
|upkeep
|turn|3
|
|t:|1760362593
|switch|p1a: Cinderace|Cinderace, F|100/100
|move|p2a: Iron Crown|Calm Mind|p2a: Iron Crown
|-boost|p2a: Iron Crown|spa|1
|-boost|p2a: Iron Crown|spd|1
|
|upkeep
|turn|4
|
|t:|1760362620
|move|p1a: Cinderace|Pyro Ball|p2a: Iron Crown
|-supereffective|p2a: Iron Crown
|-damage|p2a: Iron Crown|0 fnt
|faint|p2a: Iron Crown
|-end|p2a: Iron Crown|Quark Drive|[silent]
|
|upkeep
|
|t:|1760362626
|switch|p2a: Probopass|Probopass, F|100/100
|turn|5
|
|t:|1760362632
|move|p1a: Cinderace|Court Change|p1a: Cinderace
|-start|p1a: Cinderace|typechange|Normal|[from] ability: Libero
|-swapsideconditions
|-activate|p1a: Cinderace|move: Court Change
|move|p2a: Probopass|Stealth Rock|p1a: Cinderace
|-sidestart|p1: Overgame00|move: Stealth Rock
|
|upkeep
|turn|6
|
|t:|1760362641
|move|p1a: Cinderace|U-turn|p2a: Probopass
|-resisted|p2a: Probopass
|-damage|p2a: Probopass|95/100
|-damage|p1a: Cinderace|84/100|[from] item: Rocky Helmet|[of] p2a: Probopass
|
|t:|1760362647
|switch|p1a: Ting-Lu|Ting-Lu|100/100|[from] U-turn
|-damage|p1a: Ting-Lu|94/100|[from] Stealth Rock
|-ability|p1a: Ting-Lu|Vessel of Ruin
|move|p2a: Probopass|Thunder Wave|p1a: Ting-Lu
|-immune|p1a: Ting-Lu
|
|-heal|p1a: Ting-Lu|100/100|[from] item: Leftovers
|upkeep
|turn|7
|
|t:|1760362660
|switch|p2a: Sinistcha|Sinistcha|100/100
|move|p1a: Ting-Lu|Earthquake|p2a: Sinistcha
|-resisted|p2a: Sinistcha
|-damage|p2a: Sinistcha|87/100
|
|upkeep
|turn|8
|
|t:|1760362672
|move|p2a: Sinistcha|Matcha Gotcha|p1a: Ting-Lu|[miss]
|-miss|p2a: Sinistcha|p1a: Ting-Lu
|move|p1a: Ting-Lu|Whirlwind|p2a: Sinistcha
|drag|p2a: Probopass|Probopass, F|95/100
|
|-sideend|p1: Overgame00|move: Light Screen
|upkeep
|turn|9
|
|t:|1760362686
|switch|p2a: Great Tusk|Great Tusk|100/100
|switch|p1a: Cinderace|Cinderace, F|84/100
|
|upkeep
|turn|10
|
|t:|1760362697
|move|p1a: Cinderace|U-turn|p2a: Great Tusk
|-start|p1a: Cinderace|typechange|Bug|[from] ability: Libero
|-resisted|p2a: Great Tusk
|-damage|p2a: Great Tusk|88/100
|
|t:|1760362699
|switch|p1a: Enamorus|Enamorus, F|100/100|[from] U-turn
|-damage|p1a: Enamorus|76/100|[from] Stealth Rock
|move|p2a: Great Tusk|Rapid Spin|p1a: Enamorus
|-damage|p1a: Enamorus|49/100
|-boost|p2a: Great Tusk|spe|1
|
|upkeep
|turn|11
|
|t:|1760362711
|move|p1a: Enamorus|Moonblast|p2a: Great Tusk
|-supereffective|p2a: Great Tusk
|-damage|p2a: Great Tusk|17/100
|move|p2a: Great Tusk|Ice Spinner|p1a: Enamorus
|-supereffective|p1a: Enamorus
|-damage|p1a: Enamorus|0 fnt
|faint|p1a: Enamorus
|
|upkeep
|
|t:|1760362729
|switch|p1a: Ting-Lu|Ting-Lu|100/100
|-damage|p1a: Ting-Lu|94/100|[from] Stealth Rock
|-ability|p1a: Ting-Lu|Vessel of Ruin
|turn|12
|
|t:|1760362740
|move|p2a: Great Tusk|Headlong Rush|p1a: Ting-Lu
|-damage|p1a: Ting-Lu|60/100
|-unboost|p2a: Great Tusk|def|1
|-unboost|p2a: Great Tusk|spd|1
|move|p1a: Ting-Lu|Earthquake|p2a: Great Tusk
|-damage|p2a: Great Tusk|0 fnt
|faint|p2a: Great Tusk
|-end|p2a: Great Tusk|Protosynthesis|[silent]
|
|-heal|p1a: Ting-Lu|66/100|[from] item: Leftovers
|upkeep
|
|t:|1760362749
|switch|p2a: Sinistcha|Sinistcha|87/100
|turn|13
|
|t:|1760362755
|switch|p2a: Grimmsnarl|Grimmsnarl, M|46/100
|switch|p1a: Iron Moth|Iron Moth|100/100
|-damage|p1a: Iron Moth|76/100|[from] Stealth Rock
|
|upkeep
|turn|14
|
|t:|1760362784
|move|p2a: Grimmsnarl|Light Screen|p2a: Grimmsnarl
|-sidestart|p2: LVL62Monoco|move: Light Screen
|move|p1a: Iron Moth|Fiery Dance|p2a: Grimmsnarl
|-damage|p2a: Grimmsnarl|14/100
|-boost|p1a: Iron Moth|spa|1
|
|upkeep
|turn|15
|
|t:|1760362790
|move|p2a: Grimmsnarl|Reflect|p2a: Grimmsnarl
|-sidestart|p2: LVL62Monoco|Reflect
|move|p1a: Iron Moth|Fiery Dance|p2a: Grimmsnarl
|-damage|p2a: Grimmsnarl|0 fnt
|-boost|p1a: Iron Moth|spa|1
|faint|p2a: Grimmsnarl
|
|upkeep
|
|t:|1760362798
|switch|p2a: Kyurem|Kyurem|100/100
|-ability|p2a: Kyurem|Pressure
|turn|16
|
|t:|1760362810
|move|p1a: Iron Moth|Fiery Dance|p2a: Kyurem
|-damage|p2a: Kyurem|35/100
|move|p2a: Kyurem|Dragon Dance|p2a: Kyurem
|-boost|p2a: Kyurem|atk|1
|-boost|p2a: Kyurem|spe|1
|
|upkeep
|turn|17
|
|t:|1760362822
|-terastallize|p2a: Kyurem|Ice
|move|p2a: Kyurem|Earth Power|p1a: Iron Moth
|-supereffective|p1a: Iron Moth
|-damage|p1a: Iron Moth|0 fnt
|faint|p1a: Iron Moth
|-end|p1a: Iron Moth|Quark Drive|[silent]
|
|upkeep
|
|t:|1760362833
|switch|p1a: Ting-Lu|Ting-Lu|66/100
|-damage|p1a: Ting-Lu|60/100|[from] Stealth Rock
|-ability|p1a: Ting-Lu|Vessel of Ruin
|turn|18
|
|t:|1760362839
|move|p2a: Kyurem|Icicle Spear|p1a: Ting-Lu
|-supereffective|p1a: Ting-Lu
|-damage|p1a: Ting-Lu|23/100
|-supereffective|p1a: Ting-Lu
|-damage|p1a: Ting-Lu|0 fnt
|faint|p1a: Ting-Lu
|-hitcount|p1: Ting-Lu|2
|
|upkeep
|
|t:|1760362847
|switch|p1a: Cinderace|Cinderace, F|84/100
|turn|19
|
|t:|1760362863
|move|p2a: Kyurem|Icicle Spear|p1a: Cinderace
|-resisted|p1a: Cinderace
|-damage|p1a: Cinderace|61/100
|-resisted|p1a: Cinderace
|-damage|p1a: Cinderace|35/100
|-hitcount|p1a: Cinderace|2
|move|p1a: Cinderace|Court Change|p1a: Cinderace
|-start|p1a: Cinderace|typechange|Normal|[from] ability: Libero
|-swapsideconditions
|-activate|p1a: Cinderace|move: Court Change
|
|upkeep
|turn|20
|
|t:|1760362886
|move|p2a: Kyurem|Icicle Spear|p1a: Cinderace
|-damage|p1a: Cinderace|9/100
|-damage|p1a: Cinderace|0 fnt
|faint|p1a: Cinderace
|-hitcount|p1: Cinderace|2
|
|upkeep
|
|t:|1760362890
|switch|p1a: Revavroom|Revavroom, F|100/100
|turn|21
|
|t:|1760362903
|-terastallize|p1a: Revavroom|Ice
|move|p2a: Kyurem|Icicle Spear|p1a: Revavroom
|-resisted|p1a: Revavroom
|-damage|p1a: Revavroom|91/100
|-resisted|p1a: Revavroom
|-damage|p1a: Revavroom|80/100
|-hitcount|p1a: Revavroom|2
|move|p1a: Revavroom|Shift Gear|p1a: Revavroom
|-boost|p1a: Revavroom|spe|2
|-boost|p1a: Revavroom|atk|1
|
|-heal|p1a: Revavroom|86/100|[from] item: Leftovers
|-sideend|p1: Overgame00|move: Light Screen
|upkeep
|turn|22
|
|t:|1760362915
|move|p1a: Revavroom|High Horsepower|p2a: Kyurem
|-damage|p2a: Kyurem|0 fnt
|faint|p2a: Kyurem
|
|-heal|p1a: Revavroom|92/100|[from] item: Leftovers
|-sideend|p1: Overgame00|Reflect
|upkeep
|
|t:|1760362922
|switch|p2a: Probopass|Probopass, F|95/100
|-damage|p2a: Probopass|88/100|[from] Stealth Rock
|turn|23
|
|t:|1760362929
|move|p1a: Revavroom|High Horsepower|p2a: Probopass
|-supereffective|p2a: Probopass
|-damage|p2a: Probopass|0 fnt
|-damage|p1a: Revavroom|75/100|[from] item: Rocky Helmet|[of] p2a: Probopass
|faint|p2a: Probopass
|
|-heal|p1a: Revavroom|81/100|[from] item: Leftovers
|upkeep
|
|t:|1760362936
|switch|p2a: Sinistcha|Sinistcha|87/100
|turn|24
|
|t:|1760362940
|move|p1a: Revavroom|Tera Blast|p2a: Sinistcha|[anim] Tera Blast Ice
|-supereffective|p2a: Sinistcha
|-damage|p2a: Sinistcha|3/100
|move|p2a: Sinistcha|Strength Sap|p1a: Revavroom
|-unboost|p1a: Revavroom|atk|1
|-heal|p2a: Sinistcha|100/100
|
|-heal|p1a: Revavroom|87/100|[from] item: Leftovers
|upkeep
|turn|25
|
|t:|1760362948
|move|p1a: Revavroom|Shift Gear|p1a: Revavroom
|-boost|p1a: Revavroom|spe|2
|-boost|p1a: Revavroom|atk|1
|move|p2a: Sinistcha|Strength Sap|p1a: Revavroom
|-unboost|p1a: Revavroom|atk|1
|
|-heal|p1a: Revavroom|93/100|[from] item: Leftovers
|upkeep
|turn|26
|
|t:|1760362956
|move|p1a: Revavroom|Gunk Shot|p2a: Sinistcha
|-damage|p2a: Sinistcha|59/100
|move|p2a: Sinistcha|Strength Sap|p1a: Revavroom
|-unboost|p1a: Revavroom|atk|1
|-heal|p2a: Sinistcha|100/100
|
|-heal|p1a: Revavroom|99/100|[from] item: Leftovers
|upkeep
|turn|27
|
|t:|1760362964
|move|p1a: Revavroom|Shift Gear|p1a: Revavroom
|-boost|p1a: Revavroom|spe|2
|-boost|p1a: Revavroom|atk|1
|move|p2a: Sinistcha|Strength Sap|p1a: Revavroom
|-unboost|p1a: Revavroom|atk|1
|
|-heal|p1a: Revavroom|100/100|[from] item: Leftovers
|upkeep
|turn|28
|
|t:|1760362972
|move|p1a: Revavroom|Shift Gear|p1a: Revavroom
|-boost|p1a: Revavroom|spe|0
|-boost|p1a: Revavroom|atk|1
|move|p2a: Sinistcha|Strength Sap|p1a: Revavroom
|-unboost|p1a: Revavroom|atk|1
|
|upkeep
|turn|29
|
|t:|1760362983
|move|p1a: Revavroom|Shift Gear|p1a: Revavroom
|-boost|p1a: Revavroom|spe|0
|-boost|p1a: Revavroom|atk|1
|move|p2a: Sinistcha|Matcha Gotcha|p1a: Revavroom
|-damage|p1a: Revavroom|45/100
|-status|p1a: Revavroom|brn
|
|-heal|p1a: Revavroom|51/100 brn|[from] item: Leftovers
|-damage|p1a: Revavroom|45/100 brn|[from] brn
|upkeep
|turn|30
|
|t:|1760362996
|move|p1a: Revavroom|Gunk Shot|p2a: Sinistcha
|-damage|p2a: Sinistcha|78/100
|move|p2a: Sinistcha|Matcha Gotcha|p1a: Revavroom
|-damage|p1a: Revavroom|0 fnt
|-heal|p2a: Sinistcha|98/100|[from] drain|[of] p1a: Revavroom
|faint|p1a: Revavroom
|
|upkeep
|
|t:|1760363000
|switch|p1a: Ogerpon|Ogerpon-Wellspring, F|100/100
|turn|31
|
|t:|1760363008
|move|p1a: Ogerpon|Swords Dance|p1a: Ogerpon
|-boost|p1a: Ogerpon|atk|2
|move|p2a: Sinistcha|Strength Sap|p1a: Ogerpon
|-unboost|p1a: Ogerpon|atk|1
|-heal|p2a: Sinistcha|100/100
|
|upkeep
|turn|32
|
|t:|1760363015
|move|p1a: Ogerpon|Encore|p2a: Sinistcha
|-start|p2a: Sinistcha|Encore
|move|p2a: Sinistcha|Strength Sap|p1a: Ogerpon
|-unboost|p1a: Ogerpon|atk|1
|
|upkeep
|turn|33
|
|t:|1760363023
|move|p1a: Ogerpon|Swords Dance|p1a: Ogerpon
|-boost|p1a: Ogerpon|atk|2
|move|p2a: Sinistcha|Strength Sap|p1a: Ogerpon
|-unboost|p1a: Ogerpon|atk|1
|
|upkeep
|turn|34
|
|t:|1760363028
|move|p1a: Ogerpon|Swords Dance|p1a: Ogerpon
|-boost|p1a: Ogerpon|atk|2
|move|p2a: Sinistcha|Strength Sap|p1a: Ogerpon
|-unboost|p1a: Ogerpon|atk|1
|
|-end|p2a: Sinistcha|Encore
|upkeep
|turn|35
|
|t:|1760363036
|move|p1a: Ogerpon|Encore|p2a: Sinistcha
|-start|p2a: Sinistcha|Encore
|move|p2a: Sinistcha|Strength Sap|p1a: Ogerpon
|-unboost|p1a: Ogerpon|atk|1
|
|upkeep
|turn|36
|
|t:|1760363042
|move|p1a: Ogerpon|Swords Dance|p1a: Ogerpon
|-boost|p1a: Ogerpon|atk|2
|move|p2a: Sinistcha|Strength Sap|p1a: Ogerpon
|-unboost|p1a: Ogerpon|atk|1
|
|upkeep
|turn|37
|
|t:|1760363048
|move|p1a: Ogerpon|Swords Dance|p1a: Ogerpon
|-boost|p1a: Ogerpon|atk|2
|move|p2a: Sinistcha|Strength Sap|p1a: Ogerpon
|-unboost|p1a: Ogerpon|atk|1
|
|-end|p2a: Sinistcha|Encore
|upkeep
|turn|38
|
|t:|1760363056
|move|p1a: Ogerpon|Encore|p2a: Sinistcha
|-start|p2a: Sinistcha|Encore
|move|p2a: Sinistcha|Strength Sap|p1a: Ogerpon
|-unboost|p1a: Ogerpon|atk|1
|
|upkeep
|turn|39
|
|t:|1760363062
|move|p1a: Ogerpon|Swords Dance|p1a: Ogerpon
|-boost|p1a: Ogerpon|atk|2
|move|p2a: Sinistcha|Strength Sap|p1a: Ogerpon
|-unboost|p1a: Ogerpon|atk|1
|
|upkeep
|turn|40
|
|t:|1760363067
|move|p1a: Ogerpon|Swords Dance|p1a: Ogerpon
|-boost|p1a: Ogerpon|atk|2
|move|p2a: Sinistcha|Strength Sap|p1a: Ogerpon
|-unboost|p1a: Ogerpon|atk|1
|
|-end|p2a: Sinistcha|Encore
|upkeep
|turn|41
|
|t:|1760363076
|move|p1a: Ogerpon|Encore|p2a: Sinistcha
|-start|p2a: Sinistcha|Encore
|move|p2a: Sinistcha|Strength Sap|p1a: Ogerpon
|-unboost|p1a: Ogerpon|atk|1
|
|-end|p2a: Sinistcha|Encore
|upkeep
|turn|42
|
|t:|1760363083
|move|p1a: Ogerpon|Ivy Cudgel|p2a: Sinistcha|[anim] Ivy Cudgel Water
|-resisted|p2a: Sinistcha
|-crit|p2a: Sinistcha
|-damage|p2a: Sinistcha|22/100
|move|p2a: Sinistcha|Matcha Gotcha|p1a: Ogerpon
|-damage|p1a: Ogerpon|66/100
|-heal|p2a: Sinistcha|37/100|[from] drain|[of] p1a: Ogerpon
|
|upkeep
|turn|43
|
|t:|1760363092
|move|p1a: Ogerpon|Ivy Cudgel|p2a: Sinistcha|[anim] Ivy Cudgel Water
|-resisted|p2a: Sinistcha
|-crit|p2a: Sinistcha
|-damage|p2a: Sinistcha|0 fnt
|faint|p2a: Sinistcha
|
|win|Overgame00
|raw|Overgame00's rating: 1415 &rarr; <strong>1433</strong><br />(+18 for winning)
|raw|LVL62Monoco's rating: 1378 &rarr; <strong>1360</strong><br />(-18 for losing)
|l|☆LVL62Monoco
|player|p2|
|l|☆Overgame00
|player|p1|
