|j|☆LogdaPomo
|j|☆SHEWILLBETRAYu_067
|t:|1760441281
|gametype|singles
|player|p1|LogdaPomo|1|1453
|player|p2|SHEWILLBETRAYu_067|clerk|1382
|gen|9
|tier|[Gen 9] OU
|rated|
|rule|HP Percentage Mod: HP is shown in percentages
|rule|Endless Battle Clause: Forcing endless battles is banned
|rule|Species Clause: Limit one of each Pokémon
|rule|OHKO Clause: OHKO moves are banned
|rule|Evasion Items Clause: Evasion items are banned
|rule|Evasion Moves Clause: Evasion moves are banned
|rule|Evasion Abilities Clause: Evasion abilities are banned
|rule|Sleep Moves Clause: Sleep-inducing moves are banned
|clearpoke
|poke|p1|Gliscor, F|
|poke|p1|Alomomola, F|
|poke|p1|Pecharunt|
|poke|p1|Great Tusk|
|poke|p1|Weavile, F|
|poke|p1|Iron Crown|
|poke|p2|Iron Valiant|
|poke|p2|Gliscor, M|
|poke|p2|Metagross|
|poke|p2|Cinderace, M|
|poke|p2|Raging Bolt|
|poke|p2|Ogerpon-Wellspring, F|
|teampreview
|
|t:|1760441323
|teamsize|p1|6
|teamsize|p2|6
|start
|switch|p1a: Pecharunt|Pecharunt|100/100
|switch|p2a: Cinderace|Cinderace, M|100/100
|turn|1
|
|t:|1760441331
|move|p2a: Cinderace|U-turn|p1a: Pecharunt
|-start|p2a: Cinderace|typechange|Bug|[from] ability: Libero
|-resisted|p1a: Pecharunt
|-damage|p1a: Pecharunt|96/100
|
|t:|1760441335
|switch|p2a: Metagross|Metagross|100/100|[from] U-turn
|move|p1a: Pecharunt|Parting Shot|p2a: Metagross
|-fail|p2a: Metagross|unboost|[from] ability: Clear Body|[of] p2a: Metagross
|
|upkeep
|turn|2
|
|t:|1760441346
|move|p1a: Pecharunt|Foul Play|p2a: Metagross
|-supereffective|p2a: Metagross
|-damage|p2a: Metagross|43/100
|move|p2a: Metagross|Knock Off|p1a: Pecharunt
|-supereffective|p1a: Pecharunt
|-damage|p1a: Pecharunt|35/100
|-enditem|p1a: Pecharunt|Heavy-Duty Boots|[from] move: Knock Off|[of] p2a: Metagross
|
|upkeep
|turn|3
|
|t:|1760441352
|switch|p2a: Iron Valiant|Iron Valiant|100/100
|-enditem|p2a: Iron Valiant|Booster Energy
|-activate|p2a: Iron Valiant|ability: Quark Drive|[fromitem]
|-start|p2a: Iron Valiant|quarkdrivespe
|move|p1a: Pecharunt|Recover|p1a: Pecharunt
|-heal|p1a: Pecharunt|85/100
|
|upkeep
|turn|4
|
|t:|1760441362
|move|p2a: Iron Valiant|Knock Off|p1a: Pecharunt
|-supereffective|p1a: Pecharunt
|-damage|p1a: Pecharunt|68/100
|move|p1a: Pecharunt|Parting Shot|p2a: Iron Valiant
|-unboost|p2a: Iron Valiant|atk|1
|-unboost|p2a: Iron Valiant|spa|1
|
|t:|1760441364
|switch|p1a: Alomomola|Alomomola, F|100/100|[from] Parting Shot
|
|upkeep
|turn|5
|
|t:|1760441368
|move|p2a: Iron Valiant|Thunderbolt|p1a: Alomomola
|-supereffective|p1a: Alomomola
|-damage|p1a: Alomomola|82/100
|move|p1a: Alomomola|Flip Turn|p2a: Iron Valiant
|-damage|p2a: Iron Valiant|78/100
|
|t:|1760441371
|switch|p1a: Gliscor|Gliscor, F|100/100|[from] Flip Turn
|
|-status|p1a: Gliscor|tox|[from] item: Toxic Orb
|upkeep
|turn|6
|
|t:|1760441374
|move|p2a: Iron Valiant|Moonblast|p1a: Gliscor
|-damage|p1a: Gliscor|61/100 tox
|-unboost|p1a: Gliscor|spa|1
|move|p1a: Gliscor|Spikes|p2a: Iron Valiant
|-sidestart|p2: SHEWILLBETRAYu_067|Spikes
|
|-heal|p1a: Gliscor|74/100 tox|[from] ability: Poison Heal
|upkeep
|turn|7
|
|t:|1760441379
|move|p1a: Gliscor|Protect|p1a: Gliscor
|-singleturn|p1a: Gliscor|Protect
|move|p2a: Iron Valiant|Moonblast|p1a: Gliscor
|-activate|p1a: Gliscor|move: Protect
|
|-heal|p1a: Gliscor|86/100 tox|[from] ability: Poison Heal
|upkeep
|turn|8
|
|t:|1760441381
|move|p2a: Iron Valiant|Moonblast|p1a: Gliscor
|-damage|p1a: Gliscor|45/100 tox
|move|p1a: Gliscor|Toxic|p2a: Iron Valiant
|-status|p2a: Iron Valiant|tox
|
|-damage|p2a: Iron Valiant|71/100 tox|[from] psn
|-heal|p1a: Gliscor|58/100 tox|[from] ability: Poison Heal
|upkeep
|turn|9
|
|t:|1760441386
|move|p1a: Gliscor|Protect|p1a: Gliscor
|-singleturn|p1a: Gliscor|Protect
|move|p2a: Iron Valiant|Moonblast|p1a: Gliscor
|-activate|p1a: Gliscor|move: Protect
|
|-damage|p2a: Iron Valiant|59/100 tox|[from] psn
|-heal|p1a: Gliscor|70/100 tox|[from] ability: Poison Heal
|upkeep
|turn|10
|
|t:|1760441391
|switch|p1a: Alomomola|Alomomola, F|100/100
|move|p2a: Iron Valiant|Moonblast|p1a: Alomomola
|-damage|p1a: Alomomola|85/100
|
|-damage|p2a: Iron Valiant|40/100 tox|[from] psn
|upkeep
|turn|11
|
|t:|1760441395
|move|p2a: Iron Valiant|Thunderbolt|p1a: Alomomola
|-supereffective|p1a: Alomomola
|-damage|p1a: Alomomola|66/100
|move|p1a: Alomomola|Flip Turn|p2a: Iron Valiant
|-damage|p2a: Iron Valiant|16/100 tox
|
|t:|1760441397
|switch|p1a: Gliscor|Gliscor, F|70/100 tox|[from] Flip Turn
|
|-damage|p2a: Iron Valiant|0 fnt|[from] psn
|faint|p2a: Iron Valiant
|-end|p2a: Iron Valiant|Quark Drive|[silent]
|-heal|p1a: Gliscor|83/100 tox|[from] ability: Poison Heal
|upkeep
|
|t:|1760441401
|switch|p2a: Ogerpon|Ogerpon-Wellspring, F|100/100
|-damage|p2a: Ogerpon|88/100|[from] Spikes
|turn|12
|
|t:|1760441406
|move|p2a: Ogerpon|Ivy Cudgel|p1a: Gliscor|[anim] Ivy Cudgel Water
|-supereffective|p1a: Gliscor
|-damage|p1a: Gliscor|9/100 tox
|move|p1a: Gliscor|Toxic|p2a: Ogerpon
|-status|p2a: Ogerpon|tox
|
|-damage|p2a: Ogerpon|82/100 tox|[from] psn
|-heal|p1a: Gliscor|21/100 tox|[from] ability: Poison Heal
|upkeep
|turn|13
|
|t:|1760441411
|move|p1a: Gliscor|Protect|p1a: Gliscor
|-singleturn|p1a: Gliscor|Protect
|move|p2a: Ogerpon|Swords Dance|p2a: Ogerpon
|-boost|p2a: Ogerpon|atk|2
|
|-damage|p2a: Ogerpon|70/100 tox|[from] psn
|-heal|p1a: Gliscor|34/100 tox|[from] ability: Poison Heal
|upkeep
|turn|14
|
|t:|1760441417
|switch|p1a: Pecharunt|Pecharunt|68/100
|move|p2a: Ogerpon|Power Whip|p1a: Pecharunt
|-resisted|p1a: Pecharunt
|-damage|p1a: Pecharunt|34/100
|
|-damage|p2a: Ogerpon|52/100 tox|[from] psn
|upkeep
|turn|15
|
|t:|1760441423
|move|p2a: Ogerpon|Ivy Cudgel|p1a: Pecharunt|[anim] Ivy Cudgel Water
|-damage|p1a: Pecharunt|0 fnt
|faint|p1a: Pecharunt
|
|-damage|p2a: Ogerpon|28/100 tox|[from] psn
|upkeep
|
|t:|1760441425
|switch|p1a: Gliscor|Gliscor, F|34/100 tox
|turn|16
|
|t:|1760441427
|move|p1a: Gliscor|Protect|p1a: Gliscor
|-singleturn|p1a: Gliscor|Protect
|move|p2a: Ogerpon|Synthesis|p2a: Ogerpon
|-heal|p2a: Ogerpon|78/100 tox
|
|-damage|p2a: Ogerpon|48/100 tox|[from] psn
|-heal|p1a: Gliscor|46/100 tox|[from] ability: Poison Heal
|upkeep
|turn|17
|
|t:|1760441436
|move|p1a: Gliscor|Protect||[still]
|-fail|p1a: Gliscor
|move|p2a: Ogerpon|Power Whip|p1a: Gliscor
|-damage|p1a: Gliscor|0 fnt
|faint|p1a: Gliscor
|
|-damage|p2a: Ogerpon|12/100 tox|[from] psn
|upkeep
|
|t:|1760441439
|switch|p1a: Weavile|Weavile, F|100/100
|-ability|p1a: Weavile|Pressure
|turn|18
|
|t:|1760441445
|move|p1a: Weavile|Ice Shard|p2a: Ogerpon
|-damage|p2a: Ogerpon|0 fnt
|faint|p2a: Ogerpon
|
|upkeep
|
|t:|1760441477
|switch|p2a: Metagross|Metagross|43/100
|-damage|p2a: Metagross|30/100|[from] Spikes
|turn|19
|
|t:|1760441483
|switch|p1a: Great Tusk|Great Tusk|100/100
|move|p2a: Metagross|Bullet Punch|p1a: Great Tusk
|-damage|p1a: Great Tusk|74/100
|-damage|p2a: Metagross|14/100|[from] item: Rocky Helmet|[of] p1a: Great Tusk
|
|upkeep
|turn|20
|
|t:|1760441489
|move|p2a: Metagross|Bullet Punch|p1a: Great Tusk
|-damage|p1a: Great Tusk|47/100
|-damage|p2a: Metagross|0 fnt|[from] item: Rocky Helmet|[of] p1a: Great Tusk
|faint|p2a: Metagross
|move|p1a: Great Tusk|Rapid Spin|p2: Metagross|[notarget]
|-fail|p1a: Great Tusk
|
|upkeep
|
|t:|1760441502
|switch|p2a: Cinderace|Cinderace, M|100/100
|turn|21
|
|t:|1760441505
|move|p2a: Cinderace|U-turn|p1a: Great Tusk
|-start|p2a: Cinderace|typechange|Bug|[from] ability: Libero
|-resisted|p1a: Great Tusk
|-damage|p1a: Great Tusk|34/100
|-damage|p2a: Cinderace|84/100|[from] item: Rocky Helmet|[of] p1a: Great Tusk
|
|t:|1760441507
|switch|p2a: Gliscor|Gliscor, M|100/100|[from] U-turn
|move|p1a: Great Tusk|Headlong Rush|p2a: Gliscor
|-immune|p2a: Gliscor
|
|-status|p2a: Gliscor|tox|[from] item: Toxic Orb
|upkeep
|turn|22
|
|t:|1760441516
|move|p1a: Great Tusk|Ice Spinner|p2a: Gliscor
|-supereffective|p2a: Gliscor
|-damage|p2a: Gliscor|15/100 tox
|move|p2a: Gliscor|Earthquake|p1a: Great Tusk
|-damage|p1a: Great Tusk|9/100
|
|-heal|p2a: Gliscor|28/100 tox|[from] ability: Poison Heal
|upkeep
|turn|23
|
|t:|1760441521
|switch|p2a: Cinderace|Cinderace, M|84/100
|move|p1a: Great Tusk|Rapid Spin|p2a: Cinderace
|-damage|p2a: Cinderace|60/100
|-boost|p1a: Great Tusk|spe|1
|
|upkeep
|turn|24
|
|t:|1760441527
|move|p1a: Great Tusk|Headlong Rush|p2a: Cinderace
|-supereffective|p2a: Cinderace
|-damage|p2a: Cinderace|0 fnt
|-unboost|p1a: Great Tusk|def|1
|-unboost|p1a: Great Tusk|spd|1
|faint|p2a: Cinderace
|
|upkeep
|
|t:|1760441540
|switch|p2a: Raging Bolt|Raging Bolt|100/100
|-damage|p2a: Raging Bolt|88/100|[from] Spikes
|-enditem|p2a: Raging Bolt|Booster Energy
|-activate|p2a: Raging Bolt|ability: Protosynthesis|[fromitem]
|-start|p2a: Raging Bolt|protosynthesisspa
|turn|25
|
|t:|1760441548
|-terastallize|p2a: Raging Bolt|Flying
|move|p1a: Great Tusk|Headlong Rush|p2a: Raging Bolt
|-immune|p2a: Raging Bolt
|move|p2a: Raging Bolt|Dragon Pulse|p1a: Great Tusk
|-damage|p1a: Great Tusk|0 fnt
|faint|p1a: Great Tusk
|-end|p1a: Great Tusk|Protosynthesis|[silent]
|
|upkeep
|
|t:|1760441551
|switch|p1a: Weavile|Weavile, F|100/100
|-ability|p1a: Weavile|Pressure
|turn|26
|
|t:|1760441555
|move|p1a: Weavile|Triple Axel|p2a: Raging Bolt
|-supereffective|p2a: Raging Bolt
|-damage|p2a: Raging Bolt|71/100
|-supereffective|p2a: Raging Bolt
|-damage|p2a: Raging Bolt|35/100
|-supereffective|p2a: Raging Bolt
|-damage|p2a: Raging Bolt|0 fnt
|faint|p2a: Raging Bolt
|-end|p2a: Raging Bolt|Protosynthesis|[silent]
|-hitcount|p2: Raging Bolt|3
|
|upkeep
|
|t:|1760441560
|switch|p2a: Gliscor|Gliscor, M|28/100 tox
|turn|27
|
|t:|1760441562
|move|p1a: Weavile|Swords Dance|p1a: Weavile
|-boost|p1a: Weavile|atk|2
|move|p2a: Gliscor|Earthquake|p1a: Weavile
|-damage|p1a: Weavile|44/100
|
|-heal|p2a: Gliscor|40/100 tox|[from] ability: Poison Heal
|upkeep
|turn|28
|
|t:|1760441568
|move|p2a: Gliscor|Protect|p2a: Gliscor
|-singleturn|p2a: Gliscor|Protect
|move|p1a: Weavile|Knock Off|p2a: Gliscor
|-activate|p2a: Gliscor|move: Protect
|
|-heal|p2a: Gliscor|53/100 tox|[from] ability: Poison Heal
|upkeep
|turn|29
|
|t:|1760441573
|-terastallize|p1a: Weavile|Ice
|move|p1a: Weavile|Ice Shard|p2a: Gliscor
|-supereffective|p2a: Gliscor
|-damage|p2a: Gliscor|0 fnt
|faint|p2a: Gliscor
|
|win|LogdaPomo
|raw|LogdaPomo's rating: 1453 &rarr; <strong>1469</strong><br />(+16 for winning)
|raw|SHEWILLBETRAYu_067's rating: 1382 &rarr; <strong>1366</strong><br />(-16 for losing)
|l|☆LogdaPomo
|player|p1|
|l|☆SHEWILLBETRAYu_067
|player|p2|
