|j|☆98k40a
|j|☆TOMBDADDY
|t:|1760381763
|gametype|singles
|player|p1|98k40a|brycenman|1352
|player|p2|TOMBDADDY|unknown|1339
|gen|9
|tier|[Gen 9] OU
|rated|
|rule|HP Percentage Mod: HP is shown in percentages
|rule|Endless Battle Clause: Forcing endless battles is banned
|rule|Species Clause: Limit one of each Pokémon
|rule|OHKO Clause: OHKO moves are banned
|rule|Evasion Items Clause: Evasion items are banned
|rule|Evasion Moves Clause: Evasion moves are banned
|rule|Evasion Abilities Clause: Evasion abilities are banned
|rule|Sleep Moves Clause: Sleep-inducing moves are banned
|clearpoke
|poke|p1|Tornadus-Therian, M|
|poke|p1|Raging Bolt|
|poke|p1|Scizor, F|
|poke|p1|Cinderace, F|
|poke|p1|Weavile, F|
|poke|p1|Enamorus, F|
|poke|p2|Heatran, M|
|poke|p2|Hatterene, F|
|poke|p2|Great Tusk|
|poke|p2|Dragonite, M|
|poke|p2|Darkrai|
|poke|p2|Gholdengo|
|teampreview
|
|t:|1760381792
|teamsize|p1|6
|teamsize|p2|6
|start
|switch|p1a: Weavile|Weavile, F|100/100
|switch|p2a: Heatran|Heatran, M|100/100
|-ability|p1a: Weavile|Pressure
|turn|1
|
|t:|1760381801
|move|p1a: Weavile|Low Kick|p2a: Heatran
|-supereffective|p2a: Heatran
|-damage|p2a: Heatran|4/100
|move|p2a: Heatran|Magma Storm|p1a: Weavile|[miss]
|-miss|p2a: Heatran|p1a: Weavile
|
|-heal|p2a: Heatran|11/100|[from] item: Leftovers
|upkeep
|turn|2
|
|t:|1760381830
|switch|p1a: Cinderace|Cinderace, F|100/100
|switch|p2a: Gholdengo|Gholdengo|100/100
|
|upkeep
|turn|3
|
|t:|1760381835
|switch|p2a: Heatran|Heatran, M|11/100
|move|p1a: Cinderace|U-turn|p2a: Heatran
|-start|p1a: Cinderace|typechange|Bug|[from] ability: Libero
|-resisted|p2a: Heatran
|-damage|p2a: Heatran|4/100
|
|t:|1760381848
|switch|p1a: Tornadus|Tornadus-Therian, M|100/100|[from] U-turn
|
|-heal|p2a: Heatran|10/100|[from] item: Leftovers
|upkeep
|turn|4
|
|t:|1760381859
|move|p1a: Tornadus|Bleakwind Storm|p2a: Heatran|[miss]
|-miss|p1a: Tornadus|p2a: Heatran
|move|p2a: Heatran|Stealth Rock|p1a: Tornadus
|-sidestart|p1: 98k40a|move: Stealth Rock
|
|-heal|p2a: Heatran|16/100|[from] item: Leftovers
|upkeep
|turn|5
|
|t:|1760381867
|move|p1a: Tornadus|Bleakwind Storm|p2a: Heatran|[miss]
|-miss|p1a: Tornadus|p2a: Heatran
|move|p2a: Heatran|Magma Storm|p1a: Tornadus
|-damage|p1a: Tornadus|45/100
|-activate|p1a: Tornadus|move: Magma Storm|[of] p2a: Heatran
|
|-heal|p2a: Heatran|23/100|[from] item: Leftovers
|-damage|p1a: Tornadus|33/100|[from] move: Magma Storm|[partiallytrapped]
|upkeep
|turn|6
|
|t:|1760381876
|move|p1a: Tornadus|Bleakwind Storm|p2a: Heatran
|-resisted|p2a: Heatran
|-damage|p2a: Heatran|1/100
|move|p2a: Heatran|Taunt|p1a: Tornadus
|-start|p1a: Tornadus|move: Taunt
|
|-heal|p2a: Heatran|7/100|[from] item: Leftovers
|-damage|p1a: Tornadus|21/100|[from] move: Magma Storm|[partiallytrapped]
|upkeep
|turn|7
|
|t:|1760381886
|move|p1a: Tornadus|Bleakwind Storm|p2a: Heatran|[miss]
|-miss|p1a: Tornadus|p2a: Heatran
|move|p2a: Heatran|Magma Storm|p1a: Tornadus
|-damage|p1a: Tornadus|0 fnt
|faint|p1a: Tornadus
|
|-heal|p2a: Heatran|13/100|[from] item: Leftovers
|upkeep
|
|t:|1760381908
|switch|p1a: Cinderace|Cinderace, F|100/100
|turn|8
|
|t:|1760381917
|move|p1a: Cinderace|Court Change|p1a: Cinderace
|-start|p1a: Cinderace|typechange|Normal|[from] ability: Libero
|-swapsideconditions
|-activate|p1a: Cinderace|move: Court Change
|move|p2a: Heatran|Earth Power|p1a: Cinderace
|-damage|p1a: Cinderace|66/100
|
|-heal|p2a: Heatran|19/100|[from] item: Leftovers
|upkeep
|turn|9
|
|t:|1760381925
|move|p1a: Cinderace|Taunt|p2a: Heatran
|-start|p2a: Heatran|move: Taunt
|cant|p2a: Heatran|move: Taunt|Stealth Rock
|
|-heal|p2a: Heatran|26/100|[from] item: Leftovers
|upkeep
|turn|10
|
|t:|1760381931
|move|p1a: Cinderace|U-turn|p2a: Heatran
|-resisted|p2a: Heatran
|-damage|p2a: Heatran|21/100
|
|t:|1760381940
|switch|p1a: Raging Bolt|Raging Bolt|100/100|[from] U-turn
|move|p2a: Heatran|Magma Storm|p1a: Raging Bolt
|-resisted|p1a: Raging Bolt
|-damage|p1a: Raging Bolt|79/100
|-activate|p1a: Raging Bolt|move: Magma Storm|[of] p2a: Heatran
|
|-heal|p2a: Heatran|28/100|[from] item: Leftovers
|-damage|p1a: Raging Bolt|67/100|[from] move: Magma Storm|[partiallytrapped]
|upkeep
|turn|11
|
|t:|1760381947
|move|p1a: Raging Bolt|Volt Switch|p2a: Heatran
|-damage|p2a: Heatran|0 fnt
|faint|p2a: Heatran
|
|t:|1760381951
|-end|p1a: Raging Bolt|Protosynthesis|[silent]
|switch|p1a: Weavile|Weavile, F|100/100|[from] Volt Switch
|-ability|p1a: Weavile|Pressure
|
|upkeep
|
|t:|1760381959
|switch|p2a: Great Tusk|Great Tusk|100/100
|-damage|p2a: Great Tusk|98/100|[from] Stealth Rock
|-enditem|p2a: Great Tusk|Booster Energy
|-activate|p2a: Great Tusk|ability: Protosynthesis|[fromitem]
|-start|p2a: Great Tusk|protosynthesisatk
|turn|12
|
|t:|1760381963
|move|p1a: Weavile|Triple Axel|p2a: Great Tusk
|-supereffective|p2a: Great Tusk
|-damage|p2a: Great Tusk|74/100
|-supereffective|p2a: Great Tusk
|-damage|p2a: Great Tusk|27/100
|-supereffective|p2a: Great Tusk
|-damage|p2a: Great Tusk|0 fnt
|faint|p2a: Great Tusk
|-end|p2a: Great Tusk|Protosynthesis|[silent]
|-hitcount|p2: Great Tusk|3
|
|upkeep
|-message|TOMBDADDY forfeited.
|
|win|98k40a
|raw|98k40a's rating: 1352 &rarr; <strong>1371</strong><br />(+19 for winning)
|raw|TOMBDADDY's rating: 1339 &rarr; <strong>1320</strong><br />(-19 for losing)
|l|☆TOMBDADDY
|player|p2|
