|j|☆aeSpark
|j|‽usucklatias
|t:|1760415336
|gametype|singles
|player|p1|aeSpark|169|1210
|player|p2|usucklatias|170|1252
|gen|9
|tier|[Gen 9] OU
|rated|
|rule|HP Percentage Mod: HP is shown in percentages
|rule|Endless Battle Clause: Forcing endless battles is banned
|rule|Species Clause: Limit one of each Pokémon
|rule|OHKO Clause: OHKO moves are banned
|rule|Evasion Items Clause: Evasion items are banned
|rule|Evasion Moves Clause: Evasion moves are banned
|rule|Evasion Abilities Clause: Evasion abilities are banned
|rule|Sleep Moves Clause: Sleep-inducing moves are banned
|clearpoke
|poke|p1|Slowking-Galar, F|
|poke|p1|Zamazenta-*|
|poke|p1|Landorus-Therian, M|
|poke|p1|Kingambit, F|
|poke|p1|Dragapult, F|
|poke|p1|Ogerpon-Wellspring, F|
|poke|p2|Glimmora, F|
|poke|p2|Ogerpon-Wellspring, F|
|poke|p2|Dragonite, F|
|poke|p2|Rotom-Wash|
|poke|p2|Rillaboom, F|
|poke|p2|Gholdengo|
|teampreview
|j| emeraldspottie
|inactive|Battle timer is ON: inactive players will automatically lose when time's up. (requested by usucklatias)
|
|t:|1760415374
|teamsize|p1|6
|teamsize|p2|6
|start
|switch|p1a: Ogerpon|Ogerpon-Wellspring, F|100/100
|switch|p2a: Glimmora|Glimmora, F, shiny|100/100
|turn|1
|
|t:|1760415381
|move|p1a: Ogerpon|Ivy Cudgel|p2a: Glimmora|[anim] Ivy Cudgel Water
|-supereffective|p2a: Glimmora
|-enditem|p2a: Glimmora|Focus Sash
|-damage|p2a: Glimmora|1/100
|-activate|p2a: Glimmora|ability: Toxic Debris
|-sidestart|p1: aeSpark|move: Toxic Spikes
|move|p2a: Glimmora|Stealth Rock|p1a: Ogerpon
|-sidestart|p1: aeSpark|move: Stealth Rock
|
|upkeep
|turn|2
|
|t:|1760415391
|switch|p2a: Rotom|Rotom-Wash|100/100
|move|p1a: Ogerpon|Knock Off|p2a: Rotom
|-damage|p2a: Rotom|59/100
|-enditem|p2a: Rotom|Leftovers|[from] move: Knock Off|[of] p1a: Ogerpon
|
|upkeep
|turn|3
|
|t:|1760415406
|move|p1a: Ogerpon|Horn Leech|p2a: Rotom
|-supereffective|p2a: Rotom
|-damage|p2a: Rotom|0 fnt
|faint|p2a: Rotom
|
|upkeep
|
|t:|1760415413
|switch|p2a: Rillaboom|Rillaboom, F|100/100
|-fieldstart|move: Grassy Terrain|[from] ability: Grassy Surge|[of] p2a: Rillaboom
|turn|4
|
|t:|1760415430
|switch|p1a: Landorus|Landorus-Therian, M|100/100
|-damage|p1a: Landorus|88/100|[from] Stealth Rock
|-ability|p1a: Landorus|Intimidate|boost
|-unboost|p2a: Rillaboom|atk|1
|move|p2a: Rillaboom|Swords Dance|p2a: Rillaboom
|-boost|p2a: Rillaboom|atk|2
|
|upkeep
|turn|5
|
|t:|1760415443
|-terastallize|p2a: Rillaboom|Grass
|move|p2a: Rillaboom|Grassy Glide|p1a: Landorus
|-damage|p1a: Landorus|7/100
|-damage|p2a: Rillaboom|84/100|[from] item: Rocky Helmet|[of] p1a: Landorus
|-damage|p2a: Rillaboom|74/100|[from] item: Life Orb
|move|p1a: Landorus|U-turn|p2a: Rillaboom
|-supereffective|p2a: Rillaboom
|-damage|p2a: Rillaboom|28/100
|
|t:|1760415451
|switch|p1a: Slowking|Slowking-Galar, F|100/100|[from] U-turn
|-sideend|p1: aeSpark|move: Toxic Spikes|[of] p1a: Slowking
|
|-heal|p2a: Rillaboom|35/100|[from] Grassy Terrain
|upkeep
|turn|6
|
|t:|1760415476
|switch|p1a: Landorus|Landorus-Therian, M|7/100
|-damage|p1a: Landorus|0 fnt|[from] Stealth Rock
|faint|p1a: Landorus
|move|p2a: Rillaboom|Knock Off|p1: Landorus|[notarget]
|-fail|p2a: Rillaboom
|
|-heal|p2a: Rillaboom|41/100|[from] Grassy Terrain
|upkeep
|inactive|aeSpark has 120 seconds left.
|
|t:|1760415494
|switch|p1a: Zamazenta|Zamazenta|100/100
|-ability|p1a: Zamazenta|Dauntless Shield|boost
|-boost|p1a: Zamazenta|def|1
|turn|7
|inactive|aeSpark has 120 seconds left.
|
|t:|1760415513
|switch|p2a: Glimmora|Glimmora, F, shiny|1/100
|move|p1a: Zamazenta|Close Combat|p2a: Glimmora
|-damage|p2a: Glimmora|0 fnt
|-unboost|p1a: Zamazenta|def|1
|-unboost|p1a: Zamazenta|spd|1
|-activate|p2a: Glimmora|ability: Toxic Debris
|-sidestart|p1: aeSpark|move: Toxic Spikes
|faint|p2a: Glimmora
|
|upkeep
|
|t:|1760415528
|switch|p2a: Gholdengo|Gholdengo|100/100
|turn|8
|
|t:|1760415531
|move|p2a: Gholdengo|Shadow Ball|p1a: Zamazenta
|-damage|p1a: Zamazenta|48/100
|-unboost|p1a: Zamazenta|spd|1
|move|p1a: Zamazenta|Crunch|p2a: Gholdengo
|-supereffective|p2a: Gholdengo
|-damage|p2a: Gholdengo|43/100
|-unboost|p2a: Gholdengo|def|1
|
|-heal|p2a: Gholdengo|49/100|[from] Grassy Terrain
|-heal|p1a: Zamazenta|54/100|[from] Grassy Terrain
|-fieldend|move: Grassy Terrain
|upkeep
|turn|9
|inactive|aeSpark has 120 seconds left.
|
|t:|1760415550
|switch|p1a: Kingambit|Kingambit, F|100/100
|-damage|p1a: Kingambit|94/100|[from] Stealth Rock
|-activate|p1a: Kingambit|ability: Supreme Overlord
|-start|p1a: Kingambit|fallen1|[silent]
|move|p2a: Gholdengo|Shadow Ball|p1a: Kingambit
|-resisted|p1a: Kingambit
|-damage|p1a: Kingambit|74/100
|
|-heal|p1a: Kingambit|80/100|[from] item: Leftovers
|upkeep
|turn|10
|inactive|aeSpark has 120 seconds left.
|
|t:|1760415562
|switch|p2a: Dragonite|Dragonite, F|100/100
|move|p1a: Kingambit|Swords Dance|p1a: Kingambit
|-boost|p1a: Kingambit|atk|2
|
|-heal|p1a: Kingambit|86/100|[from] item: Leftovers
|upkeep
|turn|11
|inactive|aeSpark has 120 seconds left.
|
|t:|1760415582
|-terastallize|p1a: Kingambit|Fairy
|move|p2a: Dragonite|Fire Punch|p1a: Kingambit
|-damage|p1a: Kingambit|68/100
|move|p1a: Kingambit|Tera Blast|p2a: Dragonite|[anim] Tera Blast Fairy
|-supereffective|p2a: Dragonite
|-damage|p2a: Dragonite|0 fnt
|faint|p2a: Dragonite
|
|-heal|p1a: Kingambit|74/100|[from] item: Leftovers
|upkeep
|
|t:|1760415599
|switch|p2a: Rillaboom|Rillaboom, F, tera:Grass|41/100
|-fieldstart|move: Grassy Terrain|[from] ability: Grassy Surge|[of] p2a: Rillaboom
|turn|12
|inactive|aeSpark has 120 seconds left.
|
|t:|1760415617
|move|p2a: Rillaboom|Grassy Glide|p1a: Kingambit
|-damage|p1a: Kingambit|20/100
|-damage|p2a: Rillaboom|31/100|[from] item: Life Orb
|move|p1a: Kingambit|Tera Blast|p2a: Rillaboom|[anim] Tera Blast Fairy
|-damage|p2a: Rillaboom|0 fnt
|faint|p2a: Rillaboom
|
|-heal|p1a: Kingambit|26/100|[from] Grassy Terrain
|-heal|p1a: Kingambit|32/100|[from] item: Leftovers
|upkeep
|
|t:|1760415626
|switch|p2a: Ogerpon|Ogerpon-Wellspring, F|100/100
|turn|13
|
|t:|1760415631
|move|p1a: Kingambit|Sucker Punch|p2a: Ogerpon
|-crit|p2a: Ogerpon
|-damage|p2a: Ogerpon|0 fnt
|faint|p2a: Ogerpon
|
|-heal|p1a: Kingambit|38/100|[from] Grassy Terrain
|-heal|p1a: Kingambit|45/100|[from] item: Leftovers
|upkeep
|
|t:|1760415638
|switch|p2a: Gholdengo|Gholdengo|49/100
|turn|14
|
|t:|1760415642
|move|p1a: Kingambit|Sucker Punch|p2a: Gholdengo
|-supereffective|p2a: Gholdengo
|-damage|p2a: Gholdengo|0 fnt
|faint|p2a: Gholdengo
|
|win|aeSpark
|raw|aeSpark's rating: 1210 &rarr; <strong>1238</strong><br />(+28 for winning)
|raw|usucklatias's rating: 1252 &rarr; <strong>1224</strong><br />(-28 for losing)
