|j|☆doodoogirl69
|j|‽AtWorkFarming
|t:|1760415134
|gametype|singles
|player|p1|doodoogirl69|1|1213
|player|p2|AtWorkFarming|silver|1292
|gen|9
|tier|[Gen 9] OU
|rated|
|rule|HP Percentage Mod: HP is shown in percentages
|rule|Endless Battle Clause: Forcing endless battles is banned
|rule|Species Clause: Limit one of each Pokémon
|rule|OHKO Clause: OHKO moves are banned
|rule|Evasion Items Clause: Evasion items are banned
|rule|Evasion Moves Clause: Evasion moves are banned
|rule|Evasion Abilities Clause: Evasion abilities are banned
|rule|Sleep Moves Clause: Sleep-inducing moves are banned
|clearpoke
|poke|p1|Gallade, M|
|poke|p1|Chandelure, M|
|poke|p1|Torterra, F|
|poke|p1|Revavroom, F|
|poke|p1|Vaporeon, F|
|poke|p1|Gastrodon, M|
|poke|p2|Rotom-Wash|
|poke|p2|Iron Treads|
|poke|p2|Rillaboom, F|
|poke|p2|Ogerpon, F|
|poke|p2|Primarina, M|
|poke|p2|Iron Valiant|
|teampreview
|inactive|Battle timer is ON: inactive players will automatically lose when time's up. (requested by doodoogirl69)
|
|t:|1760415148
|teamsize|p1|6
|teamsize|p2|6
|start
|switch|p1a: Chandelure|Chandelure, M|100/100
|switch|p2a: Rotom|Rotom-Wash|100/100
|turn|1
|inactive|AtWorkFarming has 120 seconds left.
|
|t:|1760415184
|move|p1a: Chandelure|Trick|p2a: Rotom
|-activate|p1a: Chandelure|move: Trick|[of] p2a: Rotom
|-item|p2a: Rotom|Choice Specs|[from] move: Trick
|-item|p1a: Chandelure|Leftovers|[from] move: Trick
|move|p2a: Rotom|Hydro Pump|p1a: Chandelure
|-supereffective|p1a: Chandelure
|-damage|p1a: Chandelure|0 fnt
|faint|p1a: Chandelure
|
|upkeep
|inactive|doodoogirl69 has 120 seconds left.
|inactive|doodoogirl69 has 90 seconds left.
|
|t:|1760415247
|switch|p1a: Vaporeon|Vaporeon, F|100/100
|turn|2
|inactive|AtWorkFarming has 120 seconds left.
|
|t:|1760415260
|switch|p2a: Rillaboom|Rillaboom, F|100/100
|-fieldstart|move: Grassy Terrain|[from] ability: Grassy Surge|[of] p2a: Rillaboom
|move|p1a: Vaporeon|Calm Mind|p1a: Vaporeon
|-boost|p1a: Vaporeon|spa|1
|-boost|p1a: Vaporeon|spd|1
|
|upkeep
|turn|3
|
|t:|1760415268
|move|p2a: Rillaboom|Drum Beating|p1a: Vaporeon
|-supereffective|p1a: Vaporeon
|-damage|p1a: Vaporeon|34/100
|-unboost|p1a: Vaporeon|spe|1
|move|p1a: Vaporeon|Acid Armor|p1a: Vaporeon
|-boost|p1a: Vaporeon|def|2
|
|-heal|p1a: Vaporeon|40/100|[from] Grassy Terrain
|-heal|p1a: Vaporeon|46/100|[from] item: Leftovers
|upkeep
|turn|4
|
|t:|1760415280
|-terastallize|p1a: Vaporeon|Fairy
|move|p2a: Rillaboom|Drum Beating|p1a: Vaporeon
|-damage|p1a: Vaporeon|31/100
|-unboost|p1a: Vaporeon|spe|1
|move|p1a: Vaporeon|Calm Mind|p1a: Vaporeon
|-boost|p1a: Vaporeon|spa|1
|-boost|p1a: Vaporeon|spd|1
|
|-heal|p1a: Vaporeon|37/100|[from] Grassy Terrain
|-heal|p1a: Vaporeon|43/100|[from] item: Leftovers
|upkeep
|turn|5
|
|t:|1760415291
|move|p2a: Rillaboom|U-turn|p1a: Vaporeon
|-resisted|p1a: Vaporeon
|-damage|p1a: Vaporeon|39/100
|
|t:|1760415295
|switch|p2a: Iron Treads|Iron Treads|100/100|[from] U-turn
|move|p1a: Vaporeon|Stored Power|p2a: Iron Treads
|-resisted|p2a: Iron Treads
|-damage|p2a: Iron Treads|77/100
|
|-heal|p2a: Iron Treads|84/100|[from] Grassy Terrain
|-heal|p1a: Vaporeon|45/100|[from] Grassy Terrain
|-heal|p1a: Vaporeon|51/100|[from] item: Leftovers
|upkeep
|turn|6
|
|t:|1760415303
|move|p2a: Iron Treads|Iron Head|p1a: Vaporeon
|-supereffective|p1a: Vaporeon
|-damage|p1a: Vaporeon|26/100
|move|p1a: Vaporeon|Scald|p2a: Iron Treads
|-supereffective|p2a: Iron Treads
|-crit|p2a: Iron Treads
|-damage|p2a: Iron Treads|0 fnt
|faint|p2a: Iron Treads
|-end|p2a: Iron Treads|Quark Drive|[silent]
|
|-heal|p1a: Vaporeon|33/100|[from] Grassy Terrain
|-heal|p1a: Vaporeon|39/100|[from] item: Leftovers
|-fieldend|move: Grassy Terrain
|upkeep
|
|t:|1760415312
|switch|p2a: Ogerpon|Ogerpon, F|100/100
|turn|7
|
|t:|1760415316
|-terastallize|p2a: Ogerpon|Grass
|detailschange|p2a: Ogerpon|Ogerpon-Teal-Tera, F, tera:Grass
|-ability|p2a: Ogerpon|Embody Aspect (Teal)|boost
|-boost|p2a: Ogerpon|spe|1
|move|p2a: Ogerpon|Ivy Cudgel|p1a: Vaporeon
|-damage|p1a: Vaporeon|4/100
|move|p1a: Vaporeon|Stored Power|p2a: Ogerpon
|-damage|p2a: Ogerpon|17/100
|
|-heal|p1a: Vaporeon|10/100|[from] item: Leftovers
|upkeep
|turn|8
|
|t:|1760415326
|move|p2a: Ogerpon|Ivy Cudgel|p1a: Vaporeon
|-crit|p1a: Vaporeon
|-damage|p1a: Vaporeon|0 fnt
|faint|p1a: Vaporeon
|
|upkeep
|
|t:|1760415330
|switch|p1a: Revavroom|Revavroom, F|100/100
|-item|p1a: Revavroom|Air Balloon
|turn|9
|
|t:|1760415334
|switch|p2a: Rillaboom|Rillaboom, F|100/100
|-fieldstart|move: Grassy Terrain|[from] ability: Grassy Surge|[of] p2a: Rillaboom
|move|p1a: Revavroom|Shift Gear|p1a: Revavroom
|-boost|p1a: Revavroom|spe|2
|-boost|p1a: Revavroom|atk|1
|
|upkeep
|turn|10
|
|t:|1760415341
|move|p1a: Revavroom|Gunk Shot|p2a: Rillaboom
|-supereffective|p2a: Rillaboom
|-damage|p2a: Rillaboom|0 fnt
|faint|p2a: Rillaboom
|
|upkeep
|
|t:|1760415345
|switch|p2a: Rotom|Rotom-Wash|100/100
|turn|11
|
|t:|1760415351
|move|p1a: Revavroom|Gunk Shot|p2a: Rotom
|-damage|p2a: Rotom|21/100
|move|p2a: Rotom|Thunderbolt|p1a: Revavroom
|-damage|p1a: Revavroom|32/100
|-enditem|p1a: Revavroom|Air Balloon
|
|-heal|p1a: Revavroom|38/100|[from] Grassy Terrain
|upkeep
|turn|12
|
|t:|1760415358
|move|p1a: Revavroom|Iron Head|p2a: Rotom
|-resisted|p2a: Rotom
|-damage|p2a: Rotom|8/100
|cant|p2a: Rotom|flinch
|
|-heal|p1a: Revavroom|44/100|[from] Grassy Terrain
|upkeep
|turn|13
|
|t:|1760415366
|move|p1a: Revavroom|Iron Head|p2a: Rotom
|-resisted|p2a: Rotom
|-damage|p2a: Rotom|0 fnt
|faint|p2a: Rotom
|
|-heal|p1a: Revavroom|50/100|[from] Grassy Terrain
|-fieldend|move: Grassy Terrain
|upkeep
|
|t:|1760415381
|switch|p2a: Iron Valiant|Iron Valiant|100/100
|-enditem|p2a: Iron Valiant|Booster Energy
|-activate|p2a: Iron Valiant|ability: Quark Drive|[fromitem]
|-start|p2a: Iron Valiant|quarkdrivespe
|turn|14
|
|t:|1760415386
|move|p2a: Iron Valiant|Focus Blast|p1a: Revavroom
|-damage|p1a: Revavroom|0 fnt
|faint|p1a: Revavroom
|
|upkeep
|
|t:|1760415396
|switch|p1a: Gallade|Gallade, M|100/100
|turn|15
|
|t:|1760415399
|move|p2a: Iron Valiant|Moonblast|p1a: Gallade
|-supereffective|p1a: Gallade
|-damage|p1a: Gallade|0 fnt
|faint|p1a: Gallade
|
|upkeep
|
|t:|1760415406
|switch|p1a: Torterra|Torterra, F|100/100
|turn|16
|
|t:|1760415409
|move|p2a: Iron Valiant|Moonblast|p1a: Torterra
|-damage|p1a: Torterra|45/100
|move|p1a: Torterra|Shell Smash|p1a: Torterra
|-unboost|p1a: Torterra|def|1
|-unboost|p1a: Torterra|spd|1
|-boost|p1a: Torterra|atk|2
|-boost|p1a: Torterra|spa|2
|-boost|p1a: Torterra|spe|2
|
|upkeep
|turn|17
|
|t:|1760415417
|move|p2a: Iron Valiant|Moonblast|p1a: Torterra
|-damage|p1a: Torterra|0 fnt
|faint|p1a: Torterra
|
|upkeep
|-message|doodoogirl69 forfeited.
|
|win|AtWorkFarming
|raw|doodoogirl69's rating: 1213 &rarr; <strong>1194</strong><br />(-19 for losing)
|raw|AtWorkFarming's rating: 1292 &rarr; <strong>1311</strong><br />(+19 for winning)
|l|☆doodoogirl69
|player|p1|
|l|‽AtWorkFarming
|player|p2|
