|j|☆Vuzi
|j|‽BUSTERGOAT
|t:|1760444345
|gametype|singles
|player|p1|Vuzi|102|1089
|player|p2|BUSTERGOAT|falkner|1133
|gen|9
|tier|[Gen 9] OU
|rated|
|rule|HP Percentage Mod: HP is shown in percentages
|rule|Endless Battle Clause: Forcing endless battles is banned
|rule|Species Clause: Limit one of each Pokémon
|rule|OHKO Clause: OHKO moves are banned
|rule|Evasion Items Clause: Evasion items are banned
|rule|Evasion Moves Clause: Evasion moves are banned
|rule|Evasion Abilities Clause: Evasion abilities are banned
|rule|Sleep Moves Clause: Sleep-inducing moves are banned
|clearpoke
|poke|p1|Gliscor, F|
|poke|p1|Great Tusk|
|poke|p1|Iron Valiant|
|poke|p1|Kingambit, F|
|poke|p1|Kyurem|
|poke|p1|Raging Bolt|
|poke|p2|Ribombee, M|
|poke|p2|Cinderace, F|
|poke|p2|Serperior, F|
|poke|p2|Enamorus, F|
|poke|p2|Dragapult, M|
|poke|p2|Kingambit, M|
|teampreview
|inactive|Battle timer is ON: inactive players will automatically lose when time's up. (requested by Vuzi)
|
|t:|1760444354
|teamsize|p1|6
|teamsize|p2|6
|start
|switch|p1a: Kyurem|Kyurem|100/100
|switch|p2a: Ribombee|Ribombee, M, shiny|100/100
|-ability|p1a: Kyurem|Pressure
|turn|1
|
|t:|1760444360
|move|p2a: Ribombee|Stun Spore|p1a: Kyurem
|-status|p1a: Kyurem|par
|move|p1a: Kyurem|Dragon Dance|p1a: Kyurem
|-boost|p1a: Kyurem|atk|1
|-boost|p1a: Kyurem|spe|1
|
|upkeep
|turn|2
|
|t:|1760444364
|move|p2a: Ribombee|Moonblast|p1a: Kyurem
|-supereffective|p1a: Kyurem
|-damage|p1a: Kyurem|22/100 par
|move|p1a: Kyurem|Icicle Spear|p2a: Ribombee
|-damage|p2a: Ribombee|59/100
|-damage|p2a: Ribombee|15/100
|-damage|p2a: Ribombee|0 fnt
|faint|p2a: Ribombee
|-hitcount|p2: Ribombee|3
|
|upkeep
|
|t:|1760444375
|switch|p2a: Kingambit|Kingambit, M, shiny|100/100
|turn|3
|
|t:|1760444379
|move|p1a: Kyurem|Scale Shot|p2a: Kingambit
|-resisted|p2a: Kingambit
|-damage|p2a: Kingambit|91/100
|-resisted|p2a: Kingambit
|-damage|p2a: Kingambit|82/100
|-resisted|p2a: Kingambit
|-damage|p2a: Kingambit|73/100
|-resisted|p2a: Kingambit
|-damage|p2a: Kingambit|64/100
|-resisted|p2a: Kingambit
|-damage|p2a: Kingambit|56/100
|-hitcount|p2a: Kingambit|5
|-unboost|p1a: Kyurem|def|1
|-boost|p1a: Kyurem|spe|1
|move|p2a: Kingambit|Kowtow Cleave|p1a: Kyurem
|-damage|p1a: Kyurem|0 fnt
|faint|p1a: Kyurem
|
|-heal|p2a: Kingambit|62/100|[from] item: Leftovers
|upkeep
|
|t:|1760444393
|switch|p1a: Iron Valiant|Iron Valiant|100/100
|turn|4
|
|t:|1760444398
|switch|p2a: Enamorus|Enamorus, F|100/100
|move|p1a: Iron Valiant|Moonblast|p2a: Enamorus
|-damage|p2a: Enamorus|0 fnt
|faint|p2a: Enamorus
|
|upkeep
|
|t:|1760444410
|switch|p2a: Serperior|Serperior, F, shiny|100/100
|turn|5
|
|t:|1760444414
|move|p1a: Iron Valiant|Moonblast|p2a: Serperior
|-damage|p2a: Serperior|9/100
|move|p2a: Serperior|Leaf Storm|p1a: Iron Valiant
|-damage|p1a: Iron Valiant|19/100
|-boost|p2a: Serperior|spa|2
|
|-heal|p2a: Serperior|15/100|[from] item: Leftovers
|upkeep
|turn|6
|
|t:|1760444422
|switch|p2a: Cinderace|Cinderace, F, shiny|100/100
|move|p1a: Iron Valiant|Moonblast|p2a: Cinderace
|-resisted|p2a: Cinderace
|-damage|p2a: Cinderace|50/100
|
|upkeep
|turn|7
|
|t:|1760444427
|-end|p1a: Iron Valiant|Quark Drive|[silent]
|switch|p1a: Raging Bolt|Raging Bolt|100/100
|-enditem|p1a: Raging Bolt|Booster Energy
|-activate|p1a: Raging Bolt|ability: Protosynthesis|[fromitem]
|-start|p1a: Raging Bolt|protosynthesisspa
|move|p2a: Cinderace|Pyro Ball|p1a: Raging Bolt
|-resisted|p1a: Raging Bolt
|-crit|p1a: Raging Bolt
|-damage|p1a: Raging Bolt|65/100
|
|upkeep
|turn|8
|
|t:|1760444436
|move|p1a: Raging Bolt|Thunderclap|p2a: Cinderace
|-damage|p2a: Cinderace|0 fnt
|faint|p2a: Cinderace
|
|upkeep
|-message|BUSTERGOAT forfeited.
|
|win|Vuzi
|raw|Vuzi's rating: 1089 &rarr; <strong>1119</strong><br />(+30 for winning)
|raw|BUSTERGOAT's rating: 1133 &rarr; <strong>1105</strong><br />(-28 for losing)
|l|‽BUSTERGOAT
|player|p2|
