|j|☆yahhwayy
|j|☆mindmeltingfungi
|t:|1760402115
|gametype|singles
|player|p1|yahhwayy|steven|1058
|player|p2|mindmeltingfungi|170|1069
|gen|9
|tier|[Gen 9] OU
|rated|
|rule|HP Percentage Mod: HP is shown in percentages
|rule|Endless Battle Clause: Forcing endless battles is banned
|rule|Species Clause: Limit one of each Pokémon
|rule|OHKO Clause: OHKO moves are banned
|rule|Evasion Items Clause: Evasion items are banned
|rule|Evasion Moves Clause: Evasion moves are banned
|rule|Evasion Abilities Clause: Evasion abilities are banned
|rule|Sleep Moves Clause: Sleep-inducing moves are banned
|clearpoke
|poke|p1|Glaceon, F|
|poke|p1|Ninetales-Alola, M|
|poke|p1|Slowking-Galar, F|
|poke|p1|Azumarill, M|
|poke|p1|Gastrodon, M|
|poke|p1|Corviknight, M|
|poke|p2|Avalugg, F|
|poke|p2|Deoxys-Speed|
|poke|p2|Dondozo, M|
|poke|p2|Calyrex|
|poke|p2|Mudsdale, F|
|poke|p2|Bergmite, M|
|teampreview
|inactive|Battle timer is ON: inactive players will automatically lose when time's up. (requested by yahhwayy)
|
|t:|1760402123
|teamsize|p1|6
|teamsize|p2|6
|start
|switch|p1a: Gastrodon|Gastrodon, M|100/100
|switch|p2a: Calyrex|Calyrex|100/100
|-ability|p2a: Calyrex|Unnerve
|-item|p2a: Calyrex|Air Balloon
|turn|1
|
|t:|1760402138
|switch|p1a: Corviknight|Corviknight, M|100/100
|move|p2a: Calyrex|Body Press|p1a: Corviknight
|-damage|p1a: Corviknight|93/100
|
|upkeep
|turn|2
|
|t:|1760402146
|move|p2a: Calyrex|Grassy Terrain|p2a: Calyrex
|-fieldstart|move: Grassy Terrain
|move|p1a: Corviknight|Brave Bird|p2a: Calyrex
|-supereffective|p2a: Calyrex
|-damage|p2a: Calyrex|0 fnt
|-enditem|p2a: Calyrex|Air Balloon
|faint|p2a: Calyrex
|-damage|p1a: Corviknight|59/100|[from] Recoil
|
|upkeep
|
|t:|1760402153
|switch|p2a: Avalugg|Avalugg, F, shiny|100/100
|turn|3
|
|t:|1760402161
|move|p1a: Corviknight|U-turn|p2a: Avalugg
|-damage|p2a: Avalugg|95/100
|
|t:|1760402169
|switch|p1a: Gastrodon|Gastrodon, M|100/100|[from] U-turn
|move|p2a: Avalugg|Avalanche|p1a: Gastrodon
|-damage|p1a: Gastrodon|72/100
|-damage|p2a: Avalugg|78/100|[from] item: Rocky Helmet|[of] p1a: Gastrodon
|
|-heal|p1a: Gastrodon|78/100|[from] Grassy Terrain
|-heal|p2a: Avalugg|84/100|[from] Grassy Terrain
|upkeep
|turn|4
|
|t:|1760402177
|move|p1a: Gastrodon|Stealth Rock|p2a: Avalugg
|-sidestart|p2: mindmeltingfungi|move: Stealth Rock
|move|p2a: Avalugg|Harden|p2a: Avalugg
|-boost|p2a: Avalugg|def|1
|
|-heal|p1a: Gastrodon|84/100|[from] Grassy Terrain
|-heal|p2a: Avalugg|90/100|[from] Grassy Terrain
|upkeep
|turn|5
|
|t:|1760402188
|move|p1a: Gastrodon|Clear Smog|p2a: Avalugg
|-damage|p2a: Avalugg|74/100
|-clearboost|p2a: Avalugg
|move|p2a: Avalugg|Harden|p2a: Avalugg
|-boost|p2a: Avalugg|def|1
|
|-heal|p1a: Gastrodon|90/100|[from] Grassy Terrain
|-heal|p2a: Avalugg|80/100|[from] Grassy Terrain
|upkeep
|turn|6
|
|t:|1760402195
|move|p1a: Gastrodon|Earth Power|p2a: Avalugg
|-damage|p2a: Avalugg|32/100
|move|p2a: Avalugg|Avalanche|p1a: Gastrodon
|-damage|p1a: Gastrodon|35/100
|-damage|p2a: Avalugg|15/100|[from] item: Rocky Helmet|[of] p1a: Gastrodon
|
|-heal|p1a: Gastrodon|42/100|[from] Grassy Terrain
|-heal|p2a: Avalugg|22/100|[from] Grassy Terrain
|-fieldend|move: Grassy Terrain
|upkeep
|turn|7
|
|t:|1760402206
|switch|p2a: Dondozo|Dondozo, M|100/100
|-damage|p2a: Dondozo|88/100|[from] Stealth Rock
|move|p1a: Gastrodon|Clear Smog|p2a: Dondozo
|-damage|p2a: Dondozo|74/100
|-clearboost|p2a: Dondozo
|
|upkeep
|turn|8
|
|t:|1760402218
|move|p2a: Dondozo|Body Press|p1a: Gastrodon
|-damage|p1a: Gastrodon|11/100
|-damage|p2a: Dondozo|58/100|[from] item: Rocky Helmet|[of] p1a: Gastrodon
|-damage|p2a: Dondozo|48/100|[from] item: Life Orb
|move|p1a: Gastrodon|Clear Smog|p2a: Dondozo
|-damage|p2a: Dondozo|35/100
|-clearboost|p2a: Dondozo
|
|upkeep
|turn|9
|
|t:|1760402242
|switch|p1a: Slowking|Slowking-Galar, F|100/100
|move|p2a: Dondozo|Body Press|p1a: Slowking
|-resisted|p1a: Slowking
|-damage|p1a: Slowking|94/100
|-damage|p2a: Dondozo|25/100|[from] item: Life Orb
|
|-heal|p1a: Slowking|99/100|[from] item: Black Sludge
|upkeep
|turn|10
|
|t:|1760402248
|move|p2a: Dondozo|Wave Crash|p1a: Slowking
|-damage|p1a: Slowking|20/100
|-damage|p2a: Dondozo|1/100|[from] Recoil
|-damage|p2a: Dondozo|0 fnt|[from] item: Life Orb
|faint|p2a: Dondozo
|-prepare|p1a: Slowking|Chilly Reception|[premajor]
|move|p1a: Slowking|Chilly Reception|p1a: Slowking
|-weather|Snowscape
|
|t:|1760402259
|switch|p1a: Glaceon|Glaceon, F, shiny|100/100|[from] Chilly Reception
|
|-weather|Snowscape|[upkeep]
|upkeep
|
|t:|1760402264
|switch|p2a: Deoxys|Deoxys-Speed|100/100
|-damage|p2a: Deoxys|88/100|[from] Stealth Rock
|-ability|p2a: Deoxys|Pressure
|turn|11
|
|t:|1760402268
|move|p2a: Deoxys|Amnesia|p2a: Deoxys
|-boost|p2a: Deoxys|spd|2
|move|p1a: Glaceon|Calm Mind|p1a: Glaceon
|-boost|p1a: Glaceon|spa|1
|-boost|p1a: Glaceon|spd|1
|
|-weather|Snowscape|[upkeep]
|upkeep
|turn|12
|
|t:|1760402274
|move|p2a: Deoxys|Amnesia|p2a: Deoxys
|-boost|p2a: Deoxys|spd|2
|move|p1a: Glaceon|Blizzard|p2a: Deoxys
|-damage|p2a: Deoxys|49/100
|
|-weather|Snowscape|[upkeep]
|upkeep
|turn|13
|
|t:|1760402284
|move|p2a: Deoxys|Amnesia|p2a: Deoxys
|-boost|p2a: Deoxys|spd|2
|move|p1a: Glaceon|Trailblaze|p2a: Deoxys
|-crit|p2a: Deoxys
|-damage|p2a: Deoxys|35/100
|-boost|p1a: Glaceon|spe|1
|
|-weather|Snowscape|[upkeep]
|upkeep
|turn|14
|
|t:|1760402292
|move|p2a: Deoxys|Amnesia|p2a: Deoxys
|-boost|p2a: Deoxys|spd|0
|move|p1a: Glaceon|Calm Mind|p1a: Glaceon
|-boost|p1a: Glaceon|spa|1
|-boost|p1a: Glaceon|spd|1
|
|-weather|none
|upkeep
|turn|15
|
|t:|1760402301
|move|p2a: Deoxys|Amnesia|p2a: Deoxys
|-boost|p2a: Deoxys|spd|0
|move|p1a: Glaceon|Freeze-Dry|p2a: Deoxys
|-damage|p2a: Deoxys|8/100
|
|upkeep
|turn|16
|
|t:|1760402308
|move|p2a: Deoxys|Amnesia|p2a: Deoxys
|-boost|p2a: Deoxys|spd|0
|move|p1a: Glaceon|Trailblaze|p2a: Deoxys
|-damage|p2a: Deoxys|0 fnt
|-boost|p1a: Glaceon|spe|1
|faint|p2a: Deoxys
|
|upkeep
|
|t:|1760402314
|switch|p2a: Bergmite|Bergmite, M, shiny|100/100
|-damage|p2a: Bergmite|76/100|[from] Stealth Rock
|turn|17
|
|t:|1760402319
|move|p1a: Glaceon|Freeze-Dry|p2a: Bergmite
|-resisted|p2a: Bergmite
|-damage|p2a: Bergmite|9/100
|move|p2a: Bergmite|Stone Edge|p1a: Glaceon
|-supereffective|p1a: Glaceon
|-damage|p1a: Glaceon|53/100
|
|-heal|p1a: Glaceon|59/100|[from] item: Leftovers
|upkeep
|turn|18
|
|t:|1760402325
|move|p1a: Glaceon|Freeze-Dry|p2a: Bergmite
|-resisted|p2a: Bergmite
|-damage|p2a: Bergmite|0 fnt
|faint|p2a: Bergmite
|
|-heal|p1a: Glaceon|65/100|[from] item: Leftovers
|upkeep
|
|t:|1760402326
|switch|p2a: Avalugg|Avalugg, F, shiny|22/100
|turn|19
|
|t:|1760402332
|-terastallize|p2a: Avalugg|Ice
|move|p1a: Glaceon|Blizzard|p2a: Avalugg
|-resisted|p2a: Avalugg
|-damage|p2a: Avalugg|0 fnt
|faint|p2a: Avalugg
|
|-heal|p1a: Glaceon|71/100|[from] item: Leftovers
|upkeep
|
|t:|1760402336
|switch|p2a: Mudsdale|Mudsdale, F|100/100
|-damage|p2a: Mudsdale|94/100|[from] Stealth Rock
|turn|20
|
|t:|1760402341
|move|p1a: Glaceon|Trailblaze|p2a: Mudsdale
|-supereffective|p2a: Mudsdale
|-damage|p2a: Mudsdale|85/100
|-boost|p1a: Glaceon|spe|1
|-ability|p2a: Mudsdale|Stamina|boost
|-boost|p2a: Mudsdale|def|1
|move|p2a: Mudsdale|Mega Kick|p1a: Glaceon
|-damage|p1a: Glaceon|40/100
|
|-heal|p1a: Glaceon|46/100|[from] item: Leftovers
|upkeep
|turn|21
|
|t:|1760402350
|move|p1a: Glaceon|Freeze-Dry|p2a: Mudsdale
|-supereffective|p2a: Mudsdale
|-damage|p2a: Mudsdale|0 fnt
|faint|p2a: Mudsdale
|
|win|yahhwayy
|raw|yahhwayy's rating: 1058 &rarr; <strong>1090</strong><br />(+32 for winning)
|raw|mindmeltingfungi's rating: 1069 &rarr; <strong>1048</strong><br />(-21 for losing)
|l|☆mindmeltingfungi
|player|p2|
|l|☆yahhwayy
|player|p1|
