|j|☆Dyra09X
|j|☆AdaptiveGoose
|t:|1760440838
|gametype|singles
|player|p1|Dyra09X|bugcatcher-gen4dp|1156
|player|p2|AdaptiveGoose|roxie|1157
|gen|9
|tier|[Gen 9] OU
|rated|
|rule|HP Percentage Mod: HP is shown in percentages
|rule|Endless Battle Clause: Forcing endless battles is banned
|rule|Species Clause: Limit one of each Pokémon
|rule|OHKO Clause: OHKO moves are banned
|rule|Evasion Items Clause: Evasion items are banned
|rule|Evasion Moves Clause: Evasion moves are banned
|rule|Evasion Abilities Clause: Evasion abilities are banned
|rule|Sleep Moves Clause: Sleep-inducing moves are banned
|clearpoke
|poke|p1|Pachirisu, M|
|poke|p1|Torkoal, F|
|poke|p1|Exeggutor, M|
|poke|p1|Noivern, F|
|poke|p1|Espeon, F|
|poke|p1|Tropius, M|
|poke|p2|Gliscor, M|
|poke|p2|Garganacl, F|
|poke|p2|Alomomola, M|
|poke|p2|Dondozo, F|
|poke|p2|Ting-Lu|
|poke|p2|Forretress, M|
|teampreview
|inactive|Battle timer is ON: inactive players will automatically lose when time's up. (requested by Dyra09X)
|
|t:|1760440859
|teamsize|p1|6
|teamsize|p2|6
|start
|switch|p1a: Espeon|Espeon, F|100/100
|switch|p2a: Gliscor|Gliscor, M|100/100
|turn|1
|
|t:|1760440871
|move|p1a: Espeon|Calm Mind|p1a: Espeon
|-boost|p1a: Espeon|spa|1
|-boost|p1a: Espeon|spd|1
|move|p2a: Gliscor|U-turn|p1a: Espeon
|-supereffective|p1a: Espeon
|-damage|p1a: Espeon|38/100
|
|t:|1760440874
|switch|p2a: Ting-Lu|Ting-Lu|100/100|[from] U-turn
|-ability|p2a: Ting-Lu|Vessel of Ruin
|
|-heal|p1a: Espeon|44/100|[from] item: Leftovers
|upkeep
|turn|2
|
|t:|1760440889
|move|p1a: Espeon|Power Gem|p2a: Ting-Lu
|-resisted|p2a: Ting-Lu
|-damage|p2a: Ting-Lu|87/100
|move|p2a: Ting-Lu|Earthquake|p1a: Espeon
|-damage|p1a: Espeon|0 fnt
|faint|p1a: Espeon
|
|upkeep
|
|t:|1760440895
|switch|p1a: Torkoal|Torkoal, F|100/100
|-weather|SunnyDay|[from] ability: Drought|[of] p1a: Torkoal
|turn|3
|
|t:|1760440902
|switch|p1a: Noivern|Noivern, F|100/100
|-item|p2a: Ting-Lu|Heavy-Duty Boots|[from] ability: Frisk|[of] p1a: Noivern
|move|p2a: Ting-Lu|Stealth Rock|p1a: Noivern
|-sidestart|p1: Dyra09X|move: Stealth Rock
|
|-weather|SunnyDay|[upkeep]
|upkeep
|turn|4
|
|t:|1760440923
|move|p1a: Noivern|Boomburst|p2a: Ting-Lu
|-damage|p2a: Ting-Lu|62/100
|-enditem|p1a: Noivern|Throat Spray
|-boost|p1a: Noivern|spa|1|[from] item: Throat Spray
|move|p2a: Ting-Lu|Ruination|p1a: Noivern
|-damage|p1a: Noivern|51/100
|
|-weather|SunnyDay|[upkeep]
|upkeep
|turn|5
|
|t:|1760440931
|move|p1a: Noivern|Draco Meteor|p2a: Ting-Lu
|-damage|p2a: Ting-Lu|13/100
|-unboost|p1a: Noivern|spa|2
|move|p2a: Ting-Lu|Whirlwind|p1a: Noivern
|drag|p1a: Pachirisu|Pachirisu, M|100/100
|-damage|p1a: Pachirisu|88/100|[from] Stealth Rock
|
|-weather|SunnyDay|[upkeep]
|upkeep
|turn|6
|
|t:|1760440941
|switch|p2a: Gliscor|Gliscor, M|100/100
|move|p1a: Pachirisu|Flatter|p2a: Gliscor
|-boost|p2a: Gliscor|spa|1
|-start|p2a: Gliscor|confusion
|
|-weather|SunnyDay|[upkeep]
|-status|p2a: Gliscor|tox|[from] item: Toxic Orb
|upkeep
|turn|7
|
|t:|1760440952
|move|p1a: Pachirisu|Super Fang|p2a: Gliscor
|-damage|p2a: Gliscor|50/100 tox
|-activate|p2a: Gliscor|confusion
|-damage|p2a: Gliscor|45/100 tox|[from] confusion
|
|-weather|SunnyDay|[upkeep]
|-heal|p2a: Gliscor|57/100 tox|[from] ability: Poison Heal
|upkeep
|turn|8
|
|t:|1760440968
|move|p1a: Pachirisu|Super Fang|p2a: Gliscor
|-damage|p2a: Gliscor|29/100 tox
|-activate|p2a: Gliscor|confusion
|-damage|p2a: Gliscor|23/100 tox|[from] confusion
|
|-weather|SunnyDay|[upkeep]
|-heal|p2a: Gliscor|35/100 tox|[from] ability: Poison Heal
|upkeep
|turn|9
|
|t:|1760440979
|move|p1a: Pachirisu|Super Fang|p2a: Gliscor
|-damage|p2a: Gliscor|18/100 tox
|-end|p2a: Gliscor|confusion
|move|p2a: Gliscor|Earthquake|p1a: Pachirisu
|-supereffective|p1a: Pachirisu
|-damage|p1a: Pachirisu|0 fnt
|faint|p1a: Pachirisu
|
|-weather|SunnyDay|[upkeep]
|-heal|p2a: Gliscor|30/100 tox|[from] ability: Poison Heal
|upkeep
|
|t:|1760440987
|switch|p1a: Tropius|Tropius, M|100/100
|-damage|p1a: Tropius|75/100|[from] Stealth Rock
|turn|10
|
|t:|1760441005
|switch|p2a: Forretress|Forretress, M|100/100
|move|p1a: Tropius|Leaf Blade|p2a: Forretress
|-resisted|p2a: Forretress
|-damage|p2a: Forretress|98/100
|
|-weather|none
|-heal|p1a: Tropius|82/100|[from] item: Leftovers
|upkeep
|turn|11
|
|t:|1760441010
|switch|p1a: Torkoal|Torkoal, F|100/100
|-damage|p1a: Torkoal|76/100|[from] Stealth Rock
|-weather|SunnyDay|[from] ability: Drought|[of] p1a: Torkoal
|move|p2a: Forretress|Spikes|p1a: Torkoal
|-sidestart|p1: Dyra09X|Spikes
|
|-weather|SunnyDay|[upkeep]
|upkeep
|turn|12
|
|t:|1760441017
|move|p2a: Forretress|Volt Switch|p1a: Torkoal
|-crit|p1a: Torkoal
|-damage|p1a: Torkoal|53/100
|
|t:|1760441024
|switch|p2a: Ting-Lu|Ting-Lu|13/100|[from] Volt Switch
|-ability|p2a: Ting-Lu|Vessel of Ruin
|move|p1a: Torkoal|Lava Plume|p2a: Ting-Lu
|-damage|p2a: Ting-Lu|0 fnt
|faint|p2a: Ting-Lu
|
|-weather|SunnyDay|[upkeep]
|upkeep
|
|t:|1760441028
|switch|p2a: Garganacl|Garganacl, F|100/100
|turn|13
|
|t:|1760441036
|move|p2a: Garganacl|Salt Cure|p1a: Torkoal
|-supereffective|p1a: Torkoal
|-damage|p1a: Torkoal|30/100
|-start|p1a: Torkoal|Salt Cure
|move|p1a: Torkoal|Body Press|p2a: Garganacl
|-supereffective|p2a: Garganacl
|-damage|p2a: Garganacl|66/100
|
|-weather|SunnyDay|[upkeep]
|-heal|p2a: Garganacl|72/100|[from] item: Leftovers
|-damage|p1a: Torkoal|18/100|[from] Salt Cure
|upkeep
|turn|14
|
|t:|1760441046
|move|p2a: Garganacl|Iron Defense|p2a: Garganacl
|-boost|p2a: Garganacl|def|2
|move|p1a: Torkoal|Body Press|p2a: Garganacl
|-supereffective|p2a: Garganacl
|-crit|p2a: Garganacl
|-damage|p2a: Garganacl|22/100
|
|-weather|SunnyDay|[upkeep]
|-heal|p2a: Garganacl|28/100|[from] item: Leftovers
|-damage|p1a: Torkoal|5/100|[from] Salt Cure
|upkeep
|turn|15
|
|t:|1760441062
|move|p2a: Garganacl|Recover|p2a: Garganacl
|-heal|p2a: Garganacl|78/100
|move|p1a: Torkoal|Body Press|p2a: Garganacl
|-supereffective|p2a: Garganacl
|-damage|p2a: Garganacl|61/100
|
|-weather|SunnyDay|[upkeep]
|-heal|p2a: Garganacl|67/100|[from] item: Leftovers
|-damage|p1a: Torkoal|0 fnt|[from] Salt Cure
|faint|p1a: Torkoal
|upkeep
|
|t:|1760441064
|switch|p1a: Noivern|Noivern, F|51/100
|-damage|p1a: Noivern|26/100|[from] Stealth Rock
|-item|p2a: Garganacl|Leftovers|[from] ability: Frisk|[of] p1a: Noivern
|turn|16
|
|t:|1760441078
|move|p1a: Noivern|Psychic Noise|p2a: Garganacl
|-damage|p2a: Garganacl|54/100
|-start|p2a: Garganacl|move: Heal Block
|move|p2a: Garganacl|Salt Cure|p1a: Noivern
|-supereffective|p1a: Noivern
|-damage|p1a: Noivern|0 fnt
|faint|p1a: Noivern
|
|-weather|SunnyDay|[upkeep]
|upkeep
|
|t:|1760441085
|switch|p1a: Exeggutor|Exeggutor, M|100/100
|-damage|p1a: Exeggutor|88/100|[from] Stealth Rock
|-damage|p1a: Exeggutor|76/100|[from] Spikes
|turn|17
|
|t:|1760441103
|switch|p2a: Forretress|Forretress, M|98/100
|-terastallize|p1a: Exeggutor|Grass
|move|p1a: Exeggutor|Solar Beam||[still]
|-prepare|p1a: Exeggutor|Solar Beam
|-anim|p1a: Exeggutor|Solar Beam|p2a: Forretress
|-resisted|p2a: Forretress
|-damage|p2a: Forretress|51/100
|
|-weather|SunnyDay|[upkeep]
|upkeep
|turn|18
|inactive|AdaptiveGoose has 120 seconds left.
|
|t:|1760441130
|move|p1a: Exeggutor|Solar Beam||[still]
|-prepare|p1a: Exeggutor|Solar Beam
|-anim|p1a: Exeggutor|Solar Beam|p2a: Forretress
|-resisted|p2a: Forretress
|-damage|p2a: Forretress|3/100
|move|p2a: Forretress|Volt Switch|p1a: Exeggutor
|-resisted|p1a: Exeggutor
|-damage|p1a: Exeggutor|69/100
|inactive|AdaptiveGoose has 120 seconds left.
|
|t:|1760441144
|switch|p2a: Gliscor|Gliscor, M|30/100 tox|[from] Volt Switch
|
|-weather|none
|-heal|p2a: Gliscor|43/100 tox|[from] ability: Poison Heal
|upkeep
|turn|19
|inactive|AdaptiveGoose has 120 seconds left.
|
|t:|1760441161
|switch|p2a: Forretress|Forretress, M|3/100
|move|p1a: Exeggutor|Solar Beam||[still]
|-prepare|p1a: Exeggutor|Solar Beam
|
|upkeep
|turn|20
|
|t:|1760441167
|move|p1a: Exeggutor|Solar Beam|p2a: Forretress|[from] lockedmove
|-resisted|p2a: Forretress
|-damage|p2a: Forretress|0 fnt
|faint|p2a: Forretress
|
|upkeep
|
|t:|1760441172
|switch|p2a: Gliscor|Gliscor, M|43/100 tox
|turn|21
|
|t:|1760441180
|move|p2a: Gliscor|U-turn|p1a: Exeggutor
|-supereffective|p1a: Exeggutor
|-damage|p1a: Exeggutor|34/100
|
|t:|1760441186
|switch|p2a: Dondozo|Dondozo, F|100/100|[from] U-turn
|move|p1a: Exeggutor|Solar Beam||[still]
|-prepare|p1a: Exeggutor|Solar Beam
|
|upkeep
|turn|22
|
|t:|1760441191
|move|p1a: Exeggutor|Solar Beam|p2a: Dondozo|[from] lockedmove
|-supereffective|p2a: Dondozo
|-damage|p2a: Dondozo|0 fnt
|faint|p2a: Dondozo
|
|upkeep
|
|t:|1760441196
|switch|p2a: Gliscor|Gliscor, M|43/100 tox
|turn|23
|
|t:|1760441199
|move|p2a: Gliscor|U-turn|p1a: Exeggutor
|-supereffective|p1a: Exeggutor
|-damage|p1a: Exeggutor|0 fnt
|faint|p1a: Exeggutor
|
|t:|1760441213
|switch|p2a: Garganacl|Garganacl, F|54/100|[from] U-turn
|
|-heal|p2a: Garganacl|60/100|[from] item: Leftovers
|upkeep
|
|t:|1760441224
|switch|p1a: Tropius|Tropius, M|82/100
|-damage|p1a: Tropius|57/100|[from] Stealth Rock
|turn|24
|
|t:|1760441241
|move|p1a: Tropius|Leaf Blade|p2a: Garganacl
|-supereffective|p2a: Garganacl
|-damage|p2a: Garganacl|30/100
|move|p2a: Garganacl|Iron Defense|p2a: Garganacl
|-boost|p2a: Garganacl|def|2
|
|-heal|p1a: Tropius|63/100|[from] item: Leftovers
|-heal|p2a: Garganacl|36/100|[from] item: Leftovers
|upkeep
|turn|25
|
|t:|1760441246
|move|p1a: Tropius|Leaf Blade|p2a: Garganacl
|-supereffective|p2a: Garganacl
|-damage|p2a: Garganacl|23/100
|move|p2a: Garganacl|Recover|p2a: Garganacl
|-heal|p2a: Garganacl|73/100
|
|-heal|p1a: Tropius|69/100|[from] item: Leftovers
|-heal|p2a: Garganacl|79/100|[from] item: Leftovers
|upkeep
|turn|26
|
|t:|1760441255
|move|p1a: Tropius|Leaf Blade|p2a: Garganacl
|-supereffective|p2a: Garganacl
|-crit|p2a: Garganacl
|-damage|p2a: Garganacl|37/100
|move|p2a: Garganacl|Salt Cure|p1a: Tropius
|-supereffective|p1a: Tropius
|-damage|p1a: Tropius|35/100
|-start|p1a: Tropius|Salt Cure
|
|-heal|p1a: Tropius|42/100|[from] item: Leftovers
|-heal|p2a: Garganacl|44/100|[from] item: Leftovers
|-damage|p1a: Tropius|29/100|[from] Salt Cure
|upkeep
|turn|27
|
|t:|1760441267
|move|p1a: Tropius|Leaf Blade|p2a: Garganacl
|-supereffective|p2a: Garganacl
|-damage|p2a: Garganacl|28/100
|move|p2a: Garganacl|Recover|p2a: Garganacl
|-heal|p2a: Garganacl|78/100
|
|-heal|p1a: Tropius|35/100|[from] item: Leftovers
|-heal|p2a: Garganacl|84/100|[from] item: Leftovers
|-damage|p1a: Tropius|23/100|[from] Salt Cure
|upkeep
|turn|28
|
|t:|1760441276
|move|p1a: Tropius|Leaf Blade|p2a: Garganacl
|-supereffective|p2a: Garganacl
|-damage|p2a: Garganacl|71/100
|move|p2a: Garganacl|Iron Defense|p2a: Garganacl
|-boost|p2a: Garganacl|def|2
|
|-heal|p1a: Tropius|29/100|[from] item: Leftovers
|-heal|p2a: Garganacl|77/100|[from] item: Leftovers
|-damage|p1a: Tropius|17/100|[from] Salt Cure
|upkeep
|turn|29
|
|t:|1760441286
|move|p1a: Tropius|Outrage|p2a: Garganacl
|-damage|p2a: Garganacl|73/100
|move|p2a: Garganacl|Iron Defense|p2a: Garganacl
|-boost|p2a: Garganacl|def|2
|
|-heal|p1a: Tropius|23/100|[from] item: Leftovers
|-heal|p2a: Garganacl|79/100|[from] item: Leftovers
|-damage|p1a: Tropius|11/100|[from] Salt Cure
|upkeep
|turn|30
|-message|Dyra09X forfeited.
|
|win|AdaptiveGoose
|raw|Dyra09X's rating: 1156 &rarr; <strong>1131</strong><br />(-25 for losing)
|raw|AdaptiveGoose's rating: 1157 &rarr; <strong>1182</strong><br />(+25 for winning)
|l|☆Dyra09X
|player|p1|
|c|☆AdaptiveGoose|gg
|l|☆AdaptiveGoose
|player|p2|
