|j|☆peach boy test
|j|☆Most haxed
|t:|1760426129
|gametype|singles
|player|p1|peach boy test|drayden|1213
|player|p2|Most haxed|102|1191
|gen|9
|tier|[Gen 9] OU
|rated|
|rule|HP Percentage Mod: HP is shown in percentages
|rule|Endless Battle Clause: Forcing endless battles is banned
|rule|Species Clause: Limit one of each Pokémon
|rule|OHKO Clause: OHKO moves are banned
|rule|Evasion Items Clause: Evasion items are banned
|rule|Evasion Moves Clause: Evasion moves are banned
|rule|Evasion Abilities Clause: Evasion abilities are banned
|rule|Sleep Moves Clause: Sleep-inducing moves are banned
|clearpoke
|poke|p1|Iron Hands|
|poke|p1|Moltres|
|poke|p1|Oricorio-Sensu, M|
|poke|p1|Weezing-Galar, M|
|poke|p1|Garchomp, F|
|poke|p1|Lokix, F|
|poke|p2|Gardevoir, F|
|poke|p2|Goodra-Hisui, F|
|poke|p2|Cinderace, F|
|poke|p2|Rillaboom, F|
|poke|p2|Iron Hands|
|poke|p2|Ninetales-Alola, F|
|teampreview
|inactive|Battle timer is ON: inactive players will automatically lose when time's up. (requested by peach boy test)
|c|☆peach boy test|glhf
|
|t:|1760426138
|teamsize|p1|6
|teamsize|p2|6
|start
|switch|p1a: Garth Champ|Garchomp, F|100/100
|switch|p2a: Goodra|Goodra-Hisui, F|100/100
|turn|1
|
|t:|1760426151
|switch|p1a: walling Geezer|Weezing-Galar, M|100/100
|-ability|p1a: walling Geezer|Neutralizing Gas
|move|p2a: Goodra|Ice Beam|p1a: walling Geezer
|-damage|p1a: walling Geezer|37/100
|
|upkeep
|turn|2
|
|t:|1760426155
|-end|p1a: walling Geezer|ability: Neutralizing Gas
|switch|p1a: trawl mez|Moltres|100/100
|move|p2a: Goodra|Ice Beam|p1a: trawl mez
|-damage|p1a: trawl mez|54/100
|-status|p1a: trawl mez|frz
|
|upkeep
|turn|3
|c|☆peach boy test|damn
|
|t:|1760426162
|cant|p1a: trawl mez|frz
|move|p2a: Goodra|Ice Beam|p1a: trawl mez
|-damage|p1a: trawl mez|3/100 frz
|
|upkeep
|turn|4
|
|t:|1760426170
|cant|p1a: trawl mez|frz
|move|p2a: Goodra|Ice Beam|p1a: trawl mez
|-damage|p1a: trawl mez|0 fnt
|faint|p1a: trawl mez
|
|upkeep
|
|t:|1760426178
|switch|p1a: Garth Champ|Garchomp, F|100/100
|turn|5
|
|t:|1760426181
|-terastallize|p2a: Goodra|Flying
|move|p1a: Garth Champ|Earthquake|p2a: Goodra
|-immune|p2a: Goodra
|move|p2a: Goodra|Ice Beam|p1a: Garth Champ
|-supereffective|p1a: Garth Champ
|-damage|p1a: Garth Champ|0 fnt
|faint|p1a: Garth Champ
|
|upkeep
|c|☆peach boy test|nice good tera
|
|t:|1760426190
|switch|p1a: Brian Hands|Iron Hands|100/100
|-enditem|p1a: Brian Hands|Booster Energy
|-activate|p1a: Brian Hands|ability: Quark Drive|[fromitem]
|-start|p1a: Brian Hands|quarkdriveatk
|turn|6
|
|t:|1760426196
|switch|p2a: Ninetales|Ninetales-Alola, F|100/100
|-weather|Snowscape|[from] ability: Snow Warning|[of] p2a: Ninetales
|move|p1a: Brian Hands|Thunder Punch|p2a: Ninetales
|-damage|p2a: Ninetales|51/100
|
|-weather|Snowscape|[upkeep]
|upkeep
|turn|7
|c|☆peach boy test|living up to your name with the freeze though lol
|
|t:|1760426207
|move|p2a: Ninetales|Aurora Veil|p2a: Ninetales
|-sidestart|p2: Most haxed|move: Aurora Veil
|move|p1a: Brian Hands|Drain Punch|p2a: Ninetales
|-damage|p2a: Ninetales|27/100
|
|-weather|Snowscape|[upkeep]
|upkeep
|turn|8
|c|☆Most haxed|Usually that happens to me ngl
|
|t:|1760426226
|move|p2a: Ninetales|Pain Split|p1a: Brian Hands
|-sethp|p1a: Brian Hands|59/100|[from] move: Pain Split|[silent]
|-sethp|p2a: Ninetales|88/100|[from] move: Pain Split
|move|p1a: Brian Hands|Drain Punch|p2a: Ninetales
|-damage|p2a: Ninetales|64/100
|-heal|p1a: Brian Hands|67/100|[from] drain|[of] p2a: Ninetales
|
|-weather|Snowscape|[upkeep]
|upkeep
|turn|9
|l|☆peach boy test
|inactive|peach boy test disconnected and has a minute to reconnect!
|player|p1|
|j|☆peach boy test
|inactive|peach boy test reconnected and has 135 seconds left.
|player|p1|peach boy test|drayden|
|inactive|peach boy test has 120 seconds left.
|c|☆peach boy test|lol fair, trust me it happens to me all the time lmao
|
|t:|1760426264
|switch|p2a: Gardevoir|Gardevoir, F, shiny|100/100
|move|p1a: Brian Hands|Swords Dance|p1a: Brian Hands
|-boost|p1a: Brian Hands|atk|2
|
|-weather|Snowscape|[upkeep]
|upkeep
|turn|10
|inactive|peach boy test has 120 seconds left.
|
|t:|1760426271
|-terastallize|p1a: Brian Hands|Flying
|move|p2a: Gardevoir|Moonblast|p1a: Brian Hands
|-damage|p1a: Brian Hands|20/100
|move|p1a: Brian Hands|Thunder Punch|p2a: Gardevoir
|-damage|p2a: Gardevoir|0 fnt
|faint|p2a: Gardevoir
|
|-weather|Snowscape|[upkeep]
|upkeep
|
|t:|1760426277
|switch|p2a: Ninetales|Ninetales-Alola, F|64/100
|turn|11
|
|t:|1760426280
|move|p2a: Ninetales|Freeze-Dry|p1a: Brian Hands
|-supereffective|p1a: Brian Hands
|-damage|p1a: Brian Hands|0 fnt
|faint|p1a: Brian Hands
|-end|p1a: Brian Hands|Quark Drive|[silent]
|
|-weather|Snowscape|[upkeep]
|-sideend|p2: Most haxed|move: Aurora Veil
|upkeep
|
|t:|1760426287
|switch|p1a: walling Geezer|Weezing-Galar, M|37/100
|-ability|p1a: walling Geezer|Neutralizing Gas
|turn|12
|
|t:|1760426290
|move|p2a: Ninetales|Aurora Veil|p2a: Ninetales
|-sidestart|p2: Most haxed|move: Aurora Veil
|move|p1a: walling Geezer|Pain Split|p2a: Ninetales
|-sethp|p2a: Ninetales|52/100|[from] move: Pain Split|[silent]
|-sethp|p1a: walling Geezer|47/100|[from] move: Pain Split
|
|-weather|Snowscape|[upkeep]
|upkeep
|turn|13
|
|t:|1760426300
|move|p2a: Ninetales|Encore|p1a: walling Geezer
|-start|p1a: walling Geezer|Encore
|move|p1a: walling Geezer|Pain Split|p2a: Ninetales
|-sethp|p2a: Ninetales|52/100|[from] move: Pain Split|[silent]
|-sethp|p1a: walling Geezer|47/100|[from] move: Pain Split
|
|-weather|none
|upkeep
|turn|14
|
|t:|1760426307
|move|p2a: Ninetales|Freeze-Dry|p1a: walling Geezer
|-damage|p1a: walling Geezer|18/100
|move|p1a: walling Geezer|Pain Split|p2a: Ninetales
|-sethp|p2a: Ninetales|36/100|[from] move: Pain Split|[silent]
|-sethp|p1a: walling Geezer|33/100|[from] move: Pain Split
|
|upkeep
|turn|15
|
|t:|1760426313
|move|p2a: Ninetales|Freeze-Dry|p1a: walling Geezer
|-damage|p1a: walling Geezer|4/100
|move|p1a: walling Geezer|Pain Split|p2a: Ninetales
|-sethp|p2a: Ninetales|20/100|[from] move: Pain Split|[silent]
|-sethp|p1a: walling Geezer|18/100|[from] move: Pain Split
|
|-end|p1a: walling Geezer|Encore
|upkeep
|turn|16
|
|t:|1760426318
|move|p2a: Ninetales|Freeze-Dry|p1a: walling Geezer
|-damage|p1a: walling Geezer|0 fnt
|faint|p1a: walling Geezer
|-end|p1a: walling Geezer|ability: Neutralizing Gas
|-weather|Snowscape|[from] ability: Snow Warning|[of] p2a: Ninetales
|
|-weather|Snowscape|[upkeep]
|-sideend|p2: Most haxed|move: Aurora Veil
|upkeep
|
|t:|1760426321
|switch|p1a: Ramen Kaider|Lokix, F|100/100
|turn|17
|
|t:|1760426327
|switch|p2a: Rillaboom|Rillaboom, F, shiny|100/100
|-fieldstart|move: Grassy Terrain|[from] ability: Grassy Surge|[of] p2a: Rillaboom
|move|p1a: Ramen Kaider|First Impression|p2a: Rillaboom
|-supereffective|p2a: Rillaboom
|-damage|p2a: Rillaboom|13/100
|
|-weather|Snowscape|[upkeep]
|-heal|p2a: Rillaboom|19/100|[from] Grassy Terrain
|-heal|p2a: Rillaboom|26/100|[from] item: Leftovers
|upkeep
|turn|18
|c|☆peach boy test|not light clay?
|inactive|peach boy test has 120 seconds left.
|
|t:|1760426364
|switch|p2a: Iron Hands|Iron Hands, shiny|100/100
|move|p1a: Ramen Kaider|Sucker Punch||[still]
|-fail|p1a: Ramen Kaider
|
|-weather|Snowscape|[upkeep]
|upkeep
|turn|19
|c|☆Most haxed|On my tails yes
|inactive|peach boy test has 120 seconds left.
|c|☆peach boy test|huh
|c|☆peach boy test|aurora veil wore off quick for light clay i felt lol
|inactive|peach boy test has 90 seconds left.
|
|t:|1760426400
|move|p1a: Ramen Kaider|U-turn|p2a: Iron Hands
|-resisted|p2a: Iron Hands
|-damage|p2a: Iron Hands|81/100
|
|t:|1760426402
|switch|p1a: Ollie Corio|Oricorio-Sensu, M|100/100|[from] U-turn
|move|p2a: Iron Hands|Thunder Punch|p1a: Ollie Corio
|-supereffective|p1a: Ollie Corio
|-damage|p1a: Ollie Corio|2/100
|-damage|p2a: Iron Hands|65/100|[from] item: Rocky Helmet|[of] p1a: Ollie Corio
|
|-weather|Snowscape|[upkeep]
|-heal|p2a: Iron Hands|71/100|[from] Grassy Terrain
|upkeep
|turn|20
|
|t:|1760426423
|move|p1a: Ollie Corio|Hurricane|p2a: Iron Hands
|-damage|p2a: Iron Hands|36/100
|-start|p2a: Iron Hands|confusion
|-activate|p2a: Iron Hands|confusion
|move|p2a: Iron Hands|Thunder Punch|p1a: Ollie Corio
|-supereffective|p1a: Ollie Corio
|-damage|p1a: Ollie Corio|0 fnt
|-damage|p2a: Iron Hands|20/100|[from] item: Rocky Helmet|[of] p1a: Ollie Corio
|faint|p1a: Ollie Corio
|
|-weather|Snowscape|[upkeep]
|-heal|p2a: Iron Hands|26/100|[from] Grassy Terrain
|upkeep
|
|t:|1760426426
|switch|p1a: Ramen Kaider|Lokix, F|100/100
|turn|21
|c|☆Most haxed|Oh I actually got the rock but the way I play suits me having it
|inactive|Most haxed has 120 seconds left.
|
|t:|1760426454
|move|p1a: Ramen Kaider|First Impression|p2a: Iron Hands
|-resisted|p2a: Iron Hands
|-damage|p2a: Iron Hands|0 fnt
|faint|p2a: Iron Hands
|-end|p2a: Iron Hands|Quark Drive|[silent]
|
|-weather|Snowscape|[upkeep]
|-fieldend|move: Grassy Terrain
|upkeep
|
|t:|1760426458
|switch|p2a: Cinderace|Cinderace, F|100/100
|turn|22
|c|☆peach boy test|fair enough
|
|t:|1760426465
|move|p1a: Ramen Kaider|Sucker Punch|p2a: Cinderace
|-damage|p2a: Cinderace|50/100
|move|p2a: Cinderace|Pyro Ball|p1a: Ramen Kaider
|-supereffective|p1a: Ramen Kaider
|-damage|p1a: Ramen Kaider|0 fnt
|faint|p1a: Ramen Kaider
|
|win|Most haxed
|raw|peach boy test's rating: 1213 &rarr; <strong>1188</strong><br />(-25 for losing)
|raw|Most haxed's rating: 1214 &rarr; <strong>1239</strong><br />(+25 for winning)
|c|☆peach boy test|gg
|c|☆Most haxed|Gh
|c|☆Most haxed|gg
|l|☆peach boy test
|player|p1|
