|j|☆wgy191919
|j|☆ivon_neeeeeee
|t:|1760362583
|gametype|singles
|player|p1|wgy191919|2|1592
|player|p2|ivon_neeeeeee|acetrainerf|1635
|gen|9
|tier|[Gen 9] OU
|rated|
|rule|HP Percentage Mod: HP is shown in percentages
|rule|Endless Battle Clause: Forcing endless battles is banned
|rule|Species Clause: Limit one of each Pokémon
|rule|OHKO Clause: OHKO moves are banned
|rule|Evasion Items Clause: Evasion items are banned
|rule|Evasion Moves Clause: Evasion moves are banned
|rule|Evasion Abilities Clause: Evasion abilities are banned
|rule|Sleep Moves Clause: Sleep-inducing moves are banned
|clearpoke
|poke|p1|Dragonite, M|
|poke|p1|Hatterene, F|
|poke|p1|Kyurem|
|poke|p1|Ting-Lu|
|poke|p1|Gengar, F|
|poke|p1|Volcanion|
|poke|p2|Iron Valiant|
|poke|p2|Klefki, M|
|poke|p2|Alomomola, F|
|poke|p2|Kingambit, M|
|poke|p2|Gliscor, F|
|poke|p2|Slowking-Galar, M|
|teampreview
|inactive|Battle timer is ON: inactive players will automatically lose when time's up. (requested by wgy191919)
|
|t:|1760362607
|teamsize|p1|6
|teamsize|p2|6
|start
|switch|p1a: Kyurem|Kyurem|100/100
|switch|p2a: Kingambit|Kingambit, M|100/100
|-ability|p1a: Kyurem|Pressure
|turn|1
|
|t:|1760362616
|-end|p2a: Kingambit|fallenundefined|[silent]
|switch|p2a: Slowking|Slowking-Galar, M|100/100
|move|p1a: Kyurem|Earth Power|p2a: Slowking
|-supereffective|p2a: Slowking
|-damage|p2a: Slowking|47/100
|
|upkeep
|turn|2
|
|t:|1760362622
|switch|p2a: Gliscor|Gliscor, F|100/100
|move|p1a: Kyurem|Earth Power|p2a: Gliscor
|-immune|p2a: Gliscor
|
|-status|p2a: Gliscor|tox|[from] item: Toxic Orb
|upkeep
|turn|3
|
|t:|1760362630
|switch|p1a: Volcanion|Volcanion|100/100
|move|p2a: Gliscor|U-turn|p1a: Volcanion
|-resisted|p1a: Volcanion
|-damage|p1a: Volcanion|96/100
|
|t:|1760362635
|switch|p2a: Slowking|Slowking-Galar, M|80/100|[from] U-turn
|
|upkeep
|turn|4
|
|t:|1760362641
|move|p1a: Volcanion|Earth Power|p2a: Slowking
|-supereffective|p2a: Slowking
|-crit|p2a: Slowking
|-damage|p2a: Slowking|36/100
|-unboost|p2a: Slowking|spd|1
|move|p2a: Slowking|Toxic|p1a: Volcanion
|-status|p1a: Volcanion|tox
|
|-damage|p1a: Volcanion|90/100 tox|[from] psn
|upkeep
|turn|5
|
|t:|1760362651
|switch|p2a: Alomomola|Alomomola, F|100/100
|move|p1a: Volcanion|Steam Eruption|p2a: Alomomola
|-resisted|p2a: Alomomola
|-damage|p2a: Alomomola|74/100
|
|-damage|p1a: Volcanion|78/100 tox|[from] psn
|upkeep
|turn|6
|
|t:|1760362658
|switch|p1a: Kyurem|Kyurem|100/100
|-ability|p1a: Kyurem|Pressure
|switch|p2a: Slowking|Slowking-Galar, M|70/100
|
|upkeep
|turn|7
|
|t:|1760362665
|move|p1a: Kyurem|Earth Power|p2a: Slowking
|-supereffective|p2a: Slowking
|-damage|p2a: Slowking|10/100
|-prepare|p2a: Slowking|Chilly Reception|[premajor]
|move|p2a: Slowking|Chilly Reception|p2a: Slowking
|-weather|Snowscape
|
|t:|1760362673
|switch|p2a: Gliscor|Gliscor, F|100/100 tox|[from] Chilly Reception
|
|-weather|Snowscape|[upkeep]
|upkeep
|turn|8
|
|t:|1760362679
|switch|p1a: Ting-Lu|Ting-Lu|100/100
|-ability|p1a: Ting-Lu|Vessel of Ruin
|move|p2a: Gliscor|Knock Off|p1a: Ting-Lu
|-resisted|p1a: Ting-Lu
|-damage|p1a: Ting-Lu|95/100
|-enditem|p1a: Ting-Lu|Leftovers|[from] move: Knock Off|[of] p2a: Gliscor
|
|-weather|Snowscape|[upkeep]
|upkeep
|turn|9
|
|t:|1760362695
|switch|p1a: Hatterene|Hatterene, F|100/100
|move|p2a: Gliscor|U-turn|p1a: Hatterene
|-damage|p1a: Hatterene|84/100
|
|t:|1760362701
|switch|p2a: Kingambit|Kingambit, M|100/100|[from] U-turn
|
|-weather|Snowscape|[upkeep]
|upkeep
|turn|10
|
|t:|1760362705
|switch|p1a: Volcanion|Volcanion|78/100 tox
|move|p2a: Kingambit|Iron Head|p1a: Volcanion
|-resisted|p1a: Volcanion
|-damage|p1a: Volcanion|71/100 tox
|
|-weather|Snowscape|[upkeep]
|-damage|p1a: Volcanion|65/100 tox|[from] psn
|upkeep
|turn|11
|
|t:|1760362713
|-end|p2a: Kingambit|fallenundefined|[silent]
|switch|p2a: Slowking|Slowking-Galar, M|43/100
|move|p1a: Volcanion|Body Press|p2a: Slowking
|-resisted|p2a: Slowking
|-damage|p2a: Slowking|36/100
|
|-weather|none
|-damage|p1a: Volcanion|53/100 tox|[from] psn
|upkeep
|turn|12
|
|t:|1760362721
|switch|p2a: Alomomola|Alomomola, F|100/100
|move|p1a: Volcanion|Earth Power|p2a: Alomomola
|-damage|p2a: Alomomola|72/100
|
|-damage|p1a: Volcanion|35/100 tox|[from] psn
|upkeep
|turn|13
|j| fdsfdsfsfsoidsf
|
|t:|1760362729
|switch|p1a: Kyurem|Kyurem|100/100
|-ability|p1a: Kyurem|Pressure
|move|p2a: Alomomola|Wish|p2a: Alomomola
|
|upkeep
|turn|14
|
|t:|1760362734
|move|p2a: Alomomola|Protect|p2a: Alomomola
|-singleturn|p2a: Alomomola|Protect
|move|p1a: Kyurem|Draco Meteor|p2a: Alomomola
|-activate|p2a: Alomomola|move: Protect
|
|-heal|p2a: Alomomola|100/100|[from] move: Wish|[wisher] Alomomola
|upkeep
|turn|15
|
|t:|1760362745
|switch|p1a: Ting-Lu|Ting-Lu|95/100
|-ability|p1a: Ting-Lu|Vessel of Ruin
|switch|p2a: Klefki|Klefki, M|100/100
|
|upkeep
|turn|16
|
|t:|1760362755
|switch|p2a: Kingambit|Kingambit, M|100/100
|move|p1a: Ting-Lu|Stealth Rock|p2a: Kingambit
|-sidestart|p2: ivon_neeeeeee|move: Stealth Rock
|
|upkeep
|turn|17
|
|t:|1760362764
|-end|p2a: Kingambit|fallenundefined|[silent]
|switch|p2a: Gliscor|Gliscor, F|100/100 tox
|-damage|p2a: Gliscor|88/100 tox|[from] Stealth Rock
|move|p1a: Ting-Lu|Earthquake|p2a: Gliscor
|-immune|p2a: Gliscor
|
|-heal|p2a: Gliscor|100/100 tox|[from] ability: Poison Heal
|upkeep
|turn|18
|
|t:|1760362778
|switch|p1a: Kyurem|Kyurem|100/100
|-ability|p1a: Kyurem|Pressure
|move|p2a: Gliscor|Earthquake|p1a: Kyurem
|-damage|p1a: Kyurem|69/100
|
|upkeep
|turn|19
|
|t:|1760362785
|move|p2a: Gliscor|Protect|p2a: Gliscor
|-singleturn|p2a: Gliscor|Protect
|move|p1a: Kyurem|Ice Beam|p2a: Gliscor
|-activate|p2a: Gliscor|move: Protect
|
|upkeep
|turn|20
|
|t:|1760362793
|switch|p2a: Kingambit|Kingambit, M|100/100
|-damage|p2a: Kingambit|94/100|[from] Stealth Rock
|move|p1a: Kyurem|Ice Beam|p2a: Kingambit
|-resisted|p2a: Kingambit
|-damage|p2a: Kingambit|56/100
|
|upkeep
|turn|21
|
|t:|1760362801
|switch|p1a: Dragonite|Dragonite, M|100/100
|move|p2a: Kingambit|Kowtow Cleave|p1a: Dragonite
|-damage|p1a: Dragonite|73/100
|
|upkeep
|turn|22
|
|t:|1760362809
|move|p1a: Dragonite|Earthquake|p2a: Kingambit
|-supereffective|p2a: Kingambit
|-damage|p2a: Kingambit|3/100
|move|p2a: Kingambit|Kowtow Cleave|p1a: Dragonite
|-damage|p1a: Dragonite|18/100
|
|upkeep
|turn|23
|
|t:|1760362819
|move|p1a: Dragonite|Roost|p1a: Dragonite
|-heal|p1a: Dragonite|68/100
|-singleturn|p1a: Dragonite|move: Roost
|move|p2a: Kingambit|Kowtow Cleave|p1a: Dragonite
|-damage|p1a: Dragonite|12/100
|
|upkeep
|turn|24
|
|t:|1760362826
|move|p1a: Dragonite|Earthquake|p2a: Kingambit
|-supereffective|p2a: Kingambit
|-damage|p2a: Kingambit|0 fnt
|faint|p2a: Kingambit
|-end|p2a: Kingambit|fallenundefined|[silent]
|
|upkeep
|
|t:|1760362833
|switch|p2a: Iron Valiant|Iron Valiant|100/100
|turn|25
|
|t:|1760362839
|switch|p1a: Ting-Lu|Ting-Lu|95/100
|-ability|p1a: Ting-Lu|Vessel of Ruin
|move|p2a: Iron Valiant|Knock Off|p1a: Ting-Lu
|-resisted|p1a: Ting-Lu
|-damage|p1a: Ting-Lu|90/100
|
|upkeep
|turn|26
|
|t:|1760362855
|move|p2a: Iron Valiant|Moonblast|p1a: Ting-Lu
|-supereffective|p1a: Ting-Lu
|-damage|p1a: Ting-Lu|40/100
|-unboost|p1a: Ting-Lu|spa|1
|move|p1a: Ting-Lu|Earthquake|p2a: Iron Valiant
|-damage|p2a: Iron Valiant|54/100
|
|upkeep
|turn|27
|
|t:|1760362862
|move|p2a: Iron Valiant|Moonblast|p1a: Ting-Lu
|-supereffective|p1a: Ting-Lu
|-damage|p1a: Ting-Lu|0 fnt
|faint|p1a: Ting-Lu
|
|upkeep
|
|t:|1760362866
|switch|p1a: Gengar|Gengar, F|100/100
|turn|28
|
|t:|1760362870
|-end|p2a: Iron Valiant|Quark Drive|[silent]
|switch|p2a: Gliscor|Gliscor, F|100/100 tox
|-damage|p2a: Gliscor|88/100 tox|[from] Stealth Rock
|move|p1a: Gengar|Sludge Wave|p2a: Gliscor
|-resisted|p2a: Gliscor
|-damage|p2a: Gliscor|67/100 tox
|
|-heal|p2a: Gliscor|79/100 tox|[from] ability: Poison Heal
|upkeep
|turn|29
|
|t:|1760362893
|switch|p1a: Kyurem|Kyurem|69/100
|-ability|p1a: Kyurem|Pressure
|move|p2a: Gliscor|Earthquake|p1a: Kyurem
|-damage|p1a: Kyurem|38/100
|
|-heal|p2a: Gliscor|92/100 tox|[from] ability: Poison Heal
|upkeep
|turn|30
|
|t:|1760362901
|move|p2a: Gliscor|Protect|p2a: Gliscor
|-singleturn|p2a: Gliscor|Protect
|move|p1a: Kyurem|Ice Beam|p2a: Gliscor
|-activate|p2a: Gliscor|move: Protect
|
|-heal|p2a: Gliscor|100/100 tox|[from] ability: Poison Heal
|upkeep
|turn|31
|
|t:|1760362909
|switch|p2a: Slowking|Slowking-Galar, M|69/100
|move|p1a: Kyurem|Ice Beam|p2a: Slowking
|-damage|p2a: Slowking|25/100
|
|upkeep
|turn|32
|
|t:|1760362918
|-terastallize|p2a: Slowking|Water
|move|p1a: Kyurem|Ice Beam|p2a: Slowking
|-resisted|p2a: Slowking
|-damage|p2a: Slowking|5/100
|-prepare|p2a: Slowking|Chilly Reception|[premajor]
|move|p2a: Slowking|Chilly Reception|p2a: Slowking
|-weather|Snowscape
|
|t:|1760362926
|switch|p2a: Iron Valiant|Iron Valiant|54/100|[from] Chilly Reception
|
|-weather|Snowscape|[upkeep]
|upkeep
|turn|33
|
|t:|1760362932
|switch|p1a: Volcanion|Volcanion|35/100 tox
|move|p2a: Iron Valiant|Moonblast|p1a: Volcanion
|-resisted|p1a: Volcanion
|-damage|p1a: Volcanion|9/100 tox
|
|-weather|Snowscape|[upkeep]
|-damage|p1a: Volcanion|3/100 tox|[from] psn
|upkeep
|turn|34
|
|t:|1760362939
|move|p2a: Iron Valiant|Moonblast|p1a: Volcanion
|-resisted|p1a: Volcanion
|-damage|p1a: Volcanion|0 fnt
|faint|p1a: Volcanion
|
|-weather|Snowscape|[upkeep]
|upkeep
|
|t:|1760362946
|switch|p1a: Gengar|Gengar, F|100/100
|turn|35
|
|t:|1760362950
|switch|p1a: Kyurem|Kyurem|38/100
|-ability|p1a: Kyurem|Pressure
|-end|p2a: Iron Valiant|Quark Drive|[silent]
|switch|p2a: Klefki|Klefki, M|100/100
|-damage|p2a: Klefki|95/100|[from] Stealth Rock
|
|-weather|Snowscape|[upkeep]
|upkeep
|turn|36
|
|t:|1760362958
|move|p2a: Klefki|Magnet Rise|p2a: Klefki
|-start|p2a: Klefki|Magnet Rise
|move|p1a: Kyurem|Ice Beam|p2a: Klefki
|-resisted|p2a: Klefki
|-damage|p2a: Klefki|51/100
|
|-weather|none
|upkeep
|turn|37
|
|t:|1760362972
|switch|p1a: Gengar|Gengar, F|100/100
|move|p2a: Klefki|Thunder Wave|p1a: Gengar
|-status|p1a: Gengar|par
|
|upkeep
|turn|38
|
|t:|1760362981
|move|p2a: Klefki|Spikes|p1a: Gengar
|-sidestart|p1: wgy191919|Spikes
|move|p1a: Gengar|Shadow Ball|p2a: Klefki
|-damage|p2a: Klefki|0 fnt
|faint|p2a: Klefki
|
|upkeep
|
|t:|1760362987
|switch|p2a: Gliscor|Gliscor, F|100/100 tox
|-damage|p2a: Gliscor|88/100 tox|[from] Stealth Rock
|turn|39
|
|t:|1760362992
|switch|p1a: Hatterene|Hatterene, F|84/100
|-damage|p1a: Hatterene|72/100|[from] Spikes
|move|p2a: Gliscor|Earthquake|p1a: Hatterene
|-damage|p1a: Hatterene|38/100
|
|-heal|p2a: Gliscor|100/100 tox|[from] ability: Poison Heal
|upkeep
|turn|40
|
|t:|1760363002
|move|p2a: Gliscor|Earthquake|p1a: Hatterene
|-damage|p1a: Hatterene|4/100
|move|p1a: Hatterene|Draining Kiss|p2a: Gliscor
|-damage|p2a: Gliscor|79/100 tox
|-heal|p1a: Hatterene|22/100|[from] drain|[of] p2a: Gliscor
|
|-heal|p2a: Gliscor|92/100 tox|[from] ability: Poison Heal
|upkeep
|turn|41
|
|t:|1760363011
|move|p2a: Gliscor|Knock Off|p1a: Hatterene
|-damage|p1a: Hatterene|1/100
|-enditem|p1a: Hatterene|Assault Vest|[from] move: Knock Off|[of] p2a: Gliscor
|move|p1a: Hatterene|Psyshock|p2a: Gliscor
|-damage|p2a: Gliscor|57/100 tox
|
|-heal|p2a: Gliscor|69/100 tox|[from] ability: Poison Heal
|upkeep
|turn|42
|
|t:|1760363019
|move|p2a: Gliscor|U-turn|p1a: Hatterene
|-damage|p1a: Hatterene|0 fnt
|faint|p1a: Hatterene
|
|t:|1760363025
|switch|p2a: Iron Valiant|Iron Valiant|54/100|[from] U-turn
|
|upkeep
|
|t:|1760363032
|switch|p1a: Gengar|Gengar, F|100/100 par
|-damage|p1a: Gengar|88/100 par|[from] Spikes
|turn|43
|
|t:|1760363043
|-end|p2a: Iron Valiant|Quark Drive|[silent]
|switch|p2a: Gliscor|Gliscor, F|69/100 tox
|-damage|p2a: Gliscor|57/100 tox|[from] Stealth Rock
|move|p1a: Gengar|Sludge Wave|p2a: Gliscor
|-resisted|p2a: Gliscor
|-damage|p2a: Gliscor|37/100 tox
|
|-heal|p2a: Gliscor|50/100 tox|[from] ability: Poison Heal
|upkeep
|turn|44
|
|t:|1760363053
|move|p1a: Gengar|Sludge Wave|p2a: Gliscor
|-resisted|p2a: Gliscor
|-damage|p2a: Gliscor|27/100 tox
|move|p2a: Gliscor|U-turn|p1a: Gengar
|-resisted|p1a: Gengar
|-damage|p1a: Gengar|81/100 par
|
|t:|1760363058
|switch|p2a: Slowking|Slowking-Galar, M, tera:Water|38/100|[from] U-turn
|
|upkeep
|turn|45
|
|t:|1760363063
|cant|p1a: Gengar|par
|-prepare|p2a: Slowking|Chilly Reception|[premajor]
|move|p2a: Slowking|Chilly Reception|p2a: Slowking
|-weather|Snowscape
|
|t:|1760363071
|switch|p2a: Alomomola|Alomomola, F|100/100|[from] Chilly Reception
|
|-weather|Snowscape|[upkeep]
|upkeep
|turn|46
|
|t:|1760363075
|switch|p1a: Kyurem|Kyurem|38/100
|-damage|p1a: Kyurem|26/100|[from] Spikes
|-ability|p1a: Kyurem|Pressure
|move|p2a: Alomomola|Flip Turn|p1a: Kyurem
|-resisted|p1a: Kyurem
|-damage|p1a: Kyurem|20/100
|
|t:|1760363086
|switch|p2a: Slowking|Slowking-Galar, M, tera:Water|71/100|[from] Flip Turn
|
|-weather|Snowscape|[upkeep]
|upkeep
|turn|47
|
|t:|1760363090
|switch|p2a: Gliscor|Gliscor, F|27/100 tox
|-damage|p2a: Gliscor|15/100 tox|[from] Stealth Rock
|move|p1a: Kyurem|Freeze-Dry|p2a: Gliscor
|-supereffective|p2a: Gliscor
|-damage|p2a: Gliscor|0 fnt
|faint|p2a: Gliscor
|
|-weather|Snowscape|[upkeep]
|upkeep
|
|t:|1760363098
|switch|p2a: Iron Valiant|Iron Valiant|54/100
|turn|48
|
|t:|1760363104
|move|p2a: Iron Valiant|Knock Off|p1a: Kyurem
|-damage|p1a: Kyurem|1/100
|-enditem|p1a: Kyurem|Choice Specs|[from] move: Knock Off|[of] p2a: Iron Valiant
|move|p1a: Kyurem|Freeze-Dry|p2a: Iron Valiant
|-damage|p2a: Iron Valiant|0 fnt
|faint|p2a: Iron Valiant
|-end|p2a: Iron Valiant|Quark Drive|[silent]
|
|-weather|Snowscape|[upkeep]
|upkeep
|
|t:|1760363114
|switch|p2a: Slowking|Slowking-Galar, M, tera:Water|100/100
|turn|49
|
|t:|1760363117
|move|p1a: Kyurem|Freeze-Dry|p2a: Slowking
|-supereffective|p2a: Slowking
|-damage|p2a: Slowking|55/100
|move|p2a: Slowking|Psyshock|p1a: Kyurem
|-crit|p1a: Kyurem
|-damage|p1a: Kyurem|0 fnt
|faint|p1a: Kyurem
|
|-weather|none
|upkeep
|
|t:|1760363122
|switch|p1a: Dragonite|Dragonite, M|12/100
|turn|50
|
|t:|1760363126
|move|p1a: Dragonite|Roost|p1a: Dragonite
|-heal|p1a: Dragonite|62/100
|-singleturn|p1a: Dragonite|move: Roost
|move|p2a: Slowking|Toxic|p1a: Dragonite|[miss]
|-miss|p2a: Slowking|p1a: Dragonite
|
|upkeep
|turn|51
|
|t:|1760363137
|move|p1a: Dragonite|Dragon Dance|p1a: Dragonite
|-boost|p1a: Dragonite|atk|1
|-boost|p1a: Dragonite|spe|1
|move|p2a: Slowking|Toxic|p1a: Dragonite
|-status|p1a: Dragonite|tox
|
|-damage|p1a: Dragonite|56/100 tox|[from] psn
|upkeep
|turn|52
|
|t:|1760363145
|switch|p2a: Alomomola|Alomomola, F|100/100
|move|p1a: Dragonite|Roost|p1a: Dragonite
|-heal|p1a: Dragonite|100/100 tox
|-singleturn|p1a: Dragonite|move: Roost
|
|-damage|p1a: Dragonite|89/100 tox|[from] psn
|upkeep
|turn|53
|
|t:|1760363152
|move|p1a: Dragonite|Dragon Dance|p1a: Dragonite
|-boost|p1a: Dragonite|atk|1
|-boost|p1a: Dragonite|spe|1
|move|p2a: Alomomola|Tickle|p1a: Dragonite
|-unboost|p1a: Dragonite|atk|1
|-unboost|p1a: Dragonite|def|1
|
|-damage|p1a: Dragonite|71/100 tox|[from] psn
|upkeep
|turn|54
|
|t:|1760363168
|-terastallize|p1a: Dragonite|Fairy
|move|p1a: Dragonite|Tera Blast|p2a: Alomomola|[anim] Tera Blast Fairy
|-damage|p2a: Alomomola|64/100
|move|p2a: Alomomola|Tickle|p1a: Dragonite
|-unboost|p1a: Dragonite|atk|1
|-unboost|p1a: Dragonite|def|1
|
|-damage|p1a: Dragonite|47/100 tox|[from] psn
|upkeep
|turn|55
|
|t:|1760363177
|move|p1a: Dragonite|Tera Blast|p2a: Alomomola|[anim] Tera Blast Fairy
|-damage|p2a: Alomomola|42/100
|move|p2a: Alomomola|Tickle|p1a: Dragonite
|-unboost|p1a: Dragonite|atk|1
|-unboost|p1a: Dragonite|def|1
|
|-damage|p1a: Dragonite|17/100 tox|[from] psn
|upkeep
|turn|56
|
|t:|1760363185
|switch|p1a: Gengar|Gengar, F|81/100 par
|-damage|p1a: Gengar|68/100 par|[from] Spikes
|move|p2a: Alomomola|Flip Turn|p1a: Gengar
|-damage|p1a: Gengar|34/100 par
|
|t:|1760363191
|switch|p2a: Slowking|Slowking-Galar, M, tera:Water|88/100|[from] Flip Turn
|
|upkeep
|turn|57
|
|t:|1760363202
|cant|p1a: Gengar|par
|move|p2a: Slowking|Future Sight|p1a: Gengar
|-start|p2a: Slowking|move: Future Sight
|
|upkeep
|turn|58
|
|t:|1760363206
|move|p1a: Gengar|Sludge Wave|p2a: Slowking
|-damage|p2a: Slowking|56/100
|move|p2a: Slowking|Psyshock|p1a: Gengar
|-supereffective|p1a: Gengar
|-damage|p1a: Gengar|0 fnt
|faint|p1a: Gengar
|
|upkeep
|-message|wgy191919 forfeited.
|
|win|ivon_neeeeeee
|raw|wgy191919's rating: 1592 &rarr; <strong>1574</strong><br />(-18 for losing)
|raw|ivon_neeeeeee's rating: 1635 &rarr; <strong>1653</strong><br />(+18 for winning)
|l|☆wgy191919
|player|p1|
|l|☆ivon_neeeeeee
|player|p2|
|l| fdsfdsfsfsoidsf
