|j|☆MegaHitmonleeWhen
|j|☆uguisu
|t:|1760339698
|gametype|singles
|player|p1|MegaHitmonleeWhen|blackbelt|1181
|player|p2|uguisu|idol|1166
|gen|9
|tier|[Gen 9] OU
|rated|
|rule|HP Percentage Mod: HP is shown in percentages
|rule|Endless Battle Clause: Forcing endless battles is banned
|rule|Species Clause: Limit one of each Pokémon
|rule|OHKO Clause: OHKO moves are banned
|rule|Evasion Items Clause: Evasion items are banned
|rule|Evasion Moves Clause: Evasion moves are banned
|rule|Evasion Abilities Clause: Evasion abilities are banned
|rule|Sleep Moves Clause: Sleep-inducing moves are banned
|clearpoke
|poke|p1|Magnezone|
|poke|p1|Dugtrio, M|
|poke|p1|Regidrago|
|poke|p1|Floatzel, M|
|poke|p1|Great Tusk|
|poke|p1|Clodsire, F|
|poke|p2|Quaxwell, F|
|poke|p2|Graveler, M|
|poke|p2|Crocalor, M|
|poke|p2|Ursaring, M|
|poke|p2|Ditto|
|poke|p2|Sneasel, F|
|teampreview
|inactive|Battle timer is ON: inactive players will automatically lose when time's up. (requested by uguisu)
|
|t:|1760339712
|teamsize|p1|6
|teamsize|p2|6
|start
|switch|p1a: Floatzel|Floatzel, M|100/100
|switch|p2a: Quaxwell|Quaxwell, F|100/100
|turn|1
|
|t:|1760339718
|move|p1a: Floatzel|Flip Turn|p2a: Quaxwell
|-resisted|p2a: Quaxwell
|-damage|p2a: Quaxwell|88/100
|
|t:|1760339735
|switch|p1a: Clodsire|Clodsire, F|100/100|[from] Flip Turn
|move|p2a: Quaxwell|Flip Turn|p1a: Clodsire
|-immune|p1a: Clodsire|[from] ability: Water Absorb
|
|upkeep
|turn|2
|
|t:|1760339748
|move|p2a: Quaxwell|Triple Axel|p1a: Clodsire
|-supereffective|p1a: Clodsire
|-damage|p1a: Clodsire|91/100
|-supereffective|p1a: Clodsire
|-damage|p1a: Clodsire|72/100
|-supereffective|p1a: Clodsire
|-damage|p1a: Clodsire|44/100
|-hitcount|p1a: Clodsire|3
|move|p1a: Clodsire|Toxic|p2a: Quaxwell
|-status|p2a: Quaxwell|tox
|
|-heal|p1a: Clodsire|50/100|[from] item: Leftovers
|-damage|p2a: Quaxwell|82/100 tox|[from] psn
|upkeep
|turn|3
|
|t:|1760339764
|switch|p2a: Ursaring|Ursaring, M|100/100
|switch|p1a: Great Tusk|Great Tusk|100/100
|
|upkeep
|turn|4
|
|t:|1760339777
|switch|p2a: Graveler|Graveler, M|100/100
|move|p1a: Great Tusk|Stealth Rock|p2a: Graveler
|-sidestart|p2: uguisu|move: Stealth Rock
|
|upkeep
|turn|5
|
|t:|1760339792
|move|p1a: Great Tusk|Body Press|p2a: Graveler
|-supereffective|p2a: Graveler
|-damage|p2a: Graveler|13/100
|move|p2a: Graveler|Earthquake|p1a: Great Tusk
|-damage|p1a: Great Tusk|75/100
|
|upkeep
|turn|6
|-enditem|p2a: Graveler|Custap Berry|[eat]
|-activate|p2a: Graveler|item: Custap Berry|[consumed]
|
|t:|1760339807
|move|p2a: Graveler|Explosion|p1a: Great Tusk
|-damage|p1a: Great Tusk|36/100
|faint|p2a: Graveler
|move|p1a: Great Tusk|Body Press|p2: Graveler|[notarget]
|-fail|p1a: Great Tusk
|
|upkeep
|
|t:|1760339816
|switch|p2a: Quaxwell|Quaxwell, F|82/100 tox
|-damage|p2a: Quaxwell|70/100 tox|[from] Stealth Rock
|turn|7
|
|t:|1760339823
|-end|p1a: Great Tusk|Protosynthesis|[silent]
|switch|p1a: Clodsire|Clodsire, F|50/100
|move|p2a: Quaxwell|Rapid Spin|p1a: Clodsire
|-damage|p1a: Clodsire|38/100
|-boost|p2a: Quaxwell|spe|1
|-sideend|p2: uguisu|Stealth Rock|[from] move: Rapid Spin|[of] p2a: Quaxwell
|
|-heal|p1a: Clodsire|45/100|[from] item: Leftovers
|-damage|p2a: Quaxwell|64/100 tox|[from] psn
|upkeep
|turn|8
|
|t:|1760339831
|switch|p1a: Great Tusk|Great Tusk|36/100
|move|p2a: Quaxwell|Triple Axel|p1a: Great Tusk|[miss]
|-miss|p2a: Quaxwell|p1a: Great Tusk
|
|-damage|p2a: Quaxwell|52/100 tox|[from] psn
|upkeep
|turn|9
|
|t:|1760339838
|move|p2a: Quaxwell|Flip Turn|p1a: Great Tusk
|-supereffective|p1a: Great Tusk
|-damage|p1a: Great Tusk|18/100
|-damage|p2a: Quaxwell|35/100 tox|[from] item: Rocky Helmet|[of] p1a: Great Tusk
|
|t:|1760339845
|switch|p2a: Crocalor|Crocalor, M|100/100|[from] Flip Turn
|move|p1a: Great Tusk|Body Press|p2a: Crocalor
|-damage|p2a: Crocalor|70/100
|
|upkeep
|turn|10
|
|t:|1760339857
|switch|p2a: Ursaring|Ursaring, M|100/100
|move|p1a: Great Tusk|Stealth Rock|p2a: Ursaring
|-sidestart|p2: uguisu|move: Stealth Rock
|
|upkeep
|turn|11
|
|t:|1760339863
|move|p1a: Great Tusk|Body Press|p2a: Ursaring
|-supereffective|p2a: Ursaring
|-damage|p2a: Ursaring|39/100
|move|p2a: Ursaring|Body Slam|p1a: Great Tusk
|-damage|p1a: Great Tusk|0 fnt
|-damage|p2a: Ursaring|22/100|[from] item: Rocky Helmet|[of] p1a: Great Tusk
|faint|p1a: Great Tusk
|-end|p1a: Great Tusk|Protosynthesis|[silent]
|
|upkeep
|
|t:|1760339872
|switch|p1a: Regidrago|Regidrago|100/100
|turn|12
|
|t:|1760339879
|switch|p2a: Crocalor|Crocalor, M|70/100
|-damage|p2a: Crocalor|45/100|[from] Stealth Rock
|move|p1a: Regidrago|Dragon Energy|p2a: Crocalor
|-damage|p2a: Crocalor|0 fnt
|faint|p2a: Crocalor
|
|upkeep
|
|t:|1760339883
|switch|p2a: Ditto|Ditto|100/100
|-damage|p2a: Ditto|88/100|[from] Stealth Rock
|-transform|p2a: Ditto|p1a: Regidrago|[from] ability: Imposter
|turn|13
|
|t:|1760339889
|switch|p1a: Clodsire|Clodsire, F|45/100
|move|p2a: Ditto|Draco Meteor|p1a: Clodsire
|-damage|p1a: Clodsire|0 fnt
|-unboost|p2a: Ditto|spa|2
|faint|p1a: Clodsire
|
|upkeep
|
|t:|1760339896
|switch|p1a: Regidrago|Regidrago|100/100
|turn|14
|
|t:|1760339903
|switch|p2a: Ursaring|Ursaring, M|22/100
|-damage|p2a: Ursaring|10/100|[from] Stealth Rock
|move|p1a: Regidrago|Dragon Energy|p2a: Ursaring
|-damage|p2a: Ursaring|0 fnt
|faint|p2a: Ursaring
|
|upkeep
|
|t:|1760339912
|switch|p2a: Ditto|Ditto|88/100
|-damage|p2a: Ditto|76/100|[from] Stealth Rock
|-transform|p2a: Ditto|p1a: Regidrago|[from] ability: Imposter
|turn|15
|
|t:|1760339921
|switch|p1a: Magnezone|Magnezone|100/100
|move|p2a: Ditto|Earth Power|p1a: Magnezone
|-supereffective|p1a: Magnezone
|-damage|p1a: Magnezone|0 fnt
|faint|p1a: Magnezone
|
|upkeep
|
|t:|1760339925
|switch|p1a: Regidrago|Regidrago|100/100
|turn|16
|
|t:|1760339930
|switch|p2a: Quaxwell|Quaxwell, F|35/100 tox
|-damage|p2a: Quaxwell|23/100 tox|[from] Stealth Rock
|move|p1a: Regidrago|Dragon Energy|p2a: Quaxwell
|-damage|p2a: Quaxwell|0 fnt
|faint|p2a: Quaxwell
|
|upkeep
|
|t:|1760339946
|switch|p2a: Ditto|Ditto|76/100
|-damage|p2a: Ditto|63/100|[from] Stealth Rock
|-transform|p2a: Ditto|p1a: Regidrago|[from] ability: Imposter
|turn|17
|
|t:|1760339966
|move|p2a: Ditto|Dragon Pulse|p1a: Regidrago
|-supereffective|p1a: Regidrago
|-damage|p1a: Regidrago|0 fnt
|faint|p1a: Regidrago
|
|upkeep
|
|t:|1760339978
|switch|p1a: Dugtrio|Dugtrio, M|100/100
|turn|18
|
|t:|1760339982
|-terastallize|p1a: Dugtrio|Dark
|move|p1a: Dugtrio|Sucker Punch|p2a: Ditto
|-damage|p2a: Ditto|0 fnt
|faint|p2a: Ditto
|
|upkeep
|
|t:|1760339986
|switch|p2a: Sneasel|Sneasel, F|100/100
|-damage|p2a: Sneasel|76/100|[from] Stealth Rock
|turn|19
|
|t:|1760339997
|switch|p1a: Floatzel|Floatzel, M|100/100
|move|p2a: Sneasel|Triple Axel|p1a: Floatzel|[miss]
|-miss|p2a: Sneasel|p1a: Floatzel
|
|upkeep
|turn|20
|
|t:|1760340003
|-terastallize|p2a: Sneasel|Ghost
|move|p1a: Floatzel|Aqua Jet|p2a: Sneasel
|-crit|p2a: Sneasel
|-damage|p2a: Sneasel|0 fnt
|faint|p2a: Sneasel
|
|win|MegaHitmonleeWhen
|raw|MegaHitmonleeWhen's rating: 1181 &rarr; <strong>1205</strong><br />(+24 for winning)
|raw|uguisu's rating: 1166 &rarr; <strong>1142</strong><br />(-24 for losing)
|l|☆uguisu
|player|p2|
|l|☆MegaHitmonleeWhen
|player|p1|
