|j|☆MiloticUser
|j|☆aheq647
|t:|1760328975
|gametype|singles
|player|p1|MiloticUser|101|1263
|player|p2|aheq647|hilda-wonderlauncher|1271
|gen|9
|tier|[Gen 9] OU
|rated|
|rule|HP Percentage Mod: HP is shown in percentages
|rule|Endless Battle Clause: Forcing endless battles is banned
|rule|Species Clause: Limit one of each Pokémon
|rule|OHKO Clause: OHKO moves are banned
|rule|Evasion Items Clause: Evasion items are banned
|rule|Evasion Moves Clause: Evasion moves are banned
|rule|Evasion Abilities Clause: Evasion abilities are banned
|rule|Sleep Moves Clause: Sleep-inducing moves are banned
|clearpoke
|poke|p1|Ribombee, F|
|poke|p1|Serperior, F|
|poke|p1|Gholdengo|
|poke|p1|Raging Bolt|
|poke|p1|Zamazenta-*|
|poke|p1|Enamorus, F|
|poke|p2|Goodra-Hisui, M|
|poke|p2|Moltres|
|poke|p2|Ogerpon-Wellspring, F|
|poke|p2|Landorus-Therian, M|
|poke|p2|Samurott-Hisui, M|
|poke|p2|Iron Treads|
|teampreview
|inactive|Battle timer is ON: inactive players will automatically lose when time's up. (requested by aheq647)
|
|t:|1760328981
|teamsize|p1|6
|teamsize|p2|6
|start
|switch|p1a: Ribombee|Ribombee, F|100/100
|switch|p2a: Samurott|Samurott-Hisui, M|100/100
|turn|1
|
|t:|1760328986
|move|p2a: Samurott|Flip Turn|p1a: Ribombee
|-damage|p1a: Ribombee|43/100
|
|t:|1760328989
|switch|p2a: Landorus|Landorus-Therian, M|100/100|[from] Flip Turn
|-ability|p2a: Landorus|Intimidate|boost
|-unboost|p1a: Ribombee|atk|1
|move|p1a: Ribombee|Sticky Web|p2a: Landorus
|-sidestart|p2: aheq647|move: Sticky Web
|
|upkeep
|turn|2
|
|t:|1760328997
|move|p2a: Landorus|Earthquake|p1a: Ribombee
|-resisted|p1a: Ribombee
|-damage|p1a: Ribombee|0 fnt
|faint|p1a: Ribombee
|
|upkeep
|
|t:|1760329003
|switch|p1a: Serperior|Serperior, F|100/100
|turn|3
|
|t:|1760329006
|switch|p2a: Goodra|Goodra-Hisui, M|100/100
|-activate|p2a: Goodra|move: Sticky Web
|-unboost|p2a: Goodra|spe|1
|move|p1a: Serperior|Leaf Storm|p2a: Goodra
|-ability|p2a: Goodra|Sap Sipper|boost
|-boost|p2a: Goodra|atk|1
|
|upkeep
|turn|4
|
|t:|1760329015
|switch|p1a: Zamazenta|Zamazenta|100/100
|-ability|p1a: Zamazenta|Dauntless Shield|boost
|-boost|p1a: Zamazenta|def|1
|move|p2a: Goodra|Dragon Tail|p1a: Zamazenta
|-damage|p1a: Zamazenta|86/100
|drag|p1a: Gholdengo|Gholdengo|100/100
|-item|p1a: Gholdengo|Air Balloon
|
|upkeep
|turn|5
|
|t:|1760329023
|switch|p1a: Enamorus|Enamorus, F|100/100
|move|p2a: Goodra|Knock Off|p1a: Enamorus
|-resisted|p1a: Enamorus
|-damage|p1a: Enamorus|72/100
|-enditem|p1a: Enamorus|Heavy-Duty Boots|[from] move: Knock Off|[of] p2a: Goodra
|
|upkeep
|turn|6
|
|t:|1760329031
|move|p1a: Enamorus|Calm Mind|p1a: Enamorus
|-boost|p1a: Enamorus|spa|1
|-boost|p1a: Enamorus|spd|1
|move|p2a: Goodra|Heavy Slam|p1a: Enamorus
|-supereffective|p1a: Enamorus
|-damage|p1a: Enamorus|0 fnt
|faint|p1a: Enamorus
|
|upkeep
|-message|MiloticUser forfeited.
|
|win|aheq647
|raw|MiloticUser's rating: 1263 &rarr; <strong>1239</strong><br />(-24 for losing)
|raw|aheq647's rating: 1271 &rarr; <strong>1295</strong><br />(+24 for winning)
|l|☆MiloticUser
|player|p1|
|l|☆aheq647
|player|p2|
