|j|☆NerdyCap
|j|☆Gliese581
|t:|1760387770
|gametype|singles
|player|p1|NerdyCap|pokemonranger|
|player|p2|Gliese581|102|
|gen|9
|tier|[Gen 9] OU
|rule|HP Percentage Mod: HP is shown in percentages
|rule|Endless Battle Clause: Forcing endless battles is banned
|rule|Species Clause: Limit one of each Pokémon
|rule|OHKO Clause: OHKO moves are banned
|rule|Evasion Items Clause: Evasion items are banned
|rule|Evasion Moves Clause: Evasion moves are banned
|rule|Evasion Abilities Clause: Evasion abilities are banned
|rule|Sleep Moves Clause: Sleep-inducing moves are banned
|clearpoke
|poke|p1|Walking Wake|
|poke|p1|Ninetales, F|
|poke|p1|Great Tusk|
|poke|p1|Lilligant-Hisui, F|
|poke|p1|Amoonguss, F|
|poke|p1|Hatterene, F|
|poke|p2|Raging Bolt|
|poke|p2|Corviknight, F|
|poke|p2|Volcanion|
|poke|p2|Lycanroc-Dusk, F|
|poke|p2|Snorlax, M|
|poke|p2|Azumarill, F|
|teampreview
|c|☆Gliese581|GLHF
|c|☆NerdyCap|glhf!
|j| R3V0LUT10N N0W!
|
|t:|1760387837
|teamsize|p1|6
|teamsize|p2|6
|start
|switch|p1a: Naruto|Ninetales, F|100/100
|switch|p2a: Raging Bolt|Raging Bolt|100/100
|-weather|SunnyDay|[from] ability: Drought|[of] p1a: Naruto
|-activate|p2a: Raging Bolt|ability: Protosynthesis
|-start|p2a: Raging Bolt|protosynthesisspa
|turn|1
|j| hunna owo
|c| hunna owo|meowdy partners
|
|t:|1760387878
|switch|p1a: Manny|Great Tusk|100/100
|-activate|p1a: Manny|ability: Protosynthesis
|-start|p1a: Manny|protosynthesisatk
|move|p2a: Raging Bolt|Draco Meteor|p1a: Manny
|-damage|p1a: Manny|0 fnt
|-unboost|p2a: Raging Bolt|spa|2
|faint|p1a: Manny
|-end|p1a: Manny|Protosynthesis|[silent]
|
|-weather|SunnyDay|[upkeep]
|upkeep
|
|t:|1760387903
|switch|p1a: Witch|Hatterene, F|100/100
|turn|2
|
|t:|1760387921
|-end|p2a: Raging Bolt|Protosynthesis|[silent]
|switch|p2a: Snorlax|Snorlax, M|100/100
|move|p1a: Witch|Draining Kiss|p2a: Snorlax
|-damage|p2a: Snorlax|83/100
|
|-weather|SunnyDay|[upkeep]
|-heal|p2a: Snorlax|89/100|[from] item: Leftovers
|upkeep
|turn|3
|c| R3V0LUT10N N0W!|Meowdy
|
|t:|1760387951
|move|p2a: Snorlax|Heavy Slam|p1a: Witch
|-supereffective|p1a: Witch
|-damage|p1a: Witch|31/100
|-damage|p2a: Snorlax|73/100|[from] item: Rocky Helmet|[of] p1a: Witch
|move|p1a: Witch|Future Sight|p2a: Snorlax
|-start|p1a: Witch|move: Future Sight
|
|-weather|SunnyDay|[upkeep]
|-heal|p2a: Snorlax|79/100|[from] item: Leftovers
|upkeep
|turn|4
|
|t:|1760387981
|switch|p1a: Buttercup|Lilligant-Hisui, F|100/100
|move|p2a: Snorlax|Body Slam|p1a: Buttercup
|-crit|p1a: Buttercup
|-damage|p1a: Buttercup|25/100
|
|-weather|SunnyDay|[upkeep]
|-heal|p2a: Snorlax|85/100|[from] item: Leftovers
|upkeep
|turn|5
|
|t:|1760388026
|switch|p2a: Corviknight|Corviknight, F|100/100
|-ability|p2a: Corviknight|Pressure
|move|p1a: Buttercup|Close Combat|p2a: Corviknight
|-damage|p2a: Corviknight|63/100
|-unboost|p1a: Buttercup|def|1
|-unboost|p1a: Buttercup|spd|1
|-damage|p1a: Buttercup|8/100|[from] item: Rocky Helmet|[of] p2a: Corviknight
|
|-weather|SunnyDay|[upkeep]
|-end|p2a: Corviknight|move: Future Sight
|-resisted|p2a: Corviknight
|-damage|p2a: Corviknight|28/100
|upkeep
|turn|6
|
|t:|1760388050
|-terastallize|p1a: Buttercup|Electric
|move|p1a: Buttercup|Tera Blast|p2a: Corviknight|[anim] Tera Blast Electric
|-supereffective|p2a: Corviknight
|-damage|p2a: Corviknight|0 fnt
|faint|p2a: Corviknight
|
|-weather|SunnyDay|[upkeep]
|upkeep
|
|t:|1760388067
|switch|p2a: Lycanroc|Lycanroc-Dusk, F|100/100
|turn|7
|
|t:|1760388076
|move|p2a: Lycanroc|Accelerock|p1a: Buttercup
|-damage|p1a: Buttercup|0 fnt
|faint|p1a: Buttercup
|-damage|p2a: Lycanroc|91/100|[from] item: Life Orb
|
|-weather|SunnyDay|[upkeep]
|upkeep
|
|t:|1760388109
|switch|p1a: Drog|Walking Wake|100/100
|-activate|p1a: Drog|ability: Protosynthesis
|-start|p1a: Drog|protosynthesisspa
|turn|8
|
|t:|1760388131
|switch|p2a: Volcanion|Volcanion|100/100
|move|p1a: Drog|Hydro Steam|p2a: Volcanion
|-immune|p2a: Volcanion|[from] ability: Water Absorb
|
|-weather|none
|-end|p1a: Drog|Protosynthesis
|upkeep
|turn|9
|
|t:|1760388188
|-end|p1a: Drog|Protosynthesis|[silent]
|switch|p1a: Naruto|Ninetales, F|100/100
|-weather|SunnyDay|[from] ability: Drought|[of] p1a: Naruto
|-terastallize|p2a: Volcanion|Fairy
|move|p2a: Volcanion|Tera Blast|p1a: Naruto|[anim] Tera Blast Fairy
|-resisted|p1a: Naruto
|-damage|p1a: Naruto|75/100
|
|-weather|SunnyDay|[upkeep]
|upkeep
|turn|10
|
|t:|1760388209
|move|p2a: Volcanion|Steam Eruption|p1a: Naruto
|-supereffective|p1a: Naruto
|-damage|p1a: Naruto|7/100
|move|p1a: Naruto|Roar|p2a: Volcanion
|drag|p2a: Lycanroc|Lycanroc-Dusk, F|91/100
|
|-weather|SunnyDay|[upkeep]
|upkeep
|turn|11
|
|t:|1760388229
|move|p2a: Lycanroc|Accelerock|p1a: Naruto
|-supereffective|p1a: Naruto
|-damage|p1a: Naruto|0 fnt
|faint|p1a: Naruto
|-damage|p2a: Lycanroc|81/100|[from] item: Life Orb
|
|-weather|SunnyDay|[upkeep]
|upkeep
|
|t:|1760388241
|switch|p1a: Shroom|Amoonguss, F|100/100
|turn|12
|
|t:|1760388247
|switch|p2a: Azumarill|Azumarill, F|100/100
|move|p1a: Shroom|Energy Ball|p2a: Azumarill
|-ability|p2a: Azumarill|Sap Sipper|boost
|-boost|p2a: Azumarill|atk|1
|
|-weather|SunnyDay|[upkeep]
|upkeep
|turn|13
|
|t:|1760388259
|move|p2a: Azumarill|Whirlpool|p1a: Shroom
|-resisted|p1a: Shroom
|-damage|p1a: Shroom|99/100
|-activate|p1a: Shroom|move: Whirlpool|[of] p2a: Azumarill
|move|p1a: Shroom|Sludge Bomb|p2a: Azumarill
|-supereffective|p2a: Azumarill
|-damage|p2a: Azumarill|47/100
|
|-weather|SunnyDay|[upkeep]
|-heal|p2a: Azumarill|53/100|[from] item: Leftovers
|-heal|p1a: Shroom|100/100|[from] item: Leftovers
|-damage|p1a: Shroom|88/100|[from] move: Whirlpool|[partiallytrapped]
|upkeep
|turn|14
|
|t:|1760388278
|move|p2a: Azumarill|Protect|p2a: Azumarill
|-singleturn|p2a: Azumarill|Protect
|move|p1a: Shroom|Sludge Bomb|p2a: Azumarill
|-activate|p2a: Azumarill|move: Protect
|
|-weather|SunnyDay|[upkeep]
|-heal|p2a: Azumarill|59/100|[from] item: Leftovers
|-heal|p1a: Shroom|94/100|[from] item: Leftovers
|-damage|p1a: Shroom|82/100|[from] move: Whirlpool|[partiallytrapped]
|upkeep
|turn|15
|
|t:|1760388292
|move|p2a: Azumarill|Perish Song|p2a: Azumarill
|-start|p1a: Shroom|perish3|[silent]
|-start|p2a: Azumarill|perish3|[silent]
|-fieldactivate|move: Perish Song
|move|p1a: Shroom|Toxic|p2a: Azumarill
|-status|p2a: Azumarill|tox
|
|-weather|SunnyDay|[upkeep]
|-heal|p2a: Azumarill|66/100 tox|[from] item: Leftovers
|-heal|p1a: Shroom|88/100|[from] item: Leftovers
|-damage|p2a: Azumarill|59/100 tox|[from] psn
|-damage|p1a: Shroom|75/100|[from] move: Whirlpool|[partiallytrapped]
|-start|p2a: Azumarill|perish3
|-start|p1a: Shroom|perish3
|upkeep
|turn|16
|
|t:|1760388304
|move|p2a: Azumarill|Rest|p2a: Azumarill
|-status|p2a: Azumarill|slp|[from] move: Rest
|-heal|p2a: Azumarill|100/100 slp|[silent]
|move|p1a: Shroom|Sludge Bomb|p2a: Azumarill
|-supereffective|p2a: Azumarill
|-damage|p2a: Azumarill|50/100 slp
|
|-weather|none
|-heal|p2a: Azumarill|56/100 slp|[from] item: Leftovers
|-heal|p1a: Shroom|82/100|[from] item: Leftovers
|-damage|p1a: Shroom|69/100|[from] move: Whirlpool|[partiallytrapped]
|-start|p2a: Azumarill|perish2
|-start|p1a: Shroom|perish2
|upkeep
|turn|17
|
|t:|1760388331
|cant|p2a: Azumarill|slp
|move|p1a: Shroom|Sludge Bomb|p2a: Azumarill
|-supereffective|p2a: Azumarill
|-damage|p2a: Azumarill|0 fnt
|faint|p2a: Azumarill
|
|-heal|p1a: Shroom|75/100|[from] item: Leftovers
|-end|p1a: Shroom|Whirlpool|[partiallytrapped]
|-start|p1a: Shroom|perish1
|upkeep
|
|t:|1760388347
|switch|p2a: Snorlax|Snorlax, M|85/100
|turn|18
|
|t:|1760388354
|move|p2a: Snorlax|Curse|p2a: Snorlax
|-unboost|p2a: Snorlax|spe|1
|-boost|p2a: Snorlax|atk|1
|-boost|p2a: Snorlax|def|1
|move|p1a: Shroom|Toxic|p2a: Snorlax
|-status|p2a: Snorlax|tox
|
|-heal|p1a: Shroom|82/100|[from] item: Leftovers
|-heal|p2a: Snorlax|91/100 tox|[from] item: Leftovers
|-damage|p2a: Snorlax|85/100 tox|[from] psn
|-start|p1a: Shroom|perish0
|upkeep
|faint|p1a: Shroom
|c| R3V0LUT10N N0W!|Nooooo
|
|t:|1760388368
|switch|p1a: Drog|Walking Wake|100/100
|turn|19
|
|t:|1760388402
|move|p1a: Drog|Flamethrower|p2a: Snorlax
|-damage|p2a: Snorlax|76/100 tox
|move|p2a: Snorlax|Rest|p2a: Snorlax
|-status|p2a: Snorlax|slp|[from] move: Rest
|-heal|p2a: Snorlax|100/100 slp|[silent]
|
|upkeep
|turn|20
|
|t:|1760388411
|move|p1a: Drog|Hydro Steam|p2a: Snorlax
|-damage|p2a: Snorlax|72/100 slp
|cant|p2a: Snorlax|slp
|
|-heal|p2a: Snorlax|78/100 slp|[from] item: Leftovers
|upkeep
|turn|21
|
|t:|1760388419
|move|p1a: Drog|Hydro Steam|p2a: Snorlax
|-damage|p2a: Snorlax|50/100 slp
|cant|p2a: Snorlax|slp
|
|-heal|p2a: Snorlax|56/100 slp|[from] item: Leftovers
|upkeep
|turn|22
|
|t:|1760388430
|move|p1a: Drog|Hydro Steam|p2a: Snorlax
|-damage|p2a: Snorlax|27/100 slp
|-curestatus|p2a: Snorlax|slp|[msg]
|move|p2a: Snorlax|Body Slam|p1a: Drog
|-damage|p1a: Drog|52/100
|
|-heal|p2a: Snorlax|33/100|[from] item: Leftovers
|upkeep
|turn|23
|
|t:|1760388454
|move|p1a: Drog|Draco Meteor|p2a: Snorlax|[miss]
|-miss|p1a: Drog|p2a: Snorlax
|move|p2a: Snorlax|Body Slam|p1a: Drog
|-damage|p1a: Drog|0 fnt
|faint|p1a: Drog
|-end|p1a: Drog|Protosynthesis|[silent]
|
|-heal|p2a: Snorlax|39/100|[from] item: Leftovers
|upkeep
|c| hunna owo|:O
|c| hunna owo|dammmnnnn
|c|☆Gliese581|that was a  good play
|
|t:|1760388466
|switch|p1a: Witch|Hatterene, F|31/100
|turn|24
|c| R3V0LUT10N N0W!|Good play punishef
|c|☆Gliese581|that was punished
|c| R3V0LUT10N N0W!|punished
|c|☆Gliese581|by the universe
|c|☆Gliese581|so sorry man
|c| R3V0LUT10N N0W!|wow we said the same thing haha
|c| R3V0LUT10N N0W!|shared pokebrain moment
|
|t:|1760388486
|move|p1a: Witch|Draining Kiss|p2a: Snorlax
|-damage|p2a: Snorlax|21/100
|-heal|p1a: Witch|54/100|[from] drain|[of] p2a: Snorlax
|move|p2a: Snorlax|Heavy Slam|p1a: Witch
|-supereffective|p1a: Witch
|-damage|p1a: Witch|0 fnt
|-damage|p2a: Snorlax|4/100|[from] item: Rocky Helmet|[of] p1a: Witch
|faint|p1a: Witch
|
|win|Gliese581
|c| hunna owo|gg
|l| R3V0LUT10N N0W!
|c|☆Gliese581|gg
|l| hunna owo
|c|☆NerdyCap|GGs
