|j|☆Elphix
|j|☆JackMat98
|t:|1760354333
|gametype|singles
|player|p1|Elphix|madame-gen4|1130
|player|p2|JackMat98|riley|1139
|gen|9
|tier|[Gen 9] OU
|rated|
|rule|HP Percentage Mod: HP is shown in percentages
|rule|Endless Battle Clause: Forcing endless battles is banned
|rule|Species Clause: Limit one of each Pokémon
|rule|OHKO Clause: OHKO moves are banned
|rule|Evasion Items Clause: Evasion items are banned
|rule|Evasion Moves Clause: Evasion moves are banned
|rule|Evasion Abilities Clause: Evasion abilities are banned
|rule|Sleep Moves Clause: Sleep-inducing moves are banned
|clearpoke
|poke|p1|Manaphy|
|poke|p1|Glimmora, F|
|poke|p1|Pelipper, F|
|poke|p1|Iron Treads|
|poke|p1|Ting-Lu|
|poke|p1|Skeledirge, F|
|poke|p2|Electrode-Hisui|
|poke|p2|Corviknight, M|
|poke|p2|Garchomp, M|
|poke|p2|Skeledirge, M|
|poke|p2|Greninja-*, F|
|poke|p2|Iron Valiant|
|teampreview
|
|t:|1760354341
|teamsize|p1|6
|teamsize|p2|6
|start
|switch|p1a: Glimmora|Glimmora, F, shiny|100/100
|switch|p2a: Mahogany|Electrode-Hisui|100/100
|turn|1
|
|t:|1760354357
|move|p2a: Mahogany|Volt Switch|p1a: Glimmora
|-damage|p1a: Glimmora|47/100
|
|t:|1760354363
|switch|p2a: Shinobi|Greninja, F, shiny|100/100|[from] Volt Switch
|move|p1a: Glimmora|Stealth Rock|p2a: Shinobi
|-sidestart|p2: JackMat98|move: Stealth Rock
|
|upkeep
|turn|2
|inactive|Battle timer is ON: inactive players will automatically lose when time's up. (requested by JackMat98)
|
|t:|1760354385
|switch|p1a: Pelipper|Pelipper, F|100/100
|-weather|RainDance|[from] ability: Drizzle|[of] p1a: Pelipper
|move|p2a: Shinobi|Hydro Pump|p1a: Pelipper
|-start|p2a: Shinobi|typechange|Water|[from] ability: Protean
|-resisted|p1a: Pelipper
|-damage|p1a: Pelipper|28/100
|-damage|p2a: Shinobi|91/100|[from] item: Life Orb
|
|-weather|RainDance|[upkeep]
|upkeep
|turn|3
|
|t:|1760354409
|move|p2a: Shinobi|Ice Beam|p1a: Pelipper
|-damage|p1a: Pelipper|0 fnt
|faint|p1a: Pelipper
|-damage|p2a: Shinobi|81/100|[from] item: Life Orb
|
|-weather|RainDance|[upkeep]
|upkeep
|
|t:|1760354417
|switch|p1a: Manaphy|Manaphy|100/100
|turn|4
|
|t:|1760354432
|switch|p2a: Edgar|Corviknight, M|100/100
|-damage|p2a: Edgar|88/100|[from] Stealth Rock
|move|p1a: Manaphy|Tail Glow|p1a: Manaphy
|-boost|p1a: Manaphy|spa|3
|
|-weather|RainDance|[upkeep]
|upkeep
|turn|5
|
|t:|1760354443
|move|p1a: Manaphy|Surf|p2a: Edgar
|-damage|p2a: Edgar|0 fnt
|faint|p2a: Edgar
|
|-weather|RainDance|[upkeep]
|upkeep
|
|t:|1760354449
|switch|p2a: Mahogany|Electrode-Hisui|100/100
|-damage|p2a: Mahogany|88/100|[from] Stealth Rock
|turn|6
|
|t:|1760354464
|-terastallize|p1a: Manaphy|Fairy
|move|p2a: Mahogany|Giga Drain|p1a: Manaphy
|-damage|p1a: Manaphy|61/100
|-heal|p2a: Mahogany|100/100|[from] drain|[of] p1a: Manaphy
|move|p1a: Manaphy|Alluring Voice|p2a: Mahogany
|-immune|p2a: Mahogany|[from] ability: Soundproof
|
|-weather|RainDance|[upkeep]
|-heal|p1a: Manaphy|67/100|[from] item: Leftovers
|upkeep
|turn|7
|
|t:|1760354478
|switch|p2a: Shinobi|Greninja, F, shiny|81/100
|-damage|p2a: Shinobi|69/100|[from] Stealth Rock
|move|p1a: Manaphy|Surf|p2a: Shinobi
|-resisted|p2a: Shinobi
|-damage|p2a: Shinobi|0 fnt
|faint|p2a: Shinobi
|
|-weather|RainDance|[upkeep]
|-heal|p1a: Manaphy|73/100|[from] item: Leftovers
|upkeep
|
|t:|1760354490
|switch|p2a: Mahogany|Electrode-Hisui|100/100
|-damage|p2a: Mahogany|88/100|[from] Stealth Rock
|turn|8
|
|t:|1760354504
|move|p2a: Mahogany|Volt Switch|p1a: Manaphy
|-damage|p1a: Manaphy|35/100
|
|t:|1760354509
|switch|p2a: ECLIPSE|Iron Valiant|100/100|[from] Volt Switch
|-damage|p2a: ECLIPSE|94/100|[from] Stealth Rock
|-enditem|p2a: ECLIPSE|Booster Energy
|-activate|p2a: ECLIPSE|ability: Quark Drive|[fromitem]
|-start|p2a: ECLIPSE|quarkdrivespe
|move|p1a: Manaphy|Surf|p2a: ECLIPSE
|-damage|p2a: ECLIPSE|0 fnt
|faint|p2a: ECLIPSE
|-end|p2a: ECLIPSE|Quark Drive|[silent]
|
|-weather|RainDance|[upkeep]
|-heal|p1a: Manaphy|41/100|[from] item: Leftovers
|upkeep
|-message|JackMat98 forfeited.
|
|win|Elphix
|raw|Elphix's rating: 1130 &rarr; <strong>1156</strong><br />(+26 for winning)
|raw|JackMat98's rating: 1139 &rarr; <strong>1113</strong><br />(-26 for losing)
|l|☆JackMat98
|player|p2|
|l|☆Elphix
|player|p1|
