|j|☆xijueaa
|j|☆Mithyk Noob
|t:|1760334009
|gametype|singles
|player|p1|xijueaa|cynthia|1141
|player|p2|Mithyk Noob|gentleman-gen4|1165
|gen|9
|tier|[Gen 9] OU
|rated|
|rule|HP Percentage Mod: HP is shown in percentages
|rule|Endless Battle Clause: Forcing endless battles is banned
|rule|Species Clause: Limit one of each Pokémon
|rule|OHKO Clause: OHKO moves are banned
|rule|Evasion Items Clause: Evasion items are banned
|rule|Evasion Moves Clause: Evasion moves are banned
|rule|Evasion Abilities Clause: Evasion abilities are banned
|rule|Sleep Moves Clause: Sleep-inducing moves are banned
|clearpoke
|poke|p1|Kyurem|
|poke|p1|Corviknight, M|
|poke|p1|Ting-Lu|
|poke|p1|Dondozo, M|
|poke|p1|Slowking-Galar, L99, F|
|poke|p1|Cinderace, M|
|poke|p2|Altaria, M|
|poke|p2|Bellibolt, M|
|poke|p2|Scrafty, F|
|poke|p2|Bronzong|
|poke|p2|Flygon, M|
|poke|p2|Vaporeon, F|
|teampreview
|
|t:|1760334035
|teamsize|p1|6
|teamsize|p2|6
|start
|switch|p1a: Kyurem|Kyurem|100/100
|switch|p2a: Altaria|Altaria, M|100/100
|-ability|p1a: Kyurem|Pressure
|turn|1
|
|t:|1760334044
|switch|p2a: Bronzong|Bronzong|100/100
|move|p1a: Kyurem|Icicle Spear|p2a: Bronzong
|-resisted|p2a: Bronzong
|-damage|p2a: Bronzong|95/100
|-resisted|p2a: Bronzong
|-damage|p2a: Bronzong|90/100
|-resisted|p2a: Bronzong
|-damage|p2a: Bronzong|84/100
|-resisted|p2a: Bronzong
|-damage|p2a: Bronzong|79/100
|-resisted|p2a: Bronzong
|-damage|p2a: Bronzong|74/100
|-hitcount|p2a: Bronzong|5
|
|upkeep
|turn|2
|
|t:|1760334053
|-terastallize|p1a: Kyurem|Fire
|move|p1a: Kyurem|Tera Blast|p2a: Bronzong|[anim] Tera Blast Fire
|-supereffective|p2a: Bronzong
|-crit|p2a: Bronzong
|-damage|p2a: Bronzong|0 fnt
|faint|p2a: Bronzong
|
|upkeep
|
|t:|1760334064
|switch|p2a: Flygon|Flygon, M|100/100
|turn|3
|
|t:|1760334073
|-terastallize|p2a: Flygon|Ground
|move|p2a: Flygon|Earthquake|p1a: Kyurem
|-supereffective|p1a: Kyurem
|-damage|p1a: Kyurem|0 fnt
|faint|p1a: Kyurem
|
|upkeep
|
|t:|1760334081
|switch|p1a: Corviknight|Corviknight, M|100/100
|-ability|p1a: Corviknight|Pressure
|turn|4
|
|t:|1760334087
|switch|p2a: Altaria|Altaria, M|100/100
|move|p1a: Corviknight|Brave Bird|p2a: Altaria
|-damage|p2a: Altaria|72/100
|-damage|p1a: Corviknight|92/100|[from] Recoil
|
|upkeep
|turn|5
|
|t:|1760334089
|move|p2a: Altaria|Will-O-Wisp|p1a: Corviknight
|-status|p1a: Corviknight|brn
|move|p1a: Corviknight|U-turn|p2a: Altaria
|-resisted|p2a: Altaria
|-damage|p2a: Altaria|70/100
|
|t:|1760334097
|switch|p1a: Cinderace|Cinderace, M|100/100|[from] U-turn
|
|upkeep
|turn|6
|
|t:|1760334104
|move|p1a: Cinderace|U-turn|p2a: Altaria
|-resisted|p2a: Altaria
|-crit|p2a: Altaria
|-damage|p2a: Altaria|60/100
|
|t:|1760334106
|switch|p1a: Slowking|Slowking-Galar, L99, F|100/100|[from] U-turn
|move|p2a: Altaria|Hurricane|p1a: Slowking
|-damage|p1a: Slowking|83/100
|
|upkeep
|turn|7
|
|t:|1760334123
|switch|p2a: Scrafty|Scrafty, F|100/100
|move|p1a: Slowking|Future Sight|p2a: Scrafty
|-start|p1a: Slowking|move: Future Sight
|
|upkeep
|turn|8
|
|t:|1760334128
|move|p2a: Scrafty|Knock Off|p1a: Slowking
|-supereffective|p1a: Slowking
|-damage|p1a: Slowking|14/100
|-enditem|p1a: Slowking|Heavy-Duty Boots|[from] move: Knock Off|[of] p2a: Scrafty
|move|p1a: Slowking|Toxic|p2a: Scrafty
|-status|p2a: Scrafty|tox
|
|-damage|p2a: Scrafty|95/100 tox|[from] psn
|upkeep
|turn|9
|
|t:|1760334137
|switch|p1a: Corviknight|Corviknight, M|92/100 brn
|-ability|p1a: Corviknight|Pressure
|move|p2a: Scrafty|Knock Off|p1a: Corviknight
|-damage|p1a: Corviknight|75/100 brn
|-damage|p2a: Scrafty|78/100 tox|[from] item: Rocky Helmet|[of] p1a: Corviknight
|-enditem|p1a: Corviknight|Rocky Helmet|[from] move: Knock Off|[of] p2a: Scrafty
|
|-end|p2a: Scrafty|move: Future Sight
|-immune|p2a: Scrafty
|-heal|p2a: Scrafty|84/100 tox|[from] item: Leftovers
|-damage|p2a: Scrafty|72/100 tox|[from] psn
|-damage|p1a: Corviknight|69/100 brn|[from] brn
|upkeep
|turn|10
|
|t:|1760334142
|move|p1a: Corviknight|Roost|p1a: Corviknight
|-heal|p1a: Corviknight|100/100 brn
|-singleturn|p1a: Corviknight|move: Roost
|move|p2a: Scrafty|Bulk Up|p2a: Scrafty
|-boost|p2a: Scrafty|atk|1
|-boost|p2a: Scrafty|def|1
|
|-activate|p2a: Scrafty|ability: Shed Skin
|-curestatus|p2a: Scrafty|tox|[msg]
|-heal|p2a: Scrafty|78/100|[from] item: Leftovers
|-damage|p1a: Corviknight|94/100 brn|[from] brn
|upkeep
|turn|11
|
|t:|1760334149
|move|p1a: Corviknight|U-turn|p2a: Scrafty
|-damage|p2a: Scrafty|74/100
|
|t:|1760334154
|switch|p1a: Slowking|Slowking-Galar, L99, F|47/100|[from] U-turn
|move|p2a: Scrafty|Bulk Up|p2a: Scrafty
|-boost|p2a: Scrafty|atk|1
|-boost|p2a: Scrafty|def|1
|
|-heal|p2a: Scrafty|80/100|[from] item: Leftovers
|upkeep
|turn|12
|
|t:|1760334167
|move|p2a: Scrafty|Knock Off|p1a: Slowking
|-supereffective|p1a: Slowking
|-damage|p1a: Slowking|0 fnt
|faint|p1a: Slowking
|
|-heal|p2a: Scrafty|86/100|[from] item: Leftovers
|upkeep
|
|t:|1760334170
|switch|p1a: Cinderace|Cinderace, M|100/100
|turn|13
|
|t:|1760334175
|move|p1a: Cinderace|U-turn|p2a: Scrafty
|-damage|p2a: Scrafty|77/100
|-message|xijueaa forfeited.
|
|win|Mithyk Noob
|raw|xijueaa's rating: 1141 &rarr; <strong>1118</strong><br />(-23 for losing)
|raw|Mithyk Noob's rating: 1165 &rarr; <strong>1188</strong><br />(+23 for winning)
|l|☆xijueaa
|player|p1|
|l|☆Mithyk Noob
|player|p2|
