|j|☆hautototo0
|j|☆Elphix
|t:|1760353064
|gametype|singles
|player|p1|hautototo0|youngster-gen4dp|1062
|player|p2|Elphix|madame-gen4|1150
|gen|9
|tier|[Gen 9] OU
|rated|
|rule|HP Percentage Mod: HP is shown in percentages
|rule|Endless Battle Clause: Forcing endless battles is banned
|rule|Species Clause: Limit one of each Pokémon
|rule|OHKO Clause: OHKO moves are banned
|rule|Evasion Items Clause: Evasion items are banned
|rule|Evasion Moves Clause: Evasion moves are banned
|rule|Evasion Abilities Clause: Evasion abilities are banned
|rule|Sleep Moves Clause: Sleep-inducing moves are banned
|clearpoke
|poke|p1|Tepig, F|
|poke|p1|Regice|
|poke|p1|Flittle, F|
|poke|p1|Entei|
|poke|p1|Bronzong|
|poke|p1|Basculin-White-Striped, F|
|poke|p2|Manaphy|
|poke|p2|Glimmora, F|
|poke|p2|Pelipper, F|
|poke|p2|Clefable, F|
|poke|p2|Iron Treads|
|poke|p2|Ting-Lu|
|teampreview
|
|t:|1760353081
|teamsize|p1|6
|teamsize|p2|6
|start
|switch|p1a: Basculin|Basculin-White-Striped, F, shiny|100/100
|switch|p2a: Glimmora|Glimmora, F, shiny|100/100
|turn|1
|
|t:|1760353091
|move|p1a: Basculin|Waterfall|p2a: Glimmora
|-supereffective|p2a: Glimmora
|-enditem|p2a: Glimmora|Focus Sash
|-damage|p2a: Glimmora|1/100
|-activate|p2a: Glimmora|ability: Toxic Debris
|-sidestart|p1: hautototo0|move: Toxic Spikes
|move|p2a: Glimmora|Stealth Rock|p1a: Basculin
|-sidestart|p1: hautototo0|move: Stealth Rock
|
|upkeep
|turn|2
|
|t:|1760353113
|switch|p2a: Pelipper|Pelipper, F|100/100
|-weather|RainDance|[from] ability: Drizzle|[of] p2a: Pelipper
|move|p1a: Basculin|Waterfall|p2a: Pelipper
|-resisted|p2a: Pelipper
|-damage|p2a: Pelipper|64/100
|
|-weather|RainDance|[upkeep]
|upkeep
|turn|3
|
|t:|1760353128
|move|p1a: Basculin|Waterfall|p2a: Pelipper
|-resisted|p2a: Pelipper
|-damage|p2a: Pelipper|28/100
|move|p2a: Pelipper|Hurricane|p1a: Basculin
|-crit|p1a: Basculin
|-damage|p1a: Basculin|1/100
|
|-weather|RainDance|[upkeep]
|upkeep
|turn|4
|
|t:|1760353139
|move|p1a: Basculin|Waterfall|p2a: Pelipper
|-resisted|p2a: Pelipper
|-crit|p2a: Pelipper
|-damage|p2a: Pelipper|0 fnt
|faint|p2a: Pelipper
|
|-weather|RainDance|[upkeep]
|upkeep
|
|t:|1760353147
|switch|p2a: Manaphy|Manaphy|100/100
|turn|5
|
|t:|1760353164
|move|p2a: Manaphy|Surf|p1a: Basculin
|-resisted|p1a: Basculin
|-damage|p1a: Basculin|0 fnt
|faint|p1a: Basculin
|
|-weather|RainDance|[upkeep]
|upkeep
|
|t:|1760353173
|switch|p1a: Regice|Regice, shiny|100/100
|-status|p1a: Regice|psn
|-damage|p1a: Regice|76/100 psn|[from] Stealth Rock
|turn|6
|
|t:|1760353185
|move|p2a: Manaphy|Substitute|p2a: Manaphy
|-start|p2a: Manaphy|Substitute
|-damage|p2a: Manaphy|76/100
|move|p1a: Regice|Rock Tomb|p2a: Manaphy
|-activate|p2a: Manaphy|move: Substitute|[damage]
|
|-weather|RainDance|[upkeep]
|-heal|p2a: Manaphy|82/100|[from] item: Leftovers
|-damage|p1a: Regice|63/100 psn|[from] psn
|upkeep
|turn|7
|
|t:|1760353196
|move|p2a: Manaphy|Tail Glow|p2a: Manaphy
|-boost|p2a: Manaphy|spa|3
|move|p1a: Regice|Ice Beam|p2a: Manaphy
|-resisted|p2a: Manaphy
|-end|p2a: Manaphy|Substitute
|
|-weather|RainDance|[upkeep]
|-heal|p2a: Manaphy|88/100|[from] item: Leftovers
|-damage|p1a: Regice|51/100 psn|[from] psn
|upkeep
|turn|8
|
|t:|1760353206
|move|p2a: Manaphy|Surf|p1a: Regice
|-damage|p1a: Regice|0 fnt
|faint|p1a: Regice
|
|-weather|RainDance|[upkeep]
|-heal|p2a: Manaphy|94/100|[from] item: Leftovers
|upkeep
|
|t:|1760353215
|switch|p1a: Bronzong|Bronzong, shiny|100/100
|-damage|p1a: Bronzong|94/100|[from] Stealth Rock
|turn|9
|
|t:|1760353220
|move|p2a: Manaphy|Surf|p1a: Bronzong
|-damage|p1a: Bronzong|0 fnt
|faint|p1a: Bronzong
|
|-weather|none
|-heal|p2a: Manaphy|99/100|[from] item: Leftovers
|upkeep
|
|t:|1760353225
|switch|p1a: Tepig|Tepig, F, shiny|100/100
|-status|p1a: Tepig|psn
|-damage|p1a: Tepig|76/100 psn|[from] Stealth Rock
|turn|10
|
|t:|1760353233
|move|p1a: Tepig|Sucker Punch|p2a: Manaphy
|-damage|p2a: Manaphy|86/100
|move|p2a: Manaphy|Surf|p1a: Tepig
|-supereffective|p1a: Tepig
|-damage|p1a: Tepig|0 fnt
|faint|p1a: Tepig
|
|-heal|p2a: Manaphy|93/100|[from] item: Leftovers
|upkeep
|
|t:|1760353240
|switch|p1a: Flittle|Flittle, F, shiny|100/100
|-status|p1a: Flittle|psn
|-damage|p1a: Flittle|88/100 psn|[from] Stealth Rock
|turn|11
|
|t:|1760353248
|move|p2a: Manaphy|Surf|p1a: Flittle
|-damage|p1a: Flittle|0 fnt
|faint|p1a: Flittle
|
|-heal|p2a: Manaphy|99/100|[from] item: Leftovers
|upkeep
|
|t:|1760353251
|switch|p1a: Entei|Entei, shiny|100/100
|-ability|p1a: Entei|Pressure
|turn|12
|
|t:|1760353259
|-terastallize|p1a: Entei|Normal
|move|p1a: Entei|Extreme Speed|p2a: Manaphy
|-crit|p2a: Manaphy
|-damage|p2a: Manaphy|50/100
|move|p2a: Manaphy|Surf|p1a: Entei
|-damage|p1a: Entei|0 fnt
|faint|p1a: Entei
|
|win|Elphix
|raw|hautototo0's rating: 1062 &rarr; <strong>1047</strong><br />(-15 for losing)
|raw|Elphix's rating: 1150 &rarr; <strong>1169</strong><br />(+19 for winning)
|l|☆hautototo0
|player|p1|
|l|☆Elphix
|player|p2|
