|badge|p2|bronze|gen9ou|100-7
|uhtml|medal-msg|<div class="broadcast-blue">Curious what those medals under the avatar are? PS now has Ladder Seasons! For more information, check out the <a href="https://www.smogon.com/forums/threads/3740067/">thread on Smogon.</a></div>
|j|☆ChickenTalk2006
|j|☆Johnny tots
|t:|1760315483
|gametype|singles
|player|p1|ChickenTalk2006|galacticgrunt|1648
|player|p2|Johnny tots|102|1845
|gen|9
|tier|[Gen 9] OU
|rated|
|rule|HP Percentage Mod: HP is shown in percentages
|rule|Endless Battle Clause: Forcing endless battles is banned
|rule|Species Clause: Limit one of each Pokémon
|rule|OHKO Clause: OHKO moves are banned
|rule|Evasion Items Clause: Evasion items are banned
|rule|Evasion Moves Clause: Evasion moves are banned
|rule|Evasion Abilities Clause: Evasion abilities are banned
|rule|Sleep Moves Clause: Sleep-inducing moves are banned
|clearpoke
|poke|p1|Enamorus, F|
|poke|p1|Iron Hands|
|poke|p1|Kingambit, M|
|poke|p1|Cinderace, M|
|poke|p1|Rhyperior, F|
|poke|p1|Volcanion|
|poke|p2|Rillaboom, M|
|poke|p2|Klefki, F|
|poke|p2|Manaphy|
|poke|p2|Ogerpon-Wellspring, F|
|poke|p2|Slowbro-Galar, M|
|poke|p2|Clefable, F|
|teampreview
|inactive|Battle timer is ON: inactive players will automatically lose when time's up. (requested by Johnny tots)
|
|t:|1760315491
|teamsize|p1|6
|teamsize|p2|6
|start
|switch|p1a: Cinderace|Cinderace, M|100/100
|switch|p2a: Klefki|Klefki, F|100/100
|turn|1
|
|t:|1760315494
|move|p2a: Klefki|Reflect|p2a: Klefki
|-sidestart|p2: Johnny tots|Reflect
|move|p1a: Cinderace|Pyro Ball|p2a: Klefki
|-supereffective|p2a: Klefki
|-damage|p2a: Klefki|51/100
|
|upkeep
|turn|2
|
|t:|1760315498
|switch|p1a: Rhyperior|Rhyperior, F, shiny|100/100
|move|p2a: Klefki|Thunder Wave|p1a: Rhyperior
|-immune|p1a: Rhyperior
|
|upkeep
|turn|3
|
|t:|1760315508
|switch|p2a: Ogerpon|Ogerpon-Wellspring, F|100/100
|move|p1a: Rhyperior|Earthquake|p2a: Ogerpon
|-resisted|p2a: Ogerpon
|-damage|p2a: Ogerpon|82/100
|
|upkeep
|turn|4
|
|t:|1760315512
|switch|p1a: Volcanion|Volcanion|100/100
|move|p2a: Ogerpon|Ivy Cudgel|p1a: Volcanion|[anim] Ivy Cudgel Water
|-immune|p1a: Volcanion|[from] ability: Water Absorb
|
|upkeep
|turn|5
|
|t:|1760315517
|switch|p2a: Slowbro|Slowbro-Galar, M|100/100
|move|p1a: Volcanion|Flamethrower|p2a: Slowbro
|-damage|p2a: Slowbro|36/100
|
|upkeep
|turn|6
|
|t:|1760315528
|move|p1a: Volcanion|Flamethrower|p2a: Slowbro
|-damage|p2a: Slowbro|0 fnt
|faint|p2a: Slowbro
|
|upkeep
|j| sasukejawls
|
|t:|1760315533
|switch|p2a: Manaphy|Manaphy|100/100
|turn|7
|
|t:|1760315537
|move|p2a: Manaphy|Take Heart|p2a: Manaphy
|-boost|p2a: Manaphy|spa|1
|-boost|p2a: Manaphy|spd|1
|move|p1a: Volcanion|Sludge Wave|p2a: Manaphy
|-damage|p2a: Manaphy|81/100
|
|-heal|p2a: Manaphy|87/100|[from] item: Leftovers
|upkeep
|turn|8
|
|t:|1760315543
|switch|p1a: Iron Hands|Iron Hands|100/100
|move|p2a: Manaphy|Acid Armor|p2a: Manaphy
|-boost|p2a: Manaphy|def|2
|
|-heal|p2a: Manaphy|93/100|[from] item: Leftovers
|-sideend|p2: Johnny tots|Reflect
|upkeep
|turn|9
|
|t:|1760315554
|-terastallize|p2a: Manaphy|Grass
|move|p2a: Manaphy|Acid Armor|p2a: Manaphy
|-boost|p2a: Manaphy|def|2
|move|p1a: Iron Hands|Swords Dance|p1a: Iron Hands
|-boost|p1a: Iron Hands|atk|2
|
|-heal|p2a: Manaphy|99/100|[from] item: Leftovers
|upkeep
|turn|10
|
|t:|1760315557
|move|p2a: Manaphy|Stored Power|p1a: Iron Hands
|-supereffective|p1a: Iron Hands
|-damage|p1a: Iron Hands|0 fnt
|faint|p1a: Iron Hands
|-end|p1a: Iron Hands|Quark Drive|[silent]
|
|-heal|p2a: Manaphy|100/100|[from] item: Leftovers
|upkeep
|
|t:|1760315564
|switch|p1a: Cinderace|Cinderace, M|100/100
|turn|11
|
|t:|1760315567
|move|p1a: Cinderace|Pyro Ball|p2a: Manaphy
|-supereffective|p2a: Manaphy
|-damage|p2a: Manaphy|64/100
|move|p2a: Manaphy|Scald|p1a: Cinderace
|-supereffective|p1a: Cinderace
|-enditem|p1a: Cinderace|Focus Sash
|-damage|p1a: Cinderace|1/100
|
|-heal|p2a: Manaphy|70/100|[from] item: Leftovers
|upkeep
|turn|12
|
|t:|1760315587
|switch|p2a: Clefable|Clefable, F|100/100
|move|p1a: Cinderace|Pyro Ball|p2a: Clefable|[miss]
|-miss|p1a: Cinderace|p2a: Clefable
|
|upkeep
|turn|13
|
|t:|1760315591
|switch|p1a: Volcanion|Volcanion|100/100
|move|p2a: Clefable|Moonblast|p1a: Volcanion
|-resisted|p1a: Volcanion
|-damage|p1a: Volcanion|80/100
|
|upkeep
|turn|14
|
|t:|1760315596
|move|p1a: Volcanion|Flamethrower|p2a: Clefable
|-damage|p2a: Clefable|53/100
|move|p2a: Clefable|Moonblast|p1a: Volcanion
|-resisted|p1a: Volcanion
|-damage|p1a: Volcanion|61/100
|
|-heal|p2a: Clefable|59/100|[from] item: Leftovers
|upkeep
|turn|15
|
|t:|1760315599
|move|p1a: Volcanion|Sludge Wave|p2a: Clefable
|-supereffective|p2a: Clefable
|-damage|p2a: Clefable|0 fnt
|faint|p2a: Clefable
|
|upkeep
|
|t:|1760315602
|switch|p2a: Klefki|Klefki, F|51/100
|turn|16
|
|t:|1760315617
|switch|p1a: Cinderace|Cinderace, M|1/100
|move|p2a: Klefki|Light Screen|p2a: Klefki
|-sidestart|p2: Johnny tots|move: Light Screen
|
|upkeep
|turn|17
|
|t:|1760315623
|move|p2a: Klefki|Thunder Wave|p1a: Cinderace
|-status|p1a: Cinderace|par
|move|p1a: Cinderace|Pyro Ball|p2a: Klefki
|-supereffective|p2a: Klefki
|-damage|p2a: Klefki|0 fnt
|faint|p2a: Klefki
|
|upkeep
|
|t:|1760315641
|switch|p2a: Ogerpon|Ogerpon-Wellspring, F|82/100
|turn|18
|
|t:|1760315645
|move|p2a: Ogerpon|Ivy Cudgel|p1a: Cinderace|[anim] Ivy Cudgel Water
|-supereffective|p1a: Cinderace
|-crit|p1a: Cinderace
|-damage|p1a: Cinderace|0 fnt
|faint|p1a: Cinderace
|
|upkeep
|
|t:|1760315651
|switch|p1a: Volcanion|Volcanion|61/100
|turn|19
|
|t:|1760315653
|move|p2a: Ogerpon|Power Whip|p1a: Volcanion
|-damage|p1a: Volcanion|4/100
|move|p1a: Volcanion|Sludge Wave|p2a: Ogerpon
|-supereffective|p2a: Ogerpon
|-crit|p2a: Ogerpon
|-damage|p2a: Ogerpon|0 fnt
|faint|p2a: Ogerpon
|
|upkeep
|
|t:|1760315664
|switch|p2a: Rillaboom|Rillaboom, M|100/100
|-fieldstart|move: Grassy Terrain|[from] ability: Grassy Surge|[of] p2a: Rillaboom
|turn|20
|
|t:|1760315671
|move|p2a: Rillaboom|Grassy Glide|p1a: Volcanion
|-damage|p1a: Volcanion|0 fnt
|faint|p1a: Volcanion
|
|upkeep
|
|t:|1760315681
|switch|p1a: Kingambit|Kingambit, M|100/100
|-activate|p1a: Kingambit|ability: Supreme Overlord
|-start|p1a: Kingambit|fallen3|[silent]
|turn|21
|
|t:|1760315684
|-terastallize|p1a: Kingambit|Fire
|move|p2a: Rillaboom|Bulk Up|p2a: Rillaboom
|-boost|p2a: Rillaboom|atk|1
|-boost|p2a: Rillaboom|def|1
|move|p1a: Kingambit|Swords Dance|p1a: Kingambit
|-boost|p1a: Kingambit|atk|2
|
|upkeep
|turn|22
|
|t:|1760315689
|move|p2a: Rillaboom|High Horsepower|p1a: Kingambit
|-supereffective|p1a: Kingambit
|-damage|p1a: Kingambit|22/100
|move|p1a: Kingambit|Kowtow Cleave|p2a: Rillaboom
|-damage|p2a: Rillaboom|6/100
|
|-heal|p2a: Rillaboom|12/100|[from] Grassy Terrain
|-heal|p1a: Kingambit|28/100|[from] Grassy Terrain
|upkeep
|turn|23
|
|t:|1760315701
|-end|p1a: Kingambit|fallen3|[silent]
|switch|p1a: Rhyperior|Rhyperior, F, shiny|100/100
|move|p2a: Rillaboom|High Horsepower|p1a: Rhyperior
|-supereffective|p1a: Rhyperior
|-damage|p1a: Rhyperior|46/100
|
|-heal|p2a: Rillaboom|18/100|[from] Grassy Terrain
|-heal|p1a: Rhyperior|52/100|[from] Grassy Terrain
|-sideend|p2: Johnny tots|move: Light Screen
|upkeep
|turn|24
|
|t:|1760315707
|move|p2a: Rillaboom|Grassy Glide|p1a: Rhyperior
|-supereffective|p1a: Rhyperior
|-damage|p1a: Rhyperior|0 fnt
|faint|p1a: Rhyperior
|
|-heal|p2a: Rillaboom|24/100|[from] Grassy Terrain
|upkeep
|
|t:|1760315708
|switch|p1a: Enamorus|Enamorus, F|100/100
|turn|25
|
|t:|1760315714
|move|p2a: Rillaboom|Grassy Glide|p1a: Enamorus
|-resisted|p1a: Enamorus
|-damage|p1a: Enamorus|52/100
|move|p1a: Enamorus|Moonblast|p2a: Rillaboom
|-damage|p2a: Rillaboom|0 fnt
|faint|p2a: Rillaboom
|
|upkeep
|
|t:|1760315723
|switch|p2a: Manaphy|Manaphy, tera:Grass|70/100
|turn|26
|
|t:|1760315724
|move|p1a: Enamorus|Mystical Fire|p2a: Manaphy
|-supereffective|p2a: Manaphy
|-damage|p2a: Manaphy|19/100
|-unboost|p2a: Manaphy|spa|1
|move|p2a: Manaphy|Scald|p1a: Enamorus
|-damage|p1a: Enamorus|20/100
|
|-heal|p2a: Manaphy|25/100|[from] Grassy Terrain
|-heal|p2a: Manaphy|31/100|[from] item: Leftovers
|upkeep
|turn|27
|
|t:|1760315727
|move|p1a: Enamorus|Mystical Fire|p2a: Manaphy
|-supereffective|p2a: Manaphy
|-damage|p2a: Manaphy|0 fnt
|faint|p2a: Manaphy
|
|win|ChickenTalk2006
|raw|ChickenTalk2006's rating: 1648 &rarr; <strong>1678</strong><br />(+30 for winning)
|raw|Johnny tots's rating: 1845 &rarr; <strong>1815</strong><br />(-30 for losing)
|c| sasukejawls|YO
|c| sasukejawls|WHAT IVS IS UR MANAPHY
|l|☆ChickenTalk2006
|player|p1|
|j|☆ChickenTalk2006
|player|p1|ChickenTalk2006|galacticgrunt|
|l|☆Johnny tots
|player|p2|
|l|☆ChickenTalk2006
|player|p1|
|c| sasukejawls|THAT LOOKS REALLY BULKY
|l| sasukejawls
