|j|☆WhenZero
|j|☆Jirashi No Ko ☆
|t:|1760364211
|gametype|singles
|player|p1|WhenZero|2|1349
|player|p2|Jirashi No Ko ☆|dawn-gen4pt|1394
|gen|9
|tier|[Gen 9] OU
|rated|
|rule|HP Percentage Mod: HP is shown in percentages
|rule|Endless Battle Clause: Forcing endless battles is banned
|rule|Species Clause: Limit one of each Pokémon
|rule|OHKO Clause: OHKO moves are banned
|rule|Evasion Items Clause: Evasion items are banned
|rule|Evasion Moves Clause: Evasion moves are banned
|rule|Evasion Abilities Clause: Evasion abilities are banned
|rule|Sleep Moves Clause: Sleep-inducing moves are banned
|clearpoke
|poke|p1|Rillaboom, F|
|poke|p1|Garchomp, F|
|poke|p1|Darkrai|
|poke|p1|Iron Crown|
|poke|p1|Hatterene, F|
|poke|p1|Alomomola, F|
|poke|p2|Phione|
|poke|p2|Corviknight, F|
|poke|p2|Iron Treads|
|poke|p2|Rillaboom, F|
|poke|p2|Darkrai|
|poke|p2|Moltres|
|teampreview
|inactive|Battle timer is ON: inactive players will automatically lose when time's up. (requested by WhenZero)
|j| ThunderstorM520
|
|t:|1760364235
|teamsize|p1|6
|teamsize|p2|6
|start
|switch|p1a: Iron Crown|Iron Crown|100/100
|switch|p2a: Darkrai|Darkrai|100/100
|turn|1
|
|t:|1760364246
|move|p2a: Darkrai|Knock Off|p1a: Iron Crown
|-supereffective|p1a: Iron Crown
|-damage|p1a: Iron Crown|43/100
|-enditem|p1a: Iron Crown|Choice Specs|[from] move: Knock Off|[of] p2a: Darkrai
|move|p1a: Iron Crown|Focus Blast|p2a: Darkrai
|-supereffective|p2a: Darkrai
|-damage|p2a: Darkrai|1/100
|
|upkeep
|turn|2
|
|t:|1760364260
|-end|p1a: Iron Crown|Quark Drive|[silent]
|switch|p1a: Garchomp|Garchomp, F|100/100
|move|p2a: Darkrai|Dark Pulse|p1a: Garchomp
|-damage|p1a: Garchomp|58/100
|
|upkeep
|turn|3
|
|t:|1760364268
|switch|p1a: Alomomola|Alomomola, F|100/100
|move|p2a: Darkrai|Ice Beam|p1a: Alomomola
|-resisted|p1a: Alomomola
|-damage|p1a: Alomomola|92/100
|
|upkeep
|turn|4
|
|t:|1760364273
|switch|p2a: Rillaboom|Rillaboom, F|100/100
|-fieldstart|move: Grassy Terrain|[from] ability: Grassy Surge|[of] p2a: Rillaboom
|move|p1a: Alomomola|Flip Turn|p2a: Rillaboom
|-resisted|p2a: Rillaboom
|-damage|p2a: Rillaboom|91/100
|
|t:|1760364279
|switch|p1a: Rillaboom|Rillaboom, F|100/100|[from] Flip Turn
|
|-heal|p2a: Rillaboom|97/100|[from] Grassy Terrain
|upkeep
|turn|5
|
|t:|1760364285
|switch|p2a: Moltres|Moltres|100/100
|move|p1a: Rillaboom|U-turn|p2a: Moltres
|-resisted|p2a: Moltres
|-damage|p2a: Moltres|94/100
|
|t:|1760364293
|switch|p1a: Alomomola|Alomomola, F|100/100|[from] U-turn
|
|upkeep
|turn|6
|
|t:|1760364297
|move|p2a: Moltres|Will-O-Wisp|p1a: Alomomola
|-status|p1a: Alomomola|brn
|move|p1a: Alomomola|Scald|p2a: Moltres
|-supereffective|p2a: Moltres
|-damage|p2a: Moltres|73/100
|
|-damage|p1a: Alomomola|94/100 brn|[from] brn
|upkeep
|turn|7
|
|t:|1760364306
|move|p2a: Moltres|U-turn|p1a: Alomomola
|-damage|p1a: Alomomola|85/100 brn
|
|t:|1760364308
|switch|p2a: Phione|Phione, shiny|100/100|[from] U-turn
|move|p1a: Alomomola|Mirror Coat||[still]
|-fail|p1a: Alomomola
|
|-heal|p1a: Alomomola|91/100 brn|[from] Grassy Terrain
|-damage|p1a: Alomomola|85/100 brn|[from] brn
|upkeep
|turn|8
|
|t:|1760364315
|move|p2a: Phione|Substitute|p2a: Phione
|-start|p2a: Phione|Substitute
|-damage|p2a: Phione|76/100
|move|p1a: Alomomola|Flip Turn|p2a: Phione
|-resisted|p2a: Phione
|-activate|p2a: Phione|move: Substitute|[damage]
|
|t:|1760364321
|switch|p1a: Rillaboom|Rillaboom, F|100/100|[from] Flip Turn
|
|-heal|p2a: Phione|82/100|[from] Grassy Terrain
|-heal|p2a: Phione|88/100|[from] item: Leftovers
|-fieldend|move: Grassy Terrain
|upkeep
|turn|9
|
|t:|1760364325
|switch|p2a: Moltres|Moltres|73/100
|move|p1a: Rillaboom|Wood Hammer|p2a: Moltres
|-resisted|p2a: Moltres
|-damage|p2a: Moltres|59/100
|-status|p1a: Rillaboom|brn|[from] ability: Flame Body|[of] p2a: Moltres
|-damage|p1a: Rillaboom|95/100 brn|[from] Recoil
|
|-damage|p1a: Rillaboom|89/100 brn|[from] brn
|upkeep
|turn|10
|
|t:|1760364337
|switch|p1a: Alomomola|Alomomola, F|100/100 brn
|move|p2a: Moltres|Roost|p2a: Moltres
|-heal|p2a: Moltres|100/100
|-singleturn|p2a: Moltres|move: Roost
|
|-damage|p1a: Alomomola|94/100 brn|[from] brn
|upkeep
|turn|11
|
|t:|1760364345
|switch|p2a: Rillaboom|Rillaboom, F|97/100
|-fieldstart|move: Grassy Terrain|[from] ability: Grassy Surge|[of] p2a: Rillaboom
|move|p1a: Alomomola|Flip Turn|p2a: Rillaboom
|-resisted|p2a: Rillaboom
|-damage|p2a: Rillaboom|93/100
|
|t:|1760364351
|switch|p1a: Darkrai|Darkrai|100/100|[from] Flip Turn
|
|-heal|p2a: Rillaboom|99/100|[from] Grassy Terrain
|upkeep
|turn|12
|
|t:|1760364376
|switch|p2a: Iron Treads|Iron Treads|100/100
|-terastallize|p1a: Darkrai|Poison
|move|p1a: Darkrai|Will-O-Wisp|p2a: Iron Treads|[miss]
|-miss|p1a: Darkrai|p2a: Iron Treads
|
|upkeep
|turn|13
|
|t:|1760364384
|switch|p1a: Garchomp|Garchomp, F|58/100
|move|p2a: Iron Treads|Knock Off|p1a: Garchomp
|-crit|p1a: Garchomp
|-damage|p1a: Garchomp|35/100
|-damage|p2a: Iron Treads|88/100|[from] ability: Rough Skin|[of] p1a: Garchomp
|-damage|p2a: Iron Treads|72/100|[from] item: Rocky Helmet|[of] p1a: Garchomp
|-enditem|p1a: Garchomp|Rocky Helmet|[from] move: Knock Off|[of] p2a: Iron Treads
|
|-heal|p2a: Iron Treads|78/100|[from] Grassy Terrain
|-heal|p2a: Iron Treads|84/100|[from] item: Leftovers
|-heal|p1a: Garchomp|41/100|[from] Grassy Terrain
|upkeep
|turn|14
|
|t:|1760364391
|-end|p2a: Iron Treads|Quark Drive|[silent]
|switch|p2a: Corviknight|Corviknight, F|100/100
|-ability|p2a: Corviknight|Pressure
|move|p1a: Garchomp|Stealth Rock|p2a: Corviknight
|-sidestart|p2: Jirashi No Ko ☆|move: Stealth Rock
|
|-heal|p1a: Garchomp|47/100|[from] Grassy Terrain
|upkeep
|turn|15
|
|t:|1760364398
|switch|p1a: Darkrai|Darkrai, tera:Poison|100/100
|move|p2a: Corviknight|Iron Defense|p2a: Corviknight
|-boost|p2a: Corviknight|def|2
|
|-fieldend|move: Grassy Terrain
|upkeep
|turn|16
|inactive|Jirashi No Ko ☆ has 120 seconds left.
|
|t:|1760364431
|switch|p2a: Iron Treads|Iron Treads|84/100
|-damage|p2a: Iron Treads|81/100|[from] Stealth Rock
|move|p1a: Darkrai|Will-O-Wisp|p2a: Iron Treads
|-status|p2a: Iron Treads|brn
|
|-heal|p2a: Iron Treads|87/100 brn|[from] item: Leftovers
|-damage|p2a: Iron Treads|81/100 brn|[from] brn
|upkeep
|turn|17
|
|t:|1760364443
|switch|p1a: Garchomp|Garchomp, F|47/100
|move|p2a: Iron Treads|Rapid Spin|p1a: Garchomp
|-damage|p1a: Garchomp|44/100
|-boost|p2a: Iron Treads|spe|1
|-damage|p2a: Iron Treads|69/100 brn|[from] ability: Rough Skin|[of] p1a: Garchomp
|-sideend|p2: Jirashi No Ko ☆|Stealth Rock|[from] move: Rapid Spin|[of] p2a: Iron Treads
|
|-heal|p2a: Iron Treads|75/100 brn|[from] item: Leftovers
|-damage|p2a: Iron Treads|69/100 brn|[from] brn
|upkeep
|turn|18
|
|t:|1760364453
|-end|p2a: Iron Treads|Quark Drive|[silent]
|switch|p2a: Moltres|Moltres|100/100
|move|p1a: Garchomp|Stealth Rock|p2a: Moltres
|-sidestart|p2: Jirashi No Ko ☆|move: Stealth Rock
|
|upkeep
|turn|19
|
|t:|1760364461
|switch|p1a: Alomomola|Alomomola, F|100/100 brn
|move|p2a: Moltres|U-turn|p1a: Alomomola
|-damage|p1a: Alomomola|91/100 brn
|
|t:|1760364465
|switch|p2a: Rillaboom|Rillaboom, F|99/100|[from] U-turn
|-damage|p2a: Rillaboom|87/100|[from] Stealth Rock
|-fieldstart|move: Grassy Terrain|[from] ability: Grassy Surge|[of] p2a: Rillaboom
|
|-heal|p2a: Rillaboom|93/100|[from] Grassy Terrain
|-heal|p1a: Alomomola|97/100 brn|[from] Grassy Terrain
|-damage|p1a: Alomomola|91/100 brn|[from] brn
|upkeep
|turn|20
|
|t:|1760364470
|switch|p1a: Iron Crown|Iron Crown|43/100
|move|p2a: Rillaboom|Wood Hammer|p1a: Iron Crown
|-resisted|p1a: Iron Crown
|-damage|p1a: Iron Crown|0 fnt
|faint|p1a: Iron Crown
|-end|p1a: Iron Crown|Quark Drive|[silent]
|-damage|p2a: Rillaboom|80/100|[from] Recoil
|
|-heal|p2a: Rillaboom|86/100|[from] Grassy Terrain
|upkeep
|
|t:|1760364480
|switch|p1a: Darkrai|Darkrai, tera:Poison|100/100
|turn|21
|
|t:|1760364494
|switch|p2a: Moltres|Moltres|100/100
|move|p1a: Darkrai|Nasty Plot|p1a: Darkrai
|-boost|p1a: Darkrai|spa|2
|
|upkeep
|turn|22
|
|t:|1760364504
|move|p1a: Darkrai|Sludge Bomb|p2a: Moltres
|-damage|p2a: Moltres|25/100
|move|p2a: Moltres|Flamethrower|p1a: Darkrai
|-damage|p1a: Darkrai|55/100
|
|-heal|p1a: Darkrai|61/100|[from] Grassy Terrain
|-heal|p1a: Darkrai|67/100|[from] item: Leftovers
|upkeep
|turn|23
|
|t:|1760364516
|switch|p2a: Iron Treads|Iron Treads|69/100 brn
|-damage|p2a: Iron Treads|66/100 brn|[from] Stealth Rock
|move|p1a: Darkrai|Nasty Plot|p1a: Darkrai
|-boost|p1a: Darkrai|spa|2
|
|-heal|p1a: Darkrai|73/100|[from] Grassy Terrain
|-heal|p1a: Darkrai|79/100|[from] item: Leftovers
|-heal|p2a: Iron Treads|72/100 brn|[from] Grassy Terrain
|-heal|p2a: Iron Treads|78/100 brn|[from] item: Leftovers
|-damage|p2a: Iron Treads|72/100 brn|[from] brn
|-fieldend|move: Grassy Terrain
|upkeep
|turn|24
|
|t:|1760364523
|move|p1a: Darkrai|Dark Pulse|p2a: Iron Treads
|-damage|p2a: Iron Treads|0 fnt
|faint|p2a: Iron Treads
|-end|p2a: Iron Treads|Quark Drive|[silent]
|
|-heal|p1a: Darkrai|85/100|[from] item: Leftovers
|upkeep
|
|t:|1760364534
|switch|p2a: Darkrai|Darkrai|1/100
|turn|25
|
|t:|1760364538
|move|p2a: Darkrai|Dark Pulse|p1a: Darkrai
|-damage|p1a: Darkrai|25/100
|cant|p1a: Darkrai|flinch
|
|-heal|p1a: Darkrai|31/100|[from] item: Leftovers
|upkeep
|turn|26
|
|t:|1760364548
|move|p1a: Darkrai|Sludge Bomb|p2a: Darkrai
|-damage|p2a: Darkrai|0 fnt
|faint|p2a: Darkrai
|
|-heal|p1a: Darkrai|37/100|[from] item: Leftovers
|upkeep
|
|t:|1760364551
|switch|p2a: Rillaboom|Rillaboom, F|86/100
|-damage|p2a: Rillaboom|74/100|[from] Stealth Rock
|-fieldstart|move: Grassy Terrain|[from] ability: Grassy Surge|[of] p2a: Rillaboom
|turn|27
|
|t:|1760364566
|switch|p1a: Garchomp|Garchomp, F|44/100
|-terastallize|p2a: Rillaboom|Grass
|move|p2a: Rillaboom|Grassy Glide|p1a: Garchomp
|-damage|p1a: Garchomp|0 fnt
|-damage|p2a: Rillaboom|61/100|[from] ability: Rough Skin|[of] p1a: Garchomp
|faint|p1a: Garchomp
|
|-heal|p2a: Rillaboom|68/100|[from] Grassy Terrain
|upkeep
|
|t:|1760364578
|switch|p1a: Rillaboom|Rillaboom, F|89/100 brn
|turn|28
|
|t:|1760364584
|switch|p2a: Corviknight|Corviknight, F|100/100
|-damage|p2a: Corviknight|88/100|[from] Stealth Rock
|-ability|p2a: Corviknight|Pressure
|move|p1a: Rillaboom|U-turn|p2a: Corviknight
|-resisted|p2a: Corviknight
|-damage|p2a: Corviknight|86/100
|
|t:|1760364590
|switch|p1a: Darkrai|Darkrai, tera:Poison|37/100|[from] U-turn
|
|-heal|p1a: Darkrai|43/100|[from] Grassy Terrain
|-heal|p1a: Darkrai|49/100|[from] item: Leftovers
|-heal|p2a: Corviknight|92/100|[from] item: Leftovers
|upkeep
|turn|29
|
|t:|1760364597
|move|p1a: Darkrai|Will-O-Wisp|p2a: Corviknight
|-status|p2a: Corviknight|brn
|move|p2a: Corviknight|Body Press|p1a: Darkrai
|-resisted|p1a: Darkrai
|-damage|p1a: Darkrai|41/100
|
|-heal|p1a: Darkrai|47/100|[from] Grassy Terrain
|-heal|p1a: Darkrai|53/100|[from] item: Leftovers
|-heal|p2a: Corviknight|99/100 brn|[from] item: Leftovers
|-damage|p2a: Corviknight|92/100 brn|[from] brn
|upkeep
|turn|30
|
|t:|1760364606
|move|p1a: Darkrai|Dark Pulse|p2a: Corviknight
|-crit|p2a: Corviknight
|-damage|p2a: Corviknight|31/100 brn
|cant|p2a: Corviknight|flinch
|
|-heal|p1a: Darkrai|59/100|[from] Grassy Terrain
|-heal|p1a: Darkrai|65/100|[from] item: Leftovers
|-heal|p2a: Corviknight|37/100 brn|[from] item: Leftovers
|-damage|p2a: Corviknight|31/100 brn|[from] brn
|upkeep
|turn|31
|
|t:|1760364623
|move|p1a: Darkrai|Nasty Plot|p1a: Darkrai
|-boost|p1a: Darkrai|spa|2
|move|p2a: Corviknight|U-turn|p1a: Darkrai
|-resisted|p1a: Darkrai
|-damage|p1a: Darkrai|60/100
|
|t:|1760364628
|switch|p2a: Phione|Phione, shiny|88/100|[from] U-turn
|-damage|p2a: Phione|75/100|[from] Stealth Rock
|
|-heal|p1a: Darkrai|66/100|[from] Grassy Terrain
|-heal|p1a: Darkrai|72/100|[from] item: Leftovers
|-heal|p2a: Phione|81/100|[from] Grassy Terrain
|-heal|p2a: Phione|87/100|[from] item: Leftovers
|-fieldend|move: Grassy Terrain
|upkeep
|turn|32
|
|t:|1760364637
|move|p1a: Darkrai|Sludge Bomb|p2a: Phione
|-damage|p2a: Phione|0 fnt
|faint|p2a: Phione
|
|-heal|p1a: Darkrai|78/100|[from] item: Leftovers
|upkeep
|c|☆Jirashi No Ko ☆|ggs
|-message|Jirashi No Ko ☆ forfeited.
|
|win|WhenZero
|raw|WhenZero's rating: 1349 &rarr; <strong>1372</strong><br />(+23 for winning)
|raw|Jirashi No Ko ☆'s rating: 1394 &rarr; <strong>1371</strong><br />(-23 for losing)
|c|☆WhenZero|gg
