|j|☆Samarand
|j|☆LAKWALL
|t:|1760444101
|gametype|singles
|player|p1|Samarand|policeman|1072
|player|p2|LAKWALL|parasollady-gen4|1110
|gen|9
|tier|[Gen 9] OU
|rated|
|rule|HP Percentage Mod: HP is shown in percentages
|rule|Endless Battle Clause: Forcing endless battles is banned
|rule|Species Clause: Limit one of each Pokémon
|rule|OHKO Clause: OHKO moves are banned
|rule|Evasion Items Clause: Evasion items are banned
|rule|Evasion Moves Clause: Evasion moves are banned
|rule|Evasion Abilities Clause: Evasion abilities are banned
|rule|Sleep Moves Clause: Sleep-inducing moves are banned
|clearpoke
|poke|p1|Gastrodon, F|
|poke|p1|Delphox, M|
|poke|p1|Chesnaught, M|
|poke|p1|Ninetales, F|
|poke|p1|Glimmora, F|
|poke|p1|Great Tusk|
|poke|p2|Dragonite, M|
|poke|p2|Gholdengo|
|poke|p2|Iron Moth|
|poke|p2|Kingambit, M|
|poke|p2|Ogerpon-Wellspring, F|
|poke|p2|Garchomp, M|
|teampreview
|
|t:|1760444150
|teamsize|p1|6
|teamsize|p2|6
|start
|switch|p1a: Gastrodon|Gastrodon, F|100/100
|switch|p2a: Garchomp|Garchomp, M|100/100
|turn|1
|
|t:|1760444153
|move|p2a: Garchomp|Stealth Rock|p1a: Gastrodon
|-sidestart|p1: Samarand|move: Stealth Rock
|move|p1a: Gastrodon|Stealth Rock|p2a: Garchomp
|-sidestart|p2: LAKWALL|move: Stealth Rock
|
|upkeep
|turn|2
|
|t:|1760444159
|move|p2a: Garchomp|Spikes|p1a: Gastrodon
|-sidestart|p1: Samarand|Spikes
|move|p1a: Gastrodon|Spikes|p2a: Garchomp
|-sidestart|p2: LAKWALL|Spikes
|
|upkeep
|turn|3
|
|t:|1760444162
|move|p2a: Garchomp|Spikes|p1a: Gastrodon
|-sidestart|p1: Samarand|Spikes
|move|p1a: Gastrodon|Spikes|p2a: Garchomp
|-sidestart|p2: LAKWALL|Spikes
|
|upkeep
|turn|4
|
|t:|1760444168
|move|p2a: Garchomp|Spikes|p1a: Gastrodon
|-sidestart|p1: Samarand|Spikes
|move|p1a: Gastrodon|Spikes|p2a: Garchomp
|-sidestart|p2: LAKWALL|Spikes
|
|upkeep
|turn|5
|
|t:|1760444171
|move|p1a: Gastrodon|Ancient Power|p2a: Garchomp
|-resisted|p2a: Garchomp
|-damage|p2a: Garchomp|95/100
|move|p2a: Garchomp|Dragon Tail|p1a: Gastrodon
|-damage|p1a: Gastrodon|71/100
|drag|p1a: Ninetales|Ninetales, F|100/100
|-weather|SunnyDay|[from] ability: Drought|[of] p1a: Ninetales
|
|-weather|SunnyDay|[upkeep]
|upkeep
|turn|6
|
|t:|1760444178
|move|p2a: Garchomp|Earthquake|p1a: Ninetales
|-supereffective|p1a: Ninetales
|-damage|p1a: Ninetales|3/100
|move|p1a: Ninetales|Will-O-Wisp|p2a: Garchomp|[miss]
|-miss|p1a: Ninetales|p2a: Garchomp
|
|-weather|SunnyDay|[upkeep]
|upkeep
|turn|7
|
|t:|1760444185
|move|p2a: Garchomp|Earthquake|p1a: Ninetales
|-supereffective|p1a: Ninetales
|-damage|p1a: Ninetales|0 fnt
|faint|p1a: Ninetales
|
|-weather|SunnyDay|[upkeep]
|upkeep
|
|t:|1760444191
|switch|p1a: Great Tusk|Great Tusk|100/100
|-damage|p1a: Great Tusk|98/100|[from] Stealth Rock
|-damage|p1a: Great Tusk|73/100|[from] Spikes
|-activate|p1a: Great Tusk|ability: Protosynthesis
|-start|p1a: Great Tusk|protosynthesisatk
|turn|8
|
|t:|1760444195
|-terastallize|p2a: Garchomp|Ghost
|move|p1a: Great Tusk|Knock Off|p2a: Garchomp
|-supereffective|p2a: Garchomp
|-damage|p2a: Garchomp|31/100
|-damage|p1a: Great Tusk|60/100|[from] ability: Rough Skin|[of] p2a: Garchomp
|-damage|p1a: Great Tusk|44/100|[from] item: Rocky Helmet|[of] p2a: Garchomp
|-enditem|p2a: Garchomp|Rocky Helmet|[from] move: Knock Off|[of] p1a: Great Tusk
|move|p2a: Garchomp|Dragon Tail|p1a: Great Tusk
|-damage|p1a: Great Tusk|27/100
|-end|p1a: Great Tusk|Protosynthesis|[silent]
|drag|p1a: Delphox|Delphox, M|100/100
|
|-weather|SunnyDay|[upkeep]
|upkeep
|turn|9
|
|t:|1760444205
|move|p1a: Delphox|Flamethrower|p2a: Garchomp
|-damage|p2a: Garchomp|0 fnt
|faint|p2a: Garchomp
|
|-weather|none
|upkeep
|
|t:|1760444215
|switch|p2a: Ogerpon|Ogerpon-Wellspring, F|100/100
|-damage|p2a: Ogerpon|88/100|[from] Stealth Rock
|-damage|p2a: Ogerpon|63/100|[from] Spikes
|turn|10
|
|t:|1760444219
|switch|p1a: Chesnaught|Chesnaught, M|100/100
|-damage|p1a: Chesnaught|94/100|[from] Stealth Rock
|-damage|p1a: Chesnaught|69/100|[from] Spikes
|move|p2a: Ogerpon|Ivy Cudgel|p1a: Chesnaught|[anim] Ivy Cudgel Water
|-resisted|p1a: Chesnaught
|-damage|p1a: Chesnaught|52/100
|
|upkeep
|turn|11
|
|t:|1760444225
|move|p2a: Ogerpon|Swords Dance|p2a: Ogerpon
|-boost|p2a: Ogerpon|atk|2
|move|p1a: Chesnaught|Synthesis|p1a: Chesnaught
|-heal|p1a: Chesnaught|100/100
|
|upkeep
|turn|12
|
|t:|1760444228
|move|p2a: Ogerpon|Power Whip|p1a: Chesnaught|[miss]
|-miss|p2a: Ogerpon|p1a: Chesnaught
|move|p1a: Chesnaught|Iron Defense|p1a: Chesnaught
|-boost|p1a: Chesnaught|def|2
|
|upkeep
|turn|13
|
|t:|1760444232
|switch|p2a: Iron Moth|Iron Moth|100/100
|-damage|p2a: Iron Moth|76/100|[from] Stealth Rock
|-damage|p2a: Iron Moth|51/100|[from] Spikes
|-enditem|p2a: Iron Moth|Booster Energy
|-activate|p2a: Iron Moth|ability: Quark Drive|[fromitem]
|-start|p2a: Iron Moth|quarkdrivespe
|move|p1a: Chesnaught|Iron Defense|p1a: Chesnaught
|-boost|p1a: Chesnaught|def|2
|
|upkeep
|turn|14
|
|t:|1760444235
|switch|p1a: Gastrodon|Gastrodon, F|71/100
|-damage|p1a: Gastrodon|65/100|[from] Stealth Rock
|-damage|p1a: Gastrodon|40/100|[from] Spikes
|move|p2a: Iron Moth|Substitute|p2a: Iron Moth
|-start|p2a: Iron Moth|Substitute
|-damage|p2a: Iron Moth|26/100
|
|upkeep
|turn|15
|
|t:|1760444240
|move|p2a: Iron Moth|Fiery Dance|p1a: Gastrodon
|-resisted|p1a: Gastrodon
|-damage|p1a: Gastrodon|27/100
|-boost|p2a: Iron Moth|spa|1
|move|p1a: Gastrodon|Recover|p1a: Gastrodon
|-heal|p1a: Gastrodon|77/100
|
|upkeep
|turn|16
|
|t:|1760444243
|move|p2a: Iron Moth|Dazzling Gleam|p1a: Gastrodon
|-damage|p1a: Gastrodon|53/100
|move|p1a: Gastrodon|Ancient Power|p2a: Iron Moth
|-supereffective|p2a: Iron Moth
|-end|p2a: Iron Moth|Substitute
|
|upkeep
|turn|17
|
|t:|1760444247
|move|p2a: Iron Moth|Dazzling Gleam|p1a: Gastrodon
|-damage|p1a: Gastrodon|24/100
|move|p1a: Gastrodon|Ancient Power|p2a: Iron Moth
|-supereffective|p2a: Iron Moth
|-damage|p2a: Iron Moth|0 fnt
|-boost|p1a: Gastrodon|atk|1
|-boost|p1a: Gastrodon|def|1
|-boost|p1a: Gastrodon|spa|1
|-boost|p1a: Gastrodon|spd|1
|-boost|p1a: Gastrodon|spe|1
|faint|p2a: Iron Moth
|-end|p2a: Iron Moth|Quark Drive|[silent]
|
|upkeep
|
|t:|1760444255
|switch|p2a: Ogerpon|Ogerpon-Wellspring, F|63/100
|-damage|p2a: Ogerpon|51/100|[from] Stealth Rock
|-damage|p2a: Ogerpon|26/100|[from] Spikes
|turn|18
|
|t:|1760444263
|move|p2a: Ogerpon|Trailblaze|p1a: Gastrodon
|-supereffective|p1a: Gastrodon
|-damage|p1a: Gastrodon|0 fnt
|-boost|p2a: Ogerpon|spe|1
|faint|p1a: Gastrodon
|
|upkeep
|
|t:|1760444268
|switch|p1a: Chesnaught|Chesnaught, M|100/100
|-damage|p1a: Chesnaught|94/100|[from] Stealth Rock
|-damage|p1a: Chesnaught|69/100|[from] Spikes
|turn|19
|
|t:|1760444271
|switch|p2a: Dragonite|Dragonite, M, shiny|100/100
|-damage|p2a: Dragonite|76/100|[from] Stealth Rock
|move|p1a: Chesnaught|Body Press|p2a: Dragonite
|-resisted|p2a: Dragonite
|-damage|p2a: Dragonite|51/100
|
|upkeep
|turn|20
|
|t:|1760444282
|move|p2a: Dragonite|Dragon Dance|p2a: Dragonite
|-boost|p2a: Dragonite|atk|1
|-boost|p2a: Dragonite|spe|1
|move|p1a: Chesnaught|Iron Defense|p1a: Chesnaught
|-boost|p1a: Chesnaught|def|2
|
|upkeep
|turn|21
|
|t:|1760444290
|-terastallize|p1a: Chesnaught|Poison
|move|p2a: Dragonite|Encore|p1a: Chesnaught
|-start|p1a: Chesnaught|Encore
|move|p1a: Chesnaught|Iron Defense|p1a: Chesnaught
|-boost|p1a: Chesnaught|def|2
|
|upkeep
|turn|22
|
|t:|1760444295
|move|p2a: Dragonite|Dragon Dance|p2a: Dragonite
|-boost|p2a: Dragonite|atk|1
|-boost|p2a: Dragonite|spe|1
|move|p1a: Chesnaught|Iron Defense|p1a: Chesnaught
|-boost|p1a: Chesnaught|def|2
|
|upkeep
|turn|23
|
|t:|1760444299
|move|p2a: Dragonite|Scale Shot|p1a: Chesnaught
|-damage|p1a: Chesnaught|65/100
|-damage|p1a: Chesnaught|60/100
|-damage|p1a: Chesnaught|56/100
|-damage|p1a: Chesnaught|51/100
|-damage|p1a: Chesnaught|46/100
|-hitcount|p1a: Chesnaught|5
|-unboost|p2a: Dragonite|def|1
|-boost|p2a: Dragonite|spe|1
|move|p1a: Chesnaught|Iron Defense|p1a: Chesnaught
|-boost|p1a: Chesnaught|def|0
|
|-end|p1a: Chesnaught|Encore
|upkeep
|turn|24
|
|t:|1760444304
|move|p2a: Dragonite|Encore|p1a: Chesnaught
|-start|p1a: Chesnaught|Encore
|move|p1a: Chesnaught|Iron Defense|p1a: Chesnaught
|-boost|p1a: Chesnaught|def|0
|
|upkeep
|turn|25
|
|t:|1760444309
|move|p2a: Dragonite|Scale Shot|p1a: Chesnaught
|-damage|p1a: Chesnaught|42/100
|-damage|p1a: Chesnaught|37/100
|-damage|p1a: Chesnaught|33/100
|-damage|p1a: Chesnaught|29/100
|-hitcount|p1a: Chesnaught|4
|-unboost|p2a: Dragonite|def|1
|-boost|p2a: Dragonite|spe|1
|move|p1a: Chesnaught|Iron Defense|p1a: Chesnaught
|-boost|p1a: Chesnaught|def|0
|
|upkeep
|turn|26
|
|t:|1760444311
|move|p2a: Dragonite|Scale Shot|p1a: Chesnaught
|-damage|p1a: Chesnaught|24/100
|-damage|p1a: Chesnaught|19/100
|-damage|p1a: Chesnaught|15/100
|-damage|p1a: Chesnaught|10/100
|-hitcount|p1a: Chesnaught|4
|-unboost|p2a: Dragonite|def|1
|-boost|p2a: Dragonite|spe|1
|move|p1a: Chesnaught|Iron Defense|p1a: Chesnaught
|-boost|p1a: Chesnaught|def|0
|
|-end|p1a: Chesnaught|Encore
|upkeep
|turn|27
|
|t:|1760444317
|move|p2a: Dragonite|Encore|p1a: Chesnaught
|-start|p1a: Chesnaught|Encore
|move|p1a: Chesnaught|Iron Defense|p1a: Chesnaught
|-boost|p1a: Chesnaught|def|0
|
|upkeep
|turn|28
|
|t:|1760444319
|move|p2a: Dragonite|Fire Punch|p1a: Chesnaught
|-damage|p1a: Chesnaught|2/100
|-damage|p2a: Dragonite|35/100|[from] item: Rocky Helmet|[of] p1a: Chesnaught
|move|p1a: Chesnaught|Iron Defense|p1a: Chesnaught
|-boost|p1a: Chesnaught|def|0
|
|upkeep
|turn|29
|
|t:|1760444322
|move|p2a: Dragonite|Scale Shot|p1a: Chesnaught
|-damage|p1a: Chesnaught|0 fnt
|faint|p1a: Chesnaught
|-hitcount|p1: Chesnaught|1
|-unboost|p2a: Dragonite|def|1
|-boost|p2a: Dragonite|spe|1
|
|upkeep
|
|t:|1760444328
|switch|p1a: Glimmora|Glimmora, F|100/100
|-damage|p1a: Glimmora|88/100|[from] Stealth Rock
|-damage|p1a: Glimmora|63/100|[from] Spikes
|turn|30
|
|t:|1760444330
|move|p2a: Dragonite|Scale Shot|p1a: Glimmora
|-damage|p1a: Glimmora|35/100
|-activate|p1a: Glimmora|ability: Toxic Debris
|-sidestart|p2: LAKWALL|move: Toxic Spikes
|-damage|p1a: Glimmora|3/100
|-activate|p1a: Glimmora|ability: Toxic Debris
|-sidestart|p2: LAKWALL|move: Toxic Spikes
|-damage|p1a: Glimmora|0 fnt
|faint|p1a: Glimmora
|-hitcount|p1: Glimmora|3
|-unboost|p2a: Dragonite|def|1
|
|upkeep
|
|t:|1760444333
|switch|p1a: Great Tusk|Great Tusk|27/100
|-damage|p1a: Great Tusk|24/100|[from] Stealth Rock
|-damage|p1a: Great Tusk|0 fnt|[from] Spikes
|faint|p1a: Great Tusk
|-end|p1a: Great Tusk|Protosynthesis|[silent]
|-message|Samarand forfeited.
|
|win|LAKWALL
|raw|Samarand's rating: 1072 &rarr; <strong>1053</strong><br />(-19 for losing)
|raw|LAKWALL's rating: 1110 &rarr; <strong>1132</strong><br />(+22 for winning)
|l|☆Samarand
|player|p1|
