|j|☆darkcr7
|j|☆J2icy
|t:|1760331760
|gametype|singles
|player|p1|darkcr7|alder|1239
|player|p2|J2icy|266|1199
|gen|9
|tier|[Gen 9] OU
|rated|
|rule|HP Percentage Mod: HP is shown in percentages
|rule|Endless Battle Clause: Forcing endless battles is banned
|rule|Species Clause: Limit one of each Pokémon
|rule|OHKO Clause: OHKO moves are banned
|rule|Evasion Items Clause: Evasion items are banned
|rule|Evasion Moves Clause: Evasion moves are banned
|rule|Evasion Abilities Clause: Evasion abilities are banned
|rule|Sleep Moves Clause: Sleep-inducing moves are banned
|clearpoke
|poke|p1|Samurott-Hisui, F|
|poke|p1|Dragapult, M|
|poke|p1|Heatran, F|
|poke|p1|Pecharunt|
|poke|p1|Iron Boulder|
|poke|p1|Primarina, F|
|poke|p2|Blaziken, F|
|poke|p2|Zapdos|
|poke|p2|Primarina, F|
|poke|p2|Great Tusk|
|poke|p2|Rhyperior, F|
|poke|p2|Moltres|
|teampreview
|inactive|Battle timer is ON: inactive players will automatically lose when time's up. (requested by darkcr7)
|inactive|J2icy has 120 seconds left.
|inactive|J2icy has 90 seconds left.
|inactive|J2icy has 60 seconds left.
|
|t:|1760331865
|teamsize|p1|6
|teamsize|p2|6
|start
|switch|p1a: Primarina|Primarina, F|100/100
|switch|p2a: Rhyperior|Rhyperior, F|100/100
|turn|1
|
|t:|1760331874
|move|p1a: Primarina|Substitute|p1a: Primarina
|-start|p1a: Primarina|Substitute
|-damage|p1a: Primarina|75/100
|move|p2a: Rhyperior|Stealth Rock|p1a: Primarina
|-sidestart|p1: darkcr7|move: Stealth Rock
|
|-heal|p1a: Primarina|82/100|[from] item: Leftovers
|upkeep
|turn|2
|inactive|J2icy has 120 seconds left.
|
|t:|1760331906
|move|p1a: Primarina|Calm Mind|p1a: Primarina
|-boost|p1a: Primarina|spa|1
|-boost|p1a: Primarina|spd|1
|move|p2a: Rhyperior|Earthquake|p1a: Primarina
|-end|p1a: Primarina|Substitute
|
|-heal|p1a: Primarina|88/100|[from] item: Leftovers
|upkeep
|turn|3
|
|t:|1760331919
|move|p1a: Primarina|Surf|p2a: Rhyperior
|-supereffective|p2a: Rhyperior
|-enditem|p2a: Rhyperior|Focus Sash
|-damage|p2a: Rhyperior|1/100
|move|p2a: Rhyperior|Earthquake|p1a: Primarina
|-crit|p1a: Primarina
|-damage|p1a: Primarina|25/100
|
|-heal|p1a: Primarina|32/100|[from] item: Leftovers
|upkeep
|turn|4
|
|t:|1760331929
|move|p1a: Primarina|Draining Kiss|p2a: Rhyperior
|-damage|p2a: Rhyperior|0 fnt
|-heal|p1a: Primarina|32/100|[from] drain|[of] p2a: Rhyperior
|faint|p2a: Rhyperior
|
|-heal|p1a: Primarina|38/100|[from] item: Leftovers
|upkeep
|
|t:|1760331958
|switch|p2a: Zapdos|Zapdos, shiny|100/100
|turn|5
|
|t:|1760331962
|switch|p1a: Heatran|Heatran, F|100/100
|-damage|p1a: Heatran|88/100|[from] Stealth Rock
|move|p2a: Zapdos|Volt Switch|p1a: Heatran
|-damage|p1a: Heatran|70/100
|
|t:|1760331968
|switch|p2a: Blaziken|Blaziken, F, shiny|100/100|[from] Volt Switch
|
|-heal|p1a: Heatran|76/100|[from] item: Leftovers
|upkeep
|turn|6
|
|t:|1760331978
|switch|p2a: Moltres|Moltres|100/100
|move|p1a: Heatran|Stealth Rock|p2a: Moltres
|-sidestart|p2: J2icy|move: Stealth Rock
|
|-heal|p1a: Heatran|83/100|[from] item: Leftovers
|upkeep
|turn|7
|inactive|J2icy has 90 seconds left.
|inactive|J2icy has 60 seconds left.
|
|t:|1760332043
|switch|p1a: Samurott|Samurott-Hisui, F|100/100
|-damage|p1a: Samurott|88/100|[from] Stealth Rock
|move|p2a: Moltres|Roar|p1a: Samurott
|drag|p1a: Heatran|Heatran, F|83/100
|-damage|p1a: Heatran|70/100|[from] Stealth Rock
|
|-heal|p1a: Heatran|76/100|[from] item: Leftovers
|upkeep
|turn|8
|
|t:|1760332056
|move|p1a: Heatran|Magma Storm|p2a: Moltres
|-resisted|p2a: Moltres
|-damage|p2a: Moltres|83/100
|-activate|p2a: Moltres|move: Magma Storm|[of] p1a: Heatran
|move|p2a: Moltres|Roar|p1a: Heatran
|drag|p1a: Pecharunt|Pecharunt|100/100
|
|-end|p2a: Moltres|Magma Storm|[partiallytrapped]|[silent]
|upkeep
|turn|9
|inactive|J2icy has 60 seconds left.
|inactive|J2icy has 30 seconds left.
|inactive|J2icy has 20 seconds left.
|inactive|J2icy has 15 seconds left.
|inactive|J2icy has 10 seconds left.
|inactive|J2icy has 5 seconds left.
|-message|J2icy lost due to inactivity.
|
|win|darkcr7
|raw|darkcr7's rating: 1239 &rarr; <strong>1261</strong><br />(+22 for winning)
|raw|J2icy's rating: 1199 &rarr; <strong>1177</strong><br />(-22 for losing)
|l|☆darkcr7
|player|p1|
