|j|☆mewsiamang
|j|☆xelones
|t:|1760395877
|gametype|singles
|player|p1|mewsiamang|1|1078
|player|p2|xelones|169|1089
|gen|9
|tier|[Gen 9] OU
|rated|
|rule|HP Percentage Mod: HP is shown in percentages
|rule|Endless Battle Clause: Forcing endless battles is banned
|rule|Species Clause: Limit one of each Pokémon
|rule|OHKO Clause: OHKO moves are banned
|rule|Evasion Items Clause: Evasion items are banned
|rule|Evasion Moves Clause: Evasion moves are banned
|rule|Evasion Abilities Clause: Evasion abilities are banned
|rule|Sleep Moves Clause: Sleep-inducing moves are banned
|clearpoke
|poke|p1|Entei|
|poke|p1|Gholdengo|
|poke|p1|Raichu, M|
|poke|p1|Goodra-Hisui, M|
|poke|p1|Clodsire, F|
|poke|p1|Ogerpon-Wellspring, F|
|poke|p2|Garganacl, M|
|poke|p2|Gliscor, F|
|poke|p2|Alomomola, F|
|poke|p2|Kingambit, M|
|poke|p2|Dragapult, F|
|poke|p2|Iron Treads|
|teampreview
|
|t:|1760395894
|teamsize|p1|6
|teamsize|p2|6
|start
|switch|p1a: Raichu|Raichu, M|100/100
|switch|p2a: Garganacl|Garganacl, M, shiny|100/100
|turn|1
|
|t:|1760395904
|move|p1a: Raichu|Nasty Plot|p1a: Raichu
|-boost|p1a: Raichu|spa|2
|move|p2a: Garganacl|Salt Cure|p1a: Raichu
|-damage|p1a: Raichu|71/100
|-start|p1a: Raichu|Salt Cure
|
|-damage|p1a: Raichu|58/100|[from] Salt Cure
|upkeep
|turn|2
|
|t:|1760395913
|move|p1a: Raichu|Surf|p2a: Garganacl
|-supereffective|p2a: Garganacl
|-damage|p2a: Garganacl|10/100
|move|p2a: Garganacl|Stealth Rock|p1a: Raichu
|-sidestart|p1: mewsiamang|move: Stealth Rock
|
|-heal|p2a: Garganacl|16/100|[from] item: Leftovers
|-damage|p1a: Raichu|46/100|[from] Salt Cure
|upkeep
|turn|3
|
|t:|1760395927
|move|p2a: Garganacl|Protect|p2a: Garganacl
|-singleturn|p2a: Garganacl|Protect
|move|p1a: Raichu|Thunder|p2a: Garganacl
|-activate|p2a: Garganacl|move: Protect
|
|-heal|p2a: Garganacl|22/100|[from] item: Leftovers
|-damage|p1a: Raichu|34/100|[from] Salt Cure
|upkeep
|turn|4
|
|t:|1760395937
|switch|p2a: Gliscor|Gliscor, F, shiny|100/100
|move|p1a: Raichu|Surf|p2a: Gliscor
|-supereffective|p2a: Gliscor
|-damage|p2a: Gliscor|0 fnt
|faint|p2a: Gliscor
|
|-damage|p1a: Raichu|22/100|[from] Salt Cure
|upkeep
|
|t:|1760395947
|switch|p2a: Garganacl|Garganacl, M, shiny|22/100
|turn|5
|
|t:|1760395961
|move|p2a: Garganacl|Protect|p2a: Garganacl
|-singleturn|p2a: Garganacl|Protect
|move|p1a: Raichu|Surf|p2a: Garganacl
|-activate|p2a: Garganacl|move: Protect
|
|-heal|p2a: Garganacl|28/100|[from] item: Leftovers
|-damage|p1a: Raichu|9/100|[from] Salt Cure
|upkeep
|turn|6
|
|t:|1760395971
|switch|p2a: Alomomola|Alomomola, F, shiny|100/100
|move|p1a: Raichu|Endeavor|p2a: Alomomola
|-damage|p2a: Alomomola|5/100
|-damage|p1a: Raichu|0 fnt|[from] item: Rocky Helmet|[of] p2a: Alomomola
|faint|p1a: Raichu
|
|upkeep
|
|t:|1760395989
|switch|p1a: Entei|Entei|100/100
|-damage|p1a: Entei|76/100|[from] Stealth Rock
|turn|7
|
|t:|1760395995
|move|p2a: Alomomola|Protect|p2a: Alomomola
|-singleturn|p2a: Alomomola|Protect
|move|p1a: Entei|Trailblaze|p2a: Alomomola
|-activate|p2a: Alomomola|move: Protect
|
|upkeep
|turn|8
|
|t:|1760396016
|switch|p2a: Dragapult|Dragapult, F, shiny|100/100
|move|p1a: Entei|Swagger|p2a: Dragapult
|-boost|p2a: Dragapult|atk|2
|-start|p2a: Dragapult|confusion
|-enditem|p1a: Entei|Mirror Herb
|-boost|p1a: Entei|atk|2|[from] item: Mirror Herb
|
|upkeep
|turn|9
|
|t:|1760396032
|-activate|p2a: Dragapult|confusion
|-damage|p2a: Dragapult|76/100|[from] confusion
|move|p1a: Entei|Flare Blitz|p2a: Dragapult
|-resisted|p2a: Dragapult
|-damage|p2a: Dragapult|1/100
|-damage|p1a: Entei|54/100|[from] Recoil
|
|upkeep
|turn|10
|
|t:|1760396040
|switch|p2a: Alomomola|Alomomola, F, shiny|38/100
|move|p1a: Entei|Trailblaze|p2a: Alomomola
|-supereffective|p2a: Alomomola
|-damage|p2a: Alomomola|4/100
|-boost|p1a: Entei|spe|1
|-damage|p1a: Entei|38/100|[from] item: Rocky Helmet|[of] p2a: Alomomola
|
|upkeep
|turn|11
|
|t:|1760396056
|switch|p2a: Garganacl|Garganacl, M, shiny|28/100
|move|p1a: Entei|Trailblaze|p2a: Garganacl
|-supereffective|p2a: Garganacl
|-damage|p2a: Garganacl|0 fnt
|-boost|p1a: Entei|spe|1
|faint|p2a: Garganacl
|
|upkeep
|-message|xelones forfeited.
|
|win|mewsiamang
|raw|mewsiamang's rating: 1078 &rarr; <strong>1107</strong><br />(+29 for winning)
|raw|xelones's rating: 1089 &rarr; <strong>1065</strong><br />(-24 for losing)
|l|☆xelones
|player|p2|
