|inactive|Battle timer is ON: inactive players will automatically lose when time's up.
|t:|1760314443
|gametype|singles
|player|p1|nagoL ♕|#scl5dynamos2|
|player|p2|Fusien|#scl5platoon2|
|gen|9
|tier|[Gen 9] OU
|rule|HP Percentage Mod: HP is shown in percentages
|rule|Endless Battle Clause: Forcing endless battles is banned
|rule|Species Clause: Limit one of each Pokémon
|rule|OHKO Clause: OHKO moves are banned
|rule|Evasion Items Clause: Evasion items are banned
|rule|Evasion Moves Clause: Evasion moves are banned
|rule|Evasion Abilities Clause: Evasion abilities are banned
|rule|Sleep Moves Clause: Sleep-inducing moves are banned
|clearpoke
|poke|p1|Cinderace, F|
|poke|p1|Darkrai|
|poke|p1|Alomomola, F|
|poke|p1|Great Tusk|
|poke|p1|Slowking-Galar, M|
|poke|p1|Enamorus, F|
|poke|p2|Great Tusk|
|poke|p2|Darkrai|
|poke|p2|Tornadus-Therian, M|
|poke|p2|Hatterene, F|
|poke|p2|Garganacl, M|
|poke|p2|Dragonite, F|
|teampreview
|c|☆nagoL ♕|hf
|c|☆Fusien|hf
|rated|Smogon Champions League
|inactive|nagoL ♕ has 270 seconds left.
|inactive|Fusien has 270 seconds left.
|
|t:|1760314495
|teamsize|p1|6
|teamsize|p2|6
|start
|switch|p1a: Slowking|Slowking-Galar, M|100/100
|switch|p2a: Tornadus|Tornadus-Therian, M|100/100
|turn|1
|
|t:|1760314500
|move|p2a: Tornadus|U-turn|p1a: Slowking
|-damage|p1a: Slowking|90/100
|
|t:|1760314506
|switch|p2a: Garganacl|Garganacl, M|100/100|[from] U-turn
|move|p1a: Slowking|Sludge Bomb|p2a: Garganacl
|-resisted|p2a: Garganacl
|-damage|p2a: Garganacl|89/100
|
|-heal|p2a: Garganacl|95/100|[from] item: Leftovers
|upkeep
|turn|2
|inactive|Fusien has 270 seconds left.
|
|t:|1760314570
|switch|p2a: Darkrai|Darkrai|100/100
|move|p1a: Slowking|Psychic Noise|p2a: Darkrai
|-immune|p2a: Darkrai
|
|upkeep
|turn|3
|inactive|nagoL ♕ has 270 seconds left.
|inactive|Fusien has 240 seconds left.
|inactive|Fusien has 210 seconds left.
|
|t:|1760314640
|switch|p1a: Darkrai|Darkrai|100/100
|move|p2a: Darkrai|Dark Pulse|p1a: Darkrai
|-resisted|p1a: Darkrai
|-damage|p1a: Darkrai|54/100
|
|upkeep
|turn|4
|inactive|nagoL ♕ has 240 seconds left.
|inactive|Fusien has 180 seconds left.
|
|t:|1760314671
|switch|p2a: Tornadus|Tornadus-Therian, M|100/100
|move|p1a: Darkrai|Knock Off|p2a: Tornadus
|-damage|p2a: Tornadus|62/100
|-enditem|p2a: Tornadus|Assault Vest|[from] move: Knock Off|[of] p1a: Darkrai
|
|upkeep
|turn|5
|inactive|nagoL ♕ has 240 seconds left.
|inactive|Fusien has 180 seconds left.
|inactive|nagoL ♕ has 210 seconds left.
|
|t:|1760314713
|switch|p2a: Darkrai|Darkrai|100/100
|move|p1a: Darkrai|Knock Off|p2a: Darkrai
|-resisted|p2a: Darkrai
|-damage|p2a: Darkrai|81/100
|-enditem|p2a: Darkrai|Choice Specs|[from] move: Knock Off|[of] p1a: Darkrai
|
|upkeep
|turn|6
|inactive|nagoL ♕ has 210 seconds left.
|inactive|nagoL ♕ has 180 seconds left.
|inactive|nagoL ♕ has 150 seconds left.
|
|t:|1760314783
|switch|p2a: Tornadus|Tornadus-Therian, M|95/100
|move|p1a: Darkrai|Ice Beam|p2a: Tornadus
|-supereffective|p2a: Tornadus
|-damage|p2a: Tornadus|32/100
|
|upkeep
|turn|7
|inactive|nagoL ♕ has 150 seconds left.
|inactive|Fusien has 180 seconds left.
|inactive|Fusien has 150 seconds left.
|inactive|Fusien has 120 seconds left.
|
|t:|1760314855
|switch|p2a: Darkrai|Darkrai|81/100
|move|p1a: Darkrai|Dark Pulse|p2a: Darkrai
|-resisted|p2a: Darkrai
|-damage|p2a: Darkrai|55/100
|
|upkeep
|turn|8
|inactive|nagoL ♕ has 150 seconds left.
|inactive|nagoL ♕ has 120 seconds left.
|
|t:|1760314895
|switch|p1a: Great Tusk|Great Tusk|100/100
|move|p2a: Darkrai|Focus Blast|p1a: Great Tusk
|-damage|p1a: Great Tusk|60/100
|
|upkeep
|turn|9
|inactive|nagoL ♕ has 120 seconds left.
|inactive|Fusien has 120 seconds left.
|inactive|nagoL ♕ has 90 seconds left.
|
|t:|1760314940
|move|p2a: Darkrai|Psychic|p1a: Great Tusk
|-supereffective|p1a: Great Tusk
|-damage|p1a: Great Tusk|2/100
|move|p1a: Great Tusk|Rapid Spin|p2a: Darkrai
|-damage|p2a: Darkrai|33/100
|-boost|p1a: Great Tusk|spe|1
|
|upkeep
|turn|10
|inactive|Fusien has 120 seconds left.
|
|t:|1760314950
|switch|p2a: Great Tusk|Great Tusk|100/100
|move|p1a: Great Tusk|Close Combat|p2a: Great Tusk
|-damage|p2a: Great Tusk|55/100
|-unboost|p1a: Great Tusk|def|1
|-unboost|p1a: Great Tusk|spd|1
|-damage|p1a: Great Tusk|0 fnt|[from] item: Rocky Helmet|[of] p2a: Great Tusk
|faint|p1a: Great Tusk
|-end|p1a: Great Tusk|Protosynthesis|[silent]
|
|upkeep
|inactive|nagoL ♕ has 90 seconds left.
|
|t:|1760314969
|switch|p1a: Enamorus|Enamorus, F|100/100
|turn|11
|inactive|Fusien has 120 seconds left.
|
|t:|1760314980
|move|p1a: Enamorus|Moonblast|p2a: Great Tusk
|-supereffective|p2a: Great Tusk
|-damage|p2a: Great Tusk|0 fnt
|faint|p2a: Great Tusk
|-end|p2a: Great Tusk|Protosynthesis|[silent]
|
|upkeep
|inactive|Fusien has 120 seconds left.
|
|t:|1760315012
|switch|p2a: Garganacl|Garganacl, M|95/100
|turn|12
|
|t:|1760315016
|switch|p1a: Alomomola|Alomomola, F|100/100
|move|p2a: Garganacl|Salt Cure|p1a: Alomomola
|-damage|p1a: Alomomola|92/100
|
|-heal|p2a: Garganacl|100/100|[from] item: Leftovers
|upkeep
|turn|13
|
|t:|1760315036
|move|p1a: Alomomola|Wish|p1a: Alomomola
|move|p2a: Garganacl|Salt Cure|p1a: Alomomola
|-damage|p1a: Alomomola|83/100
|
|upkeep
|turn|14
|
|t:|1760315046
|move|p1a: Alomomola|Flip Turn|p2a: Garganacl
|-supereffective|p2a: Garganacl
|-damage|p2a: Garganacl|79/100
|
|t:|1760315054
|switch|p1a: Slowking|Slowking-Galar, M|100/100|[from] Flip Turn
|move|p2a: Garganacl|Body Press|p1a: Slowking
|-resisted|p1a: Slowking
|-damage|p1a: Slowking|96/100
|
|-heal|p1a: Slowking|100/100|[from] move: Wish|[wisher] Alomomola
|-heal|p2a: Garganacl|85/100|[from] item: Leftovers
|upkeep
|turn|15
|inactive|nagoL ♕ has 120 seconds left.
|inactive|Fusien has 120 seconds left.
|
|t:|1760315079
|move|p2a: Garganacl|Recover|p2a: Garganacl
|-heal|p2a: Garganacl|100/100
|move|p1a: Slowking|Sludge Bomb|p2a: Garganacl
|-resisted|p2a: Garganacl
|-damage|p2a: Garganacl|90/100
|
|-heal|p2a: Garganacl|96/100|[from] item: Leftovers
|upkeep
|turn|16
|
|t:|1760315104
|move|p2a: Garganacl|Salt Cure|p1a: Slowking
|-damage|p1a: Slowking|91/100
|-start|p1a: Slowking|Salt Cure
|-prepare|p1a: Slowking|Chilly Reception|[premajor]
|move|p1a: Slowking|Chilly Reception|p1a: Slowking
|-weather|Snowscape
|
|t:|1760315112
|switch|p1a: Alomomola|Alomomola, F|100/100|[from] Chilly Reception
|
|-weather|Snowscape|[upkeep]
|-heal|p2a: Garganacl|100/100|[from] item: Leftovers
|upkeep
|turn|17
|
|t:|1760315118
|move|p1a: Alomomola|Flip Turn|p2a: Garganacl
|-supereffective|p2a: Garganacl
|-damage|p2a: Garganacl|78/100
|
|t:|1760315122
|switch|p1a: Slowking|Slowking-Galar, M|100/100|[from] Flip Turn
|move|p2a: Garganacl|Salt Cure|p1a: Slowking
|-crit|p1a: Slowking
|-damage|p1a: Slowking|84/100
|-start|p1a: Slowking|Salt Cure
|
|-weather|Snowscape|[upkeep]
|-heal|p2a: Garganacl|84/100|[from] item: Leftovers
|-damage|p1a: Slowking|72/100|[from] Salt Cure
|upkeep
|turn|18
|inactive|Fusien has 120 seconds left.
|
|t:|1760315133
|move|p2a: Garganacl|Iron Defense|p2a: Garganacl
|-boost|p2a: Garganacl|def|2
|-prepare|p1a: Slowking|Chilly Reception|[premajor]
|move|p1a: Slowking|Chilly Reception|p1a: Slowking
|
|t:|1760315139
|switch|p1a: Alomomola|Alomomola, F|100/100|[from] Chilly Reception
|
|-weather|Snowscape|[upkeep]
|-heal|p2a: Garganacl|91/100|[from] item: Leftovers
|upkeep
|turn|19
|inactive|nagoL ♕ has 120 seconds left.
|
|t:|1760315147
|move|p1a: Alomomola|Tickle|p2a: Garganacl
|-unboost|p2a: Garganacl|atk|1
|-unboost|p2a: Garganacl|def|1
|move|p2a: Garganacl|Salt Cure|p1a: Alomomola
|-damage|p1a: Alomomola|95/100
|
|-weather|Snowscape|[upkeep]
|-heal|p2a: Garganacl|97/100|[from] item: Leftovers
|upkeep
|turn|20
|
|t:|1760315155
|move|p1a: Alomomola|Flip Turn|p2a: Garganacl
|-supereffective|p2a: Garganacl
|-damage|p2a: Garganacl|80/100
|
|t:|1760315159
|switch|p1a: Slowking|Slowking-Galar, M|100/100|[from] Flip Turn
|move|p2a: Garganacl|Iron Defense|p2a: Garganacl
|-boost|p2a: Garganacl|def|2
|
|-weather|none
|-heal|p2a: Garganacl|87/100|[from] item: Leftovers
|upkeep
|turn|21
|
|t:|1760315171
|move|p2a: Garganacl|Salt Cure|p1a: Slowking
|-damage|p1a: Slowking|93/100
|-start|p1a: Slowking|Salt Cure
|move|p1a: Slowking|Psychic Noise|p2a: Garganacl
|-damage|p2a: Garganacl|68/100
|-start|p2a: Garganacl|move: Heal Block
|
|-damage|p1a: Slowking|81/100|[from] Salt Cure
|upkeep
|turn|22
|
|t:|1760315181
|move|p2a: Garganacl|Body Press|p1a: Slowking
|-resisted|p1a: Slowking
|-damage|p1a: Slowking|70/100
|-prepare|p1a: Slowking|Chilly Reception|[premajor]
|move|p1a: Slowking|Chilly Reception|p1a: Slowking
|-weather|Snowscape
|inactive|nagoL ♕ has 120 seconds left.
|
|t:|1760315221
|switch|p1a: Enamorus|Enamorus, F|100/100|[from] Chilly Reception
|
|-weather|Snowscape|[upkeep]
|-end|p2a: Garganacl|move: Heal Block
|upkeep
|turn|23
|inactive|Fusien has 180 seconds left.
|
|t:|1760315248
|move|p1a: Enamorus|Moonblast|p2a: Garganacl
|-damage|p2a: Garganacl|30/100
|-unboost|p2a: Garganacl|spa|1
|move|p2a: Garganacl|Recover|p2a: Garganacl
|-heal|p2a: Garganacl|80/100
|
|-weather|Snowscape|[upkeep]
|-heal|p2a: Garganacl|86/100|[from] item: Leftovers
|upkeep
|turn|24
|
|t:|1760315258
|switch|p1a: Alomomola|Alomomola, F|100/100
|move|p2a: Garganacl|Salt Cure|p1a: Alomomola
|-damage|p1a: Alomomola|95/100
|
|-weather|Snowscape|[upkeep]
|-heal|p2a: Garganacl|93/100|[from] item: Leftovers
|upkeep
|turn|25
|
|t:|1760315265
|move|p1a: Alomomola|Flip Turn|p2a: Garganacl
|-supereffective|p2a: Garganacl
|-damage|p2a: Garganacl|82/100
|
|t:|1760315270
|switch|p1a: Slowking|Slowking-Galar, M|100/100|[from] Flip Turn
|move|p2a: Garganacl|Iron Defense|p2a: Garganacl
|-boost|p2a: Garganacl|def|2
|
|-weather|Snowscape|[upkeep]
|-heal|p2a: Garganacl|88/100|[from] item: Leftovers
|upkeep
|turn|26
|
|t:|1760315276
|move|p2a: Garganacl|Salt Cure|p1a: Slowking
|-damage|p1a: Slowking|94/100
|-start|p1a: Slowking|Salt Cure
|move|p1a: Slowking|Psychic Noise|p2a: Garganacl
|-damage|p2a: Garganacl|70/100
|-start|p2a: Garganacl|move: Heal Block
|
|-weather|none
|-damage|p1a: Slowking|81/100|[from] Salt Cure
|upkeep
|turn|27
|inactive|nagoL ♕ has 120 seconds left.
|
|t:|1760315308
|move|p2a: Garganacl|Body Press|p1a: Slowking
|-resisted|p1a: Slowking
|-damage|p1a: Slowking|66/100
|move|p1a: Slowking|Psychic Noise|p2a: Garganacl
|-damage|p2a: Garganacl|50/100
|
|-damage|p1a: Slowking|54/100|[from] Salt Cure
|-end|p2a: Garganacl|move: Heal Block
|upkeep
|turn|28
|
|t:|1760315313
|move|p2a: Garganacl|Recover|p2a: Garganacl
|-heal|p2a: Garganacl|100/100
|-prepare|p1a: Slowking|Chilly Reception|[premajor]
|move|p1a: Slowking|Chilly Reception|p1a: Slowking
|-weather|Snowscape
|
|t:|1760315319
|switch|p1a: Alomomola|Alomomola, F|100/100|[from] Chilly Reception
|
|-weather|Snowscape|[upkeep]
|upkeep
|turn|29
|
|t:|1760315327
|move|p1a: Alomomola|Tickle|p2a: Garganacl
|-unboost|p2a: Garganacl|atk|1
|-unboost|p2a: Garganacl|def|1
|move|p2a: Garganacl|Iron Defense|p2a: Garganacl
|-boost|p2a: Garganacl|def|2
|
|-weather|Snowscape|[upkeep]
|upkeep
|turn|30
|
|t:|1760315333
|move|p1a: Alomomola|Protect|p1a: Alomomola
|-singleturn|p1a: Alomomola|Protect
|move|p2a: Garganacl|Body Press|p1a: Alomomola
|-activate|p1a: Alomomola|move: Protect
|
|-weather|Snowscape|[upkeep]
|upkeep
|turn|31
|
|t:|1760315340
|move|p1a: Alomomola|Tickle|p2a: Garganacl
|-unboost|p2a: Garganacl|atk|1
|-unboost|p2a: Garganacl|def|1
|move|p2a: Garganacl|Body Press|p1a: Alomomola
|-damage|p1a: Alomomola|53/100
|
|-weather|Snowscape|[upkeep]
|upkeep
|turn|32
|inactive|nagoL ♕ has 120 seconds left.
|
|t:|1760315346
|move|p1a: Alomomola|Flip Turn|p2a: Garganacl
|-supereffective|p2a: Garganacl
|-damage|p2a: Garganacl|94/100
|
|t:|1760315350
|switch|p1a: Slowking|Slowking-Galar, M|87/100|[from] Flip Turn
|move|p2a: Garganacl|Iron Defense|p2a: Garganacl
|-boost|p2a: Garganacl|def|1
|
|-weather|none
|-heal|p2a: Garganacl|99/100|[from] item: Leftovers
|upkeep
|turn|33
|inactive|nagoL ♕ has 120 seconds left.
|
|t:|1760315370
|move|p2a: Garganacl|Salt Cure|p1a: Slowking
|-damage|p1a: Slowking|82/100
|-start|p1a: Slowking|Salt Cure
|-prepare|p1a: Slowking|Chilly Reception|[premajor]
|move|p1a: Slowking|Chilly Reception|p1a: Slowking
|-weather|Snowscape
|
|t:|1760315374
|switch|p1a: Alomomola|Alomomola, F|87/100|[from] Chilly Reception
|
|-weather|Snowscape|[upkeep]
|-heal|p2a: Garganacl|100/100|[from] item: Leftovers
|upkeep
|turn|34
|inactive|nagoL ♕ has 120 seconds left.
|
|t:|1760315402
|move|p1a: Alomomola|Flip Turn|p2a: Garganacl
|-supereffective|p2a: Garganacl
|-damage|p2a: Garganacl|95/100
|
|t:|1760315407
|switch|p1a: Slowking|Slowking-Galar, M|100/100|[from] Flip Turn
|move|p2a: Garganacl|Body Press|p1a: Slowking
|-resisted|p1a: Slowking
|-damage|p1a: Slowking|84/100
|
|-weather|Snowscape|[upkeep]
|-heal|p2a: Garganacl|100/100|[from] item: Leftovers
|upkeep
|turn|35
|
|t:|1760315417
|move|p2a: Garganacl|Salt Cure|p1a: Slowking
|-damage|p1a: Slowking|80/100
|-start|p1a: Slowking|Salt Cure
|move|p1a: Slowking|Psychic Noise|p2a: Garganacl
|-damage|p2a: Garganacl|82/100
|-start|p2a: Garganacl|move: Heal Block
|
|-weather|Snowscape|[upkeep]
|-damage|p1a: Slowking|67/100|[from] Salt Cure
|upkeep
|turn|36
|
|t:|1760315434
|move|p2a: Garganacl|Iron Defense|p2a: Garganacl
|-boost|p2a: Garganacl|def|0
|-prepare|p1a: Slowking|Chilly Reception|[premajor]
|move|p1a: Slowking|Chilly Reception|p1a: Slowking
|
|t:|1760315437
|switch|p1a: Alomomola|Alomomola, F|100/100|[from] Chilly Reception
|
|-weather|Snowscape|[upkeep]
|-end|p2a: Garganacl|move: Heal Block
|upkeep
|turn|37
|
|t:|1760315444
|move|p1a: Alomomola|Tickle|p2a: Garganacl
|-unboost|p2a: Garganacl|atk|1
|-unboost|p2a: Garganacl|def|1
|move|p2a: Garganacl|Body Press|p1a: Alomomola
|-damage|p1a: Alomomola|54/100
|
|-weather|none
|-heal|p2a: Garganacl|89/100|[from] item: Leftovers
|upkeep
|turn|38
|
|t:|1760315451
|switch|p2a: Hatterene|Hatterene, F|100/100
|move|p1a: Alomomola|Flip Turn|p2a: Hatterene
|-damage|p2a: Hatterene|87/100
|-damage|p1a: Alomomola|38/100|[from] item: Rocky Helmet|[of] p2a: Hatterene
|
|t:|1760315461
|switch|p1a: Slowking|Slowking-Galar, M|100/100|[from] Flip Turn
|
|upkeep
|turn|39
|
|t:|1760315470
|switch|p2a: Garganacl|Garganacl, M|89/100
|move|p1a: Slowking|Sludge Bomb|p2a: Garganacl
|-resisted|p2a: Garganacl
|-damage|p2a: Garganacl|78/100
|
|-heal|p2a: Garganacl|84/100|[from] item: Leftovers
|upkeep
|turn|40
|
|t:|1760315483
|switch|p2a: Tornadus|Tornadus-Therian, M|65/100
|move|p1a: Slowking|Sludge Bomb|p2a: Tornadus
|-damage|p2a: Tornadus|33/100
|
|upkeep
|turn|41
|inactive|nagoL ♕ has 150 seconds left.
|
|t:|1760315508
|move|p2a: Tornadus|U-turn|p1a: Slowking
|-damage|p1a: Slowking|89/100
|
|t:|1760315511
|switch|p2a: Garganacl|Garganacl, M|84/100|[from] U-turn
|move|p1a: Slowking|Sludge Bomb|p2a: Garganacl
|-resisted|p2a: Garganacl
|-damage|p2a: Garganacl|74/100
|
|-heal|p2a: Garganacl|80/100|[from] item: Leftovers
|upkeep
|turn|42
|
|t:|1760315517
|move|p2a: Garganacl|Salt Cure|p1a: Slowking
|-damage|p1a: Slowking|79/100
|-start|p1a: Slowking|Salt Cure
|-prepare|p1a: Slowking|Chilly Reception|[premajor]
|move|p1a: Slowking|Chilly Reception|p1a: Slowking
|-weather|Snowscape
|
|t:|1760315521
|switch|p1a: Alomomola|Alomomola, F|71/100|[from] Chilly Reception
|
|-weather|Snowscape|[upkeep]
|-heal|p2a: Garganacl|86/100|[from] item: Leftovers
|upkeep
|turn|43
|
|t:|1760315525
|move|p1a: Alomomola|Flip Turn|p2a: Garganacl
|-supereffective|p2a: Garganacl
|-damage|p2a: Garganacl|64/100
|
|t:|1760315529
|switch|p1a: Slowking|Slowking-Galar, M|100/100|[from] Flip Turn
|move|p2a: Garganacl|Iron Defense|p2a: Garganacl
|-boost|p2a: Garganacl|def|2
|
|-weather|Snowscape|[upkeep]
|-heal|p2a: Garganacl|70/100|[from] item: Leftovers
|upkeep
|turn|44
|inactive|nagoL ♕ has 180 seconds left.
|
|t:|1760315549
|switch|p1a: Alomomola|Alomomola, F|100/100
|move|p2a: Garganacl|Recover|p2a: Garganacl
|-heal|p2a: Garganacl|100/100
|
|-weather|Snowscape|[upkeep]
|upkeep
|turn|45
|inactive|nagoL ♕ has 180 seconds left.
|
|t:|1760315563
|move|p1a: Alomomola|Flip Turn|p2a: Garganacl
|-supereffective|p2a: Garganacl
|-crit|p2a: Garganacl
|-damage|p2a: Garganacl|70/100
|
|t:|1760315567
|switch|p1a: Slowking|Slowking-Galar, M|100/100|[from] Flip Turn
|move|p2a: Garganacl|Iron Defense|p2a: Garganacl
|-boost|p2a: Garganacl|def|2
|
|-weather|Snowscape|[upkeep]
|-heal|p2a: Garganacl|76/100|[from] item: Leftovers
|upkeep
|turn|46
|
|t:|1760315594
|move|p2a: Garganacl|Iron Defense|p2a: Garganacl
|-boost|p2a: Garganacl|def|2
|move|p1a: Slowking|Psychic Noise|p2a: Garganacl
|-damage|p2a: Garganacl|59/100
|-start|p2a: Garganacl|move: Heal Block
|
|-weather|none
|upkeep
|turn|47
|
|t:|1760315600
|move|p2a: Garganacl|Salt Cure|p1a: Slowking
|-damage|p1a: Slowking|90/100
|-start|p1a: Slowking|Salt Cure
|-prepare|p1a: Slowking|Chilly Reception|[premajor]
|move|p1a: Slowking|Chilly Reception|p1a: Slowking
|-weather|Snowscape
|inactive|nagoL ♕ has 180 seconds left.
|
|t:|1760315628
|switch|p1a: Enamorus|Enamorus, F|100/100|[from] Chilly Reception
|
|-weather|Snowscape|[upkeep]
|-end|p2a: Garganacl|move: Heal Block
|upkeep
|turn|48
|
|t:|1760315647
|switch|p1a: Slowking|Slowking-Galar, M|100/100
|move|p2a: Garganacl|Salt Cure|p1a: Slowking
|-damage|p1a: Slowking|90/100
|-start|p1a: Slowking|Salt Cure
|
|-weather|Snowscape|[upkeep]
|-heal|p2a: Garganacl|66/100|[from] item: Leftovers
|-damage|p1a: Slowking|78/100|[from] Salt Cure
|upkeep
|turn|49
|
|t:|1760315656
|move|p2a: Garganacl|Recover|p2a: Garganacl
|-heal|p2a: Garganacl|100/100
|move|p1a: Slowking|Psychic Noise|p2a: Garganacl
|-damage|p2a: Garganacl|83/100
|-start|p2a: Garganacl|move: Heal Block
|
|-weather|Snowscape|[upkeep]
|-damage|p1a: Slowking|65/100|[from] Salt Cure
|upkeep
|turn|50
|inactive|nagoL ♕ has 180 seconds left.
|
|t:|1760315666
|switch|p2a: Hatterene|Hatterene, F|87/100
|-prepare|p1a: Slowking|Chilly Reception|[premajor]
|move|p1a: Slowking|Chilly Reception|p1a: Slowking
|inactive|nagoL ♕ has 180 seconds left.
|
|t:|1760315682
|switch|p1a: Cinderace|Cinderace, F|100/100|[from] Chilly Reception
|
|-weather|Snowscape|[upkeep]
|upkeep
|turn|51
|
|t:|1760315687
|switch|p2a: Garganacl|Garganacl, M|83/100
|move|p1a: Cinderace|U-turn|p2a: Garganacl
|-start|p1a: Cinderace|typechange|Bug|[from] ability: Libero
|-damage|p2a: Garganacl|60/100
|inactive|nagoL ♕ has 180 seconds left.
|
|t:|1760315695
|switch|p1a: Alomomola|Alomomola, F|100/100|[from] U-turn
|
|-weather|none
|-heal|p2a: Garganacl|66/100|[from] item: Leftovers
|upkeep
|turn|52
|
|t:|1760315703
|switch|p2a: Hatterene|Hatterene, F|87/100
|move|p1a: Alomomola|Flip Turn|p2a: Hatterene
|-damage|p2a: Hatterene|74/100
|-damage|p1a: Alomomola|84/100|[from] item: Rocky Helmet|[of] p2a: Hatterene
|
|t:|1760315709
|switch|p1a: Cinderace|Cinderace, F|100/100|[from] Flip Turn
|
|upkeep
|turn|53
|
|t:|1760315721
|move|p1a: Cinderace|U-turn|p2a: Hatterene
|-start|p1a: Cinderace|typechange|Bug|[from] ability: Libero
|-damage|p2a: Hatterene|46/100
|-damage|p1a: Cinderace|84/100|[from] item: Rocky Helmet|[of] p2a: Hatterene
|
|t:|1760315728
|switch|p1a: Slowking|Slowking-Galar, M|99/100|[from] U-turn
|move|p2a: Hatterene|Nuzzle|p1a: Slowking
|-damage|p1a: Slowking|95/100
|-status|p1a: Slowking|par
|
|upkeep
|turn|54
|
|t:|1760315745
|move|p2a: Hatterene|Pain Split|p1a: Slowking
|-sethp|p1a: Slowking|66/100 par|[from] move: Pain Split|[silent]
|-sethp|p2a: Hatterene|82/100|[from] move: Pain Split
|move|p1a: Slowking|Sludge Bomb|p2a: Hatterene
|-supereffective|p2a: Hatterene
|-damage|p2a: Hatterene|10/100
|-status|p2a: Hatterene|psn
|
|-damage|p2a: Hatterene|0 fnt|[from] psn
|faint|p2a: Hatterene
|upkeep
|
|t:|1760315756
|switch|p2a: Darkrai|Darkrai|33/100
|turn|55
|inactive|Fusien has 270 seconds left.
|inactive|nagoL ♕ has 180 seconds left.
|inactive|nagoL ♕ has 150 seconds left.
|
|t:|1760315820
|switch|p1a: Cinderace|Cinderace, F|84/100
|move|p2a: Darkrai|Sludge Bomb|p1a: Cinderace
|-damage|p1a: Cinderace|38/100
|-status|p1a: Cinderace|psn
|
|-damage|p1a: Cinderace|26/100 psn|[from] psn
|upkeep
|turn|56
|
|t:|1760315829
|move|p1a: Cinderace|Sucker Punch|p2a: Darkrai
|-start|p1a: Cinderace|typechange|Dark|[from] ability: Libero
|-resisted|p2a: Darkrai
|-damage|p2a: Darkrai|9/100
|move|p2a: Darkrai|Sludge Bomb|p1a: Cinderace
|-damage|p1a: Cinderace|0 fnt
|faint|p1a: Cinderace
|
|upkeep
|
|t:|1760315838
|switch|p1a: Enamorus|Enamorus, F|100/100
|turn|57
|inactive|Fusien has 270 seconds left.
|inactive|nagoL ♕ has 150 seconds left.
|inactive|Fusien has 240 seconds left.
|inactive|nagoL ♕ has 120 seconds left.
|inactive|Fusien has 210 seconds left.
|inactive|nagoL ♕ has 90 seconds left.
|inactive|nagoL ♕ has 60 seconds left.
|
|t:|1760315966
|-terastallize|p1a: Enamorus|Stellar
|move|p1a: Enamorus|Tera Blast|p2a: Darkrai|[anim] Tera Blast Stellar
|-damage|p2a: Darkrai|0 fnt
|-boost|p1a: Enamorus|atk|1
|-boost|p1a: Enamorus|spa|1
|faint|p2a: Darkrai
|
|upkeep
|inactive|Fusien has 180 seconds left.
|inactive|Fusien has 150 seconds left.
|
|t:|1760316024
|switch|p2a: Dragonite|Dragonite, F|100/100
|turn|58
|
|t:|1760316029
|move|p1a: Enamorus|Tera Blast|p2a: Dragonite|[anim] Tera Blast Stellar
|-damage|p2a: Dragonite|71/100
|-boost|p1a: Enamorus|atk|1
|-boost|p1a: Enamorus|spa|1
|move|p2a: Dragonite|Dragon Dance|p2a: Dragonite
|-boost|p2a: Dragonite|atk|1
|-boost|p2a: Dragonite|spe|1
|
|upkeep
|turn|59
|inactive|Fusien has 150 seconds left.
|inactive|nagoL ♕ has 60 seconds left.
|
|t:|1760316055
|move|p1a: Enamorus|Tera Blast|p2a: Dragonite|[anim] Tera Blast Stellar
|-damage|p2a: Dragonite|0 fnt
|-boost|p1a: Enamorus|atk|1
|-boost|p1a: Enamorus|spa|1
|faint|p2a: Dragonite
|
|upkeep
|inactive|Fusien has 150 seconds left.
|c|☆Fusien|gg
|c|☆nagoL ♕|gg
|-message|Fusien forfeited.
|
|win|nagoL ♕
