|j|☆playboisant
|j|☆M8420
|t:|1760439120
|gametype|singles
|player|p1|playboisant|101|1523
|player|p2|M8420|170|1514
|gen|9
|tier|[Gen 9] OU
|rated|
|rule|HP Percentage Mod: HP is shown in percentages
|rule|Endless Battle Clause: Forcing endless battles is banned
|rule|Species Clause: Limit one of each Pokémon
|rule|OHKO Clause: OHKO moves are banned
|rule|Evasion Items Clause: Evasion items are banned
|rule|Evasion Moves Clause: Evasion moves are banned
|rule|Evasion Abilities Clause: Evasion abilities are banned
|rule|Sleep Moves Clause: Sleep-inducing moves are banned
|clearpoke
|poke|p1|Darkrai|
|poke|p1|Cinderace, M|
|poke|p1|Ogerpon-Wellspring, F|
|poke|p1|Gholdengo|
|poke|p1|Raging Bolt|
|poke|p1|Kingambit, F|
|poke|p2|Torkoal, F|
|poke|p2|Scovillain, F|
|poke|p2|Great Tusk|
|poke|p2|Hatterene, F|
|poke|p2|Raging Bolt|
|poke|p2|Alomomola, F|
|teampreview
|inactive|Battle timer is ON: inactive players will automatically lose when time's up. (requested by playboisant)
|
|t:|1760439141
|teamsize|p1|6
|teamsize|p2|6
|start
|switch|p1a: Black sabbath|Darkrai|100/100
|switch|p2a: Torkoal|Torkoal, F|100/100
|-weather|SunnyDay|[from] ability: Drought|[of] p2a: Torkoal
|turn|1
|
|t:|1760439149
|switch|p2a: Alomomola|Alomomola, F|100/100
|move|p1a: Black sabbath|Dark Pulse|p2a: Alomomola
|-damage|p2a: Alomomola|70/100
|-damage|p1a: Black sabbath|91/100|[from] item: Life Orb
|
|-weather|SunnyDay|[upkeep]
|upkeep
|turn|2
|
|t:|1760439164
|switch|p2a: Raging Bolt|Raging Bolt|100/100
|-activate|p2a: Raging Bolt|ability: Protosynthesis
|-start|p2a: Raging Bolt|protosynthesisspa
|move|p1a: Black sabbath|Dark Pulse|p2a: Raging Bolt
|-damage|p2a: Raging Bolt|63/100
|-damage|p1a: Black sabbath|81/100|[from] item: Life Orb
|
|-weather|SunnyDay|[upkeep]
|upkeep
|turn|3
|
|t:|1760439175
|move|p1a: Black sabbath|Ice Beam|p2a: Raging Bolt
|-supereffective|p2a: Raging Bolt
|-damage|p2a: Raging Bolt|13/100
|-damage|p1a: Black sabbath|71/100|[from] item: Life Orb
|move|p2a: Raging Bolt|Volt Switch|p1a: Black sabbath
|-damage|p1a: Black sabbath|0 fnt
|faint|p1a: Black sabbath
|
|t:|1760439199
|-end|p2a: Raging Bolt|Protosynthesis|[silent]
|switch|p2a: Alomomola|Alomomola, F|100/100|[from] Volt Switch
|
|-weather|SunnyDay|[upkeep]
|upkeep
|
|t:|1760439204
|switch|p1a: AC/DC|Raging Bolt|100/100
|-activate|p1a: AC/DC|ability: Protosynthesis
|-start|p1a: AC/DC|protosynthesisspa
|turn|4
|
|t:|1760439223
|move|p1a: AC/DC|Thunderbolt|p2a: Alomomola
|-supereffective|p2a: Alomomola
|-damage|p2a: Alomomola|25/100
|move|p2a: Alomomola|Mirror Coat|p1a: AC/DC
|-damage|p1a: AC/DC|0 fnt
|faint|p1a: AC/DC
|-end|p1a: AC/DC|Protosynthesis|[silent]
|
|-weather|SunnyDay|[upkeep]
|upkeep
|
|t:|1760439228
|switch|p1a: Tears for fears|Ogerpon-Wellspring, F|100/100
|turn|5
|inactive|M8420 has 120 seconds left.
|
|t:|1760439257
|switch|p2a: Hatterene|Hatterene, F|100/100
|move|p1a: Tears for fears|Swords Dance|p1a: Tears for fears
|-boost|p1a: Tears for fears|atk|2
|
|-weather|SunnyDay|[upkeep]
|upkeep
|turn|6
|inactive|M8420 has 120 seconds left.
|
|t:|1760439272
|switch|p2a: Scovillain|Scovillain, F|100/100
|move|p1a: Tears for fears|Horn Leech|p2a: Scovillain
|-resisted|p2a: Scovillain
|-damage|p2a: Scovillain|60/100
|
|-weather|SunnyDay|[upkeep]
|upkeep
|turn|7
|
|t:|1760439284
|move|p2a: Scovillain|Will-O-Wisp|p1a: Tears for fears
|-status|p1a: Tears for fears|brn
|move|p1a: Tears for fears|Ivy Cudgel|p2a: Scovillain|[anim] Ivy Cudgel Water
|-damage|p2a: Scovillain|2/100
|
|-weather|SunnyDay|[upkeep]
|-damage|p1a: Tears for fears|95/100 brn|[from] brn
|upkeep
|turn|8
|
|t:|1760439295
|move|p2a: Scovillain|Flamethrower|p1a: Tears for fears
|-damage|p1a: Tears for fears|0 fnt
|faint|p1a: Tears for fears
|-damage|p2a: Scovillain|0 fnt|[from] item: Life Orb
|faint|p2a: Scovillain
|
|-weather|none
|upkeep
|
|t:|1760439303
|switch|p1a: Speed demon|Cinderace, M|100/100
|switch|p2a: Torkoal|Torkoal, F|100/100
|-weather|SunnyDay|[from] ability: Drought|[of] p2a: Torkoal
|turn|9
|
|t:|1760439316
|switch|p2a: Alomomola|Alomomola, F|59/100
|move|p1a: Speed demon|Pyro Ball|p2a: Alomomola
|-resisted|p2a: Alomomola
|-damage|p2a: Alomomola|29/100
|
|-weather|SunnyDay|[upkeep]
|upkeep
|turn|10
|
|t:|1760439334
|move|p1a: Speed demon|Pyro Ball|p2a: Alomomola
|-resisted|p2a: Alomomola
|-damage|p2a: Alomomola|0 fnt
|faint|p2a: Alomomola
|
|-weather|SunnyDay|[upkeep]
|upkeep
|inactive|M8420 has 90 seconds left.
|inactive|M8420 has 60 seconds left.
|
|t:|1760439402
|switch|p2a: Great Tusk|Great Tusk|100/100
|-activate|p2a: Great Tusk|ability: Protosynthesis
|-start|p2a: Great Tusk|protosynthesisatk
|turn|11
|inactive|playboisant has 120 seconds left.
|
|t:|1760439436
|switch|p1a: Golden experience|Gholdengo|100/100
|-item|p1a: Golden experience|Air Balloon
|move|p2a: Great Tusk|Headlong Rush|p1a: Golden experience
|-immune|p1a: Golden experience
|
|-weather|SunnyDay|[upkeep]
|upkeep
|turn|12
|
|t:|1760439442
|move|p2a: Great Tusk|Temper Flare|p1a: Golden experience
|-supereffective|p1a: Golden experience
|-damage|p1a: Golden experience|0 fnt
|-enditem|p1a: Golden experience|Air Balloon
|faint|p1a: Golden experience
|
|-weather|SunnyDay|[upkeep]
|upkeep
|
|t:|1760439445
|switch|p1a: Speed demon|Cinderace, M|100/100
|turn|13
|
|t:|1760439452
|move|p1a: Speed demon|Pyro Ball|p2a: Great Tusk|[miss]
|-miss|p1a: Speed demon|p2a: Great Tusk
|move|p2a: Great Tusk|Headlong Rush|p1a: Speed demon
|-supereffective|p1a: Speed demon
|-damage|p1a: Speed demon|0 fnt
|-unboost|p2a: Great Tusk|def|1
|-unboost|p2a: Great Tusk|spd|1
|faint|p1a: Speed demon
|-enditem|p2a: Great Tusk|Eject Pack
|inactive|M8420 has 60 seconds left.
|
|t:|1760439467
|-end|p2a: Great Tusk|Protosynthesis|[silent]
|switch|p2a: Torkoal|Torkoal, F|100/100
|
|-weather|SunnyDay|[upkeep]
|upkeep
|
|t:|1760439471
|switch|p1a: King crimson|Kingambit, F|100/100
|-activate|p1a: King crimson|ability: Supreme Overlord
|-start|p1a: King crimson|fallen5|[silent]
|turn|14
|
|t:|1760439476
|-terastallize|p1a: King crimson|Fairy
|move|p1a: King crimson|Swords Dance|p1a: King crimson
|-boost|p1a: King crimson|atk|2
|move|p2a: Torkoal|Will-O-Wisp|p1a: King crimson
|-status|p1a: King crimson|brn
|
|-weather|SunnyDay|[upkeep]
|-damage|p1a: King crimson|94/100 brn|[from] brn
|upkeep
|turn|15
|
|t:|1760439494
|move|p1a: King crimson|Swords Dance|p1a: King crimson
|-boost|p1a: King crimson|atk|2
|move|p2a: Torkoal|Lava Plume|p1a: King crimson
|-damage|p1a: King crimson|61/100 brn
|
|-weather|SunnyDay|[upkeep]
|-heal|p1a: King crimson|67/100 brn|[from] item: Leftovers
|-damage|p1a: King crimson|61/100 brn|[from] brn
|upkeep
|turn|16
|inactive|M8420 has 60 seconds left.
|
|t:|1760439516
|switch|p2a: Hatterene|Hatterene, F|100/100
|move|p1a: King crimson|Sucker Punch||[still]
|-fail|p1a: King crimson
|
|-weather|none
|-heal|p1a: King crimson|67/100 brn|[from] item: Leftovers
|-damage|p1a: King crimson|61/100 brn|[from] brn
|upkeep
|turn|17
|inactive|M8420 has 60 seconds left.
|
|t:|1760439538
|move|p1a: King crimson|Iron Head|p2a: Hatterene
|-supereffective|p2a: Hatterene
|-damage|p2a: Hatterene|0 fnt
|faint|p2a: Hatterene
|
|-heal|p1a: King crimson|67/100 brn|[from] item: Leftovers
|-damage|p1a: King crimson|61/100 brn|[from] brn
|upkeep
|
|t:|1760439546
|switch|p2a: Torkoal|Torkoal, F|100/100
|-weather|SunnyDay|[from] ability: Drought|[of] p2a: Torkoal
|turn|18
|
|t:|1760439552
|move|p1a: King crimson|Sucker Punch|p2a: Torkoal
|-damage|p2a: Torkoal|51/100
|move|p2a: Torkoal|Lava Plume|p1a: King crimson
|-damage|p1a: King crimson|30/100 brn
|
|-weather|SunnyDay|[upkeep]
|-heal|p1a: King crimson|36/100 brn|[from] item: Leftovers
|-damage|p1a: King crimson|30/100 brn|[from] brn
|upkeep
|turn|19
|
|t:|1760439560
|move|p1a: King crimson|Sucker Punch|p2a: Torkoal
|-damage|p2a: Torkoal|4/100
|move|p2a: Torkoal|Lava Plume|p1a: King crimson
|-damage|p1a: King crimson|0 fnt
|faint|p1a: King crimson
|-end|p1a: King crimson|fallen5|[silent]
|
|win|M8420
|raw|playboisant's rating: 1523 &rarr; <strong>1502</strong><br />(-21 for losing)
|raw|M8420's rating: 1514 &rarr; <strong>1535</strong><br />(+21 for winning)
|c|☆M8420|gg
|l|☆M8420
|player|p2|
|l|☆playboisant
|player|p1|
