|j|☆notix_III
|j|☆donfeitan
|t:|1760370359
|gametype|singles
|player|p1|notix_III|swimmerf-gen4|1145
|player|p2|donfeitan|ash|1160
|gen|9
|tier|[Gen 9] OU
|rated|
|rule|HP Percentage Mod: HP is shown in percentages
|rule|Endless Battle Clause: Forcing endless battles is banned
|rule|Species Clause: Limit one of each Pokémon
|rule|OHKO Clause: OHKO moves are banned
|rule|Evasion Items Clause: Evasion items are banned
|rule|Evasion Moves Clause: Evasion moves are banned
|rule|Evasion Abilities Clause: Evasion abilities are banned
|rule|Sleep Moves Clause: Sleep-inducing moves are banned
|clearpoke
|poke|p1|Samurott-Hisui, M|
|poke|p1|Heatran, F|
|poke|p1|Latios, M|
|poke|p1|Iron Valiant|
|poke|p1|Iron Treads|
|poke|p1|Dragapult, F|
|poke|p2|Pelipper, M|
|poke|p2|Dragapult, M|
|poke|p2|Overqwil, M|
|poke|p2|Iron Valiant|
|poke|p2|Floatzel, M|
|poke|p2|Zarude|
|teampreview
|
|t:|1760370369
|teamsize|p1|6
|teamsize|p2|6
|start
|switch|p1a: Transylvania|Dragapult, F|100/100
|switch|p2a: Zarude|Zarude|100/100
|turn|1
|
|t:|1760370386
|switch|p1a: The Little Prince|Iron Valiant|100/100
|move|p2a: Zarude|Grassy Terrain|p2a: Zarude
|-fieldstart|move: Grassy Terrain
|
|upkeep
|turn|2
|
|t:|1760370400
|switch|p2a: Pelipper|Pelipper, M, shiny|100/100
|-weather|RainDance|[from] ability: Drizzle|[of] p2a: Pelipper
|move|p1a: The Little Prince|Vacuum Wave|p2a: Pelipper
|-resisted|p2a: Pelipper
|-damage|p2a: Pelipper|76/100
|
|-weather|RainDance|[upkeep]
|upkeep
|turn|3
|
|t:|1760370413
|-end|p1a: The Little Prince|Quark Drive|[silent]
|switch|p1a: Wish Upon A Star|Latios, M|100/100
|move|p2a: Pelipper|Hurricane|p1a: Wish Upon A Star
|-damage|p1a: Wish Upon A Star|51/100
|
|-weather|RainDance|[upkeep]
|upkeep
|turn|4
|
|t:|1760370429
|switch|p2a: Zarude|Zarude|100/100
|move|p1a: Wish Upon A Star|Draco Meteor|p2a: Zarude
|-damage|p2a: Zarude|34/100
|-unboost|p1a: Wish Upon A Star|spa|2
|
|-weather|RainDance|[upkeep]
|-heal|p2a: Zarude|40/100|[from] Grassy Terrain
|upkeep
|turn|5
|
|t:|1760370445
|switch|p1a: The Last Ronin|Samurott-Hisui, M|100/100
|move|p2a: Zarude|Synthesis|p2a: Zarude
|-heal|p2a: Zarude|65/100
|
|-weather|RainDance|[upkeep]
|-heal|p2a: Zarude|71/100|[from] Grassy Terrain
|upkeep
|turn|6
|
|t:|1760370465
|move|p1a: The Last Ronin|Sucker Punch|p2a: Zarude
|-resisted|p2a: Zarude
|-damage|p2a: Zarude|59/100
|move|p2a: Zarude|Power Whip|p1a: The Last Ronin
|-supereffective|p1a: The Last Ronin
|-crit|p1a: The Last Ronin
|-damage|p1a: The Last Ronin|0 fnt
|faint|p1a: The Last Ronin
|
|-weather|RainDance|[upkeep]
|-heal|p2a: Zarude|65/100|[from] Grassy Terrain
|upkeep
|
|t:|1760370476
|switch|p1a: The Little Prince|Iron Valiant|100/100
|turn|7
|
|t:|1760370486
|switch|p2a: Overqwil|Overqwil, M, shiny|100/100
|move|p1a: The Little Prince|Thunderbolt|p2a: Overqwil
|-damage|p2a: Overqwil|33/100
|
|-weather|RainDance|[upkeep]
|-heal|p2a: Overqwil|39/100|[from] Grassy Terrain
|upkeep
|turn|8
|
|t:|1760370493
|move|p2a: Overqwil|Gunk Shot|p1a: The Little Prince
|-supereffective|p1a: The Little Prince
|-damage|p1a: The Little Prince|0 fnt
|faint|p1a: The Little Prince
|-end|p1a: The Little Prince|Quark Drive|[silent]
|-damage|p2a: Overqwil|29/100|[from] item: Life Orb
|
|-weather|RainDance|[upkeep]
|-heal|p2a: Overqwil|36/100|[from] Grassy Terrain
|-fieldend|move: Grassy Terrain
|upkeep
|
|t:|1760370504
|switch|p1a: Transylvania|Dragapult, F|100/100
|turn|9
|
|t:|1760370511
|move|p2a: Overqwil|Crunch|p1a: Transylvania
|-supereffective|p1a: Transylvania
|-damage|p1a: Transylvania|0 fnt
|faint|p1a: Transylvania
|-damage|p2a: Overqwil|26/100|[from] item: Life Orb
|
|-weather|none
|upkeep
|-message|notix_III forfeited.
|
|win|donfeitan
|raw|notix_III's rating: 1145 &rarr; <strong>1121</strong><br />(-24 for losing)
|raw|donfeitan's rating: 1160 &rarr; <strong>1184</strong><br />(+24 for winning)
|l|☆notix_III
|player|p1|
