|j|☆best_fighter_euw
|j|☆quantumblaster
|t:|1760377395
|gametype|singles
|player|p1|best_fighter_euw|1|1264
|player|p2|quantumblaster|hilbert-wonderlauncher|1307
|gen|9
|tier|[Gen 9] OU
|rated|
|rule|HP Percentage Mod: HP is shown in percentages
|rule|Endless Battle Clause: Forcing endless battles is banned
|rule|Species Clause: Limit one of each Pokémon
|rule|OHKO Clause: OHKO moves are banned
|rule|Evasion Items Clause: Evasion items are banned
|rule|Evasion Moves Clause: Evasion moves are banned
|rule|Evasion Abilities Clause: Evasion abilities are banned
|rule|Sleep Moves Clause: Sleep-inducing moves are banned
|clearpoke
|poke|p1|Samurott-Hisui, M|
|poke|p1|Moltres|
|poke|p1|Rillaboom, M|
|poke|p1|Iron Valiant|
|poke|p1|Garganacl, M|
|poke|p1|Brambleghast, M|
|poke|p2|Torkoal, M|
|poke|p2|Walking Wake|
|poke|p2|Great Tusk|
|poke|p2|Slither Wing|
|poke|p2|Lilligant-Hisui, F|
|poke|p2|Venusaur, M|
|teampreview
|inactive|Battle timer is ON: inactive players will automatically lose when time's up. (requested by best_fighter_euw)
|
|t:|1760377411
|teamsize|p1|6
|teamsize|p2|6
|start
|switch|p1a: Moltres|Moltres|100/100
|switch|p2a: Torkoal|Torkoal, M|100/100
|-weather|SunnyDay|[from] ability: Drought|[of] p2a: Torkoal
|turn|1
|
|t:|1760377414
|move|p1a: Moltres|Scorching Sands|p2a: Torkoal
|-supereffective|p2a: Torkoal
|-damage|p2a: Torkoal|56/100
|move|p2a: Torkoal|Stealth Rock|p1a: Moltres
|-sidestart|p1: best_fighter_euw|move: Stealth Rock
|
|-weather|SunnyDay|[upkeep]
|upkeep
|turn|2
|
|t:|1760377431
|switch|p2a: Walking Wake|Walking Wake|100/100
|-activate|p2a: Walking Wake|ability: Protosynthesis
|-start|p2a: Walking Wake|protosynthesisspe
|move|p1a: Moltres|Scorching Sands|p2a: Walking Wake
|-damage|p2a: Walking Wake|74/100
|
|-weather|SunnyDay|[upkeep]
|upkeep
|turn|3
|
|t:|1760377443
|switch|p1a: Samurott|Samurott-Hisui, M|100/100
|-damage|p1a: Samurott|88/100|[from] Stealth Rock
|move|p2a: Walking Wake|Weather Ball|p1a: Samurott
|-resisted|p1a: Samurott
|-damage|p1a: Samurott|68/100
|
|-weather|SunnyDay|[upkeep]
|upkeep
|turn|4
|
|t:|1760377454
|-end|p2a: Walking Wake|Protosynthesis|[silent]
|switch|p2a: Slither Wing|Slither Wing|100/100
|-activate|p2a: Slither Wing|ability: Protosynthesis
|-start|p2a: Slither Wing|protosynthesisatk
|move|p1a: Samurott|Ceaseless Edge|p2a: Slither Wing
|-resisted|p2a: Slither Wing
|-damage|p2a: Slither Wing|75/100
|-sidestart|p2: quantumblaster|Spikes
|
|-weather|SunnyDay|[upkeep]
|upkeep
|turn|5
|
|t:|1760377463
|switch|p1a: Garganacl|Garganacl, M|100/100
|-damage|p1a: Garganacl|88/100|[from] Stealth Rock
|move|p2a: Slither Wing|First Impression|p1a: Garganacl
|-damage|p1a: Garganacl|55/100
|
|-weather|SunnyDay|[upkeep]
|-heal|p1a: Garganacl|61/100|[from] item: Leftovers
|upkeep
|turn|6
|
|t:|1760377471
|switch|p1a: Brambleghast|Brambleghast, M|100/100
|-damage|p1a: Brambleghast|88/100|[from] Stealth Rock
|move|p2a: Slither Wing|Close Combat|p1a: Brambleghast
|-immune|p1a: Brambleghast
|
|-weather|SunnyDay|[upkeep]
|-heal|p1a: Brambleghast|94/100|[from] item: Leftovers
|upkeep
|turn|7
|
|t:|1760377478
|move|p1a: Brambleghast|Rapid Spin|p2a: Slither Wing
|-crit|p2a: Slither Wing
|-damage|p2a: Slither Wing|53/100
|-boost|p1a: Brambleghast|spe|1
|-sideend|p1: best_fighter_euw|Stealth Rock|[from] move: Rapid Spin|[of] p1a: Brambleghast
|move|p2a: Slither Wing|U-turn|p1a: Brambleghast
|-damage|p1a: Brambleghast|0 fnt
|faint|p1a: Brambleghast
|
|t:|1760377493
|-end|p2a: Slither Wing|Protosynthesis|[silent]
|switch|p2a: Walking Wake|Walking Wake|74/100|[from] U-turn
|-damage|p2a: Walking Wake|62/100|[from] Spikes
|-activate|p2a: Walking Wake|ability: Protosynthesis
|-start|p2a: Walking Wake|protosynthesisspe
|
|-weather|SunnyDay|[upkeep]
|upkeep
|
|t:|1760377500
|switch|p1a: Iron Valiant|Iron Valiant|100/100
|-enditem|p1a: Iron Valiant|Booster Energy
|-activate|p1a: Iron Valiant|ability: Quark Drive|[fromitem]
|-start|p1a: Iron Valiant|quarkdrivespe
|turn|8
|
|t:|1760377516
|-end|p2a: Walking Wake|Protosynthesis|[silent]
|switch|p2a: Venusaur|Venusaur, M|100/100
|-damage|p2a: Venusaur|88/100|[from] Spikes
|move|p1a: Iron Valiant|Calm Mind|p1a: Iron Valiant
|-boost|p1a: Iron Valiant|spa|1
|-boost|p1a: Iron Valiant|spd|1
|
|-weather|none
|upkeep
|turn|9
|
|t:|1760377526
|switch|p2a: Torkoal|Torkoal, M|56/100
|-damage|p2a: Torkoal|44/100|[from] Spikes
|-weather|SunnyDay|[from] ability: Drought|[of] p2a: Torkoal
|-terastallize|p1a: Iron Valiant|Steel
|move|p1a: Iron Valiant|Calm Mind|p1a: Iron Valiant
|-boost|p1a: Iron Valiant|spa|1
|-boost|p1a: Iron Valiant|spd|1
|
|-weather|SunnyDay|[upkeep]
|upkeep
|turn|10
|
|t:|1760377537
|move|p1a: Iron Valiant|Shadow Ball|p2a: Torkoal
|-damage|p2a: Torkoal|0 fnt
|faint|p2a: Torkoal
|
|-weather|SunnyDay|[upkeep]
|upkeep
|
|t:|1760377540
|switch|p2a: Lilligant|Lilligant-Hisui, F|100/100
|-damage|p2a: Lilligant|88/100|[from] Spikes
|turn|11
|
|t:|1760377551
|move|p2a: Lilligant|Close Combat|p1a: Iron Valiant
|-supereffective|p1a: Iron Valiant
|-crit|p1a: Iron Valiant
|-damage|p1a: Iron Valiant|0 fnt
|-unboost|p2a: Lilligant|def|1
|-unboost|p2a: Lilligant|spd|1
|faint|p1a: Iron Valiant
|-end|p1a: Iron Valiant|Quark Drive|[silent]
|-damage|p2a: Lilligant|78/100|[from] item: Life Orb
|
|-weather|SunnyDay|[upkeep]
|upkeep
|
|t:|1760377578
|switch|p1a: Moltres|Moltres|100/100
|turn|12
|
|t:|1760377585
|switch|p2a: Walking Wake|Walking Wake|62/100
|-damage|p2a: Walking Wake|49/100|[from] Spikes
|-activate|p2a: Walking Wake|ability: Protosynthesis
|-start|p2a: Walking Wake|protosynthesisspe
|move|p1a: Moltres|Flamethrower|p2a: Walking Wake
|-resisted|p2a: Walking Wake
|-crit|p2a: Walking Wake
|-damage|p2a: Walking Wake|21/100
|
|-weather|SunnyDay|[upkeep]
|upkeep
|turn|13
|inactive|best_fighter_euw has 120 seconds left.
|
|t:|1760377612
|switch|p1a: Samurott|Samurott-Hisui, M|68/100
|move|p2a: Walking Wake|Draco Meteor|p1a: Samurott
|-damage|p1a: Samurott|11/100
|-unboost|p2a: Walking Wake|spa|2
|
|-weather|SunnyDay|[upkeep]
|upkeep
|turn|14
|
|t:|1760377618
|move|p1a: Samurott|Sucker Punch|p2a: Walking Wake
|-damage|p2a: Walking Wake|0 fnt
|faint|p2a: Walking Wake
|-end|p2a: Walking Wake|Protosynthesis|[silent]
|
|-weather|SunnyDay|[upkeep]
|upkeep
|
|t:|1760377627
|switch|p2a: Great Tusk|Great Tusk|100/100
|-damage|p2a: Great Tusk|88/100|[from] Spikes
|-activate|p2a: Great Tusk|ability: Protosynthesis
|-start|p2a: Great Tusk|protosynthesisspe
|turn|15
|
|t:|1760377632
|move|p2a: Great Tusk|Rapid Spin|p1a: Samurott
|-damage|p1a: Samurott|0 fnt
|-boost|p2a: Great Tusk|spe|1
|-sideend|p2: quantumblaster|Spikes|[from] move: Rapid Spin|[of] p2a: Great Tusk
|faint|p1a: Samurott
|
|-weather|SunnyDay|[upkeep]
|-heal|p2a: Great Tusk|94/100|[from] item: Leftovers
|upkeep
|
|t:|1760377637
|switch|p1a: Moltres|Moltres|100/100
|turn|16
|
|t:|1760377644
|move|p2a: Great Tusk|Supercell Slam|p1a: Moltres
|-supereffective|p1a: Moltres
|-damage|p1a: Moltres|27/100
|move|p1a: Moltres|Flamethrower|p2a: Great Tusk
|-damage|p2a: Great Tusk|12/100
|
|-weather|none
|-end|p2a: Great Tusk|Protosynthesis
|-heal|p2a: Great Tusk|18/100|[from] item: Leftovers
|upkeep
|turn|17
|
|t:|1760377654
|switch|p1a: Rillaboom|Rillaboom, M|100/100
|-fieldstart|move: Grassy Terrain|[from] ability: Grassy Surge|[of] p1a: Rillaboom
|move|p2a: Great Tusk|Supercell Slam|p1a: Rillaboom
|-resisted|p1a: Rillaboom
|-damage|p1a: Rillaboom|86/100
|
|-heal|p2a: Great Tusk|24/100|[from] Grassy Terrain
|-heal|p2a: Great Tusk|31/100|[from] item: Leftovers
|-heal|p1a: Rillaboom|92/100|[from] Grassy Terrain
|upkeep
|turn|18
|
|t:|1760377669
|-end|p2a: Great Tusk|Protosynthesis|[silent]
|switch|p2a: Venusaur|Venusaur, M|88/100
|move|p1a: Rillaboom|Grassy Glide|p2a: Venusaur
|-resisted|p2a: Venusaur
|-damage|p2a: Venusaur|70/100
|
|-heal|p1a: Rillaboom|98/100|[from] Grassy Terrain
|-heal|p2a: Venusaur|76/100|[from] Grassy Terrain
|upkeep
|turn|19
|
|t:|1760377684
|switch|p1a: Garganacl|Garganacl, M|61/100
|move|p2a: Venusaur|Growth|p2a: Venusaur
|-boost|p2a: Venusaur|atk|1
|-boost|p2a: Venusaur|spa|1
|
|-heal|p2a: Venusaur|82/100|[from] Grassy Terrain
|-heal|p1a: Garganacl|68/100|[from] Grassy Terrain
|-heal|p1a: Garganacl|74/100|[from] item: Leftovers
|upkeep
|turn|20
|
|t:|1760377690
|move|p2a: Venusaur|Giga Drain|p1a: Garganacl
|-supereffective|p1a: Garganacl
|-damage|p1a: Garganacl|0 fnt
|-heal|p2a: Venusaur|100/100|[from] drain|[of] p1a: Garganacl
|faint|p1a: Garganacl
|-damage|p2a: Venusaur|91/100|[from] item: Life Orb
|
|-heal|p2a: Venusaur|97/100|[from] Grassy Terrain
|upkeep
|
|t:|1760377696
|switch|p1a: Moltres|Moltres|27/100
|turn|21
|
|t:|1760377707
|move|p1a: Moltres|Flamethrower|p2a: Venusaur
|-supereffective|p2a: Venusaur
|-damage|p2a: Venusaur|0 fnt
|faint|p2a: Venusaur
|
|-fieldend|move: Grassy Terrain
|upkeep
|
|t:|1760377723
|switch|p2a: Lilligant|Lilligant-Hisui, F|78/100
|turn|22
|
|t:|1760377745
|switch|p1a: Rillaboom|Rillaboom, M|98/100
|-fieldstart|move: Grassy Terrain|[from] ability: Grassy Surge|[of] p1a: Rillaboom
|-terastallize|p2a: Lilligant|Fire
|move|p2a: Lilligant|Triple Axel|p1a: Rillaboom|[miss]
|-miss|p2a: Lilligant|p1a: Rillaboom
|
|-heal|p2a: Lilligant|84/100|[from] Grassy Terrain
|-heal|p1a: Rillaboom|100/100|[from] Grassy Terrain
|upkeep
|turn|23
|
|t:|1760377753
|move|p2a: Lilligant|Tera Blast|p1a: Rillaboom|[anim] Tera Blast Fire
|-supereffective|p1a: Rillaboom
|-damage|p1a: Rillaboom|0 fnt
|faint|p1a: Rillaboom
|-damage|p2a: Lilligant|74/100|[from] item: Life Orb
|
|-heal|p2a: Lilligant|80/100|[from] Grassy Terrain
|upkeep
|
|t:|1760377756
|switch|p1a: Moltres|Moltres|27/100
|turn|24
|
|t:|1760377762
|move|p2a: Lilligant|Triple Axel|p1a: Moltres
|-damage|p1a: Moltres|17/100
|-damage|p1a: Moltres|0 fnt
|faint|p1a: Moltres
|-hitcount|p1: Moltres|2
|-damage|p2a: Lilligant|70/100|[from] item: Life Orb
|
|win|quantumblaster
|raw|best_fighter_euw's rating: 1264 &rarr; <strong>1242</strong><br />(-22 for losing)
|raw|quantumblaster's rating: 1307 &rarr; <strong>1325</strong><br />(+18 for winning)
|l|☆quantumblaster
|player|p2|
|l|☆best_fighter_euw
|player|p1|
