|j|☆Tailwind Lobbyist
|j|☆CAZSYZ
|t:|1760330474
|gametype|singles
|player|p1|Tailwind Lobbyist|clerkf|1457
|player|p2|CAZSYZ|lady|1440
|gen|9
|tier|[Gen 9] OU
|rated|
|rule|HP Percentage Mod: HP is shown in percentages
|rule|Endless Battle Clause: Forcing endless battles is banned
|rule|Species Clause: Limit one of each Pokémon
|rule|OHKO Clause: OHKO moves are banned
|rule|Evasion Items Clause: Evasion items are banned
|rule|Evasion Moves Clause: Evasion moves are banned
|rule|Evasion Abilities Clause: Evasion abilities are banned
|rule|Sleep Moves Clause: Sleep-inducing moves are banned
|clearpoke
|poke|p1|Blaziken, F|
|poke|p1|Dragapult, M|
|poke|p1|Pecharunt|
|poke|p1|Iron Treads|
|poke|p1|Tornadus-Therian, M|
|poke|p1|Ogerpon-Wellspring, F|
|poke|p2|Great Tusk|
|poke|p2|Blissey, F|
|poke|p2|Alomomola, F|
|poke|p2|Dragapult, M|
|poke|p2|Corviknight, F|
|poke|p2|Dondozo, F|
|teampreview
|j| GhostofBermuda
|inactive|Battle timer is ON: inactive players will automatically lose when time's up. (requested by CAZSYZ)
|
|t:|1760330480
|teamsize|p1|6
|teamsize|p2|6
|start
|switch|p1a: Iron Treads|Iron Treads|100/100
|switch|p2a: Great Tusk|Great Tusk|100/100
|turn|1
|
|t:|1760330484
|move|p1a: Iron Treads|Knock Off|p2a: Great Tusk
|-resisted|p2a: Great Tusk
|-damage|p2a: Great Tusk|93/100
|-enditem|p2a: Great Tusk|Leftovers|[from] move: Knock Off|[of] p1a: Iron Treads
|move|p2a: Great Tusk|Knock Off|p1a: Iron Treads
|-damage|p1a: Iron Treads|75/100
|-enditem|p1a: Iron Treads|Heavy-Duty Boots|[from] move: Knock Off|[of] p2a: Great Tusk
|
|upkeep
|turn|2
|
|t:|1760330493
|move|p1a: Iron Treads|Earthquake|p2a: Great Tusk
|-damage|p2a: Great Tusk|71/100
|move|p2a: Great Tusk|Stealth Rock|p1a: Iron Treads
|-sidestart|p1: Tailwind Lobbyist|move: Stealth Rock
|
|upkeep
|turn|3
|
|t:|1760330498
|move|p1a: Iron Treads|Rapid Spin|p2a: Great Tusk
|-damage|p2a: Great Tusk|64/100
|-boost|p1a: Iron Treads|spe|1
|-sideend|p1: Tailwind Lobbyist|Stealth Rock|[from] move: Rapid Spin|[of] p1a: Iron Treads
|move|p2a: Great Tusk|Body Press|p1a: Iron Treads
|-supereffective|p1a: Iron Treads
|-damage|p1a: Iron Treads|0 fnt
|faint|p1a: Iron Treads
|-end|p1a: Iron Treads|Quark Drive|[silent]
|
|upkeep
|
|t:|1760330508
|switch|p1a: Tornadus|Tornadus-Therian, M|100/100
|turn|4
|
|t:|1760330515
|-end|p2a: Great Tusk|Protosynthesis|[silent]
|switch|p2a: Blissey|Blissey, F|100/100
|move|p1a: Tornadus|Bleakwind Storm|p2a: Blissey
|-damage|p2a: Blissey|90/100
|
|-heal|p2a: Blissey|96/100|[from] item: Leftovers
|upkeep
|turn|5
|
|t:|1760330524
|switch|p2a: Corviknight|Corviknight, F|100/100
|-ability|p2a: Corviknight|Pressure
|move|p1a: Tornadus|Knock Off|p2a: Corviknight
|-damage|p2a: Corviknight|86/100
|-damage|p1a: Tornadus|84/100|[from] item: Rocky Helmet|[of] p2a: Corviknight
|-enditem|p2a: Corviknight|Rocky Helmet|[from] move: Knock Off|[of] p1a: Tornadus
|
|upkeep
|turn|6
|
|t:|1760330532
|move|p1a: Tornadus|Heat Wave|p2a: Corviknight
|-supereffective|p2a: Corviknight
|-damage|p2a: Corviknight|47/100
|-status|p2a: Corviknight|brn
|move|p2a: Corviknight|U-turn|p1a: Tornadus
|-resisted|p1a: Tornadus
|-damage|p1a: Tornadus|80/100
|
|t:|1760330539
|switch|p2a: Dragapult|Dragapult, M|100/100|[from] U-turn
|
|upkeep
|turn|7
|
|t:|1760330543
|move|p2a: Dragapult|Dragon Darts|p1a: Tornadus
|-damage|p1a: Tornadus|51/100
|-anim|p2a: Dragapult|Dragon Darts|p1a: Tornadus
|-damage|p1a: Tornadus|22/100
|move|p1a: Tornadus|Knock Off|p2a: Dragapult
|-supereffective|p2a: Dragapult
|-damage|p2a: Dragapult|47/100
|-enditem|p2a: Dragapult|Choice Scarf|[from] move: Knock Off|[of] p1a: Tornadus
|
|upkeep
|turn|8
|
|t:|1760330550
|switch|p1a: Pecharunt|Pecharunt|100/100
|move|p2a: Dragapult|Dragon Darts|p1a: Pecharunt
|-damage|p1a: Pecharunt|89/100
|-anim|p2a: Dragapult|Dragon Darts|p1a: Pecharunt
|-damage|p1a: Pecharunt|76/100
|
|upkeep
|turn|9
|
|t:|1760330554
|move|p2a: Dragapult|U-turn|p1a: Pecharunt
|-resisted|p1a: Pecharunt
|-damage|p1a: Pecharunt|73/100
|
|t:|1760330564
|switch|p2a: Blissey|Blissey, F|96/100|[from] U-turn
|move|p1a: Pecharunt|Parting Shot|p2a: Blissey
|-unboost|p2a: Blissey|atk|1
|-unboost|p2a: Blissey|spa|1
|
|t:|1760330576
|switch|p1a: Ogerpon|Ogerpon-Wellspring, F|100/100|[from] Parting Shot
|
|-heal|p2a: Blissey|100/100|[from] item: Leftovers
|upkeep
|turn|10
|
|t:|1760330583
|switch|p2a: Alomomola|Alomomola, F|100/100
|move|p1a: Ogerpon|Knock Off|p2a: Alomomola
|-damage|p2a: Alomomola|77/100
|-enditem|p2a: Alomomola|Heavy-Duty Boots|[from] move: Knock Off|[of] p1a: Ogerpon
|
|upkeep
|turn|11
|
|t:|1760330587
|move|p1a: Ogerpon|Swords Dance|p1a: Ogerpon
|-boost|p1a: Ogerpon|atk|2
|move|p2a: Alomomola|Wish|p2a: Alomomola
|
|upkeep
|turn|12
|
|t:|1760330596
|switch|p2a: Dondozo|Dondozo, F|100/100
|move|p1a: Ogerpon|Horn Leech|p2a: Dondozo
|-supereffective|p2a: Dondozo
|-damage|p2a: Dondozo|60/100
|
|-heal|p2a: Dondozo|100/100|[from] move: Wish|[wisher] Alomomola
|upkeep
|turn|13
|
|t:|1760330607
|-terastallize|p2a: Dondozo|Grass
|move|p1a: Ogerpon|Knock Off|p2a: Dondozo
|-damage|p2a: Dondozo|85/100
|-enditem|p2a: Dondozo|Leftovers|[from] move: Knock Off|[of] p1a: Ogerpon
|move|p2a: Dondozo|Curse|p2a: Dondozo
|-unboost|p2a: Dondozo|spe|1
|-boost|p2a: Dondozo|atk|1
|-boost|p2a: Dondozo|def|1
|
|upkeep
|turn|14
|
|t:|1760330615
|switch|p1a: Pecharunt|Pecharunt|73/100
|move|p2a: Dondozo|Waterfall|p1a: Pecharunt
|-damage|p1a: Pecharunt|52/100
|
|upkeep
|turn|15
|
|t:|1760330621
|switch|p2a: Alomomola|Alomomola, F|100/100
|move|p1a: Pecharunt|Malignant Chain|p2a: Alomomola
|-damage|p2a: Alomomola|71/100
|
|upkeep
|turn|16
|
|t:|1760330630
|move|p1a: Pecharunt|Recover|p1a: Pecharunt
|-heal|p1a: Pecharunt|100/100
|move|p2a: Alomomola|Wish|p2a: Alomomola
|
|upkeep
|turn|17
|
|t:|1760330635
|switch|p2a: Corviknight|Corviknight, F|47/100 brn
|-ability|p2a: Corviknight|Pressure
|move|p1a: Pecharunt|Parting Shot|p2a: Corviknight
|-unboost|p2a: Corviknight|atk|1
|-unboost|p2a: Corviknight|spa|1
|
|t:|1760330646
|switch|p1a: Blaziken|Blaziken, F, shiny|100/100|[from] Parting Shot
|
|-heal|p2a: Corviknight|100/100 brn|[from] move: Wish|[wisher] Alomomola
|-damage|p2a: Corviknight|94/100 brn|[from] brn
|upkeep
|turn|18
|
|t:|1760330651
|switch|p2a: Alomomola|Alomomola, F|100/100
|move|p1a: Blaziken|Swords Dance|p1a: Blaziken
|-boost|p1a: Blaziken|atk|2
|
|-ability|p1a: Blaziken|Speed Boost|boost
|-boost|p1a: Blaziken|spe|1
|upkeep
|turn|19
|
|t:|1760330681
|-terastallize|p1a: Blaziken|Fighting
|move|p1a: Blaziken|Close Combat|p2a: Alomomola
|-damage|p2a: Alomomola|0 fnt
|-unboost|p1a: Blaziken|def|1
|-unboost|p1a: Blaziken|spd|1
|faint|p2a: Alomomola
|-damage|p1a: Blaziken|91/100|[from] item: Life Orb
|
|-ability|p1a: Blaziken|Speed Boost|boost
|-boost|p1a: Blaziken|spe|1
|upkeep
|
|t:|1760330701
|switch|p2a: Dragapult|Dragapult, M|47/100
|turn|20
|
|t:|1760330706
|move|p2a: Dragapult|Sucker Punch|p1a: Blaziken
|-resisted|p1a: Blaziken
|-damage|p1a: Blaziken|64/100
|move|p1a: Blaziken|Flare Blitz|p2a: Dragapult
|-resisted|p2a: Dragapult
|-damage|p2a: Dragapult|0 fnt
|faint|p2a: Dragapult
|-damage|p1a: Blaziken|48/100|[from] Recoil
|-damage|p1a: Blaziken|38/100|[from] item: Life Orb
|
|-ability|p1a: Blaziken|Speed Boost|boost
|-boost|p1a: Blaziken|spe|1
|upkeep
|
|t:|1760330717
|switch|p2a: Dondozo|Dondozo, F, tera:Grass|85/100
|turn|21
|
|t:|1760330726
|switch|p2a: Great Tusk|Great Tusk|64/100
|move|p1a: Blaziken|Flare Blitz|p2a: Great Tusk
|-damage|p2a: Great Tusk|0 fnt
|faint|p2a: Great Tusk
|-end|p2a: Great Tusk|Protosynthesis|[silent]
|-damage|p1a: Blaziken|8/100|[from] Recoil
|-damage|p1a: Blaziken|0 fnt|[from] item: Life Orb
|faint|p1a: Blaziken
|
|upkeep
|
|t:|1760330734
|switch|p1a: Tornadus|Tornadus-Therian, M|55/100
|switch|p2a: Corviknight|Corviknight, F|94/100 brn
|-ability|p2a: Corviknight|Pressure
|turn|22
|
|t:|1760330744
|switch|p2a: Blissey|Blissey, F|100/100
|move|p1a: Tornadus|U-turn|p2a: Blissey
|-damage|p2a: Blissey|71/100
|
|t:|1760330752
|switch|p1a: Pecharunt|Pecharunt|100/100|[from] U-turn
|
|-heal|p2a: Blissey|77/100|[from] item: Leftovers
|upkeep
|turn|23
|
|t:|1760330758
|move|p1a: Pecharunt|Malignant Chain|p2a: Blissey
|-damage|p2a: Blissey|68/100
|-status|p2a: Blissey|tox
|-start|p2a: Blissey|confusion|[from] ability: Poison Puppeteer|[of] p1a: Pecharunt
|-activate|p2a: Blissey|confusion
|move|p2a: Blissey|Heal Bell|p2a: Blissey
|-activate|p2a: Blissey|move: Heal Bell
|-curestatus|p2a: Blissey|tox|[msg]
|-curestatus|p2: Corviknight|brn|[msg]
|
|-heal|p2a: Blissey|74/100|[from] item: Leftovers
|upkeep
|turn|24
|
|t:|1760330769
|move|p1a: Pecharunt|Parting Shot|p2a: Blissey
|-unboost|p2a: Blissey|atk|1
|-unboost|p2a: Blissey|spa|1
|
|t:|1760330772
|switch|p1a: Ogerpon|Ogerpon-Wellspring, F|100/100|[from] Parting Shot
|-activate|p2a: Blissey|confusion
|-damage|p2a: Blissey|73/100|[from] confusion
|
|-heal|p2a: Blissey|79/100|[from] item: Leftovers
|upkeep
|turn|25
|
|t:|1760330776
|switch|p2a: Dondozo|Dondozo, F, tera:Grass|85/100
|move|p1a: Ogerpon|Ivy Cudgel|p2a: Dondozo|[anim] Ivy Cudgel Water
|-resisted|p2a: Dondozo
|-damage|p2a: Dondozo|71/100
|
|upkeep
|turn|26
|
|t:|1760330782
|switch|p1a: Pecharunt|Pecharunt|100/100
|move|p2a: Dondozo|Waterfall|p1a: Pecharunt
|-damage|p1a: Pecharunt|88/100
|
|upkeep
|turn|27
|
|t:|1760330787
|switch|p2a: Corviknight|Corviknight, F|94/100
|-ability|p2a: Corviknight|Pressure
|move|p1a: Pecharunt|Parting Shot|p2a: Corviknight
|-unboost|p2a: Corviknight|atk|1
|-unboost|p2a: Corviknight|spa|1
|
|t:|1760330791
|switch|p1a: Tornadus|Tornadus-Therian, M|89/100|[from] Parting Shot
|
|upkeep
|turn|28
|
|t:|1760330797
|move|p1a: Tornadus|Heat Wave|p2a: Corviknight
|-supereffective|p2a: Corviknight
|-damage|p2a: Corviknight|58/100
|move|p2a: Corviknight|U-turn|p1a: Tornadus
|-resisted|p1a: Tornadus
|-damage|p1a: Tornadus|83/100
|
|t:|1760330800
|switch|p2a: Blissey|Blissey, F|79/100|[from] U-turn
|
|-heal|p2a: Blissey|85/100|[from] item: Leftovers
|upkeep
|turn|29
|
|t:|1760330802
|move|p1a: Tornadus|U-turn|p2a: Blissey
|-damage|p2a: Blissey|57/100
|
|t:|1760330804
|switch|p1a: Dragapult|Dragapult, M|100/100|[from] U-turn
|move|p2a: Blissey|Light Screen|p2a: Blissey
|-sidestart|p2: CAZSYZ|move: Light Screen
|
|-heal|p2a: Blissey|63/100|[from] item: Leftovers
|upkeep
|turn|30
|
|t:|1760330808
|switch|p2a: Corviknight|Corviknight, F|58/100
|-ability|p2a: Corviknight|Pressure
|move|p1a: Dragapult|Dragon Darts|p2a: Corviknight
|-resisted|p2a: Corviknight
|-damage|p2a: Corviknight|51/100
|-anim|p1a: Dragapult|Dragon Darts|p2a: Corviknight
|-resisted|p2a: Corviknight
|-damage|p2a: Corviknight|44/100
|
|upkeep
|turn|31
|
|t:|1760330813
|move|p1a: Dragapult|Will-O-Wisp|p2a: Corviknight
|-status|p2a: Corviknight|brn
|move|p2a: Corviknight|Roost|p2a: Corviknight
|-heal|p2a: Corviknight|94/100 brn
|-singleturn|p2a: Corviknight|move: Roost
|
|-damage|p2a: Corviknight|88/100 brn|[from] brn
|upkeep
|turn|32
|
|t:|1760330816
|move|p1a: Dragapult|Hex|p2a: Corviknight
|-damage|p2a: Corviknight|47/100 brn
|move|p2a: Corviknight|U-turn|p1a: Dragapult
|-resisted|p1a: Dragapult
|-damage|p1a: Dragapult|95/100
|
|t:|1760330820
|switch|p2a: Blissey|Blissey, F|63/100|[from] U-turn
|
|-heal|p2a: Blissey|69/100|[from] item: Leftovers
|upkeep
|turn|33
|
|t:|1760330822
|move|p1a: Dragapult|Will-O-Wisp|p2a: Blissey
|-status|p2a: Blissey|brn
|move|p2a: Blissey|Soft-Boiled|p2a: Blissey
|-heal|p2a: Blissey|100/100 brn
|
|-damage|p2a: Blissey|94/100 brn|[from] brn
|-sideend|p2: CAZSYZ|move: Light Screen
|upkeep
|turn|34
|
|t:|1760330833
|-curestatus|p2a: Blissey|brn|[from] ability: Natural Cure
|switch|p2a: Corviknight|Corviknight, F|47/100 brn
|-ability|p2a: Corviknight|Pressure
|move|p1a: Dragapult|Dragon Darts|p2a: Corviknight
|-resisted|p2a: Corviknight
|-damage|p2a: Corviknight|40/100 brn
|-anim|p1a: Dragapult|Dragon Darts|p2a: Corviknight
|-resisted|p2a: Corviknight
|-damage|p2a: Corviknight|33/100 brn
|
|-damage|p2a: Corviknight|27/100 brn|[from] brn
|upkeep
|turn|35
|
|t:|1760330840
|switch|p2a: Blissey|Blissey, F|94/100
|move|p1a: Dragapult|Dragon Darts|p2a: Blissey
|-damage|p2a: Blissey|52/100
|-anim|p1a: Dragapult|Dragon Darts|p2a: Blissey
|-damage|p2a: Blissey|8/100
|
|-heal|p2a: Blissey|15/100|[from] item: Leftovers
|upkeep
|turn|36
|
|t:|1760330845
|switch|p2a: Corviknight|Corviknight, F|27/100 brn
|-ability|p2a: Corviknight|Pressure
|move|p1a: Dragapult|Dragon Darts|p2a: Corviknight
|-resisted|p2a: Corviknight
|-damage|p2a: Corviknight|20/100 brn
|-anim|p1a: Dragapult|Dragon Darts|p2a: Corviknight
|-resisted|p2a: Corviknight
|-damage|p2a: Corviknight|13/100 brn
|
|-damage|p2a: Corviknight|7/100 brn|[from] brn
|upkeep
|turn|37
|
|t:|1760330855
|move|p1a: Dragapult|Dragon Darts|p2a: Corviknight
|-resisted|p2a: Corviknight
|-damage|p2a: Corviknight|0 fnt
|faint|p2a: Corviknight
|
|upkeep
|-message|CAZSYZ forfeited.
|
|win|Tailwind Lobbyist
|raw|Tailwind Lobbyist's rating: 1457 &rarr; <strong>1476</strong><br />(+19 for winning)
|raw|CAZSYZ's rating: 1440 &rarr; <strong>1421</strong><br />(-19 for losing)
|l|☆CAZSYZ
|player|p2|
