|j|☆mattcoolcat98
|j|☆adv 1v1
|t:|1760383502
|gametype|singles
|player|p1|mattcoolcat98|1|1542
|player|p2|adv 1v1|lisia|1506
|gen|9
|tier|[Gen 9] OU
|rated|
|rule|HP Percentage Mod: HP is shown in percentages
|rule|Endless Battle Clause: Forcing endless battles is banned
|rule|Species Clause: Limit one of each Pokémon
|rule|OHKO Clause: OHKO moves are banned
|rule|Evasion Items Clause: Evasion items are banned
|rule|Evasion Moves Clause: Evasion moves are banned
|rule|Evasion Abilities Clause: Evasion abilities are banned
|rule|Sleep Moves Clause: Sleep-inducing moves are banned
|clearpoke
|poke|p1|Gholdengo|
|poke|p1|Maushold|
|poke|p1|Rillaboom, M|
|poke|p1|Gardevoir, F|
|poke|p1|Latios, M|
|poke|p1|Glimmora, M|
|poke|p2|Jirachi|
|poke|p2|Ursaluna, M|
|poke|p2|Iron Hands|
|poke|p2|Volcanion|
|poke|p2|Moltres-Galar|
|poke|p2|Rillaboom, M|
|teampreview
|inactive|Battle timer is ON: inactive players will automatically lose when time's up. (requested by adv 1v1)
|
|t:|1760383512
|teamsize|p1|6
|teamsize|p2|6
|start
|switch|p1a: Glimmora|Glimmora, M|100/100
|switch|p2a: Ursaluna|Ursaluna, M|100/100
|turn|1
|
|t:|1760383518
|move|p1a: Glimmora|Stealth Rock|p2a: Ursaluna
|-sidestart|p2: adv 1v1|move: Stealth Rock
|move|p2a: Ursaluna|Trailblaze|p1a: Glimmora
|-damage|p1a: Glimmora|77/100
|-boost|p2a: Ursaluna|spe|1
|-enditem|p1a: Glimmora|Red Card|[of] p2a: Ursaluna
|drag|p2a: Volcanion|Volcanion|100/100
|
|upkeep
|turn|2
|
|t:|1760383531
|move|p1a: Glimmora|Power Gem|p2a: Volcanion
|-supereffective|p2a: Volcanion
|-damage|p2a: Volcanion|11/100
|move|p2a: Volcanion|Steam Eruption|p1a: Glimmora
|-supereffective|p1a: Glimmora
|-damage|p1a: Glimmora|0 fnt
|faint|p1a: Glimmora
|
|upkeep
|
|t:|1760383539
|switch|p1a: Latios|Latios, M|100/100
|turn|3
|
|t:|1760383545
|switch|p2a: Moltres|Moltres-Galar|100/100
|-damage|p2a: Moltres|75/100|[from] Stealth Rock
|move|p1a: Latios|Reflect|p1a: Latios
|-sidestart|p1: mattcoolcat98|Reflect
|
|-heal|p2a: Moltres|82/100|[from] item: Leftovers
|upkeep
|turn|4
|
|t:|1760383551
|move|p1a: Latios|Light Screen|p1a: Latios
|-sidestart|p1: mattcoolcat98|move: Light Screen
|move|p2a: Moltres|U-turn|p1a: Latios
|-supereffective|p1a: Latios
|-damage|p1a: Latios|85/100
|
|t:|1760383558
|switch|p2a: Jirachi|Jirachi|100/100|[from] U-turn
|-damage|p2a: Jirachi|94/100|[from] Stealth Rock
|
|upkeep
|turn|5
|
|t:|1760383562
|move|p2a: Jirachi|Trick|p1a: Latios
|-activate|p2a: Jirachi|move: Trick|[of] p1a: Latios
|-item|p1a: Latios|Choice Scarf|[from] move: Trick
|-item|p2a: Jirachi|Light Clay|[from] move: Trick
|move|p1a: Latios|Simple Beam|p2a: Jirachi
|-ability|p2a: Jirachi|Simple|Serene Grace|[from] move: Simple Beam
|
|upkeep
|turn|6
|
|t:|1760383573
|switch|p1a: Gardevoir|Gardevoir, F|100/100
|-ability|p1a: Gardevoir|Simple|Trace|[from] ability: Trace|[of] p2a: Jirachi
|move|p2a: Jirachi|U-turn|p1a: Gardevoir
|-crit|p1a: Gardevoir
|-damage|p1a: Gardevoir|54/100
|
|t:|1760383582
|switch|p2a: Rillaboom|Rillaboom, M|100/100|[from] U-turn
|-damage|p2a: Rillaboom|88/100|[from] Stealth Rock
|-fieldstart|move: Grassy Terrain|[from] ability: Grassy Surge|[of] p2a: Rillaboom
|
|-heal|p1a: Gardevoir|60/100|[from] Grassy Terrain
|-heal|p2a: Rillaboom|94/100|[from] Grassy Terrain
|upkeep
|turn|7
|
|t:|1760383591
|move|p2a: Rillaboom|Fake Out|p1a: Gardevoir
|-damage|p1a: Gardevoir|46/100
|-damage|p2a: Rillaboom|84/100|[from] item: Life Orb
|cant|p1a: Gardevoir|flinch
|
|-heal|p1a: Gardevoir|53/100|[from] Grassy Terrain
|-heal|p2a: Rillaboom|91/100|[from] Grassy Terrain
|upkeep
|turn|8
|
|t:|1760383611
|-terastallize|p1a: Gardevoir|Steel
|move|p1a: Gardevoir|Calm Mind|p1a: Gardevoir
|-boost|p1a: Gardevoir|spa|2
|-boost|p1a: Gardevoir|spd|2
|move|p2a: Rillaboom|Wood Hammer|p1a: Gardevoir
|-resisted|p1a: Gardevoir
|-damage|p1a: Gardevoir|13/100
|-enditem|p1a: Gardevoir|Salac Berry|[eat]
|-boost|p1a: Gardevoir|spe|2|[from] item: Salac Berry
|-damage|p2a: Rillaboom|77/100|[from] Recoil
|-damage|p2a: Rillaboom|67/100|[from] item: Life Orb
|
|-heal|p1a: Gardevoir|19/100|[from] Grassy Terrain
|-heal|p2a: Rillaboom|74/100|[from] Grassy Terrain
|upkeep
|turn|9
|
|t:|1760383634
|-terastallize|p2a: Rillaboom|Grass
|move|p2a: Rillaboom|Grassy Glide|p1a: Gardevoir
|-resisted|p1a: Gardevoir
|-damage|p1a: Gardevoir|0 fnt
|faint|p1a: Gardevoir
|-damage|p2a: Rillaboom|64/100|[from] item: Life Orb
|
|-heal|p2a: Rillaboom|70/100|[from] Grassy Terrain
|upkeep
|inactive|mattcoolcat98 has 120 seconds left.
|
|t:|1760383651
|switch|p1a: Maushold|Maushold|100/100
|turn|10
|inactive|adv 1v1 has 120 seconds left.
|
|t:|1760383677
|switch|p1a: Rillaboom|Rillaboom, M|100/100
|move|p2a: Rillaboom|Wood Hammer|p1a: Rillaboom
|-resisted|p1a: Rillaboom
|-crit|p1a: Rillaboom
|-damage|p1a: Rillaboom|9/100
|-damage|p2a: Rillaboom|35/100|[from] Recoil
|-damage|p2a: Rillaboom|25/100|[from] item: Life Orb
|
|-heal|p2a: Rillaboom|31/100|[from] Grassy Terrain
|-heal|p1a: Rillaboom|16/100|[from] Grassy Terrain
|-sideend|p1: mattcoolcat98|Reflect
|-fieldend|move: Grassy Terrain
|upkeep
|turn|11
|
|t:|1760383685
|switch|p2a: Moltres|Moltres-Galar|82/100
|-damage|p2a: Moltres|57/100|[from] Stealth Rock
|move|p1a: Rillaboom|Grassy Glide|p2a: Moltres
|-resisted|p2a: Moltres
|-damage|p2a: Moltres|43/100
|-ability|p2a: Moltres|Berserk|boost
|-boost|p2a: Moltres|spa|1
|
|-heal|p2a: Moltres|49/100|[from] item: Leftovers
|-sideend|p1: mattcoolcat98|move: Light Screen
|upkeep
|turn|12
|
|t:|1760383690
|move|p1a: Rillaboom|U-turn|p2a: Moltres
|-damage|p2a: Moltres|27/100
|
|t:|1760383695
|switch|p1a: Maushold|Maushold|100/100|[from] U-turn
|move|p2a: Moltres|Fiery Wrath|p1a: Maushold
|-damage|p1a: Maushold|18/100
|
|-heal|p2a: Moltres|33/100|[from] item: Leftovers
|upkeep
|turn|13
|
|t:|1760383701
|move|p1a: Maushold|Population Bomb|p2a: Moltres
|-damage|p2a: Moltres|22/100
|-damage|p2a: Moltres|10/100
|-damage|p2a: Moltres|0 fnt
|faint|p2a: Moltres
|-hitcount|p2: Moltres|3
|
|upkeep
|
|t:|1760383710
|switch|p2a: Rillaboom|Rillaboom, M, tera:Grass|31/100
|-damage|p2a: Rillaboom|19/100|[from] Stealth Rock
|-fieldstart|move: Grassy Terrain|[from] ability: Grassy Surge|[of] p2a: Rillaboom
|turn|14
|
|t:|1760383717
|switch|p1a: Rillaboom|Rillaboom, M|16/100
|move|p2a: Rillaboom|Grassy Glide|p1a: Rillaboom
|-resisted|p1a: Rillaboom
|-damage|p1a: Rillaboom|0 fnt
|faint|p1a: Rillaboom
|-damage|p2a: Rillaboom|9/100|[from] item: Life Orb
|
|-heal|p2a: Rillaboom|15/100|[from] Grassy Terrain
|upkeep
|
|t:|1760383720
|switch|p1a: Gholdengo|Gholdengo|100/100
|-enditem|p1a: Gholdengo|Grassy Seed
|-boost|p1a: Gholdengo|def|1|[from] item: Grassy Seed
|turn|15
|
|t:|1760383727
|switch|p2a: Ursaluna|Ursaluna, M|100/100
|-damage|p2a: Ursaluna|94/100|[from] Stealth Rock
|move|p1a: Gholdengo|Nasty Plot|p1a: Gholdengo
|-boost|p1a: Gholdengo|spa|2
|
|-heal|p2a: Ursaluna|100/100|[from] Grassy Terrain
|-status|p2a: Ursaluna|brn|[from] item: Flame Orb
|upkeep
|turn|16
|
|t:|1760383741
|move|p1a: Gholdengo|Nasty Plot|p1a: Gholdengo
|-boost|p1a: Gholdengo|spa|2
|move|p2a: Ursaluna|Headlong Rush|p1a: Gholdengo
|-supereffective|p1a: Gholdengo
|-damage|p1a: Gholdengo|0 fnt
|-unboost|p2a: Ursaluna|def|1
|-unboost|p2a: Ursaluna|spd|1
|faint|p1a: Gholdengo
|
|-damage|p2a: Ursaluna|94/100 brn|[from] brn
|upkeep
|
|t:|1760383752
|switch|p1a: Maushold|Maushold|18/100
|turn|17
|
|t:|1760383777
|move|p1a: Maushold|Population Bomb|p2a: Ursaluna
|-damage|p2a: Ursaluna|80/100 brn
|-damage|p2a: Ursaluna|66/100 brn
|-damage|p2a: Ursaluna|53/100 brn
|-damage|p2a: Ursaluna|39/100 brn
|-damage|p2a: Ursaluna|26/100 brn
|-damage|p2a: Ursaluna|13/100 brn
|-damage|p2a: Ursaluna|0 fnt
|faint|p2a: Ursaluna
|-hitcount|p2: Ursaluna|7
|
|-heal|p1a: Maushold|25/100|[from] Grassy Terrain
|upkeep
|
|t:|1760383790
|switch|p2a: Jirachi|Jirachi|94/100
|-damage|p2a: Jirachi|88/100|[from] Stealth Rock
|turn|18
|
|t:|1760383797
|move|p1a: Maushold|Bite|p2a: Jirachi
|-supereffective|p2a: Jirachi
|-damage|p2a: Jirachi|42/100
|move|p2a: Jirachi|Iron Head|p1a: Maushold
|-damage|p1a: Maushold|0 fnt
|faint|p1a: Maushold
|
|-heal|p2a: Jirachi|48/100|[from] Grassy Terrain
|-fieldend|move: Grassy Terrain
|upkeep
|-message|mattcoolcat98 forfeited.
|
|win|adv 1v1
|raw|mattcoolcat98's rating: 1542 &rarr; <strong>1520</strong><br />(-22 for losing)
|raw|adv 1v1's rating: 1506 &rarr; <strong>1528</strong><br />(+22 for winning)
|l|☆mattcoolcat98
|player|p1|
|l|☆adv 1v1
|player|p2|
