|j|☆kyoujic
|j|☆choppedkins
|t:|1760385876
|gametype|singles
|player|p1|kyoujic|265|1540
|player|p2|choppedkins|tate|1572
|gen|9
|tier|[Gen 9] OU
|rated|
|rule|HP Percentage Mod: HP is shown in percentages
|rule|Endless Battle Clause: Forcing endless battles is banned
|rule|Species Clause: Limit one of each Pokémon
|rule|OHKO Clause: OHKO moves are banned
|rule|Evasion Items Clause: Evasion items are banned
|rule|Evasion Moves Clause: Evasion moves are banned
|rule|Evasion Abilities Clause: Evasion abilities are banned
|rule|Sleep Moves Clause: Sleep-inducing moves are banned
|clearpoke
|poke|p1|Toucannon, F|
|poke|p1|Dragonite, M|
|poke|p1|Zamazenta-*|
|poke|p1|Iron Treads|
|poke|p1|Zapdos|
|poke|p1|Primarina, M|
|poke|p2|Moltres|
|poke|p2|Serperior, F|
|poke|p2|Great Tusk|
|poke|p2|Chansey, F|
|poke|p2|Scizor, M|
|poke|p2|Dragapult, M|
|teampreview
|
|t:|1760385889
|teamsize|p1|6
|teamsize|p2|6
|start
|switch|p1a: Primarina|Primarina, M|100/100
|switch|p2a: naughtier|Dragapult, M|100/100
|turn|1
|
|t:|1760385893
|move|p2a: naughtier|U-turn|p1a: Primarina
|-resisted|p1a: Primarina
|-damage|p1a: Primarina|88/100
|
|t:|1760385896
|switch|p2a: Eternity|Chansey, F, shiny|100/100|[from] U-turn
|move|p1a: Primarina|Moonblast|p2a: Eternity
|-damage|p2a: Eternity|83/100
|
|upkeep
|turn|2
|
|t:|1760385899
|move|p1a: Primarina|Flip Turn|p2a: Eternity
|-damage|p2a: Eternity|73/100
|
|t:|1760385901
|switch|p1a: Iron Treads|Iron Treads|100/100|[from] Flip Turn
|-item|p1a: Iron Treads|Air Balloon
|move|p2a: Eternity|Thunder Wave|p1a: Iron Treads
|-immune|p1a: Iron Treads
|
|upkeep
|turn|3
|
|t:|1760385926
|move|p1a: Iron Treads|Knock Off|p2a: Eternity
|-damage|p2a: Eternity|55/100
|-enditem|p2a: Eternity|Eviolite|[from] move: Knock Off|[of] p1a: Iron Treads
|move|p2a: Eternity|Soft-Boiled|p2a: Eternity
|-heal|p2a: Eternity|100/100
|
|upkeep
|turn|4
|
|t:|1760385930
|move|p1a: Iron Treads|Earthquake|p2a: Eternity
|-damage|p2a: Eternity|59/100
|move|p2a: Eternity|Seismic Toss|p1a: Iron Treads
|-damage|p1a: Iron Treads|71/100
|-enditem|p1a: Iron Treads|Air Balloon
|
|upkeep
|turn|5
|
|t:|1760385936
|move|p1a: Iron Treads|Earthquake|p2a: Eternity
|-crit|p2a: Eternity
|-damage|p2a: Eternity|0 fnt
|faint|p2a: Eternity
|
|upkeep
|
|t:|1760385950
|switch|p2a: Grax|Great Tusk|100/100
|turn|6
|
|t:|1760385960
|move|p1a: Iron Treads|Ice Spinner|p2a: Grax
|-supereffective|p2a: Grax
|-damage|p2a: Grax|65/100
|move|p2a: Grax|Ice Spinner|p1a: Iron Treads
|-damage|p1a: Iron Treads|46/100
|
|upkeep
|turn|7
|
|t:|1760385963
|move|p1a: Iron Treads|Ice Spinner|p2a: Grax
|-supereffective|p2a: Grax
|-damage|p2a: Grax|28/100
|move|p2a: Grax|Headlong Rush|p1a: Iron Treads
|-supereffective|p1a: Iron Treads
|-damage|p1a: Iron Treads|0 fnt
|-unboost|p2a: Grax|def|1
|-unboost|p2a: Grax|spd|1
|faint|p1a: Iron Treads
|-end|p1a: Iron Treads|Quark Drive|[silent]
|
|upkeep
|
|t:|1760385972
|switch|p1a: Zamazenta|Zamazenta|100/100
|-ability|p1a: Zamazenta|Dauntless Shield|boost
|-boost|p1a: Zamazenta|def|1
|turn|8
|
|t:|1760385981
|-end|p2a: Grax|Protosynthesis|[silent]
|switch|p2a: Wrathwring|Moltres, shiny|100/100
|move|p1a: Zamazenta|Crunch|p2a: Wrathwring
|-damage|p2a: Wrathwring|72/100
|
|upkeep
|turn|9
|
|t:|1760385987
|switch|p1a: Primarina|Primarina, M|88/100
|move|p2a: Wrathwring|Roar|p1a: Primarina
|drag|p1a: Zamazenta|Zamazenta|100/100
|
|upkeep
|turn|10
|
|t:|1760385990
|move|p1a: Zamazenta|Stone Edge|p2a: Wrathwring|[miss]
|-miss|p1a: Zamazenta|p2a: Wrathwring
|move|p2a: Wrathwring|U-turn|p1a: Zamazenta
|-resisted|p1a: Zamazenta
|-damage|p1a: Zamazenta|94/100
|
|t:|1760385997
|switch|p2a: Grax|Great Tusk|28/100|[from] U-turn
|
|upkeep
|turn|11
|c|☆kyoujic|man imma switch this team everything misses lmao
|
|t:|1760386006
|switch|p1a: Zapdos|Zapdos|100/100
|move|p2a: Grax|Ice Spinner|p1a: Zapdos
|-supereffective|p1a: Zapdos
|-damage|p1a: Zapdos|29/100
|
|upkeep
|turn|12
|
|t:|1760386010
|move|p1a: Zapdos|Hurricane|p2a: Grax|[miss]
|-miss|p1a: Zapdos|p2a: Grax
|move|p2a: Grax|Ice Spinner|p1a: Zapdos
|-supereffective|p1a: Zapdos
|-damage|p1a: Zapdos|0 fnt
|faint|p1a: Zapdos
|
|upkeep
|
|t:|1760386011
|switch|p1a: Dragonite|Dragonite, M|100/100
|turn|13
|
|t:|1760386015
|move|p2a: Grax|Ice Spinner|p1a: Dragonite
|-supereffective|p1a: Dragonite
|-damage|p1a: Dragonite|35/100
|move|p1a: Dragonite|Dragon Dance|p1a: Dragonite
|-boost|p1a: Dragonite|atk|1
|-boost|p1a: Dragonite|spe|1
|
|upkeep
|turn|14
|
|t:|1760386019
|move|p1a: Dragonite|Extreme Speed|p2a: Grax
|-damage|p2a: Grax|0 fnt
|faint|p2a: Grax
|-end|p2a: Grax|Protosynthesis|[silent]
|
|upkeep
|
|t:|1760386021
|switch|p2a: 2013 summer|Scizor, M|100/100
|turn|15
|
|t:|1760386028
|-terastallize|p1a: Dragonite|Fire
|move|p2a: 2013 summer|Bullet Punch|p1a: Dragonite
|-resisted|p1a: Dragonite
|-damage|p1a: Dragonite|7/100
|move|p1a: Dragonite|Fire Punch|p2a: 2013 summer
|-supereffective|p2a: 2013 summer
|-damage|p2a: 2013 summer|0 fnt
|faint|p2a: 2013 summer
|
|upkeep
|
|t:|1760386033
|switch|p2a: Wrathwring|Moltres, shiny|72/100
|turn|16
|
|t:|1760386038
|move|p1a: Dragonite|Scale Shot|p2a: Wrathwring
|-damage|p2a: Wrathwring|57/100
|-damage|p2a: Wrathwring|42/100
|-damage|p2a: Wrathwring|26/100
|-damage|p2a: Wrathwring|11/100
|-hitcount|p2a: Wrathwring|4
|-unboost|p1a: Dragonite|def|1
|-boost|p1a: Dragonite|spe|1
|move|p2a: Wrathwring|Roar|p1a: Dragonite
|drag|p1a: Primarina|Primarina, M|88/100
|
|upkeep
|turn|17
|
|t:|1760386043
|move|p2a: Wrathwring|U-turn|p1a: Primarina
|-resisted|p1a: Primarina
|-damage|p1a: Primarina|80/100
|
|t:|1760386046
|switch|p2a: naughtier|Dragapult, M|100/100|[from] U-turn
|move|p1a: Primarina|Moonblast|p2a: naughtier
|-supereffective|p2a: naughtier
|-damage|p2a: naughtier|0 fnt
|faint|p2a: naughtier
|
|upkeep
|
|t:|1760386049
|switch|p2a: Mistlestorm|Serperior, F|100/100
|turn|18
|
|t:|1760386053
|move|p2a: Mistlestorm|Leaf Storm|p1a: Primarina
|-supereffective|p1a: Primarina
|-damage|p1a: Primarina|38/100
|-boost|p2a: Mistlestorm|spa|2
|move|p1a: Primarina|Moonblast|p2a: Mistlestorm
|-damage|p2a: Mistlestorm|43/100
|
|-heal|p2a: Mistlestorm|50/100|[from] item: Leftovers
|upkeep
|turn|19
|
|t:|1760386059
|move|p2a: Mistlestorm|Leaf Storm|p1a: Primarina
|-supereffective|p1a: Primarina
|-damage|p1a: Primarina|0 fnt
|-boost|p2a: Mistlestorm|spa|2
|faint|p1a: Primarina
|
|-heal|p2a: Mistlestorm|56/100|[from] item: Leftovers
|upkeep
|
|t:|1760386061
|switch|p1a: Toucannon|Toucannon, F|100/100
|turn|20
|
|t:|1760386067
|-terastallize|p2a: Mistlestorm|Ghost
|-singleturn|p1a: Toucannon|move: Beak Blast
|move|p2a: Mistlestorm|Glare|p1a: Toucannon
|-status|p1a: Toucannon|par
|move|p1a: Toucannon|Beak Blast|p2a: Mistlestorm
|-damage|p2a: Mistlestorm|0 fnt
|faint|p2a: Mistlestorm
|
|upkeep
|
|t:|1760386070
|switch|p2a: Wrathwring|Moltres, shiny|11/100
|turn|21
|-message|choppedkins forfeited.
|
|win|kyoujic
|raw|kyoujic's rating: 1540 &rarr; <strong>1562</strong><br />(+22 for winning)
|raw|choppedkins's rating: 1572 &rarr; <strong>1550</strong><br />(-22 for losing)
|l|☆choppedkins
|player|p2|
|l|☆kyoujic
|player|p1|
