|j|☆xw haha
|j|☆battlebeedrill
|t:|1760337250
|gametype|singles
|player|p1|xw haha|volkner|1263
|player|p2|battlebeedrill|juan|1275
|gen|9
|tier|[Gen 9] OU
|rated|
|rule|HP Percentage Mod: HP is shown in percentages
|rule|Endless Battle Clause: Forcing endless battles is banned
|rule|Species Clause: Limit one of each Pokémon
|rule|OHKO Clause: OHKO moves are banned
|rule|Evasion Items Clause: Evasion items are banned
|rule|Evasion Moves Clause: Evasion moves are banned
|rule|Evasion Abilities Clause: Evasion abilities are banned
|rule|Sleep Moves Clause: Sleep-inducing moves are banned
|clearpoke
|poke|p1|Weezing-Galar, M|
|poke|p1|Garganacl, M|
|poke|p1|Gholdengo|
|poke|p1|Raging Bolt|
|poke|p1|Great Tusk|
|poke|p1|Iron Valiant|
|poke|p2|Pelipper, F|
|poke|p2|Tornadus-Therian, M|
|poke|p2|Iron Treads|
|poke|p2|Decidueye-Hisui, M|
|poke|p2|Barraskewda, F|
|poke|p2|Raging Bolt|
|teampreview
|inactive|Battle timer is ON: inactive players will automatically lose when time's up. (requested by battlebeedrill)
|
|t:|1760337256
|teamsize|p1|6
|teamsize|p2|6
|start
|switch|p1a: Raging Bolt|Raging Bolt|100/100
|switch|p2a: Pelipper|Pelipper, F|100/100
|-weather|RainDance|[from] ability: Drizzle|[of] p2a: Pelipper
|turn|1
|
|t:|1760337266
|switch|p2a: Iron Treads|Iron Treads|100/100
|move|p1a: Raging Bolt|Draco Meteor|p2a: Iron Treads
|-resisted|p2a: Iron Treads
|-damage|p2a: Iron Treads|68/100
|-unboost|p1a: Raging Bolt|spa|2
|
|-weather|RainDance|[upkeep]
|-heal|p2a: Iron Treads|74/100|[from] item: Leftovers
|upkeep
|turn|2
|
|t:|1760337279
|-end|p1a: Raging Bolt|Protosynthesis|[silent]
|switch|p1a: Great Tusk|Great Tusk|100/100
|move|p2a: Iron Treads|Stealth Rock|p1a: Great Tusk
|-sidestart|p1: xw haha|move: Stealth Rock
|
|-weather|RainDance|[upkeep]
|-heal|p2a: Iron Treads|80/100|[from] item: Leftovers
|upkeep
|turn|3
|
|t:|1760337287
|-end|p2a: Iron Treads|Quark Drive|[silent]
|switch|p2a: Decidueye|Decidueye-Hisui, M|100/100
|move|p1a: Great Tusk|Rapid Spin|p2a: Decidueye
|-damage|p2a: Decidueye|85/100
|-boost|p1a: Great Tusk|spe|1
|-damage|p1a: Great Tusk|84/100|[from] item: Rocky Helmet|[of] p2a: Decidueye
|-sideend|p1: xw haha|Stealth Rock|[from] move: Rapid Spin|[of] p1a: Great Tusk
|
|-weather|RainDance|[upkeep]
|upkeep
|turn|4
|
|t:|1760337307
|-end|p1a: Great Tusk|Protosynthesis|[silent]
|switch|p1a: Weezing|Weezing-Galar, M|100/100
|move|p2a: Decidueye|Triple Arrows|p1a: Weezing
|-resisted|p1a: Weezing
|-damage|p1a: Weezing|95/100
|
|-weather|RainDance|[upkeep]
|-heal|p1a: Weezing|100/100|[from] item: Black Sludge
|upkeep
|turn|5
|
|t:|1760337317
|move|p2a: Decidueye|U-turn|p1a: Weezing
|-resisted|p1a: Weezing
|-damage|p1a: Weezing|98/100
|
|t:|1760337323
|switch|p2a: Raging Bolt|Raging Bolt|100/100|[from] U-turn
|-enditem|p2a: Raging Bolt|Booster Energy
|-activate|p2a: Raging Bolt|ability: Protosynthesis|[fromitem]
|-start|p2a: Raging Bolt|protosynthesisspa
|move|p1a: Weezing|Will-O-Wisp|p2a: Raging Bolt
|-status|p2a: Raging Bolt|brn
|
|-weather|RainDance|[upkeep]
|-heal|p1a: Weezing|100/100|[from] item: Black Sludge
|-damage|p2a: Raging Bolt|94/100 brn|[from] brn
|upkeep
|turn|6
|
|t:|1760337337
|switch|p1a: Great Tusk|Great Tusk|84/100
|move|p2a: Raging Bolt|Weather Ball|p1a: Great Tusk
|-supereffective|p1a: Great Tusk
|-damage|p1a: Great Tusk|0 fnt
|faint|p1a: Great Tusk
|-end|p1a: Great Tusk|Protosynthesis|[silent]
|
|-weather|RainDance|[upkeep]
|-damage|p2a: Raging Bolt|88/100 brn|[from] brn
|upkeep
|
|t:|1760337348
|switch|p1a: Raging Bolt|Raging Bolt|100/100
|turn|7
|
|t:|1760337353
|move|p2a: Raging Bolt|Dragon Pulse|p1a: Raging Bolt
|-supereffective|p1a: Raging Bolt
|-damage|p1a: Raging Bolt|29/100
|move|p1a: Raging Bolt|Draco Meteor|p2a: Raging Bolt
|-supereffective|p2a: Raging Bolt
|-damage|p2a: Raging Bolt|0 fnt
|-unboost|p1a: Raging Bolt|spa|2
|faint|p2a: Raging Bolt
|-end|p2a: Raging Bolt|Protosynthesis|[silent]
|
|-weather|RainDance|[upkeep]
|upkeep
|
|t:|1760337361
|switch|p2a: Iron Treads|Iron Treads|80/100
|turn|8
|
|t:|1760337371
|-end|p1a: Raging Bolt|Protosynthesis|[silent]
|switch|p1a: Weezing|Weezing-Galar, M|100/100
|move|p2a: Iron Treads|Knock Off|p1a: Weezing
|-resisted|p1a: Weezing
|-damage|p1a: Weezing|93/100
|-enditem|p1a: Weezing|Black Sludge|[from] move: Knock Off|[of] p2a: Iron Treads
|
|-weather|none
|-heal|p2a: Iron Treads|86/100|[from] item: Leftovers
|upkeep
|turn|9
|
|t:|1760337384
|-end|p2a: Iron Treads|Quark Drive|[silent]
|switch|p2a: Pelipper|Pelipper, F|100/100
|-weather|RainDance|[from] ability: Drizzle|[of] p2a: Pelipper
|move|p1a: Weezing|Strange Steam|p2a: Pelipper
|-damage|p2a: Pelipper|63/100
|
|-weather|RainDance|[upkeep]
|upkeep
|turn|10
|
|t:|1760337393
|move|p1a: Weezing|Strange Steam|p2a: Pelipper
|-damage|p2a: Pelipper|25/100
|move|p2a: Pelipper|U-turn|p1a: Weezing
|-resisted|p1a: Weezing
|-damage|p1a: Weezing|92/100
|
|t:|1760337397
|switch|p2a: Tornadus|Tornadus-Therian, M|100/100|[from] U-turn
|
|-weather|RainDance|[upkeep]
|upkeep
|turn|11
|
|t:|1760337405
|switch|p1a: Garganacl|Garganacl, M|100/100
|move|p2a: Tornadus|Hurricane|p1a: Garganacl
|-resisted|p1a: Garganacl
|-damage|p1a: Garganacl|75/100
|
|-weather|RainDance|[upkeep]
|-heal|p1a: Garganacl|81/100|[from] item: Leftovers
|upkeep
|turn|12
|
|t:|1760337415
|switch|p2a: Iron Treads|Iron Treads|86/100
|move|p1a: Garganacl|Stealth Rock|p2a: Iron Treads
|-sidestart|p2: battlebeedrill|move: Stealth Rock
|
|-weather|RainDance|[upkeep]
|-heal|p2a: Iron Treads|92/100|[from] item: Leftovers
|-heal|p1a: Garganacl|87/100|[from] item: Leftovers
|upkeep
|turn|13
|
|t:|1760337424
|-terastallize|p1a: Garganacl|Ghost
|move|p2a: Iron Treads|Earthquake|p1a: Garganacl
|-damage|p1a: Garganacl|59/100
|move|p1a: Garganacl|Salt Cure|p2a: Iron Treads
|-resisted|p2a: Iron Treads
|-damage|p2a: Iron Treads|90/100
|-start|p2a: Iron Treads|Salt Cure
|
|-weather|RainDance|[upkeep]
|-heal|p2a: Iron Treads|96/100|[from] item: Leftovers
|-heal|p1a: Garganacl|66/100|[from] item: Leftovers
|-damage|p2a: Iron Treads|71/100|[from] Salt Cure
|upkeep
|turn|14
|
|t:|1760337437
|move|p2a: Iron Treads|Knock Off|p1a: Garganacl
|-supereffective|p1a: Garganacl
|-damage|p1a: Garganacl|30/100
|-enditem|p1a: Garganacl|Leftovers|[from] move: Knock Off|[of] p2a: Iron Treads
|move|p1a: Garganacl|Salt Cure|p2a: Iron Treads
|-resisted|p2a: Iron Treads
|-damage|p2a: Iron Treads|68/100
|
|-weather|RainDance|[upkeep]
|-heal|p2a: Iron Treads|74/100|[from] item: Leftovers
|-damage|p2a: Iron Treads|50/100|[from] Salt Cure
|upkeep
|turn|15
|
|t:|1760337450
|-end|p2a: Iron Treads|Quark Drive|[silent]
|switch|p2a: Barraskewda|Barraskewda, F|100/100
|-damage|p2a: Barraskewda|88/100|[from] Stealth Rock
|move|p1a: Garganacl|Recover|p1a: Garganacl
|-heal|p1a: Garganacl|80/100
|
|-weather|RainDance|[upkeep]
|upkeep
|turn|16
|
|t:|1760337461
|-terastallize|p2a: Barraskewda|Water
|move|p1a: Garganacl|Protect|p1a: Garganacl
|-singleturn|p1a: Garganacl|Protect
|move|p2a: Barraskewda|Flip Turn|p1a: Garganacl
|-activate|p1a: Garganacl|move: Protect
|
|-weather|none
|upkeep
|turn|17
|
|t:|1760337471
|move|p2a: Barraskewda|Liquidation|p1a: Garganacl
|-damage|p1a: Garganacl|22/100
|-unboost|p1a: Garganacl|def|1
|-damage|p2a: Barraskewda|78/100|[from] item: Life Orb
|move|p1a: Garganacl|Salt Cure|p2a: Barraskewda
|-damage|p2a: Barraskewda|52/100
|-start|p2a: Barraskewda|Salt Cure
|
|-damage|p2a: Barraskewda|27/100|[from] Salt Cure
|upkeep
|turn|18
|
|t:|1760337482
|move|p1a: Garganacl|Protect|p1a: Garganacl
|-singleturn|p1a: Garganacl|Protect
|move|p2a: Barraskewda|Flip Turn|p1a: Garganacl
|-activate|p1a: Garganacl|move: Protect
|
|-damage|p2a: Barraskewda|3/100|[from] Salt Cure
|upkeep
|turn|19
|
|t:|1760337492
|switch|p1a: Weezing|Weezing-Galar, M|92/100
|move|p2a: Barraskewda|Flip Turn|p1a: Weezing
|-damage|p1a: Weezing|53/100
|-damage|p2a: Barraskewda|0 fnt|[from] item: Life Orb
|faint|p2a: Barraskewda
|
|upkeep
|
|t:|1760337501
|switch|p2a: Iron Treads|Iron Treads|50/100
|-damage|p2a: Iron Treads|47/100|[from] Stealth Rock
|turn|20
|
|t:|1760337506
|switch|p1a: Gholdengo|Gholdengo|100/100
|-item|p1a: Gholdengo|Air Balloon
|move|p2a: Iron Treads|Knock Off|p1a: Gholdengo
|-supereffective|p1a: Gholdengo
|-damage|p1a: Gholdengo|51/100
|-enditem|p1a: Gholdengo|Air Balloon
|
|-heal|p2a: Iron Treads|53/100|[from] item: Leftovers
|upkeep
|turn|21
|
|t:|1760337518
|switch|p1a: Weezing|Weezing-Galar, M|53/100
|move|p2a: Iron Treads|Earthquake|p1a: Weezing
|-immune|p1a: Weezing|[from] ability: Levitate
|
|-heal|p2a: Iron Treads|59/100|[from] item: Leftovers
|upkeep
|turn|22
|
|t:|1760337526
|move|p2a: Iron Treads|Rapid Spin|p1a: Weezing
|-damage|p1a: Weezing|45/100
|-boost|p2a: Iron Treads|spe|1
|-sideend|p2: battlebeedrill|Stealth Rock|[from] move: Rapid Spin|[of] p2a: Iron Treads
|move|p1a: Weezing|Will-O-Wisp|p2a: Iron Treads
|-status|p2a: Iron Treads|brn
|
|-heal|p2a: Iron Treads|65/100 brn|[from] item: Leftovers
|-damage|p2a: Iron Treads|59/100 brn|[from] brn
|upkeep
|turn|23
|
|t:|1760337538
|-end|p2a: Iron Treads|Quark Drive|[silent]
|switch|p2a: Pelipper|Pelipper, F|25/100
|-weather|RainDance|[from] ability: Drizzle|[of] p2a: Pelipper
|move|p1a: Weezing|Strange Steam|p2a: Pelipper
|-damage|p2a: Pelipper|0 fnt
|faint|p2a: Pelipper
|
|-weather|RainDance|[upkeep]
|upkeep
|
|t:|1760337544
|switch|p2a: Tornadus|Tornadus-Therian, M|100/100
|turn|24
|
|t:|1760337556
|move|p2a: Tornadus|Hurricane|p1a: Weezing
|-damage|p1a: Weezing|0 fnt
|faint|p1a: Weezing
|
|-weather|RainDance|[upkeep]
|upkeep
|
|t:|1760337566
|switch|p1a: Garganacl|Garganacl, M, tera:Ghost|22/100
|turn|25
|
|t:|1760337570
|move|p1a: Garganacl|Protect|p1a: Garganacl
|-singleturn|p1a: Garganacl|Protect
|move|p2a: Tornadus|Hurricane|p1a: Garganacl
|-activate|p1a: Garganacl|move: Protect
|
|-weather|RainDance|[upkeep]
|upkeep
|turn|26
|
|t:|1760337579
|switch|p1a: Raging Bolt|Raging Bolt|29/100
|move|p2a: Tornadus|Hurricane|p1a: Raging Bolt
|-resisted|p1a: Raging Bolt
|-damage|p1a: Raging Bolt|7/100
|
|-weather|RainDance|[upkeep]
|upkeep
|turn|27
|
|t:|1760337587
|switch|p2a: Iron Treads|Iron Treads|59/100 brn
|move|p1a: Raging Bolt|Thunderclap||[still]
|-fail|p1a: Raging Bolt
|
|-weather|RainDance|[upkeep]
|-heal|p2a: Iron Treads|65/100 brn|[from] item: Leftovers
|-damage|p2a: Iron Treads|59/100 brn|[from] brn
|upkeep
|turn|28
|
|t:|1760337598
|move|p2a: Iron Treads|Earthquake|p1a: Raging Bolt
|-supereffective|p1a: Raging Bolt
|-damage|p1a: Raging Bolt|0 fnt
|faint|p1a: Raging Bolt
|-end|p1a: Raging Bolt|Protosynthesis|[silent]
|
|-weather|RainDance|[upkeep]
|-heal|p2a: Iron Treads|65/100 brn|[from] item: Leftovers
|-damage|p2a: Iron Treads|59/100 brn|[from] brn
|upkeep
|
|t:|1760337609
|switch|p1a: Iron Valiant|Iron Valiant|100/100
|-enditem|p1a: Iron Valiant|Booster Energy
|-activate|p1a: Iron Valiant|ability: Quark Drive|[fromitem]
|-start|p1a: Iron Valiant|quarkdrivespe
|turn|29
|
|t:|1760337616
|move|p1a: Iron Valiant|Swords Dance|p1a: Iron Valiant
|-boost|p1a: Iron Valiant|atk|2
|move|p2a: Iron Treads|Earthquake|p1a: Iron Valiant
|-damage|p1a: Iron Valiant|78/100
|
|-weather|RainDance|[upkeep]
|-heal|p2a: Iron Treads|65/100 brn|[from] item: Leftovers
|-damage|p2a: Iron Treads|59/100 brn|[from] brn
|upkeep
|turn|30
|
|t:|1760337627
|move|p1a: Iron Valiant|Swords Dance|p1a: Iron Valiant
|-boost|p1a: Iron Valiant|atk|2
|move|p2a: Iron Treads|Earthquake|p1a: Iron Valiant
|-damage|p1a: Iron Valiant|53/100
|
|-weather|none
|-heal|p2a: Iron Treads|65/100 brn|[from] item: Leftovers
|-damage|p2a: Iron Treads|59/100 brn|[from] brn
|upkeep
|turn|31
|
|t:|1760337637
|move|p1a: Iron Valiant|Close Combat|p2a: Iron Treads
|-supereffective|p2a: Iron Treads
|-damage|p2a: Iron Treads|0 fnt
|-unboost|p1a: Iron Valiant|def|1
|-unboost|p1a: Iron Valiant|spd|1
|faint|p2a: Iron Treads
|-end|p2a: Iron Treads|Quark Drive|[silent]
|
|upkeep
|
|t:|1760337641
|switch|p2a: Decidueye|Decidueye-Hisui, M|85/100
|turn|32
|
|t:|1760337655
|move|p1a: Iron Valiant|Moonblast|p2a: Decidueye
|-supereffective|p2a: Decidueye
|-damage|p2a: Decidueye|16/100
|move|p2a: Decidueye|Triple Arrows|p1a: Iron Valiant
|-resisted|p1a: Iron Valiant
|-damage|p1a: Iron Valiant|21/100
|
|upkeep
|turn|33
|
|t:|1760337663
|move|p1a: Iron Valiant|Moonblast|p2a: Decidueye
|-supereffective|p2a: Decidueye
|-damage|p2a: Decidueye|0 fnt
|faint|p2a: Decidueye
|
|upkeep
|
|t:|1760337665
|switch|p2a: Tornadus|Tornadus-Therian, M|100/100
|turn|34
|
|t:|1760337672
|move|p1a: Iron Valiant|Shadow Sneak|p2a: Tornadus
|-damage|p2a: Tornadus|47/100
|move|p2a: Tornadus|Hurricane|p1a: Iron Valiant
|-supereffective|p1a: Iron Valiant
|-damage|p1a: Iron Valiant|0 fnt
|faint|p1a: Iron Valiant
|-end|p1a: Iron Valiant|Quark Drive|[silent]
|
|upkeep
|
|t:|1760337681
|switch|p1a: Garganacl|Garganacl, M, tera:Ghost|22/100
|turn|35
|
|t:|1760337685
|move|p2a: Tornadus|Hurricane|p1a: Garganacl
|-damage|p1a: Garganacl|0 fnt
|faint|p1a: Garganacl
|
|upkeep
|
|t:|1760337690
|switch|p1a: Gholdengo|Gholdengo|51/100
|turn|36
|
|t:|1760337696
|move|p2a: Tornadus|Hurricane|p1a: Gholdengo
|-resisted|p1a: Gholdengo
|-damage|p1a: Gholdengo|12/100
|-start|p1a: Gholdengo|confusion
|-activate|p1a: Gholdengo|confusion
|move|p1a: Gholdengo|Recover|p1a: Gholdengo
|-heal|p1a: Gholdengo|62/100
|
|upkeep
|turn|37
|
|t:|1760337704
|move|p2a: Tornadus|Hurricane|p1a: Gholdengo
|-resisted|p1a: Gholdengo
|-damage|p1a: Gholdengo|22/100
|-activate|p1a: Gholdengo|confusion
|move|p1a: Gholdengo|Recover|p1a: Gholdengo
|-heal|p1a: Gholdengo|72/100
|
|upkeep
|turn|38
|
|t:|1760337712
|move|p2a: Tornadus|Hurricane|p1a: Gholdengo
|-resisted|p1a: Gholdengo
|-damage|p1a: Gholdengo|32/100
|-activate|p1a: Gholdengo|confusion
|-damage|p1a: Gholdengo|27/100|[from] confusion
|
|upkeep
|turn|39
|
|t:|1760337719
|move|p2a: Tornadus|Hurricane|p1a: Gholdengo
|-resisted|p1a: Gholdengo
|-damage|p1a: Gholdengo|0 fnt
|faint|p1a: Gholdengo
|
|win|battlebeedrill
|raw|xw haha's rating: 1263 &rarr; <strong>1239</strong><br />(-24 for losing)
|raw|battlebeedrill's rating: 1275 &rarr; <strong>1299</strong><br />(+24 for winning)
|c|☆battlebeedrill|lol
|l|☆xw haha
|player|p1|
|c|☆battlebeedrill|gg
|l|☆battlebeedrill
|player|p2|
