|j|☆bibiGKC
|j|☆Tacos769
|t:|1760335403
|gametype|singles
|player|p1|bibiGKC|n|1064
|player|p2|Tacos769|265|1000
|gen|9
|tier|[Gen 9] OU
|rated|
|rule|HP Percentage Mod: HP is shown in percentages
|rule|Endless Battle Clause: Forcing endless battles is banned
|rule|Species Clause: Limit one of each Pokémon
|rule|OHKO Clause: OHKO moves are banned
|rule|Evasion Items Clause: Evasion items are banned
|rule|Evasion Moves Clause: Evasion moves are banned
|rule|Evasion Abilities Clause: Evasion abilities are banned
|rule|Sleep Moves Clause: Sleep-inducing moves are banned
|clearpoke
|poke|p1|Alomomola, F|
|poke|p1|Crawdaunt, F|
|poke|p1|Arboliva, M|
|poke|p1|Porygon2|
|poke|p1|Fezandipiti, M|
|poke|p1|Deoxys-Defense|
|poke|p2|Greninja-*, M|
|poke|p2|Goodra, F|
|poke|p2|Lucario, F|
|poke|p2|Snorlax, F|
|poke|p2|Pikachu-Original, M|
|poke|p2|Gengar, F|
|teampreview
|
|t:|1760335427
|teamsize|p1|6
|teamsize|p2|6
|start
|switch|p1a: Porygon2|Porygon2|100/100
|switch|p2a: Snorlax|Snorlax, F|100/100
|-ability|p1a: Porygon2|Immunity|Trace|[from] ability: Trace|[of] p2a: Snorlax
|turn|1
|inactive|Battle timer is ON: inactive players will automatically lose when time's up. (requested by bibiGKC)
|
|t:|1760335455
|move|p1a: Porygon2|Thunder Wave|p2a: Snorlax|[miss]
|-miss|p1a: Porygon2|p2a: Snorlax
|move|p2a: Snorlax|Earthquake|p1a: Porygon2
|-damage|p1a: Porygon2|84/100
|
|upkeep
|turn|2
|
|t:|1760335465
|move|p1a: Porygon2|Thunder Wave|p2a: Snorlax
|-status|p2a: Snorlax|par
|move|p2a: Snorlax|Flamethrower|p1a: Porygon2
|-damage|p1a: Porygon2|77/100
|
|upkeep
|turn|3
|
|t:|1760335477
|move|p1a: Porygon2|Discharge|p2a: Snorlax
|-damage|p2a: Snorlax|90/100 par
|cant|p2a: Snorlax|par
|
|upkeep
|turn|4
|
|t:|1760335483
|move|p1a: Porygon2|Recover|p1a: Porygon2
|-heal|p1a: Porygon2|100/100
|move|p2a: Snorlax|Earthquake|p1a: Porygon2
|-crit|p1a: Porygon2
|-damage|p1a: Porygon2|75/100
|
|upkeep
|turn|5
|
|t:|1760335493
|switch|p2a: Lucario|Lucario, F|100/100
|move|p1a: Porygon2|Recover|p1a: Porygon2
|-heal|p1a: Porygon2|100/100
|
|upkeep
|turn|6
|
|t:|1760335519
|switch|p1a: Fezandipiti|Fezandipiti, M|100/100
|move|p2a: Lucario|Aura Sphere|p1a: Fezandipiti
|-resisted|p1a: Fezandipiti
|-damage|p1a: Fezandipiti|93/100
|
|-heal|p1a: Fezandipiti|99/100|[from] item: Leftovers
|upkeep
|turn|7
|inactive|bibiGKC has 120 seconds left.
|
|t:|1760335542
|switch|p1a: Arboliva|Arboliva, M|100/100
|move|p2a: Lucario|Earthquake|p1a: Arboliva
|-resisted|p1a: Arboliva
|-damage|p1a: Arboliva|87/100
|-fieldstart|move: Grassy Terrain|[from] ability: Seed Sower|[of] p1a: Arboliva
|-enditem|p1a: Arboliva|Grassy Seed
|-boost|p1a: Arboliva|def|1|[from] item: Grassy Seed
|
|-heal|p1a: Arboliva|93/100|[from] Grassy Terrain
|upkeep
|turn|8
|
|t:|1760335558
|move|p2a: Lucario|Aura Sphere|p1a: Arboliva
|-supereffective|p1a: Arboliva
|-damage|p1a: Arboliva|32/100
|move|p1a: Arboliva|Grass Knot|p2a: Lucario
|-resisted|p2a: Lucario
|-damage|p2a: Lucario|60/100
|-damage|p1a: Arboliva|16/100|[from] item: Rocky Helmet|[of] p2a: Lucario
|
|-heal|p2a: Lucario|66/100|[from] Grassy Terrain
|-heal|p1a: Arboliva|22/100|[from] Grassy Terrain
|upkeep
|turn|9
|
|t:|1760335571
|switch|p1a: Fezandipiti|Fezandipiti, M|99/100
|move|p2a: Lucario|Aura Sphere|p1a: Fezandipiti
|-resisted|p1a: Fezandipiti
|-damage|p1a: Fezandipiti|91/100
|
|-heal|p1a: Fezandipiti|97/100|[from] Grassy Terrain
|-heal|p1a: Fezandipiti|100/100|[from] item: Leftovers
|-heal|p2a: Lucario|72/100|[from] Grassy Terrain
|upkeep
|turn|10
|
|t:|1760335583
|switch|p1a: Alomomola|Alomomola, F|100/100
|move|p2a: Lucario|Earthquake|p1a: Alomomola
|-damage|p1a: Alomomola|92/100
|
|-heal|p2a: Lucario|78/100|[from] Grassy Terrain
|-heal|p1a: Alomomola|99/100|[from] Grassy Terrain
|-heal|p1a: Alomomola|100/100|[from] item: Leftovers
|upkeep
|turn|11
|
|t:|1760335600
|switch|p2a: Pikachu|Pikachu-Original, M|100/100
|move|p1a: Alomomola|Wish|p1a: Alomomola
|
|-fieldend|move: Grassy Terrain
|upkeep
|turn|12
|
|t:|1760335615
|switch|p1a: Arboliva|Arboliva, M|22/100
|move|p2a: Pikachu|Thunderbolt|p1a: Arboliva
|-resisted|p1a: Arboliva
|-damage|p1a: Arboliva|10/100
|-fieldstart|move: Grassy Terrain|[from] ability: Seed Sower|[of] p1a: Arboliva
|
|-heal|p1a: Arboliva|84/100|[from] move: Wish|[wisher] Alomomola
|-heal|p1a: Arboliva|90/100|[from] Grassy Terrain
|upkeep
|turn|13
|inactive|Tacos769 has 120 seconds left.
|
|t:|1760335636
|move|p2a: Pikachu|Iron Tail|p1a: Arboliva|[miss]
|-miss|p2a: Pikachu|p1a: Arboliva
|move|p1a: Arboliva|Earth Power|p2a: Pikachu
|-supereffective|p2a: Pikachu
|-damage|p2a: Pikachu|0 fnt
|faint|p2a: Pikachu
|
|-heal|p1a: Arboliva|96/100|[from] Grassy Terrain
|upkeep
|inactive|Tacos769 has 120 seconds left.
|
|t:|1760335645
|switch|p2a: Lucario|Lucario, F|78/100
|turn|14
|
|t:|1760335653
|move|p2a: Lucario|Swords Dance|p2a: Lucario
|-boost|p2a: Lucario|atk|2
|move|p1a: Arboliva|Grass Knot|p2a: Lucario
|-resisted|p2a: Lucario
|-damage|p2a: Lucario|37/100
|-damage|p1a: Arboliva|80/100|[from] item: Rocky Helmet|[of] p2a: Lucario
|
|-heal|p2a: Lucario|43/100|[from] Grassy Terrain
|-heal|p1a: Arboliva|86/100|[from] Grassy Terrain
|upkeep
|turn|15
|
|t:|1760335666
|switch|p1a: Fezandipiti|Fezandipiti, M|100/100
|move|p2a: Lucario|Aura Sphere|p1a: Fezandipiti
|-resisted|p1a: Fezandipiti
|-damage|p1a: Fezandipiti|93/100
|
|-heal|p1a: Fezandipiti|99/100|[from] Grassy Terrain
|-heal|p1a: Fezandipiti|100/100|[from] item: Leftovers
|-heal|p2a: Lucario|49/100|[from] Grassy Terrain
|upkeep
|turn|16
|
|t:|1760335677
|move|p1a: Fezandipiti|Play Rough|p2a: Lucario|[miss]
|-miss|p1a: Fezandipiti|p2a: Lucario
|move|p2a: Lucario|Earthquake|p1a: Fezandipiti
|-supereffective|p1a: Fezandipiti
|-damage|p1a: Fezandipiti|32/100
|
|-heal|p1a: Fezandipiti|38/100|[from] Grassy Terrain
|-heal|p1a: Fezandipiti|44/100|[from] item: Leftovers
|-heal|p2a: Lucario|55/100|[from] Grassy Terrain
|-fieldend|move: Grassy Terrain
|upkeep
|turn|17
|
|t:|1760335687
|move|p1a: Fezandipiti|Protect|p1a: Fezandipiti
|-singleturn|p1a: Fezandipiti|Protect
|move|p2a: Lucario|Earthquake|p1a: Fezandipiti
|-activate|p1a: Fezandipiti|move: Protect
|
|-heal|p1a: Fezandipiti|50/100|[from] item: Leftovers
|upkeep
|turn|18
|
|t:|1760335697
|switch|p1a: Alomomola|Alomomola, F|100/100
|move|p2a: Lucario|Earthquake|p1a: Alomomola
|-damage|p1a: Alomomola|68/100
|
|-heal|p1a: Alomomola|74/100|[from] item: Leftovers
|upkeep
|turn|19
|
|t:|1760335713
|move|p2a: Lucario|Aura Sphere|p1a: Alomomola
|-damage|p1a: Alomomola|33/100
|move|p1a: Alomomola|Wish|p1a: Alomomola
|
|-heal|p1a: Alomomola|39/100|[from] item: Leftovers
|upkeep
|turn|20
|
|t:|1760335725
|switch|p1a: Fezandipiti|Fezandipiti, M|50/100
|move|p2a: Lucario|Aura Sphere|p1a: Fezandipiti
|-resisted|p1a: Fezandipiti
|-damage|p1a: Fezandipiti|43/100
|
|-heal|p1a: Fezandipiti|100/100|[from] move: Wish|[wisher] Alomomola
|upkeep
|turn|21
|
|t:|1760335733
|switch|p1a: Arboliva|Arboliva, M|86/100
|move|p2a: Lucario|Earthquake|p1a: Arboliva
|-resisted|p1a: Arboliva
|-damage|p1a: Arboliva|59/100
|-fieldstart|move: Grassy Terrain|[from] ability: Seed Sower|[of] p1a: Arboliva
|
|-heal|p2a: Lucario|61/100|[from] Grassy Terrain
|-heal|p1a: Arboliva|65/100|[from] Grassy Terrain
|upkeep
|turn|22
|
|t:|1760335743
|move|p2a: Lucario|Earthquake|p1a: Arboliva
|-resisted|p1a: Arboliva
|-damage|p1a: Arboliva|50/100
|move|p1a: Arboliva|Strength Sap|p2a: Lucario
|-unboost|p2a: Lucario|atk|1
|-heal|p1a: Arboliva|100/100
|
|-heal|p2a: Lucario|67/100|[from] Grassy Terrain
|upkeep
|turn|23
|inactive|Tacos769 has 120 seconds left.
|
|t:|1760335775
|switch|p2a: Snorlax|Snorlax, F|90/100 par
|move|p1a: Arboliva|Strength Sap|p2a: Snorlax
|-unboost|p2a: Snorlax|atk|1
|
|-heal|p2a: Snorlax|96/100 par|[from] Grassy Terrain
|upkeep
|turn|24
|inactive|Tacos769 has 120 seconds left.
|
|t:|1760335798
|switch|p1a: Crawdaunt|Crawdaunt, F|100/100
|move|p2a: Snorlax|Flamethrower|p1a: Crawdaunt
|-resisted|p1a: Crawdaunt
|-damage|p1a: Crawdaunt|93/100
|
|-heal|p1a: Crawdaunt|99/100|[from] Grassy Terrain
|-heal|p2a: Snorlax|100/100 par|[from] Grassy Terrain
|upkeep
|turn|25
|inactive|Tacos769 has 120 seconds left.
|
|t:|1760335820
|move|p1a: Crawdaunt|Crabhammer|p2a: Snorlax|[miss]
|-miss|p1a: Crawdaunt|p2a: Snorlax
|move|p2a: Snorlax|Thunderbolt|p1a: Crawdaunt
|-supereffective|p1a: Crawdaunt
|-damage|p1a: Crawdaunt|63/100
|
|-heal|p1a: Crawdaunt|69/100|[from] Grassy Terrain
|-fieldend|move: Grassy Terrain
|upkeep
|turn|26
|
|t:|1760335843
|move|p1a: Crawdaunt|Crabhammer|p2a: Snorlax
|-damage|p2a: Snorlax|42/100 par
|-damage|p1a: Crawdaunt|53/100|[from] item: Rocky Helmet|[of] p2a: Snorlax
|move|p2a: Snorlax|Flamethrower|p1a: Crawdaunt
|-resisted|p1a: Crawdaunt
|-damage|p1a: Crawdaunt|45/100
|
|upkeep
|turn|27
|
|t:|1760335852
|move|p1a: Crawdaunt|Crabhammer|p2a: Snorlax
|-damage|p2a: Snorlax|0 fnt
|-damage|p1a: Crawdaunt|28/100|[from] item: Rocky Helmet|[of] p2a: Snorlax
|faint|p2a: Snorlax
|
|upkeep
|
|t:|1760335865
|switch|p2a: Lucario|Lucario, F|67/100
|turn|28
|
|t:|1760335875
|switch|p1a: Arboliva|Arboliva, M|100/100
|move|p2a: Lucario|Swords Dance|p2a: Lucario
|-boost|p2a: Lucario|atk|2
|
|upkeep
|turn|29
|
|t:|1760335881
|move|p2a: Lucario|Earthquake|p1a: Arboliva
|-resisted|p1a: Arboliva
|-damage|p1a: Arboliva|70/100
|-fieldstart|move: Grassy Terrain|[from] ability: Seed Sower|[of] p1a: Arboliva
|move|p1a: Arboliva|Strength Sap|p2a: Lucario
|-unboost|p2a: Lucario|atk|1
|-heal|p1a: Arboliva|100/100
|
|-heal|p2a: Lucario|74/100|[from] Grassy Terrain
|upkeep
|turn|30
|
|t:|1760335894
|move|p2a: Lucario|Aura Sphere|p1a: Arboliva
|-supereffective|p1a: Arboliva
|-damage|p1a: Arboliva|37/100
|move|p1a: Arboliva|Strength Sap|p2a: Lucario
|-unboost|p2a: Lucario|atk|1
|-heal|p1a: Arboliva|100/100
|
|-heal|p2a: Lucario|80/100|[from] Grassy Terrain
|upkeep
|turn|31
|
|t:|1760335904
|move|p2a: Lucario|Aura Sphere|p1a: Arboliva
|-supereffective|p1a: Arboliva
|-damage|p1a: Arboliva|42/100
|move|p1a: Arboliva|Earth Power|p2a: Lucario
|-supereffective|p2a: Lucario
|-damage|p2a: Lucario|0 fnt
|faint|p2a: Lucario
|
|-heal|p1a: Arboliva|48/100|[from] Grassy Terrain
|upkeep
|
|t:|1760335917
|switch|p2a: Goodra|Goodra, F|100/100
|turn|32
|
|t:|1760335931
|switch|p1a: Alomomola|Alomomola, F|72/100
|move|p2a: Goodra|Flamethrower|p1a: Alomomola
|-resisted|p1a: Alomomola
|-damage|p1a: Alomomola|59/100
|-status|p1a: Alomomola|brn
|
|-heal|p1a: Alomomola|65/100 brn|[from] Grassy Terrain
|-heal|p1a: Alomomola|71/100 brn|[from] item: Leftovers
|-damage|p1a: Alomomola|65/100 brn|[from] brn
|upkeep
|turn|33
|
|t:|1760335954
|move|p2a: Goodra|Thunderbolt|p1a: Alomomola
|-supereffective|p1a: Alomomola
|-damage|p1a: Alomomola|14/100 brn
|move|p1a: Alomomola|Wish|p1a: Alomomola
|
|-heal|p1a: Alomomola|20/100 brn|[from] Grassy Terrain
|-heal|p1a: Alomomola|26/100 brn|[from] item: Leftovers
|-damage|p1a: Alomomola|20/100 brn|[from] brn
|-fieldend|move: Grassy Terrain
|upkeep
|turn|34
|
|t:|1760335967
|switch|p1a: Arboliva|Arboliva, M|48/100
|move|p2a: Goodra|Thunderbolt|p1a: Arboliva
|-resisted|p1a: Arboliva
|-damage|p1a: Arboliva|38/100
|-status|p1a: Arboliva|par
|-fieldstart|move: Grassy Terrain|[from] ability: Seed Sower|[of] p1a: Arboliva
|
|-heal|p1a: Arboliva|100/100 par|[from] move: Wish|[wisher] Alomomola
|upkeep
|turn|35
|
|t:|1760335979
|switch|p1a: Fezandipiti|Fezandipiti, M|100/100
|move|p2a: Goodra|Flamethrower|p1a: Fezandipiti
|-damage|p1a: Fezandipiti|80/100
|
|-heal|p1a: Fezandipiti|86/100|[from] Grassy Terrain
|-heal|p1a: Fezandipiti|92/100|[from] item: Leftovers
|upkeep
|turn|36
|inactive|Tacos769 has 120 seconds left.
|
|t:|1760336001
|switch|p2a: Greninja|Greninja, M|100/100
|move|p1a: Fezandipiti|Play Rough|p2a: Greninja
|-supereffective|p2a: Greninja
|-damage|p2a: Greninja|24/100
|
|-heal|p1a: Fezandipiti|98/100|[from] Grassy Terrain
|-heal|p1a: Fezandipiti|100/100|[from] item: Leftovers
|-heal|p2a: Greninja|30/100|[from] Grassy Terrain
|upkeep
|turn|37
|inactive|Tacos769 has 120 seconds left.
|
|t:|1760336029
|move|p1a: Fezandipiti|Play Rough|p2a: Greninja
|-supereffective|p2a: Greninja
|-damage|p2a: Greninja|0 fnt
|faint|p2a: Greninja
|
|upkeep
|inactive|Tacos769 has 90 seconds left.
|
|t:|1760336046
|switch|p2a: Gengar|Gengar, F|100/100
|turn|38
|inactive|bibiGKC has 120 seconds left.
|
|t:|1760336068
|move|p1a: Fezandipiti|Protect|p1a: Fezandipiti
|-singleturn|p1a: Fezandipiti|Protect
|move|p2a: Gengar|Psychic|p1a: Fezandipiti
|-activate|p1a: Fezandipiti|move: Protect
|
|-fieldend|move: Grassy Terrain
|upkeep
|turn|39
|inactive|bibiGKC has 120 seconds left.
|
|t:|1760336079
|switch|p1a: Deoxys|Deoxys-Defense|100/100
|-ability|p1a: Deoxys|Pressure
|move|p2a: Gengar|Shadow Ball|p1a: Deoxys
|-supereffective|p1a: Deoxys
|-damage|p1a: Deoxys|38/100
|-unboost|p1a: Deoxys|spd|1
|
|-heal|p1a: Deoxys|44/100|[from] item: Leftovers
|upkeep
|turn|40
|inactive|bibiGKC has 120 seconds left.
|
|t:|1760336110
|switch|p1a: Arboliva|Arboliva, M|100/100 par
|move|p2a: Gengar|Shadow Ball|p1a: Arboliva
|-immune|p1a: Arboliva
|
|upkeep
|turn|41
|
|t:|1760336126
|move|p2a: Gengar|Ice Punch|p1a: Arboliva
|-supereffective|p1a: Arboliva
|-damage|p1a: Arboliva|77/100 par
|-fieldstart|move: Grassy Terrain|[from] ability: Seed Sower|[of] p1a: Arboliva
|move|p1a: Arboliva|Earth Power|p2a: Gengar
|-supereffective|p2a: Gengar
|-damage|p2a: Gengar|28/100
|-start|p1a: Arboliva|Disable|Earth Power|[from] ability: Cursed Body|[of] p2a: Gengar
|
|-heal|p2a: Gengar|34/100|[from] Grassy Terrain
|-heal|p1a: Arboliva|83/100 par|[from] Grassy Terrain
|upkeep
|turn|42
|inactive|bibiGKC has 90 seconds left.
|
|t:|1760336155
|switch|p1a: Porygon2|Porygon2|100/100
|-ability|p1a: Porygon2|Cursed Body|Trace|[from] ability: Trace|[of] p2a: Gengar
|move|p2a: Gengar|Fire Punch|p1a: Porygon2
|-damage|p1a: Porygon2|92/100
|
|-heal|p2a: Gengar|40/100|[from] Grassy Terrain
|-heal|p1a: Porygon2|98/100|[from] Grassy Terrain
|upkeep
|turn|43
|inactive|Tacos769 has 90 seconds left.
|
|t:|1760336175
|move|p2a: Gengar|Psychic|p1a: Porygon2
|-damage|p1a: Porygon2|85/100
|move|p1a: Porygon2|Thunder Wave|p2a: Gengar|[miss]
|-miss|p1a: Porygon2|p2a: Gengar
|
|-heal|p2a: Gengar|46/100|[from] Grassy Terrain
|-heal|p1a: Porygon2|91/100|[from] Grassy Terrain
|upkeep
|turn|44
|inactive|Tacos769 has 90 seconds left.
|
|t:|1760336188
|switch|p2a: Goodra|Goodra, F|100/100
|move|p1a: Porygon2|Thunder Wave|p2a: Goodra
|-status|p2a: Goodra|par
|
|-heal|p1a: Porygon2|97/100|[from] Grassy Terrain
|upkeep
|turn|45
|inactive|Tacos769 has 90 seconds left.
|inactive|bibiGKC has 90 seconds left.
|
|t:|1760336226
|switch|p1a: Fezandipiti|Fezandipiti, M|100/100
|move|p2a: Goodra|Earthquake|p1a: Fezandipiti
|-supereffective|p1a: Fezandipiti
|-damage|p1a: Fezandipiti|72/100
|
|-heal|p1a: Fezandipiti|78/100|[from] Grassy Terrain
|-heal|p1a: Fezandipiti|84/100|[from] item: Leftovers
|-fieldend|move: Grassy Terrain
|upkeep
|turn|46
|inactive|Tacos769 has 90 seconds left.
|
|t:|1760336260
|move|p1a: Fezandipiti|Play Rough|p2a: Goodra
|-supereffective|p2a: Goodra
|-damage|p2a: Goodra|30/100 par
|-damage|p1a: Fezandipiti|68/100|[from] item: Rocky Helmet|[of] p2a: Goodra
|move|p2a: Goodra|Earthquake|p1a: Fezandipiti
|-supereffective|p1a: Fezandipiti
|-damage|p1a: Fezandipiti|8/100
|
|-heal|p1a: Fezandipiti|14/100|[from] item: Leftovers
|upkeep
|turn|47
|
|t:|1760336275
|move|p1a: Fezandipiti|Play Rough|p2a: Goodra|[miss]
|-miss|p1a: Fezandipiti|p2a: Goodra
|move|p2a: Goodra|Earthquake|p1a: Fezandipiti
|-supereffective|p1a: Fezandipiti
|-damage|p1a: Fezandipiti|0 fnt
|faint|p1a: Fezandipiti
|
|upkeep
|
|t:|1760336285
|switch|p1a: Deoxys|Deoxys-Defense|44/100
|-ability|p1a: Deoxys|Pressure
|turn|48
|inactive|Tacos769 has 60 seconds left.
|
|t:|1760336305
|switch|p2a: Gengar|Gengar, F|46/100
|move|p1a: Deoxys|Recover|p1a: Deoxys
|-heal|p1a: Deoxys|95/100
|
|-heal|p1a: Deoxys|100/100|[from] item: Leftovers
|upkeep
|turn|49
|
|t:|1760336314
|-terastallize|p1a: Deoxys|Dark
|move|p2a: Gengar|Shadow Ball|p1a: Deoxys
|-resisted|p1a: Deoxys
|-damage|p1a: Deoxys|85/100
|-unboost|p1a: Deoxys|spd|1
|move|p1a: Deoxys|Knock Off|p2a: Gengar
|-supereffective|p2a: Gengar
|-damage|p2a: Gengar|0 fnt
|-damage|p1a: Deoxys|68/100|[from] item: Rocky Helmet|[of] p2a: Gengar
|-enditem|p2a: Gengar|Rocky Helmet|[from] move: Knock Off|[of] p1a: Deoxys
|faint|p2a: Gengar
|
|-heal|p1a: Deoxys|74/100|[from] item: Leftovers
|upkeep
|inactive|Tacos769 has 60 seconds left.
|
|t:|1760336332
|switch|p2a: Goodra|Goodra, F|30/100 par
|turn|50
|inactive|Tacos769 has 60 seconds left.
|
|t:|1760336351
|move|p1a: Deoxys|Knock Off|p2a: Goodra
|-damage|p2a: Goodra|7/100 par
|-damage|p1a: Deoxys|58/100|[from] item: Rocky Helmet|[of] p2a: Goodra
|-enditem|p2a: Goodra|Rocky Helmet|[from] move: Knock Off|[of] p1a: Deoxys
|move|p2a: Goodra|Earthquake|p1a: Deoxys
|-damage|p1a: Deoxys|38/100
|
|-heal|p1a: Deoxys|44/100|[from] item: Leftovers
|upkeep
|turn|51
|
|t:|1760336363
|-terastallize|p2a: Goodra|Dragon
|move|p1a: Deoxys|Recover|p1a: Deoxys
|-heal|p1a: Deoxys|94/100
|move|p2a: Goodra|Earthquake|p1a: Deoxys
|-damage|p1a: Deoxys|75/100
|
|-heal|p1a: Deoxys|81/100|[from] item: Leftovers
|upkeep
|turn|52
|
|t:|1760336375
|switch|p1a: Porygon2|Porygon2|97/100
|-ability|p1a: Porygon2|Sap Sipper|Trace|[from] ability: Trace|[of] p2a: Goodra
|move|p2a: Goodra|Earthquake|p1a: Porygon2
|-damage|p1a: Porygon2|81/100
|
|upkeep
|turn|53
|
|t:|1760336383
|move|p1a: Porygon2|Discharge|p2a: Goodra
|-resisted|p2a: Goodra
|-damage|p2a: Goodra|1/100 par
|cant|p2a: Goodra|par
|
|upkeep
|turn|54
|inactive|Tacos769 has 60 seconds left.
|
|t:|1760336391
|move|p1a: Porygon2|Discharge|p2a: Goodra
|-resisted|p2a: Goodra
|-damage|p2a: Goodra|0 fnt
|faint|p2a: Goodra
|
|win|bibiGKC
|raw|bibiGKC's rating: 1064 &rarr; <strong>1089</strong><br />(+25 for winning)
|raw|Tacos769's rating: 1000 &rarr; <strong>1000</strong><br />(+0 for losing)
|l|☆Tacos769
|player|p2|
