|j|☆The Outclassies
|j|☆Quixic
|t:|1760311260
|gametype|singles
|player|p1|The Outclassies|266|1059
|player|p2|Quixic|ingo|1057
|gen|9
|tier|[Gen 9] OU
|rated|
|rule|HP Percentage Mod: HP is shown in percentages
|rule|Endless Battle Clause: Forcing endless battles is banned
|rule|Species Clause: Limit one of each Pokémon
|rule|OHKO Clause: OHKO moves are banned
|rule|Evasion Items Clause: Evasion items are banned
|rule|Evasion Moves Clause: Evasion moves are banned
|rule|Evasion Abilities Clause: Evasion abilities are banned
|rule|Sleep Moves Clause: Sleep-inducing moves are banned
|clearpoke
|poke|p1|Skeledirge, M|
|poke|p1|Ogerpon-Wellspring, F|
|poke|p1|Dragapult, F|
|poke|p1|Weezing-Galar, F|
|poke|p1|Ting-Lu|
|poke|p1|Corviknight, M|
|poke|p2|Polteageist|
|poke|p2|Minior-Violet|
|poke|p2|Drednaw, M|
|poke|p2|Cloyster, M|
|poke|p2|Torterra, M|
|poke|p2|Blastoise, M|
|teampreview
|
|t:|1760311281
|teamsize|p1|6
|teamsize|p2|6
|start
|switch|p1a: Weezing|Weezing-Galar, F|100/100
|switch|p2a: Minior|Minior-Violet|100/100
|-ability|p1a: Weezing|Neutralizing Gas
|-formechange|p2a: Minior|Minior-Meteor||[from] ability: Shields Down
|turn|1
|
|t:|1760311302
|-end|p1a: Weezing|ability: Neutralizing Gas
|switch|p1a: Corviknight|Corviknight, M|100/100
|-ability|p1a: Corviknight|Pressure
|move|p2a: Minior|Shell Smash|p2a: Minior
|-unboost|p2a: Minior|def|1
|-unboost|p2a: Minior|spd|1
|-boost|p2a: Minior|atk|2
|-boost|p2a: Minior|spa|2
|-boost|p2a: Minior|spe|2
|
|upkeep
|turn|2
|
|t:|1760311315
|move|p2a: Minior|Shell Smash|p2a: Minior
|-unboost|p2a: Minior|def|1
|-unboost|p2a: Minior|spd|1
|-boost|p2a: Minior|atk|2
|-boost|p2a: Minior|spa|2
|-boost|p2a: Minior|spe|2
|move|p1a: Corviknight|Iron Defense|p1a: Corviknight
|-boost|p1a: Corviknight|def|2
|
|upkeep
|turn|3
|
|t:|1760311322
|move|p2a: Minior|Shell Smash|p2a: Minior
|-unboost|p2a: Minior|def|1
|-unboost|p2a: Minior|spd|1
|-boost|p2a: Minior|atk|2
|-boost|p2a: Minior|spa|2
|-boost|p2a: Minior|spe|2
|move|p1a: Corviknight|Iron Defense|p1a: Corviknight
|-boost|p1a: Corviknight|def|2
|
|upkeep
|turn|4
|
|t:|1760311331
|move|p2a: Minior|Iron Head|p1a: Corviknight
|-resisted|p1a: Corviknight
|-damage|p1a: Corviknight|94/100
|-damage|p2a: Minior|84/100|[from] item: Rocky Helmet|[of] p1a: Corviknight
|move|p1a: Corviknight|Body Press|p2a: Minior
|-damage|p2a: Minior|0 fnt
|faint|p2a: Minior
|
|upkeep
|
|t:|1760311339
|switch|p2a: Torterra|Torterra, M|100/100
|turn|5
|
|t:|1760311343
|move|p2a: Torterra|Shell Smash|p2a: Torterra
|-unboost|p2a: Torterra|def|1
|-unboost|p2a: Torterra|spd|1
|-boost|p2a: Torterra|atk|2
|-boost|p2a: Torterra|spa|2
|-boost|p2a: Torterra|spe|2
|move|p1a: Corviknight|Body Press|p2a: Torterra
|-enditem|p2a: Torterra|Focus Sash
|-damage|p2a: Torterra|1/100
|
|upkeep
|turn|6
|
|t:|1760311348
|move|p2a: Torterra|Rock Slide|p1a: Corviknight
|-damage|p1a: Corviknight|84/100
|cant|p1a: Corviknight|flinch
|
|upkeep
|turn|7
|
|t:|1760311353
|move|p2a: Torterra|Rock Slide|p1a: Corviknight
|-damage|p1a: Corviknight|74/100
|move|p1a: Corviknight|Body Press|p2a: Torterra
|-crit|p2a: Torterra
|-damage|p2a: Torterra|0 fnt
|faint|p2a: Torterra
|
|upkeep
|
|t:|1760311359
|switch|p2a: Polteageist|Polteageist|100/100
|turn|8
|
|t:|1760311366
|move|p2a: Polteageist|Shell Smash|p2a: Polteageist
|-unboost|p2a: Polteageist|def|1
|-unboost|p2a: Polteageist|spd|1
|-boost|p2a: Polteageist|atk|2
|-boost|p2a: Polteageist|spa|2
|-boost|p2a: Polteageist|spe|2
|move|p1a: Corviknight|U-turn|p2a: Polteageist
|-resisted|p2a: Polteageist
|-damage|p2a: Polteageist|82/100
|-ability|p2a: Polteageist|Weak Armor|boost
|-unboost|p2a: Polteageist|def|1
|-boost|p2a: Polteageist|spe|2
|
|t:|1760311390
|switch|p1a: Ting-Lu|Ting-Lu, shiny|100/100|[from] U-turn
|-ability|p1a: Ting-Lu|Vessel of Ruin
|
|upkeep
|turn|9
|
|t:|1760311394
|move|p2a: Polteageist|Giga Drain|p1a: Ting-Lu
|-supereffective|p1a: Ting-Lu
|-damage|p1a: Ting-Lu|50/100
|-heal|p2a: Polteageist|100/100|[from] drain|[of] p1a: Ting-Lu
|move|p1a: Ting-Lu|Throat Chop|p2a: Polteageist
|-supereffective|p2a: Polteageist
|-enditem|p2a: Polteageist|Focus Sash
|-damage|p2a: Polteageist|1/100
|-start|p2a: Polteageist|Throat Chop|[silent]
|-ability|p2a: Polteageist|Weak Armor|boost
|-unboost|p2a: Polteageist|def|1
|-boost|p2a: Polteageist|spe|2
|
|-heal|p1a: Ting-Lu|56/100|[from] item: Leftovers
|upkeep
|turn|10
|
|t:|1760311406
|move|p2a: Polteageist|Giga Drain|p1a: Ting-Lu
|-supereffective|p1a: Ting-Lu
|-damage|p1a: Ting-Lu|10/100
|-heal|p2a: Polteageist|46/100|[from] drain|[of] p1a: Ting-Lu
|move|p1a: Ting-Lu|Throat Chop|p2a: Polteageist
|-supereffective|p2a: Polteageist
|-damage|p2a: Polteageist|0 fnt
|faint|p2a: Polteageist
|
|-heal|p1a: Ting-Lu|17/100|[from] item: Leftovers
|upkeep
|
|t:|1760311414
|switch|p2a: Drednaw|Drednaw, M|100/100
|turn|11
|
|t:|1760311418
|move|p2a: Drednaw|Shell Smash|p2a: Drednaw
|-unboost|p2a: Drednaw|def|1
|-unboost|p2a: Drednaw|spd|1
|-boost|p2a: Drednaw|atk|2
|-boost|p2a: Drednaw|spa|2
|-boost|p2a: Drednaw|spe|2
|move|p1a: Ting-Lu|Earthquake|p2a: Drednaw
|-supereffective|p2a: Drednaw
|-enditem|p2a: Drednaw|Focus Sash
|-damage|p2a: Drednaw|1/100
|
|-heal|p1a: Ting-Lu|23/100|[from] item: Leftovers
|upkeep
|turn|12
|
|t:|1760311429
|move|p2a: Drednaw|Crunch|p1a: Ting-Lu
|-resisted|p1a: Ting-Lu
|-damage|p1a: Ting-Lu|2/100
|move|p1a: Ting-Lu|Earthquake|p2a: Drednaw
|-supereffective|p2a: Drednaw
|-damage|p2a: Drednaw|0 fnt
|faint|p2a: Drednaw
|
|-heal|p1a: Ting-Lu|8/100|[from] item: Leftovers
|upkeep
|
|t:|1760311433
|switch|p2a: Cloyster|Cloyster, M|100/100
|turn|13
|
|t:|1760311437
|switch|p1a: Weezing|Weezing-Galar, F|100/100
|-ability|p1a: Weezing|Neutralizing Gas
|move|p2a: Cloyster|Ice Shard|p1a: Weezing
|-damage|p1a: Weezing|85/100
|
|upkeep
|turn|14
|
|t:|1760311446
|switch|p2a: Blastoise|Blastoise, M|100/100
|move|p1a: Weezing|Will-O-Wisp|p2a: Blastoise|[miss]
|-miss|p1a: Weezing|p2a: Blastoise
|
|upkeep
|turn|15
|
|t:|1760311452
|-end|p1a: Weezing|ability: Neutralizing Gas
|switch|p1a: Ogerpon|Ogerpon-Wellspring, F|100/100
|move|p2a: Blastoise|Shell Smash|p2a: Blastoise
|-unboost|p2a: Blastoise|def|1
|-unboost|p2a: Blastoise|spd|1
|-boost|p2a: Blastoise|atk|2
|-boost|p2a: Blastoise|spa|2
|-boost|p2a: Blastoise|spe|2
|
|upkeep
|turn|16
|
|t:|1760311468
|move|p2a: Blastoise|Flip Turn|p1a: Ogerpon
|-immune|p1a: Ogerpon|[from] ability: Water Absorb
|move|p1a: Ogerpon|Ivy Cudgel|p2a: Blastoise|[anim] Ivy Cudgel Water
|-resisted|p2a: Blastoise
|-damage|p2a: Blastoise|54/100
|
|upkeep
|turn|17
|
|t:|1760311477
|move|p2a: Blastoise|Rapid Spin|p1a: Ogerpon
|-damage|p1a: Ogerpon|69/100
|-boost|p2a: Blastoise|spe|1
|move|p1a: Ogerpon|Ivy Cudgel|p2a: Blastoise|[anim] Ivy Cudgel Water
|-resisted|p2a: Blastoise
|-damage|p2a: Blastoise|10/100
|
|upkeep
|turn|18
|
|t:|1760311484
|move|p2a: Blastoise|Rapid Spin|p1a: Ogerpon
|-damage|p1a: Ogerpon|37/100
|-boost|p2a: Blastoise|spe|1
|move|p1a: Ogerpon|Ivy Cudgel|p2a: Blastoise|[anim] Ivy Cudgel Water
|-resisted|p2a: Blastoise
|-damage|p2a: Blastoise|0 fnt
|faint|p2a: Blastoise
|
|upkeep
|
|t:|1760311489
|switch|p2a: Cloyster|Cloyster, M|100/100
|turn|19
|
|t:|1760311498
|move|p1a: Ogerpon|Ivy Cudgel|p2a: Cloyster|[anim] Ivy Cudgel Water
|-resisted|p2a: Cloyster
|-damage|p2a: Cloyster|79/100
|move|p2a: Cloyster|Shell Smash|p2a: Cloyster
|-unboost|p2a: Cloyster|def|1
|-unboost|p2a: Cloyster|spd|1
|-boost|p2a: Cloyster|atk|2
|-boost|p2a: Cloyster|spa|2
|-boost|p2a: Cloyster|spe|2
|
|upkeep
|turn|20
|
|t:|1760311507
|move|p2a: Cloyster|Icicle Spear|p1a: Ogerpon
|-damage|p1a: Ogerpon|10/100
|-damage|p1a: Ogerpon|0 fnt
|faint|p1a: Ogerpon
|-hitcount|p1: Ogerpon|2
|
|upkeep
|
|t:|1760311511
|switch|p1a: Weezing|Weezing-Galar, F|85/100
|-ability|p1a: Weezing|Neutralizing Gas
|turn|21
|
|t:|1760311515
|move|p2a: Cloyster|Rock Blast|p1a: Weezing
|-crit|p1a: Weezing
|-damage|p1a: Weezing|67/100
|-damage|p1a: Weezing|54/100
|-damage|p1a: Weezing|42/100
|-hitcount|p1a: Weezing|3
|move|p1a: Weezing|Will-O-Wisp|p2a: Cloyster
|-status|p2a: Cloyster|brn
|
|-damage|p2a: Cloyster|73/100 brn|[from] brn
|upkeep
|turn|22
|
|t:|1760311526
|move|p2a: Cloyster|Shell Smash|p2a: Cloyster
|-unboost|p2a: Cloyster|def|1
|-unboost|p2a: Cloyster|spd|1
|-boost|p2a: Cloyster|atk|2
|-boost|p2a: Cloyster|spa|2
|-boost|p2a: Cloyster|spe|2
|move|p1a: Weezing|Sludge Bomb|p2a: Cloyster
|-crit|p2a: Cloyster
|-damage|p2a: Cloyster|0 fnt
|faint|p2a: Cloyster
|
|win|The Outclassies
|raw|The Outclassies's rating: 1059 &rarr; <strong>1090</strong><br />(+31 for winning)
|raw|Quixic's rating: 1057 &rarr; <strong>1039</strong><br />(-18 for losing)
|l|☆Quixic
|player|p2|
|l|☆The Outclassies
|player|p1|
