|j|☆impostor Red
|j|☆dominothief
|t:|1760389297
|gametype|singles
|player|p1|impostor Red|170|1066
|player|p2|dominothief|caitlin|1144
|gen|9
|tier|[Gen 9] OU
|rated|
|rule|HP Percentage Mod: HP is shown in percentages
|rule|Endless Battle Clause: Forcing endless battles is banned
|rule|Species Clause: Limit one of each Pokémon
|rule|OHKO Clause: OHKO moves are banned
|rule|Evasion Items Clause: Evasion items are banned
|rule|Evasion Moves Clause: Evasion moves are banned
|rule|Evasion Abilities Clause: Evasion abilities are banned
|rule|Sleep Moves Clause: Sleep-inducing moves are banned
|clearpoke
|poke|p1|Pikachu, M|
|poke|p1|Mimikyu, M|
|poke|p1|Vivillon, F|
|poke|p1|Sylveon, F|
|poke|p1|Leafeon, M|
|poke|p1|Raichu-Alola, F|
|poke|p2|Alomomola, F|
|poke|p2|Pecharunt|
|poke|p2|Gliscor, F|
|poke|p2|Skarmory, M|
|poke|p2|Clefable, M|
|poke|p2|Zamazenta-*|
|teampreview
|
|t:|1760389315
|teamsize|p1|6
|teamsize|p2|6
|start
|switch|p1a: Vivillon|Vivillon, F|100/100
|switch|p2a: Skarmory|Skarmory, M|100/100
|turn|1
|
|t:|1760389326
|move|p1a: Vivillon|Stun Spore|p2a: Skarmory
|-status|p2a: Skarmory|par
|move|p2a: Skarmory|Spikes|p1a: Vivillon
|-sidestart|p1: impostor Red|Spikes
|
|upkeep
|turn|2
|
|t:|1760389334
|move|p1a: Vivillon|Quiver Dance|p1a: Vivillon
|-boost|p1a: Vivillon|spa|1
|-boost|p1a: Vivillon|spd|1
|-boost|p1a: Vivillon|spe|1
|move|p2a: Skarmory|Spikes|p1a: Vivillon
|-sidestart|p1: impostor Red|Spikes
|
|upkeep
|turn|3
|
|t:|1760389349
|switch|p2a: Pecharunt|Pecharunt|100/100
|move|p1a: Vivillon|Quiver Dance|p1a: Vivillon
|-boost|p1a: Vivillon|spa|1
|-boost|p1a: Vivillon|spd|1
|-boost|p1a: Vivillon|spe|1
|
|upkeep
|turn|4
|
|t:|1760389358
|move|p1a: Vivillon|Air Slash|p2a: Pecharunt
|-damage|p2a: Pecharunt|51/100
|move|p2a: Pecharunt|Malignant Chain|p1a: Vivillon
|-damage|p1a: Vivillon|72/100
|
|upkeep
|turn|5
|
|t:|1760389370
|move|p1a: Vivillon|Air Slash|p2a: Pecharunt
|-damage|p2a: Pecharunt|0 fnt
|faint|p2a: Pecharunt
|
|upkeep
|
|t:|1760389378
|switch|p2a: Zamazenta|Zamazenta|100/100
|-ability|p2a: Zamazenta|Dauntless Shield|boost
|-boost|p2a: Zamazenta|def|1
|turn|6
|
|t:|1760389384
|move|p1a: Vivillon|Stun Spore|p2a: Zamazenta
|-status|p2a: Zamazenta|par
|move|p2a: Zamazenta|Roar|p1a: Vivillon
|drag|p1a: Mimikyu|Mimikyu, M|100/100
|-damage|p1a: Mimikyu|84/100|[from] Spikes
|
|-heal|p1a: Mimikyu|90/100|[from] item: Leftovers
|upkeep
|turn|7
|
|t:|1760389397
|move|p1a: Mimikyu|Bulk Up|p1a: Mimikyu
|-boost|p1a: Mimikyu|atk|1
|-boost|p1a: Mimikyu|def|1
|move|p2a: Zamazenta|Iron Defense|p2a: Zamazenta
|-boost|p2a: Zamazenta|def|2
|
|-heal|p1a: Mimikyu|96/100|[from] item: Leftovers
|upkeep
|turn|8
|
|t:|1760389405
|move|p1a: Mimikyu|Bulk Up|p1a: Mimikyu
|-boost|p1a: Mimikyu|atk|1
|-boost|p1a: Mimikyu|def|1
|move|p2a: Zamazenta|Crunch|p1a: Mimikyu
|-activate|p1a: Mimikyu|ability: Disguise
|-damage|p1a: Mimikyu|96/100
|detailschange|p1a: Mimikyu|Mimikyu-Busted, M
|-damage|p1a: Mimikyu|84/100|[from] pokemon: Mimikyu-Busted
|
|-heal|p1a: Mimikyu|90/100|[from] item: Leftovers
|upkeep
|turn|9
|
|t:|1760389415
|move|p1a: Mimikyu|Bulk Up|p1a: Mimikyu
|-boost|p1a: Mimikyu|atk|1
|-boost|p1a: Mimikyu|def|1
|move|p2a: Zamazenta|Roar|p1a: Mimikyu
|drag|p1a: Pikachu|Pikachu, M|100/100
|-damage|p1a: Pikachu|84/100|[from] Spikes
|
|upkeep
|turn|10
|
|t:|1760389425
|move|p1a: Pikachu|Thunderbolt|p2a: Zamazenta
|-damage|p2a: Zamazenta|63/100 par
|cant|p2a: Zamazenta|par
|
|-heal|p2a: Zamazenta|69/100 par|[from] item: Leftovers
|upkeep
|turn|11
|
|t:|1760389431
|move|p1a: Pikachu|Thunderbolt|p2a: Zamazenta
|-damage|p2a: Zamazenta|33/100 par
|move|p2a: Zamazenta|Body Press|p1a: Pikachu
|-damage|p1a: Pikachu|0 fnt
|faint|p1a: Pikachu
|
|-heal|p2a: Zamazenta|39/100 par|[from] item: Leftovers
|upkeep
|
|t:|1760389439
|switch|p1a: Raichu|Raichu-Alola, F|100/100
|-item|p1a: Raichu|Air Balloon
|turn|12
|
|t:|1760389448
|move|p1a: Raichu|Calm Mind|p1a: Raichu
|-boost|p1a: Raichu|spa|1
|-boost|p1a: Raichu|spd|1
|move|p2a: Zamazenta|Crunch|p1a: Raichu
|-supereffective|p1a: Raichu
|-damage|p1a: Raichu|12/100
|-enditem|p1a: Raichu|Air Balloon
|
|-heal|p2a: Zamazenta|45/100 par|[from] item: Leftovers
|upkeep
|turn|13
|
|t:|1760389466
|move|p1a: Raichu|Psychic|p2a: Zamazenta
|-supereffective|p2a: Zamazenta
|-crit|p2a: Zamazenta
|-damage|p2a: Zamazenta|0 fnt
|faint|p2a: Zamazenta
|
|upkeep
|
|t:|1760389474
|switch|p2a: Clefable|Clefable, M|100/100
|turn|14
|
|t:|1760389482
|move|p1a: Raichu|Psychic|p2a: Clefable
|-damage|p2a: Clefable|52/100
|move|p2a: Clefable|Stealth Rock|p1a: Raichu
|-sidestart|p1: impostor Red|move: Stealth Rock
|
|-heal|p2a: Clefable|58/100|[from] item: Leftovers
|upkeep
|turn|15
|
|t:|1760389491
|move|p1a: Raichu|Calm Mind|p1a: Raichu
|-boost|p1a: Raichu|spa|1
|-boost|p1a: Raichu|spd|1
|move|p2a: Clefable|Wish|p2a: Clefable
|
|-heal|p2a: Clefable|64/100|[from] item: Leftovers
|upkeep
|turn|16
|
|t:|1760389528
|switch|p2a: Skarmory|Skarmory, M|100/100 par
|-terastallize|p1a: Raichu|Electric
|move|p1a: Raichu|Thunderbolt|p2a: Skarmory
|-supereffective|p2a: Skarmory
|-damage|p2a: Skarmory|0 fnt
|faint|p2a: Skarmory
|
|upkeep
|
|t:|1760389538
|switch|p2a: Gliscor|Gliscor, F|100/100
|turn|17
|
|t:|1760389543
|move|p1a: Raichu|Surf|p2a: Gliscor
|-supereffective|p2a: Gliscor
|-damage|p2a: Gliscor|3/100
|move|p2a: Gliscor|Earthquake|p1a: Raichu
|-supereffective|p1a: Raichu
|-damage|p1a: Raichu|0 fnt
|faint|p1a: Raichu
|
|-status|p2a: Gliscor|tox|[from] item: Toxic Orb
|upkeep
|
|t:|1760389552
|switch|p1a: Vivillon|Vivillon, F|72/100
|turn|18
|
|t:|1760389566
|switch|p2a: Clefable|Clefable, M|64/100
|move|p1a: Vivillon|Quiver Dance|p1a: Vivillon
|-boost|p1a: Vivillon|spa|1
|-boost|p1a: Vivillon|spd|1
|-boost|p1a: Vivillon|spe|1
|
|-heal|p2a: Clefable|70/100|[from] item: Leftovers
|upkeep
|turn|19
|
|t:|1760389575
|move|p1a: Vivillon|Giga Drain|p2a: Clefable
|-damage|p2a: Clefable|45/100
|-heal|p1a: Vivillon|88/100|[from] drain|[of] p2a: Clefable
|move|p2a: Clefable|Moonblast|p1a: Vivillon
|-damage|p1a: Vivillon|53/100
|-unboost|p1a: Vivillon|spa|1
|
|-heal|p2a: Clefable|51/100|[from] item: Leftovers
|upkeep
|turn|20
|
|t:|1760389589
|move|p1a: Vivillon|Quiver Dance|p1a: Vivillon
|-boost|p1a: Vivillon|spa|1
|-boost|p1a: Vivillon|spd|1
|-boost|p1a: Vivillon|spe|1
|move|p2a: Clefable|Wish|p2a: Clefable
|
|-heal|p2a: Clefable|57/100|[from] item: Leftovers
|upkeep
|turn|21
|
|t:|1760389596
|move|p1a: Vivillon|Quiver Dance|p1a: Vivillon
|-boost|p1a: Vivillon|spa|1
|-boost|p1a: Vivillon|spd|1
|-boost|p1a: Vivillon|spe|1
|move|p2a: Clefable|Moonblast|p1a: Vivillon
|-crit|p1a: Vivillon
|-damage|p1a: Vivillon|0 fnt
|faint|p1a: Vivillon
|
|-heal|p2a: Clefable|100/100|[from] move: Wish|[wisher] Clefable
|upkeep
|
|t:|1760389604
|switch|p1a: Sylveon|Sylveon, F|100/100
|-damage|p1a: Sylveon|84/100|[from] Spikes
|-damage|p1a: Sylveon|72/100|[from] Stealth Rock
|turn|22
|
|t:|1760389615
|move|p1a: Sylveon|Calm Mind|p1a: Sylveon
|-boost|p1a: Sylveon|spa|1
|-boost|p1a: Sylveon|spd|1
|move|p2a: Clefable|Wish|p2a: Clefable
|
|-heal|p1a: Sylveon|78/100|[from] item: Leftovers
|upkeep
|turn|23
|
|t:|1760389634
|move|p1a: Sylveon|Substitute|p1a: Sylveon
|-start|p1a: Sylveon|Substitute
|-damage|p1a: Sylveon|53/100
|move|p2a: Clefable|Moonblast|p1a: Sylveon
|-activate|p1a: Sylveon|move: Substitute|[damage]
|
|-heal|p1a: Sylveon|59/100|[from] item: Leftovers
|upkeep
|turn|24
|
|t:|1760389642
|move|p1a: Sylveon|Calm Mind|p1a: Sylveon
|-boost|p1a: Sylveon|spa|1
|-boost|p1a: Sylveon|spd|1
|move|p2a: Clefable|Moonblast|p1a: Sylveon
|-end|p1a: Sylveon|Substitute
|
|-heal|p1a: Sylveon|65/100|[from] item: Leftovers
|upkeep
|turn|25
|
|t:|1760389654
|move|p1a: Sylveon|Moonblast|p2a: Clefable
|-damage|p2a: Clefable|21/100
|-unboost|p2a: Clefable|spa|1
|move|p2a: Clefable|Moonblast|p1a: Sylveon
|-damage|p1a: Sylveon|58/100
|-unboost|p1a: Sylveon|spa|1
|
|-heal|p1a: Sylveon|64/100|[from] item: Leftovers
|-heal|p2a: Clefable|27/100|[from] item: Leftovers
|upkeep
|turn|26
|
|t:|1760389668
|move|p1a: Sylveon|Substitute|p1a: Sylveon
|-start|p1a: Sylveon|Substitute
|-damage|p1a: Sylveon|39/100
|move|p2a: Clefable|Wish|p2a: Clefable
|
|-heal|p1a: Sylveon|45/100|[from] item: Leftovers
|-heal|p2a: Clefable|33/100|[from] item: Leftovers
|upkeep
|turn|27
|
|t:|1760389682
|switch|p2a: Gliscor|Gliscor, F|3/100 tox
|move|p1a: Sylveon|Calm Mind|p1a: Sylveon
|-boost|p1a: Sylveon|spa|1
|-boost|p1a: Sylveon|spd|1
|
|-heal|p2a: Gliscor|59/100 tox|[from] move: Wish|[wisher] Clefable
|-heal|p1a: Sylveon|51/100|[from] item: Leftovers
|-heal|p2a: Gliscor|71/100 tox|[from] ability: Poison Heal
|upkeep
|turn|28
|
|t:|1760389705
|move|p2a: Gliscor|Earthquake|p1a: Sylveon
|-end|p1a: Sylveon|Substitute
|move|p1a: Sylveon|Moonblast|p2a: Gliscor
|-damage|p2a: Gliscor|0 fnt
|faint|p2a: Gliscor
|
|-heal|p1a: Sylveon|58/100|[from] item: Leftovers
|upkeep
|
|t:|1760389714
|switch|p2a: Alomomola|Alomomola, F|100/100
|turn|29
|
|t:|1760389719
|move|p1a: Sylveon|Moonblast|p2a: Alomomola
|-damage|p2a: Alomomola|7/100
|move|p2a: Alomomola|Flip Turn|p1a: Sylveon
|-damage|p1a: Sylveon|41/100
|
|t:|1760389724
|switch|p2a: Clefable|Clefable, M|33/100|[from] Flip Turn
|
|-heal|p1a: Sylveon|47/100|[from] item: Leftovers
|-heal|p2a: Clefable|39/100|[from] item: Leftovers
|upkeep
|turn|30
|
|t:|1760389730
|move|p1a: Sylveon|Moonblast|p2a: Clefable
|-damage|p2a: Clefable|0 fnt
|faint|p2a: Clefable
|
|-heal|p1a: Sylveon|53/100|[from] item: Leftovers
|upkeep
|
|t:|1760389736
|switch|p2a: Alomomola|Alomomola, F|41/100
|turn|31
|
|t:|1760389739
|move|p1a: Sylveon|Moonblast|p2a: Alomomola
|-damage|p2a: Alomomola|0 fnt
|faint|p2a: Alomomola
|
|win|impostor Red
|raw|impostor Red's rating: 1066 &rarr; <strong>1103</strong><br />(+37 for winning)
|raw|dominothief's rating: 1144 &rarr; <strong>1113</strong><br />(-31 for losing)
|l|☆dominothief
|player|p2|
|l|☆impostor Red
|player|p1|
