|j|☆sniper20657
|j|☆Doomingo
|t:|1760380905
|gametype|singles
|player|p1|sniper20657|blackbelt-gen4dp|1274
|player|p2|Doomingo|1|1246
|gen|9
|tier|[Gen 9] OU
|rated|
|rule|HP Percentage Mod: HP is shown in percentages
|rule|Endless Battle Clause: Forcing endless battles is banned
|rule|Species Clause: Limit one of each Pokémon
|rule|OHKO Clause: OHKO moves are banned
|rule|Evasion Items Clause: Evasion items are banned
|rule|Evasion Moves Clause: Evasion moves are banned
|rule|Evasion Abilities Clause: Evasion abilities are banned
|rule|Sleep Moves Clause: Sleep-inducing moves are banned
|clearpoke
|poke|p1|Darkrai|
|poke|p1|Indeedee, M|
|poke|p1|Hoopa-Unbound|
|poke|p1|Heatran, F|
|poke|p1|Zamazenta-*|
|poke|p1|Iron Hands|
|poke|p2|Tyranitar, M|
|poke|p2|Sinistcha|
|poke|p2|Comfey, M|
|poke|p2|Bellibolt, F|
|poke|p2|Mamoswine, M|
|poke|p2|Scizor, F|
|teampreview
|
|t:|1760380923
|teamsize|p1|6
|teamsize|p2|6
|start
|switch|p1a: Indeedee|Indeedee, M|100/100
|switch|p2a: Mr. Big|Tyranitar, M|100/100
|-fieldstart|move: Psychic Terrain|[from] ability: Psychic Surge|[of] p1a: Indeedee
|-weather|Sandstorm|[from] ability: Sand Stream|[of] p2a: Mr. Big
|turn|1
|
|t:|1760380946
|switch|p1a: Zamazenta|Zamazenta|100/100
|-ability|p1a: Zamazenta|Dauntless Shield|boost
|-boost|p1a: Zamazenta|def|1
|move|p2a: Mr. Big|Knock Off|p1a: Zamazenta
|-resisted|p1a: Zamazenta
|-damage|p1a: Zamazenta|90/100
|-enditem|p1a: Zamazenta|Leftovers|[from] move: Knock Off|[of] p2a: Mr. Big
|
|-weather|Sandstorm|[upkeep]
|-damage|p1a: Zamazenta|83/100|[from] Sandstorm
|upkeep
|turn|2
|
|t:|1760380957
|switch|p1a: Darkrai|Darkrai|100/100
|switch|p2a: Charla|Sinistcha|100/100
|
|-weather|Sandstorm|[upkeep]
|-damage|p1a: Darkrai|94/100|[from] Sandstorm
|-damage|p2a: Charla|94/100|[from] Sandstorm
|upkeep
|turn|3
|
|t:|1760380970
|switch|p2a: Mr. Big|Tyranitar, M|100/100
|move|p1a: Darkrai|Trick|p2a: Mr. Big
|-activate|p1a: Darkrai|move: Trick|[of] p2a: Mr. Big
|-item|p2a: Mr. Big|Choice Scarf|[from] move: Trick
|-item|p1a: Darkrai|Assault Vest|[from] move: Trick
|
|-weather|Sandstorm|[upkeep]
|-damage|p1a: Darkrai|88/100|[from] Sandstorm
|upkeep
|turn|4
|
|t:|1760380990
|switch|p1a: Heatran|Heatran, F|100/100
|-item|p1a: Heatran|Air Balloon
|move|p2a: Mr. Big|Ancient Power|p1a: Heatran
|-damage|p1a: Heatran|83/100
|-enditem|p1a: Heatran|Air Balloon
|
|-weather|Sandstorm|[upkeep]
|upkeep
|turn|5
|
|t:|1760381002
|move|p2a: Mr. Big|Ancient Power|p1a: Heatran
|-damage|p1a: Heatran|68/100
|move|p1a: Heatran|Will-O-Wisp|p2a: Mr. Big
|-status|p2a: Mr. Big|brn
|
|-weather|none
|-damage|p2a: Mr. Big|94/100 brn|[from] brn
|upkeep
|turn|6
|
|t:|1760381007
|move|p2a: Mr. Big|Ancient Power|p1a: Heatran
|-damage|p1a: Heatran|53/100
|move|p1a: Heatran|Stealth Rock|p2a: Mr. Big
|-sidestart|p2: Doomingo|move: Stealth Rock
|
|-damage|p2a: Mr. Big|88/100 brn|[from] brn
|upkeep
|turn|7
|
|t:|1760381015
|move|p2a: Mr. Big|Ancient Power|p1a: Heatran
|-damage|p1a: Heatran|36/100
|move|p1a: Heatran|Flash Cannon|p2a: Mr. Big
|-supereffective|p2a: Mr. Big
|-damage|p2a: Mr. Big|34/100 brn
|
|-damage|p2a: Mr. Big|28/100 brn|[from] brn
|upkeep
|turn|8
|
|t:|1760381032
|move|p2a: Mr. Big|Ancient Power|p1a: Heatran
|-damage|p1a: Heatran|21/100
|move|p1a: Heatran|Flash Cannon|p2a: Mr. Big
|-supereffective|p2a: Mr. Big
|-damage|p2a: Mr. Big|0 fnt
|faint|p2a: Mr. Big
|
|-fieldend|move: Psychic Terrain
|upkeep
|
|t:|1760381042
|switch|p2a: Glut|Bellibolt, F|100/100
|-damage|p2a: Glut|88/100|[from] Stealth Rock
|turn|9
|
|t:|1760381054
|move|p1a: Heatran|Will-O-Wisp|p2a: Glut
|-status|p2a: Glut|brn
|move|p2a: Glut|Soak|p1a: Heatran
|-start|p1a: Heatran|typechange|Water
|
|-damage|p2a: Glut|82/100 brn|[from] brn
|upkeep
|turn|10
|
|t:|1760381073
|switch|p1a: Indeedee|Indeedee, M|100/100
|-fieldstart|move: Psychic Terrain|[from] ability: Psychic Surge|[of] p1a: Indeedee
|move|p2a: Glut|Parabolic Charge|p1a: Indeedee
|-damage|p1a: Indeedee|68/100
|-heal|p2a: Glut|95/100 brn|[from] drain|[of] p1a: Indeedee
|
|-damage|p2a: Glut|89/100 brn|[from] brn
|upkeep
|turn|11
|
|t:|1760381094
|move|p1a: Indeedee|Expanding Force|p2a: Glut
|-damage|p2a: Glut|40/100 brn
|-start|p2a: Glut|Charge|Expanding Force|[from] ability: Electromorphosis
|move|p2a: Glut|Parabolic Charge|p1a: Indeedee
|-crit|p1a: Indeedee
|-damage|p1a: Indeedee|0 fnt
|-heal|p2a: Glut|67/100 brn|[from] drain|[of] p1a: Indeedee
|faint|p1a: Indeedee
|-end|p2a: Glut|Charge|[silent]
|
|-damage|p2a: Glut|61/100 brn|[from] brn
|upkeep
|
|t:|1760381102
|switch|p1a: Hoopa|Hoopa-Unbound|100/100
|-enditem|p1a: Hoopa|Psychic Seed
|-boost|p1a: Hoopa|spd|1|[from] item: Psychic Seed
|turn|12
|
|t:|1760381109
|switch|p2a: Buzz|Scizor, F|100/100
|-damage|p2a: Buzz|88/100|[from] Stealth Rock
|move|p1a: Hoopa|Expanding Force|p2a: Buzz
|-resisted|p2a: Buzz
|-damage|p2a: Buzz|46/100
|-item|p1a: Hoopa|Leftovers|[from] ability: Magician|[of] p2a: Buzz
|
|upkeep
|turn|13
|
|t:|1760381130
|switch|p1a: Zamazenta|Zamazenta|83/100
|move|p2a: Buzz|U-turn|p1a: Zamazenta
|-resisted|p1a: Zamazenta
|-crit|p1a: Zamazenta
|-damage|p1a: Zamazenta|66/100
|
|t:|1760381137
|switch|p2a: Charla|Sinistcha|94/100|[from] U-turn
|-damage|p2a: Charla|82/100|[from] Stealth Rock
|
|upkeep
|turn|14
|
|t:|1760381144
|move|p2a: Charla|Strength Sap|p1a: Zamazenta
|-unboost|p1a: Zamazenta|atk|1
|-heal|p2a: Charla|100/100
|move|p1a: Zamazenta|Roar|p2a: Charla
|drag|p2a: Glut|Bellibolt, F|61/100 brn
|-damage|p2a: Glut|48/100 brn|[from] Stealth Rock
|
|-damage|p2a: Glut|42/100 brn|[from] brn
|upkeep
|turn|15
|
|t:|1760381159
|move|p1a: Zamazenta|Body Press|p2a: Glut
|-crit|p2a: Glut
|-damage|p2a: Glut|0 fnt
|faint|p2a: Glut
|
|upkeep
|
|t:|1760381176
|switch|p2a: Buzz|Scizor, F|46/100
|-damage|p2a: Buzz|34/100|[from] Stealth Rock
|turn|16
|
|t:|1760381189
|move|p1a: Zamazenta|Iron Defense|p1a: Zamazenta
|-boost|p1a: Zamazenta|def|2
|move|p2a: Buzz|Tailwind|p2a: Buzz
|-sidestart|p2: Doomingo|move: Tailwind
|
|upkeep
|turn|17
|
|t:|1760381194
|move|p1a: Zamazenta|Body Press|p2a: Buzz
|-damage|p2a: Buzz|0 fnt
|faint|p2a: Buzz
|
|-fieldend|move: Psychic Terrain
|upkeep
|
|t:|1760381196
|switch|p2a: Charla|Sinistcha|100/100
|-damage|p2a: Charla|88/100|[from] Stealth Rock
|turn|18
|
|t:|1760381224
|move|p2a: Charla|Matcha Gotcha|p1a: Zamazenta
|-damage|p1a: Zamazenta|31/100
|-heal|p2a: Charla|100/100|[from] drain|[of] p1a: Zamazenta
|move|p1a: Zamazenta|Roar|p2a: Charla
|drag|p2a: Ring A Round|Comfey, M|100/100
|-damage|p2a: Ring A Round|88/100|[from] Stealth Rock
|
|upkeep
|turn|19
|
|t:|1760381241
|move|p2a: Ring A Round|Calm Mind|p2a: Ring A Round
|-boost|p2a: Ring A Round|spa|1
|-boost|p2a: Ring A Round|spd|1
|move|p1a: Zamazenta|Roar|p2a: Ring A Round
|drag|p2a: Mastodown!|Mamoswine, M, shiny|100/100
|-damage|p2a: Mastodown!|88/100|[from] Stealth Rock
|
|-sideend|p2: Doomingo|move: Tailwind
|upkeep
|turn|20
|
|t:|1760381251
|switch|p2a: Ring A Round|Comfey, M|88/100
|-damage|p2a: Ring A Round|76/100|[from] Stealth Rock
|move|p1a: Zamazenta|Body Press|p2a: Ring A Round
|-resisted|p2a: Ring A Round
|-damage|p2a: Ring A Round|32/100
|-enditem|p2a: Ring A Round|Kee Berry|[eat]
|-boost|p2a: Ring A Round|def|1|[from] item: Kee Berry
|
|upkeep
|turn|21
|
|t:|1760381265
|move|p2a: Ring A Round|Draining Kiss|p1a: Zamazenta
|-supereffective|p1a: Zamazenta
|-damage|p1a: Zamazenta|0 fnt
|-heal|p2a: Ring A Round|61/100|[from] drain|[of] p1a: Zamazenta
|faint|p1a: Zamazenta
|
|upkeep
|
|t:|1760381284
|switch|p1a: Darkrai|Darkrai|88/100
|turn|22
|
|t:|1760381293
|-terastallize|p2a: Ring A Round|Steel
|move|p1a: Darkrai|Sludge Bomb|p2a: Ring A Round
|-immune|p2a: Ring A Round
|move|p2a: Ring A Round|Calm Mind|p2a: Ring A Round
|-boost|p2a: Ring A Round|spa|1
|-boost|p2a: Ring A Round|spd|1
|
|upkeep
|turn|23
|
|t:|1760381307
|switch|p1a: Heatran|Heatran, F|21/100
|move|p2a: Ring A Round|Calm Mind|p2a: Ring A Round
|-boost|p2a: Ring A Round|spa|1
|-boost|p2a: Ring A Round|spd|1
|
|upkeep
|turn|24
|
|t:|1760381314
|move|p2a: Ring A Round|Stored Power|p1a: Heatran
|-resisted|p1a: Heatran
|-damage|p1a: Heatran|0 fnt
|faint|p1a: Heatran
|
|upkeep
|
|t:|1760381332
|switch|p1a: Hoopa|Hoopa-Unbound|100/100
|turn|25
|
|t:|1760381338
|move|p2a: Ring A Round|Draining Kiss|p1a: Hoopa
|-supereffective|p1a: Hoopa
|-damage|p1a: Hoopa|36/100
|-heal|p2a: Ring A Round|100/100|[from] drain|[of] p1a: Hoopa
|move|p1a: Hoopa|Trick Room|p1a: Hoopa
|-fieldstart|move: Trick Room|[of] p1a: Hoopa
|
|-heal|p1a: Hoopa|42/100|[from] item: Leftovers
|upkeep
|turn|26
|
|t:|1760381346
|move|p2a: Ring A Round|Draining Kiss|p1a: Hoopa
|-supereffective|p1a: Hoopa
|-damage|p1a: Hoopa|0 fnt
|faint|p1a: Hoopa
|
|upkeep
|
|t:|1760381348
|switch|p1a: Iron Hands|Iron Hands|100/100
|-enditem|p1a: Iron Hands|Booster Energy
|-activate|p1a: Iron Hands|ability: Quark Drive|[fromitem]
|-start|p1a: Iron Hands|quarkdriveatk
|turn|27
|
|t:|1760381357
|-terastallize|p1a: Iron Hands|Flying
|move|p1a: Iron Hands|Drain Punch|p2a: Ring A Round
|-supereffective|p2a: Ring A Round
|-damage|p2a: Ring A Round|4/100
|move|p2a: Ring A Round|Stored Power|p1a: Iron Hands
|-damage|p1a: Iron Hands|50/100
|
|upkeep
|turn|28
|
|t:|1760381370
|move|p2a: Ring A Round|Draining Kiss|p1a: Iron Hands
|-damage|p1a: Iron Hands|21/100
|-heal|p2a: Ring A Round|36/100|[from] drain|[of] p1a: Iron Hands
|move|p1a: Iron Hands|Ice Punch|p2a: Ring A Round
|-resisted|p2a: Ring A Round
|-damage|p2a: Ring A Round|21/100
|
|upkeep
|turn|29
|
|t:|1760381376
|move|p2a: Ring A Round|Draining Kiss|p1a: Iron Hands
|-damage|p1a: Iron Hands|0 fnt
|-heal|p2a: Ring A Round|43/100|[from] drain|[of] p1a: Iron Hands
|faint|p1a: Iron Hands
|-end|p1a: Iron Hands|Quark Drive|[silent]
|
|-fieldend|move: Trick Room
|upkeep
|
|t:|1760381380
|switch|p1a: Darkrai|Darkrai|88/100
|turn|30
|
|t:|1760381383
|move|p2a: Ring A Round|Draining Kiss|p1a: Darkrai
|-supereffective|p1a: Darkrai
|-damage|p1a: Darkrai|16/100
|-heal|p2a: Ring A Round|93/100|[from] drain|[of] p1a: Darkrai
|move|p1a: Darkrai|Dark Pulse|p2a: Ring A Round
|-damage|p2a: Ring A Round|69/100
|
|upkeep
|turn|31
|c|☆Doomingo|gg
|-message|sniper20657 forfeited.
|
|win|Doomingo
|raw|sniper20657's rating: 1274 &rarr; <strong>1247</strong><br />(-27 for losing)
|raw|Doomingo's rating: 1246 &rarr; <strong>1273</strong><br />(+27 for winning)
|l|☆sniper20657
|player|p1|
|l|☆Doomingo
|player|p2|
