|j|☆sook9
|j|☆ScraftyTheSkelepun
|t:|1760455470
|gametype|singles
|player|p1|sook9|maid|1053
|player|p2|ScraftyTheSkelepun|veteran|1094
|gen|9
|tier|[Gen 9] OU
|rated|
|rule|HP Percentage Mod: HP is shown in percentages
|rule|Endless Battle Clause: Forcing endless battles is banned
|rule|Species Clause: Limit one of each Pokémon
|rule|OHKO Clause: OHKO moves are banned
|rule|Evasion Items Clause: Evasion items are banned
|rule|Evasion Moves Clause: Evasion moves are banned
|rule|Evasion Abilities Clause: Evasion abilities are banned
|rule|Sleep Moves Clause: Sleep-inducing moves are banned
|clearpoke
|poke|p1|Shiftry, F|
|poke|p1|Gyarados, F|
|poke|p1|Incineroar, M|
|poke|p1|Muk-Alola, F|
|poke|p1|Swampert, F|
|poke|p1|Corviknight, M|
|poke|p2|Kingambit, F|
|poke|p2|Zoroark, F|
|poke|p2|Darkrai|
|poke|p2|Moltres-Galar|
|poke|p2|Scrafty, F|
|poke|p2|Mandibuzz, F|
|teampreview
|inactive|Battle timer is ON: inactive players will automatically lose when time's up. (requested by sook9)
|
|t:|1760455476
|teamsize|p1|6
|teamsize|p2|6
|start
|switch|p1a: Muk|Muk-Alola, F, shiny|100/100
|switch|p2a: Mandibuzz|Mandibuzz, F|100/100
|turn|1
|
|t:|1760455483
|move|p2a: Mandibuzz|Tailwind|p2a: Mandibuzz
|-sidestart|p2: ScraftyTheSkelepun|move: Tailwind
|move|p1a: Muk|Knock Off|p2a: Mandibuzz
|-resisted|p2a: Mandibuzz
|-damage|p2a: Mandibuzz|89/100
|-enditem|p2a: Mandibuzz|Leftovers|[from] move: Knock Off|[of] p1a: Muk
|
|upkeep
|turn|2
|
|t:|1760455489
|move|p2a: Mandibuzz|U-turn|p1a: Muk
|-damage|p1a: Muk|89/100
|
|t:|1760455496
|switch|p2a: Moltres|Moltres-Galar|100/100|[from] U-turn
|move|p1a: Muk|Knock Off|p2a: Moltres
|-resisted|p2a: Moltres
|-damage|p2a: Moltres|81/100
|-enditem|p2a: Moltres|Sitrus Berry|[from] move: Knock Off|[of] p1a: Muk
|
|upkeep
|turn|3
|
|t:|1760455508
|move|p2a: Moltres|Agility|p2a: Moltres
|-boost|p2a: Moltres|spe|2
|move|p1a: Muk|Brick Break|p2a: Moltres
|-damage|p2a: Moltres|59/100
|
|upkeep
|turn|4
|
|t:|1760455514
|move|p2a: Moltres|Air Slash|p1a: Muk
|-damage|p1a: Muk|75/100
|move|p1a: Muk|Brick Break|p2a: Moltres
|-damage|p2a: Moltres|39/100
|-status|p2a: Moltres|psn|[from] ability: Poison Touch|[of] p1a: Muk
|-ability|p2a: Moltres|Berserk|boost
|-boost|p2a: Moltres|spa|1
|
|-damage|p2a: Moltres|27/100 psn|[from] psn
|-sideend|p2: ScraftyTheSkelepun|move: Tailwind
|upkeep
|turn|5
|
|t:|1760455524
|move|p1a: Muk|Shadow Sneak|p2a: Moltres
|-resisted|p2a: Moltres
|-damage|p2a: Moltres|22/100 psn
|move|p2a: Moltres|Air Slash|p1a: Muk
|-crit|p1a: Muk
|-damage|p1a: Muk|45/100
|
|-damage|p2a: Moltres|9/100 psn|[from] psn
|upkeep
|turn|6
|
|t:|1760455534
|switch|p1a: Corviknight|Corviknight, M|100/100
|-ability|p1a: Corviknight|Pressure
|move|p2a: Moltres|Air Slash|p1a: Corviknight
|-resisted|p1a: Corviknight
|-damage|p1a: Corviknight|83/100
|
|-damage|p2a: Moltres|0 fnt|[from] psn
|faint|p2a: Moltres
|upkeep
|
|t:|1760455548
|switch|p2a: Mandibuzz|Mandibuzz, F|89/100
|turn|7
|
|t:|1760455553
|move|p2a: Mandibuzz|Tailwind|p2a: Mandibuzz
|-sidestart|p2: ScraftyTheSkelepun|move: Tailwind
|move|p1a: Corviknight|Iron Defense|p1a: Corviknight
|-boost|p1a: Corviknight|def|2
|
|upkeep
|turn|8
|
|t:|1760455559
|move|p2a: Mandibuzz|U-turn|p1a: Corviknight
|-resisted|p1a: Corviknight
|-damage|p1a: Corviknight|81/100
|
|t:|1760455575
|switch|p2a: Kingambit|Kingambit, F|100/100|[from] U-turn
|move|p1a: Corviknight|Iron Defense|p1a: Corviknight
|-boost|p1a: Corviknight|def|2
|
|upkeep
|turn|9
|
|t:|1760455582
|move|p2a: Kingambit|Nasty Plot|p2a: Kingambit
|-boost|p2a: Kingambit|spa|2
|move|p1a: Corviknight|Body Press|p2a: Kingambit
|-supereffective|p2a: Kingambit
|-enditem|p2a: Kingambit|Focus Sash
|-damage|p2a: Kingambit|1/100
|replace|p2a: Zoroark|Zoroark, F
|-end|p2a: Zoroark|Illusion
|
|upkeep
|turn|10
|
|t:|1760455593
|-terastallize|p2a: Zoroark|Ghost
|move|p2a: Zoroark|Nasty Plot|p2a: Zoroark
|-boost|p2a: Zoroark|spa|2
|move|p1a: Corviknight|Body Press|p2a: Zoroark
|-immune|p2a: Zoroark
|
|-sideend|p2: ScraftyTheSkelepun|move: Tailwind
|upkeep
|turn|11
|
|t:|1760455600
|move|p2a: Zoroark|Dark Pulse|p1a: Corviknight
|-crit|p1a: Corviknight
|-damage|p1a: Corviknight|0 fnt
|faint|p1a: Corviknight
|
|upkeep
|
|t:|1760455605
|switch|p1a: Muk|Muk-Alola, F, shiny|45/100
|turn|12
|
|t:|1760455610
|move|p1a: Muk|Shadow Sneak|p2a: Zoroark
|-supereffective|p2a: Zoroark
|-damage|p2a: Zoroark|0 fnt
|faint|p2a: Zoroark
|
|upkeep
|
|t:|1760455615
|switch|p2a: Scrafty|Scrafty, F|100/100
|turn|13
|
|t:|1760455621
|move|p2a: Scrafty|Drain Punch|p1a: Muk
|-damage|p1a: Muk|7/100
|move|p1a: Muk|Mud-Slap|p2a: Scrafty
|-crit|p2a: Scrafty
|-damage|p2a: Scrafty|96/100
|-unboost|p2a: Scrafty|accuracy|1
|
|upkeep
|turn|14
|
|t:|1760455628
|move|p1a: Muk|Shadow Sneak|p2a: Scrafty
|-resisted|p2a: Scrafty
|-damage|p2a: Scrafty|92/100
|move|p2a: Scrafty|Knock Off|p1a: Muk
|-resisted|p1a: Muk
|-damage|p1a: Muk|0 fnt
|-enditem|p1a: Muk|Assault Vest|[from] move: Knock Off|[of] p2a: Scrafty
|faint|p1a: Muk
|-ability|p2a: Scrafty|Moxie|boost
|-boost|p2a: Scrafty|atk|1
|
|upkeep
|
|t:|1760455639
|switch|p1a: Incineroar|Incineroar, M|100/100
|-ability|p1a: Incineroar|Intimidate|boost
|-unboost|p2a: Scrafty|atk|1
|turn|15
|
|t:|1760455644
|move|p2a: Scrafty|Protect|p2a: Scrafty
|-singleturn|p2a: Scrafty|Protect
|move|p1a: Incineroar|Parting Shot|p2a: Scrafty
|-activate|p2a: Scrafty|move: Protect
|
|upkeep
|turn|16
|
|t:|1760455651
|switch|p2a: Mandibuzz|Mandibuzz, F|89/100
|move|p1a: Incineroar|Parting Shot|p2a: Mandibuzz
|-unboost|p2a: Mandibuzz|atk|1
|-unboost|p2a: Mandibuzz|spa|1
|
|t:|1760455659
|switch|p1a: Swampert|Swampert, F|100/100|[from] Parting Shot
|
|upkeep
|turn|17
|
|t:|1760455667
|move|p2a: Mandibuzz|Toxic|p1a: Swampert
|-status|p1a: Swampert|tox
|move|p1a: Swampert|Chilling Water|p2a: Mandibuzz
|-damage|p2a: Mandibuzz|79/100
|-unboost|p2a: Mandibuzz|atk|1
|
|-damage|p1a: Swampert|94/100 tox|[from] psn
|upkeep
|turn|18
|
|t:|1760455674
|move|p2a: Mandibuzz|Foul Play|p1a: Swampert
|-damage|p1a: Swampert|73/100 tox
|move|p1a: Swampert|Chilling Water|p2a: Mandibuzz
|-damage|p2a: Mandibuzz|68/100
|-unboost|p2a: Mandibuzz|atk|1
|
|-damage|p1a: Swampert|61/100 tox|[from] psn
|upkeep
|turn|19
|
|t:|1760455683
|move|p2a: Mandibuzz|Tailwind|p2a: Mandibuzz
|-sidestart|p2: ScraftyTheSkelepun|move: Tailwind
|move|p1a: Swampert|Rest|p1a: Swampert
|-status|p1a: Swampert|slp|[from] move: Rest
|-heal|p1a: Swampert|100/100 slp|[silent]
|
|upkeep
|turn|20
|
|t:|1760455688
|move|p2a: Mandibuzz|U-turn|p1a: Swampert
|-damage|p1a: Swampert|98/100 slp
|
|t:|1760455691
|switch|p2a: Darkrai|Darkrai|100/100|[from] U-turn
|cant|p1a: Swampert|slp
|move|p1a: Swampert|Sleep Talk|p1a: Swampert
|move|p1a: Swampert|Chilling Water|p2a: Darkrai|[from] move: Sleep Talk
|-damage|p2a: Darkrai|80/100
|-unboost|p2a: Darkrai|atk|1
|
|-damage|p1a: Swampert|85/100 slp|[from] ability: Bad Dreams|[of] p2a: Darkrai
|upkeep
|turn|21
|
|t:|1760455701
|move|p2a: Darkrai|Dark Pulse|p1a: Swampert
|-damage|p1a: Swampert|34/100 slp
|-damage|p2a: Darkrai|70/100|[from] item: Life Orb
|cant|p1a: Swampert|slp
|move|p1a: Swampert|Sleep Talk|p1a: Swampert
|move|p1a: Swampert|Rest||[from] move: Sleep Talk|[still]
|-fail|p1a: Swampert
|
|-damage|p1a: Swampert|22/100 slp|[from] ability: Bad Dreams|[of] p2a: Darkrai
|upkeep
|turn|22
|
|t:|1760455711
|move|p2a: Darkrai|Sludge Bomb|p1a: Swampert
|-resisted|p1a: Swampert
|-damage|p1a: Swampert|3/100 slp
|-damage|p2a: Darkrai|60/100|[from] item: Life Orb
|-curestatus|p1a: Swampert|slp|[msg]
|move|p1a: Swampert|Mud-Slap|p2a: Darkrai
|-damage|p2a: Darkrai|51/100
|-unboost|p2a: Darkrai|accuracy|1
|
|-sideend|p2: ScraftyTheSkelepun|move: Tailwind
|upkeep
|turn|23
|
|t:|1760455721
|move|p2a: Darkrai|Dark Pulse|p1a: Swampert|[miss]
|-miss|p2a: Darkrai|p1a: Swampert
|move|p1a: Swampert|Rest|p1a: Swampert
|-status|p1a: Swampert|slp|[from] move: Rest
|-heal|p1a: Swampert|100/100 slp|[silent]
|
|-damage|p1a: Swampert|88/100 slp|[from] ability: Bad Dreams|[of] p2a: Darkrai
|upkeep
|turn|24
|
|t:|1760455730
|switch|p1a: Incineroar|Incineroar, M|100/100
|-ability|p1a: Incineroar|Intimidate|boost
|-unboost|p2a: Darkrai|atk|1
|move|p2a: Darkrai|Dark Pulse|p1a: Incineroar
|-resisted|p1a: Incineroar
|-damage|p1a: Incineroar|69/100
|-damage|p2a: Darkrai|41/100|[from] item: Life Orb
|
|upkeep
|turn|25
|
|t:|1760455741
|switch|p2a: Mandibuzz|Mandibuzz, F|68/100
|move|p1a: Incineroar|U-turn|p2a: Mandibuzz
|-damage|p2a: Mandibuzz|46/100
|
|t:|1760455747
|switch|p1a: Swampert|Swampert, F|88/100 slp|[from] U-turn
|
|upkeep
|turn|26
|
|t:|1760455752
|move|p2a: Mandibuzz|Tailwind|p2a: Mandibuzz
|-sidestart|p2: ScraftyTheSkelepun|move: Tailwind
|cant|p1a: Swampert|slp
|move|p1a: Swampert|Sleep Talk|p1a: Swampert
|move|p1a: Swampert|Rest||[from] move: Sleep Talk|[still]
|-fail|p1a: Swampert
|
|upkeep
|turn|27
|
|t:|1760455758
|move|p2a: Mandibuzz|U-turn|p1a: Swampert
|-damage|p1a: Swampert|81/100 slp
|
|t:|1760455762
|switch|p2a: Scrafty|Scrafty, F|92/100|[from] U-turn
|cant|p1a: Swampert|slp
|move|p1a: Swampert|Sleep Talk|p1a: Swampert
|move|p1a: Swampert|Chilling Water|p2a: Scrafty|[from] move: Sleep Talk
|-damage|p2a: Scrafty|78/100
|-unboost|p2a: Scrafty|atk|1
|
|upkeep
|turn|28
|
|t:|1760455770
|move|p2a: Scrafty|Knock Off|p1a: Swampert
|-damage|p1a: Swampert|61/100 slp
|-enditem|p1a: Swampert|Heavy-Duty Boots|[from] move: Knock Off|[of] p2a: Scrafty
|-curestatus|p1a: Swampert|slp|[msg]
|move|p1a: Swampert|Mud-Slap|p2a: Scrafty
|-damage|p2a: Scrafty|72/100
|-unboost|p2a: Scrafty|accuracy|1
|
|upkeep
|turn|29
|-activate|p2a: Scrafty|item: Quick Claw
|
|t:|1760455781
|move|p2a: Scrafty|Drain Punch|p1a: Swampert
|-damage|p1a: Swampert|46/100
|-heal|p2a: Scrafty|82/100|[from] drain|[of] p1a: Swampert
|move|p1a: Swampert|Mud-Slap|p2a: Scrafty
|-damage|p2a: Scrafty|76/100
|-unboost|p2a: Scrafty|accuracy|1
|
|-sideend|p2: ScraftyTheSkelepun|move: Tailwind
|upkeep
|turn|30
|-activate|p2a: Scrafty|item: Quick Claw
|
|t:|1760455790
|move|p2a: Scrafty|Drain Punch|p1a: Swampert
|-damage|p1a: Swampert|29/100
|-heal|p2a: Scrafty|86/100|[from] drain|[of] p1a: Swampert
|move|p1a: Swampert|Rest|p1a: Swampert
|-status|p1a: Swampert|slp|[from] move: Rest
|-heal|p1a: Swampert|100/100 slp|[silent]
|
|upkeep
|turn|31
|
|t:|1760455799
|switch|p2a: Darkrai|Darkrai|41/100
|cant|p1a: Swampert|slp
|move|p1a: Swampert|Sleep Talk|p1a: Swampert
|move|p1a: Swampert|Rest||[from] move: Sleep Talk|[still]
|-fail|p1a: Swampert
|
|-damage|p1a: Swampert|88/100 slp|[from] ability: Bad Dreams|[of] p2a: Darkrai
|upkeep
|turn|32
|
|t:|1760455807
|move|p2a: Darkrai|Dark Pulse|p1a: Swampert
|-damage|p1a: Swampert|39/100 slp
|-damage|p2a: Darkrai|31/100|[from] item: Life Orb
|cant|p1a: Swampert|slp
|move|p1a: Swampert|Sleep Talk|p1a: Swampert
|move|p1a: Swampert|Rest||[from] move: Sleep Talk|[still]
|-fail|p1a: Swampert
|
|-damage|p1a: Swampert|26/100 slp|[from] ability: Bad Dreams|[of] p2a: Darkrai
|upkeep
|turn|33
|
|t:|1760455817
|move|p2a: Darkrai|Sludge Bomb|p1a: Swampert
|-resisted|p1a: Swampert
|-damage|p1a: Swampert|6/100 slp
|-damage|p2a: Darkrai|21/100|[from] item: Life Orb
|-curestatus|p1a: Swampert|slp|[msg]
|move|p1a: Swampert|Mud-Slap|p2a: Darkrai
|-damage|p2a: Darkrai|13/100
|-unboost|p2a: Darkrai|accuracy|1
|
|upkeep
|turn|34
|
|t:|1760455826
|move|p2a: Darkrai|Sludge Bomb|p1a: Swampert
|-resisted|p1a: Swampert
|-damage|p1a: Swampert|0 fnt
|faint|p1a: Swampert
|-damage|p2a: Darkrai|3/100|[from] item: Life Orb
|
|upkeep
|
|t:|1760455833
|switch|p1a: Incineroar|Incineroar, M|69/100
|-ability|p1a: Incineroar|Intimidate|boost
|-unboost|p2a: Darkrai|atk|1
|turn|35
|
|t:|1760455840
|move|p2a: Darkrai|Dark Pulse|p1a: Incineroar
|-resisted|p1a: Incineroar
|-damage|p1a: Incineroar|39/100
|-damage|p2a: Darkrai|0 fnt|[from] item: Life Orb
|faint|p2a: Darkrai
|cant|p1a: Incineroar|flinch
|
|upkeep
|
|t:|1760455848
|switch|p2a: Scrafty|Scrafty, F|86/100
|turn|36
|
|t:|1760455852
|move|p2a: Scrafty|Fake Out|p1a: Incineroar
|-damage|p1a: Incineroar|26/100
|cant|p1a: Incineroar|flinch
|
|upkeep
|turn|37
|-activate|p2a: Scrafty|item: Quick Claw
|
|t:|1760455859
|move|p2a: Scrafty|Knock Off|p1a: Incineroar
|-resisted|p1a: Incineroar
|-damage|p1a: Incineroar|0 fnt
|-enditem|p1a: Incineroar|Choice Band|[from] move: Knock Off|[of] p2a: Scrafty
|faint|p1a: Incineroar
|-ability|p2a: Scrafty|Moxie|boost
|-boost|p2a: Scrafty|atk|1
|
|upkeep
|
|t:|1760455867
|switch|p1a: Gyarados|Gyarados, F|100/100
|turn|38
|
|t:|1760455871
|move|p2a: Scrafty|Protect|p2a: Scrafty
|-singleturn|p2a: Scrafty|Protect
|move|p1a: Gyarados|Dragon Dance|p1a: Gyarados
|-boost|p1a: Gyarados|atk|1
|-boost|p1a: Gyarados|spe|1
|
|upkeep
|turn|39
|
|t:|1760455879
|move|p1a: Gyarados|Waterfall|p2a: Scrafty
|-damage|p2a: Scrafty|12/100
|-damage|p1a: Gyarados|91/100|[from] item: Life Orb
|move|p2a: Scrafty|Knock Off|p1a: Gyarados
|-damage|p1a: Gyarados|15/100
|-enditem|p1a: Gyarados|Life Orb|[from] move: Knock Off|[of] p2a: Scrafty
|
|upkeep
|turn|40
|
|t:|1760455888
|move|p1a: Gyarados|Waterfall|p2a: Scrafty
|-damage|p2a: Scrafty|0 fnt
|faint|p2a: Scrafty
|-ability|p1a: Gyarados|Moxie|boost
|-boost|p1a: Gyarados|atk|1
|
|upkeep
|
|t:|1760455895
|switch|p2a: Kingambit|Kingambit, F|100/100
|-activate|p2a: Kingambit|ability: Supreme Overlord
|-start|p2a: Kingambit|fallen4|[silent]
|turn|41
|
|t:|1760455899
|move|p2a: Kingambit|Sucker Punch|p1a: Gyarados
|-damage|p1a: Gyarados|0 fnt
|faint|p1a: Gyarados
|
|upkeep
|
|t:|1760455903
|switch|p1a: Shiftry|Shiftry, F|100/100
|turn|42
|-message|sook9 forfeited.
|
|win|ScraftyTheSkelepun
|raw|sook9's rating: 1053 &rarr; <strong>1037</strong><br />(-16 for losing)
|raw|ScraftyTheSkelepun's rating: 1094 &rarr; <strong>1117</strong><br />(+23 for winning)
|l|☆ScraftyTheSkelepun
|player|p2|
|l|☆sook9
|player|p1|
