|j|☆cynthyeaah
|j|☆CaradeCoso
|inactive|Battle timer is ON: inactive players will automatically lose when time's up.
|t:|1760404799
|gametype|singles
|player|p1|cynthyeaah|cynthia-gen7|
|player|p2|CaradeCoso|shauntal|
|gen|9
|tier|[Gen 9] OU
|rated|Tournament battle
|rule|HP Percentage Mod: HP is shown in percentages
|rule|Endless Battle Clause: Forcing endless battles is banned
|rule|Species Clause: Limit one of each Pokémon
|rule|OHKO Clause: OHKO moves are banned
|rule|Evasion Items Clause: Evasion items are banned
|rule|Evasion Moves Clause: Evasion moves are banned
|rule|Evasion Abilities Clause: Evasion abilities are banned
|rule|Sleep Moves Clause: Sleep-inducing moves are banned
|clearpoke
|poke|p1|Raichu-Alola, M|
|poke|p1|Iron Valiant|
|poke|p1|Thundurus, M|
|poke|p1|Iron Treads|
|poke|p1|Iron Moth|
|poke|p1|Mew|
|poke|p2|Dragonite, M|
|poke|p2|Darkrai|
|poke|p2|Iron Moth|
|poke|p2|Scizor, M|
|poke|p2|Great Tusk|
|poke|p2|Zapdos|
|teampreview
|j|*Lady Monita ☀
|
|t:|1760404821
|teamsize|p1|6
|teamsize|p2|6
|start
|switch|p1a: Mew|Mew, shiny|100/100
|switch|p2a: Chris FPS viejito|Great Tusk|100/100
|-enditem|p2a: Chris FPS viejito|Booster Energy
|-activate|p2a: Chris FPS viejito|ability: Protosynthesis|[fromitem]
|-start|p2a: Chris FPS viejito|protosynthesisspe
|turn|1
|
|t:|1760404835
|-end|p2a: Chris FPS viejito|Protosynthesis|[silent]
|switch|p2a: Darko RAYO|Darkrai|100/100
|move|p1a: Mew|Electric Terrain|p1a: Mew
|-fieldstart|move: Electric Terrain
|
|upkeep
|turn|2
|
|t:|1760404851
|switch|p1a: Iron Moth|Iron Moth|100/100
|-activate|p1a: Iron Moth|ability: Quark Drive
|-start|p1a: Iron Moth|quarkdrivespe
|move|p2a: Darko RAYO|Dark Pulse|p1a: Iron Moth
|-damage|p1a: Iron Moth|50/100
|-damage|p2a: Darko RAYO|91/100|[from] item: Life Orb
|
|upkeep
|turn|3
|
|t:|1760404865
|switch|p2a: Zapeoh|Scizor, M, shiny|100/100
|move|p1a: Iron Moth|Dazzling Gleam|p2a: Zapeoh
|-resisted|p2a: Zapeoh
|-damage|p2a: Zapeoh|82/100
|
|upkeep
|turn|4
|
|t:|1760404883
|switch|p2a: Iron Moithrix|Iron Moth|100/100
|-activate|p2a: Iron Moithrix|ability: Quark Drive
|-start|p2a: Iron Moithrix|quarkdrivespe
|move|p1a: Iron Moth|Fiery Dance|p2a: Iron Moithrix
|-resisted|p2a: Iron Moithrix
|-damage|p2a: Iron Moithrix|81/100
|-boost|p1a: Iron Moth|spa|1
|
|upkeep
|turn|5
|inactive|cynthyeaah has 120 seconds left.
|
|t:|1760404914
|-end|p1a: Iron Moth|Quark Drive|[silent]
|switch|p1a: Mew|Mew, shiny|100/100
|move|p2a: Iron Moithrix|Sludge Wave|p1a: Mew
|-damage|p1a: Mew|58/100
|
|upkeep
|turn|6
|
|t:|1760404922
|-end|p2a: Iron Moithrix|Quark Drive|[silent]
|switch|p2a: Darko RAYO|Darkrai|91/100
|move|p1a: Mew|Volt Switch|p2a: Darko RAYO
|-damage|p2a: Darko RAYO|61/100
|
|t:|1760404925
|switch|p1a: Iron Valiant|Iron Valiant|100/100|[from] Volt Switch
|-activate|p1a: Iron Valiant|ability: Quark Drive
|-start|p1a: Iron Valiant|quarkdrivespe
|
|upkeep
|turn|7
|inactive|cynthyeaah has 120 seconds left.
|
|t:|1760404939
|switch|p2a: Come primas|Zapdos|100/100
|move|p1a: Iron Valiant|Thunderbolt|p2a: Come primas
|-damage|p2a: Come primas|52/100
|-damage|p1a: Iron Valiant|91/100|[from] item: Life Orb
|
|upkeep
|turn|8
|
|t:|1760404947
|move|p1a: Iron Valiant|Moonblast|p2a: Come primas
|-damage|p2a: Come primas|0 fnt
|faint|p2a: Come primas
|-damage|p1a: Iron Valiant|81/100|[from] item: Life Orb
|
|-fieldend|move: Electric Terrain
|-end|p1a: Iron Valiant|Quark Drive
|upkeep
|
|t:|1760404951
|switch|p2a: Zapeoh|Scizor, M, shiny|82/100
|turn|9
|
|t:|1760404957
|-terastallize|p1a: Iron Valiant|Fighting
|move|p2a: Zapeoh|Bullet Punch|p1a: Iron Valiant
|-damage|p1a: Iron Valiant|12/100
|move|p1a: Iron Valiant|Aura Sphere|p2a: Zapeoh
|-damage|p2a: Zapeoh|0 fnt
|faint|p2a: Zapeoh
|-damage|p1a: Iron Valiant|2/100|[from] item: Life Orb
|
|upkeep
|
|t:|1760404963
|switch|p2a: enFERRRmo|Dragonite, M, shiny|100/100
|turn|10
|
|t:|1760404970
|move|p2a: enFERRRmo|Extreme Speed|p1a: Iron Valiant
|-damage|p1a: Iron Valiant|0 fnt
|faint|p1a: Iron Valiant
|-end|p1a: Iron Valiant|Quark Drive|[silent]
|
|upkeep
|
|t:|1760404979
|switch|p1a: Thundurus|Thundurus, M, shiny|100/100
|turn|11
|
|t:|1760404984
|move|p1a: Thundurus|Electric Terrain|p1a: Thundurus
|-fieldstart|move: Electric Terrain
|move|p2a: enFERRRmo|Dragon Dance|p2a: enFERRRmo
|-boost|p2a: enFERRRmo|atk|1
|-boost|p2a: enFERRRmo|spe|1
|
|upkeep
|turn|12
|
|t:|1760404988
|move|p1a: Thundurus|Thunder Wave|p2a: enFERRRmo
|-status|p2a: enFERRRmo|par
|-enditem|p2a: enFERRRmo|Lum Berry|[eat]
|-curestatus|p2a: enFERRRmo|par|[msg]
|move|p2a: enFERRRmo|Dragon Dance|p2a: enFERRRmo
|-boost|p2a: enFERRRmo|atk|1
|-boost|p2a: enFERRRmo|spe|1
|
|upkeep
|turn|13
|
|t:|1760404993
|-terastallize|p2a: enFERRRmo|Normal
|move|p2a: enFERRRmo|Extreme Speed|p1a: Thundurus
|-damage|p1a: Thundurus|0 fnt
|faint|p1a: Thundurus
|
|upkeep
|j| Crazykill
|l| Crazykill
|inactive|cynthyeaah has 120 seconds left.
|
|t:|1760405025
|switch|p1a: Raichu|Raichu-Alola, M, shiny|100/100
|turn|14
|c|☆cynthyeaah|gg
|-message|cynthyeaah forfeited.
|
|win|CaradeCoso
|n|☆cynthyeaah|cynthyeaah
|n|☆CaradeCoso|caradecoso
|n|*Lady Monita ☀|ladymonita
|l|*Lady Monita ☀
|c|☆CaradeCoso|ggwp
