|j|☆Pipich
|j|☆ohlookarock3
|t:|1760447914
|gametype|singles
|player|p1|Pipich|170|1544
|player|p2|ohlookarock3|geeta|1591
|gen|9
|tier|[Gen 9] OU
|rated|
|rule|HP Percentage Mod: HP is shown in percentages
|rule|Endless Battle Clause: Forcing endless battles is banned
|rule|Species Clause: Limit one of each Pokémon
|rule|OHKO Clause: OHKO moves are banned
|rule|Evasion Items Clause: Evasion items are banned
|rule|Evasion Moves Clause: Evasion moves are banned
|rule|Evasion Abilities Clause: Evasion abilities are banned
|rule|Sleep Moves Clause: Sleep-inducing moves are banned
|clearpoke
|poke|p1|Walking Wake|
|poke|p1|Ninetales, F|
|poke|p1|Raging Bolt|
|poke|p1|Rillaboom, M|
|poke|p1|Great Tusk|
|poke|p1|Cinderace, F|
|poke|p2|Araquanid, F|
|poke|p2|Dragonite, F|
|poke|p2|Gholdengo|
|poke|p2|Iron Moth|
|poke|p2|Iron Valiant|
|poke|p2|Iron Treads|
|teampreview
|inactive|Battle timer is ON: inactive players will automatically lose when time's up. (requested by ohlookarock3)
|
|t:|1760447943
|teamsize|p1|6
|teamsize|p2|6
|start
|switch|p1a: Raging Bolt|Raging Bolt|100/100
|switch|p2a: Sumireko|Iron Moth|100/100
|-enditem|p2a: Sumireko|Booster Energy
|-activate|p2a: Sumireko|ability: Quark Drive|[fromitem]
|-start|p2a: Sumireko|quarkdrivespa
|turn|1
|inactive|ohlookarock3 has 120 seconds left.
|
|t:|1760448000
|move|p2a: Sumireko|Substitute|p2a: Sumireko
|-start|p2a: Sumireko|Substitute
|-damage|p2a: Sumireko|76/100
|move|p1a: Raging Bolt|Volt Switch|p2a: Sumireko
|-end|p2a: Sumireko|Substitute
|
|t:|1760448021
|-end|p1a: Raging Bolt|Protosynthesis|[silent]
|switch|p1a: Walking Wake|Walking Wake|100/100|[from] Volt Switch
|
|upkeep
|turn|2
|inactive|Pipich has 120 seconds left.
|
|t:|1760448048
|-end|p2a: Sumireko|Quark Drive|[silent]
|switch|p2a: Yumame|Araquanid, F, shiny|100/100
|-terastallize|p1a: Walking Wake|Water
|move|p1a: Walking Wake|Hydro Steam|p2a: Yumame
|-resisted|p2a: Yumame
|-damage|p2a: Yumame|76/100
|
|upkeep
|turn|3
|
|t:|1760448077
|-end|p1a: Walking Wake|Protosynthesis|[silent]
|switch|p1a: Rillaboom|Rillaboom, M|100/100
|-fieldstart|move: Grassy Terrain|[from] ability: Grassy Surge|[of] p1a: Rillaboom
|move|p2a: Yumame|Sticky Web|p1a: Rillaboom
|-sidestart|p1: Pipich|move: Sticky Web
|
|-heal|p2a: Yumame|83/100|[from] Grassy Terrain
|upkeep
|turn|4
|
|t:|1760448086
|move|p1a: Rillaboom|U-turn|p2a: Yumame
|-damage|p2a: Yumame|53/100
|
|t:|1760448091
|switch|p1a: Raging Bolt|Raging Bolt|100/100|[from] U-turn
|-activate|p1a: Raging Bolt|move: Sticky Web
|-unboost|p1a: Raging Bolt|spe|1
|move|p2a: Yumame|Lunge|p1a: Raging Bolt
|-damage|p1a: Raging Bolt|81/100
|-unboost|p1a: Raging Bolt|atk|1
|
|-heal|p1a: Raging Bolt|87/100|[from] Grassy Terrain
|-heal|p2a: Yumame|59/100|[from] Grassy Terrain
|upkeep
|turn|5
|
|t:|1760448103
|-end|p1a: Raging Bolt|Protosynthesis|[silent]
|switch|p1a: Cinderace|Cinderace, F|100/100
|switch|p2a: Tenshi|Iron Treads|100/100
|-enditem|p2a: Tenshi|Booster Energy
|-activate|p2a: Tenshi|ability: Quark Drive|[fromitem]
|-start|p2a: Tenshi|quarkdriveatk
|
|upkeep
|turn|6
|
|t:|1760448118
|move|p1a: Cinderace|High Jump Kick|p2a: Tenshi
|-start|p1a: Cinderace|typechange|Fighting|[from] ability: Libero
|-supereffective|p2a: Tenshi
|-damage|p2a: Tenshi|0 fnt
|faint|p2a: Tenshi
|-end|p2a: Tenshi|Quark Drive|[silent]
|
|upkeep
|
|t:|1760448127
|switch|p2a: Patchouli|Iron Valiant|100/100
|-enditem|p2a: Patchouli|Booster Energy
|-activate|p2a: Patchouli|ability: Quark Drive|[fromitem]
|-start|p2a: Patchouli|quarkdrivespa
|turn|7
|
|t:|1760448139
|move|p1a: Cinderace|Court Change|p1a: Cinderace
|-swapsideconditions
|-activate|p1a: Cinderace|move: Court Change
|move|p2a: Patchouli|Moonblast|p1a: Cinderace
|-supereffective|p1a: Cinderace
|-damage|p1a: Cinderace|0 fnt
|faint|p1a: Cinderace
|
|-fieldend|move: Grassy Terrain
|upkeep
|inactive|Pipich has 90 seconds left.
|inactive|Pipich has 60 seconds left.
|
|t:|1760448208
|switch|p1a: Ninetales|Ninetales, F|100/100
|-weather|SunnyDay|[from] ability: Drought|[of] p1a: Ninetales
|turn|8
|
|t:|1760448228
|move|p2a: Patchouli|Calm Mind|p2a: Patchouli
|-boost|p2a: Patchouli|spa|1
|-boost|p2a: Patchouli|spd|1
|move|p1a: Ninetales|Healing Wish|p1a: Ninetales
|faint|p1a: Ninetales
|
|-weather|SunnyDay|[upkeep]
|upkeep
|
|t:|1760448235
|switch|p1a: Walking Wake|Walking Wake, tera:Water|100/100
|-activate|p1a: Walking Wake|ability: Protosynthesis
|-start|p1a: Walking Wake|protosynthesisspe
|turn|9
|
|t:|1760448242
|move|p2a: Patchouli|Vacuum Wave|p1a: Walking Wake
|-damage|p1a: Walking Wake|53/100
|move|p1a: Walking Wake|Hydro Steam|p2a: Patchouli
|-damage|p2a: Patchouli|0 fnt
|faint|p2a: Patchouli
|-end|p2a: Patchouli|Quark Drive|[silent]
|
|-weather|SunnyDay|[upkeep]
|upkeep
|
|t:|1760448249
|switch|p2a: Yumame|Araquanid, F, shiny|59/100
|-activate|p2a: Yumame|move: Sticky Web
|-unboost|p2a: Yumame|spe|1
|turn|10
|
|t:|1760448264
|move|p1a: Walking Wake|Dragon Pulse|p2a: Yumame
|-damage|p2a: Yumame|27/100
|move|p2a: Yumame|Sticky Web|p1a: Walking Wake
|-sidestart|p1: Pipich|move: Sticky Web
|
|-weather|SunnyDay|[upkeep]
|upkeep
|turn|11
|
|t:|1760448272
|move|p1a: Walking Wake|Dragon Pulse|p2a: Yumame
|-damage|p2a: Yumame|0 fnt
|faint|p2a: Yumame
|
|-weather|SunnyDay|[upkeep]
|upkeep
|
|t:|1760448278
|switch|p2a: Byakuren|Dragonite, F|100/100
|turn|12
|inactive|Pipich has 60 seconds left.
|
|t:|1760448290
|move|p1a: Walking Wake|Hydro Steam|p2a: Byakuren
|-resisted|p2a: Byakuren
|-damage|p2a: Byakuren|73/100
|move|p2a: Byakuren|Dragon Dance|p2a: Byakuren
|-boost|p2a: Byakuren|atk|1
|-boost|p2a: Byakuren|spe|1
|
|-weather|SunnyDay|[upkeep]
|upkeep
|turn|13
|inactive|Pipich has 60 seconds left.
|
|t:|1760448308
|-terastallize|p2a: Byakuren|Normal
|move|p2a: Byakuren|Extreme Speed|p1a: Walking Wake
|-damage|p1a: Walking Wake|0 fnt
|faint|p1a: Walking Wake
|-end|p1a: Walking Wake|Protosynthesis|[silent]
|
|-weather|SunnyDay|[upkeep]
|upkeep
|
|t:|1760448317
|switch|p1a: Raging Bolt|Raging Bolt|87/100
|-heal|p1a: Raging Bolt|100/100|[from] move: Healing Wish
|-activate|p1a: Raging Bolt|move: Sticky Web
|-unboost|p1a: Raging Bolt|spe|1
|-activate|p1a: Raging Bolt|ability: Protosynthesis
|-start|p1a: Raging Bolt|protosynthesisspa
|turn|14
|
|t:|1760448329
|move|p2a: Byakuren|Outrage|p1a: Raging Bolt
|-supereffective|p1a: Raging Bolt
|-damage|p1a: Raging Bolt|0 fnt
|faint|p1a: Raging Bolt
|-end|p1a: Raging Bolt|Protosynthesis|[silent]
|
|-weather|SunnyDay|[upkeep]
|upkeep
|
|t:|1760448339
|switch|p1a: Great Tusk|Great Tusk|100/100
|-activate|p1a: Great Tusk|move: Sticky Web
|-unboost|p1a: Great Tusk|spe|1
|-activate|p1a: Great Tusk|ability: Protosynthesis
|-start|p1a: Great Tusk|protosynthesisatk
|turn|15
|
|t:|1760448362
|move|p2a: Byakuren|Outrage|p1a: Great Tusk|[from] lockedmove
|-damage|p1a: Great Tusk|30/100
|-damage|p2a: Byakuren|57/100|[from] item: Rocky Helmet|[of] p1a: Great Tusk
|move|p1a: Great Tusk|Headlong Rush|p2a: Byakuren
|-damage|p2a: Byakuren|0 fnt
|-unboost|p1a: Great Tusk|def|1
|-unboost|p1a: Great Tusk|spd|1
|faint|p2a: Byakuren
|
|-weather|none
|-end|p1a: Great Tusk|Protosynthesis
|upkeep
|
|t:|1760448369
|switch|p2a: Chimata|Gholdengo|100/100
|-item|p2a: Chimata|Air Balloon
|turn|16
|
|t:|1760448377
|move|p2a: Chimata|Shadow Ball|p1a: Great Tusk
|-damage|p1a: Great Tusk|0 fnt
|faint|p1a: Great Tusk
|-end|p1a: Great Tusk|Protosynthesis|[silent]
|
|upkeep
|
|t:|1760448382
|switch|p1a: Rillaboom|Rillaboom, M|100/100
|-activate|p1a: Rillaboom|move: Sticky Web
|-unboost|p1a: Rillaboom|spe|1
|-fieldstart|move: Grassy Terrain|[from] ability: Grassy Surge|[of] p1a: Rillaboom
|turn|17
|
|t:|1760448398
|move|p2a: Chimata|Nasty Plot|p2a: Chimata
|-boost|p2a: Chimata|spa|2
|move|p1a: Rillaboom|Wood Hammer|p2a: Chimata
|-resisted|p2a: Chimata
|-damage|p2a: Chimata|23/100
|-enditem|p2a: Chimata|Air Balloon
|-damage|p1a: Rillaboom|80/100|[from] Recoil
|
|-heal|p2a: Chimata|29/100|[from] Grassy Terrain
|-heal|p1a: Rillaboom|87/100|[from] Grassy Terrain
|upkeep
|turn|18
|
|t:|1760448409
|move|p2a: Chimata|Shadow Ball|p1a: Rillaboom
|-damage|p1a: Rillaboom|0 fnt
|faint|p1a: Rillaboom
|
|win|ohlookarock3
|raw|Pipich's rating: 1544 &rarr; <strong>1527</strong><br />(-17 for losing)
|raw|ohlookarock3's rating: 1591 &rarr; <strong>1608</strong><br />(+17 for winning)
|c|☆Pipich|Gg
|l|☆Pipich
|player|p1|
|c|☆ohlookarock3|gg
|l|☆ohlookarock3
|player|p2|
