|j|☆ungozugg
|j|☆SinandSoap
|t:|1760346528
|gametype|singles
|player|p1|ungozugg|101|1215
|player|p2|SinandSoap|ethan|1065
|gen|9
|tier|[Gen 9] OU
|rated|
|rule|HP Percentage Mod: HP is shown in percentages
|rule|Endless Battle Clause: Forcing endless battles is banned
|rule|Species Clause: Limit one of each Pokémon
|rule|OHKO Clause: OHKO moves are banned
|rule|Evasion Items Clause: Evasion items are banned
|rule|Evasion Moves Clause: Evasion moves are banned
|rule|Evasion Abilities Clause: Evasion abilities are banned
|rule|Sleep Moves Clause: Sleep-inducing moves are banned
|clearpoke
|poke|p1|Cinderace, M|
|poke|p1|Dondozo, M|
|poke|p1|Ogerpon-Cornerstone, F|
|poke|p1|Ting-Lu|
|poke|p1|Hoopa-Unbound|
|poke|p1|Iron Thorns|
|poke|p2|Kingambit, F|
|poke|p2|Cinderace, F|
|poke|p2|Landorus-Therian, M|
|poke|p2|Iron Valiant|
|poke|p2|Kyurem|
|poke|p2|Slowking-Galar, M|
|teampreview
|inactive|Battle timer is ON: inactive players will automatically lose when time's up. (requested by SinandSoap)
|
|t:|1760346587
|teamsize|p1|6
|teamsize|p2|6
|start
|switch|p1a: Dondozo|Dondozo, M|100/100
|switch|p2a: Kristine|Cinderace, F, shiny|100/100
|turn|1
|
|t:|1760346595
|move|p2a: Kristine|U-turn|p1a: Dondozo
|-start|p2a: Kristine|typechange|Bug|[from] ability: Libero
|-damage|p1a: Dondozo|84/100
|
|t:|1760346604
|switch|p2a: Chillionaire|Slowking-Galar, M, shiny|100/100|[from] U-turn
|move|p1a: Dondozo|Waterfall|p2a: Chillionaire
|-damage|p2a: Chillionaire|74/100
|
|upkeep
|turn|2
|
|t:|1760346626
|switch|p1a: Ting-Lu|Ting-Lu|100/100
|-ability|p1a: Ting-Lu|Vessel of Ruin
|move|p2a: Chillionaire|Thunder Wave|p1a: Ting-Lu
|-immune|p1a: Ting-Lu
|
|upkeep
|turn|3
|
|t:|1760346648
|switch|p2a: Homelandor|Landorus-Therian, M, shiny|100/100
|-ability|p2a: Homelandor|Intimidate|boost
|-unboost|p1a: Ting-Lu|atk|1
|move|p1a: Ting-Lu|Stealth Rock|p2a: Homelandor
|-sidestart|p2: SinandSoap|move: Stealth Rock
|
|upkeep
|turn|4
|
|t:|1760346655
|move|p2a: Homelandor|Stealth Rock|p1a: Ting-Lu
|-sidestart|p1: ungozugg|move: Stealth Rock
|move|p1a: Ting-Lu|Whirlwind|p2a: Homelandor
|drag|p2a: Chillionaire|Slowking-Galar, M, shiny|100/100
|
|upkeep
|turn|5
|
|t:|1760346673
|move|p1a: Ting-Lu|Ruination|p2a: Chillionaire
|-damage|p2a: Chillionaire|51/100
|move|p2a: Chillionaire|Future Sight|p1a: Ting-Lu
|-start|p2a: Chillionaire|move: Future Sight
|
|upkeep
|turn|6
|
|t:|1760346687
|switch|p2a: Homelandor|Landorus-Therian, M, shiny|100/100
|-damage|p2a: Homelandor|88/100|[from] Stealth Rock
|-ability|p2a: Homelandor|Intimidate|boost
|-unboost|p1a: Ting-Lu|atk|1
|move|p1a: Ting-Lu|Whirlwind|p2a: Homelandor
|drag|p2a: Chillionaire|Slowking-Galar, M, shiny|84/100
|
|upkeep
|turn|7
|
|t:|1760346702
|move|p2a: Chillionaire|Sludge Bomb|p1a: Ting-Lu
|-resisted|p1a: Ting-Lu
|-damage|p1a: Ting-Lu|94/100
|-status|p1a: Ting-Lu|psn
|move|p1a: Ting-Lu|Whirlwind|p2a: Chillionaire
|drag|p2a: Homelandor|Landorus-Therian, M, shiny|88/100
|-damage|p2a: Homelandor|76/100|[from] Stealth Rock
|-ability|p2a: Homelandor|Intimidate|boost
|-unboost|p1a: Ting-Lu|atk|1
|
|-end|p1a: Ting-Lu|move: Future Sight
|-immune|p1a: Ting-Lu
|-heal|p1a: Ting-Lu|99/100 psn|[from] item: Leftovers
|-damage|p1a: Ting-Lu|88/100 psn|[from] psn
|upkeep
|turn|8
|inactive|SinandSoap has 120 seconds left.
|
|t:|1760346725
|move|p2a: Homelandor|U-turn|p1a: Ting-Lu
|-supereffective|p1a: Ting-Lu
|-damage|p1a: Ting-Lu|65/100 psn
|inactive|SinandSoap has 120 seconds left.
|
|t:|1760346733
|switch|p2a: Chillionaire|Slowking-Galar, M, shiny|100/100|[from] U-turn
|move|p1a: Ting-Lu|Ruination|p2a: Chillionaire
|-damage|p2a: Chillionaire|51/100
|
|-heal|p1a: Ting-Lu|72/100 psn|[from] item: Leftovers
|-damage|p1a: Ting-Lu|59/100 psn|[from] psn
|upkeep
|turn|9
|inactive|SinandSoap has 120 seconds left.
|
|t:|1760346754
|switch|p1a: Hoopa|Hoopa-Unbound|100/100
|-damage|p1a: Hoopa|88/100|[from] Stealth Rock
|-terastallize|p2a: Chillionaire|Water
|move|p2a: Chillionaire|Sludge Bomb|p1a: Hoopa
|-damage|p1a: Hoopa|59/100
|-status|p1a: Hoopa|psn
|
|-damage|p1a: Hoopa|47/100 psn|[from] psn
|upkeep
|turn|10
|
|t:|1760346776
|switch|p2a: Homelandor|Landorus-Therian, M, shiny|76/100
|-damage|p2a: Homelandor|63/100|[from] Stealth Rock
|-ability|p2a: Homelandor|Intimidate|boost
|-unboost|p1a: Hoopa|atk|1
|move|p1a: Hoopa|Psychic|p2a: Homelandor
|-damage|p2a: Homelandor|3/100
|
|-damage|p1a: Hoopa|35/100 psn|[from] psn
|upkeep
|turn|11
|
|t:|1760346793
|move|p1a: Hoopa|Psychic|p2a: Homelandor
|-damage|p2a: Homelandor|0 fnt
|faint|p2a: Homelandor
|
|-damage|p1a: Hoopa|22/100 psn|[from] psn
|upkeep
|inactive|SinandSoap has 90 seconds left.
|
|t:|1760346804
|switch|p2a: Daenerys|Kingambit, F|100/100
|-damage|p2a: Daenerys|94/100|[from] Stealth Rock
|-activate|p2a: Daenerys|ability: Supreme Overlord
|-start|p2a: Daenerys|fallen1|[silent]
|turn|12
|inactive|SinandSoap has 90 seconds left.
|
|t:|1760346817
|switch|p1a: Ting-Lu|Ting-Lu|59/100 psn
|-damage|p1a: Ting-Lu|53/100 psn|[from] Stealth Rock
|-ability|p1a: Ting-Lu|Vessel of Ruin
|move|p2a: Daenerys|Sucker Punch||[still]
|-fail|p2a: Daenerys
|
|-heal|p2a: Daenerys|100/100|[from] item: Leftovers
|-heal|p1a: Ting-Lu|59/100 psn|[from] item: Leftovers
|-damage|p1a: Ting-Lu|47/100 psn|[from] psn
|upkeep
|turn|13
|inactive|SinandSoap has 90 seconds left.
|
|t:|1760346836
|-end|p2a: Daenerys|fallen1|[silent]
|switch|p2a: Chillionaire|Slowking-Galar, M, shiny, tera:Water|84/100
|move|p1a: Ting-Lu|Earthquake|p2a: Chillionaire
|-damage|p2a: Chillionaire|44/100
|
|-heal|p1a: Ting-Lu|53/100 psn|[from] item: Leftovers
|-damage|p1a: Ting-Lu|41/100 psn|[from] psn
|upkeep
|turn|14
|inactive|SinandSoap has 90 seconds left.
|
|t:|1760346846
|move|p2a: Chillionaire|Sludge Bomb|p1a: Ting-Lu
|-resisted|p1a: Ting-Lu
|-damage|p1a: Ting-Lu|34/100 psn
|move|p1a: Ting-Lu|Whirlwind|p2a: Chillionaire
|drag|p2a: Kristine|Cinderace, F, shiny|100/100
|
|-heal|p1a: Ting-Lu|40/100 psn|[from] item: Leftovers
|-damage|p1a: Ting-Lu|28/100 psn|[from] psn
|upkeep
|turn|15
|
|t:|1760346857
|move|p2a: Kristine|U-turn|p1a: Ting-Lu
|-start|p2a: Kristine|typechange|Bug|[from] ability: Libero
|-supereffective|p1a: Ting-Lu
|-damage|p1a: Ting-Lu|0 fnt
|faint|p1a: Ting-Lu
|
|t:|1760346866
|switch|p2a: Chillionaire|Slowking-Galar, M, shiny, tera:Water|77/100|[from] U-turn
|
|upkeep
|
|t:|1760346873
|switch|p1a: Ogerpon|Ogerpon-Cornerstone, F|100/100
|-damage|p1a: Ogerpon|88/100|[from] Stealth Rock
|turn|16
|
|t:|1760346888
|move|p1a: Ogerpon|Power Whip|p2a: Chillionaire
|-supereffective|p2a: Chillionaire
|-damage|p2a: Chillionaire|0 fnt
|faint|p2a: Chillionaire
|
|upkeep
|
|t:|1760346900
|switch|p2a: Daenerys|Kingambit, F|100/100
|-damage|p2a: Daenerys|94/100|[from] Stealth Rock
|-activate|p2a: Daenerys|ability: Supreme Overlord
|-start|p2a: Daenerys|fallen2|[silent]
|turn|17
|
|t:|1760346914
|move|p1a: Ogerpon|Stomping Tantrum|p2a: Daenerys
|-supereffective|p2a: Daenerys
|-damage|p2a: Daenerys|52/100
|move|p2a: Daenerys|Swords Dance|p2a: Daenerys
|-boost|p2a: Daenerys|atk|2
|
|-heal|p2a: Daenerys|58/100|[from] item: Leftovers
|upkeep
|turn|18
|
|t:|1760346926
|switch|p1a: Dondozo|Dondozo, M|84/100
|move|p2a: Daenerys|Sucker Punch||[still]
|-fail|p2a: Daenerys
|
|-heal|p2a: Daenerys|64/100|[from] item: Leftovers
|upkeep
|turn|19
|
|t:|1760346933
|move|p2a: Daenerys|Kowtow Cleave|p1a: Dondozo
|-damage|p1a: Dondozo|59/100
|move|p1a: Dondozo|Body Press|p2a: Daenerys
|-supereffective|p2a: Daenerys
|-damage|p2a: Daenerys|0 fnt
|faint|p2a: Daenerys
|-end|p2a: Daenerys|fallen2|[silent]
|
|upkeep
|inactive|SinandSoap has 90 seconds left.
|
|t:|1760346958
|switch|p2a: WALL-Y|Iron Valiant|100/100
|-damage|p2a: WALL-Y|94/100|[from] Stealth Rock
|-enditem|p2a: WALL-Y|Booster Energy
|-activate|p2a: WALL-Y|ability: Quark Drive|[fromitem]
|-start|p2a: WALL-Y|quarkdrivespe
|turn|20
|inactive|SinandSoap has 90 seconds left.
|inactive|ungozugg has 120 seconds left.
|
|t:|1760346997
|move|p2a: WALL-Y|Moonblast|p1a: Dondozo
|-damage|p1a: Dondozo|15/100
|-unboost|p1a: Dondozo|spa|1
|move|p1a: Dondozo|Curse|p1a: Dondozo
|-unboost|p1a: Dondozo|spe|1
|-boost|p1a: Dondozo|atk|1
|-boost|p1a: Dondozo|def|1
|
|upkeep
|turn|21
|
|t:|1760347009
|move|p2a: WALL-Y|Moonblast|p1a: Dondozo
|-damage|p1a: Dondozo|0 fnt
|faint|p1a: Dondozo
|
|upkeep
|inactive|ungozugg has 120 seconds left.
|
|t:|1760347029
|switch|p1a: Iron Thorns|Iron Thorns|100/100
|-damage|p1a: Iron Thorns|88/100|[from] Stealth Rock
|-enditem|p1a: Iron Thorns|Booster Energy
|-activate|p1a: Iron Thorns|ability: Quark Drive|[fromitem]
|-start|p1a: Iron Thorns|quarkdriveatk
|turn|22
|inactive|SinandSoap has 90 seconds left.
|
|t:|1760347046
|move|p2a: WALL-Y|Calm Mind|p2a: WALL-Y
|-boost|p2a: WALL-Y|spa|1
|-boost|p2a: WALL-Y|spd|1
|move|p1a: Iron Thorns|Supercell Slam|p2a: WALL-Y
|-damage|p2a: WALL-Y|6/100
|
|upkeep
|turn|23
|
|t:|1760347055
|move|p2a: WALL-Y|Moonblast|p1a: Iron Thorns
|-damage|p1a: Iron Thorns|5/100
|move|p1a: Iron Thorns|Earthquake|p2a: WALL-Y
|-damage|p2a: WALL-Y|0 fnt
|faint|p2a: WALL-Y
|-end|p2a: WALL-Y|Quark Drive|[silent]
|
|upkeep
|
|t:|1760347066
|switch|p2a: Kristine|Cinderace, F, shiny|100/100
|turn|24
|
|t:|1760347082
|move|p2a: Kristine|U-turn|p1a: Iron Thorns
|-start|p2a: Kristine|typechange|Bug|[from] ability: Libero
|-damage|p1a: Iron Thorns|0 fnt
|faint|p1a: Iron Thorns
|-end|p1a: Iron Thorns|Quark Drive|[silent]
|
|t:|1760347094
|switch|p2a: Mr. Freeze|Kyurem, shiny|100/100|[from] U-turn
|-damage|p2a: Mr. Freeze|75/100|[from] Stealth Rock
|-ability|p2a: Mr. Freeze|Pressure
|
|-heal|p2a: Mr. Freeze|82/100|[from] item: Leftovers
|upkeep
|
|t:|1760347105
|switch|p1a: Hoopa|Hoopa-Unbound|22/100 psn
|-damage|p1a: Hoopa|10/100 psn|[from] Stealth Rock
|turn|25
|inactive|SinandSoap has 90 seconds left.
|
|t:|1760347115
|move|p1a: Hoopa|Psychic|p2a: Mr. Freeze
|-damage|p2a: Mr. Freeze|31/100
|move|p2a: Mr. Freeze|Substitute|p2a: Mr. Freeze
|-start|p2a: Mr. Freeze|Substitute
|-damage|p2a: Mr. Freeze|6/100
|
|-heal|p2a: Mr. Freeze|12/100|[from] item: Leftovers
|-damage|p1a: Hoopa|0 fnt|[from] psn
|faint|p1a: Hoopa
|upkeep
|
|t:|1760347121
|switch|p1a: Cinderace|Cinderace, M|100/100
|turn|26
|
|t:|1760347127
|move|p1a: Cinderace|Pyro Ball|p2a: Mr. Freeze
|-end|p2a: Mr. Freeze|Substitute
|move|p2a: Mr. Freeze|Earth Power|p1a: Cinderace
|-supereffective|p1a: Cinderace
|-damage|p1a: Cinderace|11/100
|
|-heal|p2a: Mr. Freeze|18/100|[from] item: Leftovers
|upkeep
|turn|27
|inactive|SinandSoap has 90 seconds left.
|
|t:|1760347161
|move|p1a: Cinderace|Pyro Ball|p2a: Mr. Freeze
|-damage|p2a: Mr. Freeze|0 fnt
|faint|p2a: Mr. Freeze
|
|upkeep
|
|t:|1760347166
|switch|p2a: Kristine|Cinderace, F, shiny|100/100
|turn|28
|
|t:|1760347175
|move|p1a: Cinderace|Sucker Punch|p2a: Kristine
|-start|p1a: Cinderace|typechange|Dark|[from] ability: Libero
|-crit|p2a: Kristine
|-damage|p2a: Kristine|34/100
|move|p2a: Kristine|U-turn|p1a: Cinderace
|-start|p2a: Kristine|typechange|Bug|[from] ability: Libero
|-supereffective|p1a: Cinderace
|-damage|p1a: Cinderace|0 fnt
|faint|p1a: Cinderace
|
|upkeep
|
|t:|1760347179
|switch|p1a: Ogerpon|Ogerpon-Cornerstone, F|88/100
|-damage|p1a: Ogerpon|76/100|[from] Stealth Rock
|turn|29
|inactive|SinandSoap has 90 seconds left.
|
|t:|1760347194
|-terastallize|p1a: Ogerpon|Rock
|detailschange|p1a: Ogerpon|Ogerpon-Cornerstone-Tera, F, tera:Rock
|-ability|p1a: Ogerpon|Embody Aspect (Cornerstone)|boost
|-boost|p1a: Ogerpon|def|1
|move|p2a: Kristine|U-turn|p1a: Ogerpon
|-damage|p1a: Ogerpon|48/100
|move|p1a: Ogerpon|Ivy Cudgel|p2a: Kristine|[anim] Ivy Cudgel Rock
|-supereffective|p2a: Kristine
|-damage|p2a: Kristine|0 fnt
|faint|p2a: Kristine
|
|win|ungozugg
|raw|ungozugg's rating: 1215 &rarr; <strong>1230</strong><br />(+15 for winning)
|raw|SinandSoap's rating: 1065 &rarr; <strong>1053</strong><br />(-12 for losing)
|l|☆ungozugg
|player|p1|
|c|☆SinandSoap|fukkkk
|l|☆SinandSoap
|player|p2|
