|j|☆Andher
|j|☆dr3ntel
|t:|1760358890
|gametype|singles
|player|p1|Andher|shadowtriad|1530
|player|p2|dr3ntel|102|1562
|gen|9
|tier|[Gen 9] OU
|rated|
|rule|HP Percentage Mod: HP is shown in percentages
|rule|Endless Battle Clause: Forcing endless battles is banned
|rule|Species Clause: Limit one of each Pokémon
|rule|OHKO Clause: OHKO moves are banned
|rule|Evasion Items Clause: Evasion items are banned
|rule|Evasion Moves Clause: Evasion moves are banned
|rule|Evasion Abilities Clause: Evasion abilities are banned
|rule|Sleep Moves Clause: Sleep-inducing moves are banned
|clearpoke
|poke|p1|Corviknight, F|
|poke|p1|Samurott-Hisui, F|
|poke|p1|Kingambit, M|
|poke|p1|Skeledirge, F|
|poke|p1|Dragapult, F|
|poke|p1|Gengar, F|
|poke|p2|Landorus-Therian, M|
|poke|p2|Corviknight, F|
|poke|p2|Zoroark-Hisui, M|
|poke|p2|Raging Bolt|
|poke|p2|Pecharunt|
|poke|p2|Samurott-Hisui, F|
|teampreview
|inactive|Battle timer is ON: inactive players will automatically lose when time's up. (requested by dr3ntel)
|inactive|Andher has 120 seconds left.
|
|t:|1760358933
|teamsize|p1|6
|teamsize|p2|6
|start
|switch|p1a: Ronin|Samurott-Hisui, F|100/100
|switch|p2a: Landorus|Landorus-Therian, M|100/100
|-ability|p2a: Landorus|Intimidate|boost
|-unboost|p1a: Ronin|atk|1
|turn|1
|
|t:|1760358960
|switch|p1a: Ombra|Dragapult, F|100/100
|move|p2a: Landorus|U-turn|p1a: Ombra
|-resisted|p1a: Ombra
|-damage|p1a: Ombra|83/100
|
|t:|1760358967
|switch|p2a: Samurott|Samurott-Hisui, F|100/100|[from] U-turn
|
|upkeep
|turn|2
|
|t:|1760358971
|switch|p1a: Cavaller|Corviknight, F|100/100
|-ability|p1a: Cavaller|Pressure
|move|p2a: Samurott|Ceaseless Edge|p1a: Cavaller|[miss]
|-miss|p2a: Samurott|p1a: Cavaller
|
|upkeep
|turn|3
|inactive|dr3ntel has 120 seconds left.
|
|t:|1760358997
|switch|p2a: Pecharunt|Pecharunt|100/100
|move|p1a: Cavaller|Body Press|p2a: Pecharunt
|-immune|p2a: Pecharunt
|
|upkeep
|turn|4
|
|t:|1760359005
|switch|p1a: Shogun|Kingambit, M|100/100
|move|p2a: Pecharunt|Parting Shot|p1a: Shogun
|-unboost|p1a: Shogun|atk|1
|-unboost|p1a: Shogun|spa|1
|inactive|dr3ntel has 120 seconds left.
|
|t:|1760359028
|switch|p2a: Landorus|Landorus-Therian, M|100/100|[from] Parting Shot
|-ability|p2a: Landorus|Intimidate|boost
|-unboost|p1a: Shogun|atk|1
|
|upkeep
|turn|5
|
|t:|1760359036
|switch|p2a: Raging Bolt|Raging Bolt|100/100
|-end|p1a: Shogun|fallenundefined|[silent]
|switch|p1a: Ombra|Dragapult, F|83/100
|
|upkeep
|turn|6
|
|t:|1760359044
|switch|p1a: Shogun|Kingambit, M|100/100
|-end|p2a: Raging Bolt|Protosynthesis|[silent]
|switch|p2a: Corviknight|Corviknight, F|100/100
|-ability|p2a: Corviknight|Unnerve
|
|upkeep
|turn|7
|
|t:|1760359057
|-end|p1a: Shogun|fallenundefined|[silent]
|switch|p1a: Mort|Skeledirge, F|100/100
|move|p2a: Corviknight|U-turn|p1a: Mort
|-resisted|p1a: Mort
|-crit|p1a: Mort
|-damage|p1a: Mort|97/100
|
|t:|1760359067
|switch|p2a: Samurott|Samurott-Hisui, F|100/100|[from] U-turn
|
|upkeep
|turn|8
|
|t:|1760359075
|switch|p1a: Cavaller|Corviknight, F|100/100
|-ability|p1a: Cavaller|Pressure
|move|p2a: Samurott|Ceaseless Edge|p1a: Cavaller
|-damage|p1a: Cavaller|69/100
|-damage|p2a: Samurott|84/100|[from] item: Rocky Helmet|[of] p1a: Cavaller
|-sidestart|p1: Andher|Spikes
|
|upkeep
|turn|9
|
|t:|1760359089
|switch|p2a: Pecharunt|Pecharunt|100/100
|move|p1a: Cavaller|Roost|p1a: Cavaller
|-heal|p1a: Cavaller|100/100
|-singleturn|p1a: Cavaller|move: Roost
|
|upkeep
|turn|10
|
|t:|1760359108
|switch|p1a: Shogun|Kingambit, M|100/100
|-damage|p1a: Shogun|88/100|[from] Spikes
|move|p2a: Pecharunt|Parting Shot|p1a: Shogun
|-unboost|p1a: Shogun|atk|1
|-unboost|p1a: Shogun|spa|1
|
|t:|1760359119
|switch|p2a: Samurott|Samurott-Hisui, F|84/100|[from] Parting Shot
|
|-heal|p1a: Shogun|94/100|[from] item: Leftovers
|upkeep
|turn|11
|
|t:|1760359135
|-end|p1a: Shogun|fallenundefined|[silent]
|switch|p1a: Cavaller|Corviknight, F|100/100
|-ability|p1a: Cavaller|Pressure
|move|p2a: Samurott|Flip Turn|p1a: Cavaller
|-damage|p1a: Cavaller|79/100
|-damage|p2a: Samurott|67/100|[from] item: Rocky Helmet|[of] p1a: Cavaller
|
|t:|1760359150
|switch|p2a: Raging Bolt|Raging Bolt|100/100|[from] Flip Turn
|
|upkeep
|turn|12
|
|t:|1760359157
|switch|p1a: Ombra|Dragapult, F|83/100
|-damage|p1a: Ombra|70/100|[from] Spikes
|move|p2a: Raging Bolt|Volt Switch|p1a: Ombra
|-resisted|p1a: Ombra
|-damage|p1a: Ombra|31/100
|
|t:|1760359166
|-end|p2a: Raging Bolt|Protosynthesis|[silent]
|switch|p2a: Landorus|Landorus-Therian, M|100/100|[from] Volt Switch
|-ability|p2a: Landorus|Intimidate|boost
|-unboost|p1a: Ombra|atk|1
|
|upkeep
|turn|13
|
|t:|1760359175
|move|p2a: Landorus|Earthquake|p1a: Ombra
|-damage|p1a: Ombra|0 fnt
|faint|p1a: Ombra
|
|upkeep
|
|t:|1760359179
|switch|p1a: Cavaller|Corviknight, F|79/100
|-ability|p1a: Cavaller|Pressure
|turn|14
|
|t:|1760359186
|switch|p2a: Pecharunt|Pecharunt|100/100
|move|p1a: Cavaller|Defog|p2a: Pecharunt
|-unboost|p2a: Pecharunt|evasion|1
|-sideend|p1: Andher|Spikes|[from] move: Defog|[of] p1a: Cavaller
|
|upkeep
|turn|15
|
|t:|1760359196
|switch|p1a: Shogun|Kingambit, M|94/100
|-activate|p1a: Shogun|ability: Supreme Overlord
|-start|p1a: Shogun|fallen1|[silent]
|move|p2a: Pecharunt|Parting Shot|p1a: Shogun
|-unboost|p1a: Shogun|atk|1
|-unboost|p1a: Shogun|spa|1
|
|t:|1760359204
|switch|p2a: Samurott|Samurott-Hisui, F|67/100|[from] Parting Shot
|
|-heal|p1a: Shogun|100/100|[from] item: Leftovers
|upkeep
|turn|16
|
|t:|1760359213
|-end|p1a: Shogun|fallen1|[silent]
|switch|p1a: Cavaller|Corviknight, F|79/100
|-ability|p1a: Cavaller|Pressure
|move|p2a: Samurott|Sacred Sword|p1a: Cavaller
|-damage|p1a: Cavaller|47/100
|-damage|p2a: Samurott|51/100|[from] item: Rocky Helmet|[of] p1a: Cavaller
|
|upkeep
|turn|17
|
|t:|1760359222
|switch|p2a: Raging Bolt|Raging Bolt|100/100
|move|p1a: Cavaller|Roost|p1a: Cavaller
|-heal|p1a: Cavaller|97/100
|-singleturn|p1a: Cavaller|move: Roost
|
|upkeep
|turn|18
|
|t:|1760359232
|switch|p1a: Shogun|Kingambit, M|100/100
|-activate|p1a: Shogun|ability: Supreme Overlord
|-start|p1a: Shogun|fallen1|[silent]
|move|p2a: Raging Bolt|Volt Switch|p1a: Shogun
|-damage|p1a: Shogun|56/100
|
|t:|1760359241
|-end|p2a: Raging Bolt|Protosynthesis|[silent]
|switch|p2a: Corviknight|Corviknight, F|100/100|[from] Volt Switch
|-ability|p2a: Corviknight|Unnerve
|
|-heal|p1a: Shogun|62/100|[from] item: Leftovers
|upkeep
|turn|19
|
|t:|1760359253
|-terastallize|p1a: Shogun|Ground
|move|p2a: Corviknight|U-turn|p1a: Shogun
|-damage|p1a: Shogun|51/100
|
|t:|1760359261
|switch|p2a: Landorus|Landorus-Therian, M|100/100|[from] U-turn
|-ability|p2a: Landorus|Intimidate|boost
|-unboost|p1a: Shogun|atk|1
|move|p1a: Shogun|Swords Dance|p1a: Shogun
|-boost|p1a: Shogun|atk|2
|
|-heal|p1a: Shogun|57/100|[from] item: Leftovers
|upkeep
|turn|20
|
|t:|1760359277
|-end|p1a: Shogun|fallen1|[silent]
|switch|p1a: Cavaller|Corviknight, F|97/100
|-ability|p1a: Cavaller|Pressure
|move|p2a: Landorus|Earthquake|p1a: Cavaller
|-immune|p1a: Cavaller
|
|upkeep
|turn|21
|
|t:|1760359288
|switch|p2a: Corviknight|Corviknight, F|100/100
|-ability|p2a: Corviknight|Unnerve
|switch|p1a: Mort|Skeledirge, F|97/100
|
|upkeep
|turn|22
|
|t:|1760359303
|move|p2a: Corviknight|U-turn|p1a: Mort
|-resisted|p1a: Mort
|-damage|p1a: Mort|94/100
|
|t:|1760359305
|switch|p2a: Samurott|Samurott-Hisui, F|51/100|[from] U-turn
|move|p1a: Mort|Torch Song|p2a: Samurott
|-resisted|p2a: Samurott
|-damage|p2a: Samurott|39/100
|-boost|p1a: Mort|spa|1
|
|upkeep
|turn|23
|
|t:|1760359314
|switch|p1a: Cavaller|Corviknight, F|97/100
|-ability|p1a: Cavaller|Pressure
|move|p2a: Samurott|Ceaseless Edge|p1a: Cavaller
|-damage|p1a: Cavaller|66/100
|-damage|p2a: Samurott|22/100|[from] item: Rocky Helmet|[of] p1a: Cavaller
|-sidestart|p1: Andher|Spikes
|
|upkeep
|turn|24
|
|t:|1760359324
|switch|p2a: Raging Bolt|Raging Bolt|100/100
|move|p1a: Cavaller|Roost|p1a: Cavaller
|-heal|p1a: Cavaller|100/100
|-singleturn|p1a: Cavaller|move: Roost
|
|upkeep
|turn|25
|
|t:|1760359331
|switch|p1a: Shogun|Kingambit, M, tera:Ground|57/100
|-damage|p1a: Shogun|45/100|[from] Spikes
|-activate|p1a: Shogun|ability: Supreme Overlord
|-start|p1a: Shogun|fallen1|[silent]
|move|p2a: Raging Bolt|Volt Switch|p1a: Shogun
|-immune|p1a: Shogun
|
|-heal|p1a: Shogun|51/100|[from] item: Leftovers
|upkeep
|turn|26
|
|t:|1760359343
|-end|p2a: Raging Bolt|Protosynthesis|[silent]
|switch|p2a: Landorus|Landorus-Therian, M|100/100
|-ability|p2a: Landorus|Intimidate|boost
|-unboost|p1a: Shogun|atk|1
|move|p1a: Shogun|Swords Dance|p1a: Shogun
|-boost|p1a: Shogun|atk|2
|
|-heal|p1a: Shogun|57/100|[from] item: Leftovers
|upkeep
|turn|27
|
|t:|1760359353
|-end|p1a: Shogun|fallen1|[silent]
|switch|p1a: Cavaller|Corviknight, F|100/100
|-ability|p1a: Cavaller|Pressure
|move|p2a: Landorus|Earthquake|p1a: Cavaller
|-immune|p1a: Cavaller
|
|upkeep
|turn|28
|
|t:|1760359361
|switch|p2a: Pecharunt|Pecharunt|100/100
|move|p1a: Cavaller|Defog|p2a: Pecharunt
|-unboost|p2a: Pecharunt|evasion|1
|-sideend|p1: Andher|Spikes|[from] move: Defog|[of] p1a: Cavaller
|
|upkeep
|turn|29
|
|t:|1760359372
|move|p2a: Pecharunt|Parting Shot|p1a: Cavaller
|-unboost|p1a: Cavaller|atk|1
|-unboost|p1a: Cavaller|spa|1
|
|t:|1760359373
|switch|p2a: Corviknight|Corviknight, F|100/100|[from] Parting Shot
|-ability|p2a: Corviknight|Unnerve
|move|p1a: Cavaller|Brave Bird|p2a: Corviknight
|-resisted|p2a: Corviknight
|-damage|p2a: Corviknight|91/100
|-damage|p1a: Cavaller|97/100|[from] Recoil
|
|-heal|p2a: Corviknight|97/100|[from] item: Leftovers
|upkeep
|turn|30
|
|t:|1760359388
|switch|p2a: Pecharunt|Pecharunt|100/100
|switch|p1a: Mort|Skeledirge, F|94/100
|
|upkeep
|turn|31
|
|t:|1760359400
|move|p2a: Pecharunt|Parting Shot|p1a: Mort
|-unboost|p1a: Mort|atk|1
|-unboost|p1a: Mort|spa|1
|
|t:|1760359403
|switch|p2a: Samurott|Samurott-Hisui, F|22/100|[from] Parting Shot
|move|p1a: Mort|Torch Song|p2a: Samurott
|-resisted|p2a: Samurott
|-damage|p2a: Samurott|13/100
|-boost|p1a: Mort|spa|1
|
|upkeep
|turn|32
|
|t:|1760359411
|switch|p2a: Raging Bolt|Raging Bolt|100/100
|switch|p1a: Cavaller|Corviknight, F|97/100
|-ability|p1a: Cavaller|Pressure
|
|upkeep
|turn|33
|
|t:|1760359425
|switch|p1a: Shogun|Kingambit, M, tera:Ground|57/100
|-activate|p1a: Shogun|ability: Supreme Overlord
|-start|p1a: Shogun|fallen1|[silent]
|move|p2a: Raging Bolt|Volt Switch|p1a: Shogun
|-immune|p1a: Shogun
|
|-heal|p1a: Shogun|64/100|[from] item: Leftovers
|upkeep
|turn|34
|
|t:|1760359435
|move|p2a: Raging Bolt|Volt Switch|p1a: Shogun
|-immune|p1a: Shogun
|move|p1a: Shogun|Swords Dance|p1a: Shogun
|-boost|p1a: Shogun|atk|2
|
|-heal|p1a: Shogun|70/100|[from] item: Leftovers
|upkeep
|turn|35
|
|t:|1760359445
|-end|p2a: Raging Bolt|Protosynthesis|[silent]
|switch|p2a: Landorus|Landorus-Therian, M|100/100
|-ability|p2a: Landorus|Intimidate|boost
|-unboost|p1a: Shogun|atk|1
|move|p1a: Shogun|Kowtow Cleave|p2a: Landorus
|-damage|p2a: Landorus|19/100
|
|-heal|p1a: Shogun|76/100|[from] item: Leftovers
|upkeep
|turn|36
|
|t:|1760359455
|switch|p2a: Raging Bolt|Raging Bolt|100/100
|move|p1a: Shogun|Sucker Punch||[still]
|-fail|p1a: Shogun
|
|-heal|p1a: Shogun|82/100|[from] item: Leftovers
|upkeep
|turn|37
|
|t:|1760359465
|-end|p1a: Shogun|fallen1|[silent]
|switch|p1a: Cavaller|Corviknight, F|97/100
|-ability|p1a: Cavaller|Pressure
|move|p2a: Raging Bolt|Draco Meteor|p1a: Cavaller
|-resisted|p1a: Cavaller
|-damage|p1a: Cavaller|53/100
|-unboost|p2a: Raging Bolt|spa|2
|
|upkeep
|turn|38
|
|t:|1760359475
|-end|p2a: Raging Bolt|Protosynthesis|[silent]
|switch|p2a: Pecharunt|Pecharunt|100/100
|move|p1a: Cavaller|Roost|p1a: Cavaller
|-heal|p1a: Cavaller|100/100
|-singleturn|p1a: Cavaller|move: Roost
|
|upkeep
|turn|39
|
|t:|1760359487
|switch|p1a: Por|Gengar, F, shiny|100/100
|move|p2a: Pecharunt|Parting Shot|p1a: Por
|-unboost|p1a: Por|atk|1
|-unboost|p1a: Por|spa|1
|
|t:|1760359503
|switch|p2a: Corviknight|Corviknight, F|97/100|[from] Parting Shot
|-ability|p2a: Corviknight|Unnerve
|
|-heal|p2a: Corviknight|100/100|[from] item: Leftovers
|upkeep
|turn|40
|
|t:|1760359510
|switch|p1a: Mort|Skeledirge, F|94/100
|move|p2a: Corviknight|U-turn|p1a: Mort
|-resisted|p1a: Mort
|-damage|p1a: Mort|92/100
|
|t:|1760359531
|switch|p2a: Pecharunt|Pecharunt|100/100|[from] U-turn
|
|upkeep
|turn|41
|
|t:|1760359544
|switch|p1a: Cavaller|Corviknight, F|100/100
|-ability|p1a: Cavaller|Pressure
|move|p2a: Pecharunt|Swords Dance|p2a: Pecharunt
|-boost|p2a: Pecharunt|atk|2
|
|upkeep
|turn|42
|
|t:|1760359554
|move|p2a: Pecharunt|Poltergeist|p1a: Cavaller
|-activate|p1a: Cavaller|move: Poltergeist|Rocky Helmet
|-damage|p1a: Cavaller|41/100
|move|p1a: Cavaller|Brave Bird|p2a: Pecharunt
|-damage|p2a: Pecharunt|24/100
|replace|p2a: Zoroark|Zoroark-Hisui, M
|-end|p2a: Zoroark|Illusion
|-damage|p1a: Cavaller|23/100|[from] Recoil
|
|upkeep
|turn|43
|
|t:|1760359565
|switch|p1a: Ronin|Samurott-Hisui, F|100/100
|move|p2a: Zoroark|Poltergeist|p1a: Ronin|[miss]
|-miss|p2a: Zoroark|p1a: Ronin
|
|upkeep
|turn|44
|
|t:|1760359572
|move|p1a: Ronin|Ceaseless Edge|p2a: Zoroark
|-supereffective|p2a: Zoroark
|-crit|p2a: Zoroark
|-damage|p2a: Zoroark|0 fnt
|-sidestart|p2: dr3ntel|Spikes
|faint|p2a: Zoroark
|
|upkeep
|
|t:|1760359592
|switch|p2a: Raging Bolt|Raging Bolt|100/100
|-damage|p2a: Raging Bolt|88/100|[from] Spikes
|turn|45
|
|t:|1760359597
|switch|p1a: Shogun|Kingambit, M, tera:Ground|82/100
|-activate|p1a: Shogun|ability: Supreme Overlord
|-start|p1a: Shogun|fallen1|[silent]
|move|p2a: Raging Bolt|Draco Meteor|p1a: Shogun
|-damage|p1a: Shogun|5/100
|-unboost|p2a: Raging Bolt|spa|2
|
|-heal|p1a: Shogun|12/100|[from] item: Leftovers
|upkeep
|turn|46
|
|t:|1760359619
|-end|p1a: Shogun|fallen1|[silent]
|switch|p1a: Por|Gengar, F, shiny|100/100
|move|p2a: Raging Bolt|Draco Meteor|p1a: Por
|-damage|p1a: Por|15/100
|-unboost|p2a: Raging Bolt|spa|2
|-start|p2a: Raging Bolt|Disable|Draco Meteor|[from] ability: Cursed Body|[of] p1a: Por
|
|upkeep
|turn|47
|
|t:|1760359631
|-end|p2a: Raging Bolt|Protosynthesis|[silent]
|switch|p2a: Samurott|Samurott-Hisui, F|13/100
|-damage|p2a: Samurott|0 fnt|[from] Spikes
|faint|p2a: Samurott
|move|p1a: Por|Shadow Ball|p2: Samurott|[notarget]
|-fail|p1a: Por
|
|upkeep
|
|t:|1760359637
|switch|p2a: Landorus|Landorus-Therian, M|19/100
|-ability|p2a: Landorus|Intimidate|boost
|-unboost|p1a: Por|atk|1
|turn|48
|
|t:|1760359641
|move|p1a: Por|Shadow Ball|p2a: Landorus
|-damage|p2a: Landorus|0 fnt
|faint|p2a: Landorus
|
|upkeep
|
|t:|1760359647
|switch|p2a: Raging Bolt|Raging Bolt|88/100
|-damage|p2a: Raging Bolt|76/100|[from] Spikes
|turn|49
|l|☆dr3ntel
|inactive|dr3ntel disconnected and has a minute to reconnect!
|player|p2|
|j|☆dr3ntel
|inactive|dr3ntel reconnected.
|player|p2|dr3ntel|102|
|
|t:|1760359675
|switch|p1a: Mort|Skeledirge, F|92/100
|move|p2a: Raging Bolt|Thunderclap||[still]
|-fail|p2a: Raging Bolt
|
|upkeep
|turn|50
|
|t:|1760359681
|-end|p2a: Raging Bolt|Protosynthesis|[silent]
|switch|p2a: Pecharunt|Pecharunt|100/100
|-damage|p2a: Pecharunt|88/100|[from] Spikes
|switch|p1a: Shogun|Kingambit, M, tera:Ground|12/100
|-activate|p1a: Shogun|ability: Supreme Overlord
|-start|p1a: Shogun|fallen1|[silent]
|
|-heal|p1a: Shogun|18/100|[from] item: Leftovers
|upkeep
|turn|51
|
|t:|1760359694
|-end|p1a: Shogun|fallen1|[silent]
|switch|p1a: Cavaller|Corviknight, F|23/100
|-ability|p1a: Cavaller|Pressure
|move|p2a: Pecharunt|Foul Play|p1a: Cavaller
|-crit|p1a: Cavaller
|-damage|p1a: Cavaller|4/100
|-damage|p2a: Pecharunt|72/100|[from] item: Rocky Helmet|[of] p1a: Cavaller
|
|upkeep
|turn|52
|
|t:|1760359705
|move|p2a: Pecharunt|Foul Play|p1a: Cavaller
|-damage|p1a: Cavaller|0 fnt
|-damage|p2a: Pecharunt|55/100|[from] item: Rocky Helmet|[of] p1a: Cavaller
|faint|p1a: Cavaller
|
|upkeep
|l|☆dr3ntel
|inactive|dr3ntel disconnected and has a minute to reconnect!
|player|p2|
|j|☆dr3ntel
|inactive|dr3ntel reconnected.
|player|p2|dr3ntel|102|
|
|t:|1760359712
|switch|p1a: Por|Gengar, F, shiny|15/100
|turn|53
|
|t:|1760359730
|-terastallize|p2a: Pecharunt|Dark
|move|p1a: Por|Shadow Ball|p2a: Pecharunt
|-resisted|p2a: Pecharunt
|-damage|p2a: Pecharunt|30/100
|-unboost|p2a: Pecharunt|spd|1
|move|p2a: Pecharunt|Recover|p2a: Pecharunt
|-heal|p2a: Pecharunt|80/100
|
|upkeep
|turn|54
|
|t:|1760359754
|switch|p1a: Ronin|Samurott-Hisui, F|100/100
|move|p2a: Pecharunt|Foul Play|p1a: Ronin
|-resisted|p1a: Ronin
|-damage|p1a: Ronin|74/100
|
|upkeep
|turn|55
|
|t:|1760359763
|move|p1a: Ronin|Sacred Sword|p2a: Pecharunt
|-supereffective|p2a: Pecharunt
|-damage|p2a: Pecharunt|42/100
|-damage|p1a: Ronin|58/100|[from] item: Rocky Helmet|[of] p2a: Pecharunt
|move|p2a: Pecharunt|Recover|p2a: Pecharunt
|-heal|p2a: Pecharunt|92/100
|
|upkeep
|turn|56
|
|t:|1760359776
|switch|p1a: Mort|Skeledirge, F|92/100
|move|p2a: Pecharunt|Malignant Chain|p1a: Mort
|-resisted|p1a: Mort
|-damage|p1a: Mort|78/100
|
|upkeep
|turn|57
|
|t:|1760359783
|switch|p2a: Raging Bolt|Raging Bolt|76/100
|-damage|p2a: Raging Bolt|64/100|[from] Spikes
|move|p1a: Mort|Torch Song|p2a: Raging Bolt
|-resisted|p2a: Raging Bolt
|-damage|p2a: Raging Bolt|50/100
|-boost|p1a: Mort|spa|1
|
|upkeep
|turn|58
|
|t:|1760359795
|switch|p1a: Ronin|Samurott-Hisui, F|58/100
|move|p2a: Raging Bolt|Draco Meteor|p1a: Ronin
|-damage|p1a: Ronin|0 fnt
|-unboost|p2a: Raging Bolt|spa|2
|faint|p1a: Ronin
|
|upkeep
|
|t:|1760359810
|switch|p1a: Shogun|Kingambit, M, tera:Ground|18/100
|-activate|p1a: Shogun|ability: Supreme Overlord
|-start|p1a: Shogun|fallen3|[silent]
|turn|59
|
|t:|1760359816
|move|p1a: Shogun|Sucker Punch|p2a: Raging Bolt
|-damage|p2a: Raging Bolt|7/100
|move|p2a: Raging Bolt|Draco Meteor|p1a: Shogun|[miss]
|-miss|p2a: Raging Bolt|p1a: Shogun
|
|-heal|p1a: Shogun|24/100|[from] item: Leftovers
|upkeep
|turn|60
|
|t:|1760359823
|-end|p2a: Raging Bolt|Protosynthesis|[silent]
|switch|p2a: Pecharunt|Pecharunt, tera:Dark|92/100
|-damage|p2a: Pecharunt|79/100|[from] Spikes
|move|p1a: Shogun|Sucker Punch||[still]
|-fail|p1a: Shogun
|
|-heal|p1a: Shogun|30/100|[from] item: Leftovers
|upkeep
|turn|61
|c|☆dr3ntel|shit game
|c|☆Andher|it is indeed
|
|t:|1760359844
|-end|p1a: Shogun|fallen3|[silent]
|switch|p1a: Mort|Skeledirge, F|78/100
|move|p2a: Pecharunt|Foul Play|p1a: Mort
|-supereffective|p1a: Mort
|-damage|p1a: Mort|49/100
|
|upkeep
|turn|62
|
|t:|1760359850
|move|p2a: Pecharunt|Parting Shot|p1a: Mort
|-unboost|p1a: Mort|atk|1
|-unboost|p1a: Mort|spa|1
|
|t:|1760359853
|switch|p2a: Corviknight|Corviknight, F|100/100|[from] Parting Shot
|-ability|p2a: Corviknight|Unnerve
|move|p1a: Mort|Slack Off|p1a: Mort
|-heal|p1a: Mort|99/100
|
|upkeep
|turn|63
|
|t:|1760359861
|move|p2a: Corviknight|Defog|p1a: Mort
|-unboost|p1a: Mort|evasion|1
|-sideend|p2: dr3ntel|Spikes|[from] move: Defog|[of] p2a: Corviknight
|move|p1a: Mort|Torch Song|p2a: Corviknight
|-supereffective|p2a: Corviknight
|-damage|p2a: Corviknight|72/100
|-boost|p1a: Mort|spa|1
|
|-heal|p2a: Corviknight|78/100|[from] item: Leftovers
|upkeep
|turn|64
|
|t:|1760359869
|move|p2a: Corviknight|U-turn|p1a: Mort
|-resisted|p1a: Mort
|-damage|p1a: Mort|97/100
|
|t:|1760359871
|switch|p2a: Pecharunt|Pecharunt, tera:Dark|79/100|[from] U-turn
|move|p1a: Mort|Torch Song|p2a: Pecharunt
|-damage|p2a: Pecharunt|50/100
|-boost|p1a: Mort|spa|1
|
|upkeep
|turn|65
|
|t:|1760359879
|move|p2a: Pecharunt|Parting Shot|p1a: Mort
|-unboost|p1a: Mort|atk|1
|-unboost|p1a: Mort|spa|1
|
|t:|1760359884
|switch|p2a: Corviknight|Corviknight, F|78/100|[from] Parting Shot
|-ability|p2a: Corviknight|Unnerve
|move|p1a: Mort|Alluring Voice|p2a: Corviknight
|-resisted|p2a: Corviknight
|-damage|p2a: Corviknight|71/100
|
|-heal|p2a: Corviknight|77/100|[from] item: Leftovers
|upkeep
|turn|66
|
|t:|1760359892
|move|p2a: Corviknight|U-turn|p1a: Mort
|-resisted|p1a: Mort
|-damage|p1a: Mort|94/100
|
|t:|1760359905
|switch|p2a: Pecharunt|Pecharunt, tera:Dark|50/100|[from] U-turn
|move|p1a: Mort|Torch Song|p2a: Pecharunt
|-damage|p2a: Pecharunt|18/100
|-boost|p1a: Mort|spa|1
|
|upkeep
|turn|67
|
|t:|1760359913
|move|p2a: Pecharunt|Malignant Chain|p1a: Mort
|-resisted|p1a: Mort
|-damage|p1a: Mort|81/100
|-status|p1a: Mort|tox
|-start|p1a: Mort|confusion|[from] ability: Poison Puppeteer|[of] p2a: Pecharunt
|-activate|p1a: Mort|confusion
|-damage|p1a: Mort|79/100 tox|[from] confusion
|
|-damage|p1a: Mort|73/100 tox|[from] psn
|upkeep
|turn|68
|
|t:|1760359922
|move|p2a: Pecharunt|Recover|p2a: Pecharunt
|-heal|p2a: Pecharunt|68/100
|-activate|p1a: Mort|confusion
|move|p1a: Mort|Torch Song|p2a: Pecharunt
|-damage|p2a: Pecharunt|19/100
|-boost|p1a: Mort|spa|1
|
|-damage|p1a: Mort|61/100 tox|[from] psn
|upkeep
|turn|69
|
|t:|1760359931
|switch|p2a: Corviknight|Corviknight, F|77/100
|-ability|p2a: Corviknight|Unnerve
|-activate|p1a: Mort|confusion
|-damage|p1a: Mort|58/100 tox|[from] confusion
|
|-heal|p2a: Corviknight|83/100|[from] item: Leftovers
|-damage|p1a: Mort|40/100 tox|[from] psn
|upkeep
|turn|70
|inactive|dr3ntel has 120 seconds left.
|inactive|dr3ntel has 90 seconds left.
|
|t:|1760359994
|switch|p2a: Pecharunt|Pecharunt, tera:Dark|19/100
|switch|p1a: Por|Gengar, F, shiny|15/100
|
|upkeep
|turn|71
|inactive|Andher has 120 seconds left.
|
|t:|1760360025
|switch|p2a: Corviknight|Corviknight, F|83/100
|-ability|p2a: Corviknight|Unnerve
|move|p1a: Por|Shadow Ball|p2a: Corviknight
|-damage|p2a: Corviknight|53/100
|
|-heal|p2a: Corviknight|59/100|[from] item: Leftovers
|upkeep
|turn|72
|inactive|Andher has 120 seconds left.
|
|t:|1760360040
|switch|p1a: Shogun|Kingambit, M, tera:Ground|30/100
|-activate|p1a: Shogun|ability: Supreme Overlord
|-start|p1a: Shogun|fallen3|[silent]
|move|p2a: Corviknight|Roost|p2a: Corviknight
|-heal|p2a: Corviknight|100/100
|-singleturn|p2a: Corviknight|move: Roost
|
|-heal|p1a: Shogun|36/100|[from] item: Leftovers
|upkeep
|turn|73
|inactive|Andher has 120 seconds left.
|
|t:|1760360051
|-end|p1a: Shogun|fallen3|[silent]
|switch|p1a: Por|Gengar, F, shiny|15/100
|move|p2a: Corviknight|Brave Bird|p1a: Por
|-damage|p1a: Por|0 fnt
|faint|p1a: Por
|-damage|p2a: Corviknight|97/100|[from] Recoil
|
|-heal|p2a: Corviknight|100/100|[from] item: Leftovers
|upkeep
|inactive|Andher has 120 seconds left.
|
|t:|1760360060
|switch|p1a: Mort|Skeledirge, F|40/100 tox
|turn|74
|
|t:|1760360071
|move|p2a: Corviknight|Brave Bird|p1a: Mort
|-damage|p1a: Mort|12/100 tox
|-damage|p2a: Corviknight|91/100|[from] Recoil
|move|p1a: Mort|Slack Off|p1a: Mort
|-heal|p1a: Mort|62/100 tox
|
|-heal|p2a: Corviknight|97/100|[from] item: Leftovers
|-damage|p1a: Mort|56/100 tox|[from] psn
|upkeep
|turn|75
|
|t:|1760360085
|move|p2a: Corviknight|Brave Bird|p1a: Mort
|-damage|p1a: Mort|27/100 tox
|-damage|p2a: Corviknight|87/100|[from] Recoil
|move|p1a: Mort|Torch Song|p2a: Corviknight
|-supereffective|p2a: Corviknight
|-damage|p2a: Corviknight|42/100
|-boost|p1a: Mort|spa|1
|
|-heal|p2a: Corviknight|48/100|[from] item: Leftovers
|-damage|p1a: Mort|15/100 tox|[from] psn
|upkeep
|turn|76
|inactive|dr3ntel has 120 seconds left.
|
|t:|1760360104
|move|p2a: Corviknight|Brave Bird|p1a: Mort
|-damage|p1a: Mort|0 fnt
|faint|p1a: Mort
|-damage|p2a: Corviknight|43/100|[from] Recoil
|
|-heal|p2a: Corviknight|50/100|[from] item: Leftovers
|upkeep
|
|t:|1760360111
|switch|p1a: Shogun|Kingambit, M, tera:Ground|36/100
|-activate|p1a: Shogun|ability: Supreme Overlord
|-start|p1a: Shogun|fallen5|[silent]
|turn|77
|inactive|dr3ntel has 120 seconds left.
|
|t:|1760360117
|move|p2a: Corviknight|Brave Bird|p1a: Shogun
|-damage|p1a: Shogun|9/100
|-damage|p2a: Corviknight|41/100|[from] Recoil
|move|p1a: Shogun|Swords Dance|p1a: Shogun
|-boost|p1a: Shogun|atk|2
|
|-heal|p2a: Corviknight|47/100|[from] item: Leftovers
|-heal|p1a: Shogun|16/100|[from] item: Leftovers
|upkeep
|turn|78
|inactive|dr3ntel has 120 seconds left.
|
|t:|1760360127
|move|p1a: Shogun|Sucker Punch||[still]
|-fail|p1a: Shogun
|move|p2a: Corviknight|Roost|p2a: Corviknight
|-heal|p2a: Corviknight|97/100
|-singleturn|p2a: Corviknight|move: Roost
|
|-heal|p2a: Corviknight|100/100|[from] item: Leftovers
|-heal|p1a: Shogun|22/100|[from] item: Leftovers
|upkeep
|turn|79
|
|t:|1760360135
|move|p1a: Shogun|Sucker Punch|p2a: Corviknight
|-damage|p2a: Corviknight|20/100
|move|p2a: Corviknight|Brave Bird|p1a: Shogun
|-damage|p1a: Shogun|0 fnt
|faint|p1a: Shogun
|-end|p1a: Shogun|fallen5|[silent]
|-damage|p2a: Corviknight|13/100|[from] Recoil
|
|win|dr3ntel
|raw|Andher's rating: 1530 &rarr; <strong>1512</strong><br />(-18 for losing)
|raw|dr3ntel's rating: 1562 &rarr; <strong>1580</strong><br />(+18 for winning)
|c|☆dr3ntel|gg
|c|☆Andher|gg
|l|☆Andher
|player|p1|
