|j|‽acezsz
|j|☆alex12381723898
|t:|1760411000
|gametype|singles
|player|p1|acezsz|iris-gen5bw2|1450
|player|p2|alex12381723898|1|1393
|gen|9
|tier|[Gen 9] OU
|rated|
|rule|HP Percentage Mod: HP is shown in percentages
|rule|Endless Battle Clause: Forcing endless battles is banned
|rule|Species Clause: Limit one of each Pokémon
|rule|OHKO Clause: OHKO moves are banned
|rule|Evasion Items Clause: Evasion items are banned
|rule|Evasion Moves Clause: Evasion moves are banned
|rule|Evasion Abilities Clause: Evasion abilities are banned
|rule|Sleep Moves Clause: Sleep-inducing moves are banned
|clearpoke
|poke|p1|Alomomola, M|
|poke|p1|Dragapult, M|
|poke|p1|Slowking-Galar, F|
|poke|p1|Great Tusk|
|poke|p1|Dragonite, M|
|poke|p1|Ting-Lu|
|poke|p2|Raging Bolt|
|poke|p2|Araquanid, F|
|poke|p2|Garganacl, M|
|poke|p2|Okidogi, M|
|poke|p2|Iron Valiant|
|poke|p2|Hatterene, F|
|teampreview
|inactive|Battle timer is ON: inactive players will automatically lose when time's up. (requested by acezsz)
|
|t:|1760411016
|teamsize|p1|6
|teamsize|p2|6
|start
|switch|p1a: Slowking|Slowking-Galar, F|100/100
|switch|p2a: Garganacl|Garganacl, M|100/100
|turn|1
|
|t:|1760411022
|move|p2a: Garganacl|Stealth Rock|p1a: Slowking
|-sidestart|p1: acezsz|move: Stealth Rock
|move|p1a: Slowking|Psychic Noise|p2a: Garganacl
|-damage|p2a: Garganacl|75/100
|-start|p2a: Garganacl|move: Heal Block
|
|upkeep
|turn|2
|
|t:|1760411031
|switch|p2a: Araquanid|Araquanid, F|100/100
|-prepare|p1a: Slowking|Chilly Reception|[premajor]
|move|p1a: Slowking|Chilly Reception|p1a: Slowking
|-weather|Snowscape
|
|t:|1760411042
|switch|p1a: Dragapult|Dragapult, M|100/100|[from] Chilly Reception
|
|-weather|Snowscape|[upkeep]
|upkeep
|turn|3
|
|t:|1760411049
|move|p1a: Dragapult|U-turn|p2a: Araquanid
|-damage|p2a: Araquanid|75/100
|
|t:|1760411052
|switch|p1a: Slowking|Slowking-Galar, F|100/100|[from] U-turn
|move|p2a: Araquanid|Liquidation|p1a: Slowking
|-damage|p1a: Slowking|34/100
|
|-weather|Snowscape|[upkeep]
|upkeep
|turn|4
|
|t:|1760411058
|switch|p2a: Garganacl|Garganacl, M|75/100
|switch|p1a: Alomomola|Alomomola, M|100/100
|
|-weather|Snowscape|[upkeep]
|-heal|p2a: Garganacl|81/100|[from] item: Leftovers
|upkeep
|turn|5
|
|t:|1760411063
|-terastallize|p2a: Garganacl|Ghost
|move|p1a: Alomomola|Flip Turn|p2a: Garganacl
|-damage|p2a: Garganacl|74/100
|
|t:|1760411070
|switch|p1a: Great Tusk|Great Tusk|100/100|[from] Flip Turn
|-damage|p1a: Great Tusk|98/100|[from] Stealth Rock
|move|p2a: Garganacl|Salt Cure|p1a: Great Tusk
|-resisted|p1a: Great Tusk
|-damage|p1a: Great Tusk|95/100
|-start|p1a: Great Tusk|Salt Cure
|
|-weather|Snowscape|[upkeep]
|-heal|p2a: Garganacl|80/100|[from] item: Leftovers
|-damage|p1a: Great Tusk|83/100|[from] Salt Cure
|upkeep
|turn|6
|
|t:|1760411076
|move|p1a: Great Tusk|Knock Off|p2a: Garganacl
|-supereffective|p2a: Garganacl
|-damage|p2a: Garganacl|54/100
|-enditem|p2a: Garganacl|Leftovers|[from] move: Knock Off|[of] p1a: Great Tusk
|move|p2a: Garganacl|Recover|p2a: Garganacl
|-heal|p2a: Garganacl|100/100
|
|-weather|none
|-damage|p1a: Great Tusk|71/100|[from] Salt Cure
|upkeep
|turn|7
|
|t:|1760411092
|-end|p1a: Great Tusk|Protosynthesis|[silent]
|switch|p1a: Slowking|Slowking-Galar, F|68/100
|move|p2a: Garganacl|Salt Cure|p1a: Slowking
|-damage|p1a: Slowking|54/100
|-start|p1a: Slowking|Salt Cure
|
|-damage|p1a: Slowking|41/100|[from] Salt Cure
|upkeep
|turn|8
|
|t:|1760411105
|switch|p2a: Araquanid|Araquanid, F|75/100
|switch|p1a: Alomomola|Alomomola, M|100/100
|
|upkeep
|turn|9
|
|t:|1760411111
|move|p1a: Alomomola|Flip Turn|p2a: Araquanid
|-resisted|p2a: Araquanid
|-damage|p2a: Araquanid|65/100
|
|t:|1760411133
|switch|p1a: Slowking|Slowking-Galar, F|74/100|[from] Flip Turn
|move|p2a: Araquanid|Sticky Web|p1a: Slowking
|-sidestart|p1: acezsz|move: Sticky Web
|
|upkeep
|turn|10
|
|t:|1760411142
|switch|p1a: Alomomola|Alomomola, M|100/100
|move|p2a: Araquanid|Liquidation|p1a: Alomomola
|-resisted|p1a: Alomomola
|-damage|p1a: Alomomola|80/100
|
|upkeep
|turn|11
|
|t:|1760411160
|move|p1a: Alomomola|Scald|p2a: Araquanid
|-resisted|p2a: Araquanid
|-damage|p2a: Araquanid|59/100
|move|p2a: Araquanid|Leech Life|p1a: Alomomola
|-damage|p1a: Alomomola|62/100
|-heal|p2a: Araquanid|74/100|[from] drain|[of] p1a: Alomomola
|
|upkeep
|turn|12
|
|t:|1760411170
|move|p1a: Alomomola|Wish|p1a: Alomomola
|move|p2a: Araquanid|Leech Life|p1a: Alomomola
|-damage|p1a: Alomomola|43/100
|-heal|p2a: Araquanid|90/100|[from] drain|[of] p1a: Alomomola
|
|upkeep
|turn|13
|
|t:|1760411175
|move|p1a: Alomomola|Protect|p1a: Alomomola
|-singleturn|p1a: Alomomola|Protect
|move|p2a: Araquanid|Liquidation|p1a: Alomomola
|-activate|p1a: Alomomola|move: Protect
|
|-heal|p1a: Alomomola|93/100|[from] move: Wish|[wisher] Alomomola
|upkeep
|turn|14
|
|t:|1760411185
|switch|p2a: Okidogi|Okidogi, M|100/100
|move|p1a: Alomomola|Wish|p1a: Alomomola
|
|upkeep
|turn|15
|
|t:|1760411189
|move|p2a: Okidogi|Knock Off|p1a: Alomomola
|-damage|p1a: Alomomola|72/100
|-enditem|p1a: Alomomola|Heavy-Duty Boots|[from] move: Knock Off|[of] p2a: Okidogi
|move|p1a: Alomomola|Scald|p2a: Okidogi
|-damage|p2a: Okidogi|85/100
|
|-heal|p1a: Alomomola|100/100|[from] move: Wish|[wisher] Alomomola
|upkeep
|turn|16
|
|t:|1760411197
|move|p2a: Okidogi|Knock Off|p1a: Alomomola
|-damage|p1a: Alomomola|86/100
|move|p1a: Alomomola|Flip Turn|p2a: Okidogi
|-damage|p2a: Okidogi|72/100
|-damage|p1a: Alomomola|69/100|[from] item: Rocky Helmet|[of] p2a: Okidogi
|
|t:|1760411220
|switch|p1a: Ting-Lu|Ting-Lu|100/100|[from] Flip Turn
|-damage|p1a: Ting-Lu|94/100|[from] Stealth Rock
|-activate|p1a: Ting-Lu|move: Sticky Web
|-unboost|p1a: Ting-Lu|spe|1
|-ability|p1a: Ting-Lu|Vessel of Ruin
|
|-heal|p1a: Ting-Lu|100/100|[from] item: Leftovers
|upkeep
|turn|17
|
|t:|1760411231
|move|p2a: Okidogi|Bulk Up|p2a: Okidogi
|-boost|p2a: Okidogi|atk|1
|-boost|p2a: Okidogi|def|1
|move|p1a: Ting-Lu|Earthquake|p2a: Okidogi
|-supereffective|p2a: Okidogi
|-damage|p2a: Okidogi|32/100
|
|upkeep
|turn|18
|
|t:|1760411245
|move|p2a: Okidogi|Drain Punch|p1a: Ting-Lu
|-supereffective|p1a: Ting-Lu
|-crit|p1a: Ting-Lu
|-damage|p1a: Ting-Lu|0 fnt
|-heal|p2a: Okidogi|99/100|[from] drain|[of] p1a: Ting-Lu
|faint|p1a: Ting-Lu
|
|upkeep
|
|t:|1760411255
|switch|p1a: Dragapult|Dragapult, M|100/100
|turn|19
|
|t:|1760411258
|switch|p2a: Garganacl|Garganacl, M, tera:Ghost|100/100
|-terastallize|p1a: Dragapult|Fairy
|move|p1a: Dragapult|Will-O-Wisp|p2a: Garganacl
|-immune|p2a: Garganacl|[from] ability: Purifying Salt
|
|upkeep
|turn|20
|
|t:|1760411265
|move|p1a: Dragapult|Hex|p2a: Garganacl
|-supereffective|p2a: Garganacl
|-damage|p2a: Garganacl|75/100
|move|p2a: Garganacl|Salt Cure|p1a: Dragapult
|-damage|p1a: Dragapult|80/100
|-start|p1a: Dragapult|Salt Cure
|
|-damage|p1a: Dragapult|68/100|[from] Salt Cure
|upkeep
|turn|21
|inactive|acezsz has 120 seconds left.
|
|t:|1760411310
|move|p1a: Dragapult|U-turn|p2a: Garganacl
|-resisted|p2a: Garganacl
|-damage|p2a: Garganacl|70/100
|
|t:|1760411313
|switch|p1a: Alomomola|Alomomola, M|100/100|[from] U-turn
|-damage|p1a: Alomomola|88/100|[from] Stealth Rock
|-activate|p1a: Alomomola|move: Sticky Web
|-unboost|p1a: Alomomola|spe|1
|move|p2a: Garganacl|Salt Cure|p1a: Alomomola
|-damage|p1a: Alomomola|79/100
|-start|p1a: Alomomola|Salt Cure
|
|-damage|p1a: Alomomola|54/100|[from] Salt Cure
|upkeep
|turn|22
|
|t:|1760411319
|switch|p2a: Okidogi|Okidogi, M|99/100
|switch|p1a: Slowking|Slowking-Galar, F|100/100
|
|upkeep
|turn|23
|
|t:|1760411326
|switch|p2a: Araquanid|Araquanid, F|90/100
|move|p1a: Slowking|Psychic Noise|p2a: Araquanid
|-damage|p2a: Araquanid|68/100
|-start|p2a: Araquanid|move: Heal Block
|
|upkeep
|turn|24
|
|t:|1760411331
|move|p2a: Araquanid|Liquidation|p1a: Slowking
|-crit|p1a: Slowking
|-damage|p1a: Slowking|0 fnt
|faint|p1a: Slowking
|
|-end|p2a: Araquanid|move: Heal Block
|upkeep
|c|☆alex12381723898|Lol
|inactive|acezsz has 120 seconds left.
|-message|acezsz forfeited.
|
|win|alex12381723898
|raw|acezsz's rating: 1450 &rarr; <strong>1427</strong><br />(-23 for losing)
|raw|alex12381723898's rating: 1393 &rarr; <strong>1416</strong><br />(+23 for winning)
