|j|☆BuiThanhThien
|j|☆the macho bro
|t:|1760331986
|gametype|singles
|player|p1|BuiThanhThien|101|1093
|player|p2|the macho bro|266|1178
|gen|9
|tier|[Gen 9] OU
|rated|
|rule|HP Percentage Mod: HP is shown in percentages
|rule|Endless Battle Clause: Forcing endless battles is banned
|rule|Species Clause: Limit one of each Pokémon
|rule|OHKO Clause: OHKO moves are banned
|rule|Evasion Items Clause: Evasion items are banned
|rule|Evasion Moves Clause: Evasion moves are banned
|rule|Evasion Abilities Clause: Evasion abilities are banned
|rule|Sleep Moves Clause: Sleep-inducing moves are banned
|clearpoke
|poke|p1|Kingambit, F|
|poke|p1|Cinderace, F|
|poke|p1|Landorus-Therian, M|
|poke|p1|Iron Valiant|
|poke|p1|Kyurem|
|poke|p1|Slowking-Galar, M|
|poke|p2|Conkeldurr, M|
|poke|p2|Okidogi, M|
|poke|p2|Zapdos-Galar|
|poke|p2|Rillaboom, F|
|poke|p2|Gliscor, F|
|poke|p2|Landorus-Therian, M|
|teampreview
|
|t:|1760332005
|teamsize|p1|6
|teamsize|p2|6
|start
|switch|p1a: Mr. Freeze|Kyurem, shiny|100/100
|switch|p2a: Okidogi|Okidogi, M|100/100
|-ability|p1a: Mr. Freeze|Pressure
|turn|1
|
|t:|1760332018
|move|p1a: Mr. Freeze|Earth Power|p2a: Okidogi
|-supereffective|p2a: Okidogi
|-damage|p2a: Okidogi|38/100
|move|p2a: Okidogi|Body Press|p1a: Mr. Freeze
|-supereffective|p1a: Mr. Freeze
|-damage|p1a: Mr. Freeze|38/100
|
|-heal|p1a: Mr. Freeze|44/100|[from] item: Leftovers
|upkeep
|turn|2
|
|t:|1760332028
|switch|p2a: Gliscor|Gliscor, F|100/100
|move|p1a: Mr. Freeze|Earth Power|p2a: Gliscor
|-immune|p2a: Gliscor
|
|-heal|p1a: Mr. Freeze|51/100|[from] item: Leftovers
|-status|p2a: Gliscor|tox|[from] item: Toxic Orb
|upkeep
|turn|3
|
|t:|1760332044
|switch|p2a: Conkeldurr|Conkeldurr, M|100/100
|move|p1a: Mr. Freeze|Freeze-Dry|p2a: Conkeldurr
|-damage|p2a: Conkeldurr|74/100
|
|-heal|p1a: Mr. Freeze|57/100|[from] item: Leftovers
|upkeep
|turn|4
|
|t:|1760332056
|move|p2a: Conkeldurr|Mach Punch|p1a: Mr. Freeze
|-supereffective|p1a: Mr. Freeze
|-damage|p1a: Mr. Freeze|4/100
|move|p1a: Mr. Freeze|Substitute|p1a: Mr. Freeze
|-fail|p1a: Mr. Freeze|move: Substitute|[weak]
|
|-heal|p1a: Mr. Freeze|11/100|[from] item: Leftovers
|upkeep
|turn|5
|
|t:|1760332071
|switch|p1a: WALL-Y|Iron Valiant|100/100
|-enditem|p1a: WALL-Y|Booster Energy
|-activate|p1a: WALL-Y|ability: Quark Drive|[fromitem]
|-start|p1a: WALL-Y|quarkdrivespe
|move|p2a: Conkeldurr|Knock Off|p1a: WALL-Y
|-resisted|p1a: WALL-Y
|-damage|p1a: WALL-Y|92/100
|
|upkeep
|turn|6
|
|t:|1760332084
|switch|p2a: Gliscor|Gliscor, F|100/100 tox
|move|p1a: WALL-Y|Calm Mind|p1a: WALL-Y
|-boost|p1a: WALL-Y|spa|1
|-boost|p1a: WALL-Y|spd|1
|
|upkeep
|turn|7
|inactive|Battle timer is ON: inactive players will automatically lose when time's up. (requested by the macho bro)
|c|☆the macho bro|kinggambit switch
|c|☆the macho bro|Prediction
|
|t:|1760332134
|-terastallize|p1a: WALL-Y|Ghost
|move|p1a: WALL-Y|Moonblast|p2a: Gliscor
|-damage|p2a: Gliscor|3/100 tox
|move|p2a: Gliscor|Toxic|p1a: WALL-Y
|-status|p1a: WALL-Y|tox
|
|-damage|p1a: WALL-Y|86/100 tox|[from] psn
|-heal|p2a: Gliscor|16/100 tox|[from] ability: Poison Heal
|upkeep
|turn|8
|
|t:|1760332143
|move|p2a: Gliscor|Protect|p2a: Gliscor
|-singleturn|p2a: Gliscor|Protect
|move|p1a: WALL-Y|Calm Mind|p1a: WALL-Y
|-boost|p1a: WALL-Y|spa|1
|-boost|p1a: WALL-Y|spd|1
|
|-damage|p1a: WALL-Y|74/100 tox|[from] psn
|-heal|p2a: Gliscor|28/100 tox|[from] ability: Poison Heal
|upkeep
|turn|9
|c|☆the macho bro|My bad...
|
|t:|1760332152
|move|p2a: Gliscor|Protect||[still]
|-fail|p2a: Gliscor
|move|p1a: WALL-Y|Moonblast|p2a: Gliscor
|-damage|p2a: Gliscor|0 fnt
|faint|p2a: Gliscor
|
|-damage|p1a: WALL-Y|55/100 tox|[from] psn
|upkeep
|
|t:|1760332168
|switch|p2a: Conkeldurr|Conkeldurr, M|74/100
|turn|10
|c|☆the macho bro|why terra ghost
|
|t:|1760332192
|move|p1a: WALL-Y|Moonblast|p2a: Conkeldurr
|-supereffective|p2a: Conkeldurr
|-damage|p2a: Conkeldurr|0 fnt
|faint|p2a: Conkeldurr
|
|-damage|p1a: WALL-Y|30/100 tox|[from] psn
|upkeep
|
|t:|1760332199
|switch|p2a: Zapdos|Zapdos-Galar|100/100
|turn|11
|
|t:|1760332206
|move|p1a: WALL-Y|Moonblast|p2a: Zapdos
|-supereffective|p2a: Zapdos
|-damage|p2a: Zapdos|0 fnt
|faint|p2a: Zapdos
|
|-damage|p1a: WALL-Y|0 fnt|[from] psn
|faint|p1a: WALL-Y
|-end|p1a: WALL-Y|Quark Drive|[silent]
|upkeep
|
|t:|1760332224
|switch|p1a: Mr. Freeze|Kyurem, shiny|11/100
|switch|p2a: Okidogi|Okidogi, M|38/100
|-ability|p1a: Mr. Freeze|Pressure
|turn|12
|
|t:|1760332231
|move|p1a: Mr. Freeze|Freeze-Dry|p2a: Okidogi
|-damage|p2a: Okidogi|1/100
|move|p2a: Okidogi|Body Press|p1a: Mr. Freeze
|-supereffective|p1a: Mr. Freeze
|-damage|p1a: Mr. Freeze|0 fnt
|faint|p1a: Mr. Freeze
|
|upkeep
|
|t:|1760332238
|switch|p1a: Kristine|Cinderace, F, shiny|100/100
|turn|13
|
|t:|1760332251
|move|p1a: Kristine|U-turn|p2a: Okidogi
|-resisted|p2a: Okidogi
|-damage|p2a: Okidogi|0 fnt
|-damage|p1a: Kristine|84/100|[from] item: Rocky Helmet|[of] p2a: Okidogi
|faint|p2a: Okidogi
|
|t:|1760332256
|switch|p1a: Chillionaire|Slowking-Galar, M, shiny|100/100|[from] U-turn
|
|upkeep
|
|t:|1760332284
|switch|p2a: Landorus|Landorus-Therian, M|100/100
|-ability|p2a: Landorus|Intimidate|boost
|-unboost|p1a: Chillionaire|atk|1
|turn|14
|
|t:|1760332304
|move|p2a: Landorus|Stone Edge|p1a: Chillionaire|[miss]
|-miss|p2a: Landorus|p1a: Chillionaire
|-prepare|p1a: Chillionaire|Chilly Reception|[premajor]
|move|p1a: Chillionaire|Chilly Reception|p1a: Chillionaire
|-weather|Snowscape
|
|t:|1760332311
|switch|p1a: Daenerys|Kingambit, F|100/100|[from] Chilly Reception
|-activate|p1a: Daenerys|ability: Supreme Overlord
|-start|p1a: Daenerys|fallen2|[silent]
|
|-weather|Snowscape|[upkeep]
|upkeep
|turn|15
|-message|the macho bro forfeited.
|
|win|BuiThanhThien
|raw|BuiThanhThien's rating: 1093 &rarr; <strong>1125</strong><br />(+32 for winning)
|raw|the macho bro's rating: 1178 &rarr; <strong>1147</strong><br />(-31 for losing)
|l|☆the macho bro
|player|p2|
|l|☆BuiThanhThien
|player|p1|
