|j|‽YungWiiconnect24
|j|☆TryinSome
|t:|1760452444
|gametype|singles
|player|p1|YungWiiconnect24|lusamine-nihilego|1149
|player|p2|TryinSome|nate|1160
|gen|9
|tier|[Gen 9] OU
|rated|
|rule|HP Percentage Mod: HP is shown in percentages
|rule|Endless Battle Clause: Forcing endless battles is banned
|rule|Species Clause: Limit one of each Pokémon
|rule|OHKO Clause: OHKO moves are banned
|rule|Evasion Items Clause: Evasion items are banned
|rule|Evasion Moves Clause: Evasion moves are banned
|rule|Evasion Abilities Clause: Evasion abilities are banned
|rule|Sleep Moves Clause: Sleep-inducing moves are banned
|clearpoke
|poke|p1|Deoxys-Defense|
|poke|p1|Riolu, M|
|poke|p1|Forretress, M|
|poke|p1|Galvantula, F|
|poke|p1|Ditto|
|poke|p1|Revavroom, F|
|poke|p2|Lycanroc-Dusk, M|
|poke|p2|Araquanid, M|
|poke|p2|Salamence, M|
|poke|p2|Toxtricity-Low-Key, M|
|poke|p2|Grimmsnarl, M|
|poke|p2|Magmortar, M|
|teampreview
|
|t:|1760452464
|teamsize|p1|6
|teamsize|p2|6
|start
|switch|p1a: Revavroom|Revavroom, F, shiny|100/100
|switch|p2a: Magmortar|Magmortar, M|100/100
|turn|1
|
|t:|1760452473
|move|p1a: Revavroom|Shift Gear|p1a: Revavroom
|-boost|p1a: Revavroom|spe|2
|-boost|p1a: Revavroom|atk|1
|move|p2a: Magmortar|Flamethrower|p1a: Revavroom
|-supereffective|p1a: Revavroom
|-enditem|p1a: Revavroom|Focus Sash
|-damage|p1a: Revavroom|1/100
|
|upkeep
|turn|2
|
|t:|1760452482
|-terastallize|p2a: Magmortar|Ice
|move|p1a: Revavroom|High Horsepower|p2a: Magmortar
|-damage|p2a: Magmortar|28/100
|move|p2a: Magmortar|Flamethrower|p1a: Revavroom
|-supereffective|p1a: Revavroom
|-damage|p1a: Revavroom|0 fnt
|faint|p1a: Revavroom
|
|upkeep
|
|t:|1760452487
|switch|p1a: Forretress|Forretress, M, shiny|100/100
|-item|p1a: Forretress|Air Balloon
|turn|3
|
|t:|1760452495
|switch|p1a: Ditto|Ditto|100/100
|-transform|p1a: Ditto|p2a: Magmortar|[from] ability: Imposter
|move|p2a: Magmortar|Flamethrower|p1a: Ditto
|-resisted|p1a: Ditto
|-damage|p1a: Ditto|61/100
|
|upkeep
|-start|p1a: Ditto|typechange|Fire|[silent]
|turn|4
|
|t:|1760452501
|switch|p2a: Araquanid|Araquanid, M, shiny|100/100
|move|p1a: Ditto|Thunderbolt|p2a: Araquanid
|-supereffective|p2a: Araquanid
|-damage|p2a: Araquanid|62/100
|
|-heal|p2a: Araquanid|68/100|[from] item: Leftovers
|upkeep
|turn|5
|
|t:|1760452505
|move|p1a: Ditto|Thunderbolt|p2a: Araquanid
|-supereffective|p2a: Araquanid
|-damage|p2a: Araquanid|26/100
|move|p2a: Araquanid|Sticky Web|p1a: Ditto
|-sidestart|p1: YungWiiconnect24|move: Sticky Web
|
|-heal|p2a: Araquanid|32/100|[from] item: Leftovers
|upkeep
|turn|6
|
|t:|1760452508
|move|p1a: Ditto|Thunderbolt|p2a: Araquanid
|-supereffective|p2a: Araquanid
|-damage|p2a: Araquanid|0 fnt
|faint|p2a: Araquanid
|
|upkeep
|
|t:|1760452511
|switch|p2a: Salamence|Salamence, M|100/100
|turn|7
|
|t:|1760452515
|switch|p1a: Forretress|Forretress, M, shiny|100/100
|-item|p1a: Forretress|Air Balloon
|move|p2a: Salamence|Dragon Dance|p2a: Salamence
|-boost|p2a: Salamence|atk|1
|-boost|p2a: Salamence|spe|1
|
|upkeep
|turn|8
|
|t:|1760452519
|move|p2a: Salamence|Dual Wingbeat|p1a: Forretress
|-damage|p1a: Forretress|80/100
|-enditem|p1a: Forretress|Air Balloon
|-damage|p1a: Forretress|61/100
|-hitcount|p1a: Forretress|2
|move|p1a: Forretress|Stealth Rock|p2a: Salamence
|-sidestart|p2: TryinSome|move: Stealth Rock
|
|upkeep
|turn|9
|
|t:|1760452527
|move|p2a: Salamence|Dragon Dance|p2a: Salamence
|-boost|p2a: Salamence|atk|1
|-boost|p2a: Salamence|spe|1
|move|p1a: Forretress|Spikes|p2a: Salamence
|-sidestart|p2: TryinSome|Spikes
|
|upkeep
|turn|10
|
|t:|1760452529
|move|p2a: Salamence|Earthquake|p1a: Forretress
|-damage|p1a: Forretress|19/100
|move|p1a: Forretress|Spikes|p2a: Salamence
|-sidestart|p2: TryinSome|Spikes
|
|upkeep
|turn|11
|
|t:|1760452532
|move|p2a: Salamence|Earthquake|p1a: Forretress
|-crit|p1a: Forretress
|-damage|p1a: Forretress|0 fnt
|faint|p1a: Forretress
|-ability|p2a: Salamence|Moxie|boost
|-boost|p2a: Salamence|atk|1
|
|upkeep
|
|t:|1760452536
|switch|p1a: Ditto|Ditto|61/100
|-activate|p1a: Ditto|move: Sticky Web
|-unboost|p1a: Ditto|spe|1
|-transform|p1a: Ditto|p2a: Salamence|[from] ability: Imposter
|turn|12
|
|t:|1760452543
|move|p1a: Ditto|Dual Wingbeat|p2a: Salamence|[miss]
|-miss|p1a: Ditto|p2a: Salamence
|move|p2a: Salamence|Dragon Claw|p1a: Ditto
|-supereffective|p1a: Ditto
|-damage|p1a: Ditto|0 fnt
|faint|p1a: Ditto
|-ability|p2a: Salamence|Moxie|boost
|-boost|p2a: Salamence|atk|1
|
|upkeep
|
|t:|1760452548
|switch|p1a: Galvantula|Galvantula, F|100/100
|-activate|p1a: Galvantula|move: Sticky Web
|-unboost|p1a: Galvantula|spe|1
|turn|13
|
|t:|1760452550
|move|p2a: Salamence|Earthquake|p1a: Galvantula
|-enditem|p1a: Galvantula|Focus Sash
|-damage|p1a: Galvantula|1/100
|move|p1a: Galvantula|Thunder|p2a: Salamence
|-damage|p2a: Salamence|42/100
|
|-heal|p2a: Salamence|48/100|[from] item: Leftovers
|upkeep
|turn|14
|
|t:|1760452554
|move|p2a: Salamence|Dragon Claw|p1a: Galvantula
|-damage|p1a: Galvantula|0 fnt
|faint|p1a: Galvantula
|-ability|p2a: Salamence|Moxie|boost
|-boost|p2a: Salamence|atk|1
|
|-heal|p2a: Salamence|54/100|[from] item: Leftovers
|upkeep
|
|t:|1760452558
|switch|p1a: Riolu|Riolu, M, shiny|100/100
|-activate|p1a: Riolu|move: Sticky Web
|-unboost|p1a: Riolu|spe|1
|turn|15
|
|t:|1760452565
|switch|p1a: Deoxys|Deoxys-Defense, shiny|100/100
|-activate|p1a: Deoxys|move: Sticky Web
|-unboost|p1a: Deoxys|spe|1
|-ability|p1a: Deoxys|Pressure
|move|p2a: Salamence|Earthquake|p1a: Deoxys
|-damage|p1a: Deoxys|5/100
|
|-heal|p2a: Salamence|60/100|[from] item: Leftovers
|upkeep
|turn|16
|
|t:|1760452569
|move|p2a: Salamence|Dragon Claw|p1a: Deoxys
|-damage|p1a: Deoxys|0 fnt
|faint|p1a: Deoxys
|-ability|p2a: Salamence|Moxie|boost
|-boost|p2a: Salamence|atk|1
|
|-heal|p2a: Salamence|66/100|[from] item: Leftovers
|upkeep
|-message|YungWiiconnect24 forfeited.
|
|win|TryinSome
|raw|YungWiiconnect24's rating: 1149 &rarr; <strong>1125</strong><br />(-24 for losing)
|raw|TryinSome's rating: 1160 &rarr; <strong>1184</strong><br />(+24 for winning)
|l|‽YungWiiconnect24
|player|p1|
