|j|☆ashurabocchi
|j|☆Naturmacht
|t:|1760398086
|gametype|singles
|player|p1|ashurabocchi|102|1260
|player|p2|Naturmacht|drake-gen3|1322
|gen|9
|tier|[Gen 9] OU
|rated|
|rule|HP Percentage Mod: HP is shown in percentages
|rule|Endless Battle Clause: Forcing endless battles is banned
|rule|Species Clause: Limit one of each Pokémon
|rule|OHKO Clause: OHKO moves are banned
|rule|Evasion Items Clause: Evasion items are banned
|rule|Evasion Moves Clause: Evasion moves are banned
|rule|Evasion Abilities Clause: Evasion abilities are banned
|rule|Sleep Moves Clause: Sleep-inducing moves are banned
|clearpoke
|poke|p1|Infernape, F|
|poke|p1|Carkol, F|
|poke|p1|Dragapult, F|
|poke|p1|Gastrodon-East, F|
|poke|p1|Scizor, M|
|poke|p1|Glimmora, F|
|poke|p2|Rillaboom, M|
|poke|p2|Hatterene, F|
|poke|p2|Heatran, M|
|poke|p2|Clodsire, M|
|poke|p2|Great Tusk|
|poke|p2|Ogerpon-Wellspring, F|
|teampreview
|inactive|Battle timer is ON: inactive players will automatically lose when time's up. (requested by Naturmacht)
|
|t:|1760398109
|teamsize|p1|6
|teamsize|p2|6
|start
|switch|p1a: Scizor|Scizor, M, shiny|100/100
|switch|p2a: Clodsire|Clodsire, M|100/100
|turn|1
|
|t:|1760398117
|switch|p2a: Rillaboom|Rillaboom, M|100/100
|-fieldstart|move: Grassy Terrain|[from] ability: Grassy Surge|[of] p2a: Rillaboom
|move|p1a: Scizor|U-turn|p2a: Rillaboom
|-supereffective|p2a: Rillaboom
|-damage|p2a: Rillaboom|11/100
|-damage|p1a: Scizor|91/100|[from] item: Life Orb
|
|t:|1760398126
|switch|p1a: Infernape|Infernape, F, shiny|100/100|[from] U-turn
|
|-heal|p2a: Rillaboom|17/100|[from] Grassy Terrain
|upkeep
|turn|2
|
|t:|1760398133
|switch|p2a: Clodsire|Clodsire, M|100/100
|move|p1a: Infernape|U-turn|p2a: Clodsire
|-resisted|p2a: Clodsire
|-damage|p2a: Clodsire|87/100
|
|t:|1760398138
|switch|p1a: Scizor|Scizor, M, shiny|91/100|[from] U-turn
|
|-heal|p1a: Scizor|97/100|[from] Grassy Terrain
|-heal|p2a: Clodsire|94/100|[from] Grassy Terrain
|-heal|p2a: Clodsire|99/100|[from] item: Leftovers
|upkeep
|turn|3
|
|t:|1760398144
|move|p1a: Scizor|U-turn|p2a: Clodsire
|-resisted|p2a: Clodsire
|-damage|p2a: Clodsire|69/100
|-damage|p1a: Scizor|87/100|[from] item: Life Orb
|
|t:|1760398153
|switch|p1a: Glimmora|Glimmora, F, shiny|100/100|[from] U-turn
|move|p2a: Clodsire|Spikes|p1a: Glimmora
|-sidestart|p1: ashurabocchi|Spikes
|
|-heal|p2a: Clodsire|75/100|[from] Grassy Terrain
|-heal|p2a: Clodsire|82/100|[from] item: Leftovers
|upkeep
|turn|4
|
|t:|1760398161
|move|p1a: Glimmora|Energy Ball|p2a: Clodsire
|-damage|p2a: Clodsire|50/100
|move|p2a: Clodsire|Earthquake|p1a: Glimmora
|-supereffective|p1a: Glimmora
|-damage|p1a: Glimmora|33/100
|-activate|p1a: Glimmora|ability: Toxic Debris
|-sidestart|p2: Naturmacht|move: Toxic Spikes
|
|-heal|p1a: Glimmora|39/100|[from] Grassy Terrain
|-heal|p2a: Clodsire|56/100|[from] Grassy Terrain
|-heal|p2a: Clodsire|62/100|[from] item: Leftovers
|upkeep
|turn|5
|
|t:|1760398172
|switch|p1a: Scizor|Scizor, M, shiny|87/100
|-damage|p1a: Scizor|74/100|[from] Spikes
|move|p2a: Clodsire|Recover|p2a: Clodsire
|-heal|p2a: Clodsire|100/100
|
|-heal|p1a: Scizor|80/100|[from] Grassy Terrain
|upkeep
|turn|6
|
|t:|1760398180
|move|p1a: Scizor|Bug Bite|p2a: Clodsire
|-resisted|p2a: Clodsire
|-damage|p2a: Clodsire|64/100
|-damage|p1a: Scizor|71/100|[from] item: Life Orb
|move|p2a: Clodsire|Spikes|p1a: Scizor
|-sidestart|p1: ashurabocchi|Spikes
|
|-heal|p1a: Scizor|77/100|[from] Grassy Terrain
|-heal|p2a: Clodsire|71/100|[from] Grassy Terrain
|-heal|p2a: Clodsire|77/100|[from] item: Leftovers
|upkeep
|turn|7
|
|t:|1760398189
|move|p1a: Scizor|Dual Wingbeat|p2a: Clodsire
|-damage|p2a: Clodsire|43/100
|-damage|p2a: Clodsire|11/100
|-hitcount|p2a: Clodsire|2
|-damage|p1a: Scizor|67/100|[from] item: Life Orb
|move|p2a: Clodsire|Recover|p2a: Clodsire
|-heal|p2a: Clodsire|61/100
|
|-heal|p1a: Scizor|73/100|[from] Grassy Terrain
|-heal|p2a: Clodsire|67/100|[from] Grassy Terrain
|-heal|p2a: Clodsire|74/100|[from] item: Leftovers
|upkeep
|turn|8
|
|t:|1760398200
|switch|p2a: Heatran|Heatran, M|100/100
|move|p1a: Scizor|Dual Wingbeat|p2a: Heatran
|-resisted|p2a: Heatran
|-damage|p2a: Heatran|88/100
|-resisted|p2a: Heatran
|-damage|p2a: Heatran|75/100
|-hitcount|p2a: Heatran|2
|-damage|p1a: Scizor|63/100|[from] item: Life Orb
|
|-heal|p2a: Heatran|81/100|[from] Grassy Terrain
|-heal|p2a: Heatran|87/100|[from] item: Leftovers
|-heal|p1a: Scizor|69/100|[from] Grassy Terrain
|-fieldend|move: Grassy Terrain
|upkeep
|turn|9
|
|t:|1760398212
|switch|p1a: Gastrodon|Gastrodon-East, F, shiny|100/100
|-damage|p1a: Gastrodon|84/100|[from] Spikes
|move|p2a: Heatran|Magma Storm|p1a: Gastrodon
|-resisted|p1a: Gastrodon
|-damage|p1a: Gastrodon|69/100
|-activate|p1a: Gastrodon|move: Magma Storm|[of] p2a: Heatran
|
|-heal|p2a: Heatran|93/100|[from] item: Leftovers
|-heal|p1a: Gastrodon|75/100|[from] item: Leftovers
|-damage|p1a: Gastrodon|63/100|[from] move: Magma Storm|[partiallytrapped]
|upkeep
|turn|10
|
|t:|1760398223
|move|p2a: Heatran|Protect|p2a: Heatran
|-singleturn|p2a: Heatran|Protect
|move|p1a: Gastrodon|Surf|p2a: Heatran
|-activate|p2a: Heatran|move: Protect
|
|-heal|p2a: Heatran|99/100|[from] item: Leftovers
|-heal|p1a: Gastrodon|69/100|[from] item: Leftovers
|-damage|p1a: Gastrodon|56/100|[from] move: Magma Storm|[partiallytrapped]
|upkeep
|turn|11
|
|t:|1760398231
|move|p2a: Heatran|Stealth Rock|p1a: Gastrodon
|-sidestart|p1: ashurabocchi|move: Stealth Rock
|move|p1a: Gastrodon|Recover|p1a: Gastrodon
|-heal|p1a: Gastrodon|100/100
|
|-heal|p2a: Heatran|100/100|[from] item: Leftovers
|-damage|p1a: Gastrodon|88/100|[from] move: Magma Storm|[partiallytrapped]
|upkeep
|turn|12
|
|t:|1760398242
|switch|p2a: Clodsire|Clodsire, M|74/100
|-sideend|p2: Naturmacht|move: Toxic Spikes|[of] p2a: Clodsire
|move|p1a: Gastrodon|Stealth Rock|p2a: Clodsire
|-sidestart|p2: Naturmacht|move: Stealth Rock
|
|-heal|p1a: Gastrodon|94/100|[from] item: Leftovers
|-heal|p2a: Clodsire|80/100|[from] item: Leftovers
|-end|p1a: Gastrodon|Magma Storm|[partiallytrapped]|[silent]
|upkeep
|turn|13
|-message|ashurabocchi forfeited.
|
|win|Naturmacht
|raw|ashurabocchi's rating: 1260 &rarr; <strong>1239</strong><br />(-21 for losing)
|raw|Naturmacht's rating: 1322 &rarr; <strong>1338</strong><br />(+16 for winning)
|l|☆ashurabocchi
|player|p1|
