|j|☆Newstratt
|j|☆Djoksnow
|t:|1760366788
|gametype|singles
|player|p1|Newstratt|colress|1164
|player|p2|Djoksnow|170|1143
|gen|9
|tier|[Gen 9] OU
|rated|
|rule|HP Percentage Mod: HP is shown in percentages
|rule|Endless Battle Clause: Forcing endless battles is banned
|rule|Species Clause: Limit one of each Pokémon
|rule|OHKO Clause: OHKO moves are banned
|rule|Evasion Items Clause: Evasion items are banned
|rule|Evasion Moves Clause: Evasion moves are banned
|rule|Evasion Abilities Clause: Evasion abilities are banned
|rule|Sleep Moves Clause: Sleep-inducing moves are banned
|clearpoke
|poke|p1|Glimmora, M|
|poke|p1|Zapdos|
|poke|p1|Iron Valiant|
|poke|p1|Alomomola, F|
|poke|p1|Moltres|
|poke|p1|Dragapult, M|
|poke|p2|Gliscor, M|
|poke|p2|Corviknight, F|
|poke|p2|Enamorus, F|
|poke|p2|Moltres-Galar|
|poke|p2|Dragonite, F|
|poke|p2|Articuno|
|teampreview
|
|t:|1760366801
|teamsize|p1|6
|teamsize|p2|6
|start
|switch|p1a: Glimmora|Glimmora, M|100/100
|switch|p2a: Dragonite|Dragonite, F|100/100
|turn|1
|
|t:|1760366810
|move|p1a: Glimmora|Stealth Rock|p2a: Dragonite
|-sidestart|p2: Djoksnow|move: Stealth Rock
|move|p2a: Dragonite|Dragon Dance|p2a: Dragonite
|-boost|p2a: Dragonite|atk|1
|-boost|p2a: Dragonite|spe|1
|
|upkeep
|turn|2
|
|t:|1760366838
|move|p2a: Dragonite|Earthquake|p1a: Glimmora
|-supereffective|p1a: Glimmora
|-enditem|p1a: Glimmora|Focus Sash
|-damage|p1a: Glimmora|1/100
|-activate|p1a: Glimmora|ability: Toxic Debris
|-sidestart|p2: Djoksnow|move: Toxic Spikes
|move|p1a: Glimmora|Power Gem|p2a: Dragonite
|-supereffective|p2a: Dragonite
|-damage|p2a: Dragonite|58/100
|-enditem|p2a: Dragonite|Weakness Policy
|-boost|p2a: Dragonite|atk|2|[from] item: Weakness Policy
|-boost|p2a: Dragonite|spa|2|[from] item: Weakness Policy
|
|upkeep
|turn|3
|
|t:|1760366879
|move|p2a: Dragonite|Extreme Speed|p1a: Glimmora
|-resisted|p1a: Glimmora
|-damage|p1a: Glimmora|0 fnt
|-activate|p1a: Glimmora|ability: Toxic Debris
|-sidestart|p2: Djoksnow|move: Toxic Spikes
|faint|p1a: Glimmora
|
|upkeep
|
|t:|1760366884
|switch|p1a: Moltres|Moltres|100/100
|turn|4
|
|t:|1760366894
|move|p2a: Dragonite|Thunder Punch|p1a: Moltres
|-supereffective|p1a: Moltres
|-damage|p1a: Moltres|0 fnt
|faint|p1a: Moltres
|
|upkeep
|
|t:|1760366902
|switch|p1a: Zapdos|Zapdos|100/100
|turn|5
|
|t:|1760366921
|-terastallize|p2a: Dragonite|Dragon
|move|p2a: Dragonite|Dragon Dance|p2a: Dragonite
|-boost|p2a: Dragonite|atk|1
|-boost|p2a: Dragonite|spe|1
|move|p1a: Zapdos|Thunder Wave|p2a: Dragonite
|-status|p2a: Dragonite|par
|
|upkeep
|turn|6
|
|t:|1760366940
|cant|p2a: Dragonite|par
|move|p1a: Zapdos|Hurricane|p2a: Dragonite|[miss]
|-miss|p1a: Zapdos|p2a: Dragonite
|
|upkeep
|turn|7
|
|t:|1760366946
|move|p2a: Dragonite|Thunder Punch|p1a: Zapdos
|-damage|p1a: Zapdos|39/100
|move|p1a: Zapdos|Hurricane|p2a: Dragonite|[miss]
|-miss|p1a: Zapdos|p2a: Dragonite
|
|upkeep
|turn|8
|
|t:|1760366954
|cant|p2a: Dragonite|par
|move|p1a: Zapdos|Hurricane|p2a: Dragonite
|-damage|p2a: Dragonite|8/100 par
|
|upkeep
|turn|9
|
|t:|1760366960
|move|p2a: Dragonite|Thunder Punch|p1a: Zapdos
|-damage|p1a: Zapdos|0 fnt
|faint|p1a: Zapdos
|
|upkeep
|
|t:|1760366973
|switch|p1a: Alomomola|Alomomola, F|100/100
|turn|10
|
|t:|1760366977
|cant|p2a: Dragonite|par
|move|p1a: Alomomola|Scald|p2a: Dragonite
|-resisted|p2a: Dragonite
|-damage|p2a: Dragonite|0 fnt
|faint|p2a: Dragonite
|
|upkeep
|
|t:|1760366994
|switch|p2a: Articuno|Articuno|100/100
|-ability|p2a: Articuno|Pressure
|turn|11
|
|t:|1760367037
|move|p2a: Articuno|Substitute|p2a: Articuno
|-start|p2a: Articuno|Substitute
|-damage|p2a: Articuno|76/100
|move|p1a: Alomomola|Scald|p2a: Articuno
|-activate|p2a: Articuno|move: Substitute|[damage]
|
|upkeep
|turn|12
|
|t:|1760367049
|move|p2a: Articuno|Freeze-Dry|p1a: Alomomola
|-supereffective|p1a: Alomomola
|-damage|p1a: Alomomola|44/100
|move|p1a: Alomomola|Scald|p2a: Articuno
|-activate|p2a: Articuno|move: Substitute|[damage]
|
|upkeep
|turn|13
|
|t:|1760367058
|move|p2a: Articuno|Freeze-Dry|p1a: Alomomola
|-supereffective|p1a: Alomomola
|-damage|p1a: Alomomola|0 fnt
|faint|p1a: Alomomola
|
|upkeep
|
|t:|1760367062
|switch|p1a: Iron Valiant|Iron Valiant|100/100
|-enditem|p1a: Iron Valiant|Booster Energy
|-activate|p1a: Iron Valiant|ability: Quark Drive|[fromitem]
|-start|p1a: Iron Valiant|quarkdrivespe
|turn|14
|
|t:|1760367069
|move|p1a: Iron Valiant|Moonblast|p2a: Articuno
|-end|p2a: Articuno|Substitute
|move|p2a: Articuno|Freeze-Dry|p1a: Iron Valiant
|-crit|p1a: Iron Valiant
|-damage|p1a: Iron Valiant|37/100
|
|upkeep
|turn|15
|
|t:|1760367163
|move|p1a: Iron Valiant|Moonblast|p2a: Articuno
|-damage|p2a: Articuno|47/100
|move|p2a: Articuno|Freeze-Dry|p1a: Iron Valiant
|-damage|p1a: Iron Valiant|0 fnt
|faint|p1a: Iron Valiant
|-end|p1a: Iron Valiant|Quark Drive|[silent]
|
|upkeep
|
|t:|1760367165
|switch|p1a: Dragapult|Dragapult, M|100/100
|turn|16
|
|t:|1760367181
|-terastallize|p1a: Dragapult|Ghost
|move|p1a: Dragapult|Shadow Ball|p2a: Articuno
|-damage|p2a: Articuno|10/100
|move|p2a: Articuno|Freeze-Dry|p1a: Dragapult
|-damage|p1a: Dragapult|68/100
|
|upkeep
|turn|17
|
|t:|1760367194
|move|p1a: Dragapult|Shadow Ball|p2a: Articuno
|-damage|p2a: Articuno|0 fnt
|faint|p2a: Articuno
|
|upkeep
|
|t:|1760367203
|switch|p2a: Moltres|Moltres-Galar|100/100
|-damage|p2a: Moltres|76/100|[from] Stealth Rock
|turn|18
|
|t:|1760367216
|move|p1a: Dragapult|Shadow Ball|p2a: Moltres
|-resisted|p2a: Moltres
|-damage|p2a: Moltres|46/100
|-ability|p2a: Moltres|Berserk|boost
|-boost|p2a: Moltres|spa|1
|-enditem|p2a: Moltres|Sitrus Berry|[eat]
|-heal|p2a: Moltres|71/100|[from] item: Sitrus Berry
|move|p2a: Moltres|Air Slash|p1a: Dragapult
|-damage|p1a: Dragapult|2/100
|
|upkeep
|turn|19
|-message|Newstratt forfeited.
|
|win|Djoksnow
|raw|Newstratt's rating: 1164 &rarr; <strong>1137</strong><br />(-27 for losing)
|raw|Djoksnow's rating: 1143 &rarr; <strong>1170</strong><br />(+27 for winning)
|l|☆Newstratt
|player|p1|
|l|☆Djoksnow
|player|p2|
