|j|☆arvends5
|j|☆Riles
|t:|1760336572
|gametype|singles
|player|p1|arvends5|blackbelt|1248
|player|p2|Riles|may-masters3|1303
|gen|9
|tier|[Gen 9] OU
|rated|
|rule|HP Percentage Mod: HP is shown in percentages
|rule|Endless Battle Clause: Forcing endless battles is banned
|rule|Species Clause: Limit one of each Pokémon
|rule|OHKO Clause: OHKO moves are banned
|rule|Evasion Items Clause: Evasion items are banned
|rule|Evasion Moves Clause: Evasion moves are banned
|rule|Evasion Abilities Clause: Evasion abilities are banned
|rule|Sleep Moves Clause: Sleep-inducing moves are banned
|clearpoke
|poke|p1|Tentacruel, M|
|poke|p1|Ditto|
|poke|p1|Haxorus, M|
|poke|p1|Samurott-Hisui, M|
|poke|p1|Bisharp, F|
|poke|p1|Skarmory, M|
|poke|p2|Great Tusk|
|poke|p2|Ceruledge, M|
|poke|p2|Hatterene, F|
|poke|p2|Zapdos|
|poke|p2|Ting-Lu|
|poke|p2|Iron Valiant|
|teampreview
|c|☆Riles|hf
|inactive|Battle timer is ON: inactive players will automatically lose when time's up. (requested by Riles)
|
|t:|1760336585
|teamsize|p1|6
|teamsize|p2|6
|start
|switch|p1a: Bisharp|Bisharp, F|100/100
|switch|p2a: Iron Valiant|Iron Valiant|100/100
|turn|1
|
|t:|1760336598
|-end|p2a: Iron Valiant|Quark Drive|[silent]
|switch|p2a: Zapdos|Zapdos|100/100
|switch|p1a: Tentacruel|Tentacruel, M|100/100
|
|upkeep
|turn|2
|
|t:|1760336602
|move|p2a: Zapdos|Volt Switch|p1a: Tentacruel
|-supereffective|p1a: Tentacruel
|-damage|p1a: Tentacruel|63/100
|
|t:|1760336604
|switch|p2a: Hatterene|Hatterene, F|100/100|[from] Volt Switch
|move|p1a: Tentacruel|Mirror Coat|p2a: Hatterene
|-damage|p2a: Hatterene|14/100
|
|-heal|p1a: Tentacruel|69/100|[from] item: Black Sludge
|upkeep
|turn|3
|
|t:|1760336611
|move|p1a: Tentacruel|Surf|p2a: Hatterene
|-damage|p2a: Hatterene|0 fnt
|faint|p2a: Hatterene
|
|-heal|p1a: Tentacruel|75/100|[from] item: Black Sludge
|upkeep
|
|t:|1760336613
|switch|p2a: Ting-Lu|Ting-Lu|100/100
|-ability|p2a: Ting-Lu|Vessel of Ruin
|turn|4
|
|t:|1760336621
|switch|p1a: Samurott|Samurott-Hisui, M|100/100
|move|p2a: Ting-Lu|Ruination|p1a: Samurott
|-damage|p1a: Samurott|50/100
|
|upkeep
|turn|5
|
|t:|1760336628
|-terastallize|p2a: Ting-Lu|Dark
|move|p1a: Samurott|Swords Dance|p1a: Samurott
|-boost|p1a: Samurott|atk|2
|move|p2a: Ting-Lu|Earthquake|p1a: Samurott
|-damage|p1a: Samurott|0 fnt
|faint|p1a: Samurott
|
|upkeep
|
|t:|1760336649
|switch|p1a: Haxorus|Haxorus, M|100/100
|-ability|p1a: Haxorus|Mold Breaker
|turn|6
|
|t:|1760336652
|move|p1a: Haxorus|First Impression|p2a: Ting-Lu
|-supereffective|p2a: Ting-Lu
|-damage|p2a: Ting-Lu|39/100
|move|p2a: Ting-Lu|Ruination|p1a: Haxorus
|-damage|p1a: Haxorus|50/100
|
|-heal|p2a: Ting-Lu|46/100|[from] item: Leftovers
|upkeep
|turn|7
|
|t:|1760336659
|switch|p1a: Bisharp|Bisharp, F|100/100
|move|p2a: Ting-Lu|Ruination|p1a: Bisharp
|-damage|p1a: Bisharp|50/100
|
|-heal|p2a: Ting-Lu|52/100|[from] item: Leftovers
|upkeep
|turn|8
|
|t:|1760336663
|move|p1a: Bisharp|Brick Break|p2a: Ting-Lu
|-supereffective|p2a: Ting-Lu
|-damage|p2a: Ting-Lu|23/100
|move|p2a: Ting-Lu|Earthquake|p1a: Bisharp
|-supereffective|p1a: Bisharp
|-damage|p1a: Bisharp|0 fnt
|faint|p1a: Bisharp
|
|-heal|p2a: Ting-Lu|30/100|[from] item: Leftovers
|upkeep
|
|t:|1760336666
|switch|p1a: Skarmory|Skarmory, M|100/100
|turn|9
|
|t:|1760336668
|switch|p2a: Zapdos|Zapdos|100/100
|move|p1a: Skarmory|Body Press|p2a: Zapdos
|-resisted|p2a: Zapdos
|-damage|p2a: Zapdos|84/100
|
|upkeep
|turn|10
|
|t:|1760336671
|switch|p1a: Ditto|Ditto|100/100
|-transform|p1a: Ditto|p2a: Zapdos|[from] ability: Imposter
|move|p2a: Zapdos|Volt Switch|p1a: Ditto
|-damage|p1a: Ditto|63/100
|
|t:|1760336672
|switch|p2a: Ting-Lu|Ting-Lu, tera:Dark|30/100|[from] Volt Switch
|-ability|p2a: Ting-Lu|Vessel of Ruin
|
|-heal|p2a: Ting-Lu|36/100|[from] item: Leftovers
|upkeep
|turn|11
|
|t:|1760336677
|move|p1a: Ditto|Hurricane|p2a: Ting-Lu|[miss]
|-miss|p1a: Ditto|p2a: Ting-Lu
|move|p2a: Ting-Lu|Ruination|p1a: Ditto
|-damage|p1a: Ditto|32/100
|
|-heal|p2a: Ting-Lu|42/100|[from] item: Leftovers
|upkeep
|turn|12
|
|t:|1760336679
|move|p1a: Ditto|Hurricane|p2a: Ting-Lu|[miss]
|-miss|p1a: Ditto|p2a: Ting-Lu
|move|p2a: Ting-Lu|Ruination|p1a: Ditto
|-damage|p1a: Ditto|16/100
|
|-heal|p2a: Ting-Lu|48/100|[from] item: Leftovers
|upkeep
|turn|13
|
|t:|1760336680
|move|p1a: Ditto|Hurricane|p2a: Ting-Lu|[miss]
|-miss|p1a: Ditto|p2a: Ting-Lu
|move|p2a: Ting-Lu|Ruination|p1a: Ditto
|-damage|p1a: Ditto|8/100
|
|-heal|p2a: Ting-Lu|55/100|[from] item: Leftovers
|upkeep
|turn|14
|c|☆arvends5|WTF
|c|☆arvends5|Bruh
|inactive|arvends5 has 120 seconds left.
|inactive|arvends5 has 90 seconds left.
|inactive|arvends5 has 60 seconds left.
|c|☆Riles|sry
|inactive|arvends5 has 30 seconds left.
|inactive|arvends5 has 20 seconds left.
|inactive|arvends5 has 15 seconds left.
|inactive|arvends5 has 10 seconds left.
|inactive|arvends5 has 5 seconds left.
|-message|arvends5 lost due to inactivity.
|
|win|Riles
|raw|arvends5's rating: 1248 &rarr; <strong>1227</strong><br />(-21 for losing)
|raw|Riles's rating: 1303 &rarr; <strong>1320</strong><br />(+17 for winning)
|c|☆Riles|gg
|l|☆arvends5
|player|p1|
