|j|☆cr aries
|j|☆LunatoneSandd
|t:|1760434657
|gametype|singles
|player|p1|cr aries|169|1499
|player|p2|LunatoneSandd|veteran-gen4|1519
|gen|9
|tier|[Gen 9] OU
|rated|
|rule|HP Percentage Mod: HP is shown in percentages
|rule|Endless Battle Clause: Forcing endless battles is banned
|rule|Species Clause: Limit one of each Pokémon
|rule|OHKO Clause: OHKO moves are banned
|rule|Evasion Items Clause: Evasion items are banned
|rule|Evasion Moves Clause: Evasion moves are banned
|rule|Evasion Abilities Clause: Evasion abilities are banned
|rule|Sleep Moves Clause: Sleep-inducing moves are banned
|clearpoke
|poke|p1|Weavile, M|
|poke|p1|Gholdengo|
|poke|p1|Slowking-Galar, F|
|poke|p1|Corviknight, M|
|poke|p1|Sandy Shocks|
|poke|p1|Heatran, M|
|poke|p2|Glimmora, M|
|poke|p2|Great Tusk|
|poke|p2|Raging Bolt|
|poke|p2|Rillaboom, M|
|poke|p2|Araquanid, M|
|poke|p2|Alomomola, M|
|teampreview
|
|t:|1760434669
|teamsize|p1|6
|teamsize|p2|6
|start
|switch|p1a: Corviknight|Corviknight, M|100/100
|switch|p2a: Araquanid|Araquanid, M|100/100
|-ability|p1a: Corviknight|Pressure
|turn|1
|inactive|Battle timer is ON: inactive players will automatically lose when time's up. (requested by cr aries)
|
|t:|1760434677
|switch|p2a: Alomomola|Alomomola, M|100/100
|move|p1a: Corviknight|Brave Bird|p2a: Alomomola
|-damage|p2a: Alomomola|79/100
|-damage|p1a: Corviknight|84/100|[from] item: Rocky Helmet|[of] p2a: Alomomola
|-damage|p1a: Corviknight|74/100|[from] Recoil
|
|upkeep
|turn|2
|
|t:|1760434688
|move|p1a: Corviknight|Roost|p1a: Corviknight
|-heal|p1a: Corviknight|100/100
|-singleturn|p1a: Corviknight|move: Roost
|move|p2a: Alomomola|Flip Turn|p1a: Corviknight
|-damage|p1a: Corviknight|90/100
|-damage|p2a: Alomomola|62/100|[from] item: Rocky Helmet|[of] p1a: Corviknight
|
|t:|1760434696
|switch|p2a: Raging Bolt|Raging Bolt|100/100|[from] Flip Turn
|-enditem|p2a: Raging Bolt|Booster Energy
|-activate|p2a: Raging Bolt|ability: Protosynthesis|[fromitem]
|-start|p2a: Raging Bolt|protosynthesisspa
|
|upkeep
|turn|3
|
|t:|1760434705
|switch|p1a: Slowking|Slowking-Galar, F|100/100
|move|p2a: Raging Bolt|Thunderbolt|p1a: Slowking
|-damage|p1a: Slowking|60/100
|
|upkeep
|turn|4
|
|t:|1760434711
|move|p2a: Raging Bolt|Thunderbolt|p1a: Slowking
|-damage|p1a: Slowking|22/100
|move|p1a: Slowking|Sludge Bomb|p2a: Raging Bolt
|-damage|p2a: Raging Bolt|74/100
|-status|p2a: Raging Bolt|psn
|
|-damage|p2a: Raging Bolt|62/100 psn|[from] psn
|upkeep
|turn|5
|
|t:|1760434734
|switch|p1a: Heatran|Heatran, M|100/100
|move|p2a: Raging Bolt|Draco Meteor|p1a: Heatran
|-resisted|p1a: Heatran
|-damage|p1a: Heatran|60/100
|-unboost|p2a: Raging Bolt|spa|2
|
|-heal|p1a: Heatran|66/100|[from] item: Leftovers
|-damage|p2a: Raging Bolt|49/100 psn|[from] psn
|upkeep
|turn|6
|
|t:|1760434749
|-end|p2a: Raging Bolt|Protosynthesis|[silent]
|switch|p2a: Rillaboom|Rillaboom, M|100/100
|-fieldstart|move: Grassy Terrain|[from] ability: Grassy Surge|[of] p2a: Rillaboom
|move|p1a: Heatran|Stealth Rock|p2a: Rillaboom
|-sidestart|p2: LunatoneSandd|move: Stealth Rock
|
|-heal|p1a: Heatran|72/100|[from] Grassy Terrain
|-heal|p1a: Heatran|78/100|[from] item: Leftovers
|upkeep
|turn|7
|
|t:|1760434760
|move|p1a: Heatran|Protect|p1a: Heatran
|-singleturn|p1a: Heatran|Protect
|move|p2a: Rillaboom|Drain Punch|p1a: Heatran
|-activate|p1a: Heatran|move: Protect
|
|-heal|p1a: Heatran|85/100|[from] Grassy Terrain
|-heal|p1a: Heatran|91/100|[from] item: Leftovers
|upkeep
|turn|8
|
|t:|1760434770
|move|p2a: Rillaboom|Drain Punch|p1a: Heatran
|-supereffective|p1a: Heatran
|-damage|p1a: Heatran|46/100
|move|p1a: Heatran|Magma Storm|p2a: Rillaboom
|-supereffective|p2a: Rillaboom
|-damage|p2a: Rillaboom|0 fnt
|faint|p2a: Rillaboom
|
|-heal|p1a: Heatran|53/100|[from] Grassy Terrain
|-heal|p1a: Heatran|59/100|[from] item: Leftovers
|upkeep
|
|t:|1760434783
|switch|p2a: Great Tusk|Great Tusk|100/100
|-damage|p2a: Great Tusk|98/100|[from] Stealth Rock
|-enditem|p2a: Great Tusk|Booster Energy
|-activate|p2a: Great Tusk|ability: Protosynthesis|[fromitem]
|-start|p2a: Great Tusk|protosynthesisatk
|turn|9
|
|t:|1760434791
|move|p1a: Heatran|Protect|p1a: Heatran
|-singleturn|p1a: Heatran|Protect
|move|p2a: Great Tusk|Close Combat|p1a: Heatran
|-activate|p1a: Heatran|move: Protect
|
|-heal|p2a: Great Tusk|100/100|[from] Grassy Terrain
|-heal|p1a: Heatran|65/100|[from] Grassy Terrain
|-heal|p1a: Heatran|71/100|[from] item: Leftovers
|upkeep
|turn|10
|
|t:|1760434804
|switch|p1a: Gholdengo|Gholdengo|100/100
|move|p2a: Great Tusk|Headlong Rush|p1a: Gholdengo
|-supereffective|p1a: Gholdengo
|-damage|p1a: Gholdengo|0 fnt
|-unboost|p2a: Great Tusk|def|1
|-unboost|p2a: Great Tusk|spd|1
|faint|p1a: Gholdengo
|
|-fieldend|move: Grassy Terrain
|upkeep
|
|t:|1760434810
|switch|p1a: Corviknight|Corviknight, M|90/100
|-ability|p1a: Corviknight|Pressure
|turn|11
|
|t:|1760434819
|move|p2a: Great Tusk|Close Combat|p1a: Corviknight
|-damage|p1a: Corviknight|38/100
|-unboost|p2a: Great Tusk|def|1
|-unboost|p2a: Great Tusk|spd|1
|-damage|p2a: Great Tusk|84/100|[from] item: Rocky Helmet|[of] p1a: Corviknight
|move|p1a: Corviknight|Brave Bird|p2a: Great Tusk
|-supereffective|p2a: Great Tusk
|-damage|p2a: Great Tusk|0 fnt
|faint|p2a: Great Tusk
|-end|p2a: Great Tusk|Protosynthesis|[silent]
|-damage|p1a: Corviknight|9/100|[from] Recoil
|
|upkeep
|
|t:|1760434833
|switch|p2a: Glimmora|Glimmora, M, shiny|100/100
|-damage|p2a: Glimmora|88/100|[from] Stealth Rock
|turn|12
|
|t:|1760434839
|move|p2a: Glimmora|Power Gem|p1a: Corviknight
|-damage|p1a: Corviknight|0 fnt
|faint|p1a: Corviknight
|
|upkeep
|
|t:|1760434842
|switch|p1a: Sandy Shocks|Sandy Shocks|100/100
|-enditem|p1a: Sandy Shocks|Booster Energy
|-activate|p1a: Sandy Shocks|ability: Protosynthesis|[fromitem]
|-start|p1a: Sandy Shocks|protosynthesisspe
|turn|13
|
|t:|1760434849
|move|p1a: Sandy Shocks|Earth Power|p2a: Glimmora
|-supereffective|p2a: Glimmora
|-damage|p2a: Glimmora|0 fnt
|faint|p2a: Glimmora
|
|upkeep
|
|t:|1760434856
|switch|p2a: Araquanid|Araquanid, M|100/100
|turn|14
|
|t:|1760434861
|move|p1a: Sandy Shocks|Volt Switch|p2a: Araquanid
|-supereffective|p2a: Araquanid
|-damage|p2a: Araquanid|51/100
|
|t:|1760434865
|-end|p1a: Sandy Shocks|Protosynthesis|[silent]
|switch|p1a: Heatran|Heatran, M|71/100|[from] Volt Switch
|move|p2a: Araquanid|Liquidation|p1a: Heatran
|-supereffective|p1a: Heatran
|-damage|p1a: Heatran|0 fnt
|faint|p1a: Heatran
|
|upkeep
|
|t:|1760434875
|switch|p1a: Sandy Shocks|Sandy Shocks|100/100
|turn|15
|
|t:|1760434883
|move|p1a: Sandy Shocks|Thunderbolt|p2a: Araquanid
|-supereffective|p2a: Araquanid
|-damage|p2a: Araquanid|0 fnt
|faint|p2a: Araquanid
|
|upkeep
|
|t:|1760434888
|switch|p2a: Raging Bolt|Raging Bolt|49/100 psn
|-damage|p2a: Raging Bolt|37/100 psn|[from] Stealth Rock
|turn|16
|
|t:|1760434901
|-terastallize|p2a: Raging Bolt|Fairy
|move|p1a: Sandy Shocks|Volt Switch|p2a: Raging Bolt
|-damage|p2a: Raging Bolt|7/100 psn
|
|t:|1760434905
|-end|p1a: Sandy Shocks|Protosynthesis|[silent]
|switch|p1a: Slowking|Slowking-Galar, F|55/100|[from] Volt Switch
|move|p2a: Raging Bolt|Draco Meteor|p1a: Slowking
|-damage|p1a: Slowking|10/100
|-unboost|p2a: Raging Bolt|spa|2
|
|-damage|p2a: Raging Bolt|0 fnt|[from] psn
|faint|p2a: Raging Bolt
|-end|p2a: Raging Bolt|Protosynthesis|[silent]
|upkeep
|
|t:|1760434916
|switch|p2a: Alomomola|Alomomola, M|96/100
|-damage|p2a: Alomomola|83/100|[from] Stealth Rock
|turn|17
|
|t:|1760434921
|switch|p1a: Weavile|Weavile, M|100/100
|move|p2a: Alomomola|Flip Turn|p1a: Weavile
|-damage|p1a: Weavile|71/100
|
|upkeep
|turn|18
|
|t:|1760434928
|move|p1a: Weavile|Knock Off|p2a: Alomomola
|-damage|p2a: Alomomola|56/100
|-damage|p1a: Weavile|54/100|[from] item: Rocky Helmet|[of] p2a: Alomomola
|-enditem|p2a: Alomomola|Rocky Helmet|[from] move: Knock Off|[of] p1a: Weavile
|move|p2a: Alomomola|Wish|p2a: Alomomola
|
|upkeep
|turn|19
|
|t:|1760434935
|move|p1a: Weavile|Triple Axel|p2a: Alomomola
|-resisted|p2a: Alomomola
|-damage|p2a: Alomomola|53/100
|-resisted|p2a: Alomomola
|-damage|p2a: Alomomola|48/100
|-resisted|p2a: Alomomola
|-damage|p2a: Alomomola|39/100
|-hitcount|p2a: Alomomola|3
|move|p2a: Alomomola|Flip Turn|p1a: Weavile
|-damage|p1a: Weavile|27/100
|
|-heal|p2a: Alomomola|89/100|[from] move: Wish|[wisher] Alomomola
|upkeep
|turn|20
|
|t:|1760434949
|move|p1a: Weavile|Knock Off|p2a: Alomomola
|-damage|p2a: Alomomola|72/100
|move|p2a: Alomomola|Scald|p1a: Weavile
|-damage|p1a: Weavile|10/100
|
|upkeep
|turn|21
|
|t:|1760434959
|move|p1a: Weavile|Knock Off|p2a: Alomomola
|-crit|p2a: Alomomola
|-damage|p2a: Alomomola|48/100
|move|p2a: Alomomola|Wish|p2a: Alomomola
|
|upkeep
|turn|22
|
|t:|1760434964
|move|p2a: Alomomola|Protect|p2a: Alomomola
|-singleturn|p2a: Alomomola|Protect
|move|p1a: Weavile|Knock Off|p2a: Alomomola
|-activate|p2a: Alomomola|move: Protect
|
|-heal|p2a: Alomomola|98/100|[from] move: Wish|[wisher] Alomomola
|upkeep
|turn|23
|
|t:|1760434973
|move|p1a: Weavile|Knock Off|p2a: Alomomola
|-damage|p2a: Alomomola|81/100
|move|p2a: Alomomola|Scald|p1a: Weavile
|-damage|p1a: Weavile|0 fnt
|faint|p1a: Weavile
|
|upkeep
|
|t:|1760434975
|switch|p1a: Slowking|Slowking-Galar, F|44/100
|turn|24
|
|t:|1760434983
|move|p2a: Alomomola|Flip Turn|p1a: Slowking
|-damage|p1a: Slowking|26/100
|-prepare|p1a: Slowking|Chilly Reception|[premajor]
|move|p1a: Slowking|Chilly Reception|p1a: Slowking
|-weather|Snowscape
|
|t:|1760434986
|switch|p1a: Sandy Shocks|Sandy Shocks|100/100|[from] Chilly Reception
|
|-weather|Snowscape|[upkeep]
|upkeep
|turn|25
|
|t:|1760434994
|move|p1a: Sandy Shocks|Thunderbolt|p2a: Alomomola
|-supereffective|p2a: Alomomola
|-damage|p2a: Alomomola|0 fnt
|faint|p2a: Alomomola
|
|win|cr aries
|raw|cr aries's rating: 1499 &rarr; <strong>1520</strong><br />(+21 for winning)
|raw|LunatoneSandd's rating: 1519 &rarr; <strong>1498</strong><br />(-21 for losing)
|l|☆cr aries
|player|p1|
|l|☆LunatoneSandd
|player|p2|
