|j|☆bestquest
|j|‽Morthill
|t:|1760440820
|gametype|singles
|player|p1|bestquest|preschooler|1361
|player|p2|Morthill|1|1300
|gen|9
|tier|[Gen 9] OU
|rated|
|rule|HP Percentage Mod: HP is shown in percentages
|rule|Endless Battle Clause: Forcing endless battles is banned
|rule|Species Clause: Limit one of each Pokémon
|rule|OHKO Clause: OHKO moves are banned
|rule|Evasion Items Clause: Evasion items are banned
|rule|Evasion Moves Clause: Evasion moves are banned
|rule|Evasion Abilities Clause: Evasion abilities are banned
|rule|Sleep Moves Clause: Sleep-inducing moves are banned
|clearpoke
|poke|p1|Serperior, F|
|poke|p1|Ribombee, F|
|poke|p1|Cinderace, F|
|poke|p1|Hatterene, F|
|poke|p1|Alomomola, M|
|poke|p1|Kingambit, F|
|poke|p2|Slowking-Galar, M|
|poke|p2|Ninetales-Alola, F|
|poke|p2|Cetitan, M|
|poke|p2|Frosmoth, M|
|poke|p2|Avalugg, M|
|poke|p2|Kyurem|
|teampreview
|inactive|Battle timer is ON: inactive players will automatically lose when time's up. (requested by Morthill)
|
|t:|1760440833
|teamsize|p1|6
|teamsize|p2|6
|start
|switch|p1a: Cinderace|Cinderace, F|100/100
|switch|p2a: Slowking|Slowking-Galar, M|100/100
|turn|1
|
|t:|1760440842
|move|p1a: Cinderace|U-turn|p2a: Slowking
|-start|p1a: Cinderace|typechange|Bug|[from] ability: Libero
|-damage|p2a: Slowking|63/100
|
|t:|1760440846
|switch|p1a: Kingambit|Kingambit, F|100/100|[from] U-turn
|move|p2a: Slowking|Sludge Bomb|p1a: Kingambit
|-immune|p1a: Kingambit
|
|upkeep
|turn|2
|
|t:|1760440851
|move|p1a: Kingambit|Iron Head|p2a: Slowking
|-crit|p2a: Slowking
|-damage|p2a: Slowking|0 fnt
|faint|p2a: Slowking
|
|upkeep
|
|t:|1760440856
|switch|p2a: Ninetales|Ninetales-Alola, F|100/100
|-weather|Snowscape|[from] ability: Snow Warning|[of] p2a: Ninetales
|turn|3
|
|t:|1760440860
|switch|p2a: Avalugg|Avalugg, M, shiny|100/100
|move|p1a: Kingambit|Iron Head|p2a: Avalugg
|-supereffective|p2a: Avalugg
|-damage|p2a: Avalugg|76/100
|-damage|p1a: Kingambit|84/100|[from] item: Rocky Helmet|[of] p2a: Avalugg
|
|-weather|Snowscape|[upkeep]
|-heal|p2a: Avalugg|82/100|[from] ability: Ice Body
|upkeep
|turn|4
|
|t:|1760440869
|switch|p1a: Alomomola|Alomomola, M|100/100
|move|p2a: Avalugg|Body Press|p1a: Alomomola
|-damage|p1a: Alomomola|80/100
|-damage|p2a: Avalugg|66/100|[from] item: Rocky Helmet|[of] p1a: Alomomola
|
|-weather|Snowscape|[upkeep]
|-heal|p2a: Avalugg|72/100|[from] ability: Ice Body
|upkeep
|turn|5
|
|t:|1760440877
|move|p1a: Alomomola|Scald|p2a: Avalugg
|-damage|p2a: Avalugg|49/100
|-status|p2a: Avalugg|brn
|move|p2a: Avalugg|Aurora Veil|p2a: Avalugg
|-sidestart|p2: Morthill|move: Aurora Veil
|
|-weather|Snowscape|[upkeep]
|-heal|p2a: Avalugg|55/100 brn|[from] ability: Ice Body
|-damage|p2a: Avalugg|49/100 brn|[from] brn
|upkeep
|turn|6
|
|t:|1760440885
|switch|p2a: Cetitan|Cetitan, M, shiny|100/100
|move|p1a: Alomomola|Wish|p1a: Alomomola
|
|-weather|Snowscape|[upkeep]
|upkeep
|turn|7
|
|t:|1760440894
|move|p2a: Cetitan|Belly Drum|p2a: Cetitan
|-damage|p2a: Cetitan|50/100
|-setboost|p2a: Cetitan|atk|6|[from] move: Belly Drum
|-enditem|p2a: Cetitan|Sitrus Berry|[eat]
|-heal|p2a: Cetitan|75/100|[from] item: Sitrus Berry
|move|p1a: Alomomola|Flip Turn|p2a: Cetitan
|-damage|p2a: Cetitan|71/100
|
|t:|1760440914
|switch|p1a: Ribombee|Ribombee, F|100/100|[from] Flip Turn
|
|-weather|Snowscape|[upkeep]
|upkeep
|turn|8
|
|t:|1760440918
|move|p2a: Cetitan|Ice Shard|p1a: Ribombee
|-enditem|p1a: Ribombee|Focus Sash
|-damage|p1a: Ribombee|1/100
|move|p1a: Ribombee|Moonblast|p2a: Cetitan
|-damage|p2a: Cetitan|44/100
|
|-weather|Snowscape|[upkeep]
|upkeep
|turn|9
|
|t:|1760440930
|switch|p1a: Alomomola|Alomomola, M|100/100
|move|p2a: Cetitan|Ice Shard|p1a: Alomomola
|-resisted|p1a: Alomomola
|-damage|p1a: Alomomola|77/100
|
|-weather|Snowscape|[upkeep]
|-sideend|p2: Morthill|move: Aurora Veil
|upkeep
|turn|10
|
|t:|1760440936
|move|p2a: Cetitan|Superpower|p1a: Alomomola
|-damage|p1a: Alomomola|0 fnt
|-unboost|p2a: Cetitan|atk|1
|-unboost|p2a: Cetitan|def|1
|-damage|p2a: Cetitan|28/100|[from] item: Rocky Helmet|[of] p1a: Alomomola
|faint|p1a: Alomomola
|
|-weather|none
|upkeep
|
|t:|1760440943
|switch|p1a: Kingambit|Kingambit, F|84/100
|turn|11
|
|t:|1760440946
|switch|p2a: Ninetales|Ninetales-Alola, F|100/100
|-weather|Snowscape|[from] ability: Snow Warning|[of] p2a: Ninetales
|move|p1a: Kingambit|Sucker Punch||[still]
|-fail|p1a: Kingambit
|
|-weather|Snowscape|[upkeep]
|upkeep
|turn|12
|
|t:|1760440954
|switch|p2a: Avalugg|Avalugg, M, shiny|49/100 brn
|move|p1a: Kingambit|Iron Head|p2a: Avalugg
|-supereffective|p2a: Avalugg
|-damage|p2a: Avalugg|24/100 brn
|-damage|p1a: Kingambit|67/100|[from] item: Rocky Helmet|[of] p2a: Avalugg
|
|-weather|Snowscape|[upkeep]
|-heal|p2a: Avalugg|30/100 brn|[from] ability: Ice Body
|-damage|p2a: Avalugg|24/100 brn|[from] brn
|upkeep
|turn|13
|
|t:|1760440964
|move|p1a: Kingambit|Iron Head|p2a: Avalugg
|-supereffective|p2a: Avalugg
|-damage|p2a: Avalugg|0 fnt
|-damage|p1a: Kingambit|51/100|[from] item: Rocky Helmet|[of] p2a: Avalugg
|faint|p2a: Avalugg
|
|-weather|Snowscape|[upkeep]
|upkeep
|
|t:|1760440968
|switch|p2a: Kyurem|Kyurem, shiny|100/100
|-ability|p2a: Kyurem|Pressure
|turn|14
|
|t:|1760440973
|move|p2a: Kyurem|Earth Power|p1a: Kingambit
|-supereffective|p1a: Kingambit
|-damage|p1a: Kingambit|9/100
|move|p1a: Kingambit|Iron Head|p2a: Kyurem
|-supereffective|p2a: Kyurem
|-damage|p2a: Kyurem|44/100
|
|-weather|Snowscape|[upkeep]
|upkeep
|turn|15
|
|t:|1760440980
|switch|p1a: Hatterene|Hatterene, F|100/100
|move|p2a: Kyurem|Earth Power|p1a: Hatterene
|-damage|p1a: Hatterene|69/100
|
|-weather|Snowscape|[upkeep]
|-heal|p1a: Hatterene|75/100|[from] item: Leftovers
|upkeep
|turn|16
|
|t:|1760440988
|switch|p2a: Frosmoth|Frosmoth, M, shiny|100/100
|move|p1a: Hatterene|Dazzling Gleam|p2a: Frosmoth
|-damage|p2a: Frosmoth|85/100
|
|-weather|Snowscape|[upkeep]
|-heal|p1a: Hatterene|81/100|[from] item: Leftovers
|upkeep
|turn|17
|
|t:|1760440995
|-terastallize|p2a: Frosmoth|Ground
|move|p2a: Frosmoth|Quiver Dance|p2a: Frosmoth
|-boost|p2a: Frosmoth|spa|1
|-boost|p2a: Frosmoth|spd|1
|-boost|p2a: Frosmoth|spe|1
|move|p1a: Hatterene|Nuzzle|p2a: Frosmoth
|-immune|p2a: Frosmoth
|
|-weather|Snowscape|[upkeep]
|-heal|p1a: Hatterene|87/100|[from] item: Leftovers
|upkeep
|turn|18
|
|t:|1760441004
|move|p2a: Frosmoth|Quiver Dance|p2a: Frosmoth
|-boost|p2a: Frosmoth|spa|1
|-boost|p2a: Frosmoth|spd|1
|-boost|p2a: Frosmoth|spe|1
|move|p1a: Hatterene|Psychic|p2a: Frosmoth
|-damage|p2a: Frosmoth|76/100
|
|-weather|none
|-heal|p1a: Hatterene|93/100|[from] item: Leftovers
|upkeep
|turn|19
|
|t:|1760441012
|move|p2a: Frosmoth|Giga Drain|p1a: Hatterene
|-damage|p1a: Hatterene|50/100
|-heal|p2a: Frosmoth|99/100|[from] drain|[of] p1a: Hatterene
|move|p1a: Hatterene|Psychic|p2a: Frosmoth
|-damage|p2a: Frosmoth|90/100
|
|-heal|p1a: Hatterene|56/100|[from] item: Leftovers
|upkeep
|turn|20
|
|t:|1760441022
|switch|p1a: Ribombee|Ribombee, F|1/100
|move|p2a: Frosmoth|Quiver Dance|p2a: Frosmoth
|-boost|p2a: Frosmoth|spa|1
|-boost|p2a: Frosmoth|spd|1
|-boost|p2a: Frosmoth|spe|1
|
|upkeep
|turn|21
|
|t:|1760441028
|move|p2a: Frosmoth|Ice Beam|p1a: Ribombee
|-damage|p1a: Ribombee|0 fnt
|faint|p1a: Ribombee
|
|upkeep
|
|t:|1760441033
|switch|p1a: Cinderace|Cinderace, F|100/100
|turn|22
|
|t:|1760441036
|move|p2a: Frosmoth|Tera Blast|p1a: Cinderace|[anim] Tera Blast Ground
|-supereffective|p1a: Cinderace
|-damage|p1a: Cinderace|0 fnt
|faint|p1a: Cinderace
|
|upkeep
|
|t:|1760441041
|switch|p1a: Serperior|Serperior, F|100/100
|turn|23
|
|t:|1760441043
|move|p2a: Frosmoth|Ice Beam|p1a: Serperior
|-supereffective|p1a: Serperior
|-damage|p1a: Serperior|0 fnt
|faint|p1a: Serperior
|
|upkeep
|-message|bestquest forfeited.
|
|win|Morthill
|raw|bestquest's rating: 1361 &rarr; <strong>1338</strong><br />(-23 for losing)
|raw|Morthill's rating: 1300 &rarr; <strong>1329</strong><br />(+29 for winning)
|l|☆bestquest
|player|p1|
|l|‽Morthill
|player|p2|
