|j|☆Edras16
|j|☆suarezyoshi
|t:|1760457842
|gametype|singles
|player|p1|Edras16|2|1508
|player|p2|suarezyoshi|ethan|1477
|gen|9
|tier|[Gen 9] OU
|rated|
|rule|HP Percentage Mod: HP is shown in percentages
|rule|Endless Battle Clause: Forcing endless battles is banned
|rule|Species Clause: Limit one of each Pokémon
|rule|OHKO Clause: OHKO moves are banned
|rule|Evasion Items Clause: Evasion items are banned
|rule|Evasion Moves Clause: Evasion moves are banned
|rule|Evasion Abilities Clause: Evasion abilities are banned
|rule|Sleep Moves Clause: Sleep-inducing moves are banned
|clearpoke
|poke|p1|Ogerpon-Wellspring, F|
|poke|p1|Kingambit, M|
|poke|p1|Landorus-Therian, M|
|poke|p1|Glimmora, M|
|poke|p1|Dragapult, M|
|poke|p1|Iron Valiant|
|poke|p2|Pelipper, L99, M|
|poke|p2|Barraskewda, M|
|poke|p2|Iron Treads|
|poke|p2|Hatterene, F|
|poke|p2|Hydrapple, M|
|poke|p2|Salamence, M|
|teampreview
|inactive|Battle timer is ON: inactive players will automatically lose when time's up. (requested by suarezyoshi)
|
|t:|1760457861
|teamsize|p1|6
|teamsize|p2|6
|start
|switch|p1a: Glimmora|Glimmora, M|100/100
|switch|p2a: Hydrapple|Hydrapple, M|100/100
|turn|1
|
|t:|1760457871
|switch|p1a: Kingambit|Kingambit, M|100/100
|move|p2a: Hydrapple|Earth Power|p1a: Kingambit
|-supereffective|p1a: Kingambit
|-damage|p1a: Kingambit|57/100
|
|-heal|p1a: Kingambit|63/100|[from] item: Leftovers
|upkeep
|turn|2
|
|t:|1760457877
|move|p1a: Kingambit|Kowtow Cleave|p2a: Hydrapple
|-damage|p2a: Hydrapple|74/100
|-damage|p1a: Kingambit|46/100|[from] item: Rocky Helmet|[of] p2a: Hydrapple
|move|p2a: Hydrapple|Earth Power|p1a: Kingambit
|-supereffective|p1a: Kingambit
|-damage|p1a: Kingambit|0 fnt
|faint|p1a: Kingambit
|-end|p1a: Kingambit|fallenundefined|[silent]
|
|upkeep
|
|t:|1760457884
|switch|p1a: Dragapult|Dragapult, M|100/100
|turn|3
|
|t:|1760457909
|switch|p2a: Iron Treads|Iron Treads, shiny|100/100
|move|p1a: Dragapult|U-turn|p2a: Iron Treads
|-resisted|p2a: Iron Treads
|-damage|p2a: Iron Treads|94/100
|
|t:|1760457913
|switch|p1a: Ogerpon|Ogerpon-Wellspring, F|100/100|[from] U-turn
|
|-heal|p2a: Iron Treads|99/100|[from] item: Leftovers
|upkeep
|turn|4
|
|t:|1760457918
|-end|p2a: Iron Treads|Quark Drive|[silent]
|switch|p2a: Hydrapple|Hydrapple, M|100/100
|move|p1a: Ogerpon|Play Rough|p2a: Hydrapple
|-supereffective|p2a: Hydrapple
|-damage|p2a: Hydrapple|61/100
|-damage|p1a: Ogerpon|84/100|[from] item: Rocky Helmet|[of] p2a: Hydrapple
|
|upkeep
|turn|5
|
|t:|1760457928
|switch|p2a: Pelipper|Pelipper, L99, M|100/100
|-weather|RainDance|[from] ability: Drizzle|[of] p2a: Pelipper
|move|p1a: Ogerpon|Play Rough|p2a: Pelipper
|-damage|p2a: Pelipper|60/100
|
|-weather|RainDance|[upkeep]
|upkeep
|turn|6
|
|t:|1760457938
|switch|p2a: Hydrapple|Hydrapple, M|94/100
|move|p1a: Ogerpon|Horn Leech|p2a: Hydrapple
|-resisted|p2a: Hydrapple
|-damage|p2a: Hydrapple|88/100
|-heal|p1a: Ogerpon|88/100|[from] drain|[of] p2a: Hydrapple
|-damage|p1a: Ogerpon|71/100|[from] item: Rocky Helmet|[of] p2a: Hydrapple
|
|-weather|RainDance|[upkeep]
|upkeep
|turn|7
|
|t:|1760457948
|move|p1a: Ogerpon|Play Rough|p2a: Hydrapple
|-supereffective|p2a: Hydrapple
|-damage|p2a: Hydrapple|50/100
|-damage|p1a: Ogerpon|55/100|[from] item: Rocky Helmet|[of] p2a: Hydrapple
|move|p2a: Hydrapple|Giga Drain|p1a: Ogerpon
|-damage|p1a: Ogerpon|20/100
|-heal|p2a: Hydrapple|62/100|[from] drain|[of] p1a: Ogerpon
|
|-weather|RainDance|[upkeep]
|upkeep
|turn|8
|
|t:|1760457961
|switch|p1a: Glimmora|Glimmora, M|100/100
|move|p2a: Hydrapple|Giga Drain|p1a: Glimmora
|-damage|p1a: Glimmora|63/100
|-heal|p2a: Hydrapple|76/100|[from] drain|[of] p1a: Glimmora
|
|-weather|RainDance|[upkeep]
|upkeep
|turn|9
|
|t:|1760457970
|switch|p2a: Iron Treads|Iron Treads, shiny|99/100
|move|p1a: Glimmora|Meteor Beam||[still]
|-prepare|p1a: Glimmora|Meteor Beam
|-boost|p1a: Glimmora|spa|1
|-enditem|p1a: Glimmora|Power Herb
|-anim|p1a: Glimmora|Meteor Beam|p2a: Iron Treads|[miss]
|-miss|p1a: Glimmora|p2a: Iron Treads
|
|-weather|RainDance|[upkeep]
|-heal|p2a: Iron Treads|100/100|[from] item: Leftovers
|upkeep
|turn|10
|
|t:|1760457985
|-terastallize|p1a: Glimmora|Ghost
|move|p2a: Iron Treads|Stealth Rock|p1a: Glimmora
|-sidestart|p1: Edras16|move: Stealth Rock
|move|p1a: Glimmora|Earth Power|p2a: Iron Treads
|-supereffective|p2a: Iron Treads
|-damage|p2a: Iron Treads|11/100
|-unboost|p2a: Iron Treads|spd|1
|
|-weather|RainDance|[upkeep]
|-heal|p2a: Iron Treads|17/100|[from] item: Leftovers
|upkeep
|turn|11
|
|t:|1760457996
|move|p2a: Iron Treads|Knock Off|p1a: Glimmora
|-supereffective|p1a: Glimmora
|-damage|p1a: Glimmora|20/100
|-activate|p1a: Glimmora|ability: Toxic Debris
|-sidestart|p2: suarezyoshi|move: Toxic Spikes
|move|p1a: Glimmora|Earth Power|p2a: Iron Treads
|-supereffective|p2a: Iron Treads
|-damage|p2a: Iron Treads|0 fnt
|faint|p2a: Iron Treads
|-end|p2a: Iron Treads|Quark Drive|[silent]
|
|-weather|RainDance|[upkeep]
|upkeep
|
|t:|1760458010
|switch|p2a: Salamence|Salamence, M|100/100
|-ability|p2a: Salamence|Intimidate|boost
|-unboost|p1a: Glimmora|atk|1
|turn|12
|
|t:|1760458016
|move|p2a: Salamence|Hurricane|p1a: Glimmora
|-damage|p1a: Glimmora|0 fnt
|faint|p1a: Glimmora
|
|-weather|none
|upkeep
|
|t:|1760458022
|switch|p1a: Dragapult|Dragapult, M|100/100
|-damage|p1a: Dragapult|88/100|[from] Stealth Rock
|turn|13
|
|t:|1760458040
|switch|p2a: Hatterene|Hatterene, F, shiny|100/100
|-status|p2a: Hatterene|psn
|move|p1a: Dragapult|Draco Meteor|p2a: Hatterene
|-immune|p2a: Hatterene
|
|-damage|p2a: Hatterene|88/100 psn|[from] psn
|upkeep
|turn|14
|
|t:|1760458048
|switch|p1a: Landorus|Landorus-Therian, M|100/100
|-damage|p1a: Landorus|88/100|[from] Stealth Rock
|-ability|p1a: Landorus|Intimidate|boost
|-unboost|p2a: Hatterene|atk|1
|move|p2a: Hatterene|Draining Kiss|p1a: Landorus
|-damage|p1a: Landorus|65/100
|-heal|p2a: Hatterene|100/100 psn|[from] drain|[of] p1a: Landorus
|-damage|p2a: Hatterene|84/100 psn|[from] item: Rocky Helmet|[of] p1a: Landorus
|
|-heal|p2a: Hatterene|90/100 psn|[from] item: Leftovers
|-damage|p2a: Hatterene|78/100 psn|[from] psn
|upkeep
|turn|15
|
|t:|1760458063
|switch|p2a: Salamence|Salamence, M|100/100
|-ability|p2a: Salamence|Intimidate|boost
|-unboost|p1a: Landorus|atk|1
|move|p1a: Landorus|Stealth Rock|p2a: Salamence
|-sidestart|p2: suarezyoshi|move: Stealth Rock
|
|upkeep
|turn|16
|
|t:|1760458074
|move|p1a: Landorus|U-turn|p2a: Salamence
|-resisted|p2a: Salamence
|-damage|p2a: Salamence|91/100
|
|t:|1760458077
|switch|p1a: Ogerpon|Ogerpon-Wellspring, F|20/100|[from] U-turn
|-damage|p1a: Ogerpon|8/100|[from] Stealth Rock
|move|p2a: Salamence|Hurricane|p1a: Ogerpon
|-supereffective|p1a: Ogerpon
|-damage|p1a: Ogerpon|0 fnt
|faint|p1a: Ogerpon
|
|upkeep
|
|t:|1760458082
|switch|p1a: Dragapult|Dragapult, M|88/100
|-damage|p1a: Dragapult|76/100|[from] Stealth Rock
|turn|17
|
|t:|1760458092
|switch|p2a: Pelipper|Pelipper, L99, M|60/100
|-damage|p2a: Pelipper|35/100|[from] Stealth Rock
|-weather|RainDance|[from] ability: Drizzle|[of] p2a: Pelipper
|move|p1a: Dragapult|Shadow Ball|p2a: Pelipper
|-damage|p2a: Pelipper|0 fnt
|faint|p2a: Pelipper
|
|-weather|RainDance|[upkeep]
|upkeep
|
|t:|1760458103
|switch|p2a: Barraskewda|Barraskewda, M, shiny|100/100
|-status|p2a: Barraskewda|psn
|-damage|p2a: Barraskewda|88/100 psn|[from] Stealth Rock
|turn|18
|
|t:|1760458108
|-terastallize|p2a: Barraskewda|Water
|move|p2a: Barraskewda|Liquidation|p1a: Dragapult
|-resisted|p1a: Dragapult
|-damage|p1a: Dragapult|0 fnt
|faint|p1a: Dragapult
|
|-weather|RainDance|[upkeep]
|-damage|p2a: Barraskewda|76/100 psn|[from] psn
|upkeep
|
|t:|1760458111
|switch|p1a: Landorus|Landorus-Therian, M|65/100
|-damage|p1a: Landorus|53/100|[from] Stealth Rock
|-ability|p1a: Landorus|Intimidate|boost
|-unboost|p2a: Barraskewda|atk|1
|turn|19
|
|t:|1760458119
|move|p2a: Barraskewda|Liquidation|p1a: Landorus
|-supereffective|p1a: Landorus
|-damage|p1a: Landorus|0 fnt
|-damage|p2a: Barraskewda|60/100 psn|[from] item: Rocky Helmet|[of] p1a: Landorus
|faint|p1a: Landorus
|
|-weather|RainDance|[upkeep]
|-damage|p2a: Barraskewda|48/100 psn|[from] psn
|upkeep
|
|t:|1760458123
|switch|p1a: Iron Valiant|Iron Valiant|100/100
|-damage|p1a: Iron Valiant|94/100|[from] Stealth Rock
|-enditem|p1a: Iron Valiant|Booster Energy
|-activate|p1a: Iron Valiant|ability: Quark Drive|[fromitem]
|-start|p1a: Iron Valiant|quarkdrivespe
|turn|20
|
|t:|1760458128
|move|p2a: Barraskewda|Liquidation|p1a: Iron Valiant
|-damage|p1a: Iron Valiant|0 fnt
|faint|p1a: Iron Valiant
|-end|p1a: Iron Valiant|Quark Drive|[silent]
|
|win|suarezyoshi
|raw|Edras16's rating: 1508 &rarr; <strong>1486</strong><br />(-22 for losing)
|raw|suarezyoshi's rating: 1477 &rarr; <strong>1499</strong><br />(+22 for winning)
|l|☆Edras16
|player|p1|
|l|☆suarezyoshi
|player|p2|
