|j|☆comboyzzz
|j|☆AC/DC1994
|t:|1760407676
|gametype|singles
|player|p1|comboyzzz|brock|1139
|player|p2|AC/DC1994|fisherman-gen4|1148
|gen|9
|tier|[Gen 9] OU
|rated|
|rule|HP Percentage Mod: HP is shown in percentages
|rule|Endless Battle Clause: Forcing endless battles is banned
|rule|Species Clause: Limit one of each Pokémon
|rule|OHKO Clause: OHKO moves are banned
|rule|Evasion Items Clause: Evasion items are banned
|rule|Evasion Moves Clause: Evasion moves are banned
|rule|Evasion Abilities Clause: Evasion abilities are banned
|rule|Sleep Moves Clause: Sleep-inducing moves are banned
|clearpoke
|poke|p1|Araquanid, M|
|poke|p1|Hawlucha, F|
|poke|p1|Electivire, M|
|poke|p1|Hatterene, F|
|poke|p1|Kingambit, F|
|poke|p1|Great Tusk|
|poke|p2|Kleavor, M|
|poke|p2|Charizard, M|
|poke|p2|Oranguru, M|
|poke|p2|Muk-Alola, M|
|poke|p2|Granbull, M|
|poke|p2|Ampharos, F|
|teampreview
|inactive|Battle timer is ON: inactive players will automatically lose when time's up. (requested by comboyzzz)
|l|☆AC/DC1994
|inactive|AC/DC1994 disconnected and has a minute to reconnect!
|player|p2|
|j|☆AC/DC1994
|inactive|AC/DC1994 reconnected and has 140 seconds left.
|player|p2|AC/DC1994|fisherman-gen4|
|
|t:|1760407694
|teamsize|p1|6
|teamsize|p2|6
|start
|switch|p1a: Electivire|Electivire, M|100/100
|switch|p2a: Otto|Kleavor, M|100/100
|turn|1
|
|t:|1760407707
|move|p1a: Electivire|Volt Switch|p2a: Otto
|-damage|p2a: Otto|68/100
|-damage|p1a: Electivire|91/100|[from] item: Life Orb
|
|t:|1760407711
|switch|p1a: Hatterene|Hatterene, F|100/100|[from] Volt Switch
|move|p2a: Otto|Stone Axe|p1a: Hatterene
|-damage|p1a: Hatterene|47/100
|-sidestart|p1: comboyzzz|move: Stealth Rock
|-damage|p2a: Otto|58/100|[from] item: Life Orb
|
|-heal|p1a: Hatterene|53/100|[from] item: Leftovers
|upkeep
|turn|2
|
|t:|1760407726
|move|p2a: Otto|Stone Axe|p1a: Hatterene|[miss]
|-miss|p2a: Otto|p1a: Hatterene
|move|p1a: Hatterene|Draining Kiss|p2a: Otto
|-damage|p2a: Otto|31/100
|-heal|p1a: Hatterene|75/100|[from] drain|[of] p2a: Otto
|
|-heal|p1a: Hatterene|81/100|[from] item: Leftovers
|upkeep
|turn|3
|
|t:|1760407736
|move|p2a: Otto|Stone Axe|p1a: Hatterene
|-damage|p1a: Hatterene|32/100
|-damage|p2a: Otto|21/100|[from] item: Life Orb
|move|p1a: Hatterene|Draining Kiss|p2a: Otto
|-damage|p2a: Otto|0 fnt
|-heal|p1a: Hatterene|47/100|[from] drain|[of] p2a: Otto
|faint|p2a: Otto
|
|-heal|p1a: Hatterene|53/100|[from] item: Leftovers
|upkeep
|
|t:|1760407748
|switch|p2a: Moko|Muk-Alola, M, shiny|100/100
|turn|4
|
|t:|1760407765
|switch|p1a: Kingambit|Kingambit, F|100/100
|-damage|p1a: Kingambit|94/100|[from] Stealth Rock
|move|p2a: Moko|Gunk Shot|p1a: Kingambit
|-immune|p1a: Kingambit
|
|upkeep
|turn|5
|
|t:|1760407776
|switch|p2a: JuanFe|Charizard, M|100/100
|move|p1a: Kingambit|Swords Dance|p1a: Kingambit
|-boost|p1a: Kingambit|atk|2
|
|upkeep
|turn|6
|
|t:|1760407790
|-terastallize|p1a: Kingambit|Dark
|move|p1a: Kingambit|Sucker Punch|p2a: JuanFe
|-damage|p2a: JuanFe|0 fnt
|faint|p2a: JuanFe
|
|upkeep
|
|t:|1760407797
|switch|p2a: Agustín|Granbull, M|100/100
|-ability|p2a: Agustín|Intimidate|boost
|-unboost|p1a: Kingambit|atk|1
|turn|7
|
|t:|1760407802
|move|p1a: Kingambit|Iron Head|p2a: Agustín
|-supereffective|p2a: Agustín
|-damage|p2a: Agustín|0 fnt
|faint|p2a: Agustín
|
|upkeep
|
|t:|1760407808
|switch|p2a: Margaret|Ampharos, F|100/100
|turn|8
|
|t:|1760407811
|move|p2a: Margaret|Dazzling Gleam|p1a: Kingambit
|-supereffective|p1a: Kingambit
|-damage|p1a: Kingambit|40/100
|move|p1a: Kingambit|Kowtow Cleave|p2a: Margaret
|-damage|p2a: Margaret|0 fnt
|-status|p1a: Kingambit|par|[from] ability: Static|[of] p2a: Margaret
|faint|p2a: Margaret
|
|upkeep
|
|t:|1760407821
|switch|p2a: Moko|Muk-Alola, M, shiny|100/100
|turn|9
|
|t:|1760407824
|move|p2a: Moko|Gunk Shot|p1a: Kingambit
|-damage|p1a: Kingambit|0 fnt
|faint|p1a: Kingambit
|-end|p1a: Kingambit|fallenundefined|[silent]
|
|upkeep
|
|t:|1760407829
|switch|p1a: Great Tusk|Great Tusk|100/100
|-damage|p1a: Great Tusk|98/100|[from] Stealth Rock
|-enditem|p1a: Great Tusk|Booster Energy
|-activate|p1a: Great Tusk|ability: Protosynthesis|[fromitem]
|-start|p1a: Great Tusk|protosynthesisatk
|turn|10
|
|t:|1760407836
|switch|p2a: Oranguru|Oranguru, M|100/100
|move|p1a: Great Tusk|Stealth Rock|p2a: Oranguru
|-sidestart|p2: AC/DC1994|move: Stealth Rock
|
|upkeep
|turn|11
|
|t:|1760407842
|move|p1a: Great Tusk|Earthquake|p2a: Oranguru
|-damage|p2a: Oranguru|30/100
|move|p2a: Oranguru|Psychic|p1a: Great Tusk
|-supereffective|p1a: Great Tusk
|-damage|p1a: Great Tusk|0 fnt
|faint|p1a: Great Tusk
|-end|p1a: Great Tusk|Protosynthesis|[silent]
|
|upkeep
|
|t:|1760407852
|switch|p1a: Hawlucha|Hawlucha, F|100/100
|-damage|p1a: Hawlucha|88/100|[from] Stealth Rock
|turn|12
|
|t:|1760407856
|move|p1a: Hawlucha|Close Combat|p2a: Oranguru
|-damage|p2a: Oranguru|0 fnt
|-unboost|p1a: Hawlucha|def|1
|-unboost|p1a: Hawlucha|spd|1
|faint|p2a: Oranguru
|-enditem|p1a: Hawlucha|White Herb
|-clearnegativeboost|p1a: Hawlucha|[silent]
|
|upkeep
|
|t:|1760407864
|switch|p2a: Moko|Muk-Alola, M, shiny|100/100
|-damage|p2a: Moko|88/100|[from] Stealth Rock
|turn|13
|
|t:|1760407868
|move|p1a: Hawlucha|Close Combat|p2a: Moko
|-damage|p2a: Moko|36/100
|-unboost|p1a: Hawlucha|def|1
|-unboost|p1a: Hawlucha|spd|1
|move|p2a: Moko|Gunk Shot|p1a: Hawlucha
|-damage|p1a: Hawlucha|0 fnt
|faint|p1a: Hawlucha
|
|-heal|p2a: Moko|42/100|[from] item: Leftovers
|upkeep
|
|t:|1760407877
|switch|p1a: Araquanid|Araquanid, M|100/100
|-damage|p1a: Araquanid|76/100|[from] Stealth Rock
|turn|14
|
|t:|1760407888
|move|p2a: Moko|Acid Armor|p2a: Moko
|-boost|p2a: Moko|def|2
|move|p1a: Araquanid|Liquidation|p2a: Moko
|-damage|p2a: Moko|12/100
|
|-heal|p2a: Moko|18/100|[from] item: Leftovers
|upkeep
|turn|15
|
|t:|1760407897
|move|p2a: Moko|Knock Off|p1a: Araquanid
|-damage|p1a: Araquanid|34/100
|-status|p1a: Araquanid|psn|[from] ability: Poison Touch|[of] p2a: Moko
|-enditem|p1a: Araquanid|Assault Vest|[from] move: Knock Off|[of] p2a: Moko
|move|p1a: Araquanid|Liquidation|p2a: Moko
|-damage|p2a: Moko|0 fnt
|faint|p2a: Moko
|
|win|comboyzzz
|raw|comboyzzz's rating: 1139 &rarr; <strong>1165</strong><br />(+26 for winning)
|raw|AC&#x2f;DC1994's rating: 1148 &rarr; <strong>1122</strong><br />(-26 for losing)
|l|☆comboyzzz
|player|p1|
|l|☆AC/DC1994
|player|p2|
