|j|☆DragonHunter994
|j|☆mightred
|t:|1760455828
|gametype|singles
|player|p1|DragonHunter994|pokemaniac|1367
|player|p2|mightred|bugcatcher-gen4dp|1357
|gen|9
|tier|[Gen 9] OU
|rated|
|rule|HP Percentage Mod: HP is shown in percentages
|rule|Endless Battle Clause: Forcing endless battles is banned
|rule|Species Clause: Limit one of each Pokémon
|rule|OHKO Clause: OHKO moves are banned
|rule|Evasion Items Clause: Evasion items are banned
|rule|Evasion Moves Clause: Evasion moves are banned
|rule|Evasion Abilities Clause: Evasion abilities are banned
|rule|Sleep Moves Clause: Sleep-inducing moves are banned
|clearpoke
|poke|p1|Pelipper, F|
|poke|p1|Clawitzer, M|
|poke|p1|Zapdos|
|poke|p1|Scizor, F|
|poke|p1|Iron Treads|
|poke|p1|Raging Bolt|
|poke|p2|Polteageist-Antique|
|poke|p2|Ninetales-Alola, F|
|poke|p2|Cinderace, F|
|poke|p2|Kommo-o, F|
|poke|p2|Cloyster, F|
|poke|p2|Zamazenta-*|
|teampreview
|inactive|Battle timer is ON: inactive players will automatically lose when time's up. (requested by DragonHunter994)
|
|t:|1760455847
|teamsize|p1|6
|teamsize|p2|6
|start
|switch|p1a: Pelipper|Pelipper, F|100/100
|switch|p2a: Kommo-o|Kommo-o, F|100/100
|-weather|RainDance|[from] ability: Drizzle|[of] p1a: Pelipper
|turn|1
|
|t:|1760455856
|-terastallize|p2a: Kommo-o|Normal
|move|p2a: Kommo-o|Boomburst|p1a: Pelipper
|-damage|p1a: Pelipper|19/100
|-enditem|p2a: Kommo-o|Throat Spray
|-boost|p2a: Kommo-o|spa|1|[from] item: Throat Spray
|move|p1a: Pelipper|Hurricane|p2a: Kommo-o
|-damage|p2a: Kommo-o|56/100
|-start|p2a: Kommo-o|confusion
|
|-weather|RainDance|[upkeep]
|upkeep
|turn|2
|
|t:|1760455873
|switch|p1a: Iron Treads|Iron Treads|100/100
|-activate|p2a: Kommo-o|confusion
|move|p2a: Kommo-o|Boomburst|p1a: Iron Treads
|-resisted|p1a: Iron Treads
|-damage|p1a: Iron Treads|36/100
|
|-weather|RainDance|[upkeep]
|-heal|p1a: Iron Treads|43/100|[from] item: Leftovers
|upkeep
|turn|3
|
|t:|1760455883
|-activate|p2a: Kommo-o|confusion
|move|p2a: Kommo-o|Vacuum Wave|p1a: Iron Treads
|-supereffective|p1a: Iron Treads
|-damage|p1a: Iron Treads|0 fnt
|faint|p1a: Iron Treads
|-end|p1a: Iron Treads|Quark Drive|[silent]
|
|-weather|RainDance|[upkeep]
|upkeep
|
|t:|1760455893
|switch|p1a: Zapdos|Zapdos|100/100
|turn|4
|
|t:|1760455899
|switch|p2a: Ninetales|Ninetales-Alola, F|100/100
|-weather|Snowscape|[from] ability: Snow Warning|[of] p2a: Ninetales
|move|p1a: Zapdos|Thunder|p2a: Ninetales
|-crit|p2a: Ninetales
|-damage|p2a: Ninetales|10/100
|
|-weather|Snowscape|[upkeep]
|upkeep
|turn|5
|
|t:|1760455911
|move|p1a: Zapdos|Thunder|p2a: Ninetales
|-damage|p2a: Ninetales|0 fnt
|faint|p2a: Ninetales
|
|-weather|Snowscape|[upkeep]
|upkeep
|
|t:|1760455921
|switch|p2a: Polteageist|Polteageist-Antique|100/100
|turn|6
|
|t:|1760455927
|switch|p1a: Pelipper|Pelipper, F|19/100
|-weather|RainDance|[from] ability: Drizzle|[of] p1a: Pelipper
|move|p2a: Polteageist|Shell Smash|p2a: Polteageist
|-unboost|p2a: Polteageist|def|1
|-unboost|p2a: Polteageist|spd|1
|-boost|p2a: Polteageist|atk|2
|-boost|p2a: Polteageist|spa|2
|-boost|p2a: Polteageist|spe|2
|
|-weather|RainDance|[upkeep]
|upkeep
|turn|7
|
|t:|1760455938
|switch|p1a: Clawitzer|Clawitzer, M, shiny|100/100
|move|p2a: Polteageist|Shadow Ball|p1a: Clawitzer
|-crit|p1a: Clawitzer
|-damage|p1a: Clawitzer|0 fnt
|faint|p1a: Clawitzer
|
|-weather|RainDance|[upkeep]
|upkeep
|
|t:|1760455941
|switch|p1a: Raging Bolt|Raging Bolt|100/100
|turn|8
|
|t:|1760455953
|move|p2a: Polteageist|Shadow Ball|p1a: Raging Bolt
|-damage|p1a: Raging Bolt|28/100
|move|p1a: Raging Bolt|Thunder|p2a: Polteageist
|-enditem|p2a: Polteageist|Focus Sash
|-damage|p2a: Polteageist|1/100
|
|-weather|RainDance|[upkeep]
|-heal|p1a: Raging Bolt|34/100|[from] item: Leftovers
|upkeep
|turn|9
|c|☆DragonHunter994|damn.
|
|t:|1760455964
|move|p1a: Raging Bolt|Thunderclap|p2a: Polteageist
|-damage|p2a: Polteageist|0 fnt
|faint|p2a: Polteageist
|
|-weather|RainDance|[upkeep]
|-heal|p1a: Raging Bolt|40/100|[from] item: Leftovers
|upkeep
|
|t:|1760455972
|switch|p2a: Zamazenta|Zamazenta|100/100
|-ability|p2a: Zamazenta|Dauntless Shield|boost
|-boost|p2a: Zamazenta|def|1
|turn|10
|
|t:|1760455978
|move|p2a: Zamazenta|Body Press|p1a: Raging Bolt
|-damage|p1a: Raging Bolt|0 fnt
|faint|p1a: Raging Bolt
|-end|p1a: Raging Bolt|Protosynthesis|[silent]
|
|-weather|RainDance|[upkeep]
|upkeep
|
|t:|1760455983
|switch|p1a: Zapdos|Zapdos|100/100
|turn|11
|
|t:|1760455990
|move|p1a: Zapdos|Hurricane|p2a: Zamazenta
|-supereffective|p2a: Zamazenta
|-damage|p2a: Zamazenta|0 fnt
|faint|p2a: Zamazenta
|
|-weather|RainDance|[upkeep]
|upkeep
|
|t:|1760455996
|switch|p2a: Cloyster|Cloyster, F|100/100
|turn|12
|
|t:|1760456000
|move|p1a: Zapdos|Hurricane|p2a: Cloyster
|-damage|p2a: Cloyster|0 fnt
|faint|p2a: Cloyster
|
|-weather|RainDance|[upkeep]
|upkeep
|-message|mightred forfeited.
|
|win|DragonHunter994
|raw|DragonHunter994's rating: 1367 &rarr; <strong>1386</strong><br />(+19 for winning)
|raw|mightred's rating: 1357 &rarr; <strong>1338</strong><br />(-19 for losing)
|l|☆mightred
|player|p2|
|l|☆DragonHunter994
|player|p1|
