|j|☆Dragonking732
|j|☆saibayman
|t:|1760313566
|gametype|singles
|player|p1|Dragonking732|cyrus|1440
|player|p2|saibayman|169|1475
|gen|9
|tier|[Gen 9] OU
|rated|
|rule|HP Percentage Mod: HP is shown in percentages
|rule|Endless Battle Clause: Forcing endless battles is banned
|rule|Species Clause: Limit one of each Pokémon
|rule|OHKO Clause: OHKO moves are banned
|rule|Evasion Items Clause: Evasion items are banned
|rule|Evasion Moves Clause: Evasion moves are banned
|rule|Evasion Abilities Clause: Evasion abilities are banned
|rule|Sleep Moves Clause: Sleep-inducing moves are banned
|clearpoke
|poke|p1|Great Tusk|
|poke|p1|Dragalge, F|
|poke|p1|Alomomola, F|
|poke|p1|Gholdengo|
|poke|p1|Moltres|
|poke|p1|Kingambit, F|
|poke|p2|Metagross|
|poke|p2|Great Tusk|
|poke|p2|Slowking-Galar, F|
|poke|p2|Dragapult, F|
|poke|p2|Meowscarada, M|
|poke|p2|Zapdos|
|teampreview
|inactive|Battle timer is ON: inactive players will automatically lose when time's up. (requested by saibayman)
|inactive|Dragonking732 has 120 seconds left.
|
|t:|1760313600
|teamsize|p1|6
|teamsize|p2|6
|start
|switch|p1a: Great Tusk|Great Tusk|100/100
|switch|p2a: Meowscarada|Meowscarada, M|100/100
|turn|1
|
|t:|1760313612
|-end|p1a: Great Tusk|Protosynthesis|[silent]
|switch|p1a: Moltres|Moltres|100/100
|move|p2a: Meowscarada|Play Rough|p1a: Moltres
|-start|p2a: Meowscarada|typechange|Fairy|[from] ability: Protean
|-resisted|p1a: Moltres
|-damage|p1a: Moltres|86/100
|
|upkeep
|turn|2
|
|t:|1760313621
|move|p2a: Meowscarada|Knock Off|p1a: Moltres
|-damage|p1a: Moltres|64/100
|-enditem|p1a: Moltres|Heavy-Duty Boots|[from] move: Knock Off|[of] p2a: Meowscarada
|move|p1a: Moltres|U-turn|p2a: Meowscarada
|-resisted|p2a: Meowscarada
|-damage|p2a: Meowscarada|89/100
|inactive|Dragonking732 has 120 seconds left.
|
|t:|1760313656
|switch|p1a: Dragalge|Dragalge, F|100/100|[from] U-turn
|
|upkeep
|turn|3
|
|t:|1760313673
|switch|p2a: Slowking|Slowking-Galar, F|100/100
|move|p1a: Dragalge|Flip Turn|p2a: Slowking
|-crit|p2a: Slowking
|-damage|p2a: Slowking|85/100
|inactive|Dragonking732 has 120 seconds left.
|
|t:|1760313689
|switch|p1a: Great Tusk|Great Tusk|100/100|[from] Flip Turn
|
|upkeep
|turn|4
|
|t:|1760313704
|switch|p2a: Metagross|Metagross|100/100
|move|p1a: Great Tusk|Knock Off|p2a: Metagross
|-supereffective|p2a: Metagross
|-damage|p2a: Metagross|57/100
|-damage|p1a: Great Tusk|84/100|[from] item: Rocky Helmet|[of] p2a: Metagross
|-enditem|p2a: Metagross|Rocky Helmet|[from] move: Knock Off|[of] p1a: Great Tusk
|
|upkeep
|turn|5
|
|t:|1760313721
|-end|p1a: Great Tusk|Protosynthesis|[silent]
|switch|p1a: Alomomola|Alomomola, F|100/100
|move|p2a: Metagross|Stealth Rock|p1a: Alomomola
|-sidestart|p1: Dragonking732|move: Stealth Rock
|
|upkeep
|turn|6
|
|t:|1760313727
|move|p2a: Metagross|Psychic Fangs|p1a: Alomomola
|-damage|p1a: Alomomola|75/100
|move|p1a: Alomomola|Scald|p2a: Metagross
|-damage|p2a: Metagross|43/100
|-status|p2a: Metagross|brn
|
|-damage|p2a: Metagross|37/100 brn|[from] brn
|upkeep
|turn|7
|
|t:|1760313737
|move|p2a: Metagross|Psychic Fangs|p1a: Alomomola
|-damage|p1a: Alomomola|63/100
|move|p1a: Alomomola|Flip Turn|p2a: Metagross
|-damage|p2a: Metagross|27/100 brn
|
|t:|1760313741
|switch|p1a: Great Tusk|Great Tusk|84/100|[from] Flip Turn
|-damage|p1a: Great Tusk|81/100|[from] Stealth Rock
|
|-damage|p2a: Metagross|21/100 brn|[from] brn
|upkeep
|turn|8
|
|t:|1760313750
|switch|p2a: Dragapult|Dragapult, F|100/100
|move|p1a: Great Tusk|Rapid Spin|p2a: Dragapult
|-immune|p2a: Dragapult
|
|upkeep
|turn|9
|
|t:|1760313756
|-end|p1a: Great Tusk|Protosynthesis|[silent]
|switch|p1a: Alomomola|Alomomola, F|97/100
|-damage|p1a: Alomomola|84/100|[from] Stealth Rock
|move|p2a: Dragapult|Will-O-Wisp|p1a: Alomomola|[miss]
|-miss|p2a: Dragapult|p1a: Alomomola
|
|upkeep
|turn|10
|
|t:|1760313763
|move|p2a: Dragapult|Will-O-Wisp|p1a: Alomomola
|-status|p1a: Alomomola|brn
|move|p1a: Alomomola|Flip Turn|p2a: Dragapult
|-resisted|p2a: Dragapult
|-damage|p2a: Dragapult|95/100
|
|t:|1760313777
|switch|p1a: Dragalge|Dragalge, F|100/100|[from] Flip Turn
|-damage|p1a: Dragalge|88/100|[from] Stealth Rock
|
|upkeep
|turn|11
|
|t:|1760313785
|switch|p1a: Alomomola|Alomomola, F|100/100 brn
|-damage|p1a: Alomomola|88/100 brn|[from] Stealth Rock
|move|p2a: Dragapult|Dragon Darts|p1a: Alomomola
|-damage|p1a: Alomomola|73/100 brn
|-anim|p2a: Dragapult|Dragon Darts|p1a: Alomomola
|-damage|p1a: Alomomola|56/100 brn
|
|-damage|p1a: Alomomola|50/100 brn|[from] brn
|upkeep
|turn|12
|
|t:|1760313796
|move|p2a: Dragapult|Dragon Darts|p1a: Alomomola
|-damage|p1a: Alomomola|33/100 brn
|-anim|p2a: Dragapult|Dragon Darts|p1a: Alomomola
|-damage|p1a: Alomomola|16/100 brn
|move|p1a: Alomomola|Mirror Coat||[still]
|-fail|p1a: Alomomola
|
|-damage|p1a: Alomomola|10/100 brn|[from] brn
|upkeep
|turn|13
|
|t:|1760313805
|move|p2a: Dragapult|Dragon Darts|p1a: Alomomola
|-damage|p1a: Alomomola|0 fnt
|faint|p1a: Alomomola
|
|upkeep
|
|t:|1760313815
|switch|p1a: Gholdengo|Gholdengo|100/100
|-damage|p1a: Gholdengo|94/100|[from] Stealth Rock
|-item|p1a: Gholdengo|Air Balloon
|turn|14
|
|t:|1760313820
|move|p2a: Dragapult|U-turn|p1a: Gholdengo
|-resisted|p1a: Gholdengo
|-damage|p1a: Gholdengo|91/100
|-enditem|p1a: Gholdengo|Air Balloon
|
|t:|1760313825
|switch|p2a: Metagross|Metagross|21/100 brn|[from] U-turn
|move|p1a: Gholdengo|Thunder Wave||[still]
|-fail|p1a: Gholdengo
|
|-damage|p2a: Metagross|15/100 brn|[from] brn
|upkeep
|turn|15
|
|t:|1760313839
|move|p2a: Metagross|Bullet Punch|p1a: Gholdengo
|-resisted|p1a: Gholdengo
|-crit|p1a: Gholdengo
|-damage|p1a: Gholdengo|86/100
|move|p1a: Gholdengo|Hex|p2a: Metagross
|-supereffective|p2a: Metagross
|-damage|p2a: Metagross|0 fnt
|faint|p2a: Metagross
|
|upkeep
|
|t:|1760313847
|switch|p2a: Great Tusk|Great Tusk|100/100
|turn|16
|
|t:|1760313853
|switch|p1a: Moltres|Moltres|64/100
|-damage|p1a: Moltres|15/100|[from] Stealth Rock
|move|p2a: Great Tusk|Earthquake|p1a: Moltres
|-immune|p1a: Moltres
|
|upkeep
|turn|17
|
|t:|1760313862
|-end|p2a: Great Tusk|Protosynthesis|[silent]
|switch|p2a: Zapdos|Zapdos|100/100
|move|p1a: Moltres|Roost|p1a: Moltres
|-heal|p1a: Moltres|65/100
|-singleturn|p1a: Moltres|move: Roost
|
|upkeep
|turn|18
|
|t:|1760313881
|switch|p1a: Dragalge|Dragalge, F|88/100
|-damage|p1a: Dragalge|76/100|[from] Stealth Rock
|move|p2a: Zapdos|Hurricane|p1a: Dragalge
|-damage|p1a: Dragalge|3/100
|-start|p1a: Dragalge|confusion
|
|upkeep
|turn|19
|
|t:|1760313893
|switch|p2a: Slowking|Slowking-Galar, F|100/100
|-activate|p1a: Dragalge|confusion
|-damage|p1a: Dragalge|0 fnt|[from] confusion
|faint|p1a: Dragalge
|
|upkeep
|
|t:|1760313911
|switch|p1a: Kingambit|Kingambit, F|100/100
|-damage|p1a: Kingambit|94/100|[from] Stealth Rock
|-activate|p1a: Kingambit|ability: Supreme Overlord
|-start|p1a: Kingambit|fallen2|[silent]
|turn|20
|
|t:|1760313917
|-terastallize|p2a: Slowking|Flying
|move|p1a: Kingambit|Swords Dance|p1a: Kingambit
|-boost|p1a: Kingambit|atk|2
|move|p2a: Slowking|Fire Blast|p1a: Kingambit
|-supereffective|p1a: Kingambit
|-crit|p1a: Kingambit
|-damage|p1a: Kingambit|0 fnt
|faint|p1a: Kingambit
|-end|p1a: Kingambit|fallen2|[silent]
|
|upkeep
|-message|Dragonking732 forfeited.
|
|win|saibayman
|raw|Dragonking732's rating: 1441 &rarr; <strong>1423</strong><br />(-18 for losing)
|raw|saibayman's rating: 1475 &rarr; <strong>1493</strong><br />(+18 for winning)
|l|☆Dragonking732
|player|p1|
|l|☆saibayman
|player|p2|
