|j|☆Jean Castex
|j|☆Jayredakid
|t:|1760455087
|gametype|singles
|player|p1|Jean Castex|swimmerm-gen2|1187
|player|p2|Jayredakid|2|1205
|gen|9
|tier|[Gen 9] OU
|rated|
|rule|HP Percentage Mod: HP is shown in percentages
|rule|Endless Battle Clause: Forcing endless battles is banned
|rule|Species Clause: Limit one of each Pokémon
|rule|OHKO Clause: OHKO moves are banned
|rule|Evasion Items Clause: Evasion items are banned
|rule|Evasion Moves Clause: Evasion moves are banned
|rule|Evasion Abilities Clause: Evasion abilities are banned
|rule|Sleep Moves Clause: Sleep-inducing moves are banned
|clearpoke
|poke|p1|Venusaur, M|
|poke|p1|Ninetales, M|
|poke|p1|Slowking-Galar, M|
|poke|p1|Torkoal, M|
|poke|p1|Darkrai|
|poke|p1|Kyurem|
|poke|p2|Primeape, M|
|poke|p2|Quaquaval, F|
|poke|p2|Dragonite, M|
|poke|p2|Ninetales-Alola, F|
|poke|p2|Smeargle, M|
|poke|p2|Walking Wake|
|teampreview
|inactive|Battle timer is ON: inactive players will automatically lose when time's up. (requested by Jean Castex)
|
|t:|1760455094
|teamsize|p1|6
|teamsize|p2|6
|start
|switch|p1a: Kyurem|Kyurem|100/100
|switch|p2a: Smeargle|Smeargle, M|100/100
|-ability|p1a: Kyurem|Pressure
|turn|1
|
|t:|1760455103
|move|p1a: Kyurem|Ice Beam|p2a: Smeargle
|-enditem|p2a: Smeargle|Focus Sash
|-damage|p2a: Smeargle|1/100
|-status|p2a: Smeargle|frz
|cant|p2a: Smeargle|frz
|
|upkeep
|turn|2
|
|t:|1760455112
|move|p1a: Kyurem|Ice Beam|p2a: Smeargle
|-damage|p2a: Smeargle|0 fnt
|faint|p2a: Smeargle
|
|upkeep
|
|t:|1760455116
|switch|p2a: Quaquaval|Quaquaval, F|100/100
|turn|3
|
|t:|1760455132
|switch|p1a: Torkoal|Torkoal, M|100/100
|-weather|SunnyDay|[from] ability: Drought|[of] p1a: Torkoal
|-terastallize|p2a: Quaquaval|Fighting
|move|p2a: Quaquaval|Swords Dance|p2a: Quaquaval
|-boost|p2a: Quaquaval|atk|2
|
|-weather|SunnyDay|[upkeep]
|upkeep
|turn|4
|
|t:|1760455141
|move|p2a: Quaquaval|Aqua Step|p1a: Torkoal
|-supereffective|p1a: Torkoal
|-damage|p1a: Torkoal|52/100
|-boost|p2a: Quaquaval|spe|1
|move|p1a: Torkoal|Lava Plume|p2a: Quaquaval
|-damage|p2a: Quaquaval|51/100
|-status|p2a: Quaquaval|brn
|
|-weather|SunnyDay|[upkeep]
|-damage|p2a: Quaquaval|45/100 brn|[from] brn
|upkeep
|turn|5
|
|t:|1760455153
|move|p2a: Quaquaval|Close Combat|p1a: Torkoal
|-damage|p1a: Torkoal|7/100
|-unboost|p2a: Quaquaval|def|1
|-unboost|p2a: Quaquaval|spd|1
|move|p1a: Torkoal|Stealth Rock|p2a: Quaquaval
|-sidestart|p2: Jayredakid|move: Stealth Rock
|
|-weather|SunnyDay|[upkeep]
|-damage|p2a: Quaquaval|39/100 brn|[from] brn
|upkeep
|turn|6
|
|t:|1760455164
|move|p2a: Quaquaval|Aqua Step|p1a: Torkoal
|-supereffective|p1a: Torkoal
|-crit|p1a: Torkoal
|-damage|p1a: Torkoal|0 fnt
|-boost|p2a: Quaquaval|spe|1
|faint|p1a: Torkoal
|-ability|p2a: Quaquaval|Moxie|boost
|-boost|p2a: Quaquaval|atk|1
|
|-weather|SunnyDay|[upkeep]
|-damage|p2a: Quaquaval|33/100 brn|[from] brn
|upkeep
|
|t:|1760455167
|switch|p1a: Venusaur|Venusaur, M|100/100
|turn|7
|
|t:|1760455177
|move|p2a: Quaquaval|Ice Spinner|p1a: Venusaur
|-supereffective|p1a: Venusaur
|-damage|p1a: Venusaur|8/100
|move|p1a: Venusaur|Sludge Bomb|p2a: Quaquaval
|-damage|p2a: Quaquaval|0 fnt
|faint|p2a: Quaquaval
|-damage|p1a: Venusaur|0 fnt|[from] item: Life Orb
|faint|p1a: Venusaur
|
|-weather|none
|upkeep
|
|t:|1760455190
|switch|p2a: Ninetales|Ninetales-Alola, F|100/100
|switch|p1a: Slowking|Slowking-Galar, M|100/100
|-damage|p2a: Ninetales|76/100|[from] Stealth Rock
|-weather|Snowscape|[from] ability: Snow Warning|[of] p2a: Ninetales
|turn|8
|
|t:|1760455197
|switch|p1a: Ninetales|Ninetales, M|100/100
|-weather|SunnyDay|[from] ability: Drought|[of] p1a: Ninetales
|move|p2a: Ninetales|Aurora Veil||[still]
|-fail|p2a: Ninetales
|
|-weather|SunnyDay|[upkeep]
|upkeep
|turn|9
|
|t:|1760455207
|switch|p2a: Walking Wake|Walking Wake|100/100
|-damage|p2a: Walking Wake|88/100|[from] Stealth Rock
|-activate|p2a: Walking Wake|ability: Protosynthesis
|-start|p2a: Walking Wake|protosynthesisspa
|move|p1a: Ninetales|Flamethrower|p2a: Walking Wake
|-resisted|p2a: Walking Wake
|-damage|p2a: Walking Wake|73/100
|
|-weather|SunnyDay|[upkeep]
|upkeep
|turn|10
|
|t:|1760455220
|switch|p1a: Slowking|Slowking-Galar, M|100/100
|move|p2a: Walking Wake|Draco Meteor|p1a: Slowking|[miss]
|-miss|p2a: Walking Wake|p1a: Slowking
|
|-weather|SunnyDay|[upkeep]
|upkeep
|turn|11
|
|t:|1760455227
|move|p2a: Walking Wake|Draco Meteor|p1a: Slowking
|-crit|p1a: Slowking
|-damage|p1a: Slowking|29/100
|-unboost|p2a: Walking Wake|spa|2
|move|p1a: Slowking|Sludge Bomb|p2a: Walking Wake
|-damage|p2a: Walking Wake|20/100
|-status|p2a: Walking Wake|psn
|
|-weather|SunnyDay|[upkeep]
|-damage|p2a: Walking Wake|8/100 psn|[from] psn
|upkeep
|turn|12
|
|t:|1760455241
|switch|p1a: Darkrai|Darkrai|100/100
|move|p2a: Walking Wake|Draco Meteor|p1a: Darkrai
|-damage|p1a: Darkrai|40/100
|-unboost|p2a: Walking Wake|spa|2
|
|-weather|SunnyDay|[upkeep]
|-damage|p2a: Walking Wake|0 fnt|[from] psn
|faint|p2a: Walking Wake
|-end|p2a: Walking Wake|Protosynthesis|[silent]
|upkeep
|
|t:|1760455251
|switch|p2a: Ninetales|Ninetales-Alola, F|76/100
|-damage|p2a: Ninetales|51/100|[from] Stealth Rock
|-weather|Snowscape|[from] ability: Snow Warning|[of] p2a: Ninetales
|turn|13
|
|t:|1760455256
|switch|p2a: Dragonite|Dragonite, M, shiny|100/100
|-damage|p2a: Dragonite|76/100|[from] Stealth Rock
|move|p1a: Darkrai|Sludge Bomb|p2a: Dragonite
|-damage|p2a: Dragonite|27/100
|-damage|p1a: Darkrai|30/100|[from] item: Life Orb
|
|-weather|Snowscape|[upkeep]
|upkeep
|turn|14
|
|t:|1760455264
|move|p2a: Dragonite|Extreme Speed|p1a: Darkrai
|-damage|p1a: Darkrai|0 fnt
|faint|p1a: Darkrai
|
|-weather|Snowscape|[upkeep]
|upkeep
|
|t:|1760455272
|switch|p1a: Kyurem|Kyurem|100/100
|-ability|p1a: Kyurem|Pressure
|turn|15
|
|t:|1760455277
|move|p1a: Kyurem|Ice Beam|p2a: Dragonite
|-supereffective|p2a: Dragonite
|-damage|p2a: Dragonite|0 fnt
|faint|p2a: Dragonite
|
|-weather|Snowscape|[upkeep]
|upkeep
|
|t:|1760455281
|switch|p2a: Primeape|Primeape, M, shiny|100/100
|-damage|p2a: Primeape|95/100|[from] Stealth Rock
|turn|16
|
|t:|1760455287
|move|p1a: Kyurem|Ice Beam|p2a: Primeape
|-damage|p2a: Primeape|53/100
|move|p2a: Primeape|Drain Punch|p1a: Kyurem
|-supereffective|p1a: Kyurem
|-crit|p1a: Kyurem
|-damage|p1a: Kyurem|48/100
|-heal|p2a: Primeape|83/100|[from] drain|[of] p1a: Kyurem
|
|-weather|Snowscape|[upkeep]
|upkeep
|turn|17
|inactive|Jean Castex has 120 seconds left.
|
|t:|1760455322
|move|p1a: Kyurem|Ice Beam|p2a: Primeape
|-damage|p2a: Primeape|39/100
|move|p2a: Primeape|Drain Punch|p1a: Kyurem
|-supereffective|p1a: Kyurem
|-damage|p1a: Kyurem|13/100
|-heal|p2a: Primeape|60/100|[from] drain|[of] p1a: Kyurem
|
|-weather|none
|upkeep
|turn|18
|
|t:|1760455335
|move|p1a: Kyurem|Ice Beam|p2a: Primeape
|-damage|p2a: Primeape|16/100
|move|p2a: Primeape|Drain Punch|p1a: Kyurem
|-supereffective|p1a: Kyurem
|-damage|p1a: Kyurem|0 fnt
|-heal|p2a: Primeape|23/100|[from] drain|[of] p1a: Kyurem
|faint|p1a: Kyurem
|
|upkeep
|
|t:|1760455340
|switch|p1a: Ninetales|Ninetales, M|100/100
|-weather|SunnyDay|[from] ability: Drought|[of] p1a: Ninetales
|turn|19
|
|t:|1760455351
|move|p1a: Ninetales|Flamethrower|p2a: Primeape
|-damage|p2a: Primeape|0 fnt
|faint|p2a: Primeape
|
|-weather|SunnyDay|[upkeep]
|upkeep
|
|t:|1760455353
|switch|p2a: Ninetales|Ninetales-Alola, F|51/100
|-damage|p2a: Ninetales|26/100|[from] Stealth Rock
|-weather|Snowscape|[from] ability: Snow Warning|[of] p2a: Ninetales
|turn|20
|
|t:|1760455358
|move|p2a: Ninetales|Foul Play|p1a: Ninetales
|-crit|p1a: Ninetales
|-damage|p1a: Ninetales|69/100
|move|p1a: Ninetales|Flamethrower|p2a: Ninetales
|-supereffective|p2a: Ninetales
|-damage|p2a: Ninetales|0 fnt
|faint|p2a: Ninetales
|
|win|Jean Castex
|raw|Jean Castex's rating: 1187 &rarr; <strong>1213</strong><br />(+26 for winning)
|raw|Jayredakid's rating: 1205 &rarr; <strong>1179</strong><br />(-26 for losing)
