|j|☆Humerus_Skelepun
|j|☆temporarylight
|t:|1760409092
|gametype|singles
|player|p1|Humerus_Skelepun|dragontamer|
|player|p2|temporarylight|rika|
|gen|9
|tier|[Gen 9] OU
|rule|HP Percentage Mod: HP is shown in percentages
|rule|Endless Battle Clause: Forcing endless battles is banned
|rule|Species Clause: Limit one of each Pokémon
|rule|OHKO Clause: OHKO moves are banned
|rule|Evasion Items Clause: Evasion items are banned
|rule|Evasion Moves Clause: Evasion moves are banned
|rule|Evasion Abilities Clause: Evasion abilities are banned
|rule|Sleep Moves Clause: Sleep-inducing moves are banned
|clearpoke
|poke|p1|Arcanine-Hisui, F|
|poke|p1|Clefable, F|
|poke|p1|Ting-Lu|
|poke|p1|Pecharunt|
|poke|p1|Dragonite, M|
|poke|p1|Darkrai|
|poke|p2|Great Tusk|
|poke|p2|Heatran, M|
|poke|p2|Weavile, M|
|poke|p2|Primarina, M|
|poke|p2|Ogerpon, F|
|poke|p2|Pecharunt|
|teampreview
|inactive|Battle timer is ON: inactive players will automatically lose when time's up. (requested by Humerus_Skelepun)
|
|t:|1760409109
|teamsize|p1|6
|teamsize|p2|6
|start
|switch|p1a: Darkrai|Darkrai|100/100
|switch|p2a: Ogerpon|Ogerpon, F|100/100
|turn|1
|
|t:|1760409121
|switch|p2a: Primarina|Primarina, M|100/100
|move|p1a: Darkrai|Knock Off|p2a: Primarina
|-resisted|p2a: Primarina
|-damage|p2a: Primarina|85/100
|-enditem|p2a: Primarina|Assault Vest|[from] move: Knock Off|[of] p1a: Darkrai
|
|upkeep
|turn|2
|
|t:|1760409149
|switch|p1a: Pecharunt|Pecharunt|100/100
|move|p2a: Primarina|Moonblast|p1a: Pecharunt
|-resisted|p1a: Pecharunt
|-damage|p1a: Pecharunt|77/100
|
|upkeep
|turn|3
|
|t:|1760409177
|move|p1a: Pecharunt|Parting Shot|p2a: Primarina
|-unboost|p2a: Primarina|atk|1
|-unboost|p2a: Primarina|spa|1
|
|t:|1760409186
|switch|p1a: Clefable|Clefable, F|100/100|[from] Parting Shot
|move|p2a: Primarina|Flip Turn|p1a: Clefable
|-damage|p1a: Clefable|93/100
|-damage|p2a: Primarina|69/100|[from] item: Rocky Helmet|[of] p1a: Clefable
|
|t:|1760409191
|switch|p2a: Pecharunt|Pecharunt|100/100|[from] Flip Turn
|
|upkeep
|turn|4
|
|t:|1760409199
|move|p2a: Pecharunt|Malignant Chain|p1a: Clefable
|-supereffective|p1a: Clefable
|-damage|p1a: Clefable|31/100
|-status|p1a: Clefable|tox
|-start|p1a: Clefable|confusion|[from] ability: Poison Puppeteer|[of] p2a: Pecharunt
|-activate|p1a: Clefable|confusion
|move|p1a: Clefable|Thunder Wave|p2a: Pecharunt
|-status|p2a: Pecharunt|par
|
|upkeep
|turn|5
|
|t:|1760409214
|switch|p1a: Ting-Lu|Ting-Lu|100/100
|-ability|p1a: Ting-Lu|Vessel of Ruin
|move|p2a: Pecharunt|Parting Shot|p1a: Ting-Lu
|-unboost|p1a: Ting-Lu|atk|1
|-unboost|p1a: Ting-Lu|spa|1
|
|t:|1760409224
|switch|p2a: Weavile|Weavile, M|100/100|[from] Parting Shot
|-ability|p2a: Weavile|Pressure
|
|upkeep
|turn|6
|
|t:|1760409237
|switch|p1a: Clefable|Clefable, F|31/100 tox
|move|p2a: Weavile|Triple Axel|p1a: Clefable
|-damage|p1a: Clefable|20/100 tox
|-damage|p2a: Weavile|84/100|[from] item: Rocky Helmet|[of] p1a: Clefable
|-damage|p1a: Clefable|0 fnt
|-damage|p2a: Weavile|68/100|[from] item: Rocky Helmet|[of] p1a: Clefable
|faint|p1a: Clefable
|-hitcount|p1: Clefable|2
|
|upkeep
|inactive|Humerus_Skelepun has 270 seconds left.
|
|t:|1760409270
|switch|p1a: Arcanine|Arcanine-Hisui, F|100/100
|turn|7
|inactive|Humerus_Skelepun has 270 seconds left.
|
|t:|1760409284
|switch|p2a: Pecharunt|Pecharunt|100/100 par
|move|p1a: Arcanine|Flare Blitz|p2a: Pecharunt
|-damage|p2a: Pecharunt|73/100 par
|-damage|p1a: Arcanine|84/100|[from] item: Rocky Helmet|[of] p2a: Pecharunt
|
|upkeep
|turn|8
|inactive|Humerus_Skelepun has 270 seconds left.
|
|t:|1760409297
|switch|p1a: Ting-Lu|Ting-Lu|100/100
|-ability|p1a: Ting-Lu|Vessel of Ruin
|move|p2a: Pecharunt|Shadow Ball|p1a: Ting-Lu
|-resisted|p1a: Ting-Lu
|-damage|p1a: Ting-Lu|95/100
|
|-heal|p1a: Ting-Lu|100/100|[from] item: Leftovers
|upkeep
|turn|9
|inactive|Humerus_Skelepun has 270 seconds left.
|
|t:|1760409305
|move|p1a: Ting-Lu|Stealth Rock|p2a: Pecharunt
|-sidestart|p2: temporarylight|move: Stealth Rock
|move|p2a: Pecharunt|Parting Shot|p1a: Ting-Lu
|-unboost|p1a: Ting-Lu|atk|1
|-unboost|p1a: Ting-Lu|spa|1
|
|t:|1760409311
|switch|p2a: Great Tusk|Great Tusk|100/100|[from] Parting Shot
|
|upkeep
|turn|10
|
|t:|1760409335
|move|p2a: Great Tusk|Headlong Rush|p1a: Ting-Lu
|-damage|p1a: Ting-Lu|64/100
|-unboost|p2a: Great Tusk|def|1
|-unboost|p2a: Great Tusk|spd|1
|move|p1a: Ting-Lu|Ruination|p2a: Great Tusk
|-damage|p2a: Great Tusk|51/100
|
|-heal|p1a: Ting-Lu|71/100|[from] item: Leftovers
|upkeep
|turn|11
|
|t:|1760409347
|switch|p1a: Pecharunt|Pecharunt|77/100
|move|p2a: Great Tusk|Rapid Spin|p1a: Pecharunt
|-immune|p1a: Pecharunt
|
|upkeep
|turn|12
|
|t:|1760409363
|-end|p2a: Great Tusk|Protosynthesis|[silent]
|switch|p2a: Heatran|Heatran, M, shiny|100/100
|-damage|p2a: Heatran|88/100|[from] Stealth Rock
|-item|p2a: Heatran|Air Balloon
|move|p1a: Pecharunt|Recover|p1a: Pecharunt
|-heal|p1a: Pecharunt|100/100
|
|upkeep
|turn|13
|
|t:|1760409377
|move|p1a: Pecharunt|Hex|p2a: Heatran
|-damage|p2a: Heatran|67/100
|-enditem|p2a: Heatran|Air Balloon
|move|p2a: Heatran|Stealth Rock|p1a: Pecharunt
|-sidestart|p1: Humerus_Skelepun|move: Stealth Rock
|
|upkeep
|turn|14
|
|t:|1760409384
|move|p1a: Pecharunt|Parting Shot|p2a: Heatran
|-unboost|p2a: Heatran|atk|1
|-unboost|p2a: Heatran|spa|1
|
|t:|1760409388
|switch|p1a: Ting-Lu|Ting-Lu|71/100|[from] Parting Shot
|-damage|p1a: Ting-Lu|64/100|[from] Stealth Rock
|-ability|p1a: Ting-Lu|Vessel of Ruin
|move|p2a: Heatran|Taunt|p1a: Ting-Lu
|-start|p1a: Ting-Lu|move: Taunt
|
|-heal|p1a: Ting-Lu|71/100|[from] item: Leftovers
|upkeep
|turn|15
|
|t:|1760409399
|switch|p2a: Primarina|Primarina, M|69/100
|-damage|p2a: Primarina|56/100|[from] Stealth Rock
|move|p1a: Ting-Lu|Earthquake|p2a: Primarina
|-crit|p2a: Primarina
|-damage|p2a: Primarina|0 fnt
|faint|p2a: Primarina
|
|-heal|p1a: Ting-Lu|77/100|[from] item: Leftovers
|upkeep
|inactive|temporarylight has 270 seconds left.
|
|t:|1760409427
|switch|p2a: Great Tusk|Great Tusk|51/100
|turn|16
|
|t:|1760409435
|move|p2a: Great Tusk|Close Combat|p1a: Ting-Lu
|-supereffective|p1a: Ting-Lu
|-damage|p1a: Ting-Lu|9/100
|-unboost|p2a: Great Tusk|def|1
|-unboost|p2a: Great Tusk|spd|1
|move|p1a: Ting-Lu|Earthquake|p2a: Great Tusk
|-damage|p2a: Great Tusk|13/100
|
|-heal|p1a: Ting-Lu|15/100|[from] item: Leftovers
|-end|p1a: Ting-Lu|move: Taunt
|upkeep
|turn|17
|
|t:|1760409448
|move|p2a: Great Tusk|Headlong Rush|p1a: Ting-Lu
|-damage|p1a: Ting-Lu|0 fnt
|-unboost|p2a: Great Tusk|def|1
|-unboost|p2a: Great Tusk|spd|1
|faint|p1a: Ting-Lu
|
|upkeep
|
|t:|1760409451
|switch|p1a: Pecharunt|Pecharunt|100/100
|turn|18
|
|t:|1760409478
|move|p1a: Pecharunt|Hex|p2a: Great Tusk
|-damage|p2a: Great Tusk|0 fnt
|faint|p2a: Great Tusk
|-end|p2a: Great Tusk|Protosynthesis|[silent]
|
|upkeep
|
|t:|1760409490
|switch|p2a: Heatran|Heatran, M, shiny|67/100
|-damage|p2a: Heatran|55/100|[from] Stealth Rock
|turn|19
|
|t:|1760409504
|move|p1a: Pecharunt|Parting Shot|p2a: Heatran
|-unboost|p2a: Heatran|atk|1
|-unboost|p2a: Heatran|spa|1
|
|t:|1760409511
|switch|p1a: Dragonite|Dragonite, M|100/100|[from] Parting Shot
|move|p2a: Heatran|Magma Storm|p1a: Dragonite|[miss]
|-miss|p2a: Heatran|p1a: Dragonite
|
|upkeep
|turn|20
|inactive|Humerus_Skelepun has 270 seconds left.
|
|t:|1760409538
|move|p2a: Heatran|Taunt|p1a: Dragonite
|-start|p1a: Dragonite|move: Taunt
|move|p1a: Dragonite|Earthquake|p2a: Heatran
|-supereffective|p2a: Heatran
|-damage|p2a: Heatran|0 fnt
|faint|p2a: Heatran
|
|upkeep
|inactive|temporarylight has 270 seconds left.
|
|t:|1760409571
|switch|p2a: Pecharunt|Pecharunt|73/100 par
|-damage|p2a: Pecharunt|61/100 par|[from] Stealth Rock
|turn|21
|
|t:|1760409584
|switch|p1a: Pecharunt|Pecharunt|100/100
|-terastallize|p2a: Pecharunt|Ghost
|move|p2a: Pecharunt|Malignant Chain|p1a: Pecharunt
|-resisted|p1a: Pecharunt
|-damage|p1a: Pecharunt|92/100
|
|upkeep
|turn|22
|
|t:|1760409593
|switch|p2a: Weavile|Weavile, M|68/100
|-damage|p2a: Weavile|43/100|[from] Stealth Rock
|-ability|p2a: Weavile|Pressure
|move|p1a: Pecharunt|Hex|p2a: Weavile
|-resisted|p2a: Weavile
|-damage|p2a: Weavile|29/100
|
|upkeep
|turn|23
|inactive|temporarylight has 270 seconds left.
|
|t:|1760409607
|switch|p1a: Arcanine|Arcanine-Hisui, F|84/100
|move|p2a: Weavile|Low Kick|p1a: Arcanine
|-supereffective|p1a: Arcanine
|-damage|p1a: Arcanine|0 fnt
|faint|p1a: Arcanine
|
|upkeep
|
|t:|1760409620
|switch|p1a: Pecharunt|Pecharunt|92/100
|turn|24
|
|t:|1760409631
|switch|p2a: Ogerpon|Ogerpon, F|100/100
|-damage|p2a: Ogerpon|88/100|[from] Stealth Rock
|move|p1a: Pecharunt|Malignant Chain|p2a: Ogerpon
|-supereffective|p2a: Ogerpon
|-damage|p2a: Ogerpon|22/100
|
|upkeep
|turn|25
|
|t:|1760409646
|move|p2a: Ogerpon|Knock Off|p1a: Pecharunt
|-supereffective|p1a: Pecharunt
|-crit|p1a: Pecharunt
|-damage|p1a: Pecharunt|1/100
|-enditem|p1a: Pecharunt|Heavy-Duty Boots|[from] move: Knock Off|[of] p2a: Ogerpon
|move|p1a: Pecharunt|Hex|p2a: Ogerpon
|-damage|p2a: Ogerpon|0 fnt
|faint|p2a: Ogerpon
|
|upkeep
|inactive|temporarylight has 270 seconds left.
|
|t:|1760409668
|switch|p2a: Weavile|Weavile, M|29/100
|-damage|p2a: Weavile|4/100|[from] Stealth Rock
|-ability|p2a: Weavile|Pressure
|turn|26
|inactive|temporarylight has 270 seconds left.
|
|t:|1760409673
|move|p2a: Weavile|Triple Axel|p1a: Pecharunt
|-damage|p1a: Pecharunt|0 fnt
|faint|p1a: Pecharunt
|-hitcount|p1: Pecharunt|1
|
|upkeep
|
|t:|1760409678
|switch|p1a: Dragonite|Dragonite, M|100/100
|turn|27
|
|t:|1760409680
|move|p1a: Dragonite|Extreme Speed|p2a: Weavile
|-damage|p2a: Weavile|0 fnt
|faint|p2a: Weavile
|
|upkeep
|
|t:|1760409683
|switch|p2a: Pecharunt|Pecharunt, tera:Ghost|61/100 par
|-damage|p2a: Pecharunt|49/100 par|[from] Stealth Rock
|turn|28
|
|t:|1760409689
|move|p1a: Dragonite|Dragon Dance|p1a: Dragonite
|-boost|p1a: Dragonite|atk|1
|-boost|p1a: Dragonite|spe|1
|move|p2a: Pecharunt|Malignant Chain|p1a: Dragonite
|-damage|p1a: Dragonite|84/100
|-status|p1a: Dragonite|tox
|-start|p1a: Dragonite|confusion|[from] ability: Poison Puppeteer|[of] p2a: Pecharunt
|
|-damage|p1a: Dragonite|78/100 tox|[from] psn
|upkeep
|turn|29
|
|t:|1760409703
|-activate|p1a: Dragonite|confusion
|move|p1a: Dragonite|Earthquake|p2a: Pecharunt
|-damage|p2a: Pecharunt|20/100 par
|move|p2a: Pecharunt|Recover|p2a: Pecharunt
|-heal|p2a: Pecharunt|70/100 par
|
|-damage|p1a: Dragonite|66/100 tox|[from] psn
|upkeep
|turn|30
|
|t:|1760409711
|-activate|p1a: Dragonite|confusion
|move|p1a: Dragonite|Earthquake|p2a: Pecharunt
|-damage|p2a: Pecharunt|43/100 par
|cant|p2a: Pecharunt|par
|
|-damage|p1a: Dragonite|47/100 tox|[from] psn
|upkeep
|turn|31
|
|t:|1760409714
|-end|p1a: Dragonite|confusion
|move|p1a: Dragonite|Earthquake|p2a: Pecharunt
|-damage|p2a: Pecharunt|15/100 par
|move|p2a: Pecharunt|Recover|p2a: Pecharunt
|-heal|p2a: Pecharunt|65/100 par
|
|-damage|p1a: Dragonite|22/100 tox|[from] psn
|upkeep
|turn|32
|
|t:|1760409723
|move|p1a: Dragonite|Earthquake|p2a: Pecharunt
|-damage|p2a: Pecharunt|39/100 par
|cant|p2a: Pecharunt|par
|
|-damage|p1a: Dragonite|0 fnt|[from] psn
|faint|p1a: Dragonite
|upkeep
|
|t:|1760409725
|switch|p1a: Darkrai|Darkrai|100/100
|turn|33
|
|t:|1760409729
|move|p1a: Darkrai|Dark Pulse|p2a: Pecharunt
|-supereffective|p2a: Pecharunt
|-damage|p2a: Pecharunt|0 fnt
|faint|p2a: Pecharunt
|
|win|Humerus_Skelepun
