|j|☆tortoisele
|j|☆I will eat another
|t:|1760455600
|gametype|singles
|player|p1|tortoisele|170|1415
|player|p2|I will eat another|plasmagrunt|1381
|gen|9
|tier|[Gen 9] OU
|rated|
|rule|HP Percentage Mod: HP is shown in percentages
|rule|Endless Battle Clause: Forcing endless battles is banned
|rule|Species Clause: Limit one of each Pokémon
|rule|OHKO Clause: OHKO moves are banned
|rule|Evasion Items Clause: Evasion items are banned
|rule|Evasion Moves Clause: Evasion moves are banned
|rule|Evasion Abilities Clause: Evasion abilities are banned
|rule|Sleep Moves Clause: Sleep-inducing moves are banned
|clearpoke
|poke|p1|Kyurem|
|poke|p1|Samurott-Hisui, M|
|poke|p1|Great Tusk|
|poke|p1|Rillaboom, M|
|poke|p1|Zamazenta-*|
|poke|p1|Gholdengo|
|poke|p2|Breloom, F|
|poke|p2|Swinub, M|
|poke|p2|Iron Crown|
|poke|p2|Glimmora, M|
|poke|p2|Talonflame, M|
|poke|p2|Greninja-*, M|
|teampreview
|inactive|Battle timer is ON: inactive players will automatically lose when time's up. (requested by I will eat another)
|inactive|tortoisele also wants the timer to be on.
|
|t:|1760455604
|teamsize|p1|6
|teamsize|p2|6
|start
|switch|p1a: Samurott|Samurott-Hisui, M|100/100
|switch|p2a: Kapilz|Breloom, F|100/100
|turn|1
|
|t:|1760455610
|move|p1a: Samurott|Ceaseless Edge|p2a: Kapilz
|-resisted|p2a: Kapilz
|-damage|p2a: Kapilz|62/100
|-sidestart|p2: I will eat another|Spikes
|move|p2a: Kapilz|Bullet Seed|p1a: Samurott
|-supereffective|p1a: Samurott
|-damage|p1a: Samurott|33/100
|-supereffective|p1a: Samurott
|-damage|p1a: Samurott|0 fnt
|faint|p1a: Samurott
|-hitcount|p1: Samurott|2
|-damage|p2a: Kapilz|52/100|[from] item: Life Orb
|
|upkeep
|
|t:|1760455616
|switch|p1a: Gholdengo|Gholdengo|100/100
|-item|p1a: Gholdengo|Air Balloon
|turn|2
|
|t:|1760455624
|switch|p2a: Fiaro|Talonflame, M|100/100
|move|p1a: Gholdengo|Nasty Plot|p1a: Gholdengo
|-boost|p1a: Gholdengo|spa|2
|
|upkeep
|turn|3
|
|t:|1760455630
|switch|p1a: Great Tusk|Great Tusk|100/100
|-enditem|p1a: Great Tusk|Booster Energy
|-activate|p1a: Great Tusk|ability: Protosynthesis|[fromitem]
|-start|p1a: Great Tusk|protosynthesisspe
|move|p2a: Fiaro|Flamethrower|p1a: Great Tusk
|-damage|p1a: Great Tusk|69/100
|
|upkeep
|turn|4
|
|t:|1760455637
|move|p1a: Great Tusk|Ice Spinner|p2a: Fiaro
|-damage|p2a: Fiaro|79/100
|-status|p1a: Great Tusk|brn|[from] ability: Flame Body|[of] p2a: Fiaro
|move|p2a: Fiaro|Will-O-Wisp|p1a: Great Tusk
|-fail|p1a: Great Tusk|brn
|
|-damage|p1a: Great Tusk|62/100 brn|[from] brn
|upkeep
|turn|5
|
|t:|1760455647
|move|p1a: Great Tusk|Ice Spinner|p2a: Fiaro
|-damage|p2a: Fiaro|69/100
|move|p2a: Fiaro|Defog|p1a: Great Tusk
|-unboost|p1a: Great Tusk|evasion|1
|-sideend|p2: I will eat another|Spikes|[from] move: Defog|[of] p2a: Fiaro
|
|-damage|p1a: Great Tusk|56/100 brn|[from] brn
|upkeep
|turn|6
|
|t:|1760455654
|move|p1a: Great Tusk|Ice Spinner|p2a: Fiaro
|-damage|p2a: Fiaro|58/100
|move|p2a: Fiaro|Flamethrower|p1a: Great Tusk
|-damage|p1a: Great Tusk|24/100 brn
|
|-damage|p1a: Great Tusk|18/100 brn|[from] brn
|upkeep
|turn|7
|
|t:|1760455661
|move|p1a: Great Tusk|Ice Spinner|p2a: Fiaro
|-damage|p2a: Fiaro|48/100
|move|p2a: Fiaro|Roost|p2a: Fiaro
|-heal|p2a: Fiaro|99/100
|-singleturn|p2a: Fiaro|move: Roost
|
|-damage|p1a: Great Tusk|12/100 brn|[from] brn
|upkeep
|turn|8
|
|t:|1760455669
|move|p1a: Great Tusk|Ice Spinner|p2a: Fiaro
|-crit|p2a: Fiaro
|-damage|p2a: Fiaro|84/100
|move|p2a: Fiaro|Flamethrower|p1a: Great Tusk
|-crit|p1a: Great Tusk
|-damage|p1a: Great Tusk|0 fnt
|faint|p1a: Great Tusk
|-end|p1a: Great Tusk|Protosynthesis|[silent]
|
|upkeep
|
|t:|1760455671
|switch|p1a: Zamazenta|Zamazenta|100/100
|-ability|p1a: Zamazenta|Dauntless Shield|boost
|-boost|p1a: Zamazenta|def|1
|turn|9
|
|t:|1760455679
|move|p1a: Zamazenta|Stone Edge|p2a: Fiaro
|-supereffective|p2a: Fiaro
|-damage|p2a: Fiaro|0 fnt
|faint|p2a: Fiaro
|-damage|p1a: Zamazenta|91/100|[from] item: Life Orb
|
|upkeep
|
|t:|1760455688
|switch|p2a: Quiekel|Swinub, M|100/100
|turn|10
|
|t:|1760455691
|move|p1a: Zamazenta|Heavy Slam|p2a: Quiekel
|-supereffective|p2a: Quiekel
|-enditem|p2a: Quiekel|Focus Sash
|-damage|p2a: Quiekel|1/100
|-damage|p1a: Zamazenta|81/100|[from] item: Life Orb
|move|p2a: Quiekel|Endeavor|p1a: Zamazenta
|-damage|p1a: Zamazenta|1/100
|
|upkeep
|turn|11
|
|t:|1760455700
|switch|p1a: Gholdengo|Gholdengo|100/100
|-item|p1a: Gholdengo|Air Balloon
|move|p2a: Quiekel|Ice Shard|p1a: Gholdengo
|-resisted|p1a: Gholdengo
|-damage|p1a: Gholdengo|93/100
|-enditem|p1a: Gholdengo|Air Balloon
|
|upkeep
|turn|12
|
|t:|1760455709
|move|p1a: Gholdengo|Shadow Ball|p2a: Quiekel
|-damage|p2a: Quiekel|0 fnt
|faint|p2a: Quiekel
|
|upkeep
|
|t:|1760455714
|switch|p2a: Quajutsu|Greninja, M|100/100
|turn|13
|
|t:|1760455721
|-terastallize|p1a: Gholdengo|Fairy
|move|p2a: Quajutsu|Dark Pulse|p1a: Gholdengo
|-start|p2a: Quajutsu|typechange|Dark|[from] ability: Protean
|-resisted|p1a: Gholdengo
|-damage|p1a: Gholdengo|62/100
|cant|p1a: Gholdengo|flinch
|
|upkeep
|turn|14
|
|t:|1760455734
|move|p2a: Quajutsu|Dark Pulse|p1a: Gholdengo
|-resisted|p1a: Gholdengo
|-damage|p1a: Gholdengo|33/100
|cant|p1a: Gholdengo|flinch
|
|upkeep
|turn|15
|
|t:|1760455740
|move|p2a: Quajutsu|Dark Pulse|p1a: Gholdengo
|-resisted|p1a: Gholdengo
|-damage|p1a: Gholdengo|0 fnt
|faint|p1a: Gholdengo
|
|upkeep
|
|t:|1760455743
|switch|p1a: Zamazenta|Zamazenta|1/100
|turn|16
|
|t:|1760455751
|switch|p2a: Lumiflora|Glimmora, M|100/100
|move|p1a: Zamazenta|Close Combat|p2a: Lumiflora
|-damage|p2a: Lumiflora|4/100
|-unboost|p1a: Zamazenta|def|1
|-unboost|p1a: Zamazenta|spd|1
|-activate|p2a: Lumiflora|ability: Toxic Debris
|-sidestart|p1: tortoisele|move: Toxic Spikes
|-damage|p1a: Zamazenta|0 fnt|[from] item: Life Orb
|faint|p1a: Zamazenta
|
|upkeep
|
|t:|1760455761
|switch|p1a: Kyurem|Kyurem|100/100
|-status|p1a: Kyurem|psn
|-ability|p1a: Kyurem|Pressure
|turn|17
|
|t:|1760455770
|move|p1a: Kyurem|Earth Power|p2a: Lumiflora
|-supereffective|p2a: Lumiflora
|-damage|p2a: Lumiflora|0 fnt
|faint|p2a: Lumiflora
|
|-damage|p1a: Kyurem|88/100 psn|[from] psn
|upkeep
|
|t:|1760455777
|switch|p2a: Eisenkrone|Iron Crown|100/100
|-enditem|p2a: Eisenkrone|Booster Energy
|-activate|p2a: Eisenkrone|ability: Quark Drive|[fromitem]
|-start|p2a: Eisenkrone|quarkdrivespe
|turn|18
|
|t:|1760455784
|move|p2a: Eisenkrone|Tachyon Cutter|p1a: Kyurem
|-supereffective|p1a: Kyurem
|-damage|p1a: Kyurem|43/100 psn
|-supereffective|p1a: Kyurem
|-damage|p1a: Kyurem|2/100 psn
|-hitcount|p1a: Kyurem|2
|move|p1a: Kyurem|Earth Power|p2a: Eisenkrone
|-supereffective|p2a: Eisenkrone
|-crit|p2a: Eisenkrone
|-damage|p2a: Eisenkrone|19/100
|
|-damage|p1a: Kyurem|0 fnt|[from] psn
|faint|p1a: Kyurem
|upkeep
|
|t:|1760455786
|switch|p1a: Rillaboom|Rillaboom, M|100/100
|-status|p1a: Rillaboom|psn
|-fieldstart|move: Grassy Terrain|[from] ability: Grassy Surge|[of] p1a: Rillaboom
|turn|19
|
|t:|1760455800
|move|p1a: Rillaboom|Grassy Glide|p2a: Eisenkrone
|-resisted|p2a: Eisenkrone
|-crit|p2a: Eisenkrone
|-damage|p2a: Eisenkrone|0 fnt
|faint|p2a: Eisenkrone
|-end|p2a: Eisenkrone|Quark Drive|[silent]
|
|-damage|p1a: Rillaboom|88/100 psn|[from] psn
|upkeep
|
|t:|1760455808
|switch|p2a: Kapilz|Breloom, F|52/100
|turn|20
|
|t:|1760455812
|move|p1a: Rillaboom|Grassy Glide|p2a: Kapilz
|-resisted|p2a: Kapilz
|-damage|p2a: Kapilz|4/100
|move|p2a: Kapilz|Rock Tomb|p1a: Rillaboom
|-damage|p1a: Rillaboom|42/100 psn
|-unboost|p1a: Rillaboom|spe|1
|-damage|p2a: Kapilz|0 fnt|[from] item: Life Orb
|faint|p2a: Kapilz
|
|-heal|p1a: Rillaboom|48/100 psn|[from] Grassy Terrain
|-damage|p1a: Rillaboom|36/100 psn|[from] psn
|upkeep
|
|t:|1760455824
|switch|p2a: Quajutsu|Greninja, M|100/100
|turn|21
|
|t:|1760455827
|move|p1a: Rillaboom|Grassy Glide|p2a: Quajutsu
|-supereffective|p2a: Quajutsu
|-damage|p2a: Quajutsu|0 fnt
|faint|p2a: Quajutsu
|
|win|tortoisele
|raw|tortoisele's rating: 1415 &rarr; <strong>1433</strong><br />(+18 for winning)
|raw|I will eat another's rating: 1381 &rarr; <strong>1363</strong><br />(-18 for losing)
|l|☆tortoisele
|player|p1|
|l|☆I will eat another
|player|p2|
|j|☆tortoisele
|player|p1|tortoisele|170|
|l|☆tortoisele
|player|p1|
