|j|☆Jamezon
|j|☆lousiv
|t:|1760353542
|gametype|singles
|player|p1|Jamezon|265|1292
|player|p2|lousiv|volkner|1284
|gen|9
|tier|[Gen 9] OU
|rated|
|rule|HP Percentage Mod: HP is shown in percentages
|rule|Endless Battle Clause: Forcing endless battles is banned
|rule|Species Clause: Limit one of each Pokémon
|rule|OHKO Clause: OHKO moves are banned
|rule|Evasion Items Clause: Evasion items are banned
|rule|Evasion Moves Clause: Evasion moves are banned
|rule|Evasion Abilities Clause: Evasion abilities are banned
|rule|Sleep Moves Clause: Sleep-inducing moves are banned
|clearpoke
|poke|p1|Kingambit, F|
|poke|p1|Cinderace, F|
|poke|p1|Landorus-Therian, M|
|poke|p1|Iron Valiant|
|poke|p1|Kyurem|
|poke|p1|Slowking-Galar, M|
|poke|p2|Blissey, F|
|poke|p2|Sableye, F|
|poke|p2|Venusaur, F|
|poke|p2|Quagsire, F|
|poke|p2|Weavile, F|
|poke|p2|Mandibuzz, F|
|teampreview
|j| Hakikeke
|l|☆lousiv
|player|p2|
|j|☆lousiv
|player|p2|lousiv|volkner|
|inactive|Battle timer is ON: inactive players will automatically lose when time's up. (requested by lousiv)
|
|t:|1760353583
|teamsize|p1|6
|teamsize|p2|6
|start
|switch|p1a: Cinderace|Cinderace, F, shiny|100/100
|switch|p2a: Sableye|Sableye, F|100/100
|turn|1
|
|t:|1760353591
|move|p1a: Cinderace|Pyro Ball|p2a: Sableye
|-damage|p2a: Sableye|52/100
|move|p2a: Sableye|Knock Off|p1a: Cinderace
|-damage|p1a: Cinderace|72/100
|-enditem|p1a: Cinderace|Heavy-Duty Boots|[from] move: Knock Off|[of] p2a: Sableye
|
|-heal|p2a: Sableye|58/100|[from] item: Leftovers
|upkeep
|turn|2
|
|t:|1760353601
|move|p2a: Sableye|Recover|p2a: Sableye
|-heal|p2a: Sableye|100/100
|move|p1a: Cinderace|U-turn|p2a: Sableye
|-damage|p2a: Sableye|81/100
|
|t:|1760353613
|switch|p1a: Landorus|Landorus-Therian, M, shiny|100/100|[from] U-turn
|-ability|p1a: Landorus|Intimidate|boost
|-unboost|p2a: Sableye|atk|1
|
|-heal|p2a: Sableye|87/100|[from] item: Leftovers
|upkeep
|turn|3
|
|t:|1760353624
|move|p2a: Sableye|Will-O-Wisp|p1a: Landorus
|-status|p1a: Landorus|brn
|move|p1a: Landorus|Taunt|p2a: Sableye
|-start|p2a: Sableye|move: Taunt
|
|-heal|p2a: Sableye|94/100|[from] item: Leftovers
|-damage|p1a: Landorus|94/100 brn|[from] brn
|upkeep
|turn|4
|
|t:|1760353634
|switch|p1a: Slowking|Slowking-Galar, M, shiny|100/100
|switch|p2a: Mandibuzz|Mandibuzz, F|100/100
|
|upkeep
|turn|5
|
|t:|1760353643
|switch|p2a: Blissey|Blissey, F|100/100
|-prepare|p1a: Slowking|Chilly Reception|[premajor]
|move|p1a: Slowking|Chilly Reception|p1a: Slowking
|-weather|Snowscape
|
|t:|1760353653
|switch|p1a: Cinderace|Cinderace, F, shiny|72/100|[from] Chilly Reception
|
|-weather|Snowscape|[upkeep]
|upkeep
|turn|6
|
|t:|1760353661
|switch|p2a: Quagsire|Quagsire, F|100/100
|move|p1a: Cinderace|Pyro Ball|p2a: Quagsire
|-resisted|p2a: Quagsire
|-damage|p2a: Quagsire|84/100
|
|-weather|Snowscape|[upkeep]
|-heal|p2a: Quagsire|90/100|[from] item: Leftovers
|upkeep
|turn|7
|
|t:|1760353666
|move|p1a: Cinderace|U-turn|p2a: Quagsire
|-damage|p2a: Quagsire|79/100
|
|t:|1760353673
|switch|p1a: Landorus|Landorus-Therian, M, shiny|94/100 brn|[from] U-turn
|-ability|p1a: Landorus|Intimidate|boost
|-unboost|p2a: Quagsire|atk|1
|move|p2a: Quagsire|Counter|p1a: Landorus
|-damage|p1a: Landorus|66/100 brn
|-damage|p2a: Quagsire|62/100|[from] item: Rocky Helmet|[of] p1a: Landorus
|
|-weather|Snowscape|[upkeep]
|-heal|p2a: Quagsire|68/100|[from] item: Leftovers
|-damage|p1a: Landorus|59/100 brn|[from] brn
|upkeep
|turn|8
|
|t:|1760353680
|move|p1a: Landorus|U-turn|p2a: Quagsire
|-crit|p2a: Quagsire
|-damage|p2a: Quagsire|57/100
|
|t:|1760353685
|switch|p1a: Slowking|Slowking-Galar, M, shiny|100/100|[from] U-turn
|move|p2a: Quagsire|Recover|p2a: Quagsire
|-heal|p2a: Quagsire|100/100
|
|-weather|Snowscape|[upkeep]
|upkeep
|turn|9
|
|t:|1760353693
|switch|p2a: Blissey|Blissey, F|100/100
|move|p1a: Slowking|Psychic Noise|p2a: Blissey
|-damage|p2a: Blissey|91/100
|-start|p2a: Blissey|move: Heal Block
|
|-weather|none
|upkeep
|turn|10
|
|t:|1760353698
|move|p2a: Blissey|Stealth Rock|p1a: Slowking
|-sidestart|p1: Jamezon|move: Stealth Rock
|move|p1a: Slowking|Thunder Wave|p2a: Blissey
|-status|p2a: Blissey|par
|
|-end|p2a: Blissey|move: Heal Block
|upkeep
|turn|11
|
|t:|1760353706
|move|p2a: Blissey|Thunder Wave|p1a: Slowking
|-status|p1a: Slowking|par
|cant|p1a: Slowking|par
|
|upkeep
|turn|12
|
|t:|1760353712
|move|p2a: Blissey|Seismic Toss|p1a: Slowking
|-damage|p1a: Slowking|75/100 par
|move|p1a: Slowking|Sludge Bomb|p2a: Blissey
|-damage|p2a: Blissey|78/100 par
|
|upkeep
|turn|13
|
|t:|1760353719
|-curestatus|p2a: Blissey|par|[from] ability: Natural Cure
|switch|p2a: Weavile|Weavile, F|100/100
|-ability|p2a: Weavile|Pressure
|move|p1a: Slowking|Psychic Noise|p2a: Weavile
|-immune|p2a: Weavile
|
|upkeep
|turn|14
|
|t:|1760353723
|switch|p1a: Landorus|Landorus-Therian, M, shiny|59/100 brn
|-damage|p1a: Landorus|47/100 brn|[from] Stealth Rock
|-ability|p1a: Landorus|Intimidate|boost
|-unboost|p2a: Weavile|atk|1
|move|p2a: Weavile|Night Slash|p1a: Landorus
|-damage|p1a: Landorus|13/100 brn
|-damage|p2a: Weavile|84/100|[from] item: Rocky Helmet|[of] p1a: Landorus
|
|-damage|p1a: Landorus|7/100 brn|[from] brn
|upkeep
|turn|15
|
|t:|1760353728
|move|p2a: Weavile|Night Slash|p1a: Landorus
|-crit|p1a: Landorus
|-damage|p1a: Landorus|0 fnt
|-damage|p2a: Weavile|68/100|[from] item: Rocky Helmet|[of] p1a: Landorus
|faint|p1a: Landorus
|
|upkeep
|
|t:|1760353744
|switch|p1a: Kingambit|Kingambit, F|100/100
|-damage|p1a: Kingambit|94/100|[from] Stealth Rock
|-activate|p1a: Kingambit|ability: Supreme Overlord
|-start|p1a: Kingambit|fallen1|[silent]
|turn|16
|
|t:|1760353758
|switch|p2a: Mandibuzz|Mandibuzz, F|100/100
|move|p1a: Kingambit|Swords Dance|p1a: Kingambit
|-boost|p1a: Kingambit|atk|2
|
|-heal|p1a: Kingambit|100/100|[from] item: Leftovers
|upkeep
|turn|17
|
|t:|1760353762
|move|p2a: Mandibuzz|Foul Play|p1a: Kingambit
|-resisted|p1a: Kingambit
|-damage|p1a: Kingambit|57/100
|move|p1a: Kingambit|Iron Head|p2a: Mandibuzz
|-damage|p2a: Mandibuzz|44/100
|
|-heal|p2a: Mandibuzz|50/100|[from] item: Leftovers
|-heal|p1a: Kingambit|64/100|[from] item: Leftovers
|upkeep
|turn|18
|
|t:|1760353785
|switch|p2a: Quagsire|Quagsire, F|100/100
|-end|p1a: Kingambit|fallen1|[silent]
|switch|p1a: Cinderace|Cinderace, F, shiny|72/100
|-damage|p1a: Cinderace|48/100|[from] Stealth Rock
|
|upkeep
|turn|19
|
|t:|1760353792
|move|p1a: Cinderace|U-turn|p2a: Quagsire
|-crit|p2a: Quagsire
|-damage|p2a: Quagsire|82/100
|
|t:|1760353794
|switch|p1a: Slowking|Slowking-Galar, M, shiny|100/100 par|[from] U-turn
|move|p2a: Quagsire|Earthquake|p1a: Slowking
|-supereffective|p1a: Slowking
|-damage|p1a: Slowking|42/100 par
|
|-heal|p2a: Quagsire|88/100|[from] item: Leftovers
|upkeep
|turn|20
|
|t:|1760353796
|move|p2a: Quagsire|Earthquake|p1a: Slowking
|-supereffective|p1a: Slowking
|-damage|p1a: Slowking|0 fnt
|faint|p1a: Slowking
|
|-heal|p2a: Quagsire|94/100|[from] item: Leftovers
|upkeep
|
|t:|1760353799
|switch|p1a: Kyurem|Kyurem, shiny|100/100
|-damage|p1a: Kyurem|76/100|[from] Stealth Rock
|-ability|p1a: Kyurem|Pressure
|turn|21
|
|t:|1760353807
|switch|p2a: Blissey|Blissey, F|78/100
|move|p1a: Kyurem|Substitute|p1a: Kyurem
|-start|p1a: Kyurem|Substitute
|-damage|p1a: Kyurem|51/100
|
|-heal|p1a: Kyurem|57/100|[from] item: Leftovers
|upkeep
|turn|22
|
|t:|1760353810
|move|p1a: Kyurem|Freeze-Dry|p2a: Blissey
|-damage|p2a: Blissey|65/100
|-status|p2a: Blissey|frz
|-curestatus|p2a: Blissey|frz|[msg]
|move|p2a: Blissey|Seismic Toss|p1a: Kyurem
|-activate|p1a: Kyurem|move: Substitute|[damage]
|
|-heal|p1a: Kyurem|63/100|[from] item: Leftovers
|upkeep
|turn|23
|
|t:|1760353815
|move|p1a: Kyurem|Earth Power|p2a: Blissey
|-damage|p2a: Blissey|54/100
|move|p2a: Blissey|Seismic Toss|p1a: Kyurem
|-end|p1a: Kyurem|Substitute
|
|-heal|p1a: Kyurem|69/100|[from] item: Leftovers
|upkeep
|turn|24
|
|t:|1760353820
|switch|p2a: Weavile|Weavile, F|68/100
|-ability|p2a: Weavile|Pressure
|move|p1a: Kyurem|Substitute|p1a: Kyurem
|-start|p1a: Kyurem|Substitute
|-damage|p1a: Kyurem|44/100
|
|-heal|p1a: Kyurem|50/100|[from] item: Leftovers
|upkeep
|turn|25
|
|t:|1760353825
|move|p1a: Kyurem|Protect|p1a: Kyurem
|-singleturn|p1a: Kyurem|Protect
|move|p2a: Weavile|Triple Axel|p1a: Kyurem
|-activate|p1a: Kyurem|move: Protect
|
|-heal|p1a: Kyurem|57/100|[from] item: Leftovers
|upkeep
|turn|26
|
|t:|1760353830
|move|p2a: Weavile|Triple Axel|p1a: Kyurem
|-crit|p1a: Kyurem
|-activate|p1a: Kyurem|move: Substitute|[damage]
|-end|p1a: Kyurem|Substitute
|-hitcount|p1a: Kyurem|2
|move|p1a: Kyurem|Earth Power|p2a: Weavile
|-damage|p2a: Weavile|28/100
|
|-heal|p1a: Kyurem|63/100|[from] item: Leftovers
|upkeep
|turn|27
|
|t:|1760353839
|switch|p1a: Cinderace|Cinderace, F, shiny|48/100
|-damage|p1a: Cinderace|23/100|[from] Stealth Rock
|move|p2a: Weavile|Triple Axel|p1a: Cinderace
|-resisted|p1a: Cinderace
|-damage|p1a: Cinderace|14/100
|-resisted|p1a: Cinderace
|-damage|p1a: Cinderace|0 fnt
|faint|p1a: Cinderace
|-hitcount|p1: Cinderace|2
|
|upkeep
|
|t:|1760353845
|switch|p1a: Iron Valiant|Iron Valiant|100/100
|-damage|p1a: Iron Valiant|94/100|[from] Stealth Rock
|-enditem|p1a: Iron Valiant|Booster Energy
|-activate|p1a: Iron Valiant|ability: Quark Drive|[fromitem]
|-start|p1a: Iron Valiant|quarkdrivespe
|turn|28
|
|t:|1760353852
|switch|p2a: Blissey|Blissey, F|54/100
|move|p1a: Iron Valiant|Moonblast|p2a: Blissey
|-damage|p2a: Blissey|37/100
|-unboost|p2a: Blissey|spa|1
|
|upkeep
|turn|29
|
|t:|1760353858
|move|p1a: Iron Valiant|Calm Mind|p1a: Iron Valiant
|-boost|p1a: Iron Valiant|spa|1
|-boost|p1a: Iron Valiant|spd|1
|move|p2a: Blissey|Soft-Boiled|p2a: Blissey
|-heal|p2a: Blissey|87/100
|
|upkeep
|turn|30
|
|t:|1760353862
|move|p1a: Iron Valiant|Encore|p2a: Blissey
|-start|p2a: Blissey|Encore
|move|p2a: Blissey|Soft-Boiled|p2a: Blissey
|-heal|p2a: Blissey|100/100
|
|upkeep
|turn|31
|
|t:|1760353867
|switch|p2a: Mandibuzz|Mandibuzz, F|50/100
|move|p1a: Iron Valiant|Calm Mind|p1a: Iron Valiant
|-boost|p1a: Iron Valiant|spa|1
|-boost|p1a: Iron Valiant|spd|1
|
|-heal|p2a: Mandibuzz|56/100|[from] item: Leftovers
|upkeep
|turn|32
|
|t:|1760353872
|move|p1a: Iron Valiant|Moonblast|p2a: Mandibuzz
|-supereffective|p2a: Mandibuzz
|-damage|p2a: Mandibuzz|0 fnt
|faint|p2a: Mandibuzz
|
|upkeep
|
|t:|1760353875
|switch|p2a: Blissey|Blissey, F|100/100
|turn|33
|
|t:|1760353885
|move|p1a: Iron Valiant|Calm Mind|p1a: Iron Valiant
|-boost|p1a: Iron Valiant|spa|1
|-boost|p1a: Iron Valiant|spd|1
|move|p2a: Blissey|Thunder Wave|p1a: Iron Valiant
|-status|p1a: Iron Valiant|par
|
|upkeep
|turn|34
|
|t:|1760353891
|cant|p1a: Iron Valiant|par
|move|p2a: Blissey|Soft-Boiled||[still]
|-fail|p2a: Blissey|heal
|
|upkeep
|turn|35
|
|t:|1760353903
|move|p1a: Iron Valiant|Moonblast|p2a: Blissey
|-damage|p2a: Blissey|55/100
|move|p2a: Blissey|Seismic Toss|p1a: Iron Valiant
|-damage|p1a: Iron Valiant|60/100 par
|
|upkeep
|turn|36
|
|t:|1760353933
|cant|p1a: Iron Valiant|par
|move|p2a: Blissey|Seismic Toss|p1a: Iron Valiant
|-damage|p1a: Iron Valiant|25/100 par
|
|upkeep
|turn|37
|c|☆Jamezon|nice hacks
|
|t:|1760353941
|move|p1a: Iron Valiant|Moonblast|p2a: Blissey
|-damage|p2a: Blissey|14/100
|-unboost|p2a: Blissey|spa|1
|move|p2a: Blissey|Seismic Toss|p1a: Iron Valiant
|-damage|p1a: Iron Valiant|0 fnt
|faint|p1a: Iron Valiant
|-end|p1a: Iron Valiant|Quark Drive|[silent]
|
|upkeep
|-message|Jamezon forfeited.
|
|win|lousiv
|raw|Jamezon's rating: 1292 &rarr; <strong>1266</strong><br />(-26 for losing)
|raw|lousiv's rating: 1284 &rarr; <strong>1310</strong><br />(+26 for winning)
|l|☆Jamezon
|player|p1|
|l| Hakikeke
|l|☆lousiv
|player|p2|
