|j|☆zabzib
|j|☆MusleBroMachio
|t:|1760327936
|gametype|singles
|player|p1|zabzib|gambler|1119
|player|p2|MusleBroMachio|2|1105
|gen|9
|tier|[Gen 9] OU
|rated|
|rule|HP Percentage Mod: HP is shown in percentages
|rule|Endless Battle Clause: Forcing endless battles is banned
|rule|Species Clause: Limit one of each Pokémon
|rule|OHKO Clause: OHKO moves are banned
|rule|Evasion Items Clause: Evasion items are banned
|rule|Evasion Moves Clause: Evasion moves are banned
|rule|Evasion Abilities Clause: Evasion abilities are banned
|rule|Sleep Moves Clause: Sleep-inducing moves are banned
|clearpoke
|poke|p1|Hawlucha, M|
|poke|p1|Blaziken, M|
|poke|p1|Bellibolt, F|
|poke|p1|Kingambit, F|
|poke|p1|Scizor, F|
|poke|p1|Ceruledge, F|
|poke|p2|Quaquaval, F|
|poke|p2|Serperior, F|
|poke|p2|Oricorio, F|
|poke|p2|Mew|
|poke|p2|Raichu, M|
|poke|p2|Slowbro-Galar, M|
|teampreview
|inactive|Battle timer is ON: inactive players will automatically lose when time's up. (requested by MusleBroMachio)
|c|☆MusleBroMachio|hiya
|
|t:|1760327950
|teamsize|p1|6
|teamsize|p2|6
|start
|switch|p1a: Spongebob|Bellibolt, F, shiny|100/100
|switch|p2a: Mew|Mew|100/100
|turn|1
|
|t:|1760327959
|move|p2a: Mew|Tailwind|p2a: Mew
|-sidestart|p2: MusleBroMachio|move: Tailwind
|move|p1a: Spongebob|Mud-Slap|p2a: Mew
|-damage|p2a: Mew|94/100
|-unboost|p2a: Mew|accuracy|1
|
|-heal|p2a: Mew|99/100|[from] item: Leftovers
|upkeep
|turn|2
|
|t:|1760327966
|move|p2a: Mew|Toxic Spikes|p1a: Spongebob
|-sidestart|p1: zabzib|move: Toxic Spikes
|move|p1a: Spongebob|Mud-Slap|p2a: Mew
|-damage|p2a: Mew|93/100
|-unboost|p2a: Mew|accuracy|1
|
|-heal|p2a: Mew|99/100|[from] item: Leftovers
|upkeep
|turn|3
|
|t:|1760327976
|move|p2a: Mew|Toxic Spikes|p1a: Spongebob
|-sidestart|p1: zabzib|move: Toxic Spikes
|move|p1a: Spongebob|Mud-Slap|p2a: Mew
|-damage|p2a: Mew|93/100
|-unboost|p2a: Mew|accuracy|1
|
|-heal|p2a: Mew|99/100|[from] item: Leftovers
|upkeep
|turn|4
|
|t:|1760327984
|move|p1a: Spongebob|Chilling Water|p2a: Mew
|-damage|p2a: Mew|83/100
|-unboost|p2a: Mew|atk|1
|move|p2a: Mew|Roar|p1a: Spongebob
|drag|p1a: One Punch|Scizor, F|100/100
|
|-heal|p2a: Mew|89/100|[from] item: Leftovers
|-sideend|p2: MusleBroMachio|move: Tailwind
|upkeep
|turn|5
|
|t:|1760327994
|move|p1a: One Punch|Bullet Punch|p2a: Mew
|-damage|p2a: Mew|58/100
|move|p2a: Mew|Roar|p1a: One Punch
|drag|p1a: Last Samurai|Kingambit, F, shiny|100/100
|
|-heal|p2a: Mew|64/100|[from] item: Leftovers
|upkeep
|turn|6
|
|t:|1760328005
|move|p1a: Last Samurai|Retaliate|p2a: Mew
|-damage|p2a: Mew|38/100
|move|p2a: Mew|Roar|p1a: Last Samurai
|-end|p1a: Last Samurai|fallenundefined|[silent]
|drag|p1a: Shawn Michaels|Blaziken, M, shiny|100/100
|-status|p1a: Shawn Michaels|tox
|
|-heal|p2a: Mew|44/100|[from] item: Leftovers
|-damage|p1a: Shawn Michaels|95/100 tox|[from] psn
|upkeep
|turn|7
|inactive|MusleBroMachio has 120 seconds left.
|
|t:|1760328038
|move|p1a: Shawn Michaels|Acrobatics|p2a: Mew
|-damage|p2a: Mew|23/100
|move|p2a: Mew|Roar|p1a: Shawn Michaels
|drag|p1a: One Punch|Scizor, F|100/100
|
|-heal|p2a: Mew|29/100|[from] item: Leftovers
|upkeep
|turn|8
|inactive|MusleBroMachio has 120 seconds left.
|
|t:|1760328049
|move|p1a: One Punch|Bullet Punch|p2a: Mew
|-damage|p2a: Mew|0 fnt
|faint|p2a: Mew
|
|upkeep
|inactive|MusleBroMachio has 120 seconds left.
|
|t:|1760328055
|switch|p2a: Oricorio|Oricorio, F, shiny|100/100
|turn|9
|
|t:|1760328061
|move|p1a: One Punch|Endure|p1a: One Punch
|-singleturn|p1a: One Punch|move: Endure
|move|p2a: Oricorio|Quiver Dance|p2a: Oricorio
|-boost|p2a: Oricorio|spa|1
|-boost|p2a: Oricorio|spd|1
|-boost|p2a: Oricorio|spe|1
|
|upkeep
|turn|10
|
|t:|1760328070
|switch|p1a: Shawn Michaels|Blaziken, M, shiny|95/100 tox
|move|p2a: Oricorio|Revelation Dance|p1a: Shawn Michaels
|-resisted|p1a: Shawn Michaels
|-damage|p1a: Shawn Michaels|50/100 tox
|
|-damage|p1a: Shawn Michaels|44/100 tox|[from] psn
|upkeep
|turn|11
|
|t:|1760328083
|move|p1a: Shawn Michaels|Endure|p1a: Shawn Michaels
|-singleturn|p1a: Shawn Michaels|move: Endure
|move|p2a: Oricorio|Quiver Dance|p2a: Oricorio
|-boost|p2a: Oricorio|spa|1
|-boost|p2a: Oricorio|spd|1
|-boost|p2a: Oricorio|spe|1
|
|-damage|p1a: Shawn Michaels|32/100 tox|[from] psn
|-ability|p1a: Shawn Michaels|Speed Boost|boost
|-boost|p1a: Shawn Michaels|spe|1
|upkeep
|turn|12
|
|t:|1760328095
|move|p1a: Shawn Michaels|Protect|p1a: Shawn Michaels
|-singleturn|p1a: Shawn Michaels|Protect
|move|p2a: Oricorio|Air Slash|p1a: Shawn Michaels
|-activate|p1a: Shawn Michaels|move: Protect
|
|-damage|p1a: Shawn Michaels|14/100 tox|[from] psn
|-ability|p1a: Shawn Michaels|Speed Boost|boost
|-boost|p1a: Shawn Michaels|spe|1
|upkeep
|turn|13
|
|t:|1760328107
|move|p1a: Shawn Michaels|Reversal|p2a: Oricorio
|-resisted|p2a: Oricorio
|-damage|p2a: Oricorio|65/100
|move|p2a: Oricorio|Air Slash|p1a: Shawn Michaels|[miss]
|-miss|p2a: Oricorio|p1a: Shawn Michaels
|
|-damage|p1a: Shawn Michaels|0 fnt|[from] psn
|faint|p1a: Shawn Michaels
|upkeep
|
|t:|1760328114
|switch|p1a: One Punch|Scizor, F|100/100
|turn|14
|
|t:|1760328121
|move|p1a: One Punch|Endure|p1a: One Punch
|-singleturn|p1a: One Punch|move: Endure
|move|p2a: Oricorio|Revelation Dance|p1a: One Punch
|-supereffective|p1a: One Punch
|-activate|p1a: One Punch|move: Endure
|-damage|p1a: One Punch|1/100
|-enditem|p1a: One Punch|Weakness Policy
|-boost|p1a: One Punch|atk|2|[from] item: Weakness Policy
|-boost|p1a: One Punch|spa|2|[from] item: Weakness Policy
|
|upkeep
|turn|15
|
|t:|1760328135
|-terastallize|p1a: One Punch|Steel
|move|p1a: One Punch|Bullet Punch|p2a: Oricorio
|-resisted|p2a: Oricorio
|-crit|p2a: Oricorio
|-damage|p2a: Oricorio|0 fnt
|faint|p2a: Oricorio
|
|upkeep
|
|t:|1760328141
|switch|p2a: Bro|Slowbro-Galar, M, shiny|100/100
|turn|16
|-activate|p2a: Bro|item: Quick Claw
|
|t:|1760328157
|move|p1a: One Punch|Bullet Punch|p2a: Bro
|-damage|p2a: Bro|21/100
|move|p2a: Bro|Chilling Water|p1a: One Punch
|-damage|p1a: One Punch|0 fnt
|faint|p1a: One Punch
|
|upkeep
|inactive|zabzib has 120 seconds left.
|
|t:|1760328181
|switch|p1a: Spongebob|Bellibolt, F, shiny|100/100
|-status|p1a: Spongebob|tox
|turn|17
|
|t:|1760328188
|move|p1a: Spongebob|Sucker Punch||[still]
|-fail|p1a: Spongebob
|move|p2a: Bro|Curse|p2a: Bro
|-unboost|p2a: Bro|spe|1
|-boost|p2a: Bro|atk|1
|-boost|p2a: Bro|def|1
|
|-damage|p1a: Spongebob|94/100 tox|[from] psn
|upkeep
|turn|18
|-activate|p2a: Bro|item: Quick Claw
|
|t:|1760328198
|move|p2a: Bro|Curse|p2a: Bro
|-unboost|p2a: Bro|spe|1
|-boost|p2a: Bro|atk|1
|-boost|p2a: Bro|def|1
|move|p1a: Spongebob|Mud-Slap|p2a: Bro
|-supereffective|p2a: Bro
|-damage|p2a: Bro|6/100
|-unboost|p2a: Bro|accuracy|1
|
|-damage|p1a: Spongebob|82/100 tox|[from] psn
|upkeep
|turn|19
|
|t:|1760328209
|move|p1a: Spongebob|Mud-Slap|p2a: Bro
|-supereffective|p2a: Bro
|-damage|p2a: Bro|0 fnt
|faint|p2a: Bro
|
|-damage|p1a: Spongebob|64/100 tox|[from] psn
|upkeep
|
|t:|1760328218
|switch|p2a: Raichu|Raichu, M|100/100
|turn|20
|
|t:|1760328223
|-terastallize|p2a: Raichu|Grass
|move|p2a: Raichu|Nasty Plot|p2a: Raichu
|-boost|p2a: Raichu|spa|2
|move|p1a: Spongebob|Mud-Slap|p2a: Raichu
|-resisted|p2a: Raichu
|-damage|p2a: Raichu|96/100
|-unboost|p2a: Raichu|accuracy|1
|
|-damage|p1a: Spongebob|39/100 tox|[from] psn
|upkeep
|turn|21
|
|t:|1760328234
|move|p1a: Spongebob|Sucker Punch|p2a: Raichu
|-damage|p2a: Raichu|70/100
|move|p2a: Raichu|Surf|p1a: Spongebob
|-damage|p1a: Spongebob|0 fnt
|faint|p1a: Spongebob
|-damage|p2a: Raichu|60/100|[from] item: Life Orb
|
|upkeep
|
|t:|1760328247
|switch|p1a: Mystico|Hawlucha, M, shiny|100/100
|turn|22
|
|t:|1760328255
|move|p1a: Mystico|Endure|p1a: Mystico
|-singleturn|p1a: Mystico|move: Endure
|move|p2a: Raichu|Thunderbolt|p1a: Mystico
|-supereffective|p1a: Mystico
|-activate|p1a: Mystico|move: Endure
|-damage|p1a: Mystico|1/100
|-enditem|p1a: Mystico|Weakness Policy
|-boost|p1a: Mystico|atk|2|[from] item: Weakness Policy
|-boost|p1a: Mystico|spa|2|[from] item: Weakness Policy
|-damage|p2a: Raichu|50/100|[from] item: Life Orb
|
|upkeep
|turn|23
|
|t:|1760328265
|move|p1a: Mystico|Acrobatics|p2a: Raichu
|-supereffective|p2a: Raichu
|-damage|p2a: Raichu|0 fnt
|faint|p2a: Raichu
|
|upkeep
|
|t:|1760328273
|switch|p2a: Serperior|Serperior, F|100/100
|turn|24
|
|t:|1760328278
|move|p1a: Mystico|Acrobatics|p2a: Serperior
|-supereffective|p2a: Serperior
|-damage|p2a: Serperior|0 fnt
|-damage|p1a: Mystico|0 fnt|[from] item: Rocky Helmet|[of] p2a: Serperior
|faint|p2a: Serperior
|faint|p1a: Mystico
|
|upkeep
|
|t:|1760328288
|switch|p2a: Quaquaval|Quaquaval, F|100/100
|switch|p1a: Last Samurai|Kingambit, F, shiny|100/100
|-activate|p1a: Last Samurai|ability: Supreme Overlord
|-start|p1a: Last Samurai|fallen4|[silent]
|turn|25
|
|t:|1760328295
|move|p1a: Last Samurai|Endure|p1a: Last Samurai
|-singleturn|p1a: Last Samurai|move: Endure
|move|p2a: Quaquaval|Bulk Up|p2a: Quaquaval
|-boost|p2a: Quaquaval|atk|1
|-boost|p2a: Quaquaval|def|1
|
|upkeep
|turn|26
|
|t:|1760328301
|move|p2a: Quaquaval|Brick Break|p1a: Last Samurai
|-supereffective|p1a: Last Samurai
|-damage|p1a: Last Samurai|0 fnt
|faint|p1a: Last Samurai
|-end|p1a: Last Samurai|fallen4|[silent]
|-ability|p2a: Quaquaval|Moxie|boost
|-boost|p2a: Quaquaval|atk|1
|
|upkeep
|
|t:|1760328307
|switch|p1a: Ed Scissorhands|Ceruledge, F|100/100
|-status|p1a: Ed Scissorhands|tox
|turn|27
|c|☆MusleBroMachio|Cool team names
|c|☆zabzib|thanks
|inactive|zabzib has 120 seconds left.
|c|☆zabzib|I don't think i can win this matchup though
|c|☆MusleBroMachio|Do you have solar blade?
|inactive|zabzib has 90 seconds left.
|c|☆MusleBroMachio|Or leaf blade
|c|☆zabzib|no my only way to kill won't work because of poison
|c|☆MusleBroMachio|Ah
|c|☆MusleBroMachio|Dang
|c|☆MusleBroMachio|ggs, homie
|inactive|zabzib has 60 seconds left.
|c|☆zabzib|here watch, do a water move and poison will kill
|
|t:|1760328407
|move|p1a: Ed Scissorhands|Endure|p1a: Ed Scissorhands
|-singleturn|p1a: Ed Scissorhands|move: Endure
|move|p2a: Quaquaval|Aqua Step|p1a: Ed Scissorhands
|-supereffective|p1a: Ed Scissorhands
|-activate|p1a: Ed Scissorhands|move: Endure
|-damage|p1a: Ed Scissorhands|1/100 tox
|-boost|p2a: Quaquaval|spe|1
|-ability|p1a: Ed Scissorhands|Weak Armor|boost
|-unboost|p1a: Ed Scissorhands|def|1
|-boost|p1a: Ed Scissorhands|spe|2
|-enditem|p1a: Ed Scissorhands|Weakness Policy
|-boost|p1a: Ed Scissorhands|atk|2|[from] item: Weakness Policy
|-boost|p1a: Ed Scissorhands|spa|2|[from] item: Weakness Policy
|
|-damage|p1a: Ed Scissorhands|0 fnt|[from] psn
|faint|p1a: Ed Scissorhands
|
|win|MusleBroMachio
|raw|zabzib's rating: 1119 &rarr; <strong>1093</strong><br />(-26 for losing)
|raw|MusleBroMachio's rating: 1105 &rarr; <strong>1131</strong><br />(+26 for winning)
|c|☆zabzib|gg
|c|☆MusleBroMachio|Love the policy strat you have
|c|☆MusleBroMachio|Its very cool
|c|☆zabzib|thanks
|c|☆MusleBroMachio|Have a nice day/night
|c|☆zabzib|you too
|l|☆zabzib
|player|p1|
|l|☆MusleBroMachio
|player|p2|
