|j|☆ekud
|j|☆Potential Man
|t:|1760415155
|gametype|singles
|player|p1|ekud|2|1533
|player|p2|Potential Man|brock-gen2|1565
|gen|9
|tier|[Gen 9] OU
|rated|
|rule|HP Percentage Mod: HP is shown in percentages
|rule|Endless Battle Clause: Forcing endless battles is banned
|rule|Species Clause: Limit one of each Pokémon
|rule|OHKO Clause: OHKO moves are banned
|rule|Evasion Items Clause: Evasion items are banned
|rule|Evasion Moves Clause: Evasion moves are banned
|rule|Evasion Abilities Clause: Evasion abilities are banned
|rule|Sleep Moves Clause: Sleep-inducing moves are banned
|clearpoke
|poke|p1|Dragonite, M|
|poke|p1|Deoxys-Speed|
|poke|p1|Great Tusk|
|poke|p1|Kingambit, M|
|poke|p1|Glimmora, M|
|poke|p1|Iron Valiant|
|poke|p2|Toxtricity, F|
|poke|p2|Darkrai|
|poke|p2|Great Tusk|
|poke|p2|Corviknight, F|
|poke|p2|Dragapult, M|
|poke|p2|Clefable, M|
|teampreview
|
|t:|1760415163
|teamsize|p1|6
|teamsize|p2|6
|start
|switch|p1a: Deoxys|Deoxys-Speed|100/100
|switch|p2a: Darkrai|Darkrai|100/100
|-ability|p1a: Deoxys|Pressure
|turn|1
|
|t:|1760415168
|move|p1a: Deoxys|Light Screen|p1a: Deoxys
|-sidestart|p1: ekud|move: Light Screen
|move|p2a: Darkrai|Dark Pulse|p1a: Deoxys
|-supereffective|p1a: Deoxys
|-damage|p1a: Deoxys|51/100
|
|upkeep
|turn|2
|
|t:|1760415173
|move|p1a: Deoxys|Reflect|p1a: Deoxys
|-sidestart|p1: ekud|Reflect
|move|p2a: Darkrai|Dark Pulse|p1a: Deoxys
|-supereffective|p1a: Deoxys
|-damage|p1a: Deoxys|0 fnt
|faint|p1a: Deoxys
|
|upkeep
|
|t:|1760415185
|switch|p1a: Great Tusk|Great Tusk|100/100
|-enditem|p1a: Great Tusk|Booster Energy
|-activate|p1a: Great Tusk|ability: Protosynthesis|[fromitem]
|-start|p1a: Great Tusk|protosynthesisspe
|turn|3
|
|t:|1760415194
|switch|p2a: Corviknight|Corviknight, F, shiny|100/100
|-ability|p2a: Corviknight|Pressure
|move|p1a: Great Tusk|Bulk Up|p1a: Great Tusk
|-boost|p1a: Great Tusk|atk|1
|-boost|p1a: Great Tusk|def|1
|
|upkeep
|turn|4
|
|t:|1760415201
|move|p1a: Great Tusk|Taunt|p2a: Corviknight
|-start|p2a: Corviknight|move: Taunt
|cant|p2a: Corviknight|move: Taunt|Defog
|
|upkeep
|turn|5
|
|t:|1760415207
|move|p1a: Great Tusk|Bulk Up|p1a: Great Tusk
|-boost|p1a: Great Tusk|atk|1
|-boost|p1a: Great Tusk|def|1
|move|p2a: Corviknight|Brave Bird|p1a: Great Tusk
|-supereffective|p1a: Great Tusk
|-damage|p1a: Great Tusk|88/100
|-damage|p2a: Corviknight|96/100|[from] Recoil
|
|upkeep
|turn|6
|
|t:|1760415215
|move|p1a: Great Tusk|Bulk Up|p1a: Great Tusk
|-boost|p1a: Great Tusk|atk|1
|-boost|p1a: Great Tusk|def|1
|move|p2a: Corviknight|U-turn|p1a: Great Tusk
|-resisted|p1a: Great Tusk
|-damage|p1a: Great Tusk|87/100
|
|t:|1760415223
|switch|p2a: Clefable|Clefable, M|100/100|[from] U-turn
|
|upkeep
|turn|7
|
|t:|1760415226
|switch|p2a: Corviknight|Corviknight, F, shiny|96/100
|-ability|p2a: Corviknight|Pressure
|move|p1a: Great Tusk|Headlong Rush|p2a: Corviknight
|-immune|p2a: Corviknight
|
|upkeep
|turn|8
|
|t:|1760415235
|move|p1a: Great Tusk|Taunt|p2a: Corviknight
|-start|p2a: Corviknight|move: Taunt
|move|p2a: Corviknight|U-turn|p1a: Great Tusk
|-resisted|p1a: Great Tusk
|-damage|p1a: Great Tusk|86/100
|
|t:|1760415242
|switch|p2a: Clefable|Clefable, M|100/100|[from] U-turn
|
|-sideend|p1: ekud|move: Light Screen
|upkeep
|turn|9
|
|t:|1760415248
|switch|p2a: Corviknight|Corviknight, F, shiny|96/100
|-ability|p2a: Corviknight|Pressure
|move|p1a: Great Tusk|Head Smash|p2a: Corviknight
|-damage|p2a: Corviknight|35/100
|-damage|p1a: Great Tusk|70/100|[from] item: Rocky Helmet|[of] p2a: Corviknight
|-damage|p1a: Great Tusk|41/100|[from] Recoil
|
|-sideend|p1: ekud|Reflect
|upkeep
|turn|10
|
|t:|1760415257
|move|p1a: Great Tusk|Head Smash|p2a: Corviknight|[miss]
|-miss|p1a: Great Tusk|p2a: Corviknight
|move|p2a: Corviknight|Roost|p2a: Corviknight
|-heal|p2a: Corviknight|85/100
|-singleturn|p2a: Corviknight|move: Roost
|
|upkeep
|turn|11
|j| Rizzofreko
|
|t:|1760415264
|move|p1a: Great Tusk|Head Smash|p2a: Corviknight|[miss]
|-miss|p1a: Great Tusk|p2a: Corviknight
|move|p2a: Corviknight|Roost|p2a: Corviknight
|-heal|p2a: Corviknight|100/100
|-singleturn|p2a: Corviknight|move: Roost
|
|upkeep
|turn|12
|-message|ekud forfeited.
|
|win|Potential Man
|raw|ekud's rating: 1533 &rarr; <strong>1515</strong><br />(-18 for losing)
|raw|Potential Man's rating: 1565 &rarr; <strong>1583</strong><br />(+18 for winning)
|l|☆ekud
|player|p1|
|l|☆Potential Man
|player|p2|
|l| Rizzofreko
