|j|☆forest hashira
|j|☆Exiowf
|t:|1760415748
|gametype|singles
|player|p1|forest hashira|pokemonranger-gen4|1239
|player|p2|Exiowf|dawn|1214
|gen|9
|tier|[Gen 9] OU
|rated|
|rule|HP Percentage Mod: HP is shown in percentages
|rule|Endless Battle Clause: Forcing endless battles is banned
|rule|Species Clause: Limit one of each Pokémon
|rule|OHKO Clause: OHKO moves are banned
|rule|Evasion Items Clause: Evasion items are banned
|rule|Evasion Moves Clause: Evasion moves are banned
|rule|Evasion Abilities Clause: Evasion abilities are banned
|rule|Sleep Moves Clause: Sleep-inducing moves are banned
|clearpoke
|poke|p1|Meowscarada, F|
|poke|p1|Vileplume, F|
|poke|p1|Ogerpon-Cornerstone, F|
|poke|p1|Whimsicott, M|
|poke|p1|Zarude|
|poke|p1|Arboliva, F|
|poke|p2|Glaceon, F|
|poke|p2|Slowking-Galar, F|
|poke|p2|Primarina, M|
|poke|p2|Corviknight, F|
|poke|p2|Ceruledge, F|
|poke|p2|Great Tusk|
|teampreview
|inactive|Battle timer is ON: inactive players will automatically lose when time's up. (requested by Exiowf)
|
|t:|1760415758
|teamsize|p1|6
|teamsize|p2|6
|start
|switch|p1a: Ogerpon|Ogerpon-Cornerstone, F|100/100
|switch|p2a: Great Tusk|Great Tusk|100/100
|turn|1
|
|t:|1760415768
|-end|p2a: Great Tusk|Protosynthesis|[silent]
|switch|p2a: Slowking|Slowking-Galar, F|100/100
|move|p1a: Ogerpon|Taunt|p2a: Slowking
|-start|p2a: Slowking|move: Taunt
|
|upkeep
|turn|2
|
|t:|1760415777
|move|p1a: Ogerpon|Spikes|p2a: Slowking
|-sidestart|p2: Exiowf|Spikes
|move|p2a: Slowking|Sludge Wave|p1a: Ogerpon
|-damage|p1a: Ogerpon|51/100
|
|upkeep
|turn|3
|
|t:|1760415793
|move|p1a: Ogerpon|Ivy Cudgel|p2a: Slowking|[anim] Ivy Cudgel Rock
|-crit|p2a: Slowking
|-damage|p2a: Slowking|23/100
|move|p2a: Slowking|Sludge Wave|p1a: Ogerpon
|-damage|p1a: Ogerpon|4/100
|
|-end|p2a: Slowking|move: Taunt
|upkeep
|turn|4
|
|t:|1760415803
|switch|p2a: Corviknight|Corviknight, F|100/100
|-ability|p2a: Corviknight|Pressure
|move|p1a: Ogerpon|Ivy Cudgel|p2a: Corviknight|[anim] Ivy Cudgel Rock
|-damage|p2a: Corviknight|63/100
|
|upkeep
|turn|5
|
|t:|1760415820
|move|p1a: Ogerpon|Ivy Cudgel|p2a: Corviknight|[anim] Ivy Cudgel Rock
|-crit|p2a: Corviknight
|-damage|p2a: Corviknight|10/100
|move|p2a: Corviknight|U-turn|p1a: Ogerpon
|-supereffective|p1a: Ogerpon
|-damage|p1a: Ogerpon|0 fnt
|faint|p1a: Ogerpon
|
|t:|1760415824
|switch|p2a: Great Tusk|Great Tusk|100/100|[from] U-turn
|-damage|p2a: Great Tusk|88/100|[from] Spikes
|
|-heal|p2a: Great Tusk|94/100|[from] item: Leftovers
|upkeep
|inactive|forest hashira has 120 seconds left.
|
|t:|1760415846
|switch|p1a: Vileplume|Vileplume, F|100/100
|turn|6
|
|t:|1760415855
|move|p2a: Great Tusk|Rapid Spin|p1a: Vileplume
|-damage|p1a: Vileplume|87/100
|-boost|p2a: Great Tusk|spe|1
|-damage|p2a: Great Tusk|78/100|[from] item: Rocky Helmet|[of] p1a: Vileplume
|-sideend|p2: Exiowf|Spikes|[from] move: Rapid Spin|[of] p2a: Great Tusk
|move|p1a: Vileplume|Leech Seed|p2a: Great Tusk|[miss]
|-miss|p1a: Vileplume|p2a: Great Tusk
|
|-heal|p2a: Great Tusk|84/100|[from] item: Leftovers
|upkeep
|turn|7
|
|t:|1760415864
|move|p2a: Great Tusk|Stealth Rock|p1a: Vileplume
|-sidestart|p1: forest hashira|move: Stealth Rock
|move|p1a: Vileplume|Leech Seed|p2a: Great Tusk
|-start|p2a: Great Tusk|move: Leech Seed
|
|-heal|p2a: Great Tusk|90/100|[from] item: Leftovers
|-damage|p2a: Great Tusk|78/100|[from] Leech Seed|[of] p1a: Vileplume
|-heal|p1a: Vileplume|100/100|[silent]
|upkeep
|turn|8
|
|t:|1760415874
|move|p2a: Great Tusk|Rapid Spin|p1a: Vileplume
|-damage|p1a: Vileplume|87/100
|-boost|p2a: Great Tusk|spe|1
|-damage|p2a: Great Tusk|61/100|[from] item: Rocky Helmet|[of] p1a: Vileplume
|-end|p2a: Great Tusk|Leech Seed|[from] move: Rapid Spin|[of] p2a: Great Tusk
|move|p1a: Vileplume|Sludge Bomb|p2a: Great Tusk
|-resisted|p2a: Great Tusk
|-damage|p2a: Great Tusk|40/100
|-status|p2a: Great Tusk|psn
|
|-heal|p2a: Great Tusk|47/100 psn|[from] item: Leftovers
|-damage|p2a: Great Tusk|34/100 psn|[from] psn
|upkeep
|turn|9
|
|t:|1760415887
|move|p2a: Great Tusk|Headlong Rush|p1a: Vileplume
|-damage|p1a: Vileplume|36/100
|-unboost|p2a: Great Tusk|def|1
|-unboost|p2a: Great Tusk|spd|1
|-damage|p2a: Great Tusk|18/100 psn|[from] item: Rocky Helmet|[of] p1a: Vileplume
|move|p1a: Vileplume|Leech Seed|p2a: Great Tusk
|-start|p2a: Great Tusk|move: Leech Seed
|
|-heal|p2a: Great Tusk|24/100 psn|[from] item: Leftovers
|-damage|p2a: Great Tusk|11/100 psn|[from] Leech Seed|[of] p1a: Vileplume
|-heal|p1a: Vileplume|50/100|[silent]
|-damage|p2a: Great Tusk|0 fnt|[from] psn
|faint|p2a: Great Tusk
|-end|p2a: Great Tusk|Protosynthesis|[silent]
|upkeep
|
|t:|1760415890
|switch|p2a: Slowking|Slowking-Galar, F|56/100
|turn|10
|
|t:|1760415911
|move|p1a: Vileplume|Leech Seed|p2a: Slowking
|-start|p2a: Slowking|move: Leech Seed
|move|p2a: Slowking|Future Sight|p1a: Vileplume
|-start|p2a: Slowking|move: Future Sight
|
|-damage|p2a: Slowking|44/100|[from] Leech Seed|[of] p1a: Vileplume
|-heal|p1a: Vileplume|64/100|[silent]
|upkeep
|turn|11
|
|t:|1760415920
|move|p1a: Vileplume|Teeter Dance|p2a: Slowking
|-start|p2a: Slowking|confusion
|-prepare|p2a: Slowking|Chilly Reception|[premajor]
|-activate|p2a: Slowking|confusion
|move|p2a: Slowking|Chilly Reception|p2a: Slowking
|-weather|Snowscape
|
|t:|1760415926
|switch|p2a: Ceruledge|Ceruledge, F|100/100|[from] Chilly Reception
|
|-weather|Snowscape|[upkeep]
|upkeep
|turn|12
|
|t:|1760415934
|switch|p1a: Meowscarada|Meowscarada, F, shiny|100/100
|-damage|p1a: Meowscarada|88/100|[from] Stealth Rock
|move|p2a: Ceruledge|Swords Dance|p2a: Ceruledge
|-boost|p2a: Ceruledge|atk|2
|
|-weather|Snowscape|[upkeep]
|-end|p1a: Meowscarada|move: Future Sight
|-immune|p1a: Meowscarada
|upkeep
|turn|13
|
|t:|1760415945
|move|p1a: Meowscarada|Knock Off|p2a: Ceruledge
|-start|p1a: Meowscarada|typechange|Dark|[from] ability: Protean
|-supereffective|p2a: Ceruledge
|-enditem|p2a: Ceruledge|Focus Sash
|-damage|p2a: Ceruledge|1/100
|-ability|p2a: Ceruledge|Weak Armor|boost
|-unboost|p2a: Ceruledge|def|1
|-boost|p2a: Ceruledge|spe|2
|move|p2a: Ceruledge|Bitter Blade|p1a: Meowscarada
|-damage|p1a: Meowscarada|0 fnt
|-heal|p2a: Ceruledge|45/100|[from] drain|[of] p1a: Meowscarada
|faint|p1a: Meowscarada
|
|-weather|Snowscape|[upkeep]
|upkeep
|inactive|forest hashira has 120 seconds left.
|
|t:|1760415981
|switch|p1a: Whimsicott|Whimsicott, M, shiny|100/100
|turn|14
|
|t:|1760415985
|move|p1a: Whimsicott|Stun Spore|p2a: Ceruledge
|-status|p2a: Ceruledge|par
|move|p2a: Ceruledge|Bitter Blade|p1a: Whimsicott
|-supereffective|p1a: Whimsicott
|-damage|p1a: Whimsicott|0 fnt
|-heal|p2a: Ceruledge|90/100 par|[from] drain|[of] p1a: Whimsicott
|faint|p1a: Whimsicott
|
|-weather|Snowscape|[upkeep]
|upkeep
|inactive|forest hashira has 120 seconds left.
|
|t:|1760415996
|switch|p1a: Zarude|Zarude|100/100
|-damage|p1a: Zarude|88/100|[from] Stealth Rock
|turn|15
|inactive|forest hashira has 120 seconds left.
|
|t:|1760416006
|-terastallize|p1a: Zarude|Dark
|move|p1a: Zarude|Crunch|p2a: Ceruledge
|-supereffective|p2a: Ceruledge
|-damage|p2a: Ceruledge|0 fnt
|faint|p2a: Ceruledge
|
|-weather|none
|upkeep
|
|t:|1760416014
|switch|p2a: Slowking|Slowking-Galar, F|77/100
|turn|16
|
|t:|1760416021
|move|p1a: Zarude|Crunch|p2a: Slowking
|-supereffective|p2a: Slowking
|-damage|p2a: Slowking|0 fnt
|faint|p2a: Slowking
|
|upkeep
|
|t:|1760416023
|switch|p2a: Glaceon|Glaceon, F, shiny|100/100
|turn|17
|
|t:|1760416035
|-terastallize|p2a: Glaceon|Grass
|move|p1a: Zarude|Crunch|p2a: Glaceon
|-damage|p2a: Glaceon|23/100
|move|p2a: Glaceon|Trailblaze|p1a: Zarude
|-damage|p1a: Zarude|76/100
|-boost|p2a: Glaceon|spe|1
|
|-heal|p2a: Glaceon|29/100|[from] item: Leftovers
|upkeep
|turn|18
|
|t:|1760416048
|move|p1a: Zarude|Drain Punch|p2a: Glaceon
|-damage|p2a: Glaceon|1/100
|-heal|p1a: Zarude|88/100|[from] drain|[of] p2a: Glaceon
|move|p2a: Glaceon|Alluring Voice|p1a: Zarude
|-supereffective|p1a: Zarude
|-damage|p1a: Zarude|26/100
|
|-heal|p2a: Glaceon|7/100|[from] item: Leftovers
|upkeep
|turn|19
|
|t:|1760416057
|move|p1a: Zarude|Drain Punch|p2a: Glaceon
|-damage|p2a: Glaceon|0 fnt
|-heal|p1a: Zarude|29/100|[from] drain|[of] p2a: Glaceon
|faint|p2a: Glaceon
|
|upkeep
|
|t:|1760416060
|switch|p2a: Primarina|Primarina, M|100/100
|turn|20
|
|t:|1760416079
|switch|p1a: Vileplume|Vileplume, F|64/100
|-damage|p1a: Vileplume|52/100|[from] Stealth Rock
|move|p2a: Primarina|Alluring Voice|p1a: Vileplume
|-resisted|p1a: Vileplume
|-damage|p1a: Vileplume|29/100
|
|upkeep
|turn|21
|
|t:|1760416088
|move|p2a: Primarina|Psychic Noise|p1a: Vileplume
|-supereffective|p1a: Vileplume
|-damage|p1a: Vileplume|0 fnt
|faint|p1a: Vileplume
|
|upkeep
|
|t:|1760416094
|switch|p1a: Arboliva|Arboliva, F, shiny|100/100
|-damage|p1a: Arboliva|88/100|[from] Stealth Rock
|turn|22
|
|t:|1760416101
|move|p2a: Primarina|Psychic Noise|p1a: Arboliva
|-damage|p1a: Arboliva|72/100
|-start|p1a: Arboliva|move: Heal Block
|-fieldstart|move: Grassy Terrain|[from] ability: Seed Sower|[of] p1a: Arboliva
|cant|p1a: Arboliva|move: Heal Block|Giga Drain
|
|upkeep
|turn|23
|
|t:|1760416127
|move|p2a: Primarina|Alluring Voice|p1a: Arboliva
|-damage|p1a: Arboliva|45/100
|move|p1a: Arboliva|Leaf Storm|p2a: Primarina|[miss]
|-miss|p1a: Arboliva|p2a: Primarina
|
|-end|p1a: Arboliva|move: Heal Block
|upkeep
|turn|24
|-message|forest hashira forfeited.
|
|win|Exiowf
|raw|forest hashira's rating: 1239 &rarr; <strong>1212</strong><br />(-27 for losing)
|raw|Exiowf's rating: 1214 &rarr; <strong>1241</strong><br />(+27 for winning)
|l|☆forest hashira
|player|p1|
|l|☆Exiowf
|player|p2|
