|j|☆doudou23509
|j|☆LewBurn
|t:|1760441589
|gametype|singles
|player|p1|doudou23509|2|1207
|player|p2|LewBurn|ghetsis-gen5bw|1222
|gen|9
|tier|[Gen 9] OU
|rated|
|rule|HP Percentage Mod: HP is shown in percentages
|rule|Endless Battle Clause: Forcing endless battles is banned
|rule|Species Clause: Limit one of each Pokémon
|rule|OHKO Clause: OHKO moves are banned
|rule|Evasion Items Clause: Evasion items are banned
|rule|Evasion Moves Clause: Evasion moves are banned
|rule|Evasion Abilities Clause: Evasion abilities are banned
|rule|Sleep Moves Clause: Sleep-inducing moves are banned
|clearpoke
|poke|p1|Dragapult, M|
|poke|p1|Iron Valiant|
|poke|p1|Samurott-Hisui, M|
|poke|p1|Iron Moth|
|poke|p1|Zapdos|
|poke|p1|Great Tusk|
|poke|p2|Toedscruel, M|
|poke|p2|Dachsbun, F|
|poke|p2|Kilowattrel, F|
|poke|p2|Ceruledge, M|
|poke|p2|Quaquaval, M|
|poke|p2|Kingambit, M|
|teampreview
|inactive|Battle timer is ON: inactive players will automatically lose when time's up. (requested by LewBurn)
|inactive|doudou23509 has 120 seconds left.
|
|t:|1760441635
|teamsize|p1|6
|teamsize|p2|6
|start
|switch|p1a: Samurott|Samurott-Hisui, M, shiny|100/100
|switch|p2a: Toedscruel|Toedscruel, M|100/100
|turn|1
|
|t:|1760441660
|switch|p1a: Zapdos|Zapdos, shiny|100/100
|move|p2a: Toedscruel|Stun Spore|p1a: Zapdos
|-immune|p1a: Zapdos
|
|upkeep
|turn|2
|
|t:|1760441667
|move|p1a: Zapdos|Hurricane|p2a: Toedscruel
|-supereffective|p2a: Toedscruel
|-damage|p2a: Toedscruel|48/100
|move|p2a: Toedscruel|Spikes|p1a: Zapdos
|-sidestart|p1: doudou23509|Spikes
|
|-heal|p2a: Toedscruel|54/100|[from] item: Leftovers
|upkeep
|turn|3
|
|t:|1760441673
|move|p1a: Zapdos|Hurricane|p2a: Toedscruel
|-supereffective|p2a: Toedscruel
|-damage|p2a: Toedscruel|2/100
|-start|p2a: Toedscruel|confusion
|-activate|p2a: Toedscruel|confusion
|move|p2a: Toedscruel|Spikes|p1a: Zapdos
|-sidestart|p1: doudou23509|Spikes
|
|-heal|p2a: Toedscruel|8/100|[from] item: Leftovers
|upkeep
|turn|4
|
|t:|1760441684
|move|p1a: Zapdos|Heat Wave|p2a: Toedscruel|[miss]
|-miss|p1a: Zapdos|p2a: Toedscruel
|-activate|p2a: Toedscruel|confusion
|-damage|p2a: Toedscruel|0 fnt|[from] confusion
|faint|p2a: Toedscruel
|
|upkeep
|
|t:|1760441689
|switch|p2a: Kilowattrel|Kilowattrel, F|100/100
|turn|5
|
|t:|1760441692
|move|p2a: Kilowattrel|Thunderbolt|p1a: Zapdos
|-damage|p1a: Zapdos|46/100
|-damage|p2a: Kilowattrel|91/100|[from] item: Life Orb
|move|p1a: Zapdos|Heat Wave|p2a: Kilowattrel
|-damage|p2a: Kilowattrel|43/100
|
|upkeep
|turn|6
|
|t:|1760441708
|switch|p1a: Great Tusk|Great Tusk, shiny|100/100
|move|p2a: Kilowattrel|Thunderbolt|p1a: Great Tusk
|-immune|p1a: Great Tusk
|
|upkeep
|turn|7
|
|t:|1760441730
|-terastallize|p1a: Great Tusk|Ground
|move|p2a: Kilowattrel|Air Slash|p1a: Great Tusk
|-damage|p1a: Great Tusk|35/100
|-damage|p2a: Kilowattrel|33/100|[from] item: Life Orb
|move|p1a: Great Tusk|Rapid Spin|p2a: Kilowattrel
|-damage|p2a: Kilowattrel|1/100
|-boost|p1a: Great Tusk|spe|1
|-sideend|p1: doudou23509|Spikes|[from] move: Rapid Spin|[of] p1a: Great Tusk
|
|upkeep
|turn|8
|
|t:|1760441738
|move|p1a: Great Tusk|Rapid Spin|p2a: Kilowattrel
|-damage|p2a: Kilowattrel|0 fnt
|-boost|p1a: Great Tusk|spe|1
|faint|p2a: Kilowattrel
|
|upkeep
|
|t:|1760441744
|switch|p2a: Quaquaval|Quaquaval, M|100/100
|turn|9
|
|t:|1760441751
|-terastallize|p2a: Quaquaval|Flying
|move|p1a: Great Tusk|Headlong Rush|p2a: Quaquaval
|-immune|p2a: Quaquaval
|move|p2a: Quaquaval|Swords Dance|p2a: Quaquaval
|-boost|p2a: Quaquaval|atk|2
|
|upkeep
|turn|10
|
|t:|1760441762
|move|p1a: Great Tusk|Stealth Rock|p2a: Quaquaval
|-sidestart|p2: LewBurn|move: Stealth Rock
|move|p2a: Quaquaval|Aqua Step|p1a: Great Tusk
|-supereffective|p1a: Great Tusk
|-damage|p1a: Great Tusk|0 fnt
|-boost|p2a: Quaquaval|spe|1
|faint|p1a: Great Tusk
|-end|p1a: Great Tusk|Protosynthesis|[silent]
|-ability|p2a: Quaquaval|Moxie|boost
|-boost|p2a: Quaquaval|atk|1
|
|upkeep
|
|t:|1760441773
|switch|p1a: Zapdos|Zapdos, shiny|46/100
|turn|11
|
|t:|1760441777
|move|p2a: Quaquaval|Close Combat|p1a: Zapdos
|-resisted|p1a: Zapdos
|-damage|p1a: Zapdos|0 fnt
|-unboost|p2a: Quaquaval|def|1
|-unboost|p2a: Quaquaval|spd|1
|faint|p1a: Zapdos
|-ability|p2a: Quaquaval|Moxie|boost
|-boost|p2a: Quaquaval|atk|1
|-enditem|p2a: Quaquaval|White Herb
|-clearnegativeboost|p2a: Quaquaval|[silent]
|
|upkeep
|inactive|doudou23509 has 120 seconds left.
|
|t:|1760441812
|switch|p1a: Iron Valiant|Iron Valiant, shiny|100/100
|-enditem|p1a: Iron Valiant|Booster Energy
|-activate|p1a: Iron Valiant|ability: Quark Drive|[fromitem]
|-start|p1a: Iron Valiant|quarkdrivespe
|turn|12
|inactive|doudou23509 has 120 seconds left.
|
|t:|1760441818
|move|p1a: Iron Valiant|Encore|p2a: Quaquaval
|-start|p2a: Quaquaval|Encore
|move|p2a: Quaquaval|Close Combat|p1a: Iron Valiant
|-resisted|p1a: Iron Valiant
|-crit|p1a: Iron Valiant
|-damage|p1a: Iron Valiant|0 fnt
|-unboost|p2a: Quaquaval|def|1
|-unboost|p2a: Quaquaval|spd|1
|faint|p1a: Iron Valiant
|-end|p1a: Iron Valiant|Quark Drive|[silent]
|-ability|p2a: Quaquaval|Moxie|boost
|-boost|p2a: Quaquaval|atk|1
|
|upkeep
|inactive|doudou23509 has 120 seconds left.
|
|t:|1760441827
|switch|p1a: Dragapult|Dragapult, M, shiny|100/100
|turn|13
|
|t:|1760441833
|move|p2a: Quaquaval|Close Combat|p1a: Dragapult
|-immune|p1a: Dragapult
|move|p1a: Dragapult|Shadow Ball|p2a: Quaquaval
|-damage|p2a: Quaquaval|0 fnt
|faint|p2a: Quaquaval
|
|upkeep
|
|t:|1760441842
|switch|p2a: Dachsbun|Dachsbun, F|100/100
|-damage|p2a: Dachsbun|88/100|[from] Stealth Rock
|-item|p2a: Dachsbun|Air Balloon
|turn|14
|
|t:|1760441847
|move|p1a: Dragapult|Shadow Ball|p2a: Dachsbun
|-damage|p2a: Dachsbun|1/100
|-enditem|p2a: Dachsbun|Air Balloon
|move|p2a: Dachsbun|Play Rough|p1a: Dragapult
|-supereffective|p1a: Dragapult
|-damage|p1a: Dragapult|0 fnt
|faint|p1a: Dragapult
|
|upkeep
|
|t:|1760441855
|switch|p1a: Samurott|Samurott-Hisui, M, shiny|100/100
|turn|15
|
|t:|1760441860
|move|p2a: Dachsbun|Play Rough|p1a: Samurott
|-supereffective|p1a: Samurott
|-damage|p1a: Samurott|20/100
|move|p1a: Samurott|Ceaseless Edge|p2a: Dachsbun
|-resisted|p2a: Dachsbun
|-damage|p2a: Dachsbun|0 fnt
|-sidestart|p2: LewBurn|Spikes
|faint|p2a: Dachsbun
|
|upkeep
|
|t:|1760441864
|switch|p2a: Ceruledge|Ceruledge, M, shiny|100/100
|-damage|p2a: Ceruledge|76/100|[from] Stealth Rock
|-damage|p2a: Ceruledge|63/100|[from] Spikes
|turn|16
|
|t:|1760441872
|move|p1a: Samurott|Ceaseless Edge|p2a: Ceruledge
|-supereffective|p2a: Ceruledge
|-damage|p2a: Ceruledge|0 fnt
|-sidestart|p2: LewBurn|Spikes
|faint|p2a: Ceruledge
|
|upkeep
|
|t:|1760441874
|switch|p2a: Kingambit|Kingambit, M, shiny|100/100
|-damage|p2a: Kingambit|94/100|[from] Stealth Rock
|-damage|p2a: Kingambit|78/100|[from] Spikes
|-activate|p2a: Kingambit|ability: Supreme Overlord
|-start|p2a: Kingambit|fallen5|[silent]
|turn|17
|
|t:|1760441882
|move|p1a: Samurott|Swords Dance|p1a: Samurott
|-boost|p1a: Samurott|atk|2
|move|p2a: Kingambit|Swords Dance|p2a: Kingambit
|-boost|p2a: Kingambit|atk|2
|
|upkeep
|turn|18
|
|t:|1760441888
|move|p1a: Samurott|Encore|p2a: Kingambit
|-start|p2a: Kingambit|Encore
|move|p2a: Kingambit|Swords Dance|p2a: Kingambit
|-boost|p2a: Kingambit|atk|2
|
|upkeep
|turn|19
|
|t:|1760441892
|move|p1a: Samurott|Razor Shell|p2a: Kingambit
|-damage|p2a: Kingambit|8/100
|-unboost|p2a: Kingambit|def|1
|move|p2a: Kingambit|Swords Dance|p2a: Kingambit
|-boost|p2a: Kingambit|atk|2
|
|upkeep
|turn|20
|
|t:|1760441901
|move|p1a: Samurott|Razor Shell|p2a: Kingambit
|-crit|p2a: Kingambit
|-damage|p2a: Kingambit|0 fnt
|faint|p2a: Kingambit
|-end|p2a: Kingambit|fallen5|[silent]
|
|win|doudou23509
|raw|doudou23509's rating: 1207 &rarr; <strong>1233</strong><br />(+26 for winning)
|raw|LewBurn's rating: 1222 &rarr; <strong>1196</strong><br />(-26 for losing)
|l|☆LewBurn
|player|p2|
