|j|☆agencyman
|j|☆vuopuer
|t:|1760328947
|gametype|singles
|player|p1|agencyman|swimmer|1477
|player|p2|vuopuer|may-masters2|1508
|gen|9
|tier|[Gen 9] OU
|rated|
|rule|HP Percentage Mod: HP is shown in percentages
|rule|Endless Battle Clause: Forcing endless battles is banned
|rule|Species Clause: Limit one of each Pokémon
|rule|OHKO Clause: OHKO moves are banned
|rule|Evasion Items Clause: Evasion items are banned
|rule|Evasion Moves Clause: Evasion moves are banned
|rule|Evasion Abilities Clause: Evasion abilities are banned
|rule|Sleep Moves Clause: Sleep-inducing moves are banned
|clearpoke
|poke|p1|Samurott-Hisui, F|
|poke|p1|Pecharunt|
|poke|p1|Deoxys-Speed|
|poke|p1|Zamazenta-*|
|poke|p1|Gliscor, F|
|poke|p1|Ting-Lu|
|poke|p2|Blaziken, M|
|poke|p2|Kingambit, F|
|poke|p2|Ting-Lu|
|poke|p2|Pecharunt|
|poke|p2|Ogerpon-Wellspring, F|
|poke|p2|Hatterene, F|
|teampreview
|inactive|Battle timer is ON: inactive players will automatically lose when time's up. (requested by vuopuer)
|
|t:|1760328957
|teamsize|p1|6
|teamsize|p2|6
|start
|switch|p1a: Lupe Fiasco|Samurott-Hisui, F, shiny|100/100
|switch|p2a: Ogerpon|Ogerpon-Wellspring, F|100/100
|turn|1
|
|t:|1760328963
|move|p2a: Ogerpon|Horn Leech|p1a: Lupe Fiasco
|-supereffective|p1a: Lupe Fiasco
|-damage|p1a: Lupe Fiasco|0 fnt
|faint|p1a: Lupe Fiasco
|
|upkeep
|
|t:|1760328967
|switch|p1a: Lil Dicky|Pecharunt|100/100
|turn|2
|
|t:|1760328971
|switch|p2a: Ting-Lu|Ting-Lu|100/100
|-ability|p2a: Ting-Lu|Vessel of Ruin
|move|p1a: Lil Dicky|Malignant Chain|p2a: Ting-Lu
|-resisted|p2a: Ting-Lu
|-damage|p2a: Ting-Lu|93/100
|
|-heal|p2a: Ting-Lu|99/100|[from] item: Leftovers
|upkeep
|turn|3
|
|t:|1760328978
|move|p1a: Lil Dicky|Malignant Chain|p2a: Ting-Lu
|-resisted|p2a: Ting-Lu
|-damage|p2a: Ting-Lu|93/100
|-status|p2a: Ting-Lu|tox
|-start|p2a: Ting-Lu|confusion|[from] ability: Poison Puppeteer|[of] p1a: Lil Dicky
|-activate|p2a: Ting-Lu|confusion
|move|p2a: Ting-Lu|Stealth Rock|p1a: Lil Dicky
|-sidestart|p1: agencyman|move: Stealth Rock
|
|-heal|p2a: Ting-Lu|99/100 tox|[from] item: Leftovers
|-damage|p2a: Ting-Lu|93/100 tox|[from] psn
|upkeep
|turn|4
|
|t:|1760328984
|switch|p2a: Kingambit|Kingambit, F|100/100
|move|p1a: Lil Dicky|Parting Shot|p2a: Kingambit
|-unboost|p2a: Kingambit|atk|1
|-unboost|p2a: Kingambit|spa|1
|
|t:|1760328988
|switch|p1a: Rick Ross|Zamazenta, shiny|100/100|[from] Parting Shot
|-ability|p1a: Rick Ross|Dauntless Shield|boost
|-boost|p1a: Rick Ross|def|1
|
|upkeep
|turn|5
|
|t:|1760328994
|-end|p2a: Kingambit|fallenundefined|[silent]
|switch|p2a: Pecharunt|Pecharunt|100/100
|-item|p2a: Pecharunt|Air Balloon
|move|p1a: Rick Ross|Crunch|p2a: Pecharunt
|-supereffective|p2a: Pecharunt
|-crit|p2a: Pecharunt
|-damage|p2a: Pecharunt|65/100
|-enditem|p2a: Pecharunt|Air Balloon
|
|upkeep
|turn|6
|
|t:|1760329002
|switch|p1a: Luffy|Gliscor, F, shiny|100/100
|-damage|p1a: Luffy|88/100|[from] Stealth Rock
|move|p2a: Pecharunt|Recover|p2a: Pecharunt
|-heal|p2a: Pecharunt|100/100
|
|-status|p1a: Luffy|tox|[from] item: Toxic Orb
|upkeep
|turn|7
|
|t:|1760329010
|move|p1a: Luffy|Knock Off|p2a: Pecharunt
|-supereffective|p2a: Pecharunt
|-damage|p2a: Pecharunt|86/100
|move|p2a: Pecharunt|Parting Shot|p1a: Luffy
|-unboost|p1a: Luffy|atk|1
|-unboost|p1a: Luffy|spa|1
|
|t:|1760329013
|switch|p2a: Ogerpon|Ogerpon-Wellspring, F|100/100|[from] Parting Shot
|
|-heal|p1a: Luffy|100/100 tox|[from] ability: Poison Heal
|upkeep
|turn|8
|
|t:|1760329020
|switch|p1a: Lil Dicky|Pecharunt|100/100
|move|p2a: Ogerpon|Ivy Cudgel|p1a: Lil Dicky|[anim] Ivy Cudgel Water
|-damage|p1a: Lil Dicky|72/100
|
|upkeep
|turn|9
|
|t:|1760329026
|switch|p2a: Kingambit|Kingambit, F|100/100
|move|p1a: Lil Dicky|Parting Shot|p2a: Kingambit
|-unboost|p2a: Kingambit|atk|1
|-unboost|p2a: Kingambit|spa|1
|
|t:|1760329030
|switch|p1a: Rick Ross|Zamazenta, shiny|100/100|[from] Parting Shot
|
|upkeep
|turn|10
|
|t:|1760329037
|-end|p2a: Kingambit|fallenundefined|[silent]
|switch|p2a: Pecharunt|Pecharunt|86/100
|move|p1a: Rick Ross|Close Combat|p2a: Pecharunt
|-immune|p2a: Pecharunt
|
|upkeep
|turn|11
|
|t:|1760329049
|move|p1a: Rick Ross|Crunch|p2a: Pecharunt
|-supereffective|p2a: Pecharunt
|-damage|p2a: Pecharunt|62/100
|move|p2a: Pecharunt|Malignant Chain|p1a: Rick Ross
|-damage|p1a: Rick Ross|70/100
|-status|p1a: Rick Ross|tox
|-start|p1a: Rick Ross|confusion|[from] ability: Poison Puppeteer|[of] p2a: Pecharunt
|
|-damage|p1a: Rick Ross|64/100 tox|[from] psn
|upkeep
|turn|12
|
|t:|1760329057
|switch|p1a: Luffy|Gliscor, F, shiny|100/100 tox
|-damage|p1a: Luffy|88/100 tox|[from] Stealth Rock
|move|p2a: Pecharunt|Recover|p2a: Pecharunt
|-heal|p2a: Pecharunt|100/100
|
|-heal|p1a: Luffy|100/100 tox|[from] ability: Poison Heal
|upkeep
|turn|13
|
|t:|1760329063
|switch|p2a: Hatterene|Hatterene, F|100/100
|move|p1a: Luffy|Swords Dance|p1a: Luffy
|-boost|p1a: Luffy|atk|2
|
|upkeep
|turn|14
|
|t:|1760329074
|move|p1a: Luffy|Facade|p2a: Hatterene
|-damage|p2a: Hatterene|13/100
|-enditem|p2a: Hatterene|Eject Button
|
|t:|1760329079
|switch|p2a: Ting-Lu|Ting-Lu|93/100 tox
|-ability|p2a: Ting-Lu|Vessel of Ruin
|
|-heal|p2a: Ting-Lu|99/100 tox|[from] item: Leftovers
|-damage|p2a: Ting-Lu|93/100 tox|[from] psn
|upkeep
|turn|15
|
|t:|1760329083
|move|p1a: Luffy|Knock Off|p2a: Ting-Lu
|-resisted|p2a: Ting-Lu
|-damage|p2a: Ting-Lu|81/100 tox
|-enditem|p2a: Ting-Lu|Leftovers|[from] move: Knock Off|[of] p1a: Luffy
|move|p2a: Ting-Lu|Whirlwind|p1a: Luffy
|drag|p1a: Lil Dicky|Pecharunt|72/100
|
|-damage|p2a: Ting-Lu|69/100 tox|[from] psn
|upkeep
|turn|16
|
|t:|1760329095
|switch|p2a: Kingambit|Kingambit, F|100/100
|move|p1a: Lil Dicky|Parting Shot|p2a: Kingambit
|-unboost|p2a: Kingambit|atk|1
|-unboost|p2a: Kingambit|spa|1
|
|t:|1760329098
|switch|p1a: Rick Ross|Zamazenta, shiny|64/100 tox|[from] Parting Shot
|
|-damage|p1a: Rick Ross|58/100 tox|[from] psn
|upkeep
|turn|17
|
|t:|1760329101
|-end|p2a: Kingambit|fallenundefined|[silent]
|switch|p2a: Pecharunt|Pecharunt|100/100
|move|p1a: Rick Ross|Close Combat|p2a: Pecharunt
|-immune|p2a: Pecharunt
|
|-damage|p1a: Rick Ross|45/100 tox|[from] psn
|upkeep
|turn|18
|
|t:|1760329105
|switch|p1a: Rick Ross Again|Ting-Lu|100/100
|-damage|p1a: Rick Ross Again|94/100|[from] Stealth Rock
|-ability|p1a: Rick Ross Again|Vessel of Ruin
|move|p2a: Pecharunt|Parting Shot|p1a: Rick Ross Again
|-unboost|p1a: Rick Ross Again|atk|1
|-unboost|p1a: Rick Ross Again|spa|1
|
|t:|1760329108
|switch|p2a: Ogerpon|Ogerpon-Wellspring, F|100/100|[from] Parting Shot
|
|upkeep
|turn|19
|
|t:|1760329113
|move|p2a: Ogerpon|Swords Dance|p2a: Ogerpon
|-boost|p2a: Ogerpon|atk|2
|move|p1a: Rick Ross Again|Stealth Rock|p2a: Ogerpon
|-sidestart|p2: vuopuer|move: Stealth Rock
|
|upkeep
|turn|20
|
|t:|1760329116
|move|p2a: Ogerpon|Ivy Cudgel|p1a: Rick Ross Again|[anim] Ivy Cudgel Water
|-supereffective|p1a: Rick Ross Again
|-crit|p1a: Rick Ross Again
|-damage|p1a: Rick Ross Again|0 fnt
|faint|p1a: Rick Ross Again
|
|upkeep
|
|t:|1760329128
|switch|p1a: Lil Dicky|Pecharunt|72/100
|turn|21
|
|t:|1760329133
|-terastallize|p2a: Ogerpon|Water
|detailschange|p2a: Ogerpon|Ogerpon-Wellspring-Tera, F, tera:Water
|-ability|p2a: Ogerpon|Embody Aspect (Wellspring)|boost
|-boost|p2a: Ogerpon|spd|1
|move|p2a: Ogerpon|Ivy Cudgel|p1a: Lil Dicky|[anim] Ivy Cudgel Water
|-damage|p1a: Lil Dicky|0 fnt
|faint|p1a: Lil Dicky
|
|upkeep
|
|t:|1760329137
|switch|p1a: Mario Judah 2025|Deoxys-Speed|100/100
|-ability|p1a: Mario Judah 2025|Pressure
|turn|22
|
|t:|1760329140
|-terastallize|p1a: Mario Judah 2025|Electric
|move|p1a: Mario Judah 2025|Thunderbolt|p2a: Ogerpon
|-supereffective|p2a: Ogerpon
|-damage|p2a: Ogerpon|40/100
|-status|p2a: Ogerpon|par
|move|p2a: Ogerpon|Ivy Cudgel|p1a: Mario Judah 2025|[anim] Ivy Cudgel Water
|-damage|p1a: Mario Judah 2025|0 fnt
|faint|p1a: Mario Judah 2025
|
|upkeep
|
|t:|1760329145
|switch|p1a: Luffy|Gliscor, F, shiny|100/100 tox
|-damage|p1a: Luffy|88/100 tox|[from] Stealth Rock
|turn|23
|
|t:|1760329148
|move|p1a: Luffy|Facade|p2a: Ogerpon
|-damage|p2a: Ogerpon|0 fnt
|faint|p2a: Ogerpon
|detailschange|p2: Ogerpon|Ogerpon-Wellspring, F|[silent]
|
|-heal|p1a: Luffy|100/100 tox|[from] ability: Poison Heal
|upkeep
|
|t:|1760329169
|switch|p2a: Blaziken|Blaziken, M, shiny|100/100
|-damage|p2a: Blaziken|88/100|[from] Stealth Rock
|turn|24
|
|t:|1760329178
|move|p2a: Blaziken|Overheat|p1a: Luffy
|-damage|p1a: Luffy|40/100 tox
|-unboost|p2a: Blaziken|spa|2
|move|p1a: Luffy|Swords Dance|p1a: Luffy
|-boost|p1a: Luffy|atk|2
|
|-heal|p1a: Luffy|52/100 tox|[from] ability: Poison Heal
|-ability|p2a: Blaziken|Speed Boost|boost
|-boost|p2a: Blaziken|spe|1
|upkeep
|turn|25
|
|t:|1760329191
|move|p1a: Luffy|Protect|p1a: Luffy
|-singleturn|p1a: Luffy|Protect
|move|p2a: Blaziken|Focus Energy|p2a: Blaziken
|-start|p2a: Blaziken|move: Focus Energy
|
|-heal|p1a: Luffy|65/100 tox|[from] ability: Poison Heal
|-ability|p2a: Blaziken|Speed Boost|boost
|-boost|p2a: Blaziken|spe|1
|upkeep
|turn|26
|
|t:|1760329194
|move|p2a: Blaziken|Overheat|p1a: Luffy
|-crit|p1a: Luffy
|-damage|p1a: Luffy|0 fnt
|-unboost|p2a: Blaziken|spa|2
|faint|p1a: Luffy
|
|-ability|p2a: Blaziken|Speed Boost|boost
|-boost|p2a: Blaziken|spe|1
|upkeep
|
|t:|1760329197
|switch|p1a: Rick Ross|Zamazenta, shiny|45/100 tox
|turn|27
|
|t:|1760329199
|move|p2a: Blaziken|Overheat|p1a: Rick Ross
|-crit|p1a: Rick Ross
|-damage|p1a: Rick Ross|0 fnt
|-unboost|p2a: Blaziken|spa|2
|faint|p1a: Rick Ross
|
|win|vuopuer
|raw|agencyman's rating: 1477 &rarr; <strong>1459</strong><br />(-18 for losing)
|raw|vuopuer's rating: 1508 &rarr; <strong>1526</strong><br />(+18 for winning)
|l|☆agencyman
|player|p1|
|l|☆vuopuer
|player|p2|
