|j|☆TryinSome
|j|☆Legend103
|t:|1760453320
|gametype|singles
|player|p1|TryinSome|nate|1232
|player|p2|Legend103|lance|1211
|gen|9
|tier|[Gen 9] OU
|rated|
|rule|HP Percentage Mod: HP is shown in percentages
|rule|Endless Battle Clause: Forcing endless battles is banned
|rule|Species Clause: Limit one of each Pokémon
|rule|OHKO Clause: OHKO moves are banned
|rule|Evasion Items Clause: Evasion items are banned
|rule|Evasion Moves Clause: Evasion moves are banned
|rule|Evasion Abilities Clause: Evasion abilities are banned
|rule|Sleep Moves Clause: Sleep-inducing moves are banned
|clearpoke
|poke|p1|Lycanroc-Dusk, M|
|poke|p1|Araquanid, M|
|poke|p1|Salamence, M|
|poke|p1|Toxtricity-Low-Key, M|
|poke|p1|Grimmsnarl, M|
|poke|p1|Magmortar, M|
|poke|p2|Blaziken, M|
|poke|p2|Alomomola, M|
|poke|p2|Rillaboom, M|
|poke|p2|Slowking-Galar, M|
|poke|p2|Ting-Lu|
|poke|p2|Weezing-Galar, M|
|teampreview
|inactive|Battle timer is ON: inactive players will automatically lose when time's up. (requested by Legend103)
|
|t:|1760453351
|teamsize|p1|6
|teamsize|p2|6
|start
|switch|p1a: Araquanid|Araquanid, M, shiny|100/100
|switch|p2a: Weezing|Weezing-Galar, M|100/100
|-ability|p2a: Weezing|Neutralizing Gas
|turn|1
|
|t:|1760453364
|move|p2a: Weezing|Will-O-Wisp|p1a: Araquanid
|-status|p1a: Araquanid|brn
|move|p1a: Araquanid|Sticky Web|p2a: Weezing
|-sidestart|p2: Legend103|move: Sticky Web
|
|-damage|p1a: Araquanid|94/100 brn|[from] brn
|upkeep
|turn|2
|
|t:|1760453371
|move|p2a: Weezing|Defog|p1a: Araquanid
|-unboost|p1a: Araquanid|evasion|1
|-sideend|p2: Legend103|Sticky Web|[from] move: Defog|[of] p2a: Weezing
|move|p1a: Araquanid|Liquidation|p2a: Weezing
|-damage|p2a: Weezing|92/100
|
|-heal|p1a: Araquanid|100/100 brn|[from] item: Leftovers
|-damage|p1a: Araquanid|94/100 brn|[from] brn
|upkeep
|turn|3
|
|t:|1760453389
|switch|p1a: Toxtricity|Toxtricity-Low-Key, M|100/100
|move|p2a: Weezing|Strange Steam|p1a: Toxtricity
|-resisted|p1a: Toxtricity
|-damage|p1a: Toxtricity|78/100
|
|upkeep
|turn|4
|
|t:|1760453404
|-end|p2a: Weezing|ability: Neutralizing Gas
|switch|p2a: Ting-Lu|Ting-Lu|100/100
|-ability|p2a: Ting-Lu|Vessel of Ruin
|move|p1a: Toxtricity|Sludge Wave|p2a: Ting-Lu
|-resisted|p2a: Ting-Lu
|-damage|p2a: Ting-Lu|91/100
|
|-heal|p2a: Ting-Lu|98/100|[from] item: Leftovers
|upkeep
|turn|5
|
|t:|1760453419
|-terastallize|p1a: Toxtricity|Normal
|move|p1a: Toxtricity|Boomburst|p2a: Ting-Lu
|-damage|p2a: Ting-Lu|62/100
|-enditem|p1a: Toxtricity|Throat Spray
|-boost|p1a: Toxtricity|spa|1|[from] item: Throat Spray
|move|p2a: Ting-Lu|Stealth Rock|p1a: Toxtricity
|-sidestart|p1: TryinSome|move: Stealth Rock
|
|-heal|p2a: Ting-Lu|68/100|[from] item: Leftovers
|upkeep
|turn|6
|
|t:|1760453428
|move|p1a: Toxtricity|Boomburst|p2a: Ting-Lu
|-damage|p2a: Ting-Lu|12/100
|move|p2a: Ting-Lu|Ruination|p1a: Toxtricity
|-damage|p1a: Toxtricity|39/100
|
|-heal|p2a: Ting-Lu|18/100|[from] item: Leftovers
|upkeep
|turn|7
|inactive|Legend103 has 120 seconds left.
|
|t:|1760453464
|-terastallize|p2a: Ting-Lu|Ghost
|move|p1a: Toxtricity|Boomburst|p2a: Ting-Lu
|-immune|p2a: Ting-Lu
|move|p2a: Ting-Lu|Stomping Tantrum|p1a: Toxtricity
|-damage|p1a: Toxtricity|0 fnt
|faint|p1a: Toxtricity
|
|-heal|p2a: Ting-Lu|25/100|[from] item: Leftovers
|upkeep
|
|t:|1760453469
|switch|p1a: Salamence|Salamence, M|100/100
|-damage|p1a: Salamence|76/100|[from] Stealth Rock
|turn|8
|
|t:|1760453476
|switch|p2a: Slowking|Slowking-Galar, M|100/100
|move|p1a: Salamence|Earthquake|p2a: Slowking
|-supereffective|p2a: Slowking
|-damage|p2a: Slowking|26/100
|
|-heal|p1a: Salamence|82/100|[from] item: Leftovers
|upkeep
|turn|9
|
|t:|1760453484
|switch|p2a: Alomomola|Alomomola, M|100/100
|move|p1a: Salamence|Earthquake|p2a: Alomomola
|-damage|p2a: Alomomola|77/100
|
|-heal|p1a: Salamence|88/100|[from] item: Leftovers
|upkeep
|turn|10
|
|t:|1760453491
|move|p1a: Salamence|Dragon Dance|p1a: Salamence
|-boost|p1a: Salamence|atk|1
|-boost|p1a: Salamence|spe|1
|move|p2a: Alomomola|Tickle|p1a: Salamence
|-unboost|p1a: Salamence|atk|1
|-unboost|p1a: Salamence|def|1
|
|-heal|p1a: Salamence|94/100|[from] item: Leftovers
|upkeep
|turn|11
|
|t:|1760453503
|move|p1a: Salamence|Dragon Dance|p1a: Salamence
|-boost|p1a: Salamence|atk|1
|-boost|p1a: Salamence|spe|1
|move|p2a: Alomomola|Tickle|p1a: Salamence
|-unboost|p1a: Salamence|atk|1
|-unboost|p1a: Salamence|def|1
|
|-heal|p1a: Salamence|99/100|[from] item: Leftovers
|upkeep
|turn|12
|
|t:|1760453510
|move|p1a: Salamence|Dragon Claw|p2a: Alomomola
|-damage|p2a: Alomomola|47/100
|move|p2a: Alomomola|Tickle|p1a: Salamence
|-unboost|p1a: Salamence|atk|1
|-unboost|p1a: Salamence|def|1
|
|-heal|p1a: Salamence|100/100|[from] item: Leftovers
|upkeep
|turn|13
|
|t:|1760453518
|move|p1a: Salamence|Dragon Dance|p1a: Salamence
|-boost|p1a: Salamence|atk|1
|-boost|p1a: Salamence|spe|1
|move|p2a: Alomomola|Wish|p2a: Alomomola
|
|upkeep
|turn|14
|
|t:|1760453522
|move|p1a: Salamence|Dragon Claw|p2a: Alomomola
|-damage|p2a: Alomomola|16/100
|move|p2a: Alomomola|Tickle|p1a: Salamence
|-unboost|p1a: Salamence|atk|1
|-unboost|p1a: Salamence|def|1
|
|-heal|p2a: Alomomola|66/100|[from] move: Wish|[wisher] Alomomola
|upkeep
|turn|15
|
|t:|1760453531
|switch|p1a: Magmortar|Magmortar, M|100/100
|-damage|p1a: Magmortar|76/100|[from] Stealth Rock
|move|p2a: Alomomola|Wish|p2a: Alomomola
|
|upkeep
|turn|16
|
|t:|1760453540
|move|p1a: Magmortar|Thunderbolt|p2a: Alomomola
|-supereffective|p2a: Alomomola
|-damage|p2a: Alomomola|0 fnt
|faint|p2a: Alomomola
|
|upkeep
|
|t:|1760453554
|switch|p2a: Blaziken|Blaziken, M|100/100
|turn|17
|
|t:|1760453559
|switch|p1a: Lycanroc|Lycanroc-Dusk, M, shiny|100/100
|-damage|p1a: Lycanroc|88/100|[from] Stealth Rock
|move|p2a: Blaziken|Swords Dance|p2a: Blaziken
|-boost|p2a: Blaziken|atk|2
|
|-ability|p2a: Blaziken|Speed Boost|boost
|-boost|p2a: Blaziken|spe|1
|upkeep
|turn|18
|
|t:|1760453571
|move|p1a: Lycanroc|Accelerock|p2a: Blaziken
|-damage|p2a: Blaziken|63/100
|move|p2a: Blaziken|Close Combat|p1a: Lycanroc
|-supereffective|p1a: Lycanroc
|-damage|p1a: Lycanroc|0 fnt
|-unboost|p2a: Blaziken|def|1
|-unboost|p2a: Blaziken|spd|1
|faint|p1a: Lycanroc
|-damage|p2a: Blaziken|53/100|[from] item: Life Orb
|
|-ability|p2a: Blaziken|Speed Boost|boost
|-boost|p2a: Blaziken|spe|1
|upkeep
|
|t:|1760453576
|switch|p1a: Araquanid|Araquanid, M, shiny|94/100 brn
|-activate|p1a: Araquanid|ability: Water Bubble
|-curestatus|p1a: Araquanid|brn|[msg]
|-damage|p1a: Araquanid|69/100|[from] Stealth Rock
|turn|19
|
|t:|1760453587
|move|p2a: Blaziken|Close Combat|p1a: Araquanid
|-resisted|p1a: Araquanid
|-crit|p1a: Araquanid
|-damage|p1a: Araquanid|0 fnt
|-unboost|p2a: Blaziken|def|1
|-unboost|p2a: Blaziken|spd|1
|faint|p1a: Araquanid
|-damage|p2a: Blaziken|43/100|[from] item: Life Orb
|
|-ability|p2a: Blaziken|Speed Boost|boost
|-boost|p2a: Blaziken|spe|1
|upkeep
|
|t:|1760453595
|switch|p1a: Grimmsnarl|Grimmsnarl, M, shiny|100/100
|-damage|p1a: Grimmsnarl|88/100|[from] Stealth Rock
|turn|20
|
|t:|1760453599
|move|p1a: Grimmsnarl|Reflect|p1a: Grimmsnarl
|-sidestart|p1: TryinSome|Reflect
|move|p2a: Blaziken|Close Combat|p1a: Grimmsnarl
|-damage|p1a: Grimmsnarl|2/100
|-unboost|p2a: Blaziken|def|1
|-unboost|p2a: Blaziken|spd|1
|-damage|p2a: Blaziken|33/100|[from] item: Life Orb
|
|-ability|p2a: Blaziken|Speed Boost|boost
|-boost|p2a: Blaziken|spe|1
|upkeep
|turn|21
|
|t:|1760453615
|move|p2a: Blaziken|Protect|p2a: Blaziken
|-singleturn|p2a: Blaziken|Protect
|move|p1a: Grimmsnarl|Light Screen|p1a: Grimmsnarl
|-sidestart|p1: TryinSome|move: Light Screen
|
|-ability|p2a: Blaziken|Speed Boost|boost
|-boost|p2a: Blaziken|spe|1
|upkeep
|turn|22
|
|t:|1760453623
|move|p2a: Blaziken|Swords Dance|p2a: Blaziken
|-boost|p2a: Blaziken|atk|2
|move|p1a: Grimmsnarl|Play Rough|p2a: Blaziken
|-damage|p2a: Blaziken|0 fnt
|faint|p2a: Blaziken
|
|upkeep
|
|t:|1760453640
|switch|p2a: Slowking|Slowking-Galar, M|59/100
|turn|23
|
|t:|1760453644
|move|p1a: Grimmsnarl|Play Rough|p2a: Slowking
|-resisted|p2a: Slowking
|-damage|p2a: Slowking|39/100
|move|p2a: Slowking|Future Sight|p1a: Grimmsnarl
|-start|p2a: Slowking|move: Future Sight
|
|upkeep
|turn|24
|
|t:|1760453652
|move|p1a: Grimmsnarl|Play Rough|p2a: Slowking
|-resisted|p2a: Slowking
|-damage|p2a: Slowking|20/100
|-prepare|p2a: Slowking|Chilly Reception|[premajor]
|move|p2a: Slowking|Chilly Reception|p2a: Slowking
|-weather|Snowscape
|
|t:|1760453673
|switch|p2a: Weezing|Weezing-Galar, M|92/100|[from] Chilly Reception
|-ability|p2a: Weezing|Neutralizing Gas
|
|-weather|Snowscape|[upkeep]
|upkeep
|turn|25
|
|t:|1760453680
|move|p1a: Grimmsnarl|Play Rough|p2a: Weezing
|-resisted|p2a: Weezing
|-damage|p2a: Weezing|79/100
|move|p2a: Weezing|Strange Steam|p1a: Grimmsnarl
|-supereffective|p1a: Grimmsnarl
|-damage|p1a: Grimmsnarl|0 fnt
|faint|p1a: Grimmsnarl
|
|-weather|Snowscape|[upkeep]
|-hint|Future Sight did not hit because the target is fainted.
|upkeep
|
|t:|1760453683
|switch|p1a: Salamence|Salamence, M|100/100
|-damage|p1a: Salamence|76/100|[from] Stealth Rock
|turn|26
|
|t:|1760453694
|move|p1a: Salamence|Earthquake|p2a: Weezing
|-supereffective|p2a: Weezing
|-damage|p2a: Weezing|26/100
|move|p2a: Weezing|Will-O-Wisp|p1a: Salamence
|-status|p1a: Salamence|brn
|
|-weather|Snowscape|[upkeep]
|-heal|p1a: Salamence|82/100 brn|[from] item: Leftovers
|-damage|p1a: Salamence|76/100 brn|[from] brn
|upkeep
|turn|27
|
|t:|1760453721
|-end|p2a: Weezing|ability: Neutralizing Gas
|switch|p2a: Rillaboom|Rillaboom, M|100/100
|-fieldstart|move: Grassy Terrain|[from] ability: Grassy Surge|[of] p2a: Rillaboom
|move|p1a: Salamence|Earthquake|p2a: Rillaboom
|-resisted|p2a: Rillaboom
|-damage|p2a: Rillaboom|95/100
|
|-weather|Snowscape|[upkeep]
|-heal|p1a: Salamence|82/100 brn|[from] item: Leftovers
|-heal|p2a: Rillaboom|100/100|[from] Grassy Terrain
|-damage|p1a: Salamence|76/100 brn|[from] brn
|-sideend|p1: TryinSome|Reflect
|upkeep
|turn|28
|inactive|Legend103 has 120 seconds left.
|
|t:|1760453736
|move|p1a: Salamence|Dragon Dance|p1a: Salamence
|-boost|p1a: Salamence|atk|1
|-boost|p1a: Salamence|spe|1
|move|p2a: Rillaboom|Knock Off|p1a: Salamence
|-damage|p1a: Salamence|11/100 brn
|-enditem|p1a: Salamence|Leftovers|[from] move: Knock Off|[of] p2a: Rillaboom
|
|-weather|none
|-damage|p1a: Salamence|5/100 brn|[from] brn
|-sideend|p1: TryinSome|move: Light Screen
|upkeep
|turn|29
|inactive|Legend103 has 120 seconds left.
|
|t:|1760453747
|move|p1a: Salamence|Dual Wingbeat|p2a: Rillaboom
|-supereffective|p2a: Rillaboom
|-damage|p2a: Rillaboom|63/100
|-supereffective|p2a: Rillaboom
|-damage|p2a: Rillaboom|22/100
|-hitcount|p2a: Rillaboom|2
|move|p2a: Rillaboom|Knock Off|p1a: Salamence
|-damage|p1a: Salamence|0 fnt
|faint|p1a: Salamence
|
|-heal|p2a: Rillaboom|28/100|[from] Grassy Terrain
|upkeep
|
|t:|1760453751
|switch|p1a: Magmortar|Magmortar, M|76/100
|-damage|p1a: Magmortar|51/100|[from] Stealth Rock
|turn|30
|
|t:|1760453759
|move|p1a: Magmortar|Flamethrower|p2a: Rillaboom
|-supereffective|p2a: Rillaboom
|-damage|p2a: Rillaboom|0 fnt
|faint|p2a: Rillaboom
|
|-heal|p1a: Magmortar|57/100|[from] Grassy Terrain
|upkeep
|
|t:|1760453772
|switch|p2a: Ting-Lu|Ting-Lu, tera:Ghost|25/100
|-ability|p2a: Ting-Lu|Vessel of Ruin
|turn|31
|
|t:|1760453777
|move|p1a: Magmortar|Flamethrower|p2a: Ting-Lu
|-damage|p2a: Ting-Lu|0 fnt
|faint|p2a: Ting-Lu
|
|-heal|p1a: Magmortar|63/100|[from] Grassy Terrain
|-fieldend|move: Grassy Terrain
|upkeep
|inactive|Legend103 has 120 seconds left.
|
|t:|1760453815
|switch|p2a: Slowking|Slowking-Galar, M|54/100
|turn|32
|
|t:|1760453821
|switch|p2a: Weezing|Weezing-Galar, M|26/100
|-ability|p2a: Weezing|Neutralizing Gas
|move|p1a: Magmortar|Flamethrower|p2a: Weezing
|-damage|p2a: Weezing|0 fnt
|faint|p2a: Weezing
|-end|p2a: Weezing|ability: Neutralizing Gas
|
|upkeep
|
|t:|1760453829
|switch|p2a: Slowking|Slowking-Galar, M|87/100
|turn|33
|inactive|Legend103 has 120 seconds left.
|
|t:|1760453835
|move|p1a: Magmortar|Flamethrower|p2a: Slowking
|-damage|p2a: Slowking|48/100
|move|p2a: Slowking|Sludge Bomb|p1a: Magmortar
|-damage|p1a: Magmortar|25/100
|
|upkeep
|turn|34
|
|t:|1760453841
|move|p1a: Magmortar|Flamethrower|p2a: Slowking
|-damage|p2a: Slowking|5/100
|-status|p2a: Slowking|brn
|move|p2a: Slowking|Sludge Bomb|p1a: Magmortar
|-damage|p1a: Magmortar|0 fnt
|faint|p1a: Magmortar
|
|win|Legend103
|raw|TryinSome's rating: 1232 &rarr; <strong>1205</strong><br />(-27 for losing)
|raw|Legend103's rating: 1211 &rarr; <strong>1238</strong><br />(+27 for winning)
|l|☆TryinSome
|player|p1|
|l|☆Legend103
|player|p2|
