|j|☆Alexboss30
|j|☆Mondeydoo
|t:|1760361782
|gametype|singles
|player|p1|Alexboss30|2|1067
|player|p2|Mondeydoo|hoopster|1078
|gen|9
|tier|[Gen 9] OU
|rated|
|rule|HP Percentage Mod: HP is shown in percentages
|rule|Endless Battle Clause: Forcing endless battles is banned
|rule|Species Clause: Limit one of each Pokémon
|rule|OHKO Clause: OHKO moves are banned
|rule|Evasion Items Clause: Evasion items are banned
|rule|Evasion Moves Clause: Evasion moves are banned
|rule|Evasion Abilities Clause: Evasion abilities are banned
|rule|Sleep Moves Clause: Sleep-inducing moves are banned
|clearpoke
|poke|p1|Zoroark-Hisui, M|
|poke|p1|Maushold-Four|
|poke|p1|Furret, M|
|poke|p1|Blissey, F|
|poke|p1|Ditto|
|poke|p1|Staraptor, M|
|poke|p2|Dragonite, F|
|poke|p2|Jirachi|
|poke|p2|Rhydon, F|
|poke|p2|Tornadus-Therian, M|
|poke|p2|Muk, F|
|poke|p2|Heatran, M|
|teampreview
|inactive|Battle timer is ON: inactive players will automatically lose when time's up. (requested by Alexboss30)
|
|t:|1760361797
|teamsize|p1|6
|teamsize|p2|6
|start
|switch|p1a: Furret|Furret, M|100/100
|switch|p2a: Jirachi|Jirachi, shiny|100/100
|-item|p2a: Jirachi|Aguav Berry|[from] ability: Frisk|[of] p1a: Furret
|turn|1
|
|t:|1760361805
|move|p2a: Jirachi|Rain Dance|p2a: Jirachi
|-weather|RainDance
|move|p1a: Furret|Trick|p2a: Jirachi
|-activate|p1a: Furret|move: Trick|[of] p2a: Jirachi
|-item|p2a: Jirachi|Lagging Tail|[from] move: Trick
|-item|p1a: Furret|Aguav Berry|[from] move: Trick
|
|-weather|RainDance|[upkeep]
|upkeep
|turn|2
|
|t:|1760361817
|move|p1a: Furret|Super Fang|p2a: Jirachi
|-damage|p2a: Jirachi|50/100
|move|p2a: Jirachi|Thunder|p1a: Furret
|-crit|p1a: Furret
|-damage|p1a: Furret|30/100
|-status|p1a: Furret|par
|
|-weather|RainDance|[upkeep]
|upkeep
|turn|3
|
|t:|1760361830
|move|p1a: Furret|Super Fang|p2a: Jirachi
|-damage|p2a: Jirachi|26/100
|move|p2a: Jirachi|Calm Mind|p2a: Jirachi
|-boost|p2a: Jirachi|spa|1
|-boost|p2a: Jirachi|spd|1
|
|-weather|RainDance|[upkeep]
|upkeep
|turn|4
|
|t:|1760361838
|move|p1a: Furret|Super Fang|p2a: Jirachi
|-damage|p2a: Jirachi|13/100
|move|p2a: Jirachi|Water Pulse|p1a: Furret
|-damage|p1a: Furret|0 fnt
|faint|p1a: Furret
|
|-weather|RainDance|[upkeep]
|upkeep
|
|t:|1760361849
|switch|p1a: Ditto|Ditto|100/100
|-transform|p1a: Ditto|p2a: Jirachi|[from] ability: Imposter
|turn|5
|
|t:|1760361858
|move|p1a: Ditto|Water Pulse|p2a: Jirachi
|-damage|p2a: Jirachi|0 fnt
|faint|p2a: Jirachi
|
|-weather|none
|upkeep
|
|t:|1760361878
|switch|p2a: Dragonite|Dragonite, F, shiny|100/100
|turn|6
|
|t:|1760361882
|move|p1a: Ditto|Water Pulse|p2a: Dragonite
|-resisted|p2a: Dragonite
|-damage|p2a: Dragonite|94/100
|move|p2a: Dragonite|Dragon Dance|p2a: Dragonite
|-boost|p2a: Dragonite|atk|1
|-boost|p2a: Dragonite|spe|1
|
|upkeep
|turn|7
|
|t:|1760361893
|switch|p1a: Blissey|Blissey, F|100/100
|move|p2a: Dragonite|Dragon Dance|p2a: Dragonite
|-boost|p2a: Dragonite|atk|1
|-boost|p2a: Dragonite|spe|1
|
|upkeep
|turn|8
|
|t:|1760361901
|move|p2a: Dragonite|Dragon Claw|p1a: Blissey
|-damage|p1a: Blissey|23/100
|move|p1a: Blissey|Trick|p2a: Dragonite
|-activate|p1a: Blissey|move: Trick|[of] p2a: Dragonite
|-item|p2a: Dragonite|Lagging Tail|[from] move: Trick
|-item|p1a: Blissey|Chesto Berry|[from] move: Trick
|
|upkeep
|turn|9
|
|t:|1760361909
|move|p1a: Blissey|Soft-Boiled|p1a: Blissey
|-heal|p1a: Blissey|73/100
|move|p2a: Dragonite|Dragon Dance|p2a: Dragonite
|-boost|p2a: Dragonite|atk|1
|-boost|p2a: Dragonite|spe|1
|
|upkeep
|turn|10
|
|t:|1760361928
|-terastallize|p1a: Blissey|Fairy
|move|p1a: Blissey|Soft-Boiled|p1a: Blissey
|-heal|p1a: Blissey|100/100
|move|p2a: Dragonite|Dragon Claw|p1a: Blissey
|-immune|p1a: Blissey
|
|upkeep
|turn|11
|
|t:|1760361948
|move|p1a: Blissey|Copycat|p1a: Blissey
|move|p1a: Blissey|Dragon Claw|p2a: Dragonite|[from] move: Copycat
|-supereffective|p2a: Dragonite
|-damage|p2a: Dragonite|85/100
|move|p2a: Dragonite|Waterfall|p1a: Blissey
|-damage|p1a: Blissey|33/100
|
|upkeep
|turn|12
|
|t:|1760361958
|move|p1a: Blissey|Copycat|p1a: Blissey
|move|p1a: Blissey|Waterfall|p2a: Dragonite|[from] move: Copycat
|-resisted|p2a: Dragonite
|-damage|p2a: Dragonite|84/100
|cant|p2a: Dragonite|flinch
|
|upkeep
|turn|13
|
|t:|1760361966
|move|p1a: Blissey|Copycat|p1a: Blissey
|move|p1a: Blissey|Waterfall|p2a: Dragonite|[from] move: Copycat
|-resisted|p2a: Dragonite
|-damage|p2a: Dragonite|81/100
|move|p2a: Dragonite|Waterfall|p1a: Blissey
|-damage|p1a: Blissey|0 fnt
|faint|p1a: Blissey
|
|upkeep
|
|t:|1760361976
|switch|p1a: Ditto|Ditto|100/100
|-transform|p1a: Ditto|p2a: Dragonite|[from] ability: Imposter
|turn|14
|
|t:|1760361991
|-terastallize|p2a: Dragonite|Water
|move|p1a: Ditto|Waterfall|p2a: Dragonite
|-resisted|p2a: Dragonite
|-damage|p2a: Dragonite|38/100
|move|p2a: Dragonite|Dragon Claw|p1a: Ditto
|-supereffective|p1a: Ditto
|-damage|p1a: Ditto|0 fnt
|faint|p1a: Ditto
|
|upkeep
|
|t:|1760362003
|switch|p1a: Staraptor|Staraptor, M|100/100
|turn|15
|
|t:|1760362006
|move|p1a: Staraptor|Brave Bird|p2a: Dragonite
|-crit|p2a: Dragonite
|-damage|p2a: Dragonite|0 fnt
|faint|p2a: Dragonite
|-damage|p1a: Staraptor|88/100|[from] Recoil
|
|upkeep
|
|t:|1760362021
|switch|p2a: Rhydon|Rhydon, F, shiny|100/100
|turn|16
|
|t:|1760362026
|switch|p1a: Maushold|Maushold-Four|100/100
|move|p2a: Rhydon|Curse|p2a: Rhydon
|-unboost|p2a: Rhydon|spe|1
|-boost|p2a: Rhydon|atk|1
|-boost|p2a: Rhydon|def|1
|
|upkeep
|turn|17
|
|t:|1760362035
|move|p1a: Maushold|Nasty Plot|p1a: Maushold
|-boost|p1a: Maushold|spa|2
|move|p2a: Rhydon|Stone Edge|p1a: Maushold
|-crit|p1a: Maushold
|-enditem|p1a: Maushold|Focus Sash
|-damage|p1a: Maushold|1/100
|replace|p1a: Zoroark|Zoroark-Hisui, M
|-end|p1a: Zoroark|Illusion
|
|upkeep
|turn|18
|
|t:|1760362045
|move|p1a: Zoroark|Focus Blast|p2a: Rhydon
|-supereffective|p2a: Rhydon
|-damage|p2a: Rhydon|1/100
|move|p2a: Rhydon|Stone Edge|p1a: Zoroark
|-damage|p1a: Zoroark|0 fnt
|faint|p1a: Zoroark
|
|upkeep
|
|t:|1760362054
|switch|p1a: Maushold|Maushold-Four|100/100
|turn|19
|
|t:|1760362060
|move|p1a: Maushold|U-turn|p2a: Rhydon
|-damage|p2a: Rhydon|0 fnt
|faint|p2a: Rhydon
|
|t:|1760362063
|switch|p1a: Staraptor|Staraptor, M|88/100|[from] U-turn
|
|upkeep
|
|t:|1760362070
|switch|p2a: Tornadus|Tornadus-Therian, M, shiny|100/100
|turn|20
|
|t:|1760362074
|move|p2a: Tornadus|Bleakwind Storm|p1a: Staraptor
|-damage|p1a: Staraptor|0 fnt
|faint|p1a: Staraptor
|
|upkeep
|
|t:|1760362079
|switch|p1a: Maushold|Maushold-Four|100/100
|turn|21
|
|t:|1760362083
|move|p2a: Tornadus|Bleakwind Storm|p1a: Maushold
|-damage|p1a: Maushold|0 fnt
|faint|p1a: Maushold
|
|win|Mondeydoo
|raw|Alexboss30's rating: 1067 &rarr; <strong>1048</strong><br />(-19 for losing)
|raw|Mondeydoo's rating: 1078 &rarr; <strong>1105</strong><br />(+27 for winning)
|l|☆Mondeydoo
|player|p2|
|l|☆Alexboss30
|player|p1|
