|j|☆uguisu
|j|☆greenlolcom
|t:|1760340014
|gametype|singles
|player|p1|uguisu|idol|1142
|player|p2|greenlolcom|hilbert-wonderlauncher|1141
|gen|9
|tier|[Gen 9] OU
|rated|
|rule|HP Percentage Mod: HP is shown in percentages
|rule|Endless Battle Clause: Forcing endless battles is banned
|rule|Species Clause: Limit one of each Pokémon
|rule|OHKO Clause: OHKO moves are banned
|rule|Evasion Items Clause: Evasion items are banned
|rule|Evasion Moves Clause: Evasion moves are banned
|rule|Evasion Abilities Clause: Evasion abilities are banned
|rule|Sleep Moves Clause: Sleep-inducing moves are banned
|clearpoke
|poke|p1|Quaxwell, F|
|poke|p1|Graveler, M|
|poke|p1|Crocalor, M|
|poke|p1|Ursaring, M|
|poke|p1|Ditto|
|poke|p1|Sneasel, M|
|poke|p2|Regidrago|
|poke|p2|Granbull, F|
|poke|p2|Smeargle, F|
|poke|p2|Dragapult, M|
|poke|p2|Gallade, M|
|poke|p2|Inteleon, M|
|teampreview
|inactive|Battle timer is ON: inactive players will automatically lose when time's up. (requested by greenlolcom)
|
|t:|1760340031
|teamsize|p1|6
|teamsize|p2|6
|start
|switch|p1a: Quaxwell|Quaxwell, F|100/100
|switch|p2a: Smeargle|Smeargle, F|100/100
|turn|1
|
|t:|1760340039
|move|p2a: Smeargle|Sticky Web|p1a: Quaxwell
|-sidestart|p1: uguisu|move: Sticky Web
|move|p1a: Quaxwell|Triple Axel|p2a: Smeargle
|-damage|p2a: Smeargle|91/100
|-damage|p2a: Smeargle|70/100
|-damage|p2a: Smeargle|38/100
|-hitcount|p2a: Smeargle|3
|
|upkeep
|turn|2
|
|t:|1760340050
|move|p2a: Smeargle|Stone Axe|p1a: Quaxwell
|-damage|p1a: Quaxwell|97/100
|-sidestart|p1: uguisu|move: Stealth Rock
|move|p1a: Quaxwell|Rapid Spin|p2a: Smeargle
|-damage|p2a: Smeargle|15/100
|-boost|p1a: Quaxwell|spe|1
|-sideend|p1: uguisu|Stealth Rock|[from] move: Rapid Spin|[of] p1a: Quaxwell
|-sideend|p1: uguisu|Sticky Web|[from] move: Rapid Spin|[of] p1a: Quaxwell
|
|upkeep
|turn|3
|
|t:|1760340062
|move|p2a: Smeargle|Sticky Web|p1a: Quaxwell
|-sidestart|p1: uguisu|move: Sticky Web
|move|p1a: Quaxwell|Flip Turn|p2a: Smeargle
|-damage|p2a: Smeargle|0 fnt
|faint|p2a: Smeargle
|-ability|p1a: Quaxwell|Moxie|boost
|-boost|p1a: Quaxwell|atk|1
|
|t:|1760340076
|switch|p1a: Ursaring|Ursaring, M|100/100|[from] Flip Turn
|-activate|p1a: Ursaring|move: Sticky Web
|-unboost|p1a: Ursaring|spe|1
|
|upkeep
|
|t:|1760340085
|switch|p2a: Dragapult|Dragapult, M|100/100
|turn|4
|
|t:|1760340093
|switch|p1a: Crocalor|Crocalor, M|100/100
|-activate|p1a: Crocalor|move: Sticky Web
|-unboost|p1a: Crocalor|spe|1
|move|p2a: Dragapult|Dragon Darts|p1a: Crocalor
|-damage|p1a: Crocalor|72/100
|-anim|p2a: Dragapult|Dragon Darts|p1a: Crocalor
|-damage|p1a: Crocalor|41/100
|
|upkeep
|turn|5
|
|t:|1760340106
|move|p2a: Dragapult|Dragon Darts|p1a: Crocalor
|-damage|p1a: Crocalor|12/100
|-anim|p2a: Dragapult|Dragon Darts|p1a: Crocalor
|-damage|p1a: Crocalor|0 fnt
|faint|p1a: Crocalor
|
|upkeep
|
|t:|1760340113
|switch|p1a: Ditto|Ditto|100/100
|-activate|p1a: Ditto|move: Sticky Web
|-unboost|p1a: Ditto|spe|1
|-transform|p1a: Ditto|p2a: Dragapult|[from] ability: Imposter
|turn|6
|
|t:|1760340128
|switch|p2a: Granbull|Granbull, F|100/100
|-ability|p2a: Granbull|Intimidate|boost
|-fail|p1a: Ditto|unboost|[from] ability: Clear Body|[of] p1a: Ditto
|move|p1a: Ditto|Phantom Force||[still]
|-prepare|p1a: Ditto|Phantom Force
|
|upkeep
|turn|7
|
|t:|1760340139
|move|p1a: Ditto|Phantom Force|p2a: Granbull|[from] lockedmove
|-damage|p2a: Granbull|49/100
|move|p2a: Granbull|Play Rough|p1a: Ditto
|-supereffective|p1a: Ditto
|-damage|p1a: Ditto|0 fnt
|faint|p1a: Ditto
|
|upkeep
|
|t:|1760340147
|switch|p1a: Quaxwell|Quaxwell, F|97/100
|-activate|p1a: Quaxwell|move: Sticky Web
|-unboost|p1a: Quaxwell|spe|1
|turn|8
|
|t:|1760340153
|move|p2a: Granbull|Play Rough|p1a: Quaxwell
|-damage|p1a: Quaxwell|68/100
|move|p1a: Quaxwell|Rapid Spin|p2a: Granbull
|-crit|p2a: Granbull
|-damage|p2a: Granbull|31/100
|-boost|p1a: Quaxwell|spe|1
|-sideend|p1: uguisu|Sticky Web|[from] move: Rapid Spin|[of] p1a: Quaxwell
|
|upkeep
|turn|9
|
|t:|1760340166
|move|p1a: Quaxwell|Flip Turn|p2a: Granbull
|-damage|p2a: Granbull|10/100
|
|t:|1760340170
|switch|p1a: Ursaring|Ursaring, M|100/100|[from] Flip Turn
|move|p2a: Granbull|Play Rough|p1a: Ursaring
|-damage|p1a: Ursaring|65/100
|
|upkeep
|turn|10
|
|t:|1760340179
|switch|p1a: Graveler|Graveler, M|100/100
|move|p2a: Granbull|Play Rough|p1a: Graveler
|-damage|p1a: Graveler|53/100
|
|upkeep
|turn|11
|
|t:|1760340187
|move|p2a: Granbull|Earthquake|p1a: Graveler
|-supereffective|p1a: Graveler
|-damage|p1a: Graveler|0 fnt
|faint|p1a: Graveler
|
|upkeep
|
|t:|1760340191
|switch|p1a: Ursaring|Ursaring, M|65/100
|turn|12
|
|t:|1760340195
|move|p1a: Ursaring|Body Slam|p2a: Granbull
|-damage|p2a: Granbull|0 fnt
|faint|p2a: Granbull
|
|upkeep
|
|t:|1760340202
|switch|p2a: Inteleon|Inteleon, M|100/100
|turn|13
|
|t:|1760340208
|move|p2a: Inteleon|Snipe Shot|p1a: Ursaring
|-damage|p1a: Ursaring|33/100
|move|p1a: Ursaring|Body Slam|p2a: Inteleon
|-damage|p2a: Inteleon|36/100
|
|upkeep
|turn|14
|
|t:|1760340215
|move|p2a: Inteleon|Snipe Shot|p1a: Ursaring
|-crit|p1a: Ursaring
|-damage|p1a: Ursaring|0 fnt
|faint|p1a: Ursaring
|
|upkeep
|
|t:|1760340220
|switch|p1a: Quaxwell|Quaxwell, F|68/100
|turn|15
|
|t:|1760340224
|move|p2a: Inteleon|Flip Turn|p1a: Quaxwell
|-resisted|p1a: Quaxwell
|-damage|p1a: Quaxwell|63/100
|
|t:|1760340230
|switch|p2a: Gallade|Gallade, M|100/100|[from] Flip Turn
|move|p1a: Quaxwell|Roost|p1a: Quaxwell
|-heal|p1a: Quaxwell|100/100
|-singleturn|p1a: Quaxwell|move: Roost
|
|upkeep
|turn|16
|
|t:|1760340253
|move|p2a: Gallade|Sacred Sword|p1a: Quaxwell
|-damage|p1a: Quaxwell|53/100
|move|p1a: Quaxwell|Flip Turn|p2a: Gallade
|-damage|p2a: Gallade|71/100
|
|t:|1760340259
|switch|p1a: Sneasel|Sneasel, M|100/100|[from] Flip Turn
|
|upkeep
|turn|17
|
|t:|1760340271
|move|p2a: Gallade|Sacred Sword|p1a: Sneasel
|-supereffective|p1a: Sneasel
|-damage|p1a: Sneasel|0 fnt
|faint|p1a: Sneasel
|
|upkeep
|
|t:|1760340275
|switch|p1a: Quaxwell|Quaxwell, F|53/100
|turn|18
|
|t:|1760340283
|-terastallize|p1a: Quaxwell|Water
|move|p2a: Gallade|Sacred Sword|p1a: Quaxwell
|-crit|p1a: Quaxwell
|-damage|p1a: Quaxwell|0 fnt
|faint|p1a: Quaxwell
|
|win|greenlolcom
|raw|uguisu's rating: 1142 &rarr; <strong>1117</strong><br />(-25 for losing)
|raw|greenlolcom's rating: 1141 &rarr; <strong>1166</strong><br />(+25 for winning)
|l|☆uguisu
|player|p1|
|l|☆greenlolcom
|player|p2|
