|j|☆Kaleor
|j|☆sihengthegreat
|t:|1760342767
|gametype|singles
|player|p1|Kaleor|swimmer-gen4dp|1574
|player|p2|sihengthegreat|hooligans|1531
|gen|9
|tier|[Gen 9] OU
|rated|
|rule|HP Percentage Mod: HP is shown in percentages
|rule|Endless Battle Clause: Forcing endless battles is banned
|rule|Species Clause: Limit one of each Pokémon
|rule|OHKO Clause: OHKO moves are banned
|rule|Evasion Items Clause: Evasion items are banned
|rule|Evasion Moves Clause: Evasion moves are banned
|rule|Evasion Abilities Clause: Evasion abilities are banned
|rule|Sleep Moves Clause: Sleep-inducing moves are banned
|clearpoke
|poke|p1|Great Tusk|
|poke|p1|Gholdengo|
|poke|p1|Kingambit, F|
|poke|p1|Dragonite, M|
|poke|p1|Gliscor, F|
|poke|p1|Primarina, F|
|poke|p2|Pecharunt|
|poke|p2|Serperior, F|
|poke|p2|Moltres|
|poke|p2|Deoxys-Speed|
|poke|p2|Iron Treads|
|poke|p2|Scizor, M|
|teampreview
|inactive|Battle timer is ON: inactive players will automatically lose when time's up. (requested by Kaleor)
|
|t:|1760342795
|teamsize|p1|6
|teamsize|p2|6
|start
|switch|p1a: Gholdengo|Gholdengo|100/100
|switch|p2a: Serperior|Serperior, F|100/100
|turn|1
|
|t:|1760342813
|switch|p2a: Scizor|Scizor, M|100/100
|move|p1a: Gholdengo|Shadow Ball|p2a: Scizor
|-damage|p2a: Scizor|46/100
|
|upkeep
|turn|2
|
|t:|1760342826
|switch|p2a: Moltres|Moltres|100/100
|move|p1a: Gholdengo|Shadow Ball|p2a: Moltres
|-damage|p2a: Moltres|62/100
|
|upkeep
|turn|3
|
|t:|1760342834
|switch|p1a: Primarina|Primarina, F|100/100
|move|p2a: Moltres|Flamethrower|p1a: Primarina
|-resisted|p1a: Primarina
|-crit|p1a: Primarina
|-damage|p1a: Primarina|84/100
|
|upkeep
|turn|4
|
|t:|1760342840
|move|p2a: Moltres|U-turn|p1a: Primarina
|-resisted|p1a: Primarina
|-damage|p1a: Primarina|75/100
|
|t:|1760342844
|switch|p2a: Pecharunt|Pecharunt|100/100|[from] U-turn
|move|p1a: Primarina|Flip Turn|p2a: Pecharunt
|-damage|p2a: Pecharunt|92/100
|
|t:|1760342852
|switch|p1a: Gholdengo|Gholdengo|100/100|[from] Flip Turn
|
|upkeep
|turn|5
|
|t:|1760342858
|-terastallize|p2a: Pecharunt|Dark
|move|p1a: Gholdengo|Shadow Ball|p2a: Pecharunt
|-resisted|p2a: Pecharunt
|-damage|p2a: Pecharunt|69/100
|-unboost|p2a: Pecharunt|spd|1
|move|p2a: Pecharunt|Hex|p1a: Gholdengo
|-supereffective|p1a: Gholdengo
|-damage|p1a: Gholdengo|52/100
|
|upkeep
|turn|6
|inactive|Kaleor has 120 seconds left.
|
|t:|1760342890
|switch|p1a: Primarina|Primarina, F|75/100
|move|p2a: Pecharunt|Recover|p2a: Pecharunt
|-heal|p2a: Pecharunt|100/100
|
|upkeep
|turn|7
|
|t:|1760342898
|move|p2a: Pecharunt|Malignant Chain|p1a: Primarina
|-supereffective|p1a: Primarina
|-damage|p1a: Primarina|37/100
|move|p1a: Primarina|Flip Turn|p2a: Pecharunt
|-damage|p2a: Pecharunt|91/100
|
|t:|1760342906
|switch|p1a: Gliscor|Gliscor, F|100/100|[from] Flip Turn
|
|-status|p1a: Gliscor|tox|[from] item: Toxic Orb
|upkeep
|turn|8
|
|t:|1760342912
|move|p2a: Pecharunt|Nasty Plot|p2a: Pecharunt
|-boost|p2a: Pecharunt|spa|2
|move|p1a: Gliscor|Toxic|p2a: Pecharunt
|-status|p2a: Pecharunt|tox
|
|-damage|p2a: Pecharunt|85/100 tox|[from] psn
|upkeep
|turn|9
|
|t:|1760342922
|switch|p1a: Primarina|Primarina, F|37/100
|move|p2a: Pecharunt|Nasty Plot|p2a: Pecharunt
|-boost|p2a: Pecharunt|spa|2
|
|-damage|p2a: Pecharunt|73/100 tox|[from] psn
|upkeep
|turn|10
|
|t:|1760342929
|switch|p1a: Kingambit|Kingambit, F|100/100
|move|p2a: Pecharunt|Hex|p1a: Kingambit
|-resisted|p1a: Kingambit
|-damage|p1a: Kingambit|65/100
|
|-heal|p1a: Kingambit|71/100|[from] item: Leftovers
|-damage|p2a: Pecharunt|54/100 tox|[from] psn
|upkeep
|turn|11
|
|t:|1760342940
|-end|p1a: Kingambit|fallenundefined|[silent]
|switch|p1a: Primarina|Primarina, F|37/100
|move|p2a: Pecharunt|Hex|p1a: Primarina
|-damage|p1a: Primarina|0 fnt
|faint|p1a: Primarina
|
|-damage|p2a: Pecharunt|30/100 tox|[from] psn
|upkeep
|
|t:|1760342946
|switch|p1a: Gholdengo|Gholdengo|52/100
|turn|12
|
|t:|1760342951
|move|p1a: Gholdengo|Make It Rain|p2a: Pecharunt
|-damage|p2a: Pecharunt|0 fnt
|-unboost|p1a: Gholdengo|spa|1
|faint|p2a: Pecharunt
|
|upkeep
|
|t:|1760342956
|switch|p2a: Serperior|Serperior, F|100/100
|turn|13
|
|t:|1760342962
|switch|p1a: Dragonite|Dragonite, M|100/100
|move|p2a: Serperior|Substitute|p2a: Serperior
|-start|p2a: Serperior|Substitute
|-damage|p2a: Serperior|76/100
|
|-heal|p2a: Serperior|82/100|[from] item: Leftovers
|upkeep
|turn|14
|
|t:|1760342965
|move|p2a: Serperior|Glare|p1a: Dragonite
|-status|p1a: Dragonite|par
|cant|p1a: Dragonite|par
|
|-heal|p2a: Serperior|88/100|[from] item: Leftovers
|upkeep
|turn|15
|
|t:|1760342972
|move|p2a: Serperior|Knock Off|p1a: Dragonite
|-damage|p1a: Dragonite|92/100 par
|-enditem|p1a: Dragonite|Heavy-Duty Boots|[from] move: Knock Off|[of] p2a: Serperior
|cant|p1a: Dragonite|par
|
|-heal|p2a: Serperior|94/100|[from] item: Leftovers
|upkeep
|turn|16
|
|t:|1760342985
|move|p2a: Serperior|Leaf Storm|p1a: Dragonite
|-resisted|p1a: Dragonite
|-damage|p1a: Dragonite|84/100 par
|-boost|p2a: Serperior|spa|2
|move|p1a: Dragonite|Dragon Dance|p1a: Dragonite
|-boost|p1a: Dragonite|atk|1
|-boost|p1a: Dragonite|spe|1
|
|-heal|p2a: Serperior|100/100|[from] item: Leftovers
|upkeep
|turn|17
|
|t:|1760342993
|move|p2a: Serperior|Leaf Storm|p1a: Dragonite
|-resisted|p1a: Dragonite
|-damage|p1a: Dragonite|64/100 par
|-boost|p2a: Serperior|spa|2
|move|p1a: Dragonite|Earthquake|p2a: Serperior
|-resisted|p2a: Serperior
|-end|p2a: Serperior|Substitute
|
|upkeep
|turn|18
|
|t:|1760343001
|move|p2a: Serperior|Substitute|p2a: Serperior
|-start|p2a: Serperior|Substitute
|-damage|p2a: Serperior|76/100
|move|p1a: Dragonite|Encore|p2a: Serperior
|-start|p2a: Serperior|Encore
|
|-heal|p2a: Serperior|82/100|[from] item: Leftovers
|upkeep
|turn|19
|j| Narwhale37
|
|t:|1760343010
|switch|p2a: Moltres|Moltres|62/100
|move|p1a: Dragonite|Dragon Dance|p1a: Dragonite
|-boost|p1a: Dragonite|atk|1
|-boost|p1a: Dragonite|spe|1
|
|upkeep
|turn|20
|
|t:|1760343018
|move|p1a: Dragonite|Dragon Dance|p1a: Dragonite
|-boost|p1a: Dragonite|atk|1
|-boost|p1a: Dragonite|spe|1
|move|p2a: Moltres|Roost|p2a: Moltres
|-heal|p2a: Moltres|100/100
|-singleturn|p2a: Moltres|move: Roost
|
|upkeep
|turn|21
|
|t:|1760343027
|switch|p2a: Iron Treads|Iron Treads|100/100
|move|p1a: Dragonite|Tera Blast|p2a: Iron Treads
|-resisted|p2a: Iron Treads
|-damage|p2a: Iron Treads|91/100
|
|-heal|p2a: Iron Treads|98/100|[from] item: Leftovers
|upkeep
|turn|22
|
|t:|1760343043
|-end|p2a: Iron Treads|Quark Drive|[silent]
|switch|p2a: Moltres|Moltres|100/100
|move|p1a: Dragonite|Earthquake|p2a: Moltres
|-immune|p2a: Moltres
|
|upkeep
|turn|23
|
|t:|1760343064
|switch|p2a: Iron Treads|Iron Treads|98/100
|-terastallize|p1a: Dragonite|Flying
|move|p1a: Dragonite|Tera Blast|p2a: Iron Treads|[anim] Tera Blast Flying
|-resisted|p2a: Iron Treads
|-damage|p2a: Iron Treads|46/100
|
|-heal|p2a: Iron Treads|52/100|[from] item: Leftovers
|upkeep
|turn|24
|
|t:|1760343068
|move|p1a: Dragonite|Earthquake|p2a: Iron Treads
|-supereffective|p2a: Iron Treads
|-damage|p2a: Iron Treads|0 fnt
|faint|p2a: Iron Treads
|-end|p2a: Iron Treads|Quark Drive|[silent]
|
|upkeep
|
|t:|1760343073
|switch|p2a: Deoxys|Deoxys-Speed|100/100
|-ability|p2a: Deoxys|Pressure
|turn|25
|
|t:|1760343083
|move|p2a: Deoxys|Substitute|p2a: Deoxys
|-start|p2a: Deoxys|Substitute
|-damage|p2a: Deoxys|76/100
|move|p1a: Dragonite|Tera Blast|p2a: Deoxys|[anim] Tera Blast Flying
|-end|p2a: Deoxys|Substitute
|
|upkeep
|turn|26
|
|t:|1760343104
|move|p2a: Deoxys|Thunderbolt|p1a: Dragonite
|-supereffective|p1a: Dragonite
|-damage|p1a: Dragonite|11/100 par
|move|p1a: Dragonite|Encore|p2a: Deoxys
|-start|p2a: Deoxys|Encore
|
|upkeep
|turn|27
|
|t:|1760343112
|move|p2a: Deoxys|Thunderbolt|p1a: Dragonite
|-supereffective|p1a: Dragonite
|-damage|p1a: Dragonite|0 fnt
|faint|p1a: Dragonite
|
|upkeep
|
|t:|1760343114
|switch|p1a: Great Tusk|Great Tusk|100/100
|turn|28
|
|t:|1760343126
|switch|p2a: Serperior|Serperior, F|82/100
|move|p1a: Great Tusk|Knock Off|p2a: Serperior
|-damage|p2a: Serperior|55/100
|-enditem|p2a: Serperior|Leftovers|[from] move: Knock Off|[of] p1a: Great Tusk
|
|upkeep
|turn|29
|
|t:|1760343137
|-end|p1a: Great Tusk|Protosynthesis|[silent]
|switch|p1a: Kingambit|Kingambit, F|71/100
|-activate|p1a: Kingambit|ability: Supreme Overlord
|-start|p1a: Kingambit|fallen2|[silent]
|move|p2a: Serperior|Leaf Storm|p1a: Kingambit|[miss]
|-miss|p2a: Serperior|p1a: Kingambit
|
|-heal|p1a: Kingambit|78/100|[from] item: Leftovers
|upkeep
|turn|30
|
|t:|1760343144
|move|p2a: Serperior|Glare|p1a: Kingambit
|-status|p1a: Kingambit|par
|move|p1a: Kingambit|Kowtow Cleave|p2a: Serperior
|-damage|p2a: Serperior|0 fnt
|faint|p2a: Serperior
|
|-heal|p1a: Kingambit|84/100 par|[from] item: Leftovers
|upkeep
|
|t:|1760343164
|switch|p2a: Moltres|Moltres|100/100
|turn|31
|inactive|Kaleor has 120 seconds left.
|
|t:|1760343195
|-end|p1a: Kingambit|fallen2|[silent]
|switch|p1a: Gliscor|Gliscor, F|100/100 tox
|move|p2a: Moltres|Flamethrower|p1a: Gliscor
|-damage|p1a: Gliscor|57/100 tox
|
|-heal|p1a: Gliscor|69/100 tox|[from] ability: Poison Heal
|upkeep
|turn|32
|
|t:|1760343203
|switch|p2a: Scizor|Scizor, M|46/100
|move|p1a: Gliscor|Toxic|p2a: Scizor
|-immune|p2a: Scizor
|
|-heal|p1a: Gliscor|82/100 tox|[from] ability: Poison Heal
|upkeep
|turn|33
|
|t:|1760343213
|move|p1a: Gliscor|Earthquake|p2a: Scizor
|-crit|p2a: Scizor
|-damage|p2a: Scizor|0 fnt
|faint|p2a: Scizor
|
|-heal|p1a: Gliscor|94/100 tox|[from] ability: Poison Heal
|upkeep
|
|t:|1760343216
|switch|p2a: Deoxys|Deoxys-Speed|76/100
|-ability|p2a: Deoxys|Pressure
|turn|34
|
|t:|1760343222
|switch|p1a: Kingambit|Kingambit, F|84/100 par
|-activate|p1a: Kingambit|ability: Supreme Overlord
|-start|p1a: Kingambit|fallen2|[silent]
|move|p2a: Deoxys|Nasty Plot|p2a: Deoxys
|-boost|p2a: Deoxys|spa|2
|
|-heal|p1a: Kingambit|90/100 par|[from] item: Leftovers
|upkeep
|turn|35
|
|t:|1760343229
|move|p2a: Deoxys|Substitute|p2a: Deoxys
|-start|p2a: Deoxys|Substitute
|-damage|p2a: Deoxys|51/100
|move|p1a: Kingambit|Kowtow Cleave|p2a: Deoxys
|-supereffective|p2a: Deoxys
|-end|p2a: Deoxys|Substitute
|
|-heal|p1a: Kingambit|96/100 par|[from] item: Leftovers
|upkeep
|turn|36
|
|t:|1760343234
|move|p2a: Deoxys|Substitute|p2a: Deoxys
|-start|p2a: Deoxys|Substitute
|-damage|p2a: Deoxys|26/100
|move|p1a: Kingambit|Kowtow Cleave|p2a: Deoxys
|-supereffective|p2a: Deoxys
|-end|p2a: Deoxys|Substitute
|
|-heal|p1a: Kingambit|100/100 par|[from] item: Leftovers
|upkeep
|turn|37
|
|t:|1760343238
|move|p2a: Deoxys|Substitute|p2a: Deoxys
|-start|p2a: Deoxys|Substitute
|-damage|p2a: Deoxys|2/100
|move|p1a: Kingambit|Kowtow Cleave|p2a: Deoxys
|-supereffective|p2a: Deoxys
|-end|p2a: Deoxys|Substitute
|
|upkeep
|turn|38
|
|t:|1760343243
|move|p1a: Kingambit|Sucker Punch|p2a: Deoxys
|-supereffective|p2a: Deoxys
|-damage|p2a: Deoxys|0 fnt
|faint|p2a: Deoxys
|
|upkeep
|
|t:|1760343245
|switch|p2a: Moltres|Moltres|100/100
|turn|39
|
|t:|1760343256
|-end|p1a: Kingambit|fallen2|[silent]
|switch|p1a: Gliscor|Gliscor, F|94/100 tox
|move|p2a: Moltres|Flamethrower|p1a: Gliscor
|-damage|p1a: Gliscor|52/100 tox
|
|-heal|p1a: Gliscor|65/100 tox|[from] ability: Poison Heal
|upkeep
|turn|40
|
|t:|1760343261
|move|p2a: Moltres|Flamethrower|p1a: Gliscor
|-crit|p1a: Gliscor
|-damage|p1a: Gliscor|0 fnt
|faint|p1a: Gliscor
|
|upkeep
|
|t:|1760343270
|switch|p1a: Gholdengo|Gholdengo|52/100
|turn|41
|
|t:|1760343273
|move|p1a: Gholdengo|Shadow Ball|p2a: Moltres
|-damage|p2a: Moltres|64/100
|-unboost|p2a: Moltres|spd|1
|move|p2a: Moltres|Flamethrower|p1a: Gholdengo
|-supereffective|p1a: Gholdengo
|-damage|p1a: Gholdengo|0 fnt
|faint|p1a: Gholdengo
|
|upkeep
|
|t:|1760343277
|switch|p1a: Kingambit|Kingambit, F|100/100 par
|-activate|p1a: Kingambit|ability: Supreme Overlord
|-start|p1a: Kingambit|fallen4|[silent]
|turn|42
|
|t:|1760343282
|move|p2a: Moltres|Roost|p2a: Moltres
|-heal|p2a: Moltres|100/100
|-singleturn|p2a: Moltres|move: Roost
|move|p1a: Kingambit|Swords Dance|p1a: Kingambit
|-boost|p1a: Kingambit|atk|2
|
|upkeep
|turn|43
|
|t:|1760343285
|move|p1a: Kingambit|Sucker Punch|p2a: Moltres
|-damage|p2a: Moltres|0 fnt
|faint|p2a: Moltres
|
|win|Kaleor
|raw|Kaleor's rating: 1574 &rarr; <strong>1592</strong><br />(+18 for winning)
|raw|sihengthegreat's rating: 1531 &rarr; <strong>1513</strong><br />(-18 for losing)
|l| Narwhale37
