|j|☆niklor2
|j|☆rockdrigox666
|t:|1760337196
|gametype|singles
|player|p1|niklor2|265|1251
|player|p2|rockdrigox666|266|1221
|gen|9
|tier|[Gen 9] OU
|rated|
|rule|HP Percentage Mod: HP is shown in percentages
|rule|Endless Battle Clause: Forcing endless battles is banned
|rule|Species Clause: Limit one of each Pokémon
|rule|OHKO Clause: OHKO moves are banned
|rule|Evasion Items Clause: Evasion items are banned
|rule|Evasion Moves Clause: Evasion moves are banned
|rule|Evasion Abilities Clause: Evasion abilities are banned
|rule|Sleep Moves Clause: Sleep-inducing moves are banned
|clearpoke
|poke|p1|Dondozo, F|
|poke|p1|Ting-Lu|
|poke|p1|Cinderace, M|
|poke|p1|Dragapult, F|
|poke|p1|Weezing-Galar, F|
|poke|p1|Zapdos|
|poke|p2|Sableye, F|
|poke|p2|Reuniclus, F|
|poke|p2|Blissey, F|
|poke|p2|Diancie|
|poke|p2|Cinderace, M|
|poke|p2|Glimmora, F|
|teampreview
|inactive|Battle timer is ON: inactive players will automatically lose when time's up. (requested by rockdrigox666)
|
|t:|1760337207
|teamsize|p1|6
|teamsize|p2|6
|start
|switch|p1a: Weezing|Weezing-Galar, F|100/100
|switch|p2a: Sableye|Sableye, F|100/100
|-ability|p1a: Weezing|Neutralizing Gas
|turn|1
|
|t:|1760337218
|move|p1a: Weezing|Strange Steam|p2a: Sableye
|-supereffective|p2a: Sableye
|-damage|p2a: Sableye|12/100
|move|p2a: Sableye|Thunder Wave|p1a: Weezing
|-status|p1a: Weezing|par
|
|-heal|p2a: Sableye|18/100|[from] item: Leftovers
|upkeep
|turn|2
|
|t:|1760337226
|move|p2a: Sableye|Confuse Ray|p1a: Weezing
|-start|p1a: Weezing|confusion
|-activate|p1a: Weezing|confusion
|cant|p1a: Weezing|par
|
|-heal|p2a: Sableye|24/100|[from] item: Leftovers
|upkeep
|turn|3
|
|t:|1760337234
|move|p2a: Sableye|Metronome|p2a: Sableye
|move|p2a: Sableye|Dark Void|p1a: Weezing|[from] move: Metronome
|-fail|p2a: Sableye|move: Dark Void
|-hint|Only a Pokemon whose form is Darkrai can use this move.
|-activate|p1a: Weezing|confusion
|cant|p1a: Weezing|par
|
|-heal|p2a: Sableye|30/100|[from] item: Leftovers
|upkeep
|turn|4
|
|t:|1760337243
|move|p2a: Sableye|Metronome|p2a: Sableye
|move|p2a: Sableye|Circle Throw|p1a: Weezing|[from] move: Metronome|[miss]
|-miss|p2a: Sableye|p1a: Weezing
|-end|p1a: Weezing|confusion
|move|p1a: Weezing|Strange Steam|p2a: Sableye
|-supereffective|p2a: Sableye
|-damage|p2a: Sableye|0 fnt
|faint|p2a: Sableye
|
|upkeep
|
|t:|1760337251
|switch|p2a: Glimmora|Glimmora, F|100/100
|turn|5
|
|t:|1760337271
|-end|p1a: Weezing|ability: Neutralizing Gas
|switch|p1a: Ting-Lu|Ting-Lu|100/100
|-ability|p1a: Ting-Lu|Vessel of Ruin
|move|p2a: Glimmora|Stealth Rock|p1a: Ting-Lu
|-sidestart|p1: niklor2|move: Stealth Rock
|
|upkeep
|turn|6
|
|t:|1760337281
|move|p2a: Glimmora|Spiky Shield|p2a: Glimmora
|-singleturn|p2a: Glimmora|move: Protect
|move|p1a: Ting-Lu|Earthquake|p2a: Glimmora
|-activate|p2a: Glimmora|move: Protect
|
|upkeep
|turn|7
|
|t:|1760337287
|move|p2a: Glimmora|Mortal Spin|p1a: Ting-Lu
|-resisted|p1a: Ting-Lu
|-damage|p1a: Ting-Lu|99/100
|-status|p1a: Ting-Lu|psn
|move|p1a: Ting-Lu|Earthquake|p2a: Glimmora
|-supereffective|p2a: Glimmora
|-enditem|p2a: Glimmora|Focus Sash
|-damage|p2a: Glimmora|1/100
|-activate|p2a: Glimmora|ability: Toxic Debris
|-sidestart|p1: niklor2|move: Toxic Spikes
|
|-heal|p1a: Ting-Lu|100/100 psn|[from] item: Leftovers
|-damage|p1a: Ting-Lu|88/100 psn|[from] psn
|upkeep
|turn|8
|
|t:|1760337302
|move|p2a: Glimmora|Memento|p1a: Ting-Lu
|-unboost|p1a: Ting-Lu|atk|2
|-unboost|p1a: Ting-Lu|spa|2
|faint|p2a: Glimmora
|move|p1a: Ting-Lu|Earthquake|p2: Glimmora|[notarget]
|-fail|p1a: Ting-Lu
|
|-heal|p1a: Ting-Lu|94/100 psn|[from] item: Leftovers
|-damage|p1a: Ting-Lu|82/100 psn|[from] psn
|upkeep
|
|t:|1760337309
|switch|p2a: Reuniclus|Reuniclus, F|100/100
|turn|9
|
|t:|1760337327
|switch|p1a: Zapdos|Zapdos|100/100
|move|p2a: Reuniclus|Acid Armor|p2a: Reuniclus
|-boost|p2a: Reuniclus|def|2
|
|upkeep
|turn|10
|
|t:|1760337334
|move|p1a: Zapdos|Hurricane|p2a: Reuniclus
|-damage|p2a: Reuniclus|59/100
|move|p2a: Reuniclus|Calm Mind|p2a: Reuniclus
|-boost|p2a: Reuniclus|spa|1
|-boost|p2a: Reuniclus|spd|1
|
|-heal|p2a: Reuniclus|65/100|[from] item: Leftovers
|upkeep
|turn|11
|
|t:|1760337344
|-terastallize|p2a: Reuniclus|Steel
|move|p1a: Zapdos|Volt Switch|p2a: Reuniclus
|-damage|p2a: Reuniclus|48/100
|
|t:|1760337349
|switch|p1a: Ting-Lu|Ting-Lu|82/100 psn|[from] Volt Switch
|-damage|p1a: Ting-Lu|76/100 psn|[from] Stealth Rock
|-ability|p1a: Ting-Lu|Vessel of Ruin
|move|p2a: Reuniclus|Recover|p2a: Reuniclus
|-heal|p2a: Reuniclus|98/100
|
|-heal|p1a: Ting-Lu|82/100 psn|[from] item: Leftovers
|-heal|p2a: Reuniclus|100/100|[from] item: Leftovers
|-damage|p1a: Ting-Lu|69/100 psn|[from] psn
|upkeep
|turn|12
|
|t:|1760337362
|move|p1a: Ting-Lu|Earthquake|p2a: Reuniclus
|-supereffective|p2a: Reuniclus
|-damage|p2a: Reuniclus|63/100
|move|p2a: Reuniclus|Acid Armor|p2a: Reuniclus
|-boost|p2a: Reuniclus|def|2
|
|-heal|p1a: Ting-Lu|76/100 psn|[from] item: Leftovers
|-heal|p2a: Reuniclus|69/100|[from] item: Leftovers
|-damage|p1a: Ting-Lu|63/100 psn|[from] psn
|upkeep
|turn|13
|
|t:|1760337376
|move|p1a: Ting-Lu|Rest|p1a: Ting-Lu
|-status|p1a: Ting-Lu|slp|[from] move: Rest
|-heal|p1a: Ting-Lu|100/100 slp|[silent]
|move|p2a: Reuniclus|Flash Cannon|p1a: Ting-Lu
|-damage|p1a: Ting-Lu|69/100 slp
|
|-heal|p1a: Ting-Lu|75/100 slp|[from] item: Leftovers
|-heal|p2a: Reuniclus|75/100|[from] item: Leftovers
|upkeep
|turn|14
|
|t:|1760337386
|cant|p1a: Ting-Lu|slp
|move|p1a: Ting-Lu|Sleep Talk|p1a: Ting-Lu
|move|p1a: Ting-Lu|Payback|p2a: Reuniclus|[from] move: Sleep Talk
|-damage|p2a: Reuniclus|69/100
|move|p2a: Reuniclus|Acid Armor|p2a: Reuniclus
|-boost|p2a: Reuniclus|def|2
|
|-heal|p1a: Ting-Lu|81/100 slp|[from] item: Leftovers
|-heal|p2a: Reuniclus|75/100|[from] item: Leftovers
|upkeep
|turn|15
|
|t:|1760337397
|cant|p1a: Ting-Lu|slp
|move|p1a: Ting-Lu|Sleep Talk|p1a: Ting-Lu
|move|p1a: Ting-Lu|Payback|p2a: Reuniclus|[from] move: Sleep Talk
|-damage|p2a: Reuniclus|71/100
|move|p2a: Reuniclus|Calm Mind|p2a: Reuniclus
|-boost|p2a: Reuniclus|spa|1
|-boost|p2a: Reuniclus|spd|1
|
|-heal|p1a: Ting-Lu|88/100 slp|[from] item: Leftovers
|-heal|p2a: Reuniclus|77/100|[from] item: Leftovers
|upkeep
|turn|16
|
|t:|1760337410
|switch|p1a: Weezing|Weezing-Galar, F|100/100 par
|-ability|p1a: Weezing|Neutralizing Gas
|-damage|p1a: Weezing|88/100 par|[from] Stealth Rock
|-sideend|p1: niklor2|move: Toxic Spikes|[of] p1a: Weezing
|move|p2a: Reuniclus|Calm Mind|p2a: Reuniclus
|-boost|p2a: Reuniclus|spa|1
|-boost|p2a: Reuniclus|spd|1
|
|-heal|p2a: Reuniclus|83/100|[from] item: Leftovers
|-heal|p1a: Weezing|94/100 par|[from] item: Leftovers
|upkeep
|turn|17
|
|t:|1760337425
|-terastallize|p1a: Weezing|Water
|move|p2a: Reuniclus|Flash Cannon|p1a: Weezing
|-resisted|p1a: Weezing
|-damage|p1a: Weezing|37/100 par
|move|p1a: Weezing|Will-O-Wisp|p2a: Reuniclus
|-status|p2a: Reuniclus|brn
|
|-heal|p2a: Reuniclus|89/100 brn|[from] item: Leftovers
|-heal|p1a: Weezing|43/100 par|[from] item: Leftovers
|-damage|p2a: Reuniclus|83/100 brn|[from] brn
|upkeep
|turn|18
|
|t:|1760337437
|-end|p1a: Weezing|ability: Neutralizing Gas
|switch|p1a: Dondozo|Dondozo, F|100/100
|-damage|p1a: Dondozo|88/100|[from] Stealth Rock
|move|p2a: Reuniclus|Calm Mind|p2a: Reuniclus
|-boost|p2a: Reuniclus|spa|1
|-boost|p2a: Reuniclus|spd|1
|
|-heal|p2a: Reuniclus|89/100 brn|[from] item: Leftovers
|upkeep
|turn|19
|
|t:|1760337450
|move|p1a: Dondozo|Curse|p1a: Dondozo
|-unboost|p1a: Dondozo|spe|1
|-boost|p1a: Dondozo|atk|1
|-boost|p1a: Dondozo|def|1
|move|p2a: Reuniclus|Flash Cannon|p1a: Dondozo
|-resisted|p1a: Dondozo
|-damage|p1a: Dondozo|77/100
|
|-heal|p2a: Reuniclus|95/100 brn|[from] item: Leftovers
|upkeep
|turn|20
|
|t:|1760337461
|move|p2a: Reuniclus|Calm Mind|p2a: Reuniclus
|-boost|p2a: Reuniclus|spa|1
|-boost|p2a: Reuniclus|spd|1
|move|p1a: Dondozo|Curse|p1a: Dondozo
|-unboost|p1a: Dondozo|spe|1
|-boost|p1a: Dondozo|atk|1
|-boost|p1a: Dondozo|def|1
|
|-heal|p2a: Reuniclus|100/100 brn|[from] item: Leftovers
|upkeep
|turn|21
|
|t:|1760337473
|move|p2a: Reuniclus|Calm Mind|p2a: Reuniclus
|-boost|p2a: Reuniclus|spa|1
|-boost|p2a: Reuniclus|spd|1
|move|p1a: Dondozo|Curse|p1a: Dondozo
|-unboost|p1a: Dondozo|spe|1
|-boost|p1a: Dondozo|atk|1
|-boost|p1a: Dondozo|def|1
|
|upkeep
|turn|22
|
|t:|1760337481
|move|p2a: Reuniclus|Flash Cannon|p1a: Dondozo
|-resisted|p1a: Dondozo
|-damage|p1a: Dondozo|65/100
|move|p1a: Dondozo|Curse|p1a: Dondozo
|-unboost|p1a: Dondozo|spe|1
|-boost|p1a: Dondozo|atk|1
|-boost|p1a: Dondozo|def|1
|
|upkeep
|turn|23
|
|t:|1760337491
|move|p2a: Reuniclus|Flash Cannon|p1a: Dondozo
|-resisted|p1a: Dondozo
|-damage|p1a: Dondozo|55/100
|move|p1a: Dondozo|Liquidation|p2a: Reuniclus
|-damage|p2a: Reuniclus|18/100 brn
|
|-heal|p2a: Reuniclus|25/100 brn|[from] item: Leftovers
|upkeep
|turn|24
|
|t:|1760337500
|move|p2a: Reuniclus|Recover|p2a: Reuniclus
|-heal|p2a: Reuniclus|75/100 brn
|move|p1a: Dondozo|Rest|p1a: Dondozo
|-status|p1a: Dondozo|slp|[from] move: Rest
|-heal|p1a: Dondozo|100/100 slp|[silent]
|
|-heal|p2a: Reuniclus|81/100 brn|[from] item: Leftovers
|upkeep
|turn|25
|
|t:|1760337509
|move|p2a: Reuniclus|Flash Cannon|p1a: Dondozo
|-resisted|p1a: Dondozo
|-damage|p1a: Dondozo|89/100 slp
|cant|p1a: Dondozo|slp
|move|p1a: Dondozo|Sleep Talk|p1a: Dondozo
|move|p1a: Dondozo|Rest||[from] move: Sleep Talk|[still]
|-fail|p1a: Dondozo
|
|-heal|p2a: Reuniclus|87/100 brn|[from] item: Leftovers
|upkeep
|turn|26
|
|t:|1760337520
|move|p2a: Reuniclus|Flash Cannon|p1a: Dondozo
|-resisted|p1a: Dondozo
|-damage|p1a: Dondozo|77/100 slp
|cant|p1a: Dondozo|slp
|move|p1a: Dondozo|Sleep Talk|p1a: Dondozo
|move|p1a: Dondozo|Liquidation|p2a: Reuniclus|[from] move: Sleep Talk
|-damage|p2a: Reuniclus|0 fnt
|faint|p2a: Reuniclus
|
|upkeep
|
|t:|1760337528
|switch|p2a: Blissey|Blissey, F|100/100
|turn|27
|
|t:|1760337534
|move|p2a: Blissey|Seismic Toss|p1a: Dondozo
|-damage|p1a: Dondozo|58/100 slp
|-damage|p2a: Blissey|84/100|[from] item: Rocky Helmet|[of] p1a: Dondozo
|-curestatus|p1a: Dondozo|slp|[msg]
|move|p1a: Dondozo|Liquidation|p2a: Blissey
|-damage|p2a: Blissey|0 fnt
|faint|p2a: Blissey
|
|upkeep
|
|t:|1760337538
|switch|p2a: Diancie|Diancie|100/100
|turn|28
|inactive|niklor2 has 120 seconds left.
|
|t:|1760337583
|move|p2a: Diancie|Diamond Storm|p1a: Dondozo
|-damage|p1a: Dondozo|51/100
|-boost|p2a: Diancie|def|2
|move|p1a: Dondozo|Liquidation|p2a: Diancie
|-supereffective|p2a: Diancie
|-damage|p2a: Diancie|0 fnt
|faint|p2a: Diancie
|
|upkeep
|
|t:|1760337596
|switch|p2a: Cinderace|Cinderace, M|100/100
|turn|29
|
|t:|1760337600
|move|p2a: Cinderace|High Jump Kick|p1a: Dondozo
|-start|p2a: Cinderace|typechange|Fighting|[from] ability: Libero
|-damage|p1a: Dondozo|38/100
|-damage|p2a: Cinderace|84/100|[from] item: Rocky Helmet|[of] p1a: Dondozo
|move|p1a: Dondozo|Liquidation|p2a: Cinderace
|-damage|p2a: Cinderace|0 fnt
|faint|p2a: Cinderace
|
|win|niklor2
|raw|niklor2's rating: 1251 &rarr; <strong>1274</strong><br />(+23 for winning)
|raw|rockdrigox666's rating: 1221 &rarr; <strong>1198</strong><br />(-23 for losing)
|l|☆niklor2
|player|p1|
