|j|☆Migmor
|j|☆capitolg
|t:|1760308408
|gametype|singles
|player|p1|Migmor|ethan|1149
|player|p2|capitolg|bellelba|1174
|gen|9
|tier|[Gen 9] OU
|rated|
|rule|HP Percentage Mod: HP is shown in percentages
|rule|Endless Battle Clause: Forcing endless battles is banned
|rule|Species Clause: Limit one of each Pokémon
|rule|OHKO Clause: OHKO moves are banned
|rule|Evasion Items Clause: Evasion items are banned
|rule|Evasion Moves Clause: Evasion moves are banned
|rule|Evasion Abilities Clause: Evasion abilities are banned
|rule|Sleep Moves Clause: Sleep-inducing moves are banned
|clearpoke
|poke|p1|Dragapult, F|
|poke|p1|Dragonite, M|
|poke|p1|Ting-Lu|
|poke|p1|Weezing-Galar, M|
|poke|p1|Zapdos|
|poke|p1|Iron Crown|
|poke|p2|Vikavolt, F|
|poke|p2|Gothitelle, M|
|poke|p2|Smeargle, M|
|poke|p2|Empoleon, M|
|poke|p2|Passimian, F|
|poke|p2|Trevenant, F|
|teampreview
|inactive|Battle timer is ON: inactive players will automatically lose when time's up. (requested by Migmor)
|
|t:|1760308416
|teamsize|p1|6
|teamsize|p2|6
|start
|switch|p1a: Cabeza'EMundo|Ting-Lu|100/100
|switch|p2a: Vikavolt|Vikavolt, F|100/100
|-ability|p1a: Cabeza'EMundo|Vessel of Ruin
|turn|1
|
|t:|1760308420
|move|p1a: Cabeza'EMundo|Stealth Rock|p2a: Vikavolt
|-sidestart|p2: capitolg|move: Stealth Rock
|move|p2a: Vikavolt|Sticky Web|p1a: Cabeza'EMundo
|-sidestart|p1: Migmor|move: Sticky Web
|
|upkeep
|turn|2
|
|t:|1760308426
|switch|p2a: Smeargle|Smeargle, M|100/100
|-damage|p2a: Smeargle|88/100|[from] Stealth Rock
|move|p1a: Cabeza'EMundo|Ruination|p2a: Smeargle
|-damage|p2a: Smeargle|44/100
|
|upkeep
|turn|3
|
|t:|1760308430
|move|p2a: Smeargle|Court Change|p2a: Smeargle
|-swapsideconditions
|-activate|p2a: Smeargle|move: Court Change
|move|p1a: Cabeza'EMundo|Earthquake|p2a: Smeargle
|-damage|p2a: Smeargle|0 fnt
|faint|p2a: Smeargle
|
|upkeep
|
|t:|1760308435
|switch|p2a: Empoleon|Empoleon, M|100/100
|-activate|p2a: Empoleon|move: Sticky Web
|-unboost|p2a: Empoleon|spe|1
|-ability|p2a: Empoleon|Competitive|boost
|-boost|p2a: Empoleon|spa|2
|turn|4
|
|t:|1760308440
|move|p2a: Empoleon|Surf|p1a: Cabeza'EMundo
|-supereffective|p1a: Cabeza'EMundo
|-damage|p1a: Cabeza'EMundo|18/100
|move|p1a: Cabeza'EMundo|Whirlwind|p2a: Empoleon
|drag|p2a: Gothitelle|Gothitelle, M|100/100
|-activate|p2a: Gothitelle|move: Sticky Web
|-unboost|p2a: Gothitelle|spe|1
|-ability|p2a: Gothitelle|Competitive|boost
|-boost|p2a: Gothitelle|spa|2
|
|-heal|p1a: Cabeza'EMundo|24/100|[from] item: Leftovers
|upkeep
|turn|5
|
|t:|1760308451
|move|p1a: Cabeza'EMundo|Earthquake|p2a: Gothitelle
|-damage|p2a: Gothitelle|60/100
|move|p2a: Gothitelle|Tera Blast|p1a: Cabeza'EMundo
|-damage|p1a: Cabeza'EMundo|5/100
|
|-heal|p1a: Cabeza'EMundo|11/100|[from] item: Leftovers
|-heal|p2a: Gothitelle|66/100|[from] item: Leftovers
|upkeep
|turn|6
|
|t:|1760308460
|switch|p2a: Vikavolt|Vikavolt, F|100/100
|move|p1a: Cabeza'EMundo|Earthquake|p2a: Vikavolt
|-immune|p2a: Vikavolt|[from] ability: Levitate
|
|-heal|p1a: Cabeza'EMundo|17/100|[from] item: Leftovers
|upkeep
|turn|7
|
|t:|1760308467
|switch|p1a: LordPedito|Weezing-Galar, M, shiny|100/100
|-ability|p1a: LordPedito|Neutralizing Gas
|move|p2a: Vikavolt|Energy Ball|p1a: LordPedito
|-resisted|p1a: LordPedito
|-damage|p1a: LordPedito|73/100
|
|upkeep
|turn|8
|
|t:|1760308471
|move|p1a: LordPedito|Defog|p2a: Vikavolt
|-unboost|p2a: Vikavolt|evasion|1
|-sideend|p2: capitolg|Sticky Web|[from] move: Defog|[of] p1a: LordPedito
|-sideend|p1: Migmor|Stealth Rock|[from] move: Defog|[of] p1a: LordPedito
|move|p2a: Vikavolt|Flash Cannon|p1a: LordPedito
|-supereffective|p1a: LordPedito
|-damage|p1a: LordPedito|0 fnt
|faint|p1a: LordPedito
|-end|p1a: LordPedito|ability: Neutralizing Gas
|
|upkeep
|
|t:|1760308484
|switch|p1a: Pelo4C|Zapdos, shiny|100/100
|turn|9
|
|t:|1760308489
|move|p1a: Pelo4C|Heat Wave|p2a: Vikavolt
|-supereffective|p2a: Vikavolt
|-enditem|p2a: Vikavolt|Focus Sash
|-damage|p2a: Vikavolt|1/100
|-damage|p1a: Pelo4C|91/100|[from] item: Life Orb
|move|p2a: Vikavolt|Discharge|p1a: Pelo4C
|-damage|p1a: Pelo4C|38/100
|
|upkeep
|turn|10
|
|t:|1760308494
|move|p1a: Pelo4C|Volt Switch|p2a: Vikavolt
|-resisted|p2a: Vikavolt
|-damage|p2a: Vikavolt|0 fnt
|faint|p2a: Vikavolt
|-damage|p1a: Pelo4C|28/100|[from] item: Life Orb
|
|t:|1760308499
|switch|p1a: Cabeza'EMundo|Ting-Lu|17/100|[from] Volt Switch
|-ability|p1a: Cabeza'EMundo|Vessel of Ruin
|
|-heal|p1a: Cabeza'EMundo|23/100|[from] item: Leftovers
|upkeep
|
|t:|1760308506
|switch|p2a: Passimian|Passimian, F|100/100
|turn|11
|
|t:|1760308508
|move|p2a: Passimian|Drain Punch|p1a: Cabeza'EMundo
|-supereffective|p1a: Cabeza'EMundo
|-damage|p1a: Cabeza'EMundo|0 fnt
|faint|p1a: Cabeza'EMundo
|
|upkeep
|
|t:|1760308517
|switch|p1a: Pelo4C|Zapdos, shiny|28/100
|turn|12
|
|t:|1760308521
|move|p1a: Pelo4C|Roost|p1a: Pelo4C
|-heal|p1a: Pelo4C|78/100
|-singleturn|p1a: Pelo4C|move: Roost
|move|p2a: Passimian|Gunk Shot|p1a: Pelo4C
|-damage|p1a: Pelo4C|24/100
|-status|p1a: Pelo4C|psn
|
|-damage|p1a: Pelo4C|12/100 psn|[from] psn
|upkeep
|turn|13
|
|t:|1760308528
|move|p1a: Pelo4C|Hurricane|p2a: Passimian
|-supereffective|p2a: Passimian
|-damage|p2a: Passimian|0 fnt
|faint|p2a: Passimian
|-damage|p1a: Pelo4C|2/100 psn|[from] item: Life Orb
|
|-damage|p1a: Pelo4C|0 fnt|[from] psn
|faint|p1a: Pelo4C
|upkeep
|
|t:|1760308533
|switch|p1a: YiuldoPotaxie|Iron Crown|100/100
|switch|p2a: Trevenant|Trevenant, F|100/100
|turn|14
|
|t:|1760308542
|-terastallize|p1a: YiuldoPotaxie|Steel
|move|p1a: YiuldoPotaxie|Tachyon Cutter|p2a: Trevenant
|-damage|p2a: Trevenant|38/100
|-damage|p2a: Trevenant|0 fnt
|faint|p2a: Trevenant
|-hitcount|p2: Trevenant|2
|
|upkeep
|
|t:|1760308547
|switch|p2a: Gothitelle|Gothitelle, M|66/100
|turn|15
|
|t:|1760308548
|-terastallize|p2a: Gothitelle|Fighting
|move|p1a: YiuldoPotaxie|Tachyon Cutter|p2a: Gothitelle
|-damage|p2a: Gothitelle|19/100
|-damage|p2a: Gothitelle|0 fnt
|faint|p2a: Gothitelle
|-hitcount|p2: Gothitelle|2
|
|upkeep
|
|t:|1760308550
|switch|p2a: Empoleon|Empoleon, M|100/100
|turn|16
|
|t:|1760308555
|-end|p1a: YiuldoPotaxie|Quark Drive|[silent]
|switch|p1a: Draggy|Dragonite, M|100/100
|move|p2a: Empoleon|Vacuum Wave|p1a: Draggy
|-resisted|p1a: Draggy
|-damage|p1a: Draggy|97/100
|
|upkeep
|turn|17
|
|t:|1760308560
|move|p1a: Draggy|Dragon Dance|p1a: Draggy
|-boost|p1a: Draggy|atk|1
|-boost|p1a: Draggy|spe|1
|move|p2a: Empoleon|Ice Beam|p1a: Draggy
|-supereffective|p1a: Draggy
|-damage|p1a: Draggy|0 fnt
|faint|p1a: Draggy
|
|upkeep
|
|t:|1760308567
|switch|p1a: YiuldoPotaxie|Iron Crown, tera:Steel|100/100
|turn|18
|
|t:|1760308573
|move|p1a: YiuldoPotaxie|Volt Switch|p2a: Empoleon
|-supereffective|p2a: Empoleon
|-damage|p2a: Empoleon|62/100
|
|t:|1760308576
|-end|p1a: YiuldoPotaxie|Quark Drive|[silent]
|switch|p1a: Dragaputa|Dragapult, F|100/100|[from] Volt Switch
|move|p2a: Empoleon|Surf|p1a: Dragaputa
|-resisted|p1a: Dragaputa
|-damage|p1a: Dragaputa|65/100
|
|-heal|p1a: Dragaputa|71/100|[from] item: Leftovers
|upkeep
|turn|19
|
|t:|1760308584
|move|p1a: Dragaputa|Hex|p2a: Empoleon
|-damage|p2a: Empoleon|45/100
|move|p2a: Empoleon|Ice Beam|p1a: Dragaputa
|-supereffective|p1a: Dragaputa
|-damage|p1a: Dragaputa|0 fnt
|faint|p1a: Dragaputa
|
|upkeep
|
|t:|1760308589
|switch|p1a: YiuldoPotaxie|Iron Crown, tera:Steel|100/100
|turn|20
|
|t:|1760308595
|move|p2a: Empoleon|Vacuum Wave|p1a: YiuldoPotaxie
|-supereffective|p1a: YiuldoPotaxie
|-damage|p1a: YiuldoPotaxie|71/100
|move|p1a: YiuldoPotaxie|Volt Switch|p2a: Empoleon
|-supereffective|p2a: Empoleon
|-damage|p2a: Empoleon|7/100
|
|upkeep
|turn|21
|
|t:|1760308600
|move|p2a: Empoleon|Vacuum Wave|p1a: YiuldoPotaxie
|-supereffective|p1a: YiuldoPotaxie
|-damage|p1a: YiuldoPotaxie|45/100
|move|p1a: YiuldoPotaxie|Volt Switch|p2a: Empoleon
|-supereffective|p2a: Empoleon
|-damage|p2a: Empoleon|0 fnt
|faint|p2a: Empoleon
|
|win|Migmor
|raw|Migmor's rating: 1149 &rarr; <strong>1176</strong><br />(+27 for winning)
|raw|capitolg's rating: 1174 &rarr; <strong>1147</strong><br />(-27 for losing)
|l|☆Migmor
|player|p1|
|l|☆capitolg
|player|p2|
