|j|☆gabychou le bg
|j|☆Steez Ibanez
|t:|1760428704
|gametype|singles
|player|p1|gabychou le bg|steven|1457
|player|p2|Steez Ibanez|pokemonranger-gen4|1563
|gen|9
|tier|[Gen 9] OU
|rated|
|rule|HP Percentage Mod: HP is shown in percentages
|rule|Endless Battle Clause: Forcing endless battles is banned
|rule|Species Clause: Limit one of each Pokémon
|rule|OHKO Clause: OHKO moves are banned
|rule|Evasion Items Clause: Evasion items are banned
|rule|Evasion Moves Clause: Evasion moves are banned
|rule|Evasion Abilities Clause: Evasion abilities are banned
|rule|Sleep Moves Clause: Sleep-inducing moves are banned
|clearpoke
|poke|p1|Great Tusk|
|poke|p1|Samurott-Hisui, M|
|poke|p1|Kyurem|
|poke|p1|Gholdengo|
|poke|p1|Iron Valiant|
|poke|p1|Kingambit, F|
|poke|p2|Dragapult, M|
|poke|p2|Zapdos|
|poke|p2|Gholdengo|
|poke|p2|Gliscor, M|
|poke|p2|Kyurem|
|poke|p2|Tinkaton, F|
|teampreview
|inactive|Battle timer is ON: inactive players will automatically lose when time's up. (requested by Steez Ibanez)
|l|☆Steez Ibanez
|inactive|Steez Ibanez disconnected and has a minute to reconnect!
|player|p2|
|inactive|gabychou le bg has 120 seconds left.
|j|☆Steez Ibanez
|inactive|Steez Ibanez reconnected.
|player|p2|Steez Ibanez|pokemonranger-gen4|
|
|t:|1760428784
|teamsize|p1|6
|teamsize|p2|6
|start
|switch|p1a: Great Tusk|Great Tusk|100/100
|switch|p2a: Baldor|Kyurem|100/100
|-ability|p2a: Baldor|Pressure
|turn|1
|inactive|gabychou le bg has 120 seconds left.
|inactive|gabychou le bg has 90 seconds left.
|
|t:|1760428845
|-end|p1a: Great Tusk|Protosynthesis|[silent]
|switch|p1a: Iron Valiant|Iron Valiant|100/100
|-enditem|p1a: Iron Valiant|Booster Energy
|-activate|p1a: Iron Valiant|ability: Quark Drive|[fromitem]
|-start|p1a: Iron Valiant|quarkdrivespe
|move|p2a: Baldor|Ice Beam|p1a: Iron Valiant
|-crit|p1a: Iron Valiant
|-damage|p1a: Iron Valiant|0 fnt
|faint|p1a: Iron Valiant
|-end|p1a: Iron Valiant|Quark Drive|[silent]
|
|upkeep
|inactive|gabychou le bg has 90 seconds left.
|
|t:|1760428863
|switch|p1a: Samurott|Samurott-Hisui, M|100/100
|turn|2
|j| hoverhawk
|inactive|Steez Ibanez has 120 seconds left.
|
|t:|1760428893
|move|p1a: Samurott|Ceaseless Edge|p2a: Baldor
|-damage|p2a: Baldor|42/100
|-sidestart|p2: Steez Ibanez|Spikes
|move|p2a: Baldor|Freeze-Dry|p1a: Samurott
|-supereffective|p1a: Samurott
|-crit|p1a: Samurott
|-damage|p1a: Samurott|0 fnt
|faint|p1a: Samurott
|
|-heal|p2a: Baldor|48/100|[from] item: Leftovers
|upkeep
|
|t:|1760428912
|switch|p1a: Gholdengo|Gholdengo|100/100
|turn|3
|inactive|Steez Ibanez has 120 seconds left.
|
|t:|1760428954
|move|p1a: Gholdengo|Make It Rain|p2a: Baldor
|-supereffective|p2a: Baldor
|-damage|p2a: Baldor|0 fnt
|-unboost|p1a: Gholdengo|spa|1
|faint|p2a: Baldor
|
|upkeep
|
|t:|1760428961
|switch|p2a: Hat of Discipline|Tinkaton, F|100/100
|-item|p2a: Hat of Discipline|Air Balloon
|turn|4
|
|t:|1760428976
|move|p1a: Gholdengo|Make It Rain|p2a: Hat of Discipline
|-damage|p2a: Hat of Discipline|67/100
|-unboost|p1a: Gholdengo|spa|1
|-enditem|p2a: Hat of Discipline|Air Balloon
|move|p2a: Hat of Discipline|Stealth Rock|p1a: Gholdengo
|-sidestart|p1: gabychou le bg|move: Stealth Rock
|
|upkeep
|turn|5
|
|t:|1760428992
|move|p1a: Gholdengo|Make It Rain|p2a: Hat of Discipline
|-damage|p2a: Hat of Discipline|41/100
|-unboost|p1a: Gholdengo|spa|1
|move|p2a: Hat of Discipline|Gigaton Hammer|p1a: Gholdengo
|-resisted|p1a: Gholdengo
|-damage|p1a: Gholdengo|75/100
|
|upkeep
|turn|6
|
|t:|1760429000
|switch|p2a: Gold Finger|Gholdengo|100/100
|move|p1a: Gholdengo|Make It Rain|p2a: Gold Finger
|-resisted|p2a: Gold Finger
|-damage|p2a: Gold Finger|87/100
|-unboost|p1a: Gholdengo|spa|1
|
|upkeep
|turn|7
|
|t:|1760429003
|switch|p1a: Kingambit|Kingambit, F|100/100
|-damage|p1a: Kingambit|94/100|[from] Stealth Rock
|-activate|p1a: Kingambit|ability: Supreme Overlord
|-start|p1a: Kingambit|fallen2|[silent]
|move|p2a: Gold Finger|Shadow Ball|p1a: Kingambit
|-resisted|p1a: Kingambit
|-damage|p1a: Kingambit|72/100
|
|upkeep
|turn|8
|
|t:|1760429022
|move|p2a: Gold Finger|Shadow Ball|p1a: Kingambit
|-resisted|p1a: Kingambit
|-damage|p1a: Kingambit|52/100
|move|p1a: Kingambit|Swords Dance|p1a: Kingambit
|-boost|p1a: Kingambit|atk|2
|
|upkeep
|turn|9
|
|t:|1760429032
|switch|p2a: Hat of Discipline|Tinkaton, F|41/100
|-damage|p2a: Hat of Discipline|29/100|[from] Spikes
|move|p1a: Kingambit|Sucker Punch||[still]
|-fail|p1a: Kingambit
|
|upkeep
|turn|10
|
|t:|1760429040
|-end|p1a: Kingambit|fallen2|[silent]
|switch|p1a: Gholdengo|Gholdengo|75/100
|-damage|p1a: Gholdengo|69/100|[from] Stealth Rock
|move|p2a: Hat of Discipline|Encore|p1a: Gholdengo
|-immune|p1a: Gholdengo|[from] ability: Good as Gold
|
|upkeep
|turn|11
|inactive|gabychou le bg has 90 seconds left.
|
|t:|1760429049
|move|p1a: Gholdengo|Shadow Ball|p2a: Hat of Discipline
|-damage|p2a: Hat of Discipline|0 fnt
|faint|p2a: Hat of Discipline
|
|upkeep
|
|t:|1760429052
|switch|p2a: Alucard|Gliscor, M|100/100
|turn|12
|inactive|gabychou le bg has 90 seconds left.
|
|t:|1760429074
|switch|p1a: Great Tusk|Great Tusk|100/100
|-damage|p1a: Great Tusk|98/100|[from] Stealth Rock
|move|p2a: Alucard|Earthquake|p1a: Great Tusk
|-damage|p1a: Great Tusk|73/100
|
|-status|p2a: Alucard|tox|[from] item: Toxic Orb
|upkeep
|turn|13
|inactive|gabychou le bg has 90 seconds left.
|
|t:|1760429088
|switch|p2a: Zenitsu|Zapdos|100/100
|move|p1a: Great Tusk|Rapid Spin|p2a: Zenitsu
|-damage|p2a: Zenitsu|88/100
|-boost|p1a: Great Tusk|spe|1
|-sideend|p1: gabychou le bg|Stealth Rock|[from] move: Rapid Spin|[of] p1a: Great Tusk
|
|upkeep
|turn|14
|inactive|gabychou le bg has 90 seconds left.
|
|t:|1760429119
|move|p1a: Great Tusk|Stealth Rock|p2a: Zenitsu
|-sidestart|p2: Steez Ibanez|move: Stealth Rock
|move|p2a: Zenitsu|Hurricane|p1a: Great Tusk
|-supereffective|p1a: Great Tusk
|-damage|p1a: Great Tusk|0 fnt
|faint|p1a: Great Tusk
|-end|p1a: Great Tusk|Protosynthesis|[silent]
|
|upkeep
|
|t:|1760429126
|switch|p1a: Kyurem|Kyurem|100/100
|-ability|p1a: Kyurem|Pressure
|turn|15
|
|t:|1760429137
|move|p1a: Kyurem|Dragon Dance|p1a: Kyurem
|-boost|p1a: Kyurem|atk|1
|-boost|p1a: Kyurem|spe|1
|move|p2a: Zenitsu|Thunder Wave|p1a: Kyurem
|-status|p1a: Kyurem|par
|
|upkeep
|turn|16
|
|t:|1760429148
|switch|p2a: Gold Finger|Gholdengo|87/100
|move|p1a: Kyurem|Dragon Dance|p1a: Kyurem
|-boost|p1a: Kyurem|atk|1
|-boost|p1a: Kyurem|spe|1
|
|upkeep
|turn|17
|
|t:|1760429166
|move|p1a: Kyurem|Earth Power|p2a: Gold Finger
|-supereffective|p2a: Gold Finger
|-damage|p2a: Gold Finger|16/100
|move|p2a: Gold Finger|Make It Rain|p1a: Kyurem
|-supereffective|p1a: Kyurem
|-damage|p1a: Kyurem|0 fnt
|-unboost|p2a: Gold Finger|spa|1
|faint|p1a: Kyurem
|
|upkeep
|inactive|gabychou le bg has 60 seconds left.
|
|t:|1760429176
|switch|p1a: Gholdengo|Gholdengo|69/100
|turn|18
|
|t:|1760429183
|move|p1a: Gholdengo|Shadow Ball|p2a: Gold Finger
|-supereffective|p2a: Gold Finger
|-damage|p2a: Gold Finger|0 fnt
|faint|p2a: Gold Finger
|
|upkeep
|
|t:|1760429185
|switch|p2a: Alucard|Gliscor, M|100/100 tox
|-damage|p2a: Alucard|88/100 tox|[from] Stealth Rock
|turn|19
|
|t:|1760429191
|move|p2a: Alucard|Protect|p2a: Alucard
|-singleturn|p2a: Alucard|Protect
|move|p1a: Gholdengo|Shadow Ball|p2a: Alucard
|-activate|p2a: Alucard|move: Protect
|
|-heal|p2a: Alucard|100/100 tox|[from] ability: Poison Heal
|upkeep
|turn|20
|
|t:|1760429205
|move|p1a: Gholdengo|Shadow Ball|p2a: Alucard
|-damage|p2a: Alucard|65/100 tox
|move|p2a: Alucard|Earthquake|p1a: Gholdengo
|-supereffective|p1a: Gholdengo
|-damage|p1a: Gholdengo|0 fnt
|faint|p1a: Gholdengo
|
|-heal|p2a: Alucard|77/100 tox|[from] ability: Poison Heal
|upkeep
|inactive|gabychou le bg has 90 seconds left.
|
|t:|1760429210
|switch|p1a: Kingambit|Kingambit, F|52/100
|-activate|p1a: Kingambit|ability: Supreme Overlord
|-start|p1a: Kingambit|fallen5|[silent]
|turn|21
|inactive|gabychou le bg has 90 seconds left.
|
|t:|1760429231
|-terastallize|p1a: Kingambit|Flying
|move|p2a: Alucard|Earthquake|p1a: Kingambit
|-immune|p1a: Kingambit
|move|p1a: Kingambit|Swords Dance|p1a: Kingambit
|-boost|p1a: Kingambit|atk|2
|
|-heal|p2a: Alucard|90/100 tox|[from] ability: Poison Heal
|upkeep
|turn|22
|
|t:|1760429248
|move|p2a: Alucard|Toxic|p1a: Kingambit
|-status|p1a: Kingambit|tox
|-enditem|p1a: Kingambit|Lum Berry|[eat]
|-curestatus|p1a: Kingambit|tox|[msg]
|move|p1a: Kingambit|Iron Head|p2a: Alucard
|-damage|p2a: Alucard|0 fnt
|faint|p2a: Alucard
|
|upkeep
|
|t:|1760429255
|switch|p2a: Zenitsu|Zapdos|88/100
|turn|23
|
|t:|1760429261
|move|p1a: Kingambit|Sucker Punch|p2a: Zenitsu
|-damage|p2a: Zenitsu|0 fnt
|-status|p1a: Kingambit|par|[from] ability: Static|[of] p2a: Zenitsu
|faint|p2a: Zenitsu
|
|upkeep
|
|t:|1760429264
|switch|p2a: Toothless|Dragapult, M|100/100
|turn|24
|
|t:|1760429267
|-terastallize|p2a: Toothless|Fairy
|move|p1a: Kingambit|Sucker Punch|p2a: Toothless
|-resisted|p2a: Toothless
|-damage|p2a: Toothless|10/100
|move|p2a: Toothless|Hex|p1a: Kingambit
|-damage|p1a: Kingambit|0 fnt
|faint|p1a: Kingambit
|-end|p1a: Kingambit|fallen5|[silent]
|
|win|Steez Ibanez
|raw|gabychou le bg's rating: 1457 &rarr; <strong>1444</strong><br />(-13 for losing)
|raw|Steez Ibanez's rating: 1581 &rarr; <strong>1594</strong><br />(+13 for winning)
|l|☆Steez Ibanez
|player|p2|
|l| hoverhawk
|l|☆gabychou le bg
|player|p1|
