|j|☆quoge gaming
|j|☆lvcinda
|t:|1760391255
|gametype|singles
|player|p1|quoge gaming|clay|1490
|player|p2|lvcinda|cynthia-gen4|1480
|gen|9
|tier|[Gen 9] OU
|rated|
|rule|HP Percentage Mod: HP is shown in percentages
|rule|Endless Battle Clause: Forcing endless battles is banned
|rule|Species Clause: Limit one of each Pokémon
|rule|OHKO Clause: OHKO moves are banned
|rule|Evasion Items Clause: Evasion items are banned
|rule|Evasion Moves Clause: Evasion moves are banned
|rule|Evasion Abilities Clause: Evasion abilities are banned
|rule|Sleep Moves Clause: Sleep-inducing moves are banned
|clearpoke
|poke|p1|Heatran, M|
|poke|p1|Ogerpon-Wellspring, F|
|poke|p1|Rillaboom, M|
|poke|p1|Great Tusk|
|poke|p1|Dragapult, M|
|poke|p1|Bronzong|
|poke|p2|Garganacl, M|
|poke|p2|Hippowdon, M|
|poke|p2|Hydrapple, M|
|poke|p2|Slowking-Galar, M|
|poke|p2|Samurott-Hisui, M|
|poke|p2|Excadrill, M|
|teampreview
|
|t:|1760391278
|teamsize|p1|6
|teamsize|p2|6
|start
|switch|p1a: Rillaboom|Rillaboom, M|100/100
|switch|p2a: Hippowdon|Hippowdon, M, shiny|100/100
|-fieldstart|move: Grassy Terrain|[from] ability: Grassy Surge|[of] p1a: Rillaboom
|-weather|Sandstorm|[from] ability: Sand Stream|[of] p2a: Hippowdon
|turn|1
|inactive|Battle timer is ON: inactive players will automatically lose when time's up. (requested by lvcinda)
|
|t:|1760391288
|switch|p2a: Hydrapple|Hydrapple, M, shiny|100/100
|move|p1a: Rillaboom|Knock Off|p2a: Hydrapple
|-damage|p2a: Hydrapple|76/100
|-enditem|p2a: Hydrapple|Heavy-Duty Boots|[from] move: Knock Off|[of] p1a: Rillaboom
|
|-weather|Sandstorm|[upkeep]
|-damage|p1a: Rillaboom|94/100|[from] Sandstorm
|-damage|p2a: Hydrapple|70/100|[from] Sandstorm
|-heal|p1a: Rillaboom|100/100|[from] Grassy Terrain
|-heal|p2a: Hydrapple|76/100|[from] Grassy Terrain
|upkeep
|turn|2
|
|t:|1760391295
|move|p1a: Rillaboom|U-turn|p2a: Hydrapple
|-supereffective|p2a: Hydrapple
|-damage|p2a: Hydrapple|36/100
|
|t:|1760391311
|switch|p1a: Bronzong|Bronzong, shiny|100/100|[from] U-turn
|move|p2a: Hydrapple|Fickle Beam|p1a: Bronzong|[anim] Fickle Beam All Out
|-activate|p2a: Hydrapple|move: Fickle Beam
|-resisted|p1a: Bronzong
|-damage|p1a: Bronzong|59/100
|
|-weather|Sandstorm|[upkeep]
|-damage|p2a: Hydrapple|30/100|[from] Sandstorm
|-heal|p2a: Hydrapple|36/100|[from] Grassy Terrain
|upkeep
|turn|3
|
|t:|1760391324
|switch|p2a: Samurott|Samurott-Hisui, M, shiny|100/100
|move|p1a: Bronzong|Stealth Rock|p2a: Samurott
|-sidestart|p2: lvcinda|move: Stealth Rock
|
|-weather|Sandstorm|[upkeep]
|-damage|p2a: Samurott|94/100|[from] Sandstorm
|-heal|p2a: Samurott|100/100|[from] Grassy Terrain
|upkeep
|turn|4
|
|t:|1760391345
|move|p2a: Samurott|Ceaseless Edge|p1a: Bronzong
|-supereffective|p1a: Bronzong
|-enditem|p1a: Bronzong|Colbur Berry|[eat]
|-enditem|p1a: Bronzong|Colbur Berry|[weaken]
|-damage|p1a: Bronzong|29/100
|-sidestart|p1: quoge gaming|Spikes
|move|p1a: Bronzong|Body Press|p2a: Samurott
|-supereffective|p2a: Samurott
|-damage|p2a: Samurott|26/100
|
|-weather|Sandstorm|[upkeep]
|-damage|p2a: Samurott|20/100|[from] Sandstorm
|-heal|p2a: Samurott|26/100|[from] Grassy Terrain
|upkeep
|turn|5
|
|t:|1760391357
|switch|p1a: Great Tusk|Great Tusk|100/100
|move|p2a: Samurott|Ceaseless Edge|p1a: Great Tusk
|-resisted|p1a: Great Tusk
|-damage|p1a: Great Tusk|82/100
|-sidestart|p1: quoge gaming|Spikes
|
|-weather|none
|-heal|p1a: Great Tusk|88/100|[from] Grassy Terrain
|-heal|p2a: Samurott|33/100|[from] Grassy Terrain
|upkeep
|turn|6
|
|t:|1760391369
|switch|p2a: Hippowdon|Hippowdon, M, shiny|100/100
|-damage|p2a: Hippowdon|94/100|[from] Stealth Rock
|-weather|Sandstorm|[from] ability: Sand Stream|[of] p2a: Hippowdon
|move|p1a: Great Tusk|Rapid Spin|p2a: Hippowdon
|-damage|p2a: Hippowdon|84/100
|-boost|p1a: Great Tusk|spe|1
|-damage|p1a: Great Tusk|72/100|[from] item: Rocky Helmet|[of] p2a: Hippowdon
|-sideend|p1: quoge gaming|Spikes|[from] move: Rapid Spin|[of] p1a: Great Tusk
|
|-weather|Sandstorm|[upkeep]
|-heal|p1a: Great Tusk|78/100|[from] Grassy Terrain
|-heal|p2a: Hippowdon|90/100|[from] Grassy Terrain
|upkeep
|turn|7
|
|t:|1760391378
|move|p1a: Great Tusk|Ice Spinner|p2a: Hippowdon
|-supereffective|p2a: Hippowdon
|-damage|p2a: Hippowdon|60/100
|-damage|p1a: Great Tusk|61/100|[from] item: Rocky Helmet|[of] p2a: Hippowdon
|-fieldend|move: Grassy Terrain
|move|p2a: Hippowdon|Scorching Sands|p1a: Great Tusk
|-damage|p1a: Great Tusk|35/100
|
|-weather|Sandstorm|[upkeep]
|upkeep
|turn|8
|
|t:|1760391387
|-end|p1a: Great Tusk|Protosynthesis|[silent]
|switch|p1a: Rillaboom|Rillaboom, M|100/100
|-fieldstart|move: Grassy Terrain|[from] ability: Grassy Surge|[of] p1a: Rillaboom
|move|p2a: Hippowdon|Slack Off|p2a: Hippowdon
|-heal|p2a: Hippowdon|100/100
|
|-weather|Sandstorm|[upkeep]
|-damage|p1a: Rillaboom|94/100|[from] Sandstorm
|-heal|p1a: Rillaboom|100/100|[from] Grassy Terrain
|upkeep
|turn|9
|
|t:|1760391397
|move|p1a: Rillaboom|U-turn|p2a: Hippowdon
|-damage|p2a: Hippowdon|86/100
|-damage|p1a: Rillaboom|84/100|[from] item: Rocky Helmet|[of] p2a: Hippowdon
|
|t:|1760391400
|switch|p1a: Ogerpon|Ogerpon-Wellspring, F|100/100|[from] U-turn
|move|p2a: Hippowdon|Stealth Rock|p1a: Ogerpon
|-sidestart|p1: quoge gaming|move: Stealth Rock
|
|-weather|Sandstorm|[upkeep]
|-damage|p1a: Ogerpon|95/100|[from] Sandstorm
|-heal|p1a: Ogerpon|100/100|[from] Grassy Terrain
|-heal|p2a: Hippowdon|93/100|[from] Grassy Terrain
|upkeep
|turn|10
|
|t:|1760391404
|switch|p2a: Hydrapple|Hydrapple, M, shiny|69/100
|-damage|p2a: Hydrapple|57/100|[from] Stealth Rock
|move|p1a: Ogerpon|Swords Dance|p1a: Ogerpon
|-boost|p1a: Ogerpon|atk|2
|
|-weather|none
|-heal|p2a: Hydrapple|63/100|[from] Grassy Terrain
|upkeep
|turn|11
|
|t:|1760391411
|move|p1a: Ogerpon|Play Rough|p2a: Hydrapple
|-supereffective|p2a: Hydrapple
|-damage|p2a: Hydrapple|0 fnt
|faint|p2a: Hydrapple
|
|upkeep
|
|t:|1760391415
|switch|p2a: Slowking|Slowking-Galar, M, shiny|100/100
|-damage|p2a: Slowking|88/100|[from] Stealth Rock
|turn|12
|
|t:|1760391422
|move|p1a: Ogerpon|Ivy Cudgel|p2a: Slowking|[anim] Ivy Cudgel Water
|-damage|p2a: Slowking|0 fnt
|faint|p2a: Slowking
|
|upkeep
|
|t:|1760391427
|switch|p2a: Hippowdon|Hippowdon, M, shiny|93/100
|-damage|p2a: Hippowdon|86/100|[from] Stealth Rock
|-weather|Sandstorm|[from] ability: Sand Stream|[of] p2a: Hippowdon
|turn|13
|
|t:|1760391434
|move|p1a: Ogerpon|Ivy Cudgel|p2a: Hippowdon|[anim] Ivy Cudgel Water
|-supereffective|p2a: Hippowdon
|-damage|p2a: Hippowdon|0 fnt
|faint|p2a: Hippowdon
|
|-weather|Sandstorm|[upkeep]
|-damage|p1a: Ogerpon|95/100|[from] Sandstorm
|-heal|p1a: Ogerpon|100/100|[from] Grassy Terrain
|upkeep
|
|t:|1760391437
|switch|p2a: Excadrill|Excadrill, M, shiny|100/100
|turn|14
|
|t:|1760391443
|move|p1a: Ogerpon|Grassy Glide|p2a: Excadrill
|-crit|p2a: Excadrill
|-damage|p2a: Excadrill|0 fnt
|faint|p2a: Excadrill
|
|-weather|Sandstorm|[upkeep]
|-damage|p1a: Ogerpon|95/100|[from] Sandstorm
|-heal|p1a: Ogerpon|100/100|[from] Grassy Terrain
|upkeep
|
|t:|1760391448
|switch|p2a: Garganacl|Garganacl, M, shiny|100/100
|-damage|p2a: Garganacl|88/100|[from] Stealth Rock
|turn|15
|
|t:|1760391454
|move|p2a: Garganacl|Protect|p2a: Garganacl
|-singleturn|p2a: Garganacl|Protect
|move|p1a: Ogerpon|Ivy Cudgel|p2a: Garganacl|[anim] Ivy Cudgel Water
|-activate|p2a: Garganacl|move: Protect
|
|-weather|Sandstorm|[upkeep]
|-damage|p1a: Ogerpon|95/100|[from] Sandstorm
|-heal|p1a: Ogerpon|100/100|[from] Grassy Terrain
|-heal|p2a: Garganacl|94/100|[from] Grassy Terrain
|-heal|p2a: Garganacl|100/100|[from] item: Leftovers
|-fieldend|move: Grassy Terrain
|upkeep
|turn|16
|
|t:|1760391457
|-terastallize|p2a: Garganacl|Ghost
|move|p1a: Ogerpon|Ivy Cudgel|p2a: Garganacl|[anim] Ivy Cudgel Water
|-damage|p2a: Garganacl|7/100
|move|p2a: Garganacl|Salt Cure|p1a: Ogerpon
|-crit|p1a: Ogerpon
|-damage|p1a: Ogerpon|75/100
|-start|p1a: Ogerpon|Salt Cure
|
|-weather|Sandstorm|[upkeep]
|-damage|p1a: Ogerpon|69/100|[from] Sandstorm
|-damage|p2a: Garganacl|1/100|[from] Sandstorm
|-heal|p2a: Garganacl|7/100|[from] item: Leftovers
|-damage|p1a: Ogerpon|44/100|[from] Salt Cure
|upkeep
|turn|17
|
|t:|1760391463
|move|p1a: Ogerpon|Ivy Cudgel|p2a: Garganacl|[anim] Ivy Cudgel Water
|-damage|p2a: Garganacl|0 fnt
|faint|p2a: Garganacl
|
|-weather|none
|-damage|p1a: Ogerpon|19/100|[from] Salt Cure
|upkeep
|-message|lvcinda forfeited.
|
|win|quoge gaming
|raw|quoge gaming's rating: 1490 &rarr; <strong>1511</strong><br />(+21 for winning)
|raw|lvcinda's rating: 1502 &rarr; <strong>1481</strong><br />(-21 for losing)
|l|☆lvcinda
|player|p2|
