|j|☆quolius
|j|☆thodoras edition
|t:|1760441026
|gametype|singles
|player|p1|quolius|101|1506
|player|p2|thodoras edition|101|1447
|gen|9
|tier|[Gen 9] OU
|rated|
|rule|HP Percentage Mod: HP is shown in percentages
|rule|Endless Battle Clause: Forcing endless battles is banned
|rule|Species Clause: Limit one of each Pokémon
|rule|OHKO Clause: OHKO moves are banned
|rule|Evasion Items Clause: Evasion items are banned
|rule|Evasion Moves Clause: Evasion moves are banned
|rule|Evasion Abilities Clause: Evasion abilities are banned
|rule|Sleep Moves Clause: Sleep-inducing moves are banned
|clearpoke
|poke|p1|Darkrai|
|poke|p1|Dragapult, M|
|poke|p1|Slowking-Galar, F|
|poke|p1|Ting-Lu|
|poke|p1|Corviknight, M|
|poke|p1|Primarina, F|
|poke|p2|Landorus-Therian, M|
|poke|p2|Skeledirge, M|
|poke|p2|Skarmory, M|
|poke|p2|Hydrapple, M|
|poke|p2|Samurott-Hisui, M|
|poke|p2|Fezandipiti, M|
|teampreview
|inactive|Battle timer is ON: inactive players will automatically lose when time's up. (requested by quolius)
|
|t:|1760441042
|teamsize|p1|6
|teamsize|p2|6
|start
|switch|p1a: Darkrai|Darkrai|100/100
|switch|p2a: Landorus|Landorus-Therian, M|100/100
|-ability|p2a: Landorus|Intimidate|boost
|-unboost|p1a: Darkrai|atk|1
|turn|1
|
|t:|1760441053
|switch|p2a: Fezandipiti|Fezandipiti, M|100/100
|move|p1a: Darkrai|Ice Beam|p2a: Fezandipiti
|-damage|p2a: Fezandipiti|71/100
|
|upkeep
|turn|2
|
|t:|1760441060
|switch|p1a: Slowking|Slowking-Galar, F|100/100
|move|p2a: Fezandipiti|Roost|p2a: Fezandipiti
|-heal|p2a: Fezandipiti|100/100
|-singleturn|p2a: Fezandipiti|move: Roost
|
|upkeep
|turn|3
|
|t:|1760441066
|switch|p2a: Samurott|Samurott-Hisui, M|100/100
|-prepare|p1a: Slowking|Chilly Reception|[premajor]
|move|p1a: Slowking|Chilly Reception|p1a: Slowking
|-weather|Snowscape
|
|t:|1760441070
|switch|p1a: Dragapult|Dragapult, M|100/100|[from] Chilly Reception
|
|-weather|Snowscape|[upkeep]
|upkeep
|turn|4
|
|t:|1760441074
|move|p2a: Samurott|Sucker Punch|p1a: Dragapult
|-supereffective|p1a: Dragapult
|-damage|p1a: Dragapult|5/100
|move|p1a: Dragapult|U-turn|p2a: Samurott
|-supereffective|p2a: Samurott
|-damage|p2a: Samurott|10/100
|
|t:|1760441078
|switch|p1a: Darkrai|Darkrai|100/100|[from] U-turn
|
|-weather|Snowscape|[upkeep]
|upkeep
|turn|5
|
|t:|1760441086
|switch|p2a: Fezandipiti|Fezandipiti, M|100/100
|move|p1a: Darkrai|Sludge Bomb|p2a: Fezandipiti
|-damage|p2a: Fezandipiti|71/100
|
|-weather|Snowscape|[upkeep]
|upkeep
|turn|6
|
|t:|1760441095
|switch|p1a: Slowking|Slowking-Galar, F|100/100
|switch|p2a: Samurott|Samurott-Hisui, M|10/100
|
|-weather|Snowscape|[upkeep]
|upkeep
|turn|7
|
|t:|1760441099
|switch|p1a: Corviknight|Corviknight, M|100/100
|-ability|p1a: Corviknight|Pressure
|move|p2a: Samurott|Ceaseless Edge|p1a: Corviknight
|-damage|p1a: Corviknight|73/100
|-damage|p2a: Samurott|0 fnt|[from] item: Rocky Helmet|[of] p1a: Corviknight
|faint|p2a: Samurott
|
|-weather|none
|upkeep
|
|t:|1760441111
|switch|p2a: Skarmory|Skarmory, M|100/100
|turn|8
|
|t:|1760441117
|switch|p1a: Ting-Lu|Ting-Lu|100/100
|-ability|p1a: Ting-Lu|Vessel of Ruin
|move|p2a: Skarmory|Stealth Rock|p1a: Ting-Lu
|-sidestart|p1: quolius|move: Stealth Rock
|
|upkeep
|turn|9
|
|t:|1760441123
|switch|p2a: Hydrapple|Hydrapple, M|100/100
|move|p1a: Ting-Lu|Stealth Rock|p2a: Hydrapple
|-sidestart|p2: thodoras edition|move: Stealth Rock
|
|upkeep
|turn|10
|
|t:|1760441127
|switch|p1a: Slowking|Slowking-Galar, F|100/100
|move|p2a: Hydrapple|Nasty Plot|p2a: Hydrapple
|-boost|p2a: Hydrapple|spa|2
|
|upkeep
|turn|11
|
|t:|1760441133
|-terastallize|p2a: Hydrapple|Ground
|move|p2a: Hydrapple|Earth Power|p1a: Slowking
|-supereffective|p1a: Slowking
|-damage|p1a: Slowking|0 fnt
|faint|p1a: Slowking
|
|upkeep
|
|t:|1760441140
|switch|p1a: Primarina|Primarina, F|100/100
|-damage|p1a: Primarina|88/100|[from] Stealth Rock
|turn|12
|
|t:|1760441145
|move|p1a: Primarina|Psychic Noise|p2a: Hydrapple
|-supereffective|p2a: Hydrapple
|-damage|p2a: Hydrapple|20/100
|-start|p2a: Hydrapple|move: Heal Block
|cant|p2a: Hydrapple|move: Heal Block|Giga Drain
|
|upkeep
|turn|13
|
|t:|1760441153
|move|p1a: Primarina|Flip Turn|p2a: Hydrapple
|-supereffective|p2a: Hydrapple
|-damage|p2a: Hydrapple|0 fnt
|faint|p2a: Hydrapple
|
|t:|1760441158
|switch|p1a: Ting-Lu|Ting-Lu|100/100|[from] Flip Turn
|-damage|p1a: Ting-Lu|94/100|[from] Stealth Rock
|-ability|p1a: Ting-Lu|Vessel of Ruin
|
|-heal|p1a: Ting-Lu|100/100|[from] item: Leftovers
|upkeep
|
|t:|1760441168
|switch|p2a: Skarmory|Skarmory, M|100/100
|-damage|p2a: Skarmory|88/100|[from] Stealth Rock
|turn|14
|
|t:|1760441171
|move|p2a: Skarmory|Body Press|p1a: Ting-Lu
|-supereffective|p1a: Ting-Lu
|-damage|p1a: Ting-Lu|75/100
|move|p1a: Ting-Lu|Ruination|p2a: Skarmory|[miss]
|-miss|p1a: Ting-Lu|p2a: Skarmory
|
|-heal|p1a: Ting-Lu|81/100|[from] item: Leftovers
|upkeep
|turn|15
|
|t:|1760441175
|move|p2a: Skarmory|Body Press|p1a: Ting-Lu
|-supereffective|p1a: Ting-Lu
|-damage|p1a: Ting-Lu|55/100
|move|p1a: Ting-Lu|Ruination|p2a: Skarmory
|-damage|p2a: Skarmory|44/100
|
|-heal|p1a: Ting-Lu|61/100|[from] item: Leftovers
|upkeep
|turn|16
|
|t:|1760441178
|move|p2a: Skarmory|Body Press|p1a: Ting-Lu
|-supereffective|p1a: Ting-Lu
|-damage|p1a: Ting-Lu|34/100
|move|p1a: Ting-Lu|Whirlwind|p2a: Skarmory
|drag|p2a: Skeledirge|Skeledirge, M|100/100
|
|-heal|p1a: Ting-Lu|40/100|[from] item: Leftovers
|upkeep
|turn|17
|
|t:|1760441184
|switch|p1a: Primarina|Primarina, F|88/100
|-damage|p1a: Primarina|76/100|[from] Stealth Rock
|move|p2a: Skeledirge|Torch Song|p1a: Primarina
|-resisted|p1a: Primarina
|-damage|p1a: Primarina|68/100
|-boost|p2a: Skeledirge|spa|1
|
|upkeep
|turn|18
|
|t:|1760441188
|switch|p2a: Fezandipiti|Fezandipiti, M|71/100
|move|p1a: Primarina|Psychic Noise|p2a: Fezandipiti
|-damage|p2a: Fezandipiti|51/100
|-start|p2a: Fezandipiti|move: Heal Block
|
|upkeep
|turn|19
|
|t:|1760441193
|switch|p1a: Corviknight|Corviknight, M|73/100
|-damage|p1a: Corviknight|60/100|[from] Stealth Rock
|-ability|p1a: Corviknight|Pressure
|move|p2a: Fezandipiti|Calm Mind|p2a: Fezandipiti
|-boost|p2a: Fezandipiti|spa|1
|-boost|p2a: Fezandipiti|spd|1
|
|-end|p2a: Fezandipiti|move: Heal Block
|upkeep
|turn|20
|
|t:|1760441197
|move|p2a: Fezandipiti|Roost|p2a: Fezandipiti
|-heal|p2a: Fezandipiti|100/100
|-singleturn|p2a: Fezandipiti|move: Roost
|move|p1a: Corviknight|Brave Bird|p2a: Fezandipiti
|-damage|p2a: Fezandipiti|61/100
|-damage|p1a: Corviknight|48/100|[from] Recoil
|
|upkeep
|turn|21
|
|t:|1760441200
|move|p2a: Fezandipiti|Calm Mind|p2a: Fezandipiti
|-boost|p2a: Fezandipiti|spa|1
|-boost|p2a: Fezandipiti|spd|1
|move|p1a: Corviknight|Defog|p2a: Fezandipiti
|-unboost|p2a: Fezandipiti|evasion|1
|-sideend|p2: thodoras edition|Stealth Rock|[from] move: Defog|[of] p1a: Corviknight
|-sideend|p1: quolius|Stealth Rock|[from] move: Defog|[of] p1a: Corviknight
|
|upkeep
|turn|22
|
|t:|1760441205
|move|p2a: Fezandipiti|Roost|p2a: Fezandipiti
|-heal|p2a: Fezandipiti|100/100
|-singleturn|p2a: Fezandipiti|move: Roost
|move|p1a: Corviknight|Brave Bird|p2a: Fezandipiti
|-damage|p2a: Fezandipiti|64/100
|-damage|p1a: Corviknight|36/100|[from] Recoil
|
|upkeep
|turn|23
|
|t:|1760441209
|move|p2a: Fezandipiti|Moonblast|p1a: Corviknight
|-resisted|p1a: Corviknight
|-damage|p1a: Corviknight|14/100
|-unboost|p1a: Corviknight|spa|1
|move|p1a: Corviknight|U-turn|p2a: Fezandipiti
|-resisted|p2a: Fezandipiti
|-damage|p2a: Fezandipiti|60/100
|
|t:|1760441213
|switch|p1a: Dragapult|Dragapult, M|5/100|[from] U-turn
|
|upkeep
|turn|24
|
|t:|1760441216
|-terastallize|p1a: Dragapult|Ghost
|move|p1a: Dragapult|Tera Blast|p2a: Fezandipiti|[anim] Tera Blast Ghost
|-damage|p2a: Fezandipiti|0 fnt
|faint|p2a: Fezandipiti
|
|upkeep
|
|t:|1760441221
|switch|p2a: Landorus|Landorus-Therian, M|100/100
|-ability|p2a: Landorus|Intimidate|boost
|-fail|p1a: Dragapult|unboost|[from] ability: Clear Body|[of] p1a: Dragapult
|turn|25
|
|t:|1760441224
|switch|p1a: Corviknight|Corviknight, M|14/100
|-ability|p1a: Corviknight|Pressure
|move|p2a: Landorus|U-turn|p1a: Corviknight
|-resisted|p1a: Corviknight
|-damage|p1a: Corviknight|10/100
|-damage|p2a: Landorus|84/100|[from] item: Rocky Helmet|[of] p1a: Corviknight
|
|t:|1760441226
|switch|p2a: Skeledirge|Skeledirge, M|100/100|[from] U-turn
|
|upkeep
|turn|26
|
|t:|1760441231
|switch|p1a: Primarina|Primarina, F|68/100
|move|p2a: Skeledirge|Torch Song|p1a: Primarina
|-resisted|p1a: Primarina
|-damage|p1a: Primarina|60/100
|-boost|p2a: Skeledirge|spa|1
|
|upkeep
|turn|27
|
|t:|1760441238
|move|p2a: Skeledirge|Torch Song|p1a: Primarina
|-resisted|p1a: Primarina
|-damage|p1a: Primarina|47/100
|-boost|p2a: Skeledirge|spa|1
|move|p1a: Primarina|Psychic Noise|p2a: Skeledirge
|-supereffective|p2a: Skeledirge
|-damage|p2a: Skeledirge|40/100
|-start|p2a: Skeledirge|move: Heal Block
|
|upkeep
|turn|28
|
|t:|1760441243
|move|p2a: Skeledirge|Earth Power|p1a: Primarina
|-damage|p1a: Primarina|23/100
|-unboost|p1a: Primarina|spd|1
|move|p1a: Primarina|Psychic Noise|p2a: Skeledirge
|-supereffective|p2a: Skeledirge
|-damage|p2a: Skeledirge|0 fnt
|faint|p2a: Skeledirge
|
|upkeep
|
|t:|1760441250
|switch|p2a: Landorus|Landorus-Therian, M|84/100
|-ability|p2a: Landorus|Intimidate|boost
|-unboost|p1a: Primarina|atk|1
|turn|29
|
|t:|1760441254
|switch|p1a: Corviknight|Corviknight, M|10/100
|-ability|p1a: Corviknight|Pressure
|move|p2a: Landorus|Stone Edge|p1a: Corviknight
|-damage|p1a: Corviknight|0 fnt
|faint|p1a: Corviknight
|
|upkeep
|
|t:|1760441263
|switch|p1a: Darkrai|Darkrai|100/100
|turn|30
|
|t:|1760441270
|switch|p2a: Skarmory|Skarmory, M|44/100
|move|p1a: Darkrai|Ice Beam|p2a: Skarmory
|-damage|p2a: Skarmory|0 fnt
|faint|p2a: Skarmory
|
|upkeep
|
|t:|1760441271
|switch|p2a: Landorus|Landorus-Therian, M|84/100
|-ability|p2a: Landorus|Intimidate|boost
|-unboost|p1a: Darkrai|atk|1
|turn|31
|
|t:|1760441273
|move|p2a: Landorus|U-turn|p1a: Darkrai
|-supereffective|p1a: Darkrai
|-damage|p1a: Darkrai|26/100
|move|p1a: Darkrai|Ice Beam|p2a: Landorus
|-supereffective|p2a: Landorus
|-damage|p2a: Landorus|0 fnt
|faint|p2a: Landorus
|
|win|quolius
|raw|quolius's rating: 1506 &rarr; <strong>1523</strong><br />(+17 for winning)
|raw|thodoras edition's rating: 1447 &rarr; <strong>1430</strong><br />(-17 for losing)
|l|☆thodoras edition
|player|p2|
|l|☆quolius
|player|p1|
