|j|☆HamBucket
|j|☆RoeJogan25
|t:|1760458581
|gametype|singles
|player|p1|HamBucket|170|1105
|player|p2|RoeJogan25|2|1108
|gen|9
|tier|[Gen 9] OU
|rated|
|rule|HP Percentage Mod: HP is shown in percentages
|rule|Endless Battle Clause: Forcing endless battles is banned
|rule|Species Clause: Limit one of each Pokémon
|rule|OHKO Clause: OHKO moves are banned
|rule|Evasion Items Clause: Evasion items are banned
|rule|Evasion Moves Clause: Evasion moves are banned
|rule|Evasion Abilities Clause: Evasion abilities are banned
|rule|Sleep Moves Clause: Sleep-inducing moves are banned
|clearpoke
|poke|p1|Carbink, L1|
|poke|p1|Braviary-Hisui, M|
|poke|p1|Ursaluna, M|
|poke|p1|Kingambit, F|
|poke|p1|Iron Hands|
|poke|p1|Hatterene, F|
|poke|p2|Hatterene, F|
|poke|p2|Rillaboom, F|
|poke|p2|Iron Hands|
|poke|p2|Sinistcha|
|poke|p2|Ribombee, M|
|poke|p2|Ampharos, M|
|teampreview
|inactive|Battle timer is ON: inactive players will automatically lose when time's up. (requested by RoeJogan25)
|inactive|HamBucket has 120 seconds left.
|
|t:|1760458619
|teamsize|p1|6
|teamsize|p2|6
|start
|switch|p1a: The King|Kingambit, F|100/100
|switch|p2a: Ribombee|Ribombee, M|100/100
|turn|1
|
|t:|1760458631
|move|p2a: Ribombee|Sticky Web|p1a: The King
|-sidestart|p1: HamBucket|move: Sticky Web
|move|p1a: The King|Swords Dance|p1a: The King
|-boost|p1a: The King|atk|2
|
|upkeep
|turn|2
|
|t:|1760458648
|move|p2a: Ribombee|Stun Spore|p1a: The King
|-status|p1a: The King|par
|cant|p1a: The King|par
|
|upkeep
|turn|3
|
|t:|1760458654
|move|p2a: Ribombee|Moonblast|p1a: The King
|-damage|p1a: The King|59/100 par
|move|p1a: The King|Iron Head|p2a: Ribombee
|-supereffective|p2a: Ribombee
|-enditem|p2a: Ribombee|Focus Sash
|-damage|p2a: Ribombee|1/100
|
|upkeep
|turn|4
|
|t:|1760458660
|move|p1a: The King|Sucker Punch|p2a: Ribombee
|-resisted|p2a: Ribombee
|-damage|p2a: Ribombee|0 fnt
|faint|p2a: Ribombee
|
|upkeep
|
|t:|1760458664
|switch|p2a: Sinistcha|Sinistcha|100/100
|turn|5
|
|t:|1760458669
|move|p2a: Sinistcha|Strength Sap|p1a: The King
|-unboost|p1a: The King|atk|1
|move|p1a: The King|Kowtow Cleave|p2a: Sinistcha
|-supereffective|p2a: Sinistcha
|-damage|p2a: Sinistcha|0 fnt
|faint|p2a: Sinistcha
|
|upkeep
|
|t:|1760458681
|switch|p2a: Iron Hands|Iron Hands|100/100
|-enditem|p2a: Iron Hands|Booster Energy
|-activate|p2a: Iron Hands|ability: Quark Drive|[fromitem]
|-start|p2a: Iron Hands|quarkdriveatk
|turn|6
|
|t:|1760458696
|move|p2a: Iron Hands|Drain Punch|p1a: The King
|-supereffective|p1a: The King
|-damage|p1a: The King|0 fnt
|faint|p1a: The King
|-end|p1a: The King|fallenundefined|[silent]
|
|upkeep
|
|t:|1760458700
|switch|p1a: The Bink|Carbink, L1, shiny|100/100
|-activate|p1a: The Bink|move: Sticky Web
|-unboost|p1a: The Bink|spe|1
|turn|7
|
|t:|1760458713
|move|p2a: Iron Hands|Thunder Punch|p1a: The Bink
|-ability|p1a: The Bink|Sturdy
|-damage|p1a: The Bink|9/100
|move|p1a: The Bink|Trick Room|p1a: The Bink
|-fieldstart|move: Trick Room|[of] p1a: The Bink
|
|-damage|p1a: The Bink|0 fnt|[from] item: Black Sludge
|faint|p1a: The Bink
|upkeep
|
|t:|1760458737
|switch|p1a: The Hat|Hatterene, F|100/100
|-activate|p1a: The Hat|move: Sticky Web
|-unboost|p1a: The Hat|spe|1
|turn|8
|
|t:|1760458766
|-end|p2a: Iron Hands|Quark Drive|[silent]
|switch|p2a: Ampharos|Ampharos, M|100/100
|move|p1a: The Hat|Psychic Noise|p2a: Ampharos
|-damage|p2a: Ampharos|70/100
|-start|p2a: Ampharos|move: Heal Block
|
|upkeep
|turn|9
|
|t:|1760458782
|switch|p1a: The Bear|Ursaluna, M|100/100
|-activate|p1a: The Bear|move: Sticky Web
|-unboost|p1a: The Bear|spe|1
|move|p2a: Ampharos|Discharge|p1a: The Bear
|-immune|p1a: The Bear
|
|-end|p2a: Ampharos|move: Heal Block
|-status|p1a: The Bear|brn|[from] item: Flame Orb
|upkeep
|turn|10
|
|t:|1760458792
|-terastallize|p1a: The Bear|Normal
|move|p2a: Ampharos|Protect|p2a: Ampharos
|-singleturn|p2a: Ampharos|Protect
|move|p1a: The Bear|Facade|p2a: Ampharos
|-activate|p2a: Ampharos|move: Protect
|
|-heal|p2a: Ampharos|76/100|[from] item: Leftovers
|-damage|p1a: The Bear|94/100 brn|[from] brn
|upkeep
|turn|11
|inactive|RoeJogan25 has 120 seconds left.
|
|t:|1760458822
|move|p1a: The Bear|Facade|p2a: Ampharos
|-damage|p2a: Ampharos|0 fnt
|faint|p2a: Ampharos
|
|-damage|p1a: The Bear|88/100 brn|[from] brn
|-fieldend|move: Trick Room
|upkeep
|
|t:|1760458827
|switch|p2a: Iron Hands|Iron Hands|100/100
|turn|12
|
|t:|1760458838
|switch|p1a: The Free|Braviary-Hisui, M, shiny|100/100
|-terastallize|p2a: Iron Hands|Flying
|move|p2a: Iron Hands|Swords Dance|p2a: Iron Hands
|-boost|p2a: Iron Hands|atk|2
|
|upkeep
|turn|13
|
|t:|1760458848
|move|p2a: Iron Hands|Thunder Punch|p1a: The Free
|-supereffective|p1a: The Free
|-damage|p1a: The Free|0 fnt
|faint|p1a: The Free
|
|upkeep
|
|t:|1760458851
|switch|p1a: The Hat|Hatterene, F|100/100
|-activate|p1a: The Hat|move: Sticky Web
|-unboost|p1a: The Hat|spe|1
|turn|14
|
|t:|1760458854
|move|p2a: Iron Hands|Thunder Punch|p1a: The Hat
|-enditem|p1a: The Hat|Focus Sash
|-damage|p1a: The Hat|1/100
|-status|p1a: The Hat|par
|cant|p1a: The Hat|par
|
|upkeep
|turn|15
|c|☆HamBucket|Oof
|-message|HamBucket forfeited.
|
|win|RoeJogan25
|raw|HamBucket's rating: 1105 &rarr; <strong>1080</strong><br />(-25 for losing)
|raw|RoeJogan25's rating: 1108 &rarr; <strong>1133</strong><br />(+25 for winning)
|l|☆RoeJogan25
|player|p2|
|l|☆HamBucket
|player|p1|
