|j|☆inder-house
|j|☆Derevien
|t:|1760364930
|gametype|singles
|player|p1|inder-house|265|1502
|player|p2|Derevien|miku-water|1468
|gen|9
|tier|[Gen 9] OU
|rated|
|rule|HP Percentage Mod: HP is shown in percentages
|rule|Endless Battle Clause: Forcing endless battles is banned
|rule|Species Clause: Limit one of each Pokémon
|rule|OHKO Clause: OHKO moves are banned
|rule|Evasion Items Clause: Evasion items are banned
|rule|Evasion Moves Clause: Evasion moves are banned
|rule|Evasion Abilities Clause: Evasion abilities are banned
|rule|Sleep Moves Clause: Sleep-inducing moves are banned
|clearpoke
|poke|p1|Hydreigon, F|
|poke|p1|Iron Boulder|
|poke|p1|Hatterene, F|
|poke|p1|Toxapex, F|
|poke|p1|Gliscor, M|
|poke|p1|Corviknight, F|
|poke|p2|Pelipper, M|
|poke|p2|Basculegion, M|
|poke|p2|Floatzel, F|
|poke|p2|Raging Bolt|
|poke|p2|Araquanid, F|
|poke|p2|Frosmoth, M|
|teampreview
|
|t:|1760364943
|teamsize|p1|6
|teamsize|p2|6
|start
|switch|p1a: Blackstar|Hydreigon, F|100/100
|switch|p2a: Pepper|Pelipper, M|100/100
|-weather|RainDance|[from] ability: Drizzle|[of] p2a: Pepper
|turn|1
|
|t:|1760364956
|switch|p2a: Frosmoth|Frosmoth, M|100/100
|move|p1a: Blackstar|Draco Meteor|p2a: Frosmoth|[miss]
|-miss|p1a: Blackstar|p2a: Frosmoth
|
|-weather|RainDance|[upkeep]
|upkeep
|turn|2
|
|t:|1760364968
|move|p1a: Blackstar|Flash Cannon|p2a: Frosmoth
|-supereffective|p2a: Frosmoth
|-damage|p2a: Frosmoth|68/100
|-damage|p1a: Blackstar|91/100|[from] item: Life Orb
|move|p2a: Frosmoth|U-turn|p1a: Blackstar
|-supereffective|p1a: Blackstar
|-damage|p1a: Blackstar|56/100
|
|t:|1760364975
|switch|p2a: Icarus|Floatzel, F|100/100|[from] U-turn
|
|-weather|RainDance|[upkeep]
|upkeep
|turn|3
|
|t:|1760364981
|switch|p1a: Pelagor|Toxapex, F|100/100
|move|p2a: Icarus|Wave Crash|p1a: Pelagor
|-resisted|p1a: Pelagor
|-damage|p1a: Pelagor|61/100
|-damage|p2a: Icarus|89/100|[from] Recoil
|
|-weather|RainDance|[upkeep]
|-heal|p1a: Pelagor|67/100|[from] item: Leftovers
|upkeep
|turn|4
|
|t:|1760364987
|switch|p2a: Great Neck|Raging Bolt|100/100
|-enditem|p2a: Great Neck|Booster Energy
|-activate|p2a: Great Neck|ability: Protosynthesis|[fromitem]
|-start|p2a: Great Neck|protosynthesisspa
|move|p1a: Pelagor|Toxic Spikes|p2a: Great Neck
|-sidestart|p2: Derevien|move: Toxic Spikes
|
|-weather|RainDance|[upkeep]
|-heal|p1a: Pelagor|74/100|[from] item: Leftovers
|upkeep
|turn|5
|
|t:|1760365000
|move|p1a: Pelagor|Baneful Bunker|p1a: Pelagor
|-singleturn|p1a: Pelagor|move: Protect
|move|p2a: Great Neck|Weather Ball|p1a: Pelagor
|-activate|p1a: Pelagor|move: Protect
|
|-weather|RainDance|[upkeep]
|-heal|p1a: Pelagor|80/100|[from] item: Leftovers
|upkeep
|turn|6
|
|t:|1760365002
|move|p2a: Great Neck|Thunder|p1a: Pelagor
|-supereffective|p1a: Pelagor
|-damage|p1a: Pelagor|0 fnt
|faint|p1a: Pelagor
|
|-weather|RainDance|[upkeep]
|upkeep
|
|t:|1760365011
|switch|p1a: Terraformer|Iron Boulder|100/100
|-enditem|p1a: Terraformer|Booster Energy
|-activate|p1a: Terraformer|ability: Quark Drive|[fromitem]
|-start|p1a: Terraformer|quarkdrivespe
|turn|7
|
|t:|1760365017
|move|p1a: Terraformer|Earthquake|p2a: Great Neck
|-supereffective|p2a: Great Neck
|-damage|p2a: Great Neck|44/100
|move|p2a: Great Neck|Weather Ball|p1a: Terraformer
|-supereffective|p1a: Terraformer
|-damage|p1a: Terraformer|0 fnt
|faint|p1a: Terraformer
|-end|p1a: Terraformer|Quark Drive|[silent]
|
|-weather|RainDance|[upkeep]
|upkeep
|
|t:|1760365024
|switch|p1a: Reaver|Gliscor, M|100/100
|turn|8
|
|t:|1760365030
|-end|p2a: Great Neck|Protosynthesis|[silent]
|switch|p2a: Frosmoth|Frosmoth, M|68/100
|move|p1a: Reaver|Earthquake|p2a: Frosmoth
|-resisted|p2a: Frosmoth
|-damage|p2a: Frosmoth|33/100
|
|-weather|none
|-status|p1a: Reaver|tox|[from] item: Toxic Orb
|upkeep
|turn|9
|
|t:|1760365037
|switch|p2a: Pepper|Pelipper, M|100/100
|-weather|RainDance|[from] ability: Drizzle|[of] p2a: Pepper
|move|p1a: Reaver|Facade|p2a: Pepper
|-damage|p2a: Pepper|73/100
|
|-weather|RainDance|[upkeep]
|upkeep
|turn|10
|
|t:|1760365043
|switch|p1a: Mindspike|Hatterene, F|100/100
|move|p2a: Pepper|U-turn|p1a: Mindspike
|-damage|p1a: Mindspike|93/100
|
|t:|1760365045
|switch|p2a: Frosmoth|Frosmoth, M|33/100|[from] U-turn
|
|-weather|RainDance|[upkeep]
|-heal|p1a: Mindspike|99/100|[from] item: Leftovers
|upkeep
|turn|11
|
|t:|1760365054
|move|p2a: Frosmoth|Defog|p1a: Mindspike
|move|p1a: Mindspike|Defog|p2a: Frosmoth|[from] ability: Magic Bounce
|-unboost|p2a: Frosmoth|evasion|1
|-sideend|p2: Derevien|Toxic Spikes|[from] move: Defog|[of] p1a: Mindspike
|move|p1a: Mindspike|Nuzzle|p2a: Frosmoth
|-damage|p2a: Frosmoth|27/100
|-status|p2a: Frosmoth|par
|
|-weather|RainDance|[upkeep]
|-heal|p1a: Mindspike|100/100|[from] item: Leftovers
|upkeep
|turn|12
|
|t:|1760365057
|move|p1a: Mindspike|Psychic Noise|p2a: Frosmoth
|-crit|p2a: Frosmoth
|-damage|p2a: Frosmoth|1/100 par
|-start|p2a: Frosmoth|move: Heal Block
|move|p2a: Frosmoth|U-turn|p1a: Mindspike
|-damage|p1a: Mindspike|88/100
|
|t:|1760365064
|switch|p2a: Geth|Basculegion, M, shiny|100/100|[from] U-turn
|
|-weather|RainDance|[upkeep]
|-heal|p1a: Mindspike|94/100|[from] item: Leftovers
|upkeep
|turn|13
|
|t:|1760365068
|-terastallize|p1a: Mindspike|Water
|move|p2a: Geth|Wave Crash|p1a: Mindspike
|-resisted|p1a: Mindspike
|-damage|p1a: Mindspike|33/100
|-damage|p2a: Geth|84/100|[from] Recoil
|move|p1a: Mindspike|Nuzzle|p2a: Geth
|-supereffective|p2a: Geth
|-damage|p2a: Geth|73/100
|-status|p2a: Geth|par
|
|-weather|RainDance|[upkeep]
|-heal|p1a: Mindspike|39/100|[from] item: Leftovers
|upkeep
|turn|14
|
|t:|1760365076
|switch|p1a: Sentinel|Corviknight, F|100/100
|-ability|p1a: Sentinel|Pressure
|cant|p2a: Geth|par
|
|-weather|RainDance|[upkeep]
|upkeep
|turn|15
|
|t:|1760365079
|cant|p2a: Geth|par
|move|p1a: Sentinel|Iron Defense|p1a: Sentinel
|-boost|p1a: Sentinel|def|2
|
|-weather|RainDance|[upkeep]
|upkeep
|turn|16
|
|t:|1760365082
|move|p2a: Geth|Wave Crash|p1a: Sentinel
|-damage|p1a: Sentinel|61/100
|-damage|p2a: Geth|57/100 par|[from] item: Rocky Helmet|[of] p1a: Sentinel
|-damage|p2a: Geth|43/100 par|[from] Recoil
|move|p1a: Sentinel|Iron Defense|p1a: Sentinel
|-boost|p1a: Sentinel|def|2
|
|-weather|none
|upkeep
|turn|17
|
|t:|1760365087
|switch|p2a: Pepper|Pelipper, M|73/100
|-weather|RainDance|[from] ability: Drizzle|[of] p2a: Pepper
|move|p1a: Sentinel|Roost|p1a: Sentinel
|-heal|p1a: Sentinel|100/100
|-singleturn|p1a: Sentinel|move: Roost
|
|-weather|RainDance|[upkeep]
|upkeep
|turn|18
|
|t:|1760365091
|move|p1a: Sentinel|Body Press|p2a: Pepper
|-resisted|p2a: Pepper
|-damage|p2a: Pepper|41/100
|move|p2a: Pepper|U-turn|p1a: Sentinel
|-resisted|p1a: Sentinel
|-damage|p1a: Sentinel|99/100
|-damage|p2a: Pepper|25/100|[from] item: Rocky Helmet|[of] p1a: Sentinel
|
|t:|1760365096
|switch|p2a: Great Neck|Raging Bolt|44/100|[from] U-turn
|
|-weather|RainDance|[upkeep]
|upkeep
|turn|19
|
|t:|1760365109
|switch|p1a: Mindspike|Hatterene, F, tera:Water|39/100
|move|p2a: Great Neck|Thunder|p1a: Mindspike
|-supereffective|p1a: Mindspike
|-damage|p1a: Mindspike|0 fnt
|faint|p1a: Mindspike
|
|-weather|RainDance|[upkeep]
|upkeep
|
|t:|1760365112
|switch|p1a: Blackstar|Hydreigon, F|56/100
|turn|20
|
|t:|1760365116
|move|p2a: Great Neck|Thunderclap|p1a: Blackstar
|-resisted|p1a: Blackstar
|-damage|p1a: Blackstar|32/100
|move|p1a: Blackstar|Draco Meteor|p2a: Great Neck
|-supereffective|p2a: Great Neck
|-damage|p2a: Great Neck|0 fnt
|-unboost|p1a: Blackstar|spa|2
|faint|p2a: Great Neck
|-end|p2a: Great Neck|Protosynthesis|[silent]
|-damage|p1a: Blackstar|22/100|[from] item: Life Orb
|
|-weather|RainDance|[upkeep]
|upkeep
|
|t:|1760365120
|switch|p2a: Icarus|Floatzel, F|89/100
|turn|21
|
|t:|1760365138
|move|p2a: Icarus|Flip Turn|p1a: Blackstar
|-resisted|p1a: Blackstar
|-damage|p1a: Blackstar|0 fnt
|faint|p1a: Blackstar
|
|t:|1760365140
|switch|p2a: Giant Enemy Spider|Araquanid, F, shiny|100/100|[from] Flip Turn
|
|-weather|RainDance|[upkeep]
|upkeep
|
|t:|1760365145
|switch|p1a: Reaver|Gliscor, M|100/100 tox
|turn|22
|
|t:|1760365147
|move|p1a: Reaver|Swords Dance|p1a: Reaver
|-boost|p1a: Reaver|atk|2
|move|p2a: Giant Enemy Spider|Liquidation|p1a: Reaver
|-supereffective|p1a: Reaver
|-damage|p1a: Reaver|0 fnt
|faint|p1a: Reaver
|
|-weather|RainDance|[upkeep]
|upkeep
|c|☆inder-house|gg
|
|t:|1760365151
|switch|p1a: Sentinel|Corviknight, F|99/100
|-ability|p1a: Sentinel|Pressure
|turn|23
|c|☆Derevien|gg
|
|t:|1760365154
|-terastallize|p2a: Giant Enemy Spider|Water
|move|p1a: Sentinel|Iron Defense|p1a: Sentinel
|-boost|p1a: Sentinel|def|2
|move|p2a: Giant Enemy Spider|Liquidation|p1a: Sentinel
|-damage|p1a: Sentinel|44/100
|-damage|p2a: Giant Enemy Spider|84/100|[from] item: Rocky Helmet|[of] p1a: Sentinel
|
|-weather|RainDance|[upkeep]
|upkeep
|turn|24
|
|t:|1760365162
|move|p1a: Sentinel|Roost|p1a: Sentinel
|-heal|p1a: Sentinel|94/100
|-singleturn|p1a: Sentinel|move: Roost
|move|p2a: Giant Enemy Spider|Liquidation|p1a: Sentinel
|-damage|p1a: Sentinel|37/100
|-damage|p2a: Giant Enemy Spider|68/100|[from] item: Rocky Helmet|[of] p1a: Sentinel
|
|-weather|none
|upkeep
|turn|25
|
|t:|1760365170
|switch|p2a: Pepper|Pelipper, M|25/100
|-weather|RainDance|[from] ability: Drizzle|[of] p2a: Pepper
|move|p1a: Sentinel|Roost|p1a: Sentinel
|-heal|p1a: Sentinel|87/100
|-singleturn|p1a: Sentinel|move: Roost
|
|-weather|RainDance|[upkeep]
|upkeep
|turn|26
|
|t:|1760365180
|move|p1a: Sentinel|Body Press|p2a: Pepper
|-resisted|p2a: Pepper
|-damage|p2a: Pepper|4/100
|move|p2a: Pepper|Roost|p2a: Pepper
|-heal|p2a: Pepper|54/100
|-singleturn|p2a: Pepper|move: Roost
|
|-weather|RainDance|[upkeep]
|upkeep
|turn|27
|
|t:|1760365183
|move|p1a: Sentinel|Iron Defense|p1a: Sentinel
|-boost|p1a: Sentinel|def|2
|move|p2a: Pepper|Knock Off|p1a: Sentinel
|-damage|p1a: Sentinel|84/100
|-damage|p2a: Pepper|38/100|[from] item: Rocky Helmet|[of] p1a: Sentinel
|-enditem|p1a: Sentinel|Rocky Helmet|[from] move: Knock Off|[of] p2a: Pepper
|
|-weather|RainDance|[upkeep]
|upkeep
|turn|28
|
|t:|1760365186
|move|p1a: Sentinel|Iron Defense|p1a: Sentinel
|-boost|p1a: Sentinel|def|2
|move|p2a: Pepper|Roost|p2a: Pepper
|-heal|p2a: Pepper|88/100
|-singleturn|p2a: Pepper|move: Roost
|
|-weather|RainDance|[upkeep]
|upkeep
|turn|29
|
|t:|1760365190
|switch|p2a: Geth|Basculegion, M, shiny|43/100 par
|move|p1a: Sentinel|Body Press|p2a: Geth
|-immune|p2a: Geth
|
|-weather|RainDance|[upkeep]
|upkeep
|turn|30
|
|t:|1760365193
|move|p2a: Geth|Wave Crash|p1a: Sentinel
|-damage|p1a: Sentinel|65/100
|-damage|p2a: Geth|36/100 par|[from] Recoil
|move|p1a: Sentinel|U-turn|p2a: Geth
|-resisted|p2a: Geth
|-damage|p2a: Geth|27/100 par
|
|-weather|RainDance|[upkeep]
|upkeep
|turn|31
|
|t:|1760365200
|switch|p2a: Pepper|Pelipper, M|88/100
|move|p1a: Sentinel|U-turn|p2a: Pepper
|-resisted|p2a: Pepper
|-damage|p2a: Pepper|83/100
|
|-weather|RainDance|[upkeep]
|upkeep
|turn|32
|
|t:|1760365203
|switch|p2a: Geth|Basculegion, M, shiny|27/100 par
|move|p1a: Sentinel|Body Press|p2a: Geth
|-immune|p2a: Geth
|
|-weather|none
|upkeep
|turn|33
|
|t:|1760365208
|move|p1a: Sentinel|U-turn|p2a: Geth
|-resisted|p2a: Geth
|-damage|p2a: Geth|18/100 par
|cant|p2a: Geth|par
|
|upkeep
|turn|34
|
|t:|1760365210
|move|p1a: Sentinel|U-turn|p2a: Geth
|-resisted|p2a: Geth
|-damage|p2a: Geth|9/100 par
|move|p2a: Geth|Flip Turn|p1a: Sentinel
|-damage|p1a: Sentinel|58/100
|
|t:|1760365212
|switch|p2a: Pepper|Pelipper, M|83/100|[from] Flip Turn
|-weather|RainDance|[from] ability: Drizzle|[of] p2a: Pepper
|
|-weather|RainDance|[upkeep]
|upkeep
|turn|35
|
|t:|1760365216
|move|p1a: Sentinel|Roost|p1a: Sentinel
|-heal|p1a: Sentinel|100/100
|-singleturn|p1a: Sentinel|move: Roost
|move|p2a: Pepper|Hurricane|p1a: Sentinel
|-resisted|p1a: Sentinel
|-damage|p1a: Sentinel|84/100
|
|-weather|RainDance|[upkeep]
|upkeep
|turn|36
|
|t:|1760365223
|move|p1a: Sentinel|Body Press|p2a: Pepper
|-resisted|p2a: Pepper
|-damage|p2a: Pepper|40/100
|move|p2a: Pepper|Hurricane|p1a: Sentinel
|-resisted|p1a: Sentinel
|-damage|p1a: Sentinel|67/100
|-start|p1a: Sentinel|confusion
|
|-weather|RainDance|[upkeep]
|upkeep
|turn|37
|
|t:|1760365227
|-activate|p1a: Sentinel|confusion
|move|p1a: Sentinel|Body Press|p2a: Pepper
|-resisted|p2a: Pepper
|-damage|p2a: Pepper|0 fnt
|faint|p2a: Pepper
|
|-weather|RainDance|[upkeep]
|upkeep
|
|t:|1760365237
|switch|p2a: Giant Enemy Spider|Araquanid, F, shiny, tera:Water|68/100
|turn|38
|
|t:|1760365245
|-activate|p1a: Sentinel|confusion
|move|p1a: Sentinel|Body Press|p2a: Giant Enemy Spider
|-damage|p2a: Giant Enemy Spider|0 fnt
|faint|p2a: Giant Enemy Spider
|
|-weather|RainDance|[upkeep]
|upkeep
|
|t:|1760365250
|switch|p2a: Icarus|Floatzel, F|89/100
|turn|39
|
|t:|1760365255
|switch|p2a: Geth|Basculegion, M, shiny|9/100 par
|-activate|p1a: Sentinel|confusion
|move|p1a: Sentinel|Roost|p1a: Sentinel
|-heal|p1a: Sentinel|100/100
|-singleturn|p1a: Sentinel|move: Roost
|
|-weather|RainDance|[upkeep]
|upkeep
|turn|40
|
|t:|1760365257
|switch|p2a: Icarus|Floatzel, F|89/100
|-activate|p1a: Sentinel|confusion
|-damage|p1a: Sentinel|99/100|[from] confusion
|
|-weather|RainDance|[upkeep]
|upkeep
|turn|41
|
|t:|1760365260
|move|p2a: Icarus|Tera Blast|p1a: Sentinel
|-resisted|p1a: Sentinel
|-damage|p1a: Sentinel|92/100
|-end|p1a: Sentinel|confusion
|move|p1a: Sentinel|U-turn|p2a: Icarus
|-damage|p2a: Icarus|67/100
|
|-weather|none
|upkeep
|turn|42
|
|t:|1760365264
|move|p2a: Icarus|Tera Blast|p1a: Sentinel
|-resisted|p1a: Sentinel
|-damage|p1a: Sentinel|84/100
|move|p1a: Sentinel|U-turn|p2a: Icarus
|-damage|p2a: Icarus|45/100
|
|upkeep
|turn|43
|
|t:|1760365266
|switch|p2a: Geth|Basculegion, M, shiny|9/100 par
|move|p1a: Sentinel|U-turn|p2a: Geth
|-resisted|p2a: Geth
|-damage|p2a: Geth|0 fnt
|faint|p2a: Geth
|
|upkeep
|
|t:|1760365269
|switch|p2a: Icarus|Floatzel, F|45/100
|turn|44
|c|☆inder-house|well this is suddenly funny
|
|t:|1760365275
|move|p2a: Icarus|Wave Crash|p1a: Sentinel
|-damage|p1a: Sentinel|71/100
|-damage|p2a: Icarus|39/100|[from] Recoil
|move|p1a: Sentinel|Body Press|p2a: Icarus
|-damage|p2a: Icarus|0 fnt
|faint|p2a: Icarus
|
|upkeep
|c|☆Derevien|yea lol
|
|t:|1760365280
|switch|p2a: Frosmoth|Frosmoth, M|1/100 par
|turn|45
|
|t:|1760365283
|move|p1a: Sentinel|Body Press|p2a: Frosmoth
|-damage|p2a: Frosmoth|0 fnt
|faint|p2a: Frosmoth
|
|win|inder-house
|raw|inder-house's rating: 1502 &rarr; <strong>1520</strong><br />(+18 for winning)
|raw|Derevien's rating: 1468 &rarr; <strong>1450</strong><br />(-18 for losing)
|c|☆inder-house|gg wp haha
|c|☆Derevien|xD
|l|☆Derevien
|player|p2|
|l|☆inder-house
|player|p1|
