|j|☆adrienstrate
|j|☆mj9964
|t:|1760337166
|gametype|singles
|player|p1|adrienstrate|2|1299
|player|p2|mj9964|102|1357
|gen|9
|tier|[Gen 9] OU
|rated|
|rule|HP Percentage Mod: HP is shown in percentages
|rule|Endless Battle Clause: Forcing endless battles is banned
|rule|Species Clause: Limit one of each Pokémon
|rule|OHKO Clause: OHKO moves are banned
|rule|Evasion Items Clause: Evasion items are banned
|rule|Evasion Moves Clause: Evasion moves are banned
|rule|Evasion Abilities Clause: Evasion abilities are banned
|rule|Sleep Moves Clause: Sleep-inducing moves are banned
|clearpoke
|poke|p1|Talonflame, M|
|poke|p1|Cetitan, M|
|poke|p1|Abomasnow, M|
|poke|p1|Rhyperior, F|
|poke|p1|Skeledirge, F|
|poke|p1|Torterra, M|
|poke|p2|Ursaluna, F|
|poke|p2|Corviknight, F|
|poke|p2|Ting-Lu|
|poke|p2|Iron Moth|
|poke|p2|Ogerpon-Wellspring, F|
|poke|p2|Deoxys-Speed|
|teampreview
|inactive|Battle timer is ON: inactive players will automatically lose when time's up. (requested by adrienstrate)
|inactive|adrienstrate has 120 seconds left.
|
|t:|1760337202
|teamsize|p1|6
|teamsize|p2|6
|start
|switch|p1a: Abomasnow|Abomasnow, M|100/100
|switch|p2a: Deoxys|Deoxys-Speed|100/100
|-ability|p2a: Deoxys|Pressure
|-weather|Snowscape|[from] ability: Snow Warning|[of] p1a: Abomasnow
|turn|1
|
|t:|1760337226
|move|p2a: Deoxys|Taunt|p1a: Abomasnow
|-start|p1a: Abomasnow|move: Taunt
|cant|p1a: Abomasnow|move: Taunt|Aurora Veil
|
|-weather|Snowscape|[upkeep]
|upkeep
|turn|2
|
|t:|1760337234
|switch|p1a: Cetitan|Cetitan, M|100/100
|move|p2a: Deoxys|Stealth Rock|p1a: Cetitan
|-sidestart|p1: adrienstrate|move: Stealth Rock
|
|-weather|Snowscape|[upkeep]
|upkeep
|turn|3
|inactive|mj9964 has 120 seconds left.
|
|t:|1760337267
|move|p1a: Cetitan|Belly Drum|p1a: Cetitan
|-damage|p1a: Cetitan|50/100
|-setboost|p1a: Cetitan|atk|6|[from] move: Belly Drum
|-enditem|p1a: Cetitan|Sitrus Berry|[eat]
|-heal|p1a: Cetitan|75/100|[from] item: Sitrus Berry
|move|p2a: Deoxys|Taunt|p1a: Cetitan
|-start|p1a: Cetitan|move: Taunt
|
|-weather|Snowscape|[upkeep]
|upkeep
|turn|4
|inactive|mj9964 has 120 seconds left.
|
|t:|1760337277
|move|p1a: Cetitan|Ice Spinner|p2a: Deoxys
|-enditem|p2a: Deoxys|Focus Sash
|-damage|p2a: Deoxys|1/100
|move|p2a: Deoxys|Thunder Wave|p1a: Cetitan
|-status|p1a: Cetitan|par
|
|-weather|Snowscape|[upkeep]
|upkeep
|turn|5
|inactive|mj9964 has 120 seconds left.
|
|t:|1760337293
|move|p2a: Deoxys|Knock Off|p1a: Cetitan
|-damage|p1a: Cetitan|62/100 par
|move|p1a: Cetitan|Ice Spinner|p2a: Deoxys
|-damage|p2a: Deoxys|0 fnt
|faint|p2a: Deoxys
|
|-weather|none
|upkeep
|
|t:|1760337310
|switch|p2a: Corviknight|Corviknight, F|100/100
|-ability|p2a: Corviknight|Pressure
|turn|6
|
|t:|1760337313
|move|p2a: Corviknight|Body Press|p1a: Cetitan
|-supereffective|p1a: Cetitan
|-damage|p1a: Cetitan|13/100 par
|move|p1a: Cetitan|Ice Spinner|p2a: Corviknight
|-damage|p2a: Corviknight|18/100
|-damage|p1a: Cetitan|0 fnt|[from] item: Rocky Helmet|[of] p2a: Corviknight
|faint|p1a: Cetitan
|
|upkeep
|inactive|adrienstrate has 120 seconds left.
|
|t:|1760337343
|switch|p1a: Skeledirge|Skeledirge, F|100/100
|-damage|p1a: Skeledirge|76/100|[from] Stealth Rock
|turn|7
|inactive|mj9964 has 120 seconds left.
|
|t:|1760337355
|switch|p2a: Ting-Lu|Ting-Lu|100/100
|-ability|p2a: Ting-Lu|Vessel of Ruin
|move|p1a: Skeledirge|Torch Song|p2a: Ting-Lu
|-damage|p2a: Ting-Lu|83/100
|-boost|p1a: Skeledirge|spa|1
|
|upkeep
|turn|8
|
|t:|1760337367
|switch|p1a: Abomasnow|Abomasnow, M|100/100
|-damage|p1a: Abomasnow|75/100|[from] Stealth Rock
|-weather|Snowscape|[from] ability: Snow Warning|[of] p1a: Abomasnow
|move|p2a: Ting-Lu|Earthquake|p1a: Abomasnow
|-resisted|p1a: Abomasnow
|-damage|p1a: Abomasnow|61/100
|
|-weather|Snowscape|[upkeep]
|upkeep
|turn|9
|
|t:|1760337377
|switch|p2a: Corviknight|Corviknight, F|18/100
|-ability|p2a: Corviknight|Pressure
|move|p1a: Abomasnow|Aurora Veil|p1a: Abomasnow
|-sidestart|p1: adrienstrate|move: Aurora Veil
|
|-weather|Snowscape|[upkeep]
|upkeep
|turn|10
|
|t:|1760337384
|switch|p1a: Torterra|Torterra, M, shiny|100/100
|-damage|p1a: Torterra|94/100|[from] Stealth Rock
|move|p2a: Corviknight|Roost|p2a: Corviknight
|-heal|p2a: Corviknight|68/100
|-singleturn|p2a: Corviknight|move: Roost
|
|-weather|Snowscape|[upkeep]
|upkeep
|turn|11
|inactive|mj9964 has 120 seconds left.
|
|t:|1760337414
|move|p1a: Torterra|Shell Smash|p1a: Torterra
|-unboost|p1a: Torterra|def|1
|-unboost|p1a: Torterra|spd|1
|-boost|p1a: Torterra|atk|2
|-boost|p1a: Torterra|spa|2
|-boost|p1a: Torterra|spe|2
|move|p2a: Corviknight|Iron Defense|p2a: Corviknight
|-boost|p2a: Corviknight|def|2
|
|-weather|Snowscape|[upkeep]
|upkeep
|turn|12
|
|t:|1760337425
|move|p1a: Torterra|Rock Blast|p2a: Corviknight
|-damage|p2a: Corviknight|63/100
|-damage|p2a: Corviknight|59/100
|-damage|p2a: Corviknight|54/100
|-damage|p2a: Corviknight|49/100
|-damage|p2a: Corviknight|45/100
|-hitcount|p2a: Corviknight|5
|move|p2a: Corviknight|Iron Defense|p2a: Corviknight
|-boost|p2a: Corviknight|def|2
|
|-weather|none
|upkeep
|turn|13
|
|t:|1760337430
|move|p1a: Torterra|Shell Smash|p1a: Torterra
|-unboost|p1a: Torterra|def|1
|-unboost|p1a: Torterra|spd|1
|-boost|p1a: Torterra|atk|2
|-boost|p1a: Torterra|spa|2
|-boost|p1a: Torterra|spe|2
|move|p2a: Corviknight|Roost|p2a: Corviknight
|-heal|p2a: Corviknight|95/100
|-singleturn|p2a: Corviknight|move: Roost
|
|-sideend|p1: adrienstrate|move: Aurora Veil
|upkeep
|turn|14
|
|t:|1760337432
|move|p1a: Torterra|Rock Blast|p2a: Corviknight
|-damage|p2a: Corviknight|90/100
|-damage|p2a: Corviknight|85/100
|-crit|p2a: Corviknight
|-damage|p2a: Corviknight|65/100
|-damage|p2a: Corviknight|60/100
|-damage|p2a: Corviknight|55/100
|-hitcount|p2a: Corviknight|5
|move|p2a: Corviknight|Iron Defense|p2a: Corviknight
|-boost|p2a: Corviknight|def|2
|
|upkeep
|turn|15
|
|t:|1760337436
|move|p1a: Torterra|Rock Blast|p2a: Corviknight|[miss]
|-miss|p1a: Torterra|p2a: Corviknight
|move|p2a: Corviknight|Roost|p2a: Corviknight
|-heal|p2a: Corviknight|100/100
|-singleturn|p2a: Corviknight|move: Roost
|
|upkeep
|turn|16
|
|t:|1760337440
|switch|p1a: Skeledirge|Skeledirge, F|76/100
|-damage|p1a: Skeledirge|51/100|[from] Stealth Rock
|move|p2a: Corviknight|Body Press|p1a: Skeledirge
|-immune|p1a: Skeledirge
|
|upkeep
|turn|17
|
|t:|1760337448
|switch|p2a: Ting-Lu|Ting-Lu|83/100
|-ability|p2a: Ting-Lu|Vessel of Ruin
|move|p1a: Skeledirge|Alluring Voice|p2a: Ting-Lu
|-supereffective|p2a: Ting-Lu
|-damage|p2a: Ting-Lu|60/100
|
|upkeep
|turn|18
|
|t:|1760337466
|switch|p1a: Talonflame|Talonflame, M|100/100
|-damage|p1a: Talonflame|51/100|[from] Stealth Rock
|move|p2a: Ting-Lu|Stone Edge|p1a: Talonflame|[miss]
|-miss|p2a: Ting-Lu|p1a: Talonflame
|
|upkeep
|turn|19
|
|t:|1760337481
|move|p1a: Talonflame|Defog|p2a: Ting-Lu
|-unboost|p2a: Ting-Lu|evasion|1
|-sideend|p1: adrienstrate|Stealth Rock|[from] move: Defog|[of] p1a: Talonflame
|move|p2a: Ting-Lu|Payback|p1a: Talonflame
|-damage|p1a: Talonflame|0 fnt
|faint|p1a: Talonflame
|
|upkeep
|
|t:|1760337487
|switch|p1a: Abomasnow|Abomasnow, M|61/100
|-weather|Snowscape|[from] ability: Snow Warning|[of] p1a: Abomasnow
|turn|20
|
|t:|1760337493
|switch|p2a: Corviknight|Corviknight, F|100/100
|-ability|p2a: Corviknight|Pressure
|move|p1a: Abomasnow|Aurora Veil|p1a: Abomasnow
|-sidestart|p1: adrienstrate|move: Aurora Veil
|
|-weather|Snowscape|[upkeep]
|upkeep
|turn|21
|
|t:|1760337510
|switch|p1a: Skeledirge|Skeledirge, F|51/100
|move|p2a: Corviknight|U-turn|p1a: Skeledirge
|-resisted|p1a: Skeledirge
|-damage|p1a: Skeledirge|50/100
|
|t:|1760337512
|switch|p2a: Ting-Lu|Ting-Lu|60/100|[from] U-turn
|-ability|p2a: Ting-Lu|Vessel of Ruin
|
|-weather|Snowscape|[upkeep]
|upkeep
|turn|22
|
|t:|1760337529
|switch|p2a: Ogerpon|Ogerpon-Wellspring, F|100/100
|move|p1a: Skeledirge|Alluring Voice|p2a: Ogerpon
|-damage|p2a: Ogerpon|53/100
|
|-weather|Snowscape|[upkeep]
|upkeep
|turn|23
|
|t:|1760337537
|move|p2a: Ogerpon|Ivy Cudgel|p1a: Skeledirge|[anim] Ivy Cudgel Water
|-supereffective|p1a: Skeledirge
|-damage|p1a: Skeledirge|6/100
|move|p1a: Skeledirge|Alluring Voice|p2a: Ogerpon
|-damage|p2a: Ogerpon|8/100
|
|-weather|Snowscape|[upkeep]
|upkeep
|turn|24
|
|t:|1760337544
|move|p2a: Ogerpon|Ivy Cudgel|p1a: Skeledirge|[anim] Ivy Cudgel Water
|-supereffective|p1a: Skeledirge
|-damage|p1a: Skeledirge|0 fnt
|faint|p1a: Skeledirge
|
|-weather|none
|-sideend|p1: adrienstrate|move: Aurora Veil
|upkeep
|
|t:|1760337547
|switch|p1a: Abomasnow|Abomasnow, M|61/100
|-weather|Snowscape|[from] ability: Snow Warning|[of] p1a: Abomasnow
|turn|25
|
|t:|1760337555
|move|p2a: Ogerpon|Low Kick|p1a: Abomasnow
|-supereffective|p1a: Abomasnow
|-crit|p1a: Abomasnow
|-damage|p1a: Abomasnow|0 fnt
|faint|p1a: Abomasnow
|
|-weather|Snowscape|[upkeep]
|upkeep
|
|t:|1760337561
|switch|p1a: Torterra|Torterra, M, shiny|94/100
|turn|26
|
|t:|1760337568
|move|p2a: Ogerpon|Ivy Cudgel|p1a: Torterra|[anim] Ivy Cudgel Water
|-damage|p1a: Torterra|36/100
|move|p1a: Torterra|Shell Smash|p1a: Torterra
|-unboost|p1a: Torterra|def|1
|-unboost|p1a: Torterra|spd|1
|-boost|p1a: Torterra|atk|2
|-boost|p1a: Torterra|spa|2
|-boost|p1a: Torterra|spe|2
|
|-weather|Snowscape|[upkeep]
|upkeep
|turn|27
|
|t:|1760337579
|move|p1a: Torterra|Rock Blast|p2a: Ogerpon
|-damage|p2a: Ogerpon|0 fnt
|faint|p2a: Ogerpon
|-hitcount|p2: Ogerpon|1
|
|-weather|Snowscape|[upkeep]
|upkeep
|
|t:|1760337582
|switch|p2a: Corviknight|Corviknight, F|100/100
|-ability|p2a: Corviknight|Pressure
|turn|28
|
|t:|1760337584
|move|p1a: Torterra|Rock Blast|p2a: Corviknight
|-damage|p2a: Corviknight|91/100
|-damage|p2a: Corviknight|82/100
|-damage|p2a: Corviknight|73/100
|-damage|p2a: Corviknight|64/100
|-damage|p2a: Corviknight|55/100
|-hitcount|p2a: Corviknight|5
|move|p2a: Corviknight|Iron Defense|p2a: Corviknight
|-boost|p2a: Corviknight|def|2
|
|-weather|Snowscape|[upkeep]
|upkeep
|turn|29
|-message|adrienstrate forfeited.
|
|win|mj9964
|raw|adrienstrate's rating: 1299 &rarr; <strong>1278</strong><br />(-21 for losing)
|raw|mj9964's rating: 1357 &rarr; <strong>1374</strong><br />(+17 for winning)
|l|☆adrienstrate
|player|p1|
|l|☆mj9964
|player|p2|
