|j|☆danelectro
|j|☆EriCadalzo
|t:|1760327699
|gametype|singles
|player|p1|danelectro|170|1509
|player|p2|EriCadalzo|cynthia-gen7|1458
|gen|9
|tier|[Gen 9] OU
|rated|
|rule|HP Percentage Mod: HP is shown in percentages
|rule|Endless Battle Clause: Forcing endless battles is banned
|rule|Species Clause: Limit one of each Pokémon
|rule|OHKO Clause: OHKO moves are banned
|rule|Evasion Items Clause: Evasion items are banned
|rule|Evasion Moves Clause: Evasion moves are banned
|rule|Evasion Abilities Clause: Evasion abilities are banned
|rule|Sleep Moves Clause: Sleep-inducing moves are banned
|clearpoke
|poke|p1|Serperior, M|
|poke|p1|Samurott-Hisui, F|
|poke|p1|Moltres|
|poke|p1|Great Tusk|
|poke|p1|Primarina, F|
|poke|p1|Goodra-Hisui, M|
|poke|p2|Gholdengo|
|poke|p2|Darkrai|
|poke|p2|Ting-Lu|
|poke|p2|Zapdos|
|poke|p2|Primarina, F|
|poke|p2|Gliscor, M|
|teampreview
|inactive|Battle timer is ON: inactive players will automatically lose when time's up. (requested by EriCadalzo)
|
|t:|1760327722
|teamsize|p1|6
|teamsize|p2|6
|start
|switch|p1a: Serperior|Serperior, M|100/100
|switch|p2a: Zapdos|Zapdos|100/100
|turn|1
|
|t:|1760327727
|move|p1a: Serperior|Substitute|p1a: Serperior
|-start|p1a: Serperior|Substitute
|-damage|p1a: Serperior|75/100
|move|p2a: Zapdos|Thunder Wave||[still]
|-fail|p2a: Zapdos
|
|-heal|p1a: Serperior|82/100|[from] item: Leftovers
|upkeep
|turn|2
|
|t:|1760327732
|move|p1a: Serperior|Leaf Storm|p2a: Zapdos
|-resisted|p2a: Zapdos
|-damage|p2a: Zapdos|80/100
|-boost|p1a: Serperior|spa|2
|move|p2a: Zapdos|Hurricane|p1a: Serperior|[miss]
|-miss|p2a: Zapdos|p1a: Serperior
|
|-heal|p1a: Serperior|88/100|[from] item: Leftovers
|upkeep
|turn|3
|
|t:|1760327738
|move|p1a: Serperior|Leaf Storm|p2a: Zapdos
|-resisted|p2a: Zapdos
|-damage|p2a: Zapdos|44/100
|-boost|p1a: Serperior|spa|2
|move|p2a: Zapdos|Hurricane|p1a: Serperior|[miss]
|-miss|p2a: Zapdos|p1a: Serperior
|
|-heal|p1a: Serperior|94/100|[from] item: Leftovers
|upkeep
|turn|4
|
|t:|1760327747
|move|p1a: Serperior|Leaf Storm|p2a: Zapdos
|-resisted|p2a: Zapdos
|-damage|p2a: Zapdos|0 fnt
|-boost|p1a: Serperior|spa|2
|faint|p2a: Zapdos
|
|-heal|p1a: Serperior|100/100|[from] item: Leftovers
|upkeep
|
|t:|1760327756
|switch|p2a: Gholdengo|Gholdengo|100/100
|turn|5
|
|t:|1760327760
|-terastallize|p1a: Serperior|Fire
|move|p1a: Serperior|Tera Blast|p2a: Gholdengo|[anim] Tera Blast Fire
|-supereffective|p2a: Gholdengo
|-damage|p2a: Gholdengo|0 fnt
|faint|p2a: Gholdengo
|
|upkeep
|
|t:|1760327764
|switch|p2a: Darkrai|Darkrai|100/100
|turn|6
|
|t:|1760327770
|move|p2a: Darkrai|Dark Pulse|p1a: Serperior
|-end|p1a: Serperior|Substitute
|move|p1a: Serperior|Glare|p2a: Darkrai
|-status|p2a: Darkrai|par
|
|upkeep
|turn|7
|
|t:|1760327773
|move|p1a: Serperior|Tera Blast|p2a: Darkrai|[anim] Tera Blast Fire
|-damage|p2a: Darkrai|0 fnt
|faint|p2a: Darkrai
|
|upkeep
|
|t:|1760327779
|switch|p2a: Ting-Lu|Ting-Lu|100/100
|-ability|p2a: Ting-Lu|Vessel of Ruin
|turn|8
|
|t:|1760327783
|move|p1a: Serperior|Leaf Storm|p2a: Ting-Lu
|-supereffective|p2a: Ting-Lu
|-damage|p2a: Ting-Lu|0 fnt
|faint|p2a: Ting-Lu
|
|upkeep
|
|t:|1760327787
|switch|p2a: Primarina|Primarina, F|100/100
|turn|9
|
|t:|1760327789
|-terastallize|p2a: Primarina|Steel
|move|p1a: Serperior|Leaf Storm|p2a: Primarina
|-resisted|p2a: Primarina
|-damage|p2a: Primarina|29/100
|move|p2a: Primarina|Surf|p1a: Serperior
|-supereffective|p1a: Serperior
|-damage|p1a: Serperior|0 fnt
|faint|p1a: Serperior
|
|upkeep
|
|t:|1760327793
|switch|p1a: Samurott|Samurott-Hisui, F|100/100
|turn|10
|c|☆EriCadalzo|huge
|
|t:|1760327797
|move|p1a: Samurott|Knock Off|p2a: Primarina
|-damage|p2a: Primarina|0 fnt
|-enditem|p2a: Primarina|Heavy-Duty Boots|[from] move: Knock Off|[of] p1a: Samurott
|faint|p2a: Primarina
|
|upkeep
|
|t:|1760327798
|switch|p2a: Gliscor|Gliscor, M|100/100
|turn|11
|
|t:|1760327804
|move|p2a: Gliscor|Protect|p2a: Gliscor
|-singleturn|p2a: Gliscor|Protect
|move|p1a: Samurott|Knock Off|p2a: Gliscor
|-activate|p2a: Gliscor|move: Protect
|
|-status|p2a: Gliscor|tox|[from] item: Toxic Orb
|upkeep
|turn|12
|
|t:|1760327818
|move|p2a: Gliscor|Swords Dance|p2a: Gliscor
|-boost|p2a: Gliscor|atk|2
|move|p1a: Samurott|Ceaseless Edge|p2a: Gliscor
|-damage|p2a: Gliscor|68/100 tox
|-sidestart|p2: EriCadalzo|Spikes
|
|-heal|p2a: Gliscor|81/100 tox|[from] ability: Poison Heal
|upkeep
|turn|13
|
|t:|1760327821
|move|p2a: Gliscor|Swords Dance|p2a: Gliscor
|-boost|p2a: Gliscor|atk|2
|move|p1a: Samurott|Ceaseless Edge|p2a: Gliscor|[miss]
|-miss|p1a: Samurott|p2a: Gliscor
|
|-heal|p2a: Gliscor|93/100 tox|[from] ability: Poison Heal
|upkeep
|turn|14
|
|t:|1760327825
|move|p2a: Gliscor|Swords Dance|p2a: Gliscor
|-boost|p2a: Gliscor|atk|2
|move|p1a: Samurott|Knock Off|p2a: Gliscor
|-damage|p2a: Gliscor|56/100 tox
|-enditem|p2a: Gliscor|Toxic Orb|[from] move: Knock Off|[of] p1a: Samurott
|
|-heal|p2a: Gliscor|69/100 tox|[from] ability: Poison Heal
|upkeep
|turn|15
|
|t:|1760327828
|move|p2a: Gliscor|Facade|p1a: Samurott
|-damage|p1a: Samurott|0 fnt
|faint|p1a: Samurott
|
|-heal|p2a: Gliscor|81/100 tox|[from] ability: Poison Heal
|upkeep
|
|t:|1760327838
|switch|p1a: Great Tusk|Great Tusk|100/100
|turn|16
|
|t:|1760327845
|move|p2a: Gliscor|Protect|p2a: Gliscor
|-singleturn|p2a: Gliscor|Protect
|move|p1a: Great Tusk|Knock Off|p2a: Gliscor
|-activate|p2a: Gliscor|move: Protect
|
|-heal|p2a: Gliscor|94/100 tox|[from] ability: Poison Heal
|upkeep
|turn|17
|
|t:|1760327849
|move|p2a: Gliscor|Facade|p1a: Great Tusk
|-damage|p1a: Great Tusk|22/100
|move|p1a: Great Tusk|Knock Off|p2a: Gliscor
|-damage|p2a: Gliscor|77/100 tox
|
|-heal|p2a: Gliscor|90/100 tox|[from] ability: Poison Heal
|upkeep
|turn|18
|
|t:|1760327852
|move|p2a: Gliscor|Facade|p1a: Great Tusk
|-damage|p1a: Great Tusk|0 fnt
|faint|p1a: Great Tusk
|-end|p1a: Great Tusk|Protosynthesis|[silent]
|
|-heal|p2a: Gliscor|100/100 tox|[from] ability: Poison Heal
|upkeep
|
|t:|1760327854
|switch|p1a: Primarina|Primarina, F|100/100
|turn|19
|
|t:|1760327857
|move|p2a: Gliscor|Facade|p1a: Primarina
|-damage|p1a: Primarina|0 fnt
|faint|p1a: Primarina
|
|upkeep
|
|t:|1760327860
|switch|p1a: Goodra|Goodra-Hisui, M|100/100
|turn|20
|
|t:|1760327863
|move|p2a: Gliscor|Knock Off|p1a: Goodra
|-damage|p1a: Goodra|19/100
|-enditem|p1a: Goodra|Assault Vest|[from] move: Knock Off|[of] p2a: Gliscor
|move|p1a: Goodra|Flash Cannon|p2a: Gliscor
|-damage|p2a: Gliscor|75/100 tox
|
|-heal|p2a: Gliscor|87/100 tox|[from] ability: Poison Heal
|upkeep
|turn|21
|
|t:|1760327866
|move|p2a: Gliscor|Knock Off|p1a: Goodra
|-damage|p1a: Goodra|0 fnt
|faint|p1a: Goodra
|
|-heal|p2a: Gliscor|99/100 tox|[from] ability: Poison Heal
|upkeep
|c|☆EriCadalzo|how
|
|t:|1760327868
|switch|p1a: Moltres|Moltres|100/100
|turn|22
|
|t:|1760327871
|move|p2a: Gliscor|Facade|p1a: Moltres
|-damage|p1a: Moltres|19/100
|move|p1a: Moltres|Roar||[still]
|-fail|p1a: Moltres
|
|-heal|p2a: Gliscor|100/100 tox|[from] ability: Poison Heal
|upkeep
|turn|23
|
|t:|1760327874
|move|p2a: Gliscor|Facade|p1a: Moltres
|-damage|p1a: Moltres|0 fnt
|faint|p1a: Moltres
|
|win|EriCadalzo
|raw|danelectro's rating: 1509 &rarr; <strong>1486</strong><br />(-23 for losing)
|raw|EriCadalzo's rating: 1458 &rarr; <strong>1481</strong><br />(+23 for winning)
|l|☆danelectro
|player|p1|
