|j|☆DIGIWAYNE123
|j|☆miguelon18
|t:|1760365769
|gametype|singles
|player|p1|DIGIWAYNE123|swimmerf-gen4|1548
|player|p2|miguelon18|1|1513
|gen|9
|tier|[Gen 9] OU
|rated|
|rule|HP Percentage Mod: HP is shown in percentages
|rule|Endless Battle Clause: Forcing endless battles is banned
|rule|Species Clause: Limit one of each Pokémon
|rule|OHKO Clause: OHKO moves are banned
|rule|Evasion Items Clause: Evasion items are banned
|rule|Evasion Moves Clause: Evasion moves are banned
|rule|Evasion Abilities Clause: Evasion abilities are banned
|rule|Sleep Moves Clause: Sleep-inducing moves are banned
|clearpoke
|poke|p1|Armarouge, M|
|poke|p1|Indeedee, M|
|poke|p1|Great Tusk|
|poke|p1|Hoopa-Unbound|
|poke|p1|Scream Tail|
|poke|p1|Drednaw, F|
|poke|p2|Ogerpon-Wellspring, F|
|poke|p2|Landorus-Therian, M|
|poke|p2|Iron Valiant|
|poke|p2|Corviknight, F|
|poke|p2|Zamazenta-*|
|poke|p2|Slowking-Galar, M|
|teampreview
|
|t:|1760365776
|teamsize|p1|6
|teamsize|p2|6
|start
|switch|p1a: Scream Tail|Scream Tail|100/100
|switch|p2a: Landorus|Landorus-Therian, M|100/100
|-ability|p2a: Landorus|Intimidate|boost
|-unboost|p1a: Scream Tail|atk|1
|-enditem|p1a: Scream Tail|Booster Energy
|-activate|p1a: Scream Tail|ability: Protosynthesis|[fromitem]
|-start|p1a: Scream Tail|protosynthesisspe
|turn|1
|inactive|Battle timer is ON: inactive players will automatically lose when time's up. (requested by DIGIWAYNE123)
|
|t:|1760365787
|move|p2a: Landorus|Stealth Rock|p1a: Scream Tail
|-sidestart|p1: DIGIWAYNE123|move: Stealth Rock
|move|p1a: Scream Tail|Stealth Rock|p2a: Landorus
|-sidestart|p2: miguelon18|move: Stealth Rock
|
|upkeep
|turn|2
|
|t:|1760365794
|switch|p2a: Corviknight|Corviknight, F|100/100
|move|p1a: Scream Tail|Wish|p1a: Scream Tail
|
|upkeep
|turn|3
|
|t:|1760365799
|move|p1a: Scream Tail|Thunder Wave|p2a: Corviknight|[miss]
|-miss|p1a: Scream Tail|p2a: Corviknight
|move|p2a: Corviknight|Defog|p1a: Scream Tail
|-unboost|p1a: Scream Tail|evasion|1
|-sideend|p1: DIGIWAYNE123|Stealth Rock|[from] move: Defog|[of] p2a: Corviknight
|-sideend|p2: miguelon18|Stealth Rock|[from] move: Defog|[of] p2a: Corviknight
|
|upkeep
|turn|4
|
|t:|1760365806
|switch|p2a: Landorus|Landorus-Therian, M|100/100
|-ability|p2a: Landorus|Intimidate|boost
|-unboost|p1a: Scream Tail|atk|1
|move|p1a: Scream Tail|Stealth Rock|p2a: Landorus
|-sidestart|p2: miguelon18|move: Stealth Rock
|
|upkeep
|turn|5
|
|t:|1760365814
|move|p2a: Landorus|Earthquake|p1a: Scream Tail
|-damage|p1a: Scream Tail|60/100
|move|p1a: Scream Tail|Wish|p1a: Scream Tail
|
|upkeep
|turn|6
|
|t:|1760365818
|-end|p1a: Scream Tail|Protosynthesis|[silent]
|switch|p1a: Great Tusk|Great Tusk|100/100
|-enditem|p1a: Great Tusk|Booster Energy
|-activate|p1a: Great Tusk|ability: Protosynthesis|[fromitem]
|-start|p1a: Great Tusk|protosynthesisspe
|move|p2a: Landorus|Earthquake|p1a: Great Tusk
|-damage|p1a: Great Tusk|62/100
|
|-heal|p1a: Great Tusk|100/100|[from] move: Wish|[wisher] Scream Tail
|upkeep
|turn|7
|
|t:|1760365829
|switch|p2a: Corviknight|Corviknight, F|100/100
|move|p1a: Great Tusk|Knock Off|p2a: Corviknight
|-damage|p2a: Corviknight|84/100
|-enditem|p2a: Corviknight|Heavy-Duty Boots|[from] move: Knock Off|[of] p1a: Great Tusk
|
|upkeep
|turn|8
|
|t:|1760365835
|-end|p1a: Great Tusk|Protosynthesis|[silent]
|switch|p1a: Armarouge|Armarouge, M|100/100
|move|p2a: Corviknight|Defog|p1a: Armarouge
|-unboost|p1a: Armarouge|evasion|1
|-sideend|p2: miguelon18|Stealth Rock|[from] move: Defog|[of] p2a: Corviknight
|
|upkeep
|turn|9
|
|t:|1760365844
|switch|p2a: Slowking|Slowking-Galar, M|100/100
|move|p1a: Armarouge|Armor Cannon|p2a: Slowking
|-damage|p2a: Slowking|65/100
|-unboost|p1a: Armarouge|def|1
|-unboost|p1a: Armarouge|spd|1
|
|-heal|p2a: Slowking|71/100|[from] item: Leftovers
|upkeep
|turn|10
|
|t:|1760365854
|switch|p1a: Scream Tail|Scream Tail|60/100
|move|p2a: Slowking|Toxic|p1a: Scream Tail
|-status|p1a: Scream Tail|tox
|
|-heal|p2a: Slowking|77/100|[from] item: Leftovers
|-damage|p1a: Scream Tail|54/100 tox|[from] psn
|upkeep
|turn|11
|
|t:|1760365862
|move|p1a: Scream Tail|Stealth Rock|p2a: Slowking
|-sidestart|p2: miguelon18|move: Stealth Rock
|move|p2a: Slowking|Future Sight|p1a: Scream Tail
|-start|p2a: Slowking|move: Future Sight
|
|-heal|p2a: Slowking|83/100|[from] item: Leftovers
|-damage|p1a: Scream Tail|42/100 tox|[from] psn
|upkeep
|turn|12
|
|t:|1760365869
|move|p1a: Scream Tail|Wish|p1a: Scream Tail
|move|p2a: Slowking|Ice Beam|p1a: Scream Tail
|-damage|p1a: Scream Tail|26/100 tox
|
|-heal|p2a: Slowking|89/100|[from] item: Leftovers
|-damage|p1a: Scream Tail|8/100 tox|[from] psn
|upkeep
|turn|13
|
|t:|1760365877
|move|p1a: Scream Tail|Thunder Wave|p2a: Slowking
|-status|p2a: Slowking|par
|cant|p2a: Slowking|par
|
|-end|p1a: Scream Tail|move: Future Sight
|-resisted|p1a: Scream Tail
|-damage|p1a: Scream Tail|0 fnt
|faint|p1a: Scream Tail
|-end|p1a: Scream Tail|Protosynthesis|[silent]
|-heal|p2a: Slowking|95/100 par|[from] item: Leftovers
|upkeep
|
|t:|1760365884
|switch|p1a: Hoopa|Hoopa-Unbound|100/100
|turn|14
|
|t:|1760365891
|-terastallize|p2a: Slowking|Fairy
|move|p1a: Hoopa|Dark Pulse|p2a: Slowking
|-resisted|p2a: Slowking
|-damage|p2a: Slowking|78/100 par
|cant|p2a: Slowking|par
|
|-heal|p2a: Slowking|85/100 par|[from] item: Leftovers
|upkeep
|turn|15
|
|t:|1760365905
|switch|p1a: Great Tusk|Great Tusk|100/100
|cant|p2a: Slowking|par
|
|-heal|p2a: Slowking|91/100 par|[from] item: Leftovers
|upkeep
|turn|16
|c|☆miguelon18|3 in a row
|
|t:|1760365916
|move|p1a: Great Tusk|Knock Off|p2a: Slowking
|-resisted|p2a: Slowking
|-damage|p2a: Slowking|76/100 par
|-enditem|p2a: Slowking|Leftovers|[from] move: Knock Off|[of] p1a: Great Tusk
|move|p2a: Slowking|Toxic|p1a: Great Tusk
|-status|p1a: Great Tusk|tox
|
|-damage|p1a: Great Tusk|94/100 tox|[from] psn
|upkeep
|turn|17
|
|t:|1760365924
|move|p1a: Great Tusk|Headlong Rush|p2a: Slowking
|-damage|p2a: Slowking|21/100 par
|-unboost|p1a: Great Tusk|def|1
|-unboost|p1a: Great Tusk|spd|1
|-prepare|p2a: Slowking|Chilly Reception|[premajor]
|move|p2a: Slowking|Chilly Reception|p2a: Slowking
|-weather|Snowscape
|
|t:|1760365933
|switch|p2a: Ogerpon|Ogerpon-Wellspring, F|100/100|[from] Chilly Reception
|-damage|p2a: Ogerpon|88/100|[from] Stealth Rock
|
|-weather|Snowscape|[upkeep]
|-damage|p1a: Great Tusk|82/100 tox|[from] psn
|upkeep
|turn|18
|
|t:|1760365941
|move|p2a: Ogerpon|Swords Dance|p2a: Ogerpon
|-boost|p2a: Ogerpon|atk|2
|move|p1a: Great Tusk|Knock Off|p2a: Ogerpon
|-damage|p2a: Ogerpon|64/100
|
|-weather|Snowscape|[upkeep]
|-damage|p1a: Great Tusk|63/100 tox|[from] psn
|upkeep
|turn|19
|
|t:|1760365948
|-end|p1a: Great Tusk|Protosynthesis|[silent]
|switch|p1a: Indeedee|Indeedee, M|100/100
|-fieldstart|move: Psychic Terrain|[from] ability: Psychic Surge|[of] p1a: Indeedee
|move|p2a: Ogerpon|Trailblaze|p1a: Indeedee
|-damage|p1a: Indeedee|0 fnt
|-boost|p2a: Ogerpon|spe|1
|faint|p1a: Indeedee
|
|-weather|Snowscape|[upkeep]
|upkeep
|
|t:|1760365953
|switch|p1a: Armarouge|Armarouge, M|100/100
|turn|20
|
|t:|1760365959
|move|p2a: Ogerpon|Ivy Cudgel|p1a: Armarouge|[anim] Ivy Cudgel Water
|-supereffective|p1a: Armarouge
|-enditem|p1a: Armarouge|Focus Sash
|-damage|p1a: Armarouge|1/100
|-ability|p1a: Armarouge|Weak Armor|boost
|-unboost|p1a: Armarouge|def|1
|-boost|p1a: Armarouge|spe|2
|move|p1a: Armarouge|Calm Mind|p1a: Armarouge
|-boost|p1a: Armarouge|spa|1
|-boost|p1a: Armarouge|spd|1
|
|-weather|Snowscape|[upkeep]
|upkeep
|turn|21
|
|t:|1760365969
|move|p1a: Armarouge|Endure|p1a: Armarouge
|-singleturn|p1a: Armarouge|move: Endure
|move|p2a: Ogerpon|Trailblaze|p1a: Armarouge
|-resisted|p1a: Armarouge
|-activate|p1a: Armarouge|move: Endure
|-damage|p1a: Armarouge|1/100
|-boost|p2a: Ogerpon|spe|1
|-ability|p1a: Armarouge|Weak Armor|boost
|-unboost|p1a: Armarouge|def|1
|-boost|p1a: Armarouge|spe|2
|
|-weather|none
|upkeep
|turn|22
|
|t:|1760365981
|move|p1a: Armarouge|Expanding Force|p2a: Ogerpon
|-damage|p2a: Ogerpon|0 fnt
|faint|p2a: Ogerpon
|
|upkeep
|
|t:|1760365990
|switch|p2a: Slowking|Slowking-Galar, M, tera:Fairy|54/100 par
|-damage|p2a: Slowking|42/100 par|[from] Stealth Rock
|turn|23
|
|t:|1760365998
|switch|p2a: Corviknight|Corviknight, F|84/100
|-damage|p2a: Corviknight|72/100|[from] Stealth Rock
|move|p1a: Armarouge|Armor Cannon|p2a: Corviknight
|-supereffective|p2a: Corviknight
|-damage|p2a: Corviknight|0 fnt
|-unboost|p1a: Armarouge|def|1
|-unboost|p1a: Armarouge|spd|1
|faint|p2a: Corviknight
|
|upkeep
|
|t:|1760366019
|switch|p2a: Zamazenta|Zamazenta|100/100
|-damage|p2a: Zamazenta|94/100|[from] Stealth Rock
|-ability|p2a: Zamazenta|Dauntless Shield|boost
|-boost|p2a: Zamazenta|def|1
|turn|24
|
|t:|1760366024
|-terastallize|p1a: Armarouge|Psychic
|move|p1a: Armarouge|Expanding Force|p2a: Zamazenta
|-supereffective|p2a: Zamazenta
|-damage|p2a: Zamazenta|0 fnt
|faint|p2a: Zamazenta
|
|upkeep
|
|t:|1760366034
|switch|p2a: Slowking|Slowking-Galar, M, tera:Fairy|75/100 par
|-damage|p2a: Slowking|62/100 par|[from] Stealth Rock
|turn|25
|
|t:|1760366038
|switch|p2a: Iron Valiant|Iron Valiant|100/100
|-damage|p2a: Iron Valiant|94/100|[from] Stealth Rock
|-enditem|p2a: Iron Valiant|Booster Energy
|-activate|p2a: Iron Valiant|ability: Quark Drive|[fromitem]
|-start|p2a: Iron Valiant|quarkdrivespe
|move|p1a: Armarouge|Expanding Force|p2a: Iron Valiant
|-supereffective|p2a: Iron Valiant
|-damage|p2a: Iron Valiant|0 fnt
|faint|p2a: Iron Valiant
|-end|p2a: Iron Valiant|Quark Drive|[silent]
|
|upkeep
|
|t:|1760366048
|switch|p2a: Slowking|Slowking-Galar, M, tera:Fairy|96/100 par
|-damage|p2a: Slowking|83/100 par|[from] Stealth Rock
|turn|26
|
|t:|1760366052
|move|p1a: Armarouge|Expanding Force|p2a: Slowking
|-damage|p2a: Slowking|0 fnt
|faint|p2a: Slowking
|
|-fieldend|move: Psychic Terrain
|upkeep
|-message|miguelon18 forfeited.
|
|win|DIGIWAYNE123
|raw|DIGIWAYNE123's rating: 1548 &rarr; <strong>1566</strong><br />(+18 for winning)
|raw|miguelon18's rating: 1513 &rarr; <strong>1495</strong><br />(-18 for losing)
|l|☆miguelon18
|player|p2|
|c|☆DIGIWAYNE123|gg
