|j|☆gang696969
|j|☆PV_09
|t:|1760415751
|gametype|singles
|player|p1|gang696969|170|1481
|player|p2|PV_09|hexmaniac-gen3jp|1470
|gen|9
|tier|[Gen 9] OU
|rated|
|rule|HP Percentage Mod: HP is shown in percentages
|rule|Endless Battle Clause: Forcing endless battles is banned
|rule|Species Clause: Limit one of each Pokémon
|rule|OHKO Clause: OHKO moves are banned
|rule|Evasion Items Clause: Evasion items are banned
|rule|Evasion Moves Clause: Evasion moves are banned
|rule|Evasion Abilities Clause: Evasion abilities are banned
|rule|Sleep Moves Clause: Sleep-inducing moves are banned
|clearpoke
|poke|p1|Ceruledge, F|
|poke|p1|Walking Wake|
|poke|p1|Dragonite, F|
|poke|p1|Torkoal, F|
|poke|p1|Venusaur, F|
|poke|p1|Kingambit, F|
|poke|p2|Hatterene, F|
|poke|p2|Bronzong|
|poke|p2|Primarina, F|
|poke|p2|Iron Hands|
|poke|p2|Gholdengo|
|poke|p2|Ursaluna, F|
|teampreview
|
|t:|1760415799
|teamsize|p1|6
|teamsize|p2|6
|start
|switch|p1a: Torkoal|Torkoal, F|100/100
|switch|p2a: primadonna|Primarina, F|100/100
|-weather|SunnyDay|[from] ability: Drought|[of] p1a: Torkoal
|turn|1
|
|t:|1760415808
|switch|p1a: Venusaur|Venusaur, F|100/100
|move|p2a: primadonna|Sparkling Aria|p1a: Venusaur
|-resisted|p1a: Venusaur
|-damage|p1a: Venusaur|82/100
|-damage|p2a: primadonna|91/100|[from] item: Life Orb
|
|-weather|SunnyDay|[upkeep]
|upkeep
|turn|2
|
|t:|1760415844
|move|p1a: Venusaur|Growth|p1a: Venusaur
|-boost|p1a: Venusaur|atk|2
|-boost|p1a: Venusaur|spa|2
|move|p2a: primadonna|Moonblast|p1a: Venusaur
|-resisted|p1a: Venusaur
|-damage|p1a: Venusaur|40/100
|-damage|p2a: primadonna|81/100|[from] item: Life Orb
|
|-weather|SunnyDay|[upkeep]
|upkeep
|turn|3
|
|t:|1760415856
|-terastallize|p2a: primadonna|Grass
|move|p1a: Venusaur|Sludge Bomb|p2a: primadonna
|-supereffective|p2a: primadonna
|-damage|p2a: primadonna|0 fnt
|faint|p2a: primadonna
|-damage|p1a: Venusaur|30/100|[from] item: Life Orb
|
|-weather|SunnyDay|[upkeep]
|upkeep
|
|t:|1760415861
|switch|p2a: tesla-gnarly|Iron Hands|100/100
|turn|4
|
|t:|1760415878
|move|p1a: Venusaur|Earth Power|p2a: tesla-gnarly
|-supereffective|p2a: tesla-gnarly
|-damage|p2a: tesla-gnarly|0 fnt
|faint|p2a: tesla-gnarly
|-end|p2a: tesla-gnarly|Quark Drive|[silent]
|-damage|p1a: Venusaur|20/100|[from] item: Life Orb
|
|-weather|SunnyDay|[upkeep]
|upkeep
|
|t:|1760415886
|switch|p2a: *NSYNC|Bronzong|100/100
|turn|5
|
|t:|1760415892
|move|p1a: Venusaur|Earth Power|p2a: *NSYNC
|-immune|p2a: *NSYNC|[from] ability: Levitate
|move|p2a: *NSYNC|Trick Room|p2a: *NSYNC
|-fieldstart|move: Trick Room|[of] p2a: *NSYNC
|
|-weather|SunnyDay|[upkeep]
|upkeep
|turn|6
|
|t:|1760415911
|switch|p1a: Ceruledge|Ceruledge, F|100/100
|move|p2a: *NSYNC|Psychic|p1a: Ceruledge
|-damage|p1a: Ceruledge|70/100
|
|-weather|SunnyDay|[upkeep]
|upkeep
|turn|7
|
|t:|1760415922
|switch|p2a: nice & slow|Ursaluna, F|100/100
|move|p1a: Ceruledge|Bitter Blade|p2a: nice & slow
|-damage|p2a: nice & slow|50/100
|-heal|p1a: Ceruledge|100/100|[from] drain|[of] p2a: nice & slow
|
|-weather|SunnyDay|[upkeep]
|-status|p2a: nice & slow|brn|[from] item: Flame Orb
|upkeep
|turn|8
|
|t:|1760415936
|move|p2a: nice & slow|Earthquake|p1a: Ceruledge
|-supereffective|p1a: Ceruledge
|-enditem|p1a: Ceruledge|Focus Sash
|-damage|p1a: Ceruledge|1/100
|-ability|p1a: Ceruledge|Weak Armor|boost
|-unboost|p1a: Ceruledge|def|1
|-boost|p1a: Ceruledge|spe|2
|move|p1a: Ceruledge|Bitter Blade|p2a: nice & slow
|-damage|p2a: nice & slow|0 fnt
|-heal|p1a: Ceruledge|40/100|[from] drain|[of] p2a: nice & slow
|faint|p2a: nice & slow
|
|-weather|none
|upkeep
|
|t:|1760415943
|switch|p2a: raingurl|Gholdengo|100/100
|turn|9
|
|t:|1760415954
|switch|p1a: Torkoal|Torkoal, F|100/100
|-weather|SunnyDay|[from] ability: Drought|[of] p1a: Torkoal
|move|p2a: raingurl|Shadow Ball|p1a: Torkoal
|-damage|p1a: Torkoal|7/100
|
|-weather|SunnyDay|[upkeep]
|-fieldend|move: Trick Room
|upkeep
|turn|10
|
|t:|1760415964
|move|p2a: raingurl|Shadow Ball|p1a: Torkoal
|-crit|p1a: Torkoal
|-damage|p1a: Torkoal|0 fnt
|faint|p1a: Torkoal
|
|-weather|SunnyDay|[upkeep]
|upkeep
|-message|PV_09 forfeited.
|
|win|gang696969
|raw|gang696969's rating: 1481 &rarr; <strong>1500</strong><br />(+19 for winning)
|raw|PV_09's rating: 1470 &rarr; <strong>1451</strong><br />(-19 for losing)
|l|☆PV_09
|player|p2|
