|j|☆yuan123456
|j|☆humilhador5.0
|t:|1760316426
|gametype|singles
|player|p1|yuan123456|nate|1210
|player|p2|humilhador5.0|1|1189
|gen|9
|tier|[Gen 9] OU
|rated|
|rule|HP Percentage Mod: HP is shown in percentages
|rule|Endless Battle Clause: Forcing endless battles is banned
|rule|Species Clause: Limit one of each Pokémon
|rule|OHKO Clause: OHKO moves are banned
|rule|Evasion Items Clause: Evasion items are banned
|rule|Evasion Moves Clause: Evasion moves are banned
|rule|Evasion Abilities Clause: Evasion abilities are banned
|rule|Sleep Moves Clause: Sleep-inducing moves are banned
|clearpoke
|poke|p1|Tyranitar, M|
|poke|p1|Excadrill, M|
|poke|p1|Keldeo-Resolute|
|poke|p1|Tornadus-Therian, M|
|poke|p1|Heatran, F|
|poke|p1|Hydrapple, M|
|poke|p2|Torkoal, F|
|poke|p2|Hatterene, F|
|poke|p2|Raging Bolt|
|poke|p2|Slither Wing|
|poke|p2|Venusaur, M|
|poke|p2|Walking Wake|
|teampreview
|inactive|Battle timer is ON: inactive players will automatically lose when time's up. (requested by humilhador5.0)
|
|t:|1760316449
|teamsize|p1|6
|teamsize|p2|6
|start
|switch|p1a: Heatran|Heatran, F|100/100
|switch|p2a: Torkoal|Torkoal, F|100/100
|-weather|SunnyDay|[from] ability: Drought|[of] p2a: Torkoal
|turn|1
|
|t:|1760316456
|switch|p2a: Hatterene|Hatterene, F|100/100
|-item|p2a: Hatterene|Air Balloon
|move|p1a: Heatran|Taunt|p2a: Hatterene
|move|p2a: Hatterene|Taunt|p1a: Heatran|[from] ability: Magic Bounce
|-start|p1a: Heatran|move: Taunt
|
|-weather|SunnyDay|[upkeep]
|upkeep
|turn|2
|
|t:|1760316468
|switch|p2a: Walking Wake|Walking Wake|100/100
|-activate|p2a: Walking Wake|ability: Protosynthesis
|-start|p2a: Walking Wake|protosynthesisspe
|move|p1a: Heatran|Magma Storm|p2a: Walking Wake
|-resisted|p2a: Walking Wake
|-damage|p2a: Walking Wake|81/100
|-activate|p2a: Walking Wake|move: Magma Storm|[of] p1a: Heatran
|
|-weather|SunnyDay|[upkeep]
|-damage|p2a: Walking Wake|69/100|[from] move: Magma Storm|[partiallytrapped]
|upkeep
|turn|3
|
|t:|1760316481
|switch|p1a: Tyranitar|Tyranitar, M|100/100
|-weather|Sandstorm|[from] ability: Sand Stream|[of] p1a: Tyranitar
|-end|p2a: Walking Wake|Protosynthesis
|move|p2a: Walking Wake|Hydro Steam|p1a: Tyranitar
|-supereffective|p1a: Tyranitar
|-damage|p1a: Tyranitar|39/100
|
|-weather|Sandstorm|[upkeep]
|-damage|p2a: Walking Wake|62/100|[from] Sandstorm
|-end|p2a: Walking Wake|Magma Storm|[partiallytrapped]|[silent]
|upkeep
|turn|4
|
|t:|1760316498
|switch|p1a: Hydrapple|Hydrapple, M|100/100
|move|p2a: Walking Wake|Flip Turn|p1a: Hydrapple
|-resisted|p1a: Hydrapple
|-damage|p1a: Hydrapple|98/100
|-damage|p2a: Walking Wake|46/100|[from] item: Rocky Helmet|[of] p1a: Hydrapple
|
|t:|1760316511
|-end|p2a: Walking Wake|Protosynthesis|[silent]
|switch|p2a: Torkoal|Torkoal, F|100/100|[from] Flip Turn
|-weather|SunnyDay|[from] ability: Drought|[of] p2a: Torkoal
|
|-weather|SunnyDay|[upkeep]
|upkeep
|turn|5
|
|t:|1760316519
|switch|p1a: Tyranitar|Tyranitar, M|39/100
|-weather|Sandstorm|[from] ability: Sand Stream|[of] p1a: Tyranitar
|move|p2a: Torkoal|Stealth Rock|p1a: Tyranitar
|-sidestart|p1: yuan123456|move: Stealth Rock
|
|-weather|Sandstorm|[upkeep]
|-damage|p2a: Torkoal|94/100|[from] Sandstorm
|upkeep
|turn|6
|
|t:|1760316533
|switch|p2a: Walking Wake|Walking Wake|46/100
|move|p1a: Tyranitar|Knock Off|p2a: Walking Wake
|-damage|p2a: Walking Wake|0 fnt
|-enditem|p2a: Walking Wake|Wise Glasses|[from] move: Knock Off|[of] p1a: Tyranitar
|faint|p2a: Walking Wake
|-end|p2a: Walking Wake|Protosynthesis|[silent]
|
|-weather|Sandstorm|[upkeep]
|upkeep
|
|t:|1760316543
|switch|p2a: Slither Wing|Slither Wing|100/100
|turn|7
|
|t:|1760316554
|switch|p1a: Tornadus|Tornadus-Therian, M|100/100
|move|p2a: Slither Wing|U-turn|p1a: Tornadus
|-resisted|p1a: Tornadus
|-damage|p1a: Tornadus|79/100
|
|t:|1760316563
|-end|p2a: Slither Wing|Protosynthesis|[silent]
|switch|p2a: Raging Bolt|Raging Bolt|100/100|[from] U-turn
|
|-weather|Sandstorm|[upkeep]
|-damage|p1a: Tornadus|73/100|[from] Sandstorm
|-damage|p2a: Raging Bolt|94/100|[from] Sandstorm
|upkeep
|turn|8
|
|t:|1760316574
|move|p2a: Raging Bolt|Thunderclap|p1a: Tornadus
|-supereffective|p1a: Tornadus
|-damage|p1a: Tornadus|0 fnt
|faint|p1a: Tornadus
|-damage|p2a: Raging Bolt|84/100|[from] item: Life Orb
|
|-weather|Sandstorm|[upkeep]
|-damage|p2a: Raging Bolt|78/100|[from] Sandstorm
|upkeep
|
|t:|1760316583
|switch|p1a: Excadrill|Excadrill, M|100/100
|-damage|p1a: Excadrill|97/100|[from] Stealth Rock
|-item|p1a: Excadrill|Air Balloon
|turn|9
|
|t:|1760316595
|move|p1a: Excadrill|Rapid Spin|p2a: Raging Bolt
|-damage|p2a: Raging Bolt|61/100
|-boost|p1a: Excadrill|spe|1
|-sideend|p1: yuan123456|Stealth Rock|[from] move: Rapid Spin|[of] p1a: Excadrill
|move|p2a: Raging Bolt|Weather Ball|p1a: Excadrill
|-resisted|p1a: Excadrill
|-damage|p1a: Excadrill|79/100
|-enditem|p1a: Excadrill|Air Balloon
|-damage|p2a: Raging Bolt|51/100|[from] item: Life Orb
|
|-weather|none
|upkeep
|turn|10
|
|t:|1760316608
|-end|p2a: Raging Bolt|Protosynthesis|[silent]
|switch|p2a: Torkoal|Torkoal, F|94/100
|-weather|SunnyDay|[from] ability: Drought|[of] p2a: Torkoal
|move|p1a: Excadrill|Earthquake|p2a: Torkoal
|-supereffective|p2a: Torkoal
|-damage|p2a: Torkoal|4/100
|
|-weather|SunnyDay|[upkeep]
|upkeep
|turn|11
|
|t:|1760316628
|move|p1a: Excadrill|Rapid Spin|p2a: Torkoal
|-crit|p2a: Torkoal
|-damage|p2a: Torkoal|0 fnt
|-boost|p1a: Excadrill|spe|1
|faint|p2a: Torkoal
|
|-weather|SunnyDay|[upkeep]
|upkeep
|
|t:|1760316637
|switch|p2a: Slither Wing|Slither Wing|100/100
|-activate|p2a: Slither Wing|ability: Protosynthesis
|-start|p2a: Slither Wing|protosynthesisatk
|turn|12
|
|t:|1760316644
|-terastallize|p1a: Excadrill|Ghost
|move|p1a: Excadrill|Earthquake|p2a: Slither Wing
|-resisted|p2a: Slither Wing
|-damage|p2a: Slither Wing|62/100
|move|p2a: Slither Wing|Temper Flare|p1a: Excadrill
|-damage|p1a: Excadrill|0 fnt
|faint|p1a: Excadrill
|
|-weather|SunnyDay|[upkeep]
|upkeep
|
|t:|1760316658
|switch|p1a: Tyranitar|Tyranitar, M|39/100
|-weather|Sandstorm|[from] ability: Sand Stream|[of] p1a: Tyranitar
|-end|p2a: Slither Wing|Protosynthesis
|turn|13
|
|t:|1760316670
|switch|p1a: Heatran|Heatran, F|100/100
|move|p2a: Slither Wing|U-turn|p1a: Heatran
|-resisted|p1a: Heatran
|-damage|p1a: Heatran|91/100
|-status|p2a: Slither Wing|brn|[from] ability: Flame Body|[of] p1a: Heatran
|
|t:|1760316686
|-end|p2a: Slither Wing|Protosynthesis|[silent]
|switch|p2a: Raging Bolt|Raging Bolt|51/100|[from] U-turn
|
|-weather|Sandstorm|[upkeep]
|-damage|p2a: Raging Bolt|45/100|[from] Sandstorm
|-heal|p1a: Heatran|97/100|[from] item: Leftovers
|upkeep
|turn|14
|
|t:|1760316695
|move|p2a: Raging Bolt|Dragon Pulse|p1a: Heatran
|-resisted|p1a: Heatran
|-damage|p1a: Heatran|76/100
|-damage|p2a: Raging Bolt|35/100|[from] item: Life Orb
|move|p1a: Heatran|Earth Power|p2a: Raging Bolt
|-supereffective|p2a: Raging Bolt
|-damage|p2a: Raging Bolt|0 fnt
|faint|p2a: Raging Bolt
|-end|p2a: Raging Bolt|Protosynthesis|[silent]
|
|-weather|Sandstorm|[upkeep]
|-heal|p1a: Heatran|82/100|[from] item: Leftovers
|upkeep
|
|t:|1760316702
|switch|p2a: Venusaur|Venusaur, M|100/100
|turn|15
|
|t:|1760316710
|-terastallize|p2a: Venusaur|Fire
|move|p2a: Venusaur|Growth|p2a: Venusaur
|-boost|p2a: Venusaur|atk|1
|-boost|p2a: Venusaur|spa|1
|move|p1a: Heatran|Magma Storm|p2a: Venusaur|[miss]
|-miss|p1a: Heatran|p2a: Venusaur
|
|-weather|Sandstorm|[upkeep]
|-damage|p2a: Venusaur|95/100|[from] Sandstorm
|-heal|p1a: Heatran|88/100|[from] item: Leftovers
|upkeep
|turn|16
|
|t:|1760316722
|move|p2a: Venusaur|Earthquake|p1a: Heatran
|-supereffective|p1a: Heatran
|-damage|p1a: Heatran|0 fnt
|faint|p1a: Heatran
|-damage|p2a: Venusaur|85/100|[from] item: Life Orb
|
|-weather|Sandstorm|[upkeep]
|-damage|p2a: Venusaur|79/100|[from] Sandstorm
|upkeep
|
|t:|1760316731
|switch|p1a: Keldeo|Keldeo-Resolute|100/100
|turn|17
|
|t:|1760316737
|move|p1a: Keldeo|Surf|p2a: Venusaur
|-supereffective|p2a: Venusaur
|-damage|p2a: Venusaur|0 fnt
|faint|p2a: Venusaur
|
|-weather|none
|upkeep
|
|t:|1760316743
|switch|p2a: Hatterene|Hatterene, F|100/100
|-item|p2a: Hatterene|Air Balloon
|turn|18
|
|t:|1760316750
|move|p1a: Keldeo|Surf|p2a: Hatterene
|-damage|p2a: Hatterene|24/100
|-enditem|p2a: Hatterene|Air Balloon
|move|p2a: Hatterene|Trick Room|p2a: Hatterene
|-fieldstart|move: Trick Room|[of] p2a: Hatterene
|
|upkeep
|turn|19
|
|t:|1760316758
|switch|p1a: Tyranitar|Tyranitar, M|39/100
|-weather|Sandstorm|[from] ability: Sand Stream|[of] p1a: Tyranitar
|move|p2a: Hatterene|Dazzling Gleam|p1a: Tyranitar
|-supereffective|p1a: Tyranitar
|-damage|p1a: Tyranitar|0 fnt
|faint|p1a: Tyranitar
|
|-weather|Sandstorm|[upkeep]
|-damage|p2a: Hatterene|18/100|[from] Sandstorm
|upkeep
|
|t:|1760316786
|switch|p1a: Keldeo|Keldeo-Resolute|100/100
|turn|20
|
|t:|1760316799
|move|p1a: Keldeo|Vacuum Wave|p2a: Hatterene
|-resisted|p2a: Hatterene
|-damage|p2a: Hatterene|10/100
|move|p2a: Hatterene|Dazzling Gleam|p1a: Keldeo
|-supereffective|p1a: Keldeo
|-damage|p1a: Keldeo|19/100
|
|-weather|Sandstorm|[upkeep]
|-damage|p2a: Hatterene|4/100|[from] Sandstorm
|-damage|p1a: Keldeo|13/100|[from] Sandstorm
|upkeep
|turn|21
|
|t:|1760316809
|move|p1a: Keldeo|Vacuum Wave|p2a: Hatterene
|-resisted|p2a: Hatterene
|-damage|p2a: Hatterene|0 fnt
|faint|p2a: Hatterene
|
|-weather|Sandstorm|[upkeep]
|-damage|p1a: Keldeo|6/100|[from] Sandstorm
|upkeep
|
|t:|1760316812
|switch|p2a: Slither Wing|Slither Wing|62/100 brn
|turn|22
|
|t:|1760316821
|move|p2a: Slither Wing|First Impression|p1a: Keldeo
|-resisted|p1a: Keldeo
|-damage|p1a: Keldeo|0 fnt
|faint|p1a: Keldeo
|
|-weather|Sandstorm|[upkeep]
|-damage|p2a: Slither Wing|56/100 brn|[from] Sandstorm
|-damage|p2a: Slither Wing|50/100 brn|[from] brn
|-fieldend|move: Trick Room
|upkeep
|
|t:|1760316830
|switch|p1a: Hydrapple|Hydrapple, M|100/100
|turn|23
|
|t:|1760316841
|move|p2a: Slither Wing|U-turn|p1a: Hydrapple
|-supereffective|p1a: Hydrapple
|-damage|p1a: Hydrapple|77/100
|-damage|p2a: Slither Wing|33/100 brn|[from] item: Rocky Helmet|[of] p1a: Hydrapple
|move|p1a: Hydrapple|Fickle Beam|p2a: Slither Wing|[anim] Fickle Beam All Out
|-activate|p1a: Hydrapple|move: Fickle Beam
|-damage|p2a: Slither Wing|0 fnt
|faint|p2a: Slither Wing
|-end|p2a: Slither Wing|Protosynthesis|[silent]
|
|win|yuan123456
|raw|yuan123456's rating: 1210 &rarr; <strong>1233</strong><br />(+23 for winning)
|raw|humilhador5.0's rating: 1189 &rarr; <strong>1166</strong><br />(-23 for losing)
|l|☆humilhador5.0
|player|p2|
|l|☆yuan123456
|player|p1|
|j|☆yuan123456
|player|p1|yuan123456|nate|
