|j|‽Agency Playa
|j|☆dr. drake6782
|t:|1760377687
|gametype|singles
|player|p1|Agency Playa|brendan|1681
|player|p2|dr. drake6782|hilbert-masters|1695
|gen|9
|tier|[Gen 9] OU
|rated|
|rule|HP Percentage Mod: HP is shown in percentages
|rule|Endless Battle Clause: Forcing endless battles is banned
|rule|Species Clause: Limit one of each Pokémon
|rule|OHKO Clause: OHKO moves are banned
|rule|Evasion Items Clause: Evasion items are banned
|rule|Evasion Moves Clause: Evasion moves are banned
|rule|Evasion Abilities Clause: Evasion abilities are banned
|rule|Sleep Moves Clause: Sleep-inducing moves are banned
|clearpoke
|poke|p1|Weezing-Galar, M|
|poke|p1|Garchomp, M|
|poke|p1|Samurott-Hisui, F|
|poke|p1|Slowking-Galar, M|
|poke|p1|Iron Treads|
|poke|p1|Zapdos|
|poke|p2|Pelipper, F|
|poke|p2|Tornadus-Therian, M|
|poke|p2|Iron Treads|
|poke|p2|Decidueye-Hisui, F|
|poke|p2|Barraskewda, F|
|poke|p2|Raging Bolt|
|teampreview
|inactive|Battle timer is ON: inactive players will automatically lose when time's up. (requested by dr. drake6782)
|
|t:|1760377700
|teamsize|p1|6
|teamsize|p2|6
|start
|switch|p1a: Zapdos|Zapdos, shiny|100/100
|switch|p2a: Pelipper|Pelipper, F|100/100
|-weather|RainDance|[from] ability: Drizzle|[of] p2a: Pelipper
|turn|1
|
|t:|1760377708
|switch|p2a: Iron Treads|Iron Treads|100/100
|move|p1a: Zapdos|Hurricane|p2a: Iron Treads
|-resisted|p2a: Iron Treads
|-damage|p2a: Iron Treads|78/100
|-start|p2a: Iron Treads|confusion
|
|-weather|RainDance|[upkeep]
|-heal|p2a: Iron Treads|84/100|[from] item: Leftovers
|upkeep
|turn|2
|
|t:|1760377721
|-activate|p2a: Iron Treads|confusion
|-damage|p2a: Iron Treads|75/100|[from] confusion
|move|p1a: Zapdos|Heat Wave|p2a: Iron Treads
|-supereffective|p2a: Iron Treads
|-damage|p2a: Iron Treads|50/100
|
|-weather|RainDance|[upkeep]
|-heal|p2a: Iron Treads|56/100|[from] item: Leftovers
|upkeep
|turn|3
|
|t:|1760377730
|-activate|p2a: Iron Treads|confusion
|move|p2a: Iron Treads|Knock Off|p1a: Zapdos
|-damage|p1a: Zapdos|81/100
|-enditem|p1a: Zapdos|Heavy-Duty Boots|[from] move: Knock Off|[of] p2a: Iron Treads
|move|p1a: Zapdos|Heat Wave|p2a: Iron Treads
|-supereffective|p2a: Iron Treads
|-damage|p2a: Iron Treads|28/100
|
|-weather|RainDance|[upkeep]
|-heal|p2a: Iron Treads|34/100|[from] item: Leftovers
|upkeep
|turn|4
|
|t:|1760377744
|-end|p2a: Iron Treads|confusion
|move|p2a: Iron Treads|Stealth Rock|p1a: Zapdos
|-sidestart|p1: Agency Playa|move: Stealth Rock
|move|p1a: Zapdos|Heat Wave|p2a: Iron Treads
|-supereffective|p2a: Iron Treads
|-damage|p2a: Iron Treads|9/100
|
|-weather|RainDance|[upkeep]
|-heal|p2a: Iron Treads|15/100|[from] item: Leftovers
|upkeep
|turn|5
|
|t:|1760377754
|-end|p2a: Iron Treads|Quark Drive|[silent]
|switch|p2a: Raging Bolt|Raging Bolt|100/100
|-enditem|p2a: Raging Bolt|Booster Energy
|-activate|p2a: Raging Bolt|ability: Protosynthesis|[fromitem]
|-start|p2a: Raging Bolt|protosynthesisspa
|move|p1a: Zapdos|Hurricane|p2a: Raging Bolt
|-resisted|p2a: Raging Bolt
|-damage|p2a: Raging Bolt|75/100
|
|-weather|RainDance|[upkeep]
|upkeep
|turn|6
|
|t:|1760377764
|move|p1a: Zapdos|Volt Switch|p2a: Raging Bolt
|-resisted|p2a: Raging Bolt
|-damage|p2a: Raging Bolt|66/100
|
|t:|1760377769
|switch|p1a: Iron Treads|Iron Treads, shiny|100/100|[from] Volt Switch
|-damage|p1a: Iron Treads|97/100|[from] Stealth Rock
|move|p2a: Raging Bolt|Weather Ball|p1a: Iron Treads
|-supereffective|p1a: Iron Treads
|-damage|p1a: Iron Treads|0 fnt
|faint|p1a: Iron Treads
|-end|p1a: Iron Treads|Quark Drive|[silent]
|
|-weather|RainDance|[upkeep]
|upkeep
|
|t:|1760377781
|switch|p1a: Garchomp|Garchomp, M|100/100
|-damage|p1a: Garchomp|94/100|[from] Stealth Rock
|turn|7
|
|t:|1760377788
|-terastallize|p2a: Raging Bolt|Bug
|move|p1a: Garchomp|Earthquake|p2a: Raging Bolt
|-resisted|p2a: Raging Bolt
|-damage|p2a: Raging Bolt|48/100
|move|p2a: Raging Bolt|Dragon Pulse|p1a: Garchomp
|-supereffective|p1a: Garchomp
|-damage|p1a: Garchomp|0 fnt
|faint|p1a: Garchomp
|
|-weather|RainDance|[upkeep]
|upkeep
|
|t:|1760377800
|switch|p1a: Zapdos|Zapdos, shiny|81/100
|-damage|p1a: Zapdos|56/100|[from] Stealth Rock
|turn|8
|
|t:|1760377805
|move|p2a: Raging Bolt|Thunderclap||[still]
|-fail|p2a: Raging Bolt
|move|p1a: Zapdos|Roost|p1a: Zapdos
|-heal|p1a: Zapdos|100/100
|-singleturn|p1a: Zapdos|move: Roost
|
|-weather|none
|upkeep
|turn|9
|j| keyshotbab
|
|t:|1760377813
|-end|p2a: Raging Bolt|Protosynthesis|[silent]
|switch|p2a: Iron Treads|Iron Treads|15/100
|move|p1a: Zapdos|Hurricane|p2a: Iron Treads|[miss]
|-miss|p1a: Zapdos|p2a: Iron Treads
|
|-heal|p2a: Iron Treads|21/100|[from] item: Leftovers
|upkeep
|turn|10
|
|t:|1760377821
|-end|p2a: Iron Treads|Quark Drive|[silent]
|switch|p2a: Pelipper|Pelipper, F|100/100
|-weather|RainDance|[from] ability: Drizzle|[of] p2a: Pelipper
|move|p1a: Zapdos|Heat Wave|p2a: Pelipper
|-resisted|p2a: Pelipper
|-damage|p2a: Pelipper|90/100
|
|-weather|RainDance|[upkeep]
|upkeep
|turn|11
|
|t:|1760377831
|switch|p2a: Iron Treads|Iron Treads|21/100
|move|p1a: Zapdos|Hurricane|p2a: Iron Treads
|-resisted|p2a: Iron Treads
|-damage|p2a: Iron Treads|0 fnt
|faint|p2a: Iron Treads
|-end|p2a: Iron Treads|Quark Drive|[silent]
|
|-weather|RainDance|[upkeep]
|upkeep
|
|t:|1760377837
|switch|p2a: Barraskewda|Barraskewda, F, shiny|100/100
|turn|12
|l| keyshotbab
|j| Trucker Hat Mew
|inactive|Agency Playa has 120 seconds left.
|
|t:|1760377871
|switch|p1a: Weezing|Weezing-Galar, M|100/100
|-damage|p1a: Weezing|88/100|[from] Stealth Rock
|move|p2a: Barraskewda|Liquidation|p1a: Weezing
|-damage|p1a: Weezing|26/100
|-unboost|p1a: Weezing|def|1
|-damage|p2a: Barraskewda|84/100|[from] item: Rocky Helmet|[of] p1a: Weezing
|-damage|p2a: Barraskewda|74/100|[from] item: Life Orb
|
|-weather|RainDance|[upkeep]
|upkeep
|turn|13
|c|☆dr. drake6782|g weezy
|inactive|Agency Playa has 120 seconds left.
|
|t:|1760377883
|move|p2a: Barraskewda|Liquidation|p1a: Weezing
|-damage|p1a: Weezing|0 fnt
|-damage|p2a: Barraskewda|58/100|[from] item: Rocky Helmet|[of] p1a: Weezing
|faint|p1a: Weezing
|-damage|p2a: Barraskewda|48/100|[from] item: Life Orb
|
|-weather|RainDance|[upkeep]
|upkeep
|inactive|Agency Playa has 120 seconds left.
|
|t:|1760377892
|switch|p1a: Samurott|Samurott-Hisui, F, shiny|100/100
|-damage|p1a: Samurott|88/100|[from] Stealth Rock
|turn|14
|
|t:|1760377896
|switch|p2a: Decidueye|Decidueye-Hisui, F, shiny|100/100
|move|p1a: Samurott|Sucker Punch||[still]
|-fail|p1a: Samurott
|
|-weather|RainDance|[upkeep]
|upkeep
|turn|15
|
|t:|1760377903
|switch|p1a: Zapdos|Zapdos, shiny|100/100
|-damage|p1a: Zapdos|76/100|[from] Stealth Rock
|move|p2a: Decidueye|U-turn|p1a: Zapdos
|-resisted|p1a: Zapdos
|-damage|p1a: Zapdos|67/100
|
|t:|1760377906
|switch|p2a: Barraskewda|Barraskewda, F, shiny|48/100|[from] U-turn
|
|-weather|RainDance|[upkeep]
|upkeep
|turn|16
|
|t:|1760377917
|-terastallize|p1a: Zapdos|Water
|move|p2a: Barraskewda|Liquidation|p1a: Zapdos
|-resisted|p1a: Zapdos
|-damage|p1a: Zapdos|28/100
|-damage|p2a: Barraskewda|38/100|[from] item: Life Orb
|move|p1a: Zapdos|Volt Switch|p2a: Barraskewda
|-supereffective|p2a: Barraskewda
|-crit|p2a: Barraskewda
|-damage|p2a: Barraskewda|0 fnt
|faint|p2a: Barraskewda
|
|t:|1760377928
|switch|p1a: Samurott|Samurott-Hisui, F, shiny|88/100|[from] Volt Switch
|-damage|p1a: Samurott|76/100|[from] Stealth Rock
|
|-weather|RainDance|[upkeep]
|upkeep
|
|t:|1760377931
|switch|p2a: Decidueye|Decidueye-Hisui, F, shiny|100/100
|turn|17
|
|t:|1760377938
|switch|p1a: Slowking|Slowking-Galar, M, shiny|100/100
|-damage|p1a: Slowking|88/100|[from] Stealth Rock
|move|p2a: Decidueye|U-turn|p1a: Slowking
|-damage|p1a: Slowking|70/100
|
|t:|1760377947
|switch|p2a: Tornadus|Tornadus-Therian, M|100/100|[from] U-turn
|
|-weather|none
|upkeep
|turn|18
|
|t:|1760377953
|move|p2a: Tornadus|U-turn|p1a: Slowking
|-damage|p1a: Slowking|54/100
|
|t:|1760377956
|switch|p2a: Raging Bolt|Raging Bolt, tera:Bug|48/100|[from] U-turn
|move|p1a: Slowking|Sludge Bomb|p2a: Raging Bolt
|-damage|p2a: Raging Bolt|8/100
|
|upkeep
|turn|19
|
|t:|1760377964
|move|p2a: Raging Bolt|Dragon Pulse|p1a: Slowking
|-damage|p1a: Slowking|27/100
|move|p1a: Slowking|Sludge Bomb|p2a: Raging Bolt
|-damage|p2a: Raging Bolt|0 fnt
|faint|p2a: Raging Bolt
|-end|p2a: Raging Bolt|Protosynthesis|[silent]
|
|upkeep
|
|t:|1760377967
|switch|p2a: Pelipper|Pelipper, F|90/100
|-weather|RainDance|[from] ability: Drizzle|[of] p2a: Pelipper
|turn|20
|
|t:|1760377975
|switch|p1a: Samurott|Samurott-Hisui, F, shiny|76/100
|-damage|p1a: Samurott|63/100|[from] Stealth Rock
|move|p2a: Pelipper|Surf|p1a: Samurott
|-resisted|p1a: Samurott
|-damage|p1a: Samurott|43/100
|
|-weather|RainDance|[upkeep]
|upkeep
|turn|21
|
|t:|1760377986
|move|p1a: Samurott|Ceaseless Edge|p2a: Pelipper
|-damage|p2a: Pelipper|56/100
|-sidestart|p2: dr. drake6782|Spikes
|move|p2a: Pelipper|U-turn|p1a: Samurott
|-supereffective|p1a: Samurott
|-damage|p1a: Samurott|18/100
|
|t:|1760377989
|switch|p2a: Tornadus|Tornadus-Therian, M|100/100|[from] U-turn
|
|-weather|RainDance|[upkeep]
|upkeep
|turn|22
|
|t:|1760377997
|switch|p1a: Slowking|Slowking-Galar, M, shiny|60/100
|-damage|p1a: Slowking|48/100|[from] Stealth Rock
|move|p2a: Tornadus|Hurricane|p1a: Slowking
|-damage|p1a: Slowking|8/100
|-start|p1a: Slowking|confusion
|
|-weather|RainDance|[upkeep]
|upkeep
|turn|23
|l| Trucker Hat Mew
|
|t:|1760378007
|move|p2a: Tornadus|Hurricane|p1a: Slowking
|-damage|p1a: Slowking|0 fnt
|faint|p1a: Slowking
|
|-weather|RainDance|[upkeep]
|upkeep
|-message|Agency Playa forfeited.
|
|win|dr. drake6782
|raw|Agency Playa's rating: 1681 &rarr; <strong>1662</strong><br />(-19 for losing)
|raw|dr. drake6782's rating: 1695 &rarr; <strong>1714</strong><br />(+19 for winning)
|l|‽Agency Playa
|player|p1|
|l|☆dr. drake6782
|player|p2|
