|j|☆ChessDennis
|j|☆lakespirited
|t:|1760332147
|gametype|singles
|player|p1|ChessDennis|170|1344
|player|p2|lakespirited|miku-water|1399
|gen|9
|tier|[Gen 9] OU
|rated|
|rule|HP Percentage Mod: HP is shown in percentages
|rule|Endless Battle Clause: Forcing endless battles is banned
|rule|Species Clause: Limit one of each Pokémon
|rule|OHKO Clause: OHKO moves are banned
|rule|Evasion Items Clause: Evasion items are banned
|rule|Evasion Moves Clause: Evasion moves are banned
|rule|Evasion Abilities Clause: Evasion abilities are banned
|rule|Sleep Moves Clause: Sleep-inducing moves are banned
|clearpoke
|poke|p1|Walking Wake|
|poke|p1|Thundurus-Therian, M|
|poke|p1|Amoonguss, F|
|poke|p1|Great Tusk|
|poke|p1|Cinderace, M|
|poke|p1|Kingambit, F|
|poke|p2|Ninetales-Alola, M|
|poke|p2|Oricorio, F|
|poke|p2|Hatterene, F|
|poke|p2|Kyurem|
|poke|p2|Zamazenta-*|
|poke|p2|Iron Treads|
|teampreview
|inactive|Battle timer is ON: inactive players will automatically lose when time's up. (requested by lakespirited)
|
|t:|1760332165
|teamsize|p1|6
|teamsize|p2|6
|start
|switch|p1a: Cinderace|Cinderace, M|100/100
|switch|p2a: Iron Treads|Iron Treads|100/100
|-enditem|p2a: Iron Treads|Booster Energy
|-activate|p2a: Iron Treads|ability: Quark Drive|[fromitem]
|-start|p2a: Iron Treads|quarkdrivespe
|turn|1
|
|t:|1760332172
|move|p2a: Iron Treads|Earth Power|p1a: Cinderace
|-supereffective|p1a: Cinderace
|-damage|p1a: Cinderace|7/100
|move|p1a: Cinderace|Pyro Ball|p2a: Iron Treads
|-supereffective|p2a: Iron Treads
|-damage|p2a: Iron Treads|0 fnt
|faint|p2a: Iron Treads
|-end|p2a: Iron Treads|Quark Drive|[silent]
|
|upkeep
|
|t:|1760332180
|switch|p2a: Zamazenta|Zamazenta|100/100
|-ability|p2a: Zamazenta|Dauntless Shield|boost
|-boost|p2a: Zamazenta|def|1
|turn|2
|
|t:|1760332186
|move|p2a: Zamazenta|Body Press|p1a: Cinderace
|-damage|p1a: Cinderace|0 fnt
|faint|p1a: Cinderace
|
|upkeep
|
|t:|1760332192
|switch|p1a: Thundurus|Thundurus-Therian, M|100/100
|turn|3
|
|t:|1760332197
|switch|p2a: Ninetales|Ninetales-Alola, M|100/100
|-weather|Snowscape|[from] ability: Snow Warning|[of] p2a: Ninetales
|move|p1a: Thundurus|Volt Switch|p2a: Ninetales
|-damage|p2a: Ninetales|60/100
|
|t:|1760332206
|switch|p1a: Walking Wake|Walking Wake|100/100|[from] Volt Switch
|
|-weather|Snowscape|[upkeep]
|upkeep
|turn|4
|
|t:|1760332212
|move|p1a: Walking Wake|Sunny Day|p1a: Walking Wake
|-weather|SunnyDay
|-activate|p1a: Walking Wake|ability: Protosynthesis
|-start|p1a: Walking Wake|protosynthesisspa
|move|p2a: Ninetales|Aurora Veil||[still]
|-fail|p2a: Ninetales
|
|-weather|SunnyDay|[upkeep]
|upkeep
|turn|5
|
|t:|1760332217
|move|p2a: Ninetales|Encore|p1a: Walking Wake
|-start|p1a: Walking Wake|Encore
|move|p1a: Walking Wake|Sunny Day||[still]
|-fail|p1a: Walking Wake
|
|-weather|SunnyDay|[upkeep]
|upkeep
|turn|6
|
|t:|1760332222
|-end|p1a: Walking Wake|Protosynthesis|[silent]
|switch|p1a: Amoonguss|Amoonguss, F|100/100
|move|p2a: Ninetales|Freeze-Dry|p1a: Amoonguss
|-supereffective|p1a: Amoonguss
|-damage|p1a: Amoonguss|68/100
|
|-weather|SunnyDay|[upkeep]
|upkeep
|turn|7
|
|t:|1760332228
|switch|p2a: Hatterene|Hatterene, F|100/100
|move|p1a: Amoonguss|Sludge Bomb|p2a: Hatterene
|-supereffective|p2a: Hatterene
|-damage|p2a: Hatterene|4/100
|-damage|p1a: Amoonguss|58/100|[from] item: Life Orb
|
|-weather|SunnyDay|[upkeep]
|-heal|p2a: Hatterene|10/100|[from] item: Leftovers
|upkeep
|turn|8
|
|t:|1760332233
|move|p2a: Hatterene|Stored Power|p1a: Amoonguss
|-supereffective|p1a: Amoonguss
|-damage|p1a: Amoonguss|44/100
|move|p1a: Amoonguss|Growth|p1a: Amoonguss
|-boost|p1a: Amoonguss|atk|2
|-boost|p1a: Amoonguss|spa|2
|
|-weather|none
|-heal|p2a: Hatterene|16/100|[from] item: Leftovers
|upkeep
|turn|9
|
|t:|1760332240
|move|p2a: Hatterene|Stored Power|p1a: Amoonguss
|-supereffective|p1a: Amoonguss
|-damage|p1a: Amoonguss|27/100
|move|p1a: Amoonguss|Sludge Bomb|p2a: Hatterene
|-supereffective|p2a: Hatterene
|-damage|p2a: Hatterene|0 fnt
|faint|p2a: Hatterene
|-damage|p1a: Amoonguss|18/100|[from] item: Life Orb
|
|upkeep
|
|t:|1760332246
|switch|p2a: Oricorio|Oricorio, F|100/100
|turn|10
|
|t:|1760332249
|switch|p1a: Walking Wake|Walking Wake|100/100
|move|p2a: Oricorio|Revelation Dance|p1a: Walking Wake
|-resisted|p1a: Walking Wake
|-damage|p1a: Walking Wake|87/100
|
|upkeep
|turn|11
|
|t:|1760332255
|switch|p2a: Ninetales|Ninetales-Alola, M|60/100
|-weather|Snowscape|[from] ability: Snow Warning|[of] p2a: Ninetales
|move|p1a: Walking Wake|Hydro Steam|p2a: Ninetales
|-damage|p2a: Ninetales|15/100
|
|-weather|Snowscape|[upkeep]
|upkeep
|turn|12
|
|t:|1760332262
|move|p1a: Walking Wake|Sunny Day|p1a: Walking Wake
|-weather|SunnyDay
|-activate|p1a: Walking Wake|ability: Protosynthesis
|-start|p1a: Walking Wake|protosynthesisspa
|move|p2a: Ninetales|Aurora Veil||[still]
|-fail|p2a: Ninetales
|
|-weather|SunnyDay|[upkeep]
|upkeep
|turn|13
|
|t:|1760332265
|move|p1a: Walking Wake|Flamethrower|p2a: Ninetales
|-supereffective|p2a: Ninetales
|-damage|p2a: Ninetales|0 fnt
|faint|p2a: Ninetales
|
|-weather|SunnyDay|[upkeep]
|upkeep
|
|t:|1760332280
|switch|p2a: Oricorio|Oricorio, F|100/100
|turn|14
|
|t:|1760332286
|move|p1a: Walking Wake|Hydro Steam|p2a: Oricorio
|-supereffective|p2a: Oricorio
|-damage|p2a: Oricorio|0 fnt
|faint|p2a: Oricorio
|
|-weather|SunnyDay|[upkeep]
|upkeep
|
|t:|1760332289
|switch|p2a: Kyurem|Kyurem|100/100
|-ability|p2a: Kyurem|Pressure
|turn|15
|
|t:|1760332292
|move|p1a: Walking Wake|Draco Meteor|p2a: Kyurem
|-supereffective|p2a: Kyurem
|-damage|p2a: Kyurem|0 fnt
|-unboost|p1a: Walking Wake|spa|2
|faint|p2a: Kyurem
|
|-weather|SunnyDay|[upkeep]
|upkeep
|-message|lakespirited forfeited.
|
|win|ChessDennis
|raw|ChessDennis's rating: 1344 &rarr; <strong>1367</strong><br />(+23 for winning)
|raw|lakespirited's rating: 1399 &rarr; <strong>1376</strong><br />(-23 for losing)
|l|☆lakespirited
|player|p2|
|l|☆ChessDennis
|player|p1|
