|j|☆solggington
|j|☆lamp37
|t:|1760321616
|gametype|singles
|player|p1|solggington|fisherman|
|player|p2|lamp37|lucas-gen4pt|
|gen|9
|tier|[Gen 9] OU
|rule|HP Percentage Mod: HP is shown in percentages
|rule|Endless Battle Clause: Forcing endless battles is banned
|rule|Species Clause: Limit one of each Pokémon
|rule|OHKO Clause: OHKO moves are banned
|rule|Evasion Items Clause: Evasion items are banned
|rule|Evasion Moves Clause: Evasion moves are banned
|rule|Evasion Abilities Clause: Evasion abilities are banned
|rule|Sleep Moves Clause: Sleep-inducing moves are banned
|clearpoke
|poke|p1|Blaziken, F|
|poke|p1|Araquanid, M|
|poke|p1|Corviknight, M|
|poke|p1|Hydreigon, F|
|poke|p1|Gastrodon-East, M|
|poke|p1|Ogerpon-Cornerstone, F|
|poke|p2|Chandelure, F|
|poke|p2|Bruxish, F|
|poke|p2|Slowking-Galar, F|
|poke|p2|Gliscor, M|
|poke|p2|Skarmory, F|
|poke|p2|Iron Valiant|
|teampreview
|j| Tent_Lord
|j| ieatbreadstix
|j| TheMasterAJ
|j| Squallum2911
|j| Kosmicbad
|
|t:|1760321641
|teamsize|p1|6
|teamsize|p2|6
|start
|switch|p1a: Lainey Wilson|Blaziken, F, shiny|100/100
|switch|p2a: Precarious Anvil|Skarmory, F|100/100
|turn|1
|
|t:|1760321661
|move|p1a: Lainey Wilson|Blaze Kick|p2a: Precarious Anvil
|-supereffective|p2a: Precarious Anvil
|-damage|p2a: Precarious Anvil|47/100
|-status|p2a: Precarious Anvil|brn
|-damage|p1a: Lainey Wilson|84/100|[from] item: Rocky Helmet|[of] p2a: Precarious Anvil
|move|p2a: Precarious Anvil|Stealth Rock|p1a: Lainey Wilson
|-sidestart|p1: solggington|move: Stealth Rock
|
|-damage|p2a: Precarious Anvil|41/100 brn|[from] brn
|-ability|p1a: Lainey Wilson|Speed Boost|boost
|-boost|p1a: Lainey Wilson|spe|1
|upkeep
|turn|2
|
|t:|1760321674
|switch|p2a: Narcissism|Chandelure, F|100/100
|move|p1a: Lainey Wilson|Thunder Punch|p2a: Narcissism
|-damage|p2a: Narcissism|66/100
|
|-ability|p1a: Lainey Wilson|Speed Boost|boost
|-boost|p1a: Lainey Wilson|spe|1
|upkeep
|turn|3
|
|t:|1760321728
|move|p1a: Lainey Wilson|Knock Off|p2a: Narcissism
|-supereffective|p2a: Narcissism
|-damage|p2a: Narcissism|0 fnt
|-enditem|p2a: Narcissism|Choice Specs|[from] move: Knock Off|[of] p1a: Lainey Wilson
|faint|p2a: Narcissism
|
|-ability|p1a: Lainey Wilson|Speed Boost|boost
|-boost|p1a: Lainey Wilson|spe|1
|upkeep
|
|t:|1760321745
|switch|p2a: G2 Vania|Iron Valiant|100/100
|-enditem|p2a: G2 Vania|Booster Energy
|-activate|p2a: G2 Vania|ability: Quark Drive|[fromitem]
|-start|p2a: G2 Vania|quarkdrivespe
|turn|4
|
|t:|1760321767
|move|p1a: Lainey Wilson|Protect|p1a: Lainey Wilson
|-singleturn|p1a: Lainey Wilson|Protect
|move|p2a: G2 Vania|Zen Headbutt|p1a: Lainey Wilson
|-activate|p1a: Lainey Wilson|move: Protect
|
|-ability|p1a: Lainey Wilson|Speed Boost|boost
|-boost|p1a: Lainey Wilson|spe|1
|upkeep
|turn|5
|
|t:|1760321784
|-terastallize|p1a: Lainey Wilson|Fire
|move|p1a: Lainey Wilson|Blaze Kick|p2a: G2 Vania
|-crit|p2a: G2 Vania
|-damage|p2a: G2 Vania|0 fnt
|faint|p2a: G2 Vania
|-end|p2a: G2 Vania|Quark Drive|[silent]
|
|-ability|p1a: Lainey Wilson|Speed Boost|boost
|-boost|p1a: Lainey Wilson|spe|1
|upkeep
|c| ieatbreadstix|crimaderd
|c| Squallum2911|crimaderd
|
|t:|1760321813
|switch|p2a: Santa|Slowking-Galar, F|100/100
|turn|6
|j| Hedgehog415
|
|t:|1760321831
|-terastallize|p2a: Santa|Poison
|move|p1a: Lainey Wilson|Knock Off|p2a: Santa
|-damage|p2a: Santa|69/100
|-enditem|p2a: Santa|Black Sludge|[from] move: Knock Off|[of] p1a: Lainey Wilson
|move|p2a: Santa|Psychic|p1a: Lainey Wilson
|-damage|p1a: Lainey Wilson|12/100
|-unboost|p1a: Lainey Wilson|spd|1
|
|-ability|p1a: Lainey Wilson|Speed Boost|boost
|-boost|p1a: Lainey Wilson|spe|1
|upkeep
|turn|7
|
|t:|1760321853
|move|p1a: Lainey Wilson|Blaze Kick|p2a: Santa
|-crit|p2a: Santa
|-damage|p2a: Santa|0 fnt
|faint|p2a: Santa
|
|upkeep
|c| ieatbreadstix|crimaderd
|c| Squallum2911|crimaderd
|
|t:|1760321873
|switch|p2a: Gliscor|Gliscor, M|100/100
|turn|8
|
|t:|1760321883
|move|p2a: Gliscor|Protect|p2a: Gliscor
|-singleturn|p2a: Gliscor|Protect
|move|p1a: Lainey Wilson|Knock Off|p2a: Gliscor
|-activate|p2a: Gliscor|move: Protect
|
|-status|p2a: Gliscor|tox|[from] item: Toxic Orb
|upkeep
|turn|9
|
|t:|1760321899
|move|p1a: Lainey Wilson|Blaze Kick|p2a: Gliscor
|-damage|p2a: Gliscor|46/100 tox
|move|p2a: Gliscor|Knock Off|p1a: Lainey Wilson
|-damage|p1a: Lainey Wilson|0 fnt
|-enditem|p1a: Lainey Wilson|Focus Sash|[from] move: Knock Off|[of] p2a: Gliscor
|faint|p1a: Lainey Wilson
|
|-heal|p2a: Gliscor|58/100 tox|[from] ability: Poison Heal
|upkeep
|
|t:|1760321907
|switch|p1a: Sluggy Tuggie|Gastrodon-East, M, shiny|100/100
|-damage|p1a: Sluggy Tuggie|94/100|[from] Stealth Rock
|turn|10
|
|t:|1760321935
|move|p2a: Gliscor|Protect|p2a: Gliscor
|-singleturn|p2a: Gliscor|Protect
|move|p1a: Sluggy Tuggie|Recover|p1a: Sluggy Tuggie
|-heal|p1a: Sluggy Tuggie|100/100
|
|-heal|p2a: Gliscor|70/100 tox|[from] ability: Poison Heal
|upkeep
|turn|11
|
|t:|1760321943
|move|p2a: Gliscor|Knock Off|p1a: Sluggy Tuggie
|-damage|p1a: Sluggy Tuggie|72/100
|-enditem|p1a: Sluggy Tuggie|Leftovers|[from] move: Knock Off|[of] p2a: Gliscor
|move|p1a: Sluggy Tuggie|Ice Beam|p2a: Gliscor
|-supereffective|p2a: Gliscor
|-damage|p2a: Gliscor|0 fnt
|faint|p2a: Gliscor
|
|upkeep
|
|t:|1760321952
|switch|p2a: Fishlight|Bruxish, F|100/100
|turn|12
|
|t:|1760321958
|move|p2a: Fishlight|Psychic Fangs|p1a: Sluggy Tuggie
|-damage|p1a: Sluggy Tuggie|28/100
|move|p1a: Sluggy Tuggie|Earthquake|p2a: Fishlight
|-damage|p2a: Fishlight|56/100
|
|upkeep
|turn|13
|
|t:|1760321970
|move|p2a: Fishlight|Psychic Fangs|p1a: Sluggy Tuggie
|-damage|p1a: Sluggy Tuggie|0 fnt
|faint|p1a: Sluggy Tuggie
|
|upkeep
|
|t:|1760321980
|switch|p1a: Dug-trio|Hydreigon, F, shiny|100/100
|-damage|p1a: Dug-trio|88/100|[from] Stealth Rock
|turn|14
|
|t:|1760321986
|switch|p2a: Precarious Anvil|Skarmory, F|41/100 brn
|move|p1a: Dug-trio|Dark Pulse|p2a: Precarious Anvil
|-crit|p2a: Precarious Anvil
|-damage|p2a: Precarious Anvil|0 fnt
|faint|p2a: Precarious Anvil
|
|upkeep
|
|t:|1760321993
|switch|p2a: Fishlight|Bruxish, F|56/100
|turn|15
|c| ieatbreadstix|cri ma derd
|
|t:|1760322037
|move|p1a: Dug-trio|Dark Pulse|p2a: Fishlight
|-supereffective|p2a: Fishlight
|-damage|p2a: Fishlight|0 fnt
|faint|p2a: Fishlight
|
|win|solggington
|l|☆lamp37
|player|p2|
|l| Kosmicbad
|l| ieatbreadstix
|l|☆solggington
|player|p1|
|l| TheMasterAJ
|l| Hedgehog415
