|j|☆firetalk
|j|☆preppy dude
|t:|1760318967
|gametype|singles
|player|p1|firetalk|101|1222
|player|p2|preppy dude|101|1264
|gen|9
|tier|[Gen 9] OU
|rated|
|rule|HP Percentage Mod: HP is shown in percentages
|rule|Endless Battle Clause: Forcing endless battles is banned
|rule|Species Clause: Limit one of each Pokémon
|rule|OHKO Clause: OHKO moves are banned
|rule|Evasion Items Clause: Evasion items are banned
|rule|Evasion Moves Clause: Evasion moves are banned
|rule|Evasion Abilities Clause: Evasion abilities are banned
|rule|Sleep Moves Clause: Sleep-inducing moves are banned
|clearpoke
|poke|p1|Dragapult, F|
|poke|p1|Dragonite, F|
|poke|p1|Ting-Lu|
|poke|p1|Weezing-Galar, F|
|poke|p1|Iron Crown|
|poke|p1|Zapdos|
|poke|p2|Zapdos|
|poke|p2|Golem, M|
|poke|p2|Arbok, F|
|poke|p2|Rhydon, M|
|poke|p2|Magneton|
|poke|p2|Dodrio, M|
|teampreview
|inactive|Battle timer is ON: inactive players will automatically lose when time's up. (requested by preppy dude)
|
|t:|1760318976
|teamsize|p1|6
|teamsize|p2|6
|start
|switch|p1a: Dragapult|Dragapult, F|100/100
|switch|p2a: Golem|Golem, M|100/100
|turn|1
|
|t:|1760318987
|move|p1a: Dragapult|Will-O-Wisp|p2a: Golem
|-status|p2a: Golem|brn
|move|p2a: Golem|Stealth Rock|p1a: Dragapult
|-sidestart|p1: firetalk|move: Stealth Rock
|
|-damage|p2a: Golem|95/100 brn|[from] brn
|upkeep
|turn|2
|
|t:|1760318998
|move|p1a: Dragapult|Hex|p2a: Golem
|-damage|p2a: Golem|4/100 brn
|move|p2a: Golem|Rock Blast|p1a: Dragapult
|-damage|p1a: Dragapult|91/100
|-damage|p1a: Dragapult|81/100
|-hitcount|p1a: Dragapult|2
|
|-damage|p2a: Golem|0 fnt|[from] brn
|faint|p2a: Golem
|upkeep
|
|t:|1760319007
|switch|p2a: Dodrio|Dodrio, M|100/100
|turn|3
|
|t:|1760319015
|move|p2a: Dodrio|Knock Off|p1a: Dragapult
|-supereffective|p1a: Dragapult
|-damage|p1a: Dragapult|0 fnt
|-enditem|p1a: Dragapult|Heavy-Duty Boots|[from] move: Knock Off|[of] p2a: Dodrio
|faint|p1a: Dragapult
|
|upkeep
|
|t:|1760319030
|switch|p1a: Weezing|Weezing-Galar, F|100/100
|-ability|p1a: Weezing|Neutralizing Gas
|turn|4
|
|t:|1760319034
|move|p2a: Dodrio|Knock Off|p1a: Weezing
|-resisted|p1a: Weezing
|-damage|p1a: Weezing|89/100
|-enditem|p1a: Weezing|Heavy-Duty Boots|[from] move: Knock Off|[of] p2a: Dodrio
|move|p1a: Weezing|Defog|p2a: Dodrio
|-unboost|p2a: Dodrio|evasion|1
|-sideend|p1: firetalk|Stealth Rock|[from] move: Defog|[of] p1a: Weezing
|
|upkeep
|turn|5
|
|t:|1760319042
|switch|p2a: Arbok|Arbok, F|100/100
|move|p1a: Weezing|Will-O-Wisp|p2a: Arbok
|-status|p2a: Arbok|brn
|
|-damage|p2a: Arbok|94/100 brn|[from] brn
|upkeep
|turn|6
|
|t:|1760319054
|-end|p1a: Weezing|ability: Neutralizing Gas
|-ability|p2a: Arbok|Intimidate|boost
|-unboost|p1a: Weezing|atk|1
|switch|p1a: Zapdos|Zapdos|100/100
|move|p2a: Arbok|Switcheroo|p1a: Zapdos
|-activate|p2a: Arbok|move: Trick|[of] p1a: Zapdos
|-item|p1a: Zapdos|Choice Scarf|[from] move: Switcheroo
|-item|p2a: Arbok|Heavy-Duty Boots|[from] move: Switcheroo
|
|-damage|p2a: Arbok|88/100 brn|[from] brn
|upkeep
|turn|7
|
|t:|1760319074
|move|p2a: Arbok|Protect|p2a: Arbok
|-singleturn|p2a: Arbok|Protect
|move|p1a: Zapdos|Volt Switch|p2a: Arbok
|-activate|p2a: Arbok|move: Protect
|
|-damage|p2a: Arbok|82/100 brn|[from] brn
|upkeep
|turn|8
|
|t:|1760319082
|switch|p2a: Rhydon|Rhydon, M|100/100
|move|p1a: Zapdos|Volt Switch|p2a: Rhydon
|-ability|p2a: Rhydon|Lightning Rod|boost
|-boost|p2a: Rhydon|spa|1
|
|upkeep
|turn|9
|
|t:|1760319091
|switch|p1a: Ting-Lu|Ting-Lu|100/100
|-ability|p1a: Ting-Lu|Vessel of Ruin
|move|p2a: Rhydon|Rock Blast|p1a: Ting-Lu
|-resisted|p1a: Ting-Lu
|-damage|p1a: Ting-Lu|97/100
|-resisted|p1a: Ting-Lu
|-damage|p1a: Ting-Lu|93/100
|-hitcount|p1a: Ting-Lu|2
|
|-heal|p1a: Ting-Lu|99/100|[from] item: Leftovers
|upkeep
|turn|10
|
|t:|1760319104
|switch|p2a: Arbok|Arbok, F|82/100 brn
|-ability|p2a: Arbok|Intimidate|boost
|-unboost|p1a: Ting-Lu|atk|1
|move|p1a: Ting-Lu|Stealth Rock|p2a: Arbok
|-sidestart|p2: preppy dude|move: Stealth Rock
|
|-heal|p1a: Ting-Lu|100/100|[from] item: Leftovers
|-damage|p2a: Arbok|76/100 brn|[from] brn
|upkeep
|turn|11
|
|t:|1760319117
|move|p2a: Arbok|Poison Fang|p1a: Ting-Lu
|-resisted|p1a: Ting-Lu
|-crit|p1a: Ting-Lu
|-damage|p1a: Ting-Lu|97/100
|move|p1a: Ting-Lu|Ruination|p2a: Arbok
|-damage|p2a: Arbok|38/100 brn
|
|-heal|p1a: Ting-Lu|100/100|[from] item: Leftovers
|-damage|p2a: Arbok|32/100 brn|[from] brn
|upkeep
|turn|12
|
|t:|1760319127
|switch|p1a: Weezing|Weezing-Galar, F|89/100
|-ability|p1a: Weezing|Neutralizing Gas
|move|p2a: Arbok|Pain Split|p1a: Weezing
|-sethp|p1a: Weezing|60/100|[from] move: Pain Split|[silent]
|-sethp|p2a: Arbok|62/100 brn|[from] move: Pain Split
|
|-damage|p2a: Arbok|56/100 brn|[from] brn
|upkeep
|turn|13
|
|t:|1760319140
|switch|p2a: Zapdos|Zapdos|100/100
|-damage|p2a: Zapdos|75/100|[from] Stealth Rock
|move|p1a: Weezing|Toxic Spikes|p2a: Zapdos
|-sidestart|p2: preppy dude|move: Toxic Spikes
|
|-heal|p2a: Zapdos|82/100|[from] item: Leftovers
|upkeep
|turn|14
|
|t:|1760319149
|-end|p1a: Weezing|ability: Neutralizing Gas
|switch|p1a: Iron Crown|Iron Crown|100/100
|move|p2a: Zapdos|Discharge|p1a: Iron Crown
|-damage|p1a: Iron Crown|66/100
|
|-heal|p2a: Zapdos|88/100|[from] item: Leftovers
|upkeep
|turn|15
|
|t:|1760319162
|move|p2a: Zapdos|Protect|p2a: Zapdos
|-singleturn|p2a: Zapdos|Protect
|move|p1a: Iron Crown|Psyshock|p2a: Zapdos
|-activate|p2a: Zapdos|move: Protect
|
|-heal|p2a: Zapdos|94/100|[from] item: Leftovers
|upkeep
|turn|16
|
|t:|1760319171
|move|p1a: Iron Crown|Psyshock|p2a: Zapdos
|-damage|p2a: Zapdos|42/100
|move|p2a: Zapdos|Discharge|p1a: Iron Crown
|-damage|p1a: Iron Crown|31/100
|
|-heal|p2a: Zapdos|49/100|[from] item: Leftovers
|upkeep
|turn|17
|
|t:|1760319179
|move|p2a: Zapdos|Protect|p2a: Zapdos
|-singleturn|p2a: Zapdos|Protect
|move|p1a: Iron Crown|Psyshock|p2a: Zapdos
|-activate|p2a: Zapdos|move: Protect
|
|-heal|p2a: Zapdos|55/100|[from] item: Leftovers
|upkeep
|turn|18
|
|t:|1760319192
|-end|p1a: Iron Crown|Quark Drive|[silent]
|switch|p1a: Ting-Lu|Ting-Lu|100/100
|-ability|p1a: Ting-Lu|Vessel of Ruin
|move|p2a: Zapdos|Discharge|p1a: Ting-Lu
|-immune|p1a: Ting-Lu
|
|-heal|p2a: Zapdos|61/100|[from] item: Leftovers
|upkeep
|turn|19
|
|t:|1760319202
|move|p2a: Zapdos|Air Cutter|p1a: Ting-Lu
|-damage|p1a: Ting-Lu|90/100
|move|p1a: Ting-Lu|Ruination|p2a: Zapdos
|-damage|p2a: Zapdos|31/100
|
|-heal|p2a: Zapdos|37/100|[from] item: Leftovers
|-heal|p1a: Ting-Lu|96/100|[from] item: Leftovers
|upkeep
|turn|20
|
|t:|1760319211
|move|p2a: Zapdos|Roost|p2a: Zapdos
|-heal|p2a: Zapdos|87/100
|-singleturn|p2a: Zapdos|move: Roost
|move|p1a: Ting-Lu|Whirlwind|p2a: Zapdos
|drag|p2a: Arbok|Arbok, F|56/100 brn
|-sideend|p2: preppy dude|move: Toxic Spikes|[of] p2a: Arbok
|-ability|p2a: Arbok|Intimidate|boost
|-unboost|p1a: Ting-Lu|atk|1
|
|-heal|p1a: Ting-Lu|100/100|[from] item: Leftovers
|-damage|p2a: Arbok|50/100 brn|[from] brn
|upkeep
|turn|21
|
|t:|1760319223
|move|p2a: Arbok|Poison Fang|p1a: Ting-Lu
|-resisted|p1a: Ting-Lu
|-damage|p1a: Ting-Lu|98/100
|-status|p1a: Ting-Lu|tox
|move|p1a: Ting-Lu|Earthquake|p2a: Arbok
|-supereffective|p2a: Arbok
|-damage|p2a: Arbok|0 fnt
|faint|p2a: Arbok
|
|-heal|p1a: Ting-Lu|100/100 tox|[from] item: Leftovers
|-damage|p1a: Ting-Lu|94/100 tox|[from] psn
|upkeep
|
|t:|1760319236
|switch|p2a: Zapdos|Zapdos|87/100
|-damage|p2a: Zapdos|62/100|[from] Stealth Rock
|turn|22
|
|t:|1760319243
|switch|p1a: Weezing|Weezing-Galar, F|60/100
|-ability|p1a: Weezing|Neutralizing Gas
|move|p2a: Zapdos|Air Cutter|p1a: Weezing
|-damage|p1a: Weezing|27/100
|
|-heal|p2a: Zapdos|68/100|[from] item: Leftovers
|upkeep
|turn|23
|
|t:|1760319268
|-end|p1a: Weezing|ability: Neutralizing Gas
|switch|p1a: Iron Crown|Iron Crown|31/100
|move|p2a: Zapdos|Discharge|p1a: Iron Crown
|-damage|p1a: Iron Crown|0 fnt
|faint|p1a: Iron Crown
|-end|p1a: Iron Crown|Quark Drive|[silent]
|
|-heal|p2a: Zapdos|75/100|[from] item: Leftovers
|upkeep
|inactive|firetalk has 120 seconds left.
|
|t:|1760319286
|switch|p1a: Zapdos|Zapdos|100/100
|turn|24
|
|t:|1760319289
|move|p2a: Zapdos|Protect|p2a: Zapdos
|-singleturn|p2a: Zapdos|Protect
|move|p1a: Zapdos|Volt Switch|p2a: Zapdos
|-activate|p2a: Zapdos|move: Protect
|
|-heal|p2a: Zapdos|81/100|[from] item: Leftovers
|upkeep
|turn|25
|
|t:|1760319302
|switch|p1a: Ting-Lu|Ting-Lu|94/100 tox
|-ability|p1a: Ting-Lu|Vessel of Ruin
|switch|p2a: Rhydon|Rhydon, M|100/100
|-damage|p2a: Rhydon|94/100|[from] Stealth Rock
|
|-heal|p1a: Ting-Lu|100/100 tox|[from] item: Leftovers
|-damage|p1a: Ting-Lu|94/100 tox|[from] psn
|upkeep
|turn|26
|
|t:|1760319315
|move|p1a: Ting-Lu|Earthquake|p2a: Rhydon
|-supereffective|p2a: Rhydon
|-damage|p2a: Rhydon|61/100
|move|p2a: Rhydon|Earthquake|p1a: Ting-Lu
|-damage|p1a: Ting-Lu|65/100 tox
|
|-heal|p1a: Ting-Lu|71/100 tox|[from] item: Leftovers
|-damage|p1a: Ting-Lu|59/100 tox|[from] psn
|upkeep
|turn|27
|
|t:|1760319326
|-terastallize|p2a: Rhydon|Ghost
|move|p1a: Ting-Lu|Earthquake|p2a: Rhydon
|-damage|p2a: Rhydon|45/100
|move|p2a: Rhydon|Earthquake|p1a: Ting-Lu
|-damage|p1a: Ting-Lu|29/100 tox
|
|-heal|p1a: Ting-Lu|35/100 tox|[from] item: Leftovers
|-damage|p1a: Ting-Lu|16/100 tox|[from] psn
|upkeep
|turn|28
|
|t:|1760319341
|move|p2a: Rhydon|Earthquake|p1a: Ting-Lu
|-damage|p1a: Ting-Lu|0 fnt
|faint|p1a: Ting-Lu
|
|upkeep
|
|t:|1760319348
|switch|p1a: Zapdos|Zapdos|100/100
|turn|29
|
|t:|1760319354
|move|p1a: Zapdos|Volt Switch|p2a: Rhydon
|-ability|p2a: Rhydon|Lightning Rod|boost
|-boost|p2a: Rhydon|spa|1
|move|p2a: Rhydon|Rock Blast|p1a: Zapdos
|-supereffective|p1a: Zapdos
|-damage|p1a: Zapdos|68/100
|-supereffective|p1a: Zapdos
|-damage|p1a: Zapdos|35/100
|-supereffective|p1a: Zapdos
|-damage|p1a: Zapdos|3/100
|-supereffective|p1a: Zapdos
|-damage|p1a: Zapdos|0 fnt
|faint|p1a: Zapdos
|-hitcount|p1: Zapdos|4
|
|upkeep
|
|t:|1760319367
|switch|p1a: Dragonite|Dragonite, F|100/100
|turn|30
|
|t:|1760319378
|-terastallize|p1a: Dragonite|Normal
|move|p1a: Dragonite|Dragon Dance|p1a: Dragonite
|-boost|p1a: Dragonite|atk|1
|-boost|p1a: Dragonite|spe|1
|move|p2a: Rhydon|Rock Blast|p1a: Dragonite
|-damage|p1a: Dragonite|94/100
|-damage|p1a: Dragonite|81/100
|-damage|p1a: Dragonite|66/100
|-hitcount|p1a: Dragonite|3
|
|upkeep
|turn|31
|
|t:|1760319389
|move|p1a: Dragonite|Dragon Dance|p1a: Dragonite
|-boost|p1a: Dragonite|atk|1
|-boost|p1a: Dragonite|spe|1
|move|p2a: Rhydon|Earthquake|p1a: Dragonite
|-damage|p1a: Dragonite|13/100
|
|upkeep
|turn|32
|
|t:|1760319397
|move|p1a: Dragonite|Earthquake|p2a: Rhydon
|-damage|p2a: Rhydon|9/100
|move|p2a: Rhydon|Earthquake|p1a: Dragonite
|-damage|p1a: Dragonite|0 fnt
|faint|p1a: Dragonite
|
|upkeep
|-message|firetalk forfeited.
|
|win|preppy dude
|raw|firetalk's rating: 1222 &rarr; <strong>1200</strong><br />(-22 for losing)
|raw|preppy dude's rating: 1264 &rarr; <strong>1286</strong><br />(+22 for winning)
|l|☆firetalk
|player|p1|
|l|☆preppy dude
|player|p2|
