|badge|p2|bronze|gen9ou|100-7
|uhtml|medal-msg|<div class="broadcast-blue">Curious what those medals under the avatar are? PS now has Ladder Seasons! For more information, check out the <a href="https://www.smogon.com/forums/threads/3740067/">thread on Smogon.</a></div>
|j|☆Obito 2001
|j|☆disco 2003
|t:|1760332798
|gametype|singles
|player|p1|Obito 2001|blue-gen3two|1662
|player|p2|disco 2003|policeman-gen4|1905
|gen|9
|tier|[Gen 9] OU
|rated|
|rule|HP Percentage Mod: HP is shown in percentages
|rule|Endless Battle Clause: Forcing endless battles is banned
|rule|Species Clause: Limit one of each Pokémon
|rule|OHKO Clause: OHKO moves are banned
|rule|Evasion Items Clause: Evasion items are banned
|rule|Evasion Moves Clause: Evasion moves are banned
|rule|Evasion Abilities Clause: Evasion abilities are banned
|rule|Sleep Moves Clause: Sleep-inducing moves are banned
|clearpoke
|poke|p1|Manaphy|
|poke|p1|Darkrai|
|poke|p1|Great Tusk|
|poke|p1|Dragapult, F|
|poke|p1|Maushold-Four|
|poke|p1|Braviary-Hisui, M|
|poke|p2|Ceruledge, M|
|poke|p2|Raging Bolt|
|poke|p2|Latias, F|
|poke|p2|Kyurem|
|poke|p2|Ninetales-Alola, F|
|poke|p2|Iron Moth|
|teampreview
|inactive|Battle timer is ON: inactive players will automatically lose when time's up. (requested by Obito 2001)
|inactive|disco 2003 has 120 seconds left.
|
|t:|1760332844
|teamsize|p1|6
|teamsize|p2|6
|start
|switch|p1a: DraGhost|Dragapult, F|100/100
|switch|p2a: snow bunny|Ninetales-Alola, F|100/100
|-weather|Snowscape|[from] ability: Snow Warning|[of] p2a: snow bunny
|turn|1
|
|t:|1760332863
|move|p1a: DraGhost|Light Screen|p1a: DraGhost
|-sidestart|p1: Obito 2001|move: Light Screen
|move|p2a: snow bunny|Moonblast|p1a: DraGhost
|-supereffective|p1a: DraGhost
|-damage|p1a: DraGhost|60/100
|
|-weather|Snowscape|[upkeep]
|upkeep
|turn|2
|
|t:|1760332869
|move|p1a: DraGhost|Reflect|p1a: DraGhost
|-sidestart|p1: Obito 2001|Reflect
|move|p2a: snow bunny|Moonblast|p1a: DraGhost
|-supereffective|p1a: DraGhost
|-damage|p1a: DraGhost|20/100
|
|-weather|Snowscape|[upkeep]
|upkeep
|turn|3
|
|t:|1760332876
|switch|p1a: Gang Bang|Maushold-Four|100/100
|move|p2a: snow bunny|Aurora Veil|p2a: snow bunny
|-sidestart|p2: disco 2003|move: Aurora Veil
|
|-weather|Snowscape|[upkeep]
|upkeep
|turn|4
|
|t:|1760332880
|move|p1a: Gang Bang|Encore|p2a: snow bunny
|-start|p2a: snow bunny|Encore
|move|p2a: snow bunny|Aurora Veil||[still]
|-fail|p2a: snow bunny
|
|-weather|Snowscape|[upkeep]
|upkeep
|turn|5
|
|t:|1760332892
|switch|p2a: bury the light|Ceruledge, M|100/100
|move|p1a: Gang Bang|Tidy Up|p1a: Gang Bang
|-boost|p1a: Gang Bang|atk|1
|-boost|p1a: Gang Bang|spe|1
|
|-weather|none
|upkeep
|turn|6
|
|t:|1760332904
|move|p1a: Gang Bang|Tidy Up|p1a: Gang Bang
|-boost|p1a: Gang Bang|atk|1
|-boost|p1a: Gang Bang|spe|1
|move|p2a: bury the light|Swords Dance|p2a: bury the light
|-boost|p2a: bury the light|atk|2
|
|upkeep
|turn|7
|
|t:|1760332910
|move|p1a: Gang Bang|Encore|p2a: bury the light
|-start|p2a: bury the light|Encore
|move|p2a: bury the light|Swords Dance|p2a: bury the light
|-boost|p2a: bury the light|atk|2
|
|upkeep
|turn|8
|
|t:|1760332943
|switch|p2a: snow bunny|Ninetales-Alola, F|100/100
|-weather|Snowscape|[from] ability: Snow Warning|[of] p2a: snow bunny
|move|p1a: Gang Bang|Bite|p2a: snow bunny
|-resisted|p2a: snow bunny
|-damage|p2a: snow bunny|89/100
|
|-weather|Snowscape|[upkeep]
|-sideend|p1: Obito 2001|move: Light Screen
|upkeep
|turn|9
|
|t:|1760332954
|switch|p2a: bury the light|Ceruledge, M|100/100
|move|p1a: Gang Bang|Population Bomb|p2a: bury the light
|-immune|p2a: bury the light
|
|-weather|Snowscape|[upkeep]
|-sideend|p1: Obito 2001|Reflect
|upkeep
|turn|10
|
|t:|1760332972
|move|p1a: Gang Bang|Bite|p2a: bury the light
|-supereffective|p2a: bury the light
|-damage|p2a: bury the light|37/100
|-ability|p2a: bury the light|Weak Armor|boost
|-unboost|p2a: bury the light|def|1
|-boost|p2a: bury the light|spe|2
|move|p2a: bury the light|Bitter Blade|p1a: Gang Bang
|-damage|p1a: Gang Bang|26/100
|-heal|p2a: bury the light|74/100|[from] drain|[of] p1a: Gang Bang
|
|-weather|Snowscape|[upkeep]
|-sideend|p2: disco 2003|move: Aurora Veil
|upkeep
|turn|11
|inactive|disco 2003 has 120 seconds left.
|
|t:|1760333006
|-terastallize|p2a: bury the light|Fighting
|move|p1a: Gang Bang|Bite|p2a: bury the light
|-resisted|p2a: bury the light
|-damage|p2a: bury the light|28/100
|-ability|p2a: bury the light|Weak Armor|boost
|-unboost|p2a: bury the light|def|1
|-boost|p2a: bury the light|spe|2
|move|p2a: bury the light|Swords Dance|p2a: bury the light
|-boost|p2a: bury the light|atk|2
|
|-weather|Snowscape|[upkeep]
|upkeep
|turn|12
|inactive|disco 2003 has 120 seconds left.
|
|t:|1760333019
|switch|p1a: DraGhost|Dragapult, F|20/100
|move|p2a: bury the light|Bitter Blade|p1a: DraGhost
|-resisted|p1a: DraGhost
|-damage|p1a: DraGhost|0 fnt
|-heal|p2a: bury the light|41/100|[from] drain|[of] p1a: DraGhost
|faint|p1a: DraGhost
|
|-weather|none
|upkeep
|inactive|Obito 2001 has 120 seconds left.
|inactive|Obito 2001 has 90 seconds left.
|
|t:|1760333095
|switch|p1a: Darkrai|Darkrai|100/100
|turn|13
|
|t:|1760333104
|move|p1a: Darkrai|Sucker Punch|p2a: bury the light
|-resisted|p2a: bury the light
|-damage|p2a: bury the light|0 fnt
|faint|p2a: bury the light
|-damage|p1a: Darkrai|91/100|[from] item: Life Orb
|
|upkeep
|inactive|disco 2003 has 120 seconds left.
|
|t:|1760333135
|switch|p2a: snow bunny|Ninetales-Alola, F|89/100
|-weather|Snowscape|[from] ability: Snow Warning|[of] p2a: snow bunny
|turn|14
|
|t:|1760333139
|move|p1a: Darkrai|Sludge Bomb|p2a: snow bunny
|-supereffective|p2a: snow bunny
|-damage|p2a: snow bunny|2/100
|-damage|p1a: Darkrai|81/100|[from] item: Life Orb
|move|p2a: snow bunny|Moonblast|p1a: Darkrai
|-supereffective|p1a: Darkrai
|-crit|p1a: Darkrai
|-damage|p1a: Darkrai|0 fnt
|faint|p1a: Darkrai
|
|-weather|Snowscape|[upkeep]
|upkeep
|inactive|Obito 2001 has 90 seconds left.
|
|t:|1760333152
|switch|p1a: Braviary|Braviary-Hisui, M|100/100
|turn|15
|inactive|disco 2003 has 120 seconds left.
|
|t:|1760333172
|move|p1a: Braviary|Vacuum Wave|p2a: snow bunny
|-crit|p2a: snow bunny
|-damage|p2a: snow bunny|0 fnt
|faint|p2a: snow bunny
|-damage|p1a: Braviary|91/100|[from] item: Life Orb
|
|-weather|Snowscape|[upkeep]
|upkeep
|
|t:|1760333176
|switch|p2a: rng my ahh|Kyurem|100/100
|-ability|p2a: rng my ahh|Pressure
|turn|16
|inactive|disco 2003 has 120 seconds left.
|
|t:|1760333195
|move|p1a: Braviary|Vacuum Wave|p2a: rng my ahh
|-supereffective|p2a: rng my ahh
|-damage|p2a: rng my ahh|64/100
|-damage|p1a: Braviary|81/100|[from] item: Life Orb
|move|p2a: rng my ahh|Dragon Dance|p2a: rng my ahh
|-boost|p2a: rng my ahh|atk|1
|-boost|p2a: rng my ahh|spe|1
|
|-weather|Snowscape|[upkeep]
|upkeep
|turn|17
|inactive|disco 2003 has 120 seconds left.
|inactive|Obito 2001 has 90 seconds left.
|inactive|Obito 2001 has 60 seconds left.
|
|t:|1760333256
|move|p1a: Braviary|Vacuum Wave|p2a: rng my ahh
|-supereffective|p2a: rng my ahh
|-damage|p2a: rng my ahh|32/100
|-damage|p1a: Braviary|71/100|[from] item: Life Orb
|move|p2a: rng my ahh|Scale Shot|p1a: Braviary
|-damage|p1a: Braviary|43/100
|-damage|p1a: Braviary|14/100
|-damage|p1a: Braviary|0 fnt
|faint|p1a: Braviary
|-hitcount|p1: Braviary|3
|-unboost|p2a: rng my ahh|def|1
|-boost|p2a: rng my ahh|spe|1
|
|-weather|Snowscape|[upkeep]
|upkeep
|inactive|Obito 2001 has 30 seconds left.
|inactive|Obito 2001 has 20 seconds left.
|
|t:|1760333301
|switch|p1a: La Lisa|Manaphy|100/100
|turn|18
|inactive|Obito 2001 has 30 seconds left this turn.
|
|t:|1760333307
|-terastallize|p1a: La Lisa|Fairy
|move|p2a: rng my ahh|Scale Shot|p1a: La Lisa
|-immune|p1a: La Lisa
|move|p1a: La Lisa|Alluring Voice|p2a: rng my ahh
|-supereffective|p2a: rng my ahh
|-damage|p2a: rng my ahh|0 fnt
|faint|p2a: rng my ahh
|
|-weather|none
|upkeep
|
|t:|1760333318
|switch|p2a: 50/50|Raging Bolt|100/100
|-enditem|p2a: 50/50|Booster Energy
|-activate|p2a: 50/50|ability: Protosynthesis|[fromitem]
|-start|p2a: 50/50|protosynthesisspa
|turn|19
|
|t:|1760333327
|switch|p1a: Mega Donphan|Great Tusk|100/100
|move|p2a: 50/50|Thunderbolt|p1a: Mega Donphan
|-immune|p1a: Mega Donphan
|
|upkeep
|turn|20
|
|t:|1760333343
|-end|p2a: 50/50|Protosynthesis|[silent]
|switch|p2a: realpsyspam|Latias, F|100/100
|move|p1a: Mega Donphan|Ice Spinner|p2a: realpsyspam
|-supereffective|p2a: realpsyspam
|-damage|p2a: realpsyspam|29/100
|
|-heal|p2a: realpsyspam|35/100|[from] item: Leftovers
|upkeep
|turn|21
|j| Master Thespian
|inactive|disco 2003 has 120 seconds left.
|
|t:|1760333352
|-end|p1a: Mega Donphan|Protosynthesis|[silent]
|switch|p1a: La Lisa|Manaphy, tera:Fairy|100/100
|move|p2a: realpsyspam|Agility|p2a: realpsyspam
|-boost|p2a: realpsyspam|spe|2
|
|-heal|p2a: realpsyspam|41/100|[from] item: Leftovers
|upkeep
|turn|22
|inactive|disco 2003 has 120 seconds left.
|
|t:|1760333364
|move|p2a: realpsyspam|Stored Power|p1a: La Lisa
|-damage|p1a: La Lisa|69/100
|move|p1a: La Lisa|Alluring Voice|p2a: realpsyspam
|-supereffective|p2a: realpsyspam
|-damage|p2a: realpsyspam|0 fnt
|faint|p2a: realpsyspam
|
|-heal|p1a: La Lisa|75/100|[from] item: Leftovers
|upkeep
|
|t:|1760333366
|switch|p2a: MoveMerchant|Iron Moth|100/100
|-enditem|p2a: MoveMerchant|Booster Energy
|-activate|p2a: MoveMerchant|ability: Quark Drive|[fromitem]
|-start|p2a: MoveMerchant|quarkdrivespe
|turn|23
|
|t:|1760333376
|move|p2a: MoveMerchant|Fiery Dance|p1a: La Lisa
|-damage|p1a: La Lisa|35/100
|move|p1a: La Lisa|Surf|p2a: MoveMerchant
|-supereffective|p2a: MoveMerchant
|-damage|p2a: MoveMerchant|31/100
|
|-heal|p1a: La Lisa|42/100|[from] item: Leftovers
|upkeep
|turn|24
|
|t:|1760333385
|move|p2a: MoveMerchant|Sludge Wave|p1a: La Lisa
|-supereffective|p1a: La Lisa
|-damage|p1a: La Lisa|0 fnt
|faint|p1a: La Lisa
|
|upkeep
|
|t:|1760333387
|switch|p1a: Mega Donphan|Great Tusk|100/100
|turn|25
|
|t:|1760333389
|move|p2a: MoveMerchant|Energy Ball|p1a: Mega Donphan
|-supereffective|p1a: Mega Donphan
|-damage|p1a: Mega Donphan|5/100
|move|p1a: Mega Donphan|Headlong Rush|p2a: MoveMerchant
|-supereffective|p2a: MoveMerchant
|-damage|p2a: MoveMerchant|0 fnt
|-unboost|p1a: Mega Donphan|def|1
|-unboost|p1a: Mega Donphan|spd|1
|faint|p2a: MoveMerchant
|-end|p2a: MoveMerchant|Quark Drive|[silent]
|
|upkeep
|
|t:|1760333394
|switch|p2a: 50/50|Raging Bolt|100/100
|turn|26
|
|t:|1760333397
|move|p1a: Mega Donphan|Headlong Rush|p2a: 50/50
|-supereffective|p2a: 50/50
|-damage|p2a: 50/50|2/100
|-unboost|p1a: Mega Donphan|def|1
|-unboost|p1a: Mega Donphan|spd|1
|move|p2a: 50/50|Dragon Pulse|p1a: Mega Donphan
|-damage|p1a: Mega Donphan|0 fnt
|faint|p1a: Mega Donphan
|-end|p1a: Mega Donphan|Protosynthesis|[silent]
|
|upkeep
|
|t:|1760333403
|switch|p1a: Gang Bang|Maushold-Four|26/100
|turn|27
|
|t:|1760333407
|move|p1a: Gang Bang|Population Bomb|p2a: 50/50
|-damage|p2a: 50/50|0 fnt
|faint|p2a: 50/50
|-end|p2a: 50/50|Protosynthesis|[silent]
|-hitcount|p2: 50/50|1
|
|win|Obito 2001
|raw|Obito 2001's rating: 1637 &rarr; <strong>1670</strong><br />(+33 for winning)
|raw|disco 2003's rating: 1905 &rarr; <strong>1872</strong><br />(-33 for losing)
|c|☆disco 2003|gg
|l|☆disco 2003
|player|p2|
|c|☆Obito 2001|Gg
|l|☆Obito 2001
|player|p1|
|l| Master Thespian
