|j|☆youjustgotnoobed
|j|☆crazey19
|t:|1760376633
|gametype|singles
|player|p1|youjustgotnoobed|lady|1457
|player|p2|crazey19|veteran-gen4|1456
|gen|9
|tier|[Gen 9] OU
|rated|
|rule|HP Percentage Mod: HP is shown in percentages
|rule|Endless Battle Clause: Forcing endless battles is banned
|rule|Species Clause: Limit one of each Pokémon
|rule|OHKO Clause: OHKO moves are banned
|rule|Evasion Items Clause: Evasion items are banned
|rule|Evasion Moves Clause: Evasion moves are banned
|rule|Evasion Abilities Clause: Evasion abilities are banned
|rule|Sleep Moves Clause: Sleep-inducing moves are banned
|clearpoke
|poke|p1|Tyranitar, M|
|poke|p1|Gholdengo|
|poke|p1|Excadrill, M|
|poke|p1|Tornadus-Therian, M|
|poke|p1|Ogerpon-Wellspring, F|
|poke|p1|Arcanine, F|
|poke|p2|Thundurus-Therian, M|
|poke|p2|Garchomp, F|
|poke|p2|Scizor, M|
|poke|p2|Heatran, F|
|poke|p2|Glimmora, F|
|poke|p2|Zarude|
|teampreview
|inactive|Battle timer is ON: inactive players will automatically lose when time's up. (requested by youjustgotnoobed)
|
|t:|1760376652
|teamsize|p1|6
|teamsize|p2|6
|start
|switch|p1a: Tyranitar|Tyranitar, M|100/100
|switch|p2a: Glimmora|Glimmora, F|100/100
|-weather|Sandstorm|[from] ability: Sand Stream|[of] p1a: Tyranitar
|turn|1
|
|t:|1760376666
|move|p2a: Glimmora|Stealth Rock|p1a: Tyranitar
|-sidestart|p1: youjustgotnoobed|move: Stealth Rock
|move|p1a: Tyranitar|Knock Off|p2a: Glimmora
|-enditem|p2a: Glimmora|Focus Sash
|-damage|p2a: Glimmora|1/100
|-activate|p2a: Glimmora|ability: Toxic Debris
|-sidestart|p1: youjustgotnoobed|move: Toxic Spikes
|
|-weather|Sandstorm|[upkeep]
|upkeep
|turn|2
|
|t:|1760376683
|move|p2a: Glimmora|Earth Power|p1a: Tyranitar
|-supereffective|p1a: Tyranitar
|-damage|p1a: Tyranitar|63/100
|move|p1a: Tyranitar|Knock Off|p2a: Glimmora
|-damage|p2a: Glimmora|0 fnt
|-activate|p2a: Glimmora|ability: Toxic Debris
|-sidestart|p1: youjustgotnoobed|move: Toxic Spikes
|faint|p2a: Glimmora
|
|-weather|Sandstorm|[upkeep]
|upkeep
|
|t:|1760376688
|switch|p2a: Zarude|Zarude|100/100
|turn|3
|
|t:|1760376694
|switch|p1a: Arcanine|Arcanine, F|100/100
|-ability|p1a: Arcanine|Intimidate|boost
|-unboost|p2a: Zarude|atk|1
|move|p2a: Zarude|Bulk Up|p2a: Zarude
|-boost|p2a: Zarude|atk|1
|-boost|p2a: Zarude|def|1
|
|-weather|Sandstorm|[upkeep]
|-damage|p2a: Zarude|95/100|[from] Sandstorm
|-damage|p1a: Arcanine|94/100|[from] Sandstorm
|upkeep
|turn|4
|
|t:|1760376706
|move|p2a: Zarude|Trailblaze|p1a: Arcanine
|-resisted|p1a: Arcanine
|-damage|p1a: Arcanine|81/100
|-boost|p2a: Zarude|spe|1
|move|p1a: Arcanine|Will-O-Wisp|p2a: Zarude
|-status|p2a: Zarude|brn
|
|-weather|Sandstorm|[upkeep]
|-damage|p2a: Zarude|89/100 brn|[from] Sandstorm
|-damage|p1a: Arcanine|75/100|[from] Sandstorm
|-damage|p2a: Zarude|83/100 brn|[from] brn
|upkeep
|turn|5
|
|t:|1760376713
|move|p2a: Zarude|Bulk Up|p2a: Zarude
|-boost|p2a: Zarude|atk|1
|-boost|p2a: Zarude|def|1
|move|p1a: Arcanine|Flare Blitz|p2a: Zarude
|-supereffective|p2a: Zarude
|-damage|p2a: Zarude|38/100 brn
|-damage|p1a: Arcanine|62/100|[from] Recoil
|
|-weather|none
|-damage|p2a: Zarude|32/100 brn|[from] brn
|upkeep
|turn|6
|
|t:|1760376725
|move|p2a: Zarude|Knock Off|p1a: Arcanine
|-damage|p1a: Arcanine|21/100
|-enditem|p1a: Arcanine|Heavy-Duty Boots|[from] move: Knock Off|[of] p2a: Zarude
|move|p1a: Arcanine|Flare Blitz|p2a: Zarude
|-supereffective|p2a: Zarude
|-damage|p2a: Zarude|0 fnt
|faint|p2a: Zarude
|-damage|p1a: Arcanine|11/100|[from] Recoil
|
|upkeep
|
|t:|1760376733
|switch|p2a: Garchomp|Garchomp, F|100/100
|turn|7
|
|t:|1760376737
|move|p2a: Garchomp|Scale Shot|p1a: Arcanine
|-damage|p1a: Arcanine|0 fnt
|faint|p1a: Arcanine
|-hitcount|p1: Arcanine|1
|-unboost|p2a: Garchomp|def|1
|-boost|p2a: Garchomp|spe|1
|
|upkeep
|
|t:|1760376748
|switch|p1a: Excadrill|Excadrill, M|100/100
|-damage|p1a: Excadrill|97/100|[from] Stealth Rock
|-item|p1a: Excadrill|Air Balloon
|turn|8
|
|t:|1760376763
|move|p2a: Garchomp|Swords Dance|p2a: Garchomp
|-boost|p2a: Garchomp|atk|2
|move|p1a: Excadrill|Rapid Spin|p2a: Garchomp
|-damage|p2a: Garchomp|72/100
|-boost|p1a: Excadrill|spe|1
|-damage|p1a: Excadrill|85/100|[from] ability: Rough Skin|[of] p2a: Garchomp
|-sideend|p1: youjustgotnoobed|Toxic Spikes|[from] move: Rapid Spin|[of] p1a: Excadrill
|-sideend|p1: youjustgotnoobed|Stealth Rock|[from] move: Rapid Spin|[of] p1a: Excadrill
|
|upkeep
|turn|9
|
|t:|1760376776
|move|p2a: Garchomp|Fire Fang|p1a: Excadrill
|-supereffective|p1a: Excadrill
|-damage|p1a: Excadrill|0 fnt
|-enditem|p1a: Excadrill|Air Balloon
|faint|p1a: Excadrill
|
|upkeep
|
|t:|1760376783
|switch|p1a: Tyranitar|Tyranitar, M|63/100
|-weather|Sandstorm|[from] ability: Sand Stream|[of] p1a: Tyranitar
|turn|10
|
|t:|1760376799
|-terastallize|p1a: Tyranitar|Bug
|move|p2a: Garchomp|Earthquake|p1a: Tyranitar
|-resisted|p1a: Tyranitar
|-damage|p1a: Tyranitar|24/100
|move|p1a: Tyranitar|Ice Punch|p2a: Garchomp
|-supereffective|p2a: Garchomp
|-damage|p2a: Garchomp|0 fnt
|-damage|p1a: Tyranitar|12/100|[from] ability: Rough Skin|[of] p2a: Garchomp
|faint|p2a: Garchomp
|
|-weather|Sandstorm|[upkeep]
|-damage|p1a: Tyranitar|5/100|[from] Sandstorm
|upkeep
|
|t:|1760376809
|switch|p2a: Scizor|Scizor, M|100/100
|turn|11
|
|t:|1760376814
|move|p2a: Scizor|Bullet Punch|p1a: Tyranitar
|-damage|p1a: Tyranitar|0 fnt
|faint|p1a: Tyranitar
|
|-weather|Sandstorm|[upkeep]
|upkeep
|
|t:|1760376818
|switch|p1a: Tornadus|Tornadus-Therian, M|100/100
|turn|12
|
|t:|1760376821
|move|p1a: Tornadus|Knock Off|p2a: Scizor
|-damage|p2a: Scizor|80/100
|-enditem|p2a: Scizor|Sitrus Berry|[from] move: Knock Off|[of] p1a: Tornadus
|move|p2a: Scizor|Knock Off|p1a: Tornadus
|-damage|p1a: Tornadus|57/100
|-enditem|p1a: Tornadus|Assault Vest|[from] move: Knock Off|[of] p2a: Scizor
|
|-weather|Sandstorm|[upkeep]
|-damage|p1a: Tornadus|51/100|[from] Sandstorm
|upkeep
|turn|13
|
|t:|1760376829
|switch|p2a: Thundurus|Thundurus-Therian, M|100/100
|move|p1a: Tornadus|Heat Wave|p2a: Thundurus
|-damage|p2a: Thundurus|65/100
|-status|p2a: Thundurus|brn
|
|-weather|Sandstorm|[upkeep]
|-damage|p2a: Thundurus|59/100 brn|[from] Sandstorm
|-damage|p1a: Tornadus|45/100|[from] Sandstorm
|-damage|p2a: Thundurus|53/100 brn|[from] brn
|upkeep
|turn|14
|
|t:|1760376840
|move|p2a: Thundurus|Volt Switch|p1a: Tornadus
|-supereffective|p1a: Tornadus
|-damage|p1a: Tornadus|0 fnt
|faint|p1a: Tornadus
|
|t:|1760376845
|switch|p2a: Scizor|Scizor, M|80/100|[from] Volt Switch
|
|-weather|none
|upkeep
|
|t:|1760376850
|switch|p1a: Ogerpon|Ogerpon-Wellspring, F|100/100
|turn|15
|
|t:|1760376863
|move|p1a: Ogerpon|Ivy Cudgel|p2a: Scizor|[anim] Ivy Cudgel Water
|-damage|p2a: Scizor|20/100
|move|p2a: Scizor|U-turn|p1a: Ogerpon
|-supereffective|p1a: Ogerpon
|-damage|p1a: Ogerpon|0 fnt
|faint|p1a: Ogerpon
|
|t:|1760376871
|switch|p2a: Thundurus|Thundurus-Therian, M|53/100 brn|[from] U-turn
|
|-damage|p2a: Thundurus|47/100 brn|[from] brn
|upkeep
|
|t:|1760376873
|switch|p1a: Gholdengo|Gholdengo|100/100
|turn|16
|inactive|youjustgotnoobed has 120 seconds left.
|
|t:|1760376910
|move|p2a: Thundurus|Thunderbolt|p1a: Gholdengo
|-damage|p1a: Gholdengo|44/100
|move|p1a: Gholdengo|Focus Blast|p2a: Thundurus|[miss]
|-miss|p1a: Gholdengo|p2a: Thundurus
|
|-damage|p2a: Thundurus|41/100 brn|[from] brn
|upkeep
|turn|17
|-message|youjustgotnoobed forfeited.
|
|win|crazey19
|raw|youjustgotnoobed's rating: 1457 &rarr; <strong>1437</strong><br />(-20 for losing)
|raw|crazey19's rating: 1456 &rarr; <strong>1476</strong><br />(+20 for winning)
|l|☆youjustgotnoobed
|player|p1|
|l|☆crazey19
|player|p2|
