|j|☆Grem1234567
|j|☆Shubway
|t:|1760445650
|gametype|singles
|player|p1|Grem1234567|2|1297
|player|p2|Shubway|102|1316
|gen|9
|tier|[Gen 9] OU
|rated|
|rule|HP Percentage Mod: HP is shown in percentages
|rule|Endless Battle Clause: Forcing endless battles is banned
|rule|Species Clause: Limit one of each Pokémon
|rule|OHKO Clause: OHKO moves are banned
|rule|Evasion Items Clause: Evasion items are banned
|rule|Evasion Moves Clause: Evasion moves are banned
|rule|Evasion Abilities Clause: Evasion abilities are banned
|rule|Sleep Moves Clause: Sleep-inducing moves are banned
|clearpoke
|poke|p1|Pecharunt|
|poke|p1|Zapdos|
|poke|p1|Araquanid, F|
|poke|p1|Ogerpon-Wellspring, F|
|poke|p1|Iron Treads|
|poke|p1|Cinderace, F|
|poke|p2|Polteageist|
|poke|p2|Grimmsnarl, M|
|poke|p2|Indeedee, M|
|poke|p2|Salazzle, F|
|poke|p2|Hawlucha, M|
|poke|p2|Ogerpon-Wellspring, F|
|teampreview
|inactive|Battle timer is ON: inactive players will automatically lose when time's up. (requested by Shubway)
|
|t:|1760445685
|teamsize|p1|6
|teamsize|p2|6
|start
|switch|p1a: Araquanid|Araquanid, F|100/100
|switch|p2a: Indeedee|Indeedee, M|100/100
|-fieldstart|move: Psychic Terrain|[from] ability: Psychic Surge|[of] p2a: Indeedee
|turn|1
|inactive|Grem1234567 has 120 seconds left.
|
|t:|1760445727
|switch|p2a: Grimmsnarl|Grimmsnarl, M|100/100
|move|p1a: Araquanid|Leech Life|p2a: Grimmsnarl
|-damage|p2a: Grimmsnarl|59/100
|
|upkeep
|turn|2
|inactive|Shubway has 120 seconds left.
|
|t:|1760445777
|move|p2a: Grimmsnarl|Spirit Break|p1a: Araquanid
|-damage|p1a: Araquanid|56/100
|-unboost|p1a: Araquanid|spa|1
|move|p1a: Araquanid|Liquidation|p2a: Grimmsnarl
|-damage|p2a: Grimmsnarl|0 fnt
|faint|p2a: Grimmsnarl
|
|upkeep
|
|t:|1760445789
|switch|p2a: Hawlucha|Hawlucha, M|100/100
|-enditem|p2a: Hawlucha|Psychic Seed
|-boost|p2a: Hawlucha|spd|1|[from] item: Psychic Seed
|turn|3
|
|t:|1760445794
|move|p2a: Hawlucha|Swords Dance|p2a: Hawlucha
|-boost|p2a: Hawlucha|atk|2
|move|p1a: Araquanid|Liquidation|p2a: Hawlucha
|-damage|p2a: Hawlucha|6/100
|-unboost|p2a: Hawlucha|def|1
|
|upkeep
|turn|4
|
|t:|1760445798
|switch|p1a: Zapdos|Zapdos|100/100
|move|p2a: Hawlucha|Acrobatics|p1a: Zapdos
|-resisted|p1a: Zapdos
|-damage|p1a: Zapdos|47/100
|-damage|p2a: Hawlucha|0 fnt|[from] item: Rocky Helmet|[of] p1a: Zapdos
|faint|p2a: Hawlucha
|
|upkeep
|
|t:|1760445806
|switch|p2a: Polteageist|Polteageist|100/100
|turn|5
|
|t:|1760445809
|move|p2a: Polteageist|Shell Smash|p2a: Polteageist
|-unboost|p2a: Polteageist|def|1
|-unboost|p2a: Polteageist|spd|1
|-boost|p2a: Polteageist|atk|2
|-boost|p2a: Polteageist|spa|2
|-boost|p2a: Polteageist|spe|2
|-enditem|p2a: Polteageist|White Herb
|-clearnegativeboost|p2a: Polteageist|[silent]
|move|p1a: Zapdos|Discharge|p2a: Polteageist
|-damage|p2a: Polteageist|44/100
|
|upkeep
|turn|6
|
|t:|1760445821
|move|p2a: Polteageist|Stored Power|p1a: Zapdos
|-damage|p1a: Zapdos|0 fnt
|faint|p1a: Zapdos
|
|upkeep
|
|t:|1760445824
|switch|p1a: Araquanid|Araquanid, F|56/100
|turn|7
|
|t:|1760445828
|move|p1a: Araquanid|Endure|p1a: Araquanid
|-singleturn|p1a: Araquanid|move: Endure
|move|p2a: Polteageist|Stored Power|p1a: Araquanid
|-activate|p1a: Araquanid|move: Endure
|-damage|p1a: Araquanid|1/100
|
|upkeep
|turn|8
|-enditem|p1a: Araquanid|Custap Berry|[eat]
|-activate|p1a: Araquanid|item: Custap Berry|[consumed]
|
|t:|1760445844
|switch|p2a: Ogerpon|Ogerpon-Wellspring, F|100/100
|move|p1a: Araquanid|Leech Life|p2a: Ogerpon
|-supereffective|p2a: Ogerpon
|-damage|p2a: Ogerpon|26/100
|-heal|p1a: Araquanid|34/100|[from] drain|[of] p2a: Ogerpon
|
|-fieldend|move: Psychic Terrain
|upkeep
|turn|9
|
|t:|1760445854
|move|p2a: Ogerpon|Horn Leech|p1a: Araquanid
|-damage|p1a: Araquanid|0 fnt
|-heal|p2a: Ogerpon|45/100|[from] drain|[of] p1a: Araquanid
|faint|p1a: Araquanid
|
|upkeep
|
|t:|1760445861
|switch|p1a: Cinderace|Cinderace, F|100/100
|turn|10
|
|t:|1760445866
|move|p1a: Cinderace|Pyro Ball|p2a: Ogerpon
|-damage|p2a: Ogerpon|0 fnt
|faint|p2a: Ogerpon
|-damage|p1a: Cinderace|91/100|[from] item: Life Orb
|
|upkeep
|
|t:|1760445869
|switch|p2a: Salazzle|Salazzle, F|100/100
|turn|11
|
|t:|1760445872
|switch|p1a: Pecharunt|Pecharunt|100/100
|move|p2a: Salazzle|Toxic|p1a: Pecharunt
|-status|p1a: Pecharunt|tox
|
|-damage|p1a: Pecharunt|94/100 tox|[from] psn
|upkeep
|turn|12
|
|t:|1760445875
|move|p2a: Salazzle|Substitute|p2a: Salazzle
|-start|p2a: Salazzle|Substitute
|-damage|p2a: Salazzle|76/100
|move|p1a: Pecharunt|Nasty Plot|p1a: Pecharunt
|-boost|p1a: Pecharunt|spa|2
|
|-heal|p2a: Salazzle|82/100|[from] item: Leftovers
|-heal|p1a: Pecharunt|100/100 tox|[from] item: Leftovers
|-damage|p1a: Pecharunt|88/100 tox|[from] psn
|upkeep
|turn|13
|
|t:|1760445879
|move|p2a: Salazzle|Protect|p2a: Salazzle
|-singleturn|p2a: Salazzle|Protect
|move|p1a: Pecharunt|Hex|p2a: Salazzle
|-activate|p2a: Salazzle|move: Protect
|
|-heal|p2a: Salazzle|88/100|[from] item: Leftovers
|-heal|p1a: Pecharunt|94/100 tox|[from] item: Leftovers
|-damage|p1a: Pecharunt|76/100 tox|[from] psn
|upkeep
|turn|14
|inactive|Shubway has 120 seconds left.
|
|t:|1760445919
|move|p2a: Salazzle|Flamethrower|p1a: Pecharunt
|-damage|p1a: Pecharunt|36/100 tox
|move|p1a: Pecharunt|Hex|p2a: Salazzle
|-end|p2a: Salazzle|Substitute
|
|-heal|p2a: Salazzle|94/100|[from] item: Leftovers
|-heal|p1a: Pecharunt|42/100 tox|[from] item: Leftovers
|-damage|p1a: Pecharunt|18/100 tox|[from] psn
|upkeep
|turn|15
|
|t:|1760445925
|move|p2a: Salazzle|Protect|p2a: Salazzle
|-singleturn|p2a: Salazzle|Protect
|move|p1a: Pecharunt|Hex|p2a: Salazzle
|-activate|p2a: Salazzle|move: Protect
|
|-heal|p2a: Salazzle|99/100|[from] item: Leftovers
|-heal|p1a: Pecharunt|24/100 tox|[from] item: Leftovers
|-damage|p1a: Pecharunt|0 fnt|[from] psn
|faint|p1a: Pecharunt
|upkeep
|
|t:|1760445936
|switch|p1a: Ogerpon|Ogerpon-Wellspring, F|100/100
|turn|16
|
|t:|1760445945
|move|p2a: Salazzle|Toxic|p1a: Ogerpon
|-status|p1a: Ogerpon|tox
|move|p1a: Ogerpon|Ivy Cudgel|p2a: Salazzle|[anim] Ivy Cudgel Water
|-supereffective|p2a: Salazzle
|-damage|p2a: Salazzle|0 fnt
|faint|p2a: Salazzle
|
|-damage|p1a: Ogerpon|95/100 tox|[from] psn
|upkeep
|
|t:|1760445947
|switch|p2a: Indeedee|Indeedee, M|100/100
|-fieldstart|move: Psychic Terrain|[from] ability: Psychic Surge|[of] p2a: Indeedee
|turn|17
|
|t:|1760445951
|move|p1a: Ogerpon|Ivy Cudgel|p2a: Indeedee|[anim] Ivy Cudgel Water
|-damage|p2a: Indeedee|0 fnt
|faint|p2a: Indeedee
|
|-damage|p1a: Ogerpon|83/100 tox|[from] psn
|upkeep
|-message|Shubway forfeited.
|
|win|Grem1234567
|raw|Grem1234567's rating: 1297 &rarr; <strong>1323</strong><br />(+26 for winning)
|raw|Shubway's rating: 1316 &rarr; <strong>1295</strong><br />(-21 for losing)
|l|☆Shubway
|player|p2|
