|j|☆BTUUUU
|j|☆NoFishNoLife
|t:|1760436618
|gametype|singles
|player|p1|BTUUUU|steven|1259
|player|p2|NoFishNoLife|fisherman-gen4|1253
|gen|9
|tier|[Gen 9] OU
|rated|
|rule|HP Percentage Mod: HP is shown in percentages
|rule|Endless Battle Clause: Forcing endless battles is banned
|rule|Species Clause: Limit one of each Pokémon
|rule|OHKO Clause: OHKO moves are banned
|rule|Evasion Items Clause: Evasion items are banned
|rule|Evasion Moves Clause: Evasion moves are banned
|rule|Evasion Abilities Clause: Evasion abilities are banned
|rule|Sleep Moves Clause: Sleep-inducing moves are banned
|clearpoke
|poke|p1|Garchomp, M|
|poke|p1|Darkrai|
|poke|p1|Gholdengo|
|poke|p1|Ogerpon-Wellspring, F|
|poke|p1|Iron Valiant|
|poke|p1|Iron Treads|
|poke|p2|Volcanion|
|poke|p2|Rabsca, M|
|poke|p2|Ditto|
|poke|p2|Clefable, F|
|poke|p2|Hoopa-Unbound|
|poke|p2|Cloyster, F|
|teampreview
|inactive|Battle timer is ON: inactive players will automatically lose when time's up. (requested by BTUUUU)
|
|t:|1760436633
|teamsize|p1|6
|teamsize|p2|6
|start
|switch|p1a: Gholdengo|Gholdengo|100/100
|switch|p2a: Fish|Volcanion|100/100
|-item|p1a: Gholdengo|Air Balloon
|turn|1
|
|t:|1760436642
|switch|p1a: Garchomp|Garchomp, M|100/100
|move|p2a: Fish|Fire Blast|p1a: Garchomp
|-resisted|p1a: Garchomp
|-damage|p1a: Garchomp|73/100
|
|upkeep
|turn|2
|
|t:|1760436646
|move|p1a: Garchomp|Earthquake|p2a: Fish
|-supereffective|p2a: Fish
|-damage|p2a: Fish|26/100
|move|p2a: Fish|Steam Eruption|p1a: Garchomp
|-damage|p1a: Garchomp|9/100
|
|upkeep
|turn|3
|
|t:|1760436654
|move|p1a: Garchomp|Earthquake|p2a: Fish
|-supereffective|p2a: Fish
|-damage|p2a: Fish|0 fnt
|faint|p2a: Fish
|
|upkeep
|
|t:|1760436658
|switch|p2a: Cloyster|Cloyster, F|100/100
|turn|4
|
|t:|1760436663
|move|p1a: Garchomp|Earthquake|p2a: Cloyster
|-damage|p2a: Cloyster|67/100
|move|p2a: Cloyster|Shell Smash|p2a: Cloyster
|-unboost|p2a: Cloyster|def|1
|-unboost|p2a: Cloyster|spd|1
|-boost|p2a: Cloyster|atk|2
|-boost|p2a: Cloyster|spa|2
|-boost|p2a: Cloyster|spe|2
|
|upkeep
|turn|5
|
|t:|1760436666
|move|p2a: Cloyster|Icicle Spear|p1a: Garchomp
|-supereffective|p1a: Garchomp
|-damage|p1a: Garchomp|0 fnt
|faint|p1a: Garchomp
|-hitcount|p1: Garchomp|1
|
|upkeep
|inactive|BTUUUU has 120 seconds left.
|
|t:|1760436697
|switch|p1a: Iron Valiant|Iron Valiant|100/100
|-enditem|p1a: Iron Valiant|Booster Energy
|-activate|p1a: Iron Valiant|ability: Quark Drive|[fromitem]
|-start|p1a: Iron Valiant|quarkdrivespe
|turn|6
|
|t:|1760436707
|move|p1a: Iron Valiant|Thunderbolt|p2a: Cloyster
|-supereffective|p2a: Cloyster
|-damage|p2a: Cloyster|0 fnt
|faint|p2a: Cloyster
|
|upkeep
|
|t:|1760436722
|switch|p2a: Blessiy|Clefable, F, shiny|100/100
|turn|7
|
|t:|1760436728
|-end|p1a: Iron Valiant|Quark Drive|[silent]
|switch|p1a: Iron Treads|Iron Treads|100/100
|move|p2a: Blessiy|Cosmic Power|p2a: Blessiy
|-boost|p2a: Blessiy|def|1
|-boost|p2a: Blessiy|spd|1
|
|upkeep
|turn|8
|
|t:|1760436737
|move|p1a: Iron Treads|Knock Off|p2a: Blessiy
|-resisted|p2a: Blessiy
|-damage|p2a: Blessiy|94/100
|-enditem|p2a: Blessiy|Leftovers|[from] move: Knock Off|[of] p1a: Iron Treads
|move|p2a: Blessiy|Cosmic Power|p2a: Blessiy
|-boost|p2a: Blessiy|def|1
|-boost|p2a: Blessiy|spd|1
|
|upkeep
|turn|9
|
|t:|1760436746
|-end|p1a: Iron Treads|Quark Drive|[silent]
|switch|p1a: Ogerpon|Ogerpon-Wellspring, F|100/100
|move|p2a: Blessiy|Cosmic Power|p2a: Blessiy
|-boost|p2a: Blessiy|def|1
|-boost|p2a: Blessiy|spd|1
|
|upkeep
|turn|10
|
|t:|1760436756
|-terastallize|p1a: Ogerpon|Water
|detailschange|p1a: Ogerpon|Ogerpon-Wellspring-Tera, F, tera:Water
|-ability|p1a: Ogerpon|Embody Aspect (Wellspring)|boost
|-boost|p1a: Ogerpon|spd|1
|move|p1a: Ogerpon|Ivy Cudgel|p2a: Blessiy|[anim] Ivy Cudgel Water
|-damage|p2a: Blessiy|70/100
|move|p2a: Blessiy|Cosmic Power|p2a: Blessiy
|-boost|p2a: Blessiy|def|1
|-boost|p2a: Blessiy|spd|1
|
|upkeep
|turn|11
|
|t:|1760436766
|move|p1a: Ogerpon|Ivy Cudgel|p2a: Blessiy|[anim] Ivy Cudgel Water
|-damage|p2a: Blessiy|52/100
|move|p2a: Blessiy|Cosmic Power|p2a: Blessiy
|-boost|p2a: Blessiy|def|1
|-boost|p2a: Blessiy|spd|1
|
|upkeep
|turn|12
|
|t:|1760436769
|move|p1a: Ogerpon|Ivy Cudgel|p2a: Blessiy|[anim] Ivy Cudgel Water
|-damage|p2a: Blessiy|36/100
|move|p2a: Blessiy|Cosmic Power|p2a: Blessiy
|-boost|p2a: Blessiy|def|1
|-boost|p2a: Blessiy|spd|1
|
|upkeep
|turn|13
|
|t:|1760436773
|move|p1a: Ogerpon|Ivy Cudgel|p2a: Blessiy|[anim] Ivy Cudgel Water
|-damage|p2a: Blessiy|22/100
|move|p2a: Blessiy|Moonlight|p2a: Blessiy
|-heal|p2a: Blessiy|72/100
|
|upkeep
|turn|14
|
|t:|1760436776
|move|p1a: Ogerpon|Ivy Cudgel|p2a: Blessiy|[anim] Ivy Cudgel Water
|-damage|p2a: Blessiy|57/100
|move|p2a: Blessiy|Charge Beam|p1a: Ogerpon
|-supereffective|p1a: Ogerpon
|-damage|p1a: Ogerpon|86/100
|-boost|p2a: Blessiy|spa|1
|
|upkeep
|turn|15
|
|t:|1760436778
|move|p1a: Ogerpon|Ivy Cudgel|p2a: Blessiy|[anim] Ivy Cudgel Water
|-damage|p2a: Blessiy|43/100
|move|p2a: Blessiy|Charge Beam|p1a: Ogerpon|[miss]
|-miss|p2a: Blessiy|p1a: Ogerpon
|
|upkeep
|turn|16
|
|t:|1760436781
|move|p1a: Ogerpon|Ivy Cudgel|p2a: Blessiy|[anim] Ivy Cudgel Water
|-damage|p2a: Blessiy|29/100
|move|p2a: Blessiy|Moonlight|p2a: Blessiy
|-heal|p2a: Blessiy|79/100
|
|upkeep
|turn|17
|
|t:|1760436784
|move|p1a: Ogerpon|Ivy Cudgel|p2a: Blessiy|[anim] Ivy Cudgel Water
|-damage|p2a: Blessiy|63/100
|move|p2a: Blessiy|Charge Beam|p1a: Ogerpon
|-supereffective|p1a: Ogerpon
|-damage|p1a: Ogerpon|62/100
|-boost|p2a: Blessiy|spa|1
|
|upkeep
|turn|18
|
|t:|1760436786
|move|p1a: Ogerpon|Ivy Cudgel|p2a: Blessiy|[anim] Ivy Cudgel Water
|-crit|p2a: Blessiy
|-damage|p2a: Blessiy|0 fnt
|faint|p2a: Blessiy
|
|upkeep
|
|t:|1760436791
|switch|p2a: Hoopa|Hoopa-Unbound|100/100
|turn|19
|
|t:|1760436799
|move|p2a: Hoopa|Destiny Bond|p2a: Hoopa
|-singlemove|p2a: Hoopa|Destiny Bond
|move|p1a: Ogerpon|Synthesis|p1a: Ogerpon
|-heal|p1a: Ogerpon|100/100
|
|upkeep
|turn|20
|
|t:|1760436810
|switch|p2a: ._.|Ditto|100/100
|move|p1a: Ogerpon|Ivy Cudgel|p2a: ._.|[anim] Ivy Cudgel Water
|-damage|p2a: ._.|3/100
|
|upkeep
|turn|21
|
|t:|1760436815
|move|p1a: Ogerpon|Trailblaze|p2a: ._.
|-damage|p2a: ._.|0 fnt
|-boost|p1a: Ogerpon|spe|1
|faint|p2a: ._.
|
|upkeep
|
|t:|1760436819
|switch|p2a: Hoopa|Hoopa-Unbound|100/100
|turn|22
|
|t:|1760436825
|move|p1a: Ogerpon|Swords Dance|p1a: Ogerpon
|-boost|p1a: Ogerpon|atk|2
|move|p2a: Hoopa|Destiny Bond|p2a: Hoopa
|-singlemove|p2a: Hoopa|Destiny Bond
|
|upkeep
|turn|23
|-message|NoFishNoLife forfeited.
|
|win|BTUUUU
|raw|BTUUUU's rating: 1259 &rarr; <strong>1284</strong><br />(+25 for winning)
|raw|NoFishNoLife's rating: 1253 &rarr; <strong>1228</strong><br />(-25 for losing)
|l|☆NoFishNoLife
|player|p2|
|l|☆BTUUUU
|player|p1|
