|j|☆grunt ted
|j|‽The_Atigasgas
|t:|1760449035
|gametype|singles
|player|p1|grunt ted|rocketgrunt|1080
|player|p2|The_Atigasgas|2|1088
|gen|9
|tier|[Gen 9] OU
|rated|
|rule|HP Percentage Mod: HP is shown in percentages
|rule|Endless Battle Clause: Forcing endless battles is banned
|rule|Species Clause: Limit one of each Pokémon
|rule|OHKO Clause: OHKO moves are banned
|rule|Evasion Items Clause: Evasion items are banned
|rule|Evasion Moves Clause: Evasion moves are banned
|rule|Evasion Abilities Clause: Evasion abilities are banned
|rule|Sleep Moves Clause: Sleep-inducing moves are banned
|clearpoke
|poke|p1|Vaporeon, M|
|poke|p1|Meowscarada, F|
|poke|p1|Incineroar, F|
|poke|p1|Perrserker, M|
|poke|p1|Mew|
|poke|p1|Luxray, M|
|poke|p2|Klefki, F|
|poke|p2|Arcanine, M|
|poke|p2|Azumarill, F|
|poke|p2|Golurk|
|poke|p2|Electivire, M|
|poke|p2|Latias, F|
|teampreview
|
|t:|1760449045
|teamsize|p1|6
|teamsize|p2|6
|start
|switch|p1a: Luxray|Luxray, M|100/100
|switch|p2a: Golurk|Golurk|100/100
|-ability|p1a: Luxray|Intimidate|boost
|-unboost|p2a: Golurk|atk|1
|turn|1
|
|t:|1760449051
|move|p1a: Luxray|Ice Fang|p2a: Golurk
|-supereffective|p2a: Golurk
|-damage|p2a: Golurk|52/100
|move|p2a: Golurk|Stealth Rock|p1a: Luxray
|-sidestart|p1: grunt ted|move: Stealth Rock
|
|upkeep
|turn|2
|
|t:|1760449059
|switch|p2a: Electivire|Electivire, M|100/100
|-item|p2a: Electivire|Air Balloon
|move|p1a: Luxray|Ice Fang|p2a: Electivire
|-damage|p2a: Electivire|62/100
|-enditem|p2a: Electivire|Air Balloon
|
|upkeep
|turn|3
|
|t:|1760449077
|move|p2a: Electivire|Fire Punch|p1a: Luxray
|-damage|p1a: Luxray|72/100
|move|p1a: Luxray|Ice Fang|p2a: Electivire
|-damage|p2a: Electivire|22/100
|-status|p2a: Electivire|frz
|
|upkeep
|turn|4
|
|t:|1760449084
|cant|p2a: Electivire|frz
|move|p1a: Luxray|Ice Fang|p2a: Electivire
|-damage|p2a: Electivire|0 fnt
|faint|p2a: Electivire
|
|upkeep
|
|t:|1760449095
|switch|p2a: Golurk|Golurk|52/100
|turn|5
|
|t:|1760449098
|move|p1a: Luxray|Ice Fang|p2a: Golurk
|-supereffective|p2a: Golurk
|-damage|p2a: Golurk|3/100
|move|p2a: Golurk|Earthquake|p1a: Luxray
|-supereffective|p1a: Luxray
|-damage|p1a: Luxray|0 fnt
|faint|p1a: Luxray
|
|upkeep
|
|t:|1760449109
|switch|p1a: Vaporeon|Vaporeon, M|100/100
|-damage|p1a: Vaporeon|88/100|[from] Stealth Rock
|turn|6
|
|t:|1760449116
|switch|p2a: Klefki|Klefki, F, shiny|100/100
|move|p1a: Vaporeon|Scald|p2a: Klefki
|-damage|p2a: Klefki|63/100
|
|-heal|p2a: Klefki|69/100|[from] item: Leftovers
|-heal|p1a: Vaporeon|94/100|[from] item: Leftovers
|upkeep
|turn|7
|
|t:|1760449128
|switch|p1a: Mew|Mew|100/100
|-damage|p1a: Mew|88/100|[from] Stealth Rock
|move|p2a: Klefki|Calm Mind|p2a: Klefki
|-boost|p2a: Klefki|spa|1
|-boost|p2a: Klefki|spd|1
|
|-heal|p2a: Klefki|75/100|[from] item: Leftovers
|upkeep
|turn|8
|
|t:|1760449138
|move|p1a: Mew|Thunder Wave|p2a: Klefki
|-status|p2a: Klefki|par
|cant|p2a: Klefki|par
|
|-heal|p2a: Klefki|81/100 par|[from] item: Leftovers
|upkeep
|turn|9
|
|t:|1760449144
|move|p1a: Mew|Spikes|p2a: Klefki
|-sidestart|p2: The_Atigasgas|Spikes
|cant|p2a: Klefki|par
|
|-heal|p2a: Klefki|87/100 par|[from] item: Leftovers
|upkeep
|turn|10
|
|t:|1760449151
|switch|p2a: Azumarill|Azumarill, F, shiny|100/100
|-damage|p2a: Azumarill|88/100|[from] Spikes
|move|p1a: Mew|Spikes|p2a: Azumarill
|-sidestart|p2: The_Atigasgas|Spikes
|
|upkeep
|turn|11
|
|t:|1760449161
|move|p1a: Mew|Thunder Wave|p2a: Azumarill
|-status|p2a: Azumarill|par
|-enditem|p2a: Azumarill|Lum Berry|[eat]
|-curestatus|p2a: Azumarill|par|[msg]
|move|p2a: Azumarill|Play Rough|p1a: Mew
|-damage|p1a: Mew|44/100
|-enditem|p1a: Mew|Red Card|[of] p2a: Azumarill
|drag|p2a: Latias|Latias, F|100/100
|
|upkeep
|turn|12
|inactive|Battle timer is ON: inactive players will automatically lose when time's up. (requested by grunt ted)
|
|t:|1760449171
|move|p1a: Mew|Thunder Wave|p2a: Latias
|-status|p2a: Latias|par
|move|p2a: Latias|Dragon Pulse|p1a: Mew
|-damage|p1a: Mew|7/100
|-damage|p2a: Latias|91/100 par|[from] item: Life Orb
|
|upkeep
|turn|13
|
|t:|1760449183
|move|p1a: Mew|Spikes|p2a: Latias
|-sidestart|p2: The_Atigasgas|Spikes
|move|p2a: Latias|Dragon Pulse|p1a: Mew
|-damage|p1a: Mew|0 fnt
|faint|p1a: Mew
|-damage|p2a: Latias|81/100 par|[from] item: Life Orb
|
|upkeep
|
|t:|1760449192
|switch|p1a: Meowscarada|Meowscarada, F|100/100
|turn|14
|
|t:|1760449196
|switch|p2a: Golurk|Golurk|3/100
|-damage|p2a: Golurk|0 fnt|[from] Spikes
|faint|p2a: Golurk
|move|p1a: Meowscarada|Knock Off|p2: Golurk|[notarget]
|-fail|p1a: Meowscarada
|
|upkeep
|
|t:|1760449208
|switch|p2a: Arcanine|Arcanine, M|100/100
|-damage|p2a: Arcanine|76/100|[from] Spikes
|turn|15
|
|t:|1760449213
|move|p1a: Meowscarada|U-turn|p2a: Arcanine
|-start|p1a: Meowscarada|typechange|Bug|[from] ability: Protean
|-resisted|p2a: Arcanine
|-damage|p2a: Arcanine|56/100
|-damage|p1a: Meowscarada|84/100|[from] item: Rocky Helmet|[of] p2a: Arcanine
|
|t:|1760449222
|switch|p1a: Incineroar|Incineroar, F|100/100|[from] U-turn
|-ability|p1a: Incineroar|Intimidate|boost
|-unboost|p2a: Arcanine|atk|1
|move|p2a: Arcanine|Flare Blitz|p1a: Incineroar
|-resisted|p1a: Incineroar
|-damage|p1a: Incineroar|82/100
|-damage|p2a: Arcanine|49/100|[from] Recoil
|
|upkeep
|turn|16
|
|t:|1760449231
|move|p2a: Arcanine|Morning Sun|p2a: Arcanine
|-heal|p2a: Arcanine|99/100
|move|p1a: Incineroar|Knock Off|p2a: Arcanine
|-damage|p2a: Arcanine|50/100
|-damage|p1a: Incineroar|66/100|[from] item: Rocky Helmet|[of] p2a: Arcanine
|-enditem|p2a: Arcanine|Rocky Helmet|[from] move: Knock Off|[of] p1a: Incineroar
|
|upkeep
|turn|17
|
|t:|1760449239
|move|p2a: Arcanine|Morning Sun|p2a: Arcanine
|-heal|p2a: Arcanine|99/100
|move|p1a: Incineroar|Parting Shot|p2a: Arcanine
|-unboost|p2a: Arcanine|atk|1
|-unboost|p2a: Arcanine|spa|1
|
|t:|1760449242
|switch|p1a: Vaporeon|Vaporeon, M|94/100|[from] Parting Shot
|-damage|p1a: Vaporeon|82/100|[from] Stealth Rock
|
|-heal|p1a: Vaporeon|88/100|[from] item: Leftovers
|upkeep
|turn|18
|
|t:|1760449252
|switch|p2a: Klefki|Klefki, F, shiny|87/100 par
|-damage|p2a: Klefki|62/100 par|[from] Spikes
|move|p1a: Vaporeon|Scald|p2a: Klefki
|-crit|p2a: Klefki
|-damage|p2a: Klefki|6/100 par
|
|-heal|p1a: Vaporeon|94/100|[from] item: Leftovers
|-heal|p2a: Klefki|12/100 par|[from] item: Leftovers
|upkeep
|turn|19
|
|t:|1760449261
|move|p1a: Vaporeon|Scald|p2a: Klefki
|-damage|p2a: Klefki|0 fnt
|faint|p2a: Klefki
|
|-heal|p1a: Vaporeon|100/100|[from] item: Leftovers
|upkeep
|
|t:|1760449268
|switch|p2a: Azumarill|Azumarill, F, shiny|88/100
|-damage|p2a: Azumarill|63/100|[from] Spikes
|turn|20
|
|t:|1760449278
|move|p1a: Vaporeon|Scald|p2a: Azumarill
|-resisted|p2a: Azumarill
|-damage|p2a: Azumarill|47/100
|move|p2a: Azumarill|Knock Off|p1a: Vaporeon
|-damage|p1a: Vaporeon|73/100
|-enditem|p1a: Vaporeon|Leftovers|[from] move: Knock Off|[of] p2a: Azumarill
|
|upkeep
|turn|21
|
|t:|1760449285
|move|p1a: Vaporeon|Wish|p1a: Vaporeon
|move|p2a: Azumarill|Play Rough|p1a: Vaporeon
|-damage|p1a: Vaporeon|31/100
|
|upkeep
|turn|22
|
|t:|1760449299
|move|p1a: Vaporeon|Protect|p1a: Vaporeon
|-singleturn|p1a: Vaporeon|Protect
|move|p2a: Azumarill|Play Rough|p1a: Vaporeon
|-activate|p1a: Vaporeon|move: Protect
|
|-heal|p1a: Vaporeon|81/100|[from] move: Wish|[wisher] Vaporeon
|upkeep
|turn|23
|
|t:|1760449303
|move|p1a: Vaporeon|Scald|p2a: Azumarill
|-resisted|p2a: Azumarill
|-damage|p2a: Azumarill|32/100
|-status|p2a: Azumarill|brn
|move|p2a: Azumarill|Play Rough|p1a: Vaporeon
|-damage|p1a: Vaporeon|59/100
|
|-damage|p2a: Azumarill|26/100 brn|[from] brn
|upkeep
|turn|24
|
|t:|1760449314
|move|p1a: Vaporeon|Wish|p1a: Vaporeon
|move|p2a: Azumarill|Play Rough|p1a: Vaporeon
|-damage|p1a: Vaporeon|39/100
|
|-damage|p2a: Azumarill|20/100 brn|[from] brn
|upkeep
|turn|25
|-message|The_Atigasgas forfeited.
|
|win|grunt ted
|raw|grunt ted's rating: 1080 &rarr; <strong>1109</strong><br />(+29 for winning)
|raw|The_Atigasgas's rating: 1088 &rarr; <strong>1064</strong><br />(-24 for losing)
|l|‽The_Atigasgas
|player|p2|
|l|☆grunt ted
|player|p1|
