|j|☆AAA grade effort
|j|☆pundeh_1001
|t:|1760342816
|gametype|singles
|player|p1|AAA grade effort|twins|1372
|player|p2|pundeh_1001|169|1422
|gen|9
|tier|[Gen 9] OU
|rated|
|rule|HP Percentage Mod: HP is shown in percentages
|rule|Endless Battle Clause: Forcing endless battles is banned
|rule|Species Clause: Limit one of each Pokémon
|rule|OHKO Clause: OHKO moves are banned
|rule|Evasion Items Clause: Evasion items are banned
|rule|Evasion Moves Clause: Evasion moves are banned
|rule|Evasion Abilities Clause: Evasion abilities are banned
|rule|Sleep Moves Clause: Sleep-inducing moves are banned
|clearpoke
|poke|p1|Gholdengo|
|poke|p1|Dragonite, M|
|poke|p1|Araquanid, M|
|poke|p1|Enamorus, F|
|poke|p1|Great Tusk|
|poke|p1|Honchkrow, F|
|poke|p2|Iron Treads|
|poke|p2|Moltres|
|poke|p2|Dragapult, M|
|poke|p2|Rillaboom, M|
|poke|p2|Darkrai|
|poke|p2|Primarina, F|
|teampreview
|
|t:|1760342824
|teamsize|p1|6
|teamsize|p2|6
|start
|switch|p1a: Araquanid|Araquanid, M|100/100
|switch|p2a: Dragapult|Dragapult, M|100/100
|turn|1
|inactive|Battle timer is ON: inactive players will automatically lose when time's up. (requested by AAA grade effort)
|
|t:|1760342828
|move|p2a: Dragapult|Will-O-Wisp|p1a: Araquanid|[miss]
|-miss|p2a: Dragapult|p1a: Araquanid
|move|p1a: Araquanid|Sticky Web|p2a: Dragapult
|-sidestart|p2: pundeh_1001|move: Sticky Web
|
|upkeep
|turn|2
|
|t:|1760342836
|move|p2a: Dragapult|U-turn|p1a: Araquanid
|-damage|p1a: Araquanid|81/100
|
|t:|1760342846
|switch|p2a: Rillaboom|Rillaboom, M|100/100|[from] U-turn
|-activate|p2a: Rillaboom|move: Sticky Web
|-unboost|p2a: Rillaboom|spe|1
|-fieldstart|move: Grassy Terrain|[from] ability: Grassy Surge|[of] p2a: Rillaboom
|move|p1a: Araquanid|Surf|p2a: Rillaboom
|-resisted|p2a: Rillaboom
|-damage|p2a: Rillaboom|86/100
|
|-heal|p2a: Rillaboom|93/100|[from] Grassy Terrain
|-heal|p1a: Araquanid|87/100|[from] Grassy Terrain
|upkeep
|turn|3
|
|t:|1760342859
|move|p2a: Rillaboom|Knock Off|p1a: Araquanid
|-damage|p1a: Araquanid|47/100
|-enditem|p1a: Araquanid|Custap Berry|[from] move: Knock Off|[of] p2a: Rillaboom
|move|p1a: Araquanid|Surf|p2a: Rillaboom
|-resisted|p2a: Rillaboom
|-damage|p2a: Rillaboom|80/100
|
|-heal|p2a: Rillaboom|86/100|[from] Grassy Terrain
|-heal|p1a: Araquanid|53/100|[from] Grassy Terrain
|upkeep
|turn|4
|
|t:|1760342866
|move|p2a: Rillaboom|Wood Hammer|p1a: Araquanid
|-damage|p1a: Araquanid|0 fnt
|faint|p1a: Araquanid
|-damage|p2a: Rillaboom|71/100|[from] Recoil
|
|-heal|p2a: Rillaboom|77/100|[from] Grassy Terrain
|upkeep
|
|t:|1760342892
|switch|p1a: Honchkrow|Honchkrow, F|100/100
|turn|5
|
|t:|1760342896
|switch|p2a: Iron Treads|Iron Treads|100/100
|-item|p2a: Iron Treads|Air Balloon
|move|p1a: Honchkrow|Drill Peck|p2a: Iron Treads
|-resisted|p2a: Iron Treads
|-damage|p2a: Iron Treads|76/100
|-enditem|p2a: Iron Treads|Air Balloon
|-damage|p1a: Honchkrow|91/100|[from] item: Life Orb
|
|-heal|p2a: Iron Treads|82/100|[from] Grassy Terrain
|upkeep
|turn|6
|
|t:|1760342902
|switch|p1a: Gholdengo|Gholdengo|100/100
|-item|p1a: Gholdengo|Air Balloon
|move|p2a: Iron Treads|Stealth Rock|p1a: Gholdengo
|-sidestart|p1: AAA grade effort|move: Stealth Rock
|
|-heal|p2a: Iron Treads|88/100|[from] Grassy Terrain
|-fieldend|move: Grassy Terrain
|upkeep
|turn|7
|
|t:|1760342920
|move|p2a: Iron Treads|Ice Spinner|p1a: Gholdengo
|-resisted|p1a: Gholdengo
|-damage|p1a: Gholdengo|87/100
|-enditem|p1a: Gholdengo|Air Balloon
|move|p1a: Gholdengo|Shadow Ball|p2a: Iron Treads
|-damage|p2a: Iron Treads|26/100
|-unboost|p2a: Iron Treads|spd|1
|
|upkeep
|turn|8
|
|t:|1760342927
|move|p2a: Iron Treads|Earthquake|p1a: Gholdengo
|-supereffective|p1a: Gholdengo
|-damage|p1a: Gholdengo|0 fnt
|faint|p1a: Gholdengo
|
|upkeep
|
|t:|1760342941
|switch|p1a: Honchkrow|Honchkrow, F|91/100
|-damage|p1a: Honchkrow|66/100|[from] Stealth Rock
|turn|9
|
|t:|1760342946
|move|p1a: Honchkrow|Sucker Punch|p2a: Iron Treads
|-damage|p2a: Iron Treads|0 fnt
|faint|p2a: Iron Treads
|-end|p2a: Iron Treads|Quark Drive|[silent]
|-ability|p1a: Honchkrow|Moxie|boost
|-boost|p1a: Honchkrow|atk|1
|-damage|p1a: Honchkrow|56/100|[from] item: Life Orb
|
|upkeep
|
|t:|1760342950
|switch|p2a: Dragapult|Dragapult, M|100/100
|turn|10
|
|t:|1760342954
|move|p2a: Dragapult|Will-O-Wisp|p1a: Honchkrow|[miss]
|-miss|p2a: Dragapult|p1a: Honchkrow
|move|p1a: Honchkrow|Night Slash|p2a: Dragapult
|-supereffective|p2a: Dragapult
|-damage|p2a: Dragapult|0 fnt
|faint|p2a: Dragapult
|-ability|p1a: Honchkrow|Moxie|boost
|-boost|p1a: Honchkrow|atk|1
|-damage|p1a: Honchkrow|46/100|[from] item: Life Orb
|
|upkeep
|
|t:|1760342961
|switch|p2a: Primarina|Primarina, F|100/100
|-activate|p2a: Primarina|move: Sticky Web
|-unboost|p2a: Primarina|spe|1
|turn|11
|
|t:|1760342967
|move|p1a: Honchkrow|Drill Peck|p2a: Primarina
|-damage|p2a: Primarina|0 fnt
|faint|p2a: Primarina
|-ability|p1a: Honchkrow|Moxie|boost
|-boost|p1a: Honchkrow|atk|1
|-damage|p1a: Honchkrow|36/100|[from] item: Life Orb
|
|upkeep
|-message|pundeh_1001 forfeited.
|
|win|AAA grade effort
|raw|AAA grade effort's rating: 1372 &rarr; <strong>1395</strong><br />(+23 for winning)
|raw|pundeh_1001's rating: 1422 &rarr; <strong>1399</strong><br />(-23 for losing)
|l|☆pundeh_1001
|player|p2|
