|j|☆Zamukerz
|j|☆quilpz
|t:|1760328007
|gametype|singles
|player|p1|Zamukerz|102|1353
|player|p2|quilpz|caitlin|1305
|gen|9
|tier|[Gen 9] OU
|rated|
|rule|HP Percentage Mod: HP is shown in percentages
|rule|Endless Battle Clause: Forcing endless battles is banned
|rule|Species Clause: Limit one of each Pokémon
|rule|OHKO Clause: OHKO moves are banned
|rule|Evasion Items Clause: Evasion items are banned
|rule|Evasion Moves Clause: Evasion moves are banned
|rule|Evasion Abilities Clause: Evasion abilities are banned
|rule|Sleep Moves Clause: Sleep-inducing moves are banned
|clearpoke
|poke|p1|Dragonite, M|
|poke|p1|Gholdengo|
|poke|p1|Great Tusk|
|poke|p1|Rotom-Wash|
|poke|p1|Iron Valiant|
|poke|p1|Ting-Lu|
|poke|p2|Zapdos|
|poke|p2|Glimmora, M|
|poke|p2|Clefable, M|
|poke|p2|Kyurem|
|poke|p2|Hawlucha, F|
|poke|p2|Scizor, F|
|teampreview
|
|t:|1760328019
|teamsize|p1|6
|teamsize|p2|6
|start
|switch|p1a: Great Tusk|Great Tusk|100/100
|switch|p2a: Glimmora|Glimmora, M|100/100
|turn|1
|
|t:|1760328028
|-terastallize|p1a: Great Tusk|Steel
|move|p1a: Great Tusk|Headlong Rush|p2a: Glimmora
|-supereffective|p2a: Glimmora
|-enditem|p2a: Glimmora|Focus Sash
|-damage|p2a: Glimmora|1/100
|-unboost|p1a: Great Tusk|def|1
|-unboost|p1a: Great Tusk|spd|1
|-activate|p2a: Glimmora|ability: Toxic Debris
|-sidestart|p1: Zamukerz|move: Toxic Spikes
|move|p2a: Glimmora|Memento|p1a: Great Tusk
|-unboost|p1a: Great Tusk|atk|2
|-unboost|p1a: Great Tusk|spa|2
|faint|p2a: Glimmora
|
|upkeep
|
|t:|1760328037
|switch|p2a: Kyurem|Kyurem|100/100
|-ability|p2a: Kyurem|Pressure
|turn|2
|
|t:|1760328046
|-end|p1a: Great Tusk|Protosynthesis|[silent]
|switch|p1a: Rotom|Rotom-Wash|100/100
|move|p2a: Kyurem|Dragon Dance|p2a: Kyurem
|-boost|p2a: Kyurem|atk|1
|-boost|p2a: Kyurem|spe|1
|
|upkeep
|turn|3
|
|t:|1760328062
|move|p2a: Kyurem|Scale Shot|p1a: Rotom
|-damage|p1a: Rotom|84/100
|-damage|p1a: Rotom|68/100
|-damage|p1a: Rotom|51/100
|-damage|p1a: Rotom|33/100
|-hitcount|p1a: Rotom|4
|-unboost|p2a: Kyurem|def|1
|-boost|p2a: Kyurem|spe|1
|move|p1a: Rotom|Will-O-Wisp|p2a: Kyurem
|-status|p2a: Kyurem|brn
|
|-heal|p1a: Rotom|40/100|[from] item: Leftovers
|-damage|p2a: Kyurem|94/100 brn|[from] brn
|upkeep
|turn|4
|
|t:|1760328081
|move|p2a: Kyurem|Dragon Dance|p2a: Kyurem
|-boost|p2a: Kyurem|atk|1
|-boost|p2a: Kyurem|spe|1
|move|p1a: Rotom|Volt Switch|p2a: Kyurem
|-resisted|p2a: Kyurem
|-damage|p2a: Kyurem|83/100 brn
|
|t:|1760328088
|switch|p1a: Great Tusk|Great Tusk, tera:Steel|100/100|[from] Volt Switch
|
|-damage|p2a: Kyurem|77/100 brn|[from] brn
|upkeep
|turn|5
|
|t:|1760328096
|-terastallize|p2a: Kyurem|Ground
|move|p2a: Kyurem|Tera Blast|p1a: Great Tusk|[anim] Tera Blast Ground
|-supereffective|p1a: Great Tusk
|-damage|p1a: Great Tusk|29/100
|move|p1a: Great Tusk|Rapid Spin|p2a: Kyurem
|-damage|p2a: Kyurem|49/100 brn
|-boost|p1a: Great Tusk|spe|1
|-sideend|p1: Zamukerz|Toxic Spikes|[from] move: Rapid Spin|[of] p1a: Great Tusk
|
|-heal|p1a: Great Tusk|35/100|[from] item: Leftovers
|-damage|p2a: Kyurem|42/100 brn|[from] brn
|upkeep
|turn|6
|
|t:|1760328104
|move|p2a: Kyurem|Tera Blast|p1a: Great Tusk|[anim] Tera Blast Ground
|-supereffective|p1a: Great Tusk
|-damage|p1a: Great Tusk|0 fnt
|faint|p1a: Great Tusk
|-end|p1a: Great Tusk|Protosynthesis|[silent]
|
|-damage|p2a: Kyurem|36/100 brn|[from] brn
|upkeep
|
|t:|1760328108
|switch|p1a: Alduin|Dragonite, M|100/100
|turn|7
|
|t:|1760328112
|move|p1a: Alduin|Extreme Speed|p2a: Kyurem
|-damage|p2a: Kyurem|0 fnt
|faint|p2a: Kyurem
|
|upkeep
|
|t:|1760328115
|switch|p2a: Scizor|Scizor, F|100/100
|turn|8
|
|t:|1760328119
|switch|p1a: Rotom|Rotom-Wash|40/100
|move|p2a: Scizor|Swords Dance|p2a: Scizor
|-boost|p2a: Scizor|atk|2
|
|-heal|p1a: Rotom|46/100|[from] item: Leftovers
|upkeep
|turn|9
|
|t:|1760328123
|move|p2a: Scizor|Bullet Punch|p1a: Rotom
|-resisted|p1a: Rotom
|-damage|p1a: Rotom|32/100
|move|p1a: Rotom|Will-O-Wisp|p2a: Scizor
|-status|p2a: Scizor|brn
|
|-heal|p1a: Rotom|39/100|[from] item: Leftovers
|-damage|p2a: Scizor|94/100 brn|[from] brn
|upkeep
|turn|10
|
|t:|1760328133
|move|p1a: Rotom|Protect|p1a: Rotom
|-singleturn|p1a: Rotom|Protect
|move|p2a: Scizor|Swords Dance|p2a: Scizor
|-boost|p2a: Scizor|atk|2
|
|-heal|p1a: Rotom|45/100|[from] item: Leftovers
|-damage|p2a: Scizor|88/100 brn|[from] brn
|upkeep
|turn|11
|
|t:|1760328143
|move|p2a: Scizor|Close Combat|p1a: Rotom
|-damage|p1a: Rotom|0 fnt
|-unboost|p2a: Scizor|def|1
|-unboost|p2a: Scizor|spd|1
|faint|p1a: Rotom
|
|-damage|p2a: Scizor|82/100 brn|[from] brn
|upkeep
|
|t:|1760328147
|switch|p1a: Ting-Lu|Ting-Lu|100/100
|-ability|p1a: Ting-Lu|Vessel of Ruin
|turn|12
|
|t:|1760328150
|move|p2a: Scizor|Swords Dance|p2a: Scizor
|-boost|p2a: Scizor|atk|2
|move|p1a: Ting-Lu|Whirlwind|p2a: Scizor
|drag|p2a: Zapdos|Zapdos|100/100
|
|upkeep
|turn|13
|
|t:|1760328158
|move|p2a: Zapdos|Hurricane|p1a: Ting-Lu
|-damage|p1a: Ting-Lu|78/100
|-start|p1a: Ting-Lu|confusion
|-activate|p1a: Ting-Lu|confusion
|move|p1a: Ting-Lu|Stealth Rock|p2a: Zapdos
|-sidestart|p2: quilpz|move: Stealth Rock
|
|-heal|p1a: Ting-Lu|84/100|[from] item: Leftovers
|upkeep
|turn|14
|
|t:|1760328163
|switch|p2a: Scizor|Scizor, F|82/100 brn
|-damage|p2a: Scizor|70/100 brn|[from] Stealth Rock
|-activate|p1a: Ting-Lu|confusion
|move|p1a: Ting-Lu|Spikes|p2a: Scizor
|-sidestart|p2: quilpz|Spikes
|
|-heal|p1a: Ting-Lu|90/100|[from] item: Leftovers
|-damage|p2a: Scizor|64/100 brn|[from] brn
|upkeep
|turn|15
|
|t:|1760328170
|move|p2a: Scizor|Swords Dance|p2a: Scizor
|-boost|p2a: Scizor|atk|2
|-end|p1a: Ting-Lu|confusion
|move|p1a: Ting-Lu|Earthquake|p2a: Scizor
|-damage|p2a: Scizor|19/100 brn
|
|-heal|p1a: Ting-Lu|96/100|[from] item: Leftovers
|-damage|p2a: Scizor|13/100 brn|[from] brn
|upkeep
|turn|16
|
|t:|1760328181
|move|p2a: Scizor|Close Combat|p1a: Ting-Lu
|-supereffective|p1a: Ting-Lu
|-damage|p1a: Ting-Lu|36/100
|-unboost|p2a: Scizor|def|1
|-unboost|p2a: Scizor|spd|1
|move|p1a: Ting-Lu|Earthquake|p2a: Scizor
|-damage|p2a: Scizor|0 fnt
|faint|p2a: Scizor
|
|-heal|p1a: Ting-Lu|42/100|[from] item: Leftovers
|upkeep
|
|t:|1760328188
|switch|p2a: Hawlucha|Hawlucha, F|100/100
|-damage|p2a: Hawlucha|88/100|[from] Stealth Rock
|-ability|p2a: Hawlucha|Mold Breaker
|turn|17
|
|t:|1760328194
|move|p2a: Hawlucha|Defog|p1a: Ting-Lu
|-unboost|p1a: Ting-Lu|evasion|1
|-sideend|p2: quilpz|Spikes|[from] move: Defog|[of] p2a: Hawlucha
|-sideend|p2: quilpz|Stealth Rock|[from] move: Defog|[of] p2a: Hawlucha
|move|p1a: Ting-Lu|Spikes|p2a: Hawlucha
|-sidestart|p2: quilpz|Spikes
|
|-heal|p1a: Ting-Lu|49/100|[from] item: Leftovers
|upkeep
|turn|18
|
|t:|1760328198
|move|p2a: Hawlucha|Swords Dance|p2a: Hawlucha
|-boost|p2a: Hawlucha|atk|2
|move|p1a: Ting-Lu|Stealth Rock|p2a: Hawlucha
|-sidestart|p2: quilpz|move: Stealth Rock
|
|-heal|p1a: Ting-Lu|55/100|[from] item: Leftovers
|upkeep
|turn|19
|
|t:|1760328205
|move|p2a: Hawlucha|Close Combat|p1a: Ting-Lu
|-supereffective|p1a: Ting-Lu
|-damage|p1a: Ting-Lu|0 fnt
|-unboost|p2a: Hawlucha|def|1
|-unboost|p2a: Hawlucha|spd|1
|faint|p1a: Ting-Lu
|
|upkeep
|
|t:|1760328212
|switch|p1a: Iron Valiant|Iron Valiant|100/100
|-enditem|p1a: Iron Valiant|Booster Energy
|-activate|p1a: Iron Valiant|ability: Quark Drive|[fromitem]
|-start|p1a: Iron Valiant|quarkdrivespe
|turn|20
|
|t:|1760328217
|move|p1a: Iron Valiant|Moonblast|p2a: Hawlucha
|-supereffective|p2a: Hawlucha
|-damage|p2a: Hawlucha|0 fnt
|faint|p2a: Hawlucha
|
|upkeep
|
|t:|1760328221
|switch|p2a: Clefable|Clefable, M|100/100
|-damage|p2a: Clefable|88/100|[from] Spikes
|-damage|p2a: Clefable|76/100|[from] Stealth Rock
|turn|21
|
|t:|1760328228
|move|p1a: Iron Valiant|Thunderbolt|p2a: Clefable
|-damage|p2a: Clefable|49/100
|move|p2a: Clefable|Cosmic Power|p2a: Clefable
|-boost|p2a: Clefable|def|1
|-boost|p2a: Clefable|spd|1
|
|-heal|p2a: Clefable|55/100|[from] item: Leftovers
|upkeep
|turn|22
|
|t:|1760328233
|move|p1a: Iron Valiant|Thunderbolt|p2a: Clefable
|-damage|p2a: Clefable|37/100
|move|p2a: Clefable|Moonlight|p2a: Clefable
|-heal|p2a: Clefable|87/100
|
|-heal|p2a: Clefable|93/100|[from] item: Leftovers
|upkeep
|turn|23
|
|t:|1760328248
|-end|p1a: Iron Valiant|Quark Drive|[silent]
|switch|p1a: Gholdengo|Gholdengo|100/100
|move|p2a: Clefable|Cosmic Power|p2a: Clefable
|-boost|p2a: Clefable|def|1
|-boost|p2a: Clefable|spd|1
|
|-heal|p2a: Clefable|99/100|[from] item: Leftovers
|upkeep
|turn|24
|
|t:|1760328253
|move|p1a: Gholdengo|Trick|p2a: Clefable
|-activate|p1a: Gholdengo|move: Trick|[of] p2a: Clefable
|-item|p2a: Clefable|Choice Scarf|[from] move: Trick
|-item|p1a: Gholdengo|Leftovers|[from] move: Trick
|move|p2a: Clefable|Cosmic Power|p2a: Clefable
|-boost|p2a: Clefable|def|1
|-boost|p2a: Clefable|spd|1
|
|upkeep
|turn|25
|
|t:|1760328262
|move|p1a: Gholdengo|Nasty Plot|p1a: Gholdengo
|-boost|p1a: Gholdengo|spa|2
|move|p2a: Clefable|Cosmic Power|p2a: Clefable
|-boost|p2a: Clefable|def|1
|-boost|p2a: Clefable|spd|1
|
|upkeep
|turn|26
|
|t:|1760328269
|move|p1a: Gholdengo|Nasty Plot|p1a: Gholdengo
|-boost|p1a: Gholdengo|spa|2
|move|p2a: Clefable|Cosmic Power|p2a: Clefable
|-boost|p2a: Clefable|def|1
|-boost|p2a: Clefable|spd|1
|
|upkeep
|turn|27
|
|t:|1760328276
|move|p1a: Gholdengo|Nasty Plot|p1a: Gholdengo
|-boost|p1a: Gholdengo|spa|2
|move|p2a: Clefable|Cosmic Power|p2a: Clefable
|-boost|p2a: Clefable|def|1
|-boost|p2a: Clefable|spd|1
|
|upkeep
|turn|28
|
|t:|1760328283
|move|p1a: Gholdengo|Shadow Ball|p2a: Clefable
|-damage|p2a: Clefable|89/100
|move|p2a: Clefable|Cosmic Power|p2a: Clefable
|-boost|p2a: Clefable|def|0
|-boost|p2a: Clefable|spd|0
|
|upkeep
|turn|29
|
|t:|1760328288
|move|p1a: Gholdengo|Shadow Ball|p2a: Clefable
|-damage|p2a: Clefable|79/100
|move|p2a: Clefable|Cosmic Power|p2a: Clefable
|-boost|p2a: Clefable|def|0
|-boost|p2a: Clefable|spd|0
|
|upkeep
|turn|30
|
|t:|1760328294
|switch|p2a: Zapdos|Zapdos|100/100
|-damage|p2a: Zapdos|76/100|[from] Stealth Rock
|move|p1a: Gholdengo|Shadow Ball|p2a: Zapdos
|-damage|p2a: Zapdos|0 fnt
|faint|p2a: Zapdos
|
|upkeep
|
|t:|1760328296
|switch|p2a: Clefable|Clefable, M|79/100
|-damage|p2a: Clefable|67/100|[from] Spikes
|-damage|p2a: Clefable|55/100|[from] Stealth Rock
|turn|31
|c|☆quilpz|gg
|-message|quilpz forfeited.
|
|win|Zamukerz
|raw|Zamukerz's rating: 1353 &rarr; <strong>1370</strong><br />(+17 for winning)
|raw|quilpz's rating: 1305 &rarr; <strong>1288</strong><br />(-17 for losing)
|l|☆quilpz
|player|p2|
|l|☆Zamukerz
|player|p1|
