|j|☆ugh he's
|j|☆gdstonda
|t:|1760451333
|gametype|singles
|player|p1|ugh he's|hilbert-wonderlauncher|1086
|player|p2|gdstonda|red|1085
|gen|9
|tier|[Gen 9] OU
|rated|
|rule|HP Percentage Mod: HP is shown in percentages
|rule|Endless Battle Clause: Forcing endless battles is banned
|rule|Species Clause: Limit one of each Pokémon
|rule|OHKO Clause: OHKO moves are banned
|rule|Evasion Items Clause: Evasion items are banned
|rule|Evasion Moves Clause: Evasion moves are banned
|rule|Evasion Abilities Clause: Evasion abilities are banned
|rule|Sleep Moves Clause: Sleep-inducing moves are banned
|clearpoke
|poke|p1|Flygon, M|
|poke|p1|Corviknight, M|
|poke|p1|Primarina, F|
|poke|p1|Torterra, M|
|poke|p1|Lucario, M|
|poke|p1|Cinderace, M|
|poke|p2|Iron Valiant|
|poke|p2|Raging Bolt|
|poke|p2|Dragonite, M|
|poke|p2|Darkrai|
|poke|p2|Glimmora, F|
|poke|p2|Gholdengo|
|teampreview
|inactive|Battle timer is ON: inactive players will automatically lose when time's up. (requested by gdstonda)
|
|t:|1760451360
|teamsize|p1|6
|teamsize|p2|6
|start
|switch|p1a: Corviknight|Corviknight, M|100/100
|switch|p2a: Glimmora|Glimmora, F|100/100
|turn|1
|
|t:|1760451372
|switch|p2a: Raging Bolt|Raging Bolt|100/100
|-enditem|p2a: Raging Bolt|Booster Energy
|-activate|p2a: Raging Bolt|ability: Protosynthesis|[fromitem]
|-start|p2a: Raging Bolt|protosynthesisspa
|move|p1a: Corviknight|Hone Claws|p1a: Corviknight
|-boost|p1a: Corviknight|atk|1
|-boost|p1a: Corviknight|accuracy|1
|
|upkeep
|turn|2
|
|t:|1760451392
|switch|p1a: Flygon|Flygon, M|100/100
|move|p2a: Raging Bolt|Calm Mind|p2a: Raging Bolt
|-boost|p2a: Raging Bolt|spa|1
|-boost|p2a: Raging Bolt|spd|1
|
|upkeep
|turn|3
|
|t:|1760451402
|-terastallize|p2a: Raging Bolt|Fairy
|move|p1a: Flygon|Earthquake|p2a: Raging Bolt
|-crit|p2a: Raging Bolt
|-damage|p2a: Raging Bolt|32/100
|move|p2a: Raging Bolt|Dragon Pulse|p1a: Flygon
|-supereffective|p1a: Flygon
|-damage|p1a: Flygon|0 fnt
|faint|p1a: Flygon
|
|upkeep
|
|t:|1760451415
|switch|p1a: Corviknight|Corviknight, M|100/100
|turn|4
|
|t:|1760451429
|move|p2a: Raging Bolt|Thunderclap|p1a: Corviknight
|-supereffective|p1a: Corviknight
|-damage|p1a: Corviknight|0 fnt
|faint|p1a: Corviknight
|
|upkeep
|
|t:|1760451436
|switch|p1a: Torterra|Torterra, M|100/100
|turn|5
|
|t:|1760451441
|move|p2a: Raging Bolt|Dragon Pulse|p1a: Torterra
|-damage|p1a: Torterra|18/100
|move|p1a: Torterra|Earthquake|p2a: Raging Bolt
|-damage|p2a: Raging Bolt|0 fnt
|faint|p2a: Raging Bolt
|-end|p2a: Raging Bolt|Protosynthesis|[silent]
|
|upkeep
|inactive|gdstonda has 120 seconds left.
|
|t:|1760451476
|switch|p2a: Dragonite|Dragonite, M|100/100
|turn|6
|
|t:|1760451483
|move|p2a: Dragonite|Encore|p1a: Torterra
|-start|p1a: Torterra|Encore
|move|p1a: Torterra|Earthquake|p2a: Dragonite
|-immune|p2a: Dragonite
|
|upkeep
|turn|7
|
|t:|1760451494
|switch|p1a: Primarina|Primarina, F|100/100
|move|p2a: Dragonite|Dragon Dance|p2a: Dragonite
|-boost|p2a: Dragonite|atk|1
|-boost|p2a: Dragonite|spe|1
|
|upkeep
|turn|8
|
|t:|1760451504
|move|p2a: Dragonite|Earthquake|p1a: Primarina
|-damage|p1a: Primarina|32/100
|move|p1a: Primarina|Moonblast|p2a: Dragonite
|-supereffective|p2a: Dragonite
|-damage|p2a: Dragonite|40/100
|-unboost|p2a: Dragonite|spa|1
|
|-heal|p1a: Primarina|38/100|[from] item: Leftovers
|upkeep
|turn|9
|
|t:|1760451514
|move|p2a: Dragonite|Earthquake|p1a: Primarina
|-damage|p1a: Primarina|0 fnt
|faint|p1a: Primarina
|
|upkeep
|
|t:|1760451520
|switch|p1a: Cinderace|Cinderace, M|100/100
|turn|10
|
|t:|1760451524
|move|p1a: Cinderace|Sucker Punch|p2a: Dragonite
|-start|p1a: Cinderace|typechange|Dark|[from] ability: Libero
|-damage|p2a: Dragonite|5/100
|move|p2a: Dragonite|Earthquake|p1a: Cinderace
|-damage|p1a: Cinderace|10/100
|
|upkeep
|turn|11
|
|t:|1760451532
|move|p1a: Cinderace|Sucker Punch||[still]
|-fail|p1a: Cinderace
|move|p2a: Dragonite|Encore|p1a: Cinderace
|-start|p1a: Cinderace|Encore
|
|upkeep
|turn|12
|
|t:|1760451538
|move|p1a: Cinderace|Sucker Punch||[still]
|-fail|p1a: Cinderace
|move|p2a: Dragonite|Dragon Dance|p2a: Dragonite
|-boost|p2a: Dragonite|atk|1
|-boost|p2a: Dragonite|spe|1
|
|upkeep
|turn|13
|
|t:|1760451545
|move|p1a: Cinderace|Sucker Punch||[still]
|-fail|p1a: Cinderace
|move|p2a: Dragonite|Dragon Dance|p2a: Dragonite
|-boost|p2a: Dragonite|atk|1
|-boost|p2a: Dragonite|spe|1
|
|upkeep
|turn|14
|
|t:|1760451551
|move|p1a: Cinderace|Sucker Punch||[still]
|-fail|p1a: Cinderace
|move|p2a: Dragonite|Dragon Dance|p2a: Dragonite
|-boost|p2a: Dragonite|atk|1
|-boost|p2a: Dragonite|spe|1
|
|-end|p1a: Cinderace|Encore
|upkeep
|turn|15
|
|t:|1760451560
|move|p1a: Cinderace|Sucker Punch||[still]
|-fail|p1a: Cinderace
|move|p2a: Dragonite|Encore|p1a: Cinderace
|-start|p1a: Cinderace|Encore
|
|upkeep
|turn|16
|
|t:|1760451583
|switch|p1a: Torterra|Torterra, M|18/100
|move|p2a: Dragonite|Dragon Dance|p2a: Dragonite
|-boost|p2a: Dragonite|atk|1
|-boost|p2a: Dragonite|spe|1
|
|upkeep
|turn|17
|
|t:|1760451590
|move|p2a: Dragonite|Earthquake|p1a: Torterra
|-resisted|p1a: Torterra
|-damage|p1a: Torterra|0 fnt
|faint|p1a: Torterra
|
|upkeep
|
|t:|1760451596
|switch|p1a: Cinderace|Cinderace, M|10/100
|turn|18
|
|t:|1760451603
|move|p1a: Cinderace|Sucker Punch||[still]
|-fail|p1a: Cinderace
|move|p2a: Dragonite|Dragon Dance|p2a: Dragonite
|-boost|p2a: Dragonite|atk|1
|-boost|p2a: Dragonite|spe|1
|
|upkeep
|turn|19
|
|t:|1760451610
|move|p2a: Dragonite|Encore|p1a: Cinderace
|-start|p1a: Cinderace|Encore
|move|p1a: Cinderace|Sucker Punch||[still]
|-fail|p1a: Cinderace
|
|-end|p1a: Cinderace|Encore
|upkeep
|turn|20
|c|☆gdstonda|gg
|
|t:|1760451619
|move|p2a: Dragonite|Earthquake|p1a: Cinderace
|-supereffective|p1a: Cinderace
|-damage|p1a: Cinderace|0 fnt
|faint|p1a: Cinderace
|
|upkeep
|
|t:|1760451624
|switch|p1a: Lucario|Lucario, M|100/100
|turn|21
|
|t:|1760451630
|move|p2a: Dragonite|Earthquake|p1a: Lucario
|-supereffective|p1a: Lucario
|-damage|p1a: Lucario|0 fnt
|faint|p1a: Lucario
|
|win|gdstonda
|raw|ugh he&apos;s's rating: 1086 &rarr; <strong>1063</strong><br />(-23 for losing)
|raw|gdstonda's rating: 1085 &rarr; <strong>1112</strong><br />(+27 for winning)
|l|☆ugh he's
|player|p1|
|l|☆gdstonda
|player|p2|
