|j|☆dockkx
|j|☆SevLev
|t:|1760312450
|gametype|singles
|player|p1|dockkx|benga|1151
|player|p2|SevLev|101|1100
|gen|9
|tier|[Gen 9] OU
|rated|
|rule|HP Percentage Mod: HP is shown in percentages
|rule|Endless Battle Clause: Forcing endless battles is banned
|rule|Species Clause: Limit one of each Pokémon
|rule|OHKO Clause: OHKO moves are banned
|rule|Evasion Items Clause: Evasion items are banned
|rule|Evasion Moves Clause: Evasion moves are banned
|rule|Evasion Abilities Clause: Evasion abilities are banned
|rule|Sleep Moves Clause: Sleep-inducing moves are banned
|clearpoke
|poke|p1|Iron Moth|
|poke|p1|Landorus-Therian, M|
|poke|p1|Samurott-Hisui, F|
|poke|p1|Kingambit, F|
|poke|p1|Dragonite, F|
|poke|p1|Gholdengo|
|poke|p2|Ceruledge, M|
|poke|p2|Kingambit, F|
|poke|p2|Hawlucha, M|
|poke|p2|Mew|
|poke|p2|Maushold|
|poke|p2|Rillaboom, M|
|teampreview
|inactive|Battle timer is ON: inactive players will automatically lose when time's up. (requested by dockkx)
|
|t:|1760312466
|teamsize|p1|6
|teamsize|p2|6
|start
|switch|p1a: Samurott|Samurott-Hisui, F|100/100
|switch|p2a: Rillaboom|Rillaboom, M|100/100
|-fieldstart|move: Grassy Terrain|[from] ability: Grassy Surge|[of] p2a: Rillaboom
|turn|1
|
|t:|1760312473
|move|p1a: Samurott|Ceaseless Edge|p2a: Rillaboom
|-damage|p2a: Rillaboom|52/100
|-sidestart|p2: SevLev|Spikes
|move|p2a: Rillaboom|Swords Dance|p2a: Rillaboom
|-boost|p2a: Rillaboom|atk|2
|
|-heal|p2a: Rillaboom|58/100|[from] Grassy Terrain
|upkeep
|turn|2
|
|t:|1760312495
|move|p1a: Samurott|Knock Off|p2a: Rillaboom
|-damage|p2a: Rillaboom|15/100
|-enditem|p2a: Rillaboom|Terrain Extender|[from] move: Knock Off|[of] p1a: Samurott
|move|p2a: Rillaboom|Swords Dance|p2a: Rillaboom
|-boost|p2a: Rillaboom|atk|2
|
|-heal|p2a: Rillaboom|21/100|[from] Grassy Terrain
|upkeep
|turn|3
|
|t:|1760312505
|move|p2a: Rillaboom|Grassy Glide|p1a: Samurott
|-supereffective|p1a: Samurott
|-enditem|p1a: Samurott|Focus Sash
|-damage|p1a: Samurott|1/100
|move|p1a: Samurott|Ceaseless Edge|p2a: Rillaboom
|-damage|p2a: Rillaboom|0 fnt
|-sidestart|p2: SevLev|Spikes
|faint|p2a: Rillaboom
|
|-heal|p1a: Samurott|7/100|[from] Grassy Terrain
|upkeep
|
|t:|1760312515
|switch|p2a: Maushold|Maushold|100/100
|-damage|p2a: Maushold|84/100|[from] Spikes
|turn|4
|
|t:|1760312535
|move|p2a: Maushold|Tidy Up|p2a: Maushold
|-sideend|p2: SevLev|Spikes
|-activate|p2a: Maushold|move: Tidy Up
|-boost|p2a: Maushold|atk|1
|-boost|p2a: Maushold|spe|1
|move|p1a: Samurott|Razor Shell|p2a: Maushold
|-damage|p2a: Maushold|0 fnt
|faint|p2a: Maushold
|
|-heal|p1a: Samurott|13/100|[from] Grassy Terrain
|upkeep
|
|t:|1760312545
|switch|p2a: Flaming Homo|Ceruledge, M|100/100
|turn|5
|inactive|dockkx has 120 seconds left.
|
|t:|1760312570
|move|p2a: Flaming Homo|Swords Dance|p2a: Flaming Homo
|-boost|p2a: Flaming Homo|atk|2
|move|p1a: Samurott|Knock Off|p2a: Flaming Homo
|-supereffective|p2a: Flaming Homo
|-enditem|p2a: Flaming Homo|Focus Sash
|-damage|p2a: Flaming Homo|1/100
|-ability|p2a: Flaming Homo|Weak Armor|boost
|-unboost|p2a: Flaming Homo|def|1
|-boost|p2a: Flaming Homo|spe|2
|
|-heal|p2a: Flaming Homo|7/100|[from] Grassy Terrain
|-heal|p1a: Samurott|20/100|[from] Grassy Terrain
|upkeep
|turn|6
|
|t:|1760312580
|move|p1a: Samurott|Sucker Punch|p2a: Flaming Homo
|-supereffective|p2a: Flaming Homo
|-damage|p2a: Flaming Homo|0 fnt
|faint|p2a: Flaming Homo
|
|-heal|p1a: Samurott|26/100|[from] Grassy Terrain
|upkeep
|-message|SevLev forfeited.
|
|win|dockkx
|raw|dockkx's rating: 1151 &rarr; <strong>1172</strong><br />(+21 for winning)
|raw|SevLev's rating: 1100 &rarr; <strong>1079</strong><br />(-21 for losing)
|l|☆SevLev
|player|p2|
