|j|☆randalboy
|j|☆IJFAWE
|t:|1760300525
|gametype|singles
|player|p1|randalboy|clown|1129
|player|p2|IJFAWE|scientist-gen4dp|1156
|gen|9
|tier|[Gen 9] OU
|rated|
|rule|HP Percentage Mod: HP is shown in percentages
|rule|Endless Battle Clause: Forcing endless battles is banned
|rule|Species Clause: Limit one of each Pokémon
|rule|OHKO Clause: OHKO moves are banned
|rule|Evasion Items Clause: Evasion items are banned
|rule|Evasion Moves Clause: Evasion moves are banned
|rule|Evasion Abilities Clause: Evasion abilities are banned
|rule|Sleep Moves Clause: Sleep-inducing moves are banned
|clearpoke
|poke|p1|Iron Moth|
|poke|p1|Torkoal, M|
|poke|p1|Walking Wake|
|poke|p1|Zapdos|
|poke|p1|Garganacl, F|
|poke|p1|Great Tusk|
|poke|p2|Electivire, F|
|poke|p2|Alomomola, M|
|poke|p2|Dragapult, F|
|poke|p2|Hydrapple, F|
|poke|p2|Great Tusk|
|poke|p2|Goodra-Hisui, F|
|teampreview
|inactive|Battle timer is ON: inactive players will automatically lose when time's up. (requested by IJFAWE)
|
|t:|1760300554
|teamsize|p1|6
|teamsize|p2|6
|start
|switch|p1a: Garganacl|Garganacl, F|100/100
|switch|p2a: Dragapult|Dragapult, F|100/100
|turn|1
|
|t:|1760300562
|move|p2a: Dragapult|U-turn|p1a: Garganacl
|-damage|p1a: Garganacl|90/100
|
|t:|1760300564
|switch|p2a: Hydrapple|Hydrapple, F|100/100|[from] U-turn
|move|p1a: Garganacl|Salt Cure|p2a: Hydrapple
|-damage|p2a: Hydrapple|92/100
|-start|p2a: Hydrapple|Salt Cure
|
|-heal|p1a: Garganacl|96/100|[from] item: Leftovers
|-damage|p2a: Hydrapple|80/100|[from] Salt Cure
|upkeep
|turn|2
|
|t:|1760300588
|switch|p1a: Torkoal|Torkoal, M|100/100
|-weather|SunnyDay|[from] ability: Drought|[of] p1a: Torkoal
|move|p2a: Hydrapple|Nasty Plot|p2a: Hydrapple
|-boost|p2a: Hydrapple|spa|2
|
|-weather|SunnyDay|[upkeep]
|-damage|p2a: Hydrapple|67/100|[from] Salt Cure
|upkeep
|turn|3
|
|t:|1760300598
|move|p2a: Hydrapple|Fickle Beam|p1a: Torkoal|[anim] Fickle Beam All Out
|-activate|p2a: Hydrapple|move: Fickle Beam
|-damage|p1a: Torkoal|0 fnt
|faint|p1a: Torkoal
|
|-weather|SunnyDay|[upkeep]
|-damage|p2a: Hydrapple|55/100|[from] Salt Cure
|upkeep
|
|t:|1760300602
|switch|p1a: Iron Moth|Iron Moth|100/100
|-enditem|p1a: Iron Moth|Booster Energy
|-activate|p1a: Iron Moth|ability: Quark Drive|[fromitem]
|-start|p1a: Iron Moth|quarkdrivespa
|turn|4
|
|t:|1760300610
|switch|p2a: Goodra|Goodra-Hisui, F|100/100
|move|p1a: Iron Moth|Fiery Dance|p2a: Goodra
|-damage|p2a: Goodra|65/100
|-boost|p1a: Iron Moth|spa|1
|
|-weather|SunnyDay|[upkeep]
|upkeep
|turn|5
|
|t:|1760300619
|-terastallize|p1a: Iron Moth|Fire
|move|p1a: Iron Moth|Fiery Dance|p2a: Goodra
|-damage|p2a: Goodra|0 fnt
|-boost|p1a: Iron Moth|spa|1
|faint|p2a: Goodra
|
|-weather|SunnyDay|[upkeep]
|upkeep
|
|t:|1760300628
|switch|p2a: Dragapult|Dragapult, F|100/100
|turn|6
|
|t:|1760300653
|-terastallize|p2a: Dragapult|Dragon
|move|p2a: Dragapult|Draco Meteor|p1a: Iron Moth
|-damage|p1a: Iron Moth|0 fnt
|-unboost|p2a: Dragapult|spa|2
|faint|p1a: Iron Moth
|-end|p1a: Iron Moth|Quark Drive|[silent]
|
|-weather|SunnyDay|[upkeep]
|upkeep
|
|t:|1760300659
|switch|p1a: Walking Wake|Walking Wake|100/100
|-activate|p1a: Walking Wake|ability: Protosynthesis
|-start|p1a: Walking Wake|protosynthesisspa
|turn|7
|
|t:|1760300677
|move|p2a: Dragapult|Draco Meteor|p1a: Walking Wake
|-supereffective|p1a: Walking Wake
|-damage|p1a: Walking Wake|0 fnt
|-unboost|p2a: Dragapult|spa|2
|faint|p1a: Walking Wake
|-end|p1a: Walking Wake|Protosynthesis|[silent]
|
|-weather|SunnyDay|[upkeep]
|upkeep
|
|t:|1760300685
|switch|p1a: Garganacl|Garganacl, F|96/100
|turn|8
|-message|randalboy forfeited.
|
|win|IJFAWE
|raw|randalboy's rating: 1104 &rarr; <strong>1083</strong><br />(-21 for losing)
|raw|IJFAWE's rating: 1156 &rarr; <strong>1177</strong><br />(+21 for winning)
|l|☆randalboy
|player|p1|
