|j|☆oficial matute
|j|☆Super Pecora
|t:|1760402023
|gametype|singles
|player|p1|oficial matute|policeman|1143
|player|p2|Super Pecora|shauntal|1111
|gen|9
|tier|[Gen 9] OU
|rated|
|rule|HP Percentage Mod: HP is shown in percentages
|rule|Endless Battle Clause: Forcing endless battles is banned
|rule|Species Clause: Limit one of each Pokémon
|rule|OHKO Clause: OHKO moves are banned
|rule|Evasion Items Clause: Evasion items are banned
|rule|Evasion Moves Clause: Evasion moves are banned
|rule|Evasion Abilities Clause: Evasion abilities are banned
|rule|Sleep Moves Clause: Sleep-inducing moves are banned
|clearpoke
|poke|p1|Noivern, F|
|poke|p1|Tropius, M|
|poke|p1|Garchomp, F|
|poke|p1|Hydrapple, F|
|poke|p1|Torterra, M|
|poke|p1|Landorus-Therian, M|
|poke|p2|Gliscor, M|
|poke|p2|Garganacl, M|
|poke|p2|Shaymin|
|poke|p2|Dragonite, F|
|poke|p2|Sableye, M|
|poke|p2|Primarina, F|
|teampreview
|inactive|Battle timer is ON: inactive players will automatically lose when time's up. (requested by oficial matute)
|
|t:|1760402035
|teamsize|p1|6
|teamsize|p2|6
|start
|switch|p1a: 👁👅👁|Noivern, F|100/100
|switch|p2a: Sableye|Sableye, M, shiny|100/100
|-item|p2a: Sableye|Heavy-Duty Boots|[from] ability: Frisk|[of] p1a: 👁👅👁
|turn|1
|
|t:|1760402051
|switch|p2a: Primarina|Primarina, F, shiny|100/100
|move|p1a: 👁👅👁|Switcheroo|p2a: Primarina
|-activate|p1a: 👁👅👁|move: Trick|[of] p2a: Primarina
|-item|p2a: Primarina|Choice Scarf|[from] move: Switcheroo
|-item|p1a: 👁👅👁|Assault Vest|[from] move: Switcheroo
|
|upkeep
|turn|2
|
|t:|1760402062
|switch|p1a: 👁🐽👁|Tropius, M, shiny|100/100
|move|p2a: Primarina|Moonblast|p1a: 👁🐽👁
|-crit|p1a: 👁🐽👁
|-damage|p1a: 👁🐽👁|44/100
|-enditem|p1a: 👁🐽👁|Sitrus Berry|[eat]
|-heal|p1a: 👁🐽👁|69/100|[from] item: Sitrus Berry
|
|-item|p1a: 👁🐽👁|Sitrus Berry|[from] ability: Harvest
|upkeep
|turn|3
|
|t:|1760402079
|switch|p2a: Sableye|Sableye, M, shiny|100/100
|-terastallize|p1a: 👁🐽👁|Ghost
|move|p1a: 👁🐽👁|Leech Seed|p2a: Sableye
|-start|p2a: Sableye|move: Leech Seed
|
|-damage|p2a: Sableye|88/100|[from] Leech Seed|[of] p1a: 👁🐽👁
|-heal|p1a: 👁🐽👁|79/100|[silent]
|upkeep
|turn|4
|
|t:|1760402089
|move|p1a: 👁🐽👁|Protect|p1a: 👁🐽👁
|-singleturn|p1a: 👁🐽👁|Protect
|move|p2a: Sableye|Encore|p1a: 👁🐽👁
|-activate|p1a: 👁🐽👁|move: Protect
|
|-damage|p2a: Sableye|75/100|[from] Leech Seed|[of] p1a: 👁🐽👁
|-heal|p1a: 👁🐽👁|88/100|[silent]
|upkeep
|turn|5
|
|t:|1760402107
|switch|p1a: 👁👅👁|Noivern, F|100/100
|-item|p2a: Sableye|Heavy-Duty Boots|[from] ability: Frisk|[of] p1a: 👁👅👁
|move|p2a: Sableye|Encore||[still]
|-fail|p2a: Sableye
|
|-damage|p2a: Sableye|63/100|[from] Leech Seed|[of] p1a: 👁👅👁
|upkeep
|turn|6
|
|t:|1760402116
|move|p2a: Sableye|Recover|p2a: Sableye
|-heal|p2a: Sableye|100/100
|move|p1a: 👁👅👁|Air Slash|p2a: Sableye
|-damage|p2a: Sableye|54/100
|
|-damage|p2a: Sableye|41/100|[from] Leech Seed|[of] p1a: 👁👅👁
|upkeep
|turn|7
|
|t:|1760402141
|switch|p2a: Garganacl|Garganacl, M|100/100
|move|p1a: 👁👅👁|Air Slash|p2a: Garganacl
|-resisted|p2a: Garganacl
|-damage|p2a: Garganacl|89/100
|
|-heal|p2a: Garganacl|95/100|[from] item: Leftovers
|upkeep
|turn|8
|
|t:|1760402151
|switch|p1a: 👁🐽👁|Tropius, M, shiny, tera:Ghost|88/100
|move|p2a: Garganacl|Salt Cure|p1a: 👁🐽👁
|-damage|p1a: 👁🐽👁|73/100
|-start|p1a: 👁🐽👁|Salt Cure
|
|-heal|p2a: Garganacl|100/100|[from] item: Leftovers
|-damage|p1a: 👁🐽👁|60/100|[from] Salt Cure
|upkeep
|turn|9
|
|t:|1760402160
|move|p2a: Garganacl|Protect|p2a: Garganacl
|-singleturn|p2a: Garganacl|Protect
|move|p1a: 👁🐽👁|Leech Seed|p2a: Garganacl
|-activate|p2a: Garganacl|move: Protect
|
|-damage|p1a: 👁🐽👁|48/100|[from] Salt Cure
|upkeep
|-enditem|p1a: 👁🐽👁|Sitrus Berry|[eat]
|-heal|p1a: 👁🐽👁|73/100|[from] item: Sitrus Berry
|turn|10
|
|t:|1760402171
|switch|p1a: 👁👃👁|Landorus-Therian, M|100/100
|-ability|p1a: 👁👃👁|Intimidate|boost
|-unboost|p2a: Garganacl|atk|1
|move|p2a: Garganacl|Protect||[still]
|-fail|p2a: Garganacl
|
|upkeep
|turn|11
|
|t:|1760402183
|-terastallize|p2a: Garganacl|Fairy
|move|p1a: 👁👃👁|Stealth Rock|p2a: Garganacl
|-sidestart|p2: Super Pecora|move: Stealth Rock
|move|p2a: Garganacl|Stealth Rock|p1a: 👁👃👁
|-sidestart|p1: oficial matute|move: Stealth Rock
|
|upkeep
|turn|12
|
|t:|1760402190
|move|p1a: 👁👃👁|U-turn|p2a: Garganacl
|-resisted|p2a: Garganacl
|-damage|p2a: Garganacl|94/100
|
|t:|1760402194
|switch|p1a: 👁🫦👁|Garchomp, F|100/100|[from] U-turn
|-damage|p1a: 👁🫦👁|94/100|[from] Stealth Rock
|move|p2a: Garganacl|Salt Cure|p1a: 👁🫦👁
|-resisted|p1a: 👁🫦👁
|-damage|p1a: 👁🫦👁|90/100
|-start|p1a: 👁🫦👁|Salt Cure
|
|-heal|p2a: Garganacl|99/100|[from] item: Leftovers
|-damage|p1a: 👁🫦👁|78/100|[from] Salt Cure
|upkeep
|turn|13
|
|t:|1760402207
|switch|p1a: 👁🐽👁|Tropius, M, shiny, tera:Ghost|73/100
|-damage|p1a: 👁🐽👁|60/100|[from] Stealth Rock
|move|p2a: Garganacl|Protect||[still]
|-fail|p2a: Garganacl
|
|-heal|p2a: Garganacl|100/100|[from] item: Leftovers
|upkeep
|turn|14
|
|t:|1760402217
|move|p1a: 👁🐽👁|Substitute|p1a: 👁🐽👁
|-start|p1a: 👁🐽👁|Substitute
|-damage|p1a: 👁🐽👁|36/100
|move|p2a: Garganacl|Salt Cure|p1a: 👁🐽👁
|-activate|p1a: 👁🐽👁|move: Substitute|[damage]
|
|-item|p1a: 👁🐽👁|Sitrus Berry|[from] ability: Harvest
|upkeep
|-enditem|p1a: 👁🐽👁|Sitrus Berry|[eat]
|-heal|p1a: 👁🐽👁|60/100|[from] item: Sitrus Berry
|turn|15
|
|t:|1760402227
|move|p1a: 👁🐽👁|Leech Seed|p2a: Garganacl
|-start|p2a: Garganacl|move: Leech Seed
|move|p2a: Garganacl|Salt Cure|p1a: 👁🐽👁
|-activate|p1a: 👁🐽👁|move: Substitute|[damage]
|
|-damage|p2a: Garganacl|88/100|[from] Leech Seed|[of] p1a: 👁🐽👁
|-heal|p1a: 👁🐽👁|73/100|[silent]
|-item|p1a: 👁🐽👁|Sitrus Berry|[from] ability: Harvest
|upkeep
|turn|16
|
|t:|1760402237
|move|p1a: 👁🐽👁|Curse|p2a: Garganacl
|-start|p2a: Garganacl|Curse|[of] p1a: 👁🐽👁
|-damage|p1a: 👁🐽👁|23/100
|-enditem|p1a: 👁🐽👁|Sitrus Berry|[eat]
|-heal|p1a: 👁🐽👁|48/100|[from] item: Sitrus Berry
|move|p2a: Garganacl|Salt Cure|p1a: 👁🐽👁
|-end|p1a: 👁🐽👁|Substitute
|
|-heal|p2a: Garganacl|94/100|[from] item: Leftovers
|-damage|p2a: Garganacl|82/100|[from] Leech Seed|[of] p1a: 👁🐽👁
|-heal|p1a: 👁🐽👁|60/100|[silent]
|-damage|p2a: Garganacl|57/100|[from] Curse
|upkeep
|turn|17
|
|t:|1760402253
|switch|p2a: Shaymin|Shaymin, shiny|100/100
|move|p1a: 👁🐽👁|Substitute|p1a: 👁🐽👁
|-start|p1a: 👁🐽👁|Substitute
|-damage|p1a: 👁🐽👁|35/100
|
|-item|p1a: 👁🐽👁|Sitrus Berry|[from] ability: Harvest
|upkeep
|-enditem|p1a: 👁🐽👁|Sitrus Berry|[eat]
|-heal|p1a: 👁🐽👁|60/100|[from] item: Sitrus Berry
|turn|18
|
|t:|1760402264
|move|p2a: Shaymin|Air Slash|p1a: 👁🐽👁
|-activate|p1a: 👁🐽👁|move: Substitute|[damage]
|move|p1a: 👁🐽👁|Curse|p2a: Shaymin
|-start|p2a: Shaymin|Curse|[of] p1a: 👁🐽👁
|-damage|p1a: 👁🐽👁|10/100
|
|-damage|p2a: Shaymin|76/100|[from] Curse
|-item|p1a: 👁🐽👁|Sitrus Berry|[from] ability: Harvest
|upkeep
|-enditem|p1a: 👁🐽👁|Sitrus Berry|[eat]
|-heal|p1a: 👁🐽👁|35/100|[from] item: Sitrus Berry
|turn|19
|
|t:|1760402280
|move|p1a: 👁🐽👁|Protect|p1a: 👁🐽👁
|-singleturn|p1a: 👁🐽👁|Protect
|move|p2a: Shaymin|Seed Flare|p1a: 👁🐽👁
|-activate|p1a: 👁🐽👁|move: Protect
|
|-damage|p2a: Shaymin|51/100|[from] Curse
|upkeep
|turn|20
|
|t:|1760402289
|move|p2a: Shaymin|Seed Flare|p1a: 👁🐽👁
|-end|p1a: 👁🐽👁|Substitute
|move|p1a: 👁🐽👁|Substitute|p1a: 👁🐽👁
|-start|p1a: 👁🐽👁|Substitute
|-damage|p1a: 👁🐽👁|10/100
|
|-damage|p2a: Shaymin|26/100|[from] Curse
|-item|p1a: 👁🐽👁|Sitrus Berry|[from] ability: Harvest
|upkeep
|-enditem|p1a: 👁🐽👁|Sitrus Berry|[eat]
|-heal|p1a: 👁🐽👁|35/100|[from] item: Sitrus Berry
|turn|21
|
|t:|1760402300
|move|p1a: 👁🐽👁|Protect|p1a: 👁🐽👁
|-singleturn|p1a: 👁🐽👁|Protect
|move|p2a: Shaymin|Synthesis|p2a: Shaymin
|-heal|p2a: Shaymin|76/100
|
|-damage|p2a: Shaymin|51/100|[from] Curse
|-item|p1a: 👁🐽👁|Sitrus Berry|[from] ability: Harvest
|upkeep
|-enditem|p1a: 👁🐽👁|Sitrus Berry|[eat]
|-heal|p1a: 👁🐽👁|60/100|[from] item: Sitrus Berry
|turn|22
|
|t:|1760402321
|switch|p2a: Gliscor|Gliscor, M, shiny|100/100
|-damage|p2a: Gliscor|88/100|[from] Stealth Rock
|move|p1a: 👁🐽👁|Leech Seed|p2a: Gliscor
|-start|p2a: Gliscor|move: Leech Seed
|
|-damage|p2a: Gliscor|75/100|[from] Leech Seed|[of] p1a: 👁🐽👁
|-heal|p1a: 👁🐽👁|71/100|[silent]
|-status|p2a: Gliscor|tox|[from] item: Toxic Orb
|-item|p1a: 👁🐽👁|Sitrus Berry|[from] ability: Harvest
|upkeep
|turn|23
|
|t:|1760402336
|move|p2a: Gliscor|Knock Off|p1a: 👁🐽👁
|-supereffective|p1a: 👁🐽👁
|-end|p1a: 👁🐽👁|Substitute
|move|p1a: 👁🐽👁|Curse|p2a: Gliscor
|-start|p2a: Gliscor|Curse|[of] p1a: 👁🐽👁
|-damage|p1a: 👁🐽👁|21/100
|-enditem|p1a: 👁🐽👁|Sitrus Berry|[eat]
|-heal|p1a: 👁🐽👁|46/100|[from] item: Sitrus Berry
|
|-damage|p2a: Gliscor|63/100 tox|[from] Leech Seed|[of] p1a: 👁🐽👁
|-heal|p1a: 👁🐽👁|57/100|[silent]
|-heal|p2a: Gliscor|75/100 tox|[from] ability: Poison Heal
|-damage|p2a: Gliscor|50/100 tox|[from] Curse
|upkeep
|turn|24
|
|t:|1760402349
|move|p1a: 👁🐽👁|Protect|p1a: 👁🐽👁
|-singleturn|p1a: 👁🐽👁|Protect
|move|p2a: Gliscor|Knock Off|p1a: 👁🐽👁
|-activate|p1a: 👁🐽👁|move: Protect
|
|-damage|p2a: Gliscor|38/100 tox|[from] Leech Seed|[of] p1a: 👁🐽👁
|-heal|p1a: 👁🐽👁|68/100|[silent]
|-heal|p2a: Gliscor|50/100 tox|[from] ability: Poison Heal
|-damage|p2a: Gliscor|25/100 tox|[from] Curse
|-item|p1a: 👁🐽👁|Sitrus Berry|[from] ability: Harvest
|upkeep
|turn|25
|
|t:|1760402361
|switch|p1a: 👁👅👁|Noivern, F|100/100
|-damage|p1a: 👁👅👁|76/100|[from] Stealth Rock
|-item|p2a: Gliscor|Toxic Orb|[from] ability: Frisk|[of] p1a: 👁👅👁
|move|p2a: Gliscor|Knock Off|p1a: 👁👅👁
|-damage|p1a: 👁👅👁|50/100
|-enditem|p1a: 👁👅👁|Assault Vest|[from] move: Knock Off|[of] p2a: Gliscor
|
|-damage|p2a: Gliscor|13/100 tox|[from] Leech Seed|[of] p1a: 👁👅👁
|-heal|p1a: 👁👅👁|64/100|[silent]
|-heal|p2a: Gliscor|25/100 tox|[from] ability: Poison Heal
|-damage|p2a: Gliscor|0 fnt|[from] Curse
|faint|p2a: Gliscor
|upkeep
|inactive|Super Pecora has 120 seconds left.
|
|t:|1760402377
|switch|p2a: Dragonite|Dragonite, F, shiny|100/100
|turn|26
|
|t:|1760402386
|move|p1a: 👁👅👁|Defog|p2a: Dragonite
|-unboost|p2a: Dragonite|evasion|1
|-sideend|p2: Super Pecora|Stealth Rock|[from] move: Defog|[of] p1a: 👁👅👁
|-sideend|p1: oficial matute|Stealth Rock|[from] move: Defog|[of] p1a: 👁👅👁
|move|p2a: Dragonite|Ice Spinner|p1a: 👁👅👁
|-supereffective|p1a: 👁👅👁
|-damage|p1a: 👁👅👁|0 fnt
|faint|p1a: 👁👅👁
|
|upkeep
|
|t:|1760402395
|switch|p1a: 👁👃👁|Landorus-Therian, M|100/100
|-ability|p1a: 👁👃👁|Intimidate|boost
|-unboost|p2a: Dragonite|atk|1
|turn|27
|
|t:|1760402413
|switch|p2a: Garganacl|Garganacl, M, tera:Fairy|57/100
|switch|p1a: 👁🐽👁|Tropius, M, shiny, tera:Ghost|68/100
|
|-heal|p2a: Garganacl|63/100|[from] item: Leftovers
|upkeep
|turn|28
|inactive|Super Pecora has 120 seconds left.
|
|t:|1760402431
|move|p1a: 👁🐽👁|Substitute|p1a: 👁🐽👁
|-start|p1a: 👁🐽👁|Substitute
|-damage|p1a: 👁🐽👁|43/100
|-enditem|p1a: 👁🐽👁|Sitrus Berry|[eat]
|-heal|p1a: 👁🐽👁|68/100|[from] item: Sitrus Berry
|move|p2a: Garganacl|Salt Cure|p1a: 👁🐽👁
|-activate|p1a: 👁🐽👁|move: Substitute|[damage]
|
|-heal|p2a: Garganacl|69/100|[from] item: Leftovers
|-item|p1a: 👁🐽👁|Sitrus Berry|[from] ability: Harvest
|upkeep
|turn|29
|inactive|Super Pecora has 120 seconds left.
|
|t:|1760402449
|switch|p2a: Primarina|Primarina, F, shiny|100/100
|move|p1a: 👁🐽👁|Leech Seed|p2a: Primarina
|-start|p2a: Primarina|move: Leech Seed
|
|-damage|p2a: Primarina|88/100|[from] Leech Seed|[of] p1a: 👁🐽👁
|-heal|p1a: 👁🐽👁|78/100|[silent]
|upkeep
|turn|30
|inactive|Super Pecora has 120 seconds left.
|
|t:|1760402461
|move|p1a: 👁🐽👁|Protect|p1a: 👁🐽👁
|-singleturn|p1a: 👁🐽👁|Protect
|move|p2a: Primarina|Psychic Noise|p1a: 👁🐽👁
|-activate|p1a: 👁🐽👁|move: Protect
|
|-damage|p2a: Primarina|76/100|[from] Leech Seed|[of] p1a: 👁🐽👁
|-heal|p1a: 👁🐽👁|88/100|[silent]
|upkeep
|turn|31
|inactive|Super Pecora has 120 seconds left.
|
|t:|1760402470
|move|p2a: Primarina|Psychic Noise|p1a: 👁🐽👁
|-damage|p1a: 👁🐽👁|70/100
|-start|p1a: 👁🐽👁|move: Heal Block
|move|p1a: 👁🐽👁|Substitute|p1a: 👁🐽👁
|-fail|p1a: 👁🐽👁|move: Substitute
|
|-damage|p2a: Primarina|63/100|[from] Leech Seed|[of] p1a: 👁🐽👁
|upkeep
|turn|32
|inactive|Super Pecora has 120 seconds left.
|
|t:|1760402488
|switch|p2a: Sableye|Sableye, M, shiny|41/100
|move|p1a: 👁🐽👁|Protect||[still]
|-fail|p1a: 👁🐽👁
|
|-end|p1a: 👁🐽👁|move: Heal Block
|upkeep
|turn|33
|inactive|Super Pecora has 120 seconds left.
|
|t:|1760402496
|switch|p1a: 👁👃👁|Landorus-Therian, M|100/100
|-ability|p1a: 👁👃👁|Intimidate|boost
|-unboost|p2a: Sableye|atk|1
|move|p2a: Sableye|Encore||[still]
|-fail|p2a: Sableye
|
|upkeep
|turn|34
|
|t:|1760402504
|move|p2a: Sableye|Recover|p2a: Sableye
|-heal|p2a: Sableye|91/100
|move|p1a: 👁👃👁|Stealth Rock|p2a: Sableye
|-sidestart|p2: Super Pecora|move: Stealth Rock
|
|upkeep
|turn|35
|
|t:|1760402510
|switch|p1a: 👁👄👁|Hydrapple, F|100/100
|move|p2a: Sableye|Will-O-Wisp|p1a: 👁👄👁
|-status|p1a: 👁👄👁|brn
|
|-damage|p1a: 👁👄👁|94/100 brn|[from] brn
|upkeep
|turn|36
|
|t:|1760402523
|switch|p2a: Garganacl|Garganacl, M, tera:Fairy|69/100
|-damage|p2a: Garganacl|57/100|[from] Stealth Rock
|move|p1a: 👁👄👁|Dragon Breath|p2a: Garganacl
|-immune|p2a: Garganacl
|
|-heal|p2a: Garganacl|63/100|[from] item: Leftovers
|-damage|p1a: 👁👄👁|88/100 brn|[from] brn
|upkeep
|turn|37
|
|t:|1760402534
|switch|p1a: 👁🐽👁|Tropius, M, shiny, tera:Ghost|70/100
|move|p2a: Garganacl|Salt Cure|p1a: 👁🐽👁
|-damage|p1a: 👁🐽👁|55/100
|-start|p1a: 👁🐽👁|Salt Cure
|
|-heal|p2a: Garganacl|69/100|[from] item: Leftovers
|-damage|p1a: 👁🐽👁|43/100|[from] Salt Cure
|upkeep
|-enditem|p1a: 👁🐽👁|Sitrus Berry|[eat]
|-heal|p1a: 👁🐽👁|68/100|[from] item: Sitrus Berry
|turn|38
|
|t:|1760402550
|move|p2a: Garganacl|Protect|p2a: Garganacl
|-singleturn|p2a: Garganacl|Protect
|move|p1a: 👁🐽👁|Leech Seed|p2a: Garganacl
|-activate|p2a: Garganacl|move: Protect
|
|-heal|p2a: Garganacl|75/100|[from] item: Leftovers
|-damage|p1a: 👁🐽👁|55/100|[from] Salt Cure
|upkeep
|turn|39
|
|t:|1760402562
|move|p2a: Garganacl|Protect|p2a: Garganacl
|-singleturn|p2a: Garganacl|Protect
|move|p1a: 👁🐽👁|Leech Seed|p2a: Garganacl
|-activate|p2a: Garganacl|move: Protect
|
|-heal|p2a: Garganacl|82/100|[from] item: Leftovers
|-damage|p1a: 👁🐽👁|43/100|[from] Salt Cure
|upkeep
|turn|40
|
|t:|1760402571
|switch|p2a: Shaymin|Shaymin, shiny|51/100
|move|p1a: 👁🐽👁|Leech Seed|p2a: Shaymin
|-immune|p2a: Shaymin
|
|-damage|p1a: 👁🐽👁|31/100|[from] Salt Cure
|upkeep
|turn|41
|
|t:|1760402585
|switch|p1a: 👁👄👁|Hydrapple, F|100/100 brn
|move|p2a: Shaymin|Seed Flare|p1a: 👁👄👁
|-resisted|p1a: 👁👄👁
|-damage|p1a: 👁👄👁|93/100 brn
|-unboost|p1a: 👁👄👁|spd|2
|
|-damage|p1a: 👁👄👁|87/100 brn|[from] brn
|upkeep
|turn|42
|
|t:|1760402599
|move|p2a: Shaymin|Air Slash|p1a: 👁👄👁
|-supereffective|p1a: 👁👄👁
|-damage|p1a: 👁👄👁|32/100 brn
|move|p1a: 👁👄👁|Giga Drain|p2a: Shaymin
|-resisted|p2a: Shaymin
|-damage|p2a: Shaymin|30/100
|-heal|p1a: 👁👄👁|40/100 brn|[from] drain|[of] p2a: Shaymin
|
|-damage|p1a: 👁👄👁|34/100 brn|[from] brn
|upkeep
|turn|43
|
|t:|1760402609
|switch|p1a: 👁🐽👁|Tropius, M, shiny, tera:Ghost|31/100
|move|p2a: Shaymin|Air Slash|p1a: 👁🐽👁
|-damage|p1a: 👁🐽👁|15/100
|
|upkeep
|turn|44
|
|t:|1760402621
|move|p1a: 👁🐽👁|Protect|p1a: 👁🐽👁
|-singleturn|p1a: 👁🐽👁|Protect
|move|p2a: Shaymin|Air Slash|p1a: 👁🐽👁
|-activate|p1a: 👁🐽👁|move: Protect
|
|-item|p1a: 👁🐽👁|Sitrus Berry|[from] ability: Harvest
|upkeep
|-enditem|p1a: 👁🐽👁|Sitrus Berry|[eat]
|-heal|p1a: 👁🐽👁|40/100|[from] item: Sitrus Berry
|turn|45
|
|t:|1760402636
|switch|p2a: Sableye|Sableye, M, shiny|91/100
|switch|p1a: 👁🫦👁|Garchomp, F|78/100
|
|upkeep
|turn|46
|
|t:|1760402650
|switch|p1a: 👁👄👁|Hydrapple, F|67/100 brn
|move|p2a: Sableye|Will-O-Wisp|p1a: 👁👄👁
|-fail|p1a: 👁👄👁|brn
|
|-damage|p1a: 👁👄👁|61/100 brn|[from] brn
|upkeep
|turn|47
|
|t:|1760402667
|switch|p2a: Garganacl|Garganacl, M, tera:Fairy|82/100
|-damage|p2a: Garganacl|69/100|[from] Stealth Rock
|move|p1a: 👁👄👁|Giga Drain|p2a: Garganacl
|-damage|p2a: Garganacl|43/100
|-heal|p1a: 👁👄👁|74/100 brn|[from] drain|[of] p2a: Garganacl
|
|-heal|p2a: Garganacl|49/100|[from] item: Leftovers
|-damage|p1a: 👁👄👁|68/100 brn|[from] brn
|upkeep
|turn|48
|
|t:|1760402682
|switch|p1a: 👁🐽👁|Tropius, M, shiny, tera:Ghost|40/100
|move|p2a: Garganacl|Salt Cure|p1a: 👁🐽👁
|-damage|p1a: 👁🐽👁|26/100
|-start|p1a: 👁🐽👁|Salt Cure
|
|-heal|p2a: Garganacl|55/100|[from] item: Leftovers
|-damage|p1a: 👁🐽👁|14/100|[from] Salt Cure
|-item|p1a: 👁🐽👁|Sitrus Berry|[from] ability: Harvest
|upkeep
|-enditem|p1a: 👁🐽👁|Sitrus Berry|[eat]
|-heal|p1a: 👁🐽👁|39/100|[from] item: Sitrus Berry
|turn|49
|
|t:|1760402696
|switch|p1a: 👁👄👁|Hydrapple, F|100/100 brn
|move|p2a: Garganacl|Protect||[still]
|-fail|p2a: Garganacl
|
|-heal|p2a: Garganacl|61/100|[from] item: Leftovers
|-damage|p1a: 👁👄👁|94/100 brn|[from] brn
|upkeep
|turn|50
|
|t:|1760402707
|move|p1a: 👁👄👁|Giga Drain|p2a: Garganacl
|-damage|p2a: Garganacl|36/100
|-heal|p1a: 👁👄👁|100/100 brn|[from] drain|[of] p2a: Garganacl
|move|p2a: Garganacl|Stealth Rock|p1a: 👁👄👁
|-sidestart|p1: oficial matute|move: Stealth Rock
|
|-heal|p2a: Garganacl|42/100|[from] item: Leftovers
|-damage|p1a: 👁👄👁|94/100 brn|[from] brn
|upkeep
|turn|51
|
|t:|1760402721
|move|p1a: 👁👄👁|Giga Drain|p2a: Garganacl
|-damage|p2a: Garganacl|14/100
|-heal|p1a: 👁👄👁|100/100 brn|[from] drain|[of] p2a: Garganacl
|move|p2a: Garganacl|Recover|p2a: Garganacl
|-heal|p2a: Garganacl|64/100
|
|-heal|p2a: Garganacl|71/100|[from] item: Leftovers
|-damage|p1a: 👁👄👁|94/100 brn|[from] brn
|upkeep
|turn|52
|
|t:|1760402731
|move|p1a: 👁👄👁|Giga Drain|p2a: Garganacl
|-damage|p2a: Garganacl|46/100
|-heal|p1a: 👁👄👁|100/100 brn|[from] drain|[of] p2a: Garganacl
|move|p2a: Garganacl|Recover|p2a: Garganacl
|-heal|p2a: Garganacl|96/100
|
|-heal|p2a: Garganacl|100/100|[from] item: Leftovers
|-damage|p1a: 👁👄👁|94/100 brn|[from] brn
|upkeep
|turn|53
|
|t:|1760402745
|switch|p2a: Dragonite|Dragonite, F, shiny|100/100
|move|p1a: 👁👄👁|Giga Drain|p2a: Dragonite
|-resisted|p2a: Dragonite
|-damage|p2a: Dragonite|96/100
|-heal|p1a: 👁👄👁|96/100 brn|[from] drain|[of] p2a: Dragonite
|
|-damage|p1a: 👁👄👁|90/100 brn|[from] brn
|upkeep
|turn|54
|
|t:|1760402760
|move|p2a: Dragonite|Dragon Dance|p2a: Dragonite
|-boost|p2a: Dragonite|atk|1
|-boost|p2a: Dragonite|spe|1
|move|p1a: 👁👄👁|Dragon Breath|p2a: Dragonite
|-supereffective|p2a: Dragonite
|-damage|p2a: Dragonite|29/100
|
|-damage|p1a: 👁👄👁|84/100 brn|[from] brn
|upkeep
|turn|55
|
|t:|1760402780
|switch|p1a: 👁🫦👁|Garchomp, F|78/100
|-damage|p1a: 👁🫦👁|72/100|[from] Stealth Rock
|move|p2a: Dragonite|Ice Spinner|p1a: 👁🫦👁
|-supereffective|p1a: 👁🫦👁
|-damage|p1a: 👁🫦👁|0 fnt
|-damage|p2a: Dragonite|17/100|[from] ability: Rough Skin|[of] p1a: 👁🫦👁
|faint|p1a: 👁🫦👁
|
|upkeep
|
|t:|1760402791
|switch|p1a: 👁👃👁|Landorus-Therian, M|100/100
|-damage|p1a: 👁👃👁|88/100|[from] Stealth Rock
|-ability|p1a: 👁👃👁|Intimidate|boost
|-unboost|p2a: Dragonite|atk|1
|turn|56
|
|t:|1760402800
|move|p2a: Dragonite|Ice Spinner|p1a: 👁👃👁
|-supereffective|p1a: 👁👃👁
|-damage|p1a: 👁👃👁|2/100
|-damage|p2a: Dragonite|0 fnt|[from] item: Rocky Helmet|[of] p1a: 👁👃👁
|faint|p2a: Dragonite
|move|p1a: 👁👃👁|Smack Down|p2: Dragonite|[notarget]
|-fail|p1a: 👁👃👁
|
|upkeep
|
|t:|1760402827
|switch|p2a: Shaymin|Shaymin, shiny|30/100
|turn|57
|
|t:|1760402840
|move|p2a: Shaymin|Air Slash|p1a: 👁👃👁
|-damage|p1a: 👁👃👁|0 fnt
|faint|p1a: 👁👃👁
|
|upkeep
|
|t:|1760402853
|switch|p1a: 👁💋👁|Torterra, M|100/100
|-damage|p1a: 👁💋👁|94/100|[from] Stealth Rock
|turn|58
|
|t:|1760402858
|move|p2a: Shaymin|Synthesis|p2a: Shaymin
|-heal|p2a: Shaymin|80/100
|move|p1a: 👁💋👁|Shell Smash|p1a: 👁💋👁
|-unboost|p1a: 👁💋👁|def|1
|-unboost|p1a: 👁💋👁|spd|1
|-boost|p1a: 👁💋👁|atk|2
|-boost|p1a: 👁💋👁|spa|2
|-boost|p1a: 👁💋👁|spe|2
|
|upkeep
|turn|59
|
|t:|1760402873
|switch|p2a: Sableye|Sableye, M, shiny|91/100
|move|p1a: 👁💋👁|Wood Hammer|p2a: Sableye
|-crit|p2a: Sableye
|-damage|p2a: Sableye|0 fnt
|faint|p2a: Sableye
|-damage|p1a: 👁💋👁|67/100|[from] Recoil
|
|upkeep
|
|t:|1760402884
|switch|p2a: Primarina|Primarina, F, shiny|63/100
|-damage|p2a: Primarina|51/100|[from] Stealth Rock
|turn|60
|
|t:|1760402889
|move|p1a: 👁💋👁|Wood Hammer|p2a: Primarina
|-supereffective|p2a: Primarina
|-damage|p2a: Primarina|0 fnt
|faint|p2a: Primarina
|-damage|p1a: 👁💋👁|51/100|[from] Recoil
|
|upkeep
|-message|Super Pecora forfeited.
|
|win|oficial matute
|raw|oficial matute's rating: 1143 &rarr; <strong>1166</strong><br />(+23 for winning)
|raw|Super Pecora's rating: 1111 &rarr; <strong>1088</strong><br />(-23 for losing)
|l|☆Super Pecora
|player|p2|
|l|☆oficial matute
|player|p1|
