|j|‽flinchirator
|j|☆elementpigeon
|t:|1760393001
|gametype|singles
|player|p1|flinchirator|miku-ice|1434
|player|p2|elementpigeon|lady|1481
|gen|9
|tier|[Gen 9] OU
|rated|
|rule|HP Percentage Mod: HP is shown in percentages
|rule|Endless Battle Clause: Forcing endless battles is banned
|rule|Species Clause: Limit one of each Pokémon
|rule|OHKO Clause: OHKO moves are banned
|rule|Evasion Items Clause: Evasion items are banned
|rule|Evasion Moves Clause: Evasion moves are banned
|rule|Evasion Abilities Clause: Evasion abilities are banned
|rule|Sleep Moves Clause: Sleep-inducing moves are banned
|clearpoke
|poke|p1|Necrozma|
|poke|p1|Kingambit, F|
|poke|p1|Samurott-Hisui, F|
|poke|p1|Iron Treads|
|poke|p1|Enamorus, F|
|poke|p1|Pecharunt|
|poke|p2|Dragonite, F|
|poke|p2|Gholdengo|
|poke|p2|Slowking-Galar, M|
|poke|p2|Kyurem|
|poke|p2|Great Tusk|
|poke|p2|Dragapult, M|
|teampreview
|inactive|Battle timer is ON: inactive players will automatically lose when time's up. (requested by flinchirator)
|
|t:|1760393018
|teamsize|p1|6
|teamsize|p2|6
|start
|switch|p1a: Samurott|Samurott-Hisui, F, shiny|100/100
|switch|p2a: Great Tusk|Great Tusk|100/100
|-enditem|p2a: Great Tusk|Booster Energy
|-activate|p2a: Great Tusk|ability: Protosynthesis|[fromitem]
|-start|p2a: Great Tusk|protosynthesisspe
|turn|1
|
|t:|1760393023
|move|p2a: Great Tusk|Stealth Rock|p1a: Samurott
|-sidestart|p1: flinchirator|move: Stealth Rock
|move|p1a: Samurott|Razor Shell|p2a: Great Tusk
|-supereffective|p2a: Great Tusk
|-damage|p2a: Great Tusk|0 fnt
|faint|p2a: Great Tusk
|-end|p2a: Great Tusk|Protosynthesis|[silent]
|
|upkeep
|
|t:|1760393026
|switch|p2a: Dragonite|Dragonite, F|100/100
|turn|2
|
|t:|1760393030
|switch|p1a: Pecharunt|Pecharunt|100/100
|-damage|p1a: Pecharunt|88/100|[from] Stealth Rock
|-item|p1a: Pecharunt|Air Balloon
|move|p2a: Dragonite|Dragon Dance|p2a: Dragonite
|-boost|p2a: Dragonite|atk|1
|-boost|p2a: Dragonite|spe|1
|
|upkeep
|turn|3
|
|t:|1760393036
|switch|p2a: Gholdengo|Gholdengo|100/100
|-item|p2a: Gholdengo|Air Balloon
|move|p1a: Pecharunt|Malignant Chain|p2a: Gholdengo
|-immune|p2a: Gholdengo
|
|upkeep
|turn|4
|
|t:|1760393049
|switch|p1a: Kingambit|Kingambit, F, shiny|100/100
|-damage|p1a: Kingambit|94/100|[from] Stealth Rock
|switch|p2a: Dragonite|Dragonite, F|100/100
|
|upkeep
|turn|5
|
|t:|1760393057
|move|p2a: Dragonite|Dragon Dance|p2a: Dragonite
|-boost|p2a: Dragonite|atk|1
|-boost|p2a: Dragonite|spe|1
|move|p1a: Kingambit|Kowtow Cleave|p2a: Dragonite
|-damage|p2a: Dragonite|73/100
|
|upkeep
|turn|6
|
|t:|1760393061
|-end|p1a: Kingambit|fallenundefined|[silent]
|switch|p1a: Pecharunt|Pecharunt|88/100
|-damage|p1a: Pecharunt|76/100|[from] Stealth Rock
|-item|p1a: Pecharunt|Air Balloon
|move|p2a: Dragonite|Roost|p2a: Dragonite
|-heal|p2a: Dragonite|100/100
|-singleturn|p2a: Dragonite|move: Roost
|
|upkeep
|turn|7
|
|t:|1760393068
|-terastallize|p2a: Dragonite|Fairy
|move|p2a: Dragonite|Tera Blast|p1a: Pecharunt|[anim] Tera Blast Fairy
|-resisted|p1a: Pecharunt
|-damage|p1a: Pecharunt|56/100
|-enditem|p1a: Pecharunt|Air Balloon
|move|p1a: Pecharunt|Shadow Ball|p2a: Dragonite
|-damage|p2a: Dragonite|88/100
|-unboost|p2a: Dragonite|spd|1
|
|upkeep
|turn|8
|
|t:|1760393074
|move|p2a: Dragonite|Earthquake|p1a: Pecharunt
|-supereffective|p1a: Pecharunt
|-damage|p1a: Pecharunt|0 fnt
|faint|p1a: Pecharunt
|
|upkeep
|
|t:|1760393079
|switch|p1a: Necrozma|Necrozma, shiny|100/100
|-damage|p1a: Necrozma|88/100|[from] Stealth Rock
|turn|9
|
|t:|1760393086
|move|p2a: Dragonite|Tera Blast|p1a: Necrozma|[anim] Tera Blast Fairy
|-damage|p1a: Necrozma|37/100
|move|p1a: Necrozma|Trick Room|p1a: Necrozma
|-fieldstart|move: Trick Room|[of] p1a: Necrozma
|
|upkeep
|turn|10
|
|t:|1760393090
|move|p1a: Necrozma|Photon Geyser|p2a: Dragonite
|-crit|p2a: Dragonite
|-damage|p2a: Dragonite|0 fnt
|faint|p2a: Dragonite
|
|upkeep
|
|t:|1760393094
|switch|p2a: Slowking|Slowking-Galar, M|100/100
|turn|11
|
|t:|1760393096
|move|p2a: Slowking|Sludge Bomb|p1a: Necrozma
|-damage|p1a: Necrozma|7/100
|move|p1a: Necrozma|Photon Geyser|p2a: Slowking
|-damage|p2a: Slowking|80/100
|
|upkeep
|turn|12
|
|t:|1760393100
|move|p2a: Slowking|Sludge Bomb|p1a: Necrozma
|-damage|p1a: Necrozma|0 fnt
|faint|p1a: Necrozma
|
|upkeep
|
|t:|1760393103
|switch|p1a: Kingambit|Kingambit, F, shiny|94/100
|-damage|p1a: Kingambit|88/100|[from] Stealth Rock
|-activate|p1a: Kingambit|ability: Supreme Overlord
|-start|p1a: Kingambit|fallen2|[silent]
|turn|13
|
|t:|1760393107
|move|p2a: Slowking|Focus Blast|p1a: Kingambit
|-supereffective|p1a: Kingambit
|-damage|p1a: Kingambit|0 fnt
|faint|p1a: Kingambit
|-end|p1a: Kingambit|fallen2|[silent]
|
|-fieldend|move: Trick Room
|upkeep
|
|t:|1760393112
|switch|p1a: Samurott|Samurott-Hisui, F, shiny|100/100
|-damage|p1a: Samurott|88/100|[from] Stealth Rock
|turn|14
|
|t:|1760393121
|switch|p2a: Gholdengo|Gholdengo|100/100
|-item|p2a: Gholdengo|Air Balloon
|move|p1a: Samurott|Ceaseless Edge|p2a: Gholdengo
|-supereffective|p2a: Gholdengo
|-damage|p2a: Gholdengo|5/100
|-enditem|p2a: Gholdengo|Air Balloon
|-sidestart|p2: elementpigeon|Spikes
|
|upkeep
|turn|15
|
|t:|1760393128
|move|p1a: Samurott|Ceaseless Edge|p2a: Gholdengo
|-supereffective|p2a: Gholdengo
|-damage|p2a: Gholdengo|0 fnt
|-sidestart|p2: elementpigeon|Spikes
|faint|p2a: Gholdengo
|
|upkeep
|
|t:|1760393134
|switch|p2a: Dragapult|Dragapult, M|100/100
|-damage|p2a: Dragapult|84/100|[from] Spikes
|turn|16
|
|t:|1760393142
|switch|p1a: Enamorus|Enamorus, F, shiny|100/100
|-damage|p1a: Enamorus|76/100|[from] Stealth Rock
|move|p2a: Dragapult|Shadow Ball|p1a: Enamorus
|-damage|p1a: Enamorus|0 fnt
|faint|p1a: Enamorus
|
|upkeep
|
|t:|1760393149
|switch|p1a: Samurott|Samurott-Hisui, F, shiny|88/100
|-damage|p1a: Samurott|76/100|[from] Stealth Rock
|turn|17
|
|t:|1760393152
|switch|p2a: Slowking|Slowking-Galar, M|100/100
|-damage|p2a: Slowking|84/100|[from] Spikes
|move|p1a: Samurott|Ceaseless Edge|p2a: Slowking
|-supereffective|p2a: Slowking
|-damage|p2a: Slowking|0 fnt
|-sidestart|p2: elementpigeon|Spikes
|faint|p2a: Slowking
|
|upkeep
|
|t:|1760393155
|switch|p2a: Dragapult|Dragapult, M|84/100
|-damage|p2a: Dragapult|59/100|[from] Spikes
|turn|18
|
|t:|1760393163
|move|p2a: Dragapult|Flamethrower|p1a: Samurott
|-resisted|p1a: Samurott
|-damage|p1a: Samurott|44/100
|move|p1a: Samurott|Ceaseless Edge|p2a: Dragapult
|-supereffective|p2a: Dragapult
|-damage|p2a: Dragapult|0 fnt
|faint|p2a: Dragapult
|
|upkeep
|
|t:|1760393164
|switch|p2a: Kyurem|Kyurem|100/100
|-damage|p2a: Kyurem|76/100|[from] Spikes
|-ability|p2a: Kyurem|Pressure
|turn|19
|
|t:|1760393166
|move|p2a: Kyurem|Dragon Dance|p2a: Kyurem
|-boost|p2a: Kyurem|atk|1
|-boost|p2a: Kyurem|spe|1
|move|p1a: Samurott|Ceaseless Edge|p2a: Kyurem|[miss]
|-miss|p1a: Samurott|p2a: Kyurem
|
|upkeep
|turn|20
|
|t:|1760393170
|move|p2a: Kyurem|Dragon Dance|p2a: Kyurem
|-boost|p2a: Kyurem|atk|1
|-boost|p2a: Kyurem|spe|1
|move|p1a: Samurott|Ceaseless Edge|p2a: Kyurem
|-damage|p2a: Kyurem|6/100
|
|upkeep
|turn|21
|
|t:|1760393176
|switch|p1a: Iron Treads|Iron Treads|100/100
|-damage|p1a: Iron Treads|97/100|[from] Stealth Rock
|move|p2a: Kyurem|Freeze-Dry|p1a: Iron Treads
|-damage|p1a: Iron Treads|64/100
|
|upkeep
|turn|22
|
|t:|1760393180
|move|p2a: Kyurem|Icicle Spear|p1a: Iron Treads
|-damage|p1a: Iron Treads|43/100
|-damage|p1a: Iron Treads|20/100
|-damage|p1a: Iron Treads|0 fnt
|faint|p1a: Iron Treads
|-end|p1a: Iron Treads|Quark Drive|[silent]
|-hitcount|p1: Iron Treads|3
|
|upkeep
|
|t:|1760393182
|switch|p1a: Samurott|Samurott-Hisui, F, shiny|44/100
|-damage|p1a: Samurott|32/100|[from] Stealth Rock
|turn|23
|
|t:|1760393186
|-terastallize|p1a: Samurott|Water
|move|p1a: Samurott|Aqua Jet|p2a: Kyurem
|-resisted|p2a: Kyurem
|-damage|p2a: Kyurem|0 fnt
|faint|p2a: Kyurem
|
|win|flinchirator
|raw|flinchirator's rating: 1434 &rarr; <strong>1457</strong><br />(+23 for winning)
|raw|elementpigeon's rating: 1481 &rarr; <strong>1458</strong><br />(-23 for losing)
|l|☆elementpigeon
|player|p2|
