|j|☆elpets
|j|☆omari p
|t:|1760362518
|gametype|singles
|player|p1|elpets|infielder|1771
|player|p2|omari p|pokemonrangerf|1754
|gen|9
|tier|[Gen 9] OU
|rated|
|rule|HP Percentage Mod: HP is shown in percentages
|rule|Endless Battle Clause: Forcing endless battles is banned
|rule|Species Clause: Limit one of each Pokémon
|rule|OHKO Clause: OHKO moves are banned
|rule|Evasion Items Clause: Evasion items are banned
|rule|Evasion Moves Clause: Evasion moves are banned
|rule|Evasion Abilities Clause: Evasion abilities are banned
|rule|Sleep Moves Clause: Sleep-inducing moves are banned
|clearpoke
|poke|p1|Hatterene, F|
|poke|p1|Dragonite, F|
|poke|p1|Breloom, F|
|poke|p1|Azumarill, F|
|poke|p1|Great Tusk|
|poke|p1|Skeledirge, M|
|poke|p2|Cinderace, M|
|poke|p2|Volcanion|
|poke|p2|Torkoal, M|
|poke|p2|Mandibuzz, F|
|poke|p2|Great Tusk|
|poke|p2|Fezandipiti, M|
|teampreview
|inactive|Battle timer is ON: inactive players will automatically lose when time's up. (requested by elpets)
|
|t:|1760362550
|teamsize|p1|6
|teamsize|p2|6
|start
|switch|p1a: Azumarill|Azumarill, F|100/100
|switch|p2a: Volcanion|Volcanion|100/100
|turn|1
|
|t:|1760362564
|switch|p2a: Torkoal|Torkoal, M, shiny|100/100
|-weather|SunnyDay|[from] ability: Drought|[of] p2a: Torkoal
|move|p1a: Azumarill|Knock Off|p2a: Torkoal
|-damage|p2a: Torkoal|74/100
|-enditem|p2a: Torkoal|Heat Rock|[from] move: Knock Off|[of] p1a: Azumarill
|
|-weather|SunnyDay|[upkeep]
|upkeep
|turn|2
|
|t:|1760362568
|switch|p1a: Hatterene|Hatterene, F|100/100
|move|p2a: Torkoal|Fire Blast|p1a: Hatterene
|-crit|p1a: Hatterene
|-damage|p1a: Hatterene|0 fnt
|faint|p1a: Hatterene
|
|-weather|SunnyDay|[upkeep]
|upkeep
|j| poor ce
|
|t:|1760362573
|switch|p1a: Dragonite|Dragonite, F|100/100
|turn|3
|
|t:|1760362575
|move|p1a: Dragonite|Dragon Dance|p1a: Dragonite
|-boost|p1a: Dragonite|atk|1
|-boost|p1a: Dragonite|spe|1
|move|p2a: Torkoal|Stealth Rock|p1a: Dragonite
|-sidestart|p1: elpets|move: Stealth Rock
|
|-weather|SunnyDay|[upkeep]
|upkeep
|turn|4
|
|t:|1760362579
|switch|p2a: Mandibuzz|Mandibuzz, F, shiny|100/100
|move|p1a: Dragonite|Outrage|p2a: Mandibuzz
|-damage|p2a: Mandibuzz|48/100
|-damage|p1a: Dragonite|84/100|[from] item: Rocky Helmet|[of] p2a: Mandibuzz
|
|-weather|SunnyDay|[upkeep]
|upkeep
|turn|5
|
|t:|1760362585
|-terastallize|p2a: Mandibuzz|Fairy
|move|p1a: Dragonite|Outrage|p2a: Mandibuzz|[from] lockedmove
|-immune|p2a: Mandibuzz
|-start|p1a: Dragonite|confusion|[fatigue]
|-enditem|p1a: Dragonite|Lum Berry|[eat]
|-end|p1a: Dragonite|confusion
|move|p2a: Mandibuzz|Foul Play|p1a: Dragonite
|-damage|p1a: Dragonite|0 fnt
|faint|p1a: Dragonite
|
|-weather|SunnyDay|[upkeep]
|upkeep
|
|t:|1760362592
|switch|p1a: Azumarill|Azumarill, F|100/100
|-damage|p1a: Azumarill|88/100|[from] Stealth Rock
|turn|6
|j| Elphix
|inactive|omari p has 120 seconds left.
|inactive|omari p has 90 seconds left.
|
|t:|1760362657
|move|p2a: Mandibuzz|Roost|p2a: Mandibuzz
|-heal|p2a: Mandibuzz|98/100
|move|p1a: Azumarill|Play Rough|p2a: Mandibuzz
|-damage|p2a: Mandibuzz|63/100
|-damage|p1a: Azumarill|72/100|[from] item: Rocky Helmet|[of] p2a: Mandibuzz
|
|-weather|SunnyDay|[upkeep]
|upkeep
|turn|7
|
|t:|1760362664
|move|p2a: Mandibuzz|Roost|p2a: Mandibuzz
|-heal|p2a: Mandibuzz|100/100
|move|p1a: Azumarill|Knock Off|p2a: Mandibuzz
|-resisted|p2a: Mandibuzz
|-damage|p2a: Mandibuzz|88/100
|-damage|p1a: Azumarill|55/100|[from] item: Rocky Helmet|[of] p2a: Mandibuzz
|-enditem|p2a: Mandibuzz|Rocky Helmet|[from] move: Knock Off|[of] p1a: Azumarill
|
|-weather|SunnyDay|[upkeep]
|upkeep
|turn|8
|
|t:|1760362666
|move|p2a: Mandibuzz|Toxic|p1a: Azumarill
|-status|p1a: Azumarill|tox
|move|p1a: Azumarill|Play Rough|p2a: Mandibuzz|[miss]
|-miss|p1a: Azumarill|p2a: Mandibuzz
|
|-weather|none
|-damage|p1a: Azumarill|49/100 tox|[from] psn
|upkeep
|turn|9
|
|t:|1760362672
|switch|p2a: Torkoal|Torkoal, M, shiny|74/100
|-weather|SunnyDay|[from] ability: Drought|[of] p2a: Torkoal
|move|p1a: Azumarill|Play Rough|p2a: Torkoal
|-resisted|p2a: Torkoal
|-damage|p2a: Torkoal|56/100
|
|-weather|SunnyDay|[upkeep]
|-damage|p1a: Azumarill|36/100 tox|[from] psn
|upkeep
|turn|10
|
|t:|1760362674
|move|p1a: Azumarill|Liquidation|p2a: Torkoal
|-supereffective|p2a: Torkoal
|-damage|p2a: Torkoal|23/100
|-unboost|p2a: Torkoal|def|1
|move|p2a: Torkoal|Fire Blast|p1a: Azumarill
|-resisted|p1a: Azumarill
|-damage|p1a: Azumarill|17/100 tox
|
|-weather|SunnyDay|[upkeep]
|-damage|p1a: Azumarill|0 fnt|[from] psn
|faint|p1a: Azumarill
|upkeep
|
|t:|1760362677
|switch|p1a: Great Tusk|Great Tusk|100/100
|-damage|p1a: Great Tusk|98/100|[from] Stealth Rock
|-activate|p1a: Great Tusk|ability: Protosynthesis
|-start|p1a: Great Tusk|protosynthesisatk
|turn|11
|
|t:|1760362681
|move|p1a: Great Tusk|Rapid Spin|p2a: Torkoal
|-damage|p2a: Torkoal|2/100
|-boost|p1a: Great Tusk|spe|1
|-sideend|p1: elpets|Stealth Rock|[from] move: Rapid Spin|[of] p1a: Great Tusk
|move|p2a: Torkoal|Fire Blast|p1a: Great Tusk
|-damage|p1a: Great Tusk|5/100
|
|-weather|SunnyDay|[upkeep]
|upkeep
|turn|12
|
|t:|1760362689
|move|p1a: Great Tusk|Ice Spinner|p2a: Torkoal
|-resisted|p2a: Torkoal
|-damage|p2a: Torkoal|0 fnt
|faint|p2a: Torkoal
|
|-weather|SunnyDay|[upkeep]
|upkeep
|
|t:|1760362690
|switch|p2a: Cinderace|Cinderace, M|100/100
|turn|13
|
|t:|1760362693
|move|p2a: Cinderace|Sucker Punch|p1a: Great Tusk
|-start|p2a: Cinderace|typechange|Dark|[from] ability: Libero
|-resisted|p1a: Great Tusk
|-crit|p1a: Great Tusk
|-damage|p1a: Great Tusk|0 fnt
|faint|p1a: Great Tusk
|-end|p1a: Great Tusk|Protosynthesis|[silent]
|
|-weather|none
|upkeep
|
|t:|1760362695
|switch|p1a: Ippo|Breloom, F|100/100
|turn|14
|
|t:|1760362699
|switch|p2a: Fezandipiti|Fezandipiti, M|100/100
|move|p1a: Ippo|Swords Dance|p1a: Ippo
|-boost|p1a: Ippo|atk|2
|
|upkeep
|turn|15
|
|t:|1760362703
|-terastallize|p1a: Ippo|Grass
|move|p1a: Ippo|Bullet Seed|p2a: Fezandipiti
|-resisted|p2a: Fezandipiti
|-damage|p2a: Fezandipiti|72/100
|-resisted|p2a: Fezandipiti
|-damage|p2a: Fezandipiti|41/100
|-hitcount|p2a: Fezandipiti|2
|move|p2a: Fezandipiti|Sludge Bomb|p1a: Ippo
|-supereffective|p1a: Ippo
|-enditem|p1a: Ippo|Focus Sash
|-damage|p1a: Ippo|1/100
|-status|p1a: Ippo|tox|[from] ability: Toxic Chain|[of] p2a: Fezandipiti
|
|-heal|p2a: Fezandipiti|47/100|[from] item: Leftovers
|-damage|p1a: Ippo|0 fnt|[from] psn
|faint|p1a: Ippo
|upkeep
|-message|elpets forfeited.
|
|win|omari p
|raw|elpets's rating: 1771 &rarr; <strong>1750</strong><br />(-21 for losing)
|raw|omari p's rating: 1754 &rarr; <strong>1775</strong><br />(+21 for winning)
|l|☆elpets
|player|p1|
|l| Elphix
