|j|☆linclown
|j|☆blabab
|t:|1760394235
|gametype|singles
|player|p1|linclown|miku-ghost|1487
|player|p2|blabab|miku-ground|1442
|gen|9
|tier|[Gen 9] OU
|rated|
|rule|HP Percentage Mod: HP is shown in percentages
|rule|Endless Battle Clause: Forcing endless battles is banned
|rule|Species Clause: Limit one of each Pokémon
|rule|OHKO Clause: OHKO moves are banned
|rule|Evasion Items Clause: Evasion items are banned
|rule|Evasion Moves Clause: Evasion moves are banned
|rule|Evasion Abilities Clause: Evasion abilities are banned
|rule|Sleep Moves Clause: Sleep-inducing moves are banned
|clearpoke
|poke|p1|Mandibuzz, F|
|poke|p1|Reuniclus, M|
|poke|p1|Ogerpon-Wellspring, F|
|poke|p1|Tinkaton, F|
|poke|p1|Cinderace, M|
|poke|p1|Slowking-Galar, F|
|poke|p2|Tornadus-Therian, M|
|poke|p2|Hatterene, F|
|poke|p2|Cinderace, M|
|poke|p2|Great Tusk|
|poke|p2|Ogerpon-Wellspring, F|
|poke|p2|Iron Valiant|
|teampreview
|inactive|Battle timer is ON: inactive players will automatically lose when time's up. (requested by blabab)
|
|t:|1760394262
|teamsize|p1|6
|teamsize|p2|6
|start
|switch|p1a: Slowking|Slowking-Galar, F|100/100
|switch|p2a: Ogerpon|Ogerpon-Wellspring, F|100/100
|turn|1
|
|t:|1760394271
|move|p2a: Ogerpon|Swords Dance|p2a: Ogerpon
|-boost|p2a: Ogerpon|atk|2
|move|p1a: Slowking|Sludge Bomb|p2a: Ogerpon
|-supereffective|p2a: Ogerpon
|-damage|p2a: Ogerpon|9/100
|-status|p2a: Ogerpon|psn
|
|-damage|p2a: Ogerpon|0 fnt|[from] psn
|faint|p2a: Ogerpon
|upkeep
|
|t:|1760394280
|switch|p2a: Great Tusk|Great Tusk|100/100
|turn|2
|
|t:|1760394286
|switch|p1a: Mandibuzz|Mandibuzz, F|100/100
|move|p2a: Great Tusk|Headlong Rush|p1a: Mandibuzz
|-immune|p1a: Mandibuzz
|
|upkeep
|turn|3
|
|t:|1760394293
|switch|p1a: Tinkaton|Tinkaton, F|100/100
|-ability|p1a: Tinkaton|Mold Breaker
|move|p2a: Great Tusk|Ice Spinner|p1a: Tinkaton
|-resisted|p1a: Tinkaton
|-damage|p1a: Tinkaton|87/100
|
|-heal|p1a: Tinkaton|93/100|[from] item: Leftovers
|upkeep
|turn|4
|
|t:|1760394303
|switch|p1a: Mandibuzz|Mandibuzz, F|100/100
|move|p2a: Great Tusk|Headlong Rush|p1a: Mandibuzz
|-immune|p1a: Mandibuzz
|
|upkeep
|turn|5
|
|t:|1760394318
|move|p2a: Great Tusk|Ice Spinner|p1a: Mandibuzz
|-supereffective|p1a: Mandibuzz
|-damage|p1a: Mandibuzz|72/100
|move|p1a: Mandibuzz|Toxic|p2a: Great Tusk
|-status|p2a: Great Tusk|tox
|
|-damage|p2a: Great Tusk|94/100 tox|[from] psn
|upkeep
|turn|6
|
|t:|1760394326
|-end|p2a: Great Tusk|Protosynthesis|[silent]
|switch|p2a: Hatterene|Hatterene, F|100/100
|move|p1a: Mandibuzz|Roost|p1a: Mandibuzz
|-heal|p1a: Mandibuzz|100/100
|-singleturn|p1a: Mandibuzz|move: Roost
|
|upkeep
|turn|7
|
|t:|1760394332
|switch|p1a: Tinkaton|Tinkaton, F|93/100
|-ability|p1a: Tinkaton|Mold Breaker
|move|p2a: Hatterene|Nuzzle|p1a: Tinkaton
|-damage|p1a: Tinkaton|88/100
|-status|p1a: Tinkaton|par
|
|-heal|p1a: Tinkaton|94/100 par|[from] item: Leftovers
|upkeep
|turn|8
|
|t:|1760394339
|move|p1a: Tinkaton|Stealth Rock|p2a: Hatterene
|-sidestart|p2: blabab|move: Stealth Rock
|move|p2a: Hatterene|Mystical Fire|p1a: Tinkaton
|-supereffective|p1a: Tinkaton
|-damage|p1a: Tinkaton|49/100 par
|-unboost|p1a: Tinkaton|spa|1
|
|-heal|p1a: Tinkaton|55/100 par|[from] item: Leftovers
|upkeep
|turn|9
|
|t:|1760394346
|switch|p2a: Great Tusk|Great Tusk|94/100 tox
|move|p1a: Tinkaton|Gigaton Hammer|p2a: Great Tusk
|-damage|p2a: Great Tusk|68/100 tox
|
|-heal|p1a: Tinkaton|61/100 par|[from] item: Leftovers
|-damage|p2a: Great Tusk|61/100 tox|[from] psn
|upkeep
|turn|10
|
|t:|1760394350
|switch|p1a: Mandibuzz|Mandibuzz, F|100/100
|move|p2a: Great Tusk|Rapid Spin|p1a: Mandibuzz
|-damage|p1a: Mandibuzz|91/100
|-boost|p2a: Great Tusk|spe|1
|-sideend|p2: blabab|Stealth Rock|[from] move: Rapid Spin|[of] p2a: Great Tusk
|
|-damage|p2a: Great Tusk|49/100 tox|[from] psn
|upkeep
|turn|11
|
|t:|1760394362
|-end|p2a: Great Tusk|Protosynthesis|[silent]
|switch|p2a: Iron Valiant|Iron Valiant|100/100
|-enditem|p2a: Iron Valiant|Booster Energy
|-activate|p2a: Iron Valiant|ability: Quark Drive|[fromitem]
|-start|p2a: Iron Valiant|quarkdrivespe
|switch|p1a: Slowking|Slowking-Galar, F|100/100
|
|upkeep
|turn|12
|
|t:|1760394367
|-terastallize|p2a: Iron Valiant|Ghost
|move|p2a: Iron Valiant|Swords Dance|p2a: Iron Valiant
|-boost|p2a: Iron Valiant|atk|2
|move|p1a: Slowking|Sludge Bomb|p2a: Iron Valiant
|-resisted|p2a: Iron Valiant
|-damage|p2a: Iron Valiant|56/100
|
|upkeep
|turn|13
|
|t:|1760394390
|switch|p1a: Tinkaton|Tinkaton, F|61/100 par
|-ability|p1a: Tinkaton|Mold Breaker
|move|p2a: Iron Valiant|Knock Off|p1a: Tinkaton
|-resisted|p1a: Tinkaton
|-damage|p1a: Tinkaton|22/100 par
|-enditem|p1a: Tinkaton|Leftovers|[from] move: Knock Off|[of] p2a: Iron Valiant
|
|upkeep
|turn|14
|
|t:|1760394404
|move|p2a: Iron Valiant|Close Combat|p1a: Tinkaton
|-damage|p1a: Tinkaton|0 fnt
|-unboost|p2a: Iron Valiant|def|1
|-unboost|p2a: Iron Valiant|spd|1
|faint|p1a: Tinkaton
|
|upkeep
|
|t:|1760394409
|switch|p1a: Mandibuzz|Mandibuzz, F|91/100
|turn|15
|
|t:|1760394417
|-terastallize|p1a: Mandibuzz|Water
|move|p2a: Iron Valiant|Close Combat|p1a: Mandibuzz
|-damage|p1a: Mandibuzz|22/100
|-unboost|p2a: Iron Valiant|def|1
|-unboost|p2a: Iron Valiant|spd|1
|move|p1a: Mandibuzz|Foul Play|p2a: Iron Valiant
|-supereffective|p2a: Iron Valiant
|-damage|p2a: Iron Valiant|0 fnt
|faint|p2a: Iron Valiant
|-end|p2a: Iron Valiant|Quark Drive|[silent]
|
|upkeep
|
|t:|1760394423
|switch|p2a: Tornadus|Tornadus-Therian, M|100/100
|turn|16
|
|t:|1760394436
|switch|p1a: Cinderace|Cinderace, M|100/100
|move|p2a: Tornadus|Bleakwind Storm|p1a: Cinderace
|-damage|p1a: Cinderace|11/100
|
|upkeep
|turn|17
|
|t:|1760394447
|move|p2a: Tornadus|Bleakwind Storm|p1a: Cinderace
|-damage|p1a: Cinderace|0 fnt
|faint|p1a: Cinderace
|
|upkeep
|
|t:|1760394454
|switch|p1a: Slowking|Slowking-Galar, F|100/100
|turn|18
|
|t:|1760394461
|switch|p2a: Hatterene|Hatterene, F|100/100
|move|p1a: Slowking|Ice Beam|p2a: Hatterene
|-damage|p2a: Hatterene|83/100
|
|upkeep
|turn|19
|
|t:|1760394465
|move|p1a: Slowking|Sludge Bomb|p2a: Hatterene
|-supereffective|p2a: Hatterene
|-damage|p2a: Hatterene|24/100
|move|p2a: Hatterene|Nuzzle|p1a: Slowking
|-damage|p1a: Slowking|96/100
|-status|p1a: Slowking|par
|
|upkeep
|turn|20
|
|t:|1760394471
|move|p2a: Hatterene|Psychic Noise|p1a: Slowking
|-damage|p1a: Slowking|76/100 par
|-start|p1a: Slowking|move: Heal Block
|move|p1a: Slowking|Sludge Bomb|p2a: Hatterene
|-supereffective|p2a: Hatterene
|-damage|p2a: Hatterene|0 fnt
|faint|p2a: Hatterene
|
|upkeep
|
|t:|1760394473
|switch|p2a: Cinderace|Cinderace, M|100/100
|turn|21
|
|t:|1760394489
|move|p2a: Cinderace|Pyro Ball|p1a: Slowking
|-damage|p1a: Slowking|16/100 par
|move|p1a: Slowking|Sludge Bomb|p2a: Cinderace
|-damage|p2a: Cinderace|42/100
|
|-end|p1a: Slowking|move: Heal Block
|upkeep
|turn|22
|
|t:|1760394498
|switch|p1a: Mandibuzz|Mandibuzz, F, tera:Water|22/100
|move|p2a: Cinderace|Pyro Ball|p1a: Mandibuzz
|-resisted|p1a: Mandibuzz
|-damage|p1a: Mandibuzz|5/100
|
|upkeep
|turn|23
|
|t:|1760394505
|move|p2a: Cinderace|U-turn|p1a: Mandibuzz
|-damage|p1a: Mandibuzz|0 fnt
|faint|p1a: Mandibuzz
|
|t:|1760394510
|switch|p2a: Great Tusk|Great Tusk|49/100 tox|[from] U-turn
|
|-damage|p2a: Great Tusk|43/100 tox|[from] psn
|upkeep
|
|t:|1760394520
|switch|p1a: Reuniclus|Reuniclus, M|100/100
|turn|24
|
|t:|1760394528
|move|p2a: Great Tusk|Headlong Rush|p1a: Reuniclus
|-damage|p1a: Reuniclus|42/100
|-unboost|p2a: Great Tusk|def|1
|-unboost|p2a: Great Tusk|spd|1
|move|p1a: Reuniclus|Trick Room|p1a: Reuniclus
|-fieldstart|move: Trick Room|[of] p1a: Reuniclus
|
|-damage|p2a: Great Tusk|30/100 tox|[from] psn
|upkeep
|turn|25
|
|t:|1760394537
|move|p1a: Reuniclus|Psychic|p2a: Great Tusk
|-supereffective|p2a: Great Tusk
|-damage|p2a: Great Tusk|0 fnt
|faint|p2a: Great Tusk
|-end|p2a: Great Tusk|Protosynthesis|[silent]
|
|upkeep
|
|t:|1760394544
|switch|p2a: Tornadus|Tornadus-Therian, M|100/100
|turn|26
|
|t:|1760394552
|move|p1a: Reuniclus|Psychic|p2a: Tornadus
|-damage|p2a: Tornadus|22/100
|move|p2a: Tornadus|Bleakwind Storm|p1a: Reuniclus
|-damage|p1a: Reuniclus|0 fnt
|faint|p1a: Reuniclus
|
|upkeep
|
|t:|1760394557
|switch|p1a: Slowking|Slowking-Galar, F|49/100 par
|turn|27
|
|t:|1760394563
|switch|p2a: Cinderace|Cinderace, M|42/100
|move|p1a: Slowking|Sludge Bomb|p2a: Cinderace
|-damage|p2a: Cinderace|0 fnt
|faint|p2a: Cinderace
|
|upkeep
|
|t:|1760394564
|switch|p2a: Tornadus|Tornadus-Therian, M|55/100
|turn|28
|
|t:|1760394572
|move|p1a: Slowking|Sludge Bomb|p2a: Tornadus
|-damage|p2a: Tornadus|5/100
|-status|p2a: Tornadus|psn
|move|p2a: Tornadus|Bleakwind Storm|p1a: Slowking
|-damage|p1a: Slowking|15/100 par
|
|-damage|p2a: Tornadus|0 fnt|[from] psn
|faint|p2a: Tornadus
|
|win|linclown
|raw|linclown's rating: 1487 &rarr; <strong>1504</strong><br />(+17 for winning)
|raw|blabab's rating: 1442 &rarr; <strong>1425</strong><br />(-17 for losing)
|l|☆blabab
|player|p2|
|l|☆linclown
|player|p1|
