|j|☆jxrx
|j|☆PalWrld
|t:|1760394144
|gametype|singles
|player|p1|jxrx|norman|1216
|player|p2|PalWrld|volkner|1251
|gen|9
|tier|[Gen 9] OU
|rated|
|rule|HP Percentage Mod: HP is shown in percentages
|rule|Endless Battle Clause: Forcing endless battles is banned
|rule|Species Clause: Limit one of each Pokémon
|rule|OHKO Clause: OHKO moves are banned
|rule|Evasion Items Clause: Evasion items are banned
|rule|Evasion Moves Clause: Evasion moves are banned
|rule|Evasion Abilities Clause: Evasion abilities are banned
|rule|Sleep Moves Clause: Sleep-inducing moves are banned
|clearpoke
|poke|p1|Sableye, M|
|poke|p1|Empoleon, M|
|poke|p1|Dragapult, M|
|poke|p1|Vileplume, M|
|poke|p1|Golem, M|
|poke|p1|Furret, M|
|poke|p2|Pincurchin, M|
|poke|p2|Iron Valiant|
|poke|p2|Raging Bolt|
|poke|p2|Iron Jugulis|
|poke|p2|Iron Treads|
|poke|p2|Iron Moth|
|teampreview
|inactive|Battle timer is ON: inactive players will automatically lose when time's up. (requested by PalWrld)
|inactive|jxrx has 120 seconds left.
|inactive|jxrx has 90 seconds left.
|inactive|jxrx has 60 seconds left.
|
|t:|1760394246
|teamsize|p1|6
|teamsize|p2|6
|start
|switch|p1a: Furret|Furret, M|100/100
|switch|p2a: Pincurchin|Pincurchin, M|100/100
|-item|p2a: Pincurchin|Terrain Extender|[from] ability: Frisk|[of] p1a: Furret
|-fieldstart|move: Electric Terrain|[from] ability: Electric Surge|[of] p2a: Pincurchin
|turn|1
|
|t:|1760394267
|switch|p2a: Raging Bolt|Raging Bolt|100/100
|move|p1a: Furret|Trick|p2a: Raging Bolt
|-activate|p1a: Furret|move: Trick|[of] p2a: Raging Bolt
|-item|p2a: Raging Bolt|Choice Scarf|[from] move: Trick
|-item|p1a: Furret|Leftovers|[from] move: Trick
|
|upkeep
|turn|2
|
|t:|1760394275
|switch|p1a: Golem|Golem, M|100/100
|move|p2a: Raging Bolt|Dragon Pulse|p1a: Golem
|-damage|p1a: Golem|39/100
|
|upkeep
|turn|3
|
|t:|1760394281
|switch|p1a: Empoleon|Empoleon, M|100/100
|move|p2a: Raging Bolt|Dragon Pulse|p1a: Empoleon
|-resisted|p1a: Empoleon
|-damage|p1a: Empoleon|76/100
|
|-heal|p1a: Empoleon|82/100|[from] item: Leftovers
|upkeep
|turn|4
|inactive|PalWrld has 120 seconds left.
|
|t:|1760394314
|-end|p2a: Raging Bolt|Protosynthesis|[silent]
|switch|p2a: Iron Treads|Iron Treads|100/100
|-activate|p2a: Iron Treads|ability: Quark Drive
|-start|p2a: Iron Treads|quarkdriveatk
|move|p1a: Empoleon|Ice Beam|p2a: Iron Treads
|-damage|p2a: Iron Treads|57/100
|-status|p2a: Iron Treads|frz
|
|-heal|p1a: Empoleon|88/100|[from] item: Leftovers
|upkeep
|turn|5
|
|t:|1760394320
|cant|p2a: Iron Treads|frz
|move|p1a: Empoleon|Surf|p2a: Iron Treads
|-supereffective|p2a: Iron Treads
|-damage|p2a: Iron Treads|0 fnt
|faint|p2a: Iron Treads
|-end|p2a: Iron Treads|Quark Drive|[silent]
|
|-heal|p1a: Empoleon|94/100|[from] item: Leftovers
|upkeep
|
|t:|1760394326
|switch|p2a: Iron Valiant|Iron Valiant|100/100
|-activate|p2a: Iron Valiant|ability: Quark Drive
|-start|p2a: Iron Valiant|quarkdrivespe
|turn|6
|inactive|jxrx has 120 seconds left.
|
|t:|1760394362
|switch|p1a: Sableye|Sableye, M|100/100
|move|p2a: Iron Valiant|Close Combat|p1a: Sableye
|-immune|p1a: Sableye
|
|upkeep
|turn|7
|
|t:|1760394370
|move|p1a: Sableye|Encore|p2a: Iron Valiant
|-start|p2a: Iron Valiant|Encore
|move|p2a: Iron Valiant|Close Combat|p1a: Sableye
|-immune|p1a: Sableye
|
|upkeep
|turn|8
|
|t:|1760394375
|-end|p2a: Iron Valiant|Quark Drive|[silent]
|switch|p2a: Iron Jugulis|Iron Jugulis|100/100
|-activate|p2a: Iron Jugulis|ability: Quark Drive
|-start|p2a: Iron Jugulis|quarkdrivespe
|move|p1a: Sableye|Will-O-Wisp|p2a: Iron Jugulis
|-hint|Since gen 7, Dark is immune to Prankster moves.
|-immune|p2a: Iron Jugulis
|
|-fieldend|move: Electric Terrain
|-end|p2a: Iron Jugulis|Quark Drive
|upkeep
|turn|9
|
|t:|1760394387
|switch|p1a: Furret|Furret, M|100/100
|-item|p2a: Iron Jugulis|Power Herb|[from] ability: Frisk|[of] p1a: Furret
|move|p2a: Iron Jugulis|Hurricane|p1a: Furret
|-damage|p1a: Furret|5/100
|
|-heal|p1a: Furret|11/100|[from] item: Leftovers
|upkeep
|turn|10
|
|t:|1760394396
|switch|p1a: Golem|Golem, M|39/100
|move|p2a: Iron Jugulis|Earth Power|p1a: Golem
|-supereffective|p1a: Golem
|-damage|p1a: Golem|0 fnt
|faint|p1a: Golem
|
|upkeep
|
|t:|1760394405
|switch|p1a: Empoleon|Empoleon, M|94/100
|turn|11
|
|t:|1760394418
|-end|p2a: Iron Jugulis|Quark Drive|[silent]
|switch|p2a: Pincurchin|Pincurchin, M|100/100
|-fieldstart|move: Electric Terrain|[from] ability: Electric Surge|[of] p2a: Pincurchin
|move|p1a: Empoleon|Agility|p1a: Empoleon
|-boost|p1a: Empoleon|spe|2
|
|-heal|p1a: Empoleon|99/100|[from] item: Leftovers
|upkeep
|turn|12
|inactive|jxrx has 120 seconds left.
|
|t:|1760394467
|switch|p1a: Vileplume|Vileplume, M|100/100
|switch|p2a: Raging Bolt|Raging Bolt|100/100
|
|upkeep
|turn|13
|
|t:|1760394475
|switch|p1a: Furret|Furret, M|11/100
|-item|p2a: Raging Bolt|Choice Scarf|[from] ability: Frisk|[of] p1a: Furret
|move|p2a: Raging Bolt|Dragon Pulse|p1a: Furret
|-damage|p1a: Furret|0 fnt
|faint|p1a: Furret
|
|upkeep
|inactive|jxrx has 90 seconds left.
|
|t:|1760394514
|switch|p1a: Empoleon|Empoleon, M|99/100
|turn|14
|
|t:|1760394541
|-end|p2a: Raging Bolt|Protosynthesis|[silent]
|switch|p2a: Iron Moth|Iron Moth|100/100
|-item|p2a: Iron Moth|Air Balloon
|-activate|p2a: Iron Moth|ability: Quark Drive
|-start|p2a: Iron Moth|quarkdrivespe
|move|p1a: Empoleon|Agility|p1a: Empoleon
|-boost|p1a: Empoleon|spe|2
|
|-heal|p1a: Empoleon|100/100|[from] item: Leftovers
|upkeep
|turn|15
|inactive|jxrx has 90 seconds left.
|inactive|jxrx has 60 seconds left.
|
|t:|1760394592
|move|p2a: Iron Moth|Fiery Dance|p1a: Empoleon
|-damage|p1a: Empoleon|61/100
|move|p1a: Empoleon|Surf|p2a: Iron Moth
|-supereffective|p2a: Iron Moth
|-damage|p2a: Iron Moth|3/100
|-enditem|p2a: Iron Moth|Air Balloon
|
|-heal|p1a: Empoleon|67/100|[from] item: Leftovers
|upkeep
|turn|16
|inactive|jxrx has 60 seconds left.
|inactive|PalWrld has 120 seconds left.
|
|t:|1760394617
|move|p2a: Iron Moth|Fiery Dance|p1a: Empoleon
|-damage|p1a: Empoleon|26/100
|move|p1a: Empoleon|Agility|p1a: Empoleon
|-boost|p1a: Empoleon|spe|2
|
|-heal|p1a: Empoleon|32/100|[from] item: Leftovers
|upkeep
|turn|17
|inactive|jxrx has 60 seconds left.
|
|t:|1760394631
|move|p1a: Empoleon|Surf|p2a: Iron Moth
|-supereffective|p2a: Iron Moth
|-crit|p2a: Iron Moth
|-damage|p2a: Iron Moth|0 fnt
|faint|p2a: Iron Moth
|-end|p2a: Iron Moth|Quark Drive|[silent]
|
|-heal|p1a: Empoleon|38/100|[from] item: Leftovers
|upkeep
|
|t:|1760394635
|switch|p2a: Raging Bolt|Raging Bolt|100/100
|turn|18
|
|t:|1760394641
|move|p1a: Empoleon|Agility|p1a: Empoleon
|-boost|p1a: Empoleon|spe|2
|move|p2a: Raging Bolt|Thunderbolt|p1a: Empoleon
|-supereffective|p1a: Empoleon
|-damage|p1a: Empoleon|0 fnt
|faint|p1a: Empoleon
|
|-fieldend|move: Electric Terrain
|upkeep
|
|t:|1760394649
|switch|p1a: Dragapult|Dragapult, M|100/100
|turn|19
|
|t:|1760394678
|-end|p2a: Raging Bolt|Protosynthesis|[silent]
|switch|p2a: Pincurchin|Pincurchin, M|100/100
|-fieldstart|move: Electric Terrain|[from] ability: Electric Surge|[of] p2a: Pincurchin
|move|p1a: Dragapult|Dragon Dance|p1a: Dragapult
|-boost|p1a: Dragapult|atk|1
|-boost|p1a: Dragapult|spe|1
|
|upkeep
|turn|20
|inactive|jxrx has 60 seconds left.
|
|t:|1760394728
|move|p1a: Dragapult|Substitute|p1a: Dragapult
|-start|p1a: Dragapult|Substitute
|-damage|p1a: Dragapult|76/100
|move|p2a: Pincurchin|Discharge|p1a: Dragapult
|-resisted|p1a: Dragapult
|-activate|p1a: Dragapult|move: Substitute|[damage]
|
|-heal|p1a: Dragapult|82/100|[from] item: Leftovers
|upkeep
|turn|21
|
|t:|1760394737
|move|p1a: Dragapult|Dragon Dance|p1a: Dragapult
|-boost|p1a: Dragapult|atk|1
|-boost|p1a: Dragapult|spe|1
|move|p2a: Pincurchin|Scald|p1a: Dragapult
|-resisted|p1a: Dragapult
|-end|p1a: Dragapult|Substitute
|
|-heal|p1a: Dragapult|88/100|[from] item: Leftovers
|upkeep
|turn|22
|inactive|jxrx has 30 seconds left.
|inactive|jxrx has 20 seconds left.
|
|t:|1760394779
|move|p1a: Dragapult|Substitute|p1a: Dragapult
|-start|p1a: Dragapult|Substitute
|-damage|p1a: Dragapult|63/100
|move|p2a: Pincurchin|Memento||[still]
|-fail|p2a: Pincurchin
|
|-heal|p1a: Dragapult|69/100|[from] item: Leftovers
|upkeep
|turn|23
|inactive|jxrx has 30 seconds left this turn.
|
|t:|1760394788
|move|p1a: Dragapult|Phantom Force||[still]
|-prepare|p1a: Dragapult|Phantom Force
|move|p2a: Pincurchin|Scald|p1a: Dragapult|[miss]
|-miss|p2a: Pincurchin|p1a: Dragapult
|
|-heal|p1a: Dragapult|75/100|[from] item: Leftovers
|upkeep
|turn|24
|
|t:|1760394792
|move|p1a: Dragapult|Phantom Force|p2a: Pincurchin|[from] lockedmove
|-crit|p2a: Pincurchin
|-damage|p2a: Pincurchin|0 fnt
|faint|p2a: Pincurchin
|
|-heal|p1a: Dragapult|81/100|[from] item: Leftovers
|upkeep
|
|t:|1760394798
|switch|p2a: Raging Bolt|Raging Bolt|100/100
|turn|25
|inactive|jxrx has 30 seconds left.
|
|t:|1760394825
|-terastallize|p2a: Raging Bolt|Fairy
|move|p1a: Dragapult|Dragon Darts|p2a: Raging Bolt
|-immune|p2a: Raging Bolt
|move|p2a: Raging Bolt|Dragon Pulse|p1a: Dragapult
|-supereffective|p1a: Dragapult
|-crit|p1a: Dragapult
|-end|p1a: Dragapult|Substitute
|
|-heal|p1a: Dragapult|87/100|[from] item: Leftovers
|upkeep
|turn|26
|inactive|jxrx has 30 seconds left.
|
|t:|1760394841
|-end|p2a: Raging Bolt|Protosynthesis|[silent]
|switch|p2a: Iron Jugulis|Iron Jugulis|100/100
|-activate|p2a: Iron Jugulis|ability: Quark Drive
|-start|p2a: Iron Jugulis|quarkdrivespe
|move|p1a: Dragapult|Phantom Force||[still]
|-prepare|p1a: Dragapult|Phantom Force
|
|-heal|p1a: Dragapult|93/100|[from] item: Leftovers
|-fieldend|move: Electric Terrain
|-end|p2a: Iron Jugulis|Quark Drive
|upkeep
|turn|27
|
|t:|1760394847
|move|p1a: Dragapult|Phantom Force|p2a: Iron Jugulis|[from] lockedmove
|-resisted|p2a: Iron Jugulis
|-damage|p2a: Iron Jugulis|53/100
|move|p2a: Iron Jugulis|Meteor Beam||[still]
|-prepare|p2a: Iron Jugulis|Meteor Beam
|-boost|p2a: Iron Jugulis|spa|1
|-enditem|p2a: Iron Jugulis|Power Herb
|-anim|p2a: Iron Jugulis|Meteor Beam|p1a: Dragapult
|-damage|p1a: Dragapult|9/100
|
|-heal|p1a: Dragapult|15/100|[from] item: Leftovers
|upkeep
|turn|28
|
|t:|1760394864
|move|p1a: Dragapult|Dragon Darts|p2a: Iron Jugulis
|-damage|p2a: Iron Jugulis|0 fnt
|faint|p2a: Iron Jugulis
|-end|p2a: Iron Jugulis|Quark Drive|[silent]
|
|-heal|p1a: Dragapult|21/100|[from] item: Leftovers
|upkeep
|
|t:|1760394874
|switch|p2a: Raging Bolt|Raging Bolt, tera:Fairy|100/100
|turn|29
|
|t:|1760394878
|move|p1a: Dragapult|Phantom Force||[still]
|-prepare|p1a: Dragapult|Phantom Force
|move|p2a: Raging Bolt|Dragon Pulse|p1a: Dragapult|[miss]
|-miss|p2a: Raging Bolt|p1a: Dragapult
|
|-heal|p1a: Dragapult|27/100|[from] item: Leftovers
|upkeep
|turn|30
|
|t:|1760394881
|move|p1a: Dragapult|Phantom Force|p2a: Raging Bolt|[from] lockedmove
|-damage|p2a: Raging Bolt|36/100
|move|p2a: Raging Bolt|Dragon Pulse|p1a: Dragapult
|-supereffective|p1a: Dragapult
|-damage|p1a: Dragapult|0 fnt
|faint|p1a: Dragapult
|
|upkeep
|
|t:|1760394884
|switch|p1a: Vileplume|Vileplume, M|100/100
|turn|31
|
|t:|1760394890
|move|p2a: Raging Bolt|Dragon Pulse|p1a: Vileplume
|-damage|p1a: Vileplume|54/100
|move|p1a: Vileplume|Sludge Wave|p2a: Raging Bolt
|-supereffective|p2a: Raging Bolt
|-damage|p2a: Raging Bolt|0 fnt
|faint|p2a: Raging Bolt
|-end|p2a: Raging Bolt|Protosynthesis|[silent]
|
|upkeep
|
|t:|1760394894
|switch|p2a: Iron Valiant|Iron Valiant|100/100
|turn|32
|
|t:|1760394899
|move|p2a: Iron Valiant|Moonblast|p1a: Vileplume
|-resisted|p1a: Vileplume
|-damage|p1a: Vileplume|24/100
|-unboost|p1a: Vileplume|spa|1
|-damage|p2a: Iron Valiant|91/100|[from] item: Life Orb
|move|p1a: Vileplume|Strength Sap|p2a: Iron Valiant
|-unboost|p2a: Iron Valiant|atk|1
|-heal|p1a: Vileplume|100/100
|
|upkeep
|turn|33
|
|t:|1760394904
|move|p2a: Iron Valiant|Encore|p1a: Vileplume
|-start|p1a: Vileplume|Encore
|move|p1a: Vileplume|Strength Sap|p2a: Iron Valiant
|-unboost|p2a: Iron Valiant|atk|1
|
|upkeep
|turn|34
|
|t:|1760394907
|switch|p1a: Sableye|Sableye, M|100/100
|move|p2a: Iron Valiant|Moonblast|p1a: Sableye
|-supereffective|p1a: Sableye
|-crit|p1a: Sableye
|-damage|p1a: Sableye|0 fnt
|faint|p1a: Sableye
|-damage|p2a: Iron Valiant|81/100|[from] item: Life Orb
|
|upkeep
|
|t:|1760394910
|switch|p1a: Vileplume|Vileplume, M|100/100
|turn|35
|
|t:|1760394914
|move|p2a: Iron Valiant|Moonblast|p1a: Vileplume
|-resisted|p1a: Vileplume
|-damage|p1a: Vileplume|71/100
|-damage|p2a: Iron Valiant|71/100|[from] item: Life Orb
|move|p1a: Vileplume|Sludge Wave|p2a: Iron Valiant
|-supereffective|p2a: Iron Valiant
|-damage|p2a: Iron Valiant|0 fnt
|faint|p2a: Iron Valiant
|-end|p2a: Iron Valiant|Quark Drive|[silent]
|
|win|jxrx
|raw|jxrx's rating: 1242 &rarr; <strong>1268</strong><br />(+26 for winning)
|raw|PalWrld's rating: 1251 &rarr; <strong>1225</strong><br />(-26 for losing)
|l|☆PalWrld
|player|p2|
|l|☆jxrx
|player|p1|
