|j|☆NolanTheLEGGGG
|j|☆ELALEX3112
|t:|1760394592
|gametype|singles
|player|p1|NolanTheLEGGGG|169|1032
|player|p2|ELALEX3112|1|1107
|gen|9
|tier|[Gen 9] OU
|rated|
|rule|HP Percentage Mod: HP is shown in percentages
|rule|Endless Battle Clause: Forcing endless battles is banned
|rule|Species Clause: Limit one of each Pokémon
|rule|OHKO Clause: OHKO moves are banned
|rule|Evasion Items Clause: Evasion items are banned
|rule|Evasion Moves Clause: Evasion moves are banned
|rule|Evasion Abilities Clause: Evasion abilities are banned
|rule|Sleep Moves Clause: Sleep-inducing moves are banned
|clearpoke
|poke|p1|Squawkabilly-White, F|
|poke|p1|Hitmonlee, M|
|poke|p1|Mew|
|poke|p1|Blastoise, M|
|poke|p1|Pikachu-Original, M|
|poke|p1|Haxorus, M|
|poke|p2|Zamazenta-*|
|poke|p2|Great Tusk|
|poke|p2|Enamorus, F|
|poke|p2|Glimmora, F|
|poke|p2|Hoopa-Unbound|
|poke|p2|Kyurem|
|teampreview
|
|t:|1760394603
|teamsize|p1|6
|teamsize|p2|6
|start
|switch|p1a: Blastoise|Blastoise, M|100/100
|switch|p2a: trampas|Glimmora, F|100/100
|-item|p2a: trampas|Air Balloon
|turn|1
|
|t:|1760394620
|-terastallize|p2a: trampas|Poison
|move|p2a: trampas|Stealth Rock|p1a: Blastoise
|-sidestart|p1: NolanTheLEGGGG|move: Stealth Rock
|move|p1a: Blastoise|Ice Beam|p2a: trampas
|-damage|p2a: trampas|79/100
|-enditem|p2a: trampas|Air Balloon
|
|upkeep
|turn|2
|
|t:|1760394640
|move|p2a: trampas|Spikes|p1a: Blastoise
|-sidestart|p1: NolanTheLEGGGG|Spikes
|move|p1a: Blastoise|Shell Smash|p1a: Blastoise
|-unboost|p1a: Blastoise|def|1
|-unboost|p1a: Blastoise|spd|1
|-boost|p1a: Blastoise|atk|2
|-boost|p1a: Blastoise|spa|2
|-boost|p1a: Blastoise|spe|2
|-enditem|p1a: Blastoise|White Herb
|-clearnegativeboost|p1a: Blastoise|[silent]
|
|upkeep
|turn|3
|
|t:|1760394669
|move|p1a: Blastoise|Ice Beam|p2a: trampas
|-damage|p2a: trampas|37/100
|-status|p2a: trampas|frz
|cant|p2a: trampas|frz
|
|upkeep
|turn|4
|
|t:|1760394685
|switch|p2a: down|Hoopa-Unbound|100/100
|move|p1a: Blastoise|Flash Cannon|p2a: down
|-damage|p2a: down|58/100
|
|upkeep
|turn|5
|
|t:|1760394691
|move|p1a: Blastoise|Hydro Pump|p2a: down
|-damage|p2a: down|0 fnt
|faint|p2a: down
|
|upkeep
|
|t:|1760394711
|switch|p2a: crack|Zamazenta|100/100
|-ability|p2a: crack|Dauntless Shield|boost
|-boost|p2a: crack|def|1
|turn|6
|
|t:|1760394733
|move|p1a: Blastoise|Hydro Pump|p2a: crack
|-damage|p2a: crack|27/100
|move|p2a: crack|Trailblaze|p1a: Blastoise
|-supereffective|p1a: Blastoise
|-damage|p1a: Blastoise|68/100
|-boost|p2a: crack|spe|1
|
|-heal|p2a: crack|33/100|[from] item: Leftovers
|upkeep
|turn|7
|
|t:|1760394745
|move|p2a: crack|Trailblaze|p1a: Blastoise
|-supereffective|p1a: Blastoise
|-damage|p1a: Blastoise|34/100
|-boost|p2a: crack|spe|1
|move|p1a: Blastoise|Ice Beam|p2a: crack
|-damage|p2a: crack|0 fnt
|faint|p2a: crack
|
|upkeep
|
|t:|1760394760
|switch|p2a: pvta|Enamorus, F|100/100
|turn|8
|
|t:|1760394769
|move|p1a: Blastoise|Ice Beam|p2a: pvta
|-supereffective|p2a: pvta
|-damage|p2a: pvta|0 fnt
|faint|p2a: pvta
|
|upkeep
|
|t:|1760394776
|switch|p2a: trampas|Glimmora, F, tera:Poison|37/100 frz
|turn|9
|
|t:|1760394786
|move|p1a: Blastoise|Hydro Pump|p2a: trampas
|-damage|p2a: trampas|0 fnt
|faint|p2a: trampas
|
|upkeep
|
|t:|1760394791
|switch|p2a: icefriohielo|Kyurem|100/100
|-ability|p2a: icefriohielo|Pressure
|turn|10
|
|t:|1760394805
|move|p1a: Blastoise|Flash Cannon|p2a: icefriohielo
|-supereffective|p2a: icefriohielo
|-damage|p2a: icefriohielo|11/100
|move|p2a: icefriohielo|Dragon Dance|p2a: icefriohielo
|-boost|p2a: icefriohielo|atk|1
|-boost|p2a: icefriohielo|spe|1
|
|upkeep
|turn|11
|
|t:|1760394852
|move|p2a: icefriohielo|Draco Meteor|p1a: Blastoise
|-damage|p1a: Blastoise|0 fnt
|-unboost|p2a: icefriohielo|spa|2
|faint|p1a: Blastoise
|
|upkeep
|
|t:|1760394863
|switch|p1a: Squawkabilly|Squawkabilly-White, F|100/100
|-damage|p1a: Squawkabilly|76/100|[from] Stealth Rock
|-ability|p1a: Squawkabilly|Intimidate|boost
|-unboost|p2a: icefriohielo|atk|1
|turn|12
|
|t:|1760394869
|move|p1a: Squawkabilly|Quick Attack|p2a: icefriohielo
|-damage|p2a: icefriohielo|0 fnt
|faint|p2a: icefriohielo
|
|-status|p1a: Squawkabilly|brn|[from] item: Flame Orb
|upkeep
|
|t:|1760394880
|switch|p2a: elmetepalos|Great Tusk|100/100
|-enditem|p2a: elmetepalos|Booster Energy
|-activate|p2a: elmetepalos|ability: Protosynthesis|[fromitem]
|-start|p2a: elmetepalos|protosynthesisdef
|turn|13
|
|t:|1760394890
|move|p1a: Squawkabilly|Facade|p2a: elmetepalos
|-damage|p2a: elmetepalos|75/100
|move|p2a: elmetepalos|Bulk Up|p2a: elmetepalos
|-boost|p2a: elmetepalos|atk|1
|-boost|p2a: elmetepalos|def|1
|
|-damage|p1a: Squawkabilly|69/100 brn|[from] brn
|upkeep
|turn|14
|
|t:|1760394901
|move|p1a: Squawkabilly|Facade|p2a: elmetepalos
|-damage|p2a: elmetepalos|60/100
|move|p2a: elmetepalos|Rapid Spin|p1a: Squawkabilly
|-damage|p1a: Squawkabilly|23/100 brn
|-boost|p2a: elmetepalos|spe|1
|
|-damage|p1a: Squawkabilly|17/100 brn|[from] brn
|upkeep
|turn|15
|
|t:|1760394908
|move|p2a: elmetepalos|Bulk Up|p2a: elmetepalos
|-boost|p2a: elmetepalos|atk|1
|-boost|p2a: elmetepalos|def|1
|move|p1a: Squawkabilly|Facade|p2a: elmetepalos
|-damage|p2a: elmetepalos|47/100
|
|-damage|p1a: Squawkabilly|11/100 brn|[from] brn
|upkeep
|turn|16
|
|t:|1760394916
|move|p2a: elmetepalos|Bulk Up|p2a: elmetepalos
|-boost|p2a: elmetepalos|atk|1
|-boost|p2a: elmetepalos|def|1
|move|p1a: Squawkabilly|Facade|p2a: elmetepalos
|-damage|p2a: elmetepalos|38/100
|
|-damage|p1a: Squawkabilly|4/100 brn|[from] brn
|upkeep
|turn|17
|
|t:|1760394928
|move|p2a: elmetepalos|Rapid Spin|p1a: Squawkabilly
|-damage|p1a: Squawkabilly|0 fnt
|-boost|p2a: elmetepalos|spe|1
|faint|p1a: Squawkabilly
|
|upkeep
|
|t:|1760394940
|switch|p1a: Hitmonlee|Hitmonlee, M|100/100
|-damage|p1a: Hitmonlee|94/100|[from] Stealth Rock
|-damage|p1a: Hitmonlee|82/100|[from] Spikes
|turn|18
|
|t:|1760394966
|move|p1a: Hitmonlee|Fake Out|p2a: elmetepalos
|-enditem|p1a: Hitmonlee|Normal Gem|[from] gem
|-damage|p2a: elmetepalos|35/100
|cant|p2a: elmetepalos|flinch
|
|upkeep
|turn|19
|
|t:|1760394975
|move|p1a: Hitmonlee|Bullet Punch|p2a: elmetepalos
|-damage|p2a: elmetepalos|32/100
|move|p2a: elmetepalos|Body Press|p1a: Hitmonlee
|-damage|p1a: Hitmonlee|0 fnt
|faint|p1a: Hitmonlee
|
|upkeep
|
|t:|1760394984
|switch|p1a: Mew|Mew, shiny|100/100
|-damage|p1a: Mew|88/100|[from] Stealth Rock
|-damage|p1a: Mew|76/100|[from] Spikes
|turn|20
|
|t:|1760394993
|move|p2a: elmetepalos|Earthquake|p1a: Mew
|-damage|p1a: Mew|0 fnt
|faint|p1a: Mew
|
|upkeep
|
|t:|1760394997
|switch|p1a: Pikachu|Pikachu-Original, M|100/100
|-damage|p1a: Pikachu|88/100|[from] Stealth Rock
|-damage|p1a: Pikachu|76/100|[from] Spikes
|turn|21
|
|t:|1760395003
|move|p2a: elmetepalos|Earthquake|p1a: Pikachu
|-supereffective|p1a: Pikachu
|-damage|p1a: Pikachu|0 fnt
|faint|p1a: Pikachu
|
|upkeep
|
|t:|1760395007
|switch|p1a: Haxorus|Haxorus, M|100/100
|-damage|p1a: Haxorus|88/100|[from] Stealth Rock
|-damage|p1a: Haxorus|76/100|[from] Spikes
|turn|22
|c|☆ELALEX3112|YEAAAAH
|c|☆ELALEX3112|uh
|
|t:|1760395017
|move|p2a: elmetepalos|Body Press|p1a: Haxorus
|-damage|p1a: Haxorus|0 fnt
|faint|p1a: Haxorus
|
|win|ELALEX3112
|raw|NolanTheLEGGGG's rating: 1032 &rarr; <strong>1020</strong><br />(-12 for losing)
|raw|ELALEX3112's rating: 1107 &rarr; <strong>1127</strong><br />(+20 for winning)
|c|☆ELALEX3112|WOW
|c|☆NolanTheLEGGGG|gg
|c|☆ELALEX3112|gg
|c|☆ELALEX3112|bro
|c|☆NolanTheLEGGGG|:(
|c|☆ELALEX3112|:(
|l|☆NolanTheLEGGGG
|player|p1|
|c|☆ELALEX3112|good game
