|j|☆achoosirs
|j|☆nova_flame2
|t:|1760396423
|gametype|singles
|player|p1|achoosirs|wallace|1057
|player|p2|nova_flame2|benga|1087
|gen|9
|tier|[Gen 9] OU
|rated|
|rule|HP Percentage Mod: HP is shown in percentages
|rule|Endless Battle Clause: Forcing endless battles is banned
|rule|Species Clause: Limit one of each Pokémon
|rule|OHKO Clause: OHKO moves are banned
|rule|Evasion Items Clause: Evasion items are banned
|rule|Evasion Moves Clause: Evasion moves are banned
|rule|Evasion Abilities Clause: Evasion abilities are banned
|rule|Sleep Moves Clause: Sleep-inducing moves are banned
|clearpoke
|poke|p1|Clodsire, M|
|poke|p1|Zebstrika, F|
|poke|p1|Ceruledge, F|
|poke|p1|Corviknight, F|
|poke|p1|Ribombee, F|
|poke|p1|Muk-Alola, M|
|poke|p2|Garchomp, M|
|poke|p2|Gardevoir, F|
|poke|p2|Ceruledge, M|
|poke|p2|Mimikyu, M|
|poke|p2|Gholdengo|
|poke|p2|Umbreon, M|
|teampreview
|inactive|Battle timer is ON: inactive players will automatically lose when time's up. (requested by achoosirs)
|
|t:|1760396440
|teamsize|p1|6
|teamsize|p2|6
|start
|switch|p1a: Zebstrika|Zebstrika, F|100/100
|switch|p2a: goldy|Gholdengo, shiny|100/100
|turn|1
|
|t:|1760396467
|switch|p2a: Chomper|Garchomp, M, shiny|100/100
|move|p1a: Zebstrika|Flame Charge|p2a: Chomper
|-resisted|p2a: Chomper
|-damage|p2a: Chomper|91/100
|-boost|p1a: Zebstrika|spe|1
|-damage|p1a: Zebstrika|88/100|[from] ability: Rough Skin|[of] p2a: Chomper
|-damage|p1a: Zebstrika|78/100|[from] item: Life Orb
|
|upkeep
|turn|2
|
|t:|1760396472
|switch|p1a: Corviknight|Corviknight, F|100/100
|move|p2a: Chomper|Earthquake|p1a: Corviknight
|-immune|p1a: Corviknight
|
|upkeep
|turn|3
|
|t:|1760396481
|switch|p2a: Knight|Ceruledge, M, shiny|100/100
|move|p1a: Corviknight|Brave Bird|p2a: Knight
|-damage|p2a: Knight|46/100
|-ability|p2a: Knight|Weak Armor|boost
|-unboost|p2a: Knight|def|1
|-boost|p2a: Knight|spe|2
|-damage|p1a: Corviknight|87/100|[from] Recoil
|
|upkeep
|turn|4
|
|t:|1760396487
|switch|p1a: Ceruledge|Ceruledge, F|100/100
|move|p2a: Knight|Bitter Blade|p1a: Ceruledge
|-start|p1a: Ceruledge|ability: Flash Fire
|
|upkeep
|turn|5
|
|t:|1760396502
|switch|p2a: Shadow|Umbreon, M, shiny|100/100
|move|p1a: Ceruledge|Shadow Sneak|p2a: Shadow
|-resisted|p2a: Shadow
|-damage|p2a: Shadow|94/100
|
|-heal|p2a: Shadow|99/100|[from] item: Leftovers
|upkeep
|turn|6
|
|t:|1760396507
|move|p1a: Ceruledge|Swords Dance|p1a: Ceruledge
|-boost|p1a: Ceruledge|atk|2
|move|p2a: Shadow|Foul Play|p1a: Ceruledge
|-supereffective|p1a: Ceruledge
|-damage|p1a: Ceruledge|0 fnt
|faint|p1a: Ceruledge
|
|-heal|p2a: Shadow|100/100|[from] item: Leftovers
|upkeep
|
|t:|1760396512
|switch|p1a: Ribombee|Ribombee, F, shiny|100/100
|turn|7
|
|t:|1760396520
|move|p1a: Ribombee|Switcheroo|p2a: Shadow
|-activate|p1a: Ribombee|move: Trick|[of] p2a: Shadow
|-item|p2a: Shadow|Choice Scarf|[from] move: Switcheroo
|-item|p1a: Ribombee|Leftovers|[from] move: Switcheroo
|move|p2a: Shadow|Wish|p2a: Shadow
|
|upkeep
|turn|8
|
|t:|1760396528
|switch|p2a: goldy|Gholdengo, shiny|100/100
|move|p1a: Ribombee|Quiver Dance|p1a: Ribombee
|-boost|p1a: Ribombee|spa|1
|-boost|p1a: Ribombee|spd|1
|-boost|p1a: Ribombee|spe|1
|
|upkeep
|turn|9
|
|t:|1760396538
|switch|p1a: Corviknight|Corviknight, F|87/100
|move|p2a: goldy|Shadow Ball|p1a: Corviknight
|-damage|p1a: Corviknight|44/100
|
|upkeep
|turn|10
|inactive|achoosirs has 120 seconds left.
|
|t:|1760396579
|move|p2a: goldy|Shadow Ball|p1a: Corviknight
|-crit|p1a: Corviknight
|-damage|p1a: Corviknight|0 fnt
|faint|p1a: Corviknight
|
|upkeep
|
|t:|1760396582
|switch|p1a: Clodsire|Clodsire, M|100/100
|turn|11
|
|t:|1760396592
|switch|p2a: Mimikyu|Mimikyu, M, shiny|100/100
|move|p1a: Clodsire|Earthquake|p2a: Mimikyu
|-activate|p2a: Mimikyu|ability: Disguise
|-damage|p2a: Mimikyu|100/100
|detailschange|p2a: Mimikyu|Mimikyu-Busted, M, shiny
|-damage|p2a: Mimikyu|88/100|[from] pokemon: Mimikyu-Busted
|
|upkeep
|turn|12
|
|t:|1760396601
|move|p2a: Mimikyu|Swords Dance|p2a: Mimikyu
|-boost|p2a: Mimikyu|atk|2
|move|p1a: Clodsire|Poison Jab|p2a: Mimikyu
|-damage|p2a: Mimikyu|51/100
|
|upkeep
|turn|13
|
|t:|1760396607
|move|p2a: Mimikyu|Wood Hammer|p1a: Clodsire
|-damage|p1a: Clodsire|10/100
|-damage|p2a: Mimikyu|0 fnt|[from] Recoil
|faint|p2a: Mimikyu
|move|p1a: Clodsire|Poison Jab|p2: Mimikyu|[notarget]
|-fail|p1a: Clodsire
|
|-heal|p1a: Clodsire|16/100|[from] item: Leftovers
|upkeep
|
|t:|1760396619
|switch|p2a: Chomper|Garchomp, M, shiny|91/100
|turn|14
|
|t:|1760396623
|move|p2a: Chomper|Scale Shot|p1a: Clodsire
|-damage|p1a: Clodsire|3/100
|-damage|p1a: Clodsire|0 fnt
|faint|p1a: Clodsire
|-hitcount|p1: Clodsire|2
|-unboost|p2a: Chomper|def|1
|-boost|p2a: Chomper|spe|1
|
|upkeep
|
|t:|1760396625
|switch|p1a: Ribombee|Ribombee, F, shiny|100/100
|turn|15
|
|t:|1760396639
|-terastallize|p2a: Chomper|Steel
|move|p2a: Chomper|Swords Dance|p2a: Chomper
|-boost|p2a: Chomper|atk|2
|move|p1a: Ribombee|Moonblast|p2a: Chomper
|-resisted|p2a: Chomper
|-damage|p2a: Chomper|68/100
|-unboost|p2a: Chomper|spa|1
|
|upkeep
|turn|16
|
|t:|1760396649
|move|p2a: Chomper|Scale Shot|p1a: Ribombee
|-immune|p1a: Ribombee
|move|p1a: Ribombee|Moonblast|p2a: Chomper
|-resisted|p2a: Chomper
|-damage|p2a: Chomper|45/100
|-unboost|p2a: Chomper|spa|1
|
|upkeep
|turn|17
|
|t:|1760396654
|move|p2a: Chomper|Earthquake|p1a: Ribombee
|-resisted|p1a: Ribombee
|-damage|p1a: Ribombee|0 fnt
|faint|p1a: Ribombee
|
|upkeep
|
|t:|1760396656
|switch|p1a: Zebstrika|Zebstrika, F|78/100
|turn|18
|
|t:|1760396660
|-terastallize|p1a: Zebstrika|Water
|move|p2a: Chomper|Earthquake|p1a: Zebstrika
|-damage|p1a: Zebstrika|0 fnt
|faint|p1a: Zebstrika
|
|upkeep
|
|t:|1760396664
|switch|p1a: Muk|Muk-Alola, M|100/100
|turn|19
|
|t:|1760396669
|move|p2a: Chomper|Iron Head|p1a: Muk
|-damage|p1a: Muk|14/100
|move|p1a: Muk|Drain Punch|p2a: Chomper
|-supereffective|p2a: Chomper
|-damage|p2a: Chomper|0 fnt
|-heal|p1a: Muk|33/100|[from] drain|[of] p2a: Chomper
|-damage|p1a: Muk|21/100|[from] ability: Rough Skin|[of] p2a: Chomper
|faint|p2a: Chomper
|
|-heal|p1a: Muk|27/100|[from] item: Leftovers
|upkeep
|
|t:|1760396674
|switch|p2a: Gardi|Gardevoir, F, shiny|100/100
|-ability|p2a: Gardi|Poison Touch|Trace|[from] ability: Trace|[of] p1a: Muk
|turn|20
|
|t:|1760396683
|move|p2a: Gardi|Moonblast|p1a: Muk
|-damage|p1a: Muk|0 fnt
|faint|p1a: Muk
|
|win|nova_flame2
|raw|achoosirs's rating: 1057 &rarr; <strong>1040</strong><br />(-17 for losing)
|raw|nova_flame2's rating: 1087 &rarr; <strong>1112</strong><br />(+25 for winning)
|l|☆achoosirs
|player|p1|
|l|☆nova_flame2
|player|p2|
