|j|☆Ravingtomb
|j|☆no.1 dedenne fan
|t:|1760452600
|gametype|singles
|player|p1|Ravingtomb|medium|1341
|player|p2|no.1 dedenne fan|wallace|1359
|gen|9
|tier|[Gen 9] OU
|rated|
|rule|HP Percentage Mod: HP is shown in percentages
|rule|Endless Battle Clause: Forcing endless battles is banned
|rule|Species Clause: Limit one of each Pokémon
|rule|OHKO Clause: OHKO moves are banned
|rule|Evasion Items Clause: Evasion items are banned
|rule|Evasion Moves Clause: Evasion moves are banned
|rule|Evasion Abilities Clause: Evasion abilities are banned
|rule|Sleep Moves Clause: Sleep-inducing moves are banned
|clearpoke
|poke|p1|Cramorant, M|
|poke|p1|Great Tusk|
|poke|p1|Lokix, F|
|poke|p1|Garganacl, M|
|poke|p1|Tinkaton, F|
|poke|p1|Zoroark-Hisui, F|
|poke|p2|Metagross|
|poke|p2|Gholdengo|
|poke|p2|Alomomola, F|
|poke|p2|Ting-Lu|
|poke|p2|Clodsire, F|
|poke|p2|Enamorus, F|
|teampreview
|inactive|Battle timer is ON: inactive players will automatically lose when time's up. (requested by no.1 dedenne fan)
|
|t:|1760452627
|teamsize|p1|6
|teamsize|p2|6
|start
|switch|p1a: Lokix|Lokix, F, shiny|100/100
|switch|p2a: Ting-Lu|Ting-Lu|100/100
|-ability|p2a: Ting-Lu|Vessel of Ruin
|turn|1
|
|t:|1760452635
|switch|p2a: Enamorus|Enamorus, F|100/100
|move|p1a: Lokix|Trick|p2a: Enamorus
|-activate|p1a: Lokix|move: Trick|[of] p2a: Enamorus
|-item|p2a: Enamorus|Choice Specs|[from] move: Trick
|-item|p1a: Lokix|Leftovers|[from] move: Trick
|
|upkeep
|turn|2
|
|t:|1760452651
|move|p1a: Lokix|Sludge Bomb|p2a: Enamorus
|-supereffective|p2a: Enamorus
|-damage|p2a: Enamorus|17/100
|-status|p2a: Enamorus|psn
|move|p2a: Enamorus|Moonblast|p1a: Lokix
|-damage|p1a: Lokix|0 fnt
|replace|p1a: Zoroark|Zoroark-Hisui, F, shiny
|-end|p1a: Zoroark|Illusion
|faint|p1a: Zoroark
|
|-damage|p2a: Enamorus|5/100 psn|[from] psn
|upkeep
|
|t:|1760452658
|switch|p1a: Lokix|Lokix, F, shiny|100/100
|turn|3
|
|t:|1760452666
|move|p1a: Lokix|First Impression|p2a: Enamorus
|-resisted|p2a: Enamorus
|-damage|p2a: Enamorus|0 fnt
|faint|p2a: Enamorus
|
|upkeep
|
|t:|1760452670
|switch|p2a: Clodsire|Clodsire, F|100/100
|turn|4
|
|t:|1760452675
|move|p1a: Lokix|U-turn|p2a: Clodsire
|-resisted|p2a: Clodsire
|-damage|p2a: Clodsire|62/100
|
|t:|1760452682
|switch|p1a: Garganacl|Garganacl, M|100/100|[from] U-turn
|move|p2a: Clodsire|Stealth Rock|p1a: Garganacl
|-sidestart|p1: Ravingtomb|move: Stealth Rock
|
|upkeep
|turn|5
|
|t:|1760452694
|switch|p2a: Ting-Lu|Ting-Lu|100/100
|-ability|p2a: Ting-Lu|Vessel of Ruin
|move|p1a: Garganacl|Salt Cure|p2a: Ting-Lu
|-resisted|p2a: Ting-Lu
|-damage|p2a: Ting-Lu|97/100
|-start|p2a: Ting-Lu|Salt Cure
|
|-heal|p2a: Ting-Lu|100/100|[from] item: Leftovers
|-damage|p2a: Ting-Lu|88/100|[from] Salt Cure
|upkeep
|turn|6
|
|t:|1760452713
|move|p2a: Ting-Lu|Spikes|p1a: Garganacl
|-sidestart|p1: Ravingtomb|Spikes
|move|p1a: Garganacl|Body Press|p2a: Ting-Lu
|-supereffective|p2a: Ting-Lu
|-damage|p2a: Ting-Lu|56/100
|
|-heal|p2a: Ting-Lu|63/100|[from] item: Leftovers
|-damage|p2a: Ting-Lu|50/100|[from] Salt Cure
|upkeep
|turn|7
|
|t:|1760452723
|switch|p1a: Great Tusk|Great Tusk|100/100
|-damage|p1a: Great Tusk|98/100|[from] Stealth Rock
|-damage|p1a: Great Tusk|85/100|[from] Spikes
|move|p2a: Ting-Lu|Ruination|p1a: Great Tusk
|-damage|p1a: Great Tusk|43/100
|
|-heal|p1a: Great Tusk|49/100|[from] item: Leftovers
|-heal|p2a: Ting-Lu|56/100|[from] item: Leftovers
|-damage|p2a: Ting-Lu|44/100|[from] Salt Cure
|upkeep
|turn|8
|
|t:|1760452728
|switch|p2a: Gholdengo|Gholdengo|100/100
|move|p1a: Great Tusk|Knock Off|p2a: Gholdengo
|-supereffective|p2a: Gholdengo
|-damage|p2a: Gholdengo|51/100
|-enditem|p2a: Gholdengo|Heavy-Duty Boots|[from] move: Knock Off|[of] p1a: Great Tusk
|
|-heal|p1a: Great Tusk|55/100|[from] item: Leftovers
|upkeep
|turn|9
|
|t:|1760452735
|-end|p1a: Great Tusk|Protosynthesis|[silent]
|switch|p1a: Tinkaton|Tinkaton, F|100/100
|-damage|p1a: Tinkaton|94/100|[from] Stealth Rock
|-ability|p1a: Tinkaton|Mold Breaker
|-item|p1a: Tinkaton|Air Balloon
|move|p2a: Gholdengo|Make It Rain|p1a: Tinkaton
|-damage|p1a: Tinkaton|46/100
|-unboost|p2a: Gholdengo|spa|1
|-enditem|p1a: Tinkaton|Air Balloon
|
|upkeep
|turn|10
|
|t:|1760452754
|switch|p2a: Clodsire|Clodsire, F|62/100
|move|p1a: Tinkaton|Stealth Rock|p2a: Clodsire
|-sidestart|p2: no.1 dedenne fan|move: Stealth Rock
|
|upkeep
|turn|11
|
|t:|1760452762
|move|p1a: Tinkaton|Gigaton Hammer|p2a: Clodsire
|-damage|p2a: Clodsire|15/100
|move|p2a: Clodsire|Recover|p2a: Clodsire
|-heal|p2a: Clodsire|66/100
|
|upkeep
|turn|12
|
|t:|1760452767
|move|p1a: Tinkaton|Encore|p2a: Clodsire
|-start|p2a: Clodsire|Encore
|move|p2a: Clodsire|Recover|p2a: Clodsire
|-heal|p2a: Clodsire|100/100
|
|upkeep
|turn|13
|
|t:|1760452772
|switch|p2a: Ting-Lu|Ting-Lu|44/100
|-damage|p2a: Ting-Lu|38/100|[from] Stealth Rock
|-ability|p2a: Ting-Lu|Vessel of Ruin
|move|p1a: Tinkaton|Gigaton Hammer|p2a: Ting-Lu
|-damage|p2a: Ting-Lu|13/100
|
|-heal|p2a: Ting-Lu|19/100|[from] item: Leftovers
|upkeep
|turn|14
|
|t:|1760452784
|move|p1a: Tinkaton|Encore||[still]
|-fail|p1a: Tinkaton
|move|p2a: Ting-Lu|Earthquake|p1a: Tinkaton
|-supereffective|p1a: Tinkaton
|-damage|p1a: Tinkaton|0 fnt
|faint|p1a: Tinkaton
|
|-heal|p2a: Ting-Lu|25/100|[from] item: Leftovers
|upkeep
|
|t:|1760452790
|switch|p1a: Cramorant|Cramorant, M, shiny|100/100
|-damage|p1a: Cramorant|76/100|[from] Stealth Rock
|turn|15
|
|t:|1760452794
|switch|p2a: Clodsire|Clodsire, F|100/100
|move|p1a: Cramorant|Agility|p1a: Cramorant
|-boost|p1a: Cramorant|spe|2
|
|upkeep
|turn|16
|
|t:|1760452803
|switch|p1a: Garganacl|Garganacl, M|100/100
|-damage|p1a: Garganacl|88/100|[from] Stealth Rock
|-damage|p1a: Garganacl|76/100|[from] Spikes
|move|p2a: Clodsire|Toxic|p1a: Garganacl
|-immune|p1a: Garganacl|[from] ability: Purifying Salt
|
|-heal|p1a: Garganacl|82/100|[from] item: Leftovers
|upkeep
|turn|17
|
|t:|1760452812
|switch|p2a: Ting-Lu|Ting-Lu|25/100
|-damage|p2a: Ting-Lu|19/100|[from] Stealth Rock
|-ability|p2a: Ting-Lu|Vessel of Ruin
|move|p1a: Garganacl|Salt Cure|p2a: Ting-Lu
|-resisted|p2a: Ting-Lu
|-damage|p2a: Ting-Lu|16/100
|-start|p2a: Ting-Lu|Salt Cure
|
|-heal|p2a: Ting-Lu|22/100|[from] item: Leftovers
|-heal|p1a: Garganacl|88/100|[from] item: Leftovers
|-damage|p2a: Ting-Lu|9/100|[from] Salt Cure
|upkeep
|turn|18
|
|t:|1760452822
|move|p2a: Ting-Lu|Spikes|p1a: Garganacl
|-sidestart|p1: Ravingtomb|Spikes
|move|p1a: Garganacl|Recover|p1a: Garganacl
|-heal|p1a: Garganacl|100/100
|
|-heal|p2a: Ting-Lu|16/100|[from] item: Leftovers
|-damage|p2a: Ting-Lu|3/100|[from] Salt Cure
|upkeep
|turn|19
|
|t:|1760452827
|move|p2a: Ting-Lu|Ruination|p1a: Garganacl
|-damage|p1a: Garganacl|50/100
|move|p1a: Garganacl|Salt Cure|p2a: Ting-Lu
|-resisted|p2a: Ting-Lu
|-damage|p2a: Ting-Lu|0 fnt
|faint|p2a: Ting-Lu
|
|-heal|p1a: Garganacl|57/100|[from] item: Leftovers
|upkeep
|
|t:|1760452840
|switch|p2a: Gholdengo|Gholdengo|51/100
|-damage|p2a: Gholdengo|45/100|[from] Stealth Rock
|turn|20
|
|t:|1760452844
|move|p2a: Gholdengo|Make It Rain|p1a: Garganacl
|-supereffective|p1a: Garganacl
|-damage|p1a: Garganacl|0 fnt
|-unboost|p2a: Gholdengo|spa|1
|faint|p1a: Garganacl
|
|upkeep
|
|t:|1760452857
|switch|p1a: Lokix|Lokix, F, shiny|100/100
|-damage|p1a: Lokix|76/100|[from] Stealth Rock
|-damage|p1a: Lokix|59/100|[from] Spikes
|turn|21
|
|t:|1760452866
|switch|p2a: Alomomola|Alomomola, F|100/100
|move|p1a: Lokix|Sucker Punch||[still]
|-fail|p1a: Lokix
|
|upkeep
|turn|22
|
|t:|1760452870
|move|p1a: Lokix|U-turn|p2a: Alomomola
|-damage|p2a: Alomomola|81/100
|
|t:|1760452876
|switch|p1a: Cramorant|Cramorant, M, shiny|76/100|[from] U-turn
|-damage|p1a: Cramorant|51/100|[from] Stealth Rock
|move|p2a: Alomomola|Tickle|p1a: Cramorant
|-unboost|p1a: Cramorant|atk|1
|-unboost|p1a: Cramorant|def|1
|
|upkeep
|turn|23
|
|t:|1760452883
|move|p1a: Cramorant|Roost|p1a: Cramorant
|-heal|p1a: Cramorant|100/100
|-singleturn|p1a: Cramorant|move: Roost
|move|p2a: Alomomola|Tickle|p1a: Cramorant
|-unboost|p1a: Cramorant|atk|1
|-unboost|p1a: Cramorant|def|1
|
|upkeep
|turn|24
|
|t:|1760452890
|switch|p1a: Great Tusk|Great Tusk|55/100
|-damage|p1a: Great Tusk|52/100|[from] Stealth Rock
|-damage|p1a: Great Tusk|36/100|[from] Spikes
|move|p2a: Alomomola|Tickle|p1a: Great Tusk
|-unboost|p1a: Great Tusk|atk|1
|-unboost|p1a: Great Tusk|def|1
|
|-heal|p1a: Great Tusk|42/100|[from] item: Leftovers
|upkeep
|turn|25
|
|t:|1760452894
|move|p1a: Great Tusk|Knock Off|p2a: Alomomola
|-damage|p2a: Alomomola|71/100
|-enditem|p2a: Alomomola|Heavy-Duty Boots|[from] move: Knock Off|[of] p1a: Great Tusk
|move|p2a: Alomomola|Flip Turn|p1a: Great Tusk
|-supereffective|p1a: Great Tusk
|-damage|p1a: Great Tusk|18/100
|
|t:|1760452900
|switch|p2a: Metagross|Metagross|100/100|[from] Flip Turn
|-damage|p2a: Metagross|94/100|[from] Stealth Rock
|
|-heal|p1a: Great Tusk|25/100|[from] item: Leftovers
|upkeep
|turn|26
|
|t:|1760452904
|move|p2a: Metagross|Bullet Punch|p1a: Great Tusk
|-crit|p1a: Great Tusk
|-damage|p1a: Great Tusk|0 fnt
|faint|p1a: Great Tusk
|-end|p1a: Great Tusk|Protosynthesis|[silent]
|
|upkeep
|
|t:|1760452908
|switch|p1a: Lokix|Lokix, F, shiny|59/100
|-damage|p1a: Lokix|34/100|[from] Stealth Rock
|-damage|p1a: Lokix|18/100|[from] Spikes
|turn|27
|
|t:|1760452913
|switch|p2a: Alomomola|Alomomola, F|100/100
|-damage|p2a: Alomomola|88/100|[from] Stealth Rock
|move|p1a: Lokix|First Impression|p2a: Alomomola
|-damage|p2a: Alomomola|62/100
|
|upkeep
|turn|28
|
|t:|1760452918
|move|p1a: Lokix|Low Kick|p2a: Alomomola
|-damage|p2a: Alomomola|52/100
|move|p2a: Alomomola|Wish|p2a: Alomomola
|
|upkeep
|turn|29
|
|t:|1760452925
|switch|p1a: Cramorant|Cramorant, M, shiny|100/100
|-damage|p1a: Cramorant|76/100|[from] Stealth Rock
|move|p2a: Alomomola|Flip Turn|p1a: Cramorant
|-resisted|p1a: Cramorant
|-damage|p1a: Cramorant|60/100
|
|t:|1760452928
|switch|p2a: Gholdengo|Gholdengo|45/100|[from] Flip Turn
|-damage|p2a: Gholdengo|39/100|[from] Stealth Rock
|
|-heal|p2a: Gholdengo|100/100|[from] move: Wish|[wisher] Alomomola
|upkeep
|turn|30
|
|t:|1760452931
|move|p1a: Cramorant|Surf|p2a: Gholdengo
|-formechange|p1a: Cramorant|Cramorant-Gulping|
|-damage|p2a: Gholdengo|61/100
|move|p2a: Gholdengo|Thunderbolt|p1a: Cramorant
|-supereffective|p1a: Cramorant
|-damage|p1a: Cramorant|0 fnt
|-damage|p2a: Gholdengo|36/100|[from] ability: Gulp Missile|[of] p1a: Cramorant
|-unboost|p2a: Gholdengo|def|1
|-formechange|p1a: Cramorant|Cramorant|
|faint|p1a: Cramorant
|
|upkeep
|
|t:|1760452937
|switch|p1a: Lokix|Lokix, F, shiny|18/100
|-damage|p1a: Lokix|0 fnt|[from] Stealth Rock
|faint|p1a: Lokix
|
|win|no.1 dedenne fan
|raw|Ravingtomb's rating: 1341 &rarr; <strong>1322</strong><br />(-19 for losing)
|raw|no.1 dedenne fan's rating: 1359 &rarr; <strong>1378</strong><br />(+19 for winning)
|l|☆Ravingtomb
|player|p1|
|l|☆no.1 dedenne fan
|player|p2|
