|j|☆K3c8ge4
|j|‽Charlie_Kirk_L
|t:|1760361825
|gametype|singles
|player|p1|K3c8ge4|elesa|1809
|player|p2|Charlie_Kirk_L|hoopster|1720
|gen|9
|tier|[Gen 9] OU
|rated|
|rule|HP Percentage Mod: HP is shown in percentages
|rule|Endless Battle Clause: Forcing endless battles is banned
|rule|Species Clause: Limit one of each Pokémon
|rule|OHKO Clause: OHKO moves are banned
|rule|Evasion Items Clause: Evasion items are banned
|rule|Evasion Moves Clause: Evasion moves are banned
|rule|Evasion Abilities Clause: Evasion abilities are banned
|rule|Sleep Moves Clause: Sleep-inducing moves are banned
|clearpoke
|poke|p1|Scizor, M|
|poke|p1|Raging Bolt|
|poke|p1|Primarina, M|
|poke|p1|Ogerpon-Cornerstone, F|
|poke|p1|Great Tusk|
|poke|p1|Zamazenta-*|
|poke|p2|Alomomola, F|
|poke|p2|Ting-Lu|
|poke|p2|Zamazenta-*|
|poke|p2|Hawlucha, M|
|poke|p2|Iron Valiant|
|poke|p2|Darkrai|
|teampreview
|inactive|Battle timer is ON: inactive players will automatically lose when time's up. (requested by K3c8ge4)
|inactive|Charlie_Kirk_L also wants the timer to be on.
|
|t:|1760361844
|teamsize|p1|6
|teamsize|p2|6
|start
|switch|p1a: Primarina|Primarina, M|100/100
|switch|p2a: Zamazenta|Zamazenta|100/100
|-ability|p2a: Zamazenta|Dauntless Shield|boost
|-boost|p2a: Zamazenta|def|1
|turn|1
|
|t:|1760361851
|move|p2a: Zamazenta|Heavy Slam|p1a: Primarina
|-damage|p1a: Primarina|38/100
|move|p1a: Primarina|Draining Kiss|p2a: Zamazenta
|-supereffective|p2a: Zamazenta
|-damage|p2a: Zamazenta|50/100
|-heal|p1a: Primarina|71/100|[from] drain|[of] p2a: Zamazenta
|
|upkeep
|turn|2
|
|t:|1760361871
|switch|p2a: Alomomola|Alomomola, F|100/100
|move|p1a: Primarina|Draining Kiss|p2a: Alomomola
|-damage|p2a: Alomomola|88/100
|-heal|p1a: Primarina|85/100|[from] drain|[of] p2a: Alomomola
|
|upkeep
|turn|3
|inactive|K3c8ge4 has 120 seconds left.
|
|t:|1760361893
|move|p1a: Primarina|Flip Turn|p2a: Alomomola
|-resisted|p2a: Alomomola
|-damage|p2a: Alomomola|83/100
|inactive|K3c8ge4 has 120 seconds left.
|
|t:|1760361898
|switch|p1a: Raging Bolt|Raging Bolt|100/100|[from] Flip Turn
|move|p2a: Alomomola|Mirror Coat||[still]
|-fail|p2a: Alomomola
|
|upkeep
|turn|4
|inactive|K3c8ge4 has 120 seconds left.
|
|t:|1760361908
|-end|p1a: Raging Bolt|Protosynthesis|[silent]
|switch|p1a: Ogerpon|Ogerpon-Cornerstone, F|100/100
|move|p2a: Alomomola|Mirror Coat||[still]
|-fail|p2a: Alomomola
|
|upkeep
|turn|5
|
|t:|1760361914
|switch|p2a: Hawlucha|Hawlucha, M|100/100
|-ability|p2a: Hawlucha|Mold Breaker
|move|p1a: Ogerpon|Power Whip|p2a: Hawlucha
|-resisted|p2a: Hawlucha
|-damage|p2a: Hawlucha|68/100
|
|-heal|p2a: Hawlucha|74/100|[from] item: Leftovers
|upkeep
|turn|6
|
|t:|1760361921
|switch|p1a: Raging Bolt|Raging Bolt|100/100
|move|p2a: Hawlucha|U-turn|p1a: Raging Bolt
|-damage|p1a: Raging Bolt|86/100
|j| nonchalantbufalant
|
|t:|1760361927
|switch|p2a: Ting-Lu|Ting-Lu|100/100|[from] U-turn
|-ability|p2a: Ting-Lu|Vessel of Ruin
|
|upkeep
|turn|7
|
|t:|1760361933
|-end|p1a: Raging Bolt|Protosynthesis|[silent]
|switch|p1a: Scizor|Scizor, M|100/100
|move|p2a: Ting-Lu|Earthquake|p1a: Scizor
|-damage|p1a: Scizor|11/100
|
|upkeep
|turn|8
|c| nonchalantbufalant|cyza
|c|☆K3c8ge4|nice band
|
|t:|1760361960
|switch|p2a: Alomomola|Alomomola, F|100/100
|move|p1a: Scizor|U-turn|p2a: Alomomola
|-damage|p2a: Alomomola|58/100
|
|t:|1760361970
|switch|p1a: Ogerpon|Ogerpon-Cornerstone, F|100/100|[from] U-turn
|
|upkeep
|turn|9
|
|t:|1760361977
|switch|p2a: Zamazenta|Zamazenta|50/100
|move|p1a: Ogerpon|Ivy Cudgel|p2a: Zamazenta|[anim] Ivy Cudgel Rock
|-resisted|p2a: Zamazenta
|-damage|p2a: Zamazenta|23/100
|
|upkeep
|turn|10
|
|t:|1760361994
|switch|p1a: Zamazenta|Zamazenta|100/100
|-ability|p1a: Zamazenta|Dauntless Shield|boost
|-boost|p1a: Zamazenta|def|1
|move|p2a: Zamazenta|Close Combat|p1a: Zamazenta
|-damage|p1a: Zamazenta|54/100
|-unboost|p2a: Zamazenta|def|1
|-unboost|p2a: Zamazenta|spd|1
|
|-heal|p1a: Zamazenta|60/100|[from] item: Leftovers
|upkeep
|turn|11
|
|t:|1760362004
|switch|p2a: Hawlucha|Hawlucha, M|74/100
|-ability|p2a: Hawlucha|Mold Breaker
|move|p1a: Zamazenta|Body Press|p2a: Hawlucha
|-resisted|p2a: Hawlucha
|-damage|p2a: Hawlucha|49/100
|
|-heal|p1a: Zamazenta|66/100|[from] item: Leftovers
|-heal|p2a: Hawlucha|55/100|[from] item: Leftovers
|upkeep
|turn|12
|
|t:|1760362009
|move|p1a: Zamazenta|Iron Defense|p1a: Zamazenta
|-boost|p1a: Zamazenta|def|2
|move|p2a: Hawlucha|Roost|p2a: Hawlucha
|-heal|p2a: Hawlucha|100/100
|-singleturn|p2a: Hawlucha|move: Roost
|
|-heal|p1a: Zamazenta|73/100|[from] item: Leftovers
|upkeep
|turn|13
|
|t:|1760362036
|-terastallize|p2a: Hawlucha|Ghost
|move|p1a: Zamazenta|Body Press|p2a: Hawlucha
|-immune|p2a: Hawlucha
|move|p2a: Hawlucha|Encore|p1a: Zamazenta
|-start|p1a: Zamazenta|Encore
|
|-heal|p1a: Zamazenta|79/100|[from] item: Leftovers
|upkeep
|turn|14
|
|t:|1760362057
|move|p1a: Zamazenta|Body Press|p2a: Hawlucha
|-immune|p2a: Hawlucha
|move|p2a: Hawlucha|U-turn|p1a: Zamazenta
|-resisted|p1a: Zamazenta
|-damage|p1a: Zamazenta|77/100
|
|t:|1760362065
|switch|p2a: Iron Valiant|Iron Valiant|100/100|[from] U-turn
|
|-heal|p1a: Zamazenta|83/100|[from] item: Leftovers
|upkeep
|turn|15
|
|t:|1760362076
|switch|p1a: Primarina|Primarina, M|85/100
|move|p2a: Iron Valiant|Moonblast|p1a: Primarina
|-damage|p1a: Primarina|46/100
|-unboost|p1a: Primarina|spa|1
|
|upkeep
|turn|16
|
|t:|1760362092
|move|p2a: Iron Valiant|Moonblast|p1a: Primarina
|-damage|p1a: Primarina|7/100
|move|p1a: Primarina|Flip Turn|p2a: Iron Valiant
|-damage|p2a: Iron Valiant|75/100
|
|t:|1760362099
|switch|p1a: Scizor|Scizor, M|11/100|[from] Flip Turn
|
|upkeep
|turn|17
|
|t:|1760362107
|-end|p2a: Iron Valiant|Quark Drive|[silent]
|switch|p2a: Alomomola|Alomomola, F|91/100
|move|p1a: Scizor|Bullet Punch|p2a: Alomomola
|-resisted|p2a: Alomomola
|-damage|p2a: Alomomola|73/100
|
|upkeep
|turn|18
|
|t:|1760362111
|switch|p1a: Raging Bolt|Raging Bolt|86/100
|move|p2a: Alomomola|Flip Turn|p1a: Raging Bolt
|-resisted|p1a: Raging Bolt
|-damage|p1a: Raging Bolt|79/100
|
|t:|1760362137
|switch|p2a: Ting-Lu|Ting-Lu|100/100|[from] Flip Turn
|-ability|p2a: Ting-Lu|Vessel of Ruin
|
|upkeep
|turn|19
|
|t:|1760362142
|-terastallize|p1a: Raging Bolt|Dragon
|move|p1a: Raging Bolt|Draco Meteor|p2a: Ting-Lu
|-damage|p2a: Ting-Lu|10/100
|-unboost|p1a: Raging Bolt|spa|2
|move|p2a: Ting-Lu|Earthquake|p1a: Raging Bolt
|-damage|p1a: Raging Bolt|18/100
|
|upkeep
|turn|20
|j| But The Government
|
|t:|1760362155
|-end|p1a: Raging Bolt|Protosynthesis|[silent]
|switch|p1a: Primarina|Primarina, M|7/100
|switch|p2a: Iron Valiant|Iron Valiant|75/100
|
|upkeep
|turn|21
|
|t:|1760362160
|move|p2a: Iron Valiant|Moonblast|p1a: Primarina
|-damage|p1a: Primarina|0 fnt
|faint|p1a: Primarina
|
|upkeep
|
|t:|1760362169
|switch|p1a: Scizor|Scizor, M|11/100
|turn|22
|
|t:|1760362172
|-end|p2a: Iron Valiant|Quark Drive|[silent]
|switch|p2a: Alomomola|Alomomola, F|100/100
|move|p1a: Scizor|U-turn|p2a: Alomomola
|-damage|p2a: Alomomola|58/100
|
|t:|1760362175
|switch|p1a: Raging Bolt|Raging Bolt, tera:Dragon|18/100|[from] U-turn
|
|upkeep
|turn|23
|
|t:|1760362179
|switch|p2a: Ting-Lu|Ting-Lu|10/100
|-ability|p2a: Ting-Lu|Vessel of Ruin
|move|p1a: Raging Bolt|Volt Switch|p2a: Ting-Lu
|-immune|p2a: Ting-Lu
|
|upkeep
|turn|24
|
|t:|1760362183
|-end|p1a: Raging Bolt|Protosynthesis|[silent]
|switch|p1a: Great Tusk|Great Tusk|100/100
|move|p2a: Ting-Lu|Earthquake|p1a: Great Tusk
|-damage|p1a: Great Tusk|57/100
|
|upkeep
|turn|25
|
|t:|1760362188
|switch|p2a: Hawlucha|Hawlucha, M, tera:Ghost|100/100
|-ability|p2a: Hawlucha|Mold Breaker
|move|p1a: Great Tusk|Rapid Spin|p2a: Hawlucha
|-immune|p2a: Hawlucha
|
|upkeep
|turn|26
|
|t:|1760362197
|-end|p1a: Great Tusk|Protosynthesis|[silent]
|switch|p1a: Zamazenta|Zamazenta|83/100
|move|p2a: Hawlucha|Encore||[still]
|-fail|p2a: Hawlucha
|
|-heal|p1a: Zamazenta|89/100|[from] item: Leftovers
|upkeep
|turn|27
|
|t:|1760362204
|move|p1a: Zamazenta|Crunch|p2a: Hawlucha
|-supereffective|p2a: Hawlucha
|-damage|p2a: Hawlucha|61/100
|move|p2a: Hawlucha|U-turn|p1a: Zamazenta
|-resisted|p1a: Zamazenta
|-damage|p1a: Zamazenta|84/100
|inactive|Charlie_Kirk_L has 120 seconds left.
|
|t:|1760362243
|switch|p2a: Ting-Lu|Ting-Lu|10/100|[from] U-turn
|-ability|p2a: Ting-Lu|Vessel of Ruin
|
|-heal|p1a: Zamazenta|90/100|[from] item: Leftovers
|upkeep
|turn|28
|
|t:|1760362255
|move|p1a: Zamazenta|Crunch|p2a: Ting-Lu
|-resisted|p2a: Ting-Lu
|-damage|p2a: Ting-Lu|4/100
|move|p2a: Ting-Lu|Whirlwind|p1a: Zamazenta
|drag|p1a: Scizor|Scizor, M|11/100
|
|upkeep
|turn|29
|
|t:|1760362267
|move|p1a: Scizor|U-turn|p2a: Ting-Lu
|-supereffective|p2a: Ting-Lu
|-damage|p2a: Ting-Lu|0 fnt
|faint|p2a: Ting-Lu
|
|t:|1760362275
|switch|p1a: Great Tusk|Great Tusk|57/100|[from] U-turn
|
|upkeep
|
|t:|1760362279
|switch|p2a: Iron Valiant|Iron Valiant|75/100
|turn|30
|
|t:|1760362286
|move|p2a: Iron Valiant|Moonblast|p1a: Great Tusk
|-supereffective|p1a: Great Tusk
|-damage|p1a: Great Tusk|0 fnt
|faint|p1a: Great Tusk
|-end|p1a: Great Tusk|Protosynthesis|[silent]
|
|upkeep
|
|t:|1760362289
|switch|p1a: Scizor|Scizor, M|11/100
|turn|31
|
|t:|1760362295
|-end|p2a: Iron Valiant|Quark Drive|[silent]
|switch|p2a: Alomomola|Alomomola, F|91/100
|move|p1a: Scizor|U-turn|p2a: Alomomola
|-damage|p2a: Alomomola|45/100
|
|t:|1760362297
|switch|p1a: Raging Bolt|Raging Bolt, tera:Dragon|18/100|[from] U-turn
|
|upkeep
|turn|32
|
|t:|1760362314
|move|p1a: Raging Bolt|Volt Switch|p2a: Alomomola
|-supereffective|p2a: Alomomola
|-damage|p2a: Alomomola|0 fnt
|faint|p2a: Alomomola
|
|t:|1760362332
|-end|p1a: Raging Bolt|Protosynthesis|[silent]
|switch|p1a: Ogerpon|Ogerpon-Cornerstone, F|100/100|[from] Volt Switch
|
|upkeep
|
|t:|1760362341
|switch|p2a: Zamazenta|Zamazenta|23/100
|turn|33
|l| But The Government
|
|t:|1760362346
|move|p2a: Zamazenta|Close Combat|p1a: Ogerpon
|-supereffective|p1a: Ogerpon
|-ability|p1a: Ogerpon|Sturdy
|-damage|p1a: Ogerpon|1/100
|-unboost|p2a: Zamazenta|def|1
|-unboost|p2a: Zamazenta|spd|1
|move|p1a: Ogerpon|Ivy Cudgel|p2a: Zamazenta|[anim] Ivy Cudgel Rock
|-resisted|p2a: Zamazenta
|-damage|p2a: Zamazenta|0 fnt
|faint|p2a: Zamazenta
|
|upkeep
|
|t:|1760362349
|switch|p2a: Iron Valiant|Iron Valiant|75/100
|turn|34
|
|t:|1760362353
|move|p2a: Iron Valiant|Vacuum Wave|p1a: Ogerpon
|-supereffective|p1a: Ogerpon
|-damage|p1a: Ogerpon|0 fnt
|faint|p1a: Ogerpon
|
|upkeep
|
|t:|1760362359
|switch|p1a: Zamazenta|Zamazenta|90/100
|turn|35
|
|t:|1760362371
|move|p2a: Iron Valiant|Vacuum Wave|p1a: Zamazenta
|-damage|p1a: Zamazenta|69/100
|move|p1a: Zamazenta|Iron Defense|p1a: Zamazenta
|-boost|p1a: Zamazenta|def|2
|
|-heal|p1a: Zamazenta|75/100|[from] item: Leftovers
|upkeep
|turn|36
|
|t:|1760362385
|-end|p2a: Iron Valiant|Quark Drive|[silent]
|switch|p2a: Hawlucha|Hawlucha, M, tera:Ghost|61/100
|-ability|p2a: Hawlucha|Mold Breaker
|move|p1a: Zamazenta|Crunch|p2a: Hawlucha
|-supereffective|p2a: Hawlucha
|-damage|p2a: Hawlucha|20/100
|
|-heal|p1a: Zamazenta|81/100|[from] item: Leftovers
|-heal|p2a: Hawlucha|26/100|[from] item: Leftovers
|upkeep
|turn|37
|-message|Charlie_Kirk_L forfeited.
|
|win|K3c8ge4
|raw|K3c8ge4's rating: 1809 &rarr; <strong>1824</strong><br />(+15 for winning)
|raw|Charlie_Kirk_L's rating: 1720 &rarr; <strong>1705</strong><br />(-15 for losing)
|l|‽Charlie_Kirk_L
|player|p2|
|l|☆K3c8ge4
|player|p1|
