|j|☆Ir0kUWU88
|j|☆Welchs Gummies
|t:|1760443595
|gametype|singles
|player|p1|Ir0kUWU88|2|1244
|player|p2|Welchs Gummies|ghetsis-gen5bw|1230
|gen|9
|tier|[Gen 9] OU
|rated|
|rule|HP Percentage Mod: HP is shown in percentages
|rule|Endless Battle Clause: Forcing endless battles is banned
|rule|Species Clause: Limit one of each Pokémon
|rule|OHKO Clause: OHKO moves are banned
|rule|Evasion Items Clause: Evasion items are banned
|rule|Evasion Moves Clause: Evasion moves are banned
|rule|Evasion Abilities Clause: Evasion abilities are banned
|rule|Sleep Moves Clause: Sleep-inducing moves are banned
|clearpoke
|poke|p1|Garchomp, M|
|poke|p1|Gholdengo|
|poke|p1|Great Tusk|
|poke|p1|Raging Bolt|
|poke|p1|Dragapult, F|
|poke|p1|Kingambit, M|
|poke|p2|Great Tusk|
|poke|p2|Haxorus, M|
|poke|p2|Talonflame, M|
|poke|p2|Ogerpon-Wellspring, F|
|poke|p2|Galvantula, M|
|poke|p2|Gholdengo|
|teampreview
|
|t:|1760443606
|teamsize|p1|6
|teamsize|p2|6
|start
|switch|p1a: Earak|Garchomp, M|100/100
|switch|p2a: Galvantula|Galvantula, M|100/100
|turn|1
|inactive|Battle timer is ON: inactive players will automatically lose when time's up. (requested by Ir0kUWU88)
|
|t:|1760443633
|move|p2a: Galvantula|Sticky Web|p1a: Earak
|-sidestart|p1: Ir0kUWU88|move: Sticky Web
|move|p1a: Earak|Spikes|p2a: Galvantula
|-sidestart|p2: Welchs Gummies|Spikes
|
|upkeep
|turn|2
|
|t:|1760443640
|switch|p2a: Talonflame|Talonflame, M|100/100
|move|p1a: Earak|Stealth Rock|p2a: Talonflame
|-sidestart|p2: Welchs Gummies|move: Stealth Rock
|
|upkeep
|turn|3
|inactive|Welchs Gummies has 120 seconds left.
|
|t:|1760443675
|move|p2a: Talonflame|Bulk Up|p2a: Talonflame
|-boost|p2a: Talonflame|atk|1
|-boost|p2a: Talonflame|def|1
|move|p1a: Earak|Dragon Tail|p2a: Talonflame
|-damage|p2a: Talonflame|76/100
|drag|p2a: Galvantula|Galvantula, M|100/100
|-damage|p2a: Galvantula|88/100|[from] Spikes
|-damage|p2a: Galvantula|63/100|[from] Stealth Rock
|
|-heal|p2a: Galvantula|69/100|[from] item: Leftovers
|upkeep
|turn|4
|
|t:|1760443685
|move|p2a: Galvantula|Bug Buzz|p1a: Earak
|-damage|p1a: Earak|66/100
|move|p1a: Earak|Spikes|p2a: Galvantula
|-sidestart|p2: Welchs Gummies|Spikes
|
|-heal|p2a: Galvantula|75/100|[from] item: Leftovers
|upkeep
|turn|5
|
|t:|1760443692
|move|p2a: Galvantula|Bug Buzz|p1a: Earak
|-damage|p1a: Earak|32/100
|move|p1a: Earak|Dragon Tail|p2a: Galvantula
|-damage|p2a: Galvantula|30/100
|drag|p2a: Haxorus|Haxorus, M, shiny|100/100
|-damage|p2a: Haxorus|84/100|[from] Spikes
|-damage|p2a: Haxorus|72/100|[from] Stealth Rock
|-ability|p2a: Haxorus|Mold Breaker
|
|upkeep
|turn|6
|
|t:|1760443705
|move|p2a: Haxorus|Scale Shot|p1a: Earak
|-supereffective|p1a: Earak
|-damage|p1a: Earak|12/100
|-supereffective|p1a: Earak
|-damage|p1a: Earak|0 fnt
|faint|p1a: Earak
|-hitcount|p1: Earak|2
|-unboost|p2a: Haxorus|def|1
|-boost|p2a: Haxorus|spe|1
|
|upkeep
|c|☆Welchs Gummies|Interesting garchomp set there
|
|t:|1760443727
|switch|p1a: Doraikou|Raging Bolt|100/100
|-activate|p1a: Doraikou|move: Sticky Web
|-unboost|p1a: Doraikou|spe|1
|turn|7
|
|t:|1760443733
|-terastallize|p1a: Doraikou|Fairy
|move|p2a: Haxorus|Scale Shot|p1a: Doraikou
|-immune|p1a: Doraikou
|move|p1a: Doraikou|Tera Blast|p2a: Haxorus|[anim] Tera Blast Fairy
|-supereffective|p2a: Haxorus
|-crit|p2a: Haxorus
|-damage|p2a: Haxorus|0 fnt
|faint|p2a: Haxorus
|
|upkeep
|
|t:|1760443740
|switch|p2a: Gholdengo|Gholdengo|100/100
|-damage|p2a: Gholdengo|84/100|[from] Spikes
|-damage|p2a: Gholdengo|78/100|[from] Stealth Rock
|turn|8
|
|t:|1760443755
|-end|p1a: Doraikou|Protosynthesis|[silent]
|switch|p1a: Gromphan|Great Tusk|100/100
|-activate|p1a: Gromphan|move: Sticky Web
|-unboost|p1a: Gromphan|spe|1
|move|p2a: Gholdengo|Thunder Wave|p1a: Gromphan
|-immune|p1a: Gromphan
|
|upkeep
|turn|9
|
|t:|1760443783
|switch|p2a: Talonflame|Talonflame, M|76/100
|move|p1a: Gromphan|Knock Off|p2a: Talonflame
|-damage|p2a: Talonflame|36/100
|-enditem|p2a: Talonflame|Heavy-Duty Boots|[from] move: Knock Off|[of] p1a: Gromphan
|
|upkeep
|turn|10
|
|t:|1760443796
|-end|p1a: Gromphan|Protosynthesis|[silent]
|switch|p1a: Doraikou|Raging Bolt, tera:Fairy|100/100
|-activate|p1a: Doraikou|move: Sticky Web
|-unboost|p1a: Doraikou|spe|1
|move|p2a: Talonflame|Roost|p2a: Talonflame
|-heal|p2a: Talonflame|86/100
|-singleturn|p2a: Talonflame|move: Roost
|
|upkeep
|turn|11
|
|t:|1760443808
|switch|p2a: Great Tusk|Great Tusk|100/100
|-damage|p2a: Great Tusk|84/100|[from] Spikes
|-damage|p2a: Great Tusk|81/100|[from] Stealth Rock
|-enditem|p2a: Great Tusk|Booster Energy
|-activate|p2a: Great Tusk|ability: Protosynthesis|[fromitem]
|-start|p2a: Great Tusk|protosynthesisatk
|move|p1a: Doraikou|Draco Meteor|p2a: Great Tusk
|-damage|p2a: Great Tusk|0 fnt
|-unboost|p1a: Doraikou|spa|2
|faint|p2a: Great Tusk
|-end|p2a: Great Tusk|Protosynthesis|[silent]
|
|upkeep
|
|t:|1760443817
|switch|p2a: Galvantula|Galvantula, M|30/100
|-damage|p2a: Galvantula|14/100|[from] Spikes
|-damage|p2a: Galvantula|0 fnt|[from] Stealth Rock
|faint|p2a: Galvantula
|
|t:|1760443832
|switch|p2a: Talonflame|Talonflame, M|86/100
|-damage|p2a: Talonflame|36/100|[from] Stealth Rock
|turn|12
|
|t:|1760443839
|move|p1a: Doraikou|Thunderclap|p2a: Talonflame
|-supereffective|p2a: Talonflame
|-damage|p2a: Talonflame|0 fnt
|faint|p2a: Talonflame
|
|upkeep
|inactive|Welchs Gummies has 120 seconds left.
|
|t:|1760443875
|switch|p2a: Gholdengo|Gholdengo|78/100
|-damage|p2a: Gholdengo|61/100|[from] Spikes
|-damage|p2a: Gholdengo|55/100|[from] Stealth Rock
|turn|13
|
|t:|1760443893
|-end|p1a: Doraikou|Protosynthesis|[silent]
|switch|p1a: Gromphan|Great Tusk|100/100
|-activate|p1a: Gromphan|move: Sticky Web
|-unboost|p1a: Gromphan|spe|1
|move|p2a: Gholdengo|Nasty Plot|p2a: Gholdengo
|-boost|p2a: Gholdengo|spa|2
|
|upkeep
|turn|14
|inactive|Welchs Gummies has 120 seconds left.
|inactive|Welchs Gummies has 90 seconds left.
|
|t:|1760443930
|move|p2a: Gholdengo|Make It Rain|p1a: Gromphan
|-damage|p1a: Gromphan|0 fnt
|-unboost|p2a: Gholdengo|spa|1
|faint|p1a: Gromphan
|-end|p1a: Gromphan|Protosynthesis|[silent]
|-damage|p2a: Gholdengo|46/100|[from] item: Life Orb
|
|upkeep
|inactive|Ir0kUWU88 has 120 seconds left.
|
|t:|1760443961
|switch|p1a: Ghostgagon|Dragapult, F, shiny|100/100
|-activate|p1a: Ghostgagon|move: Sticky Web
|-unboost|p1a: Ghostgagon|spe|1
|turn|15
|inactive|Ir0kUWU88 has 120 seconds left.
|
|t:|1760443975
|switch|p1a: Doraikou|Raging Bolt, tera:Fairy|100/100
|-activate|p1a: Doraikou|move: Sticky Web
|-unboost|p1a: Doraikou|spe|1
|move|p2a: Gholdengo|Thunder Wave|p1a: Doraikou|[miss]
|-miss|p2a: Gholdengo|p1a: Doraikou
|
|upkeep
|turn|16
|inactive|Ir0kUWU88 has 120 seconds left.
|
|t:|1760443984
|move|p2a: Gholdengo|Thunder Wave|p1a: Doraikou
|-status|p1a: Doraikou|par
|move|p1a: Doraikou|Tera Blast|p2a: Gholdengo|[anim] Tera Blast Fairy
|-resisted|p2a: Gholdengo
|-damage|p2a: Gholdengo|17/100
|
|upkeep
|turn|17
|
|t:|1760443994
|move|p2a: Gholdengo|Hex|p1a: Doraikou
|-damage|p1a: Doraikou|18/100 par
|-damage|p2a: Gholdengo|7/100|[from] item: Life Orb
|move|p1a: Doraikou|Tera Blast|p2a: Gholdengo|[anim] Tera Blast Fairy
|-resisted|p2a: Gholdengo
|-damage|p2a: Gholdengo|0 fnt
|faint|p2a: Gholdengo
|
|upkeep
|
|t:|1760443999
|switch|p2a: Ogerpon|Ogerpon-Wellspring, F|100/100
|-damage|p2a: Ogerpon|84/100|[from] Spikes
|-damage|p2a: Ogerpon|72/100|[from] Stealth Rock
|turn|18
|
|t:|1760444005
|move|p1a: Doraikou|Thunderclap|p2a: Ogerpon
|-damage|p2a: Ogerpon|24/100
|move|p2a: Ogerpon|Horn Leech|p1a: Doraikou
|-damage|p1a: Doraikou|0 fnt
|-heal|p2a: Ogerpon|37/100|[from] drain|[of] p1a: Doraikou
|faint|p1a: Doraikou
|-end|p1a: Doraikou|Protosynthesis|[silent]
|
|upkeep
|
|t:|1760444019
|switch|p1a: Generon|Kingambit, M, shiny|100/100
|-activate|p1a: Generon|move: Sticky Web
|-unboost|p1a: Generon|spe|1
|-activate|p1a: Generon|ability: Supreme Overlord
|-start|p1a: Generon|fallen3|[silent]
|turn|19
|
|t:|1760444028
|move|p2a: Ogerpon|Spiky Shield|p2a: Ogerpon
|-singleturn|p2a: Ogerpon|move: Protect
|move|p1a: Generon|Sucker Punch||[still]
|-fail|p1a: Generon
|
|upkeep
|turn|20
|c|☆Welchs Gummies|Gg
|inactive|Ir0kUWU88 has 120 seconds left.
|
|t:|1760444069
|-terastallize|p2a: Ogerpon|Water
|detailschange|p2a: Ogerpon|Ogerpon-Wellspring-Tera, F, tera:Water
|-ability|p2a: Ogerpon|Embody Aspect (Wellspring)|boost
|-boost|p2a: Ogerpon|spd|1
|move|p1a: Generon|Sucker Punch|p2a: Ogerpon
|-damage|p2a: Ogerpon|0 fnt
|faint|p2a: Ogerpon
|detailschange|p2: Ogerpon|Ogerpon-Wellspring, F|[silent]
|
|win|Ir0kUWU88
|raw|Ir0kUWU88's rating: 1244 &rarr; <strong>1268</strong><br />(+24 for winning)
|raw|Welchs Gummies's rating: 1230 &rarr; <strong>1206</strong><br />(-24 for losing)
|l|☆Welchs Gummies
|player|p2|
|l|☆Ir0kUWU88
|player|p1|
