|j|☆segserino
|j|☆kuraiyagare
|t:|1760451697
|gametype|singles
|player|p1|segserino|veteran|1362
|player|p2|kuraiyagare|mars|1405
|gen|9
|tier|[Gen 9] OU
|rated|
|rule|HP Percentage Mod: HP is shown in percentages
|rule|Endless Battle Clause: Forcing endless battles is banned
|rule|Species Clause: Limit one of each Pokémon
|rule|OHKO Clause: OHKO moves are banned
|rule|Evasion Items Clause: Evasion items are banned
|rule|Evasion Moves Clause: Evasion moves are banned
|rule|Evasion Abilities Clause: Evasion abilities are banned
|rule|Sleep Moves Clause: Sleep-inducing moves are banned
|clearpoke
|poke|p1|Glimmora, F|
|poke|p1|Alomomola, M|
|poke|p1|Slowking-Galar, M|
|poke|p1|Gholdengo|
|poke|p1|Iron Hands|
|poke|p1|Dragapult, M|
|poke|p2|Bastiodon, F|
|poke|p2|Gardevoir, F|
|poke|p2|Talonflame, F|
|poke|p2|Lokix, F|
|poke|p2|Drifblim, M|
|poke|p2|Feraligatr, F|
|teampreview
|inactive|Battle timer is ON: inactive players will automatically lose when time's up. (requested by segserino)
|
|t:|1760451719
|teamsize|p1|6
|teamsize|p2|6
|start
|switch|p1a: Dragapult|Dragapult, M|100/100
|switch|p2a: Gardenia|Gardevoir, F|100/100
|-ability|p2a: Gardenia|Cursed Body|Trace|[from] ability: Trace|[of] p1a: Dragapult
|turn|1
|
|t:|1760451723
|move|p1a: Dragapult|U-turn|p2a: Gardenia
|-crit|p2a: Gardenia
|-damage|p2a: Gardenia|55/100
|-start|p1a: Dragapult|Disable|U-turn|[from] ability: Cursed Body|[of] p2a: Gardenia
|
|t:|1760451727
|switch|p1a: Slowking|Slowking-Galar, M|100/100|[from] U-turn
|move|p2a: Gardenia|Moonblast|p1a: Slowking
|-resisted|p1a: Slowking
|-damage|p1a: Slowking|85/100
|
|upkeep
|turn|2
|
|t:|1760451730
|move|p2a: Gardenia|Psyshock|p1a: Slowking
|-damage|p1a: Slowking|39/100
|move|p1a: Slowking|Sludge Wave|p2a: Gardenia
|-supereffective|p2a: Gardenia
|-damage|p2a: Gardenia|0 fnt
|-start|p1a: Slowking|Disable|Sludge Wave|[from] ability: Cursed Body|[of] p2a: Gardenia
|faint|p2a: Gardenia
|
|upkeep
|
|t:|1760451733
|switch|p2a: Bastiodon|Bastiodon, F|100/100
|turn|3
|
|t:|1760451748
|-prepare|p1a: Slowking|Chilly Reception|[premajor]
|move|p1a: Slowking|Chilly Reception|p1a: Slowking
|-weather|Snowscape
|
|t:|1760451751
|switch|p1a: Alomomola|Alomomola, M|100/100|[from] Chilly Reception
|move|p2a: Bastiodon|Stealth Rock|p1a: Alomomola
|-sidestart|p1: segserino|move: Stealth Rock
|
|-weather|Snowscape|[upkeep]
|upkeep
|turn|4
|
|t:|1760451761
|move|p1a: Alomomola|Flip Turn|p2a: Bastiodon
|-supereffective|p2a: Bastiodon
|-damage|p2a: Bastiodon|86/100
|
|t:|1760451768
|switch|p1a: Glimmora|Glimmora, F|100/100|[from] Flip Turn
|-damage|p1a: Glimmora|88/100|[from] Stealth Rock
|move|p2a: Bastiodon|Roar|p1a: Glimmora
|drag|p1a: Iron Hands|Iron Hands|100/100
|-damage|p1a: Iron Hands|94/100|[from] Stealth Rock
|
|-weather|Snowscape|[upkeep]
|upkeep
|turn|5
|
|t:|1760451777
|move|p1a: Iron Hands|Drain Punch|p2a: Bastiodon
|-supereffective|p2a: Bastiodon
|-damage|p2a: Bastiodon|0 fnt
|-heal|p1a: Iron Hands|100/100|[from] drain|[of] p2a: Bastiodon
|faint|p2a: Bastiodon
|
|-weather|Snowscape|[upkeep]
|upkeep
|inactive|kuraiyagare has 120 seconds left.
|
|t:|1760451808
|switch|p2a: Vatra|Talonflame, F|100/100
|turn|6
|
|t:|1760451812
|-end|p1a: Iron Hands|Quark Drive|[silent]
|switch|p1a: Alomomola|Alomomola, M|100/100
|-damage|p1a: Alomomola|88/100|[from] Stealth Rock
|move|p2a: Vatra|Will-O-Wisp|p1a: Alomomola|[miss]
|-miss|p2a: Vatra|p1a: Alomomola
|
|-weather|Snowscape|[upkeep]
|upkeep
|turn|7
|
|t:|1760451819
|move|p2a: Vatra|Brave Bird|p1a: Alomomola
|-damage|p1a: Alomomola|64/100
|-damage|p2a: Vatra|84/100|[from] item: Rocky Helmet|[of] p1a: Alomomola
|-damage|p2a: Vatra|70/100|[from] Recoil
|move|p1a: Alomomola|Flip Turn|p2a: Vatra
|-supereffective|p2a: Vatra
|-damage|p2a: Vatra|27/100
|
|t:|1760451824
|switch|p1a: Glimmora|Glimmora, F|88/100|[from] Flip Turn
|-damage|p1a: Glimmora|76/100|[from] Stealth Rock
|
|-weather|none
|upkeep
|turn|8
|
|t:|1760451828
|switch|p2a: Feraligatr|Feraligatr, F|100/100
|move|p1a: Glimmora|Stealth Rock|p2a: Feraligatr
|-sidestart|p2: kuraiyagare|move: Stealth Rock
|
|upkeep
|turn|9
|
|t:|1760451832
|move|p1a: Glimmora|Mortal Spin|p2a: Feraligatr
|-damage|p2a: Feraligatr|93/100
|-status|p2a: Feraligatr|psn
|-sideend|p1: segserino|Stealth Rock|[from] move: Mortal Spin|[of] p1a: Glimmora
|move|p2a: Feraligatr|Dragon Dance|p2a: Feraligatr
|-boost|p2a: Feraligatr|atk|1
|-boost|p2a: Feraligatr|spe|1
|
|-damage|p2a: Feraligatr|81/100 psn|[from] psn
|upkeep
|turn|10
|
|t:|1760451839
|switch|p1a: Alomomola|Alomomola, M|97/100
|move|p2a: Feraligatr|Liquidation|p1a: Alomomola
|-resisted|p1a: Alomomola
|-crit|p1a: Alomomola
|-damage|p1a: Alomomola|55/100
|-damage|p2a: Feraligatr|65/100 psn|[from] item: Rocky Helmet|[of] p1a: Alomomola
|
|-damage|p2a: Feraligatr|53/100 psn|[from] psn
|upkeep
|turn|11
|
|t:|1760451842
|move|p2a: Feraligatr|Liquidation|p1a: Alomomola
|-resisted|p1a: Alomomola
|-crit|p1a: Alomomola
|-damage|p1a: Alomomola|14/100
|-damage|p2a: Feraligatr|36/100 psn|[from] item: Rocky Helmet|[of] p1a: Alomomola
|move|p1a: Alomomola|Wish|p1a: Alomomola
|
|-damage|p2a: Feraligatr|24/100 psn|[from] psn
|upkeep
|turn|12
|
|t:|1760451845
|move|p1a: Alomomola|Protect|p1a: Alomomola
|-singleturn|p1a: Alomomola|Protect
|move|p2a: Feraligatr|Liquidation|p1a: Alomomola
|-activate|p1a: Alomomola|move: Protect
|
|-heal|p1a: Alomomola|64/100|[from] move: Wish|[wisher] Alomomola
|-damage|p2a: Feraligatr|12/100 psn|[from] psn
|upkeep
|turn|13
|
|t:|1760451852
|move|p2a: Feraligatr|Liquidation|p1a: Alomomola
|-resisted|p1a: Alomomola
|-damage|p1a: Alomomola|33/100
|-damage|p2a: Feraligatr|0 fnt|[from] item: Rocky Helmet|[of] p1a: Alomomola
|faint|p2a: Feraligatr
|move|p1a: Alomomola|Wish|p1a: Alomomola
|
|upkeep
|
|t:|1760451854
|switch|p2a: Vatra|Talonflame, F|27/100
|turn|14
|
|t:|1760451857
|move|p1a: Alomomola|Protect|p1a: Alomomola
|-singleturn|p1a: Alomomola|Protect
|move|p2a: Vatra|Defog|p1a: Alomomola
|-activate|p1a: Alomomola|move: Protect
|
|-heal|p1a: Alomomola|83/100|[from] move: Wish|[wisher] Alomomola
|upkeep
|turn|15
|
|t:|1760451859
|move|p2a: Vatra|Defog|p1a: Alomomola
|-unboost|p1a: Alomomola|evasion|1
|-sideend|p2: kuraiyagare|Stealth Rock|[from] move: Defog|[of] p2a: Vatra
|move|p1a: Alomomola|Flip Turn|p2a: Vatra
|-supereffective|p2a: Vatra
|-damage|p2a: Vatra|0 fnt
|faint|p2a: Vatra
|
|t:|1760451866
|switch|p1a: Slowking|Slowking-Galar, M|72/100|[from] Flip Turn
|
|upkeep
|
|t:|1760451875
|switch|p2a: avg linux user|Lokix, F|100/100
|turn|16
|
|t:|1760451879
|switch|p1a: Glimmora|Glimmora, F|76/100
|move|p2a: avg linux user|Knock Off|p1a: Glimmora
|-damage|p1a: Glimmora|27/100
|-activate|p1a: Glimmora|ability: Toxic Debris
|-sidestart|p2: kuraiyagare|move: Toxic Spikes
|-enditem|p1a: Glimmora|Focus Sash|[from] move: Knock Off|[of] p2a: avg linux user
|
|upkeep
|turn|17
|
|t:|1760451887
|move|p1a: Glimmora|Stealth Rock|p2a: avg linux user
|-sidestart|p2: kuraiyagare|move: Stealth Rock
|move|p2a: avg linux user|Knock Off|p1a: Glimmora
|-damage|p1a: Glimmora|0 fnt
|-activate|p1a: Glimmora|ability: Toxic Debris
|-sidestart|p2: kuraiyagare|move: Toxic Spikes
|faint|p1a: Glimmora
|
|upkeep
|
|t:|1760451893
|switch|p1a: Alomomola|Alomomola, M|100/100
|turn|18
|
|t:|1760451895
|move|p2a: avg linux user|Knock Off|p1a: Alomomola
|-damage|p1a: Alomomola|75/100
|-damage|p2a: avg linux user|84/100|[from] item: Rocky Helmet|[of] p1a: Alomomola
|-enditem|p1a: Alomomola|Rocky Helmet|[from] move: Knock Off|[of] p2a: avg linux user
|move|p1a: Alomomola|Flip Turn|p2a: avg linux user
|-crit|p2a: avg linux user
|-damage|p2a: avg linux user|53/100
|
|t:|1760451899
|switch|p1a: Iron Hands|Iron Hands|100/100|[from] Flip Turn
|
|upkeep
|turn|19
|
|t:|1760451903
|move|p2a: avg linux user|Knock Off|p1a: Iron Hands
|-resisted|p1a: Iron Hands
|-damage|p1a: Iron Hands|67/100
|-enditem|p1a: Iron Hands|Assault Vest|[from] move: Knock Off|[of] p2a: avg linux user
|move|p1a: Iron Hands|Supercell Slam|p2a: avg linux user
|-damage|p2a: avg linux user|0 fnt
|faint|p2a: avg linux user
|
|upkeep
|
|t:|1760451905
|switch|p2a: Drifflim|Drifblim, M|100/100
|-damage|p2a: Drifflim|76/100|[from] Stealth Rock
|turn|20
|
|t:|1760451911
|move|p2a: Drifflim|Strength Sap|p1a: Iron Hands
|-unboost|p1a: Iron Hands|atk|1
|-heal|p2a: Drifflim|100/100
|move|p1a: Iron Hands|Ice Punch|p2a: Drifflim
|-supereffective|p2a: Drifflim
|-damage|p2a: Drifflim|49/100
|-enditem|p2a: Drifflim|Weakness Policy
|-boost|p2a: Drifflim|atk|2|[from] item: Weakness Policy
|-boost|p2a: Drifflim|spa|2|[from] item: Weakness Policy
|
|upkeep
|turn|21
|
|t:|1760451921
|-terastallize|p2a: Drifflim|Fighting
|move|p2a: Drifflim|Strength Sap|p1a: Iron Hands
|-unboost|p1a: Iron Hands|atk|1
|-heal|p2a: Drifflim|100/100
|move|p1a: Iron Hands|Supercell Slam|p2a: Drifflim
|-damage|p2a: Drifflim|66/100
|
|upkeep
|turn|22
|
|t:|1760451931
|-end|p1a: Iron Hands|Quark Drive|[silent]
|switch|p1a: Alomomola|Alomomola, M|100/100
|move|p2a: Drifflim|Calm Mind|p2a: Drifflim
|-boost|p2a: Drifflim|spa|1
|-boost|p2a: Drifflim|spd|1
|
|upkeep
|turn|23
|
|t:|1760451936
|move|p2a: Drifflim|Thunderbolt|p1a: Alomomola
|-supereffective|p1a: Alomomola
|-damage|p1a: Alomomola|0 fnt
|faint|p1a: Alomomola
|
|upkeep
|
|t:|1760451939
|switch|p1a: Slowking|Slowking-Galar, M|100/100
|turn|24
|
|t:|1760451941
|-terastallize|p1a: Slowking|Poison
|move|p2a: Drifflim|Shadow Ball|p1a: Slowking
|-damage|p1a: Slowking|50/100
|move|p1a: Slowking|Psychic|p2a: Drifflim
|-supereffective|p2a: Drifflim
|-damage|p2a: Drifflim|14/100
|
|upkeep
|turn|25
|
|t:|1760451949
|move|p2a: Drifflim|Shadow Ball|p1a: Slowking
|-damage|p1a: Slowking|3/100
|move|p1a: Slowking|Psychic|p2a: Drifflim
|-supereffective|p2a: Drifflim
|-damage|p2a: Drifflim|0 fnt
|faint|p2a: Drifflim
|
|win|segserino
|raw|segserino's rating: 1362 &rarr; <strong>1384</strong><br />(+22 for winning)
|raw|kuraiyagare's rating: 1405 &rarr; <strong>1383</strong><br />(-22 for losing)
|l|☆segserino
|player|p1|
|l|☆kuraiyagare
|player|p2|
