|j|☆LastGREATEST
|j|☆VinceCartersKnees
|t:|1760337031
|gametype|singles
|player|p1|LastGREATEST|ryuki|1244
|player|p2|VinceCartersKnees|unknown|1285
|gen|9
|tier|[Gen 9] OU
|rated|
|rule|HP Percentage Mod: HP is shown in percentages
|rule|Endless Battle Clause: Forcing endless battles is banned
|rule|Species Clause: Limit one of each Pokémon
|rule|OHKO Clause: OHKO moves are banned
|rule|Evasion Items Clause: Evasion items are banned
|rule|Evasion Moves Clause: Evasion moves are banned
|rule|Evasion Abilities Clause: Evasion abilities are banned
|rule|Sleep Moves Clause: Sleep-inducing moves are banned
|clearpoke
|poke|p1|Pelipper, M|
|poke|p1|Kingdra, F|
|poke|p1|Primarina, M|
|poke|p1|Toxicroak, M|
|poke|p1|Iron Treads|
|poke|p1|Lokix, F|
|poke|p2|Kyurem|
|poke|p2|Rillaboom, F|
|poke|p2|Gholdengo|
|poke|p2|Great Tusk|
|poke|p2|Raging Bolt|
|poke|p2|Tornadus-Therian, M|
|teampreview
|
|t:|1760337043
|teamsize|p1|6
|teamsize|p2|6
|start
|switch|p1a: BUGSAW|Lokix, F|100/100
|switch|p2a: Tornadus|Tornadus-Therian, M|100/100
|turn|1
|
|t:|1760337052
|switch|p1a: AQUAFINA|Primarina, M, shiny|100/100
|move|p2a: Tornadus|Bleakwind Storm|p1a: AQUAFINA|[miss]
|-miss|p2a: Tornadus|p1a: AQUAFINA
|
|upkeep
|turn|2
|
|t:|1760337058
|switch|p2a: Rillaboom|Rillaboom, F, shiny|100/100
|-fieldstart|move: Grassy Terrain|[from] ability: Grassy Surge|[of] p2a: Rillaboom
|move|p1a: AQUAFINA|Whirlpool|p2a: Rillaboom
|-resisted|p2a: Rillaboom
|-damage|p2a: Rillaboom|93/100
|-activate|p2a: Rillaboom|move: Whirlpool|[of] p1a: AQUAFINA
|
|-heal|p2a: Rillaboom|99/100|[from] Grassy Terrain
|-damage|p2a: Rillaboom|86/100|[from] move: Whirlpool|[partiallytrapped]
|upkeep
|turn|3
|
|t:|1760337071
|switch|p1a: WART|Toxicroak, M|100/100
|move|p2a: Rillaboom|Wood Hammer|p1a: WART
|-resisted|p1a: WART
|-damage|p1a: WART|58/100
|-damage|p2a: Rillaboom|70/100|[from] item: Rocky Helmet|[of] p1a: WART
|-damage|p2a: Rillaboom|57/100|[from] Recoil
|
|-heal|p2a: Rillaboom|63/100|[from] Grassy Terrain
|-heal|p1a: WART|64/100|[from] Grassy Terrain
|-end|p2a: Rillaboom|Whirlpool|[partiallytrapped]|[silent]
|upkeep
|turn|4
|
|t:|1760337086
|switch|p2a: Tornadus|Tornadus-Therian, M|100/100
|move|p1a: WART|Toxic|p2a: Tornadus
|-status|p2a: Tornadus|tox
|
|-heal|p1a: WART|71/100|[from] Grassy Terrain
|-damage|p2a: Tornadus|94/100 tox|[from] psn
|upkeep
|turn|5
|
|t:|1760337096
|switch|p1a: AQUAFINA|Primarina, M, shiny|100/100
|move|p2a: Tornadus|Bleakwind Storm|p1a: AQUAFINA|[miss]
|-miss|p2a: Tornadus|p1a: AQUAFINA
|
|-damage|p2a: Tornadus|82/100 tox|[from] psn
|upkeep
|turn|6
|
|t:|1760337106
|switch|p2a: Rillaboom|Rillaboom, F, shiny|63/100
|move|p1a: AQUAFINA|Flip Turn|p2a: Rillaboom
|-resisted|p2a: Rillaboom
|-damage|p2a: Rillaboom|57/100
|
|t:|1760337111
|switch|p1a: BUGSAW|Lokix, F|100/100|[from] Flip Turn
|
|-heal|p2a: Rillaboom|63/100|[from] Grassy Terrain
|-fieldend|move: Grassy Terrain
|upkeep
|turn|7
|
|t:|1760337121
|switch|p2a: Tornadus|Tornadus-Therian, M|100/100 tox
|move|p1a: BUGSAW|U-turn|p2a: Tornadus
|-resisted|p2a: Tornadus
|-damage|p2a: Tornadus|40/100 tox
|
|t:|1760337133
|switch|p1a: ELON TUSK|Iron Treads|100/100|[from] U-turn
|
|-damage|p2a: Tornadus|34/100 tox|[from] psn
|upkeep
|turn|8
|
|t:|1760337145
|switch|p2a: Rillaboom|Rillaboom, F, shiny|63/100
|-fieldstart|move: Grassy Terrain|[from] ability: Grassy Surge|[of] p2a: Rillaboom
|move|p1a: ELON TUSK|Stealth Rock|p2a: Rillaboom
|-sidestart|p2: VinceCartersKnees|move: Stealth Rock
|
|-heal|p2a: Rillaboom|69/100|[from] Grassy Terrain
|upkeep
|turn|9
|
|t:|1760337164
|switch|p2a: Great Tusk|Great Tusk, shiny|100/100
|-damage|p2a: Great Tusk|98/100|[from] Stealth Rock
|move|p1a: ELON TUSK|Ice Spinner|p2a: Great Tusk
|-supereffective|p2a: Great Tusk
|-damage|p2a: Great Tusk|61/100
|-fieldend|move: Grassy Terrain
|
|-heal|p2a: Great Tusk|67/100|[from] item: Leftovers
|upkeep
|turn|10
|
|t:|1760337178
|move|p1a: ELON TUSK|Ice Spinner|p2a: Great Tusk
|-supereffective|p2a: Great Tusk
|-damage|p2a: Great Tusk|30/100
|move|p2a: Great Tusk|Rapid Spin|p1a: ELON TUSK
|-resisted|p1a: ELON TUSK
|-damage|p1a: ELON TUSK|92/100
|-boost|p2a: Great Tusk|spe|1
|-sideend|p2: VinceCartersKnees|Stealth Rock|[from] move: Rapid Spin|[of] p2a: Great Tusk
|
|-heal|p2a: Great Tusk|37/100|[from] item: Leftovers
|upkeep
|turn|11
|
|t:|1760337188
|move|p2a: Great Tusk|Stealth Rock|p1a: ELON TUSK
|-sidestart|p1: LastGREATEST|move: Stealth Rock
|move|p1a: ELON TUSK|Ice Spinner|p2a: Great Tusk
|-supereffective|p2a: Great Tusk
|-damage|p2a: Great Tusk|0 fnt
|faint|p2a: Great Tusk
|-end|p2a: Great Tusk|Protosynthesis|[silent]
|
|upkeep
|
|t:|1760337219
|switch|p2a: Kyurem|Kyurem, shiny|100/100
|-ability|p2a: Kyurem|Pressure
|turn|12
|
|t:|1760337224
|move|p1a: ELON TUSK|Rapid Spin|p2a: Kyurem
|-damage|p2a: Kyurem|85/100
|-boost|p1a: ELON TUSK|spe|1
|-sideend|p1: LastGREATEST|Stealth Rock|[from] move: Rapid Spin|[of] p1a: ELON TUSK
|move|p2a: Kyurem|Dragon Dance|p2a: Kyurem
|-boost|p2a: Kyurem|atk|1
|-boost|p2a: Kyurem|spe|1
|
|upkeep
|turn|13
|
|t:|1760337239
|move|p1a: ELON TUSK|Earthquake|p2a: Kyurem
|-damage|p2a: Kyurem|40/100
|move|p2a: Kyurem|Dragon Dance|p2a: Kyurem
|-boost|p2a: Kyurem|atk|1
|-boost|p2a: Kyurem|spe|1
|
|upkeep
|turn|14
|
|t:|1760337273
|move|p2a: Kyurem|Icicle Spear|p1a: ELON TUSK
|-damage|p1a: ELON TUSK|71/100
|-damage|p1a: ELON TUSK|45/100
|-crit|p1a: ELON TUSK
|-damage|p1a: ELON TUSK|10/100
|-damage|p1a: ELON TUSK|0 fnt
|faint|p1a: ELON TUSK
|-end|p1a: ELON TUSK|Quark Drive|[silent]
|-hitcount|p1: ELON TUSK|4
|
|upkeep
|
|t:|1760337276
|switch|p1a: BUGSAW|Lokix, F|100/100
|turn|15
|
|t:|1760337287
|switch|p2a: Tornadus|Tornadus-Therian, M|67/100 tox
|move|p1a: BUGSAW|First Impression|p2a: Tornadus
|-resisted|p2a: Tornadus
|-crit|p2a: Tornadus
|-damage|p2a: Tornadus|0 fnt
|faint|p2a: Tornadus
|
|upkeep
|
|t:|1760337299
|switch|p2a: Rillaboom|Rillaboom, F, shiny|69/100
|-fieldstart|move: Grassy Terrain|[from] ability: Grassy Surge|[of] p2a: Rillaboom
|turn|16
|
|t:|1760337308
|switch|p1a: WART|Toxicroak, M|71/100
|switch|p2a: Raging Bolt|Raging Bolt|100/100
|-enditem|p2a: Raging Bolt|Booster Energy
|-activate|p2a: Raging Bolt|ability: Protosynthesis|[fromitem]
|-start|p2a: Raging Bolt|protosynthesisspa
|
|-heal|p1a: WART|77/100|[from] Grassy Terrain
|upkeep
|turn|17
|
|t:|1760337321
|move|p2a: Raging Bolt|Calm Mind|p2a: Raging Bolt
|-boost|p2a: Raging Bolt|spa|1
|-boost|p2a: Raging Bolt|spd|1
|move|p1a: WART|Toxic|p2a: Raging Bolt
|-status|p2a: Raging Bolt|tox
|
|-heal|p1a: WART|83/100|[from] Grassy Terrain
|-damage|p2a: Raging Bolt|94/100 tox|[from] psn
|upkeep
|turn|18
|
|t:|1760337330
|move|p2a: Raging Bolt|Thunderbolt|p1a: WART
|-damage|p1a: WART|0 fnt
|faint|p1a: WART
|
|-heal|p2a: Raging Bolt|100/100 tox|[from] Grassy Terrain
|-damage|p2a: Raging Bolt|88/100 tox|[from] psn
|upkeep
|
|t:|1760337344
|switch|p1a: TOILET|Pelipper, M|100/100
|-weather|RainDance|[from] ability: Drizzle|[of] p1a: TOILET
|turn|19
|
|t:|1760337352
|move|p2a: Raging Bolt|Thunderbolt|p1a: TOILET
|-supereffective|p1a: TOILET
|-damage|p1a: TOILET|0 fnt
|faint|p1a: TOILET
|
|-weather|RainDance|[upkeep]
|-heal|p2a: Raging Bolt|94/100 tox|[from] Grassy Terrain
|-damage|p2a: Raging Bolt|76/100 tox|[from] psn
|upkeep
|
|t:|1760337370
|switch|p1a: BUGSAW|Lokix, F|100/100
|turn|20
|
|t:|1760337375
|-terastallize|p2a: Raging Bolt|Flying
|move|p1a: BUGSAW|First Impression|p2a: Raging Bolt
|-resisted|p2a: Raging Bolt
|-damage|p2a: Raging Bolt|18/100 tox
|move|p2a: Raging Bolt|Thunderbolt|p1a: BUGSAW
|-damage|p1a: BUGSAW|0 fnt
|faint|p1a: BUGSAW
|
|-weather|RainDance|[upkeep]
|-damage|p2a: Raging Bolt|0 fnt|[from] psn
|faint|p2a: Raging Bolt
|-end|p2a: Raging Bolt|Protosynthesis|[silent]
|-fieldend|move: Grassy Terrain
|upkeep
|
|t:|1760337396
|switch|p1a: AQUAFINA|Primarina, M, shiny|100/100
|switch|p2a: Rillaboom|Rillaboom, F, shiny|69/100
|-fieldstart|move: Grassy Terrain|[from] ability: Grassy Surge|[of] p2a: Rillaboom
|turn|21
|
|t:|1760337419
|-terastallize|p1a: AQUAFINA|Ghost
|move|p2a: Rillaboom|Wood Hammer|p1a: AQUAFINA
|-damage|p1a: AQUAFINA|0 fnt
|faint|p1a: AQUAFINA
|-damage|p2a: Rillaboom|43/100|[from] Recoil
|
|-weather|RainDance|[upkeep]
|-heal|p2a: Rillaboom|50/100|[from] Grassy Terrain
|upkeep
|
|t:|1760337423
|switch|p1a: QUEENDRA|Kingdra, F, shiny|100/100
|turn|22
|
|t:|1760337430
|switch|p2a: Kyurem|Kyurem, shiny|40/100
|-ability|p2a: Kyurem|Pressure
|move|p1a: QUEENDRA|Weather Ball|p2a: Kyurem
|-resisted|p2a: Kyurem
|-damage|p2a: Kyurem|0 fnt
|faint|p2a: Kyurem
|
|-weather|RainDance|[upkeep]
|upkeep
|
|t:|1760337445
|switch|p2a: Rillaboom|Rillaboom, F, shiny|50/100
|turn|23
|
|t:|1760337449
|move|p2a: Rillaboom|Grassy Glide|p1a: QUEENDRA
|-damage|p1a: QUEENDRA|54/100
|move|p1a: QUEENDRA|Weather Ball|p2a: Rillaboom
|-resisted|p2a: Rillaboom
|-damage|p2a: Rillaboom|13/100
|
|-weather|RainDance|[upkeep]
|-heal|p1a: QUEENDRA|60/100|[from] Grassy Terrain
|-heal|p2a: Rillaboom|19/100|[from] Grassy Terrain
|upkeep
|turn|24
|
|t:|1760337458
|move|p2a: Rillaboom|Grassy Glide|p1a: QUEENDRA
|-damage|p1a: QUEENDRA|14/100
|move|p1a: QUEENDRA|Weather Ball|p2a: Rillaboom
|-resisted|p2a: Rillaboom
|-damage|p2a: Rillaboom|0 fnt
|faint|p2a: Rillaboom
|
|-weather|RainDance|[upkeep]
|-heal|p1a: QUEENDRA|20/100|[from] Grassy Terrain
|upkeep
|inactive|Battle timer is ON: inactive players will automatically lose when time's up. (requested by LastGREATEST)
|
|t:|1760337467
|switch|p2a: Gholdengo|Gholdengo, shiny|100/100
|turn|25
|
|t:|1760337470
|move|p1a: QUEENDRA|Weather Ball|p2a: Gholdengo
|-damage|p2a: Gholdengo|3/100
|move|p2a: Gholdengo|Shadow Ball|p1a: QUEENDRA
|-damage|p1a: QUEENDRA|0 fnt
|faint|p1a: QUEENDRA
|
|win|VinceCartersKnees
|raw|LastGREATEST's rating: 1244 &rarr; <strong>1222</strong><br />(-22 for losing)
|raw|VinceCartersKnees's rating: 1285 &rarr; <strong>1307</strong><br />(+22 for winning)
|l|☆LastGREATEST
|player|p1|
|l|☆VinceCartersKnees
|player|p2|
