|j|☆hyperchoice
|j|☆A Regular Plumbus
|t:|1760438897
|gametype|singles
|player|p1|hyperchoice|1|1510
|player|p2|A Regular Plumbus|baker|1635
|gen|9
|tier|[Gen 9] OU
|rated|
|rule|HP Percentage Mod: HP is shown in percentages
|rule|Endless Battle Clause: Forcing endless battles is banned
|rule|Species Clause: Limit one of each Pokémon
|rule|OHKO Clause: OHKO moves are banned
|rule|Evasion Items Clause: Evasion items are banned
|rule|Evasion Moves Clause: Evasion moves are banned
|rule|Evasion Abilities Clause: Evasion abilities are banned
|rule|Sleep Moves Clause: Sleep-inducing moves are banned
|clearpoke
|poke|p1|Tyranitar, F|
|poke|p1|Excadrill, F|
|poke|p1|Kingambit, M|
|poke|p1|Garchomp, M|
|poke|p1|Ceruledge, M|
|poke|p1|Rotom-Wash|
|poke|p2|Arcanine-Hisui, M|
|poke|p2|Quaquaval, F|
|poke|p2|Hydrapple, F|
|poke|p2|Iron Treads|
|poke|p2|Golem-Alola, M|
|poke|p2|Dragonite, F|
|teampreview
|inactive|Battle timer is ON: inactive players will automatically lose when time's up. (requested by A Regular Plumbus)
|
|t:|1760438905
|teamsize|p1|6
|teamsize|p2|6
|start
|switch|p1a: Garchomp|Garchomp, M|100/100
|switch|p2a: Hydrapple|Hydrapple, F|100/100
|turn|1
|
|t:|1760438917
|move|p1a: Garchomp|Scale Shot|p2a: Hydrapple
|-supereffective|p2a: Hydrapple
|-damage|p2a: Hydrapple|83/100
|-supereffective|p2a: Hydrapple
|-damage|p2a: Hydrapple|67/100
|-supereffective|p2a: Hydrapple
|-damage|p2a: Hydrapple|51/100
|-supereffective|p2a: Hydrapple
|-damage|p2a: Hydrapple|34/100
|-supereffective|p2a: Hydrapple
|-damage|p2a: Hydrapple|17/100
|-hitcount|p2a: Hydrapple|5
|-unboost|p1a: Garchomp|def|1
|-boost|p1a: Garchomp|spe|1
|move|p2a: Hydrapple|Fickle Beam|p1a: Garchomp
|-supereffective|p1a: Garchomp
|-damage|p1a: Garchomp|24/100
|
|upkeep
|turn|2
|
|t:|1760438930
|switch|p2a: Golem|Golem-Alola, M|100/100
|move|p1a: Garchomp|Scale Shot|p2a: Golem
|-damage|p2a: Golem|91/100
|-damage|p2a: Golem|82/100
|-damage|p2a: Golem|71/100
|-damage|p2a: Golem|61/100
|-hitcount|p2a: Golem|4
|-unboost|p1a: Garchomp|def|1
|-boost|p1a: Garchomp|spe|1
|
|upkeep
|turn|3
|
|t:|1760438937
|switch|p2a: Dragonite|Dragonite, F|100/100
|move|p1a: Garchomp|Scale Shot|p2a: Dragonite
|-supereffective|p2a: Dragonite
|-damage|p2a: Dragonite|86/100
|-supereffective|p2a: Dragonite
|-damage|p2a: Dragonite|55/100
|-supereffective|p2a: Dragonite
|-damage|p2a: Dragonite|25/100
|-supereffective|p2a: Dragonite
|-damage|p2a: Dragonite|0 fnt
|faint|p2a: Dragonite
|-hitcount|p2: Dragonite|4
|-unboost|p1a: Garchomp|def|1
|-boost|p1a: Garchomp|spe|1
|
|upkeep
|
|t:|1760438939
|switch|p2a: Arcanine|Arcanine-Hisui, M|100/100
|turn|4
|
|t:|1760438944
|switch|p1a: Tyranitar|Tyranitar, F|100/100
|-weather|Sandstorm|[from] ability: Sand Stream|[of] p1a: Tyranitar
|move|p2a: Arcanine|Extreme Speed|p1a: Tyranitar
|-resisted|p1a: Tyranitar
|-damage|p1a: Tyranitar|85/100
|
|-weather|Sandstorm|[upkeep]
|upkeep
|turn|5
|
|t:|1760438948
|switch|p2a: Quaquaval|Quaquaval, F|100/100
|move|p1a: Tyranitar|Knock Off|p2a: Quaquaval
|-resisted|p2a: Quaquaval
|-damage|p2a: Quaquaval|73/100
|-enditem|p2a: Quaquaval|Choice Band|[from] move: Knock Off|[of] p1a: Tyranitar
|
|-weather|Sandstorm|[upkeep]
|-damage|p2a: Quaquaval|66/100|[from] Sandstorm
|upkeep
|turn|6
|
|t:|1760438951
|switch|p1a: Rotom|Rotom-Wash|100/100
|move|p2a: Quaquaval|Aqua Step|p1a: Rotom
|-resisted|p1a: Rotom
|-damage|p1a: Rotom|85/100
|-boost|p2a: Quaquaval|spe|1
|
|-weather|Sandstorm|[upkeep]
|-damage|p2a: Quaquaval|60/100|[from] Sandstorm
|-damage|p1a: Rotom|78/100|[from] Sandstorm
|-heal|p1a: Rotom|85/100|[from] item: Leftovers
|upkeep
|turn|7
|
|t:|1760438954
|move|p2a: Quaquaval|Close Combat|p1a: Rotom
|-damage|p1a: Rotom|38/100
|-unboost|p2a: Quaquaval|def|1
|-unboost|p2a: Quaquaval|spd|1
|move|p1a: Rotom|Volt Switch|p2a: Quaquaval
|-supereffective|p2a: Quaquaval
|-damage|p2a: Quaquaval|0 fnt
|faint|p2a: Quaquaval
|
|t:|1760438969
|switch|p1a: Ceruledge|Ceruledge, M|100/100|[from] Volt Switch
|
|-weather|Sandstorm|[upkeep]
|-damage|p1a: Ceruledge|94/100|[from] Sandstorm
|upkeep
|
|t:|1760438977
|switch|p2a: Iron Treads|Iron Treads|100/100
|turn|8
|
|t:|1760438982
|move|p2a: Iron Treads|Earthquake|p1a: Ceruledge
|-supereffective|p1a: Ceruledge
|-damage|p1a: Ceruledge|0 fnt
|faint|p1a: Ceruledge
|
|-weather|Sandstorm|[upkeep]
|upkeep
|
|t:|1760438984
|switch|p1a: Excadrill|Excadrill, F|100/100
|-item|p1a: Excadrill|Air Balloon
|turn|9
|
|t:|1760438991
|move|p1a: Excadrill|Swords Dance|p1a: Excadrill
|-boost|p1a: Excadrill|atk|2
|move|p2a: Iron Treads|Megahorn|p1a: Excadrill
|-resisted|p1a: Excadrill
|-damage|p1a: Excadrill|73/100
|-enditem|p1a: Excadrill|Air Balloon
|
|-weather|Sandstorm|[upkeep]
|upkeep
|turn|10
|
|t:|1760438994
|move|p2a: Iron Treads|Protect|p2a: Iron Treads
|-singleturn|p2a: Iron Treads|Protect
|move|p1a: Excadrill|Earthquake|p2a: Iron Treads
|-activate|p2a: Iron Treads|move: Protect
|
|-weather|Sandstorm|[upkeep]
|upkeep
|turn|11
|
|t:|1760439000
|-end|p2a: Iron Treads|Quark Drive|[silent]
|switch|p2a: Golem|Golem-Alola, M|61/100
|move|p1a: Excadrill|Earthquake|p2a: Golem
|-supereffective|p2a: Golem
|-damage|p2a: Golem|0 fnt
|faint|p2a: Golem
|
|-weather|none
|upkeep
|
|t:|1760439006
|switch|p2a: Iron Treads|Iron Treads|100/100
|turn|12
|
|t:|1760439014
|switch|p1a: Tyranitar|Tyranitar, F|85/100
|-weather|Sandstorm|[from] ability: Sand Stream|[of] p1a: Tyranitar
|move|p2a: Iron Treads|Earthquake|p1a: Tyranitar
|-supereffective|p1a: Tyranitar
|-damage|p1a: Tyranitar|10/100
|
|-weather|Sandstorm|[upkeep]
|upkeep
|turn|13
|
|t:|1760439019
|move|p2a: Iron Treads|Earthquake|p1a: Tyranitar
|-supereffective|p1a: Tyranitar
|-damage|p1a: Tyranitar|0 fnt
|faint|p1a: Tyranitar
|
|-weather|Sandstorm|[upkeep]
|upkeep
|
|t:|1760439021
|switch|p1a: Excadrill|Excadrill, F|73/100
|turn|14
|
|t:|1760439026
|move|p2a: Iron Treads|Protect|p2a: Iron Treads
|-singleturn|p2a: Iron Treads|Protect
|move|p1a: Excadrill|Earthquake|p2a: Iron Treads
|-activate|p2a: Iron Treads|move: Protect
|
|-weather|Sandstorm|[upkeep]
|upkeep
|turn|15
|
|t:|1760439036
|-terastallize|p2a: Iron Treads|Flying
|move|p1a: Excadrill|Earthquake|p2a: Iron Treads
|-immune|p2a: Iron Treads
|move|p2a: Iron Treads|Earthquake|p1a: Excadrill
|-supereffective|p1a: Excadrill
|-damage|p1a: Excadrill|0 fnt
|faint|p1a: Excadrill
|
|-weather|Sandstorm|[upkeep]
|-damage|p2a: Iron Treads|94/100|[from] Sandstorm
|-heal|p2a: Iron Treads|100/100|[from] item: Leftovers
|upkeep
|
|t:|1760439040
|switch|p1a: Kingambit|Kingambit, M|100/100
|-activate|p1a: Kingambit|ability: Supreme Overlord
|-start|p1a: Kingambit|fallen3|[silent]
|turn|16
|
|t:|1760439049
|-terastallize|p1a: Kingambit|Dark
|move|p2a: Iron Treads|Earthquake|p1a: Kingambit
|-damage|p1a: Kingambit|63/100
|move|p1a: Kingambit|Kowtow Cleave|p2a: Iron Treads
|-damage|p2a: Iron Treads|0 fnt
|faint|p2a: Iron Treads
|-end|p2a: Iron Treads|Quark Drive|[silent]
|
|-weather|Sandstorm|[upkeep]
|-damage|p1a: Kingambit|57/100|[from] Sandstorm
|upkeep
|
|t:|1760439054
|switch|p2a: Arcanine|Arcanine-Hisui, M|100/100
|turn|17
|
|t:|1760439064
|-end|p1a: Kingambit|fallen3|[silent]
|switch|p1a: Garchomp|Garchomp, M|24/100
|move|p2a: Arcanine|Close Combat|p1a: Garchomp
|-damage|p1a: Garchomp|0 fnt
|-unboost|p2a: Arcanine|def|1
|-unboost|p2a: Arcanine|spd|1
|-damage|p2a: Arcanine|88/100|[from] ability: Rough Skin|[of] p1a: Garchomp
|faint|p1a: Garchomp
|
|-weather|Sandstorm|[upkeep]
|upkeep
|
|t:|1760439068
|switch|p1a: Kingambit|Kingambit, M, tera:Dark|57/100
|-activate|p1a: Kingambit|ability: Supreme Overlord
|-start|p1a: Kingambit|fallen4|[silent]
|turn|18
|
|t:|1760439073
|switch|p2a: Hydrapple|Hydrapple, F|50/100
|move|p1a: Kingambit|Sucker Punch||[still]
|-fail|p1a: Kingambit
|
|-weather|Sandstorm|[upkeep]
|-damage|p1a: Kingambit|51/100|[from] Sandstorm
|-damage|p2a: Hydrapple|44/100|[from] Sandstorm
|upkeep
|turn|19
|
|t:|1760439077
|move|p1a: Kingambit|Kowtow Cleave|p2a: Hydrapple
|-damage|p2a: Hydrapple|0 fnt
|faint|p2a: Hydrapple
|
|-weather|none
|upkeep
|
|t:|1760439080
|switch|p2a: Arcanine|Arcanine-Hisui, M|88/100
|turn|20
|
|t:|1760439086
|move|p2a: Arcanine|Extreme Speed|p1a: Kingambit
|-damage|p1a: Kingambit|19/100
|move|p1a: Kingambit|Sucker Punch||[still]
|-fail|p1a: Kingambit
|
|upkeep
|turn|21
|
|t:|1760439093
|move|p2a: Arcanine|Extreme Speed|p1a: Kingambit
|-damage|p1a: Kingambit|0 fnt
|faint|p1a: Kingambit
|-end|p1a: Kingambit|fallen4|[silent]
|
|upkeep
|
|t:|1760439095
|switch|p1a: Rotom|Rotom-Wash|38/100
|turn|22
|
|t:|1760439097
|move|p2a: Arcanine|Extreme Speed|p1a: Rotom
|-damage|p1a: Rotom|8/100
|move|p1a: Rotom|Pain Split|p2a: Arcanine
|-sethp|p2a: Arcanine|48/100|[from] move: Pain Split|[silent]
|-sethp|p1a: Rotom|52/100|[from] move: Pain Split
|
|-heal|p1a: Rotom|58/100|[from] item: Leftovers
|upkeep
|turn|23
|
|t:|1760439100
|move|p2a: Arcanine|Extreme Speed|p1a: Rotom
|-damage|p1a: Rotom|25/100
|move|p1a: Rotom|Hydro Pump|p2a: Arcanine
|-supereffective|p2a: Arcanine
|-damage|p2a: Arcanine|0 fnt
|faint|p2a: Arcanine
|
|win|hyperchoice
|raw|hyperchoice's rating: 1510 &rarr; <strong>1537</strong><br />(+27 for winning)
|raw|A Regular Plumbus's rating: 1635 &rarr; <strong>1608</strong><br />(-27 for losing)
|l|☆hyperchoice
|player|p1|
