|j|☆Igor Bigorno
|j|☆Genlight
|t:|1760443491
|gametype|singles
|player|p1|Igor Bigorno|102|1385
|player|p2|Genlight|170|1453
|gen|9
|tier|[Gen 9] OU
|rated|
|rule|HP Percentage Mod: HP is shown in percentages
|rule|Endless Battle Clause: Forcing endless battles is banned
|rule|Species Clause: Limit one of each Pokémon
|rule|OHKO Clause: OHKO moves are banned
|rule|Evasion Items Clause: Evasion items are banned
|rule|Evasion Moves Clause: Evasion moves are banned
|rule|Evasion Abilities Clause: Evasion abilities are banned
|rule|Sleep Moves Clause: Sleep-inducing moves are banned
|clearpoke
|poke|p1|Eelektross, M|
|poke|p1|Deoxys-Speed|
|poke|p1|Iron Valiant|
|poke|p1|Pecharunt|
|poke|p1|Dragonite, M|
|poke|p1|Kingambit, M|
|poke|p2|Tyranitar, M|
|poke|p2|Excadrill, M|
|poke|p2|Keldeo-Resolute|
|poke|p2|Tornadus-Therian, M|
|poke|p2|Heatran, M|
|poke|p2|Hydrapple, F|
|teampreview
|inactive|Battle timer is ON: inactive players will automatically lose when time's up. (requested by Genlight)
|
|t:|1760443522
|teamsize|p1|6
|teamsize|p2|6
|start
|switch|p1a: Deoxys|Deoxys-Speed|100/100
|switch|p2a: Heatran|Heatran, M|100/100
|-ability|p1a: Deoxys|Pressure
|turn|1
|inactive|Igor Bigorno has 120 seconds left.
|
|t:|1760443557
|move|p1a: Deoxys|Taunt|p2a: Heatran
|-start|p2a: Heatran|move: Taunt
|move|p2a: Heatran|Magma Storm|p1a: Deoxys|[miss]
|-miss|p2a: Heatran|p1a: Deoxys
|
|upkeep
|turn|2
|inactive|Igor Bigorno has 120 seconds left.
|
|t:|1760443575
|switch|p1a: Dragonite|Dragonite, M|100/100
|move|p2a: Heatran|Magma Storm|p1a: Dragonite
|-resisted|p1a: Dragonite
|-damage|p1a: Dragonite|88/100
|-activate|p1a: Dragonite|move: Magma Storm|[of] p2a: Heatran
|
|-damage|p1a: Dragonite|76/100|[from] move: Magma Storm|[partiallytrapped]
|upkeep
|turn|3
|inactive|Igor Bigorno has 120 seconds left.
|
|t:|1760443584
|switch|p2a: Hydrapple|Hydrapple, F|100/100
|move|p1a: Dragonite|Dragon Dance|p1a: Dragonite
|-boost|p1a: Dragonite|atk|1
|-boost|p1a: Dragonite|spe|1
|
|-end|p1a: Dragonite|Magma Storm|[partiallytrapped]|[silent]
|upkeep
|turn|4
|
|t:|1760443593
|-terastallize|p1a: Dragonite|Flying
|-terastallize|p2a: Hydrapple|Fairy
|move|p1a: Dragonite|Tera Blast|p2a: Hydrapple|[anim] Tera Blast Flying
|-damage|p2a: Hydrapple|48/100
|move|p2a: Hydrapple|Fickle Beam|p1a: Dragonite|[anim] Fickle Beam All Out
|-activate|p2a: Hydrapple|move: Fickle Beam
|-damage|p1a: Dragonite|2/100
|
|upkeep
|turn|5
|
|t:|1760443603
|switch|p2a: Tyranitar|Tyranitar, M|100/100
|-weather|Sandstorm|[from] ability: Sand Stream|[of] p2a: Tyranitar
|move|p1a: Dragonite|Tera Blast|p2a: Tyranitar|[anim] Tera Blast Flying
|-resisted|p2a: Tyranitar
|-damage|p2a: Tyranitar|54/100
|
|-weather|Sandstorm|[upkeep]
|-damage|p1a: Dragonite|0 fnt|[from] Sandstorm
|faint|p1a: Dragonite
|upkeep
|inactive|Igor Bigorno has 120 seconds left.
|
|t:|1760443613
|switch|p1a: Iron Valiant|Iron Valiant|100/100
|-enditem|p1a: Iron Valiant|Booster Energy
|-activate|p1a: Iron Valiant|ability: Quark Drive|[fromitem]
|-start|p1a: Iron Valiant|quarkdrivespe
|turn|6
|
|t:|1760443624
|switch|p2a: Tornadus|Tornadus-Therian, M|100/100
|move|p1a: Iron Valiant|Moonblast|p2a: Tornadus
|-damage|p2a: Tornadus|51/100
|
|-weather|Sandstorm|[upkeep]
|-damage|p1a: Iron Valiant|94/100|[from] Sandstorm
|-damage|p2a: Tornadus|45/100|[from] Sandstorm
|upkeep
|turn|7
|inactive|Igor Bigorno has 120 seconds left.
|
|t:|1760443666
|move|p1a: Iron Valiant|Moonblast|p2a: Tornadus
|-crit|p2a: Tornadus
|-damage|p2a: Tornadus|0 fnt
|faint|p2a: Tornadus
|
|-weather|Sandstorm|[upkeep]
|-damage|p1a: Iron Valiant|88/100|[from] Sandstorm
|upkeep
|
|t:|1760443671
|switch|p2a: Excadrill|Excadrill, M|100/100
|-item|p2a: Excadrill|Air Balloon
|turn|8
|
|t:|1760443677
|move|p2a: Excadrill|Iron Head|p1a: Iron Valiant
|-supereffective|p1a: Iron Valiant
|-damage|p1a: Iron Valiant|0 fnt
|faint|p1a: Iron Valiant
|-end|p1a: Iron Valiant|Quark Drive|[silent]
|
|-weather|Sandstorm|[upkeep]
|upkeep
|
|t:|1760443683
|switch|p1a: Eelektross|Eelektross, M|100/100
|turn|9
|
|t:|1760443691
|move|p2a: Excadrill|Swords Dance|p2a: Excadrill
|-boost|p2a: Excadrill|atk|2
|move|p1a: Eelektross|Coil|p1a: Eelektross
|-boost|p1a: Eelektross|atk|1
|-boost|p1a: Eelektross|def|1
|-boost|p1a: Eelektross|accuracy|1
|
|-weather|none
|upkeep
|turn|10
|inactive|Igor Bigorno has 120 seconds left.
|
|t:|1760443699
|move|p2a: Excadrill|Iron Head|p1a: Eelektross
|-resisted|p1a: Eelektross
|-damage|p1a: Eelektross|68/100
|move|p1a: Eelektross|Dragon Tail|p2a: Excadrill
|-resisted|p2a: Excadrill
|-damage|p2a: Excadrill|85/100
|-enditem|p2a: Excadrill|Air Balloon
|drag|p2a: Heatran|Heatran, M|100/100
|
|-heal|p1a: Eelektross|74/100|[from] item: Leftovers
|upkeep
|turn|11
|inactive|Igor Bigorno has 120 seconds left.
|
|t:|1760443718
|move|p2a: Heatran|Magma Storm|p1a: Eelektross
|-damage|p1a: Eelektross|40/100
|-activate|p1a: Eelektross|move: Magma Storm|[of] p2a: Heatran
|move|p1a: Eelektross|Drain Punch|p2a: Heatran
|-supereffective|p2a: Heatran
|-damage|p2a: Heatran|55/100
|-heal|p1a: Eelektross|64/100|[from] drain|[of] p2a: Heatran
|
|-heal|p2a: Heatran|61/100|[from] item: Leftovers
|-heal|p1a: Eelektross|70/100|[from] item: Leftovers
|-damage|p1a: Eelektross|57/100|[from] move: Magma Storm|[partiallytrapped]
|upkeep
|turn|12
|inactive|Igor Bigorno has 120 seconds left.
|
|t:|1760443730
|switch|p2a: Hydrapple|Hydrapple, F, tera:Fairy|81/100
|move|p1a: Eelektross|Dragon Tail|p2a: Hydrapple
|-immune|p2a: Hydrapple
|
|-heal|p1a: Eelektross|64/100|[from] item: Leftovers
|-end|p1a: Eelektross|Magma Storm|[partiallytrapped]|[silent]
|upkeep
|turn|13
|
|t:|1760443743
|move|p1a: Eelektross|Supercell Slam|p2a: Hydrapple
|-damage|p2a: Hydrapple|49/100
|-damage|p1a: Eelektross|47/100|[from] item: Rocky Helmet|[of] p2a: Hydrapple
|move|p2a: Hydrapple|Nasty Plot|p2a: Hydrapple
|-boost|p2a: Hydrapple|spa|2
|
|-heal|p1a: Eelektross|53/100|[from] item: Leftovers
|upkeep
|turn|14
|
|t:|1760443753
|switch|p1a: Kingambit|Kingambit, M|100/100
|-activate|p1a: Kingambit|ability: Supreme Overlord
|-start|p1a: Kingambit|fallen2|[silent]
|move|p2a: Hydrapple|Giga Drain|p1a: Kingambit
|-resisted|p1a: Kingambit
|-damage|p1a: Kingambit|69/100
|-heal|p2a: Hydrapple|63/100|[from] drain|[of] p1a: Kingambit
|
|upkeep
|turn|15
|
|t:|1760443763
|move|p1a: Kingambit|Iron Head|p2a: Hydrapple
|-supereffective|p2a: Hydrapple
|-damage|p2a: Hydrapple|5/100
|-damage|p1a: Kingambit|53/100|[from] item: Rocky Helmet|[of] p2a: Hydrapple
|move|p2a: Hydrapple|Earth Power|p1a: Kingambit
|-supereffective|p1a: Kingambit
|-damage|p1a: Kingambit|0 fnt
|faint|p1a: Kingambit
|-end|p1a: Kingambit|fallen2|[silent]
|
|upkeep
|
|t:|1760443774
|switch|p1a: Pecharunt|Pecharunt|100/100
|turn|16
|
|t:|1760443777
|switch|p2a: Tyranitar|Tyranitar, M|54/100
|-weather|Sandstorm|[from] ability: Sand Stream|[of] p2a: Tyranitar
|move|p1a: Pecharunt|Shadow Ball|p2a: Tyranitar
|-resisted|p2a: Tyranitar
|-damage|p2a: Tyranitar|45/100
|
|-weather|Sandstorm|[upkeep]
|-damage|p1a: Pecharunt|94/100|[from] Sandstorm
|upkeep
|turn|17
|
|t:|1760443788
|move|p1a: Pecharunt|Malignant Chain|p2a: Tyranitar
|-resisted|p2a: Tyranitar
|-damage|p2a: Tyranitar|34/100
|-status|p2a: Tyranitar|tox
|-start|p2a: Tyranitar|confusion|[from] ability: Poison Puppeteer|[of] p1a: Pecharunt
|-activate|p2a: Tyranitar|confusion
|-damage|p2a: Tyranitar|20/100 tox|[from] confusion
|
|-weather|Sandstorm|[upkeep]
|-damage|p1a: Pecharunt|88/100|[from] Sandstorm
|-damage|p2a: Tyranitar|14/100 tox|[from] psn
|upkeep
|turn|18
|
|t:|1760443803
|switch|p1a: Eelektross|Eelektross, M|53/100
|-activate|p2a: Tyranitar|confusion
|move|p2a: Tyranitar|Knock Off|p1a: Eelektross
|-damage|p1a: Eelektross|0 fnt
|-enditem|p1a: Eelektross|Leftovers|[from] move: Knock Off|[of] p2a: Tyranitar
|faint|p1a: Eelektross
|
|-weather|Sandstorm|[upkeep]
|-damage|p2a: Tyranitar|1/100 tox|[from] psn
|upkeep
|
|t:|1760443814
|switch|p1a: Deoxys|Deoxys-Speed|100/100
|-ability|p1a: Deoxys|Pressure
|turn|19
|
|t:|1760443821
|switch|p2a: Hydrapple|Hydrapple, F, tera:Fairy|38/100
|move|p1a: Deoxys|Light Screen|p1a: Deoxys
|-sidestart|p1: Igor Bigorno|move: Light Screen
|
|-weather|Sandstorm|[upkeep]
|-damage|p1a: Deoxys|95/100|[from] Sandstorm
|-damage|p2a: Hydrapple|32/100|[from] Sandstorm
|upkeep
|turn|20
|
|t:|1760443831
|move|p1a: Deoxys|Taunt|p2a: Hydrapple
|-start|p2a: Hydrapple|move: Taunt
|move|p2a: Hydrapple|Fickle Beam|p1a: Deoxys
|-damage|p1a: Deoxys|76/100
|
|-weather|none
|upkeep
|turn|21
|
|t:|1760443839
|switch|p2a: Tyranitar|Tyranitar, M|1/100 tox
|-weather|Sandstorm|[from] ability: Sand Stream|[of] p2a: Tyranitar
|move|p1a: Deoxys|Stealth Rock|p2a: Tyranitar
|-sidestart|p2: Genlight|move: Stealth Rock
|
|-weather|Sandstorm|[upkeep]
|-damage|p1a: Deoxys|70/100|[from] Sandstorm
|-damage|p2a: Tyranitar|0 fnt|[from] psn
|faint|p2a: Tyranitar
|upkeep
|
|t:|1760443846
|switch|p2a: Excadrill|Excadrill, M|85/100
|-damage|p2a: Excadrill|82/100|[from] Stealth Rock
|turn|22
|
|t:|1760443853
|switch|p1a: Pecharunt|Pecharunt|88/100
|move|p2a: Excadrill|Earthquake|p1a: Pecharunt
|-supereffective|p1a: Pecharunt
|-damage|p1a: Pecharunt|14/100
|
|-weather|Sandstorm|[upkeep]
|-damage|p1a: Pecharunt|8/100|[from] Sandstorm
|upkeep
|turn|23
|-message|Igor Bigorno forfeited.
|
|win|Genlight
|raw|Igor Bigorno's rating: 1385 &rarr; <strong>1369</strong><br />(-16 for losing)
|raw|Genlight's rating: 1453 &rarr; <strong>1469</strong><br />(+16 for winning)
|l|☆Igor Bigorno
|player|p1|
|c|☆Genlight|gg
|l|☆Genlight
|player|p2|
