|j|☆Luigi008
|j|☆hi im squid
|t:|1760452461
|gametype|singles
|player|p1|Luigi008|1|1131
|player|p2|hi im squid|unknown|1178
|gen|9
|tier|[Gen 9] OU
|rated|
|rule|HP Percentage Mod: HP is shown in percentages
|rule|Endless Battle Clause: Forcing endless battles is banned
|rule|Species Clause: Limit one of each Pokémon
|rule|OHKO Clause: OHKO moves are banned
|rule|Evasion Items Clause: Evasion items are banned
|rule|Evasion Moves Clause: Evasion moves are banned
|rule|Evasion Abilities Clause: Evasion abilities are banned
|rule|Sleep Moves Clause: Sleep-inducing moves are banned
|clearpoke
|poke|p1|Darkrai|
|poke|p1|Dragapult, M|
|poke|p1|Gliscor, M|
|poke|p1|Heatran, F|
|poke|p1|Primarina, F|
|poke|p1|Great Tusk|
|poke|p2|Metagross|
|poke|p2|Forretress, F|
|poke|p2|Slither Wing|
|poke|p2|Basculegion-F, F|
|poke|p2|Glimmora, M|
|poke|p2|Magneton|
|teampreview
|inactive|Battle timer is ON: inactive players will automatically lose when time's up. (requested by hi im squid)
|inactive|Luigi008 has 120 seconds left.
|inactive|Luigi008 has 90 seconds left.
|c|☆hi im squid|:p
|
|t:|1760452548
|teamsize|p1|6
|teamsize|p2|6
|start
|switch|p1a: Heatran|Heatran, F|100/100
|switch|p2a: Slither Wing|Slither Wing|100/100
|-item|p1a: Heatran|Air Balloon
|-enditem|p2a: Slither Wing|Booster Energy
|-activate|p2a: Slither Wing|ability: Protosynthesis|[fromitem]
|-start|p2a: Slither Wing|protosynthesisatk
|turn|1
|
|t:|1760452558
|switch|p1a: Gliscor|Gliscor, M|100/100
|move|p2a: Slither Wing|Trailblaze|p1a: Gliscor
|-damage|p1a: Gliscor|81/100
|-boost|p2a: Slither Wing|spe|1
|
|-status|p1a: Gliscor|tox|[from] item: Toxic Orb
|upkeep
|turn|2
|
|t:|1760452568
|move|p2a: Slither Wing|Acrobatics|p1a: Gliscor
|-damage|p1a: Gliscor|44/100 tox
|move|p1a: Gliscor|Facade|p2a: Slither Wing
|-damage|p2a: Slither Wing|63/100
|
|-heal|p1a: Gliscor|56/100 tox|[from] ability: Poison Heal
|upkeep
|turn|3
|
|t:|1760452580
|move|p1a: Gliscor|Protect|p1a: Gliscor
|-singleturn|p1a: Gliscor|Protect
|move|p2a: Slither Wing|Acrobatics|p1a: Gliscor
|-activate|p1a: Gliscor|move: Protect
|
|-heal|p1a: Gliscor|69/100 tox|[from] ability: Poison Heal
|upkeep
|turn|4
|
|t:|1760452589
|-end|p2a: Slither Wing|Protosynthesis|[silent]
|switch|p2a: Basculegion|Basculegion-F, F, shiny|100/100
|move|p1a: Gliscor|Facade|p2a: Basculegion
|-immune|p2a: Basculegion
|
|-heal|p1a: Gliscor|81/100 tox|[from] ability: Poison Heal
|upkeep
|turn|5
|
|t:|1760452600
|switch|p1a: Primarina|Primarina, F, shiny|100/100
|move|p2a: Basculegion|Surf|p1a: Primarina
|-resisted|p1a: Primarina
|-damage|p1a: Primarina|86/100
|
|upkeep
|turn|6
|
|t:|1760452616
|move|p1a: Primarina|Surf|p2a: Basculegion
|-resisted|p2a: Basculegion
|-damage|p2a: Basculegion|88/100
|move|p2a: Basculegion|Shadow Ball|p1a: Primarina
|-damage|p1a: Primarina|62/100
|
|upkeep
|turn|7
|
|t:|1760452627
|move|p1a: Primarina|Moonblast|p2a: Basculegion
|-damage|p2a: Basculegion|63/100
|move|p2a: Basculegion|Shadow Ball|p1a: Primarina
|-damage|p1a: Primarina|38/100
|
|upkeep
|turn|8
|
|t:|1760452638
|move|p1a: Primarina|Moonblast|p2a: Basculegion
|-damage|p2a: Basculegion|40/100
|-unboost|p2a: Basculegion|spa|1
|move|p2a: Basculegion|Shadow Ball|p1a: Primarina
|-damage|p1a: Primarina|23/100
|
|upkeep
|turn|9
|
|t:|1760452650
|switch|p2a: Glimmora|Glimmora, M, shiny|100/100
|-terastallize|p1a: Primarina|Psychic
|move|p1a: Primarina|Psychic Noise|p2a: Glimmora
|-supereffective|p2a: Glimmora
|-damage|p2a: Glimmora|0 fnt
|faint|p2a: Glimmora
|
|upkeep
|
|t:|1760452655
|switch|p2a: Slither Wing|Slither Wing|63/100
|turn|10
|
|t:|1760452664
|move|p2a: Slither Wing|Acrobatics|p1a: Primarina
|-damage|p1a: Primarina|0 fnt
|faint|p1a: Primarina
|
|upkeep
|
|t:|1760452673
|switch|p1a: Dragapult|Dragapult, M|100/100
|turn|11
|
|t:|1760452678
|move|p1a: Dragapult|Dragon Darts|p2a: Slither Wing
|-damage|p2a: Slither Wing|34/100
|-anim|p1a: Dragapult|Dragon Darts|p2a: Slither Wing
|-damage|p2a: Slither Wing|6/100
|move|p2a: Slither Wing|Acrobatics|p1a: Dragapult
|-damage|p1a: Dragapult|42/100
|
|upkeep
|turn|12
|
|t:|1760452686
|move|p1a: Dragapult|Dragon Darts|p2a: Slither Wing
|-damage|p2a: Slither Wing|0 fnt
|faint|p2a: Slither Wing
|-end|p2a: Slither Wing|Protosynthesis|[silent]
|
|upkeep
|
|t:|1760452689
|switch|p2a: Magneton|Magneton|100/100
|turn|13
|
|t:|1760452695
|move|p1a: Dragapult|U-turn|p2a: Magneton
|-resisted|p2a: Magneton
|-damage|p2a: Magneton|94/100
|
|t:|1760452698
|switch|p1a: Heatran|Heatran, F|100/100|[from] U-turn
|-item|p1a: Heatran|Air Balloon
|move|p2a: Magneton|Flash Cannon|p1a: Heatran
|-resisted|p1a: Heatran
|-damage|p1a: Heatran|89/100
|-enditem|p1a: Heatran|Air Balloon
|
|upkeep
|turn|14
|
|t:|1760452712
|move|p1a: Heatran|Stealth Rock|p2a: Magneton
|-sidestart|p2: hi im squid|move: Stealth Rock
|move|p2a: Magneton|Discharge|p1a: Heatran
|-damage|p1a: Heatran|46/100
|
|upkeep
|turn|15
|
|t:|1760452717
|move|p1a: Heatran|Magma Storm|p2a: Magneton
|-supereffective|p2a: Magneton
|-damage|p2a: Magneton|0 fnt
|faint|p2a: Magneton
|
|upkeep
|
|t:|1760452721
|switch|p2a: Basculegion|Basculegion-F, F, shiny|40/100
|-damage|p2a: Basculegion|27/100|[from] Stealth Rock
|turn|16
|
|t:|1760452726
|move|p1a: Heatran|Earth Power|p2a: Basculegion
|-damage|p2a: Basculegion|13/100
|move|p2a: Basculegion|Surf|p1a: Heatran
|-supereffective|p1a: Heatran
|-damage|p1a: Heatran|0 fnt
|faint|p1a: Heatran
|
|upkeep
|
|t:|1760452734
|switch|p1a: Darkrai|Darkrai|100/100
|turn|17
|
|t:|1760452739
|move|p1a: Darkrai|Dark Pulse|p2a: Basculegion
|-supereffective|p2a: Basculegion
|-damage|p2a: Basculegion|0 fnt
|faint|p2a: Basculegion
|
|upkeep
|
|t:|1760452745
|switch|p2a: Metagross|Metagross|100/100
|-damage|p2a: Metagross|95/100|[from] Stealth Rock
|turn|18
|
|t:|1760452775
|move|p1a: Darkrai|Dark Pulse|p2a: Metagross
|-supereffective|p2a: Metagross
|-damage|p2a: Metagross|0 fnt
|faint|p2a: Metagross
|
|upkeep
|
|t:|1760452777
|switch|p2a: Forretress|Forretress, F|100/100
|-damage|p2a: Forretress|88/100|[from] Stealth Rock
|turn|19
|-message|hi im squid forfeited.
|
|win|Luigi008
|raw|Luigi008's rating: 1131 &rarr; <strong>1159</strong><br />(+28 for winning)
|raw|hi im squid's rating: 1178 &rarr; <strong>1150</strong><br />(-28 for losing)
|l|☆hi im squid
|player|p2|
|c|☆Luigi008|gg
|l|☆Luigi008
|player|p1|
