|j|☆Doosuhh
|j|☆ChriszGOAT
|t:|1760394608
|gametype|singles
|player|p1|Doosuhh|psychic-gen4|1179
|player|p2|ChriszGOAT|crasherwake|1178
|gen|9
|tier|[Gen 9] OU
|rated|
|rule|HP Percentage Mod: HP is shown in percentages
|rule|Endless Battle Clause: Forcing endless battles is banned
|rule|Species Clause: Limit one of each Pokémon
|rule|OHKO Clause: OHKO moves are banned
|rule|Evasion Items Clause: Evasion items are banned
|rule|Evasion Moves Clause: Evasion moves are banned
|rule|Evasion Abilities Clause: Evasion abilities are banned
|rule|Sleep Moves Clause: Sleep-inducing moves are banned
|clearpoke
|poke|p1|Ninetales, F|
|poke|p1|Cresselia, F|
|poke|p1|Walking Wake|
|poke|p1|Great Tusk|
|poke|p1|Zarude|
|poke|p1|Tornadus-Therian, M|
|poke|p2|Infernape, M|
|poke|p2|Zarude-Dada|
|poke|p2|Rillaboom, M|
|poke|p2|Passimian, M|
|poke|p2|Primeape, M|
|poke|p2|Munkidori, M|
|teampreview
|
|t:|1760394624
|teamsize|p1|6
|teamsize|p2|6
|start
|switch|p1a: Ninetales|Ninetales, F|100/100
|switch|p2a: The ball toucher|Passimian, M|100/100
|-weather|SunnyDay|[from] ability: Drought|[of] p1a: Ninetales
|turn|1
|
|t:|1760394632
|move|p2a: The ball toucher|Earthquake|p1a: Ninetales
|-supereffective|p1a: Ninetales
|-damage|p1a: Ninetales|15/100
|move|p1a: Ninetales|Will-O-Wisp|p2a: The ball toucher
|-status|p2a: The ball toucher|brn
|
|-weather|SunnyDay|[upkeep]
|-damage|p2a: The ball toucher|94/100 brn|[from] brn
|upkeep
|turn|2
|
|t:|1760394647
|switch|p2a: Munkisnorey|Munkidori, M|100/100
|switch|p1a: Tornadus|Tornadus-Therian, M|100/100
|
|-weather|SunnyDay|[upkeep]
|upkeep
|turn|3
|
|t:|1760394662
|move|p1a: Tornadus|Knock Off|p2a: Munkisnorey
|-supereffective|p2a: Munkisnorey
|-damage|p2a: Munkisnorey|44/100
|-enditem|p2a: Munkisnorey|Choice Specs|[from] move: Knock Off|[of] p1a: Tornadus
|move|p2a: Munkisnorey|Sludge Bomb|p1a: Tornadus
|-damage|p1a: Tornadus|67/100
|-status|p1a: Tornadus|tox|[from] ability: Toxic Chain|[of] p2a: Munkisnorey
|
|-weather|SunnyDay|[upkeep]
|-damage|p1a: Tornadus|61/100 tox|[from] psn
|upkeep
|turn|4
|l|☆ChriszGOAT
|player|p2|
|inactive|Battle timer is ON: inactive players will automatically lose when time's up. (requested by Doosuhh)
|j|☆ChriszGOAT
|inactive|ChriszGOAT reconnected and has 150 seconds left.
|player|p2|ChriszGOAT|crasherwake|
|
|t:|1760394697
|move|p1a: Tornadus|Bleakwind Storm|p2a: Munkisnorey
|-damage|p2a: Munkisnorey|0 fnt
|faint|p2a: Munkisnorey
|
|-weather|SunnyDay|[upkeep]
|-damage|p1a: Tornadus|49/100 tox|[from] psn
|upkeep
|
|t:|1760394713
|switch|p2a: Zaddyrude|Zarude-Dada|100/100
|turn|5
|
|t:|1760394721
|move|p1a: Tornadus|U-turn|p2a: Zaddyrude
|-supereffective|p2a: Zaddyrude
|-damage|p2a: Zaddyrude|51/100
|
|t:|1760394726
|switch|p1a: Cresselia|Cresselia, F|100/100|[from] U-turn
|move|p2a: Zaddyrude|Rock Slide|p1a: Cresselia
|-damage|p1a: Cresselia|87/100
|-enditem|p1a: Cresselia|Eject Button
|
|t:|1760394733
|switch|p1a: Walking Wake|Walking Wake|100/100
|-activate|p1a: Walking Wake|ability: Protosynthesis
|-start|p1a: Walking Wake|protosynthesisspe
|
|-weather|SunnyDay|[upkeep]
|upkeep
|turn|6
|
|t:|1760394748
|switch|p2a: The ball toucher|Passimian, M|94/100 brn
|move|p1a: Walking Wake|Dragon Pulse|p2a: The ball toucher
|-damage|p2a: The ball toucher|5/100 brn
|
|-weather|SunnyDay|[upkeep]
|-damage|p2a: The ball toucher|0 fnt|[from] brn
|faint|p2a: The ball toucher
|upkeep
|
|t:|1760394757
|switch|p2a: 5 BIG BOOMS|Rillaboom, M|100/100
|-fieldstart|move: Grassy Terrain|[from] ability: Grassy Surge|[of] p2a: 5 BIG BOOMS
|turn|7
|
|t:|1760394762
|-terastallize|p2a: 5 BIG BOOMS|Grass
|move|p1a: Walking Wake|Dragon Pulse|p2a: 5 BIG BOOMS
|-damage|p2a: 5 BIG BOOMS|34/100
|move|p2a: 5 BIG BOOMS|Wood Hammer|p1a: Walking Wake
|-damage|p1a: Walking Wake|0 fnt
|faint|p1a: Walking Wake
|-end|p1a: Walking Wake|Protosynthesis|[silent]
|-damage|p2a: 5 BIG BOOMS|0 fnt|[from] Recoil
|faint|p2a: 5 BIG BOOMS
|
|-weather|SunnyDay|[upkeep]
|upkeep
|
|t:|1760394781
|switch|p1a: Zarude|Zarude|100/100
|switch|p2a: Zaddyrude|Zarude-Dada|51/100
|turn|8
|
|t:|1760394805
|move|p1a: Zarude|Solar Blade||[still]
|-prepare|p1a: Zarude|Solar Blade
|-anim|p1a: Zarude|Solar Blade|p2a: Zaddyrude
|-resisted|p2a: Zaddyrude
|-damage|p2a: Zaddyrude|10/100
|-damage|p1a: Zarude|91/100|[from] item: Life Orb
|move|p2a: Zaddyrude|Drain Punch|p1a: Zarude
|-supereffective|p1a: Zarude
|-damage|p1a: Zarude|40/100
|-heal|p2a: Zaddyrude|32/100|[from] drain|[of] p1a: Zarude
|
|-weather|none
|-heal|p1a: Zarude|46/100|[from] Grassy Terrain
|-heal|p2a: Zaddyrude|38/100|[from] Grassy Terrain
|upkeep
|turn|9
|
|t:|1760394820
|move|p1a: Zarude|Knock Off|p2a: Zaddyrude
|-resisted|p2a: Zaddyrude
|-damage|p2a: Zaddyrude|15/100
|-enditem|p2a: Zaddyrude|Assault Vest|[from] move: Knock Off|[of] p1a: Zarude
|-damage|p1a: Zarude|36/100|[from] item: Life Orb
|move|p2a: Zaddyrude|Drain Punch|p1a: Zarude
|-supereffective|p1a: Zarude
|-damage|p1a: Zarude|0 fnt
|-heal|p2a: Zaddyrude|30/100|[from] drain|[of] p1a: Zarude
|faint|p1a: Zarude
|
|-heal|p2a: Zaddyrude|36/100|[from] Grassy Terrain
|upkeep
|inactive|Doosuhh has 120 seconds left.
|
|t:|1760394835
|switch|p1a: Tornadus|Tornadus-Therian, M|82/100 tox
|turn|10
|
|t:|1760394838
|switch|p2a: Infernuts|Infernape, M|100/100
|move|p1a: Tornadus|Bleakwind Storm|p2a: Infernuts|[miss]
|-miss|p1a: Tornadus|p2a: Infernuts
|
|-damage|p1a: Tornadus|76/100 tox|[from] psn
|upkeep
|turn|11
|
|t:|1760394850
|switch|p2a: Zaddyrude|Zarude-Dada|36/100
|move|p1a: Tornadus|Bleakwind Storm|p2a: Zaddyrude
|-supereffective|p2a: Zaddyrude
|-damage|p2a: Zaddyrude|0 fnt
|faint|p2a: Zaddyrude
|
|-damage|p1a: Tornadus|64/100 tox|[from] psn
|-fieldend|move: Grassy Terrain
|upkeep
|
|t:|1760394861
|switch|p2a: Temu Annihilape|Primeape, M|100/100
|turn|12
|
|t:|1760394867
|switch|p1a: Cresselia|Cresselia, F|87/100
|move|p2a: Temu Annihilape|Ice Punch|p1a: Cresselia
|-crit|p1a: Cresselia
|-damage|p1a: Cresselia|67/100
|
|upkeep
|turn|13
|
|t:|1760394879
|move|p2a: Temu Annihilape|Bulk Up|p2a: Temu Annihilape
|-boost|p2a: Temu Annihilape|atk|1
|-boost|p2a: Temu Annihilape|def|1
|move|p1a: Cresselia|Future Sight|p2a: Temu Annihilape
|-start|p1a: Cresselia|move: Future Sight
|
|upkeep
|turn|14
|
|t:|1760394895
|move|p2a: Temu Annihilape|Rage Fist|p1a: Cresselia
|-supereffective|p1a: Cresselia
|-damage|p1a: Cresselia|44/100
|move|p1a: Cresselia|Lunar Dance|p1a: Cresselia
|faint|p1a: Cresselia
|
|upkeep
|
|t:|1760394904
|switch|p1a: Tornadus|Tornadus-Therian, M|97/100 tox
|-heal|p1a: Tornadus|100/100|[from] move: Lunar Dance
|turn|15
|
|t:|1760394912
|move|p1a: Tornadus|Bleakwind Storm|p2a: Temu Annihilape
|-supereffective|p2a: Temu Annihilape
|-damage|p2a: Temu Annihilape|37/100
|-unboost|p2a: Temu Annihilape|spe|1
|-ability|p2a: Temu Annihilape|Defiant|boost
|-boost|p2a: Temu Annihilape|atk|2
|move|p2a: Temu Annihilape|Ice Punch|p1a: Tornadus
|-supereffective|p1a: Tornadus
|-damage|p1a: Tornadus|0 fnt
|faint|p1a: Tornadus
|
|-end|p2a: Temu Annihilape|move: Future Sight
|-supereffective|p2a: Temu Annihilape
|-damage|p2a: Temu Annihilape|0 fnt
|faint|p2a: Temu Annihilape
|upkeep
|-message|Doosuhh forfeited.
|
|win|ChriszGOAT
|raw|Doosuhh's rating: 1179 &rarr; <strong>1154</strong><br />(-25 for losing)
|raw|ChriszGOAT's rating: 1178 &rarr; <strong>1203</strong><br />(+25 for winning)
|l|☆Doosuhh
|player|p1|
|c|☆ChriszGOAT|?
|l|☆ChriszGOAT
|player|p2|
