|j|☆triforceofchozo
|j|☆1Loss15Pushups
|t:|1760435261
|gametype|singles
|player|p1|triforceofchozo|lady-gen4|1177
|player|p2|1Loss15Pushups|102|1107
|gen|9
|tier|[Gen 9] OU
|rated|
|rule|HP Percentage Mod: HP is shown in percentages
|rule|Endless Battle Clause: Forcing endless battles is banned
|rule|Species Clause: Limit one of each Pokémon
|rule|OHKO Clause: OHKO moves are banned
|rule|Evasion Items Clause: Evasion items are banned
|rule|Evasion Moves Clause: Evasion moves are banned
|rule|Evasion Abilities Clause: Evasion abilities are banned
|rule|Sleep Moves Clause: Sleep-inducing moves are banned
|clearpoke
|poke|p1|Hatterene, F|
|poke|p1|Skeledirge, F|
|poke|p1|Primarina, M|
|poke|p1|Chandelure, F|
|poke|p1|Rhyperior, F|
|poke|p1|Indeedee-F, F|
|poke|p2|Great Tusk|
|poke|p2|Dragonite, M|
|poke|p2|Ogerpon-Wellspring, F|
|poke|p2|Maushold|
|poke|p2|Gholdengo|
|poke|p2|Moltres|
|teampreview
|
|t:|1760435288
|teamsize|p1|6
|teamsize|p2|6
|start
|switch|p1a: Indeedee|Indeedee-F, F|100/100
|switch|p2a: Maushold|Maushold|100/100
|-fieldstart|move: Psychic Terrain|[from] ability: Psychic Surge|[of] p1a: Indeedee
|turn|1
|
|t:|1760435298
|move|p2a: Maushold|Population Bomb|p1a: Indeedee
|-damage|p1a: Indeedee|86/100
|-damage|p1a: Indeedee|71/100
|-damage|p1a: Indeedee|56/100
|-damage|p1a: Indeedee|40/100
|-damage|p1a: Indeedee|25/100
|-damage|p1a: Indeedee|8/100
|-damage|p1a: Indeedee|0 fnt
|faint|p1a: Indeedee
|-hitcount|p1: Indeedee|7
|
|upkeep
|c|☆1Loss15Pushups|if i lose i have to do 15 pushups btw
|c|☆1Loss15Pushups|get me ripped fam
|
|t:|1760435319
|switch|p1a: Chandelure|Chandelure, F|100/100
|turn|2
|
|t:|1760435324
|switch|p2a: Moltres|Moltres|100/100
|move|p1a: Chandelure|Trick Room|p1a: Chandelure
|-fieldstart|move: Trick Room|[of] p1a: Chandelure
|-enditem|p1a: Chandelure|Room Service
|-unboost|p1a: Chandelure|spe|1|[from] item: Room Service
|
|upkeep
|turn|3
|
|t:|1760435340
|switch|p1a: Rhyperior|Rhyperior, F|100/100
|move|p2a: Moltres|Hurricane|p1a: Rhyperior
|-resisted|p1a: Rhyperior
|-crit|p1a: Rhyperior
|-damage|p1a: Rhyperior|60/100
|
|upkeep
|turn|4
|c|☆1Loss15Pushups|i wonder if any mon with defiant gets trick room
|c|☆1Loss15Pushups|!dt defiant
|c| 1Loss15Pushups|/raw <ul class="utilichart"><li class="result"><span class="col namecol"><a href="https://dex.pokemonshowdown.com/abilities/defiant">Defiant</a></span> <span class="col abilitydesccol">This Pokemon's Attack is raised by 2 for each of its stats that is lowered by a foe.</span> </li><li style="clear:both"></li></ul>
|c| 1Loss15Pushups|/raw <font size="1"><font color="#686868">Gen:</font> 5</font>

|c|☆1Loss15Pushups|so room trick room also acts as a swords dance
|c|☆1Loss15Pushups|might be worth a look into
|
|t:|1760435382
|switch|p2a: Gholdengo|Gholdengo|100/100
|-item|p2a: Gholdengo|Air Balloon
|move|p1a: Rhyperior|Stone Edge|p2a: Gholdengo
|-resisted|p2a: Gholdengo
|-damage|p2a: Gholdengo|74/100
|-enditem|p2a: Gholdengo|Air Balloon
|-damage|p1a: Rhyperior|50/100|[from] item: Life Orb
|
|upkeep
|turn|5
|
|t:|1760435392
|switch|p2a: Moltres|Moltres|100/100
|move|p1a: Rhyperior|Earthquake|p2a: Moltres
|-immune|p2a: Moltres
|
|-fieldend|move: Psychic Terrain
|upkeep
|turn|6
|
|t:|1760435402
|switch|p2a: Gholdengo|Gholdengo|74/100
|move|p1a: Rhyperior|Stone Edge|p2a: Gholdengo
|-resisted|p2a: Gholdengo
|-damage|p2a: Gholdengo|46/100
|-damage|p1a: Rhyperior|40/100|[from] item: Life Orb
|
|-fieldend|move: Trick Room
|upkeep
|turn|7
|
|t:|1760435420
|switch|p1a: Chandelure|Chandelure, F|100/100
|move|p2a: Gholdengo|Shadow Ball|p1a: Chandelure
|-supereffective|p1a: Chandelure
|-damage|p1a: Chandelure|21/100
|
|upkeep
|turn|8
|
|t:|1760435431
|move|p2a: Gholdengo|Shadow Ball|p1a: Chandelure
|-supereffective|p1a: Chandelure
|-damage|p1a: Chandelure|0 fnt
|faint|p1a: Chandelure
|
|upkeep
|
|t:|1760435437
|switch|p1a: Hatterene|Hatterene, F|100/100
|turn|9
|
|t:|1760435441
|move|p2a: Gholdengo|Shadow Ball|p1a: Hatterene
|-supereffective|p1a: Hatterene
|-damage|p1a: Hatterene|32/100
|-enditem|p1a: Hatterene|Sitrus Berry|[eat]
|-heal|p1a: Hatterene|57/100|[from] item: Sitrus Berry
|move|p1a: Hatterene|Trick Room|p1a: Hatterene
|-fieldstart|move: Trick Room|[of] p1a: Hatterene
|
|upkeep
|turn|10
|
|t:|1760435450
|move|p1a: Hatterene|Psychic|p2a: Gholdengo
|-resisted|p2a: Gholdengo
|-damage|p2a: Gholdengo|20/100
|move|p2a: Gholdengo|Shadow Ball|p1a: Hatterene
|-supereffective|p1a: Hatterene
|-damage|p1a: Hatterene|0 fnt
|faint|p1a: Hatterene
|
|upkeep
|
|t:|1760435465
|switch|p1a: Rhyperior|Rhyperior, F|40/100
|turn|11
|
|t:|1760435472
|move|p1a: Rhyperior|Stone Edge|p2a: Gholdengo
|-resisted|p2a: Gholdengo
|-damage|p2a: Gholdengo|0 fnt
|faint|p2a: Gholdengo
|-damage|p1a: Rhyperior|30/100|[from] item: Life Orb
|
|upkeep
|
|t:|1760435484
|switch|p2a: Maushold|Maushold|100/100
|turn|12
|
|t:|1760435491
|switch|p2a: Moltres|Moltres|100/100
|-terastallize|p1a: Rhyperior|Ground
|move|p1a: Rhyperior|Earthquake|p2a: Moltres
|-immune|p2a: Moltres
|
|upkeep
|turn|13
|
|t:|1760435506
|switch|p2a: Great Tusk|Great Tusk|100/100
|-enditem|p2a: Great Tusk|Booster Energy
|-activate|p2a: Great Tusk|ability: Protosynthesis|[fromitem]
|-start|p2a: Great Tusk|protosynthesisspe
|move|p1a: Rhyperior|Stone Edge|p2a: Great Tusk|[miss]
|-miss|p1a: Rhyperior|p2a: Great Tusk
|
|-fieldend|move: Trick Room
|upkeep
|turn|14
|
|t:|1760435520
|move|p2a: Great Tusk|Bulk Up|p2a: Great Tusk
|-boost|p2a: Great Tusk|atk|1
|-boost|p2a: Great Tusk|def|1
|move|p1a: Rhyperior|Earthquake|p2a: Great Tusk
|-damage|p2a: Great Tusk|53/100
|-damage|p1a: Rhyperior|20/100|[from] item: Life Orb
|
|upkeep
|turn|15
|
|t:|1760435529
|move|p2a: Great Tusk|Earthquake|p1a: Rhyperior
|-damage|p1a: Rhyperior|0 fnt
|faint|p1a: Rhyperior
|
|upkeep
|
|t:|1760435537
|switch|p1a: Primarina|Primarina, M|100/100
|turn|16
|
|t:|1760435544
|move|p2a: Great Tusk|Earthquake|p1a: Primarina
|-damage|p1a: Primarina|26/100
|move|p1a: Primarina|Calm Mind|p1a: Primarina
|-boost|p1a: Primarina|spa|1
|-boost|p1a: Primarina|spd|1
|
|-heal|p1a: Primarina|32/100|[from] item: Leftovers
|upkeep
|turn|17
|inactive|Battle timer is ON: inactive players will automatically lose when time's up. (requested by 1Loss15Pushups)
|inactive|triforceofchozo has 120 seconds left.
|inactive|triforceofchozo has 90 seconds left.
|inactive|triforceofchozo has 60 seconds left.
|inactive|triforceofchozo has 30 seconds left.
|inactive|triforceofchozo has 20 seconds left.
|inactive|triforceofchozo has 15 seconds left.
|inactive|triforceofchozo has 10 seconds left.
|inactive|triforceofchozo has 5 seconds left.
|-message|triforceofchozo lost due to inactivity.
|
|win|1Loss15Pushups
|raw|triforceofchozo's rating: 1177 &rarr; <strong>1147</strong><br />(-30 for losing)
|raw|1Loss15Pushups's rating: 1107 &rarr; <strong>1137</strong><br />(+30 for winning)
|l|☆1Loss15Pushups
|player|p2|
|l|☆triforceofchozo
|player|p1|
