|j|☆adv 1v1
|j|☆suprya
|t:|1760412129
|gametype|singles
|player|p1|adv 1v1|lisia|1643
|player|p2|suprya|preschooler|1729
|gen|9
|tier|[Gen 9] OU
|rated|
|rule|HP Percentage Mod: HP is shown in percentages
|rule|Endless Battle Clause: Forcing endless battles is banned
|rule|Species Clause: Limit one of each Pokémon
|rule|OHKO Clause: OHKO moves are banned
|rule|Evasion Items Clause: Evasion items are banned
|rule|Evasion Moves Clause: Evasion moves are banned
|rule|Evasion Abilities Clause: Evasion abilities are banned
|rule|Sleep Moves Clause: Sleep-inducing moves are banned
|clearpoke
|poke|p1|Jirachi|
|poke|p1|Ursaluna, F|
|poke|p1|Iron Hands|
|poke|p1|Volcanion|
|poke|p1|Moltres-Galar|
|poke|p1|Rillaboom, M|
|poke|p2|Duraludon, M|
|poke|p2|Great Tusk|
|poke|p2|Ogerpon-Wellspring, F|
|poke|p2|Dragapult, F|
|poke|p2|Moltres|
|poke|p2|Slowking-Galar, M|
|teampreview
|inactive|Battle timer is ON: inactive players will automatically lose when time's up. (requested by suprya)
|inactive|adv 1v1 also wants the timer to be on.
|
|t:|1760412157
|teamsize|p1|6
|teamsize|p2|6
|start
|switch|p1a: Moltres|Moltres-Galar|100/100
|switch|p2a: Bonkapult|Dragapult, F|100/100
|turn|1
|
|t:|1760412187
|move|p2a: Bonkapult|U-turn|p1a: Moltres
|-damage|p1a: Moltres|82/100
|
|t:|1760412195
|switch|p2a: Ogerpon-Bonkspring|Ogerpon-Wellspring, F|100/100|[from] U-turn
|move|p1a: Moltres|Air Slash|p2a: Ogerpon-Bonkspring
|-supereffective|p2a: Ogerpon-Bonkspring
|-damage|p2a: Ogerpon-Bonkspring|39/100
|
|-heal|p1a: Moltres|88/100|[from] item: Leftovers
|upkeep
|turn|2
|
|t:|1760412205
|-terastallize|p2a: Ogerpon-Bonkspring|Water
|detailschange|p2a: Ogerpon-Bonkspring|Ogerpon-Wellspring-Tera, F, tera:Water
|-ability|p2a: Ogerpon-Bonkspring|Embody Aspect (Wellspring)|boost
|-boost|p2a: Ogerpon-Bonkspring|spd|1
|move|p2a: Ogerpon-Bonkspring|Ivy Cudgel|p1a: Moltres|[anim] Ivy Cudgel Water
|-crit|p1a: Moltres
|-damage|p1a: Moltres|0 fnt
|faint|p1a: Moltres
|
|upkeep
|
|t:|1760412215
|switch|p1a: Rillaboom|Rillaboom, M|100/100
|-fieldstart|move: Grassy Terrain|[from] ability: Grassy Surge|[of] p1a: Rillaboom
|turn|3
|
|t:|1760412239
|switch|p2a: Durbonkadon|Duraludon, M|100/100
|switch|p1a: Ursaluna|Ursaluna, F|100/100
|
|-status|p1a: Ursaluna|brn|[from] item: Flame Orb
|upkeep
|turn|4
|inactive|suprya has 120 seconds left.
|
|t:|1760412271
|move|p1a: Ursaluna|Headlong Rush|p2a: Durbonkadon
|-supereffective|p2a: Durbonkadon
|-damage|p2a: Durbonkadon|7/100
|-unboost|p1a: Ursaluna|def|1
|-unboost|p1a: Ursaluna|spd|1
|move|p2a: Durbonkadon|Draco Meteor|p1a: Ursaluna
|-damage|p1a: Ursaluna|17/100 brn
|-unboost|p2a: Durbonkadon|spa|2
|
|-heal|p1a: Ursaluna|23/100 brn|[from] Grassy Terrain
|-heal|p2a: Durbonkadon|13/100|[from] Grassy Terrain
|-damage|p1a: Ursaluna|17/100 brn|[from] brn
|upkeep
|turn|5
|
|t:|1760412287
|switch|p2a: Bonkapult|Dragapult, F|100/100
|move|p1a: Ursaluna|Facade|p2a: Bonkapult
|-immune|p2a: Bonkapult
|
|-heal|p1a: Ursaluna|23/100 brn|[from] Grassy Terrain
|-damage|p1a: Ursaluna|17/100 brn|[from] brn
|upkeep
|turn|6
|
|t:|1760412295
|switch|p1a: Iron Hands|Iron Hands|100/100
|-enditem|p1a: Iron Hands|Booster Energy
|-activate|p1a: Iron Hands|ability: Quark Drive|[fromitem]
|-start|p1a: Iron Hands|quarkdriveatk
|move|p2a: Bonkapult|U-turn|p1a: Iron Hands
|-resisted|p1a: Iron Hands
|-damage|p1a: Iron Hands|96/100
|
|t:|1760412309
|switch|p2a: Great Bonk|Great Tusk|100/100|[from] U-turn
|
|-heal|p1a: Iron Hands|100/100|[from] Grassy Terrain
|upkeep
|turn|7
|
|t:|1760412313
|move|p2a: Great Bonk|Bulk Up|p2a: Great Bonk
|-boost|p2a: Great Bonk|atk|1
|-boost|p2a: Great Bonk|def|1
|move|p1a: Iron Hands|Ice Punch|p2a: Great Bonk
|-supereffective|p2a: Great Bonk
|-damage|p2a: Great Bonk|67/100
|-status|p2a: Great Bonk|frz
|-damage|p1a: Iron Hands|84/100|[from] item: Rocky Helmet|[of] p2a: Great Bonk
|
|-heal|p2a: Great Bonk|73/100 frz|[from] Grassy Terrain
|-heal|p1a: Iron Hands|90/100|[from] Grassy Terrain
|-fieldend|move: Grassy Terrain
|upkeep
|turn|8
|
|t:|1760412319
|-end|p1a: Iron Hands|Quark Drive|[silent]
|switch|p1a: Rillaboom|Rillaboom, M|100/100
|-fieldstart|move: Grassy Terrain|[from] ability: Grassy Surge|[of] p1a: Rillaboom
|-curestatus|p2a: Great Bonk|frz|[msg]
|move|p2a: Great Bonk|Headlong Rush|p1a: Rillaboom
|-resisted|p1a: Rillaboom
|-damage|p1a: Rillaboom|62/100
|-unboost|p2a: Great Bonk|def|1
|-unboost|p2a: Great Bonk|spd|1
|
|-heal|p2a: Great Bonk|79/100|[from] Grassy Terrain
|-heal|p1a: Rillaboom|68/100|[from] Grassy Terrain
|upkeep
|turn|9
|inactive|suprya has 120 seconds left.
|
|t:|1760412329
|-end|p2a: Great Bonk|Protosynthesis|[silent]
|switch|p2a: Bonktres|Moltres|100/100
|move|p1a: Rillaboom|Wood Hammer|p2a: Bonktres
|-resisted|p2a: Bonktres
|-damage|p2a: Bonktres|71/100
|-status|p1a: Rillaboom|brn|[from] ability: Flame Body|[of] p2a: Bonktres
|-damage|p1a: Rillaboom|57/100 brn|[from] Recoil
|-damage|p1a: Rillaboom|47/100 brn|[from] item: Life Orb
|
|-heal|p1a: Rillaboom|53/100 brn|[from] Grassy Terrain
|-damage|p1a: Rillaboom|47/100 brn|[from] brn
|upkeep
|turn|10
|inactive|suprya has 120 seconds left.
|
|t:|1760412353
|switch|p1a: Volcanion|Volcanion|100/100
|move|p2a: Bonktres|Scorching Sands|p1a: Volcanion
|-supereffective|p1a: Volcanion
|-damage|p1a: Volcanion|42/100
|
|-heal|p1a: Volcanion|49/100|[from] Grassy Terrain
|upkeep
|turn|11
|
|t:|1760412363
|switch|p2a: Bonking-Gabonk|Slowking-Galar, M|100/100
|move|p1a: Volcanion|Steam Eruption|p2a: Bonking-Gabonk
|-damage|p2a: Bonking-Gabonk|61/100
|
|-heal|p1a: Volcanion|55/100|[from] Grassy Terrain
|-heal|p2a: Bonking-Gabonk|67/100|[from] Grassy Terrain
|upkeep
|turn|12
|inactive|suprya has 120 seconds left.
|
|t:|1760412370
|move|p1a: Volcanion|Earth Power|p2a: Bonking-Gabonk
|-supereffective|p2a: Bonking-Gabonk
|-damage|p2a: Bonking-Gabonk|25/100
|-unboost|p2a: Bonking-Gabonk|spd|1
|-prepare|p2a: Bonking-Gabonk|Chilly Reception|[premajor]
|move|p2a: Bonking-Gabonk|Chilly Reception|p2a: Bonking-Gabonk
|-weather|Snowscape
|inactive|suprya has 120 seconds left.
|
|t:|1760412380
|switch|p2a: Great Bonk|Great Tusk|79/100|[from] Chilly Reception
|
|-weather|Snowscape|[upkeep]
|-heal|p2a: Great Bonk|86/100|[from] Grassy Terrain
|-heal|p1a: Volcanion|61/100|[from] Grassy Terrain
|-fieldend|move: Grassy Terrain
|upkeep
|turn|13
|
|t:|1760412388
|switch|p1a: Rillaboom|Rillaboom, M|47/100 brn
|-fieldstart|move: Grassy Terrain|[from] ability: Grassy Surge|[of] p1a: Rillaboom
|move|p2a: Great Bonk|Headlong Rush|p1a: Rillaboom
|-resisted|p1a: Rillaboom
|-damage|p1a: Rillaboom|19/100 brn
|-unboost|p2a: Great Bonk|def|1
|-unboost|p2a: Great Bonk|spd|1
|
|-weather|Snowscape|[upkeep]
|-heal|p2a: Great Bonk|92/100|[from] Grassy Terrain
|-heal|p1a: Rillaboom|25/100 brn|[from] Grassy Terrain
|-damage|p1a: Rillaboom|19/100 brn|[from] brn
|upkeep
|turn|14
|inactive|suprya has 120 seconds left.
|
|t:|1760412419
|-end|p2a: Great Bonk|Protosynthesis|[silent]
|switch|p2a: Durbonkadon|Duraludon, M|13/100
|move|p1a: Rillaboom|Wood Hammer|p2a: Durbonkadon
|-resisted|p2a: Durbonkadon
|-damage|p2a: Durbonkadon|7/100
|-damage|p1a: Rillaboom|17/100 brn|[from] Recoil
|-damage|p1a: Rillaboom|7/100 brn|[from] item: Life Orb
|
|-weather|Snowscape|[upkeep]
|-heal|p1a: Rillaboom|13/100 brn|[from] Grassy Terrain
|-heal|p2a: Durbonkadon|13/100|[from] Grassy Terrain
|-damage|p1a: Rillaboom|7/100 brn|[from] brn
|upkeep
|turn|15
|
|t:|1760412424
|move|p1a: Rillaboom|High Horsepower|p2a: Durbonkadon
|-supereffective|p2a: Durbonkadon
|-crit|p2a: Durbonkadon
|-damage|p2a: Durbonkadon|0 fnt
|faint|p2a: Durbonkadon
|-damage|p1a: Rillaboom|0 fnt|[from] item: Life Orb
|faint|p1a: Rillaboom
|
|-weather|Snowscape|[upkeep]
|upkeep
|
|t:|1760412441
|switch|p1a: Jirachi|Jirachi|100/100
|switch|p2a: Bonkapult|Dragapult, F|100/100
|turn|16
|
|t:|1760412451
|move|p1a: Jirachi|Iron Head|p2a: Bonkapult
|-damage|p2a: Bonkapult|51/100
|move|p2a: Bonkapult|Shadow Ball|p1a: Jirachi
|-supereffective|p1a: Jirachi
|-damage|p1a: Jirachi|0 fnt
|faint|p1a: Jirachi
|
|-weather|none
|-heal|p2a: Bonkapult|57/100|[from] Grassy Terrain
|upkeep
|
|t:|1760412455
|switch|p1a: Ursaluna|Ursaluna, F|17/100 brn
|turn|17
|inactive|suprya has 120 seconds left.
|
|t:|1760412469
|switch|p2a: Bonktres|Moltres|71/100
|move|p1a: Ursaluna|Facade|p2a: Bonktres
|-damage|p2a: Bonktres|0 fnt
|faint|p2a: Bonktres
|
|-heal|p1a: Ursaluna|23/100 brn|[from] Grassy Terrain
|-damage|p1a: Ursaluna|17/100 brn|[from] brn
|-fieldend|move: Grassy Terrain
|upkeep
|
|t:|1760412475
|switch|p2a: Ogerpon-Bonkspring|Ogerpon-Wellspring-Tera, F, tera:Water|39/100
|-ability|p2a: Ogerpon-Bonkspring|Embody Aspect (Wellspring)|boost
|-boost|p2a: Ogerpon-Bonkspring|spd|1
|turn|18
|inactive|suprya has 120 seconds left.
|
|t:|1760412483
|move|p2a: Ogerpon-Bonkspring|Ivy Cudgel|p1a: Ursaluna|[anim] Ivy Cudgel Water
|-supereffective|p1a: Ursaluna
|-damage|p1a: Ursaluna|0 fnt
|faint|p1a: Ursaluna
|
|upkeep
|
|t:|1760412487
|switch|p1a: Iron Hands|Iron Hands|90/100
|turn|19
|
|t:|1760412492
|move|p2a: Ogerpon-Bonkspring|Ivy Cudgel|p1a: Iron Hands|[anim] Ivy Cudgel Water
|-crit|p1a: Iron Hands
|-damage|p1a: Iron Hands|19/100
|move|p1a: Iron Hands|Thunder Punch|p2a: Ogerpon-Bonkspring
|-supereffective|p2a: Ogerpon-Bonkspring
|-damage|p2a: Ogerpon-Bonkspring|0 fnt
|faint|p2a: Ogerpon-Bonkspring
|detailschange|p2: Ogerpon-Bonkspring|Ogerpon-Wellspring, F|[silent]
|
|upkeep
|-message|adv 1v1 forfeited.
|
|win|suprya
|raw|adv 1v1's rating: 1643 &rarr; <strong>1628</strong><br />(-15 for losing)
|raw|suprya's rating: 1729 &rarr; <strong>1744</strong><br />(+15 for winning)
|l|☆adv 1v1
|player|p1|
|l|☆suprya
|player|p2|
