|j|☆madermen
|j|☆ahzutiltrol
|t:|1760448405
|gametype|singles
|player|p1|madermen|jasmine|1505
|player|p2|ahzutiltrol|170|1453
|gen|9
|tier|[Gen 9] OU
|rated|
|rule|HP Percentage Mod: HP is shown in percentages
|rule|Endless Battle Clause: Forcing endless battles is banned
|rule|Species Clause: Limit one of each Pokémon
|rule|OHKO Clause: OHKO moves are banned
|rule|Evasion Items Clause: Evasion items are banned
|rule|Evasion Moves Clause: Evasion moves are banned
|rule|Evasion Abilities Clause: Evasion abilities are banned
|rule|Sleep Moves Clause: Sleep-inducing moves are banned
|clearpoke
|poke|p1|Rotom-Wash|
|poke|p1|Vileplume, M|
|poke|p1|Moltres|
|poke|p1|Hoopa-Unbound|
|poke|p1|Conkeldurr, F|
|poke|p1|Excadrill, M|
|poke|p2|Glimmora, M|
|poke|p2|Kingambit, M|
|poke|p2|Darkrai|
|poke|p2|Zamazenta-*|
|poke|p2|Dragonite, M|
|poke|p2|Iron Valiant|
|teampreview
|inactive|Battle timer is ON: inactive players will automatically lose when time's up. (requested by madermen)
|
|t:|1760448414
|teamsize|p1|6
|teamsize|p2|6
|start
|switch|p1a: Excadrill|Excadrill, M|100/100
|switch|p2a: Glimmora|Glimmora, M|100/100
|-ability|p1a: Excadrill|Mold Breaker
|turn|1
|
|t:|1760448421
|move|p1a: Excadrill|Earthquake|p2a: Glimmora
|-supereffective|p2a: Glimmora
|-enditem|p2a: Glimmora|Focus Sash
|-damage|p2a: Glimmora|1/100
|-activate|p2a: Glimmora|ability: Toxic Debris
|-sidestart|p1: madermen|move: Toxic Spikes
|move|p2a: Glimmora|Stealth Rock|p1a: Excadrill
|-sidestart|p1: madermen|move: Stealth Rock
|
|upkeep
|turn|2
|
|t:|1760448431
|-terastallize|p2a: Glimmora|Ghost
|move|p1a: Excadrill|Rapid Spin|p2a: Glimmora
|-immune|p2a: Glimmora
|move|p2a: Glimmora|Earth Power|p1a: Excadrill
|-supereffective|p1a: Excadrill
|-damage|p1a: Excadrill|31/100
|
|-heal|p1a: Excadrill|37/100|[from] item: Leftovers
|upkeep
|turn|3
|
|t:|1760448441
|move|p1a: Excadrill|Earthquake|p2a: Glimmora
|-damage|p2a: Glimmora|0 fnt
|-activate|p2a: Glimmora|ability: Toxic Debris
|-sidestart|p1: madermen|move: Toxic Spikes
|faint|p2a: Glimmora
|
|-heal|p1a: Excadrill|43/100|[from] item: Leftovers
|upkeep
|
|t:|1760448456
|switch|p2a: Darkrai|Darkrai|100/100
|turn|4
|
|t:|1760448461
|move|p2a: Darkrai|Dark Pulse|p1a: Excadrill
|-damage|p1a: Excadrill|0 fnt
|faint|p1a: Excadrill
|
|upkeep
|
|t:|1760448464
|switch|p1a: Vileplume|Vileplume, M|100/100
|-sideend|p1: madermen|move: Toxic Spikes|[of] p1a: Vileplume
|-damage|p1a: Vileplume|88/100|[from] Stealth Rock
|turn|5
|
|t:|1760448471
|move|p2a: Darkrai|Dark Pulse|p1a: Vileplume
|-damage|p1a: Vileplume|54/100
|move|p1a: Vileplume|Moonblast|p2a: Darkrai
|-supereffective|p2a: Darkrai
|-damage|p2a: Darkrai|33/100
|
|-heal|p1a: Vileplume|60/100|[from] item: Leftovers
|upkeep
|turn|6
|
|t:|1760448478
|move|p2a: Darkrai|Dark Pulse|p1a: Vileplume
|-damage|p1a: Vileplume|25/100
|move|p1a: Vileplume|Strength Sap|p2a: Darkrai
|-unboost|p2a: Darkrai|atk|1
|-heal|p1a: Vileplume|72/100
|
|-heal|p1a: Vileplume|78/100|[from] item: Leftovers
|upkeep
|turn|7
|
|t:|1760448484
|move|p2a: Darkrai|Dark Pulse|p1a: Vileplume
|-damage|p1a: Vileplume|41/100
|move|p1a: Vileplume|Moonblast|p2a: Darkrai
|-supereffective|p2a: Darkrai
|-damage|p2a: Darkrai|0 fnt
|faint|p2a: Darkrai
|
|-heal|p1a: Vileplume|47/100|[from] item: Leftovers
|upkeep
|
|t:|1760448496
|switch|p2a: Kingambit|Kingambit, M|100/100
|-activate|p2a: Kingambit|ability: Supreme Overlord
|-start|p2a: Kingambit|fallen2|[silent]
|turn|8
|
|t:|1760448502
|switch|p1a: Moltres|Moltres|100/100
|move|p2a: Kingambit|Kowtow Cleave|p1a: Moltres
|-damage|p1a: Moltres|42/100
|
|upkeep
|turn|9
|inactive|ahzutiltrol has 120 seconds left.
|
|t:|1760448534
|move|p2a: Kingambit|Sucker Punch|p1a: Moltres
|-damage|p1a: Moltres|0 fnt
|faint|p1a: Moltres
|
|upkeep
|
|t:|1760448537
|switch|p1a: Rotom|Rotom-Wash|100/100
|-damage|p1a: Rotom|88/100|[from] Stealth Rock
|turn|10
|
|t:|1760448548
|-end|p2a: Kingambit|fallen2|[silent]
|switch|p2a: Iron Valiant|Iron Valiant|100/100
|-enditem|p2a: Iron Valiant|Booster Energy
|-activate|p2a: Iron Valiant|ability: Quark Drive|[fromitem]
|-start|p2a: Iron Valiant|quarkdrivespe
|move|p1a: Rotom|Will-O-Wisp|p2a: Iron Valiant
|-status|p2a: Iron Valiant|brn
|
|-heal|p1a: Rotom|94/100|[from] item: Leftovers
|-damage|p2a: Iron Valiant|94/100 brn|[from] brn
|upkeep
|turn|11
|
|t:|1760448556
|move|p2a: Iron Valiant|Calm Mind|p2a: Iron Valiant
|-boost|p2a: Iron Valiant|spa|1
|-boost|p2a: Iron Valiant|spd|1
|move|p1a: Rotom|Pain Split|p2a: Iron Valiant
|-sethp|p2a: Iron Valiant|96/100 brn|[from] move: Pain Split|[silent]
|-sethp|p1a: Rotom|92/100|[from] move: Pain Split
|
|-heal|p1a: Rotom|98/100|[from] item: Leftovers
|-damage|p2a: Iron Valiant|90/100 brn|[from] brn
|upkeep
|turn|12
|
|t:|1760448565
|move|p2a: Iron Valiant|Calm Mind|p2a: Iron Valiant
|-boost|p2a: Iron Valiant|spa|1
|-boost|p2a: Iron Valiant|spd|1
|move|p1a: Rotom|Volt Switch|p2a: Iron Valiant
|-crit|p2a: Iron Valiant
|-damage|p2a: Iron Valiant|18/100 brn
|
|t:|1760448567
|switch|p1a: Vileplume|Vileplume, M|47/100|[from] Volt Switch
|-damage|p1a: Vileplume|34/100|[from] Stealth Rock
|
|-heal|p1a: Vileplume|41/100|[from] item: Leftovers
|-damage|p2a: Iron Valiant|12/100 brn|[from] brn
|upkeep
|turn|13
|
|t:|1760448574
|move|p2a: Iron Valiant|Shadow Ball|p1a: Vileplume
|-damage|p1a: Vileplume|0 fnt
|faint|p1a: Vileplume
|
|-damage|p2a: Iron Valiant|6/100 brn|[from] brn
|upkeep
|
|t:|1760448577
|switch|p1a: Conkeldurr|Conkeldurr, F|100/100
|-damage|p1a: Conkeldurr|95/100|[from] Stealth Rock
|turn|14
|
|t:|1760448583
|move|p1a: Conkeldurr|Mach Punch|p2a: Iron Valiant
|-resisted|p2a: Iron Valiant
|-damage|p2a: Iron Valiant|0 fnt
|faint|p2a: Iron Valiant
|-end|p2a: Iron Valiant|Quark Drive|[silent]
|
|-heal|p1a: Conkeldurr|100/100|[from] item: Leftovers
|upkeep
|
|t:|1760448587
|switch|p2a: Dragonite|Dragonite, M|100/100
|turn|15
|
|t:|1760448595
|move|p2a: Dragonite|Dragon Dance|p2a: Dragonite
|-boost|p2a: Dragonite|atk|1
|-boost|p2a: Dragonite|spe|1
|move|p1a: Conkeldurr|Knock Off|p2a: Dragonite
|-damage|p2a: Dragonite|80/100
|-enditem|p2a: Dragonite|Heavy-Duty Boots|[from] move: Knock Off|[of] p1a: Conkeldurr
|
|upkeep
|turn|16
|c|☆ahzutiltrol|ofc u fking crit when im +2 spe def
|
|t:|1760448607
|move|p2a: Dragonite|Dragon Dance|p2a: Dragonite
|-boost|p2a: Dragonite|atk|1
|-boost|p2a: Dragonite|spe|1
|move|p1a: Conkeldurr|Drain Punch|p2a: Dragonite
|-resisted|p2a: Dragonite
|-damage|p2a: Dragonite|56/100
|
|upkeep
|turn|17
|
|t:|1760448614
|move|p2a: Dragonite|Earthquake|p1a: Conkeldurr
|-damage|p1a: Conkeldurr|15/100
|move|p1a: Conkeldurr|Drain Punch|p2a: Dragonite
|-resisted|p2a: Dragonite
|-damage|p2a: Dragonite|30/100
|-heal|p1a: Conkeldurr|27/100|[from] drain|[of] p2a: Dragonite
|
|-heal|p1a: Conkeldurr|33/100|[from] item: Leftovers
|upkeep
|turn|18
|
|t:|1760448622
|move|p1a: Conkeldurr|Mach Punch|p2a: Dragonite
|-resisted|p2a: Dragonite
|-damage|p2a: Dragonite|16/100
|move|p2a: Dragonite|Earthquake|p1a: Conkeldurr
|-damage|p1a: Conkeldurr|0 fnt
|faint|p1a: Conkeldurr
|
|upkeep
|
|t:|1760448624
|switch|p1a: Rotom|Rotom-Wash|98/100
|-damage|p1a: Rotom|86/100|[from] Stealth Rock
|turn|19
|
|t:|1760448633
|move|p2a: Dragonite|Ice Spinner|p1a: Rotom
|-resisted|p1a: Rotom
|-damage|p1a: Rotom|56/100
|move|p1a: Rotom|Will-O-Wisp|p2a: Dragonite
|-status|p2a: Dragonite|brn
|
|-heal|p1a: Rotom|62/100|[from] item: Leftovers
|-damage|p2a: Dragonite|10/100 brn|[from] brn
|upkeep
|turn|20
|
|t:|1760448640
|move|p2a: Dragonite|Extreme Speed|p1a: Rotom
|-damage|p1a: Rotom|31/100
|move|p1a: Rotom|Volt Switch|p2a: Dragonite
|-damage|p2a: Dragonite|0 fnt
|faint|p2a: Dragonite
|
|t:|1760448642
|switch|p1a: Hoopa|Hoopa-Unbound|100/100|[from] Volt Switch
|-damage|p1a: Hoopa|88/100|[from] Stealth Rock
|
|upkeep
|
|t:|1760448649
|switch|p2a: Kingambit|Kingambit, M|100/100
|-activate|p2a: Kingambit|ability: Supreme Overlord
|-start|p2a: Kingambit|fallen4|[silent]
|turn|21
|
|t:|1760448658
|move|p1a: Hoopa|Trick|p2a: Kingambit
|-activate|p1a: Hoopa|move: Trick|[of] p2a: Kingambit
|-item|p2a: Kingambit|Choice Specs|[from] move: Trick
|-item|p1a: Hoopa|Black Glasses|[from] move: Trick
|move|p2a: Kingambit|Kowtow Cleave|p1a: Hoopa
|-damage|p1a: Hoopa|0 fnt
|faint|p1a: Hoopa
|
|upkeep
|
|t:|1760448663
|switch|p1a: Rotom|Rotom-Wash|31/100
|-damage|p1a: Rotom|19/100|[from] Stealth Rock
|turn|22
|
|t:|1760448672
|move|p1a: Rotom|Pain Split|p2a: Kingambit
|-sethp|p2a: Kingambit|59/100|[from] move: Pain Split|[silent]
|-sethp|p1a: Rotom|66/100|[from] move: Pain Split
|move|p2a: Kingambit|Kowtow Cleave|p1a: Rotom
|-damage|p1a: Rotom|0 fnt
|faint|p1a: Rotom
|
|win|ahzutiltrol
|raw|madermen's rating: 1505 &rarr; <strong>1482</strong><br />(-23 for losing)
|raw|ahzutiltrol's rating: 1453 &rarr; <strong>1476</strong><br />(+23 for winning)
|l|☆madermen
|player|p1|
|l|☆ahzutiltrol
|player|p2|
