|j|☆AEFAA2
|j|☆asmundowns
|t:|1760311747
|gametype|singles
|player|p1|AEFAA2|scientist-gen4dp|1223
|player|p2|asmundowns|harlequin|1185
|gen|9
|tier|[Gen 9] OU
|rated|
|rule|HP Percentage Mod: HP is shown in percentages
|rule|Endless Battle Clause: Forcing endless battles is banned
|rule|Species Clause: Limit one of each Pokémon
|rule|OHKO Clause: OHKO moves are banned
|rule|Evasion Items Clause: Evasion items are banned
|rule|Evasion Moves Clause: Evasion moves are banned
|rule|Evasion Abilities Clause: Evasion abilities are banned
|rule|Sleep Moves Clause: Sleep-inducing moves are banned
|clearpoke
|poke|p1|Torkoal, M|
|poke|p1|Goodra-Hisui, F|
|poke|p1|Great Tusk|
|poke|p1|Scovillain, F|
|poke|p1|Ninetales, M|
|poke|p1|Walking Wake|
|poke|p2|Kingambit, F|
|poke|p2|Cinderace, F|
|poke|p2|Landorus-Therian, M|
|poke|p2|Iron Valiant|
|poke|p2|Kyurem|
|poke|p2|Slowking-Galar, M|
|teampreview
|inactive|Battle timer is ON: inactive players will automatically lose when time's up. (requested by AEFAA2)
|
|t:|1760311773
|teamsize|p1|6
|teamsize|p2|6
|start
|switch|p1a: Great Tusk|Great Tusk|100/100
|switch|p2a: Homelandor|Landorus-Therian, M, shiny|100/100
|-ability|p2a: Homelandor|Intimidate|boost
|-unboost|p1a: Great Tusk|atk|1
|turn|1
|
|t:|1760311792
|move|p2a: Homelandor|Earthquake|p1a: Great Tusk
|-damage|p1a: Great Tusk|65/100
|move|p1a: Great Tusk|Ice Spinner|p2a: Homelandor
|-supereffective|p2a: Homelandor
|-damage|p2a: Homelandor|0 fnt
|-damage|p1a: Great Tusk|49/100|[from] item: Rocky Helmet|[of] p2a: Homelandor
|faint|p2a: Homelandor
|
|upkeep
|
|t:|1760311805
|switch|p2a: Chillionaire|Slowking-Galar, M, shiny|100/100
|turn|2
|
|t:|1760311810
|-end|p1a: Great Tusk|Protosynthesis|[silent]
|switch|p1a: Goodra|Goodra-Hisui, F|100/100
|move|p2a: Chillionaire|Thunder Wave|p1a: Goodra
|-status|p1a: Goodra|par
|
|upkeep
|turn|3
|
|t:|1760311823
|move|p1a: Goodra|Knock Off|p2a: Chillionaire
|-supereffective|p2a: Chillionaire
|-damage|p2a: Chillionaire|48/100
|-enditem|p2a: Chillionaire|Heavy-Duty Boots|[from] move: Knock Off|[of] p1a: Goodra
|-prepare|p2a: Chillionaire|Chilly Reception|[premajor]
|move|p2a: Chillionaire|Chilly Reception|p2a: Chillionaire
|-weather|Snowscape
|
|t:|1760311841
|switch|p2a: WALL-Y|Iron Valiant|100/100|[from] Chilly Reception
|-enditem|p2a: WALL-Y|Booster Energy
|-activate|p2a: WALL-Y|ability: Quark Drive|[fromitem]
|-start|p2a: WALL-Y|quarkdrivespe
|
|-weather|Snowscape|[upkeep]
|upkeep
|turn|4
|
|t:|1760311853
|-terastallize|p1a: Goodra|Fairy
|move|p2a: WALL-Y|Calm Mind|p2a: WALL-Y
|-boost|p2a: WALL-Y|spa|1
|-boost|p2a: WALL-Y|spd|1
|move|p1a: Goodra|Flash Cannon|p2a: WALL-Y
|-supereffective|p2a: WALL-Y
|-damage|p2a: WALL-Y|26/100
|
|-weather|Snowscape|[upkeep]
|upkeep
|turn|5
|
|t:|1760311866
|-terastallize|p2a: WALL-Y|Ghost
|move|p2a: WALL-Y|Shadow Ball|p1a: Goodra
|-damage|p1a: Goodra|77/100 par
|move|p1a: Goodra|Earthquake|p2a: WALL-Y
|-damage|p2a: WALL-Y|0 fnt
|faint|p2a: WALL-Y
|-end|p2a: WALL-Y|Quark Drive|[silent]
|
|-weather|Snowscape|[upkeep]
|upkeep
|inactive|asmundowns has 120 seconds left.
|
|t:|1760311897
|switch|p2a: Daenerys|Kingambit, F|100/100
|-activate|p2a: Daenerys|ability: Supreme Overlord
|-start|p2a: Daenerys|fallen2|[silent]
|turn|6
|
|t:|1760311909
|switch|p1a: Ninetales|Ninetales, M|100/100
|-weather|SunnyDay|[from] ability: Drought|[of] p1a: Ninetales
|move|p2a: Daenerys|Swords Dance|p2a: Daenerys
|-boost|p2a: Daenerys|atk|2
|
|-weather|SunnyDay|[upkeep]
|upkeep
|turn|7
|
|t:|1760311922
|move|p2a: Daenerys|Sucker Punch||[still]
|-fail|p2a: Daenerys
|move|p1a: Ninetales|Healing Wish|p1a: Ninetales
|faint|p1a: Ninetales
|
|-weather|SunnyDay|[upkeep]
|upkeep
|
|t:|1760311929
|switch|p1a: Great Tusk|Great Tusk|49/100
|-heal|p1a: Great Tusk|100/100|[from] move: Healing Wish
|-activate|p1a: Great Tusk|ability: Protosynthesis
|-start|p1a: Great Tusk|protosynthesisatk
|turn|8
|
|t:|1760311939
|move|p2a: Daenerys|Sucker Punch|p1a: Great Tusk
|-resisted|p1a: Great Tusk
|-damage|p1a: Great Tusk|62/100
|move|p1a: Great Tusk|Headlong Rush|p2a: Daenerys
|-supereffective|p2a: Daenerys
|-damage|p2a: Daenerys|0 fnt
|-unboost|p1a: Great Tusk|def|1
|-unboost|p1a: Great Tusk|spd|1
|faint|p2a: Daenerys
|-end|p2a: Daenerys|fallen2|[silent]
|
|-weather|SunnyDay|[upkeep]
|upkeep
|
|t:|1760311948
|switch|p2a: Mr. Freeze|Kyurem, shiny|100/100
|-ability|p2a: Mr. Freeze|Pressure
|turn|9
|
|t:|1760311956
|-end|p1a: Great Tusk|Protosynthesis|[silent]
|switch|p1a: Goodra|Goodra-Hisui, F, tera:Fairy|77/100 par
|move|p2a: Mr. Freeze|Substitute|p2a: Mr. Freeze
|-start|p2a: Mr. Freeze|Substitute
|-damage|p2a: Mr. Freeze|76/100
|
|-weather|SunnyDay|[upkeep]
|-heal|p2a: Mr. Freeze|82/100|[from] item: Leftovers
|upkeep
|turn|10
|
|t:|1760311975
|move|p2a: Mr. Freeze|Freeze-Dry|p1a: Goodra
|-damage|p1a: Goodra|64/100 par
|move|p1a: Goodra|Flash Cannon|p2a: Mr. Freeze
|-supereffective|p2a: Mr. Freeze
|-end|p2a: Mr. Freeze|Substitute
|
|-weather|none
|-heal|p2a: Mr. Freeze|88/100|[from] item: Leftovers
|upkeep
|turn|11
|
|t:|1760311989
|switch|p2a: Kristine|Cinderace, F, shiny|100/100
|move|p1a: Goodra|Flash Cannon|p2a: Kristine
|-resisted|p2a: Kristine
|-damage|p2a: Kristine|83/100
|
|upkeep
|turn|12
|
|t:|1760311999
|switch|p1a: Torkoal|Torkoal, M|100/100
|-weather|SunnyDay|[from] ability: Drought|[of] p1a: Torkoal
|move|p2a: Kristine|Will-O-Wisp|p1a: Torkoal
|-immune|p1a: Torkoal
|
|-weather|SunnyDay|[upkeep]
|upkeep
|turn|13
|
|t:|1760312014
|move|p2a: Kristine|U-turn|p1a: Torkoal
|-resisted|p1a: Torkoal
|-damage|p1a: Torkoal|95/100
|
|t:|1760312019
|switch|p2a: Chillionaire|Slowking-Galar, M, shiny|81/100|[from] U-turn
|move|p1a: Torkoal|Body Press|p2a: Chillionaire
|-resisted|p2a: Chillionaire
|-damage|p2a: Chillionaire|73/100
|
|-weather|SunnyDay|[upkeep]
|upkeep
|turn|14
|
|t:|1760312031
|move|p1a: Torkoal|Stealth Rock|p2a: Chillionaire
|-sidestart|p2: asmundowns|move: Stealth Rock
|move|p2a: Chillionaire|Sludge Bomb|p1a: Torkoal
|-damage|p1a: Torkoal|53/100
|
|-weather|SunnyDay|[upkeep]
|upkeep
|turn|15
|
|t:|1760312040
|switch|p1a: Great Tusk|Great Tusk|62/100
|-activate|p1a: Great Tusk|ability: Protosynthesis
|-start|p1a: Great Tusk|protosynthesisatk
|move|p2a: Chillionaire|Thunder Wave|p1a: Great Tusk
|-immune|p1a: Great Tusk
|
|-weather|SunnyDay|[upkeep]
|upkeep
|turn|16
|
|t:|1760312065
|move|p1a: Great Tusk|Headlong Rush|p2a: Chillionaire
|-supereffective|p2a: Chillionaire
|-damage|p2a: Chillionaire|0 fnt
|-unboost|p1a: Great Tusk|def|1
|-unboost|p1a: Great Tusk|spd|1
|faint|p2a: Chillionaire
|
|-weather|SunnyDay|[upkeep]
|upkeep
|
|t:|1760312074
|switch|p2a: Kristine|Cinderace, F, shiny|83/100
|turn|17
|
|t:|1760312100
|-end|p1a: Great Tusk|Protosynthesis|[silent]
|switch|p1a: Walking Wake|Walking Wake|100/100
|-activate|p1a: Walking Wake|ability: Protosynthesis
|-start|p1a: Walking Wake|protosynthesisspe
|move|p2a: Kristine|U-turn|p1a: Walking Wake
|-damage|p1a: Walking Wake|80/100
|
|t:|1760312106
|switch|p2a: Mr. Freeze|Kyurem, shiny|88/100|[from] U-turn
|-damage|p2a: Mr. Freeze|63/100|[from] Stealth Rock
|-ability|p2a: Mr. Freeze|Pressure
|
|-weather|SunnyDay|[upkeep]
|-heal|p2a: Mr. Freeze|69/100|[from] item: Leftovers
|upkeep
|turn|18
|
|t:|1760312116
|move|p1a: Walking Wake|Dragon Pulse|p2a: Mr. Freeze
|-supereffective|p2a: Mr. Freeze
|-damage|p2a: Mr. Freeze|0 fnt
|faint|p2a: Mr. Freeze
|
|-weather|SunnyDay|[upkeep]
|upkeep
|-message|asmundowns forfeited.
|
|win|AEFAA2
|raw|AEFAA2's rating: 1223 &rarr; <strong>1245</strong><br />(+22 for winning)
|raw|asmundowns's rating: 1185 &rarr; <strong>1163</strong><br />(-22 for losing)
|l|☆asmundowns
|player|p2|
