|j|☆jony483
|j|☆Gerryop
|t:|1760346767
|gametype|singles
|player|p1|jony483|misty|1542
|player|p2|Gerryop|2|1521
|gen|9
|tier|[Gen 9] OU
|rated|
|rule|HP Percentage Mod: HP is shown in percentages
|rule|Endless Battle Clause: Forcing endless battles is banned
|rule|Species Clause: Limit one of each Pokémon
|rule|OHKO Clause: OHKO moves are banned
|rule|Evasion Items Clause: Evasion items are banned
|rule|Evasion Moves Clause: Evasion moves are banned
|rule|Evasion Abilities Clause: Evasion abilities are banned
|rule|Sleep Moves Clause: Sleep-inducing moves are banned
|clearpoke
|poke|p1|Darkrai|
|poke|p1|Dragonite, M|
|poke|p1|Pecharunt|
|poke|p1|Zapdos|
|poke|p1|Ogerpon-Wellspring, F|
|poke|p1|Great Tusk|
|poke|p2|Alomomola, F|
|poke|p2|Goodra-Hisui, M|
|poke|p2|Fezandipiti, M|
|poke|p2|Gastrodon-East, F|
|poke|p2|Corviknight, M|
|poke|p2|Skeledirge, M|
|teampreview
|
|t:|1760346783
|teamsize|p1|6
|teamsize|p2|6
|start
|switch|p1a: Zapdos|Zapdos|100/100
|switch|p2a: Fezandipiti|Fezandipiti, M|100/100
|turn|1
|
|t:|1760346789
|switch|p1a: Pecharunt|Pecharunt|100/100
|move|p2a: Fezandipiti|Beat Up|p1a: Pecharunt
|-supereffective|p1a: Pecharunt
|-damage|p1a: Pecharunt|97/100
|-supereffective|p1a: Pecharunt
|-damage|p1a: Pecharunt|94/100
|-supereffective|p1a: Pecharunt
|-damage|p1a: Pecharunt|90/100
|-supereffective|p1a: Pecharunt
|-damage|p1a: Pecharunt|87/100
|-supereffective|p1a: Pecharunt
|-crit|p1a: Pecharunt
|-damage|p1a: Pecharunt|83/100
|-supereffective|p1a: Pecharunt
|-damage|p1a: Pecharunt|79/100
|-hitcount|p1a: Pecharunt|6
|
|upkeep
|turn|2
|
|t:|1760346802
|move|p2a: Fezandipiti|U-turn|p1a: Pecharunt
|-resisted|p1a: Pecharunt
|-damage|p1a: Pecharunt|78/100
|
|t:|1760346806
|switch|p2a: Corviknight|Corviknight, M|100/100|[from] U-turn
|-ability|p2a: Corviknight|Pressure
|move|p1a: Pecharunt|Parting Shot|p2a: Corviknight
|-unboost|p2a: Corviknight|atk|1
|-unboost|p2a: Corviknight|spa|1
|
|t:|1760346811
|switch|p1a: Zapdos|Zapdos|100/100|[from] Parting Shot
|
|upkeep
|turn|3
|
|t:|1760346824
|switch|p1a: Ogerpon|Ogerpon-Wellspring, F|100/100
|switch|p2a: Fezandipiti|Fezandipiti, M|100/100
|
|upkeep
|turn|4
|
|t:|1760346833
|switch|p1a: Pecharunt|Pecharunt|78/100
|move|p2a: Fezandipiti|U-turn|p1a: Pecharunt
|-resisted|p1a: Pecharunt
|-damage|p1a: Pecharunt|76/100
|
|t:|1760346841
|switch|p2a: Gastrodon|Gastrodon-East, F|100/100|[from] U-turn
|
|upkeep
|turn|5
|
|t:|1760346855
|switch|p1a: Ogerpon|Ogerpon-Wellspring, F|100/100
|switch|p2a: Corviknight|Corviknight, M|100/100
|-ability|p2a: Corviknight|Pressure
|
|upkeep
|turn|6
|
|t:|1760346864
|switch|p1a: Pecharunt|Pecharunt|76/100
|move|p2a: Corviknight|Drill Peck|p1a: Pecharunt
|-damage|p1a: Pecharunt|64/100
|
|upkeep
|turn|7
|
|t:|1760346872
|switch|p2a: Fezandipiti|Fezandipiti, M|100/100
|move|p1a: Pecharunt|Recover|p1a: Pecharunt
|-heal|p1a: Pecharunt|100/100
|
|upkeep
|turn|8
|
|t:|1760346883
|move|p2a: Fezandipiti|Beat Up|p1a: Pecharunt
|-supereffective|p1a: Pecharunt
|-damage|p1a: Pecharunt|97/100
|-supereffective|p1a: Pecharunt
|-damage|p1a: Pecharunt|94/100
|-supereffective|p1a: Pecharunt
|-damage|p1a: Pecharunt|90/100
|-supereffective|p1a: Pecharunt
|-damage|p1a: Pecharunt|88/100
|-supereffective|p1a: Pecharunt
|-damage|p1a: Pecharunt|85/100
|-supereffective|p1a: Pecharunt
|-damage|p1a: Pecharunt|82/100
|-hitcount|p1a: Pecharunt|6
|move|p1a: Pecharunt|Malignant Chain|p2a: Fezandipiti
|-damage|p2a: Fezandipiti|83/100
|
|-heal|p2a: Fezandipiti|89/100|[from] item: Leftovers
|upkeep
|turn|9
|
|t:|1760346900
|move|p2a: Fezandipiti|Beat Up|p1a: Pecharunt
|-supereffective|p1a: Pecharunt
|-damage|p1a: Pecharunt|78/100
|-supereffective|p1a: Pecharunt
|-damage|p1a: Pecharunt|75/100
|-supereffective|p1a: Pecharunt
|-damage|p1a: Pecharunt|72/100
|-supereffective|p1a: Pecharunt
|-damage|p1a: Pecharunt|69/100
|-supereffective|p1a: Pecharunt
|-damage|p1a: Pecharunt|66/100
|-supereffective|p1a: Pecharunt
|-damage|p1a: Pecharunt|63/100
|-hitcount|p1a: Pecharunt|6
|move|p1a: Pecharunt|Parting Shot|p2a: Fezandipiti
|-unboost|p2a: Fezandipiti|atk|1
|-unboost|p2a: Fezandipiti|spa|1
|
|t:|1760346910
|switch|p1a: Great Tusk|Great Tusk|100/100|[from] Parting Shot
|
|-heal|p2a: Fezandipiti|95/100|[from] item: Leftovers
|upkeep
|turn|10
|
|t:|1760346929
|switch|p2a: Alomomola|Alomomola, F|100/100
|move|p1a: Great Tusk|Stealth Rock|p2a: Alomomola
|-sidestart|p2: Gerryop|move: Stealth Rock
|
|upkeep
|turn|11
|
|t:|1760346936
|-end|p1a: Great Tusk|Protosynthesis|[silent]
|switch|p1a: Ogerpon|Ogerpon-Wellspring, F|100/100
|move|p2a: Alomomola|Wish|p2a: Alomomola
|
|upkeep
|turn|12
|
|t:|1760346943
|switch|p2a: Skeledirge|Skeledirge, M|100/100
|move|p1a: Ogerpon|Swords Dance|p1a: Ogerpon
|-boost|p1a: Ogerpon|atk|2
|
|upkeep
|turn|13
|
|t:|1760346952
|-terastallize|p2a: Skeledirge|Grass
|move|p1a: Ogerpon|Power Whip|p2a: Skeledirge
|-resisted|p2a: Skeledirge
|-damage|p2a: Skeledirge|79/100
|move|p2a: Skeledirge|Will-O-Wisp|p1a: Ogerpon|[miss]
|-miss|p2a: Skeledirge|p1a: Ogerpon
|
|upkeep
|turn|14
|
|t:|1760346962
|switch|p1a: Zapdos|Zapdos|100/100
|move|p2a: Skeledirge|Torch Song|p1a: Zapdos
|-damage|p1a: Zapdos|69/100
|-boost|p2a: Skeledirge|spa|1
|
|upkeep
|turn|15
|
|t:|1760346970
|switch|p2a: Fezandipiti|Fezandipiti, M|95/100
|-damage|p2a: Fezandipiti|83/100|[from] Stealth Rock
|move|p1a: Zapdos|Thunder Wave|p2a: Fezandipiti
|-status|p2a: Fezandipiti|par
|
|-heal|p2a: Fezandipiti|89/100 par|[from] item: Leftovers
|upkeep
|turn|16
|
|t:|1760346983
|move|p1a: Zapdos|Volt Switch|p2a: Fezandipiti
|-damage|p2a: Fezandipiti|71/100 par
|
|t:|1760346987
|switch|p1a: Great Tusk|Great Tusk|100/100|[from] Volt Switch
|cant|p2a: Fezandipiti|par
|
|-heal|p2a: Fezandipiti|77/100 par|[from] item: Leftovers
|upkeep
|turn|17
|
|t:|1760346995
|-end|p1a: Great Tusk|Protosynthesis|[silent]
|switch|p1a: Zapdos|Zapdos|69/100
|switch|p2a: Corviknight|Corviknight, M|100/100
|-ability|p2a: Corviknight|Pressure
|
|upkeep
|turn|18
|
|t:|1760347003
|switch|p2a: Gastrodon|Gastrodon-East, F|100/100
|-damage|p2a: Gastrodon|94/100|[from] Stealth Rock
|move|p1a: Zapdos|Hurricane|p2a: Gastrodon
|-damage|p2a: Gastrodon|60/100
|
|-heal|p2a: Gastrodon|67/100|[from] item: Leftovers
|upkeep
|turn|19
|
|t:|1760347019
|move|p1a: Zapdos|Hurricane|p2a: Gastrodon|[miss]
|-miss|p1a: Zapdos|p2a: Gastrodon
|move|p2a: Gastrodon|Recover|p2a: Gastrodon
|-heal|p2a: Gastrodon|100/100
|
|upkeep
|turn|20
|
|t:|1760347052
|move|p1a: Zapdos|Roost|p1a: Zapdos
|-heal|p1a: Zapdos|100/100
|-singleturn|p1a: Zapdos|move: Roost
|move|p2a: Gastrodon|Ice Beam|p1a: Zapdos
|-damage|p1a: Zapdos|81/100
|
|upkeep
|turn|21
|
|t:|1760347063
|switch|p1a: Ogerpon|Ogerpon-Wellspring, F|100/100
|move|p2a: Gastrodon|Ice Beam|p1a: Ogerpon
|-damage|p1a: Ogerpon|80/100
|
|upkeep
|turn|22
|
|t:|1760347070
|switch|p2a: Skeledirge|Skeledirge, M, tera:Grass|79/100
|move|p1a: Ogerpon|Ivy Cudgel|p2a: Skeledirge|[anim] Ivy Cudgel Water
|-resisted|p2a: Skeledirge
|-damage|p2a: Skeledirge|61/100
|
|upkeep
|turn|23
|
|t:|1760347077
|switch|p1a: Zapdos|Zapdos|81/100
|move|p2a: Skeledirge|Slack Off|p2a: Skeledirge
|-heal|p2a: Skeledirge|100/100
|
|upkeep
|turn|24
|
|t:|1760347083
|switch|p2a: Gastrodon|Gastrodon-East, F|100/100
|-damage|p2a: Gastrodon|94/100|[from] Stealth Rock
|move|p1a: Zapdos|Hurricane|p2a: Gastrodon
|-damage|p2a: Gastrodon|64/100
|-start|p2a: Gastrodon|confusion
|
|-heal|p2a: Gastrodon|70/100|[from] item: Leftovers
|upkeep
|turn|25
|
|t:|1760347097
|switch|p1a: Ogerpon|Ogerpon-Wellspring, F|80/100
|-activate|p2a: Gastrodon|confusion
|move|p2a: Gastrodon|Ice Beam|p1a: Ogerpon
|-damage|p1a: Ogerpon|55/100
|
|-heal|p2a: Gastrodon|76/100|[from] item: Leftovers
|upkeep
|turn|26
|
|t:|1760347106
|switch|p1a: Zapdos|Zapdos|81/100
|switch|p2a: Goodra|Goodra-Hisui, M|100/100
|-damage|p2a: Goodra|94/100|[from] Stealth Rock
|
|-heal|p2a: Goodra|100/100|[from] item: Leftovers
|upkeep
|turn|27
|
|t:|1760347117
|switch|p2a: Gastrodon|Gastrodon-East, F|76/100
|-damage|p2a: Gastrodon|70/100|[from] Stealth Rock
|move|p1a: Zapdos|Thunder Wave|p2a: Gastrodon
|-immune|p2a: Gastrodon
|
|-heal|p2a: Gastrodon|76/100|[from] item: Leftovers
|upkeep
|turn|28
|
|t:|1760347127
|switch|p1a: Pecharunt|Pecharunt|63/100
|move|p2a: Gastrodon|Ice Beam|p1a: Pecharunt
|-damage|p1a: Pecharunt|45/100
|
|-heal|p2a: Gastrodon|82/100|[from] item: Leftovers
|upkeep
|turn|29
|
|t:|1760347135
|move|p1a: Pecharunt|Parting Shot|p2a: Gastrodon
|-unboost|p2a: Gastrodon|atk|1
|-unboost|p2a: Gastrodon|spa|1
|
|t:|1760347142
|switch|p1a: Darkrai|Darkrai|100/100|[from] Parting Shot
|move|p2a: Gastrodon|Earthquake|p1a: Darkrai
|-damage|p1a: Darkrai|75/100
|
|-heal|p1a: Darkrai|81/100|[from] item: Leftovers
|-heal|p2a: Gastrodon|88/100|[from] item: Leftovers
|upkeep
|turn|30
|
|t:|1760347153
|switch|p2a: Goodra|Goodra-Hisui, M|100/100
|-damage|p2a: Goodra|94/100|[from] Stealth Rock
|move|p1a: Darkrai|Nasty Plot|p1a: Darkrai
|-boost|p1a: Darkrai|spa|2
|
|-heal|p1a: Darkrai|87/100|[from] item: Leftovers
|-heal|p2a: Goodra|100/100|[from] item: Leftovers
|upkeep
|turn|31
|
|t:|1760347162
|move|p1a: Darkrai|Dark Pulse|p2a: Goodra
|-damage|p2a: Goodra|54/100
|move|p2a: Goodra|Dragon Tail|p1a: Darkrai
|-damage|p1a: Darkrai|59/100
|drag|p1a: Zapdos|Zapdos|81/100
|
|-heal|p2a: Goodra|60/100|[from] item: Leftovers
|upkeep
|turn|32
|
|t:|1760347173
|switch|p2a: Gastrodon|Gastrodon-East, F|88/100
|-damage|p2a: Gastrodon|82/100|[from] Stealth Rock
|move|p1a: Zapdos|Volt Switch|p2a: Gastrodon
|-immune|p2a: Gastrodon
|
|-heal|p2a: Gastrodon|88/100|[from] item: Leftovers
|upkeep
|turn|33
|
|t:|1760347196
|switch|p1a: Pecharunt|Pecharunt|45/100
|move|p2a: Gastrodon|Ice Beam|p1a: Pecharunt
|-damage|p1a: Pecharunt|25/100
|
|-heal|p2a: Gastrodon|95/100|[from] item: Leftovers
|upkeep
|turn|34
|
|t:|1760347204
|move|p1a: Pecharunt|Recover|p1a: Pecharunt
|-heal|p1a: Pecharunt|75/100
|move|p2a: Gastrodon|Earthquake|p1a: Pecharunt
|-supereffective|p1a: Pecharunt
|-damage|p1a: Pecharunt|48/100
|
|-heal|p2a: Gastrodon|100/100|[from] item: Leftovers
|upkeep
|turn|35
|
|t:|1760347213
|switch|p2a: Corviknight|Corviknight, M|100/100
|-ability|p2a: Corviknight|Pressure
|move|p1a: Pecharunt|Recover|p1a: Pecharunt
|-heal|p1a: Pecharunt|98/100
|
|upkeep
|turn|36
|
|t:|1760347221
|move|p1a: Pecharunt|Parting Shot|p2a: Corviknight
|-unboost|p2a: Corviknight|atk|1
|-unboost|p2a: Corviknight|spa|1
|
|t:|1760347224
|switch|p1a: Zapdos|Zapdos|81/100|[from] Parting Shot
|move|p2a: Corviknight|Defog|p1a: Zapdos
|-unboost|p1a: Zapdos|evasion|1
|-sideend|p2: Gerryop|Stealth Rock|[from] move: Defog|[of] p2a: Corviknight
|
|upkeep
|turn|37
|
|t:|1760347232
|switch|p1a: Pecharunt|Pecharunt|98/100
|switch|p2a: Gastrodon|Gastrodon-East, F|100/100
|
|upkeep
|turn|38
|
|t:|1760347238
|switch|p2a: Corviknight|Corviknight, M|100/100
|-ability|p2a: Corviknight|Pressure
|move|p1a: Pecharunt|Parting Shot|p2a: Corviknight
|-unboost|p2a: Corviknight|atk|1
|-unboost|p2a: Corviknight|spa|1
|
|t:|1760347246
|switch|p1a: Zapdos|Zapdos|81/100|[from] Parting Shot
|
|upkeep
|turn|39
|
|t:|1760347251
|switch|p2a: Gastrodon|Gastrodon-East, F|100/100
|move|p1a: Zapdos|Hurricane|p2a: Gastrodon
|-damage|p2a: Gastrodon|67/100
|
|-heal|p2a: Gastrodon|73/100|[from] item: Leftovers
|upkeep
|turn|40
|
|t:|1760347260
|switch|p1a: Pecharunt|Pecharunt|98/100
|move|p2a: Gastrodon|Ice Beam|p1a: Pecharunt
|-damage|p1a: Pecharunt|78/100
|
|-heal|p2a: Gastrodon|79/100|[from] item: Leftovers
|upkeep
|turn|41
|
|t:|1760347268
|switch|p2a: Corviknight|Corviknight, M|100/100
|-ability|p2a: Corviknight|Pressure
|move|p1a: Pecharunt|Parting Shot|p2a: Corviknight
|-unboost|p2a: Corviknight|atk|1
|-unboost|p2a: Corviknight|spa|1
|
|t:|1760347276
|switch|p1a: Zapdos|Zapdos|81/100|[from] Parting Shot
|
|upkeep
|turn|42
|
|t:|1760347283
|switch|p1a: Great Tusk|Great Tusk|100/100
|switch|p2a: Gastrodon|Gastrodon-East, F|79/100
|
|-heal|p2a: Gastrodon|85/100|[from] item: Leftovers
|upkeep
|turn|43
|
|t:|1760347291
|move|p1a: Great Tusk|Stealth Rock|p2a: Gastrodon
|-sidestart|p2: Gerryop|move: Stealth Rock
|move|p2a: Gastrodon|Ice Beam|p1a: Great Tusk
|-supereffective|p1a: Great Tusk
|-damage|p1a: Great Tusk|43/100
|
|-heal|p2a: Gastrodon|92/100|[from] item: Leftovers
|upkeep
|turn|44
|
|t:|1760347299
|-end|p1a: Great Tusk|Protosynthesis|[silent]
|switch|p1a: Pecharunt|Pecharunt|78/100
|move|p2a: Gastrodon|Ice Beam|p1a: Pecharunt
|-damage|p1a: Pecharunt|60/100
|
|-heal|p2a: Gastrodon|98/100|[from] item: Leftovers
|upkeep
|turn|45
|
|t:|1760347307
|switch|p2a: Corviknight|Corviknight, M|100/100
|-ability|p2a: Corviknight|Pressure
|move|p1a: Pecharunt|Parting Shot|p2a: Corviknight
|-unboost|p2a: Corviknight|atk|1
|-unboost|p2a: Corviknight|spa|1
|
|t:|1760347310
|switch|p1a: Darkrai|Darkrai|59/100|[from] Parting Shot
|
|-heal|p1a: Darkrai|65/100|[from] item: Leftovers
|upkeep
|turn|46
|
|t:|1760347319
|move|p1a: Darkrai|Nasty Plot|p1a: Darkrai
|-boost|p1a: Darkrai|spa|2
|move|p2a: Corviknight|Body Press|p1a: Darkrai
|-supereffective|p1a: Darkrai
|-damage|p1a: Darkrai|0 fnt
|faint|p1a: Darkrai
|
|upkeep
|
|t:|1760347328
|switch|p1a: Zapdos|Zapdos|81/100
|turn|47
|
|t:|1760347332
|switch|p1a: Dragonite|Dragonite, M|100/100
|switch|p2a: Gastrodon|Gastrodon-East, F|98/100
|-damage|p2a: Gastrodon|92/100|[from] Stealth Rock
|
|-heal|p2a: Gastrodon|98/100|[from] item: Leftovers
|upkeep
|turn|48
|
|t:|1760347342
|switch|p2a: Skeledirge|Skeledirge, M, tera:Grass|100/100
|-terastallize|p1a: Dragonite|Normal
|move|p1a: Dragonite|Dragon Dance|p1a: Dragonite
|-boost|p1a: Dragonite|atk|1
|-boost|p1a: Dragonite|spe|1
|
|upkeep
|turn|49
|
|t:|1760347350
|switch|p1a: Zapdos|Zapdos|81/100
|move|p2a: Skeledirge|Will-O-Wisp|p1a: Zapdos
|-status|p1a: Zapdos|brn
|
|-damage|p1a: Zapdos|75/100 brn|[from] brn
|upkeep
|turn|50
|
|t:|1760347360
|switch|p1a: Ogerpon|Ogerpon-Wellspring, F|55/100
|switch|p2a: Gastrodon|Gastrodon-East, F|98/100
|-damage|p2a: Gastrodon|92/100|[from] Stealth Rock
|
|-heal|p2a: Gastrodon|98/100|[from] item: Leftovers
|upkeep
|turn|51
|
|t:|1760347370
|switch|p2a: Skeledirge|Skeledirge, M, tera:Grass|100/100
|move|p1a: Ogerpon|Play Rough|p2a: Skeledirge
|-damage|p2a: Skeledirge|78/100
|
|upkeep
|turn|52
|
|t:|1760347380
|switch|p1a: Pecharunt|Pecharunt|60/100
|move|p2a: Skeledirge|Torch Song|p1a: Pecharunt
|-damage|p1a: Pecharunt|27/100
|-boost|p2a: Skeledirge|spa|1
|
|upkeep
|turn|53
|
|t:|1760347388
|switch|p2a: Corviknight|Corviknight, M|100/100
|-ability|p2a: Corviknight|Pressure
|move|p1a: Pecharunt|Malignant Chain|p2a: Corviknight
|-immune|p2a: Corviknight
|
|upkeep
|turn|54
|
|t:|1760347397
|move|p1a: Pecharunt|Recover|p1a: Pecharunt
|-heal|p1a: Pecharunt|77/100
|move|p2a: Corviknight|Defog|p1a: Pecharunt
|-unboost|p1a: Pecharunt|evasion|1
|-sideend|p2: Gerryop|Stealth Rock|[from] move: Defog|[of] p2a: Corviknight
|
|upkeep
|turn|55
|
|t:|1760347405
|move|p1a: Pecharunt|Foul Play|p2a: Corviknight
|-damage|p2a: Corviknight|89/100
|move|p2a: Corviknight|Drill Peck|p1a: Pecharunt
|-damage|p1a: Pecharunt|65/100
|
|upkeep
|turn|56
|
|t:|1760347414
|switch|p2a: Fezandipiti|Fezandipiti, M|77/100 par
|move|p1a: Pecharunt|Foul Play|p2a: Fezandipiti
|-resisted|p2a: Fezandipiti
|-damage|p2a: Fezandipiti|66/100 par
|
|-heal|p2a: Fezandipiti|72/100 par|[from] item: Leftovers
|upkeep
|turn|57
|
|t:|1760347424
|move|p1a: Pecharunt|Foul Play|p2a: Fezandipiti
|-resisted|p2a: Fezandipiti
|-damage|p2a: Fezandipiti|61/100 par
|move|p2a: Fezandipiti|U-turn|p1a: Pecharunt
|-resisted|p1a: Pecharunt
|-damage|p1a: Pecharunt|64/100
|
|t:|1760347431
|switch|p2a: Goodra|Goodra-Hisui, M|60/100|[from] U-turn
|
|-heal|p2a: Goodra|66/100|[from] item: Leftovers
|upkeep
|turn|58
|
|t:|1760347440
|move|p1a: Pecharunt|Foul Play|p2a: Goodra
|-damage|p2a: Goodra|48/100
|move|p2a: Goodra|Dragon Tail|p1a: Pecharunt
|-damage|p1a: Pecharunt|53/100
|drag|p1a: Ogerpon|Ogerpon-Wellspring, F|55/100
|
|-heal|p2a: Goodra|54/100|[from] item: Leftovers
|upkeep
|turn|59
|
|t:|1760347450
|switch|p2a: Skeledirge|Skeledirge, M, tera:Grass|78/100
|move|p1a: Ogerpon|Play Rough|p2a: Skeledirge
|-damage|p2a: Skeledirge|56/100
|
|upkeep
|turn|60
|
|t:|1760347457
|switch|p1a: Pecharunt|Pecharunt|53/100
|move|p2a: Skeledirge|Slack Off|p2a: Skeledirge
|-heal|p2a: Skeledirge|100/100
|
|upkeep
|turn|61
|
|t:|1760347465
|move|p1a: Pecharunt|Parting Shot|p2a: Skeledirge
|-unboost|p2a: Skeledirge|atk|1
|-unboost|p2a: Skeledirge|spa|1
|
|t:|1760347472
|switch|p1a: Zapdos|Zapdos|75/100 brn|[from] Parting Shot
|move|p2a: Skeledirge|Will-O-Wisp|p1a: Zapdos
|-fail|p1a: Zapdos|brn
|
|-damage|p1a: Zapdos|69/100 brn|[from] brn
|upkeep
|turn|62
|
|t:|1760347487
|switch|p2a: Gastrodon|Gastrodon-East, F|98/100
|move|p1a: Zapdos|Hurricane|p2a: Gastrodon
|-damage|p2a: Gastrodon|63/100
|
|-heal|p2a: Gastrodon|69/100|[from] item: Leftovers
|-damage|p1a: Zapdos|63/100 brn|[from] brn
|upkeep
|turn|63
|
|t:|1760347496
|switch|p1a: Ogerpon|Ogerpon-Wellspring, F|55/100
|move|p2a: Gastrodon|Ice Beam|p1a: Ogerpon
|-damage|p1a: Ogerpon|34/100
|
|-heal|p2a: Gastrodon|75/100|[from] item: Leftovers
|upkeep
|turn|64
|
|t:|1760347506
|switch|p1a: Zapdos|Zapdos|63/100 brn
|switch|p2a: Alomomola|Alomomola, F|100/100
|
|-damage|p1a: Zapdos|57/100 brn|[from] brn
|upkeep
|turn|65
|
|t:|1760347514
|switch|p2a: Gastrodon|Gastrodon-East, F|75/100
|move|p1a: Zapdos|Roost|p1a: Zapdos
|-heal|p1a: Zapdos|100/100 brn
|-singleturn|p1a: Zapdos|move: Roost
|
|-heal|p2a: Gastrodon|81/100|[from] item: Leftovers
|-damage|p1a: Zapdos|94/100 brn|[from] brn
|upkeep
|turn|66
|
|t:|1760347524
|switch|p1a: Dragonite|Dragonite, M, tera:Normal|100/100
|move|p2a: Gastrodon|Ice Beam|p1a: Dragonite
|-damage|p1a: Dragonite|90/100
|
|-heal|p2a: Gastrodon|88/100|[from] item: Leftovers
|upkeep
|turn|67
|
|t:|1760347533
|switch|p2a: Skeledirge|Skeledirge, M, tera:Grass|100/100
|move|p1a: Dragonite|Ice Spinner|p2a: Skeledirge
|-supereffective|p2a: Skeledirge
|-damage|p2a: Skeledirge|65/100
|
|upkeep
|turn|68
|
|t:|1760347541
|move|p1a: Dragonite|Ice Spinner|p2a: Skeledirge
|-supereffective|p2a: Skeledirge
|-damage|p2a: Skeledirge|29/100
|move|p2a: Skeledirge|Hex|p1a: Dragonite
|-immune|p1a: Dragonite
|
|upkeep
|turn|69
|
|t:|1760347548
|switch|p2a: Alomomola|Alomomola, F|100/100
|move|p1a: Dragonite|Ice Spinner|p2a: Alomomola
|-resisted|p2a: Alomomola
|-damage|p2a: Alomomola|92/100
|-damage|p1a: Dragonite|74/100|[from] item: Rocky Helmet|[of] p2a: Alomomola
|
|upkeep
|turn|70
|
|t:|1760347557
|switch|p1a: Pecharunt|Pecharunt|53/100
|move|p2a: Alomomola|Wish|p2a: Alomomola
|
|upkeep
|turn|71
|
|t:|1760347566
|switch|p2a: Goodra|Goodra-Hisui, M|54/100
|move|p1a: Pecharunt|Parting Shot|p2a: Goodra
|-unboost|p2a: Goodra|atk|1
|-unboost|p2a: Goodra|spa|1
|
|t:|1760347572
|switch|p1a: Great Tusk|Great Tusk|43/100|[from] Parting Shot
|
|-heal|p2a: Goodra|100/100|[from] move: Wish|[wisher] Alomomola
|upkeep
|turn|72
|
|t:|1760347579
|switch|p2a: Alomomola|Alomomola, F|100/100
|move|p1a: Great Tusk|Stealth Rock|p2a: Alomomola
|-sidestart|p2: Gerryop|move: Stealth Rock
|
|upkeep
|turn|73
|
|t:|1760347585
|-end|p1a: Great Tusk|Protosynthesis|[silent]
|switch|p1a: Ogerpon|Ogerpon-Wellspring, F|34/100
|move|p2a: Alomomola|Wish|p2a: Alomomola
|
|upkeep
|turn|74
|
|t:|1760347614
|switch|p1a: Zapdos|Zapdos|94/100 brn
|switch|p2a: Skeledirge|Skeledirge, M, tera:Grass|29/100
|
|-heal|p2a: Skeledirge|94/100|[from] move: Wish|[wisher] Alomomola
|-damage|p1a: Zapdos|88/100 brn|[from] brn
|upkeep
|turn|75
|
|t:|1760347625
|switch|p2a: Gastrodon|Gastrodon-East, F|88/100
|-damage|p2a: Gastrodon|81/100|[from] Stealth Rock
|move|p1a: Zapdos|Hurricane|p2a: Gastrodon
|-damage|p2a: Gastrodon|51/100
|
|-heal|p2a: Gastrodon|57/100|[from] item: Leftovers
|-damage|p1a: Zapdos|82/100 brn|[from] brn
|upkeep
|turn|76
|
|t:|1760347637
|switch|p1a: Dragonite|Dragonite, M, tera:Normal|74/100
|move|p2a: Gastrodon|Recover|p2a: Gastrodon
|-heal|p2a: Gastrodon|100/100
|
|upkeep
|turn|77
|
|t:|1760347645
|switch|p2a: Skeledirge|Skeledirge, M, tera:Grass|94/100
|move|p1a: Dragonite|Ice Spinner|p2a: Skeledirge
|-supereffective|p2a: Skeledirge
|-damage|p2a: Skeledirge|58/100
|
|upkeep
|turn|78
|
|t:|1760347653
|switch|p1a: Zapdos|Zapdos|82/100 brn
|move|p2a: Skeledirge|Will-O-Wisp|p1a: Zapdos|[miss]
|-miss|p2a: Skeledirge|p1a: Zapdos
|
|-damage|p1a: Zapdos|76/100 brn|[from] brn
|upkeep
|turn|79
|
|t:|1760347662
|switch|p1a: Dragonite|Dragonite, M, tera:Normal|74/100
|switch|p2a: Corviknight|Corviknight, M|89/100
|-ability|p2a: Corviknight|Pressure
|
|upkeep
|turn|80
|
|t:|1760347670
|switch|p1a: Pecharunt|Pecharunt|53/100
|move|p2a: Corviknight|Defog|p1a: Pecharunt
|-unboost|p1a: Pecharunt|evasion|1
|-sideend|p2: Gerryop|Stealth Rock|[from] move: Defog|[of] p2a: Corviknight
|
|upkeep
|turn|81
|
|t:|1760347679
|switch|p2a: Alomomola|Alomomola, F|100/100
|move|p1a: Pecharunt|Recover|p1a: Pecharunt
|-heal|p1a: Pecharunt|100/100
|
|upkeep
|turn|82
|
|t:|1760347686
|switch|p2a: Corviknight|Corviknight, M|89/100
|-ability|p2a: Corviknight|Pressure
|move|p1a: Pecharunt|Malignant Chain|p2a: Corviknight
|-immune|p2a: Corviknight
|
|upkeep
|turn|83
|
|t:|1760347699
|switch|p2a: Fezandipiti|Fezandipiti, M|61/100 par
|move|p1a: Pecharunt|Foul Play|p2a: Fezandipiti
|-resisted|p2a: Fezandipiti
|-damage|p2a: Fezandipiti|49/100 par
|
|-heal|p2a: Fezandipiti|55/100 par|[from] item: Leftovers
|upkeep
|turn|84
|
|t:|1760347709
|move|p1a: Pecharunt|Foul Play|p2a: Fezandipiti
|-resisted|p2a: Fezandipiti
|-damage|p2a: Fezandipiti|44/100 par
|move|p2a: Fezandipiti|Roost|p2a: Fezandipiti
|-heal|p2a: Fezandipiti|94/100 par
|-singleturn|p2a: Fezandipiti|move: Roost
|
|-heal|p2a: Fezandipiti|99/100 par|[from] item: Leftovers
|upkeep
|turn|85
|
|t:|1760347717
|move|p1a: Pecharunt|Foul Play|p2a: Fezandipiti
|-resisted|p2a: Fezandipiti
|-damage|p2a: Fezandipiti|89/100 par
|move|p2a: Fezandipiti|U-turn|p1a: Pecharunt
|-resisted|p1a: Pecharunt
|-damage|p1a: Pecharunt|99/100
|
|t:|1760347726
|switch|p2a: Goodra|Goodra-Hisui, M|100/100|[from] U-turn
|
|upkeep
|turn|86
|
|t:|1760347733
|move|p1a: Pecharunt|Foul Play|p2a: Goodra
|-damage|p2a: Goodra|82/100
|move|p2a: Goodra|Curse|p2a: Goodra
|-unboost|p2a: Goodra|spe|1
|-boost|p2a: Goodra|atk|1
|-boost|p2a: Goodra|def|1
|
|-heal|p2a: Goodra|88/100|[from] item: Leftovers
|upkeep
|turn|87
|
|t:|1760347743
|move|p1a: Pecharunt|Parting Shot|p2a: Goodra
|-unboost|p2a: Goodra|atk|1
|-unboost|p2a: Goodra|spa|1
|
|t:|1760347747
|switch|p1a: Great Tusk|Great Tusk|43/100|[from] Parting Shot
|move|p2a: Goodra|Dragon Tail|p1a: Great Tusk
|-damage|p1a: Great Tusk|27/100
|-end|p1a: Great Tusk|Protosynthesis|[silent]
|drag|p1a: Dragonite|Dragonite, M, tera:Normal|74/100
|
|-heal|p2a: Goodra|94/100|[from] item: Leftovers
|upkeep
|turn|88
|
|t:|1760347757
|move|p1a: Dragonite|Earthquake|p2a: Goodra
|-supereffective|p2a: Goodra
|-damage|p2a: Goodra|54/100
|move|p2a: Goodra|Body Press|p1a: Dragonite
|-supereffective|p1a: Dragonite
|-damage|p1a: Dragonite|8/100
|
|-heal|p2a: Goodra|60/100|[from] item: Leftovers
|upkeep
|turn|89
|
|t:|1760347768
|move|p1a: Dragonite|Earthquake|p2a: Goodra
|-supereffective|p2a: Goodra
|-damage|p2a: Goodra|19/100
|move|p2a: Goodra|Body Press|p1a: Dragonite
|-supereffective|p1a: Dragonite
|-damage|p1a: Dragonite|0 fnt
|faint|p1a: Dragonite
|
|-heal|p2a: Goodra|25/100|[from] item: Leftovers
|upkeep
|
|t:|1760347774
|switch|p1a: Great Tusk|Great Tusk|27/100
|turn|90
|
|t:|1760347780
|switch|p2a: Alomomola|Alomomola, F|100/100
|move|p1a: Great Tusk|Ice Spinner|p2a: Alomomola
|-resisted|p2a: Alomomola
|-damage|p2a: Alomomola|93/100
|-damage|p1a: Great Tusk|10/100|[from] item: Rocky Helmet|[of] p2a: Alomomola
|
|upkeep
|turn|91
|
|t:|1760347788
|move|p1a: Great Tusk|Headlong Rush|p2a: Alomomola
|-damage|p2a: Alomomola|59/100
|-unboost|p1a: Great Tusk|def|1
|-unboost|p1a: Great Tusk|spd|1
|-damage|p1a: Great Tusk|0 fnt|[from] item: Rocky Helmet|[of] p2a: Alomomola
|faint|p1a: Great Tusk
|-end|p1a: Great Tusk|Protosynthesis|[silent]
|move|p2a: Alomomola|Wish|p2a: Alomomola
|
|upkeep
|
|t:|1760347791
|switch|p1a: Ogerpon|Ogerpon-Wellspring, F|34/100
|turn|92
|
|t:|1760347802
|switch|p2a: Skeledirge|Skeledirge, M, tera:Grass|58/100
|move|p1a: Ogerpon|Play Rough|p2a: Skeledirge
|-damage|p2a: Skeledirge|35/100
|
|-heal|p2a: Skeledirge|99/100|[from] move: Wish|[wisher] Alomomola
|upkeep
|turn|93
|
|t:|1760347811
|move|p1a: Ogerpon|Play Rough|p2a: Skeledirge
|-damage|p2a: Skeledirge|79/100
|move|p2a: Skeledirge|Hex|p1a: Ogerpon
|-damage|p1a: Ogerpon|4/100
|
|upkeep
|turn|94
|
|t:|1760347818
|move|p1a: Ogerpon|Play Rough|p2a: Skeledirge
|-damage|p2a: Skeledirge|58/100
|move|p2a: Skeledirge|Slack Off|p2a: Skeledirge
|-heal|p2a: Skeledirge|100/100
|
|upkeep
|turn|95
|
|t:|1760347825
|move|p1a: Ogerpon|Play Rough|p2a: Skeledirge
|-damage|p2a: Skeledirge|78/100
|move|p2a: Skeledirge|Torch Song|p1a: Ogerpon
|-damage|p1a: Ogerpon|0 fnt
|-boost|p2a: Skeledirge|spa|1
|faint|p1a: Ogerpon
|
|upkeep
|
|t:|1760347831
|switch|p1a: Zapdos|Zapdos|76/100 brn
|turn|96
|
|t:|1760347839
|switch|p2a: Fezandipiti|Fezandipiti, M|89/100 par
|move|p1a: Zapdos|Hurricane|p2a: Fezandipiti
|-damage|p2a: Fezandipiti|63/100 par
|-start|p2a: Fezandipiti|confusion
|
|-heal|p2a: Fezandipiti|70/100 par|[from] item: Leftovers
|-damage|p1a: Zapdos|70/100 brn|[from] brn
|upkeep
|turn|97
|
|t:|1760347849
|move|p1a: Zapdos|Hurricane|p2a: Fezandipiti|[miss]
|-miss|p1a: Zapdos|p2a: Fezandipiti
|-activate|p2a: Fezandipiti|confusion
|move|p2a: Fezandipiti|Roost|p2a: Fezandipiti
|-heal|p2a: Fezandipiti|100/100 par
|-singleturn|p2a: Fezandipiti|move: Roost
|
|-damage|p1a: Zapdos|64/100 brn|[from] brn
|upkeep
|turn|98
|
|t:|1760347858
|move|p1a: Zapdos|Hurricane|p2a: Fezandipiti|[miss]
|-miss|p1a: Zapdos|p2a: Fezandipiti
|-activate|p2a: Fezandipiti|confusion
|move|p2a: Fezandipiti|U-turn|p1a: Zapdos
|-resisted|p1a: Zapdos
|-damage|p1a: Zapdos|59/100 brn
|
|t:|1760347872
|switch|p2a: Goodra|Goodra-Hisui, M|25/100|[from] U-turn
|
|-heal|p2a: Goodra|31/100|[from] item: Leftovers
|-damage|p1a: Zapdos|53/100 brn|[from] brn
|upkeep
|turn|99
|
|t:|1760347880
|switch|p2a: Gastrodon|Gastrodon-East, F|100/100
|move|p1a: Zapdos|Thunder Wave|p2a: Gastrodon
|-immune|p2a: Gastrodon
|
|-damage|p1a: Zapdos|47/100 brn|[from] brn
|upkeep
|turn|100
|
|t:|1760347889
|move|p1a: Zapdos|Hurricane|p2a: Gastrodon
|-damage|p2a: Gastrodon|65/100
|move|p2a: Gastrodon|Ice Beam|p1a: Zapdos
|-supereffective|p1a: Zapdos
|-damage|p1a: Zapdos|7/100 brn
|
|-heal|p2a: Gastrodon|72/100|[from] item: Leftovers
|-damage|p1a: Zapdos|0 fnt|[from] brn
|faint|p1a: Zapdos
|upkeep
|
|t:|1760347895
|switch|p1a: Pecharunt|Pecharunt|99/100
|turn|101
|
|t:|1760347902
|switch|p2a: Corviknight|Corviknight, M|89/100
|-ability|p2a: Corviknight|Pressure
|move|p1a: Pecharunt|Foul Play|p2a: Corviknight
|-damage|p2a: Corviknight|77/100
|
|upkeep
|turn|102
|
|t:|1760347912
|move|p1a: Pecharunt|Foul Play|p2a: Corviknight
|-damage|p2a: Corviknight|66/100
|move|p2a: Corviknight|Defog|p1a: Pecharunt
|-unboost|p1a: Pecharunt|evasion|1
|
|upkeep
|turn|103
|
|t:|1760347919
|move|p1a: Pecharunt|Foul Play|p2a: Corviknight
|-damage|p2a: Corviknight|54/100
|move|p2a: Corviknight|Defog|p1a: Pecharunt
|-unboost|p1a: Pecharunt|evasion|1
|
|upkeep
|turn|104
|
|t:|1760347927
|move|p1a: Pecharunt|Foul Play|p2a: Corviknight
|-damage|p2a: Corviknight|42/100
|move|p2a: Corviknight|Defog|p1a: Pecharunt
|-unboost|p1a: Pecharunt|evasion|1
|
|upkeep
|turn|105
|
|t:|1760347940
|move|p1a: Pecharunt|Foul Play|p2a: Corviknight
|-damage|p2a: Corviknight|30/100
|move|p2a: Corviknight|Roost|p2a: Corviknight
|-heal|p2a: Corviknight|80/100
|-singleturn|p2a: Corviknight|move: Roost
|
|upkeep
|turn|106
|
|t:|1760347948
|move|p1a: Pecharunt|Foul Play|p2a: Corviknight
|-damage|p2a: Corviknight|69/100
|move|p2a: Corviknight|Drill Peck|p1a: Pecharunt
|-damage|p1a: Pecharunt|87/100
|
|upkeep
|turn|107
|
|t:|1760347954
|move|p1a: Pecharunt|Foul Play|p2a: Corviknight
|-damage|p2a: Corviknight|58/100
|move|p2a: Corviknight|Drill Peck|p1a: Pecharunt
|-damage|p1a: Pecharunt|75/100
|
|upkeep
|turn|108
|
|t:|1760347960
|move|p1a: Pecharunt|Foul Play|p2a: Corviknight
|-damage|p2a: Corviknight|46/100
|move|p2a: Corviknight|Drill Peck|p1a: Pecharunt
|-damage|p1a: Pecharunt|63/100
|
|upkeep
|turn|109
|
|t:|1760347967
|move|p1a: Pecharunt|Malignant Chain|p2a: Corviknight
|-immune|p2a: Corviknight
|move|p2a: Corviknight|Drill Peck|p1a: Pecharunt
|-crit|p1a: Pecharunt
|-damage|p1a: Pecharunt|46/100
|
|upkeep
|turn|110
|
|t:|1760347974
|move|p1a: Pecharunt|Malignant Chain|p2a: Corviknight
|-immune|p2a: Corviknight
|move|p2a: Corviknight|Roost|p2a: Corviknight
|-heal|p2a: Corviknight|96/100
|-singleturn|p2a: Corviknight|move: Roost
|
|upkeep
|turn|111
|
|t:|1760347981
|move|p1a: Pecharunt|Parting Shot|p2a: Corviknight
|-unboost|p2a: Corviknight|atk|1
|-unboost|p2a: Corviknight|spa|1
|move|p2a: Corviknight|Drill Peck|p1a: Pecharunt
|-damage|p1a: Pecharunt|38/100
|
|upkeep
|turn|112
|
|t:|1760347988
|move|p1a: Pecharunt|Parting Shot|p2a: Corviknight
|-unboost|p2a: Corviknight|atk|1
|-unboost|p2a: Corviknight|spa|1
|move|p2a: Corviknight|Drill Peck|p1a: Pecharunt
|-damage|p1a: Pecharunt|33/100
|
|upkeep
|turn|113
|
|t:|1760347995
|switch|p2a: Skeledirge|Skeledirge, M, tera:Grass|78/100
|move|p1a: Pecharunt|Parting Shot|p2a: Skeledirge
|-unboost|p2a: Skeledirge|atk|1
|-unboost|p2a: Skeledirge|spa|1
|
|upkeep
|turn|114
|
|t:|1760348001
|move|p1a: Pecharunt|Parting Shot|p2a: Skeledirge
|-unboost|p2a: Skeledirge|atk|1
|-unboost|p2a: Skeledirge|spa|1
|move|p2a: Skeledirge|Will-O-Wisp|p1a: Pecharunt
|-status|p1a: Pecharunt|brn
|
|-damage|p1a: Pecharunt|27/100 brn|[from] brn
|upkeep
|turn|115
|
|t:|1760348010
|move|p1a: Pecharunt|Parting Shot|p2a: Skeledirge
|-unboost|p2a: Skeledirge|atk|1
|-unboost|p2a: Skeledirge|spa|1
|move|p2a: Skeledirge|Hex|p1a: Pecharunt
|-supereffective|p1a: Pecharunt
|-damage|p1a: Pecharunt|0 fnt
|faint|p1a: Pecharunt
|
|win|Gerryop
|raw|jony483's rating: 1542 &rarr; <strong>1521</strong><br />(-21 for losing)
|raw|Gerryop's rating: 1521 &rarr; <strong>1542</strong><br />(+21 for winning)
|l|☆Gerryop
|player|p2|
|l|☆jony483
|player|p1|
