|j|‽Settleslugger
|j|☆smilingkyogre
|t:|1760419800
|gametype|singles
|player|p1|Settleslugger|1|1420
|player|p2|smilingkyogre|pokekid|1507
|gen|9
|tier|[Gen 9] OU
|rated|
|rule|HP Percentage Mod: HP is shown in percentages
|rule|Endless Battle Clause: Forcing endless battles is banned
|rule|Species Clause: Limit one of each Pokémon
|rule|OHKO Clause: OHKO moves are banned
|rule|Evasion Items Clause: Evasion items are banned
|rule|Evasion Moves Clause: Evasion moves are banned
|rule|Evasion Abilities Clause: Evasion abilities are banned
|rule|Sleep Moves Clause: Sleep-inducing moves are banned
|clearpoke
|poke|p1|Blissey, F|
|poke|p1|Corviknight, M|
|poke|p1|Dragonite, M|
|poke|p1|Enamorus, F|
|poke|p1|Gliscor, M|
|poke|p1|Kingambit, M|
|poke|p2|Hatterene, F|
|poke|p2|Hydrapple, F|
|poke|p2|Kingambit, F|
|poke|p2|Great Tusk|
|poke|p2|Moltres|
|poke|p2|Zamazenta-*|
|teampreview
|inactive|Battle timer is ON: inactive players will automatically lose when time's up. (requested by smilingkyogre)
|
|t:|1760419820
|teamsize|p1|6
|teamsize|p2|6
|start
|switch|p1a: Blissey|Blissey, F|100/100
|switch|p2a: Hydrapple|Hydrapple, F|100/100
|turn|1
|
|t:|1760419826
|switch|p2a: Kingambit|Kingambit, F|100/100
|move|p1a: Blissey|Stealth Rock|p2a: Kingambit
|-sidestart|p2: smilingkyogre|move: Stealth Rock
|
|upkeep
|turn|2
|
|t:|1760419832
|switch|p1a: Corviknight|Corviknight, M|100/100
|-ability|p1a: Corviknight|Pressure
|move|p2a: Kingambit|Kowtow Cleave|p1a: Corviknight
|-damage|p1a: Corviknight|70/100
|-damage|p2a: Kingambit|84/100|[from] item: Rocky Helmet|[of] p1a: Corviknight
|
|-heal|p2a: Kingambit|90/100|[from] item: Leftovers
|upkeep
|turn|3
|
|t:|1760419838
|-end|p2a: Kingambit|fallenundefined|[silent]
|switch|p2a: Great Tusk|Great Tusk|100/100
|-damage|p2a: Great Tusk|98/100|[from] Stealth Rock
|move|p1a: Corviknight|U-turn|p2a: Great Tusk
|-resisted|p2a: Great Tusk
|-damage|p2a: Great Tusk|92/100
|-damage|p1a: Corviknight|54/100|[from] item: Rocky Helmet|[of] p2a: Great Tusk
|
|t:|1760419841
|switch|p1a: Gliscor|Gliscor, M|100/100|[from] U-turn
|
|-status|p1a: Gliscor|tox|[from] item: Toxic Orb
|upkeep
|turn|4
|
|t:|1760419844
|move|p2a: Great Tusk|Rapid Spin|p1a: Gliscor
|-damage|p1a: Gliscor|89/100 tox
|-boost|p2a: Great Tusk|spe|1
|-sideend|p2: smilingkyogre|Stealth Rock|[from] move: Rapid Spin|[of] p2a: Great Tusk
|move|p1a: Gliscor|Substitute|p1a: Gliscor
|-start|p1a: Gliscor|Substitute
|-damage|p1a: Gliscor|64/100 tox
|
|-heal|p1a: Gliscor|76/100 tox|[from] ability: Poison Heal
|upkeep
|turn|5
|
|t:|1760419847
|move|p2a: Great Tusk|Ice Spinner|p1a: Gliscor
|-supereffective|p1a: Gliscor
|-end|p1a: Gliscor|Substitute
|move|p1a: Gliscor|Toxic|p2a: Great Tusk|[miss]
|-miss|p1a: Gliscor|p2a: Great Tusk
|
|-heal|p1a: Gliscor|88/100 tox|[from] ability: Poison Heal
|upkeep
|turn|6
|
|t:|1760419852
|move|p1a: Gliscor|Protect|p1a: Gliscor
|-singleturn|p1a: Gliscor|Protect
|move|p2a: Great Tusk|Ice Spinner|p1a: Gliscor
|-activate|p1a: Gliscor|move: Protect
|
|-heal|p1a: Gliscor|100/100 tox|[from] ability: Poison Heal
|upkeep
|turn|7
|
|t:|1760419856
|-end|p2a: Great Tusk|Protosynthesis|[silent]
|switch|p2a: Moltres|Moltres|100/100
|switch|p1a: Corviknight|Corviknight, M|54/100
|-ability|p1a: Corviknight|Pressure
|
|upkeep
|turn|8
|
|t:|1760419859
|switch|p1a: Blissey|Blissey, F|100/100
|move|p2a: Moltres|Flamethrower|p1a: Blissey
|-damage|p1a: Blissey|88/100
|
|-heal|p1a: Blissey|94/100|[from] item: Leftovers
|upkeep
|turn|9
|
|t:|1760419862
|move|p2a: Moltres|Brave Bird|p1a: Blissey
|-damage|p1a: Blissey|53/100
|-damage|p2a: Moltres|77/100|[from] Recoil
|move|p1a: Blissey|Stealth Rock|p2a: Moltres
|-sidestart|p2: smilingkyogre|move: Stealth Rock
|
|-heal|p1a: Blissey|59/100|[from] item: Leftovers
|upkeep
|turn|10
|
|t:|1760419864
|move|p2a: Moltres|Brave Bird|p1a: Blissey
|-damage|p1a: Blissey|18/100
|-damage|p2a: Moltres|53/100|[from] Recoil
|move|p1a: Blissey|Soft-Boiled|p1a: Blissey
|-heal|p1a: Blissey|68/100
|
|-heal|p1a: Blissey|74/100|[from] item: Leftovers
|upkeep
|turn|11
|
|t:|1760419868
|switch|p2a: Great Tusk|Great Tusk|92/100
|-damage|p2a: Great Tusk|89/100|[from] Stealth Rock
|switch|p1a: Corviknight|Corviknight, M|54/100
|-ability|p1a: Corviknight|Pressure
|
|upkeep
|turn|12
|
|t:|1760419870
|move|p2a: Great Tusk|Rapid Spin|p1a: Corviknight
|-resisted|p1a: Corviknight
|-damage|p1a: Corviknight|49/100
|-boost|p2a: Great Tusk|spe|1
|-damage|p2a: Great Tusk|73/100|[from] item: Rocky Helmet|[of] p1a: Corviknight
|-sideend|p2: smilingkyogre|Stealth Rock|[from] move: Rapid Spin|[of] p2a: Great Tusk
|move|p1a: Corviknight|Roost|p1a: Corviknight
|-heal|p1a: Corviknight|99/100
|-singleturn|p1a: Corviknight|move: Roost
|
|upkeep
|turn|13
|
|t:|1760419874
|-end|p2a: Great Tusk|Protosynthesis|[silent]
|switch|p2a: Moltres|Moltres|53/100
|move|p1a: Corviknight|U-turn|p2a: Moltres
|-resisted|p2a: Moltres
|-damage|p2a: Moltres|50/100
|-status|p1a: Corviknight|brn|[from] ability: Flame Body|[of] p2a: Moltres
|
|t:|1760419883
|switch|p1a: Gliscor|Gliscor, M|100/100 tox|[from] U-turn
|
|upkeep
|turn|14
|
|t:|1760419891
|switch|p2a: Hatterene|Hatterene, F|100/100
|move|p1a: Gliscor|Toxic|p2a: Hatterene
|move|p2a: Hatterene|Toxic|p1a: Gliscor|[from] ability: Magic Bounce
|-fail|p1a: Gliscor|tox
|
|upkeep
|turn|15
|
|t:|1760419898
|move|p1a: Gliscor|Earthquake|p2a: Hatterene
|-damage|p2a: Hatterene|65/100
|move|p2a: Hatterene|Psychic Noise|p1a: Gliscor
|-damage|p1a: Gliscor|48/100 tox
|-start|p1a: Gliscor|move: Heal Block
|
|upkeep
|turn|16
|
|t:|1760419919
|switch|p1a: Blissey|Blissey, F|74/100
|switch|p2a: Great Tusk|Great Tusk|73/100
|
|-heal|p1a: Blissey|80/100|[from] item: Leftovers
|upkeep
|turn|17
|
|t:|1760419924
|switch|p1a: Corviknight|Corviknight, M|99/100 brn
|-ability|p1a: Corviknight|Pressure
|move|p2a: Great Tusk|Close Combat|p1a: Corviknight
|-damage|p1a: Corviknight|59/100 brn
|-unboost|p2a: Great Tusk|def|1
|-unboost|p2a: Great Tusk|spd|1
|-damage|p2a: Great Tusk|57/100|[from] item: Rocky Helmet|[of] p1a: Corviknight
|
|-damage|p1a: Corviknight|53/100 brn|[from] brn
|upkeep
|turn|18
|
|t:|1760419932
|move|p2a: Great Tusk|Close Combat|p1a: Corviknight
|-damage|p1a: Corviknight|15/100 brn
|-unboost|p2a: Great Tusk|def|1
|-unboost|p2a: Great Tusk|spd|1
|-damage|p2a: Great Tusk|40/100|[from] item: Rocky Helmet|[of] p1a: Corviknight
|move|p1a: Corviknight|Roost|p1a: Corviknight
|-heal|p1a: Corviknight|65/100 brn
|-singleturn|p1a: Corviknight|move: Roost
|
|-damage|p1a: Corviknight|59/100 brn|[from] brn
|upkeep
|turn|19
|
|t:|1760419935
|-end|p2a: Great Tusk|Protosynthesis|[silent]
|switch|p2a: Moltres|Moltres|50/100
|move|p1a: Corviknight|Roost|p1a: Corviknight
|-heal|p1a: Corviknight|100/100 brn
|-singleturn|p1a: Corviknight|move: Roost
|
|-damage|p1a: Corviknight|94/100 brn|[from] brn
|upkeep
|turn|20
|
|t:|1760419942
|switch|p1a: Blissey|Blissey, F|80/100
|move|p2a: Moltres|Roost|p2a: Moltres
|-heal|p2a: Moltres|99/100
|-singleturn|p2a: Moltres|move: Roost
|
|-heal|p1a: Blissey|86/100|[from] item: Leftovers
|upkeep
|turn|21
|
|t:|1760419946
|switch|p2a: Hatterene|Hatterene, F|65/100
|switch|p1a: Gliscor|Gliscor, M|48/100 tox
|
|-heal|p1a: Gliscor|60/100 tox|[from] ability: Poison Heal
|upkeep
|turn|22
|
|t:|1760419948
|move|p1a: Gliscor|Protect|p1a: Gliscor
|-singleturn|p1a: Gliscor|Protect
|move|p2a: Hatterene|Psychic Noise|p1a: Gliscor
|-activate|p1a: Gliscor|move: Protect
|
|-heal|p1a: Gliscor|73/100 tox|[from] ability: Poison Heal
|upkeep
|turn|23
|
|t:|1760419953
|switch|p1a: Blissey|Blissey, F|86/100
|move|p2a: Hatterene|Psychic Noise|p1a: Blissey
|-damage|p1a: Blissey|76/100
|-start|p1a: Blissey|move: Heal Block
|
|upkeep
|turn|24
|
|t:|1760419962
|move|p1a: Blissey|Seismic Toss|p2a: Hatterene
|-damage|p2a: Hatterene|33/100
|move|p2a: Hatterene|Draining Kiss|p1a: Blissey
|-damage|p1a: Blissey|69/100
|-heal|p2a: Hatterene|44/100|[from] drain|[of] p1a: Blissey
|
|-end|p1a: Blissey|move: Heal Block
|upkeep
|turn|25
|
|t:|1760419968
|switch|p2a: Kingambit|Kingambit, F|90/100
|move|p1a: Blissey|Stealth Rock|p2a: Kingambit
|-sidestart|p2: smilingkyogre|move: Stealth Rock
|
|-heal|p1a: Blissey|75/100|[from] item: Leftovers
|-heal|p2a: Kingambit|96/100|[from] item: Leftovers
|upkeep
|turn|26
|
|t:|1760419972
|switch|p1a: Corviknight|Corviknight, M|94/100 brn
|-ability|p1a: Corviknight|Pressure
|-end|p2a: Kingambit|fallenundefined|[silent]
|switch|p2a: Moltres|Moltres|99/100
|
|-damage|p1a: Corviknight|88/100 brn|[from] brn
|upkeep
|turn|27
|
|t:|1760419981
|switch|p1a: Blissey|Blissey, F|75/100
|move|p2a: Moltres|Brave Bird|p1a: Blissey
|-damage|p1a: Blissey|28/100
|-damage|p2a: Moltres|73/100|[from] Recoil
|
|-heal|p1a: Blissey|34/100|[from] item: Leftovers
|upkeep
|turn|28
|
|t:|1760419987
|switch|p1a: Corviknight|Corviknight, M|88/100 brn
|-ability|p1a: Corviknight|Pressure
|move|p2a: Moltres|Flamethrower|p1a: Corviknight
|-supereffective|p1a: Corviknight
|-damage|p1a: Corviknight|21/100 brn
|
|-damage|p1a: Corviknight|15/100 brn|[from] brn
|upkeep
|turn|29
|
|t:|1760419993
|move|p2a: Moltres|Flamethrower|p1a: Corviknight
|-supereffective|p1a: Corviknight
|-damage|p1a: Corviknight|0 fnt
|faint|p1a: Corviknight
|
|upkeep
|
|t:|1760419996
|switch|p1a: Gliscor|Gliscor, M|73/100 tox
|turn|30
|
|t:|1760420004
|switch|p2a: Hatterene|Hatterene, F|44/100
|-damage|p2a: Hatterene|32/100|[from] Stealth Rock
|move|p1a: Gliscor|Substitute|p1a: Gliscor
|-start|p1a: Gliscor|Substitute
|-damage|p1a: Gliscor|48/100 tox
|
|-heal|p1a: Gliscor|60/100 tox|[from] ability: Poison Heal
|upkeep
|turn|31
|
|t:|1760420007
|move|p1a: Gliscor|Earthquake|p2a: Hatterene
|-damage|p2a: Hatterene|0 fnt
|faint|p2a: Hatterene
|
|-heal|p1a: Gliscor|72/100 tox|[from] ability: Poison Heal
|upkeep
|
|t:|1760420018
|switch|p2a: Hydrapple|Hydrapple, F|100/100
|-damage|p2a: Hydrapple|88/100|[from] Stealth Rock
|turn|32
|
|t:|1760420020
|-terastallize|p2a: Hydrapple|Steel
|move|p1a: Gliscor|Toxic|p2a: Hydrapple
|-immune|p2a: Hydrapple
|move|p2a: Hydrapple|Giga Drain|p1a: Gliscor
|-end|p1a: Gliscor|Substitute
|-heal|p2a: Hydrapple|97/100|[from] drain|[of] p1a: Gliscor
|
|-heal|p1a: Gliscor|84/100 tox|[from] ability: Poison Heal
|upkeep
|turn|33
|
|t:|1760420025
|move|p1a: Gliscor|Protect|p1a: Gliscor
|-singleturn|p1a: Gliscor|Protect
|move|p2a: Hydrapple|Giga Drain|p1a: Gliscor
|-activate|p1a: Gliscor|move: Protect
|
|-heal|p1a: Gliscor|97/100 tox|[from] ability: Poison Heal
|upkeep
|turn|34
|
|t:|1760420028
|switch|p1a: Blissey|Blissey, F|34/100
|switch|p2a: Great Tusk|Great Tusk|40/100
|-damage|p2a: Great Tusk|37/100|[from] Stealth Rock
|
|-heal|p1a: Blissey|41/100|[from] item: Leftovers
|upkeep
|turn|35
|
|t:|1760420034
|move|p2a: Great Tusk|Rapid Spin|p1a: Blissey
|-damage|p1a: Blissey|23/100
|-boost|p2a: Great Tusk|spe|1
|-sideend|p2: smilingkyogre|Stealth Rock|[from] move: Rapid Spin|[of] p2a: Great Tusk
|move|p1a: Blissey|Seismic Toss|p2a: Great Tusk
|-damage|p2a: Great Tusk|10/100
|-damage|p1a: Blissey|6/100|[from] item: Rocky Helmet|[of] p2a: Great Tusk
|
|-heal|p1a: Blissey|13/100|[from] item: Leftovers
|upkeep
|turn|36
|
|t:|1760420038
|move|p2a: Great Tusk|Ice Spinner|p1a: Blissey
|-crit|p1a: Blissey
|-damage|p1a: Blissey|0 fnt
|faint|p1a: Blissey
|
|upkeep
|
|t:|1760420042
|switch|p1a: Enamorus|Enamorus, F|100/100
|turn|37
|
|t:|1760420048
|-terastallize|p1a: Enamorus|Stellar
|move|p1a: Enamorus|Tera Blast|p2a: Great Tusk|[anim] Tera Blast Stellar
|-damage|p2a: Great Tusk|0 fnt
|-boost|p1a: Enamorus|atk|1
|-boost|p1a: Enamorus|spa|1
|faint|p2a: Great Tusk
|-end|p2a: Great Tusk|Protosynthesis|[silent]
|
|upkeep
|
|t:|1760420053
|switch|p2a: Kingambit|Kingambit, F|96/100
|-activate|p2a: Kingambit|ability: Supreme Overlord
|-start|p2a: Kingambit|fallen2|[silent]
|turn|38
|
|t:|1760420056
|switch|p1a: Gliscor|Gliscor, M|97/100 tox
|move|p2a: Kingambit|Iron Head|p1a: Gliscor
|-damage|p1a: Gliscor|55/100 tox
|
|-heal|p2a: Kingambit|100/100|[from] item: Leftovers
|-heal|p1a: Gliscor|68/100 tox|[from] ability: Poison Heal
|upkeep
|turn|39
|
|t:|1760420059
|-end|p2a: Kingambit|fallen2|[silent]
|switch|p2a: Hydrapple|Hydrapple, F, tera:Steel|100/100
|move|p1a: Gliscor|Substitute|p1a: Gliscor
|-start|p1a: Gliscor|Substitute
|-damage|p1a: Gliscor|43/100 tox
|
|-heal|p1a: Gliscor|55/100 tox|[from] ability: Poison Heal
|upkeep
|turn|40
|
|t:|1760420061
|move|p1a: Gliscor|Earthquake|p2a: Hydrapple
|-supereffective|p2a: Hydrapple
|-damage|p2a: Hydrapple|41/100
|move|p2a: Hydrapple|Giga Drain|p1a: Gliscor
|-end|p1a: Gliscor|Substitute
|-heal|p2a: Hydrapple|50/100|[from] drain|[of] p1a: Gliscor
|
|-heal|p1a: Gliscor|67/100 tox|[from] ability: Poison Heal
|upkeep
|turn|41
|
|t:|1760420068
|switch|p2a: Moltres|Moltres|73/100
|move|p1a: Gliscor|Substitute|p1a: Gliscor
|-start|p1a: Gliscor|Substitute
|-damage|p1a: Gliscor|42/100 tox
|
|-heal|p1a: Gliscor|55/100 tox|[from] ability: Poison Heal
|upkeep
|turn|42
|
|t:|1760420070
|move|p1a: Gliscor|Toxic|p2a: Moltres|[miss]
|-miss|p1a: Gliscor|p2a: Moltres
|move|p2a: Moltres|Roost|p2a: Moltres
|-heal|p2a: Moltres|100/100
|-singleturn|p2a: Moltres|move: Roost
|
|-heal|p1a: Gliscor|67/100 tox|[from] ability: Poison Heal
|upkeep
|turn|43
|
|t:|1760420073
|move|p1a: Gliscor|Toxic|p2a: Moltres
|-status|p2a: Moltres|tox
|move|p2a: Moltres|Roar|p1a: Gliscor
|drag|p1a: Kingambit|Kingambit, M|100/100
|-activate|p1a: Kingambit|ability: Supreme Overlord
|-start|p1a: Kingambit|fallen2|[silent]
|
|-damage|p2a: Moltres|94/100 tox|[from] psn
|upkeep
|turn|44
|
|t:|1760420082
|-end|p1a: Kingambit|fallen2|[silent]
|switch|p1a: Dragonite|Dragonite, M|100/100
|move|p2a: Moltres|Flamethrower|p1a: Dragonite
|-resisted|p1a: Dragonite
|-damage|p1a: Dragonite|91/100
|
|-damage|p2a: Moltres|82/100 tox|[from] psn
|upkeep
|turn|45
|
|t:|1760420085
|switch|p1a: Gliscor|Gliscor, M|67/100 tox
|move|p2a: Moltres|Roar|p1a: Gliscor
|drag|p1a: Enamorus|Enamorus, F, tera:Stellar|100/100
|
|-damage|p2a: Moltres|64/100 tox|[from] psn
|upkeep
|turn|46
|
|t:|1760420096
|switch|p2a: Zamazenta|Zamazenta|100/100
|-ability|p2a: Zamazenta|Dauntless Shield|boost
|-boost|p2a: Zamazenta|def|1
|move|p1a: Enamorus|Tera Blast|p2a: Zamazenta|[anim] Tera Blast Stellar
|-damage|p2a: Zamazenta|72/100
|-boost|p1a: Enamorus|atk|1
|-boost|p1a: Enamorus|spa|1
|
|-heal|p2a: Zamazenta|78/100|[from] item: Leftovers
|upkeep
|turn|47
|
|t:|1760420103
|switch|p1a: Gliscor|Gliscor, M|67/100 tox
|move|p2a: Zamazenta|Body Press|p1a: Gliscor
|-resisted|p1a: Gliscor
|-damage|p1a: Gliscor|49/100 tox
|
|-heal|p2a: Zamazenta|85/100|[from] item: Leftovers
|-heal|p1a: Gliscor|61/100 tox|[from] ability: Poison Heal
|upkeep
|turn|48
|
|t:|1760420107
|switch|p2a: Hydrapple|Hydrapple, F, tera:Steel|83/100
|move|p1a: Gliscor|Toxic|p2a: Hydrapple
|-immune|p2a: Hydrapple
|
|-heal|p1a: Gliscor|73/100 tox|[from] ability: Poison Heal
|upkeep
|turn|49
|
|t:|1760420111
|move|p1a: Gliscor|Protect|p1a: Gliscor
|-singleturn|p1a: Gliscor|Protect
|move|p2a: Hydrapple|Leaf Storm|p1a: Gliscor
|-activate|p1a: Gliscor|move: Protect
|
|-heal|p1a: Gliscor|85/100 tox|[from] ability: Poison Heal
|upkeep
|turn|50
|
|t:|1760420116
|switch|p1a: Kingambit|Kingambit, M|100/100
|-activate|p1a: Kingambit|ability: Supreme Overlord
|-start|p1a: Kingambit|fallen2|[silent]
|move|p2a: Hydrapple|Leaf Storm|p1a: Kingambit
|-resisted|p1a: Kingambit
|-damage|p1a: Kingambit|42/100
|-unboost|p2a: Hydrapple|spa|2
|
|-heal|p1a: Kingambit|48/100|[from] item: Leftovers
|upkeep
|turn|51
|
|t:|1760420121
|-end|p1a: Kingambit|fallen2|[silent]
|switch|p1a: Gliscor|Gliscor, M|85/100 tox
|switch|p2a: Zamazenta|Zamazenta|85/100
|
|-heal|p2a: Zamazenta|91/100|[from] item: Leftovers
|-heal|p1a: Gliscor|98/100 tox|[from] ability: Poison Heal
|upkeep
|turn|52
|
|t:|1760420123
|switch|p2a: Hydrapple|Hydrapple, F, tera:Steel|100/100
|move|p1a: Gliscor|Substitute|p1a: Gliscor
|-start|p1a: Gliscor|Substitute
|-damage|p1a: Gliscor|73/100 tox
|
|-heal|p1a: Gliscor|85/100 tox|[from] ability: Poison Heal
|upkeep
|turn|53
|
|t:|1760420127
|move|p1a: Gliscor|Earthquake|p2a: Hydrapple
|-supereffective|p2a: Hydrapple
|-damage|p2a: Hydrapple|36/100
|move|p2a: Hydrapple|Giga Drain|p1a: Gliscor
|-end|p1a: Gliscor|Substitute
|-heal|p2a: Hydrapple|44/100|[from] drain|[of] p1a: Gliscor
|
|-heal|p1a: Gliscor|97/100 tox|[from] ability: Poison Heal
|upkeep
|turn|54
|
|t:|1760420132
|move|p1a: Gliscor|Substitute|p1a: Gliscor
|-start|p1a: Gliscor|Substitute
|-damage|p1a: Gliscor|73/100 tox
|move|p2a: Hydrapple|Giga Drain|p1a: Gliscor
|-end|p1a: Gliscor|Substitute
|-heal|p2a: Hydrapple|53/100|[from] drain|[of] p1a: Gliscor
|
|-heal|p1a: Gliscor|85/100 tox|[from] ability: Poison Heal
|upkeep
|turn|55
|
|t:|1760420136
|switch|p2a: Moltres|Moltres|64/100 tox
|move|p1a: Gliscor|Earthquake|p2a: Moltres
|-immune|p2a: Moltres
|
|-heal|p1a: Gliscor|97/100 tox|[from] ability: Poison Heal
|-damage|p2a: Moltres|58/100 tox|[from] psn
|upkeep
|turn|56
|
|t:|1760420139
|move|p1a: Gliscor|Protect|p1a: Gliscor
|-singleturn|p1a: Gliscor|Protect
|move|p2a: Moltres|Roost|p2a: Moltres
|-heal|p2a: Moltres|100/100 tox
|-singleturn|p2a: Moltres|move: Roost
|
|-heal|p1a: Gliscor|100/100 tox|[from] ability: Poison Heal
|-damage|p2a: Moltres|88/100 tox|[from] psn
|upkeep
|turn|57
|
|t:|1760420142
|move|p1a: Gliscor|Substitute|p1a: Gliscor
|-start|p1a: Gliscor|Substitute
|-damage|p1a: Gliscor|76/100 tox
|move|p2a: Moltres|Roar|p1a: Gliscor
|drag|p1a: Enamorus|Enamorus, F, tera:Stellar|100/100
|
|-damage|p2a: Moltres|70/100 tox|[from] psn
|upkeep
|turn|58
|
|t:|1760420145
|move|p1a: Enamorus|Tera Blast|p2a: Moltres|[anim] Tera Blast Stellar
|-damage|p2a: Moltres|38/100 tox
|-boost|p1a: Enamorus|atk|1
|-boost|p1a: Enamorus|spa|1
|move|p2a: Moltres|Brave Bird|p1a: Enamorus
|-damage|p1a: Enamorus|36/100
|-damage|p2a: Moltres|22/100 tox|[from] Recoil
|
|-damage|p2a: Moltres|0 fnt|[from] psn
|faint|p2a: Moltres
|upkeep
|
|t:|1760420152
|switch|p2a: Hydrapple|Hydrapple, F, tera:Steel|87/100
|turn|59
|
|t:|1760420153
|move|p1a: Enamorus|Tera Blast|p2a: Hydrapple|[anim] Tera Blast Stellar
|-supereffective|p2a: Hydrapple
|-damage|p2a: Hydrapple|0 fnt
|-boost|p1a: Enamorus|atk|1
|-boost|p1a: Enamorus|spa|1
|faint|p2a: Hydrapple
|
|upkeep
|
|t:|1760420156
|switch|p2a: Kingambit|Kingambit, F|100/100
|-activate|p2a: Kingambit|ability: Supreme Overlord
|-start|p2a: Kingambit|fallen4|[silent]
|turn|60
|
|t:|1760420158
|move|p1a: Enamorus|Tera Blast|p2a: Kingambit|[anim] Tera Blast Stellar
|-damage|p2a: Kingambit|30/100
|-boost|p1a: Enamorus|atk|1
|-boost|p1a: Enamorus|spa|1
|move|p2a: Kingambit|Iron Head|p1a: Enamorus
|-supereffective|p1a: Enamorus
|-damage|p1a: Enamorus|0 fnt
|faint|p1a: Enamorus
|
|-heal|p2a: Kingambit|36/100|[from] item: Leftovers
|upkeep
|
|t:|1760420161
|switch|p1a: Dragonite|Dragonite, M|91/100
|turn|61
|
|t:|1760420167
|move|p1a: Dragonite|Earthquake|p2a: Kingambit
|-supereffective|p2a: Kingambit
|-damage|p2a: Kingambit|0 fnt
|faint|p2a: Kingambit
|-end|p2a: Kingambit|fallen4|[silent]
|
|upkeep
|
|t:|1760420168
|switch|p2a: Zamazenta|Zamazenta|91/100
|turn|62
|
|t:|1760420170
|switch|p1a: Gliscor|Gliscor, M|76/100 tox
|move|p2a: Zamazenta|Iron Defense|p2a: Zamazenta
|-boost|p2a: Zamazenta|def|2
|
|-heal|p2a: Zamazenta|97/100|[from] item: Leftovers
|-heal|p1a: Gliscor|88/100 tox|[from] ability: Poison Heal
|upkeep
|turn|63
|
|t:|1760420173
|move|p2a: Zamazenta|Substitute|p2a: Zamazenta
|-start|p2a: Zamazenta|Substitute
|-damage|p2a: Zamazenta|72/100
|move|p1a: Gliscor|Toxic||[still]
|-fail|p1a: Gliscor
|
|-heal|p2a: Zamazenta|78/100|[from] item: Leftovers
|-heal|p1a: Gliscor|99/100 tox|[from] ability: Poison Heal
|upkeep
|turn|64
|
|t:|1760420174
|move|p2a: Zamazenta|Iron Defense|p2a: Zamazenta
|-boost|p2a: Zamazenta|def|2
|move|p1a: Gliscor|Earthquake|p2a: Zamazenta
|-activate|p2a: Zamazenta|move: Substitute|[damage]
|
|-heal|p2a: Zamazenta|84/100|[from] item: Leftovers
|-heal|p1a: Gliscor|100/100 tox|[from] ability: Poison Heal
|upkeep
|turn|65
|
|t:|1760420176
|move|p2a: Zamazenta|Iron Defense|p2a: Zamazenta
|-boost|p2a: Zamazenta|def|2
|move|p1a: Gliscor|Earthquake|p2a: Zamazenta
|-activate|p2a: Zamazenta|move: Substitute|[damage]
|
|-heal|p2a: Zamazenta|90/100|[from] item: Leftovers
|upkeep
|turn|66
|
|t:|1760420178
|move|p2a: Zamazenta|Body Press|p1a: Gliscor
|-resisted|p1a: Gliscor
|-damage|p1a: Gliscor|56/100 tox
|move|p1a: Gliscor|Earthquake|p2a: Zamazenta
|-end|p2a: Zamazenta|Substitute
|
|-heal|p2a: Zamazenta|97/100|[from] item: Leftovers
|-heal|p1a: Gliscor|68/100 tox|[from] ability: Poison Heal
|upkeep
|turn|67
|
|t:|1760420184
|switch|p1a: Kingambit|Kingambit, M|48/100
|-activate|p1a: Kingambit|ability: Supreme Overlord
|-start|p1a: Kingambit|fallen3|[silent]
|move|p2a: Zamazenta|Substitute|p2a: Zamazenta
|-start|p2a: Zamazenta|Substitute
|-damage|p2a: Zamazenta|72/100
|
|-heal|p2a: Zamazenta|78/100|[from] item: Leftovers
|-heal|p1a: Kingambit|54/100|[from] item: Leftovers
|upkeep
|turn|68
|
|t:|1760420186
|-end|p1a: Kingambit|fallen3|[silent]
|switch|p1a: Gliscor|Gliscor, M|68/100 tox
|move|p2a: Zamazenta|Body Press|p1a: Gliscor
|-resisted|p1a: Gliscor
|-damage|p1a: Gliscor|23/100 tox
|
|-heal|p2a: Zamazenta|84/100|[from] item: Leftovers
|-heal|p1a: Gliscor|36/100 tox|[from] ability: Poison Heal
|upkeep
|turn|69
|
|t:|1760420188
|move|p1a: Gliscor|Protect|p1a: Gliscor
|-singleturn|p1a: Gliscor|Protect
|move|p2a: Zamazenta|Body Press|p1a: Gliscor
|-activate|p1a: Gliscor|move: Protect
|
|-heal|p2a: Zamazenta|90/100|[from] item: Leftovers
|-heal|p1a: Gliscor|48/100 tox|[from] ability: Poison Heal
|upkeep
|turn|70
|
|t:|1760420191
|switch|p1a: Kingambit|Kingambit, M|54/100
|-activate|p1a: Kingambit|ability: Supreme Overlord
|-start|p1a: Kingambit|fallen3|[silent]
|move|p2a: Zamazenta|Body Press|p1a: Kingambit
|-supereffective|p1a: Kingambit
|-damage|p1a: Kingambit|0 fnt
|faint|p1a: Kingambit
|-end|p1a: Kingambit|fallen3|[silent]
|
|-heal|p2a: Zamazenta|96/100|[from] item: Leftovers
|upkeep
|
|t:|1760420194
|switch|p1a: Dragonite|Dragonite, M|91/100
|turn|71
|
|t:|1760420198
|move|p2a: Zamazenta|Body Press|p1a: Dragonite
|-resisted|p1a: Dragonite
|-damage|p1a: Dragonite|16/100
|move|p1a: Dragonite|Dragon Dance|p1a: Dragonite
|-boost|p1a: Dragonite|atk|1
|-boost|p1a: Dragonite|spe|1
|
|-heal|p2a: Zamazenta|100/100|[from] item: Leftovers
|upkeep
|turn|72
|
|t:|1760420201
|move|p2a: Zamazenta|Body Press|p1a: Dragonite
|-resisted|p1a: Dragonite
|-damage|p1a: Dragonite|0 fnt
|faint|p1a: Dragonite
|
|upkeep
|
|t:|1760420204
|switch|p1a: Gliscor|Gliscor, M|48/100 tox
|turn|73
|c|☆smilingkyogre|gg
|
|t:|1760420207
|move|p1a: Gliscor|Protect|p1a: Gliscor
|-singleturn|p1a: Gliscor|Protect
|move|p2a: Zamazenta|Body Press|p1a: Gliscor
|-activate|p1a: Gliscor|move: Protect
|
|-heal|p1a: Gliscor|60/100 tox|[from] ability: Poison Heal
|upkeep
|turn|74
|
|t:|1760420209
|move|p2a: Zamazenta|Body Press|p1a: Gliscor
|-resisted|p1a: Gliscor
|-damage|p1a: Gliscor|12/100 tox
|move|p1a: Gliscor|Substitute|p1a: Gliscor
|-fail|p1a: Gliscor|move: Substitute|[weak]
|
|-heal|p1a: Gliscor|25/100 tox|[from] ability: Poison Heal
|upkeep
|turn|75
|-message|Settleslugger forfeited.
|
|win|smilingkyogre
|raw|Settleslugger's rating: 1420 &rarr; <strong>1405</strong><br />(-15 for losing)
|raw|smilingkyogre's rating: 1507 &rarr; <strong>1522</strong><br />(+15 for winning)
|l|‽Settleslugger
|player|p1|
