|j|☆dark besk
|j|☆kuraiyagare
|t:|1760361473
|gametype|singles
|player|p1|dark besk|cynthia-gen4|1363
|player|p2|kuraiyagare|mars|1367
|gen|9
|tier|[Gen 9] OU
|rated|
|rule|HP Percentage Mod: HP is shown in percentages
|rule|Endless Battle Clause: Forcing endless battles is banned
|rule|Species Clause: Limit one of each Pokémon
|rule|OHKO Clause: OHKO moves are banned
|rule|Evasion Items Clause: Evasion items are banned
|rule|Evasion Moves Clause: Evasion moves are banned
|rule|Evasion Abilities Clause: Evasion abilities are banned
|rule|Sleep Moves Clause: Sleep-inducing moves are banned
|clearpoke
|poke|p1|Skeledirge, M|
|poke|p1|Ogerpon-Wellspring, F|
|poke|p1|Dragapult, F|
|poke|p1|Weezing-Galar, F|
|poke|p1|Ting-Lu|
|poke|p1|Corviknight, F|
|poke|p2|Bastiodon, M|
|poke|p2|Gardevoir, M|
|poke|p2|Talonflame, M|
|poke|p2|Lokix, M|
|poke|p2|Drifblim, F|
|poke|p2|Feraligatr, M|
|teampreview
|inactive|Battle timer is ON: inactive players will automatically lose when time's up. (requested by dark besk)
|
|t:|1760361498
|teamsize|p1|6
|teamsize|p2|6
|start
|switch|p1a: Corviknight|Corviknight, F|100/100
|switch|p2a: avg linux user|Lokix, M|100/100
|-ability|p1a: Corviknight|Pressure
|turn|1
|
|t:|1760361502
|switch|p2a: Drifflim|Drifblim, F|100/100
|move|p1a: Corviknight|U-turn|p2a: Drifflim
|-resisted|p2a: Drifflim
|-damage|p2a: Drifflim|96/100
|
|t:|1760361506
|switch|p1a: Dragapult|Dragapult, F|100/100|[from] U-turn
|
|upkeep
|turn|2
|
|t:|1760361510
|move|p1a: Dragapult|U-turn|p2a: Drifflim
|-resisted|p2a: Drifflim
|-damage|p2a: Drifflim|91/100
|
|t:|1760361514
|switch|p1a: Ting-Lu|Ting-Lu, shiny|100/100|[from] U-turn
|-ability|p1a: Ting-Lu|Vessel of Ruin
|move|p2a: Drifflim|Shadow Ball|p1a: Ting-Lu
|-resisted|p1a: Ting-Lu
|-damage|p1a: Ting-Lu|93/100
|-unboost|p1a: Ting-Lu|spd|1
|
|-heal|p1a: Ting-Lu|99/100|[from] item: Leftovers
|upkeep
|turn|3
|
|t:|1760361527
|switch|p2a: Gardenia|Gardevoir, M|100/100
|-ability|p2a: Gardenia|Vessel of Ruin|Trace|[from] ability: Trace|[of] p1a: Ting-Lu
|-ability|p2a: Gardenia|Vessel of Ruin
|move|p1a: Ting-Lu|Throat Chop|p2a: Gardenia
|-damage|p2a: Gardenia|47/100
|-start|p2a: Gardenia|Throat Chop|[silent]
|
|-heal|p1a: Ting-Lu|100/100|[from] item: Leftovers
|upkeep
|turn|4
|
|t:|1760361537
|move|p2a: Gardenia|Moonblast|p1a: Ting-Lu
|-supereffective|p1a: Ting-Lu
|-damage|p1a: Ting-Lu|7/100
|move|p1a: Ting-Lu|Throat Chop|p2a: Gardenia
|-damage|p2a: Gardenia|0 fnt
|faint|p2a: Gardenia
|
|-heal|p1a: Ting-Lu|13/100|[from] item: Leftovers
|upkeep
|
|t:|1760361539
|switch|p2a: avg linux user|Lokix, M|100/100
|turn|5
|
|t:|1760361541
|switch|p1a: Corviknight|Corviknight, F|100/100
|-ability|p1a: Corviknight|Pressure
|move|p2a: avg linux user|Knock Off|p1a: Corviknight
|-damage|p1a: Corviknight|70/100
|-damage|p2a: avg linux user|84/100|[from] item: Rocky Helmet|[of] p1a: Corviknight
|-enditem|p1a: Corviknight|Rocky Helmet|[from] move: Knock Off|[of] p2a: avg linux user
|
|upkeep
|turn|6
|
|t:|1760361549
|switch|p2a: Bastiodon|Bastiodon, M|100/100
|move|p1a: Corviknight|U-turn|p2a: Bastiodon
|-resisted|p2a: Bastiodon
|-damage|p2a: Bastiodon|97/100
|
|t:|1760361553
|switch|p1a: Ting-Lu|Ting-Lu, shiny|13/100|[from] U-turn
|-ability|p1a: Ting-Lu|Vessel of Ruin
|
|-heal|p1a: Ting-Lu|19/100|[from] item: Leftovers
|upkeep
|turn|7
|
|t:|1760361557
|move|p1a: Ting-Lu|Rest|p1a: Ting-Lu
|-status|p1a: Ting-Lu|slp|[from] move: Rest
|-heal|p1a: Ting-Lu|100/100 slp|[silent]
|move|p2a: Bastiodon|Stealth Rock|p1a: Ting-Lu
|-sidestart|p1: dark besk|move: Stealth Rock
|
|upkeep
|turn|8
|
|t:|1760361562
|switch|p2a: Feraligatr|Feraligatr, M|100/100
|cant|p1a: Ting-Lu|slp
|
|upkeep
|turn|9
|
|t:|1760361566
|switch|p1a: Corviknight|Corviknight, F|70/100
|-damage|p1a: Corviknight|58/100|[from] Stealth Rock
|-ability|p1a: Corviknight|Pressure
|move|p2a: Feraligatr|Dragon Dance|p2a: Feraligatr
|-boost|p2a: Feraligatr|atk|1
|-boost|p2a: Feraligatr|spe|1
|
|upkeep
|turn|10
|
|t:|1760361575
|-terastallize|p1a: Corviknight|Grass
|move|p2a: Feraligatr|Liquidation|p1a: Corviknight
|-resisted|p1a: Corviknight
|-damage|p1a: Corviknight|27/100
|move|p1a: Corviknight|Roost|p1a: Corviknight
|-heal|p1a: Corviknight|77/100
|
|upkeep
|turn|11
|
|t:|1760361580
|move|p2a: Feraligatr|Dragon Dance|p2a: Feraligatr
|-boost|p2a: Feraligatr|atk|1
|-boost|p2a: Feraligatr|spe|1
|move|p1a: Corviknight|Iron Defense|p1a: Corviknight
|-boost|p1a: Corviknight|def|2
|
|upkeep
|turn|12
|
|t:|1760361583
|move|p2a: Feraligatr|Ice Punch|p1a: Corviknight
|-supereffective|p1a: Corviknight
|-damage|p1a: Corviknight|24/100
|move|p1a: Corviknight|Iron Defense|p1a: Corviknight
|-boost|p1a: Corviknight|def|2
|
|upkeep
|turn|13
|
|t:|1760361589
|move|p2a: Feraligatr|Ice Punch|p1a: Corviknight
|-supereffective|p1a: Corviknight
|-damage|p1a: Corviknight|0 fnt
|faint|p1a: Corviknight
|
|upkeep
|c|☆dark besk|Seriously
|
|t:|1760361618
|switch|p1a: Weezing|Weezing-Galar, F|100/100
|-ability|p1a: Weezing|Neutralizing Gas
|turn|14
|
|t:|1760361631
|move|p2a: Feraligatr|Liquidation|p1a: Weezing
|-damage|p1a: Weezing|8/100
|-damage|p2a: Feraligatr|91/100|[from] item: Life Orb
|move|p1a: Weezing|Will-O-Wisp|p2a: Feraligatr
|-status|p2a: Feraligatr|brn
|
|-damage|p2a: Feraligatr|84/100 brn|[from] brn
|upkeep
|turn|15
|
|t:|1760361637
|move|p2a: Feraligatr|Ice Punch|p1a: Weezing
|-damage|p1a: Weezing|0 fnt
|faint|p1a: Weezing
|-end|p1a: Weezing|ability: Neutralizing Gas
|-damage|p2a: Feraligatr|74/100 brn|[from] item: Life Orb
|
|-damage|p2a: Feraligatr|68/100 brn|[from] brn
|upkeep
|
|t:|1760361639
|switch|p1a: Ogerpon|Ogerpon-Wellspring, F|100/100
|-damage|p1a: Ogerpon|88/100|[from] Stealth Rock
|turn|16
|
|t:|1760361646
|move|p2a: Feraligatr|Ice Punch|p1a: Ogerpon
|-damage|p1a: Ogerpon|44/100
|move|p1a: Ogerpon|Synthesis|p1a: Ogerpon
|-heal|p1a: Ogerpon|94/100
|
|-damage|p2a: Feraligatr|62/100 brn|[from] brn
|upkeep
|turn|17
|
|t:|1760361651
|move|p2a: Feraligatr|Ice Punch|p1a: Ogerpon
|-damage|p1a: Ogerpon|48/100
|move|p1a: Ogerpon|Spikes|p2a: Feraligatr
|-sidestart|p2: kuraiyagare|Spikes
|
|-damage|p2a: Feraligatr|56/100 brn|[from] brn
|upkeep
|turn|18
|inactive|kuraiyagare has 120 seconds left.
|
|t:|1760361698
|move|p2a: Feraligatr|Dragon Dance|p2a: Feraligatr
|-boost|p2a: Feraligatr|atk|1
|-boost|p2a: Feraligatr|spe|1
|move|p1a: Ogerpon|Synthesis|p1a: Ogerpon
|-heal|p1a: Ogerpon|98/100
|
|-damage|p2a: Feraligatr|50/100 brn|[from] brn
|upkeep
|turn|19
|
|t:|1760361701
|move|p2a: Feraligatr|Ice Punch|p1a: Ogerpon
|-damage|p1a: Ogerpon|42/100
|move|p1a: Ogerpon|Ivy Cudgel|p2a: Feraligatr|[anim] Ivy Cudgel Water
|-resisted|p2a: Feraligatr
|-damage|p2a: Feraligatr|23/100 brn
|
|-damage|p2a: Feraligatr|17/100 brn|[from] brn
|upkeep
|turn|20
|
|t:|1760361711
|switch|p1a: Skeledirge|Skeledirge, M|100/100
|move|p2a: Feraligatr|Ice Punch|p1a: Skeledirge
|-resisted|p1a: Skeledirge
|-damage|p1a: Skeledirge|93/100
|
|-damage|p2a: Feraligatr|11/100 brn|[from] brn
|upkeep
|turn|21
|inactive|kuraiyagare has 120 seconds left.
|
|t:|1760361734
|move|p2a: Feraligatr|Liquidation|p1a: Skeledirge
|-supereffective|p1a: Skeledirge
|-damage|p1a: Skeledirge|33/100
|move|p1a: Skeledirge|Torch Song|p2a: Feraligatr
|-resisted|p2a: Feraligatr
|-damage|p2a: Feraligatr|0 fnt
|-boost|p1a: Skeledirge|spa|1
|faint|p2a: Feraligatr
|
|upkeep
|
|t:|1760361753
|switch|p2a: avg linux user|Lokix, M|84/100
|-damage|p2a: avg linux user|72/100|[from] Spikes
|turn|22
|
|t:|1760361757
|switch|p1a: Ting-Lu|Ting-Lu, shiny|100/100 slp
|-damage|p1a: Ting-Lu|94/100 slp|[from] Stealth Rock
|-ability|p1a: Ting-Lu|Vessel of Ruin
|move|p2a: avg linux user|Knock Off|p1a: Ting-Lu
|-resisted|p1a: Ting-Lu
|-damage|p1a: Ting-Lu|67/100 slp
|-enditem|p1a: Ting-Lu|Leftovers|[from] move: Knock Off|[of] p2a: avg linux user
|
|upkeep
|turn|23
|
|t:|1760361761
|move|p2a: avg linux user|Axe Kick|p1a: Ting-Lu
|-supereffective|p1a: Ting-Lu
|-damage|p1a: Ting-Lu|18/100 slp
|cant|p1a: Ting-Lu|slp
|
|upkeep
|turn|24
|
|t:|1760361768
|switch|p1a: Skeledirge|Skeledirge, M|33/100
|move|p2a: avg linux user|Knock Off|p1a: Skeledirge
|-supereffective|p1a: Skeledirge
|-damage|p1a: Skeledirge|0 fnt
|-enditem|p1a: Skeledirge|Heavy-Duty Boots|[from] move: Knock Off|[of] p2a: avg linux user
|faint|p1a: Skeledirge
|
|upkeep
|
|t:|1760361769
|switch|p1a: Dragapult|Dragapult, F|100/100
|-damage|p1a: Dragapult|88/100|[from] Stealth Rock
|turn|25
|
|t:|1760361772
|move|p2a: avg linux user|Sucker Punch|p1a: Dragapult
|-supereffective|p1a: Dragapult
|-damage|p1a: Dragapult|0 fnt
|faint|p1a: Dragapult
|
|upkeep
|
|t:|1760361777
|switch|p1a: Ogerpon|Ogerpon-Wellspring, F|42/100
|-damage|p1a: Ogerpon|29/100|[from] Stealth Rock
|turn|26
|
|t:|1760361780
|move|p1a: Ogerpon|Synthesis|p1a: Ogerpon
|-heal|p1a: Ogerpon|79/100
|move|p2a: avg linux user|Knock Off|p1a: Ogerpon
|-damage|p1a: Ogerpon|39/100
|
|upkeep
|turn|27
|
|t:|1760361786
|switch|p2a: Vatra|Talonflame, M|100/100
|move|p1a: Ogerpon|Ivy Cudgel|p2a: Vatra|[anim] Ivy Cudgel Water
|-supereffective|p2a: Vatra
|-damage|p2a: Vatra|0 fnt
|faint|p2a: Vatra
|
|upkeep
|
|t:|1760361791
|switch|p2a: avg linux user|Lokix, M|72/100
|-damage|p2a: avg linux user|59/100|[from] Spikes
|turn|28
|
|t:|1760361797
|switch|p1a: Ting-Lu|Ting-Lu, shiny|18/100 slp
|-damage|p1a: Ting-Lu|12/100 slp|[from] Stealth Rock
|-ability|p1a: Ting-Lu|Vessel of Ruin
|move|p2a: avg linux user|First Impression|p1a: Ting-Lu
|-supereffective|p1a: Ting-Lu
|-damage|p1a: Ting-Lu|0 fnt
|faint|p1a: Ting-Lu
|
|upkeep
|
|t:|1760361798
|switch|p1a: Ogerpon|Ogerpon-Wellspring, F|39/100
|-damage|p1a: Ogerpon|27/100|[from] Stealth Rock
|turn|29
|
|t:|1760361804
|switch|p2a: Bastiodon|Bastiodon, M|97/100
|-damage|p2a: Bastiodon|84/100|[from] Spikes
|move|p1a: Ogerpon|Synthesis|p1a: Ogerpon
|-heal|p1a: Ogerpon|77/100
|
|upkeep
|turn|30
|
|t:|1760361814
|move|p1a: Ogerpon|Ivy Cudgel|p2a: Bastiodon|[anim] Ivy Cudgel Water
|-supereffective|p2a: Bastiodon
|-damage|p2a: Bastiodon|28/100
|move|p2a: Bastiodon|Metal Burst|p1a: Ogerpon
|-damage|p1a: Ogerpon|2/100
|
|upkeep
|turn|31
|-message|dark besk forfeited.
|
|win|kuraiyagare
|raw|dark besk's rating: 1363 &rarr; <strong>1343</strong><br />(-20 for losing)
|raw|kuraiyagare's rating: 1367 &rarr; <strong>1387</strong><br />(+20 for winning)
|l|☆dark besk
|player|p1|
|l|☆kuraiyagare
|player|p2|
