|j|☆Dew123
|j|☆klefki_did_it
|t:|1760346335
|gametype|singles
|player|p1|Dew123|biker-gen4|1325
|player|p2|klefki_did_it|pokemonbreeder-gen4|1351
|gen|9
|tier|[Gen 9] OU
|rated|
|rule|HP Percentage Mod: HP is shown in percentages
|rule|Endless Battle Clause: Forcing endless battles is banned
|rule|Species Clause: Limit one of each Pokémon
|rule|OHKO Clause: OHKO moves are banned
|rule|Evasion Items Clause: Evasion items are banned
|rule|Evasion Moves Clause: Evasion moves are banned
|rule|Evasion Abilities Clause: Evasion abilities are banned
|rule|Sleep Moves Clause: Sleep-inducing moves are banned
|clearpoke
|poke|p1|Feraligatr, F|
|poke|p1|Victreebel, M|
|poke|p1|Pyroar, M|
|poke|p1|Excadrill, M|
|poke|p1|Malamar, M|
|poke|p1|Clefable, M|
|poke|p2|Staraptor, M|
|poke|p2|Kingambit, F|
|poke|p2|Emboar, F|
|poke|p2|Thundurus, M|
|poke|p2|Mandibuzz, F|
|poke|p2|Gardevoir, M|
|teampreview
|inactive|Battle timer is ON: inactive players will automatically lose when time's up. (requested by Dew123)
|inactive|klefki_did_it also wants the timer to be on.
|
|t:|1760346352
|teamsize|p1|6
|teamsize|p2|6
|start
|switch|p1a: MegaFeraligatr|Feraligatr, F|100/100
|switch|p2a: Emboar|Emboar, F, shiny|100/100
|turn|1
|
|t:|1760346358
|move|p1a: MegaFeraligatr|Dragon Dance|p1a: MegaFeraligatr
|-boost|p1a: MegaFeraligatr|atk|1
|-boost|p1a: MegaFeraligatr|spe|1
|move|p2a: Emboar|Close Combat|p1a: MegaFeraligatr
|-damage|p1a: MegaFeraligatr|0 fnt
|-unboost|p2a: Emboar|def|1
|-unboost|p2a: Emboar|spd|1
|faint|p1a: MegaFeraligatr
|
|upkeep
|c|☆Dew123|LegendZA
|
|t:|1760346368
|switch|p1a: MegaExcadrill|Excadrill, M|100/100
|-item|p1a: MegaExcadrill|Air Balloon
|turn|2
|c|☆klefki_did_it|Oo very nice
|
|t:|1760346378
|switch|p2a: Mandibuzz|Mandibuzz, F|100/100
|move|p1a: MegaExcadrill|Earthquake|p2a: Mandibuzz
|-immune|p2a: Mandibuzz
|
|upkeep
|turn|3
|
|t:|1760346385
|move|p1a: MegaExcadrill|Rapid Spin|p2a: Mandibuzz
|-damage|p2a: Mandibuzz|89/100
|-boost|p1a: MegaExcadrill|spe|1
|move|p2a: Mandibuzz|Foul Play|p1a: MegaExcadrill
|-damage|p1a: MegaExcadrill|22/100
|-enditem|p1a: MegaExcadrill|Air Balloon
|
|upkeep
|turn|4
|
|t:|1760346388
|move|p1a: MegaExcadrill|Swords Dance|p1a: MegaExcadrill
|-boost|p1a: MegaExcadrill|atk|2
|move|p2a: Mandibuzz|Foul Play|p1a: MegaExcadrill
|-damage|p1a: MegaExcadrill|0 fnt
|faint|p1a: MegaExcadrill
|
|upkeep
|
|t:|1760346391
|switch|p1a: Malamar|Malamar, M|100/100
|turn|5
|
|t:|1760346397
|move|p1a: Malamar|Superpower|p2a: Mandibuzz
|-damage|p2a: Mandibuzz|71/100
|-boost|p1a: Malamar|atk|1
|-boost|p1a: Malamar|def|1
|move|p2a: Mandibuzz|Foul Play|p1a: Malamar
|-damage|p1a: Malamar|57/100
|
|-heal|p1a: Malamar|63/100|[from] item: Leftovers
|upkeep
|turn|6
|
|t:|1760346407
|move|p1a: Malamar|Lunge|p2a: Mandibuzz
|-damage|p2a: Mandibuzz|54/100
|-unboost|p2a: Mandibuzz|atk|1
|move|p2a: Mandibuzz|Foul Play|p1a: Malamar
|-damage|p1a: Malamar|19/100
|
|-heal|p1a: Malamar|25/100|[from] item: Leftovers
|upkeep
|turn|7
|
|t:|1760346412
|move|p1a: Malamar|Superpower|p2a: Mandibuzz
|-damage|p2a: Mandibuzz|25/100
|-boost|p1a: Malamar|atk|1
|-boost|p1a: Malamar|def|1
|move|p2a: Mandibuzz|Foul Play|p1a: Malamar
|-damage|p1a: Malamar|0 fnt
|faint|p1a: Malamar
|
|upkeep
|
|t:|1760346415
|switch|p1a: Victreebel|Victreebel, M|100/100
|turn|8
|
|t:|1760346418
|move|p1a: Victreebel|Trailblaze|p2a: Mandibuzz
|-resisted|p2a: Mandibuzz
|-damage|p2a: Mandibuzz|20/100
|-boost|p1a: Victreebel|spe|1
|move|p2a: Mandibuzz|Roost|p2a: Mandibuzz
|-heal|p2a: Mandibuzz|70/100
|-singleturn|p2a: Mandibuzz|move: Roost
|
|upkeep
|turn|9
|
|t:|1760346421
|move|p1a: Victreebel|Sludge Wave|p2a: Mandibuzz
|-crit|p2a: Mandibuzz
|-damage|p2a: Mandibuzz|16/100
|move|p2a: Mandibuzz|Foul Play|p1a: Victreebel
|-damage|p1a: Victreebel|49/100
|
|upkeep
|turn|10
|
|t:|1760346429
|switch|p2a: Kingambit|Kingambit, F|100/100
|move|p1a: Victreebel|Sludge Wave|p2a: Kingambit
|-immune|p2a: Kingambit
|
|upkeep
|turn|11
|
|t:|1760346434
|move|p2a: Kingambit|Sucker Punch|p1a: Victreebel
|-damage|p1a: Victreebel|0 fnt
|faint|p1a: Victreebel
|
|upkeep
|
|t:|1760346436
|switch|p1a: MegaClefable|Clefable, M|100/100
|turn|12
|
|t:|1760346438
|move|p1a: MegaClefable|Calm Mind|p1a: MegaClefable
|-boost|p1a: MegaClefable|spa|1
|-boost|p1a: MegaClefable|spd|1
|move|p2a: Kingambit|Iron Head|p1a: MegaClefable
|-supereffective|p1a: MegaClefable
|-crit|p1a: MegaClefable
|-damage|p1a: MegaClefable|0 fnt
|faint|p1a: MegaClefable
|
|upkeep
|
|t:|1760346439
|switch|p1a: MegaPyroar|Pyroar, M, shiny|100/100
|-ability|p1a: MegaPyroar|Unnerve
|turn|13
|
|t:|1760346442
|-terastallize|p2a: Kingambit|Fairy
|move|p2a: Kingambit|Sucker Punch|p1a: MegaPyroar
|-crit|p1a: MegaPyroar
|-damage|p1a: MegaPyroar|18/100
|-enditem|p1a: MegaPyroar|Petaya Berry|[eat]
|-boost|p1a: MegaPyroar|spa|1|[from] item: Petaya Berry
|move|p1a: MegaPyroar|Trailblaze|p2a: Kingambit
|-damage|p2a: Kingambit|95/100
|-boost|p1a: MegaPyroar|spe|1
|
|-heal|p2a: Kingambit|100/100|[from] item: Leftovers
|upkeep
|turn|14
|
|t:|1760346451
|-terastallize|p1a: MegaPyroar|Fire
|move|p2a: Kingambit|Sucker Punch|p1a: MegaPyroar
|-damage|p1a: MegaPyroar|0 fnt
|faint|p1a: MegaPyroar
|
|win|klefki_did_it
|raw|Dew123's rating: 1345 &rarr; <strong>1325</strong><br />(-20 for losing)
|raw|klefki_did_it's rating: 1351 &rarr; <strong>1371</strong><br />(+20 for winning)
|l|☆Dew123
|player|p1|
|l|☆klefki_did_it
|player|p2|
