|j|☆Runredrun
|j|☆Toxtricity4Smadh
|t:|1760365863
|gametype|singles
|player|p1|Runredrun|cameraman|1091
|player|p2|Toxtricity4Smadh|102|1131
|gen|9
|tier|[Gen 9] OU
|rated|
|rule|HP Percentage Mod: HP is shown in percentages
|rule|Endless Battle Clause: Forcing endless battles is banned
|rule|Species Clause: Limit one of each Pokémon
|rule|OHKO Clause: OHKO moves are banned
|rule|Evasion Items Clause: Evasion items are banned
|rule|Evasion Moves Clause: Evasion moves are banned
|rule|Evasion Abilities Clause: Evasion abilities are banned
|rule|Sleep Moves Clause: Sleep-inducing moves are banned
|clearpoke
|poke|p1|Illumise, F|
|poke|p1|Rhydon, M|
|poke|p1|Suicune|
|poke|p1|Vileplume, F|
|poke|p1|Oinkologne-F, F|
|poke|p1|Mandibuzz, F|
|poke|p2|Smeargle, F|
|poke|p2|Zamazenta-*|
|poke|p2|Blaziken, F|
|poke|p2|Grafaiai, F|
|poke|p2|Greninja-*, F|
|poke|p2|Gliscor, M|
|teampreview
|inactive|Battle timer is ON: inactive players will automatically lose when time's up. (requested by Runredrun)
|
|t:|1760365879
|teamsize|p1|6
|teamsize|p2|6
|start
|switch|p1a: Mary Jane|Illumise, F, shiny|100/100
|switch|p2a: Blaziken|Blaziken, F|100/100
|turn|1
|inactive|Runredrun has 120 seconds left.
|inactive|Runredrun has 90 seconds left.
|
|t:|1760365956
|move|p2a: Blaziken|Protect|p2a: Blaziken
|-singleturn|p2a: Blaziken|Protect
|move|p1a: Mary Jane|Trick|p2a: Blaziken
|-activate|p2a: Blaziken|move: Protect
|
|-ability|p2a: Blaziken|Speed Boost|boost
|-boost|p2a: Blaziken|spe|1
|-damage|p1a: Mary Jane|88/100|[from] item: Sticky Barb
|upkeep
|turn|2
|
|t:|1760365969
|switch|p2a: Greninja|Greninja, F|100/100
|move|p1a: Mary Jane|Encore|p2a: Greninja
|-hint|Since gen 7, Dark is immune to Prankster moves.
|-immune|p2a: Greninja
|
|-damage|p1a: Mary Jane|76/100|[from] item: Sticky Barb
|upkeep
|turn|3
|
|t:|1760365984
|switch|p2a: Gliscor|Gliscor, M|100/100
|switch|p1a: Oinkologne|Oinkologne-F, F, shiny|100/100
|
|-status|p2a: Gliscor|tox|[from] item: Toxic Orb
|upkeep
|turn|4
|
|t:|1760365992
|move|p2a: Gliscor|Toxic|p1a: Oinkologne
|-status|p1a: Oinkologne|tox
|move|p1a: Oinkologne|Stuff Cheeks|p1a: Oinkologne
|-boost|p1a: Oinkologne|def|2
|-enditem|p1a: Oinkologne|Salac Berry|[eat]
|-boost|p1a: Oinkologne|spe|1|[from] item: Salac Berry
|
|-damage|p1a: Oinkologne|94/100 tox|[from] psn
|upkeep
|turn|5
|inactive|Runredrun has 90 seconds left.
|
|t:|1760366004
|move|p2a: Gliscor|Protect|p2a: Gliscor
|-singleturn|p2a: Gliscor|Protect
|move|p1a: Oinkologne|Trailblaze|p2a: Gliscor
|-activate|p2a: Gliscor|move: Protect
|
|-damage|p1a: Oinkologne|82/100 tox|[from] psn
|upkeep
|turn|6
|
|t:|1760366014
|move|p1a: Oinkologne|Trailblaze|p2a: Gliscor
|-damage|p2a: Gliscor|89/100 tox
|-boost|p1a: Oinkologne|spe|1
|move|p2a: Gliscor|Earthquake|p1a: Oinkologne
|-damage|p1a: Oinkologne|65/100 tox
|
|-damage|p1a: Oinkologne|47/100 tox|[from] psn
|-heal|p2a: Gliscor|100/100 tox|[from] ability: Poison Heal
|upkeep
|turn|7
|
|t:|1760366023
|move|p2a: Gliscor|Protect|p2a: Gliscor
|-singleturn|p2a: Gliscor|Protect
|move|p1a: Oinkologne|Body Slam|p2a: Gliscor
|-activate|p2a: Gliscor|move: Protect
|
|-damage|p1a: Oinkologne|22/100 tox|[from] psn
|upkeep
|turn|8
|
|t:|1760366031
|move|p1a: Oinkologne|Body Slam|p2a: Gliscor
|-damage|p2a: Gliscor|73/100 tox
|move|p2a: Gliscor|Earthquake|p1a: Oinkologne
|-damage|p1a: Oinkologne|3/100 tox
|
|-damage|p1a: Oinkologne|0 fnt|[from] psn
|faint|p1a: Oinkologne
|-heal|p2a: Gliscor|85/100 tox|[from] ability: Poison Heal
|upkeep
|
|t:|1760366047
|switch|p1a: DRover|Suicune, shiny|100/100
|-ability|p1a: DRover|Pressure
|turn|9
|
|t:|1760366055
|move|p2a: Gliscor|Protect|p2a: Gliscor
|-singleturn|p2a: Gliscor|Protect
|move|p1a: DRover|Ice Beam|p2a: Gliscor
|-activate|p2a: Gliscor|move: Protect
|
|-heal|p2a: Gliscor|97/100 tox|[from] ability: Poison Heal
|upkeep
|turn|10
|
|t:|1760366082
|switch|p2a: Blaziken|Blaziken, F|100/100
|move|p1a: DRover|Scald|p2a: Blaziken
|-supereffective|p2a: Blaziken
|-damage|p2a: Blaziken|5/100
|
|upkeep
|turn|11
|
|t:|1760366090
|move|p2a: Blaziken|Protect|p2a: Blaziken
|-singleturn|p2a: Blaziken|Protect
|move|p1a: DRover|Scald|p2a: Blaziken
|-activate|p2a: Blaziken|move: Protect
|
|-ability|p2a: Blaziken|Speed Boost|boost
|-boost|p2a: Blaziken|spe|1
|upkeep
|turn|12
|inactive|Runredrun has 120 seconds left.
|
|t:|1760366098
|move|p2a: Blaziken|Close Combat|p1a: DRover
|-damage|p1a: DRover|55/100
|-unboost|p2a: Blaziken|def|1
|-unboost|p2a: Blaziken|spd|1
|-enditem|p2a: Blaziken|Eject Pack
|
|t:|1760366109
|switch|p2a: Greninja|Greninja, F|100/100
|move|p1a: DRover|Scald|p2a: Greninja
|-resisted|p2a: Greninja
|-damage|p2a: Greninja|77/100
|-status|p2a: Greninja|brn
|
|-heal|p1a: DRover|61/100|[from] item: Leftovers
|-damage|p2a: Greninja|71/100 brn|[from] brn
|upkeep
|turn|13
|
|t:|1760366123
|switch|p1a: Mary Jane|Illumise, F, shiny|76/100
|move|p2a: Greninja|Sludge Wave|p1a: Mary Jane
|-start|p2a: Greninja|typechange|Poison|[from] ability: Protean
|-damage|p1a: Mary Jane|13/100
|
|-damage|p2a: Greninja|65/100 brn|[from] brn
|-damage|p1a: Mary Jane|0 fnt|[from] item: Sticky Barb
|faint|p1a: Mary Jane
|upkeep
|inactive|Runredrun has 120 seconds left.
|
|t:|1760366137
|switch|p1a: I Believe in You|Rhydon, M, shiny|100/100
|turn|14
|
|t:|1760366146
|switch|p2a: Gliscor|Gliscor, M|97/100 tox
|move|p1a: I Believe in You|Stealth Rock|p2a: Gliscor
|-sidestart|p2: Toxtricity4Smadh|move: Stealth Rock
|
|-heal|p2a: Gliscor|100/100 tox|[from] ability: Poison Heal
|upkeep
|turn|15
|inactive|Runredrun has 120 seconds left.
|
|t:|1760366162
|switch|p1a: Vileplume|Vileplume, F, shiny|100/100
|move|p2a: Gliscor|Toxic|p1a: Vileplume|[miss]
|-miss|p2a: Gliscor|p1a: Vileplume
|
|upkeep
|turn|16
|inactive|Runredrun has 120 seconds left.
|
|t:|1760366173
|move|p2a: Gliscor|Dual Wingbeat|p1a: Vileplume
|-supereffective|p1a: Vileplume
|-damage|p1a: Vileplume|71/100
|-damage|p2a: Gliscor|84/100 tox|[from] item: Rocky Helmet|[of] p1a: Vileplume
|-supereffective|p1a: Vileplume
|-damage|p1a: Vileplume|42/100
|-damage|p2a: Gliscor|67/100 tox|[from] item: Rocky Helmet|[of] p1a: Vileplume
|-hitcount|p1a: Vileplume|2
|move|p1a: Vileplume|Sludge Wave|p2a: Gliscor
|-resisted|p2a: Gliscor
|-damage|p2a: Gliscor|45/100 tox
|
|-heal|p2a: Gliscor|58/100 tox|[from] ability: Poison Heal
|upkeep
|turn|17
|inactive|Runredrun has 120 seconds left.
|
|t:|1760366192
|switch|p1a: Mandibuzz|Mandibuzz, F, shiny|100/100
|move|p2a: Gliscor|Dual Wingbeat|p1a: Mandibuzz
|-damage|p1a: Mandibuzz|92/100
|-damage|p1a: Mandibuzz|83/100
|-hitcount|p1a: Mandibuzz|2
|
|-heal|p1a: Mandibuzz|89/100|[from] item: Leftovers
|-heal|p2a: Gliscor|70/100 tox|[from] ability: Poison Heal
|upkeep
|turn|18
|inactive|Runredrun has 120 seconds left.
|
|t:|1760366202
|move|p2a: Gliscor|Toxic|p1a: Mandibuzz
|-status|p1a: Mandibuzz|tox
|move|p1a: Mandibuzz|Knock Off|p2a: Gliscor
|-damage|p2a: Gliscor|49/100 tox
|-enditem|p2a: Gliscor|Toxic Orb|[from] move: Knock Off|[of] p1a: Mandibuzz
|
|-heal|p1a: Mandibuzz|95/100 tox|[from] item: Leftovers
|-heal|p2a: Gliscor|62/100 tox|[from] ability: Poison Heal
|-damage|p1a: Mandibuzz|89/100 tox|[from] psn
|upkeep
|turn|19
|inactive|Runredrun has 120 seconds left.
|
|t:|1760366215
|switch|p1a: DRover|Suicune, shiny|61/100
|-ability|p1a: DRover|Pressure
|move|p2a: Gliscor|Protect||[still]
|-fail|p2a: Gliscor
|
|-heal|p1a: DRover|67/100|[from] item: Leftovers
|-heal|p2a: Gliscor|74/100 tox|[from] ability: Poison Heal
|upkeep
|turn|20
|inactive|Runredrun has 120 seconds left.
|
|t:|1760366233
|-terastallize|p2a: Gliscor|Steel
|move|p2a: Gliscor|Toxic|p1a: DRover
|-status|p1a: DRover|tox
|move|p1a: DRover|Ice Beam|p2a: Gliscor
|-resisted|p2a: Gliscor
|-damage|p2a: Gliscor|65/100 tox
|
|-heal|p1a: DRover|73/100 tox|[from] item: Leftovers
|-heal|p2a: Gliscor|77/100 tox|[from] ability: Poison Heal
|-damage|p1a: DRover|67/100 tox|[from] psn
|upkeep
|turn|21
|inactive|Runredrun has 120 seconds left.
|
|t:|1760366257
|move|p2a: Gliscor|Earthquake|p1a: DRover
|-damage|p1a: DRover|45/100 tox
|move|p1a: DRover|Scald|p2a: Gliscor
|-damage|p2a: Gliscor|52/100 tox
|
|-heal|p1a: DRover|51/100 tox|[from] item: Leftovers
|-heal|p2a: Gliscor|64/100 tox|[from] ability: Poison Heal
|-damage|p1a: DRover|39/100 tox|[from] psn
|upkeep
|turn|22
|
|t:|1760366267
|move|p2a: Gliscor|Protect|p2a: Gliscor
|-singleturn|p2a: Gliscor|Protect
|move|p1a: DRover|Rest|p1a: DRover
|-status|p1a: DRover|slp|[from] move: Rest
|-heal|p1a: DRover|100/100 slp|[silent]
|
|-heal|p2a: Gliscor|76/100 tox|[from] ability: Poison Heal
|upkeep
|turn|23
|inactive|Runredrun has 120 seconds left.
|
|t:|1760366281
|switch|p2a: Grafaiai|Grafaiai, F|100/100
|-damage|p2a: Grafaiai|88/100|[from] Stealth Rock
|cant|p1a: DRover|slp
|move|p1a: DRover|Sleep Talk|p1a: DRover
|move|p1a: DRover|Ice Beam|p2a: Grafaiai|[from] move: Sleep Talk
|-damage|p2a: Grafaiai|69/100
|
|upkeep
|turn|24
|
|t:|1760366289
|move|p2a: Grafaiai|Knock Off|p1a: DRover
|-damage|p1a: DRover|86/100 slp
|-enditem|p1a: DRover|Leftovers|[from] move: Knock Off|[of] p2a: Grafaiai
|cant|p1a: DRover|slp
|move|p1a: DRover|Sleep Talk|p1a: DRover
|move|p1a: DRover|Rest||[from] move: Sleep Talk|[still]
|-fail|p1a: DRover
|
|upkeep
|turn|25
|
|t:|1760366301
|switch|p1a: Vileplume|Vileplume, F, shiny|42/100
|move|p2a: Grafaiai|Knock Off|p1a: Vileplume
|-damage|p1a: Vileplume|18/100
|-damage|p2a: Grafaiai|52/100|[from] item: Rocky Helmet|[of] p1a: Vileplume
|-enditem|p1a: Vileplume|Rocky Helmet|[from] move: Knock Off|[of] p2a: Grafaiai
|
|upkeep
|turn|26
|
|t:|1760366313
|move|p2a: Grafaiai|Parting Shot|p1a: Vileplume
|-unboost|p1a: Vileplume|atk|1
|-unboost|p1a: Vileplume|spa|1
|
|t:|1760366319
|switch|p2a: Gliscor|Gliscor, M, tera:Steel|76/100 tox|[from] Parting Shot
|-damage|p2a: Gliscor|70/100 tox|[from] Stealth Rock
|move|p1a: Vileplume|Strength Sap|p2a: Gliscor
|-unboost|p2a: Gliscor|atk|1
|-heal|p1a: Vileplume|82/100
|
|-heal|p2a: Gliscor|83/100 tox|[from] ability: Poison Heal
|upkeep
|turn|27
|
|t:|1760366333
|switch|p1a: I Believe in You|Rhydon, M, shiny|100/100
|move|p2a: Gliscor|Dual Wingbeat|p1a: I Believe in You
|-resisted|p1a: I Believe in You
|-damage|p1a: I Believe in You|98/100
|-resisted|p1a: I Believe in You
|-damage|p1a: I Believe in You|96/100
|-hitcount|p1a: I Believe in You|2
|
|-heal|p2a: Gliscor|95/100 tox|[from] ability: Poison Heal
|upkeep
|turn|28
|
|t:|1760366343
|-terastallize|p1a: I Believe in You|Flying
|move|p2a: Gliscor|Toxic|p1a: I Believe in You
|-status|p1a: I Believe in You|tox
|move|p1a: I Believe in You|Earthquake|p2a: Gliscor
|-supereffective|p2a: Gliscor
|-damage|p2a: Gliscor|1/100 tox
|
|-heal|p2a: Gliscor|14/100 tox|[from] ability: Poison Heal
|-damage|p1a: I Believe in You|90/100 tox|[from] psn
|upkeep
|turn|29
|
|t:|1760366355
|move|p2a: Gliscor|Protect|p2a: Gliscor
|-singleturn|p2a: Gliscor|Protect
|move|p1a: I Believe in You|Earthquake|p2a: Gliscor
|-activate|p2a: Gliscor|move: Protect
|
|-heal|p2a: Gliscor|26/100 tox|[from] ability: Poison Heal
|-damage|p1a: I Believe in You|78/100 tox|[from] psn
|upkeep
|turn|30
|
|t:|1760366365
|move|p2a: Gliscor|Dual Wingbeat|p1a: I Believe in You
|-damage|p1a: I Believe in You|73/100 tox
|-damage|p1a: I Believe in You|69/100 tox
|-hitcount|p1a: I Believe in You|2
|move|p1a: I Believe in You|Earthquake|p2a: Gliscor
|-supereffective|p2a: Gliscor
|-damage|p2a: Gliscor|0 fnt
|faint|p2a: Gliscor
|
|-damage|p1a: I Believe in You|51/100 tox|[from] psn
|upkeep
|
|t:|1760366376
|switch|p2a: Smeargle|Smeargle, F, shiny|100/100
|-damage|p2a: Smeargle|88/100|[from] Stealth Rock
|turn|31
|
|t:|1760366381
|move|p2a: Smeargle|Mortal Spin|p1a: I Believe in You
|-damage|p1a: I Believe in You|50/100 tox
|-sideend|p2: Toxtricity4Smadh|Stealth Rock|[from] move: Mortal Spin|[of] p2a: Smeargle
|move|p1a: I Believe in You|Tera Blast|p2a: Smeargle|[anim] Tera Blast Flying
|-damage|p2a: Smeargle|0 fnt
|faint|p2a: Smeargle
|
|-damage|p1a: I Believe in You|25/100 tox|[from] psn
|upkeep
|
|t:|1760366389
|switch|p2a: Blaziken|Blaziken, F|5/100
|turn|32
|
|t:|1760366391
|move|p2a: Blaziken|Protect|p2a: Blaziken
|-singleturn|p2a: Blaziken|Protect
|move|p1a: I Believe in You|Stealth Rock|p2a: Blaziken
|-sidestart|p2: Toxtricity4Smadh|move: Stealth Rock
|
|-damage|p1a: I Believe in You|0 fnt|[from] psn
|faint|p1a: I Believe in You
|-ability|p2a: Blaziken|Speed Boost|boost
|-boost|p2a: Blaziken|spe|1
|upkeep
|
|t:|1760366402
|switch|p1a: Mandibuzz|Mandibuzz, F, shiny|89/100 tox
|turn|33
|
|t:|1760366408
|move|p2a: Blaziken|Stone Edge|p1a: Mandibuzz|[miss]
|-miss|p2a: Blaziken|p1a: Mandibuzz
|move|p1a: Mandibuzz|Knock Off|p2a: Blaziken
|-resisted|p2a: Blaziken
|-damage|p2a: Blaziken|0 fnt
|faint|p2a: Blaziken
|
|-heal|p1a: Mandibuzz|95/100 tox|[from] item: Leftovers
|-damage|p1a: Mandibuzz|89/100 tox|[from] psn
|upkeep
|
|t:|1760366429
|switch|p2a: Greninja|Greninja, F|65/100 brn
|-damage|p2a: Greninja|53/100 brn|[from] Stealth Rock
|turn|34
|
|t:|1760366433
|move|p2a: Greninja|Ice Beam|p1a: Mandibuzz
|-start|p2a: Greninja|typechange|Ice|[from] ability: Protean
|-supereffective|p1a: Mandibuzz
|-damage|p1a: Mandibuzz|0 fnt
|faint|p1a: Mandibuzz
|
|-damage|p2a: Greninja|47/100 brn|[from] brn
|upkeep
|
|t:|1760366440
|switch|p1a: DRover|Suicune, shiny|86/100 slp
|-ability|p1a: DRover|Pressure
|turn|35
|
|t:|1760366448
|switch|p2a: Zamazenta|Zamazenta|100/100
|-damage|p2a: Zamazenta|94/100|[from] Stealth Rock
|-ability|p2a: Zamazenta|Dauntless Shield|boost
|-boost|p2a: Zamazenta|def|1
|-curestatus|p1a: DRover|slp|[msg]
|move|p1a: DRover|Scald|p2a: Zamazenta
|-damage|p2a: Zamazenta|72/100
|-status|p2a: Zamazenta|brn
|
|-heal|p2a: Zamazenta|78/100 brn|[from] item: Leftovers
|-damage|p2a: Zamazenta|72/100 brn|[from] brn
|upkeep
|turn|36
|
|t:|1760366463
|switch|p1a: Vileplume|Vileplume, F, shiny|82/100
|move|p2a: Zamazenta|Iron Defense|p2a: Zamazenta
|-boost|p2a: Zamazenta|def|2
|
|-heal|p2a: Zamazenta|78/100 brn|[from] item: Leftovers
|-damage|p2a: Zamazenta|72/100 brn|[from] brn
|upkeep
|turn|37
|
|t:|1760366479
|move|p2a: Zamazenta|Iron Head|p1a: Vileplume
|-damage|p1a: Vileplume|66/100
|cant|p1a: Vileplume|flinch
|
|-heal|p2a: Zamazenta|78/100 brn|[from] item: Leftovers
|-damage|p2a: Zamazenta|72/100 brn|[from] brn
|upkeep
|turn|38
|
|t:|1760366487
|move|p2a: Zamazenta|Iron Head|p1a: Vileplume
|-damage|p1a: Vileplume|50/100
|move|p1a: Vileplume|Strength Sap|p2a: Zamazenta
|-unboost|p2a: Zamazenta|atk|1
|-heal|p1a: Vileplume|100/100
|
|-heal|p2a: Zamazenta|78/100 brn|[from] item: Leftovers
|-damage|p2a: Zamazenta|72/100 brn|[from] brn
|upkeep
|turn|39
|
|t:|1760366497
|move|p2a: Zamazenta|Body Press|p1a: Vileplume
|-resisted|p1a: Vileplume
|-damage|p1a: Vileplume|78/100
|move|p1a: Vileplume|Sludge Wave|p2a: Zamazenta
|-damage|p2a: Zamazenta|35/100 brn
|
|-heal|p2a: Zamazenta|41/100 brn|[from] item: Leftovers
|-damage|p2a: Zamazenta|35/100 brn|[from] brn
|upkeep
|turn|40
|
|t:|1760366508
|move|p2a: Zamazenta|Iron Defense|p2a: Zamazenta
|-boost|p2a: Zamazenta|def|2
|move|p1a: Vileplume|Sludge Wave|p2a: Zamazenta
|-damage|p2a: Zamazenta|0 fnt
|faint|p2a: Zamazenta
|
|upkeep
|
|t:|1760366514
|switch|p2a: Greninja|Greninja, F|47/100 brn
|-damage|p2a: Greninja|35/100 brn|[from] Stealth Rock
|turn|41
|
|t:|1760366526
|switch|p1a: DRover|Suicune, shiny|86/100
|-ability|p1a: DRover|Pressure
|move|p2a: Greninja|U-turn|p1a: DRover
|-start|p2a: Greninja|typechange|Bug|[from] ability: Protean
|-damage|p1a: DRover|78/100
|
|t:|1760366533
|switch|p2a: Grafaiai|Grafaiai, F|52/100|[from] U-turn
|-damage|p2a: Grafaiai|40/100|[from] Stealth Rock
|
|upkeep
|turn|42
|
|t:|1760366541
|move|p2a: Grafaiai|Toxic|p1a: DRover
|-status|p1a: DRover|tox
|move|p1a: DRover|Scald|p2a: Grafaiai
|-damage|p2a: Grafaiai|13/100
|
|-damage|p1a: DRover|72/100 tox|[from] psn
|upkeep
|turn|43
|
|t:|1760366568
|move|p2a: Grafaiai|Knock Off|p1a: DRover
|-damage|p1a: DRover|63/100 tox
|move|p1a: DRover|Rest|p1a: DRover
|-status|p1a: DRover|slp|[from] move: Rest
|-heal|p1a: DRover|100/100 slp|[silent]
|
|upkeep
|turn|44
|
|t:|1760366576
|move|p2a: Grafaiai|Encore|p1a: DRover
|-start|p1a: DRover|Encore
|cant|p1a: DRover|slp
|
|upkeep
|turn|45
|
|t:|1760366583
|switch|p1a: Vileplume|Vileplume, F, shiny|78/100
|move|p2a: Grafaiai|Toxic|p1a: Vileplume
|-immune|p1a: Vileplume
|
|upkeep
|turn|46
|
|t:|1760366607
|move|p2a: Grafaiai|Parting Shot|p1a: Vileplume
|-unboost|p1a: Vileplume|atk|1
|-unboost|p1a: Vileplume|spa|1
|
|t:|1760366611
|switch|p2a: Greninja|Greninja, F|35/100 brn|[from] Parting Shot
|-damage|p2a: Greninja|23/100 brn|[from] Stealth Rock
|move|p1a: Vileplume|Giga Drain|p2a: Greninja
|-supereffective|p2a: Greninja
|-damage|p2a: Greninja|0 fnt
|-heal|p1a: Vileplume|87/100|[from] drain|[of] p2a: Greninja
|faint|p2a: Greninja
|
|upkeep
|-message|Toxtricity4Smadh forfeited.
|
|win|Runredrun
|raw|Runredrun's rating: 1091 &rarr; <strong>1120</strong><br />(+29 for winning)
|raw|Toxtricity4Smadh's rating: 1131 &rarr; <strong>1103</strong><br />(-28 for losing)
|l|☆Toxtricity4Smadh
|player|p2|
