|j|☆DrapionElectivire
|j|☆harsh9555
|t:|1760364772
|gametype|singles
|player|p1|DrapionElectivire|169|1351
|player|p2|harsh9555|102|1344
|gen|9
|tier|[Gen 9] OU
|rated|
|rule|HP Percentage Mod: HP is shown in percentages
|rule|Endless Battle Clause: Forcing endless battles is banned
|rule|Species Clause: Limit one of each Pokémon
|rule|OHKO Clause: OHKO moves are banned
|rule|Evasion Items Clause: Evasion items are banned
|rule|Evasion Moves Clause: Evasion moves are banned
|rule|Evasion Abilities Clause: Evasion abilities are banned
|rule|Sleep Moves Clause: Sleep-inducing moves are banned
|clearpoke
|poke|p1|Raging Bolt|
|poke|p1|Iron Hands|
|poke|p1|Ursaluna, F|
|poke|p1|Grimmsnarl, M|
|poke|p1|Moltres|
|poke|p1|Dragapult, M|
|poke|p2|Greninja-*, M|
|poke|p2|Talonflame, F|
|poke|p2|Hawlucha, M|
|poke|p2|Noivern, F|
|poke|p2|Pikachu, M|
|poke|p2|Goodra-Hisui, F|
|teampreview
|inactive|Battle timer is ON: inactive players will automatically lose when time's up. (requested by harsh9555)
|
|t:|1760364781
|teamsize|p1|6
|teamsize|p2|6
|start
|switch|p1a: Grimmsnarl|Grimmsnarl, M, shiny|100/100
|switch|p2a: Goodra|Goodra-Hisui, F|100/100
|turn|1
|
|t:|1760364789
|move|p1a: Grimmsnarl|Parting Shot|p2a: Goodra
|-unboost|p2a: Goodra|atk|1
|-unboost|p2a: Goodra|spa|1
|
|t:|1760364798
|switch|p1a: Ursaluna|Ursaluna, F|100/100|[from] Parting Shot
|move|p2a: Goodra|Flash Cannon|p1a: Ursaluna
|-damage|p1a: Ursaluna|77/100
|
|-status|p1a: Ursaluna|brn|[from] item: Flame Orb
|upkeep
|turn|2
|
|t:|1760364808
|move|p2a: Goodra|Blizzard|p1a: Ursaluna
|-supereffective|p1a: Ursaluna
|-damage|p1a: Ursaluna|32/100 brn
|move|p1a: Ursaluna|Facade|p2a: Goodra
|-resisted|p2a: Goodra
|-damage|p2a: Goodra|38/100
|-ability|p2a: Goodra|Gooey
|-unboost|p1a: Ursaluna|spe|1
|
|-damage|p1a: Ursaluna|26/100 brn|[from] brn
|upkeep
|turn|3
|
|t:|1760364821
|switch|p1a: Moltres|Moltres|100/100
|move|p2a: Goodra|Blizzard|p1a: Moltres
|-damage|p1a: Moltres|70/100
|
|upkeep
|turn|4
|
|t:|1760364830
|move|p1a: Moltres|Roost|p1a: Moltres
|-heal|p1a: Moltres|100/100
|-singleturn|p1a: Moltres|move: Roost
|move|p2a: Goodra|Draco Meteor|p1a: Moltres
|-damage|p1a: Moltres|46/100
|-unboost|p2a: Goodra|spa|2
|
|upkeep
|turn|5
|
|t:|1760364845
|move|p1a: Moltres|Roost|p1a: Moltres
|-heal|p1a: Moltres|96/100
|-singleturn|p1a: Moltres|move: Roost
|move|p2a: Goodra|Draco Meteor|p1a: Moltres
|-damage|p1a: Moltres|63/100
|-unboost|p2a: Goodra|spa|2
|
|upkeep
|turn|6
|
|t:|1760364854
|move|p1a: Moltres|Scorching Sands|p2a: Goodra
|-supereffective|p2a: Goodra
|-damage|p2a: Goodra|15/100
|-status|p2a: Goodra|brn
|move|p2a: Goodra|Draco Meteor|p1a: Moltres
|-damage|p1a: Moltres|41/100
|-unboost|p2a: Goodra|spa|1
|
|-damage|p2a: Goodra|9/100 brn|[from] brn
|upkeep
|turn|7
|
|t:|1760364866
|move|p1a: Moltres|Scorching Sands|p2a: Goodra
|-supereffective|p2a: Goodra
|-damage|p2a: Goodra|0 fnt
|faint|p2a: Goodra
|
|upkeep
|
|t:|1760364875
|switch|p2a: Greninja|Greninja, M|100/100
|turn|8
|
|t:|1760364884
|switch|p1a: Iron Hands|Iron Hands|100/100
|move|p2a: Greninja|Ice Beam|p1a: Iron Hands
|-damage|p1a: Iron Hands|82/100
|
|upkeep
|turn|9
|
|t:|1760364901
|switch|p2a: Noivern|Noivern, F|100/100
|move|p1a: Iron Hands|Fake Out|p2a: Noivern
|-damage|p2a: Noivern|79/100
|
|upkeep
|turn|10
|
|t:|1760364917
|-end|p1a: Iron Hands|Quark Drive|[silent]
|switch|p1a: Grimmsnarl|Grimmsnarl, M, shiny|100/100
|move|p2a: Noivern|Boomburst|p1a: Grimmsnarl
|-damage|p1a: Grimmsnarl|59/100
|-enditem|p2a: Noivern|Throat Spray
|-boost|p2a: Noivern|spa|1|[from] item: Throat Spray
|
|upkeep
|turn|11
|
|t:|1760364926
|move|p1a: Grimmsnarl|Light Screen|p1a: Grimmsnarl
|-sidestart|p1: DrapionElectivire|move: Light Screen
|move|p2a: Noivern|Boomburst|p1a: Grimmsnarl
|-damage|p1a: Grimmsnarl|0 fnt
|faint|p1a: Grimmsnarl
|
|upkeep
|
|t:|1760364935
|switch|p1a: Dragapult|Dragapult, M|100/100
|turn|12
|
|t:|1760364944
|-terastallize|p2a: Noivern|Steel
|move|p1a: Dragapult|Dragon Darts|p2a: Noivern
|-resisted|p2a: Noivern
|-damage|p2a: Noivern|52/100
|-anim|p1a: Dragapult|Dragon Darts|p2a: Noivern
|-resisted|p2a: Noivern
|-damage|p2a: Noivern|23/100
|move|p2a: Noivern|Dragon Pulse|p1a: Dragapult
|-supereffective|p1a: Dragapult
|-damage|p1a: Dragapult|0 fnt
|faint|p1a: Dragapult
|
|upkeep
|
|t:|1760364957
|switch|p1a: Iron Hands|Iron Hands|82/100
|turn|13
|l|☆harsh9555
|inactive|harsh9555 disconnected and has a minute to reconnect!
|player|p2|
|j|☆harsh9555
|inactive|harsh9555 reconnected and has 140 seconds left.
|player|p2|harsh9555|102|
|
|t:|1760364976
|move|p1a: Iron Hands|Fake Out|p2a: Noivern
|-resisted|p2a: Noivern
|-damage|p2a: Noivern|13/100
|cant|p2a: Noivern|flinch
|
|upkeep
|turn|14
|
|t:|1760364999
|move|p2a: Noivern|Dragon Pulse|p1a: Iron Hands
|-damage|p1a: Iron Hands|42/100
|move|p1a: Iron Hands|Drain Punch|p2a: Noivern
|-supereffective|p2a: Noivern
|-damage|p2a: Noivern|0 fnt
|-heal|p1a: Iron Hands|46/100|[from] drain|[of] p2a: Noivern
|faint|p2a: Noivern
|
|upkeep
|
|t:|1760365006
|switch|p2a: Talonflame|Talonflame, F|100/100
|turn|15
|
|t:|1760365011
|move|p2a: Talonflame|Defog|p1a: Iron Hands
|-unboost|p1a: Iron Hands|evasion|1
|-sideend|p1: DrapionElectivire|move: Light Screen
|move|p1a: Iron Hands|Supercell Slam|p2a: Talonflame
|-supereffective|p2a: Talonflame
|-damage|p2a: Talonflame|0 fnt
|-status|p1a: Iron Hands|brn|[from] ability: Flame Body|[of] p2a: Talonflame
|faint|p2a: Talonflame
|
|-damage|p1a: Iron Hands|40/100 brn|[from] brn
|upkeep
|
|t:|1760365021
|switch|p2a: Hawlucha|Hawlucha, M|100/100
|turn|16
|
|t:|1760365026
|move|p2a: Hawlucha|Swords Dance|p2a: Hawlucha
|-boost|p2a: Hawlucha|atk|2
|move|p1a: Iron Hands|Supercell Slam|p2a: Hawlucha
|-supereffective|p2a: Hawlucha
|-damage|p2a: Hawlucha|20/100
|
|-damage|p1a: Iron Hands|34/100 brn|[from] brn
|upkeep
|turn|17
|
|t:|1760365036
|-end|p1a: Iron Hands|Quark Drive|[silent]
|switch|p1a: Moltres|Moltres|41/100
|move|p2a: Hawlucha|Reversal|p1a: Moltres
|-resisted|p1a: Moltres
|-damage|p1a: Moltres|0 fnt
|faint|p1a: Moltres
|
|upkeep
|
|t:|1760365047
|switch|p1a: Iron Hands|Iron Hands|34/100 brn
|turn|18
|
|t:|1760365052
|move|p1a: Iron Hands|Fake Out|p2a: Hawlucha
|-damage|p2a: Hawlucha|8/100
|cant|p2a: Hawlucha|flinch
|
|-damage|p1a: Iron Hands|28/100 brn|[from] brn
|upkeep
|turn|19
|
|t:|1760365061
|move|p2a: Hawlucha|Reversal|p1a: Iron Hands
|-crit|p1a: Iron Hands
|-damage|p1a: Iron Hands|0 fnt
|faint|p1a: Iron Hands
|-end|p1a: Iron Hands|Quark Drive|[silent]
|
|upkeep
|
|t:|1760365071
|switch|p1a: Ursaluna|Ursaluna, F|26/100 brn
|turn|20
|
|t:|1760365075
|move|p2a: Hawlucha|Reversal|p1a: Ursaluna
|-supereffective|p1a: Ursaluna
|-damage|p1a: Ursaluna|0 fnt
|faint|p1a: Ursaluna
|
|upkeep
|
|t:|1760365080
|switch|p1a: Raging Bolt|Raging Bolt|100/100
|turn|21
|
|t:|1760365084
|move|p2a: Hawlucha|Swords Dance|p2a: Hawlucha
|-boost|p2a: Hawlucha|atk|2
|move|p1a: Raging Bolt|Calm Mind|p1a: Raging Bolt
|-boost|p1a: Raging Bolt|spa|1
|-boost|p1a: Raging Bolt|spd|1
|
|upkeep
|turn|22
|
|t:|1760365092
|move|p2a: Hawlucha|Reversal|p1a: Raging Bolt
|-damage|p1a: Raging Bolt|0 fnt
|faint|p1a: Raging Bolt
|-end|p1a: Raging Bolt|Protosynthesis|[silent]
|
|win|harsh9555
|raw|DrapionElectivire's rating: 1351 &rarr; <strong>1331</strong><br />(-20 for losing)
|raw|harsh9555's rating: 1344 &rarr; <strong>1364</strong><br />(+20 for winning)
|l|☆harsh9555
|player|p2|
|l|☆DrapionElectivire
|player|p1|
