|j|☆Earthbind
|j|☆youjustgotnoobed
|t:|1760366663
|gametype|singles
|player|p1|Earthbind|2|1371
|player|p2|youjustgotnoobed|lady|1383
|gen|9
|tier|[Gen 9] OU
|rated|
|rule|HP Percentage Mod: HP is shown in percentages
|rule|Endless Battle Clause: Forcing endless battles is banned
|rule|Species Clause: Limit one of each Pokémon
|rule|OHKO Clause: OHKO moves are banned
|rule|Evasion Items Clause: Evasion items are banned
|rule|Evasion Moves Clause: Evasion moves are banned
|rule|Evasion Abilities Clause: Evasion abilities are banned
|rule|Sleep Moves Clause: Sleep-inducing moves are banned
|clearpoke
|poke|p1|Pelipper, F|
|poke|p1|Iron Treads|
|poke|p1|Toxicroak, F|
|poke|p1|Zapdos|
|poke|p1|Poliwrath, M|
|poke|p1|Walking Wake|
|poke|p2|Tyranitar, M|
|poke|p2|Gholdengo|
|poke|p2|Excadrill, M|
|poke|p2|Tornadus-Therian, M|
|poke|p2|Ogerpon-Wellspring, F|
|poke|p2|Arcanine, M|
|teampreview
|inactive|Battle timer is ON: inactive players will automatically lose when time's up. (requested by youjustgotnoobed)
|
|t:|1760366670
|teamsize|p1|6
|teamsize|p2|6
|start
|switch|p1a: Toxicroak|Toxicroak, F|100/100
|switch|p2a: Tornadus|Tornadus-Therian, M|100/100
|turn|1
|
|t:|1760366692
|switch|p1a: Iron Treads|Iron Treads|100/100
|move|p2a: Tornadus|Knock Off|p1a: Iron Treads
|-damage|p1a: Iron Treads|86/100
|-enditem|p1a: Iron Treads|Leftovers|[from] move: Knock Off|[of] p2a: Tornadus
|
|upkeep
|turn|2
|
|t:|1760366717
|move|p2a: Tornadus|Heat Wave|p1a: Iron Treads
|-supereffective|p1a: Iron Treads
|-damage|p1a: Iron Treads|47/100
|move|p1a: Iron Treads|Volt Switch|p2a: Tornadus
|-supereffective|p2a: Tornadus
|-damage|p2a: Tornadus|86/100
|
|t:|1760366723
|-end|p1a: Iron Treads|Quark Drive|[silent]
|switch|p1a: Pelipper|Pelipper, F|100/100|[from] Volt Switch
|-weather|RainDance|[from] ability: Drizzle|[of] p1a: Pelipper
|
|-weather|RainDance|[upkeep]
|upkeep
|turn|3
|
|t:|1760366736
|move|p2a: Tornadus|Knock Off|p1a: Pelipper
|-damage|p1a: Pelipper|81/100
|-enditem|p1a: Pelipper|Damp Rock|[from] move: Knock Off|[of] p2a: Tornadus
|move|p1a: Pelipper|U-turn|p2a: Tornadus
|-resisted|p2a: Tornadus
|-damage|p2a: Tornadus|81/100
|
|t:|1760366742
|switch|p1a: One Punch Man|Poliwrath, M|100/100|[from] U-turn
|
|-weather|RainDance|[upkeep]
|upkeep
|turn|4
|
|t:|1760366760
|-terastallize|p1a: One Punch Man|Fairy
|move|p1a: One Punch Man|Belly Drum|p1a: One Punch Man
|-damage|p1a: One Punch Man|50/100
|-setboost|p1a: One Punch Man|atk|6|[from] move: Belly Drum
|-enditem|p1a: One Punch Man|Sitrus Berry|[eat]
|-heal|p1a: One Punch Man|75/100|[from] item: Sitrus Berry
|move|p2a: Tornadus|Bleakwind Storm|p1a: One Punch Man
|-damage|p1a: One Punch Man|37/100
|
|-weather|RainDance|[upkeep]
|upkeep
|turn|5
|inactive|youjustgotnoobed has 120 seconds left.
|
|t:|1760366785
|move|p1a: One Punch Man|Drain Punch|p2a: Tornadus
|-resisted|p2a: Tornadus
|-damage|p2a: Tornadus|0 fnt
|-heal|p1a: One Punch Man|82/100|[from] drain|[of] p2a: Tornadus
|faint|p2a: Tornadus
|
|-weather|RainDance|[upkeep]
|upkeep
|inactive|youjustgotnoobed has 120 seconds left.
|
|t:|1760366790
|switch|p2a: Tyranitar|Tyranitar, M|100/100
|-weather|Sandstorm|[from] ability: Sand Stream|[of] p2a: Tyranitar
|turn|6
|
|t:|1760366798
|switch|p2a: Gholdengo|Gholdengo|100/100
|move|p1a: One Punch Man|Drain Punch|p2a: Gholdengo
|-immune|p2a: Gholdengo
|
|-weather|Sandstorm|[upkeep]
|-damage|p1a: One Punch Man|76/100|[from] Sandstorm
|upkeep
|turn|7
|
|t:|1760366805
|move|p2a: Gholdengo|Shadow Ball|p1a: One Punch Man
|-damage|p1a: One Punch Man|2/100
|move|p1a: One Punch Man|Knock Off|p2a: Gholdengo
|-supereffective|p2a: Gholdengo
|-crit|p2a: Gholdengo
|-damage|p2a: Gholdengo|0 fnt
|-enditem|p2a: Gholdengo|Choice Specs|[from] move: Knock Off|[of] p1a: One Punch Man
|faint|p2a: Gholdengo
|
|-weather|Sandstorm|[upkeep]
|-damage|p1a: One Punch Man|0 fnt|[from] Sandstorm
|faint|p1a: One Punch Man
|upkeep
|
|t:|1760366817
|switch|p2a: Ogerpon|Ogerpon-Wellspring, F|100/100
|switch|p1a: Pelipper|Pelipper, F|81/100
|-weather|RainDance|[from] ability: Drizzle|[of] p1a: Pelipper
|turn|8
|
|t:|1760366833
|switch|p1a: Toxicroak|Toxicroak, F|100/100
|move|p2a: Ogerpon|Spikes|p1a: Toxicroak
|-sidestart|p1: Earthbind|Spikes
|
|-weather|RainDance|[upkeep]
|upkeep
|turn|9
|
|t:|1760366852
|move|p2a: Ogerpon|Spikes|p1a: Toxicroak
|-sidestart|p1: Earthbind|Spikes
|move|p1a: Toxicroak|Knock Off|p2a: Ogerpon
|-damage|p2a: Ogerpon|80/100
|
|-weather|RainDance|[upkeep]
|upkeep
|turn|10
|
|t:|1760366857
|move|p2a: Ogerpon|Spikes|p1a: Toxicroak
|-sidestart|p1: Earthbind|Spikes
|move|p1a: Toxicroak|Toxic|p2a: Ogerpon
|-status|p2a: Ogerpon|tox
|
|-weather|RainDance|[upkeep]
|-damage|p2a: Ogerpon|74/100 tox|[from] psn
|upkeep
|turn|11
|
|t:|1760366867
|move|p2a: Ogerpon|U-turn|p1a: Toxicroak
|-resisted|p1a: Toxicroak
|-damage|p1a: Toxicroak|95/100
|-damage|p2a: Ogerpon|57/100 tox|[from] item: Rocky Helmet|[of] p1a: Toxicroak
|
|t:|1760366870
|switch|p2a: Arcanine|Arcanine, M|100/100|[from] U-turn
|-ability|p2a: Arcanine|Intimidate|boost
|-unboost|p1a: Toxicroak|atk|1
|move|p1a: Toxicroak|Drain Punch|p2a: Arcanine
|-damage|p2a: Arcanine|81/100
|-heal|p1a: Toxicroak|100/100|[from] drain|[of] p2a: Arcanine
|
|-weather|RainDance|[upkeep]
|upkeep
|turn|12
|
|t:|1760366887
|move|p2a: Arcanine|Will-O-Wisp|p1a: Toxicroak|[miss]
|-miss|p2a: Arcanine|p1a: Toxicroak
|move|p1a: Toxicroak|Toxic|p2a: Arcanine
|-status|p2a: Arcanine|tox
|
|-weather|none
|-damage|p2a: Arcanine|74/100 tox|[from] psn
|upkeep
|turn|13
|
|t:|1760366897
|move|p2a: Arcanine|Will-O-Wisp|p1a: Toxicroak
|-status|p1a: Toxicroak|brn
|move|p1a: Toxicroak|Drain Punch|p2a: Arcanine
|-damage|p2a: Arcanine|65/100 tox
|
|-damage|p2a: Arcanine|52/100 tox|[from] psn
|-damage|p1a: Toxicroak|94/100 brn|[from] brn
|upkeep
|turn|14
|
|t:|1760366906
|switch|p1a: Zapdos|Zapdos|100/100
|move|p2a: Arcanine|Morning Sun|p2a: Arcanine
|-heal|p2a: Arcanine|100/100 tox
|
|-damage|p2a: Arcanine|82/100 tox|[from] psn
|upkeep
|turn|15
|
|t:|1760366917
|switch|p2a: Excadrill|Excadrill, M|100/100
|-item|p2a: Excadrill|Air Balloon
|move|p1a: Zapdos|Volt Switch|p2a: Excadrill
|-immune|p2a: Excadrill
|
|upkeep
|turn|16
|
|t:|1760366924
|switch|p1a: Pelipper|Pelipper, F|81/100
|-weather|RainDance|[from] ability: Drizzle|[of] p1a: Pelipper
|switch|p2a: Tyranitar|Tyranitar, M|100/100
|-weather|Sandstorm|[from] ability: Sand Stream|[of] p2a: Tyranitar
|
|-weather|Sandstorm|[upkeep]
|-damage|p1a: Pelipper|75/100|[from] Sandstorm
|upkeep
|turn|17
|
|t:|1760366937
|switch|p1a: Iron Treads|Iron Treads|47/100
|-damage|p1a: Iron Treads|22/100|[from] Spikes
|move|p2a: Tyranitar|Ice Punch|p1a: Iron Treads
|-damage|p1a: Iron Treads|0 fnt
|faint|p1a: Iron Treads
|-end|p1a: Iron Treads|Quark Drive|[silent]
|
|-weather|Sandstorm|[upkeep]
|upkeep
|
|t:|1760366944
|switch|p1a: Pelipper|Pelipper, F|75/100
|-weather|RainDance|[from] ability: Drizzle|[of] p1a: Pelipper
|turn|18
|
|t:|1760366952
|switch|p2a: Arcanine|Arcanine, M|82/100 tox
|-ability|p2a: Arcanine|Intimidate|boost
|-unboost|p1a: Pelipper|atk|1
|move|p1a: Pelipper|U-turn|p2a: Arcanine
|-resisted|p2a: Arcanine
|-damage|p2a: Arcanine|79/100 tox
|
|t:|1760366966
|switch|p1a: Zapdos|Zapdos|100/100|[from] U-turn
|
|-weather|RainDance|[upkeep]
|-damage|p2a: Arcanine|72/100 tox|[from] psn
|upkeep
|turn|19
|
|t:|1760366975
|switch|p2a: Tyranitar|Tyranitar, M|100/100
|-weather|Sandstorm|[from] ability: Sand Stream|[of] p2a: Tyranitar
|move|p1a: Zapdos|Weather Ball|p2a: Tyranitar
|-damage|p2a: Tyranitar|72/100
|
|-weather|Sandstorm|[upkeep]
|-damage|p1a: Zapdos|94/100|[from] Sandstorm
|upkeep
|turn|20
|
|t:|1760366983
|switch|p1a: Pelipper|Pelipper, F|75/100
|-weather|RainDance|[from] ability: Drizzle|[of] p1a: Pelipper
|move|p2a: Tyranitar|Stone Edge|p1a: Pelipper
|-supereffective|p1a: Pelipper
|-damage|p1a: Pelipper|0 fnt
|faint|p1a: Pelipper
|
|-weather|RainDance|[upkeep]
|upkeep
|
|t:|1760366993
|switch|p1a: Walking Wake|Walking Wake|100/100
|-damage|p1a: Walking Wake|76/100|[from] Spikes
|turn|21
|
|t:|1760366999
|switch|p2a: Ogerpon|Ogerpon-Wellspring, F|57/100 tox
|move|p1a: Walking Wake|Draco Meteor|p2a: Ogerpon
|-damage|p2a: Ogerpon|0 fnt
|-unboost|p1a: Walking Wake|spa|2
|faint|p2a: Ogerpon
|-damage|p1a: Walking Wake|66/100|[from] item: Life Orb
|
|-weather|RainDance|[upkeep]
|upkeep
|
|t:|1760367001
|switch|p2a: Tyranitar|Tyranitar, M|72/100
|-weather|Sandstorm|[from] ability: Sand Stream|[of] p2a: Tyranitar
|turn|22
|
|t:|1760367011
|move|p1a: Walking Wake|Flip Turn|p2a: Tyranitar
|-supereffective|p2a: Tyranitar
|-damage|p2a: Tyranitar|38/100
|-damage|p1a: Walking Wake|56/100|[from] item: Life Orb
|
|t:|1760367016
|-end|p1a: Walking Wake|Protosynthesis|[silent]
|switch|p1a: Toxicroak|Toxicroak, F|94/100 brn|[from] Flip Turn
|-damage|p1a: Toxicroak|69/100 brn|[from] Spikes
|move|p2a: Tyranitar|Ice Punch|p1a: Toxicroak
|-damage|p1a: Toxicroak|32/100 brn
|-damage|p2a: Tyranitar|22/100|[from] item: Rocky Helmet|[of] p1a: Toxicroak
|
|-weather|Sandstorm|[upkeep]
|-damage|p1a: Toxicroak|26/100 brn|[from] Sandstorm
|-damage|p1a: Toxicroak|19/100 brn|[from] brn
|upkeep
|turn|23
|
|t:|1760367027
|switch|p2a: Arcanine|Arcanine, M|72/100 tox
|-ability|p2a: Arcanine|Intimidate|boost
|-unboost|p1a: Toxicroak|atk|1
|move|p1a: Toxicroak|Drain Punch|p2a: Arcanine
|-damage|p2a: Arcanine|62/100 tox
|-heal|p1a: Toxicroak|25/100 brn|[from] drain|[of] p2a: Arcanine
|
|-weather|Sandstorm|[upkeep]
|-damage|p2a: Arcanine|55/100 tox|[from] Sandstorm
|-damage|p1a: Toxicroak|19/100 brn|[from] Sandstorm
|-damage|p2a: Arcanine|49/100 tox|[from] psn
|-damage|p1a: Toxicroak|13/100 brn|[from] brn
|upkeep
|turn|24
|
|t:|1760367042
|move|p2a: Arcanine|Flare Blitz|p1a: Toxicroak
|-damage|p1a: Toxicroak|0 fnt
|-damage|p2a: Arcanine|33/100 tox|[from] item: Rocky Helmet|[of] p1a: Toxicroak
|faint|p1a: Toxicroak
|-damage|p2a: Arcanine|29/100 tox|[from] Recoil
|
|-weather|Sandstorm|[upkeep]
|-damage|p2a: Arcanine|22/100 tox|[from] Sandstorm
|-damage|p2a: Arcanine|10/100 tox|[from] psn
|upkeep
|
|t:|1760367053
|switch|p1a: Walking Wake|Walking Wake|56/100
|-damage|p1a: Walking Wake|31/100|[from] Spikes
|turn|25
|
|t:|1760367061
|move|p2a: Arcanine|Extreme Speed|p1a: Walking Wake
|-crit|p1a: Walking Wake
|-damage|p1a: Walking Wake|0 fnt
|faint|p1a: Walking Wake
|-end|p1a: Walking Wake|Protosynthesis|[silent]
|
|-weather|Sandstorm|[upkeep]
|-damage|p2a: Arcanine|4/100 tox|[from] Sandstorm
|-damage|p2a: Arcanine|0 fnt|[from] psn
|faint|p2a: Arcanine
|upkeep
|
|t:|1760367069
|switch|p1a: Zapdos|Zapdos|94/100
|switch|p2a: Excadrill|Excadrill, M|100/100
|-item|p2a: Excadrill|Air Balloon
|turn|26
|-message|Earthbind forfeited.
|
|win|youjustgotnoobed
|raw|Earthbind's rating: 1371 &rarr; <strong>1352</strong><br />(-19 for losing)
|raw|youjustgotnoobed's rating: 1383 &rarr; <strong>1402</strong><br />(+19 for winning)
|l|☆Earthbind
|player|p1|
|l|☆youjustgotnoobed
|player|p2|
