|j|☆wattinculo
|j|☆GauMongStyle
|t:|1760353988
|gametype|singles
|player|p1|wattinculo|101|1574
|player|p2|GauMongStyle|266|1526
|gen|9
|tier|[Gen 9] OU
|rated|
|rule|HP Percentage Mod: HP is shown in percentages
|rule|Endless Battle Clause: Forcing endless battles is banned
|rule|Species Clause: Limit one of each Pokémon
|rule|OHKO Clause: OHKO moves are banned
|rule|Evasion Items Clause: Evasion items are banned
|rule|Evasion Moves Clause: Evasion moves are banned
|rule|Evasion Abilities Clause: Evasion abilities are banned
|rule|Sleep Moves Clause: Sleep-inducing moves are banned
|clearpoke
|poke|p1|Dragapult, F|
|poke|p1|Ting-Lu|
|poke|p1|Corviknight, F|
|poke|p1|Primarina, M|
|poke|p1|Raging Bolt|
|poke|p1|Gholdengo|
|poke|p2|Iron Crown|
|poke|p2|Samurott-Hisui, F|
|poke|p2|Zapdos|
|poke|p2|Dragapult, M|
|poke|p2|Great Tusk|
|poke|p2|Iron Boulder|
|teampreview
|inactive|Battle timer is ON: inactive players will automatically lose when time's up. (requested by GauMongStyle)
|inactive|wattinculo has 120 seconds left.
|inactive|GauMongStyle has 120 seconds left.
|inactive|GauMongStyle has 90 seconds left.
|inactive|GauMongStyle has 60 seconds left.
|
|t:|1760354082
|teamsize|p1|6
|teamsize|p2|6
|start
|switch|p1a: Raging Bolt|Raging Bolt|100/100
|switch|p2a: Everytime We Touch|Samurott-Hisui, F|100/100
|-enditem|p1a: Raging Bolt|Booster Energy
|-activate|p1a: Raging Bolt|ability: Protosynthesis|[fromitem]
|-start|p1a: Raging Bolt|protosynthesisspa
|turn|1
|
|t:|1760354086
|move|p2a: Everytime We Touch|Ceaseless Edge|p1a: Raging Bolt
|-damage|p1a: Raging Bolt|60/100
|-sidestart|p1: wattinculo|Spikes
|move|p1a: Raging Bolt|Thunderbolt|p2a: Everytime We Touch
|-supereffective|p2a: Everytime We Touch
|-damage|p2a: Everytime We Touch|0 fnt
|faint|p2a: Everytime We Touch
|
|upkeep
|inactive|GauMongStyle has 120 seconds left.
|
|t:|1760354111
|switch|p2a: Pump It|Great Tusk|100/100
|turn|2
|
|t:|1760354121
|-end|p2a: Pump It|Protosynthesis|[silent]
|switch|p2a: Hurikan|Zapdos|100/100
|-end|p1a: Raging Bolt|Protosynthesis|[silent]
|switch|p1a: Corviknight|Corviknight, F|100/100
|-ability|p1a: Corviknight|Pressure
|
|upkeep
|turn|3
|
|t:|1760354126
|switch|p1a: Ting-Lu|Ting-Lu|100/100
|-damage|p1a: Ting-Lu|88/100|[from] Spikes
|-ability|p1a: Ting-Lu|Vessel of Ruin
|move|p2a: Hurikan|U-turn|p1a: Ting-Lu
|-supereffective|p1a: Ting-Lu
|-damage|p1a: Ting-Lu|72/100
|
|t:|1760354131
|switch|p2a: Parasite|Dragapult, M|100/100|[from] U-turn
|
|-heal|p1a: Ting-Lu|78/100|[from] item: Leftovers
|upkeep
|turn|4
|
|t:|1760354143
|move|p2a: Parasite|U-turn|p1a: Ting-Lu
|-supereffective|p1a: Ting-Lu
|-damage|p1a: Ting-Lu|37/100
|inactive|GauMongStyle has 120 seconds left.
|
|t:|1760354185
|switch|p2a: Pump It|Great Tusk|100/100|[from] U-turn
|move|p1a: Ting-Lu|Stealth Rock|p2a: Pump It
|-sidestart|p2: GauMongStyle|move: Stealth Rock
|
|-heal|p1a: Ting-Lu|43/100|[from] item: Leftovers
|upkeep
|turn|5
|
|t:|1760354191
|move|p2a: Pump It|Ice Spinner|p1a: Ting-Lu
|-supereffective|p1a: Ting-Lu
|-damage|p1a: Ting-Lu|13/100
|move|p1a: Ting-Lu|Spikes|p2a: Pump It
|-sidestart|p2: GauMongStyle|Spikes
|
|-heal|p1a: Ting-Lu|19/100|[from] item: Leftovers
|upkeep
|turn|6
|
|t:|1760354200
|move|p2a: Pump It|Ice Spinner|p1a: Ting-Lu
|-supereffective|p1a: Ting-Lu
|-damage|p1a: Ting-Lu|0 fnt
|faint|p1a: Ting-Lu
|
|upkeep
|
|t:|1760354210
|switch|p1a: Gholdengo|Gholdengo|100/100
|-damage|p1a: Gholdengo|88/100|[from] Spikes
|turn|7
|
|t:|1760354223
|move|p1a: Gholdengo|Make It Rain|p2a: Pump It
|-damage|p2a: Pump It|1/100
|-unboost|p1a: Gholdengo|spa|1
|move|p2a: Pump It|Headlong Rush|p1a: Gholdengo
|-supereffective|p1a: Gholdengo
|-damage|p1a: Gholdengo|0 fnt
|-unboost|p2a: Pump It|def|1
|-unboost|p2a: Pump It|spd|1
|faint|p1a: Gholdengo
|
|upkeep
|
|t:|1760354229
|switch|p1a: Dragapult|Dragapult, F|100/100
|-damage|p1a: Dragapult|88/100|[from] Spikes
|turn|8
|
|t:|1760354238
|move|p1a: Dragapult|Dragon Darts|p2a: Pump It
|-damage|p2a: Pump It|0 fnt
|faint|p2a: Pump It
|-end|p2a: Pump It|Protosynthesis|[silent]
|
|upkeep
|
|t:|1760354246
|switch|p2a: Parasite|Dragapult, M|100/100
|-damage|p2a: Parasite|88/100|[from] Stealth Rock
|-damage|p2a: Parasite|76/100|[from] Spikes
|turn|9
|
|t:|1760354262
|switch|p1a: Corviknight|Corviknight, F|100/100
|-ability|p1a: Corviknight|Pressure
|move|p2a: Parasite|Sucker Punch||[still]
|-fail|p2a: Parasite
|
|upkeep
|turn|10
|
|t:|1760354269
|switch|p2a: Hurikan|Zapdos|100/100
|switch|p1a: Raging Bolt|Raging Bolt|60/100
|-damage|p1a: Raging Bolt|47/100|[from] Spikes
|
|upkeep
|turn|11
|
|t:|1760354278
|move|p1a: Raging Bolt|Thunderbolt|p2a: Hurikan
|-damage|p2a: Hurikan|45/100
|move|p2a: Hurikan|U-turn|p1a: Raging Bolt
|-damage|p1a: Raging Bolt|34/100
|
|t:|1760354286
|switch|p2a: Parasite|Dragapult, M|76/100|[from] U-turn
|-damage|p2a: Parasite|64/100|[from] Stealth Rock
|-damage|p2a: Parasite|51/100|[from] Spikes
|
|upkeep
|turn|12
|
|t:|1760354296
|-end|p1a: Raging Bolt|Protosynthesis|[silent]
|switch|p1a: Corviknight|Corviknight, F|100/100
|-ability|p1a: Corviknight|Pressure
|-terastallize|p2a: Parasite|Ghost
|move|p2a: Parasite|Tera Blast|p1a: Corviknight|[anim] Tera Blast Ghost
|-damage|p1a: Corviknight|56/100
|
|upkeep
|turn|13
|
|t:|1760354313
|switch|p1a: Raging Bolt|Raging Bolt|34/100
|-damage|p1a: Raging Bolt|21/100|[from] Spikes
|move|p2a: Parasite|Tera Blast|p1a: Raging Bolt|[anim] Tera Blast Ghost
|-damage|p1a: Raging Bolt|0 fnt
|faint|p1a: Raging Bolt
|-end|p1a: Raging Bolt|Protosynthesis|[silent]
|
|upkeep
|
|t:|1760354319
|switch|p1a: Dragapult|Dragapult, F|88/100
|-damage|p1a: Dragapult|76/100|[from] Spikes
|turn|14
|
|t:|1760354327
|switch|p2a: Revery|Iron Boulder|100/100
|-damage|p2a: Revery|88/100|[from] Stealth Rock
|-damage|p2a: Revery|76/100|[from] Spikes
|-enditem|p2a: Revery|Booster Energy
|-activate|p2a: Revery|ability: Quark Drive|[fromitem]
|-start|p2a: Revery|quarkdrivespe
|move|p1a: Dragapult|Sucker Punch||[still]
|-fail|p1a: Dragapult
|
|upkeep
|turn|15
|
|t:|1760354335
|switch|p1a: Primarina|Primarina, M|100/100
|move|p2a: Revery|Swords Dance|p2a: Revery
|-boost|p2a: Revery|atk|2
|
|upkeep
|turn|16
|
|t:|1760354347
|-terastallize|p1a: Primarina|Steel
|move|p2a: Revery|Mighty Cleave|p1a: Primarina
|-resisted|p1a: Primarina
|-damage|p1a: Primarina|63/100
|move|p1a: Primarina|Surf|p2a: Revery
|-supereffective|p2a: Revery
|-damage|p2a: Revery|6/100
|
|upkeep
|turn|17
|
|t:|1760354356
|switch|p1a: Corviknight|Corviknight, F|56/100
|-ability|p1a: Corviknight|Pressure
|move|p2a: Revery|Mighty Cleave|p1a: Corviknight
|-damage|p1a: Corviknight|0 fnt
|-damage|p2a: Revery|0 fnt|[from] item: Rocky Helmet|[of] p1a: Corviknight
|faint|p1a: Corviknight
|faint|p2a: Revery
|-end|p2a: Revery|Quark Drive|[silent]
|
|upkeep
|
|t:|1760354385
|switch|p2a: Parasite|Dragapult, M, tera:Ghost|51/100
|switch|p1a: Dragapult|Dragapult, F|76/100
|-damage|p2a: Parasite|39/100|[from] Stealth Rock
|-damage|p2a: Parasite|27/100|[from] Spikes
|-damage|p1a: Dragapult|64/100|[from] Spikes
|turn|18
|
|t:|1760354392
|move|p2a: Parasite|Sucker Punch|p1a: Dragapult
|-supereffective|p1a: Dragapult
|-damage|p1a: Dragapult|0 fnt
|faint|p1a: Dragapult
|
|upkeep
|
|t:|1760354395
|switch|p1a: Primarina|Primarina, M, tera:Steel|63/100
|turn|19
|
|t:|1760354402
|switch|p2a: Hurikan|Zapdos|45/100
|move|p1a: Primarina|Calm Mind|p1a: Primarina
|-boost|p1a: Primarina|spa|1
|-boost|p1a: Primarina|spd|1
|
|upkeep
|turn|20
|
|t:|1760354406
|move|p2a: Hurikan|Discharge|p1a: Primarina
|-damage|p1a: Primarina|47/100
|move|p1a: Primarina|Substitute|p1a: Primarina
|-start|p1a: Primarina|Substitute
|-damage|p1a: Primarina|22/100
|
|upkeep
|turn|21
|
|t:|1760354413
|move|p2a: Hurikan|Discharge|p1a: Primarina
|-activate|p1a: Primarina|move: Substitute|[damage]
|move|p1a: Primarina|Calm Mind|p1a: Primarina
|-boost|p1a: Primarina|spa|1
|-boost|p1a: Primarina|spd|1
|
|upkeep
|turn|22
|
|t:|1760354418
|move|p2a: Hurikan|Discharge|p1a: Primarina
|-end|p1a: Primarina|Substitute
|move|p1a: Primarina|Draining Kiss|p2a: Hurikan
|-damage|p2a: Hurikan|6/100
|-heal|p1a: Primarina|52/100|[from] drain|[of] p2a: Hurikan
|
|upkeep
|turn|23
|
|t:|1760354428
|move|p2a: Hurikan|Discharge|p1a: Primarina
|-damage|p1a: Primarina|37/100
|move|p1a: Primarina|Substitute|p1a: Primarina
|-start|p1a: Primarina|Substitute
|-damage|p1a: Primarina|12/100
|
|upkeep
|turn|24
|
|t:|1760354435
|move|p2a: Hurikan|Discharge|p1a: Primarina
|-crit|p1a: Primarina
|-end|p1a: Primarina|Substitute
|move|p1a: Primarina|Surf|p2a: Hurikan
|-damage|p2a: Hurikan|0 fnt
|faint|p2a: Hurikan
|
|upkeep
|
|t:|1760354442
|switch|p2a: Parasite|Dragapult, M, tera:Ghost|27/100
|-damage|p2a: Parasite|14/100|[from] Stealth Rock
|-damage|p2a: Parasite|2/100|[from] Spikes
|turn|25
|-message|wattinculo forfeited.
|
|win|GauMongStyle
|raw|wattinculo's rating: 1574 &rarr; <strong>1551</strong><br />(-23 for losing)
|raw|GauMongStyle's rating: 1526 &rarr; <strong>1549</strong><br />(+23 for winning)
|l|☆wattinculo
|player|p1|
|l|☆GauMongStyle
|player|p2|
