|j|☆youjustgotnoobed
|j|☆Overgame00
|t:|1760363305
|gametype|singles
|player|p1|youjustgotnoobed|lady|1425
|player|p2|Overgame00|baker|1452
|gen|9
|tier|[Gen 9] OU
|rated|
|rule|HP Percentage Mod: HP is shown in percentages
|rule|Endless Battle Clause: Forcing endless battles is banned
|rule|Species Clause: Limit one of each Pokémon
|rule|OHKO Clause: OHKO moves are banned
|rule|Evasion Items Clause: Evasion items are banned
|rule|Evasion Moves Clause: Evasion moves are banned
|rule|Evasion Abilities Clause: Evasion abilities are banned
|rule|Sleep Moves Clause: Sleep-inducing moves are banned
|clearpoke
|poke|p1|Tyranitar, M|
|poke|p1|Gholdengo|
|poke|p1|Excadrill, M|
|poke|p1|Tornadus-Therian, M|
|poke|p1|Ogerpon-Wellspring, F|
|poke|p1|Landorus-Therian, M|
|poke|p2|Revavroom, M|
|poke|p2|Enamorus, F|
|poke|p2|Cinderace, F|
|poke|p2|Ting-Lu|
|poke|p2|Ogerpon-Wellspring, F|
|poke|p2|Iron Moth|
|teampreview
|inactive|Battle timer is ON: inactive players will automatically lose when time's up. (requested by youjustgotnoobed)
|
|t:|1760363320
|teamsize|p1|6
|teamsize|p2|6
|start
|switch|p1a: Landorus|Landorus-Therian, M|100/100
|switch|p2a: Cinderace|Cinderace, F|100/100
|-ability|p1a: Landorus|Intimidate|boost
|-unboost|p2a: Cinderace|atk|1
|turn|1
|
|t:|1760363326
|switch|p2a: Enamorus|Enamorus, F|100/100
|move|p1a: Landorus|U-turn|p2a: Enamorus
|-resisted|p2a: Enamorus
|-damage|p2a: Enamorus|92/100
|inactive|youjustgotnoobed has 120 seconds left.
|
|t:|1760363369
|switch|p1a: Tyranitar|Tyranitar, M|100/100|[from] U-turn
|-weather|Sandstorm|[from] ability: Sand Stream|[of] p1a: Tyranitar
|
|-weather|Sandstorm|[upkeep]
|-damage|p2a: Enamorus|86/100|[from] Sandstorm
|upkeep
|turn|2
|
|t:|1760363386
|switch|p2a: Ting-Lu|Ting-Lu|100/100
|-ability|p2a: Ting-Lu|Vessel of Ruin
|move|p1a: Tyranitar|Ice Punch|p2a: Ting-Lu
|-supereffective|p2a: Ting-Lu
|-damage|p2a: Ting-Lu|56/100
|
|-weather|Sandstorm|[upkeep]
|-heal|p2a: Ting-Lu|62/100|[from] item: Leftovers
|upkeep
|turn|3
|inactive|youjustgotnoobed has 120 seconds left.
|
|t:|1760363400
|switch|p1a: Ogerpon|Ogerpon-Wellspring, F|100/100
|move|p2a: Ting-Lu|Ruination|p1a: Ogerpon
|-damage|p1a: Ogerpon|51/100
|
|-weather|Sandstorm|[upkeep]
|-damage|p1a: Ogerpon|45/100|[from] Sandstorm
|-heal|p2a: Ting-Lu|69/100|[from] item: Leftovers
|upkeep
|turn|4
|
|t:|1760363412
|switch|p2a: Iron Moth|Iron Moth|100/100
|move|p1a: Ogerpon|Power Whip|p2a: Iron Moth
|-resisted|p2a: Iron Moth
|-damage|p2a: Iron Moth|72/100
|
|-weather|Sandstorm|[upkeep]
|-damage|p1a: Ogerpon|39/100|[from] Sandstorm
|-damage|p2a: Iron Moth|66/100|[from] Sandstorm
|upkeep
|turn|5
|
|t:|1760363426
|move|p1a: Ogerpon|Ivy Cudgel|p2a: Iron Moth|[anim] Ivy Cudgel Water
|-supereffective|p2a: Iron Moth
|-crit|p2a: Iron Moth
|-damage|p2a: Iron Moth|0 fnt
|faint|p2a: Iron Moth
|-end|p2a: Iron Moth|Quark Drive|[silent]
|
|-weather|none
|upkeep
|
|t:|1760363434
|switch|p2a: Enamorus|Enamorus, F|86/100
|turn|6
|
|t:|1760363444
|switch|p1a: Tyranitar|Tyranitar, M|100/100
|-weather|Sandstorm|[from] ability: Sand Stream|[of] p1a: Tyranitar
|move|p2a: Enamorus|Moonblast|p1a: Tyranitar
|-supereffective|p1a: Tyranitar
|-damage|p1a: Tyranitar|45/100
|-unboost|p1a: Tyranitar|spa|1
|
|-weather|Sandstorm|[upkeep]
|-damage|p2a: Enamorus|80/100|[from] Sandstorm
|upkeep
|turn|7
|
|t:|1760363449
|switch|p1a: Gholdengo|Gholdengo|100/100
|move|p2a: Enamorus|Moonblast|p1a: Gholdengo
|-resisted|p1a: Gholdengo
|-damage|p1a: Gholdengo|73/100
|-unboost|p1a: Gholdengo|spa|1
|
|-weather|Sandstorm|[upkeep]
|-damage|p2a: Enamorus|74/100|[from] Sandstorm
|upkeep
|turn|8
|
|t:|1760363455
|switch|p2a: Ting-Lu|Ting-Lu|69/100
|-ability|p2a: Ting-Lu|Vessel of Ruin
|move|p1a: Gholdengo|Make It Rain|p2a: Ting-Lu
|-damage|p2a: Ting-Lu|34/100
|-unboost|p1a: Gholdengo|spa|1
|
|-weather|Sandstorm|[upkeep]
|-heal|p2a: Ting-Lu|40/100|[from] item: Leftovers
|upkeep
|turn|9
|
|t:|1760363467
|switch|p1a: Tornadus|Tornadus-Therian, M|100/100
|move|p2a: Ting-Lu|Earthquake|p1a: Tornadus
|-immune|p1a: Tornadus
|
|-weather|Sandstorm|[upkeep]
|-damage|p1a: Tornadus|94/100|[from] Sandstorm
|-heal|p2a: Ting-Lu|47/100|[from] item: Leftovers
|upkeep
|turn|10
|
|t:|1760363471
|move|p1a: Tornadus|Knock Off|p2a: Ting-Lu
|-resisted|p2a: Ting-Lu
|-damage|p2a: Ting-Lu|42/100
|-enditem|p2a: Ting-Lu|Leftovers|[from] move: Knock Off|[of] p1a: Tornadus
|move|p2a: Ting-Lu|Whirlwind|p1a: Tornadus
|drag|p1a: Gholdengo|Gholdengo|73/100
|
|-weather|none
|upkeep
|turn|11
|
|t:|1760363477
|move|p1a: Gholdengo|Make It Rain|p2a: Ting-Lu
|-damage|p2a: Ting-Lu|0 fnt
|-unboost|p1a: Gholdengo|spa|1
|faint|p2a: Ting-Lu
|
|upkeep
|
|t:|1760363481
|switch|p2a: Revavroom|Revavroom, M|100/100
|turn|12
|
|t:|1760363495
|switch|p1a: Landorus|Landorus-Therian, M|100/100
|-ability|p1a: Landorus|Intimidate|boost
|-unboost|p2a: Revavroom|atk|1
|move|p2a: Revavroom|Shift Gear|p2a: Revavroom
|-boost|p2a: Revavroom|spe|2
|-boost|p2a: Revavroom|atk|1
|
|upkeep
|turn|13
|
|t:|1760363501
|-terastallize|p2a: Revavroom|Ice
|move|p2a: Revavroom|Tera Blast|p1a: Landorus|[anim] Tera Blast Ice
|-supereffective|p1a: Landorus
|-damage|p1a: Landorus|0 fnt
|faint|p1a: Landorus
|
|upkeep
|
|t:|1760363513
|switch|p1a: Tyranitar|Tyranitar, M|45/100
|-weather|Sandstorm|[from] ability: Sand Stream|[of] p1a: Tyranitar
|turn|14
|
|t:|1760363526
|-terastallize|p1a: Tyranitar|Bug
|move|p2a: Revavroom|High Horsepower|p1a: Tyranitar
|-resisted|p1a: Tyranitar
|-damage|p1a: Tyranitar|32/100
|move|p1a: Tyranitar|Stone Edge|p2a: Revavroom
|-supereffective|p2a: Revavroom
|-damage|p2a: Revavroom|0 fnt
|faint|p2a: Revavroom
|
|-weather|Sandstorm|[upkeep]
|-damage|p1a: Tyranitar|26/100|[from] Sandstorm
|upkeep
|
|t:|1760363544
|switch|p2a: Ogerpon|Ogerpon-Wellspring, F|100/100
|turn|15
|
|t:|1760363555
|switch|p1a: Ogerpon|Ogerpon-Wellspring, F|39/100
|move|p2a: Ogerpon|Horn Leech|p1a: Ogerpon
|-damage|p1a: Ogerpon|0 fnt
|faint|p1a: Ogerpon
|
|-weather|Sandstorm|[upkeep]
|-damage|p2a: Ogerpon|95/100|[from] Sandstorm
|upkeep
|
|t:|1760363559
|switch|p1a: Tornadus|Tornadus-Therian, M|100/100
|turn|16
|
|t:|1760363563
|switch|p2a: Cinderace|Cinderace, F|100/100
|move|p1a: Tornadus|Bleakwind Storm|p2a: Cinderace
|-damage|p2a: Cinderace|50/100
|-unboost|p2a: Cinderace|spe|1
|
|-weather|Sandstorm|[upkeep]
|-damage|p1a: Tornadus|94/100|[from] Sandstorm
|-damage|p2a: Cinderace|44/100|[from] Sandstorm
|upkeep
|turn|17
|
|t:|1760363573
|move|p1a: Tornadus|Bleakwind Storm|p2a: Cinderace
|-damage|p2a: Cinderace|0 fnt
|faint|p2a: Cinderace
|
|-weather|Sandstorm|[upkeep]
|-damage|p1a: Tornadus|88/100|[from] Sandstorm
|upkeep
|
|t:|1760363575
|switch|p2a: Enamorus|Enamorus, F|74/100
|turn|18
|
|t:|1760363599
|move|p2a: Enamorus|Moonblast|p1a: Tornadus
|-damage|p1a: Tornadus|53/100
|move|p1a: Tornadus|U-turn|p2a: Enamorus
|-resisted|p2a: Enamorus
|-crit|p2a: Enamorus
|-damage|p2a: Enamorus|65/100
|
|t:|1760363606
|switch|p1a: Gholdengo|Gholdengo|73/100|[from] U-turn
|
|-weather|none
|upkeep
|turn|19
|
|t:|1760363622
|move|p2a: Enamorus|Moonblast|p1a: Gholdengo
|-resisted|p1a: Gholdengo
|-damage|p1a: Gholdengo|46/100
|-unboost|p1a: Gholdengo|spa|1
|move|p1a: Gholdengo|Shadow Ball|p2a: Enamorus
|-damage|p2a: Enamorus|0 fnt
|faint|p2a: Enamorus
|
|upkeep
|
|t:|1760363624
|switch|p2a: Ogerpon|Ogerpon-Wellspring, F|95/100
|turn|20
|
|t:|1760363633
|switch|p1a: Tyranitar|Tyranitar, M, tera:Bug|26/100
|-weather|Sandstorm|[from] ability: Sand Stream|[of] p1a: Tyranitar
|move|p2a: Ogerpon|Swords Dance|p2a: Ogerpon
|-boost|p2a: Ogerpon|atk|2
|
|-weather|Sandstorm|[upkeep]
|-damage|p2a: Ogerpon|89/100|[from] Sandstorm
|-damage|p1a: Tyranitar|20/100|[from] Sandstorm
|upkeep
|turn|21
|
|t:|1760363639
|move|p2a: Ogerpon|Horn Leech|p1a: Tyranitar
|-resisted|p1a: Tyranitar
|-damage|p1a: Tyranitar|0 fnt
|-heal|p2a: Ogerpon|100/100|[from] drain|[of] p1a: Tyranitar
|faint|p1a: Tyranitar
|
|-weather|Sandstorm|[upkeep]
|-damage|p2a: Ogerpon|95/100|[from] Sandstorm
|upkeep
|
|t:|1760363646
|switch|p1a: Tornadus|Tornadus-Therian, M|86/100
|turn|22
|
|t:|1760363649
|move|p1a: Tornadus|Bleakwind Storm|p2a: Ogerpon|[miss]
|-miss|p1a: Tornadus|p2a: Ogerpon
|move|p2a: Ogerpon|Ivy Cudgel|p1a: Tornadus|[anim] Ivy Cudgel Water
|-crit|p1a: Tornadus
|-damage|p1a: Tornadus|0 fnt
|faint|p1a: Tornadus
|
|-weather|Sandstorm|[upkeep]
|-damage|p2a: Ogerpon|89/100|[from] Sandstorm
|upkeep
|
|t:|1760363652
|switch|p1a: Excadrill|Excadrill, M|100/100
|-item|p1a: Excadrill|Air Balloon
|turn|23
|
|t:|1760363655
|move|p1a: Excadrill|Iron Head|p2a: Ogerpon
|-resisted|p2a: Ogerpon
|-damage|p2a: Ogerpon|59/100
|cant|p2a: Ogerpon|flinch
|
|-weather|Sandstorm|[upkeep]
|-damage|p2a: Ogerpon|53/100|[from] Sandstorm
|upkeep
|turn|24
|
|t:|1760363660
|move|p1a: Excadrill|Iron Head|p2a: Ogerpon
|-resisted|p2a: Ogerpon
|-damage|p2a: Ogerpon|20/100
|move|p2a: Ogerpon|Ivy Cudgel|p1a: Excadrill|[anim] Ivy Cudgel Water
|-supereffective|p1a: Excadrill
|-damage|p1a: Excadrill|0 fnt
|-enditem|p1a: Excadrill|Air Balloon
|faint|p1a: Excadrill
|
|-weather|none
|upkeep
|
|t:|1760363665
|switch|p1a: Gholdengo|Gholdengo|46/100
|turn|25
|
|t:|1760363667
|move|p2a: Ogerpon|Ivy Cudgel|p1a: Gholdengo|[anim] Ivy Cudgel Water
|-damage|p1a: Gholdengo|0 fnt
|faint|p1a: Gholdengo
|
|win|Overgame00
|raw|youjustgotnoobed's rating: 1425 &rarr; <strong>1407</strong><br />(-18 for losing)
|raw|Overgame00's rating: 1452 &rarr; <strong>1470</strong><br />(+18 for winning)
|l|☆Overgame00
|player|p2|
|l|☆youjustgotnoobed
|player|p1|
