|j|☆miseryknowsnoend
|j|☆xPainSeraphx
|t:|1760315175
|gametype|singles
|player|p1|miseryknowsnoend|worker|1326
|player|p2|xPainSeraphx|ethan|1331
|gen|9
|tier|[Gen 9] OU
|rated|
|rule|HP Percentage Mod: HP is shown in percentages
|rule|Endless Battle Clause: Forcing endless battles is banned
|rule|Species Clause: Limit one of each Pokémon
|rule|OHKO Clause: OHKO moves are banned
|rule|Evasion Items Clause: Evasion items are banned
|rule|Evasion Moves Clause: Evasion moves are banned
|rule|Evasion Abilities Clause: Evasion abilities are banned
|rule|Sleep Moves Clause: Sleep-inducing moves are banned
|clearpoke
|poke|p1|Clefable, M|
|poke|p1|Dragonite, M|
|poke|p1|Ting-Lu|
|poke|p1|Gholdengo|
|poke|p1|Zapdos|
|poke|p1|Zamazenta-*|
|poke|p2|Tyranitar, M|
|poke|p2|Abomasnow, M|
|poke|p2|Gholdengo|
|poke|p2|Skeledirge, M|
|poke|p2|Corviknight, M|
|poke|p2|Ursaluna, M|
|teampreview
|inactive|Battle timer is ON: inactive players will automatically lose when time's up. (requested by miseryknowsnoend)
|inactive|miseryknowsnoend has 120 seconds left.
|
|t:|1760315215
|teamsize|p1|6
|teamsize|p2|6
|start
|switch|p1a: Ting-Lu|Ting-Lu|100/100
|switch|p2a: Tyranitar|Tyranitar, M|100/100
|-weather|Sandstorm|[from] ability: Sand Stream|[of] p2a: Tyranitar
|-ability|p1a: Ting-Lu|Vessel of Ruin
|turn|1
|
|t:|1760315227
|move|p2a: Tyranitar|Knock Off|p1a: Ting-Lu
|-resisted|p1a: Ting-Lu
|-damage|p1a: Ting-Lu|86/100
|-enditem|p1a: Ting-Lu|Leftovers|[from] move: Knock Off|[of] p2a: Tyranitar
|move|p1a: Ting-Lu|Spikes|p2a: Tyranitar
|-sidestart|p2: xPainSeraphx|Spikes
|
|-weather|Sandstorm|[upkeep]
|upkeep
|turn|2
|
|t:|1760315240
|switch|p2a: Corviknight|Corviknight, M|100/100
|-ability|p2a: Corviknight|Pressure
|move|p1a: Ting-Lu|Spikes|p2a: Corviknight
|-sidestart|p2: xPainSeraphx|Spikes
|
|-weather|Sandstorm|[upkeep]
|upkeep
|turn|3
|
|t:|1760315253
|switch|p2a: Gholdengo|Gholdengo|100/100
|-item|p2a: Gholdengo|Air Balloon
|switch|p1a: Gholdengo|Gholdengo|100/100
|-item|p1a: Gholdengo|Air Balloon
|
|-weather|Sandstorm|[upkeep]
|upkeep
|turn|4
|
|t:|1760315281
|-terastallize|p2a: Gholdengo|Electric
|move|p1a: Gholdengo|Shadow Ball|p2a: Gholdengo
|-damage|p2a: Gholdengo|54/100
|-enditem|p2a: Gholdengo|Air Balloon
|move|p2a: Gholdengo|Shadow Ball|p1a: Gholdengo
|-supereffective|p1a: Gholdengo
|-damage|p1a: Gholdengo|0 fnt
|-enditem|p1a: Gholdengo|Air Balloon
|faint|p1a: Gholdengo
|
|-weather|Sandstorm|[upkeep]
|-damage|p2a: Gholdengo|48/100|[from] Sandstorm
|upkeep
|inactive|miseryknowsnoend has 120 seconds left.
|
|t:|1760315310
|switch|p1a: Zamazenta|Zamazenta|100/100
|-ability|p1a: Zamazenta|Dauntless Shield|boost
|-boost|p1a: Zamazenta|def|1
|turn|5
|
|t:|1760315336
|switch|p2a: Skeledirge|Skeledirge, M|100/100
|move|p1a: Zamazenta|Close Combat|p2a: Skeledirge
|-immune|p2a: Skeledirge
|
|-weather|none
|upkeep
|turn|6
|inactive|miseryknowsnoend has 120 seconds left.
|
|t:|1760315348
|switch|p1a: Ting-Lu|Ting-Lu|86/100
|-ability|p1a: Ting-Lu|Vessel of Ruin
|move|p2a: Skeledirge|Will-O-Wisp|p1a: Ting-Lu
|-status|p1a: Ting-Lu|brn
|
|-damage|p1a: Ting-Lu|79/100 brn|[from] brn
|upkeep
|turn|7
|inactive|miseryknowsnoend has 120 seconds left.
|inactive|xPainSeraphx has 120 seconds left.
|inactive|xPainSeraphx has 90 seconds left.
|
|t:|1760315400
|move|p2a: Skeledirge|Torch Song|p1a: Ting-Lu
|-damage|p1a: Ting-Lu|65/100 brn
|-boost|p2a: Skeledirge|spa|1
|move|p1a: Ting-Lu|Ruination|p2a: Skeledirge
|-damage|p2a: Skeledirge|50/100
|
|-damage|p1a: Ting-Lu|59/100 brn|[from] brn
|upkeep
|turn|8
|inactive|miseryknowsnoend has 120 seconds left.
|inactive|xPainSeraphx has 90 seconds left.
|
|t:|1760315414
|move|p2a: Skeledirge|Slack Off|p2a: Skeledirge
|-heal|p2a: Skeledirge|100/100
|move|p1a: Ting-Lu|Ruination|p2a: Skeledirge
|-damage|p2a: Skeledirge|50/100
|
|-damage|p1a: Ting-Lu|53/100 brn|[from] brn
|upkeep
|turn|9
|inactive|miseryknowsnoend has 120 seconds left.
|inactive|xPainSeraphx has 90 seconds left.
|
|t:|1760315423
|move|p2a: Skeledirge|Torch Song|p1a: Ting-Lu
|-damage|p1a: Ting-Lu|34/100 brn
|-boost|p2a: Skeledirge|spa|1
|move|p1a: Ting-Lu|Ruination|p2a: Skeledirge
|-damage|p2a: Skeledirge|25/100
|
|-damage|p1a: Ting-Lu|27/100 brn|[from] brn
|upkeep
|turn|10
|
|t:|1760315433
|move|p2a: Skeledirge|Slack Off|p2a: Skeledirge
|-heal|p2a: Skeledirge|75/100
|move|p1a: Ting-Lu|Ruination|p2a: Skeledirge|[miss]
|-miss|p1a: Ting-Lu|p2a: Skeledirge
|
|-damage|p1a: Ting-Lu|21/100 brn|[from] brn
|upkeep
|turn|11
|
|t:|1760315441
|move|p2a: Skeledirge|Torch Song|p1a: Ting-Lu
|-damage|p1a: Ting-Lu|0 fnt
|-boost|p2a: Skeledirge|spa|1
|faint|p1a: Ting-Lu
|
|upkeep
|
|t:|1760315444
|switch|p1a: Zamazenta|Zamazenta|100/100
|turn|12
|
|t:|1760315450
|-terastallize|p1a: Zamazenta|Dark
|move|p1a: Zamazenta|Crunch|p2a: Skeledirge
|-supereffective|p2a: Skeledirge
|-damage|p2a: Skeledirge|10/100
|-damage|p1a: Zamazenta|91/100|[from] item: Life Orb
|move|p2a: Skeledirge|Will-O-Wisp|p1a: Zamazenta
|-status|p1a: Zamazenta|brn
|
|-damage|p1a: Zamazenta|84/100 brn|[from] brn
|upkeep
|turn|13
|
|t:|1760315475
|switch|p1a: Zapdos|Zapdos|100/100
|switch|p2a: Corviknight|Corviknight, M|100/100
|-ability|p2a: Corviknight|Pressure
|
|upkeep
|turn|14
|
|t:|1760315486
|move|p1a: Zapdos|Volt Switch|p2a: Corviknight
|-supereffective|p2a: Corviknight
|-damage|p2a: Corviknight|49/100
|
|t:|1760315500
|switch|p1a: Clefable|Clefable, M|100/100|[from] Volt Switch
|move|p2a: Corviknight|Defog|p1a: Clefable
|-unboost|p1a: Clefable|evasion|1
|-sideend|p2: xPainSeraphx|Spikes|[from] move: Defog|[of] p2a: Corviknight
|
|-heal|p2a: Corviknight|56/100|[from] item: Leftovers
|upkeep
|turn|15
|inactive|miseryknowsnoend has 120 seconds left.
|
|t:|1760315516
|switch|p2a: Gholdengo|Gholdengo, tera:Electric|48/100
|move|p1a: Clefable|Flamethrower|p2a: Gholdengo
|-damage|p2a: Gholdengo|26/100
|-status|p2a: Gholdengo|brn
|
|-damage|p2a: Gholdengo|19/100 brn|[from] brn
|upkeep
|turn|16
|inactive|miseryknowsnoend has 120 seconds left.
|
|t:|1760315532
|switch|p1a: Zapdos|Zapdos|100/100
|move|p2a: Gholdengo|Make It Rain|p1a: Zapdos
|-resisted|p1a: Zapdos
|-damage|p1a: Zapdos|67/100
|-unboost|p2a: Gholdengo|spa|1
|
|-damage|p2a: Gholdengo|13/100 brn|[from] brn
|upkeep
|turn|17
|inactive|miseryknowsnoend has 120 seconds left.
|inactive|xPainSeraphx has 90 seconds left.
|
|t:|1760315557
|switch|p2a: Ursaluna|Ursaluna, M|100/100
|move|p1a: Zapdos|Volt Switch|p2a: Ursaluna
|-immune|p2a: Ursaluna
|
|-status|p2a: Ursaluna|brn|[from] item: Flame Orb
|upkeep
|turn|18
|inactive|xPainSeraphx has 90 seconds left.
|inactive|miseryknowsnoend has 120 seconds left.
|
|t:|1760315586
|move|p1a: Zapdos|Hurricane|p2a: Ursaluna
|-damage|p2a: Ursaluna|56/100 brn
|-start|p2a: Ursaluna|confusion
|-activate|p2a: Ursaluna|confusion
|-damage|p2a: Ursaluna|44/100 brn|[from] confusion
|
|-damage|p2a: Ursaluna|38/100 brn|[from] brn
|upkeep
|turn|19
|inactive|xPainSeraphx has 90 seconds left.
|
|t:|1760315599
|switch|p2a: Tyranitar|Tyranitar, M|100/100
|-weather|Sandstorm|[from] ability: Sand Stream|[of] p2a: Tyranitar
|move|p1a: Zapdos|Hurricane|p2a: Tyranitar
|-resisted|p2a: Tyranitar
|-damage|p2a: Tyranitar|91/100
|-start|p2a: Tyranitar|confusion
|
|-weather|Sandstorm|[upkeep]
|-damage|p1a: Zapdos|61/100|[from] Sandstorm
|upkeep
|turn|20
|inactive|xPainSeraphx has 90 seconds left.
|
|t:|1760315619
|move|p1a: Zapdos|Volt Switch|p2a: Tyranitar
|-crit|p2a: Tyranitar
|-damage|p2a: Tyranitar|73/100
|
|t:|1760315624
|switch|p1a: Clefable|Clefable, M|100/100|[from] Volt Switch
|-activate|p2a: Tyranitar|confusion
|move|p2a: Tyranitar|Earthquake|p1a: Clefable
|-damage|p1a: Clefable|73/100
|
|-weather|Sandstorm|[upkeep]
|-heal|p1a: Clefable|79/100|[from] item: Leftovers
|upkeep
|turn|21
|inactive|xPainSeraphx has 90 seconds left.
|
|t:|1760315638
|switch|p2a: Ursaluna|Ursaluna, M|38/100 brn
|move|p1a: Clefable|Calm Mind|p1a: Clefable
|-boost|p1a: Clefable|spa|1
|-boost|p1a: Clefable|spd|1
|
|-weather|Sandstorm|[upkeep]
|-heal|p1a: Clefable|85/100|[from] item: Leftovers
|-damage|p2a: Ursaluna|32/100 brn|[from] brn
|upkeep
|turn|22
|inactive|xPainSeraphx has 90 seconds left.
|
|t:|1760315650
|switch|p1a: Zamazenta|Zamazenta, tera:Dark|84/100 brn
|move|p2a: Ursaluna|Facade|p1a: Zamazenta
|-damage|p1a: Zamazenta|0 fnt
|faint|p1a: Zamazenta
|
|-weather|Sandstorm|[upkeep]
|-damage|p2a: Ursaluna|26/100 brn|[from] brn
|upkeep
|
|t:|1760315667
|switch|p1a: Zapdos|Zapdos|61/100
|turn|23
|
|t:|1760315678
|move|p1a: Zapdos|Roost|p1a: Zapdos
|-heal|p1a: Zapdos|100/100
|-singleturn|p1a: Zapdos|move: Roost
|move|p2a: Ursaluna|Facade|p1a: Zapdos
|-damage|p1a: Zapdos|16/100
|
|-weather|none
|-damage|p2a: Ursaluna|20/100 brn|[from] brn
|upkeep
|turn|24
|
|t:|1760315688
|switch|p2a: Tyranitar|Tyranitar, M|73/100
|-weather|Sandstorm|[from] ability: Sand Stream|[of] p2a: Tyranitar
|move|p1a: Zapdos|Hurricane|p2a: Tyranitar
|-resisted|p2a: Tyranitar
|-damage|p2a: Tyranitar|65/100
|
|-weather|Sandstorm|[upkeep]
|-damage|p1a: Zapdos|10/100|[from] Sandstorm
|upkeep
|turn|25
|
|t:|1760315698
|move|p1a: Zapdos|Roost|p1a: Zapdos
|-heal|p1a: Zapdos|60/100
|-singleturn|p1a: Zapdos|move: Roost
|move|p2a: Tyranitar|Rock Tomb|p1a: Zapdos
|-damage|p1a: Zapdos|36/100
|-unboost|p1a: Zapdos|spe|1
|
|-weather|Sandstorm|[upkeep]
|-damage|p1a: Zapdos|30/100|[from] Sandstorm
|upkeep
|turn|26
|
|t:|1760315712
|switch|p1a: Clefable|Clefable, M|85/100
|move|p2a: Tyranitar|Earthquake|p1a: Clefable
|-crit|p1a: Clefable
|-damage|p1a: Clefable|37/100
|
|-weather|Sandstorm|[upkeep]
|-heal|p1a: Clefable|43/100|[from] item: Leftovers
|upkeep
|turn|27
|
|t:|1760315723
|switch|p2a: Ursaluna|Ursaluna, M|20/100 brn
|move|p1a: Clefable|Moonlight|p1a: Clefable
|-heal|p1a: Clefable|68/100
|
|-weather|Sandstorm|[upkeep]
|-heal|p1a: Clefable|74/100|[from] item: Leftovers
|-damage|p2a: Ursaluna|14/100 brn|[from] brn
|upkeep
|turn|28
|inactive|miseryknowsnoend has 120 seconds left.
|
|t:|1760315751
|move|p1a: Clefable|Moonlight|p1a: Clefable
|-heal|p1a: Clefable|98/100
|move|p2a: Ursaluna|Facade|p1a: Clefable
|-damage|p1a: Clefable|8/100
|
|-weather|none
|-heal|p1a: Clefable|14/100|[from] item: Leftovers
|-damage|p2a: Ursaluna|8/100 brn|[from] brn
|upkeep
|turn|29
|
|t:|1760315761
|move|p1a: Clefable|Moonblast|p2a: Ursaluna
|-damage|p2a: Ursaluna|0 fnt
|faint|p2a: Ursaluna
|
|-heal|p1a: Clefable|20/100|[from] item: Leftovers
|upkeep
|
|t:|1760315777
|switch|p2a: Gholdengo|Gholdengo, tera:Electric|13/100 brn
|turn|30
|
|t:|1760315793
|move|p2a: Gholdengo|Thunderbolt|p1a: Clefable
|-damage|p1a: Clefable|0 fnt
|faint|p1a: Clefable
|
|-damage|p2a: Gholdengo|7/100 brn|[from] brn
|upkeep
|inactive|miseryknowsnoend has 120 seconds left.
|
|t:|1760315808
|switch|p1a: Dragonite|Dragonite, M, shiny|100/100
|turn|31
|
|t:|1760315826
|move|p1a: Dragonite|Dragon Dance|p1a: Dragonite
|-boost|p1a: Dragonite|atk|1
|-boost|p1a: Dragonite|spe|1
|move|p2a: Gholdengo|Thunderbolt|p1a: Dragonite
|-damage|p1a: Dragonite|73/100
|-status|p1a: Dragonite|par
|
|-damage|p2a: Gholdengo|1/100 brn|[from] brn
|upkeep
|turn|32
|-message|miseryknowsnoend forfeited.
|
|win|xPainSeraphx
|raw|miseryknowsnoend's rating: 1326 &rarr; <strong>1306</strong><br />(-20 for losing)
|raw|xPainSeraphx's rating: 1331 &rarr; <strong>1351</strong><br />(+20 for winning)
|l|☆miseryknowsnoend
|player|p1|
