|j|☆cheezard
|j|☆ohlookarock3
|t:|1760447290
|gametype|singles
|player|p1|cheezard|bede|1640
|player|p2|ohlookarock3|geeta|1582
|gen|9
|tier|[Gen 9] OU
|rated|
|rule|HP Percentage Mod: HP is shown in percentages
|rule|Endless Battle Clause: Forcing endless battles is banned
|rule|Species Clause: Limit one of each Pokémon
|rule|OHKO Clause: OHKO moves are banned
|rule|Evasion Items Clause: Evasion items are banned
|rule|Evasion Moves Clause: Evasion moves are banned
|rule|Evasion Abilities Clause: Evasion abilities are banned
|rule|Sleep Moves Clause: Sleep-inducing moves are banned
|clearpoke
|poke|p1|Darkrai|
|poke|p1|Samurott-Hisui, F|
|poke|p1|Dragonite, F|
|poke|p1|Landorus-Therian, M|
|poke|p1|Gholdengo|
|poke|p1|Raging Bolt|
|poke|p2|Latias, F|
|poke|p2|Ninetales-Alola, F|
|poke|p2|Ceruledge, F|
|poke|p2|Weavile, F|
|poke|p2|Great Tusk|
|poke|p2|Gholdengo|
|teampreview
|inactive|Battle timer is ON: inactive players will automatically lose when time's up. (requested by ohlookarock3)
|
|t:|1760447304
|teamsize|p1|6
|teamsize|p2|6
|start
|switch|p1a: Gholden Wind|Gholdengo|100/100
|switch|p2a: Great Tusk|Great Tusk|100/100
|turn|1
|
|t:|1760447311
|switch|p1a: Landorus|Landorus-Therian, M|100/100
|-ability|p1a: Landorus|Intimidate|boost
|-unboost|p2a: Great Tusk|atk|1
|move|p2a: Great Tusk|Stealth Rock|p1a: Landorus
|-sidestart|p1: cheezard|move: Stealth Rock
|
|upkeep
|turn|2
|inactive|ohlookarock3 has 120 seconds left.
|inactive|ohlookarock3 has 90 seconds left.
|inactive|cheezard has 120 seconds left.
|
|t:|1760447390
|-end|p2a: Great Tusk|Protosynthesis|[silent]
|switch|p2a: Ninetales|Ninetales-Alola, F|100/100
|-weather|Snowscape|[from] ability: Snow Warning|[of] p2a: Ninetales
|move|p1a: Landorus|Stealth Rock|p2a: Ninetales
|-sidestart|p2: ohlookarock3|move: Stealth Rock
|
|-weather|Snowscape|[upkeep]
|upkeep
|turn|3
|
|t:|1760447399
|switch|p1a: Gholden Wind|Gholdengo|100/100
|-damage|p1a: Gholden Wind|94/100|[from] Stealth Rock
|move|p2a: Ninetales|Aurora Veil|p2a: Ninetales
|-sidestart|p2: ohlookarock3|move: Aurora Veil
|
|-weather|Snowscape|[upkeep]
|upkeep
|turn|4
|inactive|ohlookarock3 has 90 seconds left.
|
|t:|1760447414
|switch|p2a: Gholdengo|Gholdengo|100/100
|-damage|p2a: Gholdengo|94/100|[from] Stealth Rock
|move|p1a: Gholden Wind|Shadow Ball|p2a: Gholdengo
|-supereffective|p2a: Gholdengo
|-damage|p2a: Gholdengo|46/100
|-unboost|p2a: Gholdengo|spd|1
|
|-weather|Snowscape|[upkeep]
|upkeep
|turn|5
|
|t:|1760447423
|move|p2a: Gholdengo|Shadow Ball|p1a: Gholden Wind
|-supereffective|p1a: Gholden Wind
|-damage|p1a: Gholden Wind|0 fnt
|faint|p1a: Gholden Wind
|
|-weather|Snowscape|[upkeep]
|upkeep
|
|t:|1760447429
|switch|p1a: Samurott|Samurott-Hisui, F, shiny|100/100
|turn|6
|
|t:|1760447435
|switch|p2a: Great Tusk|Great Tusk|100/100
|-damage|p2a: Great Tusk|98/100|[from] Stealth Rock
|move|p1a: Samurott|Ceaseless Edge|p2a: Great Tusk
|-resisted|p2a: Great Tusk
|-damage|p2a: Great Tusk|90/100
|-damage|p1a: Samurott|84/100|[from] item: Rocky Helmet|[of] p2a: Great Tusk
|-sidestart|p2: ohlookarock3|Spikes
|
|-weather|none
|upkeep
|turn|7
|
|t:|1760447440
|switch|p1a: Landorus|Landorus-Therian, M|100/100
|-damage|p1a: Landorus|88/100|[from] Stealth Rock
|-ability|p1a: Landorus|Intimidate|boost
|-unboost|p2a: Great Tusk|atk|1
|move|p2a: Great Tusk|Rapid Spin|p1a: Landorus
|-damage|p1a: Landorus|79/100
|-boost|p2a: Great Tusk|spe|1
|-damage|p2a: Great Tusk|74/100|[from] item: Rocky Helmet|[of] p1a: Landorus
|-sideend|p2: ohlookarock3|Spikes|[from] move: Rapid Spin|[of] p2a: Great Tusk
|-sideend|p2: ohlookarock3|Stealth Rock|[from] move: Rapid Spin|[of] p2a: Great Tusk
|
|upkeep
|turn|8
|
|t:|1760447447
|-end|p2a: Great Tusk|Protosynthesis|[silent]
|switch|p2a: Weavile|Weavile, F|100/100
|-ability|p2a: Weavile|Pressure
|move|p1a: Landorus|Stealth Rock|p2a: Weavile
|-sidestart|p2: ohlookarock3|move: Stealth Rock
|
|upkeep
|turn|9
|
|t:|1760447455
|switch|p1a: Samurott|Samurott-Hisui, F, shiny|84/100
|move|p2a: Weavile|Triple Axel|p1a: Samurott
|-resisted|p1a: Samurott
|-damage|p1a: Samurott|74/100
|-resisted|p1a: Samurott
|-damage|p1a: Samurott|56/100
|-resisted|p1a: Samurott
|-damage|p1a: Samurott|26/100
|-hitcount|p1a: Samurott|3
|
|upkeep
|turn|10
|
|t:|1760447461
|move|p2a: Weavile|Triple Axel|p1a: Samurott
|-resisted|p1a: Samurott
|-damage|p1a: Samurott|16/100
|-resisted|p1a: Samurott
|-damage|p1a: Samurott|0 fnt
|faint|p1a: Samurott
|-hitcount|p1: Samurott|2
|
|-sideend|p2: ohlookarock3|move: Aurora Veil
|upkeep
|
|t:|1760447482
|switch|p1a: Raging Neck|Raging Bolt|100/100
|turn|11
|
|t:|1760447486
|switch|p2a: Ninetales|Ninetales-Alola, F|100/100
|-damage|p2a: Ninetales|76/100|[from] Stealth Rock
|-weather|Snowscape|[from] ability: Snow Warning|[of] p2a: Ninetales
|-terastallize|p1a: Raging Neck|Fairy
|move|p1a: Raging Neck|Thunderbolt|p2a: Ninetales
|-damage|p2a: Ninetales|22/100
|
|-weather|Snowscape|[upkeep]
|upkeep
|turn|12
|
|t:|1760447490
|move|p2a: Ninetales|Aurora Veil|p2a: Ninetales
|-sidestart|p2: ohlookarock3|move: Aurora Veil
|move|p1a: Raging Neck|Thunderbolt|p2a: Ninetales
|-damage|p2a: Ninetales|0 fnt
|faint|p2a: Ninetales
|
|-weather|Snowscape|[upkeep]
|upkeep
|
|t:|1760447498
|switch|p2a: Latias|Latias, F|100/100
|-damage|p2a: Latias|88/100|[from] Stealth Rock
|turn|13
|
|t:|1760447504
|-end|p1a: Raging Neck|Protosynthesis|[silent]
|switch|p1a: Darkrai|Darkrai, shiny|100/100
|move|p2a: Latias|Calm Mind|p2a: Latias
|-boost|p2a: Latias|spa|1
|-boost|p2a: Latias|spd|1
|
|-weather|Snowscape|[upkeep]
|upkeep
|turn|14
|
|t:|1760447510
|move|p1a: Darkrai|Dark Pulse|p2a: Latias
|-supereffective|p2a: Latias
|-damage|p2a: Latias|66/100
|-enditem|p2a: Latias|Weakness Policy
|-boost|p2a: Latias|atk|2|[from] item: Weakness Policy
|-boost|p2a: Latias|spa|2|[from] item: Weakness Policy
|cant|p2a: Latias|flinch
|
|-weather|Snowscape|[upkeep]
|upkeep
|turn|15
|
|t:|1760447514
|-terastallize|p2a: Latias|Poison
|move|p1a: Darkrai|Knock Off|p2a: Latias
|-damage|p2a: Latias|58/100
|move|p2a: Latias|Calm Mind|p2a: Latias
|-boost|p2a: Latias|spa|1
|-boost|p2a: Latias|spd|1
|
|-weather|none
|upkeep
|turn|16
|-message|cheezard forfeited.
|
|win|ohlookarock3
|raw|cheezard's rating: 1640 &rarr; <strong>1617</strong><br />(-23 for losing)
|raw|ohlookarock3's rating: 1582 &rarr; <strong>1605</strong><br />(+23 for winning)
|c|☆cheezard|gg
|l|☆cheezard
|player|p1|
|c|☆ohlookarock3|gg!
|l|☆ohlookarock3
|player|p2|
