|j|☆deadpotatoes
|j|☆mightynoctowl
|t:|1760323283
|gametype|singles
|player|p1|deadpotatoes|iris|1124
|player|p2|mightynoctowl|hilbert-wonderlauncher|1130
|gen|9
|tier|[Gen 9] OU
|rated|
|rule|HP Percentage Mod: HP is shown in percentages
|rule|Endless Battle Clause: Forcing endless battles is banned
|rule|Species Clause: Limit one of each Pokémon
|rule|OHKO Clause: OHKO moves are banned
|rule|Evasion Items Clause: Evasion items are banned
|rule|Evasion Moves Clause: Evasion moves are banned
|rule|Evasion Abilities Clause: Evasion abilities are banned
|rule|Sleep Moves Clause: Sleep-inducing moves are banned
|clearpoke
|poke|p1|Dragapult, F|
|poke|p1|Moltres|
|poke|p1|Kingambit, F|
|poke|p1|Hydrapple, F|
|poke|p1|Iron Treads|
|poke|p1|Alomomola, F|
|poke|p2|Moltres|
|poke|p2|Chansey, F|
|poke|p2|Clefable, M|
|poke|p2|Blastoise, F|
|poke|p2|Sandslash, M|
|poke|p2|Vileplume, M|
|teampreview
|inactive|Battle timer is ON: inactive players will automatically lose when time's up. (requested by mightynoctowl)
|inactive|deadpotatoes also wants the timer to be on.
|
|t:|1760323303
|teamsize|p1|6
|teamsize|p2|6
|start
|switch|p1a: Alomomola|Alomomola, F|100/100
|switch|p2a: Sandslash|Sandslash, M|100/100
|turn|1
|
|t:|1760323311
|switch|p2a: Vileplume|Vileplume, M|100/100
|move|p1a: Alomomola|Scald|p2a: Vileplume
|-resisted|p2a: Vileplume
|-damage|p2a: Vileplume|93/100
|
|-heal|p2a: Vileplume|99/100|[from] item: Leftovers
|upkeep
|turn|2
|
|t:|1760323327
|switch|p1a: Kingambit|Kingambit, F|100/100
|move|p2a: Vileplume|Sludge Bomb|p1a: Kingambit
|-immune|p1a: Kingambit
|
|-heal|p2a: Vileplume|100/100|[from] item: Leftovers
|upkeep
|turn|3
|
|t:|1760323333
|move|p2a: Vileplume|Leech Seed|p1a: Kingambit
|-start|p1a: Kingambit|move: Leech Seed
|move|p1a: Kingambit|Swords Dance|p1a: Kingambit
|-boost|p1a: Kingambit|atk|2
|
|-damage|p1a: Kingambit|88/100|[from] Leech Seed|[of] p2a: Vileplume
|upkeep
|turn|4
|
|t:|1760323343
|switch|p2a: Moltres|Moltres|100/100
|move|p1a: Kingambit|Iron Head|p2a: Moltres
|-resisted|p2a: Moltres
|-damage|p2a: Moltres|57/100
|-damage|p1a: Kingambit|78/100|[from] item: Life Orb
|
|-damage|p1a: Kingambit|66/100|[from] Leech Seed|[of] p2a: Moltres
|-heal|p2a: Moltres|70/100|[silent]
|upkeep
|turn|5
|
|t:|1760323354
|move|p2a: Moltres|Flamethrower|p1a: Kingambit
|-supereffective|p1a: Kingambit
|-damage|p1a: Kingambit|0 fnt
|faint|p1a: Kingambit
|-end|p1a: Kingambit|fallenundefined|[silent]
|
|upkeep
|
|t:|1760323358
|switch|p1a: Moltres|Moltres|100/100
|turn|6
|
|t:|1760323363
|move|p2a: Moltres|U-turn|p1a: Moltres
|-resisted|p1a: Moltres
|-damage|p1a: Moltres|97/100
|
|t:|1760323366
|switch|p2a: Chansey|Chansey, F|100/100|[from] U-turn
|move|p1a: Moltres|Flamethrower|p2a: Chansey
|-damage|p2a: Chansey|90/100
|
|upkeep
|turn|7
|
|t:|1760323373
|move|p1a: Moltres|Will-O-Wisp|p2a: Chansey
|-status|p2a: Chansey|brn
|move|p2a: Chansey|Stealth Rock|p1a: Moltres
|-sidestart|p1: deadpotatoes|move: Stealth Rock
|
|-damage|p2a: Chansey|84/100 brn|[from] brn
|upkeep
|turn|8
|
|t:|1760323380
|move|p1a: Moltres|Flamethrower|p2a: Chansey
|-damage|p2a: Chansey|73/100 brn
|move|p2a: Chansey|Thunder Wave|p1a: Moltres|[miss]
|-miss|p2a: Chansey|p1a: Moltres
|
|-damage|p2a: Chansey|67/100 brn|[from] brn
|upkeep
|turn|9
|
|t:|1760323386
|move|p1a: Moltres|Flamethrower|p2a: Chansey
|-damage|p2a: Chansey|56/100 brn
|move|p2a: Chansey|Seismic Toss|p1a: Moltres
|-damage|p1a: Moltres|71/100
|
|-damage|p2a: Chansey|50/100 brn|[from] brn
|upkeep
|turn|10
|
|t:|1760323392
|move|p1a: Moltres|Flamethrower|p2a: Chansey
|-crit|p2a: Chansey
|-damage|p2a: Chansey|33/100 brn
|move|p2a: Chansey|Soft-Boiled|p2a: Chansey
|-heal|p2a: Chansey|83/100 brn
|
|-damage|p2a: Chansey|77/100 brn|[from] brn
|upkeep
|turn|11
|
|t:|1760323399
|move|p1a: Moltres|Flamethrower|p2a: Chansey
|-damage|p2a: Chansey|66/100 brn
|move|p2a: Chansey|Thunder Wave|p1a: Moltres
|-status|p1a: Moltres|par
|
|-damage|p2a: Chansey|60/100 brn|[from] brn
|upkeep
|turn|12
|
|t:|1760323410
|-curestatus|p2a: Chansey|brn|[from] ability: Natural Cure
|switch|p2a: Blastoise|Blastoise, F|100/100
|cant|p1a: Moltres|par
|
|upkeep
|turn|13
|
|t:|1760323423
|switch|p1a: Hydrapple|Hydrapple, F|100/100
|-damage|p1a: Hydrapple|88/100|[from] Stealth Rock
|move|p2a: Blastoise|Shell Smash|p2a: Blastoise
|-unboost|p2a: Blastoise|def|1
|-unboost|p2a: Blastoise|spd|1
|-boost|p2a: Blastoise|atk|2
|-boost|p2a: Blastoise|spa|2
|-boost|p2a: Blastoise|spe|2
|-enditem|p2a: Blastoise|White Herb
|-clearnegativeboost|p2a: Blastoise|[silent]
|
|upkeep
|turn|14
|
|t:|1760323432
|move|p2a: Blastoise|Ice Beam|p1a: Hydrapple
|-supereffective|p1a: Hydrapple
|-crit|p1a: Hydrapple
|-damage|p1a: Hydrapple|0 fnt
|faint|p1a: Hydrapple
|
|upkeep
|
|t:|1760323436
|switch|p1a: Alomomola|Alomomola, F|100/100
|-damage|p1a: Alomomola|88/100|[from] Stealth Rock
|turn|15
|
|t:|1760323442
|-terastallize|p2a: Blastoise|Electric
|move|p2a: Blastoise|Tera Blast|p1a: Alomomola|[anim] Tera Blast Electric
|-supereffective|p1a: Alomomola
|-damage|p1a: Alomomola|0 fnt
|faint|p1a: Alomomola
|
|upkeep
|
|t:|1760323449
|switch|p1a: Iron Treads|Iron Treads|100/100
|-damage|p1a: Iron Treads|97/100|[from] Stealth Rock
|turn|16
|
|t:|1760323459
|-terastallize|p1a: Iron Treads|Water
|move|p2a: Blastoise|Surf|p1a: Iron Treads
|-resisted|p1a: Iron Treads
|-damage|p1a: Iron Treads|43/100
|move|p1a: Iron Treads|Earthquake|p2a: Blastoise
|-supereffective|p2a: Blastoise
|-damage|p2a: Blastoise|0 fnt
|faint|p2a: Blastoise
|
|upkeep
|
|t:|1760323470
|switch|p2a: Vileplume|Vileplume, M|100/100
|turn|17
|
|t:|1760323480
|move|p1a: Iron Treads|Earthquake|p2a: Vileplume
|-damage|p2a: Vileplume|67/100
|move|p2a: Vileplume|Sludge Bomb|p1a: Iron Treads
|-damage|p1a: Iron Treads|0 fnt
|faint|p1a: Iron Treads
|-end|p1a: Iron Treads|Quark Drive|[silent]
|
|-heal|p2a: Vileplume|73/100|[from] item: Leftovers
|upkeep
|
|t:|1760323486
|switch|p1a: Moltres|Moltres|71/100 par
|turn|18
|
|t:|1760323491
|switch|p2a: Chansey|Chansey, F|60/100
|move|p1a: Moltres|Flamethrower|p2a: Chansey
|-damage|p2a: Chansey|50/100
|
|upkeep
|turn|19
|
|t:|1760323498
|move|p2a: Chansey|Soft-Boiled|p2a: Chansey
|-heal|p2a: Chansey|99/100
|move|p1a: Moltres|Flamethrower|p2a: Chansey
|-damage|p2a: Chansey|88/100
|
|upkeep
|turn|20
|
|t:|1760323505
|move|p2a: Chansey|Seismic Toss|p1a: Moltres
|-damage|p1a: Moltres|45/100 par
|-status|p2a: Chansey|brn|[from] ability: Flame Body|[of] p1a: Moltres
|move|p1a: Moltres|Will-O-Wisp|p2a: Chansey
|-fail|p2a: Chansey|brn
|
|-damage|p2a: Chansey|82/100 brn|[from] brn
|upkeep
|turn|21
|
|t:|1760323511
|move|p2a: Chansey|Seismic Toss|p1a: Moltres
|-damage|p1a: Moltres|19/100 par
|move|p1a: Moltres|Roost|p1a: Moltres
|-heal|p1a: Moltres|69/100 par
|-singleturn|p1a: Moltres|move: Roost
|
|-damage|p2a: Chansey|76/100 brn|[from] brn
|upkeep
|turn|22
|
|t:|1760323524
|move|p2a: Chansey|Seismic Toss|p1a: Moltres
|-damage|p1a: Moltres|43/100 par
|move|p1a: Moltres|Flamethrower|p2a: Chansey
|-damage|p2a: Chansey|66/100 brn
|
|-damage|p2a: Chansey|60/100 brn|[from] brn
|upkeep
|turn|23
|
|t:|1760323532
|move|p2a: Chansey|Seismic Toss|p1a: Moltres
|-damage|p1a: Moltres|17/100 par
|move|p1a: Moltres|Roost|p1a: Moltres
|-heal|p1a: Moltres|67/100 par
|-singleturn|p1a: Moltres|move: Roost
|
|-damage|p2a: Chansey|54/100 brn|[from] brn
|upkeep
|turn|24
|
|t:|1760323543
|move|p2a: Chansey|Seismic Toss|p1a: Moltres
|-damage|p1a: Moltres|41/100 par
|move|p1a: Moltres|Will-O-Wisp|p2a: Chansey
|-fail|p2a: Chansey|brn
|
|-damage|p2a: Chansey|48/100 brn|[from] brn
|upkeep
|turn|25
|
|t:|1760323548
|move|p2a: Chansey|Soft-Boiled|p2a: Chansey
|-heal|p2a: Chansey|98/100 brn
|cant|p1a: Moltres|par
|
|-damage|p2a: Chansey|91/100 brn|[from] brn
|upkeep
|turn|26
|
|t:|1760323551
|move|p2a: Chansey|Seismic Toss|p1a: Moltres
|-damage|p1a: Moltres|15/100 par
|move|p1a: Moltres|Roost|p1a: Moltres
|-heal|p1a: Moltres|65/100 par
|-singleturn|p1a: Moltres|move: Roost
|
|-damage|p2a: Chansey|85/100 brn|[from] brn
|upkeep
|turn|27
|
|t:|1760323561
|move|p2a: Chansey|Seismic Toss|p1a: Moltres
|-damage|p1a: Moltres|39/100 par
|move|p1a: Moltres|Roost|p1a: Moltres
|-heal|p1a: Moltres|89/100 par
|-singleturn|p1a: Moltres|move: Roost
|
|-damage|p2a: Chansey|79/100 brn|[from] brn
|upkeep
|turn|28
|
|t:|1760323573
|move|p2a: Chansey|Seismic Toss|p1a: Moltres
|-damage|p1a: Moltres|63/100 par
|cant|p1a: Moltres|par
|
|-damage|p2a: Chansey|73/100 brn|[from] brn
|upkeep
|turn|29
|-message|deadpotatoes forfeited.
|
|win|mightynoctowl
|raw|deadpotatoes's rating: 1124 &rarr; <strong>1099</strong><br />(-25 for losing)
|raw|mightynoctowl's rating: 1130 &rarr; <strong>1155</strong><br />(+25 for winning)
|l|☆deadpotatoes
|player|p1|
|l|☆mightynoctowl
|player|p2|
