|j|☆givingcross
|j|☆thodoras edition
|t:|1760351455
|gametype|singles
|player|p1|givingcross|veteran|1310
|player|p2|thodoras edition|102|1303
|gen|9
|tier|[Gen 9] OU
|rated|
|rule|HP Percentage Mod: HP is shown in percentages
|rule|Endless Battle Clause: Forcing endless battles is banned
|rule|Species Clause: Limit one of each Pokémon
|rule|OHKO Clause: OHKO moves are banned
|rule|Evasion Items Clause: Evasion items are banned
|rule|Evasion Moves Clause: Evasion moves are banned
|rule|Evasion Abilities Clause: Evasion abilities are banned
|rule|Sleep Moves Clause: Sleep-inducing moves are banned
|clearpoke
|poke|p1|Hydrapple, F|
|poke|p1|Slowking, M|
|poke|p1|Great Tusk|
|poke|p1|Moltres|
|poke|p1|Zamazenta-*|
|poke|p1|Kingambit, F|
|poke|p2|Alomomola, M|
|poke|p2|Moltres|
|poke|p2|Lokix, M|
|poke|p2|Great Tusk|
|poke|p2|Dragalge, M|
|poke|p2|Gholdengo|
|teampreview
|inactive|Battle timer is ON: inactive players will automatically lose when time's up. (requested by thodoras edition)
|
|t:|1760351471
|teamsize|p1|6
|teamsize|p2|6
|start
|switch|p1a: Hydrapple|Hydrapple, F|100/100
|switch|p2a: Dragalge|Dragalge, M|100/100
|turn|1
|
|t:|1760351497
|switch|p1a: Kingambit|Kingambit, F|100/100
|move|p2a: Dragalge|Draco Meteor|p1a: Kingambit
|-resisted|p1a: Kingambit
|-damage|p1a: Kingambit|36/100
|-unboost|p2a: Dragalge|spa|2
|
|-heal|p1a: Kingambit|42/100|[from] item: Leftovers
|upkeep
|turn|2
|
|t:|1760351508
|-end|p1a: Kingambit|fallenundefined|[silent]
|switch|p1a: Slowking|Slowking, M|100/100
|switch|p2a: Moltres|Moltres|100/100
|
|upkeep
|turn|3
|inactive|givingcross has 120 seconds left.
|
|t:|1760351524
|move|p2a: Moltres|U-turn|p1a: Slowking
|-supereffective|p1a: Slowking
|-damage|p1a: Slowking|72/100
|
|t:|1760351530
|switch|p2a: Gholdengo|Gholdengo|100/100|[from] U-turn
|-prepare|p1a: Slowking|Chilly Reception|[premajor]
|move|p1a: Slowking|Chilly Reception|p1a: Slowking
|-weather|Snowscape
|inactive|givingcross has 120 seconds left.
|
|t:|1760351545
|switch|p1a: Great Tusk|Great Tusk|100/100|[from] Chilly Reception
|
|-weather|Snowscape|[upkeep]
|upkeep
|turn|4
|
|t:|1760351549
|switch|p2a: Moltres|Moltres|100/100
|move|p1a: Great Tusk|Headlong Rush|p2a: Moltres
|-immune|p2a: Moltres
|
|-weather|Snowscape|[upkeep]
|upkeep
|turn|5
|
|t:|1760351557
|-end|p1a: Great Tusk|Protosynthesis|[silent]
|switch|p1a: Moltres|Moltres|100/100
|move|p2a: Moltres|Flamethrower|p1a: Moltres
|-resisted|p1a: Moltres
|-damage|p1a: Moltres|80/100
|
|-weather|Snowscape|[upkeep]
|upkeep
|turn|6
|
|t:|1760351564
|move|p1a: Moltres|Flamethrower|p2a: Moltres
|-resisted|p2a: Moltres
|-damage|p2a: Moltres|87/100
|move|p2a: Moltres|U-turn|p1a: Moltres
|-resisted|p1a: Moltres
|-damage|p1a: Moltres|78/100
|
|t:|1760351578
|switch|p2a: Dragalge|Dragalge, M|100/100|[from] U-turn
|
|-weather|Snowscape|[upkeep]
|upkeep
|turn|7
|
|t:|1760351592
|switch|p1a: Slowking|Slowking, M|100/100
|move|p2a: Dragalge|Draco Meteor|p1a: Slowking
|-damage|p1a: Slowking|27/100
|-unboost|p2a: Dragalge|spa|2
|
|-weather|none
|upkeep
|turn|8
|
|t:|1760351608
|switch|p1a: Kingambit|Kingambit, F|42/100
|move|p2a: Dragalge|Draco Meteor|p1a: Kingambit
|-resisted|p1a: Kingambit
|-damage|p1a: Kingambit|11/100
|-unboost|p2a: Dragalge|spa|2
|
|-heal|p1a: Kingambit|17/100|[from] item: Leftovers
|upkeep
|turn|9
|
|t:|1760351620
|-end|p1a: Kingambit|fallenundefined|[silent]
|switch|p1a: Slowking|Slowking, M|61/100
|switch|p2a: Great Tusk|Great Tusk|100/100
|
|upkeep
|turn|10
|
|t:|1760351634
|switch|p1a: Moltres|Moltres|78/100
|move|p2a: Great Tusk|Stealth Rock|p1a: Moltres
|-sidestart|p1: givingcross|move: Stealth Rock
|
|upkeep
|turn|11
|
|t:|1760351645
|-end|p2a: Great Tusk|Protosynthesis|[silent]
|switch|p2a: Alomomola|Alomomola, M|100/100
|move|p1a: Moltres|Flamethrower|p2a: Alomomola
|-resisted|p2a: Alomomola
|-damage|p2a: Alomomola|91/100
|-status|p2a: Alomomola|brn
|
|-damage|p2a: Alomomola|85/100 brn|[from] brn
|upkeep
|turn|12
|
|t:|1760351653
|move|p1a: Moltres|U-turn|p2a: Alomomola
|-damage|p2a: Alomomola|75/100 brn
|
|t:|1760351659
|switch|p1a: Hydrapple|Hydrapple, F|100/100|[from] U-turn
|-damage|p1a: Hydrapple|88/100|[from] Stealth Rock
|move|p2a: Alomomola|Flip Turn|p1a: Hydrapple
|-resisted|p1a: Hydrapple
|-damage|p1a: Hydrapple|87/100
|
|t:|1760351666
|switch|p2a: Dragalge|Dragalge, M|100/100|[from] Flip Turn
|
|upkeep
|turn|13
|
|t:|1760351675
|switch|p1a: Kingambit|Kingambit, F|17/100
|-damage|p1a: Kingambit|11/100|[from] Stealth Rock
|move|p2a: Dragalge|Draco Meteor|p1a: Kingambit|[miss]
|-miss|p2a: Dragalge|p1a: Kingambit
|
|-heal|p1a: Kingambit|17/100|[from] item: Leftovers
|upkeep
|turn|14
|
|t:|1760351685
|move|p1a: Kingambit|Kowtow Cleave|p2a: Dragalge
|-damage|p2a: Dragalge|46/100
|move|p2a: Dragalge|Draco Meteor|p1a: Kingambit
|-resisted|p1a: Kingambit
|-damage|p1a: Kingambit|0 fnt
|-unboost|p2a: Dragalge|spa|2
|faint|p1a: Kingambit
|-end|p1a: Kingambit|fallenundefined|[silent]
|
|upkeep
|
|t:|1760351703
|switch|p1a: Zamazenta|Zamazenta|100/100
|-damage|p1a: Zamazenta|94/100|[from] Stealth Rock
|-ability|p1a: Zamazenta|Dauntless Shield|boost
|-boost|p1a: Zamazenta|def|1
|turn|15
|
|t:|1760351718
|switch|p2a: Moltres|Moltres|87/100
|move|p1a: Zamazenta|Crunch|p2a: Moltres
|-damage|p2a: Moltres|46/100
|-status|p1a: Zamazenta|brn|[from] ability: Flame Body|[of] p2a: Moltres
|
|-damage|p1a: Zamazenta|88/100 brn|[from] brn
|upkeep
|turn|16
|
|t:|1760351729
|switch|p1a: Slowking|Slowking, M|94/100
|move|p2a: Moltres|Roost|p2a: Moltres
|-heal|p2a: Moltres|96/100
|-singleturn|p2a: Moltres|move: Roost
|
|upkeep
|turn|17
|
|t:|1760351737
|move|p2a: Moltres|U-turn|p1a: Slowking
|-supereffective|p1a: Slowking
|-damage|p1a: Slowking|63/100
|
|t:|1760351739
|switch|p2a: Lokix|Lokix, M|100/100|[from] U-turn
|move|p1a: Slowking|Thunder Wave|p2a: Lokix|[miss]
|-miss|p1a: Slowking|p2a: Lokix
|
|upkeep
|turn|18
|
|t:|1760351749
|switch|p1a: Moltres|Moltres|78/100
|move|p2a: Lokix|U-turn|p1a: Moltres
|-resisted|p1a: Moltres
|-damage|p1a: Moltres|60/100
|-status|p2a: Lokix|brn|[from] ability: Flame Body|[of] p1a: Moltres
|
|t:|1760351755
|switch|p2a: Dragalge|Dragalge, M|46/100|[from] U-turn
|
|upkeep
|turn|19
|
|t:|1760351770
|move|p1a: Moltres|U-turn|p2a: Dragalge
|-resisted|p2a: Dragalge
|-damage|p2a: Dragalge|37/100
|
|t:|1760351777
|switch|p1a: Zamazenta|Zamazenta|88/100 brn|[from] U-turn
|-damage|p1a: Zamazenta|82/100 brn|[from] Stealth Rock
|move|p2a: Dragalge|Sludge Wave|p1a: Zamazenta
|-damage|p1a: Zamazenta|5/100 brn
|
|-damage|p1a: Zamazenta|0 fnt|[from] brn
|faint|p1a: Zamazenta
|upkeep
|
|t:|1760351786
|switch|p1a: Great Tusk|Great Tusk|100/100
|turn|20
|
|t:|1760351794
|switch|p2a: Moltres|Moltres|96/100
|move|p1a: Great Tusk|Rapid Spin|p2a: Moltres
|-crit|p2a: Moltres
|-damage|p2a: Moltres|73/100
|-boost|p1a: Great Tusk|spe|1
|-status|p1a: Great Tusk|brn|[from] ability: Flame Body|[of] p2a: Moltres
|-sideend|p1: givingcross|Stealth Rock|[from] move: Rapid Spin|[of] p1a: Great Tusk
|
|-damage|p1a: Great Tusk|94/100 brn|[from] brn
|upkeep
|turn|21
|
|t:|1760351812
|move|p1a: Great Tusk|Ice Spinner|p2a: Moltres
|-damage|p2a: Moltres|61/100
|move|p2a: Moltres|U-turn|p1a: Great Tusk
|-resisted|p1a: Great Tusk
|-damage|p1a: Great Tusk|90/100 brn
|
|t:|1760351821
|switch|p2a: Alomomola|Alomomola, M|100/100 brn|[from] U-turn
|
|-damage|p1a: Great Tusk|83/100 brn|[from] brn
|-damage|p2a: Alomomola|94/100 brn|[from] brn
|upkeep
|turn|22
|
|t:|1760351833
|-end|p1a: Great Tusk|Protosynthesis|[silent]
|switch|p1a: Slowking|Slowking, M|96/100
|move|p2a: Alomomola|Scald|p1a: Slowking
|-resisted|p1a: Slowking
|-damage|p1a: Slowking|92/100
|-status|p1a: Slowking|brn
|
|-damage|p2a: Alomomola|88/100 brn|[from] brn
|-damage|p1a: Slowking|86/100 brn|[from] brn
|upkeep
|turn|23
|
|t:|1760351841
|move|p2a: Alomomola|Flip Turn|p1a: Slowking
|-resisted|p1a: Slowking
|-damage|p1a: Slowking|82/100 brn
|
|t:|1760351845
|switch|p2a: Lokix|Lokix, M|100/100 brn|[from] Flip Turn
|move|p1a: Slowking|Future Sight|p2a: Lokix
|-start|p1a: Slowking|move: Future Sight
|
|-damage|p2a: Lokix|94/100 brn|[from] brn
|-damage|p1a: Slowking|76/100 brn|[from] brn
|upkeep
|turn|24
|
|t:|1760351852
|switch|p1a: Great Tusk|Great Tusk|83/100 brn
|move|p2a: Lokix|U-turn|p1a: Great Tusk
|-resisted|p1a: Great Tusk
|-damage|p1a: Great Tusk|67/100 brn
|
|t:|1760351856
|switch|p2a: Alomomola|Alomomola, M|100/100 brn|[from] U-turn
|
|-damage|p1a: Great Tusk|61/100 brn|[from] brn
|-damage|p2a: Alomomola|94/100 brn|[from] brn
|upkeep
|turn|25
|
|t:|1760351862
|-end|p1a: Great Tusk|Protosynthesis|[silent]
|switch|p1a: Slowking|Slowking, M|100/100 brn
|move|p2a: Alomomola|Scald|p1a: Slowking
|-resisted|p1a: Slowking
|-damage|p1a: Slowking|96/100 brn
|
|-end|p2a: Alomomola|move: Future Sight
|-damage|p2a: Alomomola|74/100 brn
|-damage|p2a: Alomomola|68/100 brn|[from] brn
|-damage|p1a: Slowking|90/100 brn|[from] brn
|upkeep
|turn|26
|
|t:|1760351872
|move|p2a: Alomomola|Flip Turn|p1a: Slowking
|-resisted|p1a: Slowking
|-damage|p1a: Slowking|86/100 brn
|
|t:|1760351875
|switch|p2a: Gholdengo|Gholdengo|100/100|[from] Flip Turn
|-prepare|p1a: Slowking|Chilly Reception|[premajor]
|move|p1a: Slowking|Chilly Reception|p1a: Slowking
|-weather|Snowscape
|
|t:|1760351883
|switch|p1a: Great Tusk|Great Tusk|61/100 brn|[from] Chilly Reception
|
|-weather|Snowscape|[upkeep]
|-damage|p1a: Great Tusk|55/100 brn|[from] brn
|upkeep
|turn|27
|
|t:|1760351889
|switch|p2a: Moltres|Moltres|61/100
|move|p1a: Great Tusk|Headlong Rush|p2a: Moltres
|-immune|p2a: Moltres
|
|-weather|Snowscape|[upkeep]
|-damage|p1a: Great Tusk|49/100 brn|[from] brn
|upkeep
|turn|28
|
|t:|1760351894
|-end|p1a: Great Tusk|Protosynthesis|[silent]
|switch|p1a: Moltres|Moltres|60/100
|move|p2a: Moltres|Roost|p2a: Moltres
|-heal|p2a: Moltres|100/100
|-singleturn|p2a: Moltres|move: Roost
|
|-weather|Snowscape|[upkeep]
|upkeep
|turn|29
|
|t:|1760351902
|move|p2a: Moltres|U-turn|p1a: Moltres
|-resisted|p1a: Moltres
|-damage|p1a: Moltres|58/100
|
|t:|1760351906
|switch|p2a: Alomomola|Alomomola, M|100/100 brn|[from] U-turn
|move|p1a: Moltres|U-turn|p2a: Alomomola
|-damage|p2a: Alomomola|90/100 brn
|
|t:|1760351912
|switch|p1a: Hydrapple|Hydrapple, F|100/100|[from] U-turn
|
|-weather|Snowscape|[upkeep]
|-damage|p2a: Alomomola|84/100 brn|[from] brn
|upkeep
|turn|30
|inactive|thodoras edition has 120 seconds left.
|
|t:|1760351960
|move|p1a: Hydrapple|Nasty Plot|p1a: Hydrapple
|-boost|p1a: Hydrapple|spa|2
|move|p2a: Alomomola|Flip Turn|p1a: Hydrapple
|-resisted|p1a: Hydrapple
|-damage|p1a: Hydrapple|99/100
|
|t:|1760351962
|switch|p2a: Dragalge|Dragalge, M|37/100|[from] Flip Turn
|
|-weather|none
|upkeep
|turn|31
|
|t:|1760351976
|move|p1a: Hydrapple|Fickle Beam|p2a: Dragalge|[anim] Fickle Beam All Out
|-activate|p1a: Hydrapple|move: Fickle Beam
|-supereffective|p2a: Dragalge
|-damage|p2a: Dragalge|0 fnt
|faint|p2a: Dragalge
|-damage|p1a: Hydrapple|89/100|[from] item: Life Orb
|
|upkeep
|inactive|thodoras edition has 120 seconds left.
|
|t:|1760351991
|switch|p2a: Lokix|Lokix, M|94/100 brn
|turn|32
|
|t:|1760352007
|-terastallize|p1a: Hydrapple|Poison
|move|p2a: Lokix|First Impression|p1a: Hydrapple
|-resisted|p1a: Hydrapple
|-damage|p1a: Hydrapple|63/100
|move|p1a: Hydrapple|Fickle Beam|p2a: Lokix
|-damage|p2a: Lokix|0 fnt
|faint|p2a: Lokix
|-damage|p1a: Hydrapple|54/100|[from] item: Life Orb
|
|upkeep
|inactive|thodoras edition has 120 seconds left.
|
|t:|1760352025
|switch|p2a: Great Tusk|Great Tusk|100/100
|turn|33
|
|t:|1760352029
|switch|p1a: Moltres|Moltres|58/100
|move|p2a: Great Tusk|Stealth Rock|p1a: Moltres
|-sidestart|p1: givingcross|move: Stealth Rock
|
|upkeep
|turn|34
|
|t:|1760352036
|-end|p2a: Great Tusk|Protosynthesis|[silent]
|switch|p2a: Alomomola|Alomomola, M|100/100 brn
|move|p1a: Moltres|Flamethrower|p2a: Alomomola
|-resisted|p2a: Alomomola
|-damage|p2a: Alomomola|90/100 brn
|
|-damage|p2a: Alomomola|84/100 brn|[from] brn
|upkeep
|turn|35
|inactive|thodoras edition has 120 seconds left.
|
|t:|1760352058
|move|p1a: Moltres|Roost|p1a: Moltres
|-heal|p1a: Moltres|100/100
|-singleturn|p1a: Moltres|move: Roost
|move|p2a: Alomomola|Flip Turn|p1a: Moltres
|-supereffective|p1a: Moltres
|-damage|p1a: Moltres|88/100
|
|t:|1760352063
|switch|p2a: Moltres|Moltres|100/100|[from] Flip Turn
|
|upkeep
|turn|36
|
|t:|1760352071
|move|p1a: Moltres|Flamethrower|p2a: Moltres
|-resisted|p2a: Moltres
|-damage|p2a: Moltres|86/100
|move|p2a: Moltres|Roar|p1a: Moltres
|drag|p1a: Slowking|Slowking, M|100/100 brn
|
|-damage|p1a: Slowking|94/100 brn|[from] brn
|upkeep
|turn|37
|
|t:|1760352087
|move|p2a: Moltres|U-turn|p1a: Slowking
|-supereffective|p1a: Slowking
|-damage|p1a: Slowking|62/100 brn
|
|t:|1760352090
|switch|p2a: Gholdengo|Gholdengo|100/100|[from] U-turn
|-prepare|p1a: Slowking|Chilly Reception|[premajor]
|move|p1a: Slowking|Chilly Reception|p1a: Slowking
|-weather|Snowscape
|
|t:|1760352104
|switch|p1a: Hydrapple|Hydrapple, F, tera:Poison|87/100|[from] Chilly Reception
|-damage|p1a: Hydrapple|74/100|[from] Stealth Rock
|
|-weather|Snowscape|[upkeep]
|upkeep
|turn|38
|inactive|thodoras edition has 120 seconds left.
|
|t:|1760352152
|move|p2a: Gholdengo|Shadow Ball|p1a: Hydrapple
|-damage|p1a: Hydrapple|27/100
|move|p1a: Hydrapple|Fickle Beam|p2a: Gholdengo
|-resisted|p2a: Gholdengo
|-damage|p2a: Gholdengo|68/100
|-damage|p1a: Hydrapple|18/100|[from] item: Life Orb
|
|-weather|Snowscape|[upkeep]
|upkeep
|turn|39
|
|t:|1760352162
|switch|p1a: Great Tusk|Great Tusk|49/100 brn
|move|p2a: Gholdengo|Shadow Ball|p1a: Great Tusk
|-damage|p1a: Great Tusk|0 fnt
|faint|p1a: Great Tusk
|-end|p1a: Great Tusk|Protosynthesis|[silent]
|
|-weather|Snowscape|[upkeep]
|upkeep
|
|t:|1760352168
|switch|p1a: Moltres|Moltres|88/100
|turn|40
|
|t:|1760352172
|switch|p2a: Alomomola|Alomomola, M|100/100 brn
|move|p1a: Moltres|Flamethrower|p2a: Alomomola
|-resisted|p2a: Alomomola
|-damage|p2a: Alomomola|90/100 brn
|
|-weather|Snowscape|[upkeep]
|-damage|p2a: Alomomola|84/100 brn|[from] brn
|upkeep
|turn|41
|
|t:|1760352178
|move|p1a: Moltres|Flamethrower|p2a: Alomomola
|-resisted|p2a: Alomomola
|-damage|p2a: Alomomola|73/100 brn
|move|p2a: Alomomola|Scald|p1a: Moltres
|-supereffective|p1a: Moltres
|-damage|p1a: Moltres|63/100
|
|-weather|none
|-damage|p2a: Alomomola|67/100 brn|[from] brn
|upkeep
|turn|42
|
|t:|1760352188
|move|p1a: Moltres|Flamethrower|p2a: Alomomola
|-resisted|p2a: Alomomola
|-damage|p2a: Alomomola|57/100 brn
|move|p2a: Alomomola|Flip Turn|p1a: Moltres
|-supereffective|p1a: Moltres
|-damage|p1a: Moltres|51/100
|
|t:|1760352191
|switch|p2a: Gholdengo|Gholdengo|68/100|[from] Flip Turn
|
|upkeep
|turn|43
|
|t:|1760352194
|move|p2a: Gholdengo|Shadow Ball|p1a: Moltres
|-damage|p1a: Moltres|4/100
|move|p1a: Moltres|Flamethrower|p2a: Gholdengo
|-supereffective|p2a: Gholdengo
|-damage|p2a: Gholdengo|0 fnt
|faint|p2a: Gholdengo
|
|upkeep
|
|t:|1760352197
|switch|p2a: Great Tusk|Great Tusk|100/100
|turn|44
|
|t:|1760352211
|move|p2a: Great Tusk|Rapid Spin|p1a: Moltres
|-damage|p1a: Moltres|0 fnt
|-boost|p2a: Great Tusk|spe|1
|faint|p1a: Moltres
|
|upkeep
|
|t:|1760352213
|switch|p1a: Slowking|Slowking, M|96/100 brn
|turn|45
|
|t:|1760352221
|-end|p2a: Great Tusk|Protosynthesis|[silent]
|switch|p2a: Alomomola|Alomomola, M|90/100 brn
|move|p1a: Slowking|Scald|p2a: Alomomola
|-resisted|p2a: Alomomola
|-damage|p2a: Alomomola|83/100 brn
|
|-damage|p2a: Alomomola|77/100 brn|[from] brn
|-damage|p1a: Slowking|90/100 brn|[from] brn
|upkeep
|turn|46
|
|t:|1760352226
|move|p2a: Alomomola|Scald|p1a: Slowking
|-resisted|p1a: Slowking
|-damage|p1a: Slowking|86/100 brn
|move|p1a: Slowking|Future Sight|p2a: Alomomola
|-start|p1a: Slowking|move: Future Sight
|
|-damage|p2a: Alomomola|71/100 brn|[from] brn
|-damage|p1a: Slowking|79/100 brn|[from] brn
|upkeep
|turn|47
|
|t:|1760352238
|move|p2a: Alomomola|Body Slam|p1a: Slowking
|-damage|p1a: Slowking|72/100 brn
|move|p1a: Slowking|Scald|p2a: Alomomola
|-resisted|p2a: Alomomola
|-damage|p2a: Alomomola|64/100 brn
|
|-damage|p2a: Alomomola|58/100 brn|[from] brn
|-damage|p1a: Slowking|66/100 brn|[from] brn
|upkeep
|turn|48
|
|t:|1760352245
|move|p1a: Slowking|Scald|p2a: Alomomola
|-resisted|p2a: Alomomola
|-damage|p2a: Alomomola|50/100 brn
|move|p2a: Alomomola|Mirror Coat|p1a: Slowking
|-damage|p1a: Slowking|48/100 brn
|
|-end|p2a: Alomomola|move: Future Sight
|-damage|p2a: Alomomola|29/100 brn
|-damage|p2a: Alomomola|23/100 brn|[from] brn
|-damage|p1a: Slowking|42/100 brn|[from] brn
|upkeep
|turn|49
|
|t:|1760352257
|move|p2a: Alomomola|Flip Turn|p1a: Slowking
|-resisted|p1a: Slowking
|-damage|p1a: Slowking|38/100 brn
|
|t:|1760352259
|switch|p2a: Moltres|Moltres|86/100|[from] Flip Turn
|move|p1a: Slowking|Future Sight|p2a: Moltres
|-start|p1a: Slowking|move: Future Sight
|
|-damage|p1a: Slowking|31/100 brn|[from] brn
|upkeep
|turn|50
|
|t:|1760352272
|move|p2a: Moltres|U-turn|p1a: Slowking
|-supereffective|p1a: Slowking
|-damage|p1a: Slowking|0 fnt
|faint|p1a: Slowking
|
|t:|1760352280
|switch|p2a: Alomomola|Alomomola, M|57/100 brn|[from] U-turn
|
|-damage|p2a: Alomomola|50/100 brn|[from] brn
|upkeep
|-message|givingcross forfeited.
|
|win|thodoras edition
|raw|givingcross's rating: 1310 &rarr; <strong>1290</strong><br />(-20 for losing)
|raw|thodoras edition's rating: 1303 &rarr; <strong>1323</strong><br />(+20 for winning)
|l|☆givingcross
|player|p1|
|l|☆thodoras edition
|player|p2|
