|badge|p1|bronze|gen9ou|100-7
|uhtml|medal-msg|<div class="broadcast-blue">Curious what those medals under the avatar are? PS now has Ladder Seasons! For more information, check out the <a href="https://www.smogon.com/forums/threads/3740067/">thread on Smogon.</a></div>
|j|☆yesterdaymister
|j|☆Auburn Hills
|t:|1760381692
|gametype|singles
|player|p1|yesterdaymister|striker|1845
|player|p2|Auburn Hills|alder|1811
|gen|9
|tier|[Gen 9] OU
|rated|
|rule|HP Percentage Mod: HP is shown in percentages
|rule|Endless Battle Clause: Forcing endless battles is banned
|rule|Species Clause: Limit one of each Pokémon
|rule|OHKO Clause: OHKO moves are banned
|rule|Evasion Items Clause: Evasion items are banned
|rule|Evasion Moves Clause: Evasion moves are banned
|rule|Evasion Abilities Clause: Evasion abilities are banned
|rule|Sleep Moves Clause: Sleep-inducing moves are banned
|clearpoke
|poke|p1|Ninetales, M|
|poke|p1|Ceruledge, F|
|poke|p1|Venusaur, M|
|poke|p1|Hatterene, F|
|poke|p1|Great Tusk|
|poke|p1|Walking Wake|
|poke|p2|Iron Moth|
|poke|p2|Umbreon, M|
|poke|p2|Garchomp, F|
|poke|p2|Glimmora, F|
|poke|p2|Gholdengo|
|poke|p2|Dragonite, M|
|teampreview
|inactive|Battle timer is ON: inactive players will automatically lose when time's up. (requested by yesterdaymister)
|inactive|Auburn Hills has 120 seconds left.
|
|t:|1760381751
|teamsize|p1|6
|teamsize|p2|6
|start
|switch|p1a: arda guler|Ninetales, M|100/100
|switch|p2a: Julia Jacklin|Glimmora, F|100/100
|-weather|SunnyDay|[from] ability: Drought|[of] p1a: arda guler
|turn|1
|
|t:|1760381766
|switch|p1a: mignolet|Great Tusk|100/100
|-activate|p1a: mignolet|ability: Protosynthesis
|-start|p1a: mignolet|protosynthesisspe
|move|p2a: Julia Jacklin|Sludge Wave|p1a: mignolet
|-resisted|p1a: mignolet
|-damage|p1a: mignolet|67/100
|-status|p1a: mignolet|psn
|
|-weather|SunnyDay|[upkeep]
|-damage|p1a: mignolet|55/100 psn|[from] psn
|upkeep
|turn|2
|
|t:|1760381777
|switch|p2a: Elucid|Dragonite, M|100/100
|move|p1a: mignolet|Headlong Rush|p2a: Elucid
|-immune|p2a: Elucid
|
|-weather|SunnyDay|[upkeep]
|-damage|p1a: mignolet|42/100 psn|[from] psn
|upkeep
|turn|3
|
|t:|1760381781
|move|p1a: mignolet|Ice Spinner|p2a: Elucid
|-supereffective|p2a: Elucid
|-damage|p2a: Elucid|53/100
|move|p2a: Elucid|Ice Spinner|p1a: mignolet
|-supereffective|p1a: mignolet
|-damage|p1a: mignolet|2/100 psn
|-damage|p2a: Elucid|36/100|[from] item: Rocky Helmet|[of] p1a: mignolet
|
|-weather|SunnyDay|[upkeep]
|-damage|p1a: mignolet|0 fnt|[from] psn
|faint|p1a: mignolet
|-end|p1a: mignolet|Protosynthesis|[silent]
|upkeep
|
|t:|1760381786
|switch|p1a: lebron|Ceruledge, F|100/100
|turn|4
|
|t:|1760381790
|move|p1a: lebron|Swords Dance|p1a: lebron
|-boost|p1a: lebron|atk|2
|move|p2a: Elucid|Earthquake|p1a: lebron
|-supereffective|p1a: lebron
|-enditem|p1a: lebron|Focus Sash
|-damage|p1a: lebron|1/100
|-ability|p1a: lebron|Weak Armor|boost
|-unboost|p1a: lebron|def|1
|-boost|p1a: lebron|spe|2
|
|-weather|SunnyDay|[upkeep]
|upkeep
|turn|5
|
|t:|1760381795
|move|p1a: lebron|Bitter Blade|p2a: Elucid
|-resisted|p2a: Elucid
|-damage|p2a: Elucid|0 fnt
|-heal|p1a: lebron|21/100|[from] drain|[of] p2a: Elucid
|faint|p2a: Elucid
|
|-weather|SunnyDay|[upkeep]
|upkeep
|
|t:|1760381798
|switch|p2a: Julia Jacklin|Glimmora, F|100/100
|turn|6
|
|t:|1760381803
|move|p1a: lebron|Poltergeist|p2a: Julia Jacklin
|-activate|p2a: Julia Jacklin|move: Poltergeist|Focus Sash
|-enditem|p2a: Julia Jacklin|Focus Sash
|-damage|p2a: Julia Jacklin|1/100
|-activate|p2a: Julia Jacklin|ability: Toxic Debris
|-sidestart|p1: yesterdaymister|move: Toxic Spikes
|move|p2a: Julia Jacklin|Earth Power|p1a: lebron
|-supereffective|p1a: lebron
|-damage|p1a: lebron|0 fnt
|faint|p1a: lebron
|
|-weather|SunnyDay|[upkeep]
|upkeep
|
|t:|1760381811
|switch|p1a: hans vanaken|Venusaur, M|100/100
|-sideend|p1: yesterdaymister|move: Toxic Spikes|[of] p1a: hans vanaken
|turn|7
|
|t:|1760381816
|switch|p2a: Alvvays|Umbreon, M|100/100
|move|p1a: hans vanaken|Weather Ball|p2a: Alvvays
|-crit|p2a: Alvvays
|-damage|p2a: Alvvays|50/100
|-damage|p1a: hans vanaken|91/100|[from] item: Life Orb
|
|-weather|SunnyDay|[upkeep]
|-heal|p2a: Alvvays|56/100|[from] item: Leftovers
|upkeep
|turn|8
|
|t:|1760381827
|move|p1a: hans vanaken|Sludge Bomb|p2a: Alvvays
|-damage|p2a: Alvvays|24/100
|-damage|p1a: hans vanaken|81/100|[from] item: Life Orb
|move|p2a: Alvvays|Foul Play|p1a: hans vanaken
|-damage|p1a: hans vanaken|55/100
|
|-weather|none
|-heal|p2a: Alvvays|30/100|[from] item: Leftovers
|upkeep
|turn|9
|
|t:|1760381836
|move|p2a: Alvvays|Protect|p2a: Alvvays
|-singleturn|p2a: Alvvays|Protect
|move|p1a: hans vanaken|Sludge Bomb|p2a: Alvvays
|-activate|p2a: Alvvays|move: Protect
|
|-heal|p2a: Alvvays|36/100|[from] item: Leftovers
|upkeep
|turn|10
|
|t:|1760381842
|move|p1a: hans vanaken|Sludge Bomb|p2a: Alvvays
|-damage|p2a: Alvvays|6/100
|-status|p2a: Alvvays|psn
|-damage|p1a: hans vanaken|45/100|[from] item: Life Orb
|move|p2a: Alvvays|Wish|p2a: Alvvays
|
|-heal|p2a: Alvvays|12/100 psn|[from] item: Leftovers
|-damage|p2a: Alvvays|0 fnt|[from] psn
|faint|p2a: Alvvays
|upkeep
|
|t:|1760381849
|switch|p2a: Julia Jacklin|Glimmora, F|1/100
|turn|11
|
|t:|1760381862
|switch|p1a: arda guler|Ninetales, M|100/100
|-weather|SunnyDay|[from] ability: Drought|[of] p1a: arda guler
|move|p2a: Julia Jacklin|Earth Power|p1a: arda guler
|-supereffective|p1a: arda guler
|-damage|p1a: arda guler|42/100
|-unboost|p1a: arda guler|spd|1
|
|-weather|SunnyDay|[upkeep]
|-heal|p2a: Julia Jacklin|64/100|[from] move: Wish|[wisher] Alvvays
|upkeep
|turn|12
|
|t:|1760381868
|switch|p1a: maccabi|Hatterene, F|100/100
|move|p2a: Julia Jacklin|Sludge Wave|p1a: maccabi
|-supereffective|p1a: maccabi
|-damage|p1a: maccabi|0 fnt
|faint|p1a: maccabi
|
|-weather|SunnyDay|[upkeep]
|upkeep
|
|t:|1760381871
|switch|p1a: chama|Walking Wake|100/100
|-activate|p1a: chama|ability: Protosynthesis
|-start|p1a: chama|protosynthesisspa
|turn|13
|
|t:|1760381876
|move|p1a: chama|Hydro Steam|p2a: Julia Jacklin
|-supereffective|p2a: Julia Jacklin
|-damage|p2a: Julia Jacklin|0 fnt
|faint|p2a: Julia Jacklin
|
|-weather|SunnyDay|[upkeep]
|upkeep
|
|t:|1760381878
|switch|p2a: Smino|Gholdengo|100/100
|turn|14
|c|☆yesterdaymister|smino
|
|t:|1760381897
|-end|p1a: chama|Protosynthesis|[silent]
|switch|p1a: arda guler|Ninetales, M|42/100
|move|p2a: Smino|Shadow Ball|p1a: arda guler
|-damage|p1a: arda guler|0 fnt
|faint|p1a: arda guler
|
|-weather|SunnyDay|[upkeep]
|upkeep
|
|t:|1760381900
|switch|p1a: hans vanaken|Venusaur, M|45/100
|turn|15
|
|t:|1760381909
|switch|p2a: Carly Rae|Iron Moth|100/100
|-enditem|p2a: Carly Rae|Booster Energy
|-activate|p2a: Carly Rae|ability: Quark Drive|[fromitem]
|-start|p2a: Carly Rae|quarkdrivespe
|move|p1a: hans vanaken|Weather Ball|p2a: Carly Rae
|-resisted|p2a: Carly Rae
|-damage|p2a: Carly Rae|66/100
|-damage|p1a: hans vanaken|35/100|[from] item: Life Orb
|
|-weather|SunnyDay|[upkeep]
|upkeep
|turn|16
|
|t:|1760381919
|move|p2a: Carly Rae|Fiery Dance|p1a: hans vanaken
|-supereffective|p1a: hans vanaken
|-damage|p1a: hans vanaken|0 fnt
|-boost|p2a: Carly Rae|spa|1
|faint|p1a: hans vanaken
|
|-weather|SunnyDay|[upkeep]
|upkeep
|
|t:|1760381922
|switch|p1a: chama|Walking Wake|100/100
|-activate|p1a: chama|ability: Protosynthesis
|-start|p1a: chama|protosynthesisspa
|turn|17
|
|t:|1760381928
|-terastallize|p1a: chama|Water
|move|p2a: Carly Rae|Dazzling Gleam|p1a: chama
|-crit|p1a: chama
|-damage|p1a: chama|33/100
|move|p1a: chama|Hydro Steam|p2a: Carly Rae
|-supereffective|p2a: Carly Rae
|-damage|p2a: Carly Rae|0 fnt
|faint|p2a: Carly Rae
|-end|p2a: Carly Rae|Quark Drive|[silent]
|
|-weather|SunnyDay|[upkeep]
|upkeep
|
|t:|1760381933
|switch|p2a: Smino|Gholdengo|100/100
|turn|18
|
|t:|1760381936
|move|p2a: Smino|Shadow Ball|p1a: chama
|-damage|p1a: chama|0 fnt
|faint|p1a: chama
|-end|p1a: chama|Protosynthesis|[silent]
|
|win|Auburn Hills
|raw|yesterdaymister's rating: 1845 &rarr; <strong>1823</strong><br />(-22 for losing)
|raw|Auburn Hills's rating: 1811 &rarr; <strong>1833</strong><br />(+22 for winning)
|c|☆Auburn Hills|gg
|c|☆yesterdaymister|gg
|l|☆Auburn Hills
|player|p2|
|l|☆yesterdaymister
|player|p1|
