|j|☆honeyfee
|j|☆charizardfire2
|t:|1760450723
|gametype|singles
|player|p1|honeyfee|brycenman|1431
|player|p2|charizardfire2|102|1503
|gen|9
|tier|[Gen 9] OU
|rated|
|rule|HP Percentage Mod: HP is shown in percentages
|rule|Endless Battle Clause: Forcing endless battles is banned
|rule|Species Clause: Limit one of each Pokémon
|rule|OHKO Clause: OHKO moves are banned
|rule|Evasion Items Clause: Evasion items are banned
|rule|Evasion Moves Clause: Evasion moves are banned
|rule|Evasion Abilities Clause: Evasion abilities are banned
|rule|Sleep Moves Clause: Sleep-inducing moves are banned
|clearpoke
|poke|p1|Samurott-Hisui, F|
|poke|p1|Grimmsnarl, M|
|poke|p1|Dragonite, M|
|poke|p1|Iron Valiant|
|poke|p1|Iron Moth|
|poke|p1|Latias, F|
|poke|p2|Skeledirge, M|
|poke|p2|Ogerpon-Wellspring, F|
|poke|p2|Dragapult, F|
|poke|p2|Weezing-Galar, M|
|poke|p2|Ting-Lu|
|poke|p2|Corviknight, M|
|teampreview
|inactive|Battle timer is ON: inactive players will automatically lose when time's up. (requested by honeyfee)
|
|t:|1760450749
|teamsize|p1|6
|teamsize|p2|6
|start
|switch|p1a: Grimmsnarl|Grimmsnarl, M, shiny|100/100
|switch|p2a: Dragapult|Dragapult, F|100/100
|turn|1
|
|t:|1760450763
|switch|p2a: Ting-Lu|Ting-Lu, shiny|100/100
|-ability|p2a: Ting-Lu|Vessel of Ruin
|move|p1a: Grimmsnarl|Reflect|p1a: Grimmsnarl
|-sidestart|p1: honeyfee|Reflect
|
|upkeep
|turn|2
|
|t:|1760450770
|switch|p1a: Samurott|Samurott-Hisui, F|100/100
|move|p2a: Ting-Lu|Stealth Rock|p1a: Samurott
|-sidestart|p1: honeyfee|move: Stealth Rock
|
|upkeep
|turn|3
|
|t:|1760450775
|switch|p2a: Corviknight|Corviknight, M|100/100
|-ability|p2a: Corviknight|Pressure
|move|p1a: Samurott|Ceaseless Edge|p2a: Corviknight
|-damage|p2a: Corviknight|74/100
|-damage|p1a: Samurott|84/100|[from] item: Rocky Helmet|[of] p2a: Corviknight
|-sidestart|p2: charizardfire2|Spikes
|
|upkeep
|turn|4
|
|t:|1760450780
|move|p1a: Samurott|Razor Shell|p2a: Corviknight
|-damage|p2a: Corviknight|43/100
|-unboost|p2a: Corviknight|def|1
|-damage|p1a: Samurott|67/100|[from] item: Rocky Helmet|[of] p2a: Corviknight
|move|p2a: Corviknight|U-turn|p1a: Samurott
|-supereffective|p1a: Samurott
|-damage|p1a: Samurott|49/100
|
|t:|1760450783
|switch|p2a: Dragapult|Dragapult, F|100/100|[from] U-turn
|-damage|p2a: Dragapult|88/100|[from] Spikes
|
|upkeep
|turn|5
|
|t:|1760450789
|move|p2a: Dragapult|U-turn|p1a: Samurott
|-supereffective|p1a: Samurott
|-damage|p1a: Samurott|28/100
|
|t:|1760450791
|switch|p2a: Corviknight|Corviknight, M|43/100|[from] U-turn
|-ability|p2a: Corviknight|Pressure
|move|p1a: Samurott|Ceaseless Edge|p2a: Corviknight
|-damage|p2a: Corviknight|18/100
|-damage|p1a: Samurott|12/100|[from] item: Rocky Helmet|[of] p2a: Corviknight
|-sidestart|p2: charizardfire2|Spikes
|
|upkeep
|turn|6
|
|t:|1760450798
|move|p1a: Samurott|Razor Shell|p2a: Corviknight
|-damage|p2a: Corviknight|0 fnt
|-damage|p1a: Samurott|0 fnt|[from] item: Rocky Helmet|[of] p2a: Corviknight
|faint|p2a: Corviknight
|faint|p1a: Samurott
|
|upkeep
|
|t:|1760450805
|switch|p1a: Grimmsnarl|Grimmsnarl, M, shiny|100/100
|switch|p2a: Ogerpon|Ogerpon-Wellspring, F|100/100
|-damage|p2a: Ogerpon|84/100|[from] Spikes
|-damage|p1a: Grimmsnarl|88/100|[from] Stealth Rock
|turn|7
|
|t:|1760450808
|move|p1a: Grimmsnarl|Taunt|p2a: Ogerpon
|-start|p2a: Ogerpon|move: Taunt
|move|p2a: Ogerpon|Knock Off|p1a: Grimmsnarl
|-resisted|p1a: Grimmsnarl
|-damage|p1a: Grimmsnarl|83/100
|-enditem|p1a: Grimmsnarl|Light Clay|[from] move: Knock Off|[of] p2a: Ogerpon
|
|upkeep
|turn|8
|
|t:|1760450816
|switch|p2a: Ting-Lu|Ting-Lu, shiny|100/100
|-damage|p2a: Ting-Lu|84/100|[from] Spikes
|-ability|p2a: Ting-Lu|Vessel of Ruin
|move|p1a: Grimmsnarl|Light Screen|p1a: Grimmsnarl
|-sidestart|p1: honeyfee|move: Light Screen
|
|-heal|p2a: Ting-Lu|90/100|[from] item: Leftovers
|-sideend|p1: honeyfee|Reflect
|upkeep
|turn|9
|
|t:|1760450824
|move|p1a: Grimmsnarl|Reflect|p1a: Grimmsnarl
|-sidestart|p1: honeyfee|Reflect
|move|p2a: Ting-Lu|Earthquake|p1a: Grimmsnarl
|-damage|p1a: Grimmsnarl|60/100
|
|-heal|p2a: Ting-Lu|96/100|[from] item: Leftovers
|upkeep
|turn|10
|
|t:|1760450831
|switch|p1a: Iron Valiant|Iron Valiant|100/100
|-damage|p1a: Iron Valiant|94/100|[from] Stealth Rock
|-enditem|p1a: Iron Valiant|Booster Energy
|-activate|p1a: Iron Valiant|ability: Quark Drive|[fromitem]
|-start|p1a: Iron Valiant|quarkdrivespe
|move|p2a: Ting-Lu|Earthquake|p1a: Iron Valiant
|-damage|p1a: Iron Valiant|70/100
|
|-heal|p2a: Ting-Lu|100/100|[from] item: Leftovers
|upkeep
|turn|11
|
|t:|1760450836
|move|p1a: Iron Valiant|Encore|p2a: Ting-Lu
|-start|p2a: Ting-Lu|Encore
|move|p2a: Ting-Lu|Earthquake|p1a: Iron Valiant
|-damage|p1a: Iron Valiant|46/100
|
|upkeep
|turn|12
|
|t:|1760450843
|move|p1a: Iron Valiant|Swords Dance|p1a: Iron Valiant
|-boost|p1a: Iron Valiant|atk|2
|move|p2a: Ting-Lu|Earthquake|p1a: Iron Valiant
|-damage|p1a: Iron Valiant|21/100
|
|-sideend|p1: honeyfee|move: Light Screen
|upkeep
|turn|13
|
|t:|1760450847
|switch|p2a: Skeledirge|Skeledirge, M|100/100
|move|p1a: Iron Valiant|Close Combat|p2a: Skeledirge
|-immune|p2a: Skeledirge
|
|-sideend|p1: honeyfee|Reflect
|upkeep
|turn|14
|
|t:|1760450860
|move|p1a: Iron Valiant|Knock Off|p2a: Skeledirge
|-supereffective|p2a: Skeledirge
|-damage|p2a: Skeledirge|49/100
|-enditem|p2a: Skeledirge|Heavy-Duty Boots|[from] move: Knock Off|[of] p1a: Iron Valiant
|move|p2a: Skeledirge|Torch Song|p1a: Iron Valiant
|-damage|p1a: Iron Valiant|0 fnt
|-boost|p2a: Skeledirge|spa|1
|faint|p1a: Iron Valiant
|-end|p1a: Iron Valiant|Quark Drive|[silent]
|
|upkeep
|
|t:|1760450871
|switch|p1a: Latias|Latias, F|100/100
|-damage|p1a: Latias|88/100|[from] Stealth Rock
|turn|15
|
|t:|1760450876
|move|p1a: Latias|Agility|p1a: Latias
|-boost|p1a: Latias|spe|2
|move|p2a: Skeledirge|Slack Off|p2a: Skeledirge
|-heal|p2a: Skeledirge|99/100
|
|upkeep
|turn|16
|
|t:|1760450878
|move|p1a: Latias|Calm Mind|p1a: Latias
|-boost|p1a: Latias|spa|1
|-boost|p1a: Latias|spd|1
|move|p2a: Skeledirge|Torch Song|p1a: Latias
|-resisted|p1a: Latias
|-damage|p1a: Latias|71/100
|-boost|p2a: Skeledirge|spa|1
|
|upkeep
|turn|17
|
|t:|1760450882
|move|p1a: Latias|Calm Mind|p1a: Latias
|-boost|p1a: Latias|spa|1
|-boost|p1a: Latias|spd|1
|move|p2a: Skeledirge|Torch Song|p1a: Latias
|-resisted|p1a: Latias
|-damage|p1a: Latias|47/100
|-boost|p2a: Skeledirge|spa|1
|
|upkeep
|turn|18
|
|t:|1760450891
|move|p1a: Latias|Stored Power|p2a: Skeledirge
|-damage|p2a: Skeledirge|59/100
|move|p2a: Skeledirge|Torch Song|p1a: Latias
|-resisted|p1a: Latias
|-damage|p1a: Latias|19/100
|-boost|p2a: Skeledirge|spa|1
|
|upkeep
|turn|19
|
|t:|1760450899
|switch|p2a: Ting-Lu|Ting-Lu, shiny|100/100
|-damage|p2a: Ting-Lu|84/100|[from] Spikes
|-ability|p2a: Ting-Lu|Vessel of Ruin
|move|p1a: Latias|Stored Power|p2a: Ting-Lu
|-immune|p2a: Ting-Lu
|
|-heal|p2a: Ting-Lu|90/100|[from] item: Leftovers
|upkeep
|turn|20
|
|t:|1760450905
|-terastallize|p1a: Latias|Fairy
|move|p1a: Latias|Draining Kiss|p2a: Ting-Lu
|-supereffective|p2a: Ting-Lu
|-damage|p2a: Ting-Lu|55/100
|-heal|p1a: Latias|56/100|[from] drain|[of] p2a: Ting-Lu
|move|p2a: Ting-Lu|Throat Chop|p1a: Latias
|-resisted|p1a: Latias
|-damage|p1a: Latias|44/100
|-start|p1a: Latias|Throat Chop|[silent]
|
|-heal|p2a: Ting-Lu|61/100|[from] item: Leftovers
|upkeep
|turn|21
|
|t:|1760450911
|switch|p2a: Skeledirge|Skeledirge, M|59/100
|-damage|p2a: Skeledirge|42/100|[from] Spikes
|move|p1a: Latias|Draining Kiss|p2a: Skeledirge
|-resisted|p2a: Skeledirge
|-damage|p2a: Skeledirge|34/100
|-heal|p1a: Latias|51/100|[from] drain|[of] p2a: Skeledirge
|
|-end|p1a: Latias|Throat Chop|[silent]
|upkeep
|turn|22
|
|t:|1760450922
|-terastallize|p2a: Skeledirge|Dark
|move|p1a: Latias|Calm Mind|p1a: Latias
|-boost|p1a: Latias|spa|1
|-boost|p1a: Latias|spd|1
|move|p2a: Skeledirge|Slack Off|p2a: Skeledirge
|-heal|p2a: Skeledirge|84/100
|
|upkeep
|turn|23
|
|t:|1760450930
|move|p1a: Latias|Draining Kiss|p2a: Skeledirge
|-supereffective|p2a: Skeledirge
|-damage|p2a: Skeledirge|52/100
|-heal|p1a: Latias|79/100|[from] drain|[of] p2a: Skeledirge
|move|p2a: Skeledirge|Torch Song|p1a: Latias
|-damage|p1a: Latias|56/100
|-boost|p2a: Skeledirge|spa|1
|
|upkeep
|turn|24
|
|t:|1760450933
|move|p1a: Latias|Draining Kiss|p2a: Skeledirge
|-supereffective|p2a: Skeledirge
|-damage|p2a: Skeledirge|22/100
|-heal|p1a: Latias|81/100|[from] drain|[of] p2a: Skeledirge
|move|p2a: Skeledirge|Slack Off|p2a: Skeledirge
|-heal|p2a: Skeledirge|72/100
|
|upkeep
|turn|25
|
|t:|1760450937
|move|p1a: Latias|Draining Kiss|p2a: Skeledirge
|-supereffective|p2a: Skeledirge
|-damage|p2a: Skeledirge|42/100
|-heal|p1a: Latias|100/100|[from] drain|[of] p2a: Skeledirge
|move|p2a: Skeledirge|Slack Off|p2a: Skeledirge
|-heal|p2a: Skeledirge|92/100
|
|upkeep
|turn|26
|
|t:|1760450945
|move|p1a: Latias|Calm Mind|p1a: Latias
|-boost|p1a: Latias|spa|1
|-boost|p1a: Latias|spd|1
|move|p2a: Skeledirge|Torch Song|p1a: Latias
|-damage|p1a: Latias|65/100
|-boost|p2a: Skeledirge|spa|1
|
|upkeep
|turn|27
|
|t:|1760450948
|move|p1a: Latias|Calm Mind|p1a: Latias
|-boost|p1a: Latias|spa|1
|-boost|p1a: Latias|spd|1
|move|p2a: Skeledirge|Torch Song|p1a: Latias
|-damage|p1a: Latias|20/100
|-boost|p2a: Skeledirge|spa|1
|
|upkeep
|turn|28
|l|☆honeyfee
|inactive|honeyfee disconnected and has a minute to reconnect!
|player|p1|
|inactive|honeyfee has 30 seconds to reconnect!
|inactive|honeyfee has 20 seconds to reconnect!
|inactive|honeyfee has 15 seconds to reconnect!
|inactive|honeyfee has 10 seconds to reconnect!
|inactive|honeyfee has 5 seconds to reconnect!
|-message|honeyfee lost due to inactivity.
|
|win|charizardfire2
|raw|honeyfee's rating: 1431 &rarr; <strong>1415</strong><br />(-16 for losing)
|raw|charizardfire2's rating: 1503 &rarr; <strong>1519</strong><br />(+16 for winning)
