|j|☆Narukami_D.
|j|☆Bighuff127
|t:|1760328331
|gametype|singles
|player|p1|Narukami_D.|266|1220
|player|p2|Bighuff127|170|1229
|gen|9
|tier|[Gen 9] OU
|rated|
|rule|HP Percentage Mod: HP is shown in percentages
|rule|Endless Battle Clause: Forcing endless battles is banned
|rule|Species Clause: Limit one of each Pokémon
|rule|OHKO Clause: OHKO moves are banned
|rule|Evasion Items Clause: Evasion items are banned
|rule|Evasion Moves Clause: Evasion moves are banned
|rule|Evasion Abilities Clause: Evasion abilities are banned
|rule|Sleep Moves Clause: Sleep-inducing moves are banned
|clearpoke
|poke|p1|Moltres|
|poke|p1|Garganacl, F|
|poke|p1|Kyurem|
|poke|p1|Glimmora, M|
|poke|p1|Darkrai|
|poke|p1|Hatterene, F|
|poke|p2|Gyarados, M|
|poke|p2|Garchomp, M|
|poke|p2|Ninetales-Alola, F|
|poke|p2|Thundurus-Therian, M|
|poke|p2|Great Tusk|
|poke|p2|Kingambit, M|
|teampreview
|inactive|Battle timer is ON: inactive players will automatically lose when time's up. (requested by Narukami_D.)
|
|t:|1760328339
|teamsize|p1|6
|teamsize|p2|6
|start
|switch|p1a: Glimmora|Glimmora, M|100/100
|switch|p2a: Great Tusk|Great Tusk|100/100
|-item|p1a: Glimmora|Air Balloon
|turn|1
|
|t:|1760328349
|move|p2a: Great Tusk|Rapid Spin|p1a: Glimmora
|-resisted|p1a: Glimmora
|-damage|p1a: Glimmora|93/100
|-boost|p2a: Great Tusk|spe|1
|-activate|p1a: Glimmora|ability: Toxic Debris
|-sidestart|p2: Bighuff127|move: Toxic Spikes
|-enditem|p1a: Glimmora|Air Balloon
|-sideend|p2: Bighuff127|Toxic Spikes|[from] move: Rapid Spin|[of] p2a: Great Tusk
|move|p1a: Glimmora|Toxic|p2a: Great Tusk
|-status|p2a: Great Tusk|tox
|
|-damage|p2a: Great Tusk|94/100 tox|[from] psn
|upkeep
|turn|2
|
|t:|1760328362
|move|p1a: Glimmora|Protect|p1a: Glimmora
|-singleturn|p1a: Glimmora|Protect
|move|p2a: Great Tusk|Close Combat|p1a: Glimmora
|-activate|p1a: Glimmora|move: Protect
|
|-damage|p2a: Great Tusk|82/100 tox|[from] psn
|upkeep
|turn|3
|
|t:|1760328375
|move|p2a: Great Tusk|Knock Off|p1a: Glimmora
|-damage|p1a: Glimmora|75/100
|-activate|p1a: Glimmora|ability: Toxic Debris
|-sidestart|p2: Bighuff127|move: Toxic Spikes
|move|p1a: Glimmora|Acid Armor|p1a: Glimmora
|-boost|p1a: Glimmora|def|2
|
|-damage|p2a: Great Tusk|63/100 tox|[from] psn
|upkeep
|turn|4
|
|t:|1760328385
|move|p1a: Glimmora|Protect|p1a: Glimmora
|-singleturn|p1a: Glimmora|Protect
|move|p2a: Great Tusk|Rapid Spin|p1a: Glimmora
|-activate|p1a: Glimmora|move: Protect
|
|-damage|p2a: Great Tusk|38/100 tox|[from] psn
|upkeep
|turn|5
|
|t:|1760328400
|move|p1a: Glimmora|Protect||[still]
|-fail|p1a: Glimmora
|move|p2a: Great Tusk|Rapid Spin|p1a: Glimmora
|-resisted|p1a: Glimmora
|-damage|p1a: Glimmora|72/100
|-boost|p2a: Great Tusk|spe|1
|-activate|p1a: Glimmora|ability: Toxic Debris
|-sidestart|p2: Bighuff127|move: Toxic Spikes
|-sideend|p2: Bighuff127|Toxic Spikes|[from] move: Rapid Spin|[of] p2a: Great Tusk
|
|-damage|p2a: Great Tusk|7/100 tox|[from] psn
|upkeep
|turn|6
|
|t:|1760328410
|-end|p2a: Great Tusk|Protosynthesis|[silent]
|switch|p2a: Ninetales|Ninetales-Alola, F, shiny|100/100
|-weather|Snowscape|[from] ability: Snow Warning|[of] p2a: Ninetales
|move|p1a: Glimmora|Protect||[still]
|-fail|p1a: Glimmora
|
|-weather|Snowscape|[upkeep]
|upkeep
|turn|7
|
|t:|1760328425
|move|p2a: Ninetales|Encore|p1a: Glimmora
|-start|p1a: Glimmora|Encore
|move|p1a: Glimmora|Protect||[still]
|-fail|p1a: Glimmora
|
|-weather|Snowscape|[upkeep]
|upkeep
|turn|8
|
|t:|1760328432
|switch|p1a: Moltres|Moltres|100/100
|move|p2a: Ninetales|Freeze-Dry|p1a: Moltres
|-damage|p1a: Moltres|86/100
|
|-weather|Snowscape|[upkeep]
|upkeep
|turn|9
|
|t:|1760328443
|move|p2a: Ninetales|Aurora Veil|p2a: Ninetales
|-sidestart|p2: Bighuff127|move: Aurora Veil
|move|p1a: Moltres|Overheat|p2a: Ninetales
|-supereffective|p2a: Ninetales
|-damage|p2a: Ninetales|48/100
|-unboost|p1a: Moltres|spa|2
|
|-weather|Snowscape|[upkeep]
|upkeep
|turn|10
|
|t:|1760328459
|switch|p2a: Great Tusk|Great Tusk|7/100 tox
|move|p1a: Moltres|Overheat|p2a: Great Tusk
|-damage|p2a: Great Tusk|0 fnt
|-unboost|p1a: Moltres|spa|2
|faint|p2a: Great Tusk
|-end|p2a: Great Tusk|Protosynthesis|[silent]
|
|-weather|none
|upkeep
|
|t:|1760328467
|switch|p2a: Thundurus|Thundurus-Therian, M|100/100
|turn|11
|
|t:|1760328471
|move|p2a: Thundurus|Volt Switch|p1a: Moltres
|-supereffective|p1a: Moltres
|-damage|p1a: Moltres|0 fnt
|faint|p1a: Moltres
|
|t:|1760328475
|switch|p2a: Gyarados|Gyarados, M|100/100|[from] Volt Switch
|
|upkeep
|
|t:|1760328481
|switch|p1a: Hatterene|Hatterene, F|100/100
|turn|12
|
|t:|1760328484
|switch|p2a: Garchomp|Garchomp, M|100/100
|move|p1a: Hatterene|Nuzzle|p2a: Garchomp
|-immune|p2a: Garchomp
|
|upkeep
|turn|13
|
|t:|1760328497
|switch|p2a: Kingambit|Kingambit, M, shiny|100/100
|-activate|p2a: Kingambit|ability: Supreme Overlord
|-start|p2a: Kingambit|fallen1|[silent]
|move|p1a: Hatterene|Draining Kiss|p2a: Kingambit
|-damage|p2a: Kingambit|85/100
|
|upkeep
|turn|14
|
|t:|1760328515
|switch|p1a: Glimmora|Glimmora, M|72/100
|move|p2a: Kingambit|Iron Head|p1a: Glimmora
|-supereffective|p1a: Glimmora
|-damage|p1a: Glimmora|0 fnt
|-activate|p1a: Glimmora|ability: Toxic Debris
|-sidestart|p2: Bighuff127|move: Toxic Spikes
|faint|p1a: Glimmora
|
|upkeep
|
|t:|1760328534
|switch|p1a: Garganacl|Garganacl, F|100/100
|turn|15
|
|t:|1760328545
|-end|p2a: Kingambit|fallen1|[silent]
|switch|p2a: Garchomp|Garchomp, M|100/100
|-status|p2a: Garchomp|psn
|-terastallize|p1a: Garganacl|Water
|move|p1a: Garganacl|Salt Cure|p2a: Garchomp
|-resisted|p2a: Garchomp
|-damage|p2a: Garchomp|98/100 psn
|-start|p2a: Garchomp|Salt Cure
|
|-damage|p2a: Garchomp|86/100 psn|[from] psn
|-damage|p2a: Garchomp|74/100 psn|[from] Salt Cure
|upkeep
|turn|16
|
|t:|1760328559
|move|p1a: Garganacl|Protect|p1a: Garganacl
|-singleturn|p1a: Garganacl|Protect
|move|p2a: Garchomp|Earthquake|p1a: Garganacl
|-activate|p1a: Garganacl|move: Protect
|
|-damage|p2a: Garchomp|61/100 psn|[from] psn
|-damage|p2a: Garchomp|49/100 psn|[from] Salt Cure
|-sideend|p2: Bighuff127|move: Aurora Veil
|upkeep
|turn|17
|
|t:|1760328575
|move|p2a: Garchomp|Stealth Rock|p1a: Garganacl
|-sidestart|p1: Narukami_D.|move: Stealth Rock
|move|p1a: Garganacl|Recover||[still]
|-fail|p1a: Garganacl|heal
|
|-damage|p2a: Garchomp|36/100 psn|[from] psn
|-damage|p2a: Garchomp|24/100 psn|[from] Salt Cure
|upkeep
|turn|18
|
|t:|1760328584
|switch|p2a: Ninetales|Ninetales-Alola, F, shiny|48/100
|-status|p2a: Ninetales|psn
|-weather|Snowscape|[from] ability: Snow Warning|[of] p2a: Ninetales
|move|p1a: Garganacl|Protect||[still]
|-fail|p1a: Garganacl
|
|-weather|Snowscape|[upkeep]
|-damage|p2a: Ninetales|36/100 psn|[from] psn
|upkeep
|turn|19
|
|t:|1760328596
|move|p2a: Ninetales|Aurora Veil|p2a: Ninetales
|-sidestart|p2: Bighuff127|move: Aurora Veil
|move|p1a: Garganacl|Salt Cure|p2a: Ninetales
|-supereffective|p2a: Ninetales
|-damage|p2a: Ninetales|24/100 psn
|-start|p2a: Ninetales|Salt Cure
|
|-weather|Snowscape|[upkeep]
|-damage|p2a: Ninetales|11/100 psn|[from] psn
|-damage|p2a: Ninetales|0 fnt|[from] Salt Cure
|faint|p2a: Ninetales
|upkeep
|
|t:|1760328599
|switch|p2a: Thundurus|Thundurus-Therian, M|100/100
|turn|20
|
|t:|1760328619
|switch|p1a: Kyurem|Kyurem|100/100
|-damage|p1a: Kyurem|76/100|[from] Stealth Rock
|-ability|p1a: Kyurem|Pressure
|move|p2a: Thundurus|Thunderbolt|p1a: Kyurem
|-resisted|p1a: Kyurem
|-damage|p1a: Kyurem|41/100
|-status|p1a: Kyurem|par
|
|-weather|Snowscape|[upkeep]
|upkeep
|turn|21
|inactive|Narukami_D. has 120 seconds left.
|
|t:|1760328637
|switch|p2a: Garchomp|Garchomp, M|24/100 psn
|move|p1a: Kyurem|Icicle Spear|p2a: Garchomp
|-supereffective|p2a: Garchomp
|-damage|p2a: Garchomp|6/100 psn
|-supereffective|p2a: Garchomp
|-damage|p2a: Garchomp|0 fnt
|faint|p2a: Garchomp
|-hitcount|p2: Garchomp|2
|
|-weather|Snowscape|[upkeep]
|upkeep
|
|t:|1760328642
|switch|p2a: Gyarados|Gyarados, M|100/100
|turn|22
|
|t:|1760328648
|move|p2a: Gyarados|Dragon Dance|p2a: Gyarados
|-boost|p2a: Gyarados|atk|1
|-boost|p2a: Gyarados|spe|1
|move|p1a: Kyurem|Icicle Spear|p2a: Gyarados
|-damage|p2a: Gyarados|92/100
|-damage|p2a: Gyarados|84/100
|-damage|p2a: Gyarados|75/100
|-damage|p2a: Gyarados|66/100
|-hitcount|p2a: Gyarados|4
|
|-weather|none
|upkeep
|turn|23
|
|t:|1760328660
|move|p2a: Gyarados|Earthquake|p1a: Kyurem
|-crit|p1a: Kyurem
|-damage|p1a: Kyurem|0 fnt
|faint|p1a: Kyurem
|-ability|p2a: Gyarados|Moxie|boost
|-boost|p2a: Gyarados|atk|1
|
|upkeep
|inactive|Narukami_D. has 120 seconds left.
|
|t:|1760328676
|switch|p1a: Darkrai|Darkrai|100/100
|turn|24
|
|t:|1760328683
|-terastallize|p2a: Gyarados|Flying
|move|p2a: Gyarados|Tera Blast|p1a: Darkrai|[anim] Tera Blast Flying
|-damage|p1a: Darkrai|0 fnt
|faint|p1a: Darkrai
|-ability|p2a: Gyarados|Moxie|boost
|-boost|p2a: Gyarados|atk|1
|
|upkeep
|
|t:|1760328689
|switch|p1a: Hatterene|Hatterene, F|100/100
|-damage|p1a: Hatterene|88/100|[from] Stealth Rock
|turn|25
|
|t:|1760328694
|move|p2a: Gyarados|Tera Blast|p1a: Hatterene|[anim] Tera Blast Flying
|-damage|p1a: Hatterene|0 fnt
|faint|p1a: Hatterene
|-ability|p2a: Gyarados|Moxie|boost
|-boost|p2a: Gyarados|atk|1
|
|upkeep
|
|t:|1760328699
|switch|p1a: Garganacl|Garganacl, F, tera:Water|100/100
|-damage|p1a: Garganacl|88/100|[from] Stealth Rock
|turn|26
|
|t:|1760328704
|move|p2a: Gyarados|Tera Blast|p1a: Garganacl|[anim] Tera Blast Flying
|-damage|p1a: Garganacl|4/100
|move|p1a: Garganacl|Salt Cure|p2a: Gyarados
|-supereffective|p2a: Gyarados
|-damage|p2a: Gyarados|49/100
|-start|p2a: Gyarados|Salt Cure
|
|-heal|p1a: Garganacl|11/100|[from] item: Leftovers
|-damage|p2a: Gyarados|37/100|[from] Salt Cure
|-sideend|p2: Bighuff127|move: Aurora Veil
|upkeep
|turn|27
|
|t:|1760328715
|move|p1a: Garganacl|Protect|p1a: Garganacl
|-singleturn|p1a: Garganacl|Protect
|move|p2a: Gyarados|Tera Blast|p1a: Garganacl|[anim] Tera Blast Flying
|-activate|p1a: Garganacl|move: Protect
|
|-heal|p1a: Garganacl|17/100|[from] item: Leftovers
|-damage|p2a: Gyarados|25/100|[from] Salt Cure
|upkeep
|turn|28
|
|t:|1760328725
|move|p1a: Garganacl|Protect||[still]
|-fail|p1a: Garganacl
|move|p2a: Gyarados|Tera Blast|p1a: Garganacl|[anim] Tera Blast Flying
|-damage|p1a: Garganacl|0 fnt
|faint|p1a: Garganacl
|
|win|Bighuff127
|raw|Narukami_D.'s rating: 1220 &rarr; <strong>1196</strong><br />(-24 for losing)
|raw|Bighuff127's rating: 1229 &rarr; <strong>1253</strong><br />(+24 for winning)
|l|☆Narukami_D.
|player|p1|
|l|☆Bighuff127
|player|p2|
