|j|☆getreyal
|j|☆dr. drake6782
|t:|1760381788
|gametype|singles
|player|p1|getreyal|pokemonbreeder-gen4|1726
|player|p2|dr. drake6782|hilbert-masters|1736
|gen|9
|tier|[Gen 9] OU
|rated|
|rule|HP Percentage Mod: HP is shown in percentages
|rule|Endless Battle Clause: Forcing endless battles is banned
|rule|Species Clause: Limit one of each Pokémon
|rule|OHKO Clause: OHKO moves are banned
|rule|Evasion Items Clause: Evasion items are banned
|rule|Evasion Moves Clause: Evasion moves are banned
|rule|Evasion Abilities Clause: Evasion abilities are banned
|rule|Sleep Moves Clause: Sleep-inducing moves are banned
|clearpoke
|poke|p1|Corviknight, F|
|poke|p1|Garchomp, M|
|poke|p1|Glimmora, M|
|poke|p1|Darkrai|
|poke|p1|Ceruledge, M|
|poke|p1|Ogerpon-Wellspring, F|
|poke|p2|Pelipper, M|
|poke|p2|Tornadus-Therian, M|
|poke|p2|Iron Treads|
|poke|p2|Decidueye-Hisui, M|
|poke|p2|Barraskewda, M|
|poke|p2|Raging Bolt|
|teampreview
|inactive|Battle timer is ON: inactive players will automatically lose when time's up. (requested by dr. drake6782)
|
|t:|1760381801
|teamsize|p1|6
|teamsize|p2|6
|start
|switch|p1a: Darkrai|Darkrai|100/100
|switch|p2a: Pelipper|Pelipper, M|100/100
|-weather|RainDance|[from] ability: Drizzle|[of] p2a: Pelipper
|turn|1
|
|t:|1760381803
|move|p1a: Darkrai|Dark Pulse|p2a: Pelipper
|-damage|p2a: Pelipper|14/100
|move|p2a: Pelipper|U-turn|p1a: Darkrai
|-supereffective|p1a: Darkrai
|-damage|p1a: Darkrai|74/100
|
|t:|1760381807
|switch|p2a: Barraskewda|Barraskewda, M, shiny|100/100|[from] U-turn
|
|-weather|RainDance|[upkeep]
|upkeep
|turn|2
|
|t:|1760381816
|switch|p1a: Ceruledge|Ceruledge, M|100/100
|move|p2a: Barraskewda|Close Combat|p1a: Ceruledge
|-immune|p1a: Ceruledge
|
|-weather|RainDance|[upkeep]
|upkeep
|turn|3
|
|t:|1760381820
|move|p2a: Barraskewda|Flip Turn|p1a: Ceruledge
|-supereffective|p1a: Ceruledge
|-enditem|p1a: Ceruledge|Focus Sash
|-damage|p1a: Ceruledge|1/100
|-ability|p1a: Ceruledge|Weak Armor|boost
|-unboost|p1a: Ceruledge|def|1
|-boost|p1a: Ceruledge|spe|2
|-damage|p2a: Barraskewda|91/100|[from] item: Life Orb
|
|t:|1760381827
|switch|p2a: Raging Bolt|Raging Bolt|100/100|[from] Flip Turn
|-enditem|p2a: Raging Bolt|Booster Energy
|-activate|p2a: Raging Bolt|ability: Protosynthesis|[fromitem]
|-start|p2a: Raging Bolt|protosynthesisspa
|move|p1a: Ceruledge|Swords Dance|p1a: Ceruledge
|-boost|p1a: Ceruledge|atk|2
|
|-weather|RainDance|[upkeep]
|upkeep
|turn|4
|j| Puyu Paz
|
|t:|1760381831
|move|p1a: Ceruledge|Shadow Sneak|p2a: Raging Bolt
|-damage|p2a: Raging Bolt|62/100
|move|p2a: Raging Bolt|Thunder|p1a: Ceruledge
|-damage|p1a: Ceruledge|0 fnt
|faint|p1a: Ceruledge
|
|-weather|RainDance|[upkeep]
|upkeep
|
|t:|1760381838
|switch|p1a: Glimmora|Glimmora, M|100/100
|turn|5
|
|t:|1760381841
|move|p1a: Glimmora|Earth Power|p2a: Raging Bolt
|-supereffective|p2a: Raging Bolt
|-damage|p2a: Raging Bolt|4/100
|move|p2a: Raging Bolt|Thunder|p1a: Glimmora
|-damage|p1a: Glimmora|0 fnt
|faint|p1a: Glimmora
|
|-weather|RainDance|[upkeep]
|upkeep
|
|t:|1760381847
|switch|p1a: Garchomp|Garchomp, M|100/100
|turn|6
|
|t:|1760381849
|move|p1a: Garchomp|Stealth Rock|p2a: Raging Bolt
|-sidestart|p2: dr. drake6782|move: Stealth Rock
|move|p2a: Raging Bolt|Dragon Pulse|p1a: Garchomp
|-supereffective|p1a: Garchomp
|-damage|p1a: Garchomp|0 fnt
|faint|p1a: Garchomp
|
|-weather|RainDance|[upkeep]
|upkeep
|
|t:|1760381856
|switch|p1a: Ogerpon|Ogerpon-Wellspring, F|100/100
|turn|7
|
|t:|1760381858
|move|p1a: Ogerpon|U-turn|p2a: Raging Bolt
|-damage|p2a: Raging Bolt|0 fnt
|faint|p2a: Raging Bolt
|-end|p2a: Raging Bolt|Protosynthesis|[silent]
|
|t:|1760381864
|switch|p1a: Corviknight|Corviknight, F|100/100|[from] U-turn
|-ability|p1a: Corviknight|Pressure
|
|-weather|RainDance|[upkeep]
|upkeep
|
|t:|1760381870
|switch|p2a: Iron Treads|Iron Treads|100/100
|-damage|p2a: Iron Treads|98/100|[from] Stealth Rock
|turn|8
|
|t:|1760381872
|move|p2a: Iron Treads|Rapid Spin|p1a: Corviknight
|-resisted|p1a: Corviknight
|-damage|p1a: Corviknight|97/100
|-boost|p2a: Iron Treads|spe|1
|-sideend|p2: dr. drake6782|Stealth Rock|[from] move: Rapid Spin|[of] p2a: Iron Treads
|move|p1a: Corviknight|Body Press|p2a: Iron Treads
|-supereffective|p2a: Iron Treads
|-damage|p2a: Iron Treads|57/100
|
|-weather|none
|-heal|p2a: Iron Treads|63/100|[from] item: Leftovers
|-heal|p1a: Corviknight|100/100|[from] item: Leftovers
|upkeep
|turn|9
|
|t:|1760381877
|move|p2a: Iron Treads|Stealth Rock|p1a: Corviknight
|-sidestart|p1: getreyal|move: Stealth Rock
|move|p1a: Corviknight|U-turn|p2a: Iron Treads
|-resisted|p2a: Iron Treads
|-damage|p2a: Iron Treads|58/100
|j| maghifiume
|
|t:|1760381880
|switch|p1a: Ogerpon|Ogerpon-Wellspring, F|100/100|[from] U-turn
|-damage|p1a: Ogerpon|88/100|[from] Stealth Rock
|
|-heal|p2a: Iron Treads|64/100|[from] item: Leftovers
|upkeep
|turn|10
|
|t:|1760381892
|-end|p2a: Iron Treads|Quark Drive|[silent]
|switch|p2a: Pelipper|Pelipper, M|14/100
|-weather|RainDance|[from] ability: Drizzle|[of] p2a: Pelipper
|move|p1a: Ogerpon|Ivy Cudgel|p2a: Pelipper|[anim] Ivy Cudgel Water
|-resisted|p2a: Pelipper
|-damage|p2a: Pelipper|0 fnt
|faint|p2a: Pelipper
|
|-weather|RainDance|[upkeep]
|upkeep
|
|t:|1760381896
|switch|p2a: Tornadus|Tornadus-Therian, M|100/100
|turn|11
|
|t:|1760381903
|switch|p1a: Corviknight|Corviknight, F|100/100
|-damage|p1a: Corviknight|88/100|[from] Stealth Rock
|-ability|p1a: Corviknight|Pressure
|move|p2a: Tornadus|Hurricane|p1a: Corviknight
|-resisted|p1a: Corviknight
|-damage|p1a: Corviknight|51/100
|-start|p1a: Corviknight|confusion
|
|-weather|RainDance|[upkeep]
|-heal|p1a: Corviknight|57/100|[from] item: Leftovers
|upkeep
|turn|12
|l| maghifiume
|inactive|dr. drake6782 has 120 seconds left.
|
|t:|1760381944
|-terastallize|p2a: Tornadus|Flying
|move|p2a: Tornadus|Hurricane|p1a: Corviknight
|-resisted|p1a: Corviknight
|-damage|p1a: Corviknight|9/100
|-activate|p1a: Corviknight|confusion
|move|p1a: Corviknight|Roost|p1a: Corviknight
|-heal|p1a: Corviknight|59/100
|-singleturn|p1a: Corviknight|move: Roost
|
|-weather|RainDance|[upkeep]
|-heal|p1a: Corviknight|65/100|[from] item: Leftovers
|upkeep
|turn|13
|
|t:|1760381956
|switch|p2a: Barraskewda|Barraskewda, M, shiny|91/100
|-activate|p1a: Corviknight|confusion
|move|p1a: Corviknight|Roost|p1a: Corviknight
|-heal|p1a: Corviknight|100/100
|-singleturn|p1a: Corviknight|move: Roost
|
|-weather|RainDance|[upkeep]
|upkeep
|turn|14
|
|t:|1760381963
|move|p2a: Barraskewda|Liquidation|p1a: Corviknight
|-damage|p1a: Corviknight|48/100
|-damage|p2a: Barraskewda|81/100|[from] item: Life Orb
|-end|p1a: Corviknight|confusion
|move|p1a: Corviknight|U-turn|p2a: Barraskewda
|-damage|p2a: Barraskewda|51/100
|j| maghifiume
|
|t:|1760381971
|switch|p1a: Ogerpon|Ogerpon-Wellspring, F|88/100|[from] U-turn
|-damage|p1a: Ogerpon|76/100|[from] Stealth Rock
|
|-weather|RainDance|[upkeep]
|upkeep
|turn|15
|
|t:|1760381974
|move|p2a: Barraskewda|Close Combat|p1a: Ogerpon
|-damage|p1a: Ogerpon|0 fnt
|-unboost|p2a: Barraskewda|def|1
|-unboost|p2a: Barraskewda|spd|1
|faint|p1a: Ogerpon
|-damage|p2a: Barraskewda|41/100|[from] item: Life Orb
|
|-weather|RainDance|[upkeep]
|upkeep
|-message|getreyal forfeited.
|
|win|dr. drake6782
|raw|getreyal's rating: 1726 &rarr; <strong>1707</strong><br />(-19 for losing)
|raw|dr. drake6782's rating: 1736 &rarr; <strong>1755</strong><br />(+19 for winning)
|l|☆getreyal
|player|p1|
|l|☆dr. drake6782
|player|p2|
|l| Puyu Paz
|l| maghifiume
