|j|☆Grimsley961116
|j|☆charliebattler
|t:|1760454774
|gametype|singles
|player|p1|Grimsley961116|grimsley|1355
|player|p2|charliebattler|lance|1323
|gen|9
|tier|[Gen 9] OU
|rated|
|rule|HP Percentage Mod: HP is shown in percentages
|rule|Endless Battle Clause: Forcing endless battles is banned
|rule|Species Clause: Limit one of each Pokémon
|rule|OHKO Clause: OHKO moves are banned
|rule|Evasion Items Clause: Evasion items are banned
|rule|Evasion Moves Clause: Evasion moves are banned
|rule|Evasion Abilities Clause: Evasion abilities are banned
|rule|Sleep Moves Clause: Sleep-inducing moves are banned
|clearpoke
|poke|p1|Rotom-Wash|
|poke|p1|Torkoal, M|
|poke|p1|Garganacl, F|
|poke|p1|Arboliva, F|
|poke|p1|Ceruledge, M|
|poke|p1|Dragonite, F|
|poke|p2|Gliscor, M|
|poke|p2|Walking Wake|
|poke|p2|Slowking-Galar, F|
|poke|p2|Zamazenta-*|
|poke|p2|Ting-Lu|
|poke|p2|Kingambit, M|
|teampreview
|inactive|Battle timer is ON: inactive players will automatically lose when time's up. (requested by Grimsley961116)
|inactive|charliebattler has 120 seconds left.
|
|t:|1760454811
|teamsize|p1|6
|teamsize|p2|6
|start
|switch|p1a: Rotom|Rotom-Wash|100/100
|switch|p2a: Walking Wake|Walking Wake|100/100
|turn|1
|
|t:|1760454814
|move|p1a: Rotom|Volt Switch|p2a: Walking Wake
|-damage|p2a: Walking Wake|58/100
|
|t:|1760454815
|switch|p1a: Arboliva|Arboliva, F|100/100|[from] Volt Switch
|move|p2a: Walking Wake|Knock Off|p1a: Arboliva
|-damage|p1a: Arboliva|82/100
|-fieldstart|move: Grassy Terrain|[from] ability: Seed Sower|[of] p1a: Arboliva
|-enditem|p1a: Arboliva|Assault Vest|[from] move: Knock Off|[of] p2a: Walking Wake
|
|-heal|p2a: Walking Wake|64/100|[from] Grassy Terrain
|-heal|p1a: Arboliva|88/100|[from] Grassy Terrain
|upkeep
|turn|2
|
|t:|1760454827
|-end|p2a: Walking Wake|Protosynthesis|[silent]
|switch|p2a: Slowking|Slowking-Galar, F|100/100
|move|p1a: Arboliva|Giga Drain|p2a: Slowking
|-resisted|p2a: Slowking
|-damage|p2a: Slowking|85/100
|-heal|p1a: Arboliva|97/100|[from] drain|[of] p2a: Slowking
|
|-heal|p1a: Arboliva|100/100|[from] Grassy Terrain
|-heal|p2a: Slowking|91/100|[from] Grassy Terrain
|upkeep
|turn|3
|
|t:|1760454837
|move|p2a: Slowking|Future Sight|p1a: Arboliva
|-start|p2a: Slowking|move: Future Sight
|move|p1a: Arboliva|Mirror Coat||[still]
|-fail|p1a: Arboliva
|
|-heal|p2a: Slowking|97/100|[from] Grassy Terrain
|upkeep
|turn|4
|
|t:|1760454841
|move|p2a: Slowking|Sludge Bomb|p1a: Arboliva
|-supereffective|p1a: Arboliva
|-damage|p1a: Arboliva|39/100
|move|p1a: Arboliva|Mirror Coat|p2a: Slowking
|-damage|p2a: Slowking|0 fnt
|faint|p2a: Slowking
|
|-heal|p1a: Arboliva|45/100|[from] Grassy Terrain
|upkeep
|
|t:|1760454849
|switch|p2a: Gliscor|Gliscor, M|100/100
|turn|5
|
|t:|1760454852
|move|p2a: Gliscor|Swords Dance|p2a: Gliscor
|-boost|p2a: Gliscor|atk|2
|move|p1a: Arboliva|Giga Drain|p2a: Gliscor
|-damage|p2a: Gliscor|37/100
|-heal|p1a: Arboliva|76/100|[from] drain|[of] p2a: Gliscor
|
|-end|p1a: Arboliva|move: Future Sight
|-damage|p1a: Arboliva|39/100
|-heal|p1a: Arboliva|45/100|[from] Grassy Terrain
|-fieldend|move: Grassy Terrain
|-status|p2a: Gliscor|tox|[from] item: Toxic Orb
|upkeep
|turn|6
|
|t:|1760454862
|switch|p1a: Ceruledge|Ceruledge, M, shiny|100/100
|move|p2a: Gliscor|Ice Fang|p1a: Ceruledge
|-resisted|p1a: Ceruledge
|-damage|p1a: Ceruledge|76/100
|-ability|p1a: Ceruledge|Weak Armor|boost
|-unboost|p1a: Ceruledge|def|1
|-boost|p1a: Ceruledge|spe|2
|
|-heal|p2a: Gliscor|50/100 tox|[from] ability: Poison Heal
|upkeep
|turn|7
|
|t:|1760454866
|move|p1a: Ceruledge|Bitter Blade|p2a: Gliscor
|-damage|p2a: Gliscor|9/100 tox
|-heal|p1a: Ceruledge|100/100|[from] drain|[of] p2a: Gliscor
|move|p2a: Gliscor|Earthquake|p1a: Ceruledge
|-supereffective|p1a: Ceruledge
|-enditem|p1a: Ceruledge|Focus Sash
|-damage|p1a: Ceruledge|1/100
|-ability|p1a: Ceruledge|Weak Armor|boost
|-unboost|p1a: Ceruledge|def|1
|-boost|p1a: Ceruledge|spe|2
|
|-heal|p2a: Gliscor|21/100 tox|[from] ability: Poison Heal
|upkeep
|turn|8
|
|t:|1760454871
|move|p2a: Gliscor|Protect|p2a: Gliscor
|-singleturn|p2a: Gliscor|Protect
|move|p1a: Ceruledge|Bitter Blade|p2a: Gliscor
|-activate|p2a: Gliscor|move: Protect
|
|-heal|p2a: Gliscor|34/100 tox|[from] ability: Poison Heal
|upkeep
|turn|9
|
|t:|1760454879
|switch|p2a: Walking Wake|Walking Wake|64/100
|move|p1a: Ceruledge|Bitter Blade|p2a: Walking Wake
|-resisted|p2a: Walking Wake
|-damage|p2a: Walking Wake|52/100
|-heal|p1a: Ceruledge|8/100|[from] drain|[of] p2a: Walking Wake
|
|upkeep
|turn|10
|
|t:|1760454883
|move|p1a: Ceruledge|Destiny Bond|p1a: Ceruledge
|-singlemove|p1a: Ceruledge|Destiny Bond
|move|p2a: Walking Wake|Scald|p1a: Ceruledge
|-supereffective|p1a: Ceruledge
|-damage|p1a: Ceruledge|0 fnt
|faint|p1a: Ceruledge
|-activate|p1a: Ceruledge|move: Destiny Bond
|faint|p2a: Walking Wake
|-end|p2a: Walking Wake|Protosynthesis|[silent]
|
|upkeep
|
|t:|1760454890
|switch|p2a: Gliscor|Gliscor, M|34/100 tox
|switch|p1a: Rotom|Rotom-Wash|100/100
|turn|11
|
|t:|1760454891
|move|p2a: Gliscor|Protect|p2a: Gliscor
|-singleturn|p2a: Gliscor|Protect
|move|p1a: Rotom|Hydro Pump|p2a: Gliscor
|-activate|p2a: Gliscor|move: Protect
|
|-heal|p2a: Gliscor|46/100 tox|[from] ability: Poison Heal
|upkeep
|turn|12
|
|t:|1760454898
|move|p1a: Rotom|Hydro Pump|p2a: Gliscor|[miss]
|-miss|p1a: Rotom|p2a: Gliscor
|move|p2a: Gliscor|Ice Fang|p1a: Rotom
|-resisted|p1a: Rotom
|-crit|p1a: Rotom
|-damage|p1a: Rotom|84/100
|
|-heal|p2a: Gliscor|59/100 tox|[from] ability: Poison Heal
|upkeep
|turn|13
|
|t:|1760454903
|move|p2a: Gliscor|Protect|p2a: Gliscor
|-singleturn|p2a: Gliscor|Protect
|move|p1a: Rotom|Hydro Pump|p2a: Gliscor
|-activate|p2a: Gliscor|move: Protect
|
|-heal|p2a: Gliscor|71/100 tox|[from] ability: Poison Heal
|upkeep
|turn|14
|
|t:|1760454909
|move|p1a: Rotom|Hydro Pump|p2a: Gliscor
|-supereffective|p2a: Gliscor
|-damage|p2a: Gliscor|0 fnt
|faint|p2a: Gliscor
|
|upkeep
|
|t:|1760454912
|switch|p2a: Kingambit|Kingambit, M|100/100
|-activate|p2a: Kingambit|ability: Supreme Overlord
|-start|p2a: Kingambit|fallen3|[silent]
|turn|15
|
|t:|1760454914
|switch|p1a: Torkoal|Torkoal, M|100/100
|move|p2a: Kingambit|Swords Dance|p2a: Kingambit
|-boost|p2a: Kingambit|atk|2
|
|upkeep
|turn|16
|
|t:|1760454918
|-terastallize|p2a: Kingambit|Dark
|move|p2a: Kingambit|Kowtow Cleave|p1a: Torkoal
|-damage|p1a: Torkoal|0 fnt
|faint|p1a: Torkoal
|
|upkeep
|
|t:|1760454924
|switch|p1a: Rotom|Rotom-Wash|84/100
|turn|17
|
|t:|1760454941
|move|p1a: Rotom|Trick|p2a: Kingambit
|-activate|p1a: Rotom|move: Trick|[of] p2a: Kingambit
|-item|p2a: Kingambit|Choice Scarf|[from] move: Trick
|-item|p1a: Rotom|Black Glasses|[from] move: Trick
|move|p2a: Kingambit|Kowtow Cleave|p1a: Rotom
|-damage|p1a: Rotom|0 fnt
|faint|p1a: Rotom
|
|upkeep
|
|t:|1760454946
|switch|p1a: Garganacl|Garganacl, F|100/100
|turn|18
|
|t:|1760454949
|move|p1a: Garganacl|Protect|p1a: Garganacl
|-singleturn|p1a: Garganacl|Protect
|move|p2a: Kingambit|Kowtow Cleave|p1a: Garganacl
|-activate|p1a: Garganacl|move: Protect
|
|upkeep
|turn|19
|
|t:|1760454953
|move|p2a: Kingambit|Kowtow Cleave|p1a: Garganacl
|-crit|p1a: Garganacl
|-damage|p1a: Garganacl|0 fnt
|faint|p1a: Garganacl
|
|upkeep
|
|t:|1760454957
|switch|p1a: Dragonite|Dragonite, F, shiny|100/100
|turn|20
|
|t:|1760454963
|move|p2a: Kingambit|Kowtow Cleave|p1a: Dragonite
|-damage|p1a: Dragonite|4/100
|move|p1a: Dragonite|Dragon Claw|p2a: Kingambit
|-damage|p2a: Kingambit|60/100
|
|upkeep
|turn|21
|
|t:|1760454968
|-terastallize|p1a: Dragonite|Normal
|move|p1a: Dragonite|Extreme Speed|p2a: Kingambit
|-damage|p2a: Kingambit|17/100
|move|p2a: Kingambit|Kowtow Cleave|p1a: Dragonite
|-damage|p1a: Dragonite|0 fnt
|faint|p1a: Dragonite
|
|upkeep
|
|t:|1760454971
|switch|p1a: Arboliva|Arboliva, F|45/100
|turn|22
|
|t:|1760454973
|move|p2a: Kingambit|Kowtow Cleave|p1a: Arboliva
|-damage|p1a: Arboliva|0 fnt
|-fieldstart|move: Grassy Terrain|[from] ability: Seed Sower|[of] p1a: Arboliva
|faint|p1a: Arboliva
|
|win|charliebattler
|raw|Grimsley961116's rating: 1355 &rarr; <strong>1333</strong><br />(-22 for losing)
|raw|charliebattler's rating: 1323 &rarr; <strong>1345</strong><br />(+22 for winning)
|l|☆charliebattler
|player|p2|
