|j|☆seethemalldie
|j|☆NoFishNoLife
|t:|1760440129
|gametype|singles
|player|p1|seethemalldie|unknown|1251
|player|p2|NoFishNoLife|fisherman-gen4|1281
|gen|9
|tier|[Gen 9] OU
|rated|
|rule|HP Percentage Mod: HP is shown in percentages
|rule|Endless Battle Clause: Forcing endless battles is banned
|rule|Species Clause: Limit one of each Pokémon
|rule|OHKO Clause: OHKO moves are banned
|rule|Evasion Items Clause: Evasion items are banned
|rule|Evasion Moves Clause: Evasion moves are banned
|rule|Evasion Abilities Clause: Evasion abilities are banned
|rule|Sleep Moves Clause: Sleep-inducing moves are banned
|clearpoke
|poke|p1|Scizor, F|
|poke|p1|Toxtricity-Low-Key, F|
|poke|p1|Hydreigon, M|
|poke|p1|Iron Valiant|
|poke|p1|Ogerpon-Wellspring, F|
|poke|p1|Arcanine-Hisui, M|
|poke|p2|Volcanion|
|poke|p2|Rabsca, M|
|poke|p2|Ditto|
|poke|p2|Clefable, M|
|poke|p2|Hoopa-Unbound|
|poke|p2|Cloyster, F|
|teampreview
|inactive|Battle timer is ON: inactive players will automatically lose when time's up. (requested by seethemalldie)
|
|t:|1760440150
|teamsize|p1|6
|teamsize|p2|6
|start
|switch|p1a: Berry|Ogerpon-Wellspring, F|100/100
|switch|p2a: Fish|Volcanion|100/100
|turn|1
|
|t:|1760440156
|move|p1a: Berry|Knock Off|p2a: Fish
|-damage|p2a: Fish|71/100
|-enditem|p2a: Fish|Zoom Lens|[from] move: Knock Off|[of] p1a: Berry
|move|p2a: Fish|Sludge Bomb|p1a: Berry
|-supereffective|p1a: Berry
|-damage|p1a: Berry|20/100
|-status|p1a: Berry|psn
|
|-damage|p1a: Berry|8/100 psn|[from] psn
|upkeep
|turn|2
|
|t:|1760440167
|switch|p1a: Solid|Scizor, F|100/100
|move|p2a: Fish|Fire Blast|p1a: Solid
|-supereffective|p1a: Solid
|-damage|p1a: Solid|0 fnt
|faint|p1a: Solid
|
|upkeep
|
|t:|1760440175
|switch|p1a: Archie|Arcanine-Hisui, M|100/100
|turn|3
|
|t:|1760440178
|move|p1a: Archie|Head Smash|p2a: Fish
|-supereffective|p2a: Fish
|-damage|p2a: Fish|0 fnt
|faint|p2a: Fish
|
|upkeep
|
|t:|1760440191
|switch|p2a: Hoopa|Hoopa-Unbound|100/100
|turn|4
|
|t:|1760440198
|switch|p1a: Berry|Ogerpon-Wellspring, F|8/100 psn
|move|p2a: Hoopa|Destiny Bond|p2a: Hoopa
|-singlemove|p2a: Hoopa|Destiny Bond
|
|-damage|p1a: Berry|0 fnt|[from] psn
|faint|p1a: Berry
|upkeep
|
|t:|1760440206
|switch|p1a: Trip|Hydreigon, M, shiny|100/100
|turn|5
|
|t:|1760440231
|switch|p2a: Blessiy|Clefable, M, shiny|100/100
|move|p1a: Trip|Tailwind|p1a: Trip
|-sidestart|p1: seethemalldie|move: Tailwind
|
|upkeep
|turn|6
|
|t:|1760440238
|switch|p1a: Chili|Toxtricity-Low-Key, F|100/100
|move|p2a: Blessiy|Cosmic Power|p2a: Blessiy
|-boost|p2a: Blessiy|def|1
|-boost|p2a: Blessiy|spd|1
|
|upkeep
|turn|7
|
|t:|1760440257
|-terastallize|p1a: Chili|Normal
|move|p1a: Chili|Boomburst|p2a: Blessiy
|-damage|p2a: Blessiy|8/100
|move|p2a: Blessiy|Cosmic Power|p2a: Blessiy
|-boost|p2a: Blessiy|def|1
|-boost|p2a: Blessiy|spd|1
|
|-heal|p2a: Blessiy|14/100|[from] item: Leftovers
|upkeep
|turn|8
|
|t:|1760440265
|move|p1a: Chili|Boomburst|p2a: Blessiy
|-damage|p2a: Blessiy|0 fnt
|faint|p2a: Blessiy
|
|-sideend|p1: seethemalldie|move: Tailwind
|upkeep
|
|t:|1760440274
|switch|p2a: Cloyster|Cloyster, F|100/100
|turn|9
|
|t:|1760440280
|move|p1a: Chili|Boomburst|p2a: Cloyster
|-damage|p2a: Cloyster|0 fnt
|faint|p2a: Cloyster
|
|upkeep
|
|t:|1760440291
|switch|p2a: Hoopa|Hoopa-Unbound|100/100
|turn|10
|
|t:|1760440305
|switch|p1a: Archie|Arcanine-Hisui, M|100/100
|move|p2a: Hoopa|Destiny Bond|p2a: Hoopa
|-singlemove|p2a: Hoopa|Destiny Bond
|
|upkeep
|turn|11
|
|t:|1760440314
|switch|p2a: ._.|Ditto|100/100
|-transform|p2a: ._.|p1a: Archie|[from] ability: Imposter
|move|p1a: Archie|Flare Blitz|p2a: ._.
|-resisted|p2a: ._.
|-damage|p2a: ._.|82/100
|
|upkeep
|turn|12
|
|t:|1760440326
|switch|p1a: Trip|Hydreigon, M, shiny|100/100
|move|p2a: ._.|Head Smash|p1a: Trip
|-damage|p1a: Trip|21/100
|
|upkeep
|turn|13
|
|t:|1760440333
|move|p2a: ._.|Head Smash|p1a: Trip
|-damage|p1a: Trip|0 fnt
|faint|p1a: Trip
|
|upkeep
|
|t:|1760440350
|switch|p1a: Archie|Arcanine-Hisui, M|100/100
|turn|14
|
|t:|1760440355
|move|p1a: Archie|Extreme Speed|p2a: ._.
|-resisted|p2a: ._.
|-damage|p2a: ._.|64/100
|move|p2a: ._.|Head Smash|p1a: Archie|[miss]
|-miss|p2a: ._.|p1a: Archie
|
|upkeep
|turn|15
|
|t:|1760440361
|move|p1a: Archie|Extreme Speed|p2a: ._.
|-resisted|p2a: ._.
|-damage|p2a: ._.|46/100
|move|p2a: ._.|Head Smash|p1a: Archie
|-supereffective|p1a: Archie
|-damage|p1a: Archie|0 fnt
|faint|p1a: Archie
|
|upkeep
|
|t:|1760440368
|switch|p1a: Nite|Iron Valiant, shiny|100/100
|turn|16
|
|t:|1760440373
|move|p1a: Nite|Vacuum Wave|p2a: ._.
|-supereffective|p2a: ._.
|-damage|p2a: ._.|0 fnt
|faint|p2a: ._.
|
|upkeep
|
|t:|1760440381
|switch|p2a: Pokemon center|Rabsca, M|100/100
|turn|17
|
|t:|1760440389
|-end|p1a: Nite|Quark Drive|[silent]
|switch|p1a: Chili|Toxtricity-Low-Key, F, tera:Normal|100/100
|move|p2a: Pokemon center|Revival Blessing|p2a: Pokemon center
|
|t:|1760440396
|-heal|p2: ._.|50/100|[from] move: Revival Blessing
|
|upkeep
|turn|18
|
|t:|1760440402
|move|p1a: Chili|Boomburst|p2a: Pokemon center
|-damage|p2a: Pokemon center|3/100
|move|p2a: Pokemon center|Rest|p2a: Pokemon center
|-status|p2a: Pokemon center|slp|[from] move: Rest
|-heal|p2a: Pokemon center|100/100 slp|[silent]
|
|upkeep
|turn|19
|
|t:|1760440409
|move|p1a: Chili|Boomburst|p2a: Pokemon center
|-damage|p2a: Pokemon center|0 fnt
|faint|p2a: Pokemon center
|
|upkeep
|
|t:|1760440417
|switch|p2a: ._.|Ditto|50/100
|-transform|p2a: ._.|p1a: Chili|[from] ability: Imposter
|turn|20
|
|t:|1760440427
|move|p2a: ._.|Volt Switch|p1a: Chili
|-damage|p1a: Chili|41/100
|
|t:|1760440430
|switch|p2a: Hoopa|Hoopa-Unbound|100/100|[from] Volt Switch
|move|p1a: Chili|Boomburst|p2a: Hoopa
|-damage|p2a: Hoopa|0 fnt
|faint|p2a: Hoopa
|
|upkeep
|
|t:|1760440443
|switch|p2a: ._.|Ditto|50/100
|-transform|p2a: ._.|p1a: Chili|[from] ability: Imposter
|turn|21
|
|t:|1760440458
|move|p2a: ._.|Overdrive|p1a: Chili
|-damage|p1a: Chili|1/100
|move|p1a: Chili|Boomburst|p2a: ._.
|-damage|p2a: ._.|0 fnt
|faint|p2a: ._.
|
|win|seethemalldie
|raw|seethemalldie's rating: 1251 &rarr; <strong>1278</strong><br />(+27 for winning)
|raw|NoFishNoLife's rating: 1281 &rarr; <strong>1254</strong><br />(-27 for losing)
|l|☆NoFishNoLife
|player|p2|
|l|☆seethemalldie
|player|p1|
