|j|☆AEFAA2
|j|☆oscar19trib
|t:|1760315632
|gametype|singles
|player|p1|AEFAA2|scientist-gen4dp|1249
|player|p2|oscar19trib|steven|1195
|gen|9
|tier|[Gen 9] OU
|rated|
|rule|HP Percentage Mod: HP is shown in percentages
|rule|Endless Battle Clause: Forcing endless battles is banned
|rule|Species Clause: Limit one of each Pokémon
|rule|OHKO Clause: OHKO moves are banned
|rule|Evasion Items Clause: Evasion items are banned
|rule|Evasion Moves Clause: Evasion moves are banned
|rule|Evasion Abilities Clause: Evasion abilities are banned
|rule|Sleep Moves Clause: Sleep-inducing moves are banned
|clearpoke
|poke|p1|Torkoal, M|
|poke|p1|Goodra-Hisui, M|
|poke|p1|Great Tusk|
|poke|p1|Scovillain, M|
|poke|p1|Ninetales, F|
|poke|p1|Walking Wake|
|poke|p2|Kingambit, M|
|poke|p2|Deoxys-Speed|
|poke|p2|Great Tusk|
|poke|p2|Dragonite, M|
|poke|p2|Iron Moth|
|poke|p2|Primarina, F|
|teampreview
|
|t:|1760315637
|teamsize|p1|6
|teamsize|p2|6
|start
|switch|p1a: Torkoal|Torkoal, M|100/100
|switch|p2a: Moebius|Deoxys-Speed|100/100
|-ability|p2a: Moebius|Pressure
|-weather|SunnyDay|[from] ability: Drought|[of] p1a: Torkoal
|turn|1
|inactive|Battle timer is ON: inactive players will automatically lose when time's up. (requested by AEFAA2)
|
|t:|1760315648
|switch|p1a: Goodra|Goodra-Hisui, M|100/100
|move|p2a: Moebius|Shadow Ball|p1a: Goodra
|-damage|p1a: Goodra|89/100
|-damage|p2a: Moebius|91/100|[from] item: Life Orb
|
|-weather|SunnyDay|[upkeep]
|upkeep
|turn|2
|
|t:|1760315660
|move|p2a: Moebius|Focus Blast|p1a: Goodra
|-supereffective|p1a: Goodra
|-damage|p1a: Goodra|54/100
|-damage|p2a: Moebius|81/100|[from] item: Life Orb
|move|p1a: Goodra|Knock Off|p2a: Moebius
|-supereffective|p2a: Moebius
|-damage|p2a: Moebius|9/100
|-enditem|p2a: Moebius|Life Orb|[from] move: Knock Off|[of] p1a: Goodra
|
|-weather|SunnyDay|[upkeep]
|upkeep
|turn|3
|
|t:|1760315674
|move|p2a: Moebius|Focus Blast|p1a: Goodra|[miss]
|-miss|p2a: Moebius|p1a: Goodra
|move|p1a: Goodra|Flash Cannon|p2a: Moebius
|-damage|p2a: Moebius|0 fnt
|faint|p2a: Moebius
|
|-weather|SunnyDay|[upkeep]
|upkeep
|
|t:|1760315678
|switch|p2a: Anomаly|Iron Moth|100/100
|-item|p2a: Anomаly|Air Balloon
|turn|4
|
|t:|1760315688
|move|p2a: Anomаly|Fiery Dance|p1a: Goodra
|-damage|p1a: Goodra|32/100
|-boost|p2a: Anomаly|spa|1
|move|p1a: Goodra|Knock Off|p2a: Anomаly
|-damage|p2a: Anomаly|66/100
|-enditem|p2a: Anomаly|Air Balloon
|
|-weather|SunnyDay|[upkeep]
|upkeep
|turn|5
|
|t:|1760315698
|move|p2a: Anomаly|Fiery Dance|p1a: Goodra
|-damage|p1a: Goodra|0 fnt
|faint|p1a: Goodra
|
|-weather|SunnyDay|[upkeep]
|upkeep
|
|t:|1760315704
|switch|p1a: Walking Wake|Walking Wake|100/100
|-activate|p1a: Walking Wake|ability: Protosynthesis
|-start|p1a: Walking Wake|protosynthesisspe
|turn|6
|
|t:|1760315719
|-end|p2a: Anomаly|Quark Drive|[silent]
|switch|p2a: Siren|Primarina, F|100/100
|move|p1a: Walking Wake|Hydro Steam|p2a: Siren
|-resisted|p2a: Siren
|-damage|p2a: Siren|70/100
|
|-weather|SunnyDay|[upkeep]
|upkeep
|turn|7
|
|t:|1760315733
|-end|p1a: Walking Wake|Protosynthesis|[silent]
|switch|p1a: Scovillain|Scovillain, M|100/100
|move|p2a: Siren|Moonblast|p1a: Scovillain
|-resisted|p1a: Scovillain
|-damage|p1a: Scovillain|56/100
|-unboost|p1a: Scovillain|spa|1
|
|-weather|SunnyDay|[upkeep]
|upkeep
|turn|8
|
|t:|1760315748
|move|p1a: Scovillain|Giga Drain|p2a: Siren
|-supereffective|p2a: Siren
|-damage|p2a: Siren|29/100
|-heal|p1a: Scovillain|80/100|[from] drain|[of] p2a: Siren
|move|p2a: Siren|Moonblast|p1a: Scovillain
|-resisted|p1a: Scovillain
|-crit|p1a: Scovillain
|-damage|p1a: Scovillain|12/100
|
|-weather|none
|upkeep
|turn|9
|
|t:|1760315765
|switch|p1a: Ninetales|Ninetales, F|100/100
|-weather|SunnyDay|[from] ability: Drought|[of] p1a: Ninetales
|-terastallize|p2a: Siren|Poison
|move|p2a: Siren|Surf|p1a: Ninetales
|-supereffective|p1a: Ninetales
|-damage|p1a: Ninetales|4/100
|
|-weather|SunnyDay|[upkeep]
|upkeep
|turn|10
|
|t:|1760315776
|move|p1a: Ninetales|Healing Wish|p1a: Ninetales
|faint|p1a: Ninetales
|move|p2a: Siren|Surf|p1: Ninetales|[notarget]
|-fail|p2a: Siren
|
|-weather|SunnyDay|[upkeep]
|upkeep
|
|t:|1760315782
|switch|p1a: Scovillain|Scovillain, M|12/100
|-heal|p1a: Scovillain|100/100|[from] move: Healing Wish
|turn|11
|
|t:|1760315791
|move|p1a: Scovillain|Flamethrower|p2a: Siren
|-damage|p2a: Siren|0 fnt
|faint|p2a: Siren
|
|-weather|SunnyDay|[upkeep]
|upkeep
|
|t:|1760315804
|switch|p2a: Anomаly|Iron Moth|66/100
|turn|12
|
|t:|1760315810
|-terastallize|p1a: Scovillain|Fire
|move|p1a: Scovillain|Flamethrower|p2a: Anomаly
|-resisted|p2a: Anomаly
|-damage|p2a: Anomаly|0 fnt
|faint|p2a: Anomаly
|-end|p2a: Anomаly|Quark Drive|[silent]
|
|-weather|SunnyDay|[upkeep]
|upkeep
|
|t:|1760315816
|switch|p2a: Anomaly|Great Tusk|100/100
|-activate|p2a: Anomaly|ability: Protosynthesis
|-start|p2a: Anomaly|protosynthesisatk
|turn|13
|
|t:|1760315827
|move|p1a: Scovillain|Flamethrower|p2a: Anomaly
|-damage|p2a: Anomaly|0 fnt
|faint|p2a: Anomaly
|-end|p2a: Anomaly|Protosynthesis|[silent]
|
|-weather|none
|upkeep
|
|t:|1760315832
|switch|p2a: Yoshi|Dragonite, M, shiny|100/100
|turn|14
|
|t:|1760315837
|move|p2a: Yoshi|Outrage|p1a: Scovillain
|-damage|p1a: Scovillain|0 fnt
|faint|p1a: Scovillain
|
|upkeep
|
|t:|1760315850
|switch|p1a: Torkoal|Torkoal, M|100/100
|-weather|SunnyDay|[from] ability: Drought|[of] p1a: Torkoal
|turn|15
|
|t:|1760315856
|move|p2a: Yoshi|Outrage|p1a: Torkoal|[from] lockedmove
|-damage|p1a: Torkoal|37/100
|-start|p2a: Yoshi|confusion|[fatigue]
|move|p1a: Torkoal|Overheat|p2a: Yoshi
|-resisted|p2a: Yoshi
|-damage|p2a: Yoshi|86/100
|-unboost|p1a: Torkoal|spa|2
|
|-weather|SunnyDay|[upkeep]
|upkeep
|turn|16
|
|t:|1760315867
|-activate|p2a: Yoshi|confusion
|-damage|p2a: Yoshi|67/100|[from] confusion
|move|p1a: Torkoal|Body Press|p2a: Yoshi
|-resisted|p2a: Yoshi
|-damage|p2a: Yoshi|50/100
|
|-weather|SunnyDay|[upkeep]
|upkeep
|turn|17
|
|t:|1760315874
|-activate|p2a: Yoshi|confusion
|move|p2a: Yoshi|Outrage|p1a: Torkoal
|-damage|p1a: Torkoal|0 fnt
|faint|p1a: Torkoal
|
|-weather|SunnyDay|[upkeep]
|upkeep
|
|t:|1760315882
|switch|p1a: Walking Wake|Walking Wake|100/100
|-activate|p1a: Walking Wake|ability: Protosynthesis
|-start|p1a: Walking Wake|protosynthesisspe
|turn|18
|
|t:|1760315888
|move|p1a: Walking Wake|Dragon Pulse|p2a: Yoshi
|-supereffective|p2a: Yoshi
|-damage|p2a: Yoshi|0 fnt
|faint|p2a: Yoshi
|
|-weather|SunnyDay|[upkeep]
|upkeep
|
|t:|1760315891
|switch|p2a: Meruem|Kingambit, M|100/100
|-activate|p2a: Meruem|ability: Supreme Overlord
|-start|p2a: Meruem|fallen5|[silent]
|turn|19
|
|t:|1760315904
|-end|p1a: Walking Wake|Protosynthesis|[silent]
|switch|p1a: Great Tusk|Great Tusk|100/100
|-activate|p1a: Great Tusk|ability: Protosynthesis
|-start|p1a: Great Tusk|protosynthesisatk
|move|p2a: Meruem|Swords Dance|p2a: Meruem
|-boost|p2a: Meruem|atk|2
|
|-weather|SunnyDay|[upkeep]
|upkeep
|turn|20
|
|t:|1760315913
|move|p2a: Meruem|Sucker Punch|p1a: Great Tusk
|-resisted|p1a: Great Tusk
|-damage|p1a: Great Tusk|53/100
|move|p1a: Great Tusk|Headlong Rush|p2a: Meruem
|-supereffective|p2a: Meruem
|-damage|p2a: Meruem|0 fnt
|-unboost|p1a: Great Tusk|def|1
|-unboost|p1a: Great Tusk|spd|1
|faint|p2a: Meruem
|-end|p2a: Meruem|fallen5|[silent]
|
|win|AEFAA2
|raw|AEFAA2's rating: 1249 &rarr; <strong>1270</strong><br />(+21 for winning)
|raw|oscar19trib's rating: 1195 &rarr; <strong>1174</strong><br />(-21 for losing)
|l|☆oscar19trib
|player|p2|
