|j|☆enormouschilli
|j|☆Jhinou
|t:|1760392576
|gametype|singles
|player|p1|enormouschilli|1|1370
|player|p2|Jhinou|1|1347
|gen|9
|tier|[Gen 9] OU
|rated|
|rule|HP Percentage Mod: HP is shown in percentages
|rule|Endless Battle Clause: Forcing endless battles is banned
|rule|Species Clause: Limit one of each Pokémon
|rule|OHKO Clause: OHKO moves are banned
|rule|Evasion Items Clause: Evasion items are banned
|rule|Evasion Moves Clause: Evasion moves are banned
|rule|Evasion Abilities Clause: Evasion abilities are banned
|rule|Sleep Moves Clause: Sleep-inducing moves are banned
|clearpoke
|poke|p1|Iron Moth|
|poke|p1|Kingambit, F|
|poke|p1|Deoxys-Speed|
|poke|p1|Raging Bolt|
|poke|p1|Rillaboom, M|
|poke|p1|Eiscue, F|
|poke|p2|Iron Crown|
|poke|p2|Samurott-Hisui, M|
|poke|p2|Zapdos|
|poke|p2|Dragapult, M|
|poke|p2|Great Tusk|
|poke|p2|Iron Boulder|
|teampreview
|
|t:|1760392580
|teamsize|p1|6
|teamsize|p2|6
|start
|switch|p1a: Rillaboom|Rillaboom, M|100/100
|switch|p2a: Zapdos|Zapdos|100/100
|-fieldstart|move: Grassy Terrain|[from] ability: Grassy Surge|[of] p1a: Rillaboom
|turn|1
|
|t:|1760392586
|switch|p1a: Raging Bolt|Raging Bolt|100/100
|-enditem|p1a: Raging Bolt|Booster Energy
|-activate|p1a: Raging Bolt|ability: Protosynthesis|[fromitem]
|-start|p1a: Raging Bolt|protosynthesisspa
|move|p2a: Zapdos|U-turn|p1a: Raging Bolt
|-damage|p1a: Raging Bolt|87/100
|
|t:|1760392594
|switch|p2a: Great Tusk|Great Tusk|100/100|[from] U-turn
|
|-heal|p1a: Raging Bolt|94/100|[from] Grassy Terrain
|upkeep
|turn|2
|
|t:|1760392601
|-terastallize|p1a: Raging Bolt|Fairy
|move|p2a: Great Tusk|Stealth Rock|p1a: Raging Bolt
|-sidestart|p1: enormouschilli|move: Stealth Rock
|move|p1a: Raging Bolt|Dragon Pulse|p2a: Great Tusk
|-damage|p2a: Great Tusk|8/100
|
|-heal|p2a: Great Tusk|14/100|[from] Grassy Terrain
|-heal|p1a: Raging Bolt|99/100|[from] Grassy Terrain
|upkeep
|turn|3
|
|t:|1760392616
|move|p2a: Great Tusk|Headlong Rush|p1a: Raging Bolt
|-damage|p1a: Raging Bolt|43/100
|-unboost|p2a: Great Tusk|def|1
|-unboost|p2a: Great Tusk|spd|1
|move|p1a: Raging Bolt|Dragon Pulse|p2a: Great Tusk
|-damage|p2a: Great Tusk|0 fnt
|faint|p2a: Great Tusk
|-end|p2a: Great Tusk|Protosynthesis|[silent]
|
|-heal|p1a: Raging Bolt|50/100|[from] Grassy Terrain
|upkeep
|
|t:|1760392631
|switch|p2a: Iron Crown|Iron Crown|100/100
|turn|4
|
|t:|1760392638
|move|p1a: Raging Bolt|Thunderclap|p2a: Iron Crown
|-damage|p2a: Iron Crown|50/100
|move|p2a: Iron Crown|Tachyon Cutter|p1a: Raging Bolt
|-supereffective|p1a: Raging Bolt
|-crit|p1a: Raging Bolt
|-damage|p1a: Raging Bolt|0 fnt
|faint|p1a: Raging Bolt
|-end|p1a: Raging Bolt|Protosynthesis|[silent]
|-hitcount|p1: Raging Bolt|1
|
|-heal|p2a: Iron Crown|56/100|[from] Grassy Terrain
|upkeep
|
|t:|1760392642
|switch|p1a: Anomаly|Iron Moth|100/100
|-damage|p1a: Anomаly|76/100|[from] Stealth Rock
|-enditem|p1a: Anomаly|Booster Energy
|-activate|p1a: Anomаly|ability: Quark Drive|[fromitem]
|-start|p1a: Anomаly|quarkdrivespe
|turn|5
|
|t:|1760392651
|-end|p2a: Iron Crown|Quark Drive|[silent]
|switch|p2a: Samurott|Samurott-Hisui, M|100/100
|move|p1a: Anomаly|Fiery Dance|p2a: Samurott
|-resisted|p2a: Samurott
|-damage|p2a: Samurott|71/100
|-boost|p1a: Anomаly|spa|1
|
|-heal|p1a: Anomаly|82/100|[from] Grassy Terrain
|-heal|p2a: Samurott|77/100|[from] Grassy Terrain
|upkeep
|turn|6
|
|t:|1760392658
|move|p1a: Anomаly|Energy Ball|p2a: Samurott
|-supereffective|p2a: Samurott
|-damage|p2a: Samurott|0 fnt
|faint|p2a: Samurott
|
|-heal|p1a: Anomаly|88/100|[from] Grassy Terrain
|upkeep
|
|t:|1760392664
|switch|p2a: Iron Boulder|Iron Boulder|100/100
|-enditem|p2a: Iron Boulder|Booster Energy
|-activate|p2a: Iron Boulder|ability: Quark Drive|[fromitem]
|-start|p2a: Iron Boulder|quarkdrivespe
|turn|7
|
|t:|1760392670
|move|p2a: Iron Boulder|Swords Dance|p2a: Iron Boulder
|-boost|p2a: Iron Boulder|atk|2
|move|p1a: Anomаly|Energy Ball|p2a: Iron Boulder
|-supereffective|p2a: Iron Boulder
|-damage|p2a: Iron Boulder|0 fnt
|faint|p2a: Iron Boulder
|-end|p2a: Iron Boulder|Quark Drive|[silent]
|
|-heal|p1a: Anomаly|94/100|[from] Grassy Terrain
|upkeep
|
|t:|1760392678
|switch|p2a: Dragapult|Dragapult, M|100/100
|turn|8
|
|t:|1760392681
|move|p1a: Anomаly|Sludge Wave|p2a: Dragapult
|-resisted|p2a: Dragapult
|-damage|p2a: Dragapult|53/100
|move|p2a: Dragapult|Dragon Darts|p1a: Anomаly
|-damage|p1a: Anomаly|38/100
|-anim|p2a: Dragapult|Dragon Darts|p1a: Anomаly
|-damage|p1a: Anomаly|0 fnt
|faint|p1a: Anomаly
|-end|p1a: Anomаly|Quark Drive|[silent]
|
|-heal|p2a: Dragapult|59/100|[from] Grassy Terrain
|-fieldend|move: Grassy Terrain
|upkeep
|
|t:|1760392689
|switch|p1a: Deoxys|Deoxys-Speed|100/100
|-damage|p1a: Deoxys|88/100|[from] Stealth Rock
|-ability|p1a: Deoxys|Pressure
|turn|9
|
|t:|1760392696
|switch|p2a: Iron Crown|Iron Crown|56/100
|move|p1a: Deoxys|Shadow Ball|p2a: Iron Crown
|-supereffective|p2a: Iron Crown
|-crit|p2a: Iron Crown
|-damage|p2a: Iron Crown|0 fnt
|faint|p2a: Iron Crown
|-end|p2a: Iron Crown|Quark Drive|[silent]
|-damage|p1a: Deoxys|78/100|[from] item: Life Orb
|
|upkeep
|
|t:|1760392700
|switch|p2a: Dragapult|Dragapult, M|59/100
|turn|10
|inactive|Battle timer is ON: inactive players will automatically lose when time's up. (requested by Jhinou)
|
|t:|1760392717
|move|p2a: Dragapult|Sucker Punch|p1a: Deoxys
|-supereffective|p1a: Deoxys
|-damage|p1a: Deoxys|0 fnt
|faint|p1a: Deoxys
|
|upkeep
|
|t:|1760392720
|switch|p1a: Eiscue|Eiscue, F|100/100
|-damage|p1a: Eiscue|76/100|[from] Stealth Rock
|turn|11
|
|t:|1760392725
|switch|p2a: Zapdos|Zapdos|100/100
|move|p1a: Eiscue|Belly Drum|p1a: Eiscue
|-damage|p1a: Eiscue|26/100
|-setboost|p1a: Eiscue|atk|6|[from] move: Belly Drum
|
|upkeep
|turn|12
|
|t:|1760392735
|move|p2a: Zapdos|Discharge|p1a: Eiscue
|-damage|p1a: Eiscue|0 fnt
|faint|p1a: Eiscue
|
|upkeep
|
|t:|1760392740
|switch|p1a: thanos|Kingambit, F|100/100
|-damage|p1a: thanos|94/100|[from] Stealth Rock
|-activate|p1a: thanos|ability: Supreme Overlord
|-start|p1a: thanos|fallen4|[silent]
|turn|13
|
|t:|1760392748
|move|p2a: Zapdos|Discharge|p1a: thanos
|-damage|p1a: thanos|64/100
|move|p1a: thanos|Kowtow Cleave|p2a: Zapdos
|-damage|p2a: Zapdos|46/100
|
|-heal|p1a: thanos|70/100|[from] item: Leftovers
|upkeep
|turn|14
|
|t:|1760392753
|move|p2a: Zapdos|Roost|p2a: Zapdos
|-heal|p2a: Zapdos|97/100
|-singleturn|p2a: Zapdos|move: Roost
|move|p1a: thanos|Kowtow Cleave|p2a: Zapdos
|-damage|p2a: Zapdos|50/100
|
|-heal|p1a: thanos|77/100|[from] item: Leftovers
|upkeep
|turn|15
|
|t:|1760392759
|move|p2a: Zapdos|Roost|p2a: Zapdos
|-heal|p2a: Zapdos|99/100
|-singleturn|p2a: Zapdos|move: Roost
|move|p1a: thanos|Swords Dance|p1a: thanos
|-boost|p1a: thanos|atk|2
|
|-heal|p1a: thanos|83/100|[from] item: Leftovers
|upkeep
|turn|16
|
|t:|1760392784
|move|p1a: thanos|Sucker Punch|p2a: Zapdos
|-damage|p2a: Zapdos|21/100
|-status|p1a: thanos|par|[from] ability: Static|[of] p2a: Zapdos
|move|p2a: Zapdos|Discharge|p1a: thanos
|-damage|p1a: thanos|49/100 par
|
|-heal|p1a: thanos|55/100 par|[from] item: Leftovers
|upkeep
|turn|17
|
|t:|1760392791
|switch|p2a: Dragapult|Dragapult, M|59/100
|move|p1a: thanos|Kowtow Cleave|p2a: Dragapult
|-supereffective|p2a: Dragapult
|-damage|p2a: Dragapult|0 fnt
|faint|p2a: Dragapult
|
|-heal|p1a: thanos|61/100 par|[from] item: Leftovers
|upkeep
|
|t:|1760392796
|switch|p2a: Zapdos|Zapdos|21/100
|turn|18
|
|t:|1760392800
|move|p2a: Zapdos|Roost|p2a: Zapdos
|-heal|p2a: Zapdos|71/100
|-singleturn|p2a: Zapdos|move: Roost
|move|p1a: thanos|Kowtow Cleave|p2a: Zapdos
|-damage|p2a: Zapdos|0 fnt
|faint|p2a: Zapdos
|
|win|enormouschilli
|raw|enormouschilli's rating: 1370 &rarr; <strong>1389</strong><br />(+19 for winning)
|raw|Jhinou's rating: 1347 &rarr; <strong>1328</strong><br />(-19 for losing)
|l|☆Jhinou
|player|p2|
|l|☆enormouschilli
|player|p1|
