|badge|p1|bronze|gen9randombattle|100-7
|uhtml|medal-msg|<div class="broadcast-blue">Curious what those medals under the avatar are? PS now has Ladder Seasons! For more information, check out the <a href="https://www.smogon.com/forums/threads/3740067/">thread on Smogon.</a></div>
|badge|p2|bronze|gen9ou|100-7
|uhtml|medal-msg|<div class="broadcast-blue">Curious what those medals under the avatar are? PS now has Ladder Seasons! For more information, check out the <a href="https://www.smogon.com/forums/threads/3740067/">thread on Smogon.</a></div>
|j|☆SpongeGar & Patar
|j|☆Trainer #39
|t:|1760359135
|gametype|singles
|player|p1|SpongeGar & Patar|266|1805
|player|p2|Trainer #39|bugsy|1925
|gen|9
|tier|[Gen 9] OU
|rated|
|rule|HP Percentage Mod: HP is shown in percentages
|rule|Endless Battle Clause: Forcing endless battles is banned
|rule|Species Clause: Limit one of each Pokémon
|rule|OHKO Clause: OHKO moves are banned
|rule|Evasion Items Clause: Evasion items are banned
|rule|Evasion Moves Clause: Evasion moves are banned
|rule|Evasion Abilities Clause: Evasion abilities are banned
|rule|Sleep Moves Clause: Sleep-inducing moves are banned
|clearpoke
|poke|p1|Kyurem|
|poke|p1|Corviknight, M|
|poke|p1|Ting-Lu|
|poke|p1|Dondozo, F|
|poke|p1|Slowking-Galar, L99, F|
|poke|p1|Cinderace, F|
|poke|p2|Blissey, F|
|poke|p2|Corviknight, M|
|poke|p2|Dondozo, M|
|poke|p2|Gliscor, M|
|poke|p2|Clefable, M|
|poke|p2|Slowking-Galar, M|
|teampreview
|inactive|Battle timer is ON: inactive players will automatically lose when time's up. (requested by Trainer #39)
|inactive|SpongeGar & Patar has 120 seconds left.
|
|t:|1760359185
|teamsize|p1|6
|teamsize|p2|6
|start
|switch|p1a: Kyurem|Kyurem|100/100
|switch|p2a: 🇮🇱=stop genocide|Gliscor, M|100/100
|-ability|p1a: Kyurem|Pressure
|turn|1
|inactive|SpongeGar & Patar also wants the timer to be on.
|j| Scoob252525
|inactive|SpongeGar & Patar has 120 seconds left.
|
|t:|1760359234
|move|p2a: 🇮🇱=stop genocide|Protect|p2a: 🇮🇱=stop genocide
|-singleturn|p2a: 🇮🇱=stop genocide|Protect
|move|p1a: Kyurem|Freeze-Dry|p2a: 🇮🇱=stop genocide
|-activate|p2a: 🇮🇱=stop genocide|move: Protect
|
|-status|p2a: 🇮🇱=stop genocide|tox|[from] item: Toxic Orb
|upkeep
|turn|2
|inactive|SpongeGar & Patar has 90 seconds left.
|
|t:|1760359282
|switch|p2a: brat|Blissey, F|100/100
|move|p1a: Kyurem|Freeze-Dry|p2a: brat
|-damage|p2a: brat|89/100
|
|upkeep
|turn|3
|inactive|SpongeGar & Patar has 60 seconds left.
|j| unlah the swah
|l| unlah the swah
|inactive|SpongeGar & Patar has 30 seconds left.
|
|t:|1760359333
|switch|p1a: Dondozo|Dondozo, F|100/100
|move|p2a: brat|Stealth Rock|p1a: Dondozo
|-sidestart|p1: SpongeGar & Patar|move: Stealth Rock
|
|upkeep
|turn|4
|
|t:|1760359359
|switch|p2a: Charli xcx|Clefable, M|100/100
|switch|p1a: Cinderace|Cinderace, F|100/100
|
|upkeep
|turn|5
|
|t:|1760359368
|move|p1a: Cinderace|Court Change|p1a: Cinderace
|-swapsideconditions
|-activate|p1a: Cinderace|move: Court Change
|move|p2a: Charli xcx|Knock Off|p1a: Cinderace
|-damage|p1a: Cinderace|80/100
|-enditem|p1a: Cinderace|Heavy-Duty Boots|[from] move: Knock Off|[of] p2a: Charli xcx
|
|upkeep
|turn|6
|
|t:|1760359380
|move|p2a: Charli xcx|Protect|p2a: Charli xcx
|-singleturn|p2a: Charli xcx|Protect
|move|p1a: Cinderace|Pyro Ball|p2a: Charli xcx
|-activate|p2a: Charli xcx|move: Protect
|
|upkeep
|turn|7
|
|t:|1760359389
|switch|p2a: 🇮🇱=stop genocide|Gliscor, M|100/100 tox
|-damage|p2a: 🇮🇱=stop genocide|88/100 tox|[from] Stealth Rock
|move|p1a: Cinderace|Pyro Ball|p2a: 🇮🇱=stop genocide
|-damage|p2a: 🇮🇱=stop genocide|58/100 tox
|
|-heal|p2a: 🇮🇱=stop genocide|71/100 tox|[from] ability: Poison Heal
|upkeep
|turn|8
|
|t:|1760359411
|move|p1a: Cinderace|U-turn|p2a: 🇮🇱=stop genocide
|-resisted|p2a: 🇮🇱=stop genocide
|-damage|p2a: 🇮🇱=stop genocide|65/100 tox
|
|t:|1760359421
|switch|p1a: Kyurem|Kyurem|100/100|[from] U-turn
|-ability|p1a: Kyurem|Pressure
|move|p2a: 🇮🇱=stop genocide|Earthquake|p1a: Kyurem
|-damage|p1a: Kyurem|74/100
|
|-heal|p1a: Kyurem|80/100|[from] item: Leftovers
|-heal|p2a: 🇮🇱=stop genocide|78/100 tox|[from] ability: Poison Heal
|upkeep
|turn|9
|
|t:|1760359430
|switch|p1a: Dondozo|Dondozo, F|100/100
|move|p2a: 🇮🇱=stop genocide|Protect||[still]
|-fail|p2a: 🇮🇱=stop genocide
|
|-heal|p2a: 🇮🇱=stop genocide|90/100 tox|[from] ability: Poison Heal
|upkeep
|turn|10
|
|t:|1760359440
|move|p2a: 🇮🇱=stop genocide|Toxic|p1a: Dondozo
|-status|p1a: Dondozo|tox
|move|p1a: Dondozo|Curse|p1a: Dondozo
|-unboost|p1a: Dondozo|spe|1
|-boost|p1a: Dondozo|atk|1
|-boost|p1a: Dondozo|def|1
|
|-heal|p2a: 🇮🇱=stop genocide|100/100 tox|[from] ability: Poison Heal
|-damage|p1a: Dondozo|94/100 tox|[from] psn
|upkeep
|turn|11
|inactive|SpongeGar & Patar has 60 seconds left.
|
|t:|1760359449
|switch|p2a: Charli xcx|Clefable, M|100/100
|move|p1a: Dondozo|Waterfall|p2a: Charli xcx
|-damage|p2a: Charli xcx|72/100
|
|-heal|p1a: Dondozo|100/100 tox|[from] item: Leftovers
|-damage|p1a: Dondozo|88/100 tox|[from] psn
|upkeep
|turn|12
|inactive|SpongeGar & Patar has 60 seconds left.
|
|t:|1760359460
|move|p2a: Charli xcx|Knock Off|p1a: Dondozo
|-damage|p1a: Dondozo|81/100 tox
|-enditem|p1a: Dondozo|Leftovers|[from] move: Knock Off|[of] p2a: Charli xcx
|move|p1a: Dondozo|Rest|p1a: Dondozo
|-status|p1a: Dondozo|slp|[from] move: Rest
|-heal|p1a: Dondozo|100/100 slp|[silent]
|
|upkeep
|turn|13
|
|t:|1760359470
|switch|p1a: Cinderace|Cinderace, F|80/100
|move|p2a: Charli xcx|Knock Off|p1a: Cinderace
|-damage|p1a: Cinderace|66/100
|
|upkeep
|turn|14
|
|t:|1760359480
|move|p2a: Charli xcx|Protect|p2a: Charli xcx
|-singleturn|p2a: Charli xcx|Protect
|move|p1a: Cinderace|Pyro Ball|p2a: Charli xcx
|-activate|p2a: Charli xcx|move: Protect
|
|upkeep
|turn|15
|
|t:|1760359489
|switch|p2a: 🇮🇱=stop genocide|Gliscor, M|100/100 tox
|-damage|p2a: 🇮🇱=stop genocide|88/100 tox|[from] Stealth Rock
|move|p1a: Cinderace|Pyro Ball|p2a: 🇮🇱=stop genocide
|-damage|p2a: 🇮🇱=stop genocide|57/100 tox
|
|-heal|p2a: 🇮🇱=stop genocide|69/100 tox|[from] ability: Poison Heal
|upkeep
|turn|16
|
|t:|1760359499
|move|p1a: Cinderace|U-turn|p2a: 🇮🇱=stop genocide
|-resisted|p2a: 🇮🇱=stop genocide
|-damage|p2a: 🇮🇱=stop genocide|63/100 tox
|j| wgw2333
|
|t:|1760359508
|switch|p1a: Kyurem|Kyurem|80/100|[from] U-turn
|-ability|p1a: Kyurem|Pressure
|move|p2a: 🇮🇱=stop genocide|Toxic|p1a: Kyurem|[miss]
|-miss|p2a: 🇮🇱=stop genocide|p1a: Kyurem
|
|-heal|p1a: Kyurem|86/100|[from] item: Leftovers
|-heal|p2a: 🇮🇱=stop genocide|76/100 tox|[from] ability: Poison Heal
|upkeep
|turn|17
|
|t:|1760359518
|switch|p1a: Cinderace|Cinderace, F|66/100
|move|p2a: 🇮🇱=stop genocide|Protect||[still]
|-fail|p2a: 🇮🇱=stop genocide
|
|-heal|p2a: 🇮🇱=stop genocide|88/100 tox|[from] ability: Poison Heal
|upkeep
|turn|18
|inactive|SpongeGar & Patar has 90 seconds left.
|
|t:|1760359527
|move|p1a: Cinderace|U-turn|p2a: 🇮🇱=stop genocide
|-resisted|p2a: 🇮🇱=stop genocide
|-damage|p2a: 🇮🇱=stop genocide|82/100 tox
|inactive|SpongeGar & Patar has 90 seconds left.
|
|t:|1760359537
|switch|p1a: Corviknight|Corviknight, M|100/100|[from] U-turn
|-ability|p1a: Corviknight|Pressure
|move|p2a: 🇮🇱=stop genocide|Toxic|p1a: Corviknight
|-immune|p1a: Corviknight
|
|-heal|p2a: 🇮🇱=stop genocide|94/100 tox|[from] ability: Poison Heal
|upkeep
|turn|19
|
|t:|1760359546
|switch|p2a: LeJ/ovni/la lettre|Slowking-Galar, M|100/100
|-damage|p2a: LeJ/ovni/la lettre|88/100|[from] Stealth Rock
|switch|p1a: Kyurem|Kyurem|86/100
|-ability|p1a: Kyurem|Pressure
|
|-heal|p1a: Kyurem|92/100|[from] item: Leftovers
|upkeep
|turn|20
|inactive|SpongeGar & Patar has 90 seconds left.
|inactive|SpongeGar & Patar has 60 seconds left.
|
|t:|1760359595
|switch|p1a: Cinderace|Cinderace, F|66/100
|switch|p2a: brat|Blissey, F|89/100
|
|upkeep
|turn|21
|inactive|SpongeGar & Patar has 60 seconds left.
|j| Partynparadise
|inactive|SpongeGar & Patar has 30 seconds left.
|
|t:|1760359643
|switch|p2a: 🇮🇱=stop genocide|Gliscor, M|94/100 tox
|-damage|p2a: 🇮🇱=stop genocide|82/100 tox|[from] Stealth Rock
|move|p1a: Cinderace|Pyro Ball|p2a: 🇮🇱=stop genocide
|-damage|p2a: 🇮🇱=stop genocide|54/100 tox
|
|-heal|p2a: 🇮🇱=stop genocide|66/100 tox|[from] ability: Poison Heal
|upkeep
|turn|22
|inactive|SpongeGar & Patar has 30 seconds left.
|
|t:|1760359653
|move|p1a: Cinderace|U-turn|p2a: 🇮🇱=stop genocide
|-resisted|p2a: 🇮🇱=stop genocide
|-damage|p2a: 🇮🇱=stop genocide|60/100 tox
|inactive|SpongeGar & Patar has 30 seconds left.
|
|t:|1760359663
|switch|p1a: Corviknight|Corviknight, M|100/100|[from] U-turn
|-ability|p1a: Corviknight|Pressure
|move|p2a: 🇮🇱=stop genocide|Toxic|p1a: Corviknight
|-immune|p1a: Corviknight
|
|-heal|p2a: 🇮🇱=stop genocide|73/100 tox|[from] ability: Poison Heal
|upkeep
|turn|23
|
|t:|1760359672
|switch|p1a: Kyurem|Kyurem|92/100
|-ability|p1a: Kyurem|Pressure
|move|p2a: 🇮🇱=stop genocide|Protect||[still]
|-fail|p2a: 🇮🇱=stop genocide
|
|-heal|p1a: Kyurem|98/100|[from] item: Leftovers
|-heal|p2a: 🇮🇱=stop genocide|85/100 tox|[from] ability: Poison Heal
|upkeep
|turn|24
|
|t:|1760359681
|switch|p1a: Cinderace|Cinderace, F|66/100
|switch|p2a: brat|Blissey, F|89/100
|
|upkeep
|turn|25
|
|t:|1760359691
|switch|p2a: 🇮🇱=stop genocide|Gliscor, M|85/100 tox
|-damage|p2a: 🇮🇱=stop genocide|73/100 tox|[from] Stealth Rock
|move|p1a: Cinderace|Pyro Ball|p2a: 🇮🇱=stop genocide
|-damage|p2a: 🇮🇱=stop genocide|41/100 tox
|
|-heal|p2a: 🇮🇱=stop genocide|54/100 tox|[from] ability: Poison Heal
|upkeep
|turn|26
|
|t:|1760359700
|move|p1a: Cinderace|U-turn|p2a: 🇮🇱=stop genocide
|-resisted|p2a: 🇮🇱=stop genocide
|-damage|p2a: 🇮🇱=stop genocide|47/100 tox
|
|t:|1760359710
|switch|p1a: Kyurem|Kyurem|98/100|[from] U-turn
|-ability|p1a: Kyurem|Pressure
|move|p2a: 🇮🇱=stop genocide|Toxic|p1a: Kyurem
|-status|p1a: Kyurem|tox
|
|-heal|p1a: Kyurem|100/100 tox|[from] item: Leftovers
|-damage|p1a: Kyurem|94/100 tox|[from] psn
|-heal|p2a: 🇮🇱=stop genocide|60/100 tox|[from] ability: Poison Heal
|upkeep
|turn|27
|
|t:|1760359719
|move|p2a: 🇮🇱=stop genocide|Protect|p2a: 🇮🇱=stop genocide
|-singleturn|p2a: 🇮🇱=stop genocide|Protect
|move|p1a: Kyurem|Freeze-Dry|p2a: 🇮🇱=stop genocide
|-activate|p2a: 🇮🇱=stop genocide|move: Protect
|
|-heal|p1a: Kyurem|100/100 tox|[from] item: Leftovers
|-damage|p1a: Kyurem|88/100 tox|[from] psn
|-heal|p2a: 🇮🇱=stop genocide|72/100 tox|[from] ability: Poison Heal
|upkeep
|turn|28
|inactive|SpongeGar & Patar has 60 seconds left.
|
|t:|1760359729
|switch|p1a: Cinderace|Cinderace, F|66/100
|switch|p2a: brat|Blissey, F|89/100
|
|upkeep
|turn|29
|
|t:|1760359738
|switch|p2a: 🇮🇱=stop genocide|Gliscor, M|72/100 tox
|-damage|p2a: 🇮🇱=stop genocide|60/100 tox|[from] Stealth Rock
|move|p1a: Cinderace|Pyro Ball|p2a: 🇮🇱=stop genocide
|-damage|p2a: 🇮🇱=stop genocide|29/100 tox
|
|-heal|p2a: 🇮🇱=stop genocide|42/100 tox|[from] ability: Poison Heal
|upkeep
|turn|30
|
|t:|1760359748
|move|p2a: 🇮🇱=stop genocide|Protect|p2a: 🇮🇱=stop genocide
|-singleturn|p2a: 🇮🇱=stop genocide|Protect
|move|p1a: Cinderace|U-turn|p2a: 🇮🇱=stop genocide
|-activate|p2a: 🇮🇱=stop genocide|move: Protect
|
|-heal|p2a: 🇮🇱=stop genocide|54/100 tox|[from] ability: Poison Heal
|upkeep
|turn|31
|
|t:|1760359757
|move|p1a: Cinderace|U-turn|p2a: 🇮🇱=stop genocide
|-resisted|p2a: 🇮🇱=stop genocide
|-damage|p2a: 🇮🇱=stop genocide|49/100 tox
|
|t:|1760359766
|switch|p1a: Corviknight|Corviknight, M|100/100|[from] U-turn
|-ability|p1a: Corviknight|Pressure
|move|p2a: 🇮🇱=stop genocide|Earthquake|p1a: Corviknight
|-immune|p1a: Corviknight
|
|-heal|p2a: 🇮🇱=stop genocide|61/100 tox|[from] ability: Poison Heal
|upkeep
|turn|32
|
|t:|1760359776
|move|p2a: 🇮🇱=stop genocide|Protect|p2a: 🇮🇱=stop genocide
|-singleturn|p2a: 🇮🇱=stop genocide|Protect
|move|p1a: Corviknight|Brave Bird|p2a: 🇮🇱=stop genocide
|-activate|p2a: 🇮🇱=stop genocide|move: Protect
|
|-heal|p2a: 🇮🇱=stop genocide|74/100 tox|[from] ability: Poison Heal
|upkeep
|turn|33
|
|t:|1760359786
|switch|p2a: LeJ/ovni/la lettre|Slowking-Galar, M|100/100
|-damage|p2a: LeJ/ovni/la lettre|88/100|[from] Stealth Rock
|move|p1a: Corviknight|Brave Bird|p2a: LeJ/ovni/la lettre
|-damage|p2a: LeJ/ovni/la lettre|41/100
|-damage|p1a: Corviknight|87/100|[from] Recoil
|
|upkeep
|turn|34
|inactive|SpongeGar & Patar has 90 seconds left.
|inactive|SpongeGar & Patar has 60 seconds left.
|
|t:|1760359838
|switch|p2a: Charlie Kirk: idc|Corviknight, M|100/100
|-damage|p2a: Charlie Kirk: idc|88/100|[from] Stealth Rock
|-ability|p2a: Charlie Kirk: idc|Pressure
|move|p1a: Corviknight|U-turn|p2a: Charlie Kirk: idc
|-resisted|p2a: Charlie Kirk: idc
|-damage|p2a: Charlie Kirk: idc|86/100
|-damage|p1a: Corviknight|70/100|[from] item: Rocky Helmet|[of] p2a: Charlie Kirk: idc
|inactive|SpongeGar & Patar has 30 seconds left.
|inactive|SpongeGar & Patar has 20 seconds left.
|inactive|SpongeGar & Patar has 15 seconds left.
|inactive|SpongeGar & Patar has 10 seconds left.
|inactive|SpongeGar & Patar has 5 seconds left.
|-message|SpongeGar & Patar lost due to inactivity.
|
|win|Trainer #39
|raw|SpongeGar &amp; Patar's rating: 1805 &rarr; <strong>1792</strong><br />(-13 for losing)
|raw|Trainer #39's rating: 1925 &rarr; <strong>1938</strong><br />(+13 for winning)
|l|☆SpongeGar & Patar
|player|p1|
|l|☆Trainer #39
|player|p2|
|l| Partynparadise
