|j|☆NormalDude1989
|j|☆roommate108
|t:|1760460670
|gametype|singles
|player|p1|NormalDude1989|emmet|1679
|player|p2|roommate108|2|1581
|gen|9
|tier|[Gen 9] OU
|rated|
|rule|HP Percentage Mod: HP is shown in percentages
|rule|Endless Battle Clause: Forcing endless battles is banned
|rule|Species Clause: Limit one of each Pokémon
|rule|OHKO Clause: OHKO moves are banned
|rule|Evasion Items Clause: Evasion items are banned
|rule|Evasion Moves Clause: Evasion moves are banned
|rule|Evasion Abilities Clause: Evasion abilities are banned
|rule|Sleep Moves Clause: Sleep-inducing moves are banned
|clearpoke
|poke|p1|Kingambit, M|
|poke|p1|Iron Crown|
|poke|p1|Cinderace, M|
|poke|p1|Great Tusk|
|poke|p1|Latios, M|
|poke|p1|Zapdos|
|poke|p2|Torkoal, M|
|poke|p2|Raging Bolt|
|poke|p2|Walking Wake|
|poke|p2|Hatterene, F|
|poke|p2|Charizard, F|
|poke|p2|Leavanny, M|
|teampreview
|inactive|Battle timer is ON: inactive players will automatically lose when time's up. (requested by roommate108)
|
|t:|1760460685
|teamsize|p1|6
|teamsize|p2|6
|start
|switch|p1a: Azure|Latios, M|100/100
|switch|p2a: Torkoal|Torkoal, M|100/100
|-weather|SunnyDay|[from] ability: Drought|[of] p2a: Torkoal
|turn|1
|
|t:|1760460705
|switch|p2a: Hatterene|Hatterene, F|100/100
|move|p1a: Azure|Trick|p2a: Hatterene
|-activate|p1a: Azure|move: Trick|[of] p2a: Hatterene
|-item|p2a: Hatterene|Choice Scarf|[from] move: Trick
|-item|p1a: Azure|Eject Button|[from] move: Trick
|
|-weather|SunnyDay|[upkeep]
|upkeep
|turn|2
|
|t:|1760460724
|switch|p1a: Ptolemy|Iron Crown|100/100
|move|p2a: Hatterene|Nuzzle|p1a: Ptolemy
|-damage|p1a: Ptolemy|96/100
|-status|p1a: Ptolemy|par
|
|-weather|SunnyDay|[upkeep]
|upkeep
|turn|3
|
|t:|1760460728
|switch|p2a: Charizard|Charizard, F|100/100
|move|p1a: Ptolemy|Future Sight|p2a: Charizard
|-start|p1a: Ptolemy|move: Future Sight
|
|-weather|SunnyDay|[upkeep]
|-damage|p2a: Charizard|88/100|[from] ability: Solar Power|[of] p2a: Charizard
|upkeep
|turn|4
|
|t:|1760460737
|move|p2a: Charizard|Weather Ball|p1a: Ptolemy
|-supereffective|p1a: Ptolemy
|-damage|p1a: Ptolemy|0 fnt
|faint|p1a: Ptolemy
|-end|p1a: Ptolemy|Quark Drive|[silent]
|
|-weather|SunnyDay|[upkeep]
|-damage|p2a: Charizard|76/100|[from] ability: Solar Power|[of] p2a: Charizard
|upkeep
|
|t:|1760460747
|switch|p1a: Bionic Bunny|Cinderace, M|100/100
|turn|5
|
|t:|1760460771
|switch|p2a: Hatterene|Hatterene, F|100/100
|move|p1a: Bionic Bunny|Gunk Shot|p2a: Hatterene
|-start|p1a: Bionic Bunny|typechange|Poison|[from] ability: Libero
|-supereffective|p2a: Hatterene
|-damage|p2a: Hatterene|4/100
|
|-weather|SunnyDay|[upkeep]
|-end|p2a: Hatterene|move: Future Sight
|-resisted|p2a: Hatterene
|-damage|p2a: Hatterene|0 fnt
|faint|p2a: Hatterene
|upkeep
|
|t:|1760460778
|switch|p2a: Walking Wake|Walking Wake|100/100
|-activate|p2a: Walking Wake|ability: Protosynthesis
|-start|p2a: Walking Wake|protosynthesisspe
|turn|6
|
|t:|1760460788
|switch|p1a: Azure|Latios, M|100/100
|-terastallize|p2a: Walking Wake|Water
|move|p2a: Walking Wake|Hydro Steam|p1a: Azure
|-resisted|p1a: Azure
|-damage|p1a: Azure|34/100
|-enditem|p1a: Azure|Eject Button
|
|t:|1760460798
|switch|p1a: Muramasa|Kingambit, M|100/100
|-activate|p1a: Muramasa|ability: Supreme Overlord
|-start|p1a: Muramasa|fallen1|[silent]
|
|-weather|SunnyDay|[upkeep]
|upkeep
|turn|7
|
|t:|1760460805
|-terastallize|p1a: Muramasa|Water
|move|p2a: Walking Wake|Hydro Steam|p1a: Muramasa
|-resisted|p1a: Muramasa
|-damage|p1a: Muramasa|42/100
|move|p1a: Muramasa|Kowtow Cleave|p2a: Walking Wake
|-damage|p2a: Walking Wake|43/100
|
|-weather|SunnyDay|[upkeep]
|-heal|p1a: Muramasa|48/100|[from] item: Leftovers
|upkeep
|turn|8
|
|t:|1760460821
|move|p1a: Muramasa|Sucker Punch|p2a: Walking Wake
|-damage|p2a: Walking Wake|0 fnt
|faint|p2a: Walking Wake
|-end|p2a: Walking Wake|Protosynthesis|[silent]
|
|-weather|none
|-heal|p1a: Muramasa|54/100|[from] item: Leftovers
|upkeep
|
|t:|1760460823
|switch|p2a: Raging Bolt|Raging Bolt|100/100
|turn|9
|
|t:|1760460827
|-end|p1a: Muramasa|fallen1|[silent]
|switch|p1a: Azure|Latios, M|34/100
|move|p2a: Raging Bolt|Draco Meteor|p1a: Azure
|-supereffective|p1a: Azure
|-damage|p1a: Azure|0 fnt
|-unboost|p2a: Raging Bolt|spa|2
|faint|p1a: Azure
|-damage|p2a: Raging Bolt|91/100|[from] item: Life Orb
|
|upkeep
|
|t:|1760460837
|switch|p1a: Bionic Bunny|Cinderace, M|100/100
|turn|10
|
|t:|1760460842
|switch|p1a: Morpho|Zapdos|100/100
|-end|p2a: Raging Bolt|Protosynthesis|[silent]
|switch|p2a: Torkoal|Torkoal, M|100/100
|-weather|SunnyDay|[from] ability: Drought|[of] p2a: Torkoal
|
|-weather|SunnyDay|[upkeep]
|upkeep
|turn|11
|
|t:|1760460847
|switch|p2a: Raging Bolt|Raging Bolt|91/100
|-activate|p2a: Raging Bolt|ability: Protosynthesis
|-start|p2a: Raging Bolt|protosynthesisspa
|move|p1a: Morpho|Volt Switch|p2a: Raging Bolt
|-resisted|p2a: Raging Bolt
|-damage|p2a: Raging Bolt|84/100
|
|t:|1760460854
|switch|p1a: Ivan|Great Tusk|100/100|[from] Volt Switch
|-activate|p1a: Ivan|ability: Protosynthesis
|-start|p1a: Ivan|protosynthesisatk
|
|-weather|SunnyDay|[upkeep]
|upkeep
|turn|12
|
|t:|1760460856
|-end|p2a: Raging Bolt|Protosynthesis|[silent]
|switch|p2a: Charizard|Charizard, F|76/100
|move|p1a: Ivan|Headlong Rush|p2a: Charizard
|-immune|p2a: Charizard
|
|-weather|SunnyDay|[upkeep]
|-damage|p2a: Charizard|63/100|[from] ability: Solar Power|[of] p2a: Charizard
|upkeep
|turn|13
|
|t:|1760460875
|-end|p1a: Ivan|Protosynthesis|[silent]
|switch|p1a: Muramasa|Kingambit, M, tera:Water|54/100
|-activate|p1a: Muramasa|ability: Supreme Overlord
|-start|p1a: Muramasa|fallen2|[silent]
|move|p2a: Charizard|Weather Ball|p1a: Muramasa
|-resisted|p1a: Muramasa
|-damage|p1a: Muramasa|0 fnt
|faint|p1a: Muramasa
|-end|p1a: Muramasa|fallen2|[silent]
|
|-weather|SunnyDay|[upkeep]
|-damage|p2a: Charizard|51/100|[from] ability: Solar Power|[of] p2a: Charizard
|upkeep
|
|t:|1760460877
|switch|p1a: Bionic Bunny|Cinderace, M|100/100
|turn|14
|
|t:|1760460885
|move|p1a: Bionic Bunny|Pyro Ball|p2a: Charizard
|-resisted|p2a: Charizard
|-crit|p2a: Charizard
|-damage|p2a: Charizard|0 fnt
|faint|p2a: Charizard
|
|-weather|SunnyDay|[upkeep]
|upkeep
|
|t:|1760460888
|switch|p2a: Raging Bolt|Raging Bolt|84/100
|-activate|p2a: Raging Bolt|ability: Protosynthesis
|-start|p2a: Raging Bolt|protosynthesisspa
|turn|15
|
|t:|1760460897
|move|p1a: Bionic Bunny|Sucker Punch|p2a: Raging Bolt
|-start|p1a: Bionic Bunny|typechange|Dark|[from] ability: Libero
|-damage|p2a: Raging Bolt|50/100
|move|p2a: Raging Bolt|Draco Meteor|p1a: Bionic Bunny
|-damage|p1a: Bionic Bunny|0 fnt
|-unboost|p2a: Raging Bolt|spa|2
|faint|p1a: Bionic Bunny
|-damage|p2a: Raging Bolt|40/100|[from] item: Life Orb
|
|-weather|SunnyDay|[upkeep]
|upkeep
|
|t:|1760460905
|switch|p1a: Ivan|Great Tusk|100/100
|-activate|p1a: Ivan|ability: Protosynthesis
|-start|p1a: Ivan|protosynthesisatk
|turn|16
|
|t:|1760460910
|-end|p2a: Raging Bolt|Protosynthesis|[silent]
|switch|p2a: Leavanny|Leavanny, M|100/100
|move|p1a: Ivan|Temper Flare|p2a: Leavanny
|-supereffective|p2a: Leavanny
|-enditem|p2a: Leavanny|Focus Sash
|-damage|p2a: Leavanny|1/100
|
|-weather|SunnyDay|[upkeep]
|upkeep
|turn|17
|
|t:|1760460917
|-end|p1a: Ivan|Protosynthesis|[silent]
|switch|p1a: Morpho|Zapdos|100/100
|move|p2a: Leavanny|Sticky Web|p1a: Morpho
|-sidestart|p1: NormalDude1989|move: Sticky Web
|
|-weather|none
|upkeep
|turn|18
|
|t:|1760460925
|move|p2a: Leavanny|Knock Off|p1a: Morpho
|-damage|p1a: Morpho|78/100
|-damage|p2a: Leavanny|0 fnt|[from] item: Rocky Helmet|[of] p1a: Morpho
|faint|p2a: Leavanny
|move|p1a: Morpho|Volt Switch|p2: Leavanny|[notarget]
|-fail|p1a: Morpho
|
|upkeep
|
|t:|1760460929
|switch|p2a: Torkoal|Torkoal, M|100/100
|-weather|SunnyDay|[from] ability: Drought|[of] p2a: Torkoal
|turn|19
|
|t:|1760460931
|move|p1a: Morpho|Discharge|p2a: Torkoal
|-damage|p2a: Torkoal|53/100
|-status|p2a: Torkoal|par
|move|p2a: Torkoal|Weather Ball|p1a: Morpho
|-damage|p1a: Morpho|30/100
|
|-weather|SunnyDay|[upkeep]
|upkeep
|turn|20
|
|t:|1760460939
|switch|p2a: Raging Bolt|Raging Bolt|40/100
|-activate|p2a: Raging Bolt|ability: Protosynthesis
|-start|p2a: Raging Bolt|protosynthesisspa
|move|p1a: Morpho|Roost|p1a: Morpho
|-heal|p1a: Morpho|80/100
|-singleturn|p1a: Morpho|move: Roost
|
|-weather|SunnyDay|[upkeep]
|upkeep
|turn|21
|
|t:|1760460943
|move|p2a: Raging Bolt|Thunderbolt|p1a: Morpho
|-damage|p1a: Morpho|0 fnt
|faint|p1a: Morpho
|-damage|p2a: Raging Bolt|30/100|[from] item: Life Orb
|
|-weather|SunnyDay|[upkeep]
|upkeep
|
|t:|1760460946
|switch|p1a: Ivan|Great Tusk|100/100
|-activate|p1a: Ivan|move: Sticky Web
|-unboost|p1a: Ivan|spe|1
|-activate|p1a: Ivan|ability: Protosynthesis
|-start|p1a: Ivan|protosynthesisatk
|turn|22
|
|t:|1760460952
|move|p2a: Raging Bolt|Draco Meteor|p1a: Ivan
|-damage|p1a: Ivan|0 fnt
|-unboost|p2a: Raging Bolt|spa|2
|faint|p1a: Ivan
|-end|p1a: Ivan|Protosynthesis|[silent]
|-damage|p2a: Raging Bolt|20/100|[from] item: Life Orb
|
|win|roommate108
|raw|NormalDude1989's rating: 1679 &rarr; <strong>1654</strong><br />(-25 for losing)
|raw|roommate108's rating: 1581 &rarr; <strong>1606</strong><br />(+25 for winning)
|c|☆NormalDude1989|bg
|l|☆NormalDude1989
|player|p1|
|l|☆roommate108
|player|p2|
