|j|☆AStupidAsian
|j|☆Kaleor
|t:|1760447619
|gametype|singles
|player|p1|AStupidAsian|sordward|1582
|player|p2|Kaleor|swimmer-gen4dp|1642
|gen|9
|tier|[Gen 9] OU
|rated|
|rule|HP Percentage Mod: HP is shown in percentages
|rule|Endless Battle Clause: Forcing endless battles is banned
|rule|Species Clause: Limit one of each Pokémon
|rule|OHKO Clause: OHKO moves are banned
|rule|Evasion Items Clause: Evasion items are banned
|rule|Evasion Moves Clause: Evasion moves are banned
|rule|Evasion Abilities Clause: Evasion abilities are banned
|rule|Sleep Moves Clause: Sleep-inducing moves are banned
|clearpoke
|poke|p1|Gliscor, M|
|poke|p1|Blissey, F|
|poke|p1|Toxapex, M|
|poke|p1|Dondozo, M|
|poke|p1|Corviknight, M|
|poke|p1|Weezing-Galar, F|
|poke|p2|Alomomola, F|
|poke|p2|Great Tusk|
|poke|p2|Slowking-Galar, F|
|poke|p2|Crawdaunt, F|
|poke|p2|Dragapult, M|
|poke|p2|Corviknight, F|
|teampreview
|inactive|Battle timer is ON: inactive players will automatically lose when time's up. (requested by Kaleor)
|
|t:|1760447635
|teamsize|p1|6
|teamsize|p2|6
|start
|switch|p1a: Gliscor|Gliscor, M|100/100
|switch|p2a: Alomomola|Alomomola, F|100/100
|turn|1
|
|t:|1760447642
|move|p1a: Gliscor|Swords Dance|p1a: Gliscor
|-boost|p1a: Gliscor|atk|2
|move|p2a: Alomomola|Scald|p1a: Gliscor
|-supereffective|p1a: Gliscor
|-damage|p1a: Gliscor|78/100
|
|-status|p1a: Gliscor|tox|[from] item: Toxic Orb
|upkeep
|turn|2
|
|t:|1760447648
|switch|p2a: Corviknight|Corviknight, F|100/100
|-ability|p2a: Corviknight|Pressure
|move|p1a: Gliscor|Swords Dance|p1a: Gliscor
|-boost|p1a: Gliscor|atk|2
|
|-heal|p1a: Gliscor|91/100 tox|[from] ability: Poison Heal
|upkeep
|turn|3
|
|t:|1760447652
|-terastallize|p1a: Gliscor|Electric
|move|p1a: Gliscor|Tera Blast|p2a: Corviknight|[anim] Tera Blast Electric
|-supereffective|p2a: Corviknight
|-crit|p2a: Corviknight
|-damage|p2a: Corviknight|0 fnt
|faint|p2a: Corviknight
|
|-heal|p1a: Gliscor|100/100 tox|[from] ability: Poison Heal
|upkeep
|
|t:|1760447662
|switch|p2a: Great Tusk|Great Tusk|100/100
|turn|4
|
|t:|1760447666
|switch|p1a: Corviknight|Corviknight, M|100/100
|-ability|p1a: Corviknight|Pressure
|move|p2a: Great Tusk|Headlong Rush|p1a: Corviknight
|-immune|p1a: Corviknight
|
|upkeep
|turn|5
|
|t:|1760447673
|move|p2a: Great Tusk|Stealth Rock|p1a: Corviknight
|-sidestart|p1: AStupidAsian|move: Stealth Rock
|move|p1a: Corviknight|Iron Defense|p1a: Corviknight
|-boost|p1a: Corviknight|def|2
|
|upkeep
|turn|6
|
|t:|1760447677
|-end|p2a: Great Tusk|Protosynthesis|[silent]
|switch|p2a: Dragapult|Dragapult, M|100/100
|move|p1a: Corviknight|Drill Peck|p2a: Dragapult
|-crit|p2a: Dragapult
|-damage|p2a: Dragapult|52/100
|
|upkeep
|turn|7
|
|t:|1760447680
|switch|p1a: Blissey|Blissey, F, shiny|100/100
|move|p2a: Dragapult|U-turn|p1a: Blissey
|-damage|p1a: Blissey|82/100
|
|t:|1760447682
|switch|p2a: Crawdaunt|Crawdaunt, F|100/100|[from] U-turn
|
|upkeep
|turn|8
|
|t:|1760447694
|switch|p1a: Toxapex|Toxapex, M|100/100
|move|p2a: Crawdaunt|Knock Off|p1a: Toxapex
|-damage|p1a: Toxapex|15/100
|-enditem|p1a: Toxapex|Heavy-Duty Boots|[from] move: Knock Off|[of] p2a: Crawdaunt
|
|upkeep
|turn|9
|
|t:|1760447699
|move|p2a: Crawdaunt|Knock Off|p1a: Toxapex
|-damage|p1a: Toxapex|0 fnt
|faint|p1a: Toxapex
|
|upkeep
|
|t:|1760447708
|switch|p1a: Corviknight|Corviknight, M|100/100
|-damage|p1a: Corviknight|88/100|[from] Stealth Rock
|-ability|p1a: Corviknight|Pressure
|turn|10
|
|t:|1760447715
|switch|p2a: Dragapult|Dragapult, M|52/100
|move|p1a: Corviknight|Drill Peck|p2a: Dragapult
|-damage|p2a: Dragapult|18/100
|
|upkeep
|turn|11
|
|t:|1760447722
|switch|p1a: Blissey|Blissey, F, shiny|82/100
|move|p2a: Dragapult|U-turn|p1a: Blissey
|-damage|p1a: Blissey|65/100
|
|t:|1760447724
|switch|p2a: Crawdaunt|Crawdaunt, F|100/100|[from] U-turn
|
|upkeep
|turn|12
|
|t:|1760447734
|switch|p1a: Gliscor|Gliscor, M, tera:Electric|100/100 tox
|-damage|p1a: Gliscor|88/100 tox|[from] Stealth Rock
|move|p2a: Crawdaunt|Knock Off|p1a: Gliscor
|-damage|p1a: Gliscor|3/100 tox
|-enditem|p1a: Gliscor|Toxic Orb|[from] move: Knock Off|[of] p2a: Crawdaunt
|
|-heal|p1a: Gliscor|16/100 tox|[from] ability: Poison Heal
|upkeep
|turn|13
|
|t:|1760447738
|switch|p2a: Great Tusk|Great Tusk|100/100
|move|p1a: Gliscor|Protect||[still]
|-fail|p1a: Gliscor
|
|-heal|p1a: Gliscor|28/100 tox|[from] ability: Poison Heal
|upkeep
|turn|14
|
|t:|1760447747
|-end|p2a: Great Tusk|Protosynthesis|[silent]
|switch|p2a: Alomomola|Alomomola, F|100/100
|move|p1a: Gliscor|Protect||[still]
|-fail|p1a: Gliscor
|
|-heal|p1a: Gliscor|41/100 tox|[from] ability: Poison Heal
|upkeep
|turn|15
|
|t:|1760447751
|switch|p2a: Great Tusk|Great Tusk|100/100
|move|p1a: Gliscor|Protect||[still]
|-fail|p1a: Gliscor
|
|-heal|p1a: Gliscor|53/100 tox|[from] ability: Poison Heal
|upkeep
|turn|16
|
|t:|1760447753
|move|p1a: Gliscor|Protect|p1a: Gliscor
|-singleturn|p1a: Gliscor|Protect
|move|p2a: Great Tusk|Headlong Rush|p1a: Gliscor
|-activate|p1a: Gliscor|move: Protect
|
|-heal|p1a: Gliscor|66/100 tox|[from] ability: Poison Heal
|upkeep
|turn|17
|
|t:|1760447758
|switch|p1a: Corviknight|Corviknight, M|88/100
|-damage|p1a: Corviknight|76/100|[from] Stealth Rock
|-ability|p1a: Corviknight|Pressure
|move|p2a: Great Tusk|Headlong Rush|p1a: Corviknight
|-immune|p1a: Corviknight
|
|upkeep
|turn|18
|
|t:|1760447768
|-end|p2a: Great Tusk|Protosynthesis|[silent]
|switch|p2a: Alomomola|Alomomola, F|100/100
|move|p1a: Corviknight|Drill Peck|p2a: Alomomola
|-damage|p2a: Alomomola|85/100
|
|upkeep
|turn|19
|
|t:|1760447773
|move|p1a: Corviknight|Iron Defense|p1a: Corviknight
|-boost|p1a: Corviknight|def|2
|move|p2a: Alomomola|Scald|p1a: Corviknight
|-crit|p1a: Corviknight
|-damage|p1a: Corviknight|56/100
|-status|p1a: Corviknight|brn
|
|-damage|p1a: Corviknight|50/100 brn|[from] brn
|upkeep
|turn|20
|
|t:|1760447776
|move|p1a: Corviknight|Roost|p1a: Corviknight
|-heal|p1a: Corviknight|99/100 brn
|-singleturn|p1a: Corviknight|move: Roost
|move|p2a: Alomomola|Flip Turn|p1a: Corviknight
|-damage|p1a: Corviknight|95/100 brn
|-damage|p2a: Alomomola|69/100|[from] item: Rocky Helmet|[of] p1a: Corviknight
|
|t:|1760447782
|switch|p2a: Dragapult|Dragapult, M|18/100|[from] Flip Turn
|
|-damage|p1a: Corviknight|89/100 brn|[from] brn
|upkeep
|turn|21
|
|t:|1760447785
|move|p2a: Dragapult|Flamethrower|p1a: Corviknight
|-supereffective|p1a: Corviknight
|-damage|p1a: Corviknight|9/100 brn
|move|p1a: Corviknight|Drill Peck|p2a: Dragapult
|-damage|p2a: Dragapult|1/100
|
|-damage|p1a: Corviknight|3/100 brn|[from] brn
|upkeep
|turn|22
|
|t:|1760447789
|move|p2a: Dragapult|Flamethrower|p1a: Corviknight
|-supereffective|p1a: Corviknight
|-damage|p1a: Corviknight|0 fnt
|faint|p1a: Corviknight
|
|upkeep
|
|t:|1760447792
|switch|p1a: Blissey|Blissey, F, shiny|65/100
|turn|23
|
|t:|1760447801
|switch|p2a: Crawdaunt|Crawdaunt, F|100/100
|move|p1a: Blissey|Stealth Rock|p2a: Crawdaunt
|-sidestart|p2: Kaleor|move: Stealth Rock
|
|upkeep
|turn|24
|
|t:|1760447811
|move|p2a: Crawdaunt|Knock Off|p1a: Blissey
|-damage|p1a: Blissey|0 fnt
|-enditem|p1a: Blissey|Heavy-Duty Boots|[from] move: Knock Off|[of] p2a: Crawdaunt
|faint|p1a: Blissey
|
|upkeep
|
|t:|1760447813
|switch|p1a: Dondozo|Dondozo, M|100/100
|-damage|p1a: Dondozo|88/100|[from] Stealth Rock
|turn|25
|
|t:|1760447815
|move|p2a: Crawdaunt|Knock Off|p1a: Dondozo
|-damage|p1a: Dondozo|44/100
|-enditem|p1a: Dondozo|Leftovers|[from] move: Knock Off|[of] p2a: Crawdaunt
|move|p1a: Dondozo|Curse|p1a: Dondozo
|-unboost|p1a: Dondozo|spe|1
|-boost|p1a: Dondozo|atk|1
|-boost|p1a: Dondozo|def|1
|
|upkeep
|turn|26
|
|t:|1760447822
|switch|p2a: Great Tusk|Great Tusk|100/100
|move|p1a: Dondozo|Rest|p1a: Dondozo
|-status|p1a: Dondozo|slp|[from] move: Rest
|-heal|p1a: Dondozo|100/100 slp|[silent]
|
|upkeep
|turn|27
|
|t:|1760447826
|move|p2a: Great Tusk|Rapid Spin|p1a: Dondozo
|-damage|p1a: Dondozo|95/100 slp
|-boost|p2a: Great Tusk|spe|1
|-sideend|p2: Kaleor|Stealth Rock|[from] move: Rapid Spin|[of] p2a: Great Tusk
|cant|p1a: Dondozo|slp
|
|upkeep
|turn|28
|
|t:|1760447829
|-end|p2a: Great Tusk|Protosynthesis|[silent]
|switch|p2a: Slowking|Slowking-Galar, F|100/100
|cant|p1a: Dondozo|slp
|move|p1a: Dondozo|Sleep Talk|p1a: Dondozo
|move|p1a: Dondozo|Waterfall|p2a: Slowking|[from] move: Sleep Talk
|-damage|p2a: Slowking|61/100
|
|upkeep
|turn|29
|
|t:|1760447836
|-curestatus|p1a: Dondozo|slp|[msg]
|move|p1a: Dondozo|Waterfall|p2a: Slowking
|-damage|p2a: Slowking|22/100
|move|p2a: Slowking|Future Sight|p1a: Dondozo
|-start|p2a: Slowking|move: Future Sight
|
|upkeep
|turn|30
|
|t:|1760447852
|move|p1a: Dondozo|Waterfall|p2a: Slowking
|-damage|p2a: Slowking|0 fnt
|faint|p2a: Slowking
|
|upkeep
|
|t:|1760447856
|switch|p2a: Dragapult|Dragapult, M|1/100
|turn|31
|
|t:|1760447863
|switch|p1a: Weezing|Weezing-Galar, F|100/100
|-ability|p1a: Weezing|Neutralizing Gas
|move|p2a: Dragapult|Draco Meteor|p1a: Weezing
|-immune|p1a: Weezing
|
|-end|p1a: Weezing|move: Future Sight
|-supereffective|p1a: Weezing
|-damage|p1a: Weezing|0 fnt
|faint|p1a: Weezing
|-end|p1a: Weezing|ability: Neutralizing Gas
|upkeep
|
|t:|1760447868
|switch|p1a: Gliscor|Gliscor, M, tera:Electric|66/100 tox
|-damage|p1a: Gliscor|53/100 tox|[from] Stealth Rock
|turn|32
|
|t:|1760447871
|move|p1a: Gliscor|Protect|p1a: Gliscor
|-singleturn|p1a: Gliscor|Protect
|move|p2a: Dragapult|Draco Meteor|p1a: Gliscor
|-activate|p1a: Gliscor|move: Protect
|
|-heal|p1a: Gliscor|66/100 tox|[from] ability: Poison Heal
|upkeep
|turn|33
|
|t:|1760447874
|move|p2a: Dragapult|Draco Meteor|p1a: Gliscor|[miss]
|-miss|p2a: Dragapult|p1a: Gliscor
|move|p1a: Gliscor|Earthquake|p2a: Dragapult
|-damage|p2a: Dragapult|0 fnt
|faint|p2a: Dragapult
|
|-heal|p1a: Gliscor|78/100 tox|[from] ability: Poison Heal
|upkeep
|c|☆Kaleor|Kek
|
|t:|1760447882
|switch|p2a: Great Tusk|Great Tusk|100/100
|turn|34
|
|t:|1760447886
|switch|p1a: Dondozo|Dondozo, M|95/100
|-damage|p1a: Dondozo|82/100|[from] Stealth Rock
|move|p2a: Great Tusk|Headlong Rush|p1a: Dondozo
|-crit|p1a: Dondozo
|-damage|p1a: Dondozo|43/100
|-unboost|p2a: Great Tusk|def|1
|-unboost|p2a: Great Tusk|spd|1
|
|upkeep
|turn|35
|
|t:|1760447892
|-end|p2a: Great Tusk|Protosynthesis|[silent]
|switch|p2a: Crawdaunt|Crawdaunt, F|100/100
|move|p1a: Dondozo|Curse|p1a: Dondozo
|-unboost|p1a: Dondozo|spe|1
|-boost|p1a: Dondozo|atk|1
|-boost|p1a: Dondozo|def|1
|
|upkeep
|turn|36
|
|t:|1760447898
|move|p2a: Crawdaunt|Close Combat|p1a: Dondozo
|-damage|p1a: Dondozo|24/100
|-unboost|p2a: Crawdaunt|def|1
|-unboost|p2a: Crawdaunt|spd|1
|move|p1a: Dondozo|Rest|p1a: Dondozo
|-status|p1a: Dondozo|slp|[from] move: Rest
|-heal|p1a: Dondozo|100/100 slp|[silent]
|
|upkeep
|turn|37
|
|t:|1760447904
|switch|p2a: Alomomola|Alomomola, F|100/100
|cant|p1a: Dondozo|slp
|move|p1a: Dondozo|Sleep Talk|p1a: Dondozo
|move|p1a: Dondozo|Rest||[from] move: Sleep Talk|[still]
|-fail|p1a: Dondozo
|
|upkeep
|turn|38
|
|t:|1760447914
|move|p2a: Alomomola|Scald|p1a: Dondozo
|-resisted|p1a: Dondozo
|-crit|p1a: Dondozo
|-damage|p1a: Dondozo|92/100 slp
|cant|p1a: Dondozo|slp
|move|p1a: Dondozo|Sleep Talk|p1a: Dondozo
|move|p1a: Dondozo|Waterfall|p2a: Alomomola|[from] move: Sleep Talk
|-resisted|p2a: Alomomola
|-damage|p2a: Alomomola|87/100
|
|upkeep
|turn|39
|
|t:|1760447917
|move|p2a: Alomomola|Scald|p1a: Dondozo
|-resisted|p1a: Dondozo
|-damage|p1a: Dondozo|85/100 slp
|-curestatus|p1a: Dondozo|slp|[msg]
|move|p1a: Dondozo|Curse|p1a: Dondozo
|-unboost|p1a: Dondozo|spe|1
|-boost|p1a: Dondozo|atk|1
|-boost|p1a: Dondozo|def|1
|
|upkeep
|turn|40
|
|t:|1760447921
|move|p2a: Alomomola|Scald|p1a: Dondozo
|-resisted|p1a: Dondozo
|-crit|p1a: Dondozo
|-damage|p1a: Dondozo|75/100
|move|p1a: Dondozo|Curse|p1a: Dondozo
|-unboost|p1a: Dondozo|spe|1
|-boost|p1a: Dondozo|atk|1
|-boost|p1a: Dondozo|def|1
|
|upkeep
|turn|41
|
|t:|1760447924
|move|p2a: Alomomola|Scald|p1a: Dondozo
|-resisted|p1a: Dondozo
|-damage|p1a: Dondozo|69/100
|-status|p1a: Dondozo|brn
|move|p1a: Dondozo|Curse|p1a: Dondozo
|-unboost|p1a: Dondozo|spe|1
|-boost|p1a: Dondozo|atk|1
|-boost|p1a: Dondozo|def|1
|
|-damage|p1a: Dondozo|62/100 brn|[from] brn
|upkeep
|turn|42
|
|t:|1760447930
|move|p2a: Alomomola|Flip Turn|p1a: Dondozo
|-resisted|p1a: Dondozo
|-damage|p1a: Dondozo|61/100 brn
|
|t:|1760447932
|switch|p2a: Crawdaunt|Crawdaunt, F|100/100|[from] Flip Turn
|move|p1a: Dondozo|Curse|p1a: Dondozo
|-unboost|p1a: Dondozo|spe|1
|-boost|p1a: Dondozo|atk|1
|-boost|p1a: Dondozo|def|1
|
|-damage|p1a: Dondozo|55/100 brn|[from] brn
|upkeep
|turn|43
|
|t:|1760447934
|switch|p2a: Alomomola|Alomomola, F|100/100
|move|p1a: Dondozo|Rest|p1a: Dondozo
|-status|p1a: Dondozo|slp|[from] move: Rest
|-heal|p1a: Dondozo|100/100 slp|[silent]
|
|upkeep
|turn|44
|
|t:|1760447937
|switch|p2a: Crawdaunt|Crawdaunt, F|100/100
|cant|p1a: Dondozo|slp
|move|p1a: Dondozo|Sleep Talk|p1a: Dondozo
|move|p1a: Dondozo|Curse|p1a: Dondozo|[from] move: Sleep Talk
|-unboost|p1a: Dondozo|spe|1
|-boost|p1a: Dondozo|atk|1
|-boost|p1a: Dondozo|def|1
|
|upkeep
|turn|45
|
|t:|1760447940
|switch|p2a: Alomomola|Alomomola, F|100/100
|cant|p1a: Dondozo|slp
|move|p1a: Dondozo|Sleep Talk|p1a: Dondozo
|move|p1a: Dondozo|Waterfall|p2a: Alomomola|[from] move: Sleep Talk
|-resisted|p2a: Alomomola
|-damage|p2a: Alomomola|64/100
|
|upkeep
|turn|46
|
|t:|1760447943
|move|p2a: Alomomola|Flip Turn|p1a: Dondozo
|-resisted|p1a: Dondozo
|-damage|p1a: Dondozo|99/100 slp
|
|t:|1760447945
|switch|p2a: Crawdaunt|Crawdaunt, F|100/100|[from] Flip Turn
|-curestatus|p1a: Dondozo|slp|[msg]
|move|p1a: Dondozo|Waterfall|p2a: Crawdaunt
|-resisted|p2a: Crawdaunt
|-damage|p2a: Crawdaunt|26/100
|
|upkeep
|turn|47
|
|t:|1760447947
|switch|p2a: Alomomola|Alomomola, F|97/100
|move|p1a: Dondozo|Waterfall|p2a: Alomomola
|-resisted|p2a: Alomomola
|-damage|p2a: Alomomola|60/100
|
|upkeep
|turn|48
|
|t:|1760447953
|move|p2a: Alomomola|Scald|p1a: Dondozo
|-resisted|p1a: Dondozo
|-damage|p1a: Dondozo|93/100
|move|p1a: Dondozo|Waterfall|p2a: Alomomola
|-resisted|p2a: Alomomola
|-damage|p2a: Alomomola|22/100
|
|upkeep
|turn|49
|
|t:|1760447956
|move|p2a: Alomomola|Flip Turn|p1a: Dondozo
|-resisted|p1a: Dondozo
|-damage|p1a: Dondozo|92/100
|
|t:|1760447958
|switch|p2a: Great Tusk|Great Tusk|100/100|[from] Flip Turn
|move|p1a: Dondozo|Waterfall|p2a: Great Tusk
|-supereffective|p2a: Great Tusk
|-damage|p2a: Great Tusk|0 fnt
|faint|p2a: Great Tusk
|-end|p2a: Great Tusk|Protosynthesis|[silent]
|
|upkeep
|
|t:|1760447960
|switch|p2a: Alomomola|Alomomola, F|55/100
|turn|50
|
|t:|1760447962
|move|p2a: Alomomola|Scald|p1a: Dondozo
|-resisted|p1a: Dondozo
|-damage|p1a: Dondozo|86/100
|move|p1a: Dondozo|Waterfall|p2a: Alomomola
|-resisted|p2a: Alomomola
|-damage|p2a: Alomomola|21/100
|
|upkeep
|turn|51
|
|t:|1760447965
|move|p2a: Alomomola|Flip Turn|p1a: Dondozo
|-resisted|p1a: Dondozo
|-damage|p1a: Dondozo|85/100
|
|t:|1760447967
|switch|p2a: Crawdaunt|Crawdaunt, F|26/100|[from] Flip Turn
|move|p1a: Dondozo|Waterfall|p2a: Crawdaunt
|-resisted|p2a: Crawdaunt
|-damage|p2a: Crawdaunt|0 fnt
|faint|p2a: Crawdaunt
|
|upkeep
|
|t:|1760447968
|switch|p2a: Alomomola|Alomomola, F|54/100
|turn|52
|
|t:|1760447970
|move|p2a: Alomomola|Scald|p1a: Dondozo
|-resisted|p1a: Dondozo
|-damage|p1a: Dondozo|78/100
|-status|p1a: Dondozo|brn
|move|p1a: Dondozo|Waterfall|p2a: Alomomola
|-resisted|p2a: Alomomola
|-damage|p2a: Alomomola|36/100
|
|-damage|p1a: Dondozo|72/100 brn|[from] brn
|upkeep
|turn|53
|
|t:|1760447974
|move|p2a: Alomomola|Scald|p1a: Dondozo
|-resisted|p1a: Dondozo
|-damage|p1a: Dondozo|66/100 brn
|move|p1a: Dondozo|Rest|p1a: Dondozo
|-status|p1a: Dondozo|slp|[from] move: Rest
|-heal|p1a: Dondozo|100/100 slp|[silent]
|
|upkeep
|turn|54
|-message|Kaleor forfeited.
|
|win|AStupidAsian
|raw|AStupidAsian's rating: 1582 &rarr; <strong>1605</strong><br />(+23 for winning)
|raw|Kaleor's rating: 1642 &rarr; <strong>1619</strong><br />(-23 for losing)
|l|☆Kaleor
|player|p2|
|c|☆AStupidAsian|GG
