|j|☆itachiisgoated69
|j|☆Heliolower
|t:|1760329913
|gametype|singles
|player|p1|itachiisgoated69|lance|1360
|player|p2|Heliolower|1|1285
|gen|9
|tier|[Gen 9] OU
|rated|
|rule|HP Percentage Mod: HP is shown in percentages
|rule|Endless Battle Clause: Forcing endless battles is banned
|rule|Species Clause: Limit one of each Pokémon
|rule|OHKO Clause: OHKO moves are banned
|rule|Evasion Items Clause: Evasion items are banned
|rule|Evasion Moves Clause: Evasion moves are banned
|rule|Evasion Abilities Clause: Evasion abilities are banned
|rule|Sleep Moves Clause: Sleep-inducing moves are banned
|clearpoke
|poke|p1|Ursaluna, M|
|poke|p1|Cresselia, F|
|poke|p1|Iron Valiant|
|poke|p1|Hatterene, F|
|poke|p1|Keldeo-Resolute|
|poke|p1|Ogerpon, F|
|poke|p2|Gliscor, M|
|poke|p2|Slowking, M|
|poke|p2|Dragapult, F|
|poke|p2|Ting-Lu|
|poke|p2|Lokix, F|
|poke|p2|Landorus-Therian, M|
|teampreview
|inactive|Battle timer is ON: inactive players will automatically lose when time's up. (requested by Heliolower)
|
|t:|1760329919
|teamsize|p1|6
|teamsize|p2|6
|start
|switch|p1a: Ogerpon|Ogerpon, F|100/100
|switch|p2a: Landorus|Landorus-Therian, M|100/100
|-ability|p2a: Landorus|Intimidate|boost
|-unboost|p1a: Ogerpon|atk|1
|-ability|p1a: Ogerpon|Defiant|boost
|-boost|p1a: Ogerpon|atk|2
|turn|1
|
|t:|1760329926
|move|p1a: Ogerpon|Ivy Cudgel|p2a: Landorus
|-crit|p2a: Landorus
|-damage|p2a: Landorus|0 fnt
|faint|p2a: Landorus
|
|upkeep
|
|t:|1760329931
|switch|p2a: Lokix|Lokix, F|100/100
|turn|2
|inactive|itachiisgoated69 has 120 seconds left.
|
|t:|1760329970
|switch|p1a: Iron Valiant|Iron Valiant|100/100
|-enditem|p1a: Iron Valiant|Booster Energy
|-activate|p1a: Iron Valiant|ability: Quark Drive|[fromitem]
|-start|p1a: Iron Valiant|quarkdrivespe
|-terastallize|p2a: Lokix|Bug
|move|p2a: Lokix|First Impression|p1a: Iron Valiant
|-resisted|p1a: Iron Valiant
|-damage|p1a: Iron Valiant|61/100
|
|upkeep
|turn|3
|inactive|itachiisgoated69 has 120 seconds left.
|
|t:|1760329980
|move|p1a: Iron Valiant|Moonblast|p2a: Lokix
|-damage|p2a: Lokix|11/100
|-unboost|p2a: Lokix|spa|1
|move|p2a: Lokix|U-turn|p1a: Iron Valiant
|-resisted|p1a: Iron Valiant
|-damage|p1a: Iron Valiant|34/100
|
|t:|1760329984
|switch|p2a: Gliscor|Gliscor, M|100/100|[from] U-turn
|
|-status|p2a: Gliscor|tox|[from] item: Toxic Orb
|upkeep
|turn|4
|
|t:|1760329997
|move|p1a: Iron Valiant|Encore||[still]
|-fail|p1a: Iron Valiant
|move|p2a: Gliscor|Toxic|p1a: Iron Valiant
|-status|p1a: Iron Valiant|tox
|
|-damage|p1a: Iron Valiant|28/100 tox|[from] psn
|upkeep
|turn|5
|
|t:|1760330009
|move|p2a: Gliscor|Protect|p2a: Gliscor
|-singleturn|p2a: Gliscor|Protect
|move|p1a: Iron Valiant|Destiny Bond|p1a: Iron Valiant
|-singlemove|p1a: Iron Valiant|Destiny Bond
|
|-damage|p1a: Iron Valiant|15/100 tox|[from] psn
|upkeep
|turn|6
|
|t:|1760330024
|move|p1a: Iron Valiant|Moonblast|p2a: Gliscor
|-damage|p2a: Gliscor|63/100 tox
|-unboost|p2a: Gliscor|spa|1
|move|p2a: Gliscor|Spikes|p1a: Iron Valiant
|-sidestart|p1: itachiisgoated69|Spikes
|
|-damage|p1a: Iron Valiant|0 fnt|[from] psn
|faint|p1a: Iron Valiant
|-end|p1a: Iron Valiant|Quark Drive|[silent]
|-heal|p2a: Gliscor|75/100 tox|[from] ability: Poison Heal
|upkeep
|
|t:|1760330031
|switch|p1a: Keldeo|Keldeo-Resolute|100/100
|-damage|p1a: Keldeo|88/100|[from] Spikes
|turn|7
|
|t:|1760330034
|move|p1a: Keldeo|Surf|p2a: Gliscor
|-supereffective|p2a: Gliscor
|-damage|p2a: Gliscor|0 fnt
|faint|p2a: Gliscor
|
|upkeep
|
|t:|1760330040
|switch|p2a: Slowking|Slowking, M|100/100
|turn|8
|
|t:|1760330059
|switch|p1a: Ogerpon|Ogerpon, F|100/100
|-damage|p1a: Ogerpon|88/100|[from] Spikes
|move|p2a: Slowking|Future Sight|p1a: Ogerpon
|-start|p2a: Slowking|move: Future Sight
|
|upkeep
|turn|9
|
|t:|1760330065
|move|p1a: Ogerpon|Ivy Cudgel|p2a: Slowking
|-supereffective|p2a: Slowking
|-damage|p2a: Slowking|0 fnt
|faint|p2a: Slowking
|
|upkeep
|
|t:|1760330067
|switch|p2a: Lokix|Lokix, F, tera:Bug|11/100
|turn|10
|
|t:|1760330088
|move|p2a: Lokix|First Impression|p1a: Ogerpon
|-supereffective|p1a: Ogerpon
|-damage|p1a: Ogerpon|0 fnt
|faint|p1a: Ogerpon
|
|-hint|Future Sight did not hit because the target is fainted.
|upkeep
|inactive|itachiisgoated69 has 120 seconds left.
|
|t:|1760330105
|switch|p1a: Cresselia|Cresselia, F, shiny|100/100
|turn|11
|
|t:|1760330109
|move|p2a: Lokix|U-turn|p1a: Cresselia
|-supereffective|p1a: Cresselia
|-damage|p1a: Cresselia|52/100
|-damage|p2a: Lokix|0 fnt|[from] item: Rocky Helmet|[of] p1a: Cresselia
|faint|p2a: Lokix
|move|p1a: Cresselia|Trick Room|p1a: Cresselia
|-fieldstart|move: Trick Room|[of] p1a: Cresselia
|
|upkeep
|
|t:|1760330113
|switch|p2a: Ting-Lu|Ting-Lu|100/100
|-ability|p2a: Ting-Lu|Vessel of Ruin
|turn|12
|inactive|itachiisgoated69 has 120 seconds left.
|
|t:|1760330141
|move|p2a: Ting-Lu|Spikes|p1a: Cresselia
|-sidestart|p1: itachiisgoated69|Spikes
|move|p1a: Cresselia|Lunar Dance|p1a: Cresselia
|faint|p1a: Cresselia
|
|upkeep
|inactive|itachiisgoated69 has 120 seconds left.
|
|t:|1760330155
|switch|p1a: Ursaluna|Ursaluna, M, shiny|100/100
|-damage|p1a: Ursaluna|84/100|[from] Spikes
|turn|13
|inactive|itachiisgoated69 has 120 seconds left.
|
|t:|1760330174
|move|p1a: Ursaluna|Ice Punch|p2a: Ting-Lu
|-supereffective|p2a: Ting-Lu
|-damage|p2a: Ting-Lu|64/100
|move|p2a: Ting-Lu|Earthquake|p1a: Ursaluna
|-damage|p1a: Ursaluna|55/100
|
|-heal|p2a: Ting-Lu|71/100|[from] item: Leftovers
|-status|p1a: Ursaluna|brn|[from] item: Flame Orb
|upkeep
|turn|14
|inactive|itachiisgoated69 has 120 seconds left.
|
|t:|1760330187
|-terastallize|p1a: Ursaluna|Normal
|move|p1a: Ursaluna|Facade|p2a: Ting-Lu
|-damage|p2a: Ting-Lu|0 fnt
|faint|p2a: Ting-Lu
|
|-damage|p1a: Ursaluna|49/100 brn|[from] brn
|upkeep
|
|t:|1760330188
|switch|p2a: Dragapult|Dragapult, F|100/100
|turn|15
|
|t:|1760330193
|move|p1a: Ursaluna|Ice Punch|p2a: Dragapult
|-supereffective|p2a: Dragapult
|-damage|p2a: Dragapult|0 fnt
|faint|p2a: Dragapult
|
|win|itachiisgoated69
|raw|itachiisgoated69's rating: 1360 &rarr; <strong>1376</strong><br />(+16 for winning)
|raw|Heliolower's rating: 1285 &rarr; <strong>1265</strong><br />(-20 for losing)
|l|☆Heliolower
|player|p2|
|l|☆itachiisgoated69
|player|p1|
