|badge|p1|silver|gen9doublesou|30-7
|badge|p1|bronze|gen9ru|100-7
|uhtml|medal-msg|<div class="broadcast-blue">Curious what those medals under the avatar are? PS now has Ladder Seasons! For more information, check out the <a href="https://www.smogon.com/forums/threads/3740067/">thread on Smogon.</a></div>
|j|☆3idk
|j|☆DIGIWAYNE123
|t:|1760433959
|gametype|singles
|player|p1|3idk|cynthia-masters|1659
|player|p2|DIGIWAYNE123|swimmerf-gen4|1645
|gen|9
|tier|[Gen 9] OU
|rated|
|rule|HP Percentage Mod: HP is shown in percentages
|rule|Endless Battle Clause: Forcing endless battles is banned
|rule|Species Clause: Limit one of each Pokémon
|rule|OHKO Clause: OHKO moves are banned
|rule|Evasion Items Clause: Evasion items are banned
|rule|Evasion Moves Clause: Evasion moves are banned
|rule|Evasion Abilities Clause: Evasion abilities are banned
|rule|Sleep Moves Clause: Sleep-inducing moves are banned
|clearpoke
|poke|p1|Pelipper, M|
|poke|p1|Tornadus-Therian, M|
|poke|p1|Iron Treads|
|poke|p1|Decidueye-Hisui, F|
|poke|p1|Barraskewda, F|
|poke|p1|Raging Bolt|
|poke|p2|Armarouge, F|
|poke|p2|Indeedee, M|
|poke|p2|Great Tusk|
|poke|p2|Hoopa-Unbound|
|poke|p2|Scream Tail|
|poke|p2|Drednaw, M|
|teampreview
|inactive|Battle timer is ON: inactive players will automatically lose when time's up. (requested by 3idk)
|inactive|3idk has 120 seconds left.
|
|t:|1760433991
|teamsize|p1|6
|teamsize|p2|6
|start
|switch|p1a: Tornadus|Tornadus-Therian, M|100/100
|switch|p2a: Hoopa|Hoopa-Unbound|100/100
|turn|1
|
|t:|1760433996
|switch|p2a: Scream Tail|Scream Tail|100/100
|-enditem|p2a: Scream Tail|Booster Energy
|-activate|p2a: Scream Tail|ability: Protosynthesis|[fromitem]
|-start|p2a: Scream Tail|protosynthesisspe
|move|p1a: Tornadus|U-turn|p2a: Scream Tail
|-damage|p2a: Scream Tail|89/100
|
|t:|1760434004
|switch|p1a: Pelipper|Pelipper, M|100/100|[from] U-turn
|-weather|RainDance|[from] ability: Drizzle|[of] p1a: Pelipper
|
|-weather|RainDance|[upkeep]
|upkeep
|turn|2
|
|t:|1760434007
|move|p2a: Scream Tail|Thunder Wave|p1a: Pelipper
|-status|p1a: Pelipper|par
|move|p1a: Pelipper|U-turn|p2a: Scream Tail
|-damage|p2a: Scream Tail|82/100
|
|t:|1760434013
|switch|p1a: Barraskewda|Barraskewda, F|100/100|[from] U-turn
|
|-weather|RainDance|[upkeep]
|upkeep
|turn|3
|
|t:|1760434020
|move|p1a: Barraskewda|Flip Turn|p2a: Scream Tail
|-damage|p2a: Scream Tail|34/100
|-damage|p1a: Barraskewda|91/100|[from] item: Life Orb
|
|t:|1760434025
|switch|p1a: Iron Treads|Iron Treads|100/100|[from] Flip Turn
|move|p2a: Scream Tail|Stealth Rock|p1a: Iron Treads
|-sidestart|p1: 3idk|move: Stealth Rock
|
|-weather|RainDance|[upkeep]
|upkeep
|turn|4
|
|t:|1760434028
|move|p2a: Scream Tail|Misty Explosion|p1a: Iron Treads
|-resisted|p1a: Iron Treads
|-damage|p1a: Iron Treads|91/100
|faint|p2a: Scream Tail
|-end|p2a: Scream Tail|Protosynthesis|[silent]
|move|p1a: Iron Treads|Stealth Rock|p2: Scream Tail
|-sidestart|p2: DIGIWAYNE123|move: Stealth Rock
|
|-weather|RainDance|[upkeep]
|-heal|p1a: Iron Treads|97/100|[from] item: Leftovers
|upkeep
|
|t:|1760434031
|switch|p2a: Great Tusk|Great Tusk|100/100
|-damage|p2a: Great Tusk|98/100|[from] Stealth Rock
|-enditem|p2a: Great Tusk|Booster Energy
|-activate|p2a: Great Tusk|ability: Protosynthesis|[fromitem]
|-start|p2a: Great Tusk|protosynthesisspe
|turn|5
|
|t:|1760434036
|move|p2a: Great Tusk|Rapid Spin|p1a: Iron Treads
|-resisted|p1a: Iron Treads
|-damage|p1a: Iron Treads|91/100
|-boost|p2a: Great Tusk|spe|1
|-sideend|p2: DIGIWAYNE123|Stealth Rock|[from] move: Rapid Spin|[of] p2a: Great Tusk
|move|p1a: Iron Treads|Rapid Spin|p2a: Great Tusk
|-damage|p2a: Great Tusk|90/100
|-boost|p1a: Iron Treads|spe|1
|-sideend|p1: 3idk|Stealth Rock|[from] move: Rapid Spin|[of] p1a: Iron Treads
|
|-weather|RainDance|[upkeep]
|-heal|p1a: Iron Treads|97/100|[from] item: Leftovers
|upkeep
|turn|6
|
|t:|1760434043
|-end|p1a: Iron Treads|Quark Drive|[silent]
|switch|p1a: Decidueye|Decidueye-Hisui, F|100/100
|move|p2a: Great Tusk|Rapid Spin|p1a: Decidueye
|-crit|p1a: Decidueye
|-damage|p1a: Decidueye|84/100
|-boost|p2a: Great Tusk|spe|1
|-damage|p2a: Great Tusk|73/100|[from] item: Rocky Helmet|[of] p1a: Decidueye
|
|-weather|RainDance|[upkeep]
|upkeep
|turn|7
|
|t:|1760434050
|move|p2a: Great Tusk|Ice Spinner|p1a: Decidueye
|-supereffective|p1a: Decidueye
|-damage|p1a: Decidueye|47/100
|-damage|p2a: Great Tusk|57/100|[from] item: Rocky Helmet|[of] p1a: Decidueye
|move|p1a: Decidueye|U-turn|p2a: Great Tusk
|-resisted|p2a: Great Tusk
|-damage|p2a: Great Tusk|50/100
|
|t:|1760434057
|switch|p1a: Barraskewda|Barraskewda, F|91/100|[from] U-turn
|
|-weather|RainDance|[upkeep]
|upkeep
|turn|8
|
|t:|1760434060
|-terastallize|p2a: Great Tusk|Grass
|move|p1a: Barraskewda|Aqua Jet|p2a: Great Tusk
|-resisted|p2a: Great Tusk
|-damage|p2a: Great Tusk|36/100
|-damage|p1a: Barraskewda|81/100|[from] item: Life Orb
|move|p2a: Great Tusk|Headlong Rush|p1a: Barraskewda
|-crit|p1a: Barraskewda
|-damage|p1a: Barraskewda|0 fnt
|-unboost|p2a: Great Tusk|def|1
|-unboost|p2a: Great Tusk|spd|1
|faint|p1a: Barraskewda
|
|-weather|none
|upkeep
|
|t:|1760434065
|switch|p1a: Tornadus|Tornadus-Therian, M|100/100
|turn|9
|
|t:|1760434073
|move|p2a: Great Tusk|Ice Spinner|p1a: Tornadus
|-supereffective|p1a: Tornadus
|-damage|p1a: Tornadus|40/100
|move|p1a: Tornadus|Weather Ball|p2a: Great Tusk
|-damage|p2a: Great Tusk|0 fnt
|faint|p2a: Great Tusk
|-end|p2a: Great Tusk|Protosynthesis|[silent]
|
|upkeep
|
|t:|1760434078
|switch|p2a: Indeedee|Indeedee, M|100/100
|-fieldstart|move: Psychic Terrain|[from] ability: Psychic Surge|[of] p2a: Indeedee
|turn|10
|
|t:|1760434086
|switch|p1a: Iron Treads|Iron Treads|97/100
|switch|p2a: Armarouge|Armarouge, F|100/100
|
|-heal|p1a: Iron Treads|100/100|[from] item: Leftovers
|upkeep
|turn|11
|
|t:|1760434093
|-end|p1a: Iron Treads|Quark Drive|[silent]
|switch|p1a: Pelipper|Pelipper, M|100/100 par
|-weather|RainDance|[from] ability: Drizzle|[of] p1a: Pelipper
|move|p2a: Armarouge|Calm Mind|p2a: Armarouge
|-boost|p2a: Armarouge|spa|1
|-boost|p2a: Armarouge|spd|1
|
|-weather|RainDance|[upkeep]
|upkeep
|turn|12
|
|t:|1760434097
|move|p2a: Armarouge|Expanding Force|p1a: Pelipper
|-damage|p1a: Pelipper|0 fnt
|faint|p1a: Pelipper
|
|-weather|RainDance|[upkeep]
|upkeep
|
|t:|1760434101
|switch|p1a: Tornadus|Tornadus-Therian, M|73/100
|turn|13
|
|t:|1760434109
|switch|p1a: Iron Treads|Iron Treads|100/100
|move|p2a: Armarouge|Expanding Force|p1a: Iron Treads
|-resisted|p1a: Iron Treads
|-damage|p1a: Iron Treads|49/100
|
|-weather|RainDance|[upkeep]
|-heal|p1a: Iron Treads|55/100|[from] item: Leftovers
|upkeep
|turn|14
|
|t:|1760434117
|move|p2a: Armarouge|Calm Mind|p2a: Armarouge
|-boost|p2a: Armarouge|spa|1
|-boost|p2a: Armarouge|spd|1
|move|p1a: Iron Treads|Knock Off|p2a: Armarouge
|-supereffective|p2a: Armarouge
|-damage|p2a: Armarouge|45/100
|-ability|p2a: Armarouge|Weak Armor|boost
|-unboost|p2a: Armarouge|def|1
|-boost|p2a: Armarouge|spe|2
|-enditem|p2a: Armarouge|Focus Sash|[from] move: Knock Off|[of] p1a: Iron Treads
|
|-weather|RainDance|[upkeep]
|-heal|p1a: Iron Treads|61/100|[from] item: Leftovers
|upkeep
|turn|15
|
|t:|1760434126
|-end|p1a: Iron Treads|Quark Drive|[silent]
|switch|p1a: Decidueye|Decidueye-Hisui, F|47/100
|move|p2a: Armarouge|Expanding Force|p1a: Decidueye
|-supereffective|p1a: Decidueye
|-damage|p1a: Decidueye|0 fnt
|faint|p1a: Decidueye
|
|-weather|RainDance|[upkeep]
|upkeep
|
|t:|1760434133
|switch|p1a: Tornadus|Tornadus-Therian, M|100/100
|turn|16
|
|t:|1760434136
|switch|p1a: Iron Treads|Iron Treads|61/100
|move|p2a: Armarouge|Expanding Force|p1a: Iron Treads
|-resisted|p1a: Iron Treads
|-damage|p1a: Iron Treads|0 fnt
|faint|p1a: Iron Treads
|-end|p1a: Iron Treads|Quark Drive|[silent]
|
|-weather|RainDance|[upkeep]
|upkeep
|
|t:|1760434143
|switch|p1a: Tornadus|Tornadus-Therian, M|100/100
|turn|17
|
|t:|1760434146
|move|p2a: Armarouge|Expanding Force|p1a: Tornadus
|-damage|p1a: Tornadus|0 fnt
|faint|p1a: Tornadus
|
|-weather|RainDance|[upkeep]
|-fieldend|move: Psychic Terrain
|upkeep
|
|t:|1760434148
|switch|p1a: Raging Bolt|Raging Bolt|100/100
|-enditem|p1a: Raging Bolt|Booster Energy
|-activate|p1a: Raging Bolt|ability: Protosynthesis|[fromitem]
|-start|p1a: Raging Bolt|protosynthesisspa
|turn|18
|
|t:|1760434152
|move|p2a: Armarouge|Calm Mind|p2a: Armarouge
|-boost|p2a: Armarouge|spa|1
|-boost|p2a: Armarouge|spd|1
|move|p1a: Raging Bolt|Thunder|p2a: Armarouge
|-damage|p2a: Armarouge|4/100
|
|-weather|none
|upkeep
|turn|19
|
|t:|1760434155
|switch|p2a: Indeedee|Indeedee, M|100/100
|-fieldstart|move: Psychic Terrain|[from] ability: Psychic Surge|[of] p2a: Indeedee
|move|p1a: Raging Bolt|Thunderclap||[still]
|-fail|p1a: Raging Bolt
|
|upkeep
|turn|20
|
|t:|1760434158
|move|p2a: Indeedee|Expanding Force|p1a: Raging Bolt
|-damage|p1a: Raging Bolt|36/100
|move|p1a: Raging Bolt|Dragon Pulse|p2a: Indeedee
|-damage|p2a: Indeedee|14/100
|
|upkeep
|turn|21
|
|t:|1760434163
|move|p2a: Indeedee|Expanding Force|p1a: Raging Bolt
|-damage|p1a: Raging Bolt|0 fnt
|faint|p1a: Raging Bolt
|-end|p1a: Raging Bolt|Protosynthesis|[silent]
|
|win|DIGIWAYNE123
|raw|3idk's rating: 1659 &rarr; <strong>1638</strong><br />(-21 for losing)
|raw|DIGIWAYNE123's rating: 1645 &rarr; <strong>1666</strong><br />(+21 for winning)
|l|☆3idk
|player|p1|
|l|☆DIGIWAYNE123
|player|p2|
