|j|☆miataylor612
|j|☆henry151th
|t:|1760373598
|gametype|singles
|player|p1|miataylor612|lady-gen4|1661
|player|p2|henry151th|wallace|1736
|gen|9
|tier|[Gen 9] OU
|rated|
|rule|HP Percentage Mod: HP is shown in percentages
|rule|Endless Battle Clause: Forcing endless battles is banned
|rule|Species Clause: Limit one of each Pokémon
|rule|OHKO Clause: OHKO moves are banned
|rule|Evasion Items Clause: Evasion items are banned
|rule|Evasion Moves Clause: Evasion moves are banned
|rule|Evasion Abilities Clause: Evasion abilities are banned
|rule|Sleep Moves Clause: Sleep-inducing moves are banned
|clearpoke
|poke|p1|Hoopa-Unbound|
|poke|p1|Pecharunt|
|poke|p1|Slowking-Galar, M|
|poke|p1|Great Tusk|
|poke|p1|Corviknight, F|
|poke|p1|Cinderace, M|
|poke|p2|Dragapult, M|
|poke|p2|Glimmora, M|
|poke|p2|Comfey, M|
|poke|p2|Kingambit, M|
|poke|p2|Ogerpon-Wellspring, F|
|poke|p2|Blaziken, M|
|teampreview
|inactive|Battle timer is ON: inactive players will automatically lose when time's up. (requested by miataylor612)
|
|t:|1760373603
|teamsize|p1|6
|teamsize|p2|6
|start
|switch|p1a: Slowking|Slowking-Galar, M|100/100
|switch|p2a: Blaziken|Blaziken, M, shiny|100/100
|turn|1
|
|t:|1760373608
|move|p2a: Blaziken|Knock Off|p1a: Slowking
|-supereffective|p1a: Slowking
|-damage|p1a: Slowking|0 fnt
|-enditem|p1a: Slowking|Heavy-Duty Boots|[from] move: Knock Off|[of] p2a: Blaziken
|faint|p1a: Slowking
|-damage|p2a: Blaziken|91/100|[from] item: Life Orb
|
|-ability|p2a: Blaziken|Speed Boost|boost
|-boost|p2a: Blaziken|spe|1
|upkeep
|
|t:|1760373612
|switch|p1a: Pecharunt|Pecharunt|100/100
|turn|2
|
|t:|1760373616
|move|p2a: Blaziken|Knock Off|p1a: Pecharunt
|-supereffective|p1a: Pecharunt
|-damage|p1a: Pecharunt|59/100
|-enditem|p1a: Pecharunt|Heavy-Duty Boots|[from] move: Knock Off|[of] p2a: Blaziken
|-damage|p2a: Blaziken|81/100|[from] item: Life Orb
|move|p1a: Pecharunt|Malignant Chain|p2a: Blaziken
|-damage|p2a: Blaziken|36/100
|-status|p2a: Blaziken|tox
|-start|p2a: Blaziken|confusion|[from] ability: Poison Puppeteer|[of] p1a: Pecharunt
|
|-damage|p2a: Blaziken|30/100 tox|[from] psn
|-ability|p2a: Blaziken|Speed Boost|boost
|-boost|p2a: Blaziken|spe|1
|upkeep
|turn|3
|
|t:|1760373619
|-activate|p2a: Blaziken|confusion
|move|p2a: Blaziken|Flare Blitz|p1a: Pecharunt
|-damage|p1a: Pecharunt|17/100
|-damage|p2a: Blaziken|12/100 tox|[from] Recoil
|-damage|p2a: Blaziken|2/100 tox|[from] item: Life Orb
|move|p1a: Pecharunt|Recover|p1a: Pecharunt
|-heal|p1a: Pecharunt|67/100
|
|-damage|p2a: Blaziken|0 fnt|[from] psn
|faint|p2a: Blaziken
|upkeep
|
|t:|1760373623
|switch|p2a: Dragapult|Dragapult, M, shiny|100/100
|turn|4
|
|t:|1760373626
|-terastallize|p1a: Pecharunt|Dark
|move|p2a: Dragapult|Shadow Ball|p1a: Pecharunt
|-resisted|p1a: Pecharunt
|-damage|p1a: Pecharunt|44/100
|-damage|p2a: Dragapult|91/100|[from] item: Life Orb
|move|p1a: Pecharunt|Foul Play|p2a: Dragapult
|-supereffective|p2a: Dragapult
|-damage|p2a: Dragapult|0 fnt
|faint|p2a: Dragapult
|
|upkeep
|
|t:|1760373630
|switch|p2a: Comfey|Comfey, M, shiny|100/100
|turn|5
|
|t:|1760373633
|move|p2a: Comfey|Draining Kiss|p1a: Pecharunt
|-supereffective|p1a: Pecharunt
|-damage|p1a: Pecharunt|0 fnt
|faint|p1a: Pecharunt
|-damage|p2a: Comfey|91/100|[from] item: Life Orb
|
|upkeep
|
|t:|1760373637
|switch|p1a: Hoopa|Hoopa-Unbound|100/100
|turn|6
|
|t:|1760373639
|switch|p2a: Glimmora|Glimmora, M, shiny|100/100
|move|p1a: Hoopa|Psychic Noise|p2a: Glimmora
|-supereffective|p2a: Glimmora
|-damage|p2a: Glimmora|0 fnt
|faint|p2a: Glimmora
|
|upkeep
|
|t:|1760373641
|switch|p2a: Ogerpon|Ogerpon-Wellspring, F|100/100
|turn|7
|
|t:|1760373648
|switch|p1a: Corviknight|Corviknight, F|100/100
|-ability|p1a: Corviknight|Pressure
|-terastallize|p2a: Ogerpon|Water
|detailschange|p2a: Ogerpon|Ogerpon-Wellspring-Tera, F, tera:Water
|-ability|p2a: Ogerpon|Embody Aspect (Wellspring)|boost
|-boost|p2a: Ogerpon|spd|1
|move|p2a: Ogerpon|Ivy Cudgel|p1a: Corviknight|[anim] Ivy Cudgel Water
|-damage|p1a: Corviknight|51/100
|
|upkeep
|turn|8
|
|t:|1760373653
|move|p2a: Ogerpon|Taunt|p1a: Corviknight
|-start|p1a: Corviknight|move: Taunt
|move|p1a: Corviknight|U-turn|p2a: Ogerpon
|-damage|p2a: Ogerpon|83/100
|
|t:|1760373657
|switch|p1a: Cinderace|Cinderace, M|100/100|[from] U-turn
|
|upkeep
|turn|9
|
|t:|1760373659
|move|p1a: Cinderace|U-turn|p2a: Ogerpon
|-start|p1a: Cinderace|typechange|Bug|[from] ability: Libero
|-damage|p2a: Ogerpon|37/100
|
|t:|1760373662
|switch|p1a: Corviknight|Corviknight, F|51/100|[from] U-turn
|-ability|p1a: Corviknight|Pressure
|move|p2a: Ogerpon|Ivy Cudgel|p1a: Corviknight|[anim] Ivy Cudgel Water
|-crit|p1a: Corviknight
|-damage|p1a: Corviknight|0 fnt
|faint|p1a: Corviknight
|
|upkeep
|
|t:|1760373664
|switch|p1a: Cinderace|Cinderace, M|100/100
|turn|10
|
|t:|1760373668
|switch|p2a: Comfey|Comfey, M, shiny|91/100
|move|p1a: Cinderace|U-turn|p2a: Comfey
|-start|p1a: Cinderace|typechange|Bug|[from] ability: Libero
|-resisted|p2a: Comfey
|-damage|p2a: Comfey|68/100
|
|t:|1760373670
|switch|p1a: Hoopa|Hoopa-Unbound|100/100|[from] U-turn
|
|upkeep
|turn|11
|
|t:|1760373671
|move|p2a: Comfey|Draining Kiss|p1a: Hoopa
|-supereffective|p1a: Hoopa
|-damage|p1a: Hoopa|66/100
|-heal|p2a: Comfey|94/100|[from] drain|[of] p1a: Hoopa
|-damage|p2a: Comfey|84/100|[from] item: Life Orb
|move|p1a: Hoopa|Thunderbolt|p2a: Comfey
|-damage|p2a: Comfey|40/100
|
|upkeep
|turn|12
|
|t:|1760373674
|move|p2a: Comfey|Draining Kiss|p1a: Hoopa
|-supereffective|p1a: Hoopa
|-damage|p1a: Hoopa|32/100
|-heal|p2a: Comfey|64/100|[from] drain|[of] p1a: Hoopa
|-damage|p2a: Comfey|55/100|[from] item: Life Orb
|move|p1a: Hoopa|Psychic Noise|p2a: Comfey
|-damage|p2a: Comfey|0 fnt
|faint|p2a: Comfey
|
|upkeep
|
|t:|1760373676
|switch|p2a: Ogerpon|Ogerpon-Wellspring-Tera, F, tera:Water|37/100
|-ability|p2a: Ogerpon|Embody Aspect (Wellspring)|boost
|-boost|p2a: Ogerpon|spd|1
|turn|13
|
|t:|1760373678
|move|p2a: Ogerpon|Ivy Cudgel|p1a: Hoopa|[anim] Ivy Cudgel Water
|-damage|p1a: Hoopa|0 fnt
|faint|p1a: Hoopa
|
|upkeep
|
|t:|1760373679
|switch|p1a: Cinderace|Cinderace, M|100/100
|turn|14
|
|t:|1760373681
|switch|p2a: Kingambit|Kingambit, M, shiny|100/100
|-activate|p2a: Kingambit|ability: Supreme Overlord
|-start|p2a: Kingambit|fallen4|[silent]
|move|p1a: Cinderace|U-turn|p2a: Kingambit
|-start|p1a: Cinderace|typechange|Bug|[from] ability: Libero
|-damage|p2a: Kingambit|76/100
|
|t:|1760373683
|switch|p1a: Great Tusk|Great Tusk|100/100|[from] U-turn
|
|-heal|p2a: Kingambit|82/100|[from] item: Leftovers
|upkeep
|turn|15
|
|t:|1760373685
|move|p1a: Great Tusk|Headlong Rush|p2a: Kingambit
|-supereffective|p2a: Kingambit
|-damage|p2a: Kingambit|0 fnt
|-unboost|p1a: Great Tusk|def|1
|-unboost|p1a: Great Tusk|spd|1
|faint|p2a: Kingambit
|-end|p2a: Kingambit|fallen4|[silent]
|
|upkeep
|
|t:|1760373686
|switch|p2a: Ogerpon|Ogerpon-Wellspring-Tera, F, tera:Water|37/100
|-ability|p2a: Ogerpon|Embody Aspect (Wellspring)|boost
|-boost|p2a: Ogerpon|spd|1
|turn|16
|
|t:|1760373687
|move|p2a: Ogerpon|Ivy Cudgel|p1a: Great Tusk|[anim] Ivy Cudgel Water
|-supereffective|p1a: Great Tusk
|-damage|p1a: Great Tusk|0 fnt
|faint|p1a: Great Tusk
|-end|p1a: Great Tusk|Protosynthesis|[silent]
|
|upkeep
|
|t:|1760373689
|switch|p1a: Cinderace|Cinderace, M|100/100
|turn|17
|
|t:|1760373691
|move|p1a: Cinderace|U-turn|p2a: Ogerpon
|-start|p1a: Cinderace|typechange|Bug|[from] ability: Libero
|-damage|p2a: Ogerpon|0 fnt
|faint|p2a: Ogerpon
|detailschange|p2: Ogerpon|Ogerpon-Wellspring, F|[silent]
|
|win|miataylor612
|raw|miataylor612's rating: 1661 &rarr; <strong>1685</strong><br />(+24 for winning)
|raw|henry151th's rating: 1736 &rarr; <strong>1712</strong><br />(-24 for losing)
|l|☆miataylor612
|player|p1|
