|j|☆DIGIWAYNE123
|j|‽Charlie_Kirk_L
|t:|1760433003
|gametype|singles
|player|p1|DIGIWAYNE123|swimmerf-gen4|1606
|player|p2|Charlie_Kirk_L|hoopster|1612
|gen|9
|tier|[Gen 9] OU
|rated|
|rule|HP Percentage Mod: HP is shown in percentages
|rule|Endless Battle Clause: Forcing endless battles is banned
|rule|Species Clause: Limit one of each Pokémon
|rule|OHKO Clause: OHKO moves are banned
|rule|Evasion Items Clause: Evasion items are banned
|rule|Evasion Moves Clause: Evasion moves are banned
|rule|Evasion Abilities Clause: Evasion abilities are banned
|rule|Sleep Moves Clause: Sleep-inducing moves are banned
|clearpoke
|poke|p1|Armarouge, F|
|poke|p1|Indeedee, M|
|poke|p1|Great Tusk|
|poke|p1|Hoopa-Unbound|
|poke|p1|Scream Tail|
|poke|p1|Drednaw, M|
|poke|p2|Alomomola, F|
|poke|p2|Ting-Lu|
|poke|p2|Zamazenta-*|
|poke|p2|Hawlucha, M|
|poke|p2|Iron Valiant|
|poke|p2|Darkrai|
|teampreview
|inactive|Battle timer is ON: inactive players will automatically lose when time's up. (requested by Charlie_Kirk_L)
|inactive|Charlie_Kirk_L has 120 seconds left.
|
|t:|1760433039
|teamsize|p1|6
|teamsize|p2|6
|start
|switch|p1a: Scream Tail|Scream Tail|100/100
|switch|p2a: Darkrai|Darkrai|100/100
|-enditem|p1a: Scream Tail|Booster Energy
|-activate|p1a: Scream Tail|ability: Protosynthesis|[fromitem]
|-start|p1a: Scream Tail|protosynthesisspe
|turn|1
|
|t:|1760433051
|switch|p2a: Alomomola|Alomomola, F|100/100
|move|p1a: Scream Tail|Thunder Wave|p2a: Alomomola
|-status|p2a: Alomomola|par
|
|upkeep
|turn|2
|
|t:|1760433062
|move|p1a: Scream Tail|Stealth Rock|p2a: Alomomola
|-sidestart|p2: Charlie_Kirk_L|move: Stealth Rock
|move|p2a: Alomomola|Icy Wind|p1a: Scream Tail
|-damage|p1a: Scream Tail|96/100
|-unboost|p1a: Scream Tail|spe|1
|
|upkeep
|turn|3
|
|t:|1760433068
|move|p1a: Scream Tail|Wish|p1a: Scream Tail
|move|p2a: Alomomola|Flip Turn|p1a: Scream Tail
|-damage|p1a: Scream Tail|85/100
|
|t:|1760433073
|switch|p2a: Hawlucha|Hawlucha, M|100/100|[from] Flip Turn
|-damage|p2a: Hawlucha|88/100|[from] Stealth Rock
|-ability|p2a: Hawlucha|Mold Breaker
|
|-heal|p2a: Hawlucha|94/100|[from] item: Leftovers
|upkeep
|turn|4
|
|t:|1760433076
|move|p2a: Hawlucha|Encore|p1a: Scream Tail
|-start|p1a: Scream Tail|Encore
|move|p1a: Scream Tail|Wish||[still]
|-fail|p1a: Scream Tail
|
|-heal|p1a: Scream Tail|100/100|[from] move: Wish|[wisher] Scream Tail
|-heal|p2a: Hawlucha|99/100|[from] item: Leftovers
|upkeep
|turn|5
|
|t:|1760433080
|-end|p1a: Scream Tail|Protosynthesis|[silent]
|switch|p1a: Armarouge|Armarouge, F|100/100
|move|p2a: Hawlucha|Defog|p1a: Armarouge
|-unboost|p1a: Armarouge|evasion|1
|-sideend|p2: Charlie_Kirk_L|Stealth Rock|[from] move: Defog|[of] p2a: Hawlucha
|
|-heal|p2a: Hawlucha|100/100|[from] item: Leftovers
|upkeep
|turn|6
|
|t:|1760433087
|move|p2a: Hawlucha|U-turn|p1a: Armarouge
|-damage|p1a: Armarouge|85/100
|-ability|p1a: Armarouge|Weak Armor|boost
|-unboost|p1a: Armarouge|def|1
|-boost|p1a: Armarouge|spe|2
|
|t:|1760433092
|switch|p2a: Ting-Lu|Ting-Lu|100/100|[from] U-turn
|-ability|p2a: Ting-Lu|Vessel of Ruin
|move|p1a: Armarouge|Expanding Force|p2a: Ting-Lu
|-immune|p2a: Ting-Lu
|
|upkeep
|turn|7
|
|t:|1760433101
|switch|p1a: Scream Tail|Scream Tail|100/100
|move|p2a: Ting-Lu|Throat Chop|p1a: Scream Tail
|-damage|p1a: Scream Tail|58/100
|-start|p1a: Scream Tail|Throat Chop|[silent]
|
|upkeep
|turn|8
|
|t:|1760433111
|switch|p2a: Hawlucha|Hawlucha, M|100/100
|-ability|p2a: Hawlucha|Mold Breaker
|move|p1a: Scream Tail|Stealth Rock|p2a: Hawlucha
|-sidestart|p2: Charlie_Kirk_L|move: Stealth Rock
|
|-end|p1a: Scream Tail|Throat Chop|[silent]
|upkeep
|turn|9
|
|t:|1760433118
|-end|p1a: Scream Tail|Protosynthesis|[silent]
|switch|p1a: Armarouge|Armarouge, F|85/100
|move|p2a: Hawlucha|Encore||[still]
|-fail|p2a: Hawlucha
|
|upkeep
|turn|10
|
|t:|1760433121
|move|p2a: Hawlucha|Defog|p1a: Armarouge
|-unboost|p1a: Armarouge|evasion|1
|-sideend|p2: Charlie_Kirk_L|Stealth Rock|[from] move: Defog|[of] p2a: Hawlucha
|move|p1a: Armarouge|Armor Cannon|p2a: Hawlucha
|-damage|p2a: Hawlucha|0 fnt
|-unboost|p1a: Armarouge|def|1
|-unboost|p1a: Armarouge|spd|1
|faint|p2a: Hawlucha
|
|upkeep
|
|t:|1760433124
|switch|p2a: Ting-Lu|Ting-Lu|100/100
|-ability|p2a: Ting-Lu|Vessel of Ruin
|turn|11
|
|t:|1760433127
|switch|p1a: Scream Tail|Scream Tail|58/100
|move|p2a: Ting-Lu|Earthquake|p1a: Scream Tail
|-damage|p1a: Scream Tail|5/100
|
|upkeep
|turn|12
|
|t:|1760433129
|move|p1a: Scream Tail|Stealth Rock|p2a: Ting-Lu
|-sidestart|p2: Charlie_Kirk_L|move: Stealth Rock
|move|p2a: Ting-Lu|Earthquake|p1a: Scream Tail
|-damage|p1a: Scream Tail|0 fnt
|faint|p1a: Scream Tail
|-end|p1a: Scream Tail|Protosynthesis|[silent]
|
|upkeep
|
|t:|1760433134
|switch|p1a: Hoopa|Hoopa-Unbound|100/100
|turn|13
|
|t:|1760433139
|-terastallize|p2a: Ting-Lu|Poison
|move|p1a: Hoopa|Drain Punch|p2a: Ting-Lu
|-resisted|p2a: Ting-Lu
|-damage|p2a: Ting-Lu|94/100
|move|p2a: Ting-Lu|Earthquake|p1a: Hoopa
|-damage|p1a: Hoopa|0 fnt
|faint|p1a: Hoopa
|
|upkeep
|
|t:|1760433143
|switch|p1a: Indeedee|Indeedee, M|100/100
|-fieldstart|move: Psychic Terrain|[from] ability: Psychic Surge|[of] p1a: Indeedee
|turn|14
|
|t:|1760433154
|switch|p1a: Great Tusk|Great Tusk|100/100
|-enditem|p1a: Great Tusk|Booster Energy
|-activate|p1a: Great Tusk|ability: Protosynthesis|[fromitem]
|-start|p1a: Great Tusk|protosynthesisspe
|switch|p2a: Alomomola|Alomomola, F|100/100 par
|-damage|p2a: Alomomola|88/100 par|[from] Stealth Rock
|
|upkeep
|turn|15
|
|t:|1760433157
|move|p1a: Great Tusk|Knock Off|p2a: Alomomola
|-damage|p2a: Alomomola|67/100 par
|-enditem|p2a: Alomomola|Assault Vest|[from] move: Knock Off|[of] p1a: Great Tusk
|cant|p2a: Alomomola|par
|
|upkeep
|turn|16
|
|t:|1760433168
|move|p1a: Great Tusk|Headlong Rush|p2a: Alomomola
|-damage|p2a: Alomomola|29/100 par
|-unboost|p1a: Great Tusk|def|1
|-unboost|p1a: Great Tusk|spd|1
|cant|p2a: Alomomola|par
|
|upkeep
|turn|17
|-message|Charlie_Kirk_L forfeited.
|
|win|DIGIWAYNE123
|raw|DIGIWAYNE123's rating: 1606 &rarr; <strong>1626</strong><br />(+20 for winning)
|raw|Charlie_Kirk_L's rating: 1612 &rarr; <strong>1592</strong><br />(-20 for losing)
|l|‽Charlie_Kirk_L
|player|p2|
|l|☆DIGIWAYNE123
|player|p1|
