|j|☆sommeliersam
|j|☆G00D00D
|t:|1760329175
|gametype|singles
|player|p1|sommeliersam|1|1706
|player|p2|G00D00D|2|1726
|gen|9
|tier|[Gen 9] OU
|rated|
|rule|HP Percentage Mod: HP is shown in percentages
|rule|Endless Battle Clause: Forcing endless battles is banned
|rule|Species Clause: Limit one of each Pokémon
|rule|OHKO Clause: OHKO moves are banned
|rule|Evasion Items Clause: Evasion items are banned
|rule|Evasion Moves Clause: Evasion moves are banned
|rule|Evasion Abilities Clause: Evasion abilities are banned
|rule|Sleep Moves Clause: Sleep-inducing moves are banned
|clearpoke
|poke|p1|Tornadus-Therian, M|
|poke|p1|Great Tusk|
|poke|p1|Kyurem|
|poke|p1|Kingambit, M|
|poke|p1|Slowking-Galar, F|
|poke|p1|Hatterene, F|
|poke|p2|Alomomola, M|
|poke|p2|Darkrai|
|poke|p2|Iron Crown|
|poke|p2|Weezing-Galar, M|
|poke|p2|Lokix, M|
|poke|p2|Landorus-Therian, M|
|teampreview
|inactive|Battle timer is ON: inactive players will automatically lose when time's up. (requested by G00D00D)
|
|t:|1760329190
|teamsize|p1|6
|teamsize|p2|6
|start
|switch|p1a: Slowking|Slowking-Galar, F|100/100
|switch|p2a: Lokix|Lokix, M|100/100
|turn|1
|
|t:|1760329197
|switch|p1a: Great Tusk|Great Tusk|100/100
|-terastallize|p2a: Lokix|Bug
|move|p2a: Lokix|U-turn|p1a: Great Tusk
|-resisted|p1a: Great Tusk
|-damage|p1a: Great Tusk|55/100
|-damage|p2a: Lokix|84/100|[from] item: Rocky Helmet|[of] p1a: Great Tusk
|
|t:|1760329205
|switch|p2a: Darkrai|Darkrai|100/100|[from] U-turn
|
|upkeep
|turn|2
|
|t:|1760329208
|-end|p1a: Great Tusk|Protosynthesis|[silent]
|switch|p1a: Tornadus|Tornadus-Therian, M|100/100
|move|p2a: Darkrai|Ice Beam|p1a: Tornadus
|-supereffective|p1a: Tornadus
|-damage|p1a: Tornadus|51/100
|
|upkeep
|turn|3
|
|t:|1760329214
|switch|p1a: Slowking|Slowking-Galar, F|100/100
|move|p2a: Darkrai|Ice Beam|p1a: Slowking
|-damage|p1a: Slowking|78/100
|
|-heal|p1a: Slowking|84/100|[from] item: Black Sludge
|upkeep
|turn|4
|
|t:|1760329221
|switch|p2a: Landorus|Landorus-Therian, M|100/100
|-ability|p2a: Landorus|Intimidate|boost
|-unboost|p1a: Slowking|atk|1
|-prepare|p1a: Slowking|Chilly Reception|[premajor]
|move|p1a: Slowking|Chilly Reception|p1a: Slowking
|-weather|Snowscape
|
|t:|1760329224
|switch|p1a: Kyurem|Kyurem|100/100|[from] Chilly Reception
|-ability|p1a: Kyurem|Pressure
|
|-weather|Snowscape|[upkeep]
|upkeep
|turn|5
|
|t:|1760329232
|switch|p2a: Iron Crown|Iron Crown|100/100
|move|p1a: Kyurem|Freeze-Dry|p2a: Iron Crown
|-resisted|p2a: Iron Crown
|-damage|p2a: Iron Crown|84/100
|
|-weather|Snowscape|[upkeep]
|upkeep
|turn|6
|
|t:|1760329239
|switch|p1a: Slowking|Slowking-Galar, F|100/100
|move|p2a: Iron Crown|Volt Switch|p1a: Slowking
|-damage|p1a: Slowking|85/100
|
|t:|1760329245
|-end|p2a: Iron Crown|Quark Drive|[silent]
|switch|p2a: Lokix|Lokix, M, tera:Bug|84/100|[from] Volt Switch
|
|-weather|Snowscape|[upkeep]
|-heal|p1a: Slowking|92/100|[from] item: Black Sludge
|upkeep
|turn|7
|
|t:|1760329252
|switch|p1a: Great Tusk|Great Tusk|55/100
|move|p2a: Lokix|Leech Life|p1a: Great Tusk
|-resisted|p1a: Great Tusk
|-damage|p1a: Great Tusk|1/100
|-heal|p2a: Lokix|100/100|[from] drain|[of] p1a: Great Tusk
|-damage|p2a: Lokix|84/100|[from] item: Rocky Helmet|[of] p1a: Great Tusk
|
|-weather|Snowscape|[upkeep]
|upkeep
|turn|8
|
|t:|1760329260
|move|p1a: Great Tusk|Stealth Rock|p2a: Lokix
|-sidestart|p2: G00D00D|move: Stealth Rock
|move|p2a: Lokix|Leech Life|p1a: Great Tusk
|-resisted|p1a: Great Tusk
|-damage|p1a: Great Tusk|0 fnt
|-heal|p2a: Lokix|85/100|[from] drain|[of] p1a: Great Tusk
|-damage|p2a: Lokix|68/100|[from] item: Rocky Helmet|[of] p1a: Great Tusk
|faint|p1a: Great Tusk
|-end|p1a: Great Tusk|Protosynthesis|[silent]
|
|-weather|none
|upkeep
|
|t:|1760329268
|switch|p1a: Tornadus|Tornadus-Therian, M|84/100
|turn|9
|
|t:|1760329271
|switch|p2a: Alomomola|Alomomola, M|100/100
|-damage|p2a: Alomomola|88/100|[from] Stealth Rock
|move|p1a: Tornadus|U-turn|p2a: Alomomola
|-damage|p2a: Alomomola|81/100
|-enditem|p2a: Alomomola|Eject Button
|
|t:|1760329277
|switch|p2a: Weezing|Weezing-Galar, M|100/100
|-ability|p2a: Weezing|Neutralizing Gas
|
|upkeep
|turn|10
|
|t:|1760329284
|move|p1a: Tornadus|Bleakwind Storm|p2a: Weezing
|-damage|p2a: Weezing|52/100
|move|p2a: Weezing|Defog|p1a: Tornadus
|-unboost|p1a: Tornadus|evasion|1
|-sideend|p2: G00D00D|Stealth Rock|[from] move: Defog|[of] p2a: Weezing
|
|upkeep
|turn|11
|
|t:|1760329291
|-end|p2a: Weezing|ability: Neutralizing Gas
|switch|p2a: Alomomola|Alomomola, M|100/100
|move|p1a: Tornadus|Bleakwind Storm|p2a: Alomomola|[miss]
|-miss|p1a: Tornadus|p2a: Alomomola
|
|upkeep
|turn|12
|
|t:|1760329298
|move|p1a: Tornadus|U-turn|p2a: Alomomola
|-damage|p2a: Alomomola|93/100
|
|t:|1760329299
|switch|p1a: Kyurem|Kyurem|100/100|[from] U-turn
|-ability|p1a: Kyurem|Pressure
|move|p2a: Alomomola|Flip Turn|p1a: Kyurem
|-resisted|p1a: Kyurem
|-damage|p1a: Kyurem|92/100
|
|t:|1760329307
|switch|p2a: Iron Crown|Iron Crown|84/100|[from] Flip Turn
|
|upkeep
|turn|13
|
|t:|1760329311
|switch|p1a: Slowking|Slowking-Galar, F|100/100
|move|p2a: Iron Crown|Volt Switch|p1a: Slowking
|-damage|p1a: Slowking|87/100
|
|t:|1760329316
|-end|p2a: Iron Crown|Quark Drive|[silent]
|switch|p2a: Lokix|Lokix, M, tera:Bug|68/100|[from] Volt Switch
|
|-heal|p1a: Slowking|93/100|[from] item: Black Sludge
|upkeep
|turn|14
|j| ZeroIQ McGoo
|
|t:|1760329331
|switch|p1a: Hatterene|Hatterene, F|100/100
|move|p2a: Lokix|U-turn|p1a: Hatterene
|-damage|p1a: Hatterene|43/100
|
|t:|1760329336
|switch|p2a: Iron Crown|Iron Crown|84/100|[from] U-turn
|
|-heal|p1a: Hatterene|49/100|[from] item: Leftovers
|upkeep
|turn|15
|
|t:|1760329342
|move|p2a: Iron Crown|Tachyon Cutter|p1a: Hatterene
|-supereffective|p1a: Hatterene
|-damage|p1a: Hatterene|0 fnt
|faint|p1a: Hatterene
|-hitcount|p1: Hatterene|1
|
|upkeep
|
|t:|1760329346
|switch|p1a: Kingambit|Kingambit, M|100/100
|-activate|p1a: Kingambit|ability: Supreme Overlord
|-start|p1a: Kingambit|fallen2|[silent]
|turn|16
|
|t:|1760329350
|-end|p2a: Iron Crown|Quark Drive|[silent]
|switch|p2a: Landorus|Landorus-Therian, M|100/100
|-ability|p2a: Landorus|Intimidate|boost
|-unboost|p1a: Kingambit|atk|1
|-end|p1a: Kingambit|fallen2|[silent]
|switch|p1a: Kyurem|Kyurem|92/100
|-ability|p1a: Kyurem|Pressure
|
|upkeep
|turn|17
|
|t:|1760329358
|switch|p2a: Iron Crown|Iron Crown|84/100
|move|p1a: Kyurem|Earth Power|p2a: Iron Crown
|-supereffective|p2a: Iron Crown
|-damage|p2a: Iron Crown|27/100
|
|upkeep
|turn|18
|
|t:|1760329372
|switch|p1a: Slowking|Slowking-Galar, F|100/100
|move|p2a: Iron Crown|Tachyon Cutter|p1a: Slowking
|-damage|p1a: Slowking|86/100
|-damage|p1a: Slowking|71/100
|-hitcount|p1a: Slowking|2
|
|-heal|p1a: Slowking|77/100|[from] item: Black Sludge
|upkeep
|turn|19
|
|t:|1760329380
|move|p2a: Iron Crown|Future Sight|p1a: Slowking
|-start|p2a: Iron Crown|move: Future Sight
|-prepare|p1a: Slowking|Chilly Reception|[premajor]
|move|p1a: Slowking|Chilly Reception|p1a: Slowking
|-weather|Snowscape
|
|t:|1760329383
|switch|p1a: Tornadus|Tornadus-Therian, M|100/100|[from] Chilly Reception
|
|-weather|Snowscape|[upkeep]
|upkeep
|turn|20
|
|t:|1760329388
|-end|p2a: Iron Crown|Quark Drive|[silent]
|switch|p2a: Alomomola|Alomomola, M|100/100
|move|p1a: Tornadus|U-turn|p2a: Alomomola
|-damage|p2a: Alomomola|92/100
|
|t:|1760329393
|switch|p1a: Kingambit|Kingambit, M|100/100|[from] U-turn
|-activate|p1a: Kingambit|ability: Supreme Overlord
|-start|p1a: Kingambit|fallen2|[silent]
|
|-weather|Snowscape|[upkeep]
|upkeep
|turn|21
|
|t:|1760329400
|move|p1a: Kingambit|Swords Dance|p1a: Kingambit
|-boost|p1a: Kingambit|atk|2
|move|p2a: Alomomola|Flip Turn|p1a: Kingambit
|-damage|p1a: Kingambit|88/100
|
|t:|1760329405
|switch|p2a: Landorus|Landorus-Therian, M|100/100|[from] Flip Turn
|-ability|p2a: Landorus|Intimidate|boost
|-unboost|p1a: Kingambit|atk|1
|
|-weather|Snowscape|[upkeep]
|-end|p1a: Kingambit|move: Future Sight
|-immune|p1a: Kingambit
|-heal|p1a: Kingambit|94/100|[from] item: Leftovers
|upkeep
|turn|22
|
|t:|1760329414
|-end|p1a: Kingambit|fallen2|[silent]
|switch|p1a: Tornadus|Tornadus-Therian, M|100/100
|move|p2a: Landorus|Stealth Rock|p1a: Tornadus
|-sidestart|p1: sommeliersam|move: Stealth Rock
|
|-weather|Snowscape|[upkeep]
|upkeep
|turn|23
|
|t:|1760329424
|move|p1a: Tornadus|U-turn|p2a: Landorus
|-resisted|p2a: Landorus
|-damage|p2a: Landorus|94/100
|-damage|p1a: Tornadus|84/100|[from] item: Rocky Helmet|[of] p2a: Landorus
|
|t:|1760329429
|switch|p1a: Slowking|Slowking-Galar, F|100/100|[from] U-turn
|-damage|p1a: Slowking|88/100|[from] Stealth Rock
|move|p2a: Landorus|U-turn|p1a: Slowking
|-crit|p1a: Slowking
|-damage|p1a: Slowking|51/100
|
|t:|1760329435
|switch|p2a: Lokix|Lokix, M, tera:Bug|68/100|[from] U-turn
|
|-weather|none
|-heal|p1a: Slowking|57/100|[from] item: Black Sludge
|upkeep
|turn|24
|
|t:|1760329442
|move|p2a: Lokix|U-turn|p1a: Slowking
|-damage|p1a: Slowking|0 fnt
|faint|p1a: Slowking
|
|t:|1760329447
|switch|p2a: Darkrai|Darkrai|100/100|[from] U-turn
|
|upkeep
|
|t:|1760329449
|switch|p1a: Tornadus|Tornadus-Therian, M|100/100
|-damage|p1a: Tornadus|76/100|[from] Stealth Rock
|turn|25
|
|t:|1760329455
|move|p2a: Darkrai|Will-O-Wisp|p1a: Tornadus|[miss]
|-miss|p2a: Darkrai|p1a: Tornadus
|move|p1a: Tornadus|Bleakwind Storm|p2a: Darkrai
|-damage|p2a: Darkrai|49/100
|
|upkeep
|turn|26
|
|t:|1760329461
|switch|p2a: Alomomola|Alomomola, M|100/100
|move|p1a: Tornadus|Bleakwind Storm|p2a: Alomomola|[miss]
|-miss|p1a: Tornadus|p2a: Alomomola
|
|upkeep
|turn|27
|
|t:|1760329466
|move|p1a: Tornadus|U-turn|p2a: Alomomola
|-damage|p2a: Alomomola|93/100
|
|t:|1760329468
|switch|p1a: Kyurem|Kyurem|92/100|[from] U-turn
|-damage|p1a: Kyurem|68/100|[from] Stealth Rock
|-ability|p1a: Kyurem|Pressure
|move|p2a: Alomomola|Flip Turn|p1a: Kyurem
|-resisted|p1a: Kyurem
|-damage|p1a: Kyurem|60/100
|
|t:|1760329476
|switch|p2a: Iron Crown|Iron Crown|27/100|[from] Flip Turn
|
|upkeep
|turn|28
|
|t:|1760329485
|switch|p1a: Tornadus|Tornadus-Therian, M|100/100
|-damage|p1a: Tornadus|76/100|[from] Stealth Rock
|move|p2a: Iron Crown|Tachyon Cutter|p1a: Tornadus
|-damage|p1a: Tornadus|58/100
|-damage|p1a: Tornadus|40/100
|-hitcount|p1a: Tornadus|2
|
|upkeep
|turn|29
|
|t:|1760329493
|-end|p2a: Iron Crown|Quark Drive|[silent]
|switch|p2a: Alomomola|Alomomola, M|100/100
|move|p1a: Tornadus|Knock Off|p2a: Alomomola
|-damage|p2a: Alomomola|94/100
|
|upkeep
|turn|30
|
|t:|1760329498
|move|p1a: Tornadus|Bleakwind Storm|p2a: Alomomola
|-damage|p2a: Alomomola|53/100
|move|p2a: Alomomola|Flip Turn|p1a: Tornadus
|-damage|p1a: Tornadus|20/100
|
|t:|1760329505
|switch|p2a: Darkrai|Darkrai|49/100|[from] Flip Turn
|
|upkeep
|turn|31
|
|t:|1760329523
|move|p2a: Darkrai|Ice Beam|p1a: Tornadus
|-supereffective|p1a: Tornadus
|-damage|p1a: Tornadus|0 fnt
|faint|p1a: Tornadus
|
|upkeep
|
|t:|1760329525
|switch|p1a: Kingambit|Kingambit, M|94/100
|-damage|p1a: Kingambit|88/100|[from] Stealth Rock
|-activate|p1a: Kingambit|ability: Supreme Overlord
|-start|p1a: Kingambit|fallen4|[silent]
|turn|32
|
|t:|1760329541
|switch|p2a: Landorus|Landorus-Therian, M|94/100
|-ability|p2a: Landorus|Intimidate|boost
|-unboost|p1a: Kingambit|atk|1
|-terastallize|p1a: Kingambit|Fire
|move|p1a: Kingambit|Swords Dance|p1a: Kingambit
|-boost|p1a: Kingambit|atk|2
|
|-heal|p1a: Kingambit|94/100|[from] item: Leftovers
|upkeep
|turn|33
|j| wyjmjl
|
|t:|1760329550
|move|p1a: Kingambit|Sucker Punch|p2a: Landorus
|-damage|p2a: Landorus|16/100
|-damage|p1a: Kingambit|78/100|[from] item: Rocky Helmet|[of] p2a: Landorus
|move|p2a: Landorus|Earthquake|p1a: Kingambit
|-supereffective|p1a: Kingambit
|-damage|p1a: Kingambit|0 fnt
|faint|p1a: Kingambit
|-end|p1a: Kingambit|fallen4|[silent]
|
|upkeep
|-message|sommeliersam forfeited.
|
|win|G00D00D
|raw|sommeliersam's rating: 1706 &rarr; <strong>1687</strong><br />(-19 for losing)
|raw|G00D00D's rating: 1726 &rarr; <strong>1745</strong><br />(+19 for winning)
|l|☆sommeliersam
|player|p1|
|l|☆G00D00D
|player|p2|
|l| ZeroIQ McGoo
