|j|☆pkmbb
|j|☆gokusenshowdown9
|t:|1760390984
|gametype|singles
|player|p1|pkmbb|170|1114
|player|p2|gokusenshowdown9|169|1133
|gen|9
|tier|[Gen 9] OU
|rated|
|rule|HP Percentage Mod: HP is shown in percentages
|rule|Endless Battle Clause: Forcing endless battles is banned
|rule|Species Clause: Limit one of each Pokémon
|rule|OHKO Clause: OHKO moves are banned
|rule|Evasion Items Clause: Evasion items are banned
|rule|Evasion Moves Clause: Evasion moves are banned
|rule|Evasion Abilities Clause: Evasion abilities are banned
|rule|Sleep Moves Clause: Sleep-inducing moves are banned
|clearpoke
|poke|p1|Heracross, M|
|poke|p1|Araquanid, M|
|poke|p1|Illumise, F|
|poke|p1|Scizor, M|
|poke|p1|Lokix, F|
|poke|p1|Forretress, M|
|poke|p2|Scizor, M|
|poke|p2|Kingambit, M|
|poke|p2|Garganacl, F|
|poke|p2|Tyranitar, M|
|poke|p2|Ogerpon-Wellspring, F|
|poke|p2|Primarina, M|
|teampreview
|inactive|Battle timer is ON: inactive players will automatically lose when time's up. (requested by gokusenshowdown9)
|inactive|pkmbb has 120 seconds left.
|
|t:|1760391034
|teamsize|p1|6
|teamsize|p2|6
|start
|switch|p1a: Illmatic|Illumise, F|100/100
|switch|p2a: Scizor|Scizor, M|100/100
|turn|1
|
|t:|1760391046
|move|p1a: Illmatic|Thunder Wave|p2a: Scizor
|-status|p2a: Scizor|par
|move|p2a: Scizor|Bullet Punch|p1a: Illmatic
|-damage|p1a: Illmatic|52/100
|
|upkeep
|turn|2
|
|t:|1760391061
|move|p1a: Illmatic|U-turn|p2a: Scizor
|-resisted|p2a: Scizor
|-damage|p2a: Scizor|94/100 par
|
|t:|1760391067
|switch|p1a: Midnight Merauder|Forretress, M|100/100|[from] U-turn
|cant|p2a: Scizor|par
|
|-heal|p2a: Scizor|99/100 par|[from] item: Leftovers
|upkeep
|turn|3
|
|t:|1760391090
|move|p1a: Midnight Merauder|Spikes|p2a: Scizor
|-sidestart|p2: gokusenshowdown9|Spikes
|move|p2a: Scizor|Knock Off|p1a: Midnight Merauder
|-damage|p1a: Midnight Merauder|80/100
|-damage|p2a: Scizor|83/100 par|[from] item: Rocky Helmet|[of] p1a: Midnight Merauder
|-enditem|p1a: Midnight Merauder|Rocky Helmet|[from] move: Knock Off|[of] p2a: Scizor
|
|-heal|p2a: Scizor|89/100 par|[from] item: Leftovers
|upkeep
|turn|4
|
|t:|1760391099
|move|p1a: Midnight Merauder|Spikes|p2a: Scizor
|-sidestart|p2: gokusenshowdown9|Spikes
|move|p2a: Scizor|Defog|p1a: Midnight Merauder
|-unboost|p1a: Midnight Merauder|evasion|1
|-sideend|p2: gokusenshowdown9|Spikes|[from] move: Defog|[of] p2a: Scizor
|
|-heal|p2a: Scizor|96/100 par|[from] item: Leftovers
|upkeep
|turn|5
|inactive|gokusenshowdown9 has 120 seconds left.
|
|t:|1760391139
|switch|p2a: Garganacl|Garganacl, F|100/100
|move|p1a: Midnight Merauder|Stealth Rock|p2a: Garganacl
|-sidestart|p2: gokusenshowdown9|move: Stealth Rock
|
|upkeep
|turn|6
|
|t:|1760391158
|move|p1a: Midnight Merauder|Spikes|p2a: Garganacl
|-sidestart|p2: gokusenshowdown9|Spikes
|move|p2a: Garganacl|Salt Cure|p1a: Midnight Merauder
|-damage|p1a: Midnight Merauder|71/100
|-start|p1a: Midnight Merauder|Salt Cure
|
|-damage|p1a: Midnight Merauder|46/100|[from] Salt Cure
|upkeep
|turn|7
|
|t:|1760391165
|switch|p2a: Scizor|Scizor, M|96/100 par
|-damage|p2a: Scizor|83/100 par|[from] Stealth Rock
|-damage|p2a: Scizor|71/100 par|[from] Spikes
|move|p1a: Midnight Merauder|Spikes|p2a: Scizor
|-sidestart|p2: gokusenshowdown9|Spikes
|
|-heal|p2a: Scizor|77/100 par|[from] item: Leftovers
|-damage|p1a: Midnight Merauder|21/100|[from] Salt Cure
|upkeep
|turn|8
|
|t:|1760391181
|move|p1a: Midnight Merauder|Explosion|p2a: Scizor
|-resisted|p2a: Scizor
|-damage|p2a: Scizor|49/100 par
|faint|p1a: Midnight Merauder
|move|p2a: Scizor|Defog|p1: Midnight Merauder|[notarget]
|-fail|p2a: Scizor
|
|-heal|p2a: Scizor|55/100 par|[from] item: Leftovers
|upkeep
|inactive|pkmbb has 120 seconds left.
|
|t:|1760391211
|switch|p1a: Aquimini|Araquanid, M, shiny|100/100
|turn|9
|inactive|gokusenshowdown9 has 120 seconds left.
|
|t:|1760391231
|move|p1a: Aquimini|Hydro Pump|p2a: Scizor
|-damage|p2a: Scizor|0 fnt
|faint|p2a: Scizor
|
|upkeep
|
|t:|1760391234
|switch|p2a: Ogerpon|Ogerpon-Wellspring, F|100/100
|-damage|p2a: Ogerpon|88/100|[from] Stealth Rock
|-damage|p2a: Ogerpon|72/100|[from] Spikes
|turn|10
|
|t:|1760391246
|move|p2a: Ogerpon|Horn Leech|p1a: Aquimini
|-damage|p1a: Aquimini|54/100
|-heal|p2a: Ogerpon|98/100|[from] drain|[of] p1a: Aquimini
|move|p1a: Aquimini|Sticky Web|p2a: Ogerpon
|-sidestart|p2: gokusenshowdown9|move: Sticky Web
|
|-heal|p1a: Aquimini|60/100|[from] item: Leftovers
|upkeep
|turn|11
|
|t:|1760391256
|move|p2a: Ogerpon|Swords Dance|p2a: Ogerpon
|-boost|p2a: Ogerpon|atk|2
|move|p1a: Aquimini|Endeavor|p2a: Ogerpon
|-damage|p2a: Ogerpon|68/100
|
|-heal|p1a: Aquimini|67/100|[from] item: Leftovers
|upkeep
|turn|12
|
|t:|1760391261
|move|p2a: Ogerpon|Horn Leech|p1a: Aquimini
|-damage|p1a: Aquimini|0 fnt
|-heal|p2a: Ogerpon|100/100|[from] drain|[of] p1a: Aquimini
|faint|p1a: Aquimini
|
|upkeep
|
|t:|1760391268
|switch|p1a: Illmatic|Illumise, F|52/100
|turn|13
|
|t:|1760391273
|switch|p2a: Garganacl|Garganacl, F|100/100
|-damage|p2a: Garganacl|88/100|[from] Stealth Rock
|-damage|p2a: Garganacl|72/100|[from] Spikes
|-activate|p2a: Garganacl|move: Sticky Web
|-unboost|p2a: Garganacl|spe|1
|move|p1a: Illmatic|Thunder Wave|p2a: Garganacl
|-immune|p2a: Garganacl|[from] ability: Purifying Salt
|
|-heal|p2a: Garganacl|78/100|[from] item: Leftovers
|upkeep
|turn|14
|
|t:|1760391284
|move|p1a: Illmatic|U-turn|p2a: Garganacl
|-damage|p2a: Garganacl|68/100
|
|t:|1760391295
|switch|p1a: Liquid Swords|Heracross, M|100/100|[from] U-turn
|move|p2a: Garganacl|Stealth Rock|p1a: Liquid Swords
|-sidestart|p1: pkmbb|move: Stealth Rock
|
|-heal|p2a: Garganacl|74/100|[from] item: Leftovers
|upkeep
|turn|15
|
|t:|1760391307
|move|p1a: Liquid Swords|Close Combat|p2a: Garganacl
|-supereffective|p2a: Garganacl
|-damage|p2a: Garganacl|0 fnt
|-unboost|p1a: Liquid Swords|def|1
|-unboost|p1a: Liquid Swords|spd|1
|faint|p2a: Garganacl
|-ability|p1a: Liquid Swords|Moxie|boost
|-boost|p1a: Liquid Swords|atk|1
|
|upkeep
|
|t:|1760391313
|switch|p2a: Primarina|Primarina, M|100/100
|-damage|p2a: Primarina|88/100|[from] Stealth Rock
|-damage|p2a: Primarina|72/100|[from] Spikes
|-activate|p2a: Primarina|move: Sticky Web
|-unboost|p2a: Primarina|spe|1
|turn|16
|
|t:|1760391320
|-terastallize|p1a: Liquid Swords|Fighting
|move|p1a: Liquid Swords|Close Combat|p2a: Primarina
|-resisted|p2a: Primarina
|-damage|p2a: Primarina|0 fnt
|-unboost|p1a: Liquid Swords|def|1
|-unboost|p1a: Liquid Swords|spd|1
|faint|p2a: Primarina
|-ability|p1a: Liquid Swords|Moxie|boost
|-boost|p1a: Liquid Swords|atk|1
|
|upkeep
|
|t:|1760391331
|switch|p2a: Ogerpon|Ogerpon-Wellspring, F|100/100
|-damage|p2a: Ogerpon|88/100|[from] Stealth Rock
|-damage|p2a: Ogerpon|72/100|[from] Spikes
|-activate|p2a: Ogerpon|move: Sticky Web
|-unboost|p2a: Ogerpon|spe|1
|turn|17
|
|t:|1760391337
|move|p1a: Liquid Swords|Close Combat|p2a: Ogerpon
|-damage|p2a: Ogerpon|0 fnt
|-unboost|p1a: Liquid Swords|def|1
|-unboost|p1a: Liquid Swords|spd|1
|faint|p2a: Ogerpon
|-ability|p1a: Liquid Swords|Moxie|boost
|-boost|p1a: Liquid Swords|atk|1
|
|upkeep
|
|t:|1760391345
|switch|p2a: Kingambit|Kingambit, M|100/100
|-damage|p2a: Kingambit|94/100|[from] Stealth Rock
|-damage|p2a: Kingambit|78/100|[from] Spikes
|-activate|p2a: Kingambit|move: Sticky Web
|-unboost|p2a: Kingambit|spe|1
|-activate|p2a: Kingambit|ability: Supreme Overlord
|-start|p2a: Kingambit|fallen4|[silent]
|turn|18
|
|t:|1760391349
|move|p2a: Kingambit|Sucker Punch|p1a: Liquid Swords
|-resisted|p1a: Liquid Swords
|-damage|p1a: Liquid Swords|3/100
|move|p1a: Liquid Swords|Close Combat|p2a: Kingambit
|-supereffective|p2a: Kingambit
|-damage|p2a: Kingambit|0 fnt
|-unboost|p1a: Liquid Swords|def|1
|-unboost|p1a: Liquid Swords|spd|1
|faint|p2a: Kingambit
|-end|p2a: Kingambit|fallen4|[silent]
|-ability|p1a: Liquid Swords|Moxie|boost
|-boost|p1a: Liquid Swords|atk|1
|
|upkeep
|
|t:|1760391352
|switch|p2a: Tyranitar|Tyranitar, M|100/100
|-damage|p2a: Tyranitar|88/100|[from] Stealth Rock
|-damage|p2a: Tyranitar|72/100|[from] Spikes
|-activate|p2a: Tyranitar|move: Sticky Web
|-unboost|p2a: Tyranitar|spe|1
|-weather|Sandstorm|[from] ability: Sand Stream|[of] p2a: Tyranitar
|turn|19
|
|t:|1760391366
|-terastallize|p2a: Tyranitar|Flying
|move|p1a: Liquid Swords|Close Combat|p2a: Tyranitar
|-resisted|p2a: Tyranitar
|-damage|p2a: Tyranitar|0 fnt
|-unboost|p1a: Liquid Swords|def|1
|-unboost|p1a: Liquid Swords|spd|1
|faint|p2a: Tyranitar
|
|win|pkmbb
|raw|pkmbb's rating: 1114 &rarr; <strong>1140</strong><br />(+26 for winning)
|raw|gokusenshowdown9's rating: 1133 &rarr; <strong>1107</strong><br />(-26 for losing)
|l|☆gokusenshowdown9
|player|p2|
|l|☆pkmbb
|player|p1|
