|j|☆Maxacality
|j|☆Inhale.flow
|t:|1760379091
|gametype|singles
|player|p1|Maxacality|brycenman|1239
|player|p2|Inhale.flow|scientist-gen4|1178
|gen|9
|tier|[Gen 9] OU
|rated|
|rule|HP Percentage Mod: HP is shown in percentages
|rule|Endless Battle Clause: Forcing endless battles is banned
|rule|Species Clause: Limit one of each Pokémon
|rule|OHKO Clause: OHKO moves are banned
|rule|Evasion Items Clause: Evasion items are banned
|rule|Evasion Moves Clause: Evasion moves are banned
|rule|Evasion Abilities Clause: Evasion abilities are banned
|rule|Sleep Moves Clause: Sleep-inducing moves are banned
|clearpoke
|poke|p1|Avalugg-Hisui, F|
|poke|p1|Ogerpon-Wellspring, F|
|poke|p1|Gholdengo|
|poke|p1|Clodsire, F|
|poke|p1|Enamorus-Therian, F|
|poke|p1|Raging Bolt|
|poke|p2|Glimmora, M|
|poke|p2|Kyurem|
|poke|p2|Iron Valiant|
|poke|p2|Gholdengo|
|poke|p2|Kingambit, M|
|poke|p2|Landorus-Therian, M|
|teampreview
|
|t:|1760379102
|teamsize|p1|6
|teamsize|p2|6
|start
|switch|p1a: Avalugg|Avalugg-Hisui, F|100/100
|switch|p2a: Lifeseed|Glimmora, M, shiny|100/100
|turn|1
|
|t:|1760379113
|move|p2a: Lifeseed|Power Gem|p1a: Avalugg
|-supereffective|p1a: Avalugg
|-crit|p1a: Avalugg
|-ability|p1a: Avalugg|Sturdy
|-damage|p1a: Avalugg|1/100
|move|p1a: Avalugg|Earthquake|p2a: Lifeseed
|-supereffective|p2a: Lifeseed
|-enditem|p2a: Lifeseed|Focus Sash
|-damage|p2a: Lifeseed|1/100
|-activate|p2a: Lifeseed|ability: Toxic Debris
|-sidestart|p1: Maxacality|move: Toxic Spikes
|
|upkeep
|turn|2
|-enditem|p1a: Avalugg|Custap Berry|[eat]
|-activate|p1a: Avalugg|item: Custap Berry|[consumed]
|
|t:|1760379123
|move|p1a: Avalugg|Rapid Spin|p2a: Lifeseed
|-resisted|p2a: Lifeseed
|-damage|p2a: Lifeseed|0 fnt
|-boost|p1a: Avalugg|spe|1
|-activate|p2a: Lifeseed|ability: Toxic Debris
|-sidestart|p1: Maxacality|move: Toxic Spikes
|-sideend|p1: Maxacality|Toxic Spikes|[from] move: Rapid Spin|[of] p1a: Avalugg
|faint|p2a: Lifeseed
|
|upkeep
|
|t:|1760379131
|switch|p2a: Land's Edge|Landorus-Therian, M|100/100
|-ability|p2a: Land's Edge|Intimidate|boost
|-unboost|p1a: Avalugg|atk|1
|turn|3
|
|t:|1760379135
|move|p2a: Land's Edge|U-turn|p1a: Avalugg
|-damage|p1a: Avalugg|0 fnt
|faint|p1a: Avalugg
|
|t:|1760379139
|switch|p2a: Second Sentinel|Iron Valiant|100/100|[from] U-turn
|
|upkeep
|
|t:|1760379154
|switch|p1a: Gholdengo|Gholdengo|100/100
|-item|p1a: Gholdengo|Air Balloon
|turn|4
|
|t:|1760379165
|move|p2a: Second Sentinel|Moonblast|p1a: Gholdengo
|-resisted|p1a: Gholdengo
|-damage|p1a: Gholdengo|74/100
|-enditem|p1a: Gholdengo|Air Balloon
|-damage|p2a: Second Sentinel|91/100|[from] item: Life Orb
|move|p1a: Gholdengo|Make It Rain|p2a: Second Sentinel
|-supereffective|p2a: Second Sentinel
|-damage|p2a: Second Sentinel|0 fnt
|-unboost|p1a: Gholdengo|spa|1
|faint|p2a: Second Sentinel
|-end|p2a: Second Sentinel|Quark Drive|[silent]
|
|upkeep
|
|t:|1760379176
|switch|p2a: Land's Edge|Landorus-Therian, M|100/100
|-ability|p2a: Land's Edge|Intimidate|boost
|-unboost|p1a: Gholdengo|atk|1
|turn|5
|
|t:|1760379183
|switch|p1a: Enamorus|Enamorus-Therian, F|100/100
|move|p2a: Land's Edge|Stealth Rock|p1a: Enamorus
|-sidestart|p1: Maxacality|move: Stealth Rock
|
|upkeep
|turn|6
|
|t:|1760379192
|move|p2a: Land's Edge|Taunt|p1a: Enamorus
|-start|p1a: Enamorus|move: Taunt
|cant|p1a: Enamorus|move: Taunt|Iron Defense
|
|upkeep
|turn|7
|
|t:|1760379205
|switch|p1a: Gholdengo|Gholdengo|74/100
|-damage|p1a: Gholdengo|68/100|[from] Stealth Rock
|move|p2a: Land's Edge|U-turn|p1a: Gholdengo
|-resisted|p1a: Gholdengo
|-damage|p1a: Gholdengo|60/100
|
|t:|1760379211
|switch|p2a: Gorgeous Husk|Gholdengo|100/100|[from] U-turn
|-item|p2a: Gorgeous Husk|Air Balloon
|
|upkeep
|turn|8
|
|t:|1760379219
|-terastallize|p1a: Gholdengo|Fighting
|move|p1a: Gholdengo|Shadow Ball|p2a: Gorgeous Husk
|-supereffective|p2a: Gorgeous Husk
|-damage|p2a: Gorgeous Husk|0 fnt
|-enditem|p2a: Gorgeous Husk|Air Balloon
|faint|p2a: Gorgeous Husk
|
|upkeep
|
|t:|1760379229
|switch|p2a: Land's Edge|Landorus-Therian, M|100/100
|-ability|p2a: Land's Edge|Intimidate|boost
|-unboost|p1a: Gholdengo|atk|1
|turn|9
|
|t:|1760379233
|move|p2a: Land's Edge|Earthquake|p1a: Gholdengo
|-crit|p1a: Gholdengo
|-damage|p1a: Gholdengo|0 fnt
|faint|p1a: Gholdengo
|
|upkeep
|
|t:|1760379240
|switch|p1a: Ogerpon|Ogerpon-Wellspring, F|100/100
|-damage|p1a: Ogerpon|88/100|[from] Stealth Rock
|turn|10
|
|t:|1760379249
|move|p1a: Ogerpon|Ivy Cudgel|p2a: Land's Edge|[anim] Ivy Cudgel Water
|-supereffective|p2a: Land's Edge
|-crit|p2a: Land's Edge
|-damage|p2a: Land's Edge|0 fnt
|faint|p2a: Land's Edge
|
|upkeep
|
|t:|1760379254
|switch|p2a: Crystal Guardian|Kyurem, shiny|100/100
|-ability|p2a: Crystal Guardian|Pressure
|turn|11
|
|t:|1760379264
|-terastallize|p2a: Crystal Guardian|Ice
|move|p2a: Crystal Guardian|Freeze-Dry|p1a: Ogerpon
|-supereffective|p1a: Ogerpon
|-damage|p1a: Ogerpon|0 fnt
|faint|p1a: Ogerpon
|
|upkeep
|
|t:|1760379270
|switch|p1a: Raging Bolt|Raging Bolt|100/100
|-damage|p1a: Raging Bolt|88/100|[from] Stealth Rock
|-enditem|p1a: Raging Bolt|Booster Energy
|-activate|p1a: Raging Bolt|ability: Protosynthesis|[fromitem]
|-start|p1a: Raging Bolt|protosynthesisspa
|turn|12
|
|t:|1760379274
|move|p1a: Raging Bolt|Thunderclap|p2a: Crystal Guardian
|-damage|p2a: Crystal Guardian|45/100
|move|p2a: Crystal Guardian|Freeze-Dry|p1a: Raging Bolt
|-supereffective|p1a: Raging Bolt
|-damage|p1a: Raging Bolt|0 fnt
|faint|p1a: Raging Bolt
|-end|p1a: Raging Bolt|Protosynthesis|[silent]
|
|upkeep
|
|t:|1760379279
|switch|p1a: Clodsire|Clodsire, F|100/100
|-damage|p1a: Clodsire|94/100|[from] Stealth Rock
|turn|13
|
|t:|1760379282
|move|p2a: Crystal Guardian|Freeze-Dry|p1a: Clodsire
|-supereffective|p1a: Clodsire
|-damage|p1a: Clodsire|46/100
|move|p1a: Clodsire|Bulldoze|p2a: Crystal Guardian
|-damage|p2a: Crystal Guardian|30/100
|-unboost|p2a: Crystal Guardian|spe|1
|
|-heal|p1a: Clodsire|52/100|[from] item: Black Sludge
|upkeep
|turn|14
|
|t:|1760379286
|move|p2a: Crystal Guardian|Freeze-Dry|p1a: Clodsire
|-supereffective|p1a: Clodsire
|-damage|p1a: Clodsire|2/100
|move|p1a: Clodsire|Recover|p1a: Clodsire
|-heal|p1a: Clodsire|52/100
|
|-heal|p1a: Clodsire|58/100|[from] item: Black Sludge
|upkeep
|turn|15
|
|t:|1760379292
|move|p2a: Crystal Guardian|Freeze-Dry|p1a: Clodsire
|-supereffective|p1a: Clodsire
|-damage|p1a: Clodsire|5/100
|move|p1a: Clodsire|Bulldoze|p2a: Crystal Guardian
|-damage|p2a: Crystal Guardian|14/100
|-unboost|p2a: Crystal Guardian|spe|1
|
|-heal|p1a: Clodsire|11/100|[from] item: Black Sludge
|upkeep
|turn|16
|
|t:|1760379296
|move|p2a: Crystal Guardian|Freeze-Dry|p1a: Clodsire
|-supereffective|p1a: Clodsire
|-damage|p1a: Clodsire|0 fnt
|faint|p1a: Clodsire
|
|upkeep
|
|t:|1760379298
|switch|p1a: Enamorus|Enamorus-Therian, F|100/100
|turn|17
|
|t:|1760379303
|switch|p2a: Crust King Kahn|Kingambit, M|100/100
|-activate|p2a: Crust King Kahn|ability: Supreme Overlord
|-start|p2a: Crust King Kahn|fallen4|[silent]
|move|p1a: Enamorus|Draining Kiss|p2a: Crust King Kahn
|-damage|p2a: Crust King Kahn|72/100
|
|upkeep
|turn|18
|
|t:|1760379305
|move|p2a: Crust King Kahn|Sucker Punch||[still]
|-fail|p2a: Crust King Kahn
|move|p1a: Enamorus|Iron Defense|p1a: Enamorus
|-boost|p1a: Enamorus|def|2
|
|upkeep
|turn|19
|
|t:|1760379312
|move|p1a: Enamorus|Calm Mind|p1a: Enamorus
|-boost|p1a: Enamorus|spa|1
|-boost|p1a: Enamorus|spd|1
|move|p2a: Crust King Kahn|Iron Head|p1a: Enamorus
|-supereffective|p1a: Enamorus
|-damage|p1a: Enamorus|45/100
|
|upkeep
|turn|20
|
|t:|1760379319
|move|p1a: Enamorus|Earth Power|p2a: Crust King Kahn
|-supereffective|p2a: Crust King Kahn
|-damage|p2a: Crust King Kahn|0 fnt
|faint|p2a: Crust King Kahn
|-end|p2a: Crust King Kahn|fallen4|[silent]
|
|upkeep
|
|t:|1760379322
|switch|p2a: Crystal Guardian|Kyurem, shiny, tera:Ice|14/100
|-ability|p2a: Crystal Guardian|Pressure
|turn|21
|
|t:|1760379325
|move|p2a: Crystal Guardian|Freeze-Dry|p1a: Enamorus
|-supereffective|p1a: Enamorus
|-damage|p1a: Enamorus|0 fnt
|faint|p1a: Enamorus
|
|win|Inhale.flow
|raw|Maxacality's rating: 1262 &rarr; <strong>1231</strong><br />(-31 for losing)
|raw|Inhale.flow's rating: 1178 &rarr; <strong>1209</strong><br />(+31 for winning)
|c|☆Maxacality|gg
|l|☆Maxacality
|player|p1|
|c|☆Inhale.flow|gg
