|j|☆leosyspu
|j|☆Fan de Jungko
|t:|1760429039
|gametype|singles
|player|p1|leosyspu|cynthia|1305
|player|p2|Fan de Jungko|swimmer|1256
|gen|9
|tier|[Gen 9] OU
|rated|
|rule|HP Percentage Mod: HP is shown in percentages
|rule|Endless Battle Clause: Forcing endless battles is banned
|rule|Species Clause: Limit one of each Pokémon
|rule|OHKO Clause: OHKO moves are banned
|rule|Evasion Items Clause: Evasion items are banned
|rule|Evasion Moves Clause: Evasion moves are banned
|rule|Evasion Abilities Clause: Evasion abilities are banned
|rule|Sleep Moves Clause: Sleep-inducing moves are banned
|clearpoke
|poke|p1|Gardevoir, F|
|poke|p1|Galvantula, M|
|poke|p1|Cinderace, F|
|poke|p1|Conkeldurr, F|
|poke|p1|Empoleon, F|
|poke|p1|Arcanine-Hisui, F|
|poke|p2|Iron Crown|
|poke|p2|Samurott-Hisui, F|
|poke|p2|Zapdos|
|poke|p2|Dragapult, F|
|poke|p2|Great Tusk|
|poke|p2|Iron Valiant|
|teampreview
|inactive|Battle timer is ON: inactive players will automatically lose when time's up. (requested by leosyspu)
|
|t:|1760429047
|teamsize|p1|6
|teamsize|p2|6
|start
|switch|p1a: Conkeldurr|Conkeldurr, F|100/100
|switch|p2a: Everytime We Touch|Samurott-Hisui, F|100/100
|turn|1
|
|t:|1760429056
|move|p2a: Everytime We Touch|Flip Turn|p1a: Conkeldurr
|-damage|p1a: Conkeldurr|76/100
|
|t:|1760429061
|switch|p2a: Hurikan|Zapdos|100/100|[from] Flip Turn
|move|p1a: Conkeldurr|Drain Punch|p2a: Hurikan
|-resisted|p2a: Hurikan
|-damage|p2a: Hurikan|83/100
|-heal|p1a: Conkeldurr|84/100|[from] drain|[of] p2a: Hurikan
|
|-status|p1a: Conkeldurr|brn|[from] item: Flame Orb
|upkeep
|turn|2
|
|t:|1760429074
|switch|p1a: Arcanine|Arcanine-Hisui, F|100/100
|move|p2a: Hurikan|Hurricane|p1a: Arcanine|[miss]
|-miss|p2a: Hurikan|p1a: Arcanine
|
|upkeep
|turn|3
|
|t:|1760429087
|switch|p2a: Pump It|Great Tusk|100/100
|move|p1a: Arcanine|Head Smash|p2a: Pump It
|-resisted|p2a: Pump It
|-damage|p2a: Pump It|84/100
|-damage|p1a: Arcanine|91/100|[from] item: Life Orb
|
|upkeep
|turn|4
|
|t:|1760429099
|switch|p1a: Conkeldurr|Conkeldurr, F|84/100 brn
|move|p2a: Pump It|Stealth Rock|p1a: Conkeldurr
|-sidestart|p1: leosyspu|move: Stealth Rock
|
|-damage|p1a: Conkeldurr|78/100 brn|[from] brn
|upkeep
|turn|5
|
|t:|1760429107
|move|p2a: Pump It|Headlong Rush|p1a: Conkeldurr
|-damage|p1a: Conkeldurr|25/100 brn
|-unboost|p2a: Pump It|def|1
|-unboost|p2a: Pump It|spd|1
|move|p1a: Conkeldurr|Ice Punch|p2a: Pump It
|-supereffective|p2a: Pump It
|-damage|p2a: Pump It|0 fnt
|faint|p2a: Pump It
|-end|p2a: Pump It|Protosynthesis|[silent]
|
|-damage|p1a: Conkeldurr|19/100 brn|[from] brn
|upkeep
|
|t:|1760429119
|switch|p2a: Parasite|Dragapult, F|100/100
|turn|6
|
|t:|1760429127
|switch|p1a: Empoleon|Empoleon, F|100/100
|-damage|p1a: Empoleon|94/100|[from] Stealth Rock
|-terastallize|p2a: Parasite|Ghost
|move|p2a: Parasite|Tera Blast|p1a: Empoleon|[anim] Tera Blast Ghost
|-damage|p1a: Empoleon|31/100
|
|-heal|p1a: Empoleon|38/100|[from] item: Leftovers
|upkeep
|turn|7
|
|t:|1760429140
|move|p2a: Parasite|Tera Blast|p1a: Empoleon|[anim] Tera Blast Ghost
|-damage|p1a: Empoleon|0 fnt
|faint|p1a: Empoleon
|
|upkeep
|
|t:|1760429151
|switch|p1a: Cinderace|Cinderace, F|100/100
|turn|8
|
|t:|1760429157
|switch|p2a: Iron Valiant|Iron Valiant|100/100
|-enditem|p2a: Iron Valiant|Booster Energy
|-activate|p2a: Iron Valiant|ability: Quark Drive|[fromitem]
|-start|p2a: Iron Valiant|quarkdrivespe
|move|p1a: Cinderace|Sucker Punch||[still]
|-fail|p1a: Cinderace
|
|upkeep
|turn|9
|
|t:|1760429165
|move|p2a: Iron Valiant|Encore|p1a: Cinderace
|-start|p1a: Cinderace|Encore
|move|p1a: Cinderace|Sucker Punch||[still]
|-fail|p1a: Cinderace
|
|upkeep
|turn|10
|
|t:|1760429174
|switch|p1a: Arcanine|Arcanine-Hisui, F|91/100
|-damage|p1a: Arcanine|66/100|[from] Stealth Rock
|move|p2a: Iron Valiant|Swords Dance|p2a: Iron Valiant
|-boost|p2a: Iron Valiant|atk|2
|
|upkeep
|turn|11
|
|t:|1760429183
|-terastallize|p1a: Arcanine|Normal
|move|p1a: Arcanine|Extreme Speed|p2a: Iron Valiant
|-damage|p2a: Iron Valiant|36/100
|-damage|p1a: Arcanine|56/100|[from] item: Life Orb
|move|p2a: Iron Valiant|Close Combat|p1a: Arcanine
|-supereffective|p1a: Arcanine
|-damage|p1a: Arcanine|0 fnt
|-unboost|p2a: Iron Valiant|def|1
|-unboost|p2a: Iron Valiant|spd|1
|faint|p1a: Arcanine
|
|upkeep
|-message|leosyspu forfeited.
|
|win|Fan de Jungko
|raw|leosyspu's rating: 1305 &rarr; <strong>1282</strong><br />(-23 for losing)
|raw|Fan de Jungko's rating: 1256 &rarr; <strong>1285</strong><br />(+29 for winning)
|l|☆leosyspu
|player|p1|
|l|☆Fan de Jungko
|player|p2|
