|j|☆manu333
|j|☆potayo
|t:|1760328512
|gametype|singles
|player|p1|manu333|wallace|1584
|player|p2|potayo|clerk|1629
|gen|9
|tier|[Gen 9] OU
|rated|
|rule|HP Percentage Mod: HP is shown in percentages
|rule|Endless Battle Clause: Forcing endless battles is banned
|rule|Species Clause: Limit one of each Pokémon
|rule|OHKO Clause: OHKO moves are banned
|rule|Evasion Items Clause: Evasion items are banned
|rule|Evasion Moves Clause: Evasion moves are banned
|rule|Evasion Abilities Clause: Evasion abilities are banned
|rule|Sleep Moves Clause: Sleep-inducing moves are banned
|clearpoke
|poke|p1|Pecharunt|
|poke|p1|Ting-Lu|
|poke|p1|Clefable, M|
|poke|p1|Walking Wake|
|poke|p1|Zamazenta-*|
|poke|p1|Skarmory, M|
|poke|p2|Hoopa-Unbound|
|poke|p2|Thundurus, M|
|poke|p2|Revavroom, F|
|poke|p2|Kommo-o, F|
|poke|p2|Iron Hands|
|poke|p2|Indeedee, M|
|teampreview
|inactive|Battle timer is ON: inactive players will automatically lose when time's up. (requested by manu333)
|
|t:|1760328523
|teamsize|p1|6
|teamsize|p2|6
|start
|switch|p1a: Clefable|Clefable, M|100/100
|switch|p2a: Kommo-o|Kommo-o, F|100/100
|turn|1
|
|t:|1760328534
|switch|p2a: Hoopa|Hoopa-Unbound|100/100
|move|p1a: Clefable|Moonblast|p2a: Hoopa
|-supereffective|p2a: Hoopa
|-damage|p2a: Hoopa|67/100
|
|-heal|p2a: Hoopa|73/100|[from] item: Leftovers
|upkeep
|turn|2
|
|t:|1760328541
|switch|p1a: Skarmory|Skarmory, M|100/100
|move|p2a: Hoopa|Psychic Noise|p1a: Skarmory
|-resisted|p1a: Skarmory
|-damage|p1a: Skarmory|74/100
|-start|p1a: Skarmory|move: Heal Block
|
|-heal|p2a: Hoopa|79/100|[from] item: Leftovers
|upkeep
|turn|3
|
|t:|1760328548
|switch|p1a: Ting-Lu|Ting-Lu|100/100
|-ability|p1a: Ting-Lu|Vessel of Ruin
|move|p2a: Hoopa|Hyperspace Fury|p1a: Ting-Lu
|-resisted|p1a: Ting-Lu
|-damage|p1a: Ting-Lu|87/100
|-unboost|p2a: Hoopa|def|1
|
|-heal|p2a: Hoopa|85/100|[from] item: Leftovers
|-heal|p1a: Ting-Lu|93/100|[from] item: Leftovers
|upkeep
|turn|4
|
|t:|1760328555
|move|p2a: Hoopa|Destiny Bond|p2a: Hoopa
|-singlemove|p2a: Hoopa|Destiny Bond
|move|p1a: Ting-Lu|Stealth Rock|p2a: Hoopa
|-sidestart|p2: potayo|move: Stealth Rock
|
|-heal|p2a: Hoopa|91/100|[from] item: Leftovers
|-heal|p1a: Ting-Lu|99/100|[from] item: Leftovers
|upkeep
|turn|5
|
|t:|1760328559
|-singleturn|p2a: Hoopa|move: Focus Punch
|move|p1a: Ting-Lu|Ruination|p2a: Hoopa
|-damage|p2a: Hoopa|46/100
|cant|p2a: Hoopa|Focus Punch|Focus Punch
|
|-heal|p2a: Hoopa|52/100|[from] item: Leftovers
|-heal|p1a: Ting-Lu|100/100|[from] item: Leftovers
|upkeep
|turn|6
|
|t:|1760328564
|move|p2a: Hoopa|Destiny Bond|p2a: Hoopa
|-singlemove|p2a: Hoopa|Destiny Bond
|move|p1a: Ting-Lu|Earthquake|p2a: Hoopa
|-damage|p2a: Hoopa|0 fnt
|faint|p2a: Hoopa
|-activate|p2a: Hoopa|move: Destiny Bond
|faint|p1a: Ting-Lu
|
|upkeep
|
|t:|1760328572
|switch|p2a: Indeedee|Indeedee, M|100/100
|switch|p1a: Walking Wake|Walking Wake|100/100
|-damage|p2a: Indeedee|88/100|[from] Stealth Rock
|-fieldstart|move: Psychic Terrain|[from] ability: Psychic Surge|[of] p2a: Indeedee
|turn|7
|
|t:|1760328577
|-terastallize|p2a: Indeedee|Psychic
|move|p2a: Indeedee|Expanding Force|p1a: Walking Wake
|-damage|p1a: Walking Wake|0 fnt
|faint|p1a: Walking Wake
|-end|p1a: Walking Wake|Protosynthesis|[silent]
|
|upkeep
|
|t:|1760328587
|switch|p1a: Zamazenta|Zamazenta|100/100
|-ability|p1a: Zamazenta|Dauntless Shield|boost
|-boost|p1a: Zamazenta|def|1
|turn|8
|
|t:|1760328598
|switch|p2a: Kommo-o|Kommo-o, F|100/100
|-damage|p2a: Kommo-o|94/100|[from] Stealth Rock
|-terastallize|p1a: Zamazenta|Steel
|move|p1a: Zamazenta|Crunch|p2a: Kommo-o
|-resisted|p2a: Kommo-o
|-damage|p2a: Kommo-o|82/100
|-unboost|p2a: Kommo-o|def|1
|
|upkeep
|turn|9
|
|t:|1760328604
|switch|p1a: Clefable|Clefable, M|100/100
|move|p2a: Kommo-o|Flamethrower|p1a: Clefable
|-damage|p1a: Clefable|74/100
|
|-heal|p1a: Clefable|80/100|[from] item: Leftovers
|upkeep
|turn|10
|
|t:|1760328610
|move|p2a: Kommo-o|Boomburst|p1a: Clefable
|-damage|p1a: Clefable|39/100
|move|p1a: Clefable|Moonblast|p2a: Kommo-o
|-supereffective|p2a: Kommo-o
|-damage|p2a: Kommo-o|0 fnt
|faint|p2a: Kommo-o
|
|-heal|p1a: Clefable|45/100|[from] item: Leftovers
|upkeep
|
|t:|1760328614
|switch|p2a: Revavroom|Revavroom, F|100/100
|-damage|p2a: Revavroom|94/100|[from] Stealth Rock
|-item|p2a: Revavroom|Air Balloon
|turn|11
|
|t:|1760328617
|switch|p1a: Skarmory|Skarmory, M|74/100
|move|p2a: Revavroom|Shift Gear|p2a: Revavroom
|-boost|p2a: Revavroom|spe|2
|-boost|p2a: Revavroom|atk|1
|
|-fieldend|move: Psychic Terrain
|upkeep
|turn|12
|
|t:|1760328622
|move|p2a: Revavroom|Iron Head|p1a: Skarmory
|-resisted|p1a: Skarmory
|-damage|p1a: Skarmory|55/100
|-damage|p2a: Revavroom|78/100|[from] item: Rocky Helmet|[of] p1a: Skarmory
|move|p1a: Skarmory|Spikes|p2a: Revavroom
|-sidestart|p2: potayo|Spikes
|
|upkeep
|turn|13
|
|t:|1760328628
|move|p2a: Revavroom|Iron Head|p1a: Skarmory
|-resisted|p1a: Skarmory
|-damage|p1a: Skarmory|34/100
|-damage|p2a: Revavroom|61/100|[from] item: Rocky Helmet|[of] p1a: Skarmory
|move|p1a: Skarmory|Roost|p1a: Skarmory
|-heal|p1a: Skarmory|85/100
|-singleturn|p1a: Skarmory|move: Roost
|
|upkeep
|turn|14
|j| ZeroIQ McGoo
|
|t:|1760328632
|switch|p2a: Iron Hands|Iron Hands|100/100
|-damage|p2a: Iron Hands|94/100|[from] Stealth Rock
|-damage|p2a: Iron Hands|82/100|[from] Spikes
|move|p1a: Skarmory|Spikes|p2a: Iron Hands
|-sidestart|p2: potayo|Spikes
|
|upkeep
|turn|15
|
|t:|1760328635
|switch|p1a: Pecharunt|Pecharunt|100/100
|move|p2a: Iron Hands|Volt Switch|p1a: Pecharunt
|-damage|p1a: Pecharunt|89/100
|
|t:|1760328638
|-end|p2a: Iron Hands|Quark Drive|[silent]
|switch|p2a: Indeedee|Indeedee, M, tera:Psychic|88/100|[from] Volt Switch
|-damage|p2a: Indeedee|76/100|[from] Stealth Rock
|-damage|p2a: Indeedee|60/100|[from] Spikes
|-fieldstart|move: Psychic Terrain|[from] ability: Psychic Surge|[of] p2a: Indeedee
|
|upkeep
|turn|16
|
|t:|1760328642
|switch|p1a: Zamazenta|Zamazenta, tera:Steel|100/100
|move|p2a: Indeedee|Expanding Force|p1a: Zamazenta
|-resisted|p1a: Zamazenta
|-damage|p1a: Zamazenta|56/100
|
|upkeep
|turn|17
|
|t:|1760328649
|switch|p2a: Revavroom|Revavroom, F|61/100
|-damage|p2a: Revavroom|55/100|[from] Stealth Rock
|-item|p2a: Revavroom|Air Balloon
|move|p1a: Zamazenta|Close Combat|p2a: Revavroom
|-damage|p2a: Revavroom|0 fnt
|-unboost|p1a: Zamazenta|def|1
|-unboost|p1a: Zamazenta|spd|1
|-enditem|p2a: Revavroom|Air Balloon
|faint|p2a: Revavroom
|
|upkeep
|
|t:|1760328652
|switch|p2a: Indeedee|Indeedee, M, tera:Psychic|60/100
|-damage|p2a: Indeedee|47/100|[from] Stealth Rock
|-damage|p2a: Indeedee|31/100|[from] Spikes
|turn|18
|
|t:|1760328657
|switch|p1a: Clefable|Clefable, M|45/100
|move|p2a: Indeedee|Expanding Force|p1a: Clefable
|-damage|p1a: Clefable|0 fnt
|faint|p1a: Clefable
|
|upkeep
|
|t:|1760328659
|switch|p1a: Zamazenta|Zamazenta, tera:Steel|56/100
|turn|19
|
|t:|1760328662
|move|p2a: Indeedee|Expanding Force|p1a: Zamazenta
|-resisted|p1a: Zamazenta
|-damage|p1a: Zamazenta|13/100
|move|p1a: Zamazenta|Close Combat|p2a: Indeedee
|-resisted|p2a: Indeedee
|-damage|p2a: Indeedee|0 fnt
|-unboost|p1a: Zamazenta|def|1
|-unboost|p1a: Zamazenta|spd|1
|faint|p2a: Indeedee
|
|-fieldend|move: Psychic Terrain
|upkeep
|
|t:|1760328668
|switch|p2a: Iron Hands|Iron Hands|82/100
|-damage|p2a: Iron Hands|76/100|[from] Stealth Rock
|-damage|p2a: Iron Hands|59/100|[from] Spikes
|turn|20
|
|t:|1760328670
|switch|p1a: Pecharunt|Pecharunt|89/100
|move|p2a: Iron Hands|Volt Switch|p1a: Pecharunt
|-crit|p1a: Pecharunt
|-damage|p1a: Pecharunt|70/100
|
|t:|1760328672
|-end|p2a: Iron Hands|Quark Drive|[silent]
|switch|p2a: Thundurus|Thundurus, M|100/100|[from] Volt Switch
|-damage|p2a: Thundurus|76/100|[from] Stealth Rock
|
|upkeep
|turn|21
|
|t:|1760328674
|move|p2a: Thundurus|Bulk Up|p2a: Thundurus
|-boost|p2a: Thundurus|atk|1
|-boost|p2a: Thundurus|def|1
|move|p1a: Pecharunt|Malignant Chain|p2a: Thundurus
|-damage|p2a: Thundurus|52/100
|-status|p2a: Thundurus|tox
|-start|p2a: Thundurus|confusion|[from] ability: Poison Puppeteer|[of] p1a: Pecharunt
|
|-damage|p2a: Thundurus|46/100 tox|[from] psn
|upkeep
|turn|22
|
|t:|1760328681
|-activate|p2a: Thundurus|confusion
|move|p2a: Thundurus|Rest|p2a: Thundurus
|-status|p2a: Thundurus|slp|[from] move: Rest
|-heal|p2a: Thundurus|100/100 slp|[silent]
|move|p1a: Pecharunt|Recover|p1a: Pecharunt
|-heal|p1a: Pecharunt|100/100
|
|upkeep
|turn|23
|
|t:|1760328685
|cant|p2a: Thundurus|slp
|-end|p2a: Thundurus|confusion
|move|p2a: Thundurus|Sleep Talk|p2a: Thundurus
|move|p2a: Thundurus|Bulk Up|p2a: Thundurus|[from] move: Sleep Talk
|-boost|p2a: Thundurus|atk|1
|-boost|p2a: Thundurus|def|1
|move|p1a: Pecharunt|Parting Shot|p2a: Thundurus
|-unboost|p2a: Thundurus|atk|1
|-unboost|p2a: Thundurus|spa|1
|
|t:|1760328686
|switch|p1a: Zamazenta|Zamazenta, tera:Steel|13/100|[from] Parting Shot
|
|upkeep
|turn|24
|
|t:|1760328691
|cant|p2a: Thundurus|slp
|move|p2a: Thundurus|Sleep Talk|p2a: Thundurus
|move|p2a: Thundurus|Rest||[from] move: Sleep Talk|[still]
|-fail|p2a: Thundurus
|move|p1a: Zamazenta|Stone Edge|p2a: Thundurus
|-supereffective|p2a: Thundurus
|-damage|p2a: Thundurus|59/100 slp
|
|upkeep
|turn|25
|
|t:|1760328701
|move|p1a: Zamazenta|Stone Edge|p2a: Thundurus
|-supereffective|p2a: Thundurus
|-damage|p2a: Thundurus|14/100 slp
|-curestatus|p2a: Thundurus|slp|[msg]
|move|p2a: Thundurus|Acrobatics|p1a: Zamazenta
|-resisted|p1a: Zamazenta
|-crit|p1a: Zamazenta
|-damage|p1a: Zamazenta|0 fnt
|faint|p1a: Zamazenta
|
|upkeep
|
|t:|1760328704
|switch|p1a: Pecharunt|Pecharunt|100/100
|turn|26
|
|t:|1760328706
|move|p2a: Thundurus|Rest|p2a: Thundurus
|-status|p2a: Thundurus|slp|[from] move: Rest
|-heal|p2a: Thundurus|100/100 slp|[silent]
|move|p1a: Pecharunt|Parting Shot|p2a: Thundurus
|-unboost|p2a: Thundurus|atk|1
|-unboost|p2a: Thundurus|spa|1
|
|t:|1760328708
|switch|p1a: Skarmory|Skarmory, M|85/100|[from] Parting Shot
|
|upkeep
|turn|27
|
|t:|1760328712
|cant|p2a: Thundurus|slp
|move|p2a: Thundurus|Sleep Talk|p2a: Thundurus
|move|p2a: Thundurus|Rest||[from] move: Sleep Talk|[still]
|-fail|p2a: Thundurus
|move|p1a: Skarmory|Whirlwind|p2a: Thundurus
|drag|p2a: Iron Hands|Iron Hands|59/100
|-damage|p2a: Iron Hands|53/100|[from] Stealth Rock
|-damage|p2a: Iron Hands|36/100|[from] Spikes
|
|upkeep
|turn|28
|
|t:|1760328718
|switch|p1a: Pecharunt|Pecharunt|100/100
|move|p2a: Iron Hands|Drain Punch|p1a: Pecharunt
|-immune|p1a: Pecharunt
|
|upkeep
|turn|29
|
|t:|1760328721
|move|p1a: Pecharunt|Malignant Chain|p2a: Iron Hands
|-damage|p2a: Iron Hands|21/100
|-status|p2a: Iron Hands|tox
|-start|p2a: Iron Hands|confusion|[from] ability: Poison Puppeteer|[of] p1a: Pecharunt
|-activate|p2a: Iron Hands|confusion
|-damage|p2a: Iron Hands|9/100 tox|[from] confusion
|
|-damage|p2a: Iron Hands|3/100 tox|[from] psn
|upkeep
|turn|30
|
|t:|1760328725
|move|p1a: Pecharunt|Foul Play|p2a: Iron Hands
|-resisted|p2a: Iron Hands
|-damage|p2a: Iron Hands|0 fnt
|faint|p2a: Iron Hands
|-end|p2a: Iron Hands|Quark Drive|[silent]
|
|upkeep
|
|t:|1760328727
|switch|p2a: Thundurus|Thundurus, M|100/100 slp
|-damage|p2a: Thundurus|76/100 slp|[from] Stealth Rock
|turn|31
|
|t:|1760328731
|cant|p2a: Thundurus|slp
|move|p2a: Thundurus|Sleep Talk|p2a: Thundurus
|move|p2a: Thundurus|Acrobatics|p1a: Pecharunt|[from] move: Sleep Talk
|-damage|p1a: Pecharunt|87/100
|move|p1a: Pecharunt|Foul Play|p2a: Thundurus
|-damage|p2a: Thundurus|45/100 slp
|
|upkeep
|turn|32
|
|t:|1760328737
|-curestatus|p2a: Thundurus|slp|[msg]
|move|p2a: Thundurus|Bulk Up|p2a: Thundurus
|-boost|p2a: Thundurus|atk|1
|-boost|p2a: Thundurus|def|1
|move|p1a: Pecharunt|Malignant Chain|p2a: Thundurus
|-damage|p2a: Thundurus|21/100
|
|upkeep
|turn|33
|
|t:|1760328739
|move|p2a: Thundurus|Rest|p2a: Thundurus
|-status|p2a: Thundurus|slp|[from] move: Rest
|-heal|p2a: Thundurus|100/100 slp|[silent]
|move|p1a: Pecharunt|Malignant Chain|p2a: Thundurus
|-damage|p2a: Thundurus|75/100 slp
|
|upkeep
|turn|34
|
|t:|1760328741
|cant|p2a: Thundurus|slp
|move|p2a: Thundurus|Sleep Talk|p2a: Thundurus
|move|p2a: Thundurus|Acrobatics|p1a: Pecharunt|[from] move: Sleep Talk
|-damage|p1a: Pecharunt|68/100
|move|p1a: Pecharunt|Foul Play|p2a: Thundurus
|-crit|p2a: Thundurus
|-damage|p2a: Thundurus|1/100 slp
|
|upkeep
|turn|35
|
|t:|1760328749
|cant|p2a: Thundurus|slp
|move|p2a: Thundurus|Sleep Talk|p2a: Thundurus
|move|p2a: Thundurus|Bulk Up|p2a: Thundurus|[from] move: Sleep Talk
|-boost|p2a: Thundurus|atk|1
|-boost|p2a: Thundurus|def|1
|move|p1a: Pecharunt|Malignant Chain|p2a: Thundurus
|-crit|p2a: Thundurus
|-damage|p2a: Thundurus|0 fnt
|faint|p2a: Thundurus
|
|win|manu333
|raw|manu333's rating: 1584 &rarr; <strong>1607</strong><br />(+23 for winning)
|raw|potayo's rating: 1629 &rarr; <strong>1606</strong><br />(-23 for losing)
|l|☆potayo
|player|p2|
|l|☆manu333
|player|p1|
