|badge|p2|bronze|gen9ou|100-7
|uhtml|medal-msg|<div class="broadcast-blue">Curious what those medals under the avatar are? PS now has Ladder Seasons! For more information, check out the <a href="https://www.smogon.com/forums/threads/3740067/">thread on Smogon.</a></div>
|j|☆deepfriedmagikarp
|j|☆yesterdaymister
|t:|1760379955
|gametype|singles
|player|p1|deepfriedmagikarp|pokemonranger-gen4|1783
|player|p2|yesterdaymister|striker|1832
|gen|9
|tier|[Gen 9] OU
|rated|
|rule|HP Percentage Mod: HP is shown in percentages
|rule|Endless Battle Clause: Forcing endless battles is banned
|rule|Species Clause: Limit one of each Pokémon
|rule|OHKO Clause: OHKO moves are banned
|rule|Evasion Items Clause: Evasion items are banned
|rule|Evasion Moves Clause: Evasion moves are banned
|rule|Evasion Abilities Clause: Evasion abilities are banned
|rule|Sleep Moves Clause: Sleep-inducing moves are banned
|clearpoke
|poke|p1|Ogerpon-Wellspring, F|
|poke|p1|Kingambit, F|
|poke|p1|Landorus-Therian, M|
|poke|p1|Glimmora, F|
|poke|p1|Dragapult, M|
|poke|p1|Iron Valiant|
|poke|p2|Ninetales, M|
|poke|p2|Ceruledge, F|
|poke|p2|Venusaur, F|
|poke|p2|Hatterene, F|
|poke|p2|Great Tusk|
|poke|p2|Walking Wake|
|teampreview
|inactive|Battle timer is ON: inactive players will automatically lose when time's up. (requested by yesterdaymister)
|inactive|deepfriedmagikarp also wants the timer to be on.
|
|t:|1760379964
|teamsize|p1|6
|teamsize|p2|6
|start
|switch|p1a: Dragapult|Dragapult, M|100/100
|switch|p2a: arda guler|Ninetales, M|100/100
|-weather|SunnyDay|[from] ability: Drought|[of] p2a: arda guler
|turn|1
|
|t:|1760379978
|switch|p2a: maccabi|Hatterene, F|100/100
|move|p1a: Dragapult|Shadow Ball|p2a: maccabi
|-supereffective|p2a: maccabi
|-damage|p2a: maccabi|0 fnt
|faint|p2a: maccabi
|
|-weather|SunnyDay|[upkeep]
|upkeep
|
|t:|1760379997
|switch|p2a: chama|Walking Wake|100/100
|-activate|p2a: chama|ability: Protosynthesis
|-start|p2a: chama|protosynthesisspa
|turn|2
|
|t:|1760380005
|switch|p1a: Iron Valiant|Iron Valiant|100/100
|-enditem|p1a: Iron Valiant|Booster Energy
|-activate|p1a: Iron Valiant|ability: Quark Drive|[fromitem]
|-start|p1a: Iron Valiant|quarkdrivespe
|move|p2a: chama|Hydro Steam|p1a: Iron Valiant
|-damage|p1a: Iron Valiant|0 fnt
|faint|p1a: Iron Valiant
|-end|p1a: Iron Valiant|Quark Drive|[silent]
|
|-weather|SunnyDay|[upkeep]
|upkeep
|
|t:|1760380009
|switch|p1a: Dragapult|Dragapult, M|100/100
|turn|3
|
|t:|1760380017
|-end|p2a: chama|Protosynthesis|[silent]
|switch|p2a: mignolet|Great Tusk|100/100
|-activate|p2a: mignolet|ability: Protosynthesis
|-start|p2a: mignolet|protosynthesisspe
|move|p1a: Dragapult|U-turn|p2a: mignolet
|-resisted|p2a: mignolet
|-damage|p2a: mignolet|96/100
|-damage|p1a: Dragapult|84/100|[from] item: Rocky Helmet|[of] p2a: mignolet
|
|t:|1760380025
|switch|p1a: Ogerpon|Ogerpon-Wellspring, F|100/100|[from] U-turn
|
|-weather|SunnyDay|[upkeep]
|upkeep
|turn|4
|
|t:|1760380029
|-end|p2a: mignolet|Protosynthesis|[silent]
|switch|p2a: hans vanaken|Venusaur, F|100/100
|move|p1a: Ogerpon|Horn Leech|p2a: hans vanaken
|-resisted|p2a: hans vanaken
|-damage|p2a: hans vanaken|87/100
|
|-weather|SunnyDay|[upkeep]
|upkeep
|turn|5
|
|t:|1760380039
|switch|p1a: Dragapult|Dragapult, M|84/100
|move|p2a: hans vanaken|Growth|p2a: hans vanaken
|-boost|p2a: hans vanaken|atk|2
|-boost|p2a: hans vanaken|spa|2
|
|-weather|SunnyDay|[upkeep]
|upkeep
|turn|6
|
|t:|1760380047
|move|p2a: hans vanaken|Weather Ball|p1a: Dragapult
|-resisted|p1a: Dragapult
|-damage|p1a: Dragapult|5/100
|-damage|p2a: hans vanaken|77/100|[from] item: Life Orb
|move|p1a: Dragapult|Draco Meteor|p2a: hans vanaken
|-damage|p2a: hans vanaken|0 fnt
|-unboost|p1a: Dragapult|spa|2
|faint|p2a: hans vanaken
|
|-weather|SunnyDay|[upkeep]
|upkeep
|
|t:|1760380056
|switch|p2a: mignolet|Great Tusk|96/100
|-activate|p2a: mignolet|ability: Protosynthesis
|-start|p2a: mignolet|protosynthesisspe
|turn|7
|
|t:|1760380061
|move|p2a: mignolet|Ice Spinner|p1a: Dragapult
|-supereffective|p1a: Dragapult
|-damage|p1a: Dragapult|0 fnt
|faint|p1a: Dragapult
|
|-weather|SunnyDay|[upkeep]
|upkeep
|
|t:|1760380064
|switch|p1a: Ogerpon|Ogerpon-Wellspring, F|100/100
|turn|8
|
|t:|1760380076
|-end|p2a: mignolet|Protosynthesis|[silent]
|switch|p2a: chama|Walking Wake|100/100
|-activate|p2a: chama|ability: Protosynthesis
|-start|p2a: chama|protosynthesisspa
|move|p1a: Ogerpon|Horn Leech|p2a: chama
|-damage|p2a: chama|51/100
|
|-weather|none
|-end|p2a: chama|Protosynthesis
|upkeep
|turn|9
|
|t:|1760380080
|move|p1a: Ogerpon|Play Rough|p2a: chama
|-supereffective|p2a: chama
|-damage|p2a: chama|0 fnt
|faint|p2a: chama
|-end|p2a: chama|Protosynthesis|[silent]
|
|upkeep
|
|t:|1760380085
|switch|p2a: arda guler|Ninetales, M|100/100
|-weather|SunnyDay|[from] ability: Drought|[of] p2a: arda guler
|turn|10
|
|t:|1760380094
|move|p1a: Ogerpon|Ivy Cudgel|p2a: arda guler|[anim] Ivy Cudgel Water
|-supereffective|p2a: arda guler
|-damage|p2a: arda guler|31/100
|move|p2a: arda guler|Healing Wish|p2a: arda guler
|faint|p2a: arda guler
|
|-weather|SunnyDay|[upkeep]
|upkeep
|
|t:|1760380098
|switch|p2a: lebron|Ceruledge, F|100/100
|turn|11
|
|t:|1760380108
|-terastallize|p2a: lebron|Fairy
|move|p1a: Ogerpon|Taunt|p2a: lebron
|-start|p2a: lebron|move: Taunt
|cant|p2a: lebron|move: Taunt|Swords Dance
|
|-weather|SunnyDay|[upkeep]
|upkeep
|turn|12
|
|t:|1760380115
|switch|p1a: Glimmora|Glimmora, F|100/100
|move|p2a: lebron|Bitter Blade|p1a: Glimmora
|-resisted|p1a: Glimmora
|-damage|p1a: Glimmora|59/100
|-activate|p1a: Glimmora|ability: Toxic Debris
|-sidestart|p2: yesterdaymister|move: Toxic Spikes
|
|-weather|SunnyDay|[upkeep]
|upkeep
|turn|13
|
|t:|1760380119
|move|p2a: lebron|Poltergeist|p1a: Glimmora
|-activate|p1a: Glimmora|move: Poltergeist|Power Herb
|-damage|p1a: Glimmora|0 fnt
|-activate|p1a: Glimmora|ability: Toxic Debris
|-sidestart|p2: yesterdaymister|move: Toxic Spikes
|faint|p1a: Glimmora
|
|-weather|SunnyDay|[upkeep]
|-end|p2a: lebron|move: Taunt
|upkeep
|
|t:|1760380130
|switch|p1a: Ogerpon|Ogerpon-Wellspring, F|100/100
|turn|14
|
|t:|1760380132
|move|p1a: Ogerpon|Taunt|p2a: lebron
|-start|p2a: lebron|move: Taunt
|cant|p2a: lebron|move: Taunt|Swords Dance
|
|-weather|SunnyDay|[upkeep]
|upkeep
|turn|15
|
|t:|1760380139
|move|p1a: Ogerpon|Horn Leech|p2a: lebron
|-damage|p2a: lebron|37/100
|-ability|p2a: lebron|Weak Armor|boost
|-unboost|p2a: lebron|def|1
|-boost|p2a: lebron|spe|2
|move|p2a: lebron|Bitter Blade|p1a: Ogerpon
|-damage|p1a: Ogerpon|14/100
|-heal|p2a: lebron|82/100|[from] drain|[of] p1a: Ogerpon
|
|-weather|SunnyDay|[upkeep]
|upkeep
|turn|16
|
|t:|1760380142
|move|p2a: lebron|Bitter Blade|p1a: Ogerpon
|-damage|p1a: Ogerpon|0 fnt
|-heal|p2a: lebron|88/100|[from] drain|[of] p1a: Ogerpon
|faint|p1a: Ogerpon
|
|-weather|SunnyDay|[upkeep]
|-end|p2a: lebron|move: Taunt
|upkeep
|
|t:|1760380144
|switch|p1a: Landorus|Landorus-Therian, M|100/100
|-ability|p1a: Landorus|Intimidate|boost
|-unboost|p2a: lebron|atk|1
|turn|17
|
|t:|1760380157
|switch|p2a: mignolet|Great Tusk|96/100
|-heal|p2a: mignolet|100/100|[from] move: Healing Wish
|-status|p2a: mignolet|tox
|-activate|p2a: mignolet|ability: Protosynthesis
|-start|p2a: mignolet|protosynthesisspe
|move|p1a: Landorus|Earthquake|p2a: mignolet
|-damage|p2a: mignolet|69/100 tox
|
|-weather|none
|-end|p2a: mignolet|Protosynthesis
|-damage|p2a: mignolet|63/100 tox|[from] psn
|upkeep
|turn|18
|
|t:|1760380161
|move|p1a: Landorus|Earthquake|p2a: mignolet
|-damage|p2a: mignolet|35/100 tox
|move|p2a: mignolet|Rapid Spin|p1a: Landorus
|-damage|p1a: Landorus|86/100
|-boost|p2a: mignolet|spe|1
|-damage|p2a: mignolet|18/100 tox|[from] item: Rocky Helmet|[of] p1a: Landorus
|-sideend|p2: yesterdaymister|Toxic Spikes|[from] move: Rapid Spin|[of] p2a: mignolet
|
|-damage|p2a: mignolet|6/100 tox|[from] psn
|upkeep
|turn|19
|
|t:|1760380166
|switch|p1a: Kingambit|Kingambit, F|100/100
|-activate|p1a: Kingambit|ability: Supreme Overlord
|-start|p1a: Kingambit|fallen4|[silent]
|move|p2a: mignolet|Ice Spinner|p1a: Kingambit
|-resisted|p1a: Kingambit
|-damage|p1a: Kingambit|91/100
|
|-heal|p1a: Kingambit|98/100|[from] item: Leftovers
|-damage|p2a: mignolet|0 fnt|[from] psn
|faint|p2a: mignolet
|-end|p2a: mignolet|Protosynthesis|[silent]
|upkeep
|
|t:|1760380168
|switch|p2a: lebron|Ceruledge, F, tera:Fairy|88/100
|turn|20
|
|t:|1760380173
|move|p2a: lebron|Bitter Blade|p1a: Kingambit
|-supereffective|p1a: Kingambit
|-damage|p1a: Kingambit|27/100
|-heal|p2a: lebron|100/100|[from] drain|[of] p1a: Kingambit
|move|p1a: Kingambit|Iron Head|p2a: lebron
|-supereffective|p2a: lebron
|-enditem|p2a: lebron|Focus Sash
|-damage|p2a: lebron|1/100
|-ability|p2a: lebron|Weak Armor|boost
|-unboost|p2a: lebron|def|1
|-boost|p2a: lebron|spe|2
|
|-heal|p1a: Kingambit|33/100|[from] item: Leftovers
|upkeep
|turn|21
|
|t:|1760380178
|move|p2a: lebron|Swords Dance|p2a: lebron
|-boost|p2a: lebron|atk|2
|move|p1a: Kingambit|Iron Head|p2a: lebron
|-supereffective|p2a: lebron
|-damage|p2a: lebron|0 fnt
|faint|p2a: lebron
|
|win|deepfriedmagikarp
|raw|deepfriedmagikarp's rating: 1783 &rarr; <strong>1806</strong><br />(+23 for winning)
|raw|yesterdaymister's rating: 1832 &rarr; <strong>1809</strong><br />(-23 for losing)
|l|☆yesterdaymister
|player|p2|
|l|☆deepfriedmagikarp
|player|p1|
