|j|☆Abstrct84
|j|☆Luleser
|t:|1760318530
|gametype|singles
|player|p1|Abstrct84|parasollady-gen4|1328
|player|p2|Luleser|169|1308
|gen|9
|tier|[Gen 9] OU
|rated|
|rule|HP Percentage Mod: HP is shown in percentages
|rule|Endless Battle Clause: Forcing endless battles is banned
|rule|Species Clause: Limit one of each Pokémon
|rule|OHKO Clause: OHKO moves are banned
|rule|Evasion Items Clause: Evasion items are banned
|rule|Evasion Moves Clause: Evasion moves are banned
|rule|Evasion Abilities Clause: Evasion abilities are banned
|rule|Sleep Moves Clause: Sleep-inducing moves are banned
|clearpoke
|poke|p1|Gholdengo|
|poke|p1|Garganacl, M|
|poke|p1|Great Tusk|
|poke|p1|Meowscarada, F|
|poke|p1|Maushold|
|poke|p1|Toxapex, F|
|poke|p2|Sinistcha|
|poke|p2|Blissey, F|
|poke|p2|Pecharunt|
|poke|p2|Skeledirge, F|
|poke|p2|Zapdos|
|poke|p2|Corviknight, M|
|teampreview
|j| z2ed
|c| z2ed|its 3 or 4
|
|t:|1760318557
|teamsize|p1|6
|teamsize|p2|6
|start
|switch|p1a: :3|Meowscarada, F|100/100
|switch|p2a: Zapdos|Zapdos|100/100
|turn|1
|c| z2ed|Maushold has two separate forms: Family of Four and Family of Three. When Tandemaus evolves, it has a 1/100 chance of evolving into Family of Three Maushold.
|c| z2ed|lol
|
|t:|1760318566
|move|p1a: :3|Triple Axel|p2a: Zapdos
|-start|p1a: :3|typechange|Ice|[from] ability: Protean
|-supereffective|p2a: Zapdos
|-damage|p2a: Zapdos|83/100
|-supereffective|p2a: Zapdos
|-damage|p2a: Zapdos|43/100
|-status|p1a: :3|par|[from] ability: Static|[of] p2a: Zapdos
|-supereffective|p2a: Zapdos
|-damage|p2a: Zapdos|0 fnt
|faint|p2a: Zapdos
|-hitcount|p2: Zapdos|3
|
|upkeep
|c| z2ed|we could have 4 gays
|
|t:|1760318582
|switch|p2a: Sinistcha|Sinistcha|100/100
|turn|2
|
|t:|1760318589
|move|p1a: :3|Triple Axel|p2a: Sinistcha
|-supereffective|p2a: Sinistcha
|-damage|p2a: Sinistcha|83/100
|-supereffective|p2a: Sinistcha
|-damage|p2a: Sinistcha|47/100
|-supereffective|p2a: Sinistcha
|-damage|p2a: Sinistcha|0 fnt
|faint|p2a: Sinistcha
|-hitcount|p2: Sinistcha|3
|
|upkeep
|l| z2ed
|
|t:|1760318599
|switch|p2a: Corviknight|Corviknight, M|100/100
|turn|3
|
|t:|1760318603
|move|p1a: :3|Knock Off|p2a: Corviknight
|-damage|p2a: Corviknight|81/100
|-enditem|p2a: Corviknight|Leftovers|[from] move: Knock Off|[of] p1a: :3
|move|p2a: Corviknight|Brave Bird|p1a: :3
|-damage|p1a: :3|26/100 par
|-damage|p2a: Corviknight|62/100|[from] Recoil
|
|upkeep
|turn|4
|
|t:|1760318619
|move|p1a: :3|U-turn|p2a: Corviknight
|-resisted|p2a: Corviknight
|-damage|p2a: Corviknight|58/100
|
|t:|1760318639
|switch|p1a: Garganacl|Garganacl, M|100/100|[from] U-turn
|move|p2a: Corviknight|Roost|p2a: Corviknight
|-heal|p2a: Corviknight|100/100
|-singleturn|p2a: Corviknight|move: Roost
|
|upkeep
|turn|5
|
|t:|1760318649
|switch|p2a: Pecharunt|Pecharunt|100/100
|move|p1a: Garganacl|Salt Cure|p2a: Pecharunt
|-damage|p2a: Pecharunt|93/100
|-start|p2a: Pecharunt|Salt Cure
|
|-damage|p2a: Pecharunt|81/100|[from] Salt Cure
|upkeep
|turn|6
|inactive|Battle timer is ON: inactive players will automatically lose when time's up. (requested by Luleser)
|
|t:|1760318660
|move|p2a: Pecharunt|Malignant Chain|p1a: Garganacl
|-resisted|p1a: Garganacl
|-damage|p1a: Garganacl|91/100
|move|p1a: Garganacl|Stealth Rock|p2a: Pecharunt
|-sidestart|p2: Luleser|move: Stealth Rock
|
|-heal|p1a: Garganacl|97/100|[from] item: Leftovers
|-damage|p2a: Pecharunt|69/100|[from] Salt Cure
|upkeep
|turn|7
|
|t:|1760318680
|move|p2a: Pecharunt|Parting Shot|p1a: Garganacl
|-unboost|p1a: Garganacl|atk|1
|-unboost|p1a: Garganacl|spa|1
|
|t:|1760318695
|switch|p2a: Corviknight|Corviknight, M|100/100|[from] Parting Shot
|-damage|p2a: Corviknight|88/100|[from] Stealth Rock
|move|p1a: Garganacl|Salt Cure|p2a: Corviknight
|-damage|p2a: Corviknight|81/100
|-start|p2a: Corviknight|Salt Cure
|
|-heal|p1a: Garganacl|100/100|[from] item: Leftovers
|-damage|p2a: Corviknight|56/100|[from] Salt Cure
|upkeep
|turn|8
|
|t:|1760318707
|move|p2a: Corviknight|Defog|p1a: Garganacl
|-unboost|p1a: Garganacl|evasion|1
|-sideend|p2: Luleser|Stealth Rock|[from] move: Defog|[of] p2a: Corviknight
|move|p1a: Garganacl|Salt Cure|p2a: Corviknight
|-damage|p2a: Corviknight|49/100
|
|-damage|p2a: Corviknight|24/100|[from] Salt Cure
|upkeep
|turn|9
|
|t:|1760318722
|switch|p2a: Skeledirge|Skeledirge, F|100/100
|move|p1a: Garganacl|Stealth Rock|p2a: Skeledirge
|-sidestart|p2: Luleser|move: Stealth Rock
|
|upkeep
|turn|10
|
|t:|1760318734
|move|p2a: Skeledirge|Earth Power|p1a: Garganacl
|-supereffective|p1a: Garganacl
|-damage|p1a: Garganacl|69/100
|move|p1a: Garganacl|Salt Cure|p2a: Skeledirge
|-supereffective|p2a: Skeledirge
|-damage|p2a: Skeledirge|80/100
|-start|p2a: Skeledirge|Salt Cure
|
|-heal|p1a: Garganacl|75/100|[from] item: Leftovers
|-damage|p2a: Skeledirge|67/100|[from] Salt Cure
|upkeep
|turn|11
|
|t:|1760318756
|move|p2a: Skeledirge|Torch Song|p1a: Garganacl
|-resisted|p1a: Garganacl
|-damage|p1a: Garganacl|65/100
|-boost|p2a: Skeledirge|spa|1
|move|p1a: Garganacl|Stealth Rock||[still]
|-fail|p1a: Garganacl
|
|-heal|p1a: Garganacl|72/100|[from] item: Leftovers
|-damage|p2a: Skeledirge|55/100|[from] Salt Cure
|upkeep
|turn|12
|inactive|Luleser has 120 seconds left.
|
|t:|1760318773
|move|p1a: Garganacl|Protect|p1a: Garganacl
|-singleturn|p1a: Garganacl|Protect
|move|p2a: Skeledirge|Earth Power|p1a: Garganacl
|-activate|p1a: Garganacl|move: Protect
|
|-heal|p1a: Garganacl|78/100|[from] item: Leftovers
|-damage|p2a: Skeledirge|43/100|[from] Salt Cure
|upkeep
|turn|13
|
|t:|1760318782
|move|p2a: Skeledirge|Earth Power|p1a: Garganacl
|-supereffective|p1a: Garganacl
|-damage|p1a: Garganacl|28/100
|move|p1a: Garganacl|Salt Cure|p2a: Skeledirge
|-supereffective|p2a: Skeledirge
|-damage|p2a: Skeledirge|25/100
|
|-heal|p1a: Garganacl|34/100|[from] item: Leftovers
|-damage|p2a: Skeledirge|12/100|[from] Salt Cure
|upkeep
|turn|14
|
|t:|1760318796
|move|p1a: Garganacl|Protect|p1a: Garganacl
|-singleturn|p1a: Garganacl|Protect
|move|p2a: Skeledirge|Earth Power|p1a: Garganacl
|-activate|p1a: Garganacl|move: Protect
|
|-heal|p1a: Garganacl|40/100|[from] item: Leftovers
|-damage|p2a: Skeledirge|0 fnt|[from] Salt Cure
|faint|p2a: Skeledirge
|upkeep
|inactive|Luleser has 120 seconds left.
|
|t:|1760318807
|switch|p2a: Blissey|Blissey, F|100/100
|-damage|p2a: Blissey|88/100|[from] Stealth Rock
|turn|15
|
|t:|1760318812
|move|p2a: Blissey|Seismic Toss|p1a: Garganacl
|-damage|p1a: Garganacl|15/100
|move|p1a: Garganacl|Recover|p1a: Garganacl
|-heal|p1a: Garganacl|65/100
|
|-heal|p1a: Garganacl|72/100|[from] item: Leftovers
|upkeep
|turn|16
|-message|Luleser forfeited.
|
|win|Abstrct84
|raw|Abstrct84's rating: 1328 &rarr; <strong>1347</strong><br />(+19 for winning)
|raw|Luleser's rating: 1308 &rarr; <strong>1289</strong><br />(-19 for losing)
