|j|☆Tecceth
|j|☆drunk asgore
|t:|1760345138
|gametype|singles
|player|p1|Tecceth|miku-ground|1441
|player|p2|drunk asgore|gentleman-gen4|1448
|gen|9
|tier|[Gen 9] OU
|rated|
|rule|HP Percentage Mod: HP is shown in percentages
|rule|Endless Battle Clause: Forcing endless battles is banned
|rule|Species Clause: Limit one of each Pokémon
|rule|OHKO Clause: OHKO moves are banned
|rule|Evasion Items Clause: Evasion items are banned
|rule|Evasion Moves Clause: Evasion moves are banned
|rule|Evasion Abilities Clause: Evasion abilities are banned
|rule|Sleep Moves Clause: Sleep-inducing moves are banned
|clearpoke
|poke|p1|Ceruledge, M|
|poke|p1|Ninetales, M|
|poke|p1|Leavanny, M|
|poke|p1|Great Tusk|
|poke|p1|Venusaur, M|
|poke|p1|Walking Wake|
|poke|p2|Hoopa-Unbound|
|poke|p2|Garganacl, M|
|poke|p2|Slowking-Galar, M|
|poke|p2|Ogerpon-Wellspring, F|
|poke|p2|Great Tusk|
|poke|p2|Dragonite, M|
|teampreview
|c|☆drunk asgore|glhf
|
|t:|1760345154
|teamsize|p1|6
|teamsize|p2|6
|start
|switch|p1a: Leavanny|Leavanny, M|100/100
|switch|p2a: Hoopa|Hoopa-Unbound|100/100
|turn|1
|
|t:|1760345168
|switch|p2a: Dragonite|Dragonite, M|100/100
|move|p1a: Leavanny|Sticky Web|p2a: Dragonite
|-sidestart|p2: drunk asgore|move: Sticky Web
|
|upkeep
|turn|2
|
|t:|1760345177
|switch|p2a: Garganacl|Garganacl, M|100/100
|-activate|p2a: Garganacl|move: Sticky Web
|-unboost|p2a: Garganacl|spe|1
|move|p1a: Leavanny|Triple Axel|p2a: Garganacl
|-crit|p2a: Garganacl
|-damage|p2a: Garganacl|95/100
|-damage|p2a: Garganacl|88/100
|-damage|p2a: Garganacl|77/100
|-hitcount|p2a: Garganacl|3
|
|-heal|p2a: Garganacl|83/100|[from] item: Leftovers
|upkeep
|turn|3
|
|t:|1760345186
|switch|p1a: Great Tusk|Great Tusk|100/100
|move|p2a: Garganacl|Salt Cure|p1a: Great Tusk
|-resisted|p1a: Great Tusk
|-damage|p1a: Great Tusk|98/100
|-start|p1a: Great Tusk|Salt Cure
|
|-heal|p2a: Garganacl|89/100|[from] item: Leftovers
|-damage|p1a: Great Tusk|85/100|[from] Salt Cure
|upkeep
|turn|4
|
|t:|1760345200
|switch|p2a: Dragonite|Dragonite, M|100/100
|move|p1a: Great Tusk|Headlong Rush|p2a: Dragonite
|-immune|p2a: Dragonite
|
|-damage|p1a: Great Tusk|73/100|[from] Salt Cure
|upkeep
|turn|5
|
|t:|1760345207
|switch|p2a: Great Tusk|Great Tusk|100/100
|move|p1a: Great Tusk|Ice Spinner|p2a: Great Tusk
|-supereffective|p2a: Great Tusk
|-damage|p2a: Great Tusk|64/100
|
|-damage|p1a: Great Tusk|61/100|[from] Salt Cure
|upkeep
|turn|6
|
|t:|1760345214
|-end|p1a: Great Tusk|Protosynthesis|[silent]
|switch|p1a: Ceruledge|Ceruledge, M|100/100
|move|p2a: Great Tusk|Rapid Spin|p1a: Ceruledge
|-immune|p1a: Ceruledge
|
|upkeep
|turn|7
|
|t:|1760345221
|-terastallize|p1a: Ceruledge|Grass
|move|p2a: Great Tusk|Rapid Spin|p1a: Ceruledge
|-damage|p1a: Ceruledge|80/100
|-boost|p2a: Great Tusk|spe|1
|-ability|p1a: Ceruledge|Weak Armor|boost
|-unboost|p1a: Ceruledge|def|1
|-boost|p1a: Ceruledge|spe|2
|-sideend|p2: drunk asgore|Sticky Web|[from] move: Rapid Spin|[of] p2a: Great Tusk
|move|p1a: Ceruledge|Swords Dance|p1a: Ceruledge
|-boost|p1a: Ceruledge|atk|2
|
|upkeep
|turn|8
|
|t:|1760345229
|move|p1a: Ceruledge|Bitter Blade|p2a: Great Tusk
|-damage|p2a: Great Tusk|0 fnt
|-heal|p1a: Ceruledge|100/100|[from] drain|[of] p2a: Great Tusk
|faint|p2a: Great Tusk
|-end|p2a: Great Tusk|Protosynthesis|[silent]
|
|upkeep
|
|t:|1760345234
|switch|p2a: Slowking|Slowking-Galar, M|100/100
|turn|9
|
|t:|1760345244
|-terastallize|p2a: Slowking|Water
|move|p1a: Ceruledge|Shadow Sneak|p2a: Slowking
|-damage|p2a: Slowking|52/100
|move|p2a: Slowking|Sludge Bomb|p1a: Ceruledge
|-supereffective|p1a: Ceruledge
|-damage|p1a: Ceruledge|21/100
|
|upkeep
|turn|10
|
|t:|1760345254
|move|p1a: Ceruledge|Shadow Sneak|p2a: Slowking
|-damage|p2a: Slowking|9/100
|move|p2a: Slowking|Sludge Bomb|p1a: Ceruledge
|-supereffective|p1a: Ceruledge
|-damage|p1a: Ceruledge|0 fnt
|faint|p1a: Ceruledge
|
|upkeep
|
|t:|1760345261
|switch|p1a: Leavanny|Leavanny, M|100/100
|turn|11
|
|t:|1760345265
|switch|p2a: Garganacl|Garganacl, M|89/100
|move|p1a: Leavanny|Sticky Web|p2a: Garganacl
|-sidestart|p2: drunk asgore|move: Sticky Web
|
|-heal|p2a: Garganacl|95/100|[from] item: Leftovers
|upkeep
|turn|12
|
|t:|1760345270
|switch|p1a: Ninetales|Ninetales, M|100/100
|-weather|SunnyDay|[from] ability: Drought|[of] p1a: Ninetales
|move|p2a: Garganacl|Salt Cure|p1a: Ninetales
|-supereffective|p1a: Ninetales
|-damage|p1a: Ninetales|64/100
|-start|p1a: Ninetales|Salt Cure
|
|-weather|SunnyDay|[upkeep]
|-heal|p2a: Garganacl|100/100|[from] item: Leftovers
|-damage|p1a: Ninetales|52/100|[from] Salt Cure
|upkeep
|turn|13
|
|t:|1760345275
|switch|p1a: Walking Wake|Walking Wake|100/100
|-activate|p1a: Walking Wake|ability: Protosynthesis
|-start|p1a: Walking Wake|protosynthesisspa
|move|p2a: Garganacl|Stealth Rock|p1a: Walking Wake
|-sidestart|p1: Tecceth|move: Stealth Rock
|
|-weather|SunnyDay|[upkeep]
|upkeep
|turn|14
|
|t:|1760345281
|move|p1a: Walking Wake|Hydro Steam|p2a: Garganacl
|-supereffective|p2a: Garganacl
|-damage|p2a: Garganacl|0 fnt
|faint|p2a: Garganacl
|
|-weather|SunnyDay|[upkeep]
|upkeep
|
|t:|1760345285
|switch|p2a: Ogerpon|Ogerpon-Wellspring, F|100/100
|-activate|p2a: Ogerpon|move: Sticky Web
|-unboost|p2a: Ogerpon|spe|1
|turn|15
|
|t:|1760345290
|-end|p1a: Walking Wake|Protosynthesis|[silent]
|switch|p1a: Venusaur|Venusaur, M|100/100
|-damage|p1a: Venusaur|88/100|[from] Stealth Rock
|move|p2a: Ogerpon|U-turn|p1a: Venusaur
|-damage|p1a: Venusaur|50/100
|
|t:|1760345295
|switch|p2a: Hoopa|Hoopa-Unbound|100/100|[from] U-turn
|-activate|p2a: Hoopa|move: Sticky Web
|-unboost|p2a: Hoopa|spe|1
|
|-weather|SunnyDay|[upkeep]
|upkeep
|turn|16
|
|t:|1760345303
|move|p1a: Venusaur|Weather Ball|p2a: Hoopa
|-damage|p2a: Hoopa|47/100
|-damage|p1a: Venusaur|40/100|[from] item: Life Orb
|move|p2a: Hoopa|Psychic Noise|p1a: Venusaur
|-supereffective|p1a: Venusaur
|-damage|p1a: Venusaur|0 fnt
|faint|p1a: Venusaur
|
|-weather|SunnyDay|[upkeep]
|-heal|p2a: Hoopa|53/100|[from] item: Leftovers
|upkeep
|
|t:|1760345316
|switch|p1a: Great Tusk|Great Tusk|61/100
|-activate|p1a: Great Tusk|ability: Protosynthesis
|-start|p1a: Great Tusk|protosynthesisatk
|turn|17
|
|t:|1760345331
|move|p1a: Great Tusk|Temper Flare|p2a: Hoopa
|-damage|p2a: Hoopa|0 fnt
|faint|p2a: Hoopa
|
|-weather|SunnyDay|[upkeep]
|upkeep
|
|t:|1760345337
|switch|p2a: Ogerpon|Ogerpon-Wellspring, F|100/100
|-activate|p2a: Ogerpon|move: Sticky Web
|-unboost|p2a: Ogerpon|spe|1
|turn|18
|
|t:|1760345343
|move|p1a: Great Tusk|Temper Flare|p2a: Ogerpon
|-damage|p2a: Ogerpon|34/100
|move|p2a: Ogerpon|U-turn|p1a: Great Tusk
|-resisted|p1a: Great Tusk
|-damage|p1a: Great Tusk|51/100
|
|t:|1760345347
|switch|p2a: Slowking|Slowking-Galar, M, tera:Water|42/100|[from] U-turn
|-activate|p2a: Slowking|move: Sticky Web
|-unboost|p2a: Slowking|spe|1
|
|-weather|SunnyDay|[upkeep]
|upkeep
|turn|19
|
|t:|1760345350
|move|p1a: Great Tusk|Headlong Rush|p2a: Slowking
|-damage|p2a: Slowking|0 fnt
|-unboost|p1a: Great Tusk|def|1
|-unboost|p1a: Great Tusk|spd|1
|faint|p2a: Slowking
|
|-weather|none
|-end|p1a: Great Tusk|Protosynthesis
|upkeep
|
|t:|1760345352
|switch|p2a: Dragonite|Dragonite, M|100/100
|turn|20
|
|t:|1760345360
|move|p1a: Great Tusk|Rapid Spin|p2a: Dragonite
|-damage|p2a: Dragonite|91/100
|-boost|p1a: Great Tusk|spe|1
|-sideend|p1: Tecceth|Stealth Rock|[from] move: Rapid Spin|[of] p1a: Great Tusk
|move|p2a: Dragonite|Dragon Dance|p2a: Dragonite
|-boost|p2a: Dragonite|atk|1
|-boost|p2a: Dragonite|spe|1
|
|upkeep
|turn|21
|
|t:|1760345372
|move|p1a: Great Tusk|Ice Spinner|p2a: Dragonite
|-supereffective|p2a: Dragonite
|-damage|p2a: Dragonite|0 fnt
|faint|p2a: Dragonite
|
|upkeep
|-message|drunk asgore forfeited.
|
|win|Tecceth
|raw|Tecceth's rating: 1441 &rarr; <strong>1461</strong><br />(+20 for winning)
|raw|drunk asgore's rating: 1448 &rarr; <strong>1428</strong><br />(-20 for losing)
|l|☆drunk asgore
|player|p2|
|l|☆Tecceth
|player|p1|
