|badge|p2|bronze|gen9ou|100-7
|uhtml|medal-msg|<div class="broadcast-blue">Curious what those medals under the avatar are? PS now has Ladder Seasons! For more information, check out the <a href="https://www.smogon.com/forums/threads/3740067/">thread on Smogon.</a></div>
|j|‽universe mon
|j|☆yesterdaymister
|t:|1760380635
|gametype|singles
|player|p1|universe mon|li|1727
|player|p2|yesterdaymister|striker|1831
|gen|9
|tier|[Gen 9] OU
|rated|
|rule|HP Percentage Mod: HP is shown in percentages
|rule|Endless Battle Clause: Forcing endless battles is banned
|rule|Species Clause: Limit one of each Pokémon
|rule|OHKO Clause: OHKO moves are banned
|rule|Evasion Items Clause: Evasion items are banned
|rule|Evasion Moves Clause: Evasion moves are banned
|rule|Evasion Abilities Clause: Evasion abilities are banned
|rule|Sleep Moves Clause: Sleep-inducing moves are banned
|clearpoke
|poke|p1|Ninetales-Alola, F|
|poke|p1|Klefki, F|
|poke|p1|Latias, F|
|poke|p1|Maushold-Four|
|poke|p1|Ogerpon-Wellspring, F|
|poke|p1|Necrozma|
|poke|p2|Ninetales, F|
|poke|p2|Ceruledge, F|
|poke|p2|Venusaur, M|
|poke|p2|Hatterene, F|
|poke|p2|Great Tusk|
|poke|p2|Walking Wake|
|teampreview
|inactive|Battle timer is ON: inactive players will automatically lose when time's up. (requested by yesterdaymister)
|
|t:|1760380641
|teamsize|p1|6
|teamsize|p2|6
|start
|switch|p1a: Klefki|Klefki, F|100/100
|switch|p2a: arda guler|Ninetales, F|100/100
|-weather|SunnyDay|[from] ability: Drought|[of] p2a: arda guler
|turn|1
|
|t:|1760380644
|move|p1a: Klefki|Light Screen|p1a: Klefki
|-sidestart|p1: universe mon|move: Light Screen
|move|p2a: arda guler|Encore|p1a: Klefki
|-start|p1a: Klefki|Encore
|
|-weather|SunnyDay|[upkeep]
|upkeep
|turn|2
|
|t:|1760380647
|switch|p2a: lebron|Ceruledge, F|100/100
|switch|p1a: Ninetales|Ninetales-Alola, F|100/100
|-weather|Snowscape|[from] ability: Snow Warning|[of] p1a: Ninetales
|
|-weather|Snowscape|[upkeep]
|upkeep
|turn|3
|
|t:|1760380655
|move|p1a: Ninetales|Misty Terrain|p1a: Ninetales
|-fieldstart|move: Misty Terrain
|move|p2a: lebron|Bitter Blade|p1a: Ninetales
|-supereffective|p1a: Ninetales
|-damage|p1a: Ninetales|27/100
|
|-weather|Snowscape|[upkeep]
|upkeep
|turn|4
|
|t:|1760380666
|move|p1a: Ninetales|Aurora Veil|p1a: Ninetales
|-sidestart|p1: universe mon|move: Aurora Veil
|move|p2a: lebron|Bitter Blade|p1a: Ninetales
|-supereffective|p1a: Ninetales
|-crit|p1a: Ninetales
|-damage|p1a: Ninetales|0 fnt
|faint|p1a: Ninetales
|
|-weather|Snowscape|[upkeep]
|upkeep
|
|t:|1760380674
|switch|p1a: Maushold|Maushold-Four|100/100
|turn|5
|
|t:|1760380683
|switch|p2a: arda guler|Ninetales, F|100/100
|-weather|SunnyDay|[from] ability: Drought|[of] p2a: arda guler
|move|p1a: Maushold|Tidy Up|p1a: Maushold
|-boost|p1a: Maushold|atk|1
|-boost|p1a: Maushold|spe|1
|
|-weather|SunnyDay|[upkeep]
|upkeep
|turn|6
|
|t:|1760380687
|switch|p2a: mignolet|Great Tusk|100/100
|-activate|p2a: mignolet|ability: Protosynthesis
|-start|p2a: mignolet|protosynthesisspe
|move|p1a: Maushold|Population Bomb|p2a: mignolet
|-damage|p2a: mignolet|89/100
|-damage|p1a: Maushold|84/100|[from] item: Rocky Helmet|[of] p2a: mignolet
|-damage|p2a: mignolet|78/100
|-damage|p1a: Maushold|67/100|[from] item: Rocky Helmet|[of] p2a: mignolet
|-crit|p2a: mignolet
|-damage|p2a: mignolet|59/100
|-damage|p1a: Maushold|51/100|[from] item: Rocky Helmet|[of] p2a: mignolet
|-damage|p2a: mignolet|48/100
|-damage|p1a: Maushold|34/100|[from] item: Rocky Helmet|[of] p2a: mignolet
|-damage|p2a: mignolet|36/100
|-damage|p1a: Maushold|17/100|[from] item: Rocky Helmet|[of] p2a: mignolet
|-damage|p2a: mignolet|25/100
|-damage|p1a: Maushold|1/100|[from] item: Rocky Helmet|[of] p2a: mignolet
|-damage|p2a: mignolet|12/100
|-damage|p1a: Maushold|0 fnt|[from] item: Rocky Helmet|[of] p2a: mignolet
|faint|p1a: Maushold
|-hitcount|p2a: mignolet|7
|
|-weather|SunnyDay|[upkeep]
|upkeep
|
|t:|1760380693
|switch|p1a: Latias|Latias, F|100/100
|turn|7
|
|t:|1760380712
|-end|p2a: mignolet|Protosynthesis|[silent]
|switch|p2a: maccabi|Hatterene, F|100/100
|move|p1a: Latias|Agility|p1a: Latias
|-boost|p1a: Latias|spe|2
|
|-weather|SunnyDay|[upkeep]
|-fieldend|Misty Terrain
|upkeep
|turn|8
|
|t:|1760380729
|move|p1a: Latias|Calm Mind|p1a: Latias
|-boost|p1a: Latias|spa|1
|-boost|p1a: Latias|spd|1
|move|p2a: maccabi|Nuzzle|p1a: Latias
|-resisted|p1a: Latias
|-damage|p1a: Latias|99/100
|-status|p1a: Latias|par
|
|-weather|SunnyDay|[upkeep]
|-sideend|p1: universe mon|move: Light Screen
|upkeep
|turn|9
|
|t:|1760380739
|move|p1a: Latias|Agility|p1a: Latias
|-boost|p1a: Latias|spe|2
|move|p2a: maccabi|Dazzling Gleam|p1a: Latias
|-supereffective|p1a: Latias
|-damage|p1a: Latias|78/100 par
|-enditem|p1a: Latias|Weakness Policy
|-boost|p1a: Latias|atk|2|[from] item: Weakness Policy
|-boost|p1a: Latias|spa|2|[from] item: Weakness Policy
|
|-weather|SunnyDay|[upkeep]
|upkeep
|turn|10
|
|t:|1760380754
|move|p1a: Latias|Stored Power|p2a: maccabi
|-resisted|p2a: maccabi
|-damage|p2a: maccabi|0 fnt
|faint|p2a: maccabi
|
|-weather|SunnyDay|[upkeep]
|upkeep
|
|t:|1760380764
|switch|p2a: mignolet|Great Tusk|12/100
|-activate|p2a: mignolet|ability: Protosynthesis
|-start|p2a: mignolet|protosynthesisspe
|turn|11
|
|t:|1760380767
|move|p2a: mignolet|Ice Spinner|p1a: Latias
|-supereffective|p1a: Latias
|-damage|p1a: Latias|56/100 par
|move|p1a: Latias|Agility|p1a: Latias
|-boost|p1a: Latias|spe|2
|
|-weather|SunnyDay|[upkeep]
|-sideend|p1: universe mon|move: Aurora Veil
|upkeep
|turn|12
|
|t:|1760380777
|move|p1a: Latias|Agility|p1a: Latias
|-boost|p1a: Latias|spe|0
|move|p2a: mignolet|Ice Spinner|p1a: Latias
|-supereffective|p1a: Latias
|-damage|p1a: Latias|15/100 par
|
|-weather|none
|-end|p2a: mignolet|Protosynthesis
|upkeep
|turn|13
|
|t:|1760380784
|move|p1a: Latias|Stored Power|p2a: mignolet
|-supereffective|p2a: mignolet
|-damage|p2a: mignolet|0 fnt
|faint|p2a: mignolet
|-end|p2a: mignolet|Protosynthesis|[silent]
|
|upkeep
|
|t:|1760380791
|switch|p2a: arda guler|Ninetales, F|100/100
|-weather|SunnyDay|[from] ability: Drought|[of] p2a: arda guler
|turn|14
|j| theviolator3000
|
|t:|1760380814
|move|p1a: Latias|Stored Power|p2a: arda guler
|-damage|p2a: arda guler|0 fnt
|faint|p2a: arda guler
|
|-weather|SunnyDay|[upkeep]
|upkeep
|
|t:|1760380817
|switch|p2a: hans vanaken|Venusaur, M|100/100
|turn|15
|
|t:|1760380823
|move|p2a: hans vanaken|Sludge Bomb|p1a: Latias
|-damage|p1a: Latias|0 fnt
|faint|p1a: Latias
|-damage|p2a: hans vanaken|91/100|[from] item: Life Orb
|
|-weather|SunnyDay|[upkeep]
|upkeep
|
|t:|1760380826
|switch|p1a: Klefki|Klefki, F|100/100
|turn|16
|
|t:|1760380830
|move|p1a: Klefki|Light Screen|p1a: Klefki
|-sidestart|p1: universe mon|move: Light Screen
|move|p2a: hans vanaken|Growth|p2a: hans vanaken
|-boost|p2a: hans vanaken|atk|2
|-boost|p2a: hans vanaken|spa|2
|
|-weather|SunnyDay|[upkeep]
|upkeep
|turn|17
|
|t:|1760380832
|move|p1a: Klefki|Thunder Wave|p2a: hans vanaken
|-status|p2a: hans vanaken|par
|move|p2a: hans vanaken|Weather Ball|p1a: Klefki
|-supereffective|p1a: Klefki
|-damage|p1a: Klefki|0 fnt
|faint|p1a: Klefki
|-damage|p2a: hans vanaken|81/100 par|[from] item: Life Orb
|
|-weather|SunnyDay|[upkeep]
|upkeep
|
|t:|1760380837
|switch|p1a: Necrozma|Necrozma|100/100
|turn|18
|
|t:|1760380843
|move|p2a: hans vanaken|Weather Ball|p1a: Necrozma
|-damage|p1a: Necrozma|36/100
|-damage|p2a: hans vanaken|71/100 par|[from] item: Life Orb
|move|p1a: Necrozma|Dragon Dance|p1a: Necrozma
|-boost|p1a: Necrozma|atk|1
|-boost|p1a: Necrozma|spe|1
|
|-weather|SunnyDay|[upkeep]
|-heal|p1a: Necrozma|42/100|[from] item: Leftovers
|upkeep
|turn|19
|
|t:|1760380852
|move|p1a: Necrozma|Photon Geyser|p2a: hans vanaken
|-supereffective|p2a: hans vanaken
|-damage|p2a: hans vanaken|0 fnt
|faint|p2a: hans vanaken
|
|-weather|SunnyDay|[upkeep]
|-heal|p1a: Necrozma|48/100|[from] item: Leftovers
|upkeep
|
|t:|1760380855
|switch|p2a: lebron|Ceruledge, F|100/100
|turn|20
|
|t:|1760380858
|move|p1a: Necrozma|Photon Geyser|p2a: lebron
|-enditem|p2a: lebron|Focus Sash
|-damage|p2a: lebron|1/100
|-ability|p2a: lebron|Weak Armor|boost
|-unboost|p2a: lebron|def|1
|-boost|p2a: lebron|spe|2
|move|p2a: lebron|Bitter Blade|p1a: Necrozma
|-damage|p1a: Necrozma|0 fnt
|-heal|p2a: lebron|28/100|[from] drain|[of] p1a: Necrozma
|faint|p1a: Necrozma
|
|-weather|SunnyDay|[upkeep]
|upkeep
|
|t:|1760380861
|switch|p1a: Ogerpon|Ogerpon-Wellspring, F|100/100
|turn|21
|
|t:|1760380865
|move|p2a: lebron|Bitter Blade|p1a: Ogerpon
|-damage|p1a: Ogerpon|18/100
|-heal|p2a: lebron|71/100|[from] drain|[of] p1a: Ogerpon
|move|p1a: Ogerpon|Ivy Cudgel|p2a: lebron|[anim] Ivy Cudgel Water
|-supereffective|p2a: lebron
|-crit|p2a: lebron
|-damage|p2a: lebron|0 fnt
|faint|p2a: lebron
|
|-weather|none
|upkeep
|
|t:|1760380873
|switch|p2a: chama|Walking Wake|100/100
|turn|22
|
|t:|1760380883
|-terastallize|p1a: Ogerpon|Water
|detailschange|p1a: Ogerpon|Ogerpon-Wellspring-Tera, F, tera:Water
|-ability|p1a: Ogerpon|Embody Aspect (Wellspring)|boost
|-boost|p1a: Ogerpon|spd|1
|move|p2a: chama|Dragon Pulse|p1a: Ogerpon
|-damage|p1a: Ogerpon|0 fnt
|faint|p1a: Ogerpon
|detailschange|p1: Ogerpon|Ogerpon-Wellspring, F|[silent]
|
|win|yesterdaymister
|raw|universe mon's rating: 1727 &rarr; <strong>1713</strong><br />(-14 for losing)
|raw|yesterdaymister's rating: 1831 &rarr; <strong>1845</strong><br />(+14 for winning)
|l|‽universe mon
|player|p1|
|l|☆yesterdaymister
|player|p2|
|l| theviolator3000
