|j|☆GlormbusTemples
|j|☆BUSTERGOAT
|t:|1760385099
|gametype|singles
|player|p1|GlormbusTemples|pokekid|1126
|player|p2|BUSTERGOAT|falkner|1132
|gen|9
|tier|[Gen 9] OU
|rated|
|rule|HP Percentage Mod: HP is shown in percentages
|rule|Endless Battle Clause: Forcing endless battles is banned
|rule|Species Clause: Limit one of each Pokémon
|rule|OHKO Clause: OHKO moves are banned
|rule|Evasion Items Clause: Evasion items are banned
|rule|Evasion Moves Clause: Evasion moves are banned
|rule|Evasion Abilities Clause: Evasion abilities are banned
|rule|Sleep Moves Clause: Sleep-inducing moves are banned
|clearpoke
|poke|p1|Zapdos|
|poke|p1|Slowking-Galar, M|
|poke|p1|Jirachi|
|poke|p1|Landorus-Therian, M|
|poke|p1|Alomomola, M|
|poke|p1|Kingambit, F|
|poke|p2|Ribombee, M|
|poke|p2|Cinderace, M|
|poke|p2|Serperior, M|
|poke|p2|Enamorus, F|
|poke|p2|Dragapult, F|
|poke|p2|Kingambit, M|
|teampreview
|inactive|Battle timer is ON: inactive players will automatically lose when time's up. (requested by BUSTERGOAT)
|
|t:|1760385107
|teamsize|p1|6
|teamsize|p2|6
|start
|switch|p1a: Zapdos|Zapdos|100/100
|switch|p2a: Ribombee|Ribombee, M, shiny|100/100
|turn|1
|
|t:|1760385113
|move|p2a: Ribombee|Sticky Web|p1a: Zapdos
|-sidestart|p1: GlormbusTemples|move: Sticky Web
|move|p1a: Zapdos|Discharge|p2a: Ribombee
|-damage|p2a: Ribombee|40/100
|
|upkeep
|turn|2
|
|t:|1760385117
|move|p2a: Ribombee|Moonblast|p1a: Zapdos
|-damage|p1a: Zapdos|59/100
|-unboost|p1a: Zapdos|spa|1
|move|p1a: Zapdos|Discharge|p2a: Ribombee
|-damage|p2a: Ribombee|0 fnt
|faint|p2a: Ribombee
|
|upkeep
|
|t:|1760385127
|switch|p2a: Dragapult|Dragapult, F, shiny|100/100
|turn|3
|
|t:|1760385136
|switch|p1a: Slowking|Slowking-Galar, M|100/100
|move|p2a: Dragapult|Dragon Darts|p1a: Slowking
|-damage|p1a: Slowking|72/100
|-anim|p2a: Dragapult|Dragon Darts|p1a: Slowking
|-damage|p1a: Slowking|46/100
|-damage|p2a: Dragapult|91/100|[from] item: Life Orb
|
|upkeep
|turn|4
|
|t:|1760385143
|switch|p1a: Alomomola|Alomomola, M|100/100
|move|p2a: Dragapult|Dragon Darts|p1a: Alomomola
|-damage|p1a: Alomomola|86/100
|-anim|p2a: Dragapult|Dragon Darts|p1a: Alomomola
|-crit|p1a: Alomomola
|-damage|p1a: Alomomola|64/100
|-damage|p2a: Dragapult|81/100|[from] item: Life Orb
|
|upkeep
|turn|5
|
|t:|1760385150
|switch|p2a: Serperior|Serperior, M, shiny|100/100
|move|p1a: Alomomola|Flip Turn|p2a: Serperior
|-resisted|p2a: Serperior
|-damage|p2a: Serperior|90/100
|
|t:|1760385172
|switch|p1a: Landorus|Landorus-Therian, M|100/100|[from] Flip Turn
|-ability|p1a: Landorus|Intimidate|boost
|-boost|p2a: Serperior|atk|1
|
|-heal|p2a: Serperior|96/100|[from] item: Leftovers
|upkeep
|turn|6
|
|t:|1760385180
|switch|p2a: Cinderace|Cinderace, M, shiny|100/100
|move|p1a: Landorus|Fling|p2a: Cinderace
|-damage|p2a: Cinderace|89/100
|-status|p2a: Cinderace|par
|-enditem|p1a: Landorus|Light Ball|[from] move: Fling
|
|upkeep
|turn|7
|
|t:|1760385187
|move|p1a: Landorus|Earth Power|p2a: Cinderace
|-supereffective|p2a: Cinderace
|-damage|p2a: Cinderace|0 fnt
|faint|p2a: Cinderace
|
|upkeep
|
|t:|1760385190
|switch|p2a: Enamorus|Enamorus, F|100/100
|turn|8
|
|t:|1760385193
|move|p2a: Enamorus|Moonblast|p1a: Landorus
|-damage|p1a: Landorus|41/100
|-unboost|p1a: Landorus|spa|1
|move|p1a: Landorus|U-turn|p2a: Enamorus
|-resisted|p2a: Enamorus
|-damage|p2a: Enamorus|93/100
|
|t:|1760385196
|switch|p1a: Slowking|Slowking-Galar, M|79/100|[from] U-turn
|
|upkeep
|turn|9
|
|t:|1760385200
|switch|p2a: Dragapult|Dragapult, F, shiny|81/100
|move|p1a: Slowking|Thunder Wave|p2a: Dragapult
|-status|p2a: Dragapult|par
|
|upkeep
|turn|10
|
|t:|1760385202
|switch|p1a: Alomomola|Alomomola, M|97/100
|move|p2a: Dragapult|Dragon Darts|p1a: Alomomola
|-damage|p1a: Alomomola|82/100
|-anim|p2a: Dragapult|Dragon Darts|p1a: Alomomola
|-damage|p1a: Alomomola|67/100
|-damage|p2a: Dragapult|71/100 par|[from] item: Life Orb
|
|upkeep
|turn|11
|c|☆BUSTERGOAT|cancer
|
|t:|1760385208
|cant|p2a: Dragapult|par
|move|p1a: Alomomola|Wish|p1a: Alomomola
|
|upkeep
|turn|12
|
|t:|1760385210
|cant|p2a: Dragapult|par
|move|p1a: Alomomola|Flip Turn|p2a: Dragapult
|-resisted|p2a: Dragapult
|-damage|p2a: Dragapult|60/100 par
|
|t:|1760385212
|switch|p1a: Landorus|Landorus-Therian, M|41/100|[from] Flip Turn
|-ability|p1a: Landorus|Intimidate|boost
|-fail|p2a: Dragapult|unboost|[from] ability: Clear Body|[of] p2a: Dragapult
|
|-heal|p1a: Landorus|100/100|[from] move: Wish|[wisher] Alomomola
|upkeep
|turn|13
|c|☆BUSTERGOAT|XDDDµ
|c|☆GlormbusTemples|?
|
|t:|1760385223
|switch|p1a: Alomomola|Alomomola, M|99/100
|cant|p2a: Dragapult|par
|
|upkeep
|turn|14
|c|☆BUSTERGOAT|3
|c|☆BUSTERGOAT|xd
|c|☆BUSTERGOAT|xd
|c|☆BUSTERGOAT|xd
|c|☆BUSTERGOAT|xd
|c|☆BUSTERGOAT|xd
|c|☆BUSTERGOAT|wp
|c|☆BUSTERGOAT|subhuman
|-message|BUSTERGOAT forfeited.
|
|win|GlormbusTemples
|raw|GlormbusTemples's rating: 1126 &rarr; <strong>1151</strong><br />(+25 for winning)
|raw|BUSTERGOAT's rating: 1132 &rarr; <strong>1107</strong><br />(-25 for losing)
|l|☆BUSTERGOAT
|player|p2|
|c|☆GlormbusTemples|ty
