|j|☆Aliashood75
|j|☆abhi007xu
|t:|1760431682
|gametype|singles
|player|p1|Aliashood75|1|1379
|player|p2|abhi007xu|nate|1326
|gen|9
|tier|[Gen 9] OU
|rated|
|rule|HP Percentage Mod: HP is shown in percentages
|rule|Endless Battle Clause: Forcing endless battles is banned
|rule|Species Clause: Limit one of each Pokémon
|rule|OHKO Clause: OHKO moves are banned
|rule|Evasion Items Clause: Evasion items are banned
|rule|Evasion Moves Clause: Evasion moves are banned
|rule|Evasion Abilities Clause: Evasion abilities are banned
|rule|Sleep Moves Clause: Sleep-inducing moves are banned
|clearpoke
|poke|p1|Tornadus-Therian, M|
|poke|p1|Hatterene, F|
|poke|p1|Heatran, M|
|poke|p1|Great Tusk|
|poke|p1|Raging Bolt|
|poke|p1|Ogerpon-Wellspring, F|
|poke|p2|Torkoal, M|
|poke|p2|Walking Wake|
|poke|p2|Venusaur, F|
|poke|p2|Kingambit, F|
|poke|p2|Hatterene, F|
|poke|p2|Slither Wing|
|teampreview
|inactive|Battle timer is ON: inactive players will automatically lose when time's up. (requested by Aliashood75)
|
|t:|1760431697
|teamsize|p1|6
|teamsize|p2|6
|start
|switch|p1a: Heatran|Heatran, M|100/100
|switch|p2a: Torkoal|Torkoal, M|100/100
|-weather|SunnyDay|[from] ability: Drought|[of] p2a: Torkoal
|turn|1
|
|t:|1760431712
|switch|p2a: Walking Wake|Walking Wake|100/100
|-activate|p2a: Walking Wake|ability: Protosynthesis
|-start|p2a: Walking Wake|protosynthesisspa
|move|p1a: Heatran|Magma Storm|p2a: Walking Wake
|-resisted|p2a: Walking Wake
|-damage|p2a: Walking Wake|76/100
|-activate|p2a: Walking Wake|move: Magma Storm|[of] p1a: Heatran
|
|-weather|SunnyDay|[upkeep]
|-damage|p2a: Walking Wake|63/100|[from] move: Magma Storm|[partiallytrapped]
|upkeep
|turn|2
|
|t:|1760431725
|-terastallize|p1a: Heatran|Grass
|move|p2a: Walking Wake|Hydro Steam|p1a: Heatran
|-resisted|p1a: Heatran
|-damage|p1a: Heatran|44/100
|move|p1a: Heatran|Earth Power|p2a: Walking Wake
|-damage|p2a: Walking Wake|30/100
|
|-weather|SunnyDay|[upkeep]
|-heal|p1a: Heatran|51/100|[from] item: Leftovers
|-damage|p2a: Walking Wake|17/100|[from] move: Magma Storm|[partiallytrapped]
|upkeep
|turn|3
|
|t:|1760431736
|switch|p1a: Ogerpon|Ogerpon-Wellspring, F|100/100
|-terastallize|p2a: Walking Wake|Water
|move|p2a: Walking Wake|Hydro Steam|p1a: Ogerpon
|-immune|p1a: Ogerpon|[from] ability: Water Absorb
|
|-weather|SunnyDay|[upkeep]
|-end|p2a: Walking Wake|Magma Storm|[partiallytrapped]|[silent]
|upkeep
|turn|4
|
|t:|1760431748
|-end|p2a: Walking Wake|Protosynthesis|[silent]
|switch|p2a: Slither Wing|Slither Wing|100/100
|-activate|p2a: Slither Wing|ability: Protosynthesis
|-start|p2a: Slither Wing|protosynthesisatk
|move|p1a: Ogerpon|Power Whip|p2a: Slither Wing
|-resisted|p2a: Slither Wing
|-crit|p2a: Slither Wing
|-damage|p2a: Slither Wing|29/100
|
|-weather|SunnyDay|[upkeep]
|upkeep
|turn|5
|
|t:|1760431757
|switch|p1a: Tornadus|Tornadus-Therian, M|100/100
|move|p2a: Slither Wing|First Impression|p1a: Tornadus
|-resisted|p1a: Tornadus
|-damage|p1a: Tornadus|59/100
|
|-weather|SunnyDay|[upkeep]
|upkeep
|turn|6
|
|t:|1760431766
|-end|p2a: Slither Wing|Protosynthesis|[silent]
|switch|p2a: Hatterene|Hatterene, F, shiny|100/100
|move|p1a: Tornadus|U-turn|p2a: Hatterene
|-damage|p2a: Hatterene|84/100
|
|t:|1760431771
|switch|p1a: Heatran|Heatran, M, tera:Grass|51/100|[from] U-turn
|
|-weather|SunnyDay|[upkeep]
|-heal|p1a: Heatran|57/100|[from] item: Leftovers
|upkeep
|turn|7
|
|t:|1760431781
|switch|p2a: Walking Wake|Walking Wake, tera:Water|17/100
|-activate|p2a: Walking Wake|ability: Protosynthesis
|-start|p2a: Walking Wake|protosynthesisspa
|move|p1a: Heatran|Magma Storm|p2a: Walking Wake
|-resisted|p2a: Walking Wake
|-damage|p2a: Walking Wake|0 fnt
|faint|p2a: Walking Wake
|-end|p2a: Walking Wake|Protosynthesis|[silent]
|
|-weather|SunnyDay|[upkeep]
|-heal|p1a: Heatran|63/100|[from] item: Leftovers
|upkeep
|
|t:|1760431788
|switch|p2a: Slither Wing|Slither Wing|29/100
|-activate|p2a: Slither Wing|ability: Protosynthesis
|-start|p2a: Slither Wing|protosynthesisatk
|turn|8
|
|t:|1760431794
|switch|p1a: Great Tusk|Great Tusk|100/100
|-activate|p1a: Great Tusk|ability: Protosynthesis
|-start|p1a: Great Tusk|protosynthesisdef
|move|p2a: Slither Wing|U-turn|p1a: Great Tusk
|-resisted|p1a: Great Tusk
|-damage|p1a: Great Tusk|91/100
|
|t:|1760431799
|-end|p2a: Slither Wing|Protosynthesis|[silent]
|switch|p2a: Venusaur|Venusaur, F, shiny|100/100|[from] U-turn
|
|-weather|none
|-end|p1a: Great Tusk|Protosynthesis
|upkeep
|turn|9
|
|t:|1760431807
|switch|p2a: Torkoal|Torkoal, M|100/100
|-weather|SunnyDay|[from] ability: Drought|[of] p2a: Torkoal
|-activate|p1a: Great Tusk|ability: Protosynthesis
|-start|p1a: Great Tusk|protosynthesisdef
|-end|p1a: Great Tusk|Protosynthesis|[silent]
|switch|p1a: Tornadus|Tornadus-Therian, M|92/100
|
|-weather|SunnyDay|[upkeep]
|upkeep
|turn|10
|
|t:|1760431817
|move|p1a: Tornadus|Knock Off|p2a: Torkoal
|-damage|p2a: Torkoal|84/100
|-enditem|p2a: Torkoal|Heat Rock|[from] move: Knock Off|[of] p1a: Tornadus
|move|p2a: Torkoal|Stealth Rock|p1a: Tornadus
|-sidestart|p1: Aliashood75|move: Stealth Rock
|
|-weather|SunnyDay|[upkeep]
|upkeep
|turn|11
|
|t:|1760431825
|switch|p1a: Great Tusk|Great Tusk|91/100
|-activate|p1a: Great Tusk|ability: Protosynthesis
|-start|p1a: Great Tusk|protosynthesisdef
|switch|p2a: Venusaur|Venusaur, F, shiny|100/100
|
|-weather|SunnyDay|[upkeep]
|upkeep
|turn|12
|
|t:|1760431837
|-end|p1a: Great Tusk|Protosynthesis|[silent]
|switch|p1a: Tornadus|Tornadus-Therian, M|100/100
|-damage|p1a: Tornadus|76/100|[from] Stealth Rock
|move|p2a: Venusaur|Growth|p2a: Venusaur
|-boost|p2a: Venusaur|atk|2
|-boost|p2a: Venusaur|spa|2
|
|-weather|SunnyDay|[upkeep]
|upkeep
|turn|13
|
|t:|1760431845
|move|p2a: Venusaur|Weather Ball|p1a: Tornadus
|-damage|p1a: Tornadus|7/100
|move|p1a: Tornadus|Knock Off|p2a: Venusaur
|-damage|p2a: Venusaur|74/100
|-enditem|p2a: Venusaur|Wise Glasses|[from] move: Knock Off|[of] p1a: Tornadus
|
|-weather|SunnyDay|[upkeep]
|upkeep
|turn|14
|
|t:|1760431862
|switch|p1a: Raging Bolt|Raging Bolt|100/100
|-damage|p1a: Raging Bolt|88/100|[from] Stealth Rock
|-activate|p1a: Raging Bolt|ability: Protosynthesis
|-start|p1a: Raging Bolt|protosynthesisspa
|move|p2a: Venusaur|Weather Ball|p1a: Raging Bolt
|-resisted|p1a: Raging Bolt
|-damage|p1a: Raging Bolt|41/100
|
|-weather|SunnyDay|[upkeep]
|upkeep
|turn|15
|
|t:|1760431872
|move|p1a: Raging Bolt|Thunderclap|p2a: Venusaur
|-resisted|p2a: Venusaur
|-damage|p2a: Venusaur|29/100
|move|p2a: Venusaur|Sludge Bomb|p1a: Raging Bolt
|-damage|p1a: Raging Bolt|0 fnt
|faint|p1a: Raging Bolt
|-end|p1a: Raging Bolt|Protosynthesis|[silent]
|
|-weather|SunnyDay|[upkeep]
|upkeep
|
|t:|1760431885
|switch|p1a: Hatterene|Hatterene, F|100/100
|-damage|p1a: Hatterene|88/100|[from] Stealth Rock
|turn|16
|
|t:|1760431889
|move|p2a: Venusaur|Giga Drain|p1a: Hatterene
|-damage|p1a: Hatterene|19/100
|-heal|p2a: Venusaur|65/100|[from] drain|[of] p1a: Hatterene
|move|p1a: Hatterene|Psychic Noise|p2a: Venusaur
|-supereffective|p2a: Venusaur
|-damage|p2a: Venusaur|0 fnt
|faint|p2a: Venusaur
|
|-weather|none
|-heal|p1a: Hatterene|25/100|[from] item: Leftovers
|upkeep
|
|t:|1760431895
|switch|p2a: Torkoal|Torkoal, M|84/100
|-weather|SunnyDay|[from] ability: Drought|[of] p2a: Torkoal
|turn|17
|
|t:|1760431903
|move|p1a: Hatterene|Psychic Noise|p2a: Torkoal
|-damage|p2a: Torkoal|54/100
|-start|p2a: Torkoal|move: Heal Block
|move|p2a: Torkoal|Overheat|p1a: Hatterene
|-damage|p1a: Hatterene|0 fnt
|-unboost|p2a: Torkoal|spa|2
|faint|p1a: Hatterene
|
|-weather|SunnyDay|[upkeep]
|upkeep
|
|t:|1760431913
|switch|p1a: Great Tusk|Great Tusk|91/100
|-activate|p1a: Great Tusk|ability: Protosynthesis
|-start|p1a: Great Tusk|protosynthesisdef
|turn|18
|
|t:|1760431917
|switch|p2a: Slither Wing|Slither Wing|29/100
|-activate|p2a: Slither Wing|ability: Protosynthesis
|-start|p2a: Slither Wing|protosynthesisatk
|move|p1a: Great Tusk|Rapid Spin|p2a: Slither Wing
|-damage|p2a: Slither Wing|11/100
|-boost|p1a: Great Tusk|spe|1
|-sideend|p1: Aliashood75|Stealth Rock|[from] move: Rapid Spin|[of] p1a: Great Tusk
|
|-weather|SunnyDay|[upkeep]
|upkeep
|turn|19
|
|t:|1760431929
|move|p2a: Slither Wing|First Impression|p1a: Great Tusk
|-resisted|p1a: Great Tusk
|-damage|p1a: Great Tusk|78/100
|move|p1a: Great Tusk|Body Press|p2a: Slither Wing
|-resisted|p2a: Slither Wing
|-damage|p2a: Slither Wing|0 fnt
|faint|p2a: Slither Wing
|-end|p2a: Slither Wing|Protosynthesis|[silent]
|
|-weather|SunnyDay|[upkeep]
|upkeep
|
|t:|1760431935
|switch|p2a: Hatterene|Hatterene, F, shiny|84/100
|turn|20
|
|t:|1760431949
|-end|p1a: Great Tusk|Protosynthesis|[silent]
|switch|p1a: Tornadus|Tornadus-Therian, M|40/100
|move|p2a: Hatterene|Draining Kiss|p1a: Tornadus
|-crit|p1a: Tornadus
|-damage|p1a: Tornadus|15/100
|-heal|p2a: Hatterene|100/100|[from] drain|[of] p1a: Tornadus
|
|-weather|SunnyDay|[upkeep]
|upkeep
|turn|21
|
|t:|1760431958
|move|p1a: Tornadus|Knock Off|p2a: Hatterene
|-damage|p2a: Hatterene|79/100
|-enditem|p2a: Hatterene|Assault Vest|[from] move: Knock Off|[of] p1a: Tornadus
|move|p2a: Hatterene|Draining Kiss|p1a: Tornadus
|-damage|p1a: Tornadus|0 fnt
|-heal|p2a: Hatterene|91/100|[from] drain|[of] p1a: Tornadus
|faint|p1a: Tornadus
|
|-weather|none
|upkeep
|
|t:|1760431969
|switch|p1a: Ogerpon|Ogerpon-Wellspring, F|100/100
|turn|22
|
|t:|1760431975
|move|p1a: Ogerpon|Ivy Cudgel|p2a: Hatterene|[anim] Ivy Cudgel Water
|-damage|p2a: Hatterene|14/100
|move|p2a: Hatterene|Nuzzle|p1a: Ogerpon
|-damage|p1a: Ogerpon|96/100
|-status|p1a: Ogerpon|par
|
|upkeep
|turn|23
|
|t:|1760431982
|move|p1a: Ogerpon|Trailblaze|p2a: Hatterene
|-damage|p2a: Hatterene|0 fnt
|-boost|p1a: Ogerpon|spe|1
|faint|p2a: Hatterene
|
|upkeep
|
|t:|1760431985
|switch|p2a: Kingambit|Kingambit, F, shiny|100/100
|-activate|p2a: Kingambit|ability: Supreme Overlord
|-start|p2a: Kingambit|fallen4|[silent]
|turn|24
|
|t:|1760431993
|move|p1a: Ogerpon|Ivy Cudgel|p2a: Kingambit|[anim] Ivy Cudgel Water
|-crit|p2a: Kingambit
|-damage|p2a: Kingambit|37/100
|move|p2a: Kingambit|Swords Dance|p2a: Kingambit
|-boost|p2a: Kingambit|atk|2
|
|upkeep
|turn|25
|
|t:|1760431999
|move|p2a: Kingambit|Sucker Punch|p1a: Ogerpon
|-crit|p1a: Ogerpon
|-damage|p1a: Ogerpon|0 fnt
|faint|p1a: Ogerpon
|
|upkeep
|
|t:|1760432003
|switch|p1a: Great Tusk|Great Tusk|78/100
|turn|26
|
|t:|1760432007
|move|p2a: Kingambit|Sucker Punch|p1a: Great Tusk
|-resisted|p1a: Great Tusk
|-damage|p1a: Great Tusk|42/100
|move|p1a: Great Tusk|Body Press|p2a: Kingambit
|-supereffective|p2a: Kingambit
|-damage|p2a: Kingambit|0 fnt
|faint|p2a: Kingambit
|-end|p2a: Kingambit|fallen4|[silent]
|
|upkeep
|
|t:|1760432009
|switch|p2a: Torkoal|Torkoal, M|54/100
|-weather|SunnyDay|[from] ability: Drought|[of] p2a: Torkoal
|-activate|p1a: Great Tusk|ability: Protosynthesis
|-start|p1a: Great Tusk|protosynthesisdef
|turn|27
|-message|abhi007xu forfeited.
|
|win|Aliashood75
|raw|Aliashood75's rating: 1379 &rarr; <strong>1396</strong><br />(+17 for winning)
|raw|abhi007xu's rating: 1326 &rarr; <strong>1309</strong><br />(-17 for losing)
|l|☆abhi007xu
|player|p2|
|l|☆Aliashood75
|player|p1|
