|j|☆Haconnhabatrieu
|j|☆Quibblepants
|t:|1760347122
|gametype|singles
|player|p1|Haconnhabatrieu|ninjaboy|1383
|player|p2|Quibblepants|idol|1332
|gen|9
|tier|[Gen 9] OU
|rated|
|rule|HP Percentage Mod: HP is shown in percentages
|rule|Endless Battle Clause: Forcing endless battles is banned
|rule|Species Clause: Limit one of each Pokémon
|rule|OHKO Clause: OHKO moves are banned
|rule|Evasion Items Clause: Evasion items are banned
|rule|Evasion Moves Clause: Evasion moves are banned
|rule|Evasion Abilities Clause: Evasion abilities are banned
|rule|Sleep Moves Clause: Sleep-inducing moves are banned
|clearpoke
|poke|p1|Gholdengo|
|poke|p1|Ogerpon-Wellspring, F|
|poke|p1|Great Tusk|
|poke|p1|Ting-Lu|
|poke|p1|Ninetales-Alola, M|
|poke|p1|Dragonite, M|
|poke|p2|Eiscue, F|
|poke|p2|Slowking-Galar, F|
|poke|p2|Glaceon, M|
|poke|p2|Cinderace, M|
|poke|p2|Lokix, M|
|poke|p2|Thundurus-Therian, M|
|teampreview
|
|t:|1760347150
|teamsize|p1|6
|teamsize|p2|6
|start
|switch|p1a: Ninetales|Ninetales-Alola, M|100/100
|switch|p2a: Slowking|Slowking-Galar, F|100/100
|-weather|Snowscape|[from] ability: Snow Warning|[of] p1a: Ninetales
|turn|1
|
|t:|1760347156
|move|p1a: Ninetales|Aurora Veil|p1a: Ninetales
|-sidestart|p1: Haconnhabatrieu|move: Aurora Veil
|move|p2a: Slowking|Future Sight|p1a: Ninetales
|-start|p2a: Slowking|move: Future Sight
|
|-weather|Snowscape|[upkeep]
|upkeep
|turn|2
|
|t:|1760347174
|switch|p1a: Ting-Lu|Ting-Lu, shiny|100/100
|-ability|p1a: Ting-Lu|Vessel of Ruin
|move|p2a: Slowking|Sludge Bomb|p1a: Ting-Lu
|-resisted|p1a: Ting-Lu
|-damage|p1a: Ting-Lu|93/100
|-damage|p2a: Slowking|91/100|[from] item: Life Orb
|
|-weather|Snowscape|[upkeep]
|upkeep
|turn|3
|
|t:|1760347183
|switch|p2a: Eiscue|Eiscue, F|100/100
|move|p1a: Ting-Lu|Stealth Rock|p2a: Eiscue
|-sidestart|p2: Quibblepants|move: Stealth Rock
|
|-weather|Snowscape|[upkeep]
|-end|p1a: Ting-Lu|move: Future Sight
|-immune|p1a: Ting-Lu
|upkeep
|turn|4
|inactive|Battle timer is ON: inactive players will automatically lose when time's up. (requested by Haconnhabatrieu)
|
|t:|1760347189
|move|p2a: Eiscue|Ice Spinner|p1a: Ting-Lu
|-supereffective|p1a: Ting-Lu
|-damage|p1a: Ting-Lu|72/100
|-damage|p2a: Eiscue|84/100|[from] item: Rocky Helmet|[of] p1a: Ting-Lu
|move|p1a: Ting-Lu|Whirlwind|p2a: Eiscue
|drag|p2a: Slowking|Slowking-Galar, F|100/100
|-damage|p2a: Slowking|88/100|[from] Stealth Rock
|
|-weather|Snowscape|[upkeep]
|upkeep
|turn|5
|
|t:|1760347202
|move|p1a: Ting-Lu|Earthquake|p2a: Slowking
|-supereffective|p2a: Slowking
|-damage|p2a: Slowking|16/100
|move|p2a: Slowking|Future Sight|p1a: Ting-Lu
|-start|p2a: Slowking|move: Future Sight
|
|-weather|none
|upkeep
|turn|6
|
|t:|1760347207
|switch|p2a: Cinderace|Cinderace, M|100/100
|move|p1a: Ting-Lu|Ruination|p2a: Cinderace
|-damage|p2a: Cinderace|51/100
|
|upkeep
|turn|7
|inactive|Haconnhabatrieu has 120 seconds left.
|
|t:|1760347237
|switch|p1a: Great Tusk|Great Tusk, shiny|100/100
|move|p2a: Cinderace|Court Change|p2a: Cinderace
|-start|p2a: Cinderace|typechange|Normal|[from] ability: Libero
|-swapsideconditions
|-activate|p2a: Cinderace|move: Court Change
|
|-end|p1a: Great Tusk|move: Future Sight
|-supereffective|p1a: Great Tusk
|-crit|p1a: Great Tusk
|-damage|p1a: Great Tusk|0 fnt
|faint|p1a: Great Tusk
|-end|p1a: Great Tusk|Protosynthesis|[silent]
|upkeep
|inactive|Haconnhabatrieu has 120 seconds left.
|
|t:|1760347249
|switch|p1a: Ting-Lu|Ting-Lu, shiny|72/100
|-damage|p1a: Ting-Lu|66/100|[from] Stealth Rock
|-ability|p1a: Ting-Lu|Vessel of Ruin
|turn|8
|
|t:|1760347252
|move|p2a: Cinderace|U-turn|p1a: Ting-Lu
|-supereffective|p1a: Ting-Lu
|-damage|p1a: Ting-Lu|45/100
|-damage|p2a: Cinderace|34/100|[from] item: Rocky Helmet|[of] p1a: Ting-Lu
|
|t:|1760347255
|switch|p2a: Lokix|Lokix, M|100/100|[from] U-turn
|move|p1a: Ting-Lu|Stealth Rock|p2a: Lokix
|-sidestart|p2: Quibblepants|move: Stealth Rock
|
|-sideend|p2: Quibblepants|move: Aurora Veil
|upkeep
|turn|9
|
|t:|1760347264
|switch|p1a: Ninetales|Ninetales-Alola, M|100/100
|-damage|p1a: Ninetales|76/100|[from] Stealth Rock
|-weather|Snowscape|[from] ability: Snow Warning|[of] p1a: Ninetales
|move|p2a: Lokix|U-turn|p1a: Ninetales
|-resisted|p1a: Ninetales
|-damage|p1a: Ninetales|38/100
|-damage|p2a: Lokix|91/100|[from] item: Life Orb
|
|t:|1760347269
|switch|p2a: Cinderace|Cinderace, M|34/100|[from] U-turn
|
|-weather|Snowscape|[upkeep]
|upkeep
|turn|10
|inactive|Haconnhabatrieu has 120 seconds left.
|
|t:|1760347319
|move|p2a: Cinderace|Pyro Ball|p1a: Ninetales
|-supereffective|p1a: Ninetales
|-damage|p1a: Ninetales|0 fnt
|faint|p1a: Ninetales
|
|-weather|Snowscape|[upkeep]
|upkeep
|
|t:|1760347323
|switch|p1a: Ogerpon|Ogerpon-Wellspring, F|100/100
|-damage|p1a: Ogerpon|88/100|[from] Stealth Rock
|turn|11
|
|t:|1760347328
|move|p2a: Cinderace|U-turn|p1a: Ogerpon
|-start|p2a: Cinderace|typechange|Bug|[from] ability: Libero
|-supereffective|p1a: Ogerpon
|-damage|p1a: Ogerpon|6/100
|
|t:|1760347331
|switch|p2a: Eiscue|Eiscue, F|84/100|[from] U-turn
|-damage|p2a: Eiscue|59/100|[from] Stealth Rock
|move|p1a: Ogerpon|Ivy Cudgel|p2a: Eiscue|[anim] Ivy Cudgel Water
|-activate|p2a: Eiscue|ability: Ice Face
|-damage|p2a: Eiscue|59/100
|detailschange|p2a: Eiscue|Eiscue-Noice, F
|
|-weather|Snowscape|[upkeep]
|upkeep
|turn|12
|inactive|Haconnhabatrieu has 120 seconds left.
|
|t:|1760347352
|move|p2a: Eiscue|Ice Spinner|p1a: Ogerpon
|-damage|p1a: Ogerpon|0 fnt
|faint|p1a: Ogerpon
|
|-weather|Snowscape|[upkeep]
|upkeep
|
|t:|1760347357
|switch|p1a: Gholdengo|Gholdengo, shiny|100/100
|-damage|p1a: Gholdengo|94/100|[from] Stealth Rock
|turn|13
|
|t:|1760347370
|switch|p2a: Slowking|Slowking-Galar, F|49/100
|-damage|p2a: Slowking|37/100|[from] Stealth Rock
|move|p1a: Gholdengo|Shadow Ball|p2a: Slowking
|-supereffective|p2a: Slowking
|-damage|p2a: Slowking|0 fnt
|faint|p2a: Slowking
|
|-weather|none
|upkeep
|
|t:|1760347373
|switch|p2a: Cinderace|Cinderace, M|34/100
|turn|14
|
|t:|1760347376
|-terastallize|p1a: Gholdengo|Normal
|move|p2a: Cinderace|Pyro Ball|p1a: Gholdengo|[miss]
|-miss|p2a: Cinderace|p1a: Gholdengo
|move|p1a: Gholdengo|Shadow Ball|p2a: Cinderace
|-damage|p2a: Cinderace|0 fnt
|faint|p2a: Cinderace
|
|upkeep
|
|t:|1760347383
|switch|p2a: Lokix|Lokix, M|91/100
|-damage|p2a: Lokix|66/100|[from] Stealth Rock
|turn|15
|
|t:|1760347387
|-terastallize|p2a: Lokix|Bug
|move|p2a: Lokix|First Impression|p1a: Gholdengo
|-damage|p1a: Gholdengo|23/100
|-damage|p2a: Lokix|56/100|[from] item: Life Orb
|move|p1a: Gholdengo|Shadow Ball|p2a: Lokix
|-crit|p2a: Lokix
|-damage|p2a: Lokix|0 fnt
|faint|p2a: Lokix
|
|upkeep
|
|t:|1760347395
|switch|p2a: Eiscue|Eiscue-Noice, F|59/100
|-damage|p2a: Eiscue|35/100|[from] Stealth Rock
|turn|16
|
|t:|1760347399
|move|p2a: Eiscue|Ice Spinner|p1a: Gholdengo
|-damage|p1a: Gholdengo|0 fnt
|faint|p1a: Gholdengo
|
|upkeep
|
|t:|1760347406
|switch|p1a: Ting-Lu|Ting-Lu, shiny|45/100
|-damage|p1a: Ting-Lu|39/100|[from] Stealth Rock
|-ability|p1a: Ting-Lu|Vessel of Ruin
|turn|17
|inactive|Quibblepants has 120 seconds left.
|
|t:|1760347437
|move|p2a: Eiscue|Ice Spinner|p1a: Ting-Lu
|-supereffective|p1a: Ting-Lu
|-damage|p1a: Ting-Lu|3/100
|-damage|p2a: Eiscue|18/100|[from] item: Rocky Helmet|[of] p1a: Ting-Lu
|move|p1a: Ting-Lu|Earthquake|p2a: Eiscue
|-damage|p2a: Eiscue|0 fnt
|faint|p2a: Eiscue
|
|upkeep
|
|t:|1760347441
|switch|p2a: Glaceon|Glaceon, M|100/100
|-damage|p2a: Glaceon|76/100|[from] Stealth Rock
|turn|18
|
|t:|1760347447
|move|p2a: Glaceon|Freeze-Dry|p1a: Ting-Lu
|-supereffective|p1a: Ting-Lu
|-damage|p1a: Ting-Lu|0 fnt
|faint|p1a: Ting-Lu
|
|-heal|p2a: Glaceon|82/100|[from] item: Leftovers
|upkeep
|
|t:|1760347449
|switch|p1a: Dragonite|Dragonite, M|100/100
|-damage|p1a: Dragonite|76/100|[from] Stealth Rock
|turn|19
|
|t:|1760347454
|move|p1a: Dragonite|Flamethrower|p2a: Glaceon
|-supereffective|p2a: Glaceon
|-damage|p2a: Glaceon|7/100
|-status|p2a: Glaceon|brn
|move|p2a: Glaceon|Freeze-Dry|p1a: Dragonite
|-supereffective|p1a: Dragonite
|-damage|p1a: Dragonite|0 fnt
|faint|p1a: Dragonite
|
|win|Quibblepants
|raw|Haconnhabatrieu's rating: 1383 &rarr; <strong>1358</strong><br />(-25 for losing)
|raw|Quibblepants's rating: 1292 &rarr; <strong>1323</strong><br />(+31 for winning)
|l|☆Haconnhabatrieu
|player|p1|
|l|☆Quibblepants
|player|p2|
