|j|☆woshishazi
|j|☆Passerby bye
|t:|1760350560
|gametype|singles
|player|p1|woshishazi|2|1340
|player|p2|Passerby bye|scientist-gen4|1297
|gen|9
|tier|[Gen 9] OU
|rated|
|rule|HP Percentage Mod: HP is shown in percentages
|rule|Endless Battle Clause: Forcing endless battles is banned
|rule|Species Clause: Limit one of each Pokémon
|rule|OHKO Clause: OHKO moves are banned
|rule|Evasion Items Clause: Evasion items are banned
|rule|Evasion Moves Clause: Evasion moves are banned
|rule|Evasion Abilities Clause: Evasion abilities are banned
|rule|Sleep Moves Clause: Sleep-inducing moves are banned
|clearpoke
|poke|p1|Tyranitar, F|
|poke|p1|Excadrill, M|
|poke|p1|Glimmora, F|
|poke|p1|Ogerpon-Wellspring, F|
|poke|p1|Mandibuzz, F|
|poke|p1|Hoopa-Unbound|
|poke|p2|Vileplume, M|
|poke|p2|Houndoom, M|
|poke|p2|Gliscor, M|
|poke|p2|Magnezone|
|poke|p2|Azumarill, M|
|poke|p2|Mismagius, F|
|teampreview
|
|t:|1760350571
|teamsize|p1|6
|teamsize|p2|6
|start
|switch|p1a: Glimmora|Glimmora, F|100/100
|switch|p2a: Gliscor|Gliscor, M|100/100
|turn|1
|
|t:|1760350586
|move|p1a: Glimmora|Stealth Rock|p2a: Gliscor
|-sidestart|p2: Passerby bye|move: Stealth Rock
|move|p2a: Gliscor|Earthquake|p1a: Glimmora
|-supereffective|p1a: Glimmora
|-enditem|p1a: Glimmora|Focus Sash
|-damage|p1a: Glimmora|1/100
|-activate|p1a: Glimmora|ability: Toxic Debris
|-sidestart|p2: Passerby bye|move: Toxic Spikes
|
|-status|p2a: Gliscor|tox|[from] item: Toxic Orb
|upkeep
|turn|2
|
|t:|1760350599
|move|p1a: Glimmora|Memento|p2a: Gliscor
|-unboost|p2a: Gliscor|atk|2
|-unboost|p2a: Gliscor|spa|2
|faint|p1a: Glimmora
|move|p2a: Gliscor|Earthquake|p1: Glimmora|[notarget]
|-fail|p2a: Gliscor
|
|upkeep
|
|t:|1760350623
|switch|p1a: Hoopa|Hoopa-Unbound|100/100
|turn|3
|
|t:|1760350629
|switch|p2a: Azumarill|Azumarill, M|100/100
|-damage|p2a: Azumarill|88/100|[from] Stealth Rock
|-status|p2a: Azumarill|psn
|move|p1a: Hoopa|Hyperspace Fury|p2a: Azumarill
|-resisted|p2a: Azumarill
|-damage|p2a: Azumarill|48/100 psn
|-unboost|p1a: Hoopa|def|1
|-damage|p1a: Hoopa|91/100|[from] item: Life Orb
|
|-damage|p2a: Azumarill|35/100 psn|[from] psn
|upkeep
|turn|4
|
|t:|1760350639
|move|p1a: Hoopa|Hyperspace Fury|p2a: Azumarill
|-resisted|p2a: Azumarill
|-damage|p2a: Azumarill|0 fnt
|-unboost|p1a: Hoopa|def|1
|faint|p2a: Azumarill
|-damage|p1a: Hoopa|81/100|[from] item: Life Orb
|
|upkeep
|
|t:|1760350648
|switch|p2a: Vileplume|Vileplume, M|100/100
|-damage|p2a: Vileplume|88/100|[from] Stealth Rock
|-sideend|p2: Passerby bye|move: Toxic Spikes|[of] p2a: Vileplume
|turn|5
|
|t:|1760350651
|switch|p1a: Excadrill|Excadrill, M|100/100
|move|p2a: Vileplume|Strength Sap|p1a: Excadrill
|-unboost|p1a: Excadrill|atk|1
|-heal|p2a: Vileplume|100/100
|
|upkeep
|turn|6
|
|t:|1760350667
|switch|p1a: Mandibuzz|Mandibuzz, F|100/100
|move|p2a: Vileplume|Leech Seed|p1a: Mandibuzz
|-start|p1a: Mandibuzz|move: Leech Seed
|
|-damage|p1a: Mandibuzz|88/100|[from] Leech Seed|[of] p2a: Vileplume
|upkeep
|turn|7
|
|t:|1760350676
|move|p1a: Mandibuzz|U-turn|p2a: Vileplume
|-damage|p2a: Vileplume|91/100
|-damage|p1a: Mandibuzz|72/100|[from] item: Rocky Helmet|[of] p2a: Vileplume
|
|t:|1760350683
|switch|p1a: Tyranitar|Tyranitar, F|100/100|[from] U-turn
|-weather|Sandstorm|[from] ability: Sand Stream|[of] p1a: Tyranitar
|move|p2a: Vileplume|Sludge Wave|p1a: Tyranitar
|-resisted|p1a: Tyranitar
|-damage|p1a: Tyranitar|92/100
|
|-weather|Sandstorm|[upkeep]
|-damage|p2a: Vileplume|84/100|[from] Sandstorm
|upkeep
|turn|8
|
|t:|1760350705
|move|p1a: Tyranitar|Power Gem|p2a: Vileplume
|-damage|p2a: Vileplume|47/100
|move|p2a: Vileplume|Strength Sap|p1a: Tyranitar
|-unboost|p1a: Tyranitar|atk|1
|-heal|p2a: Vileplume|100/100
|
|-weather|Sandstorm|[upkeep]
|-damage|p2a: Vileplume|94/100|[from] Sandstorm
|upkeep
|turn|9
|
|t:|1760350716
|switch|p1a: Hoopa|Hoopa-Unbound|81/100
|move|p2a: Vileplume|Giga Drain|p1a: Hoopa
|-crit|p1a: Hoopa
|-damage|p1a: Hoopa|42/100
|-heal|p2a: Vileplume|100/100|[from] drain|[of] p1a: Hoopa
|
|-weather|Sandstorm|[upkeep]
|-damage|p1a: Hoopa|36/100|[from] Sandstorm
|-damage|p2a: Vileplume|94/100|[from] Sandstorm
|upkeep
|turn|10
|
|t:|1760350725
|move|p1a: Hoopa|Zen Headbutt|p2a: Vileplume
|-supereffective|p2a: Vileplume
|-damage|p2a: Vileplume|0 fnt
|-damage|p1a: Hoopa|19/100|[from] item: Rocky Helmet|[of] p2a: Vileplume
|faint|p2a: Vileplume
|-damage|p1a: Hoopa|9/100|[from] item: Life Orb
|
|-weather|Sandstorm|[upkeep]
|-damage|p1a: Hoopa|3/100|[from] Sandstorm
|upkeep
|
|t:|1760350734
|switch|p2a: Mismagius|Mismagius, F|100/100
|-damage|p2a: Mismagius|88/100|[from] Stealth Rock
|turn|11
|
|t:|1760350742
|switch|p1a: Tyranitar|Tyranitar, F|92/100
|move|p2a: Mismagius|Shadow Ball|p1a: Tyranitar
|-resisted|p1a: Tyranitar
|-damage|p1a: Tyranitar|81/100
|-damage|p2a: Mismagius|78/100|[from] item: Life Orb
|
|-weather|none
|upkeep
|turn|12
|
|t:|1760350749
|switch|p2a: Gliscor|Gliscor, M|100/100 tox
|-damage|p2a: Gliscor|88/100 tox|[from] Stealth Rock
|move|p1a: Tyranitar|Dark Pulse|p2a: Gliscor
|-damage|p2a: Gliscor|60/100 tox
|
|-heal|p2a: Gliscor|73/100 tox|[from] ability: Poison Heal
|upkeep
|turn|13
|inactive|Battle timer is ON: inactive players will automatically lose when time's up. (requested by woshishazi)
|
|t:|1760350781
|switch|p1a: Mandibuzz|Mandibuzz, F|72/100
|move|p2a: Gliscor|Swords Dance|p2a: Gliscor
|-boost|p2a: Gliscor|atk|2
|
|-heal|p2a: Gliscor|85/100 tox|[from] ability: Poison Heal
|upkeep
|turn|14
|
|t:|1760350790
|move|p2a: Gliscor|Stone Edge|p1a: Mandibuzz
|-supereffective|p1a: Mandibuzz
|-damage|p1a: Mandibuzz|18/100
|move|p1a: Mandibuzz|Knock Off|p2a: Gliscor
|-damage|p2a: Gliscor|65/100 tox
|-enditem|p2a: Gliscor|Toxic Orb|[from] move: Knock Off|[of] p1a: Mandibuzz
|
|-heal|p2a: Gliscor|77/100 tox|[from] ability: Poison Heal
|upkeep
|turn|15
|
|t:|1760350796
|move|p2a: Gliscor|Stone Edge|p1a: Mandibuzz
|-supereffective|p1a: Mandibuzz
|-crit|p1a: Mandibuzz
|-damage|p1a: Mandibuzz|0 fnt
|faint|p1a: Mandibuzz
|
|-heal|p2a: Gliscor|90/100 tox|[from] ability: Poison Heal
|upkeep
|
|t:|1760350799
|switch|p1a: Ogerpon|Ogerpon-Wellspring, F|100/100
|turn|16
|
|t:|1760350813
|-terastallize|p2a: Gliscor|Water
|move|p1a: Ogerpon|Ivy Cudgel|p2a: Gliscor|[anim] Ivy Cudgel Water
|-resisted|p2a: Gliscor
|-damage|p2a: Gliscor|65/100 tox
|move|p2a: Gliscor|Stone Edge|p1a: Ogerpon
|-damage|p1a: Ogerpon|44/100
|
|-heal|p2a: Gliscor|78/100 tox|[from] ability: Poison Heal
|upkeep
|turn|17
|
|t:|1760350832
|move|p2a: Gliscor|Protect|p2a: Gliscor
|-singleturn|p2a: Gliscor|Protect
|move|p1a: Ogerpon|U-turn|p2a: Gliscor
|-activate|p2a: Gliscor|move: Protect
|
|-heal|p2a: Gliscor|90/100 tox|[from] ability: Poison Heal
|upkeep
|turn|18
|
|t:|1760350841
|move|p1a: Ogerpon|Play Rough|p2a: Gliscor
|-damage|p2a: Gliscor|64/100 tox
|move|p2a: Gliscor|Stone Edge|p1a: Ogerpon
|-crit|p1a: Ogerpon
|-damage|p1a: Ogerpon|0 fnt
|faint|p1a: Ogerpon
|
|-heal|p2a: Gliscor|77/100 tox|[from] ability: Poison Heal
|upkeep
|
|t:|1760350844
|switch|p1a: Tyranitar|Tyranitar, F|81/100
|-weather|Sandstorm|[from] ability: Sand Stream|[of] p1a: Tyranitar
|turn|19
|
|t:|1760350851
|-terastallize|p1a: Tyranitar|Flying
|move|p2a: Gliscor|Earthquake|p1a: Tyranitar
|-immune|p1a: Tyranitar
|move|p1a: Tyranitar|Thunderbolt|p2a: Gliscor
|-supereffective|p2a: Gliscor
|-damage|p2a: Gliscor|35/100 tox
|
|-weather|Sandstorm|[upkeep]
|-damage|p2a: Gliscor|28/100 tox|[from] Sandstorm
|-damage|p1a: Tyranitar|75/100|[from] Sandstorm
|-heal|p2a: Gliscor|41/100 tox|[from] ability: Poison Heal
|upkeep
|turn|20
|
|t:|1760350867
|move|p2a: Gliscor|Protect|p2a: Gliscor
|-singleturn|p2a: Gliscor|Protect
|move|p1a: Tyranitar|Thunderbolt|p2a: Gliscor
|-activate|p2a: Gliscor|move: Protect
|
|-weather|Sandstorm|[upkeep]
|-damage|p2a: Gliscor|35/100 tox|[from] Sandstorm
|-damage|p1a: Tyranitar|68/100|[from] Sandstorm
|-heal|p2a: Gliscor|47/100 tox|[from] ability: Poison Heal
|upkeep
|turn|21
|
|t:|1760350873
|switch|p1a: Excadrill|Excadrill, M|100/100
|move|p2a: Gliscor|Stone Edge|p1a: Excadrill
|-resisted|p1a: Excadrill
|-damage|p1a: Excadrill|86/100
|
|-weather|Sandstorm|[upkeep]
|-damage|p2a: Gliscor|41/100 tox|[from] Sandstorm
|-heal|p2a: Gliscor|53/100 tox|[from] ability: Poison Heal
|upkeep
|turn|22
|
|t:|1760350881
|move|p2a: Gliscor|Protect|p2a: Gliscor
|-singleturn|p2a: Gliscor|Protect
|move|p1a: Excadrill|Iron Head|p2a: Gliscor
|-activate|p2a: Gliscor|move: Protect
|
|-weather|Sandstorm|[upkeep]
|-damage|p2a: Gliscor|47/100 tox|[from] Sandstorm
|-heal|p2a: Gliscor|60/100 tox|[from] ability: Poison Heal
|upkeep
|turn|23
|
|t:|1760350886
|move|p1a: Excadrill|Iron Head|p2a: Gliscor
|-resisted|p2a: Gliscor
|-damage|p2a: Gliscor|34/100 tox
|-damage|p1a: Excadrill|76/100|[from] item: Life Orb
|move|p2a: Gliscor|Earthquake|p1a: Excadrill
|-supereffective|p1a: Excadrill
|-damage|p1a: Excadrill|0 fnt
|faint|p1a: Excadrill
|
|-weather|none
|-heal|p2a: Gliscor|47/100 tox|[from] ability: Poison Heal
|upkeep
|
|t:|1760350896
|switch|p1a: Hoopa|Hoopa-Unbound|3/100
|turn|24
|
|t:|1760350899
|move|p2a: Gliscor|Protect|p2a: Gliscor
|-singleturn|p2a: Gliscor|Protect
|move|p1a: Hoopa|Hyperspace Fury|p2a: Gliscor
|-activate|p2a: Gliscor|move: Hyperspace Fury|[broken]
|-damage|p2a: Gliscor|0 fnt
|-unboost|p1a: Hoopa|def|1
|faint|p2a: Gliscor
|-damage|p1a: Hoopa|0 fnt|[from] item: Life Orb
|faint|p1a: Hoopa
|
|upkeep
|
|t:|1760350916
|switch|p1a: Tyranitar|Tyranitar, F, tera:Flying|68/100
|switch|p2a: Magnezone|Magnezone|100/100
|-weather|Sandstorm|[from] ability: Sand Stream|[of] p1a: Tyranitar
|-damage|p2a: Magnezone|94/100|[from] Stealth Rock
|turn|25
|
|t:|1760350924
|move|p1a: Tyranitar|Earth Power|p2a: Magnezone
|-supereffective|p2a: Magnezone
|-damage|p2a: Magnezone|0 fnt
|faint|p2a: Magnezone
|
|-weather|Sandstorm|[upkeep]
|-damage|p1a: Tyranitar|62/100|[from] Sandstorm
|upkeep
|
|t:|1760350928
|switch|p2a: Houndoom|Houndoom, M|100/100
|turn|26
|
|t:|1760350934
|move|p2a: Houndoom|Destiny Bond|p2a: Houndoom
|-singlemove|p2a: Houndoom|Destiny Bond
|move|p1a: Tyranitar|Earth Power|p2a: Houndoom
|-supereffective|p2a: Houndoom
|-damage|p2a: Houndoom|33/100
|
|-weather|Sandstorm|[upkeep]
|-damage|p2a: Houndoom|27/100|[from] Sandstorm
|-damage|p1a: Tyranitar|56/100|[from] Sandstorm
|upkeep
|turn|27
|
|t:|1760350941
|switch|p2a: Mismagius|Mismagius, F|78/100
|-damage|p2a: Mismagius|66/100|[from] Stealth Rock
|move|p1a: Tyranitar|Earth Power|p2a: Mismagius
|-immune|p2a: Mismagius|[from] ability: Levitate
|
|-weather|Sandstorm|[upkeep]
|-damage|p2a: Mismagius|60/100|[from] Sandstorm
|-damage|p1a: Tyranitar|50/100|[from] Sandstorm
|upkeep
|turn|28
|
|t:|1760350950
|move|p2a: Mismagius|Draining Kiss|p1a: Tyranitar
|-damage|p1a: Tyranitar|38/100
|-heal|p2a: Mismagius|72/100|[from] drain|[of] p1a: Tyranitar
|-damage|p2a: Mismagius|62/100|[from] item: Life Orb
|move|p1a: Tyranitar|Dark Pulse|p2a: Mismagius
|-supereffective|p2a: Mismagius
|-damage|p2a: Mismagius|0 fnt
|faint|p2a: Mismagius
|
|-weather|Sandstorm|[upkeep]
|-damage|p1a: Tyranitar|31/100|[from] Sandstorm
|upkeep
|
|t:|1760350958
|switch|p2a: Houndoom|Houndoom, M|27/100
|turn|29
|inactive|woshishazi has 120 seconds left.
|
|t:|1760350995
|move|p2a: Houndoom|Fire Blast|p1a: Tyranitar
|-damage|p1a: Tyranitar|0 fnt
|faint|p1a: Tyranitar
|
|win|Passerby bye
|raw|woshishazi's rating: 1340 &rarr; <strong>1318</strong><br />(-22 for losing)
|raw|Passerby bye's rating: 1297 &rarr; <strong>1325</strong><br />(+28 for winning)
|l|☆Passerby bye
|player|p2|
|l|☆woshishazi
|player|p1|
