|j|☆chaomei_shen
|j|☆zimore
|t:|1760329553
|gametype|singles
|player|p1|chaomei_shen|266|1414
|player|p2|zimore|iris-gen5bw2|1482
|gen|9
|tier|[Gen 9] OU
|rated|
|rule|HP Percentage Mod: HP is shown in percentages
|rule|Endless Battle Clause: Forcing endless battles is banned
|rule|Species Clause: Limit one of each Pokémon
|rule|OHKO Clause: OHKO moves are banned
|rule|Evasion Items Clause: Evasion items are banned
|rule|Evasion Moves Clause: Evasion moves are banned
|rule|Evasion Abilities Clause: Evasion abilities are banned
|rule|Sleep Moves Clause: Sleep-inducing moves are banned
|clearpoke
|poke|p1|Dragonite, M|
|poke|p1|Hatterene, F|
|poke|p1|Great Tusk|
|poke|p1|Raging Bolt|
|poke|p1|Ting-Lu|
|poke|p1|Kyurem|
|poke|p2|Scream Tail|
|poke|p2|Primarina, F|
|poke|p2|Mandibuzz, F|
|poke|p2|Iron Treads|
|poke|p2|Ogerpon-Wellspring, F|
|poke|p2|Ninetales-Alola, F|
|teampreview
|inactive|Battle timer is ON: inactive players will automatically lose when time's up. (requested by chaomei_shen)
|
|t:|1760329572
|teamsize|p1|6
|teamsize|p2|6
|start
|switch|p1a: Kyurem|Kyurem|100/100
|switch|p2a: Poppy|Primarina, F|100/100
|-ability|p1a: Kyurem|Pressure
|turn|1
|
|t:|1760329583
|switch|p1a: Hatterene|Hatterene, F|100/100
|move|p2a: Poppy|Moonblast|p1a: Hatterene
|-damage|p1a: Hatterene|67/100
|
|upkeep
|turn|2
|
|t:|1760329592
|switch|p2a: Iron Treads|Iron Treads|100/100
|move|p1a: Hatterene|Mystical Fire|p2a: Iron Treads
|-supereffective|p2a: Iron Treads
|-damage|p2a: Iron Treads|54/100
|-unboost|p2a: Iron Treads|spa|1
|
|upkeep
|turn|3
|
|t:|1760329602
|move|p2a: Iron Treads|Earthquake|p1a: Hatterene
|-damage|p1a: Hatterene|25/100
|move|p1a: Hatterene|Mystical Fire|p2a: Iron Treads
|-supereffective|p2a: Iron Treads
|-damage|p2a: Iron Treads|9/100
|-unboost|p2a: Iron Treads|spa|1
|
|upkeep
|turn|4
|
|t:|1760329613
|switch|p1a: Dragonite|Dragonite, M|100/100
|move|p2a: Iron Treads|Knock Off|p1a: Dragonite
|-damage|p1a: Dragonite|84/100
|-enditem|p1a: Dragonite|Choice Band|[from] move: Knock Off|[of] p2a: Iron Treads
|
|upkeep
|turn|5
|
|t:|1760329629
|move|p1a: Dragonite|Extreme Speed|p2a: Iron Treads
|-resisted|p2a: Iron Treads
|-damage|p2a: Iron Treads|0 fnt
|faint|p2a: Iron Treads
|-end|p2a: Iron Treads|Quark Drive|[silent]
|
|upkeep
|
|t:|1760329633
|switch|p2a: Ninetales|Ninetales-Alola, F|100/100
|-weather|Snowscape|[from] ability: Snow Warning|[of] p2a: Ninetales
|turn|6
|
|t:|1760329642
|-terastallize|p1a: Dragonite|Normal
|move|p1a: Dragonite|Extreme Speed|p2a: Ninetales
|-damage|p2a: Ninetales|50/100
|move|p2a: Ninetales|Aurora Veil|p2a: Ninetales
|-sidestart|p2: zimore|move: Aurora Veil
|
|-weather|Snowscape|[upkeep]
|upkeep
|turn|7
|
|t:|1760329650
|switch|p2a: Mandibuzz|Mandibuzz, F|100/100
|switch|p1a: Ting-Lu|Ting-Lu|100/100
|-ability|p1a: Ting-Lu|Vessel of Ruin
|
|-weather|Snowscape|[upkeep]
|upkeep
|turn|8
|
|t:|1760329654
|move|p2a: Mandibuzz|Toxic|p1a: Ting-Lu
|-status|p1a: Ting-Lu|tox
|move|p1a: Ting-Lu|Stealth Rock|p2a: Mandibuzz
|-sidestart|p2: zimore|move: Stealth Rock
|
|-weather|Snowscape|[upkeep]
|-damage|p1a: Ting-Lu|94/100 tox|[from] psn
|upkeep
|turn|9
|
|t:|1760329667
|move|p2a: Mandibuzz|Defog|p1a: Ting-Lu
|-unboost|p1a: Ting-Lu|evasion|1
|-sideend|p2: zimore|Stealth Rock|[from] move: Defog|[of] p2a: Mandibuzz
|move|p1a: Ting-Lu|Whirlwind|p2a: Mandibuzz
|drag|p2a: Joy|Scream Tail|100/100
|-enditem|p2a: Joy|Booster Energy
|-activate|p2a: Joy|ability: Protosynthesis|[fromitem]
|-start|p2a: Joy|protosynthesisspe
|
|-weather|Snowscape|[upkeep]
|-heal|p1a: Ting-Lu|100/100 tox|[from] item: Leftovers
|-damage|p1a: Ting-Lu|88/100 tox|[from] psn
|upkeep
|turn|10
|
|t:|1760329680
|move|p2a: Joy|Boomburst|p1a: Ting-Lu
|-damage|p1a: Ting-Lu|74/100 tox
|move|p1a: Ting-Lu|Stealth Rock|p2a: Joy
|-sidestart|p2: zimore|move: Stealth Rock
|
|-weather|none
|-heal|p1a: Ting-Lu|80/100 tox|[from] item: Leftovers
|-damage|p1a: Ting-Lu|61/100 tox|[from] psn
|upkeep
|turn|11
|
|t:|1760329692
|-end|p2a: Joy|Protosynthesis|[silent]
|switch|p2a: Mandibuzz|Mandibuzz, F|100/100
|move|p1a: Ting-Lu|Whirlwind|p2a: Mandibuzz
|drag|p2a: Ninetales|Ninetales-Alola, F|50/100
|-damage|p2a: Ninetales|25/100|[from] Stealth Rock
|-weather|Snowscape|[from] ability: Snow Warning|[of] p2a: Ninetales
|
|-weather|Snowscape|[upkeep]
|-heal|p1a: Ting-Lu|67/100 tox|[from] item: Leftovers
|-damage|p1a: Ting-Lu|42/100 tox|[from] psn
|upkeep
|turn|12
|
|t:|1760329700
|move|p2a: Ninetales|Blizzard|p1a: Ting-Lu
|-supereffective|p1a: Ting-Lu
|-damage|p1a: Ting-Lu|5/100 tox
|move|p1a: Ting-Lu|Earthquake|p2a: Ninetales
|-damage|p2a: Ninetales|7/100
|
|-weather|Snowscape|[upkeep]
|-heal|p1a: Ting-Lu|11/100 tox|[from] item: Leftovers
|-damage|p1a: Ting-Lu|0 fnt|[from] psn
|faint|p1a: Ting-Lu
|upkeep
|
|t:|1760329708
|switch|p1a: Dragonite|Dragonite, M, tera:Normal|84/100
|turn|13
|
|t:|1760329714
|switch|p2a: Mandibuzz|Mandibuzz, F|100/100
|move|p1a: Dragonite|Extreme Speed|p2a: Mandibuzz
|-damage|p2a: Mandibuzz|88/100
|
|-weather|Snowscape|[upkeep]
|-sideend|p2: zimore|move: Aurora Veil
|upkeep
|turn|14
|
|t:|1760329729
|switch|p1a: Kyurem|Kyurem|100/100
|-ability|p1a: Kyurem|Pressure
|move|p2a: Mandibuzz|Defog|p1a: Kyurem
|-unboost|p1a: Kyurem|evasion|1
|-sideend|p2: zimore|Stealth Rock|[from] move: Defog|[of] p2a: Mandibuzz
|
|-weather|Snowscape|[upkeep]
|upkeep
|turn|15
|
|t:|1760329736
|switch|p2a: Joy|Scream Tail|100/100
|move|p1a: Kyurem|Dragon Dance|p1a: Kyurem
|-boost|p1a: Kyurem|atk|1
|-boost|p1a: Kyurem|spe|1
|
|-weather|none
|upkeep
|turn|16
|
|t:|1760329745
|move|p1a: Kyurem|Icicle Spear|p2a: Joy
|-damage|p2a: Joy|82/100
|-damage|p2a: Joy|64/100
|-damage|p2a: Joy|45/100
|-damage|p2a: Joy|27/100
|-hitcount|p2a: Joy|4
|move|p2a: Joy|Calm Mind|p2a: Joy
|-boost|p2a: Joy|spa|1
|-boost|p2a: Joy|spd|1
|
|upkeep
|turn|17
|
|t:|1760329754
|move|p1a: Kyurem|Icicle Spear|p2a: Joy
|-damage|p2a: Joy|10/100
|-damage|p2a: Joy|0 fnt
|faint|p2a: Joy
|-end|p2a: Joy|Protosynthesis|[silent]
|-hitcount|p2: Joy|2
|
|upkeep
|
|t:|1760329762
|switch|p2a: Poppy|Primarina, F|100/100
|turn|18
|
|t:|1760329768
|move|p1a: Kyurem|Icicle Spear|p2a: Poppy
|-resisted|p2a: Poppy
|-damage|p2a: Poppy|88/100
|-resisted|p2a: Poppy
|-crit|p2a: Poppy
|-damage|p2a: Poppy|69/100
|-resisted|p2a: Poppy
|-damage|p2a: Poppy|56/100
|-resisted|p2a: Poppy
|-damage|p2a: Poppy|44/100
|-hitcount|p2a: Poppy|4
|move|p2a: Poppy|Moonblast|p1a: Kyurem
|-supereffective|p1a: Kyurem
|-damage|p1a: Kyurem|0 fnt
|faint|p1a: Kyurem
|
|-heal|p2a: Poppy|50/100|[from] item: Leftovers
|upkeep
|
|t:|1760329772
|switch|p1a: Raging Bolt|Raging Bolt|100/100
|turn|19
|
|t:|1760329787
|-terastallize|p2a: Poppy|Ground
|move|p1a: Raging Bolt|Thunderbolt|p2a: Poppy
|-immune|p2a: Poppy
|move|p2a: Poppy|Moonblast|p1a: Raging Bolt
|-supereffective|p1a: Raging Bolt
|-damage|p1a: Raging Bolt|6/100
|-unboost|p1a: Raging Bolt|spa|1
|
|-heal|p2a: Poppy|56/100|[from] item: Leftovers
|upkeep
|turn|20
|inactive|zimore has 120 seconds left.
|
|t:|1760329828
|-end|p1a: Raging Bolt|Protosynthesis|[silent]
|switch|p1a: Hatterene|Hatterene, F|25/100
|move|p2a: Poppy|Moonblast|p1a: Hatterene
|-damage|p1a: Hatterene|0 fnt
|faint|p1a: Hatterene
|
|-heal|p2a: Poppy|62/100|[from] item: Leftovers
|upkeep
|
|t:|1760329837
|switch|p1a: Great Tusk|Great Tusk|100/100
|turn|21
|
|t:|1760329843
|switch|p2a: Mandibuzz|Mandibuzz, F|88/100
|move|p1a: Great Tusk|Headlong Rush|p2a: Mandibuzz
|-immune|p2a: Mandibuzz
|
|upkeep
|turn|22
|
|t:|1760329846
|move|p1a: Great Tusk|Ice Spinner|p2a: Mandibuzz
|-supereffective|p2a: Mandibuzz
|-damage|p2a: Mandibuzz|58/100
|move|p2a: Mandibuzz|Toxic|p1a: Great Tusk
|-status|p1a: Great Tusk|tox
|
|-damage|p1a: Great Tusk|94/100 tox|[from] psn
|upkeep
|turn|23
|
|t:|1760329849
|move|p1a: Great Tusk|Ice Spinner|p2a: Mandibuzz
|-supereffective|p2a: Mandibuzz
|-damage|p2a: Mandibuzz|26/100
|move|p2a: Mandibuzz|Roost|p2a: Mandibuzz
|-heal|p2a: Mandibuzz|76/100
|-singleturn|p2a: Mandibuzz|move: Roost
|
|-damage|p1a: Great Tusk|82/100 tox|[from] psn
|upkeep
|turn|24
|
|t:|1760329857
|-end|p1a: Great Tusk|Protosynthesis|[silent]
|switch|p1a: Raging Bolt|Raging Bolt|6/100
|move|p2a: Mandibuzz|Roost|p2a: Mandibuzz
|-heal|p2a: Mandibuzz|100/100
|-singleturn|p2a: Mandibuzz|move: Roost
|
|upkeep
|turn|25
|
|t:|1760329862
|move|p2a: Mandibuzz|Foul Play|p1a: Raging Bolt
|-damage|p1a: Raging Bolt|0 fnt
|faint|p1a: Raging Bolt
|-end|p1a: Raging Bolt|Protosynthesis|[silent]
|
|upkeep
|-message|chaomei_shen forfeited.
|
|win|zimore
|raw|chaomei_shen's rating: 1414 &rarr; <strong>1398</strong><br />(-16 for losing)
|raw|zimore's rating: 1482 &rarr; <strong>1498</strong><br />(+16 for winning)
|l|☆chaomei_shen
|player|p1|
|l|☆zimore
|player|p2|
