|j|☆Spyro190 testing
|j|☆Swiscool
|t:|1760361516
|gametype|singles
|player|p1|Spyro190 testing|bugcatcher-gen4dp|1658
|player|p2|Swiscool|2|1847
|gen|9
|tier|[Gen 9] OU
|rated|
|rule|HP Percentage Mod: HP is shown in percentages
|rule|Endless Battle Clause: Forcing endless battles is banned
|rule|Species Clause: Limit one of each Pokémon
|rule|OHKO Clause: OHKO moves are banned
|rule|Evasion Items Clause: Evasion items are banned
|rule|Evasion Moves Clause: Evasion moves are banned
|rule|Evasion Abilities Clause: Evasion abilities are banned
|rule|Sleep Moves Clause: Sleep-inducing moves are banned
|clearpoke
|poke|p1|Enamorus, F|
|poke|p1|Slowking-Galar, M|
|poke|p1|Cinderace, F|
|poke|p1|Alomomola, F|
|poke|p1|Lokix, M|
|poke|p1|Great Tusk|
|poke|p2|Samurott-Hisui, M|
|poke|p2|Darkrai|
|poke|p2|Kingambit, M|
|poke|p2|Landorus-Therian, M|
|poke|p2|Pecharunt|
|poke|p2|Enamorus, F|
|teampreview
|
|t:|1760361524
|teamsize|p1|6
|teamsize|p2|6
|start
|switch|p1a: Slowking|Slowking-Galar, M|100/100
|switch|p2a: Enamorus|Enamorus, F|100/100
|turn|1
|inactive|Battle timer is ON: inactive players will automatically lose when time's up. (requested by Spyro190 testing)
|
|t:|1760361535
|move|p2a: Enamorus|Earth Power|p1a: Slowking
|-supereffective|p1a: Slowking
|-enditem|p1a: Slowking|Shuca Berry|[eat]
|-enditem|p1a: Slowking|Shuca Berry|[weaken]
|-damage|p1a: Slowking|63/100
|-prepare|p1a: Slowking|Chilly Reception|[premajor]
|move|p1a: Slowking|Chilly Reception|p1a: Slowking
|-weather|Snowscape
|
|t:|1760361543
|switch|p1a: Enamorus|Enamorus, F|100/100|[from] Chilly Reception
|
|-weather|Snowscape|[upkeep]
|upkeep
|turn|2
|
|t:|1760361553
|switch|p2a: Pecharunt|Pecharunt|100/100
|move|p1a: Enamorus|Earth Power|p2a: Pecharunt
|-supereffective|p2a: Pecharunt
|-damage|p2a: Pecharunt|35/100
|
|-weather|Snowscape|[upkeep]
|upkeep
|turn|3
|
|t:|1760361560
|switch|p1a: Slowking|Slowking-Galar, M|97/100
|switch|p2a: Enamorus|Enamorus, F|100/100
|
|-weather|Snowscape|[upkeep]
|upkeep
|turn|4
|
|t:|1760361572
|switch|p2a: Samurott|Samurott-Hisui, M|100/100
|move|p1a: Slowking|Sludge Bomb|p2a: Samurott
|-damage|p2a: Samurott|49/100
|
|-weather|Snowscape|[upkeep]
|upkeep
|turn|5
|
|t:|1760361578
|switch|p1a: Alomomola|Alomomola, F|100/100
|move|p2a: Samurott|Ceaseless Edge|p1a: Alomomola
|-damage|p1a: Alomomola|62/100
|-sidestart|p1: Spyro190 testing|Spikes
|
|-weather|none
|upkeep
|turn|6
|
|t:|1760361584
|move|p2a: Samurott|Knock Off|p1a: Alomomola
|-damage|p1a: Alomomola|20/100
|-enditem|p1a: Alomomola|Assault Vest|[from] move: Knock Off|[of] p2a: Samurott
|move|p1a: Alomomola|Flip Turn|p2a: Samurott
|-resisted|p2a: Samurott
|-damage|p2a: Samurott|40/100
|
|t:|1760361588
|switch|p1a: Cinderace|Cinderace, F|100/100|[from] Flip Turn
|
|upkeep
|turn|7
|
|t:|1760361592
|move|p1a: Cinderace|U-turn|p2a: Samurott
|-supereffective|p2a: Samurott
|-damage|p2a: Samurott|0 fnt
|faint|p2a: Samurott
|
|t:|1760361597
|switch|p1a: Alomomola|Alomomola, F|53/100|[from] U-turn
|-damage|p1a: Alomomola|41/100|[from] Spikes
|
|upkeep
|
|t:|1760361604
|switch|p2a: Enamorus|Enamorus, F|100/100
|turn|8
|
|t:|1760361610
|switch|p1a: Slowking|Slowking-Galar, M|100/100
|-damage|p1a: Slowking|88/100|[from] Spikes
|move|p2a: Enamorus|Earth Power|p1a: Slowking
|-supereffective|p1a: Slowking
|-damage|p1a: Slowking|6/100
|
|upkeep
|turn|9
|
|t:|1760361616
|switch|p2a: Darkrai|Darkrai|100/100
|switch|p1a: Enamorus|Enamorus, F|100/100
|
|upkeep
|turn|10
|
|t:|1760361621
|move|p2a: Darkrai|Ice Beam|p1a: Enamorus
|-supereffective|p1a: Enamorus
|-damage|p1a: Enamorus|7/100
|move|p1a: Enamorus|Moonblast|p2a: Darkrai
|-supereffective|p2a: Darkrai
|-damage|p2a: Darkrai|0 fnt
|faint|p2a: Darkrai
|
|upkeep
|
|t:|1760361630
|switch|p2a: Kingambit|Kingambit, M|100/100
|-activate|p2a: Kingambit|ability: Supreme Overlord
|-start|p2a: Kingambit|fallen2|[silent]
|-item|p2a: Kingambit|Air Balloon
|turn|11
|
|t:|1760361640
|switch|p1a: Great Tusk|Great Tusk|100/100
|-damage|p1a: Great Tusk|88/100|[from] Spikes
|move|p2a: Kingambit|Swords Dance|p2a: Kingambit
|-boost|p2a: Kingambit|atk|2
|
|-heal|p1a: Great Tusk|94/100|[from] item: Leftovers
|upkeep
|turn|12
|
|t:|1760361646
|move|p1a: Great Tusk|Bulk Up|p1a: Great Tusk
|-boost|p1a: Great Tusk|atk|1
|-boost|p1a: Great Tusk|def|1
|move|p2a: Kingambit|Iron Head|p1a: Great Tusk
|-damage|p1a: Great Tusk|57/100
|
|-heal|p1a: Great Tusk|63/100|[from] item: Leftovers
|upkeep
|turn|13
|
|t:|1760361654
|move|p1a: Great Tusk|Rapid Spin|p2a: Kingambit
|-resisted|p2a: Kingambit
|-damage|p2a: Kingambit|93/100
|-boost|p1a: Great Tusk|spe|1
|-enditem|p2a: Kingambit|Air Balloon
|-sideend|p1: Spyro190 testing|Spikes|[from] move: Rapid Spin|[of] p1a: Great Tusk
|move|p2a: Kingambit|Iron Head|p1a: Great Tusk
|-damage|p1a: Great Tusk|26/100
|
|-heal|p1a: Great Tusk|32/100|[from] item: Leftovers
|upkeep
|turn|14
|
|t:|1760361663
|-end|p2a: Kingambit|fallen2|[silent]
|switch|p2a: Enamorus|Enamorus, F|100/100
|move|p1a: Great Tusk|Earthquake|p2a: Enamorus
|-immune|p2a: Enamorus
|
|-heal|p1a: Great Tusk|38/100|[from] item: Leftovers
|upkeep
|turn|15
|
|t:|1760361668
|-end|p1a: Great Tusk|Protosynthesis|[silent]
|switch|p1a: Alomomola|Alomomola, F|74/100
|move|p2a: Enamorus|Moonblast|p1a: Alomomola
|-damage|p1a: Alomomola|14/100
|
|upkeep
|turn|16
|
|t:|1760361673
|switch|p1a: Slowking|Slowking-Galar, M|40/100
|move|p2a: Enamorus|Moonblast|p1a: Slowking
|-resisted|p1a: Slowking
|-damage|p1a: Slowking|11/100
|
|upkeep
|turn|17
|
|t:|1760361679
|switch|p1a: Cinderace|Cinderace, F|100/100
|move|p2a: Enamorus|Moonblast|p1a: Cinderace
|-resisted|p1a: Cinderace
|-damage|p1a: Cinderace|51/100
|
|upkeep
|turn|18
|
|t:|1760361686
|move|p1a: Cinderace|Pyro Ball|p2a: Enamorus
|-damage|p2a: Enamorus|25/100
|move|p2a: Enamorus|Moonblast|p1a: Cinderace
|-resisted|p1a: Cinderace
|-damage|p1a: Cinderace|4/100
|
|upkeep
|turn|19
|
|t:|1760361699
|switch|p2a: Landorus|Landorus-Therian, M|100/100
|-ability|p2a: Landorus|Intimidate|boost
|-unboost|p1a: Cinderace|atk|1
|move|p1a: Cinderace|Pyro Ball|p2a: Landorus
|-damage|p2a: Landorus|70/100
|
|upkeep
|turn|20
|
|t:|1760361705
|move|p1a: Cinderace|Will-O-Wisp|p2a: Landorus|[miss]
|-miss|p1a: Cinderace|p2a: Landorus
|move|p2a: Landorus|Stone Edge|p1a: Cinderace
|-supereffective|p1a: Cinderace
|-crit|p1a: Cinderace
|-damage|p1a: Cinderace|0 fnt
|faint|p1a: Cinderace
|
|upkeep
|
|t:|1760361718
|switch|p1a: Alomomola|Alomomola, F|48/100
|turn|21
|
|t:|1760361721
|move|p1a: Alomomola|Aqua Jet|p2a: Landorus
|-supereffective|p2a: Landorus
|-damage|p2a: Landorus|53/100
|-damage|p1a: Alomomola|31/100|[from] item: Rocky Helmet|[of] p2a: Landorus
|move|p2a: Landorus|Stealth Rock|p1a: Alomomola
|-sidestart|p1: Spyro190 testing|move: Stealth Rock
|
|upkeep
|turn|22
|
|t:|1760361729
|switch|p1a: Slowking|Slowking-Galar, M|45/100
|-damage|p1a: Slowking|32/100|[from] Stealth Rock
|move|p2a: Landorus|Earthquake|p1a: Slowking
|-supereffective|p1a: Slowking
|-damage|p1a: Slowking|0 fnt
|faint|p1a: Slowking
|
|upkeep
|
|t:|1760361738
|switch|p1a: Alomomola|Alomomola, F|64/100
|-damage|p1a: Alomomola|52/100|[from] Stealth Rock
|turn|23
|
|t:|1760361743
|move|p2a: Landorus|Earthquake|p1a: Alomomola
|-damage|p1a: Alomomola|15/100
|move|p1a: Alomomola|Flip Turn|p2a: Landorus
|-supereffective|p2a: Landorus
|-damage|p2a: Landorus|31/100
|-damage|p1a: Alomomola|0 fnt|[from] item: Rocky Helmet|[of] p2a: Landorus
|faint|p1a: Alomomola
|
|upkeep
|
|t:|1760361758
|switch|p1a: Great Tusk|Great Tusk|38/100
|-damage|p1a: Great Tusk|35/100|[from] Stealth Rock
|turn|24
|
|t:|1760361762
|move|p1a: Great Tusk|Rapid Spin|p2a: Landorus
|-damage|p2a: Landorus|21/100
|-boost|p1a: Great Tusk|spe|1
|-damage|p1a: Great Tusk|19/100|[from] item: Rocky Helmet|[of] p2a: Landorus
|-sideend|p1: Spyro190 testing|Stealth Rock|[from] move: Rapid Spin|[of] p1a: Great Tusk
|move|p2a: Landorus|Earthquake|p1a: Great Tusk
|-damage|p1a: Great Tusk|0 fnt
|faint|p1a: Great Tusk
|-end|p1a: Great Tusk|Protosynthesis|[silent]
|
|upkeep
|
|t:|1760361771
|switch|p1a: Enamorus|Enamorus, F|7/100
|turn|25
|
|t:|1760361780
|move|p1a: Enamorus|Moonblast|p2a: Landorus
|-damage|p2a: Landorus|0 fnt
|faint|p2a: Landorus
|
|upkeep
|
|t:|1760361782
|switch|p2a: Kingambit|Kingambit, M|93/100
|-activate|p2a: Kingambit|ability: Supreme Overlord
|-start|p2a: Kingambit|fallen3|[silent]
|turn|26
|
|t:|1760361789
|move|p2a: Kingambit|Sucker Punch|p1a: Enamorus
|-resisted|p1a: Enamorus
|-damage|p1a: Enamorus|0 fnt
|faint|p1a: Enamorus
|
|upkeep
|
|t:|1760361791
|switch|p1a: Lokix|Lokix, M|100/100
|turn|27
|
|t:|1760361796
|-terastallize|p1a: Lokix|Bug
|move|p1a: Lokix|Leech Life|p2a: Kingambit
|-damage|p2a: Kingambit|35/100
|move|p2a: Kingambit|Iron Head|p1a: Lokix
|-damage|p1a: Lokix|19/100
|
|upkeep
|turn|28
|
|t:|1760361802
|move|p2a: Kingambit|Sucker Punch|p1a: Lokix
|-damage|p1a: Lokix|0 fnt
|faint|p1a: Lokix
|
|win|Swiscool
|raw|Spyro190 testing's rating: 1658 &rarr; <strong>1648</strong><br />(-10 for losing)
|raw|Swiscool's rating: 1847 &rarr; <strong>1857</strong><br />(+10 for winning)
|l|☆Spyro190 testing
|player|p1|
|l|☆Swiscool
|player|p2|
