|j|☆Knithar
|j|☆Demoryy
|t:|1760340598
|gametype|singles
|player|p1|Knithar|sabrina|1306
|player|p2|Demoryy|101|1334
|gen|9
|tier|[Gen 9] OU
|rated|
|rule|HP Percentage Mod: HP is shown in percentages
|rule|Endless Battle Clause: Forcing endless battles is banned
|rule|Species Clause: Limit one of each Pokémon
|rule|OHKO Clause: OHKO moves are banned
|rule|Evasion Items Clause: Evasion items are banned
|rule|Evasion Moves Clause: Evasion moves are banned
|rule|Evasion Abilities Clause: Evasion abilities are banned
|rule|Sleep Moves Clause: Sleep-inducing moves are banned
|clearpoke
|poke|p1|Tyranitar, M|
|poke|p1|Hippowdon, M|
|poke|p1|Garganacl, M|
|poke|p1|Excadrill, M|
|poke|p1|Corviknight, M|
|poke|p1|Ogerpon, F|
|poke|p2|Zamazenta-*|
|poke|p2|Ogerpon-Wellspring, F|
|poke|p2|Raging Bolt|
|poke|p2|Hatterene, F|
|poke|p2|Ceruledge, F|
|poke|p2|Glimmora, F|
|teampreview
|inactive|Battle timer is ON: inactive players will automatically lose when time's up. (requested by Knithar)
|
|t:|1760340603
|teamsize|p1|6
|teamsize|p2|6
|start
|switch|p1a: Garganacl|Garganacl, M|100/100
|switch|p2a: Glimmora|Glimmora, F|100/100
|turn|1
|
|t:|1760340619
|move|p2a: Glimmora|Stealth Rock|p1a: Garganacl
|-sidestart|p1: Knithar|move: Stealth Rock
|move|p1a: Garganacl|Salt Cure|p2a: Glimmora
|-damage|p2a: Glimmora|82/100
|-start|p2a: Glimmora|Salt Cure
|-activate|p2a: Glimmora|ability: Toxic Debris
|-sidestart|p1: Knithar|move: Toxic Spikes
|-enditem|p2a: Glimmora|Red Card|[of] p1a: Garganacl
|drag|p1a: Excadrill|Excadrill, M|100/100
|-damage|p1a: Excadrill|97/100|[from] Stealth Rock
|-item|p1a: Excadrill|Air Balloon
|
|-damage|p2a: Glimmora|70/100|[from] Salt Cure
|upkeep
|turn|2
|
|t:|1760340631
|switch|p2a: Ceruledge|Ceruledge, F|100/100
|move|p1a: Excadrill|Swords Dance|p1a: Excadrill
|-boost|p1a: Excadrill|atk|2
|
|upkeep
|turn|3
|
|t:|1760340641
|-terastallize|p1a: Excadrill|Ground
|move|p2a: Ceruledge|Swords Dance|p2a: Ceruledge
|-boost|p2a: Ceruledge|atk|2
|move|p1a: Excadrill|Iron Head|p2a: Ceruledge
|-resisted|p2a: Ceruledge
|-damage|p2a: Ceruledge|32/100
|-ability|p2a: Ceruledge|Weak Armor|boost
|-unboost|p2a: Ceruledge|def|1
|-boost|p2a: Ceruledge|spe|2
|
|upkeep
|turn|4
|
|t:|1760340648
|switch|p1a: Hippowdon|Hippowdon, M|100/100
|-damage|p1a: Hippowdon|94/100|[from] Stealth Rock
|-status|p1a: Hippowdon|psn
|-weather|Sandstorm|[from] ability: Sand Stream|[of] p1a: Hippowdon
|move|p2a: Ceruledge|Bitter Blade|p1a: Hippowdon
|-damage|p1a: Hippowdon|44/100 psn
|-heal|p2a: Ceruledge|69/100|[from] drain|[of] p1a: Hippowdon
|
|-weather|Sandstorm|[upkeep]
|-damage|p2a: Ceruledge|62/100|[from] Sandstorm
|-damage|p1a: Hippowdon|32/100 psn|[from] psn
|upkeep
|turn|5
|
|t:|1760340652
|move|p2a: Ceruledge|Bitter Blade|p1a: Hippowdon
|-damage|p1a: Hippowdon|0 fnt
|-heal|p2a: Ceruledge|85/100|[from] drain|[of] p1a: Hippowdon
|faint|p1a: Hippowdon
|
|-weather|Sandstorm|[upkeep]
|-damage|p2a: Ceruledge|79/100|[from] Sandstorm
|upkeep
|
|t:|1760340658
|switch|p1a: Excadrill|Excadrill, M, tera:Ground|97/100
|-damage|p1a: Excadrill|91/100|[from] Stealth Rock
|-item|p1a: Excadrill|Air Balloon
|turn|6
|
|t:|1760340664
|move|p2a: Ceruledge|Bitter Blade|p1a: Excadrill
|-damage|p1a: Excadrill|0 fnt
|-heal|p2a: Ceruledge|100/100|[from] drain|[of] p1a: Excadrill
|-enditem|p1a: Excadrill|Air Balloon
|faint|p1a: Excadrill
|
|-weather|Sandstorm|[upkeep]
|-damage|p2a: Ceruledge|94/100|[from] Sandstorm
|upkeep
|-message|Knithar forfeited.
|
|win|Demoryy
|raw|Knithar's rating: 1306 &rarr; <strong>1288</strong><br />(-18 for losing)
|raw|Demoryy's rating: 1334 &rarr; <strong>1352</strong><br />(+18 for winning)
|l|☆Knithar
|player|p1|
|l|☆Demoryy
|player|p2|
