|j|☆slorpo
|j|☆DrDuck2004
|t:|1760431574
|gametype|singles
|player|p1|slorpo|petrel|1168
|player|p2|DrDuck2004|riley|1115
|gen|9
|tier|[Gen 9] OU
|rated|
|rule|HP Percentage Mod: HP is shown in percentages
|rule|Endless Battle Clause: Forcing endless battles is banned
|rule|Species Clause: Limit one of each Pokémon
|rule|OHKO Clause: OHKO moves are banned
|rule|Evasion Items Clause: Evasion items are banned
|rule|Evasion Moves Clause: Evasion moves are banned
|rule|Evasion Abilities Clause: Evasion abilities are banned
|rule|Sleep Moves Clause: Sleep-inducing moves are banned
|clearpoke
|poke|p1|Primarina, M|
|poke|p1|Iron Treads|
|poke|p1|Lokix, M|
|poke|p1|Kingdra, M|
|poke|p1|Pelipper, M|
|poke|p1|Toxicroak, M|
|poke|p2|Gliscor, M|
|poke|p2|Chandelure, M|
|poke|p2|Flamigo, F|
|poke|p2|Rillaboom, F|
|poke|p2|Quaquaval, M|
|poke|p2|Slowking-Galar, F|
|teampreview
|
|t:|1760431593
|teamsize|p1|6
|teamsize|p2|6
|start
|switch|p1a: Pelipper|Pelipper, M, shiny|100/100
|switch|p2a: Gliscor|Gliscor, M|100/100
|-weather|RainDance|[from] ability: Drizzle|[of] p1a: Pelipper
|turn|1
|
|t:|1760431601
|move|p2a: Gliscor|Spikes|p1a: Pelipper
|-sidestart|p1: slorpo|Spikes
|move|p1a: Pelipper|Surf|p2a: Gliscor
|-supereffective|p2a: Gliscor
|-damage|p2a: Gliscor|30/100
|
|-weather|RainDance|[upkeep]
|-status|p2a: Gliscor|tox|[from] item: Toxic Orb
|upkeep
|turn|2
|
|t:|1760431611
|switch|p2a: Slowking|Slowking-Galar, F|100/100
|move|p1a: Pelipper|Ice Beam|p2a: Slowking
|-damage|p2a: Slowking|88/100
|
|-weather|RainDance|[upkeep]
|upkeep
|turn|3
|
|t:|1760431616
|move|p1a: Pelipper|U-turn|p2a: Slowking
|-damage|p2a: Slowking|78/100
|
|t:|1760431622
|switch|p1a: Iron Treads|Iron Treads, shiny|100/100|[from] U-turn
|-prepare|p2a: Slowking|Chilly Reception|[premajor]
|move|p2a: Slowking|Chilly Reception|p2a: Slowking
|-weather|Snowscape
|
|t:|1760431636
|switch|p2a: Flamigo|Flamigo, F|100/100|[from] Chilly Reception
|
|-weather|Snowscape|[upkeep]
|upkeep
|turn|4
|
|t:|1760431642
|move|p1a: Iron Treads|Stealth Rock|p2a: Flamigo
|-sidestart|p2: DrDuck2004|move: Stealth Rock
|move|p2a: Flamigo|Swords Dance|p2a: Flamigo
|-boost|p2a: Flamigo|atk|2
|
|-weather|Snowscape|[upkeep]
|upkeep
|turn|5
|
|t:|1760431648
|move|p1a: Iron Treads|Rapid Spin|p2a: Flamigo
|-damage|p2a: Flamigo|79/100
|-boost|p1a: Iron Treads|spe|1
|-sideend|p1: slorpo|Spikes|[from] move: Rapid Spin|[of] p1a: Iron Treads
|move|p2a: Flamigo|Close Combat|p1a: Iron Treads
|-supereffective|p1a: Iron Treads
|-damage|p1a: Iron Treads|0 fnt
|-unboost|p2a: Flamigo|def|1
|-unboost|p2a: Flamigo|spd|1
|faint|p1a: Iron Treads
|-end|p1a: Iron Treads|Quark Drive|[silent]
|
|-weather|Snowscape|[upkeep]
|upkeep
|
|t:|1760431665
|switch|p1a: Lokix|Lokix, M, shiny|100/100
|turn|6
|
|t:|1760431672
|move|p1a: Lokix|First Impression|p2a: Flamigo
|-resisted|p2a: Flamigo
|-damage|p2a: Flamigo|8/100
|move|p2a: Flamigo|Close Combat|p1a: Lokix
|-damage|p1a: Lokix|0 fnt
|-unboost|p2a: Flamigo|def|1
|-unboost|p2a: Flamigo|spd|1
|faint|p1a: Lokix
|
|-weather|Snowscape|[upkeep]
|upkeep
|
|t:|1760431692
|switch|p1a: Pelipper|Pelipper, M, shiny|100/100
|-weather|RainDance|[from] ability: Drizzle|[of] p1a: Pelipper
|turn|7
|
|t:|1760431698
|move|p2a: Flamigo|Close Combat|p1a: Pelipper
|-resisted|p1a: Pelipper
|-damage|p1a: Pelipper|43/100
|-unboost|p2a: Flamigo|def|1
|-unboost|p2a: Flamigo|spd|1
|move|p1a: Pelipper|U-turn|p2a: Flamigo
|-resisted|p2a: Flamigo
|-damage|p2a: Flamigo|0 fnt
|faint|p2a: Flamigo
|
|t:|1760431706
|switch|p1a: Kingdra|Kingdra, M, shiny|100/100|[from] U-turn
|
|-weather|RainDance|[upkeep]
|upkeep
|
|t:|1760431713
|switch|p2a: Slowking|Slowking-Galar, F|100/100
|turn|8
|
|t:|1760431732
|move|p1a: Kingdra|Weather Ball|p2a: Slowking
|-damage|p2a: Slowking|48/100
|-prepare|p2a: Slowking|Chilly Reception|[premajor]
|move|p2a: Slowking|Chilly Reception|p2a: Slowking
|-weather|Snowscape
|
|t:|1760431739
|switch|p2a: Rillaboom|Rillaboom, F|100/100|[from] Chilly Reception
|-damage|p2a: Rillaboom|88/100|[from] Stealth Rock
|-fieldstart|move: Grassy Terrain|[from] ability: Grassy Surge|[of] p2a: Rillaboom
|
|-weather|Snowscape|[upkeep]
|-heal|p2a: Rillaboom|94/100|[from] Grassy Terrain
|upkeep
|turn|9
|-message|slorpo forfeited.
|
|win|DrDuck2004
|raw|slorpo's rating: 1168 &rarr; <strong>1139</strong><br />(-29 for losing)
|raw|DrDuck2004's rating: 1115 &rarr; <strong>1144</strong><br />(+29 for winning)
|l|☆slorpo
|player|p1|
|l|☆DrDuck2004
|player|p2|
