|j|☆Fullmelmetal101
|j|☆GreenSpot
|t:|1760327837
|gametype|singles
|player|p1|Fullmelmetal101|plasmagrunt-gen5bw|1252
|player|p2|GreenSpot|skyla|1244
|gen|9
|tier|[Gen 9] OU
|rated|
|rule|HP Percentage Mod: HP is shown in percentages
|rule|Endless Battle Clause: Forcing endless battles is banned
|rule|Species Clause: Limit one of each Pokémon
|rule|OHKO Clause: OHKO moves are banned
|rule|Evasion Items Clause: Evasion items are banned
|rule|Evasion Moves Clause: Evasion moves are banned
|rule|Evasion Abilities Clause: Evasion abilities are banned
|rule|Sleep Moves Clause: Sleep-inducing moves are banned
|clearpoke
|poke|p1|Garganacl, M|
|poke|p1|Volcanion|
|poke|p1|Alomomola, F|
|poke|p1|Glimmora, F|
|poke|p1|Ursaluna, F|
|poke|p1|Polteageist-Antique|
|poke|p2|Meowscarada, F|
|poke|p2|Scizor, M|
|poke|p2|Garchomp, F|
|poke|p2|Raikou|
|poke|p2|Sylveon, M|
|poke|p2|Metagross|
|teampreview
|inactive|Battle timer is ON: inactive players will automatically lose when time's up. (requested by GreenSpot)
|
|t:|1760327864
|teamsize|p1|6
|teamsize|p2|6
|start
|switch|p1a: Volcanion|Volcanion|100/100
|switch|p2a: Raikou|Raikou|100/100
|-ability|p2a: Raikou|Pressure
|turn|1
|
|t:|1760327877
|switch|p1a: Ursaluna|Ursaluna, F, shiny|100/100
|move|p2a: Raikou|Aura Sphere|p1a: Ursaluna
|-supereffective|p1a: Ursaluna
|-damage|p1a: Ursaluna|57/100
|
|-status|p1a: Ursaluna|brn|[from] item: Flame Orb
|upkeep
|turn|2
|
|t:|1760327890
|switch|p2a: Garchomp|Garchomp, F|100/100
|move|p1a: Ursaluna|Earthquake|p2a: Garchomp
|-damage|p2a: Garchomp|16/100
|
|-damage|p1a: Ursaluna|50/100 brn|[from] brn
|upkeep
|turn|3
|
|t:|1760327902
|move|p2a: Garchomp|Outrage|p1a: Ursaluna
|-damage|p1a: Ursaluna|3/100 brn
|move|p1a: Ursaluna|Bulk Up|p1a: Ursaluna
|-boost|p1a: Ursaluna|atk|1
|-boost|p1a: Ursaluna|def|1
|
|-damage|p1a: Ursaluna|0 fnt|[from] brn
|faint|p1a: Ursaluna
|upkeep
|c|☆GreenSpot|xd
|
|t:|1760327915
|switch|p1a: Alomomola|Alomomola, F, shiny|100/100
|turn|4
|
|t:|1760327921
|move|p1a: Alomomola|Protect|p1a: Alomomola
|-singleturn|p1a: Alomomola|Protect
|move|p2a: Garchomp|Outrage|p1a: Alomomola|[from] lockedmove
|-activate|p1a: Alomomola|move: Protect
|
|upkeep
|turn|5
|
|t:|1760327929
|move|p2a: Garchomp|Stealth Rock|p1a: Alomomola
|-sidestart|p1: Fullmelmetal101|move: Stealth Rock
|move|p1a: Alomomola|Flip Turn|p2a: Garchomp
|-damage|p2a: Garchomp|0 fnt
|-damage|p1a: Alomomola|88/100|[from] ability: Rough Skin|[of] p2a: Garchomp
|-damage|p1a: Alomomola|71/100|[from] item: Rocky Helmet|[of] p2a: Garchomp
|faint|p2a: Garchomp
|
|t:|1760327941
|switch|p1a: Glimmora|Glimmora, F, shiny|100/100|[from] Flip Turn
|-damage|p1a: Glimmora|88/100|[from] Stealth Rock
|
|-heal|p1a: Glimmora|94/100|[from] item: Leftovers
|upkeep
|
|t:|1760327947
|switch|p2a: Raikou|Raikou|100/100
|-ability|p2a: Raikou|Pressure
|turn|6
|
|t:|1760327954
|move|p2a: Raikou|Scald|p1a: Glimmora
|-supereffective|p1a: Glimmora
|-damage|p1a: Glimmora|53/100
|move|p1a: Glimmora|Toxic|p2a: Raikou
|-status|p2a: Raikou|tox
|
|-heal|p1a: Glimmora|59/100|[from] item: Leftovers
|-damage|p2a: Raikou|94/100 tox|[from] psn
|upkeep
|turn|7
|
|t:|1760327964
|move|p1a: Glimmora|Spiky Shield|p1a: Glimmora
|-singleturn|p1a: Glimmora|move: Protect
|move|p2a: Raikou|Scald|p1a: Glimmora
|-activate|p1a: Glimmora|move: Protect
|
|-heal|p1a: Glimmora|66/100|[from] item: Leftovers
|-damage|p2a: Raikou|82/100 tox|[from] psn
|upkeep
|turn|8
|
|t:|1760327978
|move|p2a: Raikou|Volt Switch|p1a: Glimmora
|-damage|p1a: Glimmora|38/100
|
|t:|1760327985
|switch|p2a: Metagross|Metagross|100/100|[from] Volt Switch
|move|p1a: Glimmora|Mortal Spin|p2a: Metagross
|-immune|p2a: Metagross
|
|-heal|p1a: Glimmora|44/100|[from] item: Leftovers
|upkeep
|turn|9
|
|t:|1760327998
|move|p1a: Glimmora|Toxic|p2a: Metagross
|-status|p2a: Metagross|tox
|move|p2a: Metagross|Earthquake|p1a: Glimmora
|-supereffective|p1a: Glimmora
|-damage|p1a: Glimmora|0 fnt
|faint|p1a: Glimmora
|
|-damage|p2a: Metagross|94/100 tox|[from] psn
|upkeep
|c|☆GreenSpot|que?
|c|☆GreenSpot|no tiene sentido
|c|☆Fullmelmetal101|English
|c|☆GreenSpot|ah ya vi
|
|t:|1760328023
|switch|p1a: Garganacl|Garganacl, M, shiny|100/100
|-damage|p1a: Garganacl|88/100|[from] Stealth Rock
|turn|10
|c|☆GreenSpot|corrosion
|c|☆Fullmelmetal101|So
|c|☆Fullmelmetal101|So*
|inactive|Fullmelmetal101 has 120 seconds left.
|c|☆Fullmelmetal101|Jesus
|c|☆Fullmelmetal101|Si*
|
|t:|1760328049
|-terastallize|p1a: Garganacl|Ghost
|move|p2a: Metagross|Earthquake|p1a: Garganacl
|-damage|p1a: Garganacl|63/100
|move|p1a: Garganacl|Salt Cure|p2a: Metagross
|-resisted|p2a: Metagross
|-damage|p2a: Metagross|88/100 tox
|-start|p2a: Metagross|Salt Cure
|
|-heal|p1a: Garganacl|69/100|[from] item: Leftovers
|-damage|p2a: Metagross|76/100 tox|[from] psn
|-damage|p2a: Metagross|51/100 tox|[from] Salt Cure
|upkeep
|turn|11
|
|t:|1760328074
|move|p1a: Garganacl|Protect|p1a: Garganacl
|-singleturn|p1a: Garganacl|Protect
|move|p2a: Metagross|Zen Headbutt|p1a: Garganacl
|-activate|p1a: Garganacl|move: Protect
|
|-heal|p1a: Garganacl|75/100|[from] item: Leftovers
|-damage|p2a: Metagross|32/100 tox|[from] psn
|-damage|p2a: Metagross|8/100 tox|[from] Salt Cure
|upkeep
|turn|12
|-enditem|p2a: Metagross|Custap Berry|[eat]
|-activate|p2a: Metagross|item: Custap Berry|[consumed]
|
|t:|1760328085
|move|p2a: Metagross|Zen Headbutt|p1a: Garganacl
|-damage|p1a: Garganacl|45/100
|move|p1a: Garganacl|Recover|p1a: Garganacl
|-heal|p1a: Garganacl|95/100
|
|-heal|p1a: Garganacl|100/100|[from] item: Leftovers
|-damage|p2a: Metagross|0 fnt|[from] psn
|faint|p2a: Metagross
|upkeep
|
|t:|1760328095
|switch|p2a: Sylveon|Sylveon, M, shiny|100/100
|turn|13
|
|t:|1760328099
|-terastallize|p2a: Sylveon|Fairy
|move|p2a: Sylveon|Hyper Beam|p1a: Garganacl
|-damage|p1a: Garganacl|16/100
|-mustrecharge|p2a: Sylveon
|move|p1a: Garganacl|Salt Cure|p2a: Sylveon
|-damage|p2a: Sylveon|81/100
|-start|p2a: Sylveon|Salt Cure
|
|-heal|p1a: Garganacl|22/100|[from] item: Leftovers
|-damage|p2a: Sylveon|69/100|[from] Salt Cure
|upkeep
|turn|14
|inactive|Fullmelmetal101 has 120 seconds left.
|
|t:|1760328112
|cant|p2a: Sylveon|recharge
|move|p1a: Garganacl|Recover|p1a: Garganacl
|-heal|p1a: Garganacl|72/100
|
|-heal|p1a: Garganacl|78/100|[from] item: Leftovers
|-damage|p2a: Sylveon|57/100|[from] Salt Cure
|upkeep
|turn|15
|inactive|Fullmelmetal101 has 120 seconds left.
|
|t:|1760328122
|switch|p2a: Meowscarada|Meowscarada, F|100/100
|move|p1a: Garganacl|Protect||[still]
|-fail|p1a: Garganacl
|
|-heal|p1a: Garganacl|84/100|[from] item: Leftovers
|upkeep
|turn|16
|inactive|Fullmelmetal101 has 120 seconds left.
|
|t:|1760328135
|switch|p1a: Polteageist|Polteageist-Antique, shiny|100/100
|-damage|p1a: Polteageist|88/100|[from] Stealth Rock
|move|p2a: Meowscarada|Knock Off|p1a: Polteageist
|-start|p2a: Meowscarada|typechange|Dark|[from] ability: Protean
|-supereffective|p1a: Polteageist
|-damage|p1a: Polteageist|0 fnt
|-enditem|p1a: Polteageist|White Herb|[from] move: Knock Off|[of] p2a: Meowscarada
|faint|p1a: Polteageist
|
|upkeep
|inactive|Fullmelmetal101 has 120 seconds left.
|c|☆GreenSpot|lol
|
|t:|1760328157
|switch|p1a: Volcanion|Volcanion|100/100
|-damage|p1a: Volcanion|75/100|[from] Stealth Rock
|turn|17
|
|t:|1760328176
|move|p2a: Meowscarada|Knock Off|p1a: Volcanion
|-damage|p1a: Volcanion|38/100
|-enditem|p1a: Volcanion|Wide Lens|[from] move: Knock Off|[of] p2a: Meowscarada
|move|p1a: Volcanion|Fire Blast|p2a: Meowscarada
|-damage|p2a: Meowscarada|7/100
|
|upkeep
|turn|18
|
|t:|1760328185
|move|p2a: Meowscarada|Flower Trick|p1a: Volcanion
|-crit|p1a: Volcanion
|-damage|p1a: Volcanion|12/100
|move|p1a: Volcanion|Sludge Bomb|p2a: Meowscarada
|-damage|p2a: Meowscarada|0 fnt
|faint|p2a: Meowscarada
|
|upkeep
|
|t:|1760328193
|switch|p2a: Raikou|Raikou|82/100 tox
|-ability|p2a: Raikou|Pressure
|turn|19
|
|t:|1760328202
|move|p2a: Raikou|Thunderbolt|p1a: Volcanion
|-supereffective|p1a: Volcanion
|-damage|p1a: Volcanion|0 fnt
|faint|p1a: Volcanion
|
|-damage|p2a: Raikou|76/100 tox|[from] psn
|upkeep
|
|t:|1760328210
|switch|p1a: Alomomola|Alomomola, F, shiny|100/100
|-damage|p1a: Alomomola|88/100|[from] Stealth Rock
|turn|20
|inactive|Fullmelmetal101 has 120 seconds left.
|
|t:|1760328219
|switch|p2a: Scizor|Scizor, M|100/100
|move|p1a: Alomomola|Scald|p2a: Scizor
|-damage|p2a: Scizor|83/100
|
|-heal|p1a: Alomomola|94/100|[from] item: Leftovers
|upkeep
|turn|21
|
|t:|1760328228
|move|p2a: Scizor|Swords Dance|p2a: Scizor
|-boost|p2a: Scizor|atk|2
|move|p1a: Alomomola|Scald|p2a: Scizor
|-damage|p2a: Scizor|64/100
|
|-heal|p1a: Alomomola|100/100|[from] item: Leftovers
|upkeep
|turn|22
|
|t:|1760328239
|move|p2a: Scizor|U-turn|p1a: Alomomola
|-damage|p1a: Alomomola|40/100
|
|t:|1760328242
|switch|p2a: Raikou|Raikou|76/100 tox|[from] U-turn
|-ability|p2a: Raikou|Pressure
|move|p1a: Alomomola|Scald|p2a: Raikou
|-damage|p2a: Raikou|60/100 tox
|
|-heal|p1a: Alomomola|47/100|[from] item: Leftovers
|-damage|p2a: Raikou|54/100 tox|[from] psn
|upkeep
|turn|23
|
|t:|1760328254
|move|p1a: Alomomola|Protect|p1a: Alomomola
|-singleturn|p1a: Alomomola|Protect
|move|p2a: Raikou|Thunderbolt|p1a: Alomomola
|-activate|p1a: Alomomola|move: Protect
|
|-heal|p1a: Alomomola|53/100|[from] item: Leftovers
|-damage|p2a: Raikou|42/100 tox|[from] psn
|upkeep
|turn|24
|
|t:|1760328265
|move|p2a: Raikou|Thunderbolt|p1a: Alomomola
|-supereffective|p1a: Alomomola
|-damage|p1a: Alomomola|0 fnt
|faint|p1a: Alomomola
|
|-damage|p2a: Raikou|23/100 tox|[from] psn
|upkeep
|
|t:|1760328272
|switch|p1a: Garganacl|Garganacl, M, shiny, tera:Ghost|84/100
|-damage|p1a: Garganacl|72/100|[from] Stealth Rock
|turn|25
|
|t:|1760328279
|switch|p2a: Scizor|Scizor, M|64/100
|move|p1a: Garganacl|Salt Cure|p2a: Scizor
|-damage|p2a: Scizor|50/100
|-start|p2a: Scizor|Salt Cure
|
|-heal|p1a: Garganacl|78/100|[from] item: Leftovers
|-damage|p2a: Scizor|25/100|[from] Salt Cure
|upkeep
|turn|26
|
|t:|1760328291
|move|p1a: Garganacl|Protect|p1a: Garganacl
|-singleturn|p1a: Garganacl|Protect
|move|p2a: Scizor|Knock Off|p1a: Garganacl
|-activate|p1a: Garganacl|move: Protect
|
|-heal|p1a: Garganacl|84/100|[from] item: Leftovers
|-damage|p2a: Scizor|0 fnt|[from] Salt Cure
|faint|p2a: Scizor
|upkeep
|
|t:|1760328299
|switch|p2a: Raikou|Raikou|23/100 tox
|-ability|p2a: Raikou|Pressure
|turn|27
|
|t:|1760328307
|move|p2a: Raikou|Thunderbolt|p1a: Garganacl
|-damage|p1a: Garganacl|57/100
|move|p1a: Garganacl|Salt Cure|p2a: Raikou
|-damage|p2a: Raikou|5/100 tox
|-start|p2a: Raikou|Salt Cure
|
|-heal|p1a: Garganacl|63/100|[from] item: Leftovers
|-damage|p2a: Raikou|0 fnt|[from] psn
|faint|p2a: Raikou
|upkeep
|
|t:|1760328315
|switch|p2a: Sylveon|Sylveon, M, shiny, tera:Fairy|57/100
|turn|28
|
|t:|1760328325
|move|p2a: Sylveon|Hyper Beam|p1a: Garganacl
|-crit|p1a: Garganacl
|-damage|p1a: Garganacl|0 fnt
|-mustrecharge|p2a: Sylveon
|faint|p1a: Garganacl
|
|win|GreenSpot
|raw|Fullmelmetal101's rating: 1252 &rarr; <strong>1226</strong><br />(-26 for losing)
|raw|GreenSpot's rating: 1244 &rarr; <strong>1270</strong><br />(+26 for winning)
|c|☆Fullmelmetal101|Gg
|c|☆GreenSpot|gg
|l|☆Fullmelmetal101
|player|p1|
|l|☆GreenSpot
|player|p2|
