|j|☆Princejelloxii
|j|☆kyozng
|t:|1760367795
|gametype|singles
|player|p1|Princejelloxii|1|1090
|player|p2|kyozng|102|1079
|gen|9
|tier|[Gen 9] OU
|rated|
|rule|HP Percentage Mod: HP is shown in percentages
|rule|Endless Battle Clause: Forcing endless battles is banned
|rule|Species Clause: Limit one of each Pokémon
|rule|OHKO Clause: OHKO moves are banned
|rule|Evasion Items Clause: Evasion items are banned
|rule|Evasion Moves Clause: Evasion moves are banned
|rule|Evasion Abilities Clause: Evasion abilities are banned
|rule|Sleep Moves Clause: Sleep-inducing moves are banned
|clearpoke
|poke|p1|Qwilfish-Hisui, M|
|poke|p1|Ting-Lu|
|poke|p1|Mandibuzz, F|
|poke|p1|Gholdengo|
|poke|p1|Dragapult, M|
|poke|p1|Zoroark-Hisui, F|
|poke|p2|Slowking-Galar, F|
|poke|p2|Hydrapple, M|
|poke|p2|Tornadus-Therian, M|
|poke|p2|Cyclizar, F|
|poke|p2|Toxapex, F|
|poke|p2|Deoxys-Speed|
|teampreview
|inactive|Battle timer is ON: inactive players will automatically lose when time's up. (requested by Princejelloxii)
|
|t:|1760367816
|teamsize|p1|6
|teamsize|p2|6
|start
|switch|p1a: Qwilfish|Qwilfish-Hisui, M|100/100
|switch|p2a: Deoxys|Deoxys-Speed|100/100
|-ability|p2a: Deoxys|Pressure
|-ability|p1a: Qwilfish|Intimidate|boost
|-unboost|p2a: Deoxys|atk|1
|turn|1
|inactive|kyozng has 120 seconds left.
|
|t:|1760367852
|move|p2a: Deoxys|Knock Off|p1a: Qwilfish
|-resisted|p1a: Qwilfish
|-damage|p1a: Qwilfish|96/100
|-enditem|p1a: Qwilfish|Eviolite|[from] move: Knock Off|[of] p2a: Deoxys
|move|p1a: Qwilfish|Crunch|p2a: Deoxys
|-supereffective|p2a: Deoxys
|-damage|p2a: Deoxys|42/100
|
|upkeep
|turn|2
|inactive|kyozng has 120 seconds left.
|
|t:|1760367860
|move|p2a: Deoxys|Stealth Rock|p1a: Qwilfish
|-sidestart|p1: Princejelloxii|move: Stealth Rock
|move|p1a: Qwilfish|Spikes|p2a: Deoxys
|-sidestart|p2: kyozng|Spikes
|
|upkeep
|turn|3
|
|t:|1760367864
|move|p2a: Deoxys|Superpower|p1a: Qwilfish
|-damage|p1a: Qwilfish|81/100
|-unboost|p2a: Deoxys|atk|1
|-unboost|p2a: Deoxys|def|1
|move|p1a: Qwilfish|Spikes|p2a: Deoxys
|-sidestart|p2: kyozng|Spikes
|
|upkeep
|turn|4
|
|t:|1760367873
|move|p2a: Deoxys|Superpower|p1a: Qwilfish
|-damage|p1a: Qwilfish|69/100
|-unboost|p2a: Deoxys|atk|1
|-unboost|p2a: Deoxys|def|1
|move|p1a: Qwilfish|Spikes|p2a: Deoxys
|-sidestart|p2: kyozng|Spikes
|
|upkeep
|turn|5
|
|t:|1760367880
|move|p2a: Deoxys|Superpower|p1a: Qwilfish
|-damage|p1a: Qwilfish|59/100
|-unboost|p2a: Deoxys|atk|1
|-unboost|p2a: Deoxys|def|1
|move|p1a: Qwilfish|Toxic Spikes|p2a: Deoxys
|-sidestart|p2: kyozng|move: Toxic Spikes
|
|upkeep
|turn|6
|
|t:|1760367889
|move|p2a: Deoxys|Superpower|p1a: Qwilfish
|-damage|p1a: Qwilfish|51/100
|-unboost|p2a: Deoxys|atk|1
|-unboost|p2a: Deoxys|def|1
|move|p1a: Qwilfish|Toxic Spikes|p2a: Deoxys
|-sidestart|p2: kyozng|move: Toxic Spikes
|
|upkeep
|turn|7
|inactive|kyozng has 120 seconds left.
|
|t:|1760367934
|move|p2a: Deoxys|Superpower|p1a: Qwilfish
|-damage|p1a: Qwilfish|45/100
|-unboost|p2a: Deoxys|atk|1
|-unboost|p2a: Deoxys|def|1
|move|p1a: Qwilfish|Crunch|p2a: Deoxys
|-supereffective|p2a: Deoxys
|-damage|p2a: Deoxys|0 fnt
|faint|p2a: Deoxys
|
|upkeep
|
|t:|1760367947
|switch|p2a: Hydrapple|Hydrapple, M|100/100
|turn|8
|
|t:|1760367951
|move|p1a: Qwilfish|Gunk Shot|p2a: Hydrapple|[miss]
|-miss|p1a: Qwilfish|p2a: Hydrapple
|move|p2a: Hydrapple|Earth Power|p1a: Qwilfish
|-supereffective|p1a: Qwilfish
|-damage|p1a: Qwilfish|0 fnt
|faint|p1a: Qwilfish
|
|upkeep
|
|t:|1760367956
|switch|p1a: Ting-Lu|Ting-Lu|100/100
|-ability|p1a: Ting-Lu|Vessel of Ruin
|turn|9
|
|t:|1760367960
|move|p2a: Hydrapple|Nasty Plot|p2a: Hydrapple
|-boost|p2a: Hydrapple|spa|2
|move|p1a: Ting-Lu|Stealth Rock|p2a: Hydrapple
|-sidestart|p2: kyozng|move: Stealth Rock
|
|upkeep
|turn|10
|
|t:|1760367962
|move|p2a: Hydrapple|Giga Drain|p1a: Ting-Lu
|-supereffective|p1a: Ting-Lu
|-damage|p1a: Ting-Lu|22/100
|move|p1a: Ting-Lu|Whirlwind|p2a: Hydrapple
|drag|p2a: Cyclizar|Cyclizar, F|100/100
|
|upkeep
|turn|11
|
|t:|1760367971
|move|p2a: Cyclizar|Rapid Spin|p1a: Ting-Lu
|-damage|p1a: Ting-Lu|15/100
|-boost|p2a: Cyclizar|spe|1
|-sideend|p2: kyozng|Spikes|[from] move: Rapid Spin|[of] p2a: Cyclizar
|-sideend|p2: kyozng|Toxic Spikes|[from] move: Rapid Spin|[of] p2a: Cyclizar
|-sideend|p2: kyozng|Stealth Rock|[from] move: Rapid Spin|[of] p2a: Cyclizar
|move|p1a: Ting-Lu|Whirlwind|p2a: Cyclizar
|drag|p2a: Hydrapple|Hydrapple, M|100/100
|
|upkeep
|turn|12
|
|t:|1760367976
|move|p2a: Hydrapple|Giga Drain|p1a: Ting-Lu
|-supereffective|p1a: Ting-Lu
|-crit|p1a: Ting-Lu
|-damage|p1a: Ting-Lu|0 fnt
|faint|p1a: Ting-Lu
|
|upkeep
|
|t:|1760367979
|switch|p1a: Mandibuzz|Mandibuzz, F|100/100
|turn|13
|
|t:|1760367983
|move|p1a: Mandibuzz|Toxic|p2a: Hydrapple
|-status|p2a: Hydrapple|tox
|move|p2a: Hydrapple|Fickle Beam|p1a: Mandibuzz|[anim] Fickle Beam All Out
|-activate|p2a: Hydrapple|move: Fickle Beam
|-damage|p1a: Mandibuzz|49/100
|
|-damage|p2a: Hydrapple|94/100 tox|[from] psn
|upkeep
|turn|14
|
|t:|1760367998
|switch|p2a: Toxapex|Toxapex, F|100/100
|move|p1a: Mandibuzz|Roost|p1a: Mandibuzz
|-heal|p1a: Mandibuzz|99/100
|-singleturn|p1a: Mandibuzz|move: Roost
|
|upkeep
|turn|15
|
|t:|1760368009
|move|p1a: Mandibuzz|Taunt|p2a: Toxapex
|-start|p2a: Toxapex|move: Taunt
|cant|p2a: Toxapex|move: Taunt|Toxic
|
|upkeep
|turn|16
|
|t:|1760368024
|switch|p1a: Gholdengo|Gholdengo|100/100
|-damage|p1a: Gholdengo|94/100|[from] Stealth Rock
|-item|p1a: Gholdengo|Air Balloon
|switch|p2a: Slowking|Slowking-Galar, F|100/100
|
|upkeep
|turn|17
|
|t:|1760368030
|move|p1a: Gholdengo|Nasty Plot|p1a: Gholdengo
|-boost|p1a: Gholdengo|spa|2
|-prepare|p2a: Slowking|Chilly Reception|[premajor]
|move|p2a: Slowking|Chilly Reception|p2a: Slowking
|-weather|Snowscape
|
|t:|1760368034
|switch|p2a: Cyclizar|Cyclizar, F|100/100|[from] Chilly Reception
|
|-weather|Snowscape|[upkeep]
|upkeep
|turn|18
|
|t:|1760368040
|move|p2a: Cyclizar|Knock Off|p1a: Gholdengo
|-supereffective|p1a: Gholdengo
|-damage|p1a: Gholdengo|42/100
|-enditem|p1a: Gholdengo|Air Balloon
|move|p1a: Gholdengo|Psyshock|p2a: Cyclizar
|-damage|p2a: Cyclizar|21/100
|
|-weather|Snowscape|[upkeep]
|upkeep
|turn|19
|
|t:|1760368048
|-terastallize|p1a: Gholdengo|Steel
|move|p2a: Cyclizar|Temper Flare|p1a: Gholdengo
|-supereffective|p1a: Gholdengo
|-damage|p1a: Gholdengo|2/100
|move|p1a: Gholdengo|Psyshock|p2a: Cyclizar
|-damage|p2a: Cyclizar|0 fnt
|faint|p2a: Cyclizar
|
|-weather|Snowscape|[upkeep]
|upkeep
|
|t:|1760368056
|switch|p2a: Tornadus|Tornadus-Therian, M|100/100
|turn|20
|
|t:|1760368065
|move|p2a: Tornadus|Grass Knot|p1a: Gholdengo
|-resisted|p1a: Gholdengo
|-damage|p1a: Gholdengo|0 fnt
|faint|p1a: Gholdengo
|-damage|p2a: Tornadus|91/100|[from] item: Life Orb
|
|-weather|Snowscape|[upkeep]
|upkeep
|
|t:|1760368068
|switch|p1a: Dragapult|Dragapult, M|100/100
|turn|21
|
|t:|1760368074
|move|p2a: Tornadus|Heat Wave|p1a: Dragapult
|-damage|p1a: Dragapult|42/100
|replace|p1a: Zoroark|Zoroark-Hisui, F
|-end|p1a: Zoroark|Illusion
|-damage|p2a: Tornadus|81/100|[from] item: Life Orb
|move|p1a: Zoroark|Will-O-Wisp|p2a: Tornadus
|-status|p2a: Tornadus|brn
|
|-weather|none
|-damage|p2a: Tornadus|75/100 brn|[from] brn
|upkeep
|turn|22
|
|t:|1760368083
|switch|p2a: Toxapex|Toxapex, F|100/100
|move|p1a: Zoroark|U-turn|p2a: Toxapex
|-resisted|p2a: Toxapex
|-damage|p2a: Toxapex|94/100
|
|t:|1760368088
|switch|p1a: Dragapult|Dragapult, M|100/100|[from] U-turn
|-damage|p1a: Dragapult|88/100|[from] Stealth Rock
|
|upkeep
|turn|23
|
|t:|1760368091
|move|p1a: Dragapult|Dragon Darts|p2a: Toxapex
|-damage|p2a: Toxapex|74/100
|-anim|p1a: Dragapult|Dragon Darts|p2a: Toxapex
|-damage|p2a: Toxapex|54/100
|move|p2a: Toxapex|Toxic|p1a: Dragapult
|-status|p1a: Dragapult|tox
|
|-damage|p1a: Dragapult|82/100 tox|[from] psn
|upkeep
|turn|24
|
|t:|1760368097
|switch|p2a: Slowking|Slowking-Galar, F|100/100
|move|p1a: Dragapult|Dragon Darts|p2a: Slowking
|-damage|p2a: Slowking|74/100
|-anim|p1a: Dragapult|Dragon Darts|p2a: Slowking
|-damage|p2a: Slowking|43/100
|
|-damage|p1a: Dragapult|70/100 tox|[from] psn
|upkeep
|turn|25
|
|t:|1760368107
|switch|p2a: Toxapex|Toxapex, F|87/100
|move|p1a: Dragapult|Dragon Darts|p2a: Toxapex
|-damage|p2a: Toxapex|66/100
|-anim|p1a: Dragapult|Dragon Darts|p2a: Toxapex
|-damage|p2a: Toxapex|45/100
|
|-damage|p1a: Dragapult|52/100 tox|[from] psn
|upkeep
|turn|26
|
|t:|1760368113
|move|p1a: Dragapult|Dragon Darts|p2a: Toxapex
|-damage|p2a: Toxapex|23/100
|-anim|p1a: Dragapult|Dragon Darts|p2a: Toxapex
|-damage|p2a: Toxapex|0 fnt
|faint|p2a: Toxapex
|
|-damage|p1a: Dragapult|28/100 tox|[from] psn
|upkeep
|
|t:|1760368118
|switch|p2a: Hydrapple|Hydrapple, M|100/100 tox
|turn|27
|
|t:|1760368123
|-terastallize|p2a: Hydrapple|Fairy
|move|p1a: Dragapult|Dragon Darts|p2a: Hydrapple
|-immune|p2a: Hydrapple
|move|p2a: Hydrapple|Nasty Plot|p2a: Hydrapple
|-boost|p2a: Hydrapple|spa|2
|
|-damage|p1a: Dragapult|0 fnt|[from] psn
|faint|p1a: Dragapult
|-damage|p2a: Hydrapple|94/100 tox|[from] psn
|upkeep
|
|t:|1760368128
|switch|p1a: Mandibuzz|Mandibuzz, F|42/100
|turn|28
|
|t:|1760368131
|move|p2a: Hydrapple|Fickle Beam|p1a: Mandibuzz
|-damage|p1a: Mandibuzz|0 fnt
|replace|p1a: Zoroark|Zoroark-Hisui, F
|-end|p1a: Zoroark|Illusion
|faint|p1a: Zoroark
|
|-damage|p2a: Hydrapple|82/100 tox|[from] psn
|upkeep
|
|t:|1760368133
|switch|p1a: Mandibuzz|Mandibuzz, F|99/100
|turn|29
|
|t:|1760368137
|move|p2a: Hydrapple|Fickle Beam|p1a: Mandibuzz
|-damage|p1a: Mandibuzz|50/100
|move|p1a: Mandibuzz|Whirlwind|p2a: Hydrapple
|drag|p2a: Slowking|Slowking-Galar, F|76/100
|
|upkeep
|turn|30
|
|t:|1760368144
|move|p1a: Mandibuzz|Roost|p1a: Mandibuzz
|-heal|p1a: Mandibuzz|99/100
|-singleturn|p1a: Mandibuzz|move: Roost
|move|p2a: Slowking|Sludge Bomb|p1a: Mandibuzz
|-damage|p1a: Mandibuzz|74/100
|
|upkeep
|turn|31
|
|t:|1760368148
|move|p1a: Mandibuzz|Toxic|p2a: Slowking
|-immune|p2a: Slowking
|move|p2a: Slowking|Sludge Bomb|p1a: Mandibuzz
|-damage|p1a: Mandibuzz|45/100
|-status|p1a: Mandibuzz|psn
|
|-damage|p1a: Mandibuzz|33/100 psn|[from] psn
|upkeep
|turn|32
|
|t:|1760368154
|move|p1a: Mandibuzz|Roost|p1a: Mandibuzz
|-heal|p1a: Mandibuzz|83/100 psn
|-singleturn|p1a: Mandibuzz|move: Roost
|move|p2a: Slowking|Future Sight|p1a: Mandibuzz
|-start|p2a: Slowking|move: Future Sight
|
|-damage|p1a: Mandibuzz|71/100 psn|[from] psn
|upkeep
|turn|33
|
|t:|1760368157
|-prepare|p2a: Slowking|Chilly Reception|[premajor]
|move|p2a: Slowking|Chilly Reception|p2a: Slowking
|-weather|Snowscape
|
|t:|1760368160
|switch|p2a: Tornadus|Tornadus-Therian, M|100/100 brn|[from] Chilly Reception
|move|p1a: Mandibuzz|Whirlwind|p2a: Tornadus
|drag|p2a: Slowking|Slowking-Galar, F|100/100
|
|-weather|Snowscape|[upkeep]
|-damage|p1a: Mandibuzz|58/100 psn|[from] psn
|upkeep
|turn|34
|
|t:|1760368168
|move|p1a: Mandibuzz|Roost|p1a: Mandibuzz
|-heal|p1a: Mandibuzz|100/100 psn
|-singleturn|p1a: Mandibuzz|move: Roost
|move|p2a: Slowking|Sludge Bomb|p1a: Mandibuzz
|-damage|p1a: Mandibuzz|74/100 psn
|
|-weather|Snowscape|[upkeep]
|-end|p1a: Mandibuzz|move: Future Sight
|-immune|p1a: Mandibuzz
|-damage|p1a: Mandibuzz|62/100 psn|[from] psn
|upkeep
|turn|35
|
|t:|1760368175
|switch|p2a: Hydrapple|Hydrapple, M, tera:Fairy|100/100 tox
|move|p1a: Mandibuzz|Taunt|p2a: Hydrapple
|-start|p2a: Hydrapple|move: Taunt
|
|-weather|Snowscape|[upkeep]
|-damage|p1a: Mandibuzz|49/100 psn|[from] psn
|-damage|p2a: Hydrapple|94/100 tox|[from] psn
|upkeep
|turn|36
|
|t:|1760368181
|move|p1a: Mandibuzz|Roost|p1a: Mandibuzz
|-heal|p1a: Mandibuzz|99/100 psn
|-singleturn|p1a: Mandibuzz|move: Roost
|move|p2a: Hydrapple|Fickle Beam|p1a: Mandibuzz
|-damage|p1a: Mandibuzz|74/100 psn
|
|-weather|Snowscape|[upkeep]
|-damage|p1a: Mandibuzz|62/100 psn|[from] psn
|-damage|p2a: Hydrapple|82/100 tox|[from] psn
|upkeep
|turn|37
|
|t:|1760368189
|move|p1a: Mandibuzz|Toxic|p2a: Hydrapple
|-fail|p2a: Hydrapple|tox
|move|p2a: Hydrapple|Fickle Beam|p1a: Mandibuzz|[anim] Fickle Beam All Out
|-activate|p2a: Hydrapple|move: Fickle Beam
|-damage|p1a: Mandibuzz|6/100 psn
|
|-weather|none
|-damage|p1a: Mandibuzz|0 fnt|[from] psn
|faint|p1a: Mandibuzz
|
|win|kyozng
|raw|Princejelloxii's rating: 1090 &rarr; <strong>1066</strong><br />(-24 for losing)
|raw|kyozng's rating: 1079 &rarr; <strong>1108</strong><br />(+29 for winning)
|l|☆kyozng
|player|p2|
|l|☆Princejelloxii
|player|p1|
