|j|☆Head Smash Machine
|j|☆decibelpkmn
|t:|1760458459
|gametype|singles
|player|p1|Head Smash Machine|workerice|1429
|player|p2|decibelpkmn|102|1512
|gen|9
|tier|[Gen 9] OU
|rated|
|rule|HP Percentage Mod: HP is shown in percentages
|rule|Endless Battle Clause: Forcing endless battles is banned
|rule|Species Clause: Limit one of each Pokémon
|rule|OHKO Clause: OHKO moves are banned
|rule|Evasion Items Clause: Evasion items are banned
|rule|Evasion Moves Clause: Evasion moves are banned
|rule|Evasion Abilities Clause: Evasion abilities are banned
|rule|Sleep Moves Clause: Sleep-inducing moves are banned
|clearpoke
|poke|p1|Ursaluna, M|
|poke|p1|Lokix, F|
|poke|p1|Glastrier|
|poke|p1|Vaporeon, F|
|poke|p1|Cinderace, F|
|poke|p1|Crawdaunt, F|
|poke|p2|Gliscor, F|
|poke|p2|Clefable, M|
|poke|p2|Corviknight, F|
|poke|p2|Garganacl, M|
|poke|p2|Kingambit, F|
|poke|p2|Dragapult, M|
|teampreview
|inactive|Battle timer is ON: inactive players will automatically lose when time's up. (requested by Head Smash Machine)
|
|t:|1760458478
|teamsize|p1|6
|teamsize|p2|6
|start
|switch|p1a: Kami|Lokix, F, shiny|100/100
|switch|p2a: Dragapult|Dragapult, M|100/100
|turn|1
|
|t:|1760458500
|switch|p2a: Corviknight|Corviknight, F|100/100
|-ability|p2a: Corviknight|Pressure
|move|p1a: Kami|Knock Off|p2a: Corviknight
|-damage|p2a: Corviknight|46/100
|-damage|p1a: Kami|84/100|[from] item: Rocky Helmet|[of] p2a: Corviknight
|-enditem|p2a: Corviknight|Rocky Helmet|[from] move: Knock Off|[of] p1a: Kami
|
|upkeep
|turn|2
|
|t:|1760458508
|switch|p1a: Messi|Cinderace, F|100/100
|move|p2a: Corviknight|Roost|p2a: Corviknight
|-heal|p2a: Corviknight|96/100
|-singleturn|p2a: Corviknight|move: Roost
|
|upkeep
|turn|3
|
|t:|1760458514
|move|p1a: Messi|Pyro Ball|p2a: Corviknight
|-supereffective|p2a: Corviknight
|-damage|p2a: Corviknight|3/100
|move|p2a: Corviknight|U-turn|p1a: Messi
|-resisted|p1a: Messi
|-damage|p1a: Messi|91/100
|
|t:|1760458518
|switch|p2a: Gliscor|Gliscor, F|100/100|[from] U-turn
|
|-status|p2a: Gliscor|tox|[from] item: Toxic Orb
|upkeep
|turn|4
|
|t:|1760458523
|move|p1a: Messi|U-turn|p2a: Gliscor
|-start|p1a: Messi|typechange|Bug|[from] ability: Libero
|-resisted|p2a: Gliscor
|-damage|p2a: Gliscor|89/100 tox
|
|t:|1760458527
|switch|p1a: The Horse|Glastrier|100/100|[from] U-turn
|move|p2a: Gliscor|Spikes|p1a: The Horse
|-sidestart|p1: Head Smash Machine|Spikes
|
|-heal|p2a: Gliscor|100/100 tox|[from] ability: Poison Heal
|upkeep
|turn|5
|
|t:|1760458537
|-terastallize|p2a: Gliscor|Water
|move|p2a: Gliscor|Toxic|p1a: The Horse
|-status|p1a: The Horse|tox
|move|p1a: The Horse|Icicle Crash|p2a: Gliscor
|-resisted|p2a: Gliscor
|-damage|p2a: Gliscor|84/100 tox
|
|-heal|p2a: Gliscor|97/100 tox|[from] ability: Poison Heal
|-damage|p1a: The Horse|94/100 tox|[from] psn
|upkeep
|turn|6
|
|t:|1760458554
|switch|p1a: BEAR 5 PRIME|Ursaluna, M, shiny|100/100
|-damage|p1a: BEAR 5 PRIME|88/100|[from] Spikes
|move|p2a: Gliscor|Earthquake|p1a: BEAR 5 PRIME
|-damage|p1a: BEAR 5 PRIME|66/100
|
|-heal|p2a: Gliscor|100/100 tox|[from] ability: Poison Heal
|-status|p1a: BEAR 5 PRIME|brn|[from] item: Flame Orb
|upkeep
|turn|7
|
|t:|1760458560
|move|p2a: Gliscor|Protect|p2a: Gliscor
|-singleturn|p2a: Gliscor|Protect
|move|p1a: BEAR 5 PRIME|Facade|p2a: Gliscor
|-activate|p2a: Gliscor|move: Protect
|
|-damage|p1a: BEAR 5 PRIME|60/100 brn|[from] brn
|upkeep
|turn|8
|
|t:|1760458567
|-terastallize|p1a: BEAR 5 PRIME|Fighting
|move|p2a: Gliscor|Earthquake|p1a: BEAR 5 PRIME
|-damage|p1a: BEAR 5 PRIME|35/100 brn
|move|p1a: BEAR 5 PRIME|Drain Punch|p2a: Gliscor
|-damage|p2a: Gliscor|56/100 tox
|-heal|p1a: BEAR 5 PRIME|52/100 brn|[from] drain|[of] p2a: Gliscor
|
|-heal|p2a: Gliscor|69/100 tox|[from] ability: Poison Heal
|-damage|p1a: BEAR 5 PRIME|46/100 brn|[from] brn
|upkeep
|turn|9
|
|t:|1760458575
|move|p2a: Gliscor|Protect|p2a: Gliscor
|-singleturn|p2a: Gliscor|Protect
|move|p1a: BEAR 5 PRIME|Facade|p2a: Gliscor
|-activate|p2a: Gliscor|move: Protect
|
|-heal|p2a: Gliscor|81/100 tox|[from] ability: Poison Heal
|-damage|p1a: BEAR 5 PRIME|40/100 brn|[from] brn
|upkeep
|turn|10
|
|t:|1760458580
|switch|p2a: Corviknight|Corviknight, F|3/100
|-ability|p2a: Corviknight|Pressure
|move|p1a: BEAR 5 PRIME|Facade|p2a: Corviknight
|-resisted|p2a: Corviknight
|-damage|p2a: Corviknight|0 fnt
|faint|p2a: Corviknight
|
|-damage|p1a: BEAR 5 PRIME|34/100 brn|[from] brn
|upkeep
|
|t:|1760458584
|switch|p2a: Dragapult|Dragapult, M|100/100
|turn|11
|
|t:|1760458587
|move|p2a: Dragapult|Hex|p1a: BEAR 5 PRIME
|-damage|p1a: BEAR 5 PRIME|0 fnt
|faint|p1a: BEAR 5 PRIME
|
|upkeep
|
|t:|1760458599
|switch|p1a: Lober my Beloved|Crawdaunt, F|100/100
|-damage|p1a: Lober my Beloved|88/100|[from] Spikes
|turn|12
|
|t:|1760458603
|move|p2a: Dragapult|Will-O-Wisp|p1a: Lober my Beloved
|-status|p1a: Lober my Beloved|brn
|move|p1a: Lober my Beloved|Knock Off|p2a: Dragapult
|-supereffective|p2a: Dragapult
|-damage|p2a: Dragapult|0 fnt
|-enditem|p2a: Dragapult|Heavy-Duty Boots|[from] move: Knock Off|[of] p1a: Lober my Beloved
|faint|p2a: Dragapult
|
|-damage|p1a: Lober my Beloved|82/100 brn|[from] brn
|upkeep
|
|t:|1760458607
|switch|p2a: Gliscor|Gliscor, F, tera:Water|81/100 tox
|turn|13
|
|t:|1760458610
|move|p2a: Gliscor|Spikes|p1a: Lober my Beloved
|-sidestart|p1: Head Smash Machine|Spikes
|move|p1a: Lober my Beloved|Knock Off|p2a: Gliscor
|-damage|p2a: Gliscor|48/100 tox
|-enditem|p2a: Gliscor|Toxic Orb|[from] move: Knock Off|[of] p1a: Lober my Beloved
|
|-heal|p2a: Gliscor|61/100 tox|[from] ability: Poison Heal
|-damage|p1a: Lober my Beloved|76/100 brn|[from] brn
|upkeep
|turn|14
|
|t:|1760458616
|switch|p1a: Pink Lemonade|Vaporeon, F, shiny|100/100
|-damage|p1a: Pink Lemonade|84/100|[from] Spikes
|move|p2a: Gliscor|Earthquake|p1a: Pink Lemonade
|-damage|p1a: Pink Lemonade|59/100
|
|-heal|p1a: Pink Lemonade|65/100|[from] item: Leftovers
|-heal|p2a: Gliscor|73/100 tox|[from] ability: Poison Heal
|upkeep
|turn|15
|
|t:|1760458619
|move|p2a: Gliscor|Toxic|p1a: Pink Lemonade|[miss]
|-miss|p2a: Gliscor|p1a: Pink Lemonade
|move|p1a: Pink Lemonade|Wish|p1a: Pink Lemonade
|
|-heal|p1a: Pink Lemonade|71/100|[from] item: Leftovers
|-heal|p2a: Gliscor|86/100 tox|[from] ability: Poison Heal
|upkeep
|turn|16
|
|t:|1760458627
|move|p2a: Gliscor|Toxic|p1a: Pink Lemonade
|-status|p1a: Pink Lemonade|tox
|move|p1a: Pink Lemonade|Flip Turn|p2a: Gliscor
|-resisted|p2a: Gliscor
|-damage|p2a: Gliscor|80/100 tox
|
|t:|1760458635
|switch|p1a: Kami|Lokix, F, shiny|84/100|[from] Flip Turn
|-damage|p1a: Kami|67/100|[from] Spikes
|
|-heal|p1a: Kami|100/100|[from] move: Wish|[wisher] Pink Lemonade
|-heal|p2a: Gliscor|93/100 tox|[from] ability: Poison Heal
|upkeep
|turn|17
|
|t:|1760458641
|move|p2a: Gliscor|Protect|p2a: Gliscor
|-singleturn|p2a: Gliscor|Protect
|move|p1a: Kami|U-turn|p2a: Gliscor
|-activate|p2a: Gliscor|move: Protect
|
|-heal|p2a: Gliscor|100/100 tox|[from] ability: Poison Heal
|upkeep
|turn|18
|
|t:|1760458644
|move|p1a: Kami|U-turn|p2a: Gliscor
|-crit|p2a: Gliscor
|-damage|p2a: Gliscor|54/100 tox
|
|t:|1760458651
|switch|p1a: Pink Lemonade|Vaporeon, F, shiny|71/100 tox|[from] U-turn
|-damage|p1a: Pink Lemonade|55/100 tox|[from] Spikes
|move|p2a: Gliscor|Spikes|p1a: Pink Lemonade
|-sidestart|p1: Head Smash Machine|Spikes
|
|-heal|p1a: Pink Lemonade|61/100 tox|[from] item: Leftovers
|-heal|p2a: Gliscor|66/100 tox|[from] ability: Poison Heal
|-damage|p1a: Pink Lemonade|55/100 tox|[from] psn
|upkeep
|turn|19
|
|t:|1760458653
|move|p2a: Gliscor|Earthquake|p1a: Pink Lemonade
|-damage|p1a: Pink Lemonade|29/100 tox
|move|p1a: Pink Lemonade|Wish|p1a: Pink Lemonade
|
|-heal|p1a: Pink Lemonade|35/100 tox|[from] item: Leftovers
|-heal|p2a: Gliscor|79/100 tox|[from] ability: Poison Heal
|-damage|p1a: Pink Lemonade|22/100 tox|[from] psn
|upkeep
|turn|20
|
|t:|1760458657
|move|p2a: Gliscor|Earthquake|p1a: Pink Lemonade
|-damage|p1a: Pink Lemonade|0 fnt
|faint|p1a: Pink Lemonade
|
|-heal|p2a: Gliscor|91/100 tox|[from] ability: Poison Heal
|upkeep
|c|☆Head Smash Machine|Man
|-message|Head Smash Machine forfeited.
|
|win|decibelpkmn
|raw|Head Smash Machine's rating: 1429 &rarr; <strong>1414</strong><br />(-15 for losing)
|raw|decibelpkmn's rating: 1512 &rarr; <strong>1527</strong><br />(+15 for winning)
|l|☆Head Smash Machine
|player|p1|
|j|☆Head Smash Machine
|player|p1|Head Smash Machine|workerice|
|l|☆Head Smash Machine
|player|p1|
|l|☆decibelpkmn
|player|p2|
