|j|☆ChaosKin2117
|j|☆AEFAA2
|t:|1760317725
|gametype|singles
|player|p1|ChaosKin2117|265|1267
|player|p2|AEFAA2|scientist-gen4dp|1317
|gen|9
|tier|[Gen 9] OU
|rated|
|rule|HP Percentage Mod: HP is shown in percentages
|rule|Endless Battle Clause: Forcing endless battles is banned
|rule|Species Clause: Limit one of each Pokémon
|rule|OHKO Clause: OHKO moves are banned
|rule|Evasion Items Clause: Evasion items are banned
|rule|Evasion Moves Clause: Evasion moves are banned
|rule|Evasion Abilities Clause: Evasion abilities are banned
|rule|Sleep Moves Clause: Sleep-inducing moves are banned
|clearpoke
|poke|p1|Gholdengo|
|poke|p1|Ceruledge, F|
|poke|p1|Enamorus, F|
|poke|p1|Ribombee, F|
|poke|p1|Quaquaval, F|
|poke|p1|Iron Treads|
|poke|p2|Torkoal, F|
|poke|p2|Goodra-Hisui, M|
|poke|p2|Great Tusk|
|poke|p2|Scovillain, F|
|poke|p2|Ninetales, F|
|poke|p2|Walking Wake|
|teampreview
|
|t:|1760317737
|teamsize|p1|6
|teamsize|p2|6
|start
|switch|p1a: Ceruledge|Ceruledge, F|100/100
|switch|p2a: Torkoal|Torkoal, F|100/100
|-weather|SunnyDay|[from] ability: Drought|[of] p2a: Torkoal
|turn|1
|
|t:|1760317746
|move|p1a: Ceruledge|Swords Dance|p1a: Ceruledge
|-boost|p1a: Ceruledge|atk|2
|move|p2a: Torkoal|Overheat|p1a: Ceruledge|[miss]
|-miss|p2a: Torkoal|p1a: Ceruledge
|
|-weather|SunnyDay|[upkeep]
|upkeep
|turn|2
|
|t:|1760317754
|move|p1a: Ceruledge|Poltergeist|p2a: Torkoal|[miss]
|-miss|p1a: Ceruledge|p2a: Torkoal
|move|p2a: Torkoal|Overheat|p1a: Ceruledge
|-resisted|p1a: Ceruledge
|-damage|p1a: Ceruledge|64/100
|-unboost|p2a: Torkoal|spa|2
|
|-weather|SunnyDay|[upkeep]
|upkeep
|turn|3
|
|t:|1760317766
|switch|p2a: Ninetales|Ninetales, F|100/100
|move|p1a: Ceruledge|Poltergeist|p2a: Ninetales
|-activate|p2a: Ninetales|move: Poltergeist|Choice Specs
|-damage|p2a: Ninetales|0 fnt
|faint|p2a: Ninetales
|
|-weather|SunnyDay|[upkeep]
|upkeep
|
|t:|1760317777
|switch|p2a: Walking Wake|Walking Wake|100/100
|-activate|p2a: Walking Wake|ability: Protosynthesis
|-start|p2a: Walking Wake|protosynthesisspe
|turn|4
|
|t:|1760317784
|switch|p1a: Quaquaval|Quaquaval, F|100/100
|move|p2a: Walking Wake|Hydro Steam|p1a: Quaquaval
|-resisted|p1a: Quaquaval
|-damage|p1a: Quaquaval|61/100
|
|-weather|SunnyDay|[upkeep]
|upkeep
|turn|5
|inactive|Battle timer is ON: inactive players will automatically lose when time's up. (requested by ChaosKin2117)
|
|t:|1760317811
|-terastallize|p2a: Walking Wake|Water
|move|p2a: Walking Wake|Hydro Steam|p1a: Quaquaval
|-resisted|p1a: Quaquaval
|-damage|p1a: Quaquaval|10/100
|move|p1a: Quaquaval|Rapid Spin|p2a: Walking Wake
|-damage|p2a: Walking Wake|83/100
|-boost|p1a: Quaquaval|spe|1
|
|-weather|SunnyDay|[upkeep]
|upkeep
|turn|6
|
|t:|1760317823
|move|p2a: Walking Wake|Hydro Steam|p1a: Quaquaval
|-resisted|p1a: Quaquaval
|-damage|p1a: Quaquaval|0 fnt
|faint|p1a: Quaquaval
|
|-weather|SunnyDay|[upkeep]
|upkeep
|
|t:|1760317834
|switch|p1a: Gholdengo|Gholdengo|100/100
|-item|p1a: Gholdengo|Air Balloon
|turn|7
|
|t:|1760317842
|move|p2a: Walking Wake|Hydro Steam|p1a: Gholdengo
|-damage|p1a: Gholdengo|0 fnt
|-enditem|p1a: Gholdengo|Air Balloon
|faint|p1a: Gholdengo
|
|-weather|SunnyDay|[upkeep]
|upkeep
|
|t:|1760317853
|switch|p1a: Ribombee|Ribombee, F, shiny|100/100
|turn|8
|
|t:|1760317862
|-end|p2a: Walking Wake|Protosynthesis|[silent]
|switch|p2a: Scovillain|Scovillain, F|100/100
|move|p1a: Ribombee|Moonblast|p2a: Scovillain
|-resisted|p2a: Scovillain
|-damage|p2a: Scovillain|67/100
|-unboost|p2a: Scovillain|spa|1
|
|-weather|none
|upkeep
|turn|9
|
|t:|1760317877
|switch|p1a: Enamorus|Enamorus, F|100/100
|move|p2a: Scovillain|Flamethrower|p1a: Enamorus
|-damage|p1a: Enamorus|31/100
|
|upkeep
|turn|10
|
|t:|1760317884
|switch|p2a: Goodra|Goodra-Hisui, M|100/100
|move|p1a: Enamorus|Earth Power|p2a: Goodra
|-supereffective|p2a: Goodra
|-damage|p2a: Goodra|72/100
|
|upkeep
|turn|11
|
|t:|1760317892
|switch|p2a: Torkoal|Torkoal, F|100/100
|-weather|SunnyDay|[from] ability: Drought|[of] p2a: Torkoal
|move|p1a: Enamorus|Superpower|p2a: Torkoal
|-damage|p2a: Torkoal|82/100
|-boost|p1a: Enamorus|atk|1
|-boost|p1a: Enamorus|def|1
|
|-weather|SunnyDay|[upkeep]
|upkeep
|turn|12
|inactive|ChaosKin2117 has 120 seconds left.
|
|t:|1760317939
|switch|p2a: Goodra|Goodra-Hisui, M|72/100
|move|p1a: Enamorus|Earth Power|p2a: Goodra
|-supereffective|p2a: Goodra
|-damage|p2a: Goodra|45/100
|
|-weather|SunnyDay|[upkeep]
|upkeep
|turn|13
|
|t:|1760317948
|move|p1a: Enamorus|Superpower|p2a: Goodra
|-supereffective|p2a: Goodra
|-damage|p2a: Goodra|0 fnt
|-boost|p1a: Enamorus|atk|1
|-boost|p1a: Enamorus|def|1
|faint|p2a: Goodra
|
|-weather|SunnyDay|[upkeep]
|upkeep
|
|t:|1760317956
|switch|p2a: Walking Wake|Walking Wake, tera:Water|83/100
|-activate|p2a: Walking Wake|ability: Protosynthesis
|-start|p2a: Walking Wake|protosynthesisspe
|turn|14
|inactive|ChaosKin2117 has 120 seconds left.
|
|t:|1760317969
|move|p2a: Walking Wake|Hydro Steam|p1a: Enamorus
|-damage|p1a: Enamorus|0 fnt
|faint|p1a: Enamorus
|
|-weather|SunnyDay|[upkeep]
|upkeep
|
|t:|1760317973
|switch|p1a: Ribombee|Ribombee, F, shiny|100/100
|turn|15
|
|t:|1760317995
|move|p2a: Walking Wake|Hydro Steam|p1a: Ribombee
|-enditem|p1a: Ribombee|Focus Sash
|-damage|p1a: Ribombee|1/100
|move|p1a: Ribombee|Skill Swap||[still]
|-fail|p1a: Ribombee
|
|-weather|SunnyDay|[upkeep]
|upkeep
|turn|16
|c|☆AEFAA2|Gg
|
|t:|1760318008
|move|p2a: Walking Wake|Hydro Steam|p1a: Ribombee
|-damage|p1a: Ribombee|0 fnt
|faint|p1a: Ribombee
|
|-weather|SunnyDay|[upkeep]
|upkeep
|
|t:|1760318013
|switch|p1a: Ceruledge|Ceruledge, F|64/100
|turn|17
|
|t:|1760318018
|move|p1a: Ceruledge|Shadow Sneak|p2a: Walking Wake
|-damage|p2a: Walking Wake|58/100
|move|p2a: Walking Wake|Hydro Steam|p1a: Ceruledge
|-supereffective|p1a: Ceruledge
|-crit|p1a: Ceruledge
|-damage|p1a: Ceruledge|0 fnt
|faint|p1a: Ceruledge
|
|-weather|SunnyDay|[upkeep]
|upkeep
|
|t:|1760318021
|switch|p1a: Iron Treads|Iron Treads|100/100
|-enditem|p1a: Iron Treads|Booster Energy
|-activate|p1a: Iron Treads|ability: Quark Drive|[fromitem]
|-start|p1a: Iron Treads|quarkdriveatk
|turn|18
|
|t:|1760318032
|-terastallize|p1a: Iron Treads|Fairy
|move|p2a: Walking Wake|Hydro Steam|p1a: Iron Treads
|-crit|p1a: Iron Treads
|-damage|p1a: Iron Treads|0 fnt
|faint|p1a: Iron Treads
|-end|p1a: Iron Treads|Quark Drive|[silent]
|
|win|AEFAA2
|raw|ChaosKin2117's rating: 1267 &rarr; <strong>1246</strong><br />(-21 for losing)
|raw|AEFAA2's rating: 1317 &rarr; <strong>1334</strong><br />(+17 for winning)
