|j|☆AEFAA2
|j|☆thelight3436
|t:|1760307976
|gametype|singles
|player|p1|AEFAA2|scientist-gen4dp|1108
|player|p2|thelight3436|hugh|1094
|gen|9
|tier|[Gen 9] OU
|rated|
|rule|HP Percentage Mod: HP is shown in percentages
|rule|Endless Battle Clause: Forcing endless battles is banned
|rule|Species Clause: Limit one of each Pokémon
|rule|OHKO Clause: OHKO moves are banned
|rule|Evasion Items Clause: Evasion items are banned
|rule|Evasion Moves Clause: Evasion moves are banned
|rule|Evasion Abilities Clause: Evasion abilities are banned
|rule|Sleep Moves Clause: Sleep-inducing moves are banned
|clearpoke
|poke|p1|Torkoal, F|
|poke|p1|Sunflora, M|
|poke|p1|Goodra-Hisui, F|
|poke|p1|Great Tusk|
|poke|p1|Scovillain, F|
|poke|p1|Ninetales, F|
|poke|p2|Ninetales, M|
|poke|p2|Walking Wake|
|poke|p2|Cinderace, F|
|poke|p2|Meowscarada, M|
|poke|p2|Ogerpon-Wellspring, F|
|poke|p2|Great Tusk|
|teampreview
|j| AbrarS
|
|t:|1760308016
|teamsize|p1|6
|teamsize|p2|6
|start
|switch|p1a: Ninetales|Ninetales, F|100/100
|switch|p2a: Walking Wake|Walking Wake|100/100
|-weather|SunnyDay|[from] ability: Drought|[of] p1a: Ninetales
|-activate|p2a: Walking Wake|ability: Protosynthesis
|-start|p2a: Walking Wake|protosynthesisspa
|turn|1
|
|t:|1760308031
|switch|p1a: Goodra|Goodra-Hisui, F|100/100
|move|p2a: Walking Wake|Hydro Steam|p1a: Goodra
|-resisted|p1a: Goodra
|-damage|p1a: Goodra|85/100
|
|-weather|SunnyDay|[upkeep]
|upkeep
|turn|2
|
|t:|1760308039
|-terastallize|p2a: Walking Wake|Fire
|move|p2a: Walking Wake|Flamethrower|p1a: Goodra
|-damage|p1a: Goodra|50/100
|move|p1a: Goodra|Draco Meteor|p2a: Walking Wake
|-damage|p2a: Walking Wake|46/100
|-unboost|p1a: Goodra|spa|2
|
|-weather|SunnyDay|[upkeep]
|upkeep
|turn|3
|inactive|Battle timer is ON: inactive players will automatically lose when time's up. (requested by AEFAA2)
|
|t:|1760308052
|move|p2a: Walking Wake|Flamethrower|p1a: Goodra
|-damage|p1a: Goodra|14/100
|move|p1a: Goodra|Earthquake|p2a: Walking Wake
|-supereffective|p2a: Walking Wake
|-damage|p2a: Walking Wake|0 fnt
|faint|p2a: Walking Wake
|-end|p2a: Walking Wake|Protosynthesis|[silent]
|
|-weather|SunnyDay|[upkeep]
|upkeep
|
|t:|1760308059
|switch|p2a: Cinderace|Cinderace, F|100/100
|turn|4
|
|t:|1760308072
|move|p2a: Cinderace|Sucker Punch|p1a: Goodra
|-start|p2a: Cinderace|typechange|Dark|[from] ability: Libero
|-damage|p1a: Goodra|0 fnt
|faint|p1a: Goodra
|
|-weather|SunnyDay|[upkeep]
|upkeep
|
|t:|1760308082
|switch|p1a: Great Tusk|Great Tusk|100/100
|-activate|p1a: Great Tusk|ability: Protosynthesis
|-start|p1a: Great Tusk|protosynthesisatk
|turn|5
|
|t:|1760308098
|move|p2a: Cinderace|Pyro Ball|p1a: Great Tusk
|-damage|p1a: Great Tusk|60/100
|move|p1a: Great Tusk|Headlong Rush|p2a: Cinderace
|-damage|p2a: Cinderace|0 fnt
|-unboost|p1a: Great Tusk|def|1
|-unboost|p1a: Great Tusk|spd|1
|faint|p2a: Cinderace
|
|-weather|none
|-end|p1a: Great Tusk|Protosynthesis
|upkeep
|
|t:|1760308105
|switch|p2a: Ninetales|Ninetales, M|100/100
|-weather|SunnyDay|[from] ability: Drought|[of] p2a: Ninetales
|-activate|p1a: Great Tusk|ability: Protosynthesis
|-start|p1a: Great Tusk|protosynthesisatk
|turn|6
|
|t:|1760308125
|move|p2a: Ninetales|Will-O-Wisp|p1a: Great Tusk|[miss]
|-miss|p2a: Ninetales|p1a: Great Tusk
|move|p1a: Great Tusk|Headlong Rush|p2a: Ninetales
|-supereffective|p2a: Ninetales
|-damage|p2a: Ninetales|0 fnt
|-unboost|p1a: Great Tusk|def|1
|-unboost|p1a: Great Tusk|spd|1
|faint|p2a: Ninetales
|
|-weather|SunnyDay|[upkeep]
|upkeep
|
|t:|1760308139
|switch|p2a: Ogerpon|Ogerpon-Wellspring, F|100/100
|turn|7
|
|t:|1760308145
|move|p2a: Ogerpon|Ivy Cudgel|p1a: Great Tusk|[anim] Ivy Cudgel Water
|-supereffective|p1a: Great Tusk
|-damage|p1a: Great Tusk|0 fnt
|faint|p1a: Great Tusk
|-end|p1a: Great Tusk|Protosynthesis|[silent]
|
|-weather|SunnyDay|[upkeep]
|upkeep
|
|t:|1760308151
|switch|p1a: Sunflora|Sunflora, M|100/100
|turn|8
|
|t:|1760308161
|move|p2a: Ogerpon|Knock Off|p1a: Sunflora
|-damage|p1a: Sunflora|27/100
|-enditem|p1a: Sunflora|Life Orb|[from] move: Knock Off|[of] p2a: Ogerpon
|move|p1a: Sunflora|Giga Drain|p2a: Ogerpon
|-damage|p2a: Ogerpon|58/100
|-heal|p1a: Sunflora|49/100|[from] drain|[of] p2a: Ogerpon
|
|-weather|SunnyDay|[upkeep]
|upkeep
|turn|9
|
|t:|1760308173
|move|p2a: Ogerpon|Knock Off|p1a: Sunflora
|-damage|p1a: Sunflora|0 fnt
|faint|p1a: Sunflora
|
|-weather|SunnyDay|[upkeep]
|upkeep
|
|t:|1760308179
|switch|p1a: Scovillain|Scovillain, F|100/100
|turn|10
|
|t:|1760308187
|move|p1a: Scovillain|Flamethrower|p2a: Ogerpon
|-damage|p2a: Ogerpon|0 fnt
|faint|p2a: Ogerpon
|
|-weather|SunnyDay|[upkeep]
|upkeep
|
|t:|1760308193
|switch|p2a: Great Tusk|Great Tusk|100/100
|-activate|p2a: Great Tusk|ability: Protosynthesis
|-start|p2a: Great Tusk|protosynthesisatk
|turn|11
|
|t:|1760308205
|-terastallize|p1a: Scovillain|Fire
|move|p1a: Scovillain|Flamethrower|p2a: Great Tusk
|-damage|p2a: Great Tusk|0 fnt
|faint|p2a: Great Tusk
|-end|p2a: Great Tusk|Protosynthesis|[silent]
|
|-weather|SunnyDay|[upkeep]
|upkeep
|
|t:|1760308208
|switch|p2a: Meowscarada|Meowscarada, M|100/100
|turn|12
|
|t:|1760308217
|move|p2a: Meowscarada|Knock Off|p1a: Scovillain
|-start|p2a: Meowscarada|typechange|Dark|[from] ability: Protean
|-damage|p1a: Scovillain|25/100
|-enditem|p1a: Scovillain|Choice Specs|[from] move: Knock Off|[of] p2a: Meowscarada
|move|p1a: Scovillain|Flamethrower|p2a: Meowscarada
|-damage|p2a: Meowscarada|0 fnt
|faint|p2a: Meowscarada
|
|win|AEFAA2
|raw|AEFAA2's rating: 1108 &rarr; <strong>1132</strong><br />(+24 for winning)
|raw|thelight3436's rating: 1094 &rarr; <strong>1071</strong><br />(-23 for losing)
|l|☆thelight3436
|player|p2|
