|j|☆DrDuck2004
|j|☆Scaloppina97
|t:|1760432052
|gametype|singles
|player|p1|DrDuck2004|riley|1146
|player|p2|Scaloppina97|fisherman-gen4|1119
|gen|9
|tier|[Gen 9] OU
|rated|
|rule|HP Percentage Mod: HP is shown in percentages
|rule|Endless Battle Clause: Forcing endless battles is banned
|rule|Species Clause: Limit one of each Pokémon
|rule|OHKO Clause: OHKO moves are banned
|rule|Evasion Items Clause: Evasion items are banned
|rule|Evasion Moves Clause: Evasion moves are banned
|rule|Evasion Abilities Clause: Evasion abilities are banned
|rule|Sleep Moves Clause: Sleep-inducing moves are banned
|clearpoke
|poke|p1|Gliscor, M|
|poke|p1|Chandelure, F|
|poke|p1|Flamigo, F|
|poke|p1|Arcanine-Hisui, M|
|poke|p1|Quaquaval, M|
|poke|p1|Slowking-Galar, M|
|poke|p2|Gliscor, M|
|poke|p2|Clefable, F|
|poke|p2|Dondozo, F|
|poke|p2|Blissey, F|
|poke|p2|Clodsire, M|
|poke|p2|Corviknight, F|
|teampreview
|
|t:|1760432064
|teamsize|p1|6
|teamsize|p2|6
|start
|switch|p1a: Chandelure|Chandelure, F|100/100
|switch|p2a: Gliscor|Gliscor, M|100/100
|turn|1
|
|t:|1760432073
|move|p1a: Chandelure|Overheat|p2a: Gliscor
|-damage|p2a: Gliscor|0 fnt
|-unboost|p1a: Chandelure|spa|2
|faint|p2a: Gliscor
|
|upkeep
|
|t:|1760432081
|switch|p2a: Thiccey|Blissey, F|100/100
|turn|2
|
|t:|1760432084
|switch|p1a: Slowking|Slowking-Galar, M|100/100
|move|p2a: Thiccey|Shadow Ball|p1a: Slowking
|-supereffective|p1a: Slowking
|-damage|p1a: Slowking|84/100
|
|upkeep
|turn|3
|
|t:|1760432096
|move|p2a: Thiccey|Shadow Ball|p1a: Slowking
|-supereffective|p1a: Slowking
|-damage|p1a: Slowking|68/100
|-prepare|p1a: Slowking|Chilly Reception|[premajor]
|move|p1a: Slowking|Chilly Reception|p1a: Slowking
|-weather|Snowscape
|
|t:|1760432101
|switch|p1a: Flamigo|Flamigo, F|100/100|[from] Chilly Reception
|
|-weather|Snowscape|[upkeep]
|upkeep
|turn|4
|
|t:|1760432113
|switch|p2a: Bozo|Dondozo, F|100/100
|move|p1a: Flamigo|Swords Dance|p1a: Flamigo
|-boost|p1a: Flamigo|atk|2
|
|-weather|Snowscape|[upkeep]
|upkeep
|turn|5
|
|t:|1760432145
|switch|p1a: Quaquaval|Quaquaval, M|100/100
|move|p2a: Bozo|Waterfall|p1a: Quaquaval
|-resisted|p1a: Quaquaval
|-damage|p1a: Quaquaval|87/100
|
|-weather|Snowscape|[upkeep]
|upkeep
|turn|6
|
|t:|1760432158
|switch|p2a: Big Chungus|Clefable, F|100/100
|move|p1a: Quaquaval|Knock Off|p2a: Big Chungus
|-resisted|p2a: Big Chungus
|-damage|p2a: Big Chungus|89/100
|-enditem|p2a: Big Chungus|Leftovers|[from] move: Knock Off|[of] p1a: Quaquaval
|
|-weather|Snowscape|[upkeep]
|upkeep
|turn|7
|
|t:|1760432165
|switch|p1a: Chandelure|Chandelure, F|100/100
|move|p2a: Big Chungus|Stealth Rock|p1a: Chandelure
|-sidestart|p1: DrDuck2004|move: Stealth Rock
|
|-weather|none
|upkeep
|turn|8
|
|t:|1760432178
|switch|p2a: Thiccey|Blissey, F|100/100
|move|p1a: Chandelure|Overheat|p2a: Thiccey
|-damage|p2a: Thiccey|69/100
|-unboost|p1a: Chandelure|spa|2
|
|upkeep
|turn|9
|
|t:|1760432187
|switch|p1a: Quaquaval|Quaquaval, M|87/100
|move|p2a: Thiccey|Soft-Boiled|p2a: Thiccey
|-heal|p2a: Thiccey|100/100
|
|upkeep
|turn|10
|
|t:|1760432193
|switch|p2a: Big Chungus|Clefable, F|89/100
|move|p1a: Quaquaval|Rapid Spin|p2a: Big Chungus
|-damage|p2a: Big Chungus|76/100
|-boost|p1a: Quaquaval|spe|1
|-sideend|p1: DrDuck2004|Stealth Rock|[from] move: Rapid Spin|[of] p1a: Quaquaval
|
|upkeep
|turn|11
|
|t:|1760432211
|move|p1a: Quaquaval|Aqua Step|p2a: Big Chungus
|-damage|p2a: Big Chungus|48/100
|-boost|p1a: Quaquaval|spe|1
|move|p2a: Big Chungus|Moonblast|p1a: Quaquaval
|-supereffective|p1a: Quaquaval
|-damage|p1a: Quaquaval|0 fnt
|faint|p1a: Quaquaval
|
|upkeep
|
|t:|1760432217
|switch|p1a: Chandelure|Chandelure, F|100/100
|turn|12
|
|t:|1760432221
|switch|p2a: Thiccey|Blissey, F|100/100
|move|p1a: Chandelure|Trick|p2a: Thiccey
|-activate|p1a: Chandelure|move: Trick|[of] p2a: Thiccey
|-item|p2a: Thiccey|Choice Specs|[from] move: Trick
|-item|p1a: Chandelure|Heavy-Duty Boots|[from] move: Trick
|
|upkeep
|turn|13
|
|t:|1760432232
|switch|p1a: Arcanine|Arcanine-Hisui, M|100/100
|move|p2a: Thiccey|Shadow Ball|p1a: Arcanine
|-damage|p1a: Arcanine|72/100
|
|upkeep
|turn|14
|
|t:|1760432240
|switch|p2a: Bozo|Dondozo, F|100/100
|move|p1a: Arcanine|Head Smash|p2a: Bozo
|-damage|p2a: Bozo|55/100
|
|upkeep
|turn|15
|
|t:|1760432268
|switch|p1a: Slowking|Slowking-Galar, M|100/100
|move|p2a: Bozo|Rest|p2a: Bozo
|-status|p2a: Bozo|slp|[from] move: Rest
|-heal|p2a: Bozo|100/100 slp|[silent]
|
|upkeep
|turn|16
|
|t:|1760432295
|switch|p2a: Thiccey|Blissey, F|100/100
|move|p1a: Slowking|Future Sight|p2a: Thiccey
|-start|p1a: Slowking|move: Future Sight
|
|upkeep
|turn|17
|
|t:|1760432301
|move|p2a: Thiccey|Calm Mind|p2a: Thiccey
|-boost|p2a: Thiccey|spa|1
|-boost|p2a: Thiccey|spd|1
|-prepare|p1a: Slowking|Chilly Reception|[premajor]
|move|p1a: Slowking|Chilly Reception|p1a: Slowking
|-weather|Snowscape
|
|t:|1760432307
|switch|p1a: Arcanine|Arcanine-Hisui, M|72/100|[from] Chilly Reception
|
|-weather|Snowscape|[upkeep]
|upkeep
|turn|18
|
|t:|1760432319
|switch|p2a: Corviknight|Corviknight, F|100/100
|-ability|p2a: Corviknight|Pressure
|move|p1a: Arcanine|Close Combat|p2a: Corviknight
|-damage|p2a: Corviknight|64/100
|-unboost|p1a: Arcanine|def|1
|-unboost|p1a: Arcanine|spd|1
|-damage|p1a: Arcanine|56/100|[from] item: Rocky Helmet|[of] p2a: Corviknight
|
|-weather|Snowscape|[upkeep]
|-end|p2a: Corviknight|move: Future Sight
|-resisted|p2a: Corviknight
|-damage|p2a: Corviknight|44/100
|upkeep
|turn|19
|
|t:|1760432336
|switch|p1a: Chandelure|Chandelure, F|100/100
|move|p2a: Corviknight|Roost|p2a: Corviknight
|-heal|p2a: Corviknight|94/100
|-singleturn|p2a: Corviknight|move: Roost
|
|-weather|Snowscape|[upkeep]
|upkeep
|turn|20
|
|t:|1760432344
|switch|p1a: Arcanine|Arcanine-Hisui, M|56/100
|switch|p2a: Thiccey|Blissey, F|100/100
|
|-weather|Snowscape|[upkeep]
|upkeep
|turn|21
|
|t:|1760432353
|switch|p2a: Corviknight|Corviknight, F|94/100
|-ability|p2a: Corviknight|Pressure
|move|p1a: Arcanine|Head Smash|p2a: Corviknight
|-damage|p2a: Corviknight|34/100
|-damage|p1a: Arcanine|39/100|[from] item: Rocky Helmet|[of] p2a: Corviknight
|
|-weather|none
|upkeep
|turn|22
|
|t:|1760432377
|move|p1a: Arcanine|Head Smash|p2a: Corviknight
|-damage|p2a: Corviknight|0 fnt
|-damage|p1a: Arcanine|23/100|[from] item: Rocky Helmet|[of] p2a: Corviknight
|faint|p2a: Corviknight
|
|upkeep
|
|t:|1760432382
|switch|p2a: Bozo|Dondozo, F|100/100 slp
|turn|23
|
|t:|1760432395
|switch|p1a: Slowking|Slowking-Galar, M|100/100
|cant|p2a: Bozo|slp
|move|p2a: Bozo|Sleep Talk|p2a: Bozo
|move|p2a: Bozo|Curse|p2a: Bozo|[from] move: Sleep Talk
|-unboost|p2a: Bozo|spe|1
|-boost|p2a: Bozo|atk|1
|-boost|p2a: Bozo|def|1
|
|upkeep
|turn|24
|
|t:|1760432404
|cant|p2a: Bozo|slp
|move|p2a: Bozo|Sleep Talk|p2a: Bozo
|move|p2a: Bozo|Rest||[from] move: Sleep Talk|[still]
|-fail|p2a: Bozo
|move|p1a: Slowking|Future Sight|p2a: Bozo
|-start|p1a: Slowking|move: Future Sight
|
|upkeep
|turn|25
|
|t:|1760432409
|-curestatus|p2a: Bozo|slp|[msg]
|move|p2a: Bozo|Waterfall|p1a: Slowking
|-damage|p1a: Slowking|58/100
|-prepare|p1a: Slowking|Chilly Reception|[premajor]
|move|p1a: Slowking|Chilly Reception|p1a: Slowking
|-weather|Snowscape
|
|t:|1760432419
|switch|p1a: Chandelure|Chandelure, F|100/100|[from] Chilly Reception
|
|-weather|Snowscape|[upkeep]
|upkeep
|turn|26
|
|t:|1760432436
|switch|p2a: Thiccey|Blissey, F|100/100
|move|p1a: Chandelure|Energy Ball|p2a: Thiccey
|-damage|p2a: Thiccey|89/100
|
|-weather|Snowscape|[upkeep]
|-end|p2a: Thiccey|move: Future Sight
|-damage|p2a: Thiccey|77/100
|upkeep
|turn|27
|
|t:|1760432448
|switch|p1a: Gliscor|Gliscor, M|100/100
|move|p2a: Thiccey|Shadow Ball|p1a: Gliscor
|-damage|p1a: Gliscor|80/100
|
|-weather|Snowscape|[upkeep]
|-status|p1a: Gliscor|tox|[from] item: Toxic Orb
|upkeep
|turn|28
|
|t:|1760432463
|switch|p2a: Bozo|Dondozo, F|100/100
|move|p1a: Gliscor|Spikes|p2a: Bozo
|-sidestart|p2: Scaloppina97|Spikes
|
|-weather|Snowscape|[upkeep]
|-heal|p1a: Gliscor|93/100 tox|[from] ability: Poison Heal
|upkeep
|turn|29
|
|t:|1760432473
|-terastallize|p1a: Gliscor|Water
|move|p1a: Gliscor|Spikes|p2a: Bozo
|-sidestart|p2: Scaloppina97|Spikes
|move|p2a: Bozo|Waterfall|p1a: Gliscor
|-resisted|p1a: Gliscor
|-damage|p1a: Gliscor|83/100 tox
|
|-weather|none
|-heal|p1a: Gliscor|95/100 tox|[from] ability: Poison Heal
|upkeep
|turn|30
|
|t:|1760432483
|move|p1a: Gliscor|Spikes|p2a: Bozo
|-sidestart|p2: Scaloppina97|Spikes
|move|p2a: Bozo|Curse|p2a: Bozo
|-unboost|p2a: Bozo|spe|1
|-boost|p2a: Bozo|atk|1
|-boost|p2a: Bozo|def|1
|
|-heal|p1a: Gliscor|100/100 tox|[from] ability: Poison Heal
|upkeep
|turn|31
|
|t:|1760432490
|move|p1a: Gliscor|Knock Off|p2a: Bozo
|-damage|p2a: Bozo|94/100
|-enditem|p2a: Bozo|Heavy-Duty Boots|[from] move: Knock Off|[of] p1a: Gliscor
|move|p2a: Bozo|Curse|p2a: Bozo
|-unboost|p2a: Bozo|spe|1
|-boost|p2a: Bozo|atk|1
|-boost|p2a: Bozo|def|1
|
|upkeep
|turn|32
|
|t:|1760432497
|switch|p1a: Chandelure|Chandelure, F|100/100
|move|p2a: Bozo|Curse|p2a: Bozo
|-unboost|p2a: Bozo|spe|1
|-boost|p2a: Bozo|atk|1
|-boost|p2a: Bozo|def|1
|
|upkeep
|turn|33
|
|t:|1760432506
|-terastallize|p2a: Bozo|Fighting
|move|p1a: Chandelure|Energy Ball|p2a: Bozo
|-damage|p2a: Bozo|62/100
|-unboost|p2a: Bozo|spd|1
|move|p2a: Bozo|Waterfall|p1a: Chandelure
|-supereffective|p1a: Chandelure
|-damage|p1a: Chandelure|0 fnt
|faint|p1a: Chandelure
|
|upkeep
|
|t:|1760432519
|switch|p1a: Slowking|Slowking-Galar, M|92/100
|turn|34
|
|t:|1760432522
|move|p1a: Slowking|Future Sight|p2a: Bozo
|-start|p1a: Slowking|move: Future Sight
|move|p2a: Bozo|Waterfall|p1a: Slowking
|-damage|p1a: Slowking|18/100
|
|upkeep
|turn|35
|
|t:|1760432529
|switch|p1a: Arcanine|Arcanine-Hisui, M|23/100
|move|p2a: Bozo|Waterfall|p1a: Arcanine
|-supereffective|p1a: Arcanine
|-damage|p1a: Arcanine|0 fnt
|faint|p1a: Arcanine
|
|upkeep
|
|t:|1760432545
|switch|p1a: Flamigo|Flamigo, F|100/100
|turn|36
|
|t:|1760432554
|move|p1a: Flamigo|Swords Dance|p1a: Flamigo
|-boost|p1a: Flamigo|atk|2
|move|p2a: Bozo|Rest|p2a: Bozo
|-status|p2a: Bozo|slp|[from] move: Rest
|-heal|p2a: Bozo|100/100 slp|[silent]
|
|-end|p2a: Bozo|move: Future Sight
|-supereffective|p2a: Bozo
|-damage|p2a: Bozo|0 fnt
|faint|p2a: Bozo
|upkeep
|
|t:|1760432565
|switch|p2a: Big Chungus|Clefable, F|48/100
|turn|37
|
|t:|1760432574
|move|p1a: Flamigo|Close Combat|p2a: Big Chungus
|-resisted|p2a: Big Chungus
|-crit|p2a: Big Chungus
|-damage|p2a: Big Chungus|0 fnt
|-unboost|p1a: Flamigo|def|1
|-unboost|p1a: Flamigo|spd|1
|faint|p2a: Big Chungus
|-enditem|p1a: Flamigo|White Herb
|-clearnegativeboost|p1a: Flamigo|[silent]
|
|upkeep
|
|t:|1760432582
|switch|p2a: Slug|Clodsire, M|100/100
|turn|38
|
|t:|1760432592
|move|p1a: Flamigo|Acrobatics|p2a: Slug
|-damage|p2a: Slug|40/100
|move|p2a: Slug|Earthquake|p1a: Flamigo
|-immune|p1a: Flamigo
|
|upkeep
|turn|39
|
|t:|1760432609
|move|p1a: Flamigo|Acrobatics|p2a: Slug
|-damage|p2a: Slug|0 fnt
|faint|p2a: Slug
|
|upkeep
|
|t:|1760432613
|switch|p2a: Thiccey|Blissey, F|77/100
|-damage|p2a: Thiccey|52/100|[from] Spikes
|turn|40
|
|t:|1760432619
|move|p1a: Flamigo|Close Combat|p2a: Thiccey
|-supereffective|p2a: Thiccey
|-damage|p2a: Thiccey|0 fnt
|-unboost|p1a: Flamigo|def|1
|-unboost|p1a: Flamigo|spd|1
|faint|p2a: Thiccey
|
|win|DrDuck2004
|raw|DrDuck2004's rating: 1146 &rarr; <strong>1169</strong><br />(+23 for winning)
|raw|Scaloppina97's rating: 1119 &rarr; <strong>1096</strong><br />(-23 for losing)
|l|☆DrDuck2004
|player|p1|
|l|☆Scaloppina97
|player|p2|
