|j|☆Inizia
|j|☆RockAndCoal
|t:|1760336413
|gametype|singles
|player|p1|Inizia|flannery|1163
|player|p2|RockAndCoal|biker-gen4|1079
|gen|9
|tier|[Gen 9] OU
|rated|
|rule|HP Percentage Mod: HP is shown in percentages
|rule|Endless Battle Clause: Forcing endless battles is banned
|rule|Species Clause: Limit one of each Pokémon
|rule|OHKO Clause: OHKO moves are banned
|rule|Evasion Items Clause: Evasion items are banned
|rule|Evasion Moves Clause: Evasion moves are banned
|rule|Evasion Abilities Clause: Evasion abilities are banned
|rule|Sleep Moves Clause: Sleep-inducing moves are banned
|clearpoke
|poke|p1|Ribombee, M|
|poke|p1|Cinderace, M|
|poke|p1|Serperior, M|
|poke|p1|Dragapult, M|
|poke|p1|Bisharp, M|
|poke|p1|Mimikyu, M|
|poke|p2|Slowking-Galar, M|
|poke|p2|Great Tusk|
|poke|p2|Arcanine-Hisui, F|
|poke|p2|Corviknight, M|
|poke|p2|Dragapult, M|
|poke|p2|Kingambit, F|
|teampreview
|inactive|Battle timer is ON: inactive players will automatically lose when time's up. (requested by Inizia)
|
|t:|1760336429
|teamsize|p1|6
|teamsize|p2|6
|start
|switch|p1a: Ribombee|Ribombee, M|100/100
|switch|p2a: Great Tusk|Great Tusk|100/100
|turn|1
|
|t:|1760336437
|move|p1a: Ribombee|Moonblast|p2a: Great Tusk
|-supereffective|p2a: Great Tusk
|-damage|p2a: Great Tusk|0 fnt
|faint|p2a: Great Tusk
|-end|p2a: Great Tusk|Protosynthesis|[silent]
|
|upkeep
|
|t:|1760336444
|switch|p2a: Slowking|Slowking-Galar, M|100/100
|turn|2
|
|t:|1760336448
|move|p1a: Ribombee|Sticky Web|p2a: Slowking
|-sidestart|p2: RockAndCoal|move: Sticky Web
|move|p2a: Slowking|Future Sight|p1a: Ribombee
|-start|p2a: Slowking|move: Future Sight
|
|upkeep
|turn|3
|
|t:|1760336455
|move|p1a: Ribombee|Psychic Noise|p2a: Slowking
|-damage|p2a: Slowking|88/100
|-start|p2a: Slowking|move: Heal Block
|-prepare|p2a: Slowking|Chilly Reception|[premajor]
|move|p2a: Slowking|Chilly Reception|p2a: Slowking
|-weather|Snowscape
|
|t:|1760336465
|switch|p2a: Arcanine|Arcanine-Hisui, F|100/100|[from] Chilly Reception
|-activate|p2a: Arcanine|move: Sticky Web
|-unboost|p2a: Arcanine|spe|1
|
|-weather|Snowscape|[upkeep]
|upkeep
|turn|4
|
|t:|1760336473
|move|p1a: Ribombee|Tailwind|p1a: Ribombee
|-sidestart|p1: Inizia|move: Tailwind
|move|p2a: Arcanine|Head Smash|p1a: Ribombee
|-supereffective|p1a: Ribombee
|-enditem|p1a: Ribombee|Focus Sash
|-damage|p1a: Ribombee|1/100
|
|-weather|Snowscape|[upkeep]
|-end|p1a: Ribombee|move: Future Sight
|-damage|p1a: Ribombee|0 fnt
|faint|p1a: Ribombee
|upkeep
|
|t:|1760336479
|switch|p1a: Dragapult|Dragapult, M|100/100
|turn|5
|
|t:|1760336487
|switch|p2a: Slowking|Slowking-Galar, M|100/100
|move|p1a: Dragapult|Surf|p2a: Slowking
|-damage|p2a: Slowking|80/100
|-damage|p1a: Dragapult|91/100|[from] item: Life Orb
|
|-weather|Snowscape|[upkeep]
|upkeep
|turn|6
|
|t:|1760336496
|move|p1a: Dragapult|Dragon Darts|p2a: Slowking
|-damage|p2a: Slowking|52/100
|-anim|p1a: Dragapult|Dragon Darts|p2a: Slowking
|-damage|p2a: Slowking|23/100
|-damage|p1a: Dragapult|81/100|[from] item: Life Orb
|move|p2a: Slowking|Ice Beam|p1a: Dragapult
|-supereffective|p1a: Dragapult
|-damage|p1a: Dragapult|17/100
|
|-weather|Snowscape|[upkeep]
|upkeep
|turn|7
|
|t:|1760336507
|switch|p2a: Corviknight|Corviknight, M|100/100
|-ability|p2a: Corviknight|Pressure
|move|p1a: Dragapult|Dragon Darts|p2a: Corviknight
|-resisted|p2a: Corviknight
|-damage|p2a: Corviknight|93/100
|-anim|p1a: Dragapult|Dragon Darts|p2a: Corviknight
|-resisted|p2a: Corviknight
|-damage|p2a: Corviknight|85/100
|-damage|p1a: Dragapult|7/100|[from] item: Life Orb
|
|-weather|none
|-sideend|p1: Inizia|move: Tailwind
|upkeep
|turn|8
|
|t:|1760336521
|move|p1a: Dragapult|Thunderbolt|p2a: Corviknight
|-supereffective|p2a: Corviknight
|-damage|p2a: Corviknight|13/100
|-damage|p1a: Dragapult|0 fnt|[from] item: Life Orb
|faint|p1a: Dragapult
|move|p2a: Corviknight|Brave Bird|p1: Dragapult|[notarget]
|-fail|p2a: Corviknight
|
|upkeep
|
|t:|1760336529
|switch|p1a: Cinderace|Cinderace, M|100/100
|turn|9
|
|t:|1760336538
|move|p1a: Cinderace|Court Change|p1a: Cinderace
|-swapsideconditions
|-activate|p1a: Cinderace|move: Court Change
|move|p2a: Corviknight|Roost|p2a: Corviknight
|-heal|p2a: Corviknight|63/100
|-singleturn|p2a: Corviknight|move: Roost
|
|upkeep
|turn|10
|
|t:|1760336549
|move|p1a: Cinderace|Pyro Ball|p2a: Corviknight
|-supereffective|p2a: Corviknight
|-damage|p2a: Corviknight|0 fnt
|faint|p2a: Corviknight
|
|upkeep
|
|t:|1760336554
|switch|p2a: Arcanine|Arcanine-Hisui, F|100/100
|turn|11
|
|t:|1760336566
|move|p1a: Cinderace|U-turn|p2a: Arcanine
|-resisted|p2a: Arcanine
|-damage|p2a: Arcanine|87/100
|
|t:|1760336569
|switch|p1a: Mimikyu|Mimikyu, M|100/100|[from] U-turn
|-activate|p1a: Mimikyu|move: Sticky Web
|-unboost|p1a: Mimikyu|spe|1
|move|p2a: Arcanine|Head Smash|p1a: Mimikyu
|-activate|p1a: Mimikyu|ability: Disguise
|-damage|p1a: Mimikyu|100/100
|detailschange|p1a: Mimikyu|Mimikyu-Busted, M
|-damage|p1a: Mimikyu|88/100|[from] pokemon: Mimikyu-Busted
|-enditem|p1a: Mimikyu|Red Card|[of] p2a: Arcanine
|drag|p2a: Dragapult|Dragapult, M|100/100
|
|upkeep
|turn|12
|
|t:|1760336583
|move|p2a: Dragapult|Shadow Ball|p1a: Mimikyu
|-supereffective|p1a: Mimikyu
|-damage|p1a: Mimikyu|0 fnt
|faint|p1a: Mimikyu
|
|upkeep
|
|t:|1760336588
|switch|p1a: Bisharp|Bisharp, M|100/100
|-activate|p1a: Bisharp|move: Sticky Web
|-unboost|p1a: Bisharp|spe|1
|-ability|p1a: Bisharp|Defiant|boost
|-boost|p1a: Bisharp|atk|2
|turn|13
|
|t:|1760336614
|move|p2a: Dragapult|Shadow Ball|p1a: Bisharp
|-resisted|p1a: Bisharp
|-damage|p1a: Bisharp|75/100
|move|p1a: Bisharp|Throat Chop|p2a: Dragapult
|-supereffective|p2a: Dragapult
|-damage|p2a: Dragapult|0 fnt
|faint|p2a: Dragapult
|
|upkeep
|
|t:|1760336623
|switch|p2a: Arcanine|Arcanine-Hisui, F|87/100
|turn|14
|
|t:|1760336629
|-terastallize|p2a: Arcanine|Rock
|move|p1a: Bisharp|Sucker Punch|p2a: Arcanine
|-damage|p2a: Arcanine|0 fnt
|faint|p2a: Arcanine
|
|upkeep
|
|t:|1760336635
|switch|p2a: Kingambit|Kingambit, F|100/100
|-activate|p2a: Kingambit|ability: Supreme Overlord
|-start|p2a: Kingambit|fallen4|[silent]
|turn|15
|
|t:|1760336643
|move|p2a: Kingambit|Iron Head|p1a: Bisharp
|-resisted|p1a: Bisharp
|-damage|p1a: Bisharp|50/100
|move|p1a: Bisharp|Swords Dance|p1a: Bisharp
|-boost|p1a: Bisharp|atk|2
|
|upkeep
|turn|16
|
|t:|1760336651
|move|p1a: Bisharp|Sucker Punch|p2a: Kingambit
|-resisted|p2a: Kingambit
|-damage|p2a: Kingambit|57/100
|move|p2a: Kingambit|Iron Head|p1a: Bisharp
|-resisted|p1a: Bisharp
|-crit|p1a: Bisharp
|-damage|p1a: Bisharp|13/100
|
|-heal|p2a: Kingambit|63/100|[from] item: Leftovers
|upkeep
|turn|17
|
|t:|1760336661
|move|p2a: Kingambit|Kowtow Cleave|p1a: Bisharp
|-resisted|p1a: Bisharp
|-damage|p1a: Bisharp|0 fnt
|faint|p1a: Bisharp
|
|-heal|p2a: Kingambit|69/100|[from] item: Leftovers
|upkeep
|
|t:|1760336665
|switch|p1a: Serperior|Serperior, M|100/100
|-activate|p1a: Serperior|move: Sticky Web
|-boost|p1a: Serperior|spe|1
|turn|18
|
|t:|1760336675
|-end|p2a: Kingambit|fallen4|[silent]
|switch|p2a: Slowking|Slowking-Galar, M|56/100
|move|p1a: Serperior|Leaf Storm|p2a: Slowking
|-resisted|p2a: Slowking
|-damage|p2a: Slowking|42/100
|-boost|p1a: Serperior|spa|2
|
|upkeep
|turn|19
|
|t:|1760336683
|move|p1a: Serperior|Substitute|p1a: Serperior
|-start|p1a: Serperior|Substitute
|-damage|p1a: Serperior|76/100
|move|p2a: Slowking|Sludge Bomb|p1a: Serperior
|-supereffective|p1a: Serperior
|-end|p1a: Serperior|Substitute
|
|-heal|p1a: Serperior|82/100|[from] item: Leftovers
|upkeep
|turn|20
|
|t:|1760336701
|-terastallize|p1a: Serperior|Fire
|move|p1a: Serperior|Tera Blast|p2a: Slowking|[anim] Tera Blast Fire
|-damage|p2a: Slowking|6/100
|move|p2a: Slowking|Sludge Bomb|p1a: Serperior
|-damage|p1a: Serperior|42/100
|-status|p1a: Serperior|psn
|
|-heal|p1a: Serperior|48/100 psn|[from] item: Leftovers
|-damage|p1a: Serperior|36/100 psn|[from] psn
|upkeep
|turn|21
|
|t:|1760336715
|move|p1a: Serperior|Leaf Storm|p2a: Slowking
|-resisted|p2a: Slowking
|-damage|p2a: Slowking|0 fnt
|-boost|p1a: Serperior|spa|2
|faint|p2a: Slowking
|
|-heal|p1a: Serperior|42/100 psn|[from] item: Leftovers
|-damage|p1a: Serperior|29/100 psn|[from] psn
|upkeep
|
|t:|1760336724
|switch|p2a: Kingambit|Kingambit, F|69/100
|-activate|p2a: Kingambit|ability: Supreme Overlord
|-start|p2a: Kingambit|fallen5|[silent]
|turn|22
|
|t:|1760336730
|move|p1a: Serperior|Substitute|p1a: Serperior
|-start|p1a: Serperior|Substitute
|-damage|p1a: Serperior|5/100 psn
|move|p2a: Kingambit|Kowtow Cleave|p1a: Serperior
|-end|p1a: Serperior|Substitute
|
|-heal|p1a: Serperior|11/100 psn|[from] item: Leftovers
|-heal|p2a: Kingambit|75/100|[from] item: Leftovers
|-damage|p1a: Serperior|0 fnt|[from] psn
|faint|p1a: Serperior
|upkeep
|c|☆RockAndCoal|We flip that coin
|
|t:|1760336741
|switch|p1a: Cinderace|Cinderace, M|100/100
|turn|23
|
|t:|1760336747
|move|p2a: Kingambit|Sucker Punch|p1a: Cinderace
|-damage|p1a: Cinderace|4/100
|move|p1a: Cinderace|Pyro Ball|p2a: Kingambit
|-supereffective|p2a: Kingambit
|-damage|p2a: Kingambit|0 fnt
|faint|p2a: Kingambit
|-end|p2a: Kingambit|fallen5|[silent]
|
|win|Inizia
|raw|Inizia's rating: 1163 &rarr; <strong>1182</strong><br />(+19 for winning)
|raw|RockAndCoal's rating: 1079 &rarr; <strong>1062</strong><br />(-17 for losing)
|c|☆RockAndCoal|Haha ggwp
|c|☆Inizia|Gg xd
|l|☆RockAndCoal
|player|p2|
|l|☆Inizia
|player|p1|
