|j|☆Vyntrius
|j|☆kurono22
|t:|1760324786
|gametype|singles
|player|p1|Vyntrius|acetrainer-gen4|1105
|player|p2|kurono22|giovanni|1108
|gen|9
|tier|[Gen 9] OU
|rated|
|rule|HP Percentage Mod: HP is shown in percentages
|rule|Endless Battle Clause: Forcing endless battles is banned
|rule|Species Clause: Limit one of each Pokémon
|rule|OHKO Clause: OHKO moves are banned
|rule|Evasion Items Clause: Evasion items are banned
|rule|Evasion Moves Clause: Evasion moves are banned
|rule|Evasion Abilities Clause: Evasion abilities are banned
|rule|Sleep Moves Clause: Sleep-inducing moves are banned
|clearpoke
|poke|p1|Samurott-Hisui, M|
|poke|p1|Iron Valiant|
|poke|p1|Heatran, M|
|poke|p1|Landorus-Therian, M|
|poke|p1|Raging Bolt|
|poke|p1|Pecharunt|
|poke|p2|Garganacl, M|
|poke|p2|Gyarados, F|
|poke|p2|Sandy Shocks|
|poke|p2|Haxorus, M|
|poke|p2|Arcanine-Hisui, M|
|poke|p2|Moltres-Galar|
|teampreview
|
|t:|1760324805
|teamsize|p1|6
|teamsize|p2|6
|start
|switch|p1a: Samurott|Samurott-Hisui, M|100/100
|switch|p2a: Gyarados|Gyarados, F, shiny|100/100
|-ability|p2a: Gyarados|Intimidate|boost
|-unboost|p1a: Samurott|atk|1
|turn|1
|
|t:|1760324824
|move|p1a: Samurott|Ceaseless Edge|p2a: Gyarados
|-damage|p2a: Gyarados|60/100
|-sidestart|p2: kurono22|Spikes
|move|p2a: Gyarados|Dragon Tail|p1a: Samurott
|-damage|p1a: Samurott|75/100
|drag|p1a: Heatran|Heatran, M|100/100
|-item|p1a: Heatran|Air Balloon
|
|upkeep
|turn|2
|
|t:|1760324869
|switch|p1a: Samurott|Samurott-Hisui, M|75/100
|move|p2a: Gyarados|Ice Fang|p1a: Samurott
|-resisted|p1a: Samurott
|-damage|p1a: Samurott|61/100
|
|upkeep
|turn|3
|
|t:|1760324888
|move|p1a: Samurott|Ceaseless Edge|p2a: Gyarados
|-damage|p2a: Gyarados|1/100
|-sidestart|p2: kurono22|Spikes
|move|p2a: Gyarados|Dragon Tail|p1a: Samurott
|-damage|p1a: Samurott|33/100
|drag|p1a: Iron Valiant|Iron Valiant|100/100
|-enditem|p1a: Iron Valiant|Booster Energy
|-activate|p1a: Iron Valiant|ability: Quark Drive|[fromitem]
|-start|p1a: Iron Valiant|quarkdrivespe
|
|upkeep
|turn|4
|
|t:|1760324906
|move|p1a: Iron Valiant|Calm Mind|p1a: Iron Valiant
|-boost|p1a: Iron Valiant|spa|1
|-boost|p1a: Iron Valiant|spd|1
|move|p2a: Gyarados|Waterfall|p1a: Iron Valiant
|-damage|p1a: Iron Valiant|49/100
|
|upkeep
|turn|5
|
|t:|1760324923
|move|p1a: Iron Valiant|Moonblast|p2a: Gyarados
|-damage|p2a: Gyarados|0 fnt
|faint|p2a: Gyarados
|
|upkeep
|
|t:|1760324926
|switch|p2a: Arcanine|Arcanine-Hisui, M|100/100
|-damage|p2a: Arcanine|84/100|[from] Spikes
|turn|6
|
|t:|1760324942
|switch|p2a: Moltres|Moltres-Galar, shiny|100/100
|move|p1a: Iron Valiant|Aura Sphere|p2a: Moltres
|-damage|p2a: Moltres|51/100
|
|upkeep
|turn|7
|
|t:|1760324969
|-terastallize|p2a: Moltres|Steel
|move|p1a: Iron Valiant|Moonblast|p2a: Moltres
|-resisted|p2a: Moltres
|-damage|p2a: Moltres|18/100
|-ability|p2a: Moltres|Berserk|boost
|-boost|p2a: Moltres|spa|1
|-enditem|p2a: Moltres|Sitrus Berry|[eat]
|-heal|p2a: Moltres|43/100|[from] item: Sitrus Berry
|move|p2a: Moltres|Agility|p2a: Moltres
|-boost|p2a: Moltres|spe|2
|
|upkeep
|turn|8
|
|t:|1760324999
|move|p2a: Moltres|Air Slash|p1a: Iron Valiant
|-supereffective|p1a: Iron Valiant
|-damage|p1a: Iron Valiant|0 fnt
|faint|p1a: Iron Valiant
|-end|p1a: Iron Valiant|Quark Drive|[silent]
|
|upkeep
|
|t:|1760325044
|switch|p1a: Heatran|Heatran, M|100/100
|-item|p1a: Heatran|Air Balloon
|turn|9
|
|t:|1760325063
|move|p2a: Moltres|Fiery Wrath|p1a: Heatran
|-damage|p1a: Heatran|37/100
|-enditem|p1a: Heatran|Air Balloon
|move|p1a: Heatran|Flamethrower|p2a: Moltres
|-supereffective|p2a: Moltres
|-damage|p2a: Moltres|0 fnt
|faint|p2a: Moltres
|
|upkeep
|
|t:|1760325071
|switch|p2a: Sandy Shocks|Sandy Shocks|100/100
|-damage|p2a: Sandy Shocks|84/100|[from] Spikes
|turn|10
|
|t:|1760325095
|switch|p1a: Landorus|Landorus-Therian, M|100/100
|-ability|p1a: Landorus|Intimidate|boost
|-unboost|p2a: Sandy Shocks|atk|1
|move|p2a: Sandy Shocks|Tera Blast|p1a: Landorus
|-damage|p1a: Landorus|49/100
|
|upkeep
|turn|11
|
|t:|1760325111
|move|p1a: Landorus|Earthquake|p2a: Sandy Shocks
|-supereffective|p2a: Sandy Shocks
|-damage|p2a: Sandy Shocks|0 fnt
|faint|p2a: Sandy Shocks
|-end|p2a: Sandy Shocks|Protosynthesis|[silent]
|
|upkeep
|
|t:|1760325120
|switch|p2a: Arcanine|Arcanine-Hisui, M|84/100
|-damage|p2a: Arcanine|67/100|[from] Spikes
|turn|12
|
|t:|1760325162
|move|p1a: Landorus|Earthquake|p2a: Arcanine
|-supereffective|p2a: Arcanine
|-damage|p2a: Arcanine|0 fnt
|faint|p2a: Arcanine
|
|upkeep
|
|t:|1760325165
|switch|p2a: Haxorus|Haxorus, M, shiny|100/100
|-damage|p2a: Haxorus|84/100|[from] Spikes
|turn|13
|
|t:|1760325173
|move|p1a: Landorus|Earthquake|p2a: Haxorus
|-damage|p2a: Haxorus|8/100
|move|p2a: Haxorus|Dragon Claw|p1a: Landorus
|-damage|p1a: Landorus|0 fnt
|faint|p1a: Landorus
|
|upkeep
|
|t:|1760325200
|switch|p1a: Pecharunt|Pecharunt|100/100
|turn|14
|
|t:|1760325205
|move|p2a: Haxorus|Iron Head|p1a: Pecharunt
|-damage|p1a: Pecharunt|84/100
|cant|p1a: Pecharunt|flinch
|
|-heal|p1a: Pecharunt|90/100|[from] item: Black Sludge
|upkeep
|turn|15
|
|t:|1760325212
|move|p2a: Haxorus|Iron Head|p1a: Pecharunt
|-damage|p1a: Pecharunt|72/100
|cant|p1a: Pecharunt|flinch
|
|-heal|p1a: Pecharunt|78/100|[from] item: Black Sludge
|upkeep
|turn|16
|
|t:|1760325218
|move|p2a: Haxorus|Iron Head|p1a: Pecharunt
|-crit|p1a: Pecharunt
|-damage|p1a: Pecharunt|55/100
|cant|p1a: Pecharunt|flinch
|
|-heal|p1a: Pecharunt|61/100|[from] item: Black Sludge
|upkeep
|turn|17
|
|t:|1760325228
|move|p2a: Haxorus|Iron Head|p1a: Pecharunt
|-damage|p1a: Pecharunt|45/100
|cant|p1a: Pecharunt|flinch
|
|-heal|p1a: Pecharunt|51/100|[from] item: Black Sludge
|upkeep
|turn|18
|c|☆kurono22|No way jkasjaksjaks
|
|t:|1760325245
|move|p2a: Haxorus|Iron Head|p1a: Pecharunt
|-damage|p1a: Pecharunt|35/100
|move|p1a: Pecharunt|Malignant Chain|p2a: Haxorus
|-damage|p2a: Haxorus|0 fnt
|faint|p2a: Haxorus
|
|-heal|p1a: Pecharunt|41/100|[from] item: Black Sludge
|upkeep
|
|t:|1760325255
|switch|p2a: Garganacl|Garganacl, M|100/100
|-damage|p2a: Garganacl|84/100|[from] Spikes
|turn|19
|
|t:|1760325267
|move|p1a: Pecharunt|Recover|p1a: Pecharunt
|-heal|p1a: Pecharunt|91/100
|move|p2a: Garganacl|Salt Cure|p1a: Pecharunt
|-damage|p1a: Pecharunt|83/100
|-start|p1a: Pecharunt|Salt Cure
|
|-heal|p1a: Pecharunt|89/100|[from] item: Black Sludge
|-heal|p2a: Garganacl|90/100|[from] item: Leftovers
|-damage|p1a: Pecharunt|77/100|[from] Salt Cure
|upkeep
|turn|20
|
|t:|1760325277
|move|p2a: Garganacl|Protect|p2a: Garganacl
|-singleturn|p2a: Garganacl|Protect
|move|p1a: Pecharunt|Malignant Chain|p2a: Garganacl
|-activate|p2a: Garganacl|move: Protect
|
|-heal|p1a: Pecharunt|83/100|[from] item: Black Sludge
|-heal|p2a: Garganacl|96/100|[from] item: Leftovers
|-damage|p1a: Pecharunt|71/100|[from] Salt Cure
|upkeep
|turn|21
|
|t:|1760325289
|move|p1a: Pecharunt|Malignant Chain|p2a: Garganacl
|-resisted|p2a: Garganacl
|-damage|p2a: Garganacl|83/100
|move|p2a: Garganacl|Heavy Slam|p1a: Pecharunt
|-damage|p1a: Pecharunt|54/100
|
|-heal|p1a: Pecharunt|60/100|[from] item: Black Sludge
|-heal|p2a: Garganacl|89/100|[from] item: Leftovers
|-damage|p1a: Pecharunt|48/100|[from] Salt Cure
|upkeep
|turn|22
|
|t:|1760325313
|move|p1a: Pecharunt|Malignant Chain|p2a: Garganacl
|-resisted|p2a: Garganacl
|-damage|p2a: Garganacl|75/100
|move|p2a: Garganacl|Heavy Slam|p1a: Pecharunt
|-damage|p1a: Pecharunt|32/100
|
|-heal|p1a: Pecharunt|38/100|[from] item: Black Sludge
|-heal|p2a: Garganacl|81/100|[from] item: Leftovers
|-damage|p1a: Pecharunt|26/100|[from] Salt Cure
|upkeep
|turn|23
|
|t:|1760325325
|move|p2a: Garganacl|Protect|p2a: Garganacl
|-singleturn|p2a: Garganacl|Protect
|move|p1a: Pecharunt|Malignant Chain|p2a: Garganacl
|-activate|p2a: Garganacl|move: Protect
|
|-heal|p1a: Pecharunt|32/100|[from] item: Black Sludge
|-heal|p2a: Garganacl|87/100|[from] item: Leftovers
|-damage|p1a: Pecharunt|20/100|[from] Salt Cure
|upkeep
|turn|24
|
|t:|1760325334
|move|p1a: Pecharunt|Malignant Chain|p2a: Garganacl
|-resisted|p2a: Garganacl
|-damage|p2a: Garganacl|72/100
|move|p2a: Garganacl|Salt Cure|p1a: Pecharunt
|-damage|p1a: Pecharunt|12/100
|
|-heal|p1a: Pecharunt|18/100|[from] item: Black Sludge
|-heal|p2a: Garganacl|78/100|[from] item: Leftovers
|-damage|p1a: Pecharunt|5/100|[from] Salt Cure
|upkeep
|turn|25
|
|t:|1760325376
|move|p1a: Pecharunt|Recover|p1a: Pecharunt
|-heal|p1a: Pecharunt|55/100
|move|p2a: Garganacl|Salt Cure|p1a: Pecharunt
|-damage|p1a: Pecharunt|47/100
|
|-heal|p1a: Pecharunt|53/100|[from] item: Black Sludge
|-heal|p2a: Garganacl|85/100|[from] item: Leftovers
|-damage|p1a: Pecharunt|41/100|[from] Salt Cure
|upkeep
|turn|26
|
|t:|1760325385
|move|p1a: Pecharunt|Recover|p1a: Pecharunt
|-heal|p1a: Pecharunt|91/100
|move|p2a: Garganacl|Heavy Slam|p1a: Pecharunt
|-damage|p1a: Pecharunt|76/100
|
|-heal|p1a: Pecharunt|82/100|[from] item: Black Sludge
|-heal|p2a: Garganacl|91/100|[from] item: Leftovers
|-damage|p1a: Pecharunt|70/100|[from] Salt Cure
|upkeep
|turn|27
|
|t:|1760325395
|move|p1a: Pecharunt|Hex|p2a: Garganacl
|-damage|p2a: Garganacl|82/100
|move|p2a: Garganacl|Heavy Slam|p1a: Pecharunt
|-damage|p1a: Pecharunt|56/100
|
|-heal|p1a: Pecharunt|62/100|[from] item: Black Sludge
|-heal|p2a: Garganacl|88/100|[from] item: Leftovers
|-damage|p1a: Pecharunt|49/100|[from] Salt Cure
|upkeep
|turn|28
|
|t:|1760325409
|move|p1a: Pecharunt|Recover|p1a: Pecharunt
|-heal|p1a: Pecharunt|99/100
|move|p2a: Garganacl|Heavy Slam|p1a: Pecharunt
|-damage|p1a: Pecharunt|84/100
|
|-heal|p1a: Pecharunt|90/100|[from] item: Black Sludge
|-heal|p2a: Garganacl|94/100|[from] item: Leftovers
|-damage|p1a: Pecharunt|78/100|[from] Salt Cure
|upkeep
|turn|29
|
|t:|1760325417
|move|p1a: Pecharunt|Malignant Chain|p2a: Garganacl
|-resisted|p2a: Garganacl
|-damage|p2a: Garganacl|80/100
|move|p2a: Garganacl|Heavy Slam|p1a: Pecharunt
|-damage|p1a: Pecharunt|63/100
|
|-heal|p1a: Pecharunt|69/100|[from] item: Black Sludge
|-heal|p2a: Garganacl|86/100|[from] item: Leftovers
|-damage|p1a: Pecharunt|57/100|[from] Salt Cure
|upkeep
|turn|30
|
|t:|1760325428
|move|p1a: Pecharunt|Malignant Chain|p2a: Garganacl
|-resisted|p2a: Garganacl
|-crit|p2a: Garganacl
|-damage|p2a: Garganacl|63/100
|move|p2a: Garganacl|Heavy Slam|p1a: Pecharunt
|-damage|p1a: Pecharunt|43/100
|
|-heal|p1a: Pecharunt|49/100|[from] item: Black Sludge
|-heal|p2a: Garganacl|70/100|[from] item: Leftovers
|-damage|p1a: Pecharunt|36/100|[from] Salt Cure
|upkeep
|turn|31
|
|t:|1760325438
|move|p2a: Garganacl|Protect|p2a: Garganacl
|-singleturn|p2a: Garganacl|Protect
|move|p1a: Pecharunt|Recover|p1a: Pecharunt
|-heal|p1a: Pecharunt|86/100
|
|-heal|p1a: Pecharunt|92/100|[from] item: Black Sludge
|-heal|p2a: Garganacl|76/100|[from] item: Leftovers
|-damage|p1a: Pecharunt|80/100|[from] Salt Cure
|upkeep
|turn|32
|
|t:|1760325457
|move|p1a: Pecharunt|Hex|p2a: Garganacl
|-damage|p2a: Garganacl|66/100
|move|p2a: Garganacl|Heavy Slam|p1a: Pecharunt
|-damage|p1a: Pecharunt|64/100
|
|-heal|p1a: Pecharunt|70/100|[from] item: Black Sludge
|-heal|p2a: Garganacl|72/100|[from] item: Leftovers
|-damage|p1a: Pecharunt|57/100|[from] Salt Cure
|upkeep
|turn|33
|
|t:|1760325466
|move|p1a: Pecharunt|Hex|p2a: Garganacl
|-damage|p2a: Garganacl|63/100
|move|p2a: Garganacl|Heavy Slam|p1a: Pecharunt
|-damage|p1a: Pecharunt|43/100
|
|-heal|p1a: Pecharunt|49/100|[from] item: Black Sludge
|-heal|p2a: Garganacl|69/100|[from] item: Leftovers
|-damage|p1a: Pecharunt|37/100|[from] Salt Cure
|upkeep
|turn|34
|
|t:|1760325475
|move|p1a: Pecharunt|Recover|p1a: Pecharunt
|-heal|p1a: Pecharunt|87/100
|move|p2a: Garganacl|Heavy Slam|p1a: Pecharunt
|-damage|p1a: Pecharunt|73/100
|
|-heal|p1a: Pecharunt|79/100|[from] item: Black Sludge
|-heal|p2a: Garganacl|75/100|[from] item: Leftovers
|-damage|p1a: Pecharunt|66/100|[from] Salt Cure
|upkeep
|turn|35
|
|t:|1760325484
|move|p2a: Garganacl|Protect|p2a: Garganacl
|-singleturn|p2a: Garganacl|Protect
|move|p1a: Pecharunt|Hex|p2a: Garganacl
|-activate|p2a: Garganacl|move: Protect
|
|-heal|p1a: Pecharunt|72/100|[from] item: Black Sludge
|-heal|p2a: Garganacl|81/100|[from] item: Leftovers
|-damage|p1a: Pecharunt|60/100|[from] Salt Cure
|upkeep
|turn|36
|
|t:|1760325493
|move|p1a: Pecharunt|Hex|p2a: Garganacl
|-damage|p2a: Garganacl|72/100
|move|p2a: Garganacl|Heavy Slam|p1a: Pecharunt
|-damage|p1a: Pecharunt|44/100
|
|-heal|p1a: Pecharunt|50/100|[from] item: Black Sludge
|-heal|p2a: Garganacl|78/100|[from] item: Leftovers
|-damage|p1a: Pecharunt|37/100|[from] Salt Cure
|upkeep
|turn|37
|
|t:|1760325502
|move|p1a: Pecharunt|Recover|p1a: Pecharunt
|-heal|p1a: Pecharunt|87/100
|move|p2a: Garganacl|Heavy Slam|p1a: Pecharunt
|-damage|p1a: Pecharunt|71/100
|
|-heal|p1a: Pecharunt|77/100|[from] item: Black Sludge
|-heal|p2a: Garganacl|84/100|[from] item: Leftovers
|-damage|p1a: Pecharunt|65/100|[from] Salt Cure
|upkeep
|turn|38
|
|t:|1760325512
|move|p1a: Pecharunt|Hex|p2a: Garganacl
|-damage|p2a: Garganacl|74/100
|move|p2a: Garganacl|Heavy Slam|p1a: Pecharunt
|-damage|p1a: Pecharunt|49/100
|
|-heal|p1a: Pecharunt|55/100|[from] item: Black Sludge
|-heal|p2a: Garganacl|80/100|[from] item: Leftovers
|-damage|p1a: Pecharunt|43/100|[from] Salt Cure
|upkeep
|turn|39
|
|t:|1760325522
|move|p1a: Pecharunt|Recover|p1a: Pecharunt
|-heal|p1a: Pecharunt|93/100
|move|p2a: Garganacl|Heavy Slam|p1a: Pecharunt
|-damage|p1a: Pecharunt|78/100
|
|-heal|p1a: Pecharunt|84/100|[from] item: Black Sludge
|-heal|p2a: Garganacl|87/100|[from] item: Leftovers
|-damage|p1a: Pecharunt|71/100|[from] Salt Cure
|upkeep
|turn|40
|
|t:|1760325531
|move|p1a: Pecharunt|Hex|p2a: Garganacl
|-damage|p2a: Garganacl|77/100
|move|p2a: Garganacl|Heavy Slam|p1a: Pecharunt
|-damage|p1a: Pecharunt|55/100
|
|-heal|p1a: Pecharunt|61/100|[from] item: Black Sludge
|-heal|p2a: Garganacl|83/100|[from] item: Leftovers
|-damage|p1a: Pecharunt|49/100|[from] Salt Cure
|upkeep
|turn|41
|
|t:|1760325540
|move|p1a: Pecharunt|Hex|p2a: Garganacl
|-crit|p2a: Garganacl
|-damage|p2a: Garganacl|68/100
|move|p2a: Garganacl|Heavy Slam|p1a: Pecharunt
|-damage|p1a: Pecharunt|34/100
|
|-heal|p1a: Pecharunt|40/100|[from] item: Black Sludge
|-heal|p2a: Garganacl|74/100|[from] item: Leftovers
|-damage|p1a: Pecharunt|28/100|[from] Salt Cure
|upkeep
|turn|42
|
|t:|1760325549
|move|p1a: Pecharunt|Hex|p2a: Garganacl
|-damage|p2a: Garganacl|64/100
|move|p2a: Garganacl|Salt Cure|p1a: Pecharunt
|-damage|p1a: Pecharunt|20/100
|
|-heal|p1a: Pecharunt|26/100|[from] item: Black Sludge
|-heal|p2a: Garganacl|70/100|[from] item: Leftovers
|-damage|p1a: Pecharunt|14/100|[from] Salt Cure
|upkeep
|turn|43
|
|t:|1760325559
|move|p2a: Garganacl|Protect|p2a: Garganacl
|-singleturn|p2a: Garganacl|Protect
|move|p1a: Pecharunt|Hex|p2a: Garganacl
|-activate|p2a: Garganacl|move: Protect
|
|-heal|p1a: Pecharunt|20/100|[from] item: Black Sludge
|-heal|p2a: Garganacl|76/100|[from] item: Leftovers
|-damage|p1a: Pecharunt|7/100|[from] Salt Cure
|upkeep
|turn|44
|
|t:|1760325568
|move|p2a: Garganacl|Protect|p2a: Garganacl
|-singleturn|p2a: Garganacl|Protect
|move|p1a: Pecharunt|Hex|p2a: Garganacl
|-activate|p2a: Garganacl|move: Protect
|
|-heal|p1a: Pecharunt|13/100|[from] item: Black Sludge
|-heal|p2a: Garganacl|83/100|[from] item: Leftovers
|-damage|p1a: Pecharunt|1/100|[from] Salt Cure
|upkeep
|turn|45
|
|t:|1760325576
|move|p2a: Garganacl|Protect||[still]
|-fail|p2a: Garganacl
|move|p1a: Pecharunt|Hex|p2a: Garganacl
|-damage|p2a: Garganacl|73/100
|
|-heal|p1a: Pecharunt|7/100|[from] item: Black Sludge
|-heal|p2a: Garganacl|79/100|[from] item: Leftovers
|-damage|p1a: Pecharunt|0 fnt|[from] Salt Cure
|faint|p1a: Pecharunt
|upkeep
|
|t:|1760325589
|switch|p1a: Samurott|Samurott-Hisui, M|33/100
|turn|46
|
|t:|1760325602
|-terastallize|p1a: Samurott|Water
|move|p1a: Samurott|Aqua Cutter|p2a: Garganacl
|-supereffective|p2a: Garganacl
|-damage|p2a: Garganacl|16/100
|move|p2a: Garganacl|Body Press|p1a: Samurott
|-damage|p1a: Samurott|0 fnt
|faint|p1a: Samurott
|
|-heal|p2a: Garganacl|22/100|[from] item: Leftovers
|upkeep
|
|t:|1760325613
|switch|p1a: Heatran|Heatran, M|37/100
|turn|47
|
|t:|1760325625
|move|p2a: Garganacl|Protect|p2a: Garganacl
|-singleturn|p2a: Garganacl|Protect
|move|p1a: Heatran|Flash Cannon|p2a: Garganacl
|-activate|p2a: Garganacl|move: Protect
|
|-heal|p2a: Garganacl|28/100|[from] item: Leftovers
|upkeep
|turn|48
|
|t:|1760325632
|move|p1a: Heatran|Flash Cannon|p2a: Garganacl
|-supereffective|p2a: Garganacl
|-damage|p2a: Garganacl|0 fnt
|faint|p2a: Garganacl
|
|win|Vyntrius
|raw|Vyntrius's rating: 1105 &rarr; <strong>1130</strong><br />(+25 for winning)
|raw|kurono22's rating: 1108 &rarr; <strong>1083</strong><br />(-25 for losing)
|c|☆kurono22|GG
