|j|☆Bluelamentation
|j|☆PureCompany
|t:|1760391940
|gametype|singles
|player|p1|Bluelamentation|giovanni|1339
|player|p2|PureCompany|170|1365
|gen|9
|tier|[Gen 9] OU
|rated|
|rule|HP Percentage Mod: HP is shown in percentages
|rule|Endless Battle Clause: Forcing endless battles is banned
|rule|Species Clause: Limit one of each Pokémon
|rule|OHKO Clause: OHKO moves are banned
|rule|Evasion Items Clause: Evasion items are banned
|rule|Evasion Moves Clause: Evasion moves are banned
|rule|Evasion Abilities Clause: Evasion abilities are banned
|rule|Sleep Moves Clause: Sleep-inducing moves are banned
|clearpoke
|poke|p1|Talonflame, M|
|poke|p1|Iron Crown|
|poke|p1|Keldeo-Resolute|
|poke|p1|Garganacl, F|
|poke|p1|Pecharunt|
|poke|p1|Rotom-Mow|
|poke|p2|Ogerpon-Wellspring, F|
|poke|p2|Kingambit, M|
|poke|p2|Landorus-Therian, M|
|poke|p2|Glimmora, F|
|poke|p2|Dragapult, F|
|poke|p2|Iron Valiant|
|teampreview
|inactive|Battle timer is ON: inactive players will automatically lose when time's up. (requested by Bluelamentation)
|
|t:|1760391948
|teamsize|p1|6
|teamsize|p2|6
|start
|switch|p1a: Keldeo|Keldeo-Resolute|100/100
|switch|p2a: Glimmora|Glimmora, F|100/100
|turn|1
|
|t:|1760391961
|switch|p2a: Ogerpon|Ogerpon-Wellspring, F|100/100
|-terastallize|p1a: Keldeo|Ice
|move|p1a: Keldeo|Icy Wind|p2a: Ogerpon
|-damage|p2a: Ogerpon|59/100
|-unboost|p2a: Ogerpon|spe|1
|
|upkeep
|turn|2
|
|t:|1760391968
|switch|p1a: Pecharunt|Pecharunt|100/100
|move|p2a: Ogerpon|Horn Leech|p1a: Pecharunt
|-resisted|p1a: Pecharunt
|-damage|p1a: Pecharunt|91/100
|-heal|p2a: Ogerpon|65/100|[from] drain|[of] p1a: Pecharunt
|
|upkeep
|turn|3
|
|t:|1760391973
|switch|p2a: Glimmora|Glimmora, F|100/100
|move|p1a: Pecharunt|Parting Shot|p2a: Glimmora
|-unboost|p2a: Glimmora|atk|1
|-unboost|p2a: Glimmora|spa|1
|
|t:|1760391976
|switch|p1a: Iron Crown|Iron Crown|100/100|[from] Parting Shot
|
|upkeep
|turn|4
|
|t:|1760391987
|switch|p2a: Ogerpon|Ogerpon-Wellspring, F|65/100
|move|p1a: Iron Crown|Tachyon Cutter|p2a: Ogerpon
|-resisted|p2a: Ogerpon
|-damage|p2a: Ogerpon|50/100
|-resisted|p2a: Ogerpon
|-damage|p2a: Ogerpon|34/100
|-hitcount|p2a: Ogerpon|2
|
|upkeep
|turn|5
|
|t:|1760391998
|move|p2a: Ogerpon|Ivy Cudgel|p1a: Iron Crown|[anim] Ivy Cudgel Water
|-damage|p1a: Iron Crown|35/100
|move|p1a: Iron Crown|Psyshock|p2a: Ogerpon
|-damage|p2a: Ogerpon|0 fnt
|faint|p2a: Ogerpon
|
|upkeep
|
|t:|1760392014
|switch|p2a: Dragapult|Dragapult, F|100/100
|turn|6
|
|t:|1760392019
|-end|p1a: Iron Crown|Quark Drive|[silent]
|switch|p1a: Garganacl|Garganacl, F|100/100
|move|p2a: Dragapult|Shadow Ball|p1a: Garganacl
|-damage|p1a: Garganacl|81/100
|
|-heal|p1a: Garganacl|87/100|[from] item: Leftovers
|upkeep
|turn|7
|
|t:|1760392024
|switch|p2a: Landorus|Landorus-Therian, M|100/100
|-ability|p2a: Landorus|Intimidate|boost
|-unboost|p1a: Garganacl|atk|1
|move|p1a: Garganacl|Salt Cure|p2a: Landorus
|-damage|p2a: Landorus|91/100
|-start|p2a: Landorus|Salt Cure
|
|-heal|p1a: Garganacl|93/100|[from] item: Leftovers
|-damage|p2a: Landorus|79/100|[from] Salt Cure
|upkeep
|turn|8
|
|t:|1760392029
|move|p2a: Landorus|U-turn|p1a: Garganacl
|-damage|p1a: Garganacl|79/100
|
|t:|1760392033
|switch|p2a: Glimmora|Glimmora, F|100/100|[from] U-turn
|move|p1a: Garganacl|Stealth Rock|p2a: Glimmora
|-sidestart|p2: PureCompany|move: Stealth Rock
|
|-heal|p1a: Garganacl|85/100|[from] item: Leftovers
|upkeep
|turn|9
|
|t:|1760392041
|switch|p1a: Iron Crown|Iron Crown|35/100
|move|p2a: Glimmora|Meteor Beam||[still]
|-prepare|p2a: Glimmora|Meteor Beam
|-boost|p2a: Glimmora|spa|1
|-enditem|p2a: Glimmora|Power Herb
|-anim|p2a: Glimmora|Meteor Beam|p1a: Iron Crown
|-resisted|p1a: Iron Crown
|-damage|p1a: Iron Crown|0 fnt
|faint|p1a: Iron Crown
|-end|p1a: Iron Crown|Quark Drive|[silent]
|
|upkeep
|
|t:|1760392046
|switch|p1a: Keldeo|Keldeo-Resolute, tera:Ice|100/100
|turn|10
|
|t:|1760392053
|move|p1a: Keldeo|Surf|p2a: Glimmora
|-supereffective|p2a: Glimmora
|-damage|p2a: Glimmora|0 fnt
|faint|p2a: Glimmora
|
|upkeep
|
|t:|1760392061
|switch|p2a: Iron Valiant|Iron Valiant|100/100
|-damage|p2a: Iron Valiant|94/100|[from] Stealth Rock
|-enditem|p2a: Iron Valiant|Booster Energy
|-activate|p2a: Iron Valiant|ability: Quark Drive|[fromitem]
|-start|p2a: Iron Valiant|quarkdrivespe
|turn|11
|
|t:|1760392066
|move|p2a: Iron Valiant|Swords Dance|p2a: Iron Valiant
|-boost|p2a: Iron Valiant|atk|2
|move|p1a: Keldeo|Surf|p2a: Iron Valiant
|-crit|p2a: Iron Valiant
|-damage|p2a: Iron Valiant|0 fnt
|faint|p2a: Iron Valiant
|-end|p2a: Iron Valiant|Quark Drive|[silent]
|
|upkeep
|-message|PureCompany forfeited.
|
|win|Bluelamentation
|raw|Bluelamentation's rating: 1339 &rarr; <strong>1360</strong><br />(+21 for winning)
|raw|PureCompany's rating: 1365 &rarr; <strong>1344</strong><br />(-21 for losing)
|l|☆PureCompany
|player|p2|
