|j|☆E800
|j|☆ploxay
|t:|1760433411
|gametype|singles
|player|p1|E800|ethan|1317
|player|p2|ploxay|alder|1275
|gen|9
|tier|[Gen 9] OU
|rated|
|rule|HP Percentage Mod: HP is shown in percentages
|rule|Endless Battle Clause: Forcing endless battles is banned
|rule|Species Clause: Limit one of each Pokémon
|rule|OHKO Clause: OHKO moves are banned
|rule|Evasion Items Clause: Evasion items are banned
|rule|Evasion Moves Clause: Evasion moves are banned
|rule|Evasion Abilities Clause: Evasion abilities are banned
|rule|Sleep Moves Clause: Sleep-inducing moves are banned
|clearpoke
|poke|p1|Glimmora, M|
|poke|p1|Primarina, F|
|poke|p1|Ogerpon, F|
|poke|p1|Weavile, F|
|poke|p1|Heatran, M|
|poke|p1|Galvantula, F|
|poke|p2|Landorus-Therian, M|
|poke|p2|Samurott-Hisui, M|
|poke|p2|Pecharunt|
|poke|p2|Scizor, F|
|poke|p2|Latios, M|
|poke|p2|Zamazenta-*|
|teampreview
|inactive|Battle timer is ON: inactive players will automatically lose when time's up. (requested by ploxay)
|
|t:|1760433435
|teamsize|p1|6
|teamsize|p2|6
|start
|switch|p1a: Glimmora|Glimmora, M|100/100
|switch|p2a: Pecharunt|Pecharunt|100/100
|turn|1
|
|t:|1760433440
|move|p2a: Pecharunt|Parting Shot|p1a: Glimmora
|-unboost|p1a: Glimmora|atk|1
|-unboost|p1a: Glimmora|spa|1
|
|t:|1760433445
|switch|p2a: Samurott|Samurott-Hisui, M|100/100|[from] Parting Shot
|move|p1a: Glimmora|Stealth Rock|p2a: Samurott
|-sidestart|p2: ploxay|move: Stealth Rock
|
|upkeep
|turn|2
|
|t:|1760433455
|switch|p1a: Primarina|Primarina, F|100/100
|move|p2a: Samurott|Ceaseless Edge|p1a: Primarina
|-resisted|p1a: Primarina
|-damage|p1a: Primarina|67/100
|-sidestart|p1: E800|Spikes
|
|-heal|p1a: Primarina|73/100|[from] item: Leftovers
|upkeep
|turn|3
|
|t:|1760433470
|move|p2a: Samurott|Knock Off|p1a: Primarina
|-resisted|p1a: Primarina
|-damage|p1a: Primarina|35/100
|-enditem|p1a: Primarina|Leftovers|[from] move: Knock Off|[of] p2a: Samurott
|move|p1a: Primarina|Moonblast|p2a: Samurott
|-supereffective|p2a: Samurott
|-damage|p2a: Samurott|1/100
|
|upkeep
|turn|4
|
|t:|1760433483
|switch|p1a: Glimmora|Glimmora, M|100/100
|-damage|p1a: Glimmora|88/100|[from] Spikes
|move|p2a: Samurott|Ceaseless Edge|p1a: Glimmora
|-damage|p1a: Glimmora|32/100
|-activate|p1a: Glimmora|ability: Toxic Debris
|-sidestart|p2: ploxay|move: Toxic Spikes
|-sidestart|p1: E800|Spikes
|
|upkeep
|turn|5
|
|t:|1760433493
|move|p2a: Samurott|Aqua Jet|p1a: Glimmora
|-supereffective|p1a: Glimmora
|-damage|p1a: Glimmora|0 fnt
|-activate|p1a: Glimmora|ability: Toxic Debris
|-sidestart|p2: ploxay|move: Toxic Spikes
|faint|p1a: Glimmora
|
|upkeep
|
|t:|1760433496
|switch|p1a: Ogerpon|Ogerpon, F|100/100
|-damage|p1a: Ogerpon|84/100|[from] Spikes
|turn|6
|
|t:|1760433504
|move|p1a: Ogerpon|U-turn|p2a: Samurott
|-supereffective|p2a: Samurott
|-damage|p2a: Samurott|0 fnt
|faint|p2a: Samurott
|
|t:|1760433509
|switch|p1a: Weavile|Weavile, F|100/100|[from] U-turn
|-damage|p1a: Weavile|84/100|[from] Spikes
|
|upkeep
|
|t:|1760433511
|switch|p2a: Pecharunt|Pecharunt|100/100
|-sideend|p2: ploxay|move: Toxic Spikes|[of] p2a: Pecharunt
|turn|7
|
|t:|1760433519
|switch|p1a: Heatran|Heatran, M|100/100
|-item|p1a: Heatran|Air Balloon
|switch|p2a: Landorus|Landorus-Therian, M|100/100
|-damage|p2a: Landorus|88/100|[from] Stealth Rock
|-ability|p2a: Landorus|Intimidate|boost
|-unboost|p1a: Heatran|atk|1
|
|upkeep
|turn|8
|
|t:|1760433523
|move|p2a: Landorus|Stealth Rock|p1a: Heatran
|-sidestart|p1: E800|move: Stealth Rock
|move|p1a: Heatran|Will-O-Wisp|p2a: Landorus
|-status|p2a: Landorus|brn
|
|-damage|p2a: Landorus|82/100 brn|[from] brn
|upkeep
|turn|9
|
|t:|1760433528
|move|p2a: Landorus|Smack Down|p1a: Heatran
|-damage|p1a: Heatran|94/100
|-enditem|p1a: Heatran|Air Balloon
|move|p1a: Heatran|Magma Storm|p2a: Landorus
|-damage|p2a: Landorus|38/100 brn
|-activate|p2a: Landorus|move: Magma Storm|[of] p1a: Heatran
|
|-damage|p2a: Landorus|32/100 brn|[from] brn
|-damage|p2a: Landorus|19/100 brn|[from] move: Magma Storm|[partiallytrapped]
|upkeep
|turn|10
|
|t:|1760433544
|switch|p1a: Ogerpon|Ogerpon, F|84/100
|-damage|p1a: Ogerpon|67/100|[from] Spikes
|-damage|p1a: Ogerpon|55/100|[from] Stealth Rock
|move|p2a: Landorus|Earthquake|p1a: Ogerpon
|-resisted|p1a: Ogerpon
|-damage|p1a: Ogerpon|39/100
|
|-damage|p2a: Landorus|13/100 brn|[from] brn
|-end|p2a: Landorus|Magma Storm|[partiallytrapped]|[silent]
|upkeep
|turn|11
|
|t:|1760433552
|move|p1a: Ogerpon|Knock Off|p2a: Landorus
|-damage|p2a: Landorus|0 fnt
|-damage|p1a: Ogerpon|22/100|[from] item: Rocky Helmet|[of] p2a: Landorus
|-enditem|p2a: Landorus|Rocky Helmet|[from] move: Knock Off|[of] p1a: Ogerpon
|faint|p2a: Landorus
|
|upkeep
|
|t:|1760433565
|switch|p2a: Scizor|Scizor, F|100/100
|turn|12
|
|t:|1760433568
|move|p1a: Ogerpon|Knock Off|p2a: Scizor
|-damage|p2a: Scizor|43/100
|-enditem|p2a: Scizor|Heavy-Duty Boots|[from] move: Knock Off|[of] p1a: Ogerpon
|move|p2a: Scizor|Swords Dance|p2a: Scizor
|-boost|p2a: Scizor|atk|2
|
|upkeep
|turn|13
|
|t:|1760433575
|switch|p1a: Heatran|Heatran, M|94/100
|-damage|p1a: Heatran|77/100|[from] Spikes
|-damage|p1a: Heatran|65/100|[from] Stealth Rock
|move|p2a: Scizor|Bullet Punch|p1a: Heatran
|-resisted|p1a: Heatran
|-damage|p1a: Heatran|50/100
|
|upkeep
|turn|14
|
|t:|1760433579
|move|p2a: Scizor|Knock Off|p1a: Heatran
|-damage|p1a: Heatran|9/100
|move|p1a: Heatran|Magma Storm|p2a: Scizor
|-supereffective|p2a: Scizor
|-damage|p2a: Scizor|0 fnt
|faint|p2a: Scizor
|
|upkeep
|
|t:|1760433589
|switch|p2a: Latios|Latios, M|100/100
|-damage|p2a: Latios|88/100|[from] Stealth Rock
|turn|15
|
|t:|1760433595
|move|p2a: Latios|Calm Mind|p2a: Latios
|-boost|p2a: Latios|spa|1
|-boost|p2a: Latios|spd|1
|move|p1a: Heatran|Magma Storm|p2a: Latios
|-resisted|p2a: Latios
|-damage|p2a: Latios|73/100
|-activate|p2a: Latios|move: Magma Storm|[of] p1a: Heatran
|
|-damage|p2a: Latios|61/100|[from] move: Magma Storm|[partiallytrapped]
|upkeep
|turn|16
|
|t:|1760433597
|move|p2a: Latios|Psychic Noise|p1a: Heatran
|-resisted|p1a: Heatran
|-crit|p1a: Heatran
|-damage|p1a: Heatran|0 fnt
|faint|p1a: Heatran
|
|-end|p2a: Latios|Magma Storm|[partiallytrapped]|[silent]
|upkeep
|
|t:|1760433602
|switch|p1a: Weavile|Weavile, F|84/100
|-damage|p1a: Weavile|68/100|[from] Spikes
|-damage|p1a: Weavile|43/100|[from] Stealth Rock
|turn|17
|
|t:|1760433621
|move|p1a: Weavile|Triple Axel|p2a: Latios
|-supereffective|p2a: Latios
|-damage|p2a: Latios|33/100
|-supereffective|p2a: Latios
|-damage|p2a: Latios|0 fnt
|faint|p2a: Latios
|-hitcount|p2: Latios|2
|
|upkeep
|
|t:|1760433625
|switch|p2a: Zamazenta|Zamazenta|100/100
|-damage|p2a: Zamazenta|94/100|[from] Stealth Rock
|-ability|p2a: Zamazenta|Dauntless Shield|boost
|-boost|p2a: Zamazenta|def|1
|turn|18
|
|t:|1760433633
|switch|p1a: Ogerpon|Ogerpon, F|22/100
|-damage|p1a: Ogerpon|6/100|[from] Spikes
|-damage|p1a: Ogerpon|0 fnt|[from] Stealth Rock
|faint|p1a: Ogerpon
|move|p2a: Zamazenta|Iron Defense|p2a: Zamazenta
|-boost|p2a: Zamazenta|def|2
|
|-heal|p2a: Zamazenta|100/100|[from] item: Leftovers
|upkeep
|
|t:|1760433640
|switch|p1a: Galvantula|Galvantula, F|100/100
|-damage|p1a: Galvantula|84/100|[from] Spikes
|-damage|p1a: Galvantula|59/100|[from] Stealth Rock
|turn|19
|
|t:|1760433643
|move|p2a: Zamazenta|Body Press|p1a: Galvantula
|-resisted|p1a: Galvantula
|-damage|p1a: Galvantula|0 fnt
|faint|p1a: Galvantula
|
|upkeep
|
|t:|1760433646
|switch|p1a: Weavile|Weavile, F|43/100
|-damage|p1a: Weavile|26/100|[from] Spikes
|-damage|p1a: Weavile|2/100|[from] Stealth Rock
|turn|20
|
|t:|1760433648
|-terastallize|p1a: Weavile|Ghost
|move|p2a: Zamazenta|Body Press|p1a: Weavile
|-immune|p1a: Weavile
|move|p1a: Weavile|Triple Axel|p2a: Zamazenta
|-damage|p2a: Zamazenta|98/100
|-damage|p2a: Zamazenta|92/100
|-damage|p2a: Zamazenta|83/100
|-hitcount|p2a: Zamazenta|3
|
|-heal|p2a: Zamazenta|89/100|[from] item: Leftovers
|upkeep
|turn|21
|
|t:|1760433655
|move|p1a: Weavile|Ice Shard|p2a: Zamazenta
|-damage|p2a: Zamazenta|84/100
|move|p2a: Zamazenta|Crunch|p1a: Weavile
|-supereffective|p1a: Weavile
|-damage|p1a: Weavile|0 fnt
|faint|p1a: Weavile
|
|-heal|p2a: Zamazenta|90/100|[from] item: Leftovers
|upkeep
|
|t:|1760433657
|switch|p1a: Primarina|Primarina, F|35/100
|-damage|p1a: Primarina|19/100|[from] Spikes
|-damage|p1a: Primarina|6/100|[from] Stealth Rock
|turn|22
|
|t:|1760433660
|move|p2a: Zamazenta|Body Press|p1a: Primarina
|-resisted|p1a: Primarina
|-damage|p1a: Primarina|0 fnt
|faint|p1a: Primarina
|
|win|ploxay
|raw|E800's rating: 1317 &rarr; <strong>1295</strong><br />(-22 for losing)
|raw|ploxay's rating: 1275 &rarr; <strong>1303</strong><br />(+28 for winning)
|l|☆E800
|player|p1|
|l|☆ploxay
|player|p2|
