|j|☆MrSlayr
|j|☆Ruhan009
|t:|1760328259
|gametype|singles
|player|p1|MrSlayr|cynthia-gen4|1411
|player|p2|Ruhan009|266|1339
|gen|9
|tier|[Gen 9] OU
|rated|
|rule|HP Percentage Mod: HP is shown in percentages
|rule|Endless Battle Clause: Forcing endless battles is banned
|rule|Species Clause: Limit one of each Pokémon
|rule|OHKO Clause: OHKO moves are banned
|rule|Evasion Items Clause: Evasion items are banned
|rule|Evasion Moves Clause: Evasion moves are banned
|rule|Evasion Abilities Clause: Evasion abilities are banned
|rule|Sleep Moves Clause: Sleep-inducing moves are banned
|clearpoke
|poke|p1|Lokix, F|
|poke|p1|Gliscor, M|
|poke|p1|Walking Wake|
|poke|p1|Ogerpon-Wellspring, F|
|poke|p1|Heatran, F|
|poke|p1|Iron Treads|
|poke|p2|Kingambit, F|
|poke|p2|Raging Bolt|
|poke|p2|Quaquaval, M|
|poke|p2|Scizor, M|
|poke|p2|Iron Moth|
|poke|p2|Landorus-Therian, M|
|teampreview
|
|t:|1760328297
|teamsize|p1|6
|teamsize|p2|6
|start
|switch|p1a: Walking Wake|Walking Wake|100/100
|switch|p2a: Quaquaval|Quaquaval, M|100/100
|turn|1
|
|t:|1760328303
|move|p1a: Walking Wake|Hurricane|p2a: Quaquaval
|-supereffective|p2a: Quaquaval
|-damage|p2a: Quaquaval|0 fnt
|faint|p2a: Quaquaval
|
|upkeep
|
|t:|1760328314
|switch|p2a: Raging Bolt|Raging Bolt|100/100
|-enditem|p2a: Raging Bolt|Booster Energy
|-activate|p2a: Raging Bolt|ability: Protosynthesis|[fromitem]
|-start|p2a: Raging Bolt|protosynthesisspa
|turn|2
|
|t:|1760328317
|move|p1a: Walking Wake|Draco Meteor|p2a: Raging Bolt
|-supereffective|p2a: Raging Bolt
|-damage|p2a: Raging Bolt|0 fnt
|-unboost|p1a: Walking Wake|spa|2
|faint|p2a: Raging Bolt
|-end|p2a: Raging Bolt|Protosynthesis|[silent]
|
|upkeep
|
|t:|1760328328
|switch|p2a: Iron Moth|Iron Moth|100/100
|-enditem|p2a: Iron Moth|Booster Energy
|-activate|p2a: Iron Moth|ability: Quark Drive|[fromitem]
|-start|p2a: Iron Moth|quarkdrivespe
|turn|3
|
|t:|1760328338
|-end|p1a: Walking Wake|Protosynthesis|[silent]
|switch|p1a: Gliscor|Gliscor, M|100/100
|-terastallize|p2a: Iron Moth|Grass
|move|p2a: Iron Moth|Fiery Dance|p1a: Gliscor
|-damage|p1a: Gliscor|66/100
|-boost|p2a: Iron Moth|spa|1
|
|-status|p1a: Gliscor|tox|[from] item: Toxic Orb
|upkeep
|turn|4
|
|t:|1760328351
|move|p2a: Iron Moth|Energy Ball|p1a: Gliscor
|-damage|p1a: Gliscor|9/100 tox
|move|p1a: Gliscor|Toxic|p2a: Iron Moth
|-status|p2a: Iron Moth|tox
|
|-damage|p2a: Iron Moth|94/100 tox|[from] psn
|-heal|p1a: Gliscor|21/100 tox|[from] ability: Poison Heal
|upkeep
|turn|5
|
|t:|1760328354
|move|p2a: Iron Moth|Fiery Dance|p1a: Gliscor
|-damage|p1a: Gliscor|0 fnt
|-boost|p2a: Iron Moth|spa|1
|faint|p1a: Gliscor
|
|-damage|p2a: Iron Moth|82/100 tox|[from] psn
|upkeep
|
|t:|1760328358
|switch|p1a: Lokix|Lokix, F|100/100
|turn|6
|
|t:|1760328364
|-end|p2a: Iron Moth|Quark Drive|[silent]
|switch|p2a: Landorus|Landorus-Therian, M|100/100
|-ability|p2a: Landorus|Intimidate|boost
|-unboost|p1a: Lokix|atk|1
|move|p1a: Lokix|First Impression|p2a: Landorus
|-resisted|p2a: Landorus
|-damage|p2a: Landorus|58/100
|-damage|p1a: Lokix|84/100|[from] item: Rocky Helmet|[of] p2a: Landorus
|
|upkeep
|turn|7
|
|t:|1760328371
|switch|p1a: Walking Wake|Walking Wake|100/100
|move|p2a: Landorus|U-turn|p1a: Walking Wake
|-damage|p1a: Walking Wake|77/100
|
|t:|1760328377
|switch|p2a: Iron Moth|Iron Moth, tera:Grass|82/100 tox|[from] U-turn
|
|-damage|p2a: Iron Moth|76/100 tox|[from] psn
|upkeep
|turn|8
|
|t:|1760328380
|move|p2a: Iron Moth|Energy Ball|p1a: Walking Wake
|-damage|p1a: Walking Wake|32/100
|move|p1a: Walking Wake|Flamethrower|p2a: Iron Moth
|-supereffective|p2a: Iron Moth
|-damage|p2a: Iron Moth|13/100 tox
|
|-damage|p2a: Iron Moth|0 fnt|[from] psn
|faint|p2a: Iron Moth
|-end|p2a: Iron Moth|Quark Drive|[silent]
|upkeep
|
|t:|1760328387
|switch|p2a: Scizor|Scizor, M|100/100
|turn|9
|
|t:|1760328390
|move|p1a: Walking Wake|Flamethrower|p2a: Scizor
|-supereffective|p2a: Scizor
|-damage|p2a: Scizor|0 fnt
|faint|p2a: Scizor
|
|upkeep
|
|t:|1760328395
|switch|p2a: Landorus|Landorus-Therian, M|58/100
|-ability|p2a: Landorus|Intimidate|boost
|-unboost|p1a: Walking Wake|atk|1
|turn|10
|
|t:|1760328398
|move|p1a: Walking Wake|Hydro Steam|p2a: Landorus
|-supereffective|p2a: Landorus
|-damage|p2a: Landorus|0 fnt
|faint|p2a: Landorus
|
|upkeep
|
|t:|1760328401
|switch|p2a: Kingambit|Kingambit, F|100/100
|-activate|p2a: Kingambit|ability: Supreme Overlord
|-start|p2a: Kingambit|fallen5|[silent]
|turn|11
|
|t:|1760328407
|-end|p1a: Walking Wake|Protosynthesis|[silent]
|switch|p1a: Heatran|Heatran, F, shiny|100/100
|move|p2a: Kingambit|Swords Dance|p2a: Kingambit
|-boost|p2a: Kingambit|atk|2
|
|upkeep
|turn|12
|
|t:|1760328416
|move|p2a: Kingambit|Sucker Punch||[still]
|-fail|p2a: Kingambit
|move|p1a: Heatran|Will-O-Wisp|p2a: Kingambit
|-status|p2a: Kingambit|brn
|
|-damage|p2a: Kingambit|94/100 brn|[from] brn
|upkeep
|turn|13
|
|t:|1760328417
|move|p1a: Heatran|Fire Blast|p2a: Kingambit
|-supereffective|p2a: Kingambit
|-damage|p2a: Kingambit|0 fnt
|faint|p2a: Kingambit
|-end|p2a: Kingambit|fallen5|[silent]
|
|win|MrSlayr
|raw|MrSlayr's rating: 1411 &rarr; <strong>1427</strong><br />(+16 for winning)
|raw|Ruhan009's rating: 1339 &rarr; <strong>1323</strong><br />(-16 for losing)
|l|☆Ruhan009
|player|p2|
|l|☆MrSlayr
|player|p1|
