|j|☆pxrishal
|j|☆arffydoggy
|t:|1760311564
|gametype|singles
|player|p1|pxrishal|burglar|1077
|player|p2|arffydoggy|fisherman-gen4|1069
|gen|9
|tier|[Gen 9] OU
|rated|
|rule|HP Percentage Mod: HP is shown in percentages
|rule|Endless Battle Clause: Forcing endless battles is banned
|rule|Species Clause: Limit one of each Pokémon
|rule|OHKO Clause: OHKO moves are banned
|rule|Evasion Items Clause: Evasion items are banned
|rule|Evasion Moves Clause: Evasion moves are banned
|rule|Evasion Abilities Clause: Evasion abilities are banned
|rule|Sleep Moves Clause: Sleep-inducing moves are banned
|clearpoke
|poke|p1|Weezing-Galar, F|
|poke|p1|Gliscor, F|
|poke|p1|Toxapex, F|
|poke|p1|Avalugg-Hisui, M|
|poke|p1|Meloetta|
|poke|p1|Blaziken, M|
|poke|p2|Krookodile, F|
|poke|p2|Crabominable, M|
|poke|p2|Tauros-Paldea-Blaze, M|
|poke|p2|Camerupt, M|
|poke|p2|Primeape, M|
|poke|p2|Articuno-Galar|
|teampreview
|
|t:|1760311580
|teamsize|p1|6
|teamsize|p2|6
|start
|switch|p1a: Blaziken|Blaziken, M|100/100
|switch|p2a: crit|Camerupt, M|100/100
|turn|1
|
|t:|1760311584
|move|p1a: Blaziken|Swords Dance|p1a: Blaziken
|-boost|p1a: Blaziken|atk|2
|move|p2a: crit|Stealth Rock|p1a: Blaziken
|-sidestart|p1: pxrishal|move: Stealth Rock
|
|-ability|p1a: Blaziken|Speed Boost|boost
|-boost|p1a: Blaziken|spe|1
|upkeep
|turn|2
|
|t:|1760311595
|move|p1a: Blaziken|Brick Break|p2a: crit
|-damage|p2a: crit|13/100
|move|p2a: crit|Earthquake|p1a: Blaziken
|-supereffective|p1a: Blaziken
|-enditem|p1a: Blaziken|Focus Sash
|-damage|p1a: Blaziken|1/100
|
|-heal|p2a: crit|19/100|[from] item: Leftovers
|-ability|p1a: Blaziken|Speed Boost|boost
|-boost|p1a: Blaziken|spe|1
|upkeep
|turn|3
|
|t:|1760311600
|move|p1a: Blaziken|Brick Break|p2a: crit
|-damage|p2a: crit|0 fnt
|faint|p2a: crit
|
|-ability|p1a: Blaziken|Speed Boost|boost
|-boost|p1a: Blaziken|spe|1
|upkeep
|
|t:|1760311604
|switch|p2a: Crabominable|Crabominable, M|100/100
|turn|4
|
|t:|1760311608
|move|p1a: Blaziken|Fire Punch|p2a: Crabominable
|-supereffective|p2a: Crabominable
|-enditem|p2a: Crabominable|Focus Sash
|-damage|p2a: Crabominable|1/100
|move|p2a: Crabominable|Tera Blast|p1a: Blaziken
|-damage|p1a: Blaziken|0 fnt
|faint|p1a: Blaziken
|
|upkeep
|
|t:|1760311637
|switch|p1a: Toxapex|Toxapex, F|100/100
|-damage|p1a: Toxapex|88/100|[from] Stealth Rock
|turn|5
|
|t:|1760311642
|move|p2a: Crabominable|Close Combat|p1a: Toxapex
|-resisted|p1a: Toxapex
|-damage|p1a: Toxapex|64/100
|-unboost|p2a: Crabominable|def|1
|-unboost|p2a: Crabominable|spd|1
|move|p1a: Toxapex|Liquidation|p2a: Crabominable
|-damage|p2a: Crabominable|0 fnt
|faint|p2a: Crabominable
|
|upkeep
|
|t:|1760311650
|switch|p2a: Crits please|Krookodile, F|100/100
|turn|6
|
|t:|1760311654
|move|p2a: Crits please|Earthquake|p1a: Toxapex
|-supereffective|p1a: Toxapex
|-damage|p1a: Toxapex|0 fnt
|faint|p1a: Toxapex
|
|upkeep
|
|t:|1760311663
|switch|p1a: Gliscor|Gliscor, F|100/100
|-damage|p1a: Gliscor|88/100|[from] Stealth Rock
|turn|7
|
|t:|1760311666
|move|p2a: Crits please|Knock Off|p1a: Gliscor
|-damage|p1a: Gliscor|53/100
|-enditem|p1a: Gliscor|Loaded Dice|[from] move: Knock Off|[of] p2a: Crits please
|move|p1a: Gliscor|Swords Dance|p1a: Gliscor
|-boost|p1a: Gliscor|atk|2
|
|upkeep
|turn|8
|
|t:|1760311676
|move|p2a: Crits please|Stone Edge|p1a: Gliscor
|-damage|p1a: Gliscor|29/100
|move|p1a: Gliscor|Scale Shot|p2a: Crits please
|-damage|p2a: Crits please|90/100
|-damage|p2a: Crits please|79/100
|-damage|p2a: Crits please|69/100
|-hitcount|p2a: Crits please|3
|-unboost|p1a: Gliscor|def|1
|-boost|p1a: Gliscor|spe|1
|
|upkeep
|turn|9
|
|t:|1760311684
|move|p1a: Gliscor|Earthquake|p2a: Crits please
|-damage|p2a: Crits please|8/100
|-enditem|p2a: Crits please|Salac Berry|[eat]
|-boost|p2a: Crits please|spe|1|[from] item: Salac Berry
|move|p2a: Crits please|Knock Off|p1a: Gliscor
|-damage|p1a: Gliscor|0 fnt
|faint|p1a: Gliscor
|
|upkeep
|
|t:|1760311691
|switch|p1a: Avalugg|Avalugg-Hisui, M|100/100
|-damage|p1a: Avalugg|76/100|[from] Stealth Rock
|turn|10
|
|t:|1760311698
|-terastallize|p1a: Avalugg|Dragon
|move|p2a: Crits please|Earthquake|p1a: Avalugg
|-damage|p1a: Avalugg|46/100
|move|p1a: Avalugg|Rapid Spin|p2a: Crits please
|-damage|p2a: Crits please|0 fnt
|-boost|p1a: Avalugg|spe|1
|-sideend|p1: pxrishal|Stealth Rock|[from] move: Rapid Spin|[of] p1a: Avalugg
|faint|p2a: Crits please
|
|upkeep
|
|t:|1760311706
|switch|p2a: Primeape|Primeape, M|100/100
|turn|11
|
|t:|1760311713
|move|p2a: Primeape|Bulk Up|p2a: Primeape
|-boost|p2a: Primeape|atk|1
|-boost|p2a: Primeape|def|1
|move|p1a: Avalugg|Rapid Spin|p2a: Primeape
|-damage|p2a: Primeape|88/100
|-boost|p1a: Avalugg|spe|1
|
|upkeep
|turn|12
|
|t:|1760311719
|move|p1a: Avalugg|Ice Fang|p2a: Primeape
|-damage|p2a: Primeape|53/100
|move|p2a: Primeape|Drain Punch|p1a: Avalugg
|-damage|p1a: Avalugg|16/100
|-heal|p2a: Primeape|71/100|[from] drain|[of] p1a: Avalugg
|
|upkeep
|turn|13
|
|t:|1760311725
|move|p1a: Avalugg|Ice Fang|p2a: Primeape
|-damage|p2a: Primeape|33/100
|move|p2a: Primeape|Drain Punch|p1a: Avalugg
|-damage|p1a: Avalugg|0 fnt
|-heal|p2a: Primeape|43/100|[from] drain|[of] p1a: Avalugg
|faint|p1a: Avalugg
|
|upkeep
|
|t:|1760311735
|switch|p1a: Meloetta|Meloetta|100/100
|turn|14
|
|t:|1760311741
|move|p2a: Primeape|Close Combat|p1a: Meloetta
|-damage|p1a: Meloetta|11/100
|-unboost|p2a: Primeape|def|1
|-unboost|p2a: Primeape|spd|1
|-enditem|p1a: Meloetta|Petaya Berry|[eat]
|-boost|p1a: Meloetta|spa|1|[from] item: Petaya Berry
|move|p1a: Meloetta|Alluring Voice|p2a: Primeape
|-supereffective|p2a: Primeape
|-damage|p2a: Primeape|0 fnt
|faint|p2a: Primeape
|
|upkeep
|
|t:|1760311748
|switch|p2a: crits are cool|Articuno-Galar|100/100
|turn|15
|
|t:|1760311755
|move|p2a: crits are cool|Freezing Glare|p1a: Meloetta
|-resisted|p1a: Meloetta
|-damage|p1a: Meloetta|0 fnt
|faint|p1a: Meloetta
|
|upkeep
|
|t:|1760311760
|switch|p1a: Weezing|Weezing-Galar, F|100/100
|-ability|p1a: Weezing|Neutralizing Gas
|turn|16
|
|t:|1760311772
|move|p2a: crits are cool|Freezing Glare|p1a: Weezing
|-supereffective|p1a: Weezing
|-damage|p1a: Weezing|0 fnt
|faint|p1a: Weezing
|-end|p1a: Weezing|ability: Neutralizing Gas
|
|win|arffydoggy
|raw|pxrishal's rating: 1077 &rarr; <strong>1055</strong><br />(-22 for losing)
|raw|arffydoggy's rating: 1069 &rarr; <strong>1099</strong><br />(+30 for winning)
|c|☆arffydoggy|gg
|c|☆pxrishal|gg
|l|☆arffydoggy
|player|p2|
|l|☆pxrishal
|player|p1|
