|j|☆damas_1
|j|☆kargreyy
|t:|1760429116
|gametype|singles
|player|p1|damas_1|170|1420
|player|p2|kargreyy|266|1443
|gen|9
|tier|[Gen 9] OU
|rated|
|rule|HP Percentage Mod: HP is shown in percentages
|rule|Endless Battle Clause: Forcing endless battles is banned
|rule|Species Clause: Limit one of each Pokémon
|rule|OHKO Clause: OHKO moves are banned
|rule|Evasion Items Clause: Evasion items are banned
|rule|Evasion Moves Clause: Evasion moves are banned
|rule|Evasion Abilities Clause: Evasion abilities are banned
|rule|Sleep Moves Clause: Sleep-inducing moves are banned
|clearpoke
|poke|p1|Iron Crown|
|poke|p1|Samurott-Hisui, M|
|poke|p1|Zapdos|
|poke|p1|Dragapult, F|
|poke|p1|Great Tusk|
|poke|p1|Iron Boulder|
|poke|p2|Weavile, M|
|poke|p2|Ogerpon, F|
|poke|p2|Alomomola, M|
|poke|p2|Slowking-Galar, F|
|poke|p2|Keldeo-Resolute|
|poke|p2|Garganacl, M|
|teampreview
|inactive|Battle timer is ON: inactive players will automatically lose when time's up. (requested by damas_1)
|
|t:|1760429122
|teamsize|p1|6
|teamsize|p2|6
|start
|switch|p1a: Everytime We Touch|Samurott-Hisui, M|100/100
|switch|p2a: Keldeo|Keldeo-Resolute|100/100
|turn|1
|
|t:|1760429127
|move|p1a: Everytime We Touch|Flip Turn|p2a: Keldeo
|-resisted|p2a: Keldeo
|-damage|p2a: Keldeo|85/100
|
|t:|1760429131
|switch|p1a: Mindreader|Iron Crown|100/100|[from] Flip Turn
|move|p2a: Keldeo|Substitute|p2a: Keldeo
|-start|p2a: Keldeo|Substitute
|-damage|p2a: Keldeo|61/100
|
|-heal|p2a: Keldeo|67/100|[from] item: Leftovers
|upkeep
|turn|2
|
|t:|1760429142
|move|p1a: Mindreader|Psychic Noise|p2a: Keldeo
|-supereffective|p2a: Keldeo
|-damage|p2a: Keldeo|0 fnt
|faint|p2a: Keldeo
|
|upkeep
|
|t:|1760429147
|switch|p2a: Bandit|Weavile, M, shiny|100/100
|-ability|p2a: Bandit|Pressure
|turn|3
|
|t:|1760429157
|-end|p1a: Mindreader|Quark Drive|[silent]
|switch|p1a: Hurikan|Zapdos|100/100
|move|p2a: Bandit|Triple Axel|p1a: Hurikan
|-supereffective|p1a: Hurikan
|-damage|p1a: Hurikan|79/100
|-supereffective|p1a: Hurikan
|-damage|p1a: Hurikan|36/100
|-supereffective|p1a: Hurikan
|-damage|p1a: Hurikan|0 fnt
|faint|p1a: Hurikan
|-hitcount|p1: Hurikan|3
|
|upkeep
|
|t:|1760429171
|switch|p1a: Mindreader|Iron Crown|100/100
|turn|4
|
|t:|1760429173
|switch|p2a: Slowking|Slowking-Galar, F, shiny|100/100
|move|p1a: Mindreader|Tachyon Cutter|p2a: Slowking
|-damage|p2a: Slowking|81/100
|-crit|p2a: Slowking
|-damage|p2a: Slowking|49/100
|-hitcount|p2a: Slowking|2
|
|upkeep
|turn|5
|
|t:|1760429184
|move|p1a: Mindreader|Tachyon Cutter|p2a: Slowking
|-damage|p2a: Slowking|30/100
|-damage|p2a: Slowking|8/100
|-hitcount|p2a: Slowking|2
|move|p2a: Slowking|Fire Blast|p1a: Mindreader
|-supereffective|p1a: Mindreader
|-damage|p1a: Mindreader|31/100
|
|upkeep
|turn|6
|
|t:|1760429195
|switch|p2a: Anonymous|Ogerpon, F|100/100
|move|p1a: Mindreader|Tachyon Cutter|p2a: Anonymous
|-damage|p2a: Anonymous|58/100
|-damage|p2a: Anonymous|14/100
|-hitcount|p2a: Anonymous|2
|
|upkeep
|turn|7
|
|t:|1760429211
|-end|p1a: Mindreader|Quark Drive|[silent]
|switch|p1a: Everytime We Touch|Samurott-Hisui, M|100/100
|-terastallize|p2a: Anonymous|Grass
|detailschange|p2a: Anonymous|Ogerpon-Teal-Tera, F, tera:Grass
|-ability|p2a: Anonymous|Embody Aspect (Teal)|boost
|-boost|p2a: Anonymous|spe|1
|move|p2a: Anonymous|Ivy Cudgel|p1a: Everytime We Touch
|-supereffective|p1a: Everytime We Touch
|-damage|p1a: Everytime We Touch|0 fnt
|faint|p1a: Everytime We Touch
|
|upkeep
|
|t:|1760429231
|switch|p1a: Revery|Iron Boulder|100/100
|-enditem|p1a: Revery|Booster Energy
|-activate|p1a: Revery|ability: Quark Drive|[fromitem]
|-start|p1a: Revery|quarkdrivespe
|turn|8
|
|t:|1760429235
|switch|p2a: Alomomola|Alomomola, M, shiny|100/100
|move|p1a: Revery|Mighty Cleave|p2a: Alomomola
|-damage|p2a: Alomomola|76/100
|-damage|p1a: Revery|84/100|[from] item: Rocky Helmet|[of] p2a: Alomomola
|
|upkeep
|turn|9
|
|t:|1760429244
|move|p1a: Revery|Swords Dance|p1a: Revery
|-boost|p1a: Revery|atk|2
|move|p2a: Alomomola|Flip Turn|p1a: Revery
|-supereffective|p1a: Revery
|-damage|p1a: Revery|44/100
|
|t:|1760429257
|switch|p2a: Anonymous|Ogerpon-Teal-Tera, F, tera:Grass|14/100|[from] Flip Turn
|-ability|p2a: Anonymous|Embody Aspect (Teal)|boost
|-boost|p2a: Anonymous|spe|1
|
|upkeep
|turn|10
|
|t:|1760429262
|move|p1a: Revery|Mighty Cleave|p2a: Anonymous
|-damage|p2a: Anonymous|0 fnt
|faint|p2a: Anonymous
|detailschange|p2: Anonymous|Ogerpon, F|[silent]
|
|upkeep
|
|t:|1760429264
|switch|p2a: Alomomola|Alomomola, M, shiny|100/100
|turn|11
|
|t:|1760429267
|move|p1a: Revery|Zen Headbutt|p2a: Alomomola
|-damage|p2a: Alomomola|55/100
|-damage|p1a: Revery|28/100|[from] item: Rocky Helmet|[of] p2a: Alomomola
|move|p2a: Alomomola|Flip Turn|p1a: Revery
|-supereffective|p1a: Revery
|-damage|p1a: Revery|0 fnt
|faint|p1a: Revery
|-end|p1a: Revery|Quark Drive|[silent]
|
|t:|1760429281
|switch|p2a: Slowking|Slowking-Galar, F, shiny|41/100|[from] Flip Turn
|
|upkeep
|
|t:|1760429287
|switch|p1a: Pump It|Great Tusk|100/100
|turn|12
|
|t:|1760429290
|switch|p2a: Alomomola|Alomomola, M, shiny|88/100
|move|p1a: Pump It|Rapid Spin|p2a: Alomomola
|-damage|p2a: Alomomola|79/100
|-boost|p1a: Pump It|spe|1
|-damage|p1a: Pump It|84/100|[from] item: Rocky Helmet|[of] p2a: Alomomola
|
|upkeep
|turn|13
|
|t:|1760429294
|move|p1a: Pump It|Stealth Rock|p2a: Alomomola
|-sidestart|p2: kargreyy|move: Stealth Rock
|move|p2a: Alomomola|Wish|p2a: Alomomola
|
|upkeep
|turn|14
|
|t:|1760429299
|move|p1a: Pump It|Rapid Spin|p2a: Alomomola
|-damage|p2a: Alomomola|70/100
|-boost|p1a: Pump It|spe|1
|-damage|p1a: Pump It|68/100|[from] item: Rocky Helmet|[of] p2a: Alomomola
|move|p2a: Alomomola|Flip Turn|p1a: Pump It
|-supereffective|p1a: Pump It
|-damage|p1a: Pump It|43/100
|
|t:|1760429307
|switch|p2a: Slowking|Slowking-Galar, F, shiny|75/100|[from] Flip Turn
|-damage|p2a: Slowking|62/100|[from] Stealth Rock
|
|-heal|p2a: Slowking|100/100|[from] move: Wish|[wisher] Alomomola
|upkeep
|turn|15
|
|t:|1760429312
|switch|p2a: Alomomola|Alomomola, M, shiny|100/100
|-damage|p2a: Alomomola|88/100|[from] Stealth Rock
|move|p1a: Pump It|Headlong Rush|p2a: Alomomola
|-damage|p2a: Alomomola|55/100
|-unboost|p1a: Pump It|def|1
|-unboost|p1a: Pump It|spd|1
|-damage|p1a: Pump It|27/100|[from] item: Rocky Helmet|[of] p2a: Alomomola
|
|upkeep
|turn|16
|
|t:|1760429315
|move|p1a: Pump It|Headlong Rush|p2a: Alomomola
|-damage|p2a: Alomomola|21/100
|-unboost|p1a: Pump It|def|1
|-unboost|p1a: Pump It|spd|1
|-damage|p1a: Pump It|10/100|[from] item: Rocky Helmet|[of] p2a: Alomomola
|move|p2a: Alomomola|Flip Turn|p1a: Pump It
|-supereffective|p1a: Pump It
|-damage|p1a: Pump It|0 fnt
|faint|p1a: Pump It
|-end|p1a: Pump It|Protosynthesis|[silent]
|
|t:|1760429330
|switch|p2a: Slowking|Slowking-Galar, F, shiny|100/100|[from] Flip Turn
|-damage|p2a: Slowking|88/100|[from] Stealth Rock
|
|upkeep
|
|t:|1760429340
|switch|p1a: Mindreader|Iron Crown|31/100
|turn|17
|
|t:|1760429344
|move|p1a: Mindreader|Volt Switch|p2a: Slowking
|-damage|p2a: Slowking|70/100
|
|t:|1760429346
|-end|p1a: Mindreader|Quark Drive|[silent]
|switch|p1a: Parasite|Dragapult, F|100/100|[from] Volt Switch
|move|p2a: Slowking|Fire Blast|p1a: Parasite
|-resisted|p1a: Parasite
|-damage|p1a: Parasite|76/100
|
|upkeep
|turn|18
|
|t:|1760429354
|move|p1a: Parasite|Shadow Ball|p2a: Slowking
|-supereffective|p2a: Slowking
|-damage|p2a: Slowking|16/100
|move|p2a: Slowking|Future Sight|p1a: Parasite
|-start|p2a: Slowking|move: Future Sight
|
|upkeep
|turn|19
|
|t:|1760429360
|move|p1a: Parasite|Shadow Ball|p2a: Slowking
|-supereffective|p2a: Slowking
|-damage|p2a: Slowking|0 fnt
|faint|p2a: Slowking
|
|upkeep
|
|t:|1760429364
|switch|p2a: Garganacl|Garganacl, M, shiny|100/100
|-damage|p2a: Garganacl|88/100|[from] Stealth Rock
|turn|20
|
|t:|1760429370
|move|p1a: Parasite|Shadow Ball|p2a: Garganacl
|-damage|p2a: Garganacl|68/100
|move|p2a: Garganacl|Salt Cure|p1a: Parasite
|-damage|p1a: Parasite|56/100
|-start|p1a: Parasite|Salt Cure
|
|-end|p1a: Parasite|move: Future Sight
|-damage|p1a: Parasite|0 fnt
|faint|p1a: Parasite
|-heal|p2a: Garganacl|74/100|[from] item: Leftovers
|upkeep
|
|t:|1760429375
|switch|p1a: Mindreader|Iron Crown|31/100
|turn|21
|
|t:|1760429382
|move|p1a: Mindreader|Tachyon Cutter|p2a: Garganacl
|-supereffective|p2a: Garganacl
|-damage|p2a: Garganacl|10/100
|-supereffective|p2a: Garganacl
|-damage|p2a: Garganacl|0 fnt
|faint|p2a: Garganacl
|-hitcount|p2: Garganacl|2
|
|upkeep
|
|t:|1760429389
|switch|p2a: Alomomola|Alomomola, M, shiny|54/100
|-damage|p2a: Alomomola|42/100|[from] Stealth Rock
|turn|22
|
|t:|1760429391
|-terastallize|p1a: Mindreader|Steel
|move|p1a: Mindreader|Tachyon Cutter|p2a: Alomomola
|-resisted|p2a: Alomomola
|-damage|p2a: Alomomola|12/100
|-resisted|p2a: Alomomola
|-damage|p2a: Alomomola|0 fnt
|faint|p2a: Alomomola
|-hitcount|p2: Alomomola|2
|
|upkeep
|
|t:|1760429396
|switch|p2a: Bandit|Weavile, M, shiny|100/100
|-damage|p2a: Bandit|76/100|[from] Stealth Rock
|-ability|p2a: Bandit|Pressure
|turn|23
|
|t:|1760429399
|move|p2a: Bandit|Low Kick|p1a: Mindreader
|-supereffective|p1a: Mindreader
|-damage|p1a: Mindreader|0 fnt
|faint|p1a: Mindreader
|-end|p1a: Mindreader|Quark Drive|[silent]
|
|win|kargreyy
|raw|damas_1's rating: 1420 &rarr; <strong>1401</strong><br />(-19 for losing)
|raw|kargreyy's rating: 1443 &rarr; <strong>1462</strong><br />(+19 for winning)
|l|☆damas_1
|player|p1|
|l|☆kargreyy
|player|p2|
