|j|☆snoppp
|j|☆dia90
|t:|1760311552
|gametype|singles
|player|p1|snoppp|bruno|1500
|player|p2|dia90|101|1572
|gen|9
|tier|[Gen 9] OU
|rated|
|rule|HP Percentage Mod: HP is shown in percentages
|rule|Endless Battle Clause: Forcing endless battles is banned
|rule|Species Clause: Limit one of each Pokémon
|rule|OHKO Clause: OHKO moves are banned
|rule|Evasion Items Clause: Evasion items are banned
|rule|Evasion Moves Clause: Evasion moves are banned
|rule|Evasion Abilities Clause: Evasion abilities are banned
|rule|Sleep Moves Clause: Sleep-inducing moves are banned
|clearpoke
|poke|p1|Zarude-Dada|
|poke|p1|Fezandipiti, M|
|poke|p1|Gholdengo|
|poke|p1|Zapdos|
|poke|p1|Enamorus, F|
|poke|p1|Great Tusk|
|poke|p2|Rillaboom, M|
|poke|p2|Ogerpon-Wellspring, F|
|poke|p2|Pecharunt|
|poke|p2|Cinderace, M|
|poke|p2|Ursaluna, F|
|poke|p2|Clefable, F|
|teampreview
|inactive|Battle timer is ON: inactive players will automatically lose when time's up. (requested by dia90)
|
|t:|1760311569
|teamsize|p1|6
|teamsize|p2|6
|start
|switch|p1a: Zapdos|Zapdos|100/100
|switch|p2a: Rillaboom|Rillaboom, M|100/100
|-fieldstart|move: Grassy Terrain|[from] ability: Grassy Surge|[of] p2a: Rillaboom
|turn|1
|
|t:|1760311578
|switch|p2a: Ursaluna|Ursaluna, F|100/100
|move|p1a: Zapdos|U-turn|p2a: Ursaluna
|-damage|p2a: Ursaluna|90/100
|
|t:|1760311583
|switch|p1a: Zarude|Zarude-Dada|100/100|[from] U-turn
|
|-heal|p2a: Ursaluna|97/100|[from] Grassy Terrain
|upkeep
|turn|2
|
|t:|1760311590
|switch|p2a: Cinderace|Cinderace, M|100/100
|move|p1a: Zarude|Knock Off|p2a: Cinderace
|-damage|p2a: Cinderace|35/100
|-enditem|p2a: Cinderace|Heavy-Duty Boots|[from] move: Knock Off|[of] p1a: Zarude
|
|-heal|p2a: Cinderace|41/100|[from] Grassy Terrain
|upkeep
|turn|3
|
|t:|1760311598
|switch|p1a: Zapdos|Zapdos|100/100
|move|p2a: Cinderace|Will-O-Wisp|p1a: Zapdos
|-status|p1a: Zapdos|brn
|
|-heal|p2a: Cinderace|47/100|[from] Grassy Terrain
|-damage|p1a: Zapdos|94/100 brn|[from] brn
|upkeep
|turn|4
|
|t:|1760311608
|switch|p2a: Ursaluna|Ursaluna, F|97/100
|move|p1a: Zapdos|Hurricane|p2a: Ursaluna
|-damage|p2a: Ursaluna|58/100
|-start|p2a: Ursaluna|confusion
|
|-heal|p2a: Ursaluna|64/100|[from] Grassy Terrain
|-damage|p1a: Zapdos|88/100 brn|[from] brn
|upkeep
|turn|5
|
|t:|1760311618
|move|p1a: Zapdos|Hurricane|p2a: Ursaluna
|-damage|p2a: Ursaluna|20/100
|-activate|p2a: Ursaluna|confusion
|move|p2a: Ursaluna|Headlong Rush|p1a: Zapdos
|-immune|p1a: Zapdos
|
|-heal|p2a: Ursaluna|26/100|[from] Grassy Terrain
|-damage|p1a: Zapdos|82/100 brn|[from] brn
|upkeep
|turn|6
|
|t:|1760311626
|move|p1a: Zapdos|Hurricane|p2a: Ursaluna
|-damage|p2a: Ursaluna|0 fnt
|faint|p2a: Ursaluna
|
|-damage|p1a: Zapdos|76/100 brn|[from] brn
|upkeep
|
|t:|1760311636
|switch|p2a: Ogerpon|Ogerpon-Wellspring, F|100/100
|turn|7
|
|t:|1760311646
|-terastallize|p2a: Ogerpon|Water
|detailschange|p2a: Ogerpon|Ogerpon-Wellspring-Tera, F, tera:Water
|-ability|p2a: Ogerpon|Embody Aspect (Wellspring)|boost
|-boost|p2a: Ogerpon|spd|1
|move|p2a: Ogerpon|Ivy Cudgel|p1a: Zapdos|[anim] Ivy Cudgel Water
|-damage|p1a: Zapdos|27/100 brn
|move|p1a: Zapdos|Hurricane|p2a: Ogerpon
|-damage|p2a: Ogerpon|80/100
|-start|p2a: Ogerpon|confusion
|
|-heal|p2a: Ogerpon|86/100|[from] Grassy Terrain
|-damage|p1a: Zapdos|21/100 brn|[from] brn
|upkeep
|turn|8
|
|t:|1760311659
|-activate|p2a: Ogerpon|confusion
|move|p2a: Ogerpon|Ivy Cudgel|p1a: Zapdos|[anim] Ivy Cudgel Water
|-damage|p1a: Zapdos|0 fnt
|faint|p1a: Zapdos
|
|-heal|p2a: Ogerpon|92/100|[from] Grassy Terrain
|-fieldend|move: Grassy Terrain
|upkeep
|
|t:|1760311663
|switch|p1a: Zarude|Zarude-Dada|100/100
|turn|9
|
|t:|1760311670
|switch|p2a: Rillaboom|Rillaboom, M|100/100
|-fieldstart|move: Grassy Terrain|[from] ability: Grassy Surge|[of] p2a: Rillaboom
|move|p1a: Zarude|Swords Dance|p1a: Zarude
|-boost|p1a: Zarude|atk|2
|
|upkeep
|turn|10
|
|t:|1760311684
|-terastallize|p1a: Zarude|Poison
|move|p1a: Zarude|Knock Off|p2a: Rillaboom
|-damage|p2a: Rillaboom|19/100
|-enditem|p2a: Rillaboom|Terrain Extender|[from] move: Knock Off|[of] p1a: Zarude
|move|p2a: Rillaboom|Wood Hammer|p1a: Zarude
|-resisted|p1a: Zarude
|-damage|p1a: Zarude|61/100
|-damage|p2a: Rillaboom|8/100|[from] Recoil
|
|-heal|p1a: Zarude|67/100|[from] Grassy Terrain
|-heal|p2a: Rillaboom|14/100|[from] Grassy Terrain
|upkeep
|turn|11
|
|t:|1760311695
|move|p2a: Rillaboom|Grassy Glide|p1a: Zarude
|-resisted|p1a: Zarude
|-damage|p1a: Zarude|49/100
|move|p1a: Zarude|Knock Off|p2a: Rillaboom
|-damage|p2a: Rillaboom|0 fnt
|faint|p2a: Rillaboom
|
|-heal|p1a: Zarude|55/100|[from] Grassy Terrain
|upkeep
|
|t:|1760311707
|switch|p2a: Cinderace|Cinderace, M|47/100
|turn|12
|
|t:|1760311714
|move|p2a: Cinderace|Pyro Ball|p1a: Zarude
|-damage|p1a: Zarude|0 fnt
|faint|p1a: Zarude
|
|-heal|p2a: Cinderace|53/100|[from] Grassy Terrain
|upkeep
|
|t:|1760311730
|switch|p1a: Fezandipiti|Fezandipiti, M|100/100
|turn|13
|
|t:|1760311734
|move|p2a: Cinderace|Pyro Ball|p1a: Fezandipiti
|-damage|p1a: Fezandipiti|61/100
|move|p1a: Fezandipiti|Moonblast|p2a: Cinderace
|-resisted|p2a: Cinderace
|-damage|p2a: Cinderace|36/100
|
|-heal|p2a: Cinderace|42/100|[from] Grassy Terrain
|-heal|p1a: Fezandipiti|67/100|[from] Grassy Terrain
|upkeep
|turn|14
|
|t:|1760311741
|move|p2a: Cinderace|Pyro Ball|p1a: Fezandipiti
|-damage|p1a: Fezandipiti|22/100
|move|p1a: Fezandipiti|Roost|p1a: Fezandipiti
|-heal|p1a: Fezandipiti|72/100
|-singleturn|p1a: Fezandipiti|move: Roost
|
|-heal|p2a: Cinderace|48/100|[from] Grassy Terrain
|-heal|p1a: Fezandipiti|78/100|[from] Grassy Terrain
|upkeep
|turn|15
|
|t:|1760311753
|move|p2a: Cinderace|Will-O-Wisp|p1a: Fezandipiti
|-status|p1a: Fezandipiti|brn
|move|p1a: Fezandipiti|Moonblast|p2a: Cinderace
|-resisted|p2a: Cinderace
|-damage|p2a: Cinderace|31/100
|
|-heal|p2a: Cinderace|37/100|[from] Grassy Terrain
|-heal|p1a: Fezandipiti|84/100 brn|[from] Grassy Terrain
|-damage|p1a: Fezandipiti|78/100 brn|[from] brn
|upkeep
|turn|16
|
|t:|1760311762
|move|p2a: Cinderace|Pyro Ball|p1a: Fezandipiti
|-damage|p1a: Fezandipiti|35/100 brn
|move|p1a: Fezandipiti|Moonblast|p2a: Cinderace
|-resisted|p2a: Cinderace
|-damage|p2a: Cinderace|20/100
|
|-heal|p2a: Cinderace|26/100|[from] Grassy Terrain
|-heal|p1a: Fezandipiti|41/100 brn|[from] Grassy Terrain
|-damage|p1a: Fezandipiti|35/100 brn|[from] brn
|-fieldend|move: Grassy Terrain
|upkeep
|turn|17
|
|t:|1760311772
|move|p2a: Cinderace|Pyro Ball|p1a: Fezandipiti
|-damage|p1a: Fezandipiti|0 fnt
|faint|p1a: Fezandipiti
|
|upkeep
|
|t:|1760311777
|switch|p1a: Enamorus|Enamorus, F|100/100
|turn|18
|
|t:|1760311780
|switch|p2a: Ogerpon|Ogerpon-Wellspring-Tera, F, tera:Water|92/100
|-ability|p2a: Ogerpon|Embody Aspect (Wellspring)|boost
|-boost|p2a: Ogerpon|spd|1
|move|p1a: Enamorus|Moonblast|p2a: Ogerpon
|-damage|p2a: Ogerpon|68/100
|
|upkeep
|turn|19
|
|t:|1760311787
|switch|p1a: Gholdengo|Gholdengo|100/100
|-item|p1a: Gholdengo|Air Balloon
|move|p2a: Ogerpon|Swords Dance|p2a: Ogerpon
|-boost|p2a: Ogerpon|atk|2
|
|upkeep
|turn|20
|
|t:|1760311807
|move|p2a: Ogerpon|Ivy Cudgel|p1a: Gholdengo|[anim] Ivy Cudgel Water
|-damage|p1a: Gholdengo|3/100
|-enditem|p1a: Gholdengo|Air Balloon
|move|p1a: Gholdengo|Shadow Ball|p2a: Ogerpon
|-damage|p2a: Ogerpon|51/100
|-unboost|p2a: Ogerpon|spd|1
|
|upkeep
|turn|21
|
|t:|1760311816
|move|p2a: Ogerpon|Synthesis|p2a: Ogerpon
|-heal|p2a: Ogerpon|100/100
|move|p1a: Gholdengo|Shadow Ball|p2a: Ogerpon
|-damage|p2a: Ogerpon|76/100
|
|upkeep
|turn|22
|
|t:|1760311822
|move|p2a: Ogerpon|Knock Off|p1a: Gholdengo
|-supereffective|p1a: Gholdengo
|-damage|p1a: Gholdengo|0 fnt
|faint|p1a: Gholdengo
|
|upkeep
|
|t:|1760311825
|switch|p1a: Enamorus|Enamorus, F|100/100
|turn|23
|
|t:|1760311828
|move|p1a: Enamorus|Moonblast|p2a: Ogerpon
|-damage|p2a: Ogerpon|41/100
|move|p2a: Ogerpon|Synthesis|p2a: Ogerpon
|-heal|p2a: Ogerpon|91/100
|
|upkeep
|turn|24
|
|t:|1760311834
|move|p1a: Enamorus|Moonblast|p2a: Ogerpon
|-damage|p2a: Ogerpon|52/100
|-unboost|p2a: Ogerpon|spa|1
|move|p2a: Ogerpon|Knock Off|p1a: Enamorus
|-resisted|p1a: Enamorus
|-damage|p1a: Enamorus|49/100
|-enditem|p1a: Enamorus|Choice Scarf|[from] move: Knock Off|[of] p2a: Ogerpon
|
|upkeep
|turn|25
|
|t:|1760311841
|move|p1a: Enamorus|Moonblast|p2a: Ogerpon
|-damage|p2a: Ogerpon|18/100
|move|p2a: Ogerpon|Synthesis|p2a: Ogerpon
|-heal|p2a: Ogerpon|68/100
|
|upkeep
|turn|26
|
|t:|1760311846
|move|p1a: Enamorus|Moonblast|p2a: Ogerpon
|-damage|p2a: Ogerpon|29/100
|move|p2a: Ogerpon|Synthesis|p2a: Ogerpon
|-heal|p2a: Ogerpon|79/100
|
|upkeep
|turn|27
|
|t:|1760311852
|move|p1a: Enamorus|Moonblast|p2a: Ogerpon
|-damage|p2a: Ogerpon|44/100
|move|p2a: Ogerpon|Synthesis|p2a: Ogerpon
|-heal|p2a: Ogerpon|94/100
|
|upkeep
|turn|28
|
|t:|1760311859
|move|p1a: Enamorus|Moonblast|p2a: Ogerpon
|-damage|p2a: Ogerpon|60/100
|-unboost|p2a: Ogerpon|spa|1
|move|p2a: Ogerpon|Synthesis|p2a: Ogerpon
|-heal|p2a: Ogerpon|100/100
|
|upkeep
|turn|29
|
|t:|1760311865
|move|p1a: Enamorus|Moonblast|p2a: Ogerpon
|-damage|p2a: Ogerpon|66/100
|move|p2a: Ogerpon|Ivy Cudgel|p1a: Enamorus|[anim] Ivy Cudgel Water
|-damage|p1a: Enamorus|0 fnt
|faint|p1a: Enamorus
|
|upkeep
|
|t:|1760311868
|switch|p1a: Great Tusk|Great Tusk|100/100
|turn|30
|
|t:|1760311873
|move|p1a: Great Tusk|Close Combat|p2a: Ogerpon
|-damage|p2a: Ogerpon|0 fnt
|-unboost|p1a: Great Tusk|def|1
|-unboost|p1a: Great Tusk|spd|1
|faint|p2a: Ogerpon
|detailschange|p2: Ogerpon|Ogerpon-Wellspring, F|[silent]
|
|upkeep
|
|t:|1760311880
|switch|p2a: Cinderace|Cinderace, M|26/100
|turn|31
|
|t:|1760311884
|move|p2a: Cinderace|Pyro Ball|p1a: Great Tusk
|-damage|p1a: Great Tusk|12/100
|move|p1a: Great Tusk|Close Combat|p2a: Cinderace
|-damage|p2a: Cinderace|0 fnt
|-unboost|p1a: Great Tusk|def|1
|-unboost|p1a: Great Tusk|spd|1
|faint|p2a: Cinderace
|
|upkeep
|
|t:|1760311892
|switch|p2a: Pecharunt|Pecharunt|100/100
|turn|32
|
|t:|1760311895
|move|p1a: Great Tusk|Headlong Rush|p2a: Pecharunt
|-supereffective|p2a: Pecharunt
|-damage|p2a: Pecharunt|45/100
|-unboost|p1a: Great Tusk|def|1
|-unboost|p1a: Great Tusk|spd|1
|move|p2a: Pecharunt|Hex|p1a: Great Tusk
|-damage|p1a: Great Tusk|0 fnt
|faint|p1a: Great Tusk
|-end|p1a: Great Tusk|Protosynthesis|[silent]
|
|win|dia90
|raw|snoppp's rating: 1500 &rarr; <strong>1484</strong><br />(-16 for losing)
|raw|dia90's rating: 1572 &rarr; <strong>1588</strong><br />(+16 for winning)
|l|☆snoppp
|player|p1|
|l|☆dia90
|player|p2|
