|j|☆zDura
|j|☆G2Alvarito
|t:|1760352383
|gametype|singles
|player|p1|zDura|1|1070
|player|p2|G2Alvarito|102|1120
|gen|9
|tier|[Gen 9] OU
|rated|
|rule|HP Percentage Mod: HP is shown in percentages
|rule|Endless Battle Clause: Forcing endless battles is banned
|rule|Species Clause: Limit one of each Pokémon
|rule|OHKO Clause: OHKO moves are banned
|rule|Evasion Items Clause: Evasion items are banned
|rule|Evasion Moves Clause: Evasion moves are banned
|rule|Evasion Abilities Clause: Evasion abilities are banned
|rule|Sleep Moves Clause: Sleep-inducing moves are banned
|clearpoke
|poke|p1|Rampardos, M|
|poke|p1|Blissey, F|
|poke|p1|Regirock|
|poke|p1|Regice|
|poke|p1|Deoxys-Speed|
|poke|p1|Hoopa-Unbound|
|poke|p2|Blissey, F|
|poke|p2|Garganacl, F|
|poke|p2|Gliscor, M|
|poke|p2|Gengar, F|
|poke|p2|Forretress, M|
|poke|p2|Samurott-Hisui, F|
|teampreview
|j| Killim
|
|t:|1760352407
|teamsize|p1|6
|teamsize|p2|6
|start
|switch|p1a: Blissey|Blissey, F, shiny|100/100
|switch|p2a: Garganacl|Garganacl, F|100/100
|turn|1
|
|t:|1760352416
|move|p1a: Blissey|Stealth Rock|p2a: Garganacl
|-sidestart|p2: G2Alvarito|move: Stealth Rock
|move|p2a: Garganacl|Salt Cure|p1a: Blissey
|-damage|p1a: Blissey|75/100
|-start|p1a: Blissey|Salt Cure
|
|-heal|p1a: Blissey|81/100|[from] item: Leftovers
|-damage|p1a: Blissey|68/100|[from] Salt Cure
|upkeep
|turn|2
|
|t:|1760352426
|move|p1a: Blissey|Heal Bell||[still]
|-activate|p1a: Blissey|move: Heal Bell
|-fail|p1a: Blissey
|move|p2a: Garganacl|Stealth Rock|p1a: Blissey
|-sidestart|p1: zDura|move: Stealth Rock
|
|-heal|p1a: Blissey|75/100|[from] item: Leftovers
|-damage|p1a: Blissey|62/100|[from] Salt Cure
|upkeep
|turn|3
|
|t:|1760352435
|move|p1a: Blissey|Calm Mind|p1a: Blissey
|-boost|p1a: Blissey|spa|1
|-boost|p1a: Blissey|spd|1
|move|p2a: Garganacl|Avalanche|p1a: Blissey
|-damage|p1a: Blissey|33/100
|
|-heal|p1a: Blissey|39/100|[from] item: Leftovers
|-damage|p1a: Blissey|27/100|[from] Salt Cure
|upkeep
|turn|4
|
|t:|1760352445
|move|p1a: Blissey|Calm Mind|p1a: Blissey
|-boost|p1a: Blissey|spa|1
|-boost|p1a: Blissey|spd|1
|move|p2a: Garganacl|Avalanche|p1a: Blissey
|-damage|p1a: Blissey|0 fnt
|faint|p1a: Blissey
|
|upkeep
|
|t:|1760352461
|switch|p1a: Rampardos|Rampardos, M, shiny|100/100
|-damage|p1a: Rampardos|88/100|[from] Stealth Rock
|-ability|p1a: Rampardos|Mold Breaker
|turn|5
|
|t:|1760352466
|move|p1a: Rampardos|Iron Head|p2a: Garganacl
|-supereffective|p2a: Garganacl
|-damage|p2a: Garganacl|65/100
|-damage|p1a: Rampardos|72/100|[from] item: Rocky Helmet|[of] p2a: Garganacl
|move|p2a: Garganacl|Salt Cure|p1a: Rampardos
|-damage|p1a: Rampardos|50/100
|-start|p1a: Rampardos|Salt Cure
|
|-damage|p1a: Rampardos|38/100|[from] Salt Cure
|upkeep
|turn|6
|
|t:|1760352478
|switch|p1a: Regice|Regice, shiny|100/100
|-damage|p1a: Regice|75/100|[from] Stealth Rock
|move|p2a: Garganacl|Recover|p2a: Garganacl
|-heal|p2a: Garganacl|100/100
|
|-heal|p1a: Regice|82/100|[from] item: Leftovers
|upkeep
|turn|7
|l|☆zDura
|player|p1|
|inactive|Battle timer is ON: inactive players will automatically lose when time's up. (requested by G2Alvarito)
|inactive|zDura has 30 seconds to reconnect!
|inactive|zDura has 20 seconds to reconnect!
|inactive|zDura has 15 seconds to reconnect!
|inactive|zDura has 10 seconds to reconnect!
|inactive|zDura has 5 seconds to reconnect!
|-message|zDura lost due to inactivity.
|
|win|G2Alvarito
|raw|zDura's rating: 1070 &rarr; <strong>1052</strong><br />(-18 for losing)
|raw|G2Alvarito's rating: 1120 &rarr; <strong>1141</strong><br />(+21 for winning)
|l|☆G2Alvarito
|player|p2|
