|j|☆M8420
|j|☆arthurfr4545
|t:|1760440809
|gametype|singles
|player|p1|M8420|170|1571
|player|p2|arthurfr4545|170|1707
|gen|9
|tier|[Gen 9] OU
|rated|
|rule|HP Percentage Mod: HP is shown in percentages
|rule|Endless Battle Clause: Forcing endless battles is banned
|rule|Species Clause: Limit one of each Pokémon
|rule|OHKO Clause: OHKO moves are banned
|rule|Evasion Items Clause: Evasion items are banned
|rule|Evasion Moves Clause: Evasion moves are banned
|rule|Evasion Abilities Clause: Evasion abilities are banned
|rule|Sleep Moves Clause: Sleep-inducing moves are banned
|clearpoke
|poke|p1|Torkoal, F|
|poke|p1|Scovillain, F|
|poke|p1|Great Tusk|
|poke|p1|Hatterene, F|
|poke|p1|Raging Bolt|
|poke|p1|Alomomola, F|
|poke|p2|Entei|
|poke|p2|Great Tusk|
|poke|p2|Heatran, M|
|poke|p2|Latios, M|
|poke|p2|Kingambit, M|
|poke|p2|Rotom-Wash|
|teampreview
|
|t:|1760440828
|teamsize|p1|6
|teamsize|p2|6
|start
|switch|p1a: Alomomola|Alomomola, F|100/100
|switch|p2a: Latios|Latios, M|100/100
|turn|1
|inactive|Battle timer is ON: inactive players will automatically lose when time's up. (requested by arthurfr4545)
|
|t:|1760440836
|move|p2a: Latios|Luster Purge|p1a: Alomomola
|-damage|p1a: Alomomola|74/100
|move|p1a: Alomomola|Mirror Coat|p2a: Latios
|-damage|p2a: Latios|16/100
|
|upkeep
|turn|2
|
|t:|1760440844
|switch|p2a: Rotom|Rotom-Wash|100/100
|move|p1a: Alomomola|Flip Turn|p2a: Rotom
|-resisted|p2a: Rotom
|-damage|p2a: Rotom|94/100
|
|t:|1760440852
|switch|p1a: Torkoal|Torkoal, F|100/100|[from] Flip Turn
|-weather|SunnyDay|[from] ability: Drought|[of] p1a: Torkoal
|
|-weather|SunnyDay|[upkeep]
|-heal|p2a: Rotom|99/100|[from] item: Leftovers
|upkeep
|turn|3
|
|t:|1760440860
|switch|p1a: Hatterene|Hatterene, F|100/100
|move|p2a: Rotom|Volt Switch|p1a: Hatterene
|-damage|p1a: Hatterene|74/100
|-enditem|p1a: Hatterene|Eject Button
|
|t:|1760440867
|switch|p1a: Scovillain|Scovillain, F|100/100
|
|-weather|SunnyDay|[upkeep]
|-heal|p2a: Rotom|100/100|[from] item: Leftovers
|upkeep
|turn|4
|
|t:|1760440877
|switch|p2a: Heatran|Heatran, M|100/100
|move|p1a: Scovillain|Solar Beam||[still]
|-prepare|p1a: Scovillain|Solar Beam
|-anim|p1a: Scovillain|Solar Beam|p2a: Heatran
|-resisted|p2a: Heatran
|-crit|p2a: Heatran
|-damage|p2a: Heatran|88/100
|-damage|p1a: Scovillain|91/100|[from] item: Life Orb
|
|-weather|SunnyDay|[upkeep]
|upkeep
|turn|5
|
|t:|1760440886
|move|p1a: Scovillain|Stomping Tantrum|p2a: Heatran
|-supereffective|p2a: Heatran
|-damage|p2a: Heatran|10/100
|-damage|p1a: Scovillain|81/100|[from] item: Life Orb
|move|p2a: Heatran|Lava Plume|p1a: Scovillain
|-damage|p1a: Scovillain|0 fnt
|faint|p1a: Scovillain
|
|-weather|SunnyDay|[upkeep]
|upkeep
|
|t:|1760440906
|switch|p1a: Alomomola|Alomomola, F|100/100
|turn|6
|
|t:|1760440909
|move|p2a: Heatran|Lava Plume|p1a: Alomomola
|-resisted|p1a: Alomomola
|-damage|p1a: Alomomola|84/100
|move|p1a: Alomomola|Flip Turn|p2a: Heatran
|-supereffective|p2a: Heatran
|-damage|p2a: Heatran|0 fnt
|faint|p2a: Heatran
|inactive|M8420 has 120 seconds left.
|
|t:|1760440940
|switch|p1a: Hatterene|Hatterene, F|74/100|[from] Flip Turn
|
|-weather|SunnyDay|[upkeep]
|upkeep
|
|t:|1760440945
|switch|p2a: Entei|Entei|100/100
|-ability|p2a: Entei|Pressure
|turn|7
|
|t:|1760440955
|switch|p1a: Alomomola|Alomomola, F|100/100
|move|p2a: Entei|Sacred Fire|p1a: Alomomola
|-resisted|p1a: Alomomola
|-crit|p1a: Alomomola
|-damage|p1a: Alomomola|60/100
|
|-weather|SunnyDay|[upkeep]
|upkeep
|turn|8
|inactive|M8420 has 120 seconds left.
|
|t:|1760440972
|move|p2a: Entei|Sacred Fire|p1a: Alomomola
|-resisted|p1a: Alomomola
|-damage|p1a: Alomomola|34/100
|-status|p1a: Alomomola|brn
|move|p1a: Alomomola|Flip Turn|p2a: Entei
|-supereffective|p2a: Entei
|-damage|p2a: Entei|92/100
|inactive|M8420 has 120 seconds left.
|
|t:|1760440986
|switch|p1a: Raging Bolt|Raging Bolt|100/100|[from] Flip Turn
|-activate|p1a: Raging Bolt|ability: Protosynthesis
|-start|p1a: Raging Bolt|protosynthesisspa
|
|-weather|SunnyDay|[upkeep]
|upkeep
|turn|9
|inactive|M8420 has 120 seconds left.
|
|t:|1760440998
|switch|p2a: Kingambit|Kingambit, M|100/100
|-activate|p2a: Kingambit|ability: Supreme Overlord
|-start|p2a: Kingambit|fallen1|[silent]
|move|p1a: Raging Bolt|Draco Meteor|p2a: Kingambit
|-resisted|p2a: Kingambit
|-damage|p2a: Kingambit|51/100
|-unboost|p1a: Raging Bolt|spa|2
|
|-weather|none
|-end|p1a: Raging Bolt|Protosynthesis
|upkeep
|turn|10
|inactive|M8420 has 120 seconds left.
|
|t:|1760441009
|-end|p2a: Kingambit|fallen1|[silent]
|switch|p2a: Latios|Latios, M|16/100
|move|p1a: Raging Bolt|Volt Switch|p2a: Latios
|-resisted|p2a: Latios
|-crit|p2a: Latios
|-damage|p2a: Latios|0 fnt
|faint|p2a: Latios
|inactive|M8420 has 120 seconds left.
|
|t:|1760441015
|-end|p1a: Raging Bolt|Protosynthesis|[silent]
|switch|p1a: Alomomola|Alomomola, F|67/100 brn|[from] Volt Switch
|
|-damage|p1a: Alomomola|61/100 brn|[from] brn
|upkeep
|
|t:|1760441022
|switch|p2a: Rotom|Rotom-Wash|100/100
|turn|11
|
|t:|1760441035
|move|p2a: Rotom|Volt Switch|p1a: Alomomola
|-supereffective|p1a: Alomomola
|-damage|p1a: Alomomola|31/100 brn
|
|t:|1760441037
|switch|p2a: Great Tusk|Great Tusk|100/100|[from] Volt Switch
|move|p1a: Alomomola|Flip Turn|p2a: Great Tusk
|-supereffective|p2a: Great Tusk
|-damage|p2a: Great Tusk|92/100
|-damage|p1a: Alomomola|15/100 brn|[from] item: Rocky Helmet|[of] p2a: Great Tusk
|inactive|M8420 has 120 seconds left.
|
|t:|1760441067
|switch|p1a: Hatterene|Hatterene, F|74/100|[from] Flip Turn
|
|upkeep
|turn|12
|
|t:|1760441081
|-end|p2a: Great Tusk|Protosynthesis|[silent]
|switch|p2a: Entei|Entei|92/100
|-ability|p2a: Entei|Pressure
|move|p1a: Hatterene|Psychic Noise|p2a: Entei
|-damage|p2a: Entei|53/100
|-start|p2a: Entei|move: Heal Block
|
|upkeep
|turn|13
|
|t:|1760441090
|switch|p1a: Torkoal|Torkoal, F|100/100
|-weather|SunnyDay|[from] ability: Drought|[of] p1a: Torkoal
|move|p2a: Entei|Sacred Fire|p1a: Torkoal
|-resisted|p1a: Torkoal
|-damage|p1a: Torkoal|79/100
|
|-weather|SunnyDay|[upkeep]
|-end|p2a: Entei|move: Heal Block
|upkeep
|turn|14
|inactive|M8420 has 120 seconds left.
|
|t:|1760441102
|switch|p2a: Rotom|Rotom-Wash|100/100
|move|p1a: Torkoal|Stealth Rock|p2a: Rotom
|-sidestart|p2: arthurfr4545|move: Stealth Rock
|
|-weather|SunnyDay|[upkeep]
|upkeep
|turn|15
|inactive|M8420 has 120 seconds left.
|
|t:|1760441128
|switch|p1a: Raging Bolt|Raging Bolt|100/100
|-activate|p1a: Raging Bolt|ability: Protosynthesis
|-start|p1a: Raging Bolt|protosynthesisspa
|move|p2a: Rotom|Volt Switch|p1a: Raging Bolt
|-resisted|p1a: Raging Bolt
|-damage|p1a: Raging Bolt|97/100
|
|t:|1760441131
|switch|p2a: Great Tusk|Great Tusk|92/100|[from] Volt Switch
|-damage|p2a: Great Tusk|89/100|[from] Stealth Rock
|-activate|p2a: Great Tusk|ability: Protosynthesis
|-start|p2a: Great Tusk|protosynthesisdef
|
|-weather|SunnyDay|[upkeep]
|upkeep
|turn|16
|inactive|M8420 has 120 seconds left.
|
|t:|1760441159
|-end|p1a: Raging Bolt|Protosynthesis|[silent]
|switch|p1a: Great Tusk|Great Tusk|100/100
|-activate|p1a: Great Tusk|ability: Protosynthesis
|-start|p1a: Great Tusk|protosynthesisatk
|move|p2a: Great Tusk|Earthquake|p1a: Great Tusk
|-damage|p1a: Great Tusk|71/100
|
|-weather|SunnyDay|[upkeep]
|upkeep
|turn|17
|
|t:|1760441178
|-end|p1a: Great Tusk|Protosynthesis|[silent]
|switch|p1a: Alomomola|Alomomola, F|48/100 brn
|move|p2a: Great Tusk|Rapid Spin|p1a: Alomomola
|-damage|p1a: Alomomola|38/100 brn
|-boost|p2a: Great Tusk|spe|1
|-sideend|p2: arthurfr4545|Stealth Rock|[from] move: Rapid Spin|[of] p2a: Great Tusk
|
|-weather|SunnyDay|[upkeep]
|-damage|p1a: Alomomola|31/100 brn|[from] brn
|upkeep
|turn|18
|
|t:|1760441195
|switch|p1a: Great Tusk|Great Tusk|71/100
|-activate|p1a: Great Tusk|ability: Protosynthesis
|-start|p1a: Great Tusk|protosynthesisatk
|move|p2a: Great Tusk|Earthquake|p1a: Great Tusk
|-damage|p1a: Great Tusk|38/100
|
|-weather|SunnyDay|[upkeep]
|upkeep
|turn|19
|
|t:|1760441208
|move|p2a: Great Tusk|Stealth Rock|p1a: Great Tusk
|-sidestart|p1: M8420|move: Stealth Rock
|move|p1a: Great Tusk|Ice Spinner|p2a: Great Tusk
|-supereffective|p2a: Great Tusk
|-damage|p2a: Great Tusk|59/100
|-damage|p1a: Great Tusk|21/100|[from] item: Rocky Helmet|[of] p2a: Great Tusk
|
|-weather|SunnyDay|[upkeep]
|upkeep
|turn|20
|inactive|M8420 has 90 seconds left.
|
|t:|1760441241
|-end|p1a: Great Tusk|Protosynthesis|[silent]
|switch|p1a: Alomomola|Alomomola, F|65/100 brn
|-damage|p1a: Alomomola|53/100 brn|[from] Stealth Rock
|move|p2a: Great Tusk|Earthquake|p1a: Alomomola
|-damage|p1a: Alomomola|24/100 brn
|
|-weather|none
|-end|p2a: Great Tusk|Protosynthesis
|-damage|p1a: Alomomola|18/100 brn|[from] brn
|upkeep
|turn|21
|
|t:|1760441268
|move|p2a: Great Tusk|Earthquake|p1a: Alomomola
|-damage|p1a: Alomomola|0 fnt
|faint|p1a: Alomomola
|
|upkeep
|
|t:|1760441270
|switch|p1a: Hatterene|Hatterene, F|74/100
|-damage|p1a: Hatterene|62/100|[from] Stealth Rock
|turn|22
|inactive|M8420 has 60 seconds left.
|
|t:|1760441291
|-end|p2a: Great Tusk|Protosynthesis|[silent]
|switch|p2a: Rotom|Rotom-Wash|100/100
|move|p1a: Hatterene|Healing Wish|p1a: Hatterene
|faint|p1a: Hatterene
|
|upkeep
|
|t:|1760441293
|switch|p1a: Great Tusk|Great Tusk|21/100
|-heal|p1a: Great Tusk|100/100|[from] move: Healing Wish
|-damage|p1a: Great Tusk|98/100|[from] Stealth Rock
|turn|23
|
|t:|1760441307
|-end|p1a: Great Tusk|Protosynthesis|[silent]
|switch|p1a: Raging Bolt|Raging Bolt|97/100
|-damage|p1a: Raging Bolt|84/100|[from] Stealth Rock
|move|p2a: Rotom|Hydro Pump|p1a: Raging Bolt
|-resisted|p1a: Raging Bolt
|-damage|p1a: Raging Bolt|72/100
|
|upkeep
|turn|24
|inactive|M8420 has 60 seconds left.
|
|t:|1760441329
|move|p1a: Raging Bolt|Draco Meteor|p2a: Rotom|[miss]
|-miss|p1a: Raging Bolt|p2a: Rotom
|move|p2a: Rotom|Hydro Pump|p1a: Raging Bolt
|-resisted|p1a: Raging Bolt
|-damage|p1a: Raging Bolt|59/100
|
|upkeep
|turn|25
|
|t:|1760441334
|move|p1a: Raging Bolt|Draco Meteor|p2a: Rotom
|-damage|p2a: Rotom|22/100
|-unboost|p1a: Raging Bolt|spa|2
|move|p2a: Rotom|Volt Switch|p1a: Raging Bolt
|-resisted|p1a: Raging Bolt
|-damage|p1a: Raging Bolt|55/100
|
|t:|1760441342
|switch|p2a: Great Tusk|Great Tusk|59/100|[from] Volt Switch
|
|upkeep
|turn|26
|
|t:|1760441352
|-end|p1a: Raging Bolt|Protosynthesis|[silent]
|switch|p1a: Great Tusk|Great Tusk|98/100
|-damage|p1a: Great Tusk|95/100|[from] Stealth Rock
|move|p2a: Great Tusk|Earthquake|p1a: Great Tusk
|-damage|p1a: Great Tusk|64/100
|
|upkeep
|turn|27
|
|t:|1760441363
|move|p1a: Great Tusk|Rapid Spin|p2a: Great Tusk
|-damage|p2a: Great Tusk|49/100
|-boost|p1a: Great Tusk|spe|1
|-damage|p1a: Great Tusk|47/100|[from] item: Rocky Helmet|[of] p2a: Great Tusk
|-sideend|p1: M8420|Stealth Rock|[from] move: Rapid Spin|[of] p1a: Great Tusk
|move|p2a: Great Tusk|Earthquake|p1a: Great Tusk
|-damage|p1a: Great Tusk|15/100
|
|upkeep
|turn|28
|
|t:|1760441386
|move|p1a: Great Tusk|Ice Spinner|p2a: Great Tusk
|-supereffective|p2a: Great Tusk
|-damage|p2a: Great Tusk|21/100
|-damage|p1a: Great Tusk|0 fnt|[from] item: Rocky Helmet|[of] p2a: Great Tusk
|faint|p1a: Great Tusk
|-end|p1a: Great Tusk|Protosynthesis|[silent]
|move|p2a: Great Tusk|Stealth Rock|p1: Great Tusk
|-sidestart|p1: M8420|move: Stealth Rock
|
|upkeep
|inactive|M8420 has 60 seconds left.
|
|t:|1760441397
|switch|p1a: Torkoal|Torkoal, F|79/100
|-damage|p1a: Torkoal|54/100|[from] Stealth Rock
|-weather|SunnyDay|[from] ability: Drought|[of] p1a: Torkoal
|-activate|p2a: Great Tusk|ability: Protosynthesis
|-start|p2a: Great Tusk|protosynthesisdef
|turn|29
|
|t:|1760441406
|move|p2a: Great Tusk|Earthquake|p1a: Torkoal
|-supereffective|p1a: Torkoal
|-damage|p1a: Torkoal|8/100
|move|p1a: Torkoal|Rapid Spin|p2a: Great Tusk
|-damage|p2a: Great Tusk|17/100
|-boost|p1a: Torkoal|spe|1
|-damage|p1a: Torkoal|0 fnt|[from] item: Rocky Helmet|[of] p2a: Great Tusk
|faint|p1a: Torkoal
|
|-weather|SunnyDay|[upkeep]
|upkeep
|
|t:|1760441414
|switch|p1a: Raging Bolt|Raging Bolt|55/100
|-damage|p1a: Raging Bolt|43/100|[from] Stealth Rock
|-activate|p1a: Raging Bolt|ability: Protosynthesis
|-start|p1a: Raging Bolt|protosynthesisspa
|turn|30
|inactive|M8420 has 60 seconds left.
|
|t:|1760441432
|move|p1a: Raging Bolt|Draco Meteor|p2a: Great Tusk
|-damage|p2a: Great Tusk|0 fnt
|-unboost|p1a: Raging Bolt|spa|2
|faint|p2a: Great Tusk
|-end|p2a: Great Tusk|Protosynthesis|[silent]
|
|-weather|SunnyDay|[upkeep]
|upkeep
|j| wgw2333
|
|t:|1760441436
|switch|p2a: Entei|Entei|53/100
|-ability|p2a: Entei|Pressure
|turn|31
|l| wgw2333
|
|t:|1760441447
|-terastallize|p2a: Entei|Normal
|move|p2a: Entei|Extreme Speed|p1a: Raging Bolt
|-damage|p1a: Raging Bolt|4/100
|move|p1a: Raging Bolt|Discharge|p2a: Entei
|-damage|p2a: Entei|19/100
|
|-weather|SunnyDay|[upkeep]
|upkeep
|turn|32
|
|t:|1760441457
|move|p2a: Entei|Extreme Speed|p1a: Raging Bolt
|-damage|p1a: Raging Bolt|0 fnt
|faint|p1a: Raging Bolt
|-end|p1a: Raging Bolt|Protosynthesis|[silent]
|
|win|arthurfr4545
|raw|M8420's rating: 1571 &rarr; <strong>1558</strong><br />(-13 for losing)
|raw|arthurfr4545's rating: 1707 &rarr; <strong>1720</strong><br />(+13 for winning)
|l|☆arthurfr4545
|player|p2|
|l|☆M8420
|player|p1|
