|j|☆cr aries
|j|☆marching_cubes
|t:|1760443110
|gametype|singles
|player|p1|cr aries|169|1634
|player|p2|marching_cubes|1|1554
|gen|9
|tier|[Gen 9] OU
|rated|
|rule|HP Percentage Mod: HP is shown in percentages
|rule|Endless Battle Clause: Forcing endless battles is banned
|rule|Species Clause: Limit one of each Pokémon
|rule|OHKO Clause: OHKO moves are banned
|rule|Evasion Items Clause: Evasion items are banned
|rule|Evasion Moves Clause: Evasion moves are banned
|rule|Evasion Abilities Clause: Evasion abilities are banned
|rule|Sleep Moves Clause: Sleep-inducing moves are banned
|clearpoke
|poke|p1|Weavile, F|
|poke|p1|Gholdengo|
|poke|p1|Slowking-Galar, F|
|poke|p1|Corviknight, F|
|poke|p1|Sandy Shocks|
|poke|p1|Heatran, F|
|poke|p2|Wo-Chien|
|poke|p2|Gholdengo|
|poke|p2|Garchomp, F|
|poke|p2|Iron Treads|
|poke|p2|Dragapult, F|
|poke|p2|Scizor, F|
|teampreview
|inactive|Battle timer is ON: inactive players will automatically lose when time's up. (requested by cr aries)
|inactive|marching_cubes also wants the timer to be on.
|
|t:|1760443119
|teamsize|p1|6
|teamsize|p2|6
|start
|switch|p1a: Weavile|Weavile, F|100/100
|switch|p2a: Scizor|Scizor, F|100/100
|turn|1
|
|t:|1760443127
|switch|p1a: Corviknight|Corviknight, F|100/100
|-ability|p1a: Corviknight|Pressure
|move|p2a: Scizor|U-turn|p1a: Corviknight
|-resisted|p1a: Corviknight
|-damage|p1a: Corviknight|91/100
|-damage|p2a: Scizor|84/100|[from] item: Rocky Helmet|[of] p1a: Corviknight
|
|t:|1760443141
|switch|p2a: Garchomp|Garchomp, F|100/100|[from] U-turn
|
|upkeep
|turn|2
|
|t:|1760443144
|move|p2a: Garchomp|Stealth Rock|p1a: Corviknight
|-sidestart|p1: cr aries|move: Stealth Rock
|move|p1a: Corviknight|Defog|p2a: Garchomp
|-unboost|p2a: Garchomp|evasion|1
|-sideend|p1: cr aries|Stealth Rock|[from] move: Defog|[of] p1a: Corviknight
|
|upkeep
|turn|3
|
|t:|1760443150
|move|p2a: Garchomp|Stealth Rock|p1a: Corviknight
|-sidestart|p1: cr aries|move: Stealth Rock
|move|p1a: Corviknight|Brave Bird|p2a: Garchomp
|-damage|p2a: Garchomp|78/100
|-damage|p1a: Corviknight|79/100|[from] ability: Rough Skin|[of] p2a: Garchomp
|-damage|p1a: Corviknight|63/100|[from] item: Rocky Helmet|[of] p2a: Garchomp
|-damage|p1a: Corviknight|55/100|[from] Recoil
|
|upkeep
|turn|4
|
|t:|1760443153
|switch|p2a: Gholdengo|Gholdengo|100/100
|move|p1a: Corviknight|Roost|p1a: Corviknight
|-heal|p1a: Corviknight|100/100
|-singleturn|p1a: Corviknight|move: Roost
|
|upkeep
|turn|5
|
|t:|1760443163
|switch|p1a: Slowking|Slowking-Galar, F|100/100
|move|p2a: Gholdengo|Thunder Wave|p1a: Slowking
|-status|p1a: Slowking|par
|
|upkeep
|turn|6
|
|t:|1760443188
|switch|p2a: Dragapult|Dragapult, F|100/100
|-prepare|p1a: Slowking|Chilly Reception|[premajor]
|move|p1a: Slowking|Chilly Reception|p1a: Slowking
|-weather|Snowscape
|
|t:|1760443215
|switch|p1a: Heatran|Heatran, F|100/100|[from] Chilly Reception
|-damage|p1a: Heatran|88/100|[from] Stealth Rock
|
|-weather|Snowscape|[upkeep]
|-heal|p1a: Heatran|94/100|[from] item: Leftovers
|upkeep
|turn|7
|
|t:|1760443235
|move|p2a: Dragapult|U-turn|p1a: Heatran
|-resisted|p1a: Heatran
|-damage|p1a: Heatran|91/100
|
|t:|1760443246
|switch|p2a: Garchomp|Garchomp, F|78/100|[from] U-turn
|move|p1a: Heatran|Magma Storm|p2a: Garchomp
|-resisted|p2a: Garchomp
|-damage|p2a: Garchomp|58/100
|-activate|p2a: Garchomp|move: Magma Storm|[of] p1a: Heatran
|
|-weather|Snowscape|[upkeep]
|-heal|p1a: Heatran|98/100|[from] item: Leftovers
|-damage|p2a: Garchomp|46/100|[from] move: Magma Storm|[partiallytrapped]
|upkeep
|turn|8
|
|t:|1760443251
|move|p1a: Heatran|Protect|p1a: Heatran
|-singleturn|p1a: Heatran|Protect
|move|p2a: Garchomp|Earthquake|p1a: Heatran
|-activate|p1a: Heatran|move: Protect
|
|-weather|Snowscape|[upkeep]
|-heal|p1a: Heatran|100/100|[from] item: Leftovers
|-damage|p2a: Garchomp|33/100|[from] move: Magma Storm|[partiallytrapped]
|upkeep
|turn|9
|
|t:|1760443256
|switch|p1a: Corviknight|Corviknight, F|100/100
|-damage|p1a: Corviknight|88/100|[from] Stealth Rock
|-ability|p1a: Corviknight|Pressure
|move|p2a: Garchomp|Spikes|p1a: Corviknight
|-sidestart|p1: cr aries|Spikes
|
|-weather|Snowscape|[upkeep]
|-end|p2a: Garchomp|Magma Storm|[partiallytrapped]|[silent]
|upkeep
|turn|10
|
|t:|1760443262
|switch|p2a: Gholdengo|Gholdengo|100/100
|move|p1a: Corviknight|U-turn|p2a: Gholdengo
|-resisted|p2a: Gholdengo
|-damage|p2a: Gholdengo|98/100
|
|t:|1760443264
|switch|p1a: Heatran|Heatran, F|100/100|[from] U-turn
|-damage|p1a: Heatran|88/100|[from] Stealth Rock
|-damage|p1a: Heatran|76/100|[from] Spikes
|
|-weather|none
|-heal|p1a: Heatran|82/100|[from] item: Leftovers
|upkeep
|turn|11
|
|t:|1760443283
|switch|p2a: Garchomp|Garchomp, F|33/100
|move|p1a: Heatran|Magma Storm|p2a: Garchomp
|-resisted|p2a: Garchomp
|-damage|p2a: Garchomp|14/100
|-activate|p2a: Garchomp|move: Magma Storm|[of] p1a: Heatran
|
|-heal|p1a: Heatran|88/100|[from] item: Leftovers
|-damage|p2a: Garchomp|2/100|[from] move: Magma Storm|[partiallytrapped]
|upkeep
|turn|12
|inactive|cr aries has 120 seconds left.
|
|t:|1760443322
|move|p1a: Heatran|Protect|p1a: Heatran
|-singleturn|p1a: Heatran|Protect
|move|p2a: Garchomp|Earthquake|p1a: Heatran
|-activate|p1a: Heatran|move: Protect
|
|-heal|p1a: Heatran|94/100|[from] item: Leftovers
|-damage|p2a: Garchomp|0 fnt|[from] move: Magma Storm|[partiallytrapped]
|faint|p2a: Garchomp
|upkeep
|
|t:|1760443325
|switch|p2a: Wo-Chien|Wo-Chien|100/100
|-ability|p2a: Wo-Chien|Tablets of Ruin
|turn|13
|
|t:|1760443338
|-terastallize|p2a: Wo-Chien|Poison
|move|p2a: Wo-Chien|Leech Seed|p1a: Heatran
|-start|p1a: Heatran|move: Leech Seed
|move|p1a: Heatran|Magma Storm|p2a: Wo-Chien|[miss]
|-miss|p1a: Heatran|p2a: Wo-Chien
|
|-heal|p1a: Heatran|100/100|[from] item: Leftovers
|-damage|p1a: Heatran|88/100|[from] Leech Seed|[of] p2a: Wo-Chien
|upkeep
|turn|14
|
|t:|1760443343
|switch|p1a: Slowking|Slowking-Galar, F|100/100 par
|move|p2a: Wo-Chien|Substitute|p2a: Wo-Chien
|-start|p2a: Wo-Chien|Substitute
|-damage|p2a: Wo-Chien|76/100
|
|-heal|p2a: Wo-Chien|82/100|[from] item: Leftovers
|upkeep
|turn|15
|
|t:|1760443348
|move|p2a: Wo-Chien|Knock Off|p1a: Slowking
|-supereffective|p1a: Slowking
|-damage|p1a: Slowking|39/100 par
|-enditem|p1a: Slowking|Heavy-Duty Boots|[from] move: Knock Off|[of] p2a: Wo-Chien
|move|p1a: Slowking|Future Sight|p2a: Wo-Chien
|-start|p1a: Slowking|move: Future Sight
|
|-heal|p2a: Wo-Chien|88/100|[from] item: Leftovers
|upkeep
|turn|16
|
|t:|1760443358
|move|p2a: Wo-Chien|Leech Seed|p1a: Slowking|[miss]
|-miss|p2a: Wo-Chien|p1a: Slowking
|-prepare|p1a: Slowking|Chilly Reception|[premajor]
|cant|p1a: Slowking|par
|
|-heal|p2a: Wo-Chien|94/100|[from] item: Leftovers
|upkeep
|turn|17
|
|t:|1760443369
|switch|p1a: Corviknight|Corviknight, F|88/100
|-damage|p1a: Corviknight|76/100|[from] Stealth Rock
|-ability|p1a: Corviknight|Pressure
|move|p2a: Wo-Chien|Protect||[still]
|-fail|p2a: Wo-Chien
|
|-end|p2a: Wo-Chien|move: Future Sight
|-supereffective|p2a: Wo-Chien
|-end|p2a: Wo-Chien|Substitute
|-heal|p2a: Wo-Chien|99/100|[from] item: Leftovers
|upkeep
|turn|18
|
|t:|1760443372
|switch|p2a: Gholdengo|Gholdengo|98/100
|move|p1a: Corviknight|Defog|p2a: Gholdengo
|-immune|p2a: Gholdengo|[from] ability: Good as Gold
|
|upkeep
|turn|19
|
|t:|1760443384
|switch|p1a: Slowking|Slowking-Galar, F|72/100 par
|-damage|p1a: Slowking|60/100 par|[from] Stealth Rock
|-damage|p1a: Slowking|47/100 par|[from] Spikes
|move|p2a: Gholdengo|Thunder Wave|p1a: Slowking
|-fail|p1a: Slowking|par
|
|upkeep
|turn|20
|
|t:|1760443392
|switch|p2a: Scizor|Scizor, F|84/100
|move|p1a: Slowking|Future Sight|p2a: Scizor
|-start|p1a: Slowking|move: Future Sight
|
|upkeep
|turn|21
|
|t:|1760443395
|switch|p1a: Corviknight|Corviknight, F|76/100
|-damage|p1a: Corviknight|64/100|[from] Stealth Rock
|-ability|p1a: Corviknight|Pressure
|move|p2a: Scizor|Knock Off|p1a: Corviknight
|-damage|p1a: Corviknight|32/100
|-damage|p2a: Scizor|68/100|[from] item: Rocky Helmet|[of] p1a: Corviknight
|-enditem|p1a: Corviknight|Rocky Helmet|[from] move: Knock Off|[of] p2a: Scizor
|
|upkeep
|turn|22
|
|t:|1760443404
|switch|p2a: Gholdengo|Gholdengo|98/100
|move|p1a: Corviknight|Roost|p1a: Corviknight
|-heal|p1a: Corviknight|82/100
|-singleturn|p1a: Corviknight|move: Roost
|
|-end|p2a: Gholdengo|move: Future Sight
|-resisted|p2a: Gholdengo
|-damage|p2a: Gholdengo|75/100
|upkeep
|turn|23
|
|t:|1760443414
|move|p2a: Gholdengo|Recover|p2a: Gholdengo
|-heal|p2a: Gholdengo|100/100
|move|p1a: Corviknight|U-turn|p2a: Gholdengo
|-resisted|p2a: Gholdengo
|-damage|p2a: Gholdengo|98/100
|
|t:|1760443421
|switch|p1a: Heatran|Heatran, F|88/100|[from] U-turn
|-damage|p1a: Heatran|76/100|[from] Stealth Rock
|-damage|p1a: Heatran|63/100|[from] Spikes
|
|-heal|p1a: Heatran|69/100|[from] item: Leftovers
|upkeep
|turn|24
|
|t:|1760443424
|switch|p2a: Wo-Chien|Wo-Chien, tera:Poison|99/100
|-ability|p2a: Wo-Chien|Tablets of Ruin
|move|p1a: Heatran|Magma Storm|p2a: Wo-Chien|[miss]
|-miss|p1a: Heatran|p2a: Wo-Chien
|
|-heal|p2a: Wo-Chien|100/100|[from] item: Leftovers
|-heal|p1a: Heatran|76/100|[from] item: Leftovers
|upkeep
|turn|25
|
|t:|1760443431
|move|p2a: Wo-Chien|Knock Off|p1a: Heatran
|-damage|p1a: Heatran|58/100
|-enditem|p1a: Heatran|Leftovers|[from] move: Knock Off|[of] p2a: Wo-Chien
|move|p1a: Heatran|Taunt|p2a: Wo-Chien
|-start|p2a: Wo-Chien|move: Taunt
|
|upkeep
|turn|26
|
|t:|1760443440
|switch|p2a: Dragapult|Dragapult, F|100/100
|move|p1a: Heatran|Magma Storm|p2a: Dragapult
|-resisted|p2a: Dragapult
|-damage|p2a: Dragapult|65/100
|-activate|p2a: Dragapult|move: Magma Storm|[of] p1a: Heatran
|
|-damage|p2a: Dragapult|53/100|[from] move: Magma Storm|[partiallytrapped]
|upkeep
|turn|27
|
|t:|1760443446
|move|p1a: Heatran|Protect|p1a: Heatran
|-singleturn|p1a: Heatran|Protect
|move|p2a: Dragapult|Hex|p1a: Heatran
|-activate|p1a: Heatran|move: Protect
|
|-damage|p2a: Dragapult|40/100|[from] move: Magma Storm|[partiallytrapped]
|upkeep
|turn|28
|
|t:|1760443449
|move|p2a: Dragapult|Hex|p1a: Heatran
|-damage|p1a: Heatran|34/100
|move|p1a: Heatran|Magma Storm|p2a: Dragapult
|-resisted|p2a: Dragapult
|-damage|p2a: Dragapult|5/100
|
|-damage|p2a: Dragapult|0 fnt|[from] move: Magma Storm|[partiallytrapped]
|faint|p2a: Dragapult
|upkeep
|
|t:|1760443454
|switch|p2a: Iron Treads|Iron Treads|100/100
|-item|p2a: Iron Treads|Air Balloon
|turn|29
|
|t:|1760443462
|switch|p1a: Corviknight|Corviknight, F|82/100
|-damage|p1a: Corviknight|69/100|[from] Stealth Rock
|-ability|p1a: Corviknight|Pressure
|move|p2a: Iron Treads|Earthquake|p1a: Corviknight
|-immune|p1a: Corviknight
|
|upkeep
|turn|30
|
|t:|1760443465
|-end|p2a: Iron Treads|Quark Drive|[silent]
|switch|p2a: Gholdengo|Gholdengo|98/100
|move|p1a: Corviknight|U-turn|p2a: Gholdengo
|-resisted|p2a: Gholdengo
|-damage|p2a: Gholdengo|95/100
|
|t:|1760443472
|switch|p1a: Gholdengo|Gholdengo|100/100|[from] U-turn
|-damage|p1a: Gholdengo|94/100|[from] Stealth Rock
|-damage|p1a: Gholdengo|82/100|[from] Spikes
|
|upkeep
|turn|31
|
|t:|1760443476
|switch|p2a: Wo-Chien|Wo-Chien, tera:Poison|100/100
|-ability|p2a: Wo-Chien|Tablets of Ruin
|move|p1a: Gholdengo|Shadow Ball|p2a: Wo-Chien
|-damage|p2a: Wo-Chien|75/100
|
|-heal|p2a: Wo-Chien|81/100|[from] item: Leftovers
|upkeep
|turn|32
|
|t:|1760443481
|move|p1a: Gholdengo|Nasty Plot|p1a: Gholdengo
|-boost|p1a: Gholdengo|spa|2
|move|p2a: Wo-Chien|Substitute|p2a: Wo-Chien
|-start|p2a: Wo-Chien|Substitute
|-damage|p2a: Wo-Chien|56/100
|
|-heal|p2a: Wo-Chien|62/100|[from] item: Leftovers
|upkeep
|turn|33
|
|t:|1760443484
|move|p1a: Gholdengo|Recover|p1a: Gholdengo
|-heal|p1a: Gholdengo|100/100
|move|p2a: Wo-Chien|Knock Off|p1a: Gholdengo
|-supereffective|p1a: Gholdengo
|-damage|p1a: Gholdengo|65/100
|-enditem|p1a: Gholdengo|Covert Cloak|[from] move: Knock Off|[of] p2a: Wo-Chien
|
|-heal|p2a: Wo-Chien|68/100|[from] item: Leftovers
|upkeep
|turn|34
|inactive|marching_cubes has 120 seconds left.
|
|t:|1760443515
|move|p1a: Gholdengo|Recover|p1a: Gholdengo
|-heal|p1a: Gholdengo|100/100
|move|p2a: Wo-Chien|Knock Off|p1a: Gholdengo
|-supereffective|p1a: Gholdengo
|-damage|p1a: Gholdengo|75/100
|
|-heal|p2a: Wo-Chien|74/100|[from] item: Leftovers
|upkeep
|turn|35
|inactive|cr aries has 120 seconds left.
|
|t:|1760443551
|move|p1a: Gholdengo|Shadow Ball|p2a: Wo-Chien
|-end|p2a: Wo-Chien|Substitute
|move|p2a: Wo-Chien|Knock Off|p1a: Gholdengo
|-supereffective|p1a: Gholdengo
|-damage|p1a: Gholdengo|46/100
|
|-heal|p2a: Wo-Chien|81/100|[from] item: Leftovers
|upkeep
|turn|36
|
|t:|1760443561
|switch|p2a: Iron Treads|Iron Treads|100/100
|-item|p2a: Iron Treads|Air Balloon
|move|p1a: Gholdengo|Recover|p1a: Gholdengo
|-heal|p1a: Gholdengo|96/100
|
|upkeep
|turn|37
|
|t:|1760443565
|-terastallize|p1a: Gholdengo|Fighting
|move|p2a: Iron Treads|Earthquake|p1a: Gholdengo
|-damage|p1a: Gholdengo|62/100
|move|p1a: Gholdengo|Tera Blast|p2a: Iron Treads|[anim] Tera Blast Fighting
|-supereffective|p2a: Iron Treads
|-damage|p2a: Iron Treads|0 fnt
|-enditem|p2a: Iron Treads|Air Balloon
|faint|p2a: Iron Treads
|-end|p2a: Iron Treads|Quark Drive|[silent]
|
|upkeep
|
|t:|1760443572
|switch|p2a: Scizor|Scizor, F|68/100
|turn|38
|
|t:|1760443575
|move|p2a: Scizor|Bullet Punch|p1a: Gholdengo
|-damage|p1a: Gholdengo|24/100
|move|p1a: Gholdengo|Recover|p1a: Gholdengo
|-heal|p1a: Gholdengo|74/100
|
|upkeep
|turn|39
|
|t:|1760443580
|move|p2a: Scizor|Bullet Punch|p1a: Gholdengo
|-damage|p1a: Gholdengo|40/100
|move|p1a: Gholdengo|Shadow Ball|p2a: Scizor
|-damage|p2a: Scizor|0 fnt
|faint|p2a: Scizor
|
|upkeep
|
|t:|1760443587
|switch|p2a: Gholdengo|Gholdengo|95/100
|turn|40
|
|t:|1760443590
|switch|p1a: Slowking|Slowking-Galar, F|81/100 par
|-damage|p1a: Slowking|68/100 par|[from] Stealth Rock
|-damage|p1a: Slowking|56/100 par|[from] Spikes
|move|p2a: Gholdengo|Make It Rain|p1a: Slowking
|-damage|p1a: Slowking|27/100 par
|-unboost|p2a: Gholdengo|spa|1
|
|upkeep
|turn|41
|
|t:|1760443594
|move|p2a: Gholdengo|Make It Rain|p1a: Slowking
|-damage|p1a: Slowking|6/100 par
|-unboost|p2a: Gholdengo|spa|1
|-prepare|p1a: Slowking|Chilly Reception|[premajor]
|move|p1a: Slowking|Chilly Reception|p1a: Slowking
|-weather|Snowscape
|
|t:|1760443597
|switch|p1a: Weavile|Weavile, F|100/100|[from] Chilly Reception
|
|-weather|Snowscape|[upkeep]
|upkeep
|turn|42
|
|t:|1760443601
|move|p1a: Weavile|Knock Off|p2a: Gholdengo
|-supereffective|p2a: Gholdengo
|-damage|p2a: Gholdengo|30/100
|-enditem|p2a: Gholdengo|Covert Cloak|[from] move: Knock Off|[of] p1a: Weavile
|move|p2a: Gholdengo|Make It Rain|p1a: Weavile
|-supereffective|p1a: Weavile
|-damage|p1a: Weavile|31/100
|-unboost|p2a: Gholdengo|spa|1
|
|-weather|Snowscape|[upkeep]
|upkeep
|turn|43
|
|t:|1760443611
|switch|p2a: Wo-Chien|Wo-Chien, tera:Poison|81/100
|-ability|p2a: Wo-Chien|Tablets of Ruin
|move|p1a: Weavile|Knock Off|p2a: Wo-Chien
|-damage|p2a: Wo-Chien|54/100
|-enditem|p2a: Wo-Chien|Leftovers|[from] move: Knock Off|[of] p1a: Weavile
|
|-weather|Snowscape|[upkeep]
|upkeep
|turn|44
|
|t:|1760443617
|move|p1a: Weavile|Triple Axel|p2a: Wo-Chien
|-damage|p2a: Wo-Chien|49/100
|-damage|p2a: Wo-Chien|38/100
|-damage|p2a: Wo-Chien|24/100
|-hitcount|p2a: Wo-Chien|3
|move|p2a: Wo-Chien|Substitute|p2a: Wo-Chien
|-fail|p2a: Wo-Chien|move: Substitute|[weak]
|
|-weather|Snowscape|[upkeep]
|upkeep
|turn|45
|-message|marching_cubes forfeited.
|
|win|cr aries
|raw|cr aries's rating: 1634 &rarr; <strong>1649</strong><br />(+15 for winning)
|raw|marching_cubes's rating: 1554 &rarr; <strong>1539</strong><br />(-15 for losing)
|l|☆marching_cubes
|player|p2|
|l|☆cr aries
|player|p1|
