|j|‽HattereneUbers
|j|☆jop90
|t:|1760416912
|gametype|singles
|player|p1|HattereneUbers|unknownf|1470
|player|p2|jop90|266|1417
|gen|9
|tier|[Gen 9] OU
|rated|
|rule|HP Percentage Mod: HP is shown in percentages
|rule|Endless Battle Clause: Forcing endless battles is banned
|rule|Species Clause: Limit one of each Pokémon
|rule|OHKO Clause: OHKO moves are banned
|rule|Evasion Items Clause: Evasion items are banned
|rule|Evasion Moves Clause: Evasion moves are banned
|rule|Evasion Abilities Clause: Evasion abilities are banned
|rule|Sleep Moves Clause: Sleep-inducing moves are banned
|clearpoke
|poke|p1|Darkrai|
|poke|p1|Weezing-Galar, M|
|poke|p1|Jolteon, M|
|poke|p1|Hydrapple, M|
|poke|p1|Landorus-Therian, M|
|poke|p1|Scizor, M|
|poke|p2|Araquanid, M|
|poke|p2|Scizor, M|
|poke|p2|Lokix, M|
|poke|p2|Yanmega, F|
|poke|p2|Forretress, M|
|poke|p2|Ribombee, F|
|teampreview
|inactive|Battle timer is ON: inactive players will automatically lose when time's up. (requested by HattereneUbers)
|
|t:|1760416939
|teamsize|p1|6
|teamsize|p2|6
|start
|switch|p1a: Hydrapple|Hydrapple, M|100/100
|switch|p2a: Lokix|Lokix, M|100/100
|turn|1
|
|t:|1760416964
|move|p2a: Lokix|U-turn|p1a: Hydrapple
|-supereffective|p1a: Hydrapple
|-damage|p1a: Hydrapple|44/100
|
|t:|1760416967
|switch|p2a: Araquanid|Araquanid, M|100/100|[from] U-turn
|move|p1a: Hydrapple|Fickle Beam|p2a: Araquanid
|-damage|p2a: Araquanid|84/100
|
|upkeep
|turn|2
|
|t:|1760416970
|move|p1a: Hydrapple|Nasty Plot|p1a: Hydrapple
|-boost|p1a: Hydrapple|spa|2
|move|p2a: Araquanid|Leech Life|p1a: Hydrapple
|-supereffective|p1a: Hydrapple
|-damage|p1a: Hydrapple|11/100
|-heal|p2a: Araquanid|100/100|[from] drain|[of] p1a: Hydrapple
|
|upkeep
|turn|3
|
|t:|1760416979
|switch|p2a: Ribombee|Ribombee, F|100/100
|move|p1a: Hydrapple|Giga Drain|p2a: Ribombee
|-resisted|p2a: Ribombee
|-damage|p2a: Ribombee|50/100
|-heal|p1a: Hydrapple|27/100|[from] drain|[of] p2a: Ribombee
|
|upkeep
|turn|4
|
|t:|1760416986
|switch|p1a: Scizor|Scizor, M|100/100
|move|p2a: Ribombee|Moonblast|p1a: Scizor
|-resisted|p1a: Scizor
|-damage|p1a: Scizor|76/100
|
|upkeep
|turn|5
|
|t:|1760416990
|switch|p2a: Forretress|Forretress, M|100/100
|move|p1a: Scizor|Bullet Punch|p2a: Forretress
|-resisted|p2a: Forretress
|-damage|p2a: Forretress|86/100
|
|-heal|p2a: Forretress|93/100|[from] item: Leftovers
|upkeep
|turn|6
|
|t:|1760416994
|switch|p1a: Hydrapple|Hydrapple, M|60/100
|move|p2a: Forretress|Volt Switch|p1a: Hydrapple
|-resisted|p1a: Hydrapple
|-damage|p1a: Hydrapple|57/100
|
|t:|1760416996
|switch|p2a: Yanmega|Yanmega, F|100/100|[from] Volt Switch
|
|upkeep
|turn|7
|
|t:|1760417009
|switch|p1a: Landorus|Landorus-Therian, M|100/100
|-ability|p1a: Landorus|Intimidate|boost
|-unboost|p2a: Yanmega|atk|1
|move|p2a: Yanmega|Bug Buzz|p1a: Landorus
|-resisted|p1a: Landorus
|-damage|p1a: Landorus|12/100
|
|upkeep
|turn|8
|
|t:|1760417018
|move|p2a: Yanmega|Bug Buzz|p1a: Landorus
|-resisted|p1a: Landorus
|-damage|p1a: Landorus|0 fnt
|faint|p1a: Landorus
|
|upkeep
|
|t:|1760417029
|switch|p1a: Jolteon|Jolteon, M|100/100
|turn|9
|
|t:|1760417043
|switch|p2a: Ribombee|Ribombee, F|50/100
|move|p1a: Jolteon|Thunderbolt|p2a: Ribombee
|-damage|p2a: Ribombee|0 fnt
|faint|p2a: Ribombee
|
|upkeep
|
|t:|1760417046
|switch|p2a: Lokix|Lokix, M|100/100
|turn|10
|
|t:|1760417054
|switch|p1a: Weezing|Weezing-Galar, M|100/100
|-ability|p1a: Weezing|Neutralizing Gas
|-item|p1a: Weezing|Air Balloon
|move|p2a: Lokix|Knock Off|p1a: Weezing
|-resisted|p1a: Weezing
|-crit|p1a: Weezing
|-damage|p1a: Weezing|68/100
|-enditem|p1a: Weezing|Air Balloon
|
|upkeep
|turn|11
|
|t:|1760417067
|switch|p2a: Araquanid|Araquanid, M|100/100
|-end|p1a: Weezing|ability: Neutralizing Gas
|switch|p1a: Jolteon|Jolteon, M|100/100
|
|upkeep
|turn|12
|
|t:|1760417078
|move|p1a: Jolteon|Volt Switch|p2a: Araquanid
|-supereffective|p2a: Araquanid
|-damage|p2a: Araquanid|63/100
|
|t:|1760417086
|switch|p1a: Scizor|Scizor, M|76/100|[from] Volt Switch
|move|p2a: Araquanid|Mirror Coat|p1a: Scizor
|-damage|p1a: Scizor|0 fnt
|faint|p1a: Scizor
|
|upkeep
|
|t:|1760417102
|switch|p1a: Darkrai|Darkrai|100/100
|turn|13
|
|t:|1760417106
|move|p1a: Darkrai|Thunder Wave|p2a: Araquanid
|-status|p2a: Araquanid|par
|move|p2a: Araquanid|Leech Life|p1a: Darkrai
|-supereffective|p1a: Darkrai
|-damage|p1a: Darkrai|21/100
|-heal|p2a: Araquanid|95/100 par|[from] drain|[of] p1a: Darkrai
|
|-heal|p1a: Darkrai|28/100|[from] item: Leftovers
|upkeep
|turn|14
|
|t:|1760417132
|move|p1a: Darkrai|Nasty Plot|p1a: Darkrai
|-boost|p1a: Darkrai|spa|2
|move|p2a: Araquanid|Leech Life|p1a: Darkrai
|-supereffective|p1a: Darkrai
|-damage|p1a: Darkrai|0 fnt
|-heal|p2a: Araquanid|100/100 par|[from] drain|[of] p1a: Darkrai
|faint|p1a: Darkrai
|
|upkeep
|
|t:|1760417144
|switch|p1a: Hydrapple|Hydrapple, M|91/100
|turn|15
|
|t:|1760417149
|move|p1a: Hydrapple|Nasty Plot|p1a: Hydrapple
|-boost|p1a: Hydrapple|spa|2
|move|p2a: Araquanid|Leech Life|p1a: Hydrapple
|-supereffective|p1a: Hydrapple
|-damage|p1a: Hydrapple|60/100
|
|upkeep
|turn|16
|
|t:|1760417161
|move|p1a: Hydrapple|Nasty Plot|p1a: Hydrapple
|-boost|p1a: Hydrapple|spa|2
|move|p2a: Araquanid|Leech Life|p1a: Hydrapple
|-supereffective|p1a: Hydrapple
|-damage|p1a: Hydrapple|29/100
|
|upkeep
|turn|17
|
|t:|1760417164
|move|p1a: Hydrapple|Giga Drain|p2a: Araquanid
|-damage|p2a: Araquanid|52/100 par
|-heal|p1a: Hydrapple|49/100|[from] drain|[of] p2a: Araquanid
|move|p2a: Araquanid|Mirror Coat|p1a: Hydrapple
|-damage|p1a: Hydrapple|0 fnt
|faint|p1a: Hydrapple
|
|upkeep
|
|t:|1760417170
|switch|p1a: Jolteon|Jolteon, M|100/100
|turn|18
|
|t:|1760417178
|move|p1a: Jolteon|Calm Mind|p1a: Jolteon
|-boost|p1a: Jolteon|spa|1
|-boost|p1a: Jolteon|spd|1
|move|p2a: Araquanid|Mirror Coat||[still]
|-fail|p2a: Araquanid
|
|upkeep
|turn|19
|
|t:|1760417181
|move|p1a: Jolteon|Thunderbolt|p2a: Araquanid
|-supereffective|p2a: Araquanid
|-damage|p2a: Araquanid|0 fnt
|faint|p2a: Araquanid
|
|upkeep
|
|t:|1760417185
|switch|p2a: Lokix|Lokix, M|100/100
|turn|20
|
|t:|1760417204
|-terastallize|p2a: Lokix|Bug
|move|p2a: Lokix|First Impression|p1a: Jolteon
|-damage|p1a: Jolteon|0 fnt
|faint|p1a: Jolteon
|
|upkeep
|
|t:|1760417207
|switch|p1a: Weezing|Weezing-Galar, M|68/100
|-ability|p1a: Weezing|Neutralizing Gas
|turn|21
|-message|HattereneUbers forfeited.
|
|win|jop90
|raw|HattereneUbers's rating: 1470 &rarr; <strong>1446</strong><br />(-24 for losing)
|raw|jop90's rating: 1401 &rarr; <strong>1425</strong><br />(+24 for winning)
|l|☆jop90
|player|p2|
|l|‽HattereneUbers
|player|p1|
