|j|☆juancbas1234
|j|☆fujizen
|t:|1760382455
|gametype|singles
|player|p1|juancbas1234|101|1385
|player|p2|fujizen|lance-gen1|1364
|gen|9
|tier|[Gen 9] OU
|rated|
|rule|HP Percentage Mod: HP is shown in percentages
|rule|Endless Battle Clause: Forcing endless battles is banned
|rule|Species Clause: Limit one of each Pokémon
|rule|OHKO Clause: OHKO moves are banned
|rule|Evasion Items Clause: Evasion items are banned
|rule|Evasion Moves Clause: Evasion moves are banned
|rule|Evasion Abilities Clause: Evasion abilities are banned
|rule|Sleep Moves Clause: Sleep-inducing moves are banned
|clearpoke
|poke|p1|Iron Valiant|
|poke|p1|Gholdengo|
|poke|p1|Dragonite, F|
|poke|p1|Glimmora, F|
|poke|p1|Great Tusk|
|poke|p1|Kingambit, M|
|poke|p2|Pawmot, M|
|poke|p2|Corviknight, F|
|poke|p2|Blissey, F|
|poke|p2|Rabsca, F|
|poke|p2|Ursaluna, F|
|poke|p2|Regidrago|
|teampreview
|inactive|Battle timer is ON: inactive players will automatically lose when time's up. (requested by juancbas1234)
|
|t:|1760382476
|teamsize|p1|6
|teamsize|p2|6
|start
|switch|p1a: Iron Valiant|Iron Valiant|100/100
|switch|p2a: Ursaluna|Ursaluna, F|100/100
|turn|1
|
|t:|1760382485
|switch|p2a: Corviknight|Corviknight, F|100/100
|-ability|p2a: Corviknight|Pressure
|move|p1a: Iron Valiant|Swords Dance|p1a: Iron Valiant
|-boost|p1a: Iron Valiant|atk|2
|
|upkeep
|turn|2
|
|t:|1760382493
|-terastallize|p1a: Iron Valiant|Fighting
|move|p1a: Iron Valiant|Close Combat|p2a: Corviknight
|-damage|p2a: Corviknight|0 fnt
|-unboost|p1a: Iron Valiant|def|1
|-unboost|p1a: Iron Valiant|spd|1
|faint|p2a: Corviknight
|-damage|p1a: Iron Valiant|91/100|[from] item: Life Orb
|
|upkeep
|
|t:|1760382501
|switch|p2a: Regidrago|Regidrago|100/100
|turn|3
|
|t:|1760382512
|move|p2a: Regidrago|Dragon Energy|p1a: Iron Valiant
|-crit|p1a: Iron Valiant
|-damage|p1a: Iron Valiant|0 fnt
|faint|p1a: Iron Valiant
|-end|p1a: Iron Valiant|Quark Drive|[silent]
|
|upkeep
|
|t:|1760382520
|switch|p1a: Glimmora|Glimmora, F|100/100
|turn|4
|
|t:|1760382523
|move|p2a: Regidrago|Dragon Energy|p1a: Glimmora
|-enditem|p1a: Glimmora|Focus Sash
|-damage|p1a: Glimmora|1/100
|move|p1a: Glimmora|Earth Power|p2a: Regidrago
|-damage|p2a: Regidrago|68/100
|
|upkeep
|turn|5
|
|t:|1760382549
|move|p2a: Regidrago|Dragon Energy|p1a: Glimmora
|-damage|p1a: Glimmora|0 fnt
|faint|p1a: Glimmora
|
|upkeep
|
|t:|1760382556
|switch|p1a: Kingambit|Kingambit, M|100/100
|-activate|p1a: Kingambit|ability: Supreme Overlord
|-start|p1a: Kingambit|fallen2|[silent]
|turn|6
|
|t:|1760382562
|switch|p2a: Ursaluna|Ursaluna, F|100/100
|move|p1a: Kingambit|Swords Dance|p1a: Kingambit
|-boost|p1a: Kingambit|atk|2
|
|-status|p2a: Ursaluna|brn|[from] item: Flame Orb
|upkeep
|turn|7
|
|t:|1760382572
|move|p1a: Kingambit|Sucker Punch|p2a: Ursaluna
|-damage|p2a: Ursaluna|31/100 brn
|move|p2a: Ursaluna|Headlong Rush|p1a: Kingambit
|-supereffective|p1a: Kingambit
|-damage|p1a: Kingambit|0 fnt
|-unboost|p2a: Ursaluna|def|1
|-unboost|p2a: Ursaluna|spd|1
|faint|p1a: Kingambit
|-end|p1a: Kingambit|fallen2|[silent]
|
|-damage|p2a: Ursaluna|25/100 brn|[from] brn
|upkeep
|
|t:|1760382583
|switch|p1a: Dragonite|Dragonite, F|100/100
|turn|8
|
|t:|1760382589
|move|p1a: Dragonite|Ice Spinner|p2a: Ursaluna
|-supereffective|p2a: Ursaluna
|-damage|p2a: Ursaluna|0 fnt
|faint|p2a: Ursaluna
|
|upkeep
|
|t:|1760382593
|switch|p2a: Regidrago|Regidrago|68/100
|turn|9
|
|t:|1760382606
|move|p2a: Regidrago|Draco Meteor|p1a: Dragonite
|-supereffective|p1a: Dragonite
|-damage|p1a: Dragonite|9/100
|-unboost|p2a: Regidrago|spa|2
|move|p1a: Dragonite|Dragon Dance|p1a: Dragonite
|-boost|p1a: Dragonite|atk|1
|-boost|p1a: Dragonite|spe|1
|
|upkeep
|turn|10
|
|t:|1760382615
|move|p1a: Dragonite|Extreme Speed|p2a: Regidrago
|-damage|p2a: Regidrago|19/100
|move|p2a: Regidrago|Draco Meteor|p1a: Dragonite
|-supereffective|p1a: Dragonite
|-damage|p1a: Dragonite|0 fnt
|-unboost|p2a: Regidrago|spa|2
|faint|p1a: Dragonite
|
|upkeep
|
|t:|1760382631
|switch|p1a: Great Tusk|Great Tusk|100/100
|-enditem|p1a: Great Tusk|Booster Energy
|-activate|p1a: Great Tusk|ability: Protosynthesis|[fromitem]
|-start|p1a: Great Tusk|protosynthesisatk
|turn|11
|
|t:|1760382638
|switch|p2a: Blissey|Blissey, F|100/100
|move|p1a: Great Tusk|Rapid Spin|p2a: Blissey
|-damage|p2a: Blissey|57/100
|-boost|p1a: Great Tusk|spe|1
|
|upkeep
|turn|12
|
|t:|1760382646
|move|p1a: Great Tusk|Ice Spinner|p2a: Blissey
|-damage|p2a: Blissey|0 fnt
|faint|p2a: Blissey
|
|upkeep
|
|t:|1760382652
|switch|p2a: Rabsca|Rabsca, F|100/100
|turn|13
|
|t:|1760382660
|move|p1a: Great Tusk|Ice Spinner|p2a: Rabsca
|-damage|p2a: Rabsca|64/100
|move|p2a: Rabsca|Revival Blessing|p2a: Rabsca
|
|t:|1760382683
|-heal|p2: Corviknight|50/100|[from] move: Revival Blessing
|
|upkeep
|turn|14
|inactive|juancbas1234 has 120 seconds left.
|inactive|juancbas1234 has 90 seconds left.
|inactive|juancbas1234 has 60 seconds left.
|
|t:|1760382790
|switch|p2a: Corviknight|Corviknight, F|50/100
|-ability|p2a: Corviknight|Pressure
|move|p1a: Great Tusk|Headlong Rush|p2a: Corviknight
|-immune|p2a: Corviknight
|
|-heal|p2a: Corviknight|57/100|[from] item: Leftovers
|upkeep
|turn|15
|
|t:|1760382800
|move|p1a: Great Tusk|Close Combat|p2a: Corviknight
|-damage|p2a: Corviknight|0 fnt
|-unboost|p1a: Great Tusk|def|1
|-unboost|p1a: Great Tusk|spd|1
|faint|p2a: Corviknight
|
|upkeep
|
|t:|1760382806
|switch|p2a: Regidrago|Regidrago|19/100
|turn|16
|inactive|juancbas1234 has 60 seconds left.
|
|t:|1760382836
|move|p1a: Great Tusk|Rapid Spin|p2a: Regidrago
|-damage|p2a: Regidrago|0 fnt
|-boost|p1a: Great Tusk|spe|1
|faint|p2a: Regidrago
|
|upkeep
|
|t:|1760382860
|switch|p2a: Rabsca|Rabsca, F|64/100
|turn|17
|inactive|juancbas1234 has 30 seconds left.
|
|t:|1760382894
|move|p1a: Great Tusk|Headlong Rush|p2a: Rabsca
|-resisted|p2a: Rabsca
|-damage|p2a: Rabsca|15/100
|-unboost|p1a: Great Tusk|def|1
|-unboost|p1a: Great Tusk|spd|1
|move|p2a: Rabsca|Trick|p1a: Great Tusk
|-activate|p2a: Rabsca|move: Trick|[of] p1a: Great Tusk
|-item|p1a: Great Tusk|Choice Scarf|[from] move: Trick
|-enditem|p2a: Rabsca|Choice Scarf|[silent]|[from] move: Trick
|
|upkeep
|turn|18
|inactive|juancbas1234 has 30 seconds left.
|
|t:|1760382904
|move|p1a: Great Tusk|Headlong Rush|p2a: Rabsca
|-resisted|p2a: Rabsca
|-crit|p2a: Rabsca
|-damage|p2a: Rabsca|0 fnt
|-unboost|p1a: Great Tusk|def|1
|-unboost|p1a: Great Tusk|spd|1
|faint|p2a: Rabsca
|
|upkeep
|
|t:|1760382907
|switch|p2a: Pawmot|Pawmot, M|100/100
|turn|19
|inactive|fujizen has 120 seconds left.
|
|t:|1760382951
|move|p1a: Great Tusk|Headlong Rush|p2a: Pawmot
|-supereffective|p2a: Pawmot
|-damage|p2a: Pawmot|0 fnt
|-unboost|p1a: Great Tusk|def|1
|-unboost|p1a: Great Tusk|spd|1
|faint|p2a: Pawmot
|
|win|juancbas1234
|raw|juancbas1234's rating: 1362 &rarr; <strong>1382</strong><br />(+20 for winning)
|raw|fujizen's rating: 1364 &rarr; <strong>1344</strong><br />(-20 for losing)
|l|☆fujizen
|player|p2|
|l|☆juancbas1234
|player|p1|
