|j|☆JasperHatton
|j|☆cjkodjcodjc
|t:|1760378952
|gametype|singles
|player|p1|JasperHatton|palmer|1045
|player|p2|cjkodjcodjc|169|1082
|gen|9
|tier|[Gen 9] OU
|rated|
|rule|HP Percentage Mod: HP is shown in percentages
|rule|Endless Battle Clause: Forcing endless battles is banned
|rule|Species Clause: Limit one of each Pokémon
|rule|OHKO Clause: OHKO moves are banned
|rule|Evasion Items Clause: Evasion items are banned
|rule|Evasion Moves Clause: Evasion moves are banned
|rule|Evasion Abilities Clause: Evasion abilities are banned
|rule|Sleep Moves Clause: Sleep-inducing moves are banned
|clearpoke
|poke|p1|Houndoom, M|
|poke|p1|Lucario, M|
|poke|p1|Gardevoir, F|
|poke|p1|Garchomp, M|
|poke|p1|Leavanny, F|
|poke|p1|Gengar, F|
|poke|p2|Iron Hands|
|poke|p2|Slowking-Galar, F|
|poke|p2|Corviknight, M|
|poke|p2|Gholdengo|
|poke|p2|Ting-Lu|
|poke|p2|Crawdaunt, M|
|teampreview
|
|t:|1760378962
|teamsize|p1|6
|teamsize|p2|6
|start
|switch|p1a: Gengar|Gengar, F|100/100
|switch|p2a: Ting-Lu|Ting-Lu|100/100
|-ability|p2a: Ting-Lu|Vessel of Ruin
|turn|1
|
|t:|1760378970
|move|p1a: Gengar|Energy Ball|p2a: Ting-Lu
|-supereffective|p2a: Ting-Lu
|-damage|p2a: Ting-Lu|72/100
|move|p2a: Ting-Lu|Stealth Rock|p1a: Gengar
|-sidestart|p1: JasperHatton|move: Stealth Rock
|
|-heal|p2a: Ting-Lu|79/100|[from] item: Leftovers
|upkeep
|turn|2
|
|t:|1760378978
|switch|p2a: Slowking|Slowking-Galar, F|100/100
|move|p1a: Gengar|Energy Ball|p2a: Slowking
|-resisted|p2a: Slowking
|-damage|p2a: Slowking|92/100
|
|upkeep
|turn|3
|
|t:|1760378985
|move|p1a: Gengar|Shadow Ball|p2a: Slowking
|-supereffective|p2a: Slowking
|-damage|p2a: Slowking|38/100
|move|p2a: Slowking|Future Sight|p1a: Gengar
|-start|p2a: Slowking|move: Future Sight
|
|upkeep
|turn|4
|
|t:|1760378993
|switch|p2a: Crawdaunt|Crawdaunt, M|100/100
|move|p1a: Gengar|Shadow Ball|p2a: Crawdaunt
|-resisted|p2a: Crawdaunt
|-damage|p2a: Crawdaunt|55/100
|-unboost|p2a: Crawdaunt|spd|1
|
|upkeep
|turn|5
|
|t:|1760379002
|move|p2a: Crawdaunt|Aqua Jet|p1a: Gengar
|-damage|p1a: Gengar|9/100
|move|p1a: Gengar|Thunderbolt|p2a: Crawdaunt
|-supereffective|p2a: Crawdaunt
|-damage|p2a: Crawdaunt|0 fnt
|faint|p2a: Crawdaunt
|
|-end|p1a: Gengar|move: Future Sight
|-supereffective|p1a: Gengar
|-damage|p1a: Gengar|0 fnt
|faint|p1a: Gengar
|upkeep
|inactive|Battle timer is ON: inactive players will automatically lose when time's up. (requested by cjkodjcodjc)
|
|t:|1760379023
|switch|p1a: Lucario|Lucario, M|100/100
|switch|p2a: Iron Hands|Iron Hands|100/100
|-damage|p1a: Lucario|98/100|[from] Stealth Rock
|-enditem|p2a: Iron Hands|Booster Energy
|-activate|p2a: Iron Hands|ability: Quark Drive|[fromitem]
|-start|p2a: Iron Hands|quarkdriveatk
|turn|6
|
|t:|1760379034
|move|p1a: Lucario|Earthquake|p2a: Iron Hands
|-supereffective|p2a: Iron Hands
|-damage|p2a: Iron Hands|62/100
|-damage|p1a: Lucario|88/100|[from] item: Life Orb
|move|p2a: Iron Hands|Drain Punch|p1a: Lucario
|-supereffective|p1a: Lucario
|-damage|p1a: Lucario|0 fnt
|-heal|p2a: Iron Hands|90/100|[from] drain|[of] p1a: Lucario
|faint|p1a: Lucario
|
|upkeep
|
|t:|1760379041
|switch|p1a: Gardevoir|Gardevoir, F|100/100
|-damage|p1a: Gardevoir|88/100|[from] Stealth Rock
|turn|7
|
|t:|1760379055
|-end|p2a: Iron Hands|Quark Drive|[silent]
|switch|p2a: Slowking|Slowking-Galar, F|72/100
|-ability|p1a: Gardevoir|Regenerator|Trace|[from] ability: Trace|[of] p2a: Slowking
|move|p1a: Gardevoir|Moonblast|p2a: Slowking
|-resisted|p2a: Slowking
|-damage|p2a: Slowking|53/100
|-damage|p1a: Gardevoir|78/100|[from] item: Life Orb
|
|upkeep
|turn|8
|
|t:|1760379066
|switch|p1a: Garchomp|Garchomp, M|100/100
|-damage|p1a: Garchomp|94/100|[from] Stealth Rock
|-prepare|p2a: Slowking|Chilly Reception|[premajor]
|move|p2a: Slowking|Chilly Reception|p2a: Slowking
|-weather|Snowscape
|
|t:|1760379074
|switch|p2a: Iron Hands|Iron Hands|90/100|[from] Chilly Reception
|
|-weather|Snowscape|[upkeep]
|upkeep
|turn|9
|
|t:|1760379085
|move|p1a: Garchomp|Earthquake|p2a: Iron Hands
|-supereffective|p2a: Iron Hands
|-damage|p2a: Iron Hands|27/100
|move|p2a: Iron Hands|Ice Punch|p1a: Garchomp
|-supereffective|p1a: Garchomp
|-damage|p1a: Garchomp|0 fnt
|-damage|p2a: Iron Hands|14/100|[from] ability: Rough Skin|[of] p1a: Garchomp
|-damage|p2a: Iron Hands|0 fnt|[from] item: Rocky Helmet|[of] p1a: Garchomp
|faint|p1a: Garchomp
|faint|p2a: Iron Hands
|-end|p2a: Iron Hands|Quark Drive|[silent]
|
|-weather|Snowscape|[upkeep]
|upkeep
|
|t:|1760379097
|switch|p1a: Houndoom|Houndoom, M|100/100
|switch|p2a: Gholdengo|Gholdengo|100/100
|-damage|p1a: Houndoom|76/100|[from] Stealth Rock
|turn|10
|
|t:|1760379106
|switch|p2a: Slowking|Slowking-Galar, F|86/100
|move|p1a: Houndoom|Flamethrower|p2a: Slowking
|-damage|p2a: Slowking|63/100
|
|-weather|Snowscape|[upkeep]
|upkeep
|turn|11
|
|t:|1760379113
|move|p1a: Houndoom|Dark Pulse|p2a: Slowking
|-supereffective|p2a: Slowking
|-damage|p2a: Slowking|20/100
|cant|p2a: Slowking|flinch
|
|-weather|Snowscape|[upkeep]
|upkeep
|turn|12
|
|t:|1760379119
|switch|p2a: Corviknight|Corviknight, M|100/100
|-ability|p2a: Corviknight|Pressure
|move|p1a: Houndoom|Dark Pulse|p2a: Corviknight
|-damage|p2a: Corviknight|64/100
|
|-weather|none
|upkeep
|turn|13
|
|t:|1760379128
|switch|p2a: Ting-Lu|Ting-Lu|79/100
|-ability|p2a: Ting-Lu|Vessel of Ruin
|move|p1a: Houndoom|Flamethrower|p2a: Ting-Lu
|-crit|p2a: Ting-Lu
|-damage|p2a: Ting-Lu|53/100
|
|-heal|p2a: Ting-Lu|59/100|[from] item: Leftovers
|upkeep
|turn|14
|
|t:|1760379139
|-terastallize|p1a: Houndoom|Flying
|move|p1a: Houndoom|Flamethrower|p2a: Ting-Lu
|-damage|p2a: Ting-Lu|42/100
|move|p2a: Ting-Lu|Earthquake|p1a: Houndoom
|-immune|p1a: Houndoom
|
|-heal|p2a: Ting-Lu|48/100|[from] item: Leftovers
|upkeep
|turn|15
|
|t:|1760379148
|move|p1a: Houndoom|Flamethrower|p2a: Ting-Lu
|-damage|p2a: Ting-Lu|31/100
|-status|p2a: Ting-Lu|brn
|move|p2a: Ting-Lu|Whirlwind|p1a: Houndoom
|drag|p1a: Leavanny|Leavanny, F|100/100
|-damage|p1a: Leavanny|76/100|[from] Stealth Rock
|
|-heal|p2a: Ting-Lu|38/100 brn|[from] item: Leftovers
|-damage|p2a: Ting-Lu|31/100 brn|[from] brn
|upkeep
|turn|16
|
|t:|1760379159
|move|p1a: Leavanny|Leaf Blade|p2a: Ting-Lu
|-supereffective|p2a: Ting-Lu
|-damage|p2a: Ting-Lu|0 fnt
|faint|p2a: Ting-Lu
|
|upkeep
|
|t:|1760379170
|switch|p2a: Slowking|Slowking-Galar, F|53/100
|turn|17
|
|t:|1760379177
|move|p1a: Leavanny|Knock Off|p2a: Slowking
|-supereffective|p2a: Slowking
|-damage|p2a: Slowking|0 fnt
|-enditem|p2a: Slowking|Heavy-Duty Boots|[from] move: Knock Off|[of] p1a: Leavanny
|faint|p2a: Slowking
|
|upkeep
|
|t:|1760379183
|switch|p2a: Corviknight|Corviknight, M|64/100
|-ability|p2a: Corviknight|Pressure
|turn|18
|
|t:|1760379186
|move|p1a: Leavanny|Knock Off|p2a: Corviknight
|-damage|p2a: Corviknight|45/100
|-damage|p1a: Leavanny|59/100|[from] item: Rocky Helmet|[of] p2a: Corviknight
|-enditem|p2a: Corviknight|Rocky Helmet|[from] move: Knock Off|[of] p1a: Leavanny
|move|p2a: Corviknight|Brave Bird|p1a: Leavanny
|-supereffective|p1a: Leavanny
|-damage|p1a: Leavanny|0 fnt
|faint|p1a: Leavanny
|-damage|p2a: Corviknight|31/100|[from] Recoil
|
|upkeep
|
|t:|1760379195
|switch|p1a: Houndoom|Houndoom, M, tera:Flying|76/100
|-damage|p1a: Houndoom|51/100|[from] Stealth Rock
|turn|19
|
|t:|1760379204
|move|p1a: Houndoom|Flamethrower|p2a: Corviknight
|-supereffective|p2a: Corviknight
|-damage|p2a: Corviknight|0 fnt
|faint|p2a: Corviknight
|
|upkeep
|
|t:|1760379209
|switch|p2a: Gholdengo|Gholdengo|100/100
|turn|20
|
|t:|1760379238
|-terastallize|p2a: Gholdengo|Fighting
|move|p2a: Gholdengo|Trick|p1a: Houndoom
|-activate|p2a: Gholdengo|move: Trick|[of] p1a: Houndoom
|-item|p1a: Houndoom|Choice Scarf|[from] move: Trick
|-item|p2a: Gholdengo|Focus Sash|[from] move: Trick
|move|p1a: Houndoom|Flamethrower|p2a: Gholdengo
|-damage|p2a: Gholdengo|50/100
|-status|p2a: Gholdengo|brn
|
|-damage|p2a: Gholdengo|44/100 brn|[from] brn
|upkeep
|turn|21
|
|t:|1760379249
|move|p1a: Houndoom|Flamethrower|p2a: Gholdengo
|-damage|p2a: Gholdengo|0 fnt
|faint|p2a: Gholdengo
|
|win|JasperHatton
|raw|JasperHatton's rating: 1045 &rarr; <strong>1082</strong><br />(+37 for winning)
|raw|cjkodjcodjc's rating: 1082 &rarr; <strong>1057</strong><br />(-25 for losing)
|l|☆cjkodjcodjc
|player|p2|
|c|☆JasperHatton|Gg
