|j|☆SHEWILLBETRAYu_067
|j|☆ikealavike
|t:|1760395926
|gametype|singles
|player|p1|SHEWILLBETRAYu_067|clerk|1295
|player|p2|ikealavike|101|1313
|gen|9
|tier|[Gen 9] OU
|rated|
|rule|HP Percentage Mod: HP is shown in percentages
|rule|Endless Battle Clause: Forcing endless battles is banned
|rule|Species Clause: Limit one of each Pokémon
|rule|OHKO Clause: OHKO moves are banned
|rule|Evasion Items Clause: Evasion items are banned
|rule|Evasion Moves Clause: Evasion moves are banned
|rule|Evasion Abilities Clause: Evasion abilities are banned
|rule|Sleep Moves Clause: Sleep-inducing moves are banned
|clearpoke
|poke|p1|Scizor, F|
|poke|p1|Ting-Lu|
|poke|p1|Primarina, M|
|poke|p1|Iron Moth|
|poke|p1|Dragonite, F|
|poke|p1|Gholdengo|
|poke|p2|Ting-Lu|
|poke|p2|Kingambit, F|
|poke|p2|Clefable, M|
|poke|p2|Zapdos|
|poke|p2|Primarina, M|
|poke|p2|Pecharunt|
|teampreview
|
|t:|1760395954
|teamsize|p1|6
|teamsize|p2|6
|start
|switch|p1a: Scizor|Scizor, F|100/100
|switch|p2a: Ting-Lu|Ting-Lu|100/100
|-ability|p2a: Ting-Lu|Vessel of Ruin
|turn|1
|
|t:|1760395964
|move|p1a: Scizor|U-turn|p2a: Ting-Lu
|-supereffective|p2a: Ting-Lu
|-damage|p2a: Ting-Lu|53/100
|
|t:|1760395968
|switch|p1a: Dragonite|Dragonite, F|100/100|[from] U-turn
|move|p2a: Ting-Lu|Stealth Rock|p1a: Dragonite
|-sidestart|p1: SHEWILLBETRAYu_067|move: Stealth Rock
|
|-heal|p2a: Ting-Lu|59/100|[from] item: Leftovers
|upkeep
|turn|2
|
|t:|1760395979
|switch|p2a: Primarina|Primarina, M|100/100
|move|p1a: Dragonite|Dragon Dance|p1a: Dragonite
|-boost|p1a: Dragonite|atk|1
|-boost|p1a: Dragonite|spe|1
|
|upkeep
|turn|3
|
|t:|1760395986
|move|p1a: Dragonite|Dragon Dance|p1a: Dragonite
|-boost|p1a: Dragonite|atk|1
|-boost|p1a: Dragonite|spe|1
|move|p2a: Primarina|Encore|p1a: Dragonite
|-start|p1a: Dragonite|Encore
|
|upkeep
|turn|4
|
|t:|1760395991
|move|p1a: Dragonite|Dragon Dance|p1a: Dragonite
|-boost|p1a: Dragonite|atk|1
|-boost|p1a: Dragonite|spe|1
|move|p2a: Primarina|Ice Beam|p1a: Dragonite
|-supereffective|p1a: Dragonite
|-damage|p1a: Dragonite|42/100
|
|upkeep
|turn|5
|
|t:|1760396003
|move|p1a: Dragonite|Dragon Dance|p1a: Dragonite
|-boost|p1a: Dragonite|atk|1
|-boost|p1a: Dragonite|spe|1
|move|p2a: Primarina|Ice Beam|p1a: Dragonite
|-supereffective|p1a: Dragonite
|-damage|p1a: Dragonite|0 fnt
|faint|p1a: Dragonite
|
|upkeep
|
|t:|1760396012
|switch|p1a: Primarina|Primarina, M|100/100
|-damage|p1a: Primarina|88/100|[from] Stealth Rock
|turn|6
|
|t:|1760396019
|switch|p2a: Pecharunt|Pecharunt|100/100
|move|p1a: Primarina|Hyper Voice|p2a: Pecharunt
|-damage|p2a: Pecharunt|65/100
|
|-heal|p2a: Pecharunt|72/100|[from] item: Leftovers
|-heal|p1a: Primarina|94/100|[from] item: Leftovers
|upkeep
|turn|7
|
|t:|1760396029
|-terastallize|p1a: Primarina|Poison
|move|p2a: Pecharunt|Malignant Chain|p1a: Primarina
|-resisted|p1a: Primarina
|-damage|p1a: Primarina|75/100
|move|p1a: Primarina|Calm Mind|p1a: Primarina
|-boost|p1a: Primarina|spa|1
|-boost|p1a: Primarina|spd|1
|
|-heal|p2a: Pecharunt|78/100|[from] item: Leftovers
|-heal|p1a: Primarina|81/100|[from] item: Leftovers
|upkeep
|turn|8
|
|t:|1760396042
|switch|p2a: Ting-Lu|Ting-Lu|59/100
|-ability|p2a: Ting-Lu|Vessel of Ruin
|move|p1a: Primarina|Calm Mind|p1a: Primarina
|-boost|p1a: Primarina|spa|1
|-boost|p1a: Primarina|spd|1
|
|-heal|p1a: Primarina|87/100|[from] item: Leftovers
|-heal|p2a: Ting-Lu|65/100|[from] item: Leftovers
|upkeep
|turn|9
|
|t:|1760396052
|move|p1a: Primarina|Calm Mind|p1a: Primarina
|-boost|p1a: Primarina|spa|1
|-boost|p1a: Primarina|spd|1
|move|p2a: Ting-Lu|Earthquake|p1a: Primarina
|-supereffective|p1a: Primarina
|-damage|p1a: Primarina|26/100
|
|-heal|p1a: Primarina|32/100|[from] item: Leftovers
|-heal|p2a: Ting-Lu|71/100|[from] item: Leftovers
|upkeep
|turn|10
|
|t:|1760396060
|move|p1a: Primarina|Draining Kiss|p2a: Ting-Lu
|-supereffective|p2a: Ting-Lu
|-damage|p2a: Ting-Lu|8/100
|-heal|p1a: Primarina|99/100|[from] drain|[of] p2a: Ting-Lu
|move|p2a: Ting-Lu|Earthquake|p1a: Primarina
|-supereffective|p1a: Primarina
|-damage|p1a: Primarina|38/100
|
|-heal|p1a: Primarina|44/100|[from] item: Leftovers
|-heal|p2a: Ting-Lu|14/100|[from] item: Leftovers
|upkeep
|turn|11
|
|t:|1760396069
|move|p1a: Primarina|Draining Kiss|p2a: Ting-Lu
|-supereffective|p2a: Ting-Lu
|-damage|p2a: Ting-Lu|0 fnt
|-heal|p1a: Primarina|58/100|[from] drain|[of] p2a: Ting-Lu
|faint|p2a: Ting-Lu
|
|-heal|p1a: Primarina|65/100|[from] item: Leftovers
|upkeep
|
|t:|1760396077
|switch|p2a: Kingambit|Kingambit, F|100/100
|-activate|p2a: Kingambit|ability: Supreme Overlord
|-start|p2a: Kingambit|fallen1|[silent]
|turn|12
|
|t:|1760396081
|move|p1a: Primarina|Hyper Voice|p2a: Kingambit
|-damage|p2a: Kingambit|10/100
|move|p2a: Kingambit|Swords Dance|p2a: Kingambit
|-boost|p2a: Kingambit|atk|2
|
|-heal|p1a: Primarina|71/100|[from] item: Leftovers
|-heal|p2a: Kingambit|17/100|[from] item: Leftovers
|upkeep
|turn|13
|
|t:|1760396089
|move|p2a: Kingambit|Sucker Punch|p1a: Primarina
|-damage|p1a: Primarina|0 fnt
|faint|p1a: Primarina
|
|-heal|p2a: Kingambit|23/100|[from] item: Leftovers
|upkeep
|
|t:|1760396092
|switch|p1a: Ting-Lu|Ting-Lu|100/100
|-damage|p1a: Ting-Lu|94/100|[from] Stealth Rock
|-ability|p1a: Ting-Lu|Vessel of Ruin
|turn|14
|
|t:|1760396105
|move|p2a: Kingambit|Low Kick|p1a: Ting-Lu
|-supereffective|p1a: Ting-Lu
|-damage|p1a: Ting-Lu|0 fnt
|-damage|p2a: Kingambit|6/100|[from] item: Rocky Helmet|[of] p1a: Ting-Lu
|faint|p1a: Ting-Lu
|
|-heal|p2a: Kingambit|12/100|[from] item: Leftovers
|upkeep
|
|t:|1760396107
|switch|p1a: Scizor|Scizor, F|100/100
|-damage|p1a: Scizor|88/100|[from] Stealth Rock
|turn|15
|
|t:|1760396115
|-end|p2a: Kingambit|fallen1|[silent]
|switch|p2a: Pecharunt|Pecharunt|78/100
|move|p1a: Scizor|Bullet Punch|p2a: Pecharunt
|-damage|p2a: Pecharunt|48/100
|
|-heal|p2a: Pecharunt|54/100|[from] item: Leftovers
|upkeep
|turn|16
|
|t:|1760396122
|move|p1a: Scizor|Bullet Punch|p2a: Pecharunt
|-damage|p2a: Pecharunt|23/100
|move|p2a: Pecharunt|Recover|p2a: Pecharunt
|-heal|p2a: Pecharunt|73/100
|
|-heal|p2a: Pecharunt|79/100|[from] item: Leftovers
|upkeep
|turn|17
|
|t:|1760396130
|switch|p1a: Iron Moth|Iron Moth|100/100
|-damage|p1a: Iron Moth|75/100|[from] Stealth Rock
|-enditem|p1a: Iron Moth|Booster Energy
|-activate|p1a: Iron Moth|ability: Quark Drive|[fromitem]
|-start|p1a: Iron Moth|quarkdrivespe
|move|p2a: Pecharunt|Recover|p2a: Pecharunt
|-heal|p2a: Pecharunt|100/100
|
|upkeep
|turn|18
|
|t:|1760396139
|move|p1a: Iron Moth|Fiery Dance|p2a: Pecharunt
|-damage|p2a: Pecharunt|60/100
|move|p2a: Pecharunt|Nasty Plot|p2a: Pecharunt
|-boost|p2a: Pecharunt|spa|2
|
|-heal|p2a: Pecharunt|66/100|[from] item: Leftovers
|upkeep
|turn|19
|
|t:|1760396152
|move|p1a: Iron Moth|Fiery Dance|p2a: Pecharunt
|-damage|p2a: Pecharunt|27/100
|move|p2a: Pecharunt|Hex|p1a: Iron Moth
|-damage|p1a: Iron Moth|19/100
|
|-heal|p2a: Pecharunt|33/100|[from] item: Leftovers
|upkeep
|turn|20
|
|t:|1760396163
|switch|p2a: Primarina|Primarina, M|100/100
|move|p1a: Iron Moth|Fiery Dance|p2a: Primarina
|-resisted|p2a: Primarina
|-damage|p2a: Primarina|85/100
|-boost|p1a: Iron Moth|spa|1
|
|-heal|p2a: Primarina|91/100|[from] item: Leftovers
|upkeep
|turn|21
|
|t:|1760396194
|move|p1a: Iron Moth|Energy Ball|p2a: Primarina
|-supereffective|p2a: Primarina
|-damage|p2a: Primarina|21/100
|move|p2a: Primarina|Hyper Voice|p1a: Iron Moth
|-supereffective|p1a: Iron Moth
|-damage|p1a: Iron Moth|0 fnt
|faint|p1a: Iron Moth
|-end|p1a: Iron Moth|Quark Drive|[silent]
|
|-heal|p2a: Primarina|27/100|[from] item: Leftovers
|upkeep
|
|t:|1760396216
|switch|p1a: Scizor|Scizor, F|88/100
|-damage|p1a: Scizor|76/100|[from] Stealth Rock
|turn|22
|
|t:|1760396222
|move|p1a: Scizor|U-turn|p2a: Primarina
|-resisted|p2a: Primarina
|-damage|p2a: Primarina|0 fnt
|faint|p2a: Primarina
|
|t:|1760396224
|switch|p1a: Gholdengo|Gholdengo|100/100|[from] U-turn
|-damage|p1a: Gholdengo|94/100|[from] Stealth Rock
|-item|p1a: Gholdengo|Air Balloon
|
|upkeep
|
|t:|1760396231
|switch|p2a: Pecharunt|Pecharunt|33/100
|turn|23
|
|t:|1760396234
|move|p1a: Gholdengo|Shadow Ball|p2a: Pecharunt
|-supereffective|p2a: Pecharunt
|-crit|p2a: Pecharunt
|-damage|p2a: Pecharunt|0 fnt
|faint|p2a: Pecharunt
|
|upkeep
|
|t:|1760396239
|switch|p2a: Zapdos|Zapdos|100/100
|turn|24
|
|t:|1760396244
|move|p1a: Gholdengo|Shadow Ball|p2a: Zapdos
|-damage|p2a: Zapdos|60/100
|move|p2a: Zapdos|Heat Wave|p1a: Gholdengo|[miss]
|-miss|p2a: Zapdos|p1a: Gholdengo
|
|upkeep
|turn|25
|
|t:|1760396260
|move|p1a: Gholdengo|Shadow Ball|p2a: Zapdos
|-damage|p2a: Zapdos|20/100
|move|p2a: Zapdos|Roost|p2a: Zapdos
|-heal|p2a: Zapdos|70/100
|-singleturn|p2a: Zapdos|move: Roost
|
|upkeep
|turn|26
|c|☆ikealavike|cries a singular tear
|
|t:|1760396268
|move|p1a: Gholdengo|Nasty Plot|p1a: Gholdengo
|-boost|p1a: Gholdengo|spa|2
|move|p2a: Zapdos|Roost|p2a: Zapdos
|-heal|p2a: Zapdos|100/100
|-singleturn|p2a: Zapdos|move: Roost
|
|upkeep
|turn|27
|
|t:|1760396276
|-terastallize|p2a: Zapdos|Fire
|move|p1a: Gholdengo|Shadow Ball|p2a: Zapdos
|-damage|p2a: Zapdos|21/100
|move|p2a: Zapdos|Heat Wave|p1a: Gholdengo
|-supereffective|p1a: Gholdengo
|-damage|p1a: Gholdengo|0 fnt
|-enditem|p1a: Gholdengo|Air Balloon
|faint|p1a: Gholdengo
|
|upkeep
|
|t:|1760396287
|switch|p1a: Scizor|Scizor, F|76/100
|-damage|p1a: Scizor|64/100|[from] Stealth Rock
|turn|28
|
|t:|1760396291
|move|p1a: Scizor|Bullet Punch|p2a: Zapdos
|-resisted|p2a: Zapdos
|-damage|p2a: Zapdos|0 fnt
|faint|p2a: Zapdos
|
|upkeep
|
|t:|1760396301
|switch|p2a: Clefable|Clefable, M|100/100
|turn|29
|
|t:|1760396304
|move|p1a: Scizor|Bullet Punch|p2a: Clefable
|-supereffective|p2a: Clefable
|-damage|p2a: Clefable|0 fnt
|faint|p2a: Clefable
|
|upkeep
|
|t:|1760396308
|switch|p2a: Kingambit|Kingambit, F|12/100
|-activate|p2a: Kingambit|ability: Supreme Overlord
|-start|p2a: Kingambit|fallen5|[silent]
|turn|30
|
|t:|1760396315
|move|p1a: Scizor|Bullet Punch|p2a: Kingambit
|-resisted|p2a: Kingambit
|-damage|p2a: Kingambit|0 fnt
|faint|p2a: Kingambit
|-end|p2a: Kingambit|fallen5|[silent]
|
|win|SHEWILLBETRAYu_067
|raw|SHEWILLBETRAYu_067's rating: 1295 &rarr; <strong>1321</strong><br />(+26 for winning)
|raw|ikealavike's rating: 1313 &rarr; <strong>1292</strong><br />(-21 for losing)
|c|☆ikealavike|gg
|c|☆SHEWILLBETRAYu_067|gg
|l|☆ikealavike
|player|p2|
