|j|☆Ellesime
|j|☆lllongtoudishu
|t:|1760364393
|gametype|singles
|player|p1|Ellesime|cheryl|1071
|player|p2|lllongtoudishu|roxie|1079
|gen|9
|tier|[Gen 9] OU
|rated|
|rule|HP Percentage Mod: HP is shown in percentages
|rule|Endless Battle Clause: Forcing endless battles is banned
|rule|Species Clause: Limit one of each Pokémon
|rule|OHKO Clause: OHKO moves are banned
|rule|Evasion Items Clause: Evasion items are banned
|rule|Evasion Moves Clause: Evasion moves are banned
|rule|Evasion Abilities Clause: Evasion abilities are banned
|rule|Sleep Moves Clause: Sleep-inducing moves are banned
|clearpoke
|poke|p1|Milotic, F|
|poke|p1|Hitmonlee, M|
|poke|p1|Zoroark, F|
|poke|p1|Clawitzer, F|
|poke|p1|Magcargo, M|
|poke|p1|Muk, F|
|poke|p2|Araquanid, M|
|poke|p2|Gholdengo|
|poke|p2|Iron Treads|
|poke|p2|Raging Bolt|
|poke|p2|Iron Valiant|
|poke|p2|Dragonite, F|
|teampreview
|
|t:|1760364400
|teamsize|p1|6
|teamsize|p2|6
|start
|switch|p1a: Bayle The Dread|Magcargo, M|100/100
|switch|p2a: Araquanid|Araquanid, M|100/100
|turn|1
|
|t:|1760364409
|move|p1a: Bayle The Dread|Substitute|p1a: Bayle The Dread
|-start|p1a: Bayle The Dread|Substitute
|-damage|p1a: Bayle The Dread|76/100
|move|p2a: Araquanid|Surf|p1a: Bayle The Dread
|-supereffective|p1a: Bayle The Dread
|-end|p1a: Bayle The Dread|Substitute
|
|upkeep
|turn|2
|
|t:|1760364418
|switch|p1a: Susan|Milotic, F|100/100
|move|p2a: Araquanid|Surf|p1a: Susan
|-resisted|p1a: Susan
|-damage|p1a: Susan|80/100
|
|-heal|p1a: Susan|86/100|[from] item: Leftovers
|upkeep
|turn|3
|
|t:|1760364426
|move|p1a: Susan|Aqua Ring|p1a: Susan
|-start|p1a: Susan|Aqua Ring
|move|p2a: Araquanid|Sticky Web|p1a: Susan
|-sidestart|p1: Ellesime|move: Sticky Web
|
|-heal|p1a: Susan|92/100|[from] item: Leftovers
|-heal|p1a: Susan|98/100|[from] Aqua Ring
|upkeep
|turn|4
|
|t:|1760364437
|switch|p2a: Raging Bolt|Raging Bolt|100/100
|-enditem|p2a: Raging Bolt|Booster Energy
|-activate|p2a: Raging Bolt|ability: Protosynthesis|[fromitem]
|-start|p2a: Raging Bolt|protosynthesisspa
|move|p1a: Susan|Scald|p2a: Raging Bolt
|-resisted|p2a: Raging Bolt
|-damage|p2a: Raging Bolt|87/100
|-status|p2a: Raging Bolt|brn
|
|-heal|p1a: Susan|100/100|[from] item: Leftovers
|-damage|p2a: Raging Bolt|81/100 brn|[from] brn
|upkeep
|turn|5
|
|t:|1760364451
|move|p2a: Raging Bolt|Draco Meteor|p1a: Susan
|-damage|p1a: Susan|33/100
|-unboost|p2a: Raging Bolt|spa|2
|move|p1a: Susan|Ice Beam|p2a: Raging Bolt
|-supereffective|p2a: Raging Bolt
|-damage|p2a: Raging Bolt|39/100 brn
|
|-heal|p1a: Susan|39/100|[from] item: Leftovers
|-heal|p1a: Susan|45/100|[from] Aqua Ring
|-damage|p2a: Raging Bolt|33/100 brn|[from] brn
|upkeep
|turn|6
|
|t:|1760364463
|move|p2a: Raging Bolt|Thunderclap||[still]
|-fail|p2a: Raging Bolt
|move|p1a: Susan|Recover|p1a: Susan
|-heal|p1a: Susan|95/100
|
|-heal|p1a: Susan|100/100|[from] item: Leftovers
|-damage|p2a: Raging Bolt|27/100 brn|[from] brn
|upkeep
|turn|7
|
|t:|1760364477
|-end|p2a: Raging Bolt|Protosynthesis|[silent]
|switch|p2a: Dragonite|Dragonite, F|100/100
|move|p1a: Susan|Ice Beam|p2a: Dragonite
|-supereffective|p2a: Dragonite
|-damage|p2a: Dragonite|57/100
|
|upkeep
|turn|8
|-message|lllongtoudishu forfeited.
|
|win|Ellesime
|raw|Ellesime's rating: 1071 &rarr; <strong>1101</strong><br />(+30 for winning)
|raw|lllongtoudishu's rating: 1079 &rarr; <strong>1057</strong><br />(-22 for losing)
|l|☆lllongtoudishu
|player|p2|
|l|☆Ellesime
|player|p1|
