|j|☆Laughable
|j|☆Xerneas2
|t:|1760329257
|gametype|singles
|player|p1|Laughable|tuber|1579
|player|p2|Xerneas2|101|1631
|gen|9
|tier|[Gen 9] OU
|rated|
|rule|HP Percentage Mod: HP is shown in percentages
|rule|Endless Battle Clause: Forcing endless battles is banned
|rule|Species Clause: Limit one of each Pokémon
|rule|OHKO Clause: OHKO moves are banned
|rule|Evasion Items Clause: Evasion items are banned
|rule|Evasion Moves Clause: Evasion moves are banned
|rule|Evasion Abilities Clause: Evasion abilities are banned
|rule|Sleep Moves Clause: Sleep-inducing moves are banned
|clearpoke
|poke|p1|Dragapult, F|
|poke|p1|Gliscor, M|
|poke|p1|Milotic, M|
|poke|p1|Skeledirge, F|
|poke|p1|Weezing-Galar, F|
|poke|p1|Mandibuzz, F|
|poke|p2|Blissey, F|
|poke|p2|Darkrai|
|poke|p2|Dachsbun, M|
|poke|p2|Dragapult, M|
|poke|p2|Gliscor, F|
|poke|p2|Kingambit, M|
|teampreview
|inactive|Battle timer is ON: inactive players will automatically lose when time's up. (requested by Laughable)
|
|t:|1760329293
|teamsize|p1|6
|teamsize|p2|6
|start
|switch|p1a: Weezing|Weezing-Galar, F|100/100
|switch|p2a: Darkrai|Darkrai|100/100
|-ability|p1a: Weezing|Neutralizing Gas
|turn|1
|
|t:|1760329301
|switch|p2a: Blissey|Blissey, F|100/100
|move|p1a: Weezing|Sludge Bomb|p2a: Blissey
|-damage|p2a: Blissey|91/100
|-status|p2a: Blissey|psn
|
|-damage|p2a: Blissey|79/100 psn|[from] psn
|upkeep
|turn|2
|
|t:|1760329306
|move|p1a: Weezing|Pain Split|p2a: Blissey
|-sethp|p2a: Blissey|63/100 psn|[from] move: Pain Split|[silent]
|-sethp|p1a: Weezing|100/100|[from] move: Pain Split
|move|p2a: Blissey|Stealth Rock|p1a: Weezing
|-sidestart|p1: Laughable|move: Stealth Rock
|
|-damage|p2a: Blissey|50/100 psn|[from] psn
|upkeep
|turn|3
|
|t:|1760329310
|move|p1a: Weezing|Defog|p2a: Blissey
|-unboost|p2a: Blissey|evasion|1
|-sideend|p1: Laughable|Stealth Rock|[from] move: Defog|[of] p1a: Weezing
|move|p2a: Blissey|Soft-Boiled|p2a: Blissey
|-heal|p2a: Blissey|99/100 psn
|
|-damage|p2a: Blissey|88/100 psn|[from] psn
|upkeep
|turn|4
|
|t:|1760329314
|move|p1a: Weezing|Pain Split|p2a: Blissey
|-sethp|p2a: Blissey|67/100 psn|[from] move: Pain Split|[silent]
|-sethp|p1a: Weezing|100/100|[from] move: Pain Split
|move|p2a: Blissey|Stealth Rock|p1a: Weezing
|-sidestart|p1: Laughable|move: Stealth Rock
|
|-damage|p2a: Blissey|55/100 psn|[from] psn
|upkeep
|turn|5
|
|t:|1760329337
|switch|p2a: Gliscor|Gliscor, F|100/100
|move|p1a: Weezing|Defog|p2a: Gliscor
|-unboost|p2a: Gliscor|evasion|1
|-sideend|p1: Laughable|Stealth Rock|[from] move: Defog|[of] p1a: Weezing
|
|-status|p2a: Gliscor|tox|[from] item: Toxic Orb
|upkeep
|turn|6
|
|t:|1760329343
|move|p2a: Gliscor|Spikes|p1a: Weezing
|-sidestart|p1: Laughable|Spikes
|move|p1a: Weezing|Sludge Bomb|p2a: Gliscor
|-resisted|p2a: Gliscor
|-damage|p2a: Gliscor|84/100 tox
|
|-damage|p2a: Gliscor|77/100 tox|[from] psn
|upkeep
|turn|7
|
|t:|1760329358
|switch|p2a: Blissey|Blissey, F|55/100 psn
|move|p1a: Weezing|Sludge Bomb|p2a: Blissey
|-damage|p2a: Blissey|45/100 psn
|
|-damage|p2a: Blissey|33/100 psn|[from] psn
|upkeep
|turn|8
|
|t:|1760329365
|move|p1a: Weezing|Defog|p2a: Blissey
|-unboost|p2a: Blissey|evasion|1
|-sideend|p1: Laughable|Spikes|[from] move: Defog|[of] p1a: Weezing
|move|p2a: Blissey|Soft-Boiled|p2a: Blissey
|-heal|p2a: Blissey|83/100 psn
|
|-damage|p2a: Blissey|70/100 psn|[from] psn
|upkeep
|turn|9
|
|t:|1760329373
|switch|p2a: Kingambit|Kingambit, M|100/100
|move|p1a: Weezing|Pain Split|p2a: Kingambit
|-sethp|p2a: Kingambit|92/100|[from] move: Pain Split|[silent]
|-sethp|p1a: Weezing|100/100|[from] move: Pain Split
|
|-heal|p2a: Kingambit|98/100|[from] item: Leftovers
|upkeep
|turn|10
|
|t:|1760329385
|-end|p1a: Weezing|ability: Neutralizing Gas
|switch|p1a: Mandibuzz|Mandibuzz, F|100/100
|-end|p2a: Kingambit|fallenundefined|[silent]
|switch|p2a: Gliscor|Gliscor, F|77/100 tox
|
|-heal|p2a: Gliscor|90/100 tox|[from] ability: Poison Heal
|upkeep
|turn|11
|
|t:|1760329392
|switch|p1a: Weezing|Weezing-Galar, F|100/100
|-ability|p1a: Weezing|Neutralizing Gas
|move|p2a: Gliscor|Spikes|p1a: Weezing
|-sidestart|p1: Laughable|Spikes
|
|-damage|p2a: Gliscor|77/100 tox|[from] psn
|upkeep
|turn|12
|
|t:|1760329396
|move|p2a: Gliscor|Earthquake|p1a: Weezing
|-supereffective|p1a: Weezing
|-damage|p1a: Weezing|59/100
|move|p1a: Weezing|Sludge Bomb|p2a: Gliscor
|-resisted|p2a: Gliscor
|-damage|p2a: Gliscor|60/100 tox
|
|-heal|p1a: Weezing|65/100|[from] item: Leftovers
|-damage|p2a: Gliscor|42/100 tox|[from] psn
|upkeep
|turn|13
|
|t:|1760329404
|switch|p2a: Kingambit|Kingambit, M|98/100
|move|p1a: Weezing|Defog|p2a: Kingambit
|-unboost|p2a: Kingambit|evasion|1
|-sideend|p1: Laughable|Spikes|[from] move: Defog|[of] p1a: Weezing
|
|-heal|p1a: Weezing|71/100|[from] item: Leftovers
|-heal|p2a: Kingambit|100/100|[from] item: Leftovers
|upkeep
|turn|14
|
|t:|1760329414
|-end|p2a: Kingambit|fallenundefined|[silent]
|switch|p2a: Gliscor|Gliscor, F|42/100 tox
|move|p1a: Weezing|Will-O-Wisp||[still]
|-fail|p1a: Weezing
|
|-heal|p1a: Weezing|77/100|[from] item: Leftovers
|-damage|p2a: Gliscor|36/100 tox|[from] psn
|upkeep
|turn|15
|
|t:|1760329427
|switch|p2a: Kingambit|Kingambit, M|100/100
|move|p1a: Weezing|Sludge Bomb|p2a: Kingambit
|-immune|p2a: Kingambit
|
|-heal|p1a: Weezing|83/100|[from] item: Leftovers
|upkeep
|turn|16
|
|t:|1760329431
|move|p1a: Weezing|Will-O-Wisp|p2a: Kingambit
|-status|p2a: Kingambit|brn
|move|p2a: Kingambit|Iron Head|p1a: Weezing
|-supereffective|p1a: Weezing
|-damage|p1a: Weezing|49/100
|
|-heal|p1a: Weezing|55/100|[from] item: Leftovers
|-damage|p2a: Kingambit|94/100 brn|[from] brn
|upkeep
|turn|17
|
|t:|1760329436
|move|p1a: Weezing|Pain Split|p2a: Kingambit
|-sethp|p2a: Kingambit|70/100 brn|[from] move: Pain Split|[silent]
|-sethp|p1a: Weezing|85/100|[from] move: Pain Split
|move|p2a: Kingambit|Iron Head|p1a: Weezing
|-supereffective|p1a: Weezing
|-damage|p1a: Weezing|54/100
|
|-heal|p1a: Weezing|60/100|[from] item: Leftovers
|-heal|p2a: Kingambit|76/100 brn|[from] item: Leftovers
|-damage|p2a: Kingambit|70/100 brn|[from] brn
|upkeep
|turn|18
|
|t:|1760329444
|move|p1a: Weezing|Sludge Bomb|p2a: Kingambit
|-immune|p2a: Kingambit
|move|p2a: Kingambit|Swords Dance|p2a: Kingambit
|-boost|p2a: Kingambit|atk|2
|
|-heal|p1a: Weezing|66/100|[from] item: Leftovers
|-heal|p2a: Kingambit|76/100 brn|[from] item: Leftovers
|-damage|p2a: Kingambit|70/100 brn|[from] brn
|upkeep
|turn|19
|
|t:|1760329452
|-end|p1a: Weezing|ability: Neutralizing Gas
|switch|p1a: Skeledirge|Skeledirge, F|100/100
|move|p2a: Kingambit|Iron Head|p1a: Skeledirge
|-resisted|p1a: Skeledirge
|-damage|p1a: Skeledirge|91/100
|
|-heal|p2a: Kingambit|76/100 brn|[from] item: Leftovers
|-damage|p2a: Kingambit|70/100 brn|[from] brn
|upkeep
|turn|20
|
|t:|1760329457
|move|p2a: Kingambit|Sucker Punch|p1a: Skeledirge
|-supereffective|p1a: Skeledirge
|-damage|p1a: Skeledirge|56/100
|move|p1a: Skeledirge|Torch Song|p2a: Kingambit
|-supereffective|p2a: Kingambit
|-damage|p2a: Kingambit|15/100 brn
|-boost|p1a: Skeledirge|spa|1
|
|-heal|p2a: Kingambit|21/100 brn|[from] item: Leftovers
|-damage|p2a: Kingambit|15/100 brn|[from] brn
|upkeep
|turn|21
|
|t:|1760329463
|-end|p2a: Kingambit|fallenundefined|[silent]
|switch|p2a: Gliscor|Gliscor, F|36/100 tox
|move|p1a: Skeledirge|Slack Off|p1a: Skeledirge
|-heal|p1a: Skeledirge|100/100
|
|-heal|p2a: Gliscor|48/100 tox|[from] ability: Poison Heal
|upkeep
|turn|22
|
|t:|1760329473
|move|p2a: Gliscor|Earthquake|p1a: Skeledirge
|-supereffective|p1a: Skeledirge
|-damage|p1a: Skeledirge|43/100
|move|p1a: Skeledirge|Hex|p2a: Gliscor
|-damage|p2a: Gliscor|0 fnt
|faint|p2a: Gliscor
|
|upkeep
|
|t:|1760329476
|switch|p2a: Darkrai|Darkrai|100/100
|turn|23
|
|t:|1760329498
|-terastallize|p1a: Skeledirge|Water
|move|p2a: Darkrai|Dark Pulse|p1a: Skeledirge
|-damage|p1a: Skeledirge|0 fnt
|faint|p1a: Skeledirge
|
|upkeep
|
|t:|1760329506
|switch|p1a: Mandibuzz|Mandibuzz, F|100/100
|turn|24
|
|t:|1760329512
|switch|p2a: Blissey|Blissey, F|70/100 psn
|move|p1a: Mandibuzz|Knock Off|p2a: Blissey
|-damage|p2a: Blissey|51/100 psn
|-enditem|p2a: Blissey|Heavy-Duty Boots|[from] move: Knock Off|[of] p1a: Mandibuzz
|
|-damage|p2a: Blissey|39/100 psn|[from] psn
|upkeep
|turn|25
|
|t:|1760329530
|switch|p1a: Gliscor|Gliscor, M|100/100
|move|p2a: Blissey|Soft-Boiled|p2a: Blissey
|-heal|p2a: Blissey|89/100 psn
|
|-damage|p2a: Blissey|76/100 psn|[from] psn
|-status|p1a: Gliscor|tox|[from] item: Toxic Orb
|upkeep
|turn|26
|
|t:|1760329546
|move|p1a: Gliscor|Spikes|p2a: Blissey
|-sidestart|p2: Xerneas2|Spikes
|move|p2a: Blissey|Stealth Rock|p1a: Gliscor
|-sidestart|p1: Laughable|move: Stealth Rock
|
|-damage|p2a: Blissey|64/100 psn|[from] psn
|upkeep
|turn|27
|
|t:|1760329551
|-curestatus|p2a: Blissey|psn|[from] ability: Natural Cure
|switch|p2a: Darkrai|Darkrai|100/100
|-damage|p2a: Darkrai|88/100|[from] Spikes
|move|p1a: Gliscor|Toxic|p2a: Darkrai
|-status|p2a: Darkrai|tox
|
|-damage|p2a: Darkrai|82/100 tox|[from] psn
|upkeep
|turn|28
|
|t:|1760329567
|move|p1a: Gliscor|Protect|p1a: Gliscor
|-singleturn|p1a: Gliscor|Protect
|move|p2a: Darkrai|Dark Pulse|p1a: Gliscor
|-activate|p1a: Gliscor|move: Protect
|
|-damage|p2a: Darkrai|70/100 tox|[from] psn
|upkeep
|turn|29
|
|t:|1760329584
|switch|p1a: Milotic|Milotic, M, shiny|100/100
|-terastallize|p2a: Darkrai|Dark
|move|p2a: Darkrai|Dark Pulse|p1a: Milotic
|-damage|p1a: Milotic|48/100
|
|-damage|p2a: Darkrai|52/100 tox|[from] psn
|upkeep
|turn|30
|
|t:|1760329598
|move|p2a: Darkrai|Dark Pulse|p1a: Milotic
|-damage|p1a: Milotic|0 fnt
|faint|p1a: Milotic
|
|-damage|p2a: Darkrai|28/100 tox|[from] psn
|upkeep
|
|t:|1760329601
|switch|p1a: Mandibuzz|Mandibuzz, F|100/100
|turn|31
|
|t:|1760329617
|switch|p2a: Blissey|Blissey, F|64/100
|-damage|p2a: Blissey|51/100|[from] Spikes
|move|p1a: Mandibuzz|Roost||[still]
|-fail|p1a: Mandibuzz|heal
|
|upkeep
|turn|32
|
|t:|1760329636
|switch|p1a: Gliscor|Gliscor, M|100/100 tox
|-damage|p1a: Gliscor|88/100 tox|[from] Stealth Rock
|switch|p2a: Dragapult|Dragapult, M|100/100
|
|-heal|p1a: Gliscor|100/100 tox|[from] ability: Poison Heal
|upkeep
|turn|33
|
|t:|1760329645
|move|p2a: Dragapult|Shadow Ball|p1a: Gliscor
|-damage|p1a: Gliscor|79/100 tox
|move|p1a: Gliscor|Toxic|p2a: Dragapult
|-status|p2a: Dragapult|tox
|
|-damage|p2a: Dragapult|95/100 tox|[from] psn
|-heal|p1a: Gliscor|91/100 tox|[from] ability: Poison Heal
|upkeep
|turn|34
|-message|Xerneas2 forfeited.
|
|win|Laughable
|raw|Laughable's rating: 1579 &rarr; <strong>1602</strong><br />(+23 for winning)
|raw|Xerneas2's rating: 1631 &rarr; <strong>1608</strong><br />(-23 for losing)
|l|☆Xerneas2
|player|p2|
|l|☆Laughable
|player|p1|
