|j|☆nevellen l
|j|☆youjustgotnoobed
|t:|1760367475
|gametype|singles
|player|p1|nevellen l|hilbert|1401
|player|p2|youjustgotnoobed|lady|1384
|gen|9
|tier|[Gen 9] OU
|rated|
|rule|HP Percentage Mod: HP is shown in percentages
|rule|Endless Battle Clause: Forcing endless battles is banned
|rule|Species Clause: Limit one of each Pokémon
|rule|OHKO Clause: OHKO moves are banned
|rule|Evasion Items Clause: Evasion items are banned
|rule|Evasion Moves Clause: Evasion moves are banned
|rule|Evasion Abilities Clause: Evasion abilities are banned
|rule|Sleep Moves Clause: Sleep-inducing moves are banned
|clearpoke
|poke|p1|Samurott-Hisui, F|
|poke|p1|Great Tusk|
|poke|p1|Volcanion|
|poke|p1|Hydrapple, M|
|poke|p1|Gholdengo|
|poke|p1|Landorus-Therian, M|
|poke|p2|Tyranitar, M|
|poke|p2|Gholdengo|
|poke|p2|Excadrill, M|
|poke|p2|Tornadus-Therian, M|
|poke|p2|Ogerpon-Wellspring, F|
|poke|p2|Arcanine, M|
|teampreview
|inactive|Battle timer is ON: inactive players will automatically lose when time's up. (requested by youjustgotnoobed)
|inactive|nevellen l has 120 seconds left.
|
|t:|1760367522
|teamsize|p1|6
|teamsize|p2|6
|start
|switch|p1a: Landorus|Landorus-Therian, M|100/100
|switch|p2a: Ogerpon|Ogerpon-Wellspring, F|100/100
|-ability|p1a: Landorus|Intimidate|boost
|-unboost|p2a: Ogerpon|atk|1
|turn|1
|
|t:|1760367534
|move|p1a: Landorus|U-turn|p2a: Ogerpon
|-supereffective|p2a: Ogerpon
|-damage|p2a: Ogerpon|30/100
|
|t:|1760367540
|switch|p1a: Volcanion|Volcanion|100/100|[from] U-turn
|move|p2a: Ogerpon|U-turn|p1a: Volcanion
|-resisted|p1a: Volcanion
|-crit|p1a: Volcanion
|-damage|p1a: Volcanion|85/100
|
|t:|1760367550
|switch|p2a: Tyranitar|Tyranitar, M|100/100|[from] U-turn
|-weather|Sandstorm|[from] ability: Sand Stream|[of] p2a: Tyranitar
|
|-weather|Sandstorm|[upkeep]
|-damage|p1a: Volcanion|79/100|[from] Sandstorm
|upkeep
|turn|2
|
|t:|1760367558
|move|p1a: Volcanion|Sludge Bomb|p2a: Tyranitar
|-resisted|p2a: Tyranitar
|-damage|p2a: Tyranitar|91/100
|move|p2a: Tyranitar|Knock Off|p1a: Volcanion
|-damage|p1a: Volcanion|16/100
|-enditem|p1a: Volcanion|Heavy-Duty Boots|[from] move: Knock Off|[of] p2a: Tyranitar
|
|-weather|Sandstorm|[upkeep]
|-damage|p1a: Volcanion|10/100|[from] Sandstorm
|upkeep
|turn|3
|
|t:|1760367572
|switch|p1a: Samurott|Samurott-Hisui, F|100/100
|switch|p2a: Ogerpon|Ogerpon-Wellspring, F|30/100
|
|-weather|Sandstorm|[upkeep]
|-damage|p2a: Ogerpon|24/100|[from] Sandstorm
|-damage|p1a: Samurott|94/100|[from] Sandstorm
|upkeep
|turn|4
|
|t:|1760367580
|switch|p1a: Hydrapple|Hydrapple, M|100/100
|move|p2a: Ogerpon|U-turn|p1a: Hydrapple
|-supereffective|p1a: Hydrapple
|-damage|p1a: Hydrapple|69/100
|-damage|p2a: Ogerpon|7/100|[from] item: Rocky Helmet|[of] p1a: Hydrapple
|
|t:|1760367600
|switch|p2a: Gholdengo|Gholdengo|100/100|[from] U-turn
|
|-weather|Sandstorm|[upkeep]
|-damage|p1a: Hydrapple|63/100|[from] Sandstorm
|upkeep
|turn|5
|
|t:|1760367610
|switch|p1a: Samurott|Samurott-Hisui, F|94/100
|move|p2a: Gholdengo|Make It Rain|p1a: Samurott
|-resisted|p1a: Samurott
|-damage|p1a: Samurott|59/100
|-unboost|p2a: Gholdengo|spa|1
|
|-weather|none
|upkeep
|turn|6
|
|t:|1760367618
|switch|p2a: Arcanine|Arcanine, M|100/100
|-ability|p2a: Arcanine|Intimidate|boost
|-unboost|p1a: Samurott|atk|1
|move|p1a: Samurott|Knock Off|p2a: Arcanine
|-damage|p2a: Arcanine|69/100
|-enditem|p2a: Arcanine|Heavy-Duty Boots|[from] move: Knock Off|[of] p1a: Samurott
|
|upkeep
|turn|7
|
|t:|1760367634
|switch|p1a: Landorus|Landorus-Therian, M|100/100
|-ability|p1a: Landorus|Intimidate|boost
|-unboost|p2a: Arcanine|atk|1
|move|p2a: Arcanine|Will-O-Wisp|p1a: Landorus
|-status|p1a: Landorus|brn
|
|-damage|p1a: Landorus|95/100 brn|[from] brn
|upkeep
|turn|8
|
|t:|1760367645
|move|p1a: Landorus|Stone Edge|p2a: Arcanine
|-supereffective|p2a: Arcanine
|-damage|p2a: Arcanine|32/100
|move|p2a: Arcanine|Morning Sun|p2a: Arcanine
|-heal|p2a: Arcanine|82/100
|
|-damage|p1a: Landorus|89/100 brn|[from] brn
|upkeep
|turn|9
|
|t:|1760367662
|switch|p1a: Samurott|Samurott-Hisui, F|59/100
|switch|p2a: Tyranitar|Tyranitar, M|91/100
|-weather|Sandstorm|[from] ability: Sand Stream|[of] p2a: Tyranitar
|
|-weather|Sandstorm|[upkeep]
|-damage|p1a: Samurott|53/100|[from] Sandstorm
|upkeep
|turn|10
|
|t:|1760367675
|move|p1a: Samurott|Ceaseless Edge|p2a: Tyranitar
|-resisted|p2a: Tyranitar
|-crit|p2a: Tyranitar
|-damage|p2a: Tyranitar|67/100
|-sidestart|p2: youjustgotnoobed|Spikes
|move|p2a: Tyranitar|Low Kick|p1a: Samurott
|-supereffective|p1a: Samurott
|-damage|p1a: Samurott|0 fnt
|faint|p1a: Samurott
|
|-weather|Sandstorm|[upkeep]
|upkeep
|
|t:|1760367683
|switch|p1a: Landorus|Landorus-Therian, M|89/100 brn
|-ability|p1a: Landorus|Intimidate|boost
|-unboost|p2a: Tyranitar|atk|1
|turn|11
|
|t:|1760367694
|switch|p2a: Tornadus|Tornadus-Therian, M|100/100
|move|p1a: Landorus|U-turn|p2a: Tornadus
|-resisted|p2a: Tornadus
|-damage|p2a: Tornadus|93/100
|
|t:|1760367702
|switch|p1a: Volcanion|Volcanion|10/100|[from] U-turn
|
|-weather|Sandstorm|[upkeep]
|-damage|p2a: Tornadus|87/100|[from] Sandstorm
|-damage|p1a: Volcanion|4/100|[from] Sandstorm
|upkeep
|turn|12
|
|t:|1760367720
|move|p2a: Tornadus|U-turn|p1a: Volcanion
|-resisted|p1a: Volcanion
|-damage|p1a: Volcanion|0 fnt
|faint|p1a: Volcanion
|
|t:|1760367730
|switch|p2a: Excadrill|Excadrill, M|100/100|[from] U-turn
|-item|p2a: Excadrill|Air Balloon
|
|-weather|Sandstorm|[upkeep]
|upkeep
|
|t:|1760367737
|switch|p1a: Landorus|Landorus-Therian, M|89/100 brn
|-ability|p1a: Landorus|Intimidate|boost
|-unboost|p2a: Excadrill|atk|1
|turn|13
|
|t:|1760367757
|move|p2a: Excadrill|Iron Head|p1a: Landorus
|-damage|p1a: Landorus|55/100 brn
|move|p1a: Landorus|U-turn|p2a: Excadrill
|-resisted|p2a: Excadrill
|-damage|p2a: Excadrill|92/100
|-enditem|p2a: Excadrill|Air Balloon
|
|t:|1760367765
|switch|p1a: Great Tusk|Great Tusk|100/100|[from] U-turn
|
|-weather|none
|upkeep
|turn|14
|
|t:|1760367779
|move|p1a: Great Tusk|Headlong Rush|p2a: Excadrill
|-supereffective|p2a: Excadrill
|-crit|p2a: Excadrill
|-damage|p2a: Excadrill|0 fnt
|-unboost|p1a: Great Tusk|def|1
|-unboost|p1a: Great Tusk|spd|1
|faint|p2a: Excadrill
|
|upkeep
|
|t:|1760367789
|switch|p2a: Arcanine|Arcanine, M|82/100
|-damage|p2a: Arcanine|69/100|[from] Spikes
|-ability|p2a: Arcanine|Intimidate|boost
|-unboost|p1a: Great Tusk|atk|1
|turn|15
|
|t:|1760367798
|move|p2a: Arcanine|Flare Blitz|p1a: Great Tusk
|-damage|p1a: Great Tusk|53/100
|-damage|p2a: Arcanine|54/100|[from] Recoil
|move|p1a: Great Tusk|Headlong Rush|p2a: Arcanine
|-supereffective|p2a: Arcanine
|-damage|p2a: Arcanine|0 fnt
|-unboost|p1a: Great Tusk|def|1
|-unboost|p1a: Great Tusk|spd|1
|faint|p2a: Arcanine
|
|upkeep
|
|t:|1760367804
|switch|p2a: Tornadus|Tornadus-Therian, M|100/100
|turn|16
|
|t:|1760367809
|-end|p1a: Great Tusk|Protosynthesis|[silent]
|switch|p1a: Landorus|Landorus-Therian, M|55/100 brn
|-ability|p1a: Landorus|Intimidate|boost
|-unboost|p2a: Tornadus|atk|1
|move|p2a: Tornadus|Bleakwind Storm|p1a: Landorus
|-damage|p1a: Landorus|9/100 brn
|-unboost|p1a: Landorus|spe|1
|
|-damage|p1a: Landorus|3/100 brn|[from] brn
|upkeep
|turn|17
|
|t:|1760367814
|move|p2a: Tornadus|U-turn|p1a: Landorus
|-resisted|p1a: Landorus
|-damage|p1a: Landorus|0 fnt
|faint|p1a: Landorus
|
|t:|1760367816
|switch|p2a: Tyranitar|Tyranitar, M|67/100|[from] U-turn
|-damage|p2a: Tyranitar|55/100|[from] Spikes
|-weather|Sandstorm|[from] ability: Sand Stream|[of] p2a: Tyranitar
|
|-weather|Sandstorm|[upkeep]
|upkeep
|
|t:|1760367829
|switch|p1a: Gholdengo|Gholdengo|100/100
|-item|p1a: Gholdengo|Air Balloon
|turn|18
|
|t:|1760367842
|-terastallize|p2a: Tyranitar|Bug
|move|p1a: Gholdengo|Make It Rain|p2a: Tyranitar
|-damage|p2a: Tyranitar|7/100
|-unboost|p1a: Gholdengo|spa|1
|move|p2a: Tyranitar|Knock Off|p1a: Gholdengo
|-supereffective|p1a: Gholdengo
|-damage|p1a: Gholdengo|0 fnt
|-enditem|p1a: Gholdengo|Air Balloon
|faint|p1a: Gholdengo
|
|-weather|Sandstorm|[upkeep]
|-damage|p2a: Tyranitar|1/100|[from] Sandstorm
|upkeep
|
|t:|1760367853
|switch|p1a: Hydrapple|Hydrapple, M|96/100
|turn|19
|
|t:|1760367863
|move|p2a: Tyranitar|Knock Off|p1a: Hydrapple
|-damage|p1a: Hydrapple|52/100
|-damage|p2a: Tyranitar|0 fnt|[from] item: Rocky Helmet|[of] p1a: Hydrapple
|faint|p2a: Tyranitar
|move|p1a: Hydrapple|Nasty Plot|p1a: Hydrapple
|-boost|p1a: Hydrapple|spa|2
|
|-weather|Sandstorm|[upkeep]
|-damage|p1a: Hydrapple|46/100|[from] Sandstorm
|upkeep
|
|t:|1760367878
|switch|p2a: Gholdengo|Gholdengo|100/100
|-damage|p2a: Gholdengo|88/100|[from] Spikes
|turn|20
|
|t:|1760367892
|move|p2a: Gholdengo|Make It Rain|p1a: Hydrapple
|-damage|p1a: Hydrapple|0 fnt
|-unboost|p2a: Gholdengo|spa|1
|faint|p1a: Hydrapple
|
|-weather|Sandstorm|[upkeep]
|upkeep
|
|t:|1760367896
|switch|p1a: Great Tusk|Great Tusk|53/100
|turn|21
|
|t:|1760367905
|switch|p2a: Ogerpon|Ogerpon-Wellspring, F|7/100
|-damage|p2a: Ogerpon|0 fnt|[from] Spikes
|faint|p2a: Ogerpon
|move|p1a: Great Tusk|Headlong Rush|p2: Ogerpon|[notarget]
|-fail|p1a: Great Tusk
|
|-weather|none
|upkeep
|
|t:|1760367908
|switch|p2a: Tornadus|Tornadus-Therian, M|100/100
|turn|22
|
|t:|1760367913
|-terastallize|p1a: Great Tusk|Fairy
|move|p2a: Tornadus|Bleakwind Storm|p1a: Great Tusk
|-crit|p1a: Great Tusk
|-damage|p1a: Great Tusk|0 fnt
|faint|p1a: Great Tusk
|-end|p1a: Great Tusk|Protosynthesis|[silent]
|
|win|youjustgotnoobed
|raw|nevellen l's rating: 1401 &rarr; <strong>1380</strong><br />(-21 for losing)
|raw|youjustgotnoobed's rating: 1384 &rarr; <strong>1405</strong><br />(+21 for winning)
|l|☆youjustgotnoobed
|player|p2|
|l|☆nevellen l
|player|p1|
