|j|☆chaomei_shen
|j|☆CroundAF
|t:|1760329872
|gametype|singles
|player|p1|chaomei_shen|266|1398
|player|p2|CroundAF|266|1413
|gen|9
|tier|[Gen 9] OU
|rated|
|rule|HP Percentage Mod: HP is shown in percentages
|rule|Endless Battle Clause: Forcing endless battles is banned
|rule|Species Clause: Limit one of each Pokémon
|rule|OHKO Clause: OHKO moves are banned
|rule|Evasion Items Clause: Evasion items are banned
|rule|Evasion Moves Clause: Evasion moves are banned
|rule|Evasion Abilities Clause: Evasion abilities are banned
|rule|Sleep Moves Clause: Sleep-inducing moves are banned
|clearpoke
|poke|p1|Dragonite, M|
|poke|p1|Hatterene, F|
|poke|p1|Great Tusk|
|poke|p1|Raging Bolt|
|poke|p1|Ting-Lu|
|poke|p1|Kyurem|
|poke|p2|Rillaboom, F|
|poke|p2|Heatran, M|
|poke|p2|Ting-Lu|
|poke|p2|Zamazenta-*|
|poke|p2|Ogerpon-Wellspring, F|
|poke|p2|Pecharunt|
|teampreview
|inactive|Battle timer is ON: inactive players will automatically lose when time's up. (requested by chaomei_shen)
|inactive|CroundAF has 120 seconds left.
|
|t:|1760329933
|teamsize|p1|6
|teamsize|p2|6
|start
|switch|p1a: Kyurem|Kyurem|100/100
|switch|p2a: Rillaboom|Rillaboom, F|100/100
|-ability|p1a: Kyurem|Pressure
|-fieldstart|move: Grassy Terrain|[from] ability: Grassy Surge|[of] p2a: Rillaboom
|turn|1
|
|t:|1760329954
|switch|p2a: Ting-Lu|Ting-Lu|100/100
|-ability|p2a: Ting-Lu|Vessel of Ruin
|move|p1a: Kyurem|Icicle Spear|p2a: Ting-Lu
|-supereffective|p2a: Ting-Lu
|-damage|p2a: Ting-Lu|85/100
|-supereffective|p2a: Ting-Lu
|-damage|p2a: Ting-Lu|69/100
|-supereffective|p2a: Ting-Lu
|-damage|p2a: Ting-Lu|53/100
|-supereffective|p2a: Ting-Lu
|-damage|p2a: Ting-Lu|39/100
|-supereffective|p2a: Ting-Lu
|-damage|p2a: Ting-Lu|24/100
|-hitcount|p2a: Ting-Lu|5
|
|-heal|p2a: Ting-Lu|30/100|[from] Grassy Terrain
|-heal|p2a: Ting-Lu|37/100|[from] item: Leftovers
|upkeep
|turn|2
|
|t:|1760329963
|switch|p2a: Zamazenta|Zamazenta|100/100
|-ability|p2a: Zamazenta|Dauntless Shield|boost
|-boost|p2a: Zamazenta|def|1
|move|p1a: Kyurem|Icicle Spear|p2a: Zamazenta
|-damage|p2a: Zamazenta|94/100
|-damage|p2a: Zamazenta|87/100
|-damage|p2a: Zamazenta|80/100
|-damage|p2a: Zamazenta|74/100
|-damage|p2a: Zamazenta|67/100
|-hitcount|p2a: Zamazenta|5
|
|-heal|p2a: Zamazenta|73/100|[from] Grassy Terrain
|-heal|p2a: Zamazenta|79/100|[from] item: Leftovers
|upkeep
|turn|3
|
|t:|1760329969
|switch|p1a: Hatterene|Hatterene, F|100/100
|move|p2a: Zamazenta|Substitute|p2a: Zamazenta
|-start|p2a: Zamazenta|Substitute
|-damage|p2a: Zamazenta|54/100
|
|-heal|p2a: Zamazenta|60/100|[from] Grassy Terrain
|-heal|p2a: Zamazenta|66/100|[from] item: Leftovers
|upkeep
|turn|4
|
|t:|1760329973
|move|p2a: Zamazenta|Crunch|p1a: Hatterene
|-damage|p1a: Hatterene|78/100
|-unboost|p1a: Hatterene|def|1
|move|p1a: Hatterene|Draining Kiss|p2a: Zamazenta
|-supereffective|p2a: Zamazenta
|-end|p2a: Zamazenta|Substitute
|-heal|p1a: Hatterene|98/100|[from] drain|[of] p2a: Zamazenta
|
|-heal|p2a: Zamazenta|72/100|[from] Grassy Terrain
|-heal|p2a: Zamazenta|79/100|[from] item: Leftovers
|-heal|p1a: Hatterene|100/100|[from] Grassy Terrain
|upkeep
|turn|5
|
|t:|1760329987
|switch|p2a: Heatran|Heatran, M|100/100
|move|p1a: Hatterene|Draining Kiss|p2a: Heatran
|-resisted|p2a: Heatran
|-damage|p2a: Heatran|96/100
|
|-heal|p2a: Heatran|100/100|[from] Grassy Terrain
|-fieldend|move: Grassy Terrain
|upkeep
|turn|6
|
|t:|1760329995
|move|p2a: Heatran|Magma Storm|p1a: Hatterene
|-damage|p1a: Hatterene|71/100
|-activate|p1a: Hatterene|move: Magma Storm|[of] p2a: Heatran
|move|p1a: Hatterene|Nuzzle|p2a: Heatran
|-damage|p2a: Heatran|97/100
|-status|p2a: Heatran|par
|
|-heal|p2a: Heatran|100/100 par|[from] item: Leftovers
|-damage|p1a: Hatterene|59/100|[from] move: Magma Storm|[partiallytrapped]
|upkeep
|turn|7
|
|t:|1760330007
|move|p1a: Hatterene|Psyshock|p2a: Heatran
|-resisted|p2a: Heatran
|-damage|p2a: Heatran|84/100 par
|cant|p2a: Heatran|par
|
|-heal|p2a: Heatran|90/100 par|[from] item: Leftovers
|-damage|p1a: Hatterene|46/100|[from] move: Magma Storm|[partiallytrapped]
|upkeep
|turn|8
|
|t:|1760330011
|move|p1a: Hatterene|Psyshock|p2a: Heatran
|-resisted|p2a: Heatran
|-damage|p2a: Heatran|74/100 par
|move|p2a: Heatran|Earth Power|p1a: Hatterene
|-damage|p1a: Hatterene|29/100
|
|-heal|p2a: Heatran|80/100 par|[from] item: Leftovers
|-damage|p1a: Hatterene|17/100|[from] move: Magma Storm|[partiallytrapped]
|upkeep
|turn|9
|
|t:|1760330020
|move|p1a: Hatterene|Psyshock|p2a: Heatran
|-resisted|p2a: Heatran
|-damage|p2a: Heatran|64/100 par
|move|p2a: Heatran|Earth Power|p1a: Hatterene
|-damage|p1a: Hatterene|0 fnt
|faint|p1a: Hatterene
|
|-heal|p2a: Heatran|70/100 par|[from] item: Leftovers
|upkeep
|
|t:|1760330030
|switch|p1a: Dragonite|Dragonite, M|100/100
|turn|10
|
|t:|1760330034
|move|p1a: Dragonite|Outrage|p2a: Heatran
|-resisted|p2a: Heatran
|-damage|p2a: Heatran|27/100 par
|move|p2a: Heatran|Taunt|p1a: Dragonite
|-start|p1a: Dragonite|move: Taunt
|
|-heal|p2a: Heatran|34/100 par|[from] item: Leftovers
|upkeep
|turn|11
|
|t:|1760330042
|switch|p2a: Pecharunt|Pecharunt|100/100
|move|p1a: Dragonite|Outrage|p2a: Pecharunt|[from] lockedmove
|-damage|p2a: Pecharunt|40/100
|
|upkeep
|turn|12
|
|t:|1760330052
|-terastallize|p2a: Pecharunt|Fairy
|move|p1a: Dragonite|Outrage|p2a: Pecharunt|[from] lockedmove
|-immune|p2a: Pecharunt
|-start|p1a: Dragonite|confusion|[fatigue]
|move|p2a: Pecharunt|Malignant Chain|p1a: Dragonite
|-damage|p1a: Dragonite|75/100
|-status|p1a: Dragonite|tox
|
|-damage|p1a: Dragonite|69/100 tox|[from] psn
|upkeep
|turn|13
|
|t:|1760330062
|switch|p1a: Raging Bolt|Raging Bolt|100/100
|move|p2a: Pecharunt|Recover|p2a: Pecharunt
|-heal|p2a: Pecharunt|90/100
|
|upkeep
|turn|14
|
|t:|1760330078
|switch|p2a: Rillaboom|Rillaboom, F|100/100
|-fieldstart|move: Grassy Terrain|[from] ability: Grassy Surge|[of] p2a: Rillaboom
|-terastallize|p1a: Raging Bolt|Electric
|move|p1a: Raging Bolt|Thunderbolt|p2a: Rillaboom
|-resisted|p2a: Rillaboom
|-damage|p2a: Rillaboom|31/100
|-status|p2a: Rillaboom|par
|
|-heal|p2a: Rillaboom|37/100 par|[from] Grassy Terrain
|upkeep
|turn|15
|
|t:|1760330085
|move|p1a: Raging Bolt|Thunderbolt|p2a: Rillaboom
|-resisted|p2a: Rillaboom
|-damage|p2a: Rillaboom|0 fnt
|faint|p2a: Rillaboom
|
|upkeep
|
|t:|1760330088
|switch|p2a: Ting-Lu|Ting-Lu|37/100
|-ability|p2a: Ting-Lu|Vessel of Ruin
|turn|16
|
|t:|1760330092
|-end|p1a: Raging Bolt|Protosynthesis|[silent]
|switch|p1a: Dragonite|Dragonite, M|69/100 tox
|move|p2a: Ting-Lu|Ruination|p1a: Dragonite
|-damage|p1a: Dragonite|35/100 tox
|
|-heal|p2a: Ting-Lu|43/100|[from] Grassy Terrain
|-heal|p2a: Ting-Lu|49/100|[from] item: Leftovers
|-damage|p1a: Dragonite|29/100 tox|[from] psn
|upkeep
|turn|17
|
|t:|1760330103
|switch|p2a: Pecharunt|Pecharunt, tera:Fairy|90/100
|move|p1a: Dragonite|Earthquake|p2a: Pecharunt
|-damage|p2a: Pecharunt|74/100
|
|-heal|p2a: Pecharunt|80/100|[from] Grassy Terrain
|-damage|p1a: Dragonite|16/100 tox|[from] psn
|upkeep
|turn|18
|
|t:|1760330113
|move|p1a: Dragonite|Earthquake|p2a: Pecharunt
|-damage|p2a: Pecharunt|63/100
|move|p2a: Pecharunt|Shadow Ball|p1a: Dragonite
|-damage|p1a: Dragonite|0 fnt
|faint|p1a: Dragonite
|
|-heal|p2a: Pecharunt|69/100|[from] Grassy Terrain
|-fieldend|move: Grassy Terrain
|upkeep
|
|t:|1760330120
|switch|p1a: Raging Bolt|Raging Bolt, tera:Electric|100/100
|turn|19
|
|t:|1760330131
|move|p2a: Pecharunt|Parting Shot|p1a: Raging Bolt
|-unboost|p1a: Raging Bolt|atk|1
|-unboost|p1a: Raging Bolt|spa|1
|
|t:|1760330135
|switch|p2a: Ting-Lu|Ting-Lu|49/100|[from] Parting Shot
|-ability|p2a: Ting-Lu|Vessel of Ruin
|move|p1a: Raging Bolt|Draco Meteor|p2a: Ting-Lu
|-crit|p2a: Ting-Lu
|-damage|p2a: Ting-Lu|0 fnt
|-unboost|p1a: Raging Bolt|spa|2
|faint|p2a: Ting-Lu
|
|upkeep
|inactive|CroundAF has 120 seconds left.
|
|t:|1760330167
|switch|p2a: Heatran|Heatran, M|34/100 par
|turn|20
|
|t:|1760330177
|-end|p1a: Raging Bolt|Protosynthesis|[silent]
|switch|p1a: Ting-Lu|Ting-Lu|100/100
|-ability|p1a: Ting-Lu|Vessel of Ruin
|cant|p2a: Heatran|par
|
|-heal|p2a: Heatran|40/100 par|[from] item: Leftovers
|upkeep
|turn|21
|inactive|CroundAF has 120 seconds left.
|
|t:|1760330218
|move|p1a: Ting-Lu|Stealth Rock|p2a: Heatran
|-sidestart|p2: CroundAF|move: Stealth Rock
|move|p2a: Heatran|Magma Storm|p1a: Ting-Lu
|-damage|p1a: Ting-Lu|81/100
|-activate|p1a: Ting-Lu|move: Magma Storm|[of] p2a: Heatran
|
|-heal|p1a: Ting-Lu|87/100|[from] item: Leftovers
|-heal|p2a: Heatran|46/100 par|[from] item: Leftovers
|-damage|p1a: Ting-Lu|75/100|[from] move: Magma Storm|[partiallytrapped]
|upkeep
|turn|22
|
|t:|1760330224
|move|p2a: Heatran|Protect|p2a: Heatran
|-singleturn|p2a: Heatran|Protect
|move|p1a: Ting-Lu|Earthquake|p2a: Heatran
|-activate|p2a: Heatran|move: Protect
|
|-heal|p1a: Ting-Lu|81/100|[from] item: Leftovers
|-heal|p2a: Heatran|52/100 par|[from] item: Leftovers
|-damage|p1a: Ting-Lu|69/100|[from] move: Magma Storm|[partiallytrapped]
|upkeep
|turn|23
|
|t:|1760330230
|switch|p2a: Ogerpon|Ogerpon-Wellspring, F|100/100
|-damage|p2a: Ogerpon|88/100|[from] Stealth Rock
|move|p1a: Ting-Lu|Whirlwind|p2a: Ogerpon
|drag|p2a: Zamazenta|Zamazenta|79/100
|-damage|p2a: Zamazenta|72/100|[from] Stealth Rock
|
|-heal|p2a: Zamazenta|79/100|[from] item: Leftovers
|-heal|p1a: Ting-Lu|75/100|[from] item: Leftovers
|-end|p1a: Ting-Lu|Magma Storm|[partiallytrapped]|[silent]
|upkeep
|turn|24
|
|t:|1760330239
|move|p2a: Zamazenta|Substitute|p2a: Zamazenta
|-start|p2a: Zamazenta|Substitute
|-damage|p2a: Zamazenta|54/100
|move|p1a: Ting-Lu|Ruination|p2a: Zamazenta
|-end|p2a: Zamazenta|Substitute
|
|-heal|p2a: Zamazenta|60/100|[from] item: Leftovers
|-heal|p1a: Ting-Lu|81/100|[from] item: Leftovers
|upkeep
|turn|25
|
|t:|1760330248
|move|p2a: Zamazenta|Body Press|p1a: Ting-Lu
|-supereffective|p1a: Ting-Lu
|-damage|p1a: Ting-Lu|40/100
|move|p1a: Ting-Lu|Ruination|p2a: Zamazenta
|-damage|p2a: Zamazenta|30/100
|
|-heal|p2a: Zamazenta|36/100|[from] item: Leftovers
|-heal|p1a: Ting-Lu|47/100|[from] item: Leftovers
|upkeep
|turn|26
|
|t:|1760330255
|move|p2a: Zamazenta|Body Press|p1a: Ting-Lu
|-supereffective|p1a: Ting-Lu
|-crit|p1a: Ting-Lu
|-damage|p1a: Ting-Lu|0 fnt
|faint|p1a: Ting-Lu
|
|-heal|p2a: Zamazenta|43/100|[from] item: Leftovers
|upkeep
|
|t:|1760330263
|switch|p1a: Raging Bolt|Raging Bolt, tera:Electric|100/100
|turn|27
|
|t:|1760330268
|move|p2a: Zamazenta|Substitute|p2a: Zamazenta
|-start|p2a: Zamazenta|Substitute
|-damage|p2a: Zamazenta|18/100
|move|p1a: Raging Bolt|Volt Switch|p2a: Zamazenta
|-end|p2a: Zamazenta|Substitute
|
|t:|1760330270
|-end|p1a: Raging Bolt|Protosynthesis|[silent]
|switch|p1a: Great Tusk|Great Tusk|100/100|[from] Volt Switch
|
|-heal|p2a: Zamazenta|24/100|[from] item: Leftovers
|upkeep
|turn|28
|
|t:|1760330275
|move|p2a: Zamazenta|Body Press|p1a: Great Tusk
|-damage|p1a: Great Tusk|70/100
|move|p1a: Great Tusk|Headlong Rush|p2a: Zamazenta
|-damage|p2a: Zamazenta|0 fnt
|-unboost|p1a: Great Tusk|def|1
|-unboost|p1a: Great Tusk|spd|1
|faint|p2a: Zamazenta
|
|upkeep
|
|t:|1760330280
|switch|p2a: Ogerpon|Ogerpon-Wellspring, F|88/100
|-damage|p2a: Ogerpon|76/100|[from] Stealth Rock
|turn|29
|
|t:|1760330283
|-end|p1a: Great Tusk|Protosynthesis|[silent]
|switch|p1a: Raging Bolt|Raging Bolt, tera:Electric|100/100
|move|p2a: Ogerpon|Ivy Cudgel|p1a: Raging Bolt|[anim] Ivy Cudgel Water
|-damage|p1a: Raging Bolt|56/100
|
|upkeep
|turn|30
|
|t:|1760330292
|move|p2a: Ogerpon|U-turn|p1a: Raging Bolt
|-crit|p1a: Raging Bolt
|-damage|p1a: Raging Bolt|25/100
|
|t:|1760330295
|switch|p2a: Heatran|Heatran, M|52/100 par|[from] U-turn
|-damage|p2a: Heatran|40/100 par|[from] Stealth Rock
|move|p1a: Raging Bolt|Volt Switch|p2a: Heatran
|-damage|p2a: Heatran|0 fnt
|faint|p2a: Heatran
|
|t:|1760330301
|-end|p1a: Raging Bolt|Protosynthesis|[silent]
|switch|p1a: Great Tusk|Great Tusk|70/100|[from] Volt Switch
|
|upkeep
|
|t:|1760330308
|switch|p2a: Ogerpon|Ogerpon-Wellspring, F|76/100
|-damage|p2a: Ogerpon|64/100|[from] Stealth Rock
|turn|31
|
|t:|1760330312
|move|p2a: Ogerpon|Ivy Cudgel|p1a: Great Tusk|[anim] Ivy Cudgel Water
|-supereffective|p1a: Great Tusk
|-damage|p1a: Great Tusk|0 fnt
|faint|p1a: Great Tusk
|-end|p1a: Great Tusk|Protosynthesis|[silent]
|
|upkeep
|
|t:|1760330314
|switch|p1a: Raging Bolt|Raging Bolt, tera:Electric|25/100
|turn|32
|
|t:|1760330324
|switch|p2a: Pecharunt|Pecharunt, tera:Fairy|69/100
|-damage|p2a: Pecharunt|57/100|[from] Stealth Rock
|move|p1a: Raging Bolt|Thunderclap||[still]
|-fail|p1a: Raging Bolt
|
|upkeep
|turn|33
|
|t:|1760330335
|-end|p1a: Raging Bolt|Protosynthesis|[silent]
|switch|p1a: Kyurem|Kyurem|100/100
|-ability|p1a: Kyurem|Pressure
|move|p2a: Pecharunt|Parting Shot|p1a: Kyurem
|-unboost|p1a: Kyurem|atk|1
|-unboost|p1a: Kyurem|spa|1
|
|t:|1760330337
|switch|p2a: Ogerpon|Ogerpon-Wellspring, F|64/100|[from] Parting Shot
|-damage|p2a: Ogerpon|51/100|[from] Stealth Rock
|
|upkeep
|turn|34
|
|t:|1760330343
|move|p2a: Ogerpon|Knock Off|p1a: Kyurem
|-damage|p1a: Kyurem|62/100
|-enditem|p1a: Kyurem|Loaded Dice|[from] move: Knock Off|[of] p2a: Ogerpon
|move|p1a: Kyurem|Icicle Spear|p2a: Ogerpon
|-crit|p2a: Ogerpon
|-damage|p2a: Ogerpon|27/100
|-damage|p2a: Ogerpon|16/100
|-damage|p2a: Ogerpon|3/100
|-hitcount|p2a: Ogerpon|3
|
|upkeep
|turn|35
|
|t:|1760330356
|move|p2a: Ogerpon|Ivy Cudgel|p1a: Kyurem|[anim] Ivy Cudgel Water
|-resisted|p1a: Kyurem
|-damage|p1a: Kyurem|33/100
|move|p1a: Kyurem|Icicle Spear|p2a: Ogerpon
|-damage|p2a: Ogerpon|0 fnt
|faint|p2a: Ogerpon
|-hitcount|p2: Ogerpon|1
|
|upkeep
|
|t:|1760330361
|switch|p2a: Pecharunt|Pecharunt, tera:Fairy|57/100
|-damage|p2a: Pecharunt|44/100|[from] Stealth Rock
|turn|36
|
|t:|1760330365
|move|p1a: Kyurem|Icicle Spear|p2a: Pecharunt
|-damage|p2a: Pecharunt|38/100
|-damage|p2a: Pecharunt|33/100
|-hitcount|p2a: Pecharunt|2
|move|p2a: Pecharunt|Malignant Chain|p1a: Kyurem
|-damage|p1a: Kyurem|0 fnt
|faint|p1a: Kyurem
|
|upkeep
|
|t:|1760330367
|switch|p1a: Raging Bolt|Raging Bolt, tera:Electric|25/100
|turn|37
|
|t:|1760330374
|move|p2a: Pecharunt|Malignant Chain|p1a: Raging Bolt
|-damage|p1a: Raging Bolt|0 fnt
|faint|p1a: Raging Bolt
|-end|p1a: Raging Bolt|Protosynthesis|[silent]
|
|win|CroundAF
|raw|chaomei_shen's rating: 1398 &rarr; <strong>1379</strong><br />(-19 for losing)
|raw|CroundAF's rating: 1413 &rarr; <strong>1432</strong><br />(+19 for winning)
|c|☆CroundAF|Ggs
