|j|☆joven alex
|j|☆themxst
|t:|1760415922
|gametype|singles
|player|p1|joven alex|youngster-gen4dp|1368
|player|p2|themxst|2|1460
|gen|9
|tier|[Gen 9] OU
|rated|
|rule|HP Percentage Mod: HP is shown in percentages
|rule|Endless Battle Clause: Forcing endless battles is banned
|rule|Species Clause: Limit one of each Pokémon
|rule|OHKO Clause: OHKO moves are banned
|rule|Evasion Items Clause: Evasion items are banned
|rule|Evasion Moves Clause: Evasion moves are banned
|rule|Evasion Abilities Clause: Evasion abilities are banned
|rule|Sleep Moves Clause: Sleep-inducing moves are banned
|clearpoke
|poke|p1|Galvantula, M|
|poke|p1|Sinistcha|
|poke|p1|Great Tusk|
|poke|p1|Ninetales-Alola, M|
|poke|p1|Samurott-Hisui, M|
|poke|p1|Heatran, M|
|poke|p2|Ceruledge, M|
|poke|p2|Garganacl, F|
|poke|p2|Greninja-*, M|
|poke|p2|Great Tusk|
|poke|p2|Dragapult, F|
|poke|p2|Ting-Lu|
|teampreview
|
|t:|1760415982
|teamsize|p1|6
|teamsize|p2|6
|start
|switch|p1a: Samurott|Samurott-Hisui, M|100/100
|switch|p2a: Dragapult|Dragapult, F|100/100
|turn|1
|
|t:|1760416000
|move|p1a: Samurott|Ceaseless Edge|p2a: Dragapult
|-supereffective|p2a: Dragapult
|-damage|p2a: Dragapult|0 fnt
|-sidestart|p2: themxst|Spikes
|faint|p2a: Dragapult
|
|upkeep
|
|t:|1760416007
|switch|p2a: Garganacl|Garganacl, F|100/100
|-damage|p2a: Garganacl|88/100|[from] Spikes
|turn|2
|
|t:|1760416031
|move|p1a: Samurott|Ceaseless Edge|p2a: Garganacl
|-damage|p2a: Garganacl|60/100
|-sidestart|p2: themxst|Spikes
|move|p2a: Garganacl|Salt Cure|p1a: Samurott
|-damage|p1a: Samurott|81/100
|-start|p1a: Samurott|Salt Cure
|
|-heal|p2a: Garganacl|67/100|[from] item: Leftovers
|-damage|p1a: Samurott|56/100|[from] Salt Cure
|upkeep
|turn|3
|
|t:|1760416041
|move|p1a: Samurott|Ceaseless Edge|p2a: Garganacl|[miss]
|-miss|p1a: Samurott|p2a: Garganacl
|move|p2a: Garganacl|Curse|p2a: Garganacl
|-unboost|p2a: Garganacl|spe|1
|-boost|p2a: Garganacl|atk|1
|-boost|p2a: Garganacl|def|1
|
|-heal|p2a: Garganacl|73/100|[from] item: Leftovers
|-damage|p1a: Samurott|31/100|[from] Salt Cure
|upkeep
|turn|4
|
|t:|1760416051
|move|p1a: Samurott|Ceaseless Edge|p2a: Garganacl
|-damage|p2a: Garganacl|55/100
|-sidestart|p2: themxst|Spikes
|move|p2a: Garganacl|Earthquake|p1a: Samurott
|-damage|p1a: Samurott|0 fnt
|faint|p1a: Samurott
|
|-heal|p2a: Garganacl|61/100|[from] item: Leftovers
|upkeep
|
|t:|1760416062
|switch|p1a: Sinistcha|Sinistcha|100/100
|turn|5
|
|t:|1760416081
|move|p1a: Sinistcha|Matcha Gotcha|p2a: Garganacl
|-supereffective|p2a: Garganacl
|-damage|p2a: Garganacl|7/100
|move|p2a: Garganacl|Salt Cure|p1a: Sinistcha
|-crit|p1a: Sinistcha
|-damage|p1a: Sinistcha|73/100
|-start|p1a: Sinistcha|Salt Cure
|
|-heal|p1a: Sinistcha|79/100|[from] item: Leftovers
|-heal|p2a: Garganacl|13/100|[from] item: Leftovers
|-damage|p1a: Sinistcha|67/100|[from] Salt Cure
|upkeep
|turn|6
|
|t:|1760416092
|move|p1a: Sinistcha|Matcha Gotcha|p2a: Garganacl
|-supereffective|p2a: Garganacl
|-damage|p2a: Garganacl|0 fnt
|-heal|p1a: Sinistcha|75/100|[from] drain|[of] p2a: Garganacl
|faint|p2a: Garganacl
|
|-heal|p1a: Sinistcha|81/100|[from] item: Leftovers
|-damage|p1a: Sinistcha|69/100|[from] Salt Cure
|upkeep
|
|t:|1760416105
|switch|p2a: Greninja|Greninja, M|100/100
|-damage|p2a: Greninja|76/100|[from] Spikes
|turn|7
|
|t:|1760416137
|switch|p1a: Ninetales|Ninetales-Alola, M|100/100
|-weather|Snowscape|[from] ability: Snow Warning|[of] p1a: Ninetales
|move|p2a: Greninja|Dark Pulse|p1a: Ninetales
|-resisted|p1a: Ninetales
|-damage|p1a: Ninetales|72/100
|-damage|p2a: Greninja|66/100|[from] item: Life Orb
|
|-weather|Snowscape|[upkeep]
|upkeep
|turn|8
|
|t:|1760416147
|move|p2a: Greninja|Sludge Wave|p1a: Ninetales
|-supereffective|p1a: Ninetales
|-damage|p1a: Ninetales|0 fnt
|faint|p1a: Ninetales
|-ability|p2a: Greninja|Battle Bond|boost
|-boost|p2a: Greninja|atk|1
|-boost|p2a: Greninja|spa|1
|-boost|p2a: Greninja|spe|1
|-activate|p2a: Greninja|ability: Battle Bond
|-damage|p2a: Greninja|56/100|[from] item: Life Orb
|
|-weather|Snowscape|[upkeep]
|upkeep
|
|t:|1760416156
|switch|p1a: Galvantula|Galvantula, M|100/100
|turn|9
|
|t:|1760416162
|move|p2a: Greninja|Surf|p1a: Galvantula
|-enditem|p1a: Galvantula|Focus Sash
|-damage|p1a: Galvantula|1/100
|-damage|p2a: Greninja|46/100|[from] item: Life Orb
|move|p1a: Galvantula|Thunder|p2a: Greninja
|-supereffective|p2a: Greninja
|-damage|p2a: Greninja|0 fnt
|faint|p2a: Greninja
|
|-weather|Snowscape|[upkeep]
|upkeep
|
|t:|1760416183
|switch|p2a: Great Tusk|Great Tusk|100/100
|turn|10
|
|t:|1760416196
|switch|p1a: Sinistcha|Sinistcha|69/100
|move|p2a: Great Tusk|Rapid Spin|p1a: Sinistcha
|-immune|p1a: Sinistcha
|
|-weather|Snowscape|[upkeep]
|-heal|p1a: Sinistcha|74/100|[from] item: Leftovers
|upkeep
|turn|11
|
|t:|1760416205
|-terastallize|p2a: Great Tusk|Steel
|move|p2a: Great Tusk|Knock Off|p1a: Sinistcha
|-supereffective|p1a: Sinistcha
|-damage|p1a: Sinistcha|15/100
|-enditem|p1a: Sinistcha|Leftovers|[from] move: Knock Off|[of] p2a: Great Tusk
|move|p1a: Sinistcha|Matcha Gotcha|p2a: Great Tusk|[miss]
|-miss|p1a: Sinistcha|p2a: Great Tusk
|
|-weather|none
|upkeep
|turn|12
|
|t:|1760416216
|move|p2a: Great Tusk|Stealth Rock|p1a: Sinistcha
|-sidestart|p1: joven alex|move: Stealth Rock
|move|p1a: Sinistcha|Strength Sap|p2a: Great Tusk
|-unboost|p2a: Great Tusk|atk|1
|-heal|p1a: Sinistcha|100/100
|
|upkeep
|turn|13
|
|t:|1760416232
|-end|p2a: Great Tusk|Protosynthesis|[silent]
|switch|p2a: Ceruledge|Ceruledge, M|100/100
|-damage|p2a: Ceruledge|76/100|[from] Spikes
|move|p1a: Sinistcha|Shadow Ball|p2a: Ceruledge
|-supereffective|p2a: Ceruledge
|-damage|p2a: Ceruledge|0 fnt
|faint|p2a: Ceruledge
|
|upkeep
|l|☆themxst
|player|p2|
|inactive|Battle timer is ON: inactive players will automatically lose when time's up. (requested by joven alex)
|inactive|themxst has 30 seconds to reconnect!
|inactive|themxst has 20 seconds to reconnect!
|inactive|themxst has 15 seconds to reconnect!
|inactive|themxst has 10 seconds to reconnect!
|inactive|themxst has 5 seconds to reconnect!
|-message|themxst lost due to inactivity.
|
|win|joven alex
|raw|joven alex's rating: 1368 &rarr; <strong>1393</strong><br />(+25 for winning)
|raw|themxst's rating: 1460 &rarr; <strong>1435</strong><br />(-25 for losing)
|l|☆joven alex
|player|p1|
