|j|☆fadingstrawberry
|j|☆purple pastels
|t:|1760314242
|gametype|singles
|player|p1|fadingstrawberry|266|1573
|player|p2|purple pastels|doubleteam|1588
|gen|9
|tier|[Gen 9] OU
|rated|
|rule|HP Percentage Mod: HP is shown in percentages
|rule|Endless Battle Clause: Forcing endless battles is banned
|rule|Species Clause: Limit one of each Pokémon
|rule|OHKO Clause: OHKO moves are banned
|rule|Evasion Items Clause: Evasion items are banned
|rule|Evasion Moves Clause: Evasion moves are banned
|rule|Evasion Abilities Clause: Evasion abilities are banned
|rule|Sleep Moves Clause: Sleep-inducing moves are banned
|clearpoke
|poke|p1|Iron Crown|
|poke|p1|Raging Bolt|
|poke|p1|Araquanid, F|
|poke|p1|Kingambit, F|
|poke|p1|Hatterene, F|
|poke|p1|Latios, M|
|poke|p2|Tornadus-Therian, M|
|poke|p2|Garchomp, M|
|poke|p2|Mimikyu, M|
|poke|p2|Ribombee, M|
|poke|p2|Lucario, M|
|poke|p2|Cresselia, F|
|teampreview
|inactive|Battle timer is ON: inactive players will automatically lose when time's up. (requested by purple pastels)
|
|t:|1760314260
|teamsize|p1|6
|teamsize|p2|6
|start
|switch|p1a: Iron Crown|Iron Crown|100/100
|switch|p2a: Ribombee|Ribombee, M|100/100
|turn|1
|
|t:|1760314262
|move|p2a: Ribombee|Trick|p1a: Iron Crown
|-activate|p2a: Ribombee|move: Trick|[of] p1a: Iron Crown
|-item|p1a: Iron Crown|Choice Scarf|[from] move: Trick
|-item|p2a: Ribombee|Choice Specs|[from] move: Trick
|move|p1a: Iron Crown|Tachyon Cutter|p2a: Ribombee
|-supereffective|p2a: Ribombee
|-damage|p2a: Ribombee|11/100
|-supereffective|p2a: Ribombee
|-damage|p2a: Ribombee|0 fnt
|faint|p2a: Ribombee
|-hitcount|p2: Ribombee|2
|
|upkeep
|
|t:|1760314276
|switch|p2a: Garchomp|Garchomp, M|100/100
|turn|2
|
|t:|1760314286
|-end|p1a: Iron Crown|Quark Drive|[silent]
|switch|p1a: Hatterene|Hatterene, F, shiny|100/100
|move|p2a: Garchomp|Earthquake|p1a: Hatterene
|-damage|p1a: Hatterene|68/100
|
|upkeep
|turn|3
|
|t:|1760314294
|switch|p1a: Araquanid|Araquanid, F|100/100
|move|p2a: Garchomp|Earthquake|p1a: Araquanid
|-resisted|p1a: Araquanid
|-damage|p1a: Araquanid|77/100
|
|upkeep
|turn|4
|
|t:|1760314307
|move|p2a: Garchomp|Stealth Rock|p1a: Araquanid
|-sidestart|p1: fadingstrawberry|move: Stealth Rock
|move|p1a: Araquanid|Surf|p2a: Garchomp
|-damage|p2a: Garchomp|58/100
|
|upkeep
|turn|5
|
|t:|1760314313
|move|p2a: Garchomp|Draco Meteor|p1a: Araquanid|[miss]
|-miss|p2a: Garchomp|p1a: Araquanid
|move|p1a: Araquanid|Surf|p2a: Garchomp
|-damage|p2a: Garchomp|15/100
|
|upkeep
|turn|6
|
|t:|1760314316
|move|p2a: Garchomp|Draco Meteor|p1a: Araquanid
|-damage|p1a: Araquanid|48/100
|-unboost|p2a: Garchomp|spa|2
|move|p1a: Araquanid|Sticky Web|p2a: Garchomp
|-sidestart|p2: purple pastels|move: Sticky Web
|
|upkeep
|turn|7
|
|t:|1760314322
|move|p2a: Garchomp|Earthquake|p1a: Araquanid
|-resisted|p1a: Araquanid
|-damage|p1a: Araquanid|24/100
|move|p1a: Araquanid|Surf|p2a: Garchomp
|-damage|p2a: Garchomp|0 fnt
|faint|p2a: Garchomp
|
|upkeep
|
|t:|1760314335
|switch|p2a: Lucario|Lucario, M|100/100
|-activate|p2a: Lucario|move: Sticky Web
|-unboost|p2a: Lucario|spe|1
|turn|8
|-enditem|p1a: Araquanid|Custap Berry|[eat]
|-activate|p1a: Araquanid|item: Custap Berry|[consumed]
|
|t:|1760314338
|move|p2a: Lucario|Extreme Speed|p1a: Araquanid
|-damage|p1a: Araquanid|0 fnt
|faint|p1a: Araquanid
|-damage|p2a: Lucario|91/100|[from] item: Life Orb
|
|upkeep
|
|t:|1760314365
|switch|p1a: Latios|Latios, M|100/100
|-damage|p1a: Latios|88/100|[from] Stealth Rock
|turn|9
|
|t:|1760314370
|move|p2a: Lucario|Extreme Speed|p1a: Latios
|-damage|p1a: Latios|44/100
|-damage|p2a: Lucario|81/100|[from] item: Life Orb
|move|p1a: Latios|Luster Purge|p2a: Lucario
|-damage|p2a: Lucario|0 fnt
|faint|p2a: Lucario
|
|upkeep
|
|t:|1760314376
|switch|p2a: Cresselia|Cresselia, F|100/100
|turn|10
|
|t:|1760314383
|move|p1a: Latios|Luster Purge|p2a: Cresselia
|-resisted|p2a: Cresselia
|-damage|p2a: Cresselia|74/100
|move|p2a: Cresselia|Calm Mind|p2a: Cresselia
|-boost|p2a: Cresselia|spa|1
|-boost|p2a: Cresselia|spd|1
|
|-heal|p2a: Cresselia|80/100|[from] item: Leftovers
|upkeep
|turn|11
|
|t:|1760314392
|switch|p1a: Hatterene|Hatterene, F, shiny|68/100
|-damage|p1a: Hatterene|56/100|[from] Stealth Rock
|move|p2a: Cresselia|Moonblast|p1a: Hatterene
|-damage|p1a: Hatterene|30/100
|-unboost|p1a: Hatterene|spa|1
|
|-heal|p2a: Cresselia|86/100|[from] item: Leftovers
|upkeep
|turn|12
|
|t:|1760314406
|move|p2a: Cresselia|Calm Mind|p2a: Cresselia
|-boost|p2a: Cresselia|spa|1
|-boost|p2a: Cresselia|spd|1
|move|p1a: Hatterene|Mystical Fire|p2a: Cresselia
|-damage|p2a: Cresselia|81/100
|-unboost|p2a: Cresselia|spa|1
|
|-heal|p2a: Cresselia|87/100|[from] item: Leftovers
|upkeep
|turn|13
|
|t:|1760314408
|move|p2a: Cresselia|Calm Mind|p2a: Cresselia
|-boost|p2a: Cresselia|spa|1
|-boost|p2a: Cresselia|spd|1
|move|p1a: Hatterene|Mystical Fire|p2a: Cresselia
|-damage|p2a: Cresselia|83/100
|-unboost|p2a: Cresselia|spa|1
|
|-heal|p2a: Cresselia|89/100|[from] item: Leftovers
|upkeep
|turn|14
|
|t:|1760314410
|move|p2a: Cresselia|Calm Mind|p2a: Cresselia
|-boost|p2a: Cresselia|spa|1
|-boost|p2a: Cresselia|spd|1
|move|p1a: Hatterene|Mystical Fire|p2a: Cresselia
|-damage|p2a: Cresselia|86/100
|-unboost|p2a: Cresselia|spa|1
|
|-heal|p2a: Cresselia|92/100|[from] item: Leftovers
|upkeep
|turn|15
|
|t:|1760314415
|move|p2a: Cresselia|Calm Mind|p2a: Cresselia
|-boost|p2a: Cresselia|spa|1
|-boost|p2a: Cresselia|spd|1
|move|p1a: Hatterene|Mystical Fire|p2a: Cresselia
|-crit|p2a: Cresselia
|-damage|p2a: Cresselia|68/100
|-unboost|p2a: Cresselia|spa|1
|
|-heal|p2a: Cresselia|74/100|[from] item: Leftovers
|upkeep
|turn|16
|
|t:|1760314420
|move|p2a: Cresselia|Moonblast|p1a: Hatterene
|-damage|p1a: Hatterene|1/100
|-unboost|p1a: Hatterene|spa|1
|move|p1a: Hatterene|Mystical Fire|p2a: Cresselia
|-damage|p2a: Cresselia|72/100
|-unboost|p2a: Cresselia|spa|1
|
|-heal|p2a: Cresselia|78/100|[from] item: Leftovers
|upkeep
|turn|17
|
|t:|1760314423
|move|p2a: Cresselia|Calm Mind|p2a: Cresselia
|-boost|p2a: Cresselia|spa|1
|-boost|p2a: Cresselia|spd|1
|move|p1a: Hatterene|Mystical Fire|p2a: Cresselia
|-damage|p2a: Cresselia|76/100
|-unboost|p2a: Cresselia|spa|1
|
|-heal|p2a: Cresselia|82/100|[from] item: Leftovers
|upkeep
|turn|18
|
|t:|1760314427
|move|p2a: Cresselia|Moonblast|p1a: Hatterene
|-damage|p1a: Hatterene|0 fnt
|faint|p1a: Hatterene
|
|-heal|p2a: Cresselia|88/100|[from] item: Leftovers
|upkeep
|
|t:|1760314429
|switch|p1a: Kingambit|Kingambit, F|100/100
|-damage|p1a: Kingambit|94/100|[from] Stealth Rock
|-activate|p1a: Kingambit|ability: Supreme Overlord
|-start|p1a: Kingambit|fallen2|[silent]
|turn|19
|
|t:|1760314436
|switch|p2a: Tornadus|Tornadus-Therian, M|100/100
|-end|p1a: Kingambit|fallen2|[silent]
|switch|p1a: Iron Crown|Iron Crown|100/100
|-damage|p1a: Iron Crown|94/100|[from] Stealth Rock
|
|upkeep
|turn|20
|
|t:|1760314440
|move|p1a: Iron Crown|Tachyon Cutter|p2a: Tornadus
|-damage|p2a: Tornadus|71/100
|-damage|p2a: Tornadus|43/100
|-hitcount|p2a: Tornadus|2
|move|p2a: Tornadus|Heat Wave|p1a: Iron Crown
|-supereffective|p1a: Iron Crown
|-damage|p1a: Iron Crown|16/100
|-status|p1a: Iron Crown|brn
|-damage|p2a: Tornadus|33/100|[from] item: Life Orb
|
|-damage|p1a: Iron Crown|10/100 brn|[from] brn
|upkeep
|turn|21
|
|t:|1760314447
|switch|p2a: Cresselia|Cresselia, F|88/100
|move|p1a: Iron Crown|Tachyon Cutter|p2a: Cresselia
|-damage|p2a: Cresselia|72/100
|-damage|p2a: Cresselia|56/100
|-hitcount|p2a: Cresselia|2
|
|-heal|p2a: Cresselia|62/100|[from] item: Leftovers
|-damage|p1a: Iron Crown|3/100 brn|[from] brn
|upkeep
|turn|22
|
|t:|1760314454
|-end|p1a: Iron Crown|Quark Drive|[silent]
|switch|p1a: Kingambit|Kingambit, F|94/100
|-damage|p1a: Kingambit|88/100|[from] Stealth Rock
|-activate|p1a: Kingambit|ability: Supreme Overlord
|-start|p1a: Kingambit|fallen2|[silent]
|move|p2a: Cresselia|Moonlight|p2a: Cresselia
|-heal|p2a: Cresselia|100/100
|
|-heal|p1a: Kingambit|94/100|[from] item: Leftovers
|upkeep
|turn|23
|
|t:|1760314458
|switch|p2a: Tornadus|Tornadus-Therian, M|66/100
|move|p1a: Kingambit|Swords Dance|p1a: Kingambit
|-boost|p1a: Kingambit|atk|2
|
|-heal|p1a: Kingambit|100/100|[from] item: Leftovers
|upkeep
|turn|24
|
|t:|1760314461
|move|p1a: Kingambit|Sucker Punch|p2a: Tornadus
|-damage|p2a: Tornadus|0 fnt
|faint|p2a: Tornadus
|
|upkeep
|
|t:|1760314463
|switch|p2a: Mimikyu|Mimikyu, M|100/100
|-activate|p2a: Mimikyu|move: Sticky Web
|-unboost|p2a: Mimikyu|spe|1
|turn|25
|
|t:|1760314465
|move|p2a: Mimikyu|Taunt|p1a: Kingambit
|-start|p1a: Kingambit|move: Taunt
|move|p1a: Kingambit|Iron Head|p2a: Mimikyu
|-activate|p2a: Mimikyu|ability: Disguise
|-damage|p2a: Mimikyu|100/100
|detailschange|p2a: Mimikyu|Mimikyu-Busted, M
|-damage|p2a: Mimikyu|88/100|[from] pokemon: Mimikyu-Busted
|
|upkeep
|turn|26
|
|t:|1760314470
|move|p2a: Mimikyu|Play Rough|p1a: Kingambit
|-damage|p1a: Kingambit|62/100
|-damage|p2a: Mimikyu|78/100|[from] item: Life Orb
|move|p1a: Kingambit|Iron Head|p2a: Mimikyu
|-supereffective|p2a: Mimikyu
|-damage|p2a: Mimikyu|0 fnt
|faint|p2a: Mimikyu
|
|-heal|p1a: Kingambit|69/100|[from] item: Leftovers
|upkeep
|
|t:|1760314473
|switch|p2a: Cresselia|Cresselia, F|100/100
|turn|27
|
|t:|1760314479
|-terastallize|p2a: Cresselia|Poison
|move|p2a: Cresselia|Moonblast|p1a: Kingambit
|-damage|p1a: Kingambit|50/100
|move|p1a: Kingambit|Kowtow Cleave|p2a: Cresselia
|-damage|p2a: Cresselia|12/100
|
|-heal|p2a: Cresselia|18/100|[from] item: Leftovers
|-heal|p1a: Kingambit|56/100|[from] item: Leftovers
|-end|p1a: Kingambit|move: Taunt
|upkeep
|turn|28
|
|t:|1760314484
|move|p2a: Cresselia|Moonblast|p1a: Kingambit
|-damage|p1a: Kingambit|35/100
|move|p1a: Kingambit|Kowtow Cleave|p2a: Cresselia
|-damage|p2a: Cresselia|0 fnt
|faint|p2a: Cresselia
|
|win|fadingstrawberry
|raw|fadingstrawberry's rating: 1573 &rarr; <strong>1594</strong><br />(+21 for winning)
|raw|purple pastels's rating: 1588 &rarr; <strong>1567</strong><br />(-21 for losing)
|l|☆purple pastels
|player|p2|
|c|☆fadingstrawberry|Gg
|l|☆fadingstrawberry
|player|p1|
