|badge|p2|bronze|gen9ou|100-7
|uhtml|medal-msg|<div class="broadcast-blue">Curious what those medals under the avatar are? PS now has Ladder Seasons! For more information, check out the <a href="https://www.smogon.com/forums/threads/3740067/">thread on Smogon.</a></div>
|j|☆leezee-yy
|j|☆Trainer #39
|t:|1760352619
|gametype|singles
|player|p1|leezee-yy|steven|1729
|player|p2|Trainer #39|bugsy|1918
|gen|9
|tier|[Gen 9] OU
|rated|
|rule|HP Percentage Mod: HP is shown in percentages
|rule|Endless Battle Clause: Forcing endless battles is banned
|rule|Species Clause: Limit one of each Pokémon
|rule|OHKO Clause: OHKO moves are banned
|rule|Evasion Items Clause: Evasion items are banned
|rule|Evasion Moves Clause: Evasion moves are banned
|rule|Evasion Abilities Clause: Evasion abilities are banned
|rule|Sleep Moves Clause: Sleep-inducing moves are banned
|clearpoke
|poke|p1|Iron Treads|
|poke|p1|Samurott-Hisui, F|
|poke|p1|Meowscarada, F|
|poke|p1|Zapdos|
|poke|p1|Metagross|
|poke|p1|Kommo-o, F|
|poke|p2|Blissey, F|
|poke|p2|Corviknight, M|
|poke|p2|Dondozo, M|
|poke|p2|Gliscor, M|
|poke|p2|Clefable, M|
|poke|p2|Slowking-Galar, M|
|teampreview
|inactive|Battle timer is ON: inactive players will automatically lose when time's up. (requested by leezee-yy)
|
|t:|1760352631
|teamsize|p1|6
|teamsize|p2|6
|start
|switch|p1a: Samurott|Samurott-Hisui, F|100/100
|switch|p2a: 🇮🇱=stop genocide|Gliscor, M|100/100
|turn|1
|
|t:|1760352634
|move|p2a: 🇮🇱=stop genocide|Protect|p2a: 🇮🇱=stop genocide
|-singleturn|p2a: 🇮🇱=stop genocide|Protect
|move|p1a: Samurott|Ceaseless Edge|p2a: 🇮🇱=stop genocide
|-activate|p2a: 🇮🇱=stop genocide|move: Protect
|
|-status|p2a: 🇮🇱=stop genocide|tox|[from] item: Toxic Orb
|upkeep
|turn|2
|
|t:|1760352636
|move|p2a: 🇮🇱=stop genocide|Toxic|p1a: Samurott
|-status|p1a: Samurott|tox
|move|p1a: Samurott|Aqua Cutter|p2a: 🇮🇱=stop genocide
|-supereffective|p2a: 🇮🇱=stop genocide
|-damage|p2a: 🇮🇱=stop genocide|37/100 tox
|
|-heal|p2a: 🇮🇱=stop genocide|50/100 tox|[from] ability: Poison Heal
|-damage|p1a: Samurott|94/100 tox|[from] psn
|upkeep
|turn|3
|
|t:|1760352648
|switch|p1a: Iron Treads|Iron Treads|100/100
|-item|p1a: Iron Treads|Air Balloon
|move|p2a: 🇮🇱=stop genocide|Protect||[still]
|-fail|p2a: 🇮🇱=stop genocide
|
|-heal|p2a: 🇮🇱=stop genocide|62/100 tox|[from] ability: Poison Heal
|upkeep
|turn|4
|
|t:|1760352652
|switch|p2a: Charlie Kirk: idc|Corviknight, M|100/100
|-ability|p2a: Charlie Kirk: idc|Pressure
|move|p1a: Iron Treads|Ice Spinner|p2a: Charlie Kirk: idc
|-damage|p2a: Charlie Kirk: idc|83/100
|-damage|p1a: Iron Treads|84/100|[from] item: Rocky Helmet|[of] p2a: Charlie Kirk: idc
|
|upkeep
|turn|5
|
|t:|1760352658
|-end|p1a: Iron Treads|Quark Drive|[silent]
|switch|p1a: Zapdos|Zapdos|100/100
|move|p2a: Charlie Kirk: idc|Brave Bird|p1a: Zapdos
|-resisted|p1a: Zapdos
|-damage|p1a: Zapdos|88/100
|-damage|p2a: Charlie Kirk: idc|67/100|[from] item: Rocky Helmet|[of] p1a: Zapdos
|-status|p2a: Charlie Kirk: idc|par|[from] ability: Static|[of] p1a: Zapdos
|-damage|p2a: Charlie Kirk: idc|63/100 par|[from] Recoil
|
|upkeep
|turn|6
|
|t:|1760352663
|switch|p2a: LeJ/ovni/la lettre|Slowking-Galar, M|100/100
|move|p1a: Zapdos|U-turn|p2a: LeJ/ovni/la lettre
|-damage|p2a: LeJ/ovni/la lettre|84/100
|
|t:|1760352665
|switch|p1a: Meowscarada|Meowscarada, F|100/100|[from] U-turn
|
|upkeep
|turn|7
|
|t:|1760352668
|switch|p2a: Charlie Kirk: idc|Corviknight, M|63/100 par
|-ability|p2a: Charlie Kirk: idc|Pressure
|move|p1a: Meowscarada|Knock Off|p2a: Charlie Kirk: idc
|-start|p1a: Meowscarada|typechange|Dark|[from] ability: Protean
|-damage|p2a: Charlie Kirk: idc|23/100 par
|-damage|p1a: Meowscarada|84/100|[from] item: Rocky Helmet|[of] p2a: Charlie Kirk: idc
|-enditem|p2a: Charlie Kirk: idc|Rocky Helmet|[from] move: Knock Off|[of] p1a: Meowscarada
|
|upkeep
|turn|8
|
|t:|1760352671
|move|p1a: Meowscarada|Knock Off|p2a: Charlie Kirk: idc
|-damage|p2a: Charlie Kirk: idc|0 fnt
|faint|p2a: Charlie Kirk: idc
|
|upkeep
|
|t:|1760352672
|switch|p2a: 🇮🇱=stop genocide|Gliscor, M|62/100 tox
|turn|9
|
|t:|1760352676
|switch|p1a: Samurott|Samurott-Hisui, F|94/100 tox
|move|p2a: 🇮🇱=stop genocide|Protect||[still]
|-fail|p2a: 🇮🇱=stop genocide
|
|-heal|p2a: 🇮🇱=stop genocide|75/100 tox|[from] ability: Poison Heal
|-damage|p1a: Samurott|88/100 tox|[from] psn
|upkeep
|turn|10
|
|t:|1760352680
|move|p2a: 🇮🇱=stop genocide|Protect|p2a: 🇮🇱=stop genocide
|-singleturn|p2a: 🇮🇱=stop genocide|Protect
|move|p1a: Samurott|Ceaseless Edge|p2a: 🇮🇱=stop genocide
|-activate|p2a: 🇮🇱=stop genocide|move: Protect
|
|-heal|p2a: 🇮🇱=stop genocide|87/100 tox|[from] ability: Poison Heal
|-damage|p1a: Samurott|75/100 tox|[from] psn
|upkeep
|turn|11
|
|t:|1760352682
|move|p2a: 🇮🇱=stop genocide|Substitute|p2a: 🇮🇱=stop genocide
|-start|p2a: 🇮🇱=stop genocide|Substitute
|-damage|p2a: 🇮🇱=stop genocide|62/100 tox
|move|p1a: Samurott|Ceaseless Edge|p2a: 🇮🇱=stop genocide
|-end|p2a: 🇮🇱=stop genocide|Substitute
|-sidestart|p2: Trainer #39|Spikes
|
|-heal|p2a: 🇮🇱=stop genocide|75/100 tox|[from] ability: Poison Heal
|-damage|p1a: Samurott|57/100 tox|[from] psn
|upkeep
|turn|12
|
|t:|1760352685
|move|p2a: 🇮🇱=stop genocide|Protect|p2a: 🇮🇱=stop genocide
|-singleturn|p2a: 🇮🇱=stop genocide|Protect
|move|p1a: Samurott|Ceaseless Edge|p2a: 🇮🇱=stop genocide
|-activate|p2a: 🇮🇱=stop genocide|move: Protect
|
|-heal|p2a: 🇮🇱=stop genocide|87/100 tox|[from] ability: Poison Heal
|-damage|p1a: Samurott|32/100 tox|[from] psn
|upkeep
|turn|13
|
|t:|1760352687
|move|p2a: 🇮🇱=stop genocide|Substitute|p2a: 🇮🇱=stop genocide
|-start|p2a: 🇮🇱=stop genocide|Substitute
|-damage|p2a: 🇮🇱=stop genocide|62/100 tox
|move|p1a: Samurott|Ceaseless Edge|p2a: 🇮🇱=stop genocide
|-end|p2a: 🇮🇱=stop genocide|Substitute
|-sidestart|p2: Trainer #39|Spikes
|
|-heal|p2a: 🇮🇱=stop genocide|75/100 tox|[from] ability: Poison Heal
|-damage|p1a: Samurott|0 fnt|[from] psn
|faint|p1a: Samurott
|upkeep
|
|t:|1760352696
|switch|p1a: Iron Treads|Iron Treads|84/100
|-item|p1a: Iron Treads|Air Balloon
|turn|14
|
|t:|1760352698
|switch|p2a: 808 and curses|Dondozo, M|100/100
|-damage|p2a: 808 and curses|84/100|[from] Spikes
|move|p1a: Iron Treads|Ice Spinner|p2a: 808 and curses
|-resisted|p2a: 808 and curses
|-damage|p2a: 808 and curses|78/100
|
|-heal|p2a: 808 and curses|84/100|[from] item: Leftovers
|upkeep
|turn|15
|
|t:|1760352701
|-end|p1a: Iron Treads|Quark Drive|[silent]
|switch|p1a: Zapdos|Zapdos|88/100
|move|p2a: 808 and curses|Waterfall|p1a: Zapdos
|-damage|p1a: Zapdos|67/100
|-damage|p2a: 808 and curses|67/100|[from] item: Rocky Helmet|[of] p1a: Zapdos
|-status|p2a: 808 and curses|par|[from] ability: Static|[of] p1a: Zapdos
|
|-heal|p2a: 808 and curses|74/100 par|[from] item: Leftovers
|upkeep
|turn|16
|
|t:|1760352711
|switch|p2a: 🇮🇱=stop genocide|Gliscor, M|75/100 tox
|move|p1a: Zapdos|U-turn|p2a: 🇮🇱=stop genocide
|-resisted|p2a: 🇮🇱=stop genocide
|-damage|p2a: 🇮🇱=stop genocide|70/100 tox
|
|t:|1760352715
|switch|p1a: Iron Treads|Iron Treads|84/100|[from] U-turn
|-item|p1a: Iron Treads|Air Balloon
|
|-heal|p2a: 🇮🇱=stop genocide|82/100 tox|[from] ability: Poison Heal
|upkeep
|turn|17
|
|t:|1760352718
|move|p2a: 🇮🇱=stop genocide|Protect|p2a: 🇮🇱=stop genocide
|-singleturn|p2a: 🇮🇱=stop genocide|Protect
|move|p1a: Iron Treads|Stealth Rock|p2a: 🇮🇱=stop genocide
|-sidestart|p2: Trainer #39|move: Stealth Rock
|
|-heal|p2a: 🇮🇱=stop genocide|95/100 tox|[from] ability: Poison Heal
|upkeep
|turn|18
|
|t:|1760352722
|switch|p2a: brat|Blissey, F|100/100
|move|p1a: Iron Treads|Earthquake|p2a: brat
|-damage|p2a: brat|48/100
|
|upkeep
|turn|19
|
|t:|1760352727
|switch|p2a: 808 and curses|Dondozo, M|74/100 par
|-damage|p2a: 808 and curses|57/100 par|[from] Spikes
|-damage|p2a: 808 and curses|44/100 par|[from] Stealth Rock
|move|p1a: Iron Treads|Ice Spinner|p2a: 808 and curses
|-resisted|p2a: 808 and curses
|-damage|p2a: 808 and curses|38/100 par
|
|-heal|p2a: 808 and curses|44/100 par|[from] item: Leftovers
|upkeep
|turn|20
|j| swampertsfists
|
|t:|1760352736
|-end|p1a: Iron Treads|Quark Drive|[silent]
|switch|p1a: Zapdos|Zapdos|67/100
|move|p2a: 808 and curses|Rest|p2a: 808 and curses
|-status|p2a: 808 and curses|slp|[from] move: Rest
|-heal|p2a: 808 and curses|100/100 slp|[silent]
|
|upkeep
|turn|21
|
|t:|1760352743
|switch|p2a: LeJ/ovni/la lettre|Slowking-Galar, M|100/100
|-damage|p2a: LeJ/ovni/la lettre|84/100|[from] Spikes
|-damage|p2a: LeJ/ovni/la lettre|72/100|[from] Stealth Rock
|move|p1a: Zapdos|U-turn|p2a: LeJ/ovni/la lettre
|-damage|p2a: LeJ/ovni/la lettre|56/100
|
|t:|1760352748
|switch|p1a: Metagross|Metagross, shiny|100/100|[from] U-turn
|
|upkeep
|turn|22
|
|t:|1760352750
|move|p2a: LeJ/ovni/la lettre|Trick|p1a: Metagross
|-activate|p2a: LeJ/ovni/la lettre|move: Trick|[of] p1a: Metagross
|-item|p1a: Metagross|Choice Scarf|[from] move: Trick
|-item|p2a: LeJ/ovni/la lettre|Leftovers|[from] move: Trick
|move|p1a: Metagross|Psychic Fangs|p2a: LeJ/ovni/la lettre
|-damage|p2a: LeJ/ovni/la lettre|0 fnt
|faint|p2a: LeJ/ovni/la lettre
|
|upkeep
|
|t:|1760352754
|switch|p2a: Charli xcx|Clefable, M|100/100
|turn|23
|
|t:|1760352757
|move|p1a: Metagross|Psychic Fangs|p2a: Charli xcx
|-damage|p2a: Charli xcx|41/100
|move|p2a: Charli xcx|Wish|p2a: Charli xcx
|
|upkeep
|turn|24
|
|t:|1760352762
|move|p2a: Charli xcx|Protect|p2a: Charli xcx
|-singleturn|p2a: Charli xcx|Protect
|move|p1a: Metagross|Psychic Fangs|p2a: Charli xcx
|-activate|p2a: Charli xcx|move: Protect
|
|-heal|p2a: Charli xcx|91/100|[from] move: Wish|[wisher] Charli xcx
|upkeep
|turn|25
|
|t:|1760352766
|switch|p2a: 808 and curses|Dondozo, M|100/100 slp
|-damage|p2a: 808 and curses|84/100 slp|[from] Spikes
|-damage|p2a: 808 and curses|71/100 slp|[from] Stealth Rock
|move|p1a: Metagross|Psychic Fangs|p2a: 808 and curses
|-damage|p2a: 808 and curses|49/100 slp
|
|-heal|p2a: 808 and curses|55/100 slp|[from] item: Leftovers
|upkeep
|turn|26
|
|t:|1760352774
|move|p1a: Metagross|Psychic Fangs|p2a: 808 and curses
|-damage|p2a: 808 and curses|33/100 slp
|cant|p2a: 808 and curses|slp
|move|p2a: 808 and curses|Sleep Talk|p2a: 808 and curses
|move|p2a: 808 and curses|Curse|p2a: 808 and curses|[from] move: Sleep Talk
|-unboost|p2a: 808 and curses|spe|1
|-boost|p2a: 808 and curses|atk|1
|-boost|p2a: 808 and curses|def|1
|
|-heal|p2a: 808 and curses|39/100 slp|[from] item: Leftovers
|upkeep
|turn|27
|
|t:|1760352778
|switch|p1a: Zapdos|Zapdos|67/100
|cant|p2a: 808 and curses|slp
|move|p2a: 808 and curses|Sleep Talk|p2a: 808 and curses
|move|p2a: 808 and curses|Waterfall|p1a: Zapdos|[from] move: Sleep Talk
|-crit|p1a: Zapdos
|-damage|p1a: Zapdos|21/100
|-damage|p2a: 808 and curses|22/100 slp|[from] item: Rocky Helmet|[of] p1a: Zapdos
|
|-heal|p2a: 808 and curses|28/100 slp|[from] item: Leftovers
|upkeep
|turn|28
|
|t:|1760352782
|move|p1a: Zapdos|Roost|p1a: Zapdos
|-heal|p1a: Zapdos|71/100
|-singleturn|p1a: Zapdos|move: Roost
|-curestatus|p2a: 808 and curses|slp|[msg]
|move|p2a: 808 and curses|Waterfall|p1a: Zapdos
|-damage|p1a: Zapdos|44/100
|-damage|p2a: 808 and curses|12/100|[from] item: Rocky Helmet|[of] p1a: Zapdos
|-status|p2a: 808 and curses|par|[from] ability: Static|[of] p1a: Zapdos
|
|-heal|p2a: 808 and curses|18/100 par|[from] item: Leftovers
|upkeep
|turn|29
|
|t:|1760352789
|move|p1a: Zapdos|Discharge|p2a: 808 and curses
|-supereffective|p2a: 808 and curses
|-crit|p2a: 808 and curses
|-damage|p2a: 808 and curses|0 fnt
|faint|p2a: 808 and curses
|
|upkeep
|
|t:|1760352791
|switch|p2a: brat|Blissey, F|48/100
|turn|30
|
|t:|1760352793
|move|p1a: Zapdos|U-turn|p2a: brat
|-damage|p2a: brat|33/100
|
|t:|1760352796
|switch|p1a: Metagross|Metagross, shiny|100/100|[from] U-turn
|move|p2a: brat|Soft-Boiled|p2a: brat
|-heal|p2a: brat|83/100
|
|upkeep
|turn|31
|
|t:|1760352798
|move|p1a: Metagross|Knock Off|p2a: brat
|-damage|p2a: brat|41/100
|-enditem|p2a: brat|Heavy-Duty Boots|[from] move: Knock Off|[of] p1a: Metagross
|move|p2a: brat|Stealth Rock|p1a: Metagross
|-sidestart|p1: leezee-yy|move: Stealth Rock
|
|upkeep
|turn|32
|
|t:|1760352804
|move|p1a: Metagross|Knock Off|p2a: brat
|-crit|p2a: brat
|-damage|p2a: brat|0 fnt
|faint|p2a: brat
|
|upkeep
|
|t:|1760352806
|switch|p2a: 🇮🇱=stop genocide|Gliscor, M|95/100 tox
|-damage|p2a: 🇮🇱=stop genocide|82/100 tox|[from] Stealth Rock
|turn|33
|
|t:|1760352809
|switch|p2a: Charli xcx|Clefable, M|91/100
|move|p1a: Metagross|Knock Off|p2a: Charli xcx
|-resisted|p2a: Charli xcx
|-crit|p2a: Charli xcx
|-damage|p2a: Charli xcx|60/100
|-enditem|p2a: Charli xcx|Heavy-Duty Boots|[from] move: Knock Off|[of] p1a: Metagross
|
|upkeep
|turn|34
|
|t:|1760352816
|move|p1a: Metagross|Knock Off|p2a: Charli xcx
|-resisted|p2a: Charli xcx
|-damage|p2a: Charli xcx|45/100
|move|p2a: Charli xcx|Wish|p2a: Charli xcx
|
|upkeep
|turn|35
|
|t:|1760352822
|switch|p1a: Zapdos|Zapdos|44/100
|-damage|p1a: Zapdos|19/100|[from] Stealth Rock
|move|p2a: Charli xcx|Moonblast|p1a: Zapdos
|-damage|p1a: Zapdos|0 fnt
|faint|p1a: Zapdos
|
|-heal|p2a: Charli xcx|95/100|[from] move: Wish|[wisher] Charli xcx
|upkeep
|
|t:|1760352825
|switch|p1a: Iron Treads|Iron Treads|84/100
|-damage|p1a: Iron Treads|81/100|[from] Stealth Rock
|-item|p1a: Iron Treads|Air Balloon
|turn|36
|
|t:|1760352828
|move|p1a: Iron Treads|Rapid Spin|p2a: Charli xcx
|-damage|p2a: Charli xcx|76/100
|-boost|p1a: Iron Treads|spe|1
|-sideend|p1: leezee-yy|Stealth Rock|[from] move: Rapid Spin|[of] p1a: Iron Treads
|move|p2a: Charli xcx|Moonblast|p1a: Iron Treads
|-resisted|p1a: Iron Treads
|-damage|p1a: Iron Treads|59/100
|-enditem|p1a: Iron Treads|Air Balloon
|
|upkeep
|turn|37
|
|t:|1760352833
|move|p1a: Iron Treads|Earthquake|p2a: Charli xcx
|-damage|p2a: Charli xcx|19/100
|move|p2a: Charli xcx|Wish|p2a: Charli xcx
|
|upkeep
|turn|38
|
|t:|1760352837
|move|p2a: Charli xcx|Protect|p2a: Charli xcx
|-singleturn|p2a: Charli xcx|Protect
|move|p1a: Iron Treads|Earthquake|p2a: Charli xcx
|-activate|p2a: Charli xcx|move: Protect
|
|-heal|p2a: Charli xcx|69/100|[from] move: Wish|[wisher] Charli xcx
|upkeep
|turn|39
|
|t:|1760352839
|move|p1a: Iron Treads|Earthquake|p2a: Charli xcx
|-damage|p2a: Charli xcx|9/100
|move|p2a: Charli xcx|Wish|p2a: Charli xcx
|
|upkeep
|turn|40
|
|t:|1760352842
|move|p2a: Charli xcx|Protect|p2a: Charli xcx
|-singleturn|p2a: Charli xcx|Protect
|move|p1a: Iron Treads|Earthquake|p2a: Charli xcx
|-activate|p2a: Charli xcx|move: Protect
|
|-heal|p2a: Charli xcx|59/100|[from] move: Wish|[wisher] Charli xcx
|upkeep
|turn|41
|
|t:|1760352846
|move|p1a: Iron Treads|Earthquake|p2a: Charli xcx
|-damage|p2a: Charli xcx|5/100
|move|p2a: Charli xcx|Moonblast|p1a: Iron Treads
|-resisted|p1a: Iron Treads
|-damage|p1a: Iron Treads|38/100
|
|upkeep
|turn|42
|
|t:|1760352849
|move|p1a: Iron Treads|Ice Spinner|p2a: Charli xcx
|-damage|p2a: Charli xcx|0 fnt
|faint|p2a: Charli xcx
|
|upkeep
|
|t:|1760352851
|switch|p2a: 🇮🇱=stop genocide|Gliscor, M|82/100 tox
|-damage|p2a: 🇮🇱=stop genocide|70/100 tox|[from] Stealth Rock
|turn|43
|
|t:|1760352855
|move|p2a: 🇮🇱=stop genocide|Protect|p2a: 🇮🇱=stop genocide
|-singleturn|p2a: 🇮🇱=stop genocide|Protect
|move|p1a: Iron Treads|Ice Spinner|p2a: 🇮🇱=stop genocide
|-activate|p2a: 🇮🇱=stop genocide|move: Protect
|
|-heal|p2a: 🇮🇱=stop genocide|82/100 tox|[from] ability: Poison Heal
|upkeep
|turn|44
|
|t:|1760352857
|-terastallize|p2a: 🇮🇱=stop genocide|Water
|move|p1a: Iron Treads|Ice Spinner|p2a: 🇮🇱=stop genocide
|-resisted|p2a: 🇮🇱=stop genocide
|-damage|p2a: 🇮🇱=stop genocide|73/100 tox
|move|p2a: 🇮🇱=stop genocide|Substitute|p2a: 🇮🇱=stop genocide
|-start|p2a: 🇮🇱=stop genocide|Substitute
|-damage|p2a: 🇮🇱=stop genocide|49/100 tox
|
|-heal|p2a: 🇮🇱=stop genocide|61/100 tox|[from] ability: Poison Heal
|upkeep
|turn|45
|
|t:|1760352862
|move|p2a: 🇮🇱=stop genocide|Protect|p2a: 🇮🇱=stop genocide
|-singleturn|p2a: 🇮🇱=stop genocide|Protect
|move|p1a: Iron Treads|Earthquake|p2a: 🇮🇱=stop genocide
|-activate|p2a: 🇮🇱=stop genocide|move: Protect
|
|-heal|p2a: 🇮🇱=stop genocide|73/100 tox|[from] ability: Poison Heal
|upkeep
|turn|46
|
|t:|1760352866
|move|p1a: Iron Treads|Earthquake|p2a: 🇮🇱=stop genocide
|-end|p2a: 🇮🇱=stop genocide|Substitute
|move|p2a: 🇮🇱=stop genocide|Earthquake|p1a: Iron Treads
|-supereffective|p1a: Iron Treads
|-damage|p1a: Iron Treads|0 fnt
|faint|p1a: Iron Treads
|-end|p1a: Iron Treads|Quark Drive|[silent]
|
|-heal|p2a: 🇮🇱=stop genocide|86/100 tox|[from] ability: Poison Heal
|upkeep
|
|t:|1760352870
|switch|p1a: Meowscarada|Meowscarada, F|84/100
|turn|47
|c|☆leezee-yy|gg
|
|t:|1760352874
|move|p2a: 🇮🇱=stop genocide|Protect|p2a: 🇮🇱=stop genocide
|-singleturn|p2a: 🇮🇱=stop genocide|Protect
|move|p1a: Meowscarada|Flower Trick|p2a: 🇮🇱=stop genocide
|-start|p1a: Meowscarada|typechange|Grass|[from] ability: Protean
|-activate|p2a: 🇮🇱=stop genocide|move: Protect
|
|-heal|p2a: 🇮🇱=stop genocide|98/100 tox|[from] ability: Poison Heal
|upkeep
|turn|48
|
|t:|1760352877
|move|p1a: Meowscarada|Flower Trick|p2a: 🇮🇱=stop genocide
|-supereffective|p2a: 🇮🇱=stop genocide
|-crit|p2a: 🇮🇱=stop genocide
|-damage|p2a: 🇮🇱=stop genocide|10/100 tox
|move|p2a: 🇮🇱=stop genocide|Toxic|p1a: Meowscarada
|-status|p1a: Meowscarada|tox
|
|-damage|p1a: Meowscarada|78/100 tox|[from] psn
|-heal|p2a: 🇮🇱=stop genocide|22/100 tox|[from] ability: Poison Heal
|upkeep
|turn|49
|l|☆Trainer #39
|inactive|Trainer #39 disconnected and has a minute to reconnect!
|player|p2|
|inactive|Trainer #39 has 30 seconds to reconnect!
|inactive|Trainer #39 has 20 seconds to reconnect!
|inactive|Trainer #39 has 15 seconds to reconnect!
|inactive|Trainer #39 has 10 seconds to reconnect!
|inactive|Trainer #39 has 5 seconds to reconnect!
|-message|Trainer #39 lost due to inactivity.
|
|win|leezee-yy
|raw|leezee-yy's rating: 1729 &rarr; <strong>1759</strong><br />(+30 for winning)
|raw|Trainer #39's rating: 1918 &rarr; <strong>1888</strong><br />(-30 for losing)
|l|☆leezee-yy
|player|p1|
|l| swampertsfists
