|j|☆Abstrct84
|j|‽flinchirator
|t:|1760316669
|gametype|singles
|player|p1|Abstrct84|parasollady-gen4|1370
|player|p2|flinchirator|miku-ice|1403
|gen|9
|tier|[Gen 9] OU
|rated|
|rule|HP Percentage Mod: HP is shown in percentages
|rule|Endless Battle Clause: Forcing endless battles is banned
|rule|Species Clause: Limit one of each Pokémon
|rule|OHKO Clause: OHKO moves are banned
|rule|Evasion Items Clause: Evasion items are banned
|rule|Evasion Moves Clause: Evasion moves are banned
|rule|Evasion Abilities Clause: Evasion abilities are banned
|rule|Sleep Moves Clause: Sleep-inducing moves are banned
|clearpoke
|poke|p1|Gholdengo|
|poke|p1|Garganacl, M|
|poke|p1|Great Tusk|
|poke|p1|Meowscarada, F|
|poke|p1|Maushold|
|poke|p1|Toxapex, F|
|poke|p2|Tornadus-Therian, M|
|poke|p2|Iron Treads|
|poke|p2|Decidueye-Hisui, F|
|poke|p2|Barraskewda, F|
|poke|p2|Pelipper, M|
|poke|p2|Raging Bolt|
|teampreview
|inactive|Battle timer is ON: inactive players will automatically lose when time's up. (requested by flinchirator)
|
|t:|1760316689
|teamsize|p1|6
|teamsize|p2|6
|start
|switch|p1a: Toxapex|Toxapex, F|100/100
|switch|p2a: Decidueye|Decidueye-Hisui, F|100/100
|turn|1
|
|t:|1760316693
|move|p2a: Decidueye|U-turn|p1a: Toxapex
|-resisted|p1a: Toxapex
|-damage|p1a: Toxapex|94/100
|
|t:|1760316698
|switch|p2a: Iron Treads|Iron Treads|100/100|[from] U-turn
|move|p1a: Toxapex|Toxic|p2a: Iron Treads
|-immune|p2a: Iron Treads
|
|upkeep
|turn|2
|
|t:|1760316716
|switch|p1a: :3|Meowscarada, F|100/100
|move|p2a: Iron Treads|Stealth Rock|p1a: :3
|-sidestart|p1: Abstrct84|move: Stealth Rock
|
|upkeep
|turn|3
|inactive|flinchirator has 120 seconds left.
|
|t:|1760316757
|move|p1a: :3|Flower Trick|p2a: Iron Treads
|-start|p1a: :3|typechange|Grass|[from] ability: Protean
|-crit|p2a: Iron Treads
|-damage|p2a: Iron Treads|64/100
|move|p2a: Iron Treads|Knock Off|p1a: :3
|-damage|p1a: :3|63/100
|-enditem|p1a: :3|Heavy-Duty Boots|[from] move: Knock Off|[of] p2a: Iron Treads
|
|-heal|p2a: Iron Treads|70/100|[from] item: Leftovers
|upkeep
|turn|4
|
|t:|1760316772
|-end|p2a: Iron Treads|Quark Drive|[silent]
|switch|p2a: Decidueye|Decidueye-Hisui, F|100/100
|move|p1a: :3|Knock Off|p2a: Decidueye
|-resisted|p2a: Decidueye
|-damage|p2a: Decidueye|89/100
|-damage|p1a: :3|46/100|[from] item: Rocky Helmet|[of] p2a: Decidueye
|-enditem|p2a: Decidueye|Rocky Helmet|[from] move: Knock Off|[of] p1a: :3
|
|upkeep
|turn|5
|
|t:|1760316777
|move|p1a: :3|Triple Axel|p2a: Decidueye
|-supereffective|p2a: Decidueye
|-damage|p2a: Decidueye|80/100
|-hitcount|p2a: Decidueye|1
|move|p2a: Decidueye|U-turn|p1a: :3
|-supereffective|p1a: :3
|-damage|p1a: :3|0 fnt
|faint|p1a: :3
|
|t:|1760316785
|switch|p2a: Pelipper|Pelipper, M|100/100|[from] U-turn
|-weather|RainDance|[from] ability: Drizzle|[of] p2a: Pelipper
|
|-weather|RainDance|[upkeep]
|upkeep
|
|t:|1760316813
|switch|p1a: Toxapex|Toxapex, F|100/100
|turn|6
|
|t:|1760316825
|switch|p2a: Decidueye|Decidueye-Hisui, F|80/100
|move|p1a: Toxapex|Infestation|p2a: Decidueye
|-damage|p2a: Decidueye|78/100
|-activate|p2a: Decidueye|move: Infestation|[of] p1a: Toxapex
|
|-weather|RainDance|[upkeep]
|-damage|p2a: Decidueye|65/100|[from] move: Infestation|[partiallytrapped]
|upkeep
|turn|7
|
|t:|1760316831
|move|p2a: Decidueye|U-turn|p1a: Toxapex
|-resisted|p1a: Toxapex
|-crit|p1a: Toxapex
|-damage|p1a: Toxapex|91/100
|
|t:|1760316835
|switch|p2a: Iron Treads|Iron Treads|70/100|[from] U-turn
|move|p1a: Toxapex|Toxic|p2a: Iron Treads
|-immune|p2a: Iron Treads
|
|-weather|RainDance|[upkeep]
|-heal|p2a: Iron Treads|76/100|[from] item: Leftovers
|upkeep
|turn|8
|
|t:|1760316840
|move|p2a: Iron Treads|Stealth Rock||[still]
|-fail|p2a: Iron Treads
|move|p1a: Toxapex|Infestation|p2a: Iron Treads
|-resisted|p2a: Iron Treads
|-damage|p2a: Iron Treads|75/100
|-activate|p2a: Iron Treads|move: Infestation|[of] p1a: Toxapex
|
|-weather|RainDance|[upkeep]
|-heal|p2a: Iron Treads|81/100|[from] item: Leftovers
|-damage|p2a: Iron Treads|69/100|[from] move: Infestation|[partiallytrapped]
|upkeep
|turn|9
|
|t:|1760316844
|move|p2a: Iron Treads|Earthquake|p1a: Toxapex
|-supereffective|p1a: Toxapex
|-damage|p1a: Toxapex|29/100
|move|p1a: Toxapex|Recover|p1a: Toxapex
|-heal|p1a: Toxapex|79/100
|
|-weather|RainDance|[upkeep]
|-heal|p2a: Iron Treads|75/100|[from] item: Leftovers
|-damage|p2a: Iron Treads|63/100|[from] move: Infestation|[partiallytrapped]
|upkeep
|turn|10
|
|t:|1760316870
|move|p2a: Iron Treads|Earthquake|p1a: Toxapex
|-supereffective|p1a: Toxapex
|-damage|p1a: Toxapex|21/100
|move|p1a: Toxapex|Recover|p1a: Toxapex
|-heal|p1a: Toxapex|71/100
|
|-weather|RainDance|[upkeep]
|-heal|p2a: Iron Treads|69/100|[from] item: Leftovers
|-damage|p2a: Iron Treads|56/100|[from] move: Infestation|[partiallytrapped]
|upkeep
|turn|11
|
|t:|1760316884
|switch|p1a: 37.23% Usage|Great Tusk|100/100
|-damage|p1a: 37.23% Usage|98/100|[from] Stealth Rock
|-enditem|p1a: 37.23% Usage|Booster Energy
|-activate|p1a: 37.23% Usage|ability: Protosynthesis|[fromitem]
|-start|p1a: 37.23% Usage|protosynthesisspe
|move|p2a: Iron Treads|Earthquake|p1a: 37.23% Usage
|-damage|p1a: 37.23% Usage|72/100
|
|-weather|RainDance|[upkeep]
|-heal|p2a: Iron Treads|62/100|[from] item: Leftovers
|-end|p2a: Iron Treads|Infestation|[partiallytrapped]|[silent]
|upkeep
|turn|12
|
|t:|1760316893
|-end|p2a: Iron Treads|Quark Drive|[silent]
|switch|p2a: Decidueye|Decidueye-Hisui, F|65/100
|move|p1a: 37.23% Usage|Bulk Up|p1a: 37.23% Usage
|-boost|p1a: 37.23% Usage|atk|1
|-boost|p1a: 37.23% Usage|def|1
|
|-weather|none
|upkeep
|turn|13
|
|t:|1760316899
|move|p1a: 37.23% Usage|Ice Spinner|p2a: Decidueye
|-supereffective|p2a: Decidueye
|-damage|p2a: Decidueye|15/100
|move|p2a: Decidueye|U-turn|p1a: 37.23% Usage
|-resisted|p1a: 37.23% Usage
|-damage|p1a: 37.23% Usage|69/100
|
|t:|1760316903
|switch|p2a: Pelipper|Pelipper, M|100/100|[from] U-turn
|-weather|RainDance|[from] ability: Drizzle|[of] p2a: Pelipper
|
|-weather|RainDance|[upkeep]
|upkeep
|turn|14
|
|t:|1760316928
|move|p1a: 37.23% Usage|Close Combat|p2a: Pelipper
|-resisted|p2a: Pelipper
|-damage|p2a: Pelipper|70/100
|-unboost|p1a: 37.23% Usage|def|1
|-unboost|p1a: 37.23% Usage|spd|1
|move|p2a: Pelipper|Hurricane|p1a: 37.23% Usage
|-supereffective|p1a: 37.23% Usage
|-damage|p1a: 37.23% Usage|0 fnt
|faint|p1a: 37.23% Usage
|-end|p1a: 37.23% Usage|Protosynthesis|[silent]
|
|-weather|RainDance|[upkeep]
|upkeep
|inactive|Abstrct84 has 120 seconds left.
|
|t:|1760316942
|switch|p1a: Garganacl|Garganacl, M|100/100
|-damage|p1a: Garganacl|88/100|[from] Stealth Rock
|turn|15
|
|t:|1760316947
|switch|p2a: Tornadus|Tornadus-Therian, M|100/100
|move|p1a: Garganacl|Salt Cure|p2a: Tornadus
|-supereffective|p2a: Tornadus
|-damage|p2a: Tornadus|60/100
|-start|p2a: Tornadus|Salt Cure
|
|-weather|RainDance|[upkeep]
|-heal|p1a: Garganacl|94/100|[from] item: Leftovers
|-damage|p2a: Tornadus|47/100|[from] Salt Cure
|upkeep
|turn|16
|
|t:|1760316954
|switch|p2a: Decidueye|Decidueye-Hisui, F|15/100
|move|p1a: Garganacl|Stealth Rock|p2a: Decidueye
|-sidestart|p2: flinchirator|move: Stealth Rock
|
|-weather|RainDance|[upkeep]
|-heal|p1a: Garganacl|100/100|[from] item: Leftovers
|upkeep
|turn|17
|
|t:|1760316960
|move|p1a: Garganacl|Protect|p1a: Garganacl
|-singleturn|p1a: Garganacl|Protect
|move|p2a: Decidueye|Defog|p1a: Garganacl
|-activate|p1a: Garganacl|move: Protect
|
|-weather|RainDance|[upkeep]
|upkeep
|turn|18
|
|t:|1760316976
|move|p2a: Decidueye|Roost|p2a: Decidueye
|-heal|p2a: Decidueye|65/100
|-singleturn|p2a: Decidueye|move: Roost
|move|p1a: Garganacl|Salt Cure|p2a: Decidueye
|-resisted|p2a: Decidueye
|-damage|p2a: Decidueye|61/100
|-start|p2a: Decidueye|Salt Cure
|
|-weather|RainDance|[upkeep]
|-damage|p2a: Decidueye|48/100|[from] Salt Cure
|upkeep
|turn|19
|
|t:|1760316981
|move|p2a: Decidueye|Roost|p2a: Decidueye
|-heal|p2a: Decidueye|98/100
|-singleturn|p2a: Decidueye|move: Roost
|move|p1a: Garganacl|Stealth Rock||[still]
|-fail|p1a: Garganacl
|
|-weather|RainDance|[upkeep]
|-damage|p2a: Decidueye|86/100|[from] Salt Cure
|upkeep
|turn|20
|
|t:|1760316986
|move|p2a: Decidueye|Defog|p1a: Garganacl
|-unboost|p1a: Garganacl|evasion|1
|-sideend|p1: Abstrct84|Stealth Rock|[from] move: Defog|[of] p2a: Decidueye
|-sideend|p2: flinchirator|Stealth Rock|[from] move: Defog|[of] p2a: Decidueye
|move|p1a: Garganacl|Salt Cure|p2a: Decidueye
|-resisted|p2a: Decidueye
|-damage|p2a: Decidueye|81/100
|
|-weather|none
|-damage|p2a: Decidueye|69/100|[from] Salt Cure
|upkeep
|turn|21
|
|t:|1760317001
|switch|p2a: Tornadus|Tornadus-Therian, M|80/100
|move|p1a: Garganacl|Stealth Rock|p2a: Tornadus
|-sidestart|p2: flinchirator|move: Stealth Rock
|
|upkeep
|turn|22
|
|t:|1760317030
|move|p2a: Tornadus|Focus Blast|p1a: Garganacl
|-supereffective|p1a: Garganacl
|-damage|p1a: Garganacl|31/100
|move|p1a: Garganacl|Salt Cure|p2a: Tornadus
|-supereffective|p2a: Tornadus
|-damage|p2a: Tornadus|40/100
|-start|p2a: Tornadus|Salt Cure
|
|-heal|p1a: Garganacl|37/100|[from] item: Leftovers
|-damage|p2a: Tornadus|27/100|[from] Salt Cure
|upkeep
|turn|23
|
|t:|1760317037
|switch|p2a: Iron Treads|Iron Treads|62/100
|-damage|p2a: Iron Treads|60/100|[from] Stealth Rock
|move|p1a: Garganacl|Protect||[still]
|-fail|p1a: Garganacl
|
|-heal|p2a: Iron Treads|66/100|[from] item: Leftovers
|-heal|p1a: Garganacl|43/100|[from] item: Leftovers
|upkeep
|turn|24
|
|t:|1760317048
|-terastallize|p1a: Garganacl|Water
|move|p2a: Iron Treads|Knock Off|p1a: Garganacl
|-crit|p1a: Garganacl
|-damage|p1a: Garganacl|20/100
|-enditem|p1a: Garganacl|Leftovers|[from] move: Knock Off|[of] p2a: Iron Treads
|move|p1a: Garganacl|Recover|p1a: Garganacl
|-heal|p1a: Garganacl|70/100
|
|-heal|p2a: Iron Treads|72/100|[from] item: Leftovers
|upkeep
|turn|25
|
|t:|1760317054
|move|p2a: Iron Treads|Rapid Spin|p1a: Garganacl
|-damage|p1a: Garganacl|62/100
|-boost|p2a: Iron Treads|spe|1
|-sideend|p2: flinchirator|Stealth Rock|[from] move: Rapid Spin|[of] p2a: Iron Treads
|move|p1a: Garganacl|Salt Cure|p2a: Iron Treads
|-resisted|p2a: Iron Treads
|-damage|p2a: Iron Treads|69/100
|-start|p2a: Iron Treads|Salt Cure
|
|-heal|p2a: Iron Treads|75/100|[from] item: Leftovers
|-damage|p2a: Iron Treads|50/100|[from] Salt Cure
|upkeep
|turn|26
|
|t:|1760317059
|-end|p2a: Iron Treads|Quark Drive|[silent]
|switch|p2a: Pelipper|Pelipper, M|70/100
|-weather|RainDance|[from] ability: Drizzle|[of] p2a: Pelipper
|move|p1a: Garganacl|Recover|p1a: Garganacl
|-heal|p1a: Garganacl|100/100
|
|-weather|RainDance|[upkeep]
|upkeep
|turn|27
|
|t:|1760317073
|switch|p2a: Raging Bolt|Raging Bolt|100/100
|-enditem|p2a: Raging Bolt|Booster Energy
|-activate|p2a: Raging Bolt|ability: Protosynthesis|[fromitem]
|-start|p2a: Raging Bolt|protosynthesisspa
|move|p1a: Garganacl|Salt Cure|p2a: Raging Bolt
|-damage|p2a: Raging Bolt|87/100
|-start|p2a: Raging Bolt|Salt Cure
|
|-weather|RainDance|[upkeep]
|-damage|p2a: Raging Bolt|75/100|[from] Salt Cure
|upkeep
|turn|28
|
|t:|1760317080
|move|p1a: Garganacl|Protect|p1a: Garganacl
|-singleturn|p1a: Garganacl|Protect
|move|p2a: Raging Bolt|Thunder|p1a: Garganacl
|-activate|p1a: Garganacl|move: Protect
|
|-weather|RainDance|[upkeep]
|-damage|p2a: Raging Bolt|63/100|[from] Salt Cure
|upkeep
|turn|29
|
|t:|1760317097
|switch|p1a: Toxapex|Toxapex, F|100/100
|move|p2a: Raging Bolt|Thunder|p1a: Toxapex
|-supereffective|p1a: Toxapex
|-damage|p1a: Toxapex|0 fnt
|faint|p1a: Toxapex
|
|-weather|RainDance|[upkeep]
|-damage|p2a: Raging Bolt|50/100|[from] Salt Cure
|upkeep
|
|t:|1760317112
|switch|p1a: Two Gay Rats|Maushold|100/100
|turn|30
|
|t:|1760317116
|-end|p2a: Raging Bolt|Protosynthesis|[silent]
|switch|p2a: Decidueye|Decidueye-Hisui, F|69/100
|move|p1a: Two Gay Rats|Population Bomb|p2a: Decidueye
|-damage|p2a: Decidueye|60/100
|-damage|p2a: Decidueye|53/100
|-damage|p2a: Decidueye|44/100
|-damage|p2a: Decidueye|36/100
|-damage|p2a: Decidueye|28/100
|-damage|p2a: Decidueye|19/100
|-damage|p2a: Decidueye|10/100
|-damage|p2a: Decidueye|2/100
|-damage|p2a: Decidueye|0 fnt
|faint|p2a: Decidueye
|-hitcount|p2: Decidueye|9
|
|-weather|RainDance|[upkeep]
|upkeep
|
|t:|1760317130
|switch|p2a: Tornadus|Tornadus-Therian, M|60/100
|turn|31
|
|t:|1760317137
|switch|p1a: Garganacl|Garganacl, M, tera:Water|100/100
|move|p2a: Tornadus|Hurricane|p1a: Garganacl
|-damage|p1a: Garganacl|51/100
|
|-weather|RainDance|[upkeep]
|upkeep
|turn|32
|
|t:|1760317148
|-terastallize|p2a: Tornadus|Flying
|move|p2a: Tornadus|Hurricane|p1a: Garganacl
|-damage|p1a: Garganacl|0 fnt
|faint|p1a: Garganacl
|
|-weather|RainDance|[upkeep]
|upkeep
|
|t:|1760317154
|switch|p1a: Gholdengo|Gholdengo|100/100
|turn|33
|
|t:|1760317164
|switch|p2a: Iron Treads|Iron Treads|50/100
|move|p1a: Gholdengo|Make It Rain|p2a: Iron Treads
|-resisted|p2a: Iron Treads
|-damage|p2a: Iron Treads|23/100
|-unboost|p1a: Gholdengo|spa|1
|
|-weather|none
|-heal|p2a: Iron Treads|29/100|[from] item: Leftovers
|upkeep
|turn|34
|
|t:|1760317171
|switch|p1a: Two Gay Rats|Maushold|100/100
|move|p2a: Iron Treads|Earthquake|p1a: Two Gay Rats
|-damage|p1a: Two Gay Rats|42/100
|
|-heal|p2a: Iron Treads|35/100|[from] item: Leftovers
|upkeep
|turn|35
|
|t:|1760317180
|move|p1a: Two Gay Rats|Population Bomb|p2a: Iron Treads
|-resisted|p2a: Iron Treads
|-damage|p2a: Iron Treads|30/100
|-resisted|p2a: Iron Treads
|-damage|p2a: Iron Treads|26/100
|-resisted|p2a: Iron Treads
|-damage|p2a: Iron Treads|22/100
|-resisted|p2a: Iron Treads
|-damage|p2a: Iron Treads|18/100
|-resisted|p2a: Iron Treads
|-damage|p2a: Iron Treads|14/100
|-resisted|p2a: Iron Treads
|-damage|p2a: Iron Treads|10/100
|-resisted|p2a: Iron Treads
|-damage|p2a: Iron Treads|6/100
|-resisted|p2a: Iron Treads
|-damage|p2a: Iron Treads|2/100
|-resisted|p2a: Iron Treads
|-damage|p2a: Iron Treads|0 fnt
|faint|p2a: Iron Treads
|-end|p2a: Iron Treads|Quark Drive|[silent]
|-hitcount|p2: Iron Treads|9
|
|upkeep
|
|t:|1760317186
|switch|p2a: Barraskewda|Barraskewda, F|100/100
|turn|36
|
|t:|1760317195
|move|p2a: Barraskewda|Flip Turn|p1a: Two Gay Rats
|-damage|p1a: Two Gay Rats|0 fnt
|faint|p1a: Two Gay Rats
|-damage|p2a: Barraskewda|91/100|[from] item: Life Orb
|
|t:|1760317205
|switch|p2a: Pelipper|Pelipper, M|70/100|[from] Flip Turn
|-weather|RainDance|[from] ability: Drizzle|[of] p2a: Pelipper
|
|-weather|RainDance|[upkeep]
|upkeep
|
|t:|1760317207
|switch|p1a: Gholdengo|Gholdengo|100/100
|turn|37
|
|t:|1760317218
|move|p1a: Gholdengo|Shadow Ball|p2a: Pelipper
|-damage|p2a: Pelipper|8/100
|move|p2a: Pelipper|Surf|p1a: Gholdengo
|-damage|p1a: Gholdengo|48/100
|
|-weather|RainDance|[upkeep]
|upkeep
|turn|38
|
|t:|1760317221
|move|p1a: Gholdengo|Shadow Ball|p2a: Pelipper
|-damage|p2a: Pelipper|0 fnt
|faint|p2a: Pelipper
|
|-weather|RainDance|[upkeep]
|upkeep
|
|t:|1760317225
|switch|p2a: Barraskewda|Barraskewda, F|91/100
|turn|39
|c|☆Abstrct84|gg
|
|t:|1760317228
|move|p2a: Barraskewda|Liquidation|p1a: Gholdengo
|-crit|p1a: Gholdengo
|-damage|p1a: Gholdengo|0 fnt
|faint|p1a: Gholdengo
|-damage|p2a: Barraskewda|81/100|[from] item: Life Orb
|
|win|flinchirator
|raw|Abstrct84's rating: 1370 &rarr; <strong>1352</strong><br />(-18 for losing)
|raw|flinchirator's rating: 1403 &rarr; <strong>1421</strong><br />(+18 for winning)
|l|☆Abstrct84
|player|p1|
|l|‽flinchirator
|player|p2|
