|j|‽Morthill
|j|☆Jynzeo
|t:|1760407210
|gametype|singles
|player|p1|Morthill|265|1341
|player|p2|Jynzeo|flannery|1324
|gen|9
|tier|[Gen 9] OU
|rated|
|rule|HP Percentage Mod: HP is shown in percentages
|rule|Endless Battle Clause: Forcing endless battles is banned
|rule|Species Clause: Limit one of each Pokémon
|rule|OHKO Clause: OHKO moves are banned
|rule|Evasion Items Clause: Evasion items are banned
|rule|Evasion Moves Clause: Evasion moves are banned
|rule|Evasion Abilities Clause: Evasion abilities are banned
|rule|Sleep Moves Clause: Sleep-inducing moves are banned
|clearpoke
|poke|p1|Slowking-Galar, M|
|poke|p1|Ninetales-Alola, M|
|poke|p1|Cetitan, M|
|poke|p1|Frosmoth, M|
|poke|p1|Avalugg, M|
|poke|p1|Kyurem|
|poke|p2|Deoxys-Speed|
|poke|p2|Kingambit, F|
|poke|p2|Garchomp, M|
|poke|p2|Volcanion|
|poke|p2|Enamorus-Therian, F|
|poke|p2|Chesnaught, M|
|teampreview
|inactive|Battle timer is ON: inactive players will automatically lose when time's up. (requested by Morthill)
|
|t:|1760407220
|teamsize|p1|6
|teamsize|p2|6
|start
|switch|p1a: Ninetales|Ninetales-Alola, M|100/100
|switch|p2a: Volcanion|Volcanion|100/100
|-weather|Snowscape|[from] ability: Snow Warning|[of] p1a: Ninetales
|turn|1
|
|t:|1760407226
|move|p1a: Ninetales|Aurora Veil|p1a: Ninetales
|-sidestart|p1: Morthill|move: Aurora Veil
|move|p2a: Volcanion|Flamethrower|p1a: Ninetales
|-supereffective|p1a: Ninetales
|-damage|p1a: Ninetales|38/100
|
|-weather|Snowscape|[upkeep]
|upkeep
|turn|2
|
|t:|1760407234
|switch|p1a: Kyurem|Kyurem|100/100
|-ability|p1a: Kyurem|Pressure
|move|p2a: Volcanion|Scald|p1a: Kyurem
|-resisted|p1a: Kyurem
|-damage|p1a: Kyurem|93/100
|
|-weather|Snowscape|[upkeep]
|upkeep
|turn|3
|
|t:|1760407244
|move|p1a: Kyurem|Earth Power|p2a: Volcanion
|-supereffective|p2a: Volcanion
|-damage|p2a: Volcanion|49/100
|move|p2a: Volcanion|Sludge Bomb|p1a: Kyurem
|-damage|p1a: Kyurem|82/100
|-status|p1a: Kyurem|psn
|
|-weather|Snowscape|[upkeep]
|-damage|p1a: Kyurem|70/100 psn|[from] psn
|upkeep
|turn|4
|
|t:|1760407259
|switch|p2a: Chesnaught|Chesnaught, M, shiny|100/100
|move|p1a: Kyurem|Earth Power|p2a: Chesnaught
|-resisted|p2a: Chesnaught
|-damage|p2a: Chesnaught|82/100
|
|-weather|Snowscape|[upkeep]
|-damage|p1a: Kyurem|57/100 psn|[from] psn
|upkeep
|turn|5
|
|t:|1760407267
|switch|p1a: Avalugg|Avalugg, M, shiny|100/100
|switch|p2a: Volcanion|Volcanion|49/100
|
|-weather|Snowscape|[upkeep]
|-sideend|p1: Morthill|move: Aurora Veil
|upkeep
|turn|6
|
|t:|1760407275
|switch|p1a: Kyurem|Kyurem|57/100 psn
|-ability|p1a: Kyurem|Pressure
|move|p2a: Volcanion|Scald|p1a: Kyurem
|-resisted|p1a: Kyurem
|-damage|p1a: Kyurem|43/100 psn
|
|-weather|Snowscape|[upkeep]
|-damage|p1a: Kyurem|30/100 psn|[from] psn
|upkeep
|turn|7
|
|t:|1760407292
|switch|p2a: Deoxys|Deoxys-Speed, shiny|100/100
|-ability|p2a: Deoxys|Pressure
|move|p1a: Kyurem|Draco Meteor|p2a: Deoxys|[miss]
|-miss|p1a: Kyurem|p2a: Deoxys
|
|-weather|Snowscape|[upkeep]
|-damage|p1a: Kyurem|18/100 psn|[from] psn
|upkeep
|turn|8
|
|t:|1760407301
|move|p2a: Deoxys|Psychic|p1a: Kyurem
|-damage|p1a: Kyurem|0 fnt
|faint|p1a: Kyurem
|
|-weather|none
|upkeep
|
|t:|1760407305
|switch|p1a: Ninetales|Ninetales-Alola, M|38/100
|-weather|Snowscape|[from] ability: Snow Warning|[of] p1a: Ninetales
|turn|9
|
|t:|1760407310
|move|p2a: Deoxys|Psychic|p1a: Ninetales
|-crit|p1a: Ninetales
|-damage|p1a: Ninetales|0 fnt
|faint|p1a: Ninetales
|
|-weather|Snowscape|[upkeep]
|upkeep
|
|t:|1760407314
|switch|p1a: Frosmoth|Frosmoth, M, shiny|100/100
|turn|10
|
|t:|1760407322
|switch|p2a: Kingambit|Kingambit, F|100/100
|move|p1a: Frosmoth|Quiver Dance|p1a: Frosmoth
|-boost|p1a: Frosmoth|spa|1
|-boost|p1a: Frosmoth|spd|1
|-boost|p1a: Frosmoth|spe|1
|
|-weather|Snowscape|[upkeep]
|upkeep
|turn|11
|
|t:|1760407326
|-terastallize|p1a: Frosmoth|Ground
|move|p1a: Frosmoth|Tera Blast|p2a: Kingambit|[anim] Tera Blast Ground
|-supereffective|p2a: Kingambit
|-damage|p2a: Kingambit|23/100
|move|p2a: Kingambit|Iron Head|p1a: Frosmoth
|-damage|p1a: Frosmoth|40/100
|
|-weather|Snowscape|[upkeep]
|-heal|p2a: Kingambit|29/100|[from] item: Leftovers
|upkeep
|turn|12
|
|t:|1760407336
|move|p2a: Kingambit|Sucker Punch||[still]
|-fail|p2a: Kingambit
|move|p1a: Frosmoth|Quiver Dance|p1a: Frosmoth
|-boost|p1a: Frosmoth|spa|1
|-boost|p1a: Frosmoth|spd|1
|-boost|p1a: Frosmoth|spe|1
|
|-weather|Snowscape|[upkeep]
|-heal|p2a: Kingambit|36/100|[from] item: Leftovers
|upkeep
|turn|13
|
|t:|1760407344
|move|p2a: Kingambit|Sucker Punch|p1a: Frosmoth
|-damage|p1a: Frosmoth|0 fnt
|faint|p1a: Frosmoth
|
|-weather|Snowscape|[upkeep]
|-heal|p2a: Kingambit|42/100|[from] item: Leftovers
|upkeep
|
|t:|1760407347
|switch|p1a: Cetitan|Cetitan, M, shiny|100/100
|turn|14
|
|t:|1760407350
|move|p1a: Cetitan|Belly Drum|p1a: Cetitan
|-damage|p1a: Cetitan|50/100
|-setboost|p1a: Cetitan|atk|6|[from] move: Belly Drum
|-enditem|p1a: Cetitan|Sitrus Berry|[eat]
|-heal|p1a: Cetitan|75/100|[from] item: Sitrus Berry
|move|p2a: Kingambit|Iron Head|p1a: Cetitan
|-supereffective|p1a: Cetitan
|-damage|p1a: Cetitan|27/100
|
|-weather|Snowscape|[upkeep]
|-heal|p2a: Kingambit|48/100|[from] item: Leftovers
|upkeep
|turn|15
|
|t:|1760407358
|move|p1a: Cetitan|Ice Shard|p2a: Kingambit
|-resisted|p2a: Kingambit
|-damage|p2a: Kingambit|20/100
|move|p2a: Kingambit|Sucker Punch||[still]
|-fail|p2a: Kingambit
|
|-weather|Snowscape|[upkeep]
|-heal|p2a: Kingambit|26/100|[from] item: Leftovers
|upkeep
|turn|16
|
|t:|1760407364
|-end|p2a: Kingambit|fallenundefined|[silent]
|switch|p2a: Volcanion|Volcanion|49/100
|move|p1a: Cetitan|Earthquake|p2a: Volcanion
|-supereffective|p2a: Volcanion
|-damage|p2a: Volcanion|0 fnt
|faint|p2a: Volcanion
|
|-weather|none
|upkeep
|
|t:|1760407371
|switch|p2a: Kingambit|Kingambit, F|26/100
|-activate|p2a: Kingambit|ability: Supreme Overlord
|-start|p2a: Kingambit|fallen1|[silent]
|turn|17
|
|t:|1760407379
|move|p1a: Cetitan|Earthquake|p2a: Kingambit
|-supereffective|p2a: Kingambit
|-damage|p2a: Kingambit|0 fnt
|faint|p2a: Kingambit
|-end|p2a: Kingambit|fallen1|[silent]
|
|upkeep
|
|t:|1760407391
|switch|p2a: Garchomp|Garchomp, M|100/100
|turn|18
|
|t:|1760407395
|-terastallize|p2a: Garchomp|Ice
|move|p1a: Cetitan|Ice Shard|p2a: Garchomp
|-resisted|p2a: Garchomp
|-damage|p2a: Garchomp|75/100
|move|p2a: Garchomp|Earthquake|p1a: Cetitan
|-damage|p1a: Cetitan|0 fnt
|faint|p1a: Cetitan
|
|upkeep
|
|t:|1760407402
|switch|p1a: Avalugg|Avalugg, M, shiny|100/100
|turn|19
|
|t:|1760407406
|move|p2a: Garchomp|Flamethrower|p1a: Avalugg
|-supereffective|p1a: Avalugg
|-damage|p1a: Avalugg|53/100
|move|p1a: Avalugg|Body Press|p2a: Garchomp
|-supereffective|p2a: Garchomp
|-damage|p2a: Garchomp|26/100
|-damage|p1a: Avalugg|41/100|[from] ability: Rough Skin|[of] p2a: Garchomp
|-damage|p1a: Avalugg|24/100|[from] item: Rocky Helmet|[of] p2a: Garchomp
|
|upkeep
|turn|20
|
|t:|1760407413
|switch|p1a: Slowking|Slowking-Galar, M|100/100
|move|p2a: Garchomp|Flamethrower|p1a: Slowking
|-damage|p1a: Slowking|92/100
|
|upkeep
|turn|21
|
|t:|1760407420
|move|p2a: Garchomp|Earthquake|p1a: Slowking
|-supereffective|p1a: Slowking
|-damage|p1a: Slowking|0 fnt
|faint|p1a: Slowking
|
|upkeep
|
|t:|1760407423
|switch|p1a: Avalugg|Avalugg, M, shiny|24/100
|turn|22
|
|t:|1760407425
|move|p2a: Garchomp|Flamethrower|p1a: Avalugg
|-supereffective|p1a: Avalugg
|-damage|p1a: Avalugg|0 fnt
|faint|p1a: Avalugg
|
|win|Jynzeo
|raw|Morthill's rating: 1341 &rarr; <strong>1320</strong><br />(-21 for losing)
|raw|Jynzeo's rating: 1324 &rarr; <strong>1345</strong><br />(+21 for winning)
|l|‽Morthill
|player|p1|
|l|☆Jynzeo
|player|p2|
