|j|☆CC Foot Soldier
|j|☆jemaisjepa
|t:|1760363487
|gametype|singles
|player|p1|CC Foot Soldier|waiter-gen4|1720
|player|p2|jemaisjepa|marlon|1847
|gen|9
|tier|[Gen 9] OU
|rated|
|rule|HP Percentage Mod: HP is shown in percentages
|rule|Endless Battle Clause: Forcing endless battles is banned
|rule|Species Clause: Limit one of each Pokémon
|rule|OHKO Clause: OHKO moves are banned
|rule|Evasion Items Clause: Evasion items are banned
|rule|Evasion Moves Clause: Evasion moves are banned
|rule|Evasion Abilities Clause: Evasion abilities are banned
|rule|Sleep Moves Clause: Sleep-inducing moves are banned
|clearpoke
|poke|p1|Torkoal, F|
|poke|p1|Walking Wake|
|poke|p1|Ceruledge, F|
|poke|p1|Hatterene, F|
|poke|p1|Venusaur, F|
|poke|p1|Dragonite, F|
|poke|p2|Weezing-Galar, F|
|poke|p2|Alomomola, M|
|poke|p2|Dragonite, M|
|poke|p2|Great Tusk|
|poke|p2|Zamazenta-*|
|poke|p2|Ogerpon-Wellspring, F|
|teampreview
|inactive|Battle timer is ON: inactive players will automatically lose when time's up. (requested by jemaisjepa)
|c|☆CC Foot Soldier|hf
|inactive|CC Foot Soldier has 120 seconds left.
|
|t:|1760363519
|teamsize|p1|6
|teamsize|p2|6
|start
|switch|p1a: Walking Wake|Walking Wake|100/100
|switch|p2a: Great Tusk|Great Tusk|100/100
|-enditem|p2a: Great Tusk|Booster Energy
|-activate|p2a: Great Tusk|ability: Protosynthesis|[fromitem]
|-start|p2a: Great Tusk|protosynthesisatk
|turn|1
|inactive|jemaisjepa has 120 seconds left.
|
|t:|1760363551
|-end|p2a: Great Tusk|Protosynthesis|[silent]
|switch|p2a: Alomomola|Alomomola, M, shiny|100/100
|move|p1a: Walking Wake|Draco Meteor|p2a: Alomomola
|-damage|p2a: Alomomola|44/100
|-unboost|p1a: Walking Wake|spa|2
|
|upkeep
|turn|2
|
|t:|1760363573
|-end|p1a: Walking Wake|Protosynthesis|[silent]
|switch|p1a: Torkoal|Torkoal, F|100/100
|-weather|SunnyDay|[from] ability: Drought|[of] p1a: Torkoal
|switch|p2a: Weezing|Weezing-Galar, F, shiny|100/100
|-ability|p2a: Weezing|Neutralizing Gas
|
|-weather|SunnyDay|[upkeep]
|upkeep
|turn|3
|
|t:|1760363589
|switch|p1a: Ceruledge|Ceruledge, F|100/100
|move|p2a: Weezing|Sludge Bomb|p1a: Ceruledge
|-resisted|p1a: Ceruledge
|-damage|p1a: Ceruledge|86/100
|
|-weather|SunnyDay|[upkeep]
|upkeep
|turn|4
|inactive|jemaisjepa has 120 seconds left.
|
|t:|1760363607
|switch|p1a: Venusaur|Venusaur, F|100/100
|-end|p2a: Weezing|ability: Neutralizing Gas
|switch|p2a: Dragonite|Dragonite, M, shiny|100/100
|
|-weather|SunnyDay|[upkeep]
|upkeep
|turn|5
|
|t:|1760363613
|move|p1a: Venusaur|Sludge Bomb|p2a: Dragonite
|-damage|p2a: Dragonite|77/100
|-status|p2a: Dragonite|psn
|-damage|p1a: Venusaur|91/100|[from] item: Life Orb
|move|p2a: Dragonite|Dragon Tail|p1a: Venusaur
|-damage|p1a: Venusaur|41/100
|drag|p1a: Ceruledge|Ceruledge, F|86/100
|
|-weather|SunnyDay|[upkeep]
|-damage|p2a: Dragonite|65/100 psn|[from] psn
|upkeep
|turn|6
|j| brbsiekekeoei
|
|t:|1760363625
|switch|p1a: Hatterene|Hatterene, F|100/100
|move|p2a: Dragonite|Thunder Wave|p1a: Hatterene
|move|p1a: Hatterene|Thunder Wave||[from] ability: Magic Bounce|[still]
|-fail|p1a: Hatterene
|
|-weather|SunnyDay|[upkeep]
|-damage|p2a: Dragonite|52/100 psn|[from] psn
|upkeep
|turn|7
|
|t:|1760363634
|switch|p2a: Alomomola|Alomomola, M, shiny|77/100
|move|p1a: Hatterene|Psychic Noise|p2a: Alomomola
|-damage|p2a: Alomomola|58/100
|-start|p2a: Alomomola|move: Heal Block
|
|-weather|SunnyDay|[upkeep]
|upkeep
|turn|8
|j| Swagboss123456789
|
|t:|1760363646
|move|p2a: Alomomola|Flip Turn|p1a: Hatterene
|-damage|p1a: Hatterene|91/100
|-enditem|p1a: Hatterene|Eject Button
|
|t:|1760363653
|switch|p1a: Venusaur|Venusaur, F|41/100
|
|-weather|SunnyDay|[upkeep]
|-end|p2a: Alomomola|move: Heal Block
|upkeep
|turn|9
|
|t:|1760363658
|switch|p2a: Dragonite|Dragonite, M, shiny|52/100 psn
|move|p1a: Venusaur|Giga Drain|p2a: Dragonite
|-resisted|p2a: Dragonite
|-damage|p2a: Dragonite|43/100 psn
|-heal|p1a: Venusaur|47/100|[from] drain|[of] p2a: Dragonite
|-damage|p1a: Venusaur|37/100|[from] item: Life Orb
|
|-weather|none
|-damage|p2a: Dragonite|31/100 psn|[from] psn
|upkeep
|turn|10
|
|t:|1760363672
|switch|p1a: Ceruledge|Ceruledge, F|86/100
|move|p2a: Dragonite|Extreme Speed|p1a: Ceruledge
|-immune|p1a: Ceruledge
|
|-damage|p2a: Dragonite|18/100 psn|[from] psn
|upkeep
|turn|11
|
|t:|1760363679
|move|p1a: Ceruledge|Bitter Blade|p2a: Dragonite
|-resisted|p2a: Dragonite
|-damage|p2a: Dragonite|0 fnt
|-heal|p1a: Ceruledge|98/100|[from] drain|[of] p2a: Dragonite
|faint|p2a: Dragonite
|
|upkeep
|
|t:|1760363682
|switch|p2a: Great Tusk|Great Tusk|100/100
|turn|12
|
|t:|1760363690
|switch|p1a: Hatterene|Hatterene, F|91/100
|move|p2a: Great Tusk|Headlong Rush|p1a: Hatterene
|-damage|p1a: Hatterene|21/100
|-unboost|p2a: Great Tusk|def|1
|-unboost|p2a: Great Tusk|spd|1
|
|upkeep
|turn|13
|
|t:|1760363699
|move|p2a: Great Tusk|Headlong Rush|p1a: Hatterene
|-damage|p1a: Hatterene|0 fnt
|-unboost|p2a: Great Tusk|def|1
|-unboost|p2a: Great Tusk|spd|1
|faint|p1a: Hatterene
|
|upkeep
|
|t:|1760363704
|switch|p1a: Walking Wake|Walking Wake|100/100
|turn|14
|
|t:|1760363707
|-end|p2a: Great Tusk|Protosynthesis|[silent]
|switch|p2a: Alomomola|Alomomola, M, shiny|91/100
|move|p1a: Walking Wake|Flip Turn|p2a: Alomomola
|-resisted|p2a: Alomomola
|-damage|p2a: Alomomola|86/100
|
|t:|1760363714
|-end|p1a: Walking Wake|Protosynthesis|[silent]
|switch|p1a: Venusaur|Venusaur, F|37/100|[from] Flip Turn
|
|upkeep
|turn|15
|
|t:|1760363718
|move|p1a: Venusaur|Sludge Bomb|p2a: Alomomola
|-damage|p2a: Alomomola|60/100
|-status|p2a: Alomomola|psn
|-damage|p1a: Venusaur|27/100|[from] item: Life Orb
|move|p2a: Alomomola|Mirror Coat|p1a: Venusaur
|-damage|p1a: Venusaur|0 fnt
|faint|p1a: Venusaur
|
|-damage|p2a: Alomomola|47/100 psn|[from] psn
|upkeep
|
|t:|1760363744
|switch|p1a: Dragonite|Dragonite, F|100/100
|turn|16
|
|t:|1760363750
|move|p1a: Dragonite|Dragon Dance|p1a: Dragonite
|-boost|p1a: Dragonite|atk|1
|-boost|p1a: Dragonite|spe|1
|move|p2a: Alomomola|Flip Turn|p1a: Dragonite
|-resisted|p1a: Dragonite
|-damage|p1a: Dragonite|96/100
|
|t:|1760363759
|switch|p2a: Weezing|Weezing-Galar, F, shiny|100/100|[from] Flip Turn
|-ability|p2a: Weezing|Neutralizing Gas
|
|upkeep
|turn|17
|
|t:|1760363767
|switch|p1a: Torkoal|Torkoal, F|100/100
|move|p2a: Weezing|Will-O-Wisp|p1a: Torkoal
|-immune|p1a: Torkoal
|
|upkeep
|turn|18
|
|t:|1760363774
|move|p2a: Weezing|Sludge Bomb|p1a: Torkoal
|-damage|p1a: Torkoal|75/100
|-status|p1a: Torkoal|psn
|move|p1a: Torkoal|Overheat|p2a: Weezing
|-damage|p2a: Weezing|47/100
|-unboost|p1a: Torkoal|spa|2
|
|-damage|p1a: Torkoal|62/100 psn|[from] psn
|upkeep
|turn|19
|
|t:|1760363784
|move|p2a: Weezing|Pain Split|p1a: Torkoal
|-sethp|p1a: Torkoal|54/100 psn|[from] move: Pain Split|[silent]
|-sethp|p2a: Weezing|56/100|[from] move: Pain Split
|move|p1a: Torkoal|Stealth Rock|p2a: Weezing
|-sidestart|p2: jemaisjepa|move: Stealth Rock
|
|-damage|p1a: Torkoal|41/100 psn|[from] psn
|upkeep
|turn|20
|
|t:|1760363791
|switch|p1a: Walking Wake|Walking Wake|100/100
|move|p2a: Weezing|Defog|p1a: Walking Wake
|-unboost|p1a: Walking Wake|evasion|1
|-sideend|p2: jemaisjepa|Stealth Rock|[from] move: Defog|[of] p2a: Weezing
|
|upkeep
|turn|21
|
|t:|1760363802
|-end|p2a: Weezing|ability: Neutralizing Gas
|switch|p2a: Ogerpon|Ogerpon-Wellspring, F|100/100
|move|p1a: Walking Wake|Hydro Steam|p2a: Ogerpon
|-immune|p2a: Ogerpon|[from] ability: Water Absorb
|
|upkeep
|turn|22
|
|t:|1760363811
|-end|p1a: Walking Wake|Protosynthesis|[silent]
|switch|p1a: Torkoal|Torkoal, F|41/100 psn
|-weather|SunnyDay|[from] ability: Drought|[of] p1a: Torkoal
|move|p2a: Ogerpon|U-turn|p1a: Torkoal
|-resisted|p1a: Torkoal
|-damage|p1a: Torkoal|32/100 psn
|
|t:|1760363819
|switch|p2a: Great Tusk|Great Tusk|100/100|[from] U-turn
|-activate|p2a: Great Tusk|ability: Protosynthesis
|-start|p2a: Great Tusk|protosynthesisatk
|
|-weather|SunnyDay|[upkeep]
|-damage|p1a: Torkoal|19/100 psn|[from] psn
|upkeep
|turn|23
|
|t:|1760363832
|move|p2a: Great Tusk|Stealth Rock|p1a: Torkoal
|-sidestart|p1: CC Foot Soldier|move: Stealth Rock
|move|p1a: Torkoal|Overheat|p2a: Great Tusk
|-damage|p2a: Great Tusk|6/100
|-unboost|p1a: Torkoal|spa|2
|
|-weather|SunnyDay|[upkeep]
|-damage|p1a: Torkoal|7/100 psn|[from] psn
|upkeep
|turn|24
|
|t:|1760363849
|-terastallize|p1a: Torkoal|Ghost
|move|p2a: Great Tusk|Ice Spinner|p1a: Torkoal
|-damage|p1a: Torkoal|0 fnt
|faint|p1a: Torkoal
|
|-weather|SunnyDay|[upkeep]
|upkeep
|
|t:|1760363856
|switch|p1a: Ceruledge|Ceruledge, F|98/100
|-damage|p1a: Ceruledge|73/100|[from] Stealth Rock
|turn|25
|
|t:|1760363859
|move|p1a: Ceruledge|Shadow Sneak|p2a: Great Tusk
|-crit|p2a: Great Tusk
|-damage|p2a: Great Tusk|0 fnt
|faint|p2a: Great Tusk
|-end|p2a: Great Tusk|Protosynthesis|[silent]
|
|-weather|SunnyDay|[upkeep]
|upkeep
|
|t:|1760363865
|switch|p2a: Zamazenta|Zamazenta, shiny|100/100
|-ability|p2a: Zamazenta|Dauntless Shield|boost
|-boost|p2a: Zamazenta|def|1
|turn|26
|
|t:|1760363870
|move|p2a: Zamazenta|Stone Edge|p1a: Ceruledge
|-supereffective|p1a: Ceruledge
|-damage|p1a: Ceruledge|0 fnt
|faint|p1a: Ceruledge
|
|-weather|SunnyDay|[upkeep]
|upkeep
|
|t:|1760363876
|switch|p1a: Walking Wake|Walking Wake|100/100
|-damage|p1a: Walking Wake|88/100|[from] Stealth Rock
|-activate|p1a: Walking Wake|ability: Protosynthesis
|-start|p1a: Walking Wake|protosynthesisspe
|turn|27
|
|t:|1760363881
|switch|p2a: Alomomola|Alomomola, M, shiny|80/100 psn
|move|p1a: Walking Wake|Flamethrower|p2a: Alomomola
|-resisted|p2a: Alomomola
|-damage|p2a: Alomomola|62/100 psn
|
|-weather|SunnyDay|[upkeep]
|-damage|p2a: Alomomola|49/100 psn|[from] psn
|upkeep
|turn|28
|-message|CC Foot Soldier forfeited.
|
|win|jemaisjepa
|raw|CC Foot Soldier's rating: 1720 &rarr; <strong>1706</strong><br />(-14 for losing)
|raw|jemaisjepa's rating: 1824 &rarr; <strong>1838</strong><br />(+14 for winning)
|l|☆CC Foot Soldier
|player|p1|
|l|☆jemaisjepa
|player|p2|
|l| Swagboss123456789
|l| brbsiekekeoei
