|j|☆Obito 2001
|j|☆marching_cubes
|t:|1760304931
|gametype|singles
|player|p1|Obito 2001|blue-gen3two|1634
|player|p2|marching_cubes|101|1503
|gen|9
|tier|[Gen 9] OU
|rated|
|rule|HP Percentage Mod: HP is shown in percentages
|rule|Endless Battle Clause: Forcing endless battles is banned
|rule|Species Clause: Limit one of each Pokémon
|rule|OHKO Clause: OHKO moves are banned
|rule|Evasion Items Clause: Evasion items are banned
|rule|Evasion Moves Clause: Evasion moves are banned
|rule|Evasion Abilities Clause: Evasion abilities are banned
|rule|Sleep Moves Clause: Sleep-inducing moves are banned
|clearpoke
|poke|p1|Manaphy|
|poke|p1|Darkrai|
|poke|p1|Great Tusk|
|poke|p1|Dragapult, F|
|poke|p1|Maushold-Four|
|poke|p1|Braviary-Hisui, M|
|poke|p2|Arcanine-Hisui, F|
|poke|p2|Ninetales-Alola, M|
|poke|p2|Raging Bolt|
|poke|p2|Scizor, M|
|poke|p2|Hatterene, F|
|poke|p2|Rillaboom, M|
|teampreview
|inactive|Battle timer is ON: inactive players will automatically lose when time's up. (requested by Obito 2001)
|inactive|marching_cubes has 120 seconds left.
|inactive|marching_cubes has 90 seconds left.
|inactive|marching_cubes has 60 seconds left.
|inactive|marching_cubes has 30 seconds left.
|inactive|marching_cubes has 20 seconds left.
|inactive|marching_cubes has 15 seconds left.
|inactive|marching_cubes has 10 seconds left.
|inactive|marching_cubes has 5 seconds left.
|
|t:|1760305079
|teamsize|p1|6
|teamsize|p2|6
|start
|switch|p1a: DraGhost|Dragapult, F|100/100
|switch|p2a: Arcanine|Arcanine-Hisui, F|100/100
|turn|1
|
|t:|1760305087
|move|p1a: DraGhost|Reflect|p1a: DraGhost
|-sidestart|p1: Obito 2001|Reflect
|move|p2a: Arcanine|Head Smash|p1a: DraGhost
|-damage|p1a: DraGhost|43/100
|
|upkeep
|turn|2
|
|t:|1760305092
|switch|p1a: Mega Donphan|Great Tusk|100/100
|move|p2a: Arcanine|Head Smash|p1a: Mega Donphan
|-resisted|p1a: Mega Donphan
|-damage|p1a: Mega Donphan|91/100
|
|upkeep
|turn|3
|inactive|marching_cubes has 90 seconds left.
|
|t:|1760305097
|switch|p2a: Hatterene|Hatterene, F|100/100
|move|p1a: Mega Donphan|Headlong Rush|p2a: Hatterene
|-damage|p2a: Hatterene|28/100
|-unboost|p1a: Mega Donphan|def|1
|-unboost|p1a: Mega Donphan|spd|1
|
|upkeep
|turn|4
|
|t:|1760305100
|switch|p2a: Rillaboom|Rillaboom, M|100/100
|-fieldstart|move: Grassy Terrain|[from] ability: Grassy Surge|[of] p2a: Rillaboom
|move|p1a: Mega Donphan|Headlong Rush|p2a: Rillaboom
|-resisted|p2a: Rillaboom
|-damage|p2a: Rillaboom|72/100
|-unboost|p1a: Mega Donphan|def|1
|-unboost|p1a: Mega Donphan|spd|1
|
|-heal|p1a: Mega Donphan|97/100|[from] Grassy Terrain
|-heal|p2a: Rillaboom|78/100|[from] Grassy Terrain
|upkeep
|turn|5
|
|t:|1760305110
|move|p1a: Mega Donphan|Stealth Rock|p2a: Rillaboom
|-sidestart|p2: marching_cubes|move: Stealth Rock
|move|p2a: Rillaboom|Swords Dance|p2a: Rillaboom
|-boost|p2a: Rillaboom|atk|2
|
|-heal|p1a: Mega Donphan|100/100|[from] Grassy Terrain
|-heal|p2a: Rillaboom|84/100|[from] Grassy Terrain
|upkeep
|turn|6
|
|t:|1760305114
|-end|p1a: Mega Donphan|Protosynthesis|[silent]
|switch|p1a: Braviary|Braviary-Hisui, M|100/100
|move|p2a: Rillaboom|Grassy Glide|p1a: Braviary
|-resisted|p1a: Braviary
|-damage|p1a: Braviary|74/100
|
|-heal|p2a: Rillaboom|90/100|[from] Grassy Terrain
|upkeep
|turn|7
|inactive|marching_cubes has 120 seconds left.
|
|t:|1760305140
|switch|p2a: Raging Bolt|Raging Bolt|100/100
|-damage|p2a: Raging Bolt|88/100|[from] Stealth Rock
|move|p1a: Braviary|Heat Wave|p2a: Raging Bolt
|-resisted|p2a: Raging Bolt
|-damage|p2a: Raging Bolt|64/100
|
|-heal|p2a: Raging Bolt|70/100|[from] Grassy Terrain
|upkeep
|turn|8
|
|t:|1760305148
|switch|p1a: Mega Donphan|Great Tusk|100/100
|move|p2a: Raging Bolt|Draco Meteor|p1a: Mega Donphan
|-damage|p1a: Mega Donphan|0 fnt
|-unboost|p2a: Raging Bolt|spa|2
|faint|p1a: Mega Donphan
|-end|p1a: Mega Donphan|Protosynthesis|[silent]
|
|-heal|p2a: Raging Bolt|76/100|[from] Grassy Terrain
|-sideend|p1: Obito 2001|Reflect
|upkeep
|
|t:|1760305152
|switch|p1a: Gang Bang|Maushold-Four|100/100
|turn|9
|
|t:|1760305155
|move|p1a: Gang Bang|Population Bomb|p2a: Raging Bolt
|-damage|p2a: Raging Bolt|66/100
|-damage|p2a: Raging Bolt|56/100
|-damage|p2a: Raging Bolt|47/100
|-crit|p2a: Raging Bolt
|-damage|p2a: Raging Bolt|31/100
|-damage|p2a: Raging Bolt|21/100
|-damage|p2a: Raging Bolt|10/100
|-damage|p2a: Raging Bolt|0 fnt
|faint|p2a: Raging Bolt
|-end|p2a: Raging Bolt|Protosynthesis|[silent]
|-hitcount|p2: Raging Bolt|7
|
|upkeep
|
|t:|1760305158
|switch|p2a: Scizor|Scizor, M|100/100
|-damage|p2a: Scizor|88/100|[from] Stealth Rock
|turn|10
|
|t:|1760305172
|move|p1a: Gang Bang|Population Bomb|p2a: Scizor
|-resisted|p2a: Scizor
|-damage|p2a: Scizor|82/100
|-resisted|p2a: Scizor
|-damage|p2a: Scizor|77/100
|-resisted|p2a: Scizor
|-damage|p2a: Scizor|71/100
|-resisted|p2a: Scizor
|-damage|p2a: Scizor|66/100
|-resisted|p2a: Scizor
|-damage|p2a: Scizor|61/100
|-resisted|p2a: Scizor
|-damage|p2a: Scizor|56/100
|-resisted|p2a: Scizor
|-damage|p2a: Scizor|50/100
|-resisted|p2a: Scizor
|-damage|p2a: Scizor|45/100
|-resisted|p2a: Scizor
|-damage|p2a: Scizor|39/100
|-resisted|p2a: Scizor
|-damage|p2a: Scizor|34/100
|-hitcount|p2a: Scizor|10
|move|p2a: Scizor|Defog|p1a: Gang Bang
|-unboost|p1a: Gang Bang|evasion|1
|-sideend|p2: marching_cubes|Stealth Rock|[from] move: Defog|[of] p2a: Scizor
|-fieldend|move: Grassy Terrain
|
|upkeep
|turn|11
|
|t:|1760305178
|switch|p2a: Rillaboom|Rillaboom, M|90/100
|-fieldstart|move: Grassy Terrain|[from] ability: Grassy Surge|[of] p2a: Rillaboom
|move|p1a: Gang Bang|Population Bomb|p2a: Rillaboom
|-damage|p2a: Rillaboom|79/100
|-damage|p2a: Rillaboom|69/100
|-damage|p2a: Rillaboom|58/100
|-damage|p2a: Rillaboom|46/100
|-damage|p2a: Rillaboom|36/100
|-damage|p2a: Rillaboom|25/100
|-damage|p2a: Rillaboom|15/100
|-damage|p2a: Rillaboom|3/100
|-damage|p2a: Rillaboom|0 fnt
|faint|p2a: Rillaboom
|-hitcount|p2: Rillaboom|9
|
|upkeep
|
|t:|1760305189
|switch|p2a: Arcanine|Arcanine-Hisui, F|100/100
|turn|12
|
|t:|1760305200
|move|p1a: Gang Bang|Population Bomb|p2a: Arcanine
|-resisted|p2a: Arcanine
|-damage|p2a: Arcanine|94/100
|-resisted|p2a: Arcanine
|-damage|p2a: Arcanine|88/100
|-resisted|p2a: Arcanine
|-damage|p2a: Arcanine|80/100
|-resisted|p2a: Arcanine
|-damage|p2a: Arcanine|74/100
|-resisted|p2a: Arcanine
|-damage|p2a: Arcanine|67/100
|-resisted|p2a: Arcanine
|-crit|p2a: Arcanine
|-damage|p2a: Arcanine|56/100
|-resisted|p2a: Arcanine
|-damage|p2a: Arcanine|49/100
|-resisted|p2a: Arcanine
|-damage|p2a: Arcanine|42/100
|-resisted|p2a: Arcanine
|-crit|p2a: Arcanine
|-damage|p2a: Arcanine|32/100
|-resisted|p2a: Arcanine
|-damage|p2a: Arcanine|25/100
|-hitcount|p2a: Arcanine|10
|move|p2a: Arcanine|Flare Blitz|p1a: Gang Bang
|-crit|p1a: Gang Bang
|-damage|p1a: Gang Bang|0 fnt
|faint|p1a: Gang Bang
|
|-heal|p2a: Arcanine|31/100|[from] Grassy Terrain
|upkeep
|
|t:|1760305205
|switch|p1a: DraGhost|Dragapult, F|43/100
|turn|13
|
|t:|1760305206
|move|p1a: DraGhost|Reflect|p1a: DraGhost
|-sidestart|p1: Obito 2001|Reflect
|move|p2a: Arcanine|Flare Blitz|p1a: DraGhost
|-resisted|p1a: DraGhost
|-damage|p1a: DraGhost|19/100
|
|-heal|p1a: DraGhost|25/100|[from] Grassy Terrain
|-heal|p2a: Arcanine|37/100|[from] Grassy Terrain
|upkeep
|turn|14
|
|t:|1760305211
|move|p1a: DraGhost|Dragon Darts|p2a: Arcanine
|-damage|p2a: Arcanine|10/100
|-anim|p1a: DraGhost|Dragon Darts|p2a: Arcanine
|-damage|p2a: Arcanine|0 fnt
|faint|p2a: Arcanine
|
|-heal|p1a: DraGhost|31/100|[from] Grassy Terrain
|upkeep
|
|t:|1760305215
|switch|p2a: Ninetales|Ninetales-Alola, M|100/100
|-weather|Snowscape|[from] ability: Snow Warning|[of] p2a: Ninetales
|turn|15
|
|t:|1760305218
|move|p1a: DraGhost|Light Screen|p1a: DraGhost
|-sidestart|p1: Obito 2001|move: Light Screen
|move|p2a: Ninetales|Aurora Veil|p2a: Ninetales
|-sidestart|p2: marching_cubes|move: Aurora Veil
|
|-weather|Snowscape|[upkeep]
|-heal|p1a: DraGhost|37/100|[from] Grassy Terrain
|upkeep
|turn|16
|
|t:|1760305222
|switch|p1a: Braviary|Braviary-Hisui, M|74/100
|move|p2a: Ninetales|Encore||[still]
|-fail|p2a: Ninetales
|
|-weather|Snowscape|[upkeep]
|upkeep
|turn|17
|
|t:|1760305228
|move|p2a: Ninetales|Freeze-Dry|p1a: Braviary
|-supereffective|p1a: Braviary
|-damage|p1a: Braviary|47/100
|-status|p1a: Braviary|frz
|cant|p1a: Braviary|frz
|
|-weather|Snowscape|[upkeep]
|upkeep
|turn|18
|
|t:|1760305250
|switch|p2a: Hatterene|Hatterene, F|28/100
|-enditem|p2a: Hatterene|Grassy Seed
|-boost|p2a: Hatterene|def|1|[from] item: Grassy Seed
|cant|p1a: Braviary|frz
|
|-weather|Snowscape|[upkeep]
|-heal|p2a: Hatterene|34/100|[from] Grassy Terrain
|-fieldend|move: Grassy Terrain
|upkeep
|turn|19
|
|t:|1760305257
|-curestatus|p1a: Braviary|frz|[msg]
|move|p1a: Braviary|Hurricane|p2a: Hatterene
|-crit|p2a: Hatterene
|-damage|p2a: Hatterene|0 fnt
|faint|p2a: Hatterene
|
|-weather|none
|upkeep
|
|t:|1760305260
|switch|p2a: Scizor|Scizor, M|34/100
|turn|20
|inactive|Obito 2001 has 120 seconds left.
|
|t:|1760305313
|move|p2a: Scizor|Bullet Punch|p1a: Braviary
|-damage|p1a: Braviary|15/100
|move|p1a: Braviary|Heat Wave|p2a: Scizor
|-supereffective|p2a: Scizor
|-damage|p2a: Scizor|0 fnt
|faint|p2a: Scizor
|
|-sideend|p1: Obito 2001|Reflect
|upkeep
|
|t:|1760305318
|switch|p2a: Ninetales|Ninetales-Alola, M|100/100
|-weather|Snowscape|[from] ability: Snow Warning|[of] p2a: Ninetales
|turn|21
|
|t:|1760305324
|move|p2a: Ninetales|Freeze-Dry|p1a: Braviary
|-supereffective|p1a: Braviary
|-damage|p1a: Braviary|0 fnt
|faint|p1a: Braviary
|
|-weather|Snowscape|[upkeep]
|upkeep
|
|t:|1760305333
|switch|p1a: Darkrai|Darkrai|100/100
|turn|22
|
|t:|1760305337
|move|p1a: Darkrai|Sludge Bomb|p2a: Ninetales
|-supereffective|p2a: Ninetales
|-damage|p2a: Ninetales|67/100
|-damage|p1a: Darkrai|91/100|[from] item: Life Orb
|move|p2a: Ninetales|Moonblast|p1a: Darkrai
|-supereffective|p1a: Darkrai
|-damage|p1a: Darkrai|55/100
|
|-weather|Snowscape|[upkeep]
|-sideend|p1: Obito 2001|move: Light Screen
|-sideend|p2: marching_cubes|move: Aurora Veil
|upkeep
|turn|23
|
|t:|1760305348
|-terastallize|p2a: Ninetales|Water
|move|p1a: Darkrai|Sludge Bomb|p2a: Ninetales
|-damage|p2a: Ninetales|31/100
|-damage|p1a: Darkrai|45/100|[from] item: Life Orb
|move|p2a: Ninetales|Aurora Veil|p2a: Ninetales
|-sidestart|p2: marching_cubes|move: Aurora Veil
|
|-weather|Snowscape|[upkeep]
|upkeep
|turn|24
|inactive|Obito 2001 has 120 seconds left.
|
|t:|1760305369
|switch|p1a: La Lisa|Manaphy|100/100
|move|p2a: Ninetales|Moonblast|p1a: La Lisa
|-damage|p1a: La Lisa|73/100
|
|-weather|Snowscape|[upkeep]
|-heal|p1a: La Lisa|79/100|[from] item: Leftovers
|upkeep
|turn|25
|inactive|Obito 2001 has 120 seconds left.
|
|t:|1760305382
|move|p2a: Ninetales|Freeze-Dry|p1a: La Lisa
|-supereffective|p1a: La Lisa
|-damage|p1a: La Lisa|36/100
|move|p1a: La Lisa|Alluring Voice|p2a: Ninetales
|-damage|p2a: Ninetales|19/100
|
|-weather|none
|-heal|p1a: La Lisa|42/100|[from] item: Leftovers
|upkeep
|turn|26
|
|t:|1760305387
|move|p2a: Ninetales|Freeze-Dry|p1a: La Lisa
|-supereffective|p1a: La Lisa
|-damage|p1a: La Lisa|3/100
|move|p1a: La Lisa|Alluring Voice|p2a: Ninetales
|-damage|p2a: Ninetales|8/100
|
|-heal|p1a: La Lisa|9/100|[from] item: Leftovers
|upkeep
|turn|27
|-message|marching_cubes forfeited.
|
|win|Obito 2001
|raw|Obito 2001's rating: 1634 &rarr; <strong>1647</strong><br />(+13 for winning)
|raw|marching_cubes's rating: 1503 &rarr; <strong>1490</strong><br />(-13 for losing)
|l|☆marching_cubes
|player|p2|
|l|☆Obito 2001
|player|p1|
