|j|‽gguestie
|j|☆10thPlanett
|t:|1760347244
|gametype|singles
|player|p1|gguestie|1|1635
|player|p2|10thPlanett|alder|1690
|gen|9
|tier|[Gen 9] OU
|rated|
|rule|HP Percentage Mod: HP is shown in percentages
|rule|Endless Battle Clause: Forcing endless battles is banned
|rule|Species Clause: Limit one of each Pokémon
|rule|OHKO Clause: OHKO moves are banned
|rule|Evasion Items Clause: Evasion items are banned
|rule|Evasion Moves Clause: Evasion moves are banned
|rule|Evasion Abilities Clause: Evasion abilities are banned
|rule|Sleep Moves Clause: Sleep-inducing moves are banned
|clearpoke
|poke|p1|Corviknight, F|
|poke|p1|Zamazenta-*|
|poke|p1|Garganacl, F|
|poke|p1|Dondozo, F|
|poke|p1|Tyranitar, M|
|poke|p1|Heatran, F|
|poke|p2|Dragonite, F|
|poke|p2|Zamazenta-*|
|poke|p2|Araquanid, F|
|poke|p2|Iron Treads|
|poke|p2|Zapdos|
|poke|p2|Glimmora, F|
|teampreview
|
|t:|1760347271
|teamsize|p1|6
|teamsize|p2|6
|start
|switch|p1a: Dondozo|Dondozo, F|100/100
|switch|p2a: Araquanid|Araquanid, F, shiny|100/100
|turn|1
|
|t:|1760347282
|move|p2a: Araquanid|Sticky Web|p1a: Dondozo
|-sidestart|p1: gguestie|move: Sticky Web
|move|p1a: Dondozo|Curse|p1a: Dondozo
|-unboost|p1a: Dondozo|spe|1
|-boost|p1a: Dondozo|atk|1
|-boost|p1a: Dondozo|def|1
|
|upkeep
|turn|2
|
|t:|1760347290
|switch|p2a: Zapdos|Zapdos|100/100
|move|p1a: Dondozo|Curse|p1a: Dondozo
|-unboost|p1a: Dondozo|spe|1
|-boost|p1a: Dondozo|atk|1
|-boost|p1a: Dondozo|def|1
|
|upkeep
|turn|3
|
|t:|1760347297
|move|p1a: Dondozo|Protect|p1a: Dondozo
|-singleturn|p1a: Dondozo|Protect
|move|p2a: Zapdos|Thunderbolt|p1a: Dondozo
|-activate|p1a: Dondozo|move: Protect
|
|upkeep
|turn|4
|
|t:|1760347309
|-terastallize|p1a: Dondozo|Dragon
|move|p2a: Zapdos|Thunderbolt|p1a: Dondozo
|-resisted|p1a: Dondozo
|-damage|p1a: Dondozo|87/100
|move|p1a: Dondozo|Curse|p1a: Dondozo
|-unboost|p1a: Dondozo|spe|1
|-boost|p1a: Dondozo|atk|1
|-boost|p1a: Dondozo|def|1
|
|-heal|p1a: Dondozo|93/100|[from] item: Leftovers
|upkeep
|turn|5
|
|t:|1760347320
|move|p2a: Zapdos|Hurricane|p1a: Dondozo
|-damage|p1a: Dondozo|60/100
|-start|p1a: Dondozo|confusion
|-activate|p1a: Dondozo|confusion
|move|p1a: Dondozo|Liquidation|p2a: Zapdos
|-damage|p2a: Zapdos|49/100
|-unboost|p2a: Zapdos|def|1
|
|-heal|p1a: Dondozo|66/100|[from] item: Leftovers
|upkeep
|turn|6
|
|t:|1760347332
|move|p2a: Zapdos|Hurricane|p1a: Dondozo|[miss]
|-miss|p2a: Zapdos|p1a: Dondozo
|-end|p1a: Dondozo|confusion
|move|p1a: Dondozo|Curse|p1a: Dondozo
|-unboost|p1a: Dondozo|spe|1
|-boost|p1a: Dondozo|atk|1
|-boost|p1a: Dondozo|def|1
|
|-heal|p1a: Dondozo|72/100|[from] item: Leftovers
|upkeep
|turn|7
|
|t:|1760347343
|move|p1a: Dondozo|Protect|p1a: Dondozo
|-singleturn|p1a: Dondozo|Protect
|move|p2a: Zapdos|Hurricane|p1a: Dondozo
|-activate|p1a: Dondozo|move: Protect
|
|-heal|p1a: Dondozo|78/100|[from] item: Leftovers
|upkeep
|turn|8
|
|t:|1760347352
|move|p2a: Zapdos|Hurricane|p1a: Dondozo|[miss]
|-miss|p2a: Zapdos|p1a: Dondozo
|move|p1a: Dondozo|Liquidation|p2a: Zapdos
|-damage|p2a: Zapdos|0 fnt
|-status|p1a: Dondozo|par|[from] ability: Static|[of] p2a: Zapdos
|faint|p2a: Zapdos
|
|-heal|p1a: Dondozo|84/100 par|[from] item: Leftovers
|upkeep
|
|t:|1760347367
|switch|p2a: Glimmora|Glimmora, F|100/100
|turn|9
|
|t:|1760347371
|-terastallize|p2a: Glimmora|Fairy
|move|p1a: Dondozo|Protect|p1a: Dondozo
|-singleturn|p1a: Dondozo|Protect
|move|p2a: Glimmora|Dazzling Gleam|p1a: Dondozo
|-activate|p1a: Dondozo|move: Protect
|
|-heal|p1a: Dondozo|90/100 par|[from] item: Leftovers
|upkeep
|turn|10
|
|t:|1760347380
|move|p2a: Glimmora|Dazzling Gleam|p1a: Dondozo
|-supereffective|p1a: Dondozo
|-damage|p1a: Dondozo|28/100 par
|cant|p1a: Dondozo|par
|
|-heal|p1a: Dondozo|34/100 par|[from] item: Leftovers
|upkeep
|turn|11
|
|t:|1760347389
|cant|p1a: Dondozo|par
|move|p2a: Glimmora|Dazzling Gleam|p1a: Dondozo
|-supereffective|p1a: Dondozo
|-damage|p1a: Dondozo|0 fnt
|faint|p1a: Dondozo
|
|upkeep
|
|t:|1760347392
|switch|p1a: Corviknight|Corviknight, F|100/100
|-ability|p1a: Corviknight|Pressure
|turn|12
|
|t:|1760347406
|switch|p2a: Araquanid|Araquanid, F, shiny|100/100
|move|p1a: Corviknight|Iron Defense|p1a: Corviknight
|-boost|p1a: Corviknight|def|2
|
|upkeep
|turn|13
|
|t:|1760347413
|move|p1a: Corviknight|Iron Defense|p1a: Corviknight
|-boost|p1a: Corviknight|def|2
|move|p2a: Araquanid|Surf|p1a: Corviknight
|-damage|p1a: Corviknight|54/100
|
|-heal|p1a: Corviknight|61/100|[from] item: Leftovers
|upkeep
|turn|14
|
|t:|1760347421
|move|p1a: Corviknight|Iron Defense|p1a: Corviknight
|-boost|p1a: Corviknight|def|2
|move|p2a: Araquanid|Surf|p1a: Corviknight
|-damage|p1a: Corviknight|19/100
|
|-heal|p1a: Corviknight|26/100|[from] item: Leftovers
|upkeep
|turn|15
|
|t:|1760347430
|move|p1a: Corviknight|Roost|p1a: Corviknight
|-heal|p1a: Corviknight|76/100
|-singleturn|p1a: Corviknight|move: Roost
|move|p2a: Araquanid|Surf|p1a: Corviknight
|-damage|p1a: Corviknight|33/100
|
|-heal|p1a: Corviknight|40/100|[from] item: Leftovers
|upkeep
|turn|16
|
|t:|1760347441
|move|p1a: Corviknight|Roost|p1a: Corviknight
|-heal|p1a: Corviknight|90/100
|-singleturn|p1a: Corviknight|move: Roost
|move|p2a: Araquanid|Surf|p1a: Corviknight
|-damage|p1a: Corviknight|45/100
|
|-heal|p1a: Corviknight|51/100|[from] item: Leftovers
|upkeep
|turn|17
|
|t:|1760347452
|move|p1a: Corviknight|Power Trip|p2a: Araquanid
|-damage|p2a: Araquanid|71/100
|move|p2a: Araquanid|Surf|p1a: Corviknight
|-damage|p1a: Corviknight|7/100
|
|-heal|p1a: Corviknight|13/100|[from] item: Leftovers
|upkeep
|turn|18
|
|t:|1760347461
|move|p1a: Corviknight|Roost|p1a: Corviknight
|-heal|p1a: Corviknight|63/100
|-singleturn|p1a: Corviknight|move: Roost
|move|p2a: Araquanid|Surf|p1a: Corviknight
|-damage|p1a: Corviknight|16/100
|
|-heal|p1a: Corviknight|22/100|[from] item: Leftovers
|upkeep
|turn|19
|
|t:|1760347471
|move|p1a: Corviknight|Roost|p1a: Corviknight
|-heal|p1a: Corviknight|72/100
|-singleturn|p1a: Corviknight|move: Roost
|move|p2a: Araquanid|Surf|p1a: Corviknight
|-damage|p1a: Corviknight|31/100
|
|-heal|p1a: Corviknight|37/100|[from] item: Leftovers
|upkeep
|turn|20
|
|t:|1760347487
|switch|p2a: Glimmora|Glimmora, F, tera:Fairy|100/100
|move|p1a: Corviknight|Roost|p1a: Corviknight
|-heal|p1a: Corviknight|87/100
|-singleturn|p1a: Corviknight|move: Roost
|
|-heal|p1a: Corviknight|93/100|[from] item: Leftovers
|upkeep
|turn|21
|
|t:|1760347497
|move|p2a: Glimmora|Power Gem|p1a: Corviknight
|-damage|p1a: Corviknight|62/100
|move|p1a: Corviknight|Body Press|p2a: Glimmora
|-resisted|p2a: Glimmora
|-damage|p2a: Glimmora|46/100
|-activate|p2a: Glimmora|ability: Toxic Debris
|-sidestart|p1: gguestie|move: Toxic Spikes
|
|-heal|p1a: Corviknight|68/100|[from] item: Leftovers
|upkeep
|turn|22
|
|t:|1760347509
|move|p2a: Glimmora|Power Gem|p1a: Corviknight
|-damage|p1a: Corviknight|34/100
|move|p1a: Corviknight|Body Press|p2a: Glimmora
|-resisted|p2a: Glimmora
|-damage|p2a: Glimmora|0 fnt
|-activate|p2a: Glimmora|ability: Toxic Debris
|-sidestart|p1: gguestie|move: Toxic Spikes
|faint|p2a: Glimmora
|
|-heal|p1a: Corviknight|40/100|[from] item: Leftovers
|upkeep
|
|t:|1760347534
|switch|p2a: Dragonite|Dragonite, F, shiny|100/100
|turn|23
|
|t:|1760347538
|move|p2a: Dragonite|Fire Punch|p1a: Corviknight
|-supereffective|p1a: Corviknight
|-damage|p1a: Corviknight|24/100
|move|p1a: Corviknight|Body Press|p2a: Dragonite
|-resisted|p2a: Dragonite
|-damage|p2a: Dragonite|79/100
|
|-heal|p1a: Corviknight|30/100|[from] item: Leftovers
|upkeep
|turn|24
|
|t:|1760347547
|move|p2a: Dragonite|Fire Punch|p1a: Corviknight
|-supereffective|p1a: Corviknight
|-damage|p1a: Corviknight|15/100
|move|p1a: Corviknight|Roost|p1a: Corviknight
|-heal|p1a: Corviknight|65/100
|-singleturn|p1a: Corviknight|move: Roost
|
|-heal|p1a: Corviknight|71/100|[from] item: Leftovers
|upkeep
|turn|25
|
|t:|1760347558
|switch|p2a: Araquanid|Araquanid, F, shiny|71/100
|move|p1a: Corviknight|Body Press|p2a: Araquanid
|-resisted|p2a: Araquanid
|-damage|p2a: Araquanid|30/100
|
|-heal|p1a: Corviknight|77/100|[from] item: Leftovers
|upkeep
|turn|26
|
|t:|1760347567
|move|p1a: Corviknight|Body Press|p2a: Araquanid
|-resisted|p2a: Araquanid
|-damage|p2a: Araquanid|0 fnt
|faint|p2a: Araquanid
|
|-heal|p1a: Corviknight|84/100|[from] item: Leftovers
|upkeep
|-message|10thPlanett forfeited.
|
|win|gguestie
|raw|gguestie's rating: 1635 &rarr; <strong>1658</strong><br />(+23 for winning)
|raw|10thPlanett's rating: 1690 &rarr; <strong>1667</strong><br />(-23 for losing)
|l|‽gguestie
|player|p1|
