|j|☆twister xx-pro
|j|☆sizzly scizor
|t:|1760437737
|gametype|singles
|player|p1|twister xx-pro|cynthia|1076
|player|p2|sizzly scizor|nate|1131
|gen|9
|tier|[Gen 9] OU
|rated|
|rule|HP Percentage Mod: HP is shown in percentages
|rule|Endless Battle Clause: Forcing endless battles is banned
|rule|Species Clause: Limit one of each Pokémon
|rule|OHKO Clause: OHKO moves are banned
|rule|Evasion Items Clause: Evasion items are banned
|rule|Evasion Moves Clause: Evasion moves are banned
|rule|Evasion Abilities Clause: Evasion abilities are banned
|rule|Sleep Moves Clause: Sleep-inducing moves are banned
|clearpoke
|poke|p1|Clefable, F|
|poke|p1|Skarmory, F|
|poke|p1|Landorus-Therian, M|
|poke|p1|Iron Hands|
|poke|p1|Darkrai|
|poke|p1|Walking Wake|
|poke|p2|Rotom-Heat|
|poke|p2|Corviknight, M|
|poke|p2|Haxorus, M|
|poke|p2|Sylveon, F|
|poke|p2|Arboliva, F|
|poke|p2|Greninja-*, M|
|teampreview
|inactive|Battle timer is ON: inactive players will automatically lose when time's up. (requested by twister xx-pro)
|inactive|sizzly scizor also wants the timer to be on.
|
|t:|1760437742
|teamsize|p1|6
|teamsize|p2|6
|start
|switch|p1a: Skarmory|Skarmory, F|100/100
|switch|p2a: Greninja|Greninja, M, shiny|100/100
|turn|1
|
|t:|1760437754
|move|p2a: Greninja|Surf|p1a: Skarmory
|-start|p2a: Greninja|typechange|Water|[from] ability: Protean
|-damage|p1a: Skarmory|12/100
|move|p1a: Skarmory|Stealth Rock|p2a: Greninja
|-sidestart|p2: sizzly scizor|move: Stealth Rock
|
|-heal|p1a: Skarmory|18/100|[from] item: Leftovers
|upkeep
|turn|2
|
|t:|1760437765
|switch|p1a: Walking Wake|Walking Wake|100/100
|move|p2a: Greninja|Surf|p1a: Walking Wake
|-resisted|p1a: Walking Wake
|-damage|p1a: Walking Wake|82/100
|
|upkeep
|turn|3
|
|t:|1760437773
|switch|p2a: Sylveon|Sylveon, F|100/100
|-damage|p2a: Sylveon|88/100|[from] Stealth Rock
|move|p1a: Walking Wake|Flip Turn|p2a: Sylveon
|-crit|p2a: Sylveon
|-damage|p2a: Sylveon|56/100
|
|t:|1760437780
|-end|p1a: Walking Wake|Protosynthesis|[silent]
|switch|p1a: Skarmory|Skarmory, F|18/100|[from] Flip Turn
|
|-heal|p1a: Skarmory|24/100|[from] item: Leftovers
|-heal|p2a: Sylveon|62/100|[from] item: Leftovers
|upkeep
|turn|4
|
|t:|1760437787
|move|p1a: Skarmory|Roost|p1a: Skarmory
|-heal|p1a: Skarmory|74/100
|-singleturn|p1a: Skarmory|move: Roost
|move|p2a: Sylveon|Shadow Ball|p1a: Skarmory
|-damage|p1a: Skarmory|37/100
|
|-heal|p1a: Skarmory|43/100|[from] item: Leftovers
|-heal|p2a: Sylveon|68/100|[from] item: Leftovers
|upkeep
|turn|5
|
|t:|1760437796
|move|p2a: Sylveon|Protect|p2a: Sylveon
|-singleturn|p2a: Sylveon|Protect
|move|p1a: Skarmory|Spikes|p2a: Sylveon
|-sidestart|p2: sizzly scizor|Spikes
|
|-heal|p1a: Skarmory|49/100|[from] item: Leftovers
|-heal|p2a: Sylveon|74/100|[from] item: Leftovers
|upkeep
|turn|6
|
|t:|1760437803
|switch|p2a: Corviknight|Corviknight, M, shiny|100/100
|-damage|p2a: Corviknight|88/100|[from] Stealth Rock
|move|p1a: Skarmory|Roost|p1a: Skarmory
|-heal|p1a: Skarmory|99/100
|-singleturn|p1a: Skarmory|move: Roost
|
|-heal|p1a: Skarmory|100/100|[from] item: Leftovers
|upkeep
|turn|7
|
|t:|1760437812
|switch|p1a: Clefable|Clefable, F|100/100
|move|p2a: Corviknight|Defog|p1a: Clefable
|-unboost|p1a: Clefable|evasion|1
|-sideend|p2: sizzly scizor|Spikes|[from] move: Defog|[of] p2a: Corviknight
|-sideend|p2: sizzly scizor|Stealth Rock|[from] move: Defog|[of] p2a: Corviknight
|
|upkeep
|turn|8
|
|t:|1760437821
|switch|p2a: Rotom|Rotom-Heat|100/100
|move|p1a: Clefable|Cosmic Power|p1a: Clefable
|-boost|p1a: Clefable|def|1
|-boost|p1a: Clefable|spd|1
|
|upkeep
|turn|9
|
|t:|1760437827
|switch|p1a: Walking Wake|Walking Wake|82/100
|move|p2a: Rotom|Volt Switch|p1a: Walking Wake
|-damage|p1a: Walking Wake|47/100
|
|t:|1760437834
|switch|p2a: Haxorus|Haxorus, M|100/100|[from] Volt Switch
|-ability|p2a: Haxorus|Mold Breaker
|
|upkeep
|turn|10
|
|t:|1760437845
|switch|p2a: Corviknight|Corviknight, M, shiny|88/100
|move|p1a: Walking Wake|Draco Meteor|p2a: Corviknight
|-resisted|p2a: Corviknight
|-damage|p2a: Corviknight|52/100
|-unboost|p1a: Walking Wake|spa|2
|
|upkeep
|turn|11
|
|t:|1760437854
|-end|p1a: Walking Wake|Protosynthesis|[silent]
|switch|p1a: Skarmory|Skarmory, F|100/100
|move|p2a: Corviknight|Roost|p2a: Corviknight
|-heal|p2a: Corviknight|100/100
|-singleturn|p2a: Corviknight|move: Roost
|
|upkeep
|turn|12
|
|t:|1760437863
|move|p1a: Skarmory|Stealth Rock|p2a: Corviknight
|-sidestart|p2: sizzly scizor|move: Stealth Rock
|move|p2a: Corviknight|Defog|p1a: Skarmory
|-unboost|p1a: Skarmory|evasion|1
|-sideend|p2: sizzly scizor|Stealth Rock|[from] move: Defog|[of] p2a: Corviknight
|
|upkeep
|turn|13
|
|t:|1760437869
|switch|p2a: Rotom|Rotom-Heat|100/100
|move|p1a: Skarmory|Stealth Rock|p2a: Rotom
|-sidestart|p2: sizzly scizor|move: Stealth Rock
|
|upkeep
|turn|14
|
|t:|1760437878
|switch|p1a: Landorus|Landorus-Therian, M|100/100
|-ability|p1a: Landorus|Intimidate|boost
|-unboost|p2a: Rotom|atk|1
|move|p2a: Rotom|Volt Switch|p1a: Landorus
|-immune|p1a: Landorus
|
|upkeep
|turn|15
|
|t:|1760437889
|move|p1a: Landorus|U-turn|p2a: Rotom
|-resisted|p2a: Rotom
|-damage|p2a: Rotom|84/100
|
|t:|1760437894
|switch|p1a: Iron Hands|Iron Hands|100/100|[from] U-turn
|-enditem|p1a: Iron Hands|Booster Energy
|-activate|p1a: Iron Hands|ability: Quark Drive|[fromitem]
|-start|p1a: Iron Hands|quarkdriveatk
|move|p2a: Rotom|Will-O-Wisp|p1a: Iron Hands
|-status|p1a: Iron Hands|brn
|
|-damage|p1a: Iron Hands|94/100 brn|[from] brn
|upkeep
|turn|16
|
|t:|1760437906
|move|p1a: Iron Hands|Fake Out|p2a: Rotom
|-damage|p2a: Rotom|73/100
|cant|p2a: Rotom|flinch
|
|-damage|p1a: Iron Hands|88/100 brn|[from] brn
|upkeep
|turn|17
|
|t:|1760437913
|move|p2a: Rotom|Overheat|p1a: Iron Hands
|-damage|p1a: Iron Hands|41/100 brn
|-unboost|p2a: Rotom|spa|2
|move|p1a: Iron Hands|Drain Punch|p2a: Rotom
|-damage|p2a: Rotom|42/100
|-heal|p1a: Iron Hands|48/100 brn|[from] drain|[of] p2a: Rotom
|
|-damage|p1a: Iron Hands|42/100 brn|[from] brn
|upkeep
|turn|18
|
|t:|1760437922
|move|p2a: Rotom|Volt Switch|p1a: Iron Hands
|-resisted|p1a: Iron Hands
|-damage|p1a: Iron Hands|35/100 brn
|
|t:|1760437925
|switch|p2a: Corviknight|Corviknight, M, shiny|100/100|[from] Volt Switch
|-damage|p2a: Corviknight|88/100|[from] Stealth Rock
|move|p1a: Iron Hands|Drain Punch|p2a: Corviknight
|-damage|p2a: Corviknight|67/100
|-heal|p1a: Iron Hands|42/100 brn|[from] drain|[of] p2a: Corviknight
|-damage|p1a: Iron Hands|26/100 brn|[from] item: Rocky Helmet|[of] p2a: Corviknight
|
|-damage|p1a: Iron Hands|19/100 brn|[from] brn
|upkeep
|turn|19
|
|t:|1760437936
|move|p2a: Corviknight|Defog|p1a: Iron Hands
|-unboost|p1a: Iron Hands|evasion|1
|-sideend|p2: sizzly scizor|Stealth Rock|[from] move: Defog|[of] p2a: Corviknight
|move|p1a: Iron Hands|Supercell Slam|p2a: Corviknight
|-supereffective|p2a: Corviknight
|-damage|p2a: Corviknight|7/100
|-damage|p1a: Iron Hands|3/100 brn|[from] item: Rocky Helmet|[of] p2a: Corviknight
|
|-damage|p1a: Iron Hands|0 fnt|[from] brn
|faint|p1a: Iron Hands
|-end|p1a: Iron Hands|Quark Drive|[silent]
|upkeep
|
|t:|1760437953
|switch|p1a: Walking Wake|Walking Wake|47/100
|turn|20
|
|t:|1760437960
|switch|p2a: Sylveon|Sylveon, F|74/100
|move|p1a: Walking Wake|Hydro Steam|p2a: Sylveon
|-damage|p2a: Sylveon|35/100
|
|-heal|p2a: Sylveon|41/100|[from] item: Leftovers
|upkeep
|turn|21
|
|t:|1760437966
|move|p1a: Walking Wake|Hydro Steam|p2a: Sylveon
|-crit|p2a: Sylveon
|-damage|p2a: Sylveon|0 fnt
|faint|p2a: Sylveon
|
|upkeep
|
|t:|1760437972
|switch|p2a: Arboliva|Arboliva, F|100/100
|turn|22
|
|t:|1760437976
|-end|p1a: Walking Wake|Protosynthesis|[silent]
|switch|p1a: Skarmory|Skarmory, F|100/100
|move|p2a: Arboliva|Dazzling Gleam|p1a: Skarmory
|-resisted|p1a: Skarmory
|-damage|p1a: Skarmory|84/100
|
|-heal|p1a: Skarmory|90/100|[from] item: Leftovers
|upkeep
|turn|23
|
|t:|1760437983
|switch|p2a: Corviknight|Corviknight, M, shiny|7/100
|move|p1a: Skarmory|Stealth Rock|p2a: Corviknight
|-sidestart|p2: sizzly scizor|move: Stealth Rock
|
|-heal|p1a: Skarmory|96/100|[from] item: Leftovers
|upkeep
|turn|24
|
|t:|1760437993
|switch|p1a: Walking Wake|Walking Wake|47/100
|move|p2a: Corviknight|Defog|p1a: Walking Wake
|-unboost|p1a: Walking Wake|evasion|1
|-sideend|p2: sizzly scizor|Stealth Rock|[from] move: Defog|[of] p2a: Corviknight
|
|upkeep
|turn|25
|
|t:|1760438004
|switch|p2a: Arboliva|Arboliva, F|100/100
|move|p1a: Walking Wake|Flamethrower|p2a: Arboliva
|-supereffective|p2a: Arboliva
|-damage|p2a: Arboliva|37/100
|-fieldstart|move: Grassy Terrain|[from] ability: Seed Sower|[of] p2a: Arboliva
|
|-heal|p1a: Walking Wake|53/100|[from] Grassy Terrain
|-heal|p2a: Arboliva|43/100|[from] Grassy Terrain
|upkeep
|turn|26
|
|t:|1760438012
|move|p1a: Walking Wake|Flamethrower|p2a: Arboliva
|-supereffective|p2a: Arboliva
|-damage|p2a: Arboliva|0 fnt
|faint|p2a: Arboliva
|
|-heal|p1a: Walking Wake|59/100|[from] Grassy Terrain
|upkeep
|
|t:|1760438017
|switch|p2a: Greninja|Greninja, M, shiny|100/100
|turn|27
|
|t:|1760438022
|-end|p1a: Walking Wake|Protosynthesis|[silent]
|switch|p1a: Clefable|Clefable, F|100/100
|move|p2a: Greninja|Ice Beam|p1a: Clefable
|-start|p2a: Greninja|typechange|Ice|[from] ability: Protean
|-damage|p1a: Clefable|46/100
|
|-heal|p1a: Clefable|52/100|[from] Grassy Terrain
|-heal|p1a: Clefable|58/100|[from] item: Leftovers
|upkeep
|turn|28
|
|t:|1760438031
|move|p2a: Greninja|Ice Beam|p1a: Clefable
|-damage|p1a: Clefable|5/100
|move|p1a: Clefable|Moonlight|p1a: Clefable
|-heal|p1a: Clefable|55/100
|
|-heal|p1a: Clefable|61/100|[from] Grassy Terrain
|-heal|p1a: Clefable|68/100|[from] item: Leftovers
|upkeep
|turn|29
|
|t:|1760438041
|switch|p1a: Skarmory|Skarmory, F|96/100
|move|p2a: Greninja|Ice Beam|p1a: Skarmory
|-damage|p1a: Skarmory|13/100
|
|-heal|p1a: Skarmory|19/100|[from] item: Leftovers
|-fieldend|move: Grassy Terrain
|upkeep
|turn|30
|
|t:|1760438047
|move|p2a: Greninja|Ice Beam|p1a: Skarmory
|-damage|p1a: Skarmory|0 fnt
|faint|p1a: Skarmory
|
|upkeep
|
|t:|1760438052
|switch|p1a: Landorus|Landorus-Therian, M|100/100
|-ability|p1a: Landorus|Intimidate|boost
|-unboost|p2a: Greninja|atk|1
|turn|31
|
|t:|1760438057
|move|p1a: Landorus|Stone Edge|p2a: Greninja|[miss]
|-miss|p1a: Landorus|p2a: Greninja
|move|p2a: Greninja|Ice Beam|p1a: Landorus
|-supereffective|p1a: Landorus
|-damage|p1a: Landorus|0 fnt
|faint|p1a: Landorus
|
|upkeep
|
|t:|1760438064
|switch|p1a: Darkrai|Darkrai|100/100
|turn|32
|
|t:|1760438072
|switch|p2a: Corviknight|Corviknight, M, shiny|7/100
|move|p1a: Darkrai|Dark Pulse|p2a: Corviknight
|-damage|p2a: Corviknight|0 fnt
|faint|p2a: Corviknight
|
|upkeep
|
|t:|1760438078
|switch|p2a: Rotom|Rotom-Heat|42/100
|turn|33
|
|t:|1760438093
|-terastallize|p2a: Rotom|Fairy
|move|p1a: Darkrai|Dark Pulse|p2a: Rotom
|-resisted|p2a: Rotom
|-damage|p2a: Rotom|18/100
|move|p2a: Rotom|Tera Blast|p1a: Darkrai|[anim] Tera Blast Fairy
|-supereffective|p1a: Darkrai
|-damage|p1a: Darkrai|4/100
|
|upkeep
|turn|34
|
|t:|1760438102
|move|p1a: Darkrai|Sludge Bomb|p2a: Rotom
|-supereffective|p2a: Rotom
|-damage|p2a: Rotom|0 fnt
|faint|p2a: Rotom
|
|upkeep
|
|t:|1760438107
|switch|p2a: Haxorus|Haxorus, M|100/100
|-ability|p2a: Haxorus|Mold Breaker
|turn|35
|
|t:|1760438119
|move|p1a: Darkrai|Ice Beam|p2a: Haxorus
|-supereffective|p2a: Haxorus
|-damage|p2a: Haxorus|0 fnt
|faint|p2a: Haxorus
|
|upkeep
|
|t:|1760438122
|switch|p2a: Greninja|Greninja, M, shiny|100/100
|turn|36
|
|t:|1760438127
|move|p1a: Darkrai|Sludge Bomb|p2a: Greninja
|-damage|p2a: Greninja|48/100
|move|p2a: Greninja|Sludge Wave|p1a: Darkrai
|-start|p2a: Greninja|typechange|Poison|[from] ability: Protean
|-damage|p1a: Darkrai|0 fnt
|faint|p1a: Darkrai
|
|upkeep
|
|t:|1760438137
|switch|p1a: Clefable|Clefable, F|68/100
|turn|37
|
|t:|1760438142
|move|p2a: Greninja|Sludge Wave|p1a: Clefable
|-supereffective|p1a: Clefable
|-damage|p1a: Clefable|0 fnt
|faint|p1a: Clefable
|
|upkeep
|
|t:|1760438146
|switch|p1a: Walking Wake|Walking Wake|59/100
|turn|38
|
|t:|1760438152
|-terastallize|p1a: Walking Wake|Water
|move|p2a: Greninja|Sludge Wave|p1a: Walking Wake
|-damage|p1a: Walking Wake|0 fnt
|faint|p1a: Walking Wake
|-end|p1a: Walking Wake|Protosynthesis|[silent]
|
|win|sizzly scizor
|raw|twister xx-pro's rating: 1076 &rarr; <strong>1058</strong><br />(-18 for losing)
|raw|sizzly scizor's rating: 1131 &rarr; <strong>1152</strong><br />(+21 for winning)
|c|☆twister xx-pro|gg
|l|☆sizzly scizor
|player|p2|
|l|☆twister xx-pro
|player|p1|
