|j|☆Grubloot
|j|☆theextremelybigd
|t:|1760300977
|gametype|singles
|player|p1|Grubloot|170|1128
|player|p2|theextremelybigd|101|1101
|gen|9
|tier|[Gen 9] OU
|rated|
|rule|HP Percentage Mod: HP is shown in percentages
|rule|Endless Battle Clause: Forcing endless battles is banned
|rule|Species Clause: Limit one of each Pokémon
|rule|OHKO Clause: OHKO moves are banned
|rule|Evasion Items Clause: Evasion items are banned
|rule|Evasion Moves Clause: Evasion moves are banned
|rule|Evasion Abilities Clause: Evasion abilities are banned
|rule|Sleep Moves Clause: Sleep-inducing moves are banned
|clearpoke
|poke|p1|Drifblim, M|
|poke|p1|Corviknight, M|
|poke|p1|Clodsire, M|
|poke|p1|Ribombee, M|
|poke|p1|Garganacl, F|
|poke|p1|Ceruledge, F|
|poke|p2|Maushold-Four|
|poke|p2|Kyurem|
|poke|p2|Iron Crown|
|poke|p2|Gliscor, F|
|poke|p2|Clefable, F|
|poke|p2|Dragapult, M|
|teampreview
|inactive|Battle timer is ON: inactive players will automatically lose when time's up. (requested by Grubloot)
|
|t:|1760300995
|teamsize|p1|6
|teamsize|p2|6
|start
|switch|p1a: Ceruledge|Ceruledge, F|100/100
|switch|p2a: Dragapult|Dragapult, M|100/100
|turn|1
|
|t:|1760301010
|-terastallize|p1a: Ceruledge|Fire
|move|p2a: Dragapult|Shadow Ball|p1a: Ceruledge
|-damage|p1a: Ceruledge|60/100
|move|p1a: Ceruledge|Bulk Up|p1a: Ceruledge
|-boost|p1a: Ceruledge|atk|1
|-boost|p1a: Ceruledge|def|1
|
|upkeep
|turn|2
|
|t:|1760301040
|switch|p2a: Clefable|Clefable, F|100/100
|move|p1a: Ceruledge|Bitter Blade|p2a: Clefable
|-damage|p2a: Clefable|51/100
|-heal|p1a: Ceruledge|94/100|[from] drain|[of] p2a: Clefable
|
|-heal|p2a: Clefable|57/100|[from] item: Leftovers
|upkeep
|turn|3
|inactive|theextremelybigd has 120 seconds left.
|
|t:|1760301055
|move|p1a: Ceruledge|Bulk Up|p1a: Ceruledge
|-boost|p1a: Ceruledge|atk|1
|-boost|p1a: Ceruledge|def|1
|move|p2a: Clefable|Wish|p2a: Clefable
|
|-heal|p2a: Clefable|63/100|[from] item: Leftovers
|upkeep
|turn|4
|
|t:|1760301063
|move|p2a: Clefable|Protect|p2a: Clefable
|-singleturn|p2a: Clefable|Protect
|move|p1a: Ceruledge|Bulk Up|p1a: Ceruledge
|-boost|p1a: Ceruledge|atk|1
|-boost|p1a: Ceruledge|def|1
|
|-heal|p2a: Clefable|100/100|[from] move: Wish|[wisher] Clefable
|upkeep
|turn|5
|
|t:|1760301072
|move|p1a: Ceruledge|Bitter Blade|p2a: Clefable
|-damage|p2a: Clefable|57/100
|-heal|p1a: Ceruledge|100/100|[from] drain|[of] p2a: Clefable
|move|p2a: Clefable|Wish|p2a: Clefable
|
|-heal|p2a: Clefable|63/100|[from] item: Leftovers
|upkeep
|turn|6
|
|t:|1760301080
|move|p1a: Ceruledge|Bulk Up|p1a: Ceruledge
|-boost|p1a: Ceruledge|atk|1
|-boost|p1a: Ceruledge|def|1
|move|p2a: Clefable|Cosmic Power|p2a: Clefable
|-boost|p2a: Clefable|def|1
|-boost|p2a: Clefable|spd|1
|
|-heal|p2a: Clefable|100/100|[from] move: Wish|[wisher] Clefable
|upkeep
|turn|7
|
|t:|1760301090
|move|p1a: Ceruledge|Bulk Up|p1a: Ceruledge
|-boost|p1a: Ceruledge|atk|1
|-boost|p1a: Ceruledge|def|1
|move|p2a: Clefable|Wish|p2a: Clefable
|
|upkeep
|turn|8
|
|t:|1760301095
|move|p1a: Ceruledge|Bulk Up|p1a: Ceruledge
|-boost|p1a: Ceruledge|atk|1
|-boost|p1a: Ceruledge|def|1
|move|p2a: Clefable|Cosmic Power|p2a: Clefable
|-boost|p2a: Clefable|def|1
|-boost|p2a: Clefable|spd|1
|
|upkeep
|turn|9
|
|t:|1760301105
|move|p1a: Ceruledge|Bitter Blade|p2a: Clefable
|-damage|p2a: Clefable|75/100
|move|p2a: Clefable|Cosmic Power|p2a: Clefable
|-boost|p2a: Clefable|def|1
|-boost|p2a: Clefable|spd|1
|
|-heal|p2a: Clefable|81/100|[from] item: Leftovers
|upkeep
|turn|10
|
|t:|1760301119
|move|p1a: Ceruledge|Shadow Claw|p2a: Clefable
|-damage|p2a: Clefable|70/100
|move|p2a: Clefable|Cosmic Power|p2a: Clefable
|-boost|p2a: Clefable|def|1
|-boost|p2a: Clefable|spd|1
|
|-heal|p2a: Clefable|76/100|[from] item: Leftovers
|upkeep
|turn|11
|
|t:|1760301131
|switch|p1a: Drifblim|Drifblim, M|100/100
|move|p2a: Clefable|Wish|p2a: Clefable
|
|-heal|p2a: Clefable|82/100|[from] item: Leftovers
|upkeep
|turn|12
|
|t:|1760301140
|move|p1a: Drifblim|Night Shade|p2a: Clefable
|-damage|p2a: Clefable|57/100
|move|p2a: Clefable|Cosmic Power|p2a: Clefable
|-boost|p2a: Clefable|def|1
|-boost|p2a: Clefable|spd|1
|
|-heal|p2a: Clefable|100/100|[from] move: Wish|[wisher] Clefable
|upkeep
|turn|13
|
|t:|1760301150
|move|p1a: Drifblim|Night Shade|p2a: Clefable
|-damage|p2a: Clefable|75/100
|move|p2a: Clefable|Wish|p2a: Clefable
|
|-heal|p2a: Clefable|81/100|[from] item: Leftovers
|upkeep
|turn|14
|
|t:|1760301157
|move|p1a: Drifblim|Night Shade|p2a: Clefable
|-damage|p2a: Clefable|56/100
|move|p2a: Clefable|Cosmic Power|p2a: Clefable
|-boost|p2a: Clefable|def|1
|-boost|p2a: Clefable|spd|1
|
|-heal|p2a: Clefable|100/100|[from] move: Wish|[wisher] Clefable
|upkeep
|turn|15
|
|t:|1760301166
|move|p1a: Drifblim|Night Shade|p2a: Clefable
|-damage|p2a: Clefable|75/100
|move|p2a: Clefable|Wish|p2a: Clefable
|
|-heal|p2a: Clefable|81/100|[from] item: Leftovers
|upkeep
|turn|16
|
|t:|1760301173
|move|p1a: Drifblim|Night Shade|p2a: Clefable
|-damage|p2a: Clefable|56/100
|move|p2a: Clefable|Stored Power|p1a: Drifblim
|-damage|p1a: Drifblim|41/100
|
|-heal|p2a: Clefable|100/100|[from] move: Wish|[wisher] Clefable
|upkeep
|turn|17
|
|t:|1760301181
|move|p1a: Drifblim|Destiny Bond|p1a: Drifblim
|-singlemove|p1a: Drifblim|Destiny Bond
|move|p2a: Clefable|Stored Power|p1a: Drifblim
|-damage|p1a: Drifblim|0 fnt
|faint|p1a: Drifblim
|-activate|p1a: Drifblim|move: Destiny Bond
|faint|p2a: Clefable
|
|upkeep
|
|t:|1760301207
|switch|p1a: Ceruledge|Ceruledge, F, tera:Fire|100/100
|switch|p2a: Iron Crown|Iron Crown|100/100
|turn|18
|
|t:|1760301217
|move|p2a: Iron Crown|Volt Switch|p1a: Ceruledge
|-crit|p1a: Ceruledge
|-damage|p1a: Ceruledge|40/100
|
|t:|1760301222
|-end|p2a: Iron Crown|Quark Drive|[silent]
|switch|p2a: Gliscor|Gliscor, F|100/100|[from] Volt Switch
|move|p1a: Ceruledge|Bitter Blade|p2a: Gliscor
|-damage|p2a: Gliscor|46/100
|-heal|p1a: Ceruledge|67/100|[from] drain|[of] p2a: Gliscor
|
|-status|p2a: Gliscor|tox|[from] item: Toxic Orb
|upkeep
|turn|19
|
|t:|1760301233
|move|p2a: Gliscor|Protect|p2a: Gliscor
|-singleturn|p2a: Gliscor|Protect
|move|p1a: Ceruledge|Bitter Blade|p2a: Gliscor
|-activate|p2a: Gliscor|move: Protect
|
|-heal|p2a: Gliscor|59/100 tox|[from] ability: Poison Heal
|upkeep
|turn|20
|
|t:|1760301241
|move|p2a: Gliscor|Earthquake|p1a: Ceruledge
|-supereffective|p1a: Ceruledge
|-damage|p1a: Ceruledge|0 fnt
|faint|p1a: Ceruledge
|
|-heal|p2a: Gliscor|71/100 tox|[from] ability: Poison Heal
|upkeep
|
|t:|1760301255
|switch|p1a: Garganacl|Garganacl, F, shiny|100/100
|turn|21
|
|t:|1760301259
|move|p2a: Gliscor|Swords Dance|p2a: Gliscor
|-boost|p2a: Gliscor|atk|2
|move|p1a: Garganacl|Salt Cure|p2a: Gliscor
|-damage|p2a: Gliscor|58/100 tox
|-start|p2a: Gliscor|Salt Cure
|
|-heal|p2a: Gliscor|71/100 tox|[from] ability: Poison Heal
|-damage|p2a: Gliscor|58/100 tox|[from] Salt Cure
|upkeep
|turn|22
|
|t:|1760301277
|move|p2a: Gliscor|Protect|p2a: Gliscor
|-singleturn|p2a: Gliscor|Protect
|move|p1a: Garganacl|Iron Defense|p1a: Garganacl
|-boost|p1a: Garganacl|def|2
|
|-heal|p2a: Gliscor|71/100 tox|[from] ability: Poison Heal
|-damage|p2a: Gliscor|58/100 tox|[from] Salt Cure
|upkeep
|turn|23
|
|t:|1760301287
|move|p2a: Gliscor|Earthquake|p1a: Garganacl
|-supereffective|p1a: Garganacl
|-damage|p1a: Garganacl|45/100
|move|p1a: Garganacl|Iron Defense|p1a: Garganacl
|-boost|p1a: Garganacl|def|2
|
|-heal|p1a: Garganacl|51/100|[from] item: Leftovers
|-heal|p2a: Gliscor|71/100 tox|[from] ability: Poison Heal
|-damage|p2a: Gliscor|58/100 tox|[from] Salt Cure
|upkeep
|turn|24
|
|t:|1760301298
|move|p2a: Gliscor|Earthquake|p1a: Garganacl
|-supereffective|p1a: Garganacl
|-damage|p1a: Garganacl|11/100
|move|p1a: Garganacl|Iron Defense|p1a: Garganacl
|-boost|p1a: Garganacl|def|2
|
|-heal|p1a: Garganacl|17/100|[from] item: Leftovers
|-heal|p2a: Gliscor|71/100 tox|[from] ability: Poison Heal
|-damage|p2a: Gliscor|58/100 tox|[from] Salt Cure
|upkeep
|turn|25
|
|t:|1760301310
|move|p2a: Gliscor|Earthquake|p1a: Garganacl
|-supereffective|p1a: Garganacl
|-damage|p1a: Garganacl|0 fnt
|faint|p1a: Garganacl
|
|-heal|p2a: Gliscor|71/100 tox|[from] ability: Poison Heal
|-damage|p2a: Gliscor|58/100 tox|[from] Salt Cure
|upkeep
|
|t:|1760301319
|switch|p1a: Ribombee|Ribombee, M|100/100
|turn|26
|
|t:|1760301331
|move|p1a: Ribombee|Draining Kiss|p2a: Gliscor
|-damage|p2a: Gliscor|29/100 tox
|move|p2a: Gliscor|Facade|p1a: Ribombee
|-enditem|p1a: Ribombee|Focus Sash
|-damage|p1a: Ribombee|1/100
|
|-heal|p2a: Gliscor|42/100 tox|[from] ability: Poison Heal
|-damage|p2a: Gliscor|29/100 tox|[from] Salt Cure
|upkeep
|turn|27
|
|t:|1760301342
|move|p1a: Ribombee|Energy Ball|p2a: Gliscor
|-damage|p2a: Gliscor|0 fnt
|faint|p2a: Gliscor
|
|upkeep
|
|t:|1760301351
|switch|p2a: Iron Crown|Iron Crown|100/100
|turn|28
|
|t:|1760301356
|move|p1a: Ribombee|Sticky Web|p2a: Iron Crown
|-sidestart|p2: theextremelybigd|move: Sticky Web
|move|p2a: Iron Crown|Volt Switch|p1a: Ribombee
|-damage|p1a: Ribombee|0 fnt
|faint|p1a: Ribombee
|
|t:|1760301364
|-end|p2a: Iron Crown|Quark Drive|[silent]
|switch|p2a: Dragapult|Dragapult, M|100/100|[from] Volt Switch
|
|upkeep
|
|t:|1760301369
|switch|p1a: Clodsire|Clodsire, M, shiny|100/100
|turn|29
|
|t:|1760301389
|move|p2a: Dragapult|Shadow Ball|p1a: Clodsire
|-damage|p1a: Clodsire|83/100
|-unboost|p1a: Clodsire|spd|1
|move|p1a: Clodsire|Toxic|p2a: Dragapult
|-status|p2a: Dragapult|tox
|
|-heal|p1a: Clodsire|89/100|[from] item: Leftovers
|-damage|p2a: Dragapult|95/100 tox|[from] psn
|upkeep
|turn|30
|
|t:|1760301400
|switch|p1a: Corviknight|Corviknight, M, shiny|100/100
|move|p2a: Dragapult|Dragon Pulse|p1a: Corviknight
|-resisted|p1a: Corviknight
|-damage|p1a: Corviknight|88/100
|
|-heal|p1a: Corviknight|95/100|[from] item: Leftovers
|-damage|p2a: Dragapult|83/100 tox|[from] psn
|upkeep
|turn|31
|
|t:|1760301410
|move|p2a: Dragapult|Flamethrower|p1a: Corviknight
|-supereffective|p1a: Corviknight
|-damage|p1a: Corviknight|61/100
|move|p1a: Corviknight|Bulk Up|p1a: Corviknight
|-boost|p1a: Corviknight|atk|1
|-boost|p1a: Corviknight|def|1
|
|-heal|p1a: Corviknight|67/100|[from] item: Leftovers
|-damage|p2a: Dragapult|65/100 tox|[from] psn
|upkeep
|turn|32
|
|t:|1760301421
|move|p2a: Dragapult|Thunderbolt|p1a: Corviknight
|-supereffective|p1a: Corviknight
|-damage|p1a: Corviknight|34/100
|move|p1a: Corviknight|Roost|p1a: Corviknight
|-heal|p1a: Corviknight|84/100
|-singleturn|p1a: Corviknight|move: Roost
|
|-heal|p1a: Corviknight|90/100|[from] item: Leftovers
|-damage|p2a: Dragapult|41/100 tox|[from] psn
|upkeep
|turn|33
|
|t:|1760301431
|move|p2a: Dragapult|Thunderbolt|p1a: Corviknight
|-supereffective|p1a: Corviknight
|-damage|p1a: Corviknight|52/100
|move|p1a: Corviknight|Bulk Up|p1a: Corviknight
|-boost|p1a: Corviknight|atk|1
|-boost|p1a: Corviknight|def|1
|
|-heal|p1a: Corviknight|58/100|[from] item: Leftovers
|-damage|p2a: Dragapult|11/100 tox|[from] psn
|upkeep
|turn|34
|
|t:|1760301442
|move|p2a: Dragapult|Thunderbolt|p1a: Corviknight
|-supereffective|p1a: Corviknight
|-damage|p1a: Corviknight|25/100
|move|p1a: Corviknight|Roost|p1a: Corviknight
|-heal|p1a: Corviknight|75/100
|-singleturn|p1a: Corviknight|move: Roost
|
|-heal|p1a: Corviknight|81/100|[from] item: Leftovers
|-damage|p2a: Dragapult|0 fnt|[from] psn
|faint|p2a: Dragapult
|upkeep
|
|t:|1760301454
|switch|p2a: Maushold|Maushold-Four, shiny|100/100
|-activate|p2a: Maushold|move: Sticky Web
|-unboost|p2a: Maushold|spe|1
|turn|35
|
|t:|1760301462
|move|p2a: Maushold|Tidy Up|p2a: Maushold
|-sideend|p2: theextremelybigd|Sticky Web
|-activate|p2a: Maushold|move: Tidy Up
|-boost|p2a: Maushold|atk|1
|-boost|p2a: Maushold|spe|1
|move|p1a: Corviknight|Body Press|p2a: Maushold
|-supereffective|p2a: Maushold
|-damage|p2a: Maushold|0 fnt
|faint|p2a: Maushold
|
|-heal|p1a: Corviknight|87/100|[from] item: Leftovers
|upkeep
|
|t:|1760301467
|switch|p2a: Kyurem|Kyurem, shiny|100/100
|-ability|p2a: Kyurem|Pressure
|turn|36
|
|t:|1760301476
|move|p2a: Kyurem|Dragon Dance|p2a: Kyurem
|-boost|p2a: Kyurem|atk|1
|-boost|p2a: Kyurem|spe|1
|move|p1a: Corviknight|Bulk Up|p1a: Corviknight
|-boost|p1a: Corviknight|atk|1
|-boost|p1a: Corviknight|def|1
|
|-heal|p1a: Corviknight|94/100|[from] item: Leftovers
|upkeep
|turn|37
|
|t:|1760301486
|-terastallize|p2a: Kyurem|Fire
|move|p2a: Kyurem|Tera Blast|p1a: Corviknight|[anim] Tera Blast Fire
|-supereffective|p1a: Corviknight
|-damage|p1a: Corviknight|47/100
|move|p1a: Corviknight|Body Press|p2a: Kyurem
|-damage|p2a: Kyurem|52/100
|
|-heal|p1a: Corviknight|53/100|[from] item: Leftovers
|upkeep
|turn|38
|
|t:|1760301496
|move|p2a: Kyurem|Tera Blast|p1a: Corviknight|[anim] Tera Blast Fire
|-supereffective|p1a: Corviknight
|-damage|p1a: Corviknight|9/100
|move|p1a: Corviknight|Body Press|p2a: Kyurem
|-damage|p2a: Kyurem|0 fnt
|faint|p2a: Kyurem
|
|-heal|p1a: Corviknight|16/100|[from] item: Leftovers
|upkeep
|
|t:|1760301501
|switch|p2a: Iron Crown|Iron Crown|100/100
|turn|39
|
|t:|1760301510
|move|p2a: Iron Crown|Tachyon Cutter|p1a: Corviknight
|-resisted|p1a: Corviknight
|-damage|p1a: Corviknight|2/100
|-resisted|p1a: Corviknight
|-damage|p1a: Corviknight|0 fnt
|faint|p1a: Corviknight
|-hitcount|p1: Corviknight|2
|
|upkeep
|
|t:|1760301517
|switch|p1a: Clodsire|Clodsire, M, shiny|89/100
|turn|40
|
|t:|1760301522
|move|p2a: Iron Crown|Tachyon Cutter|p1a: Clodsire
|-damage|p1a: Clodsire|68/100
|-crit|p1a: Clodsire
|-damage|p1a: Clodsire|38/100
|-hitcount|p1a: Clodsire|2
|move|p1a: Clodsire|Earthquake|p2a: Iron Crown
|-supereffective|p2a: Iron Crown
|-damage|p2a: Iron Crown|44/100
|
|-heal|p1a: Clodsire|44/100|[from] item: Leftovers
|upkeep
|turn|41
|
|t:|1760301532
|move|p2a: Iron Crown|Tachyon Cutter|p1a: Clodsire
|-damage|p1a: Clodsire|25/100
|-damage|p1a: Clodsire|6/100
|-hitcount|p1a: Clodsire|2
|move|p1a: Clodsire|Recover|p1a: Clodsire
|-heal|p1a: Clodsire|56/100
|
|-heal|p1a: Clodsire|62/100|[from] item: Leftovers
|upkeep
|turn|42
|
|t:|1760301541
|move|p2a: Iron Crown|Tachyon Cutter|p1a: Clodsire
|-damage|p1a: Clodsire|43/100
|-damage|p1a: Clodsire|24/100
|-hitcount|p1a: Clodsire|2
|move|p1a: Clodsire|Earthquake|p2a: Iron Crown
|-supereffective|p2a: Iron Crown
|-damage|p2a: Iron Crown|0 fnt
|faint|p2a: Iron Crown
|-end|p2a: Iron Crown|Quark Drive|[silent]
|
|win|Grubloot
|raw|Grubloot's rating: 1128 &rarr; <strong>1151</strong><br />(+23 for winning)
|raw|theextremelybigd's rating: 1101 &rarr; <strong>1078</strong><br />(-23 for losing)
|l|☆theextremelybigd
|player|p2|
|c|☆Grubloot|Gg
