|j|☆Nichbo
|j|☆captain9000
|t:|1760329591
|gametype|singles
|player|p1|Nichbo|crasherwake|1387
|player|p2|captain9000|169|1411
|gen|9
|tier|[Gen 9] OU
|rated|
|rule|HP Percentage Mod: HP is shown in percentages
|rule|Endless Battle Clause: Forcing endless battles is banned
|rule|Species Clause: Limit one of each Pokémon
|rule|OHKO Clause: OHKO moves are banned
|rule|Evasion Items Clause: Evasion items are banned
|rule|Evasion Moves Clause: Evasion moves are banned
|rule|Evasion Abilities Clause: Evasion abilities are banned
|rule|Sleep Moves Clause: Sleep-inducing moves are banned
|clearpoke
|poke|p1|Dragapult, M|
|poke|p1|Clefable, M|
|poke|p1|Iron Treads|
|poke|p1|Moltres|
|poke|p1|Keldeo-Resolute|
|poke|p1|Slowking-Galar, F|
|poke|p2|Enamorus, F|
|poke|p2|Great Tusk|
|poke|p2|Iron Crown|
|poke|p2|Lokix, M|
|poke|p2|Alomomola, M|
|poke|p2|Pecharunt|
|teampreview
|
|t:|1760329613
|teamsize|p1|6
|teamsize|p2|6
|start
|switch|p1a: Dragapult|Dragapult, M|100/100
|switch|p2a: Lokix|Lokix, M, shiny|100/100
|turn|1
|
|t:|1760329624
|switch|p1a: Clefable|Clefable, M|100/100
|switch|p2a: Alomomola|Alomomola, M, shiny|100/100
|
|upkeep
|turn|2
|
|t:|1760329631
|move|p1a: Clefable|Thunder Wave|p2a: Alomomola
|-status|p2a: Alomomola|par
|move|p2a: Alomomola|Flip Turn|p1a: Clefable
|-damage|p1a: Clefable|81/100
|j| Hasan shockanabi
|
|t:|1760329645
|switch|p2a: Iron Crown|Iron Crown|100/100|[from] Flip Turn
|
|upkeep
|turn|3
|
|t:|1760329648
|move|p2a: Iron Crown|Tachyon Cutter|p1a: Clefable
|-supereffective|p1a: Clefable
|-damage|p1a: Clefable|11/100
|-supereffective|p1a: Clefable
|-damage|p1a: Clefable|0 fnt
|faint|p1a: Clefable
|-hitcount|p1: Clefable|2
|
|upkeep
|
|t:|1760329655
|switch|p1a: Moltres|Moltres|100/100
|turn|4
|
|t:|1760329689
|-end|p2a: Iron Crown|Quark Drive|[silent]
|switch|p2a: Alomomola|Alomomola, M, shiny|100/100 par
|move|p1a: Moltres|Flamethrower|p2a: Alomomola
|-resisted|p2a: Alomomola
|-damage|p2a: Alomomola|91/100 par
|
|upkeep
|turn|5
|
|t:|1760329695
|move|p1a: Moltres|U-turn|p2a: Alomomola
|-damage|p2a: Alomomola|82/100 par
|
|t:|1760329700
|switch|p1a: Dragapult|Dragapult, M|100/100|[from] U-turn
|cant|p2a: Alomomola|par
|
|upkeep
|turn|6
|
|t:|1760329722
|move|p1a: Dragapult|Draco Meteor|p2a: Alomomola
|-damage|p2a: Alomomola|26/100 par
|-unboost|p1a: Dragapult|spa|2
|cant|p2a: Alomomola|par
|
|upkeep
|turn|7
|
|t:|1760329729
|move|p1a: Dragapult|Draco Meteor|p2a: Alomomola
|-damage|p2a: Alomomola|2/100 par
|-unboost|p1a: Dragapult|spa|2
|cant|p2a: Alomomola|par
|
|upkeep
|turn|8
|
|t:|1760329732
|switch|p2a: Enamorus|Enamorus, F|100/100
|move|p1a: Dragapult|Draco Meteor|p2a: Enamorus
|-immune|p2a: Enamorus
|
|upkeep
|turn|9
|
|t:|1760329738
|switch|p2a: Alomomola|Alomomola, M, shiny|36/100 par
|switch|p1a: Slowking|Slowking-Galar, F|100/100
|
|upkeep
|turn|10
|
|t:|1760329745
|switch|p2a: Iron Crown|Iron Crown|100/100
|move|p1a: Slowking|Sludge Bomb|p2a: Iron Crown
|-immune|p2a: Iron Crown
|
|upkeep
|turn|11
|
|t:|1760329749
|move|p2a: Iron Crown|Volt Switch|p1a: Slowking
|-damage|p1a: Slowking|69/100
|
|t:|1760329751
|-end|p2a: Iron Crown|Quark Drive|[silent]
|switch|p2a: Alomomola|Alomomola, M, shiny|69/100 par|[from] Volt Switch
|move|p1a: Slowking|Thunder Wave|p2a: Alomomola
|-fail|p2a: Alomomola|par
|
|-heal|p1a: Slowking|75/100|[from] item: Leftovers
|upkeep
|turn|12
|
|t:|1760329755
|move|p1a: Slowking|Future Sight|p2a: Alomomola
|-start|p1a: Slowking|move: Future Sight
|move|p2a: Alomomola|Flip Turn|p1a: Slowking
|-damage|p1a: Slowking|60/100
|
|t:|1760329758
|switch|p2a: Lokix|Lokix, M, shiny|100/100|[from] Flip Turn
|
|-heal|p1a: Slowking|66/100|[from] item: Leftovers
|upkeep
|turn|13
|
|t:|1760329763
|switch|p2a: Iron Crown|Iron Crown|100/100
|move|p1a: Slowking|Thunder Wave|p2a: Iron Crown
|-status|p2a: Iron Crown|par
|
|-heal|p1a: Slowking|73/100|[from] item: Leftovers
|upkeep
|turn|14
|
|t:|1760329770
|move|p2a: Iron Crown|Tachyon Cutter|p1a: Slowking
|-crit|p1a: Slowking
|-damage|p1a: Slowking|22/100
|-damage|p1a: Slowking|0 fnt
|faint|p1a: Slowking
|-hitcount|p1: Slowking|2
|
|-end|p2a: Iron Crown|move: Future Sight
|-resisted|p2a: Iron Crown
|-damage|p2a: Iron Crown|85/100 par
|upkeep
|
|t:|1760329780
|switch|p1a: Keldeo|Keldeo-Resolute|100/100
|turn|15
|
|t:|1760329787
|-end|p2a: Iron Crown|Quark Drive|[silent]
|switch|p2a: Alomomola|Alomomola, M, shiny|100/100 par
|move|p1a: Keldeo|Secret Sword|p2a: Alomomola
|-damage|p2a: Alomomola|72/100 par
|
|upkeep
|turn|16
|
|t:|1760329793
|move|p1a: Keldeo|Surf|p2a: Alomomola
|-resisted|p2a: Alomomola
|-damage|p2a: Alomomola|61/100 par
|move|p2a: Alomomola|Mirror Coat|p1a: Keldeo
|-damage|p1a: Keldeo|66/100
|
|upkeep
|turn|17
|-message|Nichbo forfeited.
|
|win|captain9000
|raw|Nichbo's rating: 1387 &rarr; <strong>1368</strong><br />(-19 for losing)
|raw|captain9000's rating: 1411 &rarr; <strong>1430</strong><br />(+19 for winning)
|l|☆Nichbo
|player|p1|
|l|☆captain9000
|player|p2|
|l| Hasan shockanabi
