|j|☆Churrini
|j|☆Dew123
|t:|1760454617
|gametype|singles
|player|p1|Churrini|morty|1133
|player|p2|Dew123|biker-gen4|1197
|gen|9
|tier|[Gen 9] OU
|rated|
|rule|HP Percentage Mod: HP is shown in percentages
|rule|Endless Battle Clause: Forcing endless battles is banned
|rule|Species Clause: Limit one of each Pokémon
|rule|OHKO Clause: OHKO moves are banned
|rule|Evasion Items Clause: Evasion items are banned
|rule|Evasion Moves Clause: Evasion moves are banned
|rule|Evasion Abilities Clause: Evasion abilities are banned
|rule|Sleep Moves Clause: Sleep-inducing moves are banned
|clearpoke
|poke|p1|Lokix, F|
|poke|p1|Zamazenta-*|
|poke|p1|Hatterene, F|
|poke|p1|Cinderace, F|
|poke|p1|Scizor, M|
|poke|p1|Alomomola, F|
|poke|p2|Conkeldurr, F|
|poke|p2|Kleavor, F|
|poke|p2|Cetitan, M|
|poke|p2|Feraligatr, M|
|poke|p2|Braviary-Hisui, M|
|poke|p2|Copperajah, M|
|teampreview
|inactive|Battle timer is ON: inactive players will automatically lose when time's up. (requested by Dew123)
|
|t:|1760454623
|teamsize|p1|6
|teamsize|p2|6
|start
|switch|p1a: Lokix|Lokix, F|100/100
|switch|p2a: Braviary|Braviary-Hisui, M|100/100
|turn|1
|
|t:|1760454627
|move|p1a: Lokix|Knock Off|p2a: Braviary
|-supereffective|p2a: Braviary
|-damage|p2a: Braviary|0 fnt
|-enditem|p2a: Braviary|Life Orb|[from] move: Knock Off|[of] p1a: Lokix
|faint|p2a: Braviary
|
|upkeep
|
|t:|1760454630
|switch|p2a: Kleavor|Kleavor, F|100/100
|turn|2
|
|t:|1760454637
|switch|p1a: Zamazenta|Zamazenta|100/100
|-ability|p1a: Zamazenta|Dauntless Shield|boost
|-boost|p1a: Zamazenta|def|1
|move|p2a: Kleavor|Agility|p2a: Kleavor
|-boost|p2a: Kleavor|spe|2
|
|upkeep
|turn|3
|
|t:|1760454643
|move|p2a: Kleavor|Close Combat|p1a: Zamazenta
|-damage|p1a: Zamazenta|71/100
|-unboost|p2a: Kleavor|def|1
|-unboost|p2a: Kleavor|spd|1
|-damage|p2a: Kleavor|91/100|[from] item: Life Orb
|move|p1a: Zamazenta|Iron Defense|p1a: Zamazenta
|-boost|p1a: Zamazenta|def|2
|
|upkeep
|turn|4
|
|t:|1760454646
|move|p2a: Kleavor|Lunge|p1a: Zamazenta
|-resisted|p1a: Zamazenta
|-damage|p1a: Zamazenta|58/100
|move|p1a: Zamazenta|Iron Defense|p1a: Zamazenta
|-boost|p1a: Zamazenta|def|2
|
|upkeep
|turn|5
|
|t:|1760454651
|move|p2a: Kleavor|Close Combat|p1a: Zamazenta
|-damage|p1a: Zamazenta|45/100
|-unboost|p2a: Kleavor|def|1
|-unboost|p2a: Kleavor|spd|1
|-damage|p2a: Kleavor|81/100|[from] item: Life Orb
|move|p1a: Zamazenta|Iron Defense|p1a: Zamazenta
|-boost|p1a: Zamazenta|def|1
|
|upkeep
|turn|6
|
|t:|1760454654
|move|p2a: Kleavor|Close Combat|p1a: Zamazenta
|-damage|p1a: Zamazenta|33/100
|-unboost|p2a: Kleavor|def|1
|-unboost|p2a: Kleavor|spd|1
|-damage|p2a: Kleavor|71/100|[from] item: Life Orb
|move|p1a: Zamazenta|Rest|p1a: Zamazenta
|-status|p1a: Zamazenta|slp|[from] move: Rest
|-heal|p1a: Zamazenta|100/100 slp|[silent]
|-enditem|p1a: Zamazenta|Chesto Berry|[eat]
|-curestatus|p1a: Zamazenta|slp|[msg]
|
|upkeep
|turn|7
|
|t:|1760454658
|switch|p2a: Cetitan|Cetitan, M|100/100
|move|p1a: Zamazenta|Body Press|p2a: Cetitan
|-supereffective|p2a: Cetitan
|-damage|p2a: Cetitan|0 fnt
|faint|p2a: Cetitan
|
|upkeep
|
|t:|1760454669
|switch|p2a: Copperajah|Copperajah, M|100/100
|turn|8
|
|t:|1760454672
|move|p1a: Zamazenta|Body Press|p2a: Copperajah
|-supereffective|p2a: Copperajah
|-damage|p2a: Copperajah|0 fnt
|faint|p2a: Copperajah
|
|upkeep
|
|t:|1760454674
|switch|p2a: Conkeldurr|Conkeldurr, F|100/100
|turn|9
|
|t:|1760454676
|move|p1a: Zamazenta|Body Press|p2a: Conkeldurr
|-damage|p2a: Conkeldurr|0 fnt
|faint|p2a: Conkeldurr
|
|upkeep
|
|t:|1760454678
|switch|p2a: Feraligatr|Feraligatr, M|100/100
|turn|10
|
|t:|1760454680
|move|p1a: Zamazenta|Body Press|p2a: Feraligatr
|-damage|p2a: Feraligatr|0 fnt
|faint|p2a: Feraligatr
|
|upkeep
|
|t:|1760454681
|switch|p2a: Kleavor|Kleavor, F|71/100
|turn|11
|
|t:|1760454682
|move|p1a: Zamazenta|Body Press|p2a: Kleavor
|-damage|p2a: Kleavor|0 fnt
|faint|p2a: Kleavor
|
|win|Churrini
|raw|Churrini's rating: 1133 &rarr; <strong>1163</strong><br />(+30 for winning)
|raw|Dew123's rating: 1197 &rarr; <strong>1167</strong><br />(-30 for losing)
|l|☆Dew123
|player|p2|
|c|☆Churrini|gg
