|badge|p2|bronze|gen9ou|100-7
|uhtml|medal-msg|<div class="broadcast-blue">Curious what those medals under the avatar are? PS now has Ladder Seasons! For more information, check out the <a href="https://www.smogon.com/forums/threads/3740067/">thread on Smogon.</a></div>
|j|☆apotato135
|j|☆MooFarmer
|t:|1760398728
|gametype|singles
|player|p1|apotato135|swimmer-gen4dp|1670
|player|p2|MooFarmer|1|1843
|gen|9
|tier|[Gen 9] OU
|rated|
|rule|HP Percentage Mod: HP is shown in percentages
|rule|Endless Battle Clause: Forcing endless battles is banned
|rule|Species Clause: Limit one of each Pokémon
|rule|OHKO Clause: OHKO moves are banned
|rule|Evasion Items Clause: Evasion items are banned
|rule|Evasion Moves Clause: Evasion moves are banned
|rule|Evasion Abilities Clause: Evasion abilities are banned
|rule|Sleep Moves Clause: Sleep-inducing moves are banned
|clearpoke
|poke|p1|Pelipper, F|
|poke|p1|Raging Bolt|
|poke|p1|Tauros-Paldea-Aqua, M|
|poke|p1|Primarina, F|
|poke|p1|Overqwil, F|
|poke|p1|Iron Treads|
|poke|p2|Kyurem|
|poke|p2|Corviknight, M|
|poke|p2|Ting-Lu|
|poke|p2|Dondozo, M|
|poke|p2|Slowking-Galar, L99, F|
|poke|p2|Cinderace, F|
|teampreview
|inactive|Battle timer is ON: inactive players will automatically lose when time's up. (requested by apotato135)
|
|t:|1760398774
|teamsize|p1|6
|teamsize|p2|6
|start
|switch|p1a: Pelipper|Pelipper, F|100/100
|switch|p2a: Kyurem|Kyurem|100/100
|-ability|p2a: Kyurem|Pressure
|-weather|RainDance|[from] ability: Drizzle|[of] p1a: Pelipper
|turn|1
|inactive|MooFarmer also wants the timer to be on.
|inactive|MooFarmer has 120 seconds left.
|
|t:|1760398820
|switch|p1a: Primarina|Primarina, F|100/100
|move|p2a: Kyurem|Freeze-Dry|p1a: Primarina
|-supereffective|p1a: Primarina
|-crit|p1a: Primarina
|-damage|p1a: Primarina|38/100
|
|-weather|RainDance|[upkeep]
|upkeep
|turn|2
|inactive|MooFarmer has 90 seconds left.
|
|t:|1760398866
|move|p2a: Kyurem|Freeze-Dry|p1a: Primarina
|-supereffective|p1a: Primarina
|-damage|p1a: Primarina|0 fnt
|faint|p1a: Primarina
|
|-weather|RainDance|[upkeep]
|upkeep
|
|t:|1760398874
|switch|p1a: Tauros|Tauros-Paldea-Aqua, M|100/100
|-ability|p1a: Tauros|Intimidate|boost
|-unboost|p2a: Kyurem|atk|1
|turn|3
|inactive|MooFarmer has 60 seconds left.
|
|t:|1760398919
|move|p1a: Tauros|Close Combat|p2a: Kyurem
|-supereffective|p2a: Kyurem
|-damage|p2a: Kyurem|0 fnt
|-unboost|p1a: Tauros|def|1
|-unboost|p1a: Tauros|spd|1
|faint|p2a: Kyurem
|
|-weather|RainDance|[upkeep]
|upkeep
|inactive|MooFarmer has 30 seconds left.
|inactive|MooFarmer has 20 seconds left.
|inactive|MooFarmer has 15 seconds left.
|inactive|MooFarmer has 10 seconds left.
|inactive|MooFarmer has 5 seconds left.
|
|t:|1760398966
|switch|p2a: Cinderace|Cinderace, F|100/100
|turn|4
|inactive|MooFarmer has 15 seconds left this turn.
|inactive|MooFarmer has 10 seconds left.
|
|t:|1760398974
|switch|p1a: Raging Bolt|Raging Bolt|100/100
|move|p2a: Cinderace|U-turn|p1a: Raging Bolt
|-damage|p1a: Raging Bolt|82/100
|inactive|MooFarmer has 15 seconds left this turn.
|inactive|MooFarmer has 10 seconds left.
|
|t:|1760398983
|switch|p2a: Ting-Lu|Ting-Lu|100/100|[from] U-turn
|-ability|p2a: Ting-Lu|Vessel of Ruin
|
|-weather|RainDance|[upkeep]
|upkeep
|turn|5
|inactive|MooFarmer has 20 seconds left this turn.
|j| Arcangel666
|inactive|MooFarmer has 15 seconds left.
|
|t:|1760398991
|-end|p1a: Raging Bolt|Protosynthesis|[silent]
|switch|p1a: Tauros|Tauros-Paldea-Aqua, M|100/100
|-ability|p1a: Tauros|Intimidate|boost
|-unboost|p2a: Ting-Lu|atk|1
|move|p2a: Ting-Lu|Earthquake|p1a: Tauros
|-damage|p1a: Tauros|70/100
|
|-weather|RainDance|[upkeep]
|upkeep
|turn|6
|inactive|MooFarmer has 25 seconds left this turn.
|inactive|MooFarmer has 20 seconds left.
|
|t:|1760399002
|switch|p2a: Dondozo|Dondozo, M|100/100
|move|p1a: Tauros|Close Combat|p2a: Dondozo
|-damage|p2a: Dondozo|65/100
|-unboost|p1a: Tauros|def|1
|-unboost|p1a: Tauros|spd|1
|
|-weather|RainDance|[upkeep]
|-heal|p2a: Dondozo|71/100|[from] item: Leftovers
|upkeep
|turn|7
|inactive|MooFarmer has 30 seconds left this turn.
|
|t:|1760399011
|switch|p1a: Iron Treads|Iron Treads|100/100
|-enditem|p1a: Iron Treads|Booster Energy
|-activate|p1a: Iron Treads|ability: Quark Drive|[fromitem]
|-start|p1a: Iron Treads|quarkdrivespe
|move|p2a: Dondozo|Body Press|p1a: Iron Treads
|-supereffective|p1a: Iron Treads
|-damage|p1a: Iron Treads|50/100
|
|-weather|RainDance|[upkeep]
|-heal|p2a: Dondozo|77/100|[from] item: Leftovers
|upkeep
|turn|8
|inactive|MooFarmer has 30 seconds left.
|
|t:|1760399020
|move|p1a: Iron Treads|Volt Switch|p2a: Dondozo
|-supereffective|p2a: Dondozo
|-damage|p2a: Dondozo|45/100
|
|t:|1760399027
|-end|p1a: Iron Treads|Quark Drive|[silent]
|switch|p1a: Raging Bolt|Raging Bolt|82/100|[from] Volt Switch
|move|p2a: Dondozo|Body Press|p1a: Raging Bolt
|-damage|p1a: Raging Bolt|56/100
|
|-weather|none
|-heal|p2a: Dondozo|51/100|[from] item: Leftovers
|upkeep
|turn|9
|
|t:|1760399036
|-end|p1a: Raging Bolt|Protosynthesis|[silent]
|switch|p1a: Pelipper|Pelipper, F|100/100
|-weather|RainDance|[from] ability: Drizzle|[of] p1a: Pelipper
|switch|p2a: Ting-Lu|Ting-Lu|100/100
|-ability|p2a: Ting-Lu|Vessel of Ruin
|
|-weather|RainDance|[upkeep]
|upkeep
|turn|10
|
|t:|1760399045
|switch|p2a: Slowking|Slowking-Galar, L99, F|100/100
|move|p1a: Pelipper|Knock Off|p2a: Slowking
|-supereffective|p2a: Slowking
|-damage|p2a: Slowking|73/100
|-enditem|p2a: Slowking|Heavy-Duty Boots|[from] move: Knock Off|[of] p1a: Pelipper
|
|-weather|RainDance|[upkeep]
|upkeep
|turn|11
|
|t:|1760399054
|move|p1a: Pelipper|U-turn|p2a: Slowking
|-damage|p2a: Slowking|63/100
|
|t:|1760399056
|switch|p1a: Iron Treads|Iron Treads|50/100|[from] U-turn
|-prepare|p2a: Slowking|Chilly Reception|[premajor]
|move|p2a: Slowking|Chilly Reception|p2a: Slowking
|-weather|Snowscape
|
|t:|1760399064
|switch|p2a: Cinderace|Cinderace, F|100/100|[from] Chilly Reception
|
|-weather|Snowscape|[upkeep]
|upkeep
|turn|12
|inactive|MooFarmer has 60 seconds left.
|
|t:|1760399079
|-end|p1a: Iron Treads|Quark Drive|[silent]
|switch|p1a: Pelipper|Pelipper, F|100/100
|-weather|RainDance|[from] ability: Drizzle|[of] p1a: Pelipper
|move|p2a: Cinderace|U-turn|p1a: Pelipper
|-resisted|p1a: Pelipper
|-damage|p1a: Pelipper|93/100
|inactive|MooFarmer has 60 seconds left.
|
|t:|1760399089
|switch|p2a: Slowking|Slowking-Galar, L99, F|96/100|[from] U-turn
|
|-weather|RainDance|[upkeep]
|upkeep
|turn|13
|l| Arcangel666
|
|t:|1760399097
|move|p1a: Pelipper|U-turn|p2a: Slowking
|-damage|p2a: Slowking|86/100
|
|t:|1760399100
|switch|p1a: Tauros|Tauros-Paldea-Aqua, M|70/100|[from] U-turn
|-ability|p1a: Tauros|Intimidate|boost
|-unboost|p2a: Slowking|atk|1
|-prepare|p2a: Slowking|Chilly Reception|[premajor]
|move|p2a: Slowking|Chilly Reception|p2a: Slowking
|-weather|Snowscape
|
|t:|1760399108
|switch|p2a: Corviknight|Corviknight, M|100/100|[from] Chilly Reception
|-ability|p2a: Corviknight|Pressure
|
|-weather|Snowscape|[upkeep]
|upkeep
|turn|14
|
|t:|1760399117
|switch|p1a: Pelipper|Pelipper, F|93/100
|-weather|RainDance|[from] ability: Drizzle|[of] p1a: Pelipper
|move|p2a: Corviknight|U-turn|p1a: Pelipper
|-resisted|p1a: Pelipper
|-damage|p1a: Pelipper|88/100
|
|t:|1760399126
|switch|p2a: Slowking|Slowking-Galar, L99, F|100/100|[from] U-turn
|
|-weather|RainDance|[upkeep]
|upkeep
|turn|15
|
|t:|1760399135
|move|p1a: Pelipper|Hurricane|p2a: Slowking
|-damage|p2a: Slowking|80/100
|-start|p2a: Slowking|confusion
|-prepare|p2a: Slowking|Chilly Reception|[premajor]
|-activate|p2a: Slowking|confusion
|move|p2a: Slowking|Chilly Reception|p2a: Slowking
|-weather|Snowscape
|
|t:|1760399144
|switch|p2a: Dondozo|Dondozo, M|51/100|[from] Chilly Reception
|
|-weather|Snowscape|[upkeep]
|-heal|p2a: Dondozo|58/100|[from] item: Leftovers
|upkeep
|turn|16
|
|t:|1760399152
|move|p1a: Pelipper|Hurricane|p2a: Dondozo
|-damage|p2a: Dondozo|22/100
|move|p2a: Dondozo|Rest|p2a: Dondozo
|-status|p2a: Dondozo|slp|[from] move: Rest
|-heal|p2a: Dondozo|100/100 slp|[silent]
|
|-weather|Snowscape|[upkeep]
|upkeep
|turn|17
|inactive|MooFarmer has 90 seconds left.
|
|t:|1760399161
|switch|p2a: Corviknight|Corviknight, M|100/100
|-ability|p2a: Corviknight|Pressure
|move|p1a: Pelipper|Knock Off|p2a: Corviknight
|-damage|p2a: Corviknight|93/100
|-damage|p1a: Pelipper|71/100|[from] item: Rocky Helmet|[of] p2a: Corviknight
|-enditem|p2a: Corviknight|Rocky Helmet|[from] move: Knock Off|[of] p1a: Pelipper
|
|-weather|Snowscape|[upkeep]
|upkeep
|turn|18
|
|t:|1760399170
|switch|p1a: Iron Treads|Iron Treads|50/100
|move|p2a: Corviknight|Roost|p2a: Corviknight
|-heal|p2a: Corviknight|100/100
|-singleturn|p2a: Corviknight|move: Roost
|
|-weather|Snowscape|[upkeep]
|upkeep
|turn|19
|inactive|MooFarmer has 90 seconds left.
|inactive|MooFarmer has 60 seconds left.
|
|t:|1760399215
|switch|p2a: Ting-Lu|Ting-Lu|100/100
|-ability|p2a: Ting-Lu|Vessel of Ruin
|move|p1a: Iron Treads|Stealth Rock|p2a: Ting-Lu
|-sidestart|p2: MooFarmer|move: Stealth Rock
|
|-weather|none
|upkeep
|turn|20
|inactive|MooFarmer has 60 seconds left.
|inactive|MooFarmer has 30 seconds left.
|
|t:|1760399260
|-end|p1a: Iron Treads|Quark Drive|[silent]
|switch|p1a: Pelipper|Pelipper, F|71/100
|-weather|RainDance|[from] ability: Drizzle|[of] p1a: Pelipper
|switch|p2a: Corviknight|Corviknight, M|100/100
|-damage|p2a: Corviknight|88/100|[from] Stealth Rock
|-ability|p2a: Corviknight|Pressure
|
|-weather|RainDance|[upkeep]
|upkeep
|turn|21
|inactive|MooFarmer has 30 seconds left.
|
|t:|1760399270
|move|p2a: Corviknight|Defog|p1a: Pelipper
|-unboost|p1a: Pelipper|evasion|1
|-sideend|p2: MooFarmer|Stealth Rock|[from] move: Defog|[of] p2a: Corviknight
|move|p1a: Pelipper|Surf|p2a: Corviknight
|-damage|p2a: Corviknight|45/100
|
|-weather|RainDance|[upkeep]
|upkeep
|turn|22
|
|t:|1760399278
|move|p2a: Corviknight|Roost|p2a: Corviknight
|-heal|p2a: Corviknight|95/100
|-singleturn|p2a: Corviknight|move: Roost
|move|p1a: Pelipper|U-turn|p2a: Corviknight
|-resisted|p2a: Corviknight
|-damage|p2a: Corviknight|93/100
|
|t:|1760399285
|switch|p1a: Raging Bolt|Raging Bolt|56/100|[from] U-turn
|
|-weather|RainDance|[upkeep]
|upkeep
|turn|23
|
|t:|1760399293
|switch|p2a: Ting-Lu|Ting-Lu|100/100
|-ability|p2a: Ting-Lu|Vessel of Ruin
|move|p1a: Raging Bolt|Weather Ball|p2a: Ting-Lu
|-supereffective|p2a: Ting-Lu
|-damage|p2a: Ting-Lu|56/100
|
|-weather|RainDance|[upkeep]
|-heal|p2a: Ting-Lu|62/100|[from] item: Leftovers
|upkeep
|turn|24
|
|t:|1760399302
|-end|p1a: Raging Bolt|Protosynthesis|[silent]
|switch|p1a: Tauros|Tauros-Paldea-Aqua, M|70/100
|-ability|p1a: Tauros|Intimidate|boost
|-unboost|p2a: Ting-Lu|atk|1
|move|p2a: Ting-Lu|Earthquake|p1a: Tauros
|-damage|p1a: Tauros|41/100
|
|-weather|RainDance|[upkeep]
|-heal|p2a: Ting-Lu|69/100|[from] item: Leftovers
|upkeep
|turn|25
|
|t:|1760399310
|switch|p2a: Dondozo|Dondozo, M|100/100 slp
|move|p1a: Tauros|Raging Bull|p2a: Dondozo
|-resisted|p2a: Dondozo
|-damage|p2a: Dondozo|79/100 slp
|
|-weather|RainDance|[upkeep]
|-heal|p2a: Dondozo|85/100 slp|[from] item: Leftovers
|upkeep
|turn|26
|inactive|MooFarmer has 60 seconds left.
|
|t:|1760399319
|switch|p1a: Iron Treads|Iron Treads|50/100
|cant|p2a: Dondozo|slp
|
|-weather|RainDance|[upkeep]
|-heal|p2a: Dondozo|91/100 slp|[from] item: Leftovers
|upkeep
|turn|27
|
|t:|1760399328
|switch|p2a: Cinderace|Cinderace, F|100/100
|move|p1a: Iron Treads|Stealth Rock|p2a: Cinderace
|-sidestart|p2: MooFarmer|move: Stealth Rock
|
|-weather|none
|upkeep
|turn|28
|j| Terry B bestdlc
|
|t:|1760399336
|move|p2a: Cinderace|Court Change|p2a: Cinderace
|-swapsideconditions
|-activate|p2a: Cinderace|move: Court Change
|move|p1a: Iron Treads|Volt Switch|p2a: Cinderace
|-damage|p2a: Cinderace|80/100
|
|t:|1760399343
|-end|p1a: Iron Treads|Quark Drive|[silent]
|switch|p1a: Pelipper|Pelipper, F|71/100|[from] Volt Switch
|-damage|p1a: Pelipper|47/100|[from] Stealth Rock
|-weather|RainDance|[from] ability: Drizzle|[of] p1a: Pelipper
|
|-weather|RainDance|[upkeep]
|upkeep
|turn|29
|
|t:|1760399351
|switch|p1a: Iron Treads|Iron Treads|50/100
|-damage|p1a: Iron Treads|47/100|[from] Stealth Rock
|move|p2a: Cinderace|U-turn|p1a: Iron Treads
|-resisted|p1a: Iron Treads
|-damage|p1a: Iron Treads|39/100
|
|t:|1760399360
|switch|p2a: Ting-Lu|Ting-Lu|69/100|[from] U-turn
|-ability|p2a: Ting-Lu|Vessel of Ruin
|
|-weather|RainDance|[upkeep]
|-heal|p2a: Ting-Lu|75/100|[from] item: Leftovers
|upkeep
|turn|30
|
|t:|1760399368
|move|p1a: Iron Treads|Rapid Spin|p2a: Ting-Lu
|-damage|p2a: Ting-Lu|68/100
|-boost|p1a: Iron Treads|spe|1
|-sideend|p1: apotato135|Stealth Rock|[from] move: Rapid Spin|[of] p1a: Iron Treads
|move|p2a: Ting-Lu|Earthquake|p1a: Iron Treads
|-supereffective|p1a: Iron Treads
|-damage|p1a: Iron Treads|0 fnt
|faint|p1a: Iron Treads
|-end|p1a: Iron Treads|Quark Drive|[silent]
|
|-weather|RainDance|[upkeep]
|-heal|p2a: Ting-Lu|74/100|[from] item: Leftovers
|upkeep
|
|t:|1760399375
|switch|p1a: Overqwil|Overqwil, F|100/100
|turn|31
|inactive|MooFarmer has 90 seconds left.
|inactive|MooFarmer has 60 seconds left.
|
|t:|1760399420
|switch|p2a: Dondozo|Dondozo, M|91/100 slp
|move|p1a: Overqwil|Swords Dance|p1a: Overqwil
|-boost|p1a: Overqwil|atk|2
|
|-weather|RainDance|[upkeep]
|-heal|p2a: Dondozo|98/100 slp|[from] item: Leftovers
|upkeep
|turn|32
|inactive|MooFarmer has 60 seconds left.
|inactive|MooFarmer has 30 seconds left.
|inactive|MooFarmer has 20 seconds left.
|
|t:|1760399465
|move|p1a: Overqwil|Gunk Shot|p2a: Dondozo
|-damage|p2a: Dondozo|64/100 slp
|-damage|p1a: Overqwil|91/100|[from] item: Life Orb
|cant|p2a: Dondozo|slp
|
|-weather|RainDance|[upkeep]
|-heal|p2a: Dondozo|70/100 slp|[from] item: Leftovers
|upkeep
|turn|33
|inactive|MooFarmer has 30 seconds left this turn.
|inactive|MooFarmer has 20 seconds left.
|
|t:|1760399475
|move|p1a: Overqwil|Gunk Shot|p2a: Dondozo
|-damage|p2a: Dondozo|35/100 slp
|-damage|p1a: Overqwil|81/100|[from] item: Life Orb
|-curestatus|p2a: Dondozo|slp|[msg]
|move|p2a: Dondozo|Body Press|p1a: Overqwil
|-damage|p1a: Overqwil|48/100
|
|-weather|RainDance|[upkeep]
|-heal|p2a: Dondozo|41/100|[from] item: Leftovers
|upkeep
|turn|34
|inactive|MooFarmer has 30 seconds left this turn.
|
|t:|1760399484
|move|p1a: Overqwil|Gunk Shot|p2a: Dondozo
|-crit|p2a: Dondozo
|-damage|p2a: Dondozo|0 fnt
|faint|p2a: Dondozo
|-damage|p1a: Overqwil|38/100|[from] item: Life Orb
|
|-weather|RainDance|[upkeep]
|upkeep
|inactive|MooFarmer has 30 seconds left this turn.
|j| 54 Insane Rats
|
|t:|1760399492
|switch|p2a: Corviknight|Corviknight, M|93/100
|-ability|p2a: Corviknight|Pressure
|turn|35
|inactive|MooFarmer has 30 seconds left.
|
|t:|1760399501
|-terastallize|p1a: Overqwil|Water
|-terastallize|p2a: Corviknight|Dragon
|move|p1a: Overqwil|Liquidation|p2a: Corviknight
|-resisted|p2a: Corviknight
|-damage|p2a: Corviknight|45/100
|-unboost|p2a: Corviknight|def|1
|-damage|p1a: Overqwil|29/100|[from] item: Life Orb
|move|p2a: Corviknight|Brave Bird|p1a: Overqwil
|-damage|p1a: Overqwil|0 fnt
|faint|p1a: Overqwil
|-damage|p2a: Corviknight|38/100|[from] Recoil
|
|-weather|none
|upkeep
|
|t:|1760399513
|switch|p1a: Tauros|Tauros-Paldea-Aqua, M|41/100
|-ability|p1a: Tauros|Intimidate|boost
|-unboost|p2a: Corviknight|atk|1
|turn|36
|
|t:|1760399521
|move|p1a: Tauros|Close Combat|p2a: Corviknight
|-damage|p2a: Corviknight|0 fnt
|-unboost|p1a: Tauros|def|1
|-unboost|p1a: Tauros|spd|1
|faint|p2a: Corviknight
|
|upkeep
|
|t:|1760399529
|switch|p2a: Slowking|Slowking-Galar, L99, F|100/100
|turn|37
|j| Hildi Thryth
|
|t:|1760399538
|switch|p1a: Pelipper|Pelipper, F|47/100
|-weather|RainDance|[from] ability: Drizzle|[of] p1a: Pelipper
|move|p2a: Slowking|Sludge Bomb|p1a: Pelipper
|-damage|p1a: Pelipper|4/100
|
|-weather|RainDance|[upkeep]
|upkeep
|turn|38
|
|t:|1760399546
|move|p1a: Pelipper|U-turn|p2a: Slowking
|-damage|p2a: Slowking|90/100
|
|t:|1760399549
|switch|p1a: Raging Bolt|Raging Bolt|56/100|[from] U-turn
|move|p2a: Slowking|Sludge Bomb|p1a: Raging Bolt
|-damage|p1a: Raging Bolt|28/100
|
|-weather|RainDance|[upkeep]
|upkeep
|turn|39
|inactive|MooFarmer has 60 seconds left.
|
|t:|1760399557
|move|p1a: Raging Bolt|Thunder|p2a: Slowking
|-damage|p2a: Slowking|56/100
|-status|p2a: Slowking|par
|move|p2a: Slowking|Sludge Bomb|p1a: Raging Bolt
|-damage|p1a: Raging Bolt|0 fnt
|faint|p1a: Raging Bolt
|-end|p1a: Raging Bolt|Protosynthesis|[silent]
|
|-weather|RainDance|[upkeep]
|upkeep
|
|t:|1760399560
|switch|p1a: Tauros|Tauros-Paldea-Aqua, M|41/100
|-ability|p1a: Tauros|Intimidate|boost
|-unboost|p2a: Slowking|atk|1
|turn|40
|
|t:|1760399568
|switch|p2a: Ting-Lu|Ting-Lu|74/100
|-ability|p2a: Ting-Lu|Vessel of Ruin
|move|p1a: Tauros|Raging Bull|p2a: Ting-Lu
|-supereffective|p2a: Ting-Lu
|-damage|p2a: Ting-Lu|0 fnt
|faint|p2a: Ting-Lu
|
|-weather|RainDance|[upkeep]
|upkeep
|
|t:|1760399575
|switch|p2a: Cinderace|Cinderace, F|80/100
|turn|41
|
|t:|1760399582
|move|p2a: Cinderace|Will-O-Wisp|p1a: Tauros
|-status|p1a: Tauros|brn
|move|p1a: Tauros|Raging Bull|p2a: Cinderace
|-supereffective|p2a: Cinderace
|-damage|p2a: Cinderace|0 fnt
|faint|p2a: Cinderace
|
|-weather|RainDance|[upkeep]
|-damage|p1a: Tauros|35/100 brn|[from] brn
|upkeep
|
|t:|1760399589
|switch|p2a: Slowking|Slowking-Galar, L99, F|90/100 par
|turn|42
|
|t:|1760399597
|move|p1a: Tauros|Raging Bull|p2a: Slowking
|-damage|p2a: Slowking|40/100 par
|move|p2a: Slowking|Sludge Bomb|p1a: Tauros
|-damage|p1a: Tauros|0 fnt
|faint|p1a: Tauros
|
|-weather|RainDance|[upkeep]
|upkeep
|
|t:|1760399599
|switch|p1a: Pelipper|Pelipper, F|4/100
|turn|43
|
|t:|1760399604
|move|p1a: Pelipper|Surf|p2a: Slowking
|-damage|p2a: Slowking|12/100 par
|cant|p2a: Slowking|par
|
|-weather|RainDance|[upkeep]
|upkeep
|turn|44
|
|t:|1760399607
|move|p1a: Pelipper|Surf|p2a: Slowking
|-damage|p2a: Slowking|0 fnt
|faint|p2a: Slowking
|
|win|apotato135
|raw|apotato135's rating: 1670 &rarr; <strong>1699</strong><br />(+29 for winning)
|raw|MooFarmer's rating: 1843 &rarr; <strong>1814</strong><br />(-29 for losing)
|l|☆MooFarmer
|player|p2|
|l| 54 Insane Rats
|l| Terry B bestdlc
|l| Hildi Thryth
