|j|☆arj.uno
|j|☆lllongtoudishu
|t:|1760364602
|gametype|singles
|player|p1|arj.uno|doctor|1077
|player|p2|lllongtoudishu|roxie|1060
|gen|9
|tier|[Gen 9] OU
|rated|
|rule|HP Percentage Mod: HP is shown in percentages
|rule|Endless Battle Clause: Forcing endless battles is banned
|rule|Species Clause: Limit one of each Pokémon
|rule|OHKO Clause: OHKO moves are banned
|rule|Evasion Items Clause: Evasion items are banned
|rule|Evasion Moves Clause: Evasion moves are banned
|rule|Evasion Abilities Clause: Evasion abilities are banned
|rule|Sleep Moves Clause: Sleep-inducing moves are banned
|clearpoke
|poke|p1|Pawmot, M|
|poke|p1|Espeon, M|
|poke|p1|Bruxish, F|
|poke|p1|Mandibuzz, F|
|poke|p1|Tinkaton, F|
|poke|p1|Brambleghast, F|
|poke|p2|Araquanid, M|
|poke|p2|Gholdengo|
|poke|p2|Iron Treads|
|poke|p2|Raging Bolt|
|poke|p2|Iron Valiant|
|poke|p2|Dragonite, M|
|teampreview
|l|☆arj.uno
|player|p1|
|j|☆arj.uno
|player|p1|arj.uno|doctor|
|
|t:|1760364622
|teamsize|p1|6
|teamsize|p2|6
|start
|switch|p1a: Pawmot|Pawmot, M|100/100
|switch|p2a: Araquanid|Araquanid, M|100/100
|turn|1
|
|t:|1760364629
|move|p1a: Pawmot|Nuzzle|p2a: Araquanid
|-supereffective|p2a: Araquanid
|-damage|p2a: Araquanid|82/100
|-status|p2a: Araquanid|par
|move|p2a: Araquanid|Sticky Web|p1a: Pawmot
|-sidestart|p1: arj.uno|move: Sticky Web
|
|upkeep
|turn|2
|
|t:|1760364645
|switch|p1a: Brambleghast|Brambleghast, F, shiny|100/100
|switch|p2a: Iron Treads|Iron Treads|100/100
|-enditem|p2a: Iron Treads|Booster Energy
|-activate|p2a: Iron Treads|ability: Quark Drive|[fromitem]
|-start|p2a: Iron Treads|quarkdriveatk
|
|upkeep
|turn|3
|
|t:|1760364658
|move|p2a: Iron Treads|Ice Spinner|p1a: Brambleghast
|-supereffective|p1a: Brambleghast
|-damage|p1a: Brambleghast|0 fnt
|faint|p1a: Brambleghast
|
|upkeep
|
|t:|1760364673
|switch|p1a: Mandibuzz|Mandibuzz, F|100/100
|turn|4
|inactive|Battle timer is ON: inactive players will automatically lose when time's up. (requested by arj.uno)
|
|t:|1760364680
|move|p2a: Iron Treads|Ice Spinner|p1a: Mandibuzz
|-supereffective|p1a: Mandibuzz
|-damage|p1a: Mandibuzz|41/100
|-ability|p1a: Mandibuzz|Weak Armor|boost
|-unboost|p1a: Mandibuzz|def|1
|-boost|p1a: Mandibuzz|spe|2
|-enditem|p1a: Mandibuzz|White Herb
|-clearnegativeboost|p1a: Mandibuzz|[silent]
|move|p1a: Mandibuzz|Nasty Plot|p1a: Mandibuzz
|-boost|p1a: Mandibuzz|spa|2
|
|upkeep
|turn|5
|
|t:|1760364694
|move|p1a: Mandibuzz|Dark Pulse|p2a: Iron Treads
|-damage|p2a: Iron Treads|21/100
|cant|p2a: Iron Treads|flinch
|
|upkeep
|turn|6
|
|t:|1760364715
|move|p1a: Mandibuzz|Dark Pulse|p2a: Iron Treads
|-damage|p2a: Iron Treads|0 fnt
|faint|p2a: Iron Treads
|-end|p2a: Iron Treads|Quark Drive|[silent]
|
|upkeep
|
|t:|1760364720
|switch|p2a: Iron Valiant|Iron Valiant|100/100
|-enditem|p2a: Iron Valiant|Booster Energy
|-activate|p2a: Iron Valiant|ability: Quark Drive|[fromitem]
|-start|p2a: Iron Valiant|quarkdrivespa
|turn|7
|
|t:|1760364742
|move|p2a: Iron Valiant|Vacuum Wave|p1a: Mandibuzz
|-damage|p1a: Mandibuzz|14/100
|move|p1a: Mandibuzz|Air Slash|p2a: Iron Valiant
|-supereffective|p2a: Iron Valiant
|-damage|p2a: Iron Valiant|0 fnt
|faint|p2a: Iron Valiant
|-end|p2a: Iron Valiant|Quark Drive|[silent]
|
|upkeep
|
|t:|1760364751
|switch|p2a: Raging Bolt|Raging Bolt|100/100
|-enditem|p2a: Raging Bolt|Booster Energy
|-activate|p2a: Raging Bolt|ability: Protosynthesis|[fromitem]
|-start|p2a: Raging Bolt|protosynthesisspa
|turn|8
|
|t:|1760364757
|move|p1a: Mandibuzz|Roost|p1a: Mandibuzz
|-heal|p1a: Mandibuzz|65/100
|-singleturn|p1a: Mandibuzz|move: Roost
|move|p2a: Raging Bolt|Dragon Pulse|p1a: Mandibuzz
|-damage|p1a: Mandibuzz|7/100
|
|upkeep
|turn|9
|
|t:|1760364764
|move|p1a: Mandibuzz|Dark Pulse|p2a: Raging Bolt
|-damage|p2a: Raging Bolt|49/100
|move|p2a: Raging Bolt|Dragon Pulse|p1a: Mandibuzz
|-damage|p1a: Mandibuzz|0 fnt
|faint|p1a: Mandibuzz
|
|upkeep
|
|t:|1760364793
|switch|p1a: Espeon|Espeon, M|100/100
|-activate|p1a: Espeon|move: Sticky Web
|-unboost|p1a: Espeon|spe|1
|turn|10
|
|t:|1760364800
|-terastallize|p1a: Espeon|Ground
|move|p2a: Raging Bolt|Draco Meteor|p1a: Espeon
|-enditem|p1a: Espeon|Focus Sash
|-damage|p1a: Espeon|1/100
|-unboost|p2a: Raging Bolt|spa|2
|move|p1a: Espeon|Mud-Slap|p2a: Raging Bolt
|-supereffective|p2a: Raging Bolt
|-damage|p2a: Raging Bolt|0 fnt
|faint|p2a: Raging Bolt
|-end|p2a: Raging Bolt|Protosynthesis|[silent]
|
|upkeep
|
|t:|1760364814
|switch|p2a: Dragonite|Dragonite, M|100/100
|turn|11
|
|t:|1760364827
|move|p2a: Dragonite|Fire Punch|p1a: Espeon
|-damage|p1a: Espeon|0 fnt
|faint|p1a: Espeon
|
|upkeep
|
|t:|1760364831
|switch|p1a: Pawmot|Pawmot, M|100/100
|-activate|p1a: Pawmot|move: Sticky Web
|-unboost|p1a: Pawmot|spe|1
|turn|12
|
|t:|1760364858
|-terastallize|p2a: Dragonite|Fire
|move|p2a: Dragonite|Scale Shot|p1a: Pawmot
|-damage|p1a: Pawmot|78/100
|-damage|p1a: Pawmot|53/100
|-damage|p1a: Pawmot|29/100
|-damage|p1a: Pawmot|7/100
|-hitcount|p1a: Pawmot|4
|-unboost|p2a: Dragonite|def|1
|-boost|p2a: Dragonite|spe|1
|move|p1a: Pawmot|Nuzzle|p2a: Dragonite
|-damage|p2a: Dragonite|92/100
|-status|p2a: Dragonite|par
|
|upkeep
|turn|13
|inactive|lllongtoudishu has 120 seconds left.
|
|t:|1760364873
|move|p1a: Pawmot|Double Shock|p2a: Dragonite
|-damage|p2a: Dragonite|5/100 par
|-start|p1a: Pawmot|typechange|???/Fighting|[from] move: Double Shock
|move|p2a: Dragonite|Fire Punch|p1a: Pawmot
|-damage|p1a: Pawmot|0 fnt
|faint|p1a: Pawmot
|
|upkeep
|
|t:|1760364885
|switch|p1a: Bruxish|Bruxish, F|100/100
|-activate|p1a: Bruxish|move: Sticky Web
|-unboost|p1a: Bruxish|spe|1
|turn|14
|
|t:|1760364890
|move|p1a: Bruxish|Crunch|p2a: Dragonite
|-damage|p2a: Dragonite|0 fnt
|faint|p2a: Dragonite
|
|upkeep
|
|t:|1760364899
|switch|p2a: Gholdengo|Gholdengo|100/100
|-item|p2a: Gholdengo|Air Balloon
|turn|15
|
|t:|1760364912
|move|p1a: Bruxish|Crunch|p2a: Gholdengo
|-supereffective|p2a: Gholdengo
|-damage|p2a: Gholdengo|43/100
|-enditem|p2a: Gholdengo|Air Balloon
|move|p2a: Gholdengo|Shadow Ball|p1a: Bruxish
|-supereffective|p1a: Bruxish
|-damage|p1a: Bruxish|0 fnt
|faint|p1a: Bruxish
|
|upkeep
|l|☆arj.uno
|inactive|arj.uno disconnected and has a minute to reconnect!
|player|p1|
|j|☆arj.uno
|inactive|arj.uno reconnected and has 140 seconds left.
|player|p1|arj.uno|doctor|
|
|t:|1760364927
|switch|p1a: Tinkaton|Tinkaton, F|100/100
|-item|p1a: Tinkaton|Air Balloon
|turn|16
|
|t:|1760364937
|move|p1a: Tinkaton|Gigaton Hammer|p2a: Gholdengo
|-resisted|p2a: Gholdengo
|-damage|p2a: Gholdengo|7/100
|move|p2a: Gholdengo|Shadow Ball|p1a: Tinkaton
|-damage|p1a: Tinkaton|48/100
|-unboost|p1a: Tinkaton|spd|1
|-enditem|p1a: Tinkaton|Air Balloon
|
|upkeep
|turn|17
|
|t:|1760364948
|move|p1a: Tinkaton|Play Rough|p2a: Gholdengo
|-resisted|p2a: Gholdengo
|-damage|p2a: Gholdengo|0 fnt
|faint|p2a: Gholdengo
|
|upkeep
|
|t:|1760364954
|switch|p2a: Araquanid|Araquanid, M|82/100 par
|turn|18
|
|t:|1760364957
|move|p1a: Tinkaton|Gigaton Hammer|p2a: Araquanid
|-resisted|p2a: Araquanid
|-damage|p2a: Araquanid|54/100 par
|cant|p2a: Araquanid|par
|
|upkeep
|turn|19
|
|t:|1760364964
|move|p1a: Tinkaton|Play Rough|p2a: Araquanid
|-damage|p2a: Araquanid|20/100 par
|move|p2a: Araquanid|Surf|p1a: Tinkaton
|-damage|p1a: Tinkaton|0 fnt
|faint|p1a: Tinkaton
|
|win|lllongtoudishu
|raw|arj.uno's rating: 1077 &rarr; <strong>1054</strong><br />(-23 for losing)
|raw|lllongtoudishu's rating: 1060 &rarr; <strong>1093</strong><br />(+33 for winning)
|l|☆arj.uno
|player|p1|
|l|☆lllongtoudishu
|player|p2|
