|j|☆thegoomygod
|j|☆CjnotTj
|t:|1760300278
|gametype|singles
|player|p1|thegoomygod|266|1312
|player|p2|CjnotTj|169|1366
|gen|9
|tier|[Gen 9] OU
|rated|
|rule|HP Percentage Mod: HP is shown in percentages
|rule|Endless Battle Clause: Forcing endless battles is banned
|rule|Species Clause: Limit one of each Pokémon
|rule|OHKO Clause: OHKO moves are banned
|rule|Evasion Items Clause: Evasion items are banned
|rule|Evasion Moves Clause: Evasion moves are banned
|rule|Evasion Abilities Clause: Evasion abilities are banned
|rule|Sleep Moves Clause: Sleep-inducing moves are banned
|clearpoke
|poke|p1|Primarina, F|
|poke|p1|Rillaboom, M|
|poke|p1|Cinderace, M|
|poke|p1|Kingambit, F|
|poke|p1|Landorus-Therian, M|
|poke|p1|Raging Bolt|
|poke|p2|Pelipper, F|
|poke|p2|Barraskewda, M|
|poke|p2|Zapdos|
|poke|p2|Iron Treads|
|poke|p2|Slowking-Galar, M|
|poke|p2|Tornadus-Therian, M|
|teampreview
|inactive|Battle timer is ON: inactive players will automatically lose when time's up. (requested by CjnotTj)
|
|t:|1760300291
|teamsize|p1|6
|teamsize|p2|6
|start
|switch|p1a: Landorus|Landorus-Therian, M|100/100
|switch|p2a: Haha GGs|Pelipper, F|100/100
|-ability|p1a: Landorus|Intimidate|boost
|-unboost|p2a: Haha GGs|atk|1
|-weather|RainDance|[from] ability: Drizzle|[of] p2a: Haha GGs
|turn|1
|
|t:|1760300309
|move|p1a: Landorus|U-turn|p2a: Haha GGs
|-resisted|p2a: Haha GGs
|-damage|p2a: Haha GGs|89/100
|
|t:|1760300313
|switch|p1a: Primarina|Primarina, F|100/100|[from] U-turn
|move|p2a: Haha GGs|U-turn|p1a: Primarina
|-resisted|p1a: Primarina
|-damage|p1a: Primarina|98/100
|
|t:|1760300323
|switch|p2a: ENERU|Zapdos|100/100|[from] U-turn
|
|-weather|RainDance|[upkeep]
|-heal|p1a: Primarina|100/100|[from] item: Leftovers
|upkeep
|turn|2
|
|t:|1760300337
|switch|p1a: Landorus|Landorus-Therian, M|100/100
|-ability|p1a: Landorus|Intimidate|boost
|-unboost|p2a: ENERU|atk|1
|move|p2a: ENERU|Thunder|p1a: Landorus
|-immune|p1a: Landorus
|
|-weather|RainDance|[upkeep]
|upkeep
|turn|3
|
|t:|1760300345
|move|p2a: ENERU|Hurricane|p1a: Landorus
|-damage|p1a: Landorus|39/100
|move|p1a: Landorus|Stealth Rock|p2a: ENERU
|-sidestart|p2: CjnotTj|move: Stealth Rock
|
|-weather|RainDance|[upkeep]
|upkeep
|turn|4
|
|t:|1760300355
|switch|p1a: Raging Bolt|Raging Bolt|100/100
|-enditem|p1a: Raging Bolt|Booster Energy
|-activate|p1a: Raging Bolt|ability: Protosynthesis|[fromitem]
|-start|p1a: Raging Bolt|protosynthesisspa
|move|p2a: ENERU|Hurricane|p1a: Raging Bolt
|-resisted|p1a: Raging Bolt
|-damage|p1a: Raging Bolt|76/100
|
|-weather|RainDance|[upkeep]
|upkeep
|turn|5
|
|t:|1760300366
|move|p2a: ENERU|Hurricane|p1a: Raging Bolt
|-resisted|p1a: Raging Bolt
|-damage|p1a: Raging Bolt|52/100
|-start|p1a: Raging Bolt|confusion
|-activate|p1a: Raging Bolt|confusion
|move|p1a: Raging Bolt|Thunderbolt|p2a: ENERU
|-damage|p2a: ENERU|25/100
|
|-weather|RainDance|[upkeep]
|upkeep
|turn|6
|
|t:|1760300374
|move|p2a: ENERU|Roost|p2a: ENERU
|-heal|p2a: ENERU|76/100
|-singleturn|p2a: ENERU|move: Roost
|-activate|p1a: Raging Bolt|confusion
|move|p1a: Raging Bolt|Thunderbolt|p2a: ENERU
|-resisted|p2a: ENERU
|-damage|p2a: ENERU|37/100
|
|-weather|RainDance|[upkeep]
|upkeep
|turn|7
|
|t:|1760300380
|move|p2a: ENERU|U-turn|p1a: Raging Bolt
|-damage|p1a: Raging Bolt|44/100
|
|t:|1760300384
|switch|p2a: Yo-yo|Iron Treads|100/100|[from] U-turn
|-damage|p2a: Yo-yo|97/100|[from] Stealth Rock
|-enditem|p2a: Yo-yo|Booster Energy
|-activate|p2a: Yo-yo|ability: Quark Drive|[fromitem]
|-start|p2a: Yo-yo|quarkdrivespe
|-end|p1a: Raging Bolt|confusion
|move|p1a: Raging Bolt|Dragon Pulse|p2a: Yo-yo
|-resisted|p2a: Yo-yo
|-damage|p2a: Yo-yo|48/100
|
|-weather|RainDance|[upkeep]
|upkeep
|turn|8
|
|t:|1760300394
|-end|p1a: Raging Bolt|Protosynthesis|[silent]
|switch|p1a: Landorus|Landorus-Therian, M|39/100
|-ability|p1a: Landorus|Intimidate|boost
|-unboost|p2a: Yo-yo|atk|1
|move|p2a: Yo-yo|Rapid Spin|p1a: Landorus
|-damage|p1a: Landorus|33/100
|-boost|p2a: Yo-yo|spe|1
|-damage|p2a: Yo-yo|32/100|[from] item: Rocky Helmet|[of] p1a: Landorus
|-sideend|p2: CjnotTj|Stealth Rock|[from] move: Rapid Spin|[of] p2a: Yo-yo
|
|-weather|none
|upkeep
|turn|9
|
|t:|1760300401
|-end|p2a: Yo-yo|Quark Drive|[silent]
|switch|p2a: Haha GGs|Pelipper, F|89/100
|-weather|RainDance|[from] ability: Drizzle|[of] p2a: Haha GGs
|move|p1a: Landorus|Earth Power|p2a: Haha GGs
|-immune|p2a: Haha GGs
|
|-weather|RainDance|[upkeep]
|upkeep
|turn|10
|
|t:|1760300409
|move|p1a: Landorus|Stealth Rock|p2a: Haha GGs
|-sidestart|p2: CjnotTj|move: Stealth Rock
|move|p2a: Haha GGs|U-turn|p1a: Landorus
|-resisted|p1a: Landorus
|-damage|p1a: Landorus|30/100
|-damage|p2a: Haha GGs|73/100|[from] item: Rocky Helmet|[of] p1a: Landorus
|
|t:|1760300412
|switch|p2a: Cocledoodle|Tornadus-Therian, M|100/100|[from] U-turn
|-damage|p2a: Cocledoodle|75/100|[from] Stealth Rock
|
|-weather|RainDance|[upkeep]
|upkeep
|turn|11
|
|t:|1760300416
|move|p2a: Cocledoodle|Hurricane|p1a: Landorus
|-crit|p1a: Landorus
|-damage|p1a: Landorus|0 fnt
|faint|p1a: Landorus
|
|-weather|RainDance|[upkeep]
|upkeep
|
|t:|1760300419
|switch|p1a: Raging Bolt|Raging Bolt|44/100
|turn|12
|
|t:|1760300424
|switch|p2a: Yo-yo|Iron Treads|32/100
|-damage|p2a: Yo-yo|29/100|[from] Stealth Rock
|move|p1a: Raging Bolt|Thunderbolt|p2a: Yo-yo
|-immune|p2a: Yo-yo
|
|-weather|RainDance|[upkeep]
|upkeep
|turn|13
|
|t:|1760300430
|move|p2a: Yo-yo|Rapid Spin|p1a: Raging Bolt
|-damage|p1a: Raging Bolt|35/100
|-boost|p2a: Yo-yo|spe|1
|-sideend|p2: CjnotTj|Stealth Rock|[from] move: Rapid Spin|[of] p2a: Yo-yo
|move|p1a: Raging Bolt|Dragon Pulse|p2a: Yo-yo
|-resisted|p2a: Yo-yo
|-damage|p2a: Yo-yo|0 fnt
|faint|p2a: Yo-yo
|-end|p2a: Yo-yo|Quark Drive|[silent]
|
|-weather|RainDance|[upkeep]
|upkeep
|
|t:|1760300443
|switch|p2a: Cocledoodle|Tornadus-Therian, M|100/100
|turn|14
|
|t:|1760300448
|-terastallize|p2a: Cocledoodle|Steel
|move|p1a: Raging Bolt|Thunderclap|p2a: Cocledoodle
|-damage|p2a: Cocledoodle|70/100
|move|p2a: Cocledoodle|Hurricane|p1a: Raging Bolt
|-resisted|p1a: Raging Bolt
|-damage|p1a: Raging Bolt|13/100
|
|-weather|RainDance|[upkeep]
|upkeep
|turn|15
|
|t:|1760300457
|move|p1a: Raging Bolt|Thunderclap|p2a: Cocledoodle
|-damage|p2a: Cocledoodle|39/100
|move|p2a: Cocledoodle|Hurricane|p1a: Raging Bolt
|-resisted|p1a: Raging Bolt
|-damage|p1a: Raging Bolt|0 fnt
|faint|p1a: Raging Bolt
|-end|p1a: Raging Bolt|Protosynthesis|[silent]
|
|-weather|RainDance|[upkeep]
|upkeep
|
|t:|1760300462
|switch|p1a: Cinderace|Cinderace, M|100/100
|turn|16
|
|t:|1760300473
|switch|p2a: Gono|Slowking-Galar, M|100/100
|move|p1a: Cinderace|Pyro Ball|p2a: Gono
|-damage|p2a: Gono|77/100
|
|-weather|none
|upkeep
|turn|17
|
|t:|1760300478
|move|p1a: Cinderace|U-turn|p2a: Gono
|-damage|p2a: Gono|59/100
|
|t:|1760300480
|switch|p1a: Kingambit|Kingambit, F|100/100|[from] U-turn
|-activate|p1a: Kingambit|ability: Supreme Overlord
|-start|p1a: Kingambit|fallen2|[silent]
|-item|p1a: Kingambit|Air Balloon
|-prepare|p2a: Gono|Chilly Reception|[premajor]
|move|p2a: Gono|Chilly Reception|p2a: Gono
|-weather|Snowscape
|
|t:|1760300483
|switch|p2a: Haha GGs|Pelipper, F|73/100|[from] Chilly Reception
|-weather|RainDance|[from] ability: Drizzle|[of] p2a: Haha GGs
|
|-weather|RainDance|[upkeep]
|upkeep
|turn|18
|
|t:|1760300490
|move|p1a: Kingambit|Kowtow Cleave|p2a: Haha GGs
|-damage|p2a: Haha GGs|7/100
|move|p2a: Haha GGs|U-turn|p1a: Kingambit
|-damage|p1a: Kingambit|93/100
|-enditem|p1a: Kingambit|Air Balloon
|
|t:|1760300495
|switch|p2a: What she said|Barraskewda, M|100/100|[from] U-turn
|
|-weather|RainDance|[upkeep]
|upkeep
|turn|19
|
|t:|1760300499
|move|p2a: What she said|Close Combat|p1a: Kingambit
|-supereffective|p1a: Kingambit
|-damage|p1a: Kingambit|0 fnt
|-unboost|p2a: What she said|def|1
|-unboost|p2a: What she said|spd|1
|faint|p1a: Kingambit
|-end|p1a: Kingambit|fallen2|[silent]
|
|-weather|RainDance|[upkeep]
|upkeep
|
|t:|1760300503
|switch|p1a: Rillaboom|Rillaboom, M|100/100
|-fieldstart|move: Grassy Terrain|[from] ability: Grassy Surge|[of] p1a: Rillaboom
|turn|20
|
|t:|1760300511
|switch|p2a: Cocledoodle|Tornadus-Therian, M, tera:Steel|72/100
|-terastallize|p1a: Rillaboom|Grass
|move|p1a: Rillaboom|Wood Hammer|p2a: Cocledoodle
|-resisted|p2a: Cocledoodle
|-damage|p2a: Cocledoodle|0 fnt
|faint|p2a: Cocledoodle
|-damage|p1a: Rillaboom|79/100|[from] Recoil
|
|-weather|RainDance|[upkeep]
|-heal|p1a: Rillaboom|85/100|[from] Grassy Terrain
|upkeep
|
|t:|1760300519
|switch|p2a: ENERU|Zapdos|37/100
|turn|21
|
|t:|1760300523
|switch|p1a: Cinderace|Cinderace, M|100/100
|move|p2a: ENERU|Hurricane|p1a: Cinderace
|-damage|p1a: Cinderace|34/100
|-start|p1a: Cinderace|confusion
|
|-weather|RainDance|[upkeep]
|-heal|p1a: Cinderace|40/100|[from] Grassy Terrain
|upkeep
|turn|22
|
|t:|1760300528
|-activate|p1a: Cinderace|confusion
|move|p1a: Cinderace|Pyro Ball|p2a: ENERU
|-damage|p2a: ENERU|8/100
|move|p2a: ENERU|Roost|p2a: ENERU
|-heal|p2a: ENERU|58/100
|-singleturn|p2a: ENERU|move: Roost
|
|-weather|RainDance|[upkeep]
|-heal|p1a: Cinderace|46/100|[from] Grassy Terrain
|-heal|p2a: ENERU|64/100|[from] Grassy Terrain
|upkeep
|turn|23
|
|t:|1760300532
|-activate|p1a: Cinderace|confusion
|-damage|p1a: Cinderace|34/100|[from] confusion
|move|p2a: ENERU|Roost|p2a: ENERU
|-heal|p2a: ENERU|100/100
|-singleturn|p2a: ENERU|move: Roost
|
|-weather|RainDance|[upkeep]
|-heal|p1a: Cinderace|40/100|[from] Grassy Terrain
|upkeep
|turn|24
|
|t:|1760300536
|-activate|p1a: Cinderace|confusion
|-damage|p1a: Cinderace|27/100|[from] confusion
|move|p2a: ENERU|Hurricane|p1a: Cinderace
|-damage|p1a: Cinderace|0 fnt
|faint|p1a: Cinderace
|
|-weather|none
|-fieldend|move: Grassy Terrain
|upkeep
|
|t:|1760300538
|switch|p1a: Primarina|Primarina, F|100/100
|turn|25
|
|t:|1760300541
|move|p2a: ENERU|Thunder|p1a: Primarina
|-supereffective|p1a: Primarina
|-damage|p1a: Primarina|7/100
|move|p1a: Primarina|Substitute|p1a: Primarina
|-fail|p1a: Primarina|move: Substitute|[weak]
|
|-heal|p1a: Primarina|13/100|[from] item: Leftovers
|upkeep
|turn|26
|
|t:|1760300547
|move|p2a: ENERU|U-turn|p1a: Primarina
|-resisted|p1a: Primarina
|-damage|p1a: Primarina|7/100
|
|t:|1760300553
|switch|p2a: Haha GGs|Pelipper, F|7/100|[from] U-turn
|-weather|RainDance|[from] ability: Drizzle|[of] p2a: Haha GGs
|move|p1a: Primarina|Psychic Noise|p2a: Haha GGs
|-resisted|p2a: Haha GGs
|-damage|p2a: Haha GGs|0 fnt
|faint|p2a: Haha GGs
|
|-weather|RainDance|[upkeep]
|-heal|p1a: Primarina|13/100|[from] item: Leftovers
|upkeep
|
|t:|1760300560
|switch|p2a: ENERU|Zapdos|100/100
|turn|27
|
|t:|1760300562
|move|p2a: ENERU|Hurricane|p1a: Primarina
|-damage|p1a: Primarina|0 fnt
|faint|p1a: Primarina
|
|-weather|RainDance|[upkeep]
|upkeep
|
|t:|1760300566
|switch|p1a: Rillaboom|Rillaboom, M, tera:Grass|85/100
|-fieldstart|move: Grassy Terrain|[from] ability: Grassy Surge|[of] p1a: Rillaboom
|turn|28
|
|t:|1760300571
|move|p2a: ENERU|Hurricane|p1a: Rillaboom
|-supereffective|p1a: Rillaboom
|-damage|p1a: Rillaboom|0 fnt
|faint|p1a: Rillaboom
|
|win|CjnotTj
|raw|thegoomygod's rating: 1312 &rarr; <strong>1295</strong><br />(-17 for losing)
|raw|CjnotTj's rating: 1366 &rarr; <strong>1383</strong><br />(+17 for winning)
|l|☆thegoomygod
|player|p1|
