|j|☆michaelvick420b
|j|‽xen769
|t:|1760458862
|gametype|singles
|player|p1|michaelvick420b|linebacker|1407
|player|p2|xen769|medium|1407
|gen|9
|tier|[Gen 9] OU
|rated|
|rule|HP Percentage Mod: HP is shown in percentages
|rule|Endless Battle Clause: Forcing endless battles is banned
|rule|Species Clause: Limit one of each Pokémon
|rule|OHKO Clause: OHKO moves are banned
|rule|Evasion Items Clause: Evasion items are banned
|rule|Evasion Moves Clause: Evasion moves are banned
|rule|Evasion Abilities Clause: Evasion abilities are banned
|rule|Sleep Moves Clause: Sleep-inducing moves are banned
|clearpoke
|poke|p1|Landorus-Therian, M|
|poke|p1|Gholdengo|
|poke|p1|Zamazenta-*|
|poke|p1|Ogerpon-Wellspring, F|
|poke|p1|Heatran, F|
|poke|p1|Dragonite, M|
|poke|p2|Hatterene, F|
|poke|p2|Indeedee, M|
|poke|p2|Polteageist|
|poke|p2|Drifblim, M|
|poke|p2|Iron Valiant|
|poke|p2|Cinderace, M|
|teampreview
|
|t:|1760458875
|teamsize|p1|6
|teamsize|p2|6
|start
|switch|p1a: Gholdengo|Gholdengo|100/100
|switch|p2a: Indeedee|Indeedee, M|100/100
|-fieldstart|move: Psychic Terrain|[from] ability: Psychic Surge|[of] p2a: Indeedee
|turn|1
|
|t:|1760458891
|switch|p2a: Cinderace|Cinderace, M|100/100
|move|p1a: Gholdengo|Shadow Ball|p2a: Cinderace
|-crit|p2a: Cinderace
|-damage|p2a: Cinderace|8/100
|
|upkeep
|turn|2
|
|t:|1760458899
|move|p1a: Gholdengo|Shadow Ball|p2a: Cinderace
|-damage|p2a: Cinderace|0 fnt
|faint|p2a: Cinderace
|
|upkeep
|
|t:|1760458915
|switch|p2a: Indeedee|Indeedee, M|100/100
|turn|3
|
|t:|1760458920
|move|p1a: Gholdengo|Shadow Ball|p2a: Indeedee
|-immune|p2a: Indeedee
|move|p2a: Indeedee|Expanding Force|p1a: Gholdengo
|-resisted|p1a: Gholdengo
|-damage|p1a: Gholdengo|60/100
|
|upkeep
|turn|4
|
|t:|1760458931
|switch|p1a: Heatran|Heatran, F|100/100
|move|p2a: Indeedee|Expanding Force|p1a: Heatran
|-resisted|p1a: Heatran
|-damage|p1a: Heatran|78/100
|
|-heal|p1a: Heatran|84/100|[from] item: Leftovers
|upkeep
|turn|5
|
|t:|1760458942
|switch|p2a: Drifblim|Drifblim, M|100/100
|-enditem|p2a: Drifblim|Psychic Seed
|-boost|p2a: Drifblim|spd|1|[from] item: Psychic Seed
|move|p1a: Heatran|Magma Storm|p2a: Drifblim
|-damage|p2a: Drifblim|76/100
|-activate|p2a: Drifblim|move: Magma Storm|[of] p1a: Heatran
|
|-heal|p1a: Heatran|90/100|[from] item: Leftovers
|-damage|p2a: Drifblim|63/100|[from] move: Magma Storm|[partiallytrapped]
|upkeep
|turn|6
|
|t:|1760458961
|move|p1a: Heatran|Protect|p1a: Heatran
|-singleturn|p1a: Heatran|Protect
|move|p2a: Drifblim|Calm Mind|p2a: Drifblim
|-boost|p2a: Drifblim|spa|1
|-boost|p2a: Drifblim|spd|1
|
|-heal|p1a: Heatran|96/100|[from] item: Leftovers
|-damage|p2a: Drifblim|51/100|[from] move: Magma Storm|[partiallytrapped]
|upkeep
|turn|7
|
|t:|1760458984
|move|p2a: Drifblim|Calm Mind|p2a: Drifblim
|-boost|p2a: Drifblim|spa|1
|-boost|p2a: Drifblim|spd|1
|move|p1a: Heatran|Flash Cannon|p2a: Drifblim
|-damage|p2a: Drifblim|39/100
|
|-heal|p1a: Heatran|100/100|[from] item: Leftovers
|-damage|p2a: Drifblim|27/100|[from] move: Magma Storm|[partiallytrapped]
|upkeep
|turn|8
|
|t:|1760458994
|move|p2a: Drifblim|Strength Sap|p1a: Heatran
|-unboost|p1a: Heatran|atk|1
|-heal|p2a: Drifblim|64/100
|move|p1a: Heatran|Flash Cannon|p2a: Drifblim
|-damage|p2a: Drifblim|51/100
|
|-damage|p2a: Drifblim|39/100|[from] move: Magma Storm|[partiallytrapped]
|-fieldend|move: Psychic Terrain
|upkeep
|turn|9
|
|t:|1760459008
|move|p2a: Drifblim|Hex|p1a: Heatran
|-damage|p1a: Heatran|66/100
|move|p1a: Heatran|Magma Storm|p2a: Drifblim
|-damage|p2a: Drifblim|24/100
|
|-heal|p1a: Heatran|72/100|[from] item: Leftovers
|-damage|p2a: Drifblim|11/100|[from] move: Magma Storm|[partiallytrapped]
|upkeep
|turn|10
|
|t:|1760459019
|move|p1a: Heatran|Protect|p1a: Heatran
|-singleturn|p1a: Heatran|Protect
|move|p2a: Drifblim|Strength Sap|p1a: Heatran
|-activate|p1a: Heatran|move: Protect
|
|-heal|p1a: Heatran|78/100|[from] item: Leftovers
|-end|p2a: Drifblim|Magma Storm|[partiallytrapped]
|upkeep
|turn|11
|l|‽xen769
|player|p2|
|inactive|Battle timer is ON: inactive players will automatically lose when time's up. (requested by michaelvick420b)
|inactive|xen769 has 30 seconds to reconnect!
|inactive|xen769 has 20 seconds to reconnect!
|inactive|xen769 has 15 seconds to reconnect!
|inactive|xen769 has 10 seconds to reconnect!
|inactive|xen769 has 5 seconds to reconnect!
|-message|xen769 lost due to inactivity.
|
|win|michaelvick420b
|raw|michaelvick420b's rating: 1407 &rarr; <strong>1427</strong><br />(+20 for winning)
|raw|xen769's rating: 1407 &rarr; <strong>1387</strong><br />(-20 for losing)
|l|☆michaelvick420b
|player|p1|
