|j|☆wgy191919
|j|☆Spyro190 testing
|t:|1760363215
|gametype|singles
|player|p1|wgy191919|2|1574
|player|p2|Spyro190 testing|bugcatcher-gen4dp|1585
|gen|9
|tier|[Gen 9] OU
|rated|
|rule|HP Percentage Mod: HP is shown in percentages
|rule|Endless Battle Clause: Forcing endless battles is banned
|rule|Species Clause: Limit one of each Pokémon
|rule|OHKO Clause: OHKO moves are banned
|rule|Evasion Items Clause: Evasion items are banned
|rule|Evasion Moves Clause: Evasion moves are banned
|rule|Evasion Abilities Clause: Evasion abilities are banned
|rule|Sleep Moves Clause: Sleep-inducing moves are banned
|clearpoke
|poke|p1|Dragonite, M|
|poke|p1|Hatterene, F|
|poke|p1|Kyurem|
|poke|p1|Ting-Lu|
|poke|p1|Gengar, M|
|poke|p1|Volcanion|
|poke|p2|Enamorus, F|
|poke|p2|Slowking-Galar, F|
|poke|p2|Cinderace, F|
|poke|p2|Alomomola, F|
|poke|p2|Lokix, M|
|poke|p2|Great Tusk|
|teampreview
|inactive|Battle timer is ON: inactive players will automatically lose when time's up. (requested by wgy191919)
|
|t:|1760363222
|teamsize|p1|6
|teamsize|p2|6
|start
|switch|p1a: Kyurem|Kyurem|100/100
|switch|p2a: Cinderace|Cinderace, F|100/100
|-ability|p1a: Kyurem|Pressure
|turn|1
|
|t:|1760363231
|switch|p1a: Volcanion|Volcanion|100/100
|move|p2a: Cinderace|Will-O-Wisp|p1a: Volcanion
|-immune|p1a: Volcanion
|
|upkeep
|turn|2
|
|t:|1760363234
|move|p2a: Cinderace|U-turn|p1a: Volcanion
|-resisted|p1a: Volcanion
|-damage|p1a: Volcanion|95/100
|
|t:|1760363237
|switch|p2a: Alomomola|Alomomola, F|100/100|[from] U-turn
|move|p1a: Volcanion|Steam Eruption|p2a: Alomomola
|-resisted|p2a: Alomomola
|-damage|p2a: Alomomola|88/100
|
|upkeep
|turn|3
|
|t:|1760363250
|move|p1a: Volcanion|Earth Power|p2a: Alomomola
|-damage|p2a: Alomomola|75/100
|move|p2a: Alomomola|Flip Turn|p1a: Volcanion
|-heal|p1a: Volcanion|100/100|[from] ability: Water Absorb|[of] p2a: Alomomola
|
|upkeep
|turn|4
|
|t:|1760363257
|move|p1a: Volcanion|Earth Power|p2a: Alomomola
|-damage|p2a: Alomomola|63/100
|-unboost|p2a: Alomomola|spd|1
|move|p2a: Alomomola|Body Slam|p1a: Volcanion
|-damage|p1a: Volcanion|91/100
|
|upkeep
|turn|5
|
|t:|1760363263
|move|p1a: Volcanion|Flamethrower|p2a: Alomomola
|-resisted|p2a: Alomomola
|-damage|p2a: Alomomola|49/100
|-status|p2a: Alomomola|brn
|move|p2a: Alomomola|Mirror Coat|p1a: Volcanion
|-damage|p1a: Volcanion|51/100
|
|-damage|p2a: Alomomola|43/100 brn|[from] brn
|upkeep
|turn|6
|
|t:|1760363269
|switch|p2a: Slowking|Slowking-Galar, F|100/100
|move|p1a: Volcanion|Earth Power|p2a: Slowking
|-supereffective|p2a: Slowking
|-enditem|p2a: Slowking|Shuca Berry|[eat]
|-enditem|p2a: Slowking|Shuca Berry|[weaken]
|-damage|p2a: Slowking|81/100
|
|upkeep
|turn|7
|
|t:|1760363276
|switch|p2a: Enamorus|Enamorus, F|100/100
|move|p1a: Volcanion|Earth Power|p2a: Enamorus
|-immune|p2a: Enamorus
|
|upkeep
|turn|8
|
|t:|1760363282
|switch|p1a: Ting-Lu|Ting-Lu|100/100
|-ability|p1a: Ting-Lu|Vessel of Ruin
|move|p2a: Enamorus|Earth Power|p1a: Ting-Lu
|-damage|p1a: Ting-Lu|84/100
|
|-heal|p1a: Ting-Lu|90/100|[from] item: Leftovers
|upkeep
|turn|9
|
|t:|1760363286
|switch|p2a: Lokix|Lokix, M|100/100
|move|p1a: Ting-Lu|Stealth Rock|p2a: Lokix
|-sidestart|p2: Spyro190 testing|move: Stealth Rock
|
|-heal|p1a: Ting-Lu|96/100|[from] item: Leftovers
|upkeep
|turn|10
|
|t:|1760363295
|switch|p1a: Volcanion|Volcanion|51/100
|-terastallize|p2a: Lokix|Bug
|move|p2a: Lokix|Leech Life|p1a: Volcanion
|-resisted|p1a: Volcanion
|-damage|p1a: Volcanion|7/100
|
|upkeep
|turn|11
|
|t:|1760363300
|move|p2a: Lokix|Leech Life|p1a: Volcanion
|-resisted|p1a: Volcanion
|-damage|p1a: Volcanion|0 fnt
|faint|p1a: Volcanion
|
|upkeep
|
|t:|1760363305
|switch|p1a: Kyurem|Kyurem|100/100
|-ability|p1a: Kyurem|Pressure
|turn|12
|
|t:|1760363317
|switch|p2a: Slowking|Slowking-Galar, F|100/100
|-damage|p2a: Slowking|88/100|[from] Stealth Rock
|move|p1a: Kyurem|Ice Beam|p2a: Slowking
|-damage|p2a: Slowking|29/100
|
|upkeep
|turn|13
|
|t:|1760363324
|switch|p2a: Alomomola|Alomomola, F|77/100 brn
|-damage|p2a: Alomomola|64/100 brn|[from] Stealth Rock
|move|p1a: Kyurem|Ice Beam|p2a: Alomomola
|-resisted|p2a: Alomomola
|-damage|p2a: Alomomola|47/100 brn
|
|-damage|p2a: Alomomola|41/100 brn|[from] brn
|upkeep
|turn|14
|
|t:|1760363332
|switch|p1a: Ting-Lu|Ting-Lu|96/100
|-ability|p1a: Ting-Lu|Vessel of Ruin
|move|p2a: Alomomola|Flip Turn|p1a: Ting-Lu
|-supereffective|p1a: Ting-Lu
|-damage|p1a: Ting-Lu|87/100
|
|t:|1760363335
|switch|p2a: Lokix|Lokix, M, tera:Bug|100/100|[from] Flip Turn
|-damage|p2a: Lokix|76/100|[from] Stealth Rock
|
|-heal|p1a: Ting-Lu|94/100|[from] item: Leftovers
|upkeep
|turn|15
|
|t:|1760363346
|switch|p1a: Dragonite|Dragonite, M|100/100
|move|p2a: Lokix|Leech Life|p1a: Dragonite
|-resisted|p1a: Dragonite
|-damage|p1a: Dragonite|65/100
|-heal|p2a: Lokix|98/100|[from] drain|[of] p1a: Dragonite
|
|upkeep
|turn|16
|
|t:|1760363355
|move|p2a: Lokix|Leech Life|p1a: Dragonite
|-resisted|p1a: Dragonite
|-damage|p1a: Dragonite|0 fnt
|-heal|p2a: Lokix|100/100|[from] drain|[of] p1a: Dragonite
|faint|p1a: Dragonite
|
|upkeep
|
|t:|1760363366
|switch|p1a: Kyurem|Kyurem|100/100
|-ability|p1a: Kyurem|Pressure
|turn|17
|
|t:|1760363370
|switch|p2a: Alomomola|Alomomola, F|74/100 brn
|-damage|p2a: Alomomola|62/100 brn|[from] Stealth Rock
|move|p1a: Kyurem|Ice Beam|p2a: Alomomola
|-resisted|p2a: Alomomola
|-damage|p2a: Alomomola|45/100 brn
|
|-damage|p2a: Alomomola|39/100 brn|[from] brn
|upkeep
|turn|18
|
|t:|1760363376
|move|p1a: Kyurem|Ice Beam|p2a: Alomomola
|-resisted|p2a: Alomomola
|-damage|p2a: Alomomola|22/100 brn
|move|p2a: Alomomola|Flip Turn|p1a: Kyurem
|-resisted|p1a: Kyurem
|-damage|p1a: Kyurem|97/100
|
|t:|1760363386
|switch|p2a: Cinderace|Cinderace, F|100/100|[from] Flip Turn
|
|upkeep
|turn|19
|
|t:|1760363390
|switch|p1a: Ting-Lu|Ting-Lu|94/100
|-ability|p1a: Ting-Lu|Vessel of Ruin
|move|p2a: Cinderace|Court Change|p2a: Cinderace
|-swapsideconditions
|-activate|p2a: Cinderace|move: Court Change
|
|-heal|p1a: Ting-Lu|99/100|[from] item: Leftovers
|upkeep
|turn|20
|
|t:|1760363397
|move|p2a: Cinderace|U-turn|p1a: Ting-Lu
|-supereffective|p1a: Ting-Lu
|-damage|p1a: Ting-Lu|82/100
|
|t:|1760363400
|switch|p2a: Lokix|Lokix, M, tera:Bug|100/100|[from] U-turn
|move|p1a: Ting-Lu|Stealth Rock|p2a: Lokix
|-sidestart|p2: Spyro190 testing|move: Stealth Rock
|
|-heal|p1a: Ting-Lu|88/100|[from] item: Leftovers
|upkeep
|turn|21
|
|t:|1760363429
|switch|p1a: Gengar|Gengar, M|100/100
|-damage|p1a: Gengar|88/100|[from] Stealth Rock
|move|p2a: Lokix|U-turn|p1a: Gengar
|-resisted|p1a: Gengar
|-crit|p1a: Gengar
|-damage|p1a: Gengar|0 fnt
|faint|p1a: Gengar
|
|t:|1760363437
|switch|p2a: Alomomola|Alomomola, F|55/100 brn|[from] U-turn
|-damage|p2a: Alomomola|43/100 brn|[from] Stealth Rock
|
|-damage|p2a: Alomomola|36/100 brn|[from] brn
|upkeep
|
|t:|1760363440
|switch|p1a: Kyurem|Kyurem|97/100
|-damage|p1a: Kyurem|72/100|[from] Stealth Rock
|-ability|p1a: Kyurem|Pressure
|turn|22
|
|t:|1760363449
|move|p2a: Alomomola|Aqua Jet|p1a: Kyurem
|-resisted|p1a: Kyurem
|-damage|p1a: Kyurem|70/100
|move|p1a: Kyurem|Freeze-Dry|p2a: Alomomola
|-supereffective|p2a: Alomomola
|-damage|p2a: Alomomola|0 fnt
|faint|p2a: Alomomola
|
|upkeep
|
|t:|1760363459
|switch|p2a: Enamorus|Enamorus, F|100/100
|-damage|p2a: Enamorus|76/100|[from] Stealth Rock
|turn|23
|
|t:|1760363462
|-terastallize|p1a: Kyurem|Ground
|move|p2a: Enamorus|Moonblast|p1a: Kyurem
|-crit|p1a: Kyurem
|-damage|p1a: Kyurem|0 fnt
|faint|p1a: Kyurem
|
|upkeep
|-message|wgy191919 forfeited.
|
|win|Spyro190 testing
|raw|wgy191919's rating: 1574 &rarr; <strong>1555</strong><br />(-19 for losing)
|raw|Spyro190 testing's rating: 1585 &rarr; <strong>1604</strong><br />(+19 for winning)
|l|☆wgy191919
|player|p1|
