|j|☆tcloud
|j|☆groovythunder
|t:|1760453169
|gametype|singles
|player|p1|tcloud|fisherman-gen4|1557
|player|p2|groovythunder|102|1582
|gen|9
|tier|[Gen 9] OU
|rated|
|rule|HP Percentage Mod: HP is shown in percentages
|rule|Endless Battle Clause: Forcing endless battles is banned
|rule|Species Clause: Limit one of each Pokémon
|rule|OHKO Clause: OHKO moves are banned
|rule|Evasion Items Clause: Evasion items are banned
|rule|Evasion Moves Clause: Evasion moves are banned
|rule|Evasion Abilities Clause: Evasion abilities are banned
|rule|Sleep Moves Clause: Sleep-inducing moves are banned
|clearpoke
|poke|p1|Kingambit, M|
|poke|p1|Grimmsnarl, M|
|poke|p1|Slowbro-Galar, M|
|poke|p1|Hatterene, F|
|poke|p1|Enamorus-Therian, F|
|poke|p1|Ursaluna, F|
|poke|p2|Ninetales, F|
|poke|p2|Great Tusk|
|poke|p2|Heatran, M|
|poke|p2|Walking Wake|
|poke|p2|Raging Bolt|
|poke|p2|Sinistcha|
|teampreview
|
|t:|1760453184
|teamsize|p1|6
|teamsize|p2|6
|start
|switch|p1a: Krampus|Grimmsnarl, M|100/100
|switch|p2a: Heatran|Heatran, M|100/100
|turn|1
|
|t:|1760453187
|move|p1a: Krampus|Taunt|p2a: Heatran
|-start|p2a: Heatran|move: Taunt
|cant|p2a: Heatran|move: Taunt|Taunt
|
|upkeep
|turn|2
|
|t:|1760453192
|move|p1a: Krampus|Light Screen|p1a: Krampus
|-sidestart|p1: tcloud|move: Light Screen
|move|p2a: Heatran|Flash Cannon|p1a: Krampus
|-supereffective|p1a: Krampus
|-damage|p1a: Krampus|64/100
|
|upkeep
|turn|3
|
|t:|1760453194
|move|p1a: Krampus|Reflect|p1a: Krampus
|-sidestart|p1: tcloud|Reflect
|move|p2a: Heatran|Magma Storm|p1a: Krampus
|-damage|p1a: Krampus|41/100
|-activate|p1a: Krampus|move: Magma Storm|[of] p2a: Heatran
|
|-damage|p1a: Krampus|28/100|[from] move: Magma Storm|[partiallytrapped]
|-end|p2a: Heatran|move: Taunt
|upkeep
|turn|4
|
|t:|1760453202
|move|p1a: Krampus|Taunt|p2a: Heatran
|-start|p2a: Heatran|move: Taunt
|move|p2a: Heatran|Flash Cannon|p1a: Krampus
|-supereffective|p1a: Krampus
|-damage|p1a: Krampus|0 fnt
|faint|p1a: Krampus
|
|upkeep
|
|t:|1760453208
|switch|p1a: Beary Allen|Ursaluna, F|100/100
|turn|5
|
|t:|1760453210
|switch|p2a: Sinistcha|Sinistcha|100/100
|move|p1a: Beary Allen|Swords Dance|p1a: Beary Allen
|-boost|p1a: Beary Allen|atk|2
|
|upkeep
|turn|6
|
|t:|1760453213
|move|p2a: Sinistcha|Matcha Gotcha|p1a: Beary Allen
|-supereffective|p1a: Beary Allen
|-damage|p1a: Beary Allen|75/100
|move|p1a: Beary Allen|Fire Punch|p2a: Sinistcha
|-supereffective|p2a: Sinistcha
|-damage|p2a: Sinistcha|60/100
|
|-heal|p2a: Sinistcha|66/100|[from] item: Leftovers
|upkeep
|turn|7
|-activate|p1a: Beary Allen|item: Quick Claw
|
|t:|1760453229
|move|p1a: Beary Allen|Fire Punch|p2a: Sinistcha
|-supereffective|p2a: Sinistcha
|-damage|p2a: Sinistcha|23/100
|move|p2a: Sinistcha|Strength Sap|p1a: Beary Allen
|-unboost|p1a: Beary Allen|atk|1
|-heal|p2a: Sinistcha|100/100
|
|upkeep
|turn|8
|
|t:|1760453234
|switch|p1a: Coat Rack|Hatterene, F|100/100
|move|p2a: Sinistcha|Matcha Gotcha|p1a: Coat Rack
|-damage|p1a: Coat Rack|83/100
|
|upkeep
|turn|9
|-activate|p1a: Coat Rack|item: Quick Claw
|
|t:|1760453238
|switch|p2a: Heatran|Heatran, M|100/100
|move|p1a: Coat Rack|Calm Mind|p1a: Coat Rack
|-boost|p1a: Coat Rack|spa|1
|-boost|p1a: Coat Rack|spd|1
|
|-sideend|p1: tcloud|move: Light Screen
|upkeep
|turn|10
|
|t:|1760453252
|switch|p1a: Beary Allen|Ursaluna, F|75/100
|move|p2a: Heatran|Magma Storm|p1a: Beary Allen
|-damage|p1a: Beary Allen|43/100
|-activate|p1a: Beary Allen|move: Magma Storm|[of] p2a: Heatran
|
|-damage|p1a: Beary Allen|31/100|[from] move: Magma Storm|[partiallytrapped]
|-sideend|p1: tcloud|Reflect
|upkeep
|turn|11
|-activate|p1a: Beary Allen|item: Quick Claw
|
|t:|1760453256
|switch|p2a: Sinistcha|Sinistcha|100/100
|move|p1a: Beary Allen|Headlong Rush|p2a: Sinistcha
|-resisted|p2a: Sinistcha
|-damage|p2a: Sinistcha|75/100
|-unboost|p1a: Beary Allen|def|1
|-unboost|p1a: Beary Allen|spd|1
|
|-heal|p2a: Sinistcha|81/100|[from] item: Leftovers
|-end|p1a: Beary Allen|Magma Storm|[partiallytrapped]|[silent]
|upkeep
|turn|12
|
|t:|1760453259
|move|p2a: Sinistcha|Matcha Gotcha|p1a: Beary Allen|[miss]
|-miss|p2a: Sinistcha|p1a: Beary Allen
|move|p1a: Beary Allen|Fire Punch|p2a: Sinistcha
|-supereffective|p2a: Sinistcha
|-damage|p2a: Sinistcha|58/100
|
|-heal|p2a: Sinistcha|64/100|[from] item: Leftovers
|upkeep
|turn|13
|
|t:|1760453262
|switch|p1a: Coat Rack|Hatterene, F|83/100
|move|p2a: Sinistcha|Matcha Gotcha|p1a: Coat Rack
|-damage|p1a: Coat Rack|47/100
|-heal|p2a: Sinistcha|80/100|[from] drain|[of] p1a: Coat Rack
|
|-heal|p2a: Sinistcha|86/100|[from] item: Leftovers
|upkeep
|turn|14
|
|t:|1760453267
|switch|p2a: Heatran|Heatran, M|100/100
|move|p1a: Coat Rack|Draining Kiss|p2a: Heatran
|-resisted|p2a: Heatran
|-damage|p2a: Heatran|97/100
|-heal|p1a: Coat Rack|50/100|[from] drain|[of] p2a: Heatran
|
|-heal|p2a: Heatran|100/100|[from] item: Leftovers
|upkeep
|turn|15
|
|t:|1760453269
|switch|p1a: Beary Allen|Ursaluna, F|31/100
|move|p2a: Heatran|Flash Cannon|p1a: Beary Allen
|-damage|p1a: Beary Allen|2/100
|
|upkeep
|turn|16
|
|t:|1760453273
|switch|p2a: Sinistcha|Sinistcha|86/100
|move|p1a: Beary Allen|Headlong Rush|p2a: Sinistcha
|-resisted|p2a: Sinistcha
|-damage|p2a: Sinistcha|60/100
|-unboost|p1a: Beary Allen|def|1
|-unboost|p1a: Beary Allen|spd|1
|
|-heal|p2a: Sinistcha|66/100|[from] item: Leftovers
|upkeep
|turn|17
|
|t:|1760453276
|move|p2a: Sinistcha|Strength Sap|p1a: Beary Allen
|-unboost|p1a: Beary Allen|atk|1
|-heal|p2a: Sinistcha|100/100
|move|p1a: Beary Allen|Fire Punch|p2a: Sinistcha
|-supereffective|p2a: Sinistcha
|-damage|p2a: Sinistcha|87/100
|
|-heal|p2a: Sinistcha|93/100|[from] item: Leftovers
|upkeep
|turn|18
|
|t:|1760453279
|move|p2a: Sinistcha|Matcha Gotcha|p1a: Beary Allen
|-supereffective|p1a: Beary Allen
|-damage|p1a: Beary Allen|0 fnt
|-heal|p2a: Sinistcha|94/100|[from] drain|[of] p1a: Beary Allen
|faint|p1a: Beary Allen
|
|-heal|p2a: Sinistcha|100/100|[from] item: Leftovers
|upkeep
|
|t:|1760453284
|switch|p1a: Mr. Hands|Slowbro-Galar, M|100/100
|turn|19
|
|t:|1760453286
|switch|p2a: Heatran|Heatran, M|100/100
|move|p1a: Mr. Hands|Belly Drum|p1a: Mr. Hands
|-damage|p1a: Mr. Hands|51/100
|-setboost|p1a: Mr. Hands|atk|6|[from] move: Belly Drum
|
|upkeep
|turn|20
|
|t:|1760453293
|move|p2a: Heatran|Magma Storm|p1a: Mr. Hands
|-damage|p1a: Mr. Hands|0 fnt
|faint|p1a: Mr. Hands
|
|upkeep
|-message|tcloud forfeited.
|
|win|groovythunder
|raw|tcloud's rating: 1557 &rarr; <strong>1538</strong><br />(-19 for losing)
|raw|groovythunder's rating: 1582 &rarr; <strong>1601</strong><br />(+19 for winning)
|l|☆tcloud
|player|p1|
|l|☆groovythunder
|player|p2|
