|j|☆sappaling
|j|☆101st Account
|t:|1760416168
|gametype|singles
|player|p1|sappaling|unknown|1229
|player|p2|101st Account|ethan|1242
|gen|9
|tier|[Gen 9] OU
|rated|
|rule|HP Percentage Mod: HP is shown in percentages
|rule|Endless Battle Clause: Forcing endless battles is banned
|rule|Species Clause: Limit one of each Pokémon
|rule|OHKO Clause: OHKO moves are banned
|rule|Evasion Items Clause: Evasion items are banned
|rule|Evasion Moves Clause: Evasion moves are banned
|rule|Evasion Abilities Clause: Evasion abilities are banned
|rule|Sleep Moves Clause: Sleep-inducing moves are banned
|clearpoke
|poke|p1|Samurott-Hisui, F|
|poke|p1|Ninetales-Alola, M|
|poke|p1|Zoroark-Hisui, M|
|poke|p1|Kommo-o, F|
|poke|p1|Clodsire, F|
|poke|p1|Skeledirge, F|
|poke|p2|Serperior, M|
|poke|p2|Jirachi|
|poke|p2|Darkrai|
|poke|p2|Slowking-Galar, M|
|poke|p2|Latios, M|
|poke|p2|Iron Valiant|
|teampreview
|inactive|Battle timer is ON: inactive players will automatically lose when time's up. (requested by sappaling)
|inactive|101st Account has 120 seconds left.
|
|t:|1760416204
|teamsize|p1|6
|teamsize|p2|6
|start
|switch|p1a: Samurott|Samurott-Hisui, F|100/100
|switch|p2a: Serperior|Serperior, M|100/100
|turn|1
|
|t:|1760416215
|move|p2a: Serperior|Leaf Storm|p1a: Samurott
|-damage|p1a: Samurott|12/100
|-boost|p2a: Serperior|spa|2
|replace|p1a: Zoroark|Zoroark-Hisui, M
|-end|p1a: Zoroark|Illusion
|move|p1a: Zoroark|Flamethrower|p2a: Serperior
|-supereffective|p2a: Serperior
|-damage|p2a: Serperior|0 fnt
|faint|p2a: Serperior
|-damage|p1a: Zoroark|2/100|[from] item: Life Orb
|
|upkeep
|
|t:|1760416221
|switch|p2a: Jirachi|Jirachi|100/100
|turn|2
|
|t:|1760416226
|move|p2a: Jirachi|U-turn|p1a: Zoroark
|-resisted|p1a: Zoroark
|-damage|p1a: Zoroark|0 fnt
|faint|p1a: Zoroark
|
|t:|1760416230
|switch|p2a: Latios|Latios, M|100/100|[from] U-turn
|
|upkeep
|
|t:|1760416241
|switch|p1a: Samurott|Samurott-Hisui, F|100/100
|turn|3
|inactive|101st Account has 120 seconds left.
|
|t:|1760416284
|move|p2a: Latios|Draco Meteor|p1a: Samurott
|-damage|p1a: Samurott|17/100
|-unboost|p2a: Latios|spa|2
|move|p1a: Samurott|Ceaseless Edge|p2a: Latios
|-supereffective|p2a: Latios
|-crit|p2a: Latios
|-damage|p2a: Latios|0 fnt
|-sidestart|p2: 101st Account|Spikes
|faint|p2a: Latios
|
|upkeep
|
|t:|1760416289
|switch|p2a: Jirachi|Jirachi|100/100
|-damage|p2a: Jirachi|88/100|[from] Spikes
|turn|4
|
|t:|1760416302
|switch|p1a: Skeledirge|Skeledirge, F|100/100
|move|p2a: Jirachi|U-turn|p1a: Skeledirge
|-resisted|p1a: Skeledirge
|-damage|p1a: Skeledirge|98/100
|inactive|101st Account has 120 seconds left.
|
|t:|1760416314
|switch|p2a: Darkrai|Darkrai|100/100|[from] U-turn
|
|upkeep
|turn|5
|
|t:|1760416320
|-terastallize|p1a: Skeledirge|Water
|move|p2a: Darkrai|Knock Off|p1a: Skeledirge
|-damage|p1a: Skeledirge|81/100
|-enditem|p1a: Skeledirge|Heavy-Duty Boots|[from] move: Knock Off|[of] p2a: Darkrai
|move|p1a: Skeledirge|Torch Song|p2a: Darkrai
|-damage|p2a: Darkrai|60/100
|-boost|p1a: Skeledirge|spa|1
|
|upkeep
|turn|6
|
|t:|1760416329
|move|p2a: Darkrai|Sludge Bomb|p1a: Skeledirge
|-damage|p1a: Skeledirge|45/100
|move|p1a: Skeledirge|Torch Song|p2a: Darkrai
|-damage|p2a: Darkrai|2/100
|-boost|p1a: Skeledirge|spa|1
|
|upkeep
|turn|7
|
|t:|1760416333
|move|p2a: Darkrai|Sludge Bomb|p1a: Skeledirge
|-damage|p1a: Skeledirge|11/100
|move|p1a: Skeledirge|Slack Off|p1a: Skeledirge
|-heal|p1a: Skeledirge|61/100
|
|upkeep
|turn|8
|inactive|101st Account has 120 seconds left.
|
|t:|1760416381
|move|p2a: Darkrai|Sludge Bomb|p1a: Skeledirge
|-damage|p1a: Skeledirge|27/100
|-status|p1a: Skeledirge|psn
|move|p1a: Skeledirge|Slack Off|p1a: Skeledirge
|-heal|p1a: Skeledirge|77/100 psn
|
|-damage|p1a: Skeledirge|65/100 psn|[from] psn
|upkeep
|turn|9
|inactive|sappaling has 120 seconds left.
|
|t:|1760416421
|move|p2a: Darkrai|Dark Pulse|p1a: Skeledirge
|-damage|p1a: Skeledirge|24/100 psn
|move|p1a: Skeledirge|Torch Song|p2a: Darkrai
|-damage|p2a: Darkrai|0 fnt
|-boost|p1a: Skeledirge|spa|1
|faint|p2a: Darkrai
|
|-damage|p1a: Skeledirge|11/100 psn|[from] psn
|upkeep
|
|t:|1760416429
|switch|p2a: Jirachi|Jirachi|88/100
|-damage|p2a: Jirachi|76/100|[from] Spikes
|turn|10
|
|t:|1760416433
|move|p2a: Jirachi|Iron Head|p1a: Skeledirge
|-resisted|p1a: Skeledirge
|-damage|p1a: Skeledirge|1/100 psn
|cant|p1a: Skeledirge|flinch
|
|-damage|p1a: Skeledirge|0 fnt|[from] psn
|faint|p1a: Skeledirge
|upkeep
|
|t:|1760416440
|switch|p1a: Samurott|Samurott-Hisui, F|17/100
|turn|11
|
|t:|1760416442
|move|p1a: Samurott|Aqua Jet|p2a: Jirachi
|-damage|p2a: Jirachi|57/100
|move|p2a: Jirachi|Iron Head|p1a: Samurott
|-resisted|p1a: Samurott
|-damage|p1a: Samurott|0 fnt
|faint|p1a: Samurott
|
|upkeep
|
|t:|1760416450
|switch|p1a: Kommo-o|Kommo-o, F|100/100
|turn|12
|
|t:|1760416455
|switch|p2a: Iron Valiant|Iron Valiant|100/100
|-damage|p2a: Iron Valiant|88/100|[from] Spikes
|-enditem|p2a: Iron Valiant|Booster Energy
|-activate|p2a: Iron Valiant|ability: Quark Drive|[fromitem]
|-start|p2a: Iron Valiant|quarkdrivespe
|move|p1a: Kommo-o|Clangorous Soul|p1a: Kommo-o
|-boost|p1a: Kommo-o|atk|1
|-boost|p1a: Kommo-o|def|1
|-boost|p1a: Kommo-o|spa|1
|-boost|p1a: Kommo-o|spd|1
|-boost|p1a: Kommo-o|spe|1
|-damage|p1a: Kommo-o|68/100
|
|-heal|p1a: Kommo-o|74/100|[from] item: Leftovers
|upkeep
|turn|13
|
|t:|1760416459
|move|p2a: Iron Valiant|Encore|p1a: Kommo-o
|-start|p1a: Kommo-o|Encore
|move|p1a: Kommo-o|Clangorous Soul|p1a: Kommo-o
|-boost|p1a: Kommo-o|atk|1
|-boost|p1a: Kommo-o|def|1
|-boost|p1a: Kommo-o|spa|1
|-boost|p1a: Kommo-o|spd|1
|-boost|p1a: Kommo-o|spe|1
|-damage|p1a: Kommo-o|41/100
|
|-heal|p1a: Kommo-o|47/100|[from] item: Leftovers
|upkeep
|turn|14
|
|t:|1760416466
|switch|p1a: Clodsire|Clodsire, F|100/100
|move|p2a: Iron Valiant|Moonblast|p1a: Clodsire
|-resisted|p1a: Clodsire
|-damage|p1a: Clodsire|89/100
|
|-heal|p1a: Clodsire|95/100|[from] item: Black Sludge
|upkeep
|turn|15
|
|t:|1760416473
|-end|p2a: Iron Valiant|Quark Drive|[silent]
|switch|p2a: Slowking|Slowking-Galar, M|100/100
|move|p1a: Clodsire|Earthquake|p2a: Slowking
|-supereffective|p2a: Slowking
|-damage|p2a: Slowking|48/100
|
|-heal|p1a: Clodsire|100/100|[from] item: Black Sludge
|upkeep
|turn|16
|
|t:|1760416479
|-terastallize|p2a: Slowking|Water
|move|p1a: Clodsire|Earthquake|p2a: Slowking
|-damage|p2a: Slowking|19/100
|move|p2a: Slowking|Future Sight|p1a: Clodsire
|-start|p2a: Slowking|move: Future Sight
|
|upkeep
|turn|17
|
|t:|1760416489
|switch|p1a: Kommo-o|Kommo-o, F|47/100
|switch|p2a: Iron Valiant|Iron Valiant|88/100
|-damage|p2a: Iron Valiant|76/100|[from] Spikes
|
|-heal|p1a: Kommo-o|53/100|[from] item: Leftovers
|upkeep
|turn|18
|
|t:|1760416494
|move|p2a: Iron Valiant|Shadow Ball|p1a: Kommo-o
|-immune|p1a: Kommo-o|[from] ability: Bulletproof
|move|p1a: Kommo-o|Flash Cannon|p2a: Iron Valiant
|-supereffective|p2a: Iron Valiant
|-damage|p2a: Iron Valiant|0 fnt
|faint|p2a: Iron Valiant
|-end|p2a: Iron Valiant|Quark Drive|[silent]
|
|-end|p1a: Kommo-o|move: Future Sight
|-supereffective|p1a: Kommo-o
|-damage|p1a: Kommo-o|0 fnt
|faint|p1a: Kommo-o
|upkeep
|
|t:|1760416507
|switch|p2a: Slowking|Slowking-Galar, M, tera:Water|53/100
|switch|p1a: Ninetales|Ninetales-Alola, M|100/100
|-weather|Snowscape|[from] ability: Snow Warning|[of] p1a: Ninetales
|turn|19
|
|t:|1760416511
|move|p1a: Ninetales|Aurora Veil|p1a: Ninetales
|-sidestart|p1: sappaling|move: Aurora Veil
|move|p2a: Slowking|Thunder Wave|p1a: Ninetales
|-status|p1a: Ninetales|par
|
|-weather|Snowscape|[upkeep]
|upkeep
|turn|20
|
|t:|1760416517
|move|p1a: Ninetales|Moonblast|p2a: Slowking
|-damage|p2a: Slowking|30/100
|-unboost|p2a: Slowking|spa|1
|move|p2a: Slowking|Future Sight|p1a: Ninetales
|-start|p2a: Slowking|move: Future Sight
|
|-weather|Snowscape|[upkeep]
|upkeep
|turn|21
|
|t:|1760416523
|move|p1a: Ninetales|Moonblast|p2a: Slowking
|-damage|p2a: Slowking|8/100
|move|p2a: Slowking|Sludge Bomb|p1a: Ninetales
|-supereffective|p1a: Ninetales
|-damage|p1a: Ninetales|75/100 par
|
|-weather|Snowscape|[upkeep]
|upkeep
|turn|22
|
|t:|1760416528
|cant|p1a: Ninetales|par
|move|p2a: Slowking|Sludge Bomb|p1a: Ninetales
|-supereffective|p1a: Ninetales
|-damage|p1a: Ninetales|49/100 par
|
|-weather|Snowscape|[upkeep]
|-end|p1a: Ninetales|move: Future Sight
|-damage|p1a: Ninetales|32/100 par
|upkeep
|turn|23
|
|t:|1760416531
|move|p1a: Ninetales|Moonblast|p2a: Slowking
|-damage|p2a: Slowking|0 fnt
|faint|p2a: Slowking
|
|-weather|none
|-sideend|p1: sappaling|move: Aurora Veil
|upkeep
|
|t:|1760416532
|switch|p2a: Jirachi|Jirachi|57/100
|-damage|p2a: Jirachi|45/100|[from] Spikes
|turn|24
|
|t:|1760416539
|move|p2a: Jirachi|Iron Head|p1a: Ninetales
|-supereffective|p1a: Ninetales
|-damage|p1a: Ninetales|0 fnt
|faint|p1a: Ninetales
|
|upkeep
|
|t:|1760416541
|switch|p1a: Clodsire|Clodsire, F|100/100
|turn|25
|
|t:|1760416543
|move|p2a: Jirachi|Iron Head|p1a: Clodsire
|-damage|p1a: Clodsire|62/100
|cant|p1a: Clodsire|flinch
|
|-heal|p1a: Clodsire|68/100|[from] item: Black Sludge
|upkeep
|turn|26
|
|t:|1760416549
|move|p2a: Jirachi|Iron Head|p1a: Clodsire
|-damage|p1a: Clodsire|31/100
|move|p1a: Clodsire|Earthquake|p2a: Jirachi
|-supereffective|p2a: Jirachi
|-damage|p2a: Jirachi|0 fnt
|faint|p2a: Jirachi
|
|win|sappaling
|raw|sappaling's rating: 1229 &rarr; <strong>1255</strong><br />(+26 for winning)
|raw|101st Account's rating: 1242 &rarr; <strong>1216</strong><br />(-26 for losing)
|l|☆101st Account
|player|p2|
|l|☆sappaling
|player|p1|
