|j|☆cocobingus
|j|☆testyomomma
|t:|1760404897
|gametype|singles
|player|p1|cocobingus|bruno|1077
|player|p2|testyomomma|ogreclan|1118
|gen|9
|tier|[Gen 9] OU
|rated|
|rule|HP Percentage Mod: HP is shown in percentages
|rule|Endless Battle Clause: Forcing endless battles is banned
|rule|Species Clause: Limit one of each Pokémon
|rule|OHKO Clause: OHKO moves are banned
|rule|Evasion Items Clause: Evasion items are banned
|rule|Evasion Moves Clause: Evasion moves are banned
|rule|Evasion Abilities Clause: Evasion abilities are banned
|rule|Sleep Moves Clause: Sleep-inducing moves are banned
|clearpoke
|poke|p1|Alomomola, M|
|poke|p1|Mandibuzz, F|
|poke|p1|Hippowdon, M|
|poke|p1|Tatsugiri, F|
|poke|p1|Smeargle, M|
|poke|p1|Klefki, M|
|poke|p2|Pecharunt|
|poke|p2|Zapdos|
|poke|p2|Great Tusk|
|poke|p2|Alomomola, F|
|poke|p2|Kingambit, M|
|poke|p2|Zamazenta-*|
|teampreview
|inactive|Battle timer is ON: inactive players will automatically lose when time's up. (requested by testyomomma)
|
|t:|1760404913
|teamsize|p1|6
|teamsize|p2|6
|start
|switch|p1a: Klefki|Klefki, M|100/100
|switch|p2a: Pecharunt|Pecharunt|100/100
|turn|1
|
|t:|1760404925
|switch|p2a: Zapdos|Zapdos|100/100
|move|p1a: Klefki|Thunder Wave|p2a: Zapdos
|-immune|p2a: Zapdos
|
|upkeep
|turn|2
|
|t:|1760404933
|move|p1a: Klefki|Switcheroo|p2a: Zapdos
|-activate|p1a: Klefki|move: Trick|[of] p2a: Zapdos
|-item|p2a: Zapdos|Toxic Orb|[from] move: Switcheroo
|-item|p1a: Klefki|Heavy-Duty Boots|[from] move: Switcheroo
|move|p2a: Zapdos|Thunder Wave|p1a: Klefki
|-status|p1a: Klefki|par
|
|-status|p2a: Zapdos|tox|[from] item: Toxic Orb
|upkeep
|turn|3
|
|t:|1760404956
|switch|p1a: Smeargle|Smeargle, M|100/100
|move|p2a: Zapdos|Volt Switch|p1a: Smeargle
|-damage|p1a: Smeargle|15/100
|
|t:|1760404968
|switch|p2a: Zamazenta|Zamazenta|100/100|[from] Volt Switch
|-ability|p2a: Zamazenta|Dauntless Shield|boost
|-boost|p2a: Zamazenta|def|1
|
|upkeep
|turn|4
|
|t:|1760404977
|move|p1a: Smeargle|Fake Out|p2a: Zamazenta
|-damage|p2a: Zamazenta|92/100
|cant|p2a: Zamazenta|flinch
|
|upkeep
|turn|5
|
|t:|1760404985
|move|p2a: Zamazenta|Crunch|p1a: Smeargle
|-damage|p1a: Smeargle|0 fnt
|faint|p1a: Smeargle
|
|upkeep
|
|t:|1760404990
|switch|p1a: Mandibuzz|Mandibuzz, F|100/100
|turn|6
|
|t:|1760404997
|switch|p2a: Zapdos|Zapdos|100/100 tox
|move|p1a: Mandibuzz|Acrobatics|p2a: Zapdos
|-resisted|p2a: Zapdos
|-damage|p2a: Zapdos|89/100 tox
|
|-damage|p2a: Zapdos|83/100 tox|[from] psn
|upkeep
|turn|7
|
|t:|1760405014
|move|p2a: Zapdos|U-turn|p1a: Mandibuzz
|-damage|p1a: Mandibuzz|87/100
|-ability|p1a: Mandibuzz|Weak Armor|boost
|-unboost|p1a: Mandibuzz|def|1
|-boost|p1a: Mandibuzz|spe|2
|
|t:|1760405029
|switch|p2a: Pecharunt|Pecharunt|100/100|[from] U-turn
|move|p1a: Mandibuzz|Brave Bird|p2a: Pecharunt
|-damage|p2a: Pecharunt|83/100
|-damage|p1a: Mandibuzz|81/100|[from] Recoil
|
|upkeep
|turn|8
|
|t:|1760405037
|move|p1a: Mandibuzz|Knock Off|p2a: Pecharunt
|-supereffective|p2a: Pecharunt
|-damage|p2a: Pecharunt|52/100
|-enditem|p2a: Pecharunt|Heavy-Duty Boots|[from] move: Knock Off|[of] p1a: Mandibuzz
|move|p2a: Pecharunt|Recover|p2a: Pecharunt
|-heal|p2a: Pecharunt|100/100
|
|upkeep
|turn|9
|
|t:|1760405045
|switch|p1a: Hippowdon|Hippowdon, M|100/100
|-weather|Sandstorm|[from] ability: Sand Stream|[of] p1a: Hippowdon
|move|p2a: Pecharunt|Parting Shot|p1a: Hippowdon
|-unboost|p1a: Hippowdon|atk|1
|-unboost|p1a: Hippowdon|spa|1
|
|t:|1760405060
|switch|p2a: Great Tusk|Great Tusk|100/100|[from] Parting Shot
|
|-weather|Sandstorm|[upkeep]
|upkeep
|turn|10
|
|t:|1760405071
|switch|p1a: Mandibuzz|Mandibuzz, F|81/100
|move|p2a: Great Tusk|Ice Spinner|p1a: Mandibuzz
|-supereffective|p1a: Mandibuzz
|-damage|p1a: Mandibuzz|26/100
|-ability|p1a: Mandibuzz|Weak Armor|boost
|-unboost|p1a: Mandibuzz|def|1
|-boost|p1a: Mandibuzz|spe|2
|-enditem|p1a: Mandibuzz|Weakness Policy
|-boost|p1a: Mandibuzz|atk|2|[from] item: Weakness Policy
|-boost|p1a: Mandibuzz|spa|2|[from] item: Weakness Policy
|
|-weather|Sandstorm|[upkeep]
|-damage|p1a: Mandibuzz|20/100|[from] Sandstorm
|upkeep
|turn|11
|
|t:|1760405086
|-end|p2a: Great Tusk|Protosynthesis|[silent]
|switch|p2a: Pecharunt|Pecharunt|100/100
|move|p1a: Mandibuzz|Brave Bird|p2a: Pecharunt
|-damage|p2a: Pecharunt|62/100
|-damage|p1a: Mandibuzz|6/100|[from] Recoil
|
|-weather|Sandstorm|[upkeep]
|-damage|p1a: Mandibuzz|0 fnt|[from] Sandstorm
|-damage|p2a: Pecharunt|55/100|[from] Sandstorm
|faint|p1a: Mandibuzz
|upkeep
|
|t:|1760405096
|switch|p1a: Tatsugiri|Tatsugiri, F|100/100
|turn|12
|
|t:|1760405104
|switch|p2a: Kingambit|Kingambit, M|100/100
|move|p1a: Tatsugiri|Rapid Spin|p2a: Kingambit
|-resisted|p2a: Kingambit
|-damage|p2a: Kingambit|98/100
|-boost|p1a: Tatsugiri|spe|1
|
|-weather|Sandstorm|[upkeep]
|-damage|p1a: Tatsugiri|94/100|[from] Sandstorm
|upkeep
|turn|13
|
|t:|1760405128
|-end|p2a: Kingambit|fallenundefined|[silent]
|switch|p2a: Alomomola|Alomomola, F|100/100
|-terastallize|p1a: Tatsugiri|Dragon
|move|p1a: Tatsugiri|Tera Blast|p2a: Alomomola|[anim] Tera Blast Dragon
|-damage|p2a: Alomomola|55/100
|
|-weather|none
|upkeep
|turn|14
|
|t:|1760405143
|move|p1a: Tatsugiri|Tera Blast|p2a: Alomomola|[anim] Tera Blast Dragon
|-damage|p2a: Alomomola|9/100
|move|p2a: Alomomola|Wish|p2a: Alomomola
|
|upkeep
|turn|15
|
|t:|1760405148
|move|p2a: Alomomola|Protect|p2a: Alomomola
|-singleturn|p2a: Alomomola|Protect
|move|p1a: Tatsugiri|Tera Blast|p2a: Alomomola|[anim] Tera Blast Dragon
|-activate|p2a: Alomomola|move: Protect
|
|-heal|p2a: Alomomola|59/100|[from] move: Wish|[wisher] Alomomola
|upkeep
|turn|16
|
|t:|1760405168
|move|p1a: Tatsugiri|Tera Blast|p2a: Alomomola|[anim] Tera Blast Dragon
|-damage|p2a: Alomomola|14/100
|move|p2a: Alomomola|Wish|p2a: Alomomola
|
|upkeep
|turn|17
|
|t:|1760405173
|move|p2a: Alomomola|Protect|p2a: Alomomola
|-singleturn|p2a: Alomomola|Protect
|move|p1a: Tatsugiri|Nasty Plot|p1a: Tatsugiri
|-boost|p1a: Tatsugiri|spa|2
|
|-heal|p2a: Alomomola|64/100|[from] move: Wish|[wisher] Alomomola
|upkeep
|turn|18
|
|t:|1760405181
|switch|p2a: Kingambit|Kingambit, M|98/100
|move|p1a: Tatsugiri|Tera Blast|p2a: Kingambit|[anim] Tera Blast Dragon
|-resisted|p2a: Kingambit
|-damage|p2a: Kingambit|42/100
|
|upkeep
|turn|19
|
|t:|1760405190
|move|p2a: Kingambit|Sucker Punch|p1a: Tatsugiri
|-damage|p1a: Tatsugiri|17/100
|move|p1a: Tatsugiri|Tera Blast|p2a: Kingambit|[anim] Tera Blast Dragon
|-resisted|p2a: Kingambit
|-damage|p2a: Kingambit|0 fnt
|faint|p2a: Kingambit
|-end|p2a: Kingambit|fallenundefined|[silent]
|
|upkeep
|
|t:|1760405201
|switch|p2a: Zamazenta|Zamazenta|92/100
|turn|20
|
|t:|1760405207
|move|p2a: Zamazenta|Close Combat|p1a: Tatsugiri
|-damage|p1a: Tatsugiri|0 fnt
|-unboost|p2a: Zamazenta|def|1
|-unboost|p2a: Zamazenta|spd|1
|faint|p1a: Tatsugiri
|
|upkeep
|
|t:|1760405216
|switch|p1a: Klefki|Klefki, M|100/100 par
|turn|21
|
|t:|1760405230
|switch|p2a: Zapdos|Zapdos|83/100 tox
|move|p1a: Klefki|Thunder Wave||[still]
|-fail|p1a: Klefki
|
|-damage|p2a: Zapdos|77/100 tox|[from] psn
|upkeep
|turn|22
|
|t:|1760405239
|move|p2a: Zapdos|Volt Switch|p1a: Klefki
|-damage|p1a: Klefki|60/100 par
|
|t:|1760405246
|switch|p2a: Pecharunt|Pecharunt|55/100|[from] Volt Switch
|cant|p1a: Klefki|par
|
|upkeep
|turn|23
|
|t:|1760405255
|-terastallize|p2a: Pecharunt|Dark
|move|p1a: Klefki|Thunder Wave|p2a: Pecharunt
|-hint|Since gen 7, Dark is immune to Prankster moves.
|-immune|p2a: Pecharunt
|move|p2a: Pecharunt|Recover|p2a: Pecharunt
|-heal|p2a: Pecharunt|100/100
|
|upkeep
|turn|24
|
|t:|1760405268
|switch|p1a: Hippowdon|Hippowdon, M|100/100
|-weather|Sandstorm|[from] ability: Sand Stream|[of] p1a: Hippowdon
|move|p2a: Pecharunt|Shadow Ball|p1a: Hippowdon
|-damage|p1a: Hippowdon|80/100
|
|-weather|Sandstorm|[upkeep]
|-damage|p2a: Pecharunt|94/100|[from] Sandstorm
|upkeep
|turn|25
|
|t:|1760405284
|move|p2a: Pecharunt|Parting Shot|p1a: Hippowdon
|-unboost|p1a: Hippowdon|atk|1
|-unboost|p1a: Hippowdon|spa|1
|
|t:|1760405287
|switch|p2a: Alomomola|Alomomola, F|98/100|[from] Parting Shot
|move|p1a: Hippowdon|Body Press|p2a: Alomomola
|-damage|p2a: Alomomola|80/100
|
|-weather|Sandstorm|[upkeep]
|-damage|p2a: Alomomola|74/100|[from] Sandstorm
|upkeep
|turn|26
|
|t:|1760405297
|move|p2a: Alomomola|Flip Turn|p1a: Hippowdon
|-supereffective|p1a: Hippowdon
|-damage|p1a: Hippowdon|58/100
|
|t:|1760405301
|switch|p2a: Pecharunt|Pecharunt, tera:Dark|94/100|[from] Flip Turn
|move|p1a: Hippowdon|Earthquake|p2a: Pecharunt
|-damage|p2a: Pecharunt|79/100
|
|-weather|Sandstorm|[upkeep]
|-damage|p2a: Pecharunt|73/100|[from] Sandstorm
|upkeep
|turn|27
|
|t:|1760405312
|move|p2a: Pecharunt|Malignant Chain|p1a: Hippowdon
|-resisted|p1a: Hippowdon
|-damage|p1a: Hippowdon|46/100
|move|p1a: Hippowdon|Body Slam|p2a: Pecharunt
|-damage|p2a: Pecharunt|65/100
|
|-weather|Sandstorm|[upkeep]
|-damage|p2a: Pecharunt|59/100|[from] Sandstorm
|upkeep
|turn|28
|
|t:|1760405331
|move|p2a: Pecharunt|Parting Shot|p1a: Hippowdon
|-unboost|p1a: Hippowdon|atk|1
|-unboost|p1a: Hippowdon|spa|1
|
|t:|1760405333
|switch|p2a: Zamazenta|Zamazenta|92/100|[from] Parting Shot
|move|p1a: Hippowdon|Body Press|p2a: Zamazenta
|-damage|p2a: Zamazenta|68/100
|
|-weather|none
|upkeep
|turn|29
|
|t:|1760405353
|move|p2a: Zamazenta|Close Combat|p1a: Hippowdon
|-damage|p1a: Hippowdon|4/100
|-unboost|p2a: Zamazenta|def|1
|-unboost|p2a: Zamazenta|spd|1
|move|p1a: Hippowdon|Earthquake|p2a: Zamazenta
|-damage|p2a: Zamazenta|32/100
|
|upkeep
|turn|30
|
|t:|1760405363
|switch|p2a: Great Tusk|Great Tusk|100/100
|move|p1a: Hippowdon|Earthquake|p2a: Great Tusk
|-damage|p2a: Great Tusk|83/100
|
|upkeep
|turn|31
|
|t:|1760405369
|move|p2a: Great Tusk|Stealth Rock|p1a: Hippowdon
|-sidestart|p1: cocobingus|move: Stealth Rock
|move|p1a: Hippowdon|Body Slam|p2a: Great Tusk
|-damage|p2a: Great Tusk|73/100
|-status|p2a: Great Tusk|par
|
|upkeep
|turn|32
|
|t:|1760405375
|-end|p2a: Great Tusk|Protosynthesis|[silent]
|switch|p2a: Zapdos|Zapdos|77/100 tox
|move|p1a: Hippowdon|Heavy Slam|p2a: Zapdos
|-resisted|p2a: Zapdos
|-damage|p2a: Zapdos|65/100 tox
|
|-damage|p2a: Zapdos|59/100 tox|[from] psn
|upkeep
|turn|33
|
|t:|1760405387
|move|p2a: Zapdos|U-turn|p1a: Hippowdon
|-damage|p1a: Hippowdon|0 fnt
|faint|p1a: Hippowdon
|
|t:|1760405391
|switch|p2a: Zamazenta|Zamazenta|32/100|[from] U-turn
|
|upkeep
|
|t:|1760405396
|switch|p1a: Alomomola|Alomomola, M|100/100
|-damage|p1a: Alomomola|88/100|[from] Stealth Rock
|turn|34
|
|t:|1760405400
|move|p2a: Zamazenta|Close Combat|p1a: Alomomola
|-damage|p1a: Alomomola|37/100
|-unboost|p2a: Zamazenta|def|1
|-unboost|p2a: Zamazenta|spd|1
|move|p1a: Alomomola|Play Rough|p2a: Zamazenta
|-supereffective|p2a: Zamazenta
|-damage|p2a: Zamazenta|0 fnt
|faint|p2a: Zamazenta
|
|-heal|p1a: Alomomola|43/100|[from] item: Leftovers
|upkeep
|
|t:|1760405404
|switch|p2a: Zapdos|Zapdos|59/100 tox
|turn|35
|
|t:|1760405416
|move|p2a: Zapdos|Volt Switch|p1a: Alomomola
|-supereffective|p1a: Alomomola
|-damage|p1a: Alomomola|0 fnt
|faint|p1a: Alomomola
|
|t:|1760405423
|switch|p2a: Pecharunt|Pecharunt, tera:Dark|59/100|[from] Volt Switch
|
|upkeep
|
|t:|1760405426
|switch|p1a: Klefki|Klefki, M|60/100 par
|turn|36
|
|t:|1760405432
|move|p2a: Pecharunt|Recover|p2a: Pecharunt
|-heal|p2a: Pecharunt|100/100
|move|p1a: Klefki|Dazzling Gleam|p2a: Pecharunt
|-supereffective|p2a: Pecharunt
|-damage|p2a: Pecharunt|56/100
|
|upkeep
|turn|37
|
|t:|1760405438
|move|p2a: Pecharunt|Parting Shot|p1a: Klefki
|-unboost|p1a: Klefki|atk|1
|-unboost|p1a: Klefki|spa|1
|
|t:|1760405441
|switch|p2a: Alomomola|Alomomola, F|100/100|[from] Parting Shot
|move|p1a: Klefki|Dazzling Gleam|p2a: Alomomola
|-damage|p2a: Alomomola|88/100
|
|upkeep
|turn|38
|
|t:|1760405447
|switch|p2a: Zapdos|Zapdos|59/100 tox
|move|p1a: Klefki|Iron Defense|p1a: Klefki
|-boost|p1a: Klefki|def|2
|
|-damage|p2a: Zapdos|53/100 tox|[from] psn
|upkeep
|turn|39
|
|t:|1760405453
|move|p2a: Zapdos|Volt Switch|p1a: Klefki
|-damage|p1a: Klefki|13/100 par
|
|t:|1760405456
|switch|p2a: Alomomola|Alomomola, F|100/100|[from] Volt Switch
|cant|p1a: Klefki|par
|
|upkeep
|turn|40
|
|t:|1760405464
|move|p2a: Alomomola|Tickle|p1a: Klefki
|-unboost|p1a: Klefki|atk|1
|-unboost|p1a: Klefki|def|1
|cant|p1a: Klefki|par
|
|upkeep
|turn|41
|
|t:|1760405469
|move|p2a: Alomomola|Tickle|p1a: Klefki
|-unboost|p1a: Klefki|atk|1
|-unboost|p1a: Klefki|def|1
|cant|p1a: Klefki|par
|
|upkeep
|turn|42
|
|t:|1760405476
|move|p1a: Klefki|Thunder Wave|p2a: Alomomola
|-status|p2a: Alomomola|par
|move|p2a: Alomomola|Tickle|p1a: Klefki
|-unboost|p1a: Klefki|atk|1
|-unboost|p1a: Klefki|def|1
|
|upkeep
|turn|43
|
|t:|1760405485
|cant|p1a: Klefki|par
|cant|p2a: Alomomola|par
|
|upkeep
|turn|44
|
|t:|1760405489
|move|p1a: Klefki|Dazzling Gleam|p2a: Alomomola
|-damage|p2a: Alomomola|88/100 par
|move|p2a: Alomomola|Tickle|p1a: Klefki
|-unboost|p1a: Klefki|atk|1
|-unboost|p1a: Klefki|def|1
|
|upkeep
|turn|45
|
|t:|1760405497
|move|p1a: Klefki|Dazzling Gleam|p2a: Alomomola
|-damage|p2a: Alomomola|75/100 par
|move|p2a: Alomomola|Tickle|p1a: Klefki
|-unboost|p1a: Klefki|atk|1
|-unboost|p1a: Klefki|def|1
|
|upkeep
|turn|46
|
|t:|1760405505
|cant|p2a: Alomomola|par
|move|p1a: Klefki|Dazzling Gleam|p2a: Alomomola
|-damage|p2a: Alomomola|63/100 par
|
|upkeep
|turn|47
|
|t:|1760405511
|cant|p2a: Alomomola|par
|move|p1a: Klefki|Dazzling Gleam|p2a: Alomomola
|-damage|p2a: Alomomola|49/100 par
|
|upkeep
|turn|48
|
|t:|1760405515
|move|p1a: Klefki|Dazzling Gleam|p2a: Alomomola
|-damage|p2a: Alomomola|36/100 par
|move|p2a: Alomomola|Wish|p2a: Alomomola
|
|upkeep
|turn|49
|
|t:|1760405519
|cant|p2a: Alomomola|par
|move|p1a: Klefki|Dazzling Gleam|p2a: Alomomola
|-crit|p2a: Alomomola
|-damage|p2a: Alomomola|9/100 par
|
|-heal|p2a: Alomomola|59/100 par|[from] move: Wish|[wisher] Alomomola
|upkeep
|turn|50
|
|t:|1760405526
|move|p2a: Alomomola|Protect|p2a: Alomomola
|-singleturn|p2a: Alomomola|Protect
|move|p1a: Klefki|Dazzling Gleam|p2a: Alomomola
|-activate|p2a: Alomomola|move: Protect
|
|upkeep
|turn|51
|
|t:|1760405536
|cant|p1a: Klefki|par
|cant|p2a: Alomomola|par
|
|upkeep
|turn|52
|
|t:|1760405540
|move|p1a: Klefki|Iron Defense|p1a: Klefki
|-boost|p1a: Klefki|def|2
|move|p2a: Alomomola|Tickle|p1a: Klefki
|-unboost|p1a: Klefki|atk|0
|-unboost|p1a: Klefki|def|1
|
|upkeep
|turn|53
|
|t:|1760405545
|cant|p1a: Klefki|par
|cant|p2a: Alomomola|par
|
|upkeep
|turn|54
|
|t:|1760405548
|cant|p1a: Klefki|par
|cant|p2a: Alomomola|par
|
|upkeep
|turn|55
|
|t:|1760405552
|cant|p1a: Klefki|par
|cant|p2a: Alomomola|par
|
|upkeep
|turn|56
|
|t:|1760405556
|move|p1a: Klefki|Iron Defense|p1a: Klefki
|-boost|p1a: Klefki|def|2
|move|p2a: Alomomola|Tickle|p1a: Klefki
|-unboost|p1a: Klefki|atk|0
|-unboost|p1a: Klefki|def|1
|
|upkeep
|turn|57
|
|t:|1760405562
|move|p1a: Klefki|Iron Defense|p1a: Klefki
|-boost|p1a: Klefki|def|2
|move|p2a: Alomomola|Tickle|p1a: Klefki
|-unboost|p1a: Klefki|atk|0
|-unboost|p1a: Klefki|def|1
|
|upkeep
|turn|58
|
|t:|1760405570
|move|p1a: Klefki|Iron Defense|p1a: Klefki
|-boost|p1a: Klefki|def|2
|move|p2a: Alomomola|Flip Turn|p1a: Klefki
|-damage|p1a: Klefki|3/100 par
|
|t:|1760405575
|switch|p2a: Zapdos|Zapdos|53/100 tox|[from] Flip Turn
|
|-damage|p2a: Zapdos|47/100 tox|[from] psn
|upkeep
|turn|59
|
|t:|1760405583
|switch|p2a: Alomomola|Alomomola, F|93/100 par
|move|p1a: Klefki|Switcheroo|p2a: Alomomola
|-activate|p1a: Klefki|move: Trick|[of] p2a: Alomomola
|-item|p2a: Alomomola|Heavy-Duty Boots|[from] move: Switcheroo
|-item|p1a: Klefki|Heavy-Duty Boots|[from] move: Switcheroo
|
|upkeep
|turn|60
|
|t:|1760405595
|switch|p2a: Pecharunt|Pecharunt, tera:Dark|56/100
|cant|p1a: Klefki|par
|
|upkeep
|turn|61
|
|t:|1760405600
|move|p2a: Pecharunt|Parting Shot|p1a: Klefki
|-unboost|p1a: Klefki|atk|0
|-unboost|p1a: Klefki|spa|1
|
|t:|1760405601
|switch|p2a: Alomomola|Alomomola, F|100/100 par|[from] Parting Shot
|move|p1a: Klefki|Dazzling Gleam|p2a: Alomomola
|-damage|p2a: Alomomola|90/100 par
|
|upkeep
|turn|62
|
|t:|1760405609
|switch|p2a: Pecharunt|Pecharunt, tera:Dark|56/100
|move|p1a: Klefki|Dazzling Gleam|p2a: Pecharunt
|-supereffective|p2a: Pecharunt
|-damage|p2a: Pecharunt|31/100
|
|upkeep
|turn|63
|
|t:|1760405615
|move|p2a: Pecharunt|Recover|p2a: Pecharunt
|-heal|p2a: Pecharunt|81/100
|move|p1a: Klefki|Dazzling Gleam|p2a: Pecharunt
|-supereffective|p2a: Pecharunt
|-damage|p2a: Pecharunt|57/100
|
|upkeep
|turn|64
|
|t:|1760405621
|move|p2a: Pecharunt|Parting Shot|p1a: Klefki
|-unboost|p1a: Klefki|atk|0
|-unboost|p1a: Klefki|spa|1
|
|t:|1760405624
|switch|p2a: Alomomola|Alomomola, F|100/100 par|[from] Parting Shot
|move|p1a: Klefki|Dazzling Gleam|p2a: Alomomola
|-damage|p2a: Alomomola|93/100 par
|
|upkeep
|turn|65
|
|t:|1760405632
|move|p2a: Alomomola|Protect|p2a: Alomomola
|-singleturn|p2a: Alomomola|Protect
|cant|p1a: Klefki|par
|
|upkeep
|turn|66
|
|t:|1760405638
|cant|p1a: Klefki|par
|move|p2a: Alomomola|Tickle|p1a: Klefki
|-unboost|p1a: Klefki|atk|0
|-unboost|p1a: Klefki|def|1
|
|upkeep
|turn|67
|
|t:|1760405643
|move|p1a: Klefki|Iron Defense|p1a: Klefki
|-boost|p1a: Klefki|def|2
|move|p2a: Alomomola|Tickle|p1a: Klefki
|-unboost|p1a: Klefki|atk|0
|-unboost|p1a: Klefki|def|1
|
|upkeep
|turn|68
|
|t:|1760405651
|switch|p2a: Pecharunt|Pecharunt, tera:Dark|57/100
|move|p1a: Klefki|Iron Defense|p1a: Klefki
|-boost|p1a: Klefki|def|2
|
|upkeep
|turn|69
|
|t:|1760405656
|cant|p1a: Klefki|par
|move|p2a: Pecharunt|Parting Shot|p1a: Klefki
|-unboost|p1a: Klefki|atk|0
|-unboost|p1a: Klefki|spa|1
|
|t:|1760405658
|switch|p2a: Alomomola|Alomomola, F|100/100 par|[from] Parting Shot
|
|upkeep
|turn|70
|
|t:|1760405663
|switch|p2a: Pecharunt|Pecharunt, tera:Dark|57/100
|move|p1a: Klefki|Iron Defense|p1a: Klefki
|-boost|p1a: Klefki|def|2
|
|upkeep
|turn|71
|
|t:|1760405668
|move|p1a: Klefki|Iron Defense|p1a: Klefki
|-boost|p1a: Klefki|def|0
|move|p2a: Pecharunt|Parting Shot|p1a: Klefki
|-unboost|p1a: Klefki|atk|0
|-unboost|p1a: Klefki|spa|1
|
|t:|1760405671
|switch|p2a: Alomomola|Alomomola, F|100/100 par|[from] Parting Shot
|
|upkeep
|turn|72
|
|t:|1760405678
|switch|p2a: Pecharunt|Pecharunt, tera:Dark|57/100
|move|p1a: Klefki|Switcheroo|p2a: Pecharunt
|-hint|Since gen 7, Dark is immune to Prankster moves.
|-immune|p2a: Pecharunt
|
|upkeep
|turn|73
|
|t:|1760405684
|switch|p2a: Alomomola|Alomomola, F|100/100 par
|move|p1a: Klefki|Switcheroo|p2a: Alomomola
|-activate|p1a: Klefki|move: Trick|[of] p2a: Alomomola
|-item|p2a: Alomomola|Heavy-Duty Boots|[from] move: Switcheroo
|-item|p1a: Klefki|Heavy-Duty Boots|[from] move: Switcheroo
|
|upkeep
|turn|74
|
|t:|1760405690
|switch|p2a: Pecharunt|Pecharunt, tera:Dark|57/100
|move|p1a: Klefki|Switcheroo|p2a: Pecharunt
|-hint|Since gen 7, Dark is immune to Prankster moves.
|-immune|p2a: Pecharunt
|
|upkeep
|turn|75
|
|t:|1760405697
|switch|p2a: Alomomola|Alomomola, F|100/100 par
|move|p1a: Klefki|Switcheroo|p2a: Alomomola
|-activate|p1a: Klefki|move: Trick|[of] p2a: Alomomola
|-item|p2a: Alomomola|Heavy-Duty Boots|[from] move: Switcheroo
|-item|p1a: Klefki|Heavy-Duty Boots|[from] move: Switcheroo
|
|upkeep
|turn|76
|
|t:|1760405702
|switch|p2a: Pecharunt|Pecharunt, tera:Dark|57/100
|cant|p1a: Klefki|par
|
|upkeep
|turn|77
|
|t:|1760405708
|switch|p2a: Alomomola|Alomomola, F|100/100 par
|move|p1a: Klefki|Switcheroo|p2a: Alomomola
|-activate|p1a: Klefki|move: Trick|[of] p2a: Alomomola
|-item|p2a: Alomomola|Heavy-Duty Boots|[from] move: Switcheroo
|-item|p1a: Klefki|Heavy-Duty Boots|[from] move: Switcheroo
|
|upkeep
|turn|78
|
|t:|1760405715
|switch|p2a: Pecharunt|Pecharunt, tera:Dark|57/100
|cant|p1a: Klefki|par
|
|upkeep
|turn|79
|
|t:|1760405720
|switch|p2a: Alomomola|Alomomola, F|100/100 par
|move|p1a: Klefki|Switcheroo|p2a: Alomomola
|-activate|p1a: Klefki|move: Trick|[of] p2a: Alomomola
|-item|p2a: Alomomola|Heavy-Duty Boots|[from] move: Switcheroo
|-item|p1a: Klefki|Heavy-Duty Boots|[from] move: Switcheroo
|
|upkeep
|turn|80
|
|t:|1760405728
|switch|p2a: Pecharunt|Pecharunt, tera:Dark|57/100
|cant|p1a: Klefki|par
|
|upkeep
|turn|81
|
|t:|1760405732
|switch|p2a: Alomomola|Alomomola, F|100/100 par
|move|p1a: Klefki|Switcheroo|p2a: Alomomola
|-activate|p1a: Klefki|move: Trick|[of] p2a: Alomomola
|-item|p2a: Alomomola|Heavy-Duty Boots|[from] move: Switcheroo
|-item|p1a: Klefki|Heavy-Duty Boots|[from] move: Switcheroo
|
|upkeep
|turn|82
|
|t:|1760405738
|switch|p2a: Pecharunt|Pecharunt, tera:Dark|57/100
|move|p1a: Klefki|Switcheroo|p2a: Pecharunt
|-hint|Since gen 7, Dark is immune to Prankster moves.
|-immune|p2a: Pecharunt
|
|upkeep
|turn|83
|
|t:|1760405743
|switch|p2a: Alomomola|Alomomola, F|100/100 par
|move|p1a: Klefki|Switcheroo|p2a: Alomomola
|-activate|p1a: Klefki|move: Trick|[of] p2a: Alomomola
|-item|p2a: Alomomola|Heavy-Duty Boots|[from] move: Switcheroo
|-item|p1a: Klefki|Heavy-Duty Boots|[from] move: Switcheroo
|
|upkeep
|turn|84
|
|t:|1760405751
|switch|p2a: Pecharunt|Pecharunt, tera:Dark|57/100
|move|p1a: Klefki|Switcheroo|p2a: Pecharunt
|-hint|Since gen 7, Dark is immune to Prankster moves.
|-immune|p2a: Pecharunt
|
|upkeep
|turn|85
|
|t:|1760405757
|switch|p2a: Alomomola|Alomomola, F|100/100 par
|move|p1a: Klefki|Switcheroo|p2a: Alomomola
|-activate|p1a: Klefki|move: Trick|[of] p2a: Alomomola
|-item|p2a: Alomomola|Heavy-Duty Boots|[from] move: Switcheroo
|-item|p1a: Klefki|Heavy-Duty Boots|[from] move: Switcheroo
|
|upkeep
|turn|86
|
|t:|1760405763
|switch|p2a: Pecharunt|Pecharunt, tera:Dark|57/100
|move|p1a: Klefki|Switcheroo|p2a: Pecharunt
|-hint|Since gen 7, Dark is immune to Prankster moves.
|-immune|p2a: Pecharunt
|
|upkeep
|turn|87
|
|t:|1760405783
|switch|p2a: Alomomola|Alomomola, F|100/100 par
|move|p1a: Klefki|Switcheroo|p2a: Alomomola
|-activate|p1a: Klefki|move: Trick|[of] p2a: Alomomola
|-item|p2a: Alomomola|Heavy-Duty Boots|[from] move: Switcheroo
|-item|p1a: Klefki|Heavy-Duty Boots|[from] move: Switcheroo
|
|upkeep
|turn|88
|
|t:|1760405788
|switch|p2a: Pecharunt|Pecharunt, tera:Dark|57/100
|move|p1a: Klefki|Switcheroo|p2a: Pecharunt
|-hint|Since gen 7, Dark is immune to Prankster moves.
|-immune|p2a: Pecharunt
|
|upkeep
|turn|89
|
|t:|1760405796
|switch|p2a: Alomomola|Alomomola, F|100/100 par
|move|p1a: Klefki|Iron Defense|p1a: Klefki
|-boost|p1a: Klefki|def|0
|
|upkeep
|turn|90
|
|t:|1760405801
|switch|p2a: Pecharunt|Pecharunt, tera:Dark|57/100
|move|p1a: Klefki|Iron Defense|p1a: Klefki
|-boost|p1a: Klefki|def|0
|
|upkeep
|turn|91
|
|t:|1760405806
|switch|p2a: Alomomola|Alomomola, F|100/100 par
|move|p1a: Klefki|Iron Defense|p1a: Klefki
|-boost|p1a: Klefki|def|0
|
|upkeep
|turn|92
|
|t:|1760405815
|switch|p2a: Great Tusk|Great Tusk|73/100 par
|move|p1a: Klefki|Iron Defense|p1a: Klefki
|-boost|p1a: Klefki|def|0
|
|upkeep
|turn|93
|
|t:|1760405829
|-end|p2a: Great Tusk|Protosynthesis|[silent]
|switch|p2a: Alomomola|Alomomola, F|100/100 par
|move|p1a: Klefki|Iron Defense|p1a: Klefki
|-boost|p1a: Klefki|def|0
|
|upkeep
|turn|94
|
|t:|1760405835
|switch|p2a: Great Tusk|Great Tusk|73/100 par
|cant|p1a: Klefki|par
|
|upkeep
|turn|95
|
|t:|1760405838
|-end|p2a: Great Tusk|Protosynthesis|[silent]
|switch|p2a: Alomomola|Alomomola, F|100/100 par
|move|p1a: Klefki|Iron Defense|p1a: Klefki
|-boost|p1a: Klefki|def|0
|
|upkeep
|turn|96
|
|t:|1760405845
|move|p1a: Klefki|Iron Defense|p1a: Klefki
|-boost|p1a: Klefki|def|0
|cant|p2a: Alomomola|par
|
|upkeep
|turn|97
|
|t:|1760405848
|move|p1a: Klefki|Iron Defense|p1a: Klefki
|-boost|p1a: Klefki|def|0
|move|p2a: Alomomola|Tickle|p1a: Klefki
|-unboost|p1a: Klefki|atk|0
|-unboost|p1a: Klefki|def|1
|
|upkeep
|turn|98
|
|t:|1760405854
|switch|p2a: Great Tusk|Great Tusk|73/100 par
|move|p1a: Klefki|Iron Defense|p1a: Klefki
|-boost|p1a: Klefki|def|1
|
|upkeep
|turn|99
|
|t:|1760405858
|-end|p2a: Great Tusk|Protosynthesis|[silent]
|switch|p2a: Alomomola|Alomomola, F|100/100 par
|move|p1a: Klefki|Iron Defense|p1a: Klefki
|-boost|p1a: Klefki|def|0
|
|upkeep
|turn|100
|
|t:|1760405863
|cant|p1a: Klefki|par
|move|p2a: Alomomola|Tickle|p1a: Klefki
|-unboost|p1a: Klefki|atk|0
|-unboost|p1a: Klefki|def|1
|
|upkeep
|turn|101
|
|t:|1760405867
|move|p1a: Klefki|Iron Defense|p1a: Klefki
|-boost|p1a: Klefki|def|1
|move|p2a: Alomomola|Tickle|p1a: Klefki
|-unboost|p1a: Klefki|atk|0
|-unboost|p1a: Klefki|def|1
|
|upkeep
|turn|102
|
|t:|1760405873
|switch|p2a: Pecharunt|Pecharunt, tera:Dark|57/100
|move|p1a: Klefki|Iron Defense|p1a: Klefki
|-boost|p1a: Klefki|def|1
|
|upkeep
|turn|103
|
|t:|1760405877
|switch|p2a: Alomomola|Alomomola, F|100/100 par
|cant|p1a: Klefki|par
|
|upkeep
|turn|104
|
|t:|1760405881
|switch|p2a: Pecharunt|Pecharunt, tera:Dark|57/100
|cant|p1a: Klefki|par
|
|upkeep
|turn|105
|
|t:|1760405885
|switch|p2a: Alomomola|Alomomola, F|100/100 par
|move|p1a: Klefki|Iron Defense|p1a: Klefki
|-boost|p1a: Klefki|def|0
|
|upkeep
|turn|106
|
|t:|1760405890
|switch|p2a: Pecharunt|Pecharunt, tera:Dark|57/100
|move|p1a: Klefki|Iron Defense|p1a: Klefki
|-boost|p1a: Klefki|def|0
|
|upkeep
|turn|107
|
|t:|1760405894
|switch|p2a: Alomomola|Alomomola, F|100/100 par
|move|p1a: Klefki|Iron Defense|p1a: Klefki
|-boost|p1a: Klefki|def|0
|
|upkeep
|turn|108
|
|t:|1760405903
|move|p1a: Klefki|Thunder Wave|p2a: Alomomola
|-fail|p2a: Alomomola|par
|move|p2a: Alomomola|Tickle|p1a: Klefki
|-unboost|p1a: Klefki|atk|0
|-unboost|p1a: Klefki|def|1
|
|upkeep
|turn|109
|
|t:|1760405908
|move|p1a: Klefki|Thunder Wave|p2a: Alomomola
|-fail|p2a: Alomomola|par
|move|p2a: Alomomola|Tickle|p1a: Klefki
|-unboost|p1a: Klefki|atk|0
|-unboost|p1a: Klefki|def|1
|
|upkeep
|turn|110
|
|t:|1760405913
|cant|p1a: Klefki|par
|move|p2a: Alomomola|Tickle|p1a: Klefki
|-unboost|p1a: Klefki|atk|0
|-unboost|p1a: Klefki|def|1
|
|upkeep
|turn|111
|
|t:|1760405917
|switch|p2a: Great Tusk|Great Tusk|73/100 par
|move|p1a: Klefki|Thunder Wave|p2a: Great Tusk
|-immune|p2a: Great Tusk
|
|upkeep
|turn|112
|
|t:|1760405922
|-end|p2a: Great Tusk|Protosynthesis|[silent]
|switch|p2a: Alomomola|Alomomola, F|100/100 par
|cant|p1a: Klefki|par
|
|upkeep
|turn|113
|
|t:|1760405927
|cant|p1a: Klefki|par
|move|p2a: Alomomola|Tickle|p1a: Klefki
|-unboost|p1a: Klefki|atk|0
|-unboost|p1a: Klefki|def|1
|
|upkeep
|turn|114
|
|t:|1760405931
|move|p1a: Klefki|Thunder Wave|p2a: Alomomola
|-fail|p2a: Alomomola|par
|move|p2a: Alomomola|Tickle|p1a: Klefki
|-unboost|p1a: Klefki|atk|0
|-unboost|p1a: Klefki|def|1
|
|upkeep
|turn|115
|
|t:|1760405936
|move|p1a: Klefki|Thunder Wave|p2a: Alomomola
|-fail|p2a: Alomomola|par
|cant|p2a: Alomomola|par
|
|upkeep
|turn|116
|
|t:|1760405940
|move|p1a: Klefki|Thunder Wave|p2a: Alomomola
|-fail|p2a: Alomomola|par
|move|p2a: Alomomola|Tickle|p1a: Klefki
|-unboost|p1a: Klefki|atk|0
|-unboost|p1a: Klefki|def|1
|
|upkeep
|turn|117
|
|t:|1760405948
|move|p1a: Klefki|Thunder Wave|p2a: Alomomola
|-fail|p2a: Alomomola|par
|move|p2a: Alomomola|Tickle|p1a: Klefki
|-unboost|p1a: Klefki|atk|0
|-unboost|p1a: Klefki|def|1
|
|upkeep
|turn|118
|
|t:|1760405953
|cant|p1a: Klefki|par
|move|p2a: Alomomola|Tickle|p1a: Klefki
|-unboost|p1a: Klefki|atk|0
|-unboost|p1a: Klefki|def|1
|
|upkeep
|turn|119
|
|t:|1760405960
|move|p1a: Klefki|Thunder Wave|p2a: Alomomola
|-fail|p2a: Alomomola|par
|move|p2a: Alomomola|Wish|p2a: Alomomola
|
|upkeep
|turn|120
|
|t:|1760405963
|move|p1a: Klefki|Thunder Wave|p2a: Alomomola
|-fail|p2a: Alomomola|par
|move|p2a: Alomomola|Wish||[still]
|-fail|p2a: Alomomola
|
|upkeep
|turn|121
|
|t:|1760405968
|move|p1a: Klefki|Thunder Wave|p2a: Alomomola
|-fail|p2a: Alomomola|par
|cant|p2a: Alomomola|par
|
|upkeep
|turn|122
|
|t:|1760405972
|move|p1a: Klefki|Thunder Wave|p2a: Alomomola
|-fail|p2a: Alomomola|par
|move|p2a: Alomomola|Wish|p2a: Alomomola
|
|upkeep
|turn|123
|
|t:|1760405976
|move|p1a: Klefki|Thunder Wave|p2a: Alomomola
|-fail|p2a: Alomomola|par
|cant|p2a: Alomomola|par
|
|upkeep
|turn|124
|
|t:|1760405980
|move|p2a: Alomomola|Protect|p2a: Alomomola
|-singleturn|p2a: Alomomola|Protect
|move|p1a: Klefki|Thunder Wave|p2a: Alomomola
|-activate|p2a: Alomomola|move: Protect
|
|upkeep
|turn|125
|
|t:|1760405985
|move|p2a: Alomomola|Protect||[still]
|-fail|p2a: Alomomola
|move|p1a: Klefki|Thunder Wave|p2a: Alomomola
|-fail|p2a: Alomomola|par
|
|upkeep
|turn|126
|
|t:|1760405990
|move|p2a: Alomomola|Protect|p2a: Alomomola
|-singleturn|p2a: Alomomola|Protect
|move|p1a: Klefki|Thunder Wave|p2a: Alomomola
|-activate|p2a: Alomomola|move: Protect
|
|upkeep
|turn|127
|
|t:|1760405995
|switch|p2a: Great Tusk|Great Tusk|73/100 par
|move|p1a: Klefki|Thunder Wave|p2a: Great Tusk
|-immune|p2a: Great Tusk
|
|upkeep
|turn|128
|
|t:|1760406000
|move|p1a: Klefki|Thunder Wave|p2a: Great Tusk
|-immune|p2a: Great Tusk
|cant|p2a: Great Tusk|par
|
|upkeep
|turn|129
|
|t:|1760406004
|-end|p2a: Great Tusk|Protosynthesis|[silent]
|switch|p2a: Alomomola|Alomomola, F|100/100 par
|move|p1a: Klefki|Thunder Wave|p2a: Alomomola
|-fail|p2a: Alomomola|par
|
|upkeep
|turn|130
|
|t:|1760406012
|move|p2a: Alomomola|Protect|p2a: Alomomola
|-singleturn|p2a: Alomomola|Protect
|move|p1a: Klefki|Thunder Wave|p2a: Alomomola
|-activate|p2a: Alomomola|move: Protect
|
|upkeep
|turn|131
|
|t:|1760406016
|move|p2a: Alomomola|Protect||[still]
|-fail|p2a: Alomomola
|move|p1a: Klefki|Thunder Wave|p2a: Alomomola
|-fail|p2a: Alomomola|par
|
|upkeep
|turn|132
|
|t:|1760406024
|move|p1a: Klefki|Thunder Wave|p2a: Alomomola
|-fail|p2a: Alomomola|par
|cant|p2a: Alomomola|par
|
|upkeep
|turn|133
|
|t:|1760406029
|move|p1a: Klefki|Thunder Wave|p2a: Alomomola
|-fail|p2a: Alomomola|par
|cant|p2a: Alomomola|par
|
|upkeep
|turn|134
|
|t:|1760406033
|cant|p1a: Klefki|par
|cant|p2a: Alomomola|par
|
|upkeep
|turn|135
|
|t:|1760406038
|move|p1a: Klefki|Thunder Wave|p2a: Alomomola
|-fail|p2a: Alomomola|par
|move|p2a: Alomomola|Tickle|p1a: Klefki
|-unboost|p1a: Klefki|atk|0
|-unboost|p1a: Klefki|def|1
|
|upkeep
|turn|136
|
|t:|1760406045
|move|p1a: Klefki|Thunder Wave|p2a: Alomomola
|-fail|p2a: Alomomola|par
|move|p2a: Alomomola|Tickle|p1a: Klefki
|-unboost|p1a: Klefki|atk|0
|-unboost|p1a: Klefki|def|1
|
|upkeep
|turn|137
|
|t:|1760406051
|move|p1a: Klefki|Thunder Wave|p2a: Alomomola|[miss]
|-miss|p1a: Klefki|p2a: Alomomola
|move|p2a: Alomomola|Tickle|p1a: Klefki
|-unboost|p1a: Klefki|atk|0
|-unboost|p1a: Klefki|def|1
|
|upkeep
|turn|138
|
|t:|1760406058
|cant|p1a: Klefki|par
|move|p2a: Alomomola|Tickle|p1a: Klefki
|-unboost|p1a: Klefki|atk|0
|-unboost|p1a: Klefki|def|1
|
|upkeep
|turn|139
|
|t:|1760406064
|move|p2a: Alomomola|Protect|p2a: Alomomola
|-singleturn|p2a: Alomomola|Protect
|move|p1a: Klefki|Thunder Wave|p2a: Alomomola
|-activate|p2a: Alomomola|move: Protect
|
|upkeep
|turn|140
|
|t:|1760406068
|move|p2a: Alomomola|Protect|p2a: Alomomola
|-singleturn|p2a: Alomomola|Protect
|cant|p1a: Klefki|par
|
|upkeep
|turn|141
|
|t:|1760406072
|switch|p2a: Great Tusk|Great Tusk|73/100 par
|move|p1a: Klefki|Thunder Wave|p2a: Great Tusk
|-immune|p2a: Great Tusk
|
|upkeep
|turn|142
|
|t:|1760406077
|-end|p2a: Great Tusk|Protosynthesis|[silent]
|switch|p2a: Alomomola|Alomomola, F|100/100 par
|cant|p1a: Klefki|par
|
|upkeep
|turn|143
|
|t:|1760406084
|switch|p2a: Great Tusk|Great Tusk|73/100 par
|move|p1a: Klefki|Thunder Wave|p2a: Great Tusk
|-immune|p2a: Great Tusk
|
|upkeep
|turn|144
|
|t:|1760406096
|-end|p2a: Great Tusk|Protosynthesis|[silent]
|switch|p2a: Alomomola|Alomomola, F|100/100 par
|cant|p1a: Klefki|par
|
|upkeep
|turn|145
|
|t:|1760406103
|move|p1a: Klefki|Dazzling Gleam|p2a: Alomomola
|-damage|p2a: Alomomola|95/100 par
|move|p2a: Alomomola|Tickle|p1a: Klefki
|-unboost|p1a: Klefki|atk|0
|-unboost|p1a: Klefki|def|0
|
|upkeep
|turn|146
|
|t:|1760406108
|move|p1a: Klefki|Dazzling Gleam|p2a: Alomomola
|-damage|p2a: Alomomola|89/100 par
|move|p2a: Alomomola|Tickle|p1a: Klefki
|-unboost|p1a: Klefki|atk|0
|-unboost|p1a: Klefki|def|0
|
|upkeep
|turn|147
|
|t:|1760406119
|switch|p2a: Pecharunt|Pecharunt, tera:Dark|57/100
|move|p1a: Klefki|Dazzling Gleam|p2a: Pecharunt
|-supereffective|p2a: Pecharunt
|-damage|p2a: Pecharunt|44/100
|
|upkeep
|turn|148
|
|t:|1760406124
|move|p2a: Pecharunt|Shadow Ball|p1a: Klefki
|-damage|p1a: Klefki|0 fnt
|faint|p1a: Klefki
|
|win|testyomomma
|raw|cocobingus's rating: 1077 &rarr; <strong>1058</strong><br />(-19 for losing)
|raw|testyomomma's rating: 1118 &rarr; <strong>1140</strong><br />(+22 for winning)
|l|☆cocobingus
|player|p1|
