|j|☆leezee-yy
|j|☆ilytrix
|t:|1760411937
|gametype|singles
|player|p1|leezee-yy|steven|1751
|player|p2|ilytrix|n-masters|1755
|gen|9
|tier|[Gen 9] OU
|rated|
|rule|HP Percentage Mod: HP is shown in percentages
|rule|Endless Battle Clause: Forcing endless battles is banned
|rule|Species Clause: Limit one of each Pokémon
|rule|OHKO Clause: OHKO moves are banned
|rule|Evasion Items Clause: Evasion items are banned
|rule|Evasion Moves Clause: Evasion moves are banned
|rule|Evasion Abilities Clause: Evasion abilities are banned
|rule|Sleep Moves Clause: Sleep-inducing moves are banned
|clearpoke
|poke|p1|Iron Treads|
|poke|p1|Samurott-Hisui, M|
|poke|p1|Meowscarada, F|
|poke|p1|Zapdos|
|poke|p1|Metagross|
|poke|p1|Tyranitar, M|
|poke|p2|Ceruledge, F|
|poke|p2|Raging Bolt|
|poke|p2|Latias, F|
|poke|p2|Kyurem|
|poke|p2|Ninetales-Alola, F|
|poke|p2|Iron Moth|
|teampreview
|inactive|Battle timer is ON: inactive players will automatically lose when time's up. (requested by leezee-yy)
|
|t:|1760411949
|teamsize|p1|6
|teamsize|p2|6
|start
|switch|p1a: Metagross|Metagross, shiny|100/100
|switch|p2a: snow bunny|Ninetales-Alola, F|100/100
|-weather|Snowscape|[from] ability: Snow Warning|[of] p2a: snow bunny
|turn|1
|
|t:|1760411953
|switch|p2a: MoveMerchant|Iron Moth|100/100
|-enditem|p2a: MoveMerchant|Booster Energy
|-activate|p2a: MoveMerchant|ability: Quark Drive|[fromitem]
|-start|p2a: MoveMerchant|quarkdrivespe
|move|p1a: Metagross|Psychic Fangs|p2a: MoveMerchant
|-supereffective|p2a: MoveMerchant
|-damage|p2a: MoveMerchant|0 fnt
|faint|p2a: MoveMerchant
|-end|p2a: MoveMerchant|Quark Drive|[silent]
|
|-weather|Snowscape|[upkeep]
|upkeep
|
|t:|1760411956
|switch|p2a: 50/50|Raging Bolt|100/100
|-enditem|p2a: 50/50|Booster Energy
|-activate|p2a: 50/50|ability: Protosynthesis|[fromitem]
|-start|p2a: 50/50|protosynthesisspa
|turn|2
|
|t:|1760411959
|move|p2a: 50/50|Calm Mind|p2a: 50/50
|-boost|p2a: 50/50|spa|1
|-boost|p2a: 50/50|spd|1
|move|p1a: Metagross|Knock Off|p2a: 50/50
|-damage|p2a: 50/50|81/100
|
|-weather|Snowscape|[upkeep]
|upkeep
|turn|3
|
|t:|1760411963
|move|p2a: 50/50|Thunderbolt|p1a: Metagross
|-damage|p1a: Metagross|0 fnt
|faint|p1a: Metagross
|
|-weather|Snowscape|[upkeep]
|upkeep
|
|t:|1760411967
|switch|p1a: Iron Treads|Iron Treads|100/100
|-item|p1a: Iron Treads|Air Balloon
|turn|4
|
|t:|1760411970
|move|p1a: Iron Treads|Stealth Rock|p2a: 50/50
|-sidestart|p2: ilytrix|move: Stealth Rock
|move|p2a: 50/50|Dragon Pulse|p1a: Iron Treads
|-resisted|p1a: Iron Treads
|-damage|p1a: Iron Treads|25/100
|-enditem|p1a: Iron Treads|Air Balloon
|
|-weather|Snowscape|[upkeep]
|upkeep
|turn|5
|
|t:|1760411974
|move|p1a: Iron Treads|Earthquake|p2a: 50/50
|-supereffective|p2a: 50/50
|-damage|p2a: 50/50|4/100
|move|p2a: 50/50|Dragon Pulse|p1a: Iron Treads
|-resisted|p1a: Iron Treads
|-damage|p1a: Iron Treads|0 fnt
|faint|p1a: Iron Treads
|-end|p1a: Iron Treads|Quark Drive|[silent]
|
|-weather|none
|upkeep
|
|t:|1760411979
|switch|p1a: Samurott|Samurott-Hisui, M|100/100
|turn|6
|
|t:|1760411983
|move|p1a: Samurott|Aqua Jet|p2a: 50/50
|-resisted|p2a: 50/50
|-damage|p2a: 50/50|0 fnt
|faint|p2a: 50/50
|-end|p2a: 50/50|Protosynthesis|[silent]
|
|upkeep
|
|t:|1760411985
|switch|p2a: snow bunny|Ninetales-Alola, F|100/100
|-damage|p2a: snow bunny|76/100|[from] Stealth Rock
|-weather|Snowscape|[from] ability: Snow Warning|[of] p2a: snow bunny
|turn|7
|
|t:|1760411990
|switch|p1a: Tyranitar|Tyranitar, M|100/100
|-weather|Sandstorm|[from] ability: Sand Stream|[of] p1a: Tyranitar
|move|p2a: snow bunny|Encore||[still]
|-fail|p2a: snow bunny
|
|-weather|Sandstorm|[upkeep]
|-damage|p2a: snow bunny|70/100|[from] Sandstorm
|upkeep
|turn|8
|
|t:|1760412000
|switch|p2a: bury the light|Ceruledge, F|100/100
|-damage|p2a: bury the light|76/100|[from] Stealth Rock
|move|p1a: Tyranitar|Power Gem|p2a: bury the light
|-supereffective|p2a: bury the light
|-damage|p2a: bury the light|0 fnt
|faint|p2a: bury the light
|
|-weather|Sandstorm|[upkeep]
|upkeep
|
|t:|1760412006
|switch|p2a: snow bunny|Ninetales-Alola, F|70/100
|-damage|p2a: snow bunny|45/100|[from] Stealth Rock
|-weather|Snowscape|[from] ability: Snow Warning|[of] p2a: snow bunny
|turn|9
|
|t:|1760412009
|move|p2a: snow bunny|Aurora Veil|p2a: snow bunny
|-sidestart|p2: ilytrix|move: Aurora Veil
|move|p1a: Tyranitar|Power Gem|p2a: snow bunny
|-supereffective|p2a: snow bunny
|-damage|p2a: snow bunny|2/100
|
|-weather|Snowscape|[upkeep]
|upkeep
|turn|10
|
|t:|1760412016
|switch|p1a: Samurott|Samurott-Hisui, M|100/100
|move|p2a: snow bunny|Moonblast|p1a: Samurott
|-supereffective|p1a: Samurott
|-damage|p1a: Samurott|11/100
|
|-weather|Snowscape|[upkeep]
|upkeep
|turn|11
|
|t:|1760412022
|move|p1a: Samurott|Aqua Jet|p2a: snow bunny
|-damage|p2a: snow bunny|0 fnt
|faint|p2a: snow bunny
|
|-weather|Snowscape|[upkeep]
|upkeep
|
|t:|1760412025
|switch|p2a: rng my ahh|Kyurem|100/100
|-damage|p2a: rng my ahh|76/100|[from] Stealth Rock
|-ability|p2a: rng my ahh|Pressure
|turn|12
|
|t:|1760412028
|move|p1a: Samurott|Sucker Punch||[still]
|-fail|p1a: Samurott
|move|p2a: rng my ahh|Dragon Dance|p2a: rng my ahh
|-boost|p2a: rng my ahh|atk|1
|-boost|p2a: rng my ahh|spe|1
|
|-weather|Snowscape|[upkeep]
|upkeep
|turn|13
|
|t:|1760412032
|move|p1a: Samurott|Sucker Punch|p2a: rng my ahh
|-damage|p2a: rng my ahh|60/100
|move|p2a: rng my ahh|Scale Shot|p1a: Samurott
|-damage|p1a: Samurott|0 fnt
|faint|p1a: Samurott
|-hitcount|p1: Samurott|1
|-unboost|p2a: rng my ahh|def|1
|-boost|p2a: rng my ahh|spe|1
|
|-weather|none
|upkeep
|
|t:|1760412042
|switch|p1a: Tyranitar|Tyranitar, M|100/100
|-weather|Sandstorm|[from] ability: Sand Stream|[of] p1a: Tyranitar
|turn|14
|
|t:|1760412049
|move|p2a: rng my ahh|Icicle Spear|p1a: Tyranitar
|-damage|p1a: Tyranitar|80/100
|-damage|p1a: Tyranitar|60/100
|-damage|p1a: Tyranitar|41/100
|-damage|p1a: Tyranitar|23/100
|-hitcount|p1a: Tyranitar|4
|move|p1a: Tyranitar|Knock Off|p2a: rng my ahh
|-damage|p2a: rng my ahh|28/100
|-enditem|p2a: rng my ahh|Loaded Dice|[from] move: Knock Off|[of] p1a: Tyranitar
|
|-weather|Sandstorm|[upkeep]
|-damage|p2a: rng my ahh|22/100|[from] Sandstorm
|upkeep
|turn|15
|
|t:|1760412074
|move|p2a: rng my ahh|Icicle Spear|p1a: Tyranitar
|-crit|p1a: Tyranitar
|-damage|p1a: Tyranitar|0 fnt
|faint|p1a: Tyranitar
|-hitcount|p1: Tyranitar|1
|
|-weather|Sandstorm|[upkeep]
|-damage|p2a: rng my ahh|16/100|[from] Sandstorm
|upkeep
|
|t:|1760412076
|switch|p1a: Zapdos|Zapdos|100/100
|turn|16
|
|t:|1760412091
|-terastallize|p1a: Zapdos|Poison
|move|p2a: rng my ahh|Icicle Spear|p1a: Zapdos
|-damage|p1a: Zapdos|85/100
|-damage|p1a: Zapdos|71/100
|-damage|p1a: Zapdos|57/100
|-damage|p1a: Zapdos|41/100
|-hitcount|p1a: Zapdos|4
|move|p1a: Zapdos|Discharge|p2a: rng my ahh
|-resisted|p2a: rng my ahh
|-damage|p2a: rng my ahh|8/100
|
|-weather|Sandstorm|[upkeep]
|-damage|p2a: rng my ahh|2/100|[from] Sandstorm
|-damage|p1a: Zapdos|35/100|[from] Sandstorm
|-sideend|p2: ilytrix|move: Aurora Veil
|upkeep
|turn|17
|
|t:|1760412096
|move|p2a: rng my ahh|Icicle Spear|p1a: Zapdos
|-damage|p1a: Zapdos|20/100
|-damage|p1a: Zapdos|3/100
|-damage|p1a: Zapdos|0 fnt
|faint|p1a: Zapdos
|-hitcount|p1: Zapdos|3
|
|-weather|Sandstorm|[upkeep]
|-damage|p2a: rng my ahh|0 fnt|[from] Sandstorm
|faint|p2a: rng my ahh
|upkeep
|
|t:|1760412099
|switch|p2a: realpsyspam|Latias, F|100/100
|switch|p1a: Meowscarada|Meowscarada, F|100/100
|-damage|p2a: realpsyspam|88/100|[from] Stealth Rock
|turn|18
|
|t:|1760412102
|-terastallize|p2a: realpsyspam|Steel
|move|p1a: Meowscarada|Knock Off|p2a: realpsyspam
|-start|p1a: Meowscarada|typechange|Dark|[from] ability: Protean
|-damage|p2a: realpsyspam|8/100
|-enditem|p2a: realpsyspam|Leftovers|[from] move: Knock Off|[of] p1a: Meowscarada
|move|p2a: realpsyspam|Agility|p2a: realpsyspam
|-boost|p2a: realpsyspam|spe|2
|
|-weather|none
|upkeep
|turn|19
|
|t:|1760412106
|move|p2a: realpsyspam|Aura Sphere|p1a: Meowscarada
|-supereffective|p1a: Meowscarada
|-damage|p1a: Meowscarada|22/100
|move|p1a: Meowscarada|Knock Off|p2a: realpsyspam
|-damage|p2a: realpsyspam|0 fnt
|faint|p2a: realpsyspam
|
|win|leezee-yy
|raw|leezee-yy's rating: 1751 &rarr; <strong>1770</strong><br />(+19 for winning)
|raw|ilytrix's rating: 1731 &rarr; <strong>1712</strong><br />(-19 for losing)
|c|☆leezee-yy|gg
|l|☆ilytrix
|player|p2|
|l|☆leezee-yy
|player|p1|
