|j|☆cloud29
|j|☆Kiiray
|t:|1760435144
|gametype|singles
|player|p1|cloud29|1|1096
|player|p2|Kiiray|2|1101
|gen|9
|tier|[Gen 9] OU
|rated|
|rule|HP Percentage Mod: HP is shown in percentages
|rule|Endless Battle Clause: Forcing endless battles is banned
|rule|Species Clause: Limit one of each Pokémon
|rule|OHKO Clause: OHKO moves are banned
|rule|Evasion Items Clause: Evasion items are banned
|rule|Evasion Moves Clause: Evasion moves are banned
|rule|Evasion Abilities Clause: Evasion abilities are banned
|rule|Sleep Moves Clause: Sleep-inducing moves are banned
|clearpoke
|poke|p1|Dragonite, F|
|poke|p1|Clefable, F|
|poke|p1|Araquanid, F|
|poke|p1|Polteageist-Antique|
|poke|p1|Goodra-Hisui, M|
|poke|p1|Klefki, M|
|poke|p2|Ceruledge, M|
|poke|p2|Gliscor, M|
|poke|p2|Darkrai|
|poke|p2|Rillaboom, F|
|poke|p2|Scizor, F|
|poke|p2|Primarina, M|
|teampreview
|inactive|Battle timer is ON: inactive players will automatically lose when time's up. (requested by cloud29)
|
|t:|1760435171
|teamsize|p1|6
|teamsize|p2|6
|start
|switch|p1a: Araquanid|Araquanid, F|100/100
|switch|p2a: Gliscor|Gliscor, M|100/100
|turn|1
|
|t:|1760435196
|switch|p2a: Scizor|Scizor, F|100/100
|move|p1a: Araquanid|Liquidation|p2a: Scizor
|-damage|p2a: Scizor|35/100
|
|upkeep
|turn|2
|
|t:|1760435201
|move|p2a: Scizor|Bullet Punch|p1a: Araquanid
|-resisted|p1a: Araquanid
|-damage|p1a: Araquanid|73/100
|move|p1a: Araquanid|Liquidation|p2a: Scizor
|-damage|p2a: Scizor|0 fnt
|faint|p2a: Scizor
|
|upkeep
|
|t:|1760435217
|switch|p2a: Primarina|Primarina, M|100/100
|turn|3
|
|t:|1760435221
|switch|p1a: Klefki|Klefki, M|100/100
|move|p2a: Primarina|Moonblast|p1a: Klefki
|-resisted|p1a: Klefki
|-damage|p1a: Klefki|77/100
|
|upkeep
|turn|4
|
|t:|1760435227
|switch|p2a: Darkrai|Darkrai|100/100
|move|p1a: Klefki|Thunder Wave|p2a: Darkrai
|-hint|Since gen 7, Dark is immune to Prankster moves.
|-immune|p2a: Darkrai
|
|upkeep
|turn|5
|
|t:|1760435233
|move|p2a: Darkrai|Trick|p1a: Klefki
|-activate|p2a: Darkrai|move: Trick|[of] p1a: Klefki
|-item|p1a: Klefki|Choice Scarf|[from] move: Trick
|-item|p2a: Darkrai|Light Clay|[from] move: Trick
|move|p1a: Klefki|Draining Kiss|p2a: Darkrai
|-supereffective|p2a: Darkrai
|-damage|p2a: Darkrai|58/100
|-heal|p1a: Klefki|100/100|[from] drain|[of] p2a: Darkrai
|
|upkeep
|turn|6
|
|t:|1760435249
|switch|p2a: Ceruledge|Ceruledge, M|100/100
|move|p1a: Klefki|Draining Kiss|p2a: Ceruledge
|-resisted|p2a: Ceruledge
|-damage|p2a: Ceruledge|93/100
|
|-heal|p2a: Ceruledge|99/100|[from] item: Leftovers
|upkeep
|turn|7
|
|t:|1760435257
|switch|p1a: Araquanid|Araquanid, F|73/100
|move|p2a: Ceruledge|Bulk Up|p2a: Ceruledge
|-boost|p2a: Ceruledge|atk|1
|-boost|p2a: Ceruledge|def|1
|
|-heal|p2a: Ceruledge|100/100|[from] item: Leftovers
|upkeep
|turn|8
|
|t:|1760435276
|switch|p2a: Primarina|Primarina, M|100/100
|-terastallize|p1a: Araquanid|Water
|move|p1a: Araquanid|Liquidation|p2a: Primarina
|-resisted|p2a: Primarina
|-damage|p2a: Primarina|53/100
|-unboost|p2a: Primarina|def|1
|
|-heal|p2a: Primarina|59/100|[from] item: Leftovers
|upkeep
|turn|9
|
|t:|1760435286
|-terastallize|p2a: Primarina|Fairy
|move|p2a: Primarina|Draining Kiss|p1a: Araquanid
|-damage|p1a: Araquanid|47/100
|-heal|p2a: Primarina|77/100|[from] drain|[of] p1a: Araquanid
|move|p1a: Araquanid|Liquidation|p2a: Primarina
|-damage|p2a: Primarina|0 fnt
|faint|p2a: Primarina
|
|upkeep
|
|t:|1760435297
|switch|p2a: Rillaboom|Rillaboom, F|100/100
|-fieldstart|move: Grassy Terrain|[from] ability: Grassy Surge|[of] p2a: Rillaboom
|turn|10
|
|t:|1760435308
|switch|p1a: Goodra|Goodra-Hisui, M|100/100
|move|p2a: Rillaboom|Grassy Glide|p1a: Goodra
|-resisted|p1a: Goodra
|-damage|p1a: Goodra|91/100
|-ability|p1a: Goodra|Gooey
|-unboost|p2a: Rillaboom|spe|1
|
|-heal|p1a: Goodra|97/100|[from] Grassy Terrain
|upkeep
|turn|11
|
|t:|1760435318
|move|p1a: Goodra|Ice Beam|p2a: Rillaboom
|-supereffective|p2a: Rillaboom
|-damage|p2a: Rillaboom|61/100
|move|p2a: Rillaboom|Knock Off|p1a: Goodra
|-damage|p1a: Goodra|63/100
|-ability|p1a: Goodra|Gooey
|-unboost|p2a: Rillaboom|spe|1
|-enditem|p1a: Goodra|Assault Vest|[from] move: Knock Off|[of] p2a: Rillaboom
|
|-heal|p1a: Goodra|69/100|[from] Grassy Terrain
|-heal|p2a: Rillaboom|68/100|[from] Grassy Terrain
|upkeep
|turn|12
|
|t:|1760435328
|switch|p2a: Ceruledge|Ceruledge, M|100/100
|move|p1a: Goodra|Ice Beam|p2a: Ceruledge
|-resisted|p2a: Ceruledge
|-damage|p2a: Ceruledge|87/100
|-status|p2a: Ceruledge|frz
|
|-heal|p2a: Ceruledge|93/100 frz|[from] Grassy Terrain
|-heal|p2a: Ceruledge|99/100 frz|[from] item: Leftovers
|-heal|p1a: Goodra|75/100|[from] Grassy Terrain
|upkeep
|turn|13
|
|t:|1760435349
|cant|p2a: Ceruledge|frz
|move|p1a: Goodra|Mud Shot|p2a: Ceruledge
|-supereffective|p2a: Ceruledge
|-damage|p2a: Ceruledge|65/100 frz
|-unboost|p2a: Ceruledge|spe|1
|
|-heal|p1a: Goodra|81/100|[from] Grassy Terrain
|-heal|p2a: Ceruledge|71/100 frz|[from] Grassy Terrain
|-heal|p2a: Ceruledge|77/100 frz|[from] item: Leftovers
|upkeep
|turn|14
|
|t:|1760435365
|switch|p1a: Dragonite|Dragonite, F|100/100
|-curestatus|p2a: Ceruledge|frz|[msg]
|move|p2a: Ceruledge|Bitter Blade|p1a: Dragonite
|-resisted|p1a: Dragonite
|-damage|p1a: Dragonite|87/100
|-heal|p2a: Ceruledge|84/100|[from] drain|[of] p1a: Dragonite
|
|-heal|p1a: Dragonite|93/100|[from] item: Leftovers
|-heal|p2a: Ceruledge|90/100|[from] Grassy Terrain
|-heal|p2a: Ceruledge|96/100|[from] item: Leftovers
|-fieldend|move: Grassy Terrain
|upkeep
|turn|15
|inactive|Kiiray has 120 seconds left.
|
|t:|1760435390
|switch|p2a: Gliscor|Gliscor, M|100/100
|move|p1a: Dragonite|Dragon Dance|p1a: Dragonite
|-boost|p1a: Dragonite|atk|1
|-boost|p1a: Dragonite|spe|1
|
|-heal|p1a: Dragonite|99/100|[from] item: Leftovers
|-status|p2a: Gliscor|tox|[from] item: Toxic Orb
|upkeep
|turn|16
|
|t:|1760435399
|move|p1a: Dragonite|Ice Punch|p2a: Gliscor
|-supereffective|p2a: Gliscor
|-damage|p2a: Gliscor|4/100 tox
|move|p2a: Gliscor|Knock Off|p1a: Dragonite
|-damage|p1a: Dragonite|74/100
|-enditem|p1a: Dragonite|Leftovers|[from] move: Knock Off|[of] p2a: Gliscor
|
|-heal|p2a: Gliscor|17/100 tox|[from] ability: Poison Heal
|upkeep
|turn|17
|
|t:|1760435411
|move|p1a: Dragonite|Ice Punch|p2a: Gliscor
|-supereffective|p2a: Gliscor
|-damage|p2a: Gliscor|0 fnt
|faint|p2a: Gliscor
|
|upkeep
|inactive|Kiiray has 120 seconds left.
|
|t:|1760435424
|switch|p2a: Ceruledge|Ceruledge, M|96/100
|turn|18
|inactive|Kiiray has 120 seconds left.
|
|t:|1760435439
|move|p1a: Dragonite|Earthquake|p2a: Ceruledge
|-supereffective|p2a: Ceruledge
|-damage|p2a: Ceruledge|0 fnt
|faint|p2a: Ceruledge
|
|upkeep
|inactive|Kiiray has 120 seconds left.
|
|t:|1760435446
|switch|p2a: Rillaboom|Rillaboom, F|68/100
|-fieldstart|move: Grassy Terrain|[from] ability: Grassy Surge|[of] p2a: Rillaboom
|turn|19
|
|t:|1760435450
|move|p1a: Dragonite|Ice Punch|p2a: Rillaboom
|-supereffective|p2a: Rillaboom
|-damage|p2a: Rillaboom|0 fnt
|faint|p2a: Rillaboom
|
|upkeep
|
|t:|1760435452
|switch|p2a: Darkrai|Darkrai|58/100
|turn|20
|
|t:|1760435455
|move|p1a: Dragonite|Ice Punch|p2a: Darkrai
|-damage|p2a: Darkrai|6/100
|move|p2a: Darkrai|Dark Pulse|p1a: Dragonite
|-damage|p1a: Dragonite|32/100
|
|-heal|p2a: Darkrai|12/100|[from] Grassy Terrain
|upkeep
|turn|21
|
|t:|1760435463
|move|p1a: Dragonite|Extreme Speed|p2a: Darkrai
|-damage|p2a: Darkrai|0 fnt
|faint|p2a: Darkrai
|
|win|cloud29
|raw|cloud29's rating: 1096 &rarr; <strong>1122</strong><br />(+26 for winning)
|raw|Kiiray's rating: 1101 &rarr; <strong>1076</strong><br />(-25 for losing)
|l|☆Kiiray
|player|p2|
|l|☆cloud29
|player|p1|
