|j|☆PAPl
|j|☆ILESFM
|t:|1760324317
|gametype|singles
|player|p1|PAPl|ash|1101
|player|p2|ILESFM|scientist-gen4dp|1099
|gen|9
|tier|[Gen 9] OU
|rated|
|rule|HP Percentage Mod: HP is shown in percentages
|rule|Endless Battle Clause: Forcing endless battles is banned
|rule|Species Clause: Limit one of each Pokémon
|rule|OHKO Clause: OHKO moves are banned
|rule|Evasion Items Clause: Evasion items are banned
|rule|Evasion Moves Clause: Evasion moves are banned
|rule|Evasion Abilities Clause: Evasion abilities are banned
|rule|Sleep Moves Clause: Sleep-inducing moves are banned
|clearpoke
|poke|p1|Umbreon, F|
|poke|p1|Espeon, M|
|poke|p1|Jolteon, F|
|poke|p1|Sylveon, F|
|poke|p1|Vaporeon, F|
|poke|p1|Flareon, F|
|poke|p2|Electivire, M|
|poke|p2|Alomomola, F|
|poke|p2|Dragapult, F|
|poke|p2|Hydrapple, F|
|poke|p2|Great Tusk|
|poke|p2|Goodra-Hisui, F|
|teampreview
|inactive|Battle timer is ON: inactive players will automatically lose when time's up. (requested by PAPl)
|
|t:|1760324334
|teamsize|p1|6
|teamsize|p2|6
|start
|switch|p1a: Pika P|Jolteon, F|100/100
|switch|p2a: Dragapult|Dragapult, F|100/100
|turn|1
|
|t:|1760324341
|switch|p2a: Goodra|Goodra-Hisui, F|100/100
|move|p1a: Pika P|Shadow Ball|p2a: Goodra
|-damage|p2a: Goodra|87/100
|
|upkeep
|turn|2
|
|t:|1760324353
|switch|p1a: Clef|Sylveon, F|100/100
|move|p2a: Goodra|Knock Off|p1a: Clef
|-resisted|p1a: Clef
|-damage|p1a: Clef|86/100
|-enditem|p1a: Clef|Leftovers|[from] move: Knock Off|[of] p2a: Goodra
|
|upkeep
|turn|3
|
|t:|1760324371
|move|p1a: Clef|Calm Mind|p1a: Clef
|-boost|p1a: Clef|spa|1
|-boost|p1a: Clef|spd|1
|move|p2a: Goodra|Flash Cannon|p1a: Clef
|-supereffective|p1a: Clef
|-damage|p1a: Clef|57/100
|
|upkeep
|turn|4
|
|t:|1760324380
|switch|p2a: Electivire|Electivire, M|100/100
|move|p1a: Clef|Hyper Voice|p2a: Electivire
|-damage|p2a: Electivire|0 fnt
|faint|p2a: Electivire
|
|upkeep
|
|t:|1760324387
|switch|p2a: Great Tusk|Great Tusk|100/100
|turn|5
|
|t:|1760324394
|switch|p1a: Squirt L|Vaporeon, F, shiny|100/100
|move|p2a: Great Tusk|Headlong Rush|p1a: Squirt L
|-damage|p1a: Squirt L|53/100
|-unboost|p2a: Great Tusk|def|1
|-unboost|p2a: Great Tusk|spd|1
|
|-heal|p1a: Squirt L|59/100|[from] item: Leftovers
|upkeep
|turn|6
|
|t:|1760324410
|-end|p2a: Great Tusk|Protosynthesis|[silent]
|switch|p2a: Hydrapple|Hydrapple, F|100/100
|move|p1a: Squirt L|Flip Turn|p2a: Hydrapple
|-resisted|p2a: Hydrapple
|-damage|p2a: Hydrapple|99/100
|inactive|PAPl has 120 seconds left.
|
|t:|1760324443
|switch|p1a: Pika P|Jolteon, F|100/100|[from] Flip Turn
|
|upkeep
|turn|7
|
|t:|1760324449
|switch|p2a: Goodra|Goodra-Hisui, F|87/100
|-terastallize|p1a: Pika P|Ice
|move|p1a: Pika P|Tera Blast|p2a: Goodra|[anim] Tera Blast Ice
|-damage|p2a: Goodra|67/100
|
|upkeep
|turn|8
|inactive|PAPl has 120 seconds left.
|
|t:|1760324473
|switch|p1a: Charzrd|Flareon, F|100/100
|move|p2a: Goodra|Knock Off|p1a: Charzrd
|-damage|p1a: Charzrd|59/100
|-enditem|p1a: Charzrd|Focus Sash|[from] move: Knock Off|[of] p2a: Goodra
|
|upkeep
|turn|9
|
|t:|1760324481
|switch|p2a: Alomomola|Alomomola, F|100/100
|move|p1a: Charzrd|Will-O-Wisp|p2a: Alomomola|[miss]
|-miss|p1a: Charzrd|p2a: Alomomola
|
|upkeep
|turn|10
|inactive|PAPl has 120 seconds left.
|
|t:|1760324494
|move|p1a: Charzrd|Will-O-Wisp|p2a: Alomomola
|-status|p2a: Alomomola|brn
|move|p2a: Alomomola|Flip Turn|p1a: Charzrd
|-supereffective|p1a: Charzrd
|-damage|p1a: Charzrd|29/100
|
|t:|1760324502
|switch|p2a: Dragapult|Dragapult, F|100/100|[from] Flip Turn
|
|upkeep
|turn|11
|
|t:|1760324509
|switch|p1a: Umbreon|Umbreon, F, shiny|100/100
|move|p2a: Dragapult|Draco Meteor|p1a: Umbreon
|-damage|p1a: Umbreon|58/100
|-unboost|p2a: Dragapult|spa|2
|
|-heal|p1a: Umbreon|64/100|[from] item: Leftovers
|upkeep
|turn|12
|
|t:|1760324520
|switch|p2a: Alomomola|Alomomola, F|100/100 brn
|move|p1a: Umbreon|Alluring Voice|p2a: Alomomola
|-damage|p2a: Alomomola|87/100 brn
|
|-heal|p1a: Umbreon|70/100|[from] item: Leftovers
|-damage|p2a: Alomomola|81/100 brn|[from] brn
|upkeep
|turn|13
|
|t:|1760324530
|move|p1a: Umbreon|Protect|p1a: Umbreon
|-singleturn|p1a: Umbreon|Protect
|move|p2a: Alomomola|Scald|p1a: Umbreon
|-activate|p1a: Umbreon|move: Protect
|
|-heal|p1a: Umbreon|76/100|[from] item: Leftovers
|-damage|p2a: Alomomola|74/100 brn|[from] brn
|upkeep
|turn|14
|
|t:|1760324539
|move|p1a: Umbreon|Wish|p1a: Umbreon
|move|p2a: Alomomola|Wish|p2a: Alomomola
|
|-heal|p1a: Umbreon|82/100|[from] item: Leftovers
|-damage|p2a: Alomomola|68/100 brn|[from] brn
|upkeep
|turn|15
|
|t:|1760324556
|switch|p2a: Goodra|Goodra-Hisui, F|67/100
|switch|p1a: Clef|Sylveon, F|57/100
|
|-heal|p1a: Clef|100/100|[from] move: Wish|[wisher] Umbreon
|-heal|p2a: Goodra|100/100|[from] move: Wish|[wisher] Alomomola
|upkeep
|turn|16
|
|t:|1760324566
|move|p1a: Clef|Calm Mind|p1a: Clef
|-boost|p1a: Clef|spa|1
|-boost|p1a: Clef|spd|1
|move|p2a: Goodra|Flash Cannon|p1a: Clef
|-supereffective|p1a: Clef
|-damage|p1a: Clef|74/100
|
|upkeep
|turn|17
|
|t:|1760324578
|move|p1a: Clef|Hyper Voice|p2a: Goodra
|-damage|p2a: Goodra|73/100
|move|p2a: Goodra|Flash Cannon|p1a: Clef
|-supereffective|p1a: Clef
|-damage|p1a: Clef|47/100
|
|upkeep
|turn|18
|
|t:|1760324585
|switch|p2a: Great Tusk|Great Tusk|100/100
|move|p1a: Clef|Calm Mind|p1a: Clef
|-boost|p1a: Clef|spa|1
|-boost|p1a: Clef|spd|1
|
|upkeep
|turn|19
|
|t:|1760324594
|switch|p1a: Charzrd|Flareon, F|29/100
|move|p2a: Great Tusk|Headlong Rush|p1a: Charzrd
|-supereffective|p1a: Charzrd
|-damage|p1a: Charzrd|0 fnt
|-unboost|p2a: Great Tusk|def|1
|-unboost|p2a: Great Tusk|spd|1
|faint|p1a: Charzrd
|
|upkeep
|
|t:|1760324599
|switch|p1a: Squirt L|Vaporeon, F, shiny|59/100
|turn|20
|
|t:|1760324610
|-end|p2a: Great Tusk|Protosynthesis|[silent]
|switch|p2a: Hydrapple|Hydrapple, F|100/100
|move|p1a: Squirt L|Ice Beam|p2a: Hydrapple
|-supereffective|p2a: Hydrapple
|-crit|p2a: Hydrapple
|-damage|p2a: Hydrapple|0 fnt
|faint|p2a: Hydrapple
|
|-heal|p1a: Squirt L|65/100|[from] item: Leftovers
|upkeep
|
|t:|1760324621
|switch|p2a: Dragapult|Dragapult, F|100/100
|turn|21
|
|t:|1760324629
|-terastallize|p2a: Dragapult|Dragon
|move|p2a: Dragapult|Draco Meteor|p1a: Squirt L
|-crit|p1a: Squirt L
|-damage|p1a: Squirt L|0 fnt
|-unboost|p2a: Dragapult|spa|2
|faint|p1a: Squirt L
|
|upkeep
|
|t:|1760324656
|switch|p1a: Espeon|Espeon, M|100/100
|turn|22
|
|t:|1760324660
|switch|p2a: Goodra|Goodra-Hisui, F|73/100
|move|p1a: Espeon|Psychic Terrain|p1a: Espeon
|-fieldstart|move: Psychic Terrain
|
|upkeep
|turn|23
|
|t:|1760324669
|move|p1a: Espeon|Expanding Force|p2a: Goodra
|-resisted|p2a: Goodra
|-damage|p2a: Goodra|54/100
|-damage|p1a: Espeon|91/100|[from] item: Life Orb
|move|p2a: Goodra|Flash Cannon|p1a: Espeon
|-damage|p1a: Espeon|51/100
|
|upkeep
|turn|24
|
|t:|1760324681
|switch|p1a: Umbreon|Umbreon, F, shiny|82/100
|move|p2a: Goodra|Flash Cannon|p1a: Umbreon
|-damage|p1a: Umbreon|66/100
|
|-heal|p1a: Umbreon|73/100|[from] item: Leftovers
|upkeep
|turn|25
|
|t:|1760324689
|switch|p2a: Alomomola|Alomomola, F|100/100 brn
|move|p1a: Umbreon|Wish|p1a: Umbreon
|
|-heal|p1a: Umbreon|79/100|[from] item: Leftovers
|-damage|p2a: Alomomola|94/100 brn|[from] brn
|upkeep
|turn|26
|
|t:|1760324703
|switch|p1a: Clef|Sylveon, F|47/100
|move|p2a: Alomomola|Wish|p2a: Alomomola
|
|-heal|p1a: Clef|97/100|[from] move: Wish|[wisher] Umbreon
|-damage|p2a: Alomomola|88/100 brn|[from] brn
|-fieldend|move: Psychic Terrain
|upkeep
|turn|27
|inactive|ILESFM has 120 seconds left.
|
|t:|1760324734
|switch|p2a: Goodra|Goodra-Hisui, F|54/100
|move|p1a: Clef|Hyper Voice|p2a: Goodra
|-damage|p2a: Goodra|36/100
|
|-heal|p2a: Goodra|100/100|[from] move: Wish|[wisher] Alomomola
|upkeep
|turn|28
|
|t:|1760324744
|move|p1a: Clef|Calm Mind|p1a: Clef
|-boost|p1a: Clef|spa|1
|-boost|p1a: Clef|spd|1
|move|p2a: Goodra|Flash Cannon|p1a: Clef
|-supereffective|p1a: Clef
|-damage|p1a: Clef|69/100
|
|upkeep
|turn|29
|
|t:|1760324751
|move|p1a: Clef|Calm Mind|p1a: Clef
|-boost|p1a: Clef|spa|1
|-boost|p1a: Clef|spd|1
|move|p2a: Goodra|Flash Cannon|p1a: Clef
|-supereffective|p1a: Clef
|-damage|p1a: Clef|48/100
|
|upkeep
|turn|30
|
|t:|1760324758
|move|p1a: Clef|Hyper Voice|p2a: Goodra
|-damage|p2a: Goodra|64/100
|move|p2a: Goodra|Flash Cannon|p1a: Clef
|-supereffective|p1a: Clef
|-damage|p1a: Clef|25/100
|
|upkeep
|turn|31
|
|t:|1760324765
|move|p1a: Clef|Hyper Voice|p2a: Goodra
|-damage|p2a: Goodra|25/100
|move|p2a: Goodra|Flash Cannon|p1a: Clef
|-supereffective|p1a: Clef
|-damage|p1a: Clef|2/100
|
|upkeep
|turn|32
|
|t:|1760324773
|switch|p1a: Umbreon|Umbreon, F, shiny|79/100
|move|p2a: Goodra|Flash Cannon|p1a: Umbreon
|-damage|p1a: Umbreon|62/100
|
|-heal|p1a: Umbreon|68/100|[from] item: Leftovers
|upkeep
|turn|33
|
|t:|1760324782
|switch|p2a: Alomomola|Alomomola, F|100/100 brn
|move|p1a: Umbreon|Wish|p1a: Umbreon
|
|-heal|p1a: Umbreon|74/100|[from] item: Leftovers
|-damage|p2a: Alomomola|94/100 brn|[from] brn
|upkeep
|turn|34
|
|t:|1760324795
|switch|p1a: Espeon|Espeon, M|51/100
|move|p2a: Alomomola|Scald|p1a: Espeon
|-damage|p1a: Espeon|36/100
|-status|p1a: Espeon|brn
|
|-heal|p1a: Espeon|100/100 brn|[from] move: Wish|[wisher] Umbreon
|-damage|p1a: Espeon|95/100 brn|[from] brn
|-damage|p2a: Alomomola|88/100 brn|[from] brn
|upkeep
|turn|35
|
|t:|1760324809
|move|p1a: Espeon|Psychic Terrain|p1a: Espeon
|-fieldstart|move: Psychic Terrain
|move|p2a: Alomomola|Wish|p2a: Alomomola
|
|-damage|p1a: Espeon|89/100 brn|[from] brn
|-damage|p2a: Alomomola|82/100 brn|[from] brn
|upkeep
|turn|36
|
|t:|1760324827
|switch|p1a: Pika P|Jolteon, F, tera:Ice|100/100
|switch|p2a: Goodra|Goodra-Hisui, F|25/100
|
|-heal|p2a: Goodra|99/100|[from] move: Wish|[wisher] Alomomola
|upkeep
|turn|37
|
|t:|1760324838
|move|p1a: Pika P|Volt Switch|p2a: Goodra
|-resisted|p2a: Goodra
|-damage|p2a: Goodra|90/100
|
|t:|1760324842
|switch|p1a: Umbreon|Umbreon, F, shiny|74/100|[from] Volt Switch
|move|p2a: Goodra|Flash Cannon|p1a: Umbreon
|-damage|p1a: Umbreon|58/100
|
|-heal|p1a: Umbreon|64/100|[from] item: Leftovers
|upkeep
|turn|38
|
|t:|1760324851
|move|p1a: Umbreon|Alluring Voice|p2a: Goodra
|-damage|p2a: Goodra|85/100
|move|p2a: Goodra|Knock Off|p1a: Umbreon
|-resisted|p1a: Umbreon
|-damage|p1a: Umbreon|55/100
|-enditem|p1a: Umbreon|Leftovers|[from] move: Knock Off|[of] p2a: Goodra
|
|upkeep
|turn|39
|
|t:|1760324860
|move|p1a: Umbreon|Wish|p1a: Umbreon
|move|p2a: Goodra|Flash Cannon|p1a: Umbreon
|-damage|p1a: Umbreon|40/100
|
|-fieldend|move: Psychic Terrain
|upkeep
|turn|40
|
|t:|1760324866
|move|p1a: Umbreon|Protect|p1a: Umbreon
|-singleturn|p1a: Umbreon|Protect
|move|p2a: Goodra|Flash Cannon|p1a: Umbreon
|-activate|p1a: Umbreon|move: Protect
|
|-heal|p1a: Umbreon|90/100|[from] move: Wish|[wisher] Umbreon
|upkeep
|turn|41
|
|t:|1760324878
|move|p1a: Umbreon|Foul Play|p2a: Goodra
|-damage|p2a: Goodra|54/100
|move|p2a: Goodra|Earthquake|p1a: Umbreon
|-damage|p1a: Umbreon|68/100
|
|upkeep
|turn|42
|
|t:|1760324887
|switch|p2a: Alomomola|Alomomola, F|100/100 brn
|move|p1a: Umbreon|Wish|p1a: Umbreon
|
|-damage|p2a: Alomomola|94/100 brn|[from] brn
|upkeep
|turn|43
|
|t:|1760324894
|switch|p1a: Clef|Sylveon, F|2/100
|move|p2a: Alomomola|Scald|p1a: Clef
|-damage|p1a: Clef|0 fnt
|faint|p1a: Clef
|
|-damage|p2a: Alomomola|88/100 brn|[from] brn
|upkeep
|
|t:|1760324903
|switch|p1a: Pika P|Jolteon, F, tera:Ice|100/100
|turn|44
|
|t:|1760324910
|switch|p2a: Goodra|Goodra-Hisui, F|54/100
|move|p1a: Pika P|Volt Switch|p2a: Goodra
|-resisted|p2a: Goodra
|-damage|p2a: Goodra|46/100
|
|t:|1760324914
|switch|p1a: Umbreon|Umbreon, F, shiny|68/100|[from] Volt Switch
|
|upkeep
|turn|45
|
|t:|1760324920
|switch|p2a: Alomomola|Alomomola, F|100/100 brn
|move|p1a: Umbreon|Foul Play|p2a: Alomomola
|-damage|p2a: Alomomola|87/100 brn
|
|-damage|p2a: Alomomola|81/100 brn|[from] brn
|upkeep
|turn|46
|c|☆ILESFM|Gg
|inactive|PAPl has 120 seconds left.
|
|t:|1760324950
|move|p1a: Umbreon|Wish|p1a: Umbreon
|move|p2a: Alomomola|Wish|p2a: Alomomola
|
|-damage|p2a: Alomomola|75/100 brn|[from] brn
|upkeep
|turn|47
|c|☆ILESFM|Sorry my son
|inactive|PAPl has 120 seconds left.
|c|☆PAPl|Lol im playing for actual fun unlike u bro
|inactive|PAPl has 90 seconds left.
|c|☆PAPl|Lame ahh team
|-message|PAPl forfeited.
|
|win|ILESFM
|raw|PAPl's rating: 1101 &rarr; <strong>1076</strong><br />(-25 for losing)
|raw|ILESFM's rating: 1099 &rarr; <strong>1124</strong><br />(+25 for winning)
|l|☆PAPl
|player|p1|
|c|☆ILESFM|Im us8ng goodra
