|j|☆Dew123
|j|☆bar italia
|t:|1760332742
|gametype|singles
|player|p1|Dew123|biker-gen4|1369
|player|p2|bar italia|kimonogirl-gen2|1402
|gen|9
|tier|[Gen 9] OU
|rated|
|rule|HP Percentage Mod: HP is shown in percentages
|rule|Endless Battle Clause: Forcing endless battles is banned
|rule|Species Clause: Limit one of each Pokémon
|rule|OHKO Clause: OHKO moves are banned
|rule|Evasion Items Clause: Evasion items are banned
|rule|Evasion Moves Clause: Evasion moves are banned
|rule|Evasion Abilities Clause: Evasion abilities are banned
|rule|Sleep Moves Clause: Sleep-inducing moves are banned
|clearpoke
|poke|p1|Kyurem|
|poke|p1|Garchomp, M|
|poke|p1|Dragapult, M|
|poke|p1|Dragonite, M|
|poke|p1|Walking Wake|
|poke|p1|Duraludon, M|
|poke|p2|Heatran, F|
|poke|p2|Zamazenta-*|
|poke|p2|Weavile, F|
|poke|p2|Hatterene, F|
|poke|p2|Pecharunt|
|poke|p2|Raging Bolt|
|teampreview
|inactive|Battle timer is ON: inactive players will automatically lose when time's up. (requested by Dew123)
|
|t:|1760332760
|teamsize|p1|6
|teamsize|p2|6
|start
|switch|p1a: Duraludon|Duraludon, M|100/100
|switch|p2a: Raging Bolt|Raging Bolt|100/100
|turn|1
|
|t:|1760332766
|move|p2a: Raging Bolt|Volt Switch|p1a: Duraludon
|-resisted|p1a: Duraludon
|-damage|p1a: Duraludon|84/100
|
|t:|1760332769
|-end|p2a: Raging Bolt|Protosynthesis|[silent]
|switch|p2a: Heatran|Heatran, F, shiny|100/100|[from] Volt Switch
|-item|p2a: Heatran|Air Balloon
|move|p1a: Duraludon|Stealth Rock|p2a: Heatran
|-sidestart|p2: bar italia|move: Stealth Rock
|
|upkeep
|turn|2
|
|t:|1760332777
|move|p2a: Heatran|Stealth Rock|p1a: Duraludon
|-sidestart|p1: Dew123|move: Stealth Rock
|move|p1a: Duraludon|Thunder Wave|p2a: Heatran
|-status|p2a: Heatran|par
|
|upkeep
|turn|3
|
|t:|1760332780
|move|p1a: Duraludon|Heavy Slam|p2a: Heatran
|-resisted|p2a: Heatran
|-damage|p2a: Heatran|97/100 par
|-enditem|p2a: Heatran|Air Balloon
|move|p2a: Heatran|Magma Storm|p1a: Duraludon
|-damage|p1a: Duraludon|43/100
|-activate|p1a: Duraludon|move: Magma Storm|[of] p2a: Heatran
|
|-damage|p1a: Duraludon|30/100|[from] move: Magma Storm|[partiallytrapped]
|upkeep
|turn|4
|
|t:|1760332792
|move|p1a: Duraludon|Stone Edge|p2a: Heatran
|-crit|p2a: Heatran
|-damage|p2a: Heatran|64/100 par
|cant|p2a: Heatran|par
|
|-damage|p1a: Duraludon|18/100|[from] move: Magma Storm|[partiallytrapped]
|upkeep
|turn|5
|
|t:|1760332804
|move|p1a: Duraludon|Stone Edge|p2a: Heatran
|-damage|p2a: Heatran|41/100 par
|move|p2a: Heatran|Earth Power|p1a: Duraludon
|-supereffective|p1a: Duraludon
|-damage|p1a: Duraludon|0 fnt
|faint|p1a: Duraludon
|
|upkeep
|
|t:|1760332813
|switch|p1a: Garchomp|Garchomp, M|100/100
|-damage|p1a: Garchomp|94/100|[from] Stealth Rock
|turn|6
|
|t:|1760332815
|move|p1a: Garchomp|Swords Dance|p1a: Garchomp
|-boost|p1a: Garchomp|atk|2
|move|p2a: Heatran|Will-O-Wisp|p1a: Garchomp
|-status|p1a: Garchomp|brn
|
|-damage|p1a: Garchomp|88/100 brn|[from] brn
|upkeep
|turn|7
|
|t:|1760332830
|move|p1a: Garchomp|Earthquake|p2a: Heatran
|-supereffective|p2a: Heatran
|-damage|p2a: Heatran|0 fnt
|faint|p2a: Heatran
|
|-damage|p1a: Garchomp|82/100 brn|[from] brn
|upkeep
|
|t:|1760332833
|switch|p2a: Raging Bolt|Raging Bolt|100/100
|-damage|p2a: Raging Bolt|88/100|[from] Stealth Rock
|turn|8
|
|t:|1760332847
|move|p2a: Raging Bolt|Draco Meteor|p1a: Garchomp
|-supereffective|p1a: Garchomp
|-damage|p1a: Garchomp|0 fnt
|-unboost|p2a: Raging Bolt|spa|2
|faint|p1a: Garchomp
|
|upkeep
|
|t:|1760332849
|switch|p1a: Walking Wake|Walking Wake|100/100
|turn|9
|
|t:|1760332853
|move|p2a: Raging Bolt|Draco Meteor|p1a: Walking Wake
|-supereffective|p1a: Walking Wake
|-damage|p1a: Walking Wake|18/100
|-unboost|p2a: Raging Bolt|spa|2
|move|p1a: Walking Wake|Draco Meteor|p2a: Raging Bolt
|-supereffective|p2a: Raging Bolt
|-damage|p2a: Raging Bolt|0 fnt
|-unboost|p1a: Walking Wake|spa|2
|faint|p2a: Raging Bolt
|-end|p2a: Raging Bolt|Protosynthesis|[silent]
|
|upkeep
|
|t:|1760332861
|switch|p2a: Zamazenta|Zamazenta|100/100
|-damage|p2a: Zamazenta|94/100|[from] Stealth Rock
|-ability|p2a: Zamazenta|Dauntless Shield|boost
|-boost|p2a: Zamazenta|def|1
|turn|10
|
|t:|1760332873
|move|p2a: Zamazenta|Crunch|p1a: Walking Wake
|-damage|p1a: Walking Wake|0 fnt
|faint|p1a: Walking Wake
|-end|p1a: Walking Wake|Protosynthesis|[silent]
|
|upkeep
|
|t:|1760332874
|switch|p1a: Dragapult|Dragapult, M|100/100
|turn|11
|
|t:|1760332877
|-terastallize|p2a: Zamazenta|Dark
|move|p1a: Dragapult|Will-O-Wisp|p2a: Zamazenta
|-status|p2a: Zamazenta|brn
|-enditem|p2a: Zamazenta|Lum Berry|[eat]
|-curestatus|p2a: Zamazenta|brn|[msg]
|move|p2a: Zamazenta|Crunch|p1a: Dragapult
|-supereffective|p1a: Dragapult
|-damage|p1a: Dragapult|4/100
|
|upkeep
|turn|12
|
|t:|1760332884
|switch|p2a: Hatterene|Hatterene, F|100/100
|-damage|p2a: Hatterene|88/100|[from] Stealth Rock
|move|p1a: Dragapult|U-turn|p2a: Hatterene
|-damage|p2a: Hatterene|71/100
|
|t:|1760332887
|switch|p1a: Dragonite|Dragonite, M|100/100|[from] U-turn
|
|-heal|p2a: Hatterene|77/100|[from] item: Leftovers
|upkeep
|turn|13
|
|t:|1760332890
|move|p1a: Dragonite|Dragon Dance|p1a: Dragonite
|-boost|p1a: Dragonite|atk|1
|-boost|p1a: Dragonite|spe|1
|move|p2a: Hatterene|Draining Kiss|p1a: Dragonite
|-supereffective|p1a: Dragonite
|-damage|p1a: Dragonite|75/100
|-heal|p2a: Hatterene|96/100|[from] drain|[of] p1a: Dragonite
|
|-heal|p2a: Hatterene|100/100|[from] item: Leftovers
|upkeep
|turn|14
|
|t:|1760332893
|-terastallize|p1a: Dragonite|Normal
|move|p1a: Dragonite|Extreme Speed|p2a: Hatterene
|-damage|p2a: Hatterene|40/100
|move|p2a: Hatterene|Draining Kiss|p1a: Dragonite
|-damage|p1a: Dragonite|52/100
|-heal|p2a: Hatterene|58/100|[from] drain|[of] p1a: Dragonite
|
|-heal|p2a: Hatterene|64/100|[from] item: Leftovers
|upkeep
|turn|15
|
|t:|1760332900
|move|p1a: Dragonite|Dragon Dance|p1a: Dragonite
|-boost|p1a: Dragonite|atk|1
|-boost|p1a: Dragonite|spe|1
|move|p2a: Hatterene|Psyshock|p1a: Dragonite
|-damage|p1a: Dragonite|9/100
|
|-heal|p2a: Hatterene|70/100|[from] item: Leftovers
|upkeep
|turn|16
|
|t:|1760332902
|move|p1a: Dragonite|Extreme Speed|p2a: Hatterene
|-damage|p2a: Hatterene|0 fnt
|faint|p2a: Hatterene
|
|upkeep
|
|t:|1760332905
|switch|p2a: Pecharunt|Pecharunt|100/100
|-damage|p2a: Pecharunt|88/100|[from] Stealth Rock
|turn|17
|
|t:|1760332907
|move|p1a: Dragonite|Earthquake|p2a: Pecharunt
|-supereffective|p2a: Pecharunt
|-damage|p2a: Pecharunt|13/100
|move|p2a: Pecharunt|Malignant Chain|p1a: Dragonite
|-damage|p1a: Dragonite|0 fnt
|faint|p1a: Dragonite
|
|upkeep
|
|t:|1760332910
|switch|p1a: Kyurem|Kyurem|100/100
|-damage|p1a: Kyurem|76/100|[from] Stealth Rock
|-ability|p1a: Kyurem|Pressure
|turn|18
|
|t:|1760332912
|move|p1a: Kyurem|Scale Shot|p2a: Pecharunt|[miss]
|-miss|p1a: Kyurem|p2a: Pecharunt
|move|p2a: Pecharunt|Malignant Chain|p1a: Kyurem
|-damage|p1a: Kyurem|44/100
|
|upkeep
|turn|19
|
|t:|1760332914
|move|p1a: Kyurem|Scale Shot|p2a: Pecharunt
|-damage|p2a: Pecharunt|7/100
|-crit|p2a: Pecharunt
|-damage|p2a: Pecharunt|0 fnt
|faint|p2a: Pecharunt
|-hitcount|p2: Pecharunt|2
|-unboost|p1a: Kyurem|def|1
|-boost|p1a: Kyurem|spe|1
|
|upkeep
|
|t:|1760332917
|switch|p2a: Zamazenta|Zamazenta, tera:Dark|94/100
|-damage|p2a: Zamazenta|82/100|[from] Stealth Rock
|turn|20
|
|t:|1760332920
|move|p1a: Kyurem|Scale Shot|p2a: Zamazenta
|-damage|p2a: Zamazenta|73/100
|-damage|p2a: Zamazenta|62/100
|-damage|p2a: Zamazenta|51/100
|-damage|p2a: Zamazenta|41/100
|-hitcount|p2a: Zamazenta|4
|-unboost|p1a: Kyurem|def|1
|-boost|p1a: Kyurem|spe|1
|move|p2a: Zamazenta|Body Press|p1a: Kyurem
|-supereffective|p1a: Kyurem
|-damage|p1a: Kyurem|0 fnt
|faint|p1a: Kyurem
|
|upkeep
|
|t:|1760332922
|switch|p1a: Dragapult|Dragapult, M|4/100
|turn|21
|
|t:|1760332925
|move|p1a: Dragapult|U-turn|p2a: Zamazenta
|-supereffective|p2a: Zamazenta
|-damage|p2a: Zamazenta|10/100
|move|p2a: Zamazenta|Crunch|p1a: Dragapult
|-supereffective|p1a: Dragapult
|-damage|p1a: Dragapult|0 fnt
|faint|p1a: Dragapult
|
|win|bar italia
|raw|Dew123's rating: 1393 &rarr; <strong>1374</strong><br />(-19 for losing)
|raw|bar italia's rating: 1402 &rarr; <strong>1421</strong><br />(+19 for winning)
|l|☆Dew123
|player|p1|
|c|☆bar italia|tt
|l|☆bar italia
|player|p2|
