|j|☆Bimx
|j|☆im coral ❤
|t:|1760330685
|gametype|singles
|player|p1|Bimx|265|1469
|player|p2|im coral ❤|lady|1568
|gen|9
|tier|[Gen 9] OU
|rated|
|rule|HP Percentage Mod: HP is shown in percentages
|rule|Endless Battle Clause: Forcing endless battles is banned
|rule|Species Clause: Limit one of each Pokémon
|rule|OHKO Clause: OHKO moves are banned
|rule|Evasion Items Clause: Evasion items are banned
|rule|Evasion Moves Clause: Evasion moves are banned
|rule|Evasion Abilities Clause: Evasion abilities are banned
|rule|Sleep Moves Clause: Sleep-inducing moves are banned
|clearpoke
|poke|p1|Torkoal, M|
|poke|p1|Venusaur, F|
|poke|p1|Raging Bolt|
|poke|p1|Great Tusk|
|poke|p1|Hatterene, F|
|poke|p1|Dragapult, F|
|poke|p2|Zamazenta-*|
|poke|p2|Ceruledge, M|
|poke|p2|Kyurem|
|poke|p2|Iron Crown|
|poke|p2|Kingambit, M|
|poke|p2|Moltres-Galar|
|teampreview
|
|t:|1760330726
|teamsize|p1|6
|teamsize|p2|6
|start
|switch|p1a: Torkoal|Torkoal, M|100/100
|switch|p2a: Zamazenta|Zamazenta|100/100
|-ability|p2a: Zamazenta|Dauntless Shield|boost
|-boost|p2a: Zamazenta|def|1
|-weather|SunnyDay|[from] ability: Drought|[of] p1a: Torkoal
|turn|1
|inactive|Battle timer is ON: inactive players will automatically lose when time's up. (requested by Bimx)
|
|t:|1760330764
|switch|p1a: Hatterene|Hatterene, F|100/100
|move|p2a: Zamazenta|Light Screen|p2a: Zamazenta
|-sidestart|p2: im coral ❤|move: Light Screen
|
|-weather|SunnyDay|[upkeep]
|upkeep
|turn|2
|
|t:|1760330777
|move|p2a: Zamazenta|Reflect|p2a: Zamazenta
|-sidestart|p2: im coral ❤|Reflect
|move|p1a: Hatterene|Nuzzle|p2a: Zamazenta
|-damage|p2a: Zamazenta|99/100
|-status|p2a: Zamazenta|par
|
|-weather|SunnyDay|[upkeep]
|upkeep
|turn|3
|inactive|im coral ❤ has 120 seconds left.
|
|t:|1760330816
|switch|p2a: Iron Crown|Iron Crown|100/100
|-enditem|p2a: Iron Crown|Booster Energy
|-activate|p2a: Iron Crown|ability: Quark Drive|[fromitem]
|-start|p2a: Iron Crown|quarkdrivespe
|move|p1a: Hatterene|Draining Kiss|p2a: Iron Crown
|-resisted|p2a: Iron Crown
|-damage|p2a: Iron Crown|95/100
|
|-weather|SunnyDay|[upkeep]
|upkeep
|turn|4
|inactive|im coral ❤ has 120 seconds left.
|
|t:|1760330826
|move|p2a: Iron Crown|Calm Mind|p2a: Iron Crown
|-boost|p2a: Iron Crown|spa|1
|-boost|p2a: Iron Crown|spd|1
|move|p1a: Hatterene|Mystical Fire|p2a: Iron Crown
|-supereffective|p2a: Iron Crown
|-damage|p2a: Iron Crown|70/100
|-unboost|p2a: Iron Crown|spa|1
|
|-weather|SunnyDay|[upkeep]
|upkeep
|turn|5
|
|t:|1760330833
|move|p2a: Iron Crown|Tachyon Cutter|p1a: Hatterene
|-supereffective|p1a: Hatterene
|-damage|p1a: Hatterene|63/100
|-supereffective|p1a: Hatterene
|-damage|p1a: Hatterene|23/100
|-hitcount|p1a: Hatterene|2
|-enditem|p1a: Hatterene|Eject Button
|
|t:|1760330854
|switch|p1a: Raging Bolt|Raging Bolt|100/100
|-activate|p1a: Raging Bolt|ability: Protosynthesis
|-start|p1a: Raging Bolt|protosynthesisspa
|
|-weather|SunnyDay|[upkeep]
|upkeep
|turn|6
|
|t:|1760330862
|move|p2a: Iron Crown|Calm Mind|p2a: Iron Crown
|-boost|p2a: Iron Crown|spa|1
|-boost|p2a: Iron Crown|spd|1
|move|p1a: Raging Bolt|Thunderbolt|p2a: Iron Crown
|-damage|p2a: Iron Crown|44/100
|
|-weather|SunnyDay|[upkeep]
|upkeep
|turn|7
|
|t:|1760330891
|move|p2a: Iron Crown|Psyshock|p1a: Raging Bolt
|-damage|p1a: Raging Bolt|49/100
|move|p1a: Raging Bolt|Thunderbolt|p2a: Iron Crown
|-damage|p2a: Iron Crown|21/100
|
|-weather|SunnyDay|[upkeep]
|upkeep
|turn|8
|inactive|Bimx has 120 seconds left.
|
|t:|1760330907
|move|p2a: Iron Crown|Psyshock|p1a: Raging Bolt
|-damage|p1a: Raging Bolt|0 fnt
|faint|p1a: Raging Bolt
|-end|p1a: Raging Bolt|Protosynthesis|[silent]
|
|-weather|none
|-sideend|p2: im coral ❤|move: Light Screen
|upkeep
|inactive|Bimx has 120 seconds left.
|
|t:|1760330927
|switch|p1a: Torkoal|Torkoal, M|100/100
|-weather|SunnyDay|[from] ability: Drought|[of] p1a: Torkoal
|turn|9
|
|t:|1760330947
|move|p2a: Iron Crown|Focus Blast|p1a: Torkoal|[miss]
|-miss|p2a: Iron Crown|p1a: Torkoal
|move|p1a: Torkoal|Body Press|p2a: Iron Crown
|-damage|p2a: Iron Crown|6/100
|
|-weather|SunnyDay|[upkeep]
|-sideend|p2: im coral ❤|Reflect
|upkeep
|turn|10
|
|t:|1760330961
|switch|p1a: Hatterene|Hatterene, F|23/100
|move|p2a: Iron Crown|Focus Blast|p1a: Hatterene
|-resisted|p1a: Hatterene
|-damage|p1a: Hatterene|10/100
|
|-weather|SunnyDay|[upkeep]
|upkeep
|turn|11
|
|t:|1760330971
|move|p2a: Iron Crown|Tachyon Cutter|p1a: Hatterene
|-supereffective|p1a: Hatterene
|-damage|p1a: Hatterene|0 fnt
|faint|p1a: Hatterene
|-hitcount|p1: Hatterene|1
|
|-weather|SunnyDay|[upkeep]
|upkeep
|
|t:|1760330979
|switch|p1a: Venusaur|Venusaur, F|100/100
|turn|12
|
|t:|1760330982
|move|p1a: Venusaur|Weather Ball|p2a: Iron Crown
|-supereffective|p2a: Iron Crown
|-damage|p2a: Iron Crown|0 fnt
|faint|p2a: Iron Crown
|-end|p2a: Iron Crown|Quark Drive|[silent]
|-damage|p1a: Venusaur|91/100|[from] item: Life Orb
|
|-weather|SunnyDay|[upkeep]
|upkeep
|inactive|im coral ❤ has 120 seconds left.
|
|t:|1760331031
|switch|p2a: Zamazenta|Zamazenta|99/100 par
|turn|13
|
|t:|1760331039
|move|p1a: Venusaur|Growth|p1a: Venusaur
|-boost|p1a: Venusaur|atk|2
|-boost|p1a: Venusaur|spa|2
|move|p2a: Zamazenta|Light Screen|p2a: Zamazenta
|-sidestart|p2: im coral ❤|move: Light Screen
|
|-weather|SunnyDay|[upkeep]
|upkeep
|turn|14
|
|t:|1760331047
|move|p1a: Venusaur|Weather Ball|p2a: Zamazenta
|-damage|p2a: Zamazenta|44/100 par
|-damage|p1a: Venusaur|81/100|[from] item: Life Orb
|move|p2a: Zamazenta|Reflect|p2a: Zamazenta
|-sidestart|p2: im coral ❤|Reflect
|
|-weather|SunnyDay|[upkeep]
|upkeep
|turn|15
|
|t:|1760331053
|move|p1a: Venusaur|Weather Ball|p2a: Zamazenta
|-damage|p2a: Zamazenta|0 fnt
|faint|p2a: Zamazenta
|-damage|p1a: Venusaur|71/100|[from] item: Life Orb
|
|-weather|SunnyDay|[upkeep]
|upkeep
|
|t:|1760331061
|switch|p2a: Kyurem|Kyurem|100/100
|-ability|p2a: Kyurem|Pressure
|turn|16
|
|t:|1760331074
|move|p1a: Venusaur|Sludge Bomb|p2a: Kyurem
|-damage|p2a: Kyurem|50/100
|-damage|p1a: Venusaur|61/100|[from] item: Life Orb
|move|p2a: Kyurem|Icicle Spear|p1a: Venusaur
|-supereffective|p1a: Venusaur
|-damage|p1a: Venusaur|27/100
|-supereffective|p1a: Venusaur
|-damage|p1a: Venusaur|0 fnt
|faint|p1a: Venusaur
|-hitcount|p1: Venusaur|2
|
|-weather|none
|upkeep
|inactive|Bimx has 120 seconds left.
|
|t:|1760331104
|switch|p1a: Torkoal|Torkoal, M|100/100
|-weather|SunnyDay|[from] ability: Drought|[of] p1a: Torkoal
|turn|17
|inactive|Bimx has 120 seconds left.
|
|t:|1760331112
|switch|p2a: Ceruledge|Ceruledge, M|100/100
|move|p1a: Torkoal|Body Press|p2a: Ceruledge
|-immune|p2a: Ceruledge
|
|-weather|SunnyDay|[upkeep]
|upkeep
|turn|18
|inactive|Bimx has 120 seconds left.
|inactive|Bimx has 90 seconds left.
|
|t:|1760331152
|switch|p1a: Dragapult|Dragapult, F|100/100
|move|p2a: Ceruledge|Swords Dance|p2a: Ceruledge
|-boost|p2a: Ceruledge|atk|2
|
|-weather|SunnyDay|[upkeep]
|upkeep
|turn|19
|inactive|Bimx has 90 seconds left.
|inactive|Bimx has 60 seconds left.
|
|t:|1760331203
|move|p2a: Ceruledge|Shadow Sneak|p1a: Dragapult
|-supereffective|p1a: Dragapult
|-damage|p1a: Dragapult|0 fnt
|faint|p1a: Dragapult
|
|-weather|SunnyDay|[upkeep]
|upkeep
|inactive|Bimx has 30 seconds left.
|inactive|Bimx has 20 seconds left.
|inactive|Bimx has 15 seconds left.
|
|t:|1760331248
|switch|p1a: Great Tusk|Great Tusk|100/100
|-activate|p1a: Great Tusk|ability: Protosynthesis
|-start|p1a: Great Tusk|protosynthesisatk
|turn|20
|inactive|Bimx has 25 seconds left this turn.
|
|t:|1760331261
|-terastallize|p2a: Ceruledge|Fairy
|move|p1a: Great Tusk|Headlong Rush|p2a: Ceruledge
|-damage|p2a: Ceruledge|47/100
|-unboost|p1a: Great Tusk|def|1
|-unboost|p1a: Great Tusk|spd|1
|-ability|p2a: Ceruledge|Weak Armor|boost
|-unboost|p2a: Ceruledge|def|1
|-boost|p2a: Ceruledge|spe|2
|move|p2a: Ceruledge|Bitter Blade|p1a: Great Tusk
|-damage|p1a: Great Tusk|0 fnt
|-heal|p2a: Ceruledge|100/100|[from] drain|[of] p1a: Great Tusk
|faint|p1a: Great Tusk
|-end|p1a: Great Tusk|Protosynthesis|[silent]
|
|-weather|SunnyDay|[upkeep]
|-sideend|p2: im coral ❤|move: Light Screen
|upkeep
|inactive|Bimx has 30 seconds left this turn.
|inactive|Bimx has 20 seconds left.
|inactive|Bimx has 15 seconds left.
|-message|Bimx forfeited.
|
|win|im coral ❤
|raw|Bimx's rating: 1469 &rarr; <strong>1455</strong><br />(-14 for losing)
|raw|im coral ❤'s rating: 1568 &rarr; <strong>1582</strong><br />(+14 for winning)
|l|☆Bimx
|player|p1|
|l|☆im coral ❤
|player|p2|
