|j|☆purple_guy1
|j|‽renderfailed
|t:|1760371818
|gametype|singles
|player|p1|purple_guy1|clerk-boss|1141
|player|p2|renderfailed|pokemaniac|1165
|gen|9
|tier|[Gen 9] OU
|rated|
|rule|HP Percentage Mod: HP is shown in percentages
|rule|Endless Battle Clause: Forcing endless battles is banned
|rule|Species Clause: Limit one of each Pokémon
|rule|OHKO Clause: OHKO moves are banned
|rule|Evasion Items Clause: Evasion items are banned
|rule|Evasion Moves Clause: Evasion moves are banned
|rule|Evasion Abilities Clause: Evasion abilities are banned
|rule|Sleep Moves Clause: Sleep-inducing moves are banned
|clearpoke
|poke|p1|Okidogi, M|
|poke|p1|Clefairy, F|
|poke|p1|Salamence, M|
|poke|p1|Gholdengo|
|poke|p1|Ogerpon-Wellspring, F|
|poke|p1|Mimikyu, M|
|poke|p2|Ninetales-Alola, F|
|poke|p2|Emboar, M|
|poke|p2|Alomomola, M|
|poke|p2|Landorus-Therian, M|
|poke|p2|Clawitzer, F|
|poke|p2|Sandslash-Alola, F|
|teampreview
|
|t:|1760371831
|teamsize|p1|6
|teamsize|p2|6
|start
|switch|p1a: pink fairy|Clefairy, F|100/100
|switch|p2a: Ninetales|Ninetales-Alola, F|100/100
|-weather|Snowscape|[from] ability: Snow Warning|[of] p2a: Ninetales
|turn|1
|
|t:|1760371839
|move|p2a: Ninetales|Aurora Veil|p2a: Ninetales
|-sidestart|p2: renderfailed|move: Aurora Veil
|move|p1a: pink fairy|Thunder Wave|p2a: Ninetales
|-status|p2a: Ninetales|par
|
|-weather|Snowscape|[upkeep]
|upkeep
|turn|2
|
|t:|1760371858
|move|p2a: Ninetales|Encore|p1a: pink fairy
|-start|p1a: pink fairy|Encore
|move|p1a: pink fairy|Thunder Wave|p2a: Ninetales
|-fail|p2a: Ninetales|par
|
|-weather|Snowscape|[upkeep]
|upkeep
|turn|3
|
|t:|1760371865
|switch|p2a: Landorus|Landorus-Therian, M|100/100
|-ability|p2a: Landorus|Intimidate|boost
|-unboost|p1a: pink fairy|atk|1
|switch|p1a: fighting dogo|Okidogi, M|100/100
|
|-weather|Snowscape|[upkeep]
|upkeep
|turn|4
|
|t:|1760371884
|-terastallize|p1a: fighting dogo|Dark
|move|p2a: Landorus|Stealth Rock|p1a: fighting dogo
|-sidestart|p1: purple_guy1|move: Stealth Rock
|move|p1a: fighting dogo|Bulk Up|p1a: fighting dogo
|-boost|p1a: fighting dogo|atk|1
|-boost|p1a: fighting dogo|def|1
|
|-weather|Snowscape|[upkeep]
|upkeep
|turn|5
|
|t:|1760371900
|move|p2a: Landorus|Taunt|p1a: fighting dogo
|-start|p1a: fighting dogo|move: Taunt
|cant|p1a: fighting dogo|move: Taunt|Bulk Up
|
|-weather|none
|upkeep
|turn|6
|
|t:|1760371906
|move|p2a: Landorus|U-turn|p1a: fighting dogo
|-supereffective|p1a: fighting dogo
|-damage|p1a: fighting dogo|77/100
|
|t:|1760371919
|switch|p2a: Clawitzer|Clawitzer, F|100/100|[from] U-turn
|move|p1a: fighting dogo|Drain Punch|p2a: Clawitzer
|-damage|p2a: Clawitzer|60/100
|-heal|p1a: fighting dogo|95/100|[from] drain|[of] p2a: Clawitzer
|-status|p2a: Clawitzer|tox|[from] ability: Toxic Chain|[of] p1a: fighting dogo
|
|-heal|p1a: fighting dogo|100/100|[from] item: Leftovers
|-damage|p2a: Clawitzer|54/100 tox|[from] psn
|upkeep
|turn|7
|
|t:|1760371932
|move|p1a: fighting dogo|Drain Punch|p2a: Clawitzer
|-damage|p2a: Clawitzer|8/100 tox
|move|p2a: Clawitzer|Aura Sphere|p1a: fighting dogo
|-supereffective|p1a: fighting dogo
|-crit|p1a: fighting dogo
|-damage|p1a: fighting dogo|0 fnt
|faint|p1a: fighting dogo
|
|-damage|p2a: Clawitzer|0 fnt|[from] psn
|faint|p2a: Clawitzer
|upkeep
|inactive|Battle timer is ON: inactive players will automatically lose when time's up. (requested by purple_guy1)
|
|t:|1760371948
|switch|p1a: pink fairy|Clefairy, F|100/100
|switch|p2a: Emboar|Emboar, M|100/100
|turn|8
|
|t:|1760371956
|move|p2a: Emboar|Flare Blitz|p1a: pink fairy
|-damage|p1a: pink fairy|17/100
|-damage|p2a: Emboar|79/100|[from] Recoil
|move|p1a: pink fairy|Thunder Wave|p2a: Emboar
|-status|p2a: Emboar|par
|
|-sideend|p2: renderfailed|move: Aurora Veil
|upkeep
|turn|9
|
|t:|1760371966
|cant|p2a: Emboar|par
|move|p1a: pink fairy|Wish|p1a: pink fairy
|
|upkeep
|turn|10
|
|t:|1760371976
|move|p2a: Emboar|Flare Blitz|p1a: pink fairy
|-damage|p1a: pink fairy|0 fnt
|faint|p1a: pink fairy
|-damage|p2a: Emboar|75/100 par|[from] Recoil
|
|upkeep
|
|t:|1760371993
|switch|p1a: Mimikyu|Mimikyu, M|100/100
|-damage|p1a: Mimikyu|88/100|[from] Stealth Rock
|turn|11
|
|t:|1760372022
|move|p1a: Mimikyu|Bulk Up|p1a: Mimikyu
|-boost|p1a: Mimikyu|atk|1
|-boost|p1a: Mimikyu|def|1
|move|p2a: Emboar|Flare Blitz|p1a: Mimikyu
|-activate|p1a: Mimikyu|ability: Disguise
|-damage|p1a: Mimikyu|88/100
|detailschange|p1a: Mimikyu|Mimikyu-Busted, M
|-damage|p1a: Mimikyu|76/100|[from] pokemon: Mimikyu-Busted
|
|upkeep
|turn|12
|
|t:|1760372033
|move|p1a: Mimikyu|Play Rough|p2a: Emboar
|-damage|p2a: Emboar|0 fnt
|faint|p2a: Emboar
|
|upkeep
|
|t:|1760372039
|switch|p2a: Ninetales|Ninetales-Alola, F|100/100 par
|-weather|Snowscape|[from] ability: Snow Warning|[of] p2a: Ninetales
|turn|13
|
|t:|1760372045
|move|p1a: Mimikyu|Drain Punch|p2a: Ninetales
|-damage|p2a: Ninetales|71/100 par
|-heal|p1a: Mimikyu|96/100|[from] drain|[of] p2a: Ninetales
|move|p2a: Ninetales|Aurora Veil|p2a: Ninetales
|-sidestart|p2: renderfailed|move: Aurora Veil
|
|-weather|Snowscape|[upkeep]
|upkeep
|turn|14
|
|t:|1760372054
|switch|p2a: Landorus|Landorus-Therian, M|100/100
|-ability|p2a: Landorus|Intimidate|boost
|-unboost|p1a: Mimikyu|atk|1
|move|p1a: Mimikyu|Drain Punch|p2a: Landorus
|-resisted|p2a: Landorus
|-damage|p2a: Landorus|95/100
|-heal|p1a: Mimikyu|100/100|[from] drain|[of] p2a: Landorus
|-damage|p1a: Mimikyu|84/100|[from] item: Rocky Helmet|[of] p2a: Landorus
|
|-weather|Snowscape|[upkeep]
|upkeep
|turn|15
|
|t:|1760372074
|switch|p1a: dragon guy|Salamence, M|100/100
|-damage|p1a: dragon guy|75/100|[from] Stealth Rock
|move|p2a: Landorus|Taunt|p1a: dragon guy
|-start|p1a: dragon guy|move: Taunt
|
|-weather|Snowscape|[upkeep]
|upkeep
|turn|16
|
|t:|1760372084
|move|p2a: Landorus|U-turn|p1a: dragon guy
|-resisted|p1a: dragon guy
|-damage|p1a: dragon guy|62/100
|
|t:|1760372087
|switch|p2a: Sandslash|Sandslash-Alola, F|100/100|[from] U-turn
|move|p1a: dragon guy|Rock Slide|p2a: Sandslash
|-damage|p2a: Sandslash|93/100
|
|-weather|Snowscape|[upkeep]
|-heal|p2a: Sandslash|99/100|[from] item: Leftovers
|upkeep
|turn|17
|
|t:|1760372102
|switch|p1a: Gholdengo|Gholdengo|100/100
|-damage|p1a: Gholdengo|94/100|[from] Stealth Rock
|-item|p1a: Gholdengo|Air Balloon
|move|p2a: Sandslash|Icicle Crash|p1a: Gholdengo
|-resisted|p1a: Gholdengo
|-damage|p1a: Gholdengo|80/100
|-enditem|p1a: Gholdengo|Air Balloon
|
|-weather|none
|-heal|p2a: Sandslash|100/100|[from] item: Leftovers
|upkeep
|turn|18
|
|t:|1760372115
|move|p1a: Gholdengo|Nasty Plot|p1a: Gholdengo
|-boost|p1a: Gholdengo|spa|2
|move|p2a: Sandslash|Knock Off|p1a: Gholdengo
|-supereffective|p1a: Gholdengo
|-damage|p1a: Gholdengo|51/100
|
|upkeep
|turn|19
|
|t:|1760372127
|switch|p2a: Landorus|Landorus-Therian, M|95/100
|-ability|p2a: Landorus|Intimidate|boost
|-unboost|p1a: Gholdengo|atk|1
|move|p1a: Gholdengo|Shadow Ball|p2a: Landorus
|-damage|p2a: Landorus|46/100
|
|upkeep
|turn|20
|
|t:|1760372138
|move|p2a: Landorus|Earth Power|p1a: Gholdengo
|-supereffective|p1a: Gholdengo
|-damage|p1a: Gholdengo|0 fnt
|faint|p1a: Gholdengo
|
|-sideend|p2: renderfailed|move: Aurora Veil
|upkeep
|
|t:|1760372149
|switch|p1a: Ogerpon|Ogerpon-Wellspring, F|100/100
|-damage|p1a: Ogerpon|88/100|[from] Stealth Rock
|turn|21
|
|t:|1760372156
|move|p1a: Ogerpon|Swords Dance|p1a: Ogerpon
|-boost|p1a: Ogerpon|atk|2
|move|p2a: Landorus|U-turn|p1a: Ogerpon
|-supereffective|p1a: Ogerpon
|-damage|p1a: Ogerpon|40/100
|
|t:|1760372161
|switch|p2a: Ninetales|Ninetales-Alola, F|71/100 par|[from] U-turn
|-weather|Snowscape|[from] ability: Snow Warning|[of] p2a: Ninetales
|
|-weather|Snowscape|[upkeep]
|upkeep
|turn|22
|
|t:|1760372173
|move|p1a: Ogerpon|Ivy Cudgel|p2a: Ninetales|[anim] Ivy Cudgel Water
|-damage|p2a: Ninetales|0 fnt
|faint|p2a: Ninetales
|
|-weather|Snowscape|[upkeep]
|upkeep
|
|t:|1760372181
|switch|p2a: Sandslash|Sandslash-Alola, F|100/100
|turn|23
|
|t:|1760372187
|move|p2a: Sandslash|Icicle Crash|p1a: Ogerpon
|-damage|p1a: Ogerpon|4/100
|move|p1a: Ogerpon|Ivy Cudgel|p2a: Sandslash|[anim] Ivy Cudgel Water
|-damage|p2a: Sandslash|40/100
|
|-weather|Snowscape|[upkeep]
|-heal|p2a: Sandslash|46/100|[from] item: Leftovers
|upkeep
|turn|24
|
|t:|1760372199
|move|p2a: Sandslash|Knock Off|p1a: Ogerpon
|-damage|p1a: Ogerpon|0 fnt
|faint|p1a: Ogerpon
|
|-weather|Snowscape|[upkeep]
|-heal|p2a: Sandslash|52/100|[from] item: Leftovers
|upkeep
|
|t:|1760372205
|switch|p1a: Mimikyu|Mimikyu-Busted, M|84/100
|-damage|p1a: Mimikyu|72/100|[from] Stealth Rock
|turn|25
|
|t:|1760372211
|move|p2a: Sandslash|Knock Off|p1a: Mimikyu
|-damage|p1a: Mimikyu|35/100
|-enditem|p1a: Mimikyu|Focus Sash|[from] move: Knock Off|[of] p2a: Sandslash
|move|p1a: Mimikyu|Bulk Up|p1a: Mimikyu
|-boost|p1a: Mimikyu|atk|1
|-boost|p1a: Mimikyu|def|1
|
|-weather|none
|-heal|p2a: Sandslash|59/100|[from] item: Leftovers
|upkeep
|turn|26
|c|☆purple_guy1|ggs
|c|☆purple_guy1|me is cooked
|
|t:|1760372234
|move|p1a: Mimikyu|Drain Punch|p2a: Sandslash
|-supereffective|p2a: Sandslash
|-damage|p2a: Sandslash|0 fnt
|-heal|p1a: Mimikyu|76/100|[from] drain|[of] p2a: Sandslash
|faint|p2a: Sandslash
|
|upkeep
|c|☆purple_guy1|i misclicked
|
|t:|1760372239
|switch|p2a: Landorus|Landorus-Therian, M|46/100
|-ability|p2a: Landorus|Intimidate|boost
|-unboost|p1a: Mimikyu|atk|1
|turn|27
|
|t:|1760372253
|move|p2a: Landorus|Earth Power|p1a: Mimikyu
|-crit|p1a: Mimikyu
|-damage|p1a: Mimikyu|16/100
|move|p1a: Mimikyu|Play Rough|p2a: Landorus
|-damage|p2a: Landorus|10/100
|-damage|p1a: Mimikyu|0 fnt|[from] item: Rocky Helmet|[of] p2a: Landorus
|faint|p1a: Mimikyu
|
|upkeep
|
|t:|1760372262
|switch|p1a: dragon guy|Salamence, M|62/100
|-damage|p1a: dragon guy|37/100|[from] Stealth Rock
|turn|28
|
|t:|1760372282
|move|p2a: Landorus|Taunt|p1a: dragon guy
|-start|p1a: dragon guy|move: Taunt
|move|p1a: dragon guy|Iron Head|p2a: Landorus
|-damage|p2a: Landorus|0 fnt
|-damage|p1a: dragon guy|21/100|[from] item: Rocky Helmet|[of] p2a: Landorus
|faint|p2a: Landorus
|-ability|p1a: dragon guy|Moxie|boost
|-boost|p1a: dragon guy|atk|1
|
|upkeep
|
|t:|1760372290
|switch|p2a: Alomomola|Alomomola, M|100/100
|turn|29
|
|t:|1760372319
|move|p1a: dragon guy|Rock Slide|p2a: Alomomola
|-damage|p2a: Alomomola|77/100
|cant|p2a: Alomomola|flinch
|
|upkeep
|turn|30
|
|t:|1760372329
|move|p1a: dragon guy|Crunch|p2a: Alomomola
|-damage|p2a: Alomomola|54/100
|move|p2a: Alomomola|Wish|p2a: Alomomola
|
|-end|p1a: dragon guy|move: Taunt
|upkeep
|turn|31
|
|t:|1760372338
|move|p1a: dragon guy|Rock Slide|p2a: Alomomola
|-damage|p2a: Alomomola|32/100
|move|p2a: Alomomola|Scald|p1a: dragon guy
|-resisted|p1a: dragon guy
|-damage|p1a: dragon guy|13/100
|
|-heal|p2a: Alomomola|82/100|[from] move: Wish|[wisher] Alomomola
|upkeep
|turn|32
|
|t:|1760372351
|move|p1a: dragon guy|Dragon Dance|p1a: dragon guy
|-boost|p1a: dragon guy|atk|1
|-boost|p1a: dragon guy|spe|1
|move|p2a: Alomomola|Wish|p2a: Alomomola
|
|upkeep
|turn|33
|
|t:|1760372363
|move|p1a: dragon guy|Crunch|p2a: Alomomola
|-damage|p2a: Alomomola|47/100
|move|p2a: Alomomola|Scald|p1a: dragon guy
|-resisted|p1a: dragon guy
|-damage|p1a: dragon guy|5/100
|-status|p1a: dragon guy|brn
|
|-heal|p2a: Alomomola|97/100|[from] move: Wish|[wisher] Alomomola
|-damage|p1a: dragon guy|0 fnt|[from] brn
|faint|p1a: dragon guy
|
|win|renderfailed
|raw|purple_guy1's rating: 1141 &rarr; <strong>1118</strong><br />(-23 for losing)
|raw|renderfailed's rating: 1165 &rarr; <strong>1188</strong><br />(+23 for winning)
|c|☆purple_guy1|ggs
|l|‽renderfailed
|player|p2|
|l|☆purple_guy1
|player|p1|
