|j|☆lamarjacks0n
|j|☆AEFAA2
|t:|1760317043
|gametype|singles
|player|p1|lamarjacks0n|smasher|1330
|player|p2|AEFAA2|scientist-gen4dp|1274
|gen|9
|tier|[Gen 9] OU
|rated|
|rule|HP Percentage Mod: HP is shown in percentages
|rule|Endless Battle Clause: Forcing endless battles is banned
|rule|Species Clause: Limit one of each Pokémon
|rule|OHKO Clause: OHKO moves are banned
|rule|Evasion Items Clause: Evasion items are banned
|rule|Evasion Moves Clause: Evasion moves are banned
|rule|Evasion Abilities Clause: Evasion abilities are banned
|rule|Sleep Moves Clause: Sleep-inducing moves are banned
|clearpoke
|poke|p1|Skeledirge, M|
|poke|p1|Ogerpon-Wellspring, F|
|poke|p1|Dragapult, M|
|poke|p1|Weezing-Galar, M|
|poke|p1|Ting-Lu|
|poke|p1|Corviknight, M|
|poke|p2|Torkoal, M|
|poke|p2|Goodra-Hisui, M|
|poke|p2|Great Tusk|
|poke|p2|Scovillain, F|
|poke|p2|Ninetales, F|
|poke|p2|Walking Wake|
|teampreview
|
|t:|1760317056
|teamsize|p1|6
|teamsize|p2|6
|start
|switch|p1a: Dragapult|Dragapult, M|100/100
|switch|p2a: Great Tusk|Great Tusk|100/100
|turn|1
|inactive|Battle timer is ON: inactive players will automatically lose when time's up. (requested by AEFAA2)
|
|t:|1760317066
|switch|p1a: Corviknight|Corviknight, M|100/100
|-ability|p1a: Corviknight|Pressure
|-end|p2a: Great Tusk|Protosynthesis|[silent]
|switch|p2a: Ninetales|Ninetales, F|100/100
|-weather|SunnyDay|[from] ability: Drought|[of] p2a: Ninetales
|
|-weather|SunnyDay|[upkeep]
|upkeep
|turn|2
|
|t:|1760317082
|switch|p2a: Scovillain|Scovillain, F|100/100
|switch|p1a: Ting-Lu|Ting-Lu, shiny|100/100
|-ability|p1a: Ting-Lu|Vessel of Ruin
|
|-weather|SunnyDay|[upkeep]
|upkeep
|turn|3
|
|t:|1760317092
|switch|p1a: Skeledirge|Skeledirge, M, shiny|100/100
|-terastallize|p2a: Scovillain|Fire
|move|p2a: Scovillain|Overheat|p1a: Skeledirge
|-resisted|p1a: Skeledirge
|-damage|p1a: Skeledirge|41/100
|-unboost|p2a: Scovillain|spa|2
|
|-weather|SunnyDay|[upkeep]
|upkeep
|turn|4
|
|t:|1760317101
|switch|p1a: Ogerpon|Ogerpon-Wellspring, F|100/100
|move|p2a: Scovillain|Overheat|p1a: Ogerpon
|-damage|p1a: Ogerpon|17/100
|-unboost|p2a: Scovillain|spa|2
|
|-weather|SunnyDay|[upkeep]
|upkeep
|turn|5
|
|t:|1760317112
|switch|p1a: Ting-Lu|Ting-Lu, shiny|100/100
|-ability|p1a: Ting-Lu|Vessel of Ruin
|move|p2a: Scovillain|Overheat|p1a: Ting-Lu
|-damage|p1a: Ting-Lu|76/100
|-unboost|p2a: Scovillain|spa|2
|
|-weather|none
|-heal|p1a: Ting-Lu|82/100|[from] item: Leftovers
|upkeep
|turn|6
|
|t:|1760317127
|switch|p2a: Torkoal|Torkoal, M|100/100
|-weather|SunnyDay|[from] ability: Drought|[of] p2a: Torkoal
|move|p1a: Ting-Lu|Stealth Rock|p2a: Torkoal
|-sidestart|p2: AEFAA2|move: Stealth Rock
|
|-weather|SunnyDay|[upkeep]
|-heal|p1a: Ting-Lu|88/100|[from] item: Leftovers
|upkeep
|turn|7
|
|t:|1760317136
|switch|p1a: Dragapult|Dragapult, M|100/100
|switch|p2a: Walking Wake|Walking Wake|100/100
|-damage|p2a: Walking Wake|88/100|[from] Stealth Rock
|-activate|p2a: Walking Wake|ability: Protosynthesis
|-start|p2a: Walking Wake|protosynthesisspe
|
|-weather|SunnyDay|[upkeep]
|upkeep
|turn|8
|
|t:|1760317147
|switch|p1a: Skeledirge|Skeledirge, M, shiny|41/100
|move|p2a: Walking Wake|Draco Meteor|p1a: Skeledirge
|-damage|p1a: Skeledirge|0 fnt
|-unboost|p2a: Walking Wake|spa|2
|faint|p1a: Skeledirge
|
|-weather|SunnyDay|[upkeep]
|upkeep
|
|t:|1760317158
|switch|p1a: Corviknight|Corviknight, M|100/100
|-ability|p1a: Corviknight|Pressure
|turn|9
|
|t:|1760317166
|-end|p2a: Walking Wake|Protosynthesis|[silent]
|switch|p2a: Scovillain|Scovillain, F, tera:Fire|100/100
|-damage|p2a: Scovillain|76/100|[from] Stealth Rock
|move|p1a: Corviknight|U-turn|p2a: Scovillain
|-resisted|p2a: Scovillain
|-damage|p2a: Scovillain|63/100
|
|t:|1760317171
|switch|p1a: Dragapult|Dragapult, M|100/100|[from] U-turn
|
|-weather|SunnyDay|[upkeep]
|upkeep
|turn|10
|
|t:|1760317178
|move|p2a: Scovillain|Overheat|p1a: Dragapult
|-resisted|p1a: Dragapult
|-damage|p1a: Dragapult|0 fnt
|-unboost|p2a: Scovillain|spa|2
|faint|p1a: Dragapult
|
|-weather|SunnyDay|[upkeep]
|upkeep
|
|t:|1760317186
|switch|p1a: Ting-Lu|Ting-Lu, shiny|88/100
|-ability|p1a: Ting-Lu|Vessel of Ruin
|turn|11
|
|t:|1760317192
|switch|p2a: Great Tusk|Great Tusk|100/100
|-damage|p2a: Great Tusk|98/100|[from] Stealth Rock
|-activate|p2a: Great Tusk|ability: Protosynthesis
|-start|p2a: Great Tusk|protosynthesisatk
|move|p1a: Ting-Lu|Earthquake|p2a: Great Tusk
|-damage|p2a: Great Tusk|72/100
|
|-weather|SunnyDay|[upkeep]
|-heal|p1a: Ting-Lu|95/100|[from] item: Leftovers
|upkeep
|turn|12
|
|t:|1760317205
|switch|p1a: Corviknight|Corviknight, M|100/100
|-ability|p1a: Corviknight|Pressure
|move|p2a: Great Tusk|Ice Spinner|p1a: Corviknight
|-damage|p1a: Corviknight|69/100
|-damage|p2a: Great Tusk|56/100|[from] item: Rocky Helmet|[of] p1a: Corviknight
|
|-weather|SunnyDay|[upkeep]
|upkeep
|turn|13
|
|t:|1760317218
|-end|p2a: Great Tusk|Protosynthesis|[silent]
|switch|p2a: Walking Wake|Walking Wake|88/100
|-damage|p2a: Walking Wake|76/100|[from] Stealth Rock
|-activate|p2a: Walking Wake|ability: Protosynthesis
|-start|p2a: Walking Wake|protosynthesisspe
|move|p1a: Corviknight|Roost|p1a: Corviknight
|-heal|p1a: Corviknight|100/100
|-singleturn|p1a: Corviknight|move: Roost
|
|-weather|none
|-end|p2a: Walking Wake|Protosynthesis
|upkeep
|turn|14
|
|t:|1760317229
|switch|p1a: Ting-Lu|Ting-Lu, shiny|95/100
|-ability|p1a: Ting-Lu|Vessel of Ruin
|move|p2a: Walking Wake|Hydro Steam|p1a: Ting-Lu
|-supereffective|p1a: Ting-Lu
|-damage|p1a: Ting-Lu|43/100
|
|-heal|p1a: Ting-Lu|49/100|[from] item: Leftovers
|upkeep
|turn|15
|
|t:|1760317249
|-end|p2a: Walking Wake|Protosynthesis|[silent]
|switch|p2a: Ninetales|Ninetales, F|100/100
|-damage|p2a: Ninetales|76/100|[from] Stealth Rock
|-weather|SunnyDay|[from] ability: Drought|[of] p2a: Ninetales
|switch|p1a: Ogerpon|Ogerpon-Wellspring, F|17/100
|
|-weather|SunnyDay|[upkeep]
|upkeep
|turn|16
|
|t:|1760317261
|move|p2a: Ninetales|Weather Ball|p1a: Ogerpon
|-damage|p1a: Ogerpon|0 fnt
|faint|p1a: Ogerpon
|
|-weather|SunnyDay|[upkeep]
|upkeep
|-message|lamarjacks0n forfeited.
|
|win|AEFAA2
|raw|lamarjacks0n's rating: 1330 &rarr; <strong>1307</strong><br />(-23 for losing)
|raw|AEFAA2's rating: 1274 &rarr; <strong>1303</strong><br />(+29 for winning)
|l|☆lamarjacks0n
|player|p1|
