|j|☆Hummusgrubbus
|j|☆pcklee
|t:|1760338523
|gametype|singles
|player|p1|Hummusgrubbus|170|1593
|player|p2|pcklee|1|1630
|gen|9
|tier|[Gen 9] OU
|rated|
|rule|HP Percentage Mod: HP is shown in percentages
|rule|Endless Battle Clause: Forcing endless battles is banned
|rule|Species Clause: Limit one of each Pokémon
|rule|OHKO Clause: OHKO moves are banned
|rule|Evasion Items Clause: Evasion items are banned
|rule|Evasion Moves Clause: Evasion moves are banned
|rule|Evasion Abilities Clause: Evasion abilities are banned
|rule|Sleep Moves Clause: Sleep-inducing moves are banned
|clearpoke
|poke|p1|Blaziken, M|
|poke|p1|Great Tusk|
|poke|p1|Dragonite, F|
|poke|p1|Slowking-Galar, F|
|poke|p1|Kyurem|
|poke|p1|Weezing-Galar, F|
|poke|p2|Kingambit, M|
|poke|p2|Great Tusk|
|poke|p2|Dragapult, F|
|poke|p2|Iron Valiant|
|poke|p2|Heatran, F|
|poke|p2|Rillaboom, F|
|teampreview
|
|t:|1760338567
|teamsize|p1|6
|teamsize|p2|6
|start
|switch|p1a: Kyurem|Kyurem|100/100
|switch|p2a: Dragapult|Dragapult, F|100/100
|-ability|p1a: Kyurem|Pressure
|turn|1
|inactive|Battle timer is ON: inactive players will automatically lose when time's up. (requested by pcklee)
|
|t:|1760338578
|move|p1a: Kyurem|Ice Beam|p2a: Dragapult
|-supereffective|p2a: Dragapult
|-damage|p2a: Dragapult|0 fnt
|faint|p2a: Dragapult
|
|upkeep
|
|t:|1760338583
|switch|p2a: Heatran|Heatran, F|100/100
|turn|2
|
|t:|1760338588
|switch|p1a: Slowking|Slowking-Galar, F|100/100
|move|p2a: Heatran|Stealth Rock|p1a: Slowking
|-sidestart|p1: Hummusgrubbus|move: Stealth Rock
|
|upkeep
|turn|3
|j| wgw2333
|
|t:|1760338595
|move|p2a: Heatran|Taunt|p1a: Slowking
|-start|p1a: Slowking|move: Taunt
|-prepare|p1a: Slowking|Chilly Reception|[premajor]
|cant|p1a: Slowking|move: Taunt|Chilly Reception
|
|upkeep
|turn|4
|
|t:|1760338606
|move|p2a: Heatran|Magma Storm|p1a: Slowking|[miss]
|-miss|p2a: Heatran|p1a: Slowking
|move|p1a: Slowking|Future Sight|p2a: Heatran
|-start|p1a: Slowking|move: Future Sight
|
|upkeep
|turn|5
|
|t:|1760338612
|move|p2a: Heatran|Magma Storm|p1a: Slowking
|-damage|p1a: Slowking|74/100
|-activate|p1a: Slowking|move: Magma Storm|[of] p2a: Heatran
|move|p1a: Slowking|Flamethrower|p2a: Heatran
|-start|p2a: Heatran|ability: Flash Fire
|
|-heal|p1a: Slowking|80/100|[from] item: Leftovers
|-damage|p1a: Slowking|68/100|[from] move: Magma Storm|[partiallytrapped]
|-end|p1a: Slowking|move: Taunt
|upkeep
|turn|6
|
|t:|1760338622
|move|p2a: Heatran|Taunt|p1a: Slowking
|-start|p1a: Slowking|move: Taunt
|cant|p1a: Slowking|move: Taunt|Slack Off
|
|-end|p2a: Heatran|move: Future Sight
|-resisted|p2a: Heatran
|-damage|p2a: Heatran|86/100
|-heal|p2a: Heatran|93/100|[from] item: Leftovers
|-heal|p1a: Slowking|74/100|[from] item: Leftovers
|-damage|p1a: Slowking|61/100|[from] move: Magma Storm|[partiallytrapped]
|upkeep
|turn|7
|
|t:|1760338639
|move|p2a: Heatran|Magma Storm|p1a: Slowking
|-damage|p1a: Slowking|22/100
|move|p1a: Slowking|Future Sight|p2a: Heatran
|-start|p1a: Slowking|move: Future Sight
|
|-heal|p2a: Heatran|99/100|[from] item: Leftovers
|-heal|p1a: Slowking|28/100|[from] item: Leftovers
|-damage|p1a: Slowking|16/100|[from] move: Magma Storm|[partiallytrapped]
|upkeep
|turn|8
|
|t:|1760338648
|move|p2a: Heatran|Flash Cannon|p1a: Slowking
|-damage|p1a: Slowking|0 fnt
|faint|p1a: Slowking
|
|-heal|p2a: Heatran|100/100|[from] item: Leftovers
|upkeep
|
|t:|1760338653
|switch|p1a: Blaziken|Blaziken, M|100/100
|-damage|p1a: Blaziken|88/100|[from] Stealth Rock
|turn|9
|inactive|pcklee has 120 seconds left.
|
|t:|1760338700
|-end|p2a: Heatran|ability: Flash Fire|[silent]
|switch|p2a: Iron Valiant|Iron Valiant|100/100
|-enditem|p2a: Iron Valiant|Booster Energy
|-activate|p2a: Iron Valiant|ability: Quark Drive|[fromitem]
|-start|p2a: Iron Valiant|quarkdrivespe
|move|p1a: Blaziken|Protect||[still]
|-fail|p1a: Blaziken
|
|-end|p2a: Iron Valiant|move: Future Sight
|-supereffective|p2a: Iron Valiant
|-damage|p2a: Iron Valiant|0 fnt
|faint|p2a: Iron Valiant
|-end|p2a: Iron Valiant|Quark Drive|[silent]
|-ability|p1a: Blaziken|Speed Boost|boost
|-boost|p1a: Blaziken|spe|1
|upkeep
|
|t:|1760338711
|switch|p2a: Great Tusk|Great Tusk|100/100
|-enditem|p2a: Great Tusk|Booster Energy
|-activate|p2a: Great Tusk|ability: Protosynthesis|[fromitem]
|-start|p2a: Great Tusk|protosynthesisspe
|turn|10
|
|t:|1760338718
|move|p1a: Blaziken|Protect|p1a: Blaziken
|-singleturn|p1a: Blaziken|Protect
|move|p2a: Great Tusk|Headlong Rush|p1a: Blaziken
|-activate|p1a: Blaziken|move: Protect
|
|-ability|p1a: Blaziken|Speed Boost|boost
|-boost|p1a: Blaziken|spe|1
|upkeep
|turn|11
|
|t:|1760338726
|-terastallize|p1a: Blaziken|Fire
|move|p1a: Blaziken|Overheat|p2a: Great Tusk|[miss]
|-miss|p1a: Blaziken|p2a: Great Tusk
|move|p2a: Great Tusk|Headlong Rush|p1a: Blaziken
|-supereffective|p1a: Blaziken
|-damage|p1a: Blaziken|0 fnt
|-unboost|p2a: Great Tusk|def|1
|-unboost|p2a: Great Tusk|spd|1
|faint|p1a: Blaziken
|
|upkeep
|
|t:|1760338734
|switch|p1a: Great Tusk|Great Tusk|100/100
|-damage|p1a: Great Tusk|98/100|[from] Stealth Rock
|turn|12
|inactive|pcklee has 120 seconds left.
|
|t:|1760338741
|move|p2a: Great Tusk|Ice Spinner|p1a: Great Tusk
|-supereffective|p1a: Great Tusk
|-damage|p1a: Great Tusk|76/100
|move|p1a: Great Tusk|Rapid Spin|p2a: Great Tusk
|-damage|p2a: Great Tusk|86/100
|-boost|p1a: Great Tusk|spe|1
|-sideend|p1: Hummusgrubbus|Stealth Rock|[from] move: Rapid Spin|[of] p1a: Great Tusk
|
|-heal|p1a: Great Tusk|82/100|[from] item: Leftovers
|upkeep
|turn|13
|inactive|pcklee has 120 seconds left.
|
|t:|1760338755
|-end|p2a: Great Tusk|Protosynthesis|[silent]
|switch|p2a: Rillaboom|Rillaboom, F|100/100
|-fieldstart|move: Grassy Terrain|[from] ability: Grassy Surge|[of] p2a: Rillaboom
|move|p1a: Great Tusk|Body Press|p2a: Rillaboom
|-damage|p2a: Rillaboom|61/100
|
|-heal|p1a: Great Tusk|88/100|[from] Grassy Terrain
|-heal|p1a: Great Tusk|95/100|[from] item: Leftovers
|-heal|p2a: Rillaboom|67/100|[from] Grassy Terrain
|upkeep
|turn|14
|inactive|pcklee has 120 seconds left.
|
|t:|1760338769
|-end|p1a: Great Tusk|Protosynthesis|[silent]
|switch|p1a: Dragonite|Dragonite, F|100/100
|move|p2a: Rillaboom|Wood Hammer|p1a: Dragonite
|-resisted|p1a: Dragonite
|-damage|p1a: Dragonite|83/100
|-damage|p2a: Rillaboom|63/100|[from] Recoil
|
|-heal|p2a: Rillaboom|69/100|[from] Grassy Terrain
|upkeep
|turn|15
|j| Narwhale37
|inactive|pcklee has 120 seconds left.
|
|t:|1760338790
|switch|p2a: Great Tusk|Great Tusk|86/100
|move|p1a: Dragonite|Dragon Dance|p1a: Dragonite
|-boost|p1a: Dragonite|atk|1
|-boost|p1a: Dragonite|spe|1
|
|-heal|p2a: Great Tusk|92/100|[from] Grassy Terrain
|upkeep
|turn|16
|
|t:|1760338803
|move|p1a: Dragonite|Dragon Dance|p1a: Dragonite
|-boost|p1a: Dragonite|atk|1
|-boost|p1a: Dragonite|spe|1
|move|p2a: Great Tusk|Ice Spinner|p1a: Dragonite
|-supereffective|p1a: Dragonite
|-crit|p1a: Dragonite
|-damage|p1a: Dragonite|0 fnt
|-fieldend|move: Grassy Terrain
|faint|p1a: Dragonite
|
|upkeep
|
|t:|1760338806
|switch|p1a: Kyurem|Kyurem|100/100
|-ability|p1a: Kyurem|Pressure
|turn|17
|inactive|pcklee has 120 seconds left.
|
|t:|1760338821
|-end|p2a: Great Tusk|Protosynthesis|[silent]
|switch|p2a: Heatran|Heatran, F|100/100
|move|p1a: Kyurem|Earth Power|p2a: Heatran
|-supereffective|p2a: Heatran
|-damage|p2a: Heatran|6/100
|
|-heal|p2a: Heatran|12/100|[from] item: Leftovers
|upkeep
|turn|18
|
|t:|1760338836
|switch|p2a: Rillaboom|Rillaboom, F|69/100
|-fieldstart|move: Grassy Terrain|[from] ability: Grassy Surge|[of] p2a: Rillaboom
|move|p1a: Kyurem|Earth Power|p2a: Rillaboom
|-resisted|p2a: Rillaboom
|-damage|p2a: Rillaboom|49/100
|
|-heal|p2a: Rillaboom|55/100|[from] Grassy Terrain
|upkeep
|turn|19
|
|t:|1760338859
|switch|p1a: Weezing|Weezing-Galar, F|100/100
|-ability|p1a: Weezing|Neutralizing Gas
|move|p2a: Rillaboom|U-turn|p1a: Weezing
|-resisted|p1a: Weezing
|-damage|p1a: Weezing|95/100
|inactive|pcklee has 90 seconds left.
|
|t:|1760338885
|switch|p2a: Heatran|Heatran, F|12/100|[from] U-turn
|
|-heal|p2a: Heatran|18/100|[from] Grassy Terrain
|-heal|p2a: Heatran|25/100|[from] item: Leftovers
|-heal|p1a: Weezing|100/100|[from] Grassy Terrain
|upkeep
|turn|20
|
|t:|1760338895
|-end|p1a: Weezing|ability: Neutralizing Gas
|switch|p1a: Kyurem|Kyurem|100/100
|-ability|p1a: Kyurem|Pressure
|move|p2a: Heatran|Flash Cannon|p1a: Kyurem
|-supereffective|p1a: Kyurem
|-damage|p1a: Kyurem|32/100
|
|-heal|p1a: Kyurem|39/100|[from] Grassy Terrain
|-heal|p2a: Heatran|31/100|[from] Grassy Terrain
|-heal|p2a: Heatran|37/100|[from] item: Leftovers
|upkeep
|turn|21
|inactive|pcklee has 90 seconds left.
|
|t:|1760338905
|switch|p2a: Rillaboom|Rillaboom, F|55/100
|move|p1a: Kyurem|Ice Beam|p2a: Rillaboom
|-supereffective|p2a: Rillaboom
|-damage|p2a: Rillaboom|0 fnt
|faint|p2a: Rillaboom
|
|-heal|p1a: Kyurem|45/100|[from] Grassy Terrain
|upkeep
|
|t:|1760338913
|switch|p2a: Heatran|Heatran, F|37/100
|turn|22
|inactive|pcklee has 90 seconds left.
|
|t:|1760338921
|switch|p1a: Weezing|Weezing-Galar, F|100/100
|-ability|p1a: Weezing|Neutralizing Gas
|move|p2a: Heatran|Flash Cannon|p1a: Weezing
|-supereffective|p1a: Weezing
|-damage|p1a: Weezing|3/100
|
|-heal|p2a: Heatran|43/100|[from] Grassy Terrain
|-heal|p2a: Heatran|50/100|[from] item: Leftovers
|-heal|p1a: Weezing|9/100|[from] Grassy Terrain
|-heal|p1a: Weezing|15/100|[from] item: Leftovers
|-fieldend|move: Grassy Terrain
|upkeep
|turn|23
|inactive|pcklee has 90 seconds left.
|
|t:|1760338933
|-end|p1a: Weezing|ability: Neutralizing Gas
|switch|p1a: Kyurem|Kyurem|45/100
|-ability|p1a: Kyurem|Pressure
|move|p2a: Heatran|Flash Cannon|p1a: Kyurem
|-supereffective|p1a: Kyurem
|-damage|p1a: Kyurem|0 fnt
|faint|p1a: Kyurem
|
|-heal|p2a: Heatran|56/100|[from] item: Leftovers
|upkeep
|c|☆Hummusgrubbus|Gh
|c|☆Hummusgrubbus|Gg
|c|☆pcklee|gg
|
|t:|1760338951
|switch|p1a: Great Tusk|Great Tusk|95/100
|turn|24
|c|☆pcklee|well
|c|☆pcklee|maybe not
|inactive|pcklee has 90 seconds left.
|c|☆Hummusgrubbus|If it's not 100 it's 50
|
|t:|1760338976
|move|p1a: Great Tusk|Rapid Spin|p2a: Heatran
|-resisted|p2a: Heatran
|-damage|p2a: Heatran|49/100
|-boost|p1a: Great Tusk|spe|1
|move|p2a: Heatran|Magma Storm|p1a: Great Tusk
|-damage|p1a: Great Tusk|36/100
|-activate|p1a: Great Tusk|move: Magma Storm|[of] p2a: Heatran
|
|-heal|p1a: Great Tusk|42/100|[from] item: Leftovers
|-heal|p2a: Heatran|55/100|[from] item: Leftovers
|-damage|p1a: Great Tusk|30/100|[from] move: Magma Storm|[partiallytrapped]
|upkeep
|turn|25
|inactive|pcklee has 90 seconds left.
|
|t:|1760339006
|move|p1a: Great Tusk|Body Press|p2a: Heatran
|-supereffective|p2a: Heatran
|-damage|p2a: Heatran|0 fnt
|faint|p2a: Heatran
|
|-heal|p1a: Great Tusk|36/100|[from] item: Leftovers
|-end|p1a: Great Tusk|Magma Storm|[partiallytrapped]|[silent]
|upkeep
|inactive|pcklee has 60 seconds left.
|
|t:|1760339024
|switch|p2a: Kingambit|Kingambit, M|100/100
|-activate|p2a: Kingambit|ability: Supreme Overlord
|-start|p2a: Kingambit|fallen4|[silent]
|turn|26
|inactive|pcklee has 60 seconds left.
|
|t:|1760339035
|-terastallize|p2a: Kingambit|Flying
|move|p1a: Great Tusk|Body Press|p2a: Kingambit
|-resisted|p2a: Kingambit
|-damage|p2a: Kingambit|85/100
|move|p2a: Kingambit|Iron Head|p1a: Great Tusk
|-damage|p1a: Great Tusk|3/100
|
|-heal|p1a: Great Tusk|9/100|[from] item: Leftovers
|-heal|p2a: Kingambit|91/100|[from] item: Leftovers
|upkeep
|turn|27
|inactive|pcklee has 60 seconds left.
|
|t:|1760339044
|move|p1a: Great Tusk|Knock Off|p2a: Kingambit
|-damage|p2a: Kingambit|69/100
|-enditem|p2a: Kingambit|Leftovers|[from] move: Knock Off|[of] p1a: Great Tusk
|move|p2a: Kingambit|Iron Head|p1a: Great Tusk
|-damage|p1a: Great Tusk|0 fnt
|faint|p1a: Great Tusk
|-end|p1a: Great Tusk|Protosynthesis|[silent]
|
|upkeep
|
|t:|1760339050
|switch|p1a: Weezing|Weezing-Galar, F|15/100
|-ability|p1a: Weezing|Neutralizing Gas
|turn|28
|
|t:|1760339054
|move|p1a: Weezing|Toxic|p2a: Kingambit
|-status|p2a: Kingambit|tox
|move|p2a: Kingambit|Iron Head|p1a: Weezing
|-supereffective|p1a: Weezing
|-damage|p1a: Weezing|0 fnt
|faint|p1a: Weezing
|-end|p1a: Weezing|ability: Neutralizing Gas
|-activate|p2a: Kingambit|ability: Supreme Overlord
|-start|p2a: Kingambit|fallen4|[silent]
|
|win|pcklee
|raw|Hummusgrubbus's rating: 1593 &rarr; <strong>1575</strong><br />(-18 for losing)
|raw|pcklee's rating: 1630 &rarr; <strong>1648</strong><br />(+18 for winning)
|c|☆pcklee|gg bro
|c|☆pcklee|have a blessed night
|c|☆Hummusgrubbus|Gg
|l|☆Hummusgrubbus
|player|p1|
|l|☆pcklee
|player|p2|
|l| Narwhale37
