|j|☆stallincorporated
|j|☆PandaLord0
|t:|1760366503
|gametype|singles
|player|p1|stallincorporated|allister|1556
|player|p2|PandaLord0|gentleman-gen4dp|1597
|gen|9
|tier|[Gen 9] OU
|rated|
|rule|HP Percentage Mod: HP is shown in percentages
|rule|Endless Battle Clause: Forcing endless battles is banned
|rule|Species Clause: Limit one of each Pokémon
|rule|OHKO Clause: OHKO moves are banned
|rule|Evasion Items Clause: Evasion items are banned
|rule|Evasion Moves Clause: Evasion moves are banned
|rule|Evasion Abilities Clause: Evasion abilities are banned
|rule|Sleep Moves Clause: Sleep-inducing moves are banned
|clearpoke
|poke|p1|Clefable, F|
|poke|p1|Dondozo, M|
|poke|p1|Blissey, F|
|poke|p1|Clodsire, F|
|poke|p1|Corviknight, M|
|poke|p1|Gliscor, M|
|poke|p2|Skeledirge, M|
|poke|p2|Ogerpon-Wellspring, F|
|poke|p2|Dragapult, M|
|poke|p2|Weezing-Galar, M|
|poke|p2|Ting-Lu|
|poke|p2|Corviknight, M|
|teampreview
|inactive|Battle timer is ON: inactive players will automatically lose when time's up. (requested by PandaLord0)
|
|t:|1760366510
|teamsize|p1|6
|teamsize|p2|6
|start
|switch|p1a: Gliscor|Gliscor, M|100/100
|switch|p2a: Ogerpon|Ogerpon-Wellspring, F|100/100
|turn|1
|
|t:|1760366514
|move|p1a: Gliscor|Protect|p1a: Gliscor
|-singleturn|p1a: Gliscor|Protect
|move|p2a: Ogerpon|Spikes|p1a: Gliscor
|-sidestart|p1: stallincorporated|Spikes
|
|-status|p1a: Gliscor|tox|[from] item: Toxic Orb
|upkeep
|turn|2
|
|t:|1760366520
|switch|p1a: Clefable|Clefable, F|100/100
|move|p2a: Ogerpon|Knock Off|p1a: Clefable
|-resisted|p1a: Clefable
|-damage|p1a: Clefable|87/100
|-enditem|p1a: Clefable|Leftovers|[from] move: Knock Off|[of] p2a: Ogerpon
|
|upkeep
|turn|3
|
|t:|1760366533
|switch|p2a: Ting-Lu|Ting-Lu, shiny|100/100
|-ability|p2a: Ting-Lu|Vessel of Ruin
|move|p1a: Clefable|Stealth Rock|p2a: Ting-Lu
|-sidestart|p2: PandaLord0|move: Stealth Rock
|
|upkeep
|turn|4
|
|t:|1760366537
|move|p1a: Clefable|Knock Off|p2a: Ting-Lu
|-resisted|p2a: Ting-Lu
|-damage|p2a: Ting-Lu|97/100
|-enditem|p2a: Ting-Lu|Leftovers|[from] move: Knock Off|[of] p1a: Clefable
|move|p2a: Ting-Lu|Stealth Rock|p1a: Clefable
|-sidestart|p1: stallincorporated|move: Stealth Rock
|
|upkeep
|turn|5
|
|t:|1760366539
|move|p1a: Clefable|Moonblast|p2a: Ting-Lu
|-supereffective|p2a: Ting-Lu
|-damage|p2a: Ting-Lu|72/100
|-unboost|p2a: Ting-Lu|spa|1
|move|p2a: Ting-Lu|Throat Chop|p1a: Clefable
|-resisted|p1a: Clefable
|-damage|p1a: Clefable|76/100
|-start|p1a: Clefable|Throat Chop|[silent]
|
|upkeep
|turn|6
|
|t:|1760366543
|switch|p2a: Weezing|Weezing-Galar, M|100/100
|-ability|p2a: Weezing|Neutralizing Gas
|move|p1a: Clefable|Moonblast|p2a: Weezing
|-resisted|p2a: Weezing
|-damage|p2a: Weezing|81/100
|-unboost|p2a: Weezing|spa|1
|
|-end|p1a: Clefable|Throat Chop|[silent]
|upkeep
|turn|7
|
|t:|1760366547
|move|p2a: Weezing|Sludge Bomb|p1a: Clefable
|-supereffective|p1a: Clefable
|-damage|p1a: Clefable|41/100
|move|p1a: Clefable|Knock Off|p2a: Weezing
|-resisted|p2a: Weezing
|-damage|p2a: Weezing|75/100
|-enditem|p2a: Weezing|Heavy-Duty Boots|[from] move: Knock Off|[of] p1a: Clefable
|
|upkeep
|turn|8
|
|t:|1760366550
|move|p2a: Weezing|Sludge Bomb|p1a: Clefable
|-supereffective|p1a: Clefable
|-damage|p1a: Clefable|7/100
|move|p1a: Clefable|Moonlight|p1a: Clefable
|-heal|p1a: Clefable|57/100
|
|upkeep
|turn|9
|
|t:|1760366553
|move|p2a: Weezing|Sludge Bomb|p1a: Clefable
|-supereffective|p1a: Clefable
|-damage|p1a: Clefable|24/100
|move|p1a: Clefable|Moonlight|p1a: Clefable
|-heal|p1a: Clefable|74/100
|
|upkeep
|turn|10
|
|t:|1760366555
|switch|p1a: Gliscor|Gliscor, M|100/100 tox
|-damage|p1a: Gliscor|88/100 tox|[from] Stealth Rock
|move|p2a: Weezing|Sludge Bomb|p1a: Gliscor
|-resisted|p1a: Gliscor
|-damage|p1a: Gliscor|77/100 tox
|
|-damage|p1a: Gliscor|71/100 tox|[from] psn
|upkeep
|turn|11
|
|t:|1760366562
|-end|p2a: Weezing|ability: Neutralizing Gas
|switch|p2a: Corviknight|Corviknight, M, shiny|100/100
|-damage|p2a: Corviknight|88/100|[from] Stealth Rock
|-ability|p2a: Corviknight|Pressure
|move|p1a: Gliscor|Earthquake|p2a: Corviknight
|-immune|p2a: Corviknight
|
|-heal|p1a: Gliscor|83/100 tox|[from] ability: Poison Heal
|upkeep
|turn|12
|
|t:|1760366566
|move|p1a: Gliscor|Spikes|p2a: Corviknight
|-sidestart|p2: PandaLord0|Spikes
|move|p2a: Corviknight|U-turn|p1a: Gliscor
|-resisted|p1a: Gliscor
|-damage|p1a: Gliscor|79/100 tox
|
|t:|1760366570
|switch|p2a: Weezing|Weezing-Galar, M|75/100|[from] U-turn
|-ability|p2a: Weezing|Neutralizing Gas
|-damage|p2a: Weezing|63/100|[from] Stealth Rock
|-damage|p2a: Weezing|50/100|[from] Spikes
|
|-damage|p1a: Gliscor|60/100 tox|[from] psn
|upkeep
|turn|13
|
|t:|1760366578
|switch|p1a: Clodsire|Clodsire, F|100/100
|-end|p2a: Weezing|ability: Neutralizing Gas
|switch|p2a: Corviknight|Corviknight, M, shiny|88/100
|-damage|p2a: Corviknight|75/100|[from] Stealth Rock
|-ability|p2a: Corviknight|Pressure
|
|upkeep
|turn|14
|
|t:|1760366585
|switch|p1a: Corviknight|Corviknight, M|100/100
|-damage|p1a: Corviknight|88/100|[from] Stealth Rock
|-ability|p1a: Corviknight|Pressure
|move|p2a: Corviknight|Roost|p2a: Corviknight
|-heal|p2a: Corviknight|100/100
|-singleturn|p2a: Corviknight|move: Roost
|
|upkeep
|turn|15
|
|t:|1760366592
|move|p2a: Corviknight|U-turn|p1a: Corviknight
|-resisted|p1a: Corviknight
|-damage|p1a: Corviknight|86/100
|-damage|p2a: Corviknight|84/100|[from] item: Rocky Helmet|[of] p1a: Corviknight
|
|t:|1760366597
|switch|p2a: Weezing|Weezing-Galar, M|50/100|[from] U-turn
|-ability|p2a: Weezing|Neutralizing Gas
|-damage|p2a: Weezing|38/100|[from] Stealth Rock
|-damage|p2a: Weezing|26/100|[from] Spikes
|move|p1a: Corviknight|Iron Defense|p1a: Corviknight
|-boost|p1a: Corviknight|def|2
|
|upkeep
|turn|16
|
|t:|1760366602
|switch|p1a: Clodsire|Clodsire, F|100/100
|move|p2a: Weezing|Defog|p1a: Clodsire
|-unboost|p1a: Clodsire|evasion|1
|-sideend|p1: stallincorporated|Spikes|[from] move: Defog|[of] p2a: Weezing
|-sideend|p1: stallincorporated|Stealth Rock|[from] move: Defog|[of] p2a: Weezing
|-sideend|p2: PandaLord0|Spikes|[from] move: Defog|[of] p2a: Weezing
|-sideend|p2: PandaLord0|Stealth Rock|[from] move: Defog|[of] p2a: Weezing
|
|upkeep
|turn|17
|
|t:|1760366608
|-end|p2a: Weezing|ability: Neutralizing Gas
|switch|p2a: Ogerpon|Ogerpon-Wellspring, F|100/100
|move|p1a: Clodsire|Bulldoze|p2a: Ogerpon
|-resisted|p2a: Ogerpon
|-damage|p2a: Ogerpon|91/100
|-unboost|p2a: Ogerpon|spe|1
|
|upkeep
|turn|18
|
|t:|1760366612
|switch|p1a: Clefable|Clefable, F|74/100
|move|p2a: Ogerpon|Ivy Cudgel|p1a: Clefable|[anim] Ivy Cudgel Water
|-damage|p1a: Clefable|34/100
|
|upkeep
|turn|19
|
|t:|1760366624
|-terastallize|p1a: Clefable|Water
|move|p2a: Ogerpon|Ivy Cudgel|p1a: Clefable|[anim] Ivy Cudgel Water
|-resisted|p1a: Clefable
|-damage|p1a: Clefable|15/100
|move|p1a: Clefable|Moonlight|p1a: Clefable
|-heal|p1a: Clefable|65/100
|
|upkeep
|turn|20
|
|t:|1760366632
|switch|p2a: Weezing|Weezing-Galar, M|26/100
|-ability|p2a: Weezing|Neutralizing Gas
|move|p1a: Clefable|Moonlight|p1a: Clefable
|-heal|p1a: Clefable|100/100
|
|upkeep
|turn|21
|
|t:|1760366637
|move|p2a: Weezing|Pain Split|p1a: Clefable
|-sethp|p1a: Clefable|61/100|[from] move: Pain Split|[silent]
|-sethp|p2a: Weezing|72/100|[from] move: Pain Split
|move|p1a: Clefable|Stealth Rock|p2a: Weezing
|-sidestart|p2: PandaLord0|move: Stealth Rock
|
|upkeep
|turn|22
|
|t:|1760366640
|move|p2a: Weezing|Sludge Bomb|p1a: Clefable
|-damage|p1a: Clefable|33/100
|move|p1a: Clefable|Moonlight|p1a: Clefable
|-heal|p1a: Clefable|83/100
|
|upkeep
|turn|23
|
|t:|1760366646
|switch|p1a: Gliscor|Gliscor, M|60/100 tox
|move|p2a: Weezing|Sludge Bomb|p1a: Gliscor
|-resisted|p1a: Gliscor
|-damage|p1a: Gliscor|45/100 tox
|
|-damage|p1a: Gliscor|39/100 tox|[from] psn
|upkeep
|turn|24
|
|t:|1760366653
|switch|p1a: Clodsire|Clodsire, F|100/100
|-end|p2a: Weezing|ability: Neutralizing Gas
|switch|p2a: Ogerpon|Ogerpon-Wellspring, F|91/100
|-damage|p2a: Ogerpon|79/100|[from] Stealth Rock
|
|upkeep
|turn|25
|
|t:|1760366659
|switch|p1a: Clefable|Clefable, F, tera:Water|83/100
|move|p2a: Ogerpon|Spikes|p1a: Clefable
|-sidestart|p1: stallincorporated|Spikes
|
|upkeep
|turn|26
|
|t:|1760366662
|switch|p2a: Weezing|Weezing-Galar, M|72/100
|-ability|p2a: Weezing|Neutralizing Gas
|-damage|p2a: Weezing|60/100|[from] Stealth Rock
|move|p1a: Clefable|Moonblast|p2a: Weezing
|-resisted|p2a: Weezing
|-damage|p2a: Weezing|37/100
|
|upkeep
|turn|27
|
|t:|1760366666
|move|p2a: Weezing|Pain Split|p1a: Clefable
|-sethp|p1a: Clefable|58/100|[from] move: Pain Split|[silent]
|-sethp|p2a: Weezing|68/100|[from] move: Pain Split
|move|p1a: Clefable|Moonblast|p2a: Weezing
|-resisted|p2a: Weezing
|-damage|p2a: Weezing|47/100
|
|upkeep
|turn|28
|
|t:|1760366669
|move|p2a: Weezing|Defog|p1a: Clefable
|-unboost|p1a: Clefable|evasion|1
|-sideend|p1: stallincorporated|Spikes|[from] move: Defog|[of] p2a: Weezing
|-sideend|p2: PandaLord0|Stealth Rock|[from] move: Defog|[of] p2a: Weezing
|move|p1a: Clefable|Moonblast|p2a: Weezing
|-resisted|p2a: Weezing
|-damage|p2a: Weezing|24/100
|
|upkeep
|turn|29
|
|t:|1760366674
|move|p2a: Weezing|Sludge Bomb|p1a: Clefable
|-damage|p1a: Clefable|34/100
|move|p1a: Clefable|Stealth Rock|p2a: Weezing
|-sidestart|p2: PandaLord0|move: Stealth Rock
|
|upkeep
|turn|30
|
|t:|1760366677
|move|p2a: Weezing|Sludge Bomb|p1a: Clefable
|-damage|p1a: Clefable|7/100
|move|p1a: Clefable|Moonblast|p2a: Weezing
|-resisted|p2a: Weezing
|-damage|p2a: Weezing|5/100
|
|upkeep
|turn|31
|
|t:|1760366690
|switch|p1a: Gliscor|Gliscor, M|39/100 tox
|move|p2a: Weezing|Pain Split|p1a: Gliscor
|-sethp|p1a: Gliscor|22/100 tox|[from] move: Pain Split|[silent]
|-sethp|p2a: Weezing|23/100|[from] move: Pain Split
|
|-damage|p1a: Gliscor|16/100 tox|[from] psn
|upkeep
|turn|32
|
|t:|1760366700
|-end|p2a: Weezing|ability: Neutralizing Gas
|switch|p2a: Corviknight|Corviknight, M, shiny|84/100
|-damage|p2a: Corviknight|71/100|[from] Stealth Rock
|-ability|p2a: Corviknight|Pressure
|move|p1a: Gliscor|Earthquake|p2a: Corviknight
|-immune|p2a: Corviknight
|
|-heal|p1a: Gliscor|28/100 tox|[from] ability: Poison Heal
|upkeep
|turn|33
|
|t:|1760366704
|move|p1a: Gliscor|Protect|p1a: Gliscor
|-singleturn|p1a: Gliscor|Protect
|move|p2a: Corviknight|U-turn|p1a: Gliscor
|-activate|p1a: Gliscor|move: Protect
|
|-heal|p1a: Gliscor|41/100 tox|[from] ability: Poison Heal
|upkeep
|turn|34
|
|t:|1760366713
|switch|p1a: Corviknight|Corviknight, M|86/100
|-ability|p1a: Corviknight|Pressure
|move|p2a: Corviknight|Iron Defense|p2a: Corviknight
|-boost|p2a: Corviknight|def|2
|
|upkeep
|turn|35
|
|t:|1760366717
|move|p1a: Corviknight|Iron Defense|p1a: Corviknight
|-boost|p1a: Corviknight|def|2
|move|p2a: Corviknight|Iron Defense|p2a: Corviknight
|-boost|p2a: Corviknight|def|2
|
|upkeep
|turn|36
|
|t:|1760366722
|move|p2a: Corviknight|Iron Defense|p2a: Corviknight
|-boost|p2a: Corviknight|def|2
|move|p1a: Corviknight|Iron Defense|p1a: Corviknight
|-boost|p1a: Corviknight|def|2
|
|upkeep
|turn|37
|
|t:|1760366724
|move|p2a: Corviknight|Body Press|p1a: Corviknight
|-damage|p1a: Corviknight|65/100
|-damage|p2a: Corviknight|55/100|[from] item: Rocky Helmet|[of] p1a: Corviknight
|move|p1a: Corviknight|Iron Defense|p1a: Corviknight
|-boost|p1a: Corviknight|def|2
|
|upkeep
|turn|38
|
|t:|1760366728
|move|p1a: Corviknight|Body Press|p2a: Corviknight
|-damage|p2a: Corviknight|39/100
|-damage|p1a: Corviknight|49/100|[from] item: Rocky Helmet|[of] p2a: Corviknight
|move|p2a: Corviknight|Roost|p2a: Corviknight
|-heal|p2a: Corviknight|89/100
|-singleturn|p2a: Corviknight|move: Roost
|
|upkeep
|turn|39
|
|t:|1760366735
|switch|p2a: Skeledirge|Skeledirge, M|100/100
|move|p1a: Corviknight|Roost|p1a: Corviknight
|-heal|p1a: Corviknight|99/100
|-singleturn|p1a: Corviknight|move: Roost
|
|upkeep
|turn|40
|
|t:|1760366742
|switch|p1a: Clodsire|Clodsire, F|100/100
|move|p2a: Skeledirge|Torch Song|p1a: Clodsire
|-damage|p1a: Clodsire|85/100
|-boost|p2a: Skeledirge|spa|1
|
|upkeep
|turn|41
|
|t:|1760366750
|switch|p2a: Corviknight|Corviknight, M, shiny|89/100
|-damage|p2a: Corviknight|76/100|[from] Stealth Rock
|-ability|p2a: Corviknight|Pressure
|move|p1a: Clodsire|Bulldoze|p2a: Corviknight
|-immune|p2a: Corviknight
|
|upkeep
|turn|42
|
|t:|1760366756
|switch|p1a: Corviknight|Corviknight, M|99/100
|-ability|p1a: Corviknight|Pressure
|move|p2a: Corviknight|U-turn|p1a: Corviknight
|-resisted|p1a: Corviknight
|-damage|p1a: Corviknight|97/100
|-damage|p2a: Corviknight|60/100|[from] item: Rocky Helmet|[of] p1a: Corviknight
|
|t:|1760366759
|switch|p2a: Weezing|Weezing-Galar, M|23/100|[from] U-turn
|-ability|p2a: Weezing|Neutralizing Gas
|-damage|p2a: Weezing|11/100|[from] Stealth Rock
|
|upkeep
|turn|43
|
|t:|1760366764
|move|p2a: Weezing|Pain Split|p1a: Corviknight
|-sethp|p1a: Corviknight|53/100|[from] move: Pain Split|[silent]
|-sethp|p2a: Weezing|63/100|[from] move: Pain Split
|move|p1a: Corviknight|Drill Peck|p2a: Weezing
|-damage|p2a: Weezing|43/100
|
|upkeep
|turn|44
|
|t:|1760366771
|move|p2a: Weezing|Defog|p1a: Corviknight
|-unboost|p1a: Corviknight|evasion|1
|-sideend|p2: PandaLord0|Stealth Rock|[from] move: Defog|[of] p2a: Weezing
|move|p1a: Corviknight|Roost|p1a: Corviknight
|-heal|p1a: Corviknight|100/100
|-singleturn|p1a: Corviknight|move: Roost
|
|upkeep
|turn|45
|
|t:|1760366780
|move|p2a: Weezing|Will-O-Wisp|p1a: Corviknight
|-status|p1a: Corviknight|brn
|move|p1a: Corviknight|Iron Defense|p1a: Corviknight
|-boost|p1a: Corviknight|def|2
|
|-damage|p1a: Corviknight|94/100 brn|[from] brn
|upkeep
|turn|46
|
|t:|1760366782
|move|p2a: Weezing|Pain Split|p1a: Corviknight
|-sethp|p1a: Corviknight|65/100 brn|[from] move: Pain Split|[silent]
|-sethp|p2a: Weezing|78/100|[from] move: Pain Split
|move|p1a: Corviknight|Iron Defense|p1a: Corviknight
|-boost|p1a: Corviknight|def|2
|
|-damage|p1a: Corviknight|59/100 brn|[from] brn
|upkeep
|turn|47
|
|t:|1760366788
|-end|p2a: Weezing|ability: Neutralizing Gas
|-ability|p1a: Corviknight|Pressure
|switch|p2a: Skeledirge|Skeledirge, M|100/100
|move|p1a: Corviknight|Iron Defense|p1a: Corviknight
|-boost|p1a: Corviknight|def|2
|
|-damage|p1a: Corviknight|52/100 brn|[from] brn
|upkeep
|turn|48
|
|t:|1760366794
|switch|p1a: Clodsire|Clodsire, F|85/100
|move|p2a: Skeledirge|Earth Power|p1a: Clodsire
|-supereffective|p1a: Clodsire
|-damage|p1a: Clodsire|62/100
|
|upkeep
|turn|49
|
|t:|1760366799
|switch|p2a: Ting-Lu|Ting-Lu, shiny|72/100
|-ability|p2a: Ting-Lu|Vessel of Ruin
|move|p1a: Clodsire|Poison Sting|p2a: Ting-Lu
|-resisted|p2a: Ting-Lu
|-damage|p2a: Ting-Lu|71/100
|
|upkeep
|turn|50
|
|t:|1760366804
|move|p2a: Ting-Lu|Stealth Rock|p1a: Clodsire
|-sidestart|p1: stallincorporated|move: Stealth Rock
|move|p1a: Clodsire|Poison Sting|p2a: Ting-Lu
|-resisted|p2a: Ting-Lu
|-damage|p2a: Ting-Lu|70/100
|-status|p2a: Ting-Lu|psn
|
|-damage|p2a: Ting-Lu|57/100 psn|[from] psn
|upkeep
|turn|51
|
|t:|1760366807
|switch|p1a: Gliscor|Gliscor, M|41/100 tox
|-damage|p1a: Gliscor|28/100 tox|[from] Stealth Rock
|move|p2a: Ting-Lu|Earthquake|p1a: Gliscor
|-immune|p1a: Gliscor
|
|-heal|p1a: Gliscor|41/100 tox|[from] ability: Poison Heal
|-damage|p2a: Ting-Lu|45/100 psn|[from] psn
|upkeep
|turn|52
|
|t:|1760366815
|move|p1a: Gliscor|Protect|p1a: Gliscor
|-singleturn|p1a: Gliscor|Protect
|move|p2a: Ting-Lu|Rest|p2a: Ting-Lu
|-status|p2a: Ting-Lu|slp|[from] move: Rest
|-heal|p2a: Ting-Lu|100/100 slp|[silent]
|
|-heal|p1a: Gliscor|53/100 tox|[from] ability: Poison Heal
|upkeep
|turn|53
|
|t:|1760366821
|move|p1a: Gliscor|Earthquake|p2a: Ting-Lu
|-damage|p2a: Ting-Lu|81/100 slp
|cant|p2a: Ting-Lu|slp
|
|-heal|p1a: Gliscor|66/100 tox|[from] ability: Poison Heal
|upkeep
|turn|54
|
|t:|1760366823
|move|p1a: Gliscor|Spikes|p2a: Ting-Lu
|-sidestart|p2: PandaLord0|Spikes
|cant|p2a: Ting-Lu|slp
|
|-heal|p1a: Gliscor|78/100 tox|[from] ability: Poison Heal
|upkeep
|turn|55
|
|t:|1760366827
|switch|p2a: Weezing|Weezing-Galar, M|78/100
|-ability|p2a: Weezing|Neutralizing Gas
|-damage|p2a: Weezing|65/100|[from] Spikes
|move|p1a: Gliscor|Spikes|p2a: Weezing
|-sidestart|p2: PandaLord0|Spikes
|
|-damage|p1a: Gliscor|47/100 tox|[from] psn
|upkeep
|turn|56
|
|t:|1760366833
|switch|p1a: Corviknight|Corviknight, M|52/100 brn
|-damage|p1a: Corviknight|40/100 brn|[from] Stealth Rock
|move|p2a: Weezing|Defog|p1a: Corviknight
|-unboost|p1a: Corviknight|evasion|1
|-sideend|p1: stallincorporated|Stealth Rock|[from] move: Defog|[of] p2a: Weezing
|-sideend|p2: PandaLord0|Spikes|[from] move: Defog|[of] p2a: Weezing
|
|-damage|p1a: Corviknight|34/100 brn|[from] brn
|upkeep
|turn|57
|
|t:|1760366841
|-end|p2a: Weezing|ability: Neutralizing Gas
|-ability|p1a: Corviknight|Pressure
|switch|p2a: Corviknight|Corviknight, M, shiny|60/100
|-ability|p2a: Corviknight|Pressure
|move|p1a: Corviknight|Roost|p1a: Corviknight
|-heal|p1a: Corviknight|84/100 brn
|-singleturn|p1a: Corviknight|move: Roost
|
|-damage|p1a: Corviknight|77/100 brn|[from] brn
|upkeep
|turn|58
|
|t:|1760366847
|switch|p1a: Gliscor|Gliscor, M|47/100 tox
|move|p2a: Corviknight|Roost|p2a: Corviknight
|-heal|p2a: Corviknight|100/100
|-singleturn|p2a: Corviknight|move: Roost
|
|-heal|p1a: Gliscor|59/100 tox|[from] ability: Poison Heal
|upkeep
|turn|59
|
|t:|1760366854
|switch|p2a: Weezing|Weezing-Galar, M|65/100
|-ability|p2a: Weezing|Neutralizing Gas
|move|p1a: Gliscor|Protect||[still]
|-fail|p1a: Gliscor
|
|-damage|p1a: Gliscor|47/100 tox|[from] psn
|upkeep
|turn|60
|
|t:|1760366862
|switch|p1a: Blissey|Blissey, F|100/100
|-end|p2a: Weezing|ability: Neutralizing Gas
|switch|p2a: Skeledirge|Skeledirge, M|100/100
|
|upkeep
|turn|61
|
|t:|1760366868
|move|p2a: Skeledirge|Torch Song|p1a: Blissey
|-damage|p1a: Blissey|92/100
|-boost|p2a: Skeledirge|spa|1
|move|p1a: Blissey|Shadow Ball|p2a: Skeledirge
|-supereffective|p2a: Skeledirge
|-damage|p2a: Skeledirge|82/100
|-unboost|p2a: Skeledirge|spd|1
|
|upkeep
|turn|62
|
|t:|1760366879
|switch|p2a: Ogerpon|Ogerpon-Wellspring, F|79/100
|move|p1a: Blissey|Shadow Ball|p2a: Ogerpon
|-damage|p2a: Ogerpon|66/100
|
|upkeep
|turn|63
|
|t:|1760366887
|switch|p1a: Dondozo|Dondozo, M|100/100
|move|p2a: Ogerpon|Knock Off|p1a: Dondozo
|-damage|p1a: Dondozo|86/100
|-enditem|p1a: Dondozo|Heavy-Duty Boots|[from] move: Knock Off|[of] p2a: Ogerpon
|
|upkeep
|turn|64
|
|t:|1760366895
|switch|p2a: Dragapult|Dragapult, M|100/100
|switch|p1a: Corviknight|Corviknight, M|77/100 brn
|-ability|p1a: Corviknight|Pressure
|
|-damage|p1a: Corviknight|71/100 brn|[from] brn
|upkeep
|turn|65
|
|t:|1760366900
|move|p2a: Dragapult|Hex|p1a: Corviknight
|-damage|p1a: Corviknight|0 fnt
|faint|p1a: Corviknight
|
|upkeep
|
|t:|1760366906
|switch|p1a: Clodsire|Clodsire, F|62/100
|turn|66
|
|t:|1760366910
|switch|p2a: Corviknight|Corviknight, M, shiny|100/100
|-ability|p2a: Corviknight|Pressure
|move|p1a: Clodsire|Bulldoze|p2a: Corviknight
|-immune|p2a: Corviknight
|
|upkeep
|turn|67
|
|t:|1760366914
|move|p2a: Corviknight|Iron Defense|p2a: Corviknight
|-boost|p2a: Corviknight|def|2
|move|p1a: Clodsire|Amnesia|p1a: Clodsire
|-boost|p1a: Clodsire|spd|2
|
|upkeep
|turn|68
|
|t:|1760366933
|move|p2a: Corviknight|U-turn|p1a: Clodsire
|-resisted|p1a: Clodsire
|-crit|p1a: Clodsire
|-damage|p1a: Clodsire|50/100
|
|t:|1760366937
|switch|p2a: Ting-Lu|Ting-Lu, shiny|81/100 slp|[from] U-turn
|-ability|p2a: Ting-Lu|Vessel of Ruin
|move|p1a: Clodsire|Recover|p1a: Clodsire
|-heal|p1a: Clodsire|99/100
|
|upkeep
|turn|69
|
|t:|1760366942
|switch|p1a: Gliscor|Gliscor, M|47/100 tox
|-curestatus|p2a: Ting-Lu|slp|[msg]
|move|p2a: Ting-Lu|Earthquake|p1a: Gliscor
|-immune|p1a: Gliscor
|
|-heal|p1a: Gliscor|59/100 tox|[from] ability: Poison Heal
|upkeep
|turn|70
|
|t:|1760366945
|move|p1a: Gliscor|Spikes|p2a: Ting-Lu
|-sidestart|p2: PandaLord0|Spikes
|move|p2a: Ting-Lu|Throat Chop|p1a: Gliscor
|-damage|p1a: Gliscor|41/100 tox
|-start|p1a: Gliscor|Throat Chop|[silent]
|
|-heal|p1a: Gliscor|54/100 tox|[from] ability: Poison Heal
|upkeep
|turn|71
|
|t:|1760366950
|move|p1a: Gliscor|Earthquake|p2a: Ting-Lu
|-damage|p2a: Ting-Lu|62/100
|move|p2a: Ting-Lu|Stealth Rock|p1a: Gliscor
|-sidestart|p1: stallincorporated|move: Stealth Rock
|
|-heal|p1a: Gliscor|66/100 tox|[from] ability: Poison Heal
|-end|p1a: Gliscor|Throat Chop|[silent]
|upkeep
|turn|72
|
|t:|1760366953
|move|p1a: Gliscor|Spikes|p2a: Ting-Lu
|-sidestart|p2: PandaLord0|Spikes
|move|p2a: Ting-Lu|Throat Chop|p1a: Gliscor
|-damage|p1a: Gliscor|49/100 tox
|-start|p1a: Gliscor|Throat Chop|[silent]
|
|-heal|p1a: Gliscor|61/100 tox|[from] ability: Poison Heal
|upkeep
|turn|73
|
|t:|1760366960
|move|p1a: Gliscor|Spikes|p2a: Ting-Lu
|-sidestart|p2: PandaLord0|Spikes
|move|p2a: Ting-Lu|Throat Chop|p1a: Gliscor
|-damage|p1a: Gliscor|43/100 tox
|
|-heal|p1a: Gliscor|56/100 tox|[from] ability: Poison Heal
|-end|p1a: Gliscor|Throat Chop|[silent]
|upkeep
|turn|74
|
|t:|1760366966
|move|p1a: Gliscor|Earthquake|p2a: Ting-Lu
|-damage|p2a: Ting-Lu|44/100
|move|p2a: Ting-Lu|Throat Chop|p1a: Gliscor
|-damage|p1a: Gliscor|39/100 tox
|-start|p1a: Gliscor|Throat Chop|[silent]
|
|-heal|p1a: Gliscor|52/100 tox|[from] ability: Poison Heal
|upkeep
|turn|75
|
|t:|1760366970
|move|p1a: Gliscor|Toxic|p2a: Ting-Lu
|-status|p2a: Ting-Lu|tox
|move|p2a: Ting-Lu|Throat Chop|p1a: Gliscor
|-damage|p1a: Gliscor|32/100 tox
|
|-heal|p1a: Gliscor|45/100 tox|[from] ability: Poison Heal
|-damage|p2a: Ting-Lu|38/100 tox|[from] psn
|-end|p1a: Gliscor|Throat Chop|[silent]
|upkeep
|turn|76
|
|t:|1760366983
|move|p1a: Gliscor|Protect|p1a: Gliscor
|-singleturn|p1a: Gliscor|Protect
|move|p2a: Ting-Lu|Rest|p2a: Ting-Lu
|-status|p2a: Ting-Lu|slp|[from] move: Rest
|-heal|p2a: Ting-Lu|100/100 slp|[silent]
|
|-heal|p1a: Gliscor|57/100 tox|[from] ability: Poison Heal
|upkeep
|turn|77
|
|t:|1760366992
|switch|p1a: Clefable|Clefable, F, tera:Water|7/100
|cant|p2a: Ting-Lu|slp
|
|upkeep
|turn|78
|
|t:|1760366995
|move|p1a: Clefable|Moonlight|p1a: Clefable
|-heal|p1a: Clefable|57/100
|cant|p2a: Ting-Lu|slp
|
|upkeep
|turn|79
|
|t:|1760367000
|move|p1a: Clefable|Stealth Rock|p2a: Ting-Lu
|-sidestart|p2: PandaLord0|move: Stealth Rock
|-curestatus|p2a: Ting-Lu|slp|[msg]
|move|p2a: Ting-Lu|Throat Chop|p1a: Clefable
|-damage|p1a: Clefable|35/100
|-start|p1a: Clefable|Throat Chop|[silent]
|
|upkeep
|turn|80
|
|t:|1760367004
|switch|p1a: Gliscor|Gliscor, M|57/100 tox
|-damage|p1a: Gliscor|45/100 tox|[from] Stealth Rock
|move|p2a: Ting-Lu|Throat Chop|p1a: Gliscor
|-damage|p1a: Gliscor|27/100 tox
|-start|p1a: Gliscor|Throat Chop|[silent]
|
|-heal|p1a: Gliscor|40/100 tox|[from] ability: Poison Heal
|upkeep
|turn|81
|
|t:|1760367014
|switch|p2a: Corviknight|Corviknight, M, shiny|100/100
|-damage|p2a: Corviknight|88/100|[from] Stealth Rock
|-ability|p2a: Corviknight|Pressure
|move|p1a: Gliscor|Earthquake|p2a: Corviknight
|-immune|p2a: Corviknight
|
|-heal|p1a: Gliscor|52/100 tox|[from] ability: Poison Heal
|-end|p1a: Gliscor|Throat Chop|[silent]
|upkeep
|turn|82
|
|t:|1760367019
|move|p1a: Gliscor|Protect|p1a: Gliscor
|-singleturn|p1a: Gliscor|Protect
|move|p2a: Corviknight|Iron Defense|p2a: Corviknight
|-boost|p2a: Corviknight|def|2
|
|-heal|p1a: Gliscor|65/100 tox|[from] ability: Poison Heal
|upkeep
|turn|83
|
|t:|1760367025
|switch|p1a: Dondozo|Dondozo, M|86/100
|-damage|p1a: Dondozo|73/100|[from] Stealth Rock
|move|p2a: Corviknight|Iron Defense|p2a: Corviknight
|-boost|p2a: Corviknight|def|2
|
|upkeep
|turn|84
|
|t:|1760367030
|move|p2a: Corviknight|U-turn|p1a: Dondozo
|-damage|p1a: Dondozo|66/100
|
|t:|1760367032
|switch|p2a: Weezing|Weezing-Galar, M|65/100|[from] U-turn
|-ability|p2a: Weezing|Neutralizing Gas
|-damage|p2a: Weezing|41/100|[from] Spikes
|-damage|p2a: Weezing|28/100|[from] Stealth Rock
|move|p1a: Dondozo|Curse|p1a: Dondozo
|-unboost|p1a: Dondozo|spe|1
|-boost|p1a: Dondozo|atk|1
|-boost|p1a: Dondozo|def|1
|
|upkeep
|turn|85
|
|t:|1760367035
|move|p2a: Weezing|Pain Split|p1a: Dondozo
|-sethp|p1a: Dondozo|43/100|[from] move: Pain Split|[silent]
|-sethp|p2a: Weezing|64/100|[from] move: Pain Split
|move|p1a: Dondozo|Waterfall|p2a: Weezing
|-damage|p2a: Weezing|29/100
|
|upkeep
|turn|86
|
|t:|1760367037
|move|p2a: Weezing|Will-O-Wisp|p1a: Dondozo
|-status|p1a: Dondozo|brn
|move|p1a: Dondozo|Waterfall|p2a: Weezing
|-damage|p2a: Weezing|12/100
|
|-damage|p1a: Dondozo|36/100 brn|[from] brn
|upkeep
|turn|87
|
|t:|1760367042
|move|p2a: Weezing|Pain Split|p1a: Dondozo
|-sethp|p1a: Dondozo|22/100 brn|[from] move: Pain Split|[silent]
|-sethp|p2a: Weezing|33/100|[from] move: Pain Split
|move|p1a: Dondozo|Waterfall|p2a: Weezing
|-damage|p2a: Weezing|17/100
|
|-damage|p1a: Dondozo|16/100 brn|[from] brn
|upkeep
|turn|88
|
|t:|1760367046
|switch|p1a: Gliscor|Gliscor, M|65/100 tox
|-damage|p1a: Gliscor|52/100 tox|[from] Stealth Rock
|move|p2a: Weezing|Sludge Bomb|p1a: Gliscor
|-resisted|p1a: Gliscor
|-damage|p1a: Gliscor|36/100 tox
|
|-damage|p1a: Gliscor|30/100 tox|[from] psn
|upkeep
|turn|89
|
|t:|1760367058
|-terastallize|p2a: Weezing|Grass
|move|p1a: Gliscor|Earthquake|p2a: Weezing
|-resisted|p2a: Weezing
|-damage|p2a: Weezing|3/100
|move|p2a: Weezing|Pain Split|p1a: Gliscor
|-sethp|p1a: Gliscor|17/100 tox|[from] move: Pain Split|[silent]
|-sethp|p2a: Weezing|18/100|[from] move: Pain Split
|
|-damage|p1a: Gliscor|4/100 tox|[from] psn
|upkeep
|turn|90
|inactive|stallincorporated has 120 seconds left.
|
|t:|1760367093
|move|p1a: Gliscor|Toxic|p2a: Weezing
|-status|p2a: Weezing|tox
|move|p2a: Weezing|Sludge Bomb|p1a: Gliscor
|-resisted|p1a: Gliscor
|-damage|p1a: Gliscor|0 fnt
|faint|p1a: Gliscor
|
|-damage|p2a: Weezing|12/100 tox|[from] psn
|upkeep
|inactive|stallincorporated has 120 seconds left.
|
|t:|1760367100
|switch|p1a: Dondozo|Dondozo, M|16/100 brn
|-damage|p1a: Dondozo|4/100 brn|[from] Stealth Rock
|turn|91
|
|t:|1760367107
|move|p2a: Weezing|Defog|p1a: Dondozo
|-unboost|p1a: Dondozo|evasion|1
|-sideend|p1: stallincorporated|Stealth Rock|[from] move: Defog|[of] p2a: Weezing
|-sideend|p2: PandaLord0|Spikes|[from] move: Defog|[of] p2a: Weezing
|-sideend|p2: PandaLord0|Stealth Rock|[from] move: Defog|[of] p2a: Weezing
|move|p1a: Dondozo|Rest|p1a: Dondozo
|-status|p1a: Dondozo|slp|[from] move: Rest
|-heal|p1a: Dondozo|100/100 slp|[silent]
|
|-damage|p2a: Weezing|0 fnt|[from] psn
|faint|p2a: Weezing
|-end|p2a: Weezing|ability: Neutralizing Gas
|upkeep
|
|t:|1760367113
|switch|p2a: Dragapult|Dragapult, M|100/100
|turn|92
|
|t:|1760367123
|switch|p1a: Blissey|Blissey, F|92/100
|move|p2a: Dragapult|U-turn|p1a: Blissey
|-damage|p1a: Blissey|75/100
|
|t:|1760367131
|switch|p2a: Ogerpon|Ogerpon-Wellspring, F|66/100|[from] U-turn
|
|upkeep
|turn|93
|
|t:|1760367142
|switch|p1a: Dondozo|Dondozo, M|100/100 slp
|move|p2a: Ogerpon|Ivy Cudgel|p1a: Dondozo|[anim] Ivy Cudgel Water
|-resisted|p1a: Dondozo
|-damage|p1a: Dondozo|90/100 slp
|
|upkeep
|turn|94
|inactive|stallincorporated has 120 seconds left.
|
|t:|1760367184
|switch|p2a: Dragapult|Dragapult, M|100/100
|cant|p1a: Dondozo|slp
|move|p1a: Dondozo|Sleep Talk|p1a: Dondozo
|move|p1a: Dondozo|Waterfall|p2a: Dragapult|[from] move: Sleep Talk
|-resisted|p2a: Dragapult
|-damage|p2a: Dragapult|80/100
|
|upkeep
|turn|95
|
|t:|1760367191
|switch|p1a: Blissey|Blissey, F|75/100
|move|p2a: Dragapult|Hex|p1a: Blissey
|-immune|p1a: Blissey
|
|upkeep
|turn|96
|inactive|stallincorporated has 120 seconds left.
|
|t:|1760367199
|switch|p2a: Ogerpon|Ogerpon-Wellspring, F|66/100
|move|p1a: Blissey|Shadow Ball|p2a: Ogerpon
|-damage|p2a: Ogerpon|52/100
|
|upkeep
|turn|97
|
|t:|1760367203
|switch|p1a: Dondozo|Dondozo, M|90/100 slp
|move|p2a: Ogerpon|Synthesis|p2a: Ogerpon
|-heal|p2a: Ogerpon|100/100
|
|upkeep
|turn|98
|
|t:|1760367215
|move|p2a: Ogerpon|Spikes|p1a: Dondozo
|-sidestart|p1: stallincorporated|Spikes
|cant|p1a: Dondozo|slp
|move|p1a: Dondozo|Sleep Talk|p1a: Dondozo
|move|p1a: Dondozo|Rest||[from] move: Sleep Talk|[still]
|-fail|p1a: Dondozo
|
|upkeep
|turn|99
|
|t:|1760367222
|switch|p1a: Clefable|Clefable, F, tera:Water|35/100
|move|p2a: Ogerpon|Spikes|p1a: Clefable
|-sidestart|p1: stallincorporated|Spikes
|
|upkeep
|turn|100
|
|t:|1760367237
|switch|p2a: Skeledirge|Skeledirge, M|82/100
|move|p1a: Clefable|Moonlight|p1a: Clefable
|-heal|p1a: Clefable|85/100
|
|upkeep
|turn|101
|
|t:|1760367242
|move|p2a: Skeledirge|Will-O-Wisp|p1a: Clefable
|-status|p1a: Clefable|brn
|move|p1a: Clefable|Stealth Rock|p2a: Skeledirge
|-sidestart|p2: PandaLord0|move: Stealth Rock
|
|upkeep
|turn|102
|
|t:|1760367245
|move|p2a: Skeledirge|Torch Song|p1a: Clefable
|-resisted|p1a: Clefable
|-damage|p1a: Clefable|71/100 brn
|-boost|p2a: Skeledirge|spa|1
|move|p1a: Clefable|Knock Off|p2a: Skeledirge
|-supereffective|p2a: Skeledirge
|-damage|p2a: Skeledirge|69/100
|-enditem|p2a: Skeledirge|Heavy-Duty Boots|[from] move: Knock Off|[of] p1a: Clefable
|
|upkeep
|turn|103
|
|t:|1760367249
|switch|p1a: Clodsire|Clodsire, F|99/100
|move|p2a: Skeledirge|Torch Song|p1a: Clodsire
|-damage|p1a: Clodsire|85/100
|-boost|p2a: Skeledirge|spa|1
|
|upkeep
|turn|104
|
|t:|1760367254
|switch|p2a: Ting-Lu|Ting-Lu, shiny|100/100
|-damage|p2a: Ting-Lu|94/100|[from] Stealth Rock
|-ability|p2a: Ting-Lu|Vessel of Ruin
|move|p1a: Clodsire|Poison Sting|p2a: Ting-Lu
|-resisted|p2a: Ting-Lu
|-damage|p2a: Ting-Lu|93/100
|-status|p2a: Ting-Lu|psn
|
|-damage|p2a: Ting-Lu|81/100 psn|[from] psn
|upkeep
|turn|105
|
|t:|1760367258
|switch|p1a: Dondozo|Dondozo, M|90/100 slp
|-damage|p1a: Dondozo|73/100 slp|[from] Spikes
|move|p2a: Ting-Lu|Earthquake|p1a: Dondozo
|-damage|p1a: Dondozo|57/100 slp
|
|-damage|p2a: Ting-Lu|68/100 psn|[from] psn
|upkeep
|turn|106
|
|t:|1760367265
|switch|p2a: Ogerpon|Ogerpon-Wellspring, F|100/100
|-damage|p2a: Ogerpon|88/100|[from] Stealth Rock
|-curestatus|p1a: Dondozo|slp|[msg]
|move|p1a: Dondozo|Curse|p1a: Dondozo
|-unboost|p1a: Dondozo|spe|1
|-boost|p1a: Dondozo|atk|1
|-boost|p1a: Dondozo|def|1
|
|upkeep
|turn|107
|
|t:|1760367273
|move|p2a: Ogerpon|Spikes|p1a: Dondozo
|-sidestart|p1: stallincorporated|Spikes
|move|p1a: Dondozo|Curse|p1a: Dondozo
|-unboost|p1a: Dondozo|spe|1
|-boost|p1a: Dondozo|atk|1
|-boost|p1a: Dondozo|def|1
|
|upkeep
|turn|108
|
|t:|1760367277
|move|p2a: Ogerpon|Knock Off|p1a: Dondozo
|-damage|p1a: Dondozo|52/100
|move|p1a: Dondozo|Curse|p1a: Dondozo
|-unboost|p1a: Dondozo|spe|1
|-boost|p1a: Dondozo|atk|1
|-boost|p1a: Dondozo|def|1
|
|upkeep
|turn|109
|inactive|PandaLord0 has 120 seconds left.
|
|t:|1760367317
|move|p2a: Ogerpon|Knock Off|p1a: Dondozo
|-damage|p1a: Dondozo|47/100
|move|p1a: Dondozo|Rest|p1a: Dondozo
|-status|p1a: Dondozo|slp|[from] move: Rest
|-heal|p1a: Dondozo|100/100 slp|[silent]
|
|upkeep
|turn|110
|
|t:|1760367323
|switch|p2a: Dragapult|Dragapult, M|80/100
|-damage|p2a: Dragapult|68/100|[from] Stealth Rock
|cant|p1a: Dondozo|slp
|
|upkeep
|turn|111
|
|t:|1760367327
|move|p2a: Dragapult|Hex|p1a: Dondozo
|-damage|p1a: Dondozo|25/100 slp
|cant|p1a: Dondozo|slp
|
|upkeep
|turn|112
|
|t:|1760367332
|switch|p2a: Ogerpon|Ogerpon-Wellspring, F|88/100
|-damage|p2a: Ogerpon|76/100|[from] Stealth Rock
|switch|p1a: Blissey|Blissey, F|75/100
|
|upkeep
|turn|113
|
|t:|1760367339
|switch|p1a: Dondozo|Dondozo, M|25/100 slp
|-damage|p1a: Dondozo|0 fnt|[from] Spikes
|faint|p1a: Dondozo
|move|p2a: Ogerpon|Knock Off|p1: Dondozo|[notarget]
|-fail|p2a: Ogerpon
|
|upkeep
|
|t:|1760367341
|switch|p1a: Clefable|Clefable, F, tera:Water|71/100 brn
|turn|114
|
|t:|1760367351
|switch|p2a: Skeledirge|Skeledirge, M|69/100
|-damage|p2a: Skeledirge|44/100|[from] Stealth Rock
|move|p1a: Clefable|Moonblast|p2a: Skeledirge
|-resisted|p2a: Skeledirge
|-damage|p2a: Skeledirge|33/100
|
|upkeep
|turn|115
|
|t:|1760367358
|switch|p1a: Clodsire|Clodsire, F|85/100
|move|p2a: Skeledirge|Slack Off|p2a: Skeledirge
|-heal|p2a: Skeledirge|83/100
|
|upkeep
|turn|116
|
|t:|1760367363
|move|p2a: Skeledirge|Will-O-Wisp|p1a: Clodsire
|-status|p1a: Clodsire|brn
|move|p1a: Clodsire|Bulldoze|p2a: Skeledirge
|-supereffective|p2a: Skeledirge
|-damage|p2a: Skeledirge|69/100
|-unboost|p2a: Skeledirge|spe|1
|
|-damage|p1a: Clodsire|79/100 brn|[from] brn
|upkeep
|turn|117
|
|t:|1760367369
|switch|p2a: Ogerpon|Ogerpon-Wellspring, F|76/100
|-damage|p2a: Ogerpon|63/100|[from] Stealth Rock
|move|p1a: Clodsire|Poison Sting|p2a: Ogerpon
|-supereffective|p2a: Ogerpon
|-damage|p2a: Ogerpon|59/100
|
|-damage|p1a: Clodsire|73/100 brn|[from] brn
|upkeep
|turn|118
|
|t:|1760367373
|move|p2a: Ogerpon|Knock Off|p1a: Clodsire
|-damage|p1a: Clodsire|35/100 brn
|-enditem|p1a: Clodsire|Heavy-Duty Boots|[from] move: Knock Off|[of] p2a: Ogerpon
|move|p1a: Clodsire|Poison Sting|p2a: Ogerpon
|-supereffective|p2a: Ogerpon
|-damage|p2a: Ogerpon|55/100
|
|-damage|p1a: Clodsire|29/100 brn|[from] brn
|upkeep
|turn|119
|
|t:|1760367381
|switch|p1a: Clefable|Clefable, F, tera:Water|71/100 brn
|move|p2a: Ogerpon|Ivy Cudgel|p1a: Clefable|[anim] Ivy Cudgel Water
|-resisted|p1a: Clefable
|-damage|p1a: Clefable|49/100 brn
|
|upkeep
|turn|120
|
|t:|1760367383
|move|p2a: Ogerpon|Synthesis|p2a: Ogerpon
|-heal|p2a: Ogerpon|100/100
|move|p1a: Clefable|Moonblast|p2a: Ogerpon
|-damage|p2a: Ogerpon|67/100
|
|upkeep
|turn|121
|
|t:|1760367388
|switch|p2a: Skeledirge|Skeledirge, M|69/100
|-damage|p2a: Skeledirge|45/100|[from] Stealth Rock
|move|p1a: Clefable|Moonlight|p1a: Clefable
|-heal|p1a: Clefable|99/100 brn
|
|upkeep
|turn|122
|
|t:|1760367392
|switch|p1a: Clodsire|Clodsire, F|29/100 brn
|-damage|p1a: Clodsire|4/100 brn|[from] Spikes
|move|p2a: Skeledirge|Slack Off|p2a: Skeledirge
|-heal|p2a: Skeledirge|95/100
|
|-damage|p1a: Clodsire|0 fnt|[from] brn
|faint|p1a: Clodsire
|upkeep
|-message|stallincorporated forfeited.
|
|win|PandaLord0
|raw|stallincorporated's rating: 1556 &rarr; <strong>1538</strong><br />(-18 for losing)
|raw|PandaLord0's rating: 1597 &rarr; <strong>1615</strong><br />(+18 for winning)
|l|☆stallincorporated
|player|p1|
