|j|☆henry151th
|j|☆Forever1507
|t:|1760351189
|gametype|singles
|player|p1|henry151th|wallace|1638
|player|p2|Forever1507|youngster-gen4dp|1699
|gen|9
|tier|[Gen 9] OU
|rated|
|rule|HP Percentage Mod: HP is shown in percentages
|rule|Endless Battle Clause: Forcing endless battles is banned
|rule|Species Clause: Limit one of each Pokémon
|rule|OHKO Clause: OHKO moves are banned
|rule|Evasion Items Clause: Evasion items are banned
|rule|Evasion Moves Clause: Evasion moves are banned
|rule|Evasion Abilities Clause: Evasion abilities are banned
|rule|Sleep Moves Clause: Sleep-inducing moves are banned
|clearpoke
|poke|p1|Zapdos|
|poke|p1|Iron Valiant|
|poke|p1|Great Tusk|
|poke|p1|Alomomola, M|
|poke|p1|Slowking-Galar, F|
|poke|p1|Cinderace, F|
|poke|p2|Dragapult, M|
|poke|p2|Incineroar, F|
|poke|p2|Zapdos|
|poke|p2|Great Tusk|
|poke|p2|Slowking-Galar, F|
|poke|p2|Iron Valiant|
|teampreview
|
|t:|1760351214
|teamsize|p1|6
|teamsize|p2|6
|start
|switch|p1a: Iron Valiant|Iron Valiant|100/100
|switch|p2a: Dragapult|Dragapult, M|100/100
|turn|1
|
|t:|1760351222
|switch|p2a: Zapdos|Zapdos|100/100
|-end|p1a: Iron Valiant|Quark Drive|[silent]
|switch|p1a: Alomomola|Alomomola, M|100/100
|
|upkeep
|turn|2
|
|t:|1760351246
|move|p2a: Zapdos|Volt Switch|p1a: Alomomola
|-supereffective|p1a: Alomomola
|-damage|p1a: Alomomola|73/100
|
|t:|1760351250
|switch|p2a: Incineroar|Incineroar, F|100/100|[from] Volt Switch
|-ability|p2a: Incineroar|Intimidate|boost
|-unboost|p1a: Alomomola|atk|1
|move|p1a: Alomomola|Mirror Coat|p2a: Incineroar
|-immune|p2a: Incineroar
|
|upkeep
|turn|3
|inactive|Battle timer is ON: inactive players will automatically lose when time's up. (requested by Forever1507)
|
|t:|1760351258
|switch|p1a: Zapdos|Zapdos|100/100
|move|p2a: Incineroar|Will-O-Wisp|p1a: Zapdos
|-status|p1a: Zapdos|brn
|
|-damage|p1a: Zapdos|94/100 brn|[from] brn
|upkeep
|turn|4
|
|t:|1760351262
|move|p1a: Zapdos|Volt Switch|p2a: Incineroar
|-damage|p2a: Incineroar|78/100
|
|t:|1760351267
|switch|p1a: Alomomola|Alomomola, M|100/100|[from] Volt Switch
|move|p2a: Incineroar|Parting Shot|p1a: Alomomola
|-unboost|p1a: Alomomola|atk|1
|-unboost|p1a: Alomomola|spa|1
|
|t:|1760351278
|switch|p2a: Slowking|Slowking-Galar, F|100/100|[from] Parting Shot
|
|upkeep
|turn|5
|
|t:|1760351281
|move|p1a: Alomomola|Flip Turn|p2a: Slowking
|-damage|p2a: Slowking|88/100
|
|t:|1760351283
|switch|p1a: Slowking|Slowking-Galar, F|100/100|[from] Flip Turn
|move|p2a: Slowking|Sludge Bomb|p1a: Slowking
|-resisted|p1a: Slowking
|-damage|p1a: Slowking|83/100
|
|upkeep
|turn|6
|
|t:|1760351289
|move|p1a: Slowking|Future Sight|p2a: Slowking
|-start|p1a: Slowking|move: Future Sight
|move|p2a: Slowking|Psychic Noise|p1a: Slowking
|-damage|p1a: Slowking|53/100
|-start|p1a: Slowking|move: Heal Block
|
|upkeep
|turn|7
|
|t:|1760351296
|switch|p1a: Alomomola|Alomomola, M|100/100
|move|p2a: Slowking|Psychic Noise|p1a: Alomomola
|-damage|p1a: Alomomola|84/100
|-start|p1a: Alomomola|move: Heal Block
|
|upkeep
|turn|8
|
|t:|1760351301
|move|p1a: Alomomola|Body Slam|p2a: Slowking
|-damage|p2a: Slowking|71/100
|-status|p2a: Slowking|par
|move|p2a: Slowking|Sludge Bomb|p1a: Alomomola
|-damage|p1a: Alomomola|62/100
|-status|p1a: Alomomola|psn
|
|-end|p2a: Slowking|move: Future Sight
|-damage|p2a: Slowking|49/100 par
|-damage|p1a: Alomomola|49/100 psn|[from] psn
|-end|p1a: Alomomola|move: Heal Block
|upkeep
|turn|9
|
|t:|1760351310
|move|p1a: Alomomola|Flip Turn|p2a: Slowking
|-damage|p2a: Slowking|31/100 par
|
|t:|1760351313
|switch|p1a: Slowking|Slowking-Galar, F|87/100|[from] Flip Turn
|move|p2a: Slowking|Psychic Noise|p1a: Slowking
|-damage|p1a: Slowking|59/100
|-start|p1a: Slowking|move: Heal Block
|
|upkeep
|turn|10
|
|t:|1760351320
|-prepare|p1a: Slowking|Chilly Reception|[premajor]
|move|p1a: Slowking|Chilly Reception|p1a: Slowking
|-weather|Snowscape
|
|t:|1760351322
|switch|p1a: Alomomola|Alomomola, M|82/100 psn|[from] Chilly Reception
|move|p2a: Slowking|Psychic Noise|p1a: Alomomola
|-damage|p1a: Alomomola|66/100 psn
|-start|p1a: Alomomola|move: Heal Block
|
|-weather|Snowscape|[upkeep]
|-damage|p1a: Alomomola|53/100 psn|[from] psn
|upkeep
|turn|11
|j| mig.ang
|l| mig.ang
|
|t:|1760351331
|switch|p2a: Zapdos|Zapdos|100/100
|move|p1a: Alomomola|Flip Turn|p2a: Zapdos
|-damage|p2a: Zapdos|90/100
|
|t:|1760351334
|switch|p1a: Slowking|Slowking-Galar, F|92/100|[from] Flip Turn
|
|-weather|Snowscape|[upkeep]
|upkeep
|turn|12
|
|t:|1760351337
|move|p2a: Zapdos|Volt Switch|p1a: Slowking
|-damage|p1a: Slowking|68/100
|
|t:|1760351340
|switch|p2a: Incineroar|Incineroar, F|78/100|[from] Volt Switch
|-ability|p2a: Incineroar|Intimidate|boost
|-unboost|p1a: Slowking|atk|1
|move|p1a: Slowking|Ice Beam|p2a: Incineroar
|-resisted|p2a: Incineroar
|-damage|p2a: Incineroar|68/100
|
|-weather|Snowscape|[upkeep]
|upkeep
|turn|13
|
|t:|1760351344
|move|p2a: Incineroar|Knock Off|p1a: Slowking
|-supereffective|p1a: Slowking
|-damage|p1a: Slowking|11/100
|-enditem|p1a: Slowking|Shuca Berry|[from] move: Knock Off|[of] p2a: Incineroar
|move|p1a: Slowking|Sludge Bomb|p2a: Incineroar
|-damage|p2a: Incineroar|41/100
|
|-weather|Snowscape|[upkeep]
|upkeep
|turn|14
|
|t:|1760351353
|switch|p1a: Zapdos|Zapdos|94/100 brn
|move|p2a: Incineroar|Knock Off|p1a: Zapdos
|-damage|p1a: Zapdos|68/100 brn
|-damage|p2a: Incineroar|24/100|[from] item: Rocky Helmet|[of] p1a: Zapdos
|-status|p2a: Incineroar|par|[from] ability: Static|[of] p1a: Zapdos
|-enditem|p1a: Zapdos|Rocky Helmet|[from] move: Knock Off|[of] p2a: Incineroar
|
|-weather|none
|-damage|p1a: Zapdos|62/100 brn|[from] brn
|upkeep
|turn|15
|
|t:|1760351358
|switch|p2a: Great Tusk|Great Tusk|100/100
|move|p1a: Zapdos|Volt Switch|p2a: Great Tusk
|-immune|p2a: Great Tusk
|
|-damage|p1a: Zapdos|56/100 brn|[from] brn
|upkeep
|turn|16
|j| Rainbow Chrome
|
|t:|1760351362
|move|p2a: Great Tusk|Ice Spinner|p1a: Zapdos
|-supereffective|p1a: Zapdos
|-damage|p1a: Zapdos|17/100 brn
|move|p1a: Zapdos|Volt Switch|p2a: Great Tusk
|-immune|p2a: Great Tusk
|
|-damage|p1a: Zapdos|11/100 brn|[from] brn
|upkeep
|turn|17
|
|t:|1760351369
|move|p2a: Great Tusk|Close Combat|p1a: Zapdos
|-resisted|p1a: Zapdos
|-damage|p1a: Zapdos|0 fnt
|-unboost|p2a: Great Tusk|def|1
|-unboost|p2a: Great Tusk|spd|1
|-status|p2a: Great Tusk|par|[from] ability: Static|[of] p1a: Zapdos
|faint|p1a: Zapdos
|
|upkeep
|
|t:|1760351372
|switch|p1a: Iron Valiant|Iron Valiant|100/100
|turn|18
|
|t:|1760351376
|-end|p2a: Great Tusk|Protosynthesis|[silent]
|switch|p2a: Zapdos|Zapdos|90/100
|move|p1a: Iron Valiant|Knock Off|p2a: Zapdos
|-damage|p2a: Zapdos|52/100
|-enditem|p2a: Zapdos|Heavy-Duty Boots|[from] move: Knock Off|[of] p1a: Iron Valiant
|
|upkeep
|turn|19
|
|t:|1760351381
|-end|p1a: Iron Valiant|Quark Drive|[silent]
|switch|p1a: Alomomola|Alomomola, M|86/100 psn
|move|p2a: Zapdos|Roost|p2a: Zapdos
|-heal|p2a: Zapdos|100/100
|-singleturn|p2a: Zapdos|move: Roost
|
|-damage|p1a: Alomomola|74/100 psn|[from] psn
|upkeep
|turn|20
|
|t:|1760351385
|move|p2a: Zapdos|Volt Switch|p1a: Alomomola
|-supereffective|p1a: Alomomola
|-damage|p1a: Alomomola|48/100 psn
|
|t:|1760351390
|switch|p2a: Dragapult|Dragapult, M|100/100|[from] Volt Switch
|move|p1a: Alomomola|Flip Turn|p2a: Dragapult
|-resisted|p2a: Dragapult
|-damage|p2a: Dragapult|89/100
|
|t:|1760351395
|switch|p1a: Great Tusk|Great Tusk|100/100|[from] Flip Turn
|
|upkeep
|turn|21
|
|t:|1760351399
|move|p1a: Great Tusk|Knock Off|p2a: Dragapult
|-supereffective|p2a: Dragapult
|-crit|p2a: Dragapult
|-damage|p2a: Dragapult|0 fnt
|-enditem|p2a: Dragapult|Choice Band|[from] move: Knock Off|[of] p1a: Great Tusk
|faint|p2a: Dragapult
|
|upkeep
|
|t:|1760351402
|switch|p2a: Iron Valiant|Iron Valiant|100/100
|turn|22
|
|t:|1760351409
|-terastallize|p2a: Iron Valiant|Fairy
|move|p1a: Great Tusk|Knock Off|p2a: Iron Valiant
|-resisted|p2a: Iron Valiant
|-damage|p2a: Iron Valiant|80/100
|-enditem|p2a: Iron Valiant|Choice Specs|[from] move: Knock Off|[of] p1a: Great Tusk
|move|p2a: Iron Valiant|Moonblast|p1a: Great Tusk
|-supereffective|p1a: Great Tusk
|-damage|p1a: Great Tusk|0 fnt
|faint|p1a: Great Tusk
|-end|p1a: Great Tusk|Protosynthesis|[silent]
|
|upkeep
|
|t:|1760351417
|switch|p1a: Alomomola|Alomomola, M|81/100 psn
|turn|23
|
|t:|1760351420
|move|p2a: Iron Valiant|Trick|p1a: Alomomola
|-activate|p2a: Iron Valiant|move: Trick|[of] p1a: Alomomola
|-enditem|p1a: Alomomola|Assault Vest|[silent]|[from] move: Trick
|-item|p2a: Iron Valiant|Assault Vest|[from] move: Trick
|move|p1a: Alomomola|Flip Turn|p2a: Iron Valiant
|-damage|p2a: Iron Valiant|58/100
|
|t:|1760351424
|switch|p1a: Iron Valiant|Iron Valiant|100/100|[from] Flip Turn
|
|upkeep
|turn|24
|
|t:|1760351427
|-end|p2a: Iron Valiant|Quark Drive|[silent]
|switch|p2a: Zapdos|Zapdos|100/100
|move|p1a: Iron Valiant|Spirit Break|p2a: Zapdos
|-damage|p2a: Zapdos|58/100
|-unboost|p2a: Zapdos|spa|1
|
|upkeep
|turn|25
|
|t:|1760351429
|move|p1a: Iron Valiant|Spirit Break|p2a: Zapdos
|-crit|p2a: Zapdos
|-damage|p2a: Zapdos|0 fnt
|-status|p1a: Iron Valiant|par|[from] ability: Static|[of] p2a: Zapdos
|faint|p2a: Zapdos
|
|upkeep
|
|t:|1760351433
|switch|p2a: Iron Valiant|Iron Valiant, tera:Fairy|58/100
|turn|26
|
|t:|1760351439
|-end|p1a: Iron Valiant|Quark Drive|[silent]
|switch|p1a: Cinderace|Cinderace, F|100/100
|move|p2a: Iron Valiant|Moonblast|p1a: Cinderace
|-resisted|p1a: Cinderace
|-damage|p1a: Cinderace|63/100
|
|upkeep
|turn|27
|
|t:|1760351446
|-end|p2a: Iron Valiant|Quark Drive|[silent]
|switch|p2a: Incineroar|Incineroar, F|24/100 par
|-ability|p2a: Incineroar|Intimidate|boost
|-unboost|p1a: Cinderace|atk|1
|move|p1a: Cinderace|U-turn|p2a: Incineroar
|-damage|p2a: Incineroar|14/100 par
|
|t:|1760351448
|switch|p1a: Iron Valiant|Iron Valiant|100/100 par|[from] U-turn
|
|upkeep
|turn|28
|
|t:|1760351452
|move|p1a: Iron Valiant|Knock Off|p2a: Incineroar
|-resisted|p2a: Incineroar
|-damage|p2a: Incineroar|0 fnt
|-enditem|p2a: Incineroar|Heavy-Duty Boots|[from] move: Knock Off|[of] p1a: Iron Valiant
|faint|p2a: Incineroar
|
|upkeep
|
|t:|1760351454
|switch|p2a: Iron Valiant|Iron Valiant, tera:Fairy|58/100
|turn|29
|
|t:|1760351458
|-end|p1a: Iron Valiant|Quark Drive|[silent]
|switch|p1a: Slowking|Slowking-Galar, F|45/100
|move|p2a: Iron Valiant|Moonblast|p1a: Slowking
|-resisted|p1a: Slowking
|-damage|p1a: Slowking|21/100
|
|upkeep
|turn|30
|
|t:|1760351463
|switch|p1a: Cinderace|Cinderace, F|63/100
|move|p2a: Iron Valiant|Moonblast|p1a: Cinderace
|-resisted|p1a: Cinderace
|-crit|p1a: Cinderace
|-damage|p1a: Cinderace|10/100
|
|upkeep
|turn|31
|
|t:|1760351468
|move|p2a: Iron Valiant|Vacuum Wave|p1a: Cinderace
|-damage|p1a: Cinderace|0 fnt
|faint|p1a: Cinderace
|
|upkeep
|
|t:|1760351470
|switch|p1a: Alomomola|Alomomola, M|100/100 psn
|turn|32
|
|t:|1760351478
|-end|p2a: Iron Valiant|Quark Drive|[silent]
|switch|p2a: Great Tusk|Great Tusk|100/100 par
|move|p1a: Alomomola|Flip Turn|p2a: Great Tusk
|-supereffective|p2a: Great Tusk
|-damage|p2a: Great Tusk|77/100 par
|
|t:|1760351480
|switch|p1a: Iron Valiant|Iron Valiant|100/100 par|[from] Flip Turn
|
|upkeep
|turn|33
|
|t:|1760351484
|move|p1a: Iron Valiant|Spirit Break|p2a: Great Tusk
|-supereffective|p2a: Great Tusk
|-damage|p2a: Great Tusk|0 fnt
|faint|p2a: Great Tusk
|-end|p2a: Great Tusk|Protosynthesis|[silent]
|
|upkeep
|
|t:|1760351488
|switch|p2a: Iron Valiant|Iron Valiant, tera:Fairy|58/100
|turn|34
|
|t:|1760351491
|-end|p1a: Iron Valiant|Quark Drive|[silent]
|switch|p1a: Slowking|Slowking-Galar, F|54/100
|move|p2a: Iron Valiant|Moonblast|p1a: Slowking
|-resisted|p1a: Slowking
|-damage|p1a: Slowking|30/100
|
|upkeep
|turn|35
|
|t:|1760351494
|move|p2a: Iron Valiant|Shadow Ball|p1a: Slowking
|-supereffective|p1a: Slowking
|-damage|p1a: Slowking|0 fnt
|faint|p1a: Slowking
|
|upkeep
|
|t:|1760351496
|switch|p1a: Alomomola|Alomomola, M|100/100 psn
|turn|36
|
|t:|1760351499
|-end|p2a: Iron Valiant|Quark Drive|[silent]
|switch|p2a: Slowking|Slowking-Galar, F|64/100 par
|move|p1a: Alomomola|Mirror Coat||[still]
|-fail|p1a: Alomomola
|
|-damage|p1a: Alomomola|88/100 psn|[from] psn
|upkeep
|turn|37
|
|t:|1760351504
|move|p1a: Alomomola|Body Slam|p2a: Slowking
|-damage|p2a: Slowking|47/100 par
|move|p2a: Slowking|Sludge Bomb|p1a: Alomomola
|-damage|p1a: Alomomola|55/100 psn
|
|-damage|p1a: Alomomola|42/100 psn|[from] psn
|upkeep
|turn|38
|
|t:|1760351511
|move|p2a: Slowking|Surf|p1a: Alomomola
|-resisted|p1a: Alomomola
|-damage|p1a: Alomomola|32/100 psn
|move|p1a: Alomomola|Mirror Coat|p2a: Slowking
|-damage|p2a: Slowking|18/100 par
|
|-damage|p1a: Alomomola|19/100 psn|[from] psn
|upkeep
|turn|39
|
|t:|1760351514
|move|p1a: Alomomola|Flip Turn|p2a: Slowking
|-damage|p2a: Slowking|2/100 par
|
|t:|1760351515
|switch|p1a: Iron Valiant|Iron Valiant|100/100 par|[from] Flip Turn
|cant|p2a: Slowking|par
|
|upkeep
|turn|40
|
|t:|1760351521
|move|p1a: Iron Valiant|Shadow Sneak|p2a: Slowking
|-supereffective|p2a: Slowking
|-damage|p2a: Slowking|0 fnt
|faint|p2a: Slowking
|
|upkeep
|
|t:|1760351522
|switch|p2a: Iron Valiant|Iron Valiant, tera:Fairy|58/100
|turn|41
|
|t:|1760351524
|-terastallize|p1a: Iron Valiant|Ghost
|move|p1a: Iron Valiant|Shadow Sneak|p2a: Iron Valiant
|-damage|p2a: Iron Valiant|17/100
|move|p2a: Iron Valiant|Moonblast|p1a: Iron Valiant
|-damage|p1a: Iron Valiant|0 fnt
|faint|p1a: Iron Valiant
|-end|p1a: Iron Valiant|Quark Drive|[silent]
|
|upkeep
|
|t:|1760351528
|switch|p1a: Alomomola|Alomomola, M|52/100 psn
|turn|42
|
|t:|1760351533
|move|p2a: Iron Valiant|Moonblast|p1a: Alomomola
|-damage|p1a: Alomomola|7/100 psn
|move|p1a: Alomomola|Flip Turn|p2a: Iron Valiant
|-damage|p2a: Iron Valiant|0 fnt
|faint|p2a: Iron Valiant
|-end|p2a: Iron Valiant|Quark Drive|[silent]
|
|win|henry151th
|raw|henry151th's rating: 1638 &rarr; <strong>1661</strong><br />(+23 for winning)
|raw|Forever1507's rating: 1699 &rarr; <strong>1676</strong><br />(-23 for losing)
|l|☆Forever1507
|player|p2|
