|j|☆nikbattle
|j|☆NotK1LL
|t:|1760429293
|gametype|singles
|player|p1|nikbattle|101|1138
|player|p2|NotK1LL|twins-gen4dp|1154
|gen|9
|tier|[Gen 9] OU
|rated|
|rule|HP Percentage Mod: HP is shown in percentages
|rule|Endless Battle Clause: Forcing endless battles is banned
|rule|Species Clause: Limit one of each Pokémon
|rule|OHKO Clause: OHKO moves are banned
|rule|Evasion Items Clause: Evasion items are banned
|rule|Evasion Moves Clause: Evasion moves are banned
|rule|Evasion Abilities Clause: Evasion abilities are banned
|rule|Sleep Moves Clause: Sleep-inducing moves are banned
|clearpoke
|poke|p1|Dragapult, M|
|poke|p1|Gardevoir, M|
|poke|p1|Heatran, F|
|poke|p1|Rotom-Wash|
|poke|p1|Ting-Lu|
|poke|p1|Zapdos-Galar|
|poke|p2|Heracross, F|
|poke|p2|Thundurus, M|
|poke|p2|Glimmora, M|
|poke|p2|Dragapult, F|
|poke|p2|Slaking, F|
|poke|p2|Clodsire, F|
|teampreview
|inactive|Battle timer is ON: inactive players will automatically lose when time's up. (requested by NotK1LL)
|l|☆nikbattle
|inactive|nikbattle disconnected and has a minute to reconnect!
|player|p1|
|j|☆nikbattle
|inactive|nikbattle reconnected and has 145 seconds left.
|player|p1|nikbattle|101|
|
|t:|1760429318
|teamsize|p1|6
|teamsize|p2|6
|start
|switch|p1a: Rotom|Rotom-Wash, shiny|100/100
|switch|p2a: Glimmora|Glimmora, M|100/100
|turn|1
|
|t:|1760429328
|move|p2a: Glimmora|Stealth Rock|p1a: Rotom
|-sidestart|p1: nikbattle|move: Stealth Rock
|move|p1a: Rotom|Hydro Pump|p2a: Glimmora
|-supereffective|p2a: Glimmora
|-enditem|p2a: Glimmora|Focus Sash
|-damage|p2a: Glimmora|1/100
|
|upkeep
|turn|2
|
|t:|1760429340
|move|p2a: Glimmora|Memento|p1a: Rotom
|-unboost|p1a: Rotom|atk|2
|-unboost|p1a: Rotom|spa|2
|faint|p2a: Glimmora
|move|p1a: Rotom|Shadow Ball|p2: Glimmora|[notarget]
|-fail|p1a: Rotom
|
|upkeep
|
|t:|1760429348
|switch|p2a: Heracross|Heracross, F|100/100
|turn|3
|
|t:|1760429356
|switch|p1a: Heatran|Heatran, F|100/100
|-damage|p1a: Heatran|88/100|[from] Stealth Rock
|move|p2a: Heracross|Trailblaze|p1a: Heatran
|-resisted|p1a: Heatran
|-damage|p1a: Heatran|84/100
|-boost|p2a: Heracross|spe|1
|
|-heal|p1a: Heatran|91/100|[from] item: Leftovers
|upkeep
|turn|4
|
|t:|1760429368
|move|p2a: Heracross|Close Combat|p1a: Heatran
|-supereffective|p1a: Heatran
|-damage|p1a: Heatran|0 fnt
|-unboost|p2a: Heracross|def|1
|-unboost|p2a: Heracross|spd|1
|faint|p1a: Heatran
|-ability|p2a: Heracross|Moxie|boost
|-boost|p2a: Heracross|atk|1
|
|upkeep
|inactive|nikbattle has 120 seconds left.
|
|t:|1760429400
|switch|p1a: Zapdos|Zapdos-Galar|100/100
|-damage|p1a: Zapdos|88/100|[from] Stealth Rock
|turn|5
|inactive|nikbattle has 120 seconds left.
|
|t:|1760429408
|-terastallize|p2a: Heracross|Steel
|move|p2a: Heracross|Swords Dance|p2a: Heracross
|-boost|p2a: Heracross|atk|2
|move|p1a: Zapdos|Bulk Up|p1a: Zapdos
|-boost|p1a: Zapdos|atk|1
|-boost|p1a: Zapdos|def|1
|
|upkeep
|turn|6
|inactive|nikbattle has 120 seconds left.
|
|t:|1760429418
|move|p2a: Heracross|Stone Edge|p1a: Zapdos|[miss]
|-miss|p2a: Heracross|p1a: Zapdos
|move|p1a: Zapdos|Close Combat|p2a: Heracross
|-supereffective|p2a: Heracross
|-enditem|p2a: Heracross|Focus Sash
|-damage|p2a: Heracross|1/100
|-unboost|p1a: Zapdos|def|1
|-unboost|p1a: Zapdos|spd|1
|
|upkeep
|turn|7
|
|t:|1760429427
|move|p2a: Heracross|Stone Edge|p1a: Zapdos
|-damage|p1a: Zapdos|3/100
|move|p1a: Zapdos|Drill Peck|p2a: Heracross
|-resisted|p2a: Heracross
|-damage|p2a: Heracross|0 fnt
|faint|p2a: Heracross
|
|upkeep
|
|t:|1760429433
|switch|p2a: Thundurus|Thundurus, M|100/100
|turn|8
|
|t:|1760429446
|move|p2a: Thundurus|Volt Switch|p1a: Zapdos
|-supereffective|p1a: Zapdos
|-damage|p1a: Zapdos|0 fnt
|faint|p1a: Zapdos
|
|t:|1760429459
|switch|p2a: Slaking|Slaking, F|100/100|[from] Volt Switch
|
|upkeep
|
|t:|1760429474
|switch|p1a: Ting-Lu|Ting-Lu|100/100
|-damage|p1a: Ting-Lu|94/100|[from] Stealth Rock
|-ability|p1a: Ting-Lu|Vessel of Ruin
|turn|9
|
|t:|1760429481
|move|p2a: Slaking|Play Rough|p1a: Ting-Lu
|-supereffective|p1a: Ting-Lu
|-damage|p1a: Ting-Lu|32/100
|move|p1a: Ting-Lu|Earthquake|p2a: Slaking
|-damage|p2a: Slaking|70/100
|
|-heal|p1a: Ting-Lu|39/100|[from] item: Leftovers
|upkeep
|turn|10
|
|t:|1760429492
|cant|p2a: Slaking|ability: Truant
|move|p1a: Ting-Lu|Earthquake|p2a: Slaking
|-damage|p2a: Slaking|39/100
|
|-heal|p1a: Ting-Lu|45/100|[from] item: Leftovers
|upkeep
|turn|11
|
|t:|1760429502
|move|p2a: Slaking|Play Rough|p1a: Ting-Lu|[miss]
|-miss|p2a: Slaking|p1a: Ting-Lu
|move|p1a: Ting-Lu|Earthquake|p2a: Slaking
|-damage|p2a: Slaking|10/100
|
|-heal|p1a: Ting-Lu|51/100|[from] item: Leftovers
|upkeep
|turn|12
|
|t:|1760429511
|cant|p2a: Slaking|ability: Truant
|move|p1a: Ting-Lu|Earthquake|p2a: Slaking
|-damage|p2a: Slaking|0 fnt
|faint|p2a: Slaking
|
|-heal|p1a: Ting-Lu|57/100|[from] item: Leftovers
|upkeep
|
|t:|1760429516
|switch|p2a: Dragapult|Dragapult, F|100/100
|turn|13
|
|t:|1760429524
|move|p2a: Dragapult|Hydro Pump|p1a: Ting-Lu
|-supereffective|p1a: Ting-Lu
|-damage|p1a: Ting-Lu|13/100
|move|p1a: Ting-Lu|Throat Chop|p2a: Dragapult
|-supereffective|p2a: Dragapult
|-damage|p2a: Dragapult|11/100
|-start|p2a: Dragapult|Throat Chop|[silent]
|
|-heal|p1a: Ting-Lu|20/100|[from] item: Leftovers
|upkeep
|turn|14
|
|t:|1760429535
|move|p2a: Dragapult|Hydro Pump|p1a: Ting-Lu|[miss]
|-miss|p2a: Dragapult|p1a: Ting-Lu
|move|p1a: Ting-Lu|Rest|p1a: Ting-Lu
|-status|p1a: Ting-Lu|slp|[from] move: Rest
|-heal|p1a: Ting-Lu|100/100 slp|[silent]
|
|-end|p2a: Dragapult|Throat Chop|[silent]
|upkeep
|turn|15
|
|t:|1760429543
|move|p2a: Dragapult|Hydro Pump|p1a: Ting-Lu
|-supereffective|p1a: Ting-Lu
|-damage|p1a: Ting-Lu|54/100 slp
|cant|p1a: Ting-Lu|slp
|move|p1a: Ting-Lu|Sleep Talk|p1a: Ting-Lu
|move|p1a: Ting-Lu|Throat Chop|p2a: Dragapult|[from] move: Sleep Talk
|-supereffective|p2a: Dragapult
|-damage|p2a: Dragapult|0 fnt
|faint|p2a: Dragapult
|
|-heal|p1a: Ting-Lu|60/100 slp|[from] item: Leftovers
|upkeep
|
|t:|1760429550
|switch|p2a: Thundurus|Thundurus, M|100/100
|turn|16
|-message|NotK1LL forfeited.
|
|win|nikbattle
|raw|nikbattle's rating: 1138 &rarr; <strong>1164</strong><br />(+26 for winning)
|raw|NotK1LL's rating: 1154 &rarr; <strong>1128</strong><br />(-26 for losing)
|l|☆NotK1LL
|player|p2|
|l|☆nikbattle
|player|p1|
