|j|☆Ayayalaptop
|j|☆RohiMigj
|t:|1760336473
|gametype|singles
|player|p1|Ayayalaptop|265|1381
|player|p2|RohiMigj|gambler|1324
|gen|9
|tier|[Gen 9] OU
|rated|
|rule|HP Percentage Mod: HP is shown in percentages
|rule|Endless Battle Clause: Forcing endless battles is banned
|rule|Species Clause: Limit one of each Pokémon
|rule|OHKO Clause: OHKO moves are banned
|rule|Evasion Items Clause: Evasion items are banned
|rule|Evasion Moves Clause: Evasion moves are banned
|rule|Evasion Abilities Clause: Evasion abilities are banned
|rule|Sleep Moves Clause: Sleep-inducing moves are banned
|clearpoke
|poke|p1|Raikou|
|poke|p1|Pelipper, F|
|poke|p1|Rillaboom, F|
|poke|p1|Glimmora, M|
|poke|p1|Scizor, M|
|poke|p1|Ting-Lu|
|poke|p2|Tyranitar, F|
|poke|p2|Gholdengo|
|poke|p2|Zamazenta-*|
|poke|p2|Rillaboom, F|
|poke|p2|Garchomp, F|
|poke|p2|Zapdos|
|teampreview
|inactive|Battle timer is ON: inactive players will automatically lose when time's up. (requested by Ayayalaptop)
|inactive|Ayayalaptop has 120 seconds left.
|
|t:|1760336509
|teamsize|p1|6
|teamsize|p2|6
|start
|switch|p1a: Scizor|Scizor, M|100/100
|switch|p2a: Gholdengo|Gholdengo|100/100
|-item|p2a: Gholdengo|Air Balloon
|turn|1
|
|t:|1760336519
|switch|p2a: Garchomp|Garchomp, F|100/100
|move|p1a: Scizor|Knock Off|p2a: Garchomp
|-damage|p2a: Garchomp|63/100
|-damage|p1a: Scizor|88/100|[from] ability: Rough Skin|[of] p2a: Garchomp
|-damage|p1a: Scizor|72/100|[from] item: Rocky Helmet|[of] p2a: Garchomp
|-enditem|p2a: Garchomp|Rocky Helmet|[from] move: Knock Off|[of] p1a: Scizor
|
|upkeep
|turn|2
|
|t:|1760336527
|switch|p1a: Pelipper|Pelipper, F|100/100
|-weather|RainDance|[from] ability: Drizzle|[of] p1a: Pelipper
|move|p2a: Garchomp|Stealth Rock|p1a: Pelipper
|-sidestart|p1: Ayayalaptop|move: Stealth Rock
|
|-weather|RainDance|[upkeep]
|upkeep
|turn|3
|
|t:|1760336533
|switch|p2a: Tyranitar|Tyranitar, F|100/100
|-weather|Sandstorm|[from] ability: Sand Stream|[of] p2a: Tyranitar
|move|p1a: Pelipper|Hurricane|p2a: Tyranitar
|-resisted|p2a: Tyranitar
|-damage|p2a: Tyranitar|90/100
|
|-weather|Sandstorm|[upkeep]
|-damage|p1a: Pelipper|94/100|[from] Sandstorm
|upkeep
|turn|4
|
|t:|1760336539
|move|p2a: Tyranitar|Knock Off|p1a: Pelipper
|-damage|p1a: Pelipper|53/100
|-enditem|p1a: Pelipper|Heavy-Duty Boots|[from] move: Knock Off|[of] p2a: Tyranitar
|move|p1a: Pelipper|U-turn|p2a: Tyranitar
|-supereffective|p2a: Tyranitar
|-damage|p2a: Tyranitar|75/100
|
|t:|1760336547
|switch|p1a: Glimmora|Glimmora, M|100/100|[from] U-turn
|-damage|p1a: Glimmora|88/100|[from] Stealth Rock
|
|-weather|Sandstorm|[upkeep]
|-heal|p1a: Glimmora|94/100|[from] item: Black Sludge
|upkeep
|turn|5
|
|t:|1760336559
|switch|p2a: Gholdengo|Gholdengo|100/100
|-item|p2a: Gholdengo|Air Balloon
|move|p1a: Glimmora|Spikes|p2a: Gholdengo
|-sidestart|p2: RohiMigj|Spikes
|
|-weather|Sandstorm|[upkeep]
|-heal|p1a: Glimmora|100/100|[from] item: Black Sludge
|upkeep
|turn|6
|
|t:|1760336564
|switch|p1a: Raikou|Raikou|100/100
|-damage|p1a: Raikou|88/100|[from] Stealth Rock
|-ability|p1a: Raikou|Pressure
|move|p2a: Gholdengo|Make It Rain|p1a: Raikou
|-resisted|p1a: Raikou
|-damage|p1a: Raikou|61/100
|-unboost|p2a: Gholdengo|spa|1
|
|-weather|Sandstorm|[upkeep]
|-damage|p1a: Raikou|55/100|[from] Sandstorm
|-heal|p1a: Raikou|61/100|[from] item: Leftovers
|upkeep
|turn|7
|
|t:|1760336578
|switch|p2a: Zamazenta|Zamazenta|100/100
|-ability|p2a: Zamazenta|Dauntless Shield|boost
|-boost|p2a: Zamazenta|def|1
|move|p1a: Raikou|Substitute|p1a: Raikou
|-start|p1a: Raikou|Substitute
|-damage|p1a: Raikou|36/100
|
|-weather|none
|-heal|p1a: Raikou|43/100|[from] item: Leftovers
|upkeep
|turn|8
|
|t:|1760336584
|move|p2a: Zamazenta|Crunch|p1a: Raikou
|-end|p1a: Raikou|Substitute
|move|p1a: Raikou|Thunder|p2a: Zamazenta
|-damage|p2a: Zamazenta|55/100
|
|-heal|p1a: Raikou|49/100|[from] item: Leftovers
|upkeep
|turn|9
|
|t:|1760336591
|move|p1a: Raikou|Protect|p1a: Raikou
|-singleturn|p1a: Raikou|Protect
|move|p2a: Zamazenta|Roar|p1a: Raikou
|drag|p1a: Scizor|Scizor, M|72/100
|-damage|p1a: Scizor|59/100|[from] Stealth Rock
|
|upkeep
|turn|10
|
|t:|1760336603
|switch|p1a: Glimmora|Glimmora, M|100/100
|-damage|p1a: Glimmora|88/100|[from] Stealth Rock
|move|p2a: Zamazenta|Close Combat|p1a: Glimmora
|-damage|p1a: Glimmora|43/100
|-unboost|p2a: Zamazenta|def|1
|-unboost|p2a: Zamazenta|spd|1
|-activate|p1a: Glimmora|ability: Toxic Debris
|-sidestart|p2: RohiMigj|move: Toxic Spikes
|
|-heal|p1a: Glimmora|49/100|[from] item: Black Sludge
|upkeep
|turn|11
|
|t:|1760336610
|move|p1a: Glimmora|Spiky Shield|p1a: Glimmora
|-singleturn|p1a: Glimmora|move: Protect
|move|p2a: Zamazenta|Heavy Slam|p1a: Glimmora
|-activate|p1a: Glimmora|move: Protect
|-damage|p2a: Zamazenta|43/100|[from] Spiky Shield|[of] p1a: Glimmora
|
|-heal|p1a: Glimmora|56/100|[from] item: Black Sludge
|upkeep
|turn|12
|
|t:|1760336629
|switch|p1a: Pelipper|Pelipper, F|53/100
|-damage|p1a: Pelipper|28/100|[from] Stealth Rock
|-weather|RainDance|[from] ability: Drizzle|[of] p1a: Pelipper
|move|p2a: Zamazenta|Heavy Slam|p1a: Pelipper
|-resisted|p1a: Pelipper
|-damage|p1a: Pelipper|14/100
|
|-weather|RainDance|[upkeep]
|upkeep
|turn|13
|
|t:|1760336632
|move|p2a: Zamazenta|Crunch|p1a: Pelipper
|-crit|p1a: Pelipper
|-damage|p1a: Pelipper|0 fnt
|faint|p1a: Pelipper
|
|-weather|RainDance|[upkeep]
|upkeep
|
|t:|1760336653
|switch|p1a: Glimmora|Glimmora, M|56/100
|-damage|p1a: Glimmora|43/100|[from] Stealth Rock
|turn|14
|
|t:|1760336657
|-terastallize|p1a: Glimmora|Poison
|move|p2a: Zamazenta|Heavy Slam|p1a: Glimmora
|-crit|p1a: Glimmora
|-damage|p1a: Glimmora|7/100
|-activate|p1a: Glimmora|ability: Toxic Debris
|-sidestart|p2: RohiMigj|move: Toxic Spikes
|move|p1a: Glimmora|Mortal Spin|p2a: Zamazenta
|-damage|p2a: Zamazenta|27/100
|-status|p2a: Zamazenta|psn
|-sideend|p1: Ayayalaptop|Stealth Rock|[from] move: Mortal Spin|[of] p1a: Glimmora
|
|-weather|RainDance|[upkeep]
|-heal|p1a: Glimmora|13/100|[from] item: Black Sludge
|-damage|p2a: Zamazenta|14/100 psn|[from] psn
|upkeep
|turn|15
|
|t:|1760336666
|move|p1a: Glimmora|Spiky Shield|p1a: Glimmora
|-singleturn|p1a: Glimmora|move: Protect
|move|p2a: Zamazenta|Close Combat|p1a: Glimmora
|-activate|p1a: Glimmora|move: Protect
|-damage|p2a: Zamazenta|2/100 psn|[from] Spiky Shield|[of] p1a: Glimmora
|
|-weather|RainDance|[upkeep]
|-heal|p1a: Glimmora|20/100|[from] item: Black Sludge
|-damage|p2a: Zamazenta|0 fnt|[from] psn
|faint|p2a: Zamazenta
|upkeep
|
|t:|1760336672
|switch|p2a: Zapdos|Zapdos|100/100
|turn|16
|
|t:|1760336682
|switch|p1a: Ting-Lu|Ting-Lu|100/100
|-ability|p1a: Ting-Lu|Vessel of Ruin
|move|p2a: Zapdos|Hurricane|p1a: Ting-Lu
|-damage|p1a: Ting-Lu|80/100
|-start|p1a: Ting-Lu|confusion
|
|-weather|none
|-heal|p1a: Ting-Lu|86/100|[from] item: Leftovers
|upkeep
|turn|17
|
|t:|1760336689
|switch|p2a: Rillaboom|Rillaboom, F|100/100
|-fieldstart|move: Grassy Terrain|[from] ability: Grassy Surge|[of] p2a: Rillaboom
|-activate|p1a: Ting-Lu|confusion
|move|p1a: Ting-Lu|Stealth Rock|p2a: Rillaboom
|-sidestart|p2: RohiMigj|move: Stealth Rock
|
|-heal|p1a: Ting-Lu|92/100|[from] Grassy Terrain
|-heal|p1a: Ting-Lu|99/100|[from] item: Leftovers
|upkeep
|turn|18
|
|t:|1760336695
|switch|p1a: Scizor|Scizor, M|59/100
|move|p2a: Rillaboom|Wood Hammer|p1a: Scizor
|-resisted|p1a: Scizor
|-damage|p1a: Scizor|39/100
|-damage|p2a: Rillaboom|94/100|[from] Recoil
|
|-heal|p2a: Rillaboom|99/100|[from] Grassy Terrain
|-heal|p1a: Scizor|45/100|[from] Grassy Terrain
|upkeep
|turn|19
|
|t:|1760336699
|move|p2a: Rillaboom|U-turn|p1a: Scizor
|-resisted|p1a: Scizor
|-damage|p1a: Scizor|32/100
|
|t:|1760336706
|switch|p2a: Garchomp|Garchomp, F|63/100|[from] U-turn
|-damage|p2a: Garchomp|51/100|[from] Spikes
|-status|p2a: Garchomp|tox
|-damage|p2a: Garchomp|45/100 tox|[from] Stealth Rock
|move|p1a: Scizor|Knock Off|p2a: Garchomp
|-damage|p2a: Garchomp|22/100 tox
|-damage|p1a: Scizor|19/100|[from] ability: Rough Skin|[of] p2a: Garchomp
|
|-heal|p2a: Garchomp|28/100 tox|[from] Grassy Terrain
|-heal|p1a: Scizor|26/100|[from] Grassy Terrain
|-damage|p2a: Garchomp|22/100 tox|[from] psn
|upkeep
|turn|20
|
|t:|1760336717
|switch|p1a: Ting-Lu|Ting-Lu|99/100
|-ability|p1a: Ting-Lu|Vessel of Ruin
|move|p2a: Garchomp|Earthquake|p1a: Ting-Lu
|-damage|p1a: Ting-Lu|86/100
|
|-heal|p2a: Garchomp|28/100 tox|[from] Grassy Terrain
|-heal|p1a: Ting-Lu|92/100|[from] Grassy Terrain
|-heal|p1a: Ting-Lu|99/100|[from] item: Leftovers
|-damage|p2a: Garchomp|16/100 tox|[from] psn
|upkeep
|turn|21
|
|t:|1760336724
|move|p2a: Garchomp|Stealth Rock|p1a: Ting-Lu
|-sidestart|p1: Ayayalaptop|move: Stealth Rock
|move|p1a: Ting-Lu|Whirlwind|p2a: Garchomp
|drag|p2a: Rillaboom|Rillaboom, F|99/100
|
|-heal|p2a: Rillaboom|100/100|[from] Grassy Terrain
|-heal|p1a: Ting-Lu|100/100|[from] Grassy Terrain
|-fieldend|move: Grassy Terrain
|upkeep
|turn|22
|
|t:|1760336729
|move|p2a: Rillaboom|Wood Hammer|p1a: Ting-Lu
|-supereffective|p1a: Ting-Lu
|-damage|p1a: Ting-Lu|25/100
|-damage|p2a: Rillaboom|63/100|[from] Recoil
|move|p1a: Ting-Lu|Ruination|p2a: Rillaboom|[miss]
|-miss|p1a: Ting-Lu|p2a: Rillaboom
|
|-heal|p1a: Ting-Lu|31/100|[from] item: Leftovers
|upkeep
|turn|23
|
|t:|1760336738
|switch|p1a: Rillaboom|Rillaboom, F|100/100
|-damage|p1a: Rillaboom|88/100|[from] Stealth Rock
|-fieldstart|move: Grassy Terrain|[from] ability: Grassy Surge|[of] p1a: Rillaboom
|move|p2a: Rillaboom|Grassy Glide|p1a: Rillaboom
|-resisted|p1a: Rillaboom
|-damage|p1a: Rillaboom|69/100
|
|-heal|p2a: Rillaboom|69/100|[from] Grassy Terrain
|-heal|p1a: Rillaboom|75/100|[from] Grassy Terrain
|upkeep
|turn|24
|
|t:|1760336745
|switch|p2a: Garchomp|Garchomp, F|16/100 tox
|-damage|p2a: Garchomp|3/100 tox|[from] Spikes
|-damage|p2a: Garchomp|0 fnt|[from] Stealth Rock
|faint|p2a: Garchomp
|move|p1a: Rillaboom|U-turn|p2: Garchomp|[notarget]
|-fail|p1a: Rillaboom
|
|-heal|p1a: Rillaboom|81/100|[from] Grassy Terrain
|upkeep
|
|t:|1760336750
|switch|p2a: Zapdos|Zapdos|100/100
|turn|25
|
|t:|1760336757
|switch|p1a: Ting-Lu|Ting-Lu|31/100
|-damage|p1a: Ting-Lu|25/100|[from] Stealth Rock
|-ability|p1a: Ting-Lu|Vessel of Ruin
|move|p2a: Zapdos|Hurricane|p1a: Ting-Lu|[miss]
|-miss|p2a: Zapdos|p1a: Ting-Lu
|
|-heal|p1a: Ting-Lu|31/100|[from] Grassy Terrain
|-heal|p1a: Ting-Lu|37/100|[from] item: Leftovers
|upkeep
|turn|26
|
|t:|1760336763
|move|p2a: Zapdos|Hurricane|p1a: Ting-Lu
|-damage|p1a: Ting-Lu|16/100
|move|p1a: Ting-Lu|Whirlwind|p2a: Zapdos
|drag|p2a: Tyranitar|Tyranitar, F|75/100
|-weather|Sandstorm|[from] ability: Sand Stream|[of] p2a: Tyranitar
|
|-weather|Sandstorm|[upkeep]
|-heal|p2a: Tyranitar|81/100|[from] Grassy Terrain
|-heal|p1a: Ting-Lu|22/100|[from] Grassy Terrain
|-heal|p1a: Ting-Lu|29/100|[from] item: Leftovers
|upkeep
|turn|27
|
|t:|1760336775
|move|p2a: Tyranitar|Low Kick|p1a: Ting-Lu
|-supereffective|p1a: Ting-Lu
|-damage|p1a: Ting-Lu|0 fnt
|faint|p1a: Ting-Lu
|
|-weather|Sandstorm|[upkeep]
|-heal|p2a: Tyranitar|88/100|[from] Grassy Terrain
|-fieldend|move: Grassy Terrain
|upkeep
|
|t:|1760336780
|switch|p1a: Glimmora|Glimmora, M, tera:Poison|20/100
|-damage|p1a: Glimmora|7/100|[from] Stealth Rock
|turn|28
|
|t:|1760336785
|move|p2a: Tyranitar|Low Kick|p1a: Glimmora
|-resisted|p1a: Glimmora
|-damage|p1a: Glimmora|0 fnt
|faint|p1a: Glimmora
|
|-weather|Sandstorm|[upkeep]
|upkeep
|
|t:|1760336788
|switch|p1a: Rillaboom|Rillaboom, F|81/100
|-damage|p1a: Rillaboom|69/100|[from] Stealth Rock
|-fieldstart|move: Grassy Terrain|[from] ability: Grassy Surge|[of] p1a: Rillaboom
|turn|29
|
|t:|1760336810
|switch|p2a: Zapdos|Zapdos|100/100
|move|p1a: Rillaboom|Knock Off|p2a: Zapdos
|-damage|p2a: Zapdos|59/100
|-enditem|p2a: Zapdos|Heavy-Duty Boots|[from] move: Knock Off|[of] p1a: Rillaboom
|
|-weather|Sandstorm|[upkeep]
|-damage|p2a: Zapdos|53/100|[from] Sandstorm
|-damage|p1a: Rillaboom|63/100|[from] Sandstorm
|-heal|p1a: Rillaboom|69/100|[from] Grassy Terrain
|upkeep
|turn|30
|
|t:|1760336816
|switch|p1a: Raikou|Raikou|49/100
|-damage|p1a: Raikou|36/100|[from] Stealth Rock
|-ability|p1a: Raikou|Pressure
|move|p2a: Zapdos|Heat Wave|p1a: Raikou
|-damage|p1a: Raikou|4/100
|
|-weather|none
|-heal|p1a: Raikou|10/100|[from] Grassy Terrain
|-heal|p1a: Raikou|17/100|[from] item: Leftovers
|upkeep
|turn|31
|
|t:|1760336820
|move|p1a: Raikou|Protect|p1a: Raikou
|-singleturn|p1a: Raikou|Protect
|move|p2a: Zapdos|Heat Wave|p1a: Raikou
|-activate|p1a: Raikou|move: Protect
|
|-heal|p1a: Raikou|23/100|[from] Grassy Terrain
|-heal|p1a: Raikou|29/100|[from] item: Leftovers
|upkeep
|turn|32
|
|t:|1760336825
|move|p1a: Raikou|Thunder|p2a: Zapdos
|-damage|p2a: Zapdos|0 fnt
|faint|p2a: Zapdos
|
|-heal|p1a: Raikou|35/100|[from] Grassy Terrain
|-heal|p1a: Raikou|41/100|[from] item: Leftovers
|upkeep
|
|t:|1760336830
|switch|p2a: Tyranitar|Tyranitar, F|88/100
|-weather|Sandstorm|[from] ability: Sand Stream|[of] p2a: Tyranitar
|turn|33
|
|t:|1760336834
|move|p1a: Raikou|Protect|p1a: Raikou
|-singleturn|p1a: Raikou|Protect
|move|p2a: Tyranitar|Knock Off|p1a: Raikou
|-activate|p1a: Raikou|move: Protect
|
|-weather|Sandstorm|[upkeep]
|-damage|p1a: Raikou|35/100|[from] Sandstorm
|-heal|p1a: Raikou|41/100|[from] Grassy Terrain
|-heal|p1a: Raikou|48/100|[from] item: Leftovers
|-heal|p2a: Tyranitar|94/100|[from] Grassy Terrain
|-fieldend|move: Grassy Terrain
|upkeep
|turn|34
|inactive|Ayayalaptop has 120 seconds left.
|
|t:|1760336866
|move|p1a: Raikou|Substitute|p1a: Raikou
|-start|p1a: Raikou|Substitute
|-damage|p1a: Raikou|23/100
|move|p2a: Tyranitar|Knock Off|p1a: Raikou
|-end|p1a: Raikou|Substitute
|
|-weather|Sandstorm|[upkeep]
|-damage|p1a: Raikou|17/100|[from] Sandstorm
|-heal|p1a: Raikou|23/100|[from] item: Leftovers
|upkeep
|turn|35
|
|t:|1760336870
|move|p1a: Raikou|Protect|p1a: Raikou
|-singleturn|p1a: Raikou|Protect
|move|p2a: Tyranitar|Knock Off|p1a: Raikou
|-activate|p1a: Raikou|move: Protect
|
|-weather|Sandstorm|[upkeep]
|-damage|p1a: Raikou|17/100|[from] Sandstorm
|-heal|p1a: Raikou|23/100|[from] item: Leftovers
|upkeep
|turn|36
|
|t:|1760336873
|move|p1a: Raikou|Scald|p2a: Tyranitar
|-supereffective|p2a: Tyranitar
|-damage|p2a: Tyranitar|64/100
|move|p2a: Tyranitar|Knock Off|p1a: Raikou
|-damage|p1a: Raikou|0 fnt
|-enditem|p1a: Raikou|Leftovers|[from] move: Knock Off|[of] p2a: Tyranitar
|faint|p1a: Raikou
|
|-weather|Sandstorm|[upkeep]
|upkeep
|
|t:|1760336883
|switch|p1a: Rillaboom|Rillaboom, F|69/100
|-damage|p1a: Rillaboom|56/100|[from] Stealth Rock
|-fieldstart|move: Grassy Terrain|[from] ability: Grassy Surge|[of] p1a: Rillaboom
|turn|37
|
|t:|1760336890
|switch|p2a: Rillaboom|Rillaboom, F|69/100
|move|p1a: Rillaboom|Knock Off|p2a: Rillaboom
|-damage|p2a: Rillaboom|28/100
|-enditem|p2a: Rillaboom|Heavy-Duty Boots|[from] move: Knock Off|[of] p1a: Rillaboom
|
|-weather|none
|-heal|p2a: Rillaboom|34/100|[from] Grassy Terrain
|-heal|p1a: Rillaboom|63/100|[from] Grassy Terrain
|upkeep
|turn|38
|
|t:|1760336898
|move|p2a: Rillaboom|U-turn|p1a: Rillaboom
|-supereffective|p1a: Rillaboom
|-damage|p1a: Rillaboom|15/100
|
|t:|1760336902
|switch|p2a: Gholdengo|Gholdengo|100/100|[from] U-turn
|-damage|p2a: Gholdengo|94/100|[from] Stealth Rock
|-item|p2a: Gholdengo|Air Balloon
|move|p1a: Rillaboom|U-turn|p2a: Gholdengo
|-resisted|p2a: Gholdengo
|-damage|p2a: Gholdengo|90/100
|-enditem|p2a: Gholdengo|Air Balloon
|
|t:|1760336909
|switch|p1a: Scizor|Scizor, M|26/100|[from] U-turn
|-damage|p1a: Scizor|13/100|[from] Stealth Rock
|
|-heal|p2a: Gholdengo|96/100|[from] Grassy Terrain
|-heal|p1a: Scizor|19/100|[from] Grassy Terrain
|upkeep
|turn|39
|
|t:|1760336911
|move|p2a: Gholdengo|Hex|p1a: Scizor
|-damage|p1a: Scizor|0 fnt
|faint|p1a: Scizor
|
|-heal|p2a: Gholdengo|100/100|[from] Grassy Terrain
|upkeep
|-message|Ayayalaptop forfeited.
|
|win|RohiMigj
|raw|Ayayalaptop's rating: 1381 &rarr; <strong>1358</strong><br />(-23 for losing)
|raw|RohiMigj's rating: 1324 &rarr; <strong>1347</strong><br />(+23 for winning)
|l|☆Ayayalaptop
|player|p1|
|l|☆RohiMigj
|player|p2|
