|j|☆Rin1604
|j|☆heartsdesu28
|t:|1760430212
|gametype|singles
|player|p1|Rin1604|miku-ghost|1146
|player|p2|heartsdesu28|170|1166
|gen|9
|tier|[Gen 9] OU
|rated|
|rule|HP Percentage Mod: HP is shown in percentages
|rule|Endless Battle Clause: Forcing endless battles is banned
|rule|Species Clause: Limit one of each Pokémon
|rule|OHKO Clause: OHKO moves are banned
|rule|Evasion Items Clause: Evasion items are banned
|rule|Evasion Moves Clause: Evasion moves are banned
|rule|Evasion Abilities Clause: Evasion abilities are banned
|rule|Sleep Moves Clause: Sleep-inducing moves are banned
|clearpoke
|poke|p1|Pelipper, M|
|poke|p1|Vikavolt, M|
|poke|p1|Tornadus-Therian, M|
|poke|p1|Iron Treads|
|poke|p1|Barraskewda, M|
|poke|p1|Scizor, M|
|poke|p2|Yanmega, M|
|poke|p2|Ogerpon-Wellspring, F|
|poke|p2|Basculegion, M|
|poke|p2|Pelipper, F|
|poke|p2|Kommo-o, F|
|poke|p2|Kingambit, F|
|teampreview
|
|t:|1760430219
|teamsize|p1|6
|teamsize|p2|6
|start
|switch|p1a: Scizor|Scizor, M|100/100
|switch|p2a: Pelipper|Pelipper, F|100/100
|-weather|RainDance|[from] ability: Drizzle|[of] p2a: Pelipper
|turn|1
|
|t:|1760430222
|move|p2a: Pelipper|Weather Ball|p1a: Scizor
|-damage|p1a: Scizor|23/100
|move|p1a: Scizor|Tailwind|p1a: Scizor
|-sidestart|p1: Rin1604|move: Tailwind
|
|-weather|RainDance|[upkeep]
|upkeep
|turn|2
|
|t:|1760430227
|switch|p1a: Tornadus|Tornadus-Therian, M|100/100
|move|p2a: Pelipper|Weather Ball|p1a: Tornadus
|-damage|p1a: Tornadus|24/100
|
|-weather|RainDance|[upkeep]
|upkeep
|turn|3
|
|t:|1760430233
|move|p1a: Tornadus|Hurricane|p2a: Pelipper
|-damage|p2a: Pelipper|0 fnt
|faint|p2a: Pelipper
|
|-weather|RainDance|[upkeep]
|upkeep
|
|t:|1760430240
|switch|p2a: Kingambit|Kingambit, F|100/100
|-activate|p2a: Kingambit|ability: Supreme Overlord
|-start|p2a: Kingambit|fallen1|[silent]
|turn|4
|
|t:|1760430245
|switch|p1a: Iron Treads|Iron Treads|100/100
|move|p2a: Kingambit|Sucker Punch||[still]
|-fail|p2a: Kingambit
|
|-weather|RainDance|[upkeep]
|-sideend|p1: Rin1604|move: Tailwind
|upkeep
|turn|5
|
|t:|1760430252
|-end|p2a: Kingambit|fallen1|[silent]
|switch|p2a: Yanmega|Yanmega, M|100/100
|move|p1a: Iron Treads|Stealth Rock|p2a: Yanmega
|-sidestart|p2: heartsdesu28|move: Stealth Rock
|
|-weather|none
|upkeep
|turn|6
|
|t:|1760430265
|-end|p1a: Iron Treads|Quark Drive|[silent]
|switch|p1a: Pelipper|Pelipper, M|100/100
|-weather|RainDance|[from] ability: Drizzle|[of] p1a: Pelipper
|move|p2a: Yanmega|Air Slash|p1a: Pelipper
|-damage|p1a: Pelipper|63/100
|
|-weather|RainDance|[upkeep]
|-ability|p2a: Yanmega|Speed Boost|boost
|-boost|p2a: Yanmega|spe|1
|upkeep
|turn|7
|
|t:|1760430278
|move|p2a: Yanmega|Protect|p2a: Yanmega
|-singleturn|p2a: Yanmega|Protect
|move|p1a: Pelipper|Hurricane|p2a: Yanmega
|-activate|p2a: Yanmega|move: Protect
|
|-weather|RainDance|[upkeep]
|-ability|p2a: Yanmega|Speed Boost|boost
|-boost|p2a: Yanmega|spe|1
|upkeep
|turn|8
|
|t:|1760430286
|move|p2a: Yanmega|U-turn|p1a: Pelipper
|-resisted|p1a: Pelipper
|-damage|p1a: Pelipper|55/100
|
|t:|1760430290
|switch|p2a: Basculegion|Basculegion, M|100/100|[from] U-turn
|-damage|p2a: Basculegion|88/100|[from] Stealth Rock
|move|p1a: Pelipper|Hurricane|p2a: Basculegion
|-damage|p2a: Basculegion|51/100
|-start|p2a: Basculegion|confusion
|
|-weather|RainDance|[upkeep]
|upkeep
|turn|9
|
|t:|1760430299
|-activate|p2a: Basculegion|confusion
|move|p2a: Basculegion|Wave Crash|p1a: Pelipper
|-resisted|p1a: Pelipper
|-damage|p1a: Pelipper|0 fnt
|faint|p1a: Pelipper
|-damage|p2a: Basculegion|37/100|[from] Recoil
|
|-weather|RainDance|[upkeep]
|upkeep
|
|t:|1760430313
|switch|p1a: Tornadus|Tornadus-Therian, M|57/100
|turn|10
|
|t:|1760430317
|-activate|p2a: Basculegion|confusion
|-damage|p2a: Basculegion|20/100|[from] confusion
|move|p1a: Tornadus|Hurricane|p2a: Basculegion
|-damage|p2a: Basculegion|0 fnt
|faint|p2a: Basculegion
|
|-weather|RainDance|[upkeep]
|upkeep
|
|t:|1760430327
|switch|p2a: Yanmega|Yanmega, M|100/100
|-damage|p2a: Yanmega|50/100|[from] Stealth Rock
|turn|11
|
|t:|1760430330
|move|p2a: Yanmega|Protect|p2a: Yanmega
|-singleturn|p2a: Yanmega|Protect
|move|p1a: Tornadus|Hurricane|p2a: Yanmega
|-activate|p2a: Yanmega|move: Protect
|
|-weather|RainDance|[upkeep]
|-ability|p2a: Yanmega|Speed Boost|boost
|-boost|p2a: Yanmega|spe|1
|upkeep
|turn|12
|
|t:|1760430340
|move|p2a: Yanmega|Protect||[still]
|-fail|p2a: Yanmega
|move|p1a: Tornadus|Hurricane|p2a: Yanmega
|-supereffective|p2a: Yanmega
|-damage|p2a: Yanmega|0 fnt
|faint|p2a: Yanmega
|
|-weather|RainDance|[upkeep]
|upkeep
|
|t:|1760430350
|switch|p2a: Kommo-o|Kommo-o, F|100/100
|-damage|p2a: Kommo-o|94/100|[from] Stealth Rock
|turn|13
|
|t:|1760430361
|-terastallize|p2a: Kommo-o|Dragon
|move|p1a: Tornadus|Hurricane|p2a: Kommo-o
|-damage|p2a: Kommo-o|16/100
|move|p2a: Kommo-o|Clangorous Soul||[still]
|-fail|p2a: Kommo-o
|
|-weather|none
|upkeep
|turn|14
|
|t:|1760430370
|move|p1a: Tornadus|Hurricane|p2a: Kommo-o
|-damage|p2a: Kommo-o|0 fnt
|faint|p2a: Kommo-o
|
|upkeep
|
|t:|1760430374
|switch|p2a: Kingambit|Kingambit, F|100/100
|-damage|p2a: Kingambit|94/100|[from] Stealth Rock
|-activate|p2a: Kingambit|ability: Supreme Overlord
|-start|p2a: Kingambit|fallen4|[silent]
|turn|15
|
|t:|1760430389
|switch|p1a: Iron Treads|Iron Treads|100/100
|move|p2a: Kingambit|Kowtow Cleave|p1a: Iron Treads
|-damage|p1a: Iron Treads|55/100
|
|-heal|p1a: Iron Treads|61/100|[from] item: Leftovers
|upkeep
|turn|16
|
|t:|1760430395
|move|p1a: Iron Treads|Earthquake|p2a: Kingambit
|-supereffective|p2a: Kingambit
|-damage|p2a: Kingambit|37/100
|-enditem|p2a: Kingambit|Weakness Policy
|-boost|p2a: Kingambit|atk|2|[from] item: Weakness Policy
|-boost|p2a: Kingambit|spa|2|[from] item: Weakness Policy
|move|p2a: Kingambit|Swords Dance|p2a: Kingambit
|-boost|p2a: Kingambit|atk|2
|
|-heal|p1a: Iron Treads|67/100|[from] item: Leftovers
|upkeep
|turn|17
|
|t:|1760430400
|move|p2a: Kingambit|Sucker Punch|p1a: Iron Treads
|-damage|p1a: Iron Treads|0 fnt
|faint|p1a: Iron Treads
|-end|p1a: Iron Treads|Quark Drive|[silent]
|
|upkeep
|
|t:|1760430409
|switch|p1a: Scizor|Scizor, M|23/100
|turn|18
|
|t:|1760430412
|move|p1a: Scizor|Bullet Punch|p2a: Kingambit
|-resisted|p2a: Kingambit
|-damage|p2a: Kingambit|26/100
|move|p2a: Kingambit|Sucker Punch||[still]
|-fail|p2a: Kingambit
|
|upkeep
|turn|19
|
|t:|1760430418
|move|p1a: Scizor|Tailwind|p1a: Scizor
|-sidestart|p1: Rin1604|move: Tailwind
|move|p2a: Kingambit|Kowtow Cleave|p1a: Scizor
|-damage|p1a: Scizor|0 fnt
|faint|p1a: Scizor
|
|upkeep
|
|t:|1760430422
|switch|p1a: Barraskewda|Barraskewda, M|100/100
|turn|20
|
|t:|1760430426
|-terastallize|p1a: Barraskewda|Water
|move|p1a: Barraskewda|Aqua Jet|p2a: Kingambit
|-damage|p2a: Kingambit|0 fnt
|faint|p2a: Kingambit
|-end|p2a: Kingambit|fallen4|[silent]
|-damage|p1a: Barraskewda|91/100|[from] item: Life Orb
|
|upkeep
|
|t:|1760430430
|switch|p2a: Ogerpon|Ogerpon-Wellspring, F|100/100
|-damage|p2a: Ogerpon|88/100|[from] Stealth Rock
|turn|21
|
|t:|1760430434
|move|p1a: Barraskewda|Close Combat|p2a: Ogerpon
|-damage|p2a: Ogerpon|11/100
|-unboost|p1a: Barraskewda|def|1
|-unboost|p1a: Barraskewda|spd|1
|-damage|p1a: Barraskewda|81/100|[from] item: Life Orb
|move|p2a: Ogerpon|Horn Leech|p1a: Barraskewda
|-supereffective|p1a: Barraskewda
|-damage|p1a: Barraskewda|0 fnt
|-heal|p2a: Ogerpon|47/100|[from] drain|[of] p1a: Barraskewda
|faint|p1a: Barraskewda
|
|upkeep
|
|t:|1760430439
|switch|p1a: Tornadus|Tornadus-Therian, M|90/100
|turn|22
|
|t:|1760430445
|move|p1a: Tornadus|U-turn|p2a: Ogerpon
|-supereffective|p2a: Ogerpon
|-damage|p2a: Ogerpon|9/100
|
|t:|1760430447
|switch|p1a: Vikavolt|Vikavolt, M|100/100|[from] U-turn
|move|p2a: Ogerpon|Ivy Cudgel|p1a: Vikavolt|[anim] Ivy Cudgel Water
|-damage|p1a: Vikavolt|25/100
|
|-sideend|p1: Rin1604|move: Tailwind
|upkeep
|turn|23
|
|t:|1760430450
|move|p2a: Ogerpon|Horn Leech|p1a: Vikavolt
|-resisted|p1a: Vikavolt
|-damage|p1a: Vikavolt|0 fnt
|-heal|p2a: Ogerpon|22/100|[from] drain|[of] p1a: Vikavolt
|faint|p1a: Vikavolt
|
|upkeep
|
|t:|1760430452
|switch|p1a: Tornadus|Tornadus-Therian, M|100/100
|turn|24
|
|t:|1760430455
|move|p1a: Tornadus|U-turn|p2a: Ogerpon
|-supereffective|p2a: Ogerpon
|-damage|p2a: Ogerpon|0 fnt
|faint|p2a: Ogerpon
|
|win|Rin1604
|raw|Rin1604's rating: 1146 &rarr; <strong>1172</strong><br />(+26 for winning)
|raw|heartsdesu28's rating: 1166 &rarr; <strong>1140</strong><br />(-26 for losing)
|l|☆heartsdesu28
|player|p2|
|l|☆Rin1604
|player|p1|
