|j|☆Airhorn Whisperer
|j|‽Lucid Coffee
|t:|1760376179
|gametype|singles
|player|p1|Airhorn Whisperer|preschooler|1364
|player|p2|Lucid Coffee|blue|1396
|gen|9
|tier|[Gen 9] OU
|rated|
|rule|HP Percentage Mod: HP is shown in percentages
|rule|Endless Battle Clause: Forcing endless battles is banned
|rule|Species Clause: Limit one of each Pokémon
|rule|OHKO Clause: OHKO moves are banned
|rule|Evasion Items Clause: Evasion items are banned
|rule|Evasion Moves Clause: Evasion moves are banned
|rule|Evasion Abilities Clause: Evasion abilities are banned
|rule|Sleep Moves Clause: Sleep-inducing moves are banned
|clearpoke
|poke|p1|Haxorus, F|
|poke|p1|Ting-Lu|
|poke|p1|Weezing-Galar, F|
|poke|p1|Greninja-*, M|
|poke|p1|Mesprit|
|poke|p1|Zamazenta-*|
|poke|p2|Pelipper, F|
|poke|p2|Hatterene, F|
|poke|p2|Iron Treads|
|poke|p2|Toxicroak, F|
|poke|p2|Barraskewda, F|
|poke|p2|Zapdos|
|teampreview
|
|t:|1760376202
|teamsize|p1|6
|teamsize|p2|6
|start
|switch|p1a: Mesprit|Mesprit|100/100
|switch|p2a: Toxicroak|Toxicroak, F|100/100
|turn|1
|
|t:|1760376210
|switch|p2a: Hatterene|Hatterene, F|100/100
|move|p1a: Mesprit|Mystical Power|p2a: Hatterene
|-resisted|p2a: Hatterene
|-damage|p2a: Hatterene|88/100
|-boost|p1a: Mesprit|spa|1
|-enditem|p2a: Hatterene|Eject Button
|
|t:|1760376222
|switch|p2a: Barraskewda|Barraskewda, F|100/100
|
|upkeep
|turn|2
|
|t:|1760376230
|move|p2a: Barraskewda|Flip Turn|p1a: Mesprit
|-damage|p1a: Mesprit|53/100
|-damage|p2a: Barraskewda|84/100|[from] item: Rocky Helmet|[of] p1a: Mesprit
|
|t:|1760376236
|switch|p2a: Hatterene|Hatterene, F|88/100|[from] Flip Turn
|move|p1a: Mesprit|Knock Off|p2a: Hatterene
|-damage|p2a: Hatterene|76/100
|
|upkeep
|turn|3
|
|t:|1760376241
|move|p1a: Mesprit|U-turn|p2a: Hatterene
|-damage|p2a: Hatterene|60/100
|
|t:|1760376246
|switch|p1a: Weezing|Weezing-Galar, F|100/100|[from] U-turn
|-ability|p1a: Weezing|Neutralizing Gas
|move|p2a: Hatterene|Draining Kiss|p1a: Weezing
|-resisted|p1a: Weezing
|-damage|p1a: Weezing|86/100
|-heal|p2a: Hatterene|72/100|[from] drain|[of] p1a: Weezing
|
|upkeep
|turn|4
|
|t:|1760376271
|switch|p2a: Pelipper|Pelipper, F|100/100
|move|p1a: Weezing|Sludge Bomb|p2a: Pelipper
|-damage|p2a: Pelipper|75/100
|
|upkeep
|turn|5
|
|t:|1760376280
|move|p1a: Weezing|Strange Steam|p2a: Pelipper
|-damage|p2a: Pelipper|47/100
|move|p2a: Pelipper|Hurricane|p1a: Weezing|[miss]
|-miss|p2a: Pelipper|p1a: Weezing
|
|upkeep
|turn|6
|
|t:|1760376286
|move|p1a: Weezing|Strange Steam|p2a: Pelipper
|-damage|p2a: Pelipper|23/100
|move|p2a: Pelipper|Roost|p2a: Pelipper
|-heal|p2a: Pelipper|73/100
|-singleturn|p2a: Pelipper|move: Roost
|
|upkeep
|turn|7
|
|t:|1760376292
|move|p1a: Weezing|Sludge Bomb|p2a: Pelipper
|-damage|p2a: Pelipper|47/100
|-status|p2a: Pelipper|psn
|move|p2a: Pelipper|Roost|p2a: Pelipper
|-heal|p2a: Pelipper|97/100 psn
|-singleturn|p2a: Pelipper|move: Roost
|
|-damage|p2a: Pelipper|85/100 psn|[from] psn
|upkeep
|turn|8
|
|t:|1760376301
|move|p1a: Weezing|Strange Steam|p2a: Pelipper
|-damage|p2a: Pelipper|57/100 psn
|move|p2a: Pelipper|Hurricane|p1a: Weezing
|-damage|p1a: Weezing|38/100
|
|-damage|p2a: Pelipper|45/100 psn|[from] psn
|upkeep
|turn|9
|
|t:|1760376323
|switch|p2a: Iron Treads|Iron Treads|100/100
|move|p1a: Weezing|Defog|p2a: Iron Treads
|-unboost|p2a: Iron Treads|evasion|1
|
|upkeep
|turn|10
|
|t:|1760376333
|-end|p1a: Weezing|ability: Neutralizing Gas
|switch|p1a: Mesprit|Mesprit|53/100
|move|p2a: Iron Treads|Stealth Rock|p1a: Mesprit
|-sidestart|p1: Airhorn Whisperer|move: Stealth Rock
|
|upkeep
|turn|11
|
|t:|1760376344
|move|p2a: Iron Treads|Volt Switch|p1a: Mesprit
|-damage|p1a: Mesprit|44/100
|
|t:|1760376349
|-end|p2a: Iron Treads|Quark Drive|[silent]
|switch|p2a: Hatterene|Hatterene, F|72/100|[from] Volt Switch
|move|p1a: Mesprit|Knock Off|p2a: Hatterene
|-damage|p2a: Hatterene|60/100
|
|upkeep
|turn|12
|
|t:|1760376360
|switch|p2a: Pelipper|Pelipper, F|45/100 psn
|-weather|RainDance|[from] ability: Drizzle|[of] p2a: Pelipper
|move|p1a: Mesprit|Mystical Power|p2a: Pelipper
|-damage|p2a: Pelipper|19/100 psn
|-boost|p1a: Mesprit|spa|1
|
|-weather|RainDance|[upkeep]
|-damage|p2a: Pelipper|7/100 psn|[from] psn
|upkeep
|turn|13
|
|t:|1760376372
|switch|p2a: Zapdos|Zapdos|100/100
|move|p1a: Mesprit|Knock Off|p2a: Zapdos
|-damage|p2a: Zapdos|76/100
|-enditem|p2a: Zapdos|Choice Specs|[from] move: Knock Off|[of] p1a: Mesprit
|
|-weather|RainDance|[upkeep]
|upkeep
|turn|14
|inactive|Battle timer is ON: inactive players will automatically lose when time's up. (requested by Lucid Coffee)
|
|t:|1760376426
|move|p2a: Zapdos|Hurricane|p1a: Mesprit
|-damage|p1a: Mesprit|0 fnt
|faint|p1a: Mesprit
|
|-weather|RainDance|[upkeep]
|upkeep
|
|t:|1760376451
|switch|p1a: Haxorus|Haxorus, F|100/100
|-damage|p1a: Haxorus|88/100|[from] Stealth Rock
|-ability|p1a: Haxorus|Mold Breaker
|turn|15
|
|t:|1760376458
|move|p2a: Zapdos|Hurricane|p1a: Haxorus
|-damage|p1a: Haxorus|5/100
|-start|p1a: Haxorus|confusion
|-activate|p1a: Haxorus|confusion
|move|p1a: Haxorus|Scale Shot|p2a: Zapdos
|-damage|p2a: Zapdos|58/100
|-damage|p2a: Zapdos|39/100
|-crit|p2a: Zapdos
|-damage|p2a: Zapdos|11/100
|-damage|p2a: Zapdos|0 fnt
|faint|p2a: Zapdos
|-hitcount|p2: Zapdos|4
|-unboost|p1a: Haxorus|def|1
|-boost|p1a: Haxorus|spe|1
|
|-weather|RainDance|[upkeep]
|upkeep
|
|t:|1760376466
|switch|p2a: Barraskewda|Barraskewda, F|84/100
|turn|16
|
|t:|1760376484
|move|p2a: Barraskewda|Liquidation|p1a: Haxorus
|-resisted|p1a: Haxorus
|-damage|p1a: Haxorus|0 fnt
|faint|p1a: Haxorus
|
|-weather|RainDance|[upkeep]
|upkeep
|inactive|Airhorn Whisperer has 120 seconds left.
|
|t:|1760376521
|switch|p1a: Zamazenta|Zamazenta|100/100
|-damage|p1a: Zamazenta|94/100|[from] Stealth Rock
|-ability|p1a: Zamazenta|Dauntless Shield|boost
|-boost|p1a: Zamazenta|def|1
|turn|17
|
|t:|1760376544
|switch|p2a: Hatterene|Hatterene, F|60/100
|move|p1a: Zamazenta|Crunch|p2a: Hatterene
|-damage|p2a: Hatterene|23/100
|
|-weather|RainDance|[upkeep]
|upkeep
|turn|18
|
|t:|1760376549
|move|p1a: Zamazenta|Crunch|p2a: Hatterene
|-damage|p2a: Hatterene|0 fnt
|faint|p2a: Hatterene
|
|-weather|RainDance|[upkeep]
|upkeep
|
|t:|1760376552
|switch|p2a: Toxicroak|Toxicroak, F|100/100
|turn|19
|
|t:|1760376562
|switch|p1a: Weezing|Weezing-Galar, F|38/100
|-ability|p1a: Weezing|Neutralizing Gas
|move|p2a: Toxicroak|Knock Off|p1a: Weezing
|-resisted|p1a: Weezing
|-damage|p1a: Weezing|31/100
|-enditem|p1a: Weezing|Heavy-Duty Boots|[from] move: Knock Off|[of] p2a: Toxicroak
|
|-weather|none
|upkeep
|turn|20
|
|t:|1760376592
|move|p2a: Toxicroak|Knock Off|p1a: Weezing
|-resisted|p1a: Weezing
|-damage|p1a: Weezing|25/100
|move|p1a: Weezing|Sludge Bomb|p2a: Toxicroak
|-resisted|p2a: Toxicroak
|-damage|p2a: Toxicroak|83/100
|
|upkeep
|turn|21
|
|t:|1760376605
|move|p2a: Toxicroak|Encore|p1a: Weezing
|-start|p1a: Weezing|Encore
|move|p1a: Weezing|Sludge Bomb|p2a: Toxicroak
|-resisted|p2a: Toxicroak
|-damage|p2a: Toxicroak|65/100
|
|upkeep
|turn|22
|
|t:|1760376612
|switch|p2a: Iron Treads|Iron Treads|100/100
|move|p1a: Weezing|Sludge Bomb|p2a: Iron Treads
|-immune|p2a: Iron Treads
|
|upkeep
|turn|23
|
|t:|1760376625
|-end|p2a: Iron Treads|Quark Drive|[silent]
|switch|p2a: Toxicroak|Toxicroak, F|65/100
|-end|p1a: Weezing|ability: Neutralizing Gas
|switch|p1a: Ting-Lu|Ting-Lu|100/100
|-damage|p1a: Ting-Lu|94/100|[from] Stealth Rock
|-ability|p1a: Ting-Lu|Vessel of Ruin
|
|-heal|p1a: Ting-Lu|100/100|[from] item: Leftovers
|upkeep
|turn|24
|
|t:|1760376631
|move|p2a: Toxicroak|Drain Punch|p1a: Ting-Lu
|-supereffective|p1a: Ting-Lu
|-damage|p1a: Ting-Lu|70/100
|-heal|p2a: Toxicroak|86/100|[from] drain|[of] p1a: Ting-Lu
|move|p1a: Ting-Lu|Stealth Rock|p2a: Toxicroak
|-sidestart|p2: Lucid Coffee|move: Stealth Rock
|
|-heal|p1a: Ting-Lu|76/100|[from] item: Leftovers
|upkeep
|turn|25
|
|t:|1760376640
|switch|p1a: Weezing|Weezing-Galar, F|25/100
|-ability|p1a: Weezing|Neutralizing Gas
|-damage|p1a: Weezing|13/100|[from] Stealth Rock
|move|p2a: Toxicroak|Drain Punch|p1a: Weezing
|-resisted|p1a: Weezing
|-damage|p1a: Weezing|8/100
|-heal|p2a: Toxicroak|89/100|[from] drain|[of] p1a: Weezing
|
|upkeep
|turn|26
|
|t:|1760376657
|move|p2a: Toxicroak|Drain Punch|p1a: Weezing
|-resisted|p1a: Weezing
|-damage|p1a: Weezing|4/100
|-heal|p2a: Toxicroak|91/100|[from] drain|[of] p1a: Weezing
|move|p1a: Weezing|Pain Split|p2a: Toxicroak
|-sethp|p2a: Toxicroak|47/100|[from] move: Pain Split|[silent]
|-sethp|p1a: Weezing|52/100|[from] move: Pain Split
|
|upkeep
|turn|27
|
|t:|1760376665
|move|p2a: Toxicroak|Encore|p1a: Weezing
|-start|p1a: Weezing|Encore
|move|p1a: Weezing|Pain Split|p2a: Toxicroak
|-sethp|p2a: Toxicroak|47/100|[from] move: Pain Split|[silent]
|-sethp|p1a: Weezing|52/100|[from] move: Pain Split
|
|upkeep
|turn|28
|-message|Lucid Coffee forfeited.
|
|win|Airhorn Whisperer
|raw|Airhorn Whisperer's rating: 1364 &rarr; <strong>1386</strong><br />(+22 for winning)
|raw|Lucid Coffee's rating: 1396 &rarr; <strong>1374</strong><br />(-22 for losing)
|l|‽Lucid Coffee
|player|p2|
|l|☆Airhorn Whisperer
|player|p1|
