|j|☆clodsirebiggestfan
|j|☆jemaisjepa
|t:|1760366818
|gametype|singles
|player|p1|clodsirebiggestfan|miku-ghost|1688
|player|p2|jemaisjepa|marlon|1844
|gen|9
|tier|[Gen 9] OU
|rated|
|rule|HP Percentage Mod: HP is shown in percentages
|rule|Endless Battle Clause: Forcing endless battles is banned
|rule|Species Clause: Limit one of each Pokémon
|rule|OHKO Clause: OHKO moves are banned
|rule|Evasion Items Clause: Evasion items are banned
|rule|Evasion Moves Clause: Evasion moves are banned
|rule|Evasion Abilities Clause: Evasion abilities are banned
|rule|Sleep Moves Clause: Sleep-inducing moves are banned
|clearpoke
|poke|p1|Kingambit, F|
|poke|p1|Clodsire, M|
|poke|p1|Zamazenta-*|
|poke|p1|Weezing-Galar, M|
|poke|p1|Ogerpon, F|
|poke|p1|Raging Bolt|
|poke|p2|Weezing-Galar, F|
|poke|p2|Alomomola, M|
|poke|p2|Dragonite, F|
|poke|p2|Great Tusk|
|poke|p2|Zamazenta-*|
|poke|p2|Ogerpon-Wellspring, F|
|teampreview
|inactive|Battle timer is ON: inactive players will automatically lose when time's up. (requested by jemaisjepa)
|
|t:|1760366840
|teamsize|p1|6
|teamsize|p2|6
|start
|switch|p1a: Ogerpon|Ogerpon, F|100/100
|switch|p2a: Weezing|Weezing-Galar, F, shiny|100/100
|-ability|p2a: Weezing|Neutralizing Gas
|turn|1
|
|t:|1760366846
|move|p1a: Ogerpon|U-turn|p2a: Weezing
|-resisted|p2a: Weezing
|-damage|p2a: Weezing|95/100
|
|t:|1760366869
|switch|p1a: Clodsire|Clodsire, M|100/100|[from] U-turn
|move|p2a: Weezing|Will-O-Wisp|p1a: Clodsire
|-status|p1a: Clodsire|brn
|
|-damage|p1a: Clodsire|94/100 brn|[from] brn
|upkeep
|turn|2
|
|t:|1760366881
|move|p2a: Weezing|Pain Split|p1a: Clodsire
|-sethp|p1a: Clodsire|81/100 brn|[from] move: Pain Split|[silent]
|-sethp|p2a: Weezing|100/100|[from] move: Pain Split
|move|p1a: Clodsire|Stealth Rock|p2a: Weezing
|-sidestart|p2: jemaisjepa|move: Stealth Rock
|
|-damage|p1a: Clodsire|75/100 brn|[from] brn
|upkeep
|turn|3
|
|t:|1760366888
|move|p2a: Weezing|Defog|p1a: Clodsire
|-unboost|p1a: Clodsire|evasion|1
|-sideend|p2: jemaisjepa|Stealth Rock|[from] move: Defog|[of] p2a: Weezing
|move|p1a: Clodsire|Earthquake|p2a: Weezing
|-supereffective|p2a: Weezing
|-damage|p2a: Weezing|81/100
|
|-damage|p1a: Clodsire|69/100 brn|[from] brn
|upkeep
|turn|4
|
|t:|1760366894
|move|p2a: Weezing|Sludge Bomb|p1a: Clodsire
|-resisted|p1a: Clodsire
|-damage|p1a: Clodsire|66/100 brn
|move|p1a: Clodsire|Stealth Rock|p2a: Weezing
|-sidestart|p2: jemaisjepa|move: Stealth Rock
|
|-damage|p1a: Clodsire|60/100 brn|[from] brn
|upkeep
|turn|5
|
|t:|1760366897
|move|p2a: Weezing|Defog|p1a: Clodsire
|-unboost|p1a: Clodsire|evasion|1
|-sideend|p2: jemaisjepa|Stealth Rock|[from] move: Defog|[of] p2a: Weezing
|move|p1a: Clodsire|Earthquake|p2a: Weezing
|-supereffective|p2a: Weezing
|-damage|p2a: Weezing|62/100
|
|-damage|p1a: Clodsire|54/100 brn|[from] brn
|upkeep
|turn|6
|
|t:|1760366902
|move|p2a: Weezing|Pain Split|p1a: Clodsire
|-sethp|p1a: Clodsire|50/100 brn|[from] move: Pain Split|[silent]
|-sethp|p2a: Weezing|68/100|[from] move: Pain Split
|move|p1a: Clodsire|Stealth Rock|p2a: Weezing
|-sidestart|p2: jemaisjepa|move: Stealth Rock
|
|-damage|p1a: Clodsire|43/100 brn|[from] brn
|upkeep
|turn|7
|
|t:|1760366904
|move|p2a: Weezing|Defog|p1a: Clodsire
|-unboost|p1a: Clodsire|evasion|1
|-sideend|p2: jemaisjepa|Stealth Rock|[from] move: Defog|[of] p2a: Weezing
|move|p1a: Clodsire|Recover|p1a: Clodsire
|-heal|p1a: Clodsire|94/100 brn
|
|-damage|p1a: Clodsire|88/100 brn|[from] brn
|upkeep
|turn|8
|
|t:|1760366907
|move|p2a: Weezing|Pain Split|p1a: Clodsire
|-sethp|p1a: Clodsire|69/100 brn|[from] move: Pain Split|[silent]
|-sethp|p2a: Weezing|95/100|[from] move: Pain Split
|move|p1a: Clodsire|Stealth Rock|p2a: Weezing
|-sidestart|p2: jemaisjepa|move: Stealth Rock
|
|-damage|p1a: Clodsire|62/100 brn|[from] brn
|upkeep
|turn|9
|
|t:|1760366911
|move|p2a: Weezing|Defog|p1a: Clodsire
|-unboost|p1a: Clodsire|evasion|1
|-sideend|p2: jemaisjepa|Stealth Rock|[from] move: Defog|[of] p2a: Weezing
|move|p1a: Clodsire|Earthquake|p2a: Weezing
|-supereffective|p2a: Weezing
|-damage|p2a: Weezing|76/100
|
|-damage|p1a: Clodsire|56/100 brn|[from] brn
|upkeep
|turn|10
|
|t:|1760366917
|move|p2a: Weezing|Will-O-Wisp|p1a: Clodsire
|-fail|p1a: Clodsire|brn
|move|p1a: Clodsire|Stealth Rock|p2a: Weezing
|-sidestart|p2: jemaisjepa|move: Stealth Rock
|
|-damage|p1a: Clodsire|50/100 brn|[from] brn
|upkeep
|turn|11
|
|t:|1760366920
|move|p2a: Weezing|Defog|p1a: Clodsire
|-unboost|p1a: Clodsire|evasion|1
|-sideend|p2: jemaisjepa|Stealth Rock|[from] move: Defog|[of] p2a: Weezing
|move|p1a: Clodsire|Recover|p1a: Clodsire
|-heal|p1a: Clodsire|100/100 brn
|
|-damage|p1a: Clodsire|94/100 brn|[from] brn
|upkeep
|turn|12
|
|t:|1760366922
|move|p2a: Weezing|Pain Split|p1a: Clodsire
|-sethp|p1a: Clodsire|75/100 brn|[from] move: Pain Split|[silent]
|-sethp|p2a: Weezing|100/100|[from] move: Pain Split
|move|p1a: Clodsire|Stealth Rock|p2a: Weezing
|-sidestart|p2: jemaisjepa|move: Stealth Rock
|
|-damage|p1a: Clodsire|69/100 brn|[from] brn
|upkeep
|turn|13
|
|t:|1760366928
|move|p2a: Weezing|Defog|p1a: Clodsire
|-unboost|p1a: Clodsire|evasion|1
|-sideend|p2: jemaisjepa|Stealth Rock|[from] move: Defog|[of] p2a: Weezing
|move|p1a: Clodsire|Earthquake|p2a: Weezing
|-supereffective|p2a: Weezing
|-damage|p2a: Weezing|82/100
|
|-damage|p1a: Clodsire|62/100 brn|[from] brn
|upkeep
|turn|14
|
|t:|1760366935
|move|p2a: Weezing|Pain Split|p1a: Clodsire
|-sethp|p1a: Clodsire|61/100 brn|[from] move: Pain Split|[silent]
|-sethp|p2a: Weezing|84/100|[from] move: Pain Split
|move|p1a: Clodsire|Stealth Rock|p2a: Weezing
|-sidestart|p2: jemaisjepa|move: Stealth Rock
|
|-damage|p1a: Clodsire|55/100 brn|[from] brn
|upkeep
|turn|15
|
|t:|1760366947
|move|p2a: Weezing|Defog|p1a: Clodsire
|-unboost|p1a: Clodsire|evasion|0
|-sideend|p2: jemaisjepa|Stealth Rock|[from] move: Defog|[of] p2a: Weezing
|move|p1a: Clodsire|Earthquake|p2a: Weezing
|-supereffective|p2a: Weezing
|-damage|p2a: Weezing|66/100
|
|-damage|p1a: Clodsire|49/100 brn|[from] brn
|upkeep
|turn|16
|
|t:|1760366953
|move|p2a: Weezing|Will-O-Wisp|p1a: Clodsire
|-fail|p1a: Clodsire|brn
|move|p1a: Clodsire|Stealth Rock|p2a: Weezing
|-sidestart|p2: jemaisjepa|move: Stealth Rock
|
|-damage|p1a: Clodsire|43/100 brn|[from] brn
|upkeep
|turn|17
|
|t:|1760366958
|move|p2a: Weezing|Defog|p1a: Clodsire
|-unboost|p1a: Clodsire|evasion|0
|-sideend|p2: jemaisjepa|Stealth Rock|[from] move: Defog|[of] p2a: Weezing
|move|p1a: Clodsire|Recover|p1a: Clodsire
|-heal|p1a: Clodsire|93/100 brn
|
|-damage|p1a: Clodsire|87/100 brn|[from] brn
|upkeep
|turn|18
|
|t:|1760366962
|move|p2a: Weezing|Pain Split|p1a: Clodsire
|-sethp|p1a: Clodsire|67/100 brn|[from] move: Pain Split|[silent]
|-sethp|p2a: Weezing|93/100|[from] move: Pain Split
|move|p1a: Clodsire|Stealth Rock|p2a: Weezing
|-sidestart|p2: jemaisjepa|move: Stealth Rock
|
|-damage|p1a: Clodsire|61/100 brn|[from] brn
|upkeep
|turn|19
|
|t:|1760366967
|move|p2a: Weezing|Defog|p1a: Clodsire
|-unboost|p1a: Clodsire|evasion|0
|-sideend|p2: jemaisjepa|Stealth Rock|[from] move: Defog|[of] p2a: Weezing
|move|p1a: Clodsire|Earthquake|p2a: Weezing
|-supereffective|p2a: Weezing
|-damage|p2a: Weezing|76/100
|
|-damage|p1a: Clodsire|55/100 brn|[from] brn
|upkeep
|turn|20
|c|☆clodsirebiggestfan|can we speed up
|
|t:|1760366976
|move|p2a: Weezing|Will-O-Wisp|p1a: Clodsire
|-fail|p1a: Clodsire|brn
|move|p1a: Clodsire|Stealth Rock|p2a: Weezing
|-sidestart|p2: jemaisjepa|move: Stealth Rock
|
|-damage|p1a: Clodsire|49/100 brn|[from] brn
|upkeep
|turn|21
|c|☆clodsirebiggestfan|im gonna pp stall you
|
|t:|1760366984
|move|p2a: Weezing|Defog|p1a: Clodsire
|-unboost|p1a: Clodsire|evasion|0
|-sideend|p2: jemaisjepa|Stealth Rock|[from] move: Defog|[of] p2a: Weezing
|move|p1a: Clodsire|Earthquake|p2a: Weezing
|-supereffective|p2a: Weezing
|-crit|p2a: Weezing
|-damage|p2a: Weezing|46/100
|
|-damage|p1a: Clodsire|43/100 brn|[from] brn
|upkeep
|turn|22
|c|☆jemaisjepa|im gonna pp stall you bro
|
|t:|1760366993
|move|p2a: Weezing|Pain Split|p1a: Clodsire
|-sethp|p1a: Clodsire|38/100 brn|[from] move: Pain Split|[silent]
|-sethp|p2a: Weezing|53/100|[from] move: Pain Split
|move|p1a: Clodsire|Stealth Rock|p2a: Weezing
|-sidestart|p2: jemaisjepa|move: Stealth Rock
|
|-damage|p1a: Clodsire|32/100 brn|[from] brn
|upkeep
|turn|23
|c|☆clodsirebiggestfan|yea ik
|c|☆clodsirebiggestfan|thats why i asked if we could speed up
|
|t:|1760367003
|move|p2a: Weezing|Defog|p1a: Clodsire
|-unboost|p1a: Clodsire|evasion|0
|-sideend|p2: jemaisjepa|Stealth Rock|[from] move: Defog|[of] p2a: Weezing
|move|p1a: Clodsire|Recover|p1a: Clodsire
|-heal|p1a: Clodsire|82/100 brn
|
|-damage|p1a: Clodsire|76/100 brn|[from] brn
|upkeep
|turn|24
|
|t:|1760367006
|move|p2a: Weezing|Pain Split|p1a: Clodsire
|-sethp|p1a: Clodsire|57/100 brn|[from] move: Pain Split|[silent]
|-sethp|p2a: Weezing|79/100|[from] move: Pain Split
|move|p1a: Clodsire|Stealth Rock|p2a: Weezing
|-sidestart|p2: jemaisjepa|move: Stealth Rock
|
|-damage|p1a: Clodsire|51/100 brn|[from] brn
|upkeep
|turn|25
|
|t:|1760367008
|move|p2a: Weezing|Defog|p1a: Clodsire
|-unboost|p1a: Clodsire|evasion|0
|-sideend|p2: jemaisjepa|Stealth Rock|[from] move: Defog|[of] p2a: Weezing
|move|p1a: Clodsire|Earthquake|p2a: Weezing
|-supereffective|p2a: Weezing
|-damage|p2a: Weezing|60/100
|
|-damage|p1a: Clodsire|45/100 brn|[from] brn
|upkeep
|turn|26
|
|t:|1760367014
|-end|p2a: Weezing|ability: Neutralizing Gas
|switch|p2a: Ogerpon|Ogerpon-Wellspring, F|100/100
|move|p1a: Clodsire|Stealth Rock|p2a: Ogerpon
|-sidestart|p2: jemaisjepa|move: Stealth Rock
|
|-damage|p1a: Clodsire|39/100 brn|[from] brn
|upkeep
|turn|27
|
|t:|1760367017
|move|p2a: Ogerpon|U-turn|p1a: Clodsire
|-resisted|p1a: Clodsire
|-damage|p1a: Clodsire|24/100 brn
|
|t:|1760367019
|switch|p2a: Weezing|Weezing-Galar, F, shiny|60/100|[from] U-turn
|-ability|p2a: Weezing|Neutralizing Gas
|move|p1a: Clodsire|Toxic|p2a: Weezing
|-immune|p2a: Weezing
|
|-damage|p1a: Clodsire|18/100 brn|[from] brn
|upkeep
|turn|28
|
|t:|1760367022
|move|p2a: Weezing|Defog|p1a: Clodsire
|-unboost|p1a: Clodsire|evasion|0
|-sideend|p2: jemaisjepa|Stealth Rock|[from] move: Defog|[of] p2a: Weezing
|move|p1a: Clodsire|Recover|p1a: Clodsire
|-heal|p1a: Clodsire|68/100 brn
|
|-damage|p1a: Clodsire|62/100 brn|[from] brn
|upkeep
|turn|29
|
|t:|1760367028
|move|p2a: Weezing|Will-O-Wisp|p1a: Clodsire
|-fail|p1a: Clodsire|brn
|move|p1a: Clodsire|Stealth Rock|p2a: Weezing
|-sidestart|p2: jemaisjepa|move: Stealth Rock
|
|-damage|p1a: Clodsire|56/100 brn|[from] brn
|upkeep
|turn|30
|
|t:|1760367036
|move|p2a: Weezing|Defog|p1a: Clodsire
|-unboost|p1a: Clodsire|evasion|0
|-sideend|p2: jemaisjepa|Stealth Rock|[from] move: Defog|[of] p2a: Weezing
|move|p1a: Clodsire|Toxic|p2a: Weezing
|-immune|p2a: Weezing
|
|-damage|p1a: Clodsire|50/100 brn|[from] brn
|upkeep
|turn|31
|
|t:|1760367044
|move|p2a: Weezing|Will-O-Wisp|p1a: Clodsire
|-fail|p1a: Clodsire|brn
|move|p1a: Clodsire|Stealth Rock|p2a: Weezing
|-sidestart|p2: jemaisjepa|move: Stealth Rock
|
|-damage|p1a: Clodsire|44/100 brn|[from] brn
|upkeep
|turn|32
|
|t:|1760367051
|move|p2a: Weezing|Will-O-Wisp|p1a: Clodsire
|-fail|p1a: Clodsire|brn
|move|p1a: Clodsire|Earthquake|p2a: Weezing
|-supereffective|p2a: Weezing
|-damage|p2a: Weezing|44/100
|
|-damage|p1a: Clodsire|38/100 brn|[from] brn
|upkeep
|turn|33
|
|t:|1760367054
|move|p2a: Weezing|Defog|p1a: Clodsire
|-unboost|p1a: Clodsire|evasion|0
|-sideend|p2: jemaisjepa|Stealth Rock|[from] move: Defog|[of] p2a: Weezing
|move|p1a: Clodsire|Recover|p1a: Clodsire
|-heal|p1a: Clodsire|88/100 brn
|
|-damage|p1a: Clodsire|82/100 brn|[from] brn
|upkeep
|turn|34
|
|t:|1760367056
|move|p2a: Weezing|Pain Split|p1a: Clodsire
|-sethp|p1a: Clodsire|57/100 brn|[from] move: Pain Split|[silent]
|-sethp|p2a: Weezing|78/100|[from] move: Pain Split
|move|p1a: Clodsire|Stealth Rock|p2a: Weezing
|-sidestart|p2: jemaisjepa|move: Stealth Rock
|
|-damage|p1a: Clodsire|51/100 brn|[from] brn
|upkeep
|turn|35
|
|t:|1760367060
|move|p2a: Weezing|Sludge Bomb|p1a: Clodsire
|-resisted|p1a: Clodsire
|-damage|p1a: Clodsire|47/100 brn
|move|p1a: Clodsire|Earthquake|p2a: Weezing
|-supereffective|p2a: Weezing
|-damage|p2a: Weezing|60/100
|
|-damage|p1a: Clodsire|41/100 brn|[from] brn
|upkeep
|turn|36
|
|t:|1760367064
|move|p2a: Weezing|Defog|p1a: Clodsire
|-unboost|p1a: Clodsire|evasion|0
|-sideend|p2: jemaisjepa|Stealth Rock|[from] move: Defog|[of] p2a: Weezing
|move|p1a: Clodsire|Earthquake|p2a: Weezing
|-supereffective|p2a: Weezing
|-damage|p2a: Weezing|41/100
|
|-damage|p1a: Clodsire|35/100 brn|[from] brn
|upkeep
|turn|37
|
|t:|1760367066
|move|p2a: Weezing|Pain Split|p1a: Clodsire
|-sethp|p1a: Clodsire|32/100 brn|[from] move: Pain Split|[silent]
|-sethp|p2a: Weezing|44/100|[from] move: Pain Split
|move|p1a: Clodsire|Stealth Rock|p2a: Weezing
|-sidestart|p2: jemaisjepa|move: Stealth Rock
|
|-damage|p1a: Clodsire|26/100 brn|[from] brn
|upkeep
|turn|38
|
|t:|1760367072
|move|p2a: Weezing|Defog|p1a: Clodsire
|-unboost|p1a: Clodsire|evasion|0
|-sideend|p2: jemaisjepa|Stealth Rock|[from] move: Defog|[of] p2a: Weezing
|move|p1a: Clodsire|Earthquake|p2a: Weezing
|-supereffective|p2a: Weezing
|-damage|p2a: Weezing|27/100
|
|-damage|p1a: Clodsire|20/100 brn|[from] brn
|upkeep
|turn|39
|
|t:|1760367077
|move|p2a: Weezing|Sludge Bomb|p1a: Clodsire
|-resisted|p1a: Clodsire
|-damage|p1a: Clodsire|16/100 brn
|move|p1a: Clodsire|Stealth Rock|p2a: Weezing
|-sidestart|p2: jemaisjepa|move: Stealth Rock
|
|-damage|p1a: Clodsire|10/100 brn|[from] brn
|upkeep
|turn|40
|
|t:|1760367091
|move|p2a: Weezing|Defog|p1a: Clodsire
|-unboost|p1a: Clodsire|evasion|0
|-sideend|p2: jemaisjepa|Stealth Rock|[from] move: Defog|[of] p2a: Weezing
|move|p1a: Clodsire|Stealth Rock|p2a: Weezing
|-sidestart|p2: jemaisjepa|move: Stealth Rock
|
|-damage|p1a: Clodsire|4/100 brn|[from] brn
|upkeep
|turn|41
|
|t:|1760367096
|move|p2a: Weezing|Defog|p1a: Clodsire
|-unboost|p1a: Clodsire|evasion|0
|-sideend|p2: jemaisjepa|Stealth Rock|[from] move: Defog|[of] p2a: Weezing
|move|p1a: Clodsire|Stealth Rock|p2a: Weezing
|-sidestart|p2: jemaisjepa|move: Stealth Rock
|
|-damage|p1a: Clodsire|0 fnt|[from] brn
|faint|p1a: Clodsire
|upkeep
|
|t:|1760367100
|switch|p1a: Ogerpon|Ogerpon, F|100/100
|turn|42
|
|t:|1760367103
|-end|p2a: Weezing|ability: Neutralizing Gas
|switch|p2a: Dragonite|Dragonite, F, shiny|100/100
|-terastallize|p1a: Ogerpon|Grass
|detailschange|p1a: Ogerpon|Ogerpon-Teal-Tera, F, tera:Grass
|-ability|p1a: Ogerpon|Embody Aspect (Teal)|boost
|-boost|p1a: Ogerpon|spe|1
|move|p1a: Ogerpon|Ivy Cudgel|p2a: Dragonite
|-resisted|p2a: Dragonite
|-damage|p2a: Dragonite|89/100
|
|upkeep
|turn|43
|
|t:|1760367108
|switch|p1a: Zamazenta|Zamazenta|100/100
|-ability|p1a: Zamazenta|Dauntless Shield|boost
|-boost|p1a: Zamazenta|def|1
|move|p2a: Dragonite|Thunder Wave|p1a: Zamazenta|[miss]
|-miss|p2a: Dragonite|p1a: Zamazenta
|
|upkeep
|turn|44
|
|t:|1760367115
|move|p1a: Zamazenta|Roar|p2a: Dragonite
|drag|p2a: Alomomola|Alomomola, M, shiny|100/100
|-damage|p2a: Alomomola|88/100|[from] Stealth Rock
|
|upkeep
|turn|45
|c|☆clodsirebiggestfan|u are fired
|
|t:|1760367120
|move|p1a: Zamazenta|Iron Defense|p1a: Zamazenta
|-boost|p1a: Zamazenta|def|2
|move|p2a: Alomomola|Flip Turn|p1a: Zamazenta
|-damage|p1a: Zamazenta|95/100
|
|t:|1760367125
|switch|p2a: Dragonite|Dragonite, F, shiny|89/100|[from] Flip Turn
|
|-heal|p1a: Zamazenta|100/100|[from] item: Leftovers
|upkeep
|turn|46
|c|☆clodsirebiggestfan|dont show up to work anymore bro
|
|t:|1760367131
|move|p1a: Zamazenta|Iron Defense|p1a: Zamazenta
|-boost|p1a: Zamazenta|def|2
|move|p2a: Dragonite|Thunder Wave|p1a: Zamazenta|[miss]
|-miss|p2a: Dragonite|p1a: Zamazenta
|
|upkeep
|turn|47
|c|☆clodsirebiggestfan|sorry for ur rng
|c|☆jemaisjepa|lol double miss
|
|t:|1760367139
|move|p1a: Zamazenta|Body Press|p2a: Dragonite
|-resisted|p2a: Dragonite
|-damage|p2a: Dragonite|33/100
|move|p2a: Dragonite|Thunder Wave|p1a: Zamazenta
|-status|p1a: Zamazenta|par
|
|upkeep
|turn|48
|
|t:|1760367144
|move|p2a: Dragonite|Roost|p2a: Dragonite
|-heal|p2a: Dragonite|83/100
|-singleturn|p2a: Dragonite|move: Roost
|move|p1a: Zamazenta|Body Press|p2a: Dragonite
|-damage|p2a: Dragonite|0 fnt
|faint|p2a: Dragonite
|
|upkeep
|
|t:|1760367146
|switch|p2a: Weezing|Weezing-Galar, F, shiny|27/100
|-ability|p2a: Weezing|Neutralizing Gas
|turn|49
|
|t:|1760367148
|move|p1a: Zamazenta|Body Press|p2a: Weezing
|-resisted|p2a: Weezing
|-damage|p2a: Weezing|10/100
|move|p2a: Weezing|Pain Split|p1a: Zamazenta
|-sethp|p1a: Zamazenta|55/100 par|[from] move: Pain Split|[silent]
|-sethp|p2a: Weezing|63/100|[from] move: Pain Split
|
|-heal|p1a: Zamazenta|61/100 par|[from] item: Leftovers
|upkeep
|turn|50
|c|☆clodsirebiggestfan|wtf that lives
|c|☆clodsirebiggestfan|hacker
|
|t:|1760367156
|move|p2a: Weezing|Defog|p1a: Zamazenta
|-unboost|p1a: Zamazenta|evasion|1
|-sideend|p2: jemaisjepa|Stealth Rock|[from] move: Defog|[of] p2a: Weezing
|cant|p1a: Zamazenta|par
|
|-heal|p1a: Zamazenta|67/100 par|[from] item: Leftovers
|upkeep
|turn|51
|c|☆clodsirebiggestfan|nice hacks kid
|c|☆jemaisjepa|you didnt know that?
|c|☆clodsirebiggestfan|no
|c|☆jemaisjepa|4x resist
|c|☆jemaisjepa|max def
|
|t:|1760367173
|move|p1a: Zamazenta|Body Press|p2a: Weezing
|-resisted|p2a: Weezing
|-damage|p2a: Weezing|45/100
|move|p2a: Weezing|Sludge Bomb|p1a: Zamazenta
|-damage|p1a: Zamazenta|47/100 par
|
|-heal|p1a: Zamazenta|53/100 par|[from] item: Leftovers
|upkeep
|turn|52
|c|☆clodsirebiggestfan|i think i ran into some speed invested weezings
|c|☆clodsirebiggestfan|cuz i swear it did more
|
|t:|1760367181
|move|p1a: Zamazenta|Body Press|p2a: Weezing
|-resisted|p2a: Weezing
|-damage|p2a: Weezing|27/100
|move|p2a: Weezing|Pain Split|p1a: Zamazenta
|-sethp|p1a: Zamazenta|38/100 par|[from] move: Pain Split|[silent]
|-sethp|p2a: Weezing|45/100|[from] move: Pain Split
|
|-heal|p1a: Zamazenta|45/100 par|[from] item: Leftovers
|upkeep
|turn|53
|c|☆clodsirebiggestfan|maybe im just a stupid idiot
|
|t:|1760367189
|move|p1a: Zamazenta|Body Press|p2a: Weezing
|-resisted|p2a: Weezing
|-damage|p2a: Weezing|25/100
|move|p2a: Weezing|Pain Split|p1a: Zamazenta
|-sethp|p1a: Zamazenta|33/100 par|[from] move: Pain Split|[silent]
|-sethp|p2a: Weezing|38/100|[from] move: Pain Split
|
|-heal|p1a: Zamazenta|39/100 par|[from] item: Leftovers
|upkeep
|turn|54
|
|t:|1760367195
|move|p1a: Zamazenta|Body Press|p2a: Weezing
|-resisted|p2a: Weezing
|-damage|p2a: Weezing|20/100
|move|p2a: Weezing|Pain Split|p1a: Zamazenta
|-sethp|p1a: Zamazenta|28/100 par|[from] move: Pain Split|[silent]
|-sethp|p2a: Weezing|33/100|[from] move: Pain Split
|
|-heal|p1a: Zamazenta|35/100 par|[from] item: Leftovers
|upkeep
|turn|55
|
|t:|1760367202
|cant|p1a: Zamazenta|par
|move|p2a: Weezing|Pain Split|p1a: Zamazenta
|-sethp|p1a: Zamazenta|32/100 par|[from] move: Pain Split|[silent]
|-sethp|p2a: Weezing|36/100|[from] move: Pain Split
|
|-heal|p1a: Zamazenta|38/100 par|[from] item: Leftovers
|upkeep
|turn|56
|
|t:|1760367209
|move|p1a: Zamazenta|Crunch|p2a: Weezing
|-resisted|p2a: Weezing
|-damage|p2a: Weezing|30/100
|-unboost|p2a: Weezing|def|1
|move|p2a: Weezing|Pain Split|p1a: Zamazenta
|-sethp|p1a: Zamazenta|32/100 par|[from] move: Pain Split|[silent]
|-sethp|p2a: Weezing|37/100|[from] move: Pain Split
|
|-heal|p1a: Zamazenta|38/100 par|[from] item: Leftovers
|upkeep
|turn|57
|c|☆clodsirebiggestfan|xD
|
|t:|1760367218
|-end|p2a: Weezing|ability: Neutralizing Gas
|switch|p2a: Alomomola|Alomomola, M, shiny|100/100
|move|p1a: Zamazenta|Body Press|p2a: Alomomola
|-damage|p2a: Alomomola|25/100
|
|-heal|p1a: Zamazenta|44/100 par|[from] item: Leftovers
|upkeep
|turn|58
|c|☆clodsirebiggestfan|get tricked u silly dummyhead
|
|t:|1760367223
|move|p1a: Zamazenta|Body Press|p2a: Alomomola
|-damage|p2a: Alomomola|0 fnt
|faint|p2a: Alomomola
|
|-heal|p1a: Zamazenta|50/100 par|[from] item: Leftovers
|upkeep
|
|t:|1760367225
|switch|p2a: Weezing|Weezing-Galar, F, shiny|37/100
|-ability|p2a: Weezing|Neutralizing Gas
|turn|59
|
|t:|1760367229
|move|p1a: Zamazenta|Body Press|p2a: Weezing
|-resisted|p2a: Weezing
|-damage|p2a: Weezing|19/100
|move|p2a: Weezing|Pain Split|p1a: Zamazenta
|-sethp|p1a: Zamazenta|33/100 par|[from] move: Pain Split|[silent]
|-sethp|p2a: Weezing|39/100|[from] move: Pain Split
|
|-heal|p1a: Zamazenta|40/100 par|[from] item: Leftovers
|upkeep
|turn|60
|
|t:|1760367232
|cant|p1a: Zamazenta|par
|move|p2a: Weezing|Sludge Bomb|p1a: Zamazenta
|-damage|p1a: Zamazenta|19/100 par
|
|-heal|p1a: Zamazenta|25/100 par|[from] item: Leftovers
|upkeep
|turn|61
|
|t:|1760367234
|move|p1a: Zamazenta|Body Press|p2a: Weezing
|-resisted|p2a: Weezing
|-damage|p2a: Weezing|20/100
|move|p2a: Weezing|Sludge Bomb|p1a: Zamazenta
|-damage|p1a: Zamazenta|6/100 par
|
|-heal|p1a: Zamazenta|12/100 par|[from] item: Leftovers
|upkeep
|turn|62
|
|t:|1760367236
|move|p1a: Zamazenta|Body Press|p2a: Weezing
|-resisted|p2a: Weezing
|-crit|p2a: Weezing
|-damage|p2a: Weezing|0 fnt
|faint|p2a: Weezing
|-end|p2a: Weezing|ability: Neutralizing Gas
|
|-heal|p1a: Zamazenta|18/100 par|[from] item: Leftovers
|upkeep
|c|☆jemaisjepa|hahah
|
|t:|1760367242
|switch|p2a: Zamazenta|Zamazenta, shiny|100/100
|-ability|p2a: Zamazenta|Dauntless Shield|boost
|-boost|p2a: Zamazenta|def|1
|turn|63
|c|☆clodsirebiggestfan|that crit was huge on your life
|
|t:|1760367247
|move|p2a: Zamazenta|Close Combat|p1a: Zamazenta
|-damage|p1a: Zamazenta|0 fnt
|-unboost|p2a: Zamazenta|def|1
|-unboost|p2a: Zamazenta|spd|1
|faint|p1a: Zamazenta
|
|upkeep
|
|t:|1760367252
|switch|p1a: Weezing|Weezing-Galar, M|100/100
|turn|64
|
|t:|1760367260
|switch|p2a: Great Tusk|Great Tusk|100/100
|-enditem|p2a: Great Tusk|Booster Energy
|-activate|p2a: Great Tusk|ability: Protosynthesis|[fromitem]
|-start|p2a: Great Tusk|protosynthesisatk
|move|p1a: Weezing|Will-O-Wisp|p2a: Great Tusk
|-status|p2a: Great Tusk|brn
|
|-damage|p2a: Great Tusk|94/100 brn|[from] brn
|upkeep
|turn|65
|
|t:|1760367266
|move|p2a: Great Tusk|Stealth Rock|p1a: Weezing
|-sidestart|p1: clodsirebiggestfan|move: Stealth Rock
|move|p1a: Weezing|Flamethrower|p2a: Great Tusk
|-damage|p2a: Great Tusk|66/100 brn
|
|-damage|p2a: Great Tusk|60/100 brn|[from] brn
|upkeep
|turn|66
|
|t:|1760367268
|move|p2a: Great Tusk|Headlong Rush|p1a: Weezing
|-immune|p1a: Weezing|[from] ability: Levitate
|move|p1a: Weezing|Defog|p2a: Great Tusk
|-unboost|p2a: Great Tusk|evasion|1
|-sideend|p1: clodsirebiggestfan|Stealth Rock|[from] move: Defog|[of] p1a: Weezing
|
|-damage|p2a: Great Tusk|53/100 brn|[from] brn
|upkeep
|turn|67
|c|☆jemaisjepa|ow wtf
|c|☆clodsirebiggestfan|u arent ready
|c|☆jemaisjepa|why you levitate
|
|t:|1760367286
|move|p2a: Great Tusk|Head Smash|p1a: Weezing|[miss]
|-miss|p2a: Great Tusk|p1a: Weezing
|move|p1a: Weezing|Will-O-Wisp|p2a: Great Tusk
|-fail|p2a: Great Tusk|brn
|
|-damage|p2a: Great Tusk|47/100 brn|[from] brn
|upkeep
|turn|68
|c|☆clodsirebiggestfan|because i dont need to negate abilities
|
|t:|1760367307
|move|p2a: Great Tusk|Head Smash|p1a: Weezing|[miss]
|-miss|p2a: Great Tusk|p1a: Weezing
|move|p1a: Weezing|Flamethrower|p2a: Great Tusk
|-damage|p2a: Great Tusk|19/100 brn
|
|-damage|p2a: Great Tusk|13/100 brn|[from] brn
|upkeep
|turn|69
|c|☆clodsirebiggestfan|i only want to use this guy as a fat tank
|c|☆jemaisjepa|also that crit was hige
|
|t:|1760367319
|move|p2a: Great Tusk|Stealth Rock|p1a: Weezing
|-sidestart|p1: clodsirebiggestfan|move: Stealth Rock
|move|p1a: Weezing|Flamethrower|p2a: Great Tusk
|-damage|p2a: Great Tusk|0 fnt
|faint|p2a: Great Tusk
|-end|p2a: Great Tusk|Protosynthesis|[silent]
|
|upkeep
|
|t:|1760367322
|switch|p2a: Zamazenta|Zamazenta, shiny|100/100
|turn|70
|
|t:|1760367324
|move|p2a: Zamazenta|Heavy Slam|p1a: Weezing
|-supereffective|p1a: Weezing
|-damage|p1a: Weezing|21/100
|move|p1a: Weezing|Will-O-Wisp|p2a: Zamazenta
|-status|p2a: Zamazenta|brn
|
|-heal|p1a: Weezing|27/100|[from] item: Leftovers
|-damage|p2a: Zamazenta|94/100 brn|[from] brn
|upkeep
|turn|71
|
|t:|1760367328
|move|p2a: Zamazenta|Heavy Slam|p1a: Weezing
|-supereffective|p1a: Weezing
|-damage|p1a: Weezing|0 fnt
|faint|p1a: Weezing
|
|-damage|p2a: Zamazenta|88/100 brn|[from] brn
|upkeep
|c|☆clodsirebiggestfan|i knew u were heavy slam
|c|☆clodsirebiggestfan|i just couldnt prove it
|
|t:|1760367338
|switch|p1a: Ogerpon|Ogerpon-Teal-Tera, F, tera:Grass|100/100
|-damage|p1a: Ogerpon|88/100|[from] Stealth Rock
|-ability|p1a: Ogerpon|Embody Aspect (Teal)|boost
|-boost|p1a: Ogerpon|spe|1
|turn|72
|
|t:|1760367342
|move|p1a: Ogerpon|Ivy Cudgel|p2a: Zamazenta
|-crit|p2a: Zamazenta
|-damage|p2a: Zamazenta|0 fnt
|faint|p2a: Zamazenta
|
|upkeep
|
|t:|1760367345
|switch|p2a: Ogerpon|Ogerpon-Wellspring, F|100/100
|turn|73
|
|t:|1760367362
|-terastallize|p2a: Ogerpon|Water
|detailschange|p2a: Ogerpon|Ogerpon-Wellspring-Tera, F, tera:Water
|-ability|p2a: Ogerpon|Embody Aspect (Wellspring)|boost
|-boost|p2a: Ogerpon|spd|1
|move|p1a: Ogerpon|Ivy Cudgel|p2a: Ogerpon
|-supereffective|p2a: Ogerpon
|-damage|p2a: Ogerpon|0 fnt
|faint|p2a: Ogerpon
|detailschange|p2: Ogerpon|Ogerpon-Wellspring, F|[silent]
|
|win|clodsirebiggestfan
|raw|clodsirebiggestfan's rating: 1688 &rarr; <strong>1716</strong><br />(+28 for winning)
|raw|jemaisjepa's rating: 1844 &rarr; <strong>1816</strong><br />(-28 for losing)
|c|☆clodsirebiggestfan|gg
|c|☆jemaisjepa|yeah got haxed gg
|c|☆clodsirebiggestfan|ok
|c|☆clodsirebiggestfan|w ragebait
|l|☆jemaisjepa
|player|p2|
|l|☆clodsirebiggestfan
|player|p1|
