|j|☆cat111ca
|j|☆gazwett
|t:|1760438176
|gametype|singles
|player|p1|cat111ca|allister-unmasked|1164
|player|p2|gazwett|mallow-masters|1219
|gen|9
|tier|[Gen 9] OU
|rated|
|rule|HP Percentage Mod: HP is shown in percentages
|rule|Endless Battle Clause: Forcing endless battles is banned
|rule|Species Clause: Limit one of each Pokémon
|rule|OHKO Clause: OHKO moves are banned
|rule|Evasion Items Clause: Evasion items are banned
|rule|Evasion Moves Clause: Evasion moves are banned
|rule|Evasion Abilities Clause: Evasion abilities are banned
|rule|Sleep Moves Clause: Sleep-inducing moves are banned
|clearpoke
|poke|p1|Weavile, M|
|poke|p1|Iron Valiant|
|poke|p1|Hatterene, F|
|poke|p1|Iron Moth|
|poke|p1|Dragapult, M|
|poke|p1|Thundurus-Therian, M|
|poke|p2|Moltres|
|poke|p2|Iron Hands|
|poke|p2|Iron Treads|
|poke|p2|Hydreigon, F|
|poke|p2|Gastrodon, M|
|poke|p2|Pecharunt|
|teampreview
|
|t:|1760438186
|teamsize|p1|6
|teamsize|p2|6
|start
|switch|p1a: Hatterene|Hatterene, F|100/100
|switch|p2a: Ex Tóxica|Pecharunt|100/100
|turn|1
|
|t:|1760438194
|move|p2a: Ex Tóxica|Malignant Chain|p1a: Hatterene
|-supereffective|p1a: Hatterene
|-damage|p1a: Hatterene|64/100
|move|p1a: Hatterene|Future Sight|p2a: Ex Tóxica
|-start|p1a: Hatterene|move: Future Sight
|
|upkeep
|turn|2
|
|t:|1760438206
|switch|p1a: Iron Moth|Iron Moth|100/100
|move|p2a: Ex Tóxica|Malignant Chain|p1a: Iron Moth
|-resisted|p1a: Iron Moth
|-damage|p1a: Iron Moth|85/100
|
|upkeep
|turn|3
|
|t:|1760438223
|switch|p2a: PóllaAsada|Moltres|100/100
|move|p1a: Iron Moth|Fiery Dance|p2a: PóllaAsada
|-resisted|p2a: PóllaAsada
|-damage|p2a: PóllaAsada|77/100
|
|-end|p2a: PóllaAsada|move: Future Sight
|-damage|p2a: PóllaAsada|12/100
|upkeep
|turn|4
|
|t:|1760438242
|move|p1a: Iron Moth|Fiery Dance|p2a: PóllaAsada
|-resisted|p2a: PóllaAsada
|-damage|p2a: PóllaAsada|0 fnt
|-boost|p1a: Iron Moth|spa|1
|faint|p2a: PóllaAsada
|
|upkeep
|
|t:|1760438247
|switch|p2a: Hail Dragon|Hydreigon, F|100/100
|turn|5
|
|t:|1760438254
|move|p1a: Iron Moth|Fiery Dance|p2a: Hail Dragon
|-resisted|p2a: Hail Dragon
|-damage|p2a: Hail Dragon|65/100
|move|p2a: Hail Dragon|Earth Power|p1a: Iron Moth
|-supereffective|p1a: Iron Moth
|-damage|p1a: Iron Moth|0 fnt
|faint|p1a: Iron Moth
|-end|p1a: Iron Moth|Quark Drive|[silent]
|
|upkeep
|
|t:|1760438261
|switch|p1a: Weavile|Weavile, M|100/100
|-ability|p1a: Weavile|Pressure
|turn|6
|
|t:|1760438272
|switch|p2a: Will Smith|Iron Hands|100/100
|move|p1a: Weavile|Low Kick|p2a: Will Smith
|-damage|p2a: Will Smith|71/100
|-damage|p1a: Weavile|91/100|[from] item: Life Orb
|
|upkeep
|turn|7
|
|t:|1760438283
|switch|p1a: Dragapult|Dragapult, M|100/100
|move|p2a: Will Smith|Swords Dance|p2a: Will Smith
|-boost|p2a: Will Smith|atk|2
|
|upkeep
|turn|8
|
|t:|1760438289
|move|p1a: Dragapult|Will-O-Wisp|p2a: Will Smith
|-status|p2a: Will Smith|brn
|move|p2a: Will Smith|Ice Punch|p1a: Dragapult
|-supereffective|p1a: Dragapult
|-damage|p1a: Dragapult|4/100
|
|-damage|p2a: Will Smith|65/100 brn|[from] brn
|upkeep
|turn|9
|
|t:|1760438309
|move|p1a: Dragapult|Hex|p2a: Will Smith
|-damage|p2a: Will Smith|13/100 brn
|move|p2a: Will Smith|Drain Punch|p1a: Dragapult
|-immune|p1a: Dragapult
|
|-damage|p2a: Will Smith|7/100 brn|[from] brn
|upkeep
|turn|10
|
|t:|1760438320
|move|p1a: Dragapult|U-turn|p2a: Will Smith
|-resisted|p2a: Will Smith
|-damage|p2a: Will Smith|0 fnt
|faint|p2a: Will Smith
|-end|p2a: Will Smith|Quark Drive|[silent]
|
|t:|1760438329
|switch|p1a: Hatterene|Hatterene, F|64/100|[from] U-turn
|
|upkeep
|
|t:|1760438338
|switch|p2a: 3 14reli|Iron Treads|100/100
|-enditem|p2a: 3 14reli|Booster Energy
|-activate|p2a: 3 14reli|ability: Quark Drive|[fromitem]
|-start|p2a: 3 14reli|quarkdrivespe
|turn|11
|inactive|Battle timer is ON: inactive players will automatically lose when time's up. (requested by gazwett)
|
|t:|1760438361
|move|p2a: 3 14reli|Iron Head|p1a: Hatterene
|-supereffective|p1a: Hatterene
|-damage|p1a: Hatterene|0 fnt
|faint|p1a: Hatterene
|
|upkeep
|
|t:|1760438367
|switch|p1a: Iron Valiant|Iron Valiant|100/100
|-enditem|p1a: Iron Valiant|Booster Energy
|-activate|p1a: Iron Valiant|ability: Quark Drive|[fromitem]
|-start|p1a: Iron Valiant|quarkdrivespe
|turn|12
|inactive|gazwett has 120 seconds left.
|
|t:|1760438400
|move|p1a: Iron Valiant|Close Combat|p2a: 3 14reli
|-supereffective|p2a: 3 14reli
|-damage|p2a: 3 14reli|5/100
|-unboost|p1a: Iron Valiant|def|1
|-unboost|p1a: Iron Valiant|spd|1
|move|p2a: 3 14reli|Iron Head|p1a: Iron Valiant
|-supereffective|p1a: Iron Valiant
|-damage|p1a: Iron Valiant|0 fnt
|faint|p1a: Iron Valiant
|-end|p1a: Iron Valiant|Quark Drive|[silent]
|
|upkeep
|
|t:|1760438409
|switch|p1a: Weavile|Weavile, M|91/100
|-ability|p1a: Weavile|Pressure
|turn|13
|inactive|gazwett has 120 seconds left.
|
|t:|1760438426
|-end|p2a: 3 14reli|Quark Drive|[silent]
|switch|p2a: Hail Dragon|Hydreigon, F|65/100
|move|p1a: Weavile|Ice Shard|p2a: Hail Dragon
|-supereffective|p2a: Hail Dragon
|-damage|p2a: Hail Dragon|10/100
|-damage|p1a: Weavile|81/100|[from] item: Life Orb
|
|upkeep
|turn|14
|
|t:|1760438435
|move|p2a: Hail Dragon|Earth Power|p1a: Weavile
|-damage|p1a: Weavile|37/100
|move|p1a: Weavile|Low Kick|p2a: Hail Dragon
|-supereffective|p2a: Hail Dragon
|-damage|p2a: Hail Dragon|0 fnt
|faint|p2a: Hail Dragon
|-damage|p1a: Weavile|27/100|[from] item: Life Orb
|
|upkeep
|inactive|gazwett has 120 seconds left.
|
|t:|1760438448
|switch|p2a: Babo S.A|Gastrodon, M|100/100
|turn|15
|
|t:|1760438453
|move|p1a: Weavile|Knock Off|p2a: Babo S.A
|-damage|p2a: Babo S.A|31/100
|-enditem|p2a: Babo S.A|Leftovers|[from] move: Knock Off|[of] p1a: Weavile
|-damage|p1a: Weavile|17/100|[from] item: Life Orb
|move|p2a: Babo S.A|Stealth Rock|p1a: Weavile
|-sidestart|p1: cat111ca|move: Stealth Rock
|
|upkeep
|turn|16
|-message|gazwett forfeited.
|
|win|cat111ca
|raw|cat111ca's rating: 1164 &rarr; <strong>1193</strong><br />(+29 for winning)
|raw|gazwett's rating: 1219 &rarr; <strong>1190</strong><br />(-29 for losing)
|l|☆gazwett
|player|p2|
