|j|☆AlphaWolfXYZ
|j|☆raxiahsta
|t:|1760372088
|gametype|singles
|player|p1|AlphaWolfXYZ|hilbert|1076
|player|p2|raxiahsta|rocketgruntf|1083
|gen|9
|tier|[Gen 9] OU
|rated|
|rule|HP Percentage Mod: HP is shown in percentages
|rule|Endless Battle Clause: Forcing endless battles is banned
|rule|Species Clause: Limit one of each Pokémon
|rule|OHKO Clause: OHKO moves are banned
|rule|Evasion Items Clause: Evasion items are banned
|rule|Evasion Moves Clause: Evasion moves are banned
|rule|Evasion Abilities Clause: Evasion abilities are banned
|rule|Sleep Moves Clause: Sleep-inducing moves are banned
|clearpoke
|poke|p1|Maushold-Four|
|poke|p1|Porygon2|
|poke|p1|Ting-Lu|
|poke|p1|Glimmora, M|
|poke|p1|Iron Treads|
|poke|p1|Pecharunt|
|poke|p2|Meganium, F|
|poke|p2|Tyranitar, M|
|poke|p2|Vaporeon, M|
|poke|p2|Hitmonchan, M|
|poke|p2|Salamence, F|
|poke|p2|Donphan, F|
|teampreview
|inactive|Battle timer is ON: inactive players will automatically lose when time's up. (requested by AlphaWolfXYZ)
|
|t:|1760372096
|teamsize|p1|6
|teamsize|p2|6
|start
|switch|p1a: Geeta|Glimmora, M|100/100
|switch|p2a: Donphan|Donphan, F|100/100
|turn|1
|
|t:|1760372105
|move|p1a: Geeta|Spiky Shield|p1a: Geeta
|-singleturn|p1a: Geeta|move: Protect
|move|p2a: Donphan|Earthquake|p1a: Geeta
|-activate|p1a: Geeta|move: Protect
|
|upkeep
|turn|2
|
|t:|1760372117
|move|p1a: Geeta|Spiky Shield||[still]
|-fail|p1a: Geeta
|move|p2a: Donphan|Earthquake|p1a: Geeta
|-supereffective|p1a: Geeta
|-enditem|p1a: Geeta|Focus Sash
|-damage|p1a: Geeta|1/100
|-activate|p1a: Geeta|ability: Toxic Debris
|-sidestart|p2: raxiahsta|move: Toxic Spikes
|
|upkeep
|turn|3
|
|t:|1760372125
|move|p1a: Geeta|Stealth Rock|p2a: Donphan
|-sidestart|p2: raxiahsta|move: Stealth Rock
|move|p2a: Donphan|Rapid Spin|p1a: Geeta
|-resisted|p1a: Geeta
|-damage|p1a: Geeta|0 fnt
|-boost|p2a: Donphan|spe|1
|-activate|p1a: Geeta|ability: Toxic Debris
|-sidestart|p2: raxiahsta|move: Toxic Spikes
|-sideend|p2: raxiahsta|Toxic Spikes|[from] move: Rapid Spin|[of] p2a: Donphan
|-sideend|p2: raxiahsta|Stealth Rock|[from] move: Rapid Spin|[of] p2a: Donphan
|faint|p1a: Geeta
|
|upkeep
|
|t:|1760372130
|switch|p1a: Third Wheel|Iron Treads|100/100
|-enditem|p1a: Third Wheel|Booster Energy
|-activate|p1a: Third Wheel|ability: Quark Drive|[fromitem]
|-start|p1a: Third Wheel|quarkdrivespe
|turn|4
|
|t:|1760372144
|move|p1a: Third Wheel|Body Press|p2a: Donphan
|-damage|p2a: Donphan|84/100
|move|p2a: Donphan|Earthquake|p1a: Third Wheel
|-supereffective|p1a: Third Wheel
|-damage|p1a: Third Wheel|7/100
|
|-heal|p2a: Donphan|90/100|[from] item: Leftovers
|upkeep
|turn|5
|c|☆AlphaWolfXYZ|What
|c|☆AlphaWolfXYZ|I need to re-learn my type weaknesses
|inactive|AlphaWolfXYZ has 120 seconds left.
|
|t:|1760372174
|move|p1a: Third Wheel|Heavy Slam|p2a: Donphan
|-damage|p2a: Donphan|67/100
|move|p2a: Donphan|Stealth Rock|p1a: Third Wheel
|-sidestart|p1: AlphaWolfXYZ|move: Stealth Rock
|
|-heal|p2a: Donphan|73/100|[from] item: Leftovers
|upkeep
|turn|6
|
|t:|1760372181
|move|p2a: Donphan|Ice Shard|p1a: Third Wheel
|-damage|p1a: Third Wheel|0 fnt
|faint|p1a: Third Wheel
|-end|p1a: Third Wheel|Quark Drive|[silent]
|
|-heal|p2a: Donphan|80/100|[from] item: Leftovers
|upkeep
|
|t:|1760372187
|switch|p1a: ChatGPT|Porygon2|100/100
|-damage|p1a: ChatGPT|88/100|[from] Stealth Rock
|turn|7
|
|t:|1760372198
|move|p2a: Donphan|Earthquake|p1a: ChatGPT
|-damage|p1a: ChatGPT|51/100
|move|p1a: ChatGPT|Tera Blast|p2a: Donphan
|-damage|p2a: Donphan|12/100
|
|-heal|p2a: Donphan|19/100|[from] item: Leftovers
|upkeep
|turn|8
|
|t:|1760372208
|move|p2a: Donphan|Earthquake|p1a: ChatGPT
|-damage|p1a: ChatGPT|15/100
|move|p1a: ChatGPT|Tera Blast|p2a: Donphan
|-damage|p2a: Donphan|0 fnt
|faint|p2a: Donphan
|
|upkeep
|
|t:|1760372230
|switch|p2a: Meganium|Meganium, F|100/100
|turn|9
|
|t:|1760372244
|switch|p1a: Nom Nom|Pecharunt|100/100
|-damage|p1a: Nom Nom|88/100|[from] Stealth Rock
|move|p2a: Meganium|Reflect|p2a: Meganium
|-sidestart|p2: raxiahsta|Reflect
|
|upkeep
|turn|10
|
|t:|1760372254
|switch|p2a: Salamence|Salamence, F|100/100
|-ability|p2a: Salamence|Intimidate|boost
|-unboost|p1a: Nom Nom|atk|1
|move|p1a: Nom Nom|Malignant Chain|p2a: Salamence
|-damage|p2a: Salamence|49/100
|
|upkeep
|turn|11
|
|t:|1760372269
|move|p2a: Salamence|Draco Meteor|p1a: Nom Nom
|-damage|p1a: Nom Nom|28/100
|-unboost|p2a: Salamence|spa|2
|-damage|p2a: Salamence|39/100|[from] item: Life Orb
|move|p1a: Nom Nom|Malignant Chain|p2a: Salamence
|-damage|p2a: Salamence|0 fnt
|faint|p2a: Salamence
|
|upkeep
|-message|raxiahsta forfeited.
|
|win|AlphaWolfXYZ
|raw|AlphaWolfXYZ's rating: 1076 &rarr; <strong>1105</strong><br />(+29 for winning)
|raw|raxiahsta's rating: 1083 &rarr; <strong>1060</strong><br />(-23 for losing)
|l|☆raxiahsta
|player|p2|
|l|☆AlphaWolfXYZ
|player|p1|
