|j|☆eros maniac
|j|☆clodsirebiggestfan
|t:|1760449286
|gametype|singles
|player|p1|eros maniac|hilbert-wonderlauncher|1804
|player|p2|clodsirebiggestfan|miku-ghost|1725
|gen|9
|tier|[Gen 9] OU
|rated|
|rule|HP Percentage Mod: HP is shown in percentages
|rule|Endless Battle Clause: Forcing endless battles is banned
|rule|Species Clause: Limit one of each Pokémon
|rule|OHKO Clause: OHKO moves are banned
|rule|Evasion Items Clause: Evasion items are banned
|rule|Evasion Moves Clause: Evasion moves are banned
|rule|Evasion Abilities Clause: Evasion abilities are banned
|rule|Sleep Moves Clause: Sleep-inducing moves are banned
|clearpoke
|poke|p1|Frosmoth, F|
|poke|p1|Maushold-Four|
|poke|p1|Krookodile, M|
|poke|p1|Sinistcha|
|poke|p1|Alomomola, F|
|poke|p1|Weezing-Galar, M|
|poke|p2|Kingambit, F|
|poke|p2|Clodsire, M|
|poke|p2|Zamazenta-*|
|poke|p2|Weezing-Galar, M|
|poke|p2|Ogerpon, F|
|poke|p2|Raging Bolt|
|teampreview
|inactive|Battle timer is ON: inactive players will automatically lose when time's up. (requested by eros maniac)
|j| enormouschilli
|
|t:|1760449310
|teamsize|p1|6
|teamsize|p2|6
|start
|switch|p1a: Maushold|Maushold-Four|100/100
|switch|p2a: Ogerpon|Ogerpon, F|100/100
|turn|1
|
|t:|1760449319
|-terastallize|p2a: Ogerpon|Grass
|detailschange|p2a: Ogerpon|Ogerpon-Teal-Tera, F, tera:Grass
|-ability|p2a: Ogerpon|Embody Aspect (Teal)|boost
|-boost|p2a: Ogerpon|spe|1
|move|p2a: Ogerpon|Ivy Cudgel|p1a: Maushold
|-crit|p1a: Maushold
|-damage|p1a: Maushold|0 fnt
|faint|p1a: Maushold
|
|upkeep
|
|t:|1760449324
|switch|p1a: Weezing|Weezing-Galar, M|100/100
|-ability|p1a: Weezing|Neutralizing Gas
|turn|2
|
|t:|1760449329
|switch|p2a: Clodsire|Clodsire, M|100/100
|-end|p1a: Weezing|ability: Neutralizing Gas
|switch|p1a: Krookodile|Krookodile, M|100/100
|-ability|p1a: Krookodile|Intimidate|boost
|-unboost|p2a: Clodsire|atk|1
|
|upkeep
|turn|3
|
|t:|1760449335
|switch|p2a: Weezing|Weezing-Galar, M|100/100
|move|p1a: Krookodile|Knock Off|p2a: Weezing
|-resisted|p2a: Weezing
|-damage|p2a: Weezing|76/100
|-damage|p1a: Krookodile|84/100|[from] item: Rocky Helmet|[of] p2a: Weezing
|-enditem|p2a: Weezing|Rocky Helmet|[from] move: Knock Off|[of] p1a: Krookodile
|
|upkeep
|turn|4
|
|t:|1760449345
|switch|p1a: Alomomola|Alomomola, F, shiny|100/100
|move|p2a: Weezing|Will-O-Wisp|p1a: Alomomola
|-status|p1a: Alomomola|brn
|
|-damage|p1a: Alomomola|94/100 brn|[from] brn
|upkeep
|turn|5
|inactive|clodsirebiggestfan has 120 seconds left.
|
|t:|1760449392
|switch|p1a: Krookodile|Krookodile, M|84/100
|-ability|p1a: Krookodile|Intimidate|boost
|-unboost|p2a: Weezing|atk|1
|move|p2a: Weezing|Flamethrower|p1a: Krookodile
|-damage|p1a: Krookodile|62/100
|
|upkeep
|turn|6
|
|t:|1760449401
|move|p1a: Krookodile|Earthquake|p2a: Weezing
|-immune|p2a: Weezing|[from] ability: Levitate
|move|p2a: Weezing|Will-O-Wisp|p1a: Krookodile
|-status|p1a: Krookodile|brn
|
|-damage|p1a: Krookodile|56/100 brn|[from] brn
|upkeep
|turn|7
|
|t:|1760449404
|switch|p1a: Frosmoth|Frosmoth, F, shiny|100/100
|move|p2a: Weezing|Flamethrower|p1a: Frosmoth
|-supereffective|p1a: Frosmoth
|-crit|p1a: Frosmoth
|-damage|p1a: Frosmoth|58/100
|-status|p1a: Frosmoth|brn
|
|-heal|p1a: Frosmoth|64/100 brn|[from] item: Leftovers
|-damage|p1a: Frosmoth|58/100 brn|[from] brn
|upkeep
|turn|8
|-message|eros maniac forfeited.
|
|win|clodsirebiggestfan
|raw|eros maniac's rating: 1804 &rarr; <strong>1780</strong><br />(-24 for losing)
|raw|clodsirebiggestfan's rating: 1725 &rarr; <strong>1749</strong><br />(+24 for winning)
|l|☆eros maniac
|player|p1|
|l|☆clodsirebiggestfan
|player|p2|
|l| enormouschilli
