|j|☆kasalijie
|j|☆hoverhawk
|t:|1760431724
|gametype|singles
|player|p1|kasalijie|iono|1561
|player|p2|hoverhawk|2|1506
|gen|9
|tier|[Gen 9] OU
|rated|
|rule|HP Percentage Mod: HP is shown in percentages
|rule|Endless Battle Clause: Forcing endless battles is banned
|rule|Species Clause: Limit one of each Pokémon
|rule|OHKO Clause: OHKO moves are banned
|rule|Evasion Items Clause: Evasion items are banned
|rule|Evasion Moves Clause: Evasion moves are banned
|rule|Evasion Abilities Clause: Evasion abilities are banned
|rule|Sleep Moves Clause: Sleep-inducing moves are banned
|clearpoke
|poke|p1|Kingambit, F|
|poke|p1|Enamorus, F|
|poke|p1|Iron Crown|
|poke|p1|Iron Moth|
|poke|p1|Cinderace, F|
|poke|p1|Lokix, F|
|poke|p2|Kingambit, M|
|poke|p2|Primarina, F|
|poke|p2|Enamorus, F|
|poke|p2|Ogerpon, F|
|poke|p2|Great Tusk|
|poke|p2|Slowking-Galar, F|
|teampreview
|inactive|Battle timer is ON: inactive players will automatically lose when time's up. (requested by kasalijie)
|inactive|hoverhawk has 120 seconds left.
|
|t:|1760431767
|teamsize|p1|6
|teamsize|p2|6
|start
|switch|p1a: Cinderace|Cinderace, F|100/100
|switch|p2a: Primarina|Primarina, F|100/100
|turn|1
|
|t:|1760431775
|move|p1a: Cinderace|U-turn|p2a: Primarina
|-start|p1a: Cinderace|typechange|Bug|[from] ability: Libero
|-resisted|p2a: Primarina
|-damage|p2a: Primarina|79/100
|
|t:|1760431784
|switch|p1a: Iron Crown|Iron Crown|100/100|[from] U-turn
|-enditem|p1a: Iron Crown|Booster Energy
|-activate|p1a: Iron Crown|ability: Quark Drive|[fromitem]
|-start|p1a: Iron Crown|quarkdrivespe
|move|p2a: Primarina|Surf|p1a: Iron Crown
|-damage|p1a: Iron Crown|56/100
|
|upkeep
|turn|2
|
|t:|1760431803
|move|p1a: Iron Crown|Calm Mind|p1a: Iron Crown
|-boost|p1a: Iron Crown|spa|1
|-boost|p1a: Iron Crown|spd|1
|move|p2a: Primarina|Surf|p1a: Iron Crown
|-damage|p1a: Iron Crown|27/100
|
|upkeep
|turn|3
|
|t:|1760431818
|move|p1a: Iron Crown|Calm Mind|p1a: Iron Crown
|-boost|p1a: Iron Crown|spa|1
|-boost|p1a: Iron Crown|spd|1
|move|p2a: Primarina|Surf|p1a: Iron Crown
|-damage|p1a: Iron Crown|3/100
|
|upkeep
|turn|4
|
|t:|1760431821
|move|p1a: Iron Crown|Tachyon Cutter|p2a: Primarina
|-damage|p2a: Primarina|55/100
|-damage|p2a: Primarina|28/100
|-hitcount|p2a: Primarina|2
|move|p2a: Primarina|Flip Turn|p1a: Iron Crown
|-damage|p1a: Iron Crown|0 fnt
|faint|p1a: Iron Crown
|-end|p1a: Iron Crown|Quark Drive|[silent]
|
|t:|1760431832
|switch|p2a: Ogerpon|Ogerpon, F|100/100|[from] Flip Turn
|
|upkeep
|
|t:|1760431838
|switch|p1a: Lokix|Lokix, F|100/100
|turn|5
|
|t:|1760431850
|switch|p2a: Primarina|Primarina, F|28/100
|-terastallize|p1a: Lokix|Bug
|move|p1a: Lokix|U-turn|p2a: Primarina
|-resisted|p2a: Primarina
|-damage|p2a: Primarina|0 fnt
|faint|p2a: Primarina
|
|t:|1760431853
|switch|p1a: Cinderace|Cinderace, F|100/100|[from] U-turn
|
|upkeep
|
|t:|1760431856
|switch|p2a: Great Tusk|Great Tusk|100/100
|turn|6
|inactive|kasalijie has 120 seconds left.
|
|t:|1760431894
|move|p1a: Cinderace|U-turn|p2a: Great Tusk
|-start|p1a: Cinderace|typechange|Bug|[from] ability: Libero
|-resisted|p2a: Great Tusk
|-damage|p2a: Great Tusk|88/100
|
|t:|1760431897
|switch|p1a: Enamorus|Enamorus, F|100/100|[from] U-turn
|move|p2a: Great Tusk|Stealth Rock|p1a: Enamorus
|-sidestart|p1: kasalijie|move: Stealth Rock
|
|upkeep
|turn|7
|
|t:|1760431909
|-end|p2a: Great Tusk|Protosynthesis|[silent]
|switch|p2a: Slowking|Slowking-Galar, F|100/100
|move|p1a: Enamorus|Earth Power|p2a: Slowking
|-supereffective|p2a: Slowking
|-damage|p2a: Slowking|55/100
|
|upkeep
|turn|8
|
|t:|1760431916
|switch|p1a: Lokix|Lokix, F, tera:Bug|100/100
|-damage|p1a: Lokix|75/100|[from] Stealth Rock
|move|p2a: Slowking|Thunder Wave|p1a: Lokix
|-status|p1a: Lokix|par
|
|upkeep
|turn|9
|
|t:|1760431935
|switch|p2a: Great Tusk|Great Tusk|88/100
|move|p1a: Lokix|U-turn|p2a: Great Tusk
|-resisted|p2a: Great Tusk
|-damage|p2a: Great Tusk|38/100
|
|t:|1760431942
|switch|p1a: Cinderace|Cinderace, F|100/100|[from] U-turn
|
|upkeep
|turn|10
|
|t:|1760431949
|move|p1a: Cinderace|Pyro Ball|p2a: Great Tusk
|-damage|p2a: Great Tusk|0 fnt
|faint|p2a: Great Tusk
|-end|p2a: Great Tusk|Protosynthesis|[silent]
|
|upkeep
|inactive|hoverhawk has 120 seconds left.
|
|t:|1760431987
|switch|p2a: Ogerpon|Ogerpon, F|100/100
|turn|11
|inactive|hoverhawk has 120 seconds left.
|
|t:|1760432003
|-terastallize|p2a: Ogerpon|Grass
|detailschange|p2a: Ogerpon|Ogerpon-Teal-Tera, F, tera:Grass
|-ability|p2a: Ogerpon|Embody Aspect (Teal)|boost
|-boost|p2a: Ogerpon|spe|1
|move|p2a: Ogerpon|Ivy Cudgel|p1a: Cinderace
|-resisted|p1a: Cinderace
|-crit|p1a: Cinderace
|-damage|p1a: Cinderace|0 fnt
|faint|p1a: Cinderace
|
|upkeep
|inactive|kasalijie has 120 seconds left.
|
|t:|1760432036
|switch|p1a: Lokix|Lokix, F, tera:Bug|75/100 par
|-damage|p1a: Lokix|50/100 par|[from] Stealth Rock
|turn|12
|inactive|hoverhawk has 120 seconds left.
|
|t:|1760432047
|switch|p2a: Enamorus|Enamorus, F|100/100
|cant|p1a: Lokix|par
|
|upkeep
|turn|13
|inactive|hoverhawk has 120 seconds left.
|inactive|kasalijie has 120 seconds left.
|inactive|hoverhawk has 90 seconds left.
|
|t:|1760432089
|switch|p2a: Slowking|Slowking-Galar, F|89/100
|switch|p1a: Enamorus|Enamorus, F|100/100
|-damage|p1a: Enamorus|76/100|[from] Stealth Rock
|
|upkeep
|turn|14
|inactive|kasalijie has 120 seconds left.
|inactive|hoverhawk has 90 seconds left.
|
|t:|1760432111
|move|p1a: Enamorus|Earth Power|p2a: Slowking
|-supereffective|p2a: Slowking
|-damage|p2a: Slowking|49/100
|-prepare|p2a: Slowking|Chilly Reception|[premajor]
|move|p2a: Slowking|Chilly Reception|p2a: Slowking
|-weather|Snowscape
|
|t:|1760432116
|switch|p2a: Ogerpon|Ogerpon-Teal-Tera, F, tera:Grass|100/100|[from] Chilly Reception
|-ability|p2a: Ogerpon|Embody Aspect (Teal)|boost
|-boost|p2a: Ogerpon|spe|1
|
|-weather|Snowscape|[upkeep]
|upkeep
|turn|15
|inactive|kasalijie has 120 seconds left.
|
|t:|1760432133
|move|p2a: Ogerpon|Rock Tomb|p1a: Enamorus
|-supereffective|p1a: Enamorus
|-damage|p1a: Enamorus|0 fnt
|faint|p1a: Enamorus
|
|-weather|Snowscape|[upkeep]
|upkeep
|
|t:|1760432136
|switch|p1a: Lokix|Lokix, F, tera:Bug|50/100 par
|-damage|p1a: Lokix|25/100 par|[from] Stealth Rock
|turn|16
|inactive|hoverhawk has 60 seconds left.
|
|t:|1760432180
|switch|p2a: Enamorus|Enamorus, F|100/100
|move|p1a: Lokix|U-turn|p2a: Enamorus
|-resisted|p2a: Enamorus
|-crit|p2a: Enamorus
|-damage|p2a: Enamorus|13/100
|inactive|kasalijie has 120 seconds left.
|
|t:|1760432210
|switch|p1a: Kingambit|Kingambit, F|100/100|[from] U-turn
|-damage|p1a: Kingambit|94/100|[from] Stealth Rock
|-activate|p1a: Kingambit|ability: Supreme Overlord
|-start|p1a: Kingambit|fallen3|[silent]
|
|-weather|Snowscape|[upkeep]
|upkeep
|turn|17
|inactive|hoverhawk has 60 seconds left.
|
|t:|1760432224
|move|p1a: Kingambit|Sucker Punch||[still]
|-fail|p1a: Kingambit
|move|p2a: Enamorus|Healing Wish|p2a: Enamorus
|faint|p2a: Enamorus
|
|-weather|Snowscape|[upkeep]
|upkeep
|
|t:|1760432235
|switch|p2a: Ogerpon|Ogerpon-Teal-Tera, F, tera:Grass|100/100
|-ability|p2a: Ogerpon|Embody Aspect (Teal)|boost
|-boost|p2a: Ogerpon|spe|1
|turn|18
|
|t:|1760432248
|-end|p1a: Kingambit|fallen3|[silent]
|switch|p1a: Lokix|Lokix, F, tera:Bug|25/100 par
|-damage|p1a: Lokix|0 fnt|[from] Stealth Rock
|faint|p1a: Lokix
|move|p2a: Ogerpon|U-turn|p1: Lokix|[notarget]
|-fail|p2a: Ogerpon
|
|-weather|none
|upkeep
|inactive|kasalijie has 120 seconds left.
|
|t:|1760432263
|switch|p1a: Kingambit|Kingambit, F|94/100
|-damage|p1a: Kingambit|88/100|[from] Stealth Rock
|-activate|p1a: Kingambit|ability: Supreme Overlord
|-start|p1a: Kingambit|fallen4|[silent]
|turn|19
|inactive|hoverhawk has 60 seconds left.
|
|t:|1760432276
|move|p2a: Ogerpon|U-turn|p1a: Kingambit
|-damage|p1a: Kingambit|60/100
|
|t:|1760432287
|switch|p2a: Kingambit|Kingambit, M|100/100|[from] U-turn
|-activate|p2a: Kingambit|ability: Supreme Overlord
|-start|p2a: Kingambit|fallen3|[silent]
|move|p1a: Kingambit|Swords Dance|p1a: Kingambit
|-boost|p1a: Kingambit|atk|2
|
|upkeep
|turn|20
|inactive|kasalijie has 120 seconds left.
|
|t:|1760432308
|move|p1a: Kingambit|Low Kick|p2a: Kingambit
|-supereffective|p2a: Kingambit
|-damage|p2a: Kingambit|0 fnt
|faint|p2a: Kingambit
|-end|p2a: Kingambit|fallen3|[silent]
|
|upkeep
|-message|hoverhawk forfeited.
|
|win|kasalijie
|raw|kasalijie's rating: 1561 &rarr; <strong>1578</strong><br />(+17 for winning)
|raw|hoverhawk's rating: 1506 &rarr; <strong>1489</strong><br />(-17 for losing)
|l|☆hoverhawk
|player|p2|
|l|☆kasalijie
|player|p1|
