|j|☆Kidhub
|j|☆Dr. Elite
|t:|1760326026
|gametype|singles
|player|p1|Kidhub|266|1440
|player|p2|Dr. Elite|#drelite|1503
|gen|9
|tier|[Gen 9] OU
|rated|
|rule|HP Percentage Mod: HP is shown in percentages
|rule|Endless Battle Clause: Forcing endless battles is banned
|rule|Species Clause: Limit one of each Pokémon
|rule|OHKO Clause: OHKO moves are banned
|rule|Evasion Items Clause: Evasion items are banned
|rule|Evasion Moves Clause: Evasion moves are banned
|rule|Evasion Abilities Clause: Evasion abilities are banned
|rule|Sleep Moves Clause: Sleep-inducing moves are banned
|clearpoke
|poke|p1|Garganacl, M|
|poke|p1|Hippowdon, M|
|poke|p1|Hydrapple, M|
|poke|p1|Slowking-Galar, M|
|poke|p1|Samurott-Hisui, M|
|poke|p1|Excadrill, M|
|poke|p2|Espeon, F|
|poke|p2|Farigiraf, F|
|poke|p2|Slowbro-Galar, M|
|poke|p2|Meowstic, M|
|poke|p2|Malamar, M|
|poke|p2|Oricorio-Pa'u, F|
|teampreview
|
|t:|1760326031
|teamsize|p1|6
|teamsize|p2|6
|start
|switch|p1a: Garganacl|Garganacl, M, shiny|100/100
|switch|p2a: Kindness|Meowstic, M|100/100
|turn|1
|inactive|Battle timer is ON: inactive players will automatically lose when time's up. (requested by Kidhub)
|
|t:|1760326038
|switch|p2a: Love|Espeon, F|100/100
|move|p1a: Garganacl|Salt Cure|p2a: Love
|-damage|p2a: Love|87/100
|-start|p2a: Love|Salt Cure
|-enditem|p2a: Love|Kee Berry|[eat]
|-boost|p2a: Love|def|1|[from] item: Kee Berry
|
|-damage|p2a: Love|75/100|[from] Salt Cure
|upkeep
|turn|2
|
|t:|1760326050
|switch|p1a: Samurott|Samurott-Hisui, M, shiny|100/100
|move|p2a: Love|Calm Mind|p2a: Love
|-boost|p2a: Love|spa|1
|-boost|p2a: Love|spd|1
|
|-damage|p2a: Love|62/100|[from] Salt Cure
|upkeep
|turn|3
|
|t:|1760326059
|move|p1a: Samurott|Sucker Punch|p2a: Love
|-supereffective|p2a: Love
|-damage|p2a: Love|12/100
|move|p2a: Love|Draining Kiss|p1a: Samurott
|-supereffective|p1a: Samurott
|-damage|p1a: Samurott|39/100
|-heal|p2a: Love|56/100|[from] drain|[of] p1a: Samurott
|
|-damage|p2a: Love|44/100|[from] Salt Cure
|upkeep
|turn|4
|
|t:|1760326068
|move|p1a: Samurott|Sucker Punch||[still]
|-fail|p1a: Samurott
|move|p2a: Love|Morning Sun|p2a: Love
|-heal|p2a: Love|94/100
|
|-damage|p2a: Love|82/100|[from] Salt Cure
|upkeep
|turn|5
|
|t:|1760326084
|switch|p1a: Slowking|Slowking-Galar, M, shiny|100/100
|move|p2a: Love|Draining Kiss|p1a: Slowking
|-resisted|p1a: Slowking
|-damage|p1a: Slowking|95/100
|-heal|p2a: Love|87/100|[from] drain|[of] p1a: Slowking
|
|-damage|p2a: Love|74/100|[from] Salt Cure
|upkeep
|turn|6
|
|t:|1760326097
|move|p2a: Love|Calm Mind|p2a: Love
|-boost|p2a: Love|spa|1
|-boost|p2a: Love|spd|1
|move|p1a: Slowking|Sludge Bomb|p2a: Love
|-damage|p2a: Love|57/100
|
|-damage|p2a: Love|45/100|[from] Salt Cure
|upkeep
|turn|7
|
|t:|1760326109
|move|p2a: Love|Morning Sun|p2a: Love
|-heal|p2a: Love|95/100
|move|p1a: Slowking|Whirlpool|p2a: Love
|-damage|p2a: Love|90/100
|-activate|p2a: Love|move: Whirlpool|[of] p1a: Slowking
|
|-damage|p2a: Love|78/100|[from] Salt Cure
|-damage|p2a: Love|65/100|[from] move: Whirlpool|[partiallytrapped]
|upkeep
|turn|8
|
|t:|1760326123
|move|p2a: Love|Calm Mind|p2a: Love
|-boost|p2a: Love|spa|1
|-boost|p2a: Love|spd|1
|move|p1a: Slowking|Psychic Noise|p2a: Love
|-resisted|p2a: Love
|-crit|p2a: Love
|-damage|p2a: Love|43/100
|-start|p2a: Love|move: Heal Block
|
|-damage|p2a: Love|31/100|[from] Salt Cure
|-damage|p2a: Love|18/100|[from] move: Whirlpool|[partiallytrapped]
|upkeep
|turn|9
|
|t:|1760326135
|switch|p1a: Samurott|Samurott-Hisui, M, shiny|39/100
|move|p2a: Love|Stored Power|p1a: Samurott
|-immune|p1a: Samurott
|
|-damage|p2a: Love|6/100|[from] Salt Cure
|-end|p2a: Love|Whirlpool|[partiallytrapped]|[silent]
|-end|p2a: Love|move: Heal Block
|upkeep
|turn|10
|
|t:|1760326145
|move|p1a: Samurott|Knock Off|p2a: Love
|-supereffective|p2a: Love
|-damage|p2a: Love|0 fnt
|faint|p2a: Love
|
|upkeep
|
|t:|1760326150
|switch|p2a: Kindness|Meowstic, M|100/100
|turn|11
|
|t:|1760326154
|move|p2a: Kindness|Reflect|p2a: Kindness
|-sidestart|p2: Dr. Elite|Reflect
|move|p1a: Samurott|Ceaseless Edge|p2a: Kindness
|-supereffective|p2a: Kindness
|-damage|p2a: Kindness|61/100
|-sidestart|p2: Dr. Elite|Spikes
|-enditem|p2a: Kindness|Eject Button
|
|t:|1760326160
|switch|p2a: Joy|Farigiraf, F, shiny|100/100
|-damage|p2a: Joy|88/100|[from] Spikes
|
|upkeep
|turn|12
|
|t:|1760326167
|move|p1a: Samurott|Knock Off|p2a: Joy
|-supereffective|p2a: Joy
|-damage|p2a: Joy|46/100
|-enditem|p2a: Joy|Weakness Policy
|-boost|p2a: Joy|atk|2|[from] item: Weakness Policy
|-boost|p2a: Joy|spa|2|[from] item: Weakness Policy
|move|p2a: Joy|Agility|p2a: Joy
|-boost|p2a: Joy|spe|2
|
|upkeep
|turn|13
|
|t:|1760326179
|switch|p1a: Hippowdon|Hippowdon, M, shiny|100/100
|-weather|Sandstorm|[from] ability: Sand Stream|[of] p1a: Hippowdon
|move|p2a: Joy|Nasty Plot|p2a: Joy
|-boost|p2a: Joy|spa|2
|
|-weather|Sandstorm|[upkeep]
|-damage|p2a: Joy|40/100|[from] Sandstorm
|upkeep
|turn|14
|
|t:|1760326189
|move|p2a: Joy|Stored Power|p1a: Hippowdon
|-damage|p1a: Hippowdon|0 fnt
|faint|p1a: Hippowdon
|
|-weather|Sandstorm|[upkeep]
|-damage|p2a: Joy|34/100|[from] Sandstorm
|upkeep
|
|t:|1760326196
|switch|p1a: Excadrill|Excadrill, M, shiny|100/100
|turn|15
|
|t:|1760326202
|move|p1a: Excadrill|Iron Head|p2a: Joy
|-damage|p2a: Joy|11/100
|move|p2a: Joy|Stored Power|p1a: Excadrill
|-resisted|p1a: Excadrill
|-damage|p1a: Excadrill|0 fnt
|faint|p1a: Excadrill
|
|-weather|Sandstorm|[upkeep]
|-damage|p2a: Joy|5/100|[from] Sandstorm
|-sideend|p2: Dr. Elite|Reflect
|upkeep
|
|t:|1760326216
|switch|p1a: Slowking|Slowking-Galar, M, shiny|100/100
|turn|16
|
|t:|1760326223
|switch|p1a: Samurott|Samurott-Hisui, M, shiny|39/100
|move|p2a: Joy|Tera Blast|p1a: Samurott
|-damage|p1a: Samurott|0 fnt
|faint|p1a: Samurott
|
|-weather|Sandstorm|[upkeep]
|-damage|p2a: Joy|0 fnt|[from] Sandstorm
|faint|p2a: Joy
|upkeep
|
|t:|1760326235
|switch|p1a: Hydrapple|Hydrapple, M, shiny|100/100
|switch|p2a: Patience|Slowbro-Galar, M|100/100
|-damage|p2a: Patience|88/100|[from] Spikes
|turn|17
|
|t:|1760326244
|switch|p1a: Garganacl|Garganacl, M, shiny|100/100
|switch|p2a: Faithfulness|Oricorio-Pa'u, F|100/100
|
|-weather|none
|upkeep
|turn|18
|
|t:|1760326251
|move|p2a: Faithfulness|Quiver Dance|p2a: Faithfulness
|-boost|p2a: Faithfulness|spa|1
|-boost|p2a: Faithfulness|spd|1
|-boost|p2a: Faithfulness|spe|1
|move|p1a: Garganacl|Salt Cure|p2a: Faithfulness
|-supereffective|p2a: Faithfulness
|-damage|p2a: Faithfulness|77/100
|
|upkeep
|turn|19
|
|t:|1760326259
|move|p2a: Faithfulness|Quiver Dance|p2a: Faithfulness
|-boost|p2a: Faithfulness|spa|1
|-boost|p2a: Faithfulness|spd|1
|-boost|p2a: Faithfulness|spe|1
|move|p1a: Garganacl|Ice Punch|p2a: Faithfulness
|-supereffective|p2a: Faithfulness
|-damage|p2a: Faithfulness|45/100
|
|upkeep
|turn|20
|
|t:|1760326269
|move|p2a: Faithfulness|Roost|p2a: Faithfulness
|-heal|p2a: Faithfulness|95/100
|-singleturn|p2a: Faithfulness|move: Roost
|move|p1a: Garganacl|Ice Punch|p2a: Faithfulness
|-damage|p2a: Faithfulness|80/100
|
|upkeep
|turn|21
|
|t:|1760326277
|switch|p1a: Slowking|Slowking-Galar, M, shiny|100/100
|move|p2a: Faithfulness|Quiver Dance|p2a: Faithfulness
|-boost|p2a: Faithfulness|spa|1
|-boost|p2a: Faithfulness|spd|1
|-boost|p2a: Faithfulness|spe|1
|
|upkeep
|turn|22
|-message|Kidhub forfeited.
|
|win|Dr. Elite
|raw|Kidhub's rating: 1440 &rarr; <strong>1424</strong><br />(-16 for losing)
|raw|Dr. Elite's rating: 1503 &rarr; <strong>1519</strong><br />(+16 for winning)
|l|☆Kidhub
|player|p1|
|l|☆Dr. Elite
|player|p2|
