|j|☆Potential Man
|j|☆R1kka
|t:|1760458572
|gametype|singles
|player|p1|Potential Man|brock-gen2|1525
|player|p2|R1kka|karen|1470
|gen|9
|tier|[Gen 9] OU
|rated|
|rule|HP Percentage Mod: HP is shown in percentages
|rule|Endless Battle Clause: Forcing endless battles is banned
|rule|Species Clause: Limit one of each Pokémon
|rule|OHKO Clause: OHKO moves are banned
|rule|Evasion Items Clause: Evasion items are banned
|rule|Evasion Moves Clause: Evasion moves are banned
|rule|Evasion Abilities Clause: Evasion abilities are banned
|rule|Sleep Moves Clause: Sleep-inducing moves are banned
|clearpoke
|poke|p1|Toxtricity, F|
|poke|p1|Darkrai|
|poke|p1|Great Tusk|
|poke|p1|Corviknight, M|
|poke|p1|Dragapult, M|
|poke|p1|Clefable, M|
|poke|p2|Moltres|
|poke|p2|Zamazenta-*|
|poke|p2|Darkrai|
|poke|p2|Hydrapple, M|
|poke|p2|Ting-Lu|
|poke|p2|Tinkaton, F|
|teampreview
|
|t:|1760458594
|teamsize|p1|6
|teamsize|p2|6
|start
|switch|p1a: Darkrai|Darkrai|100/100
|switch|p2a: Tinkaton|Tinkaton, F|100/100
|-ability|p2a: Tinkaton|Mold Breaker
|-item|p2a: Tinkaton|Air Balloon
|turn|1
|
|t:|1760458598
|switch|p1a: Great Tusk|Great Tusk|100/100
|move|p2a: Tinkaton|Thunder Wave|p1a: Great Tusk
|-immune|p1a: Great Tusk
|
|upkeep
|turn|2
|
|t:|1760458601
|switch|p2a: Moltres|Moltres|100/100
|move|p1a: Great Tusk|Stealth Rock|p2a: Moltres
|-sidestart|p2: R1kka|move: Stealth Rock
|
|upkeep
|turn|3
|
|t:|1760458606
|-end|p1a: Great Tusk|Protosynthesis|[silent]
|switch|p1a: Bad Amp|Toxtricity, F, shiny|100/100
|move|p2a: Moltres|Flamethrower|p1a: Bad Amp
|-damage|p1a: Bad Amp|46/100
|
|upkeep
|turn|4
|
|t:|1760458608
|move|p1a: Bad Amp|Boomburst|p2a: Moltres
|-damage|p2a: Moltres|10/100
|move|p2a: Moltres|Flamethrower|p1a: Bad Amp
|-crit|p1a: Bad Amp
|-damage|p1a: Bad Amp|0 fnt
|faint|p1a: Bad Amp
|
|upkeep
|
|t:|1760458618
|switch|p1a: Great Tusk|Great Tusk|100/100
|turn|5
|
|t:|1760458623
|move|p1a: Great Tusk|Ice Spinner|p2a: Moltres
|-damage|p2a: Moltres|0 fnt
|-status|p1a: Great Tusk|brn|[from] ability: Flame Body|[of] p2a: Moltres
|faint|p2a: Moltres
|
|-damage|p1a: Great Tusk|94/100 brn|[from] brn
|upkeep
|
|t:|1760458635
|switch|p2a: Tinkaton|Tinkaton, F|100/100
|-damage|p2a: Tinkaton|94/100|[from] Stealth Rock
|-ability|p2a: Tinkaton|Mold Breaker
|-item|p2a: Tinkaton|Air Balloon
|turn|6
|
|t:|1760458641
|move|p2a: Tinkaton|Encore|p1a: Great Tusk
|-start|p1a: Great Tusk|Encore
|move|p1a: Great Tusk|Ice Spinner|p2a: Tinkaton
|-resisted|p2a: Tinkaton
|-damage|p2a: Tinkaton|87/100
|-enditem|p2a: Tinkaton|Air Balloon
|
|-damage|p1a: Great Tusk|88/100 brn|[from] brn
|upkeep
|turn|7
|
|t:|1760458651
|-end|p1a: Great Tusk|Protosynthesis|[silent]
|switch|p1a: Dragapult|Dragapult, M, shiny|100/100
|move|p2a: Tinkaton|Stealth Rock|p1a: Dragapult
|-sidestart|p1: Potential Man|move: Stealth Rock
|
|upkeep
|turn|8
|inactive|Battle timer is ON: inactive players will automatically lose when time's up. (requested by R1kka)
|
|t:|1760458655
|move|p1a: Dragapult|U-turn|p2a: Tinkaton
|-resisted|p2a: Tinkaton
|-damage|p2a: Tinkaton|81/100
|
|t:|1760458656
|switch|p1a: Great Tusk|Great Tusk|88/100 brn|[from] U-turn
|-damage|p1a: Great Tusk|85/100 brn|[from] Stealth Rock
|move|p2a: Tinkaton|Thunder Wave|p1a: Great Tusk
|-immune|p1a: Great Tusk
|
|-damage|p1a: Great Tusk|79/100 brn|[from] brn
|upkeep
|turn|9
|
|t:|1760458665
|move|p2a: Tinkaton|Gigaton Hammer|p1a: Great Tusk
|-damage|p1a: Great Tusk|46/100 brn
|move|p1a: Great Tusk|Rapid Spin|p2a: Tinkaton
|-resisted|p2a: Tinkaton
|-damage|p2a: Tinkaton|76/100
|-boost|p1a: Great Tusk|spe|1
|-sideend|p1: Potential Man|Stealth Rock|[from] move: Rapid Spin|[of] p1a: Great Tusk
|
|-damage|p1a: Great Tusk|40/100 brn|[from] brn
|upkeep
|turn|10
|
|t:|1760458668
|move|p1a: Great Tusk|Headlong Rush|p2a: Tinkaton
|-supereffective|p2a: Tinkaton
|-damage|p2a: Tinkaton|3/100
|-unboost|p1a: Great Tusk|def|1
|-unboost|p1a: Great Tusk|spd|1
|move|p2a: Tinkaton|Encore|p1a: Great Tusk
|-start|p1a: Great Tusk|Encore
|
|-damage|p1a: Great Tusk|34/100 brn|[from] brn
|upkeep
|turn|11
|
|t:|1760458671
|switch|p2a: Hydrapple|Hydrapple, M|100/100
|move|p1a: Great Tusk|Headlong Rush|p2a: Hydrapple
|-resisted|p2a: Hydrapple
|-damage|p2a: Hydrapple|91/100
|-unboost|p1a: Great Tusk|def|1
|-unboost|p1a: Great Tusk|spd|1
|
|-damage|p1a: Great Tusk|28/100 brn|[from] brn
|upkeep
|turn|12
|
|t:|1760458675
|-end|p1a: Great Tusk|Protosynthesis|[silent]
|switch|p1a: Clefable|Clefable, M|100/100
|move|p2a: Hydrapple|Giga Drain|p1a: Clefable
|-damage|p1a: Clefable|69/100
|-heal|p2a: Hydrapple|100/100|[from] drain|[of] p1a: Clefable
|
|upkeep
|turn|13
|
|t:|1760458680
|-terastallize|p2a: Hydrapple|Poison
|move|p1a: Clefable|Calm Mind|p1a: Clefable
|-boost|p1a: Clefable|spa|1
|-boost|p1a: Clefable|spd|1
|move|p2a: Hydrapple|Nasty Plot|p2a: Hydrapple
|-boost|p2a: Hydrapple|spa|2
|
|upkeep
|turn|14
|
|t:|1760458683
|move|p1a: Clefable|Calm Mind|p1a: Clefable
|-boost|p1a: Clefable|spa|1
|-boost|p1a: Clefable|spd|1
|move|p2a: Hydrapple|Nasty Plot|p2a: Hydrapple
|-boost|p2a: Hydrapple|spa|2
|
|upkeep
|turn|15
|
|t:|1760458685
|move|p1a: Clefable|Calm Mind|p1a: Clefable
|-boost|p1a: Clefable|spa|1
|-boost|p1a: Clefable|spd|1
|move|p2a: Hydrapple|Nasty Plot|p2a: Hydrapple
|-boost|p2a: Hydrapple|spa|2
|
|upkeep
|turn|16
|
|t:|1760458689
|move|p1a: Clefable|Calm Mind|p1a: Clefable
|-boost|p1a: Clefable|spa|1
|-boost|p1a: Clefable|spd|1
|move|p2a: Hydrapple|Giga Drain|p1a: Clefable
|-damage|p1a: Clefable|59/100
|
|upkeep
|turn|17
|
|t:|1760458693
|move|p1a: Clefable|Moonlight|p1a: Clefable
|-heal|p1a: Clefable|100/100
|move|p2a: Hydrapple|Giga Drain|p1a: Clefable
|-damage|p1a: Clefable|90/100
|
|upkeep
|turn|18
|
|t:|1760458698
|switch|p2a: Darkrai|Darkrai, shiny|100/100
|move|p1a: Clefable|Calm Mind|p1a: Clefable
|-boost|p1a: Clefable|spa|1
|-boost|p1a: Clefable|spd|1
|
|upkeep
|turn|19
|
|t:|1760458700
|move|p2a: Darkrai|Knock Off|p1a: Clefable
|-resisted|p1a: Clefable
|-damage|p1a: Clefable|80/100
|-enditem|p1a: Clefable|Heavy-Duty Boots|[from] move: Knock Off|[of] p2a: Darkrai
|move|p1a: Clefable|Moonblast|p2a: Darkrai
|-supereffective|p2a: Darkrai
|-damage|p2a: Darkrai|0 fnt
|faint|p2a: Darkrai
|
|upkeep
|
|t:|1760458705
|switch|p2a: Ting-Lu|Ting-Lu|100/100
|-damage|p2a: Ting-Lu|94/100|[from] Stealth Rock
|-ability|p2a: Ting-Lu|Vessel of Ruin
|turn|20
|
|t:|1760458707
|move|p1a: Clefable|Moonblast|p2a: Ting-Lu
|-supereffective|p2a: Ting-Lu
|-damage|p2a: Ting-Lu|10/100
|move|p2a: Ting-Lu|Whirlwind|p1a: Clefable
|drag|p1a: Dragapult|Dragapult, M, shiny|100/100
|
|-heal|p2a: Ting-Lu|16/100|[from] item: Leftovers
|upkeep
|turn|21
|
|t:|1760458713
|switch|p2a: Tinkaton|Tinkaton, F|3/100
|-damage|p2a: Tinkaton|0 fnt|[from] Stealth Rock
|faint|p2a: Tinkaton
|move|p1a: Dragapult|U-turn|p2: Tinkaton|[notarget]
|-fail|p1a: Dragapult
|
|upkeep
|
|t:|1760458718
|switch|p2a: Zamazenta|Zamazenta|100/100
|-ability|p2a: Zamazenta|Dauntless Shield|boost
|-boost|p2a: Zamazenta|def|1
|turn|22
|
|t:|1760458720
|move|p1a: Dragapult|Will-O-Wisp|p2a: Zamazenta
|-status|p2a: Zamazenta|brn
|move|p2a: Zamazenta|Crunch|p1a: Dragapult
|-supereffective|p1a: Dragapult
|-damage|p1a: Dragapult|65/100
|
|-damage|p2a: Zamazenta|94/100 brn|[from] brn
|upkeep
|turn|23
|
|t:|1760458722
|move|p1a: Dragapult|Hex|p2a: Zamazenta
|-damage|p2a: Zamazenta|45/100 brn
|move|p2a: Zamazenta|Ice Fang|p1a: Dragapult
|-supereffective|p1a: Dragapult
|-damage|p1a: Dragapult|38/100
|
|-damage|p2a: Zamazenta|39/100 brn|[from] brn
|upkeep
|turn|24
|-message|R1kka forfeited.
|
|win|Potential Man
|raw|Potential Man's rating: 1525 &rarr; <strong>1542</strong><br />(+17 for winning)
|raw|R1kka's rating: 1470 &rarr; <strong>1453</strong><br />(-17 for losing)
|l|☆Potential Man
|player|p1|
|l|☆R1kka
|player|p2|
