|j|☆Chillrends
|j|☆Maltyy
|t:|1760407878
|gametype|singles
|player|p1|Chillrends|wallace|1426
|player|p2|Maltyy|harlequin|1380
|gen|9
|tier|[Gen 9] OU
|rated|
|rule|HP Percentage Mod: HP is shown in percentages
|rule|Endless Battle Clause: Forcing endless battles is banned
|rule|Species Clause: Limit one of each Pokémon
|rule|OHKO Clause: OHKO moves are banned
|rule|Evasion Items Clause: Evasion items are banned
|rule|Evasion Moves Clause: Evasion moves are banned
|rule|Evasion Abilities Clause: Evasion abilities are banned
|rule|Sleep Moves Clause: Sleep-inducing moves are banned
|clearpoke
|poke|p1|Landorus-Therian, M|
|poke|p1|Samurott-Hisui, F|
|poke|p1|Pecharunt|
|poke|p1|Scizor, M|
|poke|p1|Latios, M|
|poke|p1|Zamazenta-*|
|poke|p2|Lokix, M|
|poke|p2|Cinderace, M|
|poke|p2|Great Tusk|
|poke|p2|Alomomola, F|
|poke|p2|Enamorus, F|
|poke|p2|Slowking-Galar, M|
|teampreview
|inactive|Battle timer is ON: inactive players will automatically lose when time's up. (requested by Chillrends)
|
|t:|1760407890
|teamsize|p1|6
|teamsize|p2|6
|start
|switch|p1a: Landorus|Landorus-Therian, M|100/100
|switch|p2a: Enamorus|Enamorus, F|100/100
|-ability|p1a: Landorus|Intimidate|boost
|-boost|p2a: Enamorus|atk|1
|turn|1
|
|t:|1760407909
|move|p2a: Enamorus|Moonblast|p1a: Landorus
|-damage|p1a: Landorus|42/100
|move|p1a: Landorus|Stealth Rock|p2a: Enamorus
|-sidestart|p2: Maltyy|move: Stealth Rock
|
|upkeep
|turn|2
|
|t:|1760407923
|switch|p2a: Cinderace|Cinderace, M|100/100
|switch|p1a: Scizor|Scizor, M|100/100
|
|upkeep
|turn|3
|
|t:|1760407935
|switch|p1a: Pecharunt|Pecharunt|100/100
|move|p2a: Cinderace|Court Change|p2a: Cinderace
|-swapsideconditions
|-activate|p2a: Cinderace|move: Court Change
|
|upkeep
|turn|4
|
|t:|1760407941
|move|p2a: Cinderace|U-turn|p1a: Pecharunt
|-resisted|p1a: Pecharunt
|-damage|p1a: Pecharunt|98/100
|
|t:|1760407947
|switch|p2a: Alomomola|Alomomola, F|100/100|[from] U-turn
|move|p1a: Pecharunt|Parting Shot|p2a: Alomomola
|-unboost|p2a: Alomomola|atk|1
|-unboost|p2a: Alomomola|spa|1
|
|t:|1760407949
|switch|p1a: Samurott|Samurott-Hisui, F|100/100|[from] Parting Shot
|-damage|p1a: Samurott|88/100|[from] Stealth Rock
|
|upkeep
|turn|5
|
|t:|1760407955
|move|p1a: Samurott|Ceaseless Edge|p2a: Alomomola
|-damage|p2a: Alomomola|66/100
|-sidestart|p2: Maltyy|Spikes
|move|p2a: Alomomola|Flip Turn|p1a: Samurott
|-resisted|p1a: Samurott
|-damage|p1a: Samurott|82/100
|
|t:|1760407973
|switch|p2a: Lokix|Lokix, M|100/100|[from] Flip Turn
|-damage|p2a: Lokix|88/100|[from] Spikes
|
|upkeep
|turn|6
|
|t:|1760407984
|switch|p1a: Scizor|Scizor, M|100/100
|move|p2a: Lokix|U-turn|p1a: Scizor
|-resisted|p1a: Scizor
|-damage|p1a: Scizor|34/100
|
|t:|1760408006
|switch|p2a: Cinderace|Cinderace, M|100/100|[from] U-turn
|
|upkeep
|turn|7
|
|t:|1760408010
|switch|p1a: Pecharunt|Pecharunt|98/100
|move|p2a: Cinderace|Pyro Ball|p1a: Pecharunt
|-damage|p1a: Pecharunt|71/100
|
|upkeep
|turn|8
|
|t:|1760408028
|move|p2a: Cinderace|U-turn|p1a: Pecharunt
|-resisted|p1a: Pecharunt
|-damage|p1a: Pecharunt|68/100
|
|t:|1760408031
|switch|p2a: Alomomola|Alomomola, F|99/100|[from] U-turn
|-damage|p2a: Alomomola|87/100|[from] Spikes
|move|p1a: Pecharunt|Parting Shot|p2a: Alomomola
|-unboost|p2a: Alomomola|atk|1
|-unboost|p2a: Alomomola|spa|1
|
|t:|1760408039
|switch|p1a: Samurott|Samurott-Hisui, F|82/100|[from] Parting Shot
|-damage|p1a: Samurott|70/100|[from] Stealth Rock
|
|upkeep
|turn|9
|
|t:|1760408044
|move|p1a: Samurott|Ceaseless Edge|p2a: Alomomola|[miss]
|-miss|p1a: Samurott|p2a: Alomomola
|move|p2a: Alomomola|Flip Turn|p1a: Samurott
|-resisted|p1a: Samurott
|-damage|p1a: Samurott|63/100
|
|t:|1760408048
|switch|p2a: Lokix|Lokix, M|88/100|[from] Flip Turn
|-damage|p2a: Lokix|76/100|[from] Spikes
|
|upkeep
|turn|10
|
|t:|1760408052
|switch|p1a: Landorus|Landorus-Therian, M|42/100
|-damage|p1a: Landorus|30/100|[from] Stealth Rock
|-ability|p1a: Landorus|Intimidate|boost
|-unboost|p2a: Lokix|atk|1
|move|p2a: Lokix|First Impression|p1a: Landorus
|-resisted|p1a: Landorus
|-damage|p1a: Landorus|0 fnt
|-damage|p2a: Lokix|59/100|[from] item: Rocky Helmet|[of] p1a: Landorus
|faint|p1a: Landorus
|
|upkeep
|
|t:|1760408055
|switch|p1a: Scizor|Scizor, M|34/100
|turn|11
|
|t:|1760408061
|switch|p2a: Great Tusk|Great Tusk|100/100
|-damage|p2a: Great Tusk|88/100|[from] Spikes
|move|p1a: Scizor|Knock Off|p2a: Great Tusk
|-resisted|p2a: Great Tusk
|-damage|p2a: Great Tusk|77/100
|-enditem|p2a: Great Tusk|Leftovers|[from] move: Knock Off|[of] p1a: Scizor
|
|upkeep
|turn|12
|
|t:|1760408070
|switch|p1a: Pecharunt|Pecharunt|68/100
|move|p2a: Great Tusk|Rapid Spin|p1a: Pecharunt
|-immune|p1a: Pecharunt
|
|upkeep
|turn|13
|
|t:|1760408078
|-end|p2a: Great Tusk|Protosynthesis|[silent]
|switch|p2a: Alomomola|Alomomola, F|100/100
|-damage|p2a: Alomomola|88/100|[from] Spikes
|move|p1a: Pecharunt|Malignant Chain|p2a: Alomomola
|-damage|p2a: Alomomola|72/100
|
|upkeep
|turn|14
|
|t:|1760408082
|move|p1a: Pecharunt|Malignant Chain|p2a: Alomomola
|-damage|p2a: Alomomola|55/100
|move|p2a: Alomomola|Mirror Coat|p1a: Pecharunt
|-damage|p1a: Pecharunt|22/100
|
|upkeep
|turn|15
|
|t:|1760408087
|move|p1a: Pecharunt|Recover|p1a: Pecharunt
|-heal|p1a: Pecharunt|72/100
|move|p2a: Alomomola|Flip Turn|p1a: Pecharunt
|-damage|p1a: Pecharunt|61/100
|inactive|Maltyy has 120 seconds left.
|
|t:|1760408118
|switch|p2a: Cinderace|Cinderace, M|100/100|[from] Flip Turn
|
|upkeep
|turn|16
|
|t:|1760408121
|move|p2a: Cinderace|Pyro Ball|p1a: Pecharunt
|-damage|p1a: Pecharunt|35/100
|move|p1a: Pecharunt|Recover|p1a: Pecharunt
|-heal|p1a: Pecharunt|85/100
|
|upkeep
|turn|17
|
|t:|1760408127
|move|p2a: Cinderace|U-turn|p1a: Pecharunt
|-resisted|p1a: Pecharunt
|-damage|p1a: Pecharunt|82/100
|
|t:|1760408132
|switch|p2a: Alomomola|Alomomola, F|89/100|[from] U-turn
|-damage|p2a: Alomomola|76/100|[from] Spikes
|move|p1a: Pecharunt|Shadow Ball|p2a: Alomomola
|-damage|p2a: Alomomola|64/100
|
|upkeep
|turn|18
|
|t:|1760408138
|move|p1a: Pecharunt|Malignant Chain|p2a: Alomomola
|-damage|p2a: Alomomola|49/100
|-status|p2a: Alomomola|tox
|-start|p2a: Alomomola|confusion|[from] ability: Poison Puppeteer|[of] p1a: Pecharunt
|-activate|p2a: Alomomola|confusion
|move|p2a: Alomomola|Flip Turn|p1a: Pecharunt
|-damage|p1a: Pecharunt|72/100
|
|t:|1760408152
|switch|p2a: Lokix|Lokix, M|59/100|[from] Flip Turn
|-damage|p2a: Lokix|47/100|[from] Spikes
|
|upkeep
|turn|19
|
|t:|1760408154
|switch|p1a: Zamazenta|Zamazenta|100/100
|-damage|p1a: Zamazenta|94/100|[from] Stealth Rock
|-ability|p1a: Zamazenta|Dauntless Shield|boost
|-boost|p1a: Zamazenta|def|1
|move|p2a: Lokix|First Impression|p1a: Zamazenta
|-resisted|p1a: Zamazenta
|-damage|p1a: Zamazenta|64/100
|
|-heal|p1a: Zamazenta|70/100|[from] item: Leftovers
|upkeep
|turn|20
|
|t:|1760408161
|switch|p1a: Samurott|Samurott-Hisui, F|63/100
|-damage|p1a: Samurott|51/100|[from] Stealth Rock
|switch|p2a: Slowking|Slowking-Galar, M|100/100
|-damage|p2a: Slowking|88/100|[from] Spikes
|
|upkeep
|turn|21
|
|t:|1760408177
|switch|p2a: Great Tusk|Great Tusk|77/100
|-damage|p2a: Great Tusk|65/100|[from] Spikes
|move|p1a: Samurott|Razor Shell|p2a: Great Tusk
|-supereffective|p2a: Great Tusk
|-damage|p2a: Great Tusk|4/100
|-unboost|p2a: Great Tusk|def|1
|
|upkeep
|turn|22
|
|t:|1760408183
|move|p1a: Samurott|Aqua Jet|p2a: Great Tusk
|-supereffective|p2a: Great Tusk
|-damage|p2a: Great Tusk|0 fnt
|faint|p2a: Great Tusk
|-end|p2a: Great Tusk|Protosynthesis|[silent]
|
|upkeep
|
|t:|1760408208
|switch|p2a: Enamorus|Enamorus, F|100/100
|turn|23
|
|t:|1760408217
|switch|p1a: Zamazenta|Zamazenta|70/100
|-damage|p1a: Zamazenta|64/100|[from] Stealth Rock
|move|p2a: Enamorus|Earth Power|p1a: Zamazenta
|-damage|p1a: Zamazenta|31/100
|
|-heal|p1a: Zamazenta|37/100|[from] item: Leftovers
|upkeep
|turn|24
|
|t:|1760408225
|switch|p2a: Slowking|Slowking-Galar, M|100/100
|-damage|p2a: Slowking|88/100|[from] Spikes
|switch|p1a: Latios|Latios, M|100/100
|-damage|p1a: Latios|88/100|[from] Stealth Rock
|
|upkeep
|turn|25
|
|t:|1760408235
|move|p1a: Latios|Psychic Noise|p2a: Slowking
|-damage|p2a: Slowking|53/100
|-start|p2a: Slowking|move: Heal Block
|-prepare|p2a: Slowking|Chilly Reception|[premajor]
|move|p2a: Slowking|Chilly Reception|p2a: Slowking
|-weather|Snowscape
|
|t:|1760408241
|switch|p2a: Enamorus|Enamorus, F|100/100|[from] Chilly Reception
|
|-weather|Snowscape|[upkeep]
|upkeep
|turn|26
|
|t:|1760408253
|switch|p1a: Samurott|Samurott-Hisui, F|51/100
|-damage|p1a: Samurott|39/100|[from] Stealth Rock
|move|p2a: Enamorus|Moonblast|p1a: Samurott
|-supereffective|p1a: Samurott
|-damage|p1a: Samurott|0 fnt
|faint|p1a: Samurott
|
|-weather|Snowscape|[upkeep]
|upkeep
|
|t:|1760408255
|switch|p1a: Scizor|Scizor, M|34/100
|turn|27
|
|t:|1760408277
|switch|p2a: Cinderace|Cinderace, M|100/100
|move|p1a: Scizor|Bullet Punch|p2a: Cinderace
|-resisted|p2a: Cinderace
|-damage|p2a: Cinderace|78/100
|
|-weather|Snowscape|[upkeep]
|upkeep
|turn|28
|
|t:|1760408286
|switch|p1a: Pecharunt|Pecharunt|72/100
|move|p2a: Cinderace|Will-O-Wisp|p1a: Pecharunt
|-status|p1a: Pecharunt|brn
|
|-weather|Snowscape|[upkeep]
|-damage|p1a: Pecharunt|66/100 brn|[from] brn
|upkeep
|turn|29
|
|t:|1760408294
|move|p2a: Cinderace|U-turn|p1a: Pecharunt
|-resisted|p1a: Pecharunt
|-damage|p1a: Pecharunt|63/100 brn
|
|t:|1760408303
|switch|p2a: Alomomola|Alomomola, F|82/100 tox|[from] U-turn
|-damage|p2a: Alomomola|70/100 tox|[from] Spikes
|move|p1a: Pecharunt|Parting Shot|p2a: Alomomola
|-unboost|p2a: Alomomola|atk|1
|-unboost|p2a: Alomomola|spa|1
|
|t:|1760408307
|switch|p1a: Latios|Latios, M|88/100|[from] Parting Shot
|-damage|p1a: Latios|76/100|[from] Stealth Rock
|
|-weather|none
|-damage|p2a: Alomomola|63/100 tox|[from] psn
|upkeep
|turn|30
|
|t:|1760408313
|move|p1a: Latios|Calm Mind|p1a: Latios
|-boost|p1a: Latios|spa|1
|-boost|p1a: Latios|spd|1
|move|p2a: Alomomola|Flip Turn|p1a: Latios
|-resisted|p1a: Latios
|-damage|p1a: Latios|69/100
|
|t:|1760408319
|switch|p2a: Lokix|Lokix, M|47/100|[from] Flip Turn
|-damage|p2a: Lokix|35/100|[from] Spikes
|
|upkeep
|turn|31
|
|t:|1760408334
|move|p2a: Lokix|First Impression|p1a: Latios
|-supereffective|p1a: Latios
|-crit|p1a: Latios
|-damage|p1a: Latios|0 fnt
|faint|p1a: Latios
|
|upkeep
|
|t:|1760408337
|switch|p1a: Scizor|Scizor, M|34/100
|turn|32
|
|t:|1760408342
|switch|p2a: Alomomola|Alomomola, F|97/100 tox
|-damage|p2a: Alomomola|84/100 tox|[from] Spikes
|move|p1a: Scizor|Knock Off|p2a: Alomomola
|-damage|p2a: Alomomola|55/100 tox
|-enditem|p2a: Alomomola|Assault Vest|[from] move: Knock Off|[of] p1a: Scizor
|
|-damage|p2a: Alomomola|49/100 tox|[from] psn
|upkeep
|turn|33
|
|t:|1760408355
|switch|p1a: Pecharunt|Pecharunt|63/100 brn
|move|p2a: Alomomola|Flip Turn|p1a: Pecharunt
|-damage|p1a: Pecharunt|52/100 brn
|
|t:|1760408369
|switch|p2a: Lokix|Lokix, M|35/100|[from] Flip Turn
|-damage|p2a: Lokix|22/100|[from] Spikes
|
|-damage|p1a: Pecharunt|46/100 brn|[from] brn
|upkeep
|turn|34
|
|t:|1760408378
|-terastallize|p2a: Lokix|Bug
|move|p2a: Lokix|First Impression|p1a: Pecharunt
|-resisted|p1a: Pecharunt
|-damage|p1a: Pecharunt|18/100 brn
|move|p1a: Pecharunt|Malignant Chain|p2a: Lokix
|-crit|p2a: Lokix
|-damage|p2a: Lokix|0 fnt
|faint|p2a: Lokix
|
|-damage|p1a: Pecharunt|12/100 brn|[from] brn
|upkeep
|
|t:|1760408387
|switch|p2a: Enamorus|Enamorus, F|100/100
|turn|35
|
|t:|1760408396
|move|p2a: Enamorus|Earth Power|p1a: Pecharunt
|-supereffective|p1a: Pecharunt
|-damage|p1a: Pecharunt|0 fnt
|faint|p1a: Pecharunt
|
|upkeep
|
|t:|1760408398
|switch|p1a: Scizor|Scizor, M|34/100
|turn|36
|
|t:|1760408405
|switch|p2a: Cinderace|Cinderace, M|78/100
|move|p1a: Scizor|Knock Off|p2a: Cinderace
|-damage|p2a: Cinderace|32/100
|-enditem|p2a: Cinderace|Heavy-Duty Boots|[from] move: Knock Off|[of] p1a: Scizor
|
|upkeep
|turn|37
|
|t:|1760408417
|move|p1a: Scizor|Bullet Punch|p2a: Cinderace
|-resisted|p2a: Cinderace
|-damage|p2a: Cinderace|11/100
|move|p2a: Cinderace|Pyro Ball|p1a: Scizor|[miss]
|-miss|p2a: Cinderace|p1a: Scizor
|
|upkeep
|turn|38
|c|☆Chillrends|holy
|c|☆Maltyy|guess that’s the wincon here
|c|☆Maltyy|wow
|
|t:|1760408439
|move|p1a: Scizor|Bullet Punch|p2a: Cinderace
|-resisted|p2a: Cinderace
|-damage|p2a: Cinderace|0 fnt
|faint|p2a: Cinderace
|
|upkeep
|inactive|Maltyy has 120 seconds left.
|
|t:|1760408454
|switch|p2a: Slowking|Slowking-Galar, M|86/100
|-damage|p2a: Slowking|74/100|[from] Spikes
|turn|39
|
|t:|1760408460
|move|p1a: Scizor|Swords Dance|p1a: Scizor
|-boost|p1a: Scizor|atk|2
|move|p2a: Slowking|Future Sight|p1a: Scizor
|-start|p2a: Slowking|move: Future Sight
|
|upkeep
|turn|40
|
|t:|1760408466
|switch|p2a: Alomomola|Alomomola, F|83/100 tox
|-damage|p2a: Alomomola|70/100 tox|[from] Spikes
|move|p1a: Scizor|Knock Off|p2a: Alomomola
|-crit|p2a: Alomomola
|-damage|p2a: Alomomola|10/100 tox
|
|-damage|p2a: Alomomola|3/100 tox|[from] psn
|upkeep
|turn|41
|
|t:|1760408473
|switch|p1a: Zamazenta|Zamazenta|37/100
|-damage|p1a: Zamazenta|31/100|[from] Stealth Rock
|move|p2a: Alomomola|Aqua Jet|p1a: Zamazenta
|-damage|p1a: Zamazenta|23/100
|
|-end|p1a: Zamazenta|move: Future Sight
|-supereffective|p1a: Zamazenta
|-damage|p1a: Zamazenta|0 fnt
|faint|p1a: Zamazenta
|-damage|p2a: Alomomola|0 fnt|[from] psn
|faint|p2a: Alomomola
|upkeep
|
|t:|1760408480
|switch|p1a: Scizor|Scizor, M|34/100
|switch|p2a: Slowking|Slowking-Galar, M|100/100
|-damage|p2a: Slowking|88/100|[from] Spikes
|turn|42
|
|t:|1760408482
|move|p1a: Scizor|Knock Off|p2a: Slowking
|-supereffective|p2a: Slowking
|-damage|p2a: Slowking|33/100
|-enditem|p2a: Slowking|Shuca Berry|[from] move: Knock Off|[of] p1a: Scizor
|move|p2a: Slowking|Future Sight|p1a: Scizor
|-start|p2a: Slowking|move: Future Sight
|
|upkeep
|turn|43
|
|t:|1760408487
|move|p1a: Scizor|Knock Off|p2a: Slowking
|-supereffective|p2a: Slowking
|-damage|p2a: Slowking|0 fnt
|faint|p2a: Slowking
|
|upkeep
|
|t:|1760408489
|switch|p2a: Enamorus|Enamorus, F|100/100
|turn|44
|
|t:|1760408492
|move|p1a: Scizor|Bullet Punch|p2a: Enamorus
|-supereffective|p2a: Enamorus
|-damage|p2a: Enamorus|0 fnt
|faint|p2a: Enamorus
|
|win|Chillrends
|raw|Chillrends's rating: 1426 &rarr; <strong>1443</strong><br />(+17 for winning)
|raw|Maltyy's rating: 1380 &rarr; <strong>1363</strong><br />(-17 for losing)
|c|☆Maltyy|gg
|c|☆Chillrends|I am genuinely sorry that happened bro
|c|☆Chillrends|ggs
|l|☆Chillrends
|player|p1|
|c|☆Maltyy|i could’ve hard switched enam on knock maybe
|c|☆Maltyy|but that’s also risky
