|j|☆skibidisksk
|j|☆ktr.na
|t:|1760308551
|gametype|singles
|player|p1|skibidisksk|101|1500
|player|p2|ktr.na|acetrainerf|1389
|gen|9
|tier|[Gen 9] OU
|rated|
|rule|HP Percentage Mod: HP is shown in percentages
|rule|Endless Battle Clause: Forcing endless battles is banned
|rule|Species Clause: Limit one of each Pokémon
|rule|OHKO Clause: OHKO moves are banned
|rule|Evasion Items Clause: Evasion items are banned
|rule|Evasion Moves Clause: Evasion moves are banned
|rule|Evasion Abilities Clause: Evasion abilities are banned
|rule|Sleep Moves Clause: Sleep-inducing moves are banned
|clearpoke
|poke|p1|Raging Bolt|
|poke|p1|Dragonite, F|
|poke|p1|Iron Valiant|
|poke|p1|Iron Moth|
|poke|p1|Landorus-Therian, M|
|poke|p1|Darkrai|
|poke|p2|Iron Valiant|
|poke|p2|Klefki, M|
|poke|p2|Alomomola, F|
|poke|p2|Great Tusk|
|poke|p2|Latios, M|
|poke|p2|Gliscor, F|
|teampreview
|inactive|Battle timer is ON: inactive players will automatically lose when time's up. (requested by skibidisksk)
|
|t:|1760308564
|teamsize|p1|6
|teamsize|p2|6
|start
|switch|p1a: Dragonite|Dragonite, F|100/100
|switch|p2a: Iron Valiant|Iron Valiant|100/100
|turn|1
|
|t:|1760308572
|-terastallize|p1a: Dragonite|Normal
|move|p1a: Dragonite|Extreme Speed|p2a: Iron Valiant
|-damage|p2a: Iron Valiant|42/100
|move|p2a: Iron Valiant|Moonblast|p1a: Dragonite
|-damage|p1a: Dragonite|60/100
|
|upkeep
|turn|2
|
|t:|1760308583
|-end|p2a: Iron Valiant|Quark Drive|[silent]
|switch|p2a: Alomomola|Alomomola, F|100/100
|move|p1a: Dragonite|Extreme Speed|p2a: Alomomola
|-damage|p2a: Alomomola|78/100
|
|upkeep
|turn|3
|
|t:|1760308595
|move|p1a: Dragonite|Dragon Dance|p1a: Dragonite
|-boost|p1a: Dragonite|atk|1
|-boost|p1a: Dragonite|spe|1
|move|p2a: Alomomola|Wish|p2a: Alomomola
|
|upkeep
|turn|4
|
|t:|1760308603
|move|p1a: Dragonite|Extreme Speed|p2a: Alomomola
|-damage|p2a: Alomomola|47/100
|move|p2a: Alomomola|Flip Turn|p1a: Dragonite
|-damage|p1a: Dragonite|41/100
|
|t:|1760308609
|switch|p2a: Iron Valiant|Iron Valiant|42/100|[from] Flip Turn
|
|-heal|p2a: Iron Valiant|100/100|[from] move: Wish|[wisher] Alomomola
|upkeep
|turn|5
|
|t:|1760308617
|-end|p2a: Iron Valiant|Quark Drive|[silent]
|switch|p2a: Klefki|Klefki, M|100/100
|move|p1a: Dragonite|Extreme Speed|p2a: Klefki
|-resisted|p2a: Klefki
|-damage|p2a: Klefki|75/100
|-damage|p1a: Dragonite|24/100|[from] item: Rocky Helmet|[of] p2a: Klefki
|
|upkeep
|turn|6
|
|t:|1760308628
|move|p2a: Klefki|Magnet Rise|p2a: Klefki
|-start|p2a: Klefki|Magnet Rise
|move|p1a: Dragonite|Earthquake|p2a: Klefki
|-immune|p2a: Klefki
|
|upkeep
|turn|7
|
|t:|1760308636
|switch|p1a: Darkrai|Darkrai|100/100
|move|p2a: Klefki|Foul Play|p1a: Darkrai
|-resisted|p1a: Darkrai
|-damage|p1a: Darkrai|91/100
|
|upkeep
|turn|8
|
|t:|1760308644
|move|p2a: Klefki|Spikes|p1a: Darkrai
|-sidestart|p1: skibidisksk|Spikes
|move|p1a: Darkrai|Nasty Plot|p1a: Darkrai
|-boost|p1a: Darkrai|spa|2
|
|upkeep
|turn|9
|
|t:|1760308654
|move|p1a: Darkrai|Nasty Plot|p1a: Darkrai
|-boost|p1a: Darkrai|spa|2
|move|p2a: Klefki|Foul Play|p1a: Darkrai
|-resisted|p1a: Darkrai
|-damage|p1a: Darkrai|82/100
|
|upkeep
|turn|10
|
|t:|1760308662
|move|p1a: Darkrai|Dark Pulse|p2a: Klefki
|-resisted|p2a: Klefki
|-damage|p2a: Klefki|0 fnt
|faint|p2a: Klefki
|-damage|p1a: Darkrai|72/100|[from] item: Life Orb
|
|upkeep
|
|t:|1760308669
|switch|p2a: Iron Valiant|Iron Valiant|100/100
|turn|11
|
|t:|1760308677
|move|p2a: Iron Valiant|Vacuum Wave|p1a: Darkrai
|-supereffective|p1a: Darkrai
|-damage|p1a: Darkrai|0 fnt
|faint|p1a: Darkrai
|
|upkeep
|
|t:|1760308685
|switch|p1a: Iron Valiant|Iron Valiant|100/100
|-damage|p1a: Iron Valiant|88/100|[from] Spikes
|-enditem|p1a: Iron Valiant|Booster Energy
|-activate|p1a: Iron Valiant|ability: Quark Drive|[fromitem]
|-start|p1a: Iron Valiant|quarkdrivespe
|turn|12
|
|t:|1760308693
|-end|p2a: Iron Valiant|Quark Drive|[silent]
|switch|p2a: Gliscor|Gliscor, F|100/100
|move|p1a: Iron Valiant|Calm Mind|p1a: Iron Valiant
|-boost|p1a: Iron Valiant|spa|1
|-boost|p1a: Iron Valiant|spd|1
|
|-status|p2a: Gliscor|tox|[from] item: Toxic Orb
|upkeep
|turn|13
|
|t:|1760308702
|move|p1a: Iron Valiant|Moonblast|p2a: Gliscor
|-damage|p2a: Gliscor|41/100 tox
|move|p2a: Gliscor|Toxic|p1a: Iron Valiant
|-status|p1a: Iron Valiant|tox
|
|-damage|p1a: Iron Valiant|82/100 tox|[from] psn
|-heal|p2a: Gliscor|54/100 tox|[from] ability: Poison Heal
|upkeep
|turn|14
|
|t:|1760308712
|move|p1a: Iron Valiant|Calm Mind|p1a: Iron Valiant
|-boost|p1a: Iron Valiant|spa|1
|-boost|p1a: Iron Valiant|spd|1
|move|p2a: Gliscor|U-turn|p1a: Iron Valiant
|-resisted|p1a: Iron Valiant
|-damage|p1a: Iron Valiant|77/100 tox
|
|t:|1760308718
|switch|p2a: Latios|Latios, M|100/100|[from] U-turn
|
|-damage|p1a: Iron Valiant|65/100 tox|[from] psn
|upkeep
|turn|15
|
|t:|1760308727
|-terastallize|p2a: Latios|Steel
|move|p1a: Iron Valiant|Moonblast|p2a: Latios
|-resisted|p2a: Latios
|-crit|p2a: Latios
|-damage|p2a: Latios|32/100
|move|p2a: Latios|Psychic Noise|p1a: Iron Valiant
|-supereffective|p1a: Iron Valiant
|-damage|p1a: Iron Valiant|0 fnt
|faint|p1a: Iron Valiant
|-end|p1a: Iron Valiant|Quark Drive|[silent]
|
|upkeep
|
|t:|1760308738
|switch|p1a: Iron Moth|Iron Moth|100/100
|-damage|p1a: Iron Moth|88/100|[from] Spikes
|-enditem|p1a: Iron Moth|Booster Energy
|-activate|p1a: Iron Moth|ability: Quark Drive|[fromitem]
|-start|p1a: Iron Moth|quarkdrivespe
|turn|16
|
|t:|1760308747
|move|p1a: Iron Moth|Fiery Dance|p2a: Latios
|-supereffective|p2a: Latios
|-damage|p2a: Latios|0 fnt
|faint|p2a: Latios
|
|upkeep
|
|t:|1760308752
|switch|p2a: Great Tusk|Great Tusk|100/100
|turn|17
|
|t:|1760308760
|-end|p1a: Iron Moth|Quark Drive|[silent]
|switch|p1a: Landorus|Landorus-Therian, M|100/100
|-ability|p1a: Landorus|Intimidate|boost
|-unboost|p2a: Great Tusk|atk|1
|move|p2a: Great Tusk|Headlong Rush|p1a: Landorus
|-immune|p1a: Landorus
|
|upkeep
|turn|18
|
|t:|1760308771
|move|p1a: Landorus|Earthquake|p2a: Great Tusk
|-damage|p2a: Great Tusk|61/100
|move|p2a: Great Tusk|Stealth Rock|p1a: Landorus
|-sidestart|p1: skibidisksk|move: Stealth Rock
|
|upkeep
|turn|19
|
|t:|1760308781
|-end|p2a: Great Tusk|Protosynthesis|[silent]
|switch|p2a: Gliscor|Gliscor, F|54/100 tox
|move|p1a: Landorus|Earthquake|p2a: Gliscor
|-immune|p2a: Gliscor
|
|-heal|p2a: Gliscor|66/100 tox|[from] ability: Poison Heal
|upkeep
|turn|20
|
|t:|1760308789
|move|p1a: Landorus|Stone Edge|p2a: Gliscor
|-damage|p2a: Gliscor|38/100 tox
|move|p2a: Gliscor|Knock Off|p1a: Landorus
|-damage|p1a: Landorus|77/100
|-enditem|p1a: Landorus|Focus Sash|[from] move: Knock Off|[of] p2a: Gliscor
|
|-heal|p2a: Gliscor|50/100 tox|[from] ability: Poison Heal
|upkeep
|turn|21
|
|t:|1760308799
|move|p1a: Landorus|Stone Edge|p2a: Gliscor|[miss]
|-miss|p1a: Landorus|p2a: Gliscor
|move|p2a: Gliscor|Toxic|p1a: Landorus|[miss]
|-miss|p2a: Gliscor|p1a: Landorus
|
|-heal|p2a: Gliscor|63/100 tox|[from] ability: Poison Heal
|upkeep
|turn|22
|
|t:|1760308807
|move|p2a: Gliscor|Protect|p2a: Gliscor
|-singleturn|p2a: Gliscor|Protect
|move|p1a: Landorus|Stone Edge|p2a: Gliscor
|-activate|p2a: Gliscor|move: Protect
|
|-heal|p2a: Gliscor|75/100 tox|[from] ability: Poison Heal
|upkeep
|turn|23
|
|t:|1760308827
|move|p1a: Landorus|Stone Edge|p2a: Gliscor
|-damage|p2a: Gliscor|47/100 tox
|move|p2a: Gliscor|U-turn|p1a: Landorus
|-resisted|p1a: Landorus
|-damage|p1a: Landorus|68/100
|
|t:|1760308834
|switch|p2a: Great Tusk|Great Tusk|61/100|[from] U-turn
|
|upkeep
|turn|24
|
|t:|1760308842
|move|p1a: Landorus|Earthquake|p2a: Great Tusk
|-damage|p2a: Great Tusk|18/100
|move|p2a: Great Tusk|Rapid Spin|p1a: Landorus
|-damage|p1a: Landorus|47/100
|-boost|p2a: Great Tusk|spe|1
|
|upkeep
|turn|25
|
|t:|1760308852
|move|p2a: Great Tusk|Ice Spinner|p1a: Landorus
|-supereffective|p1a: Landorus
|-damage|p1a: Landorus|0 fnt
|faint|p1a: Landorus
|
|upkeep
|
|t:|1760308861
|switch|p1a: Dragonite|Dragonite, F, tera:Normal|24/100
|turn|26
|
|t:|1760308869
|-end|p2a: Great Tusk|Protosynthesis|[silent]
|switch|p2a: Alomomola|Alomomola, F|80/100
|move|p1a: Dragonite|Extreme Speed|p2a: Alomomola
|-damage|p2a: Alomomola|58/100
|
|upkeep
|turn|27
|
|t:|1760308880
|move|p1a: Dragonite|Dragon Dance|p1a: Dragonite
|-boost|p1a: Dragonite|atk|1
|-boost|p1a: Dragonite|spe|1
|move|p2a: Alomomola|Flip Turn|p1a: Dragonite
|-damage|p1a: Dragonite|6/100
|
|t:|1760308889
|switch|p2a: Iron Valiant|Iron Valiant|100/100|[from] Flip Turn
|
|upkeep
|turn|28
|
|t:|1760308899
|move|p1a: Dragonite|Extreme Speed|p2a: Iron Valiant
|-damage|p2a: Iron Valiant|11/100
|move|p2a: Iron Valiant|Vacuum Wave|p1a: Dragonite
|-supereffective|p1a: Dragonite
|-damage|p1a: Dragonite|0 fnt
|faint|p1a: Dragonite
|
|upkeep
|
|t:|1760308907
|switch|p1a: Iron Moth|Iron Moth|88/100
|-damage|p1a: Iron Moth|76/100|[from] Spikes
|-damage|p1a: Iron Moth|51/100|[from] Stealth Rock
|turn|29
|
|t:|1760308915
|-end|p2a: Iron Valiant|Quark Drive|[silent]
|switch|p2a: Gliscor|Gliscor, F|47/100 tox
|move|p1a: Iron Moth|Substitute|p1a: Iron Moth
|-start|p1a: Iron Moth|Substitute
|-damage|p1a: Iron Moth|26/100
|
|-heal|p2a: Gliscor|59/100 tox|[from] ability: Poison Heal
|upkeep
|turn|30
|
|t:|1760308924
|move|p1a: Iron Moth|Fiery Dance|p2a: Gliscor
|-damage|p2a: Gliscor|26/100 tox
|-boost|p1a: Iron Moth|spa|1
|move|p2a: Gliscor|Knock Off|p1a: Iron Moth
|-activate|p1a: Iron Moth|move: Substitute|[damage]
|
|-heal|p2a: Gliscor|39/100 tox|[from] ability: Poison Heal
|upkeep
|turn|31
|
|t:|1760308935
|move|p2a: Gliscor|Protect|p2a: Gliscor
|-singleturn|p2a: Gliscor|Protect
|move|p1a: Iron Moth|Fiery Dance|p2a: Gliscor
|-activate|p2a: Gliscor|move: Protect
|
|-heal|p2a: Gliscor|51/100 tox|[from] ability: Poison Heal
|upkeep
|turn|32
|
|t:|1760308944
|move|p1a: Iron Moth|Fiery Dance|p2a: Gliscor
|-crit|p2a: Gliscor
|-damage|p2a: Gliscor|0 fnt
|-boost|p1a: Iron Moth|spa|1
|faint|p2a: Gliscor
|
|upkeep
|-message|ktr.na forfeited.
|
|win|skibidisksk
|raw|skibidisksk's rating: 1500 &rarr; <strong>1514</strong><br />(+14 for winning)
|raw|ktr.na's rating: 1389 &rarr; <strong>1375</strong><br />(-14 for losing)
