|j|☆one_angry_jew
|j|☆redbloo
|t:|1760410914
|gametype|singles
|player|p1|one_angry_jew|102|1485
|player|p2|redbloo|blue|1463
|gen|9
|tier|[Gen 9] OU
|rated|
|rule|HP Percentage Mod: HP is shown in percentages
|rule|Endless Battle Clause: Forcing endless battles is banned
|rule|Species Clause: Limit one of each Pokémon
|rule|OHKO Clause: OHKO moves are banned
|rule|Evasion Items Clause: Evasion items are banned
|rule|Evasion Moves Clause: Evasion moves are banned
|rule|Evasion Abilities Clause: Evasion abilities are banned
|rule|Sleep Moves Clause: Sleep-inducing moves are banned
|clearpoke
|poke|p1|Vaporeon, M|
|poke|p1|Sylveon, F|
|poke|p1|Espeon, F|
|poke|p1|Jolteon, M|
|poke|p1|Glaceon, F|
|poke|p1|Umbreon, M|
|poke|p2|Garganacl, M|
|poke|p2|Hippowdon, M|
|poke|p2|Hydrapple, M|
|poke|p2|Slowking-Galar, M|
|poke|p2|Samurott-Hisui, M|
|poke|p2|Excadrill, M|
|teampreview
|
|t:|1760410930
|teamsize|p1|6
|teamsize|p2|6
|start
|switch|p1a: Glaceon|Glaceon, F|100/100
|switch|p2a: Hippowdon|Hippowdon, M|100/100
|-weather|Sandstorm|[from] ability: Sand Stream|[of] p2a: Hippowdon
|turn|1
|
|t:|1760410941
|switch|p2a: Slowking|Slowking-Galar, M|100/100
|move|p1a: Glaceon|Freeze-Dry|p2a: Slowking
|-damage|p2a: Slowking|78/100
|
|-weather|Sandstorm|[upkeep]
|-damage|p1a: Glaceon|95/100|[from] Sandstorm
|-damage|p2a: Slowking|72/100|[from] Sandstorm
|upkeep
|turn|2
|
|t:|1760410953
|move|p1a: Glaceon|Shadow Ball|p2a: Slowking
|-supereffective|p2a: Slowking
|-damage|p2a: Slowking|37/100
|-unboost|p2a: Slowking|spd|1
|move|p2a: Slowking|Sludge Bomb|p1a: Glaceon
|-damage|p1a: Glaceon|56/100
|-status|p1a: Glaceon|psn
|
|-weather|Sandstorm|[upkeep]
|-damage|p1a: Glaceon|50/100 psn|[from] Sandstorm
|-damage|p2a: Slowking|31/100|[from] Sandstorm
|-damage|p1a: Glaceon|38/100 psn|[from] psn
|upkeep
|turn|3
|
|t:|1760410964
|switch|p2a: Garganacl|Garganacl, M|100/100
|move|p1a: Glaceon|Freeze-Dry|p2a: Garganacl
|-damage|p2a: Garganacl|80/100
|
|-weather|Sandstorm|[upkeep]
|-damage|p1a: Glaceon|32/100 psn|[from] Sandstorm
|-heal|p2a: Garganacl|86/100|[from] item: Leftovers
|-damage|p1a: Glaceon|20/100 psn|[from] psn
|upkeep
|turn|4
|
|t:|1760410979
|switch|p1a: Espeon|Espeon, F|100/100
|move|p2a: Garganacl|Protect||[still]
|-fail|p2a: Garganacl
|
|-weather|Sandstorm|[upkeep]
|-damage|p1a: Espeon|94/100|[from] Sandstorm
|-heal|p2a: Garganacl|93/100|[from] item: Leftovers
|upkeep
|turn|5
|
|t:|1760410989
|switch|p2a: Slowking|Slowking-Galar, M|64/100
|move|p1a: Espeon|Trick|p2a: Slowking
|-activate|p1a: Espeon|move: Trick|[of] p2a: Slowking
|-item|p2a: Slowking|Choice Scarf|[from] move: Trick
|-item|p1a: Espeon|Assault Vest|[from] move: Trick
|
|-weather|none
|upkeep
|turn|6
|
|t:|1760410999
|move|p1a: Espeon|Shadow Ball|p2a: Slowking
|-supereffective|p2a: Slowking
|-damage|p2a: Slowking|19/100
|move|p2a: Slowking|Sludge Bomb|p1a: Espeon
|-crit|p1a: Espeon
|-damage|p1a: Espeon|52/100
|
|upkeep
|turn|7
|
|t:|1760411010
|switch|p2a: Samurott|Samurott-Hisui, M|100/100
|move|p1a: Espeon|Alluring Voice|p2a: Samurott
|-supereffective|p2a: Samurott
|-damage|p2a: Samurott|6/100
|
|upkeep
|turn|8
|
|t:|1760411020
|switch|p2a: Garganacl|Garganacl, M|93/100
|move|p1a: Espeon|Shadow Ball|p2a: Garganacl
|-damage|p2a: Garganacl|81/100
|
|-heal|p2a: Garganacl|88/100|[from] item: Leftovers
|upkeep
|turn|9
|
|t:|1760411029
|move|p1a: Espeon|Psychic|p2a: Garganacl
|-damage|p2a: Garganacl|48/100
|move|p2a: Garganacl|Salt Cure|p1a: Espeon
|-damage|p1a: Espeon|25/100
|-start|p1a: Espeon|Salt Cure
|
|-heal|p2a: Garganacl|54/100|[from] item: Leftovers
|-damage|p1a: Espeon|13/100|[from] Salt Cure
|upkeep
|turn|10
|
|t:|1760411039
|switch|p1a: Umbreon|Umbreon, M|100/100
|move|p2a: Garganacl|Recover|p2a: Garganacl
|-heal|p2a: Garganacl|100/100
|
|upkeep
|turn|11
|
|t:|1760411045
|switch|p1a: Espeon|Espeon, F|13/100
|move|p2a: Garganacl|Salt Cure|p1a: Espeon
|-damage|p1a: Espeon|0 fnt
|faint|p1a: Espeon
|
|upkeep
|
|t:|1760411051
|switch|p1a: Umbreon|Umbreon, M|100/100
|turn|12
|
|t:|1760411055
|move|p1a: Umbreon|Foul Play|p2a: Garganacl
|-damage|p2a: Garganacl|82/100
|move|p2a: Garganacl|Salt Cure|p1a: Umbreon
|-damage|p1a: Umbreon|93/100
|-start|p1a: Umbreon|Salt Cure
|
|-heal|p1a: Umbreon|99/100|[from] item: Leftovers
|-heal|p2a: Garganacl|88/100|[from] item: Leftovers
|-damage|p1a: Umbreon|87/100|[from] Salt Cure
|upkeep
|turn|13
|
|t:|1760411065
|switch|p1a: Vaporeon|Vaporeon, M|100/100
|move|p2a: Garganacl|Ice Punch|p1a: Vaporeon
|-resisted|p1a: Vaporeon
|-damage|p1a: Vaporeon|90/100
|-status|p1a: Vaporeon|frz
|
|-heal|p2a: Garganacl|94/100|[from] item: Leftovers
|upkeep
|turn|14
|
|t:|1760411073
|-curestatus|p1a: Vaporeon|frz|[from] move: Scald
|move|p1a: Vaporeon|Scald|p2a: Garganacl
|-supereffective|p2a: Garganacl
|-damage|p2a: Garganacl|8/100
|move|p2a: Garganacl|Salt Cure|p1a: Vaporeon
|-damage|p1a: Vaporeon|76/100
|-start|p1a: Vaporeon|Salt Cure
|
|-heal|p2a: Garganacl|14/100|[from] item: Leftovers
|-damage|p1a: Vaporeon|51/100|[from] Salt Cure
|upkeep
|turn|15
|
|t:|1760411083
|switch|p1a: Sylveon|Sylveon, F|100/100
|move|p2a: Garganacl|Protect||[still]
|-fail|p2a: Garganacl
|
|-heal|p2a: Garganacl|20/100|[from] item: Leftovers
|upkeep
|turn|16
|
|t:|1760411091
|switch|p2a: Slowking|Slowking-Galar, M|52/100
|move|p1a: Sylveon|Hyper Voice|p2a: Slowking
|-resisted|p2a: Slowking
|-damage|p2a: Slowking|31/100
|
|upkeep
|turn|17
|
|t:|1760411098
|move|p2a: Slowking|Sludge Bomb|p1a: Sylveon
|-supereffective|p1a: Sylveon
|-damage|p1a: Sylveon|68/100
|-status|p1a: Sylveon|psn
|move|p1a: Sylveon|Shadow Ball|p2a: Slowking
|-supereffective|p2a: Slowking
|-damage|p2a: Slowking|0 fnt
|faint|p2a: Slowking
|
|-damage|p1a: Sylveon|56/100 psn|[from] psn
|upkeep
|
|t:|1760411113
|switch|p2a: Excadrill|Excadrill, M|100/100
|turn|18
|
|t:|1760411122
|switch|p1a: Umbreon|Umbreon, M|87/100
|move|p2a: Excadrill|Iron Head|p1a: Umbreon
|-damage|p1a: Umbreon|58/100
|
|-heal|p1a: Umbreon|64/100|[from] item: Leftovers
|upkeep
|turn|19
|
|t:|1760411129
|switch|p2a: Hippowdon|Hippowdon, M|100/100
|-weather|Sandstorm|[from] ability: Sand Stream|[of] p2a: Hippowdon
|move|p1a: Umbreon|Wish|p1a: Umbreon
|
|-weather|Sandstorm|[upkeep]
|-damage|p1a: Umbreon|58/100|[from] Sandstorm
|-heal|p1a: Umbreon|64/100|[from] item: Leftovers
|upkeep
|turn|20
|
|t:|1760411138
|move|p1a: Umbreon|Toxic|p2a: Hippowdon
|-status|p2a: Hippowdon|tox
|move|p2a: Hippowdon|Stealth Rock|p1a: Umbreon
|-sidestart|p1: one_angry_jew|move: Stealth Rock
|
|-weather|Sandstorm|[upkeep]
|-damage|p1a: Umbreon|58/100|[from] Sandstorm
|-heal|p1a: Umbreon|100/100|[from] move: Wish|[wisher] Umbreon
|-damage|p2a: Hippowdon|94/100 tox|[from] psn
|upkeep
|turn|21
|
|t:|1760411148
|move|p1a: Umbreon|Foul Play|p2a: Hippowdon
|-crit|p2a: Hippowdon
|-damage|p2a: Hippowdon|68/100 tox
|-damage|p1a: Umbreon|84/100|[from] item: Rocky Helmet|[of] p2a: Hippowdon
|move|p2a: Hippowdon|Body Press|p1a: Umbreon
|-supereffective|p1a: Umbreon
|-damage|p1a: Umbreon|52/100
|
|-weather|Sandstorm|[upkeep]
|-damage|p1a: Umbreon|45/100|[from] Sandstorm
|-heal|p1a: Umbreon|52/100|[from] item: Leftovers
|-damage|p2a: Hippowdon|55/100 tox|[from] psn
|upkeep
|turn|22
|
|t:|1760411162
|switch|p2a: Samurott|Samurott-Hisui, M|6/100
|move|p1a: Umbreon|Wish|p1a: Umbreon
|
|-weather|Sandstorm|[upkeep]
|-damage|p2a: Samurott|0 fnt|[from] Sandstorm
|-damage|p1a: Umbreon|45/100|[from] Sandstorm
|faint|p2a: Samurott
|-heal|p1a: Umbreon|52/100|[from] item: Leftovers
|upkeep
|
|t:|1760411170
|switch|p2a: Garganacl|Garganacl, M|20/100
|turn|23
|
|t:|1760411173
|move|p2a: Garganacl|Protect|p2a: Garganacl
|-singleturn|p2a: Garganacl|Protect
|move|p1a: Umbreon|Foul Play|p2a: Garganacl
|-activate|p2a: Garganacl|move: Protect
|
|-weather|none
|-heal|p1a: Umbreon|100/100|[from] move: Wish|[wisher] Umbreon
|-heal|p2a: Garganacl|26/100|[from] item: Leftovers
|upkeep
|turn|24
|
|t:|1760411182
|move|p1a: Umbreon|Foul Play|p2a: Garganacl
|-damage|p2a: Garganacl|6/100
|move|p2a: Garganacl|Recover|p2a: Garganacl
|-heal|p2a: Garganacl|56/100
|
|-heal|p2a: Garganacl|62/100|[from] item: Leftovers
|upkeep
|turn|25
|
|t:|1760411189
|move|p1a: Umbreon|Protect|p1a: Umbreon
|-singleturn|p1a: Umbreon|Protect
|move|p2a: Garganacl|Salt Cure|p1a: Umbreon
|-activate|p1a: Umbreon|move: Protect
|
|-heal|p2a: Garganacl|68/100|[from] item: Leftovers
|upkeep
|turn|26
|
|t:|1760411195
|move|p1a: Umbreon|Foul Play|p2a: Garganacl
|-damage|p2a: Garganacl|47/100
|move|p2a: Garganacl|Salt Cure|p1a: Umbreon
|-damage|p1a: Umbreon|93/100
|-start|p1a: Umbreon|Salt Cure
|
|-heal|p1a: Umbreon|99/100|[from] item: Leftovers
|-heal|p2a: Garganacl|53/100|[from] item: Leftovers
|-damage|p1a: Umbreon|87/100|[from] Salt Cure
|upkeep
|turn|27
|
|t:|1760411204
|move|p1a: Umbreon|Wish|p1a: Umbreon
|move|p2a: Garganacl|Recover|p2a: Garganacl
|-heal|p2a: Garganacl|100/100
|
|-heal|p1a: Umbreon|93/100|[from] item: Leftovers
|-damage|p1a: Umbreon|80/100|[from] Salt Cure
|upkeep
|turn|28
|
|t:|1760411213
|move|p1a: Umbreon|Foul Play|p2a: Garganacl
|-crit|p2a: Garganacl
|-damage|p2a: Garganacl|73/100
|move|p2a: Garganacl|Ice Punch|p1a: Umbreon
|-damage|p1a: Umbreon|71/100
|-status|p1a: Umbreon|frz
|
|-heal|p1a: Umbreon|100/100 frz|[from] move: Wish|[wisher] Umbreon
|-heal|p2a: Garganacl|79/100|[from] item: Leftovers
|-damage|p1a: Umbreon|88/100 frz|[from] Salt Cure
|upkeep
|turn|29
|c|☆one_angry_jew|dude
|c|☆one_angry_jew|what the hell
|c|☆one_angry_jew|3 sludge bomb 3 poison, 2 ice punch 2 freezes
|
|t:|1760411243
|cant|p1a: Umbreon|frz
|move|p2a: Garganacl|Ice Punch|p1a: Umbreon
|-damage|p1a: Umbreon|77/100 frz
|
|-heal|p1a: Umbreon|83/100 frz|[from] item: Leftovers
|-heal|p2a: Garganacl|85/100|[from] item: Leftovers
|-damage|p1a: Umbreon|71/100 frz|[from] Salt Cure
|upkeep
|turn|30
|
|t:|1760411254
|-curestatus|p1a: Umbreon|frz|[msg]
|move|p1a: Umbreon|Wish|p1a: Umbreon
|move|p2a: Garganacl|Ice Punch|p1a: Umbreon
|-damage|p1a: Umbreon|61/100
|
|-heal|p1a: Umbreon|67/100|[from] item: Leftovers
|-heal|p2a: Garganacl|91/100|[from] item: Leftovers
|-damage|p1a: Umbreon|54/100|[from] Salt Cure
|upkeep
|turn|31
|
|t:|1760411263
|move|p1a: Umbreon|Foul Play|p2a: Garganacl
|-damage|p2a: Garganacl|72/100
|move|p2a: Garganacl|Ice Punch|p1a: Umbreon
|-damage|p1a: Umbreon|44/100
|
|-heal|p1a: Umbreon|94/100|[from] move: Wish|[wisher] Umbreon
|-heal|p1a: Umbreon|100/100|[from] item: Leftovers
|-heal|p2a: Garganacl|78/100|[from] item: Leftovers
|-damage|p1a: Umbreon|88/100|[from] Salt Cure
|upkeep
|turn|32
|
|t:|1760411273
|move|p1a: Umbreon|Wish|p1a: Umbreon
|move|p2a: Garganacl|Ice Punch|p1a: Umbreon
|-damage|p1a: Umbreon|78/100
|
|-heal|p1a: Umbreon|84/100|[from] item: Leftovers
|-heal|p2a: Garganacl|84/100|[from] item: Leftovers
|-damage|p1a: Umbreon|72/100|[from] Salt Cure
|upkeep
|turn|33
|
|t:|1760411280
|switch|p1a: Glaceon|Glaceon, F|20/100 psn
|move|p2a: Garganacl|Ice Punch|p1a: Glaceon
|-resisted|p1a: Glaceon
|-damage|p1a: Glaceon|12/100 psn
|
|-heal|p1a: Glaceon|71/100 psn|[from] move: Wish|[wisher] Umbreon
|-heal|p2a: Garganacl|90/100|[from] item: Leftovers
|-damage|p1a: Glaceon|59/100 psn|[from] psn
|upkeep
|turn|34
|
|t:|1760411293
|switch|p1a: Umbreon|Umbreon, M|72/100
|-damage|p1a: Umbreon|59/100|[from] Stealth Rock
|move|p2a: Garganacl|Salt Cure|p1a: Umbreon
|-damage|p1a: Umbreon|51/100
|-start|p1a: Umbreon|Salt Cure
|
|-heal|p1a: Umbreon|57/100|[from] item: Leftovers
|-heal|p2a: Garganacl|97/100|[from] item: Leftovers
|-damage|p1a: Umbreon|44/100|[from] Salt Cure
|upkeep
|turn|35
|
|t:|1760411308
|move|p1a: Umbreon|Wish|p1a: Umbreon
|move|p2a: Garganacl|Ice Punch|p1a: Umbreon
|-damage|p1a: Umbreon|35/100
|
|-heal|p1a: Umbreon|41/100|[from] item: Leftovers
|-heal|p2a: Garganacl|100/100|[from] item: Leftovers
|-damage|p1a: Umbreon|29/100|[from] Salt Cure
|upkeep
|turn|36
|
|t:|1760411316
|move|p1a: Umbreon|Protect|p1a: Umbreon
|-singleturn|p1a: Umbreon|Protect
|move|p2a: Garganacl|Ice Punch|p1a: Umbreon
|-activate|p1a: Umbreon|move: Protect
|
|-heal|p1a: Umbreon|79/100|[from] move: Wish|[wisher] Umbreon
|-heal|p1a: Umbreon|85/100|[from] item: Leftovers
|-damage|p1a: Umbreon|72/100|[from] Salt Cure
|upkeep
|turn|37
|
|t:|1760411331
|move|p1a: Umbreon|Wish|p1a: Umbreon
|move|p2a: Garganacl|Ice Punch|p1a: Umbreon
|-damage|p1a: Umbreon|62/100
|
|-heal|p1a: Umbreon|68/100|[from] item: Leftovers
|-damage|p1a: Umbreon|56/100|[from] Salt Cure
|upkeep
|turn|38
|
|t:|1760411339
|switch|p1a: Vaporeon|Vaporeon, M|51/100
|-damage|p1a: Vaporeon|39/100|[from] Stealth Rock
|move|p2a: Garganacl|Ice Punch|p1a: Vaporeon
|-resisted|p1a: Vaporeon
|-damage|p1a: Vaporeon|29/100
|
|-heal|p1a: Vaporeon|72/100|[from] move: Wish|[wisher] Umbreon
|upkeep
|turn|39
|
|t:|1760411348
|switch|p2a: Hydrapple|Hydrapple, M|100/100
|move|p1a: Vaporeon|Scald|p2a: Hydrapple
|-resisted|p2a: Hydrapple
|-crit|p2a: Hydrapple
|-damage|p2a: Hydrapple|77/100
|
|upkeep
|turn|40
|
|t:|1760411355
|switch|p1a: Glaceon|Glaceon, F|59/100 psn
|move|p2a: Hydrapple|Nasty Plot|p2a: Hydrapple
|-boost|p2a: Hydrapple|spa|2
|
|-damage|p1a: Glaceon|47/100 psn|[from] psn
|upkeep
|turn|41
|
|t:|1760411365
|-terastallize|p2a: Hydrapple|Fairy
|move|p1a: Glaceon|Freeze-Dry|p2a: Hydrapple
|-damage|p2a: Hydrapple|34/100
|move|p2a: Hydrapple|Giga Drain|p1a: Glaceon
|-damage|p1a: Glaceon|0 fnt
|-heal|p2a: Hydrapple|53/100|[from] drain|[of] p1a: Glaceon
|faint|p1a: Glaceon
|
|upkeep
|
|t:|1760411371
|switch|p1a: Sylveon|Sylveon, F|56/100 psn
|-damage|p1a: Sylveon|43/100 psn|[from] Stealth Rock
|turn|42
|
|t:|1760411386
|switch|p2a: Excadrill|Excadrill, M|100/100
|move|p1a: Sylveon|Hyper Voice|p2a: Excadrill
|-resisted|p2a: Excadrill
|-damage|p2a: Excadrill|65/100
|
|-damage|p1a: Sylveon|31/100 psn|[from] psn
|upkeep
|turn|43
|
|t:|1760411394
|move|p2a: Excadrill|Rapid Spin|p1a: Sylveon
|-damage|p1a: Sylveon|0 fnt
|-boost|p2a: Excadrill|spe|1
|faint|p1a: Sylveon
|
|upkeep
|
|t:|1760411397
|switch|p1a: Umbreon|Umbreon, M|56/100
|-damage|p1a: Umbreon|43/100|[from] Stealth Rock
|turn|44
|
|t:|1760411403
|move|p2a: Excadrill|Earthquake|p1a: Umbreon
|-damage|p1a: Umbreon|10/100
|move|p1a: Umbreon|Wish|p1a: Umbreon
|
|-heal|p1a: Umbreon|16/100|[from] item: Leftovers
|upkeep
|turn|45
|
|t:|1760411416
|switch|p2a: Hydrapple|Hydrapple, M, tera:Fairy|86/100
|move|p1a: Umbreon|Protect||[still]
|-fail|p1a: Umbreon
|
|-heal|p1a: Umbreon|66/100|[from] move: Wish|[wisher] Umbreon
|-heal|p1a: Umbreon|73/100|[from] item: Leftovers
|upkeep
|turn|46
|
|t:|1760411425
|move|p1a: Umbreon|Toxic|p2a: Hydrapple
|-status|p2a: Hydrapple|tox
|move|p2a: Hydrapple|Nasty Plot|p2a: Hydrapple
|-boost|p2a: Hydrapple|spa|2
|
|-heal|p1a: Umbreon|79/100|[from] item: Leftovers
|-damage|p2a: Hydrapple|80/100 tox|[from] psn
|upkeep
|turn|47
|
|t:|1760411433
|move|p1a: Umbreon|Protect|p1a: Umbreon
|-singleturn|p1a: Umbreon|Protect
|move|p2a: Hydrapple|Nasty Plot|p2a: Hydrapple
|-boost|p2a: Hydrapple|spa|2
|
|-heal|p1a: Umbreon|85/100|[from] item: Leftovers
|-damage|p2a: Hydrapple|68/100 tox|[from] psn
|upkeep
|turn|48
|
|t:|1760411442
|move|p1a: Umbreon|Wish|p1a: Umbreon
|move|p2a: Hydrapple|Fickle Beam|p1a: Umbreon
|-damage|p1a: Umbreon|0 fnt
|faint|p1a: Umbreon
|
|-damage|p2a: Hydrapple|50/100 tox|[from] psn
|upkeep
|
|t:|1760411449
|switch|p1a: Vaporeon|Vaporeon, M|72/100
|-damage|p1a: Vaporeon|59/100|[from] Stealth Rock
|turn|49
|
|t:|1760411453
|move|p1a: Vaporeon|Scald|p2a: Hydrapple
|-damage|p2a: Hydrapple|0 fnt
|faint|p2a: Hydrapple
|
|-heal|p1a: Vaporeon|100/100|[from] move: Wish|[wisher] Umbreon
|upkeep
|
|t:|1760411464
|switch|p2a: Hippowdon|Hippowdon, M|55/100 tox
|-weather|Sandstorm|[from] ability: Sand Stream|[of] p2a: Hippowdon
|turn|50
|
|t:|1760411475
|-terastallize|p1a: Vaporeon|Ground
|move|p1a: Vaporeon|Scald|p2a: Hippowdon
|-supereffective|p2a: Hippowdon
|-damage|p2a: Hippowdon|0 fnt
|faint|p2a: Hippowdon
|
|-weather|Sandstorm|[upkeep]
|upkeep
|
|t:|1760411481
|switch|p2a: Excadrill|Excadrill, M|65/100
|turn|51
|
|t:|1760411488
|move|p2a: Excadrill|Earthquake|p1a: Vaporeon
|-damage|p1a: Vaporeon|40/100
|move|p1a: Vaporeon|Scald|p2a: Excadrill
|-supereffective|p2a: Excadrill
|-damage|p2a: Excadrill|0 fnt
|faint|p2a: Excadrill
|
|-weather|Sandstorm|[upkeep]
|upkeep
|
|t:|1760411496
|switch|p2a: Garganacl|Garganacl, M|100/100
|turn|52
|
|t:|1760411500
|move|p1a: Vaporeon|Scald|p2a: Garganacl
|-supereffective|p2a: Garganacl
|-damage|p2a: Garganacl|42/100
|move|p2a: Garganacl|Ice Punch|p1a: Vaporeon
|-supereffective|p1a: Vaporeon
|-damage|p1a: Vaporeon|5/100
|
|-weather|Sandstorm|[upkeep]
|-heal|p2a: Garganacl|48/100|[from] item: Leftovers
|upkeep
|turn|53
|
|t:|1760411509
|move|p2a: Garganacl|Protect|p2a: Garganacl
|-singleturn|p2a: Garganacl|Protect
|move|p1a: Vaporeon|Scald|p2a: Garganacl
|-activate|p2a: Garganacl|move: Protect
|
|-weather|Sandstorm|[upkeep]
|-heal|p2a: Garganacl|54/100|[from] item: Leftovers
|upkeep
|turn|54
|
|t:|1760411517
|move|p2a: Garganacl|Protect||[still]
|-fail|p2a: Garganacl
|move|p1a: Vaporeon|Scald|p2a: Garganacl
|-supereffective|p2a: Garganacl
|-damage|p2a: Garganacl|0 fnt
|faint|p2a: Garganacl
|
|win|one_angry_jew
|raw|one_angry_jew's rating: 1485 &rarr; <strong>1504</strong><br />(+19 for winning)
|raw|redbloo's rating: 1463 &rarr; <strong>1444</strong><br />(-19 for losing)
|c|☆one_angry_jew|gg
|l|☆redbloo
|player|p2|
|l|☆one_angry_jew
|player|p1|
