|j|☆SillyScallop
|j|☆Lemmy
|t:|1760384229
|gametype|singles
|player|p1|SillyScallop|maid|1483
|player|p2|Lemmy|cilan|1469
|gen|9
|tier|[Gen 9] OU
|rated|
|rule|HP Percentage Mod: HP is shown in percentages
|rule|Endless Battle Clause: Forcing endless battles is banned
|rule|Species Clause: Limit one of each Pokémon
|rule|OHKO Clause: OHKO moves are banned
|rule|Evasion Items Clause: Evasion items are banned
|rule|Evasion Moves Clause: Evasion moves are banned
|rule|Evasion Abilities Clause: Evasion abilities are banned
|rule|Sleep Moves Clause: Sleep-inducing moves are banned
|clearpoke
|poke|p1|Walking Wake|
|poke|p1|Meowscarada, F|
|poke|p1|Landorus-Therian, M|
|poke|p1|Iron Valiant|
|poke|p1|Slowking-Galar, F|
|poke|p1|Cinderace, F|
|poke|p2|Pecharunt|
|poke|p2|Great Tusk|
|poke|p2|Ogerpon-Wellspring, F|
|poke|p2|Iron Crown|
|poke|p2|Landorus-Therian, M|
|poke|p2|Samurott-Hisui, F|
|teampreview
|
|t:|1760384240
|teamsize|p1|6
|teamsize|p2|6
|start
|switch|p1a: Meowscarada|Meowscarada, F, shiny|100/100
|switch|p2a: Samurott de Hisui|Samurott-Hisui, F|100/100
|turn|1
|
|t:|1760384246
|switch|p2a: Landorus Totem|Landorus-Therian, M|100/100
|-ability|p2a: Landorus Totem|Intimidate|boost
|-unboost|p1a: Meowscarada|atk|1
|move|p1a: Meowscarada|U-turn|p2a: Landorus Totem
|-start|p1a: Meowscarada|typechange|Bug|[from] ability: Protean
|-resisted|p2a: Landorus Totem
|-damage|p2a: Landorus Totem|87/100
|
|t:|1760384252
|switch|p1a: Landorus|Landorus-Therian, M|100/100|[from] U-turn
|-ability|p1a: Landorus|Intimidate|boost
|-unboost|p2a: Landorus Totem|atk|1
|
|upkeep
|turn|2
|inactive|Battle timer is ON: inactive players will automatically lose when time's up. (requested by SillyScallop)
|
|t:|1760384278
|move|p2a: Landorus Totem|U-turn|p1a: Landorus
|-resisted|p1a: Landorus
|-damage|p1a: Landorus|93/100
|-damage|p2a: Landorus Totem|70/100|[from] item: Rocky Helmet|[of] p1a: Landorus
|
|t:|1760384285
|switch|p2a: Ogerpon|Ogerpon-Wellspring, F|100/100|[from] U-turn
|move|p1a: Landorus|U-turn|p2a: Ogerpon
|-supereffective|p2a: Ogerpon
|-damage|p2a: Ogerpon|63/100
|inactive|SillyScallop has 120 seconds left.
|
|t:|1760384324
|switch|p1a: Cinderace|Cinderace, F|100/100|[from] U-turn
|
|upkeep
|turn|3
|
|t:|1760384328
|move|p1a: Cinderace|U-turn|p2a: Ogerpon
|-supereffective|p2a: Ogerpon
|-damage|p2a: Ogerpon|26/100
|
|t:|1760384332
|switch|p1a: Meowscarada|Meowscarada, F, shiny|100/100|[from] U-turn
|move|p2a: Ogerpon|Ivy Cudgel|p1a: Meowscarada|[anim] Ivy Cudgel Water
|-resisted|p1a: Meowscarada
|-damage|p1a: Meowscarada|62/100
|
|upkeep
|turn|4
|
|t:|1760384336
|move|p1a: Meowscarada|Flower Trick|p2a: Ogerpon
|-start|p1a: Meowscarada|typechange|Grass|[from] ability: Protean
|-crit|p2a: Ogerpon
|-damage|p2a: Ogerpon|0 fnt
|faint|p2a: Ogerpon
|
|upkeep
|
|t:|1760384338
|switch|p2a: Ferrotesta|Iron Crown|100/100
|turn|5
|
|t:|1760384343
|switch|p1a: Slowking|Slowking-Galar, F|100/100
|move|p2a: Ferrotesta|Tachyon Cutter|p1a: Slowking
|-damage|p1a: Slowking|78/100
|-damage|p1a: Slowking|55/100
|-hitcount|p1a: Slowking|2
|
|upkeep
|turn|6
|
|t:|1760384366
|move|p2a: Ferrotesta|Tachyon Cutter|p1a: Slowking
|-damage|p1a: Slowking|33/100
|-damage|p1a: Slowking|11/100
|-hitcount|p1a: Slowking|2
|-prepare|p1a: Slowking|Chilly Reception|[premajor]
|move|p1a: Slowking|Chilly Reception|p1a: Slowking
|-weather|Snowscape
|
|t:|1760384372
|switch|p1a: Cinderace|Cinderace, F|100/100|[from] Chilly Reception
|
|-weather|Snowscape|[upkeep]
|upkeep
|turn|7
|
|t:|1760384379
|-end|p2a: Ferrotesta|Quark Drive|[silent]
|switch|p2a: Landorus Totem|Landorus-Therian, M|70/100
|-ability|p2a: Landorus Totem|Intimidate|boost
|-unboost|p1a: Cinderace|atk|1
|move|p1a: Cinderace|Will-O-Wisp|p2a: Landorus Totem|[miss]
|-miss|p1a: Cinderace|p2a: Landorus Totem
|
|-weather|Snowscape|[upkeep]
|upkeep
|turn|8
|
|t:|1760384384
|switch|p1a: Landorus|Landorus-Therian, M|93/100
|-ability|p1a: Landorus|Intimidate|boost
|-unboost|p2a: Landorus Totem|atk|1
|move|p2a: Landorus Totem|U-turn|p1a: Landorus
|-resisted|p1a: Landorus
|-damage|p1a: Landorus|86/100
|-damage|p2a: Landorus Totem|53/100|[from] item: Rocky Helmet|[of] p1a: Landorus
|
|t:|1760384399
|switch|p2a: Ferrotesta|Iron Crown|100/100|[from] U-turn
|
|-weather|Snowscape|[upkeep]
|upkeep
|turn|9
|
|t:|1760384406
|switch|p1a: Slowking|Slowking-Galar, F|44/100
|move|p2a: Ferrotesta|Tachyon Cutter|p1a: Slowking
|-damage|p1a: Slowking|21/100
|-damage|p1a: Slowking|0 fnt
|faint|p1a: Slowking
|-hitcount|p1: Slowking|2
|
|-weather|Snowscape|[upkeep]
|upkeep
|
|t:|1760384412
|switch|p1a: Cinderace|Cinderace, F|100/100
|turn|10
|
|t:|1760384415
|-end|p2a: Ferrotesta|Quark Drive|[silent]
|switch|p2a: Landorus Totem|Landorus-Therian, M|53/100
|-ability|p2a: Landorus Totem|Intimidate|boost
|-unboost|p1a: Cinderace|atk|1
|move|p1a: Cinderace|Pyro Ball|p2a: Landorus Totem|[miss]
|-miss|p1a: Cinderace|p2a: Landorus Totem
|
|-weather|none
|upkeep
|turn|11
|
|t:|1760384419
|move|p2a: Landorus Totem|U-turn|p1a: Cinderace
|-resisted|p1a: Cinderace
|-damage|p1a: Cinderace|82/100
|
|t:|1760384430
|switch|p2a: Colmilargo|Great Tusk|100/100|[from] U-turn
|-enditem|p2a: Colmilargo|Booster Energy
|-activate|p2a: Colmilargo|ability: Protosynthesis|[fromitem]
|-start|p2a: Colmilargo|protosynthesisspe
|move|p1a: Cinderace|Pyro Ball|p2a: Colmilargo|[miss]
|-miss|p1a: Cinderace|p2a: Colmilargo
|
|upkeep
|turn|12
|
|t:|1760384436
|switch|p1a: Landorus|Landorus-Therian, M|86/100
|-ability|p1a: Landorus|Intimidate|boost
|-unboost|p2a: Colmilargo|atk|1
|move|p2a: Colmilargo|Knock Off|p1a: Landorus
|-damage|p1a: Landorus|74/100
|-damage|p2a: Colmilargo|84/100|[from] item: Rocky Helmet|[of] p1a: Landorus
|-enditem|p1a: Landorus|Rocky Helmet|[from] move: Knock Off|[of] p2a: Colmilargo
|
|upkeep
|turn|13
|
|t:|1760384440
|move|p2a: Colmilargo|Stealth Rock|p1a: Landorus
|-sidestart|p1: SillyScallop|move: Stealth Rock
|move|p1a: Landorus|Earth Power|p2a: Colmilargo
|-damage|p2a: Colmilargo|40/100
|
|upkeep
|turn|14
|
|t:|1760384444
|move|p2a: Colmilargo|Knock Off|p1a: Landorus
|-damage|p1a: Landorus|64/100
|move|p1a: Landorus|Earth Power|p2a: Colmilargo
|-damage|p2a: Colmilargo|1/100
|
|upkeep
|turn|15
|
|t:|1760384458
|move|p2a: Colmilargo|Knock Off|p1a: Landorus
|-damage|p1a: Landorus|55/100
|move|p1a: Landorus|U-turn|p2a: Colmilargo
|-resisted|p2a: Colmilargo
|-damage|p2a: Colmilargo|0 fnt
|faint|p2a: Colmilargo
|-end|p2a: Colmilargo|Protosynthesis|[silent]
|
|t:|1760384475
|switch|p1a: Meowscarada|Meowscarada, F, shiny|62/100|[from] U-turn
|-damage|p1a: Meowscarada|50/100|[from] Stealth Rock
|
|upkeep
|
|t:|1760384487
|switch|p2a: Landorus Totem|Landorus-Therian, M|53/100
|-ability|p2a: Landorus Totem|Intimidate|boost
|-unboost|p1a: Meowscarada|atk|1
|turn|16
|
|t:|1760384499
|move|p1a: Meowscarada|Flower Trick|p2a: Landorus Totem
|-start|p1a: Meowscarada|typechange|Grass|[from] ability: Protean
|-crit|p2a: Landorus Totem
|-damage|p2a: Landorus Totem|0 fnt
|faint|p2a: Landorus Totem
|
|upkeep
|
|t:|1760384513
|switch|p2a: Ferrotesta|Iron Crown|100/100
|turn|17
|
|t:|1760384526
|switch|p1a: Landorus|Landorus-Therian, M|55/100
|-damage|p1a: Landorus|43/100|[from] Stealth Rock
|-ability|p1a: Landorus|Intimidate|boost
|-unboost|p2a: Ferrotesta|atk|1
|move|p2a: Ferrotesta|Psyshock|p1a: Landorus
|-damage|p1a: Landorus|4/100
|
|upkeep
|turn|18
|
|t:|1760384536
|switch|p1a: Meowscarada|Meowscarada, F, shiny|50/100
|-damage|p1a: Meowscarada|38/100|[from] Stealth Rock
|move|p2a: Ferrotesta|Psyshock|p1a: Meowscarada
|-immune|p1a: Meowscarada
|
|upkeep
|turn|19
|
|t:|1760384539
|-end|p2a: Ferrotesta|Quark Drive|[silent]
|switch|p2a: Pecharunt|Pecharunt|100/100
|move|p1a: Meowscarada|U-turn|p2a: Pecharunt
|-start|p1a: Meowscarada|typechange|Bug|[from] ability: Protean
|-resisted|p2a: Pecharunt
|-damage|p2a: Pecharunt|97/100
|-damage|p1a: Meowscarada|21/100|[from] item: Rocky Helmet|[of] p2a: Pecharunt
|
|t:|1760384542
|switch|p1a: Walking Wake|Walking Wake|100/100|[from] U-turn
|-damage|p1a: Walking Wake|88/100|[from] Stealth Rock
|
|upkeep
|turn|20
|
|t:|1760384556
|move|p1a: Walking Wake|Flip Turn|p2a: Pecharunt
|-damage|p2a: Pecharunt|89/100
|-damage|p1a: Walking Wake|72/100|[from] item: Rocky Helmet|[of] p2a: Pecharunt
|
|t:|1760384561
|-end|p1a: Walking Wake|Protosynthesis|[silent]
|switch|p1a: Cinderace|Cinderace, F|82/100|[from] Flip Turn
|move|p2a: Pecharunt|Malignant Chain|p1a: Cinderace
|-damage|p1a: Cinderace|44/100
|-status|p1a: Cinderace|tox
|-start|p1a: Cinderace|confusion|[from] ability: Poison Puppeteer|[of] p2a: Pecharunt
|
|-damage|p1a: Cinderace|38/100 tox|[from] psn
|upkeep
|turn|21
|
|t:|1760384568
|-activate|p1a: Cinderace|confusion
|move|p1a: Cinderace|Court Change|p1a: Cinderace
|-swapsideconditions
|-activate|p1a: Cinderace|move: Court Change
|move|p2a: Pecharunt|Foul Play|p1a: Cinderace
|-damage|p1a: Cinderace|5/100 tox
|
|-damage|p1a: Cinderace|0 fnt|[from] psn
|faint|p1a: Cinderace
|upkeep
|
|t:|1760384571
|switch|p1a: Walking Wake|Walking Wake|72/100
|turn|22
|
|t:|1760384573
|move|p1a: Walking Wake|Draco Meteor|p2a: Pecharunt
|-damage|p2a: Pecharunt|0 fnt
|-unboost|p1a: Walking Wake|spa|2
|faint|p2a: Pecharunt
|
|upkeep
|
|t:|1760384575
|switch|p2a: Samurott de Hisui|Samurott-Hisui, F|100/100
|-damage|p2a: Samurott de Hisui|88/100|[from] Stealth Rock
|turn|23
|
|t:|1760384578
|-end|p1a: Walking Wake|Protosynthesis|[silent]
|switch|p1a: Landorus|Landorus-Therian, M|4/100
|-ability|p1a: Landorus|Intimidate|boost
|-unboost|p2a: Samurott de Hisui|atk|1
|move|p2a: Samurott de Hisui|Ceaseless Edge|p1a: Landorus
|-damage|p1a: Landorus|0 fnt
|-sidestart|p1: SillyScallop|Spikes
|faint|p1a: Landorus
|
|upkeep
|
|t:|1760384585
|switch|p1a: Meowscarada|Meowscarada, F, shiny|21/100
|-damage|p1a: Meowscarada|9/100|[from] Spikes
|turn|24
|
|t:|1760384589
|-terastallize|p2a: Samurott de Hisui|Water
|move|p2a: Samurott de Hisui|Aqua Jet|p1a: Meowscarada
|-resisted|p1a: Meowscarada
|-damage|p1a: Meowscarada|0 fnt
|faint|p1a: Meowscarada
|
|upkeep
|inactive|SillyScallop has 120 seconds left.
|
|t:|1760384624
|switch|p1a: Iron Valiant|Iron Valiant|100/100
|-damage|p1a: Iron Valiant|88/100|[from] Spikes
|turn|25
|
|t:|1760384630
|move|p1a: Iron Valiant|Close Combat|p2a: Samurott de Hisui
|-crit|p2a: Samurott de Hisui
|-damage|p2a: Samurott de Hisui|0 fnt
|-unboost|p1a: Iron Valiant|def|1
|-unboost|p1a: Iron Valiant|spd|1
|faint|p2a: Samurott de Hisui
|
|upkeep
|
|t:|1760384633
|switch|p2a: Ferrotesta|Iron Crown|100/100
|-damage|p2a: Ferrotesta|94/100|[from] Stealth Rock
|turn|26
|
|t:|1760384635
|move|p1a: Iron Valiant|Close Combat|p2a: Ferrotesta
|-damage|p2a: Ferrotesta|0 fnt
|-unboost|p1a: Iron Valiant|def|1
|-unboost|p1a: Iron Valiant|spd|1
|faint|p2a: Ferrotesta
|-end|p2a: Ferrotesta|Quark Drive|[silent]
|
|win|SillyScallop
|raw|SillyScallop's rating: 1483 &rarr; <strong>1502</strong><br />(+19 for winning)
|raw|Lemmy's rating: 1469 &rarr; <strong>1450</strong><br />(-19 for losing)
|l|☆Lemmy
|player|p2|
