|j|☆gokubatman2
|j|☆capone n norega
|t:|1760394745
|gametype|singles
|player|p1|gokubatman2|bruno|1310
|player|p2|capone n norega|102|1323
|gen|9
|tier|[Gen 9] OU
|rated|
|rule|HP Percentage Mod: HP is shown in percentages
|rule|Endless Battle Clause: Forcing endless battles is banned
|rule|Species Clause: Limit one of each Pokémon
|rule|OHKO Clause: OHKO moves are banned
|rule|Evasion Items Clause: Evasion items are banned
|rule|Evasion Moves Clause: Evasion moves are banned
|rule|Evasion Abilities Clause: Evasion abilities are banned
|rule|Sleep Moves Clause: Sleep-inducing moves are banned
|clearpoke
|poke|p1|Raging Bolt|
|poke|p1|Ogerpon-Wellspring, F|
|poke|p1|Zamazenta-*|
|poke|p1|Great Tusk|
|poke|p1|Slowking-Galar, M|
|poke|p1|Moltres|
|poke|p2|Zamazenta-*|
|poke|p2|Rillaboom, F|
|poke|p2|Great Tusk|
|poke|p2|Coalossal, F|
|poke|p2|Ogerpon-Wellspring, F|
|poke|p2|Tornadus-Therian, M|
|teampreview
|inactive|Battle timer is ON: inactive players will automatically lose when time's up. (requested by gokubatman2)
|inactive|capone n norega has 120 seconds left.
|
|t:|1760394777
|teamsize|p1|6
|teamsize|p2|6
|start
|switch|p1a: Ogerpon|Ogerpon-Wellspring, F|100/100
|switch|p2a: Tornadus|Tornadus-Therian, M|100/100
|turn|1
|
|t:|1760394793
|switch|p1a: Slowking|Slowking-Galar, M|100/100
|move|p2a: Tornadus|U-turn|p1a: Slowking
|-crit|p1a: Slowking
|-damage|p1a: Slowking|78/100
|
|t:|1760394818
|switch|p2a: Coalossal|Coalossal, F|100/100|[from] U-turn
|-item|p2a: Coalossal|Air Balloon
|
|upkeep
|turn|2
|
|t:|1760394835
|move|p2a: Coalossal|Stealth Rock|p1a: Slowking
|-sidestart|p1: gokubatman2|move: Stealth Rock
|move|p1a: Slowking|Psychic Noise|p2a: Coalossal
|-damage|p2a: Coalossal|75/100
|-start|p2a: Coalossal|move: Heal Block
|-enditem|p2a: Coalossal|Air Balloon
|
|upkeep
|turn|3
|
|t:|1760394844
|move|p2a: Coalossal|Will-O-Wisp|p1a: Slowking
|-status|p1a: Slowking|brn
|-prepare|p1a: Slowking|Chilly Reception|[premajor]
|move|p1a: Slowking|Chilly Reception|p1a: Slowking
|-weather|Snowscape
|
|t:|1760394856
|switch|p1a: Ogerpon|Ogerpon-Wellspring, F|100/100|[from] Chilly Reception
|-damage|p1a: Ogerpon|88/100|[from] Stealth Rock
|
|-weather|Snowscape|[upkeep]
|-end|p2a: Coalossal|move: Heal Block
|upkeep
|turn|4
|
|t:|1760394875
|switch|p2a: Rillaboom|Rillaboom, F|100/100
|-fieldstart|move: Grassy Terrain|[from] ability: Grassy Surge|[of] p2a: Rillaboom
|move|p1a: Ogerpon|Ivy Cudgel|p2a: Rillaboom|[anim] Ivy Cudgel Water
|-resisted|p2a: Rillaboom
|-damage|p2a: Rillaboom|66/100
|
|-weather|Snowscape|[upkeep]
|-heal|p1a: Ogerpon|94/100|[from] Grassy Terrain
|-heal|p2a: Rillaboom|73/100|[from] Grassy Terrain
|upkeep
|turn|5
|
|t:|1760394900
|switch|p1a: Moltres|Moltres|100/100
|switch|p2a: Coalossal|Coalossal, F|75/100
|
|-weather|Snowscape|[upkeep]
|-heal|p2a: Coalossal|81/100|[from] Grassy Terrain
|upkeep
|turn|6
|inactive|capone n norega has 120 seconds left.
|
|t:|1760394915
|switch|p1a: Slowking|Slowking-Galar, M|100/100 brn
|switch|p2a: Great Tusk|Great Tusk|100/100
|-enditem|p2a: Great Tusk|Booster Energy
|-activate|p2a: Great Tusk|ability: Protosynthesis|[fromitem]
|-start|p2a: Great Tusk|protosynthesisatk
|
|-weather|Snowscape|[upkeep]
|-damage|p1a: Slowking|94/100 brn|[from] brn
|upkeep
|turn|7
|inactive|capone n norega has 120 seconds left.
|
|t:|1760394925
|switch|p1a: Moltres|Moltres|100/100
|move|p2a: Great Tusk|Headlong Rush|p1a: Moltres
|-immune|p1a: Moltres
|
|-weather|none
|upkeep
|turn|8
|
|t:|1760394933
|move|p2a: Great Tusk|Head Smash|p1a: Moltres
|-supereffective|p1a: Moltres
|-crit|p1a: Moltres
|-damage|p1a: Moltres|0 fnt
|faint|p1a: Moltres
|-damage|p2a: Great Tusk|49/100|[from] Recoil
|
|-heal|p2a: Great Tusk|55/100|[from] Grassy Terrain
|upkeep
|
|t:|1760394941
|switch|p1a: Ogerpon|Ogerpon-Wellspring, F|94/100
|-damage|p1a: Ogerpon|82/100|[from] Stealth Rock
|turn|9
|
|t:|1760394960
|-end|p2a: Great Tusk|Protosynthesis|[silent]
|switch|p2a: Coalossal|Coalossal, F|81/100
|move|p1a: Ogerpon|Spikes|p2a: Coalossal
|-sidestart|p2: capone n norega|Spikes
|
|-heal|p1a: Ogerpon|88/100|[from] Grassy Terrain
|-heal|p2a: Coalossal|87/100|[from] Grassy Terrain
|upkeep
|turn|10
|
|t:|1760394965
|move|p1a: Ogerpon|Ivy Cudgel|p2a: Coalossal|[anim] Ivy Cudgel Water
|-supereffective|p2a: Coalossal
|-damage|p2a: Coalossal|0 fnt
|faint|p2a: Coalossal
|
|-heal|p1a: Ogerpon|94/100|[from] Grassy Terrain
|upkeep
|
|t:|1760394967
|switch|p2a: Tornadus|Tornadus-Therian, M|100/100
|turn|11
|
|t:|1760394971
|switch|p1a: Slowking|Slowking-Galar, M|100/100 brn
|move|p2a: Tornadus|Knock Off|p1a: Slowking
|-supereffective|p1a: Slowking
|-crit|p1a: Slowking
|-damage|p1a: Slowking|35/100 brn
|-enditem|p1a: Slowking|Heavy-Duty Boots|[from] move: Knock Off|[of] p2a: Tornadus
|
|-heal|p1a: Slowking|41/100 brn|[from] Grassy Terrain
|-damage|p1a: Slowking|35/100 brn|[from] brn
|-fieldend|move: Grassy Terrain
|upkeep
|turn|12
|
|t:|1760394991
|move|p2a: Tornadus|Knock Off|p1a: Slowking
|-supereffective|p1a: Slowking
|-damage|p1a: Slowking|9/100 brn
|move|p1a: Slowking|Thunder Wave|p2a: Tornadus
|-status|p2a: Tornadus|par
|
|-damage|p1a: Slowking|3/100 brn|[from] brn
|upkeep
|turn|13
|
|t:|1760394998
|switch|p1a: Raging Bolt|Raging Bolt|100/100
|-damage|p1a: Raging Bolt|88/100|[from] Stealth Rock
|-enditem|p1a: Raging Bolt|Booster Energy
|-activate|p1a: Raging Bolt|ability: Protosynthesis|[fromitem]
|-start|p1a: Raging Bolt|protosynthesisspa
|move|p2a: Tornadus|U-turn|p1a: Raging Bolt
|-damage|p1a: Raging Bolt|74/100
|
|t:|1760395005
|switch|p2a: Great Tusk|Great Tusk|55/100|[from] U-turn
|-damage|p2a: Great Tusk|43/100|[from] Spikes
|
|upkeep
|turn|14
|
|t:|1760395017
|-end|p1a: Raging Bolt|Protosynthesis|[silent]
|switch|p1a: Slowking|Slowking-Galar, M|36/100 brn
|-damage|p1a: Slowking|24/100 brn|[from] Stealth Rock
|move|p2a: Great Tusk|Rapid Spin|p1a: Slowking
|-damage|p1a: Slowking|5/100 brn
|-boost|p2a: Great Tusk|spe|1
|-sideend|p2: capone n norega|Spikes|[from] move: Rapid Spin|[of] p2a: Great Tusk
|
|-damage|p1a: Slowking|0 fnt|[from] brn
|faint|p1a: Slowking
|upkeep
|
|t:|1760395036
|switch|p1a: Great Tusk|Great Tusk|100/100
|turn|15
|inactive|capone n norega has 120 seconds left.
|
|t:|1760395087
|move|p2a: Great Tusk|Headlong Rush|p1a: Great Tusk
|-damage|p1a: Great Tusk|53/100
|-unboost|p2a: Great Tusk|def|1
|-unboost|p2a: Great Tusk|spd|1
|move|p1a: Great Tusk|Rapid Spin|p2a: Great Tusk
|-damage|p2a: Great Tusk|24/100
|-boost|p1a: Great Tusk|spe|1
|-sideend|p1: gokubatman2|Stealth Rock|[from] move: Rapid Spin|[of] p1a: Great Tusk
|
|upkeep
|turn|16
|
|t:|1760395092
|move|p1a: Great Tusk|Ice Spinner|p2a: Great Tusk
|-supereffective|p2a: Great Tusk
|-damage|p2a: Great Tusk|0 fnt
|faint|p2a: Great Tusk
|-end|p2a: Great Tusk|Protosynthesis|[silent]
|
|upkeep
|
|t:|1760395094
|switch|p2a: Rillaboom|Rillaboom, F|73/100
|-fieldstart|move: Grassy Terrain|[from] ability: Grassy Surge|[of] p2a: Rillaboom
|turn|17
|inactive|capone n norega has 120 seconds left.
|
|t:|1760395113
|-terastallize|p1a: Great Tusk|Steel
|move|p2a: Rillaboom|Grassy Glide|p1a: Great Tusk
|-resisted|p1a: Great Tusk
|-damage|p1a: Great Tusk|37/100
|move|p1a: Great Tusk|Ice Spinner|p2a: Rillaboom
|-supereffective|p2a: Rillaboom
|-damage|p2a: Rillaboom|10/100
|-fieldend|move: Grassy Terrain
|
|upkeep
|turn|18
|inactive|capone n norega has 120 seconds left.
|
|t:|1760395126
|switch|p2a: Zamazenta|Zamazenta|100/100
|-ability|p2a: Zamazenta|Dauntless Shield|boost
|-boost|p2a: Zamazenta|def|1
|move|p1a: Great Tusk|Ice Spinner|p2a: Zamazenta
|-damage|p2a: Zamazenta|82/100
|
|upkeep
|turn|19
|
|t:|1760395141
|move|p1a: Great Tusk|Stealth Rock|p2a: Zamazenta
|-sidestart|p2: capone n norega|move: Stealth Rock
|move|p2a: Zamazenta|Close Combat|p1a: Great Tusk
|-supereffective|p1a: Great Tusk
|-damage|p1a: Great Tusk|0 fnt
|-unboost|p2a: Zamazenta|def|1
|-unboost|p2a: Zamazenta|spd|1
|faint|p1a: Great Tusk
|-end|p1a: Great Tusk|Protosynthesis|[silent]
|-damage|p2a: Zamazenta|72/100|[from] item: Life Orb
|
|upkeep
|
|t:|1760395158
|switch|p1a: Raging Bolt|Raging Bolt|74/100
|turn|20
|inactive|capone n norega has 120 seconds left.
|
|t:|1760395212
|move|p2a: Zamazenta|Close Combat|p1a: Raging Bolt
|-damage|p1a: Raging Bolt|0 fnt
|-unboost|p2a: Zamazenta|def|1
|-unboost|p2a: Zamazenta|spd|1
|faint|p1a: Raging Bolt
|-end|p1a: Raging Bolt|Protosynthesis|[silent]
|-damage|p2a: Zamazenta|62/100|[from] item: Life Orb
|
|upkeep
|
|t:|1760395222
|switch|p1a: Zamazenta|Zamazenta|100/100
|-ability|p1a: Zamazenta|Dauntless Shield|boost
|-boost|p1a: Zamazenta|def|1
|turn|21
|
|t:|1760395234
|switch|p2a: Tornadus|Tornadus-Therian, M|100/100 par
|-damage|p2a: Tornadus|76/100 par|[from] Stealth Rock
|move|p1a: Zamazenta|Iron Defense|p1a: Zamazenta
|-boost|p1a: Zamazenta|def|2
|
|upkeep
|turn|22
|
|t:|1760395239
|move|p1a: Zamazenta|Body Press|p2a: Tornadus
|-resisted|p2a: Tornadus
|-damage|p2a: Tornadus|25/100 par
|move|p2a: Tornadus|Icy Wind|p1a: Zamazenta
|-damage|p1a: Zamazenta|90/100
|-unboost|p1a: Zamazenta|spe|1
|
|upkeep
|turn|23
|
|t:|1760395247
|move|p1a: Zamazenta|Body Press|p2a: Tornadus
|-resisted|p2a: Tornadus
|-damage|p2a: Tornadus|0 fnt
|faint|p2a: Tornadus
|
|upkeep
|
|t:|1760395261
|switch|p2a: Zamazenta|Zamazenta|62/100
|-damage|p2a: Zamazenta|56/100|[from] Stealth Rock
|turn|24
|
|t:|1760395264
|move|p2a: Zamazenta|Close Combat|p1a: Zamazenta
|-damage|p1a: Zamazenta|68/100
|-unboost|p2a: Zamazenta|def|1
|-unboost|p2a: Zamazenta|spd|1
|-damage|p2a: Zamazenta|46/100|[from] item: Life Orb
|move|p1a: Zamazenta|Body Press|p2a: Zamazenta
|-damage|p2a: Zamazenta|0 fnt
|faint|p2a: Zamazenta
|
|upkeep
|
|t:|1760395267
|switch|p2a: Ogerpon|Ogerpon-Wellspring, F|100/100
|-damage|p2a: Ogerpon|88/100|[from] Stealth Rock
|turn|25
|
|t:|1760395270
|move|p2a: Ogerpon|Swords Dance|p2a: Ogerpon
|-boost|p2a: Ogerpon|atk|2
|move|p1a: Zamazenta|Body Press|p2a: Ogerpon
|-damage|p2a: Ogerpon|0 fnt
|faint|p2a: Ogerpon
|
|upkeep
|-message|capone n norega forfeited.
|
|win|gokubatman2
|raw|gokubatman2's rating: 1310 &rarr; <strong>1331</strong><br />(+21 for winning)
|raw|capone n norega's rating: 1323 &rarr; <strong>1302</strong><br />(-21 for losing)
|l|☆capone n norega
|player|p2|
|l|☆gokubatman2
|player|p1|
