|inactive|Battle timer is ON: inactive players will automatically lose when time's up.
|t:|1760374271
|gametype|singles
|player|p1|Zerotwo Big|liza|
|player|p2|Lava Poseidon|#wcop2025netherlands|
|gen|9
|tier|[Gen 9] OU
|rule|HP Percentage Mod: HP is shown in percentages
|rule|Endless Battle Clause: Forcing endless battles is banned
|rule|Species Clause: Limit one of each Pokémon
|rule|OHKO Clause: OHKO moves are banned
|rule|Evasion Items Clause: Evasion items are banned
|rule|Evasion Moves Clause: Evasion moves are banned
|rule|Evasion Abilities Clause: Evasion abilities are banned
|rule|Sleep Moves Clause: Sleep-inducing moves are banned
|clearpoke
|poke|p1|Kingambit, M|
|poke|p1|Great Tusk|
|poke|p1|Kyurem|
|poke|p1|Pecharunt|
|poke|p1|Enamorus, F|
|poke|p1|Moltres|
|poke|p2|Lokix, M|
|poke|p2|Cinderace, M|
|poke|p2|Great Tusk|
|poke|p2|Alomomola, M|
|poke|p2|Enamorus, F|
|poke|p2|Slowking-Galar, M|
|teampreview
|c|☆Lava Poseidon|hf
|c|☆Zerotwo Big|u2
|
|t:|1760374295
|teamsize|p1|6
|teamsize|p2|6
|start
|switch|p1a: Great Tusk|Great Tusk|100/100
|switch|p2a: Cinderace|Cinderace, M|100/100
|turn|1
|inactive|Zerotwo Big has 270 seconds left.
|
|t:|1760374327
|-end|p1a: Great Tusk|Protosynthesis|[silent]
|switch|p1a: Moltres|Moltres|100/100
|move|p2a: Cinderace|Will-O-Wisp|p1a: Moltres|[miss]
|-miss|p2a: Cinderace|p1a: Moltres
|
|upkeep
|turn|2
|
|t:|1760374335
|move|p2a: Cinderace|U-turn|p1a: Moltres
|-resisted|p1a: Moltres
|-damage|p1a: Moltres|97/100
|
|t:|1760374340
|switch|p2a: Slowking|Slowking-Galar, M|100/100|[from] U-turn
|move|p1a: Moltres|U-turn|p2a: Slowking
|-damage|p2a: Slowking|90/100
|
|t:|1760374347
|switch|p1a: Great Tusk|Great Tusk|100/100|[from] U-turn
|
|upkeep
|turn|3
|inactive|Lava Poseidon has 270 seconds left.
|
|t:|1760374379
|move|p1a: Great Tusk|Stealth Rock|p2a: Slowking
|-sidestart|p2: Lava Poseidon|move: Stealth Rock
|move|p2a: Slowking|Ice Beam|p1a: Great Tusk
|-supereffective|p1a: Great Tusk
|-damage|p1a: Great Tusk|29/100
|
|upkeep
|turn|4
|
|t:|1760374392
|-end|p1a: Great Tusk|Protosynthesis|[silent]
|switch|p1a: Kyurem|Kyurem|100/100
|-ability|p1a: Kyurem|Pressure
|move|p2a: Slowking|Ice Beam|p1a: Kyurem
|-damage|p1a: Kyurem|80/100
|
|-heal|p1a: Kyurem|86/100|[from] item: Leftovers
|upkeep
|turn|5
|
|t:|1760374399
|move|p1a: Kyurem|Protect|p1a: Kyurem
|-singleturn|p1a: Kyurem|Protect
|move|p2a: Slowking|Future Sight|p1a: Kyurem
|-start|p2a: Slowking|move: Future Sight
|
|-heal|p1a: Kyurem|92/100|[from] item: Leftovers
|upkeep
|turn|6
|
|t:|1760374405
|switch|p1a: Kingambit|Kingambit, M|100/100
|move|p2a: Slowking|Sludge Bomb|p1a: Kingambit
|-immune|p1a: Kingambit
|
|upkeep
|turn|7
|inactive|Lava Poseidon has 270 seconds left.
|
|t:|1760374438
|switch|p2a: Great Tusk|Great Tusk|100/100
|-damage|p2a: Great Tusk|98/100|[from] Stealth Rock
|move|p1a: Kingambit|Iron Head|p2a: Great Tusk
|-damage|p2a: Great Tusk|74/100
|
|-end|p1a: Kingambit|move: Future Sight
|-immune|p1a: Kingambit
|-heal|p2a: Great Tusk|80/100|[from] item: Leftovers
|upkeep
|turn|8
|
|t:|1760374451
|-end|p1a: Kingambit|fallenundefined|[silent]
|switch|p1a: Pecharunt|Pecharunt|100/100
|move|p2a: Great Tusk|Knock Off|p1a: Pecharunt
|-supereffective|p1a: Pecharunt
|-damage|p1a: Pecharunt|72/100
|-damage|p2a: Great Tusk|63/100|[from] item: Rocky Helmet|[of] p1a: Pecharunt
|-enditem|p1a: Pecharunt|Rocky Helmet|[from] move: Knock Off|[of] p2a: Great Tusk
|
|-heal|p2a: Great Tusk|70/100|[from] item: Leftovers
|upkeep
|turn|9
|
|t:|1760374461
|move|p2a: Great Tusk|Earthquake|p1a: Pecharunt
|-supereffective|p1a: Pecharunt
|-damage|p1a: Pecharunt|32/100
|move|p1a: Pecharunt|Recover|p1a: Pecharunt
|-heal|p1a: Pecharunt|82/100
|
|-heal|p2a: Great Tusk|76/100|[from] item: Leftovers
|upkeep
|turn|10
|
|t:|1760374471
|-end|p2a: Great Tusk|Protosynthesis|[silent]
|switch|p2a: Cinderace|Cinderace, M|100/100
|move|p1a: Pecharunt|Parting Shot|p2a: Cinderace
|-unboost|p2a: Cinderace|atk|1
|-unboost|p2a: Cinderace|spa|1
|
|t:|1760374477
|switch|p1a: Enamorus|Enamorus, F|100/100|[from] Parting Shot
|
|upkeep
|turn|11
|
|t:|1760374502
|switch|p1a: Pecharunt|Pecharunt|82/100
|switch|p2a: Alomomola|Alomomola, M|100/100
|-damage|p2a: Alomomola|88/100|[from] Stealth Rock
|
|upkeep
|turn|12
|
|t:|1760374509
|move|p1a: Pecharunt|Malignant Chain|p2a: Alomomola
|-damage|p2a: Alomomola|73/100
|move|p2a: Alomomola|Flip Turn|p1a: Pecharunt
|-crit|p1a: Pecharunt
|-damage|p1a: Pecharunt|69/100
|inactive|Lava Poseidon has 270 seconds left.
|
|t:|1760374536
|switch|p2a: Cinderace|Cinderace, M|100/100|[from] Flip Turn
|
|upkeep
|turn|13
|
|t:|1760374545
|move|p2a: Cinderace|Court Change|p2a: Cinderace
|-swapsideconditions
|-activate|p2a: Cinderace|move: Court Change
|move|p1a: Pecharunt|Recover|p1a: Pecharunt
|-heal|p1a: Pecharunt|100/100
|
|upkeep
|turn|14
|inactive|Lava Poseidon has 270 seconds left.
|
|t:|1760374563
|move|p2a: Cinderace|Pyro Ball|p1a: Pecharunt
|-damage|p1a: Pecharunt|78/100
|move|p1a: Pecharunt|Parting Shot|p2a: Cinderace
|-unboost|p2a: Cinderace|atk|1
|-unboost|p2a: Cinderace|spa|1
|
|t:|1760374570
|switch|p1a: Moltres|Moltres|97/100|[from] Parting Shot
|
|upkeep
|turn|15
|
|t:|1760374577
|move|p2a: Cinderace|U-turn|p1a: Moltres
|-resisted|p1a: Moltres
|-damage|p1a: Moltres|95/100
|
|t:|1760374579
|switch|p2a: Alomomola|Alomomola, M|100/100|[from] U-turn
|move|p1a: Moltres|U-turn|p2a: Alomomola
|-damage|p2a: Alomomola|89/100
|
|t:|1760374587
|switch|p1a: Kyurem|Kyurem|92/100|[from] U-turn
|-damage|p1a: Kyurem|67/100|[from] Stealth Rock
|-ability|p1a: Kyurem|Pressure
|
|-heal|p1a: Kyurem|73/100|[from] item: Leftovers
|upkeep
|turn|16
|
|t:|1760374608
|move|p1a: Kyurem|Substitute|p1a: Kyurem
|-start|p1a: Kyurem|Substitute
|-damage|p1a: Kyurem|48/100
|move|p2a: Alomomola|Flip Turn|p1a: Kyurem
|-resisted|p1a: Kyurem
|-activate|p1a: Kyurem|move: Substitute|[damage]
|
|t:|1760374622
|switch|p2a: Slowking|Slowking-Galar, M|100/100|[from] Flip Turn
|
|-heal|p1a: Kyurem|54/100|[from] item: Leftovers
|upkeep
|turn|17
|
|t:|1760374635
|-terastallize|p1a: Kyurem|Ground
|move|p1a: Kyurem|Earth Power|p2a: Slowking
|-supereffective|p2a: Slowking
|-enditem|p2a: Slowking|Shuca Berry|[eat]
|-enditem|p2a: Slowking|Shuca Berry|[weaken]
|-damage|p2a: Slowking|62/100
|move|p2a: Slowking|Future Sight|p1a: Kyurem
|-start|p2a: Slowking|move: Future Sight
|
|-heal|p1a: Kyurem|61/100|[from] item: Leftovers
|upkeep
|turn|18
|
|t:|1760374646
|switch|p2a: Alomomola|Alomomola, M|100/100
|move|p1a: Kyurem|Freeze-Dry|p2a: Alomomola
|-supereffective|p2a: Alomomola
|-damage|p2a: Alomomola|68/100
|
|-heal|p1a: Kyurem|67/100|[from] item: Leftovers
|upkeep
|turn|19
|
|t:|1760374657
|move|p1a: Kyurem|Protect|p1a: Kyurem
|-singleturn|p1a: Kyurem|Protect
|move|p2a: Alomomola|Flip Turn|p1a: Kyurem
|-activate|p1a: Kyurem|move: Protect
|
|-end|p1a: Kyurem|move: Future Sight
|-end|p1a: Kyurem|Substitute
|-heal|p1a: Kyurem|73/100|[from] item: Leftovers
|upkeep
|turn|20
|
|t:|1760374665
|move|p1a: Kyurem|Substitute|p1a: Kyurem
|-start|p1a: Kyurem|Substitute
|-damage|p1a: Kyurem|48/100
|move|p2a: Alomomola|Flip Turn|p1a: Kyurem
|-supereffective|p1a: Kyurem
|-end|p1a: Kyurem|Substitute
|inactive|Lava Poseidon has 270 seconds left.
|inactive|Lava Poseidon has 240 seconds left.
|inactive|Lava Poseidon has 210 seconds left.
|
|t:|1760374761
|switch|p2a: Slowking|Slowking-Galar, M|96/100|[from] Flip Turn
|
|-heal|p1a: Kyurem|54/100|[from] item: Leftovers
|upkeep
|turn|21
|
|t:|1760374767
|move|p1a: Kyurem|Earth Power|p2a: Slowking
|-supereffective|p2a: Slowking
|-crit|p2a: Slowking
|-damage|p2a: Slowking|0 fnt
|faint|p2a: Slowking
|
|-heal|p1a: Kyurem|60/100|[from] item: Leftovers
|upkeep
|c|☆Lava Poseidon|yikes
|inactive|Lava Poseidon has 210 seconds left.
|
|t:|1760374787
|switch|p2a: Alomomola|Alomomola, M|100/100
|turn|22
|
|t:|1760374791
|move|p1a: Kyurem|Protect|p1a: Kyurem
|-singleturn|p1a: Kyurem|Protect
|move|p2a: Alomomola|Flip Turn|p1a: Kyurem
|-activate|p1a: Kyurem|move: Protect
|
|-heal|p1a: Kyurem|67/100|[from] item: Leftovers
|upkeep
|turn|23
|
|t:|1760374804
|switch|p1a: Pecharunt|Pecharunt|78/100
|-damage|p1a: Pecharunt|66/100|[from] Stealth Rock
|move|p2a: Alomomola|Flip Turn|p1a: Pecharunt
|-damage|p1a: Pecharunt|58/100
|
|t:|1760374819
|switch|p2a: Lokix|Lokix, M|100/100|[from] Flip Turn
|
|upkeep
|turn|24
|
|t:|1760374826
|move|p2a: Lokix|Knock Off|p1a: Pecharunt
|-supereffective|p1a: Pecharunt
|-damage|p1a: Pecharunt|17/100
|move|p1a: Pecharunt|Recover|p1a: Pecharunt
|-heal|p1a: Pecharunt|67/100
|
|upkeep
|turn|25
|
|t:|1760374833
|switch|p2a: Great Tusk|Great Tusk|76/100
|move|p1a: Pecharunt|Malignant Chain|p2a: Great Tusk
|-resisted|p2a: Great Tusk
|-damage|p2a: Great Tusk|55/100
|
|-heal|p2a: Great Tusk|62/100|[from] item: Leftovers
|upkeep
|turn|26
|
|t:|1760374837
|move|p2a: Great Tusk|Earthquake|p1a: Pecharunt
|-supereffective|p1a: Pecharunt
|-damage|p1a: Pecharunt|22/100
|move|p1a: Pecharunt|Recover|p1a: Pecharunt
|-heal|p1a: Pecharunt|72/100
|
|-heal|p2a: Great Tusk|68/100|[from] item: Leftovers
|upkeep
|turn|27
|
|t:|1760374842
|switch|p1a: Moltres|Moltres|95/100
|move|p2a: Great Tusk|Earthquake|p1a: Moltres
|-immune|p1a: Moltres
|
|-heal|p2a: Great Tusk|74/100|[from] item: Leftovers
|upkeep
|turn|28
|
|t:|1760374845
|move|p2a: Great Tusk|Knock Off|p1a: Moltres
|-damage|p1a: Moltres|77/100
|-status|p2a: Great Tusk|brn|[from] ability: Flame Body|[of] p1a: Moltres
|-enditem|p1a: Moltres|Heavy-Duty Boots|[from] move: Knock Off|[of] p2a: Great Tusk
|move|p1a: Moltres|U-turn|p2a: Great Tusk
|-resisted|p2a: Great Tusk
|-damage|p2a: Great Tusk|70/100 brn
|
|t:|1760374849
|switch|p1a: Great Tusk|Great Tusk|29/100|[from] U-turn
|
|-heal|p2a: Great Tusk|76/100 brn|[from] item: Leftovers
|-damage|p2a: Great Tusk|70/100 brn|[from] brn
|upkeep
|turn|29
|
|t:|1760374858
|-end|p2a: Great Tusk|Protosynthesis|[silent]
|switch|p2a: Alomomola|Alomomola, M|100/100
|move|p1a: Great Tusk|Rapid Spin|p2a: Alomomola
|-damage|p2a: Alomomola|87/100
|-boost|p1a: Great Tusk|spe|1
|-sideend|p1: Zerotwo Big|Stealth Rock|[from] move: Rapid Spin|[of] p1a: Great Tusk
|
|upkeep
|turn|30
|
|t:|1760374862
|move|p1a: Great Tusk|Knock Off|p2a: Alomomola
|-damage|p2a: Alomomola|62/100
|-enditem|p2a: Alomomola|Assault Vest|[from] move: Knock Off|[of] p1a: Great Tusk
|move|p2a: Alomomola|Flip Turn|p1a: Great Tusk
|-supereffective|p1a: Great Tusk
|-damage|p1a: Great Tusk|3/100
|
|t:|1760374865
|switch|p2a: Enamorus|Enamorus, F|100/100|[from] Flip Turn
|
|upkeep
|turn|31
|
|t:|1760374871
|-end|p1a: Great Tusk|Protosynthesis|[silent]
|switch|p1a: Moltres|Moltres|77/100
|move|p2a: Enamorus|Moonblast|p1a: Moltres
|-resisted|p1a: Moltres
|-damage|p1a: Moltres|49/100
|
|upkeep
|turn|32
|
|t:|1760374899
|switch|p2a: Alomomola|Alomomola, M|96/100
|move|p1a: Moltres|Roost|p1a: Moltres
|-heal|p1a: Moltres|99/100
|-singleturn|p1a: Moltres|move: Roost
|
|upkeep
|turn|33
|
|t:|1760374905
|move|p2a: Alomomola|Flip Turn|p1a: Moltres
|-supereffective|p1a: Moltres
|-damage|p1a: Moltres|75/100
|
|t:|1760374912
|switch|p2a: Cinderace|Cinderace, M|100/100|[from] Flip Turn
|move|p1a: Moltres|Roar|p2a: Cinderace
|drag|p2a: Alomomola|Alomomola, M|100/100
|
|upkeep
|turn|34
|
|t:|1760374918
|move|p1a: Moltres|U-turn|p2a: Alomomola
|-crit|p2a: Alomomola
|-damage|p2a: Alomomola|84/100
|
|t:|1760374922
|switch|p1a: Great Tusk|Great Tusk|3/100|[from] U-turn
|move|p2a: Alomomola|Flip Turn|p1a: Great Tusk
|-supereffective|p1a: Great Tusk
|-damage|p1a: Great Tusk|0 fnt
|faint|p1a: Great Tusk
|-end|p1a: Great Tusk|Protosynthesis|[silent]
|
|t:|1760374935
|switch|p2a: Enamorus|Enamorus, F|100/100|[from] Flip Turn
|
|upkeep
|
|t:|1760374941
|switch|p1a: Moltres|Moltres|75/100
|turn|35
|
|t:|1760374961
|switch|p2a: Cinderace|Cinderace, M|100/100
|move|p1a: Moltres|U-turn|p2a: Cinderace
|-resisted|p2a: Cinderace
|-damage|p2a: Cinderace|92/100
|
|t:|1760374965
|switch|p1a: Pecharunt|Pecharunt|72/100|[from] U-turn
|
|upkeep
|turn|36
|
|t:|1760374969
|move|p2a: Cinderace|U-turn|p1a: Pecharunt
|-resisted|p1a: Pecharunt
|-crit|p1a: Pecharunt
|-damage|p1a: Pecharunt|69/100
|
|t:|1760374978
|switch|p2a: Alomomola|Alomomola, M|100/100|[from] U-turn
|move|p1a: Pecharunt|Parting Shot|p2a: Alomomola
|-unboost|p2a: Alomomola|atk|1
|-unboost|p2a: Alomomola|spa|1
|
|t:|1760374981
|switch|p1a: Kyurem|Kyurem, tera:Ground|67/100|[from] Parting Shot
|-ability|p1a: Kyurem|Pressure
|
|-heal|p1a: Kyurem|73/100|[from] item: Leftovers
|upkeep
|turn|37
|
|t:|1760374991
|move|p1a: Kyurem|Substitute|p1a: Kyurem
|-start|p1a: Kyurem|Substitute
|-damage|p1a: Kyurem|48/100
|move|p2a: Alomomola|Flip Turn|p1a: Kyurem
|-supereffective|p1a: Kyurem
|-activate|p1a: Kyurem|move: Substitute|[damage]
|
|t:|1760374993
|switch|p2a: Cinderace|Cinderace, M|92/100|[from] Flip Turn
|
|-heal|p1a: Kyurem|54/100|[from] item: Leftovers
|upkeep
|turn|38
|
|t:|1760374996
|move|p1a: Kyurem|Protect|p1a: Kyurem
|-singleturn|p1a: Kyurem|Protect
|move|p2a: Cinderace|U-turn|p1a: Kyurem
|-activate|p1a: Kyurem|move: Protect
|
|-heal|p1a: Kyurem|60/100|[from] item: Leftovers
|upkeep
|turn|39
|
|t:|1760375001
|move|p2a: Cinderace|U-turn|p1a: Kyurem
|-end|p1a: Kyurem|Substitute
|
|t:|1760375025
|switch|p2a: Great Tusk|Great Tusk|70/100 brn|[from] U-turn
|move|p1a: Kyurem|Freeze-Dry|p2a: Great Tusk
|-supereffective|p2a: Great Tusk
|-damage|p2a: Great Tusk|0 fnt
|faint|p2a: Great Tusk
|-end|p2a: Great Tusk|Protosynthesis|[silent]
|
|-heal|p1a: Kyurem|66/100|[from] item: Leftovers
|upkeep
|
|t:|1760375041
|switch|p2a: Alomomola|Alomomola, M|100/100
|turn|40
|
|t:|1760375051
|move|p1a: Kyurem|Protect|p1a: Kyurem
|-singleturn|p1a: Kyurem|Protect
|move|p2a: Alomomola|Flip Turn|p1a: Kyurem
|-activate|p1a: Kyurem|move: Protect
|
|-heal|p1a: Kyurem|73/100|[from] item: Leftovers
|upkeep
|turn|41
|
|t:|1760375056
|move|p1a: Kyurem|Substitute|p1a: Kyurem
|-start|p1a: Kyurem|Substitute
|-damage|p1a: Kyurem|48/100
|move|p2a: Alomomola|Flip Turn|p1a: Kyurem
|-supereffective|p1a: Kyurem
|-end|p1a: Kyurem|Substitute
|
|t:|1760375059
|switch|p2a: Enamorus|Enamorus, F|100/100|[from] Flip Turn
|
|-heal|p1a: Kyurem|54/100|[from] item: Leftovers
|upkeep
|turn|42
|
|t:|1760375064
|move|p1a: Kyurem|Protect|p1a: Kyurem
|-singleturn|p1a: Kyurem|Protect
|move|p2a: Enamorus|Moonblast|p1a: Kyurem
|-activate|p1a: Kyurem|move: Protect
|
|-heal|p1a: Kyurem|60/100|[from] item: Leftovers
|upkeep
|turn|43
|
|t:|1760375071
|-terastallize|p2a: Enamorus|Stellar
|move|p2a: Enamorus|Moonblast|p1a: Kyurem
|-damage|p1a: Kyurem|0 fnt
|faint|p1a: Kyurem
|
|upkeep
|
|t:|1760375077
|switch|p1a: Pecharunt|Pecharunt|69/100
|turn|44
|
|t:|1760375086
|switch|p2a: Alomomola|Alomomola, M|100/100
|move|p1a: Pecharunt|Malignant Chain|p2a: Alomomola
|-damage|p2a: Alomomola|77/100
|
|upkeep
|turn|45
|
|t:|1760375092
|move|p1a: Pecharunt|Malignant Chain|p2a: Alomomola
|-damage|p2a: Alomomola|56/100
|-status|p2a: Alomomola|tox
|-start|p2a: Alomomola|confusion|[from] ability: Poison Puppeteer|[of] p1a: Pecharunt
|-activate|p2a: Alomomola|confusion
|-damage|p2a: Alomomola|50/100 tox|[from] confusion
|
|-damage|p2a: Alomomola|44/100 tox|[from] psn
|upkeep
|turn|46
|
|t:|1760375099
|move|p1a: Pecharunt|Parting Shot|p2a: Alomomola
|-unboost|p2a: Alomomola|atk|1
|-unboost|p2a: Alomomola|spa|1
|
|t:|1760375102
|switch|p1a: Kingambit|Kingambit, M|100/100|[from] Parting Shot
|-activate|p1a: Kingambit|ability: Supreme Overlord
|-start|p1a: Kingambit|fallen2|[silent]
|-activate|p2a: Alomomola|confusion
|move|p2a: Alomomola|Flip Turn|p1a: Kingambit
|-damage|p1a: Kingambit|93/100
|
|t:|1760375127
|switch|p2a: Cinderace|Cinderace, M|92/100|[from] Flip Turn
|
|-heal|p1a: Kingambit|99/100|[from] item: Leftovers
|upkeep
|turn|47
|
|t:|1760375133
|-end|p1a: Kingambit|fallen2|[silent]
|switch|p1a: Moltres|Moltres|75/100
|move|p2a: Cinderace|U-turn|p1a: Moltres
|-resisted|p1a: Moltres
|-damage|p1a: Moltres|72/100
|
|t:|1760375140
|switch|p2a: Alomomola|Alomomola, M|77/100 tox|[from] U-turn
|
|-damage|p2a: Alomomola|71/100 tox|[from] psn
|upkeep
|turn|48
|
|t:|1760375143
|move|p1a: Moltres|Roost|p1a: Moltres
|-heal|p1a: Moltres|100/100
|-singleturn|p1a: Moltres|move: Roost
|move|p2a: Alomomola|Flip Turn|p1a: Moltres
|-supereffective|p1a: Moltres
|-damage|p1a: Moltres|78/100
|
|t:|1760375163
|switch|p2a: Cinderace|Cinderace, M|92/100|[from] Flip Turn
|
|upkeep
|turn|49
|
|t:|1760375166
|move|p2a: Cinderace|U-turn|p1a: Moltres
|-resisted|p1a: Moltres
|-damage|p1a: Moltres|75/100
|
|t:|1760375168
|switch|p2a: Alomomola|Alomomola, M|100/100 tox|[from] U-turn
|move|p1a: Moltres|U-turn|p2a: Alomomola
|-damage|p2a: Alomomola|89/100 tox
|
|t:|1760375175
|switch|p1a: Pecharunt|Pecharunt|69/100|[from] U-turn
|
|-damage|p2a: Alomomola|83/100 tox|[from] psn
|upkeep
|turn|50
|
|t:|1760375178
|move|p1a: Pecharunt|Recover|p1a: Pecharunt
|-heal|p1a: Pecharunt|100/100
|move|p2a: Alomomola|Flip Turn|p1a: Pecharunt
|-damage|p1a: Pecharunt|93/100
|
|t:|1760375200
|switch|p2a: Lokix|Lokix, M|100/100|[from] Flip Turn
|
|upkeep
|turn|51
|
|t:|1760375204
|move|p2a: Lokix|U-turn|p1a: Pecharunt
|-resisted|p1a: Pecharunt
|-damage|p1a: Pecharunt|82/100
|
|t:|1760375208
|switch|p2a: Alomomola|Alomomola, M|100/100 tox|[from] U-turn
|move|p1a: Pecharunt|Malignant Chain|p2a: Alomomola
|-crit|p2a: Alomomola
|-damage|p2a: Alomomola|64/100 tox
|
|-damage|p2a: Alomomola|58/100 tox|[from] psn
|upkeep
|turn|52
|
|t:|1760375215
|move|p1a: Pecharunt|Malignant Chain|p2a: Alomomola
|-damage|p2a: Alomomola|36/100 tox
|move|p2a: Alomomola|Mirror Coat|p1a: Pecharunt
|-damage|p1a: Pecharunt|18/100
|
|-damage|p2a: Alomomola|23/100 tox|[from] psn
|upkeep
|turn|53
|
|t:|1760375224
|switch|p2a: Enamorus|Enamorus, F, tera:Stellar|100/100
|move|p1a: Pecharunt|Malignant Chain|p2a: Enamorus
|-supereffective|p2a: Enamorus
|-crit|p2a: Enamorus
|-damage|p2a: Enamorus|0 fnt
|faint|p2a: Enamorus
|
|upkeep
|-message|Lava Poseidon forfeited.
|
|win|Zerotwo Big
|player|p2|
