|j|☆hylid3
|j|☆Upperfootball
|t:|1760328339
|gametype|singles
|player|p1|hylid3|blackbelt-gen4dp|1116
|player|p2|Upperfootball|169|1064
|gen|9
|tier|[Gen 9] OU
|rated|
|rule|HP Percentage Mod: HP is shown in percentages
|rule|Endless Battle Clause: Forcing endless battles is banned
|rule|Species Clause: Limit one of each Pokémon
|rule|OHKO Clause: OHKO moves are banned
|rule|Evasion Items Clause: Evasion items are banned
|rule|Evasion Moves Clause: Evasion moves are banned
|rule|Evasion Abilities Clause: Evasion abilities are banned
|rule|Sleep Moves Clause: Sleep-inducing moves are banned
|clearpoke
|poke|p1|Gyarados, M|
|poke|p1|Great Tusk|
|poke|p1|Gholdengo|
|poke|p1|Darkrai|
|poke|p1|Iron Hands|
|poke|p1|Zamazenta-*|
|poke|p2|Dragonite, M|
|poke|p2|Kingambit, M|
|poke|p2|Great Tusk|
|poke|p2|Iron Valiant|
|poke|p2|Gholdengo|
|poke|p2|Glimmora, M|
|teampreview
|inactive|Battle timer is ON: inactive players will automatically lose when time's up. (requested by hylid3)
|l|☆hylid3
|inactive|hylid3 disconnected and has a minute to reconnect!
|player|p1|
|j|☆hylid3
|inactive|hylid3 reconnected and has 150 seconds left.
|player|p1|hylid3|blackbelt-gen4dp|
|
|t:|1760328347
|teamsize|p1|6
|teamsize|p2|6
|start
|switch|p1a: Gyarados|Gyarados, M|100/100
|switch|p2a: Glimmora|Glimmora, M|100/100
|turn|1
|
|t:|1760328366
|move|p2a: Glimmora|Stealth Rock|p1a: Gyarados
|-sidestart|p1: hylid3|move: Stealth Rock
|move|p1a: Gyarados|Dragon Dance|p1a: Gyarados
|-boost|p1a: Gyarados|atk|1
|-boost|p1a: Gyarados|spe|1
|
|upkeep
|turn|2
|c|☆Upperfootball|.....
|inactive|Upperfootball has 120 seconds left.
|
|t:|1760328391
|move|p1a: Gyarados|Dragon Dance|p1a: Gyarados
|-boost|p1a: Gyarados|atk|1
|-boost|p1a: Gyarados|spe|1
|move|p2a: Glimmora|Power Gem|p1a: Gyarados
|-supereffective|p1a: Gyarados
|-damage|p1a: Gyarados|15/100
|
|upkeep
|turn|3
|inactive|Upperfootball has 120 seconds left.
|c|☆hylid3|...
|
|t:|1760328405
|move|p1a: Gyarados|Scale Shot|p2a: Glimmora
|-damage|p2a: Glimmora|78/100
|-activate|p2a: Glimmora|ability: Toxic Debris
|-sidestart|p1: hylid3|move: Toxic Spikes
|-crit|p2a: Glimmora
|-damage|p2a: Glimmora|43/100
|-activate|p2a: Glimmora|ability: Toxic Debris
|-sidestart|p1: hylid3|move: Toxic Spikes
|-damage|p2a: Glimmora|22/100
|-damage|p2a: Glimmora|1/100
|-hitcount|p2a: Glimmora|4
|-unboost|p1a: Gyarados|def|1
|-boost|p1a: Gyarados|spe|1
|move|p2a: Glimmora|Power Gem|p1a: Gyarados
|-supereffective|p1a: Gyarados
|-crit|p1a: Gyarados
|-damage|p1a: Gyarados|0 fnt
|faint|p1a: Gyarados
|
|upkeep
|c|☆hylid3|???
|
|t:|1760328430
|switch|p1a: Great Tusk|Great Tusk|100/100
|-damage|p1a: Great Tusk|98/100|[from] Stealth Rock
|-status|p1a: Great Tusk|tox
|-enditem|p1a: Great Tusk|Booster Energy
|-activate|p1a: Great Tusk|ability: Protosynthesis|[fromitem]
|-start|p1a: Great Tusk|protosynthesisatk
|turn|4
|c|☆hylid3|No you you lived at 1%
|inactive|Upperfootball has 120 seconds left.
|c|☆Upperfootball|lash
|c|☆Upperfootball|sash
|
|t:|1760328454
|move|p1a: Great Tusk|Rapid Spin|p2a: Glimmora
|-resisted|p2a: Glimmora
|-damage|p2a: Glimmora|0 fnt
|-boost|p1a: Great Tusk|spe|1
|-sideend|p1: hylid3|Toxic Spikes|[from] move: Rapid Spin|[of] p1a: Great Tusk
|-sideend|p1: hylid3|Stealth Rock|[from] move: Rapid Spin|[of] p1a: Great Tusk
|faint|p2a: Glimmora
|
|-damage|p1a: Great Tusk|91/100 tox|[from] psn
|upkeep
|c|☆hylid3|I hit you 4 time
|c|☆Upperfootball|oh
|c|☆Upperfootball|luck then
|c|☆hylid3|Ikr
|
|t:|1760328481
|switch|p2a: Iron Valiant|Iron Valiant|100/100
|turn|5
|
|t:|1760328489
|move|p2a: Iron Valiant|Trick|p1a: Great Tusk
|-activate|p2a: Iron Valiant|move: Trick|[of] p1a: Great Tusk
|-item|p1a: Great Tusk|Choice Scarf|[from] move: Trick
|-enditem|p2a: Iron Valiant|Choice Scarf|[silent]|[from] move: Trick
|move|p1a: Great Tusk|Headlong Rush|p2a: Iron Valiant
|-damage|p2a: Iron Valiant|0 fnt
|-unboost|p1a: Great Tusk|def|1
|-unboost|p1a: Great Tusk|spd|1
|faint|p2a: Iron Valiant
|-end|p2a: Iron Valiant|Quark Drive|[silent]
|
|-damage|p1a: Great Tusk|79/100 tox|[from] psn
|upkeep
|
|t:|1760328501
|switch|p2a: Dragonite|Dragonite, M|100/100
|turn|6
|
|t:|1760328513
|-end|p1a: Great Tusk|Protosynthesis|[silent]
|switch|p1a: Psygrofai|Iron Hands|100/100
|-enditem|p1a: Psygrofai|Booster Energy
|-activate|p1a: Psygrofai|ability: Quark Drive|[fromitem]
|-start|p1a: Psygrofai|quarkdriveatk
|move|p2a: Dragonite|Dragon Dance|p2a: Dragonite
|-boost|p2a: Dragonite|atk|1
|-boost|p2a: Dragonite|spe|1
|
|upkeep
|turn|7
|
|t:|1760328527
|move|p2a: Dragonite|Earthquake|p1a: Psygrofai
|-supereffective|p1a: Psygrofai
|-damage|p1a: Psygrofai|32/100
|move|p1a: Psygrofai|Ice Punch|p2a: Dragonite
|-supereffective|p2a: Dragonite
|-damage|p2a: Dragonite|20/100
|
|upkeep
|turn|8
|
|t:|1760328536
|move|p2a: Dragonite|Earthquake|p1a: Psygrofai
|-supereffective|p1a: Psygrofai
|-damage|p1a: Psygrofai|0 fnt
|faint|p1a: Psygrofai
|-end|p1a: Psygrofai|Quark Drive|[silent]
|
|upkeep
|
|t:|1760328541
|switch|p1a: Gholdengo|Gholdengo|100/100
|turn|9
|c|☆Upperfootball|really thought that would 1 tap
|
|t:|1760328568
|move|p2a: Dragonite|Earthquake|p1a: Gholdengo
|-supereffective|p1a: Gholdengo
|-damage|p1a: Gholdengo|0 fnt
|faint|p1a: Gholdengo
|
|upkeep
|
|t:|1760328575
|switch|p1a: Darkrai|Darkrai|100/100
|turn|10
|
|t:|1760328586
|move|p1a: Darkrai|Ice Beam|p2a: Dragonite
|-supereffective|p2a: Dragonite
|-damage|p2a: Dragonite|0 fnt
|faint|p2a: Dragonite
|
|upkeep
|
|t:|1760328597
|switch|p2a: Great Tusk|Great Tusk|100/100
|-enditem|p2a: Great Tusk|Booster Energy
|-activate|p2a: Great Tusk|ability: Protosynthesis|[fromitem]
|-start|p2a: Great Tusk|protosynthesisatk
|turn|11
|
|t:|1760328606
|switch|p1a: Great Tusk|Great Tusk|79/100 tox
|move|p2a: Great Tusk|Close Combat|p1a: Great Tusk
|-damage|p1a: Great Tusk|23/100 tox
|-unboost|p2a: Great Tusk|def|1
|-unboost|p2a: Great Tusk|spd|1
|
|-damage|p1a: Great Tusk|17/100 tox|[from] psn
|upkeep
|turn|12
|inactive|Upperfootball has 90 seconds left.
|
|t:|1760328633
|move|p1a: Great Tusk|Ice Spinner|p2a: Great Tusk
|-supereffective|p2a: Great Tusk
|-damage|p2a: Great Tusk|41/100
|move|p2a: Great Tusk|Ice Spinner|p1a: Great Tusk
|-supereffective|p1a: Great Tusk
|-damage|p1a: Great Tusk|0 fnt
|faint|p1a: Great Tusk
|-end|p1a: Great Tusk|Protosynthesis|[silent]
|
|upkeep
|
|t:|1760328640
|switch|p1a: Darkrai|Darkrai|100/100
|turn|13
|
|t:|1760328645
|move|p1a: Darkrai|Ice Beam|p2a: Great Tusk
|-supereffective|p2a: Great Tusk
|-damage|p2a: Great Tusk|0 fnt
|faint|p2a: Great Tusk
|-end|p2a: Great Tusk|Protosynthesis|[silent]
|
|upkeep
|inactive|Upperfootball has 90 seconds left.
|
|t:|1760328667
|switch|p2a: Kingambit|Kingambit, M|100/100
|-activate|p2a: Kingambit|ability: Supreme Overlord
|-start|p2a: Kingambit|fallen4|[silent]
|turn|14
|
|t:|1760328682
|move|p1a: Darkrai|Ice Beam|p2a: Kingambit
|-resisted|p2a: Kingambit
|-damage|p2a: Kingambit|84/100
|move|p2a: Kingambit|Swords Dance|p2a: Kingambit
|-boost|p2a: Kingambit|atk|2
|
|-heal|p2a: Kingambit|91/100|[from] item: Leftovers
|upkeep
|turn|15
|
|t:|1760328705
|switch|p1a: Psyflyfai|Zamazenta|100/100
|-ability|p1a: Psyflyfai|Dauntless Shield|boost
|-boost|p1a: Psyflyfai|def|1
|move|p2a: Kingambit|Iron Head|p1a: Psyflyfai
|-damage|p1a: Psyflyfai|37/100
|
|-heal|p1a: Psyflyfai|43/100|[from] item: Leftovers
|-heal|p2a: Kingambit|97/100|[from] item: Leftovers
|upkeep
|turn|16
|
|t:|1760328714
|-terastallize|p2a: Kingambit|Flying
|move|p2a: Kingambit|Iron Head|p1a: Psyflyfai
|-damage|p1a: Psyflyfai|0 fnt
|faint|p1a: Psyflyfai
|
|-heal|p2a: Kingambit|100/100|[from] item: Leftovers
|upkeep
|
|t:|1760328718
|switch|p1a: Darkrai|Darkrai|100/100
|turn|17
|inactive|Upperfootball has 90 seconds left.
|c|☆Upperfootball|ice beam pls no
|
|t:|1760328730
|move|p1a: Darkrai|Dark Pulse|p2a: Kingambit
|-damage|p2a: Kingambit|57/100
|move|p2a: Kingambit|Iron Head|p1a: Darkrai
|-damage|p1a: Darkrai|0 fnt
|faint|p1a: Darkrai
|
|win|Upperfootball
|raw|hylid3's rating: 1116 &rarr; <strong>1087</strong><br />(-29 for losing)
|raw|Upperfootball's rating: 1064 &rarr; <strong>1099</strong><br />(+35 for winning)
|c|☆hylid3|Gg
|l|☆hylid3
|player|p1|
|c|☆Upperfootball|ggs
|l|☆Upperfootball
|player|p2|
