|j|☆Doodieray
|j|☆LordOfBeasts
|t:|1760458309
|gametype|singles
|player|p1|Doodieray|medium|1349
|player|p2|LordOfBeasts|102|1329
|gen|9
|tier|[Gen 9] OU
|rated|
|rule|HP Percentage Mod: HP is shown in percentages
|rule|Endless Battle Clause: Forcing endless battles is banned
|rule|Species Clause: Limit one of each Pokémon
|rule|OHKO Clause: OHKO moves are banned
|rule|Evasion Items Clause: Evasion items are banned
|rule|Evasion Moves Clause: Evasion moves are banned
|rule|Evasion Abilities Clause: Evasion abilities are banned
|rule|Sleep Moves Clause: Sleep-inducing moves are banned
|clearpoke
|poke|p1|Cramorant, M|
|poke|p1|Excadrill, F|
|poke|p1|Raging Bolt|
|poke|p1|Heatran, M|
|poke|p1|Dragonite, M|
|poke|p1|Primarina, F|
|poke|p2|Jirachi|
|poke|p2|Deoxys-Speed|
|poke|p2|Gliscor, M|
|poke|p2|Dragapult, M|
|poke|p2|Clodsire, M|
|poke|p2|Iron Valiant|
|teampreview
|inactive|Battle timer is ON: inactive players will automatically lose when time's up. (requested by Doodieray)
|inactive|LordOfBeasts also wants the timer to be on.
|
|t:|1760458323
|teamsize|p1|6
|teamsize|p2|6
|start
|switch|p1a: Cramorant|Cramorant, M|100/100
|switch|p2a: Deoxys|Deoxys-Speed|100/100
|-ability|p2a: Deoxys|Pressure
|turn|1
|
|t:|1760458330
|move|p2a: Deoxys|Psycho Boost|p1a: Cramorant
|-damage|p1a: Cramorant|16/100
|-unboost|p2a: Deoxys|spa|2
|-damage|p2a: Deoxys|91/100|[from] item: Life Orb
|move|p1a: Cramorant|Surf|p2a: Deoxys
|-formechange|p1a: Cramorant|Cramorant-Gorging|
|-damage|p2a: Deoxys|32/100
|
|upkeep
|turn|2
|-enditem|p1a: Cramorant|Custap Berry|[eat]
|-activate|p1a: Cramorant|item: Custap Berry|[consumed]
|
|t:|1760458339
|move|p1a: Cramorant|Endure|p1a: Cramorant
|-singleturn|p1a: Cramorant|move: Endure
|move|p2a: Deoxys|Psycho Boost|p1a: Cramorant
|-activate|p1a: Cramorant|move: Endure
|-damage|p1a: Cramorant|1/100
|-unboost|p2a: Deoxys|spa|2
|-damage|p2a: Deoxys|7/100|[from] ability: Gulp Missile|[of] p1a: Cramorant
|-status|p2a: Deoxys|par
|-formechange|p1a: Cramorant|Cramorant|
|-damage|p2a: Deoxys|0 fnt|[from] item: Life Orb
|faint|p2a: Deoxys
|
|upkeep
|
|t:|1760458347
|switch|p2a: Dragapult|Dragapult, M, shiny|100/100
|turn|3
|
|t:|1760458365
|switch|p1a: Heatran|Heatran, M|100/100
|-item|p1a: Heatran|Air Balloon
|move|p2a: Dragapult|U-turn|p1a: Heatran
|-resisted|p1a: Heatran
|-damage|p1a: Heatran|96/100
|-enditem|p1a: Heatran|Air Balloon
|
|t:|1760458373
|switch|p2a: Gliscor|Gliscor, M, shiny|100/100|[from] U-turn
|
|-status|p2a: Gliscor|tox|[from] item: Toxic Orb
|upkeep
|turn|4
|
|t:|1760458397
|switch|p1a: Excadrill|Excadrill, F|100/100
|-ability|p1a: Excadrill|Mold Breaker
|-item|p1a: Excadrill|Air Balloon
|move|p2a: Gliscor|Knock Off|p1a: Excadrill
|-damage|p1a: Excadrill|67/100
|-enditem|p1a: Excadrill|Air Balloon
|
|upkeep
|turn|5
|
|t:|1760458403
|switch|p1a: Cramorant|Cramorant, M|1/100
|move|p2a: Gliscor|Stealth Rock|p1a: Cramorant
|-sidestart|p1: Doodieray|move: Stealth Rock
|
|upkeep
|turn|6
|
|t:|1760458409
|switch|p2a: Clodsire|Clodsire, M, shiny|100/100
|move|p1a: Cramorant|Surf|p2a: Clodsire
|-immune|p2a: Clodsire|[from] ability: Water Absorb
|
|upkeep
|turn|7
|
|t:|1760458415
|move|p1a: Cramorant|Defog|p2a: Clodsire
|-unboost|p2a: Clodsire|evasion|1
|-sideend|p1: Doodieray|Stealth Rock|[from] move: Defog|[of] p1a: Cramorant
|move|p2a: Clodsire|Toxic Spikes|p1a: Cramorant
|-sidestart|p1: Doodieray|move: Toxic Spikes
|
|upkeep
|turn|8
|
|t:|1760458422
|switch|p2a: Dragapult|Dragapult, M, shiny|100/100
|move|p1a: Cramorant|Defog|p2a: Dragapult
|-unboost|p2a: Dragapult|evasion|1
|-sideend|p1: Doodieray|Toxic Spikes|[from] move: Defog|[of] p1a: Cramorant
|
|upkeep
|turn|9
|
|t:|1760458428
|move|p1a: Cramorant|Endure|p1a: Cramorant
|-singleturn|p1a: Cramorant|move: Endure
|move|p2a: Dragapult|U-turn|p1a: Cramorant
|-resisted|p1a: Cramorant
|-activate|p1a: Cramorant|move: Endure
|-damage|p1a: Cramorant|1/100
|
|t:|1760458432
|switch|p2a: Iron Valiant|Iron Valiant, shiny|100/100|[from] U-turn
|
|upkeep
|turn|10
|
|t:|1760458439
|move|p2a: Iron Valiant|Close Combat|p1a: Cramorant
|-resisted|p1a: Cramorant
|-damage|p1a: Cramorant|0 fnt
|-unboost|p2a: Iron Valiant|def|1
|-unboost|p2a: Iron Valiant|spd|1
|faint|p1a: Cramorant
|
|upkeep
|
|t:|1760458445
|switch|p1a: Dragonite|Dragonite, M|100/100
|turn|11
|
|t:|1760458455
|-end|p2a: Iron Valiant|Quark Drive|[silent]
|switch|p2a: Gliscor|Gliscor, M, shiny|100/100 tox
|move|p1a: Dragonite|Dragon Dance|p1a: Dragonite
|-boost|p1a: Dragonite|atk|1
|-boost|p1a: Dragonite|spe|1
|
|upkeep
|turn|12
|
|t:|1760458458
|-terastallize|p1a: Dragonite|Flying
|move|p1a: Dragonite|Tera Blast|p2a: Gliscor|[anim] Tera Blast Flying
|-damage|p2a: Gliscor|39/100 tox
|move|p2a: Gliscor|Knock Off|p1a: Dragonite
|-damage|p1a: Dragonite|88/100
|-enditem|p1a: Dragonite|Heavy-Duty Boots|[from] move: Knock Off|[of] p2a: Gliscor
|
|-heal|p2a: Gliscor|51/100 tox|[from] ability: Poison Heal
|upkeep
|turn|13
|
|t:|1760458472
|move|p2a: Gliscor|Protect|p2a: Gliscor
|-singleturn|p2a: Gliscor|Protect
|move|p1a: Dragonite|Earthquake|p2a: Gliscor
|-activate|p2a: Gliscor|move: Protect
|
|-heal|p2a: Gliscor|64/100 tox|[from] ability: Poison Heal
|upkeep
|turn|14
|
|t:|1760458475
|move|p1a: Dragonite|Encore|p2a: Gliscor
|-start|p2a: Gliscor|Encore
|move|p2a: Gliscor|Protect||[still]
|-fail|p2a: Gliscor
|
|-heal|p2a: Gliscor|76/100 tox|[from] ability: Poison Heal
|upkeep
|turn|15
|
|t:|1760458480
|switch|p2a: Clodsire|Clodsire, M, shiny|100/100
|move|p1a: Dragonite|Earthquake|p2a: Clodsire
|-supereffective|p2a: Clodsire
|-damage|p2a: Clodsire|12/100
|
|-heal|p2a: Clodsire|18/100|[from] item: Leftovers
|upkeep
|turn|16
|
|t:|1760458484
|move|p1a: Dragonite|Tera Blast|p2a: Clodsire|[anim] Tera Blast Flying
|-damage|p2a: Clodsire|0 fnt
|faint|p2a: Clodsire
|
|upkeep
|
|t:|1760458501
|switch|p2a: Absolute Unit|Jirachi, shiny|100/100
|turn|17
|
|t:|1760458504
|-terastallize|p2a: Absolute Unit|Fairy
|move|p1a: Dragonite|Earthquake|p2a: Absolute Unit
|-damage|p2a: Absolute Unit|54/100
|move|p2a: Absolute Unit|Iron Defense|p2a: Absolute Unit
|-boost|p2a: Absolute Unit|def|2
|
|-heal|p2a: Absolute Unit|60/100|[from] item: Leftovers
|upkeep
|turn|18
|
|t:|1760458508
|move|p1a: Dragonite|Encore|p2a: Absolute Unit
|-start|p2a: Absolute Unit|Encore
|move|p2a: Absolute Unit|Iron Defense|p2a: Absolute Unit
|-boost|p2a: Absolute Unit|def|2
|
|-heal|p2a: Absolute Unit|66/100|[from] item: Leftovers
|upkeep
|turn|19
|
|t:|1760458515
|switch|p2a: Dragapult|Dragapult, M, shiny|100/100
|move|p1a: Dragonite|Dragon Dance|p1a: Dragonite
|-boost|p1a: Dragonite|atk|1
|-boost|p1a: Dragonite|spe|1
|
|upkeep
|turn|20
|
|t:|1760458518
|move|p1a: Dragonite|Tera Blast|p2a: Dragapult|[anim] Tera Blast Flying
|-damage|p2a: Dragapult|0 fnt
|faint|p2a: Dragapult
|
|upkeep
|
|t:|1760458521
|switch|p2a: Gliscor|Gliscor, M, shiny|76/100 tox
|turn|21
|
|t:|1760458524
|move|p1a: Dragonite|Tera Blast|p2a: Gliscor|[anim] Tera Blast Flying
|-damage|p2a: Gliscor|0 fnt
|faint|p2a: Gliscor
|
|upkeep
|
|t:|1760458528
|switch|p2a: Iron Valiant|Iron Valiant, shiny|100/100
|turn|22
|-message|LordOfBeasts forfeited.
|
|win|Doodieray
|raw|Doodieray's rating: 1349 &rarr; <strong>1368</strong><br />(+19 for winning)
|raw|LordOfBeasts's rating: 1329 &rarr; <strong>1310</strong><br />(-19 for losing)
|l|☆LordOfBeasts
|player|p2|
|l|☆Doodieray
|player|p1|
