|j|☆jietouxiaoyu
|j|☆xhwqqq
|t:|1760350137
|gametype|singles
|player|p1|jietouxiaoyu|102|1263
|player|p2|xhwqqq|2|1203
|gen|9
|tier|[Gen 9] OU
|rated|
|rule|HP Percentage Mod: HP is shown in percentages
|rule|Endless Battle Clause: Forcing endless battles is banned
|rule|Species Clause: Limit one of each Pokémon
|rule|OHKO Clause: OHKO moves are banned
|rule|Evasion Items Clause: Evasion items are banned
|rule|Evasion Moves Clause: Evasion moves are banned
|rule|Evasion Abilities Clause: Evasion abilities are banned
|rule|Sleep Moves Clause: Sleep-inducing moves are banned
|clearpoke
|poke|p1|Dragonite, M|
|poke|p1|Gholdengo|
|poke|p1|Great Tusk|
|poke|p1|Kingambit, F|
|poke|p1|Zamazenta-*|
|poke|p1|Arboliva, F|
|poke|p2|Pecharunt|
|poke|p2|Blissey, F|
|poke|p2|Ting-Lu|
|poke|p2|Tyranitar, M|
|poke|p2|Dugtrio, M|
|poke|p2|Excadrill, F|
|teampreview
|inactive|Battle timer is ON: inactive players will automatically lose when time's up. (requested by xhwqqq)
|
|t:|1760350148
|teamsize|p1|6
|teamsize|p2|6
|start
|switch|p1a: Great Tusk|Great Tusk, shiny|100/100
|switch|p2a: Blissey|Blissey, F|100/100
|turn|1
|
|t:|1760350156
|switch|p2a: Pecharunt|Pecharunt|100/100
|move|p1a: Great Tusk|Stealth Rock|p2a: Pecharunt
|-sidestart|p2: xhwqqq|move: Stealth Rock
|
|upkeep
|turn|2
|
|t:|1760350166
|-end|p1a: Great Tusk|Protosynthesis|[silent]
|switch|p1a: Kingambit|Kingambit, F, shiny|100/100
|-item|p1a: Kingambit|Air Balloon
|move|p2a: Pecharunt|Malignant Chain|p1a: Kingambit
|-immune|p1a: Kingambit
|
|upkeep
|turn|3
|
|t:|1760350178
|move|p2a: Pecharunt|Parting Shot|p1a: Kingambit
|-unboost|p1a: Kingambit|atk|1
|-unboost|p1a: Kingambit|spa|1
|
|t:|1760350200
|switch|p2a: Tyranitar|Tyranitar, M|100/100|[from] Parting Shot
|-damage|p2a: Tyranitar|88/100|[from] Stealth Rock
|-weather|Sandstorm|[from] ability: Sand Stream|[of] p2a: Tyranitar
|move|p1a: Kingambit|Kowtow Cleave|p2a: Tyranitar
|-resisted|p2a: Tyranitar
|-damage|p2a: Tyranitar|73/100
|
|-weather|Sandstorm|[upkeep]
|upkeep
|turn|4
|
|t:|1760350212
|-end|p1a: Kingambit|fallenundefined|[silent]
|switch|p1a: Zamazenta|Zamazenta, shiny|100/100
|-ability|p1a: Zamazenta|Dauntless Shield|boost
|-boost|p1a: Zamazenta|def|1
|move|p2a: Tyranitar|Flamethrower|p1a: Zamazenta
|-damage|p1a: Zamazenta|81/100
|
|-weather|Sandstorm|[upkeep]
|-damage|p1a: Zamazenta|74/100|[from] Sandstorm
|-heal|p1a: Zamazenta|81/100|[from] item: Leftovers
|upkeep
|turn|5
|
|t:|1760350232
|switch|p2a: Pecharunt|Pecharunt|100/100
|-damage|p2a: Pecharunt|88/100|[from] Stealth Rock
|move|p1a: Zamazenta|Crunch|p2a: Pecharunt
|-supereffective|p2a: Pecharunt
|-crit|p2a: Pecharunt
|-damage|p2a: Pecharunt|57/100
|-damage|p1a: Zamazenta|64/100|[from] item: Rocky Helmet|[of] p2a: Pecharunt
|
|-weather|Sandstorm|[upkeep]
|-damage|p1a: Zamazenta|58/100|[from] Sandstorm
|-damage|p2a: Pecharunt|51/100|[from] Sandstorm
|-heal|p1a: Zamazenta|64/100|[from] item: Leftovers
|upkeep
|turn|6
|
|t:|1760350247
|switch|p1a: Gholdengo|Gholdengo|100/100
|move|p2a: Pecharunt|Malignant Chain|p1a: Gholdengo
|-immune|p1a: Gholdengo
|
|-weather|Sandstorm|[upkeep]
|-damage|p2a: Pecharunt|45/100|[from] Sandstorm
|upkeep
|turn|7
|
|t:|1760350255
|switch|p2a: Blissey|Blissey, F|100/100
|-damage|p2a: Blissey|88/100|[from] Stealth Rock
|move|p1a: Gholdengo|Nasty Plot|p1a: Gholdengo
|-boost|p1a: Gholdengo|spa|2
|
|-weather|none
|-heal|p2a: Blissey|94/100|[from] item: Leftovers
|upkeep
|turn|8
|
|t:|1760350265
|move|p1a: Gholdengo|Make It Rain|p2a: Blissey
|-crit|p2a: Blissey
|-damage|p2a: Blissey|48/100
|-unboost|p1a: Gholdengo|spa|1
|move|p2a: Blissey|Stealth Rock|p1a: Gholdengo
|-sidestart|p1: jietouxiaoyu|move: Stealth Rock
|
|-heal|p2a: Blissey|54/100|[from] item: Leftovers
|upkeep
|turn|9
|
|t:|1760350274
|switch|p1a: Great Tusk|Great Tusk, shiny|100/100
|-damage|p1a: Great Tusk|98/100|[from] Stealth Rock
|move|p2a: Blissey|Soft-Boiled|p2a: Blissey
|-heal|p2a: Blissey|100/100
|
|upkeep
|turn|10
|
|t:|1760350287
|switch|p2a: Pecharunt|Pecharunt|45/100
|-damage|p2a: Pecharunt|33/100|[from] Stealth Rock
|move|p1a: Great Tusk|Headlong Rush|p2a: Pecharunt
|-supereffective|p2a: Pecharunt
|-damage|p2a: Pecharunt|0 fnt
|-unboost|p1a: Great Tusk|def|1
|-unboost|p1a: Great Tusk|spd|1
|-damage|p1a: Great Tusk|81/100|[from] item: Rocky Helmet|[of] p2a: Pecharunt
|faint|p2a: Pecharunt
|
|upkeep
|
|t:|1760350298
|switch|p2a: Tyranitar|Tyranitar, M|73/100
|-damage|p2a: Tyranitar|61/100|[from] Stealth Rock
|-weather|Sandstorm|[from] ability: Sand Stream|[of] p2a: Tyranitar
|turn|11
|
|t:|1760350305
|move|p2a: Tyranitar|Ice Beam|p1a: Great Tusk
|-supereffective|p1a: Great Tusk
|-damage|p1a: Great Tusk|0 fnt
|faint|p1a: Great Tusk
|-end|p1a: Great Tusk|Protosynthesis|[silent]
|
|-weather|Sandstorm|[upkeep]
|upkeep
|
|t:|1760350324
|switch|p1a: Kingambit|Kingambit, F, shiny|100/100
|-damage|p1a: Kingambit|94/100|[from] Stealth Rock
|-activate|p1a: Kingambit|ability: Supreme Overlord
|-start|p1a: Kingambit|fallen1|[silent]
|-item|p1a: Kingambit|Air Balloon
|turn|12
|
|t:|1760350336
|switch|p2a: Dugtrio|Dugtrio, M|100/100
|-damage|p2a: Dugtrio|94/100|[from] Stealth Rock
|move|p1a: Kingambit|Swords Dance|p1a: Kingambit
|-boost|p1a: Kingambit|atk|2
|
|-weather|Sandstorm|[upkeep]
|upkeep
|turn|13
|
|t:|1760350353
|move|p2a: Dugtrio|Sucker Punch|p1a: Kingambit
|-resisted|p1a: Kingambit
|-damage|p1a: Kingambit|84/100
|-enditem|p1a: Kingambit|Air Balloon
|-damage|p2a: Dugtrio|84/100|[from] item: Life Orb
|move|p1a: Kingambit|Kowtow Cleave|p2a: Dugtrio
|-damage|p2a: Dugtrio|0 fnt
|faint|p2a: Dugtrio
|
|-weather|Sandstorm|[upkeep]
|upkeep
|
|t:|1760350363
|switch|p2a: Excadrill|Excadrill, F, shiny|100/100
|-damage|p2a: Excadrill|97/100|[from] Stealth Rock
|turn|14
|
|t:|1760350370
|-terastallize|p1a: Kingambit|Ghost
|move|p2a: Excadrill|Brick Break|p1a: Kingambit
|-immune|p1a: Kingambit
|move|p1a: Kingambit|Kowtow Cleave|p2a: Excadrill
|-damage|p2a: Excadrill|0 fnt
|faint|p2a: Excadrill
|
|-weather|Sandstorm|[upkeep]
|-damage|p1a: Kingambit|78/100|[from] Sandstorm
|upkeep
|-message|xhwqqq forfeited.
|
|win|jietouxiaoyu
|raw|jietouxiaoyu's rating: 1263 &rarr; <strong>1284</strong><br />(+21 for winning)
|raw|xhwqqq's rating: 1203 &rarr; <strong>1182</strong><br />(-21 for losing)
|l|☆xhwqqq
|player|p2|
|l|☆jietouxiaoyu
|player|p1|
