|badge|p2|bronze|gen9ou|100-7
|uhtml|medal-msg|<div class="broadcast-blue">Curious what those medals under the avatar are? PS now has Ladder Seasons! For more information, check out the <a href="https://www.smogon.com/forums/threads/3740067/">thread on Smogon.</a></div>
|j|☆dr. drake6782
|j|☆K3c8ge4
|t:|1760392526
|gametype|singles
|player|p1|dr. drake6782|hilbert-masters|1794
|player|p2|K3c8ge4|elesa|1851
|gen|9
|tier|[Gen 9] OU
|rated|
|rule|HP Percentage Mod: HP is shown in percentages
|rule|Endless Battle Clause: Forcing endless battles is banned
|rule|Species Clause: Limit one of each Pokémon
|rule|OHKO Clause: OHKO moves are banned
|rule|Evasion Items Clause: Evasion items are banned
|rule|Evasion Moves Clause: Evasion moves are banned
|rule|Evasion Abilities Clause: Evasion abilities are banned
|rule|Sleep Moves Clause: Sleep-inducing moves are banned
|clearpoke
|poke|p1|Pelipper, M|
|poke|p1|Tornadus-Therian, M|
|poke|p1|Iron Treads|
|poke|p1|Decidueye-Hisui, F|
|poke|p1|Barraskewda, F|
|poke|p1|Raging Bolt|
|poke|p2|Scizor, M|
|poke|p2|Raging Bolt|
|poke|p2|Primarina, M|
|poke|p2|Ogerpon-Cornerstone, F|
|poke|p2|Great Tusk|
|poke|p2|Zamazenta-*|
|teampreview
|inactive|Battle timer is ON: inactive players will automatically lose when time's up. (requested by dr. drake6782)
|inactive|K3c8ge4 also wants the timer to be on.
|
|t:|1760392541
|teamsize|p1|6
|teamsize|p2|6
|start
|switch|p1a: Barraskewda|Barraskewda, F, shiny|100/100
|switch|p2a: Ogerpon|Ogerpon-Cornerstone, F|100/100
|turn|1
|
|t:|1760392551
|move|p1a: Barraskewda|Flip Turn|p2a: Ogerpon
|-damage|p2a: Ogerpon|42/100
|-damage|p1a: Barraskewda|91/100|[from] item: Life Orb
|
|t:|1760392554
|switch|p1a: Iron Treads|Iron Treads|100/100|[from] Flip Turn
|move|p2a: Ogerpon|Ivy Cudgel|p1a: Iron Treads|[anim] Ivy Cudgel Rock
|-resisted|p1a: Iron Treads
|-damage|p1a: Iron Treads|89/100
|
|-heal|p1a: Iron Treads|95/100|[from] item: Leftovers
|upkeep
|turn|2
|
|t:|1760392560
|move|p2a: Ogerpon|U-turn|p1a: Iron Treads
|-resisted|p1a: Iron Treads
|-damage|p1a: Iron Treads|83/100
|
|t:|1760392562
|switch|p2a: Primarina|Primarina, M|100/100|[from] U-turn
|move|p1a: Iron Treads|Stealth Rock|p2a: Primarina
|-sidestart|p2: K3c8ge4|move: Stealth Rock
|
|-heal|p1a: Iron Treads|89/100|[from] item: Leftovers
|upkeep
|turn|3
|
|t:|1760392571
|move|p1a: Iron Treads|Knock Off|p2a: Primarina
|-resisted|p2a: Primarina
|-damage|p2a: Primarina|87/100
|-enditem|p2a: Primarina|Assault Vest|[from] move: Knock Off|[of] p1a: Iron Treads
|move|p2a: Primarina|Surf|p1a: Iron Treads
|-supereffective|p1a: Iron Treads
|-damage|p1a: Iron Treads|11/100
|
|-heal|p1a: Iron Treads|17/100|[from] item: Leftovers
|upkeep
|turn|4
|
|t:|1760392577
|move|p1a: Iron Treads|Earthquake|p2a: Primarina
|-damage|p2a: Primarina|43/100
|move|p2a: Primarina|Flip Turn|p1a: Iron Treads
|-supereffective|p1a: Iron Treads
|-damage|p1a: Iron Treads|0 fnt
|faint|p1a: Iron Treads
|-end|p1a: Iron Treads|Quark Drive|[silent]
|
|t:|1760392584
|switch|p2a: Great Tusk|Great Tusk|100/100|[from] Flip Turn
|
|upkeep
|j| swagboss123456789
|
|t:|1760392590
|switch|p1a: Pelipper|Pelipper, M|100/100
|-weather|RainDance|[from] ability: Drizzle|[of] p1a: Pelipper
|turn|5
|
|t:|1760392596
|move|p2a: Great Tusk|Rapid Spin|p1a: Pelipper
|-damage|p1a: Pelipper|89/100
|-boost|p2a: Great Tusk|spe|1
|-sideend|p2: K3c8ge4|Stealth Rock|[from] move: Rapid Spin|[of] p2a: Great Tusk
|move|p1a: Pelipper|Surf|p2a: Great Tusk
|-supereffective|p2a: Great Tusk
|-damage|p2a: Great Tusk|0 fnt
|faint|p2a: Great Tusk
|-end|p2a: Great Tusk|Protosynthesis|[silent]
|
|-weather|RainDance|[upkeep]
|upkeep
|
|t:|1760392602
|switch|p2a: Raging Bolt|Raging Bolt|100/100
|turn|6
|
|t:|1760392618
|switch|p1a: Decidueye|Decidueye-Hisui, F, shiny|100/100
|move|p2a: Raging Bolt|Draco Meteor|p1a: Decidueye
|-damage|p1a: Decidueye|0 fnt
|-unboost|p2a: Raging Bolt|spa|2
|faint|p1a: Decidueye
|
|-weather|RainDance|[upkeep]
|upkeep
|
|t:|1760392623
|switch|p1a: Raging Bolt|Raging Bolt|100/100
|-enditem|p1a: Raging Bolt|Booster Energy
|-activate|p1a: Raging Bolt|ability: Protosynthesis|[fromitem]
|-start|p1a: Raging Bolt|protosynthesisspa
|turn|7
|
|t:|1760392632
|-end|p2a: Raging Bolt|Protosynthesis|[silent]
|switch|p2a: Primarina|Primarina, M|43/100
|move|p1a: Raging Bolt|Dragon Pulse|p2a: Primarina
|-immune|p2a: Primarina
|
|-weather|RainDance|[upkeep]
|upkeep
|turn|8
|
|t:|1760392654
|switch|p2a: Raging Bolt|Raging Bolt|100/100
|move|p1a: Raging Bolt|Thunderclap||[still]
|-fail|p1a: Raging Bolt
|
|-weather|RainDance|[upkeep]
|upkeep
|turn|9
|
|t:|1760392661
|-terastallize|p1a: Raging Bolt|Bug
|move|p1a: Raging Bolt|Dragon Pulse|p2a: Raging Bolt
|-supereffective|p2a: Raging Bolt
|-damage|p2a: Raging Bolt|0 fnt
|faint|p2a: Raging Bolt
|-end|p2a: Raging Bolt|Protosynthesis|[silent]
|
|-weather|RainDance|[upkeep]
|upkeep
|
|t:|1760392669
|switch|p2a: Ogerpon|Ogerpon-Cornerstone, F|42/100
|turn|10
|
|t:|1760392678
|move|p1a: Raging Bolt|Thunderclap|p2a: Ogerpon
|-resisted|p2a: Ogerpon
|-damage|p2a: Ogerpon|10/100
|move|p2a: Ogerpon|Ivy Cudgel|p1a: Raging Bolt|[anim] Ivy Cudgel Rock
|-supereffective|p1a: Raging Bolt
|-damage|p1a: Raging Bolt|0 fnt
|faint|p1a: Raging Bolt
|-end|p1a: Raging Bolt|Protosynthesis|[silent]
|
|-weather|RainDance|[upkeep]
|upkeep
|
|t:|1760392683
|switch|p1a: Barraskewda|Barraskewda, F, shiny|91/100
|turn|11
|
|t:|1760392686
|move|p1a: Barraskewda|Liquidation|p2a: Ogerpon
|-damage|p2a: Ogerpon|0 fnt
|faint|p2a: Ogerpon
|-damage|p1a: Barraskewda|81/100|[from] item: Life Orb
|
|-weather|RainDance|[upkeep]
|upkeep
|
|t:|1760392697
|switch|p2a: Zamazenta|Zamazenta|100/100
|-ability|p2a: Zamazenta|Dauntless Shield|boost
|-boost|p2a: Zamazenta|def|1
|turn|12
|
|t:|1760392700
|move|p1a: Barraskewda|Flip Turn|p2a: Zamazenta
|-damage|p2a: Zamazenta|69/100
|-damage|p1a: Barraskewda|71/100|[from] item: Life Orb
|
|t:|1760392701
|switch|p1a: Tornadus|Tornadus-Therian, M|100/100|[from] Flip Turn
|move|p2a: Zamazenta|Iron Defense|p2a: Zamazenta
|-boost|p2a: Zamazenta|def|2
|
|-weather|none
|-heal|p2a: Zamazenta|75/100|[from] item: Leftovers
|upkeep
|turn|13
|
|t:|1760392705
|-terastallize|p2a: Zamazenta|Dark
|move|p2a: Zamazenta|Body Press|p1a: Tornadus
|-resisted|p1a: Tornadus
|-damage|p1a: Tornadus|47/100
|move|p1a: Tornadus|Hurricane|p2a: Zamazenta
|-damage|p2a: Zamazenta|11/100
|
|-heal|p2a: Zamazenta|17/100|[from] item: Leftovers
|upkeep
|turn|14
|
|t:|1760392710
|switch|p1a: Pelipper|Pelipper, M|89/100
|-weather|RainDance|[from] ability: Drizzle|[of] p1a: Pelipper
|move|p2a: Zamazenta|Body Press|p1a: Pelipper
|-resisted|p1a: Pelipper
|-damage|p1a: Pelipper|60/100
|
|-weather|RainDance|[upkeep]
|-heal|p2a: Zamazenta|23/100|[from] item: Leftovers
|upkeep
|turn|15
|
|t:|1760392715
|move|p2a: Zamazenta|Body Press|p1a: Pelipper
|-resisted|p1a: Pelipper
|-damage|p1a: Pelipper|30/100
|move|p1a: Pelipper|Surf|p2a: Zamazenta
|-damage|p2a: Zamazenta|0 fnt
|faint|p2a: Zamazenta
|
|-weather|RainDance|[upkeep]
|upkeep
|
|t:|1760392725
|switch|p2a: Primarina|Primarina, M|43/100
|turn|16
|j| OP Earthquakes
|
|t:|1760392729
|move|p2a: Primarina|Draining Kiss|p1a: Pelipper
|-damage|p1a: Pelipper|0 fnt
|-heal|p2a: Primarina|62/100|[from] drain|[of] p1a: Pelipper
|faint|p1a: Pelipper
|
|-weather|RainDance|[upkeep]
|upkeep
|
|t:|1760392735
|switch|p1a: Tornadus|Tornadus-Therian, M|80/100
|turn|17
|c|☆dr. drake6782|gg
|c|☆K3c8ge4|gg
|j| t3v
|inactive|K3c8ge4 has 120 seconds left.
|l| t3v
|j| t3v
|c|☆dr. drake6782|?
|
|t:|1760392777
|switch|p2a: Scizor|Scizor, M|100/100
|move|p1a: Tornadus|Hurricane|p2a: Scizor
|-damage|p2a: Scizor|6/100
|
|-weather|RainDance|[upkeep]
|upkeep
|turn|18
|
|t:|1760392787
|move|p2a: Scizor|Bullet Punch|p1a: Tornadus
|-damage|p1a: Tornadus|12/100
|move|p1a: Tornadus|Hurricane|p2a: Scizor
|-damage|p2a: Scizor|0 fnt
|faint|p2a: Scizor
|
|-weather|RainDance|[upkeep]
|upkeep
|
|t:|1760392790
|switch|p2a: Primarina|Primarina, M|62/100
|turn|19
|
|t:|1760392793
|move|p1a: Tornadus|Hurricane|p2a: Primarina
|-damage|p2a: Primarina|0 fnt
|faint|p2a: Primarina
|
|win|dr. drake6782
|raw|dr. drake6782's rating: 1794 &rarr; <strong>1817</strong><br />(+23 for winning)
|raw|K3c8ge4's rating: 1851 &rarr; <strong>1828</strong><br />(-23 for losing)
|l| t3v
|l|☆K3c8ge4
|player|p2|
|l|☆dr. drake6782
|player|p1|
|l| OP Earthquakes
