|j|☆ChessDennis
|j|☆Aunuexah
|t:|1760330347
|gametype|singles
|player|p1|ChessDennis|170|1329
|player|p2|Aunuexah|101|1281
|gen|9
|tier|[Gen 9] OU
|rated|
|rule|HP Percentage Mod: HP is shown in percentages
|rule|Endless Battle Clause: Forcing endless battles is banned
|rule|Species Clause: Limit one of each Pokémon
|rule|OHKO Clause: OHKO moves are banned
|rule|Evasion Items Clause: Evasion items are banned
|rule|Evasion Moves Clause: Evasion moves are banned
|rule|Evasion Abilities Clause: Evasion abilities are banned
|rule|Sleep Moves Clause: Sleep-inducing moves are banned
|clearpoke
|poke|p1|Walking Wake|
|poke|p1|Thundurus-Therian, M|
|poke|p1|Amoonguss, M|
|poke|p1|Gardevoir, M|
|poke|p1|Torkoal, M|
|poke|p1|Kingambit, M|
|poke|p2|Garganacl, M|
|poke|p2|Meowscarada, F|
|poke|p2|Toxapex, M|
|poke|p2|Gliscor, M|
|poke|p2|Garchomp, M|
|poke|p2|Talonflame, M|
|teampreview
|
|t:|1760330359
|teamsize|p1|6
|teamsize|p2|6
|start
|switch|p1a: Gardevoir|Gardevoir, M|100/100
|switch|p2a: Toxapex|Toxapex, M|100/100
|-ability|p1a: Gardevoir|Regenerator|Trace|[from] ability: Trace|[of] p2a: Toxapex
|turn|1
|
|t:|1760330386
|move|p1a: Gardevoir|Knock Off|p2a: Toxapex
|-damage|p2a: Toxapex|92/100
|-enditem|p2a: Toxapex|Leftovers|[from] move: Knock Off|[of] p1a: Gardevoir
|move|p2a: Toxapex|Toxic|p1a: Gardevoir
|-status|p1a: Gardevoir|tox
|
|-damage|p1a: Gardevoir|94/100 tox|[from] psn
|upkeep
|turn|2
|
|t:|1760330394
|move|p2a: Toxapex|Infestation|p1a: Gardevoir
|-damage|p1a: Gardevoir|92/100 tox
|-activate|p1a: Gardevoir|move: Infestation|[of] p2a: Toxapex
|move|p1a: Gardevoir|Trick Room|p1a: Gardevoir
|-fieldstart|move: Trick Room|[of] p1a: Gardevoir
|
|-damage|p1a: Gardevoir|80/100 tox|[from] psn
|-damage|p1a: Gardevoir|67/100 tox|[from] move: Infestation|[partiallytrapped]
|upkeep
|turn|3
|
|t:|1760330407
|move|p2a: Toxapex|Infestation|p1a: Gardevoir
|-damage|p1a: Gardevoir|64/100 tox
|move|p1a: Gardevoir|Moonblast|p2a: Toxapex
|-resisted|p2a: Toxapex
|-damage|p2a: Toxapex|71/100
|-unboost|p2a: Toxapex|spa|1
|
|-damage|p1a: Gardevoir|46/100 tox|[from] psn
|-damage|p1a: Gardevoir|34/100 tox|[from] move: Infestation|[partiallytrapped]
|upkeep
|-enditem|p1a: Gardevoir|Sitrus Berry|[eat]
|-heal|p1a: Gardevoir|59/100 tox|[from] item: Sitrus Berry
|turn|4
|
|t:|1760330415
|move|p2a: Toxapex|Recover|p2a: Toxapex
|-heal|p2a: Toxapex|100/100
|move|p1a: Gardevoir|Healing Wish|p1a: Gardevoir
|faint|p1a: Gardevoir
|
|upkeep
|
|t:|1760330424
|switch|p1a: Torkoal|Torkoal, M|100/100
|-weather|SunnyDay|[from] ability: Drought|[of] p1a: Torkoal
|turn|5
|
|t:|1760330438
|switch|p1a: Amoonguss|Amoonguss, M|100/100
|move|p2a: Toxapex|Toxic|p1a: Amoonguss
|-immune|p1a: Amoonguss
|
|-weather|SunnyDay|[upkeep]
|upkeep
|turn|6
|
|t:|1760330456
|switch|p2a: Meowscarada|Meowscarada, F|100/100
|move|p1a: Amoonguss|Growth|p1a: Amoonguss
|-boost|p1a: Amoonguss|atk|2
|-boost|p1a: Amoonguss|spa|2
|
|-weather|SunnyDay|[upkeep]
|-fieldend|move: Trick Room
|upkeep
|turn|7
|
|t:|1760330470
|move|p2a: Meowscarada|Triple Axel|p1a: Amoonguss
|-start|p2a: Meowscarada|typechange|Ice|[from] ability: Protean
|-supereffective|p1a: Amoonguss
|-damage|p1a: Amoonguss|71/100
|-supereffective|p1a: Amoonguss
|-damage|p1a: Amoonguss|17/100
|-supereffective|p1a: Amoonguss
|-damage|p1a: Amoonguss|0 fnt
|faint|p1a: Amoonguss
|-hitcount|p1: Amoonguss|3
|
|-weather|SunnyDay|[upkeep]
|upkeep
|
|t:|1760330477
|switch|p1a: Thundurus|Thundurus-Therian, M|100/100
|turn|8
|
|t:|1760330482
|move|p1a: Thundurus|Weather Ball|p2a: Meowscarada
|-supereffective|p2a: Meowscarada
|-damage|p2a: Meowscarada|0 fnt
|faint|p2a: Meowscarada
|
|-weather|SunnyDay|[upkeep]
|upkeep
|
|t:|1760330492
|switch|p2a: Garganacl|Garganacl, M|100/100
|turn|9
|
|t:|1760330500
|switch|p1a: Walking Wake|Walking Wake|100/100
|-activate|p1a: Walking Wake|ability: Protosynthesis
|-start|p1a: Walking Wake|protosynthesisspa
|move|p2a: Garganacl|Salt Cure|p1a: Walking Wake
|-damage|p1a: Walking Wake|84/100
|-start|p1a: Walking Wake|Salt Cure
|
|-weather|none
|-end|p1a: Walking Wake|Protosynthesis
|-damage|p1a: Walking Wake|59/100|[from] Salt Cure
|upkeep
|turn|10
|
|t:|1760330516
|-end|p1a: Walking Wake|Protosynthesis|[silent]
|switch|p1a: Torkoal|Torkoal, M|100/100
|-weather|SunnyDay|[from] ability: Drought|[of] p1a: Torkoal
|-terastallize|p2a: Garganacl|Fairy
|move|p2a: Garganacl|Salt Cure|p1a: Torkoal
|-supereffective|p1a: Torkoal
|-damage|p1a: Torkoal|78/100
|-start|p1a: Torkoal|Salt Cure
|
|-weather|SunnyDay|[upkeep]
|-damage|p1a: Torkoal|66/100|[from] Salt Cure
|upkeep
|turn|11
|
|t:|1760330541
|switch|p2a: Gliscor|Gliscor, M|100/100
|move|p1a: Torkoal|Stealth Rock|p2a: Gliscor
|-sidestart|p2: Aunuexah|move: Stealth Rock
|
|-weather|SunnyDay|[upkeep]
|-damage|p1a: Torkoal|54/100|[from] Salt Cure
|-status|p2a: Gliscor|tox|[from] item: Toxic Orb
|upkeep
|turn|12
|
|t:|1760330547
|move|p2a: Gliscor|Toxic|p1a: Torkoal|[miss]
|-miss|p2a: Gliscor|p1a: Torkoal
|move|p1a: Torkoal|Solar Beam||[still]
|-prepare|p1a: Torkoal|Solar Beam
|-anim|p1a: Torkoal|Solar Beam|p2a: Gliscor
|-damage|p2a: Gliscor|70/100 tox
|
|-weather|SunnyDay|[upkeep]
|-heal|p2a: Gliscor|82/100 tox|[from] ability: Poison Heal
|-damage|p1a: Torkoal|41/100|[from] Salt Cure
|upkeep
|turn|13
|
|t:|1760330554
|switch|p1a: Walking Wake|Walking Wake|59/100
|-heal|p1a: Walking Wake|100/100|[from] move: Healing Wish
|-activate|p1a: Walking Wake|ability: Protosynthesis
|-start|p1a: Walking Wake|protosynthesisspa
|move|p2a: Gliscor|Knock Off|p1a: Walking Wake
|-damage|p1a: Walking Wake|72/100
|-enditem|p1a: Walking Wake|Mystic Water|[from] move: Knock Off|[of] p2a: Gliscor
|
|-weather|SunnyDay|[upkeep]
|-heal|p2a: Gliscor|94/100 tox|[from] ability: Poison Heal
|upkeep
|turn|14
|
|t:|1760330563
|move|p2a: Gliscor|Protect|p2a: Gliscor
|-singleturn|p2a: Gliscor|Protect
|move|p1a: Walking Wake|Hydro Steam|p2a: Gliscor
|-activate|p2a: Gliscor|move: Protect
|
|-weather|none
|-end|p1a: Walking Wake|Protosynthesis
|-heal|p2a: Gliscor|100/100 tox|[from] ability: Poison Heal
|upkeep
|turn|15
|
|t:|1760330571
|-end|p1a: Walking Wake|Protosynthesis|[silent]
|switch|p1a: Torkoal|Torkoal, M|41/100
|-weather|SunnyDay|[from] ability: Drought|[of] p1a: Torkoal
|switch|p2a: Toxapex|Toxapex, M|100/100
|-damage|p2a: Toxapex|88/100|[from] Stealth Rock
|
|-weather|SunnyDay|[upkeep]
|upkeep
|turn|16
|
|t:|1760330577
|switch|p1a: Thundurus|Thundurus-Therian, M|100/100
|move|p2a: Toxapex|Toxic|p1a: Thundurus
|-status|p1a: Thundurus|tox
|
|-weather|SunnyDay|[upkeep]
|-damage|p1a: Thundurus|94/100 tox|[from] psn
|upkeep
|turn|17
|
|t:|1760330587
|switch|p2a: Gliscor|Gliscor, M|100/100 tox
|-damage|p2a: Gliscor|88/100 tox|[from] Stealth Rock
|move|p1a: Thundurus|Volt Switch|p2a: Gliscor
|-immune|p2a: Gliscor
|
|-weather|SunnyDay|[upkeep]
|-damage|p1a: Thundurus|82/100 tox|[from] psn
|-heal|p2a: Gliscor|100/100 tox|[from] ability: Poison Heal
|upkeep
|turn|18
|
|t:|1760330591
|switch|p1a: Torkoal|Torkoal, M|41/100
|move|p2a: Gliscor|Knock Off|p1a: Torkoal
|-damage|p1a: Torkoal|22/100
|-enditem|p1a: Torkoal|Heavy-Duty Boots|[from] move: Knock Off|[of] p2a: Gliscor
|
|-weather|SunnyDay|[upkeep]
|upkeep
|turn|19
|
|t:|1760330597
|move|p2a: Gliscor|Earthquake|p1a: Torkoal
|-supereffective|p1a: Torkoal
|-damage|p1a: Torkoal|0 fnt
|faint|p1a: Torkoal
|
|-weather|none
|upkeep
|
|t:|1760330600
|switch|p1a: Walking Wake|Walking Wake|72/100
|turn|20
|
|t:|1760330606
|switch|p2a: Toxapex|Toxapex, M|100/100
|-damage|p2a: Toxapex|88/100|[from] Stealth Rock
|move|p1a: Walking Wake|Sunny Day|p1a: Walking Wake
|-weather|SunnyDay
|-activate|p1a: Walking Wake|ability: Protosynthesis
|-start|p1a: Walking Wake|protosynthesisspa
|
|-weather|SunnyDay|[upkeep]
|upkeep
|turn|21
|
|t:|1760330612
|-terastallize|p1a: Walking Wake|Water
|move|p1a: Walking Wake|Hydro Steam|p2a: Toxapex
|-resisted|p2a: Toxapex
|-damage|p2a: Toxapex|47/100
|move|p2a: Toxapex|Toxic|p1a: Walking Wake
|-status|p1a: Walking Wake|tox
|
|-weather|SunnyDay|[upkeep]
|-damage|p1a: Walking Wake|66/100 tox|[from] psn
|upkeep
|turn|22
|
|t:|1760330630
|move|p1a: Walking Wake|Draco Meteor|p2a: Toxapex
|-damage|p2a: Toxapex|0 fnt
|-unboost|p1a: Walking Wake|spa|2
|faint|p2a: Toxapex
|
|-weather|SunnyDay|[upkeep]
|-damage|p1a: Walking Wake|53/100 tox|[from] psn
|upkeep
|
|t:|1760330639
|switch|p2a: Talonflame|Talonflame, M|100/100
|turn|23
|
|t:|1760330642
|move|p2a: Talonflame|Brave Bird|p1a: Walking Wake
|-damage|p1a: Walking Wake|3/100 tox
|-damage|p2a: Talonflame|82/100|[from] Recoil
|move|p1a: Walking Wake|Hydro Steam|p2a: Talonflame
|-supereffective|p2a: Talonflame
|-damage|p2a: Talonflame|0 fnt
|faint|p2a: Talonflame
|
|-weather|SunnyDay|[upkeep]
|-damage|p1a: Walking Wake|0 fnt|[from] psn
|faint|p1a: Walking Wake
|-end|p1a: Walking Wake|Protosynthesis|[silent]
|upkeep
|
|t:|1760330651
|switch|p2a: Gliscor|Gliscor, M|100/100 tox
|switch|p1a: Thundurus|Thundurus-Therian, M|82/100 tox
|-damage|p2a: Gliscor|88/100 tox|[from] Stealth Rock
|turn|24
|
|t:|1760330661
|move|p2a: Gliscor|Protect|p2a: Gliscor
|-singleturn|p2a: Gliscor|Protect
|move|p1a: Thundurus|Weather Ball|p2a: Gliscor
|-activate|p2a: Gliscor|move: Protect
|
|-weather|none
|-damage|p1a: Thundurus|76/100 tox|[from] psn
|-heal|p2a: Gliscor|100/100 tox|[from] ability: Poison Heal
|upkeep
|turn|25
|
|t:|1760330668
|move|p1a: Thundurus|Weather Ball|p2a: Gliscor
|-damage|p2a: Gliscor|81/100 tox
|move|p2a: Gliscor|Knock Off|p1a: Thundurus
|-damage|p1a: Thundurus|37/100 tox
|-enditem|p1a: Thundurus|Choice Scarf|[from] move: Knock Off|[of] p2a: Gliscor
|
|-damage|p1a: Thundurus|25/100 tox|[from] psn
|-heal|p2a: Gliscor|94/100 tox|[from] ability: Poison Heal
|upkeep
|turn|26
|
|t:|1760330680
|move|p2a: Gliscor|Protect|p2a: Gliscor
|-singleturn|p2a: Gliscor|Protect
|move|p1a: Thundurus|Volt Switch|p2a: Gliscor
|-activate|p2a: Gliscor|move: Protect
|
|-damage|p1a: Thundurus|7/100 tox|[from] psn
|-heal|p2a: Gliscor|100/100 tox|[from] ability: Poison Heal
|upkeep
|turn|27
|
|t:|1760330695
|switch|p2a: Garchomp|Garchomp, M|100/100
|-damage|p2a: Garchomp|94/100|[from] Stealth Rock
|move|p1a: Thundurus|Tera Blast|p2a: Garchomp
|-damage|p2a: Garchomp|68/100
|
|-damage|p1a: Thundurus|0 fnt|[from] psn
|faint|p1a: Thundurus
|upkeep
|
|t:|1760330697
|switch|p1a: Kingambit|Kingambit, M|100/100
|-activate|p1a: Kingambit|ability: Supreme Overlord
|-start|p1a: Kingambit|fallen5|[silent]
|turn|28
|
|t:|1760330707
|move|p2a: Garchomp|Earthquake|p1a: Kingambit
|-supereffective|p1a: Kingambit
|-damage|p1a: Kingambit|40/100
|move|p1a: Kingambit|Swords Dance|p1a: Kingambit
|-boost|p1a: Kingambit|atk|2
|
|upkeep
|turn|29
|
|t:|1760330715
|move|p1a: Kingambit|Sucker Punch|p2a: Garchomp
|-damage|p2a: Garchomp|0 fnt
|-damage|p1a: Kingambit|28/100|[from] ability: Rough Skin|[of] p2a: Garchomp
|-damage|p1a: Kingambit|11/100|[from] item: Rocky Helmet|[of] p2a: Garchomp
|faint|p2a: Garchomp
|
|upkeep
|
|t:|1760330722
|switch|p2a: Gliscor|Gliscor, M|100/100 tox
|-damage|p2a: Gliscor|88/100 tox|[from] Stealth Rock
|turn|30
|
|t:|1760330728
|move|p1a: Kingambit|Sucker Punch|p2a: Gliscor
|-damage|p2a: Gliscor|0 fnt
|faint|p2a: Gliscor
|
|upkeep
|
|t:|1760330731
|switch|p2a: Garganacl|Garganacl, M, tera:Fairy|100/100
|-damage|p2a: Garganacl|88/100|[from] Stealth Rock
|turn|31
|
|t:|1760330739
|move|p2a: Garganacl|Salt Cure|p1a: Kingambit
|-resisted|p1a: Kingambit
|-damage|p1a: Kingambit|7/100
|-start|p1a: Kingambit|Salt Cure
|move|p1a: Kingambit|Iron Head|p2a: Garganacl
|-supereffective|p2a: Garganacl
|-damage|p2a: Garganacl|0 fnt
|faint|p2a: Garganacl
|
|win|ChessDennis
|raw|ChessDennis's rating: 1329 &rarr; <strong>1346</strong><br />(+17 for winning)
|raw|Aunuexah's rating: 1281 &rarr; <strong>1259</strong><br />(-22 for losing)
|l|☆Aunuexah
|player|p2|
|l|☆ChessDennis
|player|p1|
