|j|☆Toxtricity4Smadh
|j|☆vikscon
|t:|1760364061
|gametype|singles
|player|p1|Toxtricity4Smadh|102|1069
|player|p2|vikscon|supernerd|1116
|gen|9
|tier|[Gen 9] OU
|rated|
|rule|HP Percentage Mod: HP is shown in percentages
|rule|Endless Battle Clause: Forcing endless battles is banned
|rule|Species Clause: Limit one of each Pokémon
|rule|OHKO Clause: OHKO moves are banned
|rule|Evasion Items Clause: Evasion items are banned
|rule|Evasion Moves Clause: Evasion moves are banned
|rule|Evasion Abilities Clause: Evasion abilities are banned
|rule|Sleep Moves Clause: Sleep-inducing moves are banned
|clearpoke
|poke|p1|Smeargle, M|
|poke|p1|Zamazenta-*|
|poke|p1|Blaziken, F|
|poke|p1|Grafaiai, F|
|poke|p1|Primarina, F|
|poke|p1|Gliscor, M|
|poke|p2|Ninetales-Alola, F|
|poke|p2|Cetitan, M|
|poke|p2|Clefable, F|
|poke|p2|Hatterene, F|
|poke|p2|Landorus-Therian, M|
|poke|p2|Manaphy|
|teampreview
|inactive|Battle timer is ON: inactive players will automatically lose when time's up. (requested by vikscon)
|c|☆vikscon|hey.......
|
|t:|1760364082
|teamsize|p1|6
|teamsize|p2|6
|start
|switch|p1a: Smeargle|Smeargle, M, shiny|100/100
|switch|p2a: Ninetales|Ninetales-Alola, F, shiny|100/100
|-weather|Snowscape|[from] ability: Snow Warning|[of] p2a: Ninetales
|turn|1
|
|t:|1760364091
|move|p2a: Ninetales|Aurora Veil|p2a: Ninetales
|-sidestart|p2: vikscon|move: Aurora Veil
|move|p1a: Smeargle|Sticky Web|p2a: Ninetales
|-sidestart|p2: vikscon|move: Sticky Web
|
|-weather|Snowscape|[upkeep]
|upkeep
|turn|2
|
|t:|1760364102
|move|p2a: Ninetales|Moonblast|p1a: Smeargle
|-damage|p1a: Smeargle|29/100
|move|p1a: Smeargle|Mortal Spin|p2a: Ninetales
|-supereffective|p2a: Ninetales
|-damage|p2a: Ninetales|98/100
|-status|p2a: Ninetales|psn
|
|-weather|Snowscape|[upkeep]
|-damage|p2a: Ninetales|86/100 psn|[from] psn
|upkeep
|turn|3
|
|t:|1760364118
|move|p2a: Ninetales|Freeze-Dry|p1a: Smeargle
|-damage|p1a: Smeargle|0 fnt
|faint|p1a: Smeargle
|
|-weather|Snowscape|[upkeep]
|-damage|p2a: Ninetales|74/100 psn|[from] psn
|upkeep
|inactive|Toxtricity4Smadh has 120 seconds left.
|
|t:|1760364138
|switch|p1a: Blaziken|Blaziken, F|100/100
|turn|4
|
|t:|1760364147
|move|p1a: Blaziken|Protect|p1a: Blaziken
|-singleturn|p1a: Blaziken|Protect
|move|p2a: Ninetales|Psyshock|p1a: Blaziken
|-activate|p1a: Blaziken|move: Protect
|
|-weather|Snowscape|[upkeep]
|-damage|p2a: Ninetales|61/100 psn|[from] psn
|-ability|p1a: Blaziken|Speed Boost|boost
|-boost|p1a: Blaziken|spe|1
|upkeep
|turn|5
|inactive|Toxtricity4Smadh has 120 seconds left.
|
|t:|1760364171
|switch|p2a: Landorus|Landorus-Therian, M, shiny|100/100
|-ability|p2a: Landorus|Intimidate|boost
|-unboost|p1a: Blaziken|atk|1
|-enditem|p1a: Blaziken|Eject Pack
|c|☆vikscon|hmm..
|inactive|Toxtricity4Smadh has 120 seconds left.
|
|t:|1760364177
|switch|p1a: Primarina|Primarina, F, shiny|100/100
|
|-weather|Snowscape|[upkeep]
|-sideend|p2: vikscon|move: Aurora Veil
|upkeep
|turn|6
|
|t:|1760364186
|switch|p2a: Manaphy|Manaphy, shiny|100/100
|-activate|p2a: Manaphy|move: Sticky Web
|-unboost|p2a: Manaphy|spe|1
|move|p1a: Primarina|Hyper Voice|p2a: Manaphy
|-resisted|p2a: Manaphy
|-damage|p2a: Manaphy|81/100
|-enditem|p1a: Primarina|Throat Spray
|-boost|p1a: Primarina|spa|1|[from] item: Throat Spray
|
|-weather|Snowscape|[upkeep]
|-heal|p2a: Manaphy|87/100|[from] item: Leftovers
|upkeep
|turn|7
|
|t:|1760364197
|move|p2a: Manaphy|Tail Glow|p2a: Manaphy
|-boost|p2a: Manaphy|spa|3
|move|p1a: Primarina|Moonblast|p2a: Manaphy
|-damage|p2a: Manaphy|15/100
|-unboost|p2a: Manaphy|spa|1
|
|-weather|Snowscape|[upkeep]
|-heal|p2a: Manaphy|21/100|[from] item: Leftovers
|upkeep
|turn|8
|
|t:|1760364206
|move|p2a: Manaphy|Energy Ball|p1a: Primarina
|-supereffective|p1a: Primarina
|-damage|p1a: Primarina|14/100
|move|p1a: Primarina|Moonblast|p2a: Manaphy
|-damage|p2a: Manaphy|0 fnt
|faint|p2a: Manaphy
|
|-weather|none
|upkeep
|c|☆vikscon|omg
|
|t:|1760364217
|switch|p2a: Ninetales|Ninetales-Alola, F, shiny|61/100 psn
|-activate|p2a: Ninetales|move: Sticky Web
|-unboost|p2a: Ninetales|spe|1
|-weather|Snowscape|[from] ability: Snow Warning|[of] p2a: Ninetales
|turn|9
|
|t:|1760364223
|move|p2a: Ninetales|Freeze-Dry|p1a: Primarina
|-supereffective|p1a: Primarina
|-damage|p1a: Primarina|0 fnt
|faint|p1a: Primarina
|
|-weather|Snowscape|[upkeep]
|-damage|p2a: Ninetales|49/100 psn|[from] psn
|upkeep
|
|t:|1760364238
|switch|p1a: Blaziken|Blaziken, F|100/100
|turn|10
|
|t:|1760364241
|switch|p2a: Landorus|Landorus-Therian, M, shiny|100/100
|-ability|p2a: Landorus|Intimidate|boost
|-unboost|p1a: Blaziken|atk|1
|move|p1a: Blaziken|Flare Blitz|p2a: Landorus
|-damage|p2a: Landorus|51/100
|-damage|p1a: Blaziken|83/100|[from] Recoil
|
|-weather|Snowscape|[upkeep]
|-heal|p2a: Landorus|57/100|[from] item: Leftovers
|-ability|p1a: Blaziken|Speed Boost|boost
|-boost|p1a: Blaziken|spe|1
|upkeep
|turn|11
|
|t:|1760364255
|move|p1a: Blaziken|Flare Blitz|p2a: Landorus
|-damage|p2a: Landorus|3/100
|-damage|p1a: Blaziken|65/100|[from] Recoil
|move|p2a: Landorus|U-turn|p1a: Blaziken
|-resisted|p1a: Blaziken
|-damage|p1a: Blaziken|54/100
|
|t:|1760364261
|switch|p2a: Cetitan|Cetitan, M|100/100|[from] U-turn
|-activate|p2a: Cetitan|move: Sticky Web
|-unboost|p2a: Cetitan|spe|1
|
|-weather|Snowscape|[upkeep]
|-ability|p1a: Blaziken|Speed Boost|boost
|-boost|p1a: Blaziken|spe|1
|upkeep
|turn|12
|
|t:|1760364268
|-terastallize|p2a: Cetitan|Water
|move|p1a: Blaziken|Close Combat|p2a: Cetitan
|-damage|p2a: Cetitan|55/100
|-unboost|p1a: Blaziken|def|1
|-unboost|p1a: Blaziken|spd|1
|move|p2a: Cetitan|Earthquake|p1a: Blaziken
|-supereffective|p1a: Blaziken
|-damage|p1a: Blaziken|0 fnt
|faint|p1a: Blaziken
|
|-weather|Snowscape|[upkeep]
|upkeep
|
|t:|1760364279
|switch|p1a: Grafaiai|Grafaiai, F|100/100
|turn|13
|
|t:|1760364288
|move|p1a: Grafaiai|Toxic|p2a: Cetitan
|-status|p2a: Cetitan|tox
|move|p2a: Cetitan|Earthquake|p1a: Grafaiai
|-supereffective|p1a: Grafaiai
|-damage|p1a: Grafaiai|0 fnt
|faint|p1a: Grafaiai
|
|-weather|Snowscape|[upkeep]
|-damage|p2a: Cetitan|49/100 tox|[from] psn
|upkeep
|-enditem|p2a: Cetitan|Sitrus Berry|[eat]
|-heal|p2a: Cetitan|74/100 tox|[from] item: Sitrus Berry
|
|t:|1760364297
|switch|p1a: Zamazenta|Zamazenta|100/100
|-ability|p1a: Zamazenta|Dauntless Shield|boost
|-boost|p1a: Zamazenta|def|1
|turn|14
|
|t:|1760364313
|switch|p2a: Landorus|Landorus-Therian, M, shiny|3/100
|-ability|p2a: Landorus|Intimidate|boost
|-unboost|p1a: Zamazenta|atk|1
|move|p1a: Zamazenta|Iron Defense|p1a: Zamazenta
|-boost|p1a: Zamazenta|def|2
|
|-weather|Snowscape|[upkeep]
|-heal|p2a: Landorus|9/100|[from] item: Leftovers
|upkeep
|turn|15
|
|t:|1760364324
|move|p1a: Zamazenta|Iron Head|p2a: Landorus
|-damage|p2a: Landorus|0 fnt
|faint|p2a: Landorus
|
|-weather|Snowscape|[upkeep]
|upkeep
|
|t:|1760364327
|switch|p2a: Clefable|Clefable, F|100/100
|-activate|p2a: Clefable|move: Sticky Web
|-unboost|p2a: Clefable|spe|1
|turn|16
|
|t:|1760364334
|-terastallize|p1a: Zamazenta|Steel
|move|p1a: Zamazenta|Iron Head|p2a: Clefable
|-supereffective|p2a: Clefable
|-damage|p2a: Clefable|35/100
|move|p2a: Clefable|Moonblast|p1a: Zamazenta
|-resisted|p1a: Zamazenta
|-damage|p1a: Zamazenta|88/100
|
|-weather|none
|-heal|p1a: Zamazenta|94/100|[from] item: Leftovers
|-heal|p2a: Clefable|41/100|[from] item: Leftovers
|upkeep
|turn|17
|inactive|vikscon has 120 seconds left.
|
|t:|1760364379
|move|p1a: Zamazenta|Iron Head|p2a: Clefable
|-supereffective|p2a: Clefable
|-damage|p2a: Clefable|0 fnt
|faint|p2a: Clefable
|
|-heal|p1a: Zamazenta|99/100|[from] item: Leftovers
|upkeep
|
|t:|1760364385
|switch|p2a: Hatterene|Hatterene, F, shiny|100/100
|-activate|p2a: Hatterene|move: Sticky Web
|-unboost|p2a: Hatterene|spe|1
|turn|18
|
|t:|1760364391
|move|p1a: Zamazenta|Iron Head|p2a: Hatterene
|-supereffective|p2a: Hatterene
|-damage|p2a: Hatterene|40/100
|move|p2a: Hatterene|Mystical Fire|p1a: Zamazenta
|-supereffective|p1a: Zamazenta
|-damage|p1a: Zamazenta|54/100
|-unboost|p1a: Zamazenta|spa|1
|
|-heal|p1a: Zamazenta|60/100|[from] item: Leftovers
|-heal|p2a: Hatterene|46/100|[from] item: Leftovers
|upkeep
|turn|19
|
|t:|1760364400
|move|p1a: Zamazenta|Iron Head|p2a: Hatterene
|-supereffective|p2a: Hatterene
|-damage|p2a: Hatterene|0 fnt
|faint|p2a: Hatterene
|
|-heal|p1a: Zamazenta|66/100|[from] item: Leftovers
|upkeep
|
|t:|1760364403
|switch|p2a: Ninetales|Ninetales-Alola, F, shiny|49/100 psn
|-activate|p2a: Ninetales|move: Sticky Web
|-unboost|p2a: Ninetales|spe|1
|-weather|Snowscape|[from] ability: Snow Warning|[of] p2a: Ninetales
|turn|20
|
|t:|1760364410
|move|p1a: Zamazenta|Iron Head|p2a: Ninetales
|-supereffective|p2a: Ninetales
|-damage|p2a: Ninetales|0 fnt
|faint|p2a: Ninetales
|
|-weather|Snowscape|[upkeep]
|-heal|p1a: Zamazenta|73/100|[from] item: Leftovers
|upkeep
|
|t:|1760364412
|switch|p2a: Cetitan|Cetitan, M, tera:Water|74/100 tox
|-activate|p2a: Cetitan|move: Sticky Web
|-unboost|p2a: Cetitan|spe|1
|turn|21
|
|t:|1760364419
|move|p2a: Cetitan|Earthquake|p1a: Zamazenta
|-supereffective|p1a: Zamazenta
|-damage|p1a: Zamazenta|51/100
|move|p1a: Zamazenta|Body Press|p2a: Cetitan
|-damage|p2a: Cetitan|0 fnt
|faint|p2a: Cetitan
|
|win|Toxtricity4Smadh
|raw|Toxtricity4Smadh's rating: 1069 &rarr; <strong>1103</strong><br />(+34 for winning)
|raw|vikscon's rating: 1116 &rarr; <strong>1088</strong><br />(-28 for losing)
|l|☆Toxtricity4Smadh
|player|p1|
|l|☆vikscon
|player|p2|
