|j|☆Dojaxsza
|j|☆tombo42
|t:|1760331317
|gametype|singles
|player|p1|Dojaxsza|dawn|1210
|player|p2|tombo42|265|1213
|gen|9
|tier|[Gen 9] OU
|rated|
|rule|HP Percentage Mod: HP is shown in percentages
|rule|Endless Battle Clause: Forcing endless battles is banned
|rule|Species Clause: Limit one of each Pokémon
|rule|OHKO Clause: OHKO moves are banned
|rule|Evasion Items Clause: Evasion items are banned
|rule|Evasion Moves Clause: Evasion moves are banned
|rule|Evasion Abilities Clause: Evasion abilities are banned
|rule|Sleep Moves Clause: Sleep-inducing moves are banned
|clearpoke
|poke|p1|Azumarill, F|
|poke|p1|Whimsicott, M|
|poke|p1|Florges-Yellow, F|
|poke|p1|Jolteon, F|
|poke|p1|Banette, F|
|poke|p1|Lucario, F|
|poke|p2|Torkoal, M|
|poke|p2|Great Tusk|
|poke|p2|Venusaur, M|
|poke|p2|Lilligant-Hisui, F|
|poke|p2|Walking Wake|
|poke|p2|Hatterene, F|
|teampreview
|
|t:|1760331334
|teamsize|p1|6
|teamsize|p2|6
|start
|switch|p1a: Jolteon|Jolteon, F|100/100
|switch|p2a: Torkoal|Torkoal, M|100/100
|-weather|SunnyDay|[from] ability: Drought|[of] p2a: Torkoal
|turn|1
|
|t:|1760331343
|switch|p2a: Hatterene|Hatterene, F|100/100
|move|p1a: Jolteon|Volt Switch|p2a: Hatterene
|-damage|p2a: Hatterene|47/100
|-enditem|p2a: Hatterene|Eject Button
|
|t:|1760331350
|switch|p2a: Lilligant|Lilligant-Hisui, F|100/100
|
|-weather|SunnyDay|[upkeep]
|upkeep
|turn|2
|
|t:|1760331365
|switch|p1a: Florges|Florges-Yellow, F|100/100
|move|p2a: Lilligant|Solar Blade||[still]
|-prepare|p2a: Lilligant|Solar Blade
|-anim|p2a: Lilligant|Solar Blade|p1a: Florges
|-damage|p1a: Florges|1/100
|-damage|p2a: Lilligant|91/100|[from] item: Life Orb
|
|-weather|SunnyDay|[upkeep]
|upkeep
|turn|3
|
|t:|1760331375
|move|p2a: Lilligant|Solar Blade||[still]
|-prepare|p2a: Lilligant|Solar Blade
|-anim|p2a: Lilligant|Solar Blade|p1a: Florges
|-damage|p1a: Florges|0 fnt
|faint|p1a: Florges
|-damage|p2a: Lilligant|81/100|[from] item: Life Orb
|
|-weather|SunnyDay|[upkeep]
|upkeep
|
|t:|1760331391
|switch|p1a: Lucario|Lucario, F|100/100
|turn|4
|
|t:|1760331395
|move|p2a: Lilligant|Close Combat|p1a: Lucario
|-supereffective|p1a: Lucario
|-enditem|p1a: Lucario|Focus Sash
|-damage|p1a: Lucario|1/100
|-unboost|p2a: Lilligant|def|1
|-unboost|p2a: Lilligant|spd|1
|-damage|p2a: Lilligant|71/100|[from] item: Life Orb
|move|p1a: Lucario|Aura Sphere|p2a: Lilligant
|-damage|p2a: Lilligant|0 fnt
|faint|p2a: Lilligant
|
|-weather|SunnyDay|[upkeep]
|upkeep
|
|t:|1760331409
|switch|p2a: Venusaur|Venusaur, M|100/100
|turn|5
|
|t:|1760331422
|switch|p1a: Banette|Banette, F|100/100
|-item|p2a: Venusaur|Leftovers|[from] ability: Frisk|[of] p1a: Banette
|move|p2a: Venusaur|Growth|p2a: Venusaur
|-boost|p2a: Venusaur|atk|2
|-boost|p2a: Venusaur|spa|2
|
|-weather|SunnyDay|[upkeep]
|upkeep
|turn|6
|
|t:|1760331433
|move|p2a: Venusaur|Sludge Bomb|p1a: Banette
|-resisted|p1a: Banette
|-damage|p1a: Banette|43/100
|move|p1a: Banette|Poltergeist|p2a: Venusaur
|-activate|p2a: Venusaur|move: Poltergeist|Leftovers
|-damage|p2a: Venusaur|14/100
|
|-weather|SunnyDay|[upkeep]
|-heal|p2a: Venusaur|20/100|[from] item: Leftovers
|upkeep
|turn|7
|
|t:|1760331443
|move|p1a: Banette|Shadow Sneak|p2a: Venusaur
|-damage|p2a: Venusaur|0 fnt
|faint|p2a: Venusaur
|
|-weather|SunnyDay|[upkeep]
|upkeep
|
|t:|1760331451
|switch|p2a: Walking Wake|Walking Wake|100/100
|-activate|p2a: Walking Wake|ability: Protosynthesis
|-start|p2a: Walking Wake|protosynthesisspe
|turn|8
|
|t:|1760331459
|move|p2a: Walking Wake|Dragon Pulse|p1a: Banette
|-damage|p1a: Banette|0 fnt
|faint|p1a: Banette
|
|-weather|none
|-end|p2a: Walking Wake|Protosynthesis
|upkeep
|
|t:|1760331461
|switch|p1a: Azumarill|Azumarill, F|100/100
|turn|9
|
|t:|1760331478
|move|p2a: Walking Wake|Dragon Pulse|p1a: Azumarill
|-immune|p1a: Azumarill
|move|p1a: Azumarill|Play Rough|p2a: Walking Wake
|-supereffective|p2a: Walking Wake
|-damage|p2a: Walking Wake|0 fnt
|faint|p2a: Walking Wake
|-end|p2a: Walking Wake|Protosynthesis|[silent]
|
|upkeep
|
|t:|1760331498
|switch|p2a: Great Tusk|Great Tusk|100/100
|turn|10
|
|t:|1760331513
|-terastallize|p2a: Great Tusk|Ice
|move|p2a: Great Tusk|Bulk Up|p2a: Great Tusk
|-boost|p2a: Great Tusk|atk|1
|-boost|p2a: Great Tusk|def|1
|move|p1a: Azumarill|Play Rough|p2a: Great Tusk
|-damage|p2a: Great Tusk|64/100
|
|-heal|p2a: Great Tusk|70/100|[from] item: Leftovers
|upkeep
|turn|11
|
|t:|1760331525
|move|p2a: Great Tusk|Bulk Up|p2a: Great Tusk
|-boost|p2a: Great Tusk|atk|1
|-boost|p2a: Great Tusk|def|1
|move|p1a: Azumarill|Play Rough|p2a: Great Tusk
|-damage|p2a: Great Tusk|44/100
|
|-heal|p2a: Great Tusk|50/100|[from] item: Leftovers
|upkeep
|turn|12
|
|t:|1760331535
|move|p2a: Great Tusk|Rapid Spin|p1a: Azumarill
|-crit|p1a: Azumarill
|-damage|p1a: Azumarill|45/100
|-boost|p2a: Great Tusk|spe|1
|move|p1a: Azumarill|Play Rough|p2a: Great Tusk
|-damage|p2a: Great Tusk|25/100
|
|-heal|p2a: Great Tusk|31/100|[from] item: Leftovers
|upkeep
|turn|13
|
|t:|1760331545
|move|p2a: Great Tusk|Earthquake|p1a: Azumarill
|-damage|p1a: Azumarill|0 fnt
|faint|p1a: Azumarill
|
|-heal|p2a: Great Tusk|37/100|[from] item: Leftovers
|upkeep
|
|t:|1760331547
|switch|p1a: Lucario|Lucario, F|1/100
|turn|14
|
|t:|1760331555
|move|p1a: Lucario|Vacuum Wave|p2a: Great Tusk
|-supereffective|p2a: Great Tusk
|-damage|p2a: Great Tusk|0 fnt
|faint|p2a: Great Tusk
|-end|p2a: Great Tusk|Protosynthesis|[silent]
|
|upkeep
|-message|tombo42 forfeited.
|
|win|Dojaxsza
|raw|Dojaxsza's rating: 1210 &rarr; <strong>1235</strong><br />(+25 for winning)
|raw|tombo42's rating: 1213 &rarr; <strong>1188</strong><br />(-25 for losing)
|l|☆tombo42
|player|p2|
|l|☆Dojaxsza
|player|p1|
