|badge|p2|bronze|gen9ubers|100-7
|uhtml|medal-msg|<div class="broadcast-blue">Curious what those medals under the avatar are? PS now has Ladder Seasons! For more information, check out the <a href="https://www.smogon.com/forums/threads/3740067/">thread on Smogon.</a></div>
|j|☆arthurfr4545
|j|☆Nikator98
|t:|1760367243
|gametype|singles
|player|p1|arthurfr4545|169|1714
|player|p2|Nikator98|giovanni|1696
|gen|9
|tier|[Gen 9] OU
|rated|
|rule|HP Percentage Mod: HP is shown in percentages
|rule|Endless Battle Clause: Forcing endless battles is banned
|rule|Species Clause: Limit one of each Pokémon
|rule|OHKO Clause: OHKO moves are banned
|rule|Evasion Items Clause: Evasion items are banned
|rule|Evasion Moves Clause: Evasion moves are banned
|rule|Evasion Abilities Clause: Evasion abilities are banned
|rule|Sleep Moves Clause: Sleep-inducing moves are banned
|clearpoke
|poke|p1|Entei|
|poke|p1|Great Tusk|
|poke|p1|Heatran, M|
|poke|p1|Latios, M|
|poke|p1|Kingambit, F|
|poke|p1|Rotom-Wash|
|poke|p2|Metagross|
|poke|p2|Great Tusk|
|poke|p2|Haxorus, M|
|poke|p2|Iron Moth|
|poke|p2|Zoroark-Hisui, M|
|poke|p2|Ninetales-Alola, F|
|teampreview
|inactive|Battle timer is ON: inactive players will automatically lose when time's up. (requested by arthurfr4545)
|
|t:|1760367255
|teamsize|p1|6
|teamsize|p2|6
|start
|switch|p1a: Rotom|Rotom-Wash|100/100
|switch|p2a: Kumaryia|Great Tusk, shiny|100/100
|turn|1
|
|t:|1760367260
|move|p2a: Kumaryia|Bitter Malice|p1a: Rotom
|-damage|p1a: Rotom|40/100
|-unboost|p1a: Rotom|atk|1
|move|p1a: Rotom|Hydro Pump|p2a: Kumaryia
|-damage|p2a: Kumaryia|16/100
|replace|p2a: Van Helsing|Zoroark-Hisui, M, shiny
|-end|p2a: Van Helsing|Illusion
|
|-heal|p1a: Rotom|47/100|[from] item: Leftovers
|upkeep
|turn|2
|
|t:|1760367270
|switch|p1a: Heatran|Heatran, M|100/100
|move|p2a: Van Helsing|Bitter Malice|p1a: Heatran
|-damage|p1a: Heatran|73/100
|-unboost|p1a: Heatran|atk|1
|
|upkeep
|turn|3
|
|t:|1760367282
|move|p2a: Van Helsing|Bitter Malice|p1a: Heatran
|-damage|p1a: Heatran|44/100
|-unboost|p1a: Heatran|atk|1
|move|p1a: Heatran|Lava Plume|p2a: Van Helsing
|-damage|p2a: Van Helsing|0 fnt
|faint|p2a: Van Helsing
|
|upkeep
|
|t:|1760367297
|switch|p2a: Kumaryia|Great Tusk, shiny|100/100
|turn|4
|
|t:|1760367300
|move|p2a: Kumaryia|Knock Off|p1a: Heatran
|-damage|p1a: Heatran|17/100
|-enditem|p1a: Heatran|Assault Vest|[from] move: Knock Off|[of] p2a: Kumaryia
|move|p1a: Heatran|Lava Plume|p2a: Kumaryia
|-damage|p2a: Kumaryia|40/100
|
|upkeep
|turn|5
|
|t:|1760367307
|switch|p1a: Great Tusk|Great Tusk|100/100
|move|p2a: Kumaryia|Knock Off|p1a: Great Tusk
|-resisted|p1a: Great Tusk
|-damage|p1a: Great Tusk|92/100
|-damage|p2a: Kumaryia|24/100|[from] item: Rocky Helmet|[of] p1a: Great Tusk
|-enditem|p1a: Great Tusk|Rocky Helmet|[from] move: Knock Off|[of] p2a: Kumaryia
|
|upkeep
|turn|6
|
|t:|1760367316
|-end|p2a: Kumaryia|Protosynthesis|[silent]
|switch|p2a: Asfaloth|Ninetales-Alola, F, shiny|100/100
|-weather|Snowscape|[from] ability: Snow Warning|[of] p2a: Asfaloth
|move|p1a: Great Tusk|Stealth Rock|p2a: Asfaloth
|-sidestart|p2: Nikator98|move: Stealth Rock
|
|-weather|Snowscape|[upkeep]
|upkeep
|turn|7
|
|t:|1760367323
|-end|p1a: Great Tusk|Protosynthesis|[silent]
|switch|p1a: Heatran|Heatran, M|17/100
|move|p2a: Asfaloth|Aurora Veil|p2a: Asfaloth
|-sidestart|p2: Nikator98|move: Aurora Veil
|
|-weather|Snowscape|[upkeep]
|upkeep
|turn|8
|
|t:|1760367346
|move|p2a: Asfaloth|Moonblast|p1a: Heatran
|-resisted|p1a: Heatran
|-damage|p1a: Heatran|11/100
|move|p1a: Heatran|Lava Plume|p2a: Asfaloth
|-supereffective|p2a: Asfaloth
|-damage|p2a: Asfaloth|55/100
|-status|p2a: Asfaloth|brn
|
|-weather|Snowscape|[upkeep]
|-damage|p2a: Asfaloth|49/100 brn|[from] brn
|upkeep
|turn|9
|
|t:|1760367355
|move|p2a: Asfaloth|Moonblast|p1a: Heatran
|-resisted|p1a: Heatran
|-damage|p1a: Heatran|6/100
|move|p1a: Heatran|Flash Cannon|p2a: Asfaloth
|-supereffective|p2a: Asfaloth
|-damage|p2a: Asfaloth|0 fnt
|faint|p2a: Asfaloth
|
|-weather|Snowscape|[upkeep]
|upkeep
|
|t:|1760367363
|switch|p2a: Kumaryia|Great Tusk, shiny|24/100
|turn|10
|
|t:|1760367366
|switch|p1a: Great Tusk|Great Tusk|92/100
|move|p2a: Kumaryia|Rapid Spin|p1a: Great Tusk
|-damage|p1a: Great Tusk|84/100
|-boost|p2a: Kumaryia|spe|1
|-sideend|p2: Nikator98|Stealth Rock|[from] move: Rapid Spin|[of] p2a: Kumaryia
|
|-weather|none
|upkeep
|turn|11
|
|t:|1760367375
|move|p2a: Kumaryia|Ice Spinner|p1a: Great Tusk
|-supereffective|p1a: Great Tusk
|-damage|p1a: Great Tusk|54/100
|move|p1a: Great Tusk|Stealth Rock|p2a: Kumaryia
|-sidestart|p2: Nikator98|move: Stealth Rock
|
|upkeep
|turn|12
|
|t:|1760367380
|move|p2a: Kumaryia|Rapid Spin|p1a: Great Tusk
|-damage|p1a: Great Tusk|45/100
|-boost|p2a: Kumaryia|spe|1
|-sideend|p2: Nikator98|Stealth Rock|[from] move: Rapid Spin|[of] p2a: Kumaryia
|move|p1a: Great Tusk|Earthquake|p2a: Kumaryia
|-damage|p2a: Kumaryia|9/100
|
|upkeep
|turn|13
|
|t:|1760367391
|move|p2a: Kumaryia|Ice Spinner|p1a: Great Tusk
|-supereffective|p1a: Great Tusk
|-damage|p1a: Great Tusk|19/100
|move|p1a: Great Tusk|Rapid Spin|p2a: Kumaryia
|-damage|p2a: Kumaryia|4/100
|-boost|p1a: Great Tusk|spe|1
|
|upkeep
|turn|14
|
|t:|1760367398
|move|p2a: Kumaryia|Ice Spinner|p1a: Great Tusk
|-supereffective|p1a: Great Tusk
|-damage|p1a: Great Tusk|0 fnt
|faint|p1a: Great Tusk
|-end|p1a: Great Tusk|Protosynthesis|[silent]
|
|-sideend|p2: Nikator98|move: Aurora Veil
|upkeep
|
|t:|1760367402
|switch|p1a: Entei|Entei|100/100
|-ability|p1a: Entei|Pressure
|turn|15
|
|t:|1760367425
|move|p1a: Entei|Extreme Speed|p2a: Kumaryia
|-damage|p2a: Kumaryia|0 fnt
|faint|p2a: Kumaryia
|-end|p2a: Kumaryia|Protosynthesis|[silent]
|
|upkeep
|
|t:|1760367432
|switch|p2a: Arquillian Sentry|Metagross|100/100
|turn|16
|
|t:|1760367435
|switch|p1a: Rotom|Rotom-Wash|47/100
|move|p2a: Arquillian Sentry|Stealth Rock|p1a: Rotom
|-sidestart|p1: arthurfr4545|move: Stealth Rock
|
|-heal|p1a: Rotom|53/100|[from] item: Leftovers
|upkeep
|turn|17
|
|t:|1760367442
|move|p1a: Rotom|Will-O-Wisp|p2a: Arquillian Sentry
|-status|p2a: Arquillian Sentry|brn
|move|p2a: Arquillian Sentry|Psychic Fangs|p1a: Rotom
|-damage|p1a: Rotom|32/100
|
|-heal|p1a: Rotom|38/100|[from] item: Leftovers
|-damage|p2a: Arquillian Sentry|94/100 brn|[from] brn
|upkeep
|turn|18
|
|t:|1760367450
|move|p1a: Rotom|Hydro Pump|p2a: Arquillian Sentry
|-damage|p2a: Arquillian Sentry|48/100 brn
|move|p2a: Arquillian Sentry|Explosion|p1a: Rotom
|-damage|p1a: Rotom|0 fnt
|faint|p2a: Arquillian Sentry
|faint|p1a: Rotom
|
|upkeep
|
|t:|1760367474
|switch|p1a: Latios|Latios, M|100/100
|switch|p2a: Lacelle|Haxorus, M|100/100
|-damage|p1a: Latios|88/100|[from] Stealth Rock
|-ability|p2a: Lacelle|Mold Breaker
|turn|19
|inactive|Nikator98 has 120 seconds left.
|
|t:|1760367515
|-terastallize|p2a: Lacelle|Steel
|move|p1a: Latios|Luster Purge|p2a: Lacelle
|-resisted|p2a: Lacelle
|-damage|p2a: Lacelle|60/100
|move|p2a: Lacelle|Scale Shot|p1a: Latios|[miss]
|-miss|p2a: Lacelle|p1a: Latios
|
|upkeep
|turn|20
|
|t:|1760367525
|switch|p1a: Heatran|Heatran, M|6/100
|-damage|p1a: Heatran|0 fnt|[from] Stealth Rock
|faint|p1a: Heatran
|move|p2a: Lacelle|Scale Shot|p1: Heatran|[notarget]
|-fail|p2a: Lacelle
|
|upkeep
|
|t:|1760367529
|switch|p1a: Kingambit|Kingambit, F|100/100
|-damage|p1a: Kingambit|94/100|[from] Stealth Rock
|-activate|p1a: Kingambit|ability: Supreme Overlord
|-start|p1a: Kingambit|fallen3|[silent]
|turn|21
|
|t:|1760367536
|move|p1a: Kingambit|Sucker Punch|p2a: Lacelle
|-damage|p2a: Lacelle|0 fnt
|faint|p2a: Lacelle
|
|upkeep
|
|t:|1760367544
|switch|p2a: Gothmog|Iron Moth|100/100
|-enditem|p2a: Gothmog|Booster Energy
|-activate|p2a: Gothmog|ability: Quark Drive|[fromitem]
|-start|p2a: Gothmog|quarkdrivespe
|turn|22
|
|t:|1760367551
|-terastallize|p1a: Kingambit|Dark
|move|p2a: Gothmog|Fiery Dance|p1a: Kingambit
|-damage|p1a: Kingambit|51/100
|move|p1a: Kingambit|Kowtow Cleave|p2a: Gothmog
|-damage|p2a: Gothmog|0 fnt
|faint|p2a: Gothmog
|-end|p2a: Gothmog|Quark Drive|[silent]
|
|win|arthurfr4545
|raw|arthurfr4545's rating: 1714 &rarr; <strong>1733</strong><br />(+19 for winning)
|raw|Nikator98's rating: 1696 &rarr; <strong>1677</strong><br />(-19 for losing)
|l|☆arthurfr4545
|player|p1|
|l|☆Nikator98
|player|p2|
