|j|☆Nicaraguandictator
|j|☆twesticles
|t:|1760435311
|gametype|singles
|player|p1|Nicaraguandictator|265|1312
|player|p2|twesticles|170|1244
|gen|9
|tier|[Gen 9] OU
|rated|
|rule|HP Percentage Mod: HP is shown in percentages
|rule|Endless Battle Clause: Forcing endless battles is banned
|rule|Species Clause: Limit one of each Pokémon
|rule|OHKO Clause: OHKO moves are banned
|rule|Evasion Items Clause: Evasion items are banned
|rule|Evasion Moves Clause: Evasion moves are banned
|rule|Evasion Abilities Clause: Evasion abilities are banned
|rule|Sleep Moves Clause: Sleep-inducing moves are banned
|clearpoke
|poke|p1|Quaquaval, M|
|poke|p1|Mandibuzz, F|
|poke|p1|Cinderace, F|
|poke|p1|Slowking-Galar, M|
|poke|p1|Iron Treads|
|poke|p1|Thundurus-Therian, M|
|poke|p2|Gholdengo|
|poke|p2|Zamazenta-*|
|poke|p2|Ting-Lu|
|poke|p2|Clefable, F|
|poke|p2|Dragonite, M|
|poke|p2|Deoxys-Speed|
|teampreview
|inactive|Battle timer is ON: inactive players will automatically lose when time's up. (requested by Nicaraguandictator)
|
|t:|1760435337
|teamsize|p1|6
|teamsize|p2|6
|start
|switch|p1a: Iron Treads|Iron Treads|100/100
|switch|p2a: Ting-Lu|Ting-Lu|100/100
|-ability|p2a: Ting-Lu|Vessel of Ruin
|-enditem|p1a: Iron Treads|Booster Energy
|-activate|p1a: Iron Treads|ability: Quark Drive|[fromitem]
|-start|p1a: Iron Treads|quarkdrivespe
|turn|1
|
|t:|1760435359
|move|p1a: Iron Treads|Knock Off|p2a: Ting-Lu
|-resisted|p2a: Ting-Lu
|-damage|p2a: Ting-Lu|92/100
|-enditem|p2a: Ting-Lu|Leftovers|[from] move: Knock Off|[of] p1a: Iron Treads
|move|p2a: Ting-Lu|Spikes|p1a: Iron Treads
|-sidestart|p1: Nicaraguandictator|Spikes
|
|upkeep
|turn|2
|
|t:|1760435371
|move|p1a: Iron Treads|Stealth Rock|p2a: Ting-Lu
|-sidestart|p2: twesticles|move: Stealth Rock
|move|p2a: Ting-Lu|Spikes|p1a: Iron Treads
|-sidestart|p1: Nicaraguandictator|Spikes
|
|upkeep
|turn|3
|
|t:|1760435380
|move|p1a: Iron Treads|Earthquake|p2a: Ting-Lu
|-damage|p2a: Ting-Lu|64/100
|move|p2a: Ting-Lu|Spikes|p1a: Iron Treads
|-sidestart|p1: Nicaraguandictator|Spikes
|
|upkeep
|turn|4
|
|t:|1760435392
|-end|p1a: Iron Treads|Quark Drive|[silent]
|switch|p1a: Mandibuzz|Mandibuzz, F|100/100
|move|p2a: Ting-Lu|Ruination|p1a: Mandibuzz
|-damage|p1a: Mandibuzz|50/100
|
|upkeep
|turn|5
|
|t:|1760435402
|move|p1a: Mandibuzz|Toxic|p2a: Ting-Lu
|-status|p2a: Ting-Lu|tox
|move|p2a: Ting-Lu|Whirlwind|p1a: Mandibuzz
|drag|p1a: Iron Treads|Iron Treads|100/100
|-damage|p1a: Iron Treads|76/100|[from] Spikes
|
|-damage|p2a: Ting-Lu|58/100 tox|[from] psn
|upkeep
|turn|6
|
|t:|1760435424
|switch|p2a: Clefable|Clefable, F|100/100
|move|p1a: Iron Treads|Earthquake|p2a: Clefable
|-damage|p2a: Clefable|63/100
|
|upkeep
|turn|7
|inactive|twesticles has 120 seconds left.
|inactive|Nicaraguandictator has 120 seconds left.
|inactive|Nicaraguandictator has 90 seconds left.
|
|t:|1760435498
|-terastallize|p2a: Clefable|Water
|move|p1a: Iron Treads|Ice Spinner|p2a: Clefable
|-resisted|p2a: Clefable
|-damage|p2a: Clefable|53/100
|-damage|p1a: Iron Treads|59/100|[from] item: Rocky Helmet|[of] p2a: Clefable
|move|p2a: Clefable|Stealth Rock|p1a: Iron Treads
|-sidestart|p1: Nicaraguandictator|move: Stealth Rock
|
|upkeep
|turn|8
|
|t:|1760435508
|move|p1a: Iron Treads|Earthquake|p2a: Clefable
|-damage|p2a: Clefable|19/100
|move|p2a: Clefable|Knock Off|p1a: Iron Treads
|-damage|p1a: Iron Treads|49/100
|
|upkeep
|turn|9
|
|t:|1760435524
|switch|p2a: Dragonite|Dragonite, M|100/100
|move|p1a: Iron Treads|Knock Off|p2a: Dragonite
|-damage|p2a: Dragonite|86/100
|-enditem|p2a: Dragonite|Heavy-Duty Boots|[from] move: Knock Off|[of] p1a: Iron Treads
|
|upkeep
|turn|10
|
|t:|1760435540
|move|p1a: Iron Treads|Ice Spinner|p2a: Dragonite
|-supereffective|p2a: Dragonite
|-damage|p2a: Dragonite|0 fnt
|faint|p2a: Dragonite
|
|upkeep
|
|t:|1760435549
|switch|p2a: Ting-Lu|Ting-Lu|58/100 tox
|-damage|p2a: Ting-Lu|52/100 tox|[from] Stealth Rock
|-ability|p2a: Ting-Lu|Vessel of Ruin
|turn|11
|
|t:|1760435554
|move|p1a: Iron Treads|Earthquake|p2a: Ting-Lu
|-damage|p2a: Ting-Lu|25/100 tox
|move|p2a: Ting-Lu|Earthquake|p1a: Iron Treads
|-supereffective|p1a: Iron Treads
|-damage|p1a: Iron Treads|0 fnt
|faint|p1a: Iron Treads
|-end|p1a: Iron Treads|Quark Drive|[silent]
|
|-damage|p2a: Ting-Lu|19/100 tox|[from] psn
|upkeep
|
|t:|1760435562
|switch|p1a: Quaquaval|Quaquaval, M|100/100
|-damage|p1a: Quaquaval|75/100|[from] Spikes
|-damage|p1a: Quaquaval|69/100|[from] Stealth Rock
|turn|12
|inactive|Nicaraguandictator has 120 seconds left.
|
|t:|1760435581
|switch|p2a: Clefable|Clefable, F, tera:Water|19/100
|move|p1a: Quaquaval|Aqua Step|p2a: Clefable
|-resisted|p2a: Clefable
|-damage|p2a: Clefable|0 fnt
|-boost|p1a: Quaquaval|spe|1
|-damage|p1a: Quaquaval|53/100|[from] item: Rocky Helmet|[of] p2a: Clefable
|faint|p2a: Clefable
|-ability|p1a: Quaquaval|Moxie|boost
|-boost|p1a: Quaquaval|atk|1
|
|upkeep
|
|t:|1760435594
|switch|p2a: Deoxys|Deoxys-Speed|100/100
|-ability|p2a: Deoxys|Pressure
|turn|13
|
|t:|1760435604
|-terastallize|p1a: Quaquaval|Steel
|move|p2a: Deoxys|Thunderbolt|p1a: Quaquaval
|-damage|p1a: Quaquaval|17/100
|move|p1a: Quaquaval|Aqua Step|p2a: Deoxys
|-damage|p2a: Deoxys|0 fnt
|-boost|p1a: Quaquaval|spe|1
|faint|p2a: Deoxys
|-ability|p1a: Quaquaval|Moxie|boost
|-boost|p1a: Quaquaval|atk|1
|
|upkeep
|
|t:|1760435614
|switch|p2a: Ting-Lu|Ting-Lu|19/100 tox
|-damage|p2a: Ting-Lu|13/100 tox|[from] Stealth Rock
|-ability|p2a: Ting-Lu|Vessel of Ruin
|turn|14
|
|t:|1760435619
|move|p1a: Quaquaval|Aqua Step|p2a: Ting-Lu
|-supereffective|p2a: Ting-Lu
|-damage|p2a: Ting-Lu|0 fnt
|-boost|p1a: Quaquaval|spe|1
|faint|p2a: Ting-Lu
|-ability|p1a: Quaquaval|Moxie|boost
|-boost|p1a: Quaquaval|atk|1
|
|upkeep
|
|t:|1760435627
|switch|p2a: Zamazenta|Zamazenta|100/100
|-ability|p2a: Zamazenta|Dauntless Shield|boost
|-boost|p2a: Zamazenta|def|1
|turn|15
|
|t:|1760435635
|move|p1a: Quaquaval|Close Combat|p2a: Zamazenta
|-damage|p2a: Zamazenta|13/100
|-unboost|p1a: Quaquaval|def|1
|-unboost|p1a: Quaquaval|spd|1
|move|p2a: Zamazenta|Crunch|p1a: Quaquaval
|-damage|p1a: Quaquaval|0 fnt
|faint|p1a: Quaquaval
|
|upkeep
|
|t:|1760435651
|switch|p1a: Thundurus|Thundurus-Therian, M|100/100
|-damage|p1a: Thundurus|75/100|[from] Stealth Rock
|turn|16
|inactive|twesticles has 120 seconds left.
|
|t:|1760435675
|move|p1a: Thundurus|Volt Switch|p2a: Zamazenta
|-damage|p2a: Zamazenta|0 fnt
|faint|p2a: Zamazenta
|
|t:|1760435683
|switch|p1a: Cinderace|Cinderace, F|100/100|[from] Volt Switch
|
|upkeep
|
|t:|1760435688
|switch|p2a: Gholdengo|Gholdengo|100/100
|turn|17
|inactive|twesticles has 120 seconds left.
|
|t:|1760435700
|move|p1a: Cinderace|Pyro Ball|p2a: Gholdengo
|-supereffective|p2a: Gholdengo
|-damage|p2a: Gholdengo|21/100
|move|p2a: Gholdengo|Nasty Plot|p2a: Gholdengo
|-boost|p2a: Gholdengo|spa|2
|
|upkeep
|turn|18
|
|t:|1760435707
|move|p1a: Cinderace|Sucker Punch|p2a: Gholdengo
|-start|p1a: Cinderace|typechange|Dark|[from] ability: Libero
|-supereffective|p2a: Gholdengo
|-damage|p2a: Gholdengo|0 fnt
|faint|p2a: Gholdengo
|
|win|Nicaraguandictator
|raw|Nicaraguandictator's rating: 1312 &rarr; <strong>1328</strong><br />(+16 for winning)
|raw|twesticles's rating: 1244 &rarr; <strong>1224</strong><br />(-20 for losing)
|l|☆Nicaraguandictator
|player|p1|
|l|☆twesticles
|player|p2|
