|j|☆Dew123
|j|☆bitter herbert
|t:|1760332931
|gametype|singles
|player|p1|Dew123|biker-gen4|1374
|player|p2|bitter herbert|gentleman-gen4dp|1365
|gen|9
|tier|[Gen 9] OU
|rated|
|rule|HP Percentage Mod: HP is shown in percentages
|rule|Endless Battle Clause: Forcing endless battles is banned
|rule|Species Clause: Limit one of each Pokémon
|rule|OHKO Clause: OHKO moves are banned
|rule|Evasion Items Clause: Evasion items are banned
|rule|Evasion Moves Clause: Evasion moves are banned
|rule|Evasion Abilities Clause: Evasion abilities are banned
|rule|Sleep Moves Clause: Sleep-inducing moves are banned
|clearpoke
|poke|p1|Kyurem|
|poke|p1|Garchomp, F|
|poke|p1|Dragapult, F|
|poke|p1|Dragonite, F|
|poke|p1|Walking Wake|
|poke|p1|Duraludon, F|
|poke|p2|Ting-Lu|
|poke|p2|Zamazenta-*|
|poke|p2|Dragonite, F|
|poke|p2|Gholdengo|
|poke|p2|Slowking-Galar, M|
|poke|p2|Zapdos|
|teampreview
|inactive|Battle timer is ON: inactive players will automatically lose when time's up. (requested by Dew123)
|inactive|bitter herbert also wants the timer to be on.
|
|t:|1760332947
|teamsize|p1|6
|teamsize|p2|6
|start
|switch|p1a: Duraludon|Duraludon, F|100/100
|switch|p2a: Slowking|Slowking-Galar, M|100/100
|turn|1
|
|t:|1760332968
|move|p1a: Duraludon|Stealth Rock|p2a: Slowking
|-sidestart|p2: bitter herbert|move: Stealth Rock
|move|p2a: Slowking|Flamethrower|p1a: Duraludon
|-damage|p1a: Duraludon|76/100
|
|upkeep
|turn|2
|inactive|bitter herbert has 120 seconds left.
|inactive|Dew123 has 120 seconds left.
|
|t:|1760333023
|move|p1a: Duraludon|Heavy Slam|p2a: Slowking
|-damage|p2a: Slowking|83/100
|move|p2a: Slowking|Flamethrower|p1a: Duraludon
|-damage|p1a: Duraludon|54/100
|
|upkeep
|turn|3
|
|t:|1760333030
|move|p1a: Duraludon|Thunder Wave|p2a: Slowking
|-status|p2a: Slowking|par
|cant|p2a: Slowking|par
|
|upkeep
|turn|4
|
|t:|1760333045
|move|p1a: Duraludon|Stone Edge|p2a: Slowking
|-crit|p2a: Slowking
|-damage|p2a: Slowking|39/100 par
|move|p2a: Slowking|Flamethrower|p1a: Duraludon
|-damage|p1a: Duraludon|30/100
|
|upkeep
|turn|5
|inactive|bitter herbert has 120 seconds left.
|
|t:|1760333060
|move|p1a: Duraludon|Stone Edge|p2a: Slowking
|-damage|p2a: Slowking|8/100 par
|move|p2a: Slowking|Flamethrower|p1a: Duraludon
|-damage|p1a: Duraludon|6/100
|
|upkeep
|turn|6
|inactive|Dew123 has 120 seconds left.
|inactive|bitter herbert has 120 seconds left.
|
|t:|1760333077
|switch|p2a: Ting-Lu|Ting-Lu|100/100
|-damage|p2a: Ting-Lu|94/100|[from] Stealth Rock
|-ability|p2a: Ting-Lu|Vessel of Ruin
|move|p1a: Duraludon|Heavy Slam|p2a: Ting-Lu
|-damage|p2a: Ting-Lu|85/100
|-enditem|p2a: Ting-Lu|Red Card|[of] p1a: Duraludon
|drag|p1a: Dragapult|Dragapult, F|100/100
|
|upkeep
|turn|7
|
|t:|1760333086
|move|p1a: Dragapult|Will-O-Wisp|p2a: Ting-Lu
|-status|p2a: Ting-Lu|brn
|move|p2a: Ting-Lu|Stealth Rock|p1a: Dragapult
|-sidestart|p1: Dew123|move: Stealth Rock
|
|-damage|p2a: Ting-Lu|79/100 brn|[from] brn
|upkeep
|turn|8
|
|t:|1760333089
|move|p1a: Dragapult|U-turn|p2a: Ting-Lu
|-supereffective|p2a: Ting-Lu
|-damage|p2a: Ting-Lu|56/100 brn
|
|t:|1760333091
|switch|p1a: Kyurem|Kyurem|100/100|[from] U-turn
|-damage|p1a: Kyurem|76/100|[from] Stealth Rock
|-ability|p1a: Kyurem|Pressure
|move|p2a: Ting-Lu|Ruination|p1a: Kyurem
|-damage|p1a: Kyurem|38/100
|
|-damage|p2a: Ting-Lu|49/100 brn|[from] brn
|upkeep
|turn|9
|
|t:|1760333102
|move|p1a: Kyurem|Dragon Dance|p1a: Kyurem
|-boost|p1a: Kyurem|atk|1
|-boost|p1a: Kyurem|spe|1
|move|p2a: Ting-Lu|Whirlwind|p1a: Kyurem
|drag|p1a: Walking Wake|Walking Wake|100/100
|
|-damage|p2a: Ting-Lu|43/100 brn|[from] brn
|upkeep
|turn|10
|inactive|bitter herbert has 120 seconds left.
|
|t:|1760333143
|-terastallize|p2a: Ting-Lu|Water
|move|p1a: Walking Wake|Surf|p2a: Ting-Lu
|-resisted|p2a: Ting-Lu
|-damage|p2a: Ting-Lu|34/100 brn
|move|p2a: Ting-Lu|Ruination|p1a: Walking Wake|[miss]
|-miss|p2a: Ting-Lu|p1a: Walking Wake
|
|-damage|p2a: Ting-Lu|28/100 brn|[from] brn
|upkeep
|turn|11
|
|t:|1760333150
|move|p1a: Walking Wake|Draco Meteor|p2a: Ting-Lu
|-damage|p2a: Ting-Lu|0 fnt
|-unboost|p1a: Walking Wake|spa|2
|faint|p2a: Ting-Lu
|
|upkeep
|
|t:|1760333159
|switch|p2a: Slowking|Slowking-Galar, M|42/100 par
|-damage|p2a: Slowking|29/100 par|[from] Stealth Rock
|turn|12
|
|t:|1760333162
|move|p1a: Walking Wake|Knock Off|p2a: Slowking
|-supereffective|p2a: Slowking
|-crit|p2a: Slowking
|-damage|p2a: Slowking|0 fnt
|-enditem|p2a: Slowking|Assault Vest|[from] move: Knock Off|[of] p1a: Walking Wake
|faint|p2a: Slowking
|
|upkeep
|
|t:|1760333181
|switch|p2a: Zapdos|Zapdos|100/100
|turn|13
|
|t:|1760333188
|move|p1a: Walking Wake|Flip Turn|p2a: Zapdos
|-damage|p2a: Zapdos|90/100
|
|t:|1760333190
|-end|p1a: Walking Wake|Protosynthesis|[silent]
|switch|p1a: Duraludon|Duraludon, F|6/100|[from] Flip Turn
|-damage|p1a: Duraludon|0 fnt|[from] Stealth Rock
|faint|p1a: Duraludon
|move|p2a: Zapdos|Thunder Wave|p1: Duraludon|[notarget]
|-fail|p2a: Zapdos
|
|upkeep
|
|t:|1760333191
|switch|p1a: Kyurem|Kyurem|38/100
|-damage|p1a: Kyurem|13/100|[from] Stealth Rock
|-ability|p1a: Kyurem|Pressure
|turn|14
|inactive|bitter herbert has 120 seconds left.
|
|t:|1760333210
|move|p1a: Kyurem|Icicle Spear|p2a: Zapdos
|-supereffective|p2a: Zapdos
|-damage|p2a: Zapdos|71/100
|-supereffective|p2a: Zapdos
|-damage|p2a: Zapdos|51/100
|-supereffective|p2a: Zapdos
|-damage|p2a: Zapdos|33/100
|-supereffective|p2a: Zapdos
|-damage|p2a: Zapdos|13/100
|-supereffective|p2a: Zapdos
|-damage|p2a: Zapdos|0 fnt
|faint|p2a: Zapdos
|-hitcount|p2: Zapdos|5
|
|upkeep
|
|t:|1760333215
|switch|p2a: Zamazenta|Zamazenta|100/100
|-ability|p2a: Zamazenta|Dauntless Shield|boost
|-boost|p2a: Zamazenta|def|1
|turn|15
|
|t:|1760333220
|move|p2a: Zamazenta|Crunch|p1a: Kyurem
|-damage|p1a: Kyurem|0 fnt
|faint|p1a: Kyurem
|
|upkeep
|
|t:|1760333222
|switch|p1a: Walking Wake|Walking Wake|100/100
|turn|16
|
|t:|1760333232
|switch|p2a: Gholdengo|Gholdengo|100/100
|-damage|p2a: Gholdengo|94/100|[from] Stealth Rock
|-item|p2a: Gholdengo|Air Balloon
|move|p1a: Walking Wake|Draco Meteor|p2a: Gholdengo
|-resisted|p2a: Gholdengo
|-damage|p2a: Gholdengo|60/100
|-unboost|p1a: Walking Wake|spa|2
|-enditem|p2a: Gholdengo|Air Balloon
|
|upkeep
|turn|17
|
|t:|1760333238
|move|p1a: Walking Wake|Knock Off|p2a: Gholdengo
|-supereffective|p2a: Gholdengo
|-damage|p2a: Gholdengo|43/100
|move|p2a: Gholdengo|Recover|p2a: Gholdengo
|-heal|p2a: Gholdengo|93/100
|
|upkeep
|turn|18
|
|t:|1760333242
|move|p1a: Walking Wake|Flip Turn|p2a: Gholdengo
|-damage|p2a: Gholdengo|81/100
|
|t:|1760333244
|-end|p1a: Walking Wake|Protosynthesis|[silent]
|switch|p1a: Dragonite|Dragonite, F|100/100|[from] Flip Turn
|move|p2a: Gholdengo|Nasty Plot|p2a: Gholdengo
|-boost|p2a: Gholdengo|spa|2
|
|upkeep
|turn|19
|
|t:|1760333254
|move|p1a: Dragonite|Earthquake|p2a: Gholdengo
|-supereffective|p2a: Gholdengo
|-damage|p2a: Gholdengo|28/100
|move|p2a: Gholdengo|Make It Rain|p1a: Dragonite
|-damage|p1a: Dragonite|41/100
|-unboost|p2a: Gholdengo|spa|1
|
|upkeep
|turn|20
|
|t:|1760333258
|move|p1a: Dragonite|Earthquake|p2a: Gholdengo
|-supereffective|p2a: Gholdengo
|-damage|p2a: Gholdengo|0 fnt
|faint|p2a: Gholdengo
|
|upkeep
|
|t:|1760333276
|switch|p2a: Zamazenta|Zamazenta|100/100
|turn|21
|
|t:|1760333280
|move|p2a: Zamazenta|Stone Edge|p1a: Dragonite
|-supereffective|p1a: Dragonite
|-damage|p1a: Dragonite|0 fnt
|faint|p1a: Dragonite
|
|upkeep
|
|t:|1760333282
|switch|p1a: Dragapult|Dragapult, F|100/100
|turn|22
|
|t:|1760333289
|move|p1a: Dragapult|Will-O-Wisp|p2a: Zamazenta
|-status|p2a: Zamazenta|brn
|move|p2a: Zamazenta|Crunch|p1a: Dragapult
|-supereffective|p1a: Dragapult
|-damage|p1a: Dragapult|62/100
|
|-damage|p2a: Zamazenta|94/100 brn|[from] brn
|upkeep
|turn|23
|
|t:|1760333291
|move|p1a: Dragapult|U-turn|p2a: Zamazenta
|-resisted|p2a: Zamazenta
|-damage|p2a: Zamazenta|85/100 brn
|
|t:|1760333294
|switch|p1a: Walking Wake|Walking Wake|100/100|[from] U-turn
|move|p2a: Zamazenta|Crunch|p1a: Walking Wake
|-damage|p1a: Walking Wake|86/100
|
|-damage|p2a: Zamazenta|79/100 brn|[from] brn
|upkeep
|turn|24
|
|t:|1760333302
|move|p2a: Zamazenta|Close Combat|p1a: Walking Wake
|-damage|p1a: Walking Wake|52/100
|-unboost|p2a: Zamazenta|def|1
|-unboost|p2a: Zamazenta|spd|1
|move|p1a: Walking Wake|Knock Off|p2a: Zamazenta
|-resisted|p2a: Zamazenta
|-damage|p2a: Zamazenta|68/100 brn
|-enditem|p2a: Zamazenta|Heavy-Duty Boots|[from] move: Knock Off|[of] p1a: Walking Wake
|
|-damage|p2a: Zamazenta|61/100 brn|[from] brn
|upkeep
|turn|25
|
|t:|1760333309
|move|p2a: Zamazenta|Close Combat|p1a: Walking Wake
|-damage|p1a: Walking Wake|19/100
|-unboost|p2a: Zamazenta|def|1
|-unboost|p2a: Zamazenta|spd|1
|move|p1a: Walking Wake|Surf|p2a: Zamazenta
|-damage|p2a: Zamazenta|0 fnt
|faint|p2a: Zamazenta
|
|upkeep
|
|t:|1760333314
|switch|p2a: Dragonite|Dragonite, F|100/100
|turn|26
|
|t:|1760333318
|move|p2a: Dragonite|Extreme Speed|p1a: Walking Wake
|-damage|p1a: Walking Wake|0 fnt
|faint|p1a: Walking Wake
|-end|p1a: Walking Wake|Protosynthesis|[silent]
|
|upkeep
|
|t:|1760333322
|switch|p1a: Dragapult|Dragapult, F|62/100
|turn|27
|
|t:|1760333328
|-terastallize|p1a: Dragapult|Fairy
|move|p1a: Dragapult|Will-O-Wisp|p2a: Dragonite|[miss]
|-miss|p1a: Dragapult|p2a: Dragonite
|move|p2a: Dragonite|Dragon Dance|p2a: Dragonite
|-boost|p2a: Dragonite|atk|1
|-boost|p2a: Dragonite|spe|1
|
|upkeep
|turn|28
|
|t:|1760333355
|move|p1a: Dragapult|Will-O-Wisp|p2a: Dragonite
|-status|p2a: Dragonite|brn
|move|p2a: Dragonite|Dragon Dance|p2a: Dragonite
|-boost|p2a: Dragonite|atk|1
|-boost|p2a: Dragonite|spe|1
|
|-damage|p2a: Dragonite|94/100 brn|[from] brn
|upkeep
|turn|29
|
|t:|1760333359
|move|p2a: Dragonite|Dragon Dance|p2a: Dragonite
|-boost|p2a: Dragonite|atk|1
|-boost|p2a: Dragonite|spe|1
|move|p1a: Dragapult|Hex|p2a: Dragonite
|-damage|p2a: Dragonite|33/100 brn
|
|-damage|p2a: Dragonite|27/100 brn|[from] brn
|upkeep
|turn|30
|
|t:|1760333366
|move|p2a: Dragonite|Earthquake|p1a: Dragapult
|-damage|p1a: Dragapult|0 fnt
|faint|p1a: Dragapult
|
|-damage|p2a: Dragonite|20/100 brn|[from] brn
|upkeep
|
|t:|1760333368
|switch|p1a: Garchomp|Garchomp, F|100/100
|-damage|p1a: Garchomp|94/100|[from] Stealth Rock
|turn|31
|
|t:|1760333375
|move|p2a: Dragonite|Ice Spinner|p1a: Garchomp
|-supereffective|p1a: Garchomp
|-damage|p1a: Garchomp|0 fnt
|-damage|p2a: Dragonite|8/100 brn|[from] ability: Rough Skin|[of] p1a: Garchomp
|faint|p1a: Garchomp
|
|win|bitter herbert
|raw|Dew123's rating: 1374 &rarr; <strong>1353</strong><br />(-21 for losing)
|raw|bitter herbert's rating: 1365 &rarr; <strong>1386</strong><br />(+21 for winning)
