|j|☆lulu2025008
|j|☆Oooppplllop
|t:|1760444709
|gametype|singles
|player|p1|lulu2025008|fisherman-gen4|1365
|player|p2|Oooppplllop|misty|1372
|gen|9
|tier|[Gen 9] OU
|rated|
|rule|HP Percentage Mod: HP is shown in percentages
|rule|Endless Battle Clause: Forcing endless battles is banned
|rule|Species Clause: Limit one of each Pokémon
|rule|OHKO Clause: OHKO moves are banned
|rule|Evasion Items Clause: Evasion items are banned
|rule|Evasion Moves Clause: Evasion moves are banned
|rule|Evasion Abilities Clause: Evasion abilities are banned
|rule|Sleep Moves Clause: Sleep-inducing moves are banned
|clearpoke
|poke|p1|Hatterene, F|
|poke|p1|Conkeldurr, F|
|poke|p1|Indeedee, M|
|poke|p1|Polteageist|
|poke|p1|Hawlucha, M|
|poke|p1|Ogerpon-Wellspring, F|
|poke|p2|Darkrai|
|poke|p2|Great Tusk|
|poke|p2|Ogerpon, F|
|poke|p2|Kingambit, M|
|poke|p2|Glimmora, M|
|poke|p2|Dragonite, M|
|teampreview
|inactive|Battle timer is ON: inactive players will automatically lose when time's up. (requested by Oooppplllop)
|inactive|lulu2025008 also wants the timer to be on.
|
|t:|1760444715
|teamsize|p1|6
|teamsize|p2|6
|start
|switch|p1a: Indeedee|Indeedee, M|100/100
|switch|p2a: Ogerpon|Ogerpon, F|100/100
|-fieldstart|move: Psychic Terrain|[from] ability: Psychic Surge|[of] p1a: Indeedee
|turn|1
|
|t:|1760444724
|switch|p1a: Hatterene|Hatterene, F|100/100
|move|p2a: Ogerpon|Ivy Cudgel|p1a: Hatterene
|-damage|p1a: Hatterene|42/100
|-enditem|p1a: Hatterene|Eject Button
|
|t:|1760444735
|switch|p1a: Polteageist|Polteageist|100/100
|
|upkeep
|turn|2
|
|t:|1760444740
|move|p2a: Ogerpon|Ivy Cudgel|p1a: Polteageist
|-enditem|p1a: Polteageist|Focus Sash
|-damage|p1a: Polteageist|1/100
|-ability|p1a: Polteageist|Weak Armor|boost
|-unboost|p1a: Polteageist|def|1
|-boost|p1a: Polteageist|spe|2
|move|p1a: Polteageist|Shell Smash|p1a: Polteageist
|-unboost|p1a: Polteageist|def|1
|-unboost|p1a: Polteageist|spd|1
|-boost|p1a: Polteageist|atk|2
|-boost|p1a: Polteageist|spa|2
|-boost|p1a: Polteageist|spe|2
|
|upkeep
|turn|3
|
|t:|1760444767
|move|p1a: Polteageist|Stored Power|p2a: Ogerpon
|-damage|p2a: Ogerpon|0 fnt
|faint|p2a: Ogerpon
|
|upkeep
|
|t:|1760444773
|switch|p2a: Kingambit|Kingambit, M|100/100
|-activate|p2a: Kingambit|ability: Supreme Overlord
|-start|p2a: Kingambit|fallen1|[silent]
|turn|4
|
|t:|1760444779
|-terastallize|p1a: Polteageist|Fighting
|-terastallize|p2a: Kingambit|Flying
|move|p1a: Polteageist|Tera Blast|p2a: Kingambit|[anim] Tera Blast Fighting
|-resisted|p2a: Kingambit
|-damage|p2a: Kingambit|59/100
|move|p2a: Kingambit|Kowtow Cleave|p1a: Polteageist
|-resisted|p1a: Polteageist
|-damage|p1a: Polteageist|0 fnt
|faint|p1a: Polteageist
|
|upkeep
|inactive|lulu2025008 has 120 seconds left.
|
|t:|1760444808
|switch|p1a: Hawlucha|Hawlucha, M|100/100
|-enditem|p1a: Hawlucha|Psychic Seed
|-boost|p1a: Hawlucha|spd|1|[from] item: Psychic Seed
|turn|5
|inactive|lulu2025008 has 120 seconds left.
|
|t:|1760444816
|move|p1a: Hawlucha|Bulk Up|p1a: Hawlucha
|-boost|p1a: Hawlucha|atk|1
|-boost|p1a: Hawlucha|def|1
|move|p2a: Kingambit|Kowtow Cleave|p1a: Hawlucha
|-resisted|p1a: Hawlucha
|-damage|p1a: Hawlucha|67/100
|
|upkeep
|turn|6
|
|t:|1760444824
|move|p1a: Hawlucha|Bulk Up|p1a: Hawlucha
|-boost|p1a: Hawlucha|atk|1
|-boost|p1a: Hawlucha|def|1
|move|p2a: Kingambit|Swords Dance|p2a: Kingambit
|-boost|p2a: Kingambit|atk|2
|
|upkeep
|turn|7
|
|t:|1760444834
|move|p1a: Hawlucha|Encore|p2a: Kingambit
|-start|p2a: Kingambit|Encore
|move|p2a: Kingambit|Swords Dance|p2a: Kingambit
|-boost|p2a: Kingambit|atk|2
|
|upkeep
|turn|8
|
|t:|1760444840
|-end|p2a: Kingambit|fallen1|[silent]
|switch|p2a: Glimmora|Glimmora, M|100/100
|move|p1a: Hawlucha|Bulk Up|p1a: Hawlucha
|-boost|p1a: Hawlucha|atk|1
|-boost|p1a: Hawlucha|def|1
|
|-fieldend|move: Psychic Terrain
|upkeep
|turn|9
|
|t:|1760444858
|move|p1a: Hawlucha|Drain Punch|p2a: Glimmora
|-damage|p2a: Glimmora|0 fnt
|-heal|p1a: Hawlucha|100/100|[from] drain|[of] p2a: Glimmora
|-activate|p2a: Glimmora|ability: Toxic Debris
|-sidestart|p1: lulu2025008|move: Toxic Spikes
|faint|p2a: Glimmora
|
|upkeep
|
|t:|1760444865
|switch|p2a: Dragonite|Dragonite, M, shiny|100/100
|turn|10
|-message|Oooppplllop forfeited.
|
|win|lulu2025008
|raw|lulu2025008's rating: 1365 &rarr; <strong>1385</strong><br />(+20 for winning)
|raw|Oooppplllop's rating: 1372 &rarr; <strong>1352</strong><br />(-20 for losing)
|l|☆Oooppplllop
|player|p2|
|l|☆lulu2025008
|player|p1|
