|j|☆Andher
|j|☆kyoujic
|t:|1760372985
|gametype|singles
|player|p1|Andher|shadowtriad|1493
|player|p2|kyoujic|266|1503
|gen|9
|tier|[Gen 9] OU
|rated|
|rule|HP Percentage Mod: HP is shown in percentages
|rule|Endless Battle Clause: Forcing endless battles is banned
|rule|Species Clause: Limit one of each Pokémon
|rule|OHKO Clause: OHKO moves are banned
|rule|Evasion Items Clause: Evasion items are banned
|rule|Evasion Moves Clause: Evasion moves are banned
|rule|Evasion Abilities Clause: Evasion abilities are banned
|rule|Sleep Moves Clause: Sleep-inducing moves are banned
|clearpoke
|poke|p1|Corviknight, F|
|poke|p1|Samurott-Hisui, M|
|poke|p1|Kingambit, M|
|poke|p1|Skeledirge, F|
|poke|p1|Dragapult, F|
|poke|p1|Gengar, F|
|poke|p2|Toucannon, F|
|poke|p2|Dragonite, M|
|poke|p2|Zamazenta-*|
|poke|p2|Iron Treads|
|poke|p2|Zapdos|
|poke|p2|Primarina, M|
|teampreview
|inactive|Battle timer is ON: inactive players will automatically lose when time's up. (requested by kyoujic)
|
|t:|1760373060
|teamsize|p1|6
|teamsize|p2|6
|start
|switch|p1a: Por|Gengar, F, shiny|100/100
|switch|p2a: Zapdos|Zapdos|100/100
|turn|1
|
|t:|1760373065
|move|p1a: Por|Trick|p2a: Zapdos
|-activate|p1a: Por|move: Trick|[of] p2a: Zapdos
|-item|p2a: Zapdos|Choice Scarf|[from] move: Trick
|-item|p1a: Por|Choice Specs|[from] move: Trick
|move|p2a: Zapdos|Volt Switch|p1a: Por
|-damage|p1a: Por|38/100
|
|t:|1760373077
|switch|p2a: Toucannon|Toucannon, F|100/100|[from] Volt Switch
|
|upkeep
|turn|2
|
|t:|1760373082
|switch|p1a: Mort|Skeledirge, F|100/100
|move|p2a: Toucannon|Knock Off|p1a: Mort
|-supereffective|p1a: Mort
|-damage|p1a: Mort|50/100
|-enditem|p1a: Mort|Heavy-Duty Boots|[from] move: Knock Off|[of] p2a: Toucannon
|
|upkeep
|turn|3
|
|t:|1760373088
|move|p1a: Mort|Slack Off|p1a: Mort
|-heal|p1a: Mort|99/100
|move|p2a: Toucannon|Rock Blast|p1a: Mort
|-supereffective|p1a: Mort
|-damage|p1a: Mort|85/100
|-supereffective|p1a: Mort
|-damage|p1a: Mort|69/100
|-supereffective|p1a: Mort
|-damage|p1a: Mort|55/100
|-supereffective|p1a: Mort
|-damage|p1a: Mort|40/100
|-supereffective|p1a: Mort
|-damage|p1a: Mort|27/100
|-hitcount|p1a: Mort|5
|
|upkeep
|turn|4
|
|t:|1760373101
|switch|p1a: Cavaller|Corviknight, F|100/100
|-ability|p1a: Cavaller|Pressure
|move|p2a: Toucannon|Knock Off|p1a: Cavaller
|-damage|p1a: Cavaller|77/100
|-damage|p2a: Toucannon|84/100|[from] item: Rocky Helmet|[of] p1a: Cavaller
|-enditem|p1a: Cavaller|Rocky Helmet|[from] move: Knock Off|[of] p2a: Toucannon
|
|upkeep
|turn|5
|
|t:|1760373111
|switch|p1a: Mort|Skeledirge, F|27/100
|switch|p2a: Zapdos|Zapdos|100/100
|
|upkeep
|turn|6
|
|t:|1760373118
|switch|p1a: Shogun|Kingambit, M|100/100
|move|p2a: Zapdos|Volt Switch|p1a: Shogun
|-damage|p1a: Shogun|71/100
|
|t:|1760373122
|switch|p2a: Toucannon|Toucannon, F|84/100|[from] Volt Switch
|
|-heal|p1a: Shogun|77/100|[from] item: Leftovers
|upkeep
|turn|7
|
|t:|1760373142
|-end|p1a: Shogun|fallenundefined|[silent]
|switch|p1a: Cavaller|Corviknight, F|77/100
|-ability|p1a: Cavaller|Pressure
|move|p2a: Toucannon|Brick Break|p1a: Cavaller
|-damage|p1a: Cavaller|57/100
|
|upkeep
|turn|8
|
|t:|1760373149
|-singleturn|p2a: Toucannon|move: Beak Blast
|move|p1a: Cavaller|Roost|p1a: Cavaller
|-heal|p1a: Cavaller|100/100
|-singleturn|p1a: Cavaller|move: Roost
|move|p2a: Toucannon|Beak Blast|p1a: Cavaller
|-resisted|p1a: Cavaller
|-damage|p1a: Cavaller|82/100
|
|upkeep
|turn|9
|
|t:|1760373157
|switch|p2a: Zapdos|Zapdos|100/100
|move|p1a: Cavaller|Body Press|p2a: Zapdos
|-resisted|p2a: Zapdos
|-damage|p2a: Zapdos|83/100
|-status|p1a: Cavaller|par|[from] ability: Static|[of] p2a: Zapdos
|
|upkeep
|turn|10
|-message|Andher forfeited.
|
|win|kyoujic
|raw|Andher's rating: 1493 &rarr; <strong>1474</strong><br />(-19 for losing)
|raw|kyoujic's rating: 1503 &rarr; <strong>1522</strong><br />(+19 for winning)
|l|☆Andher
|player|p1|
|l|☆kyoujic
|player|p2|
