|j|☆TryinSome
|j|☆Alolan Spinda
|t:|1760452242
|gametype|singles
|player|p1|TryinSome|nate|1136
|player|p2|Alolan Spinda|102|1129
|gen|9
|tier|[Gen 9] OU
|rated|
|rule|HP Percentage Mod: HP is shown in percentages
|rule|Endless Battle Clause: Forcing endless battles is banned
|rule|Species Clause: Limit one of each Pokémon
|rule|OHKO Clause: OHKO moves are banned
|rule|Evasion Items Clause: Evasion items are banned
|rule|Evasion Moves Clause: Evasion moves are banned
|rule|Evasion Abilities Clause: Evasion abilities are banned
|rule|Sleep Moves Clause: Sleep-inducing moves are banned
|clearpoke
|poke|p1|Lycanroc-Dusk, M|
|poke|p1|Araquanid, M|
|poke|p1|Salamence, M|
|poke|p1|Toxtricity-Low-Key, M|
|poke|p1|Grimmsnarl, M|
|poke|p1|Magmortar, M|
|poke|p2|Iron Boulder|
|poke|p2|Ogerpon-Wellspring, F|
|poke|p2|Moltres|
|poke|p2|Ting-Lu|
|poke|p2|Raging Bolt|
|poke|p2|Weezing-Galar, F|
|teampreview
|
|t:|1760452250
|teamsize|p1|6
|teamsize|p2|6
|start
|switch|p1a: Araquanid|Araquanid, M, shiny|100/100
|switch|p2a: Iron Boulder|Iron Boulder|100/100
|turn|1
|
|t:|1760452255
|move|p2a: Iron Boulder|Mighty Cleave|p1a: Araquanid
|-supereffective|p1a: Araquanid
|-damage|p1a: Araquanid|0 fnt
|faint|p1a: Araquanid
|
|upkeep
|
|t:|1760452267
|switch|p1a: Salamence|Salamence, M|100/100
|turn|2
|
|t:|1760452271
|-terastallize|p1a: Salamence|Steel
|move|p2a: Iron Boulder|Mighty Cleave|p1a: Salamence
|-resisted|p1a: Salamence
|-damage|p1a: Salamence|60/100
|move|p1a: Salamence|Dragon Dance|p1a: Salamence
|-boost|p1a: Salamence|atk|1
|-boost|p1a: Salamence|spe|1
|
|-heal|p1a: Salamence|66/100|[from] item: Leftovers
|upkeep
|turn|3
|
|t:|1760452281
|-end|p2a: Iron Boulder|Quark Drive|[silent]
|switch|p2a: Weezing|Weezing-Galar, F|100/100
|-ability|p2a: Weezing|Neutralizing Gas
|move|p1a: Salamence|Earthquake|p2a: Weezing
|-supereffective|p2a: Weezing
|-damage|p2a: Weezing|21/100
|
|-heal|p1a: Salamence|72/100|[from] item: Leftovers
|upkeep
|turn|4
|
|t:|1760452289
|-end|p2a: Weezing|ability: Neutralizing Gas
|switch|p2a: Moltres|Moltres|100/100
|move|p1a: Salamence|Earthquake|p2a: Moltres
|-immune|p2a: Moltres
|
|-heal|p1a: Salamence|78/100|[from] item: Leftovers
|upkeep
|turn|5
|
|t:|1760452296
|move|p1a: Salamence|Dragon Dance|p1a: Salamence
|-boost|p1a: Salamence|atk|1
|-boost|p1a: Salamence|spe|1
|move|p2a: Moltres|Flamethrower|p1a: Salamence
|-supereffective|p1a: Salamence
|-damage|p1a: Salamence|0 fnt
|faint|p1a: Salamence
|
|upkeep
|
|t:|1760452301
|switch|p1a: Lycanroc|Lycanroc-Dusk, M, shiny|100/100
|turn|6
|
|t:|1760452305
|switch|p2a: Ting-Lu|Ting-Lu|100/100
|-ability|p2a: Ting-Lu|Vessel of Ruin
|move|p1a: Lycanroc|Swords Dance|p1a: Lycanroc
|-boost|p1a: Lycanroc|atk|2
|
|upkeep
|turn|7
|
|t:|1760452311
|move|p1a: Lycanroc|Close Combat|p2a: Ting-Lu
|-supereffective|p2a: Ting-Lu
|-damage|p2a: Ting-Lu|0 fnt
|-unboost|p1a: Lycanroc|def|1
|-unboost|p1a: Lycanroc|spd|1
|faint|p2a: Ting-Lu
|
|upkeep
|
|t:|1760452320
|switch|p2a: Iron Boulder|Iron Boulder|100/100
|turn|8
|
|t:|1760452324
|move|p2a: Iron Boulder|Close Combat|p1a: Lycanroc
|-supereffective|p1a: Lycanroc
|-enditem|p1a: Lycanroc|Focus Sash
|-damage|p1a: Lycanroc|1/100
|-unboost|p2a: Iron Boulder|def|1
|-unboost|p2a: Iron Boulder|spd|1
|move|p1a: Lycanroc|Close Combat|p2a: Iron Boulder
|-damage|p2a: Iron Boulder|0 fnt
|-unboost|p1a: Lycanroc|def|1
|-unboost|p1a: Lycanroc|spd|1
|faint|p2a: Iron Boulder
|-end|p2a: Iron Boulder|Quark Drive|[silent]
|
|upkeep
|
|t:|1760452335
|switch|p2a: Raging Bolt|Raging Bolt|100/100
|turn|9
|
|t:|1760452339
|move|p2a: Raging Bolt|Thunderclap||[still]
|-fail|p2a: Raging Bolt
|move|p1a: Lycanroc|Swords Dance|p1a: Lycanroc
|-boost|p1a: Lycanroc|atk|2
|
|upkeep
|turn|10
|
|t:|1760452343
|move|p1a: Lycanroc|Accelerock|p2a: Raging Bolt
|-damage|p2a: Raging Bolt|35/100
|move|p2a: Raging Bolt|Thunderclap||[still]
|-fail|p2a: Raging Bolt
|
|upkeep
|turn|11
|
|t:|1760452353
|-end|p2a: Raging Bolt|Protosynthesis|[silent]
|switch|p2a: Weezing|Weezing-Galar, F|21/100
|-ability|p2a: Weezing|Neutralizing Gas
|move|p1a: Lycanroc|Accelerock|p2a: Weezing
|-crit|p2a: Weezing
|-damage|p2a: Weezing|0 fnt
|faint|p2a: Weezing
|-end|p2a: Weezing|ability: Neutralizing Gas
|
|upkeep
|
|t:|1760452358
|switch|p2a: Ogerpon|Ogerpon-Wellspring, F|100/100
|turn|12
|
|t:|1760452363
|move|p1a: Lycanroc|Accelerock|p2a: Ogerpon
|-damage|p2a: Ogerpon|0 fnt
|faint|p2a: Ogerpon
|
|upkeep
|
|t:|1760452366
|switch|p2a: Raging Bolt|Raging Bolt|35/100
|turn|13
|
|t:|1760452369
|move|p1a: Lycanroc|Swords Dance|p1a: Lycanroc
|-boost|p1a: Lycanroc|atk|2
|move|p2a: Raging Bolt|Thunderbolt|p1a: Lycanroc
|-damage|p1a: Lycanroc|0 fnt
|faint|p1a: Lycanroc
|
|upkeep
|
|t:|1760452374
|switch|p1a: Grimmsnarl|Grimmsnarl, M, shiny|100/100
|turn|14
|
|t:|1760452380
|move|p2a: Raging Bolt|Volt Switch|p1a: Grimmsnarl
|-crit|p1a: Grimmsnarl
|-damage|p1a: Grimmsnarl|35/100
|
|t:|1760452383
|-end|p2a: Raging Bolt|Protosynthesis|[silent]
|switch|p2a: Moltres|Moltres|100/100|[from] Volt Switch
|move|p1a: Grimmsnarl|Play Rough|p2a: Moltres
|-resisted|p2a: Moltres
|-damage|p2a: Moltres|87/100
|
|upkeep
|turn|15
|
|t:|1760452387
|move|p1a: Grimmsnarl|Light Screen|p1a: Grimmsnarl
|-sidestart|p1: TryinSome|move: Light Screen
|move|p2a: Moltres|Flamethrower|p1a: Grimmsnarl
|-damage|p1a: Grimmsnarl|15/100
|
|upkeep
|turn|16
|
|t:|1760452393
|move|p1a: Grimmsnarl|Parting Shot|p2a: Moltres
|-unboost|p2a: Moltres|atk|1
|-unboost|p2a: Moltres|spa|1
|
|t:|1760452395
|switch|p1a: Toxtricity|Toxtricity-Low-Key, M|100/100|[from] Parting Shot
|move|p2a: Moltres|Flamethrower|p1a: Toxtricity
|-crit|p1a: Toxtricity
|-damage|p1a: Toxtricity|13/100
|
|upkeep
|turn|17
|
|t:|1760452404
|-terastallize|p2a: Moltres|Fairy
|move|p1a: Toxtricity|Overdrive|p2a: Moltres
|-damage|p2a: Moltres|37/100
|-enditem|p1a: Toxtricity|Throat Spray
|-boost|p1a: Toxtricity|spa|1|[from] item: Throat Spray
|move|p2a: Moltres|Flamethrower|p1a: Toxtricity
|-damage|p1a: Toxtricity|0 fnt
|faint|p1a: Toxtricity
|
|upkeep
|
|t:|1760452408
|switch|p1a: Magmortar|Magmortar, M|100/100
|turn|18
|
|t:|1760452413
|move|p1a: Magmortar|Flamethrower|p2a: Moltres
|-damage|p2a: Moltres|0 fnt
|faint|p2a: Moltres
|
|upkeep
|
|t:|1760452417
|switch|p2a: Raging Bolt|Raging Bolt|35/100
|turn|19
|
|t:|1760452421
|move|p1a: Magmortar|Flamethrower|p2a: Raging Bolt
|-resisted|p2a: Raging Bolt
|-damage|p2a: Raging Bolt|13/100
|move|p2a: Raging Bolt|Thunderbolt|p1a: Magmortar
|-damage|p1a: Magmortar|65/100
|-status|p1a: Magmortar|par
|
|upkeep
|turn|20
|
|t:|1760452427
|move|p2a: Raging Bolt|Thunderbolt|p1a: Magmortar
|-damage|p1a: Magmortar|31/100 par
|move|p1a: Magmortar|Flamethrower|p2a: Raging Bolt
|-resisted|p2a: Raging Bolt
|-damage|p2a: Raging Bolt|0 fnt
|faint|p2a: Raging Bolt
|-end|p2a: Raging Bolt|Protosynthesis|[silent]
|
|win|TryinSome
|raw|TryinSome's rating: 1136 &rarr; <strong>1160</strong><br />(+24 for winning)
|raw|Alolan Spinda's rating: 1129 &rarr; <strong>1105</strong><br />(-24 for losing)
|l|☆Alolan Spinda
|player|p2|
|l|☆TryinSome
|player|p1|
