|j|☆wobbuffet24
|j|☆Jean Castex
|t:|1760441006
|gametype|singles
|player|p1|wobbuffet24|169|1050
|player|p2|Jean Castex|swimmerm-gen2|1000
|gen|9
|tier|[Gen 9] OU
|rated|
|rule|HP Percentage Mod: HP is shown in percentages
|rule|Endless Battle Clause: Forcing endless battles is banned
|rule|Species Clause: Limit one of each Pokémon
|rule|OHKO Clause: OHKO moves are banned
|rule|Evasion Items Clause: Evasion items are banned
|rule|Evasion Moves Clause: Evasion moves are banned
|rule|Evasion Abilities Clause: Evasion abilities are banned
|rule|Sleep Moves Clause: Sleep-inducing moves are banned
|clearpoke
|poke|p1|Conkeldurr, M|
|poke|p1|Mew|
|poke|p1|Hawlucha, M|
|poke|p1|Staraptor, F|
|poke|p1|Scizor, M|
|poke|p1|Weezing-Galar, M|
|poke|p2|Venusaur, M|
|poke|p2|Ninetales, M|
|poke|p2|Slowking-Galar, M|
|poke|p2|Torkoal, M|
|poke|p2|Darkrai|
|poke|p2|Kyurem|
|teampreview
|inactive|Battle timer is ON: inactive players will automatically lose when time's up. (requested by wobbuffet24)
|inactive|Jean Castex has 120 seconds left.
|c|☆wobbuffet24|you must have beef with smeargle
|c|☆Jean Castex|why
|inactive|Jean Castex also wants the timer to be on.
|inactive|Jean Castex has 90 seconds left.
|
|t:|1760441080
|teamsize|p1|6
|teamsize|p2|6
|start
|switch|p1a: Mew|Mew, shiny|100/100
|switch|p2a: Ninetales|Ninetales, M|100/100
|-weather|SunnyDay|[from] ability: Drought|[of] p2a: Ninetales
|turn|1
|c|☆wobbuffet24|dark void at 50 acc
|c|☆Jean Castex|huh
|
|t:|1760441099
|move|p2a: Ninetales|Nasty Plot|p2a: Ninetales
|-boost|p2a: Ninetales|spa|2
|move|p1a: Mew|Thunder Wave|p2a: Ninetales
|-status|p2a: Ninetales|par
|
|-weather|SunnyDay|[upkeep]
|upkeep
|turn|2
|
|t:|1760441108
|move|p1a: Mew|Stealth Rock|p2a: Ninetales
|-sidestart|p2: Jean Castex|move: Stealth Rock
|cant|p2a: Ninetales|par
|
|-weather|SunnyDay|[upkeep]
|upkeep
|turn|3
|
|t:|1760441118
|switch|p1a: Weezing|Weezing-Galar, M|100/100
|-ability|p1a: Weezing|Neutralizing Gas
|move|p2a: Ninetales|Flamethrower|p1a: Weezing
|-damage|p1a: Weezing|0 fnt
|faint|p1a: Weezing
|-end|p1a: Weezing|ability: Neutralizing Gas
|
|-weather|SunnyDay|[upkeep]
|upkeep
|
|t:|1760441129
|switch|p1a: Staraptor|Staraptor, F|100/100
|turn|4
|
|t:|1760441135
|switch|p2a: Torkoal|Torkoal, M|100/100
|move|p1a: Staraptor|Brave Bird|p2a: Torkoal
|-crit|p2a: Torkoal
|-damage|p2a: Torkoal|42/100
|-damage|p1a: Staraptor|79/100|[from] Recoil
|
|-weather|SunnyDay|[upkeep]
|upkeep
|turn|5
|
|t:|1760441145
|move|p1a: Staraptor|Brave Bird|p2a: Torkoal
|-damage|p2a: Torkoal|5/100
|-damage|p1a: Staraptor|65/100|[from] Recoil
|move|p2a: Torkoal|Rapid Spin|p1a: Staraptor
|-damage|p1a: Staraptor|53/100
|-boost|p2a: Torkoal|spe|1
|-sideend|p2: Jean Castex|Stealth Rock|[from] move: Rapid Spin|[of] p2a: Torkoal
|
|-weather|SunnyDay|[upkeep]
|upkeep
|turn|6
|
|t:|1760441158
|move|p1a: Staraptor|Brave Bird|p2a: Torkoal
|-damage|p2a: Torkoal|0 fnt
|faint|p2a: Torkoal
|-damage|p1a: Staraptor|51/100|[from] Recoil
|
|-weather|SunnyDay|[upkeep]
|upkeep
|
|t:|1760441162
|switch|p2a: Venusaur|Venusaur, M|100/100
|turn|7
|
|t:|1760441166
|move|p2a: Venusaur|Sludge Bomb|p1a: Staraptor
|-damage|p1a: Staraptor|0 fnt
|faint|p1a: Staraptor
|-damage|p2a: Venusaur|91/100|[from] item: Life Orb
|
|-weather|SunnyDay|[upkeep]
|upkeep
|
|t:|1760441172
|switch|p1a: Scizor|Scizor, M, shiny|100/100
|turn|8
|
|t:|1760441176
|move|p2a: Venusaur|Weather Ball|p1a: Scizor
|-supereffective|p1a: Scizor
|-damage|p1a: Scizor|0 fnt
|faint|p1a: Scizor
|-damage|p2a: Venusaur|81/100|[from] item: Life Orb
|
|-weather|none
|upkeep
|
|t:|1760441183
|switch|p1a: Conkeldurr|Conkeldurr, M|100/100
|turn|9
|
|t:|1760441189
|switch|p2a: Ninetales|Ninetales, M|100/100 par
|-weather|SunnyDay|[from] ability: Drought|[of] p2a: Ninetales
|move|p1a: Conkeldurr|Ice Punch|p2a: Ninetales
|-resisted|p2a: Ninetales
|-damage|p2a: Ninetales|65/100 par
|
|-weather|SunnyDay|[upkeep]
|upkeep
|turn|10
|
|t:|1760441202
|move|p1a: Conkeldurr|Bulldoze|p2a: Ninetales
|-supereffective|p2a: Ninetales
|-damage|p2a: Ninetales|0 fnt
|faint|p2a: Ninetales
|
|-weather|SunnyDay|[upkeep]
|upkeep
|
|t:|1760441208
|switch|p2a: Venusaur|Venusaur, M|81/100
|turn|11
|
|t:|1760441212
|-terastallize|p2a: Venusaur|Fire
|move|p2a: Venusaur|Growth|p2a: Venusaur
|-boost|p2a: Venusaur|atk|2
|-boost|p2a: Venusaur|spa|2
|move|p1a: Conkeldurr|Ice Punch|p2a: Venusaur
|-resisted|p2a: Venusaur
|-damage|p2a: Venusaur|47/100
|
|-weather|SunnyDay|[upkeep]
|upkeep
|turn|12
|
|t:|1760441222
|switch|p1a: Mew|Mew, shiny|100/100
|move|p2a: Venusaur|Weather Ball|p1a: Mew
|-damage|p1a: Mew|0 fnt
|faint|p1a: Mew
|-damage|p2a: Venusaur|37/100|[from] item: Life Orb
|
|-weather|SunnyDay|[upkeep]
|upkeep
|
|t:|1760441230
|switch|p1a: Conkeldurr|Conkeldurr, M|100/100
|turn|13
|
|t:|1760441233
|move|p2a: Venusaur|Weather Ball|p1a: Conkeldurr
|-damage|p1a: Conkeldurr|0 fnt
|faint|p1a: Conkeldurr
|-damage|p2a: Venusaur|27/100|[from] item: Life Orb
|
|-weather|SunnyDay|[upkeep]
|upkeep
|
|t:|1760441240
|switch|p1a: Hawlucha|Hawlucha, M, shiny|100/100
|turn|14
|
|t:|1760441243
|move|p2a: Venusaur|Weather Ball|p1a: Hawlucha
|-damage|p1a: Hawlucha|0 fnt
|faint|p1a: Hawlucha
|-damage|p2a: Venusaur|17/100|[from] item: Life Orb
|
|win|Jean Castex
|raw|wobbuffet24's rating: 1050 &rarr; <strong>1030</strong><br />(-20 for losing)
|raw|Jean Castex's rating: 1000 &rarr; <strong>1046</strong><br />(+46 for winning)
|c|☆Jean Castex|gg
|c|☆wobbuffet24|gg
