|j|☆wintermoon0
|j|☆Chief_Ironside
|t:|1760460820
|gametype|singles
|player|p1|wintermoon0|170|1383
|player|p2|Chief_Ironside|dragontamer|1368
|gen|9
|tier|[Gen 9] OU
|rated|
|rule|HP Percentage Mod: HP is shown in percentages
|rule|Endless Battle Clause: Forcing endless battles is banned
|rule|Species Clause: Limit one of each Pokémon
|rule|OHKO Clause: OHKO moves are banned
|rule|Evasion Items Clause: Evasion items are banned
|rule|Evasion Moves Clause: Evasion moves are banned
|rule|Evasion Abilities Clause: Evasion abilities are banned
|rule|Sleep Moves Clause: Sleep-inducing moves are banned
|clearpoke
|poke|p1|Pelipper, M|
|poke|p1|Barraskewda, F|
|poke|p1|Sandy Shocks|
|poke|p1|Deoxys-Speed|
|poke|p1|Cramorant, M|
|poke|p1|Haxorus, M|
|poke|p2|Breloom, M|
|poke|p2|Araquanid, F|
|poke|p2|Sinistcha-Masterpiece|
|poke|p2|Great Tusk|
|poke|p2|Slowking-Galar, F|
|poke|p2|Enamorus, F|
|teampreview
|inactive|Battle timer is ON: inactive players will automatically lose when time's up. (requested by wintermoon0)
|
|t:|1760460829
|teamsize|p1|6
|teamsize|p2|6
|start
|switch|p1a: Deoxys|Deoxys-Speed|100/100
|switch|p2a: Breloom|Breloom, M|100/100
|-ability|p1a: Deoxys|Pressure
|turn|1
|
|t:|1760460845
|move|p1a: Deoxys|Psycho Boost|p2a: Breloom
|-supereffective|p2a: Breloom
|-damage|p2a: Breloom|0 fnt
|-unboost|p1a: Deoxys|spa|2
|faint|p2a: Breloom
|
|upkeep
|
|t:|1760460852
|switch|p2a: Sinistcha|Sinistcha-Masterpiece|100/100
|turn|2
|
|t:|1760460858
|switch|p1a: Pelipper|Pelipper, M|100/100
|-weather|RainDance|[from] ability: Drizzle|[of] p1a: Pelipper
|move|p2a: Sinistcha|Calm Mind|p2a: Sinistcha
|-boost|p2a: Sinistcha|spa|1
|-boost|p2a: Sinistcha|spd|1
|
|-weather|RainDance|[upkeep]
|upkeep
|turn|3
|
|t:|1760460861
|move|p2a: Sinistcha|Matcha Gotcha|p1a: Pelipper|[miss]
|-miss|p2a: Sinistcha|p1a: Pelipper
|move|p1a: Pelipper|Knock Off|p2a: Sinistcha
|-supereffective|p2a: Sinistcha
|-damage|p2a: Sinistcha|83/100
|-enditem|p2a: Sinistcha|Leftovers|[from] move: Knock Off|[of] p1a: Pelipper
|
|-weather|RainDance|[upkeep]
|upkeep
|turn|4
|
|t:|1760460866
|move|p2a: Sinistcha|Matcha Gotcha|p1a: Pelipper
|-damage|p1a: Pelipper|31/100
|-heal|p2a: Sinistcha|100/100|[from] drain|[of] p1a: Pelipper
|-status|p1a: Pelipper|brn
|move|p1a: Pelipper|Hurricane|p2a: Sinistcha
|-supereffective|p2a: Sinistcha
|-damage|p2a: Sinistcha|26/100
|
|-weather|RainDance|[upkeep]
|-damage|p1a: Pelipper|25/100 brn|[from] brn
|upkeep
|turn|5
|
|t:|1760460878
|switch|p1a: Cramorant|Cramorant, M|100/100
|move|p2a: Sinistcha|Matcha Gotcha|p1a: Cramorant|[miss]
|-miss|p2a: Sinistcha|p1a: Cramorant
|
|-weather|RainDance|[upkeep]
|upkeep
|turn|6
|
|t:|1760460884
|move|p1a: Cramorant|Surf|p2a: Sinistcha
|-formechange|p1a: Cramorant|Cramorant-Gulping|
|-resisted|p2a: Sinistcha
|-damage|p2a: Sinistcha|11/100
|move|p2a: Sinistcha|Matcha Gotcha|p1a: Cramorant
|-damage|p1a: Cramorant|61/100
|-heal|p2a: Sinistcha|30/100|[from] drain|[of] p1a: Cramorant
|-damage|p2a: Sinistcha|5/100|[from] ability: Gulp Missile|[of] p1a: Cramorant
|-unboost|p2a: Sinistcha|def|1
|-formechange|p1a: Cramorant|Cramorant|
|
|-weather|RainDance|[upkeep]
|-heal|p1a: Cramorant|67/100|[from] item: Leftovers
|upkeep
|turn|7
|
|t:|1760460895
|move|p1a: Cramorant|Surf|p2a: Sinistcha
|-formechange|p1a: Cramorant|Cramorant-Gulping|
|-resisted|p2a: Sinistcha
|-damage|p2a: Sinistcha|0 fnt
|faint|p2a: Sinistcha
|
|-weather|RainDance|[upkeep]
|-heal|p1a: Cramorant|73/100|[from] item: Leftovers
|upkeep
|
|t:|1760460899
|switch|p2a: Slowking|Slowking-Galar, F|100/100
|turn|8
|
|t:|1760460905
|move|p1a: Cramorant|Surf|p2a: Slowking
|-damage|p2a: Slowking|82/100
|move|p2a: Slowking|Sludge Bomb|p1a: Cramorant
|-damage|p1a: Cramorant|41/100
|-damage|p2a: Slowking|57/100|[from] ability: Gulp Missile|[of] p1a: Cramorant
|-unboost|p2a: Slowking|def|1
|-formechange|p1a: Cramorant|Cramorant|
|
|-weather|RainDance|[upkeep]
|-heal|p1a: Cramorant|47/100|[from] item: Leftovers
|upkeep
|turn|9
|
|t:|1760460911
|move|p1a: Cramorant|Surf|p2a: Slowking
|-formechange|p1a: Cramorant|Cramorant-Gorging|
|-damage|p2a: Slowking|38/100
|move|p2a: Slowking|Sludge Bomb|p1a: Cramorant
|-damage|p1a: Cramorant|14/100
|-damage|p2a: Slowking|13/100|[from] ability: Gulp Missile|[of] p1a: Cramorant
|-status|p2a: Slowking|par
|-formechange|p1a: Cramorant|Cramorant|
|
|-weather|none
|-heal|p1a: Cramorant|21/100|[from] item: Leftovers
|upkeep
|turn|10
|
|t:|1760460919
|switch|p2a: Araquanid|Araquanid, F|100/100
|move|p1a: Cramorant|Agility|p1a: Cramorant
|-boost|p1a: Cramorant|spe|2
|
|-heal|p1a: Cramorant|27/100|[from] item: Leftovers
|upkeep
|turn|11
|
|t:|1760460923
|move|p1a: Cramorant|Air Slash|p2a: Araquanid
|-supereffective|p2a: Araquanid
|-damage|p2a: Araquanid|67/100
|cant|p2a: Araquanid|flinch
|
|-heal|p1a: Cramorant|33/100|[from] item: Leftovers
|upkeep
|turn|12
|
|t:|1760460926
|move|p1a: Cramorant|Surf|p2a: Araquanid
|-formechange|p1a: Cramorant|Cramorant-Gorging|
|-resisted|p2a: Araquanid
|-damage|p2a: Araquanid|56/100
|move|p2a: Araquanid|Surf|p1a: Cramorant
|-resisted|p1a: Cramorant
|-damage|p1a: Cramorant|11/100
|-damage|p2a: Araquanid|31/100|[from] ability: Gulp Missile|[of] p1a: Cramorant
|-status|p2a: Araquanid|par
|-formechange|p1a: Cramorant|Cramorant|
|
|-heal|p1a: Cramorant|17/100|[from] item: Leftovers
|upkeep
|turn|13
|
|t:|1760460935
|move|p2a: Araquanid|Endure|p2a: Araquanid
|-singleturn|p2a: Araquanid|move: Endure
|move|p1a: Cramorant|Air Slash|p2a: Araquanid|[miss]
|-miss|p1a: Cramorant|p2a: Araquanid
|
|-heal|p1a: Cramorant|23/100|[from] item: Leftovers
|upkeep
|turn|14
|c|☆Chief_Ironside|I'm gettin ghacked to death
|c|☆Chief_Ironside|by a fucking cramorant
|
|t:|1760460948
|move|p1a: Cramorant|Air Slash|p2a: Araquanid
|-supereffective|p2a: Araquanid
|-damage|p2a: Araquanid|0 fnt
|faint|p2a: Araquanid
|
|-heal|p1a: Cramorant|30/100|[from] item: Leftovers
|upkeep
|c|☆Chief_Ironside|can't even hit me into custap on the endure
|c|☆Chief_Ironside|it's fate
|
|t:|1760460967
|switch|p2a: Slowking|Slowking-Galar, F|46/100 par
|turn|15
|
|t:|1760460971
|move|p1a: Cramorant|Roost|p1a: Cramorant
|-heal|p1a: Cramorant|80/100
|-singleturn|p1a: Cramorant|move: Roost
|move|p2a: Slowking|Sludge Bomb|p1a: Cramorant
|-damage|p1a: Cramorant|46/100
|-status|p1a: Cramorant|psn
|
|-heal|p1a: Cramorant|53/100 psn|[from] item: Leftovers
|-damage|p1a: Cramorant|40/100 psn|[from] psn
|upkeep
|turn|16
|
|t:|1760460978
|move|p1a: Cramorant|Surf|p2a: Slowking
|-formechange|p1a: Cramorant|Cramorant-Gorging|
|-damage|p2a: Slowking|32/100 par
|cant|p2a: Slowking|par
|
|-heal|p1a: Cramorant|46/100 psn|[from] item: Leftovers
|-damage|p1a: Cramorant|34/100 psn|[from] psn
|upkeep
|turn|17
|
|t:|1760460985
|move|p1a: Cramorant|Roost|p1a: Cramorant
|-heal|p1a: Cramorant|84/100 psn
|-singleturn|p1a: Cramorant|move: Roost
|move|p2a: Slowking|Psyshock|p1a: Cramorant
|-damage|p1a: Cramorant|22/100 psn
|-damage|p2a: Slowking|7/100 par|[from] ability: Gulp Missile|[of] p1a: Cramorant
|-formechange|p1a: Cramorant|Cramorant|
|
|-heal|p1a: Cramorant|28/100 psn|[from] item: Leftovers
|-damage|p1a: Cramorant|16/100 psn|[from] psn
|upkeep
|turn|18
|
|t:|1760460987
|move|p1a: Cramorant|Surf|p2a: Slowking
|-formechange|p1a: Cramorant|Cramorant-Gorging|
|-damage|p2a: Slowking|0 fnt
|faint|p2a: Slowking
|
|-heal|p1a: Cramorant|22/100 psn|[from] item: Leftovers
|-damage|p1a: Cramorant|10/100 psn|[from] psn
|upkeep
|
|t:|1760460991
|switch|p2a: Enamorus|Enamorus, F|100/100
|turn|19
|
|t:|1760461005
|move|p1a: Cramorant|Surf|p2a: Enamorus
|-damage|p2a: Enamorus|65/100
|move|p2a: Enamorus|Moonblast|p1a: Cramorant
|-damage|p1a: Cramorant|0 fnt
|-damage|p2a: Enamorus|40/100|[from] ability: Gulp Missile|[of] p1a: Cramorant
|-status|p2a: Enamorus|par
|-formechange|p1a: Cramorant|Cramorant|
|faint|p1a: Cramorant
|
|upkeep
|-message|Chief_Ironside forfeited.
|
|win|wintermoon0
|raw|wintermoon0's rating: 1383 &rarr; <strong>1402</strong><br />(+19 for winning)
|raw|Chief_Ironside's rating: 1368 &rarr; <strong>1349</strong><br />(-19 for losing)
|l|☆Chief_Ironside
|player|p2|
|l|☆wintermoon0
|player|p1|
