|j|☆volcaronaisboss
|j|☆eros maniac
|t:|1760449448
|gametype|singles
|player|p1|volcaronaisboss|burglar-gen3|1692
|player|p2|eros maniac|hilbert-wonderlauncher|1780
|gen|9
|tier|[Gen 9] OU
|rated|
|rule|HP Percentage Mod: HP is shown in percentages
|rule|Endless Battle Clause: Forcing endless battles is banned
|rule|Species Clause: Limit one of each Pokémon
|rule|OHKO Clause: OHKO moves are banned
|rule|Evasion Items Clause: Evasion items are banned
|rule|Evasion Moves Clause: Evasion moves are banned
|rule|Evasion Abilities Clause: Evasion abilities are banned
|rule|Sleep Moves Clause: Sleep-inducing moves are banned
|clearpoke
|poke|p1|Comfey, M|
|poke|p1|Whimsicott, M|
|poke|p1|Iron Moth|
|poke|p1|Walking Wake|
|poke|p1|Great Tusk|
|poke|p1|Ninetales, F|
|poke|p2|Frosmoth, F|
|poke|p2|Maushold-Four|
|poke|p2|Krookodile, F|
|poke|p2|Sinistcha|
|poke|p2|Alomomola, M|
|poke|p2|Weezing-Galar, M|
|teampreview
|inactive|Battle timer is ON: inactive players will automatically lose when time's up. (requested by volcaronaisboss)
|
|t:|1760449466
|teamsize|p1|6
|teamsize|p2|6
|start
|switch|p1a: Walking Wake|Walking Wake|100/100
|switch|p2a: Krookodile|Krookodile, F|100/100
|-ability|p2a: Krookodile|Intimidate|boost
|-unboost|p1a: Walking Wake|atk|1
|turn|1
|
|t:|1760449474
|switch|p2a: Alomomola|Alomomola, M, shiny|100/100
|move|p1a: Walking Wake|Knock Off|p2a: Alomomola
|-damage|p2a: Alomomola|94/100
|-damage|p1a: Walking Wake|84/100|[from] item: Rocky Helmet|[of] p2a: Alomomola
|-enditem|p2a: Alomomola|Rocky Helmet|[from] move: Knock Off|[of] p1a: Walking Wake
|
|upkeep
|turn|2
|
|t:|1760449479
|move|p1a: Walking Wake|Draco Meteor|p2a: Alomomola
|-damage|p2a: Alomomola|36/100
|-unboost|p1a: Walking Wake|spa|2
|move|p2a: Alomomola|Flip Turn|p1a: Walking Wake
|-resisted|p1a: Walking Wake
|-damage|p1a: Walking Wake|80/100
|
|t:|1760449482
|switch|p2a: Maushold|Maushold-Four|100/100|[from] Flip Turn
|
|upkeep
|turn|3
|
|t:|1760449490
|move|p2a: Maushold|Population Bomb|p1a: Walking Wake
|-damage|p1a: Walking Wake|69/100
|-damage|p1a: Walking Wake|59/100
|-damage|p1a: Walking Wake|49/100
|-damage|p1a: Walking Wake|38/100
|-damage|p1a: Walking Wake|29/100
|-damage|p1a: Walking Wake|19/100
|-damage|p1a: Walking Wake|9/100
|-damage|p1a: Walking Wake|0 fnt
|faint|p1a: Walking Wake
|-end|p1a: Walking Wake|Protosynthesis|[silent]
|-hitcount|p1: Walking Wake|8
|
|upkeep
|
|t:|1760449495
|switch|p1a: Ninetales|Ninetales, F|100/100
|-weather|SunnyDay|[from] ability: Drought|[of] p1a: Ninetales
|turn|4
|
|t:|1760449498
|switch|p2a: Alomomola|Alomomola, M, shiny|69/100
|switch|p1a: Great Tusk|Great Tusk|100/100
|-activate|p1a: Great Tusk|ability: Protosynthesis
|-start|p1a: Great Tusk|protosynthesisspe
|
|-weather|SunnyDay|[upkeep]
|upkeep
|turn|5
|
|t:|1760449502
|move|p1a: Great Tusk|Stealth Rock|p2a: Alomomola
|-sidestart|p2: eros maniac|move: Stealth Rock
|move|p2a: Alomomola|Flip Turn|p1a: Great Tusk
|-supereffective|p1a: Great Tusk
|-damage|p1a: Great Tusk|92/100
|-damage|p2a: Alomomola|52/100|[from] item: Rocky Helmet|[of] p1a: Great Tusk
|
|t:|1760449511
|switch|p2a: Krookodile|Krookodile, F|100/100|[from] Flip Turn
|-damage|p2a: Krookodile|94/100|[from] Stealth Rock
|-ability|p2a: Krookodile|Intimidate|boost
|-unboost|p1a: Great Tusk|atk|1
|
|-weather|SunnyDay|[upkeep]
|upkeep
|turn|6
|
|t:|1760449520
|-end|p1a: Great Tusk|Protosynthesis|[silent]
|switch|p1a: Whimsicott|Whimsicott, M|100/100
|move|p2a: Krookodile|Knock Off|p1a: Whimsicott
|-resisted|p1a: Whimsicott
|-damage|p1a: Whimsicott|50/100
|-enditem|p1a: Whimsicott|Life Orb|[from] move: Knock Off|[of] p2a: Krookodile
|
|-weather|SunnyDay|[upkeep]
|upkeep
|turn|7
|
|t:|1760449529
|switch|p2a: Weezing|Weezing-Galar, M|100/100
|-ability|p2a: Weezing|Neutralizing Gas
|-damage|p2a: Weezing|88/100|[from] Stealth Rock
|move|p1a: Whimsicott|Moonblast|p2a: Weezing
|-resisted|p2a: Weezing
|-crit|p2a: Weezing
|-damage|p2a: Weezing|48/100
|-unboost|p2a: Weezing|spa|1
|
|-weather|SunnyDay|[upkeep]
|upkeep
|turn|8
|
|t:|1760449535
|switch|p1a: Iron Moth|Iron Moth|100/100
|move|p2a: Weezing|Defog|p1a: Iron Moth
|-unboost|p1a: Iron Moth|evasion|1
|-sideend|p2: eros maniac|Stealth Rock|[from] move: Defog|[of] p2a: Weezing
|
|-weather|SunnyDay|[upkeep]
|upkeep
|turn|9
|
|t:|1760449539
|-end|p2a: Weezing|ability: Neutralizing Gas
|switch|p2a: Alomomola|Alomomola, M, shiny|86/100
|-enditem|p1a: Iron Moth|Booster Energy
|-activate|p1a: Iron Moth|ability: Quark Drive|[fromitem]
|-start|p1a: Iron Moth|quarkdrivespa
|move|p1a: Iron Moth|Fiery Dance|p2a: Alomomola
|-resisted|p2a: Alomomola
|-damage|p2a: Alomomola|43/100
|-boost|p1a: Iron Moth|spa|1
|
|-weather|SunnyDay|[upkeep]
|upkeep
|turn|10
|
|t:|1760449545
|move|p1a: Iron Moth|Fiery Dance|p2a: Alomomola
|-resisted|p2a: Alomomola
|-damage|p2a: Alomomola|0 fnt
|-boost|p1a: Iron Moth|spa|1
|faint|p2a: Alomomola
|
|-weather|SunnyDay|[upkeep]
|upkeep
|
|t:|1760449548
|switch|p2a: Maushold|Maushold-Four|100/100
|turn|11
|
|t:|1760449552
|move|p2a: Maushold|Population Bomb|p1a: Iron Moth
|-damage|p1a: Iron Moth|80/100
|-damage|p1a: Iron Moth|60/100
|-damage|p1a: Iron Moth|41/100
|-damage|p1a: Iron Moth|22/100
|-damage|p1a: Iron Moth|4/100
|-damage|p1a: Iron Moth|0 fnt
|faint|p1a: Iron Moth
|-end|p1a: Iron Moth|Quark Drive|[silent]
|-hitcount|p1: Iron Moth|6
|
|-weather|none
|upkeep
|c|☆volcaronaisboss|sure sure
|
|t:|1760449557
|switch|p1a: Ninetales|Ninetales, F|100/100
|-weather|SunnyDay|[from] ability: Drought|[of] p1a: Ninetales
|turn|12
|
|t:|1760449562
|switch|p1a: Great Tusk|Great Tusk|92/100
|-activate|p1a: Great Tusk|ability: Protosynthesis
|-start|p1a: Great Tusk|protosynthesisspe
|move|p2a: Maushold|Population Bomb|p1a: Great Tusk
|-damage|p1a: Great Tusk|85/100
|-damage|p2a: Maushold|84/100|[from] item: Rocky Helmet|[of] p1a: Great Tusk
|-damage|p1a: Great Tusk|78/100
|-damage|p2a: Maushold|68/100|[from] item: Rocky Helmet|[of] p1a: Great Tusk
|-damage|p1a: Great Tusk|70/100
|-damage|p2a: Maushold|51/100|[from] item: Rocky Helmet|[of] p1a: Great Tusk
|-damage|p1a: Great Tusk|63/100
|-damage|p2a: Maushold|35/100|[from] item: Rocky Helmet|[of] p1a: Great Tusk
|-damage|p1a: Great Tusk|56/100
|-damage|p2a: Maushold|18/100|[from] item: Rocky Helmet|[of] p1a: Great Tusk
|-damage|p1a: Great Tusk|48/100
|-damage|p2a: Maushold|2/100|[from] item: Rocky Helmet|[of] p1a: Great Tusk
|-damage|p1a: Great Tusk|42/100
|-damage|p2a: Maushold|0 fnt|[from] item: Rocky Helmet|[of] p1a: Great Tusk
|faint|p2a: Maushold
|-hitcount|p1a: Great Tusk|7
|
|-weather|SunnyDay|[upkeep]
|upkeep
|
|t:|1760449565
|switch|p2a: Weezing|Weezing-Galar, M|48/100
|-ability|p2a: Weezing|Neutralizing Gas
|turn|13
|
|t:|1760449570
|move|p1a: Great Tusk|Headlong Rush|p2a: Weezing
|-supereffective|p2a: Weezing
|-enditem|p2a: Weezing|Shuca Berry|[eat]
|-enditem|p2a: Weezing|Shuca Berry|[weaken]
|-damage|p2a: Weezing|12/100
|-unboost|p1a: Great Tusk|def|1
|-unboost|p1a: Great Tusk|spd|1
|move|p2a: Weezing|Strange Steam|p1a: Great Tusk
|-supereffective|p1a: Great Tusk
|-damage|p1a: Great Tusk|0 fnt
|faint|p1a: Great Tusk
|-end|p1a: Great Tusk|Protosynthesis|[silent]
|
|-weather|SunnyDay|[upkeep]
|upkeep
|
|t:|1760449580
|switch|p1a: Comfey|Comfey, M|100/100
|turn|14
|
|t:|1760449583
|-terastallize|p1a: Comfey|Water
|move|p1a: Comfey|Growth|p1a: Comfey
|-boost|p1a: Comfey|atk|2
|-boost|p1a: Comfey|spa|2
|move|p2a: Weezing|Toxic|p1a: Comfey
|-status|p1a: Comfey|tox
|
|-weather|SunnyDay|[upkeep]
|-damage|p1a: Comfey|94/100 tox|[from] psn
|upkeep
|turn|15
|
|t:|1760449591
|move|p1a: Comfey|Growth|p1a: Comfey
|-boost|p1a: Comfey|atk|2
|-boost|p1a: Comfey|spa|2
|move|p2a: Weezing|Strange Steam|p1a: Comfey
|-damage|p1a: Comfey|66/100 tox
|
|-weather|SunnyDay|[upkeep]
|-damage|p1a: Comfey|54/100 tox|[from] psn
|upkeep
|turn|16
|
|t:|1760449594
|move|p1a: Comfey|Stored Power|p2a: Weezing
|-supereffective|p2a: Weezing
|-damage|p2a: Weezing|0 fnt
|faint|p2a: Weezing
|-end|p2a: Weezing|ability: Neutralizing Gas
|-damage|p1a: Comfey|44/100 tox|[from] item: Life Orb
|
|-weather|SunnyDay|[upkeep]
|-damage|p1a: Comfey|25/100 tox|[from] psn
|upkeep
|
|t:|1760449599
|switch|p2a: Frosmoth|Frosmoth, F, shiny|100/100
|turn|17
|
|t:|1760449605
|move|p1a: Comfey|Draining Kiss|p2a: Frosmoth
|-crit|p2a: Frosmoth
|-damage|p2a: Frosmoth|51/100
|-heal|p1a: Comfey|67/100 tox|[from] drain|[of] p2a: Frosmoth
|-damage|p1a: Comfey|58/100 tox|[from] item: Life Orb
|move|p2a: Frosmoth|Quiver Dance|p2a: Frosmoth
|-boost|p2a: Frosmoth|spa|1
|-boost|p2a: Frosmoth|spd|1
|-boost|p2a: Frosmoth|spe|1
|
|-weather|SunnyDay|[upkeep]
|-heal|p2a: Frosmoth|57/100|[from] item: Leftovers
|-damage|p1a: Comfey|33/100 tox|[from] psn
|upkeep
|turn|18
|
|t:|1760449617
|-terastallize|p2a: Frosmoth|Electric
|move|p1a: Comfey|Draining Kiss|p2a: Frosmoth
|-damage|p2a: Frosmoth|35/100
|-heal|p1a: Comfey|51/100 tox|[from] drain|[of] p2a: Frosmoth
|-damage|p1a: Comfey|41/100 tox|[from] item: Life Orb
|move|p2a: Frosmoth|Tera Blast|p1a: Comfey|[anim] Tera Blast Electric
|-supereffective|p1a: Comfey
|-crit|p1a: Comfey
|-damage|p1a: Comfey|0 fnt
|faint|p1a: Comfey
|
|-weather|SunnyDay|[upkeep]
|-heal|p2a: Frosmoth|41/100|[from] item: Leftovers
|upkeep
|
|t:|1760449626
|switch|p1a: Whimsicott|Whimsicott, M|50/100
|turn|19
|
|t:|1760449629
|move|p1a: Whimsicott|Moonblast|p2a: Frosmoth
|-damage|p2a: Frosmoth|31/100
|move|p2a: Frosmoth|Ice Beam|p1a: Whimsicott
|-supereffective|p1a: Whimsicott
|-damage|p1a: Whimsicott|0 fnt
|faint|p1a: Whimsicott
|
|-weather|none
|-heal|p2a: Frosmoth|37/100|[from] item: Leftovers
|upkeep
|
|t:|1760449631
|switch|p1a: Ninetales|Ninetales, F|100/100
|-weather|SunnyDay|[from] ability: Drought|[of] p1a: Ninetales
|turn|20
|
|t:|1760449633
|move|p1a: Ninetales|Weather Ball|p2a: Frosmoth
|-damage|p2a: Frosmoth|25/100
|move|p2a: Frosmoth|Tera Blast|p1a: Ninetales|[anim] Tera Blast Electric
|-damage|p1a: Ninetales|48/100
|
|-weather|SunnyDay|[upkeep]
|-heal|p2a: Frosmoth|32/100|[from] item: Leftovers
|upkeep
|turn|21
|
|t:|1760449636
|move|p1a: Ninetales|Weather Ball|p2a: Frosmoth
|-damage|p2a: Frosmoth|21/100
|move|p2a: Frosmoth|Tera Blast|p1a: Ninetales|[anim] Tera Blast Electric
|-damage|p1a: Ninetales|0 fnt
|faint|p1a: Ninetales
|
|win|eros maniac
|raw|volcaronaisboss's rating: 1692 &rarr; <strong>1677</strong><br />(-15 for losing)
|raw|eros maniac's rating: 1780 &rarr; <strong>1795</strong><br />(+15 for winning)
|l|☆volcaronaisboss
|player|p1|
|c|☆eros maniac|Gg
|l|☆eros maniac
|player|p2|
