|j|☆moonbbml
|j|☆katoluvsu
|t:|1760450415
|gametype|singles
|player|p1|moonbbml|backersf|1076
|player|p2|katoluvsu|n|1108
|gen|9
|tier|[Gen 9] OU
|rated|
|rule|HP Percentage Mod: HP is shown in percentages
|rule|Endless Battle Clause: Forcing endless battles is banned
|rule|Species Clause: Limit one of each Pokémon
|rule|OHKO Clause: OHKO moves are banned
|rule|Evasion Items Clause: Evasion items are banned
|rule|Evasion Moves Clause: Evasion moves are banned
|rule|Evasion Abilities Clause: Evasion abilities are banned
|rule|Sleep Moves Clause: Sleep-inducing moves are banned
|clearpoke
|poke|p1|Alomomola, F|
|poke|p1|Clodsire, M|
|poke|p1|Chandelure, F|
|poke|p1|Mimikyu, M|
|poke|p1|Thundurus-Therian, M|
|poke|p1|Meowscarada, F|
|poke|p2|Gallade, M|
|poke|p2|Indeedee, M|
|poke|p2|Hatterene, F|
|poke|p2|Iron Valiant|
|poke|p2|Tornadus-Therian, M|
|poke|p2|Zarude-Dada|
|teampreview
|inactive|Battle timer is ON: inactive players will automatically lose when time's up. (requested by katoluvsu)
|
|t:|1760450427
|teamsize|p1|6
|teamsize|p2|6
|start
|switch|p1a: Marcos Mion|Clodsire, M|100/100
|switch|p2a: Indeedee|Indeedee, M, shiny|100/100
|-fieldstart|move: Psychic Terrain|[from] ability: Psychic Surge|[of] p2a: Indeedee
|turn|1
|
|t:|1760450437
|move|p2a: Indeedee|Expanding Force|p1a: Marcos Mion
|-supereffective|p1a: Marcos Mion
|-damage|p1a: Marcos Mion|43/100
|move|p1a: Marcos Mion|Toxic|p2a: Indeedee
|-status|p2a: Indeedee|tox
|
|-heal|p1a: Marcos Mion|49/100|[from] item: Black Sludge
|-damage|p2a: Indeedee|94/100 tox|[from] psn
|upkeep
|turn|2
|
|t:|1760450451
|switch|p1a: Free Fire|Chandelure, F|100/100
|move|p2a: Indeedee|Healing Wish|p2a: Indeedee
|faint|p2a: Indeedee
|
|upkeep
|
|t:|1760450458
|switch|p2a: Tornadus|Tornadus-Therian, M, shiny|100/100
|turn|3
|
|t:|1760450464
|move|p1a: Free Fire|Flamethrower|p2a: Tornadus
|-damage|p2a: Tornadus|52/100
|move|p2a: Tornadus|Knock Off|p1a: Free Fire
|-supereffective|p1a: Free Fire
|-damage|p1a: Free Fire|40/100
|-enditem|p1a: Free Fire|Choice Specs|[from] move: Knock Off|[of] p2a: Tornadus
|
|upkeep
|turn|4
|
|t:|1760450476
|move|p1a: Free Fire|Dark Pulse|p2a: Tornadus
|-damage|p2a: Tornadus|31/100
|move|p2a: Tornadus|U-turn|p1a: Free Fire
|-resisted|p1a: Free Fire
|-damage|p1a: Free Fire|34/100
|
|t:|1760450487
|switch|p2a: Gallade|Gallade, M, shiny|100/100|[from] U-turn
|
|upkeep
|turn|5
|
|t:|1760450501
|move|p1a: Free Fire|Flamethrower|p2a: Gallade
|-damage|p2a: Gallade|46/100
|move|p2a: Gallade|Agility|p2a: Gallade
|-boost|p2a: Gallade|spe|2
|
|upkeep
|turn|6
|
|t:|1760450506
|move|p2a: Gallade|Psycho Cut|p1a: Free Fire
|-damage|p1a: Free Fire|0 fnt
|faint|p1a: Free Fire
|-damage|p2a: Gallade|36/100|[from] item: Life Orb
|
|upkeep
|
|t:|1760450509
|switch|p1a: Meowscarada|Meowscarada, F|100/100
|turn|7
|
|t:|1760450512
|move|p2a: Gallade|Sacred Sword|p1a: Meowscarada
|-supereffective|p1a: Meowscarada
|-enditem|p1a: Meowscarada|Focus Sash
|-damage|p1a: Meowscarada|1/100
|-damage|p2a: Gallade|26/100|[from] item: Life Orb
|move|p1a: Meowscarada|U-turn|p2a: Gallade
|-start|p1a: Meowscarada|typechange|Bug|[from] ability: Protean
|-damage|p2a: Gallade|0 fnt
|faint|p2a: Gallade
|
|t:|1760450518
|switch|p1a: Marcos Mion|Clodsire, M|49/100|[from] U-turn
|
|-heal|p1a: Marcos Mion|56/100|[from] item: Black Sludge
|upkeep
|
|t:|1760450525
|switch|p2a: Hatterene|Hatterene, F, shiny|100/100
|turn|8
|inactive|moonbbml has 120 seconds left.
|
|t:|1760450571
|move|p2a: Hatterene|Future Sight|p1a: Marcos Mion
|-start|p2a: Hatterene|move: Future Sight
|move|p1a: Marcos Mion|Recover|p1a: Marcos Mion
|-heal|p1a: Marcos Mion|100/100
|
|-fieldend|move: Psychic Terrain
|upkeep
|turn|9
|
|t:|1760450586
|move|p2a: Hatterene|Mystical Fire|p1a: Marcos Mion
|-damage|p1a: Marcos Mion|85/100
|-unboost|p1a: Marcos Mion|spa|1
|move|p1a: Marcos Mion|Earthquake|p2a: Hatterene
|-damage|p2a: Hatterene|69/100
|
|-heal|p2a: Hatterene|75/100|[from] item: Leftovers
|-heal|p1a: Marcos Mion|92/100|[from] item: Black Sludge
|upkeep
|turn|10
|inactive|moonbbml has 120 seconds left.
|
|t:|1760450594
|switch|p1a: Ladrão|Mimikyu, M, shiny|100/100
|move|p2a: Hatterene|Mystical Fire|p1a: Ladrão
|-activate|p1a: Ladrão|ability: Disguise
|-damage|p1a: Ladrão|100/100
|-unboost|p1a: Ladrão|spa|1
|detailschange|p1a: Ladrão|Mimikyu-Busted, M, shiny
|-damage|p1a: Ladrão|88/100|[from] pokemon: Mimikyu-Busted
|-enditem|p1a: Ladrão|Red Card|[of] p2a: Hatterene
|drag|p2a: Tornadus|Tornadus-Therian, M, shiny|64/100
|-heal|p2a: Tornadus|100/100|[from] move: Healing Wish
|
|-end|p1a: Ladrão|move: Future Sight
|-damage|p1a: Ladrão|20/100
|upkeep
|turn|11
|inactive|moonbbml has 120 seconds left.
|
|t:|1760450619
|move|p2a: Tornadus|U-turn|p1a: Ladrão
|-resisted|p1a: Ladrão
|-damage|p1a: Ladrão|15/100
|
|t:|1760450623
|switch|p2a: Zarude|Zarude-Dada|100/100|[from] U-turn
|move|p1a: Ladrão|Pain Split|p2a: Zarude
|-sethp|p2a: Zarude|56/100|[from] move: Pain Split|[silent]
|-sethp|p1a: Ladrão|73/100|[from] move: Pain Split
|
|upkeep
|turn|12
|inactive|moonbbml has 120 seconds left.
|
|t:|1760450636
|move|p1a: Ladrão|Will-O-Wisp|p2a: Zarude|[miss]
|-miss|p1a: Ladrão|p2a: Zarude
|move|p2a: Zarude|Trailblaze|p1a: Ladrão
|-damage|p1a: Ladrão|38/100
|-boost|p2a: Zarude|spe|1
|
|upkeep
|turn|13
|inactive|moonbbml has 120 seconds left.
|
|t:|1760450646
|move|p2a: Zarude|Petal Blizzard|p1a: Ladrão
|-damage|p1a: Ladrão|0 fnt
|faint|p1a: Ladrão
|
|upkeep
|
|t:|1760450651
|switch|p1a: Beijinho|Alomomola, F|100/100
|turn|14
|
|t:|1760450655
|move|p2a: Zarude|Knock Off|p1a: Beijinho
|-damage|p1a: Beijinho|70/100
|-enditem|p1a: Beijinho|Leftovers|[from] move: Knock Off|[of] p2a: Zarude
|move|p1a: Beijinho|Wish|p1a: Beijinho
|
|upkeep
|turn|15
|
|t:|1760450678
|move|p2a: Zarude|U-turn|p1a: Beijinho
|-damage|p1a: Beijinho|55/100
|
|t:|1760450681
|switch|p2a: Hatterene|Hatterene, F, shiny|75/100|[from] U-turn
|move|p1a: Beijinho|Flip Turn|p2a: Hatterene
|-damage|p2a: Hatterene|55/100
|
|t:|1760450688
|switch|p1a: Meowscarada|Meowscarada, F|1/100|[from] Flip Turn
|
|-heal|p1a: Meowscarada|91/100|[from] move: Wish|[wisher] Beijinho
|-heal|p2a: Hatterene|61/100|[from] item: Leftovers
|upkeep
|turn|16
|
|t:|1760450699
|move|p1a: Meowscarada|Lash Out|p2a: Hatterene
|-start|p1a: Meowscarada|typechange|Dark|[from] ability: Protean
|-damage|p2a: Hatterene|25/100
|move|p2a: Hatterene|Nuzzle|p1a: Meowscarada
|-damage|p1a: Meowscarada|83/100
|-status|p1a: Meowscarada|par
|
|-heal|p2a: Hatterene|31/100|[from] item: Leftovers
|upkeep
|turn|17
|
|t:|1760450710
|cant|p1a: Meowscarada|par
|move|p2a: Hatterene|Healing Wish|p2a: Hatterene
|faint|p2a: Hatterene
|
|upkeep
|
|t:|1760450727
|switch|p2a: Tornadus|Tornadus-Therian, M, shiny|100/100
|turn|18
|
|t:|1760450732
|move|p2a: Tornadus|U-turn|p1a: Meowscarada
|-supereffective|p1a: Meowscarada
|-damage|p1a: Meowscarada|32/100 par
|
|t:|1760450743
|switch|p2a: Zarude|Zarude-Dada|56/100|[from] U-turn
|-heal|p2a: Zarude|100/100|[from] move: Healing Wish
|cant|p1a: Meowscarada|par
|
|upkeep
|turn|19
|
|t:|1760450755
|switch|p1a: Beijinho|Alomomola, F|88/100
|-terastallize|p2a: Zarude|Fairy
|move|p2a: Zarude|Trailblaze|p1a: Beijinho
|-supereffective|p1a: Beijinho
|-damage|p1a: Beijinho|55/100
|-boost|p2a: Zarude|spe|1
|
|upkeep
|turn|20
|
|t:|1760450763
|move|p2a: Zarude|Petal Blizzard|p1a: Beijinho
|-supereffective|p1a: Beijinho
|-damage|p1a: Beijinho|5/100
|move|p1a: Beijinho|Wish|p1a: Beijinho
|
|upkeep
|turn|21
|
|t:|1760450776
|switch|p1a: Brasileirão|Thundurus-Therian, M, shiny|100/100
|move|p2a: Zarude|Trailblaze|p1a: Brasileirão
|-resisted|p1a: Brasileirão
|-damage|p1a: Brasileirão|84/100
|-boost|p2a: Zarude|spe|1
|
|-heal|p1a: Brasileirão|100/100|[from] move: Wish|[wisher] Beijinho
|upkeep
|turn|22
|
|t:|1760450784
|move|p2a: Zarude|Knock Off|p1a: Brasileirão
|-damage|p1a: Brasileirão|36/100
|-enditem|p1a: Brasileirão|Choice Scarf|[from] move: Knock Off|[of] p2a: Zarude
|move|p1a: Brasileirão|Sludge Bomb|p2a: Zarude
|-supereffective|p2a: Zarude
|-damage|p2a: Zarude|62/100
|
|upkeep
|turn|23
|
|t:|1760450797
|move|p2a: Zarude|Knock Off|p1a: Brasileirão
|-damage|p1a: Brasileirão|0 fnt
|faint|p1a: Brasileirão
|
|upkeep
|-message|moonbbml forfeited.
|
|win|katoluvsu
|raw|moonbbml's rating: 1076 &rarr; <strong>1057</strong><br />(-19 for losing)
|raw|katoluvsu's rating: 1108 &rarr; <strong>1131</strong><br />(+23 for winning)
|l|☆moonbbml
|player|p1|
|l|☆katoluvsu
|player|p2|
