|j|☆bigtestsofbig
|j|☆kageno yuhada
|t:|1760377565
|gametype|singles
|player|p1|bigtestsofbig|1|1488
|player|p2|kageno yuhada|alec-anime|1463
|gen|9
|tier|[Gen 9] OU
|rated|
|rule|HP Percentage Mod: HP is shown in percentages
|rule|Endless Battle Clause: Forcing endless battles is banned
|rule|Species Clause: Limit one of each Pokémon
|rule|OHKO Clause: OHKO moves are banned
|rule|Evasion Items Clause: Evasion items are banned
|rule|Evasion Moves Clause: Evasion moves are banned
|rule|Evasion Abilities Clause: Evasion abilities are banned
|rule|Sleep Moves Clause: Sleep-inducing moves are banned
|clearpoke
|poke|p1|Lucario, M|
|poke|p1|Corviknight, M|
|poke|p1|Raging Bolt|
|poke|p1|Landorus-Therian, M|
|poke|p1|Hatterene, F|
|poke|p1|Rillaboom, M|
|poke|p2|Iron Moth|
|poke|p2|Kingambit, M|
|poke|p2|Dragonite, M|
|poke|p2|Ogerpon-Cornerstone, F|
|poke|p2|Iron Valiant|
|poke|p2|Raging Bolt|
|teampreview
|inactive|Battle timer is ON: inactive players will automatically lose when time's up. (requested by kageno yuhada)
|
|t:|1760377573
|teamsize|p1|6
|teamsize|p2|6
|start
|switch|p1a: Lucario|Lucario, M|100/100
|switch|p2a: Manahau|Ogerpon-Cornerstone, F|100/100
|turn|1
|
|t:|1760377586
|switch|p2a: Adam|Iron Moth|100/100
|-enditem|p2a: Adam|Booster Energy
|-activate|p2a: Adam|ability: Quark Drive|[fromitem]
|-start|p2a: Adam|quarkdrivespe
|move|p1a: Lucario|Close Combat|p2a: Adam
|-resisted|p2a: Adam
|-damage|p2a: Adam|60/100
|-unboost|p1a: Lucario|def|1
|-unboost|p1a: Lucario|spd|1
|
|upkeep
|turn|2
|
|t:|1760377607
|switch|p1a: Raging Bolt|Raging Bolt|100/100
|move|p2a: Adam|Fiery Dance|p1a: Raging Bolt
|-resisted|p1a: Raging Bolt
|-damage|p1a: Raging Bolt|85/100
|
|upkeep
|turn|3
|
|t:|1760377616
|move|p2a: Adam|Dazzling Gleam|p1a: Raging Bolt
|-supereffective|p1a: Raging Bolt
|-damage|p1a: Raging Bolt|41/100
|move|p1a: Raging Bolt|Draco Meteor|p2a: Adam
|-damage|p2a: Adam|0 fnt
|-unboost|p1a: Raging Bolt|spa|2
|faint|p2a: Adam
|-end|p2a: Adam|Quark Drive|[silent]
|
|upkeep
|
|t:|1760377632
|switch|p2a: Nina|Iron Valiant, shiny|100/100
|-enditem|p2a: Nina|Booster Energy
|-activate|p2a: Nina|ability: Quark Drive|[fromitem]
|-start|p2a: Nina|quarkdrivespe
|turn|4
|
|t:|1760377653
|-end|p1a: Raging Bolt|Protosynthesis|[silent]
|switch|p1a: Corviknight|Corviknight, M|100/100
|-ability|p1a: Corviknight|Pressure
|move|p2a: Nina|Swords Dance|p2a: Nina
|-boost|p2a: Nina|atk|2
|
|upkeep
|turn|5
|
|t:|1760377662
|move|p2a: Nina|Close Combat|p1a: Corviknight
|-damage|p1a: Corviknight|18/100
|-unboost|p2a: Nina|def|1
|-unboost|p2a: Nina|spd|1
|move|p1a: Corviknight|Brave Bird|p2a: Nina
|-supereffective|p2a: Nina
|-damage|p2a: Nina|0 fnt
|faint|p2a: Nina
|-end|p2a: Nina|Quark Drive|[silent]
|-damage|p1a: Corviknight|0 fnt|[from] Recoil
|faint|p1a: Corviknight
|
|upkeep
|
|t:|1760377675
|switch|p2a: Manahau|Ogerpon-Cornerstone, F|100/100
|switch|p1a: Rillaboom|Rillaboom, M|100/100
|-fieldstart|move: Grassy Terrain|[from] ability: Grassy Surge|[of] p1a: Rillaboom
|turn|6
|
|t:|1760377683
|move|p2a: Manahau|Knock Off|p1a: Rillaboom
|-damage|p1a: Rillaboom|55/100
|-enditem|p1a: Rillaboom|Choice Band|[from] move: Knock Off|[of] p2a: Manahau
|move|p1a: Rillaboom|Wood Hammer|p2a: Manahau
|-ability|p2a: Manahau|Sturdy
|-damage|p2a: Manahau|1/100
|-damage|p1a: Rillaboom|26/100|[from] Recoil
|
|-heal|p2a: Manahau|7/100|[from] Grassy Terrain
|-heal|p1a: Rillaboom|32/100|[from] Grassy Terrain
|upkeep
|turn|7
|
|t:|1760377695
|move|p1a: Rillaboom|Grassy Glide|p2a: Manahau
|-damage|p2a: Manahau|0 fnt
|faint|p2a: Manahau
|
|-heal|p1a: Rillaboom|38/100|[from] Grassy Terrain
|upkeep
|
|t:|1760377705
|switch|p2a: Manoa|Dragonite, M|100/100
|turn|8
|
|t:|1760377713
|move|p1a: Rillaboom|U-turn|p2a: Manoa
|-resisted|p2a: Manoa
|-damage|p2a: Manoa|95/100
|inactive|bigtestsofbig has 120 seconds left.
|c|☆kageno yuhada|Hurry up
|
|t:|1760377746
|switch|p1a: Hatterene|Hatterene, F|100/100|[from] U-turn
|move|p2a: Manoa|Dragon Dance|p2a: Manoa
|-boost|p2a: Manoa|atk|1
|-boost|p2a: Manoa|spe|1
|
|upkeep
|turn|9
|c|☆kageno yuhada|Pls
|inactive|bigtestsofbig has 120 seconds left.
|inactive|bigtestsofbig has 90 seconds left.
|
|t:|1760377794
|-terastallize|p2a: Manoa|Flying
|move|p2a: Manoa|Tera Blast|p1a: Hatterene|[anim] Tera Blast Flying
|-crit|p1a: Hatterene
|-damage|p1a: Hatterene|0 fnt
|faint|p1a: Hatterene
|
|upkeep
|inactive|bigtestsofbig has 60 seconds left.
|
|t:|1760377825
|switch|p1a: Raging Bolt|Raging Bolt|41/100
|turn|10
|
|t:|1760377834
|move|p1a: Raging Bolt|Thunderclap|p2a: Manoa
|-supereffective|p2a: Manoa
|-damage|p2a: Manoa|10/100
|move|p2a: Manoa|Tera Blast|p1a: Raging Bolt|[anim] Tera Blast Flying
|-resisted|p1a: Raging Bolt
|-damage|p1a: Raging Bolt|3/100
|
|-heal|p1a: Raging Bolt|10/100|[from] Grassy Terrain
|-fieldend|move: Grassy Terrain
|upkeep
|turn|11
|
|t:|1760377843
|move|p2a: Manoa|Extreme Speed|p1a: Raging Bolt
|-damage|p1a: Raging Bolt|0 fnt
|faint|p1a: Raging Bolt
|-end|p1a: Raging Bolt|Protosynthesis|[silent]
|
|upkeep
|
|t:|1760377850
|switch|p1a: Lucario|Lucario, M|100/100
|turn|12
|
|t:|1760377853
|move|p1a: Lucario|Extreme Speed|p2a: Manoa
|-damage|p2a: Manoa|0 fnt
|faint|p2a: Manoa
|
|upkeep
|
|t:|1760377861
|switch|p2a: Keahi|Raging Bolt|100/100
|-enditem|p2a: Keahi|Booster Energy
|-activate|p2a: Keahi|ability: Protosynthesis|[fromitem]
|-start|p2a: Keahi|protosynthesisspa
|turn|13
|inactive|bigtestsofbig has 90 seconds left.
|
|t:|1760377877
|switch|p1a: Rillaboom|Rillaboom, M|38/100
|-fieldstart|move: Grassy Terrain|[from] ability: Grassy Surge|[of] p1a: Rillaboom
|move|p2a: Keahi|Calm Mind|p2a: Keahi
|-boost|p2a: Keahi|spa|1
|-boost|p2a: Keahi|spd|1
|
|-heal|p1a: Rillaboom|44/100|[from] Grassy Terrain
|upkeep
|turn|14
|
|t:|1760377887
|move|p1a: Rillaboom|Wood Hammer|p2a: Keahi
|-resisted|p2a: Keahi
|-damage|p2a: Keahi|66/100
|-damage|p1a: Rillaboom|31/100|[from] Recoil
|move|p2a: Keahi|Dragon Pulse|p1a: Rillaboom
|-damage|p1a: Rillaboom|0 fnt
|faint|p1a: Rillaboom
|
|-heal|p2a: Keahi|72/100|[from] Grassy Terrain
|upkeep
|inactive|bigtestsofbig has 90 seconds left.
|
|t:|1760377904
|switch|p1a: Landorus|Landorus-Therian, M|100/100
|-ability|p1a: Landorus|Intimidate|boost
|-unboost|p2a: Keahi|atk|1
|turn|15
|
|t:|1760377918
|move|p1a: Landorus|Sandsear Storm|p2a: Keahi
|-supereffective|p2a: Keahi
|-damage|p2a: Keahi|25/100
|-status|p2a: Keahi|brn
|move|p2a: Keahi|Dragon Pulse|p1a: Landorus
|-damage|p1a: Landorus|2/100
|
|-heal|p2a: Keahi|31/100 brn|[from] Grassy Terrain
|-damage|p2a: Keahi|25/100 brn|[from] brn
|upkeep
|turn|16
|
|t:|1760377929
|move|p1a: Landorus|Sandsear Storm|p2a: Keahi
|-supereffective|p2a: Keahi
|-damage|p2a: Keahi|0 fnt
|faint|p2a: Keahi
|-end|p2a: Keahi|Protosynthesis|[silent]
|
|upkeep
|
|t:|1760377935
|switch|p2a: Kaito|Kingambit, M, shiny|100/100
|-activate|p2a: Kaito|ability: Supreme Overlord
|-start|p2a: Kaito|fallen5|[silent]
|turn|17
|
|t:|1760377940
|move|p2a: Kaito|Sucker Punch||[still]
|-fail|p2a: Kaito
|move|p1a: Landorus|Taunt|p2a: Kaito
|-start|p2a: Kaito|move: Taunt
|
|-fieldend|move: Grassy Terrain
|upkeep
|turn|18
|
|t:|1760377949
|move|p2a: Kaito|Sucker Punch|p1a: Landorus
|-damage|p1a: Landorus|0 fnt
|-damage|p2a: Kaito|84/100|[from] item: Rocky Helmet|[of] p1a: Landorus
|faint|p1a: Landorus
|
|upkeep
|
|t:|1760377951
|switch|p1a: Lucario|Lucario, M|100/100
|turn|19
|
|t:|1760377961
|move|p1a: Lucario|Close Combat|p2a: Kaito
|-supereffective|p2a: Kaito
|-damage|p2a: Kaito|0 fnt
|-unboost|p1a: Lucario|def|1
|-unboost|p1a: Lucario|spd|1
|faint|p2a: Kaito
|-end|p2a: Kaito|fallen5|[silent]
|
|win|bigtestsofbig
|raw|bigtestsofbig's rating: 1488 &rarr; <strong>1507</strong><br />(+19 for winning)
|raw|kageno yuhada's rating: 1463 &rarr; <strong>1444</strong><br />(-19 for losing)
|l|☆kageno yuhada
|player|p2|
|l|☆bigtestsofbig
|player|p1|
