|j|☆Yajityyy
|j|☆ZeBoomer
|t:|1760358537
|gametype|singles
|player|p1|Yajityyy|burglar|1260
|player|p2|ZeBoomer|scientist-gen4dp|1241
|gen|9
|tier|[Gen 9] OU
|rated|
|rule|HP Percentage Mod: HP is shown in percentages
|rule|Endless Battle Clause: Forcing endless battles is banned
|rule|Species Clause: Limit one of each Pokémon
|rule|OHKO Clause: OHKO moves are banned
|rule|Evasion Items Clause: Evasion items are banned
|rule|Evasion Moves Clause: Evasion moves are banned
|rule|Evasion Abilities Clause: Evasion abilities are banned
|rule|Sleep Moves Clause: Sleep-inducing moves are banned
|clearpoke
|poke|p1|Arcanine-Hisui, M|
|poke|p1|Darkrai|
|poke|p1|Great Tusk|
|poke|p1|Hatterene, F|
|poke|p1|Ogerpon-Wellspring, F|
|poke|p1|Zapdos|
|poke|p2|Iron Moth|
|poke|p2|Tyranitar, M|
|poke|p2|Gholdengo|
|poke|p2|Excadrill, M|
|poke|p2|Ogerpon-Wellspring, F|
|poke|p2|Vikavolt, F|
|teampreview
|inactive|Battle timer is ON: inactive players will automatically lose when time's up. (requested by ZeBoomer)
|
|t:|1760358545
|teamsize|p1|6
|teamsize|p2|6
|start
|switch|p1a: Nightmare|Darkrai|100/100
|switch|p2a: Tyranitar|Tyranitar, M|100/100
|-weather|Sandstorm|[from] ability: Sand Stream|[of] p2a: Tyranitar
|turn|1
|
|t:|1760358554
|switch|p1a: Larry|Great Tusk|100/100
|move|p2a: Tyranitar|Low Kick|p1a: Larry
|-damage|p1a: Larry|68/100
|-damage|p2a: Tyranitar|84/100|[from] item: Rocky Helmet|[of] p1a: Larry
|
|-weather|Sandstorm|[upkeep]
|upkeep
|turn|2
|
|t:|1760358561
|move|p1a: Larry|Stealth Rock|p2a: Tyranitar
|-sidestart|p2: ZeBoomer|move: Stealth Rock
|move|p2a: Tyranitar|Ice Punch|p1a: Larry
|-supereffective|p1a: Larry
|-damage|p1a: Larry|16/100
|-damage|p2a: Tyranitar|68/100|[from] item: Rocky Helmet|[of] p1a: Larry
|
|-weather|Sandstorm|[upkeep]
|upkeep
|turn|3
|
|t:|1760358574
|move|p1a: Larry|Headlong Rush|p2a: Tyranitar
|-supereffective|p2a: Tyranitar
|-damage|p2a: Tyranitar|0 fnt
|-unboost|p1a: Larry|def|1
|-unboost|p1a: Larry|spd|1
|faint|p2a: Tyranitar
|
|-weather|Sandstorm|[upkeep]
|upkeep
|
|t:|1760358579
|switch|p2a: Excadrill|Excadrill, M|100/100
|-damage|p2a: Excadrill|97/100|[from] Stealth Rock
|turn|4
|
|t:|1760358590
|-end|p1a: Larry|Protosynthesis|[silent]
|switch|p1a: Shrek|Ogerpon-Wellspring, F|100/100
|move|p2a: Excadrill|Rapid Spin|p1a: Shrek
|-damage|p1a: Shrek|73/100
|-boost|p2a: Excadrill|spe|1
|-sideend|p2: ZeBoomer|Stealth Rock|[from] move: Rapid Spin|[of] p2a: Excadrill
|
|-weather|Sandstorm|[upkeep]
|-damage|p1a: Shrek|67/100|[from] Sandstorm
|upkeep
|turn|5
|
|t:|1760358605
|-terastallize|p2a: Excadrill|Ghost
|move|p2a: Excadrill|Swords Dance|p2a: Excadrill
|-boost|p2a: Excadrill|atk|2
|move|p1a: Shrek|U-turn|p2a: Excadrill
|-resisted|p2a: Excadrill
|-damage|p2a: Excadrill|79/100
|
|t:|1760358616
|switch|p1a: Nightmare|Darkrai|100/100|[from] U-turn
|
|-weather|none
|upkeep
|turn|6
|
|t:|1760358620
|move|p1a: Nightmare|Dark Pulse|p2a: Excadrill
|-supereffective|p2a: Excadrill
|-damage|p2a: Excadrill|0 fnt
|faint|p2a: Excadrill
|
|upkeep
|
|t:|1760358624
|switch|p2a: Vikavolt|Vikavolt, F|100/100
|turn|7
|
|t:|1760358633
|switch|p1a: 2Zap|Zapdos|100/100
|move|p2a: Vikavolt|Agility|p2a: Vikavolt
|-boost|p2a: Vikavolt|spe|2
|
|upkeep
|turn|8
|
|t:|1760358642
|move|p2a: Vikavolt|Sticky Web|p1a: 2Zap
|-sidestart|p1: Yajityyy|move: Sticky Web
|move|p1a: 2Zap|Hurricane|p2a: Vikavolt
|-crit|p2a: Vikavolt
|-enditem|p2a: Vikavolt|Focus Sash
|-damage|p2a: Vikavolt|1/100
|-start|p2a: Vikavolt|confusion
|
|upkeep
|turn|9
|
|t:|1760358650
|-activate|p2a: Vikavolt|confusion
|move|p2a: Vikavolt|Discharge|p1a: 2Zap
|-damage|p1a: 2Zap|54/100
|move|p1a: 2Zap|Volt Switch|p2a: Vikavolt
|-resisted|p2a: Vikavolt
|-damage|p2a: Vikavolt|0 fnt
|faint|p2a: Vikavolt
|
|t:|1760358661
|switch|p1a: Larry|Great Tusk|16/100|[from] Volt Switch
|-activate|p1a: Larry|move: Sticky Web
|-unboost|p1a: Larry|spe|1
|
|upkeep
|
|t:|1760358667
|switch|p2a: Ogerpon|Ogerpon-Wellspring, F|100/100
|turn|10
|
|t:|1760358673
|move|p2a: Ogerpon|Horn Leech|p1a: Larry
|-supereffective|p1a: Larry
|-damage|p1a: Larry|0 fnt
|-damage|p2a: Ogerpon|84/100|[from] item: Rocky Helmet|[of] p1a: Larry
|faint|p1a: Larry
|-end|p1a: Larry|Protosynthesis|[silent]
|
|upkeep
|
|t:|1760358694
|switch|p1a: 2Zap|Zapdos|54/100
|turn|11
|
|t:|1760358700
|move|p2a: Ogerpon|Ivy Cudgel|p1a: 2Zap|[anim] Ivy Cudgel Water
|-damage|p1a: 2Zap|12/100
|move|p1a: 2Zap|Hurricane|p2a: Ogerpon
|-supereffective|p2a: Ogerpon
|-damage|p2a: Ogerpon|0 fnt
|faint|p2a: Ogerpon
|
|upkeep
|
|t:|1760358711
|switch|p2a: Iron Moth|Iron Moth|100/100
|-enditem|p2a: Iron Moth|Booster Energy
|-activate|p2a: Iron Moth|ability: Quark Drive|[fromitem]
|-start|p2a: Iron Moth|quarkdrivespe
|turn|12
|
|t:|1760358738
|move|p2a: Iron Moth|Fiery Dance|p1a: 2Zap
|-damage|p1a: 2Zap|0 fnt
|faint|p1a: 2Zap
|
|upkeep
|
|t:|1760358742
|switch|p1a: RK9|Arcanine-Hisui, M|100/100
|-activate|p1a: RK9|move: Sticky Web
|-unboost|p1a: RK9|spe|1
|turn|13
|
|t:|1760358751
|-terastallize|p1a: RK9|Normal
|move|p1a: RK9|Extreme Speed|p2a: Iron Moth
|-damage|p2a: Iron Moth|11/100
|move|p2a: Iron Moth|Substitute|p2a: Iron Moth
|-fail|p2a: Iron Moth|move: Substitute|[weak]
|
|upkeep
|turn|14
|
|t:|1760358760
|-end|p2a: Iron Moth|Quark Drive|[silent]
|switch|p2a: Gholdengo|Gholdengo|100/100
|-item|p2a: Gholdengo|Air Balloon
|move|p1a: RK9|Extreme Speed|p2a: Gholdengo
|-immune|p2a: Gholdengo
|
|upkeep
|turn|15
|
|t:|1760358772
|switch|p1a: Hattervoir|Hatterene, F, shiny|100/100
|-activate|p1a: Hattervoir|move: Sticky Web
|-unboost|p1a: Hattervoir|spe|1
|move|p2a: Gholdengo|Nasty Plot|p2a: Gholdengo
|-boost|p2a: Gholdengo|spa|2
|
|upkeep
|turn|16
|
|t:|1760358784
|move|p2a: Gholdengo|Make It Rain|p1a: Hattervoir
|-supereffective|p1a: Hattervoir
|-damage|p1a: Hattervoir|0 fnt
|-unboost|p2a: Gholdengo|spa|1
|faint|p1a: Hattervoir
|
|upkeep
|inactive|Yajityyy has 120 seconds left.
|
|t:|1760358831
|switch|p1a: Shrek|Ogerpon-Wellspring, F|67/100
|-activate|p1a: Shrek|move: Sticky Web
|-unboost|p1a: Shrek|spe|1
|turn|17
|
|t:|1760358839
|move|p1a: Shrek|Knock Off|p2a: Gholdengo
|-supereffective|p2a: Gholdengo
|-damage|p2a: Gholdengo|38/100
|-enditem|p2a: Gholdengo|Air Balloon
|move|p2a: Gholdengo|Shadow Ball|p1a: Shrek
|-damage|p1a: Shrek|1/100
|
|upkeep
|turn|18
|
|t:|1760358852
|move|p1a: Shrek|Ivy Cudgel|p2a: Gholdengo|[anim] Ivy Cudgel Water
|-damage|p2a: Gholdengo|0 fnt
|faint|p2a: Gholdengo
|
|upkeep
|
|t:|1760358856
|switch|p2a: Iron Moth|Iron Moth|11/100
|turn|19
|c|☆Yajityyy|Gg
|
|t:|1760358862
|move|p2a: Iron Moth|Fiery Dance|p1a: Shrek
|-damage|p1a: Shrek|0 fnt
|-boost|p2a: Iron Moth|spa|1
|faint|p1a: Shrek
|
|upkeep
|
|t:|1760358865
|switch|p1a: RK9|Arcanine-Hisui, M, tera:Normal|100/100
|-activate|p1a: RK9|move: Sticky Web
|-unboost|p1a: RK9|spe|1
|turn|20
|c|☆ZeBoomer|gg
|-message|ZeBoomer forfeited.
|
|win|Yajityyy
|raw|Yajityyy's rating: 1260 &rarr; <strong>1284</strong><br />(+24 for winning)
|raw|ZeBoomer's rating: 1241 &rarr; <strong>1217</strong><br />(-24 for losing)
|l|☆ZeBoomer
|player|p2|
|l|☆Yajityyy
|player|p1|
