|j|☆splishsplish12
|j|☆kartikgupta95
|t:|1760336157
|gametype|singles
|player|p1|splishsplish12|steven|1082
|player|p2|kartikgupta95|2|1137
|gen|9
|tier|[Gen 9] OU
|rated|
|rule|HP Percentage Mod: HP is shown in percentages
|rule|Endless Battle Clause: Forcing endless battles is banned
|rule|Species Clause: Limit one of each Pokémon
|rule|OHKO Clause: OHKO moves are banned
|rule|Evasion Items Clause: Evasion items are banned
|rule|Evasion Moves Clause: Evasion moves are banned
|rule|Evasion Abilities Clause: Evasion abilities are banned
|rule|Sleep Moves Clause: Sleep-inducing moves are banned
|clearpoke
|poke|p1|Ting-Lu|
|poke|p1|Pecharunt|
|poke|p1|Registeel|
|poke|p1|Dragapult, M|
|poke|p1|Kubfu, F|
|poke|p1|Snivy, M|
|poke|p2|Scizor, F|
|poke|p2|Dragonite, F|
|poke|p2|Ceruledge, F|
|poke|p2|Gliscor, M|
|poke|p2|Cinderace, M|
|poke|p2|Dondozo, F|
|teampreview
|
|t:|1760336169
|teamsize|p1|6
|teamsize|p2|6
|start
|switch|p1a: AstralSnivff|Snivy, M|100/100
|switch|p2a: Scizor|Scizor, F|100/100
|turn|1
|
|t:|1760336175
|move|p2a: Scizor|Dual Wingbeat|p1a: AstralSnivff
|-supereffective|p1a: AstralSnivff
|-damage|p1a: AstralSnivff|19/100
|-supereffective|p1a: AstralSnivff
|-damage|p1a: AstralSnivff|0 fnt
|faint|p1a: AstralSnivff
|-hitcount|p1: AstralSnivff|2
|
|upkeep
|
|t:|1760336181
|switch|p1a: Ting-Lu|Ting-Lu|100/100
|-ability|p1a: Ting-Lu|Vessel of Ruin
|turn|2
|
|t:|1760336185
|move|p2a: Scizor|Swords Dance|p2a: Scizor
|-boost|p2a: Scizor|atk|2
|move|p1a: Ting-Lu|Earthquake|p2a: Scizor
|-damage|p2a: Scizor|56/100
|
|upkeep
|turn|3
|
|t:|1760336188
|move|p2a: Scizor|Dual Wingbeat|p1a: Ting-Lu
|-damage|p1a: Ting-Lu|84/100
|-damage|p2a: Scizor|40/100|[from] item: Rocky Helmet|[of] p1a: Ting-Lu
|-damage|p1a: Ting-Lu|66/100
|-damage|p2a: Scizor|24/100|[from] item: Rocky Helmet|[of] p1a: Ting-Lu
|-hitcount|p1a: Ting-Lu|2
|move|p1a: Ting-Lu|Earthquake|p2a: Scizor
|-damage|p2a: Scizor|0 fnt
|faint|p2a: Scizor
|
|upkeep
|
|t:|1760336194
|switch|p2a: Dondozo|Dondozo, F|100/100
|turn|4
|
|t:|1760336197
|move|p1a: Ting-Lu|Ruination|p2a: Dondozo
|-damage|p2a: Dondozo|51/100
|move|p2a: Dondozo|Liquidation|p1a: Ting-Lu
|-supereffective|p1a: Ting-Lu
|-damage|p1a: Ting-Lu|42/100
|-damage|p2a: Dondozo|34/100|[from] item: Rocky Helmet|[of] p1a: Ting-Lu
|
|-heal|p2a: Dondozo|40/100|[from] item: Leftovers
|upkeep
|turn|5
|
|t:|1760336203
|move|p1a: Ting-Lu|Stealth Rock|p2a: Dondozo
|-sidestart|p2: kartikgupta95|move: Stealth Rock
|move|p2a: Dondozo|Body Press|p1a: Ting-Lu
|-supereffective|p1a: Ting-Lu
|-damage|p1a: Ting-Lu|20/100
|-damage|p2a: Dondozo|24/100|[from] item: Rocky Helmet|[of] p1a: Ting-Lu
|
|-heal|p2a: Dondozo|30/100|[from] item: Leftovers
|upkeep
|turn|6
|
|t:|1760336207
|move|p1a: Ting-Lu|Spikes|p2a: Dondozo
|-sidestart|p2: kartikgupta95|Spikes
|move|p2a: Dondozo|Body Press|p1a: Ting-Lu
|-supereffective|p1a: Ting-Lu
|-damage|p1a: Ting-Lu|0 fnt
|-damage|p2a: Dondozo|13/100|[from] item: Rocky Helmet|[of] p1a: Ting-Lu
|faint|p1a: Ting-Lu
|
|-heal|p2a: Dondozo|19/100|[from] item: Leftovers
|upkeep
|
|t:|1760336218
|switch|p1a: Pecharunt|Pecharunt|100/100
|turn|7
|
|t:|1760336224
|move|p1a: Pecharunt|Malignant Chain|p2a: Dondozo
|-damage|p2a: Dondozo|0 fnt
|faint|p2a: Dondozo
|
|upkeep
|
|t:|1760336232
|switch|p2a: Gliscor|Gliscor, M, shiny|100/100
|-damage|p2a: Gliscor|88/100|[from] Stealth Rock
|turn|8
|
|t:|1760336259
|move|p1a: Pecharunt|Protect|p1a: Pecharunt
|-singleturn|p1a: Pecharunt|Protect
|move|p2a: Gliscor|Earthquake|p1a: Pecharunt
|-activate|p1a: Pecharunt|move: Protect
|
|-status|p2a: Gliscor|tox|[from] item: Toxic Orb
|upkeep
|turn|9
|
|t:|1760336263
|move|p2a: Gliscor|Earthquake|p1a: Pecharunt
|-supereffective|p1a: Pecharunt
|-damage|p1a: Pecharunt|68/100
|move|p1a: Pecharunt|Hex|p2a: Gliscor
|-damage|p2a: Gliscor|45/100 tox
|
|-heal|p1a: Pecharunt|74/100|[from] item: Leftovers
|-heal|p2a: Gliscor|58/100 tox|[from] ability: Poison Heal
|upkeep
|turn|10
|
|t:|1760336268
|move|p2a: Gliscor|Earthquake|p1a: Pecharunt
|-supereffective|p1a: Pecharunt
|-damage|p1a: Pecharunt|36/100
|move|p1a: Pecharunt|Hex|p2a: Gliscor
|-damage|p2a: Gliscor|14/100 tox
|
|-heal|p1a: Pecharunt|43/100|[from] item: Leftovers
|-heal|p2a: Gliscor|27/100 tox|[from] ability: Poison Heal
|upkeep
|turn|11
|
|t:|1760336271
|move|p2a: Gliscor|Earthquake|p1a: Pecharunt
|-supereffective|p1a: Pecharunt
|-damage|p1a: Pecharunt|7/100
|move|p1a: Pecharunt|Hex|p2a: Gliscor
|-damage|p2a: Gliscor|0 fnt
|faint|p2a: Gliscor
|
|-heal|p1a: Pecharunt|13/100|[from] item: Leftovers
|upkeep
|
|t:|1760336280
|switch|p2a: Cinderace|Cinderace, M|100/100
|-damage|p2a: Cinderace|76/100|[from] Stealth Rock
|-damage|p2a: Cinderace|63/100|[from] Spikes
|turn|12
|
|t:|1760336283
|move|p2a: Cinderace|Court Change|p2a: Cinderace
|-start|p2a: Cinderace|typechange|Normal|[from] ability: Libero
|-swapsideconditions
|-activate|p2a: Cinderace|move: Court Change
|move|p1a: Pecharunt|Toxic|p2a: Cinderace
|-status|p2a: Cinderace|tox
|-start|p2a: Cinderace|confusion|[from] ability: Poison Puppeteer|[of] p1a: Pecharunt
|
|-heal|p1a: Pecharunt|19/100|[from] item: Leftovers
|-damage|p2a: Cinderace|57/100 tox|[from] psn
|upkeep
|turn|13
|
|t:|1760336288
|move|p1a: Pecharunt|Protect|p1a: Pecharunt
|-singleturn|p1a: Pecharunt|Protect
|-activate|p2a: Cinderace|confusion
|move|p2a: Cinderace|Sucker Punch||[still]
|-fail|p2a: Cinderace
|
|-heal|p1a: Pecharunt|25/100|[from] item: Leftovers
|-damage|p2a: Cinderace|45/100 tox|[from] psn
|upkeep
|turn|14
|
|t:|1760336295
|-end|p2a: Cinderace|confusion
|move|p2a: Cinderace|Pyro Ball|p1a: Pecharunt
|-damage|p1a: Pecharunt|5/100
|move|p1a: Pecharunt|Toxic|p2a: Cinderace
|-fail|p2a: Cinderace|tox
|
|-heal|p1a: Pecharunt|11/100|[from] item: Leftovers
|-damage|p2a: Cinderace|27/100 tox|[from] psn
|upkeep
|turn|15
|
|t:|1760336300
|move|p1a: Pecharunt|Protect|p1a: Pecharunt
|-singleturn|p1a: Pecharunt|Protect
|move|p2a: Cinderace|Pyro Ball|p1a: Pecharunt
|-activate|p1a: Pecharunt|move: Protect
|
|-heal|p1a: Pecharunt|18/100|[from] item: Leftovers
|-damage|p2a: Cinderace|3/100 tox|[from] psn
|upkeep
|turn|16
|
|t:|1760336303
|move|p2a: Cinderace|Pyro Ball|p1a: Pecharunt
|-damage|p1a: Pecharunt|0 fnt
|faint|p1a: Pecharunt
|
|-damage|p2a: Cinderace|0 fnt|[from] psn
|faint|p2a: Cinderace
|upkeep
|
|t:|1760336311
|switch|p2a: Ceruledge|Ceruledge, F|100/100
|switch|p1a: Kubfu|Kubfu, F|100/100
|-damage|p1a: Kubfu|94/100|[from] Stealth Rock
|-damage|p1a: Kubfu|82/100|[from] Spikes
|turn|17
|
|t:|1760336316
|move|p2a: Ceruledge|Bitter Blade|p1a: Kubfu
|-damage|p1a: Kubfu|0 fnt
|faint|p1a: Kubfu
|
|upkeep
|
|t:|1760336321
|switch|p1a: Dragapult|Dragapult, M|100/100
|-damage|p1a: Dragapult|88/100|[from] Stealth Rock
|-damage|p1a: Dragapult|76/100|[from] Spikes
|turn|18
|
|t:|1760336326
|move|p2a: Ceruledge|Shadow Sneak|p1a: Dragapult
|-supereffective|p1a: Dragapult
|-damage|p1a: Dragapult|24/100
|move|p1a: Dragapult|Shadow Ball|p2a: Ceruledge
|-supereffective|p2a: Ceruledge
|-enditem|p2a: Ceruledge|Focus Sash
|-damage|p2a: Ceruledge|1/100
|-unboost|p2a: Ceruledge|spd|1
|
|upkeep
|turn|19
|
|t:|1760336329
|-terastallize|p1a: Dragapult|Ground
|move|p2a: Ceruledge|Shadow Sneak|p1a: Dragapult
|-damage|p1a: Dragapult|0 fnt
|faint|p1a: Dragapult
|
|upkeep
|
|t:|1760336333
|switch|p1a: Registeel|Registeel|100/100
|-damage|p1a: Registeel|94/100|[from] Stealth Rock
|-damage|p1a: Registeel|82/100|[from] Spikes
|turn|20
|
|t:|1760336336
|move|p2a: Ceruledge|Destiny Bond|p2a: Ceruledge
|-singlemove|p2a: Ceruledge|Destiny Bond
|move|p1a: Registeel|Body Press|p2a: Ceruledge
|-immune|p2a: Ceruledge
|
|-heal|p1a: Registeel|88/100|[from] item: Leftovers
|upkeep
|turn|21
|
|t:|1760336341
|move|p2a: Ceruledge|Bitter Blade|p1a: Registeel
|-supereffective|p1a: Registeel
|-crit|p1a: Registeel
|-damage|p1a: Registeel|11/100
|-heal|p2a: Ceruledge|49/100|[from] drain|[of] p1a: Registeel
|move|p1a: Registeel|Iron Defense|p1a: Registeel
|-boost|p1a: Registeel|def|2
|
|-heal|p1a: Registeel|17/100|[from] item: Leftovers
|upkeep
|turn|22
|
|t:|1760336346
|move|p2a: Ceruledge|Bitter Blade|p1a: Registeel
|-supereffective|p1a: Registeel
|-damage|p1a: Registeel|0 fnt
|-heal|p2a: Ceruledge|59/100|[from] drain|[of] p1a: Registeel
|faint|p1a: Registeel
|
|win|kartikgupta95
|raw|splishsplish12's rating: 1082 &rarr; <strong>1063</strong><br />(-19 for losing)
|raw|kartikgupta95's rating: 1137 &rarr; <strong>1158</strong><br />(+21 for winning)
|c|☆splishsplish12|gg
|l|☆splishsplish12
|player|p1|
|l|☆kartikgupta95
|player|p2|
