|j|☆pyxel_wyzard
|j|☆Noir Z
|t:|1760372771
|gametype|singles
|player|p1|pyxel_wyzard|miku-ghost|1413
|player|p2|Noir Z|unknown|1382
|gen|9
|tier|[Gen 9] OU
|rated|
|rule|HP Percentage Mod: HP is shown in percentages
|rule|Endless Battle Clause: Forcing endless battles is banned
|rule|Species Clause: Limit one of each Pokémon
|rule|OHKO Clause: OHKO moves are banned
|rule|Evasion Items Clause: Evasion items are banned
|rule|Evasion Moves Clause: Evasion moves are banned
|rule|Evasion Abilities Clause: Evasion abilities are banned
|rule|Sleep Moves Clause: Sleep-inducing moves are banned
|clearpoke
|poke|p1|Yanmega, M|
|poke|p1|Weezing-Galar, M|
|poke|p1|Garganacl, F|
|poke|p1|Dragapult, F|
|poke|p1|Slowking-Galar, F|
|poke|p1|Iron Valiant|
|poke|p2|Flamigo, F|
|poke|p2|Zapdos-Galar|
|poke|p2|Dragapult, F|
|poke|p2|Corviknight, F|
|poke|p2|Staraptor, F|
|poke|p2|Slowking-Galar, M|
|teampreview
|inactive|Battle timer is ON: inactive players will automatically lose when time's up. (requested by pyxel_wyzard)
|
|t:|1760372788
|teamsize|p1|6
|teamsize|p2|6
|start
|switch|p1a: Sealtstan|Garganacl, F|100/100
|switch|p2a: Staraptor|Staraptor, F|100/100
|turn|1
|
|t:|1760372795
|move|p2a: Staraptor|Close Combat|p1a: Sealtstan
|-supereffective|p1a: Sealtstan
|-damage|p1a: Sealtstan|26/100
|-unboost|p2a: Staraptor|def|1
|-unboost|p2a: Staraptor|spd|1
|move|p1a: Sealtstan|Salt Cure|p2a: Staraptor
|-supereffective|p2a: Staraptor
|-damage|p2a: Staraptor|44/100
|-start|p2a: Staraptor|Salt Cure
|
|-heal|p1a: Sealtstan|32/100|[from] item: Leftovers
|-damage|p2a: Staraptor|32/100|[from] Salt Cure
|upkeep
|turn|2
|
|t:|1760372813
|switch|p1a: Níðdraca|Dragapult, F|100/100
|move|p2a: Staraptor|Close Combat|p1a: Níðdraca
|-immune|p1a: Níðdraca
|
|-damage|p2a: Staraptor|19/100|[from] Salt Cure
|upkeep
|turn|3
|
|t:|1760372822
|switch|p2a: Corviknight|Corviknight, F|100/100
|-ability|p2a: Corviknight|Pressure
|move|p1a: Níðdraca|U-turn|p2a: Corviknight
|-resisted|p2a: Corviknight
|-damage|p2a: Corviknight|97/100
|inactive|pyxel_wyzard has 120 seconds left.
|
|t:|1760372851
|switch|p1a: Fléoge|Yanmega, M, shiny|100/100|[from] U-turn
|
|-heal|p2a: Corviknight|100/100|[from] item: Leftovers
|upkeep
|turn|4
|
|t:|1760372858
|move|p1a: Fléoge|Air Slash|p2a: Corviknight
|-resisted|p2a: Corviknight
|-damage|p2a: Corviknight|58/100
|move|p2a: Corviknight|Brave Bird|p1a: Fléoge
|-supereffective|p1a: Fléoge
|-damage|p1a: Fléoge|8/100
|-damage|p2a: Corviknight|35/100|[from] Recoil
|
|-heal|p2a: Corviknight|41/100|[from] item: Leftovers
|upkeep
|turn|5
|
|t:|1760372867
|switch|p2a: Slowking|Slowking-Galar, M|100/100
|move|p1a: Fléoge|Air Slash|p2a: Slowking
|-damage|p2a: Slowking|71/100
|
|upkeep
|turn|6
|
|t:|1760372883
|switch|p1a: Sealtstan|Garganacl, F|32/100
|-prepare|p2a: Slowking|Chilly Reception|[premajor]
|move|p2a: Slowking|Chilly Reception|p2a: Slowking
|-weather|Snowscape
|
|t:|1760372901
|switch|p2a: Zapdos|Zapdos-Galar|100/100|[from] Chilly Reception
|
|-weather|Snowscape|[upkeep]
|-heal|p1a: Sealtstan|39/100|[from] item: Leftovers
|upkeep
|turn|7
|
|t:|1760372912
|move|p1a: Sealtstan|Protect|p1a: Sealtstan
|-singleturn|p1a: Sealtstan|Protect
|move|p2a: Zapdos|Knock Off|p1a: Sealtstan
|-activate|p1a: Sealtstan|move: Protect
|
|-weather|Snowscape|[upkeep]
|-heal|p1a: Sealtstan|45/100|[from] item: Leftovers
|upkeep
|turn|8
|
|t:|1760372926
|-terastallize|p2a: Zapdos|Dark
|move|p2a: Zapdos|Knock Off|p1a: Sealtstan
|-damage|p1a: Sealtstan|10/100
|-enditem|p1a: Sealtstan|Leftovers|[from] move: Knock Off|[of] p2a: Zapdos
|move|p1a: Sealtstan|Stealth Rock|p2a: Zapdos
|-sidestart|p2: Noir Z|move: Stealth Rock
|
|-weather|Snowscape|[upkeep]
|upkeep
|turn|9
|inactive|pyxel_wyzard has 120 seconds left.
|
|t:|1760372982
|switch|p2a: Slowking|Slowking-Galar, M|100/100
|switch|p1a: Larwita|Weezing-Galar, M|100/100
|-ability|p1a: Larwita|Neutralizing Gas
|
|-weather|Snowscape|[upkeep]
|upkeep
|turn|10
|
|t:|1760372996
|-end|p1a: Larwita|ability: Neutralizing Gas
|switch|p1a: Níðdraca|Dragapult, F|100/100
|move|p2a: Slowking|Future Sight|p1a: Níðdraca
|-start|p2a: Slowking|move: Future Sight
|
|-weather|none
|upkeep
|turn|11
|
|t:|1760373007
|move|p1a: Níðdraca|Shadow Ball|p2a: Slowking
|-supereffective|p2a: Slowking
|-damage|p2a: Slowking|41/100
|-prepare|p2a: Slowking|Chilly Reception|[premajor]
|move|p2a: Slowking|Chilly Reception|p2a: Slowking
|-weather|Snowscape
|
|t:|1760373019
|switch|p2a: Zapdos|Zapdos-Galar, tera:Dark|100/100|[from] Chilly Reception
|-damage|p2a: Zapdos|88/100|[from] Stealth Rock
|
|-weather|Snowscape|[upkeep]
|upkeep
|turn|12
|
|t:|1760373028
|switch|p1a: Sealtstan|Garganacl, F|10/100
|move|p2a: Zapdos|Brave Bird|p1a: Sealtstan
|-resisted|p1a: Sealtstan
|-damage|p1a: Sealtstan|0 fnt
|faint|p1a: Sealtstan
|-damage|p2a: Zapdos|84/100|[from] Recoil
|
|-weather|Snowscape|[upkeep]
|-hint|Future Sight did not hit because the target is fainted.
|upkeep
|inactive|pyxel_wyzard has 90 seconds left.
|
|t:|1760373061
|switch|p1a: Larwita|Weezing-Galar, M|100/100
|-ability|p1a: Larwita|Neutralizing Gas
|turn|13
|
|t:|1760373067
|switch|p2a: Corviknight|Corviknight, F|41/100
|-damage|p2a: Corviknight|28/100|[from] Stealth Rock
|move|p1a: Larwita|Will-O-Wisp|p2a: Corviknight
|-status|p2a: Corviknight|brn
|
|-weather|Snowscape|[upkeep]
|-heal|p2a: Corviknight|35/100 brn|[from] item: Leftovers
|-damage|p2a: Corviknight|28/100 brn|[from] brn
|upkeep
|turn|14
|inactive|pyxel_wyzard has 90 seconds left.
|
|t:|1760373089
|-end|p1a: Larwita|ability: Neutralizing Gas
|-ability|p2a: Corviknight|Pressure
|switch|p1a: Níðdraca|Dragapult, F|100/100
|move|p2a: Corviknight|Defog|p1a: Níðdraca
|-unboost|p1a: Níðdraca|evasion|1
|-sideend|p2: Noir Z|Stealth Rock|[from] move: Defog|[of] p2a: Corviknight
|
|-weather|Snowscape|[upkeep]
|-heal|p2a: Corviknight|35/100 brn|[from] item: Leftovers
|-damage|p2a: Corviknight|28/100 brn|[from] brn
|upkeep
|turn|15
|
|t:|1760373102
|switch|p2a: Staraptor|Staraptor, F|19/100
|move|p1a: Níðdraca|Flamethrower|p2a: Staraptor
|-damage|p2a: Staraptor|0 fnt
|faint|p2a: Staraptor
|
|-weather|none
|upkeep
|
|t:|1760373120
|switch|p2a: Dragapult|Dragapult, F|100/100
|turn|16
|
|t:|1760373126
|switch|p1a: Þiccol|Slowking-Galar, F|100/100
|move|p2a: Dragapult|Shadow Ball|p1a: Þiccol
|-supereffective|p1a: Þiccol
|-damage|p1a: Þiccol|38/100
|
|upkeep
|turn|17
|inactive|pyxel_wyzard has 90 seconds left.
|
|t:|1760373158
|switch|p1a: Fléoge|Yanmega, M, shiny|8/100
|move|p2a: Dragapult|Shadow Ball|p1a: Fléoge
|-damage|p1a: Fléoge|0 fnt
|faint|p1a: Fléoge
|
|upkeep
|inactive|pyxel_wyzard has 60 seconds left.
|
|t:|1760373188
|switch|p1a: Þiccol|Slowking-Galar, F|71/100
|turn|18
|inactive|pyxel_wyzard has 30 seconds left.
|
|t:|1760373217
|switch|p2a: Slowking|Slowking-Galar, M|74/100
|move|p1a: Þiccol|Thunder Wave|p2a: Slowking
|-status|p2a: Slowking|par
|
|upkeep
|turn|19
|inactive|pyxel_wyzard has 30 seconds left.
|
|t:|1760373230
|-prepare|p1a: Þiccol|Chilly Reception|[premajor]
|move|p1a: Þiccol|Chilly Reception|p1a: Þiccol
|-weather|Snowscape
|inactive|pyxel_wyzard has 30 seconds left.
|
|t:|1760373237
|switch|p1a: Isern|Iron Valiant|100/100|[from] Chilly Reception
|-enditem|p1a: Isern|Booster Energy
|-activate|p1a: Isern|ability: Quark Drive|[fromitem]
|-start|p1a: Isern|quarkdrivespe
|-prepare|p2a: Slowking|Chilly Reception|[premajor]
|move|p2a: Slowking|Chilly Reception|p2a: Slowking
|
|t:|1760373260
|switch|p2a: Zapdos|Zapdos-Galar, tera:Dark|84/100|[from] Chilly Reception
|
|-weather|Snowscape|[upkeep]
|upkeep
|turn|20
|
|t:|1760373272
|switch|p2a: Slowking|Slowking-Galar, M|100/100 par
|move|p1a: Isern|Close Combat|p2a: Slowking
|-resisted|p2a: Slowking
|-damage|p2a: Slowking|85/100 par
|-unboost|p1a: Isern|def|1
|-unboost|p1a: Isern|spd|1
|
|-weather|Snowscape|[upkeep]
|upkeep
|turn|21
|
|t:|1760373285
|-terastallize|p1a: Isern|Dark
|move|p1a: Isern|Swords Dance|p1a: Isern
|-boost|p1a: Isern|atk|2
|move|p2a: Slowking|Sludge Bomb|p1a: Isern
|-crit|p1a: Isern
|-damage|p1a: Isern|0 fnt
|faint|p1a: Isern
|-end|p1a: Isern|Quark Drive|[silent]
|
|-weather|Snowscape|[upkeep]
|upkeep
|
|t:|1760373294
|switch|p1a: Níðdraca|Dragapult, F|100/100
|turn|22
|
|t:|1760373305
|switch|p2a: Corviknight|Corviknight, F|28/100 brn
|-ability|p2a: Corviknight|Pressure
|move|p1a: Níðdraca|Draco Meteor|p2a: Corviknight
|-resisted|p2a: Corviknight
|-damage|p2a: Corviknight|0 fnt
|-unboost|p1a: Níðdraca|spa|2
|faint|p2a: Corviknight
|
|-weather|Snowscape|[upkeep]
|upkeep
|inactive|Noir Z has 120 seconds left.
|
|t:|1760373343
|switch|p2a: Zapdos|Zapdos-Galar, tera:Dark|84/100
|turn|23
|inactive|Noir Z has 120 seconds left.
|
|t:|1760373355
|switch|p1a: Larwita|Weezing-Galar, M|100/100
|-ability|p1a: Larwita|Neutralizing Gas
|move|p2a: Zapdos|Brave Bird|p1a: Larwita
|-damage|p1a: Larwita|57/100
|-damage|p2a: Zapdos|69/100|[from] Recoil
|
|-weather|none
|upkeep
|turn|24
|inactive|Noir Z has 120 seconds left.
|
|t:|1760373369
|move|p2a: Zapdos|Brave Bird|p1a: Larwita
|-damage|p1a: Larwita|11/100
|-damage|p2a: Zapdos|53/100|[from] Recoil
|move|p1a: Larwita|Strange Steam|p2a: Zapdos
|-supereffective|p2a: Zapdos
|-damage|p2a: Zapdos|0 fnt
|faint|p2a: Zapdos
|
|upkeep
|
|t:|1760373380
|switch|p2a: Dragapult|Dragapult, F|100/100
|turn|25
|inactive|pyxel_wyzard has 60 seconds left.
|
|t:|1760373388
|move|p2a: Dragapult|Shadow Ball|p1a: Larwita
|-damage|p1a: Larwita|0 fnt
|faint|p1a: Larwita
|-end|p1a: Larwita|ability: Neutralizing Gas
|
|upkeep
|
|t:|1760373392
|switch|p1a: Níðdraca|Dragapult, F|100/100
|turn|26
|
|t:|1760373399
|move|p1a: Níðdraca|Shadow Ball|p2a: Dragapult
|-supereffective|p2a: Dragapult
|-damage|p2a: Dragapult|0 fnt
|faint|p2a: Dragapult
|
|upkeep
|
|t:|1760373405
|switch|p2a: Flamigo|Flamigo, F|100/100
|turn|27
|inactive|pyxel_wyzard has 60 seconds left.
|
|t:|1760373436
|switch|p1a: Þiccol|Slowking-Galar, F|100/100
|move|p2a: Flamigo|Dual Wingbeat|p1a: Þiccol
|-damage|p1a: Þiccol|77/100
|-damage|p1a: Þiccol|54/100
|-hitcount|p1a: Þiccol|2
|
|upkeep
|turn|28
|inactive|pyxel_wyzard has 60 seconds left.
|
|t:|1760373459
|switch|p2a: Slowking|Slowking-Galar, M|100/100 par
|move|p1a: Þiccol|Psyshock|p2a: Slowking
|-damage|p2a: Slowking|70/100 par
|
|upkeep
|turn|29
|
|t:|1760373466
|move|p1a: Þiccol|Psyshock|p2a: Slowking
|-damage|p2a: Slowking|37/100 par
|move|p2a: Slowking|Future Sight|p1a: Þiccol
|-start|p2a: Slowking|move: Future Sight
|
|upkeep
|turn|30
|
|t:|1760373477
|move|p1a: Þiccol|Psyshock|p2a: Slowking
|-damage|p2a: Slowking|7/100 par
|-prepare|p2a: Slowking|Chilly Reception|[premajor]
|cant|p2a: Slowking|par
|
|upkeep
|turn|31
|
|t:|1760373485
|move|p1a: Þiccol|Psyshock|p2a: Slowking
|-damage|p2a: Slowking|0 fnt
|faint|p2a: Slowking
|
|-end|p1a: Þiccol|move: Future Sight
|-damage|p1a: Þiccol|30/100
|upkeep
|
|t:|1760373491
|switch|p2a: Flamigo|Flamigo, F|100/100
|turn|32
|
|t:|1760373504
|move|p2a: Flamigo|Dual Wingbeat|p1a: Þiccol
|-damage|p1a: Þiccol|7/100
|-damage|p1a: Þiccol|0 fnt
|faint|p1a: Þiccol
|-hitcount|p1: Þiccol|2
|
|upkeep
|
|t:|1760373507
|switch|p1a: Níðdraca|Dragapult, F|100/100
|turn|33
|inactive|pyxel_wyzard has 90 seconds left.
|
|t:|1760373512
|move|p1a: Níðdraca|Draco Meteor|p2a: Flamigo
|-damage|p2a: Flamigo|0 fnt
|-unboost|p1a: Níðdraca|spa|2
|faint|p2a: Flamigo
|
|win|pyxel_wyzard
|raw|pyxel_wyzard's rating: 1413 &rarr; <strong>1431</strong><br />(+18 for winning)
|raw|Noir Z's rating: 1382 &rarr; <strong>1364</strong><br />(-18 for losing)
|l|☆Noir Z
|player|p2|
