|j|☆Potential Man
|j|☆quilpz
|t:|1760314298
|gametype|singles
|player|p1|Potential Man|brock-gen2|1550
|player|p2|quilpz|169|1493
|gen|9
|tier|[Gen 9] OU
|rated|
|rule|HP Percentage Mod: HP is shown in percentages
|rule|Endless Battle Clause: Forcing endless battles is banned
|rule|Species Clause: Limit one of each Pokémon
|rule|OHKO Clause: OHKO moves are banned
|rule|Evasion Items Clause: Evasion items are banned
|rule|Evasion Moves Clause: Evasion moves are banned
|rule|Evasion Abilities Clause: Evasion abilities are banned
|rule|Sleep Moves Clause: Sleep-inducing moves are banned
|clearpoke
|poke|p1|Toxtricity, F|
|poke|p1|Landorus-Therian, M|
|poke|p1|Kingambit, M|
|poke|p1|Dragonite, M|
|poke|p1|Primarina, F|
|poke|p1|Iron Treads|
|poke|p2|Zapdos|
|poke|p2|Glimmora, M|
|poke|p2|Clefable, M|
|poke|p2|Kyurem|
|poke|p2|Hawlucha, M|
|poke|p2|Scizor, M|
|teampreview
|
|t:|1760314306
|teamsize|p1|6
|teamsize|p2|6
|start
|switch|p1a: Iron Treads|Iron Treads|100/100
|switch|p2a: Glimmora|Glimmora, M|100/100
|turn|1
|
|t:|1760314321
|move|p1a: Iron Treads|Earthquake|p2a: Glimmora
|-supereffective|p2a: Glimmora
|-enditem|p2a: Glimmora|Focus Sash
|-damage|p2a: Glimmora|1/100
|-activate|p2a: Glimmora|ability: Toxic Debris
|-sidestart|p1: Potential Man|move: Toxic Spikes
|move|p2a: Glimmora|Stealth Rock|p1a: Iron Treads
|-sidestart|p1: Potential Man|move: Stealth Rock
|
|upkeep
|turn|2
|
|t:|1760314323
|move|p1a: Iron Treads|Stealth Rock|p2a: Glimmora
|-sidestart|p2: quilpz|move: Stealth Rock
|move|p2a: Glimmora|Memento|p1a: Iron Treads
|-unboost|p1a: Iron Treads|atk|2
|-unboost|p1a: Iron Treads|spa|2
|faint|p2a: Glimmora
|
|upkeep
|
|t:|1760314337
|switch|p2a: Hawlucha|Hawlucha, M|100/100
|-damage|p2a: Hawlucha|88/100|[from] Stealth Rock
|-ability|p2a: Hawlucha|Mold Breaker
|turn|3
|
|t:|1760314345
|-end|p1a: Iron Treads|Quark Drive|[silent]
|switch|p1a: Landorus|Landorus-Therian, M|100/100
|-damage|p1a: Landorus|88/100|[from] Stealth Rock
|-ability|p1a: Landorus|Intimidate|boost
|-unboost|p2a: Hawlucha|atk|1
|move|p2a: Hawlucha|Defog|p1a: Landorus
|-unboost|p1a: Landorus|evasion|1
|-sideend|p1: Potential Man|Toxic Spikes|[from] move: Defog|[of] p2a: Hawlucha
|-sideend|p1: Potential Man|Stealth Rock|[from] move: Defog|[of] p2a: Hawlucha
|-sideend|p2: quilpz|Stealth Rock|[from] move: Defog|[of] p2a: Hawlucha
|
|upkeep
|turn|4
|
|t:|1760314355
|move|p1a: Landorus|Stone Edge|p2a: Hawlucha
|-damage|p2a: Hawlucha|32/100
|move|p2a: Hawlucha|Swords Dance|p2a: Hawlucha
|-boost|p2a: Hawlucha|atk|2
|
|upkeep
|turn|5
|
|t:|1760314358
|move|p1a: Landorus|Stone Edge|p2a: Hawlucha
|-damage|p2a: Hawlucha|0 fnt
|faint|p2a: Hawlucha
|
|upkeep
|
|t:|1760314361
|switch|p2a: Zapdos|Zapdos|100/100
|turn|6
|
|t:|1760314363
|move|p1a: Landorus|Stone Edge|p2a: Zapdos
|-supereffective|p2a: Zapdos
|-damage|p2a: Zapdos|25/100
|-enditem|p2a: Zapdos|Weakness Policy
|-boost|p2a: Zapdos|atk|2|[from] item: Weakness Policy
|-boost|p2a: Zapdos|spa|2|[from] item: Weakness Policy
|move|p2a: Zapdos|Agility|p2a: Zapdos
|-boost|p2a: Zapdos|spe|2
|
|upkeep
|turn|7
|
|t:|1760314368
|move|p2a: Zapdos|Hurricane|p1a: Landorus
|-damage|p1a: Landorus|0 fnt
|faint|p1a: Landorus
|
|upkeep
|
|t:|1760314372
|switch|p1a: Dragonite|Dragonite, M|100/100
|turn|8
|
|t:|1760314375
|move|p1a: Dragonite|Extreme Speed|p2a: Zapdos
|-damage|p2a: Zapdos|0 fnt
|faint|p2a: Zapdos
|
|upkeep
|
|t:|1760314378
|switch|p2a: Kyurem|Kyurem|100/100
|-ability|p2a: Kyurem|Pressure
|turn|9
|
|t:|1760314384
|-terastallize|p2a: Kyurem|Ground
|-terastallize|p1a: Dragonite|Normal
|move|p1a: Dragonite|Extreme Speed|p2a: Kyurem
|-damage|p2a: Kyurem|55/100
|move|p2a: Kyurem|Dragon Dance|p2a: Kyurem
|-boost|p2a: Kyurem|atk|1
|-boost|p2a: Kyurem|spe|1
|
|upkeep
|turn|10
|
|t:|1760314390
|move|p1a: Dragonite|Extreme Speed|p2a: Kyurem
|-damage|p2a: Kyurem|4/100
|move|p2a: Kyurem|Icicle Spear|p1a: Dragonite
|-damage|p1a: Dragonite|89/100
|-crit|p1a: Dragonite
|-damage|p1a: Dragonite|52/100
|-damage|p1a: Dragonite|30/100
|-damage|p1a: Dragonite|8/100
|-hitcount|p1a: Dragonite|4
|
|upkeep
|turn|11
|
|t:|1760314393
|move|p1a: Dragonite|Extreme Speed|p2a: Kyurem
|-damage|p2a: Kyurem|0 fnt
|faint|p2a: Kyurem
|
|upkeep
|
|t:|1760314397
|switch|p2a: Scizor|Scizor, M|100/100
|turn|12
|
|t:|1760314402
|switch|p1a: Bad Amp|Toxtricity, F|100/100
|move|p2a: Scizor|Bullet Punch|p1a: Bad Amp
|-resisted|p1a: Bad Amp
|-damage|p1a: Bad Amp|75/100
|
|upkeep
|turn|13
|c|☆quilpz|me when no gamble
|
|t:|1760314409
|move|p1a: Bad Amp|Volt Switch|p2a: Scizor
|-damage|p2a: Scizor|24/100
|
|t:|1760314412
|switch|p1a: Iron Treads|Iron Treads|100/100|[from] Volt Switch
|move|p2a: Scizor|Agility|p2a: Scizor
|-boost|p2a: Scizor|spe|2
|
|upkeep
|turn|14
|
|t:|1760314415
|move|p2a: Scizor|Close Combat|p1a: Iron Treads
|-supereffective|p1a: Iron Treads
|-crit|p1a: Iron Treads
|-damage|p1a: Iron Treads|0 fnt
|-unboost|p2a: Scizor|def|1
|-unboost|p2a: Scizor|spd|1
|faint|p1a: Iron Treads
|-end|p1a: Iron Treads|Quark Drive|[silent]
|
|upkeep
|
|t:|1760314418
|switch|p1a: Dragonite|Dragonite, M, tera:Normal|8/100
|turn|15
|
|t:|1760314421
|move|p1a: Dragonite|Extreme Speed|p2a: Scizor
|-resisted|p2a: Scizor
|-damage|p2a: Scizor|0 fnt
|faint|p2a: Scizor
|
|upkeep
|
|t:|1760314423
|switch|p2a: Clefable|Clefable, M|100/100
|turn|16
|
|t:|1760314426
|switch|p1a: Primarina|Primarina, F|100/100
|move|p2a: Clefable|Cosmic Power|p2a: Clefable
|-boost|p2a: Clefable|def|1
|-boost|p2a: Clefable|spd|1
|
|upkeep
|turn|17
|
|t:|1760314431
|move|p1a: Primarina|Psychic Noise|p2a: Clefable
|-damage|p2a: Clefable|84/100
|-start|p2a: Clefable|move: Heal Block
|move|p2a: Clefable|Moonblast|p1a: Primarina
|-damage|p1a: Primarina|80/100
|-unboost|p1a: Primarina|spa|1
|
|upkeep
|turn|18
|
|t:|1760314435
|move|p1a: Primarina|Psychic Noise|p2a: Clefable
|-damage|p2a: Clefable|68/100
|move|p2a: Clefable|Cosmic Power|p2a: Clefable
|-boost|p2a: Clefable|def|1
|-boost|p2a: Clefable|spd|1
|
|-end|p2a: Clefable|move: Heal Block
|upkeep
|turn|19
|
|t:|1760314436
|move|p1a: Primarina|Psychic Noise|p2a: Clefable
|-damage|p2a: Clefable|54/100
|-start|p2a: Clefable|move: Heal Block
|move|p2a: Clefable|Cosmic Power|p2a: Clefable
|-boost|p2a: Clefable|def|1
|-boost|p2a: Clefable|spd|1
|
|upkeep
|turn|20
|
|t:|1760314443
|move|p1a: Primarina|Psychic Noise|p2a: Clefable
|-damage|p2a: Clefable|43/100
|move|p2a: Clefable|Cosmic Power|p2a: Clefable
|-boost|p2a: Clefable|def|1
|-boost|p2a: Clefable|spd|1
|
|-end|p2a: Clefable|move: Heal Block
|upkeep
|turn|21
|
|t:|1760314446
|move|p1a: Primarina|Psychic Noise|p2a: Clefable
|-damage|p2a: Clefable|35/100
|-start|p2a: Clefable|move: Heal Block
|move|p2a: Clefable|Stored Power|p1a: Primarina
|-damage|p1a: Primarina|55/100
|
|upkeep
|turn|22
|
|t:|1760314449
|move|p1a: Primarina|Psychic Noise|p2a: Clefable
|-damage|p2a: Clefable|26/100
|move|p2a: Clefable|Stored Power|p1a: Primarina
|-damage|p1a: Primarina|28/100
|
|-end|p2a: Clefable|move: Heal Block
|upkeep
|turn|23
|
|t:|1760314451
|move|p1a: Primarina|Psychic Noise|p2a: Clefable
|-damage|p2a: Clefable|18/100
|-start|p2a: Clefable|move: Heal Block
|move|p2a: Clefable|Stored Power|p1a: Primarina
|-damage|p1a: Primarina|3/100
|
|upkeep
|turn|24
|
|t:|1760314460
|move|p1a: Primarina|Moonblast|p2a: Clefable
|-damage|p2a: Clefable|0 fnt
|faint|p2a: Clefable
|
|win|Potential Man
|raw|Potential Man's rating: 1550 &rarr; <strong>1567</strong><br />(+17 for winning)
|raw|quilpz's rating: 1493 &rarr; <strong>1476</strong><br />(-17 for losing)
