|j|☆Curbs
|j|☆bluecandynina
|t:|1760379407
|gametype|singles
|player|p1|Curbs|n|1511
|player|p2|bluecandynina|169|1476
|gen|9
|tier|[Gen 9] OU
|rated|
|rule|HP Percentage Mod: HP is shown in percentages
|rule|Endless Battle Clause: Forcing endless battles is banned
|rule|Species Clause: Limit one of each Pokémon
|rule|OHKO Clause: OHKO moves are banned
|rule|Evasion Items Clause: Evasion items are banned
|rule|Evasion Moves Clause: Evasion moves are banned
|rule|Evasion Abilities Clause: Evasion abilities are banned
|rule|Sleep Moves Clause: Sleep-inducing moves are banned
|clearpoke
|poke|p1|Clefable, M|
|poke|p1|Skarmory, F|
|poke|p1|Ting-Lu|
|poke|p1|Gliscor, F|
|poke|p1|Amoonguss, F|
|poke|p1|Zamazenta-*|
|poke|p2|Dragonite, F|
|poke|p2|Ting-Lu|
|poke|p2|Gholdengo|
|poke|p2|Ogerpon-Wellspring, F|
|poke|p2|Great Tusk|
|poke|p2|Zapdos|
|teampreview
|inactive|Battle timer is ON: inactive players will automatically lose when time's up. (requested by Curbs)
|
|t:|1760379431
|teamsize|p1|6
|teamsize|p2|6
|start
|switch|p1a: Amoonguss|Amoonguss, F, shiny|100/100
|switch|p2a: Ting-Lu|Ting-Lu|100/100
|-ability|p2a: Ting-Lu|Vessel of Ruin
|turn|1
|
|t:|1760379438
|switch|p1a: Gliscor|Gliscor, F|100/100
|move|p2a: Ting-Lu|Stealth Rock|p1a: Gliscor
|-sidestart|p1: Curbs|move: Stealth Rock
|
|-status|p1a: Gliscor|tox|[from] item: Toxic Orb
|upkeep
|turn|2
|
|t:|1760379442
|move|p1a: Gliscor|Knock Off|p2a: Ting-Lu
|-resisted|p2a: Ting-Lu
|-damage|p2a: Ting-Lu|95/100
|-enditem|p2a: Ting-Lu|Leftovers|[from] move: Knock Off|[of] p1a: Gliscor
|move|p2a: Ting-Lu|Ruination|p1a: Gliscor
|-damage|p1a: Gliscor|50/100 tox
|
|-heal|p1a: Gliscor|63/100 tox|[from] ability: Poison Heal
|upkeep
|turn|3
|
|t:|1760379448
|move|p1a: Gliscor|Protect|p1a: Gliscor
|-singleturn|p1a: Gliscor|Protect
|move|p2a: Ting-Lu|Whirlwind|p1a: Gliscor
|drag|p1a: Ting-Lu|Ting-Lu|100/100
|-ability|p1a: Ting-Lu|Vessel of Ruin
|
|upkeep
|turn|4
|
|t:|1760379463
|switch|p1a: Skarmory|Skarmory, F|100/100
|-damage|p1a: Skarmory|88/100|[from] Stealth Rock
|switch|p2a: Great Tusk|Great Tusk|100/100
|
|upkeep
|turn|5
|
|t:|1760379471
|move|p2a: Great Tusk|Ice Spinner|p1a: Skarmory
|-damage|p1a: Skarmory|74/100
|-damage|p2a: Great Tusk|84/100|[from] item: Rocky Helmet|[of] p1a: Skarmory
|move|p1a: Skarmory|Spikes|p2a: Great Tusk
|-sidestart|p2: bluecandynina|Spikes
|
|upkeep
|turn|6
|
|t:|1760379479
|move|p2a: Great Tusk|Rapid Spin|p1a: Skarmory
|-resisted|p1a: Skarmory
|-damage|p1a: Skarmory|70/100
|-boost|p2a: Great Tusk|spe|1
|-damage|p2a: Great Tusk|67/100|[from] item: Rocky Helmet|[of] p1a: Skarmory
|-sideend|p2: bluecandynina|Spikes|[from] move: Rapid Spin|[of] p2a: Great Tusk
|move|p1a: Skarmory|Spikes|p2a: Great Tusk
|-sidestart|p2: bluecandynina|Spikes
|
|upkeep
|turn|7
|
|t:|1760379483
|move|p2a: Great Tusk|Close Combat|p1a: Skarmory
|-damage|p1a: Skarmory|39/100
|-unboost|p2a: Great Tusk|def|1
|-unboost|p2a: Great Tusk|spd|1
|-damage|p2a: Great Tusk|51/100|[from] item: Rocky Helmet|[of] p1a: Skarmory
|move|p1a: Skarmory|Roost|p1a: Skarmory
|-heal|p1a: Skarmory|89/100
|-singleturn|p1a: Skarmory|move: Roost
|
|upkeep
|turn|8
|
|t:|1760379495
|-end|p2a: Great Tusk|Protosynthesis|[silent]
|switch|p2a: Zapdos|Zapdos|100/100
|move|p1a: Skarmory|Spikes|p2a: Zapdos
|-sidestart|p2: bluecandynina|Spikes
|
|upkeep
|turn|9
|
|t:|1760379500
|switch|p1a: Ting-Lu|Ting-Lu|100/100
|-ability|p1a: Ting-Lu|Vessel of Ruin
|move|p2a: Zapdos|Discharge|p1a: Ting-Lu
|-immune|p1a: Ting-Lu
|
|upkeep
|turn|10
|
|t:|1760379502
|move|p2a: Zapdos|U-turn|p1a: Ting-Lu
|-supereffective|p1a: Ting-Lu
|-damage|p1a: Ting-Lu|86/100
|
|t:|1760379504
|switch|p2a: Great Tusk|Great Tusk|51/100|[from] U-turn
|move|p1a: Ting-Lu|Stealth Rock|p2a: Great Tusk
|-sidestart|p2: bluecandynina|move: Stealth Rock
|
|upkeep
|turn|11
|
|t:|1760379508
|switch|p1a: Skarmory|Skarmory, F|89/100
|-damage|p1a: Skarmory|77/100|[from] Stealth Rock
|move|p2a: Great Tusk|Rapid Spin|p1a: Skarmory
|-resisted|p1a: Skarmory
|-damage|p1a: Skarmory|72/100
|-boost|p2a: Great Tusk|spe|1
|-damage|p2a: Great Tusk|34/100|[from] item: Rocky Helmet|[of] p1a: Skarmory
|-sideend|p2: bluecandynina|Spikes|[from] move: Rapid Spin|[of] p2a: Great Tusk
|-sideend|p2: bluecandynina|Stealth Rock|[from] move: Rapid Spin|[of] p2a: Great Tusk
|
|upkeep
|turn|12
|
|t:|1760379513
|-end|p2a: Great Tusk|Protosynthesis|[silent]
|switch|p2a: Ogerpon|Ogerpon-Wellspring, F|100/100
|move|p1a: Skarmory|Spikes|p2a: Ogerpon
|-sidestart|p2: bluecandynina|Spikes
|
|upkeep
|turn|13
|
|t:|1760379518
|switch|p1a: Amoonguss|Amoonguss, F, shiny|100/100
|move|p2a: Ogerpon|Knock Off|p1a: Amoonguss
|-damage|p1a: Amoonguss|72/100
|-enditem|p1a: Amoonguss|Heavy-Duty Boots|[from] move: Knock Off|[of] p2a: Ogerpon
|
|upkeep
|turn|14
|
|t:|1760379524
|move|p2a: Ogerpon|U-turn|p1a: Amoonguss
|-damage|p1a: Amoonguss|52/100
|
|t:|1760379527
|switch|p2a: Gholdengo|Gholdengo|100/100|[from] U-turn
|-damage|p2a: Gholdengo|88/100|[from] Spikes
|move|p1a: Amoonguss|Sludge Bomb|p2a: Gholdengo
|-immune|p2a: Gholdengo
|
|upkeep
|turn|15
|
|t:|1760379537
|switch|p1a: Ting-Lu|Ting-Lu|86/100
|-ability|p1a: Ting-Lu|Vessel of Ruin
|move|p2a: Gholdengo|Make It Rain|p1a: Ting-Lu
|-damage|p1a: Ting-Lu|44/100
|-unboost|p2a: Gholdengo|spa|1
|
|upkeep
|turn|16
|
|t:|1760379542
|switch|p2a: Ogerpon|Ogerpon-Wellspring, F|100/100
|-damage|p2a: Ogerpon|88/100|[from] Spikes
|move|p1a: Ting-Lu|Rest|p1a: Ting-Lu
|-status|p1a: Ting-Lu|slp|[from] move: Rest
|-heal|p1a: Ting-Lu|100/100 slp|[silent]
|
|upkeep
|turn|17
|
|t:|1760379547
|switch|p1a: Amoonguss|Amoonguss, F, shiny|85/100
|-damage|p1a: Amoonguss|72/100|[from] Stealth Rock
|move|p2a: Ogerpon|Ivy Cudgel|p1a: Amoonguss|[anim] Ivy Cudgel Water
|-resisted|p1a: Amoonguss
|-damage|p1a: Amoonguss|49/100
|
|upkeep
|turn|18
|
|t:|1760379556
|move|p2a: Ogerpon|U-turn|p1a: Amoonguss
|-damage|p1a: Amoonguss|29/100
|
|t:|1760379558
|switch|p2a: Gholdengo|Gholdengo|88/100|[from] U-turn
|-damage|p2a: Gholdengo|76/100|[from] Spikes
|move|p1a: Amoonguss|Foul Play|p2a: Gholdengo
|-supereffective|p2a: Gholdengo
|-damage|p2a: Gholdengo|54/100
|
|upkeep
|turn|19
|
|t:|1760379563
|switch|p2a: Ogerpon|Ogerpon-Wellspring, F|88/100
|-damage|p2a: Ogerpon|76/100|[from] Spikes
|switch|p1a: Ting-Lu|Ting-Lu|100/100 slp
|-ability|p1a: Ting-Lu|Vessel of Ruin
|
|upkeep
|turn|20
|
|t:|1760379573
|switch|p1a: Amoonguss|Amoonguss, F, shiny|62/100
|-damage|p1a: Amoonguss|50/100|[from] Stealth Rock
|move|p2a: Ogerpon|U-turn|p1a: Amoonguss
|-damage|p1a: Amoonguss|29/100
|
|t:|1760379585
|switch|p2a: Zapdos|Zapdos|100/100|[from] U-turn
|
|upkeep
|turn|21
|
|t:|1760379588
|switch|p1a: Ting-Lu|Ting-Lu|100/100 slp
|-ability|p1a: Ting-Lu|Vessel of Ruin
|move|p2a: Zapdos|Hurricane|p1a: Ting-Lu
|-damage|p1a: Ting-Lu|80/100 slp
|
|upkeep
|turn|22
|
|t:|1760379593
|move|p2a: Zapdos|U-turn|p1a: Ting-Lu
|-supereffective|p1a: Ting-Lu
|-damage|p1a: Ting-Lu|65/100 slp
|
|t:|1760379598
|switch|p2a: Ogerpon|Ogerpon-Wellspring, F|76/100|[from] U-turn
|-damage|p2a: Ogerpon|64/100|[from] Spikes
|cant|p1a: Ting-Lu|slp
|
|upkeep
|turn|23
|
|t:|1760379603
|switch|p1a: Amoonguss|Amoonguss, F, shiny|62/100
|-damage|p1a: Amoonguss|50/100|[from] Stealth Rock
|move|p2a: Ogerpon|Knock Off|p1a: Amoonguss
|-damage|p1a: Amoonguss|31/100
|
|upkeep
|turn|24
|
|t:|1760379623
|switch|p1a: Skarmory|Skarmory, F|72/100
|-damage|p1a: Skarmory|60/100|[from] Stealth Rock
|move|p2a: Ogerpon|U-turn|p1a: Skarmory
|-resisted|p1a: Skarmory
|-damage|p1a: Skarmory|56/100
|-damage|p2a: Ogerpon|47/100|[from] item: Rocky Helmet|[of] p1a: Skarmory
|
|t:|1760379628
|switch|p2a: Zapdos|Zapdos|100/100|[from] U-turn
|
|upkeep
|turn|25
|
|t:|1760379632
|move|p2a: Zapdos|U-turn|p1a: Skarmory
|-resisted|p1a: Skarmory
|-damage|p1a: Skarmory|54/100
|-damage|p2a: Zapdos|84/100|[from] item: Rocky Helmet|[of] p1a: Skarmory
|
|t:|1760379636
|switch|p2a: Great Tusk|Great Tusk|34/100|[from] U-turn
|move|p1a: Skarmory|Roost|p1a: Skarmory
|-heal|p1a: Skarmory|100/100
|-singleturn|p1a: Skarmory|move: Roost
|
|upkeep
|turn|26
|
|t:|1760379641
|-end|p2a: Great Tusk|Protosynthesis|[silent]
|switch|p2a: Zapdos|Zapdos|84/100
|move|p1a: Skarmory|Body Press|p2a: Zapdos
|-resisted|p2a: Zapdos
|-damage|p2a: Zapdos|73/100
|
|upkeep
|turn|27
|
|t:|1760379647
|switch|p1a: Ting-Lu|Ting-Lu|65/100 slp
|-ability|p1a: Ting-Lu|Vessel of Ruin
|move|p2a: Zapdos|U-turn|p1a: Ting-Lu
|-supereffective|p1a: Ting-Lu
|-damage|p1a: Ting-Lu|50/100 slp
|
|t:|1760379650
|switch|p2a: Ogerpon|Ogerpon-Wellspring, F|47/100|[from] U-turn
|-damage|p2a: Ogerpon|35/100|[from] Spikes
|
|upkeep
|turn|28
|
|t:|1760379655
|switch|p1a: Amoonguss|Amoonguss, F, shiny|64/100
|-damage|p1a: Amoonguss|52/100|[from] Stealth Rock
|move|p2a: Ogerpon|Ivy Cudgel|p1a: Amoonguss|[anim] Ivy Cudgel Water
|-resisted|p1a: Amoonguss
|-damage|p1a: Amoonguss|30/100
|
|upkeep
|turn|29
|
|t:|1760379662
|move|p2a: Ogerpon|U-turn|p1a: Amoonguss
|-damage|p1a: Amoonguss|8/100
|
|t:|1760379665
|switch|p2a: Great Tusk|Great Tusk|34/100|[from] U-turn
|move|p1a: Amoonguss|Giga Drain|p2a: Great Tusk
|-supereffective|p2a: Great Tusk
|-damage|p2a: Great Tusk|0 fnt
|-heal|p1a: Amoonguss|25/100|[from] drain|[of] p2a: Great Tusk
|faint|p2a: Great Tusk
|-end|p2a: Great Tusk|Protosynthesis|[silent]
|
|upkeep
|
|t:|1760379675
|switch|p2a: Gholdengo|Gholdengo|54/100
|-damage|p2a: Gholdengo|42/100|[from] Spikes
|turn|30
|
|t:|1760379688
|switch|p1a: Gliscor|Gliscor, F|63/100 tox
|-damage|p1a: Gliscor|50/100 tox|[from] Stealth Rock
|move|p2a: Gholdengo|Make It Rain|p1a: Gliscor
|-damage|p1a: Gliscor|0 fnt
|-unboost|p2a: Gholdengo|spa|1
|faint|p1a: Gliscor
|
|upkeep
|
|t:|1760379699
|switch|p1a: Ting-Lu|Ting-Lu|50/100 slp
|-ability|p1a: Ting-Lu|Vessel of Ruin
|turn|31
|
|t:|1760379703
|move|p2a: Gholdengo|Make It Rain|p1a: Ting-Lu
|-damage|p1a: Ting-Lu|22/100 slp
|-unboost|p2a: Gholdengo|spa|1
|cant|p1a: Ting-Lu|slp
|
|upkeep
|turn|32
|
|t:|1760379715
|move|p2a: Gholdengo|Make It Rain|p1a: Ting-Lu
|-damage|p1a: Ting-Lu|2/100 slp
|-unboost|p2a: Gholdengo|spa|1
|-curestatus|p1a: Ting-Lu|slp|[msg]
|move|p1a: Ting-Lu|Rest|p1a: Ting-Lu
|-status|p1a: Ting-Lu|slp|[from] move: Rest
|-heal|p1a: Ting-Lu|100/100 slp|[silent]
|
|upkeep
|turn|33
|
|t:|1760379719
|switch|p2a: Ogerpon|Ogerpon-Wellspring, F|35/100
|-damage|p2a: Ogerpon|22/100|[from] Spikes
|cant|p1a: Ting-Lu|slp
|
|upkeep
|turn|34
|
|t:|1760379725
|switch|p1a: Amoonguss|Amoonguss, F, shiny|58/100
|-damage|p1a: Amoonguss|45/100|[from] Stealth Rock
|move|p2a: Ogerpon|Horn Leech|p1a: Amoonguss
|-resisted|p1a: Amoonguss
|-damage|p1a: Amoonguss|37/100
|-heal|p2a: Ogerpon|29/100|[from] drain|[of] p1a: Amoonguss
|
|upkeep
|turn|35
|
|t:|1760379732
|move|p2a: Ogerpon|Ivy Cudgel|p1a: Amoonguss|[anim] Ivy Cudgel Water
|-resisted|p1a: Amoonguss
|-damage|p1a: Amoonguss|16/100
|move|p1a: Amoonguss|Foul Play|p2a: Ogerpon
|-damage|p2a: Ogerpon|0 fnt
|faint|p2a: Ogerpon
|
|upkeep
|inactive|bluecandynina has 120 seconds left.
|
|t:|1760379770
|switch|p2a: Ting-Lu|Ting-Lu|95/100
|-damage|p2a: Ting-Lu|83/100|[from] Spikes
|-ability|p2a: Ting-Lu|Vessel of Ruin
|turn|36
|
|t:|1760379780
|switch|p1a: Skarmory|Skarmory, F|100/100
|-damage|p1a: Skarmory|88/100|[from] Stealth Rock
|move|p2a: Ting-Lu|Whirlwind|p1a: Skarmory
|drag|p1a: Amoonguss|Amoonguss, F, shiny|49/100
|-damage|p1a: Amoonguss|37/100|[from] Stealth Rock
|
|upkeep
|turn|37
|
|t:|1760379788
|switch|p1a: Skarmory|Skarmory, F|88/100
|-damage|p1a: Skarmory|76/100|[from] Stealth Rock
|move|p2a: Ting-Lu|Earthquake|p1a: Skarmory
|-immune|p1a: Skarmory
|
|upkeep
|turn|38
|
|t:|1760379797
|move|p1a: Skarmory|Spikes|p2a: Ting-Lu
|-sidestart|p2: bluecandynina|Spikes
|move|p2a: Ting-Lu|Ruination|p1a: Skarmory
|-damage|p1a: Skarmory|38/100
|
|upkeep
|turn|39
|
|t:|1760379802
|move|p1a: Skarmory|Roost|p1a: Skarmory
|-heal|p1a: Skarmory|88/100
|-singleturn|p1a: Skarmory|move: Roost
|move|p2a: Ting-Lu|Whirlwind|p1a: Skarmory
|drag|p1a: Clefable|Clefable, M|100/100
|
|upkeep
|turn|40
|
|t:|1760379811
|switch|p2a: Gholdengo|Gholdengo|42/100
|-damage|p2a: Gholdengo|25/100|[from] Spikes
|move|p1a: Clefable|Knock Off|p2a: Gholdengo
|-supereffective|p2a: Gholdengo
|-damage|p2a: Gholdengo|0 fnt
|-enditem|p2a: Gholdengo|Choice Specs|[from] move: Knock Off|[of] p1a: Clefable
|faint|p2a: Gholdengo
|
|upkeep
|
|t:|1760379830
|switch|p2a: Zapdos|Zapdos|73/100
|turn|41
|
|t:|1760379836
|move|p2a: Zapdos|Discharge|p1a: Clefable
|-damage|p1a: Clefable|67/100
|-status|p1a: Clefable|par
|move|p1a: Clefable|Calm Mind|p1a: Clefable
|-boost|p1a: Clefable|spa|1
|-boost|p1a: Clefable|spd|1
|
|-heal|p1a: Clefable|73/100 par|[from] item: Leftovers
|upkeep
|turn|42
|
|t:|1760379843
|move|p2a: Zapdos|U-turn|p1a: Clefable
|-resisted|p1a: Clefable
|-damage|p1a: Clefable|68/100 par
|
|t:|1760379846
|switch|p2a: Ting-Lu|Ting-Lu|83/100|[from] U-turn
|-damage|p2a: Ting-Lu|66/100|[from] Spikes
|-ability|p2a: Ting-Lu|Vessel of Ruin
|move|p1a: Clefable|Moonblast|p2a: Ting-Lu
|-supereffective|p2a: Ting-Lu
|-damage|p2a: Ting-Lu|25/100
|
|-heal|p1a: Clefable|74/100 par|[from] item: Leftovers
|upkeep
|turn|43
|
|t:|1760379854
|move|p2a: Ting-Lu|Earthquake|p1a: Clefable
|-damage|p1a: Clefable|46/100 par
|move|p1a: Clefable|Moonblast|p2a: Ting-Lu
|-supereffective|p2a: Ting-Lu
|-damage|p2a: Ting-Lu|0 fnt
|faint|p2a: Ting-Lu
|
|-heal|p1a: Clefable|52/100 par|[from] item: Leftovers
|upkeep
|
|t:|1760379861
|switch|p2a: Dragonite|Dragonite, F|100/100
|turn|44
|
|t:|1760379865
|move|p2a: Dragonite|Dragon Dance|p2a: Dragonite
|-boost|p2a: Dragonite|atk|1
|-boost|p2a: Dragonite|spe|1
|move|p1a: Clefable|Moonblast|p2a: Dragonite
|-supereffective|p2a: Dragonite
|-damage|p2a: Dragonite|55/100
|-unboost|p2a: Dragonite|spa|1
|
|-heal|p1a: Clefable|58/100 par|[from] item: Leftovers
|upkeep
|turn|45
|
|t:|1760379868
|-terastallize|p2a: Dragonite|Normal
|move|p2a: Dragonite|Extreme Speed|p1a: Clefable
|-damage|p1a: Clefable|7/100 par
|move|p1a: Clefable|Moonblast|p2a: Dragonite
|-damage|p2a: Dragonite|9/100
|
|-heal|p1a: Clefable|13/100 par|[from] item: Leftovers
|upkeep
|turn|46
|
|t:|1760379873
|move|p2a: Dragonite|Dragon Dance|p2a: Dragonite
|-boost|p2a: Dragonite|atk|1
|-boost|p2a: Dragonite|spe|1
|move|p1a: Clefable|Moonblast|p2a: Dragonite
|-damage|p2a: Dragonite|0 fnt
|faint|p2a: Dragonite
|
|-heal|p1a: Clefable|19/100 par|[from] item: Leftovers
|upkeep
|-message|bluecandynina forfeited.
|
|win|Curbs
|raw|Curbs's rating: 1511 &rarr; <strong>1529</strong><br />(+18 for winning)
|raw|bluecandynina's rating: 1476 &rarr; <strong>1458</strong><br />(-18 for losing)
|l|☆bluecandynina
|player|p2|
|l|☆Curbs
|player|p1|
