|j|☆Willfredo867
|j|☆rimba racer tag
|t:|1760455759
|gametype|singles
|player|p1|Willfredo867|rosa|1076
|player|p2|rimba racer tag|265|1094
|gen|9
|tier|[Gen 9] OU
|rated|
|rule|HP Percentage Mod: HP is shown in percentages
|rule|Endless Battle Clause: Forcing endless battles is banned
|rule|Species Clause: Limit one of each Pokémon
|rule|OHKO Clause: OHKO moves are banned
|rule|Evasion Items Clause: Evasion items are banned
|rule|Evasion Moves Clause: Evasion moves are banned
|rule|Evasion Abilities Clause: Evasion abilities are banned
|rule|Sleep Moves Clause: Sleep-inducing moves are banned
|clearpoke
|poke|p1|Raging Bolt|
|poke|p1|Garganacl, F|
|poke|p1|Ninetales-Alola, F|
|poke|p1|Deoxys-Speed|
|poke|p1|Dragapult, M|
|poke|p1|Corviknight, M|
|poke|p2|Duraludon, M|
|poke|p2|Gengar, F|
|poke|p2|Darkrai|
|poke|p2|Infernape, M|
|poke|p2|Samurott-Hisui, F|
|poke|p2|Cinderace, F|
|teampreview
|
|t:|1760455769
|teamsize|p1|6
|teamsize|p2|6
|start
|switch|p1a: PcVirus|Deoxys-Speed, shiny|100/100
|switch|p2a: Gengar|Gengar, F|100/100
|-ability|p1a: PcVirus|Pressure
|turn|1
|l|☆Willfredo867
|player|p1|
|j|☆Willfredo867
|player|p1|Willfredo867|rosa|
|
|t:|1760455812
|move|p1a: PcVirus|Taunt|p2a: Gengar
|-start|p2a: Gengar|move: Taunt
|cant|p2a: Gengar|move: Taunt|Toxic Spikes
|
|upkeep
|turn|2
|
|t:|1760455822
|switch|p2a: Darkrai|Darkrai|100/100
|move|p1a: PcVirus|Stealth Rock|p2a: Darkrai
|-sidestart|p2: rimba racer tag|move: Stealth Rock
|
|upkeep
|turn|3
|
|t:|1760455834
|-terastallize|p1a: PcVirus|Fighting
|move|p1a: PcVirus|Spikes|p2a: Darkrai
|-sidestart|p2: rimba racer tag|Spikes
|move|p2a: Darkrai|Shadow Ball|p1a: PcVirus
|-damage|p1a: PcVirus|69/100
|
|upkeep
|turn|4
|
|t:|1760455847
|switch|p2a: Gengar|Gengar, F|100/100
|-damage|p2a: Gengar|88/100|[from] Stealth Rock
|-damage|p2a: Gengar|76/100|[from] Spikes
|move|p1a: PcVirus|Spikes|p2a: Gengar
|-sidestart|p2: rimba racer tag|Spikes
|
|upkeep
|turn|5
|
|t:|1760455855
|move|p1a: PcVirus|Taunt|p2a: Gengar
|-start|p2a: Gengar|move: Taunt
|cant|p2a: Gengar|move: Taunt|Toxic Spikes
|
|upkeep
|turn|6
|
|t:|1760455860
|move|p1a: PcVirus|Spikes|p2a: Gengar
|-sidestart|p2: rimba racer tag|Spikes
|move|p2a: Gengar|Shadow Ball|p1a: PcVirus
|-damage|p1a: PcVirus|16/100
|
|upkeep
|turn|7
|
|t:|1760455872
|switch|p1a: Salty|Garganacl, F|100/100
|move|p2a: Gengar|Hex|p1a: Salty
|-damage|p1a: Salty|85/100
|
|-heal|p1a: Salty|91/100|[from] item: Leftovers
|-end|p2a: Gengar|move: Taunt
|upkeep
|turn|8
|
|t:|1760455886
|move|p2a: Gengar|Toxic Spikes|p1a: Salty
|-sidestart|p1: Willfredo867|move: Toxic Spikes
|move|p1a: Salty|Earthquake|p2a: Gengar
|-supereffective|p2a: Gengar
|-damage|p2a: Gengar|0 fnt
|faint|p2a: Gengar
|
|-heal|p1a: Salty|97/100|[from] item: Leftovers
|upkeep
|
|t:|1760455895
|switch|p2a: Samurott|Samurott-Hisui, F|100/100
|-damage|p2a: Samurott|88/100|[from] Stealth Rock
|-damage|p2a: Samurott|63/100|[from] Spikes
|turn|9
|
|t:|1760455904
|move|p2a: Samurott|Hydro Pump|p1a: Salty
|-supereffective|p1a: Salty
|-damage|p1a: Salty|15/100
|-heal|p2a: Samurott|75/100|[from] item: Shell Bell|[of] p1a: Salty
|move|p1a: Salty|Curse|p1a: Salty
|-unboost|p1a: Salty|spe|1
|-boost|p1a: Salty|atk|1
|-boost|p1a: Salty|def|1
|
|-heal|p1a: Salty|22/100|[from] item: Leftovers
|upkeep
|turn|10
|
|t:|1760455922
|switch|p1a: Tales|Ninetales-Alola, F, shiny|100/100
|-status|p1a: Tales|psn
|-weather|Snowscape|[from] ability: Snow Warning|[of] p1a: Tales
|move|p2a: Samurott|Razor Shell|p1a: Tales
|-damage|p1a: Tales|75/100 psn
|-unboost|p1a: Tales|def|1
|-heal|p2a: Samurott|78/100|[from] item: Shell Bell|[of] p1a: Tales
|
|-weather|Snowscape|[upkeep]
|-damage|p1a: Tales|63/100 psn|[from] psn
|upkeep
|turn|11
|
|t:|1760455936
|move|p1a: Tales|Aurora Veil|p1a: Tales
|-sidestart|p1: Willfredo867|move: Aurora Veil
|move|p2a: Samurott|Brick Break|p1a: Tales
|-sideend|p1: Willfredo867|move: Aurora Veil
|-damage|p1a: Tales|38/100 psn
|-heal|p2a: Samurott|82/100|[from] item: Shell Bell|[of] p1a: Tales
|
|-weather|Snowscape|[upkeep]
|-damage|p1a: Tales|26/100 psn|[from] psn
|upkeep
|turn|12
|
|t:|1760455947
|move|p1a: Tales|Encore|p2a: Samurott
|-start|p2a: Samurott|Encore
|move|p2a: Samurott|Brick Break|p1a: Tales
|-damage|p1a: Tales|0 fnt
|faint|p1a: Tales
|-heal|p2a: Samurott|85/100|[from] item: Shell Bell|[of] p1: Tales
|
|-weather|Snowscape|[upkeep]
|upkeep
|
|t:|1760455961
|switch|p1a: F-22|Dragapult, M|100/100
|turn|13
|
|t:|1760455966
|switch|p2a: Darkrai|Darkrai|100/100
|-damage|p2a: Darkrai|88/100|[from] Stealth Rock
|-damage|p2a: Darkrai|63/100|[from] Spikes
|move|p1a: F-22|Will-O-Wisp|p2a: Darkrai
|-status|p2a: Darkrai|brn
|
|-weather|Snowscape|[upkeep]
|-damage|p2a: Darkrai|57/100 brn|[from] brn
|upkeep
|turn|14
|-activate|p2a: Darkrai|item: Quick Claw
|
|t:|1760455980
|move|p2a: Darkrai|Shadow Ball|p1a: F-22
|-supereffective|p1a: F-22
|-damage|p1a: F-22|25/100
|move|p1a: F-22|U-turn|p2a: Darkrai
|-supereffective|p2a: Darkrai
|-damage|p2a: Darkrai|10/100 brn
|
|t:|1760455987
|switch|p1a: PcVirus|Deoxys-Speed, shiny, tera:Fighting|16/100|[from] U-turn
|-status|p1a: PcVirus|psn
|-ability|p1a: PcVirus|Pressure
|
|-weather|none
|-damage|p1a: PcVirus|4/100 psn|[from] psn
|-damage|p2a: Darkrai|4/100 brn|[from] brn
|upkeep
|turn|15
|-activate|p2a: Darkrai|item: Quick Claw
|
|t:|1760455998
|move|p1a: PcVirus|Extreme Speed|p2a: Darkrai
|-damage|p2a: Darkrai|0 fnt
|faint|p2a: Darkrai
|
|-damage|p1a: PcVirus|0 fnt|[from] psn
|faint|p1a: PcVirus
|upkeep
|
|t:|1760456009
|switch|p1a: Crow|Corviknight, M|100/100
|switch|p2a: Duraludon|Duraludon, M|100/100
|-damage|p2a: Duraludon|95/100|[from] Stealth Rock
|-damage|p2a: Duraludon|70/100|[from] Spikes
|-ability|p1a: Crow|Pressure
|turn|16
|
|t:|1760456022
|move|p2a: Duraludon|Stealth Rock|p1a: Crow
|-sidestart|p1: Willfredo867|move: Stealth Rock
|move|p1a: Crow|Iron Defense|p1a: Crow
|-boost|p1a: Crow|def|2
|
|upkeep
|turn|17
|
|t:|1760456033
|switch|p1a: F-22|Dragapult, M|25/100
|move|p2a: Duraludon|Iron Defense|p2a: Duraludon
|-boost|p2a: Duraludon|def|2
|
|upkeep
|turn|18
|
|t:|1760456040
|move|p1a: F-22|Will-O-Wisp|p2a: Duraludon|[miss]
|-miss|p1a: F-22|p2a: Duraludon
|move|p2a: Duraludon|Dragon Pulse|p1a: F-22
|-supereffective|p1a: F-22
|-damage|p1a: F-22|0 fnt
|faint|p1a: F-22
|
|upkeep
|
|t:|1760456047
|switch|p1a: Zipizopi|Raging Bolt|100/100
|-status|p1a: Zipizopi|psn
|-damage|p1a: Zipizopi|88/100 psn|[from] Stealth Rock
|-enditem|p1a: Zipizopi|Booster Energy
|-activate|p1a: Zipizopi|ability: Protosynthesis|[fromitem]
|-start|p1a: Zipizopi|protosynthesisspa
|turn|19
|
|t:|1760456056
|move|p2a: Duraludon|Dragon Pulse|p1a: Zipizopi
|-supereffective|p1a: Zipizopi
|-damage|p1a: Zipizopi|34/100 psn
|move|p1a: Zipizopi|Dragon Pulse|p2a: Duraludon
|-damage|p2a: Duraludon|0 fnt
|faint|p2a: Duraludon
|
|-damage|p1a: Zipizopi|22/100 psn|[from] psn
|upkeep
|
|t:|1760456067
|switch|p2a: Samurott|Samurott-Hisui, F|85/100
|-damage|p2a: Samurott|73/100|[from] Stealth Rock
|-damage|p2a: Samurott|48/100|[from] Spikes
|turn|20
|
|t:|1760456077
|move|p1a: Zipizopi|Thunderclap|p2a: Samurott
|-supereffective|p2a: Samurott
|-damage|p2a: Samurott|0 fnt
|faint|p2a: Samurott
|
|-damage|p1a: Zipizopi|9/100 psn|[from] psn
|upkeep
|
|t:|1760456084
|switch|p2a: Infernape|Infernape, M|100/100
|turn|21
|l|☆Willfredo867
|player|p1|
|j|☆Willfredo867
|player|p1|Willfredo867|rosa|
|
|t:|1760456111
|move|p2a: Infernape|Mach Punch|p1a: Zipizopi
|-damage|p1a: Zipizopi|0 fnt
|faint|p1a: Zipizopi
|-end|p1a: Zipizopi|Protosynthesis|[silent]
|
|upkeep
|
|t:|1760456115
|switch|p1a: Crow|Corviknight, M|100/100
|-damage|p1a: Crow|88/100|[from] Stealth Rock
|-ability|p1a: Crow|Pressure
|turn|22
|
|t:|1760456130
|-terastallize|p2a: Infernape|Fire
|move|p2a: Infernape|Flame Wheel|p1a: Crow
|-supereffective|p1a: Crow
|-damage|p1a: Crow|42/100
|-damage|p2a: Infernape|84/100|[from] item: Rocky Helmet|[of] p1a: Crow
|move|p1a: Crow|Defog|p2a: Infernape
|-unboost|p2a: Infernape|evasion|1
|-sideend|p2: rimba racer tag|Spikes|[from] move: Defog|[of] p1a: Crow
|-sideend|p2: rimba racer tag|Stealth Rock|[from] move: Defog|[of] p1a: Crow
|-sideend|p1: Willfredo867|Toxic Spikes|[from] move: Defog|[of] p1a: Crow
|-sideend|p1: Willfredo867|Stealth Rock|[from] move: Defog|[of] p1a: Crow
|
|upkeep
|turn|23
|
|t:|1760456144
|switch|p1a: Salty|Garganacl, F|22/100
|move|p2a: Infernape|Flame Wheel|p1a: Salty
|-resisted|p1a: Salty
|-damage|p1a: Salty|13/100
|
|-heal|p1a: Salty|20/100|[from] item: Leftovers
|upkeep
|turn|24
|
|t:|1760456153
|move|p2a: Infernape|Mach Punch|p1a: Salty
|-supereffective|p1a: Salty
|-damage|p1a: Salty|4/100
|move|p1a: Salty|Recover|p1a: Salty
|-heal|p1a: Salty|54/100
|
|-heal|p1a: Salty|60/100|[from] item: Leftovers
|upkeep
|turn|25
|
|t:|1760456162
|move|p2a: Infernape|Close Combat|p1a: Salty
|-supereffective|p1a: Salty
|-crit|p1a: Salty
|-damage|p1a: Salty|0 fnt
|-unboost|p2a: Infernape|def|1
|-unboost|p2a: Infernape|spd|1
|faint|p1a: Salty
|
|upkeep
|
|t:|1760456167
|switch|p1a: Crow|Corviknight, M|42/100
|-ability|p1a: Crow|Pressure
|turn|26
|
|t:|1760456173
|move|p2a: Infernape|Flame Wheel|p1a: Crow
|-supereffective|p1a: Crow
|-damage|p1a: Crow|0 fnt
|-damage|p2a: Infernape|67/100|[from] item: Rocky Helmet|[of] p1a: Crow
|faint|p1a: Crow
|
|win|rimba racer tag
|raw|Willfredo867's rating: 1076 &rarr; <strong>1056</strong><br />(-20 for losing)
|raw|rimba racer tag's rating: 1094 &rarr; <strong>1119</strong><br />(+25 for winning)
|l|☆Willfredo867
|player|p1|
