|j|☆XX420STALLGOD69XX
|j|☆potayo
|t:|1760328052
|gametype|singles
|player|p1|XX420STALLGOD69XX|102|1658
|player|p2|potayo|clerk|1666
|gen|9
|tier|[Gen 9] OU
|rated|
|rule|HP Percentage Mod: HP is shown in percentages
|rule|Endless Battle Clause: Forcing endless battles is banned
|rule|Species Clause: Limit one of each Pokémon
|rule|OHKO Clause: OHKO moves are banned
|rule|Evasion Items Clause: Evasion items are banned
|rule|Evasion Moves Clause: Evasion moves are banned
|rule|Evasion Abilities Clause: Evasion abilities are banned
|rule|Sleep Moves Clause: Sleep-inducing moves are banned
|clearpoke
|poke|p1|Rotom-Wash|
|poke|p1|Meowscarada, F|
|poke|p1|Great Tusk|
|poke|p1|Gholdengo|
|poke|p1|Dragonite, M|
|poke|p1|Iron Valiant|
|poke|p2|Hoopa-Unbound|
|poke|p2|Thundurus, M|
|poke|p2|Revavroom, M|
|poke|p2|Kommo-o, M|
|poke|p2|Iron Hands|
|poke|p2|Indeedee, M|
|teampreview
|inactive|Battle timer is ON: inactive players will automatically lose when time's up. (requested by XX420STALLGOD69XX)
|
|t:|1760328062
|teamsize|p1|6
|teamsize|p2|6
|start
|switch|p1a: Meowscarada|Meowscarada, F|100/100
|switch|p2a: Iron Hands|Iron Hands|100/100
|turn|1
|
|t:|1760328067
|move|p1a: Meowscarada|Spikes|p2a: Iron Hands
|-sidestart|p2: potayo|Spikes
|move|p2a: Iron Hands|Drain Punch|p1a: Meowscarada
|-supereffective|p1a: Meowscarada
|-enditem|p1a: Meowscarada|Focus Sash
|-damage|p1a: Meowscarada|1/100
|
|upkeep
|turn|2
|
|t:|1760328072
|move|p1a: Meowscarada|Leaf Storm|p2a: Iron Hands
|-damage|p2a: Iron Hands|64/100
|-unboost|p1a: Meowscarada|spa|2
|move|p2a: Iron Hands|Volt Switch|p1a: Meowscarada
|-resisted|p1a: Meowscarada
|-damage|p1a: Meowscarada|0 fnt
|faint|p1a: Meowscarada
|
|t:|1760328084
|-end|p2a: Iron Hands|Quark Drive|[silent]
|switch|p2a: Revavroom|Revavroom, M|100/100|[from] Volt Switch
|-item|p2a: Revavroom|Air Balloon
|
|upkeep
|
|t:|1760328106
|switch|p1a: Great Tusk|Great Tusk|100/100
|-enditem|p1a: Great Tusk|Booster Energy
|-activate|p1a: Great Tusk|ability: Protosynthesis|[fromitem]
|-start|p1a: Great Tusk|protosynthesisatk
|turn|3
|
|t:|1760328112
|move|p1a: Great Tusk|Rapid Spin|p2a: Revavroom
|-resisted|p2a: Revavroom
|-damage|p2a: Revavroom|88/100
|-boost|p1a: Great Tusk|spe|1
|-enditem|p2a: Revavroom|Air Balloon
|move|p2a: Revavroom|Shift Gear|p2a: Revavroom
|-boost|p2a: Revavroom|spe|2
|-boost|p2a: Revavroom|atk|1
|
|upkeep
|turn|4
|
|t:|1760328116
|move|p1a: Great Tusk|Headlong Rush|p2a: Revavroom
|-supereffective|p2a: Revavroom
|-damage|p2a: Revavroom|0 fnt
|-unboost|p1a: Great Tusk|def|1
|-unboost|p1a: Great Tusk|spd|1
|faint|p2a: Revavroom
|
|upkeep
|
|t:|1760328127
|switch|p2a: Kommo-o|Kommo-o, M|100/100
|-damage|p2a: Kommo-o|88/100|[from] Spikes
|turn|5
|
|t:|1760328134
|move|p1a: Great Tusk|Headlong Rush|p2a: Kommo-o
|-damage|p2a: Kommo-o|9/100
|-unboost|p1a: Great Tusk|def|1
|-unboost|p1a: Great Tusk|spd|1
|move|p2a: Kommo-o|Boomburst|p1a: Great Tusk
|-damage|p1a: Great Tusk|0 fnt
|faint|p1a: Great Tusk
|-end|p1a: Great Tusk|Protosynthesis|[silent]
|
|upkeep
|
|t:|1760328152
|switch|p1a: Rotom|Rotom-Wash|100/100
|turn|6
|
|t:|1760328155
|move|p2a: Kommo-o|Rest|p2a: Kommo-o
|-status|p2a: Kommo-o|slp|[from] move: Rest
|-heal|p2a: Kommo-o|100/100 slp|[silent]
|-enditem|p2a: Kommo-o|Chesto Berry|[eat]
|-curestatus|p2a: Kommo-o|slp|[msg]
|move|p1a: Rotom|Volt Switch|p2a: Kommo-o
|-resisted|p2a: Kommo-o
|-damage|p2a: Kommo-o|87/100
|
|t:|1760328162
|switch|p1a: Iron Valiant|Iron Valiant|100/100|[from] Volt Switch
|-enditem|p1a: Iron Valiant|Booster Energy
|-activate|p1a: Iron Valiant|ability: Quark Drive|[fromitem]
|-start|p1a: Iron Valiant|quarkdrivespe
|
|upkeep
|turn|7
|
|t:|1760328168
|move|p1a: Iron Valiant|Calm Mind|p1a: Iron Valiant
|-boost|p1a: Iron Valiant|spa|1
|-boost|p1a: Iron Valiant|spd|1
|move|p2a: Kommo-o|Clangorous Soul|p2a: Kommo-o
|-boost|p2a: Kommo-o|atk|1
|-boost|p2a: Kommo-o|def|1
|-boost|p2a: Kommo-o|spa|1
|-boost|p2a: Kommo-o|spd|1
|-boost|p2a: Kommo-o|spe|1
|-damage|p2a: Kommo-o|54/100
|
|upkeep
|turn|8
|
|t:|1760328172
|move|p1a: Iron Valiant|Moonblast|p2a: Kommo-o
|-supereffective|p2a: Kommo-o
|-damage|p2a: Kommo-o|0 fnt
|faint|p2a: Kommo-o
|
|upkeep
|
|t:|1760328177
|switch|p2a: Hoopa|Hoopa-Unbound|100/100
|-damage|p2a: Hoopa|88/100|[from] Spikes
|turn|9
|
|t:|1760328182
|move|p1a: Iron Valiant|Moonblast|p2a: Hoopa
|-supereffective|p2a: Hoopa
|-damage|p2a: Hoopa|5/100
|-unboost|p2a: Hoopa|spa|1
|move|p2a: Hoopa|Psychic Noise|p1a: Iron Valiant
|-supereffective|p1a: Iron Valiant
|-damage|p1a: Iron Valiant|34/100
|-start|p1a: Iron Valiant|move: Heal Block
|
|-heal|p2a: Hoopa|11/100|[from] item: Leftovers
|upkeep
|turn|10
|
|t:|1760328191
|move|p1a: Iron Valiant|Moonblast|p2a: Hoopa
|-supereffective|p2a: Hoopa
|-damage|p2a: Hoopa|0 fnt
|faint|p2a: Hoopa
|
|-end|p1a: Iron Valiant|move: Heal Block
|upkeep
|
|t:|1760328198
|switch|p2a: Thundurus|Thundurus, M|100/100
|turn|11
|
|t:|1760328201
|move|p1a: Iron Valiant|Moonblast|p2a: Thundurus
|-damage|p2a: Thundurus|47/100
|move|p2a: Thundurus|Acrobatics|p1a: Iron Valiant
|-supereffective|p1a: Iron Valiant
|-damage|p1a: Iron Valiant|0 fnt
|faint|p1a: Iron Valiant
|-end|p1a: Iron Valiant|Quark Drive|[silent]
|
|upkeep
|
|t:|1760328208
|switch|p1a: Rotom|Rotom-Wash|100/100
|turn|12
|
|t:|1760328211
|switch|p2a: Iron Hands|Iron Hands|64/100
|-damage|p2a: Iron Hands|52/100|[from] Spikes
|move|p1a: Rotom|Nasty Plot|p1a: Rotom
|-boost|p1a: Rotom|spa|2
|
|upkeep
|turn|13
|
|t:|1760328217
|move|p1a: Rotom|Nasty Plot|p1a: Rotom
|-boost|p1a: Rotom|spa|2
|move|p2a: Iron Hands|Drain Punch|p1a: Rotom
|-damage|p1a: Rotom|56/100
|-heal|p2a: Iron Hands|67/100|[from] drain|[of] p1a: Rotom
|
|-heal|p1a: Rotom|62/100|[from] item: Leftovers
|upkeep
|turn|14
|
|t:|1760328221
|move|p1a: Rotom|Hydro Pump|p2a: Iron Hands
|-damage|p2a: Iron Hands|6/100
|move|p2a: Iron Hands|Volt Switch|p1a: Rotom
|-damage|p1a: Rotom|50/100
|
|t:|1760328224
|-end|p2a: Iron Hands|Quark Drive|[silent]
|switch|p2a: Indeedee|Indeedee, M|100/100|[from] Volt Switch
|-damage|p2a: Indeedee|88/100|[from] Spikes
|-fieldstart|move: Psychic Terrain|[from] ability: Psychic Surge|[of] p2a: Indeedee
|
|-heal|p1a: Rotom|56/100|[from] item: Leftovers
|upkeep
|turn|15
|
|t:|1760328230
|move|p2a: Indeedee|Expanding Force|p1a: Rotom
|-damage|p1a: Rotom|0 fnt
|faint|p1a: Rotom
|
|upkeep
|
|t:|1760328241
|switch|p1a: Gholdengo|Gholdengo|100/100
|-item|p1a: Gholdengo|Air Balloon
|turn|16
|
|t:|1760328245
|move|p2a: Indeedee|Expanding Force|p1a: Gholdengo
|-resisted|p1a: Gholdengo
|-damage|p1a: Gholdengo|61/100
|-enditem|p1a: Gholdengo|Air Balloon
|move|p1a: Gholdengo|Thunder Wave|p2a: Indeedee
|-status|p2a: Indeedee|par
|
|upkeep
|turn|17
|
|t:|1760328253
|switch|p2a: Iron Hands|Iron Hands|6/100
|-damage|p2a: Iron Hands|0 fnt|[from] Spikes
|faint|p2a: Iron Hands
|-end|p2a: Iron Hands|Quark Drive|[silent]
|move|p1a: Gholdengo|Recover|p1a: Gholdengo
|-heal|p1a: Gholdengo|100/100
|
|upkeep
|
|t:|1760328259
|switch|p2a: Thundurus|Thundurus, M|47/100
|-enditem|p2a: Thundurus|Psychic Seed
|-boost|p2a: Thundurus|spd|1|[from] item: Psychic Seed
|turn|18
|
|t:|1760328262
|move|p2a: Thundurus|Bulk Up|p2a: Thundurus
|-boost|p2a: Thundurus|atk|1
|-boost|p2a: Thundurus|def|1
|move|p1a: Gholdengo|Hex|p2a: Thundurus
|-damage|p2a: Thundurus|33/100
|
|-fieldend|move: Psychic Terrain
|upkeep
|turn|19
|
|t:|1760328270
|move|p2a: Thundurus|Bulk Up|p2a: Thundurus
|-boost|p2a: Thundurus|atk|1
|-boost|p2a: Thundurus|def|1
|move|p1a: Gholdengo|Hex|p2a: Thundurus
|-damage|p2a: Thundurus|18/100
|
|upkeep
|turn|20
|
|t:|1760328282
|move|p2a: Thundurus|Rest|p2a: Thundurus
|-status|p2a: Thundurus|slp|[from] move: Rest
|-heal|p2a: Thundurus|100/100 slp|[silent]
|move|p1a: Gholdengo|Hex|p2a: Thundurus
|-damage|p2a: Thundurus|71/100 slp
|
|upkeep
|turn|21
|
|t:|1760328288
|switch|p1a: Dragonite|Dragonite, M|100/100
|cant|p2a: Thundurus|slp
|move|p2a: Thundurus|Sleep Talk|p2a: Thundurus
|move|p2a: Thundurus|Rest||[from] move: Sleep Talk|[still]
|-fail|p2a: Thundurus
|
|upkeep
|turn|22
|
|t:|1760328293
|cant|p2a: Thundurus|slp
|move|p2a: Thundurus|Sleep Talk|p2a: Thundurus
|move|p2a: Thundurus|Rest||[from] move: Sleep Talk|[still]
|-fail|p2a: Thundurus
|move|p1a: Dragonite|Dragon Dance|p1a: Dragonite
|-boost|p1a: Dragonite|atk|1
|-boost|p1a: Dragonite|spe|1
|
|upkeep
|turn|23
|
|t:|1760328304
|-terastallize|p1a: Dragonite|Fire
|move|p1a: Dragonite|Fire Punch|p2a: Thundurus
|-damage|p2a: Thundurus|30/100 slp
|-curestatus|p2a: Thundurus|slp|[msg]
|move|p2a: Thundurus|Acrobatics|p1a: Dragonite
|-damage|p1a: Dragonite|52/100
|
|upkeep
|turn|24
|
|t:|1760328320
|move|p2a: Thundurus|Rest|p2a: Thundurus
|-status|p2a: Thundurus|slp|[from] move: Rest
|-heal|p2a: Thundurus|100/100 slp|[silent]
|move|p1a: Dragonite|Fire Punch|p2a: Thundurus
|-damage|p2a: Thundurus|57/100 slp
|
|upkeep
|turn|25
|
|t:|1760328329
|cant|p2a: Thundurus|slp
|move|p2a: Thundurus|Sleep Talk|p2a: Thundurus
|move|p2a: Thundurus|Bulk Up|p2a: Thundurus|[from] move: Sleep Talk
|-boost|p2a: Thundurus|atk|1
|-boost|p2a: Thundurus|def|1
|move|p1a: Dragonite|Scale Shot|p2a: Thundurus
|-damage|p2a: Thundurus|45/100 slp
|-damage|p2a: Thundurus|33/100 slp
|-damage|p2a: Thundurus|21/100 slp
|-damage|p2a: Thundurus|11/100 slp
|-damage|p2a: Thundurus|0 fnt
|faint|p2a: Thundurus
|-hitcount|p2: Thundurus|5
|-unboost|p1a: Dragonite|def|1
|-boost|p1a: Dragonite|spe|1
|
|upkeep
|
|t:|1760328332
|switch|p2a: Indeedee|Indeedee, M|88/100 par
|-damage|p2a: Indeedee|76/100 par|[from] Spikes
|-fieldstart|move: Psychic Terrain|[from] ability: Psychic Surge|[of] p2a: Indeedee
|turn|26
|
|t:|1760328334
|move|p1a: Dragonite|Fire Punch|p2a: Indeedee
|-damage|p2a: Indeedee|0 fnt
|faint|p2a: Indeedee
|
|win|XX420STALLGOD69XX
|raw|XX420STALLGOD69XX's rating: 1658 &rarr; <strong>1678</strong><br />(+20 for winning)
|raw|potayo's rating: 1666 &rarr; <strong>1646</strong><br />(-20 for losing)
|l|☆potayo
|player|p2|
|l|☆XX420STALLGOD69XX
|player|p1|
