|j|☆Koveted
|j|☆slichez
|t:|1760328860
|gametype|singles
|player|p1|Koveted|cynthia-gen4|1116
|player|p2|slichez|102|1098
|gen|9
|tier|[Gen 9] OU
|rated|
|rule|HP Percentage Mod: HP is shown in percentages
|rule|Endless Battle Clause: Forcing endless battles is banned
|rule|Species Clause: Limit one of each Pokémon
|rule|OHKO Clause: OHKO moves are banned
|rule|Evasion Items Clause: Evasion items are banned
|rule|Evasion Moves Clause: Evasion moves are banned
|rule|Evasion Abilities Clause: Evasion abilities are banned
|rule|Sleep Moves Clause: Sleep-inducing moves are banned
|clearpoke
|poke|p1|Garchomp, M|
|poke|p1|Spiritomb, M|
|poke|p1|Milotic, M|
|poke|p1|Lucario, F|
|poke|p1|Gastrodon, M|
|poke|p1|Cyclizar, M|
|poke|p2|Slowking-Galar, F|
|poke|p2|Alomomola, F|
|poke|p2|Kingambit, M|
|poke|p2|Pecharunt|
|poke|p2|Raging Bolt|
|poke|p2|Landorus-Therian, M|
|teampreview
|inactive|Battle timer is ON: inactive players will automatically lose when time's up. (requested by Koveted)
|
|t:|1760328873
|teamsize|p1|6
|teamsize|p2|6
|start
|switch|p1a: Spiritomb|Spiritomb, M|100/100
|switch|p2a: Landorus|Landorus-Therian, M|100/100
|-ability|p2a: Landorus|Intimidate|boost
|-unboost|p1a: Spiritomb|atk|1
|turn|1
|
|t:|1760328880
|move|p2a: Landorus|Taunt|p1a: Spiritomb
|-start|p1a: Spiritomb|move: Taunt
|cant|p1a: Spiritomb|move: Taunt|Will-O-Wisp
|
|upkeep
|turn|2
|
|t:|1760328886
|move|p2a: Landorus|Stealth Rock|p1a: Spiritomb
|-sidestart|p1: Koveted|move: Stealth Rock
|move|p1a: Spiritomb|Hex|p2a: Landorus
|-damage|p2a: Landorus|78/100
|
|upkeep
|turn|3
|
|t:|1760328900
|move|p2a: Landorus|Earth Power|p1a: Spiritomb
|-damage|p1a: Spiritomb|77/100
|move|p1a: Spiritomb|Hex|p2a: Landorus
|-crit|p2a: Landorus
|-damage|p2a: Landorus|47/100
|
|-heal|p1a: Spiritomb|83/100|[from] item: Leftovers
|-end|p1a: Spiritomb|move: Taunt
|upkeep
|turn|4
|
|t:|1760328907
|move|p2a: Landorus|U-turn|p1a: Spiritomb
|-damage|p1a: Spiritomb|62/100
|
|t:|1760328925
|switch|p2a: Kingambit|Kingambit, M|100/100|[from] U-turn
|move|p1a: Spiritomb|Will-O-Wisp|p2a: Kingambit
|-status|p2a: Kingambit|brn
|
|-heal|p1a: Spiritomb|67/100|[from] item: Leftovers
|-damage|p2a: Kingambit|94/100 brn|[from] brn
|upkeep
|turn|5
|
|t:|1760328937
|move|p2a: Kingambit|Kowtow Cleave|p1a: Spiritomb
|-damage|p1a: Spiritomb|43/100
|move|p1a: Spiritomb|Hex|p2a: Kingambit
|-resisted|p2a: Kingambit
|-damage|p2a: Kingambit|71/100 brn
|
|-heal|p2a: Kingambit|77/100 brn|[from] item: Leftovers
|-heal|p1a: Spiritomb|49/100|[from] item: Leftovers
|-damage|p2a: Kingambit|71/100 brn|[from] brn
|upkeep
|turn|6
|
|t:|1760328947
|move|p2a: Kingambit|Kowtow Cleave|p1a: Spiritomb
|-damage|p1a: Spiritomb|25/100
|move|p1a: Spiritomb|Hex|p2a: Kingambit
|-resisted|p2a: Kingambit
|-damage|p2a: Kingambit|46/100 brn
|
|-heal|p2a: Kingambit|52/100 brn|[from] item: Leftovers
|-heal|p1a: Spiritomb|31/100|[from] item: Leftovers
|-damage|p2a: Kingambit|46/100 brn|[from] brn
|upkeep
|turn|7
|
|t:|1760328960
|move|p2a: Kingambit|Kowtow Cleave|p1a: Spiritomb
|-damage|p1a: Spiritomb|6/100
|move|p1a: Spiritomb|Hex|p2a: Kingambit
|-resisted|p2a: Kingambit
|-damage|p2a: Kingambit|23/100 brn
|
|-heal|p2a: Kingambit|29/100 brn|[from] item: Leftovers
|-heal|p1a: Spiritomb|12/100|[from] item: Leftovers
|-damage|p2a: Kingambit|23/100 brn|[from] brn
|upkeep
|turn|8
|
|t:|1760328964
|move|p2a: Kingambit|Sucker Punch|p1a: Spiritomb
|-damage|p1a: Spiritomb|0 fnt
|faint|p1a: Spiritomb
|
|-heal|p2a: Kingambit|29/100 brn|[from] item: Leftovers
|-damage|p2a: Kingambit|23/100 brn|[from] brn
|upkeep
|
|t:|1760328968
|switch|p1a: Cyclizar|Cyclizar, M|100/100
|turn|9
|
|t:|1760328973
|move|p1a: Cyclizar|Rapid Spin|p2a: Kingambit
|-resisted|p2a: Kingambit
|-damage|p2a: Kingambit|14/100 brn
|-boost|p1a: Cyclizar|spe|1
|-sideend|p1: Koveted|Stealth Rock|[from] move: Rapid Spin|[of] p1a: Cyclizar
|move|p2a: Kingambit|Iron Head|p1a: Cyclizar
|-damage|p1a: Cyclizar|58/100
|
|-heal|p2a: Kingambit|20/100 brn|[from] item: Leftovers
|-damage|p2a: Kingambit|14/100 brn|[from] brn
|upkeep
|turn|10
|
|t:|1760328996
|switch|p1a: Milotic|Milotic, M|100/100
|move|p2a: Kingambit|Kowtow Cleave|p1a: Milotic
|-damage|p1a: Milotic|66/100
|
|-heal|p1a: Milotic|72/100|[from] item: Leftovers
|-heal|p2a: Kingambit|20/100 brn|[from] item: Leftovers
|-damage|p2a: Kingambit|14/100 brn|[from] brn
|upkeep
|turn|11
|
|t:|1760329002
|move|p1a: Milotic|Surf|p2a: Kingambit
|-crit|p2a: Kingambit
|-damage|p2a: Kingambit|0 fnt
|faint|p2a: Kingambit
|-end|p2a: Kingambit|fallenundefined|[silent]
|
|-heal|p1a: Milotic|78/100|[from] item: Leftovers
|upkeep
|
|t:|1760329021
|switch|p2a: Slowking|Slowking-Galar, F, shiny|100/100
|turn|12
|-message|Koveted forfeited.
|
|win|slichez
|raw|Koveted's rating: 1116 &rarr; <strong>1090</strong><br />(-26 for losing)
|raw|slichez's rating: 1098 &rarr; <strong>1125</strong><br />(+27 for winning)
|l|☆Koveted
|player|p1|
|l|☆slichez
|player|p2|
