|j|☆MrLegilimens
|j|☆fujizen
|t:|1760441183
|gametype|singles
|player|p1|MrLegilimens|266|1300
|player|p2|fujizen|lance-gen1|1262
|gen|9
|tier|[Gen 9] OU
|rated|
|rule|HP Percentage Mod: HP is shown in percentages
|rule|Endless Battle Clause: Forcing endless battles is banned
|rule|Species Clause: Limit one of each Pokémon
|rule|OHKO Clause: OHKO moves are banned
|rule|Evasion Items Clause: Evasion items are banned
|rule|Evasion Moves Clause: Evasion moves are banned
|rule|Evasion Abilities Clause: Evasion abilities are banned
|rule|Sleep Moves Clause: Sleep-inducing moves are banned
|clearpoke
|poke|p1|Gholdengo|
|poke|p1|Zamazenta-*|
|poke|p1|Ting-Lu|
|poke|p1|Clefable, F|
|poke|p1|Dragonite, M|
|poke|p1|Deoxys-Speed|
|poke|p2|Alcremie, F|
|poke|p2|Clefable, M|
|poke|p2|Hawlucha, F|
|poke|p2|Pawmot, F|
|poke|p2|Pincurchin, M|
|poke|p2|Hoopa-Unbound|
|teampreview
|inactive|Battle timer is ON: inactive players will automatically lose when time's up. (requested by MrLegilimens)
|
|t:|1760441207
|teamsize|p1|6
|teamsize|p2|6
|start
|switch|p1a: Moonrock 350|Clefable, F|100/100
|switch|p2a: Pincurchin|Pincurchin, M|100/100
|-fieldstart|move: Electric Terrain|[from] ability: Electric Surge|[of] p2a: Pincurchin
|turn|1
|
|t:|1760441211
|move|p1a: Moonrock 350|Stealth Rock|p2a: Pincurchin
|-sidestart|p2: fujizen|move: Stealth Rock
|move|p2a: Pincurchin|Thunder Wave|p1a: Moonrock 350
|-status|p1a: Moonrock 350|par
|
|upkeep
|turn|2
|
|t:|1760441219
|move|p1a: Moonrock 350|Knock Off|p2a: Pincurchin
|-crit|p2a: Pincurchin
|-damage|p2a: Pincurchin|81/100
|-enditem|p2a: Pincurchin|Terrain Extender|[from] move: Knock Off|[of] p1a: Moonrock 350
|move|p2a: Pincurchin|Toxic Spikes|p1a: Moonrock 350
|-sidestart|p1: MrLegilimens|move: Toxic Spikes
|
|upkeep
|turn|3
|
|t:|1760441230
|move|p1a: Moonrock 350|Moonblast|p2a: Pincurchin
|-damage|p2a: Pincurchin|38/100
|move|p2a: Pincurchin|Toxic Spikes|p1a: Moonrock 350
|-sidestart|p1: MrLegilimens|move: Toxic Spikes
|
|upkeep
|turn|4
|
|t:|1760441242
|switch|p2a: Clefable|Clefable, M|100/100
|move|p1a: Moonrock 350|Knock Off|p2a: Clefable
|-resisted|p2a: Clefable
|-damage|p2a: Clefable|94/100
|-enditem|p2a: Clefable|Leftovers|[from] move: Knock Off|[of] p1a: Moonrock 350
|
|upkeep
|turn|5
|
|t:|1760441254
|switch|p1a: Djengo Unrained|Gholdengo|100/100
|move|p2a: Clefable|Cosmic Power|p2a: Clefable
|-boost|p2a: Clefable|def|1
|-boost|p2a: Clefable|spd|1
|
|upkeep
|turn|6
|
|t:|1760441263
|-terastallize|p2a: Clefable|Steel
|move|p1a: Djengo Unrained|Make It Rain|p2a: Clefable
|-resisted|p2a: Clefable
|-damage|p2a: Clefable|81/100
|-unboost|p1a: Djengo Unrained|spa|1
|move|p2a: Clefable|Cosmic Power|p2a: Clefable
|-boost|p2a: Clefable|def|1
|-boost|p2a: Clefable|spd|1
|
|upkeep
|turn|7
|
|t:|1760441279
|switch|p1a: Up Bowl On Em|Ting-Lu|100/100
|-status|p1a: Up Bowl On Em|tox
|-ability|p1a: Up Bowl On Em|Vessel of Ruin
|move|p2a: Clefable|Cosmic Power|p2a: Clefable
|-boost|p2a: Clefable|def|1
|-boost|p2a: Clefable|spd|1
|
|-damage|p1a: Up Bowl On Em|94/100 tox|[from] psn
|upkeep
|turn|8
|
|t:|1760441291
|move|p2a: Clefable|Cosmic Power|p2a: Clefable
|-boost|p2a: Clefable|def|1
|-boost|p2a: Clefable|spd|1
|move|p1a: Up Bowl On Em|Whirlwind|p2a: Clefable
|drag|p2a: Hoopa|Hoopa-Unbound|100/100
|-damage|p2a: Hoopa|88/100|[from] Stealth Rock
|
|-heal|p1a: Up Bowl On Em|100/100 tox|[from] item: Leftovers
|-damage|p1a: Up Bowl On Em|88/100 tox|[from] psn
|-fieldend|move: Electric Terrain
|upkeep
|turn|9
|
|t:|1760441303
|switch|p2a: Clefable|Clefable, M, tera:Steel|81/100
|switch|p1a: Moonrock 350|Clefable, F|100/100 par
|
|upkeep
|turn|10
|
|t:|1760441315
|switch|p2a: Pincurchin|Pincurchin, M|38/100
|-damage|p2a: Pincurchin|26/100|[from] Stealth Rock
|-fieldstart|move: Electric Terrain|[from] ability: Electric Surge|[of] p2a: Pincurchin
|switch|p1a: Up Bowl On Em|Ting-Lu|88/100 tox
|-ability|p1a: Up Bowl On Em|Vessel of Ruin
|
|-heal|p1a: Up Bowl On Em|94/100 tox|[from] item: Leftovers
|-damage|p1a: Up Bowl On Em|88/100 tox|[from] psn
|upkeep
|turn|11
|
|t:|1760441320
|move|p1a: Up Bowl On Em|Spikes|p2a: Pincurchin
|-sidestart|p2: fujizen|Spikes
|move|p2a: Pincurchin|Spikes|p1a: Up Bowl On Em
|-sidestart|p1: MrLegilimens|Spikes
|
|-heal|p1a: Up Bowl On Em|94/100 tox|[from] item: Leftovers
|-damage|p1a: Up Bowl On Em|82/100 tox|[from] psn
|upkeep
|turn|12
|
|t:|1760441327
|move|p1a: Up Bowl On Em|Earthquake|p2a: Pincurchin
|-supereffective|p2a: Pincurchin
|-damage|p2a: Pincurchin|0 fnt
|faint|p2a: Pincurchin
|
|-heal|p1a: Up Bowl On Em|88/100 tox|[from] item: Leftovers
|-damage|p1a: Up Bowl On Em|69/100 tox|[from] psn
|upkeep
|
|t:|1760441331
|switch|p2a: Hawlucha|Hawlucha, F|100/100
|-damage|p2a: Hawlucha|88/100|[from] Stealth Rock
|-enditem|p2a: Hawlucha|Electric Seed
|-boost|p2a: Hawlucha|def|1|[from] item: Electric Seed
|turn|13
|
|t:|1760441333
|move|p2a: Hawlucha|Swords Dance|p2a: Hawlucha
|-boost|p2a: Hawlucha|atk|2
|move|p1a: Up Bowl On Em|Whirlwind|p2a: Hawlucha
|drag|p2a: Clefable|Clefable, M, tera:Steel|81/100
|
|-heal|p1a: Up Bowl On Em|76/100 tox|[from] item: Leftovers
|-damage|p1a: Up Bowl On Em|51/100 tox|[from] psn
|upkeep
|turn|14
|
|t:|1760441342
|switch|p2a: Pawmot|Pawmot, F|100/100
|move|p1a: Up Bowl On Em|Earthquake|p2a: Pawmot
|-supereffective|p2a: Pawmot
|-damage|p2a: Pawmot|0 fnt
|faint|p2a: Pawmot
|
|-heal|p1a: Up Bowl On Em|57/100 tox|[from] item: Leftovers
|-damage|p1a: Up Bowl On Em|26/100 tox|[from] psn
|-fieldend|move: Electric Terrain
|upkeep
|
|t:|1760441349
|switch|p2a: Hoopa|Hoopa-Unbound|88/100
|-damage|p2a: Hoopa|76/100|[from] Stealth Rock
|-damage|p2a: Hoopa|64/100|[from] Spikes
|turn|15
|
|t:|1760441356
|switch|p2a: Hawlucha|Hawlucha, F|88/100
|-damage|p2a: Hawlucha|76/100|[from] Stealth Rock
|switch|p1a: Moonrock 350|Clefable, F|100/100 par
|
|upkeep
|turn|16
|
|t:|1760441364
|move|p2a: Hawlucha|Swords Dance|p2a: Hawlucha
|-boost|p2a: Hawlucha|atk|2
|cant|p1a: Moonrock 350|par
|
|upkeep
|turn|17
|
|t:|1760441367
|move|p2a: Hawlucha|Brave Bird|p1a: Moonrock 350
|-damage|p1a: Moonrock 350|11/100 par
|-damage|p2a: Hawlucha|59/100|[from] item: Rocky Helmet|[of] p1a: Moonrock 350
|-damage|p2a: Hawlucha|20/100|[from] Recoil
|move|p1a: Moonrock 350|Moonblast|p2a: Hawlucha
|-supereffective|p2a: Hawlucha
|-damage|p2a: Hawlucha|0 fnt
|faint|p2a: Hawlucha
|
|upkeep
|
|t:|1760441382
|switch|p2a: Hoopa|Hoopa-Unbound|64/100
|-damage|p2a: Hoopa|51/100|[from] Stealth Rock
|-damage|p2a: Hoopa|39/100|[from] Spikes
|turn|18
|
|t:|1760441390
|move|p2a: Hoopa|Dark Pulse|p1a: Moonrock 350
|-resisted|p1a: Moonrock 350
|-damage|p1a: Moonrock 350|0 fnt
|faint|p1a: Moonrock 350
|
|upkeep
|
|t:|1760441410
|switch|p1a: Secret Service|Dragonite, M|100/100
|turn|19
|
|t:|1760441416
|switch|p2a: Clefable|Clefable, M, tera:Steel|81/100
|move|p1a: Secret Service|Earthquake|p2a: Clefable
|-supereffective|p2a: Clefable
|-damage|p2a: Clefable|12/100
|
|upkeep
|turn|20
|
|t:|1760441425
|move|p1a: Secret Service|Earthquake|p2a: Clefable
|-supereffective|p2a: Clefable
|-damage|p2a: Clefable|0 fnt
|faint|p2a: Clefable
|
|upkeep
|
|t:|1760441427
|switch|p2a: Hoopa|Hoopa-Unbound|39/100
|-damage|p2a: Hoopa|27/100|[from] Stealth Rock
|-damage|p2a: Hoopa|14/100|[from] Spikes
|turn|21
|
|t:|1760441430
|move|p1a: Secret Service|Extreme Speed|p2a: Hoopa
|-damage|p2a: Hoopa|0 fnt
|faint|p2a: Hoopa
|
|upkeep
|
|t:|1760441432
|switch|p2a: Alcremie|Alcremie, F|100/100
|-damage|p2a: Alcremie|88/100|[from] Stealth Rock
|-damage|p2a: Alcremie|76/100|[from] Spikes
|turn|22
|
|t:|1760441438
|move|p1a: Secret Service|Earthquake|p2a: Alcremie
|-damage|p2a: Alcremie|34/100
|move|p2a: Alcremie|Acid Armor|p2a: Alcremie
|-boost|p2a: Alcremie|def|2
|
|-heal|p2a: Alcremie|40/100|[from] item: Leftovers
|upkeep
|turn|23
|
|t:|1760441443
|move|p1a: Secret Service|Earthquake|p2a: Alcremie
|-damage|p2a: Alcremie|21/100
|move|p2a: Alcremie|Draining Kiss|p1a: Secret Service
|-supereffective|p1a: Secret Service
|-damage|p1a: Secret Service|84/100
|-heal|p2a: Alcremie|35/100|[from] drain|[of] p1a: Secret Service
|
|-heal|p2a: Alcremie|41/100|[from] item: Leftovers
|upkeep
|turn|24
|
|t:|1760441458
|switch|p1a: Up Bowl On Em|Ting-Lu|26/100 tox
|-damage|p1a: Up Bowl On Em|13/100 tox|[from] Spikes
|-ability|p1a: Up Bowl On Em|Vessel of Ruin
|move|p2a: Alcremie|Calm Mind|p2a: Alcremie
|-boost|p2a: Alcremie|spa|1
|-boost|p2a: Alcremie|spd|1
|
|-heal|p2a: Alcremie|47/100|[from] item: Leftovers
|-heal|p1a: Up Bowl On Em|20/100 tox|[from] item: Leftovers
|-damage|p1a: Up Bowl On Em|13/100 tox|[from] psn
|upkeep
|turn|25
|
|t:|1760441485
|switch|p1a: Dude Nasty Asf|Deoxys-Speed|100/100
|-ability|p1a: Dude Nasty Asf|Pressure
|move|p2a: Alcremie|Draining Kiss|p1a: Dude Nasty Asf
|-damage|p1a: Dude Nasty Asf|64/100
|-heal|p2a: Alcremie|68/100|[from] drain|[of] p1a: Dude Nasty Asf
|
|-heal|p2a: Alcremie|74/100|[from] item: Leftovers
|upkeep
|turn|26
|
|t:|1760441494
|move|p1a: Dude Nasty Asf|Psycho Boost|p2a: Alcremie|[miss]
|-miss|p1a: Dude Nasty Asf|p2a: Alcremie
|move|p2a: Alcremie|Calm Mind|p2a: Alcremie
|-boost|p2a: Alcremie|spa|1
|-boost|p2a: Alcremie|spd|1
|
|-heal|p2a: Alcremie|80/100|[from] item: Leftovers
|upkeep
|turn|27
|
|t:|1760441498
|move|p1a: Dude Nasty Asf|Psycho Boost|p2a: Alcremie
|-damage|p2a: Alcremie|53/100
|-unboost|p1a: Dude Nasty Asf|spa|2
|move|p2a: Alcremie|Calm Mind|p2a: Alcremie
|-boost|p2a: Alcremie|spa|1
|-boost|p2a: Alcremie|spd|1
|
|-heal|p2a: Alcremie|59/100|[from] item: Leftovers
|upkeep
|turn|28
|
|t:|1760441509
|move|p1a: Dude Nasty Asf|Nasty Plot|p1a: Dude Nasty Asf
|-boost|p1a: Dude Nasty Asf|spa|2
|move|p2a: Alcremie|Draining Kiss|p1a: Dude Nasty Asf
|-damage|p1a: Dude Nasty Asf|0 fnt
|-heal|p2a: Alcremie|96/100|[from] drain|[of] p1a: Dude Nasty Asf
|faint|p1a: Dude Nasty Asf
|
|-heal|p2a: Alcremie|100/100|[from] item: Leftovers
|upkeep
|
|t:|1760441514
|switch|p1a: Djengo Unrained|Gholdengo|100/100
|turn|29
|
|t:|1760441523
|move|p1a: Djengo Unrained|Nasty Plot|p1a: Djengo Unrained
|-boost|p1a: Djengo Unrained|spa|2
|move|p2a: Alcremie|Calm Mind|p2a: Alcremie
|-boost|p2a: Alcremie|spa|1
|-boost|p2a: Alcremie|spd|1
|
|upkeep
|turn|30
|
|t:|1760441547
|move|p1a: Djengo Unrained|Make It Rain|p2a: Alcremie
|-supereffective|p2a: Alcremie
|-damage|p2a: Alcremie|48/100
|-unboost|p1a: Djengo Unrained|spa|1
|move|p2a: Alcremie|Draining Kiss|p1a: Djengo Unrained
|-resisted|p1a: Djengo Unrained
|-damage|p1a: Djengo Unrained|73/100
|-heal|p2a: Alcremie|71/100|[from] drain|[of] p1a: Djengo Unrained
|
|-heal|p2a: Alcremie|77/100|[from] item: Leftovers
|upkeep
|turn|31
|
|t:|1760441558
|move|p1a: Djengo Unrained|Make It Rain|p2a: Alcremie
|-supereffective|p2a: Alcremie
|-damage|p2a: Alcremie|37/100
|-unboost|p1a: Djengo Unrained|spa|1
|move|p2a: Alcremie|Calm Mind|p2a: Alcremie
|-boost|p2a: Alcremie|spa|1
|-boost|p2a: Alcremie|spd|1
|
|-heal|p2a: Alcremie|43/100|[from] item: Leftovers
|upkeep
|turn|32
|
|t:|1760441569
|move|p1a: Djengo Unrained|Nasty Plot|p1a: Djengo Unrained
|-boost|p1a: Djengo Unrained|spa|2
|move|p2a: Alcremie|Draining Kiss|p1a: Djengo Unrained
|-resisted|p1a: Djengo Unrained
|-damage|p1a: Djengo Unrained|46/100
|-heal|p2a: Alcremie|66/100|[from] drain|[of] p1a: Djengo Unrained
|
|-heal|p2a: Alcremie|72/100|[from] item: Leftovers
|upkeep
|turn|33
|
|t:|1760441578
|move|p1a: Djengo Unrained|Recover|p1a: Djengo Unrained
|-heal|p1a: Djengo Unrained|97/100
|move|p2a: Alcremie|Stored Power|p1a: Djengo Unrained
|-resisted|p1a: Djengo Unrained
|-damage|p1a: Djengo Unrained|0 fnt
|faint|p1a: Djengo Unrained
|
|-heal|p2a: Alcremie|78/100|[from] item: Leftovers
|upkeep
|
|t:|1760441584
|switch|p1a: CClifford|Zamazenta|100/100
|-ability|p1a: CClifford|Dauntless Shield|boost
|-boost|p1a: CClifford|def|1
|turn|34
|
|t:|1760441593
|-terastallize|p1a: CClifford|Fire
|move|p1a: CClifford|Stone Edge|p2a: Alcremie
|-damage|p2a: Alcremie|62/100
|move|p2a: Alcremie|Stored Power|p1a: CClifford
|-damage|p1a: CClifford|0 fnt
|faint|p1a: CClifford
|
|-heal|p2a: Alcremie|68/100|[from] item: Leftovers
|upkeep
|
|t:|1760441597
|switch|p1a: Secret Service|Dragonite, M|84/100
|turn|35
|
|t:|1760441604
|move|p1a: Secret Service|Extreme Speed|p2a: Alcremie
|-damage|p2a: Alcremie|54/100
|move|p2a: Alcremie|Draining Kiss|p1a: Secret Service
|-supereffective|p1a: Secret Service
|-damage|p1a: Secret Service|0 fnt
|-heal|p2a: Alcremie|100/100|[from] drain|[of] p1a: Secret Service
|faint|p1a: Secret Service
|
|upkeep
|c|☆MrLegilimens|just no way
|c|☆MrLegilimens|ridic play awful the whoel game
|-message|MrLegilimens forfeited.
|
|win|fujizen
|raw|MrLegilimens's rating: 1300 &rarr; <strong>1272</strong><br />(-28 for losing)
|raw|fujizen's rating: 1262 &rarr; <strong>1290</strong><br />(+28 for winning)
|l|☆MrLegilimens
|player|p1|
|l|☆fujizen
|player|p2|
