|j|☆Alx247
|j|☆schalo
|t:|1760443592
|gametype|singles
|player|p1|Alx247|infielder|1491
|player|p2|schalo|harlequin|1429
|gen|9
|tier|[Gen 9] OU
|rated|
|rule|HP Percentage Mod: HP is shown in percentages
|rule|Endless Battle Clause: Forcing endless battles is banned
|rule|Species Clause: Limit one of each Pokémon
|rule|OHKO Clause: OHKO moves are banned
|rule|Evasion Items Clause: Evasion items are banned
|rule|Evasion Moves Clause: Evasion moves are banned
|rule|Evasion Abilities Clause: Evasion abilities are banned
|rule|Sleep Moves Clause: Sleep-inducing moves are banned
|clearpoke
|poke|p1|Primarina, M|
|poke|p1|Ceruledge, M|
|poke|p1|Darkrai|
|poke|p1|Corviknight, F|
|poke|p1|Landorus-Therian, M|
|poke|p1|Iron Valiant|
|poke|p2|Slowking, M|
|poke|p2|Jolteon, M|
|poke|p2|Kyurem|
|poke|p2|Moltres|
|poke|p2|Kingambit, F|
|poke|p2|Forretress, F|
|teampreview
|inactive|Battle timer is ON: inactive players will automatically lose when time's up. (requested by Alx247)
|inactive|schalo has 120 seconds left.
|
|t:|1760443627
|teamsize|p1|6
|teamsize|p2|6
|start
|switch|p1a: Charli XCX|Ceruledge, M, shiny|100/100
|switch|p2a: Moltres|Moltres|100/100
|turn|1
|inactive|Alx247 has 120 seconds left.
|
|t:|1760443671
|move|p1a: Charli XCX|Poltergeist|p2a: Moltres
|-activate|p2a: Moltres|move: Poltergeist|Heavy-Duty Boots
|-damage|p2a: Moltres|63/100
|move|p2a: Moltres|U-turn|p1a: Charli XCX
|-resisted|p1a: Charli XCX
|-crit|p1a: Charli XCX
|-damage|p1a: Charli XCX|93/100
|-ability|p1a: Charli XCX|Weak Armor|boost
|-unboost|p1a: Charli XCX|def|1
|-boost|p1a: Charli XCX|spe|2
|inactive|schalo has 120 seconds left.
|
|t:|1760443698
|switch|p2a: Kingambit|Kingambit, F|100/100|[from] U-turn
|
|upkeep
|turn|2
|inactive|Alx247 has 120 seconds left.
|
|t:|1760443720
|switch|p1a: Chappell Roan|Landorus-Therian, M, shiny|100/100
|-ability|p1a: Chappell Roan|Intimidate|boost
|-unboost|p2a: Kingambit|atk|1
|move|p2a: Kingambit|Sucker Punch||[still]
|-fail|p2a: Kingambit
|
|upkeep
|turn|3
|inactive|schalo has 120 seconds left.
|
|t:|1760443739
|-end|p2a: Kingambit|fallenundefined|[silent]
|switch|p2a: Moltres|Moltres|63/100
|move|p1a: Chappell Roan|Stone Edge|p2a: Moltres
|-supereffective|p2a: Moltres
|-damage|p2a: Moltres|0 fnt
|faint|p2a: Moltres
|
|upkeep
|inactive|schalo has 120 seconds left.
|
|t:|1760443758
|switch|p2a: Slowking|Slowking, M|100/100
|turn|4
|
|t:|1760443768
|switch|p1a: Taylor Swift|Darkrai, shiny|100/100
|-prepare|p2a: Slowking|Chilly Reception|[premajor]
|move|p2a: Slowking|Chilly Reception|p2a: Slowking
|-weather|Snowscape
|inactive|schalo has 120 seconds left.
|
|t:|1760443780
|switch|p2a: Jolteon|Jolteon, M|100/100|[from] Chilly Reception
|
|-weather|Snowscape|[upkeep]
|upkeep
|turn|5
|inactive|Alx247 has 120 seconds left.
|inactive|schalo has 120 seconds left.
|
|t:|1760443796
|switch|p1a: Chappell Roan|Landorus-Therian, M, shiny|100/100
|-ability|p1a: Chappell Roan|Intimidate|boost
|-unboost|p2a: Jolteon|atk|1
|-terastallize|p2a: Jolteon|Fairy
|move|p2a: Jolteon|Alluring Voice|p1a: Chappell Roan
|-crit|p1a: Chappell Roan
|-damage|p1a: Chappell Roan|0 fnt
|faint|p1a: Chappell Roan
|
|-weather|Snowscape|[upkeep]
|upkeep
|
|t:|1760443819
|switch|p1a: Charli XCX|Ceruledge, M, shiny|93/100
|turn|6
|inactive|schalo has 120 seconds left.
|inactive|schalo has 90 seconds left.
|
|t:|1760443867
|switch|p2a: Kingambit|Kingambit, F|100/100
|-activate|p2a: Kingambit|ability: Supreme Overlord
|-start|p2a: Kingambit|fallen1|[silent]
|move|p1a: Charli XCX|Bitter Blade|p2a: Kingambit
|-supereffective|p2a: Kingambit
|-damage|p2a: Kingambit|39/100
|-heal|p1a: Charli XCX|100/100|[from] drain|[of] p2a: Kingambit
|
|-weather|Snowscape|[upkeep]
|upkeep
|turn|7
|inactive|schalo has 90 seconds left.
|
|t:|1760443886
|move|p2a: Kingambit|Sucker Punch|p1a: Charli XCX
|-supereffective|p1a: Charli XCX
|-enditem|p1a: Charli XCX|Focus Sash
|-damage|p1a: Charli XCX|1/100
|-ability|p1a: Charli XCX|Weak Armor|boost
|-unboost|p1a: Charli XCX|def|1
|-boost|p1a: Charli XCX|spe|2
|move|p1a: Charli XCX|Bitter Blade|p2a: Kingambit
|-supereffective|p2a: Kingambit
|-damage|p2a: Kingambit|0 fnt
|-heal|p1a: Charli XCX|28/100|[from] drain|[of] p2a: Kingambit
|faint|p2a: Kingambit
|-end|p2a: Kingambit|fallen1|[silent]
|
|-weather|Snowscape|[upkeep]
|upkeep
|inactive|schalo has 60 seconds left.
|
|t:|1760443917
|switch|p2a: Kyurem|Kyurem|100/100
|-ability|p2a: Kyurem|Pressure
|turn|8
|inactive|schalo has 60 seconds left.
|
|t:|1760443931
|move|p1a: Charli XCX|Bitter Blade|p2a: Kyurem
|-damage|p2a: Kyurem|73/100
|-heal|p1a: Charli XCX|46/100|[from] drain|[of] p2a: Kyurem
|move|p2a: Kyurem|Blizzard|p1a: Charli XCX
|-resisted|p1a: Charli XCX
|-damage|p1a: Charli XCX|0 fnt
|faint|p1a: Charli XCX
|
|-weather|Snowscape|[upkeep]
|upkeep
|inactive|Alx247 has 90 seconds left.
|
|t:|1760443952
|switch|p1a: Sabrina Carpenter|Iron Valiant, shiny|100/100
|-enditem|p1a: Sabrina Carpenter|Booster Energy
|-activate|p1a: Sabrina Carpenter|ability: Quark Drive|[fromitem]
|-start|p1a: Sabrina Carpenter|quarkdrivespe
|turn|9
|inactive|schalo has 60 seconds left.
|
|t:|1760443974
|switch|p2a: Forretress|Forretress, F|100/100
|move|p1a: Sabrina Carpenter|Moonblast|p2a: Forretress
|-resisted|p2a: Forretress
|-damage|p2a: Forretress|78/100
|
|-weather|Snowscape|[upkeep]
|-heal|p2a: Forretress|84/100|[from] item: Leftovers
|upkeep
|turn|10
|inactive|schalo has 60 seconds left.
|
|t:|1760443986
|-end|p1a: Sabrina Carpenter|Quark Drive|[silent]
|switch|p1a: SZA|Primarina, M, shiny|100/100
|move|p2a: Forretress|Stealth Rock|p1a: SZA
|-sidestart|p1: Alx247|move: Stealth Rock
|
|-weather|Snowscape|[upkeep]
|-heal|p2a: Forretress|90/100|[from] item: Leftovers
|upkeep
|turn|11
|inactive|schalo has 60 seconds left.
|
|t:|1760444007
|switch|p2a: Slowking|Slowking, M|100/100
|move|p1a: SZA|Surf|p2a: Slowking
|-resisted|p2a: Slowking
|-damage|p2a: Slowking|85/100
|
|-weather|none
|upkeep
|turn|12
|
|t:|1760444014
|move|p1a: SZA|Moonblast|p2a: Slowking
|-damage|p2a: Slowking|53/100
|-prepare|p2a: Slowking|Chilly Reception|[premajor]
|move|p2a: Slowking|Chilly Reception|p2a: Slowking
|-weather|Snowscape
|
|t:|1760444034
|switch|p2a: Jolteon|Jolteon, M, tera:Fairy|100/100|[from] Chilly Reception
|
|-weather|Snowscape|[upkeep]
|upkeep
|turn|13
|inactive|Alx247 has 120 seconds left.
|
|t:|1760444070
|move|p2a: Jolteon|Thunderbolt|p1a: SZA
|-supereffective|p1a: SZA
|-damage|p1a: SZA|29/100
|move|p1a: SZA|Flip Turn|p2a: Jolteon
|-crit|p2a: Jolteon
|-damage|p2a: Jolteon|37/100
|inactive|Alx247 has 90 seconds left.
|
|t:|1760444101
|switch|p1a: Beyoncé|Corviknight, F, shiny|100/100|[from] Flip Turn
|-damage|p1a: Beyoncé|88/100|[from] Stealth Rock
|-ability|p1a: Beyoncé|Pressure
|
|-weather|Snowscape|[upkeep]
|upkeep
|turn|14
|
|t:|1760444121
|-terastallize|p1a: Beyoncé|Dragon
|move|p2a: Jolteon|Thunderbolt|p1a: Beyoncé
|-resisted|p1a: Beyoncé
|-damage|p1a: Beyoncé|57/100
|move|p1a: Beyoncé|Brave Bird|p2a: Jolteon
|-damage|p2a: Jolteon|0 fnt
|faint|p2a: Jolteon
|-damage|p1a: Beyoncé|49/100|[from] Recoil
|
|-weather|Snowscape|[upkeep]
|upkeep
|
|t:|1760444128
|switch|p2a: Kyurem|Kyurem|73/100
|-ability|p2a: Kyurem|Pressure
|turn|15
|
|t:|1760444143
|move|p2a: Kyurem|Freeze-Dry|p1a: Beyoncé
|-supereffective|p1a: Beyoncé
|-damage|p1a: Beyoncé|0 fnt
|faint|p1a: Beyoncé
|
|-weather|Snowscape|[upkeep]
|upkeep
|
|t:|1760444150
|switch|p1a: Sabrina Carpenter|Iron Valiant, shiny|100/100
|-damage|p1a: Sabrina Carpenter|94/100|[from] Stealth Rock
|turn|16
|
|t:|1760444169
|switch|p2a: Slowking|Slowking, M|87/100
|move|p1a: Sabrina Carpenter|Calm Mind|p1a: Sabrina Carpenter
|-boost|p1a: Sabrina Carpenter|spa|1
|-boost|p1a: Sabrina Carpenter|spd|1
|
|-weather|Snowscape|[upkeep]
|upkeep
|turn|17
|inactive|schalo has 60 seconds left.
|
|t:|1760444191
|move|p1a: Sabrina Carpenter|Shadow Ball|p2a: Slowking
|-supereffective|p2a: Slowking
|-damage|p2a: Slowking|38/100
|move|p2a: Slowking|Future Sight|p1a: Sabrina Carpenter
|-start|p2a: Slowking|move: Future Sight
|
|-weather|Snowscape|[upkeep]
|upkeep
|turn|18
|
|t:|1760444204
|-end|p1a: Sabrina Carpenter|Quark Drive|[silent]
|switch|p1a: Taylor Swift|Darkrai, shiny|100/100
|-damage|p1a: Taylor Swift|88/100|[from] Stealth Rock
|switch|p2a: Forretress|Forretress, F|90/100
|
|-weather|Snowscape|[upkeep]
|-heal|p2a: Forretress|97/100|[from] item: Leftovers
|upkeep
|turn|19
|
|t:|1760444221
|move|p1a: Taylor Swift|Dark Pulse|p2a: Forretress
|-damage|p2a: Forretress|43/100
|-damage|p1a: Taylor Swift|78/100|[from] item: Life Orb
|move|p2a: Forretress|Volt Switch|p1a: Taylor Swift
|-damage|p1a: Taylor Swift|63/100
|
|t:|1760444236
|switch|p2a: Kyurem|Kyurem|73/100|[from] Volt Switch
|-ability|p2a: Kyurem|Pressure
|
|-weather|none
|-end|p1a: Taylor Swift|move: Future Sight
|-immune|p1a: Taylor Swift
|upkeep
|turn|20
|inactive|Alx247 has 90 seconds left.
|
|t:|1760444244
|switch|p1a: SZA|Primarina, M, shiny|29/100
|-damage|p1a: SZA|16/100|[from] Stealth Rock
|move|p2a: Kyurem|Freeze-Dry|p1a: SZA
|-supereffective|p1a: SZA
|-damage|p1a: SZA|0 fnt
|faint|p1a: SZA
|
|upkeep
|
|t:|1760444247
|switch|p1a: Sabrina Carpenter|Iron Valiant, shiny|94/100
|-damage|p1a: Sabrina Carpenter|88/100|[from] Stealth Rock
|turn|21
|
|t:|1760444256
|switch|p2a: Slowking|Slowking, M|71/100
|move|p1a: Sabrina Carpenter|Moonblast|p2a: Slowking
|-damage|p2a: Slowking|44/100
|
|upkeep
|turn|22
|inactive|schalo has 60 seconds left.
|
|t:|1760444279
|move|p1a: Sabrina Carpenter|Shadow Ball|p2a: Slowking
|-supereffective|p2a: Slowking
|-damage|p2a: Slowking|13/100
|-unboost|p2a: Slowking|spd|1
|-prepare|p2a: Slowking|Chilly Reception|[premajor]
|move|p2a: Slowking|Chilly Reception|p2a: Slowking
|-weather|Snowscape
|
|t:|1760444294
|switch|p2a: Forretress|Forretress, F|43/100|[from] Chilly Reception
|
|-weather|Snowscape|[upkeep]
|-heal|p2a: Forretress|50/100|[from] item: Leftovers
|upkeep
|turn|23
|
|t:|1760444300
|move|p1a: Sabrina Carpenter|Shadow Ball|p2a: Forretress
|-damage|p2a: Forretress|23/100
|move|p2a: Forretress|Giga Drain|p1a: Sabrina Carpenter
|-damage|p1a: Sabrina Carpenter|69/100
|-heal|p2a: Forretress|31/100|[from] drain|[of] p1a: Sabrina Carpenter
|
|-weather|Snowscape|[upkeep]
|-heal|p2a: Forretress|37/100|[from] item: Leftovers
|upkeep
|turn|24
|inactive|Alx247 has 90 seconds left.
|
|t:|1760444342
|move|p1a: Sabrina Carpenter|Calm Mind|p1a: Sabrina Carpenter
|-boost|p1a: Sabrina Carpenter|spa|1
|-boost|p1a: Sabrina Carpenter|spd|1
|move|p2a: Forretress|Volt Switch|p1a: Sabrina Carpenter
|-damage|p1a: Sabrina Carpenter|57/100
|
|t:|1760444355
|switch|p2a: Slowking|Slowking, M|47/100|[from] Volt Switch
|
|-weather|Snowscape|[upkeep]
|upkeep
|turn|25
|inactive|Alx247 has 90 seconds left.
|
|t:|1760444365
|move|p1a: Sabrina Carpenter|Shadow Ball|p2a: Slowking
|-supereffective|p2a: Slowking
|-damage|p2a: Slowking|0 fnt
|faint|p2a: Slowking
|
|-weather|Snowscape|[upkeep]
|upkeep
|
|t:|1760444369
|switch|p2a: Forretress|Forretress, F|37/100
|turn|26
|
|t:|1760444373
|move|p1a: Sabrina Carpenter|Shadow Ball|p2a: Forretress
|-damage|p2a: Forretress|0 fnt
|faint|p2a: Forretress
|
|-weather|Snowscape|[upkeep]
|upkeep
|
|t:|1760444381
|switch|p2a: Kyurem|Kyurem|73/100
|-ability|p2a: Kyurem|Pressure
|turn|27
|inactive|schalo has 60 seconds left.
|
|t:|1760444388
|move|p1a: Sabrina Carpenter|Moonblast|p2a: Kyurem
|-supereffective|p2a: Kyurem
|-damage|p2a: Kyurem|0 fnt
|faint|p2a: Kyurem
|
|win|Alx247
|raw|Alx247's rating: 1491 &rarr; <strong>1507</strong><br />(+16 for winning)
|raw|schalo's rating: 1429 &rarr; <strong>1413</strong><br />(-16 for losing)
|c|☆schalo|gg
|c|☆Alx247|gg
|c|☆Alx247|how much spd on the forre?
|c|☆Alx247|SpeD rather
|c|☆schalo|219
|c|☆Alx247|thanks
|c|☆Alx247|it was really fucking with my calc haha
|l|☆schalo
|player|p2|
