|j|☆Moxie2
|j|☆Des4
|t:|1760389349
|gametype|singles
|player|p1|Moxie2|jogger|1357
|player|p2|Des4|caitlin|1365
|gen|9
|tier|[Gen 9] OU
|rated|
|rule|HP Percentage Mod: HP is shown in percentages
|rule|Endless Battle Clause: Forcing endless battles is banned
|rule|Species Clause: Limit one of each Pokémon
|rule|OHKO Clause: OHKO moves are banned
|rule|Evasion Items Clause: Evasion items are banned
|rule|Evasion Moves Clause: Evasion moves are banned
|rule|Evasion Abilities Clause: Evasion abilities are banned
|rule|Sleep Moves Clause: Sleep-inducing moves are banned
|clearpoke
|poke|p1|Ogerpon-Cornerstone, F|
|poke|p1|Landorus-Therian, M|
|poke|p1|Heatran, M|
|poke|p1|Alomomola, M|
|poke|p1|Latios, M|
|poke|p1|Polteageist|
|poke|p2|Articuno|
|poke|p2|Slowking-Galar, M|
|poke|p2|Iron Treads|
|poke|p2|Primarina, F|
|poke|p2|Mandibuzz, F|
|poke|p2|Dragapult, M|
|teampreview
|inactive|Battle timer is ON: inactive players will automatically lose when time's up. (requested by Des4)
|
|t:|1760389365
|teamsize|p1|6
|teamsize|p2|6
|start
|switch|p1a: Heatran|Heatran, M|100/100
|switch|p2a: Articuno|Articuno|100/100
|-ability|p2a: Articuno|Pressure
|-item|p1a: Heatran|Air Balloon
|turn|1
|
|t:|1760389377
|move|p2a: Articuno|Substitute|p2a: Articuno
|-start|p2a: Articuno|Substitute
|-damage|p2a: Articuno|76/100
|move|p1a: Heatran|Stealth Rock|p2a: Articuno
|-sidestart|p2: Des4|move: Stealth Rock
|
|-heal|p2a: Articuno|82/100|[from] item: Leftovers
|upkeep
|turn|2
|
|t:|1760389382
|move|p2a: Articuno|Freeze-Dry|p1a: Heatran
|-resisted|p1a: Heatran
|-damage|p1a: Heatran|96/100
|-enditem|p1a: Heatran|Air Balloon
|move|p1a: Heatran|Taunt|p2a: Articuno
|-start|p2a: Articuno|move: Taunt
|
|-heal|p2a: Articuno|88/100|[from] item: Leftovers
|upkeep
|turn|3
|
|t:|1760389390
|-terastallize|p2a: Articuno|Ground
|move|p2a: Articuno|Tera Blast|p1a: Heatran|[anim] Tera Blast Ground
|-supereffective|p1a: Heatran
|-damage|p1a: Heatran|14/100
|move|p1a: Heatran|Magma Storm|p2a: Articuno|[miss]
|-miss|p1a: Heatran|p2a: Articuno
|
|-heal|p2a: Articuno|94/100|[from] item: Leftovers
|upkeep
|turn|4
|
|t:|1760389405
|-terastallize|p1a: Heatran|Flying
|move|p2a: Articuno|Freeze-Dry|p1a: Heatran
|-supereffective|p1a: Heatran
|-damage|p1a: Heatran|0 fnt
|faint|p1a: Heatran
|
|-heal|p2a: Articuno|100/100|[from] item: Leftovers
|upkeep
|
|t:|1760389421
|switch|p1a: Ogerpon|Ogerpon-Cornerstone, F|100/100
|turn|5
|
|t:|1760389424
|move|p1a: Ogerpon|Power Whip|p2a: Articuno
|-supereffective|p2a: Articuno
|-end|p2a: Articuno|Substitute
|move|p2a: Articuno|Freeze-Dry|p1a: Ogerpon
|-supereffective|p1a: Ogerpon
|-damage|p1a: Ogerpon|26/100
|
|-end|p2a: Articuno|move: Taunt
|upkeep
|turn|6
|
|t:|1760389432
|switch|p2a: Iron Treads|Iron Treads|100/100
|-damage|p2a: Iron Treads|97/100|[from] Stealth Rock
|move|p1a: Ogerpon|Power Whip|p2a: Iron Treads
|-damage|p2a: Iron Treads|36/100
|
|-heal|p2a: Iron Treads|43/100|[from] item: Leftovers
|upkeep
|turn|7
|
|t:|1760389435
|move|p1a: Ogerpon|Power Whip|p2a: Iron Treads
|-damage|p2a: Iron Treads|0 fnt
|faint|p2a: Iron Treads
|-end|p2a: Iron Treads|Quark Drive|[silent]
|
|upkeep
|
|t:|1760389437
|switch|p2a: Dragapult|Dragapult, M|100/100
|-damage|p2a: Dragapult|88/100|[from] Stealth Rock
|turn|8
|
|t:|1760389442
|switch|p1a: Alomomola|Alomomola, M|100/100
|move|p2a: Dragapult|Will-O-Wisp|p1a: Alomomola
|-status|p1a: Alomomola|brn
|
|-damage|p1a: Alomomola|94/100 brn|[from] brn
|upkeep
|turn|9
|
|t:|1760389448
|move|p2a: Dragapult|Dragon Darts|p1a: Alomomola
|-damage|p1a: Alomomola|82/100 brn
|-anim|p2a: Dragapult|Dragon Darts|p1a: Alomomola
|-damage|p1a: Alomomola|68/100 brn
|move|p1a: Alomomola|Wish|p1a: Alomomola
|
|-damage|p1a: Alomomola|62/100 brn|[from] brn
|upkeep
|turn|10
|
|t:|1760389458
|move|p2a: Dragapult|Hex|p1a: Alomomola
|-damage|p1a: Alomomola|0 fnt
|faint|p1a: Alomomola
|
|upkeep
|
|t:|1760389463
|switch|p1a: Polteageist|Polteageist|100/100
|turn|11
|
|t:|1760389477
|move|p2a: Dragapult|Dragon Darts|p1a: Polteageist
|-damage|p1a: Polteageist|72/100
|-anim|p2a: Dragapult|Dragon Darts|p1a: Polteageist
|-damage|p1a: Polteageist|42/100
|move|p1a: Polteageist|Shell Smash|p1a: Polteageist
|-unboost|p1a: Polteageist|def|1
|-unboost|p1a: Polteageist|spd|1
|-boost|p1a: Polteageist|atk|2
|-boost|p1a: Polteageist|spa|2
|-boost|p1a: Polteageist|spe|2
|-enditem|p1a: Polteageist|White Herb
|-clearnegativeboost|p1a: Polteageist|[silent]
|
|upkeep
|turn|12
|
|t:|1760389483
|move|p2a: Dragapult|Sucker Punch|p1a: Polteageist
|-supereffective|p1a: Polteageist
|-damage|p1a: Polteageist|0 fnt
|faint|p1a: Polteageist
|
|upkeep
|
|t:|1760389487
|switch|p1a: Landorus|Landorus-Therian, M|100/100
|-ability|p1a: Landorus|Intimidate|boost
|-unboost|p2a: Dragapult|atk|1
|turn|13
|
|t:|1760389494
|move|p2a: Dragapult|Will-O-Wisp|p1a: Landorus
|-status|p1a: Landorus|brn
|move|p1a: Landorus|Earthquake|p2a: Dragapult
|-crit|p2a: Dragapult
|-damage|p2a: Dragapult|30/100
|
|-damage|p1a: Landorus|95/100 brn|[from] brn
|upkeep
|turn|14
|-message|Moxie2 forfeited.
|
|win|Des4
|raw|Moxie2's rating: 1357 &rarr; <strong>1337</strong><br />(-20 for losing)
|raw|Des4's rating: 1365 &rarr; <strong>1385</strong><br />(+20 for winning)
|l|☆Moxie2
|player|p1|
|l|☆Des4
|player|p2|
