|j|☆Rocksane
|j|☆luxgia
|t:|1760438986
|gametype|singles
|player|p1|Rocksane|sabrina|1609
|player|p2|luxgia|byron|1572
|gen|9
|tier|[Gen 9] OU
|rated|
|rule|HP Percentage Mod: HP is shown in percentages
|rule|Endless Battle Clause: Forcing endless battles is banned
|rule|Species Clause: Limit one of each Pokémon
|rule|OHKO Clause: OHKO moves are banned
|rule|Evasion Items Clause: Evasion items are banned
|rule|Evasion Moves Clause: Evasion moves are banned
|rule|Evasion Abilities Clause: Evasion abilities are banned
|rule|Sleep Moves Clause: Sleep-inducing moves are banned
|clearpoke
|poke|p1|Cinderace, F|
|poke|p1|Deoxys-Speed|
|poke|p1|Hatterene, F|
|poke|p1|Indeedee, M|
|poke|p1|Polteageist|
|poke|p1|Armarouge, M|
|poke|p2|Zamazenta-*|
|poke|p2|Tornadus-Therian, M|
|poke|p2|Pecharunt|
|poke|p2|Ting-Lu|
|poke|p2|Cinderace, F|
|poke|p2|Dragonite, M|
|teampreview
|
|t:|1760439044
|teamsize|p1|6
|teamsize|p2|6
|start
|switch|p1a: Indeedee|Indeedee, M|100/100
|switch|p2a: Sir Sir|Cinderace, F|100/100
|-fieldstart|move: Psychic Terrain|[from] ability: Psychic Surge|[of] p1a: Indeedee
|turn|1
|
|t:|1760439054
|switch|p1a: Armarouge|Armarouge, M|100/100
|move|p2a: Sir Sir|U-turn|p1a: Armarouge
|-start|p2a: Sir Sir|typechange|Bug|[from] ability: Libero
|-damage|p1a: Armarouge|61/100
|-ability|p1a: Armarouge|Weak Armor|boost
|-unboost|p1a: Armarouge|def|1
|-boost|p1a: Armarouge|spe|2
|
|t:|1760439061
|switch|p2a: Begru|Ting-Lu|100/100|[from] U-turn
|-ability|p2a: Begru|Vessel of Ruin
|
|upkeep
|turn|2
|
|t:|1760439070
|move|p1a: Armarouge|Destiny Bond|p1a: Armarouge
|-singlemove|p1a: Armarouge|Destiny Bond
|move|p2a: Begru|Stealth Rock|p1a: Armarouge
|-sidestart|p1: Rocksane|move: Stealth Rock
|
|upkeep
|turn|3
|
|t:|1760439076
|move|p1a: Armarouge|Armor Cannon|p2a: Begru
|-damage|p2a: Begru|73/100
|-unboost|p1a: Armarouge|def|1
|-unboost|p1a: Armarouge|spd|1
|move|p2a: Begru|Whirlwind|p1a: Armarouge
|drag|p1a: Indeedee|Indeedee, M|100/100
|-damage|p1a: Indeedee|88/100|[from] Stealth Rock
|
|-heal|p2a: Begru|80/100|[from] item: Leftovers
|upkeep
|turn|4
|
|t:|1760439088
|move|p1a: Indeedee|Encore|p2a: Begru
|-start|p2a: Begru|Encore
|move|p2a: Begru|Whirlwind|p1a: Indeedee
|drag|p1a: Armarouge|Armarouge, M|61/100
|-damage|p1a: Armarouge|36/100|[from] Stealth Rock
|
|-heal|p2a: Begru|86/100|[from] item: Leftovers
|upkeep
|turn|5
|
|t:|1760439098
|move|p1a: Armarouge|Armor Cannon|p2a: Begru
|-damage|p2a: Begru|57/100
|-unboost|p1a: Armarouge|def|1
|-unboost|p1a: Armarouge|spd|1
|move|p2a: Begru|Whirlwind|p1a: Armarouge
|drag|p1a: Deoxys|Deoxys-Speed|100/100
|-damage|p1a: Deoxys|88/100|[from] Stealth Rock
|-ability|p1a: Deoxys|Pressure
|
|-heal|p2a: Begru|63/100|[from] item: Leftovers
|upkeep
|turn|6
|
|t:|1760439118
|switch|p2a: Jinn|Tornadus-Therian, M|100/100
|move|p1a: Deoxys|Superpower|p2a: Jinn
|-resisted|p2a: Jinn
|-damage|p2a: Jinn|71/100
|-unboost|p1a: Deoxys|atk|1
|-unboost|p1a: Deoxys|def|1
|-damage|p1a: Deoxys|78/100|[from] item: Life Orb
|
|upkeep
|turn|7
|
|t:|1760439128
|switch|p2a: Begru|Ting-Lu|63/100
|-ability|p2a: Begru|Vessel of Ruin
|move|p1a: Deoxys|Expanding Force|p2a: Begru
|-immune|p2a: Begru
|
|-heal|p2a: Begru|69/100|[from] item: Leftovers
|upkeep
|turn|8
|
|t:|1760439137
|move|p1a: Deoxys|Superpower|p2a: Begru
|-supereffective|p2a: Begru
|-damage|p2a: Begru|38/100
|-unboost|p1a: Deoxys|atk|1
|-unboost|p1a: Deoxys|def|1
|-damage|p1a: Deoxys|68/100|[from] item: Life Orb
|move|p2a: Begru|Earthquake|p1a: Deoxys
|-damage|p1a: Deoxys|0 fnt
|faint|p1a: Deoxys
|
|-heal|p2a: Begru|44/100|[from] item: Leftovers
|-fieldend|move: Psychic Terrain
|upkeep
|
|t:|1760439153
|switch|p1a: Armarouge|Armarouge, M|36/100
|-damage|p1a: Armarouge|11/100|[from] Stealth Rock
|turn|9
|
|t:|1760439192
|move|p1a: Armarouge|Armor Cannon|p2a: Begru
|-damage|p2a: Begru|15/100
|-unboost|p1a: Armarouge|def|1
|-unboost|p1a: Armarouge|spd|1
|move|p2a: Begru|Earthquake|p1a: Armarouge
|-supereffective|p1a: Armarouge
|-damage|p1a: Armarouge|0 fnt
|faint|p1a: Armarouge
|
|-heal|p2a: Begru|21/100|[from] item: Leftovers
|upkeep
|
|t:|1760439210
|switch|p1a: Cinderace|Cinderace, F|100/100
|-damage|p1a: Cinderace|76/100|[from] Stealth Rock
|turn|10
|
|t:|1760439217
|switch|p2a: Jinn|Tornadus-Therian, M|100/100
|move|p1a: Cinderace|U-turn|p2a: Jinn
|-start|p1a: Cinderace|typechange|Bug|[from] ability: Libero
|-resisted|p2a: Jinn
|-damage|p2a: Jinn|78/100
|-message|Rocksane forfeited.
|
|win|luxgia
|raw|Rocksane's rating: 1609 &rarr; <strong>1587</strong><br />(-22 for losing)
|raw|luxgia's rating: 1572 &rarr; <strong>1594</strong><br />(+22 for winning)
|l|☆Rocksane
|player|p1|
