|j|☆Potential Man
|j|☆ivon_neeeeeee
|t:|1760458734
|gametype|singles
|player|p1|Potential Man|brock-gen2|1542
|player|p2|ivon_neeeeeee|acetrainerf|1482
|gen|9
|tier|[Gen 9] OU
|rated|
|rule|HP Percentage Mod: HP is shown in percentages
|rule|Endless Battle Clause: Forcing endless battles is banned
|rule|Species Clause: Limit one of each Pokémon
|rule|OHKO Clause: OHKO moves are banned
|rule|Evasion Items Clause: Evasion items are banned
|rule|Evasion Moves Clause: Evasion moves are banned
|rule|Evasion Abilities Clause: Evasion abilities are banned
|rule|Sleep Moves Clause: Sleep-inducing moves are banned
|clearpoke
|poke|p1|Toxtricity, M|
|poke|p1|Darkrai|
|poke|p1|Great Tusk|
|poke|p1|Corviknight, M|
|poke|p1|Dragapult, F|
|poke|p1|Clefable, M|
|poke|p2|Iron Valiant|
|poke|p2|Klefki, F|
|poke|p2|Alomomola, F|
|poke|p2|Gliscor, F|
|poke|p2|Kingambit, F|
|poke|p2|Moltres|
|teampreview
|inactive|Battle timer is ON: inactive players will automatically lose when time's up. (requested by Potential Man)
|
|t:|1760458746
|teamsize|p1|6
|teamsize|p2|6
|start
|switch|p1a: Bad Amp|Toxtricity, M, shiny|100/100
|switch|p2a: Gliscor|Gliscor, F|100/100
|turn|1
|
|t:|1760458753
|move|p1a: Bad Amp|Boomburst|p2a: Gliscor
|-damage|p2a: Gliscor|22/100
|move|p2a: Gliscor|Earthquake|p1a: Bad Amp
|-supereffective|p1a: Bad Amp
|-damage|p1a: Bad Amp|0 fnt
|faint|p1a: Bad Amp
|
|-status|p2a: Gliscor|tox|[from] item: Toxic Orb
|upkeep
|
|t:|1760458760
|switch|p1a: Darkrai|Darkrai|100/100
|turn|2
|
|t:|1760458764
|switch|p2a: Klefki|Klefki, F|100/100
|move|p1a: Darkrai|Dark Pulse|p2a: Klefki
|-resisted|p2a: Klefki
|-crit|p2a: Klefki
|-damage|p2a: Klefki|60/100
|
|upkeep
|turn|3
|
|t:|1760458771
|switch|p1a: Great Tusk|Great Tusk|100/100
|move|p2a: Klefki|Spikes|p1a: Great Tusk
|-sidestart|p1: Potential Man|Spikes
|
|upkeep
|turn|4
|
|t:|1760458778
|move|p2a: Klefki|Magnet Rise|p2a: Klefki
|-start|p2a: Klefki|Magnet Rise
|move|p1a: Great Tusk|Stealth Rock|p2a: Klefki
|-sidestart|p2: ivon_neeeeeee|move: Stealth Rock
|
|upkeep
|turn|5
|
|t:|1760458785
|move|p2a: Klefki|Spikes|p1a: Great Tusk
|-sidestart|p1: Potential Man|Spikes
|move|p1a: Great Tusk|Rapid Spin|p2a: Klefki
|-resisted|p2a: Klefki
|-damage|p2a: Klefki|52/100
|-boost|p1a: Great Tusk|spe|1
|-damage|p1a: Great Tusk|84/100|[from] item: Rocky Helmet|[of] p2a: Klefki
|-sideend|p1: Potential Man|Spikes|[from] move: Rapid Spin|[of] p1a: Great Tusk
|
|upkeep
|turn|6
|
|t:|1760458794
|move|p2a: Klefki|Spikes|p1a: Great Tusk
|-sidestart|p1: Potential Man|Spikes
|move|p1a: Great Tusk|Ice Spinner|p2a: Klefki
|-resisted|p2a: Klefki
|-damage|p2a: Klefki|40/100
|-damage|p1a: Great Tusk|68/100|[from] item: Rocky Helmet|[of] p2a: Klefki
|
|upkeep
|turn|7
|
|t:|1760458800
|switch|p2a: Alomomola|Alomomola, F|100/100
|move|p1a: Great Tusk|Rapid Spin|p2a: Alomomola
|-damage|p2a: Alomomola|92/100
|-boost|p1a: Great Tusk|spe|1
|-sideend|p1: Potential Man|Spikes|[from] move: Rapid Spin|[of] p1a: Great Tusk
|
|upkeep
|turn|8
|
|t:|1760458809
|-end|p1a: Great Tusk|Protosynthesis|[silent]
|switch|p1a: Clefable|Clefable, M|100/100
|move|p2a: Alomomola|Wish|p2a: Alomomola
|
|upkeep
|turn|9
|
|t:|1760458813
|move|p1a: Clefable|Thunder Wave|p2a: Alomomola
|-status|p2a: Alomomola|par
|move|p2a: Alomomola|Flip Turn|p1a: Clefable
|-damage|p1a: Clefable|88/100
|
|t:|1760458819
|switch|p2a: Klefki|Klefki, F|40/100|[from] Flip Turn
|-damage|p2a: Klefki|34/100|[from] Stealth Rock
|
|-heal|p2a: Klefki|100/100|[from] move: Wish|[wisher] Alomomola
|upkeep
|turn|10
|
|t:|1760458825
|move|p2a: Klefki|Thunder Wave|p1a: Clefable
|-status|p1a: Clefable|par
|cant|p1a: Clefable|par
|
|upkeep
|turn|11
|
|t:|1760458833
|switch|p2a: Alomomola|Alomomola, F|100/100 par
|move|p1a: Clefable|Thunder Wave|p2a: Alomomola
|-fail|p2a: Alomomola|par
|
|upkeep
|turn|12
|
|t:|1760458846
|move|p1a: Clefable|Moonblast|p2a: Alomomola
|-damage|p2a: Alomomola|63/100 par
|move|p2a: Alomomola|Wish|p2a: Alomomola
|
|upkeep
|turn|13
|
|t:|1760458850
|move|p1a: Clefable|Calm Mind|p1a: Clefable
|-boost|p1a: Clefable|spa|1
|-boost|p1a: Clefable|spd|1
|move|p2a: Alomomola|Flip Turn|p1a: Clefable
|-damage|p1a: Clefable|75/100 par
|
|t:|1760458856
|switch|p2a: Gliscor|Gliscor, F|22/100 tox|[from] Flip Turn
|-damage|p2a: Gliscor|9/100 tox|[from] Stealth Rock
|
|-heal|p2a: Gliscor|85/100 tox|[from] move: Wish|[wisher] Alomomola
|-heal|p2a: Gliscor|97/100 tox|[from] ability: Poison Heal
|upkeep
|turn|14
|
|t:|1760458866
|switch|p2a: Moltres|Moltres|100/100
|cant|p1a: Clefable|par
|
|upkeep
|turn|15
|
|t:|1760458870
|move|p1a: Clefable|Thunder Wave|p2a: Moltres
|-status|p2a: Moltres|par
|move|p2a: Moltres|Roar|p1a: Clefable
|drag|p1a: Great Tusk|Great Tusk|68/100
|
|upkeep
|turn|16
|
|t:|1760458876
|-end|p1a: Great Tusk|Protosynthesis|[silent]
|switch|p1a: Darkrai|Darkrai|100/100
|move|p2a: Moltres|Flamethrower|p1a: Darkrai
|-damage|p1a: Darkrai|55/100
|
|upkeep
|turn|17
|
|t:|1760458882
|switch|p2a: Kingambit|Kingambit, F|100/100
|-damage|p2a: Kingambit|94/100|[from] Stealth Rock
|move|p1a: Darkrai|Nasty Plot|p1a: Darkrai
|-boost|p1a: Darkrai|spa|2
|
|-heal|p2a: Kingambit|100/100|[from] item: Leftovers
|upkeep
|turn|18
|
|t:|1760458895
|-terastallize|p2a: Kingambit|Fairy
|move|p1a: Darkrai|Dark Pulse|p2a: Kingambit
|-resisted|p2a: Kingambit
|-damage|p2a: Kingambit|57/100
|cant|p2a: Kingambit|flinch
|
|-heal|p2a: Kingambit|63/100|[from] item: Leftovers
|upkeep
|turn|19
|
|t:|1760458905
|move|p2a: Kingambit|Sucker Punch|p1a: Darkrai
|-resisted|p1a: Darkrai
|-damage|p1a: Darkrai|29/100
|move|p1a: Darkrai|Dark Pulse|p2a: Kingambit
|-resisted|p2a: Kingambit
|-damage|p2a: Kingambit|19/100
|
|-heal|p2a: Kingambit|25/100|[from] item: Leftovers
|upkeep
|turn|20
|
|t:|1760458914
|move|p1a: Darkrai|Sludge Bomb|p2a: Kingambit
|-supereffective|p2a: Kingambit
|-damage|p2a: Kingambit|0 fnt
|faint|p2a: Kingambit
|-end|p2a: Kingambit|fallenundefined|[silent]
|
|upkeep
|
|t:|1760458921
|switch|p2a: Moltres|Moltres|100/100 par
|turn|21
|
|t:|1760458924
|move|p1a: Darkrai|Dark Pulse|p2a: Moltres
|-damage|p2a: Moltres|39/100 par
|move|p2a: Moltres|Flamethrower|p1a: Darkrai
|-damage|p1a: Darkrai|0 fnt
|faint|p1a: Darkrai
|
|upkeep
|
|t:|1760458932
|switch|p1a: Dragapult|Dragapult, F, shiny|100/100
|turn|22
|
|t:|1760458936
|switch|p2a: Klefki|Klefki, F|100/100
|-damage|p2a: Klefki|95/100|[from] Stealth Rock
|move|p1a: Dragapult|Hex|p2a: Klefki
|-damage|p2a: Klefki|62/100
|
|upkeep
|turn|23
|
|t:|1760458946
|move|p2a: Klefki|Thunder Wave|p1a: Dragapult
|-status|p1a: Dragapult|par
|move|p1a: Dragapult|Will-O-Wisp|p2a: Klefki
|-status|p2a: Klefki|brn
|
|-damage|p2a: Klefki|56/100 brn|[from] brn
|upkeep
|turn|24
|
|t:|1760458957
|move|p1a: Dragapult|Hex|p2a: Klefki
|-damage|p2a: Klefki|0 fnt
|faint|p2a: Klefki
|
|upkeep
|
|t:|1760458961
|switch|p2a: Iron Valiant|Iron Valiant|100/100
|turn|25
|
|t:|1760458969
|switch|p1a: Corviknight|Corviknight, M, shiny|100/100
|-ability|p1a: Corviknight|Pressure
|move|p2a: Iron Valiant|Moonblast|p1a: Corviknight
|-resisted|p1a: Corviknight
|-crit|p1a: Corviknight
|-damage|p1a: Corviknight|66/100
|
|upkeep
|turn|26
|
|t:|1760458976
|move|p2a: Iron Valiant|Thunderbolt|p1a: Corviknight
|-supereffective|p1a: Corviknight
|-damage|p1a: Corviknight|2/100
|-status|p1a: Corviknight|par
|move|p1a: Corviknight|Brave Bird|p2a: Iron Valiant
|-supereffective|p2a: Iron Valiant
|-damage|p2a: Iron Valiant|7/100
|-damage|p1a: Corviknight|0 fnt|[from] Recoil
|faint|p1a: Corviknight
|
|upkeep
|
|t:|1760458981
|switch|p1a: Clefable|Clefable, M|75/100 par
|turn|27
|
|t:|1760458989
|-end|p2a: Iron Valiant|Quark Drive|[silent]
|switch|p2a: Alomomola|Alomomola, F|97/100 par
|switch|p1a: Great Tusk|Great Tusk|68/100
|
|upkeep
|turn|28
|
|t:|1760458994
|-end|p1a: Great Tusk|Protosynthesis|[silent]
|switch|p1a: Dragapult|Dragapult, F, shiny|100/100 par
|move|p2a: Alomomola|Wish|p2a: Alomomola
|
|upkeep
|turn|29
|
|t:|1760458998
|move|p1a: Dragapult|Hex|p2a: Alomomola
|-damage|p2a: Alomomola|36/100 par
|move|p2a: Alomomola|Flip Turn|p1a: Dragapult
|-resisted|p1a: Dragapult
|-damage|p1a: Dragapult|89/100 par
|
|t:|1760459004
|switch|p2a: Iron Valiant|Iron Valiant|7/100|[from] Flip Turn
|
|-heal|p2a: Iron Valiant|99/100|[from] move: Wish|[wisher] Alomomola
|upkeep
|turn|30
|
|t:|1760459010
|-terastallize|p1a: Dragapult|Fairy
|move|p2a: Iron Valiant|Moonblast|p1a: Dragapult
|-damage|p1a: Dragapult|11/100 par
|cant|p1a: Dragapult|par
|
|upkeep
|turn|31
|
|t:|1760459016
|move|p2a: Iron Valiant|Moonblast|p1a: Dragapult
|-damage|p1a: Dragapult|0 fnt
|faint|p1a: Dragapult
|
|upkeep
|
|t:|1760459018
|switch|p1a: Great Tusk|Great Tusk|68/100
|turn|32
|-message|Potential Man forfeited.
|
|win|ivon_neeeeeee
|raw|Potential Man's rating: 1542 &rarr; <strong>1519</strong><br />(-23 for losing)
|raw|ivon_neeeeeee's rating: 1482 &rarr; <strong>1505</strong><br />(+23 for winning)
|l|☆Potential Man
|player|p1|
|l|☆ivon_neeeeeee
|player|p2|
