|j|☆bigunc101
|j|☆LegendDracoMaster
|t:|1760375083
|gametype|singles
|player|p1|bigunc101|lucas-gen4pt|1091
|player|p2|LegendDracoMaster|lance|1105
|gen|9
|tier|[Gen 9] OU
|rated|
|rule|HP Percentage Mod: HP is shown in percentages
|rule|Endless Battle Clause: Forcing endless battles is banned
|rule|Species Clause: Limit one of each Pokémon
|rule|OHKO Clause: OHKO moves are banned
|rule|Evasion Items Clause: Evasion items are banned
|rule|Evasion Moves Clause: Evasion moves are banned
|rule|Evasion Abilities Clause: Evasion abilities are banned
|rule|Sleep Moves Clause: Sleep-inducing moves are banned
|clearpoke
|poke|p1|Blastoise, F|
|poke|p1|Milotic, M|
|poke|p1|Gliscor, M|
|poke|p1|Latias, F|
|poke|p1|Cinderace, F|
|poke|p1|Misdreavus, M|
|poke|p2|Dragapult, M|
|poke|p2|Haxorus, M|
|poke|p2|Salamence, M|
|poke|p2|Garchomp, M|
|poke|p2|Kommo-o, M|
|poke|p2|Hydreigon, M|
|teampreview
|inactive|Battle timer is ON: inactive players will automatically lose when time's up. (requested by bigunc101)
|c|☆LegendDracoMaster|Typical
|c|☆LegendDracoMaster|Wait a Misdreavus???
|c|☆LegendDracoMaster|Are you here to wi?
|c|☆LegendDracoMaster|Win?
|
|t:|1760375115
|teamsize|p1|6
|teamsize|p2|6
|start
|switch|p1a: squirlo|Blastoise, F|100/100
|switch|p2a: Kommo-o|Kommo-o, M, shiny|100/100
|turn|1
|
|t:|1760375126
|move|p2a: Kommo-o|Dragon Dance|p2a: Kommo-o
|-boost|p2a: Kommo-o|atk|1
|-boost|p2a: Kommo-o|spe|1
|move|p1a: squirlo|Shell Smash|p1a: squirlo
|-unboost|p1a: squirlo|def|1
|-unboost|p1a: squirlo|spd|1
|-boost|p1a: squirlo|atk|2
|-boost|p1a: squirlo|spa|2
|-boost|p1a: squirlo|spe|2
|
|upkeep
|turn|2
|
|t:|1760375138
|move|p2a: Kommo-o|Dragon Claw|p1a: squirlo
|-damage|p1a: squirlo|28/100
|move|p1a: squirlo|Ice Beam|p2a: Kommo-o
|-supereffective|p2a: Kommo-o
|-damage|p2a: Kommo-o|26/100
|
|-heal|p1a: squirlo|34/100|[from] item: Leftovers
|upkeep
|turn|3
|
|t:|1760375151
|move|p2a: Kommo-o|Drain Punch|p1a: squirlo
|-damage|p1a: squirlo|0 fnt
|-heal|p2a: Kommo-o|47/100|[from] drain|[of] p1a: squirlo
|faint|p1a: squirlo
|
|upkeep
|c|☆LegendDracoMaster|Awww yeah!!!
|
|t:|1760375166
|switch|p1a: gliggy|Gliscor, M|100/100
|turn|4
|c|☆LegendDracoMaster|#DRAGONSRULE!!
|
|t:|1760375176
|move|p1a: gliggy|Protect|p1a: gliggy
|-singleturn|p1a: gliggy|Protect
|move|p2a: Kommo-o|Dragon Claw|p1a: gliggy
|-activate|p1a: gliggy|move: Protect
|
|-status|p1a: gliggy|tox|[from] item: Toxic Orb
|upkeep
|turn|5
|
|t:|1760375189
|move|p2a: Kommo-o|Dragon Dance|p2a: Kommo-o
|-boost|p2a: Kommo-o|atk|1
|-boost|p2a: Kommo-o|spe|1
|move|p1a: gliggy|Facade|p2a: Kommo-o
|-damage|p2a: Kommo-o|10/100
|
|upkeep
|turn|6
|
|t:|1760375197
|move|p1a: gliggy|Protect|p1a: gliggy
|-singleturn|p1a: gliggy|Protect
|move|p2a: Kommo-o|Iron Head|p1a: gliggy
|-activate|p1a: gliggy|move: Protect
|
|upkeep
|turn|7
|
|t:|1760375224
|switch|p1a: dreavy|Misdreavus, M|100/100
|move|p2a: Kommo-o|Iron Head|p1a: dreavy
|-damage|p1a: dreavy|36/100
|
|upkeep
|turn|8
|
|t:|1760375235
|move|p2a: Kommo-o|Dragon Claw|p1a: dreavy
|-damage|p1a: dreavy|0 fnt
|faint|p1a: dreavy
|
|upkeep
|c|☆LegendDracoMaster|Dude....
|inactive|bigunc101 has 120 seconds left.
|
|t:|1760375247
|switch|p1a: latatat|Latias, F|100/100
|turn|9
|
|t:|1760375254
|move|p2a: Kommo-o|Dragon Claw|p1a: latatat
|-supereffective|p1a: latatat
|-damage|p1a: latatat|0 fnt
|faint|p1a: latatat
|
|upkeep
|
|t:|1760375258
|switch|p1a: scorsy|Cinderace, F|100/100
|turn|10
|c|☆LegendDracoMaster|RIP Latias
|c|☆LegendDracoMaster|You will be missed :(
|
|t:|1760375273
|move|p1a: scorsy|Sucker Punch|p2a: Kommo-o
|-start|p1a: scorsy|typechange|Dark|[from] ability: Libero
|-resisted|p2a: Kommo-o
|-damage|p2a: Kommo-o|0 fnt
|faint|p2a: Kommo-o
|
|upkeep
|
|t:|1760375283
|switch|p2a: Hydreigon|Hydreigon, M, shiny|100/100
|turn|11
|
|t:|1760375291
|move|p1a: scorsy|High Jump Kick|p2a: Hydreigon
|-supereffective|p2a: Hydreigon
|-damage|p2a: Hydreigon|8/100
|move|p2a: Hydreigon|Nasty Plot|p2a: Hydreigon
|-boost|p2a: Hydreigon|spa|2
|
|upkeep
|turn|12
|
|t:|1760375300
|move|p1a: scorsy|U-turn|p2a: Hydreigon
|-supereffective|p2a: Hydreigon
|-damage|p2a: Hydreigon|0 fnt
|faint|p2a: Hydreigon
|
|t:|1760375308
|switch|p1a: milotonin|Milotic, M|100/100|[from] U-turn
|
|upkeep
|
|t:|1760375316
|switch|p2a: Dragapult|Dragapult, M, shiny|100/100
|turn|13
|
|t:|1760375330
|-terastallize|p1a: milotonin|Fairy
|move|p2a: Dragapult|Dragon Dance|p2a: Dragapult
|-boost|p2a: Dragapult|atk|1
|-boost|p2a: Dragapult|spe|1
|move|p1a: milotonin|Ice Beam|p2a: Dragapult
|-supereffective|p2a: Dragapult
|-damage|p2a: Dragapult|41/100
|
|upkeep
|turn|14
|c|☆LegendDracoMaster|Guess I lose
|
|t:|1760375339
|move|p2a: Dragapult|Phantom Force||[still]
|-prepare|p2a: Dragapult|Phantom Force
|move|p1a: milotonin|Ice Beam|p2a: Dragapult|[miss]
|-miss|p1a: milotonin|p2a: Dragapult
|
|upkeep
|turn|15
|
|t:|1760375346
|move|p2a: Dragapult|Phantom Force|p1a: milotonin|[from] lockedmove
|-damage|p1a: milotonin|41/100
|move|p1a: milotonin|Ice Beam|p2a: Dragapult
|-supereffective|p2a: Dragapult
|-damage|p2a: Dragapult|0 fnt
|faint|p2a: Dragapult
|
|-heal|p1a: milotonin|47/100|[from] item: Leftovers
|upkeep
|
|t:|1760375358
|switch|p2a: Haxorus|Haxorus, M, shiny|100/100
|-ability|p2a: Haxorus|Mold Breaker
|turn|16
|
|t:|1760375366
|-terastallize|p2a: Haxorus|Poison
|move|p2a: Haxorus|Dragon Dance|p2a: Haxorus
|-boost|p2a: Haxorus|atk|1
|-boost|p2a: Haxorus|spe|1
|move|p1a: milotonin|Ice Beam|p2a: Haxorus
|-damage|p2a: Haxorus|69/100
|
|-heal|p1a: milotonin|53/100|[from] item: Leftovers
|upkeep
|turn|17
|
|t:|1760375377
|move|p2a: Haxorus|Poison Jab|p1a: milotonin
|-supereffective|p1a: milotonin
|-damage|p1a: milotonin|0 fnt
|faint|p1a: milotonin
|
|upkeep
|
|t:|1760375381
|switch|p1a: gliggy|Gliscor, M|100/100 tox
|turn|18
|
|t:|1760375387
|move|p2a: Haxorus|Dragon Dance|p2a: Haxorus
|-boost|p2a: Haxorus|atk|1
|-boost|p2a: Haxorus|spe|1
|move|p1a: gliggy|Earthquake|p2a: Haxorus
|-supereffective|p2a: Haxorus
|-damage|p2a: Haxorus|0 fnt
|faint|p2a: Haxorus
|
|upkeep
|
|t:|1760375394
|switch|p2a: Salamence|Salamence, M, shiny|100/100
|turn|19
|
|t:|1760375402
|move|p2a: Salamence|Dragon Dance|p2a: Salamence
|-boost|p2a: Salamence|atk|1
|-boost|p2a: Salamence|spe|1
|move|p1a: gliggy|Facade|p2a: Salamence
|-damage|p2a: Salamence|56/100
|
|upkeep
|turn|20
|
|t:|1760375410
|move|p2a: Salamence|Dragon Dance|p2a: Salamence
|-boost|p2a: Salamence|atk|1
|-boost|p2a: Salamence|spe|1
|move|p1a: gliggy|Facade|p2a: Salamence
|-damage|p2a: Salamence|9/100
|
|upkeep
|turn|21
|
|t:|1760375416
|move|p1a: gliggy|Protect|p1a: gliggy
|-singleturn|p1a: gliggy|Protect
|move|p2a: Salamence|Dual Wingbeat|p1a: gliggy
|-activate|p1a: gliggy|move: Protect
|
|upkeep
|turn|22
|
|t:|1760375424
|move|p2a: Salamence|Dual Wingbeat|p1a: gliggy
|-damage|p1a: gliggy|61/100 tox
|-damage|p1a: gliggy|16/100 tox
|-hitcount|p1a: gliggy|2
|move|p1a: gliggy|Facade|p2a: Salamence
|-damage|p2a: Salamence|0 fnt
|faint|p2a: Salamence
|
|-heal|p1a: gliggy|29/100 tox|[from] ability: Poison Heal
|upkeep
|
|t:|1760375433
|switch|p2a: Garchomp|Garchomp, M, shiny|100/100
|turn|23
|c|☆bigunc101|HEY
|c|☆LegendDracoMaster|Sup
|c|☆bigunc101|sorry i aint see your messages
|c|☆bigunc101|i was watching a vid
|c|☆LegendDracoMaster|No worries
|
|t:|1760375461
|move|p2a: Garchomp|Swords Dance|p2a: Garchomp
|-boost|p2a: Garchomp|atk|2
|move|p1a: gliggy|Facade|p2a: Garchomp
|-damage|p2a: Garchomp|61/100
|-damage|p1a: gliggy|16/100 tox|[from] ability: Rough Skin|[of] p2a: Garchomp
|
|-heal|p1a: gliggy|29/100 tox|[from] ability: Poison Heal
|upkeep
|turn|24
|c|☆LegendDracoMaster|People don't really talk here
|c|☆bigunc101|lol ikr
|inactive|bigunc101 has 120 seconds left.
|c|☆bigunc101|flippin cool team btw
|
|t:|1760375483
|move|p2a: Garchomp|Swords Dance|p2a: Garchomp
|-boost|p2a: Garchomp|atk|2
|move|p1a: gliggy|Facade|p2a: Garchomp
|-damage|p2a: Garchomp|22/100
|-damage|p1a: gliggy|16/100 tox|[from] ability: Rough Skin|[of] p2a: Garchomp
|
|-heal|p1a: gliggy|29/100 tox|[from] ability: Poison Heal
|upkeep
|turn|25
|c|☆LegendDracoMaster|Thanks
|inactive|bigunc101 has 120 seconds left.
|c|☆bigunc101|np
|c|☆LegendDracoMaster|Thought you were gonna protecc
|
|t:|1760375506
|move|p1a: gliggy|Protect|p1a: gliggy
|-singleturn|p1a: gliggy|Protect
|move|p2a: Garchomp|Rock Slide|p1a: gliggy
|-activate|p1a: gliggy|move: Protect
|
|-heal|p1a: gliggy|41/100 tox|[from] ability: Poison Heal
|upkeep
|turn|26
|c|☆bigunc101|hehe
|inactive|bigunc101 has 120 seconds left.
|
|t:|1760375516
|move|p2a: Garchomp|Rock Slide|p1a: gliggy
|-damage|p1a: gliggy|0 fnt
|faint|p1a: gliggy
|
|upkeep
|
|t:|1760375518
|switch|p1a: scorsy|Cinderace, F|100/100
|turn|27
|c|☆LegendDracoMaster|It still kills
|c|☆LegendDracoMaster|Now this annoying rabbit
|c|☆bigunc101|lol
|c|☆bigunc101|my bunneh
|inactive|LegendDracoMaster has 120 seconds left.
|c|☆LegendDracoMaster|Mind stopping the timer?
|inactive|bigunc101 has 120 seconds left.
|inactiveoff|Battle timer is now OFF.
|c|☆bigunc101|gotcha
|c|☆LegendDracoMaster|I need to predict here
|c|☆LegendDracoMaster|One Sucker punch and I lose
|c|☆bigunc101|i can either a pyro ball
|c|☆bigunc101|sucker punch
|c|☆LegendDracoMaster|Unless you got focus sash I'd still lose
|c|☆bigunc101|u turn which i wont or high jump kick which i wont
|c|☆bigunc101|i got hevy duty boots
|c|☆LegendDracoMaster|I'll put it all on this gamble
|c|☆bigunc101|les do it
|
|t:|1760375628
|move|p1a: scorsy|Pyro Ball|p2a: Garchomp
|-resisted|p2a: Garchomp
|-damage|p2a: Garchomp|0 fnt
|faint|p2a: Garchomp
|
|win|bigunc101
|raw|bigunc101's rating: 1091 &rarr; <strong>1118</strong><br />(+27 for winning)
|raw|LegendDracoMaster's rating: 1105 &rarr; <strong>1079</strong><br />(-26 for losing)
|c|☆bigunc101|ggs mane
|c|☆LegendDracoMaster|Well played mate
|l|☆LegendDracoMaster
|player|p2|
|c|☆bigunc101|cool concept for a team
|j|☆LegendDracoMaster
|player|p2|LegendDracoMaster|lance|
|c|☆LegendDracoMaster|Yeah
|c|☆LegendDracoMaster|Just used my love of pure power
|c|☆bigunc101|i sure do lol
|l|☆LegendDracoMaster
|player|p2|
|l|☆bigunc101
|player|p1|
