|j|☆ayayalaptop
|j|☆hamoodiscute
|t:|1760445285
|gametype|singles
|player|p1|ayayalaptop|170|1434
|player|p2|hamoodiscute|169|1467
|gen|9
|tier|[Gen 9] OU
|rated|
|rule|HP Percentage Mod: HP is shown in percentages
|rule|Endless Battle Clause: Forcing endless battles is banned
|rule|Species Clause: Limit one of each Pokémon
|rule|OHKO Clause: OHKO moves are banned
|rule|Evasion Items Clause: Evasion items are banned
|rule|Evasion Moves Clause: Evasion moves are banned
|rule|Evasion Abilities Clause: Evasion abilities are banned
|rule|Sleep Moves Clause: Sleep-inducing moves are banned
|clearpoke
|poke|p1|Pelipper, F|
|poke|p1|Raikou|
|poke|p1|Glimmora, F|
|poke|p1|Rillaboom, M|
|poke|p1|Scizor, M|
|poke|p1|Ting-Lu|
|poke|p2|Ting-Lu|
|poke|p2|Slowking-Galar, M|
|poke|p2|Corviknight, M|
|poke|p2|Cinderace, M|
|poke|p2|Ogerpon-Wellspring, F|
|poke|p2|Raging Bolt|
|teampreview
|inactive|Battle timer is ON: inactive players will automatically lose when time's up. (requested by ayayalaptop)
|
|t:|1760445300
|teamsize|p1|6
|teamsize|p2|6
|start
|switch|p1a: Scizor|Scizor, M|100/100
|switch|p2a: Corviknight|Corviknight, M, shiny|100/100
|-ability|p2a: Corviknight|Pressure
|turn|1
|
|t:|1760445304
|move|p1a: Scizor|U-turn|p2a: Corviknight
|-resisted|p2a: Corviknight
|-damage|p2a: Corviknight|95/100
|-damage|p1a: Scizor|84/100|[from] item: Rocky Helmet|[of] p2a: Corviknight
|
|t:|1760445319
|switch|p1a: Glimmora|Glimmora, F|100/100|[from] U-turn
|move|p2a: Corviknight|U-turn|p1a: Glimmora
|-resisted|p1a: Glimmora
|-damage|p1a: Glimmora|95/100
|-activate|p1a: Glimmora|ability: Toxic Debris
|-sidestart|p2: hamoodiscute|move: Toxic Spikes
|
|t:|1760445329
|switch|p2a: Slowking|Slowking-Galar, M, shiny|100/100|[from] U-turn
|-sideend|p2: hamoodiscute|move: Toxic Spikes|[of] p2a: Slowking
|
|-heal|p1a: Glimmora|100/100|[from] item: Black Sludge
|upkeep
|turn|2
|
|t:|1760445338
|move|p1a: Glimmora|Spikes|p2a: Slowking
|-sidestart|p2: hamoodiscute|Spikes
|move|p2a: Slowking|Psychic Noise|p1a: Glimmora
|-supereffective|p1a: Glimmora
|-crit|p1a: Glimmora
|-damage|p1a: Glimmora|10/100
|-start|p1a: Glimmora|move: Heal Block
|
|upkeep
|turn|3
|
|t:|1760445345
|switch|p1a: Ting-Lu|Ting-Lu|100/100
|-ability|p1a: Ting-Lu|Vessel of Ruin
|move|p2a: Slowking|Psychic Noise|p1a: Ting-Lu
|-immune|p1a: Ting-Lu
|
|upkeep
|turn|4
|
|t:|1760445353
|move|p1a: Ting-Lu|Ruination|p2a: Slowking
|-damage|p2a: Slowking|51/100
|-prepare|p2a: Slowking|Chilly Reception|[premajor]
|move|p2a: Slowking|Chilly Reception|p2a: Slowking
|-weather|Snowscape
|
|t:|1760445358
|switch|p2a: Cinderace|Cinderace, M, shiny|100/100|[from] Chilly Reception
|
|-weather|Snowscape|[upkeep]
|upkeep
|turn|5
|
|t:|1760445362
|move|p2a: Cinderace|Court Change|p2a: Cinderace
|-start|p2a: Cinderace|typechange|Normal|[from] ability: Libero
|-swapsideconditions
|-activate|p2a: Cinderace|move: Court Change
|move|p1a: Ting-Lu|Earthquake|p2a: Cinderace
|-damage|p2a: Cinderace|43/100
|
|-weather|Snowscape|[upkeep]
|upkeep
|turn|6
|
|t:|1760445366
|move|p2a: Cinderace|U-turn|p1a: Ting-Lu
|-supereffective|p1a: Ting-Lu
|-damage|p1a: Ting-Lu|74/100
|
|t:|1760445368
|switch|p2a: Ogerpon|Ogerpon-Wellspring, F|100/100|[from] U-turn
|move|p1a: Ting-Lu|Stealth Rock|p2a: Ogerpon
|-sidestart|p2: hamoodiscute|move: Stealth Rock
|
|-weather|Snowscape|[upkeep]
|-heal|p1a: Ting-Lu|81/100|[from] item: Leftovers
|upkeep
|turn|7
|
|t:|1760445373
|switch|p1a: Rillaboom|Rillaboom, M|100/100
|-damage|p1a: Rillaboom|88/100|[from] Spikes
|-fieldstart|move: Grassy Terrain|[from] ability: Grassy Surge|[of] p1a: Rillaboom
|move|p2a: Ogerpon|Encore||[still]
|-fail|p2a: Ogerpon
|
|-weather|Snowscape|[upkeep]
|-heal|p1a: Rillaboom|94/100|[from] Grassy Terrain
|upkeep
|turn|8
|
|t:|1760445376
|move|p2a: Ogerpon|U-turn|p1a: Rillaboom
|-supereffective|p1a: Rillaboom
|-crit|p1a: Rillaboom
|-damage|p1a: Rillaboom|14/100
|
|t:|1760445380
|switch|p2a: Corviknight|Corviknight, M, shiny|95/100|[from] U-turn
|-damage|p2a: Corviknight|83/100|[from] Stealth Rock
|-ability|p2a: Corviknight|Pressure
|move|p1a: Rillaboom|U-turn|p2a: Corviknight
|-resisted|p2a: Corviknight
|-damage|p2a: Corviknight|79/100
|-damage|p1a: Rillaboom|0 fnt|[from] item: Rocky Helmet|[of] p2a: Corviknight
|faint|p1a: Rillaboom
|
|-weather|none
|upkeep
|
|t:|1760445385
|switch|p1a: Raikou|Raikou|100/100
|-damage|p1a: Raikou|88/100|[from] Spikes
|-ability|p1a: Raikou|Pressure
|turn|9
|
|t:|1760445391
|switch|p2a: Ting-Lu|Ting-Lu|100/100
|-damage|p2a: Ting-Lu|94/100|[from] Stealth Rock
|-ability|p2a: Ting-Lu|Vessel of Ruin
|move|p1a: Raikou|Substitute|p1a: Raikou
|-start|p1a: Raikou|Substitute
|-damage|p1a: Raikou|63/100
|
|-heal|p1a: Raikou|69/100|[from] Grassy Terrain
|-heal|p1a: Raikou|76/100|[from] item: Leftovers
|-heal|p2a: Ting-Lu|100/100|[from] Grassy Terrain
|upkeep
|turn|10
|
|t:|1760445394
|move|p1a: Raikou|Scald|p2a: Ting-Lu
|-supereffective|p2a: Ting-Lu
|-damage|p2a: Ting-Lu|78/100
|move|p2a: Ting-Lu|Whirlwind|p1a: Raikou
|drag|p1a: Pelipper|Pelipper, F|100/100
|-weather|RainDance|[from] ability: Drizzle|[of] p1a: Pelipper
|
|-weather|RainDance|[upkeep]
|-heal|p2a: Ting-Lu|84/100|[from] Grassy Terrain
|-heal|p2a: Ting-Lu|90/100|[from] item: Leftovers
|upkeep
|turn|11
|
|t:|1760445403
|move|p2a: Ting-Lu|Protect|p2a: Ting-Lu
|-singleturn|p2a: Ting-Lu|Protect
|move|p1a: Pelipper|Weather Ball|p2a: Ting-Lu
|-activate|p2a: Ting-Lu|move: Protect
|
|-weather|RainDance|[upkeep]
|-heal|p2a: Ting-Lu|97/100|[from] Grassy Terrain
|-heal|p2a: Ting-Lu|100/100|[from] item: Leftovers
|upkeep
|turn|12
|
|t:|1760445410
|switch|p2a: Slowking|Slowking-Galar, M, shiny|84/100
|move|p1a: Pelipper|Hurricane|p2a: Slowking
|-damage|p2a: Slowking|59/100
|
|-weather|RainDance|[upkeep]
|-heal|p2a: Slowking|65/100|[from] Grassy Terrain
|upkeep
|turn|13
|
|t:|1760445413
|move|p1a: Pelipper|U-turn|p2a: Slowking
|-damage|p2a: Slowking|57/100
|
|t:|1760445419
|switch|p1a: Ting-Lu|Ting-Lu|81/100|[from] U-turn
|-damage|p1a: Ting-Lu|68/100|[from] Spikes
|-ability|p1a: Ting-Lu|Vessel of Ruin
|-prepare|p2a: Slowking|Chilly Reception|[premajor]
|move|p2a: Slowking|Chilly Reception|p2a: Slowking
|-weather|Snowscape
|-message|ayayalaptop forfeited.
|
|win|hamoodiscute
|raw|ayayalaptop's rating: 1434 &rarr; <strong>1416</strong><br />(-18 for losing)
|raw|hamoodiscute's rating: 1467 &rarr; <strong>1485</strong><br />(+18 for winning)
|l|☆ayayalaptop
|player|p1|
|l|☆hamoodiscute
|player|p2|
