|j|☆Mr. Mekky▲
|j|☆hoang nguyen
|t:|1760365465
|gametype|singles
|player|p1|Mr. Mekky▲|dancer|1326
|player|p2|hoang nguyen|2|1353
|gen|9
|tier|[Gen 9] OU
|rated|
|rule|HP Percentage Mod: HP is shown in percentages
|rule|Endless Battle Clause: Forcing endless battles is banned
|rule|Species Clause: Limit one of each Pokémon
|rule|OHKO Clause: OHKO moves are banned
|rule|Evasion Items Clause: Evasion items are banned
|rule|Evasion Moves Clause: Evasion moves are banned
|rule|Evasion Abilities Clause: Evasion abilities are banned
|rule|Sleep Moves Clause: Sleep-inducing moves are banned
|clearpoke
|poke|p1|Pelipper, M|
|poke|p1|Goodra-Hisui, F|
|poke|p1|Zapdos|
|poke|p1|Greninja-*, M|
|poke|p1|Hatterene, F|
|poke|p1|Barraskewda, M|
|poke|p2|Alomomola, F|
|poke|p2|Gholdengo|
|poke|p2|Dragonite, F|
|poke|p2|Garchomp, M|
|poke|p2|Terrakion|
|poke|p2|Slowking-Galar, F|
|teampreview
|
|t:|1760365483
|teamsize|p1|6
|teamsize|p2|6
|start
|switch|p1a: Greninja|Greninja, M|100/100
|switch|p2a: Slowking|Slowking-Galar, F|100/100
|turn|1
|
|t:|1760365492
|move|p1a: Greninja|Dark Pulse|p2a: Slowking
|-supereffective|p2a: Slowking
|-damage|p2a: Slowking|29/100
|-damage|p1a: Greninja|91/100|[from] item: Life Orb
|cant|p2a: Slowking|flinch
|
|-heal|p2a: Slowking|35/100|[from] item: Leftovers
|upkeep
|turn|2
|
|t:|1760365515
|switch|p2a: Alomomola|Alomomola, F|100/100
|move|p1a: Greninja|Surf|p2a: Alomomola
|-resisted|p2a: Alomomola
|-damage|p2a: Alomomola|69/100
|-damage|p1a: Greninja|81/100|[from] item: Life Orb
|
|upkeep
|turn|3
|
|t:|1760365525
|move|p1a: Greninja|Dark Pulse|p2a: Alomomola
|-damage|p2a: Alomomola|13/100
|-damage|p1a: Greninja|71/100|[from] item: Life Orb
|cant|p2a: Alomomola|flinch
|
|upkeep
|turn|4
|
|t:|1760365537
|move|p2a: Alomomola|Protect|p2a: Alomomola
|-singleturn|p2a: Alomomola|Protect
|move|p1a: Greninja|Dark Pulse|p2a: Alomomola
|-activate|p2a: Alomomola|move: Protect
|
|upkeep
|turn|5
|
|t:|1760365542
|switch|p2a: Terrakion|Terrakion|100/100
|move|p1a: Greninja|Dark Pulse|p2a: Terrakion
|-resisted|p2a: Terrakion
|-damage|p2a: Terrakion|75/100
|-ability|p2a: Terrakion|Justified|boost
|-boost|p2a: Terrakion|atk|1
|-damage|p1a: Greninja|61/100|[from] item: Life Orb
|
|upkeep
|turn|6
|
|t:|1760365554
|move|p2a: Terrakion|Stone Edge|p1a: Greninja
|-damage|p1a: Greninja|0 fnt
|faint|p1a: Greninja
|
|upkeep
|c|☆Mr. Mekky▲|i cancelled surf lol
|c|☆Mr. Mekky▲|showdown bugging
|c|☆hoang nguyen|lol
|
|t:|1760365590
|switch|p1a: Barraskewda|Barraskewda, M|100/100
|turn|7
|
|t:|1760365596
|move|p1a: Barraskewda|Aqua Jet|p2a: Terrakion
|-supereffective|p2a: Terrakion
|-damage|p2a: Terrakion|0 fnt
|faint|p2a: Terrakion
|
|upkeep
|
|t:|1760365604
|switch|p2a: Alomomola|Alomomola, F|47/100
|turn|8
|
|t:|1760365610
|switch|p1a: Zapdos|Zapdos|100/100
|move|p2a: Alomomola|Wish|p2a: Alomomola
|
|upkeep
|turn|9
|
|t:|1760365625
|switch|p2a: Slowking|Slowking-Galar, F|68/100
|move|p1a: Zapdos|Volt Switch|p2a: Slowking
|-damage|p2a: Slowking|35/100
|
|t:|1760365638
|switch|p1a: Pelipper|Pelipper, M|100/100|[from] Volt Switch
|-weather|RainDance|[from] ability: Drizzle|[of] p1a: Pelipper
|
|-weather|RainDance|[upkeep]
|-heal|p2a: Slowking|100/100|[from] move: Wish|[wisher] Alomomola
|upkeep
|turn|10
|
|t:|1760365645
|move|p1a: Pelipper|Knock Off|p2a: Slowking
|-supereffective|p2a: Slowking
|-damage|p2a: Slowking|72/100
|-enditem|p2a: Slowking|Leftovers|[from] move: Knock Off|[of] p1a: Pelipper
|move|p2a: Slowking|Future Sight|p1a: Pelipper
|-start|p2a: Slowking|move: Future Sight
|
|-weather|RainDance|[upkeep]
|upkeep
|turn|11
|
|t:|1760365655
|move|p1a: Pelipper|U-turn|p2a: Slowking
|-damage|p2a: Slowking|63/100
|
|t:|1760365668
|switch|p1a: Goodra|Goodra-Hisui, F|100/100|[from] U-turn
|-prepare|p2a: Slowking|Chilly Reception|[premajor]
|move|p2a: Slowking|Chilly Reception|p2a: Slowking
|-weather|Snowscape
|
|t:|1760365693
|switch|p2a: Garchomp|Garchomp, M|100/100|[from] Chilly Reception
|
|-weather|Snowscape|[upkeep]
|upkeep
|turn|12
|
|t:|1760365701
|move|p2a: Garchomp|Stealth Rock|p1a: Goodra
|-sidestart|p1: Mr. Mekky▲|move: Stealth Rock
|move|p1a: Goodra|Ice Beam|p2a: Garchomp
|-supereffective|p2a: Garchomp
|-damage|p2a: Garchomp|0 fnt
|faint|p2a: Garchomp
|
|-weather|Snowscape|[upkeep]
|-end|p1a: Goodra|move: Future Sight
|-resisted|p1a: Goodra
|-damage|p1a: Goodra|88/100
|upkeep
|
|t:|1760365707
|switch|p2a: Gholdengo|Gholdengo|100/100
|turn|13
|
|t:|1760365713
|move|p2a: Gholdengo|Nasty Plot|p2a: Gholdengo
|-boost|p2a: Gholdengo|spa|2
|move|p1a: Goodra|Flamethrower|p2a: Gholdengo
|-supereffective|p2a: Gholdengo
|-damage|p2a: Gholdengo|42/100
|
|-weather|Snowscape|[upkeep]
|-heal|p2a: Gholdengo|48/100|[from] item: Leftovers
|upkeep
|turn|14
|
|t:|1760365722
|move|p2a: Gholdengo|Shadow Ball|p1a: Goodra
|-damage|p1a: Goodra|47/100
|move|p1a: Goodra|Flamethrower|p2a: Gholdengo
|-supereffective|p2a: Gholdengo
|-crit|p2a: Gholdengo
|-damage|p2a: Gholdengo|0 fnt
|faint|p2a: Gholdengo
|
|-weather|Snowscape|[upkeep]
|upkeep
|
|t:|1760365729
|switch|p2a: Dragonite|Dragonite, F|100/100
|turn|15
|
|t:|1760365734
|-terastallize|p2a: Dragonite|Fairy
|move|p2a: Dragonite|Dragon Dance|p2a: Dragonite
|-boost|p2a: Dragonite|atk|1
|-boost|p2a: Dragonite|spe|1
|move|p1a: Goodra|Ice Beam|p2a: Dragonite
|-damage|p2a: Dragonite|85/100
|
|-weather|none
|upkeep
|turn|16
|
|t:|1760365742
|move|p2a: Dragonite|Scale Shot|p1a: Goodra
|-damage|p1a: Goodra|27/100
|-crit|p1a: Goodra
|-damage|p1a: Goodra|0 fnt
|faint|p1a: Goodra
|-hitcount|p1: Goodra|2
|-unboost|p2a: Dragonite|def|1
|-boost|p2a: Dragonite|spe|1
|
|upkeep
|
|t:|1760365778
|switch|p1a: Hatterene|Hatterene, F|100/100
|-damage|p1a: Hatterene|88/100|[from] Stealth Rock
|turn|17
|
|t:|1760365799
|move|p2a: Dragonite|Tera Blast|p1a: Hatterene|[anim] Tera Blast Fairy
|-damage|p1a: Hatterene|27/100
|-enditem|p1a: Hatterene|Eject Button
|
|t:|1760365804
|switch|p1a: Pelipper|Pelipper, M|100/100
|-damage|p1a: Pelipper|76/100|[from] Stealth Rock
|-weather|RainDance|[from] ability: Drizzle|[of] p1a: Pelipper
|
|-weather|RainDance|[upkeep]
|upkeep
|turn|18
|
|t:|1760365816
|switch|p1a: Hatterene|Hatterene, F|27/100
|-damage|p1a: Hatterene|15/100|[from] Stealth Rock
|move|p2a: Dragonite|Dragon Dance|p2a: Dragonite
|-boost|p2a: Dragonite|atk|1
|-boost|p2a: Dragonite|spe|1
|
|-weather|RainDance|[upkeep]
|upkeep
|turn|19
|
|t:|1760365839
|move|p2a: Dragonite|Tera Blast|p1a: Hatterene|[anim] Tera Blast Fairy
|-damage|p1a: Hatterene|0 fnt
|faint|p1a: Hatterene
|
|-weather|RainDance|[upkeep]
|upkeep
|
|t:|1760365841
|switch|p1a: Barraskewda|Barraskewda, M|100/100
|-damage|p1a: Barraskewda|88/100|[from] Stealth Rock
|turn|20
|
|t:|1760365848
|switch|p2a: Alomomola|Alomomola, F|80/100
|-terastallize|p1a: Barraskewda|Water
|move|p1a: Barraskewda|Liquidation|p2a: Alomomola
|-resisted|p2a: Alomomola
|-crit|p2a: Alomomola
|-damage|p2a: Alomomola|23/100
|
|-weather|RainDance|[upkeep]
|upkeep
|turn|21
|
|t:|1760365857
|move|p2a: Alomomola|Protect|p2a: Alomomola
|-singleturn|p2a: Alomomola|Protect
|move|p1a: Barraskewda|Liquidation|p2a: Alomomola
|-activate|p2a: Alomomola|move: Protect
|
|-weather|RainDance|[upkeep]
|upkeep
|turn|22
|
|t:|1760365865
|move|p1a: Barraskewda|Liquidation|p2a: Alomomola
|-resisted|p2a: Alomomola
|-damage|p2a: Alomomola|0 fnt
|faint|p2a: Alomomola
|
|-weather|RainDance|[upkeep]
|upkeep
|
|t:|1760365868
|switch|p2a: Slowking|Slowking-Galar, F|96/100
|turn|23
|
|t:|1760365872
|move|p1a: Barraskewda|Liquidation|p2a: Slowking
|-damage|p2a: Slowking|0 fnt
|faint|p2a: Slowking
|
|-weather|RainDance|[upkeep]
|upkeep
|
|t:|1760365876
|switch|p2a: Dragonite|Dragonite, F, tera:Fairy|85/100
|turn|24
|
|t:|1760365879
|move|p1a: Barraskewda|Liquidation|p2a: Dragonite
|-damage|p2a: Dragonite|0 fnt
|faint|p2a: Dragonite
|
|win|Mr. Mekky▲
|raw|Mr. Mekky▲'s rating: 1326 &rarr; <strong>1348</strong><br />(+22 for winning)
|raw|hoang nguyen's rating: 1353 &rarr; <strong>1331</strong><br />(-22 for losing)
|c|☆Mr. Mekky▲|gg
|c|☆hoang nguyen|gg
|c|☆Mr. Mekky▲|close game
|l|☆hoang nguyen
|player|p2|
|l|☆Mr. Mekky▲
|player|p1|
