|j|☆Potential Man
|j|☆jelynfish
|t:|1760406352
|gametype|singles
|player|p1|Potential Man|brock-gen2|1580
|player|p2|jelynfish|miku-ghost|1645
|gen|9
|tier|[Gen 9] OU
|rated|
|rule|HP Percentage Mod: HP is shown in percentages
|rule|Endless Battle Clause: Forcing endless battles is banned
|rule|Species Clause: Limit one of each Pokémon
|rule|OHKO Clause: OHKO moves are banned
|rule|Evasion Items Clause: Evasion items are banned
|rule|Evasion Moves Clause: Evasion moves are banned
|rule|Evasion Abilities Clause: Evasion abilities are banned
|rule|Sleep Moves Clause: Sleep-inducing moves are banned
|clearpoke
|poke|p1|Sinistcha|
|poke|p1|Gliscor, F|
|poke|p1|Tinkaton, F|
|poke|p1|Keldeo|
|poke|p1|Ting-Lu|
|poke|p1|Dragonite, F|
|poke|p2|Tyranitar, F|
|poke|p2|Excadrill, F|
|poke|p2|Zapdos|
|poke|p2|Gholdengo|
|poke|p2|Ogerpon-Wellspring, F|
|poke|p2|Kingambit, M|
|teampreview
|c|☆jelynfish|this team is lebron james
|c|☆Potential Man|its true
|c|☆jelynfish|i can know every set and still lose
|c|☆Potential Man|ol reliable
|
|t:|1760406405
|teamsize|p1|6
|teamsize|p2|6
|start
|switch|p1a: Ting-Lu|Ting-Lu|100/100
|switch|p2a: Ogerpon|Ogerpon-Wellspring, F|100/100
|-ability|p1a: Ting-Lu|Vessel of Ruin
|turn|1
|inactive|Battle timer is ON: inactive players will automatically lose when time's up. (requested by Potential Man)
|
|t:|1760406410
|switch|p1a: Sinistcha|Sinistcha|100/100
|move|p2a: Ogerpon|Swords Dance|p2a: Ogerpon
|-boost|p2a: Ogerpon|atk|2
|
|upkeep
|turn|2
|
|t:|1760406425
|move|p2a: Ogerpon|Ivy Cudgel|p1a: Sinistcha|[anim] Ivy Cudgel Water
|-resisted|p1a: Sinistcha
|-damage|p1a: Sinistcha|57/100
|move|p1a: Sinistcha|Matcha Gotcha|p2a: Ogerpon
|-damage|p2a: Ogerpon|66/100
|-heal|p1a: Sinistcha|72/100|[from] drain|[of] p2a: Ogerpon
|-status|p2a: Ogerpon|brn
|
|-damage|p2a: Ogerpon|60/100 brn|[from] brn
|upkeep
|turn|3
|
|t:|1760406433
|switch|p2a: Tyranitar|Tyranitar, F|100/100
|-weather|Sandstorm|[from] ability: Sand Stream|[of] p2a: Tyranitar
|move|p1a: Sinistcha|Matcha Gotcha|p2a: Tyranitar
|-supereffective|p2a: Tyranitar
|-damage|p2a: Tyranitar|59/100
|-heal|p1a: Sinistcha|93/100|[from] drain|[of] p2a: Tyranitar
|
|-weather|Sandstorm|[upkeep]
|-damage|p1a: Sinistcha|87/100|[from] Sandstorm
|upkeep
|turn|4
|
|t:|1760406438
|switch|p1a: Keldeo|Keldeo|100/100
|move|p2a: Tyranitar|Knock Off|p1a: Keldeo
|-resisted|p1a: Keldeo
|-damage|p1a: Keldeo|51/100
|-ability|p1a: Keldeo|Justified|boost
|-boost|p1a: Keldeo|atk|1
|-enditem|p1a: Keldeo|Heavy-Duty Boots|[from] move: Knock Off|[of] p2a: Tyranitar
|
|-weather|Sandstorm|[upkeep]
|-damage|p1a: Keldeo|45/100|[from] Sandstorm
|upkeep
|turn|5
|
|t:|1760406445
|switch|p2a: Gholdengo|Gholdengo|100/100
|move|p1a: Keldeo|Surf|p2a: Gholdengo
|-damage|p2a: Gholdengo|42/100
|
|-weather|Sandstorm|[upkeep]
|-damage|p1a: Keldeo|39/100|[from] Sandstorm
|upkeep
|turn|6
|
|t:|1760406452
|switch|p1a: Ting-Lu|Ting-Lu|100/100
|-ability|p1a: Ting-Lu|Vessel of Ruin
|switch|p2a: Ogerpon|Ogerpon-Wellspring, F|60/100 brn
|
|-weather|Sandstorm|[upkeep]
|-damage|p2a: Ogerpon|54/100 brn|[from] Sandstorm
|-damage|p2a: Ogerpon|48/100 brn|[from] brn
|upkeep
|turn|7
|
|t:|1760406454
|switch|p1a: Sinistcha|Sinistcha|87/100
|move|p2a: Ogerpon|Synthesis|p2a: Ogerpon
|-heal|p2a: Ogerpon|73/100 brn
|
|-weather|none
|-damage|p2a: Ogerpon|67/100 brn|[from] brn
|upkeep
|turn|8
|c|☆Potential Man|oh
|c|☆Potential Man|this is that team blund used
|c|☆jelynfish|LMAO
|c|☆Potential Man|i realized cause it was synthesis in fucking sand
|
|t:|1760406477
|switch|p2a: Zapdos|Zapdos|100/100
|move|p1a: Sinistcha|Matcha Gotcha|p2a: Zapdos|[miss]
|-miss|p1a: Sinistcha|p2a: Zapdos
|
|upkeep
|turn|9
|
|t:|1760406486
|switch|p1a: Tinkaton|Tinkaton, F|100/100
|-ability|p1a: Tinkaton|Mold Breaker
|-item|p1a: Tinkaton|Air Balloon
|-terastallize|p2a: Zapdos|Ice
|move|p2a: Zapdos|Tera Blast|p1a: Tinkaton|[anim] Tera Blast Ice
|-resisted|p1a: Tinkaton
|-damage|p1a: Tinkaton|83/100
|-enditem|p1a: Tinkaton|Air Balloon
|
|upkeep
|turn|10
|
|t:|1760406491
|switch|p2a: Ogerpon|Ogerpon-Wellspring, F|67/100 brn
|move|p1a: Tinkaton|Stealth Rock|p2a: Ogerpon
|-sidestart|p2: jelynfish|move: Stealth Rock
|
|-damage|p2a: Ogerpon|61/100 brn|[from] brn
|upkeep
|turn|11
|
|t:|1760406498
|switch|p1a: Sinistcha|Sinistcha|87/100
|move|p2a: Ogerpon|Ivy Cudgel|p1a: Sinistcha|[anim] Ivy Cudgel Water
|-resisted|p1a: Sinistcha
|-damage|p1a: Sinistcha|76/100
|
|-damage|p2a: Ogerpon|55/100 brn|[from] brn
|upkeep
|turn|12
|
|t:|1760406502
|switch|p2a: Zapdos|Zapdos, tera:Ice|100/100
|-damage|p2a: Zapdos|76/100|[from] Stealth Rock
|move|p1a: Sinistcha|Matcha Gotcha|p2a: Zapdos
|-damage|p2a: Zapdos|39/100
|-heal|p1a: Sinistcha|93/100|[from] drain|[of] p2a: Zapdos
|
|upkeep
|turn|13
|
|t:|1760406507
|move|p2a: Zapdos|Hurricane|p1a: Sinistcha
|-supereffective|p1a: Sinistcha
|-damage|p1a: Sinistcha|0 fnt
|faint|p1a: Sinistcha
|
|upkeep
|
|t:|1760406511
|switch|p1a: Tinkaton|Tinkaton, F|83/100
|-ability|p1a: Tinkaton|Mold Breaker
|turn|14
|
|t:|1760406516
|switch|p2a: Ogerpon|Ogerpon-Wellspring, F|55/100 brn
|-damage|p2a: Ogerpon|42/100 brn|[from] Stealth Rock
|move|p1a: Tinkaton|Gigaton Hammer|p2a: Ogerpon
|-resisted|p2a: Ogerpon
|-crit|p2a: Ogerpon
|-damage|p2a: Ogerpon|0 fnt
|faint|p2a: Ogerpon
|
|upkeep
|
|t:|1760406521
|switch|p2a: Excadrill|Excadrill, F, shiny|100/100
|-damage|p2a: Excadrill|97/100|[from] Stealth Rock
|-item|p2a: Excadrill|Air Balloon
|turn|15
|
|t:|1760406526
|move|p1a: Tinkaton|Encore||[still]
|-fail|p1a: Tinkaton
|move|p2a: Excadrill|Swords Dance|p2a: Excadrill
|-boost|p2a: Excadrill|atk|2
|
|upkeep
|turn|16
|
|t:|1760406532
|switch|p2a: Tyranitar|Tyranitar, F|59/100
|-damage|p2a: Tyranitar|47/100|[from] Stealth Rock
|-weather|Sandstorm|[from] ability: Sand Stream|[of] p2a: Tyranitar
|move|p1a: Tinkaton|Gigaton Hammer|p2a: Tyranitar
|-supereffective|p2a: Tyranitar
|-damage|p2a: Tyranitar|0 fnt
|faint|p2a: Tyranitar
|
|-weather|Sandstorm|[upkeep]
|upkeep
|
|t:|1760406535
|switch|p2a: Excadrill|Excadrill, F, shiny|97/100
|-damage|p2a: Excadrill|94/100|[from] Stealth Rock
|-item|p2a: Excadrill|Air Balloon
|turn|17
|c|☆jelynfish|worst sand player na
|c|☆Potential Man|it takes a bit to learn
|
|t:|1760406552
|switch|p1a: Gliscor|Gliscor, F|100/100
|move|p2a: Excadrill|Swords Dance|p2a: Excadrill
|-boost|p2a: Excadrill|atk|2
|
|-weather|Sandstorm|[upkeep]
|-status|p1a: Gliscor|tox|[from] item: Toxic Orb
|upkeep
|turn|18
|
|t:|1760406559
|move|p2a: Excadrill|Rapid Spin|p1a: Gliscor
|-damage|p1a: Gliscor|72/100 tox
|-boost|p2a: Excadrill|spe|1
|-sideend|p2: jelynfish|Stealth Rock|[from] move: Rapid Spin|[of] p2a: Excadrill
|move|p1a: Gliscor|Knock Off|p2a: Excadrill
|-damage|p2a: Excadrill|60/100
|-enditem|p2a: Excadrill|Air Balloon
|
|-weather|Sandstorm|[upkeep]
|-heal|p1a: Gliscor|84/100 tox|[from] ability: Poison Heal
|upkeep
|turn|19
|
|t:|1760406567
|move|p2a: Excadrill|Iron Head|p1a: Gliscor
|-damage|p1a: Gliscor|20/100 tox
|move|p1a: Gliscor|Facade|p2a: Excadrill
|-resisted|p2a: Excadrill
|-damage|p2a: Excadrill|37/100
|
|-weather|Sandstorm|[upkeep]
|-heal|p1a: Gliscor|33/100 tox|[from] ability: Poison Heal
|upkeep
|turn|20
|
|t:|1760406577
|move|p2a: Excadrill|Iron Head|p1a: Gliscor
|-damage|p1a: Gliscor|0 fnt
|faint|p1a: Gliscor
|
|-weather|none
|upkeep
|
|t:|1760406579
|switch|p1a: Keldeo|Keldeo|39/100
|turn|21
|
|t:|1760406583
|switch|p2a: Gholdengo|Gholdengo|42/100
|move|p1a: Keldeo|Vacuum Wave|p2a: Gholdengo
|-immune|p2a: Gholdengo
|
|upkeep
|turn|22
|
|t:|1760406586
|move|p1a: Keldeo|Surf|p2a: Gholdengo
|-damage|p2a: Gholdengo|0 fnt
|faint|p2a: Gholdengo
|
|upkeep
|c|☆jelynfish|wait i forgot
|c|☆jelynfish|this guy isnt specs
|
|t:|1760406598
|switch|p2a: Zapdos|Zapdos, tera:Ice|39/100
|turn|23
|c|☆Potential Man|LMAO
|
|t:|1760406605
|move|p1a: Keldeo|Vacuum Wave|p2a: Zapdos
|-supereffective|p2a: Zapdos
|-damage|p2a: Zapdos|0 fnt
|faint|p2a: Zapdos
|
|upkeep
|inactive|jelynfish has 120 seconds left.
|c|☆jelynfish|gg
|
|t:|1760406663
|switch|p2a: Excadrill|Excadrill, F, shiny|37/100
|turn|24
|c|☆Potential Man|gg
|
|t:|1760406666
|move|p1a: Keldeo|Vacuum Wave|p2a: Excadrill
|-supereffective|p2a: Excadrill
|-damage|p2a: Excadrill|0 fnt
|faint|p2a: Excadrill
|
|upkeep
|
|t:|1760406668
|switch|p2a: Kingambit|Kingambit, M|100/100
|-activate|p2a: Kingambit|ability: Supreme Overlord
|-start|p2a: Kingambit|fallen5|[silent]
|turn|25
|
|t:|1760406672
|move|p1a: Keldeo|Aura Sphere|p2a: Kingambit
|-supereffective|p2a: Kingambit
|-damage|p2a: Kingambit|0 fnt
|faint|p2a: Kingambit
|-end|p2a: Kingambit|fallen5|[silent]
|
|win|Potential Man
|raw|Potential Man's rating: 1580 &rarr; <strong>1604</strong><br />(+24 for winning)
|raw|jelynfish's rating: 1645 &rarr; <strong>1621</strong><br />(-24 for losing)
|l|☆jelynfish
|player|p2|
|l|☆Potential Man
|player|p1|
