|j|☆sunyata
|j|☆RogerBuster
|t:|1760400578
|gametype|singles
|player|p1|sunyata|170|1462
|player|p2|RogerBuster|winona|1429
|gen|9
|tier|[Gen 9] OU
|rated|
|rule|HP Percentage Mod: HP is shown in percentages
|rule|Endless Battle Clause: Forcing endless battles is banned
|rule|Species Clause: Limit one of each Pokémon
|rule|OHKO Clause: OHKO moves are banned
|rule|Evasion Items Clause: Evasion items are banned
|rule|Evasion Moves Clause: Evasion moves are banned
|rule|Evasion Abilities Clause: Evasion abilities are banned
|rule|Sleep Moves Clause: Sleep-inducing moves are banned
|clearpoke
|poke|p1|Alomomola, F|
|poke|p1|Zamazenta-*|
|poke|p1|Glimmora, M|
|poke|p1|Blaziken, F|
|poke|p1|Garganacl, M|
|poke|p1|Raging Bolt|
|poke|p2|Abomasnow, F|
|poke|p2|Cloyster, M|
|poke|p2|Talonflame, F|
|poke|p2|Electrode-Hisui|
|poke|p2|Muk-Alola, F|
|poke|p2|Thundurus-Therian, M|
|teampreview
|inactive|Battle timer is ON: inactive players will automatically lose when time's up. (requested by RogerBuster)
|
|t:|1760400593
|teamsize|p1|6
|teamsize|p2|6
|start
|switch|p1a: Glimmora|Glimmora, M|100/100
|switch|p2a: Electrode|Electrode-Hisui|100/100
|turn|1
|
|t:|1760400611
|move|p2a: Electrode|Taunt|p1a: Glimmora
|-start|p1a: Glimmora|move: Taunt
|move|p1a: Glimmora|Sludge Wave|p2a: Electrode
|-supereffective|p2a: Electrode
|-damage|p2a: Electrode|0 fnt
|faint|p2a: Electrode
|
|upkeep
|
|t:|1760400628
|switch|p2a: Muk|Muk-Alola, F|100/100
|turn|2
|
|t:|1760400632
|move|p1a: Glimmora|Earth Power|p2a: Muk
|-supereffective|p2a: Muk
|-damage|p2a: Muk|59/100
|move|p2a: Muk|Knock Off|p1a: Glimmora
|-damage|p1a: Glimmora|41/100
|-activate|p1a: Glimmora|ability: Toxic Debris
|-sidestart|p2: RogerBuster|move: Toxic Spikes
|-enditem|p1a: Glimmora|Leftovers|[from] move: Knock Off|[of] p2a: Muk
|
|upkeep
|turn|3
|
|t:|1760400641
|move|p1a: Glimmora|Earth Power|p2a: Muk
|-supereffective|p2a: Muk
|-damage|p2a: Muk|21/100
|move|p2a: Muk|Drain Punch|p1a: Glimmora
|-damage|p1a: Glimmora|13/100
|-heal|p2a: Muk|32/100|[from] drain|[of] p1a: Glimmora
|-activate|p1a: Glimmora|ability: Toxic Debris
|-sidestart|p2: RogerBuster|move: Toxic Spikes
|
|-end|p1a: Glimmora|move: Taunt
|upkeep
|turn|4
|
|t:|1760400651
|move|p2a: Muk|Shadow Sneak|p1a: Glimmora
|-damage|p1a: Glimmora|0 fnt
|faint|p1a: Glimmora
|
|upkeep
|
|t:|1760400660
|switch|p1a: Blaziken|Blaziken, F|100/100
|turn|5
|
|t:|1760400668
|move|p1a: Blaziken|Bulk Up|p1a: Blaziken
|-boost|p1a: Blaziken|atk|1
|-boost|p1a: Blaziken|def|1
|move|p2a: Muk|Poison Jab|p1a: Blaziken
|-damage|p1a: Blaziken|67/100
|
|-heal|p1a: Blaziken|73/100|[from] item: Leftovers
|-ability|p1a: Blaziken|Speed Boost|boost
|-boost|p1a: Blaziken|spe|1
|upkeep
|turn|6
|
|t:|1760400684
|switch|p2a: Talonflame|Talonflame, F|100/100
|move|p1a: Blaziken|Flare Blitz|p2a: Talonflame
|-resisted|p2a: Talonflame
|-damage|p2a: Talonflame|40/100
|-damage|p1a: Blaziken|53/100|[from] Recoil
|
|-heal|p1a: Blaziken|60/100|[from] item: Leftovers
|-heal|p2a: Talonflame|47/100|[from] item: Leftovers
|-ability|p1a: Blaziken|Speed Boost|boost
|-boost|p1a: Blaziken|spe|1
|upkeep
|turn|7
|
|t:|1760400695
|move|p1a: Blaziken|Flare Blitz|p2a: Talonflame
|-resisted|p2a: Talonflame
|-damage|p2a: Talonflame|0 fnt
|faint|p2a: Talonflame
|-damage|p1a: Blaziken|44/100|[from] Recoil
|
|-heal|p1a: Blaziken|50/100|[from] item: Leftovers
|-ability|p1a: Blaziken|Speed Boost|boost
|-boost|p1a: Blaziken|spe|1
|upkeep
|inactive|RogerBuster has 120 seconds left.
|
|t:|1760400724
|switch|p2a: Muk|Muk-Alola, F|32/100
|-sideend|p2: RogerBuster|move: Toxic Spikes|[of] p2a: Muk
|turn|8
|inactive|RogerBuster has 120 seconds left.
|
|t:|1760400734
|move|p2a: Muk|Shadow Sneak|p1a: Blaziken
|-damage|p1a: Blaziken|40/100
|-status|p1a: Blaziken|psn|[from] ability: Poison Touch|[of] p2a: Muk
|move|p1a: Blaziken|Flare Blitz|p2a: Muk
|-damage|p2a: Muk|0 fnt
|faint|p2a: Muk
|-damage|p1a: Blaziken|28/100 psn|[from] Recoil
|
|-heal|p1a: Blaziken|34/100 psn|[from] item: Leftovers
|-damage|p1a: Blaziken|21/100 psn|[from] psn
|-ability|p1a: Blaziken|Speed Boost|boost
|-boost|p1a: Blaziken|spe|1
|upkeep
|inactive|RogerBuster has 120 seconds left.
|
|t:|1760400745
|switch|p2a: Abomasnow|Abomasnow, F|100/100
|-weather|Snowscape|[from] ability: Snow Warning|[of] p2a: Abomasnow
|turn|9
|
|t:|1760400749
|move|p2a: Abomasnow|Ice Shard|p1a: Blaziken
|-resisted|p1a: Blaziken
|-damage|p1a: Blaziken|15/100 psn
|move|p1a: Blaziken|Flare Blitz|p2a: Abomasnow
|-supereffective|p2a: Abomasnow
|-damage|p2a: Abomasnow|0 fnt
|faint|p2a: Abomasnow
|-damage|p1a: Blaziken|0 fnt|[from] Recoil
|faint|p1a: Blaziken
|
|-weather|Snowscape|[upkeep]
|upkeep
|inactive|RogerBuster has 120 seconds left.
|inactive|RogerBuster has 90 seconds left.
|
|t:|1760400791
|switch|p1a: Garganacl|Garganacl, M|100/100
|switch|p2a: Cloyster|Cloyster, M|100/100
|turn|10
|inactive|RogerBuster has 90 seconds left.
|
|t:|1760400806
|move|p2a: Cloyster|Shell Smash|p2a: Cloyster
|-unboost|p2a: Cloyster|def|1
|-unboost|p2a: Cloyster|spd|1
|-boost|p2a: Cloyster|atk|2
|-boost|p2a: Cloyster|spa|2
|-boost|p2a: Cloyster|spe|2
|-enditem|p2a: Cloyster|White Herb
|-clearnegativeboost|p2a: Cloyster|[silent]
|move|p1a: Garganacl|Salt Cure|p2a: Cloyster
|-supereffective|p2a: Cloyster
|-damage|p2a: Cloyster|85/100
|-start|p2a: Cloyster|Salt Cure
|
|-weather|Snowscape|[upkeep]
|-damage|p2a: Cloyster|60/100|[from] Salt Cure
|upkeep
|turn|11
|inactive|RogerBuster has 90 seconds left.
|
|t:|1760400820
|switch|p1a: Alomomola|Alomomola, F|100/100
|move|p2a: Cloyster|Drill Run|p1a: Alomomola
|-damage|p1a: Alomomola|75/100
|-damage|p2a: Cloyster|44/100|[from] item: Rocky Helmet|[of] p1a: Alomomola
|
|-weather|Snowscape|[upkeep]
|-damage|p2a: Cloyster|19/100|[from] Salt Cure
|upkeep
|turn|12
|
|t:|1760400828
|move|p2a: Cloyster|Rock Blast|p1a: Alomomola
|-damage|p1a: Alomomola|68/100
|-damage|p1a: Alomomola|59/100
|-damage|p1a: Alomomola|51/100
|-damage|p1a: Alomomola|43/100
|-damage|p1a: Alomomola|35/100
|-hitcount|p1a: Alomomola|5
|move|p1a: Alomomola|Wish|p1a: Alomomola
|
|-weather|Snowscape|[upkeep]
|-damage|p2a: Cloyster|0 fnt|[from] Salt Cure
|faint|p2a: Cloyster
|upkeep
|inactive|RogerBuster has 90 seconds left.
|
|t:|1760400840
|switch|p2a: Thundurus|Thundurus-Therian, M|100/100
|turn|13
|inactive|RogerBuster has 90 seconds left.
|
|t:|1760400855
|switch|p1a: Raging Bolt|Raging Bolt|100/100
|move|p2a: Thundurus|Agility|p2a: Thundurus
|-boost|p2a: Thundurus|spe|2
|
|-weather|none
|upkeep
|turn|14
|inactive|RogerBuster has 90 seconds left.
|
|t:|1760400868
|-terastallize|p2a: Thundurus|Fairy
|move|p2a: Thundurus|Nasty Plot|p2a: Thundurus
|-boost|p2a: Thundurus|spa|2
|move|p1a: Raging Bolt|Dragon Pulse|p2a: Thundurus
|-immune|p2a: Thundurus
|
|upkeep
|turn|15
|inactive|RogerBuster has 90 seconds left.
|
|t:|1760400879
|-end|p1a: Raging Bolt|Protosynthesis|[silent]
|switch|p1a: Garganacl|Garganacl, M|100/100
|move|p2a: Thundurus|Tera Blast|p1a: Garganacl|[anim] Tera Blast Fairy
|-damage|p1a: Garganacl|37/100
|
|-heal|p1a: Garganacl|44/100|[from] item: Leftovers
|upkeep
|turn|16
|
|t:|1760400886
|move|p2a: Thundurus|Thunderbolt|p1a: Garganacl
|-damage|p1a: Garganacl|0 fnt
|faint|p1a: Garganacl
|
|upkeep
|
|t:|1760400888
|switch|p1a: Zamazenta|Zamazenta|100/100
|-ability|p1a: Zamazenta|Dauntless Shield|boost
|-boost|p1a: Zamazenta|def|1
|turn|17
|
|t:|1760400895
|-terastallize|p1a: Zamazenta|Fighting
|move|p2a: Thundurus|Thunderbolt|p1a: Zamazenta
|-damage|p1a: Zamazenta|0 fnt
|faint|p1a: Zamazenta
|
|upkeep
|-message|sunyata forfeited.
|
|win|RogerBuster
|raw|sunyata's rating: 1462 &rarr; <strong>1440</strong><br />(-22 for losing)
|raw|RogerBuster's rating: 1429 &rarr; <strong>1451</strong><br />(+22 for winning)
|l|☆sunyata
|player|p1|
|j|☆sunyata
|player|p1|sunyata|170|
|c|☆RogerBuster|gg
|l|☆sunyata
|player|p1|
|l|☆RogerBuster
|player|p2|
|j|☆sunyata
|player|p1|sunyata|170|
|l|☆sunyata
|player|p1|
