|j|☆pakkji
|j|☆MrHankHill
|t:|1760314891
|gametype|singles
|player|p1|pakkji|102|1254
|player|p2|MrHankHill|wattson|1274
|gen|9
|tier|[Gen 9] OU
|rated|
|rule|HP Percentage Mod: HP is shown in percentages
|rule|Endless Battle Clause: Forcing endless battles is banned
|rule|Species Clause: Limit one of each Pokémon
|rule|OHKO Clause: OHKO moves are banned
|rule|Evasion Items Clause: Evasion items are banned
|rule|Evasion Moves Clause: Evasion moves are banned
|rule|Evasion Abilities Clause: Evasion abilities are banned
|rule|Sleep Moves Clause: Sleep-inducing moves are banned
|clearpoke
|poke|p1|Umbreon, F|
|poke|p1|Dragapult, M|
|poke|p1|Corviknight, F|
|poke|p1|Slowking-Galar, F|
|poke|p1|Hydrapple, F|
|poke|p1|Scream Tail|
|poke|p2|Torkoal, F|
|poke|p2|Dragonite, F|
|poke|p2|Great Tusk|
|poke|p2|Raging Bolt|
|poke|p2|Cinderace, F|
|poke|p2|Landorus-Therian, M|
|teampreview
|inactive|Battle timer is ON: inactive players will automatically lose when time's up. (requested by MrHankHill)
|
|t:|1760314908
|teamsize|p1|6
|teamsize|p2|6
|start
|switch|p1a: Umbreon|Umbreon, F|100/100
|switch|p2a: Landorus|Landorus-Therian, M|100/100
|-ability|p2a: Landorus|Intimidate|boost
|-unboost|p1a: Umbreon|atk|1
|turn|1
|
|t:|1760314913
|move|p2a: Landorus|U-turn|p1a: Umbreon
|-supereffective|p1a: Umbreon
|-damage|p1a: Umbreon|56/100
|
|t:|1760314925
|switch|p2a: Great Tusk|Great Tusk|100/100|[from] U-turn
|move|p1a: Umbreon|Toxic|p2a: Great Tusk
|-status|p2a: Great Tusk|tox
|
|-heal|p1a: Umbreon|62/100|[from] item: Leftovers
|-damage|p2a: Great Tusk|94/100 tox|[from] psn
|upkeep
|turn|2
|
|t:|1760314933
|-terastallize|p1a: Umbreon|Grass
|move|p2a: Great Tusk|Close Combat|p1a: Umbreon
|-damage|p1a: Umbreon|13/100
|-unboost|p2a: Great Tusk|def|1
|-unboost|p2a: Great Tusk|spd|1
|move|p1a: Umbreon|Wish|p1a: Umbreon
|
|-heal|p1a: Umbreon|19/100|[from] item: Leftovers
|-damage|p2a: Great Tusk|82/100 tox|[from] psn
|upkeep
|turn|3
|
|t:|1760314944
|-end|p2a: Great Tusk|Protosynthesis|[silent]
|switch|p2a: Torkoal|Torkoal, F|100/100
|-weather|SunnyDay|[from] ability: Drought|[of] p2a: Torkoal
|move|p1a: Umbreon|Protect||[still]
|-fail|p1a: Umbreon
|
|-weather|SunnyDay|[upkeep]
|-heal|p1a: Umbreon|69/100|[from] move: Wish|[wisher] Umbreon
|-heal|p1a: Umbreon|75/100|[from] item: Leftovers
|upkeep
|turn|4
|
|t:|1760314953
|switch|p1a: Slowking|Slowking-Galar, F|100/100
|move|p2a: Torkoal|Stealth Rock|p1a: Slowking
|-sidestart|p1: pakkji|move: Stealth Rock
|
|-weather|SunnyDay|[upkeep]
|upkeep
|turn|5
|
|t:|1760314958
|move|p1a: Slowking|Future Sight|p2a: Torkoal
|-start|p1a: Slowking|move: Future Sight
|move|p2a: Torkoal|Fire Blast|p1a: Slowking
|-damage|p1a: Slowking|68/100
|
|-weather|SunnyDay|[upkeep]
|upkeep
|turn|6
|
|t:|1760314966
|switch|p2a: Cinderace|Cinderace, F|100/100
|move|p1a: Slowking|Sludge Wave|p2a: Cinderace
|-damage|p2a: Cinderace|46/100
|
|-weather|SunnyDay|[upkeep]
|upkeep
|turn|7
|
|t:|1760314975
|switch|p1a: Hydrapple|Hydrapple, F|100/100
|-damage|p1a: Hydrapple|88/100|[from] Stealth Rock
|move|p2a: Cinderace|Pyro Ball|p1a: Hydrapple
|-damage|p1a: Hydrapple|37/100
|
|-weather|SunnyDay|[upkeep]
|-end|p2a: Cinderace|move: Future Sight
|-damage|p2a: Cinderace|0 fnt
|faint|p2a: Cinderace
|-heal|p1a: Hydrapple|43/100|[from] item: Leftovers
|upkeep
|
|t:|1760314987
|switch|p2a: Raging Bolt|Raging Bolt|100/100
|-activate|p2a: Raging Bolt|ability: Protosynthesis
|-start|p2a: Raging Bolt|protosynthesisspa
|turn|8
|
|t:|1760314991
|switch|p1a: Slowking|Slowking-Galar, F|100/100
|-damage|p1a: Slowking|88/100|[from] Stealth Rock
|move|p2a: Raging Bolt|Weather Ball|p1a: Slowking
|-damage|p1a: Slowking|37/100
|
|-weather|SunnyDay|[upkeep]
|upkeep
|turn|9
|
|t:|1760315000
|switch|p1a: Scream Tail|Scream Tail|100/100
|-damage|p1a: Scream Tail|88/100|[from] Stealth Rock
|-activate|p1a: Scream Tail|ability: Protosynthesis
|-start|p1a: Scream Tail|protosynthesisspd
|move|p2a: Raging Bolt|Weather Ball|p1a: Scream Tail
|-damage|p1a: Scream Tail|39/100
|
|-weather|SunnyDay|[upkeep]
|-heal|p1a: Scream Tail|45/100|[from] item: Leftovers
|upkeep
|turn|10
|
|t:|1760315015
|move|p1a: Scream Tail|Protect|p1a: Scream Tail
|-singleturn|p1a: Scream Tail|Protect
|move|p2a: Raging Bolt|Weather Ball|p1a: Scream Tail
|-activate|p1a: Scream Tail|move: Protect
|
|-weather|none
|-end|p1a: Scream Tail|Protosynthesis
|-end|p2a: Raging Bolt|Protosynthesis
|-heal|p1a: Scream Tail|51/100|[from] item: Leftovers
|upkeep
|turn|11
|
|t:|1760315023
|-end|p2a: Raging Bolt|Protosynthesis|[silent]
|switch|p2a: Torkoal|Torkoal, F|100/100
|-weather|SunnyDay|[from] ability: Drought|[of] p2a: Torkoal
|-activate|p1a: Scream Tail|ability: Protosynthesis
|-start|p1a: Scream Tail|protosynthesisspd
|move|p1a: Scream Tail|Wish|p1a: Scream Tail
|
|-weather|SunnyDay|[upkeep]
|-heal|p1a: Scream Tail|57/100|[from] item: Leftovers
|upkeep
|turn|12
|
|t:|1760315031
|move|p1a: Scream Tail|Calm Mind|p1a: Scream Tail
|-boost|p1a: Scream Tail|spa|1
|-boost|p1a: Scream Tail|spd|1
|move|p2a: Torkoal|Fire Blast|p1a: Scream Tail
|-damage|p1a: Scream Tail|39/100
|
|-weather|SunnyDay|[upkeep]
|-heal|p1a: Scream Tail|88/100|[from] move: Wish|[wisher] Scream Tail
|-heal|p1a: Scream Tail|95/100|[from] item: Leftovers
|upkeep
|turn|13
|
|t:|1760315038
|move|p1a: Scream Tail|Calm Mind|p1a: Scream Tail
|-boost|p1a: Scream Tail|spa|1
|-boost|p1a: Scream Tail|spd|1
|move|p2a: Torkoal|Clear Smog|p1a: Scream Tail
|-supereffective|p1a: Scream Tail
|-damage|p1a: Scream Tail|89/100
|-clearboost|p1a: Scream Tail
|
|-weather|SunnyDay|[upkeep]
|-heal|p1a: Scream Tail|95/100|[from] item: Leftovers
|upkeep
|turn|14
|
|t:|1760315058
|switch|p2a: Raging Bolt|Raging Bolt|100/100
|-activate|p2a: Raging Bolt|ability: Protosynthesis
|-start|p2a: Raging Bolt|protosynthesisspa
|move|p1a: Scream Tail|Calm Mind|p1a: Scream Tail
|-boost|p1a: Scream Tail|spa|1
|-boost|p1a: Scream Tail|spd|1
|
|-weather|SunnyDay|[upkeep]
|-heal|p1a: Scream Tail|100/100|[from] item: Leftovers
|upkeep
|turn|15
|
|t:|1760315070
|move|p1a: Scream Tail|Wish|p1a: Scream Tail
|move|p2a: Raging Bolt|Volt Switch|p1a: Scream Tail
|-damage|p1a: Scream Tail|79/100
|
|t:|1760315075
|-end|p2a: Raging Bolt|Protosynthesis|[silent]
|switch|p2a: Torkoal|Torkoal, F|100/100|[from] Volt Switch
|
|-weather|SunnyDay|[upkeep]
|-heal|p1a: Scream Tail|86/100|[from] item: Leftovers
|upkeep
|turn|16
|
|t:|1760315082
|move|p1a: Scream Tail|Protect|p1a: Scream Tail
|-singleturn|p1a: Scream Tail|Protect
|move|p2a: Torkoal|Clear Smog|p1a: Scream Tail
|-activate|p1a: Scream Tail|move: Protect
|
|-weather|SunnyDay|[upkeep]
|-heal|p1a: Scream Tail|100/100|[from] move: Wish|[wisher] Scream Tail
|upkeep
|turn|17
|
|t:|1760315089
|-end|p1a: Scream Tail|Protosynthesis|[silent]
|switch|p1a: Slowking|Slowking-Galar, F|70/100
|-damage|p1a: Slowking|58/100|[from] Stealth Rock
|move|p2a: Torkoal|Clear Smog|p1a: Slowking
|-resisted|p1a: Slowking
|-damage|p1a: Slowking|55/100
|-clearboost|p1a: Slowking
|
|-weather|SunnyDay|[upkeep]
|upkeep
|turn|18
|
|t:|1760315095
|switch|p2a: Raging Bolt|Raging Bolt|100/100
|-activate|p2a: Raging Bolt|ability: Protosynthesis
|-start|p2a: Raging Bolt|protosynthesisspa
|move|p1a: Slowking|Future Sight|p2a: Raging Bolt
|-start|p1a: Slowking|move: Future Sight
|
|-weather|none
|-end|p2a: Raging Bolt|Protosynthesis
|upkeep
|turn|19
|
|t:|1760315104
|move|p2a: Raging Bolt|Volt Switch|p1a: Slowking
|-crit|p1a: Slowking
|-damage|p1a: Slowking|15/100
|
|t:|1760315108
|-end|p2a: Raging Bolt|Protosynthesis|[silent]
|switch|p2a: Torkoal|Torkoal, F|100/100|[from] Volt Switch
|-weather|SunnyDay|[from] ability: Drought|[of] p2a: Torkoal
|move|p1a: Slowking|Ice Beam|p2a: Torkoal
|-resisted|p2a: Torkoal
|-damage|p2a: Torkoal|85/100
|
|-weather|SunnyDay|[upkeep]
|upkeep
|turn|20
|
|t:|1760315122
|switch|p1a: Scream Tail|Scream Tail|100/100
|-damage|p1a: Scream Tail|88/100|[from] Stealth Rock
|-activate|p1a: Scream Tail|ability: Protosynthesis
|-start|p1a: Scream Tail|protosynthesisspd
|switch|p2a: Raging Bolt|Raging Bolt|100/100
|-activate|p2a: Raging Bolt|ability: Protosynthesis
|-start|p2a: Raging Bolt|protosynthesisspa
|
|-weather|SunnyDay|[upkeep]
|-end|p2a: Raging Bolt|move: Future Sight
|-damage|p2a: Raging Bolt|50/100
|-heal|p1a: Scream Tail|94/100|[from] item: Leftovers
|upkeep
|turn|21
|
|t:|1760315143
|-end|p2a: Raging Bolt|Protosynthesis|[silent]
|switch|p2a: Landorus|Landorus-Therian, M|100/100
|-ability|p2a: Landorus|Intimidate|boost
|-unboost|p1a: Scream Tail|atk|1
|move|p1a: Scream Tail|Protect||[still]
|-fail|p1a: Scream Tail
|
|-weather|SunnyDay|[upkeep]
|-heal|p1a: Scream Tail|100/100|[from] item: Leftovers
|upkeep
|turn|22
|
|t:|1760315151
|-end|p1a: Scream Tail|Protosynthesis|[silent]
|switch|p1a: Corviknight|Corviknight, F|100/100
|-damage|p1a: Corviknight|88/100|[from] Stealth Rock
|-ability|p1a: Corviknight|Pressure
|move|p2a: Landorus|Earthquake|p1a: Corviknight
|-immune|p1a: Corviknight
|
|-weather|SunnyDay|[upkeep]
|upkeep
|turn|23
|
|t:|1760315158
|switch|p2a: Raging Bolt|Raging Bolt|50/100
|-activate|p2a: Raging Bolt|ability: Protosynthesis
|-start|p2a: Raging Bolt|protosynthesisspa
|move|p1a: Corviknight|Defog|p2a: Raging Bolt
|-unboost|p2a: Raging Bolt|evasion|1
|-sideend|p1: pakkji|Stealth Rock|[from] move: Defog|[of] p1a: Corviknight
|
|-weather|SunnyDay|[upkeep]
|upkeep
|turn|24
|
|t:|1760315166
|switch|p1a: Hydrapple|Hydrapple, F|77/100
|move|p2a: Raging Bolt|Weather Ball|p1a: Hydrapple
|-damage|p1a: Hydrapple|0 fnt
|faint|p1a: Hydrapple
|
|-weather|SunnyDay|[upkeep]
|upkeep
|
|t:|1760315170
|switch|p1a: Scream Tail|Scream Tail|100/100
|-activate|p1a: Scream Tail|ability: Protosynthesis
|-start|p1a: Scream Tail|protosynthesisspd
|turn|25
|
|t:|1760315176
|move|p1a: Scream Tail|Calm Mind|p1a: Scream Tail
|-boost|p1a: Scream Tail|spa|1
|-boost|p1a: Scream Tail|spd|1
|move|p2a: Raging Bolt|Weather Ball|p1a: Scream Tail
|-crit|p1a: Scream Tail
|-damage|p1a: Scream Tail|35/100
|
|-weather|SunnyDay|[upkeep]
|-heal|p1a: Scream Tail|42/100|[from] item: Leftovers
|upkeep
|turn|26
|
|t:|1760315182
|-end|p2a: Raging Bolt|Protosynthesis|[silent]
|switch|p2a: Landorus|Landorus-Therian, M|100/100
|-ability|p2a: Landorus|Intimidate|boost
|-unboost|p1a: Scream Tail|atk|1
|move|p1a: Scream Tail|Protect||[still]
|-fail|p1a: Scream Tail
|
|-weather|none
|-end|p1a: Scream Tail|Protosynthesis
|-heal|p1a: Scream Tail|48/100|[from] item: Leftovers
|upkeep
|turn|27
|
|t:|1760315189
|move|p2a: Landorus|Earthquake|p1a: Scream Tail
|-damage|p1a: Scream Tail|1/100
|move|p1a: Scream Tail|Wish|p1a: Scream Tail
|
|-heal|p1a: Scream Tail|8/100|[from] item: Leftovers
|upkeep
|turn|28
|
|t:|1760315199
|switch|p2a: Raging Bolt|Raging Bolt|50/100
|move|p1a: Scream Tail|Protect||[still]
|-fail|p1a: Scream Tail
|
|-heal|p1a: Scream Tail|58/100|[from] move: Wish|[wisher] Scream Tail
|-heal|p1a: Scream Tail|64/100|[from] item: Leftovers
|upkeep
|turn|29
|
|t:|1760315209
|-end|p2a: Raging Bolt|Protosynthesis|[silent]
|switch|p2a: Torkoal|Torkoal, F|85/100
|-weather|SunnyDay|[from] ability: Drought|[of] p2a: Torkoal
|-activate|p1a: Scream Tail|ability: Protosynthesis
|-start|p1a: Scream Tail|protosynthesisspd
|move|p1a: Scream Tail|Stored Power|p2a: Torkoal
|-damage|p2a: Torkoal|56/100
|
|-weather|SunnyDay|[upkeep]
|-heal|p1a: Scream Tail|70/100|[from] item: Leftovers
|upkeep
|turn|30
|
|t:|1760315217
|move|p1a: Scream Tail|Protect|p1a: Scream Tail
|-singleturn|p1a: Scream Tail|Protect
|move|p2a: Torkoal|Clear Smog|p1a: Scream Tail
|-activate|p1a: Scream Tail|move: Protect
|
|-weather|SunnyDay|[upkeep]
|-heal|p1a: Scream Tail|76/100|[from] item: Leftovers
|upkeep
|turn|31
|
|t:|1760315224
|-end|p1a: Scream Tail|Protosynthesis|[silent]
|switch|p1a: Slowking|Slowking-Galar, F|48/100
|move|p2a: Torkoal|Clear Smog|p1a: Slowking
|-resisted|p1a: Slowking
|-damage|p1a: Slowking|45/100
|-clearboost|p1a: Slowking
|
|-weather|SunnyDay|[upkeep]
|upkeep
|turn|32
|
|t:|1760315233
|switch|p2a: Landorus|Landorus-Therian, M|100/100
|-ability|p2a: Landorus|Intimidate|boost
|-unboost|p1a: Slowking|atk|1
|move|p1a: Slowking|Future Sight|p2a: Landorus
|-start|p1a: Slowking|move: Future Sight
|
|-weather|SunnyDay|[upkeep]
|upkeep
|turn|33
|
|t:|1760315242
|switch|p1a: Corviknight|Corviknight, F|88/100
|-ability|p1a: Corviknight|Pressure
|move|p2a: Landorus|U-turn|p1a: Corviknight
|-resisted|p1a: Corviknight
|-damage|p1a: Corviknight|84/100
|-damage|p2a: Landorus|84/100|[from] item: Rocky Helmet|[of] p1a: Corviknight
|
|t:|1760315254
|switch|p2a: Raging Bolt|Raging Bolt|50/100|[from] U-turn
|-activate|p2a: Raging Bolt|ability: Protosynthesis
|-start|p2a: Raging Bolt|protosynthesisspa
|
|-weather|SunnyDay|[upkeep]
|upkeep
|turn|34
|
|t:|1760315263
|switch|p1a: Slowking|Slowking-Galar, F|78/100
|move|p2a: Raging Bolt|Weather Ball|p1a: Slowking
|-damage|p1a: Slowking|32/100
|
|-weather|SunnyDay|[upkeep]
|-end|p2a: Raging Bolt|move: Future Sight
|-damage|p2a: Raging Bolt|0 fnt
|faint|p2a: Raging Bolt
|-end|p2a: Raging Bolt|Protosynthesis|[silent]
|upkeep
|
|t:|1760315276
|switch|p2a: Great Tusk|Great Tusk|82/100 tox
|-activate|p2a: Great Tusk|ability: Protosynthesis
|-start|p2a: Great Tusk|protosynthesisatk
|turn|35
|
|t:|1760315283
|switch|p1a: Corviknight|Corviknight, F|84/100
|-ability|p1a: Corviknight|Pressure
|move|p2a: Great Tusk|Close Combat|p1a: Corviknight
|-crit|p1a: Corviknight
|-damage|p1a: Corviknight|9/100
|-unboost|p2a: Great Tusk|def|1
|-unboost|p2a: Great Tusk|spd|1
|-damage|p2a: Great Tusk|65/100 tox|[from] item: Rocky Helmet|[of] p1a: Corviknight
|
|-weather|SunnyDay|[upkeep]
|-damage|p2a: Great Tusk|59/100 tox|[from] psn
|upkeep
|turn|36
|
|t:|1760315294
|move|p2a: Great Tusk|Ice Spinner|p1a: Corviknight
|-crit|p1a: Corviknight
|-damage|p1a: Corviknight|0 fnt
|-damage|p2a: Great Tusk|43/100 tox|[from] item: Rocky Helmet|[of] p1a: Corviknight
|faint|p1a: Corviknight
|
|-weather|none
|-end|p2a: Great Tusk|Protosynthesis
|-damage|p2a: Great Tusk|30/100 tox|[from] psn
|upkeep
|
|t:|1760315299
|switch|p1a: Dragapult|Dragapult, M|100/100
|turn|37
|
|t:|1760315304
|-end|p2a: Great Tusk|Protosynthesis|[silent]
|switch|p2a: Torkoal|Torkoal, F|56/100
|-weather|SunnyDay|[from] ability: Drought|[of] p2a: Torkoal
|move|p1a: Dragapult|Dragon Darts|p2a: Torkoal
|-damage|p2a: Torkoal|30/100
|-anim|p1a: Dragapult|Dragon Darts|p2a: Torkoal
|-damage|p2a: Torkoal|3/100
|
|-weather|SunnyDay|[upkeep]
|upkeep
|turn|38
|
|t:|1760315311
|move|p1a: Dragapult|Dragon Darts|p2a: Torkoal
|-damage|p2a: Torkoal|0 fnt
|faint|p2a: Torkoal
|
|-weather|SunnyDay|[upkeep]
|upkeep
|
|t:|1760315313
|switch|p2a: Landorus|Landorus-Therian, M|84/100
|-ability|p2a: Landorus|Intimidate|boost
|-unboost|p1a: Dragapult|atk|1
|turn|39
|
|t:|1760315332
|move|p2a: Landorus|U-turn|p1a: Dragapult
|-resisted|p1a: Dragapult
|-damage|p1a: Dragapult|83/100
|
|t:|1760315337
|switch|p2a: Great Tusk|Great Tusk|30/100 tox|[from] U-turn
|-activate|p2a: Great Tusk|ability: Protosynthesis
|-start|p2a: Great Tusk|protosynthesisatk
|move|p1a: Dragapult|Dragon Darts|p2a: Great Tusk
|-damage|p2a: Great Tusk|12/100 tox
|-anim|p1a: Dragapult|Dragon Darts|p2a: Great Tusk
|-damage|p2a: Great Tusk|0 fnt
|faint|p2a: Great Tusk
|-end|p2a: Great Tusk|Protosynthesis|[silent]
|
|-weather|SunnyDay|[upkeep]
|upkeep
|
|t:|1760315340
|switch|p2a: Landorus|Landorus-Therian, M|84/100
|-ability|p2a: Landorus|Intimidate|boost
|-unboost|p1a: Dragapult|atk|1
|turn|40
|
|t:|1760315350
|switch|p1a: Umbreon|Umbreon, F, tera:Grass|75/100
|-terastallize|p2a: Landorus|Fairy
|move|p2a: Landorus|Tera Blast|p1a: Umbreon|[anim] Tera Blast Fairy
|-damage|p1a: Umbreon|41/100
|
|-weather|SunnyDay|[upkeep]
|-heal|p1a: Umbreon|47/100|[from] item: Leftovers
|upkeep
|turn|41
|
|t:|1760315359
|switch|p2a: Dragonite|Dragonite, F|100/100
|move|p1a: Umbreon|Wish|p1a: Umbreon
|
|-weather|SunnyDay|[upkeep]
|-heal|p1a: Umbreon|53/100|[from] item: Leftovers
|upkeep
|turn|42
|
|t:|1760315363
|move|p2a: Dragonite|Encore|p1a: Umbreon
|-start|p1a: Umbreon|Encore
|move|p1a: Umbreon|Wish||[still]
|-fail|p1a: Umbreon
|
|-weather|SunnyDay|[upkeep]
|-heal|p1a: Umbreon|100/100|[from] move: Wish|[wisher] Umbreon
|upkeep
|turn|43
|
|t:|1760315368
|switch|p1a: Slowking|Slowking-Galar, F|65/100
|move|p2a: Dragonite|Dragon Dance|p2a: Dragonite
|-boost|p2a: Dragonite|atk|1
|-boost|p2a: Dragonite|spe|1
|
|-weather|SunnyDay|[upkeep]
|upkeep
|turn|44
|
|t:|1760315375
|move|p2a: Dragonite|Scale Shot|p1a: Slowking
|-crit|p1a: Slowking
|-damage|p1a: Slowking|30/100
|-damage|p1a: Slowking|6/100
|-damage|p1a: Slowking|0 fnt
|faint|p1a: Slowking
|-hitcount|p1: Slowking|3
|-unboost|p2a: Dragonite|def|1
|-boost|p2a: Dragonite|spe|1
|
|-weather|none
|upkeep
|
|t:|1760315381
|switch|p1a: Scream Tail|Scream Tail|76/100
|turn|45
|
|t:|1760315389
|move|p2a: Dragonite|Extreme Speed|p1a: Scream Tail
|-damage|p1a: Scream Tail|42/100
|move|p1a: Scream Tail|Wish|p1a: Scream Tail
|
|-heal|p1a: Scream Tail|49/100|[from] item: Leftovers
|upkeep
|turn|46
|
|t:|1760315400
|move|p2a: Dragonite|Encore|p1a: Scream Tail
|-start|p1a: Scream Tail|Encore
|move|p1a: Scream Tail|Wish||[still]
|-fail|p1a: Scream Tail
|
|-heal|p1a: Scream Tail|98/100|[from] move: Wish|[wisher] Scream Tail
|-heal|p1a: Scream Tail|100/100|[from] item: Leftovers
|upkeep
|turn|47
|-message|pakkji forfeited.
|
|win|MrHankHill
|raw|pakkji's rating: 1254 &rarr; <strong>1230</strong><br />(-24 for losing)
|raw|MrHankHill's rating: 1274 &rarr; <strong>1298</strong><br />(+24 for winning)
|l|☆pakkji
|player|p1|
