|j|☆spoons_R_bent
|j|☆shouldbeslepin
|t:|1760429583
|gametype|singles
|player|p1|spoons_R_bent|clerkf|1148
|player|p2|shouldbeslepin|parasollady|1076
|gen|9
|tier|[Gen 9] OU
|rated|
|rule|HP Percentage Mod: HP is shown in percentages
|rule|Endless Battle Clause: Forcing endless battles is banned
|rule|Species Clause: Limit one of each Pokémon
|rule|OHKO Clause: OHKO moves are banned
|rule|Evasion Items Clause: Evasion items are banned
|rule|Evasion Moves Clause: Evasion moves are banned
|rule|Evasion Abilities Clause: Evasion abilities are banned
|rule|Sleep Moves Clause: Sleep-inducing moves are banned
|clearpoke
|poke|p1|Ninetales, F|
|poke|p1|Rillaboom, F|
|poke|p1|Leavanny, F|
|poke|p1|Lilligant-Hisui, F|
|poke|p1|Cinderace, M|
|poke|p1|Skeledirge, M|
|poke|p2|Tornadus-Therian, M|
|poke|p2|Garganacl, M|
|poke|p2|Lanturn, F|
|poke|p2|Quaquaval, F|
|poke|p2|Moltres|
|poke|p2|Lokix, M|
|teampreview
|inactive|Battle timer is ON: inactive players will automatically lose when time's up. (requested by shouldbeslepin)
|
|t:|1760429592
|teamsize|p1|6
|teamsize|p2|6
|start
|switch|p1a: Ninetales|Ninetales, F|100/100
|switch|p2a: Quaquaval|Quaquaval, F, shiny|100/100
|-weather|SunnyDay|[from] ability: Drought|[of] p1a: Ninetales
|turn|1
|
|t:|1760429603
|switch|p2a: Garganacl|Garganacl, M, shiny|100/100
|move|p1a: Ninetales|Will-O-Wisp|p2a: Garganacl
|-immune|p2a: Garganacl|[from] ability: Purifying Salt
|
|-weather|SunnyDay|[upkeep]
|upkeep
|turn|2
|
|t:|1760429612
|move|p1a: Ninetales|Will-O-Wisp|p2a: Garganacl
|-immune|p2a: Garganacl|[from] ability: Purifying Salt
|move|p2a: Garganacl|Salt Cure|p1a: Ninetales
|-supereffective|p1a: Ninetales
|-damage|p1a: Ninetales|64/100
|-start|p1a: Ninetales|Salt Cure
|
|-weather|SunnyDay|[upkeep]
|-damage|p1a: Ninetales|52/100|[from] Salt Cure
|upkeep
|turn|3
|
|t:|1760429623
|move|p1a: Ninetales|Disable|p2a: Garganacl
|-start|p2a: Garganacl|Disable|Salt Cure
|move|p2a: Garganacl|Iron Defense|p2a: Garganacl
|-boost|p2a: Garganacl|def|2
|
|-weather|SunnyDay|[upkeep]
|-damage|p1a: Ninetales|39/100|[from] Salt Cure
|upkeep
|turn|4
|
|t:|1760429634
|switch|p1a: Skeledirge|Skeledirge, M|100/100
|move|p2a: Garganacl|Iron Defense|p2a: Garganacl
|-boost|p2a: Garganacl|def|2
|
|-weather|SunnyDay|[upkeep]
|upkeep
|turn|5
|
|t:|1760429643
|move|p2a: Garganacl|Protect|p2a: Garganacl
|-singleturn|p2a: Garganacl|Protect
|move|p1a: Skeledirge|Torch Song|p2a: Garganacl
|-activate|p2a: Garganacl|move: Protect
|
|-weather|SunnyDay|[upkeep]
|upkeep
|turn|6
|
|t:|1760429655
|move|p1a: Skeledirge|Torch Song|p2a: Garganacl
|-resisted|p2a: Garganacl
|-crit|p2a: Garganacl
|-damage|p2a: Garganacl|75/100
|-boost|p1a: Skeledirge|spa|1
|move|p2a: Garganacl|Iron Defense|p2a: Garganacl
|-boost|p2a: Garganacl|def|2
|
|-weather|SunnyDay|[upkeep]
|-heal|p2a: Garganacl|81/100|[from] item: Leftovers
|-end|p2a: Garganacl|Disable
|upkeep
|turn|7
|
|t:|1760429668
|move|p1a: Skeledirge|Torch Song|p2a: Garganacl
|-resisted|p2a: Garganacl
|-damage|p2a: Garganacl|56/100
|-boost|p1a: Skeledirge|spa|1
|move|p2a: Garganacl|Salt Cure|p1a: Skeledirge
|-supereffective|p1a: Skeledirge
|-damage|p1a: Skeledirge|79/100
|-start|p1a: Skeledirge|Salt Cure
|
|-weather|SunnyDay|[upkeep]
|-heal|p2a: Garganacl|62/100|[from] item: Leftovers
|-damage|p1a: Skeledirge|67/100|[from] Salt Cure
|upkeep
|turn|8
|
|t:|1760429682
|move|p1a: Skeledirge|Torch Song|p2a: Garganacl
|-resisted|p2a: Garganacl
|-damage|p2a: Garganacl|28/100
|-boost|p1a: Skeledirge|spa|1
|move|p2a: Garganacl|Recover|p2a: Garganacl
|-heal|p2a: Garganacl|78/100
|
|-weather|none
|-heal|p2a: Garganacl|84/100|[from] item: Leftovers
|-damage|p1a: Skeledirge|55/100|[from] Salt Cure
|upkeep
|turn|9
|
|t:|1760429700
|move|p2a: Garganacl|Protect|p2a: Garganacl
|-singleturn|p2a: Garganacl|Protect
|move|p1a: Skeledirge|Torch Song|p2a: Garganacl
|-activate|p2a: Garganacl|move: Protect
|
|-heal|p2a: Garganacl|90/100|[from] item: Leftovers
|-damage|p1a: Skeledirge|42/100|[from] Salt Cure
|upkeep
|-enditem|p1a: Skeledirge|Sitrus Berry|[eat]
|-heal|p1a: Skeledirge|67/100|[from] item: Sitrus Berry
|turn|10
|
|t:|1760429713
|switch|p2a: Quaquaval|Quaquaval, F, shiny|100/100
|move|p1a: Skeledirge|Torch Song|p2a: Quaquaval
|-resisted|p2a: Quaquaval
|-damage|p2a: Quaquaval|46/100
|-boost|p1a: Skeledirge|spa|1
|
|-damage|p1a: Skeledirge|55/100|[from] Salt Cure
|upkeep
|turn|11
|
|t:|1760429727
|switch|p1a: Ninetales|Ninetales, F|39/100
|-weather|SunnyDay|[from] ability: Drought|[of] p1a: Ninetales
|move|p2a: Quaquaval|Aqua Step|p1a: Ninetales
|-supereffective|p1a: Ninetales
|-damage|p1a: Ninetales|0 fnt
|-boost|p2a: Quaquaval|spe|1
|faint|p1a: Ninetales
|-ability|p2a: Quaquaval|Moxie|boost
|-boost|p2a: Quaquaval|atk|1
|
|-weather|SunnyDay|[upkeep]
|upkeep
|
|t:|1760429740
|switch|p1a: Rillaboom|Rillaboom, F|100/100
|-fieldstart|move: Grassy Terrain|[from] ability: Grassy Surge|[of] p1a: Rillaboom
|turn|12
|
|t:|1760429745
|switch|p2a: Moltres|Moltres, shiny|100/100
|move|p1a: Rillaboom|Grassy Glide|p2a: Moltres
|-resisted|p2a: Moltres
|-damage|p2a: Moltres|95/100
|
|-weather|SunnyDay|[upkeep]
|upkeep
|turn|13
|
|t:|1760429763
|switch|p1a: Skeledirge|Skeledirge, M|55/100
|move|p2a: Moltres|U-turn|p1a: Skeledirge
|-resisted|p1a: Skeledirge
|-damage|p1a: Skeledirge|52/100
|
|t:|1760429780
|switch|p2a: Lokix|Lokix, M|100/100|[from] U-turn
|
|-weather|SunnyDay|[upkeep]
|-heal|p1a: Skeledirge|58/100|[from] Grassy Terrain
|upkeep
|turn|14
|l|☆spoons_R_bent
|inactive|spoons_R_bent disconnected and has a minute to reconnect!
|player|p1|
|j|☆spoons_R_bent
|inactive|spoons_R_bent reconnected and has 125 seconds left.
|player|p1|spoons_R_bent|clerkf|
|inactive|spoons_R_bent has 120 seconds left.
|
|t:|1760429807
|move|p2a: Lokix|Knock Off|p1a: Skeledirge
|-supereffective|p1a: Skeledirge
|-crit|p1a: Skeledirge
|-damage|p1a: Skeledirge|0 fnt
|faint|p1a: Skeledirge
|-damage|p2a: Lokix|91/100|[from] item: Life Orb
|
|-weather|SunnyDay|[upkeep]
|-heal|p2a: Lokix|97/100|[from] Grassy Terrain
|upkeep
|inactive|spoons_R_bent has 120 seconds left.
|
|t:|1760429816
|switch|p1a: Cinderace|Cinderace, M|100/100
|turn|15
|
|t:|1760429820
|switch|p2a: Moltres|Moltres, shiny|95/100
|move|p1a: Cinderace|Pyro Ball|p2a: Moltres
|-resisted|p2a: Moltres
|-damage|p2a: Moltres|51/100
|
|-weather|SunnyDay|[upkeep]
|upkeep
|turn|16
|
|t:|1760429829
|-terastallize|p1a: Cinderace|Fire
|move|p1a: Cinderace|Pyro Ball|p2a: Moltres
|-resisted|p2a: Moltres
|-damage|p2a: Moltres|0 fnt
|faint|p2a: Moltres
|
|-weather|SunnyDay|[upkeep]
|upkeep
|
|t:|1760429836
|switch|p2a: Garganacl|Garganacl, M, shiny|90/100
|turn|17
|
|t:|1760429841
|move|p1a: Cinderace|Pyro Ball|p2a: Garganacl
|-resisted|p2a: Garganacl
|-damage|p2a: Garganacl|29/100
|move|p2a: Garganacl|Salt Cure|p1a: Cinderace
|-supereffective|p1a: Cinderace
|-damage|p1a: Cinderace|63/100
|-start|p1a: Cinderace|Salt Cure
|
|-weather|SunnyDay|[upkeep]
|-heal|p1a: Cinderace|69/100|[from] Grassy Terrain
|-heal|p2a: Garganacl|35/100|[from] Grassy Terrain
|-heal|p2a: Garganacl|41/100|[from] item: Leftovers
|-damage|p1a: Cinderace|56/100|[from] Salt Cure
|upkeep
|turn|18
|
|t:|1760429855
|switch|p1a: Lilligant|Lilligant-Hisui, F|100/100
|move|p2a: Garganacl|Protect||[still]
|-fail|p2a: Garganacl
|
|-weather|none
|-heal|p2a: Garganacl|47/100|[from] Grassy Terrain
|-heal|p2a: Garganacl|53/100|[from] item: Leftovers
|upkeep
|turn|19
|
|t:|1760429867
|switch|p2a: Lanturn|Lanturn, F, shiny|100/100
|move|p1a: Lilligant|Victory Dance|p1a: Lilligant
|-boost|p1a: Lilligant|atk|1
|-boost|p1a: Lilligant|def|1
|-boost|p1a: Lilligant|spe|1
|
|-fieldend|move: Grassy Terrain
|upkeep
|turn|20
|
|t:|1760429876
|move|p1a: Lilligant|Leaf Blade|p2a: Lanturn
|-supereffective|p2a: Lanturn
|-damage|p2a: Lanturn|0 fnt
|faint|p2a: Lanturn
|-damage|p1a: Lilligant|91/100|[from] item: Life Orb
|
|upkeep
|
|t:|1760429889
|switch|p2a: Garganacl|Garganacl, M, shiny|53/100
|turn|21
|
|t:|1760429895
|-terastallize|p2a: Garganacl|Flying
|move|p1a: Lilligant|Victory Dance|p1a: Lilligant
|-boost|p1a: Lilligant|atk|1
|-boost|p1a: Lilligant|def|1
|-boost|p1a: Lilligant|spe|1
|move|p2a: Garganacl|Salt Cure|p1a: Lilligant
|-resisted|p1a: Lilligant
|-damage|p1a: Lilligant|87/100
|-start|p1a: Lilligant|Salt Cure
|
|-heal|p2a: Garganacl|60/100|[from] item: Leftovers
|-damage|p1a: Lilligant|74/100|[from] Salt Cure
|upkeep
|turn|22
|
|t:|1760429908
|move|p2a: Garganacl|Protect|p2a: Garganacl
|-singleturn|p2a: Garganacl|Protect
|move|p1a: Lilligant|Victory Dance|p1a: Lilligant
|-boost|p1a: Lilligant|atk|1
|-boost|p1a: Lilligant|def|1
|-boost|p1a: Lilligant|spe|1
|
|-heal|p2a: Garganacl|66/100|[from] item: Leftovers
|-damage|p1a: Lilligant|62/100|[from] Salt Cure
|upkeep
|turn|23
|
|t:|1760429922
|switch|p2a: Quaquaval|Quaquaval, F, shiny|46/100
|move|p1a: Lilligant|Victory Dance|p1a: Lilligant
|-boost|p1a: Lilligant|atk|1
|-boost|p1a: Lilligant|def|1
|-boost|p1a: Lilligant|spe|1
|
|-damage|p1a: Lilligant|49/100|[from] Salt Cure
|upkeep
|turn|24
|
|t:|1760429932
|move|p1a: Lilligant|Leaf Blade|p2a: Quaquaval
|-supereffective|p2a: Quaquaval
|-damage|p2a: Quaquaval|0 fnt
|faint|p2a: Quaquaval
|-damage|p1a: Lilligant|40/100|[from] item: Life Orb
|
|-damage|p1a: Lilligant|27/100|[from] Salt Cure
|upkeep
|
|t:|1760429940
|switch|p2a: Lokix|Lokix, M|97/100
|turn|25
|
|t:|1760429945
|move|p2a: Lokix|First Impression|p1a: Lilligant
|-damage|p1a: Lilligant|4/100
|-damage|p2a: Lokix|87/100|[from] item: Life Orb
|move|p1a: Lilligant|Synthesis|p1a: Lilligant
|-heal|p1a: Lilligant|54/100
|
|-damage|p1a: Lilligant|42/100|[from] Salt Cure
|upkeep
|turn|26
|-message|shouldbeslepin forfeited.
|
|win|spoons_R_bent
|raw|spoons_R_bent's rating: 1148 &rarr; <strong>1168</strong><br />(+20 for winning)
|raw|shouldbeslepin's rating: 1076 &rarr; <strong>1059</strong><br />(-17 for losing)
|l|☆shouldbeslepin
|player|p2|
|l|☆spoons_R_bent
|player|p1|
