|j|‽flinchirator
|j|☆doomagedon_35
|t:|1760328204
|gametype|singles
|player|p1|flinchirator|miku-ice|1438
|player|p2|doomagedon_35|ghetsis|1431
|gen|9
|tier|[Gen 9] OU
|rated|
|rule|HP Percentage Mod: HP is shown in percentages
|rule|Endless Battle Clause: Forcing endless battles is banned
|rule|Species Clause: Limit one of each Pokémon
|rule|OHKO Clause: OHKO moves are banned
|rule|Evasion Items Clause: Evasion items are banned
|rule|Evasion Moves Clause: Evasion moves are banned
|rule|Evasion Abilities Clause: Evasion abilities are banned
|rule|Sleep Moves Clause: Sleep-inducing moves are banned
|clearpoke
|poke|p1|Iron Treads|
|poke|p1|Zapdos|
|poke|p1|Ogerpon-Wellspring, F|
|poke|p1|Keldeo|
|poke|p1|Iron Valiant|
|poke|p1|Dragonite, F|
|poke|p2|Weavile, F|
|poke|p2|Alomomola, F|
|poke|p2|Zamazenta-*|
|poke|p2|Dragonite, F|
|poke|p2|Iron Valiant|
|poke|p2|Pecharunt|
|teampreview
|inactive|Battle timer is ON: inactive players will automatically lose when time's up. (requested by flinchirator)
|inactive|flinchirator has 120 seconds left.
|
|t:|1760328245
|teamsize|p1|6
|teamsize|p2|6
|start
|switch|p1a: Zapdos|Zapdos|100/100
|switch|p2a: Pecharunt|Pecharunt|100/100
|turn|1
|
|t:|1760328258
|move|p1a: Zapdos|Thunderbolt|p2a: Pecharunt
|-damage|p2a: Pecharunt|64/100
|move|p2a: Pecharunt|Parting Shot|p1a: Zapdos
|-unboost|p1a: Zapdos|atk|1
|-unboost|p1a: Zapdos|spa|1
|
|t:|1760328262
|switch|p2a: Alomomola|Alomomola, F|100/100|[from] Parting Shot
|
|upkeep
|turn|2
|
|t:|1760328265
|move|p1a: Zapdos|U-turn|p2a: Alomomola
|-damage|p2a: Alomomola|94/100
|
|t:|1760328268
|switch|p1a: Ogerpon|Ogerpon-Wellspring, F|100/100|[from] U-turn
|move|p2a: Alomomola|Mirror Coat||[still]
|-fail|p2a: Alomomola
|
|upkeep
|turn|3
|
|t:|1760328274
|switch|p2a: Pecharunt|Pecharunt|64/100
|move|p1a: Ogerpon|Swords Dance|p1a: Ogerpon
|-boost|p1a: Ogerpon|atk|2
|
|upkeep
|turn|4
|
|t:|1760328280
|move|p1a: Ogerpon|Ivy Cudgel|p2a: Pecharunt|[anim] Ivy Cudgel Water
|-damage|p2a: Pecharunt|10/100
|move|p2a: Pecharunt|Malignant Chain|p1a: Ogerpon
|-supereffective|p1a: Ogerpon
|-damage|p1a: Ogerpon|31/100
|
|upkeep
|turn|5
|
|t:|1760328292
|move|p1a: Ogerpon|Play Rough|p2a: Pecharunt
|-resisted|p2a: Pecharunt
|-damage|p2a: Pecharunt|0 fnt
|faint|p2a: Pecharunt
|
|upkeep
|
|t:|1760328303
|switch|p2a: Weavile|Weavile, F|100/100
|-ability|p2a: Weavile|Pressure
|turn|6
|
|t:|1760328309
|switch|p1a: Keldeo|Keldeo|100/100
|move|p2a: Weavile|Knock Off|p1a: Keldeo
|-resisted|p1a: Keldeo
|-damage|p1a: Keldeo|73/100
|-ability|p1a: Keldeo|Justified|boost
|-boost|p1a: Keldeo|atk|1
|-enditem|p1a: Keldeo|Leftovers|[from] move: Knock Off|[of] p2a: Weavile
|
|upkeep
|turn|7
|
|t:|1760328317
|switch|p2a: Alomomola|Alomomola, F|100/100
|move|p1a: Keldeo|Calm Mind|p1a: Keldeo
|-boost|p1a: Keldeo|spa|1
|-boost|p1a: Keldeo|spd|1
|
|upkeep
|turn|8
|
|t:|1760328323
|move|p1a: Keldeo|Substitute|p1a: Keldeo
|-start|p1a: Keldeo|Substitute
|-damage|p1a: Keldeo|48/100
|move|p2a: Alomomola|Mirror Coat||[still]
|-fail|p2a: Alomomola
|
|upkeep
|turn|9
|
|t:|1760328328
|move|p1a: Keldeo|Calm Mind|p1a: Keldeo
|-boost|p1a: Keldeo|spa|1
|-boost|p1a: Keldeo|spd|1
|move|p2a: Alomomola|Flip Turn|p1a: Keldeo
|-resisted|p1a: Keldeo
|-activate|p1a: Keldeo|move: Substitute|[damage]
|
|t:|1760328331
|switch|p2a: Iron Valiant|Iron Valiant|100/100|[from] Flip Turn
|-enditem|p2a: Iron Valiant|Booster Energy
|-activate|p2a: Iron Valiant|ability: Quark Drive|[fromitem]
|-start|p2a: Iron Valiant|quarkdrivespe
|
|upkeep
|turn|10
|
|t:|1760328334
|move|p2a: Iron Valiant|Encore|p1a: Keldeo
|-start|p1a: Keldeo|Encore
|move|p1a: Keldeo|Calm Mind|p1a: Keldeo
|-boost|p1a: Keldeo|spa|1
|-boost|p1a: Keldeo|spd|1
|
|upkeep
|turn|11
|
|t:|1760328341
|switch|p1a: Iron Treads|Iron Treads|100/100
|move|p2a: Iron Valiant|Calm Mind|p2a: Iron Valiant
|-boost|p2a: Iron Valiant|spa|1
|-boost|p2a: Iron Valiant|spd|1
|
|upkeep
|turn|12
|
|t:|1760328350
|-end|p2a: Iron Valiant|Quark Drive|[silent]
|switch|p2a: Zamazenta|Zamazenta|100/100
|-ability|p2a: Zamazenta|Dauntless Shield|boost
|-boost|p2a: Zamazenta|def|1
|move|p1a: Iron Treads|Earthquake|p2a: Zamazenta
|-damage|p2a: Zamazenta|78/100
|
|-heal|p2a: Zamazenta|84/100|[from] item: Leftovers
|upkeep
|turn|13
|
|t:|1760328355
|-end|p1a: Iron Treads|Quark Drive|[silent]
|switch|p1a: Zapdos|Zapdos|100/100
|move|p2a: Zamazenta|Iron Defense|p2a: Zamazenta
|-boost|p2a: Zamazenta|def|2
|
|-heal|p2a: Zamazenta|90/100|[from] item: Leftovers
|upkeep
|turn|14
|
|t:|1760328366
|switch|p2a: Weavile|Weavile, F|100/100
|-ability|p2a: Weavile|Pressure
|move|p1a: Zapdos|Thunderbolt|p2a: Weavile
|-damage|p2a: Weavile|50/100
|
|upkeep
|turn|15
|
|t:|1760328373
|switch|p1a: Keldeo|Keldeo|48/100
|move|p2a: Weavile|Triple Axel|p1a: Keldeo
|-resisted|p1a: Keldeo
|-crit|p1a: Keldeo
|-damage|p1a: Keldeo|40/100
|-hitcount|p1a: Keldeo|1
|
|upkeep
|turn|16
|
|t:|1760328387
|move|p2a: Weavile|Triple Axel|p1a: Keldeo
|-resisted|p1a: Keldeo
|-damage|p1a: Keldeo|34/100
|-resisted|p1a: Keldeo
|-damage|p1a: Keldeo|22/100
|-resisted|p1a: Keldeo
|-damage|p1a: Keldeo|5/100
|-hitcount|p1a: Keldeo|3
|move|p1a: Keldeo|Surf|p2a: Weavile
|-damage|p2a: Weavile|0 fnt
|faint|p2a: Weavile
|
|upkeep
|
|t:|1760328397
|switch|p2a: Alomomola|Alomomola, F|100/100
|turn|17
|
|t:|1760328406
|switch|p1a: Ogerpon|Ogerpon-Wellspring, F|31/100
|move|p2a: Alomomola|Ice Beam|p1a: Ogerpon
|-damage|p1a: Ogerpon|19/100
|
|upkeep
|turn|18
|
|t:|1760328417
|switch|p2a: Zamazenta|Zamazenta|90/100
|move|p1a: Ogerpon|Power Whip|p2a: Zamazenta|[miss]
|-miss|p1a: Ogerpon|p2a: Zamazenta
|
|-heal|p2a: Zamazenta|97/100|[from] item: Leftovers
|upkeep
|turn|19
|
|t:|1760328423
|switch|p1a: Zapdos|Zapdos|100/100
|move|p2a: Zamazenta|Body Press|p1a: Zapdos
|-resisted|p1a: Zapdos
|-damage|p1a: Zapdos|89/100
|-status|p2a: Zamazenta|par|[from] ability: Static|[of] p1a: Zapdos
|
|-heal|p2a: Zamazenta|100/100 par|[from] item: Leftovers
|upkeep
|turn|20
|inactive|doomagedon_35 has 120 seconds left.
|inactive|doomagedon_35 has 90 seconds left.
|
|t:|1760328498
|switch|p2a: Alomomola|Alomomola, F|100/100
|move|p1a: Zapdos|Thunderbolt|p2a: Alomomola
|-supereffective|p2a: Alomomola
|-damage|p2a: Alomomola|65/100
|
|upkeep
|turn|21
|inactive|flinchirator has 120 seconds left.
|
|t:|1760328532
|move|p1a: Zapdos|U-turn|p2a: Alomomola
|-damage|p2a: Alomomola|55/100
|
|t:|1760328534
|switch|p1a: Ogerpon|Ogerpon-Wellspring, F|19/100|[from] U-turn
|move|p2a: Alomomola|Ice Beam|p1a: Ogerpon
|-damage|p1a: Ogerpon|6/100
|
|upkeep
|turn|22
|inactive|doomagedon_35 has 90 seconds left.
|
|t:|1760328546
|move|p1a: Ogerpon|Play Rough|p2a: Alomomola
|-damage|p2a: Alomomola|29/100
|move|p2a: Alomomola|Ice Beam|p1a: Ogerpon
|-damage|p1a: Ogerpon|0 fnt
|faint|p1a: Ogerpon
|
|upkeep
|
|t:|1760328557
|switch|p1a: Zapdos|Zapdos|89/100
|turn|23
|
|t:|1760328564
|switch|p2a: Iron Valiant|Iron Valiant|100/100
|move|p1a: Zapdos|Thunderbolt|p2a: Iron Valiant
|-damage|p2a: Iron Valiant|35/100
|
|upkeep
|turn|24
|
|t:|1760328582
|move|p2a: Iron Valiant|Moonblast|p1a: Zapdos
|-damage|p1a: Zapdos|57/100
|move|p1a: Zapdos|Thunderbolt|p2a: Iron Valiant
|-damage|p2a: Iron Valiant|0 fnt
|faint|p2a: Iron Valiant
|-end|p2a: Iron Valiant|Quark Drive|[silent]
|
|upkeep
|inactive|doomagedon_35 has 90 seconds left.
|
|t:|1760328614
|switch|p2a: Dragonite|Dragonite, F, shiny|100/100
|turn|25
|
|t:|1760328629
|move|p1a: Zapdos|Thunderbolt|p2a: Dragonite
|-damage|p2a: Dragonite|90/100
|move|p2a: Dragonite|Dragon Dance|p2a: Dragonite
|-boost|p2a: Dragonite|atk|1
|-boost|p2a: Dragonite|spe|1
|
|upkeep
|turn|26
|
|t:|1760328634
|move|p2a: Dragonite|Dragon Dance|p2a: Dragonite
|-boost|p2a: Dragonite|atk|1
|-boost|p2a: Dragonite|spe|1
|move|p1a: Zapdos|U-turn|p2a: Dragonite
|-resisted|p2a: Dragonite
|-damage|p2a: Dragonite|84/100
|
|t:|1760328642
|switch|p1a: Iron Treads|Iron Treads|100/100|[from] U-turn
|
|upkeep
|turn|27
|
|t:|1760328658
|-terastallize|p2a: Dragonite|Fairy
|-terastallize|p1a: Iron Treads|Ghost
|move|p2a: Dragonite|Earthquake|p1a: Iron Treads
|-damage|p1a: Iron Treads|52/100
|move|p1a: Iron Treads|Knock Off|p2a: Dragonite
|-resisted|p2a: Dragonite
|-damage|p2a: Dragonite|73/100
|-enditem|p2a: Dragonite|Heavy-Duty Boots|[from] move: Knock Off|[of] p1a: Iron Treads
|
|-heal|p1a: Iron Treads|58/100|[from] item: Leftovers
|upkeep
|turn|28
|
|t:|1760328669
|move|p2a: Dragonite|Roost|p2a: Dragonite
|-heal|p2a: Dragonite|100/100
|move|p1a: Iron Treads|Earthquake|p2a: Dragonite
|-damage|p2a: Dragonite|83/100
|
|-heal|p1a: Iron Treads|64/100|[from] item: Leftovers
|upkeep
|turn|29
|
|t:|1760328676
|move|p2a: Dragonite|Tera Blast|p1a: Iron Treads|[anim] Tera Blast Fairy
|-damage|p1a: Iron Treads|14/100
|move|p1a: Iron Treads|Earthquake|p2a: Dragonite
|-damage|p2a: Dragonite|49/100
|
|-heal|p1a: Iron Treads|20/100|[from] item: Leftovers
|upkeep
|turn|30
|
|t:|1760328705
|move|p2a: Dragonite|Roost|p2a: Dragonite
|-heal|p2a: Dragonite|99/100
|move|p1a: Iron Treads|Earthquake|p2a: Dragonite
|-damage|p2a: Dragonite|62/100
|
|-heal|p1a: Iron Treads|26/100|[from] item: Leftovers
|upkeep
|turn|31
|
|t:|1760328712
|move|p2a: Dragonite|Roost|p2a: Dragonite
|-heal|p2a: Dragonite|100/100
|move|p1a: Iron Treads|Earthquake|p2a: Dragonite
|-damage|p2a: Dragonite|84/100
|
|-heal|p1a: Iron Treads|32/100|[from] item: Leftovers
|upkeep
|turn|32
|inactive|flinchirator has 120 seconds left.
|inactive|flinchirator has 90 seconds left.
|
|t:|1760328788
|-end|p1a: Iron Treads|Quark Drive|[silent]
|switch|p1a: Zapdos|Zapdos|57/100
|move|p2a: Dragonite|Tera Blast|p1a: Zapdos|[anim] Tera Blast Fairy
|-damage|p1a: Zapdos|5/100
|
|upkeep
|turn|33
|
|t:|1760328796
|move|p2a: Dragonite|Tera Blast|p1a: Zapdos|[anim] Tera Blast Fairy
|-damage|p1a: Zapdos|0 fnt
|faint|p1a: Zapdos
|
|upkeep
|-message|flinchirator forfeited.
|
|win|doomagedon_35
|raw|flinchirator's rating: 1473 &rarr; <strong>1451</strong><br />(-22 for losing)
|raw|doomagedon_35's rating: 1431 &rarr; <strong>1453</strong><br />(+22 for winning)
|l|‽flinchirator
|player|p1|
