|j|☆pkmbb
|j|☆estiviyi
|t:|1760381169
|gametype|singles
|player|p1|pkmbb|265|1135
|player|p2|estiviyi|266|1185
|gen|9
|tier|[Gen 9] OU
|rated|
|rule|HP Percentage Mod: HP is shown in percentages
|rule|Endless Battle Clause: Forcing endless battles is banned
|rule|Species Clause: Limit one of each Pokémon
|rule|OHKO Clause: OHKO moves are banned
|rule|Evasion Items Clause: Evasion items are banned
|rule|Evasion Moves Clause: Evasion moves are banned
|rule|Evasion Abilities Clause: Evasion abilities are banned
|rule|Sleep Moves Clause: Sleep-inducing moves are banned
|clearpoke
|poke|p1|Heracross, M|
|poke|p1|Araquanid, F|
|poke|p1|Illumise, F|
|poke|p1|Scizor, F|
|poke|p1|Lokix, F|
|poke|p1|Forretress, F|
|poke|p2|Ceruledge, F|
|poke|p2|Glimmora, F|
|poke|p2|Corviknight, F|
|poke|p2|Ogerpon-Wellspring, F|
|poke|p2|Sableye, F|
|poke|p2|Great Tusk|
|teampreview
|inactive|Battle timer is ON: inactive players will automatically lose when time's up. (requested by estiviyi)
|
|t:|1760381194
|teamsize|p1|6
|teamsize|p2|6
|start
|switch|p1a: Illmatic|Illumise, F|100/100
|switch|p2a: Ceruledge|Ceruledge, F|100/100
|turn|1
|
|t:|1760381200
|move|p1a: Illmatic|Thunder Wave|p2a: Ceruledge|[miss]
|-miss|p1a: Illmatic|p2a: Ceruledge
|move|p2a: Ceruledge|Bitter Blade|p1a: Illmatic
|-supereffective|p1a: Illmatic
|-damage|p1a: Illmatic|0 fnt
|faint|p1a: Illmatic
|-damage|p2a: Ceruledge|91/100|[from] item: Life Orb
|
|upkeep
|
|t:|1760381205
|switch|p1a: Araqmarine|Araquanid, F, shiny|100/100
|turn|2
|
|t:|1760381216
|switch|p2a: Ogerpon|Ogerpon-Wellspring, F|100/100
|move|p1a: Araqmarine|Hydro Pump|p2a: Ogerpon
|-immune|p2a: Ogerpon|[from] ability: Water Absorb
|
|upkeep
|turn|3
|
|t:|1760381222
|move|p2a: Ogerpon|U-turn|p1a: Araqmarine
|-damage|p1a: Araqmarine|71/100
|
|t:|1760381227
|switch|p2a: Corviknight|Corviknight, F, shiny|100/100|[from] U-turn
|-ability|p2a: Corviknight|Pressure
|move|p1a: Araqmarine|Sticky Web|p2a: Corviknight
|-sidestart|p2: estiviyi|move: Sticky Web
|
|-heal|p1a: Araqmarine|77/100|[from] item: Leftovers
|upkeep
|turn|4
|
|t:|1760381234
|move|p2a: Corviknight|Brave Bird|p1a: Araqmarine
|-supereffective|p1a: Araqmarine
|-damage|p1a: Araqmarine|0 fnt
|faint|p1a: Araqmarine
|-damage|p2a: Corviknight|79/100|[from] Recoil
|
|upkeep
|
|t:|1760381241
|switch|p1a: Enter The Wu-Tang|Lokix, F|100/100
|turn|5
|
|t:|1760381244
|move|p1a: Enter The Wu-Tang|First Impression|p2a: Corviknight
|-resisted|p2a: Corviknight
|-damage|p2a: Corviknight|68/100
|-damage|p1a: Enter The Wu-Tang|84/100|[from] item: Rocky Helmet|[of] p2a: Corviknight
|move|p2a: Corviknight|Roost|p2a: Corviknight
|-heal|p2a: Corviknight|100/100
|-singleturn|p2a: Corviknight|move: Roost
|
|upkeep
|turn|6
|
|t:|1760381250
|move|p1a: Enter The Wu-Tang|Knock Off|p2a: Corviknight
|-damage|p2a: Corviknight|74/100
|-damage|p1a: Enter The Wu-Tang|67/100|[from] item: Rocky Helmet|[of] p2a: Corviknight
|-enditem|p2a: Corviknight|Rocky Helmet|[from] move: Knock Off|[of] p1a: Enter The Wu-Tang
|move|p2a: Corviknight|Brave Bird|p1a: Enter The Wu-Tang
|-supereffective|p1a: Enter The Wu-Tang
|-damage|p1a: Enter The Wu-Tang|0 fnt
|faint|p1a: Enter The Wu-Tang
|-damage|p2a: Corviknight|58/100|[from] Recoil
|
|upkeep
|
|t:|1760381255
|switch|p1a: Supa Dupa Fly|Scizor, F|100/100
|turn|7
|inactive|pkmbb has 120 seconds left.
|
|t:|1760381291
|move|p2a: Corviknight|Brave Bird|p1a: Supa Dupa Fly
|-damage|p1a: Supa Dupa Fly|60/100
|-damage|p2a: Corviknight|47/100|[from] Recoil
|move|p1a: Supa Dupa Fly|Swords Dance|p1a: Supa Dupa Fly
|-boost|p1a: Supa Dupa Fly|atk|2
|
|upkeep
|turn|8
|inactive|pkmbb has 120 seconds left.
|
|t:|1760381299
|move|p2a: Corviknight|Roost|p2a: Corviknight
|-heal|p2a: Corviknight|97/100
|-singleturn|p2a: Corviknight|move: Roost
|move|p1a: Supa Dupa Fly|Swords Dance|p1a: Supa Dupa Fly
|-boost|p1a: Supa Dupa Fly|atk|2
|
|upkeep
|turn|9
|inactive|pkmbb has 120 seconds left.
|
|t:|1760381318
|-terastallize|p1a: Supa Dupa Fly|Flying
|move|p2a: Corviknight|Brave Bird|p1a: Supa Dupa Fly
|-damage|p1a: Supa Dupa Fly|26/100
|-damage|p2a: Corviknight|87/100|[from] Recoil
|move|p1a: Supa Dupa Fly|Dual Wingbeat|p2a: Corviknight
|-resisted|p2a: Corviknight
|-damage|p2a: Corviknight|58/100
|-resisted|p2a: Corviknight
|-damage|p2a: Corviknight|26/100
|-hitcount|p2a: Corviknight|2
|
|upkeep
|turn|10
|inactive|pkmbb has 120 seconds left.
|inactive|estiviyi has 120 seconds left.
|inactive|estiviyi has 90 seconds left.
|inactive|estiviyi has 60 seconds left.
|
|t:|1760381418
|move|p1a: Supa Dupa Fly|Bullet Punch|p2a: Corviknight
|-resisted|p2a: Corviknight
|-damage|p2a: Corviknight|0 fnt
|faint|p2a: Corviknight
|
|upkeep
|
|t:|1760381425
|switch|p2a: Sableye|Sableye, F|100/100
|-activate|p2a: Sableye|move: Sticky Web
|-unboost|p2a: Sableye|spe|1
|turn|11
|
|t:|1760381435
|move|p1a: Supa Dupa Fly|Bullet Punch|p2a: Sableye
|-damage|p2a: Sableye|0 fnt
|faint|p2a: Sableye
|
|upkeep
|
|t:|1760381443
|switch|p2a: Ceruledge|Ceruledge, F|91/100
|-activate|p2a: Ceruledge|move: Sticky Web
|-unboost|p2a: Ceruledge|spe|1
|turn|12
|
|t:|1760381453
|move|p2a: Ceruledge|Shadow Sneak|p1a: Supa Dupa Fly
|-damage|p1a: Supa Dupa Fly|0 fnt
|faint|p1a: Supa Dupa Fly
|-damage|p2a: Ceruledge|81/100|[from] item: Life Orb
|
|upkeep
|
|t:|1760381458
|switch|p1a: Midnight Merauder|Forretress, F|100/100
|turn|13
|
|t:|1760381464
|move|p2a: Ceruledge|Bitter Blade|p1a: Midnight Merauder
|-supereffective|p1a: Midnight Merauder
|-ability|p1a: Midnight Merauder|Sturdy
|-damage|p1a: Midnight Merauder|1/100
|-heal|p2a: Ceruledge|100/100|[from] drain|[of] p1a: Midnight Merauder
|-damage|p2a: Ceruledge|84/100|[from] item: Rocky Helmet|[of] p1a: Midnight Merauder
|-damage|p2a: Ceruledge|74/100|[from] item: Life Orb
|move|p1a: Midnight Merauder|Stealth Rock|p2a: Ceruledge
|-sidestart|p2: estiviyi|move: Stealth Rock
|
|upkeep
|turn|14
|
|t:|1760381475
|move|p2a: Ceruledge|Swords Dance|p2a: Ceruledge
|-boost|p2a: Ceruledge|atk|2
|move|p1a: Midnight Merauder|Explosion|p2a: Ceruledge
|-immune|p2a: Ceruledge
|faint|p1a: Midnight Merauder
|
|upkeep
|
|t:|1760381481
|switch|p1a: Liquid Swords|Heracross, M|100/100
|turn|15
|
|t:|1760381495
|move|p2a: Ceruledge|Shadow Sneak|p1a: Liquid Swords
|-damage|p1a: Liquid Swords|19/100
|-damage|p2a: Ceruledge|64/100|[from] item: Life Orb
|move|p1a: Liquid Swords|Earthquake|p2a: Ceruledge
|-supereffective|p2a: Ceruledge
|-crit|p2a: Ceruledge
|-damage|p2a: Ceruledge|0 fnt
|faint|p2a: Ceruledge
|-ability|p1a: Liquid Swords|Moxie|boost
|-boost|p1a: Liquid Swords|atk|1
|
|upkeep
|
|t:|1760381498
|switch|p2a: Great Tusk|Great Tusk|100/100
|-activate|p2a: Great Tusk|move: Sticky Web
|-unboost|p2a: Great Tusk|spe|1
|-damage|p2a: Great Tusk|98/100|[from] Stealth Rock
|-enditem|p2a: Great Tusk|Booster Energy
|-activate|p2a: Great Tusk|ability: Protosynthesis|[fromitem]
|-start|p2a: Great Tusk|protosynthesisatk
|turn|16
|
|t:|1760381506
|move|p1a: Liquid Swords|Earthquake|p2a: Great Tusk
|-crit|p2a: Great Tusk
|-damage|p2a: Great Tusk|15/100
|move|p2a: Great Tusk|Headlong Rush|p1a: Liquid Swords
|-resisted|p1a: Liquid Swords
|-damage|p1a: Liquid Swords|0 fnt
|-unboost|p2a: Great Tusk|def|1
|-unboost|p2a: Great Tusk|spd|1
|faint|p1a: Liquid Swords
|
|win|estiviyi
|raw|pkmbb's rating: 1135 &rarr; <strong>1114</strong><br />(-21 for losing)
|raw|estiviyi's rating: 1185 &rarr; <strong>1206</strong><br />(+21 for winning)
|l|☆estiviyi
|player|p2|
|l|☆pkmbb
|player|p1|
