|j|☆R1kka
|j|☆Fullmelmetal101
|t:|1760328347
|gametype|singles
|player|p1|R1kka|karen|1296
|player|p2|Fullmelmetal101|plasmagrunt-gen5bw|1226
|gen|9
|tier|[Gen 9] OU
|rated|
|rule|HP Percentage Mod: HP is shown in percentages
|rule|Endless Battle Clause: Forcing endless battles is banned
|rule|Species Clause: Limit one of each Pokémon
|rule|OHKO Clause: OHKO moves are banned
|rule|Evasion Items Clause: Evasion items are banned
|rule|Evasion Moves Clause: Evasion moves are banned
|rule|Evasion Abilities Clause: Evasion abilities are banned
|rule|Sleep Moves Clause: Sleep-inducing moves are banned
|clearpoke
|poke|p1|Zamazenta-*|
|poke|p1|Ninetales-Alola, F|
|poke|p1|Darkrai|
|poke|p1|Ceruledge, M|
|poke|p1|Gliscor, M|
|poke|p1|Hatterene, F|
|poke|p2|Garganacl, M|
|poke|p2|Volcanion|
|poke|p2|Alomomola, F|
|poke|p2|Glimmora, F|
|poke|p2|Ursaluna, F|
|poke|p2|Polteageist-Antique|
|teampreview
|inactive|Battle timer is ON: inactive players will automatically lose when time's up. (requested by R1kka)
|inactive|Fullmelmetal101 has 120 seconds left.
|
|t:|1760328391
|teamsize|p1|6
|teamsize|p2|6
|start
|switch|p1a: Ninetales|Ninetales-Alola, F|100/100
|switch|p2a: Volcanion|Volcanion|100/100
|-weather|Snowscape|[from] ability: Snow Warning|[of] p1a: Ninetales
|turn|1
|
|t:|1760328403
|move|p1a: Ninetales|Aurora Veil|p1a: Ninetales
|-sidestart|p1: R1kka|move: Aurora Veil
|move|p2a: Volcanion|Fire Blast|p1a: Ninetales
|-supereffective|p1a: Ninetales
|-damage|p1a: Ninetales|38/100
|
|-weather|Snowscape|[upkeep]
|upkeep
|turn|2
|
|t:|1760328418
|switch|p1a: Ceruledge|Ceruledge, M|100/100
|move|p2a: Volcanion|Steam Eruption|p1a: Ceruledge
|-supereffective|p1a: Ceruledge
|-damage|p1a: Ceruledge|48/100
|
|-weather|Snowscape|[upkeep]
|upkeep
|turn|3
|
|t:|1760328431
|move|p1a: Ceruledge|Shadow Sneak|p2a: Volcanion
|-damage|p2a: Volcanion|88/100
|move|p2a: Volcanion|Steam Eruption|p1a: Ceruledge
|-supereffective|p1a: Ceruledge
|-damage|p1a: Ceruledge|0 fnt
|faint|p1a: Ceruledge
|
|-weather|Snowscape|[upkeep]
|upkeep
|
|t:|1760328437
|switch|p1a: Hatterene|Hatterene, F|100/100
|turn|4
|
|t:|1760328444
|move|p2a: Volcanion|Sludge Bomb|p1a: Hatterene
|-supereffective|p1a: Hatterene
|-damage|p1a: Hatterene|65/100
|move|p1a: Hatterene|Calm Mind|p1a: Hatterene
|-boost|p1a: Hatterene|spa|1
|-boost|p1a: Hatterene|spd|1
|
|-weather|Snowscape|[upkeep]
|-heal|p1a: Hatterene|71/100|[from] item: Leftovers
|upkeep
|turn|5
|
|t:|1760328455
|move|p2a: Volcanion|Sludge Bomb|p1a: Hatterene
|-supereffective|p1a: Hatterene
|-damage|p1a: Hatterene|45/100
|move|p1a: Hatterene|Calm Mind|p1a: Hatterene
|-boost|p1a: Hatterene|spa|1
|-boost|p1a: Hatterene|spd|1
|
|-weather|none
|-heal|p1a: Hatterene|51/100|[from] item: Leftovers
|upkeep
|turn|6
|
|t:|1760328465
|move|p2a: Volcanion|Sludge Bomb|p1a: Hatterene
|-supereffective|p1a: Hatterene
|-damage|p1a: Hatterene|32/100
|-status|p1a: Hatterene|psn
|move|p1a: Hatterene|Psyshock|p2a: Volcanion
|-crit|p2a: Volcanion
|-damage|p2a: Volcanion|3/100
|
|-heal|p1a: Hatterene|38/100 psn|[from] item: Leftovers
|-damage|p1a: Hatterene|25/100 psn|[from] psn
|upkeep
|turn|7
|
|t:|1760328478
|move|p2a: Volcanion|Steam Eruption|p1a: Hatterene
|-damage|p1a: Hatterene|10/100 psn
|move|p1a: Hatterene|Draining Kiss|p2a: Volcanion
|-resisted|p2a: Volcanion
|-damage|p2a: Volcanion|0 fnt
|-heal|p1a: Hatterene|12/100 psn|[from] drain|[of] p2a: Volcanion
|faint|p2a: Volcanion
|
|-heal|p1a: Hatterene|18/100 psn|[from] item: Leftovers
|-damage|p1a: Hatterene|6/100 psn|[from] psn
|upkeep
|
|t:|1760328498
|switch|p2a: Polteageist|Polteageist-Antique, shiny|100/100
|turn|8
|
|t:|1760328504
|switch|p1a: Darkrai|Darkrai|100/100
|move|p2a: Polteageist|Shell Smash|p2a: Polteageist
|-unboost|p2a: Polteageist|def|1
|-unboost|p2a: Polteageist|spd|1
|-boost|p2a: Polteageist|atk|2
|-boost|p2a: Polteageist|spa|2
|-boost|p2a: Polteageist|spe|2
|-enditem|p2a: Polteageist|White Herb
|-clearnegativeboost|p2a: Polteageist|[silent]
|
|-sideend|p1: R1kka|move: Aurora Veil
|upkeep
|turn|9
|inactive|Fullmelmetal101 has 120 seconds left.
|
|t:|1760328527
|switch|p2a: Alomomola|Alomomola, F, shiny|100/100
|move|p1a: Darkrai|Dark Pulse|p2a: Alomomola
|-damage|p2a: Alomomola|69/100
|
|-heal|p2a: Alomomola|76/100|[from] item: Leftovers
|upkeep
|turn|10
|inactive|Fullmelmetal101 has 120 seconds left.
|
|t:|1760328541
|move|p1a: Darkrai|Nasty Plot|p1a: Darkrai
|-boost|p1a: Darkrai|spa|2
|move|p2a: Alomomola|Flip Turn|p1a: Darkrai
|-damage|p1a: Darkrai|78/100
|inactive|Fullmelmetal101 has 120 seconds left.
|
|t:|1760328567
|switch|p2a: Glimmora|Glimmora, F, shiny|100/100|[from] Flip Turn
|
|-heal|p1a: Darkrai|84/100|[from] item: Leftovers
|upkeep
|turn|11
|
|t:|1760328582
|switch|p1a: Hatterene|Hatterene, F|6/100 psn
|move|p2a: Glimmora|Mortal Spin|p1a: Hatterene
|-supereffective|p1a: Hatterene
|-damage|p1a: Hatterene|0 fnt
|faint|p1a: Hatterene
|
|upkeep
|
|t:|1760328588
|switch|p1a: Gliscor|Gliscor, M|100/100
|turn|12
|
|t:|1760328606
|move|p1a: Gliscor|Earthquake|p2a: Glimmora
|-supereffective|p2a: Glimmora
|-damage|p2a: Glimmora|0 fnt
|faint|p2a: Glimmora
|
|-status|p1a: Gliscor|tox|[from] item: Toxic Orb
|upkeep
|
|t:|1760328616
|switch|p2a: Polteageist|Polteageist-Antique, shiny|100/100
|turn|13
|
|t:|1760328629
|switch|p1a: Ninetales|Ninetales-Alola, F|38/100
|-weather|Snowscape|[from] ability: Snow Warning|[of] p1a: Ninetales
|move|p2a: Polteageist|Shell Smash|p2a: Polteageist
|-unboost|p2a: Polteageist|def|1
|-unboost|p2a: Polteageist|spd|1
|-boost|p2a: Polteageist|atk|2
|-boost|p2a: Polteageist|spa|2
|-boost|p2a: Polteageist|spe|2
|
|-weather|Snowscape|[upkeep]
|upkeep
|turn|14
|
|t:|1760328646
|move|p2a: Polteageist|Stored Power|p1a: Ninetales
|-damage|p1a: Ninetales|0 fnt
|faint|p1a: Ninetales
|
|-weather|Snowscape|[upkeep]
|upkeep
|
|t:|1760328649
|switch|p1a: Darkrai|Darkrai|84/100
|turn|15
|
|t:|1760328658
|switch|p2a: Alomomola|Alomomola, F, shiny|100/100
|move|p1a: Darkrai|Dark Pulse|p2a: Alomomola
|-damage|p2a: Alomomola|70/100
|
|-weather|Snowscape|[upkeep]
|-heal|p1a: Darkrai|90/100|[from] item: Leftovers
|-heal|p2a: Alomomola|76/100|[from] item: Leftovers
|upkeep
|turn|16
|
|t:|1760328668
|move|p1a: Darkrai|Nasty Plot|p1a: Darkrai
|-boost|p1a: Darkrai|spa|2
|move|p2a: Alomomola|Flip Turn|p1a: Darkrai
|-damage|p1a: Darkrai|68/100
|
|t:|1760328688
|switch|p2a: Ursaluna|Ursaluna, F, shiny|100/100|[from] Flip Turn
|
|-weather|Snowscape|[upkeep]
|-heal|p1a: Darkrai|74/100|[from] item: Leftovers
|-status|p2a: Ursaluna|brn|[from] item: Flame Orb
|upkeep
|turn|17
|inactive|Fullmelmetal101 has 90 seconds left.
|
|t:|1760328704
|move|p1a: Darkrai|Focus Blast|p2a: Ursaluna
|-supereffective|p2a: Ursaluna
|-damage|p2a: Ursaluna|0 fnt
|faint|p2a: Ursaluna
|
|-weather|none
|-heal|p1a: Darkrai|80/100|[from] item: Leftovers
|upkeep
|inactive|Fullmelmetal101 has 90 seconds left.
|
|t:|1760328715
|switch|p2a: Garganacl|Garganacl, M, shiny|100/100
|turn|18
|inactive|Fullmelmetal101 has 90 seconds left.
|
|t:|1760328738
|-terastallize|p2a: Garganacl|Ghost
|move|p1a: Darkrai|Focus Blast|p2a: Garganacl
|-immune|p2a: Garganacl
|move|p2a: Garganacl|Salt Cure|p1a: Darkrai
|-damage|p1a: Darkrai|61/100
|-start|p1a: Darkrai|Salt Cure
|
|-heal|p1a: Darkrai|67/100|[from] item: Leftovers
|-damage|p1a: Darkrai|54/100|[from] Salt Cure
|upkeep
|turn|19
|
|t:|1760328751
|move|p2a: Garganacl|Protect|p2a: Garganacl
|-singleturn|p2a: Garganacl|Protect
|move|p1a: Darkrai|Nasty Plot|p1a: Darkrai
|-boost|p1a: Darkrai|spa|2
|
|-heal|p1a: Darkrai|60/100|[from] item: Leftovers
|-damage|p1a: Darkrai|48/100|[from] Salt Cure
|upkeep
|turn|20
|
|t:|1760328763
|switch|p2a: Alomomola|Alomomola, F, shiny|100/100
|move|p1a: Darkrai|Dark Pulse|p2a: Alomomola
|-damage|p2a: Alomomola|0 fnt
|faint|p2a: Alomomola
|
|-heal|p1a: Darkrai|54/100|[from] item: Leftovers
|-damage|p1a: Darkrai|41/100|[from] Salt Cure
|upkeep
|
|t:|1760328774
|switch|p2a: Garganacl|Garganacl, M, shiny, tera:Ghost|100/100
|turn|21
|
|t:|1760328778
|move|p2a: Garganacl|Protect|p2a: Garganacl
|-singleturn|p2a: Garganacl|Protect
|move|p1a: Darkrai|Dark Pulse|p2a: Garganacl
|-activate|p2a: Garganacl|move: Protect
|
|-heal|p1a: Darkrai|47/100|[from] item: Leftovers
|-damage|p1a: Darkrai|35/100|[from] Salt Cure
|upkeep
|turn|22
|
|t:|1760328788
|move|p1a: Darkrai|Dark Pulse|p2a: Garganacl
|-supereffective|p2a: Garganacl
|-damage|p2a: Garganacl|0 fnt
|faint|p2a: Garganacl
|
|-heal|p1a: Darkrai|41/100|[from] item: Leftovers
|-damage|p1a: Darkrai|29/100|[from] Salt Cure
|upkeep
|-message|Fullmelmetal101 forfeited.
|
|win|R1kka
|raw|R1kka's rating: 1296 &rarr; <strong>1316</strong><br />(+20 for winning)
|raw|Fullmelmetal101's rating: 1226 &rarr; <strong>1206</strong><br />(-20 for losing)
|l|☆Fullmelmetal101
|player|p2|
|l|☆R1kka
|player|p1|
