|j|☆izzyazaiya
|j|☆asperburgers
|t:|1760411358
|gametype|singles
|player|p1|izzyazaiya|266|1019
|player|p2|asperburgers|preschooler|1000
|gen|9
|tier|[Gen 9] OU
|rated|
|rule|HP Percentage Mod: HP is shown in percentages
|rule|Endless Battle Clause: Forcing endless battles is banned
|rule|Species Clause: Limit one of each Pokémon
|rule|OHKO Clause: OHKO moves are banned
|rule|Evasion Items Clause: Evasion items are banned
|rule|Evasion Moves Clause: Evasion moves are banned
|rule|Evasion Abilities Clause: Evasion abilities are banned
|rule|Sleep Moves Clause: Sleep-inducing moves are banned
|clearpoke
|poke|p1|Ceruledge, F|
|poke|p1|Arcanine-Hisui, F|
|poke|p1|Weezing-Galar, M|
|poke|p1|Grimmsnarl, M|
|poke|p1|Alomomola, F|
|poke|p1|Ting-Lu|
|poke|p2|Ogerpon-Wellspring, F|
|poke|p2|Gabite, F|
|poke|p2|Conkeldurr, F|
|poke|p2|Bisharp, F|
|poke|p2|Azumarill, F|
|poke|p2|Yanmega, F|
|teampreview
|inactive|Battle timer is ON: inactive players will automatically lose when time's up. (requested by asperburgers)
|inactive|izzyazaiya also wants the timer to be on.
|
|t:|1760411362
|teamsize|p1|6
|teamsize|p2|6
|start
|switch|p1a: Weezing|Weezing-Galar, M|100/100
|switch|p2a: Yanmega|Yanmega, F, shiny|100/100
|turn|1
|
|t:|1760411368
|move|p2a: Yanmega|Protect|p2a: Yanmega
|-singleturn|p2a: Yanmega|Protect
|move|p1a: Weezing|Toxic|p2a: Yanmega
|-activate|p2a: Yanmega|move: Protect
|
|-ability|p2a: Yanmega|Speed Boost|boost
|-boost|p2a: Yanmega|spe|1
|upkeep
|turn|2
|
|t:|1760411378
|move|p2a: Yanmega|Bug Buzz|p1a: Weezing
|-resisted|p1a: Weezing
|-crit|p1a: Weezing
|-damage|p1a: Weezing|81/100
|move|p1a: Weezing|Toxic|p2a: Yanmega
|-status|p2a: Yanmega|tox
|
|-heal|p1a: Weezing|87/100|[from] item: Black Sludge
|-damage|p2a: Yanmega|94/100 tox|[from] psn
|-ability|p2a: Yanmega|Speed Boost|boost
|-boost|p2a: Yanmega|spe|1
|upkeep
|turn|3
|
|t:|1760411394
|move|p2a: Yanmega|Tailwind|p2a: Yanmega
|-sidestart|p2: asperburgers|move: Tailwind
|move|p1a: Weezing|Gunk Shot|p2a: Yanmega
|-crit|p2a: Yanmega
|-damage|p2a: Yanmega|32/100 tox
|
|-heal|p1a: Weezing|93/100|[from] item: Black Sludge
|-damage|p2a: Yanmega|20/100 tox|[from] psn
|-ability|p2a: Yanmega|Speed Boost|boost
|-boost|p2a: Yanmega|spe|1
|upkeep
|turn|4
|
|t:|1760411412
|switch|p2a: Gabite|Gabite, F|100/100
|move|p1a: Weezing|Gunk Shot|p2a: Gabite
|-resisted|p2a: Gabite
|-damage|p2a: Gabite|85/100
|
|-heal|p1a: Weezing|99/100|[from] item: Black Sludge
|upkeep
|turn|5
|
|t:|1760411422
|move|p2a: Gabite|Stealth Rock|p1a: Weezing
|-sidestart|p1: izzyazaiya|move: Stealth Rock
|move|p1a: Weezing|Toxic|p2a: Gabite
|-status|p2a: Gabite|tox
|
|-heal|p1a: Weezing|100/100|[from] item: Black Sludge
|-damage|p2a: Gabite|79/100 tox|[from] psn
|upkeep
|turn|6
|
|t:|1760411436
|switch|p2a: Bisharp|Bisharp, F, shiny|100/100
|move|p1a: Weezing|Defog|p2a: Bisharp
|-unboost|p2a: Bisharp|evasion|1
|-ability|p2a: Bisharp|Defiant|boost
|-boost|p2a: Bisharp|atk|2
|-sideend|p1: izzyazaiya|Stealth Rock|[from] move: Defog|[of] p1a: Weezing
|
|-sideend|p2: asperburgers|move: Tailwind
|upkeep
|turn|7
|
|t:|1760411445
|move|p2a: Bisharp|Substitute|p2a: Bisharp
|-start|p2a: Bisharp|Substitute
|-damage|p2a: Bisharp|76/100
|move|p1a: Weezing|Haze|p1a: Weezing
|-clearallboost
|
|upkeep
|turn|8
|
|t:|1760411450
|move|p2a: Bisharp|Swords Dance|p2a: Bisharp
|-boost|p2a: Bisharp|atk|2
|move|p1a: Weezing|Gunk Shot|p2a: Bisharp
|-immune|p2a: Bisharp
|
|upkeep
|turn|9
|
|t:|1760411457
|move|p2a: Bisharp|Swords Dance|p2a: Bisharp
|-boost|p2a: Bisharp|atk|2
|move|p1a: Weezing|Haze|p1a: Weezing
|-clearallboost
|
|upkeep
|turn|10
|
|t:|1760411465
|move|p2a: Bisharp|Swords Dance|p2a: Bisharp
|-boost|p2a: Bisharp|atk|2
|move|p1a: Weezing|Haze|p1a: Weezing
|-clearallboost
|
|upkeep
|turn|11
|
|t:|1760411473
|move|p2a: Bisharp|Iron Head|p1a: Weezing
|-supereffective|p1a: Weezing
|-damage|p1a: Weezing|57/100
|cant|p1a: Weezing|flinch
|
|-heal|p1a: Weezing|63/100|[from] item: Black Sludge
|upkeep
|turn|12
|
|t:|1760411488
|switch|p1a: Ting-Lu|Ting-Lu|100/100
|-ability|p1a: Ting-Lu|Vessel of Ruin
|move|p2a: Bisharp|Swords Dance|p2a: Bisharp
|-boost|p2a: Bisharp|atk|2
|
|upkeep
|turn|13
|
|t:|1760411496
|move|p2a: Bisharp|Sucker Punch|p1a: Ting-Lu
|-resisted|p1a: Ting-Lu
|-damage|p1a: Ting-Lu|84/100
|move|p1a: Ting-Lu|Earthquake|p2a: Bisharp
|-supereffective|p2a: Bisharp
|-end|p2a: Bisharp|Substitute
|
|upkeep
|turn|14
|
|t:|1760411503
|move|p2a: Bisharp|Iron Head|p1a: Ting-Lu
|-damage|p1a: Ting-Lu|45/100
|move|p1a: Ting-Lu|Earthquake|p2a: Bisharp
|-supereffective|p2a: Bisharp
|-damage|p2a: Bisharp|6/100
|
|upkeep
|turn|15
|
|t:|1760411510
|move|p2a: Bisharp|Iron Head|p1a: Ting-Lu
|-damage|p1a: Ting-Lu|7/100
|move|p1a: Ting-Lu|Earthquake|p2a: Bisharp
|-supereffective|p2a: Bisharp
|-damage|p2a: Bisharp|0 fnt
|faint|p2a: Bisharp
|
|upkeep
|
|t:|1760411517
|switch|p2a: Azumarill|Azumarill, F, shiny|100/100
|turn|16
|
|t:|1760411525
|switch|p1a: Alomomola|Alomomola, F|100/100
|move|p2a: Azumarill|Belly Drum|p2a: Azumarill
|-damage|p2a: Azumarill|50/100
|-setboost|p2a: Azumarill|atk|6|[from] move: Belly Drum
|
|upkeep
|turn|17
|
|t:|1760411533
|move|p1a: Alomomola|Wish|p1a: Alomomola
|move|p2a: Azumarill|Rest|p2a: Azumarill
|-status|p2a: Azumarill|slp|[from] move: Rest
|-heal|p2a: Azumarill|100/100 slp|[silent]
|-enditem|p2a: Azumarill|Chesto Berry|[eat]
|-curestatus|p2a: Azumarill|slp|[msg]
|
|upkeep
|turn|18
|
|t:|1760411552
|move|p1a: Alomomola|Flip Turn|p2a: Azumarill
|-resisted|p2a: Azumarill
|-damage|p2a: Azumarill|92/100
|
|t:|1760411562
|switch|p1a: Weezing|Weezing-Galar, M|63/100|[from] Flip Turn
|move|p2a: Azumarill|Ice Spinner|p1a: Weezing
|-damage|p1a: Weezing|17/100
|
|-heal|p1a: Weezing|97/100|[from] move: Wish|[wisher] Alomomola
|-heal|p1a: Weezing|100/100|[from] item: Black Sludge
|upkeep
|turn|19
|
|t:|1760411572
|-terastallize|p2a: Azumarill|Water
|move|p2a: Azumarill|Aqua Jet|p1a: Weezing
|-damage|p1a: Weezing|56/100
|move|p1a: Weezing|Haze|p1a: Weezing
|-clearallboost
|
|-heal|p1a: Weezing|62/100|[from] item: Black Sludge
|upkeep
|turn|20
|c|☆asperburgers|lol
|c|☆asperburgers|ur so pathetic
|
|t:|1760411600
|move|p1a: Weezing|Toxic|p2a: Azumarill
|-status|p2a: Azumarill|tox
|move|p2a: Azumarill|Ice Spinner|p1a: Weezing
|-damage|p1a: Weezing|51/100
|
|-heal|p1a: Weezing|57/100|[from] item: Black Sludge
|-damage|p2a: Azumarill|86/100 tox|[from] psn
|upkeep
|turn|21
|
|t:|1760411608
|move|p1a: Weezing|Gunk Shot|p2a: Azumarill|[miss]
|-miss|p1a: Weezing|p2a: Azumarill
|move|p2a: Azumarill|Belly Drum|p2a: Azumarill
|-damage|p2a: Azumarill|36/100 tox
|-setboost|p2a: Azumarill|atk|6|[from] move: Belly Drum
|
|-heal|p1a: Weezing|63/100|[from] item: Black Sludge
|-damage|p2a: Azumarill|23/100 tox|[from] psn
|upkeep
|turn|22
|
|t:|1760411617
|move|p1a: Weezing|Haze|p1a: Weezing
|-clearallboost
|move|p2a: Azumarill|Ice Spinner|p1a: Weezing
|-damage|p1a: Weezing|52/100
|
|-heal|p1a: Weezing|58/100|[from] item: Black Sludge
|-damage|p2a: Azumarill|5/100 tox|[from] psn
|upkeep
|turn|23
|
|t:|1760411629
|move|p2a: Azumarill|Aqua Jet|p1a: Weezing
|-damage|p1a: Weezing|45/100
|move|p1a: Weezing|Toxic|p2a: Azumarill
|-fail|p2a: Azumarill|tox
|
|-heal|p1a: Weezing|51/100|[from] item: Black Sludge
|-damage|p2a: Azumarill|0 fnt|[from] psn
|faint|p2a: Azumarill
|upkeep
|
|t:|1760411638
|switch|p2a: Ogerpon|Ogerpon-Wellspring, F|100/100
|turn|24
|
|t:|1760411646
|move|p2a: Ogerpon|Knock Off|p1a: Weezing
|-resisted|p1a: Weezing
|-damage|p1a: Weezing|37/100
|-enditem|p1a: Weezing|Black Sludge|[from] move: Knock Off|[of] p2a: Ogerpon
|move|p1a: Weezing|Toxic|p2a: Ogerpon
|-status|p2a: Ogerpon|tox
|
|-damage|p2a: Ogerpon|94/100 tox|[from] psn
|upkeep
|turn|25
|
|t:|1760411654
|move|p2a: Ogerpon|Trailblaze|p1a: Weezing
|-resisted|p1a: Weezing
|-damage|p1a: Weezing|27/100
|-boost|p2a: Ogerpon|spe|1
|move|p1a: Weezing|Gunk Shot|p2a: Ogerpon
|-supereffective|p2a: Ogerpon
|-damage|p2a: Ogerpon|10/100 tox
|
|-damage|p2a: Ogerpon|0 fnt|[from] psn
|faint|p2a: Ogerpon
|upkeep
|c|☆asperburgers|ur so fucking gay
|n|‽asperburgers|asperburgers
|c|~|/log asperburgers was locked from talking by Artemis. (☆asperburgers: ur so fucking gay)
|c|~|/raw <small>This action was done automatically. Want to learn more about the AI? <a href="https://www.smogon.com/forums/threads/3570628/#post-9056769">Visit the information thread</a>.</small>
|-message|asperburgers forfeited.
|
|win|izzyazaiya
