|j|☆zfy6666
|j|☆tboc13
|t:|1760328607
|gametype|singles
|player|p1|zfy6666|cynthia|1590
|player|p2|tboc13|dawn|1533
|gen|9
|tier|[Gen 9] OU
|rated|
|rule|HP Percentage Mod: HP is shown in percentages
|rule|Endless Battle Clause: Forcing endless battles is banned
|rule|Species Clause: Limit one of each Pokémon
|rule|OHKO Clause: OHKO moves are banned
|rule|Evasion Items Clause: Evasion items are banned
|rule|Evasion Moves Clause: Evasion moves are banned
|rule|Evasion Abilities Clause: Evasion abilities are banned
|rule|Sleep Moves Clause: Sleep-inducing moves are banned
|clearpoke
|poke|p1|Zamazenta-*|
|poke|p1|Ceruledge, M|
|poke|p1|Raging Bolt|
|poke|p1|Enamorus, F|
|poke|p1|Great Tusk|
|poke|p1|Samurott-Hisui, M|
|poke|p2|Rillaboom, F|
|poke|p2|Samurott-Hisui, F|
|poke|p2|Dragapult, F|
|poke|p2|Great Tusk|
|poke|p2|Skarmory, F|
|poke|p2|Slowking-Galar, F|
|teampreview
|inactive|Battle timer is ON: inactive players will automatically lose when time's up. (requested by tboc13)
|
|t:|1760328623
|teamsize|p1|6
|teamsize|p2|6
|start
|switch|p1a: Raging Bolt|Raging Bolt|100/100
|switch|p2a: Skarmory|Skarmory, F|100/100
|-enditem|p1a: Raging Bolt|Booster Energy
|-activate|p1a: Raging Bolt|ability: Protosynthesis|[fromitem]
|-start|p1a: Raging Bolt|protosynthesisspa
|turn|1
|
|t:|1760328630
|switch|p2a: Slowking|Slowking-Galar, F|100/100
|move|p1a: Raging Bolt|Thunderbolt|p2a: Slowking
|-damage|p2a: Slowking|57/100
|
|upkeep
|turn|2
|
|t:|1760328639
|move|p1a: Raging Bolt|Dragon Pulse|p2a: Slowking
|-damage|p2a: Slowking|17/100
|-prepare|p2a: Slowking|Chilly Reception|[premajor]
|move|p2a: Slowking|Chilly Reception|p2a: Slowking
|-weather|Snowscape
|
|t:|1760328640
|switch|p2a: Great Tusk|Great Tusk|100/100|[from] Chilly Reception
|
|-weather|Snowscape|[upkeep]
|upkeep
|turn|3
|j| Wilkcraft
|
|t:|1760328648
|move|p2a: Great Tusk|Headlong Rush|p1a: Raging Bolt
|-supereffective|p1a: Raging Bolt
|-damage|p1a: Raging Bolt|2/100
|-unboost|p2a: Great Tusk|def|1
|-unboost|p2a: Great Tusk|spd|1
|move|p1a: Raging Bolt|Dragon Pulse|p2a: Great Tusk
|-damage|p2a: Great Tusk|0 fnt
|faint|p2a: Great Tusk
|-end|p2a: Great Tusk|Protosynthesis|[silent]
|
|-weather|Snowscape|[upkeep]
|upkeep
|
|t:|1760328656
|switch|p2a: Rillaboom|Rillaboom, F|100/100
|-fieldstart|move: Grassy Terrain|[from] ability: Grassy Surge|[of] p2a: Rillaboom
|turn|4
|
|t:|1760328672
|move|p1a: Raging Bolt|Thunderclap|p2a: Rillaboom
|-resisted|p2a: Rillaboom
|-damage|p2a: Rillaboom|62/100
|move|p2a: Rillaboom|U-turn|p1a: Raging Bolt
|-damage|p1a: Raging Bolt|0 fnt
|faint|p1a: Raging Bolt
|-end|p1a: Raging Bolt|Protosynthesis|[silent]
|
|t:|1760328674
|switch|p2a: Slowking|Slowking-Galar, F|50/100|[from] U-turn
|
|-weather|Snowscape|[upkeep]
|-heal|p2a: Slowking|56/100|[from] Grassy Terrain
|upkeep
|
|t:|1760328683
|switch|p1a: Samurott|Samurott-Hisui, M, shiny|100/100
|turn|5
|
|t:|1760328686
|switch|p2a: Skarmory|Skarmory, F|100/100
|move|p1a: Samurott|Ceaseless Edge|p2a: Skarmory|[miss]
|-miss|p1a: Samurott|p2a: Skarmory
|
|-weather|Snowscape|[upkeep]
|upkeep
|turn|6
|
|t:|1760328696
|switch|p1a: Enamorus|Enamorus, F|100/100
|move|p2a: Skarmory|Stealth Rock|p1a: Enamorus
|-sidestart|p1: zfy6666|move: Stealth Rock
|
|-weather|none
|upkeep
|turn|7
|
|t:|1760328702
|switch|p2a: Slowking|Slowking-Galar, F|90/100
|move|p1a: Enamorus|Mystical Fire|p2a: Slowking
|-damage|p2a: Slowking|69/100
|-unboost|p2a: Slowking|spa|1
|-damage|p1a: Enamorus|90/100|[from] item: Life Orb
|
|-heal|p2a: Slowking|75/100|[from] Grassy Terrain
|upkeep
|turn|8
|
|t:|1760328712
|switch|p1a: Great Tusk|Great Tusk, shiny|100/100
|-damage|p1a: Great Tusk|98/100|[from] Stealth Rock
|move|p2a: Slowking|Thunder Wave|p1a: Great Tusk
|-immune|p1a: Great Tusk
|
|-heal|p1a: Great Tusk|100/100|[from] Grassy Terrain
|-heal|p2a: Slowking|81/100|[from] Grassy Terrain
|-fieldend|move: Grassy Terrain
|upkeep
|turn|9
|
|t:|1760328723
|switch|p2a: Skarmory|Skarmory, F|100/100
|move|p1a: Great Tusk|Knock Off|p2a: Skarmory
|-damage|p2a: Skarmory|77/100
|-damage|p1a: Great Tusk|84/100|[from] item: Rocky Helmet|[of] p2a: Skarmory
|-enditem|p2a: Skarmory|Rocky Helmet|[from] move: Knock Off|[of] p1a: Great Tusk
|
|upkeep
|turn|10
|
|t:|1760328733
|move|p1a: Great Tusk|Rapid Spin|p2a: Skarmory
|-resisted|p2a: Skarmory
|-crit|p2a: Skarmory
|-damage|p2a: Skarmory|67/100
|-boost|p1a: Great Tusk|spe|1
|-sideend|p1: zfy6666|Stealth Rock|[from] move: Rapid Spin|[of] p1a: Great Tusk
|move|p2a: Skarmory|Body Press|p1a: Great Tusk
|-damage|p1a: Great Tusk|60/100
|
|upkeep
|turn|11
|
|t:|1760328743
|-end|p1a: Great Tusk|Protosynthesis|[silent]
|switch|p1a: Ceruledge|Ceruledge, M, shiny|100/100
|move|p2a: Skarmory|Stealth Rock|p1a: Ceruledge
|-sidestart|p1: zfy6666|move: Stealth Rock
|
|upkeep
|turn|12
|
|t:|1760328748
|switch|p2a: Samurott|Samurott-Hisui, F|100/100
|move|p1a: Ceruledge|Swords Dance|p1a: Ceruledge
|-boost|p1a: Ceruledge|atk|2
|
|upkeep
|turn|13
|j| theviolator3000
|
|t:|1760328756
|-terastallize|p1a: Ceruledge|Flying
|move|p2a: Samurott|Ceaseless Edge|p1a: Ceruledge
|-damage|p1a: Ceruledge|43/100
|-ability|p1a: Ceruledge|Weak Armor|boost
|-unboost|p1a: Ceruledge|def|1
|-boost|p1a: Ceruledge|spe|2
|-sidestart|p1: zfy6666|Spikes
|move|p1a: Ceruledge|Poltergeist|p2a: Samurott
|-activate|p2a: Samurott|move: Poltergeist|Choice Scarf
|-resisted|p2a: Samurott
|-damage|p2a: Samurott|29/100
|
|upkeep
|turn|14
|
|t:|1760328768
|move|p1a: Ceruledge|Shadow Sneak|p2a: Samurott
|-resisted|p2a: Samurott
|-damage|p2a: Samurott|5/100
|move|p2a: Samurott|Ceaseless Edge|p1a: Ceruledge
|-crit|p1a: Ceruledge
|-damage|p1a: Ceruledge|0 fnt
|-sidestart|p1: zfy6666|Spikes
|faint|p1a: Ceruledge
|
|upkeep
|
|t:|1760328776
|switch|p1a: Great Tusk|Great Tusk, shiny|60/100
|-damage|p1a: Great Tusk|57/100|[from] Stealth Rock
|-damage|p1a: Great Tusk|41/100|[from] Spikes
|turn|15
|
|t:|1760328782
|switch|p2a: Dragapult|Dragapult, F|100/100
|move|p1a: Great Tusk|Rapid Spin|p2a: Dragapult
|-immune|p2a: Dragapult
|
|upkeep
|turn|16
|
|t:|1760328786
|move|p2a: Dragapult|Will-O-Wisp|p1a: Great Tusk
|-status|p1a: Great Tusk|brn
|move|p1a: Great Tusk|Knock Off|p2a: Dragapult
|-supereffective|p2a: Dragapult
|-damage|p2a: Dragapult|55/100
|-enditem|p2a: Dragapult|Heavy-Duty Boots|[from] move: Knock Off|[of] p1a: Great Tusk
|
|-damage|p1a: Great Tusk|35/100 brn|[from] brn
|upkeep
|turn|17
|
|t:|1760328795
|move|p2a: Dragapult|Hex|p1a: Great Tusk
|-damage|p1a: Great Tusk|0 fnt
|faint|p1a: Great Tusk
|-end|p1a: Great Tusk|Protosynthesis|[silent]
|
|upkeep
|
|t:|1760328804
|switch|p1a: Samurott|Samurott-Hisui, M, shiny|100/100
|-damage|p1a: Samurott|88/100|[from] Stealth Rock
|-damage|p1a: Samurott|72/100|[from] Spikes
|turn|18
|
|t:|1760328811
|switch|p2a: Skarmory|Skarmory, F|67/100
|move|p1a: Samurott|Ceaseless Edge|p2a: Skarmory
|-damage|p2a: Skarmory|38/100
|-sidestart|p2: tboc13|Spikes
|
|upkeep
|turn|19
|
|t:|1760328817
|move|p1a: Samurott|Aqua Cutter|p2a: Skarmory
|-crit|p2a: Skarmory
|-damage|p2a: Skarmory|0 fnt
|faint|p2a: Skarmory
|
|upkeep
|
|t:|1760328821
|switch|p2a: Rillaboom|Rillaboom, F|62/100
|-damage|p2a: Rillaboom|49/100|[from] Spikes
|-fieldstart|move: Grassy Terrain|[from] ability: Grassy Surge|[of] p2a: Rillaboom
|turn|20
|
|t:|1760328826
|-terastallize|p2a: Rillaboom|Grass
|move|p2a: Rillaboom|Grassy Glide|p1a: Samurott
|-supereffective|p1a: Samurott
|-damage|p1a: Samurott|0 fnt
|faint|p1a: Samurott
|
|-heal|p2a: Rillaboom|56/100|[from] Grassy Terrain
|upkeep
|
|t:|1760328837
|switch|p1a: Enamorus|Enamorus, F|90/100
|-damage|p1a: Enamorus|66/100|[from] Stealth Rock
|turn|21
|
|t:|1760328841
|move|p2a: Rillaboom|Grassy Glide|p1a: Enamorus
|-resisted|p1a: Enamorus
|-damage|p1a: Enamorus|0 fnt
|faint|p1a: Enamorus
|
|-heal|p2a: Rillaboom|62/100|[from] Grassy Terrain
|upkeep
|
|t:|1760328847
|switch|p1a: Zamazenta|Zamazenta|100/100
|-damage|p1a: Zamazenta|94/100|[from] Stealth Rock
|-damage|p1a: Zamazenta|78/100|[from] Spikes
|-ability|p1a: Zamazenta|Dauntless Shield|boost
|-boost|p1a: Zamazenta|def|1
|turn|22
|
|t:|1760328853
|switch|p2a: Samurott|Samurott-Hisui, F|5/100
|-damage|p2a: Samurott|0 fnt|[from] Spikes
|faint|p2a: Samurott
|move|p1a: Zamazenta|Substitute|p1a: Zamazenta
|-start|p1a: Zamazenta|Substitute
|-damage|p1a: Zamazenta|53/100
|
|-heal|p1a: Zamazenta|59/100|[from] Grassy Terrain
|-heal|p1a: Zamazenta|65/100|[from] item: Leftovers
|upkeep
|
|t:|1760328854
|switch|p2a: Dragapult|Dragapult, F|55/100
|-damage|p2a: Dragapult|43/100|[from] Spikes
|turn|23
|
|t:|1760328866
|move|p2a: Dragapult|Will-O-Wisp|p1a: Zamazenta
|-status|p1a: Zamazenta|brn
|move|p1a: Zamazenta|Heavy Slam|p2a: Dragapult
|-damage|p2a: Dragapult|25/100
|
|-heal|p2a: Dragapult|31/100|[from] Grassy Terrain
|-heal|p1a: Zamazenta|71/100 brn|[from] Grassy Terrain
|-heal|p1a: Zamazenta|78/100 brn|[from] item: Leftovers
|-damage|p1a: Zamazenta|71/100 brn|[from] brn
|upkeep
|turn|24
|-message|zfy6666 forfeited.
|
|win|tboc13
|raw|zfy6666's rating: 1590 &rarr; <strong>1567</strong><br />(-23 for losing)
|raw|tboc13's rating: 1533 &rarr; <strong>1556</strong><br />(+23 for winning)
|l|☆zfy6666
|player|p1|
|l|☆tboc13
|player|p2|
