|j|☆Bug_catcher565
|j|☆EETT50_2
|t:|1760404136
|gametype|singles
|player|p1|Bug_catcher565|266|1026
|player|p2|EETT50_2|1|1033
|gen|9
|tier|[Gen 9] OU
|rated|
|rule|HP Percentage Mod: HP is shown in percentages
|rule|Endless Battle Clause: Forcing endless battles is banned
|rule|Species Clause: Limit one of each Pokémon
|rule|OHKO Clause: OHKO moves are banned
|rule|Evasion Items Clause: Evasion items are banned
|rule|Evasion Moves Clause: Evasion moves are banned
|rule|Evasion Abilities Clause: Evasion abilities are banned
|rule|Sleep Moves Clause: Sleep-inducing moves are banned
|clearpoke
|poke|p1|Breloom, F|
|poke|p1|Sceptile, M|
|poke|p1|Toxapex, F|
|poke|p1|Garganacl, F|
|poke|p1|Slowking-Galar, M|
|poke|p1|Grimmsnarl, M|
|poke|p2|Gliscor, M|
|poke|p2|Haxorus, M|
|poke|p2|Lapras, F|
|poke|p2|Krookodile, F|
|poke|p2|Metagross|
|poke|p2|Chandelure, F|
|teampreview
|inactive|Battle timer is ON: inactive players will automatically lose when time's up. (requested by Bug_catcher565)
|
|t:|1760404146
|teamsize|p1|6
|teamsize|p2|6
|start
|switch|p1a: Sceptile|Sceptile, M|100/100
|switch|p2a: Krookodile|Krookodile, F|100/100
|-ability|p2a: Krookodile|Intimidate|boost
|-unboost|p1a: Sceptile|atk|1
|turn|1
|
|t:|1760404154
|move|p1a: Sceptile|Leech Seed|p2a: Krookodile
|-start|p2a: Krookodile|move: Leech Seed
|move|p2a: Krookodile|Stealth Rock|p1a: Sceptile
|-sidestart|p1: Bug_catcher565|move: Stealth Rock
|
|-damage|p2a: Krookodile|88/100|[from] Leech Seed|[of] p1a: Sceptile
|upkeep
|turn|2
|
|t:|1760404165
|move|p1a: Sceptile|Substitute|p1a: Sceptile
|-start|p1a: Sceptile|Substitute
|-damage|p1a: Sceptile|75/100
|move|p2a: Krookodile|Gunk Shot|p1a: Sceptile
|-supereffective|p1a: Sceptile
|-end|p1a: Sceptile|Substitute
|
|-heal|p1a: Sceptile|82/100|[from] item: Leftovers
|-heal|p2a: Krookodile|94/100|[from] item: Leftovers
|-damage|p2a: Krookodile|82/100|[from] Leech Seed|[of] p1a: Sceptile
|-heal|p1a: Sceptile|94/100|[silent]
|upkeep
|turn|3
|
|t:|1760404177
|move|p1a: Sceptile|Protect|p1a: Sceptile
|-singleturn|p1a: Sceptile|Protect
|move|p2a: Krookodile|Gunk Shot|p1a: Sceptile
|-activate|p1a: Sceptile|move: Protect
|
|-heal|p1a: Sceptile|99/100|[from] item: Leftovers
|-heal|p2a: Krookodile|88/100|[from] item: Leftovers
|-damage|p2a: Krookodile|75/100|[from] Leech Seed|[of] p1a: Sceptile
|-heal|p1a: Sceptile|100/100|[silent]
|upkeep
|turn|4
|
|t:|1760404192
|switch|p2a: Gliscor|Gliscor, M|100/100
|move|p1a: Sceptile|Substitute|p1a: Sceptile
|-start|p1a: Sceptile|Substitute
|-damage|p1a: Sceptile|75/100
|
|-heal|p1a: Sceptile|82/100|[from] item: Leftovers
|-status|p2a: Gliscor|tox|[from] item: Toxic Orb
|upkeep
|turn|5
|
|t:|1760404202
|move|p1a: Sceptile|Leech Seed|p2a: Gliscor
|-start|p2a: Gliscor|move: Leech Seed
|move|p2a: Gliscor|Swords Dance|p2a: Gliscor
|-boost|p2a: Gliscor|atk|2
|
|-heal|p1a: Sceptile|88/100|[from] item: Leftovers
|-damage|p2a: Gliscor|88/100 tox|[from] Leech Seed|[of] p1a: Sceptile
|-heal|p1a: Sceptile|99/100|[silent]
|-heal|p2a: Gliscor|100/100 tox|[from] ability: Poison Heal
|upkeep
|turn|6
|
|t:|1760404222
|move|p1a: Sceptile|Giga Drain|p2a: Gliscor
|-damage|p2a: Gliscor|62/100 tox
|-heal|p1a: Sceptile|100/100|[from] drain|[of] p2a: Gliscor
|move|p2a: Gliscor|Swords Dance|p2a: Gliscor
|-boost|p2a: Gliscor|atk|2
|
|-damage|p2a: Gliscor|50/100 tox|[from] Leech Seed|[of] p1a: Sceptile
|-heal|p2a: Gliscor|62/100 tox|[from] ability: Poison Heal
|upkeep
|turn|7
|
|t:|1760404234
|move|p1a: Sceptile|Giga Drain|p2a: Gliscor
|-damage|p2a: Gliscor|25/100 tox
|move|p2a: Gliscor|Facade|p1a: Sceptile
|-end|p1a: Sceptile|Substitute
|
|-damage|p2a: Gliscor|12/100 tox|[from] Leech Seed|[of] p1a: Sceptile
|-heal|p2a: Gliscor|25/100 tox|[from] ability: Poison Heal
|upkeep
|turn|8
|
|t:|1760404246
|move|p1a: Sceptile|Substitute|p1a: Sceptile
|-start|p1a: Sceptile|Substitute
|-damage|p1a: Sceptile|75/100
|move|p2a: Gliscor|Facade|p1a: Sceptile
|-end|p1a: Sceptile|Substitute
|
|-heal|p1a: Sceptile|82/100|[from] item: Leftovers
|-damage|p2a: Gliscor|12/100 tox|[from] Leech Seed|[of] p1a: Sceptile
|-heal|p1a: Sceptile|93/100|[silent]
|-heal|p2a: Gliscor|25/100 tox|[from] ability: Poison Heal
|upkeep
|turn|9
|
|t:|1760404259
|move|p1a: Sceptile|Giga Drain|p2a: Gliscor
|-damage|p2a: Gliscor|0 fnt
|-heal|p1a: Sceptile|100/100|[from] drain|[of] p2a: Gliscor
|faint|p2a: Gliscor
|
|upkeep
|
|t:|1760404274
|switch|p2a: Chandelure|Chandelure, F|100/100
|turn|10
|
|t:|1760404278
|move|p1a: Sceptile|Leech Seed|p2a: Chandelure
|-start|p2a: Chandelure|move: Leech Seed
|move|p2a: Chandelure|Trick|p1a: Sceptile
|-activate|p2a: Chandelure|move: Trick|[of] p1a: Sceptile
|-item|p1a: Sceptile|Choice Specs|[from] move: Trick
|-item|p2a: Chandelure|Leftovers|[from] move: Trick
|
|-damage|p2a: Chandelure|88/100|[from] Leech Seed|[of] p1a: Sceptile
|upkeep
|turn|11
|-message|Bug_catcher565 forfeited.
|
|win|EETT50_2
|raw|Bug_catcher565's rating: 1026 &rarr; <strong>1012</strong><br />(-14 for losing)
|raw|EETT50_2's rating: 1033 &rarr; <strong>1067</strong><br />(+34 for winning)
|l|☆Bug_catcher565
|player|p1|
