|j|☆napkin_56
|j|‽HPSapper
|t:|1760429099
|gametype|singles
|player|p1|napkin_56|policeman-gen4|1459
|player|p2|HPSapper|169|1410
|gen|9
|tier|[Gen 9] OU
|rated|
|rule|HP Percentage Mod: HP is shown in percentages
|rule|Endless Battle Clause: Forcing endless battles is banned
|rule|Species Clause: Limit one of each Pokémon
|rule|OHKO Clause: OHKO moves are banned
|rule|Evasion Items Clause: Evasion items are banned
|rule|Evasion Moves Clause: Evasion moves are banned
|rule|Evasion Abilities Clause: Evasion abilities are banned
|rule|Sleep Moves Clause: Sleep-inducing moves are banned
|clearpoke
|poke|p1|Dragapult, F|
|poke|p1|Excadrill, M|
|poke|p1|Tyranitar, M|
|poke|p1|Clefable, F|
|poke|p1|Zapdos|
|poke|p1|Ogerpon-Wellspring, F|
|poke|p2|Gholdengo|
|poke|p2|Slowking-Galar, M|
|poke|p2|Iron Valiant|
|poke|p2|Ogerpon-Wellspring, F|
|poke|p2|Great Tusk|
|poke|p2|Samurott-Hisui, F|
|teampreview
|inactive|Battle timer is ON: inactive players will automatically lose when time's up. (requested by HPSapper)
|
|t:|1760429124
|teamsize|p1|6
|teamsize|p2|6
|start
|switch|p1a: Dragapult|Dragapult, F|100/100
|switch|p2a: Great Tusk|Great Tusk, shiny|100/100
|turn|1
|
|t:|1760429131
|-end|p2a: Great Tusk|Protosynthesis|[silent]
|switch|p2a: Samurott|Samurott-Hisui, F, shiny|100/100
|move|p1a: Dragapult|Draco Meteor|p2a: Samurott
|-damage|p2a: Samurott|0 fnt
|-unboost|p1a: Dragapult|spa|2
|faint|p2a: Samurott
|
|upkeep
|
|t:|1760429141
|switch|p2a: Iron Valiant|Iron Valiant, shiny|100/100
|-enditem|p2a: Iron Valiant|Booster Energy
|-activate|p2a: Iron Valiant|ability: Quark Drive|[fromitem]
|-start|p2a: Iron Valiant|quarkdrivespe
|turn|2
|
|t:|1760429146
|switch|p1a: Clefable|Clefable, F|100/100
|move|p2a: Iron Valiant|Calm Mind|p2a: Iron Valiant
|-boost|p2a: Iron Valiant|spa|1
|-boost|p2a: Iron Valiant|spd|1
|
|upkeep
|turn|3
|
|t:|1760429157
|move|p2a: Iron Valiant|Calm Mind|p2a: Iron Valiant
|-boost|p2a: Iron Valiant|spa|1
|-boost|p2a: Iron Valiant|spd|1
|move|p1a: Clefable|Thunder Wave|p2a: Iron Valiant
|-status|p2a: Iron Valiant|par
|
|upkeep
|turn|4
|
|t:|1760429166
|move|p2a: Iron Valiant|Moonblast|p1a: Clefable
|-damage|p1a: Clefable|58/100
|-unboost|p1a: Clefable|spa|1
|move|p1a: Clefable|Moonblast|p2a: Iron Valiant
|-supereffective|p2a: Iron Valiant
|-damage|p2a: Iron Valiant|21/100 par
|
|-heal|p1a: Clefable|64/100|[from] item: Leftovers
|upkeep
|turn|5
|
|t:|1760429174
|move|p2a: Iron Valiant|Moonblast|p1a: Clefable
|-damage|p1a: Clefable|23/100
|move|p1a: Clefable|Wish|p1a: Clefable
|
|-heal|p1a: Clefable|29/100|[from] item: Leftovers
|upkeep
|turn|6
|
|t:|1760429177
|move|p1a: Clefable|Protect|p1a: Clefable
|-singleturn|p1a: Clefable|Protect
|cant|p2a: Iron Valiant|par
|
|-heal|p1a: Clefable|79/100|[from] move: Wish|[wisher] Clefable
|-heal|p1a: Clefable|86/100|[from] item: Leftovers
|upkeep
|turn|7
|
|t:|1760429180
|cant|p2a: Iron Valiant|par
|move|p1a: Clefable|Moonblast|p2a: Iron Valiant
|-supereffective|p2a: Iron Valiant
|-damage|p2a: Iron Valiant|0 fnt
|faint|p2a: Iron Valiant
|-end|p2a: Iron Valiant|Quark Drive|[silent]
|
|-heal|p1a: Clefable|92/100|[from] item: Leftovers
|upkeep
|l|‽HPSapper
|inactive|HPSapper disconnected and has a minute to reconnect!
|player|p2|
|inactive|HPSapper has 30 seconds to reconnect!
|inactive|HPSapper has 20 seconds to reconnect!
|inactive|HPSapper has 15 seconds to reconnect!
|inactive|HPSapper has 10 seconds to reconnect!
|inactive|HPSapper has 5 seconds to reconnect!
|-message|HPSapper lost due to inactivity.
|
|win|napkin_56
|raw|napkin_56's rating: 1459 &rarr; <strong>1476</strong><br />(+17 for winning)
|raw|HPSapper's rating: 1410 &rarr; <strong>1393</strong><br />(-17 for losing)
|l|☆napkin_56
|player|p1|
