|j|☆Palasucks
|j|☆Daddy3141
|t:|1760461770
|gametype|singles
|player|p1|Palasucks|winona|1412
|player|p2|Daddy3141|bruno-gen3|1405
|gen|9
|tier|[Gen 9] OU
|rated|
|rule|HP Percentage Mod: HP is shown in percentages
|rule|Endless Battle Clause: Forcing endless battles is banned
|rule|Species Clause: Limit one of each Pokémon
|rule|OHKO Clause: OHKO moves are banned
|rule|Evasion Items Clause: Evasion items are banned
|rule|Evasion Moves Clause: Evasion moves are banned
|rule|Evasion Abilities Clause: Evasion abilities are banned
|rule|Sleep Moves Clause: Sleep-inducing moves are banned
|clearpoke
|poke|p1|Raikou|
|poke|p1|Meowscarada, F|
|poke|p1|Ogerpon-Wellspring, F|
|poke|p1|Alomomola, M|
|poke|p1|Iron Treads|
|poke|p1|Enamorus, F|
|poke|p2|Hatterene, F|
|poke|p2|Great Tusk|
|poke|p2|Darkrai|
|poke|p2|Ogerpon, F|
|poke|p2|Garganacl, F|
|poke|p2|Landorus-Therian, M|
|teampreview
|inactive|Battle timer is ON: inactive players will automatically lose when time's up. (requested by Palasucks)
|
|t:|1760461784
|teamsize|p1|6
|teamsize|p2|6
|start
|switch|p1a: Raikou|Raikou|100/100
|switch|p2a: Hatterene|Hatterene, F|100/100
|-ability|p1a: Raikou|Pressure
|turn|1
|
|t:|1760461789
|switch|p2a: Landorus|Landorus-Therian, M|100/100
|-ability|p2a: Landorus|Intimidate|boost
|-unboost|p1a: Raikou|atk|1
|move|p1a: Raikou|Volt Switch|p2a: Landorus
|-immune|p2a: Landorus
|
|upkeep
|turn|2
|
|t:|1760461795
|-terastallize|p1a: Raikou|Ice
|move|p1a: Raikou|Tera Blast|p2a: Landorus|[anim] Tera Blast Ice
|-supereffective|p2a: Landorus
|-damage|p2a: Landorus|0 fnt
|faint|p2a: Landorus
|-damage|p1a: Raikou|91/100|[from] item: Life Orb
|
|upkeep
|
|t:|1760461805
|switch|p2a: Garganacl|Garganacl, F|100/100
|turn|3
|
|t:|1760461809
|move|p1a: Raikou|Scald|p2a: Garganacl
|-supereffective|p2a: Garganacl
|-damage|p2a: Garganacl|57/100
|-damage|p1a: Raikou|81/100|[from] item: Life Orb
|move|p2a: Garganacl|Salt Cure|p1a: Raikou
|-supereffective|p1a: Raikou
|-damage|p1a: Raikou|43/100
|-start|p1a: Raikou|Salt Cure
|
|-heal|p2a: Garganacl|63/100|[from] item: Leftovers
|-damage|p1a: Raikou|31/100|[from] Salt Cure
|upkeep
|turn|4
|
|t:|1760461823
|switch|p2a: Hatterene|Hatterene, F|100/100
|move|p1a: Raikou|Volt Switch|p2a: Hatterene
|-damage|p2a: Hatterene|54/100
|-damage|p1a: Raikou|21/100|[from] item: Life Orb
|
|t:|1760461828
|switch|p1a: Alomomola|Alomomola, M|100/100|[from] Volt Switch
|
|upkeep
|turn|5
|
|t:|1760461832
|move|p1a: Alomomola|Wish|p1a: Alomomola
|move|p2a: Hatterene|Nuzzle|p1a: Alomomola
|-supereffective|p1a: Alomomola
|-damage|p1a: Alomomola|94/100
|-status|p1a: Alomomola|par
|-damage|p2a: Hatterene|44/100|[from] item: Life Orb
|
|upkeep
|turn|6
|
|t:|1760461837
|move|p2a: Hatterene|Calm Mind|p2a: Hatterene
|-boost|p2a: Hatterene|spa|1
|-boost|p2a: Hatterene|spd|1
|move|p1a: Alomomola|Flip Turn|p2a: Hatterene
|-damage|p2a: Hatterene|32/100
|
|t:|1760461843
|switch|p1a: Raikou|Raikou, tera:Ice|21/100|[from] Flip Turn
|-ability|p1a: Raikou|Pressure
|
|-heal|p1a: Raikou|100/100|[from] move: Wish|[wisher] Alomomola
|upkeep
|turn|7
|
|t:|1760461853
|move|p1a: Raikou|Tera Blast|p2a: Hatterene|[anim] Tera Blast Ice
|-damage|p2a: Hatterene|0 fnt
|faint|p2a: Hatterene
|-damage|p1a: Raikou|91/100|[from] item: Life Orb
|
|upkeep
|
|t:|1760461862
|switch|p2a: Darkrai|Darkrai|100/100
|turn|8
|
|t:|1760461864
|move|p2a: Darkrai|Nasty Plot|p2a: Darkrai
|-boost|p2a: Darkrai|spa|2
|move|p1a: Raikou|Volt Switch|p2a: Darkrai
|-damage|p2a: Darkrai|45/100
|-damage|p1a: Raikou|81/100|[from] item: Life Orb
|
|t:|1760461870
|switch|p1a: Enamorus|Enamorus, F|100/100|[from] Volt Switch
|
|upkeep
|turn|9
|
|t:|1760461873
|move|p1a: Enamorus|Moonblast|p2a: Darkrai
|-supereffective|p2a: Darkrai
|-damage|p2a: Darkrai|0 fnt
|faint|p2a: Darkrai
|
|upkeep
|
|t:|1760461878
|switch|p2a: Garganacl|Garganacl, F|63/100
|turn|10
|
|t:|1760461882
|switch|p1a: Alomomola|Alomomola, M|100/100 par
|move|p2a: Garganacl|Salt Cure|p1a: Alomomola
|-damage|p1a: Alomomola|92/100 par
|-start|p1a: Alomomola|Salt Cure
|
|-heal|p2a: Garganacl|69/100|[from] item: Leftovers
|-damage|p1a: Alomomola|68/100 par|[from] Salt Cure
|upkeep
|turn|11
|
|t:|1760461889
|move|p2a: Garganacl|Curse|p2a: Garganacl
|-unboost|p2a: Garganacl|spe|1
|-boost|p2a: Garganacl|atk|1
|-boost|p2a: Garganacl|def|1
|move|p1a: Alomomola|Flip Turn|p2a: Garganacl
|-supereffective|p2a: Garganacl
|-damage|p2a: Garganacl|54/100
|
|t:|1760461892
|switch|p1a: Enamorus|Enamorus, F|100/100|[from] Flip Turn
|
|-heal|p2a: Garganacl|60/100|[from] item: Leftovers
|upkeep
|turn|12
|
|t:|1760461896
|move|p1a: Enamorus|Superpower|p2a: Garganacl
|-supereffective|p2a: Garganacl
|-damage|p2a: Garganacl|31/100
|-boost|p1a: Enamorus|atk|1
|-boost|p1a: Enamorus|def|1
|move|p2a: Garganacl|Recover|p2a: Garganacl
|-heal|p2a: Garganacl|81/100
|
|-heal|p2a: Garganacl|87/100|[from] item: Leftovers
|upkeep
|turn|13
|
|t:|1760461899
|move|p1a: Enamorus|Superpower|p2a: Garganacl
|-supereffective|p2a: Garganacl
|-damage|p2a: Garganacl|42/100
|-boost|p1a: Enamorus|atk|1
|-boost|p1a: Enamorus|def|1
|move|p2a: Garganacl|Salt Cure|p1a: Enamorus
|-supereffective|p1a: Enamorus
|-damage|p1a: Enamorus|69/100
|-start|p1a: Enamorus|Salt Cure
|
|-heal|p2a: Garganacl|49/100|[from] item: Leftovers
|-damage|p1a: Enamorus|57/100|[from] Salt Cure
|upkeep
|turn|14
|
|t:|1760461907
|move|p1a: Enamorus|Superpower|p2a: Garganacl
|-supereffective|p2a: Garganacl
|-damage|p2a: Garganacl|0 fnt
|-boost|p1a: Enamorus|atk|1
|-boost|p1a: Enamorus|def|1
|faint|p2a: Garganacl
|
|-damage|p1a: Enamorus|44/100|[from] Salt Cure
|upkeep
|
|t:|1760461911
|switch|p2a: Great Tusk|Great Tusk|100/100
|-enditem|p2a: Great Tusk|Booster Energy
|-activate|p2a: Great Tusk|ability: Protosynthesis|[fromitem]
|-start|p2a: Great Tusk|protosynthesisatk
|turn|15
|
|t:|1760461913
|move|p1a: Enamorus|Superpower|p2a: Great Tusk
|-damage|p2a: Great Tusk|45/100
|-boost|p1a: Enamorus|atk|1
|-boost|p1a: Enamorus|def|1
|move|p2a: Great Tusk|Rapid Spin|p1a: Enamorus
|-crit|p1a: Enamorus
|-damage|p1a: Enamorus|0 fnt
|-boost|p2a: Great Tusk|spe|1
|faint|p1a: Enamorus
|
|upkeep
|
|t:|1760461925
|switch|p1a: Alomomola|Alomomola, M|100/100 par
|turn|16
|
|t:|1760461934
|move|p2a: Great Tusk|Headlong Rush|p1a: Alomomola
|-damage|p1a: Alomomola|56/100 par
|-unboost|p2a: Great Tusk|def|1
|-unboost|p2a: Great Tusk|spd|1
|move|p1a: Alomomola|Scald|p2a: Great Tusk
|-supereffective|p2a: Great Tusk
|-damage|p2a: Great Tusk|0 fnt
|faint|p2a: Great Tusk
|-end|p2a: Great Tusk|Protosynthesis|[silent]
|
|upkeep
|
|t:|1760461936
|switch|p2a: Ogerpon|Ogerpon, F|100/100
|turn|17
|
|t:|1760461941
|-terastallize|p2a: Ogerpon|Grass
|detailschange|p2a: Ogerpon|Ogerpon-Teal-Tera, F, tera:Grass
|-ability|p2a: Ogerpon|Embody Aspect (Teal)|boost
|-boost|p2a: Ogerpon|spe|1
|move|p2a: Ogerpon|Ivy Cudgel|p1a: Alomomola
|-supereffective|p1a: Alomomola
|-damage|p1a: Alomomola|0 fnt
|faint|p1a: Alomomola
|
|upkeep
|
|t:|1760461945
|switch|p1a: Meowscarada|Meowscarada, F|100/100
|turn|18
|
|t:|1760461948
|move|p2a: Ogerpon|Low Kick|p1a: Meowscarada
|-supereffective|p1a: Meowscarada
|-damage|p1a: Meowscarada|43/100
|move|p1a: Meowscarada|Triple Axel|p2a: Ogerpon
|-start|p1a: Meowscarada|typechange|Ice|[from] ability: Protean
|-supereffective|p2a: Ogerpon
|-damage|p2a: Ogerpon|64/100
|-supereffective|p2a: Ogerpon
|-damage|p2a: Ogerpon|0 fnt
|faint|p2a: Ogerpon
|detailschange|p2: Ogerpon|Ogerpon, F|[silent]
|-hitcount|p2: Ogerpon|2
|
|win|Palasucks
|raw|Palasucks's rating: 1412 &rarr; <strong>1432</strong><br />(+20 for winning)
|raw|Daddy3141's rating: 1405 &rarr; <strong>1385</strong><br />(-20 for losing)
|l|☆Daddy3141
|player|p2|
|l|☆Palasucks
|player|p1|
