|j|☆lakespirited
|j|☆ivon_neeeeeee
|t:|1760336485
|gametype|singles
|player|p1|lakespirited|miku-water|1529
|player|p2|ivon_neeeeeee|acetrainerf|1552
|gen|9
|tier|[Gen 9] OU
|rated|
|rule|HP Percentage Mod: HP is shown in percentages
|rule|Endless Battle Clause: Forcing endless battles is banned
|rule|Species Clause: Limit one of each Pokémon
|rule|OHKO Clause: OHKO moves are banned
|rule|Evasion Items Clause: Evasion items are banned
|rule|Evasion Moves Clause: Evasion moves are banned
|rule|Evasion Abilities Clause: Evasion abilities are banned
|rule|Sleep Moves Clause: Sleep-inducing moves are banned
|clearpoke
|poke|p1|Ogerpon-Wellspring, F|
|poke|p1|Dragonite, F|
|poke|p1|Zamazenta-*|
|poke|p1|Hatterene, F|
|poke|p1|Ninetales-Alola, F|
|poke|p1|Ting-Lu|
|poke|p2|Iron Valiant|
|poke|p2|Klefki, F|
|poke|p2|Alomomola, M|
|poke|p2|Kingambit, F|
|poke|p2|Gliscor, F|
|poke|p2|Slowking-Galar, M|
|teampreview
|inactive|Battle timer is ON: inactive players will automatically lose when time's up. (requested by lakespirited)
|
|t:|1760336490
|teamsize|p1|6
|teamsize|p2|6
|start
|switch|p1a: Ronove|Ting-Lu|100/100
|switch|p2a: Kingambit|Kingambit, F|100/100
|-ability|p1a: Ronove|Vessel of Ruin
|turn|1
|
|t:|1760336498
|-end|p2a: Kingambit|fallenundefined|[silent]
|switch|p2a: Gliscor|Gliscor, F|100/100
|move|p1a: Ronove|Body Press|p2a: Gliscor
|-resisted|p2a: Gliscor
|-damage|p2a: Gliscor|88/100
|
|-status|p2a: Gliscor|tox|[from] item: Toxic Orb
|upkeep
|turn|2
|
|t:|1760336509
|move|p2a: Gliscor|U-turn|p1a: Ronove
|-supereffective|p1a: Ronove
|-damage|p1a: Ronove|88/100
|
|t:|1760336514
|switch|p2a: Iron Valiant|Iron Valiant|100/100|[from] U-turn
|move|p1a: Ronove|Stealth Rock|p2a: Iron Valiant
|-sidestart|p2: ivon_neeeeeee|move: Stealth Rock
|
|-heal|p1a: Ronove|94/100|[from] item: Leftovers
|upkeep
|turn|3
|
|t:|1760336523
|move|p2a: Iron Valiant|Moonblast|p1a: Ronove
|-supereffective|p1a: Ronove
|-damage|p1a: Ronove|27/100
|move|p1a: Ronove|Ruination|p2a: Iron Valiant
|-damage|p2a: Iron Valiant|51/100
|
|-heal|p1a: Ronove|33/100|[from] item: Leftovers
|upkeep
|turn|4
|
|t:|1760336532
|move|p2a: Iron Valiant|Moonblast|p1a: Ronove
|-supereffective|p1a: Ronove
|-damage|p1a: Ronove|0 fnt
|faint|p1a: Ronove
|
|upkeep
|
|t:|1760336535
|switch|p1a: Beatrice|Ninetales-Alola, F, shiny|100/100
|-weather|Snowscape|[from] ability: Snow Warning|[of] p1a: Beatrice
|turn|5
|
|t:|1760336541
|move|p1a: Beatrice|Aurora Veil|p1a: Beatrice
|-sidestart|p1: lakespirited|move: Aurora Veil
|move|p2a: Iron Valiant|Moonblast|p1a: Beatrice
|-damage|p1a: Beatrice|77/100
|
|-weather|Snowscape|[upkeep]
|upkeep
|turn|6
|
|t:|1760336547
|-end|p2a: Iron Valiant|Quark Drive|[silent]
|switch|p2a: Klefki|Klefki, F|100/100
|-damage|p2a: Klefki|95/100|[from] Stealth Rock
|move|p1a: Beatrice|Freeze-Dry|p2a: Klefki
|-resisted|p2a: Klefki
|-damage|p2a: Klefki|82/100
|
|-weather|Snowscape|[upkeep]
|upkeep
|turn|7
|
|t:|1760336557
|switch|p2a: Kingambit|Kingambit, F|100/100
|-damage|p2a: Kingambit|94/100|[from] Stealth Rock
|move|p1a: Beatrice|Freeze-Dry|p2a: Kingambit
|-resisted|p2a: Kingambit
|-damage|p2a: Kingambit|84/100
|
|-weather|Snowscape|[upkeep]
|upkeep
|turn|8
|
|t:|1760336566
|switch|p1a: Battler|Zamazenta|100/100
|-ability|p1a: Battler|Dauntless Shield|boost
|-boost|p1a: Battler|def|1
|move|p2a: Kingambit|Iron Head|p1a: Battler
|-damage|p1a: Battler|88/100
|
|-weather|Snowscape|[upkeep]
|-heal|p1a: Battler|94/100|[from] item: Leftovers
|upkeep
|turn|9
|
|t:|1760336577
|-end|p2a: Kingambit|fallenundefined|[silent]
|switch|p2a: Klefki|Klefki, F|82/100
|-damage|p2a: Klefki|76/100|[from] Stealth Rock
|move|p1a: Battler|Body Press|p2a: Klefki
|-damage|p2a: Klefki|37/100
|-damage|p1a: Battler|78/100|[from] item: Rocky Helmet|[of] p2a: Klefki
|
|-weather|none
|-heal|p1a: Battler|84/100|[from] item: Leftovers
|upkeep
|turn|10
|
|t:|1760336589
|move|p2a: Klefki|Thunder Wave|p1a: Battler
|-status|p1a: Battler|par
|cant|p1a: Battler|par
|
|-heal|p1a: Battler|90/100 par|[from] item: Leftovers
|upkeep
|turn|11
|
|t:|1760336596
|move|p2a: Klefki|Spikes|p1a: Battler
|-sidestart|p1: lakespirited|Spikes
|move|p1a: Battler|Body Press|p2a: Klefki
|-damage|p2a: Klefki|0 fnt
|-damage|p1a: Battler|74/100 par|[from] item: Rocky Helmet|[of] p2a: Klefki
|faint|p2a: Klefki
|
|-heal|p1a: Battler|80/100 par|[from] item: Leftovers
|upkeep
|
|t:|1760336607
|switch|p2a: Iron Valiant|Iron Valiant|51/100
|turn|12
|
|t:|1760336622
|move|p2a: Iron Valiant|Moonblast|p1a: Battler
|-supereffective|p1a: Battler
|-damage|p1a: Battler|40/100 par
|-unboost|p1a: Battler|spa|1
|cant|p1a: Battler|par
|
|-heal|p1a: Battler|46/100 par|[from] item: Leftovers
|-sideend|p1: lakespirited|move: Aurora Veil
|upkeep
|turn|13
|
|t:|1760336635
|move|p2a: Iron Valiant|Moonblast|p1a: Battler
|-supereffective|p1a: Battler
|-damage|p1a: Battler|0 fnt
|faint|p1a: Battler
|
|upkeep
|
|t:|1760336645
|switch|p1a: Beatrice|Ninetales-Alola, F, shiny|77/100
|-damage|p1a: Beatrice|64/100|[from] Spikes
|-weather|Snowscape|[from] ability: Snow Warning|[of] p1a: Beatrice
|turn|14
|
|t:|1760336651
|-end|p2a: Iron Valiant|Quark Drive|[silent]
|switch|p2a: Kingambit|Kingambit, F|84/100
|-damage|p2a: Kingambit|77/100|[from] Stealth Rock
|-activate|p2a: Kingambit|ability: Supreme Overlord
|-start|p2a: Kingambit|fallen1|[silent]
|move|p1a: Beatrice|Aurora Veil|p1a: Beatrice
|-sidestart|p1: lakespirited|move: Aurora Veil
|
|-weather|Snowscape|[upkeep]
|upkeep
|turn|15
|
|t:|1760336661
|switch|p1a: Gaap|Dragonite, F|100/100
|move|p2a: Kingambit|Kowtow Cleave|p1a: Gaap
|-damage|p1a: Gaap|84/100
|
|-weather|Snowscape|[upkeep]
|-heal|p1a: Gaap|90/100|[from] item: Leftovers
|upkeep
|turn|16
|
|t:|1760336670
|-end|p2a: Kingambit|fallen1|[silent]
|switch|p2a: Alomomola|Alomomola, M|100/100
|move|p1a: Gaap|Dragon Dance|p1a: Gaap
|-boost|p1a: Gaap|atk|1
|-boost|p1a: Gaap|spe|1
|
|-weather|Snowscape|[upkeep]
|-heal|p1a: Gaap|96/100|[from] item: Leftovers
|upkeep
|turn|17
|
|t:|1760336679
|move|p1a: Gaap|Substitute|p1a: Gaap
|-start|p1a: Gaap|Substitute
|-damage|p1a: Gaap|71/100
|move|p2a: Alomomola|Tickle||[still]
|-fail|p2a: Alomomola
|
|-weather|Snowscape|[upkeep]
|-heal|p1a: Gaap|77/100|[from] item: Leftovers
|upkeep
|turn|18
|-message|ivon_neeeeeee forfeited.
|
|win|lakespirited
|raw|lakespirited's rating: 1529 &rarr; <strong>1550</strong><br />(+21 for winning)
|raw|ivon_neeeeeee's rating: 1552 &rarr; <strong>1531</strong><br />(-21 for losing)
|l|☆ivon_neeeeeee
|player|p2|
|l|☆lakespirited
|player|p1|
