|j|☆lv0ry
|j|☆saber nbnbnb
|t:|1760342854
|gametype|singles
|player|p1|lv0ry|265|1246
|player|p2|saber nbnbnb|bruno|1283
|gen|9
|tier|[Gen 9] OU
|rated|
|rule|HP Percentage Mod: HP is shown in percentages
|rule|Endless Battle Clause: Forcing endless battles is banned
|rule|Species Clause: Limit one of each Pokémon
|rule|OHKO Clause: OHKO moves are banned
|rule|Evasion Items Clause: Evasion items are banned
|rule|Evasion Moves Clause: Evasion moves are banned
|rule|Evasion Abilities Clause: Evasion abilities are banned
|rule|Sleep Moves Clause: Sleep-inducing moves are banned
|clearpoke
|poke|p1|Eelektross, F|
|poke|p1|Deoxys-Speed|
|poke|p1|Iron Valiant|
|poke|p1|Pecharunt|
|poke|p1|Dragonite, F|
|poke|p1|Kingambit, M|
|poke|p2|Ceruledge, M|
|poke|p2|Torkoal, M|
|poke|p2|Corviknight, F|
|poke|p2|Great Tusk|
|poke|p2|Lilligant-Hisui, F|
|poke|p2|Walking Wake|
|teampreview
|
|t:|1760342860
|teamsize|p1|6
|teamsize|p2|6
|start
|switch|p1a: Deoxys|Deoxys-Speed|100/100
|switch|p2a: 喷火发射器|Torkoal, M|100/100
|-ability|p1a: Deoxys|Pressure
|-weather|SunnyDay|[from] ability: Drought|[of] p2a: 喷火发射器
|turn|1
|
|t:|1760342873
|move|p1a: Deoxys|Taunt|p2a: 喷火发射器
|-start|p2a: 喷火发射器|move: Taunt
|cant|p2a: 喷火发射器|move: Taunt|Stealth Rock
|
|-weather|SunnyDay|[upkeep]
|upkeep
|turn|2
|
|t:|1760342884
|switch|p2a: 溜了溜了|Great Tusk|100/100
|-activate|p2a: 溜了溜了|ability: Protosynthesis
|-start|p2a: 溜了溜了|protosynthesisatk
|move|p1a: Deoxys|Light Screen|p1a: Deoxys
|-sidestart|p1: lv0ry|move: Light Screen
|
|-weather|SunnyDay|[upkeep]
|upkeep
|turn|3
|
|t:|1760342893
|move|p1a: Deoxys|Taunt|p2a: 溜了溜了
|-start|p2a: 溜了溜了|move: Taunt
|move|p2a: 溜了溜了|Knock Off|p1a: Deoxys
|-supereffective|p1a: Deoxys
|-damage|p1a: Deoxys|0 fnt
|-enditem|p1a: Deoxys|Light Clay|[from] move: Knock Off|[of] p2a: 溜了溜了
|faint|p1a: Deoxys
|
|-weather|SunnyDay|[upkeep]
|upkeep
|
|t:|1760342900
|switch|p1a: Iron Valiant|Iron Valiant|100/100
|-enditem|p1a: Iron Valiant|Booster Energy
|-activate|p1a: Iron Valiant|ability: Quark Drive|[fromitem]
|-start|p1a: Iron Valiant|quarkdrivespe
|turn|4
|
|t:|1760342918
|move|p1a: Iron Valiant|Moonblast|p2a: 溜了溜了
|-supereffective|p2a: 溜了溜了
|-damage|p2a: 溜了溜了|0 fnt
|faint|p2a: 溜了溜了
|-end|p2a: 溜了溜了|Protosynthesis|[silent]
|
|-weather|SunnyDay|[upkeep]
|upkeep
|
|t:|1760342920
|switch|p2a: 收割机器|Walking Wake|100/100
|-activate|p2a: 收割机器|ability: Protosynthesis
|-start|p2a: 收割机器|protosynthesisspe
|turn|5
|
|t:|1760342937
|-terastallize|p2a: 收割机器|Water
|move|p1a: Iron Valiant|Moonblast|p2a: 收割机器
|-crit|p2a: 收割机器
|-damage|p2a: 收割机器|25/100
|move|p2a: 收割机器|Hydro Steam|p1a: Iron Valiant
|-damage|p1a: Iron Valiant|0 fnt
|faint|p1a: Iron Valiant
|-end|p1a: Iron Valiant|Quark Drive|[silent]
|
|-weather|SunnyDay|[upkeep]
|upkeep
|inactive|Battle timer is ON: inactive players will automatically lose when time's up. (requested by saber nbnbnb)
|
|t:|1760342944
|switch|p1a: Dragonite|Dragonite, F|100/100
|turn|6
|
|t:|1760342948
|-end|p2a: 收割机器|Protosynthesis|[silent]
|switch|p2a: Corviknight|Corviknight, F|100/100
|move|p1a: Dragonite|Extreme Speed|p2a: Corviknight
|-resisted|p2a: Corviknight
|-damage|p2a: Corviknight|91/100
|-damage|p1a: Dragonite|84/100|[from] item: Rocky Helmet|[of] p2a: Corviknight
|
|-weather|SunnyDay|[upkeep]
|upkeep
|turn|7
|
|t:|1760342951
|move|p1a: Dragonite|Dragon Dance|p1a: Dragonite
|-boost|p1a: Dragonite|atk|1
|-boost|p1a: Dragonite|spe|1
|move|p2a: Corviknight|Body Press|p1a: Dragonite
|-resisted|p1a: Dragonite
|-damage|p1a: Dragonite|70/100
|
|-weather|SunnyDay|[upkeep]
|upkeep
|turn|8
|
|t:|1760342956
|move|p1a: Dragonite|Dragon Dance|p1a: Dragonite
|-boost|p1a: Dragonite|atk|1
|-boost|p1a: Dragonite|spe|1
|move|p2a: Corviknight|Taunt|p1a: Dragonite
|-start|p1a: Dragonite|move: Taunt
|
|-weather|none
|upkeep
|turn|9
|
|t:|1760342969
|-terastallize|p1a: Dragonite|Flying
|move|p1a: Dragonite|Tera Blast|p2a: Corviknight|[anim] Tera Blast Flying
|-resisted|p2a: Corviknight
|-damage|p2a: Corviknight|51/100
|move|p2a: Corviknight|Iron Defense|p2a: Corviknight
|-boost|p2a: Corviknight|def|2
|
|-sideend|p1: lv0ry|move: Light Screen
|upkeep
|turn|10
|
|t:|1760342976
|move|p1a: Dragonite|Tera Blast|p2a: Corviknight|[anim] Tera Blast Flying
|-resisted|p2a: Corviknight
|-damage|p2a: Corviknight|32/100
|move|p2a: Corviknight|Iron Defense|p2a: Corviknight
|-boost|p2a: Corviknight|def|2
|
|upkeep
|turn|11
|
|t:|1760342978
|move|p1a: Dragonite|Tera Blast|p2a: Corviknight|[anim] Tera Blast Flying
|-resisted|p2a: Corviknight
|-damage|p2a: Corviknight|20/100
|move|p2a: Corviknight|Roost|p2a: Corviknight
|-heal|p2a: Corviknight|70/100
|-singleturn|p2a: Corviknight|move: Roost
|
|-end|p1a: Dragonite|move: Taunt
|upkeep
|turn|12
|
|t:|1760342982
|move|p1a: Dragonite|Tera Blast|p2a: Corviknight|[anim] Tera Blast Flying
|-resisted|p2a: Corviknight
|-damage|p2a: Corviknight|57/100
|move|p2a: Corviknight|Roost|p2a: Corviknight
|-heal|p2a: Corviknight|100/100
|-singleturn|p2a: Corviknight|move: Roost
|
|upkeep
|turn|13
|
|t:|1760342988
|switch|p1a: Eelektross|Eelektross, F|100/100
|move|p2a: Corviknight|Body Press|p1a: Eelektross
|-damage|p1a: Eelektross|14/100
|
|-heal|p1a: Eelektross|20/100|[from] item: Leftovers
|upkeep
|turn|14
|
|t:|1760342990
|move|p2a: Corviknight|Body Press|p1a: Eelektross
|-damage|p1a: Eelektross|0 fnt
|faint|p1a: Eelektross
|
|upkeep
|
|t:|1760342992
|switch|p1a: Pecharunt|Pecharunt|100/100
|turn|15
|
|t:|1760342999
|move|p1a: Pecharunt|Nasty Plot|p1a: Pecharunt
|-boost|p1a: Pecharunt|spa|2
|move|p2a: Corviknight|Taunt|p1a: Pecharunt
|-start|p1a: Pecharunt|move: Taunt
|
|upkeep
|turn|16
|
|t:|1760343007
|switch|p2a: 喷火发射器|Torkoal, M|100/100
|-weather|SunnyDay|[from] ability: Drought|[of] p2a: 喷火发射器
|move|p1a: Pecharunt|Shadow Ball|p2a: 喷火发射器
|-damage|p2a: 喷火发射器|39/100
|
|-weather|SunnyDay|[upkeep]
|upkeep
|turn|17
|
|t:|1760343016
|move|p1a: Pecharunt|Shadow Ball|p2a: 喷火发射器
|-damage|p2a: 喷火发射器|0 fnt
|faint|p2a: 喷火发射器
|
|-weather|SunnyDay|[upkeep]
|upkeep
|l|☆saber nbnbnb
|inactive|saber nbnbnb disconnected and has a minute to reconnect!
|player|p2|
|inactive|saber nbnbnb has 30 seconds to reconnect!
|inactive|saber nbnbnb has 20 seconds to reconnect!
|inactive|saber nbnbnb has 15 seconds to reconnect!
|inactive|saber nbnbnb has 10 seconds to reconnect!
|inactive|saber nbnbnb has 5 seconds to reconnect!
|-message|saber nbnbnb lost due to inactivity.
|
|win|lv0ry
|raw|lv0ry's rating: 1246 &rarr; <strong>1276</strong><br />(+30 for winning)
|raw|saber nbnbnb's rating: 1310 &rarr; <strong>1286</strong><br />(-24 for losing)
|l|☆lv0ry
|player|p1|
