|j|☆CAZSYZ
|j|☆Darryl69
|t:|1760447311
|gametype|singles
|player|p1|CAZSYZ|lady|1418
|player|p2|Darryl69|169|1369
|gen|9
|tier|[Gen 9] OU
|rated|
|rule|HP Percentage Mod: HP is shown in percentages
|rule|Endless Battle Clause: Forcing endless battles is banned
|rule|Species Clause: Limit one of each Pokémon
|rule|OHKO Clause: OHKO moves are banned
|rule|Evasion Items Clause: Evasion items are banned
|rule|Evasion Moves Clause: Evasion moves are banned
|rule|Evasion Abilities Clause: Evasion abilities are banned
|rule|Sleep Moves Clause: Sleep-inducing moves are banned
|clearpoke
|poke|p1|Charizard, F|
|poke|p1|Torkoal, F|
|poke|p1|Hatterene, F|
|poke|p1|Great Tusk|
|poke|p1|Lilligant-Hisui, F|
|poke|p1|Walking Wake|
|poke|p2|Iron Treads|
|poke|p2|Iron Valiant|
|poke|p2|Kingambit, F|
|poke|p2|Gengar, F|
|poke|p2|Enamorus, F|
|poke|p2|Dragapult, M|
|teampreview
|inactive|Battle timer is ON: inactive players will automatically lose when time's up. (requested by CAZSYZ)
|
|t:|1760447323
|teamsize|p1|6
|teamsize|p2|6
|start
|switch|p1a: Torkoal|Torkoal, F|100/100
|switch|p2a: Iron Treads|Iron Treads|100/100
|-weather|SunnyDay|[from] ability: Drought|[of] p1a: Torkoal
|-enditem|p2a: Iron Treads|Booster Energy
|-activate|p2a: Iron Treads|ability: Quark Drive|[fromitem]
|-start|p2a: Iron Treads|quarkdrivespe
|turn|1
|
|t:|1760447333
|switch|p1a: Hatterene|Hatterene, F, shiny|100/100
|move|p2a: Iron Treads|Knock Off|p1a: Hatterene
|-damage|p1a: Hatterene|76/100
|-enditem|p1a: Hatterene|Eject Button|[from] move: Knock Off|[of] p2a: Iron Treads
|
|-weather|SunnyDay|[upkeep]
|upkeep
|turn|2
|
|t:|1760447347
|-end|p2a: Iron Treads|Quark Drive|[silent]
|switch|p2a: Gengar|Gengar, F|100/100
|move|p1a: Hatterene|Dazzling Gleam|p2a: Gengar
|-resisted|p2a: Gengar
|-damage|p2a: Gengar|73/100
|
|-weather|SunnyDay|[upkeep]
|upkeep
|turn|3
|
|t:|1760447363
|move|p2a: Gengar|Shadow Ball|p1a: Hatterene
|-supereffective|p1a: Hatterene
|-damage|p1a: Hatterene|0 fnt
|faint|p1a: Hatterene
|
|-weather|SunnyDay|[upkeep]
|upkeep
|
|t:|1760447377
|switch|p1a: Walking Wake|Walking Wake|100/100
|-activate|p1a: Walking Wake|ability: Protosynthesis
|-start|p1a: Walking Wake|protosynthesisspe
|turn|4
|
|t:|1760447391
|move|p1a: Walking Wake|Hydro Steam|p2a: Gengar
|-damage|p2a: Gengar|0 fnt
|faint|p2a: Gengar
|
|-weather|SunnyDay|[upkeep]
|upkeep
|inactive|Darryl69 has 120 seconds left.
|
|t:|1760447426
|switch|p2a: Kingambit|Kingambit, F, shiny|100/100
|-activate|p2a: Kingambit|ability: Supreme Overlord
|-start|p2a: Kingambit|fallen1|[silent]
|turn|5
|
|t:|1760447433
|move|p2a: Kingambit|Sucker Punch|p1a: Walking Wake
|-damage|p1a: Walking Wake|41/100
|move|p1a: Walking Wake|Hydro Steam|p2a: Kingambit
|-damage|p2a: Kingambit|19/100
|
|-weather|SunnyDay|[upkeep]
|upkeep
|turn|6
|inactive|Darryl69 has 120 seconds left.
|
|t:|1760447443
|-end|p1a: Walking Wake|Protosynthesis|[silent]
|switch|p1a: Great Tusk|Great Tusk|100/100
|-activate|p1a: Great Tusk|ability: Protosynthesis
|-start|p1a: Great Tusk|protosynthesisatk
|move|p2a: Kingambit|Sucker Punch||[still]
|-fail|p2a: Kingambit
|
|-weather|SunnyDay|[upkeep]
|upkeep
|turn|7
|inactive|Darryl69 has 120 seconds left.
|
|t:|1760447455
|-end|p2a: Kingambit|fallen1|[silent]
|switch|p2a: Enamorus|Enamorus, F|100/100
|move|p1a: Great Tusk|Headlong Rush|p2a: Enamorus
|-immune|p2a: Enamorus
|
|-weather|SunnyDay|[upkeep]
|upkeep
|turn|8
|inactive|Darryl69 has 120 seconds left.
|
|t:|1760447466
|move|p2a: Enamorus|Moonblast|p1a: Great Tusk
|-supereffective|p1a: Great Tusk
|-damage|p1a: Great Tusk|0 fnt
|faint|p1a: Great Tusk
|-end|p1a: Great Tusk|Protosynthesis|[silent]
|
|-weather|none
|upkeep
|
|t:|1760447469
|switch|p1a: Torkoal|Torkoal, F|100/100
|-weather|SunnyDay|[from] ability: Drought|[of] p1a: Torkoal
|turn|9
|
|t:|1760447481
|switch|p2a: Dragapult|Dragapult, M|100/100
|move|p1a: Torkoal|Will-O-Wisp|p2a: Dragapult
|-status|p2a: Dragapult|brn
|
|-weather|SunnyDay|[upkeep]
|-damage|p2a: Dragapult|95/100 brn|[from] brn
|upkeep
|turn|10
|
|t:|1760447490
|switch|p1a: Lilligant|Lilligant-Hisui, F|100/100
|move|p2a: Dragapult|Thunder Wave|p1a: Lilligant
|-status|p1a: Lilligant|par
|
|-weather|SunnyDay|[upkeep]
|-damage|p2a: Dragapult|89/100 brn|[from] brn
|upkeep
|turn|11
|
|t:|1760447505
|switch|p2a: Iron Treads|Iron Treads|100/100
|move|p1a: Lilligant|Triple Axel|p2a: Iron Treads
|-damage|p2a: Iron Treads|93/100
|-damage|p2a: Iron Treads|79/100
|-crit|p2a: Iron Treads
|-damage|p2a: Iron Treads|48/100
|-hitcount|p2a: Iron Treads|3
|-damage|p1a: Lilligant|91/100 par|[from] item: Life Orb
|
|-weather|SunnyDay|[upkeep]
|upkeep
|turn|12
|
|t:|1760447513
|move|p2a: Iron Treads|Stealth Rock|p1a: Lilligant
|-sidestart|p1: CAZSYZ|move: Stealth Rock
|move|p1a: Lilligant|Triple Axel|p2a: Iron Treads
|-damage|p2a: Iron Treads|41/100
|-damage|p2a: Iron Treads|27/100
|-damage|p2a: Iron Treads|8/100
|-hitcount|p2a: Iron Treads|3
|-damage|p1a: Lilligant|81/100 par|[from] item: Life Orb
|
|-weather|SunnyDay|[upkeep]
|upkeep
|turn|13
|
|t:|1760447524
|move|p2a: Iron Treads|Knock Off|p1a: Lilligant
|-resisted|p1a: Lilligant
|-damage|p1a: Lilligant|63/100 par
|-enditem|p1a: Lilligant|Life Orb|[from] move: Knock Off|[of] p2a: Iron Treads
|move|p1a: Lilligant|Solar Blade||[still]
|-prepare|p1a: Lilligant|Solar Blade
|-anim|p1a: Lilligant|Solar Blade|p2a: Iron Treads
|-damage|p2a: Iron Treads|0 fnt
|faint|p2a: Iron Treads
|-end|p2a: Iron Treads|Quark Drive|[silent]
|
|-weather|SunnyDay|[upkeep]
|upkeep
|inactive|Darryl69 has 120 seconds left.
|inactive|Darryl69 has 90 seconds left.
|
|t:|1760447576
|switch|p2a: Dragapult|Dragapult, M|89/100 brn
|turn|14
|
|t:|1760447579
|move|p2a: Dragapult|Hex|p1a: Lilligant
|-damage|p1a: Lilligant|0 fnt
|faint|p1a: Lilligant
|
|-weather|SunnyDay|[upkeep]
|-damage|p2a: Dragapult|83/100 brn|[from] brn
|upkeep
|
|t:|1760447588
|switch|p1a: Walking Wake|Walking Wake|41/100
|-damage|p1a: Walking Wake|29/100|[from] Stealth Rock
|-activate|p1a: Walking Wake|ability: Protosynthesis
|-start|p1a: Walking Wake|protosynthesisspe
|turn|15
|
|t:|1760447603
|switch|p2a: Iron Valiant|Iron Valiant, shiny|100/100
|-enditem|p2a: Iron Valiant|Booster Energy
|-activate|p2a: Iron Valiant|ability: Quark Drive|[fromitem]
|-start|p2a: Iron Valiant|quarkdrivespe
|move|p1a: Walking Wake|Hydro Steam|p2a: Iron Valiant
|-damage|p2a: Iron Valiant|0 fnt
|faint|p2a: Iron Valiant
|-end|p2a: Iron Valiant|Quark Drive|[silent]
|
|-weather|SunnyDay|[upkeep]
|upkeep
|
|t:|1760447615
|switch|p2a: Kingambit|Kingambit, F, shiny|19/100
|-activate|p2a: Kingambit|ability: Supreme Overlord
|-start|p2a: Kingambit|fallen3|[silent]
|turn|16
|
|t:|1760447622
|move|p2a: Kingambit|Sucker Punch|p1a: Walking Wake
|-damage|p1a: Walking Wake|0 fnt
|faint|p1a: Walking Wake
|-end|p1a: Walking Wake|Protosynthesis|[silent]
|
|-weather|none
|upkeep
|
|t:|1760447624
|switch|p1a: Torkoal|Torkoal, F|100/100
|-damage|p1a: Torkoal|76/100|[from] Stealth Rock
|-weather|SunnyDay|[from] ability: Drought|[of] p1a: Torkoal
|turn|17
|
|t:|1760447637
|-end|p2a: Kingambit|fallen3|[silent]
|switch|p2a: Dragapult|Dragapult, M|83/100 brn
|move|p1a: Torkoal|Stealth Rock|p2a: Dragapult
|-sidestart|p2: Darryl69|move: Stealth Rock
|
|-weather|SunnyDay|[upkeep]
|-damage|p2a: Dragapult|77/100 brn|[from] brn
|upkeep
|turn|18
|
|t:|1760447647
|move|p2a: Dragapult|Thunder Wave|p1a: Torkoal
|-status|p1a: Torkoal|par
|move|p1a: Torkoal|Clear Smog|p2a: Dragapult
|-resisted|p2a: Dragapult
|-damage|p2a: Dragapult|69/100 brn
|-clearboost|p2a: Dragapult
|
|-weather|SunnyDay|[upkeep]
|-damage|p2a: Dragapult|63/100 brn|[from] brn
|upkeep
|turn|19
|
|t:|1760447659
|move|p2a: Dragapult|Hex|p1a: Torkoal
|-damage|p1a: Torkoal|17/100 par
|move|p1a: Torkoal|Clear Smog|p2a: Dragapult
|-resisted|p2a: Dragapult
|-damage|p2a: Dragapult|56/100 brn
|-clearboost|p2a: Dragapult
|
|-weather|SunnyDay|[upkeep]
|-damage|p2a: Dragapult|50/100 brn|[from] brn
|upkeep
|turn|20
|
|t:|1760447662
|move|p2a: Dragapult|Hex|p1a: Torkoal
|-damage|p1a: Torkoal|0 fnt
|faint|p1a: Torkoal
|
|-weather|SunnyDay|[upkeep]
|-damage|p2a: Dragapult|44/100 brn|[from] brn
|upkeep
|
|t:|1760447664
|switch|p1a: Charizard|Charizard, F|100/100
|-damage|p1a: Charizard|51/100|[from] Stealth Rock
|turn|21
|
|t:|1760447670
|-terastallize|p1a: Charizard|Fire
|move|p2a: Dragapult|Dragon Darts|p1a: Charizard
|-damage|p1a: Charizard|36/100
|-anim|p2a: Dragapult|Dragon Darts|p1a: Charizard
|-damage|p1a: Charizard|20/100
|move|p1a: Charizard|Flamethrower|p2a: Dragapult
|-resisted|p2a: Dragapult
|-damage|p2a: Dragapult|0 fnt
|faint|p2a: Dragapult
|
|-weather|SunnyDay|[upkeep]
|-damage|p1a: Charizard|8/100|[from] ability: Solar Power|[of] p1a: Charizard
|upkeep
|
|t:|1760447684
|switch|p2a: Enamorus|Enamorus, F|100/100
|-damage|p2a: Enamorus|76/100|[from] Stealth Rock
|turn|22
|
|t:|1760447691
|move|p2a: Enamorus|Tera Blast|p1a: Charizard
|-damage|p1a: Charizard|0 fnt
|faint|p1a: Charizard
|
|win|Darryl69
|raw|CAZSYZ's rating: 1418 &rarr; <strong>1395</strong><br />(-23 for losing)
|raw|Darryl69's rating: 1369 &rarr; <strong>1392</strong><br />(+23 for winning)
|l|☆CAZSYZ
|player|p1|
|l|☆Darryl69
|player|p2|
