|j|☆Qbreezy
|j|☆ay cheu
|t:|1760322522
|gametype|singles
|player|p1|Qbreezy|102|1407
|player|p2|ay cheu|riley|1415
|gen|9
|tier|[Gen 9] OU
|rated|
|rule|HP Percentage Mod: HP is shown in percentages
|rule|Endless Battle Clause: Forcing endless battles is banned
|rule|Species Clause: Limit one of each Pokémon
|rule|OHKO Clause: OHKO moves are banned
|rule|Evasion Items Clause: Evasion items are banned
|rule|Evasion Moves Clause: Evasion moves are banned
|rule|Evasion Abilities Clause: Evasion abilities are banned
|rule|Sleep Moves Clause: Sleep-inducing moves are banned
|clearpoke
|poke|p1|Grafaiai, F|
|poke|p1|Rillaboom, F|
|poke|p1|Hawlucha, M|
|poke|p1|Iron Boulder|
|poke|p1|Hoopa-Unbound|
|poke|p1|Moltres|
|poke|p2|Arcanine-Hisui, M|
|poke|p2|Hydreigon, M|
|poke|p2|Sandy Shocks|
|poke|p2|Jirachi|
|poke|p2|Noivern, M|
|poke|p2|Azumarill, M|
|teampreview
|inactive|Battle timer is ON: inactive players will automatically lose when time's up. (requested by ay cheu)
|
|t:|1760322537
|teamsize|p1|6
|teamsize|p2|6
|start
|switch|p1a: Rillaboom|Rillaboom, F|100/100
|switch|p2a: 灰灰|Arcanine-Hisui, M|100/100
|-fieldstart|move: Grassy Terrain|[from] ability: Grassy Surge|[of] p1a: Rillaboom
|turn|1
|
|t:|1760322547
|move|p1a: Rillaboom|Grassy Glide|p2a: 灰灰
|-damage|p2a: 灰灰|50/100
|move|p2a: 灰灰|Head Smash|p1a: Rillaboom
|-crit|p1a: Rillaboom
|-damage|p1a: Rillaboom|0 fnt
|faint|p1a: Rillaboom
|
|-heal|p2a: 灰灰|56/100|[from] Grassy Terrain
|upkeep
|
|t:|1760322567
|switch|p1a: Hawlucha|Hawlucha, M|100/100
|-enditem|p1a: Hawlucha|Grassy Seed
|-boost|p1a: Hawlucha|def|1|[from] item: Grassy Seed
|turn|2
|
|t:|1760322574
|move|p1a: Hawlucha|Swords Dance|p1a: Hawlucha
|-boost|p1a: Hawlucha|atk|2
|move|p2a: 灰灰|Head Smash|p1a: Hawlucha
|-damage|p1a: Hawlucha|5/100
|
|-heal|p2a: 灰灰|62/100|[from] Grassy Terrain
|upkeep
|turn|3
|
|t:|1760322585
|switch|p2a: Noivern|Noivern, M|100/100
|move|p1a: Hawlucha|Close Combat|p2a: Noivern
|-resisted|p2a: Noivern
|-damage|p2a: Noivern|48/100
|-unboost|p1a: Hawlucha|def|1
|-unboost|p1a: Hawlucha|spd|1
|
|upkeep
|turn|4
|
|t:|1760322593
|move|p1a: Hawlucha|Acrobatics|p2a: Noivern
|-damage|p2a: Noivern|0 fnt
|faint|p2a: Noivern
|
|upkeep
|
|t:|1760322594
|switch|p2a: Azumarill|Azumarill, M|100/100
|turn|5
|
|t:|1760322600
|move|p2a: Azumarill|Aqua Jet|p1a: Hawlucha
|-damage|p1a: Hawlucha|0 fnt
|faint|p1a: Hawlucha
|
|upkeep
|
|t:|1760322607
|switch|p1a: Grafaiai|Grafaiai, F, shiny|100/100
|turn|6
|
|t:|1760322612
|switch|p2a: Sandy Shocks|Sandy Shocks|100/100
|move|p1a: Grafaiai|Swagger|p2a: Sandy Shocks
|-boost|p2a: Sandy Shocks|atk|2
|-start|p2a: Sandy Shocks|confusion
|-enditem|p1a: Grafaiai|Mirror Herb
|-boost|p1a: Grafaiai|atk|2|[from] item: Mirror Herb
|
|upkeep
|turn|7
|
|t:|1760322622
|-terastallize|p1a: Grafaiai|Flying
|move|p1a: Grafaiai|Acrobatics|p2a: Sandy Shocks
|-resisted|p2a: Sandy Shocks
|-damage|p2a: Sandy Shocks|49/100
|-activate|p2a: Sandy Shocks|confusion
|move|p2a: Sandy Shocks|Stealth Rock|p1a: Grafaiai
|-sidestart|p1: Qbreezy|move: Stealth Rock
|
|-heal|p2a: Sandy Shocks|55/100|[from] Grassy Terrain
|upkeep
|turn|8
|
|t:|1760322632
|-end|p2a: Sandy Shocks|Protosynthesis|[silent]
|switch|p2a: Jirachi|Jirachi|100/100
|move|p1a: Grafaiai|Knock Off|p2a: Jirachi
|-supereffective|p2a: Jirachi
|-damage|p2a: Jirachi|14/100
|-enditem|p2a: Jirachi|Leftovers|[from] move: Knock Off|[of] p1a: Grafaiai
|
|-heal|p2a: Jirachi|21/100|[from] Grassy Terrain
|-fieldend|move: Grassy Terrain
|upkeep
|turn|9
|
|t:|1760322641
|move|p1a: Grafaiai|Knock Off|p2a: Jirachi
|-supereffective|p2a: Jirachi
|-damage|p2a: Jirachi|0 fnt
|faint|p2a: Jirachi
|
|upkeep
|
|t:|1760322643
|switch|p2a: Sandy Shocks|Sandy Shocks|55/100
|turn|10
|
|t:|1760322647
|move|p1a: Grafaiai|Knock Off|p2a: Sandy Shocks
|-crit|p2a: Sandy Shocks
|-damage|p2a: Sandy Shocks|0 fnt
|-enditem|p2a: Sandy Shocks|Earth Plate|[from] move: Knock Off|[of] p1a: Grafaiai
|faint|p2a: Sandy Shocks
|-end|p2a: Sandy Shocks|Protosynthesis|[silent]
|
|upkeep
|-message|ay cheu forfeited.
|
|win|Qbreezy
|raw|Qbreezy's rating: 1407 &rarr; <strong>1427</strong><br />(+20 for winning)
|raw|ay cheu's rating: 1415 &rarr; <strong>1395</strong><br />(-20 for losing)
|l|☆ay cheu
|player|p2|
