|j|☆joven alex
|j|☆undertalethemovie
|t:|1760408252
|gametype|singles
|player|p1|joven alex|youngster-gen4dp|1403
|player|p2|undertalethemovie|n|1470
|gen|9
|tier|[Gen 9] OU
|rated|
|rule|HP Percentage Mod: HP is shown in percentages
|rule|Endless Battle Clause: Forcing endless battles is banned
|rule|Species Clause: Limit one of each Pokémon
|rule|OHKO Clause: OHKO moves are banned
|rule|Evasion Items Clause: Evasion items are banned
|rule|Evasion Moves Clause: Evasion moves are banned
|rule|Evasion Abilities Clause: Evasion abilities are banned
|rule|Sleep Moves Clause: Sleep-inducing moves are banned
|clearpoke
|poke|p1|Galvantula, F|
|poke|p1|Sinistcha|
|poke|p1|Great Tusk|
|poke|p1|Ninetales-Alola, M|
|poke|p1|Samurott-Hisui, M|
|poke|p1|Heatran, F|
|poke|p2|Clodsire, F|
|poke|p2|Ogerpon-Wellspring, F|
|poke|p2|Zoroark-Hisui, F|
|poke|p2|Zamazenta-*|
|poke|p2|Cinderace, M|
|poke|p2|Deoxys-Speed|
|teampreview
|
|t:|1760408258
|teamsize|p1|6
|teamsize|p2|6
|start
|switch|p1a: Samurott|Samurott-Hisui, M|100/100
|switch|p2a: The Writer|Ogerpon-Wellspring, F|100/100
|turn|1
|inactive|Battle timer is ON: inactive players will automatically lose when time's up. (requested by undertalethemovie)
|
|t:|1760408269
|move|p1a: Samurott|Ceaseless Edge|p2a: The Writer
|-damage|p2a: The Writer|47/100
|-sidestart|p2: undertalethemovie|Spikes
|move|p2a: The Writer|Horn Leech|p1a: Samurott
|-supereffective|p1a: Samurott
|-damage|p1a: Samurott|0 fnt
|-heal|p2a: The Writer|100/100|[from] drain|[of] p1a: Samurott
|faint|p1a: Samurott
|
|upkeep
|
|t:|1760408277
|switch|p1a: Ninetales|Ninetales-Alola, M|100/100
|-weather|Snowscape|[from] ability: Snow Warning|[of] p1a: Ninetales
|turn|2
|
|t:|1760408281
|move|p2a: The Writer|U-turn|p1a: Ninetales
|-resisted|p1a: Ninetales
|-damage|p1a: Ninetales|87/100
|
|t:|1760408284
|switch|p2a: Ingerland|Cinderace, M|100/100|[from] U-turn
|move|p1a: Ninetales|Aurora Veil|p1a: Ninetales
|-sidestart|p1: joven alex|move: Aurora Veil
|
|-weather|Snowscape|[upkeep]
|upkeep
|turn|3
|
|t:|1760408292
|switch|p1a: Heatran|Heatran, F|100/100
|-item|p1a: Heatran|Air Balloon
|move|p2a: Ingerland|Court Change|p2a: Ingerland
|-start|p2a: Ingerland|typechange|Normal|[from] ability: Libero
|-swapsideconditions
|-activate|p2a: Ingerland|move: Court Change
|
|-weather|Snowscape|[upkeep]
|upkeep
|turn|4
|
|t:|1760408301
|switch|p2a: The Writer|Ogerpon-Wellspring, F|100/100
|move|p1a: Heatran|Earth Power|p2a: The Writer
|-resisted|p2a: The Writer
|-damage|p2a: The Writer|91/100
|
|-weather|Snowscape|[upkeep]
|upkeep
|turn|5
|
|t:|1760408310
|move|p2a: The Writer|U-turn|p1a: Heatran
|-resisted|p1a: Heatran
|-damage|p1a: Heatran|95/100
|-enditem|p1a: Heatran|Air Balloon
|
|t:|1760408312
|switch|p2a: Mumbo|Clodsire, F|100/100|[from] U-turn
|-item|p2a: Mumbo|Air Balloon
|move|p1a: Heatran|Lava Plume|p2a: Mumbo
|-damage|p2a: Mumbo|89/100
|-enditem|p2a: Mumbo|Air Balloon
|
|-weather|Snowscape|[upkeep]
|upkeep
|turn|6
|
|t:|1760408324
|switch|p1a: Great Tusk|Great Tusk|100/100
|-damage|p1a: Great Tusk|88/100|[from] Spikes
|move|p2a: Mumbo|Toxic|p1a: Great Tusk
|-status|p1a: Great Tusk|tox
|
|-weather|none
|-damage|p1a: Great Tusk|82/100 tox|[from] psn
|upkeep
|turn|7
|
|t:|1760408332
|switch|p2a: The Writer|Ogerpon-Wellspring, F|100/100
|-item|p2a: The Writer|Air Balloon
|move|p1a: Great Tusk|Knock Off|p2a: The Writer
|-supereffective|p2a: The Writer
|-damage|p2a: The Writer|26/100
|replace|p2a: Count St. Germain|Zoroark-Hisui, F, shiny
|-end|p2a: Count St. Germain|Illusion
|-enditem|p2a: Count St. Germain|Air Balloon
|
|-damage|p1a: Great Tusk|69/100 tox|[from] psn
|upkeep
|turn|8
|
|t:|1760408342
|move|p2a: Count St. Germain|Hex|p1a: Great Tusk
|-damage|p1a: Great Tusk|7/100 tox
|move|p1a: Great Tusk|Knock Off|p2a: Count St. Germain
|-supereffective|p2a: Count St. Germain
|-damage|p2a: Count St. Germain|0 fnt
|faint|p2a: Count St. Germain
|
|-damage|p1a: Great Tusk|0 fnt|[from] psn
|faint|p1a: Great Tusk
|-end|p1a: Great Tusk|Protosynthesis|[silent]
|upkeep
|
|t:|1760408353
|switch|p2a: Mumbo|Clodsire, F|89/100
|switch|p1a: Galvantula|Galvantula, F|100/100
|-damage|p1a: Galvantula|88/100|[from] Spikes
|turn|9
|
|t:|1760408358
|move|p1a: Galvantula|Sticky Web|p2a: Mumbo
|-sidestart|p2: undertalethemovie|move: Sticky Web
|move|p2a: Mumbo|Toxic Spikes|p1a: Galvantula
|-sidestart|p1: joven alex|move: Toxic Spikes
|
|-sideend|p2: undertalethemovie|move: Aurora Veil
|upkeep
|turn|10
|
|t:|1760408368
|switch|p1a: Heatran|Heatran, F|95/100
|-damage|p1a: Heatran|82/100|[from] Spikes
|move|p2a: Mumbo|Toxic Spikes|p1a: Heatran
|-sidestart|p1: joven alex|move: Toxic Spikes
|
|upkeep
|turn|11
|
|t:|1760408375
|move|p1a: Heatran|Earth Power|p2a: Mumbo
|-supereffective|p2a: Mumbo
|-damage|p2a: Mumbo|56/100
|move|p2a: Mumbo|Earthquake|p1a: Heatran
|-supereffective|p1a: Heatran
|-damage|p1a: Heatran|0 fnt
|faint|p1a: Heatran
|
|upkeep
|
|t:|1760408385
|switch|p1a: Ninetales|Ninetales-Alola, M|87/100
|-damage|p1a: Ninetales|75/100|[from] Spikes
|-status|p1a: Ninetales|tox
|-weather|Snowscape|[from] ability: Snow Warning|[of] p1a: Ninetales
|turn|12
|
|t:|1760408394
|switch|p2a: Ingerland|Cinderace, M|100/100
|move|p1a: Ninetales|Blizzard|p2a: Ingerland
|-resisted|p2a: Ingerland
|-damage|p2a: Ingerland|71/100
|-status|p2a: Ingerland|frz
|
|-weather|Snowscape|[upkeep]
|-damage|p1a: Ninetales|69/100 tox|[from] psn
|upkeep
|turn|13
|
|t:|1760408403
|-curestatus|p2a: Ingerland|frz|[from] move: Pyro Ball
|move|p2a: Ingerland|Pyro Ball|p1a: Ninetales
|-supereffective|p1a: Ninetales
|-damage|p1a: Ninetales|0 fnt
|faint|p1a: Ninetales
|
|-weather|Snowscape|[upkeep]
|upkeep
|-message|joven alex forfeited.
|
|win|undertalethemovie
|raw|joven alex's rating: 1403 &rarr; <strong>1387</strong><br />(-16 for losing)
|raw|undertalethemovie's rating: 1470 &rarr; <strong>1486</strong><br />(+16 for winning)
|l|☆joven alex
|player|p1|
|l|☆undertalethemovie
|player|p2|
