|j|☆omari p
|j|☆dvwg4dvwrwg4gs
|t:|1760411779
|gametype|singles
|player|p1|omari p|pokemonrangerf|1776
|player|p2|dvwg4dvwrwg4gs|red|1782
|gen|9
|tier|[Gen 9] OU
|rated|
|rule|HP Percentage Mod: HP is shown in percentages
|rule|Endless Battle Clause: Forcing endless battles is banned
|rule|Species Clause: Limit one of each Pokémon
|rule|OHKO Clause: OHKO moves are banned
|rule|Evasion Items Clause: Evasion items are banned
|rule|Evasion Moves Clause: Evasion moves are banned
|rule|Evasion Abilities Clause: Evasion abilities are banned
|rule|Sleep Moves Clause: Sleep-inducing moves are banned
|clearpoke
|poke|p1|Rillaboom, M|
|poke|p1|Moltres|
|poke|p1|Ursaluna, F|
|poke|p1|Primarina, M|
|poke|p1|Slowking-Galar, F|
|poke|p1|Garganacl, F|
|poke|p2|Ninetales, M|
|poke|p2|Ceruledge, F|
|poke|p2|Raging Bolt|
|poke|p2|Kingambit, M|
|poke|p2|Great Tusk|
|poke|p2|Walking Wake|
|teampreview
|inactive|Battle timer is ON: inactive players will automatically lose when time's up. (requested by dvwg4dvwrwg4gs)
|j| AbrarS
|j| Offset Product
|j| OP Earthquakes
|j| karuaan
|j| Rizzofreko
|inactive|omari p has 120 seconds left.
|
|t:|1760411825
|teamsize|p1|6
|teamsize|p2|6
|start
|switch|p1a: Slowking|Slowking-Galar, F|100/100
|switch|p2a: Ninetales|Ninetales, M|100/100
|-weather|SunnyDay|[from] ability: Drought|[of] p2a: Ninetales
|turn|1
|
|t:|1760411837
|move|p2a: Ninetales|Overheat|p1a: Slowking
|-damage|p1a: Slowking|61/100
|-unboost|p2a: Ninetales|spa|2
|-prepare|p1a: Slowking|Chilly Reception|[premajor]
|move|p1a: Slowking|Chilly Reception|p1a: Slowking
|-weather|Snowscape
|c|☆omari p|karuaan this team is extremely diff than my playstyle
|j| Stall Ambassador
|
|t:|1760411849
|switch|p1a: Garganacl|Garganacl, F|100/100|[from] Chilly Reception
|
|-weather|Snowscape|[upkeep]
|upkeep
|turn|2
|c| karuaan|still lol
|c| karuaan|lets see
|
|t:|1760411867
|switch|p2a: Great Tusk|Great Tusk|100/100
|move|p1a: Garganacl|Salt Cure|p2a: Great Tusk
|-resisted|p2a: Great Tusk
|-damage|p2a: Great Tusk|98/100
|-start|p2a: Great Tusk|Salt Cure
|
|-weather|Snowscape|[upkeep]
|-damage|p2a: Great Tusk|86/100|[from] Salt Cure
|upkeep
|turn|3
|c| karuaan|its more BO imo
|c|☆omari p|this seems like a bad stall variant
|c| karuaan|is it too passive?
|j| fulls
|c|☆omari p|u need more attackers imo or rather...
|inactive|dvwg4dvwrwg4gs has 120 seconds left.
|
|t:|1760411893
|switch|p1a: Moltres|Moltres|100/100
|move|p2a: Great Tusk|Headlong Rush|p1a: Moltres
|-immune|p1a: Moltres
|
|-weather|Snowscape|[upkeep]
|-damage|p2a: Great Tusk|74/100|[from] Salt Cure
|upkeep
|turn|4
|c|☆omari p|get rid of this rock
|
|t:|1760411901
|-end|p2a: Great Tusk|Protosynthesis|[silent]
|switch|p2a: Ninetales|Ninetales, M|100/100
|-weather|SunnyDay|[from] ability: Drought|[of] p2a: Ninetales
|move|p1a: Moltres|U-turn|p2a: Ninetales
|-resisted|p2a: Ninetales
|-damage|p2a: Ninetales|89/100
|c| Rizzofreko|Just play slaves
|
|t:|1760411904
|switch|p1a: Slowking|Slowking-Galar, F|94/100|[from] U-turn
|
|-weather|SunnyDay|[upkeep]
|upkeep
|turn|5
|c| Stall Ambassador|what
|c|☆omari p|he said dance monkey dance
|inactive|dvwg4dvwrwg4gs has 120 seconds left.
|c| Rizzofreko|Good
|
|t:|1760411928
|move|p2a: Ninetales|Will-O-Wisp|p1a: Slowking
|-status|p1a: Slowking|brn
|-prepare|p1a: Slowking|Chilly Reception|[premajor]
|move|p1a: Slowking|Chilly Reception|p1a: Slowking
|-weather|Snowscape
|
|t:|1760411935
|switch|p1a: Ursaluna|Ursaluna, F|100/100|[from] Chilly Reception
|
|-weather|Snowscape|[upkeep]
|-status|p1a: Ursaluna|brn|[from] item: Flame Orb
|upkeep
|turn|6
|c| Rizzofreko|Boys
|
|t:|1760411947
|switch|p2a: Ceruledge|Ceruledge, F|100/100
|move|p1a: Ursaluna|Headlong Rush|p2a: Ceruledge
|-supereffective|p2a: Ceruledge
|-enditem|p2a: Ceruledge|Focus Sash
|-damage|p2a: Ceruledge|1/100
|-unboost|p1a: Ursaluna|def|1
|-unboost|p1a: Ursaluna|spd|1
|-ability|p2a: Ceruledge|Weak Armor|boost
|-unboost|p2a: Ceruledge|def|1
|-boost|p2a: Ceruledge|spe|2
|
|-weather|Snowscape|[upkeep]
|-damage|p1a: Ursaluna|94/100 brn|[from] brn
|upkeep
|turn|7
|j| SDK04
|c| karuaan|had lando over garg before
|inactive|dvwg4dvwrwg4gs has 120 seconds left.
|j| don alegre
|
|t:|1760411966
|switch|p1a: Garganacl|Garganacl, F|100/100
|move|p2a: Ceruledge|Bitter Blade|p1a: Garganacl
|-resisted|p1a: Garganacl
|-damage|p1a: Garganacl|84/100
|-heal|p2a: Ceruledge|10/100|[from] drain|[of] p1a: Garganacl
|
|-weather|Snowscape|[upkeep]
|-heal|p1a: Garganacl|90/100|[from] item: Leftovers
|upkeep
|turn|8
|c| karuaan|offensive rocks lando
|j| mowmowpow
|inactive|dvwg4dvwrwg4gs has 120 seconds left.
|l| don alegre
|
|t:|1760411980
|move|p2a: Ceruledge|Poltergeist|p1a: Garganacl
|-activate|p1a: Garganacl|move: Poltergeist|Leftovers
|-damage|p1a: Garganacl|71/100
|move|p1a: Garganacl|Salt Cure|p2a: Ceruledge
|-supereffective|p2a: Ceruledge
|-damage|p2a: Ceruledge|0 fnt
|faint|p2a: Ceruledge
|
|-weather|Snowscape|[upkeep]
|-heal|p1a: Garganacl|77/100|[from] item: Leftovers
|upkeep
|inactive|dvwg4dvwrwg4gs has 120 seconds left.
|j| kyrie sauce
|l| Rizzofreko
|inactive|dvwg4dvwrwg4gs has 90 seconds left.
|
|t:|1760412021
|switch|p2a: Ninetales|Ninetales, M|89/100
|-weather|SunnyDay|[from] ability: Drought|[of] p2a: Ninetales
|turn|9
|inactive|dvwg4dvwrwg4gs has 90 seconds left.
|l| kyrie sauce
|j| Rizzofreko
|j| aquiIo «»
|
|t:|1760412031
|switch|p2a: Great Tusk|Great Tusk|74/100
|-activate|p2a: Great Tusk|ability: Protosynthesis
|-start|p2a: Great Tusk|protosynthesisatk
|move|p1a: Garganacl|Stealth Rock|p2a: Great Tusk
|-sidestart|p2: dvwg4dvwrwg4gs|move: Stealth Rock
|
|-weather|SunnyDay|[upkeep]
|-heal|p1a: Garganacl|83/100|[from] item: Leftovers
|upkeep
|turn|10
|inactive|dvwg4dvwrwg4gs has 90 seconds left.
|
|t:|1760412039
|switch|p1a: Moltres|Moltres|100/100
|move|p2a: Great Tusk|Rapid Spin|p1a: Moltres
|-damage|p1a: Moltres|82/100
|-boost|p2a: Great Tusk|spe|1
|-sideend|p2: dvwg4dvwrwg4gs|Stealth Rock|[from] move: Rapid Spin|[of] p2a: Great Tusk
|
|-weather|SunnyDay|[upkeep]
|upkeep
|turn|11
|n| aquiIo|aquiio
|inactive|dvwg4dvwrwg4gs has 90 seconds left.
|c| aquiIo|wait omari ts is fire
|j| Joao v9898
|c|☆omari p|this is not my playstyle lol
|c| karuaan|thank you lol
|
|t:|1760412068
|-end|p2a: Great Tusk|Protosynthesis|[silent]
|switch|p2a: Raging Bolt|Raging Bolt|100/100
|-activate|p2a: Raging Bolt|ability: Protosynthesis
|-start|p2a: Raging Bolt|protosynthesisspa
|move|p1a: Moltres|Will-O-Wisp|p2a: Raging Bolt|[miss]
|-miss|p1a: Moltres|p2a: Raging Bolt
|
|-weather|SunnyDay|[upkeep]
|upkeep
|turn|12
|c| AbrarS|it is indeed a fire fype
|c| karuaan|its my build
|c| karuaan|its more a rough draft
|
|t:|1760412082
|switch|p1a: Slowking|Slowking-Galar, F|100/100 brn
|move|p2a: Raging Bolt|Dragon Pulse|p1a: Slowking
|-damage|p1a: Slowking|49/100 brn
|-damage|p2a: Raging Bolt|91/100|[from] item: Life Orb
|
|-weather|SunnyDay|[upkeep]
|-damage|p1a: Slowking|42/100 brn|[from] brn
|upkeep
|turn|13
|c| aquiIo|hazards going up makes u cry a lil i will say
|
|t:|1760412100
|switch|p1a: Garganacl|Garganacl, F|83/100
|move|p2a: Raging Bolt|Weather Ball|p1a: Garganacl
|-resisted|p1a: Garganacl
|-damage|p1a: Garganacl|50/100
|-damage|p2a: Raging Bolt|81/100|[from] item: Life Orb
|
|-weather|SunnyDay|[upkeep]
|-heal|p1a: Garganacl|56/100|[from] item: Leftovers
|upkeep
|turn|14
|
|t:|1760412110
|switch|p1a: Ursaluna|Ursaluna, F|94/100 brn
|move|p2a: Raging Bolt|Solar Beam||[still]
|-prepare|p2a: Raging Bolt|Solar Beam
|-anim|p2a: Raging Bolt|Solar Beam|p1a: Ursaluna
|-supereffective|p1a: Ursaluna
|-damage|p1a: Ursaluna|0 fnt
|faint|p1a: Ursaluna
|-damage|p2a: Raging Bolt|71/100|[from] item: Life Orb
|
|-weather|SunnyDay|[upkeep]
|upkeep
|j| c0ldsn0w
|
|t:|1760412118
|switch|p1a: Slowking|Slowking-Galar, F|76/100 brn
|turn|15
|
|t:|1760412123
|move|p2a: Raging Bolt|Weather Ball|p1a: Slowking
|-damage|p1a: Slowking|22/100 brn
|-damage|p2a: Raging Bolt|61/100|[from] item: Life Orb
|move|p1a: Slowking|Ice Beam|p2a: Raging Bolt
|-supereffective|p2a: Raging Bolt
|-damage|p2a: Raging Bolt|16/100
|
|-weather|SunnyDay|[upkeep]
|-damage|p1a: Slowking|16/100 brn|[from] brn
|upkeep
|turn|16
|c| karuaan|ya i kinda put a few mons together and was going to improve it through testing
|inactive|dvwg4dvwrwg4gs has 90 seconds left.
|
|t:|1760412138
|switch|p1a: Garganacl|Garganacl, F|56/100
|move|p2a: Raging Bolt|Solar Beam||[still]
|-prepare|p2a: Raging Bolt|Solar Beam
|-anim|p2a: Raging Bolt|Solar Beam|p1a: Garganacl
|-supereffective|p1a: Garganacl
|-damage|p1a: Garganacl|0 fnt
|faint|p1a: Garganacl
|-damage|p2a: Raging Bolt|6/100|[from] item: Life Orb
|
|-weather|none
|-end|p2a: Raging Bolt|Protosynthesis
|upkeep
|
|t:|1760412143
|switch|p1a: Slowking|Slowking-Galar, F|49/100 brn
|turn|17
|c| aquiIo|first 4 guys are tuff i think last two might be lacking in some departments tho
|inactive|dvwg4dvwrwg4gs has 90 seconds left.
|c| AbrarS|Motlres was free there
|
|t:|1760412152
|switch|p1a: Rillaboom|Rillaboom, M|100/100
|-fieldstart|move: Grassy Terrain|[from] ability: Grassy Surge|[of] p1a: Rillaboom
|move|p2a: Raging Bolt|Dragon Pulse|p1a: Rillaboom
|-damage|p1a: Rillaboom|14/100
|-damage|p2a: Raging Bolt|0 fnt|[from] item: Life Orb
|faint|p2a: Raging Bolt
|-end|p2a: Raging Bolt|Protosynthesis|[silent]
|
|-heal|p1a: Rillaboom|20/100|[from] Grassy Terrain
|upkeep
|inactive|dvwg4dvwrwg4gs has 90 seconds left.
|j| FaronAan
|c|☆omari p|he never thunder bolted once
|c|☆omari p|despite it being free
|c| AbrarS|Hes clap last
|c| fulls|bolt on sun doesn't run tbolt
|
|t:|1760412186
|switch|p2a: Ninetales|Ninetales, M|89/100
|-weather|SunnyDay|[from] ability: Drought|[of] p2a: Ninetales
|turn|18
|c|☆omari p|that is not my experience
|c| karuaan|so my core was the first 4
|c| Rizzofreko|Lol
|c|☆omari p|lmao
|c|☆omari p|my bad
|c| karuaan|was testing last 2
|
|t:|1760412196
|switch|p1a: Primarina|Primarina, M|100/100
|move|p2a: Ninetales|Overheat|p1a: Primarina
|-resisted|p1a: Primarina
|-damage|p1a: Primarina|76/100
|-unboost|p2a: Ninetales|spa|2
|
|-weather|SunnyDay|[upkeep]
|-heal|p2a: Ninetales|95/100|[from] Grassy Terrain
|-heal|p1a: Primarina|82/100|[from] Grassy Terrain
|upkeep
|turn|19
|c| Rizzofreko|A
|c| Rizzofreko|L
|c| karuaan|rilla moltres prima and luna
|inactive|dvwg4dvwrwg4gs has 60 seconds left.
|c|☆omari p|rilla motres prima is something id play with
|
|t:|1760412228
|move|p2a: Ninetales|Will-O-Wisp|p1a: Primarina
|-status|p1a: Primarina|brn
|move|p1a: Primarina|Moonblast|p2a: Ninetales
|-resisted|p2a: Ninetales
|-damage|p2a: Ninetales|65/100
|
|-weather|SunnyDay|[upkeep]
|-heal|p2a: Ninetales|72/100|[from] Grassy Terrain
|-heal|p1a: Primarina|89/100 brn|[from] Grassy Terrain
|-damage|p1a: Primarina|82/100 brn|[from] brn
|upkeep
|turn|20
|c| OP Earthquakes|dvwg4dvwrwg4gs wondering why got 16 players spectating I bet
|c| karuaan|lol
|c|☆omari p|wilo-ing a primarina is insnae
|c|☆omari p|wtf do u think im gonna od
|inactive|dvwg4dvwrwg4gs has 30 seconds left.
|inactive|dvwg4dvwrwg4gs has 20 seconds left.
|
|t:|1760412269
|switch|p2a: Great Tusk|Great Tusk|74/100
|-activate|p2a: Great Tusk|ability: Protosynthesis
|-start|p2a: Great Tusk|protosynthesisatk
|move|p1a: Primarina|Moonblast|p2a: Great Tusk
|-supereffective|p2a: Great Tusk
|-damage|p2a: Great Tusk|0 fnt
|faint|p2a: Great Tusk
|-end|p2a: Great Tusk|Protosynthesis|[silent]
|
|-weather|SunnyDay|[upkeep]
|-heal|p1a: Primarina|89/100 brn|[from] Grassy Terrain
|-damage|p1a: Primarina|82/100 brn|[from] brn
|upkeep
|inactive|dvwg4dvwrwg4gs has 25 seconds left this turn.
|inactive|dvwg4dvwrwg4gs has 20 seconds left.
|inactive|dvwg4dvwrwg4gs has 15 seconds left.
|inactive|dvwg4dvwrwg4gs has 10 seconds left.
|c| aquiIo|prim is such a silly mon
|
|t:|1760412287
|switch|p2a: Kingambit|Kingambit, M|100/100
|-activate|p2a: Kingambit|ability: Supreme Overlord
|-start|p2a: Kingambit|fallen3|[silent]
|turn|21
|inactive|dvwg4dvwrwg4gs has 20 seconds left this turn.
|c| AbrarS|Gambito coming out
|inactive|dvwg4dvwrwg4gs has 15 seconds left.
|
|t:|1760412295
|switch|p1a: Moltres|Moltres|82/100
|move|p2a: Kingambit|Iron Head|p1a: Moltres
|-resisted|p1a: Moltres
|-damage|p1a: Moltres|63/100
|
|-weather|SunnyDay|[upkeep]
|-fieldend|move: Grassy Terrain
|upkeep
|turn|22
|inactive|dvwg4dvwrwg4gs has 25 seconds left this turn.
|inactive|dvwg4dvwrwg4gs has 20 seconds left.
|inactive|dvwg4dvwrwg4gs has 15 seconds left.
|c| karuaan|not getting those burns
|
|t:|1760412306
|-end|p2a: Kingambit|fallen3|[silent]
|switch|p2a: Walking Wake|Walking Wake|100/100
|-activate|p2a: Walking Wake|ability: Protosynthesis
|-start|p2a: Walking Wake|protosynthesisspe
|move|p1a: Moltres|U-turn|p2a: Walking Wake
|-damage|p2a: Walking Wake|85/100
|c| karuaan|at all
|c| aquiIo|wait lowk why is gambit like the one prim answer in existence
|
|t:|1760412309
|switch|p1a: Rillaboom|Rillaboom, M|20/100|[from] U-turn
|-fieldstart|move: Grassy Terrain|[from] ability: Grassy Surge|[of] p1a: Rillaboom
|
|-weather|SunnyDay|[upkeep]
|-heal|p2a: Walking Wake|91/100|[from] Grassy Terrain
|-heal|p1a: Rillaboom|27/100|[from] Grassy Terrain
|upkeep
|turn|23
|inactive|dvwg4dvwrwg4gs has 30 seconds left this turn.
|c| AbrarS|Freest wake
|j| doan1923
|inactive|dvwg4dvwrwg4gs has 20 seconds left.
|c| aquiIo|what if u just ran fightblast prima
|
|t:|1760412323
|-terastallize|p1a: Rillaboom|Grass
|move|p1a: Rillaboom|Grassy Glide|p2a: Walking Wake
|-damage|p2a: Walking Wake|0 fnt
|faint|p2a: Walking Wake
|-end|p2a: Walking Wake|Protosynthesis|[silent]
|
|-weather|SunnyDay|[upkeep]
|-heal|p1a: Rillaboom|33/100|[from] Grassy Terrain
|upkeep
|inactive|dvwg4dvwrwg4gs has 25 seconds left this turn.
|inactive|dvwg4dvwrwg4gs has 20 seconds left.
|inactive|dvwg4dvwrwg4gs has 15 seconds left.
|inactive|dvwg4dvwrwg4gs has 10 seconds left.
|
|t:|1760412338
|switch|p2a: Ninetales|Ninetales, M|72/100
|turn|24
|inactive|dvwg4dvwrwg4gs has 20 seconds left this turn.
|
|t:|1760412343
|switch|p1a: Slowking|Slowking-Galar, F|82/100 brn
|move|p2a: Ninetales|Overheat|p1a: Slowking
|-damage|p1a: Slowking|39/100 brn
|-unboost|p2a: Ninetales|spa|2
|
|-weather|SunnyDay|[upkeep]
|-heal|p2a: Ninetales|78/100|[from] Grassy Terrain
|-heal|p1a: Slowking|46/100 brn|[from] Grassy Terrain
|-damage|p1a: Slowking|39/100 brn|[from] brn
|upkeep
|turn|25
|inactive|dvwg4dvwrwg4gs has 30 seconds left this turn.
|
|t:|1760412353
|move|p2a: Ninetales|Overheat|p1a: Slowking
|-damage|p1a: Slowking|18/100 brn
|-unboost|p2a: Ninetales|spa|2
|-prepare|p1a: Slowking|Chilly Reception|[premajor]
|move|p1a: Slowking|Chilly Reception|p1a: Slowking
|-weather|Snowscape
|c| karuaan|does glowking wall prima too
|
|t:|1760412356
|switch|p1a: Moltres|Moltres|63/100|[from] Chilly Reception
|
|-weather|Snowscape|[upkeep]
|-heal|p2a: Ninetales|84/100|[from] Grassy Terrain
|upkeep
|turn|26
|c| karuaan|*doesnt
|
|t:|1760412364
|move|p2a: Ninetales|Overheat|p1a: Moltres
|-resisted|p1a: Moltres
|-damage|p1a: Moltres|54/100
|-unboost|p2a: Ninetales|spa|2
|move|p1a: Moltres|Roost|p1a: Moltres
|-heal|p1a: Moltres|100/100
|-singleturn|p1a: Moltres|move: Roost
|
|-weather|Snowscape|[upkeep]
|-heal|p2a: Ninetales|90/100|[from] Grassy Terrain
|-fieldend|move: Grassy Terrain
|upkeep
|turn|27
|c| aquiIo|groundblast prim, even
|
|t:|1760412374
|move|p2a: Ninetales|Encore|p1a: Moltres
|-start|p1a: Moltres|Encore
|move|p1a: Moltres|Roost||[still]
|-fail|p1a: Moltres|heal
|
|-weather|Snowscape|[upkeep]
|upkeep
|turn|28
|
|t:|1760412385
|switch|p2a: Kingambit|Kingambit, M|100/100
|-activate|p2a: Kingambit|ability: Supreme Overlord
|-start|p2a: Kingambit|fallen4|[silent]
|switch|p1a: Rillaboom|Rillaboom, M, tera:Grass|33/100
|-fieldstart|move: Grassy Terrain|[from] ability: Grassy Surge|[of] p1a: Rillaboom
|
|-weather|Snowscape|[upkeep]
|-heal|p1a: Rillaboom|39/100|[from] Grassy Terrain
|upkeep
|turn|29
|c| karuaan|i like groundblast prima
|
|t:|1760412400
|move|p1a: Rillaboom|U-turn|p2a: Kingambit
|-damage|p2a: Kingambit|70/100
|
|t:|1760412402
|switch|p1a: Moltres|Moltres|100/100|[from] U-turn
|move|p2a: Kingambit|Swords Dance|p2a: Kingambit
|-boost|p2a: Kingambit|atk|2
|
|-weather|none
|-heal|p2a: Kingambit|76/100|[from] Grassy Terrain
|-heal|p2a: Kingambit|83/100|[from] item: Leftovers
|upkeep
|turn|30
|c| karuaan|beats rbolt too
|c| AbrarS|Game time
|inactive|dvwg4dvwrwg4gs has 30 seconds left.
|
|t:|1760412428
|move|p2a: Kingambit|Sucker Punch||[still]
|-fail|p2a: Kingambit
|move|p1a: Moltres|Will-O-Wisp|p2a: Kingambit|[miss]
|-miss|p1a: Moltres|p2a: Kingambit
|
|-heal|p2a: Kingambit|89/100|[from] Grassy Terrain
|-heal|p2a: Kingambit|95/100|[from] item: Leftovers
|upkeep
|turn|31
|c| Joao v9898|tera
|inactive|dvwg4dvwrwg4gs has 30 seconds left.
|c| AbrarS|damn dude
|
|t:|1760412436
|-end|p2a: Kingambit|fallen4|[silent]
|switch|p2a: Ninetales|Ninetales, M|90/100
|-weather|SunnyDay|[from] ability: Drought|[of] p2a: Ninetales
|move|p1a: Moltres|Will-O-Wisp|p2a: Ninetales
|-immune|p2a: Ninetales
|
|-weather|SunnyDay|[upkeep]
|-heal|p2a: Ninetales|96/100|[from] Grassy Terrain
|upkeep
|turn|32
|c| Stall Ambassador|bad miss
|
|t:|1760412446
|switch|p1a: Slowking|Slowking-Galar, F|51/100 brn
|move|p2a: Ninetales|Encore||[still]
|-fail|p2a: Ninetales
|
|-weather|SunnyDay|[upkeep]
|-heal|p2a: Ninetales|100/100|[from] Grassy Terrain
|-heal|p1a: Slowking|57/100 brn|[from] Grassy Terrain
|-damage|p1a: Slowking|51/100 brn|[from] brn
|-fieldend|move: Grassy Terrain
|upkeep
|turn|33
|l| Rizzofreko
|c| Joao v9898|wtf, bro
|c| AbrarS|This moltres couldnt burn anything with a stove
|
|t:|1760412454
|move|p2a: Ninetales|Overheat|p1a: Slowking
|-damage|p1a: Slowking|9/100 brn
|-unboost|p2a: Ninetales|spa|2
|-prepare|p1a: Slowking|Chilly Reception|[premajor]
|move|p1a: Slowking|Chilly Reception|p1a: Slowking
|-weather|Snowscape
|
|t:|1760412459
|switch|p1a: Primarina|Primarina, M|82/100 brn|[from] Chilly Reception
|
|-weather|Snowscape|[upkeep]
|-damage|p1a: Primarina|76/100 brn|[from] brn
|upkeep
|turn|34
|
|t:|1760412472
|move|p2a: Ninetales|Overheat|p1a: Primarina
|-resisted|p1a: Primarina
|-damage|p1a: Primarina|68/100 brn
|-unboost|p2a: Ninetales|spa|2
|move|p1a: Primarina|Surf|p2a: Ninetales
|-supereffective|p2a: Ninetales
|-damage|p2a: Ninetales|0 fnt
|faint|p2a: Ninetales
|
|-weather|Snowscape|[upkeep]
|-damage|p1a: Primarina|62/100 brn|[from] brn
|upkeep
|
|t:|1760412482
|switch|p2a: Kingambit|Kingambit, M|95/100
|-activate|p2a: Kingambit|ability: Supreme Overlord
|-start|p2a: Kingambit|fallen5|[silent]
|turn|35
|c|☆omari p|karuaan obviously
|c| AbrarS|Missed wisp twice and didnt proc flame body once
|c|☆omari p|i use these 3 mons
|j| wgw2333
|c|☆omari p|other htan the king
|
|t:|1760412499
|move|p1a: Primarina|Surf|p2a: Kingambit
|-damage|p2a: Kingambit|43/100
|move|p2a: Kingambit|Swords Dance|p2a: Kingambit
|-boost|p2a: Kingambit|atk|2
|
|-weather|Snowscape|[upkeep]
|-heal|p2a: Kingambit|49/100|[from] item: Leftovers
|-damage|p1a: Primarina|56/100 brn|[from] brn
|upkeep
|turn|36
|
|t:|1760412508
|move|p2a: Kingambit|Sucker Punch|p1a: Primarina
|-resisted|p1a: Primarina
|-crit|p1a: Primarina
|-damage|p1a: Primarina|0 fnt
|faint|p1a: Primarina
|
|-weather|Snowscape|[upkeep]
|-heal|p2a: Kingambit|55/100|[from] item: Leftovers
|upkeep
|
|t:|1760412510
|switch|p1a: Moltres|Moltres|100/100
|turn|37
|c| AbrarS|Crit mattered
|inactive|dvwg4dvwrwg4gs has 60 seconds left.
|c| karuaan|ya was testing glowking and garg
|c| Offset Product|reveal tera fire rn
|c| karuaan|i think those 2 make team too passive
|c| Stall Ambassador|there should be more then one gambit check
|c|☆omari p|u can use one
|c|☆omari p|but not th eother
|c| AbrarS|5050
|c| karuaan|i think glowking might be better
|l| c0ldsn0w
|inactive|dvwg4dvwrwg4gs has 30 seconds left.
|
|t:|1760412559
|-terastallize|p2a: Kingambit|Flying
|move|p1a: Moltres|Will-O-Wisp|p2a: Kingambit
|-status|p2a: Kingambit|brn
|move|p2a: Kingambit|Kowtow Cleave|p1a: Moltres
|-damage|p1a: Moltres|45/100
|
|-weather|none
|-heal|p2a: Kingambit|62/100 brn|[from] item: Leftovers
|-damage|p2a: Kingambit|55/100 brn|[from] brn
|upkeep
|turn|38
|c| karuaan|and change garg to like offensive tusk
|inactive|dvwg4dvwrwg4gs has 30 seconds left.
|
|t:|1760412571
|move|p1a: Moltres|Roost|p1a: Moltres
|-heal|p1a: Moltres|95/100
|-singleturn|p1a: Moltres|move: Roost
|move|p2a: Kingambit|Kowtow Cleave|p1a: Moltres
|-damage|p1a: Moltres|42/100
|
|-heal|p2a: Kingambit|62/100 brn|[from] item: Leftovers
|-damage|p2a: Kingambit|55/100 brn|[from] brn
|upkeep
|turn|39
|c| karuaan|cutch moltres
|c| AbrarS|gg
|inactive|dvwg4dvwrwg4gs has 30 seconds left.
|
|t:|1760412583
|move|p1a: Moltres|Roost|p1a: Moltres
|-heal|p1a: Moltres|92/100
|-singleturn|p1a: Moltres|move: Roost
|move|p2a: Kingambit|Kowtow Cleave|p1a: Moltres
|-damage|p1a: Moltres|38/100
|
|-heal|p2a: Kingambit|62/100 brn|[from] item: Leftovers
|-damage|p2a: Kingambit|55/100 brn|[from] brn
|upkeep
|turn|40
|inactive|dvwg4dvwrwg4gs has 30 seconds left.
|
|t:|1760412596
|move|p1a: Moltres|Flamethrower|p2a: Kingambit
|-damage|p2a: Kingambit|20/100 brn
|move|p2a: Kingambit|Kowtow Cleave|p1a: Moltres
|-damage|p1a: Moltres|0 fnt
|faint|p1a: Moltres
|
|-heal|p2a: Kingambit|26/100 brn|[from] item: Leftovers
|-damage|p2a: Kingambit|20/100 brn|[from] brn
|upkeep
|
|t:|1760412604
|switch|p1a: Rillaboom|Rillaboom, M, tera:Grass|39/100
|-fieldstart|move: Grassy Terrain|[from] ability: Grassy Surge|[of] p1a: Rillaboom
|turn|41
|inactive|dvwg4dvwrwg4gs has 30 seconds left.
|l| Stall Ambassador
|c| SDK04|Grassy Glide then GG
|c|☆omari p|u know what woudl be really good here actualy
|
|t:|1760412622
|move|p1a: Rillaboom|Grassy Glide|p2a: Kingambit
|-resisted|p2a: Kingambit
|-damage|p2a: Kingambit|0 fnt
|faint|p2a: Kingambit
|-end|p2a: Kingambit|fallen5|[silent]
|
|win|omari p
|raw|omari p's rating: 1776 &rarr; <strong>1796</strong><br />(+20 for winning)
|raw|dvwg4dvwrwg4gs's rating: 1782 &rarr; <strong>1762</strong><br />(-20 for losing)
|c|☆omari p|other than moltres
|c|☆omari p|mandibuzz
|l| AbrarS
|l| OP Earthquakes
|l| mowmowpow
|c| SDK04|Ofc you think that
|c| karuaan|omari originally had heatran
|c| karuaan|iver moltres
|c| karuaan|*over
|c|☆omari p|ah i se
|c|☆omari p|lets try one more game
|l|☆omari p
|player|p1|
|c| karuaan|i like moltres more
|l| karuaan
|l| fulls
|l| Offset Product
|l| Joao v9898
|l| SDK04
