|j|☆V_run658
|j|☆imprisonpaulgeorge
|t:|1760455045
|gametype|singles
|player|p1|V_run658|hugh|1460
|player|p2|imprisonpaulgeorge|265|1516
|gen|9
|tier|[Gen 9] OU
|rated|
|rule|HP Percentage Mod: HP is shown in percentages
|rule|Endless Battle Clause: Forcing endless battles is banned
|rule|Species Clause: Limit one of each Pokémon
|rule|OHKO Clause: OHKO moves are banned
|rule|Evasion Items Clause: Evasion items are banned
|rule|Evasion Moves Clause: Evasion moves are banned
|rule|Evasion Abilities Clause: Evasion abilities are banned
|rule|Sleep Moves Clause: Sleep-inducing moves are banned
|clearpoke
|poke|p1|Greninja-*, M|
|poke|p1|Slowking-Galar, M|
|poke|p1|Conkeldurr, M|
|poke|p1|Garchomp, F|
|poke|p1|Rillaboom, M|
|poke|p1|Skeledirge, M|
|poke|p2|Garchomp, M|
|poke|p2|Slowking-Galar, F|
|poke|p2|Gholdengo|
|poke|p2|Moltres|
|poke|p2|Iron Valiant|
|poke|p2|Kingambit, F|
|teampreview
|inactive|Battle timer is ON: inactive players will automatically lose when time's up. (requested by imprisonpaulgeorge)
|
|t:|1760455073
|teamsize|p1|6
|teamsize|p2|6
|start
|switch|p1a: Garchomp|Garchomp, F|100/100
|switch|p2a: Iron Valiant|Iron Valiant|100/100
|turn|1
|
|t:|1760455077
|-terastallize|p1a: Garchomp|Fire
|move|p2a: Iron Valiant|Moonblast|p1a: Garchomp
|-resisted|p1a: Garchomp
|-damage|p1a: Garchomp|81/100
|move|p1a: Garchomp|Iron Head|p2a: Iron Valiant
|-supereffective|p2a: Iron Valiant
|-damage|p2a: Iron Valiant|22/100
|
|upkeep
|turn|2
|
|t:|1760455082
|-end|p2a: Iron Valiant|Quark Drive|[silent]
|switch|p2a: Garchomp|Garchomp, M|100/100
|move|p1a: Garchomp|Earthquake|p2a: Garchomp
|-damage|p2a: Garchomp|67/100
|
|upkeep
|turn|3
|
|t:|1760455092
|-terastallize|p2a: Garchomp|Steel
|move|p1a: Garchomp|Scale Shot|p2a: Garchomp
|-resisted|p2a: Garchomp
|-damage|p2a: Garchomp|63/100
|-resisted|p2a: Garchomp
|-damage|p2a: Garchomp|59/100
|-resisted|p2a: Garchomp
|-damage|p2a: Garchomp|55/100
|-resisted|p2a: Garchomp
|-damage|p2a: Garchomp|50/100
|-resisted|p2a: Garchomp
|-damage|p2a: Garchomp|47/100
|-hitcount|p2a: Garchomp|5
|-unboost|p1a: Garchomp|def|1
|-boost|p1a: Garchomp|spe|1
|move|p2a: Garchomp|Earthquake|p1a: Garchomp
|-supereffective|p1a: Garchomp
|-damage|p1a: Garchomp|0 fnt
|faint|p1a: Garchomp
|
|upkeep
|
|t:|1760455095
|switch|p1a: Conkeldurr|Conkeldurr, M|100/100
|turn|4
|
|t:|1760455105
|switch|p2a: Slowking|Slowking-Galar, F|100/100
|move|p1a: Conkeldurr|Knock Off|p2a: Slowking
|-supereffective|p2a: Slowking
|-damage|p2a: Slowking|21/100
|-enditem|p2a: Slowking|Heavy-Duty Boots|[from] move: Knock Off|[of] p1a: Conkeldurr
|
|-status|p1a: Conkeldurr|brn|[from] item: Flame Orb
|upkeep
|turn|5
|inactive|imprisonpaulgeorge has 120 seconds left.
|
|t:|1760455142
|switch|p2a: Garchomp|Garchomp, M, tera:Steel|47/100
|move|p1a: Conkeldurr|Knock Off|p2a: Garchomp
|-damage|p2a: Garchomp|8/100
|-damage|p1a: Conkeldurr|88/100 brn|[from] ability: Rough Skin|[of] p2a: Garchomp
|-damage|p1a: Conkeldurr|71/100 brn|[from] item: Rocky Helmet|[of] p2a: Garchomp
|-enditem|p2a: Garchomp|Rocky Helmet|[from] move: Knock Off|[of] p1a: Conkeldurr
|
|-damage|p1a: Conkeldurr|65/100 brn|[from] brn
|upkeep
|turn|6
|
|t:|1760455146
|move|p1a: Conkeldurr|Mach Punch|p2a: Garchomp
|-supereffective|p2a: Garchomp
|-damage|p2a: Garchomp|0 fnt
|-damage|p1a: Conkeldurr|53/100 brn|[from] ability: Rough Skin|[of] p2a: Garchomp
|faint|p2a: Garchomp
|
|-damage|p1a: Conkeldurr|46/100 brn|[from] brn
|upkeep
|
|t:|1760455153
|switch|p2a: Gholdengo|Gholdengo|100/100
|turn|7
|
|t:|1760455162
|switch|p1a: Greninja|Greninja, M|100/100
|move|p2a: Gholdengo|Hex|p1a: Greninja
|-resisted|p1a: Greninja
|-damage|p1a: Greninja|77/100
|
|upkeep
|turn|8
|
|t:|1760455169
|switch|p2a: Kingambit|Kingambit, F|100/100
|-activate|p2a: Kingambit|ability: Supreme Overlord
|-start|p2a: Kingambit|fallen1|[silent]
|move|p1a: Greninja|Water Shuriken|p2a: Kingambit
|-damage|p2a: Kingambit|92/100
|-damage|p2a: Kingambit|85/100
|-damage|p2a: Kingambit|77/100
|-damage|p2a: Kingambit|69/100
|-hitcount|p2a: Kingambit|4
|
|-heal|p2a: Kingambit|75/100|[from] item: Leftovers
|upkeep
|turn|9
|
|t:|1760455177
|switch|p1a: Rillaboom|Rillaboom, M|100/100
|-fieldstart|move: Grassy Terrain|[from] ability: Grassy Surge|[of] p1a: Rillaboom
|move|p2a: Kingambit|Kowtow Cleave|p1a: Rillaboom
|-damage|p1a: Rillaboom|40/100
|
|-heal|p1a: Rillaboom|46/100|[from] Grassy Terrain
|-heal|p2a: Kingambit|81/100|[from] Grassy Terrain
|-heal|p2a: Kingambit|88/100|[from] item: Leftovers
|upkeep
|turn|10
|
|t:|1760455186
|-end|p2a: Kingambit|fallen1|[silent]
|switch|p2a: Moltres|Moltres|100/100
|move|p1a: Rillaboom|Drain Punch|p2a: Moltres
|-resisted|p2a: Moltres
|-damage|p2a: Moltres|82/100
|-heal|p1a: Rillaboom|56/100|[from] drain|[of] p2a: Moltres
|-status|p1a: Rillaboom|brn|[from] ability: Flame Body|[of] p2a: Moltres
|-damage|p1a: Rillaboom|46/100 brn|[from] item: Life Orb
|
|-heal|p1a: Rillaboom|52/100 brn|[from] Grassy Terrain
|-damage|p1a: Rillaboom|46/100 brn|[from] brn
|upkeep
|turn|11
|
|t:|1760455191
|switch|p1a: Slowking|Slowking-Galar, M|100/100
|move|p2a: Moltres|U-turn|p1a: Slowking
|-damage|p1a: Slowking|85/100
|
|t:|1760455197
|switch|p2a: Kingambit|Kingambit, F|88/100|[from] U-turn
|-activate|p2a: Kingambit|ability: Supreme Overlord
|-start|p2a: Kingambit|fallen1|[silent]
|
|-heal|p2a: Kingambit|94/100|[from] Grassy Terrain
|-heal|p2a: Kingambit|99/100|[from] item: Leftovers
|-heal|p1a: Slowking|91/100|[from] Grassy Terrain
|upkeep
|turn|12
|
|t:|1760455201
|move|p2a: Kingambit|Kowtow Cleave|p1a: Slowking
|-supereffective|p1a: Slowking
|-damage|p1a: Slowking|0 fnt
|faint|p1a: Slowking
|
|-heal|p2a: Kingambit|100/100|[from] Grassy Terrain
|upkeep
|
|t:|1760455204
|switch|p1a: Conkeldurr|Conkeldurr, M|46/100 brn
|turn|13
|inactive|imprisonpaulgeorge has 120 seconds left.
|
|t:|1760455242
|move|p2a: Kingambit|Iron Head|p1a: Conkeldurr
|-damage|p1a: Conkeldurr|2/100 brn
|move|p1a: Conkeldurr|Drain Punch|p2a: Kingambit
|-supereffective|p2a: Kingambit
|-damage|p2a: Kingambit|0 fnt
|-heal|p1a: Conkeldurr|46/100 brn|[from] drain|[of] p2a: Kingambit
|faint|p2a: Kingambit
|-end|p2a: Kingambit|fallen1|[silent]
|
|-heal|p1a: Conkeldurr|53/100 brn|[from] Grassy Terrain
|-damage|p1a: Conkeldurr|46/100 brn|[from] brn
|-fieldend|move: Grassy Terrain
|upkeep
|
|t:|1760455245
|switch|p2a: Gholdengo|Gholdengo|100/100
|turn|14
|
|t:|1760455249
|move|p2a: Gholdengo|Thunder Wave||[still]
|-fail|p2a: Gholdengo
|move|p1a: Conkeldurr|Knock Off|p2a: Gholdengo
|-supereffective|p2a: Gholdengo
|-damage|p2a: Gholdengo|14/100
|-enditem|p2a: Gholdengo|Heavy-Duty Boots|[from] move: Knock Off|[of] p1a: Conkeldurr
|
|-damage|p1a: Conkeldurr|40/100 brn|[from] brn
|upkeep
|turn|15
|
|t:|1760455254
|switch|p1a: Rillaboom|Rillaboom, M|46/100 brn
|-fieldstart|move: Grassy Terrain|[from] ability: Grassy Surge|[of] p1a: Rillaboom
|move|p2a: Gholdengo|Hex|p1a: Rillaboom
|-damage|p1a: Rillaboom|0 fnt
|faint|p1a: Rillaboom
|
|-heal|p2a: Gholdengo|20/100|[from] Grassy Terrain
|upkeep
|
|t:|1760455259
|switch|p1a: Greninja|Greninja, M|77/100
|turn|16
|inactive|imprisonpaulgeorge has 120 seconds left.
|
|t:|1760455289
|move|p1a: Greninja|Water Shuriken|p2a: Gholdengo
|-damage|p2a: Gholdengo|14/100
|-crit|p2a: Gholdengo
|-damage|p2a: Gholdengo|4/100
|-damage|p2a: Gholdengo|0 fnt
|faint|p2a: Gholdengo
|-ability|p1a: Greninja|Battle Bond|boost
|-boost|p1a: Greninja|atk|1
|-boost|p1a: Greninja|spa|1
|-boost|p1a: Greninja|spe|1
|-activate|p1a: Greninja|ability: Battle Bond
|-hitcount|p2: Gholdengo|3
|
|-heal|p1a: Greninja|83/100|[from] Grassy Terrain
|upkeep
|
|t:|1760455292
|switch|p2a: Slowking|Slowking-Galar, F|54/100
|turn|17
|
|t:|1760455295
|move|p1a: Greninja|Dark Pulse|p2a: Slowking
|-supereffective|p2a: Slowking
|-damage|p2a: Slowking|0 fnt
|faint|p2a: Slowking
|
|-heal|p1a: Greninja|89/100|[from] Grassy Terrain
|upkeep
|-message|imprisonpaulgeorge forfeited.
|
|win|V_run658
|raw|V_run658's rating: 1460 &rarr; <strong>1483</strong><br />(+23 for winning)
|raw|imprisonpaulgeorge's rating: 1516 &rarr; <strong>1493</strong><br />(-23 for losing)
|l|☆imprisonpaulgeorge
|player|p2|
