|j|☆Overgame00
|j|☆mateuscavalo
|t:|1760363725
|gametype|singles
|player|p1|Overgame00|baker|1470
|player|p2|mateuscavalo|101|1425
|gen|9
|tier|[Gen 9] OU
|rated|
|rule|HP Percentage Mod: HP is shown in percentages
|rule|Endless Battle Clause: Forcing endless battles is banned
|rule|Species Clause: Limit one of each Pokémon
|rule|OHKO Clause: OHKO moves are banned
|rule|Evasion Items Clause: Evasion items are banned
|rule|Evasion Moves Clause: Evasion moves are banned
|rule|Evasion Abilities Clause: Evasion abilities are banned
|rule|Sleep Moves Clause: Sleep-inducing moves are banned
|clearpoke
|poke|p1|Revavroom, F|
|poke|p1|Enamorus, F|
|poke|p1|Cinderace, F|
|poke|p1|Ting-Lu|
|poke|p1|Ogerpon-Wellspring, F|
|poke|p1|Raging Bolt|
|poke|p2|Landorus-Therian, M|
|poke|p2|Pecharunt|
|poke|p2|Ogerpon-Wellspring, F|
|poke|p2|Kingambit, F|
|poke|p2|Zamazenta-*|
|poke|p2|Blaziken, F|
|teampreview
|inactive|Battle timer is ON: inactive players will automatically lose when time's up. (requested by mateuscavalo)
|
|t:|1760363753
|teamsize|p1|6
|teamsize|p2|6
|start
|switch|p1a: Enamorus|Enamorus, F|100/100
|switch|p2a: Ogerpon|Ogerpon-Wellspring, F|100/100
|turn|1
|inactive|mateuscavalo has 120 seconds left.
|inactive|mateuscavalo has 90 seconds left.
|
|t:|1760363824
|move|p1a: Enamorus|Sludge Bomb|p2a: Ogerpon
|-supereffective|p2a: Ogerpon
|-damage|p2a: Ogerpon|28/100
|-status|p2a: Ogerpon|psn
|move|p2a: Ogerpon|U-turn|p1a: Enamorus
|-resisted|p1a: Enamorus
|-damage|p1a: Enamorus|89/100
|
|t:|1760363829
|switch|p2a: Pecharunt|Pecharunt|100/100|[from] U-turn
|
|upkeep
|turn|2
|
|t:|1760363835
|switch|p1a: Ting-Lu|Ting-Lu|100/100
|-ability|p1a: Ting-Lu|Vessel of Ruin
|move|p2a: Pecharunt|Parting Shot|p1a: Ting-Lu
|-unboost|p1a: Ting-Lu|atk|1
|-unboost|p1a: Ting-Lu|spa|1
|inactive|mateuscavalo has 90 seconds left.
|
|t:|1760363840
|switch|p2a: Ogerpon|Ogerpon-Wellspring, F|28/100 psn|[from] Parting Shot
|
|-damage|p2a: Ogerpon|16/100 psn|[from] psn
|upkeep
|turn|3
|
|t:|1760363853
|switch|p1a: Revavroom|Revavroom, F|100/100
|move|p2a: Ogerpon|Play Rough|p1a: Revavroom
|-resisted|p1a: Revavroom
|-damage|p1a: Revavroom|91/100
|
|-heal|p1a: Revavroom|97/100|[from] item: Leftovers
|-damage|p2a: Ogerpon|3/100 psn|[from] psn
|upkeep
|turn|4
|
|t:|1760363857
|switch|p1a: Ogerpon|Ogerpon-Wellspring, F|100/100
|move|p2a: Ogerpon|Ivy Cudgel|p1a: Ogerpon|[anim] Ivy Cudgel Water
|-immune|p1a: Ogerpon|[from] ability: Water Absorb
|
|-damage|p2a: Ogerpon|0 fnt|[from] psn
|faint|p2a: Ogerpon
|upkeep
|
|t:|1760363864
|switch|p2a: Pecharunt|Pecharunt|100/100
|turn|5
|
|t:|1760363869
|switch|p1a: Enamorus|Enamorus, F|89/100
|move|p2a: Pecharunt|Parting Shot|p1a: Enamorus
|-boost|p1a: Enamorus|atk|1
|-boost|p1a: Enamorus|spa|1
|
|t:|1760363885
|switch|p2a: Blaziken|Blaziken, F|100/100|[from] Parting Shot
|
|upkeep
|turn|6
|
|t:|1760363893
|move|p2a: Blaziken|Protect|p2a: Blaziken
|-singleturn|p2a: Blaziken|Protect
|move|p1a: Enamorus|Moonblast|p2a: Blaziken
|-activate|p2a: Blaziken|move: Protect
|
|-ability|p2a: Blaziken|Speed Boost|boost
|-boost|p2a: Blaziken|spe|1
|upkeep
|turn|7
|
|t:|1760363896
|switch|p2a: Pecharunt|Pecharunt|100/100
|move|p1a: Enamorus|Moonblast|p2a: Pecharunt
|-resisted|p2a: Pecharunt
|-damage|p2a: Pecharunt|60/100
|
|upkeep
|turn|8
|
|t:|1760363902
|switch|p1a: Revavroom|Revavroom, F|97/100
|move|p2a: Pecharunt|Recover|p2a: Pecharunt
|-heal|p2a: Pecharunt|100/100
|
|-heal|p1a: Revavroom|100/100|[from] item: Leftovers
|upkeep
|turn|9
|
|t:|1760363907
|switch|p1a: Enamorus|Enamorus, F|89/100
|move|p2a: Pecharunt|Parting Shot|p1a: Enamorus
|-boost|p1a: Enamorus|atk|1
|-boost|p1a: Enamorus|spa|1
|
|t:|1760363915
|switch|p2a: Kingambit|Kingambit, F|100/100|[from] Parting Shot
|-activate|p2a: Kingambit|ability: Supreme Overlord
|-start|p2a: Kingambit|fallen1|[silent]
|
|upkeep
|turn|10
|
|t:|1760363919
|-end|p2a: Kingambit|fallen1|[silent]
|switch|p2a: Landorus|Landorus-Therian, M|100/100
|-ability|p2a: Landorus|Intimidate|boost
|-boost|p1a: Enamorus|atk|1
|move|p1a: Enamorus|Earth Power|p2a: Landorus
|-immune|p2a: Landorus
|
|upkeep
|turn|11
|
|t:|1760363941
|switch|p1a: Ting-Lu|Ting-Lu|100/100
|-ability|p1a: Ting-Lu|Vessel of Ruin
|move|p2a: Landorus|Stealth Rock|p1a: Ting-Lu
|-sidestart|p1: Overgame00|move: Stealth Rock
|
|upkeep
|turn|12
|
|t:|1760363944
|move|p2a: Landorus|U-turn|p1a: Ting-Lu
|-supereffective|p1a: Ting-Lu
|-damage|p1a: Ting-Lu|80/100
|
|t:|1760363949
|switch|p2a: Zamazenta|Zamazenta|100/100|[from] U-turn
|-ability|p2a: Zamazenta|Dauntless Shield|boost
|-boost|p2a: Zamazenta|def|1
|move|p1a: Ting-Lu|Ruination|p2a: Zamazenta|[miss]
|-miss|p1a: Ting-Lu|p2a: Zamazenta
|
|-heal|p1a: Ting-Lu|86/100|[from] item: Leftovers
|upkeep
|turn|13
|
|t:|1760363953
|move|p2a: Zamazenta|Close Combat|p1a: Ting-Lu
|-supereffective|p1a: Ting-Lu
|-damage|p1a: Ting-Lu|29/100
|-unboost|p2a: Zamazenta|def|1
|-unboost|p2a: Zamazenta|spd|1
|move|p1a: Ting-Lu|Ruination|p2a: Zamazenta
|-damage|p2a: Zamazenta|51/100
|
|-heal|p1a: Ting-Lu|35/100|[from] item: Leftovers
|upkeep
|turn|14
|
|t:|1760363957
|move|p2a: Zamazenta|Close Combat|p1a: Ting-Lu
|-supereffective|p1a: Ting-Lu
|-damage|p1a: Ting-Lu|0 fnt
|-unboost|p2a: Zamazenta|def|1
|-unboost|p2a: Zamazenta|spd|1
|faint|p1a: Ting-Lu
|
|upkeep
|
|t:|1760363961
|switch|p1a: Enamorus|Enamorus, F|89/100
|-damage|p1a: Enamorus|65/100|[from] Stealth Rock
|turn|15
|
|t:|1760363964
|switch|p2a: Pecharunt|Pecharunt|100/100
|move|p1a: Enamorus|Moonblast|p2a: Pecharunt
|-resisted|p2a: Pecharunt
|-damage|p2a: Pecharunt|76/100
|-unboost|p2a: Pecharunt|spa|1
|
|upkeep
|turn|16
|
|t:|1760363968
|switch|p1a: Cinderace|Cinderace, F|100/100
|move|p2a: Pecharunt|Parting Shot|p1a: Cinderace
|-unboost|p1a: Cinderace|atk|1
|-unboost|p1a: Cinderace|spa|1
|
|t:|1760363971
|switch|p2a: Landorus|Landorus-Therian, M|100/100|[from] Parting Shot
|-ability|p2a: Landorus|Intimidate|boost
|-unboost|p1a: Cinderace|atk|1
|
|upkeep
|turn|17
|
|t:|1760363975
|move|p1a: Cinderace|Court Change|p1a: Cinderace
|-start|p1a: Cinderace|typechange|Normal|[from] ability: Libero
|-swapsideconditions
|-activate|p1a: Cinderace|move: Court Change
|move|p2a: Landorus|Earthquake|p1a: Cinderace
|-damage|p1a: Cinderace|40/100
|
|upkeep
|turn|18
|
|t:|1760363977
|move|p1a: Cinderace|U-turn|p2a: Landorus
|-resisted|p2a: Landorus
|-damage|p2a: Landorus|96/100
|-damage|p1a: Cinderace|24/100|[from] item: Rocky Helmet|[of] p2a: Landorus
|
|t:|1760363985
|switch|p1a: Enamorus|Enamorus, F|65/100|[from] U-turn
|move|p2a: Landorus|Stealth Rock|p1a: Enamorus
|-sidestart|p1: Overgame00|move: Stealth Rock
|
|upkeep
|turn|19
|
|t:|1760363990
|move|p1a: Enamorus|Moonblast|p2a: Landorus
|-damage|p2a: Landorus|43/100
|move|p2a: Landorus|Stone Edge|p1a: Enamorus
|-supereffective|p1a: Enamorus
|-damage|p1a: Enamorus|0 fnt
|faint|p1a: Enamorus
|
|upkeep
|
|t:|1760364003
|switch|p1a: Ogerpon|Ogerpon-Wellspring, F|100/100
|-damage|p1a: Ogerpon|88/100|[from] Stealth Rock
|turn|20
|
|t:|1760364009
|move|p1a: Ogerpon|Ivy Cudgel|p2a: Landorus|[anim] Ivy Cudgel Water
|-supereffective|p2a: Landorus
|-damage|p2a: Landorus|0 fnt
|faint|p2a: Landorus
|
|upkeep
|
|t:|1760364010
|switch|p2a: Pecharunt|Pecharunt|76/100
|turn|21
|inactive|Overgame00 has 120 seconds left.
|
|t:|1760364047
|move|p1a: Ogerpon|Swords Dance|p1a: Ogerpon
|-boost|p1a: Ogerpon|atk|2
|move|p2a: Pecharunt|Recover|p2a: Pecharunt
|-heal|p2a: Pecharunt|100/100
|
|upkeep
|turn|22
|inactive|Overgame00 has 120 seconds left.
|
|t:|1760364064
|-terastallize|p1a: Ogerpon|Water
|detailschange|p1a: Ogerpon|Ogerpon-Wellspring-Tera, F, tera:Water
|-ability|p1a: Ogerpon|Embody Aspect (Wellspring)|boost
|-boost|p1a: Ogerpon|spd|1
|move|p1a: Ogerpon|Ivy Cudgel|p2a: Pecharunt|[anim] Ivy Cudgel Water
|-damage|p2a: Pecharunt|6/100
|move|p2a: Pecharunt|Malignant Chain|p1a: Ogerpon
|-damage|p1a: Ogerpon|61/100
|
|upkeep
|turn|23
|inactive|Overgame00 has 120 seconds left.
|
|t:|1760364072
|move|p1a: Ogerpon|Ivy Cudgel|p2a: Pecharunt|[anim] Ivy Cudgel Water
|-damage|p2a: Pecharunt|0 fnt
|faint|p2a: Pecharunt
|
|upkeep
|
|t:|1760364076
|switch|p2a: Zamazenta|Zamazenta|51/100
|-damage|p2a: Zamazenta|45/100|[from] Stealth Rock
|turn|24
|
|t:|1760364080
|move|p2a: Zamazenta|Close Combat|p1a: Ogerpon
|-damage|p1a: Ogerpon|0 fnt
|-unboost|p2a: Zamazenta|def|1
|-unboost|p2a: Zamazenta|spd|1
|faint|p1a: Ogerpon
|detailschange|p1: Ogerpon|Ogerpon-Wellspring, F|[silent]
|
|upkeep
|
|t:|1760364091
|switch|p1a: Raging Bolt|Raging Bolt|100/100
|-damage|p1a: Raging Bolt|88/100|[from] Stealth Rock
|-enditem|p1a: Raging Bolt|Booster Energy
|-activate|p1a: Raging Bolt|ability: Protosynthesis|[fromitem]
|-start|p1a: Raging Bolt|protosynthesisspa
|turn|25
|
|t:|1760364096
|move|p1a: Raging Bolt|Thunderclap|p2a: Zamazenta
|-damage|p2a: Zamazenta|0 fnt
|faint|p2a: Zamazenta
|
|upkeep
|
|t:|1760364117
|switch|p2a: Kingambit|Kingambit, F|100/100
|-damage|p2a: Kingambit|94/100|[from] Stealth Rock
|-activate|p2a: Kingambit|ability: Supreme Overlord
|-start|p2a: Kingambit|fallen4|[silent]
|turn|26
|
|t:|1760364120
|move|p1a: Raging Bolt|Calm Mind|p1a: Raging Bolt
|-boost|p1a: Raging Bolt|spa|1
|-boost|p1a: Raging Bolt|spd|1
|move|p2a: Kingambit|Kowtow Cleave|p1a: Raging Bolt
|-damage|p1a: Raging Bolt|31/100
|
|-heal|p2a: Kingambit|100/100|[from] item: Leftovers
|upkeep
|turn|27
|
|t:|1760364127
|move|p1a: Raging Bolt|Thunderclap|p2a: Kingambit
|-damage|p2a: Kingambit|14/100
|move|p2a: Kingambit|Kowtow Cleave|p1a: Raging Bolt
|-damage|p1a: Raging Bolt|0 fnt
|faint|p1a: Raging Bolt
|-end|p1a: Raging Bolt|Protosynthesis|[silent]
|
|-heal|p2a: Kingambit|20/100|[from] item: Leftovers
|upkeep
|
|t:|1760364135
|switch|p1a: Cinderace|Cinderace, F|24/100
|turn|28
|
|t:|1760364140
|move|p1a: Cinderace|Sucker Punch|p2a: Kingambit
|-start|p1a: Cinderace|typechange|Dark|[from] ability: Libero
|-resisted|p2a: Kingambit
|-damage|p2a: Kingambit|8/100
|move|p2a: Kingambit|Kowtow Cleave|p1a: Cinderace
|-resisted|p1a: Cinderace
|-damage|p1a: Cinderace|0 fnt
|faint|p1a: Cinderace
|
|-heal|p2a: Kingambit|15/100|[from] item: Leftovers
|upkeep
|
|t:|1760364145
|switch|p1a: Revavroom|Revavroom, F|100/100
|-damage|p1a: Revavroom|95/100|[from] Stealth Rock
|turn|29
|
|t:|1760364150
|move|p1a: Revavroom|High Horsepower|p2a: Kingambit
|-supereffective|p2a: Kingambit
|-damage|p2a: Kingambit|0 fnt
|faint|p2a: Kingambit
|-end|p2a: Kingambit|fallen4|[silent]
|
|-heal|p1a: Revavroom|100/100|[from] item: Leftovers
|upkeep
|
|t:|1760364151
|switch|p2a: Blaziken|Blaziken, F|100/100
|-damage|p2a: Blaziken|88/100|[from] Stealth Rock
|turn|30
|
|t:|1760364155
|move|p2a: Blaziken|Protect|p2a: Blaziken
|-singleturn|p2a: Blaziken|Protect
|move|p1a: Revavroom|Shift Gear|p1a: Revavroom
|-boost|p1a: Revavroom|spe|2
|-boost|p1a: Revavroom|atk|1
|
|-ability|p2a: Blaziken|Speed Boost|boost
|-boost|p2a: Blaziken|spe|1
|upkeep
|turn|31
|
|t:|1760364168
|-terastallize|p2a: Blaziken|Fire
|move|p1a: Revavroom|Gunk Shot|p2a: Blaziken
|-crit|p2a: Blaziken
|-damage|p2a: Blaziken|0 fnt
|faint|p2a: Blaziken
|
|win|Overgame00
|raw|Overgame00's rating: 1470 &rarr; <strong>1487</strong><br />(+17 for winning)
|raw|mateuscavalo's rating: 1425 &rarr; <strong>1408</strong><br />(-17 for losing)
|l|☆mateuscavalo
|player|p2|
|l|☆Overgame00
|player|p1|
