|j|☆viridianbriar
|j|☆Rokan2
|t:|1760346200
|gametype|singles
|player|p1|viridianbriar|ghetsis|1111
|player|p2|Rokan2|169|1100
|gen|9
|tier|[Gen 9] OU
|rated|
|rule|HP Percentage Mod: HP is shown in percentages
|rule|Endless Battle Clause: Forcing endless battles is banned
|rule|Species Clause: Limit one of each Pokémon
|rule|OHKO Clause: OHKO moves are banned
|rule|Evasion Items Clause: Evasion items are banned
|rule|Evasion Moves Clause: Evasion moves are banned
|rule|Evasion Abilities Clause: Evasion abilities are banned
|rule|Sleep Moves Clause: Sleep-inducing moves are banned
|clearpoke
|poke|p1|Maushold-Four|
|poke|p1|Kingambit, M|
|poke|p1|Toxtricity, M|
|poke|p1|Rillaboom, M|
|poke|p1|Heatran, F|
|poke|p1|Blastoise, M|
|poke|p2|Dragalge, F|
|poke|p2|Great Tusk|
|poke|p2|Charjabug, M|
|poke|p2|Kingambit, F|
|poke|p2|Gholdengo|
|poke|p2|Clefable, M|
|teampreview
|inactive|Battle timer is ON: inactive players will automatically lose when time's up. (requested by viridianbriar)
|
|t:|1760346205
|teamsize|p1|6
|teamsize|p2|6
|start
|switch|p1a: Green|Rillaboom, M|100/100
|switch|p2a: Clefable|Clefable, M|100/100
|-fieldstart|move: Grassy Terrain|[from] ability: Grassy Surge|[of] p1a: Green
|turn|1
|
|t:|1760346224
|move|p1a: Green|Swords Dance|p1a: Green
|-boost|p1a: Green|atk|2
|move|p2a: Clefable|Stealth Rock|p1a: Green
|-sidestart|p1: viridianbriar|move: Stealth Rock
|
|upkeep
|turn|2
|
|t:|1760346231
|move|p1a: Green|Grassy Glide|p2a: Clefable
|-damage|p2a: Clefable|24/100
|move|p2a: Clefable|Moonblast|p1a: Green
|-damage|p1a: Green|67/100
|-unboost|p1a: Green|spa|1
|
|-heal|p1a: Green|73/100|[from] Grassy Terrain
|-heal|p1a: Green|79/100|[from] item: Leftovers
|-heal|p2a: Clefable|30/100|[from] Grassy Terrain
|-heal|p2a: Clefable|37/100|[from] item: Leftovers
|upkeep
|turn|3
|
|t:|1760346248
|move|p1a: Green|Grassy Glide|p2a: Clefable
|-damage|p2a: Clefable|0 fnt
|faint|p2a: Clefable
|
|-heal|p1a: Green|85/100|[from] Grassy Terrain
|-heal|p1a: Green|92/100|[from] item: Leftovers
|upkeep
|
|t:|1760346257
|switch|p2a: Dragalge|Dragalge, F|100/100
|turn|4
|
|t:|1760346267
|move|p1a: Green|Knock Off|p2a: Dragalge
|-damage|p2a: Dragalge|17/100
|-enditem|p2a: Dragalge|Choice Specs|[from] move: Knock Off|[of] p1a: Green
|move|p2a: Dragalge|Sludge Bomb|p1a: Green
|-supereffective|p1a: Green
|-damage|p1a: Green|0 fnt
|faint|p1a: Green
|
|-heal|p2a: Dragalge|23/100|[from] Grassy Terrain
|upkeep
|
|t:|1760346281
|switch|p1a: self harm|Blastoise, M|100/100
|-damage|p1a: self harm|88/100|[from] Stealth Rock
|turn|5
|
|t:|1760346287
|move|p1a: self harm|Shell Smash|p1a: self harm
|-unboost|p1a: self harm|def|1
|-unboost|p1a: self harm|spd|1
|-boost|p1a: self harm|atk|2
|-boost|p1a: self harm|spa|2
|-boost|p1a: self harm|spe|2
|-enditem|p1a: self harm|White Herb
|-clearnegativeboost|p1a: self harm|[silent]
|move|p2a: Dragalge|Sludge Bomb|p1a: self harm
|-damage|p1a: self harm|34/100
|-status|p1a: self harm|psn
|
|-heal|p1a: self harm|40/100 psn|[from] Grassy Terrain
|-heal|p2a: Dragalge|29/100|[from] Grassy Terrain
|-damage|p1a: self harm|28/100 psn|[from] psn
|-fieldend|move: Grassy Terrain
|upkeep
|turn|6
|
|t:|1760346305
|switch|p2a: Charjabug|Charjabug, M|100/100
|move|p1a: self harm|Ice Beam|p2a: Charjabug
|-damage|p2a: Charjabug|57/100
|
|-damage|p1a: self harm|15/100 psn|[from] psn
|upkeep
|turn|7
|
|t:|1760346319
|move|p1a: self harm|Hydro Pump|p2a: Charjabug
|-damage|p2a: Charjabug|0 fnt
|faint|p2a: Charjabug
|
|-damage|p1a: self harm|3/100 psn|[from] psn
|upkeep
|
|t:|1760346326
|switch|p2a: Gholdengo|Gholdengo|100/100
|-item|p2a: Gholdengo|Air Balloon
|turn|8
|
|t:|1760346337
|move|p1a: self harm|Hydro Pump|p2a: Gholdengo
|-damage|p2a: Gholdengo|0 fnt
|-enditem|p2a: Gholdengo|Air Balloon
|faint|p2a: Gholdengo
|
|-damage|p1a: self harm|0 fnt|[from] psn
|faint|p1a: self harm
|upkeep
|
|t:|1760346348
|switch|p2a: Dragalge|Dragalge, F|29/100
|switch|p1a: Mice|Maushold-Four|100/100
|-damage|p1a: Mice|88/100|[from] Stealth Rock
|turn|9
|
|t:|1760346360
|move|p1a: Mice|Tidy Up|p1a: Mice
|-sideend|p1: viridianbriar|Stealth Rock
|-activate|p1a: Mice|move: Tidy Up
|-boost|p1a: Mice|atk|1
|-boost|p1a: Mice|spe|1
|move|p2a: Dragalge|Focus Blast|p1a: Mice
|-supereffective|p1a: Mice
|-damage|p1a: Mice|0 fnt
|faint|p1a: Mice
|
|upkeep
|
|t:|1760346370
|switch|p1a: Pink|Toxtricity, M, shiny|100/100
|turn|10
|
|t:|1760346382
|move|p1a: Pink|Shift Gear|p1a: Pink
|-boost|p1a: Pink|spe|2
|-boost|p1a: Pink|atk|1
|move|p2a: Dragalge|Sludge Bomb|p1a: Pink
|-resisted|p1a: Pink
|-damage|p1a: Pink|67/100
|
|upkeep
|turn|11
|
|t:|1760346390
|move|p1a: Pink|Drain Punch|p2a: Dragalge
|-resisted|p2a: Dragalge
|-damage|p2a: Dragalge|15/100
|-heal|p1a: Pink|73/100|[from] drain|[of] p2a: Dragalge
|move|p2a: Dragalge|Draco Meteor|p1a: Pink
|-damage|p1a: Pink|0 fnt
|-unboost|p2a: Dragalge|spa|2
|faint|p1a: Pink
|
|upkeep
|-message|viridianbriar forfeited.
|
|win|Rokan2
|raw|viridianbriar's rating: 1111 &rarr; <strong>1085</strong><br />(-26 for losing)
|raw|Rokan2's rating: 1100 &rarr; <strong>1126</strong><br />(+26 for winning)
|l|☆viridianbriar
|player|p1|
|l|☆Rokan2
|player|p2|
