|j|☆xxxjkl
|j|☆sveinung12321
|t:|1760381867
|gametype|singles
|player|p1|xxxjkl|benga|1473
|player|p2|sveinung12321|265|1514
|gen|9
|tier|[Gen 9] OU
|rated|
|rule|HP Percentage Mod: HP is shown in percentages
|rule|Endless Battle Clause: Forcing endless battles is banned
|rule|Species Clause: Limit one of each Pokémon
|rule|OHKO Clause: OHKO moves are banned
|rule|Evasion Items Clause: Evasion items are banned
|rule|Evasion Moves Clause: Evasion moves are banned
|rule|Evasion Abilities Clause: Evasion abilities are banned
|rule|Sleep Moves Clause: Sleep-inducing moves are banned
|clearpoke
|poke|p1|Torkoal, M|
|poke|p1|Hatterene, F|
|poke|p1|Raging Bolt|
|poke|p1|Walking Wake|
|poke|p1|Sawsbuck, M|
|poke|p1|Ceruledge, F|
|poke|p2|Dragapult, M|
|poke|p2|Zamazenta-*|
|poke|p2|Azumarill, M|
|poke|p2|Corviknight, F|
|poke|p2|Landorus-Therian, M|
|poke|p2|Slowking-Galar, M|
|teampreview
|inactive|Battle timer is ON: inactive players will automatically lose when time's up. (requested by sveinung12321)
|inactive|xxxjkl also wants the timer to be on.
|
|t:|1760381890
|teamsize|p1|6
|teamsize|p2|6
|start
|switch|p1a: Torkoal|Torkoal, M|100/100
|switch|p2a: Dragapult|Dragapult, M|100/100
|-weather|SunnyDay|[from] ability: Drought|[of] p1a: Torkoal
|turn|1
|
|t:|1760381898
|move|p2a: Dragapult|Shadow Ball|p1a: Torkoal
|-damage|p1a: Torkoal|35/100
|move|p1a: Torkoal|Stealth Rock|p2a: Dragapult
|-sidestart|p2: sveinung12321|move: Stealth Rock
|
|-weather|SunnyDay|[upkeep]
|upkeep
|turn|2
|
|t:|1760381906
|switch|p2a: Landorus|Landorus-Therian, M|100/100
|-damage|p2a: Landorus|88/100|[from] Stealth Rock
|-ability|p2a: Landorus|Intimidate|boost
|-unboost|p1a: Torkoal|atk|1
|switch|p1a: Walking Wake|Walking Wake|100/100
|-activate|p1a: Walking Wake|ability: Protosynthesis
|-start|p1a: Walking Wake|protosynthesisspe
|
|-weather|SunnyDay|[upkeep]
|-heal|p2a: Landorus|94/100|[from] item: Leftovers
|upkeep
|turn|3
|
|t:|1760381910
|switch|p2a: Slowking|Slowking-Galar, M|100/100
|-damage|p2a: Slowking|88/100|[from] Stealth Rock
|move|p1a: Walking Wake|Hydro Steam|p2a: Slowking
|-damage|p2a: Slowking|51/100
|
|-weather|SunnyDay|[upkeep]
|-heal|p2a: Slowking|57/100|[from] item: Black Sludge
|upkeep
|turn|4
|
|t:|1760381919
|move|p1a: Walking Wake|Flip Turn|p2a: Slowking
|-damage|p2a: Slowking|49/100
|
|t:|1760381921
|-end|p1a: Walking Wake|Protosynthesis|[silent]
|switch|p1a: Ceruledge|Ceruledge, F|100/100|[from] Flip Turn
|-prepare|p2a: Slowking|Chilly Reception|[premajor]
|move|p2a: Slowking|Chilly Reception|p2a: Slowking
|-weather|Snowscape
|
|t:|1760381925
|switch|p2a: Landorus|Landorus-Therian, M|94/100|[from] Chilly Reception
|-damage|p2a: Landorus|82/100|[from] Stealth Rock
|-ability|p2a: Landorus|Intimidate|boost
|-unboost|p1a: Ceruledge|atk|1
|
|-weather|Snowscape|[upkeep]
|-heal|p2a: Landorus|88/100|[from] item: Leftovers
|upkeep
|turn|5
|
|t:|1760381936
|switch|p1a: Hatterene|Hatterene, F|100/100
|move|p2a: Landorus|Earthquake|p1a: Hatterene
|-damage|p1a: Hatterene|50/100
|-enditem|p1a: Hatterene|Eject Button
|
|t:|1760381944
|switch|p1a: Walking Wake|Walking Wake|100/100
|
|-weather|Snowscape|[upkeep]
|-heal|p2a: Landorus|94/100|[from] item: Leftovers
|upkeep
|turn|6
|
|t:|1760381952
|switch|p2a: Slowking|Slowking-Galar, M|82/100
|-damage|p2a: Slowking|70/100|[from] Stealth Rock
|move|p1a: Walking Wake|Hydro Steam|p2a: Slowking
|-damage|p2a: Slowking|42/100
|
|-weather|Snowscape|[upkeep]
|-heal|p2a: Slowking|48/100|[from] item: Black Sludge
|upkeep
|turn|7
|
|t:|1760381960
|move|p1a: Walking Wake|Flip Turn|p2a: Slowking
|-damage|p2a: Slowking|31/100
|
|t:|1760381964
|-end|p1a: Walking Wake|Protosynthesis|[silent]
|switch|p1a: Ceruledge|Ceruledge, F|100/100|[from] Flip Turn
|move|p2a: Slowking|Trick|p1a: Ceruledge
|-activate|p2a: Slowking|move: Trick|[of] p1a: Ceruledge
|-item|p1a: Ceruledge|Black Sludge|[from] move: Trick
|-item|p2a: Slowking|Heavy-Duty Boots|[from] move: Trick
|
|-weather|Snowscape|[upkeep]
|-damage|p1a: Ceruledge|88/100|[from] item: Black Sludge
|upkeep
|turn|8
|
|t:|1760381975
|switch|p2a: Landorus|Landorus-Therian, M|94/100
|-damage|p2a: Landorus|82/100|[from] Stealth Rock
|-ability|p2a: Landorus|Intimidate|boost
|-unboost|p1a: Ceruledge|atk|1
|move|p1a: Ceruledge|Swords Dance|p1a: Ceruledge
|-boost|p1a: Ceruledge|atk|2
|
|-weather|none
|-heal|p2a: Landorus|88/100|[from] item: Leftovers
|-damage|p1a: Ceruledge|76/100|[from] item: Black Sludge
|upkeep
|turn|9
|
|t:|1760381980
|move|p2a: Landorus|Earthquake|p1a: Ceruledge
|-supereffective|p1a: Ceruledge
|-damage|p1a: Ceruledge|0 fnt
|faint|p1a: Ceruledge
|
|-heal|p2a: Landorus|94/100|[from] item: Leftovers
|upkeep
|
|t:|1760381982
|switch|p1a: Torkoal|Torkoal, M|35/100
|-weather|SunnyDay|[from] ability: Drought|[of] p1a: Torkoal
|turn|10
|
|t:|1760381988
|switch|p1a: Sawsbuck|Sawsbuck, M|100/100
|move|p2a: Landorus|Stealth Rock|p1a: Sawsbuck
|-sidestart|p1: xxxjkl|move: Stealth Rock
|
|-weather|SunnyDay|[upkeep]
|-heal|p2a: Landorus|99/100|[from] item: Leftovers
|upkeep
|turn|11
|
|t:|1760381993
|move|p1a: Sawsbuck|Swords Dance|p1a: Sawsbuck
|-boost|p1a: Sawsbuck|atk|2
|move|p2a: Landorus|U-turn|p1a: Sawsbuck
|-supereffective|p1a: Sawsbuck
|-damage|p1a: Sawsbuck|15/100
|
|t:|1760382002
|switch|p2a: Azumarill|Azumarill, M|100/100|[from] U-turn
|-damage|p2a: Azumarill|88/100|[from] Stealth Rock
|
|-weather|SunnyDay|[upkeep]
|upkeep
|turn|12
|
|t:|1760382006
|switch|p2a: Corviknight|Corviknight, F|100/100
|-damage|p2a: Corviknight|88/100|[from] Stealth Rock
|-ability|p2a: Corviknight|Pressure
|move|p1a: Sawsbuck|Horn Leech|p2a: Corviknight
|-resisted|p2a: Corviknight
|-damage|p2a: Corviknight|67/100
|-heal|p1a: Sawsbuck|28/100|[from] drain|[of] p2a: Corviknight
|-damage|p1a: Sawsbuck|12/100|[from] item: Rocky Helmet|[of] p2a: Corviknight
|-damage|p1a: Sawsbuck|2/100|[from] item: Life Orb
|
|-weather|SunnyDay|[upkeep]
|upkeep
|turn|13
|
|t:|1760382010
|-terastallize|p1a: Sawsbuck|Fire
|move|p1a: Sawsbuck|Tera Blast|p2a: Corviknight|[anim] Tera Blast Fire
|-supereffective|p2a: Corviknight
|-damage|p2a: Corviknight|0 fnt
|faint|p2a: Corviknight
|-damage|p1a: Sawsbuck|0 fnt|[from] item: Life Orb
|faint|p1a: Sawsbuck
|
|-weather|SunnyDay|[upkeep]
|upkeep
|
|t:|1760382018
|switch|p1a: Walking Wake|Walking Wake|100/100
|switch|p2a: Azumarill|Azumarill, M|88/100
|-damage|p1a: Walking Wake|88/100|[from] Stealth Rock
|-damage|p2a: Azumarill|76/100|[from] Stealth Rock
|-activate|p1a: Walking Wake|ability: Protosynthesis
|-start|p1a: Walking Wake|protosynthesisspe
|turn|14
|
|t:|1760382029
|move|p1a: Walking Wake|Hydro Steam|p2a: Azumarill
|-resisted|p2a: Azumarill
|-damage|p2a: Azumarill|54/100
|move|p2a: Azumarill|Play Rough|p1a: Walking Wake
|-supereffective|p1a: Walking Wake
|-damage|p1a: Walking Wake|0 fnt
|faint|p1a: Walking Wake
|-end|p1a: Walking Wake|Protosynthesis|[silent]
|
|-weather|SunnyDay|[upkeep]
|upkeep
|
|t:|1760382036
|switch|p1a: Raging Bolt|Raging Bolt|100/100
|-damage|p1a: Raging Bolt|88/100|[from] Stealth Rock
|-activate|p1a: Raging Bolt|ability: Protosynthesis
|-start|p1a: Raging Bolt|protosynthesisspa
|turn|15
|
|t:|1760382041
|-terastallize|p2a: Azumarill|Fire
|move|p1a: Raging Bolt|Solar Beam||[still]
|-prepare|p1a: Raging Bolt|Solar Beam
|-anim|p1a: Raging Bolt|Solar Beam|p2a: Azumarill
|-resisted|p2a: Azumarill
|-damage|p2a: Azumarill|28/100
|-damage|p1a: Raging Bolt|78/100|[from] item: Life Orb
|move|p2a: Azumarill|Play Rough|p1a: Raging Bolt
|-supereffective|p1a: Raging Bolt
|-damage|p1a: Raging Bolt|0 fnt
|faint|p1a: Raging Bolt
|-end|p1a: Raging Bolt|Protosynthesis|[silent]
|
|-weather|SunnyDay|[upkeep]
|upkeep
|-message|xxxjkl forfeited.
|
|win|sveinung12321
|raw|xxxjkl's rating: 1473 &rarr; <strong>1455</strong><br />(-18 for losing)
|raw|sveinung12321's rating: 1514 &rarr; <strong>1532</strong><br />(+18 for winning)
|l|☆xxxjkl
|player|p1|
|l|☆sveinung12321
|player|p2|
