|j|☆calyforniarex
|j|☆3r34t45
|t:|1760454798
|gametype|singles
|player|p1|calyforniarex|265|1494
|player|p2|3r34t45|169|1455
|gen|9
|tier|[Gen 9] OU
|rated|
|rule|HP Percentage Mod: HP is shown in percentages
|rule|Endless Battle Clause: Forcing endless battles is banned
|rule|Species Clause: Limit one of each Pokémon
|rule|OHKO Clause: OHKO moves are banned
|rule|Evasion Items Clause: Evasion items are banned
|rule|Evasion Moves Clause: Evasion moves are banned
|rule|Evasion Abilities Clause: Evasion abilities are banned
|rule|Sleep Moves Clause: Sleep-inducing moves are banned
|clearpoke
|poke|p1|Gliscor, M|
|poke|p1|Walking Wake|
|poke|p1|Slowking-Galar, M|
|poke|p1|Zamazenta-*|
|poke|p1|Ting-Lu|
|poke|p1|Kingambit, M|
|poke|p2|Metagross|
|poke|p2|Slowking-Galar, M|
|poke|p2|Hydrapple, M|
|poke|p2|Rotom-Frost|
|poke|p2|Great Tusk|
|poke|p2|Dragapult, F|
|teampreview
|inactive|Battle timer is ON: inactive players will automatically lose when time's up. (requested by 3r34t45)
|inactive|calyforniarex has 120 seconds left.
|
|t:|1760454838
|teamsize|p1|6
|teamsize|p2|6
|start
|switch|p1a: Walking Wake|Walking Wake|100/100
|switch|p2a: Rotom|Rotom-Frost|100/100
|turn|1
|
|t:|1760454843
|move|p2a: Rotom|Volt Switch|p1a: Walking Wake
|-damage|p1a: Walking Wake|60/100
|
|t:|1760454845
|switch|p2a: Slowking|Slowking-Galar, M|100/100|[from] Volt Switch
|move|p1a: Walking Wake|Draco Meteor|p2a: Slowking|[miss]
|-miss|p1a: Walking Wake|p2a: Slowking
|
|upkeep
|turn|2
|
|t:|1760454849
|move|p1a: Walking Wake|Knock Off|p2a: Slowking
|-supereffective|p2a: Slowking
|-damage|p2a: Slowking|65/100
|-enditem|p2a: Slowking|Leftovers|[from] move: Knock Off|[of] p1a: Walking Wake
|-prepare|p2a: Slowking|Chilly Reception|[premajor]
|move|p2a: Slowking|Chilly Reception|p2a: Slowking
|-weather|Snowscape
|
|t:|1760454854
|switch|p2a: Rotom|Rotom-Frost|100/100|[from] Chilly Reception
|
|-weather|Snowscape|[upkeep]
|upkeep
|turn|3
|
|t:|1760454859
|-end|p1a: Walking Wake|Protosynthesis|[silent]
|switch|p1a: Slowking|Slowking-Galar, M|100/100
|move|p2a: Rotom|Volt Switch|p1a: Slowking
|-damage|p1a: Slowking|80/100
|
|t:|1760454862
|switch|p2a: Metagross|Metagross|100/100|[from] Volt Switch
|
|-weather|Snowscape|[upkeep]
|upkeep
|turn|4
|
|t:|1760454866
|move|p2a: Metagross|Stealth Rock|p1a: Slowking
|-sidestart|p1: calyforniarex|move: Stealth Rock
|move|p1a: Slowking|Flamethrower|p2a: Metagross
|-supereffective|p2a: Metagross
|-damage|p2a: Metagross|58/100
|
|-weather|Snowscape|[upkeep]
|upkeep
|turn|5
|
|t:|1760454875
|move|p2a: Metagross|Heavy Slam|p1a: Slowking
|-damage|p1a: Slowking|4/100
|move|p1a: Slowking|Flamethrower|p2a: Metagross
|-supereffective|p2a: Metagross
|-damage|p2a: Metagross|9/100
|
|-weather|Snowscape|[upkeep]
|upkeep
|turn|6
|
|t:|1760454883
|move|p2a: Metagross|Heavy Slam|p1a: Slowking
|-damage|p1a: Slowking|0 fnt
|faint|p1a: Slowking
|
|-weather|none
|upkeep
|
|t:|1760454887
|switch|p1a: Gliscor|Gliscor, M|100/100
|-damage|p1a: Gliscor|88/100|[from] Stealth Rock
|turn|7
|
|t:|1760454889
|move|p1a: Gliscor|Earthquake|p2a: Metagross
|-supereffective|p2a: Metagross
|-damage|p2a: Metagross|0 fnt
|faint|p2a: Metagross
|
|-status|p1a: Gliscor|tox|[from] item: Toxic Orb
|upkeep
|
|t:|1760454893
|switch|p2a: Rotom|Rotom-Frost|100/100
|turn|8
|
|t:|1760454897
|move|p1a: Gliscor|Protect|p1a: Gliscor
|-singleturn|p1a: Gliscor|Protect
|move|p2a: Rotom|Trick|p1a: Gliscor
|-activate|p1a: Gliscor|move: Protect
|
|-heal|p1a: Gliscor|100/100 tox|[from] ability: Poison Heal
|upkeep
|turn|9
|
|t:|1760454909
|switch|p1a: Walking Wake|Walking Wake|60/100
|move|p2a: Rotom|Trick|p1a: Walking Wake
|-activate|p2a: Rotom|move: Trick|[of] p1a: Walking Wake
|-item|p1a: Walking Wake|Choice Scarf|[from] move: Trick
|-item|p2a: Rotom|Heavy-Duty Boots|[from] move: Trick
|
|upkeep
|turn|10
|
|t:|1760454915
|switch|p2a: Slowking|Slowking-Galar, M|98/100
|move|p1a: Walking Wake|Draco Meteor|p2a: Slowking
|-damage|p2a: Slowking|59/100
|-unboost|p1a: Walking Wake|spa|2
|
|upkeep
|turn|11
|
|t:|1760454920
|-end|p1a: Walking Wake|Protosynthesis|[silent]
|switch|p1a: Gliscor|Gliscor, M|100/100 tox
|-damage|p1a: Gliscor|88/100 tox|[from] Stealth Rock
|-prepare|p2a: Slowking|Chilly Reception|[premajor]
|move|p2a: Slowking|Chilly Reception|p2a: Slowking
|-weather|Snowscape
|
|t:|1760454922
|switch|p2a: Rotom|Rotom-Frost|100/100|[from] Chilly Reception
|
|-weather|Snowscape|[upkeep]
|-heal|p1a: Gliscor|100/100 tox|[from] ability: Poison Heal
|upkeep
|turn|12
|
|t:|1760454929
|move|p1a: Gliscor|Protect|p1a: Gliscor
|-singleturn|p1a: Gliscor|Protect
|move|p2a: Rotom|Blizzard|p1a: Gliscor
|-activate|p1a: Gliscor|move: Protect
|
|-weather|Snowscape|[upkeep]
|upkeep
|turn|13
|
|t:|1760454940
|switch|p1a: Walking Wake|Walking Wake|60/100
|-damage|p1a: Walking Wake|48/100|[from] Stealth Rock
|move|p2a: Rotom|Blizzard|p1a: Walking Wake
|-damage|p1a: Walking Wake|0 fnt
|faint|p1a: Walking Wake
|-end|p1a: Walking Wake|Protosynthesis|[silent]
|
|-weather|Snowscape|[upkeep]
|upkeep
|
|t:|1760454944
|switch|p1a: Kingambit|Kingambit, M|100/100
|-damage|p1a: Kingambit|94/100|[from] Stealth Rock
|-activate|p1a: Kingambit|ability: Supreme Overlord
|-start|p1a: Kingambit|fallen2|[silent]
|turn|14
|
|t:|1760454948
|move|p2a: Rotom|Volt Switch|p1a: Kingambit
|-damage|p1a: Kingambit|59/100
|
|t:|1760454950
|switch|p2a: Great Tusk|Great Tusk|100/100|[from] Volt Switch
|move|p1a: Kingambit|Swords Dance|p1a: Kingambit
|-boost|p1a: Kingambit|atk|2
|
|-weather|Snowscape|[upkeep]
|upkeep
|turn|15
|
|t:|1760454955
|move|p2a: Great Tusk|Earthquake|p1a: Kingambit
|-supereffective|p1a: Kingambit
|-damage|p1a: Kingambit|0 fnt
|faint|p1a: Kingambit
|-end|p1a: Kingambit|fallen2|[silent]
|
|-weather|none
|upkeep
|
|t:|1760454959
|switch|p1a: Gliscor|Gliscor, M|100/100 tox
|-damage|p1a: Gliscor|88/100 tox|[from] Stealth Rock
|turn|16
|
|t:|1760454965
|-end|p2a: Great Tusk|Protosynthesis|[silent]
|switch|p2a: Slowking|Slowking-Galar, M|92/100
|move|p1a: Gliscor|Swords Dance|p1a: Gliscor
|-boost|p1a: Gliscor|atk|2
|
|-heal|p1a: Gliscor|100/100 tox|[from] ability: Poison Heal
|upkeep
|turn|17
|
|t:|1760454970
|move|p1a: Gliscor|Earthquake|p2a: Slowking
|-supereffective|p2a: Slowking
|-damage|p2a: Slowking|0 fnt
|faint|p2a: Slowking
|
|upkeep
|
|t:|1760454975
|switch|p2a: Dragapult|Dragapult, F|100/100
|turn|18
|
|t:|1760454979
|move|p2a: Dragapult|Draco Meteor|p1a: Gliscor
|-damage|p1a: Gliscor|8/100 tox
|-unboost|p2a: Dragapult|spa|2
|move|p1a: Gliscor|Ice Fang|p2a: Dragapult
|-supereffective|p2a: Dragapult
|-damage|p2a: Dragapult|7/100
|-status|p2a: Dragapult|frz
|
|-heal|p1a: Gliscor|21/100 tox|[from] ability: Poison Heal
|upkeep
|turn|19
|
|t:|1760454988
|cant|p2a: Dragapult|frz
|move|p1a: Gliscor|Ice Fang|p2a: Dragapult
|-supereffective|p2a: Dragapult
|-damage|p2a: Dragapult|0 fnt
|faint|p2a: Dragapult
|
|-heal|p1a: Gliscor|33/100 tox|[from] ability: Poison Heal
|upkeep
|
|t:|1760454993
|switch|p2a: Rotom|Rotom-Frost|100/100
|turn|20
|
|t:|1760454996
|move|p1a: Gliscor|Protect|p1a: Gliscor
|-singleturn|p1a: Gliscor|Protect
|move|p2a: Rotom|Blizzard|p1a: Gliscor
|-activate|p1a: Gliscor|move: Protect
|
|-heal|p1a: Gliscor|46/100 tox|[from] ability: Poison Heal
|upkeep
|turn|21
|
|t:|1760455009
|switch|p1a: Ting-Lu|Ting-Lu|100/100
|-damage|p1a: Ting-Lu|94/100|[from] Stealth Rock
|-ability|p1a: Ting-Lu|Vessel of Ruin
|move|p2a: Rotom|Blizzard|p1a: Ting-Lu
|-supereffective|p1a: Ting-Lu
|-damage|p1a: Ting-Lu|44/100
|
|-heal|p1a: Ting-Lu|50/100|[from] item: Leftovers
|upkeep
|turn|22
|
|t:|1760455014
|switch|p2a: Great Tusk|Great Tusk|100/100
|move|p1a: Ting-Lu|Ruination|p2a: Great Tusk
|-damage|p2a: Great Tusk|51/100
|
|-heal|p2a: Great Tusk|57/100|[from] item: Leftovers
|-heal|p1a: Ting-Lu|57/100|[from] item: Leftovers
|upkeep
|turn|23
|
|t:|1760455032
|-terastallize|p1a: Ting-Lu|Ghost
|move|p2a: Great Tusk|Close Combat|p1a: Ting-Lu
|-immune|p1a: Ting-Lu
|move|p1a: Ting-Lu|Ruination|p2a: Great Tusk
|-damage|p2a: Great Tusk|29/100
|
|-heal|p2a: Great Tusk|35/100|[from] item: Leftovers
|-heal|p1a: Ting-Lu|63/100|[from] item: Leftovers
|upkeep
|turn|24
|
|t:|1760455042
|move|p2a: Great Tusk|Earthquake|p1a: Ting-Lu
|-damage|p1a: Ting-Lu|36/100
|move|p1a: Ting-Lu|Earthquake|p2a: Great Tusk
|-crit|p2a: Great Tusk
|-damage|p2a: Great Tusk|0 fnt
|faint|p2a: Great Tusk
|-end|p2a: Great Tusk|Protosynthesis|[silent]
|
|-heal|p1a: Ting-Lu|43/100|[from] item: Leftovers
|upkeep
|
|t:|1760455046
|switch|p2a: Hydrapple|Hydrapple, M|100/100
|turn|25
|
|t:|1760455052
|move|p1a: Ting-Lu|Ruination|p2a: Hydrapple
|-damage|p2a: Hydrapple|50/100
|move|p2a: Hydrapple|Nasty Plot|p2a: Hydrapple
|-boost|p2a: Hydrapple|spa|2
|
|-heal|p1a: Ting-Lu|49/100|[from] item: Leftovers
|-heal|p2a: Hydrapple|57/100|[from] item: Leftovers
|upkeep
|turn|26
|
|t:|1760455057
|move|p1a: Ting-Lu|Ruination|p2a: Hydrapple
|-damage|p2a: Hydrapple|29/100
|move|p2a: Hydrapple|Giga Drain|p1a: Ting-Lu
|-damage|p1a: Ting-Lu|13/100
|-heal|p2a: Hydrapple|51/100|[from] drain|[of] p1a: Ting-Lu
|
|-heal|p1a: Ting-Lu|19/100|[from] item: Leftovers
|-heal|p2a: Hydrapple|57/100|[from] item: Leftovers
|upkeep
|turn|27
|
|t:|1760455063
|move|p1a: Ting-Lu|Ruination|p2a: Hydrapple
|-damage|p2a: Hydrapple|29/100
|move|p2a: Hydrapple|Giga Drain|p1a: Ting-Lu
|-damage|p1a: Ting-Lu|0 fnt
|-heal|p2a: Hydrapple|40/100|[from] drain|[of] p1a: Ting-Lu
|faint|p1a: Ting-Lu
|
|-heal|p2a: Hydrapple|47/100|[from] item: Leftovers
|upkeep
|
|t:|1760455066
|switch|p1a: Gliscor|Gliscor, M|46/100 tox
|-damage|p1a: Gliscor|33/100 tox|[from] Stealth Rock
|turn|28
|
|t:|1760455069
|-terastallize|p2a: Hydrapple|Fairy
|move|p1a: Gliscor|Ice Fang|p2a: Hydrapple
|-damage|p2a: Hydrapple|34/100
|move|p2a: Hydrapple|Giga Drain|p1a: Gliscor
|-damage|p1a: Gliscor|0 fnt
|-heal|p2a: Hydrapple|48/100|[from] drain|[of] p1a: Gliscor
|faint|p1a: Gliscor
|
|-heal|p2a: Hydrapple|54/100|[from] item: Leftovers
|upkeep
|
|t:|1760455073
|switch|p1a: Zamazenta|Zamazenta|100/100
|-ability|p1a: Zamazenta|Dauntless Shield|boost
|-boost|p1a: Zamazenta|def|1
|turn|29
|
|t:|1760455075
|move|p1a: Zamazenta|Heavy Slam|p2a: Hydrapple
|-supereffective|p2a: Hydrapple
|-damage|p2a: Hydrapple|26/100
|move|p2a: Hydrapple|Giga Drain|p1a: Zamazenta
|-damage|p1a: Zamazenta|28/100
|-heal|p2a: Hydrapple|56/100|[from] drain|[of] p1a: Zamazenta
|
|-heal|p2a: Hydrapple|62/100|[from] item: Leftovers
|upkeep
|turn|30
|
|t:|1760455080
|move|p1a: Zamazenta|Heavy Slam|p2a: Hydrapple
|-supereffective|p2a: Hydrapple
|-damage|p2a: Hydrapple|32/100
|move|p2a: Hydrapple|Giga Drain|p1a: Zamazenta
|-damage|p1a: Zamazenta|0 fnt
|-heal|p2a: Hydrapple|43/100|[from] drain|[of] p1a: Zamazenta
|faint|p1a: Zamazenta
|
|win|3r34t45
|raw|calyforniarex's rating: 1494 &rarr; <strong>1472</strong><br />(-22 for losing)
|raw|3r34t45's rating: 1455 &rarr; <strong>1477</strong><br />(+22 for winning)
|l|☆3r34t45
|player|p2|
|l|☆calyforniarex
|player|p1|
