|j|☆ThyR34p3r
|j|☆Swankentora
|t:|1760389607
|gametype|singles
|player|p1|ThyR34p3r|roxie|1451
|player|p2|Swankentora|n|1455
|gen|9
|tier|[Gen 9] OU
|rated|
|rule|HP Percentage Mod: HP is shown in percentages
|rule|Endless Battle Clause: Forcing endless battles is banned
|rule|Species Clause: Limit one of each Pokémon
|rule|OHKO Clause: OHKO moves are banned
|rule|Evasion Items Clause: Evasion items are banned
|rule|Evasion Moves Clause: Evasion moves are banned
|rule|Evasion Abilities Clause: Evasion abilities are banned
|rule|Sleep Moves Clause: Sleep-inducing moves are banned
|clearpoke
|poke|p1|Cresselia, F|
|poke|p1|Hatterene, F|
|poke|p1|Porygon2|
|poke|p1|Ursaluna, M|
|poke|p1|Iron Hands|
|poke|p1|Enamorus-Therian, F|
|poke|p2|Pecharunt|
|poke|p2|Great Tusk|
|poke|p2|Ogerpon-Wellspring, F|
|poke|p2|Iron Crown|
|poke|p2|Landorus-Therian, M|
|poke|p2|Samurott-Hisui, M|
|teampreview
|inactive|Battle timer is ON: inactive players will automatically lose when time's up. (requested by ThyR34p3r)
|c|☆ThyR34p3r|glhf!!
|
|t:|1760389614
|teamsize|p1|6
|teamsize|p2|6
|start
|switch|p1a: Porygon2|Porygon2|100/100
|switch|p2a: Landorus|Landorus-Therian, M|100/100
|-ability|p2a: Landorus|Intimidate|boost
|-unboost|p1a: Porygon2|atk|1
|-ability|p1a: Porygon2|Download|boost
|-boost|p1a: Porygon2|spa|1
|turn|1
|
|t:|1760389621
|move|p2a: Landorus|U-turn|p1a: Porygon2
|-damage|p1a: Porygon2|82/100
|
|t:|1760389626
|switch|p2a: Ogerpon|Ogerpon-Wellspring, F|100/100|[from] U-turn
|move|p1a: Porygon2|Trick Room|p1a: Porygon2
|-fieldstart|move: Trick Room|[of] p1a: Porygon2
|
|upkeep
|turn|2
|c|☆Swankentora|u2
|
|t:|1760389642
|switch|p2a: Pecharunt|Pecharunt|100/100
|move|p1a: Porygon2|Tera Blast|p2a: Pecharunt
|-immune|p2a: Pecharunt
|
|upkeep
|turn|3
|
|t:|1760389669
|move|p1a: Porygon2|Thunderbolt|p2a: Pecharunt
|-crit|p2a: Pecharunt
|-damage|p2a: Pecharunt|37/100
|move|p2a: Pecharunt|Parting Shot|p1a: Porygon2
|-unboost|p1a: Porygon2|atk|1
|-unboost|p1a: Porygon2|spa|1
|
|t:|1760389675
|switch|p2a: Samurott|Samurott-Hisui, M|100/100|[from] Parting Shot
|
|upkeep
|turn|4
|
|t:|1760389684
|move|p1a: Porygon2|Thunderbolt|p2a: Samurott
|-supereffective|p2a: Samurott
|-damage|p2a: Samurott|51/100
|move|p2a: Samurott|Ceaseless Edge|p1a: Porygon2
|-damage|p1a: Porygon2|51/100
|-sidestart|p1: ThyR34p3r|Spikes
|
|upkeep
|turn|5
|
|t:|1760389690
|switch|p2a: Great Tusk|Great Tusk|100/100
|-enditem|p2a: Great Tusk|Booster Energy
|-activate|p2a: Great Tusk|ability: Protosynthesis|[fromitem]
|-start|p2a: Great Tusk|protosynthesisspe
|move|p1a: Porygon2|Thunderbolt|p2a: Great Tusk
|-immune|p2a: Great Tusk
|
|-fieldend|move: Trick Room
|upkeep
|turn|6
|
|t:|1760389696
|move|p2a: Great Tusk|Knock Off|p1a: Porygon2
|-damage|p1a: Porygon2|32/100
|-enditem|p1a: Porygon2|Eviolite|[from] move: Knock Off|[of] p2a: Great Tusk
|move|p1a: Porygon2|Ice Beam|p2a: Great Tusk
|-supereffective|p2a: Great Tusk
|-damage|p2a: Great Tusk|20/100
|
|upkeep
|turn|7
|
|t:|1760389702
|move|p2a: Great Tusk|Headlong Rush|p1a: Porygon2
|-damage|p1a: Porygon2|0 fnt
|-unboost|p2a: Great Tusk|def|1
|-unboost|p2a: Great Tusk|spd|1
|faint|p1a: Porygon2
|
|upkeep
|
|t:|1760389715
|switch|p1a: Cresselia|Cresselia, F|100/100
|turn|8
|
|t:|1760389720
|move|p2a: Great Tusk|Stealth Rock|p1a: Cresselia
|-sidestart|p1: ThyR34p3r|move: Stealth Rock
|move|p1a: Cresselia|Trick Room|p1a: Cresselia
|-fieldstart|move: Trick Room|[of] p1a: Cresselia
|
|upkeep
|turn|9
|
|t:|1760389723
|move|p1a: Cresselia|Ice Beam|p2a: Great Tusk
|-supereffective|p2a: Great Tusk
|-damage|p2a: Great Tusk|0 fnt
|faint|p2a: Great Tusk
|-end|p2a: Great Tusk|Protosynthesis|[silent]
|
|upkeep
|
|t:|1760389726
|switch|p2a: Samurott|Samurott-Hisui, M|51/100
|turn|10
|
|t:|1760389732
|move|p1a: Cresselia|Lunar Dance|p1a: Cresselia
|faint|p1a: Cresselia
|move|p2a: Samurott|Ceaseless Edge|p1: Cresselia|[notarget]
|-fail|p2a: Samurott
|
|upkeep
|
|t:|1760389736
|switch|p1a: Iron Hands|Iron Hands|100/100
|-damage|p1a: Iron Hands|88/100|[from] Spikes
|-damage|p1a: Iron Hands|82/100|[from] Stealth Rock
|turn|11
|
|t:|1760389749
|switch|p2a: Pecharunt|Pecharunt|37/100
|move|p1a: Iron Hands|Ice Punch|p2a: Pecharunt
|-crit|p2a: Pecharunt
|-damage|p2a: Pecharunt|11/100
|-damage|p1a: Iron Hands|65/100|[from] item: Rocky Helmet|[of] p2a: Pecharunt
|-damage|p1a: Iron Hands|55/100|[from] item: Life Orb
|
|upkeep
|turn|12
|
|t:|1760389757
|move|p1a: Iron Hands|Earthquake|p2a: Pecharunt
|-supereffective|p2a: Pecharunt
|-crit|p2a: Pecharunt
|-damage|p2a: Pecharunt|0 fnt
|faint|p2a: Pecharunt
|-damage|p1a: Iron Hands|46/100|[from] item: Life Orb
|
|-fieldend|move: Trick Room
|upkeep
|
|t:|1760389759
|switch|p2a: Landorus|Landorus-Therian, M|100/100
|-ability|p2a: Landorus|Intimidate|boost
|-unboost|p1a: Iron Hands|atk|1
|turn|13
|inactive|ThyR34p3r has 120 seconds left.
|
|t:|1760389804
|-end|p1a: Iron Hands|Quark Drive|[silent]
|switch|p1a: Enamorus|Enamorus-Therian, F|100/100
|-damage|p1a: Enamorus|76/100|[from] Stealth Rock
|move|p2a: Landorus|Earthquake|p1a: Enamorus
|-immune|p1a: Enamorus
|
|upkeep
|turn|14
|
|t:|1760389820
|switch|p2a: Iron Crown|Iron Crown|100/100
|move|p1a: Enamorus|Moonblast|p2a: Iron Crown
|-resisted|p2a: Iron Crown
|-damage|p2a: Iron Crown|67/100
|-unboost|p2a: Iron Crown|spa|1
|-damage|p1a: Enamorus|66/100|[from] item: Life Orb
|
|upkeep
|turn|15
|
|t:|1760389824
|move|p2a: Iron Crown|Tachyon Cutter|p1a: Enamorus
|-supereffective|p1a: Enamorus
|-damage|p1a: Enamorus|17/100
|-supereffective|p1a: Enamorus
|-damage|p1a: Enamorus|0 fnt
|faint|p1a: Enamorus
|-hitcount|p1: Enamorus|2
|
|upkeep
|
|t:|1760389826
|switch|p1a: Hatterene|Hatterene, F|100/100
|-damage|p1a: Hatterene|88/100|[from] Spikes
|-damage|p1a: Hatterene|76/100|[from] Stealth Rock
|turn|16
|
|t:|1760389830
|move|p2a: Iron Crown|Tachyon Cutter|p1a: Hatterene
|-supereffective|p1a: Hatterene
|-damage|p1a: Hatterene|23/100
|-supereffective|p1a: Hatterene
|-damage|p1a: Hatterene|0 fnt
|faint|p1a: Hatterene
|-hitcount|p1: Hatterene|2
|
|upkeep
|
|t:|1760389833
|switch|p1a: Ursaluna|Ursaluna, M|100/100
|-damage|p1a: Ursaluna|88/100|[from] Spikes
|-damage|p1a: Ursaluna|82/100|[from] Stealth Rock
|turn|17
|
|t:|1760389840
|move|p2a: Iron Crown|Tachyon Cutter|p1a: Ursaluna
|-damage|p1a: Ursaluna|59/100
|-damage|p1a: Ursaluna|39/100
|-hitcount|p1a: Ursaluna|2
|move|p1a: Ursaluna|Headlong Rush|p2a: Iron Crown
|-supereffective|p2a: Iron Crown
|-damage|p2a: Iron Crown|0 fnt
|-unboost|p1a: Ursaluna|def|1
|-unboost|p1a: Ursaluna|spd|1
|faint|p2a: Iron Crown
|-end|p2a: Iron Crown|Quark Drive|[silent]
|
|-status|p1a: Ursaluna|brn|[from] item: Flame Orb
|upkeep
|
|t:|1760389844
|switch|p2a: Landorus|Landorus-Therian, M|100/100
|-ability|p2a: Landorus|Intimidate|boost
|-unboost|p1a: Ursaluna|atk|1
|turn|18
|
|t:|1760389854
|-terastallize|p2a: Landorus|Flying
|-terastallize|p1a: Ursaluna|Normal
|move|p2a: Landorus|Tera Blast|p1a: Ursaluna|[anim] Tera Blast Flying
|-damage|p1a: Ursaluna|0 fnt
|faint|p1a: Ursaluna
|
|upkeep
|
|t:|1760389857
|switch|p1a: Iron Hands|Iron Hands|46/100
|-heal|p1a: Iron Hands|100/100|[from] move: Lunar Dance
|-damage|p1a: Iron Hands|88/100|[from] Spikes
|-damage|p1a: Iron Hands|82/100|[from] Stealth Rock
|turn|19
|
|t:|1760389859
|move|p2a: Landorus|Tera Blast|p1a: Iron Hands|[anim] Tera Blast Flying
|-damage|p1a: Iron Hands|44/100
|move|p1a: Iron Hands|Supercell Slam|p2a: Landorus
|-supereffective|p2a: Landorus
|-damage|p2a: Landorus|0 fnt
|faint|p2a: Landorus
|-damage|p1a: Iron Hands|34/100|[from] item: Life Orb
|
|upkeep
|c|☆Swankentora|gg
|c|☆ThyR34p3r|ggwp
|
|t:|1760389864
|switch|p2a: Ogerpon|Ogerpon-Wellspring, F|100/100
|turn|20
|
|t:|1760389880
|move|p2a: Ogerpon|Ivy Cudgel|p1a: Iron Hands|[anim] Ivy Cudgel Water
|-damage|p1a: Iron Hands|3/100
|move|p1a: Iron Hands|Supercell Slam|p2a: Ogerpon
|-damage|p2a: Ogerpon|25/100
|-damage|p1a: Iron Hands|0 fnt|[from] item: Life Orb
|faint|p1a: Iron Hands
|-end|p1a: Iron Hands|Quark Drive|[silent]
|
|win|Swankentora
|raw|ThyR34p3r's rating: 1451 &rarr; <strong>1431</strong><br />(-20 for losing)
|raw|Swankentora's rating: 1455 &rarr; <strong>1475</strong><br />(+20 for winning)
|l|☆ThyR34p3r
|player|p1|
