|j|☆Bruhdder
|j|☆itsfine01
|t:|1760303606
|gametype|singles
|player|p1|Bruhdder|266|1130
|player|p2|itsfine01|265|1133
|gen|9
|tier|[Gen 9] OU
|rated|
|rule|HP Percentage Mod: HP is shown in percentages
|rule|Endless Battle Clause: Forcing endless battles is banned
|rule|Species Clause: Limit one of each Pokémon
|rule|OHKO Clause: OHKO moves are banned
|rule|Evasion Items Clause: Evasion items are banned
|rule|Evasion Moves Clause: Evasion moves are banned
|rule|Evasion Abilities Clause: Evasion abilities are banned
|rule|Sleep Moves Clause: Sleep-inducing moves are banned
|clearpoke
|poke|p1|Dragapult, M|
|poke|p1|Iron Hands|
|poke|p1|Greninja-*, F|
|poke|p1|Farigiraf, F|
|poke|p1|Virizion|
|poke|p1|Metagross|
|poke|p2|Trevenant, M|
|poke|p2|Ninetales, F|
|poke|p2|Walking Wake|
|poke|p2|Weezing-Galar, F|
|poke|p2|Great Tusk|
|poke|p2|Mandibuzz, F|
|teampreview
|
|t:|1760303616
|teamsize|p1|6
|teamsize|p2|6
|start
|switch|p1a: Dragapult|Dragapult, M|100/100
|switch|p2a: Ninetales|Ninetales, F, shiny|100/100
|-weather|SunnyDay|[from] ability: Drought|[of] p2a: Ninetales
|turn|1
|
|t:|1760303633
|switch|p2a: Weezing|Weezing-Galar, F, shiny|100/100
|-ability|p2a: Weezing|Neutralizing Gas
|move|p1a: Dragapult|Dragon Darts|p2a: Weezing
|-immune|p2a: Weezing
|
|-weather|SunnyDay|[upkeep]
|upkeep
|turn|2
|
|t:|1760303651
|switch|p1a: Farigiraf|Farigiraf, F|100/100
|move|p2a: Weezing|Will-O-Wisp|p1a: Farigiraf
|-status|p1a: Farigiraf|brn
|
|-weather|SunnyDay|[upkeep]
|-damage|p1a: Farigiraf|94/100 brn|[from] brn
|upkeep
|turn|3
|
|t:|1760303663
|-end|p2a: Weezing|ability: Neutralizing Gas
|switch|p2a: Mandibuzz|Mandibuzz, F, shiny|100/100
|move|p1a: Farigiraf|Hyper Voice|p2a: Mandibuzz
|-damage|p2a: Mandibuzz|67/100
|-enditem|p1a: Farigiraf|Throat Spray
|-boost|p1a: Farigiraf|spa|1|[from] item: Throat Spray
|
|-weather|SunnyDay|[upkeep]
|-damage|p1a: Farigiraf|88/100 brn|[from] brn
|upkeep
|turn|4
|
|t:|1760303698
|switch|p2a: Great Tusk|Great Tusk, shiny|100/100
|-activate|p2a: Great Tusk|ability: Protosynthesis
|-start|p2a: Great Tusk|protosynthesisatk
|switch|p1a: Iron Hands|Iron Hands|100/100
|-enditem|p1a: Iron Hands|Booster Energy
|-activate|p1a: Iron Hands|ability: Quark Drive|[fromitem]
|-start|p1a: Iron Hands|quarkdriveatk
|
|-weather|SunnyDay|[upkeep]
|upkeep
|turn|5
|
|t:|1760303713
|move|p2a: Great Tusk|Headlong Rush|p1a: Iron Hands
|-supereffective|p1a: Iron Hands
|-damage|p1a: Iron Hands|6/100
|-unboost|p2a: Great Tusk|def|1
|-unboost|p2a: Great Tusk|spd|1
|move|p1a: Iron Hands|Ice Punch|p2a: Great Tusk
|-supereffective|p2a: Great Tusk
|-damage|p2a: Great Tusk|11/100
|
|-weather|SunnyDay|[upkeep]
|upkeep
|turn|6
|
|t:|1760303730
|move|p2a: Great Tusk|Headlong Rush|p1a: Iron Hands
|-supereffective|p1a: Iron Hands
|-damage|p1a: Iron Hands|0 fnt
|-unboost|p2a: Great Tusk|def|1
|-unboost|p2a: Great Tusk|spd|1
|faint|p1a: Iron Hands
|-end|p1a: Iron Hands|Quark Drive|[silent]
|
|-weather|SunnyDay|[upkeep]
|upkeep
|
|t:|1760303737
|switch|p1a: Dragapult|Dragapult, M|100/100
|turn|7
|
|t:|1760303751
|-end|p2a: Great Tusk|Protosynthesis|[silent]
|switch|p2a: Weezing|Weezing-Galar, F, shiny|100/100
|-ability|p2a: Weezing|Neutralizing Gas
|move|p1a: Dragapult|Psychic Fangs|p2a: Weezing
|-supereffective|p2a: Weezing
|-damage|p2a: Weezing|46/100
|-damage|p1a: Dragapult|84/100|[from] item: Rocky Helmet|[of] p2a: Weezing
|
|-weather|SunnyDay|[upkeep]
|upkeep
|turn|8
|
|t:|1760303774
|-terastallize|p2a: Weezing|Flying
|move|p1a: Dragapult|Psychic Fangs|p2a: Weezing
|-damage|p2a: Weezing|19/100
|-damage|p1a: Dragapult|68/100|[from] item: Rocky Helmet|[of] p2a: Weezing
|move|p2a: Weezing|Pain Split|p1a: Dragapult
|-sethp|p1a: Dragapult|44/100|[from] move: Pain Split|[silent]
|-sethp|p2a: Weezing|42/100|[from] move: Pain Split
|
|-weather|none
|upkeep
|turn|9
|
|t:|1760303804
|switch|p1a: Greninja|Greninja, F|100/100
|-end|p2a: Weezing|ability: Neutralizing Gas
|switch|p2a: Mandibuzz|Mandibuzz, F, shiny|67/100
|
|upkeep
|turn|10
|
|t:|1760303814
|switch|p2a: Ninetales|Ninetales, F, shiny|100/100
|-weather|SunnyDay|[from] ability: Drought|[of] p2a: Ninetales
|move|p1a: Greninja|Ice Beam|p2a: Ninetales
|-start|p1a: Greninja|typechange|Ice|[from] ability: Protean
|-resisted|p2a: Ninetales
|-damage|p2a: Ninetales|72/100
|
|-weather|SunnyDay|[upkeep]
|upkeep
|turn|11
|
|t:|1760303851
|switch|p1a: Dragapult|Dragapult, M|44/100
|switch|p2a: Trevenant|Trevenant, M, shiny|100/100
|
|-weather|SunnyDay|[upkeep]
|upkeep
|turn|12
|
|t:|1760303861
|move|p2a: Trevenant|Protect|p2a: Trevenant
|-singleturn|p2a: Trevenant|Protect
|move|p1a: Dragapult|Phantom Force||[still]
|-prepare|p1a: Dragapult|Phantom Force
|
|-weather|SunnyDay|[upkeep]
|upkeep
|turn|13
|
|t:|1760303871
|switch|p2a: Mandibuzz|Mandibuzz, F, shiny|67/100
|move|p1a: Dragapult|Phantom Force|p2a: Mandibuzz|[from] lockedmove
|-resisted|p2a: Mandibuzz
|-damage|p2a: Mandibuzz|47/100
|-damage|p1a: Dragapult|28/100|[from] item: Rocky Helmet|[of] p2a: Mandibuzz
|
|-weather|SunnyDay|[upkeep]
|upkeep
|turn|14
|
|t:|1760303881
|switch|p1a: Virizion|Virizion|100/100
|move|p2a: Mandibuzz|Roost|p2a: Mandibuzz
|-heal|p2a: Mandibuzz|97/100
|-singleturn|p2a: Mandibuzz|move: Roost
|
|-weather|SunnyDay|[upkeep]
|upkeep
|turn|15
|
|t:|1760303898
|switch|p2a: Trevenant|Trevenant, M, shiny|100/100
|move|p1a: Virizion|Aura Sphere|p2a: Trevenant
|-immune|p2a: Trevenant
|
|-weather|SunnyDay|[upkeep]
|upkeep
|turn|16
|
|t:|1760303907
|switch|p1a: Farigiraf|Farigiraf, F|88/100 brn
|move|p2a: Trevenant|Substitute|p2a: Trevenant
|-start|p2a: Trevenant|Substitute
|-damage|p2a: Trevenant|75/100
|
|-weather|SunnyDay|[upkeep]
|-damage|p1a: Farigiraf|82/100 brn|[from] brn
|upkeep
|turn|17
|
|t:|1760303935
|move|p1a: Farigiraf|Psychic|p2a: Trevenant
|-end|p2a: Trevenant|Substitute
|move|p2a: Trevenant|Curse|p1a: Farigiraf
|-start|p1a: Farigiraf|Curse|[of] p2a: Trevenant
|-damage|p2a: Trevenant|25/100
|-enditem|p2a: Trevenant|Sitrus Berry|[eat]
|-heal|p2a: Trevenant|50/100|[from] item: Sitrus Berry
|
|-weather|none
|-damage|p1a: Farigiraf|76/100 brn|[from] brn
|-damage|p1a: Farigiraf|51/100 brn|[from] Curse
|upkeep
|turn|18
|
|t:|1760303963
|move|p1a: Farigiraf|Wish|p1a: Farigiraf
|move|p2a: Trevenant|Leech Seed|p1a: Farigiraf
|-start|p1a: Farigiraf|move: Leech Seed
|
|-damage|p1a: Farigiraf|39/100 brn|[from] Leech Seed|[of] p2a: Trevenant
|-heal|p2a: Trevenant|65/100|[silent]
|-damage|p1a: Farigiraf|33/100 brn|[from] brn
|-damage|p1a: Farigiraf|8/100 brn|[from] Curse
|-item|p2a: Trevenant|Sitrus Berry|[from] ability: Harvest
|upkeep
|turn|19
|
|t:|1760303976
|switch|p1a: Dragapult|Dragapult, M|28/100
|move|p2a: Trevenant|Substitute|p2a: Trevenant
|-start|p2a: Trevenant|Substitute
|-damage|p2a: Trevenant|40/100
|-enditem|p2a: Trevenant|Sitrus Berry|[eat]
|-heal|p2a: Trevenant|65/100|[from] item: Sitrus Berry
|
|-heal|p1a: Dragapult|98/100|[from] move: Wish|[wisher] Farigiraf
|upkeep
|turn|20
|
|t:|1760303987
|switch|p2a: Mandibuzz|Mandibuzz, F, shiny|97/100
|move|p1a: Dragapult|U-turn|p2a: Mandibuzz
|-damage|p2a: Mandibuzz|78/100
|-damage|p1a: Dragapult|81/100|[from] item: Rocky Helmet|[of] p2a: Mandibuzz
|
|t:|1760303995
|switch|p1a: Farigiraf|Farigiraf, F|8/100 brn|[from] U-turn
|
|-damage|p1a: Farigiraf|2/100 brn|[from] brn
|upkeep
|turn|21
|
|t:|1760304006
|move|p2a: Mandibuzz|Roost|p2a: Mandibuzz
|-heal|p2a: Mandibuzz|100/100
|-singleturn|p2a: Mandibuzz|move: Roost
|move|p1a: Farigiraf|Energy Ball|p2a: Mandibuzz
|-damage|p2a: Mandibuzz|79/100
|-unboost|p2a: Mandibuzz|spd|1
|
|-damage|p1a: Farigiraf|0 fnt|[from] brn
|faint|p1a: Farigiraf
|upkeep
|
|t:|1760304011
|switch|p1a: Greninja|Greninja, F|100/100
|turn|22
|
|t:|1760304036
|move|p1a: Greninja|Water Shuriken|p2a: Mandibuzz
|-start|p1a: Greninja|typechange|Water|[from] ability: Protean
|-damage|p2a: Mandibuzz|67/100
|-damage|p2a: Mandibuzz|55/100
|-hitcount|p2a: Mandibuzz|2
|move|p2a: Mandibuzz|Toxic|p1a: Greninja
|-status|p1a: Greninja|tox
|
|-damage|p1a: Greninja|95/100 tox|[from] psn
|upkeep
|turn|23
|inactive|Battle timer is ON: inactive players will automatically lose when time's up. (requested by itsfine01)
|inactive|Bruhdder has 120 seconds left.
|inactive|Bruhdder has 90 seconds left.
|inactive|Bruhdder has 60 seconds left.
|inactive|Bruhdder has 30 seconds left.
|inactive|Bruhdder has 20 seconds left.
|inactive|Bruhdder has 15 seconds left.
|inactive|Bruhdder has 10 seconds left.
|inactive|Bruhdder has 5 seconds left.
|-message|Bruhdder lost due to inactivity.
|
|win|itsfine01
|raw|Bruhdder's rating: 1130 &rarr; <strong>1105</strong><br />(-25 for losing)
|raw|itsfine01's rating: 1133 &rarr; <strong>1158</strong><br />(+25 for winning)
