|j|☆Rin1604
|j|☆sizzly scizor
|t:|1760436922
|gametype|singles
|player|p1|Rin1604|miku-ghost|1146
|player|p2|sizzly scizor|nate|1152
|gen|9
|tier|[Gen 9] OU
|rated|
|rule|HP Percentage Mod: HP is shown in percentages
|rule|Endless Battle Clause: Forcing endless battles is banned
|rule|Species Clause: Limit one of each Pokémon
|rule|OHKO Clause: OHKO moves are banned
|rule|Evasion Items Clause: Evasion items are banned
|rule|Evasion Moves Clause: Evasion moves are banned
|rule|Evasion Abilities Clause: Evasion abilities are banned
|rule|Sleep Moves Clause: Sleep-inducing moves are banned
|clearpoke
|poke|p1|Pecharunt|
|poke|p1|Arcanine-Hisui, F|
|poke|p1|Vikavolt, F|
|poke|p1|Araquanid, M|
|poke|p1|Dragonite, F|
|poke|p1|Iron Treads|
|poke|p2|Rotom-Heat|
|poke|p2|Corviknight, M|
|poke|p2|Haxorus, M|
|poke|p2|Sylveon, F|
|poke|p2|Arboliva, F|
|poke|p2|Greninja-*, M|
|teampreview
|inactive|Battle timer is ON: inactive players will automatically lose when time's up. (requested by sizzly scizor)
|
|t:|1760436933
|teamsize|p1|6
|teamsize|p2|6
|start
|switch|p1a: Arcanine|Arcanine-Hisui, F|100/100
|switch|p2a: Greninja|Greninja, M, shiny|100/100
|turn|1
|
|t:|1760436950
|move|p1a: Arcanine|Extreme Speed|p2a: Greninja
|-damage|p2a: Greninja|57/100
|move|p2a: Greninja|Surf|p1a: Arcanine
|-start|p2a: Greninja|typechange|Water|[from] ability: Protean
|-supereffective|p1a: Arcanine
|-damage|p1a: Arcanine|0 fnt
|faint|p1a: Arcanine
|
|upkeep
|
|t:|1760436959
|switch|p1a: Araquanid|Araquanid, M|100/100
|turn|2
|
|t:|1760436966
|switch|p2a: Corviknight|Corviknight, M, shiny|100/100
|move|p1a: Araquanid|Sticky Web|p2a: Corviknight
|-sidestart|p2: sizzly scizor|move: Sticky Web
|
|upkeep
|turn|3
|inactive|Rin1604 has 120 seconds left.
|
|t:|1760437003
|switch|p1a: Vikavolt|Vikavolt, F|100/100
|move|p2a: Corviknight|Defog|p1a: Vikavolt
|-unboost|p1a: Vikavolt|evasion|1
|-sideend|p2: sizzly scizor|Sticky Web|[from] move: Defog|[of] p2a: Corviknight
|
|upkeep
|turn|4
|
|t:|1760437010
|switch|p2a: Rotom|Rotom-Heat|100/100
|move|p1a: Vikavolt|Agility|p1a: Vikavolt
|-boost|p1a: Vikavolt|spe|2
|
|upkeep
|turn|5
|
|t:|1760437016
|move|p1a: Vikavolt|Thunderbolt|p2a: Rotom
|-resisted|p2a: Rotom
|-damage|p2a: Rotom|73/100
|move|p2a: Rotom|Overheat|p1a: Vikavolt
|-supereffective|p1a: Vikavolt
|-damage|p1a: Vikavolt|0 fnt
|-unboost|p2a: Rotom|spa|2
|faint|p1a: Vikavolt
|
|upkeep
|
|t:|1760437021
|switch|p1a: Araquanid|Araquanid, M|100/100
|turn|6
|
|t:|1760437028
|move|p2a: Rotom|Volt Switch|p1a: Araquanid
|-supereffective|p1a: Araquanid
|-damage|p1a: Araquanid|81/100
|
|t:|1760437032
|switch|p2a: Corviknight|Corviknight, M, shiny|100/100|[from] Volt Switch
|move|p1a: Araquanid|Liquidation|p2a: Corviknight
|-damage|p2a: Corviknight|71/100
|-damage|p1a: Araquanid|65/100|[from] item: Rocky Helmet|[of] p2a: Corviknight
|
|upkeep
|turn|7
|
|t:|1760437054
|move|p2a: Corviknight|Defog|p1a: Araquanid
|-unboost|p1a: Araquanid|evasion|1
|move|p1a: Araquanid|Liquidation|p2a: Corviknight
|-damage|p2a: Corviknight|43/100
|-damage|p1a: Araquanid|48/100|[from] item: Rocky Helmet|[of] p2a: Corviknight
|
|upkeep
|turn|8
|
|t:|1760437061
|move|p2a: Corviknight|Roost|p2a: Corviknight
|-heal|p2a: Corviknight|93/100
|-singleturn|p2a: Corviknight|move: Roost
|move|p1a: Araquanid|Liquidation|p2a: Corviknight
|-damage|p2a: Corviknight|64/100
|-damage|p1a: Araquanid|31/100|[from] item: Rocky Helmet|[of] p2a: Corviknight
|
|upkeep
|turn|9
|
|t:|1760437073
|switch|p1a: Iron Treads|Iron Treads|100/100
|-enditem|p1a: Iron Treads|Booster Energy
|-activate|p1a: Iron Treads|ability: Quark Drive|[fromitem]
|-start|p1a: Iron Treads|quarkdriveatk
|move|p2a: Corviknight|Brave Bird|p1a: Iron Treads
|-resisted|p1a: Iron Treads
|-damage|p1a: Iron Treads|86/100
|-damage|p2a: Corviknight|59/100|[from] Recoil
|
|upkeep
|turn|10
|
|t:|1760437083
|move|p1a: Iron Treads|Supercell Slam|p2a: Corviknight
|-supereffective|p2a: Corviknight
|-damage|p2a: Corviknight|0 fnt
|-damage|p1a: Iron Treads|69/100|[from] item: Rocky Helmet|[of] p2a: Corviknight
|faint|p2a: Corviknight
|
|upkeep
|
|t:|1760437090
|switch|p2a: Rotom|Rotom-Heat|73/100
|turn|11
|-message|Rin1604 forfeited.
|
|win|sizzly scizor
|raw|Rin1604's rating: 1146 &rarr; <strong>1121</strong><br />(-25 for losing)
|raw|sizzly scizor's rating: 1152 &rarr; <strong>1177</strong><br />(+25 for winning)
|l|☆Rin1604
|player|p1|
|l|☆sizzly scizor
|player|p2|
