|j|☆nglimfaded
|j|☆darretyle2
|t:|1760436803
|gametype|singles
|player|p1|nglimfaded|miku-grass|1488
|player|p2|darretyle2|266|1485
|gen|9
|tier|[Gen 9] OU
|rated|
|rule|HP Percentage Mod: HP is shown in percentages
|rule|Endless Battle Clause: Forcing endless battles is banned
|rule|Species Clause: Limit one of each Pokémon
|rule|OHKO Clause: OHKO moves are banned
|rule|Evasion Items Clause: Evasion items are banned
|rule|Evasion Moves Clause: Evasion moves are banned
|rule|Evasion Abilities Clause: Evasion abilities are banned
|rule|Sleep Moves Clause: Sleep-inducing moves are banned
|clearpoke
|poke|p1|Volcanion|
|poke|p1|Great Tusk|
|poke|p1|Iron Crown|
|poke|p1|Weavile, M|
|poke|p1|Clodsire, M|
|poke|p1|Dragonite, F|
|poke|p2|Dondozo, F|
|poke|p2|Blissey, F|
|poke|p2|Corviknight, F|
|poke|p2|Weezing-Galar, F|
|poke|p2|Gliscor, F|
|poke|p2|Garganacl, F|
|teampreview
|
|t:|1760436842
|teamsize|p1|6
|teamsize|p2|6
|start
|switch|p1a: Great Tusk|Great Tusk|100/100
|switch|p2a: Gliscor|Gliscor, F|100/100
|turn|1
|
|t:|1760436865
|move|p2a: Gliscor|Protect|p2a: Gliscor
|-singleturn|p2a: Gliscor|Protect
|move|p1a: Great Tusk|Stealth Rock|p2a: Gliscor
|-sidestart|p2: darretyle2|move: Stealth Rock
|
|-status|p2a: Gliscor|tox|[from] item: Toxic Orb
|upkeep
|turn|2
|
|t:|1760436874
|-end|p1a: Great Tusk|Protosynthesis|[silent]
|switch|p1a: Iron Crown|Iron Crown|100/100
|switch|p2a: Corviknight|Corviknight, F|100/100
|-damage|p2a: Corviknight|88/100|[from] Stealth Rock
|-ability|p2a: Corviknight|Pressure
|
|-heal|p2a: Corviknight|94/100|[from] item: Leftovers
|upkeep
|turn|3
|
|t:|1760436911
|move|p1a: Iron Crown|Volt Switch|p2a: Corviknight
|-supereffective|p2a: Corviknight
|-damage|p2a: Corviknight|26/100
|
|t:|1760436921
|-end|p1a: Iron Crown|Quark Drive|[silent]
|switch|p1a: Volcanion|Volcanion|100/100|[from] Volt Switch
|move|p2a: Corviknight|Defog|p1a: Volcanion
|-unboost|p1a: Volcanion|evasion|1
|-sideend|p2: darretyle2|Stealth Rock|[from] move: Defog|[of] p2a: Corviknight
|
|-heal|p2a: Corviknight|32/100|[from] item: Leftovers
|upkeep
|turn|4
|
|t:|1760436943
|switch|p2a: Blissey|Blissey, F|100/100
|move|p1a: Volcanion|Flamethrower|p2a: Blissey
|-damage|p2a: Blissey|85/100
|
|-heal|p2a: Blissey|91/100|[from] item: Leftovers
|upkeep
|turn|5
|
|t:|1760436948
|switch|p1a: Clodsire|Clodsire, M|100/100
|move|p2a: Blissey|Stealth Rock|p1a: Clodsire
|-sidestart|p1: nglimfaded|move: Stealth Rock
|
|-heal|p2a: Blissey|97/100|[from] item: Leftovers
|upkeep
|turn|6
|
|t:|1760436957
|switch|p2a: Corviknight|Corviknight, F|32/100
|-ability|p2a: Corviknight|Pressure
|switch|p1a: Great Tusk|Great Tusk|100/100
|
|-heal|p2a: Corviknight|38/100|[from] item: Leftovers
|upkeep
|turn|7
|l|☆darretyle2
|player|p2|
|j|☆darretyle2
|player|p2|darretyle2|266|
|
|t:|1760436983
|move|p1a: Great Tusk|Rapid Spin|p2a: Corviknight
|-resisted|p2a: Corviknight
|-damage|p2a: Corviknight|32/100
|-boost|p1a: Great Tusk|spe|1
|-sideend|p1: nglimfaded|Stealth Rock|[from] move: Rapid Spin|[of] p1a: Great Tusk
|move|p2a: Corviknight|Roost|p2a: Corviknight
|-heal|p2a: Corviknight|82/100
|-singleturn|p2a: Corviknight|move: Roost
|
|-heal|p2a: Corviknight|89/100|[from] item: Leftovers
|upkeep
|turn|8
|
|t:|1760436988
|move|p1a: Great Tusk|Stealth Rock|p2a: Corviknight
|-sidestart|p2: darretyle2|move: Stealth Rock
|move|p2a: Corviknight|Body Press|p1a: Great Tusk
|-damage|p1a: Great Tusk|81/100
|
|-heal|p2a: Corviknight|95/100|[from] item: Leftovers
|upkeep
|turn|9
|
|t:|1760436995
|-end|p1a: Great Tusk|Protosynthesis|[silent]
|switch|p1a: Volcanion|Volcanion|100/100
|move|p2a: Corviknight|Defog|p1a: Volcanion
|-unboost|p1a: Volcanion|evasion|1
|-sideend|p2: darretyle2|Stealth Rock|[from] move: Defog|[of] p2a: Corviknight
|
|-heal|p2a: Corviknight|100/100|[from] item: Leftovers
|upkeep
|turn|10
|
|t:|1760436999
|switch|p1a: Great Tusk|Great Tusk|81/100
|switch|p2a: Dondozo|Dondozo, F|100/100
|
|upkeep
|turn|11
|
|t:|1760437003
|-end|p1a: Great Tusk|Protosynthesis|[silent]
|switch|p1a: Volcanion|Volcanion|100/100
|move|p2a: Dondozo|Avalanche|p1a: Volcanion
|-resisted|p1a: Volcanion
|-damage|p1a: Volcanion|98/100
|
|upkeep
|turn|12
|
|t:|1760437021
|switch|p2a: Blissey|Blissey, F|97/100
|move|p1a: Volcanion|Steam Eruption|p2a: Blissey
|-damage|p2a: Blissey|79/100
|
|-heal|p2a: Blissey|85/100|[from] item: Leftovers
|upkeep
|turn|13
|
|t:|1760437035
|switch|p1a: Clodsire|Clodsire, M|100/100
|move|p2a: Blissey|Stealth Rock|p1a: Clodsire
|-sidestart|p1: nglimfaded|move: Stealth Rock
|
|-heal|p2a: Blissey|91/100|[from] item: Leftovers
|upkeep
|turn|14
|
|t:|1760437044
|switch|p2a: Gliscor|Gliscor, F|100/100 tox
|move|p1a: Clodsire|Toxic|p2a: Gliscor
|-fail|p2a: Gliscor|tox
|
|upkeep
|turn|15
|
|t:|1760437053
|move|p2a: Gliscor|Knock Off|p1a: Clodsire
|-damage|p1a: Clodsire|86/100
|-damage|p2a: Gliscor|84/100 tox|[from] item: Rocky Helmet|[of] p1a: Clodsire
|-enditem|p1a: Clodsire|Rocky Helmet|[from] move: Knock Off|[of] p2a: Gliscor
|move|p1a: Clodsire|Counter|p2a: Gliscor
|-damage|p2a: Gliscor|47/100 tox
|
|-heal|p2a: Gliscor|59/100 tox|[from] ability: Poison Heal
|upkeep
|turn|16
|
|t:|1760437077
|move|p2a: Gliscor|Spikes|p1a: Clodsire
|-sidestart|p1: nglimfaded|Spikes
|move|p1a: Clodsire|Toxic|p2a: Gliscor
|-fail|p2a: Gliscor|tox
|
|-heal|p2a: Gliscor|72/100 tox|[from] ability: Poison Heal
|upkeep
|turn|17
|
|t:|1760437084
|switch|p1a: Great Tusk|Great Tusk|81/100
|move|p2a: Gliscor|Spikes|p1a: Great Tusk
|-sidestart|p1: nglimfaded|Spikes
|
|-heal|p2a: Gliscor|84/100 tox|[from] ability: Poison Heal
|upkeep
|turn|18
|
|t:|1760437088
|move|p1a: Great Tusk|Ice Spinner|p2a: Gliscor
|-supereffective|p2a: Gliscor
|-damage|p2a: Gliscor|0 fnt
|faint|p2a: Gliscor
|
|upkeep
|
|t:|1760437091
|switch|p2a: Corviknight|Corviknight, F|100/100
|-ability|p2a: Corviknight|Pressure
|turn|19
|
|t:|1760437095
|move|p1a: Great Tusk|Rapid Spin|p2a: Corviknight
|-resisted|p2a: Corviknight
|-damage|p2a: Corviknight|95/100
|-boost|p1a: Great Tusk|spe|1
|-sideend|p1: nglimfaded|Spikes|[from] move: Rapid Spin|[of] p1a: Great Tusk
|-sideend|p1: nglimfaded|Stealth Rock|[from] move: Rapid Spin|[of] p1a: Great Tusk
|move|p2a: Corviknight|Iron Defense|p2a: Corviknight
|-boost|p2a: Corviknight|def|2
|
|-heal|p2a: Corviknight|100/100|[from] item: Leftovers
|upkeep
|turn|20
|
|t:|1760437100
|-end|p1a: Great Tusk|Protosynthesis|[silent]
|switch|p1a: Clodsire|Clodsire, M|86/100
|move|p2a: Corviknight|Body Press|p1a: Clodsire
|-resisted|p1a: Clodsire
|-damage|p1a: Clodsire|76/100
|
|upkeep
|turn|21
|
|t:|1760437103
|move|p2a: Corviknight|Iron Defense|p2a: Corviknight
|-boost|p2a: Corviknight|def|2
|move|p1a: Clodsire|Recover|p1a: Clodsire
|-heal|p1a: Clodsire|100/100
|
|upkeep
|turn|22
|
|t:|1760437105
|move|p2a: Corviknight|Iron Defense|p2a: Corviknight
|-boost|p2a: Corviknight|def|2
|move|p1a: Clodsire|Counter||[still]
|-fail|p1a: Clodsire
|
|upkeep
|turn|23
|
|t:|1760437110
|move|p2a: Corviknight|Iron Defense|p2a: Corviknight
|-boost|p2a: Corviknight|def|0
|move|p1a: Clodsire|Toxic|p2a: Corviknight
|-immune|p2a: Corviknight
|
|upkeep
|turn|24
|
|t:|1760437115
|move|p2a: Corviknight|Iron Defense|p2a: Corviknight
|-boost|p2a: Corviknight|def|0
|move|p1a: Clodsire|Toxic|p2a: Corviknight
|-immune|p2a: Corviknight
|
|upkeep
|turn|25
|
|t:|1760437122
|move|p2a: Corviknight|Body Press|p1a: Clodsire
|-resisted|p1a: Clodsire
|-damage|p1a: Clodsire|91/100
|move|p1a: Clodsire|Toxic|p2a: Corviknight
|-immune|p2a: Corviknight
|
|upkeep
|turn|26
|
|t:|1760437142
|move|p2a: Corviknight|Iron Defense|p2a: Corviknight
|-boost|p2a: Corviknight|def|0
|move|p1a: Clodsire|Toxic|p2a: Corviknight
|-immune|p2a: Corviknight
|
|upkeep
|turn|27
|
|t:|1760437146
|move|p2a: Corviknight|Iron Defense|p2a: Corviknight
|-boost|p2a: Corviknight|def|0
|move|p1a: Clodsire|Toxic|p2a: Corviknight
|-immune|p2a: Corviknight
|
|upkeep
|turn|28
|
|t:|1760437148
|move|p2a: Corviknight|Iron Defense|p2a: Corviknight
|-boost|p2a: Corviknight|def|0
|move|p1a: Clodsire|Toxic|p2a: Corviknight
|-immune|p2a: Corviknight
|
|upkeep
|turn|29
|
|t:|1760437150
|move|p2a: Corviknight|Iron Defense|p2a: Corviknight
|-boost|p2a: Corviknight|def|0
|move|p1a: Clodsire|Toxic|p2a: Corviknight
|-immune|p2a: Corviknight
|
|upkeep
|turn|30
|
|t:|1760437153
|move|p2a: Corviknight|Defog|p1a: Clodsire
|-unboost|p1a: Clodsire|evasion|1
|move|p1a: Clodsire|Earthquake|p2a: Corviknight
|-immune|p2a: Corviknight
|
|upkeep
|turn|31
|
|t:|1760437156
|move|p2a: Corviknight|Defog|p1a: Clodsire
|-unboost|p1a: Clodsire|evasion|1
|move|p1a: Clodsire|Earthquake|p2a: Corviknight
|-immune|p2a: Corviknight
|
|upkeep
|turn|32
|
|t:|1760437243
|move|p2a: Corviknight|Defog|p1a: Clodsire
|-unboost|p1a: Clodsire|evasion|1
|move|p1a: Clodsire|Counter||[still]
|-fail|p1a: Clodsire
|
|upkeep
|turn|33
|
|t:|1760437247
|move|p2a: Corviknight|Defog|p1a: Clodsire
|-unboost|p1a: Clodsire|evasion|1
|move|p1a: Clodsire|Counter||[still]
|-fail|p1a: Clodsire
|
|upkeep
|turn|34
|
|t:|1760437250
|switch|p1a: Volcanion|Volcanion|98/100
|move|p2a: Corviknight|Defog|p1a: Volcanion
|-unboost|p1a: Volcanion|evasion|1
|
|upkeep
|turn|35
|
|t:|1760437253
|move|p1a: Volcanion|Flamethrower|p2a: Corviknight
|-supereffective|p2a: Corviknight
|-damage|p2a: Corviknight|0 fnt
|faint|p2a: Corviknight
|
|upkeep
|l|☆darretyle2
|player|p2|
|inactive|Battle timer is ON: inactive players will automatically lose when time's up. (requested by nglimfaded)
|inactive|darretyle2 has 30 seconds to reconnect!
|inactive|darretyle2 has 20 seconds to reconnect!
|inactive|darretyle2 has 15 seconds to reconnect!
|inactive|darretyle2 has 10 seconds to reconnect!
|inactive|darretyle2 has 5 seconds to reconnect!
|-message|darretyle2 lost due to inactivity.
|
|win|nglimfaded
|raw|nglimfaded's rating: 1488 &rarr; <strong>1508</strong><br />(+20 for winning)
|raw|darretyle2's rating: 1485 &rarr; <strong>1465</strong><br />(-20 for losing)
