|j|☆Top1SSSsteenee
|j|☆Ninten05
|t:|1760433614
|gametype|singles
|player|p1|Top1SSSsteenee|mallow|1129
|player|p2|Ninten05|shauntal|1175
|gen|9
|tier|[Gen 9] OU
|rated|
|rule|HP Percentage Mod: HP is shown in percentages
|rule|Endless Battle Clause: Forcing endless battles is banned
|rule|Species Clause: Limit one of each Pokémon
|rule|OHKO Clause: OHKO moves are banned
|rule|Evasion Items Clause: Evasion items are banned
|rule|Evasion Moves Clause: Evasion moves are banned
|rule|Evasion Abilities Clause: Evasion abilities are banned
|rule|Sleep Moves Clause: Sleep-inducing moves are banned
|clearpoke
|poke|p1|Ninetales-Alola, F|
|poke|p1|Cetitan, M|
|poke|p1|Kyurem|
|poke|p1|Slowking-Galar, M|
|poke|p1|Sandslash-Alola, M|
|poke|p1|Hatterene, F|
|poke|p2|Azumarill, M|
|poke|p2|Revavroom, F|
|poke|p2|Glimmora, F|
|poke|p2|Lokix, F|
|poke|p2|Goodra-Hisui, M|
|poke|p2|Pecharunt|
|teampreview
|c|☆Ninten05|good luck
|
|t:|1760433635
|teamsize|p1|6
|teamsize|p2|6
|start
|switch|p1a: Oh what fun|Slowking-Galar, M|100/100
|switch|p2a: FleurMagik|Glimmora, F, shiny|100/100
|turn|1
|
|t:|1760433641
|move|p2a: FleurMagik|Spiky Shield|p2a: FleurMagik
|-singleturn|p2a: FleurMagik|move: Protect
|-prepare|p1a: Oh what fun|Chilly Reception|[premajor]
|move|p1a: Oh what fun|Chilly Reception|p1a: Oh what fun
|-weather|Snowscape
|
|t:|1760433665
|switch|p1a: Jingle all the way|Kyurem|100/100|[from] Chilly Reception
|-ability|p1a: Jingle all the way|Pressure
|
|-weather|Snowscape|[upkeep]
|upkeep
|turn|2
|
|t:|1760433671
|move|p1a: Jingle all the way|Earth Power|p2a: FleurMagik
|-supereffective|p2a: FleurMagik
|-enditem|p2a: FleurMagik|Focus Sash
|-damage|p2a: FleurMagik|1/100
|move|p2a: FleurMagik|Stealth Rock|p1a: Jingle all the way
|-sidestart|p1: Top1SSSsteenee|move: Stealth Rock
|
|-weather|Snowscape|[upkeep]
|upkeep
|turn|3
|
|t:|1760433678
|move|p2a: FleurMagik|Spiky Shield|p2a: FleurMagik
|-singleturn|p2a: FleurMagik|move: Protect
|move|p1a: Jingle all the way|Earth Power|p2a: FleurMagik
|-activate|p2a: FleurMagik|move: Protect
|
|-weather|Snowscape|[upkeep]
|upkeep
|turn|4
|
|t:|1760433685
|move|p1a: Jingle all the way|Earth Power|p2a: FleurMagik
|-supereffective|p2a: FleurMagik
|-crit|p2a: FleurMagik
|-damage|p2a: FleurMagik|0 fnt
|faint|p2a: FleurMagik
|
|-weather|Snowscape|[upkeep]
|upkeep
|
|t:|1760433695
|switch|p2a: Kinder|Azumarill, M, shiny|100/100
|turn|5
|
|t:|1760433720
|move|p1a: Jingle all the way|Earth Power|p2a: Kinder
|-damage|p2a: Kinder|49/100
|move|p2a: Kinder|Belly Drum||[still]
|-fail|p2a: Kinder
|
|-weather|none
|upkeep
|turn|6
|
|t:|1760433733
|move|p1a: Jingle all the way|Earth Power|p2a: Kinder
|-damage|p2a: Kinder|4/100
|-enditem|p2a: Kinder|Aguav Berry|[eat]
|-heal|p2a: Kinder|37/100|[from] item: Aguav Berry
|move|p2a: Kinder|Play Rough|p1a: Jingle all the way|[miss]
|-miss|p2a: Kinder|p1a: Jingle all the way
|
|upkeep
|turn|7
|
|t:|1760433745
|move|p1a: Jingle all the way|Earth Power|p2a: Kinder
|-damage|p2a: Kinder|0 fnt
|faint|p2a: Kinder
|
|upkeep
|c|☆Ninten05|well
|c|☆Ninten05|this is akward
|
|t:|1760433757
|switch|p2a: Kanker|Pecharunt|100/100
|turn|8
|
|t:|1760433765
|move|p1a: Jingle all the way|Earth Power|p2a: Kanker
|-supereffective|p2a: Kanker
|-damage|p2a: Kanker|13/100
|move|p2a: Kanker|Malignant Chain|p1a: Jingle all the way
|-damage|p1a: Jingle all the way|55/100
|-status|p1a: Jingle all the way|tox
|-start|p1a: Jingle all the way|confusion|[from] ability: Poison Puppeteer|[of] p2a: Kanker
|
|-heal|p2a: Kanker|19/100|[from] item: Black Sludge
|-damage|p1a: Jingle all the way|49/100 tox|[from] psn
|upkeep
|turn|9
|
|t:|1760433776
|move|p2a: Kanker|Protect|p2a: Kanker
|-singleturn|p2a: Kanker|Protect
|-activate|p1a: Jingle all the way|confusion
|move|p1a: Jingle all the way|Earth Power|p2a: Kanker
|-activate|p2a: Kanker|move: Protect
|
|-heal|p2a: Kanker|25/100|[from] item: Black Sludge
|-damage|p1a: Jingle all the way|37/100 tox|[from] psn
|upkeep
|turn|10
|
|t:|1760433785
|-activate|p1a: Jingle all the way|confusion
|move|p1a: Jingle all the way|Earth Power|p2a: Kanker
|-supereffective|p2a: Kanker
|-damage|p2a: Kanker|0 fnt
|faint|p2a: Kanker
|
|-damage|p1a: Jingle all the way|18/100 tox|[from] psn
|upkeep
|
|t:|1760433792
|switch|p2a: GOGOGO|Lokix, F, shiny|100/100
|turn|11
|
|t:|1760433795
|move|p2a: GOGOGO|First Impression|p1a: Jingle all the way
|-damage|p1a: Jingle all the way|0 fnt
|faint|p1a: Jingle all the way
|
|upkeep
|
|t:|1760433800
|switch|p1a: Jingle bells|Ninetales-Alola, F|100/100
|-damage|p1a: Jingle bells|76/100|[from] Stealth Rock
|-weather|Snowscape|[from] ability: Snow Warning|[of] p1a: Jingle bells
|turn|12
|
|t:|1760433809
|move|p1a: Jingle bells|Freeze-Dry|p2a: GOGOGO
|-damage|p2a: GOGOGO|62/100
|move|p2a: GOGOGO|Knock Off|p1a: Jingle bells
|-resisted|p1a: Jingle bells
|-damage|p1a: Jingle bells|39/100
|-enditem|p1a: Jingle bells|Eject Button|[from] move: Knock Off|[of] p2a: GOGOGO
|
|-weather|Snowscape|[upkeep]
|-heal|p2a: GOGOGO|68/100|[from] item: Leftovers
|upkeep
|turn|13
|
|t:|1760433818
|move|p2a: GOGOGO|Sucker Punch|p1a: Jingle bells
|-resisted|p1a: Jingle bells
|-damage|p1a: Jingle bells|15/100
|move|p1a: Jingle bells|Freeze-Dry|p2a: GOGOGO
|-damage|p2a: GOGOGO|31/100
|
|-weather|Snowscape|[upkeep]
|-heal|p2a: GOGOGO|37/100|[from] item: Leftovers
|upkeep
|turn|14
|
|t:|1760433826
|move|p1a: Jingle bells|Encore|p2a: GOGOGO
|-start|p2a: GOGOGO|Encore
|move|p2a: GOGOGO|Sucker Punch||[still]
|-fail|p2a: GOGOGO
|
|-weather|Snowscape|[upkeep]
|-heal|p2a: GOGOGO|43/100|[from] item: Leftovers
|upkeep
|turn|15
|
|t:|1760433832
|move|p2a: GOGOGO|Sucker Punch|p1a: Jingle bells
|-resisted|p1a: Jingle bells
|-damage|p1a: Jingle bells|0 fnt
|faint|p1a: Jingle bells
|
|-weather|Snowscape|[upkeep]
|-heal|p2a: GOGOGO|49/100|[from] item: Leftovers
|upkeep
|
|t:|1760433849
|switch|p1a: It is to ride at a|Sandslash-Alola, M|100/100
|-damage|p1a: It is to ride at a|88/100|[from] Stealth Rock
|turn|16
|
|t:|1760433860
|switch|p2a: VroumVroum|Revavroom, F, shiny|100/100
|-item|p2a: VroumVroum|Air Balloon
|move|p1a: It is to ride at a|Triple Axel|p2a: VroumVroum|[miss]
|-miss|p1a: It is to ride at a|p2a: VroumVroum
|
|-weather|none
|upkeep
|turn|17
|
|t:|1760433877
|move|p2a: VroumVroum|Shift Gear|p2a: VroumVroum
|-boost|p2a: VroumVroum|spe|2
|-boost|p2a: VroumVroum|atk|1
|move|p1a: It is to ride at a|Triple Axel|p2a: VroumVroum
|-resisted|p2a: VroumVroum
|-damage|p2a: VroumVroum|91/100
|-enditem|p2a: VroumVroum|Air Balloon
|-resisted|p2a: VroumVroum
|-damage|p2a: VroumVroum|74/100
|-resisted|p2a: VroumVroum
|-damage|p2a: VroumVroum|46/100
|-hitcount|p2a: VroumVroum|3
|
|upkeep
|turn|18
|
|t:|1760433896
|move|p2a: VroumVroum|Iron Head|p1a: It is to ride at a
|-damage|p1a: It is to ride at a|27/100
|move|p1a: It is to ride at a|Triple Axel|p2a: VroumVroum|[miss]
|-miss|p1a: It is to ride at a|p2a: VroumVroum
|
|upkeep
|turn|19
|
|t:|1760433902
|move|p2a: VroumVroum|Iron Head|p1a: It is to ride at a
|-damage|p1a: It is to ride at a|0 fnt
|faint|p1a: It is to ride at a
|
|upkeep
|
|t:|1760433910
|switch|p1a: Oh what fun|Slowking-Galar, M|100/100
|turn|20
|
|t:|1760433914
|move|p2a: VroumVroum|Iron Head|p1a: Oh what fun
|-damage|p1a: Oh what fun|43/100
|-prepare|p1a: Oh what fun|Chilly Reception|[premajor]
|move|p1a: Oh what fun|Chilly Reception|p1a: Oh what fun
|-weather|Snowscape
|
|t:|1760433924
|switch|p1a: Jingle bell|Cetitan, M|100/100|[from] Chilly Reception
|-damage|p1a: Jingle bell|76/100|[from] Stealth Rock
|
|-weather|Snowscape|[upkeep]
|upkeep
|turn|21
|
|t:|1760433931
|move|p2a: VroumVroum|Iron Head|p1a: Jingle bell
|-supereffective|p1a: Jingle bell
|-damage|p1a: Jingle bell|0 fnt
|faint|p1a: Jingle bell
|
|-weather|Snowscape|[upkeep]
|upkeep
|
|t:|1760433936
|switch|p1a: Oh what fun|Slowking-Galar, M|76/100
|turn|22
|
|t:|1760433939
|move|p2a: VroumVroum|Iron Head|p1a: Oh what fun
|-damage|p1a: Oh what fun|19/100
|move|p1a: Oh what fun|Flamethrower|p2a: VroumVroum
|-supereffective|p2a: VroumVroum
|-damage|p2a: VroumVroum|0 fnt
|faint|p2a: VroumVroum
|
|-weather|Snowscape|[upkeep]
|upkeep
|
|t:|1760433946
|switch|p2a: GOGOGO|Lokix, F, shiny|49/100
|turn|23
|
|t:|1760433949
|switch|p1a: One horse straight|Hatterene, F|100/100
|-damage|p1a: One horse straight|88/100|[from] Stealth Rock
|move|p2a: GOGOGO|First Impression|p1a: One horse straight
|-damage|p1a: One horse straight|56/100
|-enditem|p1a: One horse straight|Eject Button
|
|t:|1760433952
|switch|p1a: Oh what fun|Slowking-Galar, M|52/100
|
|-weather|Snowscape|[upkeep]
|-heal|p2a: GOGOGO|55/100|[from] item: Leftovers
|upkeep
|turn|24
|
|t:|1760433966
|switch|p1a: One horse straight|Hatterene, F|56/100
|-damage|p1a: One horse straight|44/100|[from] Stealth Rock
|move|p2a: GOGOGO|Knock Off|p1a: One horse straight
|-damage|p1a: One horse straight|19/100
|
|-weather|none
|-heal|p2a: GOGOGO|61/100|[from] item: Leftovers
|upkeep
|turn|25
|
|t:|1760433976
|move|p2a: GOGOGO|Knock Off|p1a: One horse straight
|-damage|p1a: One horse straight|0 fnt
|faint|p1a: One horse straight
|
|-heal|p2a: GOGOGO|67/100|[from] item: Leftovers
|upkeep
|
|t:|1760433978
|switch|p1a: Oh what fun|Slowking-Galar, M|86/100
|turn|26
|
|t:|1760433983
|-terastallize|p1a: Oh what fun|Water
|move|p2a: GOGOGO|Leech Life|p1a: Oh what fun
|-damage|p1a: Oh what fun|54/100
|-heal|p2a: GOGOGO|89/100|[from] drain|[of] p1a: Oh what fun
|move|p1a: Oh what fun|Flamethrower|p2a: GOGOGO
|-supereffective|p2a: GOGOGO
|-damage|p2a: GOGOGO|0 fnt
|faint|p2a: GOGOGO
|
|upkeep
|
|t:|1760433992
|switch|p2a: Mood|Goodra-Hisui, M|100/100
|turn|27
|c|☆Top1SSSsteenee|Gg
|
|t:|1760434009
|move|p2a: Mood|Thunderbolt|p1a: Oh what fun
|-supereffective|p1a: Oh what fun
|-damage|p1a: Oh what fun|14/100
|move|p1a: Oh what fun|Ice Beam|p2a: Mood
|-damage|p2a: Mood|91/100
|-status|p2a: Mood|frz
|
|upkeep
|turn|28
|c|☆Ninten05|gg :(
|
|t:|1760434022
|cant|p2a: Mood|frz
|move|p1a: Oh what fun|Ice Beam|p2a: Mood
|-damage|p2a: Mood|80/100 frz
|
|upkeep
|turn|29
|
|t:|1760434030
|cant|p2a: Mood|frz
|move|p1a: Oh what fun|Ice Beam|p2a: Mood
|-damage|p2a: Mood|71/100 frz
|
|upkeep
|turn|30
|
|t:|1760434049
|cant|p2a: Mood|frz
|move|p1a: Oh what fun|Ice Beam|p2a: Mood
|-damage|p2a: Mood|60/100 frz
|
|upkeep
|turn|31
|
|t:|1760434054
|cant|p2a: Mood|frz
|move|p1a: Oh what fun|Ice Beam|p2a: Mood
|-damage|p2a: Mood|49/100 frz
|
|upkeep
|turn|32
|c|☆Top1SSSsteenee|You still win
|c|☆Top1SSSsteenee|I think
|c|☆Ninten05|idk
|
|t:|1760434071
|cant|p2a: Mood|frz
|move|p1a: Oh what fun|Ice Beam|p2a: Mood
|-damage|p2a: Mood|39/100 frz
|
|upkeep
|turn|33
|
|t:|1760434078
|-curestatus|p2a: Mood|frz|[msg]
|move|p2a: Mood|Thunderbolt|p1a: Oh what fun
|-supereffective|p1a: Oh what fun
|-damage|p1a: Oh what fun|0 fnt
|faint|p1a: Oh what fun
|
|win|Ninten05
|raw|Top1SSSsteenee's rating: 1129 &rarr; <strong>1107</strong><br />(-22 for losing)
|raw|Ninten05's rating: 1175 &rarr; <strong>1197</strong><br />(+22 for winning)
|c|☆Ninten05|gg
|l|☆Ninten05
|player|p2|
|c|☆Top1SSSsteenee|Gg
|l|☆Top1SSSsteenee
|player|p1|
