|j|☆Themusiqking
|j|☆maiborra
|t:|1760432007
|gametype|singles
|player|p1|Themusiqking|1|1246
|player|p2|maiborra|2|1181
|gen|9
|tier|[Gen 9] OU
|rated|
|rule|HP Percentage Mod: HP is shown in percentages
|rule|Endless Battle Clause: Forcing endless battles is banned
|rule|Species Clause: Limit one of each Pokémon
|rule|OHKO Clause: OHKO moves are banned
|rule|Evasion Items Clause: Evasion items are banned
|rule|Evasion Moves Clause: Evasion moves are banned
|rule|Evasion Abilities Clause: Evasion abilities are banned
|rule|Sleep Moves Clause: Sleep-inducing moves are banned
|clearpoke
|poke|p1|Mienshao, M|
|poke|p1|Moltres-Galar|
|poke|p1|Slowking-Galar, F|
|poke|p1|Alomomola, F|
|poke|p1|Excadrill, F|
|poke|p1|Tornadus-Therian, M|
|poke|p2|Azelf|
|poke|p2|Iron Valiant|
|poke|p2|Kingambit, M|
|poke|p2|Great Tusk|
|poke|p2|Iron Moth|
|poke|p2|Ogerpon-Wellspring, F|
|teampreview
|
|t:|1760432046
|teamsize|p1|6
|teamsize|p2|6
|start
|switch|p1a: Slowking|Slowking-Galar, F|100/100
|switch|p2a: Azelf|Azelf|100/100
|turn|1
|
|t:|1760432067
|move|p2a: Azelf|Taunt|p1a: Slowking
|-start|p1a: Slowking|move: Taunt
|move|p1a: Slowking|Sludge Bomb|p2a: Azelf
|-damage|p2a: Azelf|1/100
|
|upkeep
|turn|2
|
|t:|1760432076
|move|p2a: Azelf|Stealth Rock|p1a: Slowking
|-sidestart|p1: Themusiqking|move: Stealth Rock
|move|p1a: Slowking|Sludge Bomb|p2a: Azelf
|-damage|p2a: Azelf|0 fnt
|faint|p2a: Azelf
|
|upkeep
|
|t:|1760432084
|switch|p2a: Great Tusk|Great Tusk|100/100
|-enditem|p2a: Great Tusk|Booster Energy
|-activate|p2a: Great Tusk|ability: Protosynthesis|[fromitem]
|-start|p2a: Great Tusk|protosynthesisatk
|turn|3
|
|t:|1760432100
|switch|p1a: Alomomola|Alomomola, F|100/100
|-damage|p1a: Alomomola|88/100|[from] Stealth Rock
|move|p2a: Great Tusk|Rapid Spin|p1a: Alomomola
|-damage|p1a: Alomomola|72/100
|-boost|p2a: Great Tusk|spe|1
|-damage|p2a: Great Tusk|84/100|[from] item: Rocky Helmet|[of] p1a: Alomomola
|
|upkeep
|turn|4
|
|t:|1760432106
|move|p2a: Great Tusk|Close Combat|p1a: Alomomola
|-damage|p1a: Alomomola|23/100
|-unboost|p2a: Great Tusk|def|1
|-unboost|p2a: Great Tusk|spd|1
|-damage|p2a: Great Tusk|68/100|[from] item: Rocky Helmet|[of] p1a: Alomomola
|move|p1a: Alomomola|Flip Turn|p2a: Great Tusk
|-supereffective|p2a: Great Tusk
|-crit|p2a: Great Tusk
|-damage|p2a: Great Tusk|17/100
|
|t:|1760432117
|switch|p1a: Mienshao|Mienshao, M|100/100|[from] Flip Turn
|-damage|p1a: Mienshao|94/100|[from] Stealth Rock
|
|upkeep
|turn|5
|
|t:|1760432122
|move|p1a: Mienshao|Fake Out|p2a: Great Tusk
|-damage|p2a: Great Tusk|0 fnt
|faint|p2a: Great Tusk
|-end|p2a: Great Tusk|Protosynthesis|[silent]
|-damage|p1a: Mienshao|84/100|[from] item: Life Orb
|
|upkeep
|
|t:|1760432128
|switch|p2a: Iron Valiant|Iron Valiant|100/100
|-enditem|p2a: Iron Valiant|Booster Energy
|-activate|p2a: Iron Valiant|ability: Quark Drive|[fromitem]
|-start|p2a: Iron Valiant|quarkdrivespe
|turn|6
|
|t:|1760432148
|switch|p1a: Slowking|Slowking-Galar, F|100/100
|-damage|p1a: Slowking|88/100|[from] Stealth Rock
|move|p2a: Iron Valiant|Encore||[still]
|-fail|p2a: Iron Valiant
|
|upkeep
|turn|7
|
|t:|1760432158
|-end|p2a: Iron Valiant|Quark Drive|[silent]
|switch|p2a: Kingambit|Kingambit, M|100/100
|-activate|p2a: Kingambit|ability: Supreme Overlord
|-start|p2a: Kingambit|fallen2|[silent]
|-item|p2a: Kingambit|Air Balloon
|move|p1a: Slowking|Flamethrower|p2a: Kingambit
|-supereffective|p2a: Kingambit
|-damage|p2a: Kingambit|5/100
|-enditem|p2a: Kingambit|Air Balloon
|
|upkeep
|turn|8
|
|t:|1760432169
|move|p2a: Kingambit|Kowtow Cleave|p1a: Slowking
|-supereffective|p1a: Slowking
|-crit|p1a: Slowking
|-damage|p1a: Slowking|0 fnt
|faint|p1a: Slowking
|
|upkeep
|
|t:|1760432175
|switch|p1a: Mienshao|Mienshao, M|100/100
|-damage|p1a: Mienshao|94/100|[from] Stealth Rock
|turn|9
|
|t:|1760432198
|-terastallize|p2a: Kingambit|Ghost
|move|p1a: Mienshao|Fake Out|p2a: Kingambit
|-immune|p2a: Kingambit
|move|p2a: Kingambit|Swords Dance|p2a: Kingambit
|-boost|p2a: Kingambit|atk|2
|
|upkeep
|turn|10
|
|t:|1760432220
|move|p2a: Kingambit|Sucker Punch|p1a: Mienshao
|-resisted|p1a: Mienshao
|-damage|p1a: Mienshao|2/100
|move|p1a: Mienshao|U-turn|p2a: Kingambit
|-resisted|p2a: Kingambit
|-damage|p2a: Kingambit|0 fnt
|faint|p2a: Kingambit
|-end|p2a: Kingambit|fallen2|[silent]
|-damage|p1a: Mienshao|0 fnt|[from] item: Life Orb
|faint|p1a: Mienshao
|
|upkeep
|
|t:|1760432248
|switch|p1a: Excadrill|Excadrill, F, shiny|100/100
|switch|p2a: Iron Moth|Iron Moth|100/100
|-damage|p1a: Excadrill|97/100|[from] Stealth Rock
|-ability|p1a: Excadrill|Mold Breaker
|-enditem|p2a: Iron Moth|Booster Energy
|-activate|p2a: Iron Moth|ability: Quark Drive|[fromitem]
|-start|p2a: Iron Moth|quarkdrivespa
|turn|11
|
|t:|1760432259
|-terastallize|p1a: Excadrill|Ground
|move|p2a: Iron Moth|Fiery Dance|p1a: Excadrill
|-damage|p1a: Excadrill|46/100
|move|p1a: Excadrill|Rapid Spin|p2a: Iron Moth
|-crit|p2a: Iron Moth
|-damage|p2a: Iron Moth|56/100
|-boost|p1a: Excadrill|spe|1
|-sideend|p1: Themusiqking|Stealth Rock|[from] move: Rapid Spin|[of] p1a: Excadrill
|
|-heal|p1a: Excadrill|52/100|[from] item: Leftovers
|upkeep
|turn|12
|
|t:|1760432266
|move|p2a: Iron Moth|Fiery Dance|p1a: Excadrill
|-damage|p1a: Excadrill|0 fnt
|faint|p1a: Excadrill
|
|upkeep
|
|t:|1760432313
|switch|p1a: Alomomola|Alomomola, F|57/100
|turn|13
|
|t:|1760432316
|move|p2a: Iron Moth|Discharge|p1a: Alomomola
|-supereffective|p1a: Alomomola
|-damage|p1a: Alomomola|0 fnt
|faint|p1a: Alomomola
|
|upkeep
|
|t:|1760432321
|switch|p1a: Tornadus|Tornadus-Therian, M|100/100
|turn|14
|
|t:|1760432326
|move|p1a: Tornadus|Bleakwind Storm|p2a: Iron Moth
|-damage|p2a: Iron Moth|0 fnt
|faint|p2a: Iron Moth
|-end|p2a: Iron Moth|Quark Drive|[silent]
|
|upkeep
|
|t:|1760432329
|switch|p2a: Iron Valiant|Iron Valiant|100/100
|turn|15
|
|t:|1760432414
|move|p1a: Tornadus|Bleakwind Storm|p2a: Iron Valiant
|-supereffective|p2a: Iron Valiant
|-damage|p2a: Iron Valiant|0 fnt
|faint|p2a: Iron Valiant
|-end|p2a: Iron Valiant|Quark Drive|[silent]
|
|upkeep
|
|t:|1760432425
|switch|p2a: Ogerpon|Ogerpon-Wellspring, F|100/100
|turn|16
|
|t:|1760432466
|move|p1a: Tornadus|Bleakwind Storm|p2a: Ogerpon
|-supereffective|p2a: Ogerpon
|-damage|p2a: Ogerpon|0 fnt
|faint|p2a: Ogerpon
|
|win|Themusiqking
|raw|Themusiqking's rating: 1246 &rarr; <strong>1266</strong><br />(+20 for winning)
|raw|maiborra's rating: 1181 &rarr; <strong>1161</strong><br />(-20 for losing)
|l|☆Themusiqking
|player|p1|
