|j|☆klefki_did_it
|j|☆DragonHunter994
|t:|1760447811
|gametype|singles
|player|p1|klefki_did_it|pokemonbreeder-gen4|1369
|player|p2|DragonHunter994|2|1411
|gen|9
|tier|[Gen 9] OU
|rated|
|rule|HP Percentage Mod: HP is shown in percentages
|rule|Endless Battle Clause: Forcing endless battles is banned
|rule|Species Clause: Limit one of each Pokémon
|rule|OHKO Clause: OHKO moves are banned
|rule|Evasion Items Clause: Evasion items are banned
|rule|Evasion Moves Clause: Evasion moves are banned
|rule|Evasion Abilities Clause: Evasion abilities are banned
|rule|Sleep Moves Clause: Sleep-inducing moves are banned
|clearpoke
|poke|p1|Staraptor, F|
|poke|p1|Kingambit, F|
|poke|p1|Emboar, M|
|poke|p1|Thundurus, M|
|poke|p1|Mandibuzz, F|
|poke|p1|Gardevoir, F|
|poke|p2|Pelipper, F|
|poke|p2|Clawitzer, M|
|poke|p2|Zapdos|
|poke|p2|Scizor, M|
|poke|p2|Iron Treads|
|poke|p2|Raging Bolt|
|teampreview
|inactive|Battle timer is ON: inactive players will automatically lose when time's up. (requested by klefki_did_it)
|
|t:|1760447830
|teamsize|p1|6
|teamsize|p2|6
|start
|switch|p1a: Gardevoir|Gardevoir, F|100/100
|switch|p2a: Raging Bolt|Raging Bolt|100/100
|turn|1
|
|t:|1760447835
|-end|p2a: Raging Bolt|Protosynthesis|[silent]
|switch|p2a: Pelipper|Pelipper, F|100/100
|-ability|p1a: Gardevoir|Drizzle|Trace|[from] ability: Trace|[of] p2a: Pelipper
|-weather|RainDance|[from] ability: Drizzle|[of] p1a: Gardevoir
|move|p1a: Gardevoir|Moonblast|p2a: Pelipper
|-damage|p2a: Pelipper|26/100
|
|-weather|RainDance|[upkeep]
|upkeep
|turn|2
|
|t:|1760447839
|switch|p2a: Scizor|Scizor, M|100/100
|move|p1a: Gardevoir|Moonblast|p2a: Scizor
|-resisted|p2a: Scizor
|-damage|p2a: Scizor|67/100
|
|-weather|RainDance|[upkeep]
|-heal|p2a: Scizor|74/100|[from] item: Leftovers
|upkeep
|turn|3
|
|t:|1760447843
|switch|p1a: Mandibuzz|Mandibuzz, F|100/100
|move|p2a: Scizor|U-turn|p1a: Mandibuzz
|-damage|p1a: Mandibuzz|78/100
|
|t:|1760447846
|switch|p2a: Zapdos|Zapdos|100/100|[from] U-turn
|
|-weather|RainDance|[upkeep]
|upkeep
|turn|4
|
|t:|1760447854
|switch|p1a: Gardevoir|Gardevoir, F|100/100
|-ability|p1a: Gardevoir|Static|Trace|[from] ability: Trace|[of] p2a: Zapdos
|move|p2a: Zapdos|Thunder|p1a: Gardevoir
|-damage|p1a: Gardevoir|36/100
|-status|p1a: Gardevoir|par
|
|-weather|RainDance|[upkeep]
|upkeep
|turn|5
|
|t:|1760447861
|move|p2a: Zapdos|Thunder|p1a: Gardevoir
|-damage|p1a: Gardevoir|0 fnt
|faint|p1a: Gardevoir
|
|-weather|none
|upkeep
|
|t:|1760447864
|switch|p1a: Thundurus|Thundurus, M|100/100
|turn|6
|
|t:|1760447867
|move|p2a: Zapdos|Thunder|p1a: Thundurus
|-damage|p1a: Thundurus|16/100
|move|p1a: Thundurus|Knock Off|p2a: Zapdos
|-damage|p2a: Zapdos|48/100
|-enditem|p2a: Zapdos|Choice Scarf|[from] move: Knock Off|[of] p1a: Thundurus
|-damage|p1a: Thundurus|7/100|[from] item: Life Orb
|
|upkeep
|turn|7
|
|t:|1760447880
|switch|p2a: Raging Bolt|Raging Bolt|100/100
|move|p1a: Thundurus|Knock Off|p2a: Raging Bolt
|-damage|p2a: Raging Bolt|69/100
|-enditem|p2a: Raging Bolt|Leftovers|[from] move: Knock Off|[of] p1a: Thundurus
|-damage|p1a: Thundurus|0 fnt|[from] item: Life Orb
|faint|p1a: Thundurus
|
|upkeep
|
|t:|1760447893
|switch|p1a: Kingambit|Kingambit, F|100/100
|-activate|p1a: Kingambit|ability: Supreme Overlord
|-start|p1a: Kingambit|fallen2|[silent]
|turn|8
|
|t:|1760447899
|move|p2a: Raging Bolt|Thunder|p1a: Kingambit
|-damage|p1a: Kingambit|33/100
|move|p1a: Kingambit|Substitute|p1a: Kingambit
|-start|p1a: Kingambit|Substitute
|-damage|p1a: Kingambit|8/100
|
|-heal|p1a: Kingambit|14/100|[from] item: Leftovers
|upkeep
|turn|9
|
|t:|1760447908
|move|p1a: Kingambit|Sucker Punch|p2a: Raging Bolt
|-damage|p2a: Raging Bolt|25/100
|move|p2a: Raging Bolt|Thunder|p1a: Kingambit
|-end|p1a: Kingambit|Substitute
|
|-heal|p1a: Kingambit|20/100|[from] item: Leftovers
|upkeep
|turn|10
|
|t:|1760447916
|-end|p2a: Raging Bolt|Protosynthesis|[silent]
|switch|p2a: Pelipper|Pelipper, F|26/100
|-weather|RainDance|[from] ability: Drizzle|[of] p2a: Pelipper
|-end|p1a: Kingambit|fallen2|[silent]
|switch|p1a: Emboar|Emboar, M, shiny|100/100
|
|-weather|RainDance|[upkeep]
|upkeep
|turn|11
|
|t:|1760447925
|move|p1a: Emboar|Sucker Punch|p2a: Pelipper
|-damage|p2a: Pelipper|0 fnt
|faint|p2a: Pelipper
|
|-weather|RainDance|[upkeep]
|upkeep
|
|t:|1760447938
|switch|p2a: Clawitzer|Clawitzer, M, shiny|100/100
|turn|12
|
|t:|1760447946
|move|p1a: Emboar|Sucker Punch|p2a: Clawitzer
|-damage|p2a: Clawitzer|54/100
|move|p2a: Clawitzer|Water Pulse|p1a: Emboar
|-supereffective|p1a: Emboar
|-damage|p1a: Emboar|0 fnt
|faint|p1a: Emboar
|
|-weather|RainDance|[upkeep]
|upkeep
|
|t:|1760447953
|switch|p1a: Kingambit|Kingambit, F|20/100
|-activate|p1a: Kingambit|ability: Supreme Overlord
|-start|p1a: Kingambit|fallen3|[silent]
|turn|13
|
|t:|1760447962
|move|p1a: Kingambit|Sucker Punch|p2a: Clawitzer
|-damage|p2a: Clawitzer|0 fnt
|faint|p2a: Clawitzer
|
|-weather|RainDance|[upkeep]
|-heal|p1a: Kingambit|26/100|[from] item: Leftovers
|upkeep
|
|t:|1760447970
|switch|p2a: Iron Treads|Iron Treads|100/100
|turn|14
|
|t:|1760447974
|-end|p1a: Kingambit|fallen3|[silent]
|switch|p1a: Mandibuzz|Mandibuzz, F|78/100
|move|p2a: Iron Treads|Body Press|p1a: Mandibuzz
|-damage|p1a: Mandibuzz|67/100
|
|-weather|RainDance|[upkeep]
|upkeep
|turn|15
|
|t:|1760447984
|-end|p2a: Iron Treads|Quark Drive|[silent]
|switch|p2a: Zapdos|Zapdos|48/100
|move|p1a: Mandibuzz|Toxic|p2a: Zapdos
|-status|p2a: Zapdos|tox
|
|-weather|RainDance|[upkeep]
|-damage|p2a: Zapdos|42/100 tox|[from] psn
|upkeep
|turn|16
|
|t:|1760447995
|-terastallize|p1a: Mandibuzz|Dark
|move|p2a: Zapdos|Thunder|p1a: Mandibuzz
|-damage|p1a: Mandibuzz|19/100
|move|p1a: Mandibuzz|Roost|p1a: Mandibuzz
|-heal|p1a: Mandibuzz|69/100
|
|-weather|RainDance|[upkeep]
|-damage|p2a: Zapdos|29/100 tox|[from] psn
|upkeep
|turn|17
|
|t:|1760448003
|move|p2a: Zapdos|Thunder|p1a: Mandibuzz
|-damage|p1a: Mandibuzz|14/100
|move|p1a: Mandibuzz|Roost|p1a: Mandibuzz
|-heal|p1a: Mandibuzz|64/100
|
|-weather|none
|-damage|p2a: Zapdos|10/100 tox|[from] psn
|upkeep
|turn|18
|
|t:|1760448008
|move|p2a: Zapdos|Thunder|p1a: Mandibuzz|[miss]
|-miss|p2a: Zapdos|p1a: Mandibuzz
|move|p1a: Mandibuzz|Roost|p1a: Mandibuzz
|-heal|p1a: Mandibuzz|100/100
|
|-damage|p2a: Zapdos|0 fnt|[from] psn
|faint|p2a: Zapdos
|upkeep
|
|t:|1760448010
|switch|p2a: Scizor|Scizor, M|74/100
|turn|19
|
|t:|1760448013
|move|p1a: Mandibuzz|Foul Play|p2a: Scizor
|-damage|p2a: Scizor|11/100
|move|p2a: Scizor|U-turn|p1a: Mandibuzz
|-supereffective|p1a: Mandibuzz
|-damage|p1a: Mandibuzz|61/100
|
|t:|1760448017
|switch|p2a: Iron Treads|Iron Treads|100/100|[from] U-turn
|
|upkeep
|turn|20
|
|t:|1760448022
|move|p2a: Iron Treads|Body Press|p1a: Mandibuzz
|-supereffective|p1a: Mandibuzz
|-damage|p1a: Mandibuzz|35/100
|move|p1a: Mandibuzz|Roost|p1a: Mandibuzz
|-heal|p1a: Mandibuzz|85/100
|
|upkeep
|turn|21
|
|t:|1760448026
|move|p2a: Iron Treads|Iron Head|p1a: Mandibuzz
|-damage|p1a: Mandibuzz|63/100
|move|p1a: Mandibuzz|Foul Play|p2a: Iron Treads
|-damage|p2a: Iron Treads|47/100
|
|-heal|p2a: Iron Treads|53/100|[from] item: Leftovers
|upkeep
|turn|22
|
|t:|1760448033
|move|p2a: Iron Treads|Iron Head|p1a: Mandibuzz
|-damage|p1a: Mandibuzz|41/100
|move|p1a: Mandibuzz|Foul Play|p2a: Iron Treads
|-damage|p2a: Iron Treads|0 fnt
|faint|p2a: Iron Treads
|-end|p2a: Iron Treads|Quark Drive|[silent]
|
|upkeep
|
|t:|1760448040
|switch|p2a: Scizor|Scizor, M|11/100
|turn|23
|
|t:|1760448044
|switch|p1a: Staraptor|Staraptor, F|100/100
|move|p2a: Scizor|U-turn|p1a: Staraptor
|-resisted|p1a: Staraptor
|-damage|p1a: Staraptor|77/100
|
|t:|1760448046
|switch|p2a: Raging Bolt|Raging Bolt|25/100|[from] U-turn
|
|upkeep
|turn|24
|
|t:|1760448049
|move|p2a: Raging Bolt|Thunderclap|p1a: Staraptor
|-supereffective|p1a: Staraptor
|-damage|p1a: Staraptor|0 fnt
|faint|p1a: Staraptor
|
|upkeep
|
|t:|1760448053
|switch|p1a: Kingambit|Kingambit, F|26/100
|-activate|p1a: Kingambit|ability: Supreme Overlord
|-start|p1a: Kingambit|fallen4|[silent]
|turn|25
|
|t:|1760448059
|move|p2a: Raging Bolt|Calm Mind|p2a: Raging Bolt
|-boost|p2a: Raging Bolt|spa|1
|-boost|p2a: Raging Bolt|spd|1
|move|p1a: Kingambit|Substitute|p1a: Kingambit
|-start|p1a: Kingambit|Substitute
|-damage|p1a: Kingambit|1/100
|
|-heal|p1a: Kingambit|7/100|[from] item: Leftovers
|upkeep
|turn|26
|
|t:|1760448064
|move|p2a: Raging Bolt|Thunder|p1a: Kingambit
|-end|p1a: Kingambit|Substitute
|move|p1a: Kingambit|Iron Head|p2a: Raging Bolt
|-resisted|p2a: Raging Bolt
|-damage|p2a: Raging Bolt|0 fnt
|faint|p2a: Raging Bolt
|-end|p2a: Raging Bolt|Protosynthesis|[silent]
|
|-heal|p1a: Kingambit|14/100|[from] item: Leftovers
|upkeep
|
|t:|1760448068
|switch|p2a: Scizor|Scizor, M|11/100
|turn|27
|
|t:|1760448074
|move|p2a: Scizor|Bullet Punch|p1a: Kingambit
|-resisted|p1a: Kingambit
|-damage|p1a: Kingambit|2/100
|move|p1a: Kingambit|Sucker Punch||[still]
|-fail|p1a: Kingambit
|
|-heal|p2a: Scizor|17/100|[from] item: Leftovers
|-heal|p1a: Kingambit|8/100|[from] item: Leftovers
|upkeep
|turn|28
|
|t:|1760448079
|move|p2a: Scizor|Bullet Punch|p1a: Kingambit
|-resisted|p1a: Kingambit
|-damage|p1a: Kingambit|0 fnt
|faint|p1a: Kingambit
|-end|p1a: Kingambit|fallen4|[silent]
|
|-heal|p2a: Scizor|24/100|[from] item: Leftovers
|upkeep
|
|t:|1760448081
|switch|p1a: Mandibuzz|Mandibuzz, F, tera:Dark|41/100
|turn|29
|
|t:|1760448088
|move|p1a: Mandibuzz|Roost|p1a: Mandibuzz
|-heal|p1a: Mandibuzz|91/100
|move|p2a: Scizor|U-turn|p1a: Mandibuzz
|-supereffective|p1a: Mandibuzz
|-damage|p1a: Mandibuzz|47/100
|
|-heal|p2a: Scizor|30/100|[from] item: Leftovers
|upkeep
|turn|30
|
|t:|1760448093
|move|p1a: Mandibuzz|Foul Play|p2a: Scizor
|-damage|p2a: Scizor|0 fnt
|faint|p2a: Scizor
|
|win|klefki_did_it
|raw|klefki_did_it's rating: 1369 &rarr; <strong>1391</strong><br />(+22 for winning)
|raw|DragonHunter994's rating: 1411 &rarr; <strong>1389</strong><br />(-22 for losing)
|l|☆DragonHunter994
|player|p2|
|l|☆klefki_did_it
|player|p1|
