|j|☆Yelo_Galaxy
|j|☆siroperation
|t:|1760320035
|gametype|singles
|player|p1|Yelo_Galaxy|102|1452
|player|p2|siroperation|170|1441
|gen|9
|tier|[Gen 9] OU
|rated|
|rule|HP Percentage Mod: HP is shown in percentages
|rule|Endless Battle Clause: Forcing endless battles is banned
|rule|Species Clause: Limit one of each Pokémon
|rule|OHKO Clause: OHKO moves are banned
|rule|Evasion Items Clause: Evasion items are banned
|rule|Evasion Moves Clause: Evasion moves are banned
|rule|Evasion Abilities Clause: Evasion abilities are banned
|rule|Sleep Moves Clause: Sleep-inducing moves are banned
|clearpoke
|poke|p1|Torkoal, M|
|poke|p1|Hatterene, F|
|poke|p1|Raging Bolt|
|poke|p1|Slither Wing|
|poke|p1|Venusaur, M|
|poke|p1|Walking Wake|
|poke|p2|Conkeldurr, M|
|poke|p2|Alomomola, F|
|poke|p2|Ting-Lu|
|poke|p2|Cyclizar, F|
|poke|p2|Bronzong|
|poke|p2|Tornadus-Therian, M|
|teampreview
|
|t:|1760320044
|teamsize|p1|6
|teamsize|p2|6
|start
|switch|p1a: Slither Wing|Slither Wing|100/100
|switch|p2a: Conkeldurr|Conkeldurr, M, shiny|100/100
|turn|1
|inactive|Battle timer is ON: inactive players will automatically lose when time's up. (requested by Yelo_Galaxy)
|
|t:|1760320055
|move|p1a: Slither Wing|U-turn|p2a: Conkeldurr
|-resisted|p2a: Conkeldurr
|-damage|p2a: Conkeldurr|83/100
|
|t:|1760320057
|-end|p1a: Slither Wing|Protosynthesis|[silent]
|switch|p1a: Hatterene|Hatterene, F|100/100|[from] U-turn
|-item|p1a: Hatterene|Air Balloon
|move|p2a: Conkeldurr|Knock Off|p1a: Hatterene
|-damage|p1a: Hatterene|69/100
|-enditem|p1a: Hatterene|Air Balloon
|
|-status|p2a: Conkeldurr|brn|[from] item: Flame Orb
|upkeep
|turn|2
|
|t:|1760320065
|move|p2a: Conkeldurr|Facade|p1a: Hatterene
|-damage|p1a: Hatterene|0 fnt
|faint|p1a: Hatterene
|
|-damage|p2a: Conkeldurr|77/100 brn|[from] brn
|upkeep
|
|t:|1760320069
|switch|p1a: Raging Bolt|Raging Bolt|100/100
|turn|3
|
|t:|1760320078
|switch|p2a: Ting-Lu|Ting-Lu|100/100
|-ability|p2a: Ting-Lu|Vessel of Ruin
|move|p1a: Raging Bolt|Dragon Pulse|p2a: Ting-Lu
|-damage|p2a: Ting-Lu|73/100
|-damage|p1a: Raging Bolt|91/100|[from] item: Life Orb
|
|-heal|p2a: Ting-Lu|79/100|[from] item: Leftovers
|upkeep
|turn|4
|
|t:|1760320085
|-end|p1a: Raging Bolt|Protosynthesis|[silent]
|switch|p1a: Torkoal|Torkoal, M|100/100
|-weather|SunnyDay|[from] ability: Drought|[of] p1a: Torkoal
|move|p2a: Ting-Lu|Earthquake|p1a: Torkoal
|-supereffective|p1a: Torkoal
|-damage|p1a: Torkoal|40/100
|
|-weather|SunnyDay|[upkeep]
|-heal|p2a: Ting-Lu|85/100|[from] item: Leftovers
|upkeep
|turn|5
|
|t:|1760320095
|switch|p1a: Slither Wing|Slither Wing|100/100
|-activate|p1a: Slither Wing|ability: Protosynthesis
|-start|p1a: Slither Wing|protosynthesisatk
|move|p2a: Ting-Lu|Earthquake|p1a: Slither Wing
|-resisted|p1a: Slither Wing
|-damage|p1a: Slither Wing|75/100
|
|-weather|SunnyDay|[upkeep]
|-heal|p2a: Ting-Lu|92/100|[from] item: Leftovers
|upkeep
|turn|6
|
|t:|1760320099
|switch|p2a: Alomomola|Alomomola, F|100/100
|move|p1a: Slither Wing|U-turn|p2a: Alomomola
|-damage|p2a: Alomomola|70/100
|
|t:|1760320101
|-end|p1a: Slither Wing|Protosynthesis|[silent]
|switch|p1a: Raging Bolt|Raging Bolt|91/100|[from] U-turn
|-activate|p1a: Raging Bolt|ability: Protosynthesis
|-start|p1a: Raging Bolt|protosynthesisspa
|
|-weather|SunnyDay|[upkeep]
|upkeep
|turn|7
|
|t:|1760320112
|-terastallize|p2a: Alomomola|Fairy
|move|p1a: Raging Bolt|Solar Beam||[still]
|-prepare|p1a: Raging Bolt|Solar Beam
|-anim|p1a: Raging Bolt|Solar Beam|p2a: Alomomola
|-damage|p2a: Alomomola|0 fnt
|faint|p2a: Alomomola
|-damage|p1a: Raging Bolt|81/100|[from] item: Life Orb
|
|-weather|SunnyDay|[upkeep]
|upkeep
|
|t:|1760320128
|switch|p2a: Ting-Lu|Ting-Lu|92/100
|-ability|p2a: Ting-Lu|Vessel of Ruin
|turn|8
|
|t:|1760320132
|move|p1a: Raging Bolt|Solar Beam||[still]
|-prepare|p1a: Raging Bolt|Solar Beam
|-anim|p1a: Raging Bolt|Solar Beam|p2a: Ting-Lu
|-supereffective|p2a: Ting-Lu
|-damage|p2a: Ting-Lu|27/100
|-damage|p1a: Raging Bolt|71/100|[from] item: Life Orb
|move|p2a: Ting-Lu|Earthquake|p1a: Raging Bolt
|-supereffective|p1a: Raging Bolt
|-damage|p1a: Raging Bolt|9/100
|
|-weather|SunnyDay|[upkeep]
|-heal|p2a: Ting-Lu|34/100|[from] item: Leftovers
|upkeep
|turn|9
|
|t:|1760320154
|move|p1a: Raging Bolt|Weather Ball|p2a: Ting-Lu
|-damage|p2a: Ting-Lu|0 fnt
|faint|p2a: Ting-Lu
|-damage|p1a: Raging Bolt|0 fnt|[from] item: Life Orb
|faint|p1a: Raging Bolt
|-end|p1a: Raging Bolt|Protosynthesis|[silent]
|
|-weather|SunnyDay|[upkeep]
|upkeep
|
|t:|1760320164
|switch|p1a: Walking Wake|Walking Wake|100/100
|switch|p2a: Bronzong|Bronzong|100/100
|-activate|p1a: Walking Wake|ability: Protosynthesis
|-start|p1a: Walking Wake|protosynthesisspe
|turn|10
|
|t:|1760320166
|move|p1a: Walking Wake|Weather Ball|p2a: Bronzong
|-supereffective|p2a: Bronzong
|-damage|p2a: Bronzong|22/100
|move|p2a: Bronzong|Stealth Rock|p1a: Walking Wake
|-sidestart|p1: Yelo_Galaxy|move: Stealth Rock
|
|-weather|SunnyDay|[upkeep]
|upkeep
|turn|11
|
|t:|1760320173
|switch|p2a: Cyclizar|Cyclizar, F, shiny|100/100
|move|p1a: Walking Wake|Weather Ball|p2a: Cyclizar
|-resisted|p2a: Cyclizar
|-damage|p2a: Cyclizar|59/100
|
|-weather|none
|-end|p1a: Walking Wake|Protosynthesis
|upkeep
|turn|12
|
|t:|1760320178
|move|p2a: Cyclizar|Knock Off|p1a: Walking Wake
|-damage|p1a: Walking Wake|79/100
|-enditem|p1a: Walking Wake|Wise Glasses|[from] move: Knock Off|[of] p2a: Cyclizar
|move|p1a: Walking Wake|Draco Meteor|p2a: Cyclizar
|-supereffective|p2a: Cyclizar
|-damage|p2a: Cyclizar|0 fnt
|-unboost|p1a: Walking Wake|spa|2
|faint|p2a: Cyclizar
|
|upkeep
|
|t:|1760320192
|switch|p2a: Conkeldurr|Conkeldurr, M, shiny|77/100 brn
|turn|13
|
|t:|1760320197
|-end|p1a: Walking Wake|Protosynthesis|[silent]
|switch|p1a: Torkoal|Torkoal, M|40/100
|-damage|p1a: Torkoal|15/100|[from] Stealth Rock
|-weather|SunnyDay|[from] ability: Drought|[of] p1a: Torkoal
|move|p2a: Conkeldurr|Drain Punch|p1a: Torkoal
|-damage|p1a: Torkoal|0 fnt
|-heal|p2a: Conkeldurr|82/100 brn|[from] drain|[of] p1a: Torkoal
|faint|p1a: Torkoal
|
|-weather|SunnyDay|[upkeep]
|-damage|p2a: Conkeldurr|76/100 brn|[from] brn
|upkeep
|
|t:|1760320203
|switch|p1a: Walking Wake|Walking Wake|79/100
|-damage|p1a: Walking Wake|67/100|[from] Stealth Rock
|-activate|p1a: Walking Wake|ability: Protosynthesis
|-start|p1a: Walking Wake|protosynthesisspe
|turn|14
|
|t:|1760320217
|switch|p2a: Bronzong|Bronzong|22/100
|move|p1a: Walking Wake|Hydro Steam|p2a: Bronzong
|-damage|p2a: Bronzong|0 fnt
|faint|p2a: Bronzong
|
|-weather|SunnyDay|[upkeep]
|upkeep
|inactive|siroperation has 120 seconds left.
|
|t:|1760320254
|switch|p2a: Conkeldurr|Conkeldurr, M, shiny|76/100 brn
|turn|15
|
|t:|1760320262
|move|p1a: Walking Wake|Hydro Steam|p2a: Conkeldurr
|-damage|p2a: Conkeldurr|3/100 brn
|move|p2a: Conkeldurr|Drain Punch|p1a: Walking Wake
|-damage|p1a: Walking Wake|0 fnt
|-heal|p2a: Conkeldurr|30/100 brn|[from] drain|[of] p1a: Walking Wake
|faint|p1a: Walking Wake
|-end|p1a: Walking Wake|Protosynthesis|[silent]
|
|-weather|SunnyDay|[upkeep]
|-damage|p2a: Conkeldurr|24/100 brn|[from] brn
|upkeep
|
|t:|1760320267
|switch|p1a: Venusaur|Venusaur, M|100/100
|-damage|p1a: Venusaur|88/100|[from] Stealth Rock
|turn|16
|
|t:|1760320273
|move|p1a: Venusaur|Weather Ball|p2a: Conkeldurr
|-damage|p2a: Conkeldurr|0 fnt
|faint|p2a: Conkeldurr
|-damage|p1a: Venusaur|78/100|[from] item: Life Orb
|
|-weather|SunnyDay|[upkeep]
|upkeep
|
|t:|1760320275
|switch|p2a: Tornadus|Tornadus-Therian, M|100/100
|turn|17
|
|t:|1760320278
|move|p1a: Venusaur|Weather Ball|p2a: Tornadus
|-damage|p2a: Tornadus|51/100
|-damage|p1a: Venusaur|68/100|[from] item: Life Orb
|move|p2a: Tornadus|Heat Wave|p1a: Venusaur|[miss]
|-miss|p2a: Tornadus|p1a: Venusaur
|
|-weather|SunnyDay|[upkeep]
|upkeep
|turn|18
|c|☆siroperation|BROO
|
|t:|1760320291
|move|p1a: Venusaur|Weather Ball|p2a: Tornadus
|-damage|p2a: Tornadus|6/100
|-damage|p1a: Venusaur|58/100|[from] item: Life Orb
|move|p2a: Tornadus|Heat Wave|p1a: Venusaur
|-supereffective|p1a: Venusaur
|-damage|p1a: Venusaur|0 fnt
|faint|p1a: Venusaur
|
|-weather|SunnyDay|[upkeep]
|upkeep
|
|t:|1760320294
|switch|p1a: Slither Wing|Slither Wing|75/100
|-damage|p1a: Slither Wing|63/100|[from] Stealth Rock
|-activate|p1a: Slither Wing|ability: Protosynthesis
|-start|p1a: Slither Wing|protosynthesisatk
|turn|19
|c|☆Yelo_Galaxy|i didnt matter sorry man
|c|☆siroperation|?????
|c|☆Yelo_Galaxy|i wouldve tera fired
|c|☆Yelo_Galaxy|then temper flared u
|c|☆Yelo_Galaxy|in the sun
|c|☆Yelo_Galaxy|i'm av
|c|☆Yelo_Galaxy|so i live bleakwind
|inactive|siroperation has 120 seconds left.
|c|☆Yelo_Galaxy|252+ Atk Protosynthesis Slither Wing Temper Flare vs. 0 HP / 0 Def Tornadus-Therian in Sun: 217-256 (72.5 - 85.6%) -- guaranteed 2HKO
|inactive|siroperation has 90 seconds left.
|c|☆Yelo_Galaxy|252 SpA Life Orb Tornadus-Therian Bleakwind Storm vs. 40 HP / 0 SpD Assault Vest Tera Fire Slither Wing: 121-144 (37.6 - 44.8%) -- guaranteed 3HKO
|
|t:|1760320379
|-terastallize|p1a: Slither Wing|Fire
|move|p1a: Slither Wing|First Impression|p2a: Tornadus
|-resisted|p2a: Tornadus
|-damage|p2a: Tornadus|0 fnt
|faint|p2a: Tornadus
|
|win|Yelo_Galaxy
|raw|Yelo_Galaxy's rating: 1452 &rarr; <strong>1471</strong><br />(+19 for winning)
|raw|siroperation's rating: 1441 &rarr; <strong>1422</strong><br />(-19 for losing)
|c|☆Yelo_Galaxy|gg
|l|☆Yelo_Galaxy
|player|p1|
|l|☆siroperation
|player|p2|
