|j|☆Pinnecks
|j|☆Claws_968
|t:|1760358821
|gametype|singles
|player|p1|Pinnecks|n|1025
|player|p2|Claws_968|cynthia-gen4|1059
|gen|9
|tier|[Gen 9] OU
|rated|
|rule|HP Percentage Mod: HP is shown in percentages
|rule|Endless Battle Clause: Forcing endless battles is banned
|rule|Species Clause: Limit one of each Pokémon
|rule|OHKO Clause: OHKO moves are banned
|rule|Evasion Items Clause: Evasion items are banned
|rule|Evasion Moves Clause: Evasion moves are banned
|rule|Evasion Abilities Clause: Evasion abilities are banned
|rule|Sleep Moves Clause: Sleep-inducing moves are banned
|clearpoke
|poke|p1|Mimikyu, F|
|poke|p1|Rotom-Wash|
|poke|p1|Weavile, M|
|poke|p1|Garganacl, M|
|poke|p1|Drifblim, F|
|poke|p1|Espeon, F|
|poke|p2|Inteleon, M|
|poke|p2|Toxapex, F|
|poke|p2|Breloom, F|
|poke|p2|Glimmora, F|
|poke|p2|Lucario, F|
|poke|p2|Moltres-Galar|
|teampreview
|inactive|Battle timer is ON: inactive players will automatically lose when time's up. (requested by Pinnecks)
|
|t:|1760358829
|teamsize|p1|6
|teamsize|p2|6
|start
|switch|p1a: Tripper|Espeon, F, shiny|100/100
|switch|p2a: Glimmora|Glimmora, F, shiny|100/100
|turn|1
|
|t:|1760358839
|move|p1a: Tripper|Reflect|p1a: Tripper
|-sidestart|p1: Pinnecks|Reflect
|move|p2a: Glimmora|Light Screen|p2a: Glimmora
|-sidestart|p2: Claws_968|move: Light Screen
|
|upkeep
|turn|2
|
|t:|1760358843
|move|p1a: Tripper|Light Screen|p1a: Tripper
|-sidestart|p1: Pinnecks|move: Light Screen
|move|p2a: Glimmora|Reflect|p2a: Glimmora
|-sidestart|p2: Claws_968|Reflect
|
|upkeep
|turn|3
|
|t:|1760358848
|switch|p2a: Moltres|Moltres-Galar, shiny|100/100
|move|p1a: Tripper|Psyshock|p2a: Moltres
|-immune|p2a: Moltres
|
|upkeep
|turn|4
|
|t:|1760358864
|switch|p1a: 4|Garganacl, M|100/100
|move|p2a: Moltres|Fiery Wrath|p1a: 4
|-damage|p1a: 4|88/100
|
|upkeep
|turn|5
|
|t:|1760358873
|-terastallize|p2a: Moltres|Water
|move|p2a: Moltres|Fiery Wrath|p1a: 4
|-damage|p1a: 4|76/100
|move|p1a: 4|Iron Defense|p1a: 4
|-boost|p1a: 4|def|2
|
|-sideend|p2: Claws_968|move: Light Screen
|upkeep
|turn|6
|
|t:|1760358885
|switch|p2a: Inteleon|Inteleon, M|100/100
|move|p1a: 4|Salt Cure|p2a: Inteleon
|-damage|p2a: Inteleon|88/100
|-start|p2a: Inteleon|Salt Cure
|
|-damage|p2a: Inteleon|63/100|[from] Salt Cure
|-sideend|p2: Claws_968|Reflect
|upkeep
|turn|7
|
|t:|1760358896
|switch|p1a: The Skin Surf|Rotom-Wash|100/100
|move|p2a: Inteleon|Snipe Shot|p1a: The Skin Surf
|-resisted|p1a: The Skin Surf
|-crit|p1a: The Skin Surf
|-damage|p1a: The Skin Surf|49/100
|
|-heal|p1a: The Skin Surf|55/100|[from] item: Leftovers
|-damage|p2a: Inteleon|38/100|[from] Salt Cure
|upkeep
|turn|8
|
|t:|1760358906
|move|p2a: Inteleon|Mud Shot|p1a: The Skin Surf
|-immune|p1a: The Skin Surf|[from] ability: Levitate
|move|p1a: The Skin Surf|Thunder Wave|p2a: Inteleon|[miss]
|-miss|p1a: The Skin Surf|p2a: Inteleon
|
|-heal|p1a: The Skin Surf|62/100|[from] item: Leftovers
|-damage|p2a: Inteleon|14/100|[from] Salt Cure
|-sideend|p1: Pinnecks|Reflect
|upkeep
|turn|9
|
|t:|1760358917
|move|p2a: Inteleon|Snipe Shot|p1a: The Skin Surf
|-resisted|p1a: The Skin Surf
|-damage|p1a: The Skin Surf|51/100
|move|p1a: The Skin Surf|Thunder Wave|p2a: Inteleon
|-status|p2a: Inteleon|par
|
|-heal|p1a: The Skin Surf|58/100|[from] item: Leftovers
|-damage|p2a: Inteleon|0 fnt|[from] Salt Cure
|faint|p2a: Inteleon
|-sideend|p1: Pinnecks|move: Light Screen
|upkeep
|
|t:|1760358927
|switch|p2a: Breloom|Breloom, F|100/100
|turn|10
|
|t:|1760358931
|move|p1a: The Skin Surf|Volt Switch|p2a: Breloom
|-resisted|p2a: Breloom
|-damage|p2a: Breloom|72/100
|
|t:|1760358937
|switch|p1a: X'ed Out|Drifblim, F, shiny|100/100|[from] Volt Switch
|move|p2a: Breloom|Leech Seed|p1a: X'ed Out
|-start|p1a: X'ed Out|move: Leech Seed
|
|-damage|p1a: X'ed Out|88/100|[from] Leech Seed|[of] p2a: Breloom
|-heal|p2a: Breloom|91/100|[silent]
|-status|p2a: Breloom|tox|[from] item: Toxic Orb
|upkeep
|turn|11
|
|t:|1760358947
|move|p1a: X'ed Out|Stockpile|p1a: X'ed Out
|-start|p1a: X'ed Out|stockpile1
|-boost|p1a: X'ed Out|def|1
|-boost|p1a: X'ed Out|spd|1
|move|p2a: Breloom|Substitute|p2a: Breloom
|-start|p2a: Breloom|Substitute
|-damage|p2a: Breloom|66/100 tox
|
|-damage|p1a: X'ed Out|76/100|[from] Leech Seed|[of] p2a: Breloom
|-heal|p2a: Breloom|85/100 tox|[silent]
|-heal|p2a: Breloom|98/100 tox|[from] ability: Poison Heal
|upkeep
|turn|12
|
|t:|1760358960
|move|p2a: Breloom|Protect|p2a: Breloom
|-singleturn|p2a: Breloom|Protect
|move|p1a: X'ed Out|Hex|p2a: Breloom
|-activate|p2a: Breloom|move: Protect
|
|-damage|p1a: X'ed Out|64/100|[from] Leech Seed|[of] p2a: Breloom
|-heal|p2a: Breloom|100/100 tox|[silent]
|upkeep
|turn|13
|
|t:|1760358973
|switch|p1a: Tripper|Espeon, F, shiny|100/100
|move|p2a: Breloom|Leech Seed|p1a: Tripper
|move|p1a: Tripper|Leech Seed|p2a: Breloom|[from] ability: Magic Bounce
|-immune|p2a: Breloom
|
|upkeep
|turn|14
|
|t:|1760358982
|switch|p2a: Moltres|Moltres-Galar, shiny, tera:Water|100/100
|move|p1a: Tripper|Light Screen|p1a: Tripper
|-sidestart|p1: Pinnecks|move: Light Screen
|
|upkeep
|turn|15
|
|t:|1760358991
|switch|p1a: 4|Garganacl, M|76/100
|move|p2a: Moltres|Fiery Wrath|p1a: 4
|-damage|p1a: 4|64/100
|
|upkeep
|turn|16
|
|t:|1760359002
|switch|p2a: Lucario|Lucario, F|100/100
|move|p1a: 4|Recover|p1a: 4
|-heal|p1a: 4|100/100
|
|upkeep
|turn|17
|
|t:|1760359015
|switch|p1a: Tripper|Espeon, F, shiny|100/100
|move|p2a: Lucario|Aura Sphere|p1a: Tripper
|-resisted|p1a: Tripper
|-damage|p1a: Tripper|89/100
|-damage|p2a: Lucario|91/100|[from] item: Life Orb
|
|upkeep
|turn|18
|
|t:|1760359026
|switch|p2a: Moltres|Moltres-Galar, shiny, tera:Water|100/100
|move|p1a: Tripper|Reflect|p1a: Tripper
|-sidestart|p1: Pinnecks|Reflect
|
|upkeep
|turn|19
|
|t:|1760359036
|switch|p1a: 4|Garganacl, M|100/100
|move|p2a: Moltres|Fiery Wrath|p1a: 4
|-damage|p1a: 4|89/100
|
|upkeep
|turn|20
|
|t:|1760359043
|switch|p2a: Lucario|Lucario, F|91/100
|move|p1a: 4|Body Press|p2a: Lucario
|-supereffective|p2a: Lucario
|-damage|p2a: Lucario|34/100
|
|upkeep
|turn|21
|
|t:|1760359051
|switch|p1a: The Skin Surf|Rotom-Wash|58/100
|move|p2a: Lucario|Aura Sphere|p1a: The Skin Surf
|-damage|p1a: The Skin Surf|34/100
|-damage|p2a: Lucario|24/100|[from] item: Life Orb
|
|-heal|p1a: The Skin Surf|40/100|[from] item: Leftovers
|-sideend|p1: Pinnecks|move: Light Screen
|upkeep
|turn|22
|
|t:|1760359063
|move|p2a: Lucario|Aura Sphere|p1a: The Skin Surf
|-damage|p1a: The Skin Surf|0 fnt
|faint|p1a: The Skin Surf
|-damage|p2a: Lucario|14/100|[from] item: Life Orb
|
|upkeep
|
|t:|1760359069
|switch|p1a: Your Loss|Mimikyu, F, shiny|100/100
|turn|23
|
|t:|1760359077
|switch|p2a: Moltres|Moltres-Galar, shiny, tera:Water|100/100
|move|p1a: Your Loss|Shadow Sneak|p2a: Moltres
|-damage|p2a: Moltres|78/100
|
|upkeep
|turn|24
|
|t:|1760359085
|move|p1a: Your Loss|Swords Dance|p1a: Your Loss
|-boost|p1a: Your Loss|atk|2
|move|p2a: Moltres|Air Slash|p1a: Your Loss
|-activate|p1a: Your Loss|ability: Disguise
|-damage|p1a: Your Loss|100/100
|detailschange|p1a: Your Loss|Mimikyu-Busted, F, shiny
|-damage|p1a: Your Loss|88/100|[from] pokemon: Mimikyu-Busted
|
|upkeep
|turn|25
|
|t:|1760359095
|move|p1a: Your Loss|Shadow Claw|p2a: Moltres
|-damage|p2a: Moltres|0 fnt
|faint|p2a: Moltres
|
|-sideend|p1: Pinnecks|Reflect
|upkeep
|
|t:|1760359102
|switch|p2a: Toxapex|Toxapex, F, shiny|100/100
|turn|26
|
|t:|1760359107
|move|p1a: Your Loss|Swords Dance|p1a: Your Loss
|-boost|p1a: Your Loss|atk|2
|move|p2a: Toxapex|Toxic|p1a: Your Loss
|-status|p1a: Your Loss|tox
|
|-damage|p1a: Your Loss|82/100 tox|[from] psn
|upkeep
|turn|27
|
|t:|1760359117
|move|p1a: Your Loss|Swords Dance|p1a: Your Loss
|-boost|p1a: Your Loss|atk|2
|move|p2a: Toxapex|Toxic Spikes|p1a: Your Loss
|-sidestart|p1: Pinnecks|move: Toxic Spikes
|
|-damage|p1a: Your Loss|70/100 tox|[from] psn
|upkeep
|turn|28
|
|t:|1760359124
|move|p1a: Your Loss|Shadow Claw|p2a: Toxapex
|-damage|p2a: Toxapex|30/100
|move|p2a: Toxapex|Toxic Spikes|p1a: Your Loss
|-sidestart|p1: Pinnecks|move: Toxic Spikes
|
|-heal|p2a: Toxapex|37/100|[from] item: Leftovers
|-damage|p1a: Your Loss|52/100 tox|[from] psn
|upkeep
|turn|29
|
|t:|1760359134
|move|p2a: Toxapex|Baneful Bunker|p2a: Toxapex
|-singleturn|p2a: Toxapex|move: Protect
|move|p1a: Your Loss|Shadow Sneak|p2a: Toxapex
|-activate|p2a: Toxapex|move: Protect
|
|-heal|p2a: Toxapex|43/100|[from] item: Leftovers
|-damage|p1a: Your Loss|28/100 tox|[from] psn
|upkeep
|turn|30
|
|t:|1760359146
|switch|p2a: Glimmora|Glimmora, F, shiny|100/100
|move|p1a: Your Loss|Shadow Claw|p2a: Glimmora
|-damage|p2a: Glimmora|0 fnt
|-damage|p1a: Your Loss|12/100 tox|[from] item: Rocky Helmet|[of] p2a: Glimmora
|faint|p2a: Glimmora
|
|-damage|p1a: Your Loss|0 fnt|[from] psn
|faint|p1a: Your Loss
|upkeep
|
|t:|1760359160
|switch|p1a: 4|Garganacl, M|89/100
|switch|p2a: Breloom|Breloom, F|100/100 tox
|turn|31
|
|t:|1760359170
|move|p2a: Breloom|Drain Punch|p1a: 4
|-supereffective|p1a: 4
|-damage|p1a: 4|42/100
|-damage|p2a: Breloom|84/100 tox|[from] item: Rocky Helmet|[of] p1a: 4
|move|p1a: 4|Body Press|p2a: Breloom
|-damage|p2a: Breloom|63/100 tox
|
|-heal|p2a: Breloom|75/100 tox|[from] ability: Poison Heal
|upkeep
|turn|32
|
|t:|1760359184
|switch|p1a: X'ed Out|Drifblim, F, shiny|64/100
|move|p2a: Breloom|Drain Punch|p1a: X'ed Out
|-immune|p1a: X'ed Out
|
|-heal|p2a: Breloom|87/100 tox|[from] ability: Poison Heal
|upkeep
|turn|33
|
|t:|1760359192
|move|p1a: X'ed Out|Hex|p2a: Breloom
|-damage|p2a: Breloom|23/100 tox
|move|p2a: Breloom|Leech Seed|p1a: X'ed Out
|-start|p1a: X'ed Out|move: Leech Seed
|
|-damage|p1a: X'ed Out|51/100|[from] Leech Seed|[of] p2a: Breloom
|-heal|p2a: Breloom|43/100 tox|[silent]
|-heal|p2a: Breloom|55/100 tox|[from] ability: Poison Heal
|upkeep
|turn|34
|
|t:|1760359201
|move|p1a: X'ed Out|Hex|p2a: Breloom
|-crit|p2a: Breloom
|-damage|p2a: Breloom|0 fnt
|faint|p2a: Breloom
|
|upkeep
|
|t:|1760359206
|switch|p2a: Toxapex|Toxapex, F, shiny|76/100
|turn|35
|
|t:|1760359211
|move|p1a: X'ed Out|Stockpile|p1a: X'ed Out
|-start|p1a: X'ed Out|stockpile1
|-boost|p1a: X'ed Out|def|1
|-boost|p1a: X'ed Out|spd|1
|move|p2a: Toxapex|Toxic|p1a: X'ed Out
|-status|p1a: X'ed Out|tox
|
|-heal|p2a: Toxapex|82/100|[from] item: Leftovers
|-damage|p1a: X'ed Out|39/100 tox|[from] Leech Seed|[of] p2a: Toxapex
|-heal|p2a: Toxapex|100/100|[silent]
|-damage|p1a: X'ed Out|33/100 tox|[from] psn
|upkeep
|turn|36
|
|t:|1760359222
|move|p2a: Toxapex|Baneful Bunker|p2a: Toxapex
|-singleturn|p2a: Toxapex|move: Protect
|move|p1a: X'ed Out|Thunder Wave|p2a: Toxapex
|-activate|p2a: Toxapex|move: Protect
|
|-damage|p1a: X'ed Out|20/100 tox|[from] Leech Seed|[of] p2a: Toxapex
|-damage|p1a: X'ed Out|8/100 tox|[from] psn
|upkeep
|-enditem|p1a: X'ed Out|Salac Berry|[eat]
|-boost|p1a: X'ed Out|spe|1|[from] item: Salac Berry
|turn|37
|
|t:|1760359234
|move|p1a: X'ed Out|Strength Sap|p2a: Toxapex
|-unboost|p2a: Toxapex|atk|1
|-heal|p1a: X'ed Out|31/100 tox
|move|p2a: Toxapex|Recover||[still]
|-fail|p2a: Toxapex|heal
|
|-damage|p1a: X'ed Out|19/100 tox|[from] Leech Seed|[of] p2a: Toxapex
|-damage|p1a: X'ed Out|0 fnt|[from] psn
|faint|p1a: X'ed Out
|upkeep
|
|t:|1760359246
|switch|p1a: Tripper|Espeon, F, shiny|89/100
|-status|p1a: Tripper|tox
|turn|38
|
|t:|1760359253
|move|p2a: Toxapex|Baneful Bunker|p2a: Toxapex
|-singleturn|p2a: Toxapex|move: Protect
|move|p1a: Tripper|Psyshock|p2a: Toxapex
|-activate|p2a: Toxapex|move: Protect
|
|-damage|p1a: Tripper|83/100 tox|[from] psn
|upkeep
|turn|39
|
|t:|1760359262
|move|p1a: Tripper|Psyshock|p2a: Toxapex
|-supereffective|p2a: Toxapex
|-damage|p2a: Toxapex|60/100
|move|p2a: Toxapex|Recover|p2a: Toxapex
|-heal|p2a: Toxapex|100/100
|
|-damage|p1a: Tripper|71/100 tox|[from] psn
|upkeep
|turn|40
|
|t:|1760359273
|move|p2a: Toxapex|Baneful Bunker|p2a: Toxapex
|-singleturn|p2a: Toxapex|move: Protect
|move|p1a: Tripper|Wish|p1a: Tripper
|
|-damage|p1a: Tripper|53/100 tox|[from] psn
|upkeep
|turn|41
|
|t:|1760359280
|move|p1a: Tripper|Psyshock|p2a: Toxapex
|-supereffective|p2a: Toxapex
|-damage|p2a: Toxapex|58/100
|move|p2a: Toxapex|Recover|p2a: Toxapex
|-heal|p2a: Toxapex|100/100
|
|-heal|p1a: Tripper|100/100 tox|[from] move: Wish|[wisher] Tripper
|-damage|p1a: Tripper|77/100 tox|[from] psn
|upkeep
|turn|42
|
|t:|1760359290
|move|p2a: Toxapex|Baneful Bunker|p2a: Toxapex
|-singleturn|p2a: Toxapex|move: Protect
|move|p1a: Tripper|Wish|p1a: Tripper
|
|-damage|p1a: Tripper|47/100 tox|[from] psn
|upkeep
|turn|43
|
|t:|1760359297
|move|p1a: Tripper|Psyshock|p2a: Toxapex
|-supereffective|p2a: Toxapex
|-damage|p2a: Toxapex|61/100
|move|p2a: Toxapex|Recover|p2a: Toxapex
|-heal|p2a: Toxapex|100/100
|
|-heal|p1a: Tripper|97/100 tox|[from] move: Wish|[wisher] Tripper
|-damage|p1a: Tripper|61/100 tox|[from] psn
|upkeep
|turn|44
|
|t:|1760359307
|move|p2a: Toxapex|Baneful Bunker|p2a: Toxapex
|-singleturn|p2a: Toxapex|move: Protect
|move|p1a: Tripper|Wish|p1a: Tripper
|
|-damage|p1a: Tripper|19/100 tox|[from] psn
|upkeep
|turn|45
|
|t:|1760359314
|move|p1a: Tripper|Psyshock|p2a: Toxapex
|-supereffective|p2a: Toxapex
|-damage|p2a: Toxapex|56/100
|move|p2a: Toxapex|Recover|p2a: Toxapex
|-heal|p2a: Toxapex|100/100
|
|-heal|p1a: Tripper|69/100 tox|[from] move: Wish|[wisher] Tripper
|-damage|p1a: Tripper|21/100 tox|[from] psn
|upkeep
|turn|46
|
|t:|1760359324
|move|p2a: Toxapex|Baneful Bunker|p2a: Toxapex
|-singleturn|p2a: Toxapex|move: Protect
|move|p1a: Tripper|Wish|p1a: Tripper
|
|-damage|p1a: Tripper|0 fnt|[from] psn
|faint|p1a: Tripper
|upkeep
|
|t:|1760359332
|switch|p1a: 4|Garganacl, M|42/100
|turn|47
|
|t:|1760359338
|move|p1a: 4|Salt Cure|p2a: Toxapex
|-damage|p2a: Toxapex|92/100
|-start|p2a: Toxapex|Salt Cure
|move|p2a: Toxapex|Toxic|p1a: 4
|-immune|p1a: 4|[from] ability: Purifying Salt
|
|-heal|p1a: 4|83/100|[from] move: Wish|[wisher] Tripper
|-heal|p2a: Toxapex|99/100|[from] item: Leftovers
|-damage|p2a: Toxapex|74/100|[from] Salt Cure
|upkeep
|turn|48
|
|t:|1760359349
|switch|p2a: Lucario|Lucario, F|14/100
|move|p1a: 4|Iron Defense|p1a: 4
|-boost|p1a: 4|def|2
|
|upkeep
|turn|49
|
|t:|1760359357
|move|p2a: Lucario|Aura Sphere|p1a: 4
|-supereffective|p1a: 4
|-damage|p1a: 4|29/100
|-damage|p2a: Lucario|5/100|[from] item: Life Orb
|move|p1a: 4|Body Press|p2a: Lucario
|-supereffective|p2a: Lucario
|-damage|p2a: Lucario|0 fnt
|faint|p2a: Lucario
|
|upkeep
|
|t:|1760359365
|switch|p2a: Toxapex|Toxapex, F, shiny|100/100
|turn|50
|c|☆Claws_968|gg
|-message|Claws_968 forfeited.
|
|win|Pinnecks
|raw|Pinnecks's rating: 1025 &rarr; <strong>1065</strong><br />(+40 for winning)
|raw|Claws_968's rating: 1059 &rarr; <strong>1038</strong><br />(-21 for losing)
|l|☆Claws_968
|player|p2|
