|j|☆Mazamu
|j|‽StonjournerFan874
|t:|1760361984
|gametype|singles
|player|p1|Mazamu|169|1070
|player|p2|StonjournerFan874|ninjaboy|1077
|gen|9
|tier|[Gen 9] OU
|rated|
|rule|HP Percentage Mod: HP is shown in percentages
|rule|Endless Battle Clause: Forcing endless battles is banned
|rule|Species Clause: Limit one of each Pokémon
|rule|OHKO Clause: OHKO moves are banned
|rule|Evasion Items Clause: Evasion items are banned
|rule|Evasion Moves Clause: Evasion moves are banned
|rule|Evasion Abilities Clause: Evasion abilities are banned
|rule|Sleep Moves Clause: Sleep-inducing moves are banned
|clearpoke
|poke|p1|Azumarill, M|
|poke|p1|Medicham, M|
|poke|p1|Scizor, F|
|poke|p1|Rotom-Wash|
|poke|p1|Palossand, F|
|poke|p1|Lokix, F|
|poke|p2|Araquanid, M|
|poke|p2|Cinccino, M|
|poke|p2|Sandaconda, M|
|poke|p2|Skeledirge, M|
|poke|p2|Stonjourner, M|
|poke|p2|Tyranitar, M|
|teampreview
|inactive|Battle timer is ON: inactive players will automatically lose when time's up. (requested by Mazamu)
|
|t:|1760362012
|teamsize|p1|6
|teamsize|p2|6
|start
|switch|p1a: Scizor|Scizor, F|100/100
|switch|p2a: Cinccino|Cinccino, M|100/100
|turn|1
|
|t:|1760362027
|switch|p2a: Skeledirge|Skeledirge, M|100/100
|move|p1a: Scizor|Vacuum Wave|p2a: Skeledirge
|-immune|p2a: Skeledirge
|
|upkeep
|turn|2
|
|t:|1760362037
|switch|p1a: Rotom|Rotom-Wash|100/100
|move|p2a: Skeledirge|Torch Song|p1a: Rotom
|-resisted|p1a: Rotom
|-damage|p1a: Rotom|75/100
|-boost|p2a: Skeledirge|spa|1
|
|upkeep
|turn|3
|
|t:|1760362045
|move|p1a: Rotom|Volt Switch|p2a: Skeledirge
|-damage|p2a: Skeledirge|69/100
|
|t:|1760362052
|switch|p1a: Azumarill|Azumarill, M|100/100|[from] Volt Switch
|move|p2a: Skeledirge|Shadow Ball|p1a: Azumarill
|-damage|p1a: Azumarill|40/100
|
|upkeep
|turn|4
|
|t:|1760362075
|-terastallize|p2a: Skeledirge|Fairy
|move|p1a: Azumarill|Aqua Jet|p2a: Skeledirge
|-damage|p2a: Skeledirge|47/100
|move|p2a: Skeledirge|Shadow Ball|p1a: Azumarill
|-damage|p1a: Azumarill|0 fnt
|faint|p1a: Azumarill
|
|upkeep
|
|t:|1760362082
|switch|p1a: Palossand|Palossand, F|100/100
|turn|5
|
|t:|1760362093
|move|p2a: Skeledirge|Torch Song|p1a: Palossand
|-damage|p1a: Palossand|36/100
|-boost|p2a: Skeledirge|spa|1
|move|p1a: Palossand|Shadow Ball|p2a: Skeledirge
|-damage|p2a: Skeledirge|19/100
|-unboost|p2a: Skeledirge|spd|1
|
|-heal|p1a: Palossand|42/100|[from] item: Leftovers
|upkeep
|turn|6
|
|t:|1760362104
|move|p1a: Palossand|Protect|p1a: Palossand
|-singleturn|p1a: Palossand|Protect
|move|p2a: Skeledirge|Slack Off|p2a: Skeledirge
|-heal|p2a: Skeledirge|69/100
|
|-heal|p1a: Palossand|48/100|[from] item: Leftovers
|upkeep
|turn|7
|
|t:|1760362111
|move|p2a: Skeledirge|Shadow Ball|p1a: Palossand
|-supereffective|p1a: Palossand
|-damage|p1a: Palossand|0 fnt
|faint|p1a: Palossand
|
|upkeep
|
|t:|1760362116
|switch|p1a: Scizor|Scizor, F|100/100
|turn|8
|
|t:|1760362125
|move|p2a: Skeledirge|Shadow Ball|p1a: Scizor
|-damage|p1a: Scizor|0 fnt
|faint|p1a: Scizor
|
|upkeep
|
|t:|1760362129
|switch|p1a: Medicham|Medicham, M|100/100
|turn|9
|
|t:|1760362134
|move|p1a: Medicham|Bullet Punch|p2a: Skeledirge
|-supereffective|p2a: Skeledirge
|-damage|p2a: Skeledirge|40/100
|move|p2a: Skeledirge|Alluring Voice|p1a: Medicham
|-supereffective|p1a: Medicham
|-damage|p1a: Medicham|0 fnt
|faint|p1a: Medicham
|
|upkeep
|
|t:|1760362143
|switch|p1a: Lokix|Lokix, F|100/100
|turn|10
|
|t:|1760362147
|move|p1a: Lokix|First Impression|p2a: Skeledirge
|-resisted|p2a: Skeledirge
|-damage|p2a: Skeledirge|0 fnt
|faint|p2a: Skeledirge
|-damage|p1a: Lokix|91/100|[from] item: Life Orb
|
|upkeep
|
|t:|1760362156
|switch|p2a: Araquanid|Araquanid, M|100/100
|turn|11
|
|t:|1760362161
|move|p1a: Lokix|Knock Off|p2a: Araquanid
|-crit|p2a: Araquanid
|-damage|p2a: Araquanid|21/100
|-enditem|p2a: Araquanid|Choice Band|[from] move: Knock Off|[of] p1a: Lokix
|-damage|p1a: Lokix|81/100|[from] item: Life Orb
|move|p2a: Araquanid|Liquidation|p1a: Lokix
|-damage|p1a: Lokix|0 fnt
|faint|p1a: Lokix
|
|upkeep
|
|t:|1760362164
|switch|p1a: Rotom|Rotom-Wash|75/100
|turn|12
|
|t:|1760362176
|move|p1a: Rotom|Volt Switch|p2a: Araquanid
|-supereffective|p2a: Araquanid
|-damage|p2a: Araquanid|0 fnt
|faint|p2a: Araquanid
|
|upkeep
|
|t:|1760362182
|switch|p2a: Sandaconda|Sandaconda, M|100/100
|turn|13
|
|t:|1760362189
|move|p1a: Rotom|Hydro Pump|p2a: Sandaconda
|-supereffective|p2a: Sandaconda
|-crit|p2a: Sandaconda
|-damage|p2a: Sandaconda|0 fnt
|faint|p2a: Sandaconda
|
|upkeep
|
|t:|1760362196
|switch|p2a: Cinccino|Cinccino, M|100/100
|turn|14
|
|t:|1760362207
|move|p2a: Cinccino|Tidy Up|p2a: Cinccino
|-boost|p2a: Cinccino|atk|1
|-boost|p2a: Cinccino|spe|1
|move|p1a: Rotom|Will-O-Wisp|p2a: Cinccino
|-status|p2a: Cinccino|brn
|
|-damage|p2a: Cinccino|94/100 brn|[from] brn
|upkeep
|turn|15
|
|t:|1760362219
|move|p2a: Cinccino|Bullet Seed|p1a: Rotom
|-supereffective|p1a: Rotom
|-damage|p1a: Rotom|50/100
|-supereffective|p1a: Rotom
|-damage|p1a: Rotom|28/100
|-supereffective|p1a: Rotom
|-damage|p1a: Rotom|5/100
|-supereffective|p1a: Rotom
|-damage|p1a: Rotom|0 fnt
|faint|p1a: Rotom
|-hitcount|p1: Rotom|4
|
|win|StonjournerFan874
|raw|Mazamu's rating: 1070 &rarr; <strong>1050</strong><br />(-20 for losing)
|raw|StonjournerFan874's rating: 1077 &rarr; <strong>1105</strong><br />(+28 for winning)
|l|☆Mazamu
|player|p1|
|l|‽StonjournerFan874
|player|p2|
