|j|☆IMMAAXX
|j|☆elianaxx
|t:|1760435978
|gametype|singles
|player|p1|IMMAAXX|lusamine-nihilego|1488
|player|p2|elianaxx|lady|1490
|gen|9
|tier|[Gen 9] OU
|rated|
|rule|HP Percentage Mod: HP is shown in percentages
|rule|Endless Battle Clause: Forcing endless battles is banned
|rule|Species Clause: Limit one of each Pokémon
|rule|OHKO Clause: OHKO moves are banned
|rule|Evasion Items Clause: Evasion items are banned
|rule|Evasion Moves Clause: Evasion moves are banned
|rule|Evasion Abilities Clause: Evasion abilities are banned
|rule|Sleep Moves Clause: Sleep-inducing moves are banned
|clearpoke
|poke|p1|Hoopa-Unbound|
|poke|p1|Hydrapple, M|
|poke|p1|Gliscor, F|
|poke|p1|Cinderace, F|
|poke|p1|Alomomola, F|
|poke|p1|Gholdengo|
|poke|p2|Zamazenta-*|
|poke|p2|Darkrai|
|poke|p2|Primarina, M|
|poke|p2|Slowking-Galar, F|
|poke|p2|Zapdos|
|poke|p2|Iron Treads|
|teampreview
|c|☆elianaxx|glhf^^
|
|t:|1760435991
|teamsize|p1|6
|teamsize|p2|6
|start
|switch|p1a: Gliscor|Gliscor, F|100/100
|switch|p2a: Darkrai|Darkrai|100/100
|turn|1
|c|☆IMMAAXX|u2
|
|t:|1760435999
|switch|p1a: Alomomola|Alomomola, F|100/100
|move|p2a: Darkrai|Ice Beam|p1a: Alomomola
|-resisted|p1a: Alomomola
|-damage|p1a: Alomomola|93/100
|
|upkeep
|turn|2
|
|t:|1760436010
|switch|p2a: Zapdos|Zapdos|100/100
|move|p1a: Alomomola|Body Slam|p2a: Zapdos
|-damage|p2a: Zapdos|88/100
|
|upkeep
|turn|3
|
|t:|1760436023
|move|p2a: Zapdos|Light Screen|p2a: Zapdos
|-sidestart|p2: elianaxx|move: Light Screen
|move|p1a: Alomomola|Mirror Coat||[still]
|-fail|p1a: Alomomola
|
|upkeep
|turn|4
|inactive|Battle timer is ON: inactive players will automatically lose when time's up. (requested by IMMAAXX)
|
|t:|1760436028
|move|p2a: Zapdos|Volt Switch|p1a: Alomomola
|-supereffective|p1a: Alomomola
|-damage|p1a: Alomomola|65/100
|
|t:|1760436032
|switch|p2a: Darkrai|Darkrai|100/100|[from] Volt Switch
|move|p1a: Alomomola|Flip Turn|p2a: Darkrai
|-damage|p2a: Darkrai|80/100
|
|t:|1760436050
|switch|p1a: Gliscor|Gliscor, F|100/100|[from] Flip Turn
|
|-status|p1a: Gliscor|tox|[from] item: Toxic Orb
|upkeep
|turn|5
|
|t:|1760436053
|-terastallize|p1a: Gliscor|Fairy
|move|p2a: Darkrai|Ice Beam|p1a: Gliscor
|-damage|p1a: Gliscor|71/100 tox
|move|p1a: Gliscor|Toxic|p2a: Darkrai
|-status|p2a: Darkrai|tox
|
|-damage|p2a: Darkrai|74/100 tox|[from] psn
|-heal|p1a: Gliscor|83/100 tox|[from] ability: Poison Heal
|upkeep
|turn|6
|
|t:|1760436064
|switch|p2a: Iron Treads|Iron Treads|100/100
|-item|p2a: Iron Treads|Air Balloon
|move|p1a: Gliscor|Spikes|p2a: Iron Treads
|-sidestart|p2: elianaxx|Spikes
|
|-heal|p1a: Gliscor|96/100 tox|[from] ability: Poison Heal
|upkeep
|turn|7
|
|t:|1760436075
|move|p1a: Gliscor|Protect|p1a: Gliscor
|-singleturn|p1a: Gliscor|Protect
|move|p2a: Iron Treads|Knock Off|p1a: Gliscor
|-activate|p1a: Gliscor|move: Protect
|
|-heal|p1a: Gliscor|100/100 tox|[from] ability: Poison Heal
|-sideend|p2: elianaxx|move: Light Screen
|upkeep
|turn|8
|
|t:|1760436082
|switch|p1a: Cinderace|Cinderace, F|100/100
|move|p2a: Iron Treads|Earthquake|p1a: Cinderace
|-supereffective|p1a: Cinderace
|-damage|p1a: Cinderace|0 fnt
|faint|p1a: Cinderace
|
|upkeep
|
|t:|1760436089
|switch|p1a: Gholdengo|Gholdengo|100/100
|-item|p1a: Gholdengo|Air Balloon
|turn|9
|
|t:|1760436092
|move|p2a: Iron Treads|Knock Off|p1a: Gholdengo
|-supereffective|p1a: Gholdengo
|-damage|p1a: Gholdengo|53/100
|-enditem|p1a: Gholdengo|Air Balloon
|move|p1a: Gholdengo|Hex|p2a: Iron Treads
|-damage|p2a: Iron Treads|58/100
|-enditem|p2a: Iron Treads|Air Balloon
|
|upkeep
|turn|10
|
|t:|1760436097
|switch|p1a: Gliscor|Gliscor, F, tera:Fairy|100/100 tox
|move|p2a: Iron Treads|Earthquake|p1a: Gliscor
|-damage|p1a: Gliscor|60/100 tox
|
|-heal|p1a: Gliscor|73/100 tox|[from] ability: Poison Heal
|upkeep
|turn|11
|
|t:|1760436100
|move|p2a: Iron Treads|Rapid Spin|p1a: Gliscor
|-damage|p1a: Gliscor|61/100 tox
|-boost|p2a: Iron Treads|spe|1
|-sideend|p2: elianaxx|Spikes|[from] move: Rapid Spin|[of] p2a: Iron Treads
|move|p1a: Gliscor|Earthquake|p2a: Iron Treads
|-supereffective|p2a: Iron Treads
|-damage|p2a: Iron Treads|0 fnt
|faint|p2a: Iron Treads
|-end|p2a: Iron Treads|Quark Drive|[silent]
|
|-heal|p1a: Gliscor|73/100 tox|[from] ability: Poison Heal
|upkeep
|
|t:|1760436125
|switch|p2a: Zamazenta|Zamazenta|100/100
|-ability|p2a: Zamazenta|Dauntless Shield|boost
|-boost|p2a: Zamazenta|def|1
|turn|12
|
|t:|1760436131
|move|p2a: Zamazenta|Heavy Slam|p1a: Gliscor
|-supereffective|p1a: Gliscor
|-damage|p1a: Gliscor|0 fnt
|faint|p1a: Gliscor
|
|upkeep
|
|t:|1760436135
|switch|p1a: Hydrapple|Hydrapple, M, shiny|100/100
|turn|13
|
|t:|1760436139
|switch|p2a: Slowking|Slowking-Galar, F|100/100
|move|p1a: Hydrapple|Nasty Plot|p1a: Hydrapple
|-boost|p1a: Hydrapple|spa|2
|
|upkeep
|turn|14
|
|t:|1760436143
|move|p1a: Hydrapple|Earth Power|p2a: Slowking
|-supereffective|p2a: Slowking
|-damage|p2a: Slowking|33/100
|-prepare|p2a: Slowking|Chilly Reception|[premajor]
|move|p2a: Slowking|Chilly Reception|p2a: Slowking
|-weather|Snowscape
|
|t:|1760436146
|switch|p2a: Darkrai|Darkrai|74/100 tox|[from] Chilly Reception
|
|-weather|Snowscape|[upkeep]
|-damage|p2a: Darkrai|68/100 tox|[from] psn
|upkeep
|turn|15
|
|t:|1760436151
|switch|p1a: Alomomola|Alomomola, F|98/100
|move|p2a: Darkrai|Ice Beam|p1a: Alomomola
|-resisted|p1a: Alomomola
|-damage|p1a: Alomomola|90/100
|-status|p1a: Alomomola|frz
|
|-weather|Snowscape|[upkeep]
|-damage|p2a: Darkrai|56/100 tox|[from] psn
|upkeep
|turn|16
|
|t:|1760436164
|switch|p2a: Zapdos|Zapdos|88/100
|-curestatus|p1a: Alomomola|frz|[msg]
|move|p1a: Alomomola|Flip Turn|p2a: Zapdos
|-damage|p2a: Zapdos|76/100
|
|t:|1760436172
|switch|p1a: Hydrapple|Hydrapple, M, shiny|100/100|[from] Flip Turn
|
|-weather|Snowscape|[upkeep]
|upkeep
|turn|17
|
|t:|1760436176
|move|p2a: Zapdos|Hurricane|p1a: Hydrapple
|-supereffective|p1a: Hydrapple
|-damage|p1a: Hydrapple|14/100
|move|p1a: Hydrapple|Nasty Plot|p1a: Hydrapple
|-boost|p1a: Hydrapple|spa|2
|
|-weather|Snowscape|[upkeep]
|upkeep
|turn|18
|
|t:|1760436179
|move|p2a: Zapdos|Hurricane|p1a: Hydrapple
|-supereffective|p1a: Hydrapple
|-damage|p1a: Hydrapple|0 fnt
|faint|p1a: Hydrapple
|
|-weather|none
|upkeep
|
|t:|1760436181
|switch|p1a: Hoopa|Hoopa-Unbound|100/100
|turn|19
|
|t:|1760436184
|move|p1a: Hoopa|Knock Off|p2a: Zapdos
|-damage|p2a: Zapdos|25/100
|-enditem|p2a: Zapdos|Heavy-Duty Boots|[from] move: Knock Off|[of] p1a: Hoopa
|move|p2a: Zapdos|Volt Switch|p1a: Hoopa
|-damage|p1a: Hoopa|73/100
|
|t:|1760436188
|switch|p2a: Zamazenta|Zamazenta|100/100|[from] Volt Switch
|
|upkeep
|turn|20
|
|t:|1760436191
|switch|p1a: Gholdengo|Gholdengo|53/100
|move|p2a: Zamazenta|Close Combat|p1a: Gholdengo
|-immune|p1a: Gholdengo
|
|upkeep
|turn|21
|
|t:|1760436195
|switch|p2a: Zapdos|Zapdos|25/100
|move|p1a: Gholdengo|Recover|p1a: Gholdengo
|-heal|p1a: Gholdengo|100/100
|
|upkeep
|turn|22
|
|t:|1760436199
|switch|p1a: Hoopa|Hoopa-Unbound|73/100
|move|p2a: Zapdos|Light Screen|p2a: Zapdos
|-sidestart|p2: elianaxx|move: Light Screen
|
|upkeep
|turn|23
|
|t:|1760436202
|move|p1a: Hoopa|Gunk Shot|p2a: Zapdos|[miss]
|-miss|p1a: Hoopa|p2a: Zapdos
|move|p2a: Zapdos|Hurricane|p1a: Hoopa
|-damage|p1a: Hoopa|28/100
|
|upkeep
|turn|24
|
|t:|1760436205
|move|p1a: Hoopa|Gunk Shot|p2a: Zapdos
|-damage|p2a: Zapdos|0 fnt
|faint|p2a: Zapdos
|
|upkeep
|
|t:|1760436209
|switch|p2a: Zamazenta|Zamazenta|100/100
|turn|25
|
|t:|1760436212
|switch|p1a: Alomomola|Alomomola, F|100/100
|move|p2a: Zamazenta|Crunch|p1a: Alomomola
|-damage|p1a: Alomomola|69/100
|
|upkeep
|turn|26
|
|t:|1760436215
|switch|p2a: Primarina|Primarina, M|100/100
|move|p1a: Alomomola|Scald|p2a: Primarina
|-resisted|p2a: Primarina
|-damage|p2a: Primarina|97/100
|-status|p2a: Primarina|brn
|
|-heal|p2a: Primarina|100/100 brn|[from] item: Leftovers
|-damage|p2a: Primarina|94/100 brn|[from] brn
|-sideend|p2: elianaxx|move: Light Screen
|upkeep
|turn|27
|
|t:|1760436220
|move|p2a: Primarina|Substitute|p2a: Primarina
|-start|p2a: Primarina|Substitute
|-damage|p2a: Primarina|69/100 brn
|move|p1a: Alomomola|Mirror Coat||[still]
|-fail|p1a: Alomomola
|
|-heal|p2a: Primarina|76/100 brn|[from] item: Leftovers
|-damage|p2a: Primarina|69/100 brn|[from] brn
|upkeep
|turn|28
|
|t:|1760436223
|move|p2a: Primarina|Calm Mind|p2a: Primarina
|-boost|p2a: Primarina|spa|1
|-boost|p2a: Primarina|spd|1
|move|p1a: Alomomola|Body Slam|p2a: Primarina
|-activate|p2a: Primarina|move: Substitute|[damage]
|
|-heal|p2a: Primarina|76/100 brn|[from] item: Leftovers
|-damage|p2a: Primarina|69/100 brn|[from] brn
|upkeep
|turn|29
|
|t:|1760436226
|move|p2a: Primarina|Moonblast|p1a: Alomomola
|-damage|p1a: Alomomola|29/100
|move|p1a: Alomomola|Flip Turn|p2a: Primarina
|-resisted|p2a: Primarina
|-end|p2a: Primarina|Substitute
|
|t:|1760436230
|switch|p1a: Hoopa|Hoopa-Unbound|28/100|[from] Flip Turn
|
|-heal|p2a: Primarina|76/100 brn|[from] item: Leftovers
|-damage|p2a: Primarina|69/100 brn|[from] brn
|upkeep
|turn|30
|
|t:|1760436239
|-terastallize|p2a: Primarina|Steel
|move|p1a: Hoopa|Gunk Shot|p2a: Primarina
|-immune|p2a: Primarina
|move|p2a: Primarina|Moonblast|p1a: Hoopa
|-supereffective|p1a: Hoopa
|-damage|p1a: Hoopa|0 fnt
|faint|p1a: Hoopa
|
|-heal|p2a: Primarina|76/100 brn|[from] item: Leftovers
|-damage|p2a: Primarina|69/100 brn|[from] brn
|upkeep
|
|t:|1760436245
|switch|p1a: Gholdengo|Gholdengo|100/100
|turn|31
|
|t:|1760436248
|move|p1a: Gholdengo|Hex|p2a: Primarina
|-damage|p2a: Primarina|33/100 brn
|move|p2a: Primarina|Surf|p1a: Gholdengo
|-damage|p1a: Gholdengo|0 fnt
|faint|p1a: Gholdengo
|
|-heal|p2a: Primarina|39/100 brn|[from] item: Leftovers
|-damage|p2a: Primarina|33/100 brn|[from] brn
|upkeep
|
|t:|1760436251
|switch|p1a: Alomomola|Alomomola, F|62/100
|turn|32
|c|☆elianaxx|gg
|
|t:|1760436256
|move|p2a: Primarina|Moonblast|p1a: Alomomola
|-damage|p1a: Alomomola|21/100
|move|p1a: Alomomola|Mirror Coat|p2a: Primarina
|-damage|p2a: Primarina|0 fnt
|faint|p2a: Primarina
|
|upkeep
|
|t:|1760436259
|switch|p2a: Zamazenta|Zamazenta|100/100
|turn|33
|c|☆IMMAAXX|ggs
|
|t:|1760436262
|move|p2a: Zamazenta|Close Combat|p1a: Alomomola
|-damage|p1a: Alomomola|0 fnt
|-unboost|p2a: Zamazenta|def|1
|-unboost|p2a: Zamazenta|spd|1
|faint|p1a: Alomomola
|
|win|elianaxx
|raw|IMMAAXX's rating: 1488 &rarr; <strong>1468</strong><br />(-20 for losing)
|raw|elianaxx's rating: 1490 &rarr; <strong>1510</strong><br />(+20 for winning)
|l|☆IMMAAXX
|player|p1|
|l|☆elianaxx
|player|p2|
