|j|☆trubeliever
|j|☆queimaa
|t:|1760350641
|gametype|singles
|player|p1|trubeliever|pokemaniac|1090
|player|p2|queimaa|169|1065
|gen|9
|tier|[Gen 9] OU
|rated|
|rule|HP Percentage Mod: HP is shown in percentages
|rule|Endless Battle Clause: Forcing endless battles is banned
|rule|Species Clause: Limit one of each Pokémon
|rule|OHKO Clause: OHKO moves are banned
|rule|Evasion Items Clause: Evasion items are banned
|rule|Evasion Moves Clause: Evasion moves are banned
|rule|Evasion Abilities Clause: Evasion abilities are banned
|rule|Sleep Moves Clause: Sleep-inducing moves are banned
|clearpoke
|poke|p1|Dragapult, F|
|poke|p1|Slowking-Galar, F|
|poke|p1|Gliscor, M|
|poke|p1|Hatterene, F|
|poke|p1|Gholdengo|
|poke|p1|Samurott-Hisui, F|
|poke|p2|Blastoise, M|
|poke|p2|Heracross, F|
|poke|p2|Sceptile, F|
|poke|p2|Ampharos, M|
|poke|p2|Houndoom, F|
|poke|p2|Glalie, M|
|teampreview
|inactive|Battle timer is ON: inactive players will automatically lose when time's up. (requested by trubeliever)
|
|t:|1760350650
|teamsize|p1|6
|teamsize|p2|6
|start
|switch|p1a: Slowking|Slowking-Galar, F|100/100
|switch|p2a: Glalie|Glalie, M|100/100
|turn|1
|
|t:|1760350659
|move|p2a: Glalie|Shadow Ball|p1a: Slowking
|-supereffective|p1a: Slowking
|-damage|p1a: Slowking|79/100
|move|p1a: Slowking|Thunder Wave|p2a: Glalie
|-status|p2a: Glalie|par
|
|upkeep
|turn|2
|
|t:|1760350669
|move|p2a: Glalie|Ice Beam|p1a: Slowking
|-damage|p1a: Slowking|61/100
|move|p1a: Slowking|Psychic Noise|p2a: Glalie
|-damage|p2a: Glalie|68/100 par
|-start|p2a: Glalie|move: Heal Block
|
|upkeep
|turn|3
|
|t:|1760350679
|move|p2a: Glalie|Icy Wind|p1a: Slowking
|-damage|p1a: Slowking|50/100
|-unboost|p1a: Slowking|spe|1
|-prepare|p1a: Slowking|Chilly Reception|[premajor]
|move|p1a: Slowking|Chilly Reception|p1a: Slowking
|-weather|Snowscape
|
|t:|1760350689
|switch|p1a: Samurott|Samurott-Hisui, F|100/100|[from] Chilly Reception
|
|-weather|Snowscape|[upkeep]
|-end|p2a: Glalie|move: Heal Block
|upkeep
|turn|4
|
|t:|1760350697
|move|p1a: Samurott|Ceaseless Edge|p2a: Glalie
|-damage|p2a: Glalie|32/100 par
|-sidestart|p2: queimaa|Spikes
|move|p2a: Glalie|Ice Beam|p1a: Samurott
|-resisted|p1a: Samurott
|-damage|p1a: Samurott|77/100
|
|-weather|Snowscape|[upkeep]
|upkeep
|turn|5
|
|t:|1760350706
|move|p2a: Glalie|Protect|p2a: Glalie
|-singleturn|p2a: Glalie|Protect
|move|p1a: Samurott|Ceaseless Edge|p2a: Glalie
|-activate|p2a: Glalie|move: Protect
|
|-weather|Snowscape|[upkeep]
|upkeep
|turn|6
|
|t:|1760350715
|move|p1a: Samurott|Encore|p2a: Glalie
|-start|p2a: Glalie|Encore
|cant|p2a: Glalie|par
|
|-weather|Snowscape|[upkeep]
|upkeep
|turn|7
|
|t:|1760350725
|cant|p2a: Glalie|par
|move|p1a: Samurott|Ceaseless Edge|p2a: Glalie
|-damage|p2a: Glalie|0 fnt
|-sidestart|p2: queimaa|Spikes
|faint|p2a: Glalie
|
|-weather|none
|upkeep
|
|t:|1760350735
|switch|p2a: Sceptile|Sceptile, F|100/100
|-damage|p2a: Sceptile|84/100|[from] Spikes
|turn|8
|
|t:|1760350741
|switch|p1a: Gholdengo|Gholdengo|100/100
|move|p2a: Sceptile|Leaf Blade|p1a: Gholdengo
|-resisted|p1a: Gholdengo
|-damage|p1a: Gholdengo|84/100
|-damage|p2a: Sceptile|67/100|[from] item: Rocky Helmet|[of] p1a: Gholdengo
|-damage|p2a: Sceptile|57/100|[from] item: Life Orb
|
|upkeep
|turn|9
|
|t:|1760350751
|switch|p2a: Houndoom|Houndoom, F|100/100
|move|p1a: Gholdengo|Thunder Wave|p2a: Houndoom
|-status|p2a: Houndoom|par
|
|upkeep
|turn|10
|
|t:|1760350762
|switch|p1a: Gliscor|Gliscor, M|100/100
|move|p2a: Houndoom|Flamethrower|p1a: Gliscor
|-damage|p1a: Gliscor|67/100
|
|-status|p1a: Gliscor|tox|[from] item: Toxic Orb
|upkeep
|turn|11
|
|t:|1760350772
|move|p1a: Gliscor|Stealth Rock|p2a: Houndoom
|-sidestart|p2: queimaa|move: Stealth Rock
|move|p2a: Houndoom|Dark Pulse|p1a: Gliscor
|-crit|p1a: Gliscor
|-damage|p1a: Gliscor|24/100 tox
|
|-heal|p1a: Gliscor|36/100 tox|[from] ability: Poison Heal
|upkeep
|turn|12
|
|t:|1760350781
|move|p1a: Gliscor|Knock Off|p2a: Houndoom
|-resisted|p2a: Houndoom
|-damage|p2a: Houndoom|82/100 par
|-enditem|p2a: Houndoom|Heavy-Duty Boots|[from] move: Knock Off|[of] p1a: Gliscor
|move|p2a: Houndoom|Flamethrower|p1a: Gliscor
|-damage|p1a: Gliscor|7/100 tox
|
|-heal|p1a: Gliscor|19/100 tox|[from] ability: Poison Heal
|upkeep
|turn|13
|
|t:|1760350791
|move|p1a: Gliscor|Protect|p1a: Gliscor
|-singleturn|p1a: Gliscor|Protect
|move|p2a: Houndoom|Dark Pulse|p1a: Gliscor
|-activate|p1a: Gliscor|move: Protect
|
|-heal|p1a: Gliscor|32/100 tox|[from] ability: Poison Heal
|upkeep
|turn|14
|
|t:|1760350800
|switch|p1a: Samurott|Samurott-Hisui, F|77/100
|move|p2a: Houndoom|Dark Pulse|p1a: Samurott
|-resisted|p1a: Samurott
|-damage|p1a: Samurott|50/100
|
|upkeep
|turn|15
|
|t:|1760350818
|move|p1a: Samurott|Ceaseless Edge|p2a: Houndoom
|-resisted|p2a: Houndoom
|-damage|p2a: Houndoom|46/100 par
|-sidestart|p2: queimaa|Spikes
|cant|p2a: Houndoom|par
|
|upkeep
|turn|16
|
|t:|1760350836
|move|p1a: Samurott|Razor Shell|p2a: Houndoom
|-supereffective|p2a: Houndoom
|-damage|p2a: Houndoom|0 fnt
|faint|p2a: Houndoom
|
|upkeep
|
|t:|1760350853
|switch|p2a: Ampharos|Ampharos, M|100/100
|-damage|p2a: Ampharos|88/100|[from] Stealth Rock
|-item|p2a: Ampharos|Air Balloon
|turn|17
|
|t:|1760350869
|move|p1a: Samurott|Knock Off|p2a: Ampharos
|-damage|p2a: Ampharos|39/100
|-enditem|p2a: Ampharos|Air Balloon
|move|p2a: Ampharos|Dazzling Gleam|p1a: Samurott
|-supereffective|p1a: Samurott
|-damage|p1a: Samurott|0 fnt
|faint|p1a: Samurott
|
|upkeep
|
|t:|1760350879
|switch|p1a: Slowking|Slowking-Galar, F|83/100
|turn|18
|
|t:|1760350884
|move|p2a: Ampharos|Thunderbolt|p1a: Slowking
|-damage|p1a: Slowking|61/100
|move|p1a: Slowking|Sludge Bomb|p2a: Ampharos
|-damage|p2a: Ampharos|3/100
|-status|p2a: Ampharos|psn
|
|-damage|p2a: Ampharos|0 fnt|[from] psn
|faint|p2a: Ampharos
|upkeep
|
|t:|1760350895
|switch|p2a: Heracross|Heracross, F|100/100
|-damage|p2a: Heracross|76/100|[from] Spikes
|-damage|p2a: Heracross|63/100|[from] Stealth Rock
|turn|19
|
|t:|1760350905
|move|p2a: Heracross|Stone Edge|p1a: Slowking
|-damage|p1a: Slowking|31/100
|move|p1a: Slowking|Psychic Noise|p2a: Heracross
|-supereffective|p2a: Heracross
|-damage|p2a: Heracross|3/100
|-start|p2a: Heracross|move: Heal Block
|
|-status|p2a: Heracross|brn|[from] item: Flame Orb
|upkeep
|turn|20
|
|t:|1760350925
|switch|p1a: Gliscor|Gliscor, M|32/100 tox
|move|p2a: Heracross|Facade|p1a: Gliscor
|-damage|p1a: Gliscor|0 fnt
|faint|p1a: Gliscor
|
|-damage|p2a: Heracross|0 fnt|[from] brn
|faint|p2a: Heracross
|upkeep
|
|t:|1760350937
|switch|p2a: Blastoise|Blastoise, M|100/100
|switch|p1a: Dragapult|Dragapult, F, shiny|100/100
|-damage|p2a: Blastoise|76/100|[from] Spikes
|-damage|p2a: Blastoise|63/100|[from] Stealth Rock
|turn|21
|
|t:|1760350946
|move|p1a: Dragapult|Dragon Darts|p2a: Blastoise
|-damage|p2a: Blastoise|41/100
|-anim|p1a: Dragapult|Dragon Darts|p2a: Blastoise
|-damage|p2a: Blastoise|20/100
|move|p2a: Blastoise|Ice Beam|p1a: Dragapult
|-supereffective|p1a: Dragapult
|-damage|p1a: Dragapult|44/100
|
|-heal|p2a: Blastoise|26/100|[from] item: Leftovers
|upkeep
|turn|22
|
|t:|1760350958
|move|p2a: Blastoise|Protect|p2a: Blastoise
|-singleturn|p2a: Blastoise|Protect
|move|p1a: Dragapult|Dragon Darts|p2a: Blastoise
|-activate|p2a: Blastoise|move: Protect
|
|-heal|p2a: Blastoise|32/100|[from] item: Leftovers
|upkeep
|turn|23
|
|t:|1760350969
|move|p1a: Dragapult|Dragon Darts|p2a: Blastoise
|-damage|p2a: Blastoise|11/100
|-anim|p1a: Dragapult|Dragon Darts|p2a: Blastoise
|-damage|p2a: Blastoise|0 fnt
|faint|p2a: Blastoise
|
|upkeep
|inactive|queimaa has 120 seconds left.
|inactive|queimaa has 90 seconds left.
|inactive|queimaa has 60 seconds left.
|inactive|queimaa has 30 seconds left.
|inactive|queimaa has 20 seconds left.
|inactive|queimaa has 15 seconds left.
|inactive|queimaa has 10 seconds left.
|inactive|queimaa has 5 seconds left.
|-message|queimaa lost due to inactivity.
|
|win|trubeliever
|raw|trubeliever's rating: 1090 &rarr; <strong>1115</strong><br />(+25 for winning)
|raw|queimaa's rating: 1065 &rarr; <strong>1047</strong><br />(-18 for losing)
