|j|☆matougris
|j|☆hoverhawk
|t:|1760435047
|gametype|singles
|player|p1|matougris|cameraman|1525
|player|p2|hoverhawk|2|1545
|gen|9
|tier|[Gen 9] OU
|rated|
|rule|HP Percentage Mod: HP is shown in percentages
|rule|Endless Battle Clause: Forcing endless battles is banned
|rule|Species Clause: Limit one of each Pokémon
|rule|OHKO Clause: OHKO moves are banned
|rule|Evasion Items Clause: Evasion items are banned
|rule|Evasion Moves Clause: Evasion moves are banned
|rule|Evasion Abilities Clause: Evasion abilities are banned
|rule|Sleep Moves Clause: Sleep-inducing moves are banned
|clearpoke
|poke|p1|Ninetales, M|
|poke|p1|Walking Wake|
|poke|p1|Hatterene, F|
|poke|p1|Great Tusk|
|poke|p1|Venusaur, M|
|poke|p1|Kingambit, F|
|poke|p2|Lokix, F|
|poke|p2|Hatterene, F|
|poke|p2|Cinderace, M|
|poke|p2|Tornadus-Therian, M|
|poke|p2|Iron Crown|
|poke|p2|Landorus-Therian, M|
|teampreview
|inactive|Battle timer is ON: inactive players will automatically lose when time's up. (requested by hoverhawk)
|
|t:|1760435079
|teamsize|p1|6
|teamsize|p2|6
|start
|switch|p1a: africa|Great Tusk|100/100
|switch|p2a: Landorus|Landorus-Therian, M|100/100
|-ability|p2a: Landorus|Intimidate|boost
|-unboost|p1a: africa|atk|1
|turn|1
|
|t:|1760435096
|move|p2a: Landorus|U-turn|p1a: africa
|-resisted|p1a: africa
|-damage|p1a: africa|94/100
|-damage|p2a: Landorus|84/100|[from] item: Rocky Helmet|[of] p1a: africa
|
|t:|1760435100
|switch|p2a: Tornadus|Tornadus-Therian, M|100/100|[from] U-turn
|move|p1a: africa|Ice Spinner|p2a: Tornadus
|-supereffective|p2a: Tornadus
|-damage|p2a: Tornadus|65/100
|
|upkeep
|turn|2
|
|t:|1760435114
|-end|p1a: africa|Protosynthesis|[silent]
|switch|p1a: gargamelle|Hatterene, F|100/100
|move|p2a: Tornadus|Bleakwind Storm|p1a: gargamelle
|-damage|p1a: gargamelle|61/100
|-unboost|p1a: gargamelle|spe|1
|-enditem|p1a: gargamelle|Eject Button
|
|t:|1760435131
|switch|p1a: old gen|Ninetales, M|100/100
|-weather|SunnyDay|[from] ability: Drought|[of] p1a: old gen
|
|-weather|SunnyDay|[upkeep]
|upkeep
|turn|3
|inactive|matougris has 120 seconds left.
|
|t:|1760435162
|move|p2a: Tornadus|Knock Off|p1a: old gen
|-damage|p1a: old gen|76/100
|-enditem|p1a: old gen|Heat Rock|[from] move: Knock Off|[of] p2a: Tornadus
|move|p1a: old gen|Will-O-Wisp|p2a: Tornadus
|-status|p2a: Tornadus|brn
|
|-weather|SunnyDay|[upkeep]
|-damage|p2a: Tornadus|59/100 brn|[from] brn
|upkeep
|turn|4
|
|t:|1760435168
|switch|p1a: longue queue|Walking Wake|100/100
|-activate|p1a: longue queue|ability: Protosynthesis
|-start|p1a: longue queue|protosynthesisspe
|move|p2a: Tornadus|U-turn|p1a: longue queue
|-damage|p1a: longue queue|93/100
|inactive|hoverhawk has 120 seconds left.
|
|t:|1760435220
|switch|p2a: Lokix|Lokix, F|100/100|[from] U-turn
|
|-weather|SunnyDay|[upkeep]
|upkeep
|turn|5
|
|t:|1760435231
|-terastallize|p2a: Lokix|Bug
|move|p2a: Lokix|First Impression|p1a: longue queue
|-damage|p1a: longue queue|7/100
|move|p1a: longue queue|Flamethrower|p2a: Lokix
|-supereffective|p2a: Lokix
|-damage|p2a: Lokix|0 fnt
|faint|p2a: Lokix
|
|-weather|SunnyDay|[upkeep]
|upkeep
|c|☆matougris|i hate this mf
|inactive|hoverhawk has 90 seconds left.
|inactive|hoverhawk has 60 seconds left.
|c|☆hoverhawk|adamant would kill
|
|t:|1760435291
|switch|p2a: Tornadus|Tornadus-Therian, M|92/100 brn
|turn|6
|
|t:|1760435302
|-end|p1a: longue queue|Protosynthesis|[silent]
|switch|p1a: gargamelle|Hatterene, F|61/100
|move|p2a: Tornadus|U-turn|p1a: gargamelle
|-damage|p1a: gargamelle|53/100
|
|t:|1760435308
|switch|p2a: Cinderace|Cinderace, M|100/100|[from] U-turn
|
|-weather|SunnyDay|[upkeep]
|upkeep
|turn|7
|
|t:|1760435312
|move|p2a: Cinderace|Pyro Ball|p1a: gargamelle|[miss]
|-miss|p2a: Cinderace|p1a: gargamelle
|move|p1a: gargamelle|Nuzzle|p2a: Cinderace
|-damage|p2a: Cinderace|96/100
|-status|p2a: Cinderace|par
|
|-weather|SunnyDay|[upkeep]
|upkeep
|turn|8
|
|t:|1760435317
|move|p2a: Cinderace|Pyro Ball|p1a: gargamelle
|-crit|p1a: gargamelle
|-damage|p1a: gargamelle|0 fnt
|faint|p1a: gargamelle
|
|-weather|SunnyDay|[upkeep]
|upkeep
|
|t:|1760435321
|switch|p1a: longue queue|Walking Wake|7/100
|-activate|p1a: longue queue|ability: Protosynthesis
|-start|p1a: longue queue|protosynthesisspe
|turn|9
|
|t:|1760435329
|move|p1a: longue queue|Hydro Steam|p2a: Cinderace
|-supereffective|p2a: Cinderace
|-damage|p2a: Cinderace|0 fnt
|faint|p2a: Cinderace
|
|-weather|none
|-end|p1a: longue queue|Protosynthesis
|upkeep
|
|t:|1760435334
|switch|p2a: Tornadus|Tornadus-Therian, M|100/100 brn
|turn|10
|
|t:|1760435344
|-end|p1a: longue queue|Protosynthesis|[silent]
|switch|p1a: old gen|Ninetales, M|76/100
|-weather|SunnyDay|[from] ability: Drought|[of] p1a: old gen
|move|p2a: Tornadus|Bleakwind Storm|p1a: old gen
|-damage|p1a: old gen|40/100
|
|-weather|SunnyDay|[upkeep]
|-damage|p2a: Tornadus|94/100 brn|[from] brn
|upkeep
|turn|11
|
|t:|1760435365
|switch|p2a: Hatterene|Hatterene, F|100/100
|move|p1a: old gen|Healing Wish|p1a: old gen
|faint|p1a: old gen
|
|-weather|SunnyDay|[upkeep]
|upkeep
|
|t:|1760435367
|switch|p1a: longue queue|Walking Wake|7/100
|-heal|p1a: longue queue|100/100|[from] move: Healing Wish
|-activate|p1a: longue queue|ability: Protosynthesis
|-start|p1a: longue queue|protosynthesisspe
|turn|12
|
|t:|1760435370
|-terastallize|p1a: longue queue|Water
|move|p1a: longue queue|Hydro Steam|p2a: Hatterene
|-damage|p2a: Hatterene|0 fnt
|faint|p2a: Hatterene
|
|-weather|SunnyDay|[upkeep]
|upkeep
|-message|hoverhawk forfeited.
|
|win|matougris
|raw|matougris's rating: 1525 &rarr; <strong>1546</strong><br />(+21 for winning)
|raw|hoverhawk's rating: 1545 &rarr; <strong>1524</strong><br />(-21 for losing)
|l|☆hoverhawk
|player|p2|
|l|☆matougris
|player|p1|
