|j|☆rhienwelzel
|j|☆cl_naruke
|t:|1760350301
|gametype|singles
|player|p1|rhienwelzel|fisherman|1293
|player|p2|cl_naruke|marshal|1356
|gen|9
|tier|[Gen 9] OU
|rated|
|rule|HP Percentage Mod: HP is shown in percentages
|rule|Endless Battle Clause: Forcing endless battles is banned
|rule|Species Clause: Limit one of each Pokémon
|rule|OHKO Clause: OHKO moves are banned
|rule|Evasion Items Clause: Evasion items are banned
|rule|Evasion Moves Clause: Evasion moves are banned
|rule|Evasion Abilities Clause: Evasion abilities are banned
|rule|Sleep Moves Clause: Sleep-inducing moves are banned
|clearpoke
|poke|p1|Ogerpon-Wellspring, F|
|poke|p1|Enamorus, F|
|poke|p1|Cinderace, M|
|poke|p1|Dragonite, M|
|poke|p1|Gholdengo|
|poke|p1|Great Tusk|
|poke|p2|Gholdengo|
|poke|p2|Torkoal, M|
|poke|p2|Walking Wake|
|poke|p2|Galvantula, F|
|poke|p2|Ceruledge, M|
|poke|p2|Great Tusk|
|teampreview
|inactive|Battle timer is ON: inactive players will automatically lose when time's up. (requested by cl_naruke)
|
|t:|1760350319
|teamsize|p1|6
|teamsize|p2|6
|start
|switch|p1a: Great Tusk|Great Tusk|100/100
|switch|p2a: Ceruledge|Ceruledge, M|100/100
|turn|1
|
|t:|1760350324
|move|p1a: Great Tusk|Headlong Rush|p2a: Ceruledge
|-supereffective|p2a: Ceruledge
|-enditem|p2a: Ceruledge|Focus Sash
|-damage|p2a: Ceruledge|1/100
|-unboost|p1a: Great Tusk|def|1
|-unboost|p1a: Great Tusk|spd|1
|-ability|p2a: Ceruledge|Weak Armor|boost
|-unboost|p2a: Ceruledge|def|1
|-boost|p2a: Ceruledge|spe|2
|move|p2a: Ceruledge|Swords Dance|p2a: Ceruledge
|-boost|p2a: Ceruledge|atk|2
|
|upkeep
|turn|2
|
|t:|1760350332
|move|p2a: Ceruledge|Poltergeist|p1a: Great Tusk
|-activate|p1a: Great Tusk|move: Poltergeist|Heavy-Duty Boots
|-damage|p1a: Great Tusk|0 fnt
|faint|p1a: Great Tusk
|-end|p1a: Great Tusk|Protosynthesis|[silent]
|
|upkeep
|
|t:|1760350336
|switch|p1a: Gholdengo|Gholdengo|100/100
|turn|3
|
|t:|1760350341
|move|p2a: Ceruledge|Bitter Blade|p1a: Gholdengo
|-supereffective|p1a: Gholdengo
|-damage|p1a: Gholdengo|0 fnt
|-heal|p2a: Ceruledge|55/100|[from] drain|[of] p1a: Gholdengo
|faint|p1a: Gholdengo
|
|upkeep
|
|t:|1760350346
|switch|p1a: Cinderace|Cinderace, M|100/100
|turn|4
|
|t:|1760350350
|move|p1a: Cinderace|Sucker Punch|p2a: Ceruledge
|-start|p1a: Cinderace|typechange|Dark|[from] ability: Libero
|-supereffective|p2a: Ceruledge
|-damage|p2a: Ceruledge|0 fnt
|faint|p2a: Ceruledge
|
|upkeep
|
|t:|1760350357
|switch|p2a: Galvantula|Galvantula, F|100/100
|turn|5
|
|t:|1760350360
|move|p2a: Galvantula|Bug Buzz|p1a: Cinderace
|-supereffective|p1a: Cinderace
|-damage|p1a: Cinderace|0 fnt
|faint|p1a: Cinderace
|
|upkeep
|
|t:|1760350364
|switch|p1a: Enamorus|Enamorus, F|100/100
|turn|6
|
|t:|1760350374
|move|p1a: Enamorus|Moonblast|p2a: Galvantula
|-damage|p2a: Galvantula|3/100
|-unboost|p2a: Galvantula|spa|1
|move|p2a: Galvantula|Sticky Web|p1a: Enamorus
|-sidestart|p1: rhienwelzel|move: Sticky Web
|
|upkeep
|turn|7
|
|t:|1760350379
|switch|p2a: Gholdengo|Gholdengo, shiny|100/100
|move|p1a: Enamorus|Moonblast|p2a: Gholdengo
|-resisted|p2a: Gholdengo
|-damage|p2a: Gholdengo|70/100
|-unboost|p2a: Gholdengo|spa|1
|
|upkeep
|turn|8
|
|t:|1760350386
|switch|p1a: Ogerpon|Ogerpon-Wellspring, F|100/100
|-activate|p1a: Ogerpon|move: Sticky Web
|-unboost|p1a: Ogerpon|spe|1
|move|p2a: Gholdengo|Shadow Ball|p1a: Ogerpon
|-damage|p1a: Ogerpon|68/100
|-unboost|p1a: Ogerpon|spd|1
|
|upkeep
|turn|9
|
|t:|1760350392
|switch|p2a: Galvantula|Galvantula, F|3/100
|move|p1a: Ogerpon|Knock Off|p2a: Galvantula
|-damage|p2a: Galvantula|0 fnt
|-enditem|p2a: Galvantula|Focus Sash|[from] move: Knock Off|[of] p1a: Ogerpon
|faint|p2a: Galvantula
|
|upkeep
|
|t:|1760350410
|switch|p2a: Walking Wake|Walking Wake|100/100
|turn|10
|
|t:|1760350415
|-end|p2a: Walking Wake|Protosynthesis|[silent]
|switch|p2a: Gholdengo|Gholdengo, shiny|70/100
|move|p1a: Ogerpon|Knock Off|p2a: Gholdengo
|-supereffective|p2a: Gholdengo
|-damage|p2a: Gholdengo|0 fnt
|-enditem|p2a: Gholdengo|Choice Scarf|[from] move: Knock Off|[of] p1a: Ogerpon
|faint|p2a: Gholdengo
|
|upkeep
|
|t:|1760350422
|switch|p2a: Torkoal|Torkoal, M|100/100
|-weather|SunnyDay|[from] ability: Drought|[of] p2a: Torkoal
|turn|11
|
|t:|1760350427
|move|p1a: Ogerpon|Ivy Cudgel|p2a: Torkoal|[anim] Ivy Cudgel Water
|-supereffective|p2a: Torkoal
|-damage|p2a: Torkoal|56/100
|move|p2a: Torkoal|Will-O-Wisp|p1a: Ogerpon|[miss]
|-miss|p2a: Torkoal|p1a: Ogerpon
|
|-weather|SunnyDay|[upkeep]
|upkeep
|turn|12
|
|t:|1760350439
|switch|p2a: Walking Wake|Walking Wake|100/100
|-activate|p2a: Walking Wake|ability: Protosynthesis
|-start|p2a: Walking Wake|protosynthesisspe
|move|p1a: Ogerpon|Ivy Cudgel|p2a: Walking Wake|[anim] Ivy Cudgel Water
|-resisted|p2a: Walking Wake
|-damage|p2a: Walking Wake|93/100
|
|-weather|SunnyDay|[upkeep]
|upkeep
|turn|13
|
|t:|1760350443
|move|p2a: Walking Wake|Weather Ball|p1a: Ogerpon
|-damage|p1a: Ogerpon|0 fnt
|faint|p1a: Ogerpon
|
|-weather|SunnyDay|[upkeep]
|upkeep
|
|t:|1760350451
|switch|p1a: Dragonite|Dragonite, M|100/100
|turn|14
|
|t:|1760350464
|-end|p2a: Walking Wake|Protosynthesis|[silent]
|switch|p2a: Torkoal|Torkoal, M|56/100
|move|p1a: Dragonite|Dragon Dance|p1a: Dragonite
|-boost|p1a: Dragonite|atk|1
|-boost|p1a: Dragonite|spe|1
|
|-weather|SunnyDay|[upkeep]
|upkeep
|turn|15
|
|t:|1760350468
|move|p1a: Dragonite|Earthquake|p2a: Torkoal
|-supereffective|p2a: Torkoal
|-damage|p2a: Torkoal|0 fnt
|faint|p2a: Torkoal
|
|-weather|SunnyDay|[upkeep]
|upkeep
|
|t:|1760350471
|switch|p2a: Great Tusk|Great Tusk|100/100
|-activate|p2a: Great Tusk|ability: Protosynthesis
|-start|p2a: Great Tusk|protosynthesisatk
|turn|16
|
|t:|1760350478
|-terastallize|p1a: Dragonite|Normal
|move|p1a: Dragonite|Dragon Dance|p1a: Dragonite
|-boost|p1a: Dragonite|atk|1
|-boost|p1a: Dragonite|spe|1
|move|p2a: Great Tusk|Ice Spinner|p1a: Dragonite
|-damage|p1a: Dragonite|77/100
|
|-weather|SunnyDay|[upkeep]
|upkeep
|turn|17
|
|t:|1760350489
|move|p1a: Dragonite|Extreme Speed|p2a: Great Tusk
|-damage|p2a: Great Tusk|27/100
|move|p2a: Great Tusk|Ice Spinner|p1a: Dragonite
|-damage|p1a: Dragonite|35/100
|
|-weather|SunnyDay|[upkeep]
|upkeep
|turn|18
|
|t:|1760350497
|move|p1a: Dragonite|Extreme Speed|p2a: Great Tusk
|-damage|p2a: Great Tusk|0 fnt
|faint|p2a: Great Tusk
|-end|p2a: Great Tusk|Protosynthesis|[silent]
|
|-weather|none
|upkeep
|-message|cl_naruke forfeited.
|
|win|rhienwelzel
|raw|rhienwelzel's rating: 1293 &rarr; <strong>1322</strong><br />(+29 for winning)
|raw|cl_naruke's rating: 1356 &rarr; <strong>1332</strong><br />(-24 for losing)
|l|☆cl_naruke
|player|p2|
|l|☆rhienwelzel
|player|p1|
