|j|☆xXb1llyXx
|j|☆teamskullenoxa
|t:|1760385715
|gametype|singles
|player|p1|xXb1llyXx|mom-unova|1730
|player|p2|teamskullenoxa|102|1743
|gen|9
|tier|[Gen 9] OU
|rated|
|rule|HP Percentage Mod: HP is shown in percentages
|rule|Endless Battle Clause: Forcing endless battles is banned
|rule|Species Clause: Limit one of each Pokémon
|rule|OHKO Clause: OHKO moves are banned
|rule|Evasion Items Clause: Evasion items are banned
|rule|Evasion Moves Clause: Evasion moves are banned
|rule|Evasion Abilities Clause: Evasion abilities are banned
|rule|Sleep Moves Clause: Sleep-inducing moves are banned
|clearpoke
|poke|p1|Gholdengo|
|poke|p1|Ting-Lu|
|poke|p1|Iron Treads|
|poke|p1|Tornadus-Therian, M|
|poke|p1|Raging Bolt|
|poke|p1|Zamazenta-*|
|poke|p2|Lokix, F|
|poke|p2|Slowking-Galar, M|
|poke|p2|Weavile, F|
|poke|p2|Enamorus, F|
|poke|p2|Alomomola, M|
|poke|p2|Cinderace, F|
|teampreview
|
|t:|1760385732
|teamsize|p1|6
|teamsize|p2|6
|start
|switch|p1a: Iron Treads|Iron Treads|100/100
|switch|p2a: Weavile|Weavile, F|100/100
|-ability|p2a: Weavile|Pressure
|-enditem|p1a: Iron Treads|Booster Energy
|-activate|p1a: Iron Treads|ability: Quark Drive|[fromitem]
|-start|p1a: Iron Treads|quarkdrivespe
|turn|1
|
|t:|1760385735
|move|p1a: Iron Treads|Knock Off|p2a: Weavile
|-resisted|p2a: Weavile
|-damage|p2a: Weavile|73/100
|-enditem|p2a: Weavile|Choice Band|[from] move: Knock Off|[of] p1a: Iron Treads
|move|p2a: Weavile|Low Kick|p1a: Iron Treads
|-supereffective|p1a: Iron Treads
|-damage|p1a: Iron Treads|34/100
|
|upkeep
|turn|2
|
|t:|1760385747
|switch|p2a: Alomomola|Alomomola, M|100/100
|move|p1a: Iron Treads|Earthquake|p2a: Alomomola
|-damage|p2a: Alomomola|64/100
|
|upkeep
|turn|3
|
|t:|1760385750
|move|p2a: Alomomola|Aqua Jet|p1a: Iron Treads
|-supereffective|p1a: Iron Treads
|-damage|p1a: Iron Treads|16/100
|move|p1a: Iron Treads|Knock Off|p2a: Alomomola
|-damage|p2a: Alomomola|40/100
|-enditem|p2a: Alomomola|Assault Vest|[from] move: Knock Off|[of] p1a: Iron Treads
|
|upkeep
|turn|4
|j| OP Earthquakes
|
|t:|1760385758
|move|p1a: Iron Treads|Earthquake|p2a: Alomomola
|-damage|p2a: Alomomola|4/100
|move|p2a: Alomomola|Flip Turn|p1a: Iron Treads
|-supereffective|p1a: Iron Treads
|-damage|p1a: Iron Treads|0 fnt
|faint|p1a: Iron Treads
|-end|p1a: Iron Treads|Quark Drive|[silent]
|
|t:|1760385774
|switch|p2a: Weavile|Weavile, F|73/100|[from] Flip Turn
|-ability|p2a: Weavile|Pressure
|
|upkeep
|
|t:|1760385778
|switch|p1a: Zamazenta|Zamazenta|100/100
|-ability|p1a: Zamazenta|Dauntless Shield|boost
|-boost|p1a: Zamazenta|def|1
|turn|5
|
|t:|1760385783
|switch|p2a: Slowking|Slowking-Galar, M|100/100
|move|p1a: Zamazenta|Iron Defense|p1a: Zamazenta
|-boost|p1a: Zamazenta|def|2
|
|upkeep
|turn|6
|
|t:|1760385788
|switch|p1a: Gholdengo|Gholdengo|100/100
|-item|p1a: Gholdengo|Air Balloon
|move|p2a: Slowking|Future Sight|p1a: Gholdengo
|-start|p2a: Slowking|move: Future Sight
|
|upkeep
|turn|7
|
|t:|1760385794
|move|p1a: Gholdengo|Thunder Wave|p2a: Slowking
|-status|p2a: Slowking|par
|-prepare|p2a: Slowking|Chilly Reception|[premajor]
|move|p2a: Slowking|Chilly Reception|p2a: Slowking
|-weather|Snowscape
|
|t:|1760385813
|switch|p2a: Cinderace|Cinderace, F|100/100|[from] Chilly Reception
|
|-weather|Snowscape|[upkeep]
|upkeep
|turn|8
|
|t:|1760385822
|-terastallize|p1a: Gholdengo|Water
|move|p2a: Cinderace|U-turn|p1a: Gholdengo
|-damage|p1a: Gholdengo|85/100
|-enditem|p1a: Gholdengo|Air Balloon
|
|t:|1760385828
|switch|p2a: Slowking|Slowking-Galar, M|100/100 par|[from] U-turn
|move|p1a: Gholdengo|Thunder Wave|p2a: Slowking
|-fail|p2a: Slowking|par
|
|-weather|Snowscape|[upkeep]
|-end|p1a: Gholdengo|move: Future Sight
|-damage|p1a: Gholdengo|41/100
|upkeep
|turn|9
|
|t:|1760385831
|move|p1a: Gholdengo|Recover|p1a: Gholdengo
|-heal|p1a: Gholdengo|91/100
|-prepare|p2a: Slowking|Chilly Reception|[premajor]
|move|p2a: Slowking|Chilly Reception|p2a: Slowking
|
|t:|1760385849
|switch|p2a: Lokix|Lokix, F|100/100|[from] Chilly Reception
|
|-weather|Snowscape|[upkeep]
|upkeep
|turn|10
|
|t:|1760385852
|move|p2a: Lokix|U-turn|p1a: Gholdengo
|-damage|p1a: Gholdengo|65/100
|
|t:|1760385857
|switch|p2a: Slowking|Slowking-Galar, M|100/100 par|[from] U-turn
|move|p1a: Gholdengo|Thunder Wave|p2a: Slowking
|-fail|p2a: Slowking|par
|
|-weather|Snowscape|[upkeep]
|upkeep
|turn|11
|
|t:|1760385866
|move|p1a: Gholdengo|Hex|p2a: Slowking
|-supereffective|p2a: Slowking
|-damage|p2a: Slowking|10/100 par
|move|p2a: Slowking|Sludge Bomb|p1a: Gholdengo
|-damage|p1a: Gholdengo|32/100
|-status|p1a: Gholdengo|psn
|
|-weather|none
|-damage|p1a: Gholdengo|20/100 psn|[from] psn
|upkeep
|turn|12
|
|t:|1760385875
|switch|p2a: Alomomola|Alomomola, M|37/100
|move|p1a: Gholdengo|Make It Rain|p2a: Alomomola
|-resisted|p2a: Alomomola
|-damage|p2a: Alomomola|18/100
|-unboost|p1a: Gholdengo|spa|1
|
|-damage|p1a: Gholdengo|7/100 psn|[from] psn
|upkeep
|turn|13
|
|t:|1760385879
|switch|p2a: Slowking|Slowking-Galar, M|44/100 par
|move|p1a: Gholdengo|Recover|p1a: Gholdengo
|-heal|p1a: Gholdengo|57/100 psn
|
|-damage|p1a: Gholdengo|45/100 psn|[from] psn
|upkeep
|turn|14
|
|t:|1760385886
|switch|p2a: Alomomola|Alomomola, M|52/100
|move|p1a: Gholdengo|Thunder Wave|p2a: Alomomola
|-status|p2a: Alomomola|par
|
|-damage|p1a: Gholdengo|32/100 psn|[from] psn
|upkeep
|turn|15
|
|t:|1760385892
|move|p1a: Gholdengo|Recover|p1a: Gholdengo
|-heal|p1a: Gholdengo|82/100 psn
|move|p2a: Alomomola|Flip Turn|p1a: Gholdengo
|-resisted|p1a: Gholdengo
|-damage|p1a: Gholdengo|77/100 psn
|
|t:|1760385898
|switch|p2a: Lokix|Lokix, F|100/100|[from] Flip Turn
|
|-damage|p1a: Gholdengo|64/100 psn|[from] psn
|upkeep
|turn|16
|
|t:|1760385903
|move|p2a: Lokix|U-turn|p1a: Gholdengo
|-damage|p1a: Gholdengo|39/100 psn
|
|t:|1760385906
|switch|p2a: Alomomola|Alomomola, M|85/100 par|[from] U-turn
|move|p1a: Gholdengo|Hex|p2a: Alomomola
|-damage|p2a: Alomomola|58/100 par
|
|-damage|p1a: Gholdengo|26/100 psn|[from] psn
|upkeep
|turn|17
|
|t:|1760385915
|switch|p1a: Tornadus|Tornadus-Therian, M|100/100
|move|p2a: Alomomola|Flip Turn|p1a: Tornadus
|-damage|p1a: Tornadus|76/100
|
|t:|1760385918
|switch|p2a: Weavile|Weavile, F|73/100|[from] Flip Turn
|-ability|p2a: Weavile|Pressure
|
|upkeep
|turn|18
|
|t:|1760385923
|switch|p1a: Zamazenta|Zamazenta|100/100
|move|p2a: Weavile|Triple Axel|p1a: Zamazenta
|-damage|p1a: Zamazenta|93/100
|-damage|p1a: Zamazenta|80/100
|-damage|p1a: Zamazenta|57/100
|-hitcount|p1a: Zamazenta|3
|
|-heal|p1a: Zamazenta|63/100|[from] item: Leftovers
|upkeep
|turn|19
|
|t:|1760385931
|switch|p2a: Slowking|Slowking-Galar, M|77/100 par
|move|p1a: Zamazenta|Crunch|p2a: Slowking
|-supereffective|p2a: Slowking
|-damage|p2a: Slowking|48/100 par
|-unboost|p2a: Slowking|def|1
|
|-heal|p1a: Zamazenta|69/100|[from] item: Leftovers
|upkeep
|turn|20
|
|t:|1760385936
|move|p1a: Zamazenta|Iron Defense|p1a: Zamazenta
|-boost|p1a: Zamazenta|def|2
|cant|p2a: Slowking|par
|
|-heal|p1a: Zamazenta|75/100|[from] item: Leftovers
|upkeep
|turn|21
|
|t:|1760385943
|move|p1a: Zamazenta|Crunch|p2a: Slowking
|-supereffective|p2a: Slowking
|-damage|p2a: Slowking|0 fnt
|faint|p2a: Slowking
|
|-heal|p1a: Zamazenta|81/100|[from] item: Leftovers
|upkeep
|
|t:|1760385946
|switch|p2a: Enamorus|Enamorus, F|100/100
|turn|22
|
|t:|1760385957
|move|p2a: Enamorus|Moonblast|p1a: Zamazenta
|-supereffective|p1a: Zamazenta
|-damage|p1a: Zamazenta|0 fnt
|faint|p1a: Zamazenta
|
|upkeep
|
|t:|1760385962
|switch|p1a: Raging Bolt|Raging Bolt|100/100
|-enditem|p1a: Raging Bolt|Booster Energy
|-activate|p1a: Raging Bolt|ability: Protosynthesis|[fromitem]
|-start|p1a: Raging Bolt|protosynthesisspa
|turn|23
|
|t:|1760385966
|switch|p2a: Weavile|Weavile, F|73/100
|-ability|p2a: Weavile|Pressure
|move|p1a: Raging Bolt|Calm Mind|p1a: Raging Bolt
|-boost|p1a: Raging Bolt|spa|1
|-boost|p1a: Raging Bolt|spd|1
|
|upkeep
|turn|24
|
|t:|1760385972
|move|p2a: Weavile|Ice Shard|p1a: Raging Bolt
|-supereffective|p1a: Raging Bolt
|-damage|p1a: Raging Bolt|69/100
|move|p1a: Raging Bolt|Thunderbolt|p2a: Weavile
|-damage|p2a: Weavile|0 fnt
|faint|p2a: Weavile
|
|upkeep
|
|t:|1760385978
|switch|p2a: Lokix|Lokix, F|100/100
|turn|25
|
|t:|1760385986
|-terastallize|p2a: Lokix|Bug
|move|p2a: Lokix|U-turn|p1a: Raging Bolt
|-damage|p1a: Raging Bolt|28/100
|
|t:|1760385994
|switch|p2a: Alomomola|Alomomola, M|91/100 par|[from] U-turn
|move|p1a: Raging Bolt|Thunderbolt|p2a: Alomomola
|-supereffective|p2a: Alomomola
|-damage|p2a: Alomomola|0 fnt
|faint|p2a: Alomomola
|
|upkeep
|
|t:|1760386000
|switch|p2a: Lokix|Lokix, F, tera:Bug|100/100
|turn|26
|
|t:|1760386004
|move|p2a: Lokix|First Impression|p1a: Raging Bolt
|-damage|p1a: Raging Bolt|0 fnt
|faint|p1a: Raging Bolt
|-end|p1a: Raging Bolt|Protosynthesis|[silent]
|
|upkeep
|
|t:|1760386008
|switch|p1a: Ting-Lu|Ting-Lu|100/100
|-ability|p1a: Ting-Lu|Vessel of Ruin
|turn|27
|
|t:|1760386012
|move|p2a: Lokix|U-turn|p1a: Ting-Lu
|-supereffective|p1a: Ting-Lu
|-damage|p1a: Ting-Lu|43/100
|-enditem|p1a: Ting-Lu|Weakness Policy
|-boost|p1a: Ting-Lu|atk|2|[from] item: Weakness Policy
|-boost|p1a: Ting-Lu|spa|2|[from] item: Weakness Policy
|
|t:|1760386019
|switch|p2a: Cinderace|Cinderace, F|100/100|[from] U-turn
|move|p1a: Ting-Lu|Stealth Rock|p2a: Cinderace
|-sidestart|p2: teamskullenoxa|move: Stealth Rock
|
|upkeep
|turn|28
|
|t:|1760386022
|move|p2a: Cinderace|High Jump Kick|p1a: Ting-Lu
|-supereffective|p1a: Ting-Lu
|-damage|p1a: Ting-Lu|0 fnt
|faint|p1a: Ting-Lu
|
|upkeep
|
|t:|1760386025
|switch|p1a: Tornadus|Tornadus-Therian, M|100/100
|turn|29
|
|t:|1760386032
|move|p1a: Tornadus|Bleakwind Storm|p2a: Cinderace
|-damage|p2a: Cinderace|14/100
|-damage|p1a: Tornadus|91/100|[from] item: Life Orb
|move|p2a: Cinderace|Pyro Ball|p1a: Tornadus
|-crit|p1a: Tornadus
|-damage|p1a: Tornadus|0 fnt
|faint|p1a: Tornadus
|
|upkeep
|-message|xXb1llyXx forfeited.
|
|win|teamskullenoxa
|raw|xXb1llyXx's rating: 1730 &rarr; <strong>1711</strong><br />(-19 for losing)
|raw|teamskullenoxa's rating: 1743 &rarr; <strong>1762</strong><br />(+19 for winning)
|l|☆xXb1llyXx
|player|p1|
|l|☆teamskullenoxa
|player|p2|
