|j|☆gzem
|j|☆rabbit450
|t:|1760379384
|gametype|singles
|player|p1|gzem|whitney|1157
|player|p2|rabbit450|101|1106
|gen|9
|tier|[Gen 9] OU
|rated|
|rule|HP Percentage Mod: HP is shown in percentages
|rule|Endless Battle Clause: Forcing endless battles is banned
|rule|Species Clause: Limit one of each Pokémon
|rule|OHKO Clause: OHKO moves are banned
|rule|Evasion Items Clause: Evasion items are banned
|rule|Evasion Moves Clause: Evasion moves are banned
|rule|Evasion Abilities Clause: Evasion abilities are banned
|rule|Sleep Moves Clause: Sleep-inducing moves are banned
|clearpoke
|poke|p1|Dragonite, M|
|poke|p1|Ting-Lu|
|poke|p1|Alomomola, F|
|poke|p1|Gholdengo|
|poke|p1|Weezing-Galar, F|
|poke|p1|Iron Valiant|
|poke|p2|Ninetales-Alola, M|
|poke|p2|Meowscarada, M|
|poke|p2|Corviknight, M|
|poke|p2|Dragonite, F|
|poke|p2|Maushold-Four|
|poke|p2|Ogerpon-Wellspring, F|
|teampreview
|
|t:|1760379392
|teamsize|p1|6
|teamsize|p2|6
|start
|switch|p1a: Gholdengo|Gholdengo|100/100
|switch|p2a: Corviknight|Corviknight, M|100/100
|-ability|p2a: Corviknight|Unnerve
|turn|1
|
|t:|1760379398
|move|p1a: Gholdengo|Thunderbolt|p2a: Corviknight
|-supereffective|p2a: Corviknight
|-damage|p2a: Corviknight|27/100
|move|p2a: Corviknight|Tailwind|p2a: Corviknight
|-sidestart|p2: rabbit450|move: Tailwind
|
|-heal|p2a: Corviknight|34/100|[from] item: Leftovers
|upkeep
|turn|2
|
|t:|1760379418
|switch|p2a: Ogerpon|Ogerpon-Wellspring, F|100/100
|move|p1a: Gholdengo|Thunderbolt|p2a: Ogerpon
|-damage|p2a: Ogerpon|61/100
|
|upkeep
|turn|3
|
|t:|1760379427
|move|p2a: Ogerpon|Stomping Tantrum|p1a: Gholdengo
|-supereffective|p1a: Gholdengo
|-damage|p1a: Gholdengo|29/100
|move|p1a: Gholdengo|Thunderbolt|p2a: Ogerpon
|-damage|p2a: Ogerpon|21/100
|
|upkeep
|turn|4
|
|t:|1760379435
|switch|p1a: Alomomola|Alomomola, F|100/100
|move|p2a: Ogerpon|Stomping Tantrum|p1a: Alomomola
|-damage|p1a: Alomomola|84/100
|-damage|p2a: Ogerpon|4/100|[from] item: Rocky Helmet|[of] p1a: Alomomola
|
|-sideend|p2: rabbit450|move: Tailwind
|upkeep
|turn|5
|
|t:|1760379448
|switch|p1a: Dragonite|Dragonite, M|100/100
|move|p2a: Ogerpon|Synthesis|p2a: Ogerpon
|-heal|p2a: Ogerpon|54/100
|
|upkeep
|turn|6
|
|t:|1760379463
|switch|p2a: Meowscarada|Meowscarada, M|100/100
|move|p1a: Dragonite|Dragon Dance|p1a: Dragonite
|-boost|p1a: Dragonite|atk|1
|-boost|p1a: Dragonite|spe|1
|
|upkeep
|turn|7
|
|t:|1760379470
|move|p1a: Dragonite|Hurricane|p2a: Meowscarada
|-supereffective|p2a: Meowscarada
|-damage|p2a: Meowscarada|0 fnt
|faint|p2a: Meowscarada
|
|upkeep
|
|t:|1760379481
|switch|p2a: Ninetales|Ninetales-Alola, M|100/100
|-weather|Snowscape|[from] ability: Snow Warning|[of] p2a: Ninetales
|turn|8
|inactive|Battle timer is ON: inactive players will automatically lose when time's up. (requested by gzem)
|
|t:|1760379496
|-terastallize|p1a: Dragonite|Normal
|move|p1a: Dragonite|Extreme Speed|p2a: Ninetales
|-damage|p2a: Ninetales|25/100
|move|p2a: Ninetales|Blizzard|p1a: Dragonite
|-damage|p1a: Dragonite|72/100
|
|-weather|Snowscape|[upkeep]
|upkeep
|turn|9
|
|t:|1760379508
|switch|p2a: Corviknight|Corviknight, M|34/100
|-ability|p2a: Corviknight|Unnerve
|move|p1a: Dragonite|Extreme Speed|p2a: Corviknight
|-resisted|p2a: Corviknight
|-damage|p2a: Corviknight|6/100
|
|-weather|Snowscape|[upkeep]
|-heal|p2a: Corviknight|13/100|[from] item: Leftovers
|upkeep
|turn|10
|
|t:|1760379518
|move|p1a: Dragonite|Extreme Speed|p2a: Corviknight
|-resisted|p2a: Corviknight
|-damage|p2a: Corviknight|0 fnt
|faint|p2a: Corviknight
|
|-weather|Snowscape|[upkeep]
|upkeep
|
|t:|1760379539
|switch|p2a: Maushold|Maushold-Four|100/100
|turn|11
|
|t:|1760379547
|move|p1a: Dragonite|Extreme Speed|p2a: Maushold
|-damage|p2a: Maushold|0 fnt
|faint|p2a: Maushold
|
|-weather|Snowscape|[upkeep]
|upkeep
|-message|rabbit450 forfeited.
|
|win|gzem
|raw|gzem's rating: 1157 &rarr; <strong>1178</strong><br />(+21 for winning)
|raw|rabbit450's rating: 1106 &rarr; <strong>1085</strong><br />(-21 for losing)
|l|☆rabbit450
|player|p2|
