|j|☆abravioustinkaton
|j|☆Rabzzz
|t:|1760300967
|gametype|singles
|player|p1|abravioustinkaton|miku-ice|1723
|player|p2|Rabzzz|#mwpvimurkrows|1743
|gen|9
|tier|[Gen 9] OU
|rated|
|rule|HP Percentage Mod: HP is shown in percentages
|rule|Endless Battle Clause: Forcing endless battles is banned
|rule|Species Clause: Limit one of each Pokémon
|rule|OHKO Clause: OHKO moves are banned
|rule|Evasion Items Clause: Evasion items are banned
|rule|Evasion Moves Clause: Evasion moves are banned
|rule|Evasion Abilities Clause: Evasion abilities are banned
|rule|Sleep Moves Clause: Sleep-inducing moves are banned
|clearpoke
|poke|p1|Lokix, F|
|poke|p1|Cinderace, M|
|poke|p1|Great Tusk|
|poke|p1|Alomomola, M|
|poke|p1|Enamorus, F|
|poke|p1|Slowking-Galar, M|
|poke|p2|Dragonite, F|
|poke|p2|Rotom-Wash|
|poke|p2|Tornadus-Therian, M|
|poke|p2|Slowking-Galar, M|
|poke|p2|Great Tusk|
|poke|p2|Tyranitar, F|
|teampreview
|
|t:|1760300983
|teamsize|p1|6
|teamsize|p2|6
|start
|switch|p1a: Lokix|Lokix, F|100/100
|switch|p2a: Rotom|Rotom-Wash|100/100
|turn|1
|
|t:|1760300997
|move|p1a: Lokix|U-turn|p2a: Rotom
|-damage|p2a: Rotom|61/100
|-damage|p1a: Lokix|84/100|[from] item: Rocky Helmet|[of] p2a: Rotom
|
|t:|1760301001
|switch|p1a: Cinderace|Cinderace, M|100/100|[from] U-turn
|move|p2a: Rotom|Will-O-Wisp|p1a: Cinderace
|-immune|p1a: Cinderace
|
|upkeep
|turn|2
|
|t:|1760301007
|move|p1a: Cinderace|U-turn|p2a: Rotom
|-damage|p2a: Rotom|46/100
|-damage|p1a: Cinderace|84/100|[from] item: Rocky Helmet|[of] p2a: Rotom
|
|t:|1760301008
|switch|p1a: Slowking|Slowking-Galar, M|100/100|[from] U-turn
|move|p2a: Rotom|Pain Split|p1a: Slowking
|-sethp|p1a: Slowking|68/100|[from] move: Pain Split|[silent]
|-sethp|p2a: Rotom|88/100|[from] move: Pain Split
|
|upkeep
|turn|3
|
|t:|1760301013
|move|p2a: Rotom|Volt Switch|p1a: Slowking
|-damage|p1a: Slowking|49/100
|
|t:|1760301028
|switch|p2a: Great Tusk|Great Tusk|100/100|[from] Volt Switch
|-prepare|p1a: Slowking|Chilly Reception|[premajor]
|move|p1a: Slowking|Chilly Reception|p1a: Slowking
|-weather|Snowscape
|
|t:|1760301038
|switch|p1a: Cinderace|Cinderace, M|84/100|[from] Chilly Reception
|
|-weather|Snowscape|[upkeep]
|upkeep
|turn|4
|
|t:|1760301053
|-end|p2a: Great Tusk|Protosynthesis|[silent]
|switch|p2a: Tornadus|Tornadus-Therian, M|100/100
|move|p1a: Cinderace|Will-O-Wisp|p2a: Tornadus
|-status|p2a: Tornadus|brn
|
|-weather|Snowscape|[upkeep]
|-damage|p2a: Tornadus|94/100 brn|[from] brn
|upkeep
|turn|5
|j| Narwhale37
|
|t:|1760301082
|move|p2a: Tornadus|Bleakwind Storm|p1a: Cinderace
|-damage|p1a: Cinderace|4/100
|-unboost|p1a: Cinderace|spe|1
|move|p1a: Cinderace|Pyro Ball|p2a: Tornadus
|-damage|p2a: Tornadus|0 fnt
|faint|p2a: Tornadus
|
|-weather|Snowscape|[upkeep]
|upkeep
|
|t:|1760301096
|switch|p2a: Great Tusk|Great Tusk|100/100
|turn|6
|
|t:|1760301108
|move|p2a: Great Tusk|Stealth Rock|p1a: Cinderace
|-sidestart|p1: abravioustinkaton|move: Stealth Rock
|move|p1a: Cinderace|Will-O-Wisp|p2a: Great Tusk
|-status|p2a: Great Tusk|brn
|
|-weather|Snowscape|[upkeep]
|-damage|p2a: Great Tusk|94/100 brn|[from] brn
|upkeep
|turn|7
|
|t:|1760301113
|switch|p1a: Great Tusk|Great Tusk|100/100
|-damage|p1a: Great Tusk|98/100|[from] Stealth Rock
|move|p2a: Great Tusk|Rapid Spin|p1a: Great Tusk
|-damage|p1a: Great Tusk|93/100
|-boost|p2a: Great Tusk|spe|1
|
|-weather|none
|-heal|p1a: Great Tusk|99/100|[from] item: Leftovers
|-damage|p2a: Great Tusk|88/100 brn|[from] brn
|upkeep
|turn|8
|
|t:|1760301117
|-end|p2a: Great Tusk|Protosynthesis|[silent]
|switch|p2a: Rotom|Rotom-Wash|88/100
|move|p1a: Great Tusk|Rapid Spin|p2a: Rotom
|-damage|p2a: Rotom|75/100
|-boost|p1a: Great Tusk|spe|1
|-damage|p1a: Great Tusk|83/100|[from] item: Rocky Helmet|[of] p2a: Rotom
|-sideend|p1: abravioustinkaton|Stealth Rock|[from] move: Rapid Spin|[of] p1a: Great Tusk
|
|-heal|p1a: Great Tusk|89/100|[from] item: Leftovers
|upkeep
|turn|9
|
|t:|1760301121
|move|p1a: Great Tusk|Knock Off|p2a: Rotom
|-damage|p2a: Rotom|53/100
|-damage|p1a: Great Tusk|72/100|[from] item: Rocky Helmet|[of] p2a: Rotom
|-enditem|p2a: Rotom|Rocky Helmet|[from] move: Knock Off|[of] p1a: Great Tusk
|move|p2a: Rotom|Volt Switch|p1a: Great Tusk
|-immune|p1a: Great Tusk
|
|-heal|p1a: Great Tusk|78/100|[from] item: Leftovers
|upkeep
|turn|10
|
|t:|1760301124
|-end|p1a: Great Tusk|Protosynthesis|[silent]
|switch|p1a: Cinderace|Cinderace, M|4/100
|move|p2a: Rotom|Volt Switch|p1a: Cinderace
|-damage|p1a: Cinderace|0 fnt
|faint|p1a: Cinderace
|
|t:|1760301137
|switch|p2a: Great Tusk|Great Tusk|88/100 brn|[from] Volt Switch
|
|-damage|p2a: Great Tusk|82/100 brn|[from] brn
|upkeep
|
|t:|1760301149
|switch|p1a: Great Tusk|Great Tusk|78/100
|turn|11
|
|t:|1760301157
|-end|p2a: Great Tusk|Protosynthesis|[silent]
|switch|p2a: Rotom|Rotom-Wash|53/100
|move|p1a: Great Tusk|Knock Off|p2a: Rotom
|-damage|p2a: Rotom|37/100
|
|-heal|p1a: Great Tusk|85/100|[from] item: Leftovers
|upkeep
|turn|12
|
|t:|1760301163
|-end|p1a: Great Tusk|Protosynthesis|[silent]
|switch|p1a: Lokix|Lokix, F|84/100
|move|p2a: Rotom|Pain Split|p1a: Lokix
|-sethp|p1a: Lokix|61/100|[from] move: Pain Split|[silent]
|-sethp|p2a: Rotom|59/100|[from] move: Pain Split
|
|upkeep
|turn|13
|
|t:|1760301168
|move|p1a: Lokix|Leech Life|p2a: Rotom
|-damage|p2a: Rotom|11/100
|-heal|p1a: Lokix|87/100|[from] drain|[of] p2a: Rotom
|move|p2a: Rotom|Volt Switch|p1a: Lokix
|-damage|p1a: Lokix|42/100
|
|t:|1760301205
|switch|p2a: Dragonite|Dragonite, F|100/100|[from] Volt Switch
|
|upkeep
|turn|14
|j| RagingBoltLover
|
|t:|1760301235
|move|p2a: Dragonite|Dragon Dance|p2a: Dragonite
|-boost|p2a: Dragonite|atk|1
|-boost|p2a: Dragonite|spe|1
|move|p1a: Lokix|Leech Life|p2a: Dragonite
|-resisted|p2a: Dragonite
|-damage|p2a: Dragonite|67/100
|-heal|p1a: Lokix|61/100|[from] drain|[of] p2a: Dragonite
|
|-heal|p2a: Dragonite|73/100|[from] item: Leftovers
|upkeep
|turn|15
|
|t:|1760301244
|-terastallize|p2a: Dragonite|Flying
|move|p2a: Dragonite|Tera Blast|p1a: Lokix|[anim] Tera Blast Flying
|-supereffective|p1a: Lokix
|-damage|p1a: Lokix|0 fnt
|faint|p1a: Lokix
|
|-heal|p2a: Dragonite|79/100|[from] item: Leftovers
|upkeep
|
|t:|1760301249
|switch|p1a: Enamorus|Enamorus, F|100/100
|turn|16
|
|t:|1760301271
|-terastallize|p1a: Enamorus|Stellar
|move|p1a: Enamorus|Tera Blast|p2a: Dragonite|[anim] Tera Blast Stellar
|-supereffective|p2a: Dragonite
|-damage|p2a: Dragonite|0 fnt
|-boost|p1a: Enamorus|atk|1
|-boost|p1a: Enamorus|spa|1
|faint|p2a: Dragonite
|
|upkeep
|
|t:|1760301298
|switch|p2a: Slowking|Slowking-Galar, M|100/100
|turn|17
|j| w33df1sh
|l| w33df1sh
|inactive|Battle timer is ON: inactive players will automatically lose when time's up. (requested by Rabzzz)
|
|t:|1760301383
|switch|p1a: Slowking|Slowking-Galar, M|82/100
|move|p2a: Slowking|Sludge Bomb|p1a: Slowking
|-resisted|p1a: Slowking
|-damage|p1a: Slowking|69/100
|
|upkeep
|turn|18
|
|t:|1760301387
|move|p2a: Slowking|Psychic Noise|p1a: Slowking
|-damage|p1a: Slowking|46/100
|-start|p1a: Slowking|move: Heal Block
|-prepare|p1a: Slowking|Chilly Reception|[premajor]
|move|p1a: Slowking|Chilly Reception|p1a: Slowking
|-weather|Snowscape
|
|t:|1760301390
|switch|p1a: Great Tusk|Great Tusk|85/100|[from] Chilly Reception
|
|-weather|Snowscape|[upkeep]
|-heal|p1a: Great Tusk|91/100|[from] item: Leftovers
|upkeep
|turn|19
|
|t:|1760301399
|move|p1a: Great Tusk|Knock Off|p2a: Slowking
|-supereffective|p2a: Slowking
|-damage|p2a: Slowking|40/100
|-enditem|p2a: Slowking|Heavy-Duty Boots|[from] move: Knock Off|[of] p1a: Great Tusk
|move|p2a: Slowking|Psychic Noise|p1a: Great Tusk
|-supereffective|p1a: Great Tusk
|-damage|p1a: Great Tusk|18/100
|-start|p1a: Great Tusk|move: Heal Block
|
|-weather|Snowscape|[upkeep]
|upkeep
|turn|20
|
|t:|1760301421
|switch|p2a: Great Tusk|Great Tusk|82/100 brn
|move|p1a: Great Tusk|Earthquake|p2a: Great Tusk
|-damage|p2a: Great Tusk|48/100 brn
|
|-weather|Snowscape|[upkeep]
|-damage|p2a: Great Tusk|42/100 brn|[from] brn
|-end|p1a: Great Tusk|move: Heal Block
|upkeep
|turn|21
|
|t:|1760301441
|-end|p1a: Great Tusk|Protosynthesis|[silent]
|switch|p1a: Enamorus|Enamorus, F, tera:Stellar|100/100
|move|p2a: Great Tusk|Headlong Rush|p1a: Enamorus
|-immune|p1a: Enamorus
|
|-weather|Snowscape|[upkeep]
|-damage|p2a: Great Tusk|36/100 brn|[from] brn
|upkeep
|turn|22
|
|t:|1760301447
|-end|p2a: Great Tusk|Protosynthesis|[silent]
|switch|p2a: Rotom|Rotom-Wash|11/100
|move|p1a: Enamorus|Healing Wish|p1a: Enamorus
|faint|p1a: Enamorus
|
|-weather|none
|upkeep
|
|t:|1760301450
|switch|p1a: Great Tusk|Great Tusk|18/100
|-heal|p1a: Great Tusk|100/100|[from] move: Healing Wish
|turn|23
|
|t:|1760301476
|switch|p2a: Great Tusk|Great Tusk|36/100 brn
|move|p1a: Great Tusk|Knock Off|p2a: Great Tusk
|-resisted|p2a: Great Tusk
|-damage|p2a: Great Tusk|26/100 brn
|-enditem|p2a: Great Tusk|Heavy-Duty Boots|[from] move: Knock Off|[of] p1a: Great Tusk
|
|-damage|p2a: Great Tusk|20/100 brn|[from] brn
|upkeep
|turn|24
|
|t:|1760301486
|move|p2a: Great Tusk|Headlong Rush|p1a: Great Tusk
|-damage|p1a: Great Tusk|83/100
|-unboost|p2a: Great Tusk|def|1
|-unboost|p2a: Great Tusk|spd|1
|move|p1a: Great Tusk|Rapid Spin|p2a: Great Tusk
|-damage|p2a: Great Tusk|5/100 brn
|-boost|p1a: Great Tusk|spe|1
|
|-heal|p1a: Great Tusk|89/100|[from] item: Leftovers
|-damage|p2a: Great Tusk|0 fnt|[from] brn
|faint|p2a: Great Tusk
|-end|p2a: Great Tusk|Protosynthesis|[silent]
|upkeep
|inactive|Rabzzz has 120 seconds left.
|
|t:|1760301523
|switch|p2a: Slowking|Slowking-Galar, M|73/100
|turn|25
|
|t:|1760301533
|move|p1a: Great Tusk|Earthquake|p2a: Slowking
|-supereffective|p2a: Slowking
|-damage|p2a: Slowking|0 fnt
|faint|p2a: Slowking
|
|-heal|p1a: Great Tusk|95/100|[from] item: Leftovers
|upkeep
|
|t:|1760301536
|switch|p2a: Tyranitar|Tyranitar, F|100/100
|-weather|Sandstorm|[from] ability: Sand Stream|[of] p2a: Tyranitar
|turn|26
|
|t:|1760301550
|move|p1a: Great Tusk|Earthquake|p2a: Tyranitar
|-supereffective|p2a: Tyranitar
|-damage|p2a: Tyranitar|32/100
|move|p2a: Tyranitar|Ice Beam|p1a: Great Tusk
|-supereffective|p1a: Great Tusk
|-damage|p1a: Great Tusk|48/100
|-status|p1a: Great Tusk|frz
|
|-weather|Sandstorm|[upkeep]
|-heal|p1a: Great Tusk|54/100 frz|[from] item: Leftovers
|-heal|p2a: Tyranitar|38/100|[from] item: Leftovers
|upkeep
|turn|27
|
|t:|1760301558
|cant|p1a: Great Tusk|frz
|move|p2a: Tyranitar|Ice Beam|p1a: Great Tusk
|-supereffective|p1a: Great Tusk
|-damage|p1a: Great Tusk|9/100 frz
|
|-weather|Sandstorm|[upkeep]
|-heal|p1a: Great Tusk|16/100 frz|[from] item: Leftovers
|-heal|p2a: Tyranitar|45/100|[from] item: Leftovers
|upkeep
|turn|28
|
|t:|1760301561
|-end|p1a: Great Tusk|Protosynthesis|[silent]
|switch|p1a: Alomomola|Alomomola, M|100/100
|move|p2a: Tyranitar|Ice Beam|p1a: Alomomola
|-resisted|p1a: Alomomola
|-damage|p1a: Alomomola|96/100
|-status|p1a: Alomomola|frz
|
|-weather|Sandstorm|[upkeep]
|-damage|p1a: Alomomola|90/100 frz|[from] Sandstorm
|-heal|p2a: Tyranitar|51/100|[from] item: Leftovers
|upkeep
|turn|29
|
|t:|1760301576
|move|p2a: Tyranitar|Knock Off|p1a: Alomomola
|-damage|p1a: Alomomola|55/100 frz
|-enditem|p1a: Alomomola|Assault Vest|[from] move: Knock Off|[of] p2a: Tyranitar
|cant|p1a: Alomomola|frz
|
|-weather|Sandstorm|[upkeep]
|-damage|p1a: Alomomola|48/100 frz|[from] Sandstorm
|-heal|p2a: Tyranitar|57/100|[from] item: Leftovers
|upkeep
|turn|30
|
|t:|1760301597
|move|p2a: Tyranitar|Knock Off|p1a: Alomomola
|-damage|p1a: Alomomola|26/100 frz
|cant|p1a: Alomomola|frz
|
|-weather|none
|-heal|p2a: Tyranitar|63/100|[from] item: Leftovers
|upkeep
|turn|31
|
|t:|1760301603
|cant|p1a: Alomomola|frz
|move|p2a: Tyranitar|Knock Off|p1a: Alomomola
|-damage|p1a: Alomomola|5/100 frz
|
|-heal|p2a: Tyranitar|69/100|[from] item: Leftovers
|upkeep
|turn|32
|
|t:|1760301610
|cant|p1a: Alomomola|frz
|move|p2a: Tyranitar|Knock Off|p1a: Alomomola
|-damage|p1a: Alomomola|0 fnt
|faint|p1a: Alomomola
|
|-heal|p2a: Tyranitar|75/100|[from] item: Leftovers
|upkeep
|-message|abravioustinkaton forfeited.
|
|win|Rabzzz
|raw|abravioustinkaton's rating: 1723 &rarr; <strong>1704</strong><br />(-19 for losing)
|raw|Rabzzz's rating: 1743 &rarr; <strong>1762</strong><br />(+19 for winning)
|l|☆abravioustinkaton
|player|p1|
|l|☆Rabzzz
|player|p2|
|l| Narwhale37
