|j|☆EETT50_2
|j|‽swolkaprisun
|t:|1760405886
|gametype|singles
|player|p1|EETT50_2|1|1135
|player|p2|swolkaprisun|265|1067
|gen|9
|tier|[Gen 9] OU
|rated|
|rule|HP Percentage Mod: HP is shown in percentages
|rule|Endless Battle Clause: Forcing endless battles is banned
|rule|Species Clause: Limit one of each Pokémon
|rule|OHKO Clause: OHKO moves are banned
|rule|Evasion Items Clause: Evasion items are banned
|rule|Evasion Moves Clause: Evasion moves are banned
|rule|Evasion Abilities Clause: Evasion abilities are banned
|rule|Sleep Moves Clause: Sleep-inducing moves are banned
|clearpoke
|poke|p1|Gliscor, F|
|poke|p1|Haxorus, F|
|poke|p1|Lapras, M|
|poke|p1|Galvantula, F|
|poke|p1|Metagross|
|poke|p1|Chandelure, F|
|poke|p2|Ceruledge, F|
|poke|p2|Samurott-Hisui, F|
|poke|p2|Ogerpon, F|
|poke|p2|Hatterene, F|
|poke|p2|Thundurus-Therian, M|
|poke|p2|Enamorus, F|
|teampreview
|
|t:|1760405892
|teamsize|p1|6
|teamsize|p2|6
|start
|switch|p1a: Galvantula|Galvantula, F|100/100
|switch|p2a: Ceruledge|Ceruledge, F|100/100
|turn|1
|
|t:|1760405899
|move|p1a: Galvantula|Sticky Web|p2a: Ceruledge
|-sidestart|p2: swolkaprisun|move: Sticky Web
|move|p2a: Ceruledge|Swords Dance|p2a: Ceruledge
|-boost|p2a: Ceruledge|atk|2
|
|upkeep
|turn|2
|
|t:|1760405904
|move|p1a: Galvantula|Thunder Wave|p2a: Ceruledge
|-status|p2a: Ceruledge|par
|move|p2a: Ceruledge|Swords Dance|p2a: Ceruledge
|-boost|p2a: Ceruledge|atk|2
|
|upkeep
|turn|3
|
|t:|1760405911
|move|p1a: Galvantula|Thunder|p2a: Ceruledge
|-damage|p2a: Ceruledge|53/100 par
|move|p2a: Ceruledge|Bitter Blade|p1a: Galvantula
|-supereffective|p1a: Galvantula
|-enditem|p1a: Galvantula|Focus Sash
|-damage|p1a: Galvantula|1/100
|-heal|p2a: Ceruledge|96/100 par|[from] drain|[of] p1a: Galvantula
|
|upkeep
|turn|4
|
|t:|1760405923
|move|p2a: Ceruledge|Shadow Sneak|p1a: Galvantula
|-damage|p1a: Galvantula|0 fnt
|faint|p1a: Galvantula
|
|upkeep
|
|t:|1760405928
|switch|p1a: Lapras|Lapras, M|100/100
|turn|5
|
|t:|1760405934
|move|p1a: Lapras|Haze|p1a: Lapras
|-clearallboost
|move|p2a: Ceruledge|Bitter Blade|p1a: Lapras
|-damage|p1a: Lapras|58/100
|-heal|p2a: Ceruledge|100/100 par|[from] drain|[of] p1a: Lapras
|
|-heal|p1a: Lapras|65/100|[from] item: Leftovers
|upkeep
|turn|6
|
|t:|1760405947
|move|p1a: Lapras|Alluring Voice|p2a: Ceruledge
|-resisted|p2a: Ceruledge
|-damage|p2a: Ceruledge|88/100 par
|cant|p2a: Ceruledge|par
|
|-heal|p1a: Lapras|71/100|[from] item: Leftovers
|upkeep
|turn|7
|
|t:|1760405953
|move|p1a: Lapras|Hydro Pump|p2a: Ceruledge|[miss]
|-miss|p1a: Lapras|p2a: Ceruledge
|move|p2a: Ceruledge|Swords Dance|p2a: Ceruledge
|-boost|p2a: Ceruledge|atk|2
|
|-heal|p1a: Lapras|77/100|[from] item: Leftovers
|upkeep
|turn|8
|
|t:|1760405961
|move|p1a: Lapras|Haze|p1a: Lapras
|-clearallboost
|move|p2a: Ceruledge|Bitter Blade|p1a: Lapras
|-damage|p1a: Lapras|37/100
|-heal|p2a: Ceruledge|100/100 par|[from] drain|[of] p1a: Lapras
|
|-heal|p1a: Lapras|43/100|[from] item: Leftovers
|upkeep
|turn|9
|
|t:|1760405969
|move|p1a: Lapras|Hydro Pump|p2a: Ceruledge|[miss]
|-miss|p1a: Lapras|p2a: Ceruledge
|move|p2a: Ceruledge|Swords Dance|p2a: Ceruledge
|-boost|p2a: Ceruledge|atk|2
|
|-heal|p1a: Lapras|49/100|[from] item: Leftovers
|upkeep
|turn|10
|
|t:|1760405977
|move|p2a: Ceruledge|Shadow Sneak|p1a: Lapras
|-damage|p1a: Lapras|13/100
|move|p1a: Lapras|Haze|p1a: Lapras
|-clearallboost
|
|-heal|p1a: Lapras|19/100|[from] item: Leftovers
|upkeep
|turn|11
|
|t:|1760405983
|move|p1a: Lapras|Hydro Pump|p2a: Ceruledge
|-supereffective|p2a: Ceruledge
|-damage|p2a: Ceruledge|10/100 par
|move|p2a: Ceruledge|Swords Dance|p2a: Ceruledge
|-boost|p2a: Ceruledge|atk|2
|
|-heal|p1a: Lapras|25/100|[from] item: Leftovers
|upkeep
|turn|12
|
|t:|1760405992
|move|p2a: Ceruledge|Shadow Sneak|p1a: Lapras
|-damage|p1a: Lapras|0 fnt
|faint|p1a: Lapras
|
|upkeep
|
|t:|1760405998
|switch|p1a: Gliscor|Gliscor, F|100/100
|turn|13
|
|t:|1760406005
|switch|p2a: Enamorus|Enamorus, F|100/100
|-terastallize|p1a: Gliscor|Fighting
|move|p1a: Gliscor|Knock Off|p2a: Enamorus
|-resisted|p2a: Enamorus
|-damage|p2a: Enamorus|79/100
|-enditem|p2a: Enamorus|Focus Sash|[from] move: Knock Off|[of] p1a: Gliscor
|
|-status|p1a: Gliscor|tox|[from] item: Toxic Orb
|upkeep
|turn|14
|
|t:|1760406021
|move|p2a: Enamorus|Healing Wish|p2a: Enamorus
|faint|p2a: Enamorus
|move|p1a: Gliscor|Swords Dance|p1a: Gliscor
|-boost|p1a: Gliscor|atk|2
|
|upkeep
|
|t:|1760406027
|switch|p2a: Ceruledge|Ceruledge, F|10/100 par
|-heal|p2a: Ceruledge|100/100|[from] move: Healing Wish
|-activate|p2a: Ceruledge|move: Sticky Web
|-unboost|p2a: Ceruledge|spe|1
|turn|15
|
|t:|1760406036
|switch|p2a: Hatterene|Hatterene, F|100/100
|-activate|p2a: Hatterene|move: Sticky Web
|-unboost|p2a: Hatterene|spe|1
|move|p1a: Gliscor|Earthquake|p2a: Hatterene
|-damage|p2a: Hatterene|5/100
|
|upkeep
|turn|16
|
|t:|1760406044
|move|p1a: Gliscor|Knock Off|p2a: Hatterene
|-damage|p2a: Hatterene|0 fnt
|-enditem|p2a: Hatterene|Assault Vest|[from] move: Knock Off|[of] p1a: Gliscor
|faint|p2a: Hatterene
|
|upkeep
|
|t:|1760406047
|switch|p2a: Samurott|Samurott-Hisui, F, shiny|100/100
|-activate|p2a: Samurott|move: Sticky Web
|-unboost|p2a: Samurott|spe|1
|turn|17
|
|t:|1760406055
|move|p2a: Samurott|Razor Shell|p1a: Gliscor
|-crit|p1a: Gliscor
|-damage|p1a: Gliscor|23/100 tox
|-unboost|p1a: Gliscor|def|1
|move|p1a: Gliscor|Knock Off|p2a: Samurott
|-resisted|p2a: Samurott
|-damage|p2a: Samurott|66/100
|-enditem|p2a: Samurott|Choice Scarf|[from] move: Knock Off|[of] p1a: Gliscor
|
|-heal|p1a: Gliscor|35/100 tox|[from] ability: Poison Heal
|upkeep
|turn|18
|
|t:|1760406065
|move|p1a: Gliscor|Earthquake|p2a: Samurott
|-damage|p2a: Samurott|0 fnt
|faint|p2a: Samurott
|
|-heal|p1a: Gliscor|48/100 tox|[from] ability: Poison Heal
|upkeep
|
|t:|1760406071
|switch|p2a: Thundurus|Thundurus-Therian, M, shiny|100/100
|turn|19
|
|t:|1760406075
|move|p2a: Thundurus|Dark Pulse|p1a: Gliscor
|-resisted|p1a: Gliscor
|-damage|p1a: Gliscor|29/100 tox
|move|p1a: Gliscor|Ice Fang|p2a: Thundurus
|-supereffective|p2a: Thundurus
|-damage|p2a: Thundurus|0 fnt
|faint|p2a: Thundurus
|
|-heal|p1a: Gliscor|41/100 tox|[from] ability: Poison Heal
|upkeep
|
|t:|1760406079
|switch|p2a: Ogerpon|Ogerpon, F|100/100
|-activate|p2a: Ogerpon|move: Sticky Web
|-unboost|p2a: Ogerpon|spe|1
|-ability|p2a: Ogerpon|Defiant|boost
|-boost|p2a: Ogerpon|atk|2
|turn|20
|
|t:|1760406088
|move|p1a: Gliscor|Ice Fang|p2a: Ogerpon
|-supereffective|p2a: Ogerpon
|-damage|p2a: Ogerpon|3/100
|-status|p2a: Ogerpon|frz
|cant|p2a: Ogerpon|frz
|
|-heal|p1a: Gliscor|54/100 tox|[from] ability: Poison Heal
|upkeep
|turn|21
|
|t:|1760406096
|move|p1a: Gliscor|Ice Fang|p2a: Ogerpon
|-supereffective|p2a: Ogerpon
|-crit|p2a: Ogerpon
|-damage|p2a: Ogerpon|0 fnt
|faint|p2a: Ogerpon
|
|-heal|p1a: Gliscor|66/100 tox|[from] ability: Poison Heal
|upkeep
|
|t:|1760406098
|switch|p2a: Ceruledge|Ceruledge, F|100/100
|-activate|p2a: Ceruledge|move: Sticky Web
|-unboost|p2a: Ceruledge|spe|1
|turn|22
|
|t:|1760406105
|move|p1a: Gliscor|Earthquake|p2a: Ceruledge
|-supereffective|p2a: Ceruledge
|-enditem|p2a: Ceruledge|Focus Sash
|-damage|p2a: Ceruledge|1/100
|-ability|p2a: Ceruledge|Weak Armor|boost
|-unboost|p2a: Ceruledge|def|1
|-boost|p2a: Ceruledge|spe|2
|move|p2a: Ceruledge|Swords Dance|p2a: Ceruledge
|-boost|p2a: Ceruledge|atk|2
|
|-heal|p1a: Gliscor|78/100 tox|[from] ability: Poison Heal
|upkeep
|turn|23
|-message|swolkaprisun forfeited.
|
|win|EETT50_2
|raw|EETT50_2's rating: 1135 &rarr; <strong>1155</strong><br />(+20 for winning)
|raw|swolkaprisun's rating: 1067 &rarr; <strong>1051</strong><br />(-16 for losing)
|l|‽swolkaprisun
|player|p2|
