|j|☆Yz99999
|j|☆Pancake619
|t:|1760460633
|gametype|singles
|player|p1|Yz99999|170|1604
|player|p2|Pancake619|266|1596
|gen|9
|tier|[Gen 9] OU
|rated|
|rule|HP Percentage Mod: HP is shown in percentages
|rule|Endless Battle Clause: Forcing endless battles is banned
|rule|Species Clause: Limit one of each Pokémon
|rule|OHKO Clause: OHKO moves are banned
|rule|Evasion Items Clause: Evasion items are banned
|rule|Evasion Moves Clause: Evasion moves are banned
|rule|Evasion Abilities Clause: Evasion abilities are banned
|rule|Sleep Moves Clause: Sleep-inducing moves are banned
|clearpoke
|poke|p1|Garganacl, F|
|poke|p1|Corviknight, F|
|poke|p1|Great Tusk|
|poke|p1|Scizor, F|
|poke|p1|Raging Bolt|
|poke|p1|Maushold|
|poke|p2|Pelipper, F|
|poke|p2|Hatterene, F|
|poke|p2|Iron Treads|
|poke|p2|Toxicroak, F|
|poke|p2|Barraskewda, F|
|poke|p2|Zapdos|
|teampreview
|inactive|Battle timer is ON: inactive players will automatically lose when time's up. (requested by Pancake619)
|c|☆Pancake619|glhf
|j| JustAbsolvement
|
|t:|1760460648
|teamsize|p1|6
|teamsize|p2|6
|start
|switch|p1a: Garganacl|Garganacl, F|100/100
|switch|p2a: Iron Treads|Iron Treads|100/100
|turn|1
|
|t:|1760460651
|move|p2a: Iron Treads|Volt Switch|p1a: Garganacl
|-damage|p1a: Garganacl|93/100
|
|t:|1760460654
|-end|p2a: Iron Treads|Quark Drive|[silent]
|switch|p2a: Hatterene|Hatterene, F|100/100|[from] Volt Switch
|move|p1a: Garganacl|Earthquake|p2a: Hatterene
|-damage|p2a: Hatterene|80/100
|-enditem|p2a: Hatterene|Eject Button
|
|t:|1760460657
|switch|p2a: Barraskewda|Barraskewda, F|100/100
|
|-heal|p1a: Garganacl|99/100|[from] item: Leftovers
|upkeep
|turn|2
|
|t:|1760460660
|move|p1a: Garganacl|Protect|p1a: Garganacl
|-singleturn|p1a: Garganacl|Protect
|move|p2a: Barraskewda|Flip Turn|p1a: Garganacl
|-activate|p1a: Garganacl|move: Protect
|
|-heal|p1a: Garganacl|100/100|[from] item: Leftovers
|upkeep
|turn|3
|
|t:|1760460665
|move|p2a: Barraskewda|Flip Turn|p1a: Garganacl
|-supereffective|p1a: Garganacl
|-damage|p1a: Garganacl|28/100
|
|t:|1760460670
|switch|p2a: Hatterene|Hatterene, F|80/100|[from] Flip Turn
|move|p1a: Garganacl|Salt Cure|p2a: Hatterene
|-damage|p2a: Hatterene|66/100
|-start|p2a: Hatterene|Salt Cure
|
|-heal|p1a: Garganacl|34/100|[from] item: Leftovers
|-damage|p2a: Hatterene|54/100|[from] Salt Cure
|upkeep
|turn|4
|
|t:|1760460675
|move|p1a: Garganacl|Protect|p1a: Garganacl
|-singleturn|p1a: Garganacl|Protect
|move|p2a: Hatterene|Psychic Noise|p1a: Garganacl
|-activate|p1a: Garganacl|move: Protect
|
|-heal|p1a: Garganacl|40/100|[from] item: Leftovers
|-damage|p2a: Hatterene|42/100|[from] Salt Cure
|upkeep
|turn|5
|
|t:|1760460678
|switch|p1a: Corviknight|Corviknight, F|100/100
|-ability|p1a: Corviknight|Pressure
|move|p2a: Hatterene|Psychic Noise|p1a: Corviknight
|-resisted|p1a: Corviknight
|-damage|p1a: Corviknight|89/100
|-start|p1a: Corviknight|move: Heal Block
|
|-damage|p2a: Hatterene|30/100|[from] Salt Cure
|upkeep
|turn|6
|
|t:|1760460681
|switch|p2a: Pelipper|Pelipper, F|100/100
|-weather|RainDance|[from] ability: Drizzle|[of] p2a: Pelipper
|move|p1a: Corviknight|U-turn|p2a: Pelipper
|-resisted|p2a: Pelipper
|-damage|p2a: Pelipper|94/100
|
|t:|1760460685
|switch|p1a: Maushold|Maushold|100/100|[from] U-turn
|
|-weather|RainDance|[upkeep]
|upkeep
|turn|7
|
|t:|1760460691
|switch|p1a: Corviknight|Corviknight, F|89/100
|-ability|p1a: Corviknight|Pressure
|move|p2a: Pelipper|U-turn|p1a: Corviknight
|-resisted|p1a: Corviknight
|-damage|p1a: Corviknight|87/100
|-damage|p2a: Pelipper|77/100|[from] item: Rocky Helmet|[of] p1a: Corviknight
|
|t:|1760460694
|switch|p2a: Zapdos|Zapdos|100/100|[from] U-turn
|
|-weather|RainDance|[upkeep]
|upkeep
|turn|8
|l|☆Pancake619
|inactive|Pancake619 disconnected and has a minute to reconnect!
|player|p2|
|j|☆Pancake619
|inactive|Pancake619 reconnected and has 120 seconds left.
|player|p2|Pancake619|266|
|
|t:|1760460728
|switch|p1a: Raging Bolt|Raging Bolt|100/100
|move|p2a: Zapdos|Volt Switch|p1a: Raging Bolt
|-resisted|p1a: Raging Bolt
|-damage|p1a: Raging Bolt|88/100
|
|t:|1760460730
|switch|p2a: Iron Treads|Iron Treads|100/100|[from] Volt Switch
|
|-weather|RainDance|[upkeep]
|upkeep
|turn|9
|
|t:|1760460737
|-end|p1a: Raging Bolt|Protosynthesis|[silent]
|switch|p1a: Great Tusk|Great Tusk|100/100
|move|p2a: Iron Treads|Stealth Rock|p1a: Great Tusk
|-sidestart|p1: Yz99999|move: Stealth Rock
|
|-weather|RainDance|[upkeep]
|upkeep
|turn|10
|
|t:|1760460739
|-end|p2a: Iron Treads|Quark Drive|[silent]
|switch|p2a: Pelipper|Pelipper, F|77/100
|move|p1a: Great Tusk|Rapid Spin|p2a: Pelipper
|-damage|p2a: Pelipper|60/100
|-boost|p1a: Great Tusk|spe|1
|-sideend|p1: Yz99999|Stealth Rock|[from] move: Rapid Spin|[of] p1a: Great Tusk
|
|-weather|RainDance|[upkeep]
|upkeep
|turn|11
|l|☆Pancake619
|inactive|Pancake619 disconnected and has a minute to reconnect!
|player|p2|
|j|☆Pancake619
|inactive|Pancake619 reconnected and has 120 seconds left.
|player|p2|Pancake619|266|
|
|t:|1760460772
|move|p1a: Great Tusk|Knock Off|p2a: Pelipper
|-damage|p2a: Pelipper|22/100
|-enditem|p2a: Pelipper|Damp Rock|[from] move: Knock Off|[of] p1a: Great Tusk
|move|p2a: Pelipper|Roost|p2a: Pelipper
|-heal|p2a: Pelipper|73/100
|-singleturn|p2a: Pelipper|move: Roost
|
|-weather|RainDance|[upkeep]
|upkeep
|turn|12
|
|t:|1760460789
|-end|p1a: Great Tusk|Protosynthesis|[silent]
|switch|p1a: Corviknight|Corviknight, F|87/100
|-ability|p1a: Corviknight|Pressure
|move|p2a: Pelipper|Hurricane|p1a: Corviknight
|-resisted|p1a: Corviknight
|-damage|p1a: Corviknight|73/100
|
|-weather|RainDance|[upkeep]
|upkeep
|turn|13
|l|☆Pancake619
|inactive|Pancake619 disconnected and has a minute to reconnect!
|player|p2|
|j|☆Pancake619
|inactive|Pancake619 reconnected and has 110 seconds left.
|player|p2|Pancake619|266|
|
|t:|1760460826
|move|p1a: Corviknight|U-turn|p2a: Pelipper
|-resisted|p2a: Pelipper
|-damage|p2a: Pelipper|65/100
|
|t:|1760460829
|switch|p1a: Raging Bolt|Raging Bolt|88/100|[from] U-turn
|move|p2a: Pelipper|U-turn|p1a: Raging Bolt
|-damage|p1a: Raging Bolt|80/100
|
|t:|1760460832
|switch|p2a: Iron Treads|Iron Treads|100/100|[from] U-turn
|
|-weather|none
|upkeep
|turn|14
|
|t:|1760460840
|-end|p1a: Raging Bolt|Protosynthesis|[silent]
|switch|p1a: Great Tusk|Great Tusk|100/100
|move|p2a: Iron Treads|Earthquake|p1a: Great Tusk
|-damage|p1a: Great Tusk|71/100
|
|upkeep
|turn|15
|
|t:|1760460848
|-end|p2a: Iron Treads|Quark Drive|[silent]
|switch|p2a: Hatterene|Hatterene, F|30/100
|move|p1a: Great Tusk|Knock Off|p2a: Hatterene
|-damage|p2a: Hatterene|9/100
|
|upkeep
|turn|16
|
|t:|1760460857
|move|p1a: Great Tusk|Knock Off|p2a: Hatterene
|-damage|p2a: Hatterene|0 fnt
|faint|p2a: Hatterene
|
|upkeep
|
|t:|1760460860
|switch|p2a: Pelipper|Pelipper, F|65/100
|-weather|RainDance|[from] ability: Drizzle|[of] p2a: Pelipper
|turn|17
|
|t:|1760460878
|-end|p1a: Great Tusk|Protosynthesis|[silent]
|switch|p1a: Corviknight|Corviknight, F|73/100
|-ability|p1a: Corviknight|Pressure
|move|p2a: Pelipper|U-turn|p1a: Corviknight
|-resisted|p1a: Corviknight
|-damage|p1a: Corviknight|72/100
|-damage|p2a: Pelipper|48/100|[from] item: Rocky Helmet|[of] p1a: Corviknight
|
|t:|1760460881
|switch|p2a: Zapdos|Zapdos|100/100|[from] U-turn
|
|-weather|RainDance|[upkeep]
|upkeep
|turn|18
|
|t:|1760460887
|switch|p1a: Raging Bolt|Raging Bolt|80/100
|-terastallize|p2a: Zapdos|Flying
|move|p2a: Zapdos|Hurricane|p1a: Raging Bolt
|-resisted|p1a: Raging Bolt
|-damage|p1a: Raging Bolt|28/100
|-start|p1a: Raging Bolt|confusion
|
|-weather|RainDance|[upkeep]
|upkeep
|turn|19
|inactive|Yz99999 has 120 seconds left.
|inactive|Pancake619 has 120 seconds left.
|
|t:|1760460932
|switch|p2a: Iron Treads|Iron Treads|100/100
|-activate|p1a: Raging Bolt|confusion
|move|p1a: Raging Bolt|Draco Meteor|p2a: Iron Treads
|-resisted|p2a: Iron Treads
|-damage|p2a: Iron Treads|54/100
|-unboost|p1a: Raging Bolt|spa|2
|
|-weather|RainDance|[upkeep]
|-heal|p2a: Iron Treads|60/100|[from] item: Leftovers
|upkeep
|turn|20
|inactive|Yz99999 has 120 seconds left.
|
|t:|1760460954
|-end|p1a: Raging Bolt|Protosynthesis|[silent]
|switch|p1a: Corviknight|Corviknight, F|72/100
|-ability|p1a: Corviknight|Pressure
|move|p2a: Iron Treads|Stealth Rock|p1a: Corviknight
|-sidestart|p1: Yz99999|move: Stealth Rock
|
|-weather|RainDance|[upkeep]
|-heal|p2a: Iron Treads|66/100|[from] item: Leftovers
|upkeep
|turn|21
|inactive|Pancake619 has 120 seconds left.
|l|☆Pancake619
|inactive|Pancake619 disconnected and has a minute to reconnect!
|player|p2|
|l| JustAbsolvement
|j|☆Pancake619
|inactive|Pancake619 reconnected and has 90 seconds left.
|player|p2|Pancake619|266|
|
|t:|1760460994
|move|p2a: Iron Treads|Volt Switch|p1a: Corviknight
|-supereffective|p1a: Corviknight
|-damage|p1a: Corviknight|57/100
|
|t:|1760460997
|-end|p2a: Iron Treads|Quark Drive|[silent]
|switch|p2a: Zapdos|Zapdos, tera:Flying|100/100|[from] Volt Switch
|move|p1a: Corviknight|Defog|p2a: Zapdos
|-unboost|p2a: Zapdos|evasion|1
|-sideend|p1: Yz99999|Stealth Rock|[from] move: Defog|[of] p1a: Corviknight
|
|-weather|none
|upkeep
|turn|22
|
|t:|1760461004
|move|p2a: Zapdos|Hurricane|p1a: Corviknight
|-resisted|p1a: Corviknight
|-damage|p1a: Corviknight|18/100
|move|p1a: Corviknight|U-turn|p2a: Zapdos
|-resisted|p2a: Zapdos
|-damage|p2a: Zapdos|91/100
|
|t:|1760461013
|switch|p1a: Garganacl|Garganacl, F|40/100|[from] U-turn
|
|-heal|p1a: Garganacl|46/100|[from] item: Leftovers
|upkeep
|turn|23
|
|t:|1760461023
|switch|p2a: Barraskewda|Barraskewda, F|100/100
|move|p1a: Garganacl|Recover|p1a: Garganacl
|-heal|p1a: Garganacl|96/100
|
|-heal|p1a: Garganacl|100/100|[from] item: Leftovers
|upkeep
|turn|24
|l|☆Pancake619
|inactive|Pancake619 disconnected and has a minute to reconnect!
|player|p2|
|j|☆Pancake619
|inactive|Pancake619 reconnected and has 90 seconds left.
|player|p2|Pancake619|266|
|
|t:|1760461058
|move|p1a: Garganacl|Protect|p1a: Garganacl
|-singleturn|p1a: Garganacl|Protect
|move|p2a: Barraskewda|Flip Turn|p1a: Garganacl
|-activate|p1a: Garganacl|move: Protect
|
|upkeep
|turn|25
|
|t:|1760461065
|move|p2a: Barraskewda|Flip Turn|p1a: Garganacl
|-supereffective|p1a: Garganacl
|-damage|p1a: Garganacl|29/100
|
|t:|1760461068
|switch|p2a: Pelipper|Pelipper, F|48/100|[from] Flip Turn
|-weather|RainDance|[from] ability: Drizzle|[of] p2a: Pelipper
|move|p1a: Garganacl|Salt Cure|p2a: Pelipper
|-supereffective|p2a: Pelipper
|-damage|p2a: Pelipper|20/100
|-start|p2a: Pelipper|Salt Cure
|
|-weather|RainDance|[upkeep]
|-heal|p1a: Garganacl|35/100|[from] item: Leftovers
|-damage|p2a: Pelipper|0 fnt|[from] Salt Cure
|faint|p2a: Pelipper
|upkeep
|
|t:|1760461070
|switch|p2a: Zapdos|Zapdos, tera:Flying|91/100
|turn|26
|
|t:|1760461073
|move|p1a: Garganacl|Protect|p1a: Garganacl
|-singleturn|p1a: Garganacl|Protect
|move|p2a: Zapdos|Weather Ball|p1a: Garganacl
|-activate|p1a: Garganacl|move: Protect
|
|-weather|RainDance|[upkeep]
|-heal|p1a: Garganacl|42/100|[from] item: Leftovers
|upkeep
|turn|27
|
|t:|1760461078
|switch|p1a: Corviknight|Corviknight, F|18/100
|-ability|p1a: Corviknight|Pressure
|move|p2a: Zapdos|Weather Ball|p1a: Corviknight
|-damage|p1a: Corviknight|0 fnt
|faint|p1a: Corviknight
|
|-weather|RainDance|[upkeep]
|upkeep
|
|t:|1760461082
|switch|p1a: Raging Bolt|Raging Bolt|28/100
|turn|28
|
|t:|1760461085
|move|p1a: Raging Bolt|Thunderclap|p2a: Zapdos
|-supereffective|p2a: Zapdos
|-damage|p2a: Zapdos|0 fnt
|faint|p2a: Zapdos
|
|-weather|RainDance|[upkeep]
|upkeep
|
|t:|1760461089
|switch|p2a: Iron Treads|Iron Treads|66/100
|turn|29
|
|t:|1760461091
|-end|p1a: Raging Bolt|Protosynthesis|[silent]
|switch|p1a: Great Tusk|Great Tusk|71/100
|move|p2a: Iron Treads|Earthquake|p1a: Great Tusk
|-damage|p1a: Great Tusk|42/100
|
|-weather|none
|-heal|p2a: Iron Treads|72/100|[from] item: Leftovers
|upkeep
|turn|30
|
|t:|1760461096
|move|p1a: Great Tusk|Headlong Rush|p2a: Iron Treads
|-supereffective|p2a: Iron Treads
|-damage|p2a: Iron Treads|0 fnt
|-unboost|p1a: Great Tusk|def|1
|-unboost|p1a: Great Tusk|spd|1
|faint|p2a: Iron Treads
|-end|p2a: Iron Treads|Quark Drive|[silent]
|
|upkeep
|
|t:|1760461099
|switch|p2a: Barraskewda|Barraskewda, F|100/100
|turn|31
|
|t:|1760461105
|move|p2a: Barraskewda|Flip Turn|p1a: Great Tusk
|-supereffective|p1a: Great Tusk
|-damage|p1a: Great Tusk|0 fnt
|faint|p1a: Great Tusk
|-end|p1a: Great Tusk|Protosynthesis|[silent]
|
|t:|1760461107
|switch|p2a: Toxicroak|Toxicroak, F|100/100|[from] Flip Turn
|
|upkeep
|
|t:|1760461111
|switch|p1a: Garganacl|Garganacl, F|42/100
|turn|32
|
|t:|1760461116
|-terastallize|p1a: Garganacl|Fairy
|move|p2a: Toxicroak|Knock Off|p1a: Garganacl
|-resisted|p1a: Garganacl
|-damage|p1a: Garganacl|33/100
|-enditem|p1a: Garganacl|Leftovers|[from] move: Knock Off|[of] p2a: Toxicroak
|move|p1a: Garganacl|Recover|p1a: Garganacl
|-heal|p1a: Garganacl|83/100
|
|upkeep
|turn|33
|
|t:|1760461121
|move|p2a: Toxicroak|Encore|p1a: Garganacl
|-start|p1a: Garganacl|Encore
|move|p1a: Garganacl|Recover|p1a: Garganacl
|-heal|p1a: Garganacl|100/100
|
|upkeep
|turn|34
|
|t:|1760461124
|switch|p1a: Scizor|Scizor, F|100/100
|move|p2a: Toxicroak|Drain Punch|p1a: Scizor
|-damage|p1a: Scizor|73/100
|
|upkeep
|turn|35
|
|t:|1760461128
|move|p2a: Toxicroak|Drain Punch|p1a: Scizor
|-damage|p1a: Scizor|45/100
|move|p1a: Scizor|Dual Wingbeat|p2a: Toxicroak
|-supereffective|p2a: Toxicroak
|-damage|p2a: Toxicroak|34/100
|-damage|p1a: Scizor|28/100|[from] item: Rocky Helmet|[of] p2a: Toxicroak
|-supereffective|p2a: Toxicroak
|-damage|p2a: Toxicroak|0 fnt
|-damage|p1a: Scizor|12/100|[from] item: Rocky Helmet|[of] p2a: Toxicroak
|faint|p2a: Toxicroak
|-hitcount|p2: Toxicroak|2
|
|upkeep
|
|t:|1760461137
|switch|p2a: Barraskewda|Barraskewda, F|100/100
|turn|36
|
|t:|1760461154
|move|p2a: Barraskewda|Liquidation|p1a: Scizor
|-damage|p1a: Scizor|0 fnt
|faint|p1a: Scizor
|
|upkeep
|
|t:|1760461155
|switch|p1a: Raging Bolt|Raging Bolt|28/100
|turn|37
|
|t:|1760461158
|move|p1a: Raging Bolt|Thunderclap|p2a: Barraskewda
|-supereffective|p2a: Barraskewda
|-damage|p2a: Barraskewda|0 fnt
|faint|p2a: Barraskewda
|
|win|Yz99999
|raw|Yz99999's rating: 1610 &rarr; <strong>1629</strong><br />(+19 for winning)
|raw|Pancake619's rating: 1596 &rarr; <strong>1577</strong><br />(-19 for losing)
|l|☆Pancake619
|player|p2|
|l|☆Yz99999
|player|p1|
