|j|☆SittinGamer
|j|☆RoddyJ
|t:|1760460251
|gametype|singles
|player|p1|SittinGamer|dawn-gen4pt|1586
|player|p2|RoddyJ|ethan|1740
|gen|9
|tier|[Gen 9] OU
|rated|
|rule|HP Percentage Mod: HP is shown in percentages
|rule|Endless Battle Clause: Forcing endless battles is banned
|rule|Species Clause: Limit one of each Pokémon
|rule|OHKO Clause: OHKO moves are banned
|rule|Evasion Items Clause: Evasion items are banned
|rule|Evasion Moves Clause: Evasion moves are banned
|rule|Evasion Abilities Clause: Evasion abilities are banned
|rule|Sleep Moves Clause: Sleep-inducing moves are banned
|clearpoke
|poke|p1|Samurott-Hisui, F|
|poke|p1|Tornadus-Therian, M|
|poke|p1|Pecharunt|
|poke|p1|Great Tusk|
|poke|p1|Clefable, F|
|poke|p1|Zamazenta-*|
|poke|p2|Scizor, F|
|poke|p2|Zamazenta-*|
|poke|p2|Latios, M|
|poke|p2|Glimmora, F|
|poke|p2|Great Tusk|
|poke|p2|Milotic, F|
|teampreview
|inactive|Battle timer is ON: inactive players will automatically lose when time's up. (requested by RoddyJ)
|
|t:|1760460269
|teamsize|p1|6
|teamsize|p2|6
|start
|switch|p1a: Great Tusk|Great Tusk|100/100
|switch|p2a: Scizor|Scizor, F, shiny|100/100
|turn|1
|
|t:|1760460280
|move|p1a: Great Tusk|Knock Off|p2a: Scizor
|-damage|p2a: Scizor|68/100
|-enditem|p2a: Scizor|Leftovers|[from] move: Knock Off|[of] p1a: Great Tusk
|move|p2a: Scizor|Knock Off|p1a: Great Tusk
|-resisted|p1a: Great Tusk
|-damage|p1a: Great Tusk|87/100
|-enditem|p1a: Great Tusk|Heavy-Duty Boots|[from] move: Knock Off|[of] p2a: Scizor
|
|upkeep
|turn|2
|
|t:|1760460287
|move|p1a: Great Tusk|Knock Off|p2a: Scizor
|-damage|p2a: Scizor|49/100
|move|p2a: Scizor|Swords Dance|p2a: Scizor
|-boost|p2a: Scizor|atk|2
|
|upkeep
|turn|3
|
|t:|1760460306
|move|p2a: Scizor|Bullet Punch|p1a: Great Tusk
|-damage|p1a: Great Tusk|38/100
|move|p1a: Great Tusk|Headlong Rush|p2a: Scizor
|-damage|p2a: Scizor|0 fnt
|-unboost|p1a: Great Tusk|def|1
|-unboost|p1a: Great Tusk|spd|1
|faint|p2a: Scizor
|
|upkeep
|inactive|RoddyJ has 120 seconds left.
|inactive|RoddyJ has 90 seconds left.
|
|t:|1760460374
|switch|p2a: Glimmora|Glimmora, F, shiny|100/100
|-item|p2a: Glimmora|Air Balloon
|turn|4
|inactive|SittinGamer has 120 seconds left.
|
|t:|1760460415
|-end|p1a: Great Tusk|Protosynthesis|[silent]
|switch|p1a: Zamazenta|Zamazenta|100/100
|-ability|p1a: Zamazenta|Dauntless Shield|boost
|-boost|p1a: Zamazenta|def|1
|move|p2a: Glimmora|Stealth Rock|p1a: Zamazenta
|-sidestart|p1: SittinGamer|move: Stealth Rock
|
|upkeep
|turn|5
|
|t:|1760460438
|move|p1a: Zamazenta|Heavy Slam|p2a: Glimmora
|-supereffective|p2a: Glimmora
|-damage|p2a: Glimmora|17/100
|-activate|p2a: Glimmora|ability: Toxic Debris
|-sidestart|p1: SittinGamer|move: Toxic Spikes
|-enditem|p2a: Glimmora|Air Balloon
|move|p2a: Glimmora|Spikes|p1a: Zamazenta
|-sidestart|p1: SittinGamer|Spikes
|
|upkeep
|turn|6
|inactive|SittinGamer has 120 seconds left.
|inactive|RoddyJ has 60 seconds left.
|
|t:|1760460472
|move|p1a: Zamazenta|Crunch|p2a: Glimmora
|-damage|p2a: Glimmora|0 fnt
|-activate|p2a: Glimmora|ability: Toxic Debris
|-sidestart|p1: SittinGamer|move: Toxic Spikes
|faint|p2a: Glimmora
|
|upkeep
|inactive|RoddyJ has 30 seconds left.
|inactive|RoddyJ has 20 seconds left.
|inactive|RoddyJ has 15 seconds left.
|
|t:|1760460507
|switch|p2a: Latios|Latios, M, shiny|100/100
|turn|7
|inactive|RoddyJ has 25 seconds left this turn.
|
|t:|1760460511
|move|p1a: Zamazenta|Crunch|p2a: Latios
|-supereffective|p2a: Latios
|-damage|p2a: Latios|35/100
|-enditem|p2a: Latios|Weakness Policy
|-boost|p2a: Latios|atk|2|[from] item: Weakness Policy
|-boost|p2a: Latios|spa|2|[from] item: Weakness Policy
|move|p2a: Latios|Agility|p2a: Latios
|-boost|p2a: Latios|spe|2
|
|upkeep
|turn|8
|inactive|RoddyJ has 30 seconds left.
|
|t:|1760460522
|-terastallize|p1a: Zamazenta|Steel
|move|p2a: Latios|Stored Power|p1a: Zamazenta
|-resisted|p1a: Zamazenta
|-damage|p1a: Zamazenta|46/100
|move|p1a: Zamazenta|Close Combat|p2a: Latios
|-resisted|p2a: Latios
|-damage|p2a: Latios|0 fnt
|-unboost|p1a: Zamazenta|def|1
|-unboost|p1a: Zamazenta|spd|1
|faint|p2a: Latios
|
|upkeep
|inactive|RoddyJ has 30 seconds left.
|inactive|RoddyJ has 20 seconds left.
|
|t:|1760460540
|switch|p2a: Zamazenta|Zamazenta, shiny|100/100
|-ability|p2a: Zamazenta|Dauntless Shield|boost
|-boost|p2a: Zamazenta|def|1
|turn|9
|inactive|RoddyJ has 30 seconds left this turn.
|inactive|RoddyJ has 20 seconds left.
|inactive|RoddyJ has 15 seconds left.
|
|t:|1760460558
|switch|p1a: Pecharunt|Pecharunt|100/100
|-sideend|p1: SittinGamer|move: Toxic Spikes|[of] p1a: Pecharunt
|move|p2a: Zamazenta|Body Press|p1a: Pecharunt
|-immune|p1a: Pecharunt
|
|upkeep
|turn|10
|inactive|RoddyJ has 25 seconds left this turn.
|
|t:|1760460562
|move|p1a: Pecharunt|Malignant Chain|p2a: Zamazenta
|-damage|p2a: Zamazenta|71/100
|move|p2a: Zamazenta|Roar|p1a: Pecharunt
|drag|p1a: Zamazenta|Zamazenta, tera:Steel|46/100
|
|-heal|p2a: Zamazenta|77/100|[from] item: Leftovers
|upkeep
|turn|11
|inactive|RoddyJ has 30 seconds left.
|
|t:|1760460572
|switch|p1a: Pecharunt|Pecharunt|100/100
|move|p2a: Zamazenta|Body Press|p1a: Pecharunt
|-immune|p1a: Pecharunt
|
|-heal|p2a: Zamazenta|83/100|[from] item: Leftovers
|upkeep
|turn|12
|
|t:|1760460575
|move|p1a: Pecharunt|Malignant Chain|p2a: Zamazenta
|-damage|p2a: Zamazenta|52/100
|-status|p2a: Zamazenta|tox
|-start|p2a: Zamazenta|confusion|[from] ability: Poison Puppeteer|[of] p1a: Pecharunt
|-activate|p2a: Zamazenta|confusion
|move|p2a: Zamazenta|Roar|p1a: Pecharunt
|drag|p1a: Tornadus|Tornadus-Therian, M|100/100
|-damage|p1a: Tornadus|76/100|[from] Stealth Rock
|
|-heal|p2a: Zamazenta|58/100 tox|[from] item: Leftovers
|-damage|p2a: Zamazenta|52/100 tox|[from] psn
|upkeep
|turn|13
|
|t:|1760460582
|move|p1a: Tornadus|Bleakwind Storm|p2a: Zamazenta
|-supereffective|p2a: Zamazenta
|-crit|p2a: Zamazenta
|-damage|p2a: Zamazenta|0 fnt
|faint|p2a: Zamazenta
|-damage|p1a: Tornadus|66/100|[from] item: Life Orb
|
|upkeep
|
|t:|1760460586
|switch|p2a: Milotic|Milotic, F, shiny|100/100
|turn|14
|
|t:|1760460594
|switch|p1a: Samurott|Samurott-Hisui, F|100/100
|-damage|p1a: Samurott|88/100|[from] Stealth Rock
|-damage|p1a: Samurott|76/100|[from] Spikes
|move|p2a: Milotic|Scald|p1a: Samurott
|-resisted|p1a: Samurott
|-damage|p1a: Samurott|59/100
|
|upkeep
|turn|15
|
|t:|1760460602
|move|p1a: Samurott|Knock Off|p2a: Milotic
|-damage|p2a: Milotic|54/100
|-enditem|p2a: Milotic|Assault Vest|[from] move: Knock Off|[of] p1a: Samurott
|move|p2a: Milotic|Alluring Voice|p1a: Samurott
|-supereffective|p1a: Samurott
|-crit|p1a: Samurott
|-damage|p1a: Samurott|0 fnt
|faint|p1a: Samurott
|
|upkeep
|
|t:|1760460618
|switch|p1a: Zamazenta|Zamazenta, tera:Steel|46/100
|turn|16
|
|t:|1760460631
|move|p1a: Zamazenta|Close Combat|p2a: Milotic
|-damage|p2a: Milotic|0 fnt
|-unboost|p1a: Zamazenta|def|1
|-unboost|p1a: Zamazenta|spd|1
|faint|p2a: Milotic
|
|upkeep
|-message|RoddyJ forfeited.
|
|win|SittinGamer
|raw|SittinGamer's rating: 1586 &rarr; <strong>1614</strong><br />(+28 for winning)
|raw|RoddyJ's rating: 1740 &rarr; <strong>1712</strong><br />(-28 for losing)
|l|☆RoddyJ
|player|p2|
|l|☆SittinGamer
|player|p1|
