|badge|p1|bronze|gen9ou|100-7
|uhtml|medal-msg|<div class="broadcast-blue">Curious what those medals under the avatar are? PS now has Ladder Seasons! For more information, check out the <a href="https://www.smogon.com/forums/threads/3740067/">thread on Smogon.</a></div>
|j|☆Johnny tots
|j|☆dr. drake6782
|t:|1760392296
|gametype|singles
|player|p1|Johnny tots|169|1892
|player|p2|dr. drake6782|hilbert-masters|1809
|gen|9
|tier|[Gen 9] OU
|rated|
|rule|HP Percentage Mod: HP is shown in percentages
|rule|Endless Battle Clause: Forcing endless battles is banned
|rule|Species Clause: Limit one of each Pokémon
|rule|OHKO Clause: OHKO moves are banned
|rule|Evasion Items Clause: Evasion items are banned
|rule|Evasion Moves Clause: Evasion moves are banned
|rule|Evasion Abilities Clause: Evasion abilities are banned
|rule|Sleep Moves Clause: Sleep-inducing moves are banned
|clearpoke
|poke|p1|Clefable, M|
|poke|p1|Dragonite, M|
|poke|p1|Thundurus-Therian, M|
|poke|p1|Manaphy|
|poke|p1|Iron Valiant|
|poke|p1|Klefki, F|
|poke|p2|Pelipper, F|
|poke|p2|Tornadus-Therian, M|
|poke|p2|Iron Treads|
|poke|p2|Decidueye-Hisui, F|
|poke|p2|Barraskewda, M|
|poke|p2|Raging Bolt|
|teampreview
|inactive|Battle timer is ON: inactive players will automatically lose when time's up. (requested by dr. drake6782)
|
|t:|1760392314
|teamsize|p1|6
|teamsize|p2|6
|start
|switch|p1a: Klefki|Klefki, F|100/100
|switch|p2a: Decidueye|Decidueye-Hisui, F, shiny|100/100
|turn|1
|inactive|Johnny tots has 120 seconds left.
|
|t:|1760392360
|move|p1a: Klefki|Thunder Wave|p2a: Decidueye
|-status|p2a: Decidueye|par
|move|p2a: Decidueye|Triple Arrows|p1a: Klefki
|-damage|p1a: Klefki|73/100
|-unboost|p1a: Klefki|def|1
|
|upkeep
|turn|2
|
|t:|1760392366
|move|p1a: Klefki|Reflect|p1a: Klefki
|-sidestart|p1: Johnny tots|Reflect
|move|p2a: Decidueye|Triple Arrows|p1a: Klefki
|-damage|p1a: Klefki|51/100
|
|upkeep
|turn|3
|inactive|Johnny tots has 120 seconds left.
|
|t:|1760392377
|move|p1a: Klefki|Light Screen|p1a: Klefki
|-sidestart|p1: Johnny tots|move: Light Screen
|move|p2a: Decidueye|Defog|p1a: Klefki
|-unboost|p1a: Klefki|evasion|1
|-sideend|p1: Johnny tots|Reflect
|-sideend|p1: Johnny tots|move: Light Screen
|
|upkeep
|turn|4
|inactive|Johnny tots has 120 seconds left.
|
|t:|1760392392
|switch|p1a: Clefable|Clefable, M|100/100
|move|p2a: Decidueye|Triple Arrows|p1a: Clefable
|-resisted|p1a: Clefable
|-damage|p1a: Clefable|84/100
|-unboost|p1a: Clefable|def|1
|
|-heal|p1a: Clefable|91/100|[from] item: Leftovers
|upkeep
|turn|5
|
|t:|1760392396
|switch|p2a: Pelipper|Pelipper, F|100/100
|-weather|RainDance|[from] ability: Drizzle|[of] p2a: Pelipper
|move|p1a: Clefable|Calm Mind|p1a: Clefable
|-boost|p1a: Clefable|spa|1
|-boost|p1a: Clefable|spd|1
|
|-weather|RainDance|[upkeep]
|-heal|p1a: Clefable|97/100|[from] item: Leftovers
|upkeep
|turn|6
|
|t:|1760392400
|move|p1a: Clefable|Moonblast|p2a: Pelipper
|-damage|p2a: Pelipper|12/100
|move|p2a: Pelipper|U-turn|p1a: Clefable
|-resisted|p1a: Clefable
|-damage|p1a: Clefable|90/100
|
|t:|1760392406
|switch|p2a: Barraskewda|Barraskewda, M, shiny|100/100|[from] U-turn
|
|-weather|RainDance|[upkeep]
|-heal|p1a: Clefable|96/100|[from] item: Leftovers
|upkeep
|turn|7
|
|t:|1760392416
|-terastallize|p2a: Barraskewda|Water
|move|p2a: Barraskewda|Flip Turn|p1a: Clefable
|-damage|p1a: Clefable|0 fnt
|faint|p1a: Clefable
|-damage|p2a: Barraskewda|91/100|[from] item: Life Orb
|
|t:|1760392422
|switch|p2a: Tornadus|Tornadus-Therian, M|100/100|[from] Flip Turn
|
|-weather|RainDance|[upkeep]
|upkeep
|
|t:|1760392424
|switch|p1a: Klefki|Klefki, F|51/100
|turn|8
|
|t:|1760392433
|switch|p2a: Raging Bolt|Raging Bolt|100/100
|-enditem|p2a: Raging Bolt|Booster Energy
|-activate|p2a: Raging Bolt|ability: Protosynthesis|[fromitem]
|-start|p2a: Raging Bolt|protosynthesisspa
|move|p1a: Klefki|Reflect|p1a: Klefki
|-sidestart|p1: Johnny tots|Reflect
|
|-weather|RainDance|[upkeep]
|upkeep
|turn|9
|
|t:|1760392437
|move|p1a: Klefki|Light Screen|p1a: Klefki
|-sidestart|p1: Johnny tots|move: Light Screen
|move|p2a: Raging Bolt|Thunder|p1a: Klefki
|-damage|p1a: Klefki|0 fnt
|faint|p1a: Klefki
|
|-weather|RainDance|[upkeep]
|upkeep
|
|t:|1760392446
|switch|p1a: Dragonite|Dragonite, M|100/100
|turn|10
|
|t:|1760392448
|move|p1a: Dragonite|Dragon Dance|p1a: Dragonite
|-boost|p1a: Dragonite|atk|1
|-boost|p1a: Dragonite|spe|1
|move|p2a: Raging Bolt|Dragon Pulse|p1a: Dragonite
|-supereffective|p1a: Dragonite
|-damage|p1a: Dragonite|63/100
|
|-weather|RainDance|[upkeep]
|upkeep
|turn|11
|
|t:|1760392450
|move|p1a: Dragonite|Earthquake|p2a: Raging Bolt
|-supereffective|p2a: Raging Bolt
|-damage|p2a: Raging Bolt|0 fnt
|faint|p2a: Raging Bolt
|-end|p2a: Raging Bolt|Protosynthesis|[silent]
|
|-weather|RainDance|[upkeep]
|upkeep
|
|t:|1760392454
|switch|p2a: Decidueye|Decidueye-Hisui, F, shiny|100/100 par
|turn|12
|
|t:|1760392460
|move|p1a: Dragonite|Ice Spinner|p2a: Decidueye
|-supereffective|p2a: Decidueye
|-damage|p2a: Decidueye|34/100 par
|-damage|p1a: Dragonite|47/100|[from] item: Rocky Helmet|[of] p2a: Decidueye
|move|p2a: Decidueye|Defog|p1a: Dragonite
|-unboost|p1a: Dragonite|evasion|1
|-sideend|p1: Johnny tots|Reflect
|-sideend|p1: Johnny tots|move: Light Screen
|
|-weather|none
|upkeep
|turn|13
|
|t:|1760392473
|switch|p1a: Manaphy|Manaphy|100/100
|switch|p2a: Pelipper|Pelipper, F|12/100
|-weather|RainDance|[from] ability: Drizzle|[of] p2a: Pelipper
|
|-weather|RainDance|[upkeep]
|upkeep
|turn|14
|
|t:|1760392478
|move|p1a: Manaphy|Take Heart|p1a: Manaphy
|-boost|p1a: Manaphy|spa|1
|-boost|p1a: Manaphy|spd|1
|move|p2a: Pelipper|U-turn|p1a: Manaphy
|-damage|p1a: Manaphy|92/100
|
|t:|1760392480
|switch|p2a: Barraskewda|Barraskewda, M, shiny, tera:Water|91/100|[from] U-turn
|
|-weather|RainDance|[upkeep]
|-heal|p1a: Manaphy|98/100|[from] item: Leftovers
|upkeep
|turn|15
|
|t:|1760392485
|move|p2a: Barraskewda|Flip Turn|p1a: Manaphy
|-resisted|p1a: Manaphy
|-damage|p1a: Manaphy|59/100
|-damage|p2a: Barraskewda|81/100|[from] item: Life Orb
|
|t:|1760392489
|switch|p2a: Decidueye|Decidueye-Hisui, F, shiny|34/100 par|[from] Flip Turn
|move|p1a: Manaphy|Acid Armor|p1a: Manaphy
|-boost|p1a: Manaphy|def|2
|
|-weather|RainDance|[upkeep]
|-heal|p1a: Manaphy|65/100|[from] item: Leftovers
|upkeep
|turn|16
|
|t:|1760392493
|move|p1a: Manaphy|Scald|p2a: Decidueye
|-resisted|p2a: Decidueye
|-damage|p2a: Decidueye|0 fnt
|faint|p2a: Decidueye
|
|-weather|RainDance|[upkeep]
|-heal|p1a: Manaphy|71/100|[from] item: Leftovers
|upkeep
|
|t:|1760392495
|switch|p2a: Tornadus|Tornadus-Therian, M|100/100
|turn|17
|
|t:|1760392498
|move|p2a: Tornadus|Hurricane|p1a: Manaphy
|-damage|p1a: Manaphy|28/100
|-start|p1a: Manaphy|confusion
|-activate|p1a: Manaphy|confusion
|move|p1a: Manaphy|Scald|p2a: Tornadus
|-damage|p2a: Tornadus|0 fnt
|faint|p2a: Tornadus
|
|-weather|RainDance|[upkeep]
|-heal|p1a: Manaphy|34/100|[from] item: Leftovers
|upkeep
|
|t:|1760392506
|switch|p2a: Barraskewda|Barraskewda, M, shiny, tera:Water|81/100
|turn|18
|
|t:|1760392509
|move|p2a: Barraskewda|Liquidation|p1a: Manaphy
|-resisted|p1a: Manaphy
|-damage|p1a: Manaphy|5/100
|-damage|p2a: Barraskewda|71/100|[from] item: Life Orb
|-end|p1a: Manaphy|confusion
|move|p1a: Manaphy|Scald|p2a: Barraskewda
|-resisted|p2a: Barraskewda
|-damage|p2a: Barraskewda|0 fnt
|faint|p2a: Barraskewda
|
|-weather|RainDance|[upkeep]
|-heal|p1a: Manaphy|12/100|[from] item: Leftovers
|upkeep
|-message|dr. drake6782 forfeited.
|
|win|Johnny tots
|raw|Johnny tots's rating: 1892 &rarr; <strong>1907</strong><br />(+15 for winning)
|raw|dr. drake6782's rating: 1809 &rarr; <strong>1794</strong><br />(-15 for losing)
|l|☆dr. drake6782
|player|p2|
|l|☆Johnny tots
|player|p1|
