|j|☆Lamtung8864526
|j|☆TheIdoit678
|t:|1760373029
|gametype|singles
|player|p1|Lamtung8864526|hilbert-wonderlauncher|1364
|player|p2|TheIdoit678|doctor|1407
|gen|9
|tier|[Gen 9] OU
|rated|
|rule|HP Percentage Mod: HP is shown in percentages
|rule|Endless Battle Clause: Forcing endless battles is banned
|rule|Species Clause: Limit one of each Pokémon
|rule|OHKO Clause: OHKO moves are banned
|rule|Evasion Items Clause: Evasion items are banned
|rule|Evasion Moves Clause: Evasion moves are banned
|rule|Evasion Abilities Clause: Evasion abilities are banned
|rule|Sleep Moves Clause: Sleep-inducing moves are banned
|clearpoke
|poke|p1|Ninetales, F|
|poke|p1|Shiftry, F|
|poke|p1|Charizard, M|
|poke|p1|Hatterene, F|
|poke|p1|Walking Wake|
|poke|p1|Great Tusk|
|poke|p2|Maushold|
|poke|p2|Darkrai|
|poke|p2|Rillaboom, F|
|poke|p2|Slowking-Galar, M|
|poke|p2|Moltres|
|poke|p2|Landorus-Therian, M|
|teampreview
|inactive|Battle timer is ON: inactive players will automatically lose when time's up. (requested by Lamtung8864526)
|
|t:|1760373045
|teamsize|p1|6
|teamsize|p2|6
|start
|switch|p1a: Ninetales|Ninetales, F|100/100
|switch|p2a: Landorus|Landorus-Therian, M|100/100
|-weather|SunnyDay|[from] ability: Drought|[of] p1a: Ninetales
|-ability|p2a: Landorus|Intimidate|boost
|-unboost|p1a: Ninetales|atk|1
|turn|1
|l|☆Lamtung8864526
|inactive|Lamtung8864526 disconnected and has a minute to reconnect!
|player|p1|
|inactive|Lamtung8864526 has 30 seconds to reconnect!
|inactive|Lamtung8864526 has 20 seconds to reconnect!
|inactive|Lamtung8864526 has 15 seconds to reconnect!
|inactive|Lamtung8864526 has 10 seconds to reconnect!
|inactive|Lamtung8864526 has 5 seconds to reconnect!
|j|☆Lamtung8864526
|inactive|Lamtung8864526 reconnected and has 85 seconds left.
|player|p1|Lamtung8864526|hilbert-wonderlauncher|
|
|t:|1760373114
|switch|p1a: Hatterene|Hatterene, F|100/100
|switch|p2a: Moltres|Moltres|100/100
|
|-weather|SunnyDay|[upkeep]
|upkeep
|turn|2
|inactive|Lamtung8864526 has 90 seconds left.
|
|t:|1760373124
|switch|p1a: Walking Wake|Walking Wake|100/100
|-activate|p1a: Walking Wake|ability: Protosynthesis
|-start|p1a: Walking Wake|protosynthesisspe
|move|p2a: Moltres|Flamethrower|p1a: Walking Wake
|-resisted|p1a: Walking Wake
|-damage|p1a: Walking Wake|83/100
|
|-weather|SunnyDay|[upkeep]
|upkeep
|turn|3
|inactive|Lamtung8864526 has 90 seconds left.
|
|t:|1760373138
|switch|p2a: Slowking|Slowking-Galar, M|100/100
|move|p1a: Walking Wake|Hydro Steam|p2a: Slowking
|-damage|p2a: Slowking|51/100
|
|-weather|SunnyDay|[upkeep]
|upkeep
|turn|4
|
|t:|1760373154
|move|p1a: Walking Wake|Hydro Steam|p2a: Slowking
|-damage|p2a: Slowking|0 fnt
|faint|p2a: Slowking
|
|-weather|SunnyDay|[upkeep]
|upkeep
|
|t:|1760373158
|switch|p2a: Rillaboom|Rillaboom, F|100/100
|-fieldstart|move: Grassy Terrain|[from] ability: Grassy Surge|[of] p2a: Rillaboom
|turn|5
|
|t:|1760373169
|-end|p1a: Walking Wake|Protosynthesis|[silent]
|switch|p1a: Hatterene|Hatterene, F|100/100
|move|p2a: Rillaboom|Knock Off|p1a: Hatterene
|-damage|p1a: Hatterene|47/100
|-enditem|p1a: Hatterene|Eject Button|[from] move: Knock Off|[of] p2a: Rillaboom
|
|-weather|SunnyDay|[upkeep]
|-heal|p1a: Hatterene|53/100|[from] Grassy Terrain
|upkeep
|turn|6
|
|t:|1760373181
|switch|p2a: Landorus|Landorus-Therian, M|100/100
|-ability|p2a: Landorus|Intimidate|boost
|-unboost|p1a: Hatterene|atk|1
|switch|p1a: Charizard|Charizard, M|100/100
|
|-weather|SunnyDay|[upkeep]
|-damage|p1a: Charizard|88/100|[from] ability: Solar Power|[of] p1a: Charizard
|upkeep
|turn|7
|
|t:|1760373190
|move|p1a: Charizard|Flamethrower|p2a: Landorus
|-damage|p2a: Landorus|0 fnt
|faint|p2a: Landorus
|
|-weather|SunnyDay|[upkeep]
|-damage|p1a: Charizard|76/100|[from] ability: Solar Power|[of] p1a: Charizard
|upkeep
|
|t:|1760373201
|switch|p2a: Maushold|Maushold|100/100
|turn|8
|
|t:|1760373205
|switch|p1a: Great Tusk|Great Tusk|100/100
|-activate|p1a: Great Tusk|ability: Protosynthesis
|-start|p1a: Great Tusk|protosynthesisspe
|move|p2a: Maushold|Population Bomb|p1a: Great Tusk
|-damage|p1a: Great Tusk|93/100
|-damage|p2a: Maushold|84/100|[from] item: Rocky Helmet|[of] p1a: Great Tusk
|-damage|p1a: Great Tusk|86/100
|-damage|p2a: Maushold|67/100|[from] item: Rocky Helmet|[of] p1a: Great Tusk
|-damage|p1a: Great Tusk|79/100
|-damage|p2a: Maushold|51/100|[from] item: Rocky Helmet|[of] p1a: Great Tusk
|-damage|p1a: Great Tusk|71/100
|-damage|p2a: Maushold|34/100|[from] item: Rocky Helmet|[of] p1a: Great Tusk
|-damage|p1a: Great Tusk|64/100
|-damage|p2a: Maushold|17/100|[from] item: Rocky Helmet|[of] p1a: Great Tusk
|-damage|p1a: Great Tusk|57/100
|-damage|p2a: Maushold|1/100|[from] item: Rocky Helmet|[of] p1a: Great Tusk
|-damage|p1a: Great Tusk|50/100
|-damage|p2a: Maushold|0 fnt|[from] item: Rocky Helmet|[of] p1a: Great Tusk
|faint|p2a: Maushold
|-hitcount|p1a: Great Tusk|7
|
|-weather|none
|-end|p1a: Great Tusk|Protosynthesis
|-heal|p1a: Great Tusk|57/100|[from] Grassy Terrain
|upkeep
|
|t:|1760373208
|switch|p2a: Rillaboom|Rillaboom, F|100/100
|turn|9
|
|t:|1760373211
|-end|p1a: Great Tusk|Protosynthesis|[silent]
|switch|p1a: Ninetales|Ninetales, F|100/100
|-weather|SunnyDay|[from] ability: Drought|[of] p1a: Ninetales
|move|p2a: Rillaboom|Grassy Glide|p1a: Ninetales
|-resisted|p1a: Ninetales
|-damage|p1a: Ninetales|66/100
|
|-weather|SunnyDay|[upkeep]
|-heal|p1a: Ninetales|72/100|[from] Grassy Terrain
|-fieldend|move: Grassy Terrain
|upkeep
|turn|10
|
|t:|1760373218
|switch|p2a: Moltres|Moltres|100/100
|move|p1a: Ninetales|Healing Wish|p1a: Ninetales
|faint|p1a: Ninetales
|
|-weather|SunnyDay|[upkeep]
|upkeep
|
|t:|1760373223
|switch|p1a: Shiftry|Shiftry, F|100/100
|turn|11
|
|t:|1760373228
|move|p1a: Shiftry|Explosion|p2a: Moltres
|-damage|p2a: Moltres|34/100
|faint|p1a: Shiftry
|move|p2a: Moltres|Flamethrower|p1: Shiftry|[notarget]
|-fail|p2a: Moltres
|
|-weather|SunnyDay|[upkeep]
|upkeep
|-message|TheIdoit678 forfeited.
|
|win|Lamtung8864526
|raw|Lamtung8864526's rating: 1364 &rarr; <strong>1386</strong><br />(+22 for winning)
|raw|TheIdoit678's rating: 1407 &rarr; <strong>1385</strong><br />(-22 for losing)
|l|☆TheIdoit678
|player|p2|
|l|☆Lamtung8864526
|player|p1|
