|j|☆Deadlyboogers1
|j|☆Obito 2001
|t:|1760419529
|gametype|singles
|player|p1|Deadlyboogers1|265|1696
|player|p2|Obito 2001|blue-gen3two|1796
|gen|9
|tier|[Gen 9] OU
|rated|
|rule|HP Percentage Mod: HP is shown in percentages
|rule|Endless Battle Clause: Forcing endless battles is banned
|rule|Species Clause: Limit one of each Pokémon
|rule|OHKO Clause: OHKO moves are banned
|rule|Evasion Items Clause: Evasion items are banned
|rule|Evasion Moves Clause: Evasion moves are banned
|rule|Evasion Abilities Clause: Evasion abilities are banned
|rule|Sleep Moves Clause: Sleep-inducing moves are banned
|clearpoke
|poke|p1|Kyurem|
|poke|p1|Corviknight, M|
|poke|p1|Ting-Lu|
|poke|p1|Dondozo, F|
|poke|p1|Slowking-Galar, L99, F|
|poke|p1|Cinderace, M|
|poke|p2|Maushold-Four|
|poke|p2|Comfey, F|
|poke|p2|Grimmsnarl, M|
|poke|p2|Iron Crown|
|poke|p2|Ogerpon-Wellspring, F|
|poke|p2|Great Tusk|
|teampreview
|inactive|Battle timer is ON: inactive players will automatically lose when time's up. (requested by Obito 2001)
|inactive|Deadlyboogers1 also wants the timer to be on.
|
|t:|1760419546
|teamsize|p1|6
|teamsize|p2|6
|start
|switch|p1a: Cinderace|Cinderace, M|100/100
|switch|p2a: Screen Goblin|Grimmsnarl, M|100/100
|turn|1
|j| KIRBY OF DA STARS
|
|t:|1760419551
|move|p2a: Screen Goblin|Parting Shot|p1a: Cinderace
|-unboost|p1a: Cinderace|atk|1
|-unboost|p1a: Cinderace|spa|1
|
|t:|1760419552
|switch|p2a: Mega Donphan|Great Tusk|100/100|[from] Parting Shot
|move|p1a: Cinderace|Pyro Ball|p2a: Mega Donphan
|-damage|p2a: Mega Donphan|78/100
|
|upkeep
|turn|2
|
|t:|1760419557
|move|p1a: Cinderace|Pyro Ball|p2a: Mega Donphan
|-damage|p2a: Mega Donphan|54/100
|move|p2a: Mega Donphan|Headlong Rush|p1a: Cinderace
|-supereffective|p1a: Cinderace
|-damage|p1a: Cinderace|0 fnt
|-unboost|p2a: Mega Donphan|def|1
|-unboost|p2a: Mega Donphan|spd|1
|faint|p1a: Cinderace
|
|upkeep
|
|t:|1760419562
|switch|p1a: Kyurem|Kyurem|100/100
|-ability|p1a: Kyurem|Pressure
|turn|3
|
|t:|1760419566
|-end|p2a: Mega Donphan|Protosynthesis|[silent]
|switch|p2a: Screen Goblin|Grimmsnarl, M|100/100
|move|p1a: Kyurem|Substitute|p1a: Kyurem
|-start|p1a: Kyurem|Substitute
|-damage|p1a: Kyurem|75/100
|
|-heal|p1a: Kyurem|82/100|[from] item: Leftovers
|upkeep
|turn|4
|
|t:|1760419569
|move|p2a: Screen Goblin|Light Screen|p2a: Screen Goblin
|-sidestart|p2: Obito 2001|move: Light Screen
|move|p1a: Kyurem|Freeze-Dry|p2a: Screen Goblin
|-damage|p2a: Screen Goblin|81/100
|
|-heal|p1a: Kyurem|88/100|[from] item: Leftovers
|upkeep
|turn|5
|
|t:|1760419574
|move|p2a: Screen Goblin|Reflect|p2a: Screen Goblin
|-sidestart|p2: Obito 2001|Reflect
|move|p1a: Kyurem|Freeze-Dry|p2a: Screen Goblin
|-damage|p2a: Screen Goblin|64/100
|
|-heal|p1a: Kyurem|94/100|[from] item: Leftovers
|upkeep
|turn|6
|
|t:|1760419576
|move|p1a: Kyurem|Protect|p1a: Kyurem
|-singleturn|p1a: Kyurem|Protect
|move|p2a: Screen Goblin|Spirit Break|p1a: Kyurem
|-activate|p1a: Kyurem|move: Protect
|
|-heal|p1a: Kyurem|99/100|[from] item: Leftovers
|upkeep
|turn|7
|
|t:|1760419584
|move|p2a: Screen Goblin|Parting Shot|p1a: Kyurem
|-unboost|p1a: Kyurem|atk|1
|-unboost|p1a: Kyurem|spa|1
|
|t:|1760419586
|switch|p2a: Zanpakuto🗡️|Iron Crown|100/100|[from] Parting Shot
|move|p1a: Kyurem|Freeze-Dry|p2a: Zanpakuto🗡️
|-resisted|p2a: Zanpakuto🗡️
|-crit|p2a: Zanpakuto🗡️
|-damage|p2a: Zanpakuto🗡️|76/100
|
|-heal|p1a: Kyurem|100/100|[from] item: Leftovers
|upkeep
|turn|8
|
|t:|1760419591
|move|p2a: Zanpakuto🗡️|Tachyon Cutter|p1a: Kyurem
|-supereffective|p1a: Kyurem
|-end|p1a: Kyurem|Substitute
|-supereffective|p1a: Kyurem
|-damage|p1a: Kyurem|29/100
|-hitcount|p1a: Kyurem|2
|move|p1a: Kyurem|Earth Power|p2a: Zanpakuto🗡️
|-supereffective|p2a: Zanpakuto🗡️
|-damage|p2a: Zanpakuto🗡️|56/100
|
|-heal|p1a: Kyurem|35/100|[from] item: Leftovers
|upkeep
|turn|9
|
|t:|1760419598
|move|p1a: Kyurem|Protect|p1a: Kyurem
|-singleturn|p1a: Kyurem|Protect
|move|p2a: Zanpakuto🗡️|Tachyon Cutter|p1a: Kyurem
|-activate|p1a: Kyurem|move: Protect
|
|-heal|p1a: Kyurem|42/100|[from] item: Leftovers
|upkeep
|turn|10
|
|t:|1760419602
|switch|p1a: Slowking|Slowking-Galar, L99, F|100/100
|move|p2a: Zanpakuto🗡️|Tachyon Cutter|p1a: Slowking
|-damage|p1a: Slowking|78/100
|-damage|p1a: Slowking|57/100
|-hitcount|p1a: Slowking|2
|
|upkeep
|turn|11
|
|t:|1760419605
|switch|p1a: Corviknight|Corviknight, M|100/100
|-ability|p1a: Corviknight|Pressure
|move|p2a: Zanpakuto🗡️|Tachyon Cutter|p1a: Corviknight
|-resisted|p1a: Corviknight
|-damage|p1a: Corviknight|81/100
|-resisted|p1a: Corviknight
|-damage|p1a: Corviknight|63/100
|-hitcount|p1a: Corviknight|2
|
|-sideend|p2: Obito 2001|move: Light Screen
|upkeep
|turn|12
|
|t:|1760419617
|-end|p2a: Zanpakuto🗡️|Quark Drive|[silent]
|switch|p2a: Screen Goblin|Grimmsnarl, M|64/100
|move|p1a: Corviknight|Roost|p1a: Corviknight
|-heal|p1a: Corviknight|100/100
|-singleturn|p1a: Corviknight|move: Roost
|
|-sideend|p2: Obito 2001|Reflect
|upkeep
|turn|13
|
|t:|1760419620
|move|p2a: Screen Goblin|Parting Shot|p1a: Corviknight
|-unboost|p1a: Corviknight|atk|1
|-unboost|p1a: Corviknight|spa|1
|
|t:|1760419621
|switch|p2a: Zanpakuto🗡️|Iron Crown|56/100|[from] Parting Shot
|move|p1a: Corviknight|U-turn|p2a: Zanpakuto🗡️
|-damage|p2a: Zanpakuto🗡️|44/100
|
|t:|1760419625
|switch|p1a: Kyurem|Kyurem|42/100|[from] U-turn
|-ability|p1a: Kyurem|Pressure
|
|-heal|p1a: Kyurem|48/100|[from] item: Leftovers
|upkeep
|turn|14
|
|t:|1760419632
|-end|p2a: Zanpakuto🗡️|Quark Drive|[silent]
|switch|p2a: Gang bang|Maushold-Four|100/100
|move|p1a: Kyurem|Protect||[still]
|-fail|p1a: Kyurem
|
|-heal|p1a: Kyurem|54/100|[from] item: Leftovers
|upkeep
|turn|15
|
|t:|1760419639
|switch|p2a: Zanpakuto🗡️|Iron Crown|44/100
|switch|p1a: Corviknight|Corviknight, M|100/100
|-ability|p1a: Corviknight|Pressure
|
|upkeep
|turn|16
|
|t:|1760419643
|move|p2a: Zanpakuto🗡️|Focus Blast|p1a: Corviknight|[miss]
|-miss|p2a: Zanpakuto🗡️|p1a: Corviknight
|move|p1a: Corviknight|Roost||[still]
|-fail|p1a: Corviknight|heal
|
|upkeep
|turn|17
|
|t:|1760419646
|switch|p1a: Slowking|Slowking-Galar, L99, F|90/100
|move|p2a: Zanpakuto🗡️|Focus Blast|p1a: Slowking
|-resisted|p1a: Slowking
|-damage|p1a: Slowking|80/100
|
|upkeep
|turn|18
|
|t:|1760419657
|-end|p2a: Zanpakuto🗡️|Quark Drive|[silent]
|switch|p2a: Mega Donphan|Great Tusk|54/100
|move|p1a: Slowking|Toxic|p2a: Mega Donphan
|-status|p2a: Mega Donphan|tox
|
|-damage|p2a: Mega Donphan|48/100 tox|[from] psn
|upkeep
|turn|19
|
|t:|1760419662
|switch|p1a: Corviknight|Corviknight, M|100/100
|-ability|p1a: Corviknight|Pressure
|move|p2a: Mega Donphan|Stealth Rock|p1a: Corviknight
|-sidestart|p1: Deadlyboogers1|move: Stealth Rock
|
|-damage|p2a: Mega Donphan|35/100 tox|[from] psn
|upkeep
|turn|20
|
|t:|1760419668
|-end|p2a: Mega Donphan|Protosynthesis|[silent]
|switch|p2a: Zanpakuto🗡️|Iron Crown|44/100
|move|p1a: Corviknight|Defog|p2a: Zanpakuto🗡️
|-unboost|p2a: Zanpakuto🗡️|evasion|1
|-sideend|p1: Deadlyboogers1|Stealth Rock|[from] move: Defog|[of] p1a: Corviknight
|
|upkeep
|turn|21
|
|t:|1760419676
|move|p2a: Zanpakuto🗡️|Volt Switch|p1a: Corviknight
|-supereffective|p1a: Corviknight
|-damage|p1a: Corviknight|33/100
|
|t:|1760419681
|-end|p2a: Zanpakuto🗡️|Quark Drive|[silent]
|switch|p2a: 🎭|Ogerpon-Wellspring, F|100/100|[from] Volt Switch
|move|p1a: Corviknight|Roost|p1a: Corviknight
|-heal|p1a: Corviknight|83/100
|-singleturn|p1a: Corviknight|move: Roost
|
|upkeep
|turn|22
|
|t:|1760419695
|move|p2a: 🎭|Swords Dance|p2a: 🎭
|-boost|p2a: 🎭|atk|2
|move|p1a: Corviknight|U-turn|p2a: 🎭
|-supereffective|p2a: 🎭
|-damage|p2a: 🎭|66/100
|
|t:|1760419705
|switch|p1a: Dondozo|Dondozo, F|100/100|[from] U-turn
|
|upkeep
|turn|23
|
|t:|1760419708
|move|p2a: 🎭|Trailblaze|p1a: Dondozo
|-supereffective|p1a: Dondozo
|-damage|p1a: Dondozo|72/100
|-boost|p2a: 🎭|spe|1
|move|p1a: Dondozo|Body Press|p2a: 🎭
|-damage|p2a: 🎭|30/100
|
|-heal|p1a: Dondozo|78/100|[from] item: Leftovers
|upkeep
|turn|24
|
|t:|1760419724
|switch|p2a: Mega Donphan|Great Tusk|35/100 tox
|move|p1a: Dondozo|Body Press|p2a: Mega Donphan
|-damage|p2a: Mega Donphan|13/100 tox
|
|-heal|p1a: Dondozo|84/100|[from] item: Leftovers
|-damage|p2a: Mega Donphan|7/100 tox|[from] psn
|upkeep
|turn|25
|
|t:|1760419730
|move|p2a: Mega Donphan|Stealth Rock|p1a: Dondozo
|-sidestart|p1: Deadlyboogers1|move: Stealth Rock
|move|p1a: Dondozo|Curse|p1a: Dondozo
|-unboost|p1a: Dondozo|spe|1
|-boost|p1a: Dondozo|atk|1
|-boost|p1a: Dondozo|def|1
|
|-heal|p1a: Dondozo|90/100|[from] item: Leftovers
|-damage|p2a: Mega Donphan|0 fnt|[from] psn
|faint|p2a: Mega Donphan
|-end|p2a: Mega Donphan|Protosynthesis|[silent]
|upkeep
|
|t:|1760419740
|switch|p2a: Gang bang|Maushold-Four|100/100
|turn|26
|l| KIRBY OF DA STARS
|
|t:|1760419744
|move|p2a: Gang bang|Encore|p1a: Dondozo
|-start|p1a: Dondozo|Encore
|move|p1a: Dondozo|Curse|p1a: Dondozo
|-unboost|p1a: Dondozo|spe|1
|-boost|p1a: Dondozo|atk|1
|-boost|p1a: Dondozo|def|1
|
|-heal|p1a: Dondozo|97/100|[from] item: Leftovers
|upkeep
|turn|27
|
|t:|1760419749
|switch|p2a: Zanpakuto🗡️|Iron Crown|44/100
|switch|p1a: Corviknight|Corviknight, M|83/100
|-damage|p1a: Corviknight|71/100|[from] Stealth Rock
|-ability|p1a: Corviknight|Pressure
|
|upkeep
|turn|28
|
|t:|1760419755
|switch|p1a: Ting-Lu|Ting-Lu|100/100
|-damage|p1a: Ting-Lu|94/100|[from] Stealth Rock
|-ability|p1a: Ting-Lu|Vessel of Ruin
|move|p2a: Zanpakuto🗡️|Volt Switch|p1a: Ting-Lu
|-immune|p1a: Ting-Lu
|
|-heal|p1a: Ting-Lu|100/100|[from] item: Leftovers
|upkeep
|turn|29
|
|t:|1760419765
|-end|p2a: Zanpakuto🗡️|Quark Drive|[silent]
|switch|p2a: Screen Goblin|Grimmsnarl, M|64/100
|move|p1a: Ting-Lu|Payback|p2a: Screen Goblin
|-resisted|p2a: Screen Goblin
|-damage|p2a: Screen Goblin|59/100
|
|upkeep
|turn|30
|j| KIRBY OF DA STARS
|
|t:|1760419776
|switch|p2a: 🎭|Ogerpon-Wellspring, F|30/100
|switch|p1a: Corviknight|Corviknight, M|71/100
|-damage|p1a: Corviknight|58/100|[from] Stealth Rock
|-ability|p1a: Corviknight|Pressure
|
|upkeep
|turn|31
|
|t:|1760419780
|move|p2a: 🎭|Ivy Cudgel|p1a: Corviknight|[anim] Ivy Cudgel Water
|-damage|p1a: Corviknight|21/100
|move|p1a: Corviknight|Roost|p1a: Corviknight
|-heal|p1a: Corviknight|71/100
|-singleturn|p1a: Corviknight|move: Roost
|
|upkeep
|turn|32
|
|t:|1760419789
|switch|p1a: Dondozo|Dondozo, F|97/100
|-damage|p1a: Dondozo|84/100|[from] Stealth Rock
|move|p2a: 🎭|Ivy Cudgel|p1a: Dondozo|[anim] Ivy Cudgel Water
|-resisted|p1a: Dondozo
|-damage|p1a: Dondozo|71/100
|
|-heal|p1a: Dondozo|77/100|[from] item: Leftovers
|upkeep
|turn|33
|
|t:|1760419801
|move|p2a: 🎭|Trailblaze|p1a: Dondozo
|-supereffective|p1a: Dondozo
|-damage|p1a: Dondozo|48/100
|-boost|p2a: 🎭|spe|1
|move|p1a: Dondozo|Body Press|p2a: 🎭
|-damage|p2a: 🎭|0 fnt
|faint|p2a: 🎭
|
|-heal|p1a: Dondozo|54/100|[from] item: Leftovers
|upkeep
|
|t:|1760419808
|switch|p2a: Zanpakuto🗡️|Iron Crown|44/100
|turn|34
|
|t:|1760419813
|switch|p1a: Slowking|Slowking-Galar, L99, F|100/100
|move|p2a: Zanpakuto🗡️|Focus Blast|p1a: Slowking
|-resisted|p1a: Slowking
|-damage|p1a: Slowking|91/100
|-unboost|p1a: Slowking|spd|1
|
|upkeep
|turn|35
|
|t:|1760419825
|-end|p2a: Zanpakuto🗡️|Quark Drive|[silent]
|switch|p2a: Screen Goblin|Grimmsnarl, M|59/100
|move|p1a: Slowking|Toxic|p2a: Screen Goblin
|-status|p2a: Screen Goblin|tox
|
|-damage|p2a: Screen Goblin|53/100 tox|[from] psn
|upkeep
|turn|36
|
|t:|1760419838
|move|p2a: Screen Goblin|Parting Shot|p1a: Slowking
|-unboost|p1a: Slowking|atk|1
|-unboost|p1a: Slowking|spa|1
|
|t:|1760419841
|switch|p2a: Zanpakuto🗡️|Iron Crown|44/100|[from] Parting Shot
|-prepare|p1a: Slowking|Chilly Reception|[premajor]
|move|p1a: Slowking|Chilly Reception|p1a: Slowking
|-weather|Snowscape
|
|t:|1760419850
|switch|p1a: Ting-Lu|Ting-Lu|100/100|[from] Chilly Reception
|-damage|p1a: Ting-Lu|94/100|[from] Stealth Rock
|-ability|p1a: Ting-Lu|Vessel of Ruin
|
|-weather|Snowscape|[upkeep]
|-heal|p1a: Ting-Lu|100/100|[from] item: Leftovers
|upkeep
|turn|37
|
|t:|1760419857
|move|p2a: Zanpakuto🗡️|Tachyon Cutter|p1a: Ting-Lu
|-damage|p1a: Ting-Lu|85/100
|-damage|p1a: Ting-Lu|68/100
|-hitcount|p1a: Ting-Lu|2
|move|p1a: Ting-Lu|Earthquake|p2a: Zanpakuto🗡️
|-supereffective|p2a: Zanpakuto🗡️
|-damage|p2a: Zanpakuto🗡️|0 fnt
|faint|p2a: Zanpakuto🗡️
|-end|p2a: Zanpakuto🗡️|Quark Drive|[silent]
|
|-weather|Snowscape|[upkeep]
|-heal|p1a: Ting-Lu|74/100|[from] item: Leftovers
|upkeep
|
|t:|1760419864
|switch|p2a: Screen Goblin|Grimmsnarl, M|53/100 tox
|turn|38
|
|t:|1760419871
|switch|p1a: Corviknight|Corviknight, M|71/100
|-damage|p1a: Corviknight|59/100|[from] Stealth Rock
|-ability|p1a: Corviknight|Pressure
|move|p2a: Screen Goblin|Reflect|p2a: Screen Goblin
|-sidestart|p2: Obito 2001|Reflect
|
|-weather|Snowscape|[upkeep]
|-damage|p2a: Screen Goblin|47/100 tox|[from] psn
|upkeep
|turn|39
|
|t:|1760419875
|move|p2a: Screen Goblin|Parting Shot|p1a: Corviknight
|-unboost|p1a: Corviknight|atk|1
|-unboost|p1a: Corviknight|spa|1
|
|t:|1760419877
|switch|p2a: Huh-Yunjin💋|Comfey, F|100/100|[from] Parting Shot
|move|p1a: Corviknight|Defog|p2a: Huh-Yunjin💋
|-unboost|p2a: Huh-Yunjin💋|evasion|1
|-sideend|p2: Obito 2001|Reflect
|-sideend|p1: Deadlyboogers1|Stealth Rock|[from] move: Defog|[of] p1a: Corviknight
|
|-weather|Snowscape|[upkeep]
|upkeep
|turn|40
|
|t:|1760419879
|move|p2a: Huh-Yunjin💋|Calm Mind|p2a: Huh-Yunjin💋
|-boost|p2a: Huh-Yunjin💋|spa|1
|-boost|p2a: Huh-Yunjin💋|spd|1
|move|p1a: Corviknight|U-turn|p2a: Huh-Yunjin💋
|-resisted|p2a: Huh-Yunjin💋
|-damage|p2a: Huh-Yunjin💋|94/100
|
|t:|1760419885
|switch|p1a: Dondozo|Dondozo, F|54/100|[from] U-turn
|
|-weather|none
|-heal|p1a: Dondozo|61/100|[from] item: Leftovers
|upkeep
|turn|41
|
|t:|1760419889
|move|p2a: Huh-Yunjin💋|Giga Drain|p1a: Dondozo
|-supereffective|p1a: Dondozo
|-damage|p1a: Dondozo|21/100
|-heal|p2a: Huh-Yunjin💋|100/100|[from] drain|[of] p1a: Dondozo
|move|p1a: Dondozo|Curse|p1a: Dondozo
|-unboost|p1a: Dondozo|spe|1
|-boost|p1a: Dondozo|atk|1
|-boost|p1a: Dondozo|def|1
|
|-heal|p1a: Dondozo|27/100|[from] item: Leftovers
|upkeep
|turn|42
|
|t:|1760419897
|switch|p1a: Slowking|Slowking-Galar, L99, F|100/100
|move|p2a: Huh-Yunjin💋|Giga Drain|p1a: Slowking
|-resisted|p1a: Slowking
|-damage|p1a: Slowking|92/100
|
|upkeep
|turn|43
|
|t:|1760419902
|switch|p2a: Screen Goblin|Grimmsnarl, M|47/100 tox
|move|p1a: Slowking|Toxic|p2a: Screen Goblin
|-fail|p2a: Screen Goblin|tox
|
|-damage|p2a: Screen Goblin|41/100 tox|[from] psn
|upkeep
|turn|44
|
|t:|1760419906
|move|p2a: Screen Goblin|Light Screen|p2a: Screen Goblin
|-sidestart|p2: Obito 2001|move: Light Screen
|-prepare|p1a: Slowking|Chilly Reception|[premajor]
|move|p1a: Slowking|Chilly Reception|p1a: Slowking
|-weather|Snowscape
|
|t:|1760419907
|switch|p1a: Corviknight|Corviknight, M|59/100|[from] Chilly Reception
|-ability|p1a: Corviknight|Pressure
|
|-weather|Snowscape|[upkeep]
|-damage|p2a: Screen Goblin|29/100 tox|[from] psn
|upkeep
|turn|45
|
|t:|1760419913
|move|p2a: Screen Goblin|Parting Shot|p1a: Corviknight
|-unboost|p1a: Corviknight|atk|1
|-unboost|p1a: Corviknight|spa|1
|
|t:|1760419916
|switch|p2a: Huh-Yunjin💋|Comfey, F|100/100|[from] Parting Shot
|move|p1a: Corviknight|Defog|p2a: Huh-Yunjin💋
|-unboost|p2a: Huh-Yunjin💋|evasion|1
|-sideend|p2: Obito 2001|move: Light Screen
|
|-weather|Snowscape|[upkeep]
|upkeep
|turn|46
|
|t:|1760419919
|move|p2a: Huh-Yunjin💋|Calm Mind|p2a: Huh-Yunjin💋
|-boost|p2a: Huh-Yunjin💋|spa|1
|-boost|p2a: Huh-Yunjin💋|spd|1
|move|p1a: Corviknight|U-turn|p2a: Huh-Yunjin💋
|-resisted|p2a: Huh-Yunjin💋
|-damage|p2a: Huh-Yunjin💋|95/100
|
|t:|1760419922
|switch|p1a: Slowking|Slowking-Galar, L99, F|100/100|[from] U-turn
|
|-weather|Snowscape|[upkeep]
|upkeep
|turn|47
|
|t:|1760419927
|switch|p2a: Screen Goblin|Grimmsnarl, M|29/100 tox
|move|p1a: Slowking|Toxic|p2a: Screen Goblin
|-fail|p2a: Screen Goblin|tox
|
|-weather|Snowscape|[upkeep]
|-damage|p2a: Screen Goblin|23/100 tox|[from] psn
|upkeep
|turn|48
|
|t:|1760419931
|move|p2a: Screen Goblin|Reflect|p2a: Screen Goblin
|-sidestart|p2: Obito 2001|Reflect
|move|p1a: Slowking|Future Sight|p2a: Screen Goblin
|-start|p1a: Slowking|move: Future Sight
|
|-weather|none
|-damage|p2a: Screen Goblin|11/100 tox|[from] psn
|upkeep
|turn|49
|l| KIRBY OF DA STARS
|
|t:|1760419934
|move|p2a: Screen Goblin|Light Screen|p2a: Screen Goblin
|-sidestart|p2: Obito 2001|move: Light Screen
|-prepare|p1a: Slowking|Chilly Reception|[premajor]
|move|p1a: Slowking|Chilly Reception|p1a: Slowking
|-weather|Snowscape
|
|t:|1760419936
|switch|p1a: Corviknight|Corviknight, M|59/100|[from] Chilly Reception
|-ability|p1a: Corviknight|Pressure
|
|-weather|Snowscape|[upkeep]
|-damage|p2a: Screen Goblin|0 fnt|[from] psn
|faint|p2a: Screen Goblin
|upkeep
|
|t:|1760419941
|switch|p2a: Huh-Yunjin💋|Comfey, F|95/100
|turn|50
|
|t:|1760419944
|move|p2a: Huh-Yunjin💋|Calm Mind|p2a: Huh-Yunjin💋
|-boost|p2a: Huh-Yunjin💋|spa|1
|-boost|p2a: Huh-Yunjin💋|spd|1
|move|p1a: Corviknight|U-turn|p2a: Huh-Yunjin💋
|-resisted|p2a: Huh-Yunjin💋
|-damage|p2a: Huh-Yunjin💋|90/100
|
|t:|1760419946
|switch|p1a: Slowking|Slowking-Galar, L99, F|100/100|[from] U-turn
|
|-weather|Snowscape|[upkeep]
|-end|p2a: Huh-Yunjin💋|move: Future Sight
|-damage|p2a: Huh-Yunjin💋|76/100
|upkeep
|turn|51
|
|t:|1760419949
|-terastallize|p2a: Huh-Yunjin💋|Steel
|move|p2a: Huh-Yunjin💋|Calm Mind|p2a: Huh-Yunjin💋
|-boost|p2a: Huh-Yunjin💋|spa|1
|-boost|p2a: Huh-Yunjin💋|spd|1
|move|p1a: Slowking|Toxic|p2a: Huh-Yunjin💋
|-immune|p2a: Huh-Yunjin💋
|
|-weather|Snowscape|[upkeep]
|upkeep
|turn|52
|
|t:|1760419953
|move|p2a: Huh-Yunjin💋|Calm Mind|p2a: Huh-Yunjin💋
|-boost|p2a: Huh-Yunjin💋|spa|1
|-boost|p2a: Huh-Yunjin💋|spd|1
|-prepare|p1a: Slowking|Chilly Reception|[premajor]
|move|p1a: Slowking|Chilly Reception|p1a: Slowking
|
|t:|1760419958
|switch|p1a: Corviknight|Corviknight, M|59/100|[from] Chilly Reception
|-ability|p1a: Corviknight|Pressure
|
|-weather|Snowscape|[upkeep]
|upkeep
|turn|53
|
|t:|1760419963
|move|p2a: Huh-Yunjin💋|Stored Power|p1a: Corviknight
|-resisted|p1a: Corviknight
|-damage|p1a: Corviknight|12/100
|move|p1a: Corviknight|Roost|p1a: Corviknight
|-heal|p1a: Corviknight|62/100
|-singleturn|p1a: Corviknight|move: Roost
|
|-weather|none
|upkeep
|turn|54
|
|t:|1760419966
|move|p2a: Huh-Yunjin💋|Calm Mind|p2a: Huh-Yunjin💋
|-boost|p2a: Huh-Yunjin💋|spa|1
|-boost|p2a: Huh-Yunjin💋|spd|1
|move|p1a: Corviknight|Roost|p1a: Corviknight
|-heal|p1a: Corviknight|100/100
|-singleturn|p1a: Corviknight|move: Roost
|
|upkeep
|turn|55
|
|t:|1760419968
|move|p2a: Huh-Yunjin💋|Calm Mind|p2a: Huh-Yunjin💋
|-boost|p2a: Huh-Yunjin💋|spa|1
|-boost|p2a: Huh-Yunjin💋|spd|1
|move|p1a: Corviknight|Defog|p2a: Huh-Yunjin💋
|-unboost|p2a: Huh-Yunjin💋|evasion|1
|-sideend|p2: Obito 2001|Reflect
|-sideend|p2: Obito 2001|move: Light Screen
|
|upkeep
|turn|56
|
|t:|1760419972
|move|p2a: Huh-Yunjin💋|Stored Power|p1a: Corviknight
|-resisted|p1a: Corviknight
|-damage|p1a: Corviknight|5/100
|move|p1a: Corviknight|Brave Bird|p2a: Huh-Yunjin💋
|-resisted|p2a: Huh-Yunjin💋
|-damage|p2a: Huh-Yunjin💋|55/100
|-damage|p1a: Corviknight|0 fnt|[from] Recoil
|faint|p1a: Corviknight
|
|upkeep
|j| Anxiety87
|
|t:|1760419986
|switch|p1a: Dondozo|Dondozo, F|27/100
|turn|57
|
|t:|1760419992
|-terastallize|p1a: Dondozo|Dark
|move|p2a: Huh-Yunjin💋|Stored Power|p1a: Dondozo
|-immune|p1a: Dondozo
|move|p1a: Dondozo|Rest|p1a: Dondozo
|-status|p1a: Dondozo|slp|[from] move: Rest
|-heal|p1a: Dondozo|100/100 slp|[silent]
|
|upkeep
|turn|58
|
|t:|1760419995
|move|p2a: Huh-Yunjin💋|Draining Kiss|p1a: Dondozo
|-supereffective|p1a: Dondozo
|-damage|p1a: Dondozo|56/100 slp
|-heal|p2a: Huh-Yunjin💋|100/100|[from] drain|[of] p1a: Dondozo
|cant|p1a: Dondozo|slp
|
|-heal|p1a: Dondozo|63/100 slp|[from] item: Leftovers
|upkeep
|turn|59
|
|t:|1760419998
|switch|p1a: Slowking|Slowking-Galar, L99, F|100/100
|move|p2a: Huh-Yunjin💋|Draining Kiss|p1a: Slowking
|-resisted|p1a: Slowking
|-damage|p1a: Slowking|77/100
|
|upkeep
|turn|60
|
|t:|1760420001
|switch|p1a: Dondozo|Dondozo, F, tera:Dark|63/100 slp
|move|p2a: Huh-Yunjin💋|Stored Power|p1a: Dondozo
|-immune|p1a: Dondozo
|
|-heal|p1a: Dondozo|69/100 slp|[from] item: Leftovers
|upkeep
|turn|61
|
|t:|1760420004
|switch|p1a: Slowking|Slowking-Galar, L99, F|100/100
|move|p2a: Huh-Yunjin💋|Draining Kiss|p1a: Slowking
|-resisted|p1a: Slowking
|-damage|p1a: Slowking|80/100
|
|upkeep
|turn|62
|
|t:|1760420007
|move|p2a: Huh-Yunjin💋|Calm Mind|p2a: Huh-Yunjin💋
|-boost|p2a: Huh-Yunjin💋|spa|1
|-boost|p2a: Huh-Yunjin💋|spd|1
|-prepare|p1a: Slowking|Chilly Reception|[premajor]
|move|p1a: Slowking|Chilly Reception|p1a: Slowking
|-weather|Snowscape
|
|t:|1760420009
|switch|p1a: Dondozo|Dondozo, F, tera:Dark|69/100 slp|[from] Chilly Reception
|
|-weather|Snowscape|[upkeep]
|-heal|p1a: Dondozo|75/100 slp|[from] item: Leftovers
|upkeep
|turn|63
|
|t:|1760420021
|switch|p1a: Ting-Lu|Ting-Lu|74/100
|-ability|p1a: Ting-Lu|Vessel of Ruin
|move|p2a: Huh-Yunjin💋|Draining Kiss|p1a: Ting-Lu
|-supereffective|p1a: Ting-Lu
|-damage|p1a: Ting-Lu|7/100
|
|-weather|Snowscape|[upkeep]
|-heal|p1a: Ting-Lu|14/100|[from] item: Leftovers
|upkeep
|turn|64
|
|t:|1760420026
|move|p2a: Huh-Yunjin💋|Giga Drain|p1a: Ting-Lu
|-supereffective|p1a: Ting-Lu
|-damage|p1a: Ting-Lu|0 fnt
|faint|p1a: Ting-Lu
|
|-weather|Snowscape|[upkeep]
|upkeep
|
|t:|1760420029
|switch|p1a: Slowking|Slowking-Galar, L99, F|100/100
|turn|65
|
|t:|1760420033
|move|p2a: Huh-Yunjin💋|Draining Kiss|p1a: Slowking
|-resisted|p1a: Slowking
|-damage|p1a: Slowking|77/100
|-prepare|p1a: Slowking|Chilly Reception|[premajor]
|move|p1a: Slowking|Chilly Reception|p1a: Slowking
|
|t:|1760420036
|switch|p1a: Dondozo|Dondozo, F, tera:Dark|75/100 slp|[from] Chilly Reception
|
|-weather|Snowscape|[upkeep]
|-heal|p1a: Dondozo|81/100 slp|[from] item: Leftovers
|upkeep
|turn|66
|
|t:|1760420039
|move|p2a: Huh-Yunjin💋|Draining Kiss|p1a: Dondozo
|-supereffective|p1a: Dondozo
|-damage|p1a: Dondozo|39/100 slp
|cant|p1a: Dondozo|slp
|
|-weather|none
|-heal|p1a: Dondozo|45/100 slp|[from] item: Leftovers
|upkeep
|turn|67
|
|t:|1760420045
|move|p2a: Huh-Yunjin💋|Draining Kiss|p1a: Dondozo
|-supereffective|p1a: Dondozo
|-damage|p1a: Dondozo|2/100 slp
|-curestatus|p1a: Dondozo|slp|[msg]
|move|p1a: Dondozo|Body Press|p2a: Huh-Yunjin💋
|-supereffective|p2a: Huh-Yunjin💋
|-damage|p2a: Huh-Yunjin💋|36/100
|
|-heal|p1a: Dondozo|8/100|[from] item: Leftovers
|upkeep
|turn|68
|
|t:|1760420049
|switch|p1a: Slowking|Slowking-Galar, L99, F|100/100
|move|p2a: Huh-Yunjin💋|Giga Drain|p1a: Slowking
|-resisted|p1a: Slowking
|-damage|p1a: Slowking|75/100
|-heal|p2a: Huh-Yunjin💋|52/100|[from] drain|[of] p1a: Slowking
|
|upkeep
|turn|69
|
|t:|1760420052
|move|p2a: Huh-Yunjin💋|Stored Power|p1a: Slowking
|-damage|p1a: Slowking|0 fnt
|faint|p1a: Slowking
|
|upkeep
|
|t:|1760420055
|switch|p1a: Kyurem|Kyurem|54/100
|-ability|p1a: Kyurem|Pressure
|turn|70
|
|t:|1760420060
|move|p1a: Kyurem|Earth Power|p2a: Huh-Yunjin💋
|-supereffective|p2a: Huh-Yunjin💋
|-damage|p2a: Huh-Yunjin💋|37/100
|move|p2a: Huh-Yunjin💋|Stored Power|p1a: Kyurem
|-damage|p1a: Kyurem|0 fnt
|faint|p1a: Kyurem
|
|upkeep
|-message|Deadlyboogers1 forfeited.
|
|win|Obito 2001
|raw|Deadlyboogers1's rating: 1696 &rarr; <strong>1682</strong><br />(-14 for losing)
|raw|Obito 2001's rating: 1796 &rarr; <strong>1810</strong><br />(+14 for winning)
|l|☆Deadlyboogers1
|player|p1|
