|j|☆abGodc
|j|☆stariaki
|t:|1760454732
|gametype|singles
|player|p1|abGodc|iris-gen5bw2|1732
|player|p2|stariaki|266|1784
|gen|9
|tier|[Gen 9] OU
|rated|
|rule|HP Percentage Mod: HP is shown in percentages
|rule|Endless Battle Clause: Forcing endless battles is banned
|rule|Species Clause: Limit one of each Pokémon
|rule|OHKO Clause: OHKO moves are banned
|rule|Evasion Items Clause: Evasion items are banned
|rule|Evasion Moves Clause: Evasion moves are banned
|rule|Evasion Abilities Clause: Evasion abilities are banned
|rule|Sleep Moves Clause: Sleep-inducing moves are banned
|clearpoke
|poke|p1|Dragapult, M|
|poke|p1|Ogerpon-Wellspring, F|
|poke|p1|Zamazenta-*|
|poke|p1|Clefable, F|
|poke|p1|Corviknight, F|
|poke|p1|Ting-Lu|
|poke|p2|Polteageist|
|poke|p2|Scizor, F|
|poke|p2|Dragonite, F|
|poke|p2|Great Tusk|
|poke|p2|Cinderace, F|
|poke|p2|Alomomola, F|
|teampreview
|inactive|Battle timer is ON: inactive players will automatically lose when time's up. (requested by abGodc)
|
|t:|1760454742
|teamsize|p1|6
|teamsize|p2|6
|start
|switch|p1a: Dragapult|Dragapult, M|100/100
|switch|p2a: Scizor|Scizor, F|100/100
|turn|1
|
|t:|1760454746
|move|p1a: Dragapult|Flamethrower|p2a: Scizor
|-supereffective|p2a: Scizor
|-damage|p2a: Scizor|0 fnt
|faint|p2a: Scizor
|
|upkeep
|
|t:|1760454749
|switch|p2a: Dragonite|Dragonite, F|100/100
|turn|2
|
|t:|1760454756
|switch|p1a: Clefable|Clefable, F|100/100
|move|p2a: Dragonite|Dragon Dance|p2a: Dragonite
|-boost|p2a: Dragonite|atk|1
|-boost|p2a: Dragonite|spe|1
|
|upkeep
|turn|3
|
|t:|1760454761
|-terastallize|p2a: Dragonite|Steel
|move|p2a: Dragonite|Dragon Dance|p2a: Dragonite
|-boost|p2a: Dragonite|atk|1
|-boost|p2a: Dragonite|spe|1
|move|p1a: Clefable|Moonblast|p2a: Dragonite
|-resisted|p2a: Dragonite
|-damage|p2a: Dragonite|94/100
|
|-heal|p2a: Dragonite|99/100|[from] item: Leftovers
|upkeep
|turn|4
|
|t:|1760454765
|move|p2a: Dragonite|Earthquake|p1a: Clefable
|-damage|p1a: Clefable|26/100
|move|p1a: Clefable|Thunder Wave|p2a: Dragonite
|-status|p2a: Dragonite|par
|
|-heal|p2a: Dragonite|100/100 par|[from] item: Leftovers
|upkeep
|turn|5
|
|t:|1760454769
|switch|p1a: Corviknight|Corviknight, F|100/100
|-ability|p1a: Corviknight|Pressure
|move|p2a: Dragonite|Dragon Dance|p2a: Dragonite
|-boost|p2a: Dragonite|atk|1
|-boost|p2a: Dragonite|spe|1
|
|upkeep
|turn|6
|
|t:|1760454773
|move|p2a: Dragonite|Ice Spinner|p1a: Corviknight
|-damage|p1a: Corviknight|58/100
|-damage|p2a: Dragonite|84/100 par|[from] item: Rocky Helmet|[of] p1a: Corviknight
|move|p1a: Corviknight|Iron Defense|p1a: Corviknight
|-boost|p1a: Corviknight|def|2
|
|-heal|p2a: Dragonite|90/100 par|[from] item: Leftovers
|upkeep
|turn|7
|
|t:|1760454776
|switch|p2a: Polteageist|Polteageist|100/100
|move|p1a: Corviknight|Roost|p1a: Corviknight
|-heal|p1a: Corviknight|100/100
|-singleturn|p1a: Corviknight|move: Roost
|
|upkeep
|turn|8
|
|t:|1760454781
|switch|p2a: Great Tusk|Great Tusk|100/100
|switch|p1a: Ting-Lu|Ting-Lu|100/100
|-ability|p1a: Ting-Lu|Vessel of Ruin
|
|upkeep
|turn|9
|
|t:|1760454784
|move|p2a: Great Tusk|Ice Spinner|p1a: Ting-Lu
|-supereffective|p1a: Ting-Lu
|-damage|p1a: Ting-Lu|69/100
|move|p1a: Ting-Lu|Ruination|p2a: Great Tusk|[miss]
|-miss|p1a: Ting-Lu|p2a: Great Tusk
|
|upkeep
|turn|10
|
|t:|1760454788
|switch|p1a: Clefable|Clefable, F|26/100
|move|p2a: Great Tusk|Close Combat|p1a: Clefable
|-resisted|p1a: Clefable
|-damage|p1a: Clefable|0 fnt
|-unboost|p2a: Great Tusk|def|1
|-unboost|p2a: Great Tusk|spd|1
|-damage|p2a: Great Tusk|84/100|[from] item: Rocky Helmet|[of] p1a: Clefable
|faint|p1a: Clefable
|
|upkeep
|
|t:|1760454790
|switch|p1a: Dragapult|Dragapult, M|100/100
|turn|11
|
|t:|1760454792
|-end|p2a: Great Tusk|Protosynthesis|[silent]
|switch|p2a: Alomomola|Alomomola, F|100/100
|move|p1a: Dragapult|Shadow Ball|p2a: Alomomola
|-damage|p2a: Alomomola|37/100
|
|upkeep
|turn|12
|
|t:|1760454796
|switch|p2a: Great Tusk|Great Tusk|84/100
|move|p1a: Dragapult|Shadow Ball|p2a: Great Tusk
|-damage|p2a: Great Tusk|43/100
|
|upkeep
|turn|13
|
|t:|1760454799
|move|p1a: Dragapult|Shadow Ball|p2a: Great Tusk
|-crit|p2a: Great Tusk
|-damage|p2a: Great Tusk|0 fnt
|faint|p2a: Great Tusk
|-end|p2a: Great Tusk|Protosynthesis|[silent]
|
|upkeep
|
|t:|1760454803
|switch|p2a: Cinderace|Cinderace, F|100/100
|turn|14
|
|t:|1760454813
|-terastallize|p1a: Dragapult|Ghost
|move|p1a: Dragapult|Shadow Ball|p2a: Cinderace
|-damage|p2a: Cinderace|3/100
|move|p2a: Cinderace|U-turn|p1a: Dragapult
|-resisted|p1a: Dragapult
|-damage|p1a: Dragapult|86/100
|
|t:|1760454821
|switch|p2a: Polteageist|Polteageist|100/100|[from] U-turn
|
|upkeep
|turn|15
|
|t:|1760454824
|switch|p1a: Ting-Lu|Ting-Lu|69/100
|-ability|p1a: Ting-Lu|Vessel of Ruin
|move|p2a: Polteageist|Shell Smash|p2a: Polteageist
|-unboost|p2a: Polteageist|def|1
|-unboost|p2a: Polteageist|spd|1
|-boost|p2a: Polteageist|atk|2
|-boost|p2a: Polteageist|spa|2
|-boost|p2a: Polteageist|spe|2
|
|upkeep
|turn|16
|
|t:|1760454828
|switch|p2a: Alomomola|Alomomola, F|71/100
|move|p1a: Ting-Lu|Ruination|p2a: Alomomola
|-damage|p2a: Alomomola|36/100
|
|upkeep
|turn|17
|
|t:|1760454833
|move|p1a: Ting-Lu|Earthquake|p2a: Alomomola
|-damage|p2a: Alomomola|15/100
|move|p2a: Alomomola|Wish|p2a: Alomomola
|
|upkeep
|turn|18
|
|t:|1760454838
|move|p1a: Ting-Lu|Earthquake|p2a: Alomomola
|-damage|p2a: Alomomola|0 fnt
|faint|p2a: Alomomola
|
|upkeep
|
|t:|1760454843
|switch|p2a: Cinderace|Cinderace, F|3/100
|turn|19
|
|t:|1760454847
|move|p2a: Cinderace|Pyro Ball|p1a: Ting-Lu
|-damage|p1a: Ting-Lu|25/100
|move|p1a: Ting-Lu|Earthquake|p2a: Cinderace
|-supereffective|p2a: Cinderace
|-damage|p2a: Cinderace|0 fnt
|faint|p2a: Cinderace
|
|upkeep
|
|t:|1760454863
|switch|p2a: Polteageist|Polteageist|100/100
|turn|20
|
|t:|1760454866
|move|p2a: Polteageist|Shell Smash|p2a: Polteageist
|-unboost|p2a: Polteageist|def|1
|-unboost|p2a: Polteageist|spd|1
|-boost|p2a: Polteageist|atk|2
|-boost|p2a: Polteageist|spa|2
|-boost|p2a: Polteageist|spe|2
|move|p1a: Ting-Lu|Earthquake|p2a: Polteageist
|-enditem|p2a: Polteageist|Focus Sash
|-damage|p2a: Polteageist|1/100
|-ability|p2a: Polteageist|Weak Armor|boost
|-unboost|p2a: Polteageist|def|1
|-boost|p2a: Polteageist|spe|2
|
|upkeep
|turn|21
|
|t:|1760454868
|move|p2a: Polteageist|Tera Blast|p1a: Ting-Lu
|-damage|p1a: Ting-Lu|7/100
|move|p1a: Ting-Lu|Earthquake|p2a: Polteageist
|-damage|p2a: Polteageist|0 fnt
|faint|p2a: Polteageist
|
|upkeep
|
|t:|1760454873
|switch|p2a: Dragonite|Dragonite, F, tera:Steel|90/100 par
|turn|22
|
|t:|1760454874
|move|p2a: Dragonite|Earthquake|p1a: Ting-Lu
|-damage|p1a: Ting-Lu|0 fnt
|faint|p1a: Ting-Lu
|
|-heal|p2a: Dragonite|96/100 par|[from] item: Leftovers
|upkeep
|
|t:|1760454878
|switch|p1a: Zamazenta|Zamazenta|100/100
|-ability|p1a: Zamazenta|Dauntless Shield|boost
|-boost|p1a: Zamazenta|def|1
|turn|23
|-message|stariaki forfeited.
|
|win|abGodc
|raw|abGodc's rating: 1732 &rarr; <strong>1755</strong><br />(+23 for winning)
|raw|stariaki's rating: 1784 &rarr; <strong>1761</strong><br />(-23 for losing)
|l|☆stariaki
|player|p2|
|l|☆abGodc
|player|p1|
