|j|☆mightynoctowl
|j|☆Annoxia
|t:|1760322853
|gametype|singles
|player|p1|mightynoctowl|hilbert-wonderlauncher|1150
|player|p2|Annoxia|caitlin|1225
|gen|9
|tier|[Gen 9] OU
|rated|
|rule|HP Percentage Mod: HP is shown in percentages
|rule|Endless Battle Clause: Forcing endless battles is banned
|rule|Species Clause: Limit one of each Pokémon
|rule|OHKO Clause: OHKO moves are banned
|rule|Evasion Items Clause: Evasion items are banned
|rule|Evasion Moves Clause: Evasion moves are banned
|rule|Evasion Abilities Clause: Evasion abilities are banned
|rule|Sleep Moves Clause: Sleep-inducing moves are banned
|clearpoke
|poke|p1|Moltres|
|poke|p1|Chansey, F|
|poke|p1|Clefable, F|
|poke|p1|Blastoise, F|
|poke|p1|Sandslash, M|
|poke|p1|Vileplume, F|
|poke|p2|Hydrapple, F|
|poke|p2|Iron Crown|
|poke|p2|Gholdengo|
|poke|p2|Ribombee, M|
|poke|p2|Ogerpon-Wellspring, F|
|poke|p2|Scizor, F|
|teampreview
|inactive|Battle timer is ON: inactive players will automatically lose when time's up. (requested by mightynoctowl)
|
|t:|1760322866
|teamsize|p1|6
|teamsize|p2|6
|start
|switch|p1a: Sandslash|Sandslash, M|100/100
|switch|p2a: Ogerpon|Ogerpon-Wellspring, F|100/100
|turn|1
|
|t:|1760322879
|switch|p1a: Vileplume|Vileplume, F|100/100
|move|p2a: Ogerpon|U-turn|p1a: Vileplume
|-damage|p1a: Vileplume|77/100
|
|t:|1760322888
|switch|p2a: Iron Crown|Iron Crown|100/100|[from] U-turn
|
|-heal|p1a: Vileplume|83/100|[from] item: Leftovers
|upkeep
|turn|2
|
|t:|1760322896
|switch|p1a: Chansey|Chansey, F|100/100
|move|p2a: Iron Crown|Future Sight|p1a: Chansey
|-start|p2a: Iron Crown|move: Future Sight
|
|upkeep
|turn|3
|
|t:|1760322899
|move|p2a: Iron Crown|Volt Switch|p1a: Chansey
|-damage|p1a: Chansey|94/100
|
|t:|1760322905
|-end|p2a: Iron Crown|Quark Drive|[silent]
|switch|p2a: Ribombee|Ribombee, M|100/100|[from] Volt Switch
|move|p1a: Chansey|Stealth Rock|p2a: Ribombee
|-sidestart|p2: Annoxia|move: Stealth Rock
|
|upkeep
|turn|4
|
|t:|1760322912
|move|p2a: Ribombee|Quiver Dance|p2a: Ribombee
|-boost|p2a: Ribombee|spa|1
|-boost|p2a: Ribombee|spd|1
|-boost|p2a: Ribombee|spe|1
|move|p1a: Chansey|Thunder Wave|p2a: Ribombee
|-status|p2a: Ribombee|par
|
|-end|p1a: Chansey|move: Future Sight
|-damage|p1a: Chansey|77/100
|upkeep
|turn|5
|
|t:|1760322919
|move|p2a: Ribombee|Quiver Dance|p2a: Ribombee
|-boost|p2a: Ribombee|spa|1
|-boost|p2a: Ribombee|spd|1
|-boost|p2a: Ribombee|spe|1
|move|p1a: Chansey|Seismic Toss|p2a: Ribombee
|-damage|p2a: Ribombee|62/100 par
|
|upkeep
|turn|6
|
|t:|1760322933
|cant|p2a: Ribombee|par
|move|p1a: Chansey|Seismic Toss|p2a: Ribombee
|-damage|p2a: Ribombee|24/100 par
|
|upkeep
|turn|7
|
|t:|1760322938
|move|p2a: Ribombee|Bug Buzz|p1a: Chansey
|-damage|p1a: Chansey|52/100
|move|p1a: Chansey|Seismic Toss|p2a: Ribombee
|-damage|p2a: Ribombee|0 fnt
|faint|p2a: Ribombee
|
|upkeep
|
|t:|1760322946
|switch|p2a: Ogerpon|Ogerpon-Wellspring, F|100/100
|-damage|p2a: Ogerpon|88/100|[from] Stealth Rock
|turn|8
|
|t:|1760322955
|switch|p1a: Vileplume|Vileplume, F|83/100
|move|p2a: Ogerpon|U-turn|p1a: Vileplume
|-damage|p1a: Vileplume|60/100
|
|t:|1760322963
|switch|p2a: Gholdengo|Gholdengo|100/100|[from] U-turn
|-damage|p2a: Gholdengo|94/100|[from] Stealth Rock
|-item|p2a: Gholdengo|Air Balloon
|
|-heal|p1a: Vileplume|66/100|[from] item: Leftovers
|upkeep
|turn|9
|
|t:|1760322977
|move|p2a: Gholdengo|Nasty Plot|p2a: Gholdengo
|-boost|p2a: Gholdengo|spa|2
|move|p1a: Vileplume|Leech Seed|p2a: Gholdengo
|-immune|p2a: Gholdengo|[from] ability: Good as Gold
|
|-heal|p1a: Vileplume|73/100|[from] item: Leftovers
|upkeep
|turn|10
|
|t:|1760322994
|switch|p1a: Moltres|Moltres|100/100
|move|p2a: Gholdengo|Make It Rain|p1a: Moltres
|-resisted|p1a: Moltres
|-damage|p1a: Moltres|33/100
|-unboost|p2a: Gholdengo|spa|1
|
|upkeep
|turn|11
|
|t:|1760323003
|switch|p2a: Hydrapple|Hydrapple, F|100/100
|move|p1a: Moltres|Flamethrower|p2a: Hydrapple
|-damage|p2a: Hydrapple|61/100
|
|upkeep
|turn|12
|
|t:|1760323010
|move|p1a: Moltres|U-turn|p2a: Hydrapple
|-supereffective|p2a: Hydrapple
|-damage|p2a: Hydrapple|40/100
|
|t:|1760323018
|switch|p1a: Clefable|Clefable, F|100/100|[from] U-turn
|move|p2a: Hydrapple|Fickle Beam|p1a: Clefable
|-immune|p1a: Clefable
|
|upkeep
|turn|13
|
|t:|1760323024
|switch|p2a: Gholdengo|Gholdengo|94/100
|-damage|p2a: Gholdengo|88/100|[from] Stealth Rock
|-item|p2a: Gholdengo|Air Balloon
|move|p1a: Clefable|Knock Off|p2a: Gholdengo
|-supereffective|p2a: Gholdengo
|-damage|p2a: Gholdengo|54/100
|-enditem|p2a: Gholdengo|Air Balloon
|
|upkeep
|turn|14
|
|t:|1760323045
|-terastallize|p1a: Clefable|Poison
|move|p2a: Gholdengo|Make It Rain|p1a: Clefable
|-damage|p1a: Clefable|39/100
|-unboost|p2a: Gholdengo|spa|1
|move|p1a: Clefable|Calm Mind|p1a: Clefable
|-boost|p1a: Clefable|spa|1
|-boost|p1a: Clefable|spd|1
|
|-heal|p1a: Clefable|45/100|[from] item: Leftovers
|upkeep
|turn|15
|
|t:|1760323054
|move|p2a: Gholdengo|Nasty Plot|p2a: Gholdengo
|-boost|p2a: Gholdengo|spa|2
|move|p1a: Clefable|Moonlight|p1a: Clefable
|-heal|p1a: Clefable|95/100
|
|-heal|p1a: Clefable|100/100|[from] item: Leftovers
|upkeep
|turn|16
|
|t:|1760323057
|move|p2a: Gholdengo|Nasty Plot|p2a: Gholdengo
|-boost|p2a: Gholdengo|spa|2
|move|p1a: Clefable|Knock Off|p2a: Gholdengo
|-supereffective|p2a: Gholdengo
|-damage|p2a: Gholdengo|28/100
|
|upkeep
|turn|17
|
|t:|1760323065
|move|p2a: Gholdengo|Make It Rain|p1a: Clefable
|-damage|p1a: Clefable|57/100
|-unboost|p2a: Gholdengo|spa|1
|move|p1a: Clefable|Knock Off|p2a: Gholdengo
|-supereffective|p2a: Gholdengo
|-damage|p2a: Gholdengo|5/100
|
|-heal|p1a: Clefable|63/100|[from] item: Leftovers
|upkeep
|turn|18
|
|t:|1760323079
|move|p2a: Gholdengo|Make It Rain|p1a: Clefable
|-damage|p1a: Clefable|22/100
|-unboost|p2a: Gholdengo|spa|1
|move|p1a: Clefable|Knock Off|p2a: Gholdengo
|-supereffective|p2a: Gholdengo
|-damage|p2a: Gholdengo|0 fnt
|faint|p2a: Gholdengo
|
|-heal|p1a: Clefable|28/100|[from] item: Leftovers
|upkeep
|
|t:|1760323088
|switch|p2a: Ogerpon|Ogerpon-Wellspring, F|88/100
|-damage|p2a: Ogerpon|76/100|[from] Stealth Rock
|turn|19
|
|t:|1760323093
|switch|p1a: Vileplume|Vileplume, F|73/100
|-terastallize|p2a: Ogerpon|Water
|detailschange|p2a: Ogerpon|Ogerpon-Wellspring-Tera, F, tera:Water
|-ability|p2a: Ogerpon|Embody Aspect (Wellspring)|boost
|-boost|p2a: Ogerpon|spd|1
|move|p2a: Ogerpon|Ivy Cudgel|p1a: Vileplume|[anim] Ivy Cudgel Water
|-resisted|p1a: Vileplume
|-damage|p1a: Vileplume|41/100
|
|-heal|p1a: Vileplume|47/100|[from] item: Leftovers
|upkeep
|turn|20
|
|t:|1760323102
|move|p2a: Ogerpon|U-turn|p1a: Vileplume
|-damage|p1a: Vileplume|24/100
|
|t:|1760323105
|switch|p2a: Scizor|Scizor, F|100/100|[from] U-turn
|move|p1a: Vileplume|Giga Drain|p2a: Scizor
|-resisted|p2a: Scizor
|-damage|p2a: Scizor|92/100
|-heal|p1a: Vileplume|28/100|[from] drain|[of] p2a: Scizor
|
|-heal|p1a: Vileplume|35/100|[from] item: Leftovers
|upkeep
|turn|21
|
|t:|1760323113
|switch|p1a: Moltres|Moltres|33/100
|move|p2a: Scizor|Swords Dance|p2a: Scizor
|-boost|p2a: Scizor|atk|2
|
|upkeep
|turn|22
|
|t:|1760323118
|move|p2a: Scizor|Bullet Punch|p1a: Moltres
|-resisted|p1a: Moltres
|-damage|p1a: Moltres|9/100
|move|p1a: Moltres|Roost|p1a: Moltres
|-heal|p1a: Moltres|59/100
|-singleturn|p1a: Moltres|move: Roost
|
|upkeep
|turn|23
|
|t:|1760323124
|switch|p2a: Hydrapple|Hydrapple, F|73/100
|move|p1a: Moltres|Roost|p1a: Moltres
|-heal|p1a: Moltres|100/100
|-singleturn|p1a: Moltres|move: Roost
|
|upkeep
|turn|24
|
|t:|1760323129
|move|p1a: Moltres|U-turn|p2a: Hydrapple
|-supereffective|p2a: Hydrapple
|-damage|p2a: Hydrapple|52/100
|
|t:|1760323132
|switch|p1a: Chansey|Chansey, F|52/100|[from] U-turn
|move|p2a: Hydrapple|Nasty Plot|p2a: Hydrapple
|-boost|p2a: Hydrapple|spa|2
|
|upkeep
|turn|25
|
|t:|1760323139
|move|p1a: Chansey|Thunder Wave|p2a: Hydrapple
|-status|p2a: Hydrapple|par
|move|p2a: Hydrapple|Giga Drain|p1a: Chansey
|-damage|p1a: Chansey|28/100
|-heal|p2a: Hydrapple|71/100 par|[from] drain|[of] p1a: Chansey
|
|upkeep
|turn|26
|
|t:|1760323146
|move|p1a: Chansey|Soft-Boiled|p1a: Chansey
|-heal|p1a: Chansey|78/100
|cant|p2a: Hydrapple|par
|
|upkeep
|turn|27
|
|t:|1760323150
|switch|p1a: Clefable|Clefable, F, tera:Poison|28/100
|move|p2a: Hydrapple|Nasty Plot|p2a: Hydrapple
|-boost|p2a: Hydrapple|spa|2
|
|-heal|p1a: Clefable|35/100|[from] item: Leftovers
|upkeep
|turn|28
|
|t:|1760323154
|move|p1a: Clefable|Moonlight|p1a: Clefable
|-heal|p1a: Clefable|85/100
|move|p2a: Hydrapple|Earth Power|p1a: Clefable
|-supereffective|p1a: Clefable
|-damage|p1a: Clefable|22/100
|
|-heal|p1a: Clefable|28/100|[from] item: Leftovers
|upkeep
|turn|29
|
|t:|1760323161
|move|p1a: Clefable|Moonblast|p2a: Hydrapple
|-supereffective|p2a: Hydrapple
|-damage|p2a: Hydrapple|9/100 par
|move|p2a: Hydrapple|Earth Power|p1a: Clefable
|-supereffective|p1a: Clefable
|-damage|p1a: Clefable|0 fnt
|faint|p1a: Clefable
|
|upkeep
|
|t:|1760323170
|switch|p1a: Moltres|Moltres|100/100
|turn|30
|
|t:|1760323172
|move|p1a: Moltres|Flamethrower|p2a: Hydrapple
|-damage|p2a: Hydrapple|0 fnt
|faint|p2a: Hydrapple
|
|upkeep
|
|t:|1760323174
|switch|p2a: Ogerpon|Ogerpon-Wellspring-Tera, F, tera:Water|76/100
|-damage|p2a: Ogerpon|64/100|[from] Stealth Rock
|-ability|p2a: Ogerpon|Embody Aspect (Wellspring)|boost
|-boost|p2a: Ogerpon|spd|1
|turn|31
|
|t:|1760323180
|switch|p1a: Vileplume|Vileplume, F|35/100
|move|p2a: Ogerpon|Ivy Cudgel|p1a: Vileplume|[anim] Ivy Cudgel Water
|-resisted|p1a: Vileplume
|-damage|p1a: Vileplume|0 fnt
|faint|p1a: Vileplume
|
|upkeep
|
|t:|1760323192
|switch|p1a: Blastoise|Blastoise, F|100/100
|turn|32
|
|t:|1760323201
|move|p2a: Ogerpon|U-turn|p1a: Blastoise
|-damage|p1a: Blastoise|67/100
|
|t:|1760323203
|switch|p2a: Iron Crown|Iron Crown|100/100|[from] U-turn
|-damage|p2a: Iron Crown|94/100|[from] Stealth Rock
|move|p1a: Blastoise|Shell Smash|p1a: Blastoise
|-unboost|p1a: Blastoise|def|1
|-unboost|p1a: Blastoise|spd|1
|-boost|p1a: Blastoise|atk|2
|-boost|p1a: Blastoise|spa|2
|-boost|p1a: Blastoise|spe|2
|-enditem|p1a: Blastoise|White Herb
|-clearnegativeboost|p1a: Blastoise|[silent]
|
|-heal|p2a: Iron Crown|100/100|[from] item: Leftovers
|upkeep
|turn|33
|
|t:|1760323212
|move|p1a: Blastoise|Surf|p2a: Iron Crown
|-damage|p2a: Iron Crown|28/100
|move|p2a: Iron Crown|Future Sight|p1a: Blastoise
|-start|p2a: Iron Crown|move: Future Sight
|
|-heal|p2a: Iron Crown|34/100|[from] item: Leftovers
|upkeep
|turn|34
|
|t:|1760323217
|move|p1a: Blastoise|Surf|p2a: Iron Crown
|-damage|p2a: Iron Crown|0 fnt
|faint|p2a: Iron Crown
|-end|p2a: Iron Crown|Quark Drive|[silent]
|
|upkeep
|
|t:|1760323229
|switch|p2a: Scizor|Scizor, F|92/100
|turn|35
|
|t:|1760323235
|move|p2a: Scizor|Bullet Punch|p1a: Blastoise
|-resisted|p1a: Blastoise
|-damage|p1a: Blastoise|48/100
|move|p1a: Blastoise|Surf|p2a: Scizor
|-damage|p2a: Scizor|4/100
|
|-end|p1a: Blastoise|move: Future Sight
|-damage|p1a: Blastoise|0 fnt
|faint|p1a: Blastoise
|upkeep
|
|t:|1760323243
|switch|p1a: Moltres|Moltres|100/100
|turn|36
|
|t:|1760323247
|move|p2a: Scizor|Bullet Punch|p1a: Moltres
|-resisted|p1a: Moltres
|-damage|p1a: Moltres|88/100
|move|p1a: Moltres|Flamethrower|p2a: Scizor
|-supereffective|p2a: Scizor
|-damage|p2a: Scizor|0 fnt
|faint|p2a: Scizor
|
|upkeep
|
|t:|1760323250
|switch|p2a: Ogerpon|Ogerpon-Wellspring-Tera, F, tera:Water|64/100
|-damage|p2a: Ogerpon|51/100|[from] Stealth Rock
|-ability|p2a: Ogerpon|Embody Aspect (Wellspring)|boost
|-boost|p2a: Ogerpon|spd|1
|turn|37
|
|t:|1760323255
|move|p2a: Ogerpon|Ivy Cudgel|p1a: Moltres|[anim] Ivy Cudgel Water
|-supereffective|p1a: Moltres
|-crit|p1a: Moltres
|-damage|p1a: Moltres|0 fnt
|faint|p1a: Moltres
|
|upkeep
|
|t:|1760323260
|switch|p1a: Chansey|Chansey, F|78/100
|turn|38
|
|t:|1760323264
|move|p2a: Ogerpon|Ivy Cudgel|p1a: Chansey|[anim] Ivy Cudgel Water
|-crit|p1a: Chansey
|-damage|p1a: Chansey|0 fnt
|faint|p1a: Chansey
|
|upkeep
|
|t:|1760323270
|switch|p1a: Sandslash|Sandslash, M|100/100
|turn|39
|
|t:|1760323274
|move|p2a: Ogerpon|Ivy Cudgel|p1a: Sandslash|[anim] Ivy Cudgel Water
|-supereffective|p1a: Sandslash
|-damage|p1a: Sandslash|0 fnt
|faint|p1a: Sandslash
|
|win|Annoxia
|raw|mightynoctowl's rating: 1150 &rarr; <strong>1130</strong><br />(-20 for losing)
|raw|Annoxia's rating: 1225 &rarr; <strong>1245</strong><br />(+20 for winning)
|l|☆mightynoctowl
|player|p1|
