|j|☆Slaw Goodman
|j|☆mattfrano0101
|t:|1760320690
|gametype|singles
|player|p1|Slaw Goodman|cynthia|1308
|player|p2|mattfrano0101|265|1248
|gen|9
|tier|[Gen 9] OU
|rated|
|rule|HP Percentage Mod: HP is shown in percentages
|rule|Endless Battle Clause: Forcing endless battles is banned
|rule|Species Clause: Limit one of each Pokémon
|rule|OHKO Clause: OHKO moves are banned
|rule|Evasion Items Clause: Evasion items are banned
|rule|Evasion Moves Clause: Evasion moves are banned
|rule|Evasion Abilities Clause: Evasion abilities are banned
|rule|Sleep Moves Clause: Sleep-inducing moves are banned
|clearpoke
|poke|p1|Araquanid, M|
|poke|p1|Kyurem|
|poke|p1|Gholdengo|
|poke|p1|Enamorus, F|
|poke|p1|Great Tusk|
|poke|p1|Pecharunt|
|poke|p2|Greedent, M|
|poke|p2|Bisharp, F|
|poke|p2|Munkidori, M|
|poke|p2|Lycanroc, F|
|poke|p2|Granbull, F|
|poke|p2|Zapdos-Galar|
|teampreview
|inactive|Battle timer is ON: inactive players will automatically lose when time's up. (requested by Slaw Goodman)
|j| tars0
|c|☆Slaw Goodman|interesting team
|
|t:|1760320710
|teamsize|p1|6
|teamsize|p2|6
|start
|switch|p1a: Araquanid|Araquanid, M|100/100
|switch|p2a: Lycanroc|Lycanroc, F|100/100
|turn|1
|c|☆mattfrano0101|thank you, got a couple things I'm testing
|
|t:|1760320725
|move|p2a: Lycanroc|Stealth Rock|p1a: Araquanid
|-sidestart|p1: Slaw Goodman|move: Stealth Rock
|move|p1a: Araquanid|Sticky Web|p2a: Lycanroc
|-sidestart|p2: mattfrano0101|move: Sticky Web
|
|upkeep
|turn|2
|
|t:|1760320731
|move|p2a: Lycanroc|Accelerock|p1a: Araquanid
|-supereffective|p1a: Araquanid
|-damage|p1a: Araquanid|60/100
|move|p1a: Araquanid|Liquidation|p2a: Lycanroc
|-supereffective|p2a: Lycanroc
|-enditem|p2a: Lycanroc|Focus Sash
|-damage|p2a: Lycanroc|1/100
|
|upkeep
|turn|3
|
|t:|1760320741
|switch|p1a: Great Tusk|Great Tusk|100/100
|move|p2a: Lycanroc|Endeavor|p1a: Great Tusk
|-damage|p1a: Great Tusk|1/100
|
|upkeep
|turn|4
|
|t:|1760320747
|move|p2a: Lycanroc|Accelerock|p1a: Great Tusk
|-resisted|p1a: Great Tusk
|-damage|p1a: Great Tusk|0 fnt
|faint|p1a: Great Tusk
|-end|p1a: Great Tusk|Protosynthesis|[silent]
|
|upkeep
|
|t:|1760320751
|switch|p1a: Araquanid|Araquanid, M|60/100
|-damage|p1a: Araquanid|35/100|[from] Stealth Rock
|turn|5
|
|t:|1760320755
|move|p2a: Lycanroc|Accelerock|p1a: Araquanid
|-supereffective|p1a: Araquanid
|-damage|p1a: Araquanid|0 fnt
|faint|p1a: Araquanid
|
|upkeep
|
|t:|1760320758
|switch|p1a: Pecharunt|Pecharunt|100/100
|turn|6
|
|t:|1760320763
|move|p2a: Lycanroc|Accelerock|p1a: Pecharunt
|-damage|p1a: Pecharunt|89/100
|move|p1a: Pecharunt|Hex|p2a: Lycanroc
|-damage|p2a: Lycanroc|0 fnt
|faint|p2a: Lycanroc
|
|upkeep
|
|t:|1760320776
|switch|p2a: Bisharp|Bisharp, F|100/100
|-activate|p2a: Bisharp|move: Sticky Web
|-unboost|p2a: Bisharp|spe|1
|-ability|p2a: Bisharp|Defiant|boost
|-boost|p2a: Bisharp|atk|2
|turn|7
|
|t:|1760320791
|switch|p1a: Gholdengo|Gholdengo|100/100
|-damage|p1a: Gholdengo|94/100|[from] Stealth Rock
|-item|p1a: Gholdengo|Air Balloon
|move|p2a: Bisharp|Swords Dance|p2a: Bisharp
|-boost|p2a: Bisharp|atk|2
|
|upkeep
|turn|8
|
|t:|1760320800
|move|p2a: Bisharp|Sucker Punch|p1a: Gholdengo
|-supereffective|p1a: Gholdengo
|-damage|p1a: Gholdengo|0 fnt
|-enditem|p1a: Gholdengo|Air Balloon
|faint|p1a: Gholdengo
|
|upkeep
|
|t:|1760320802
|switch|p1a: Kyurem|Kyurem|100/100
|-damage|p1a: Kyurem|76/100|[from] Stealth Rock
|-ability|p1a: Kyurem|Pressure
|turn|9
|
|t:|1760320810
|move|p1a: Kyurem|Earth Power|p2a: Bisharp
|-supereffective|p2a: Bisharp
|-crit|p2a: Bisharp
|-damage|p2a: Bisharp|0 fnt
|faint|p2a: Bisharp
|
|upkeep
|
|t:|1760320823
|switch|p2a: Greedent|Greedent, M|100/100
|-activate|p2a: Greedent|move: Sticky Web
|-unboost|p2a: Greedent|spe|1
|turn|10
|
|t:|1760320828
|switch|p1a: Pecharunt|Pecharunt|89/100
|move|p2a: Greedent|Stuff Cheeks|p2a: Greedent
|-boost|p2a: Greedent|def|2
|-enditem|p2a: Greedent|Maranga Berry|[eat]
|-boost|p2a: Greedent|spd|1|[from] item: Maranga Berry
|
|upkeep
|turn|11
|l| tars0
|
|t:|1760320836
|move|p1a: Pecharunt|Malignant Chain|p2a: Greedent
|-damage|p2a: Greedent|74/100
|move|p2a: Greedent|Thief|p1a: Pecharunt
|-supereffective|p1a: Pecharunt
|-damage|p1a: Pecharunt|75/100
|-enditem|p1a: Pecharunt|Heavy-Duty Boots|[silent]|[from] move: Thief|[of] p2a: Greedent
|-item|p2a: Greedent|Heavy-Duty Boots|[from] move: Thief|[of] p1a: Pecharunt
|
|upkeep
|turn|12
|c|☆mattfrano0101|my boots now lol
|
|t:|1760320856
|switch|p2a: Zapdos|Zapdos-Galar|100/100
|move|p1a: Pecharunt|Malignant Chain|p2a: Zapdos
|-damage|p2a: Zapdos|50/100
|
|upkeep
|turn|13
|c|☆Slaw Goodman|gulp
|
|t:|1760320866
|move|p2a: Zapdos|Brave Bird|p1a: Pecharunt
|-damage|p1a: Pecharunt|27/100
|-damage|p2a: Zapdos|31/100|[from] Recoil
|move|p1a: Pecharunt|Recover|p1a: Pecharunt
|-heal|p1a: Pecharunt|77/100
|
|upkeep
|turn|14
|
|t:|1760320880
|move|p2a: Zapdos|Brave Bird|p1a: Pecharunt
|-damage|p1a: Pecharunt|28/100
|-damage|p2a: Zapdos|12/100|[from] Recoil
|move|p1a: Pecharunt|Recover|p1a: Pecharunt
|-heal|p1a: Pecharunt|78/100
|
|upkeep
|turn|15
|
|t:|1760320886
|move|p2a: Zapdos|Brave Bird|p1a: Pecharunt
|-crit|p1a: Pecharunt
|-damage|p1a: Pecharunt|1/100
|-damage|p2a: Zapdos|0 fnt|[from] Recoil
|faint|p2a: Zapdos
|move|p1a: Pecharunt|Recover|p1a: Pecharunt
|-heal|p1a: Pecharunt|51/100
|
|upkeep
|
|t:|1760320898
|switch|p2a: Granbull|Granbull, F|100/100
|-activate|p2a: Granbull|move: Sticky Web
|-unboost|p2a: Granbull|spe|1
|-ability|p2a: Granbull|Intimidate|boost
|-unboost|p1a: Pecharunt|atk|1
|turn|16
|
|t:|1760320909
|move|p1a: Pecharunt|Recover|p1a: Pecharunt
|-heal|p1a: Pecharunt|100/100
|move|p2a: Granbull|Earthquake|p1a: Pecharunt
|-supereffective|p1a: Pecharunt
|-damage|p1a: Pecharunt|70/100
|
|upkeep
|turn|17
|
|t:|1760320923
|move|p1a: Pecharunt|Malignant Chain|p2a: Granbull
|-supereffective|p2a: Granbull
|-damage|p2a: Granbull|35/100
|-status|p2a: Granbull|tox
|-start|p2a: Granbull|confusion|[from] ability: Poison Puppeteer|[of] p1a: Pecharunt
|-activate|p2a: Granbull|confusion
|move|p2a: Granbull|Psychic Fangs|p1a: Pecharunt
|-supereffective|p1a: Pecharunt
|-damage|p1a: Pecharunt|44/100
|
|-damage|p2a: Granbull|29/100 tox|[from] psn
|upkeep
|turn|18
|
|t:|1760320944
|move|p1a: Pecharunt|Recover|p1a: Pecharunt
|-heal|p1a: Pecharunt|94/100
|-activate|p2a: Granbull|confusion
|move|p2a: Granbull|Earthquake|p1a: Pecharunt
|-supereffective|p1a: Pecharunt
|-damage|p1a: Pecharunt|62/100
|
|-damage|p2a: Granbull|16/100 tox|[from] psn
|upkeep
|turn|19
|
|t:|1760320954
|move|p1a: Pecharunt|Recover|p1a: Pecharunt
|-heal|p1a: Pecharunt|100/100
|-activate|p2a: Granbull|confusion
|-damage|p2a: Granbull|6/100 tox|[from] confusion
|
|-damage|p2a: Granbull|0 fnt|[from] psn
|faint|p2a: Granbull
|upkeep
|
|t:|1760320963
|switch|p2a: Munkidori|Munkidori, M|100/100
|-activate|p2a: Munkidori|move: Sticky Web
|-unboost|p2a: Munkidori|spe|1
|turn|20
|
|t:|1760320971
|-terastallize|p2a: Munkidori|Poison
|move|p2a: Munkidori|Psychic Noise|p1a: Pecharunt
|-supereffective|p1a: Pecharunt
|-damage|p1a: Pecharunt|27/100
|-start|p1a: Pecharunt|move: Heal Block
|-enditem|p2a: Munkidori|Throat Spray
|-boost|p2a: Munkidori|spa|1|[from] item: Throat Spray
|move|p1a: Pecharunt|Parting Shot|p2a: Munkidori
|-unboost|p2a: Munkidori|atk|1
|-unboost|p2a: Munkidori|spa|1
|
|t:|1760320980
|switch|p1a: Enamorus|Enamorus, F|100/100|[from] Parting Shot
|-damage|p1a: Enamorus|76/100|[from] Stealth Rock
|
|upkeep
|turn|21
|
|t:|1760320994
|move|p1a: Enamorus|Earth Power|p2a: Munkidori
|-supereffective|p2a: Munkidori
|-damage|p2a: Munkidori|0 fnt
|faint|p2a: Munkidori
|
|upkeep
|
|t:|1760320998
|switch|p2a: Greedent|Greedent, M|74/100
|turn|22
|
|t:|1760321004
|switch|p1a: Pecharunt|Pecharunt|27/100
|-damage|p1a: Pecharunt|15/100|[from] Stealth Rock
|move|p2a: Greedent|Body Slam|p1a: Pecharunt
|-immune|p1a: Pecharunt
|
|upkeep
|turn|23
|
|t:|1760321010
|move|p1a: Pecharunt|Recover|p1a: Pecharunt
|-heal|p1a: Pecharunt|65/100
|move|p2a: Greedent|Thief|p1a: Pecharunt
|-supereffective|p1a: Pecharunt
|-damage|p1a: Pecharunt|49/100
|
|upkeep
|turn|24
|c|☆mattfrano0101|gg womp womp
|
|t:|1760321024
|move|p1a: Pecharunt|Recover|p1a: Pecharunt
|-heal|p1a: Pecharunt|99/100
|move|p2a: Greedent|Thief|p1a: Pecharunt
|-supereffective|p1a: Pecharunt
|-damage|p1a: Pecharunt|83/100
|
|upkeep
|turn|25
|c|☆Slaw Goodman|yikes
|
|t:|1760321029
|move|p1a: Pecharunt|Malignant Chain|p2a: Greedent
|-damage|p2a: Greedent|35/100
|-status|p2a: Greedent|tox
|-start|p2a: Greedent|confusion|[from] ability: Poison Puppeteer|[of] p1a: Pecharunt
|-activate|p2a: Greedent|confusion
|move|p2a: Greedent|Thief|p1a: Pecharunt
|-supereffective|p1a: Pecharunt
|-damage|p1a: Pecharunt|67/100
|
|-damage|p2a: Greedent|29/100 tox|[from] psn
|upkeep
|turn|26
|c|☆Slaw Goodman|maranga berry is interesting
|c|☆mattfrano0101|the idea is to be bulky on both sides via stuff cheeks
|c|☆Slaw Goodman|i'm assuming banded Zapdos?
|c|☆Slaw Goodman|I figured
|inactive|mattfrano0101 has 120 seconds left.
|c|☆mattfrano0101|banded yup
|c|☆Slaw Goodman|lycanroc is slept on though
|c|☆Slaw Goodman|I believe in lycanroc
|inactive|mattfrano0101 has 90 seconds left.
|c|☆Slaw Goodman|though i'd leave greedent in randbats
|c|☆mattfrano0101|fun ideas, yeah he's a good starter mon for hazards and free damage
|
|t:|1760321099
|move|p1a: Pecharunt|Malignant Chain|p2a: Greedent
|-damage|p2a: Greedent|0 fnt
|faint|p2a: Greedent
|
|win|Slaw Goodman
|raw|Slaw Goodman's rating: 1308 &rarr; <strong>1325</strong><br />(+17 for winning)
|raw|mattfrano0101's rating: 1248 &rarr; <strong>1227</strong><br />(-21 for losing)
|c|☆Slaw Goodman|ggs
|c|☆mattfrano0101|gg
|l|☆Slaw Goodman
|player|p1|
|l|☆mattfrano0101
|player|p2|
