|j|☆Sp3ctr4
|j|☆CourtTre
|t:|1760436545
|gametype|singles
|player|p1|Sp3ctr4|benga|1239
|player|p2|CourtTre|clair|1221
|gen|9
|tier|[Gen 9] OU
|rated|
|rule|HP Percentage Mod: HP is shown in percentages
|rule|Endless Battle Clause: Forcing endless battles is banned
|rule|Species Clause: Limit one of each Pokémon
|rule|OHKO Clause: OHKO moves are banned
|rule|Evasion Items Clause: Evasion items are banned
|rule|Evasion Moves Clause: Evasion moves are banned
|rule|Evasion Abilities Clause: Evasion abilities are banned
|rule|Sleep Moves Clause: Sleep-inducing moves are banned
|clearpoke
|poke|p1|Ceruledge, M|
|poke|p1|Zamazenta-*|
|poke|p1|Quaquaval, M|
|poke|p1|Garchomp, M|
|poke|p1|Iron Moth|
|poke|p1|Iron Crown|
|poke|p2|Smeargle, M|
|poke|p2|Cloyster, F|
|poke|p2|Great Tusk|
|poke|p2|Iron Moth|
|poke|p2|Primarina, F|
|poke|p2|Polteageist|
|teampreview
|inactive|Battle timer is ON: inactive players will automatically lose when time's up. (requested by Sp3ctr4)
|
|t:|1760436574
|teamsize|p1|6
|teamsize|p2|6
|start
|switch|p1a: Garchomp|Garchomp, M|100/100
|switch|p2a: Smeargle|Smeargle, M|100/100
|turn|1
|
|t:|1760436579
|move|p2a: Smeargle|Toxic Thread|p1a: Garchomp
|-unboost|p1a: Garchomp|spe|1
|-status|p1a: Garchomp|psn
|move|p1a: Garchomp|Stealth Rock|p2a: Smeargle
|-sidestart|p2: CourtTre|move: Stealth Rock
|
|-damage|p1a: Garchomp|88/100 psn|[from] psn
|upkeep
|turn|2
|
|t:|1760436587
|move|p2a: Smeargle|Sticky Web|p1a: Garchomp
|-sidestart|p1: Sp3ctr4|move: Sticky Web
|move|p1a: Garchomp|Dragon Tail|p2a: Smeargle
|-enditem|p2a: Smeargle|Focus Sash
|-damage|p2a: Smeargle|1/100
|drag|p2a: Cloyster|Cloyster, F|100/100
|-damage|p2a: Cloyster|76/100|[from] Stealth Rock
|
|-damage|p1a: Garchomp|76/100 psn|[from] psn
|upkeep
|turn|3
|
|t:|1760436599
|switch|p1a: Quaquaval|Quaquaval, M|100/100
|move|p2a: Cloyster|Icicle Spear|p1a: Quaquaval
|-resisted|p1a: Quaquaval
|-damage|p1a: Quaquaval|92/100
|-resisted|p1a: Quaquaval
|-damage|p1a: Quaquaval|85/100
|-resisted|p1a: Quaquaval
|-damage|p1a: Quaquaval|77/100
|-resisted|p1a: Quaquaval
|-damage|p1a: Quaquaval|70/100
|-resisted|p1a: Quaquaval
|-damage|p1a: Quaquaval|63/100
|-hitcount|p1a: Quaquaval|5
|
|upkeep
|turn|4
|inactive|CourtTre has 120 seconds left.
|
|t:|1760436657
|move|p1a: Quaquaval|Rapid Spin|p2a: Cloyster
|-damage|p2a: Cloyster|62/100
|-boost|p1a: Quaquaval|spe|1
|-sideend|p1: Sp3ctr4|Sticky Web|[from] move: Rapid Spin|[of] p1a: Quaquaval
|move|p2a: Cloyster|Shell Smash|p2a: Cloyster
|-unboost|p2a: Cloyster|def|1
|-unboost|p2a: Cloyster|spd|1
|-boost|p2a: Cloyster|atk|2
|-boost|p2a: Cloyster|spa|2
|-boost|p2a: Cloyster|spe|2
|
|upkeep
|turn|5
|
|t:|1760436670
|-terastallize|p2a: Cloyster|Ground
|move|p2a: Cloyster|Drill Run|p1a: Quaquaval
|-damage|p1a: Quaquaval|0 fnt
|faint|p1a: Quaquaval
|
|upkeep
|
|t:|1760436676
|switch|p1a: Zamazenta|Zamazenta|100/100
|-ability|p1a: Zamazenta|Dauntless Shield|boost
|-boost|p1a: Zamazenta|def|1
|turn|6
|
|t:|1760436682
|move|p2a: Cloyster|Icicle Spear|p1a: Zamazenta
|-damage|p1a: Zamazenta|89/100
|-damage|p1a: Zamazenta|79/100
|-damage|p1a: Zamazenta|68/100
|-damage|p1a: Zamazenta|58/100
|-damage|p1a: Zamazenta|46/100
|-hitcount|p1a: Zamazenta|5
|move|p1a: Zamazenta|Iron Defense|p1a: Zamazenta
|-boost|p1a: Zamazenta|def|2
|
|-heal|p1a: Zamazenta|53/100|[from] item: Leftovers
|upkeep
|turn|7
|
|t:|1760436686
|move|p2a: Cloyster|Icicle Spear|p1a: Zamazenta
|-damage|p1a: Zamazenta|46/100
|-damage|p1a: Zamazenta|38/100
|-damage|p1a: Zamazenta|32/100
|-damage|p1a: Zamazenta|25/100
|-damage|p1a: Zamazenta|19/100
|-hitcount|p1a: Zamazenta|5
|move|p1a: Zamazenta|Body Press|p2a: Cloyster
|-damage|p2a: Cloyster|0 fnt
|faint|p2a: Cloyster
|
|-heal|p1a: Zamazenta|25/100|[from] item: Leftovers
|upkeep
|inactive|CourtTre has 120 seconds left.
|
|t:|1760436692
|switch|p2a: Great Tusk|Great Tusk|100/100
|-damage|p2a: Great Tusk|98/100|[from] Stealth Rock
|-enditem|p2a: Great Tusk|Booster Energy
|-activate|p2a: Great Tusk|ability: Protosynthesis|[fromitem]
|-start|p2a: Great Tusk|protosynthesisatk
|turn|8
|
|t:|1760436698
|move|p1a: Zamazenta|Body Press|p2a: Great Tusk
|-damage|p2a: Great Tusk|43/100
|move|p2a: Great Tusk|Rapid Spin|p1a: Zamazenta
|-damage|p1a: Zamazenta|17/100
|-boost|p2a: Great Tusk|spe|1
|-sideend|p2: CourtTre|Stealth Rock|[from] move: Rapid Spin|[of] p2a: Great Tusk
|
|-heal|p1a: Zamazenta|23/100|[from] item: Leftovers
|upkeep
|turn|9
|
|t:|1760436704
|move|p1a: Zamazenta|Body Press|p2a: Great Tusk
|-damage|p2a: Great Tusk|0 fnt
|faint|p2a: Great Tusk
|-end|p2a: Great Tusk|Protosynthesis|[silent]
|
|-heal|p1a: Zamazenta|30/100|[from] item: Leftovers
|upkeep
|
|t:|1760436710
|switch|p2a: Polteageist|Polteageist, shiny|100/100
|turn|10
|
|t:|1760436717
|switch|p1a: Garchomp|Garchomp, M|76/100 psn
|move|p2a: Polteageist|Shell Smash|p2a: Polteageist
|-unboost|p2a: Polteageist|def|1
|-unboost|p2a: Polteageist|spd|1
|-boost|p2a: Polteageist|atk|2
|-boost|p2a: Polteageist|spa|2
|-boost|p2a: Polteageist|spe|2
|
|-damage|p1a: Garchomp|64/100 psn|[from] psn
|upkeep
|turn|11
|
|t:|1760436726
|move|p2a: Polteageist|Stored Power|p1a: Garchomp
|-damage|p1a: Garchomp|0 fnt
|faint|p1a: Garchomp
|
|upkeep
|
|t:|1760436731
|switch|p1a: Ceruledge|Ceruledge, M, shiny|100/100
|turn|12
|
|t:|1760436744
|-terastallize|p1a: Ceruledge|Ghost
|move|p2a: Polteageist|Shadow Ball|p1a: Ceruledge
|-supereffective|p1a: Ceruledge
|-enditem|p1a: Ceruledge|Focus Sash
|-damage|p1a: Ceruledge|1/100
|move|p1a: Ceruledge|Swords Dance|p1a: Ceruledge
|-boost|p1a: Ceruledge|atk|2
|
|upkeep
|turn|13
|
|t:|1760436762
|move|p1a: Ceruledge|Shadow Sneak|p2a: Polteageist
|-supereffective|p2a: Polteageist
|-enditem|p2a: Polteageist|Focus Sash
|-damage|p2a: Polteageist|1/100
|-ability|p2a: Polteageist|Weak Armor|boost
|-unboost|p2a: Polteageist|def|1
|-boost|p2a: Polteageist|spe|2
|move|p2a: Polteageist|Shadow Ball|p1a: Ceruledge
|-supereffective|p1a: Ceruledge
|-damage|p1a: Ceruledge|0 fnt
|faint|p1a: Ceruledge
|
|upkeep
|c|☆CourtTre|oof
|
|t:|1760436783
|switch|p1a: Iron Crown|Iron Crown|100/100
|turn|14
|
|t:|1760436789
|move|p2a: Polteageist|Shadow Ball|p1a: Iron Crown
|-supereffective|p1a: Iron Crown
|-damage|p1a: Iron Crown|0 fnt
|faint|p1a: Iron Crown
|-end|p1a: Iron Crown|Quark Drive|[silent]
|
|upkeep
|
|t:|1760436791
|switch|p1a: Zamazenta|Zamazenta|30/100
|turn|15
|
|t:|1760436795
|move|p2a: Polteageist|Stored Power|p1a: Zamazenta
|-supereffective|p1a: Zamazenta
|-damage|p1a: Zamazenta|0 fnt
|faint|p1a: Zamazenta
|
|upkeep
|
|t:|1760436798
|switch|p1a: Iron Moth|Iron Moth|100/100
|-enditem|p1a: Iron Moth|Booster Energy
|-activate|p1a: Iron Moth|ability: Quark Drive|[fromitem]
|-start|p1a: Iron Moth|quarkdrivespe
|turn|16
|
|t:|1760436803
|move|p2a: Polteageist|Stored Power|p1a: Iron Moth
|-supereffective|p1a: Iron Moth
|-damage|p1a: Iron Moth|0 fnt
|faint|p1a: Iron Moth
|-end|p1a: Iron Moth|Quark Drive|[silent]
|
|win|CourtTre
|raw|Sp3ctr4's rating: 1239 &rarr; <strong>1213</strong><br />(-26 for losing)
|raw|CourtTre's rating: 1221 &rarr; <strong>1247</strong><br />(+26 for winning)
|l|☆Sp3ctr4
|player|p1|
|l|☆CourtTre
|player|p2|
