|j|☆Trivago77
|j|☆Princessjosie1001!
|t:|1760449549
|gametype|singles
|player|p1|Trivago77|169|1575
|player|p2|Princessjosie1001!|nurse|1507
|gen|9
|tier|[Gen 9] OU
|rated|
|rule|HP Percentage Mod: HP is shown in percentages
|rule|Endless Battle Clause: Forcing endless battles is banned
|rule|Species Clause: Limit one of each Pokémon
|rule|OHKO Clause: OHKO moves are banned
|rule|Evasion Items Clause: Evasion items are banned
|rule|Evasion Moves Clause: Evasion moves are banned
|rule|Evasion Abilities Clause: Evasion abilities are banned
|rule|Sleep Moves Clause: Sleep-inducing moves are banned
|clearpoke
|poke|p1|Darkrai|
|poke|p1|Scizor, M|
|poke|p1|Iron Moth|
|poke|p1|Gliscor, F|
|poke|p1|Empoleon, F|
|poke|p1|Ninetales-Alola, M|
|poke|p2|Yanmega, F|
|poke|p2|Cloyster, M|
|poke|p2|Salazzle, F|
|poke|p2|Espeon, F|
|poke|p2|Jirachi|
|poke|p2|Maushold-Four|
|teampreview
|inactive|Battle timer is ON: inactive players will automatically lose when time's up. (requested by Trivago77)
|c|☆Trivago77|Love that team
|
|t:|1760449562
|teamsize|p1|6
|teamsize|p2|6
|start
|switch|p1a: Darkrai|Darkrai, shiny|100/100
|switch|p2a: Jirachi|Jirachi|100/100
|turn|1
|
|t:|1760449570
|move|p2a: Jirachi|U-turn|p1a: Darkrai
|-supereffective|p1a: Darkrai
|-damage|p1a: Darkrai|38/100
|
|t:|1760449574
|switch|p2a: Maushold|Maushold-Four|100/100|[from] U-turn
|move|p1a: Darkrai|Dark Pulse|p2a: Maushold
|-damage|p2a: Maushold|32/100
|
|upkeep
|turn|2
|c|☆Princessjosie1001!|Thanks
|
|t:|1760449582
|move|p1a: Darkrai|Dark Pulse|p2a: Maushold
|-damage|p2a: Maushold|0 fnt
|faint|p2a: Maushold
|
|upkeep
|
|t:|1760449587
|switch|p2a: Jirachi|Jirachi|100/100
|turn|3
|
|t:|1760449590
|switch|p1a: Empoleon|Empoleon, F, shiny|100/100
|move|p2a: Jirachi|Body Slam|p1a: Empoleon
|-resisted|p1a: Empoleon
|-damage|p1a: Empoleon|87/100
|-status|p1a: Empoleon|par
|
|upkeep
|turn|4
|
|t:|1760449598
|switch|p2a: No hazard allowed|Espeon, F|100/100
|move|p1a: Empoleon|Hydro Pump|p2a: No hazard allowed
|-damage|p2a: No hazard allowed|21/100
|
|upkeep
|turn|5
|
|t:|1760449603
|move|p2a: No hazard allowed|Trick|p1a: Empoleon
|-activate|p2a: No hazard allowed|move: Trick|[of] p1a: Empoleon
|-item|p1a: Empoleon|Choice Scarf|[from] move: Trick
|-item|p2a: No hazard allowed|Shuca Berry|[from] move: Trick
|move|p1a: Empoleon|Flash Cannon|p2a: No hazard allowed
|-damage|p2a: No hazard allowed|0 fnt
|faint|p2a: No hazard allowed
|
|upkeep
|
|t:|1760449614
|switch|p2a: Yanmega|Yanmega, F|100/100
|turn|6
|
|t:|1760449619
|move|p2a: Yanmega|Air Slash|p1a: Empoleon
|-resisted|p1a: Empoleon
|-damage|p1a: Empoleon|64/100 par
|-damage|p2a: Yanmega|91/100|[from] item: Life Orb
|move|p1a: Empoleon|Flash Cannon|p2a: Yanmega
|-damage|p2a: Yanmega|24/100
|
|-ability|p2a: Yanmega|Speed Boost|boost
|-boost|p2a: Yanmega|spe|1
|upkeep
|turn|7
|
|t:|1760449627
|move|p2a: Yanmega|Air Slash|p1a: Empoleon|[miss]
|-miss|p2a: Yanmega|p1a: Empoleon
|move|p1a: Empoleon|Flash Cannon|p2a: Yanmega
|-damage|p2a: Yanmega|0 fnt
|faint|p2a: Yanmega
|
|upkeep
|
|t:|1760449633
|switch|p2a: Salazzle|Salazzle, F|100/100
|turn|8
|
|t:|1760449638
|move|p2a: Salazzle|Agility|p2a: Salazzle
|-boost|p2a: Salazzle|spe|2
|cant|p1a: Empoleon|par
|
|upkeep
|turn|9
|
|t:|1760449643
|move|p2a: Salazzle|Flamethrower|p1a: Empoleon
|-crit|p1a: Empoleon
|-damage|p1a: Empoleon|0 fnt
|faint|p1a: Empoleon
|
|upkeep
|
|t:|1760449647
|switch|p1a: Gliscor|Gliscor, F, shiny|100/100
|turn|10
|
|t:|1760449650
|move|p2a: Salazzle|Flamethrower|p1a: Gliscor
|-damage|p1a: Gliscor|40/100
|move|p1a: Gliscor|Earthquake|p2a: Salazzle
|-supereffective|p2a: Salazzle
|-enditem|p2a: Salazzle|Focus Sash
|-damage|p2a: Salazzle|1/100
|
|-status|p1a: Gliscor|tox|[from] item: Toxic Orb
|upkeep
|turn|11
|
|t:|1760449658
|move|p2a: Salazzle|Flamethrower|p1a: Gliscor
|-damage|p1a: Gliscor|0 fnt
|faint|p1a: Gliscor
|
|upkeep
|
|t:|1760449661
|switch|p1a: Scizor|Scizor, M, shiny|100/100
|turn|12
|
|t:|1760449664
|move|p1a: Scizor|Bullet Punch|p2a: Salazzle
|-resisted|p2a: Salazzle
|-damage|p2a: Salazzle|0 fnt
|faint|p2a: Salazzle
|
|upkeep
|
|t:|1760449671
|switch|p2a: Jirachi|Jirachi|100/100
|turn|13
|
|t:|1760449677
|switch|p1a: Darkrai|Darkrai, shiny|38/100
|move|p2a: Jirachi|Iron Head|p1a: Darkrai
|-damage|p1a: Darkrai|0 fnt
|faint|p1a: Darkrai
|
|upkeep
|
|t:|1760449680
|switch|p1a: Iron Moth|Iron Moth, shiny|100/100
|-enditem|p1a: Iron Moth|Booster Energy
|-activate|p1a: Iron Moth|ability: Quark Drive|[fromitem]
|-start|p1a: Iron Moth|quarkdrivespa
|turn|14
|
|t:|1760449687
|move|p2a: Jirachi|Iron Head|p1a: Iron Moth
|-resisted|p1a: Iron Moth
|-damage|p1a: Iron Moth|71/100
|move|p1a: Iron Moth|Fiery Dance|p2a: Jirachi
|-supereffective|p2a: Jirachi
|-damage|p2a: Jirachi|0 fnt
|-boost|p1a: Iron Moth|spa|1
|faint|p2a: Jirachi
|
|upkeep
|
|t:|1760449694
|switch|p2a: Cloyster|Cloyster, M|100/100
|turn|15
|
|t:|1760449699
|move|p1a: Iron Moth|Energy Ball|p2a: Cloyster
|-supereffective|p2a: Cloyster
|-enditem|p2a: Cloyster|Focus Sash
|-damage|p2a: Cloyster|1/100
|-unboost|p2a: Cloyster|spd|1
|move|p2a: Cloyster|Shell Smash|p2a: Cloyster
|-unboost|p2a: Cloyster|def|1
|-unboost|p2a: Cloyster|spd|1
|-boost|p2a: Cloyster|atk|2
|-boost|p2a: Cloyster|spa|2
|-boost|p2a: Cloyster|spe|2
|
|upkeep
|turn|16
|
|t:|1760449714
|move|p2a: Cloyster|Icicle Spear|p1a: Iron Moth
|-resisted|p1a: Iron Moth
|-damage|p1a: Iron Moth|51/100
|-resisted|p1a: Iron Moth
|-damage|p1a: Iron Moth|31/100
|-resisted|p1a: Iron Moth
|-damage|p1a: Iron Moth|12/100
|-resisted|p1a: Iron Moth
|-damage|p1a: Iron Moth|0 fnt
|faint|p1a: Iron Moth
|-end|p1a: Iron Moth|Quark Drive|[silent]
|-hitcount|p1: Iron Moth|4
|
|upkeep
|
|t:|1760449715
|switch|p1a: Scizor|Scizor, M, shiny|100/100
|turn|17
|c|☆Princessjosie1001!|Gg wp
|
|t:|1760449731
|move|p1a: Scizor|Bullet Punch|p2a: Cloyster
|-damage|p2a: Cloyster|0 fnt
|faint|p2a: Cloyster
|
|win|Trivago77
|raw|Trivago77's rating: 1575 &rarr; <strong>1591</strong><br />(+16 for winning)
|raw|Princessjosie1001!'s rating: 1507 &rarr; <strong>1491</strong><br />(-16 for losing)
|c|☆Trivago77|Gg
|l|☆Trivago77
|player|p1|
|l|☆Princessjosie1001!
|player|p2|
