|j|☆yyyywwww
|j|☆CMHERSOM
|t:|1760378414
|gametype|singles
|player|p1|yyyywwww|266|1311
|player|p2|CMHERSOM|1|1355
|gen|9
|tier|[Gen 9] OU
|rated|
|rule|HP Percentage Mod: HP is shown in percentages
|rule|Endless Battle Clause: Forcing endless battles is banned
|rule|Species Clause: Limit one of each Pokémon
|rule|OHKO Clause: OHKO moves are banned
|rule|Evasion Items Clause: Evasion items are banned
|rule|Evasion Moves Clause: Evasion moves are banned
|rule|Evasion Abilities Clause: Evasion abilities are banned
|rule|Sleep Moves Clause: Sleep-inducing moves are banned
|clearpoke
|poke|p1|Primarina, F|
|poke|p1|Raging Bolt|
|poke|p1|Mabosstiff, M|
|poke|p1|Ogerpon-Wellspring, F|
|poke|p1|Iron Crown|
|poke|p1|Moltres|
|poke|p2|Zamazenta-*|
|poke|p2|Dragapult, M|
|poke|p2|Great Tusk|
|poke|p2|Gliscor, M|
|poke|p2|Slowking-Galar, M|
|poke|p2|Kingambit, F|
|teampreview
|inactive|Battle timer is ON: inactive players will automatically lose when time's up. (requested by yyyywwww)
|c|☆CMHERSOM|Hell yeah Mabostiff
|
|t:|1760378439
|teamsize|p1|6
|teamsize|p2|6
|start
|switch|p1a: Primarina|Primarina, F|100/100
|switch|p2a: Dragapult|Dragapult, M|100/100
|turn|1
|
|t:|1760378447
|move|p2a: Dragapult|U-turn|p1a: Primarina
|-resisted|p1a: Primarina
|-damage|p1a: Primarina|90/100
|
|t:|1760378450
|switch|p2a: Slowking|Slowking-Galar, M|100/100|[from] U-turn
|move|p1a: Primarina|Flip Turn|p2a: Slowking
|-damage|p2a: Slowking|85/100
|
|t:|1760378456
|switch|p1a: Mabosstiff|Mabosstiff, M|100/100|[from] Flip Turn
|
|upkeep
|turn|2
|
|t:|1760378464
|move|p1a: Mabosstiff|Psychic Fangs|p2a: Slowking
|-damage|p2a: Slowking|34/100
|move|p2a: Slowking|Thunder Wave|p1a: Mabosstiff
|-status|p1a: Mabosstiff|par
|
|upkeep
|turn|3
|
|t:|1760378471
|switch|p2a: Great Tusk|Great Tusk|100/100
|move|p1a: Mabosstiff|Psychic Fangs|p2a: Great Tusk
|-supereffective|p2a: Great Tusk
|-damage|p2a: Great Tusk|0 fnt
|-damage|p1a: Mabosstiff|84/100 par|[from] item: Rocky Helmet|[of] p2a: Great Tusk
|faint|p2a: Great Tusk
|-end|p2a: Great Tusk|Protosynthesis|[silent]
|
|upkeep
|
|t:|1760378480
|switch|p2a: Zamazenta|Zamazenta|100/100
|-ability|p2a: Zamazenta|Dauntless Shield|boost
|-boost|p2a: Zamazenta|def|1
|turn|4
|
|t:|1760378488
|switch|p2a: Slowking|Slowking-Galar, M|67/100
|move|p1a: Mabosstiff|Psychic Fangs|p2a: Slowking
|-damage|p2a: Slowking|0 fnt
|faint|p2a: Slowking
|
|upkeep
|
|t:|1760378491
|switch|p2a: Kingambit|Kingambit, F|100/100
|-activate|p2a: Kingambit|ability: Supreme Overlord
|-start|p2a: Kingambit|fallen2|[silent]
|turn|5
|
|t:|1760378501
|switch|p1a: Ogerpon|Ogerpon-Wellspring, F|100/100
|move|p2a: Kingambit|Swords Dance|p2a: Kingambit
|-boost|p2a: Kingambit|atk|2
|
|upkeep
|turn|6
|
|t:|1760378507
|-end|p2a: Kingambit|fallen2|[silent]
|switch|p2a: Dragapult|Dragapult, M|100/100
|move|p1a: Ogerpon|Encore||[still]
|-fail|p1a: Ogerpon
|
|upkeep
|turn|7
|
|t:|1760378515
|switch|p1a: Moltres|Moltres|100/100
|move|p2a: Dragapult|Thunder Wave|p1a: Moltres
|-status|p1a: Moltres|par
|
|upkeep
|turn|8
|
|t:|1760378532
|move|p2a: Dragapult|Hex|p1a: Moltres
|-damage|p1a: Moltres|53/100 par
|move|p1a: Moltres|Will-O-Wisp|p2a: Dragapult
|-status|p2a: Dragapult|brn
|
|-damage|p2a: Dragapult|95/100 brn|[from] brn
|upkeep
|turn|9
|
|t:|1760378543
|switch|p1a: Raging Bolt|Raging Bolt|100/100
|move|p2a: Dragapult|Thunder Wave|p1a: Raging Bolt
|-immune|p1a: Raging Bolt
|
|-damage|p2a: Dragapult|89/100 brn|[from] brn
|upkeep
|turn|10
|
|t:|1760378552
|move|p2a: Dragapult|U-turn|p1a: Raging Bolt
|-damage|p1a: Raging Bolt|93/100
|
|t:|1760378554
|switch|p2a: Gliscor|Gliscor, M|100/100|[from] U-turn
|move|p1a: Raging Bolt|Draco Meteor|p2a: Gliscor
|-damage|p2a: Gliscor|18/100
|-unboost|p1a: Raging Bolt|spa|2
|
|-status|p2a: Gliscor|tox|[from] item: Toxic Orb
|upkeep
|turn|11
|
|t:|1760378569
|-end|p1a: Raging Bolt|Protosynthesis|[silent]
|switch|p1a: Primarina|Primarina, F|90/100
|move|p2a: Gliscor|Toxic|p1a: Primarina
|-status|p1a: Primarina|tox
|
|-heal|p2a: Gliscor|30/100 tox|[from] ability: Poison Heal
|-damage|p1a: Primarina|84/100 tox|[from] psn
|upkeep
|turn|12
|
|t:|1760378585
|move|p2a: Gliscor|Protect|p2a: Gliscor
|-singleturn|p2a: Gliscor|Protect
|move|p1a: Primarina|Moonblast|p2a: Gliscor
|-activate|p2a: Gliscor|move: Protect
|
|-heal|p2a: Gliscor|43/100 tox|[from] ability: Poison Heal
|-damage|p1a: Primarina|72/100 tox|[from] psn
|upkeep
|turn|13
|
|t:|1760378596
|move|p2a: Gliscor|Spikes|p1a: Primarina
|-sidestart|p1: yyyywwww|Spikes
|move|p1a: Primarina|Moonblast|p2a: Gliscor
|-damage|p2a: Gliscor|0 fnt
|faint|p2a: Gliscor
|
|-damage|p1a: Primarina|54/100 tox|[from] psn
|upkeep
|
|t:|1760378599
|switch|p2a: Dragapult|Dragapult, M|89/100 brn
|turn|14
|
|t:|1760378607
|move|p2a: Dragapult|Hex|p1a: Primarina
|-damage|p1a: Primarina|2/100 tox
|move|p1a: Primarina|Moonblast|p2a: Dragapult
|-supereffective|p2a: Dragapult
|-damage|p2a: Dragapult|0 fnt
|faint|p2a: Dragapult
|
|-damage|p1a: Primarina|0 fnt|[from] psn
|faint|p1a: Primarina
|upkeep
|
|t:|1760378619
|switch|p2a: Kingambit|Kingambit, F|100/100
|switch|p1a: Ogerpon|Ogerpon-Wellspring, F|100/100
|-damage|p1a: Ogerpon|88/100|[from] Spikes
|-activate|p2a: Kingambit|ability: Supreme Overlord
|-start|p2a: Kingambit|fallen4|[silent]
|turn|15
|
|t:|1760378630
|move|p1a: Ogerpon|U-turn|p2a: Kingambit
|-damage|p2a: Kingambit|81/100
|
|t:|1760378633
|switch|p1a: Moltres|Moltres|53/100 par|[from] U-turn
|move|p2a: Kingambit|Kowtow Cleave|p1a: Moltres
|-damage|p1a: Moltres|0 fnt
|-status|p2a: Kingambit|brn|[from] ability: Flame Body|[of] p1a: Moltres
|-enditem|p2a: Kingambit|Lum Berry|[eat]
|-curestatus|p2a: Kingambit|brn|[msg]
|faint|p1a: Moltres
|
|upkeep
|
|t:|1760378659
|switch|p1a: Raging Bolt|Raging Bolt|93/100
|-damage|p1a: Raging Bolt|81/100|[from] Spikes
|turn|16
|
|t:|1760378664
|move|p1a: Raging Bolt|Volt Switch|p2a: Kingambit
|-damage|p2a: Kingambit|43/100
|
|t:|1760378667
|-end|p1a: Raging Bolt|Protosynthesis|[silent]
|switch|p1a: Mabosstiff|Mabosstiff, M|84/100 par|[from] Volt Switch
|-damage|p1a: Mabosstiff|72/100 par|[from] Spikes
|move|p2a: Kingambit|Kowtow Cleave|p1a: Mabosstiff
|-resisted|p1a: Mabosstiff
|-damage|p1a: Mabosstiff|36/100 par
|
|upkeep
|turn|17
|
|t:|1760378677
|move|p2a: Kingambit|Kowtow Cleave|p1a: Mabosstiff
|-resisted|p1a: Mabosstiff
|-damage|p1a: Mabosstiff|0 fnt
|faint|p1a: Mabosstiff
|
|upkeep
|
|t:|1760378692
|switch|p1a: Raging Bolt|Raging Bolt|81/100
|-damage|p1a: Raging Bolt|69/100|[from] Spikes
|turn|18
|
|t:|1760378700
|move|p1a: Raging Bolt|Volt Switch|p2a: Kingambit
|-damage|p2a: Kingambit|9/100
|
|t:|1760378710
|-end|p1a: Raging Bolt|Protosynthesis|[silent]
|switch|p1a: Ogerpon|Ogerpon-Wellspring, F|88/100|[from] Volt Switch
|-damage|p1a: Ogerpon|76/100|[from] Spikes
|move|p2a: Kingambit|Kowtow Cleave|p1a: Ogerpon
|-damage|p1a: Ogerpon|1/100
|
|upkeep
|turn|19
|
|t:|1760378721
|move|p1a: Ogerpon|Encore|p2a: Kingambit
|-start|p2a: Kingambit|Encore
|move|p2a: Kingambit|Kowtow Cleave|p1a: Ogerpon
|-damage|p1a: Ogerpon|0 fnt
|faint|p1a: Ogerpon
|
|upkeep
|
|t:|1760378730
|switch|p1a: Iron Crown|Iron Crown|100/100
|-damage|p1a: Iron Crown|88/100|[from] Spikes
|turn|20
|
|t:|1760378737
|move|p1a: Iron Crown|Volt Switch|p2a: Kingambit
|-damage|p2a: Kingambit|0 fnt
|faint|p2a: Kingambit
|-end|p2a: Kingambit|fallen4|[silent]
|
|t:|1760378741
|-end|p1a: Iron Crown|Quark Drive|[silent]
|switch|p1a: Raging Bolt|Raging Bolt|69/100|[from] Volt Switch
|-damage|p1a: Raging Bolt|56/100|[from] Spikes
|
|upkeep
|
|t:|1760378743
|switch|p2a: Zamazenta|Zamazenta|100/100
|turn|21
|
|t:|1760378768
|move|p2a: Zamazenta|Substitute|p2a: Zamazenta
|-start|p2a: Zamazenta|Substitute
|-damage|p2a: Zamazenta|76/100
|move|p1a: Raging Bolt|Draco Meteor|p2a: Zamazenta
|-end|p2a: Zamazenta|Substitute
|-unboost|p1a: Raging Bolt|spa|2
|
|-heal|p2a: Zamazenta|82/100|[from] item: Leftovers
|upkeep
|turn|22
|
|t:|1760378780
|-terastallize|p2a: Zamazenta|Steel
|move|p2a: Zamazenta|Iron Defense|p2a: Zamazenta
|-boost|p2a: Zamazenta|def|2
|move|p1a: Raging Bolt|Volt Switch|p2a: Zamazenta
|-damage|p2a: Zamazenta|67/100
|
|t:|1760378788
|-end|p1a: Raging Bolt|Protosynthesis|[silent]
|switch|p1a: Iron Crown|Iron Crown|88/100|[from] Volt Switch
|-damage|p1a: Iron Crown|76/100|[from] Spikes
|
|-heal|p2a: Zamazenta|73/100|[from] item: Leftovers
|upkeep
|turn|23
|
|t:|1760378797
|-terastallize|p1a: Iron Crown|Fighting
|move|p1a: Iron Crown|Tera Blast|p2a: Zamazenta|[anim] Tera Blast Fighting
|-supereffective|p2a: Zamazenta
|-damage|p2a: Zamazenta|2/100
|move|p2a: Zamazenta|Body Press|p1a: Iron Crown
|-damage|p1a: Iron Crown|17/100
|
|-heal|p2a: Zamazenta|8/100|[from] item: Leftovers
|upkeep
|turn|24
|
|t:|1760378808
|move|p1a: Iron Crown|Tera Blast|p2a: Zamazenta|[anim] Tera Blast Fighting
|-supereffective|p2a: Zamazenta
|-damage|p2a: Zamazenta|0 fnt
|faint|p2a: Zamazenta
|
|win|yyyywwww
|raw|yyyywwww's rating: 1311 &rarr; <strong>1334</strong><br />(+23 for winning)
|raw|CMHERSOM's rating: 1355 &rarr; <strong>1332</strong><br />(-23 for losing)
|l|☆CMHERSOM
|player|p2|
