|j|☆Potential Man
|j|☆skypiaisland
|t:|1760387359
|gametype|singles
|player|p1|Potential Man|brock-gen2|1592
|player|p2|skypiaisland|1|1593
|gen|9
|tier|[Gen 9] OU
|rated|
|rule|HP Percentage Mod: HP is shown in percentages
|rule|Endless Battle Clause: Forcing endless battles is banned
|rule|Species Clause: Limit one of each Pokémon
|rule|OHKO Clause: OHKO moves are banned
|rule|Evasion Items Clause: Evasion items are banned
|rule|Evasion Moves Clause: Evasion moves are banned
|rule|Evasion Abilities Clause: Evasion abilities are banned
|rule|Sleep Moves Clause: Sleep-inducing moves are banned
|clearpoke
|poke|p1|Toxtricity, M|
|poke|p1|Darkrai|
|poke|p1|Samurott-Hisui, M|
|poke|p1|Rillaboom, M|
|poke|p1|Landorus-Therian, M|
|poke|p1|Hatterene, F|
|poke|p2|Overqwil, F|
|poke|p2|Basculegion-F, F|
|poke|p2|Hatterene, F|
|poke|p2|Iron Treads|
|poke|p2|Pelipper, M|
|poke|p2|Raging Bolt|
|teampreview
|
|t:|1760387370
|teamsize|p1|6
|teamsize|p2|6
|start
|switch|p1a: Bad Amp|Toxtricity, M, shiny|100/100
|switch|p2a: Iron Treads|Iron Treads|100/100
|-enditem|p2a: Iron Treads|Booster Energy
|-activate|p2a: Iron Treads|ability: Quark Drive|[fromitem]
|-start|p2a: Iron Treads|quarkdrivespe
|turn|1
|
|t:|1760387374
|switch|p1a: Rillaboom|Rillaboom, M|100/100
|-fieldstart|move: Grassy Terrain|[from] ability: Grassy Surge|[of] p1a: Rillaboom
|move|p2a: Iron Treads|Stealth Rock|p1a: Rillaboom
|-sidestart|p1: Potential Man|move: Stealth Rock
|
|upkeep
|turn|2
|
|t:|1760387381
|move|p2a: Iron Treads|Megahorn|p1a: Rillaboom
|-supereffective|p1a: Rillaboom
|-damage|p1a: Rillaboom|13/100
|move|p1a: Rillaboom|Wood Hammer|p2a: Iron Treads
|-damage|p2a: Iron Treads|0 fnt
|faint|p2a: Iron Treads
|-end|p2a: Iron Treads|Quark Drive|[silent]
|-damage|p1a: Rillaboom|0 fnt|[from] Recoil
|faint|p1a: Rillaboom
|
|upkeep
|
|t:|1760387400
|switch|p2a: Pelipper|Pelipper, M|100/100
|switch|p1a: Bad Amp|Toxtricity, M, shiny|100/100
|-damage|p1a: Bad Amp|88/100|[from] Stealth Rock
|-weather|RainDance|[from] ability: Drizzle|[of] p2a: Pelipper
|turn|3
|
|t:|1760387421
|move|p1a: Bad Amp|Boomburst|p2a: Pelipper
|-damage|p2a: Pelipper|0 fnt
|faint|p2a: Pelipper
|
|-weather|RainDance|[upkeep]
|-heal|p1a: Bad Amp|94/100|[from] Grassy Terrain
|upkeep
|
|t:|1760387434
|switch|p2a: Basculegion|Basculegion-F, F|100/100
|turn|4
|
|t:|1760387441
|move|p2a: Basculegion|Surf|p1a: Bad Amp
|-damage|p1a: Bad Amp|0 fnt
|faint|p1a: Bad Amp
|
|-weather|RainDance|[upkeep]
|upkeep
|
|t:|1760387445
|switch|p1a: Enten|Samurott-Hisui, M|100/100
|turn|5
|
|t:|1760387450
|switch|p2a: Overqwil|Overqwil, F|100/100
|move|p1a: Enten|Knock Off|p2a: Overqwil
|-resisted|p2a: Overqwil
|-damage|p2a: Overqwil|73/100
|-enditem|p2a: Overqwil|Life Orb|[from] move: Knock Off|[of] p1a: Enten
|
|-weather|RainDance|[upkeep]
|-heal|p2a: Overqwil|79/100|[from] Grassy Terrain
|-fieldend|move: Grassy Terrain
|upkeep
|turn|6
|
|t:|1760387458
|move|p2a: Overqwil|Swords Dance|p2a: Overqwil
|-boost|p2a: Overqwil|atk|2
|move|p1a: Enten|Razor Shell|p2a: Overqwil
|-damage|p2a: Overqwil|0 fnt
|faint|p2a: Overqwil
|
|-weather|RainDance|[upkeep]
|upkeep
|
|t:|1760387461
|switch|p2a: Raging Bolt|Raging Bolt|100/100
|-enditem|p2a: Raging Bolt|Booster Energy
|-activate|p2a: Raging Bolt|ability: Protosynthesis|[fromitem]
|-start|p2a: Raging Bolt|protosynthesisspa
|turn|7
|
|t:|1760387463
|move|p1a: Enten|Flip Turn|p2a: Raging Bolt
|-resisted|p2a: Raging Bolt
|-damage|p2a: Raging Bolt|81/100
|
|t:|1760387466
|switch|p1a: Landorus|Landorus-Therian, M|100/100|[from] Flip Turn
|-damage|p1a: Landorus|88/100|[from] Stealth Rock
|-ability|p1a: Landorus|Intimidate|boost
|-unboost|p2a: Raging Bolt|atk|1
|move|p2a: Raging Bolt|Thunderbolt|p1a: Landorus
|-immune|p1a: Landorus
|
|-weather|RainDance|[upkeep]
|-heal|p1a: Landorus|94/100|[from] item: Leftovers
|upkeep
|turn|8
|
|t:|1760387468
|-terastallize|p2a: Raging Bolt|Flying
|move|p2a: Raging Bolt|Weather Ball|p1a: Landorus
|-supereffective|p1a: Landorus
|-crit|p1a: Landorus
|-damage|p1a: Landorus|0 fnt
|faint|p1a: Landorus
|
|-weather|RainDance|[upkeep]
|upkeep
|
|t:|1760387479
|switch|p1a: Enten|Samurott-Hisui, M|100/100
|turn|9
|
|t:|1760387483
|-terastallize|p1a: Enten|Fire
|move|p1a: Enten|Razor Shell|p2a: Raging Bolt
|-damage|p2a: Raging Bolt|13/100
|-unboost|p2a: Raging Bolt|def|1
|move|p2a: Raging Bolt|Thunderbolt|p1a: Enten
|-damage|p1a: Enten|0 fnt
|faint|p1a: Enten
|
|-weather|RainDance|[upkeep]
|upkeep
|
|t:|1760387489
|switch|p1a: Darkrai|Darkrai|100/100
|turn|10
|
|t:|1760387493
|move|p2a: Raging Bolt|Thunderclap|p1a: Darkrai
|-damage|p1a: Darkrai|27/100
|move|p1a: Darkrai|Sludge Bomb|p2a: Raging Bolt
|-damage|p2a: Raging Bolt|0 fnt
|faint|p2a: Raging Bolt
|-end|p2a: Raging Bolt|Protosynthesis|[silent]
|
|-weather|none
|upkeep
|
|t:|1760387495
|switch|p2a: Hatterene|Hatterene, F|100/100
|turn|11
|
|t:|1760387499
|switch|p1a: Fifth Magic|Hatterene, F, shiny|100/100
|-damage|p1a: Fifth Magic|88/100|[from] Stealth Rock
|move|p2a: Hatterene|Draining Kiss|p1a: Fifth Magic
|-damage|p1a: Fifth Magic|66/100
|
|-heal|p1a: Fifth Magic|72/100|[from] item: Leftovers
|upkeep
|turn|12
|
|t:|1760387503
|switch|p2a: Basculegion|Basculegion-F, F|100/100
|move|p1a: Fifth Magic|Nuzzle|p2a: Basculegion
|-supereffective|p2a: Basculegion
|-damage|p2a: Basculegion|91/100
|-status|p2a: Basculegion|par
|
|-heal|p1a: Fifth Magic|78/100|[from] item: Leftovers
|upkeep
|turn|13
|
|t:|1760387508
|cant|p2a: Basculegion|par
|move|p1a: Fifth Magic|Psychic Noise|p2a: Basculegion
|-damage|p2a: Basculegion|56/100 par
|-start|p2a: Basculegion|move: Heal Block
|
|-heal|p1a: Fifth Magic|84/100|[from] item: Leftovers
|upkeep
|turn|14
|
|t:|1760387510
|move|p2a: Basculegion|Shadow Ball|p1a: Fifth Magic
|-supereffective|p1a: Fifth Magic
|-damage|p1a: Fifth Magic|0 fnt
|faint|p1a: Fifth Magic
|
|-end|p2a: Basculegion|move: Heal Block
|upkeep
|
|t:|1760387513
|switch|p1a: Darkrai|Darkrai|27/100
|turn|15
|
|t:|1760387515
|move|p1a: Darkrai|Dark Pulse|p2a: Basculegion
|-supereffective|p2a: Basculegion
|-damage|p2a: Basculegion|0 fnt
|faint|p2a: Basculegion
|
|upkeep
|
|t:|1760387516
|switch|p2a: Hatterene|Hatterene, F|100/100
|turn|16
|
|t:|1760387518
|move|p1a: Darkrai|Sludge Bomb|p2a: Hatterene
|-supereffective|p2a: Hatterene
|-damage|p2a: Hatterene|29/100
|move|p2a: Hatterene|Draining Kiss|p1a: Darkrai
|-supereffective|p1a: Darkrai
|-damage|p1a: Darkrai|0 fnt
|-heal|p2a: Hatterene|47/100|[from] drain|[of] p1a: Darkrai
|faint|p1a: Darkrai
|
|win|skypiaisland
|raw|Potential Man's rating: 1592 &rarr; <strong>1572</strong><br />(-20 for losing)
|raw|skypiaisland's rating: 1593 &rarr; <strong>1613</strong><br />(+20 for winning)
|l|☆skypiaisland
|player|p2|
|l|☆Potential Man
|player|p1|
