|j|☆Christendom
|j|☆Dr. Sparce
|t:|1760405353
|gametype|singles
|player|p1|Christendom|yellow|1526
|player|p2|Dr. Sparce|265|1503
|gen|9
|tier|[Gen 9] OU
|rated|
|rule|HP Percentage Mod: HP is shown in percentages
|rule|Endless Battle Clause: Forcing endless battles is banned
|rule|Species Clause: Limit one of each Pokémon
|rule|OHKO Clause: OHKO moves are banned
|rule|Evasion Items Clause: Evasion items are banned
|rule|Evasion Moves Clause: Evasion moves are banned
|rule|Evasion Abilities Clause: Evasion abilities are banned
|rule|Sleep Moves Clause: Sleep-inducing moves are banned
|clearpoke
|poke|p1|Iron Valiant|
|poke|p1|Dragapult, F|
|poke|p1|Glimmora, F|
|poke|p1|Ogerpon-Wellspring, F|
|poke|p1|Landorus-Therian, M|
|poke|p1|Kingambit, F|
|poke|p2|Iron Valiant|
|poke|p2|Kingambit, M|
|poke|p2|Latias, F|
|poke|p2|Ogerpon-Wellspring, F|
|poke|p2|Glimmora, F|
|poke|p2|Ninetales-Alola, M|
|teampreview
|
|t:|1760405362
|teamsize|p1|6
|teamsize|p2|6
|start
|switch|p1a: Dragapult|Dragapult, F|100/100
|switch|p2a: Glimmora|Glimmora, F|100/100
|turn|1
|
|t:|1760405371
|move|p1a: Dragapult|Shadow Ball|p2a: Glimmora
|-damage|p2a: Glimmora|29/100
|-enditem|p2a: Glimmora|Red Card|[of] p1a: Dragapult
|drag|p1a: Kingambit|Kingambit, F|100/100
|move|p2a: Glimmora|Stealth Rock|p1a: Kingambit
|-sidestart|p1: Christendom|move: Stealth Rock
|
|upkeep
|turn|2
|
|t:|1760405381
|-end|p1a: Kingambit|fallenundefined|[silent]
|switch|p1a: Landorus|Landorus-Therian, M|100/100
|-damage|p1a: Landorus|88/100|[from] Stealth Rock
|-ability|p1a: Landorus|Intimidate|boost
|-unboost|p2a: Glimmora|atk|1
|move|p2a: Glimmora|Earth Power|p1a: Landorus
|-immune|p1a: Landorus
|
|upkeep
|turn|3
|
|t:|1760405385
|move|p1a: Landorus|Earthquake|p2a: Glimmora
|-supereffective|p2a: Glimmora
|-crit|p2a: Glimmora
|-damage|p2a: Glimmora|0 fnt
|-activate|p2a: Glimmora|ability: Toxic Debris
|-sidestart|p1: Christendom|move: Toxic Spikes
|faint|p2a: Glimmora
|
|upkeep
|
|t:|1760405388
|switch|p2a: Ninetales|Ninetales-Alola, M|100/100
|-weather|Snowscape|[from] ability: Snow Warning|[of] p2a: Ninetales
|turn|4
|
|t:|1760405393
|switch|p1a: Glimmora|Glimmora, F|100/100
|-damage|p1a: Glimmora|88/100|[from] Stealth Rock
|-sideend|p1: Christendom|move: Toxic Spikes|[of] p1a: Glimmora
|move|p2a: Ninetales|Freeze-Dry|p1a: Glimmora
|-damage|p1a: Glimmora|60/100
|
|-weather|Snowscape|[upkeep]
|upkeep
|turn|5
|
|t:|1760405401
|move|p2a: Ninetales|Aurora Veil|p2a: Ninetales
|-sidestart|p2: Dr. Sparce|move: Aurora Veil
|move|p1a: Glimmora|Mortal Spin|p2a: Ninetales
|-supereffective|p2a: Ninetales
|-damage|p2a: Ninetales|95/100
|-status|p2a: Ninetales|psn
|-sideend|p1: Christendom|Stealth Rock|[from] move: Mortal Spin|[of] p1a: Glimmora
|
|-weather|Snowscape|[upkeep]
|-damage|p2a: Ninetales|83/100 psn|[from] psn
|upkeep
|turn|6
|
|t:|1760405410
|move|p2a: Ninetales|Encore|p1a: Glimmora
|-start|p1a: Glimmora|Encore
|move|p1a: Glimmora|Mortal Spin|p2a: Ninetales
|-supereffective|p2a: Ninetales
|-damage|p2a: Ninetales|78/100 psn
|
|-weather|Snowscape|[upkeep]
|-damage|p2a: Ninetales|65/100 psn|[from] psn
|upkeep
|turn|7
|
|t:|1760405417
|switch|p2a: Kingambit|Kingambit, M|100/100
|-activate|p2a: Kingambit|ability: Supreme Overlord
|-start|p2a: Kingambit|fallen1|[silent]
|switch|p1a: Landorus|Landorus-Therian, M|88/100
|-ability|p1a: Landorus|Intimidate|boost
|-unboost|p2a: Kingambit|atk|1
|
|-weather|Snowscape|[upkeep]
|upkeep
|turn|8
|
|t:|1760405425
|-end|p2a: Kingambit|fallen1|[silent]
|switch|p2a: Ogerpon|Ogerpon-Wellspring, F|100/100
|move|p1a: Landorus|Taunt|p2a: Ogerpon
|-start|p2a: Ogerpon|move: Taunt
|
|-weather|none
|upkeep
|turn|9
|
|t:|1760405438
|switch|p1a: Glimmora|Glimmora, F|60/100
|move|p2a: Ogerpon|Ivy Cudgel|p1a: Glimmora|[anim] Ivy Cudgel Water
|-supereffective|p1a: Glimmora
|-damage|p1a: Glimmora|0 fnt
|-activate|p1a: Glimmora|ability: Toxic Debris
|-sidestart|p2: Dr. Sparce|move: Toxic Spikes
|faint|p1a: Glimmora
|
|upkeep
|
|t:|1760405447
|switch|p1a: Dragapult|Dragapult, F|100/100
|turn|10
|
|t:|1760405453
|move|p1a: Dragapult|U-turn|p2a: Ogerpon
|-supereffective|p2a: Ogerpon
|-damage|p2a: Ogerpon|79/100
|
|t:|1760405455
|switch|p1a: Landorus|Landorus-Therian, M|88/100|[from] U-turn
|-ability|p1a: Landorus|Intimidate|boost
|-unboost|p2a: Ogerpon|atk|1
|move|p2a: Ogerpon|Ivy Cudgel|p1a: Landorus|[anim] Ivy Cudgel Water
|-supereffective|p1a: Landorus
|-damage|p1a: Landorus|11/100
|
|-end|p2a: Ogerpon|move: Taunt
|upkeep
|turn|11
|
|t:|1760405464
|move|p2a: Ogerpon|Ivy Cudgel|p1a: Landorus|[anim] Ivy Cudgel Water
|-supereffective|p1a: Landorus
|-damage|p1a: Landorus|0 fnt
|faint|p1a: Landorus
|
|upkeep
|
|t:|1760405470
|switch|p1a: Dragapult|Dragapult, F|100/100
|turn|12
|
|t:|1760405476
|move|p1a: Dragapult|U-turn|p2a: Ogerpon
|-supereffective|p2a: Ogerpon
|-damage|p2a: Ogerpon|57/100
|
|t:|1760405478
|switch|p1a: Ogerpon|Ogerpon-Wellspring, F|100/100|[from] U-turn
|move|p2a: Ogerpon|Synthesis|p2a: Ogerpon
|-heal|p2a: Ogerpon|100/100
|
|-sideend|p2: Dr. Sparce|move: Aurora Veil
|upkeep
|turn|13
|
|t:|1760405487
|move|p1a: Ogerpon|Horn Leech|p2a: Ogerpon
|-damage|p2a: Ogerpon|47/100
|move|p2a: Ogerpon|Swords Dance|p2a: Ogerpon
|-boost|p2a: Ogerpon|atk|2
|
|upkeep
|turn|14
|
|t:|1760405493
|move|p1a: Ogerpon|Horn Leech|p2a: Ogerpon
|-crit|p2a: Ogerpon
|-damage|p2a: Ogerpon|0 fnt
|faint|p2a: Ogerpon
|
|upkeep
|
|t:|1760405506
|switch|p2a: Latias|Latias, F|100/100
|turn|15
|
|t:|1760405508
|move|p1a: Ogerpon|Taunt|p2a: Latias
|-start|p2a: Latias|move: Taunt
|cant|p2a: Latias|move: Taunt|Agility
|
|upkeep
|turn|16
|
|t:|1760405520
|switch|p1a: Dragapult|Dragapult, F|100/100
|switch|p2a: Kingambit|Kingambit, M|100/100
|-activate|p2a: Kingambit|ability: Supreme Overlord
|-start|p2a: Kingambit|fallen2|[silent]
|
|upkeep
|turn|17
|
|t:|1760405529
|move|p1a: Dragapult|Flamethrower|p2a: Kingambit
|-supereffective|p2a: Kingambit
|-damage|p2a: Kingambit|15/100
|move|p2a: Kingambit|Kowtow Cleave|p1a: Dragapult
|-supereffective|p1a: Dragapult
|-damage|p1a: Dragapult|0 fnt
|faint|p1a: Dragapult
|
|upkeep
|
|t:|1760405539
|switch|p1a: Ogerpon|Ogerpon-Wellspring, F|100/100
|turn|18
|
|t:|1760405545
|move|p1a: Ogerpon|Ivy Cudgel|p2a: Kingambit|[anim] Ivy Cudgel Water
|-damage|p2a: Kingambit|0 fnt
|faint|p2a: Kingambit
|-end|p2a: Kingambit|fallen2|[silent]
|
|upkeep
|
|t:|1760405552
|switch|p2a: Iron Valiant|Iron Valiant|100/100
|-status|p2a: Iron Valiant|psn
|-enditem|p2a: Iron Valiant|Booster Energy
|-activate|p2a: Iron Valiant|ability: Quark Drive|[fromitem]
|-start|p2a: Iron Valiant|quarkdrivespe
|turn|19
|
|t:|1760405558
|move|p2a: Iron Valiant|Moonblast|p1a: Ogerpon
|-damage|p1a: Ogerpon|47/100
|-unboost|p1a: Ogerpon|spa|1
|move|p1a: Ogerpon|Ivy Cudgel|p2a: Iron Valiant|[anim] Ivy Cudgel Water
|-damage|p2a: Iron Valiant|25/100 psn
|
|-damage|p2a: Iron Valiant|13/100 psn|[from] psn
|upkeep
|turn|20
|
|t:|1760405565
|move|p2a: Iron Valiant|Moonblast|p1a: Ogerpon
|-damage|p1a: Ogerpon|0 fnt
|faint|p1a: Ogerpon
|
|-damage|p2a: Iron Valiant|0 fnt|[from] psn
|faint|p2a: Iron Valiant
|-end|p2a: Iron Valiant|Quark Drive|[silent]
|upkeep
|
|t:|1760405574
|switch|p2a: Ninetales|Ninetales-Alola, M|65/100 psn
|switch|p1a: Iron Valiant|Iron Valiant|100/100
|-weather|Snowscape|[from] ability: Snow Warning|[of] p2a: Ninetales
|-enditem|p1a: Iron Valiant|Booster Energy
|-activate|p1a: Iron Valiant|ability: Quark Drive|[fromitem]
|-start|p1a: Iron Valiant|quarkdrivespe
|turn|21
|
|t:|1760405583
|move|p1a: Iron Valiant|Swords Dance|p1a: Iron Valiant
|-boost|p1a: Iron Valiant|atk|2
|move|p2a: Ninetales|Aurora Veil|p2a: Ninetales
|-sidestart|p2: Dr. Sparce|move: Aurora Veil
|
|-weather|Snowscape|[upkeep]
|-damage|p2a: Ninetales|53/100 psn|[from] psn
|upkeep
|turn|22
|
|t:|1760405586
|move|p1a: Iron Valiant|Encore|p2a: Ninetales
|-start|p2a: Ninetales|Encore
|move|p2a: Ninetales|Aurora Veil||[still]
|-fail|p2a: Ninetales
|
|-weather|Snowscape|[upkeep]
|-damage|p2a: Ninetales|41/100 psn|[from] psn
|upkeep
|turn|23
|
|t:|1760405589
|switch|p2a: Latias|Latias, F|100/100
|move|p1a: Iron Valiant|Swords Dance|p1a: Iron Valiant
|-boost|p1a: Iron Valiant|atk|2
|
|-weather|Snowscape|[upkeep]
|upkeep
|turn|24
|
|t:|1760405597
|move|p1a: Iron Valiant|Knock Off|p2a: Latias
|-supereffective|p2a: Latias
|-damage|p2a: Latias|15/100
|-enditem|p2a: Latias|Weakness Policy
|-boost|p2a: Latias|atk|2|[from] item: Weakness Policy
|-boost|p2a: Latias|spa|2|[from] item: Weakness Policy
|move|p2a: Latias|Agility|p2a: Latias
|-boost|p2a: Latias|spe|2
|
|-weather|Snowscape|[upkeep]
|upkeep
|turn|25
|
|t:|1760405608
|-terastallize|p1a: Iron Valiant|Steel
|move|p2a: Latias|Draining Kiss|p1a: Iron Valiant
|-resisted|p1a: Iron Valiant
|-damage|p1a: Iron Valiant|79/100
|-heal|p2a: Latias|27/100|[from] drain|[of] p1a: Iron Valiant
|move|p1a: Iron Valiant|Spirit Break|p2a: Latias
|-supereffective|p2a: Latias
|-damage|p2a: Latias|0 fnt
|faint|p2a: Latias
|
|-weather|none
|upkeep
|-message|Dr. Sparce forfeited.
|
|win|Christendom
|raw|Christendom's rating: 1526 &rarr; <strong>1545</strong><br />(+19 for winning)
|raw|Dr. Sparce's rating: 1503 &rarr; <strong>1484</strong><br />(-19 for losing)
|l|☆Dr. Sparce
|player|p2|
