|j|☆Edras16
|j|☆fulkttd
|t:|1760374285
|gametype|singles
|player|p1|Edras16|169|1541
|player|p2|fulkttd|zinzolin|1484
|gen|9
|tier|[Gen 9] OU
|rated|
|rule|HP Percentage Mod: HP is shown in percentages
|rule|Endless Battle Clause: Forcing endless battles is banned
|rule|Species Clause: Limit one of each Pokémon
|rule|OHKO Clause: OHKO moves are banned
|rule|Evasion Items Clause: Evasion items are banned
|rule|Evasion Moves Clause: Evasion moves are banned
|rule|Evasion Abilities Clause: Evasion abilities are banned
|rule|Sleep Moves Clause: Sleep-inducing moves are banned
|clearpoke
|poke|p1|Ogerpon-Wellspring, F|
|poke|p1|Kingambit, F|
|poke|p1|Landorus-Therian, M|
|poke|p1|Glimmora, F|
|poke|p1|Dragapult, M|
|poke|p1|Iron Valiant|
|poke|p2|Raging Bolt|
|poke|p2|Walking Wake|
|poke|p2|Iron Valiant|
|poke|p2|Meowscarada, M|
|poke|p2|Scizor, F|
|poke|p2|Okidogi, M|
|teampreview
|inactive|Battle timer is ON: inactive players will automatically lose when time's up. (requested by fulkttd)
|
|t:|1760374296
|teamsize|p1|6
|teamsize|p2|6
|start
|switch|p1a: Dragapult|Dragapult, M|100/100
|switch|p2a: Meowscarada|Meowscarada, M|100/100
|turn|1
|
|t:|1760374306
|switch|p1a: Landorus|Landorus-Therian, M|100/100
|-ability|p1a: Landorus|Intimidate|boost
|-unboost|p2a: Meowscarada|atk|1
|move|p2a: Meowscarada|Knock Off|p1a: Landorus
|-start|p2a: Meowscarada|typechange|Dark|[from] ability: Protean
|-damage|p1a: Landorus|71/100
|-damage|p2a: Meowscarada|84/100|[from] item: Rocky Helmet|[of] p1a: Landorus
|-enditem|p1a: Landorus|Rocky Helmet|[from] move: Knock Off|[of] p2a: Meowscarada
|
|upkeep
|turn|2
|
|t:|1760374314
|switch|p2a: Scizor|Scizor, F|100/100
|move|p1a: Landorus|U-turn|p2a: Scizor
|-resisted|p2a: Scizor
|-damage|p2a: Scizor|89/100
|
|t:|1760374317
|switch|p1a: Glimmora|Glimmora, F|100/100|[from] U-turn
|
|upkeep
|turn|3
|
|t:|1760374324
|move|p2a: Scizor|Bullet Punch|p1a: Glimmora
|-supereffective|p1a: Glimmora
|-damage|p1a: Glimmora|11/100
|-activate|p1a: Glimmora|ability: Toxic Debris
|-sidestart|p2: fulkttd|move: Toxic Spikes
|move|p1a: Glimmora|Meteor Beam||[still]
|-prepare|p1a: Glimmora|Meteor Beam
|-boost|p1a: Glimmora|spa|1
|-enditem|p1a: Glimmora|Power Herb
|-anim|p1a: Glimmora|Meteor Beam|p2a: Scizor
|-damage|p2a: Scizor|0 fnt
|faint|p2a: Scizor
|
|upkeep
|
|t:|1760374331
|switch|p2a: Meowscarada|Meowscarada, M|84/100
|-status|p2a: Meowscarada|psn
|turn|4
|
|t:|1760374337
|move|p2a: Meowscarada|U-turn|p1a: Glimmora
|-start|p2a: Meowscarada|typechange|Bug|[from] ability: Protean
|-resisted|p1a: Glimmora
|-damage|p1a: Glimmora|0 fnt
|-activate|p1a: Glimmora|ability: Toxic Debris
|-sidestart|p2: fulkttd|move: Toxic Spikes
|faint|p1a: Glimmora
|
|t:|1760374342
|switch|p2a: Okidogi|Okidogi, M|100/100|[from] U-turn
|-sideend|p2: fulkttd|move: Toxic Spikes|[of] p2a: Okidogi
|
|upkeep
|
|t:|1760374347
|switch|p1a: Landorus|Landorus-Therian, M|71/100
|-ability|p1a: Landorus|Intimidate|boost
|-unboost|p2a: Okidogi|atk|1
|turn|5
|
|t:|1760374357
|switch|p2a: Meowscarada|Meowscarada, M|84/100 psn
|move|p1a: Landorus|Earthquake|p2a: Meowscarada
|-resisted|p2a: Meowscarada
|-damage|p2a: Meowscarada|47/100 psn
|
|-damage|p2a: Meowscarada|35/100 psn|[from] psn
|upkeep
|turn|6
|
|t:|1760374362
|switch|p1a: Kingambit|Kingambit, F|100/100
|-activate|p1a: Kingambit|ability: Supreme Overlord
|-start|p1a: Kingambit|fallen1|[silent]
|move|p2a: Meowscarada|U-turn|p1a: Kingambit
|-start|p2a: Meowscarada|typechange|Bug|[from] ability: Protean
|-damage|p1a: Kingambit|78/100
|
|t:|1760374369
|switch|p2a: Raging Bolt|Raging Bolt|100/100|[from] U-turn
|
|-heal|p1a: Kingambit|84/100|[from] item: Leftovers
|upkeep
|turn|7
|
|t:|1760374375
|move|p2a: Raging Bolt|Thunderbolt|p1a: Kingambit
|-damage|p1a: Kingambit|32/100
|move|p1a: Kingambit|Kowtow Cleave|p2a: Raging Bolt
|-damage|p2a: Raging Bolt|51/100
|
|-heal|p1a: Kingambit|38/100|[from] item: Leftovers
|upkeep
|turn|8
|
|t:|1760374382
|move|p1a: Kingambit|Sucker Punch|p2a: Raging Bolt
|-damage|p2a: Raging Bolt|5/100
|move|p2a: Raging Bolt|Thunderbolt|p1a: Kingambit
|-damage|p1a: Kingambit|0 fnt
|faint|p1a: Kingambit
|-end|p1a: Kingambit|fallen1|[silent]
|
|upkeep
|
|t:|1760374387
|switch|p1a: Ogerpon|Ogerpon-Wellspring, F|100/100
|turn|9
|
|t:|1760374390
|move|p2a: Raging Bolt|Thunderclap|p1a: Ogerpon
|-damage|p1a: Ogerpon|51/100
|move|p1a: Ogerpon|Horn Leech|p2a: Raging Bolt
|-resisted|p2a: Raging Bolt
|-damage|p2a: Raging Bolt|0 fnt
|-heal|p1a: Ogerpon|55/100|[from] drain|[of] p2a: Raging Bolt
|faint|p2a: Raging Bolt
|-end|p2a: Raging Bolt|Protosynthesis|[silent]
|
|upkeep
|
|t:|1760374395
|switch|p2a: Meowscarada|Meowscarada, M|35/100 psn
|turn|10
|
|t:|1760374401
|move|p2a: Meowscarada|Triple Axel|p1a: Ogerpon
|-start|p2a: Meowscarada|typechange|Ice|[from] ability: Protean
|-damage|p1a: Ogerpon|42/100
|-damage|p1a: Ogerpon|16/100
|-damage|p1a: Ogerpon|0 fnt
|faint|p1a: Ogerpon
|-hitcount|p1: Ogerpon|3
|
|-damage|p2a: Meowscarada|23/100 psn|[from] psn
|upkeep
|
|t:|1760374405
|switch|p1a: Iron Valiant|Iron Valiant|100/100
|-enditem|p1a: Iron Valiant|Booster Energy
|-activate|p1a: Iron Valiant|ability: Quark Drive|[fromitem]
|-start|p1a: Iron Valiant|quarkdrivespe
|turn|11
|
|t:|1760374424
|switch|p2a: Okidogi|Okidogi, M|100/100
|-terastallize|p1a: Iron Valiant|Steel
|move|p1a: Iron Valiant|Spirit Break|p2a: Okidogi
|-damage|p2a: Okidogi|69/100
|-unboost|p2a: Okidogi|spa|1
|
|-heal|p2a: Okidogi|75/100|[from] item: Leftovers
|upkeep
|turn|12
|
|t:|1760374436
|-end|p1a: Iron Valiant|Quark Drive|[silent]
|switch|p1a: Dragapult|Dragapult, M|100/100
|move|p2a: Okidogi|Bulk Up|p2a: Okidogi
|-boost|p2a: Okidogi|atk|1
|-boost|p2a: Okidogi|def|1
|
|-heal|p2a: Okidogi|81/100|[from] item: Leftovers
|upkeep
|turn|13
|
|t:|1760374439
|move|p1a: Dragapult|Draco Meteor|p2a: Okidogi
|-damage|p2a: Okidogi|0 fnt
|-unboost|p1a: Dragapult|spa|2
|faint|p2a: Okidogi
|
|upkeep
|
|t:|1760374446
|switch|p2a: Iron Valiant|Iron Valiant|100/100
|-enditem|p2a: Iron Valiant|Booster Energy
|-activate|p2a: Iron Valiant|ability: Quark Drive|[fromitem]
|-start|p2a: Iron Valiant|quarkdrivespe
|turn|14
|
|t:|1760374449
|switch|p1a: Landorus|Landorus-Therian, M|71/100
|-ability|p1a: Landorus|Intimidate|boost
|-unboost|p2a: Iron Valiant|atk|1
|move|p2a: Iron Valiant|Moonblast|p1a: Landorus
|-damage|p1a: Landorus|21/100
|
|upkeep
|turn|15
|
|t:|1760374452
|move|p2a: Iron Valiant|Moonblast|p1a: Landorus
|-damage|p1a: Landorus|0 fnt
|faint|p1a: Landorus
|
|upkeep
|
|t:|1760374454
|switch|p1a: Iron Valiant|Iron Valiant, tera:Steel|100/100
|turn|16
|
|t:|1760374458
|move|p2a: Iron Valiant|Close Combat|p1a: Iron Valiant
|-supereffective|p1a: Iron Valiant
|-damage|p1a: Iron Valiant|4/100
|-unboost|p2a: Iron Valiant|def|1
|-unboost|p2a: Iron Valiant|spd|1
|move|p1a: Iron Valiant|Spirit Break|p2a: Iron Valiant
|-supereffective|p2a: Iron Valiant
|-damage|p2a: Iron Valiant|0 fnt
|faint|p2a: Iron Valiant
|-end|p2a: Iron Valiant|Quark Drive|[silent]
|
|upkeep
|
|t:|1760374462
|switch|p2a: Meowscarada|Meowscarada, M|23/100 psn
|turn|17
|
|t:|1760374466
|move|p2a: Meowscarada|Knock Off|p1a: Iron Valiant
|-start|p2a: Meowscarada|typechange|Dark|[from] ability: Protean
|-damage|p1a: Iron Valiant|0 fnt
|faint|p1a: Iron Valiant
|-end|p1a: Iron Valiant|Quark Drive|[silent]
|
|-damage|p2a: Meowscarada|10/100 psn|[from] psn
|upkeep
|
|t:|1760374467
|switch|p1a: Dragapult|Dragapult, M|100/100
|turn|18
|
|t:|1760374470
|move|p2a: Meowscarada|Knock Off|p1a: Dragapult
|-supereffective|p1a: Dragapult
|-damage|p1a: Dragapult|0 fnt
|-enditem|p1a: Dragapult|Choice Specs|[from] move: Knock Off|[of] p2a: Meowscarada
|faint|p1a: Dragapult
|
|win|fulkttd
|raw|Edras16's rating: 1541 &rarr; <strong>1518</strong><br />(-23 for losing)
|raw|fulkttd's rating: 1484 &rarr; <strong>1507</strong><br />(+23 for winning)
|l|☆Edras16
|player|p1|
|l|☆fulkttd
|player|p2|
