|j|☆mattfrano0101
|j|☆Mask-Kun
|t:|1760299550
|gametype|singles
|player|p1|mattfrano0101|2|1175
|player|p2|Mask-Kun|169|1168
|gen|9
|tier|[Gen 9] OU
|rated|
|rule|HP Percentage Mod: HP is shown in percentages
|rule|Endless Battle Clause: Forcing endless battles is banned
|rule|Species Clause: Limit one of each Pokémon
|rule|OHKO Clause: OHKO moves are banned
|rule|Evasion Items Clause: Evasion items are banned
|rule|Evasion Moves Clause: Evasion moves are banned
|rule|Evasion Abilities Clause: Evasion abilities are banned
|rule|Sleep Moves Clause: Sleep-inducing moves are banned
|clearpoke
|poke|p1|Greedent, M|
|poke|p1|Bisharp, F|
|poke|p1|Munkidori, M|
|poke|p1|Lycanroc, F|
|poke|p1|Hoopa|
|poke|p1|Zapdos-Galar|
|poke|p2|Gliscor, M|
|poke|p2|Darkrai|
|poke|p2|Dragapult, M|
|poke|p2|Kingambit, F|
|poke|p2|Ogerpon-Wellspring, F|
|poke|p2|Iron Crown|
|teampreview
|inactive|Battle timer is ON: inactive players will automatically lose when time's up. (requested by mattfrano0101)
|
|t:|1760299582
|teamsize|p1|6
|teamsize|p2|6
|start
|switch|p1a: Lycanroc|Lycanroc, F|100/100
|switch|p2a: Darkrai|Darkrai|100/100
|turn|1
|
|t:|1760299604
|move|p2a: Darkrai|Focus Blast|p1a: Lycanroc
|-supereffective|p1a: Lycanroc
|-crit|p1a: Lycanroc
|-enditem|p1a: Lycanroc|Focus Sash
|-damage|p1a: Lycanroc|1/100
|move|p1a: Lycanroc|Stealth Rock|p2a: Darkrai
|-sidestart|p2: Mask-Kun|move: Stealth Rock
|
|upkeep
|turn|2
|
|t:|1760299619
|move|p1a: Lycanroc|Accelerock|p2a: Darkrai
|-damage|p2a: Darkrai|77/100
|move|p2a: Darkrai|Focus Blast|p1a: Lycanroc
|-supereffective|p1a: Lycanroc
|-damage|p1a: Lycanroc|0 fnt
|faint|p1a: Lycanroc
|
|upkeep
|
|t:|1760299628
|switch|p1a: Zapdos|Zapdos-Galar|100/100
|turn|3
|
|t:|1760299633
|switch|p2a: Dragapult|Dragapult, M|100/100
|move|p1a: Zapdos|U-turn|p2a: Dragapult
|-resisted|p2a: Dragapult
|-damage|p2a: Dragapult|79/100
|
|t:|1760299639
|switch|p1a: Bisharp|Bisharp, F|100/100|[from] U-turn
|
|upkeep
|turn|4
|
|t:|1760299652
|switch|p2a: Gliscor|Gliscor, M, shiny|100/100
|-damage|p2a: Gliscor|88/100|[from] Stealth Rock
|move|p1a: Bisharp|Swords Dance|p1a: Bisharp
|-boost|p1a: Bisharp|atk|2
|
|-status|p2a: Gliscor|tox|[from] item: Toxic Orb
|upkeep
|turn|5
|
|t:|1760299666
|move|p2a: Gliscor|Earthquake|p1a: Bisharp
|-supereffective|p1a: Bisharp
|-damage|p1a: Bisharp|50/100
|move|p1a: Bisharp|Iron Head|p2a: Gliscor
|-damage|p2a: Gliscor|31/100 tox
|
|-heal|p2a: Gliscor|44/100 tox|[from] ability: Poison Heal
|upkeep
|turn|6
|
|t:|1760299676
|move|p1a: Bisharp|Sucker Punch||[still]
|-fail|p1a: Bisharp
|move|p2a: Gliscor|Stealth Rock|p1a: Bisharp
|-sidestart|p1: mattfrano0101|move: Stealth Rock
|
|-heal|p2a: Gliscor|56/100 tox|[from] ability: Poison Heal
|upkeep
|turn|7
|
|t:|1760299691
|move|p1a: Bisharp|Sucker Punch|p2a: Gliscor
|-damage|p2a: Gliscor|8/100 tox
|move|p2a: Gliscor|Earthquake|p1a: Bisharp
|-supereffective|p1a: Bisharp
|-damage|p1a: Bisharp|1/100
|
|-heal|p2a: Gliscor|20/100 tox|[from] ability: Poison Heal
|upkeep
|turn|8
|
|t:|1760299707
|move|p1a: Bisharp|Sucker Punch|p2a: Gliscor
|-damage|p2a: Gliscor|0 fnt
|faint|p2a: Gliscor
|
|upkeep
|inactive|Mask-Kun has 120 seconds left.
|
|t:|1760299743
|switch|p2a: Iron Crown|Iron Crown|100/100
|-damage|p2a: Iron Crown|94/100|[from] Stealth Rock
|turn|9
|inactive|mattfrano0101 has 120 seconds left.
|
|t:|1760299778
|-terastallize|p2a: Iron Crown|Steel
|move|p1a: Bisharp|Sucker Punch||[still]
|-fail|p1a: Bisharp
|move|p2a: Iron Crown|Agility|p2a: Iron Crown
|-boost|p2a: Iron Crown|spe|2
|
|upkeep
|turn|10
|
|t:|1760299787
|move|p1a: Bisharp|Sucker Punch|p2a: Iron Crown
|-damage|p2a: Iron Crown|35/100
|move|p2a: Iron Crown|Tachyon Cutter|p1a: Bisharp
|-resisted|p1a: Bisharp
|-damage|p1a: Bisharp|0 fnt
|faint|p1a: Bisharp
|-hitcount|p1: Bisharp|1
|
|upkeep
|inactive|mattfrano0101 has 120 seconds left.
|
|t:|1760299798
|switch|p1a: Hoopa|Hoopa|100/100
|-damage|p1a: Hoopa|88/100|[from] Stealth Rock
|turn|11
|inactive|Mask-Kun has 120 seconds left.
|inactive|mattfrano0101 has 120 seconds left.
|inactive|Mask-Kun has 90 seconds left.
|
|t:|1760299836
|move|p2a: Iron Crown|Tachyon Cutter|p1a: Hoopa
|-damage|p1a: Hoopa|66/100
|-crit|p1a: Hoopa
|-damage|p1a: Hoopa|37/100
|-hitcount|p1a: Hoopa|2
|move|p1a: Hoopa|Shadow Ball|p2a: Iron Crown
|-damage|p2a: Iron Crown|0 fnt
|faint|p2a: Iron Crown
|-end|p2a: Iron Crown|Quark Drive|[silent]
|
|upkeep
|inactive|Mask-Kun has 90 seconds left.
|
|t:|1760299846
|switch|p2a: Dragapult|Dragapult, M|79/100
|turn|12
|
|t:|1760299853
|move|p2a: Dragapult|Will-O-Wisp|p1a: Hoopa
|-status|p1a: Hoopa|brn
|move|p1a: Hoopa|Psychic Noise|p2a: Dragapult
|-damage|p2a: Dragapult|22/100
|-start|p2a: Dragapult|move: Heal Block
|-enditem|p1a: Hoopa|Throat Spray
|-boost|p1a: Hoopa|spa|1|[from] item: Throat Spray
|
|-damage|p1a: Hoopa|31/100 brn|[from] brn
|upkeep
|turn|13
|
|t:|1760299864
|move|p2a: Dragapult|Hex|p1a: Hoopa
|-supereffective|p1a: Hoopa
|-damage|p1a: Hoopa|0 fnt
|faint|p1a: Hoopa
|
|-end|p2a: Dragapult|move: Heal Block
|upkeep
|
|t:|1760299872
|switch|p1a: Greedent|Greedent, M|100/100
|-damage|p1a: Greedent|88/100|[from] Stealth Rock
|turn|14
|
|t:|1760299894
|move|p2a: Dragapult|U-turn|p1a: Greedent
|-damage|p1a: Greedent|77/100
|
|t:|1760299903
|switch|p2a: Ogerpon|Ogerpon-Wellspring, F|100/100|[from] U-turn
|-damage|p2a: Ogerpon|88/100|[from] Stealth Rock
|move|p1a: Greedent|Stuff Cheeks|p1a: Greedent
|-boost|p1a: Greedent|def|2
|-enditem|p1a: Greedent|Maranga Berry|[eat]
|-boost|p1a: Greedent|spd|1|[from] item: Maranga Berry
|-heal|p1a: Greedent|100/100|[from] ability: Cheek Pouch
|
|upkeep
|turn|15
|
|t:|1760299915
|move|p2a: Ogerpon|Encore|p1a: Greedent
|-start|p1a: Greedent|Encore
|move|p1a: Greedent|Stuff Cheeks||[still]
|-fail|p1a: Greedent
|
|upkeep
|turn|16
|
|t:|1760299921
|move|p2a: Ogerpon|Swords Dance|p2a: Ogerpon
|-boost|p2a: Ogerpon|atk|2
|-activate|p1a: Greedent|move: Struggle
|move|p1a: Greedent|Struggle|p2a: Ogerpon
|-damage|p2a: Ogerpon|73/100
|-damage|p1a: Greedent|75/100|[from] recoil
|
|upkeep
|turn|17
|
|t:|1760299928
|move|p2a: Ogerpon|Swords Dance|p2a: Ogerpon
|-boost|p2a: Ogerpon|atk|2
|-activate|p1a: Greedent|move: Struggle
|move|p1a: Greedent|Struggle|p2a: Ogerpon
|-damage|p2a: Ogerpon|58/100
|-damage|p1a: Greedent|50/100|[from] recoil
|
|-end|p1a: Greedent|Encore
|upkeep
|turn|18
|
|t:|1760299938
|move|p2a: Ogerpon|Ivy Cudgel|p1a: Greedent|[anim] Ivy Cudgel Water
|-damage|p1a: Greedent|0 fnt
|faint|p1a: Greedent
|
|upkeep
|
|t:|1760299946
|switch|p1a: Munkidori|Munkidori, M|100/100
|-damage|p1a: Munkidori|88/100|[from] Stealth Rock
|turn|19
|
|t:|1760299951
|move|p1a: Munkidori|Psychic Noise|p2a: Ogerpon
|-damage|p2a: Ogerpon|9/100
|-start|p2a: Ogerpon|move: Heal Block
|-enditem|p1a: Munkidori|Throat Spray
|-boost|p1a: Munkidori|spa|1|[from] item: Throat Spray
|move|p2a: Ogerpon|Ivy Cudgel|p1a: Munkidori|[anim] Ivy Cudgel Water
|-damage|p1a: Munkidori|0 fnt
|faint|p1a: Munkidori
|
|upkeep
|
|t:|1760299960
|switch|p1a: Zapdos|Zapdos-Galar|100/100
|-damage|p1a: Zapdos|88/100|[from] Stealth Rock
|turn|20
|
|t:|1760299971
|move|p1a: Zapdos|Brave Bird|p2a: Ogerpon
|-supereffective|p2a: Ogerpon
|-damage|p2a: Ogerpon|0 fnt
|faint|p2a: Ogerpon
|-damage|p1a: Zapdos|86/100|[from] Recoil
|
|upkeep
|
|t:|1760299979
|switch|p2a: Dragapult|Dragapult, M|22/100
|turn|21
|
|t:|1760299985
|move|p2a: Dragapult|Will-O-Wisp|p1a: Zapdos
|-status|p1a: Zapdos|brn
|move|p1a: Zapdos|Brave Bird|p2a: Dragapult
|-damage|p2a: Dragapult|0 fnt
|faint|p2a: Dragapult
|-damage|p1a: Zapdos|79/100 brn|[from] Recoil
|
|-damage|p1a: Zapdos|73/100 brn|[from] brn
|upkeep
|
|t:|1760299991
|switch|p2a: Darkrai|Darkrai|77/100
|-damage|p2a: Darkrai|64/100|[from] Stealth Rock
|turn|22
|
|t:|1760299999
|move|p2a: Darkrai|Ice Beam|p1a: Zapdos
|-supereffective|p1a: Zapdos
|-damage|p1a: Zapdos|0 fnt
|faint|p1a: Zapdos
|
|win|Mask-Kun
|raw|mattfrano0101's rating: 1175 &rarr; <strong>1149</strong><br />(-26 for losing)
|raw|Mask-Kun's rating: 1168 &rarr; <strong>1194</strong><br />(+26 for winning)
|l|☆mattfrano0101
|player|p1|
|l|☆Mask-Kun
|player|p2|
