|j|☆jasser1919
|j|☆JumboSizedRichard
|t:|1760405638
|gametype|singles
|player|p1|jasser1919|266|1069
|player|p2|JumboSizedRichard|n|1034
|gen|9
|tier|[Gen 9] OU
|rated|
|rule|HP Percentage Mod: HP is shown in percentages
|rule|Endless Battle Clause: Forcing endless battles is banned
|rule|Species Clause: Limit one of each Pokémon
|rule|OHKO Clause: OHKO moves are banned
|rule|Evasion Items Clause: Evasion items are banned
|rule|Evasion Moves Clause: Evasion moves are banned
|rule|Evasion Abilities Clause: Evasion abilities are banned
|rule|Sleep Moves Clause: Sleep-inducing moves are banned
|clearpoke
|poke|p1|Manaphy|
|poke|p1|Dragapult, F|
|poke|p1|Feraligatr, F|
|poke|p1|Darkrai|
|poke|p1|Lycanroc-Dusk, F|
|poke|p1|Gliscor, F|
|poke|p2|Gliscor, M|
|poke|p2|Samurott-Hisui, M|
|poke|p2|Rillaboom, M|
|poke|p2|Pecharunt|
|poke|p2|Gholdengo|
|poke|p2|Iron Valiant|
|teampreview
|inactive|Battle timer is ON: inactive players will automatically lose when time's up. (requested by jasser1919)
|c|☆JumboSizedRichard|Glhf
|
|t:|1760405652
|teamsize|p1|6
|teamsize|p2|6
|start
|switch|p1a: Gliscor|Gliscor, F|100/100
|switch|p2a: Samurott|Samurott-Hisui, M|100/100
|turn|1
|
|t:|1760405669
|move|p2a: Samurott|Flip Turn|p1a: Gliscor
|-supereffective|p1a: Gliscor
|-damage|p1a: Gliscor|64/100
|
|t:|1760405679
|switch|p2a: Gholdengo|Gholdengo|100/100|[from] Flip Turn
|-item|p2a: Gholdengo|Air Balloon
|move|p1a: Gliscor|Knock Off|p2a: Gholdengo
|-supereffective|p2a: Gholdengo
|-damage|p2a: Gholdengo|62/100
|-enditem|p2a: Gholdengo|Air Balloon
|
|-status|p1a: Gliscor|tox|[from] item: Toxic Orb
|upkeep
|turn|2
|
|t:|1760405696
|move|p1a: Gliscor|Earthquake|p2a: Gholdengo
|-supereffective|p2a: Gholdengo
|-damage|p2a: Gholdengo|2/100
|move|p2a: Gholdengo|Make It Rain|p1a: Gliscor
|-damage|p1a: Gliscor|0 fnt
|-unboost|p2a: Gholdengo|spa|1
|faint|p1a: Gliscor
|
|upkeep
|
|t:|1760405706
|switch|p1a: Lycanroc|Lycanroc-Dusk, F|100/100
|turn|3
|
|t:|1760405712
|move|p1a: Lycanroc|Accelerock|p2a: Gholdengo
|-resisted|p2a: Gholdengo
|-damage|p2a: Gholdengo|0 fnt
|faint|p2a: Gholdengo
|
|upkeep
|
|t:|1760405721
|switch|p2a: Rillaboom|Rillaboom, M|100/100
|-fieldstart|move: Grassy Terrain|[from] ability: Grassy Surge|[of] p2a: Rillaboom
|turn|4
|
|t:|1760405731
|move|p1a: Lycanroc|Play Rough|p2a: Rillaboom|[miss]
|-miss|p1a: Lycanroc|p2a: Rillaboom
|move|p2a: Rillaboom|Knock Off|p1a: Lycanroc
|-damage|p1a: Lycanroc|44/100
|-enditem|p1a: Lycanroc|Expert Belt|[from] move: Knock Off|[of] p2a: Rillaboom
|
|-heal|p1a: Lycanroc|50/100|[from] Grassy Terrain
|upkeep
|turn|5
|
|t:|1760405741
|move|p2a: Rillaboom|Grassy Glide|p1a: Lycanroc
|-supereffective|p1a: Lycanroc
|-damage|p1a: Lycanroc|0 fnt
|faint|p1a: Lycanroc
|
|upkeep
|
|t:|1760405747
|switch|p1a: Feraligatr|Feraligatr, F|100/100
|turn|6
|
|t:|1760405755
|-terastallize|p1a: Feraligatr|Dark
|move|p1a: Feraligatr|Dragon Dance|p1a: Feraligatr
|-boost|p1a: Feraligatr|atk|1
|-boost|p1a: Feraligatr|spe|1
|move|p2a: Rillaboom|U-turn|p1a: Feraligatr
|-supereffective|p1a: Feraligatr
|-damage|p1a: Feraligatr|45/100
|
|t:|1760405772
|switch|p2a: Iron Valiant|Iron Valiant, shiny|100/100|[from] U-turn
|-enditem|p2a: Iron Valiant|Booster Energy
|-activate|p2a: Iron Valiant|ability: Quark Drive|[fromitem]
|-start|p2a: Iron Valiant|quarkdrivespe
|
|-heal|p1a: Feraligatr|51/100|[from] Grassy Terrain
|upkeep
|turn|7
|
|t:|1760405785
|move|p2a: Iron Valiant|Moonblast|p1a: Feraligatr
|-supereffective|p1a: Feraligatr
|-damage|p1a: Feraligatr|0 fnt
|faint|p1a: Feraligatr
|
|upkeep
|
|t:|1760405790
|switch|p1a: Manaphy|Manaphy|100/100
|turn|8
|
|t:|1760405795
|move|p2a: Iron Valiant|Future Sight|p1a: Manaphy
|-start|p2a: Iron Valiant|move: Future Sight
|move|p1a: Manaphy|Energy Ball|p2a: Iron Valiant
|-damage|p2a: Iron Valiant|32/100
|
|-heal|p2a: Iron Valiant|38/100|[from] Grassy Terrain
|-fieldend|move: Grassy Terrain
|upkeep
|turn|9
|
|t:|1760405806
|move|p2a: Iron Valiant|Knock Off|p1a: Manaphy
|-damage|p1a: Manaphy|67/100
|-enditem|p1a: Manaphy|Leftovers|[from] move: Knock Off|[of] p2a: Iron Valiant
|move|p1a: Manaphy|Dazzling Gleam|p2a: Iron Valiant
|-supereffective|p2a: Iron Valiant
|-damage|p2a: Iron Valiant|0 fnt
|faint|p2a: Iron Valiant
|-end|p2a: Iron Valiant|Quark Drive|[silent]
|
|upkeep
|
|t:|1760405812
|switch|p2a: Samurott|Samurott-Hisui, M|100/100
|turn|10
|
|t:|1760405817
|move|p2a: Samurott|Ceaseless Edge|p1a: Manaphy
|-damage|p1a: Manaphy|25/100
|-sidestart|p1: jasser1919|Spikes
|move|p1a: Manaphy|Energy Ball|p2a: Samurott
|-supereffective|p2a: Samurott
|-damage|p2a: Samurott|26/100
|-unboost|p2a: Samurott|spd|1
|
|-end|p1a: Manaphy|move: Future Sight
|-damage|p1a: Manaphy|0 fnt
|faint|p1a: Manaphy
|upkeep
|
|t:|1760405829
|switch|p1a: Darkrai|Darkrai|100/100
|-damage|p1a: Darkrai|88/100|[from] Spikes
|turn|11
|
|t:|1760405835
|move|p2a: Samurott|Ceaseless Edge|p1a: Darkrai
|-resisted|p1a: Darkrai
|-damage|p1a: Darkrai|58/100
|-sidestart|p1: jasser1919|Spikes
|move|p1a: Darkrai|Nasty Plot|p1a: Darkrai
|-boost|p1a: Darkrai|spa|2
|
|upkeep
|turn|12
|
|t:|1760405842
|move|p2a: Samurott|Ceaseless Edge|p1a: Darkrai|[miss]
|-miss|p2a: Samurott|p1a: Darkrai
|move|p1a: Darkrai|Sludge Bomb|p2a: Samurott
|-damage|p2a: Samurott|0 fnt
|faint|p2a: Samurott
|
|upkeep
|
|t:|1760405849
|switch|p2a: Rillaboom|Rillaboom, M|100/100
|-fieldstart|move: Grassy Terrain|[from] ability: Grassy Surge|[of] p2a: Rillaboom
|turn|13
|
|t:|1760405854
|move|p1a: Darkrai|Sludge Bomb|p2a: Rillaboom
|-supereffective|p2a: Rillaboom
|-damage|p2a: Rillaboom|0 fnt
|faint|p2a: Rillaboom
|
|-heal|p1a: Darkrai|64/100|[from] Grassy Terrain
|upkeep
|
|t:|1760405859
|switch|p2a: Pecharunt|Pecharunt|100/100
|turn|14
|
|t:|1760405863
|move|p1a: Darkrai|Dark Pulse|p2a: Pecharunt
|-supereffective|p2a: Pecharunt
|-damage|p2a: Pecharunt|0 fnt
|faint|p2a: Pecharunt
|
|-heal|p1a: Darkrai|70/100|[from] Grassy Terrain
|upkeep
|
|t:|1760405865
|switch|p2a: Gliscor|Gliscor, M|100/100
|turn|15
|
|t:|1760405878
|-terastallize|p2a: Gliscor|Normal
|move|p2a: Gliscor|Protect|p2a: Gliscor
|-singleturn|p2a: Gliscor|Protect
|move|p1a: Darkrai|Dark Pulse|p2a: Gliscor
|-activate|p2a: Gliscor|move: Protect
|
|-heal|p1a: Darkrai|76/100|[from] Grassy Terrain
|-status|p2a: Gliscor|tox|[from] item: Toxic Orb
|upkeep
|turn|16
|
|t:|1760405889
|move|p1a: Darkrai|Dark Pulse|p2a: Gliscor
|-damage|p2a: Gliscor|28/100 tox
|move|p2a: Gliscor|Earthquake|p1a: Darkrai
|-damage|p1a: Darkrai|51/100
|
|-heal|p1a: Darkrai|57/100|[from] Grassy Terrain
|-heal|p2a: Gliscor|34/100 tox|[from] Grassy Terrain
|-heal|p2a: Gliscor|46/100 tox|[from] ability: Poison Heal
|upkeep
|turn|17
|
|t:|1760405900
|move|p1a: Darkrai|Nasty Plot|p1a: Darkrai
|-boost|p1a: Darkrai|spa|2
|move|p2a: Gliscor|Earthquake|p1a: Darkrai
|-crit|p1a: Darkrai
|-damage|p1a: Darkrai|18/100
|
|-heal|p1a: Darkrai|24/100|[from] Grassy Terrain
|-heal|p2a: Gliscor|52/100 tox|[from] Grassy Terrain
|-heal|p2a: Gliscor|65/100 tox|[from] ability: Poison Heal
|-fieldend|move: Grassy Terrain
|upkeep
|turn|18
|
|t:|1760405910
|move|p2a: Gliscor|Protect|p2a: Gliscor
|-singleturn|p2a: Gliscor|Protect
|move|p1a: Darkrai|Dark Pulse|p2a: Gliscor
|-activate|p2a: Gliscor|move: Protect
|
|-heal|p2a: Gliscor|77/100 tox|[from] ability: Poison Heal
|upkeep
|turn|19
|
|t:|1760405919
|move|p1a: Darkrai|Dark Pulse|p2a: Gliscor
|-damage|p2a: Gliscor|0 fnt
|faint|p2a: Gliscor
|
|win|jasser1919
|raw|jasser1919's rating: 1069 &rarr; <strong>1096</strong><br />(+27 for winning)
|raw|JumboSizedRichard's rating: 1034 &rarr; <strong>1020</strong><br />(-14 for losing)
|l|☆jasser1919
|player|p1|
|c|☆JumboSizedRichard|Gg
