|j|☆Maltyy
|j|☆Mittermite
|t:|1760330233
|gametype|singles
|player|p1|Maltyy|harlequin|1336
|player|p2|Mittermite|2|1298
|gen|9
|tier|[Gen 9] OU
|rated|
|rule|HP Percentage Mod: HP is shown in percentages
|rule|Endless Battle Clause: Forcing endless battles is banned
|rule|Species Clause: Limit one of each Pokémon
|rule|OHKO Clause: OHKO moves are banned
|rule|Evasion Items Clause: Evasion items are banned
|rule|Evasion Moves Clause: Evasion moves are banned
|rule|Evasion Abilities Clause: Evasion abilities are banned
|rule|Sleep Moves Clause: Sleep-inducing moves are banned
|clearpoke
|poke|p1|Lokix, F|
|poke|p1|Cinderace, M|
|poke|p1|Great Tusk|
|poke|p1|Alomomola, F|
|poke|p1|Enamorus, F|
|poke|p1|Slowking-Galar, F|
|poke|p2|Tinkaton, F|
|poke|p2|Ogerpon-Wellspring, F|
|poke|p2|Ting-Lu|
|poke|p2|Great Tusk|
|poke|p2|Goodra-Hisui, F|
|poke|p2|Dragapult, M|
|teampreview
|inactive|Battle timer is ON: inactive players will automatically lose when time's up. (requested by Mittermite)
|
|t:|1760330251
|teamsize|p1|6
|teamsize|p2|6
|start
|switch|p1a: Enamorus|Enamorus, F|100/100
|switch|p2a: Dragapult|Dragapult, M|100/100
|turn|1
|
|t:|1760330258
|move|p1a: Enamorus|Moonblast|p2a: Dragapult
|-supereffective|p2a: Dragapult
|-damage|p2a: Dragapult|0 fnt
|faint|p2a: Dragapult
|
|upkeep
|
|t:|1760330263
|switch|p2a: Tinkaton|Tinkaton, F|100/100
|-ability|p2a: Tinkaton|Mold Breaker
|turn|2
|
|t:|1760330268
|switch|p1a: Great Tusk|Great Tusk|100/100
|move|p2a: Tinkaton|Play Rough|p1a: Great Tusk
|-supereffective|p1a: Great Tusk
|-damage|p1a: Great Tusk|54/100
|-unboost|p1a: Great Tusk|atk|1
|-damage|p2a: Tinkaton|91/100|[from] item: Life Orb
|
|-heal|p1a: Great Tusk|60/100|[from] item: Leftovers
|upkeep
|turn|3
|
|t:|1760330275
|switch|p2a: Great Tusk|Great Tusk|100/100
|-end|p1a: Great Tusk|Protosynthesis|[silent]
|switch|p1a: Slowking|Slowking-Galar, F|100/100
|
|upkeep
|turn|4
|
|t:|1760330282
|switch|p1a: Enamorus|Enamorus, F|100/100
|move|p2a: Great Tusk|Rapid Spin|p1a: Enamorus
|-damage|p1a: Enamorus|74/100
|-boost|p2a: Great Tusk|spe|1
|
|upkeep
|turn|5
|
|t:|1760330289
|-terastallize|p2a: Great Tusk|Fairy
|move|p1a: Enamorus|Moonblast|p2a: Great Tusk
|-damage|p2a: Great Tusk|23/100
|move|p2a: Great Tusk|Rapid Spin|p1a: Enamorus
|-damage|p1a: Enamorus|47/100
|-boost|p2a: Great Tusk|spe|1
|
|upkeep
|turn|6
|
|t:|1760330311
|switch|p1a: Slowking|Slowking-Galar, F|100/100
|move|p2a: Great Tusk|Rapid Spin|p1a: Slowking
|-damage|p1a: Slowking|88/100
|-boost|p2a: Great Tusk|spe|1
|
|upkeep
|turn|7
|
|t:|1760330316
|move|p2a: Great Tusk|Earthquake|p1a: Slowking
|-supereffective|p1a: Slowking
|-enditem|p1a: Slowking|Shuca Berry|[eat]
|-enditem|p1a: Slowking|Shuca Berry|[weaken]
|-damage|p1a: Slowking|54/100
|move|p1a: Slowking|Sludge Bomb|p2a: Great Tusk
|-supereffective|p2a: Great Tusk
|-crit|p2a: Great Tusk
|-damage|p2a: Great Tusk|0 fnt
|faint|p2a: Great Tusk
|-end|p2a: Great Tusk|Protosynthesis|[silent]
|
|upkeep
|
|t:|1760330322
|switch|p2a: Ogerpon|Ogerpon-Wellspring, F|100/100
|turn|8
|
|t:|1760330332
|move|p2a: Ogerpon|Swords Dance|p2a: Ogerpon
|-boost|p2a: Ogerpon|atk|2
|move|p1a: Slowking|Sludge Bomb|p2a: Ogerpon
|-supereffective|p2a: Ogerpon
|-damage|p2a: Ogerpon|19/100
|
|upkeep
|turn|9
|
|t:|1760330335
|move|p2a: Ogerpon|Ivy Cudgel|p1a: Slowking|[anim] Ivy Cudgel Water
|-damage|p1a: Slowking|0 fnt
|faint|p1a: Slowking
|
|upkeep
|
|t:|1760330338
|switch|p1a: Lokix|Lokix, F|100/100
|turn|10
|
|t:|1760330341
|move|p1a: Lokix|First Impression|p2a: Ogerpon
|-supereffective|p2a: Ogerpon
|-damage|p2a: Ogerpon|0 fnt
|faint|p2a: Ogerpon
|
|upkeep
|
|t:|1760330343
|switch|p2a: Tinkaton|Tinkaton, F|91/100
|-ability|p2a: Tinkaton|Mold Breaker
|turn|11
|
|t:|1760330352
|switch|p1a: Alomomola|Alomomola, F|100/100
|move|p2a: Tinkaton|Play Rough|p1a: Alomomola
|-crit|p1a: Alomomola
|-damage|p1a: Alomomola|54/100
|-damage|p2a: Tinkaton|81/100|[from] item: Life Orb
|
|upkeep
|turn|12
|
|t:|1760330357
|move|p2a: Tinkaton|Thunder Wave|p1a: Alomomola
|-status|p1a: Alomomola|par
|move|p1a: Alomomola|Flip Turn|p2a: Tinkaton
|-damage|p2a: Tinkaton|56/100
|
|t:|1760330361
|switch|p1a: Cinderace|Cinderace, M|100/100|[from] Flip Turn
|
|upkeep
|turn|13
|
|t:|1760330366
|switch|p2a: Ting-Lu|Ting-Lu|100/100
|-ability|p2a: Ting-Lu|Vessel of Ruin
|move|p1a: Cinderace|Will-O-Wisp|p2a: Ting-Lu
|-status|p2a: Ting-Lu|brn
|
|-damage|p2a: Ting-Lu|94/100 brn|[from] brn
|upkeep
|turn|14
|
|t:|1760330372
|move|p1a: Cinderace|U-turn|p2a: Ting-Lu
|-supereffective|p2a: Ting-Lu
|-damage|p2a: Ting-Lu|79/100 brn
|
|t:|1760330375
|switch|p1a: Enamorus|Enamorus, F|47/100|[from] U-turn
|move|p2a: Ting-Lu|Spikes|p1a: Enamorus
|-sidestart|p1: Maltyy|Spikes
|
|-heal|p2a: Ting-Lu|85/100 brn|[from] item: Leftovers
|-damage|p2a: Ting-Lu|79/100 brn|[from] brn
|upkeep
|turn|15
|
|t:|1760330394
|move|p1a: Enamorus|Moonblast|p2a: Ting-Lu
|-supereffective|p2a: Ting-Lu
|-damage|p2a: Ting-Lu|8/100 brn
|move|p2a: Ting-Lu|Rock Tomb|p1a: Enamorus
|-supereffective|p1a: Enamorus
|-damage|p1a: Enamorus|22/100
|-boost|p1a: Enamorus|spe|1
|
|-heal|p2a: Ting-Lu|14/100 brn|[from] item: Leftovers
|-damage|p2a: Ting-Lu|8/100 brn|[from] brn
|upkeep
|turn|16
|
|t:|1760330403
|move|p1a: Enamorus|Moonblast|p2a: Ting-Lu
|-supereffective|p2a: Ting-Lu
|-damage|p2a: Ting-Lu|0 fnt
|faint|p2a: Ting-Lu
|
|upkeep
|
|t:|1760330406
|switch|p2a: Goodra|Goodra-Hisui, F|100/100
|turn|17
|
|t:|1760330413
|switch|p1a: Alomomola|Alomomola, F|88/100 par
|-damage|p1a: Alomomola|75/100 par|[from] Spikes
|move|p2a: Goodra|Sludge Wave|p1a: Alomomola
|-damage|p1a: Alomomola|59/100 par
|
|upkeep
|turn|18
|
|t:|1760330419
|move|p2a: Goodra|Sludge Wave|p1a: Alomomola
|-damage|p1a: Alomomola|44/100 par
|move|p1a: Alomomola|Mirror Coat|p2a: Goodra
|-damage|p2a: Goodra|56/100
|
|upkeep
|turn|19
|
|t:|1760330425
|move|p2a: Goodra|Flash Cannon|p1a: Alomomola
|-resisted|p1a: Alomomola
|-damage|p1a: Alomomola|35/100 par
|move|p1a: Alomomola|Flip Turn|p2a: Goodra
|-resisted|p2a: Goodra
|-damage|p2a: Goodra|48/100
|-ability|p2a: Goodra|Gooey
|-unboost|p1a: Alomomola|spe|1
|
|t:|1760330431
|switch|p1a: Great Tusk|Great Tusk|60/100|[from] Flip Turn
|-damage|p1a: Great Tusk|48/100|[from] Spikes
|
|-heal|p1a: Great Tusk|54/100|[from] item: Leftovers
|upkeep
|turn|20
|
|t:|1760330439
|move|p1a: Great Tusk|Earthquake|p2a: Goodra
|-supereffective|p2a: Goodra
|-damage|p2a: Goodra|0 fnt
|faint|p2a: Goodra
|
|-heal|p1a: Great Tusk|60/100|[from] item: Leftovers
|upkeep
|-message|Mittermite forfeited.
|
|win|Maltyy
|raw|Maltyy's rating: 1336 &rarr; <strong>1354</strong><br />(+18 for winning)
|raw|Mittermite's rating: 1298 &rarr; <strong>1276</strong><br />(-22 for losing)
|l|☆Mittermite
|player|p2|
|l|☆Maltyy
|player|p1|
