|j|☆ouzq hbk
|j|☆bald wooper
|t:|1760432467
|gametype|singles
|player|p1|ouzq hbk|1|1730
|player|p2|bald wooper|265|1766
|gen|9
|tier|[Gen 9] OU
|rated|
|rule|HP Percentage Mod: HP is shown in percentages
|rule|Endless Battle Clause: Forcing endless battles is banned
|rule|Species Clause: Limit one of each Pokémon
|rule|OHKO Clause: OHKO moves are banned
|rule|Evasion Items Clause: Evasion items are banned
|rule|Evasion Moves Clause: Evasion moves are banned
|rule|Evasion Abilities Clause: Evasion abilities are banned
|rule|Sleep Moves Clause: Sleep-inducing moves are banned
|clearpoke
|poke|p1|Hoopa-Unbound|
|poke|p1|Clefable, M|
|poke|p1|Zamazenta-*|
|poke|p1|Gholdengo|
|poke|p1|Alomomola, M|
|poke|p1|Iron Treads|
|poke|p2|Landorus-Therian, M|
|poke|p2|Kingambit, M|
|poke|p2|Slowking-Galar, M|
|poke|p2|Iron Treads|
|poke|p2|Volcanion|
|poke|p2|Darkrai|
|teampreview
|inactive|Battle timer is ON: inactive players will automatically lose when time's up. (requested by bald wooper)
|
|t:|1760432497
|teamsize|p1|6
|teamsize|p2|6
|start
|switch|p1a: Poopa|Hoopa-Unbound|100/100
|switch|p2a: Volcanion|Volcanion|100/100
|turn|1
|
|t:|1760432507
|move|p2a: Volcanion|Will-O-Wisp|p1a: Poopa
|-status|p1a: Poopa|brn
|move|p1a: Poopa|Knock Off|p2a: Volcanion
|-damage|p2a: Volcanion|79/100
|-enditem|p2a: Volcanion|Heavy-Duty Boots|[from] move: Knock Off|[of] p1a: Poopa
|
|-damage|p1a: Poopa|94/100 brn|[from] brn
|upkeep
|turn|2
|
|t:|1760432517
|switch|p2a: Iron Treads|Iron Treads|100/100
|move|p1a: Poopa|Future Sight|p2a: Iron Treads
|-start|p1a: Poopa|move: Future Sight
|
|-damage|p1a: Poopa|88/100 brn|[from] brn
|upkeep
|turn|3
|j| JasperrepsaJ
|
|t:|1760432524
|switch|p1a: Annoying lil shit|Alomomola, M|100/100
|move|p2a: Iron Treads|Volt Switch|p1a: Annoying lil shit
|-supereffective|p1a: Annoying lil shit
|-damage|p1a: Annoying lil shit|76/100
|
|t:|1760432528
|-end|p2a: Iron Treads|Quark Drive|[silent]
|switch|p2a: Darkrai|Darkrai|100/100|[from] Volt Switch
|
|upkeep
|turn|4
|l| JasperrepsaJ
|
|t:|1760432537
|switch|p1a: Poopa|Hoopa-Unbound|88/100 brn
|move|p2a: Darkrai|Nasty Plot|p2a: Darkrai
|-boost|p2a: Darkrai|spa|2
|
|-end|p2a: Darkrai|move: Future Sight
|-immune|p2a: Darkrai
|-damage|p1a: Poopa|82/100 brn|[from] brn
|upkeep
|turn|5
|
|t:|1760432545
|switch|p2a: Landorus|Landorus-Therian, M|100/100
|-ability|p2a: Landorus|Intimidate|boost
|-unboost|p1a: Poopa|atk|1
|move|p1a: Poopa|Drain Punch|p2a: Landorus
|-resisted|p2a: Landorus
|-damage|p2a: Landorus|97/100
|-heal|p1a: Poopa|85/100 brn|[from] drain|[of] p2a: Landorus
|-damage|p1a: Poopa|68/100 brn|[from] item: Rocky Helmet|[of] p2a: Landorus
|
|-damage|p1a: Poopa|62/100 brn|[from] brn
|upkeep
|turn|6
|
|t:|1760432557
|switch|p1a: Annoying lil shit|Alomomola, M|100/100
|move|p2a: Landorus|U-turn|p1a: Annoying lil shit
|-damage|p1a: Annoying lil shit|90/100
|-damage|p2a: Landorus|80/100|[from] item: Rocky Helmet|[of] p1a: Annoying lil shit
|
|t:|1760432561
|switch|p2a: Volcanion|Volcanion|79/100|[from] U-turn
|
|upkeep
|turn|7
|
|t:|1760432568
|move|p2a: Volcanion|Fire Spin|p1a: Annoying lil shit
|-resisted|p1a: Annoying lil shit
|-damage|p1a: Annoying lil shit|81/100
|-activate|p1a: Annoying lil shit|move: Fire Spin|[of] p2a: Volcanion
|move|p1a: Annoying lil shit|Wish|p1a: Annoying lil shit
|
|-damage|p1a: Annoying lil shit|68/100|[from] move: Fire Spin|[partiallytrapped]
|upkeep
|turn|8
|
|t:|1760432581
|move|p1a: Annoying lil shit|Protect|p1a: Annoying lil shit
|-singleturn|p1a: Annoying lil shit|Protect
|move|p2a: Volcanion|Taunt|p1a: Annoying lil shit
|-activate|p1a: Annoying lil shit|move: Protect
|
|-heal|p1a: Annoying lil shit|100/100|[from] move: Wish|[wisher] Annoying lil shit
|-damage|p1a: Annoying lil shit|88/100|[from] move: Fire Spin|[partiallytrapped]
|upkeep
|turn|9
|
|t:|1760432591
|move|p2a: Volcanion|Will-O-Wisp|p1a: Annoying lil shit
|-status|p1a: Annoying lil shit|brn
|move|p1a: Annoying lil shit|Wish|p1a: Annoying lil shit
|
|-damage|p1a: Annoying lil shit|82/100 brn|[from] brn
|-damage|p1a: Annoying lil shit|70/100 brn|[from] move: Fire Spin|[partiallytrapped]
|upkeep
|turn|10
|
|t:|1760432600
|move|p1a: Annoying lil shit|Protect|p1a: Annoying lil shit
|-singleturn|p1a: Annoying lil shit|Protect
|move|p2a: Volcanion|Taunt|p1a: Annoying lil shit
|-activate|p1a: Annoying lil shit|move: Protect
|
|-heal|p1a: Annoying lil shit|100/100 brn|[from] move: Wish|[wisher] Annoying lil shit
|-damage|p1a: Annoying lil shit|94/100 brn|[from] brn
|-damage|p1a: Annoying lil shit|82/100 brn|[from] move: Fire Spin|[partiallytrapped]
|upkeep
|turn|11
|
|t:|1760432609
|move|p2a: Volcanion|Taunt|p1a: Annoying lil shit
|-start|p1a: Annoying lil shit|move: Taunt
|cant|p1a: Annoying lil shit|move: Taunt|Wish
|
|-damage|p1a: Annoying lil shit|76/100 brn|[from] brn
|-end|p1a: Annoying lil shit|Fire Spin|[partiallytrapped]
|upkeep
|turn|12
|
|t:|1760432615
|switch|p1a: Poopa|Hoopa-Unbound|62/100 brn
|move|p2a: Volcanion|Steam Eruption|p1a: Poopa
|-damage|p1a: Poopa|46/100 brn
|
|-damage|p1a: Poopa|40/100 brn|[from] brn
|upkeep
|turn|13
|
|t:|1760432625
|move|p2a: Volcanion|Fire Spin|p1a: Poopa|[miss]
|-miss|p2a: Volcanion|p1a: Poopa
|move|p1a: Poopa|Psychic Noise|p2a: Volcanion
|-damage|p2a: Volcanion|50/100
|-start|p2a: Volcanion|move: Heal Block
|
|-damage|p1a: Poopa|33/100 brn|[from] brn
|upkeep
|turn|14
|
|t:|1760432635
|switch|p2a: Iron Treads|Iron Treads|100/100
|move|p1a: Poopa|Psychic Noise|p2a: Iron Treads
|-resisted|p2a: Iron Treads
|-damage|p2a: Iron Treads|74/100
|-start|p2a: Iron Treads|move: Heal Block
|
|-damage|p1a: Poopa|27/100 brn|[from] brn
|upkeep
|turn|15
|
|t:|1760432647
|move|p2a: Iron Treads|Volt Switch|p1a: Poopa
|-damage|p1a: Poopa|23/100 brn
|
|t:|1760432652
|-end|p2a: Iron Treads|Quark Drive|[silent]
|switch|p2a: Landorus|Landorus-Therian, M|80/100|[from] Volt Switch
|-ability|p2a: Landorus|Intimidate|boost
|-unboost|p1a: Poopa|atk|1
|move|p1a: Poopa|Future Sight|p2a: Landorus
|-start|p1a: Poopa|move: Future Sight
|
|-damage|p1a: Poopa|17/100 brn|[from] brn
|upkeep
|turn|16
|
|t:|1760432660
|switch|p1a: Annoying lil shit|Alomomola, M|100/100 brn
|move|p2a: Landorus|Stealth Rock|p1a: Annoying lil shit
|-sidestart|p1: ouzq hbk|move: Stealth Rock
|
|-damage|p1a: Annoying lil shit|94/100 brn|[from] brn
|upkeep
|turn|17
|
|t:|1760432666
|switch|p2a: Volcanion|Volcanion|50/100
|move|p1a: Annoying lil shit|Protect||[still]
|-fail|p1a: Annoying lil shit
|
|-end|p2a: Volcanion|move: Future Sight
|-damage|p2a: Volcanion|3/100
|-damage|p1a: Annoying lil shit|88/100 brn|[from] brn
|upkeep
|turn|18
|inactive|ouzq hbk has 120 seconds left.
|
|t:|1760432716
|switch|p1a: Poopa|Hoopa-Unbound|17/100 brn
|-damage|p1a: Poopa|4/100 brn|[from] Stealth Rock
|move|p2a: Volcanion|Steam Eruption|p1a: Poopa
|-damage|p1a: Poopa|0 fnt
|faint|p1a: Poopa
|
|upkeep
|
|t:|1760432728
|switch|p1a: Iron Treads|Iron Treads|100/100
|-damage|p1a: Iron Treads|98/100|[from] Stealth Rock
|turn|19
|
|t:|1760432734
|switch|p2a: Landorus|Landorus-Therian, M|80/100
|-ability|p2a: Landorus|Intimidate|boost
|-unboost|p1a: Iron Treads|atk|1
|move|p1a: Iron Treads|Rapid Spin|p2a: Landorus
|-damage|p2a: Landorus|71/100
|-boost|p1a: Iron Treads|spe|1
|-damage|p1a: Iron Treads|81/100|[from] item: Rocky Helmet|[of] p2a: Landorus
|-sideend|p1: ouzq hbk|Stealth Rock|[from] move: Rapid Spin|[of] p1a: Iron Treads
|
|-heal|p1a: Iron Treads|87/100|[from] item: Leftovers
|upkeep
|turn|20
|
|t:|1760432745
|move|p1a: Iron Treads|Stealth Rock|p2a: Landorus
|-sidestart|p2: bald wooper|move: Stealth Rock
|move|p2a: Landorus|Earth Power|p1a: Iron Treads
|-supereffective|p1a: Iron Treads
|-damage|p1a: Iron Treads|33/100
|
|-heal|p1a: Iron Treads|39/100|[from] item: Leftovers
|upkeep
|turn|21
|inactive|ouzq hbk has 90 seconds left.
|
|t:|1760432772
|-end|p1a: Iron Treads|Quark Drive|[silent]
|switch|p1a: Annoying lil shit|Alomomola, M|100/100 brn
|move|p2a: Landorus|Earth Power|p1a: Annoying lil shit
|-damage|p1a: Annoying lil shit|64/100 brn
|
|-damage|p1a: Annoying lil shit|58/100 brn|[from] brn
|upkeep
|turn|22
|
|t:|1760432779
|move|p2a: Landorus|Stealth Rock|p1a: Annoying lil shit
|-sidestart|p1: ouzq hbk|move: Stealth Rock
|move|p1a: Annoying lil shit|Whirlpool|p2a: Landorus
|-supereffective|p2a: Landorus
|-damage|p2a: Landorus|57/100
|-activate|p2a: Landorus|move: Whirlpool|[of] p1a: Annoying lil shit
|
|-damage|p1a: Annoying lil shit|52/100 brn|[from] brn
|-damage|p2a: Landorus|45/100|[from] move: Whirlpool|[partiallytrapped]
|upkeep
|turn|23
|
|t:|1760432787
|move|p1a: Annoying lil shit|Protect|p1a: Annoying lil shit
|-singleturn|p1a: Annoying lil shit|Protect
|move|p2a: Landorus|U-turn|p1a: Annoying lil shit
|-activate|p1a: Annoying lil shit|move: Protect
|
|-damage|p1a: Annoying lil shit|46/100 brn|[from] brn
|-damage|p2a: Landorus|33/100|[from] move: Whirlpool|[partiallytrapped]
|upkeep
|turn|24
|
|t:|1760432794
|move|p2a: Landorus|Earth Power|p1a: Annoying lil shit
|-damage|p1a: Annoying lil shit|6/100 brn
|-unboost|p1a: Annoying lil shit|spd|1
|move|p1a: Annoying lil shit|Wish|p1a: Annoying lil shit
|
|-damage|p1a: Annoying lil shit|0 fnt|[from] brn
|faint|p1a: Annoying lil shit
|-end|p2a: Landorus|Whirlpool|[partiallytrapped]|[silent]
|upkeep
|
|t:|1760432813
|switch|p1a: Clefinately Gay|Clefable, M|100/100
|-damage|p1a: Clefinately Gay|88/100|[from] Stealth Rock
|turn|25
|
|t:|1760432820
|move|p2a: Landorus|U-turn|p1a: Clefinately Gay
|-resisted|p1a: Clefinately Gay
|-damage|p1a: Clefinately Gay|80/100
|
|t:|1760432822
|switch|p2a: Slowking|Slowking-Galar, M|100/100|[from] U-turn
|move|p1a: Clefinately Gay|Thunder Wave|p2a: Slowking
|-status|p2a: Slowking|par
|
|-heal|p1a: Clefinately Gay|100/100|[from] move: Wish|[wisher] Annoying lil shit
|upkeep
|turn|26
|
|t:|1760432830
|switch|p1a: Iron Treads|Iron Treads|39/100
|-damage|p1a: Iron Treads|37/100|[from] Stealth Rock
|-prepare|p2a: Slowking|Chilly Reception|[premajor]
|cant|p2a: Slowking|par
|
|-heal|p1a: Iron Treads|43/100|[from] item: Leftovers
|upkeep
|turn|27
|
|t:|1760432840
|move|p1a: Iron Treads|Knock Off|p2a: Slowking
|-supereffective|p2a: Slowking
|-damage|p2a: Slowking|68/100 par
|-enditem|p2a: Slowking|Heavy-Duty Boots|[from] move: Knock Off|[of] p1a: Iron Treads
|-prepare|p2a: Slowking|Chilly Reception|[premajor]
|move|p2a: Slowking|Chilly Reception|p2a: Slowking
|-weather|Snowscape
|
|t:|1760432848
|switch|p2a: Darkrai|Darkrai|100/100|[from] Chilly Reception
|-damage|p2a: Darkrai|88/100|[from] Stealth Rock
|
|-weather|Snowscape|[upkeep]
|-heal|p1a: Iron Treads|49/100|[from] item: Leftovers
|upkeep
|turn|28
|j| iamfrhaan007
|inactive|ouzq hbk has 120 seconds left.
|
|t:|1760432855
|move|p2a: Darkrai|Nasty Plot|p2a: Darkrai
|-boost|p2a: Darkrai|spa|2
|move|p1a: Iron Treads|Rapid Spin|p2a: Darkrai
|-damage|p2a: Darkrai|75/100
|-boost|p1a: Iron Treads|spe|1
|-sideend|p1: ouzq hbk|Stealth Rock|[from] move: Rapid Spin|[of] p1a: Iron Treads
|-enditem|p2a: Darkrai|Red Card|[of] p1a: Iron Treads
|-end|p1a: Iron Treads|Quark Drive|[silent]
|drag|p1a: Gholdengo|Gholdengo|100/100
|
|-weather|Snowscape|[upkeep]
|upkeep
|turn|29
|
|t:|1760432865
|switch|p1a: Iron Treads|Iron Treads|49/100
|move|p2a: Darkrai|Dark Pulse|p1a: Iron Treads
|-damage|p1a: Iron Treads|0 fnt
|faint|p1a: Iron Treads
|-end|p1a: Iron Treads|Quark Drive|[silent]
|
|-weather|Snowscape|[upkeep]
|upkeep
|inactive|ouzq hbk has 120 seconds left.
|
|t:|1760432882
|switch|p1a: Clefinately Gay|Clefable, M|100/100
|turn|30
|
|t:|1760432885
|move|p2a: Darkrai|Sludge Bomb|p1a: Clefinately Gay
|-supereffective|p1a: Clefinately Gay
|-damage|p1a: Clefinately Gay|51/100
|move|p1a: Clefinately Gay|Moonblast|p2a: Darkrai
|-supereffective|p2a: Darkrai
|-damage|p2a: Darkrai|12/100
|
|-weather|Snowscape|[upkeep]
|-heal|p1a: Clefinately Gay|57/100|[from] item: Leftovers
|upkeep
|turn|31
|
|t:|1760432893
|move|p2a: Darkrai|Sludge Bomb|p1a: Clefinately Gay
|-supereffective|p1a: Clefinately Gay
|-damage|p1a: Clefinately Gay|4/100
|-status|p1a: Clefinately Gay|psn
|move|p1a: Clefinately Gay|Moonblast|p2a: Darkrai
|-supereffective|p2a: Darkrai
|-damage|p2a: Darkrai|0 fnt
|faint|p2a: Darkrai
|
|-weather|none
|-heal|p1a: Clefinately Gay|10/100 psn|[from] item: Leftovers
|-damage|p1a: Clefinately Gay|0 fnt|[from] psn
|faint|p1a: Clefinately Gay
|upkeep
|
|t:|1760432906
|switch|p2a: Iron Treads|Iron Treads|74/100
|switch|p1a: Gholdengo|Gholdengo|100/100
|-damage|p2a: Iron Treads|71/100|[from] Stealth Rock
|turn|32
|j| wgw2333
|
|t:|1760432911
|move|p2a: Iron Treads|Earthquake|p1a: Gholdengo
|-supereffective|p1a: Gholdengo
|-damage|p1a: Gholdengo|35/100
|move|p1a: Gholdengo|Shadow Ball|p2a: Iron Treads
|-damage|p2a: Iron Treads|25/100
|
|upkeep
|turn|33
|
|t:|1760432927
|switch|p1a: Zamazenta|Zamazenta|100/100
|-ability|p1a: Zamazenta|Dauntless Shield|boost
|-boost|p1a: Zamazenta|def|1
|move|p2a: Iron Treads|Earthquake|p1a: Zamazenta
|-damage|p1a: Zamazenta|70/100
|
|upkeep
|turn|34
|
|t:|1760432933
|move|p1a: Zamazenta|Crunch|p2a: Iron Treads
|-damage|p2a: Iron Treads|0 fnt
|faint|p2a: Iron Treads
|-end|p2a: Iron Treads|Quark Drive|[silent]
|-damage|p1a: Zamazenta|60/100|[from] item: Life Orb
|
|upkeep
|
|t:|1760432936
|switch|p2a: Landorus|Landorus-Therian, M|33/100
|-damage|p2a: Landorus|20/100|[from] Stealth Rock
|-ability|p2a: Landorus|Intimidate|boost
|-unboost|p1a: Zamazenta|atk|1
|turn|35
|
|t:|1760432942
|switch|p1a: Gholdengo|Gholdengo|35/100
|move|p2a: Landorus|Earth Power|p1a: Gholdengo
|-supereffective|p1a: Gholdengo
|-damage|p1a: Gholdengo|0 fnt
|faint|p1a: Gholdengo
|
|upkeep
|
|t:|1760432948
|switch|p1a: Zamazenta|Zamazenta|60/100
|turn|36
|
|t:|1760432953
|switch|p2a: Volcanion|Volcanion|3/100
|-damage|p2a: Volcanion|0 fnt|[from] Stealth Rock
|faint|p2a: Volcanion
|move|p1a: Zamazenta|Stone Edge|p2: Volcanion|[notarget]
|-fail|p1a: Zamazenta
|
|upkeep
|
|t:|1760432958
|switch|p2a: Landorus|Landorus-Therian, M|20/100
|-damage|p2a: Landorus|8/100|[from] Stealth Rock
|-ability|p2a: Landorus|Intimidate|boost
|-unboost|p1a: Zamazenta|atk|1
|turn|37
|
|t:|1760432964
|move|p1a: Zamazenta|Stone Edge|p2a: Landorus
|-damage|p2a: Landorus|0 fnt
|faint|p2a: Landorus
|-damage|p1a: Zamazenta|50/100|[from] item: Life Orb
|
|upkeep
|
|t:|1760432967
|switch|p2a: Slowking|Slowking-Galar, M|100/100 par
|-damage|p2a: Slowking|88/100 par|[from] Stealth Rock
|turn|38
|
|t:|1760432977
|-terastallize|p1a: Zamazenta|Dark
|move|p1a: Zamazenta|Crunch|p2a: Slowking
|-supereffective|p2a: Slowking
|-crit|p2a: Slowking
|-damage|p2a: Slowking|0 fnt
|faint|p2a: Slowking
|-damage|p1a: Zamazenta|40/100|[from] item: Life Orb
|
|upkeep
|
|t:|1760432982
|switch|p2a: Kingambit|Kingambit, M|100/100
|-damage|p2a: Kingambit|94/100|[from] Stealth Rock
|-activate|p2a: Kingambit|ability: Supreme Overlord
|-start|p2a: Kingambit|fallen5|[silent]
|turn|39
|c|☆bald wooper|gg
|inactive|ouzq hbk has 120 seconds left.
|c|☆ouzq hbk|fraud gambit relying on tera to win
|
|t:|1760433016
|-terastallize|p2a: Kingambit|Fairy
|move|p1a: Zamazenta|Crunch|p2a: Kingambit
|-resisted|p2a: Kingambit
|-damage|p2a: Kingambit|79/100
|-damage|p1a: Zamazenta|31/100|[from] item: Life Orb
|move|p2a: Kingambit|Tera Blast|p1a: Zamazenta|[anim] Tera Blast Fairy
|-supereffective|p1a: Zamazenta
|-damage|p1a: Zamazenta|0 fnt
|faint|p1a: Zamazenta
|
|win|bald wooper
|raw|ouzq hbk's rating: 1730 &rarr; <strong>1712</strong><br />(-18 for losing)
|raw|bald wooper's rating: 1766 &rarr; <strong>1784</strong><br />(+18 for winning)
|l|☆ouzq hbk
|player|p1|
|l|☆bald wooper
|player|p2|
|l| wgw2333
|l| iamfrhaan007
