|j|☆PaintexDeluxe
|j|☆UltimateX13
|t:|1760310047
|gametype|singles
|player|p1|PaintexDeluxe|roxie|1409
|player|p2|UltimateX13|cynthia-gen4|1415
|gen|9
|tier|[Gen 9] OU
|rated|
|rule|HP Percentage Mod: HP is shown in percentages
|rule|Endless Battle Clause: Forcing endless battles is banned
|rule|Species Clause: Limit one of each Pokémon
|rule|OHKO Clause: OHKO moves are banned
|rule|Evasion Items Clause: Evasion items are banned
|rule|Evasion Moves Clause: Evasion moves are banned
|rule|Evasion Abilities Clause: Evasion abilities are banned
|rule|Sleep Moves Clause: Sleep-inducing moves are banned
|clearpoke
|poke|p1|Rillaboom, M|
|poke|p1|Hatterene, F|
|poke|p1|Cobalion|
|poke|p1|Moltres|
|poke|p1|Grafaiai, M|
|poke|p1|Darkrai|
|poke|p2|Darkrai|
|poke|p2|Zapdos-Galar|
|poke|p2|Raging Bolt|
|poke|p2|Great Tusk|
|poke|p2|Pecharunt|
|poke|p2|Torkoal, M|
|teampreview
|
|t:|1760310062
|teamsize|p1|6
|teamsize|p2|6
|start
|switch|p1a: Grafaiai|Grafaiai, M|100/100
|switch|p2a: Zs'Skayr|Darkrai|100/100
|turn|1
|inactive|Battle timer is ON: inactive players will automatically lose when time's up. (requested by UltimateX13)
|
|t:|1760310070
|move|p2a: Zs'Skayr|Focus Blast|p1a: Grafaiai
|-damage|p1a: Grafaiai|0 fnt
|faint|p1a: Grafaiai
|-damage|p2a: Zs'Skayr|91/100|[from] item: Life Orb
|
|upkeep
|
|t:|1760310079
|switch|p1a: Rillaboom|Rillaboom, M|100/100
|-fieldstart|move: Grassy Terrain|[from] ability: Grassy Surge|[of] p1a: Rillaboom
|turn|2
|
|t:|1760310083
|switch|p2a: Argit|Pecharunt|100/100
|move|p1a: Rillaboom|Grassy Glide|p2a: Argit
|-resisted|p2a: Argit
|-damage|p2a: Argit|85/100
|
|-heal|p2a: Argit|91/100|[from] Grassy Terrain
|-heal|p2a: Argit|97/100|[from] item: Leftovers
|upkeep
|turn|3
|
|t:|1760310089
|switch|p1a: Cobalion|Cobalion|100/100
|move|p2a: Argit|Hex|p1a: Cobalion
|-damage|p1a: Cobalion|61/100
|
|-heal|p1a: Cobalion|67/100|[from] Grassy Terrain
|-heal|p1a: Cobalion|73/100|[from] item: Leftovers
|-heal|p2a: Argit|100/100|[from] Grassy Terrain
|upkeep
|turn|4
|
|t:|1760310095
|move|p1a: Cobalion|Stealth Rock|p2a: Argit
|-sidestart|p2: UltimateX13|move: Stealth Rock
|move|p2a: Argit|Parting Shot|p1a: Cobalion
|-unboost|p1a: Cobalion|atk|1
|-unboost|p1a: Cobalion|spa|1
|
|t:|1760310098
|switch|p2a: Exo-Skull|Great Tusk|100/100|[from] Parting Shot
|-damage|p2a: Exo-Skull|98/100|[from] Stealth Rock
|
|-heal|p1a: Cobalion|79/100|[from] Grassy Terrain
|-heal|p1a: Cobalion|85/100|[from] item: Leftovers
|-heal|p2a: Exo-Skull|100/100|[from] Grassy Terrain
|upkeep
|turn|5
|c|☆PaintexDeluxe|Ben 10 villain team??
|
|t:|1760310117
|switch|p1a: Moltres|Moltres|100/100
|move|p2a: Exo-Skull|Rapid Spin|p1a: Moltres
|-damage|p1a: Moltres|82/100
|-boost|p2a: Exo-Skull|spe|1
|-sideend|p2: UltimateX13|Stealth Rock|[from] move: Rapid Spin|[of] p2a: Exo-Skull
|
|upkeep
|turn|6
|c|☆UltimateX13|You are the first person to notice lol
|c|☆PaintexDeluxe|Dang
|
|t:|1760310139
|move|p2a: Exo-Skull|Stone Edge|p1a: Moltres
|-supereffective|p1a: Moltres
|-crit|p1a: Moltres
|-damage|p1a: Moltres|0 fnt
|faint|p1a: Moltres
|
|-fieldend|move: Grassy Terrain
|upkeep
|
|t:|1760310145
|switch|p1a: Rillaboom|Rillaboom, M|100/100
|-fieldstart|move: Grassy Terrain|[from] ability: Grassy Surge|[of] p1a: Rillaboom
|turn|7
|
|t:|1760310149
|-end|p2a: Exo-Skull|Protosynthesis|[silent]
|switch|p2a: P'andor|Torkoal, M, shiny|100/100
|-weather|SunnyDay|[from] ability: Drought|[of] p2a: P'andor
|move|p1a: Rillaboom|U-turn|p2a: P'andor
|-resisted|p2a: P'andor
|-damage|p2a: P'andor|87/100
|
|t:|1760310160
|switch|p1a: Hatterene|Hatterene, F|100/100|[from] U-turn
|-enditem|p1a: Hatterene|Grassy Seed
|-boost|p1a: Hatterene|def|1|[from] item: Grassy Seed
|
|-weather|SunnyDay|[upkeep]
|-heal|p2a: P'andor|93/100|[from] Grassy Terrain
|upkeep
|turn|8
|
|t:|1760310166
|move|p1a: Hatterene|Calm Mind|p1a: Hatterene
|-boost|p1a: Hatterene|spa|1
|-boost|p1a: Hatterene|spd|1
|move|p2a: P'andor|Lava Plume|p1a: Hatterene
|-damage|p1a: Hatterene|75/100
|
|-weather|SunnyDay|[upkeep]
|-heal|p1a: Hatterene|81/100|[from] Grassy Terrain
|-heal|p2a: P'andor|99/100|[from] Grassy Terrain
|upkeep
|turn|9
|
|t:|1760310173
|switch|p2a: Liam|Zapdos-Galar|100/100
|move|p1a: Hatterene|Calm Mind|p1a: Hatterene
|-boost|p1a: Hatterene|spa|1
|-boost|p1a: Hatterene|spd|1
|
|-weather|SunnyDay|[upkeep]
|-heal|p1a: Hatterene|87/100|[from] Grassy Terrain
|upkeep
|turn|10
|
|t:|1760310188
|-terastallize|p2a: Liam|Flying
|-terastallize|p1a: Hatterene|Steel
|move|p2a: Liam|Brave Bird|p1a: Hatterene
|-resisted|p1a: Hatterene
|-damage|p1a: Hatterene|40/100
|-damage|p2a: Liam|85/100|[from] Recoil
|move|p1a: Hatterene|Trick Room|p1a: Hatterene
|-fieldstart|move: Trick Room|[of] p1a: Hatterene
|
|-weather|SunnyDay|[upkeep]
|-heal|p1a: Hatterene|46/100|[from] Grassy Terrain
|upkeep
|turn|11
|
|t:|1760310196
|move|p1a: Hatterene|Draining Kiss|p2a: Liam
|-damage|p2a: Liam|17/100
|-heal|p1a: Hatterene|98/100|[from] drain|[of] p2a: Liam
|move|p2a: Liam|Brave Bird|p1a: Hatterene
|-resisted|p1a: Hatterene
|-damage|p1a: Hatterene|53/100
|-damage|p2a: Liam|2/100|[from] Recoil
|
|-weather|SunnyDay|[upkeep]
|-heal|p1a: Hatterene|59/100|[from] Grassy Terrain
|-fieldend|move: Grassy Terrain
|upkeep
|turn|12
|
|t:|1760310201
|move|p1a: Hatterene|Draining Kiss|p2a: Liam
|-crit|p2a: Liam
|-damage|p2a: Liam|0 fnt
|-heal|p1a: Hatterene|61/100|[from] drain|[of] p2a: Liam
|faint|p2a: Liam
|
|-weather|SunnyDay|[upkeep]
|upkeep
|
|t:|1760310211
|switch|p2a: Exo-Skull|Great Tusk|100/100
|-activate|p2a: Exo-Skull|ability: Protosynthesis
|-start|p2a: Exo-Skull|protosynthesisatk
|turn|13
|
|t:|1760310221
|move|p1a: Hatterene|Stored Power|p2a: Exo-Skull
|-supereffective|p2a: Exo-Skull
|-damage|p2a: Exo-Skull|0 fnt
|faint|p2a: Exo-Skull
|-end|p2a: Exo-Skull|Protosynthesis|[silent]
|
|-weather|SunnyDay|[upkeep]
|upkeep
|
|t:|1760310231
|switch|p2a: P'andor|Torkoal, M, shiny|99/100
|turn|14
|
|t:|1760310237
|move|p2a: P'andor|Lava Plume|p1a: Hatterene
|-supereffective|p1a: Hatterene
|-damage|p1a: Hatterene|19/100
|-status|p1a: Hatterene|brn
|move|p1a: Hatterene|Stored Power|p2a: P'andor
|-damage|p2a: P'andor|0 fnt
|faint|p2a: P'andor
|
|-weather|none
|-damage|p1a: Hatterene|13/100 brn|[from] brn
|-fieldend|move: Trick Room
|upkeep
|
|t:|1760310244
|switch|p2a: Zs'Skayr|Darkrai|91/100
|turn|15
|
|t:|1760310249
|move|p2a: Zs'Skayr|Dark Pulse|p1a: Hatterene
|-damage|p1a: Hatterene|0 fnt
|faint|p1a: Hatterene
|-damage|p2a: Zs'Skayr|81/100|[from] item: Life Orb
|
|upkeep
|
|t:|1760310254
|switch|p1a: Rillaboom|Rillaboom, M|100/100
|-fieldstart|move: Grassy Terrain|[from] ability: Grassy Surge|[of] p1a: Rillaboom
|turn|16
|
|t:|1760310261
|switch|p2a: Argit|Pecharunt|100/100
|move|p1a: Rillaboom|Grassy Glide|p2a: Argit
|-resisted|p2a: Argit
|-damage|p2a: Argit|84/100
|
|-heal|p2a: Argit|90/100|[from] Grassy Terrain
|-heal|p2a: Argit|96/100|[from] item: Leftovers
|upkeep
|turn|17
|
|t:|1760310267
|switch|p1a: Cobalion|Cobalion|85/100
|move|p2a: Argit|Parting Shot|p1a: Cobalion
|-unboost|p1a: Cobalion|atk|1
|-unboost|p1a: Cobalion|spa|1
|
|t:|1760310269
|switch|p2a: Zs'Skayr|Darkrai|81/100|[from] Parting Shot
|
|-heal|p2a: Zs'Skayr|87/100|[from] Grassy Terrain
|-heal|p1a: Cobalion|92/100|[from] Grassy Terrain
|-heal|p1a: Cobalion|98/100|[from] item: Leftovers
|upkeep
|turn|18
|
|t:|1760310275
|move|p2a: Zs'Skayr|Focus Blast|p1a: Cobalion|[miss]
|-miss|p2a: Zs'Skayr|p1a: Cobalion
|move|p1a: Cobalion|Stealth Rock|p2a: Zs'Skayr
|-sidestart|p2: UltimateX13|move: Stealth Rock
|
|-heal|p2a: Zs'Skayr|93/100|[from] Grassy Terrain
|-heal|p1a: Cobalion|100/100|[from] Grassy Terrain
|upkeep
|turn|19
|
|t:|1760310282
|move|p2a: Zs'Skayr|Focus Blast|p1a: Cobalion
|-supereffective|p1a: Cobalion
|-damage|p1a: Cobalion|0 fnt
|faint|p1a: Cobalion
|-damage|p2a: Zs'Skayr|83/100|[from] item: Life Orb
|
|-heal|p2a: Zs'Skayr|89/100|[from] Grassy Terrain
|upkeep
|
|t:|1760310286
|switch|p1a: Rillaboom|Rillaboom, M|100/100
|turn|20
|
|t:|1760310293
|switch|p2a: Argit|Pecharunt|96/100
|-damage|p2a: Argit|84/100|[from] Stealth Rock
|move|p1a: Rillaboom|U-turn|p2a: Argit
|-resisted|p2a: Argit
|-damage|p2a: Argit|78/100
|
|t:|1760310299
|switch|p1a: Darkrai|Darkrai|100/100|[from] U-turn
|
|-heal|p2a: Argit|84/100|[from] Grassy Terrain
|-heal|p2a: Argit|90/100|[from] item: Leftovers
|-fieldend|move: Grassy Terrain
|upkeep
|turn|21
|
|t:|1760310307
|move|p1a: Darkrai|Taunt|p2a: Argit
|-start|p2a: Argit|move: Taunt
|move|p2a: Argit|Malignant Chain|p1a: Darkrai
|-damage|p1a: Darkrai|39/100
|
|-heal|p2a: Argit|96/100|[from] item: Leftovers
|upkeep
|turn|22
|
|t:|1760310311
|move|p1a: Darkrai|Dark Pulse|p2a: Argit
|-supereffective|p2a: Argit
|-damage|p2a: Argit|11/100
|move|p2a: Argit|Malignant Chain|p1a: Darkrai
|-damage|p1a: Darkrai|0 fnt
|faint|p1a: Darkrai
|
|-heal|p2a: Argit|17/100|[from] item: Leftovers
|upkeep
|
|t:|1760310318
|switch|p1a: Rillaboom|Rillaboom, M|100/100
|-fieldstart|move: Grassy Terrain|[from] ability: Grassy Surge|[of] p1a: Rillaboom
|turn|23
|
|t:|1760310323
|move|p1a: Rillaboom|High Horsepower|p2a: Argit
|-supereffective|p2a: Argit
|-damage|p2a: Argit|0 fnt
|faint|p2a: Argit
|
|upkeep
|
|t:|1760310326
|switch|p2a: Zs'Skayr|Darkrai|89/100
|-damage|p2a: Zs'Skayr|76/100|[from] Stealth Rock
|turn|24
|
|t:|1760310334
|move|p2a: Zs'Skayr|Sludge Bomb|p1a: Rillaboom
|-supereffective|p1a: Rillaboom
|-crit|p1a: Rillaboom
|-damage|p1a: Rillaboom|0 fnt
|faint|p1a: Rillaboom
|-damage|p2a: Zs'Skayr|66/100|[from] item: Life Orb
|
|win|UltimateX13
|raw|PaintexDeluxe's rating: 1409 &rarr; <strong>1389</strong><br />(-20 for losing)
|raw|UltimateX13's rating: 1415 &rarr; <strong>1435</strong><br />(+20 for winning)
|c|☆PaintexDeluxe|gg
|c|☆UltimateX13|ggwp
|l|☆UltimateX13
|player|p2|
|l|☆PaintexDeluxe
|player|p1|
