|j|☆OUOG Sindicate
|j|☆funny lizard
|t:|1760305449
|gametype|singles
|player|p1|OUOG Sindicate|265|1390
|player|p2|funny lizard|nate|1442
|gen|9
|tier|[Gen 9] OU
|rated|
|rule|HP Percentage Mod: HP is shown in percentages
|rule|Endless Battle Clause: Forcing endless battles is banned
|rule|Species Clause: Limit one of each Pokémon
|rule|OHKO Clause: OHKO moves are banned
|rule|Evasion Items Clause: Evasion items are banned
|rule|Evasion Moves Clause: Evasion moves are banned
|rule|Evasion Abilities Clause: Evasion abilities are banned
|rule|Sleep Moves Clause: Sleep-inducing moves are banned
|clearpoke
|poke|p1|Iron Valiant|
|poke|p1|Glimmora, M|
|poke|p1|Dragonite, M|
|poke|p1|Landorus-Therian, M|
|poke|p1|Dragapult, F|
|poke|p1|Deoxys-Speed|
|poke|p2|Pecharunt|
|poke|p2|Dragapult, M|
|poke|p2|Gholdengo|
|poke|p2|Glimmora, M|
|poke|p2|Zamazenta-*|
|poke|p2|Kingambit, M|
|teampreview
|inactive|Battle timer is ON: inactive players will automatically lose when time's up. (requested by OUOG Sindicate)
|
|t:|1760305476
|teamsize|p1|6
|teamsize|p2|6
|start
|switch|p1a: Landorus|Landorus-Therian, M|100/100
|switch|p2a: Pecharunt|Pecharunt|100/100
|-ability|p1a: Landorus|Intimidate|boost
|-unboost|p2a: Pecharunt|atk|1
|turn|1
|
|t:|1760305488
|move|p1a: Landorus|Stealth Rock|p2a: Pecharunt
|-sidestart|p2: funny lizard|move: Stealth Rock
|move|p2a: Pecharunt|Malignant Chain|p1a: Landorus
|-resisted|p1a: Landorus
|-damage|p1a: Landorus|84/100
|
|upkeep
|turn|2
|
|t:|1760305494
|move|p1a: Landorus|Earth Power|p2a: Pecharunt
|-supereffective|p2a: Pecharunt
|-damage|p2a: Pecharunt|33/100
|move|p2a: Pecharunt|Malignant Chain|p1a: Landorus
|-resisted|p1a: Landorus
|-damage|p1a: Landorus|69/100
|
|upkeep
|turn|3
|
|t:|1760305503
|switch|p2a: Gholdengo|Gholdengo|100/100
|-damage|p2a: Gholdengo|94/100|[from] Stealth Rock
|-item|p2a: Gholdengo|Air Balloon
|move|p1a: Landorus|U-turn|p2a: Gholdengo
|-resisted|p2a: Gholdengo
|-damage|p2a: Gholdengo|91/100
|-enditem|p2a: Gholdengo|Air Balloon
|
|t:|1760305529
|switch|p1a: Dragapult|Dragapult, F|100/100|[from] U-turn
|
|upkeep
|turn|4
|
|t:|1760305533
|move|p1a: Dragapult|Shadow Ball|p2a: Gholdengo
|-supereffective|p2a: Gholdengo
|-damage|p2a: Gholdengo|0 fnt
|faint|p2a: Gholdengo
|
|upkeep
|
|t:|1760305537
|switch|p2a: Glimmora|Glimmora, M|100/100
|-damage|p2a: Glimmora|88/100|[from] Stealth Rock
|turn|5
|
|t:|1760305553
|switch|p1a: Landorus|Landorus-Therian, M|69/100
|-ability|p1a: Landorus|Intimidate|boost
|-unboost|p2a: Glimmora|atk|1
|move|p2a: Glimmora|Spikes|p1a: Landorus
|-sidestart|p1: OUOG Sindicate|Spikes
|
|upkeep
|turn|6
|
|t:|1760305563
|switch|p2a: Pecharunt|Pecharunt|33/100
|move|p1a: Landorus|Earth Power|p2a: Pecharunt
|-supereffective|p2a: Pecharunt
|-damage|p2a: Pecharunt|0 fnt
|faint|p2a: Pecharunt
|
|upkeep
|
|t:|1760305567
|switch|p2a: Dragapult|Dragapult, M|100/100
|-damage|p2a: Dragapult|88/100|[from] Stealth Rock
|turn|7
|inactive|OUOG Sindicate has 120 seconds left.
|
|t:|1760305612
|move|p2a: Dragapult|Hex|p1a: Landorus
|-damage|p1a: Landorus|26/100
|move|p1a: Landorus|U-turn|p2a: Dragapult
|-resisted|p2a: Dragapult
|-damage|p2a: Dragapult|76/100
|
|t:|1760305636
|switch|p1a: Glimmora|Glimmora, M|100/100|[from] U-turn
|-damage|p1a: Glimmora|88/100|[from] Spikes
|
|upkeep
|turn|8
|
|t:|1760305641
|move|p2a: Dragapult|Hex|p1a: Glimmora
|-damage|p1a: Glimmora|41/100
|-enditem|p1a: Glimmora|Red Card|[of] p2a: Dragapult
|drag|p2a: Kingambit|Kingambit, M|100/100
|-damage|p2a: Kingambit|94/100|[from] Stealth Rock
|-activate|p2a: Kingambit|ability: Supreme Overlord
|-start|p2a: Kingambit|fallen2|[silent]
|move|p1a: Glimmora|Mortal Spin|p2a: Kingambit
|-immune|p2a: Kingambit
|
|upkeep
|turn|9
|
|t:|1760305647
|move|p1a: Glimmora|Earth Power|p2a: Kingambit
|-supereffective|p2a: Kingambit
|-damage|p2a: Kingambit|42/100
|move|p2a: Kingambit|Iron Head|p1a: Glimmora
|-supereffective|p1a: Glimmora
|-damage|p1a: Glimmora|0 fnt
|-activate|p1a: Glimmora|ability: Toxic Debris
|-sidestart|p2: funny lizard|move: Toxic Spikes
|faint|p1a: Glimmora
|
|upkeep
|inactive|OUOG Sindicate has 90 seconds left.
|
|t:|1760305681
|switch|p1a: Deoxys|Deoxys-Speed|100/100
|-damage|p1a: Deoxys|88/100|[from] Spikes
|-ability|p1a: Deoxys|Pressure
|turn|10
|
|t:|1760305696
|move|p1a: Deoxys|Reflect|p1a: Deoxys
|-sidestart|p1: OUOG Sindicate|Reflect
|move|p2a: Kingambit|Kowtow Cleave|p1a: Deoxys
|-supereffective|p1a: Deoxys
|-damage|p1a: Deoxys|19/100
|
|upkeep
|turn|11
|
|t:|1760305704
|move|p1a: Deoxys|Light Screen|p1a: Deoxys
|-sidestart|p1: OUOG Sindicate|move: Light Screen
|move|p2a: Kingambit|Kowtow Cleave|p1a: Deoxys
|-supereffective|p1a: Deoxys
|-damage|p1a: Deoxys|0 fnt
|faint|p1a: Deoxys
|
|upkeep
|
|t:|1760305707
|switch|p1a: Landorus|Landorus-Therian, M|26/100
|-ability|p1a: Landorus|Intimidate|boost
|-unboost|p2a: Kingambit|atk|1
|turn|12
|c|☆funny lizard|ill sucker punch trush
|c|☆funny lizard|trust*
|
|t:|1760305733
|move|p1a: Landorus|Earth Power|p2a: Kingambit
|-supereffective|p2a: Kingambit
|-crit|p2a: Kingambit
|-damage|p2a: Kingambit|0 fnt
|faint|p2a: Kingambit
|-end|p2a: Kingambit|fallen2|[silent]
|
|upkeep
|
|t:|1760305740
|switch|p2a: Glimmora|Glimmora, M|88/100
|-damage|p2a: Glimmora|76/100|[from] Stealth Rock
|-sideend|p2: funny lizard|move: Toxic Spikes|[of] p2a: Glimmora
|turn|13
|
|t:|1760305744
|move|p1a: Landorus|Earth Power|p2a: Glimmora
|-supereffective|p2a: Glimmora
|-damage|p2a: Glimmora|0 fnt
|faint|p2a: Glimmora
|
|upkeep
|
|t:|1760305754
|switch|p2a: Dragapult|Dragapult, M|76/100
|-damage|p2a: Dragapult|63/100|[from] Stealth Rock
|turn|14
|
|t:|1760305766
|move|p2a: Dragapult|Draco Meteor|p1a: Landorus
|-damage|p1a: Landorus|0 fnt
|-unboost|p2a: Dragapult|spa|2
|faint|p1a: Landorus
|
|upkeep
|
|t:|1760305769
|switch|p1a: Iron Valiant|Iron Valiant|100/100
|-damage|p1a: Iron Valiant|88/100|[from] Spikes
|-enditem|p1a: Iron Valiant|Booster Energy
|-activate|p1a: Iron Valiant|ability: Quark Drive|[fromitem]
|-start|p1a: Iron Valiant|quarkdrivespe
|turn|15
|
|t:|1760305773
|move|p1a: Iron Valiant|Substitute|p1a: Iron Valiant
|-start|p1a: Iron Valiant|Substitute
|-damage|p1a: Iron Valiant|63/100
|move|p2a: Dragapult|Draco Meteor|p1a: Iron Valiant
|-immune|p1a: Iron Valiant
|
|upkeep
|turn|16
|
|t:|1760305781
|switch|p2a: Zamazenta|Zamazenta|100/100
|-damage|p2a: Zamazenta|94/100|[from] Stealth Rock
|-ability|p2a: Zamazenta|Dauntless Shield|boost
|-boost|p2a: Zamazenta|def|1
|move|p1a: Iron Valiant|Swords Dance|p1a: Iron Valiant
|-boost|p1a: Iron Valiant|atk|2
|
|-heal|p2a: Zamazenta|100/100|[from] item: Leftovers
|upkeep
|turn|17
|
|t:|1760305788
|move|p1a: Iron Valiant|Swords Dance|p1a: Iron Valiant
|-boost|p1a: Iron Valiant|atk|2
|move|p2a: Zamazenta|Heavy Slam|p1a: Iron Valiant
|-supereffective|p1a: Iron Valiant
|-end|p1a: Iron Valiant|Substitute
|
|-sideend|p1: OUOG Sindicate|Reflect
|upkeep
|turn|18
|
|t:|1760305792
|-terastallize|p1a: Iron Valiant|Fighting
|move|p1a: Iron Valiant|Close Combat|p2a: Zamazenta
|-damage|p2a: Zamazenta|0 fnt
|-unboost|p1a: Iron Valiant|def|1
|-unboost|p1a: Iron Valiant|spd|1
|faint|p2a: Zamazenta
|
|-sideend|p1: OUOG Sindicate|move: Light Screen
|upkeep
|
|t:|1760305796
|switch|p2a: Dragapult|Dragapult, M|63/100
|-damage|p2a: Dragapult|51/100|[from] Stealth Rock
|turn|19
|-message|funny lizard forfeited.
|
|win|OUOG Sindicate
|raw|OUOG Sindicate's rating: 1390 &rarr; <strong>1413</strong><br />(+23 for winning)
|raw|funny lizard's rating: 1442 &rarr; <strong>1419</strong><br />(-23 for losing)
|l|☆funny lizard
|player|p2|
