|j|☆horses aren't real
|j|☆Azunail
|t:|1760433352
|gametype|singles
|player|p1|horses aren't real|skullgruntf|1515
|player|p2|Azunail|yellow|1492
|gen|9
|tier|[Gen 9] OU
|rated|
|rule|HP Percentage Mod: HP is shown in percentages
|rule|Endless Battle Clause: Forcing endless battles is banned
|rule|Species Clause: Limit one of each Pokémon
|rule|OHKO Clause: OHKO moves are banned
|rule|Evasion Items Clause: Evasion items are banned
|rule|Evasion Moves Clause: Evasion moves are banned
|rule|Evasion Abilities Clause: Evasion abilities are banned
|rule|Sleep Moves Clause: Sleep-inducing moves are banned
|clearpoke
|poke|p1|Ting-Lu|
|poke|p1|Rillaboom, M|
|poke|p1|Great Tusk|
|poke|p1|Gholdengo|
|poke|p1|Darkrai|
|poke|p1|Tornadus-Therian, M|
|poke|p2|Cresselia, F|
|poke|p2|Hatterene, F|
|poke|p2|Iron Hands|
|poke|p2|Ursaluna, M|
|poke|p2|Torkoal, M|
|poke|p2|Scream Tail|
|teampreview
|inactive|Battle timer is ON: inactive players will automatically lose when time's up. (requested by horses aren't real)
|
|t:|1760433370
|teamsize|p1|6
|teamsize|p2|6
|start
|switch|p1a: Tornadus|Tornadus-Therian, M|100/100
|switch|p2a: Scream Tail|Scream Tail|100/100
|turn|1
|
|t:|1760433376
|move|p1a: Tornadus|Knock Off|p2a: Scream Tail
|-damage|p2a: Scream Tail|86/100
|-enditem|p2a: Scream Tail|Kebia Berry|[from] move: Knock Off|[of] p1a: Tornadus
|move|p2a: Scream Tail|Stealth Rock|p1a: Tornadus
|-sidestart|p1: horses aren't real|move: Stealth Rock
|
|upkeep
|turn|2
|
|t:|1760433385
|move|p1a: Tornadus|Bleakwind Storm|p2a: Scream Tail|[miss]
|-miss|p1a: Tornadus|p2a: Scream Tail
|move|p2a: Scream Tail|Trick Room|p2a: Scream Tail
|-fieldstart|move: Trick Room|[of] p2a: Scream Tail
|
|upkeep
|turn|3
|
|t:|1760433401
|move|p2a: Scream Tail|Misty Explosion|p1a: Tornadus
|-damage|p1a: Tornadus|85/100
|faint|p2a: Scream Tail
|-end|p2a: Scream Tail|Protosynthesis|[silent]
|move|p1a: Tornadus|Knock Off|p2: Scream Tail|[notarget]
|-fail|p1a: Tornadus
|
|upkeep
|
|t:|1760433407
|switch|p2a: Torkoal|Torkoal, M|100/100
|-weather|SunnyDay|[from] ability: Drought|[of] p2a: Torkoal
|turn|4
|
|t:|1760433413
|move|p2a: Torkoal|Eruption|p1a: Tornadus
|-damage|p1a: Tornadus|0 fnt
|faint|p1a: Tornadus
|
|-weather|SunnyDay|[upkeep]
|upkeep
|inactive|horses aren't real has 120 seconds left.
|
|t:|1760433449
|switch|p1a: Ting-Lu|Ting-Lu|100/100
|-damage|p1a: Ting-Lu|94/100|[from] Stealth Rock
|-ability|p1a: Ting-Lu|Vessel of Ruin
|turn|5
|
|t:|1760433460
|switch|p2a: Ursaluna|Ursaluna, M|100/100
|move|p1a: Ting-Lu|Ruination|p2a: Ursaluna
|-damage|p2a: Ursaluna|50/100
|
|-weather|SunnyDay|[upkeep]
|-heal|p1a: Ting-Lu|100/100|[from] item: Leftovers
|-status|p2a: Ursaluna|brn|[from] item: Flame Orb
|upkeep
|turn|6
|
|t:|1760433469
|move|p2a: Ursaluna|Facade|p1a: Ting-Lu
|-damage|p1a: Ting-Lu|34/100
|move|p1a: Ting-Lu|Spikes|p2a: Ursaluna
|-sidestart|p2: Azunail|Spikes
|
|-weather|SunnyDay|[upkeep]
|-heal|p1a: Ting-Lu|40/100|[from] item: Leftovers
|-damage|p2a: Ursaluna|44/100 brn|[from] brn
|-fieldend|move: Trick Room
|upkeep
|turn|7
|
|t:|1760433481
|switch|p1a: Great Tusk|Great Tusk|100/100
|-damage|p1a: Great Tusk|98/100|[from] Stealth Rock
|-activate|p1a: Great Tusk|ability: Protosynthesis
|-start|p1a: Great Tusk|protosynthesisspe
|move|p2a: Ursaluna|Fire Punch|p1a: Great Tusk
|-damage|p1a: Great Tusk|54/100
|-damage|p2a: Ursaluna|28/100 brn|[from] item: Rocky Helmet|[of] p1a: Great Tusk
|
|-weather|SunnyDay|[upkeep]
|-damage|p2a: Ursaluna|21/100 brn|[from] brn
|upkeep
|turn|8
|
|t:|1760433495
|switch|p2a: Cresselia|Cresselia, F|100/100
|move|p1a: Great Tusk|Rapid Spin|p2a: Cresselia
|-damage|p2a: Cresselia|92/100
|-boost|p1a: Great Tusk|spe|1
|-sideend|p1: horses aren't real|Stealth Rock|[from] move: Rapid Spin|[of] p1a: Great Tusk
|
|-weather|none
|-end|p1a: Great Tusk|Protosynthesis
|upkeep
|turn|9
|
|t:|1760433503
|move|p1a: Great Tusk|Stealth Rock|p2a: Cresselia
|-sidestart|p2: Azunail|move: Stealth Rock
|move|p2a: Cresselia|Trick Room|p2a: Cresselia
|-fieldstart|move: Trick Room|[of] p2a: Cresselia
|
|upkeep
|turn|10
|
|t:|1760433513
|switch|p2a: Ursaluna|Ursaluna, M|21/100 brn
|-damage|p2a: Ursaluna|9/100 brn|[from] Spikes
|-damage|p2a: Ursaluna|3/100 brn|[from] Stealth Rock
|-end|p1a: Great Tusk|Protosynthesis|[silent]
|switch|p1a: Ting-Lu|Ting-Lu|40/100
|-ability|p1a: Ting-Lu|Vessel of Ruin
|
|-heal|p1a: Ting-Lu|46/100|[from] item: Leftovers
|-damage|p2a: Ursaluna|0 fnt|[from] brn
|faint|p2a: Ursaluna
|upkeep
|
|t:|1760433521
|switch|p2a: Torkoal|Torkoal, M|100/100
|-damage|p2a: Torkoal|88/100|[from] Spikes
|-damage|p2a: Torkoal|63/100|[from] Stealth Rock
|-weather|SunnyDay|[from] ability: Drought|[of] p2a: Torkoal
|turn|11
|
|t:|1760433527
|-terastallize|p2a: Torkoal|Fire
|move|p2a: Torkoal|Weather Ball|p1a: Ting-Lu
|-damage|p1a: Ting-Lu|0 fnt
|faint|p1a: Ting-Lu
|
|-weather|SunnyDay|[upkeep]
|upkeep
|
|t:|1760433543
|switch|p1a: Rillaboom|Rillaboom, M|100/100
|-fieldstart|move: Grassy Terrain|[from] ability: Grassy Surge|[of] p1a: Rillaboom
|turn|12
|
|t:|1760433549
|move|p1a: Rillaboom|Grassy Glide|p2a: Torkoal
|-resisted|p2a: Torkoal
|-damage|p2a: Torkoal|48/100
|move|p2a: Torkoal|Weather Ball|p1a: Rillaboom
|-supereffective|p1a: Rillaboom
|-damage|p1a: Rillaboom|0 fnt
|faint|p1a: Rillaboom
|
|-weather|SunnyDay|[upkeep]
|-heal|p2a: Torkoal|54/100|[from] Grassy Terrain
|upkeep
|
|t:|1760433555
|switch|p1a: Great Tusk|Great Tusk|54/100
|-activate|p1a: Great Tusk|ability: Protosynthesis
|-start|p1a: Great Tusk|protosynthesisspe
|turn|13
|
|t:|1760433562
|move|p2a: Torkoal|Weather Ball|p1a: Great Tusk
|-damage|p1a: Great Tusk|0 fnt
|faint|p1a: Great Tusk
|-end|p1a: Great Tusk|Protosynthesis|[silent]
|
|-weather|SunnyDay|[upkeep]
|-heal|p2a: Torkoal|60/100|[from] Grassy Terrain
|-fieldend|move: Trick Room
|upkeep
|
|t:|1760433564
|switch|p1a: Darkrai|Darkrai|100/100
|turn|14
|
|t:|1760433582
|switch|p2a: Hatterene|Hatterene, F|100/100
|-damage|p2a: Hatterene|88/100|[from] Spikes
|-damage|p2a: Hatterene|76/100|[from] Stealth Rock
|move|p1a: Darkrai|Dark Pulse|p2a: Hatterene
|-damage|p2a: Hatterene|22/100
|
|-weather|SunnyDay|[upkeep]
|-heal|p2a: Hatterene|28/100|[from] Grassy Terrain
|upkeep
|turn|15
|
|t:|1760433585
|move|p1a: Darkrai|Dark Pulse|p2a: Hatterene
|-damage|p2a: Hatterene|0 fnt
|faint|p2a: Hatterene
|
|-weather|none
|upkeep
|
|t:|1760433588
|switch|p2a: Iron Hands|Iron Hands|100/100
|-damage|p2a: Iron Hands|88/100|[from] Spikes
|-damage|p2a: Iron Hands|82/100|[from] Stealth Rock
|-enditem|p2a: Iron Hands|Booster Energy
|-activate|p2a: Iron Hands|ability: Quark Drive|[fromitem]
|-start|p2a: Iron Hands|quarkdriveatk
|turn|16
|
|t:|1760433593
|switch|p1a: Gholdengo|Gholdengo|100/100
|move|p2a: Iron Hands|Supercell Slam|p1a: Gholdengo
|-damage|p1a: Gholdengo|44/100
|
|-heal|p1a: Gholdengo|50/100|[from] Grassy Terrain
|-heal|p2a: Iron Hands|88/100|[from] Grassy Terrain
|upkeep
|turn|17
|
|t:|1760433599
|move|p1a: Gholdengo|Shadow Ball|p2a: Iron Hands
|-damage|p2a: Iron Hands|59/100
|move|p2a: Iron Hands|Supercell Slam|p1a: Gholdengo
|-damage|p1a: Gholdengo|0 fnt
|faint|p1a: Gholdengo
|
|-heal|p2a: Iron Hands|66/100|[from] Grassy Terrain
|upkeep
|
|t:|1760433603
|switch|p1a: Darkrai|Darkrai|100/100
|turn|18
|
|t:|1760433609
|-terastallize|p1a: Darkrai|Poison
|move|p1a: Darkrai|Sludge Bomb|p2a: Iron Hands
|-damage|p2a: Iron Hands|29/100
|move|p2a: Iron Hands|Supercell Slam|p1a: Darkrai
|-damage|p1a: Darkrai|0 fnt
|faint|p1a: Darkrai
|
|win|Azunail
|raw|horses aren&apos;t real's rating: 1515 &rarr; <strong>1494</strong><br />(-21 for losing)
|raw|Azunail's rating: 1492 &rarr; <strong>1513</strong><br />(+21 for winning)
|l|☆Azunail
|player|p2|
|l|☆horses aren't real
|player|p1|
