|j|☆pokingmoms
|j|☆YQMXLL
|t:|1760347956
|gametype|singles
|player|p1|pokingmoms|2|1481
|player|p2|YQMXLL|102|1474
|gen|9
|tier|[Gen 9] OU
|rated|
|rule|HP Percentage Mod: HP is shown in percentages
|rule|Endless Battle Clause: Forcing endless battles is banned
|rule|Species Clause: Limit one of each Pokémon
|rule|OHKO Clause: OHKO moves are banned
|rule|Evasion Items Clause: Evasion items are banned
|rule|Evasion Moves Clause: Evasion moves are banned
|rule|Evasion Abilities Clause: Evasion abilities are banned
|rule|Sleep Moves Clause: Sleep-inducing moves are banned
|clearpoke
|poke|p1|Corviknight, F|
|poke|p1|Iron Hands|
|poke|p1|Weavile, M|
|poke|p1|Primarina, F|
|poke|p1|Raging Bolt|
|poke|p1|Iron Valiant|
|poke|p2|Alomomola, F|
|poke|p2|Dondozo, M|
|poke|p2|Gliscor, F|
|poke|p2|Toxapex, M|
|poke|p2|Corviknight, F|
|poke|p2|Chansey, F|
|teampreview
|inactive|Battle timer is ON: inactive players will automatically lose when time's up. (requested by pokingmoms)
|
|t:|1760347965
|teamsize|p1|6
|teamsize|p2|6
|start
|switch|p1a: Bort|Raging Bolt|100/100
|switch|p2a: Toxapex|Toxapex, M|100/100
|turn|1
|
|t:|1760347974
|move|p2a: Toxapex|Baneful Bunker|p2a: Toxapex
|-singleturn|p2a: Toxapex|move: Protect
|move|p1a: Bort|Calm Mind|p1a: Bort
|-boost|p1a: Bort|spa|1
|-boost|p1a: Bort|spd|1
|
|upkeep
|turn|2
|
|t:|1760347980
|move|p1a: Bort|Calm Mind|p1a: Bort
|-boost|p1a: Bort|spa|1
|-boost|p1a: Bort|spd|1
|move|p2a: Toxapex|Toxic|p1a: Bort
|-status|p1a: Bort|tox
|
|-damage|p1a: Bort|94/100 tox|[from] psn
|upkeep
|turn|3
|
|t:|1760347990
|switch|p2a: Chansey|Chansey, F|100/100
|move|p1a: Bort|Thunderbolt|p2a: Chansey
|-damage|p2a: Chansey|75/100
|
|-damage|p1a: Bort|82/100 tox|[from] psn
|upkeep
|turn|4
|
|t:|1760347999
|move|p1a: Bort|Calm Mind|p1a: Bort
|-boost|p1a: Bort|spa|1
|-boost|p1a: Bort|spd|1
|move|p2a: Chansey|Calm Mind|p2a: Chansey
|-boost|p2a: Chansey|spa|1
|-boost|p2a: Chansey|spd|1
|
|-damage|p1a: Bort|64/100 tox|[from] psn
|upkeep
|turn|5
|
|t:|1760348012
|-end|p1a: Bort|Protosynthesis|[silent]
|switch|p1a: WHAM|Iron Hands|100/100
|move|p2a: Chansey|Calm Mind|p2a: Chansey
|-boost|p2a: Chansey|spa|1
|-boost|p2a: Chansey|spd|1
|
|upkeep
|turn|6
|
|t:|1760348021
|-end|p1a: WHAM|Quark Drive|[silent]
|switch|p1a: BIG P|Primarina, F, shiny|100/100
|switch|p2a: Gliscor|Gliscor, F|100/100
|
|-status|p2a: Gliscor|tox|[from] item: Toxic Orb
|upkeep
|turn|7
|
|t:|1760348030
|switch|p2a: Alomomola|Alomomola, F|100/100
|move|p1a: BIG P|Moonblast|p2a: Alomomola
|-damage|p2a: Alomomola|55/100
|
|upkeep
|turn|8
|
|t:|1760348041
|move|p2a: Alomomola|Protect|p2a: Alomomola
|-singleturn|p2a: Alomomola|Protect
|move|p1a: BIG P|Psychic Noise|p2a: Alomomola
|-activate|p2a: Alomomola|move: Protect
|
|upkeep
|turn|9
|
|t:|1760348055
|switch|p2a: Toxapex|Toxapex, M|100/100
|move|p1a: BIG P|Psychic Noise|p2a: Toxapex
|-resisted|p2a: Toxapex
|-damage|p2a: Toxapex|86/100
|-start|p2a: Toxapex|move: Heal Block
|
|upkeep
|turn|10
|
|t:|1760348083
|switch|p1a: Corvorino|Corviknight, F|100/100
|-ability|p1a: Corvorino|Pressure
|move|p2a: Toxapex|Toxic|p1a: Corvorino
|-immune|p1a: Corvorino
|
|-end|p2a: Toxapex|move: Heal Block
|upkeep
|turn|11
|
|t:|1760348098
|switch|p2a: Alomomola|Alomomola, F|88/100
|move|p1a: Corvorino|Bulk Up|p1a: Corvorino
|-boost|p1a: Corvorino|atk|1
|-boost|p1a: Corvorino|def|1
|
|upkeep
|turn|12
|
|t:|1760348108
|move|p1a: Corvorino|Bulk Up|p1a: Corvorino
|-boost|p1a: Corvorino|atk|1
|-boost|p1a: Corvorino|def|1
|move|p2a: Alomomola|Flip Turn|p1a: Corvorino
|-damage|p1a: Corvorino|96/100
|-damage|p2a: Alomomola|72/100|[from] item: Rocky Helmet|[of] p1a: Corvorino
|
|t:|1760348110
|switch|p2a: Gliscor|Gliscor, F|100/100 tox|[from] Flip Turn
|
|upkeep
|turn|13
|
|t:|1760348122
|move|p2a: Gliscor|Taunt|p1a: Corvorino
|-start|p1a: Corvorino|move: Taunt
|cant|p1a: Corvorino|move: Taunt|Bulk Up
|
|upkeep
|turn|14
|
|t:|1760348132
|switch|p2a: Dondozo|Dondozo, M|100/100
|move|p1a: Corvorino|Brave Bird|p2a: Dondozo
|-damage|p2a: Dondozo|84/100
|-damage|p1a: Corvorino|89/100|[from] Recoil
|
|-heal|p2a: Dondozo|90/100|[from] item: Leftovers
|upkeep
|turn|15
|
|t:|1760348142
|switch|p1a: BIG P|Primarina, F, shiny|100/100
|move|p2a: Dondozo|Curse|p2a: Dondozo
|-unboost|p2a: Dondozo|spe|1
|-boost|p2a: Dondozo|atk|1
|-boost|p2a: Dondozo|def|1
|
|-heal|p2a: Dondozo|96/100|[from] item: Leftovers
|upkeep
|turn|16
|
|t:|1760348152
|switch|p2a: Alomomola|Alomomola, F|100/100
|move|p1a: BIG P|Moonblast|p2a: Alomomola
|-damage|p2a: Alomomola|59/100
|
|upkeep
|turn|17
|
|t:|1760348170
|switch|p2a: Toxapex|Toxapex, M|100/100
|move|p1a: BIG P|Psychic Noise|p2a: Toxapex
|-resisted|p2a: Toxapex
|-damage|p2a: Toxapex|86/100
|-start|p2a: Toxapex|move: Heal Block
|
|upkeep
|turn|18
|
|t:|1760348183
|switch|p1a: Corvorino|Corviknight, F|89/100
|-ability|p1a: Corvorino|Pressure
|switch|p2a: Gliscor|Gliscor, F|100/100 tox
|
|upkeep
|turn|19
|
|t:|1760348196
|switch|p1a: Minkus|Weavile, M|100/100
|-ability|p1a: Minkus|Pressure
|move|p2a: Gliscor|Stealth Rock|p1a: Minkus
|-sidestart|p1: pokingmoms|move: Stealth Rock
|
|upkeep
|turn|20
|
|t:|1760348203
|switch|p2a: Alomomola|Alomomola, F|93/100
|move|p1a: Minkus|Knock Off|p2a: Alomomola
|-damage|p2a: Alomomola|61/100
|-enditem|p2a: Alomomola|Heavy-Duty Boots|[from] move: Knock Off|[of] p1a: Minkus
|
|upkeep
|turn|21
|
|t:|1760348211
|move|p1a: Minkus|Swords Dance|p1a: Minkus
|-boost|p1a: Minkus|atk|2
|move|p2a: Alomomola|Flip Turn|p1a: Minkus
|-damage|p1a: Minkus|72/100
|
|t:|1760348230
|switch|p2a: Toxapex|Toxapex, M|100/100|[from] Flip Turn
|
|upkeep
|turn|22
|
|t:|1760348240
|move|p1a: Minkus|Knock Off|p2a: Toxapex
|-damage|p2a: Toxapex|33/100
|-enditem|p2a: Toxapex|Heavy-Duty Boots|[from] move: Knock Off|[of] p1a: Minkus
|move|p2a: Toxapex|Toxic|p1a: Minkus
|-status|p1a: Minkus|tox
|
|-damage|p1a: Minkus|66/100 tox|[from] psn
|upkeep
|turn|23
|
|t:|1760348255
|-terastallize|p1a: Minkus|Ice
|move|p2a: Toxapex|Baneful Bunker|p2a: Toxapex
|-singleturn|p2a: Toxapex|move: Protect
|move|p1a: Minkus|Icicle Spear|p2a: Toxapex
|-activate|p2a: Toxapex|move: Protect
|
|-damage|p1a: Minkus|54/100 tox|[from] psn
|upkeep
|turn|24
|
|t:|1760348266
|switch|p2a: Dondozo|Dondozo, M|96/100
|move|p1a: Minkus|Knock Off|p2a: Dondozo
|-damage|p2a: Dondozo|75/100
|-enditem|p2a: Dondozo|Leftovers|[from] move: Knock Off|[of] p1a: Minkus
|
|-damage|p1a: Minkus|35/100 tox|[from] psn
|upkeep
|turn|25
|
|t:|1760348283
|switch|p2a: Alomomola|Alomomola, F|95/100
|move|p1a: Minkus|Low Kick|p2a: Alomomola
|-damage|p2a: Alomomola|68/100
|
|-damage|p1a: Minkus|11/100 tox|[from] psn
|upkeep
|turn|26
|
|t:|1760348295
|move|p1a: Minkus|Knock Off|p2a: Alomomola
|-damage|p2a: Alomomola|22/100
|move|p2a: Alomomola|Flip Turn|p1a: Minkus
|-damage|p1a: Minkus|0 fnt
|faint|p1a: Minkus
|
|t:|1760348299
|switch|p2a: Gliscor|Gliscor, F|100/100 tox|[from] Flip Turn
|
|upkeep
|
|t:|1760348307
|switch|p1a: BIG P|Primarina, F, shiny|100/100
|-damage|p1a: BIG P|88/100|[from] Stealth Rock
|turn|27
|
|t:|1760348313
|switch|p2a: Toxapex|Toxapex, M|66/100
|move|p1a: BIG P|Psychic Noise|p2a: Toxapex
|-resisted|p2a: Toxapex
|-damage|p2a: Toxapex|51/100
|-start|p2a: Toxapex|move: Heal Block
|
|upkeep
|turn|28
|
|t:|1760348325
|move|p1a: BIG P|Shadow Ball|p2a: Toxapex
|-damage|p2a: Toxapex|31/100
|move|p2a: Toxapex|Toxic|p1a: BIG P
|-status|p1a: BIG P|tox
|
|-damage|p1a: BIG P|82/100 tox|[from] psn
|-end|p2a: Toxapex|move: Heal Block
|upkeep
|turn|29
|
|t:|1760348337
|move|p2a: Toxapex|Baneful Bunker|p2a: Toxapex
|-singleturn|p2a: Toxapex|move: Protect
|move|p1a: BIG P|Psychic Noise|p2a: Toxapex
|-activate|p2a: Toxapex|move: Protect
|
|-damage|p1a: BIG P|69/100 tox|[from] psn
|upkeep
|turn|30
|
|t:|1760348352
|switch|p1a: Corvorino|Corviknight, F|89/100
|-damage|p1a: Corvorino|76/100|[from] Stealth Rock
|-ability|p1a: Corvorino|Pressure
|switch|p2a: Chansey|Chansey, F|75/100
|
|upkeep
|turn|31
|
|t:|1760348361
|switch|p2a: Gliscor|Gliscor, F|100/100 tox
|move|p1a: Corvorino|Brave Bird|p2a: Gliscor
|-damage|p2a: Gliscor|72/100 tox
|-damage|p1a: Corvorino|69/100|[from] Recoil
|
|-heal|p2a: Gliscor|84/100 tox|[from] ability: Poison Heal
|upkeep
|turn|32
|
|t:|1760348379
|switch|p2a: Alomomola|Alomomola, F|55/100
|move|p1a: Corvorino|Defog|p2a: Alomomola
|-unboost|p2a: Alomomola|evasion|1
|-sideend|p1: pokingmoms|Stealth Rock|[from] move: Defog|[of] p1a: Corvorino
|
|upkeep
|turn|33
|
|t:|1760348390
|switch|p1a: WHAM|Iron Hands|100/100
|move|p2a: Alomomola|Flip Turn|p1a: WHAM
|-damage|p1a: WHAM|91/100
|
|t:|1760348403
|switch|p2a: Toxapex|Toxapex, M|64/100|[from] Flip Turn
|
|upkeep
|turn|34
|
|t:|1760348409
|switch|p2a: Gliscor|Gliscor, F|84/100 tox
|move|p1a: WHAM|Swords Dance|p1a: WHAM
|-boost|p1a: WHAM|atk|2
|
|-heal|p2a: Gliscor|96/100 tox|[from] ability: Poison Heal
|upkeep
|turn|35
|
|t:|1760348422
|switch|p2a: Toxapex|Toxapex, M|97/100
|move|p1a: WHAM|Ice Punch|p2a: Toxapex
|-resisted|p2a: Toxapex
|-damage|p2a: Toxapex|75/100
|
|upkeep
|turn|36
|inactive|YQMXLL has 120 seconds left.
|
|t:|1760348459
|move|p1a: WHAM|Swords Dance|p1a: WHAM
|-boost|p1a: WHAM|atk|2
|move|p2a: Toxapex|Toxic|p1a: WHAM
|-status|p1a: WHAM|tox
|
|-damage|p1a: WHAM|84/100 tox|[from] psn
|upkeep
|turn|37
|inactive|YQMXLL has 120 seconds left.
|
|t:|1760348473
|move|p2a: Toxapex|Baneful Bunker|p2a: Toxapex
|-singleturn|p2a: Toxapex|move: Protect
|move|p1a: WHAM|Swords Dance|p1a: WHAM
|-boost|p1a: WHAM|atk|2
|
|-damage|p1a: WHAM|72/100 tox|[from] psn
|upkeep
|turn|38
|inactive|YQMXLL has 120 seconds left.
|
|t:|1760348498
|move|p2a: Toxapex|Baneful Bunker||[still]
|-fail|p2a: Toxapex
|move|p1a: WHAM|Drain Punch|p2a: Toxapex
|-resisted|p2a: Toxapex
|-damage|p2a: Toxapex|16/100
|-heal|p1a: WHAM|95/100 tox|[from] drain|[of] p2a: Toxapex
|
|-damage|p1a: WHAM|76/100 tox|[from] psn
|upkeep
|turn|39
|
|t:|1760348519
|switch|p2a: Corviknight|Corviknight, F|100/100
|-ability|p2a: Corviknight|Pressure
|move|p1a: WHAM|Drain Punch|p2a: Corviknight
|-damage|p2a: Corviknight|0 fnt
|-heal|p1a: WHAM|100/100 tox|[from] drain|[of] p2a: Corviknight
|faint|p2a: Corviknight
|
|-damage|p1a: WHAM|75/100 tox|[from] psn
|upkeep
|
|t:|1760348523
|switch|p2a: Dondozo|Dondozo, M|75/100
|turn|40
|
|t:|1760348536
|move|p1a: WHAM|Drain Punch|p2a: Dondozo
|-damage|p2a: Dondozo|55/100
|-heal|p1a: WHAM|88/100 tox|[from] drain|[of] p2a: Dondozo
|move|p2a: Dondozo|Rest|p2a: Dondozo
|-status|p2a: Dondozo|slp|[from] move: Rest
|-heal|p2a: Dondozo|100/100 slp|[silent]
|
|-damage|p1a: WHAM|57/100 tox|[from] psn
|upkeep
|turn|41
|
|t:|1760348548
|-end|p1a: WHAM|Quark Drive|[silent]
|switch|p1a: Bort|Raging Bolt|64/100 tox
|cant|p2a: Dondozo|slp
|move|p2a: Dondozo|Sleep Talk|p2a: Dondozo
|move|p2a: Dondozo|Earthquake|p1a: Bort|[from] move: Sleep Talk
|-supereffective|p1a: Bort
|-damage|p1a: Bort|24/100 tox
|
|-damage|p1a: Bort|18/100 tox|[from] psn
|upkeep
|turn|42
|
|t:|1760348562
|switch|p2a: Chansey|Chansey, F|75/100
|move|p1a: Bort|Draco Meteor|p2a: Chansey
|-damage|p2a: Chansey|55/100
|-unboost|p1a: Bort|spa|2
|
|-damage|p1a: Bort|6/100 tox|[from] psn
|upkeep
|turn|43
|
|t:|1760348572
|-end|p1a: Bort|Protosynthesis|[silent]
|switch|p1a: SLICEMAN|Iron Valiant, shiny|100/100
|-enditem|p1a: SLICEMAN|Booster Energy
|-activate|p1a: SLICEMAN|ability: Quark Drive|[fromitem]
|-start|p1a: SLICEMAN|quarkdrivespe
|move|p2a: Chansey|Soft-Boiled|p2a: Chansey
|-heal|p2a: Chansey|100/100
|
|upkeep
|turn|44
|inactive|YQMXLL has 120 seconds left.
|
|t:|1760348582
|switch|p2a: Alomomola|Alomomola, F|88/100
|move|p1a: SLICEMAN|Close Combat|p2a: Alomomola
|-damage|p2a: Alomomola|48/100
|-unboost|p1a: SLICEMAN|def|1
|-unboost|p1a: SLICEMAN|spd|1
|
|upkeep
|turn|45
|inactive|YQMXLL has 120 seconds left.
|
|t:|1760348595
|move|p2a: Alomomola|Protect|p2a: Alomomola
|-singleturn|p2a: Alomomola|Protect
|move|p1a: SLICEMAN|Spirit Break|p2a: Alomomola
|-activate|p2a: Alomomola|move: Protect
|
|upkeep
|turn|46
|inactive|YQMXLL has 120 seconds left.
|
|t:|1760348616
|switch|p2a: Gliscor|Gliscor, F|96/100 tox
|move|p1a: SLICEMAN|Spirit Break|p2a: Gliscor
|-damage|p2a: Gliscor|70/100 tox
|-unboost|p2a: Gliscor|spa|1
|
|-heal|p2a: Gliscor|82/100 tox|[from] ability: Poison Heal
|upkeep
|turn|47
|
|t:|1760348627
|-end|p1a: SLICEMAN|Quark Drive|[silent]
|switch|p1a: Corvorino|Corviknight, F|69/100
|-ability|p1a: Corvorino|Pressure
|switch|p2a: Alomomola|Alomomola, F|82/100
|
|upkeep
|turn|48
|inactive|YQMXLL has 120 seconds left.
|
|t:|1760348637
|switch|p1a: SLICEMAN|Iron Valiant, shiny|100/100
|move|p2a: Alomomola|Flip Turn|p1a: SLICEMAN
|-damage|p1a: SLICEMAN|81/100
|inactive|YQMXLL has 120 seconds left.
|
|t:|1760348642
|switch|p2a: Toxapex|Toxapex, M|49/100|[from] Flip Turn
|
|upkeep
|turn|49
|
|t:|1760348652
|move|p2a: Toxapex|Baneful Bunker|p2a: Toxapex
|-singleturn|p2a: Toxapex|move: Protect
|move|p1a: SLICEMAN|Swords Dance|p1a: SLICEMAN
|-boost|p1a: SLICEMAN|atk|2
|
|upkeep
|turn|50
|
|t:|1760348660
|switch|p2a: Dondozo|Dondozo, M|100/100 slp
|move|p1a: SLICEMAN|Close Combat|p2a: Dondozo
|-damage|p2a: Dondozo|73/100 slp
|-unboost|p1a: SLICEMAN|def|1
|-unboost|p1a: SLICEMAN|spd|1
|
|upkeep
|turn|51
|
|t:|1760348670
|move|p1a: SLICEMAN|Close Combat|p2a: Dondozo
|-damage|p2a: Dondozo|47/100 slp
|-unboost|p1a: SLICEMAN|def|1
|-unboost|p1a: SLICEMAN|spd|1
|cant|p2a: Dondozo|slp
|move|p2a: Dondozo|Sleep Talk|p2a: Dondozo
|move|p2a: Dondozo|Curse|p2a: Dondozo|[from] move: Sleep Talk
|-unboost|p2a: Dondozo|spe|1
|-boost|p2a: Dondozo|atk|1
|-boost|p2a: Dondozo|def|1
|
|upkeep
|turn|52
|
|t:|1760348682
|move|p1a: SLICEMAN|Close Combat|p2a: Dondozo
|-damage|p2a: Dondozo|26/100 slp
|-unboost|p1a: SLICEMAN|def|1
|-unboost|p1a: SLICEMAN|spd|1
|-curestatus|p2a: Dondozo|slp|[msg]
|move|p2a: Dondozo|Rest|p2a: Dondozo
|-status|p2a: Dondozo|slp|[from] move: Rest
|-heal|p2a: Dondozo|100/100 slp|[silent]
|
|upkeep
|turn|53
|
|t:|1760348696
|-end|p1a: SLICEMAN|Quark Drive|[silent]
|switch|p1a: Bort|Raging Bolt|6/100 tox
|cant|p2a: Dondozo|slp
|move|p2a: Dondozo|Sleep Talk|p2a: Dondozo
|move|p2a: Dondozo|Curse|p2a: Dondozo|[from] move: Sleep Talk
|-unboost|p2a: Dondozo|spe|1
|-boost|p2a: Dondozo|atk|1
|-boost|p2a: Dondozo|def|1
|
|-damage|p1a: Bort|0 fnt|[from] psn
|faint|p1a: Bort
|-end|p1a: Bort|Protosynthesis|[silent]
|upkeep
|
|t:|1760348709
|switch|p1a: BIG P|Primarina, F, shiny|69/100 tox
|turn|54
|
|t:|1760348720
|move|p1a: BIG P|Moonblast|p2a: Dondozo
|-damage|p2a: Dondozo|53/100 slp
|cant|p2a: Dondozo|slp
|move|p2a: Dondozo|Sleep Talk|p2a: Dondozo
|move|p2a: Dondozo|Curse|p2a: Dondozo|[from] move: Sleep Talk
|-unboost|p2a: Dondozo|spe|1
|-boost|p2a: Dondozo|atk|1
|-boost|p2a: Dondozo|def|1
|
|-damage|p1a: BIG P|63/100 tox|[from] psn
|upkeep
|turn|55
|
|t:|1760348733
|switch|p2a: Alomomola|Alomomola, F|100/100
|move|p1a: BIG P|Psychic Noise|p2a: Alomomola
|-resisted|p2a: Alomomola
|-damage|p2a: Alomomola|82/100
|-start|p2a: Alomomola|move: Heal Block
|
|-damage|p1a: BIG P|51/100 tox|[from] psn
|upkeep
|turn|56
|
|t:|1760348744
|switch|p1a: Corvorino|Corviknight, F|69/100
|-ability|p1a: Corvorino|Pressure
|move|p2a: Alomomola|Flip Turn|p1a: Corvorino
|-damage|p1a: Corvorino|60/100
|-damage|p2a: Alomomola|66/100|[from] item: Rocky Helmet|[of] p1a: Corvorino
|
|t:|1760348749
|switch|p2a: Dondozo|Dondozo, M|53/100 slp|[from] Flip Turn
|
|upkeep
|turn|57
|
|t:|1760348757
|switch|p1a: SLICEMAN|Iron Valiant, shiny|81/100
|-curestatus|p2a: Dondozo|slp|[msg]
|move|p2a: Dondozo|Rest|p2a: Dondozo
|-status|p2a: Dondozo|slp|[from] move: Rest
|-heal|p2a: Dondozo|100/100 slp|[silent]
|
|upkeep
|turn|58
|
|t:|1760348766
|move|p1a: SLICEMAN|Close Combat|p2a: Dondozo
|-damage|p2a: Dondozo|74/100 slp
|-unboost|p1a: SLICEMAN|def|1
|-unboost|p1a: SLICEMAN|spd|1
|cant|p2a: Dondozo|slp
|move|p2a: Dondozo|Sleep Talk|p2a: Dondozo
|move|p2a: Dondozo|Rest||[from] move: Sleep Talk|[still]
|-fail|p2a: Dondozo
|
|upkeep
|turn|59
|
|t:|1760348776
|move|p1a: SLICEMAN|Close Combat|p2a: Dondozo
|-damage|p2a: Dondozo|46/100 slp
|-unboost|p1a: SLICEMAN|def|1
|-unboost|p1a: SLICEMAN|spd|1
|cant|p2a: Dondozo|slp
|move|p2a: Dondozo|Sleep Talk|p2a: Dondozo
|move|p2a: Dondozo|Curse|p2a: Dondozo|[from] move: Sleep Talk
|-unboost|p2a: Dondozo|spe|1
|-boost|p2a: Dondozo|atk|1
|-boost|p2a: Dondozo|def|1
|
|upkeep
|turn|60
|
|t:|1760348789
|move|p1a: SLICEMAN|Close Combat|p2a: Dondozo
|-damage|p2a: Dondozo|29/100 slp
|-unboost|p1a: SLICEMAN|def|1
|-unboost|p1a: SLICEMAN|spd|1
|-curestatus|p2a: Dondozo|slp|[msg]
|move|p2a: Dondozo|Rest|p2a: Dondozo
|-status|p2a: Dondozo|slp|[from] move: Rest
|-heal|p2a: Dondozo|100/100 slp|[silent]
|
|upkeep
|turn|61
|
|t:|1760348800
|-end|p1a: SLICEMAN|Quark Drive|[silent]
|switch|p1a: Corvorino|Corviknight, F|60/100
|-ability|p1a: Corvorino|Pressure
|cant|p2a: Dondozo|slp
|move|p2a: Dondozo|Sleep Talk|p2a: Dondozo
|move|p2a: Dondozo|Earthquake|p1a: Corvorino|[from] move: Sleep Talk
|-immune|p1a: Corvorino
|
|upkeep
|turn|62
|
|t:|1760348812
|move|p1a: Corvorino|Roost|p1a: Corvorino
|-heal|p1a: Corvorino|100/100
|-singleturn|p1a: Corvorino|move: Roost
|cant|p2a: Dondozo|slp
|move|p2a: Dondozo|Sleep Talk|p2a: Dondozo
|move|p2a: Dondozo|Curse|p2a: Dondozo|[from] move: Sleep Talk
|-unboost|p2a: Dondozo|spe|1
|-boost|p2a: Dondozo|atk|1
|-boost|p2a: Dondozo|def|1
|
|upkeep
|turn|63
|
|t:|1760348824
|switch|p2a: Gliscor|Gliscor, F|82/100 tox
|move|p1a: Corvorino|Bulk Up|p1a: Corvorino
|-boost|p1a: Corvorino|atk|1
|-boost|p1a: Corvorino|def|1
|
|-heal|p2a: Gliscor|94/100 tox|[from] ability: Poison Heal
|upkeep
|turn|64
|
|t:|1760348833
|move|p2a: Gliscor|Stealth Rock|p1a: Corvorino
|-sidestart|p1: pokingmoms|move: Stealth Rock
|move|p1a: Corvorino|Brave Bird|p2a: Gliscor
|-crit|p2a: Gliscor
|-damage|p2a: Gliscor|32/100 tox
|-damage|p1a: Corvorino|86/100|[from] Recoil
|
|-heal|p2a: Gliscor|45/100 tox|[from] ability: Poison Heal
|upkeep
|turn|65
|
|t:|1760348843
|move|p2a: Gliscor|Taunt|p1a: Corvorino
|-start|p1a: Corvorino|move: Taunt
|move|p1a: Corvorino|Brave Bird|p2a: Gliscor
|-damage|p2a: Gliscor|3/100 tox
|-damage|p1a: Corvorino|75/100|[from] Recoil
|
|-heal|p2a: Gliscor|15/100 tox|[from] ability: Poison Heal
|upkeep
|turn|66
|
|t:|1760348853
|switch|p2a: Alomomola|Alomomola, F|99/100
|move|p1a: Corvorino|Brave Bird|p2a: Alomomola
|-crit|p2a: Alomomola
|-damage|p2a: Alomomola|45/100
|-damage|p1a: Corvorino|51/100|[from] Recoil
|
|upkeep
|turn|67
|
|t:|1760348863
|move|p1a: Corvorino|Brave Bird|p2a: Alomomola
|-damage|p2a: Alomomola|7/100
|-damage|p1a: Corvorino|35/100|[from] Recoil
|move|p2a: Alomomola|Wish|p2a: Alomomola
|
|-end|p1a: Corvorino|move: Taunt
|upkeep
|turn|68
|
|t:|1760348877
|move|p1a: Corvorino|Bulk Up|p1a: Corvorino
|-boost|p1a: Corvorino|atk|1
|-boost|p1a: Corvorino|def|1
|move|p2a: Alomomola|Flip Turn|p1a: Corvorino
|-damage|p1a: Corvorino|30/100
|-damage|p2a: Alomomola|0 fnt|[from] item: Rocky Helmet|[of] p1a: Corvorino
|faint|p2a: Alomomola
|
|upkeep
|
|t:|1760348884
|switch|p2a: Gliscor|Gliscor, F|15/100 tox
|turn|69
|
|t:|1760348893
|move|p2a: Gliscor|Taunt|p1a: Corvorino
|-start|p1a: Corvorino|move: Taunt
|move|p1a: Corvorino|Brave Bird|p2a: Gliscor
|-damage|p2a: Gliscor|0 fnt
|faint|p2a: Gliscor
|-damage|p1a: Corvorino|26/100|[from] Recoil
|
|upkeep
|
|t:|1760348900
|switch|p2a: Dondozo|Dondozo, M|100/100 slp
|turn|70
|
|t:|1760348917
|move|p1a: Corvorino|Brave Bird|p2a: Dondozo
|-damage|p2a: Dondozo|85/100 slp
|-damage|p1a: Corvorino|20/100|[from] Recoil
|-curestatus|p2a: Dondozo|slp|[msg]
|move|p2a: Dondozo|Curse|p2a: Dondozo
|-unboost|p2a: Dondozo|spe|1
|-boost|p2a: Dondozo|atk|1
|-boost|p2a: Dondozo|def|1
|
|upkeep
|turn|71
|inactive|YQMXLL has 120 seconds left.
|
|t:|1760348943
|move|p1a: Corvorino|Brave Bird|p2a: Dondozo
|-damage|p2a: Dondozo|73/100
|-damage|p1a: Corvorino|15/100|[from] Recoil
|move|p2a: Dondozo|Curse|p2a: Dondozo
|-unboost|p2a: Dondozo|spe|1
|-boost|p2a: Dondozo|atk|1
|-boost|p2a: Dondozo|def|1
|
|-end|p1a: Corvorino|move: Taunt
|upkeep
|turn|72
|
|t:|1760348954
|move|p1a: Corvorino|Roost|p1a: Corvorino
|-heal|p1a: Corvorino|65/100
|-singleturn|p1a: Corvorino|move: Roost
|move|p2a: Dondozo|Curse|p2a: Dondozo
|-unboost|p2a: Dondozo|spe|1
|-boost|p2a: Dondozo|atk|1
|-boost|p2a: Dondozo|def|1
|
|upkeep
|turn|73
|
|t:|1760348963
|move|p1a: Corvorino|Defog|p2a: Dondozo
|-unboost|p2a: Dondozo|evasion|1
|-sideend|p1: pokingmoms|Stealth Rock|[from] move: Defog|[of] p1a: Corvorino
|move|p2a: Dondozo|Curse|p2a: Dondozo
|-unboost|p2a: Dondozo|spe|1
|-boost|p2a: Dondozo|atk|1
|-boost|p2a: Dondozo|def|1
|
|upkeep
|turn|74
|
|t:|1760348971
|move|p1a: Corvorino|Bulk Up|p1a: Corvorino
|-boost|p1a: Corvorino|atk|1
|-boost|p1a: Corvorino|def|1
|move|p2a: Dondozo|Curse|p2a: Dondozo
|-unboost|p2a: Dondozo|spe|1
|-boost|p2a: Dondozo|atk|1
|-boost|p2a: Dondozo|def|1
|
|upkeep
|turn|75
|inactive|YQMXLL has 120 seconds left.
|-message|YQMXLL forfeited.
|
|win|pokingmoms
|raw|pokingmoms's rating: 1481 &rarr; <strong>1501</strong><br />(+20 for winning)
|raw|YQMXLL's rating: 1474 &rarr; <strong>1454</strong><br />(-20 for losing)
|l|☆YQMXLL
|player|p2|
|l|☆pokingmoms
|player|p1|
