|j|☆Riles
|j|☆Demar14
|t:|1760348347
|gametype|singles
|player|p1|Riles|may-masters3|1329
|player|p2|Demar14|101|1325
|gen|9
|tier|[Gen 9] OU
|rated|
|rule|HP Percentage Mod: HP is shown in percentages
|rule|Endless Battle Clause: Forcing endless battles is banned
|rule|Species Clause: Limit one of each Pokémon
|rule|OHKO Clause: OHKO moves are banned
|rule|Evasion Items Clause: Evasion items are banned
|rule|Evasion Moves Clause: Evasion moves are banned
|rule|Evasion Abilities Clause: Evasion abilities are banned
|rule|Sleep Moves Clause: Sleep-inducing moves are banned
|clearpoke
|poke|p1|Ceruledge, M|
|poke|p1|Scizor, F|
|poke|p1|Zapdos|
|poke|p1|Great Tusk|
|poke|p1|Hatterene, F|
|poke|p1|Iron Valiant|
|poke|p2|Slowking-Galar, M|
|poke|p2|Moltres|
|poke|p2|Samurott-Hisui, M|
|poke|p2|Dragonite, M|
|poke|p2|Great Tusk|
|poke|p2|Darkrai|
|teampreview
|c|☆Riles|hf
|inactive|Battle timer is ON: inactive players will automatically lose when time's up. (requested by Riles)
|c|☆Demar14|2
|c|☆Demar14|u2
|
|t:|1760348363
|teamsize|p1|6
|teamsize|p2|6
|start
|switch|p1a: Hatterene|Hatterene, F|100/100
|switch|p2a: Darkrai|Darkrai|100/100
|turn|1
|
|t:|1760348372
|switch|p2a: Slowking|Slowking-Galar, M|100/100
|switch|p1a: Scizor|Scizor, F, shiny|100/100
|
|upkeep
|turn|2
|
|t:|1760348379
|switch|p2a: Great Tusk|Great Tusk|100/100
|move|p1a: Scizor|Knock Off|p2a: Great Tusk
|-resisted|p2a: Great Tusk
|-damage|p2a: Great Tusk|89/100
|-enditem|p2a: Great Tusk|Leftovers|[from] move: Knock Off|[of] p1a: Scizor
|
|upkeep
|turn|3
|
|t:|1760348385
|-end|p2a: Great Tusk|Protosynthesis|[silent]
|switch|p2a: Moltres|Moltres|100/100
|switch|p1a: Great Tusk|Great Tusk|100/100
|
|upkeep
|turn|4
|
|t:|1760348390
|-end|p1a: Great Tusk|Protosynthesis|[silent]
|switch|p1a: Ceruledge|Ceruledge, M, shiny|100/100
|move|p2a: Moltres|Flamethrower|p1a: Ceruledge
|-resisted|p1a: Ceruledge
|-damage|p1a: Ceruledge|80/100
|
|upkeep
|turn|5
|
|t:|1760348397
|move|p1a: Ceruledge|Bitter Blade|p2a: Moltres
|-resisted|p2a: Moltres
|-damage|p2a: Moltres|84/100
|-heal|p1a: Ceruledge|91/100|[from] drain|[of] p2a: Moltres
|move|p2a: Moltres|U-turn|p1a: Ceruledge
|-resisted|p1a: Ceruledge
|-damage|p1a: Ceruledge|86/100
|-ability|p1a: Ceruledge|Weak Armor|boost
|-unboost|p1a: Ceruledge|def|1
|-boost|p1a: Ceruledge|spe|2
|
|t:|1760348404
|switch|p2a: Samurott|Samurott-Hisui, M|100/100|[from] U-turn
|
|upkeep
|turn|6
|
|t:|1760348406
|move|p2a: Samurott|Sucker Punch|p1a: Ceruledge
|-supereffective|p1a: Ceruledge
|-damage|p1a: Ceruledge|0 fnt
|faint|p1a: Ceruledge
|
|upkeep
|
|t:|1760348408
|switch|p1a: Zapdos|Zapdos, shiny|100/100
|turn|7
|
|t:|1760348414
|switch|p2a: Slowking|Slowking-Galar, M|100/100
|move|p1a: Zapdos|Volt Switch|p2a: Slowking
|-damage|p2a: Slowking|82/100
|
|t:|1760348416
|switch|p1a: Hatterene|Hatterene, F|100/100|[from] Volt Switch
|
|upkeep
|turn|8
|
|t:|1760348429
|move|p1a: Hatterene|Nuzzle|p2a: Slowking
|-damage|p2a: Slowking|78/100
|-status|p2a: Slowking|par
|move|p2a: Slowking|Sludge Bomb|p1a: Hatterene
|-supereffective|p1a: Hatterene
|-damage|p1a: Hatterene|7/100
|
|upkeep
|turn|9
|
|t:|1760348436
|move|p1a: Hatterene|Psychic Noise|p2a: Slowking
|-crit|p2a: Slowking
|-damage|p2a: Slowking|52/100 par
|-start|p2a: Slowking|move: Heal Block
|cant|p2a: Slowking|par
|
|upkeep
|turn|10
|
|t:|1760348443
|switch|p2a: Samurott|Samurott-Hisui, M|100/100
|move|p1a: Hatterene|Draining Kiss|p2a: Samurott
|-supereffective|p2a: Samurott
|-damage|p2a: Samurott|38/100
|-heal|p1a: Hatterene|55/100|[from] drain|[of] p2a: Samurott
|
|upkeep
|turn|11
|
|t:|1760348448
|switch|p1a: Great Tusk|Great Tusk|100/100
|move|p2a: Samurott|Ceaseless Edge|p1a: Great Tusk
|-resisted|p1a: Great Tusk
|-damage|p1a: Great Tusk|86/100
|-sidestart|p1: Riles|Spikes
|
|-heal|p1a: Great Tusk|92/100|[from] item: Leftovers
|upkeep
|turn|12
|
|t:|1760348452
|switch|p2a: Moltres|Moltres|84/100
|move|p1a: Great Tusk|Stealth Rock|p2a: Moltres
|-sidestart|p2: Demar14|move: Stealth Rock
|
|-heal|p1a: Great Tusk|99/100|[from] item: Leftovers
|upkeep
|turn|13
|
|t:|1760348458
|-end|p1a: Great Tusk|Protosynthesis|[silent]
|switch|p1a: Zapdos|Zapdos, shiny|100/100
|move|p2a: Moltres|U-turn|p1a: Zapdos
|-resisted|p1a: Zapdos
|-damage|p1a: Zapdos|91/100
|
|t:|1760348467
|switch|p2a: Darkrai|Darkrai|100/100|[from] U-turn
|
|upkeep
|turn|14
|
|t:|1760348477
|move|p2a: Darkrai|Will-O-Wisp|p1a: Zapdos
|-status|p1a: Zapdos|brn
|move|p1a: Zapdos|Volt Switch|p2a: Darkrai
|-damage|p2a: Darkrai|54/100
|
|t:|1760348479
|switch|p1a: Scizor|Scizor, F, shiny|100/100|[from] Volt Switch
|-damage|p1a: Scizor|88/100|[from] Spikes
|
|-heal|p1a: Scizor|94/100|[from] item: Leftovers
|upkeep
|turn|15
|
|t:|1760348487
|move|p2a: Darkrai|Dark Pulse|p1a: Scizor
|-damage|p1a: Scizor|51/100
|cant|p1a: Scizor|flinch
|
|-heal|p1a: Scizor|57/100|[from] item: Leftovers
|upkeep
|turn|16
|
|t:|1760348491
|move|p2a: Darkrai|Will-O-Wisp|p1a: Scizor
|-status|p1a: Scizor|brn
|move|p1a: Scizor|Knock Off|p2a: Darkrai
|-resisted|p2a: Darkrai
|-damage|p2a: Darkrai|44/100
|-enditem|p2a: Darkrai|Heavy-Duty Boots|[from] move: Knock Off|[of] p1a: Scizor
|
|-heal|p1a: Scizor|64/100 brn|[from] item: Leftovers
|-damage|p1a: Scizor|57/100 brn|[from] brn
|upkeep
|turn|17
|
|t:|1760348495
|move|p2a: Darkrai|Dark Pulse|p1a: Scizor
|-damage|p1a: Scizor|11/100 brn
|move|p1a: Scizor|Close Combat|p2a: Darkrai
|-supereffective|p2a: Darkrai
|-damage|p2a: Darkrai|0 fnt
|-unboost|p1a: Scizor|def|1
|-unboost|p1a: Scizor|spd|1
|faint|p2a: Darkrai
|
|-heal|p1a: Scizor|17/100 brn|[from] item: Leftovers
|-damage|p1a: Scizor|11/100 brn|[from] brn
|upkeep
|-message|Riles forfeited.
|
|win|Demar14
|raw|Riles's rating: 1329 &rarr; <strong>1309</strong><br />(-20 for losing)
|raw|Demar14's rating: 1325 &rarr; <strong>1345</strong><br />(+20 for winning)
|c|☆Riles|gg
