|j|☆kbbl
|j|☆kamata
|t:|1760314885
|gametype|singles
|player|p1|kbbl|265|1329
|player|p2|kamata|1|1288
|gen|9
|tier|[Gen 9] OU
|rated|
|rule|HP Percentage Mod: HP is shown in percentages
|rule|Endless Battle Clause: Forcing endless battles is banned
|rule|Species Clause: Limit one of each Pokémon
|rule|OHKO Clause: OHKO moves are banned
|rule|Evasion Items Clause: Evasion items are banned
|rule|Evasion Moves Clause: Evasion moves are banned
|rule|Evasion Abilities Clause: Evasion abilities are banned
|rule|Sleep Moves Clause: Sleep-inducing moves are banned
|clearpoke
|poke|p1|Landorus-Therian, M|
|poke|p1|Samurott-Hisui, M|
|poke|p1|Pecharunt|
|poke|p1|Scizor, F|
|poke|p1|Latios, M|
|poke|p1|Zamazenta-*|
|poke|p2|Azumarill, F|
|poke|p2|Hoopa-Unbound|
|poke|p2|Golurk|
|poke|p2|Ursaluna, M|
|poke|p2|Slowking-Galar, F|
|poke|p2|Cresselia, F|
|teampreview
|
|t:|1760314905
|teamsize|p1|6
|teamsize|p2|6
|start
|switch|p1a: Samurott|Samurott-Hisui, M|100/100
|switch|p2a: Azumarill|Azumarill, F|100/100
|turn|1
|
|t:|1760314929
|move|p1a: Samurott|Ceaseless Edge|p2a: Azumarill
|-resisted|p2a: Azumarill
|-damage|p2a: Azumarill|75/100
|-sidestart|p2: kamata|Spikes
|move|p2a: Azumarill|Play Rough|p1a: Samurott
|-supereffective|p1a: Samurott
|-damage|p1a: Samurott|0 fnt
|faint|p1a: Samurott
|
|upkeep
|
|t:|1760314937
|switch|p1a: Pecharunt|Pecharunt|100/100
|turn|2
|
|t:|1760314942
|switch|p2a: Slowking|Slowking-Galar, F|100/100
|move|p1a: Pecharunt|Parting Shot|p2a: Slowking
|-unboost|p2a: Slowking|atk|1
|-unboost|p2a: Slowking|spa|1
|
|t:|1760314949
|switch|p1a: Scizor|Scizor, F|100/100|[from] Parting Shot
|
|upkeep
|turn|3
|
|t:|1760314961
|move|p1a: Scizor|Knock Off|p2a: Slowking
|-supereffective|p2a: Slowking
|-damage|p2a: Slowking|44/100
|-enditem|p2a: Slowking|Heavy-Duty Boots|[from] move: Knock Off|[of] p1a: Scizor
|move|p2a: Slowking|Trick Room|p2a: Slowking
|-fieldstart|move: Trick Room|[of] p2a: Slowking
|
|upkeep
|turn|4
|
|t:|1760314969
|-prepare|p2a: Slowking|Chilly Reception|[premajor]
|move|p2a: Slowking|Chilly Reception|p2a: Slowking
|-weather|Snowscape
|inactive|Battle timer is ON: inactive players will automatically lose when time's up. (requested by kbbl)
|
|t:|1760314978
|switch|p2a: Ursaluna|Ursaluna, M|100/100|[from] Chilly Reception
|-damage|p2a: Ursaluna|88/100|[from] Spikes
|move|p1a: Scizor|Knock Off|p2a: Ursaluna
|-crit|p2a: Ursaluna
|-damage|p2a: Ursaluna|52/100
|-enditem|p2a: Ursaluna|Flame Orb|[from] move: Knock Off|[of] p1a: Scizor
|
|-weather|Snowscape|[upkeep]
|upkeep
|turn|5
|
|t:|1760314996
|switch|p1a: Landorus|Landorus-Therian, M|100/100
|-ability|p1a: Landorus|Intimidate|boost
|-unboost|p2a: Ursaluna|atk|1
|move|p2a: Ursaluna|Facade|p1a: Landorus
|-damage|p1a: Landorus|72/100
|-damage|p2a: Ursaluna|36/100|[from] item: Rocky Helmet|[of] p1a: Landorus
|
|-weather|Snowscape|[upkeep]
|upkeep
|turn|6
|
|t:|1760315007
|move|p2a: Ursaluna|Facade|p1a: Landorus
|-damage|p1a: Landorus|45/100
|-damage|p2a: Ursaluna|19/100|[from] item: Rocky Helmet|[of] p1a: Landorus
|move|p1a: Landorus|Earthquake|p2a: Ursaluna
|-damage|p2a: Ursaluna|0 fnt
|faint|p2a: Ursaluna
|
|-weather|Snowscape|[upkeep]
|upkeep
|
|t:|1760315016
|switch|p2a: Azumarill|Azumarill, F|75/100
|-damage|p2a: Azumarill|62/100|[from] Spikes
|turn|7
|
|t:|1760315036
|switch|p1a: Pecharunt|Pecharunt|100/100
|-terastallize|p2a: Azumarill|Water
|move|p2a: Azumarill|Liquidation|p1a: Pecharunt
|-damage|p1a: Pecharunt|32/100
|
|-weather|Snowscape|[upkeep]
|-fieldend|move: Trick Room
|upkeep
|turn|8
|
|t:|1760315046
|move|p1a: Pecharunt|Malignant Chain|p2a: Azumarill
|-damage|p2a: Azumarill|29/100
|move|p2a: Azumarill|Liquidation|p1a: Pecharunt
|-damage|p1a: Pecharunt|0 fnt
|faint|p1a: Pecharunt
|
|-weather|none
|upkeep
|
|t:|1760315052
|switch|p1a: Latios|Latios, M|100/100
|turn|9
|inactive|kbbl has 120 seconds left.
|
|t:|1760315090
|switch|p2a: Hoopa|Hoopa-Unbound|100/100
|-damage|p2a: Hoopa|88/100|[from] Spikes
|move|p1a: Latios|Draco Meteor|p2a: Hoopa
|-damage|p2a: Hoopa|24/100
|-unboost|p1a: Latios|spa|2
|
|upkeep
|turn|10
|inactive|kbbl has 120 seconds left.
|
|t:|1760315098
|move|p1a: Latios|Draco Meteor|p2a: Hoopa
|-damage|p2a: Hoopa|0 fnt
|-unboost|p1a: Latios|spa|2
|faint|p2a: Hoopa
|
|upkeep
|
|t:|1760315104
|switch|p2a: Slowking|Slowking-Galar, F|77/100
|-damage|p2a: Slowking|64/100|[from] Spikes
|turn|11
|
|t:|1760315115
|switch|p1a: Landorus|Landorus-Therian, M|45/100
|-ability|p1a: Landorus|Intimidate|boost
|-unboost|p2a: Slowking|atk|1
|move|p2a: Slowking|Trick Room|p2a: Slowking
|-fieldstart|move: Trick Room|[of] p2a: Slowking
|
|upkeep
|turn|12
|
|t:|1760315124
|move|p2a: Slowking|Ice Beam|p1a: Landorus
|-supereffective|p1a: Landorus
|-damage|p1a: Landorus|0 fnt
|faint|p1a: Landorus
|
|upkeep
|
|t:|1760315135
|switch|p1a: Zamazenta|Zamazenta|100/100
|-ability|p1a: Zamazenta|Dauntless Shield|boost
|-boost|p1a: Zamazenta|def|1
|turn|13
|
|t:|1760315150
|move|p2a: Slowking|Sludge Bomb|p1a: Zamazenta
|-damage|p1a: Zamazenta|71/100
|move|p1a: Zamazenta|Crunch|p2a: Slowking
|-supereffective|p2a: Slowking
|-damage|p2a: Slowking|32/100
|
|-heal|p1a: Zamazenta|77/100|[from] item: Leftovers
|upkeep
|turn|14
|
|t:|1760315161
|move|p2a: Slowking|Sludge Bomb|p1a: Zamazenta
|-damage|p1a: Zamazenta|47/100
|move|p1a: Zamazenta|Crunch|p2a: Slowking
|-supereffective|p2a: Slowking
|-damage|p2a: Slowking|1/100
|
|-heal|p1a: Zamazenta|53/100|[from] item: Leftovers
|upkeep
|turn|15
|
|t:|1760315172
|switch|p2a: Cresselia|Cresselia, F|100/100
|move|p1a: Zamazenta|Crunch|p2a: Cresselia
|-supereffective|p2a: Cresselia
|-damage|p2a: Cresselia|78/100
|
|-heal|p1a: Zamazenta|59/100|[from] item: Leftovers
|-fieldend|move: Trick Room
|upkeep
|turn|16
|
|t:|1760315187
|switch|p1a: Latios|Latios, M|100/100
|move|p2a: Cresselia|Trick Room|p2a: Cresselia
|-fieldstart|move: Trick Room|[of] p2a: Cresselia
|
|upkeep
|turn|17
|
|t:|1760315199
|move|p2a: Cresselia|Ice Beam|p1a: Latios
|-supereffective|p1a: Latios
|-damage|p1a: Latios|69/100
|move|p1a: Latios|Calm Mind|p1a: Latios
|-boost|p1a: Latios|spa|1
|-boost|p1a: Latios|spd|1
|
|upkeep
|turn|18
|
|t:|1760315211
|move|p2a: Cresselia|Lunar Dance|p2a: Cresselia
|faint|p2a: Cresselia
|move|p1a: Latios|Recover|p1a: Latios
|-heal|p1a: Latios|100/100
|
|upkeep
|
|t:|1760315216
|switch|p2a: Golurk|Golurk|100/100
|-damage|p2a: Golurk|88/100|[from] Spikes
|turn|19
|l|☆kbbl
|inactive|kbbl disconnected and has a minute to reconnect!
|player|p1|
|inactive|kbbl has 30 seconds to reconnect!
|inactive|kamata has 120 seconds left.
|inactive|kbbl has 20 seconds to reconnect!
|inactive|kbbl has 15 seconds to reconnect!
|inactive|kbbl has 10 seconds to reconnect!
|inactive|kbbl has 5 seconds to reconnect!
|-message|kbbl lost due to inactivity.
|
|win|kamata
|raw|kbbl's rating: 1329 &rarr; <strong>1307</strong><br />(-22 for losing)
|raw|kamata's rating: 1288 &rarr; <strong>1316</strong><br />(+28 for winning)
|j|☆kbbl
|player|p1|kbbl|265|
|l|☆kamata
|player|p2|
|l|☆kbbl
|player|p1|
