|j|☆york tv001
|j|☆Barronmaster
|t:|1760359138
|gametype|singles
|player|p1|york tv001|265|1612
|player|p2|Barronmaster|palmer|1636
|gen|9
|tier|[Gen 9] OU
|rated|
|rule|HP Percentage Mod: HP is shown in percentages
|rule|Endless Battle Clause: Forcing endless battles is banned
|rule|Species Clause: Limit one of each Pokémon
|rule|OHKO Clause: OHKO moves are banned
|rule|Evasion Items Clause: Evasion items are banned
|rule|Evasion Moves Clause: Evasion moves are banned
|rule|Evasion Abilities Clause: Evasion abilities are banned
|rule|Sleep Moves Clause: Sleep-inducing moves are banned
|clearpoke
|poke|p1|Excadrill, M|
|poke|p1|Heatran, M|
|poke|p1|Tyranitar, M|
|poke|p1|Tornadus-Therian, M|
|poke|p1|Hydrapple, M|
|poke|p1|Keldeo-Resolute|
|poke|p2|Hoopa-Unbound|
|poke|p2|Ninetales-Alola, M|
|poke|p2|Slowking-Galar, F|
|poke|p2|Cloyster, M|
|poke|p2|Zoroark, M|
|poke|p2|Indeedee, M|
|teampreview
|
|t:|1760359150
|teamsize|p1|6
|teamsize|p2|6
|start
|switch|p1a: Tornadus|Tornadus-Therian, M, shiny|100/100
|switch|p2a: Hoopa|Hoopa-Unbound|100/100
|turn|1
|inactive|Battle timer is ON: inactive players will automatically lose when time's up. (requested by york tv001)
|
|t:|1760359157
|-terastallize|p2a: Hoopa|Fire
|move|p1a: Tornadus|Bleakwind Storm|p2a: Hoopa
|-damage|p2a: Hoopa|20/100
|replace|p2a: Zoroark|Zoroark, M
|-end|p2a: Zoroark|Illusion
|move|p2a: Zoroark|Knock Off|p1a: Tornadus
|-damage|p1a: Tornadus|31/100
|-enditem|p1a: Tornadus|Heavy-Duty Boots|[from] move: Knock Off|[of] p2a: Zoroark
|-damage|p2a: Zoroark|10/100|[from] item: Life Orb
|
|upkeep
|turn|2
|
|t:|1760359165
|move|p2a: Zoroark|Sucker Punch|p1a: Tornadus
|-damage|p1a: Tornadus|0 fnt
|faint|p1a: Tornadus
|-damage|p2a: Zoroark|0 fnt|[from] item: Life Orb
|faint|p2a: Zoroark
|
|upkeep
|
|t:|1760359182
|switch|p1a: Tyranitar|Tyranitar, M, shiny|100/100
|switch|p2a: Hoopa|Hoopa-Unbound|100/100
|-weather|Sandstorm|[from] ability: Sand Stream|[of] p1a: Tyranitar
|turn|3
|
|t:|1760359190
|switch|p1a: Hydrapple|Hydrapple, M, shiny|100/100
|move|p2a: Hoopa|Drain Punch|p1a: Hydrapple
|-damage|p1a: Hydrapple|83/100
|-damage|p2a: Hoopa|84/100|[from] item: Rocky Helmet|[of] p1a: Hydrapple
|
|-weather|Sandstorm|[upkeep]
|-damage|p2a: Hoopa|78/100|[from] Sandstorm
|-damage|p1a: Hydrapple|77/100|[from] Sandstorm
|upkeep
|turn|4
|
|t:|1760359197
|move|p2a: Hoopa|Psychic Noise|p1a: Hydrapple
|-damage|p1a: Hydrapple|30/100
|-start|p1a: Hydrapple|move: Heal Block
|move|p1a: Hydrapple|Fickle Beam|p2a: Hoopa
|-damage|p2a: Hoopa|61/100
|
|-weather|Sandstorm|[upkeep]
|-damage|p2a: Hoopa|55/100|[from] Sandstorm
|-damage|p1a: Hydrapple|24/100|[from] Sandstorm
|upkeep
|turn|5
|
|t:|1760359215
|switch|p1a: Tyranitar|Tyranitar, M, shiny|100/100
|move|p2a: Hoopa|Drain Punch|p1a: Tyranitar
|-supereffective|p1a: Tyranitar
|-damage|p1a: Tyranitar|0 fnt
|-heal|p2a: Hoopa|100/100|[from] drain|[of] p1a: Tyranitar
|faint|p1a: Tyranitar
|
|-weather|Sandstorm|[upkeep]
|-damage|p2a: Hoopa|95/100|[from] Sandstorm
|upkeep
|
|t:|1760359218
|switch|p1a: Keldeo|Keldeo-Resolute, shiny|100/100
|turn|6
|
|t:|1760359225
|move|p1a: Keldeo|Secret Sword|p2a: Hoopa
|-damage|p2a: Hoopa|0 fnt
|faint|p2a: Hoopa
|
|-weather|Sandstorm|[upkeep]
|-damage|p1a: Keldeo|94/100|[from] Sandstorm
|upkeep
|
|t:|1760359229
|switch|p2a: Ninetales|Ninetales-Alola, M|100/100
|-weather|Snowscape|[from] ability: Snow Warning|[of] p2a: Ninetales
|turn|7
|
|t:|1760359235
|switch|p1a: Heatran|Heatran, M, shiny|100/100
|move|p2a: Ninetales|Aurora Veil|p2a: Ninetales
|-sidestart|p2: Barronmaster|move: Aurora Veil
|
|-weather|Snowscape|[upkeep]
|upkeep
|turn|8
|
|t:|1760359240
|switch|p2a: Indeedee|Indeedee, M|100/100
|-fieldstart|move: Psychic Terrain|[from] ability: Psychic Surge|[of] p2a: Indeedee
|move|p1a: Heatran|Stealth Rock|p2a: Indeedee
|-sidestart|p2: Barronmaster|move: Stealth Rock
|
|-weather|Snowscape|[upkeep]
|upkeep
|turn|9
|
|t:|1760359244
|move|p2a: Indeedee|Expanding Force|p1a: Heatran
|-resisted|p1a: Heatran
|-damage|p1a: Heatran|70/100
|-damage|p2a: Indeedee|91/100|[from] item: Life Orb
|move|p1a: Heatran|Magma Storm|p2a: Indeedee
|-damage|p2a: Indeedee|69/100
|-activate|p2a: Indeedee|move: Magma Storm|[of] p1a: Heatran
|
|-weather|Snowscape|[upkeep]
|-heal|p1a: Heatran|77/100|[from] item: Leftovers
|-damage|p2a: Indeedee|56/100|[from] move: Magma Storm|[partiallytrapped]
|upkeep
|turn|10
|
|t:|1760359262
|move|p2a: Indeedee|Expanding Force|p1a: Heatran
|-resisted|p1a: Heatran
|-damage|p1a: Heatran|45/100
|-damage|p2a: Indeedee|47/100|[from] item: Life Orb
|move|p1a: Heatran|Earth Power|p2a: Indeedee
|-damage|p2a: Indeedee|33/100
|
|-weather|Snowscape|[upkeep]
|-heal|p1a: Heatran|51/100|[from] item: Leftovers
|-damage|p2a: Indeedee|21/100|[from] move: Magma Storm|[partiallytrapped]
|upkeep
|turn|11
|
|t:|1760359267
|move|p2a: Indeedee|Expanding Force|p1a: Heatran
|-resisted|p1a: Heatran
|-crit|p1a: Heatran
|-damage|p1a: Heatran|7/100
|-damage|p2a: Indeedee|11/100|[from] item: Life Orb
|move|p1a: Heatran|Earth Power|p2a: Indeedee
|-damage|p2a: Indeedee|0 fnt
|faint|p2a: Indeedee
|
|-weather|none
|-heal|p1a: Heatran|13/100|[from] item: Leftovers
|upkeep
|
|t:|1760359279
|switch|p2a: Slowking|Slowking-Galar, F|100/100
|-damage|p2a: Slowking|88/100|[from] Stealth Rock
|turn|12
|
|t:|1760359286
|move|p1a: Heatran|Magma Storm|p2a: Slowking
|-damage|p2a: Slowking|73/100
|-activate|p2a: Slowking|move: Magma Storm|[of] p1a: Heatran
|move|p2a: Slowking|Nasty Plot|p2a: Slowking
|-boost|p2a: Slowking|spa|2
|
|-heal|p1a: Heatran|20/100|[from] item: Leftovers
|-heal|p2a: Slowking|79/100|[from] item: Leftovers
|-damage|p2a: Slowking|67/100|[from] move: Magma Storm|[partiallytrapped]
|-fieldend|move: Psychic Terrain
|upkeep
|turn|13
|
|t:|1760359290
|move|p1a: Heatran|Earth Power|p2a: Slowking
|-supereffective|p2a: Slowking
|-damage|p2a: Slowking|47/100
|move|p2a: Slowking|Trick Room|p2a: Slowking
|-fieldstart|move: Trick Room|[of] p2a: Slowking
|
|-heal|p2a: Slowking|53/100|[from] item: Leftovers
|-heal|p1a: Heatran|26/100|[from] item: Leftovers
|-damage|p2a: Slowking|41/100|[from] move: Magma Storm|[partiallytrapped]
|upkeep
|turn|14
|
|t:|1760359296
|move|p2a: Slowking|Psychic Noise|p1a: Heatran
|-resisted|p1a: Heatran
|-damage|p1a: Heatran|2/100
|-start|p1a: Heatran|move: Heal Block
|move|p1a: Heatran|Magma Storm|p2a: Slowking|[miss]
|-miss|p1a: Heatran|p2a: Slowking
|
|-heal|p2a: Slowking|47/100|[from] item: Leftovers
|-damage|p2a: Slowking|34/100|[from] move: Magma Storm|[partiallytrapped]
|-sideend|p2: Barronmaster|move: Aurora Veil
|upkeep
|turn|15
|
|t:|1760359300
|move|p2a: Slowking|Psychic Noise|p1a: Heatran
|-resisted|p1a: Heatran
|-damage|p1a: Heatran|0 fnt
|faint|p1a: Heatran
|
|-heal|p2a: Slowking|40/100|[from] item: Leftovers
|-end|p2a: Slowking|Magma Storm|[partiallytrapped]|[silent]
|upkeep
|
|t:|1760359303
|switch|p1a: Excadrill|Excadrill, M, shiny|100/100
|-item|p1a: Excadrill|Air Balloon
|turn|16
|
|t:|1760359306
|move|p2a: Slowking|Flamethrower|p1a: Excadrill
|-supereffective|p1a: Excadrill
|-crit|p1a: Excadrill
|-damage|p1a: Excadrill|0 fnt
|-enditem|p1a: Excadrill|Air Balloon
|faint|p1a: Excadrill
|
|-heal|p2a: Slowking|47/100|[from] item: Leftovers
|upkeep
|-message|york tv001 forfeited.
|
|win|Barronmaster
|raw|york tv001's rating: 1612 &rarr; <strong>1593</strong><br />(-19 for losing)
|raw|Barronmaster's rating: 1636 &rarr; <strong>1655</strong><br />(+19 for winning)
|l|☆york tv001
|player|p1|
|c|☆Barronmaster|Gg
|l|☆Barronmaster
|player|p2|
