|j|☆bigchungusin2025
|j|☆SimonStork
|t:|1760449129
|gametype|singles
|player|p1|bigchungusin2025|infielder|1397
|player|p2|SimonStork|265|1415
|gen|9
|tier|[Gen 9] OU
|rated|
|rule|HP Percentage Mod: HP is shown in percentages
|rule|Endless Battle Clause: Forcing endless battles is banned
|rule|Species Clause: Limit one of each Pokémon
|rule|OHKO Clause: OHKO moves are banned
|rule|Evasion Items Clause: Evasion items are banned
|rule|Evasion Moves Clause: Evasion moves are banned
|rule|Evasion Abilities Clause: Evasion abilities are banned
|rule|Sleep Moves Clause: Sleep-inducing moves are banned
|clearpoke
|poke|p1|Landorus-Therian, M|
|poke|p1|Corviknight, M|
|poke|p1|Zoroark-Hisui, F|
|poke|p1|Raging Bolt|
|poke|p1|Slowking-Galar, F|
|poke|p1|Samurott-Hisui, F|
|poke|p2|Zamazenta-*|
|poke|p2|Pecharunt|
|poke|p2|Landorus-Therian, M|
|poke|p2|Walking Wake|
|poke|p2|Torkoal, M|
|poke|p2|Rabsca, M|
|teampreview
|inactive|Battle timer is ON: inactive players will automatically lose when time's up. (requested by bigchungusin2025)
|
|t:|1760449153
|teamsize|p1|6
|teamsize|p2|6
|start
|switch|p1a: Jaws (1975)|Samurott-Hisui, F, shiny|100/100
|switch|p2a: Landorus|Landorus-Therian, M|100/100
|-ability|p2a: Landorus|Intimidate|boost
|-unboost|p1a: Jaws (1975)|atk|1
|turn|1
|
|t:|1760449165
|move|p2a: Landorus|U-turn|p1a: Jaws (1975)
|-supereffective|p1a: Jaws (1975)
|-damage|p1a: Jaws (1975)|38/100
|
|t:|1760449174
|switch|p2a: Pecharunt|Pecharunt|100/100|[from] U-turn
|move|p1a: Jaws (1975)|Flip Turn|p2a: Pecharunt
|-damage|p2a: Pecharunt|92/100
|
|t:|1760449181
|switch|p1a: Inception (2010)|Slowking-Galar, F, shiny|100/100|[from] Flip Turn
|
|upkeep
|turn|2
|
|t:|1760449187
|move|p1a: Inception (2010)|Swords Dance|p1a: Inception (2010)
|-boost|p1a: Inception (2010)|atk|2
|move|p2a: Pecharunt|Parting Shot|p1a: Inception (2010)
|-unboost|p1a: Inception (2010)|atk|1
|-unboost|p1a: Inception (2010)|spa|1
|
|t:|1760449195
|switch|p2a: Landorus|Landorus-Therian, M|100/100|[from] Parting Shot
|-ability|p2a: Landorus|Intimidate|boost
|-unboost|p1a: Inception (2010)|atk|1
|
|upkeep
|turn|3
|
|t:|1760449202
|switch|p1a: Air Bud (1997)|Landorus-Therian, M|100/100
|-ability|p1a: Air Bud (1997)|Intimidate|boost
|-unboost|p2a: Landorus|atk|1
|move|p2a: Landorus|Earthquake|p1a: Air Bud (1997)
|-immune|p1a: Air Bud (1997)
|
|upkeep
|turn|4
|
|t:|1760449212
|switch|p2a: Zamazenta|Zamazenta|100/100
|-ability|p2a: Zamazenta|Dauntless Shield|boost
|-boost|p2a: Zamazenta|def|1
|move|p1a: Air Bud (1997)|Stealth Rock|p2a: Zamazenta
|-sidestart|p2: SimonStork|move: Stealth Rock
|
|upkeep
|turn|5
|
|t:|1760449225
|switch|p1a: Jaws (1975)|Samurott-Hisui, F, shiny|38/100
|move|p2a: Zamazenta|Substitute|p2a: Zamazenta
|-start|p2a: Zamazenta|Substitute
|-damage|p2a: Zamazenta|75/100
|
|-heal|p2a: Zamazenta|82/100|[from] item: Leftovers
|upkeep
|turn|6
|
|t:|1760449234
|move|p1a: Jaws (1975)|Razor Shell|p2a: Zamazenta
|-activate|p2a: Zamazenta|move: Substitute|[damage]
|move|p2a: Zamazenta|Body Press|p1a: Jaws (1975)
|-supereffective|p1a: Jaws (1975)
|-damage|p1a: Jaws (1975)|0 fnt
|faint|p1a: Jaws (1975)
|
|-heal|p2a: Zamazenta|88/100|[from] item: Leftovers
|upkeep
|
|t:|1760449245
|switch|p1a: Inception (2010)|Slowking-Galar, F, shiny|100/100
|turn|7
|
|t:|1760449249
|move|p2a: Zamazenta|Crunch|p1a: Inception (2010)
|-supereffective|p1a: Inception (2010)
|-damage|p1a: Inception (2010)|58/100
|move|p1a: Inception (2010)|Psychic Noise|p2a: Zamazenta
|-supereffective|p2a: Zamazenta
|-damage|p2a: Zamazenta|47/100
|-start|p2a: Zamazenta|move: Heal Block
|
|upkeep
|turn|8
|
|t:|1760449258
|move|p2a: Zamazenta|Crunch|p1a: Inception (2010)
|-supereffective|p1a: Inception (2010)
|-damage|p1a: Inception (2010)|14/100
|move|p1a: Inception (2010)|Psychic Noise|p2a: Zamazenta
|-supereffective|p2a: Zamazenta
|-damage|p2a: Zamazenta|6/100
|
|-end|p2a: Zamazenta|move: Heal Block
|upkeep
|turn|9
|
|t:|1760449269
|switch|p1a: Top Gun (1986)|Corviknight, M, shiny|100/100
|-ability|p1a: Top Gun (1986)|Pressure
|move|p2a: Zamazenta|Crunch|p1a: Top Gun (1986)
|-damage|p1a: Top Gun (1986)|89/100
|
|-heal|p2a: Zamazenta|13/100|[from] item: Leftovers
|-heal|p1a: Top Gun (1986)|95/100|[from] item: Leftovers
|upkeep
|turn|10
|
|t:|1760449280
|move|p2a: Zamazenta|Body Press|p1a: Top Gun (1986)
|-damage|p1a: Top Gun (1986)|63/100
|move|p1a: Top Gun (1986)|U-turn|p2a: Zamazenta
|-resisted|p2a: Zamazenta
|-end|p2a: Zamazenta|Substitute
|
|t:|1760449287
|switch|p1a: Godzilla (1954)|Raging Bolt|100/100|[from] U-turn
|
|-heal|p2a: Zamazenta|19/100|[from] item: Leftovers
|upkeep
|turn|11
|
|t:|1760449294
|move|p2a: Zamazenta|Body Press|p1a: Godzilla (1954)
|-immune|p1a: Godzilla (1954)
|move|p1a: Godzilla (1954)|Swords Dance|p1a: Godzilla (1954)
|-boost|p1a: Godzilla (1954)|atk|2
|
|-heal|p2a: Zamazenta|25/100|[from] item: Leftovers
|upkeep
|turn|12
|
|t:|1760449301
|move|p1a: Godzilla (1954)|Shadow Sneak|p2a: Zamazenta
|-damage|p2a: Zamazenta|7/100
|move|p2a: Zamazenta|Crunch|p1a: Godzilla (1954)
|-supereffective|p1a: Godzilla (1954)
|-damage|p1a: Godzilla (1954)|12/100
|replace|p1a: Poltergeist (1982)|Zoroark-Hisui, F
|-end|p1a: Poltergeist (1982)|Illusion
|
|-heal|p2a: Zamazenta|13/100|[from] item: Leftovers
|upkeep
|turn|13
|
|t:|1760449312
|move|p1a: Poltergeist (1982)|Shadow Sneak|p2a: Zamazenta
|-crit|p2a: Zamazenta
|-damage|p2a: Zamazenta|0 fnt
|faint|p2a: Zamazenta
|
|upkeep
|
|t:|1760449319
|switch|p2a: Landorus|Landorus-Therian, M|100/100
|-damage|p2a: Landorus|88/100|[from] Stealth Rock
|-ability|p2a: Landorus|Intimidate|boost
|-unboost|p1a: Poltergeist (1982)|atk|1
|turn|14
|
|t:|1760449325
|-terastallize|p2a: Landorus|Ice
|move|p1a: Poltergeist (1982)|Shadow Sneak|p2a: Landorus
|-damage|p2a: Landorus|57/100
|move|p2a: Landorus|Tera Blast|p1a: Poltergeist (1982)|[anim] Tera Blast Ice
|-damage|p1a: Poltergeist (1982)|0 fnt
|faint|p1a: Poltergeist (1982)
|
|upkeep
|
|t:|1760449334
|switch|p1a: Inception (2010)|Slowking-Galar, F, shiny|47/100
|turn|15
|
|t:|1760449340
|switch|p2a: Rabsca|Rabsca, M|100/100
|-damage|p2a: Rabsca|76/100|[from] Stealth Rock
|move|p1a: Inception (2010)|Sludge Bomb|p2a: Rabsca
|-damage|p2a: Rabsca|46/100
|-status|p2a: Rabsca|psn
|-activate|p2a: Rabsca|ability: Synchronize
|-immune|p1a: Inception (2010)
|
|-damage|p2a: Rabsca|33/100 psn|[from] psn
|upkeep
|turn|16
|
|t:|1760449357
|move|p2a: Rabsca|Revival Blessing|p2a: Rabsca
|
|t:|1760449360
|-heal|p2: Zamazenta|50/100|[from] move: Revival Blessing
|move|p1a: Inception (2010)|Sludge Bomb|p2a: Rabsca
|-damage|p2a: Rabsca|2/100 psn
|
|-damage|p2a: Rabsca|0 fnt|[from] psn
|faint|p2a: Rabsca
|upkeep
|
|t:|1760449370
|switch|p2a: Landorus|Landorus-Therian, M, tera:Ice|57/100
|-damage|p2a: Landorus|32/100|[from] Stealth Rock
|-ability|p2a: Landorus|Intimidate|boost
|-unboost|p1a: Inception (2010)|atk|1
|turn|17
|
|t:|1760449377
|switch|p2a: Torkoal|Torkoal, M|100/100
|-damage|p2a: Torkoal|76/100|[from] Stealth Rock
|-weather|SunnyDay|[from] ability: Drought|[of] p2a: Torkoal
|switch|p1a: Top Gun (1986)|Corviknight, M, shiny|63/100
|-ability|p1a: Top Gun (1986)|Pressure
|
|-weather|SunnyDay|[upkeep]
|-heal|p1a: Top Gun (1986)|70/100|[from] item: Leftovers
|upkeep
|turn|18
|
|t:|1760449388
|switch|p1a: Inception (2010)|Slowking-Galar, F, shiny|81/100
|move|p2a: Torkoal|Rapid Spin|p1a: Inception (2010)
|-damage|p1a: Inception (2010)|71/100
|-boost|p2a: Torkoal|spe|1
|-sideend|p2: SimonStork|Stealth Rock|[from] move: Rapid Spin|[of] p2a: Torkoal
|
|-weather|SunnyDay|[upkeep]
|upkeep
|turn|19
|
|t:|1760449397
|move|p2a: Torkoal|Lava Plume|p1a: Inception (2010)
|-damage|p1a: Inception (2010)|48/100
|-prepare|p1a: Inception (2010)|Chilly Reception|[premajor]
|move|p1a: Inception (2010)|Chilly Reception|p1a: Inception (2010)
|-weather|Snowscape
|
|t:|1760449402
|switch|p1a: Air Bud (1997)|Landorus-Therian, M|100/100|[from] Chilly Reception
|-ability|p1a: Air Bud (1997)|Intimidate|boost
|-unboost|p2a: Torkoal|atk|1
|
|-weather|Snowscape|[upkeep]
|upkeep
|turn|20
|
|t:|1760449413
|switch|p2a: Landorus|Landorus-Therian, M, tera:Ice|32/100
|-ability|p2a: Landorus|Intimidate|boost
|-unboost|p1a: Air Bud (1997)|atk|1
|move|p1a: Air Bud (1997)|Earthquake|p2a: Landorus
|-damage|p2a: Landorus|0 fnt
|faint|p2a: Landorus
|
|-weather|Snowscape|[upkeep]
|upkeep
|
|t:|1760449423
|switch|p2a: Walking Wake|Walking Wake|100/100
|turn|21
|
|t:|1760449428
|switch|p1a: Inception (2010)|Slowking-Galar, F, shiny|82/100
|move|p2a: Walking Wake|Hydro Steam|p1a: Inception (2010)
|-damage|p1a: Inception (2010)|45/100
|
|-weather|Snowscape|[upkeep]
|upkeep
|turn|22
|
|t:|1760449436
|move|p2a: Walking Wake|Hydro Steam|p1a: Inception (2010)
|-damage|p1a: Inception (2010)|8/100
|move|p1a: Inception (2010)|Toxic|p2a: Walking Wake
|-status|p2a: Walking Wake|tox
|
|-weather|Snowscape|[upkeep]
|-damage|p2a: Walking Wake|94/100 tox|[from] psn
|upkeep
|turn|23
|
|t:|1760449446
|switch|p1a: Top Gun (1986)|Corviknight, M, shiny|70/100
|-ability|p1a: Top Gun (1986)|Pressure
|move|p2a: Walking Wake|Hydro Steam|p1a: Top Gun (1986)
|-damage|p1a: Top Gun (1986)|10/100
|
|-weather|none
|-heal|p1a: Top Gun (1986)|17/100|[from] item: Leftovers
|-damage|p2a: Walking Wake|82/100 tox|[from] psn
|upkeep
|turn|24
|
|t:|1760449456
|move|p2a: Walking Wake|Hydro Steam|p1a: Top Gun (1986)
|-damage|p1a: Top Gun (1986)|0 fnt
|faint|p1a: Top Gun (1986)
|
|-damage|p2a: Walking Wake|64/100 tox|[from] psn
|upkeep
|
|t:|1760449465
|switch|p1a: Godzilla (1954)|Raging Bolt|100/100
|turn|25
|
|t:|1760449471
|-end|p2a: Walking Wake|Protosynthesis|[silent]
|switch|p2a: Zamazenta|Zamazenta|50/100
|move|p1a: Godzilla (1954)|Volt Switch|p2a: Zamazenta
|-damage|p2a: Zamazenta|8/100
|
|t:|1760449477
|-end|p1a: Godzilla (1954)|Protosynthesis|[silent]
|switch|p1a: Inception (2010)|Slowking-Galar, F, shiny|42/100|[from] Volt Switch
|
|-heal|p2a: Zamazenta|14/100|[from] item: Leftovers
|upkeep
|turn|26
|
|t:|1760449483
|switch|p1a: Air Bud (1997)|Landorus-Therian, M|100/100
|-ability|p1a: Air Bud (1997)|Intimidate|boost
|-unboost|p2a: Zamazenta|atk|1
|move|p2a: Zamazenta|Crunch|p1a: Air Bud (1997)
|-damage|p1a: Air Bud (1997)|84/100
|
|-heal|p2a: Zamazenta|20/100|[from] item: Leftovers
|upkeep
|turn|27
|
|t:|1760449494
|move|p2a: Zamazenta|Crunch|p1a: Air Bud (1997)
|-damage|p1a: Air Bud (1997)|67/100
|move|p1a: Air Bud (1997)|Earthquake|p2a: Zamazenta
|-damage|p2a: Zamazenta|0 fnt
|faint|p2a: Zamazenta
|
|upkeep
|
|t:|1760449501
|switch|p2a: Walking Wake|Walking Wake|64/100 tox
|turn|28
|
|t:|1760449511
|move|p2a: Walking Wake|Hydro Steam|p1a: Air Bud (1997)
|-supereffective|p1a: Air Bud (1997)
|-damage|p1a: Air Bud (1997)|0 fnt
|faint|p1a: Air Bud (1997)
|
|-damage|p2a: Walking Wake|58/100 tox|[from] psn
|upkeep
|
|t:|1760449515
|switch|p1a: Godzilla (1954)|Raging Bolt|100/100
|turn|29
|
|t:|1760449520
|move|p2a: Walking Wake|Hydro Steam|p1a: Godzilla (1954)
|-resisted|p1a: Godzilla (1954)
|-damage|p1a: Godzilla (1954)|72/100
|move|p1a: Godzilla (1954)|Volt Switch|p2a: Walking Wake
|-damage|p2a: Walking Wake|0 fnt
|faint|p2a: Walking Wake
|-end|p2a: Walking Wake|Protosynthesis|[silent]
|
|t:|1760449523
|-end|p1a: Godzilla (1954)|Protosynthesis|[silent]
|switch|p1a: Inception (2010)|Slowking-Galar, F, shiny|75/100|[from] Volt Switch
|
|upkeep
|
|t:|1760449529
|switch|p2a: Pecharunt|Pecharunt|92/100
|turn|30
|
|t:|1760449535
|move|p2a: Pecharunt|Foul Play|p1a: Inception (2010)
|-supereffective|p1a: Inception (2010)
|-damage|p1a: Inception (2010)|47/100
|move|p1a: Inception (2010)|Psychic Noise|p2a: Pecharunt
|-supereffective|p2a: Pecharunt
|-damage|p2a: Pecharunt|33/100
|-start|p2a: Pecharunt|move: Heal Block
|
|upkeep
|turn|31
|
|t:|1760449544
|move|p2a: Pecharunt|Parting Shot|p1a: Inception (2010)
|-unboost|p1a: Inception (2010)|atk|1
|-unboost|p1a: Inception (2010)|spa|1
|
|t:|1760449547
|switch|p2a: Torkoal|Torkoal, M|76/100|[from] Parting Shot
|-weather|SunnyDay|[from] ability: Drought|[of] p2a: Torkoal
|move|p1a: Inception (2010)|Psychic Noise|p2a: Torkoal
|-damage|p2a: Torkoal|52/100
|-start|p2a: Torkoal|move: Heal Block
|
|-weather|SunnyDay|[upkeep]
|upkeep
|turn|32
|
|t:|1760449558
|switch|p1a: Godzilla (1954)|Raging Bolt|72/100
|-activate|p1a: Godzilla (1954)|ability: Protosynthesis
|-start|p1a: Godzilla (1954)|protosynthesisspa
|move|p2a: Torkoal|Stealth Rock|p1a: Godzilla (1954)
|-sidestart|p1: bigchungusin2025|move: Stealth Rock
|
|-weather|SunnyDay|[upkeep]
|-end|p2a: Torkoal|move: Heal Block
|upkeep
|turn|33
|
|t:|1760449567
|move|p1a: Godzilla (1954)|Volt Switch|p2a: Torkoal
|-damage|p2a: Torkoal|0 fnt
|faint|p2a: Torkoal
|
|t:|1760449571
|-end|p1a: Godzilla (1954)|Protosynthesis|[silent]
|switch|p1a: Inception (2010)|Slowking-Galar, F, shiny|80/100|[from] Volt Switch
|
|-weather|SunnyDay|[upkeep]
|upkeep
|
|t:|1760449575
|switch|p2a: Pecharunt|Pecharunt|33/100
|turn|34
|
|t:|1760449582
|move|p2a: Pecharunt|Recover|p2a: Pecharunt
|-heal|p2a: Pecharunt|83/100
|move|p1a: Inception (2010)|Psychic Noise|p2a: Pecharunt
|-supereffective|p2a: Pecharunt
|-damage|p2a: Pecharunt|23/100
|-start|p2a: Pecharunt|move: Heal Block
|
|-weather|SunnyDay|[upkeep]
|upkeep
|turn|35
|c|☆bigchungusin2025|gg
|
|t:|1760449591
|move|p2a: Pecharunt|Foul Play|p1a: Inception (2010)
|-supereffective|p1a: Inception (2010)
|-damage|p1a: Inception (2010)|54/100
|move|p1a: Inception (2010)|Psychic Noise|p2a: Pecharunt
|-supereffective|p2a: Pecharunt
|-damage|p2a: Pecharunt|0 fnt
|faint|p2a: Pecharunt
|
|win|bigchungusin2025
|raw|bigchungusin2025's rating: 1397 &rarr; <strong>1418</strong><br />(+21 for winning)
|raw|SimonStork's rating: 1415 &rarr; <strong>1394</strong><br />(-21 for losing)
|l|☆bigchungusin2025
|player|p1|
|l|☆SimonStork
|player|p2|
