|j|☆GauMongStyle
|j|☆10thPlanett
|t:|1760429231
|gametype|singles
|player|p1|GauMongStyle|102|1701
|player|p2|10thPlanett|alder|1728
|gen|9
|tier|[Gen 9] OU
|rated|
|rule|HP Percentage Mod: HP is shown in percentages
|rule|Endless Battle Clause: Forcing endless battles is banned
|rule|Species Clause: Limit one of each Pokémon
|rule|OHKO Clause: OHKO moves are banned
|rule|Evasion Items Clause: Evasion items are banned
|rule|Evasion Moves Clause: Evasion moves are banned
|rule|Evasion Abilities Clause: Evasion abilities are banned
|rule|Sleep Moves Clause: Sleep-inducing moves are banned
|clearpoke
|poke|p1|Iron Crown|
|poke|p1|Samurott-Hisui, M|
|poke|p1|Zapdos|
|poke|p1|Dragapult, F|
|poke|p1|Great Tusk|
|poke|p1|Iron Boulder|
|poke|p2|Dragonite, F|
|poke|p2|Zamazenta-*|
|poke|p2|Araquanid, M|
|poke|p2|Iron Treads|
|poke|p2|Zapdos|
|poke|p2|Glimmora, F|
|teampreview
|inactive|Battle timer is ON: inactive players will automatically lose when time's up. (requested by GauMongStyle)
|
|t:|1760429243
|teamsize|p1|6
|teamsize|p2|6
|start
|switch|p1a: Parasite|Dragapult, F|100/100
|switch|p2a: Glimmora|Glimmora, F|100/100
|turn|1
|
|t:|1760429251
|-terastallize|p2a: Glimmora|Fairy
|move|p2a: Glimmora|Dazzling Gleam|p1a: Parasite
|-supereffective|p1a: Parasite
|-damage|p1a: Parasite|0 fnt
|faint|p1a: Parasite
|
|upkeep
|
|t:|1760429256
|switch|p1a: Mindreader|Iron Crown|100/100
|turn|2
|
|t:|1760429271
|switch|p2a: Araquanid|Araquanid, M, shiny|100/100
|move|p1a: Mindreader|Volt Switch|p2a: Araquanid
|-supereffective|p2a: Araquanid
|-damage|p2a: Araquanid|48/100
|
|t:|1760429284
|-end|p1a: Mindreader|Quark Drive|[silent]
|switch|p1a: Hurikan|Zapdos|100/100|[from] Volt Switch
|
|upkeep
|turn|3
|
|t:|1760429291
|move|p2a: Araquanid|Endure|p2a: Araquanid
|-singleturn|p2a: Araquanid|move: Endure
|move|p1a: Hurikan|Discharge|p2a: Araquanid
|-supereffective|p2a: Araquanid
|-activate|p2a: Araquanid|move: Endure
|-damage|p2a: Araquanid|1/100
|
|upkeep
|turn|4
|j| ibibi
|-enditem|p2a: Araquanid|Custap Berry|[eat]
|-activate|p2a: Araquanid|item: Custap Berry|[consumed]
|
|t:|1760429300
|move|p2a: Araquanid|Endeavor|p1a: Hurikan
|-damage|p1a: Hurikan|1/100
|move|p1a: Hurikan|Discharge|p2a: Araquanid
|-supereffective|p2a: Araquanid
|-damage|p2a: Araquanid|0 fnt
|faint|p2a: Araquanid
|
|upkeep
|
|t:|1760429319
|switch|p2a: Glimmora|Glimmora, F, tera:Fairy|100/100
|turn|5
|
|t:|1760429326
|switch|p1a: Mindreader|Iron Crown|100/100
|move|p2a: Glimmora|Power Gem|p1a: Mindreader
|-resisted|p1a: Mindreader
|-damage|p1a: Mindreader|80/100
|
|upkeep
|turn|6
|
|t:|1760429333
|switch|p2a: Iron Treads|Iron Treads|100/100
|-enditem|p2a: Iron Treads|Booster Energy
|-activate|p2a: Iron Treads|ability: Quark Drive|[fromitem]
|-start|p2a: Iron Treads|quarkdrivespe
|move|p1a: Mindreader|Tachyon Cutter|p2a: Iron Treads
|-resisted|p2a: Iron Treads
|-damage|p2a: Iron Treads|73/100
|-resisted|p2a: Iron Treads
|-crit|p2a: Iron Treads
|-damage|p2a: Iron Treads|32/100
|-hitcount|p2a: Iron Treads|2
|
|upkeep
|turn|7
|
|t:|1760429344
|-end|p1a: Mindreader|Quark Drive|[silent]
|switch|p1a: Hurikan|Zapdos|1/100
|move|p2a: Iron Treads|Earthquake|p1a: Hurikan
|-immune|p1a: Hurikan
|
|upkeep
|turn|8
|
|t:|1760429355
|switch|p1a: Everytime We Touch|Samurott-Hisui, M|100/100
|move|p2a: Iron Treads|Rapid Spin|p1a: Everytime We Touch
|-damage|p1a: Everytime We Touch|79/100
|-boost|p2a: Iron Treads|spe|1
|
|upkeep
|turn|9
|
|t:|1760429369
|-end|p2a: Iron Treads|Quark Drive|[silent]
|switch|p2a: Zapdos|Zapdos|100/100
|move|p1a: Everytime We Touch|Ceaseless Edge|p2a: Zapdos
|-damage|p2a: Zapdos|71/100
|-status|p1a: Everytime We Touch|par|[from] ability: Static|[of] p2a: Zapdos
|-sidestart|p2: 10thPlanett|Spikes
|
|upkeep
|turn|10
|
|t:|1760429377
|switch|p1a: Hurikan|Zapdos|1/100
|move|p2a: Zapdos|Thunderbolt|p1a: Hurikan
|-damage|p1a: Hurikan|0 fnt
|faint|p1a: Hurikan
|
|upkeep
|
|t:|1760429383
|switch|p1a: Mindreader|Iron Crown|80/100
|turn|11
|
|t:|1760429387
|move|p1a: Mindreader|Psyshock|p2a: Zapdos
|-damage|p2a: Zapdos|31/100
|move|p2a: Zapdos|Heat Wave|p1a: Mindreader
|-supereffective|p1a: Mindreader
|-damage|p1a: Mindreader|28/100
|
|upkeep
|turn|12
|
|t:|1760429395
|move|p1a: Mindreader|Psyshock|p2a: Zapdos
|-damage|p2a: Zapdos|0 fnt
|faint|p2a: Zapdos
|
|upkeep
|
|t:|1760429402
|switch|p2a: Iron Treads|Iron Treads|32/100
|-damage|p2a: Iron Treads|20/100|[from] Spikes
|turn|13
|
|t:|1760429407
|move|p2a: Iron Treads|Earthquake|p1a: Mindreader
|-supereffective|p1a: Mindreader
|-damage|p1a: Mindreader|0 fnt
|faint|p1a: Mindreader
|-end|p1a: Mindreader|Quark Drive|[silent]
|
|upkeep
|
|t:|1760429412
|switch|p1a: Everytime We Touch|Samurott-Hisui, M|79/100 par
|turn|14
|
|t:|1760429415
|move|p2a: Iron Treads|Endeavor|p1a: Everytime We Touch
|-damage|p1a: Everytime We Touch|20/100 par
|move|p1a: Everytime We Touch|Ceaseless Edge|p2a: Iron Treads
|-damage|p2a: Iron Treads|0 fnt
|-sidestart|p2: 10thPlanett|Spikes
|faint|p2a: Iron Treads
|-end|p2a: Iron Treads|Quark Drive|[silent]
|
|upkeep
|
|t:|1760429434
|switch|p2a: Glimmora|Glimmora, F, tera:Fairy|100/100
|-damage|p2a: Glimmora|84/100|[from] Spikes
|turn|15
|
|t:|1760429439
|move|p2a: Glimmora|Earth Power|p1a: Everytime We Touch
|-damage|p1a: Everytime We Touch|0 fnt
|faint|p1a: Everytime We Touch
|
|upkeep
|
|t:|1760429444
|switch|p1a: Revery|Iron Boulder|100/100
|-enditem|p1a: Revery|Booster Energy
|-activate|p1a: Revery|ability: Quark Drive|[fromitem]
|-start|p1a: Revery|quarkdrivespe
|turn|16
|
|t:|1760429449
|-terastallize|p1a: Revery|Fighting
|move|p1a: Revery|Swords Dance|p1a: Revery
|-boost|p1a: Revery|atk|2
|move|p2a: Glimmora|Earth Power|p1a: Revery
|-damage|p1a: Revery|72/100
|-unboost|p1a: Revery|spd|1
|
|upkeep
|turn|17
|
|t:|1760429459
|move|p1a: Revery|Mighty Cleave|p2a: Glimmora
|-damage|p2a: Glimmora|0 fnt
|-activate|p2a: Glimmora|ability: Toxic Debris
|-sidestart|p1: GauMongStyle|move: Toxic Spikes
|faint|p2a: Glimmora
|
|upkeep
|
|t:|1760429471
|switch|p2a: Dragonite|Dragonite, F, shiny|100/100
|turn|18
|
|t:|1760429476
|move|p1a: Revery|Mighty Cleave|p2a: Dragonite
|-supereffective|p2a: Dragonite
|-damage|p2a: Dragonite|14/100
|move|p2a: Dragonite|Outrage|p1a: Revery
|-damage|p1a: Revery|0 fnt
|faint|p1a: Revery
|-end|p1a: Revery|Quark Drive|[silent]
|
|upkeep
|
|t:|1760429482
|switch|p1a: Pump It|Great Tusk|100/100
|turn|19
|
|t:|1760429486
|move|p1a: Pump It|Rapid Spin|p2a: Dragonite
|-damage|p2a: Dragonite|0 fnt
|-boost|p1a: Pump It|spe|1
|-sideend|p1: GauMongStyle|Toxic Spikes|[from] move: Rapid Spin|[of] p1a: Pump It
|faint|p2a: Dragonite
|
|upkeep
|
|t:|1760429492
|switch|p2a: Zamazenta|Zamazenta|100/100
|-damage|p2a: Zamazenta|84/100|[from] Spikes
|-ability|p2a: Zamazenta|Dauntless Shield|boost
|-boost|p2a: Zamazenta|def|1
|turn|20
|
|t:|1760429498
|move|p1a: Pump It|Headlong Rush|p2a: Zamazenta
|-damage|p2a: Zamazenta|44/100
|-unboost|p1a: Pump It|def|1
|-unboost|p1a: Pump It|spd|1
|move|p2a: Zamazenta|Close Combat|p1a: Pump It
|-damage|p1a: Pump It|31/100
|-unboost|p2a: Zamazenta|def|1
|-unboost|p2a: Zamazenta|spd|1
|
|upkeep
|turn|21
|
|t:|1760429508
|move|p1a: Pump It|Headlong Rush|p2a: Zamazenta
|-damage|p2a: Zamazenta|0 fnt
|-unboost|p1a: Pump It|def|1
|-unboost|p1a: Pump It|spd|1
|faint|p2a: Zamazenta
|
|win|GauMongStyle
|raw|GauMongStyle's rating: 1701 &rarr; <strong>1723</strong><br />(+22 for winning)
|raw|10thPlanett's rating: 1728 &rarr; <strong>1706</strong><br />(-22 for losing)
|l| ibibi
|l|☆GauMongStyle
|player|p1|
