|j|☆DaBigBingus
|j|☆suaiaj
|t:|1760367414
|gametype|singles
|player|p1|DaBigBingus|lance|1476
|player|p2|suaiaj|steven|1519
|gen|9
|tier|[Gen 9] OU
|rated|
|rule|HP Percentage Mod: HP is shown in percentages
|rule|Endless Battle Clause: Forcing endless battles is banned
|rule|Species Clause: Limit one of each Pokémon
|rule|OHKO Clause: OHKO moves are banned
|rule|Evasion Items Clause: Evasion items are banned
|rule|Evasion Moves Clause: Evasion moves are banned
|rule|Evasion Abilities Clause: Evasion abilities are banned
|rule|Sleep Moves Clause: Sleep-inducing moves are banned
|clearpoke
|poke|p1|Iron Crown|
|poke|p1|Iron Hands|
|poke|p1|Dragonite, F|
|poke|p1|Great Tusk|
|poke|p1|Grimmsnarl, M|
|poke|p1|Glimmora, F|
|poke|p2|Raging Bolt|
|poke|p2|Kingambit, F|
|poke|p2|Landorus-Therian, M|
|poke|p2|Scizor, M|
|poke|p2|Cinderace, M|
|poke|p2|Serperior, F|
|teampreview
|inactive|Battle timer is ON: inactive players will automatically lose when time's up. (requested by suaiaj)
|
|t:|1760367424
|teamsize|p1|6
|teamsize|p2|6
|start
|switch|p1a: Glimmora|Glimmora, F|100/100
|switch|p2a: Serperior|Serperior, F|100/100
|turn|1
|
|t:|1760367435
|move|p2a: Serperior|Leaf Storm|p1a: Glimmora
|-damage|p1a: Glimmora|50/100
|-boost|p2a: Serperior|spa|2
|move|p1a: Glimmora|Meteor Beam||[still]
|-prepare|p1a: Glimmora|Meteor Beam
|-boost|p1a: Glimmora|spa|1
|-enditem|p1a: Glimmora|Power Herb
|-anim|p1a: Glimmora|Meteor Beam|p2a: Serperior|[miss]
|-miss|p1a: Glimmora|p2a: Serperior
|
|upkeep
|turn|2
|
|t:|1760367448
|move|p2a: Serperior|Glare|p1a: Glimmora
|-status|p1a: Glimmora|par
|move|p1a: Glimmora|Mortal Spin|p2a: Serperior
|-supereffective|p2a: Serperior
|-damage|p2a: Serperior|87/100
|-status|p2a: Serperior|psn
|
|-heal|p2a: Serperior|93/100 psn|[from] item: Leftovers
|-damage|p2a: Serperior|81/100 psn|[from] psn
|upkeep
|turn|3
|
|t:|1760367460
|move|p2a: Serperior|Leech Seed|p1a: Glimmora|[miss]
|-miss|p2a: Serperior|p1a: Glimmora
|move|p1a: Glimmora|Dazzling Gleam|p2a: Serperior
|-damage|p2a: Serperior|41/100 psn
|
|-heal|p2a: Serperior|47/100 psn|[from] item: Leftovers
|-damage|p2a: Serperior|34/100 psn|[from] psn
|upkeep
|turn|4
|
|t:|1760367470
|move|p2a: Serperior|Leaf Storm|p1a: Glimmora
|-damage|p1a: Glimmora|0 fnt
|-boost|p2a: Serperior|spa|2
|faint|p1a: Glimmora
|
|-heal|p2a: Serperior|41/100 psn|[from] item: Leftovers
|-damage|p2a: Serperior|28/100 psn|[from] psn
|upkeep
|
|t:|1760367495
|switch|p1a: Dragonite|Dragonite, F|100/100
|turn|5
|
|t:|1760367506
|move|p2a: Serperior|Glare|p1a: Dragonite
|-status|p1a: Dragonite|par
|move|p1a: Dragonite|Dragon Dance|p1a: Dragonite
|-boost|p1a: Dragonite|atk|1
|-boost|p1a: Dragonite|spe|1
|
|-heal|p2a: Serperior|34/100 psn|[from] item: Leftovers
|-damage|p2a: Serperior|22/100 psn|[from] psn
|upkeep
|turn|6
|inactive|DaBigBingus has 120 seconds left.
|
|t:|1760367537
|move|p2a: Serperior|Leech Seed|p1a: Dragonite
|-start|p1a: Dragonite|move: Leech Seed
|move|p1a: Dragonite|Scale Shot|p2a: Serperior|[miss]
|-miss|p1a: Dragonite|p2a: Serperior
|
|-heal|p2a: Serperior|28/100 psn|[from] item: Leftovers
|-damage|p1a: Dragonite|88/100 par|[from] Leech Seed|[of] p2a: Serperior
|-heal|p2a: Serperior|41/100 psn|[silent]
|-damage|p2a: Serperior|28/100 psn|[from] psn
|upkeep
|turn|7
|
|t:|1760367550
|move|p2a: Serperior|Substitute|p2a: Serperior
|-start|p2a: Serperior|Substitute
|-damage|p2a: Serperior|3/100 psn
|move|p1a: Dragonite|Scale Shot|p2a: Serperior
|-activate|p2a: Serperior|move: Substitute|[damage]
|-end|p2a: Serperior|Substitute
|-damage|p2a: Serperior|0 fnt
|faint|p2a: Serperior
|-hitcount|p2: Serperior|3
|-unboost|p1a: Dragonite|def|1
|-boost|p1a: Dragonite|spe|1
|
|upkeep
|
|t:|1760367567
|switch|p2a: Landorus|Landorus-Therian, M|100/100
|-ability|p2a: Landorus|Intimidate|boost
|-unboost|p1a: Dragonite|atk|1
|turn|8
|inactive|DaBigBingus has 120 seconds left.
|
|t:|1760367578
|move|p2a: Landorus|Stone Edge|p1a: Dragonite
|-supereffective|p1a: Dragonite
|-damage|p1a: Dragonite|0 fnt
|faint|p1a: Dragonite
|
|upkeep
|inactive|DaBigBingus has 120 seconds left.
|
|t:|1760367583
|switch|p1a: Grimmsnarl|Grimmsnarl, M|100/100
|turn|9
|inactive|DaBigBingus has 120 seconds left.
|
|t:|1760367596
|switch|p2a: Scizor|Scizor, M|100/100
|move|p1a: Grimmsnarl|Reflect|p1a: Grimmsnarl
|-sidestart|p1: DaBigBingus|Reflect
|
|upkeep
|turn|10
|
|t:|1760367603
|move|p1a: Grimmsnarl|Parting Shot|p2a: Scizor
|-unboost|p2a: Scizor|atk|1
|-unboost|p2a: Scizor|spa|1
|
|t:|1760367609
|switch|p1a: Iron Hands|Iron Hands|100/100|[from] Parting Shot
|move|p2a: Scizor|Swords Dance|p2a: Scizor
|-boost|p2a: Scizor|atk|2
|
|upkeep
|turn|11
|
|t:|1760367617
|switch|p2a: Landorus|Landorus-Therian, M|100/100
|-ability|p2a: Landorus|Intimidate|boost
|-unboost|p1a: Iron Hands|atk|1
|move|p1a: Iron Hands|Swords Dance|p1a: Iron Hands
|-boost|p1a: Iron Hands|atk|2
|
|upkeep
|turn|12
|
|t:|1760367626
|move|p2a: Landorus|Earthquake|p1a: Iron Hands
|-supereffective|p1a: Iron Hands
|-damage|p1a: Iron Hands|56/100
|move|p1a: Iron Hands|Ice Punch|p2a: Landorus
|-supereffective|p2a: Landorus
|-damage|p2a: Landorus|0 fnt
|faint|p2a: Landorus
|
|-heal|p1a: Iron Hands|62/100|[from] item: Leftovers
|upkeep
|
|t:|1760367642
|switch|p2a: Cinderace|Cinderace, M|100/100
|turn|13
|
|t:|1760367653
|move|p2a: Cinderace|Court Change|p2a: Cinderace
|-start|p2a: Cinderace|typechange|Normal|[from] ability: Libero
|-swapsideconditions
|-activate|p2a: Cinderace|move: Court Change
|move|p1a: Iron Hands|Swords Dance|p1a: Iron Hands
|-boost|p1a: Iron Hands|atk|2
|
|-heal|p1a: Iron Hands|68/100|[from] item: Leftovers
|upkeep
|turn|14
|
|t:|1760367667
|move|p2a: Cinderace|High Jump Kick|p1a: Iron Hands
|-damage|p1a: Iron Hands|30/100
|-damage|p2a: Cinderace|91/100|[from] item: Life Orb
|move|p1a: Iron Hands|Drain Punch|p2a: Cinderace
|-supereffective|p2a: Cinderace
|-damage|p2a: Cinderace|0 fnt
|-heal|p1a: Iron Hands|60/100|[from] drain|[of] p2a: Cinderace
|faint|p2a: Cinderace
|
|-heal|p1a: Iron Hands|66/100|[from] item: Leftovers
|upkeep
|
|t:|1760367680
|switch|p2a: Raging Bolt|Raging Bolt|100/100
|-enditem|p2a: Raging Bolt|Booster Energy
|-activate|p2a: Raging Bolt|ability: Protosynthesis|[fromitem]
|-start|p2a: Raging Bolt|protosynthesisspa
|turn|15
|
|t:|1760367688
|move|p2a: Raging Bolt|Draco Meteor|p1a: Iron Hands
|-damage|p1a: Iron Hands|0 fnt
|-unboost|p2a: Raging Bolt|spa|2
|faint|p1a: Iron Hands
|-end|p1a: Iron Hands|Quark Drive|[silent]
|
|upkeep
|
|t:|1760367693
|switch|p1a: Grimmsnarl|Grimmsnarl, M|100/100
|turn|16
|
|t:|1760367699
|-end|p2a: Raging Bolt|Protosynthesis|[silent]
|switch|p2a: Scizor|Scizor, M|100/100
|move|p1a: Grimmsnarl|Parting Shot|p2a: Scizor
|-unboost|p2a: Scizor|atk|1
|-unboost|p2a: Scizor|spa|1
|
|t:|1760367705
|switch|p1a: Great Tusk|Great Tusk|100/100|[from] Parting Shot
|-enditem|p1a: Great Tusk|Booster Energy
|-activate|p1a: Great Tusk|ability: Protosynthesis|[fromitem]
|-start|p1a: Great Tusk|protosynthesisspe
|
|-sideend|p2: suaiaj|Reflect
|upkeep
|turn|17
|
|t:|1760367714
|move|p1a: Great Tusk|Bulk Up|p1a: Great Tusk
|-boost|p1a: Great Tusk|atk|1
|-boost|p1a: Great Tusk|def|1
|move|p2a: Scizor|Swords Dance|p2a: Scizor
|-boost|p2a: Scizor|atk|2
|
|upkeep
|turn|18
|
|t:|1760367724
|move|p1a: Great Tusk|Headlong Rush|p2a: Scizor
|-damage|p2a: Scizor|24/100
|-unboost|p1a: Great Tusk|def|1
|-unboost|p1a: Great Tusk|spd|1
|move|p2a: Scizor|Dual Wingbeat|p1a: Great Tusk
|-supereffective|p1a: Great Tusk
|-damage|p1a: Great Tusk|56/100
|-supereffective|p1a: Great Tusk
|-damage|p1a: Great Tusk|10/100
|-hitcount|p1a: Great Tusk|2
|
|upkeep
|turn|19
|
|t:|1760367742
|move|p2a: Scizor|Bullet Punch|p1a: Great Tusk
|-damage|p1a: Great Tusk|0 fnt
|faint|p1a: Great Tusk
|-end|p1a: Great Tusk|Protosynthesis|[silent]
|
|upkeep
|
|t:|1760367751
|switch|p1a: Grimmsnarl|Grimmsnarl, M|100/100
|turn|20
|
|t:|1760367755
|move|p1a: Grimmsnarl|Reflect|p1a: Grimmsnarl
|-sidestart|p1: DaBigBingus|Reflect
|move|p2a: Scizor|Bullet Punch|p1a: Grimmsnarl
|-supereffective|p1a: Grimmsnarl
|-damage|p1a: Grimmsnarl|38/100
|
|upkeep
|turn|21
|
|t:|1760367761
|move|p1a: Grimmsnarl|Parting Shot|p2a: Scizor
|-unboost|p2a: Scizor|atk|1
|-unboost|p2a: Scizor|spa|1
|
|t:|1760367764
|switch|p1a: Iron Crown|Iron Crown|100/100|[from] Parting Shot
|-enditem|p1a: Iron Crown|Booster Energy
|-activate|p1a: Iron Crown|ability: Quark Drive|[fromitem]
|-start|p1a: Iron Crown|quarkdrivespe
|move|p2a: Scizor|Swords Dance|p2a: Scizor
|-boost|p2a: Scizor|atk|2
|
|upkeep
|turn|22
|
|t:|1760367776
|move|p2a: Scizor|Bullet Punch|p1a: Iron Crown
|-resisted|p1a: Iron Crown
|-damage|p1a: Iron Crown|81/100
|move|p1a: Iron Crown|Iron Defense|p1a: Iron Crown
|-boost|p1a: Iron Crown|def|2
|
|upkeep
|turn|23
|
|t:|1760367786
|move|p1a: Iron Crown|Calm Mind|p1a: Iron Crown
|-boost|p1a: Iron Crown|spa|1
|-boost|p1a: Iron Crown|spd|1
|move|p2a: Scizor|Close Combat|p1a: Iron Crown
|-damage|p1a: Iron Crown|59/100
|-unboost|p2a: Scizor|def|1
|-unboost|p2a: Scizor|spd|1
|
|upkeep
|turn|24
|
|t:|1760367795
|move|p1a: Iron Crown|Stored Power|p2a: Scizor
|-resisted|p2a: Scizor
|-damage|p2a: Scizor|0 fnt
|faint|p2a: Scizor
|
|upkeep
|
|t:|1760367802
|switch|p2a: Raging Bolt|Raging Bolt|100/100
|turn|25
|
|t:|1760367808
|move|p1a: Iron Crown|Calm Mind|p1a: Iron Crown
|-boost|p1a: Iron Crown|spa|1
|-boost|p1a: Iron Crown|spd|1
|move|p2a: Raging Bolt|Calm Mind|p2a: Raging Bolt
|-boost|p2a: Raging Bolt|spa|1
|-boost|p2a: Raging Bolt|spd|1
|
|upkeep
|turn|26
|
|t:|1760367815
|move|p1a: Iron Crown|Stored Power|p2a: Raging Bolt
|-damage|p2a: Raging Bolt|23/100
|move|p2a: Raging Bolt|Calm Mind|p2a: Raging Bolt
|-boost|p2a: Raging Bolt|spa|1
|-boost|p2a: Raging Bolt|spd|1
|
|upkeep
|turn|27
|
|t:|1760367823
|move|p2a: Raging Bolt|Thunderclap|p1a: Iron Crown
|-damage|p1a: Iron Crown|17/100
|move|p1a: Iron Crown|Stored Power|p2a: Raging Bolt
|-damage|p2a: Raging Bolt|0 fnt
|faint|p2a: Raging Bolt
|-end|p2a: Raging Bolt|Protosynthesis|[silent]
|
|-sideend|p1: DaBigBingus|Reflect
|upkeep
|
|t:|1760367832
|switch|p2a: Kingambit|Kingambit, F|100/100
|-activate|p2a: Kingambit|ability: Supreme Overlord
|-start|p2a: Kingambit|fallen5|[silent]
|turn|28
|
|t:|1760367851
|-terastallize|p1a: Iron Crown|Fighting
|move|p1a: Iron Crown|Iron Defense|p1a: Iron Crown
|-boost|p1a: Iron Crown|def|2
|move|p2a: Kingambit|Swords Dance|p2a: Kingambit
|-boost|p2a: Kingambit|atk|2
|
|upkeep
|turn|29
|
|t:|1760367860
|-terastallize|p2a: Kingambit|Ghost
|move|p1a: Iron Crown|Focus Blast|p2a: Kingambit
|-immune|p2a: Kingambit
|move|p2a: Kingambit|Zen Headbutt|p1a: Iron Crown
|-supereffective|p1a: Iron Crown
|-damage|p1a: Iron Crown|0 fnt
|faint|p1a: Iron Crown
|-end|p1a: Iron Crown|Quark Drive|[silent]
|-damage|p2a: Kingambit|91/100|[from] item: Life Orb
|
|upkeep
|
|t:|1760367870
|switch|p1a: Grimmsnarl|Grimmsnarl, M|38/100
|turn|30
|c|☆DaBigBingus|gg
|
|t:|1760367879
|move|p1a: Grimmsnarl|Reflect|p1a: Grimmsnarl
|-sidestart|p1: DaBigBingus|Reflect
|move|p2a: Kingambit|Iron Head|p1a: Grimmsnarl
|-supereffective|p1a: Grimmsnarl
|-damage|p1a: Grimmsnarl|0 fnt
|faint|p1a: Grimmsnarl
|-damage|p2a: Kingambit|81/100|[from] item: Life Orb
|
|win|suaiaj
|raw|DaBigBingus's rating: 1476 &rarr; <strong>1458</strong><br />(-18 for losing)
|raw|suaiaj's rating: 1519 &rarr; <strong>1537</strong><br />(+18 for winning)
|l|☆suaiaj
|player|p2|
|c|☆DaBigBingus|zen headbutt?
|l|☆DaBigBingus
|player|p1|
