|j|☆gen6izdasht
|j|☆fadingstrawberry
|t:|1760331645
|gametype|singles
|player|p1|gen6izdasht|2|1673
|player|p2|fadingstrawberry|2|1581
|gen|9
|tier|[Gen 9] OU
|rated|
|rule|HP Percentage Mod: HP is shown in percentages
|rule|Endless Battle Clause: Forcing endless battles is banned
|rule|Species Clause: Limit one of each Pokémon
|rule|OHKO Clause: OHKO moves are banned
|rule|Evasion Items Clause: Evasion items are banned
|rule|Evasion Moves Clause: Evasion moves are banned
|rule|Evasion Abilities Clause: Evasion abilities are banned
|rule|Sleep Moves Clause: Sleep-inducing moves are banned
|clearpoke
|poke|p1|Araquanid, F|
|poke|p1|Cinderace, F|
|poke|p1|Kingambit, F|
|poke|p1|Enamorus, F|
|poke|p1|Serperior, F|
|poke|p1|Ceruledge, M|
|poke|p2|Iron Crown|
|poke|p2|Raging Bolt|
|poke|p2|Araquanid, F|
|poke|p2|Kingambit, M|
|poke|p2|Latios, M|
|poke|p2|Zapdos-Galar|
|teampreview
|j| ZeroIQ McGoo
|
|t:|1760331658
|teamsize|p1|6
|teamsize|p2|6
|start
|switch|p1a: Enamorus|Enamorus, F|100/100
|switch|p2a: Zapdos|Zapdos-Galar|100/100
|turn|1
|
|t:|1760331666
|move|p2a: Zapdos|Brave Bird|p1a: Enamorus
|-damage|p1a: Enamorus|0 fnt
|faint|p1a: Enamorus
|-damage|p2a: Zapdos|71/100|[from] Recoil
|
|upkeep
|
|t:|1760331671
|switch|p1a: Kingambit|Kingambit, F|100/100
|turn|2
|
|t:|1760331681
|switch|p2a: Raging Bolt|Raging Bolt|100/100
|move|p1a: Kingambit|Low Kick|p2a: Raging Bolt
|-damage|p2a: Raging Bolt|57/100
|
|upkeep
|turn|3
|
|t:|1760331690
|move|p2a: Raging Bolt|Thunderbolt|p1a: Kingambit
|-damage|p1a: Kingambit|48/100
|move|p1a: Kingambit|Kowtow Cleave|p2a: Raging Bolt
|-damage|p2a: Raging Bolt|9/100
|
|upkeep
|turn|4
|
|t:|1760331707
|switch|p1a: Serperior|Serperior, F|100/100
|move|p2a: Raging Bolt|Thunderclap||[still]
|-fail|p2a: Raging Bolt
|
|upkeep
|turn|5
|
|t:|1760331714
|-end|p2a: Raging Bolt|Protosynthesis|[silent]
|switch|p2a: Latios|Latios, M, shiny|100/100
|move|p1a: Serperior|Leaf Storm|p2a: Latios
|-resisted|p2a: Latios
|-damage|p2a: Latios|77/100
|-boost|p1a: Serperior|spa|2
|
|upkeep
|turn|6
|
|t:|1760331729
|switch|p1a: Araquanid|Araquanid, F|100/100
|-terastallize|p2a: Latios|Steel
|move|p2a: Latios|Draco Meteor|p1a: Araquanid
|-damage|p1a: Araquanid|24/100
|-unboost|p2a: Latios|spa|2
|
|upkeep
|turn|7
|-enditem|p1a: Araquanid|Custap Berry|[eat]
|-activate|p1a: Araquanid|item: Custap Berry|[consumed]
|
|t:|1760331738
|move|p1a: Araquanid|Sticky Web|p2a: Latios
|-sidestart|p2: fadingstrawberry|move: Sticky Web
|move|p2a: Latios|Draco Meteor|p1a: Araquanid|[miss]
|-miss|p2a: Latios|p1a: Araquanid
|
|upkeep
|turn|8
|
|t:|1760331747
|move|p2a: Latios|Draco Meteor|p1a: Araquanid
|-damage|p1a: Araquanid|0 fnt
|-unboost|p2a: Latios|spa|2
|faint|p1a: Araquanid
|
|upkeep
|
|t:|1760331754
|switch|p1a: Ceruledge|Ceruledge, M|100/100
|turn|9
|
|t:|1760331756
|switch|p2a: Araquanid|Araquanid, F, shiny|100/100
|move|p1a: Ceruledge|Swords Dance|p1a: Ceruledge
|-boost|p1a: Ceruledge|atk|2
|
|upkeep
|turn|10
|
|t:|1760331770
|move|p1a: Ceruledge|Shadow Sneak|p2a: Araquanid
|-damage|p2a: Araquanid|55/100
|move|p2a: Araquanid|Surf|p1a: Ceruledge
|-supereffective|p1a: Ceruledge
|-damage|p1a: Ceruledge|11/100
|
|upkeep
|turn|11
|
|t:|1760331776
|-terastallize|p1a: Ceruledge|Ghost
|move|p1a: Ceruledge|Shadow Sneak|p2a: Araquanid
|-damage|p2a: Araquanid|0 fnt
|faint|p2a: Araquanid
|
|upkeep
|
|t:|1760331786
|switch|p2a: Kingambit|Kingambit, M|100/100
|-activate|p2a: Kingambit|move: Sticky Web
|-unboost|p2a: Kingambit|spe|1
|-activate|p2a: Kingambit|ability: Supreme Overlord
|-start|p2a: Kingambit|fallen1|[silent]
|turn|12
|
|t:|1760331794
|move|p1a: Ceruledge|Shadow Sneak|p2a: Kingambit
|-resisted|p2a: Kingambit
|-damage|p2a: Kingambit|75/100
|move|p2a: Kingambit|Sucker Punch||[still]
|-fail|p2a: Kingambit
|
|-heal|p2a: Kingambit|81/100|[from] item: Leftovers
|upkeep
|turn|13
|
|t:|1760331798
|move|p1a: Ceruledge|Shadow Sneak|p2a: Kingambit
|-resisted|p2a: Kingambit
|-damage|p2a: Kingambit|57/100
|move|p2a: Kingambit|Sucker Punch||[still]
|-fail|p2a: Kingambit
|
|-heal|p2a: Kingambit|63/100|[from] item: Leftovers
|upkeep
|turn|14
|
|t:|1760331800
|move|p1a: Ceruledge|Shadow Sneak|p2a: Kingambit
|-resisted|p2a: Kingambit
|-damage|p2a: Kingambit|38/100
|move|p2a: Kingambit|Sucker Punch||[still]
|-fail|p2a: Kingambit
|
|-heal|p2a: Kingambit|44/100|[from] item: Leftovers
|upkeep
|turn|15
|
|t:|1760331803
|move|p1a: Ceruledge|Bitter Blade|p2a: Kingambit
|-supereffective|p2a: Kingambit
|-damage|p2a: Kingambit|0 fnt
|-heal|p1a: Ceruledge|37/100|[from] drain|[of] p2a: Kingambit
|faint|p2a: Kingambit
|-end|p2a: Kingambit|fallen1|[silent]
|
|upkeep
|c|☆gen6izdasht|shesh
|c|☆gen6izdasht|outplayed
|
|t:|1760331818
|switch|p2a: Iron Crown|Iron Crown|100/100
|-activate|p2a: Iron Crown|move: Sticky Web
|-unboost|p2a: Iron Crown|spe|1
|turn|16
|
|t:|1760331822
|move|p1a: Ceruledge|Shadow Sneak|p2a: Iron Crown
|-supereffective|p2a: Iron Crown
|-damage|p2a: Iron Crown|0 fnt
|faint|p2a: Iron Crown
|-end|p2a: Iron Crown|Quark Drive|[silent]
|
|upkeep
|
|t:|1760331824
|switch|p2a: Raging Bolt|Raging Bolt|9/100
|turn|17
|
|t:|1760331827
|move|p1a: Ceruledge|Shadow Sneak|p2a: Raging Bolt
|-crit|p2a: Raging Bolt
|-damage|p2a: Raging Bolt|0 fnt
|faint|p2a: Raging Bolt
|-end|p2a: Raging Bolt|Protosynthesis|[silent]
|
|upkeep
|
|t:|1760331829
|switch|p2a: Zapdos|Zapdos-Galar|71/100
|turn|18
|
|t:|1760331831
|move|p1a: Ceruledge|Shadow Sneak|p2a: Zapdos
|-damage|p2a: Zapdos|5/100
|move|p2a: Zapdos|Brave Bird|p1a: Ceruledge
|-damage|p1a: Ceruledge|0 fnt
|faint|p1a: Ceruledge
|-damage|p2a: Zapdos|0 fnt|[from] Recoil
|faint|p2a: Zapdos
|
|upkeep
|
|t:|1760331836
|switch|p2a: Latios|Latios, M, shiny, tera:Steel|77/100
|switch|p1a: Kingambit|Kingambit, F|48/100
|turn|19
|c|☆fadingstrawberry|I threwwww
|c|☆fadingstrawberry|Gg
|
|t:|1760331847
|move|p1a: Kingambit|Sucker Punch|p2a: Latios
|-damage|p2a: Latios|23/100
|move|p2a: Latios|Aura Sphere|p1a: Kingambit
|-supereffective|p1a: Kingambit
|-damage|p1a: Kingambit|0 fnt
|faint|p1a: Kingambit
|
|upkeep
|c|☆gen6izdasht|u scarf zapdos?
|inactive|Battle timer is ON: inactive players will automatically lose when time's up. (requested by fadingstrawberry)
|
|t:|1760331855
|switch|p1a: Cinderace|Cinderace, F|100/100
|turn|20
|c|☆fadingstrawberry|Ye lol
|c|☆gen6izdasht|i see
|c|☆fadingstrawberry|Amazing speed tier
|c|☆fadingstrawberry|Cc + Bb KO so many things
|
|t:|1760331883
|move|p1a: Cinderace|Pyro Ball|p2a: Latios|[miss]
|-miss|p1a: Cinderace|p2a: Latios
|move|p2a: Latios|Aura Sphere|p1a: Cinderace
|-damage|p1a: Cinderace|47/100
|
|upkeep
|turn|21
|
|t:|1760331887
|move|p1a: Cinderace|Pyro Ball|p2a: Latios
|-supereffective|p2a: Latios
|-damage|p2a: Latios|0 fnt
|faint|p2a: Latios
|
|win|gen6izdasht
|raw|gen6izdasht's rating: 1673 &rarr; <strong>1688</strong><br />(+15 for winning)
|raw|fadingstrawberry's rating: 1581 &rarr; <strong>1566</strong><br />(-15 for losing)
|c|☆fadingstrawberry|Wait
|c|☆fadingstrawberry|Noo
|c|☆gen6izdasht|gg
|c|☆fadingstrawberry|Gg
|l|☆gen6izdasht
|player|p1|
|l| ZeroIQ McGoo
