|j|☆boldenhauer
|j|☆Alx247
|t:|1760458231
|gametype|singles
|player|p1|boldenhauer|169|1441
|player|p2|Alx247|infielder|1462
|gen|9
|tier|[Gen 9] OU
|rated|
|rule|HP Percentage Mod: HP is shown in percentages
|rule|Endless Battle Clause: Forcing endless battles is banned
|rule|Species Clause: Limit one of each Pokémon
|rule|OHKO Clause: OHKO moves are banned
|rule|Evasion Items Clause: Evasion items are banned
|rule|Evasion Moves Clause: Evasion moves are banned
|rule|Evasion Abilities Clause: Evasion abilities are banned
|rule|Sleep Moves Clause: Sleep-inducing moves are banned
|clearpoke
|poke|p1|Tinkaton, F|
|poke|p1|Zapdos-Galar|
|poke|p1|Kyurem|
|poke|p1|Ting-Lu|
|poke|p1|Gholdengo|
|poke|p1|Morpeko, M|
|poke|p2|Primarina, F|
|poke|p2|Ceruledge, M|
|poke|p2|Darkrai|
|poke|p2|Corviknight, F|
|poke|p2|Landorus-Therian, M|
|poke|p2|Clefable, F|
|teampreview
|inactive|Battle timer is ON: inactive players will automatically lose when time's up. (requested by Alx247)
|inactive|Alx247 has 120 seconds left.
|
|t:|1760458274
|teamsize|p1|6
|teamsize|p2|6
|start
|switch|p1a: Zapdos|Zapdos-Galar|100/100
|switch|p2a: Chappell Roan|Landorus-Therian, M, shiny|100/100
|-ability|p2a: Chappell Roan|Intimidate|boost
|-unboost|p1a: Zapdos|atk|1
|-ability|p1a: Zapdos|Defiant|boost
|-boost|p1a: Zapdos|atk|2
|turn|1
|
|t:|1760458282
|switch|p2a: Beyoncé|Corviknight, F, shiny|100/100
|-ability|p2a: Beyoncé|Pressure
|move|p1a: Zapdos|Substitute|p1a: Zapdos
|-start|p1a: Zapdos|Substitute
|-damage|p1a: Zapdos|75/100
|
|-heal|p1a: Zapdos|82/100|[from] item: Leftovers
|upkeep
|turn|2
|
|t:|1760458289
|move|p1a: Zapdos|Bulk Up|p1a: Zapdos
|-boost|p1a: Zapdos|atk|1
|-boost|p1a: Zapdos|def|1
|move|p2a: Beyoncé|Brave Bird|p1a: Zapdos
|-supereffective|p1a: Zapdos
|-end|p1a: Zapdos|Substitute
|-damage|p2a: Beyoncé|92/100|[from] Recoil|[of] p1a: Zapdos
|
|-heal|p1a: Zapdos|88/100|[from] item: Leftovers
|upkeep
|turn|3
|
|t:|1760458294
|move|p1a: Zapdos|Thunderous Kick|p2a: Beyoncé
|-damage|p2a: Beyoncé|48/100
|-unboost|p2a: Beyoncé|def|1
|-damage|p1a: Zapdos|71/100|[from] item: Rocky Helmet|[of] p2a: Beyoncé
|move|p2a: Beyoncé|Brave Bird|p1a: Zapdos
|-supereffective|p1a: Zapdos
|-damage|p1a: Zapdos|24/100
|-damage|p2a: Beyoncé|33/100|[from] Recoil
|
|-heal|p1a: Zapdos|31/100|[from] item: Leftovers
|upkeep
|turn|4
|
|t:|1760458313
|switch|p2a: Charli XCX|Ceruledge, M, shiny|100/100
|move|p1a: Zapdos|Thunderous Kick|p2a: Charli XCX
|-immune|p2a: Charli XCX
|
|-heal|p1a: Zapdos|37/100|[from] item: Leftovers
|upkeep
|turn|5
|
|t:|1760458324
|switch|p1a: Ting-Lu|Ting-Lu|100/100
|-ability|p1a: Ting-Lu|Vessel of Ruin
|move|p2a: Charli XCX|Swords Dance|p2a: Charli XCX
|-boost|p2a: Charli XCX|atk|2
|
|upkeep
|turn|6
|
|t:|1760458338
|switch|p2a: Beyoncé|Corviknight, F, shiny|33/100
|-ability|p2a: Beyoncé|Pressure
|move|p1a: Ting-Lu|Whirlwind|p2a: Beyoncé
|drag|p2a: Chappell Roan|Landorus-Therian, M, shiny|100/100
|-ability|p2a: Chappell Roan|Intimidate|boost
|-unboost|p1a: Ting-Lu|atk|1
|
|upkeep
|turn|7
|
|t:|1760458352
|move|p2a: Chappell Roan|U-turn|p1a: Ting-Lu
|-supereffective|p1a: Ting-Lu
|-damage|p1a: Ting-Lu|79/100
|
|t:|1760458355
|switch|p2a: Beyoncé|Corviknight, F, shiny|33/100|[from] U-turn
|-ability|p2a: Beyoncé|Pressure
|move|p1a: Ting-Lu|Spikes|p2a: Beyoncé
|-sidestart|p2: Alx247|Spikes
|
|upkeep
|turn|8
|
|t:|1760458359
|switch|p1a: Gholdengo|Gholdengo|100/100
|-item|p1a: Gholdengo|Air Balloon
|move|p2a: Beyoncé|Roost|p2a: Beyoncé
|-heal|p2a: Beyoncé|83/100
|-singleturn|p2a: Beyoncé|move: Roost
|
|upkeep
|turn|9
|
|t:|1760458363
|move|p1a: Gholdengo|Shadow Ball|p2a: Beyoncé
|-damage|p2a: Beyoncé|41/100
|-unboost|p2a: Beyoncé|spd|1
|move|p2a: Beyoncé|U-turn|p1a: Gholdengo
|-resisted|p1a: Gholdengo
|-damage|p1a: Gholdengo|97/100
|-enditem|p1a: Gholdengo|Air Balloon
|
|t:|1760458369
|switch|p2a: Taylor Swift|Darkrai, shiny|100/100|[from] U-turn
|-damage|p2a: Taylor Swift|88/100|[from] Spikes
|
|upkeep
|turn|10
|
|t:|1760458377
|switch|p1a: Tinkaton|Tinkaton, F|100/100
|-ability|p1a: Tinkaton|Mold Breaker
|-item|p1a: Tinkaton|Air Balloon
|move|p2a: Taylor Swift|Dark Pulse|p1a: Tinkaton
|-resisted|p1a: Tinkaton
|-damage|p1a: Tinkaton|76/100
|-enditem|p1a: Tinkaton|Air Balloon
|-damage|p2a: Taylor Swift|78/100|[from] item: Life Orb
|
|upkeep
|turn|11
|
|t:|1760458385
|switch|p2a: Beyoncé|Corviknight, F, shiny|41/100
|-ability|p2a: Beyoncé|Pressure
|move|p1a: Tinkaton|Gigaton Hammer|p2a: Beyoncé
|-resisted|p2a: Beyoncé
|-damage|p2a: Beyoncé|29/100
|
|upkeep
|turn|12
|
|t:|1760458388
|move|p1a: Tinkaton|Thunder Wave|p2a: Beyoncé
|-status|p2a: Beyoncé|par
|cant|p2a: Beyoncé|par
|
|upkeep
|turn|13
|
|t:|1760458391
|move|p1a: Tinkaton|Stealth Rock|p2a: Beyoncé
|-sidestart|p2: Alx247|move: Stealth Rock
|cant|p2a: Beyoncé|par
|
|upkeep
|turn|14
|
|t:|1760458394
|switch|p1a: Gholdengo|Gholdengo|97/100
|cant|p2a: Beyoncé|par
|
|upkeep
|turn|15
|
|t:|1760458412
|switch|p2a: SZA|Primarina, F, shiny|100/100
|-damage|p2a: SZA|88/100|[from] Spikes
|-damage|p2a: SZA|76/100|[from] Stealth Rock
|move|p1a: Gholdengo|Shadow Ball|p2a: SZA
|-damage|p2a: SZA|48/100
|-unboost|p2a: SZA|spd|1
|
|upkeep
|turn|16
|inactive|Alx247 has 120 seconds left.
|
|t:|1760458461
|move|p1a: Gholdengo|Make It Rain|p2a: SZA
|-damage|p2a: SZA|0 fnt
|-unboost|p1a: Gholdengo|spa|1
|faint|p2a: SZA
|
|upkeep
|inactive|Alx247 has 90 seconds left.
|
|t:|1760458476
|switch|p2a: Charli XCX|Ceruledge, M, shiny|100/100
|-damage|p2a: Charli XCX|88/100|[from] Spikes
|-damage|p2a: Charli XCX|63/100|[from] Stealth Rock
|turn|17
|
|t:|1760458485
|switch|p1a: Ting-Lu|Ting-Lu|79/100
|-ability|p1a: Ting-Lu|Vessel of Ruin
|move|p2a: Charli XCX|Bitter Blade|p1a: Ting-Lu
|-damage|p1a: Ting-Lu|60/100
|-heal|p2a: Charli XCX|80/100|[from] drain|[of] p1a: Ting-Lu
|
|upkeep
|turn|18
|
|t:|1760458500
|switch|p2a: Beyoncé|Corviknight, F, shiny|29/100 par
|-damage|p2a: Beyoncé|17/100 par|[from] Stealth Rock
|-ability|p2a: Beyoncé|Pressure
|move|p1a: Ting-Lu|Whirlwind|p2a: Beyoncé
|drag|p2a: Taylor Swift|Darkrai, shiny|78/100
|-damage|p2a: Taylor Swift|66/100|[from] Spikes
|-damage|p2a: Taylor Swift|53/100|[from] Stealth Rock
|
|upkeep
|turn|19
|
|t:|1760458508
|move|p2a: Taylor Swift|Ice Beam|p1a: Ting-Lu
|-supereffective|p1a: Ting-Lu
|-damage|p1a: Ting-Lu|8/100
|-damage|p2a: Taylor Swift|43/100|[from] item: Life Orb
|move|p1a: Ting-Lu|Whirlwind|p2a: Taylor Swift
|drag|p2a: Charli XCX|Ceruledge, M, shiny|80/100
|-damage|p2a: Charli XCX|67/100|[from] Spikes
|-damage|p2a: Charli XCX|42/100|[from] Stealth Rock
|
|upkeep
|turn|20
|
|t:|1760458523
|move|p2a: Charli XCX|Bitter Blade|p1a: Ting-Lu
|-damage|p1a: Ting-Lu|0 fnt
|-heal|p2a: Charli XCX|49/100|[from] drain|[of] p1a: Ting-Lu
|faint|p1a: Ting-Lu
|
|upkeep
|
|t:|1760458525
|switch|p1a: Morpeko|Morpeko, M|100/100
|turn|21
|
|t:|1760458534
|switch|p2a: Chappell Roan|Landorus-Therian, M, shiny|100/100
|-damage|p2a: Chappell Roan|88/100|[from] Stealth Rock
|-ability|p2a: Chappell Roan|Intimidate|boost
|-unboost|p1a: Morpeko|atk|1
|move|p1a: Morpeko|Knock Off|p2a: Chappell Roan
|-damage|p2a: Chappell Roan|55/100
|-enditem|p2a: Chappell Roan|Choice Scarf|[from] move: Knock Off|[of] p1a: Morpeko
|
|-formechange|p1a: Morpeko|Morpeko-Hangry||[from] ability: Hunger Switch
|upkeep
|turn|22
|inactive|Alx247 has 120 seconds left.
|
|t:|1760458560
|switch|p2a: Beyoncé|Corviknight, F, shiny|17/100 par
|-damage|p2a: Beyoncé|4/100 par|[from] Stealth Rock
|-ability|p2a: Beyoncé|Pressure
|move|p1a: Morpeko|Aura Wheel|p2a: Beyoncé
|-damage|p2a: Beyoncé|0 fnt
|-boost|p1a: Morpeko|spe|1
|faint|p2a: Beyoncé
|
|-formechange|p1a: Morpeko|Morpeko||[from] ability: Hunger Switch
|upkeep
|
|t:|1760458570
|switch|p2a: Sabrina Carpenter|Clefable, F, shiny|100/100
|turn|23
|
|t:|1760458576
|switch|p1a: Tinkaton|Tinkaton, F|76/100
|-ability|p1a: Tinkaton|Mold Breaker
|move|p2a: Sabrina Carpenter|Calm Mind|p2a: Sabrina Carpenter
|-boost|p2a: Sabrina Carpenter|spa|1
|-boost|p2a: Sabrina Carpenter|spd|1
|
|upkeep
|turn|24
|
|t:|1760458585
|move|p1a: Tinkaton|Encore|p2a: Sabrina Carpenter
|-start|p2a: Sabrina Carpenter|Encore
|move|p2a: Sabrina Carpenter|Calm Mind|p2a: Sabrina Carpenter
|-boost|p2a: Sabrina Carpenter|spa|1
|-boost|p2a: Sabrina Carpenter|spd|1
|
|upkeep
|turn|25
|
|t:|1760458589
|move|p1a: Tinkaton|Gigaton Hammer|p2a: Sabrina Carpenter
|-supereffective|p2a: Sabrina Carpenter
|-damage|p2a: Sabrina Carpenter|37/100
|move|p2a: Sabrina Carpenter|Calm Mind|p2a: Sabrina Carpenter
|-boost|p2a: Sabrina Carpenter|spa|1
|-boost|p2a: Sabrina Carpenter|spd|1
|
|-heal|p2a: Sabrina Carpenter|43/100|[from] item: Leftovers
|upkeep
|turn|26
|inactive|Alx247 has 120 seconds left.
|
|t:|1760458600
|switch|p2a: Charli XCX|Ceruledge, M, shiny|49/100
|-damage|p2a: Charli XCX|37/100|[from] Spikes
|-damage|p2a: Charli XCX|12/100|[from] Stealth Rock
|move|p1a: Tinkaton|Thunder Wave|p2a: Charli XCX
|-status|p2a: Charli XCX|par
|
|upkeep
|turn|27
|inactive|Alx247 has 120 seconds left.
|
|t:|1760458607
|move|p2a: Charli XCX|Shadow Sneak|p1a: Tinkaton
|-damage|p1a: Tinkaton|50/100
|move|p1a: Tinkaton|Gigaton Hammer|p2a: Charli XCX
|-resisted|p2a: Charli XCX
|-damage|p2a: Charli XCX|0 fnt
|faint|p2a: Charli XCX
|
|upkeep
|inactive|Alx247 has 120 seconds left.
|
|t:|1760458613
|switch|p2a: Chappell Roan|Landorus-Therian, M, shiny|55/100
|-damage|p2a: Chappell Roan|43/100|[from] Stealth Rock
|-ability|p2a: Chappell Roan|Intimidate|boost
|-unboost|p1a: Tinkaton|atk|1
|turn|28
|
|t:|1760458617
|switch|p1a: Zapdos|Zapdos-Galar|37/100
|move|p2a: Chappell Roan|U-turn|p1a: Zapdos
|-resisted|p1a: Zapdos
|-damage|p1a: Zapdos|30/100
|inactive|Alx247 has 120 seconds left.
|
|t:|1760458634
|switch|p2a: Sabrina Carpenter|Clefable, F, shiny|43/100|[from] U-turn
|
|-heal|p1a: Zapdos|36/100|[from] item: Leftovers
|-heal|p2a: Sabrina Carpenter|49/100|[from] item: Leftovers
|upkeep
|turn|29
|
|t:|1760458636
|switch|p1a: Tinkaton|Tinkaton, F|50/100
|-ability|p1a: Tinkaton|Mold Breaker
|move|p2a: Sabrina Carpenter|Moonblast|p1a: Tinkaton
|-resisted|p1a: Tinkaton
|-damage|p1a: Tinkaton|37/100
|
|-heal|p2a: Sabrina Carpenter|55/100|[from] item: Leftovers
|upkeep
|turn|30
|inactive|Alx247 has 120 seconds left.
|inactive|Alx247 has 90 seconds left.
|
|t:|1760458708
|-terastallize|p2a: Sabrina Carpenter|Fire
|move|p1a: Tinkaton|Gigaton Hammer|p2a: Sabrina Carpenter
|-resisted|p2a: Sabrina Carpenter
|-damage|p2a: Sabrina Carpenter|38/100
|move|p2a: Sabrina Carpenter|Flamethrower|p1a: Tinkaton
|-supereffective|p1a: Tinkaton
|-damage|p1a: Tinkaton|0 fnt
|faint|p1a: Tinkaton
|
|-heal|p2a: Sabrina Carpenter|44/100|[from] item: Leftovers
|upkeep
|
|t:|1760458719
|switch|p1a: Morpeko|Morpeko, M|100/100
|turn|31
|
|t:|1760458722
|move|p1a: Morpeko|Aura Wheel|p2a: Sabrina Carpenter
|-damage|p2a: Sabrina Carpenter|10/100
|-boost|p1a: Morpeko|spe|1
|move|p2a: Sabrina Carpenter|Moonblast|p1a: Morpeko
|-supereffective|p1a: Morpeko
|-enditem|p1a: Morpeko|Focus Sash
|-damage|p1a: Morpeko|1/100
|-unboost|p1a: Morpeko|spa|1
|
|-heal|p2a: Sabrina Carpenter|16/100|[from] item: Leftovers
|-formechange|p1a: Morpeko|Morpeko-Hangry||[from] ability: Hunger Switch
|upkeep
|turn|32
|inactive|Alx247 has 90 seconds left.
|
|t:|1760458735
|move|p1a: Morpeko|Knock Off|p2a: Sabrina Carpenter
|-damage|p2a: Sabrina Carpenter|0 fnt
|-enditem|p2a: Sabrina Carpenter|Leftovers|[from] move: Knock Off|[of] p1a: Morpeko
|faint|p2a: Sabrina Carpenter
|
|-formechange|p1a: Morpeko|Morpeko||[from] ability: Hunger Switch
|upkeep
|
|t:|1760458745
|switch|p2a: Chappell Roan|Landorus-Therian, M, shiny|43/100
|-damage|p2a: Chappell Roan|31/100|[from] Stealth Rock
|-ability|p2a: Chappell Roan|Intimidate|boost
|-unboost|p1a: Morpeko|atk|1
|turn|33
|inactive|boldenhauer has 120 seconds left.
|inactive|boldenhauer has 90 seconds left.
|
|t:|1760458815
|move|p1a: Morpeko|Knock Off|p2a: Chappell Roan
|-damage|p2a: Chappell Roan|9/100
|move|p2a: Chappell Roan|U-turn|p1a: Morpeko
|-supereffective|p1a: Morpeko
|-damage|p1a: Morpeko|0 fnt
|faint|p1a: Morpeko
|
|t:|1760458819
|switch|p2a: Taylor Swift|Darkrai, shiny|43/100|[from] U-turn
|-damage|p2a: Taylor Swift|31/100|[from] Spikes
|-damage|p2a: Taylor Swift|18/100|[from] Stealth Rock
|
|upkeep
|
|t:|1760458823
|switch|p1a: Zapdos|Zapdos-Galar|36/100
|turn|34
|
|t:|1760458832
|move|p2a: Taylor Swift|Sludge Bomb|p1a: Zapdos
|-damage|p1a: Zapdos|0 fnt
|faint|p1a: Zapdos
|-damage|p2a: Taylor Swift|8/100|[from] item: Life Orb
|
|upkeep
|inactive|boldenhauer has 90 seconds left.
|
|t:|1760458851
|switch|p1a: Gholdengo|Gholdengo|97/100
|turn|35
|
|t:|1760458853
|switch|p1a: Kyurem|Kyurem|100/100
|-ability|p1a: Kyurem|Pressure
|move|p2a: Taylor Swift|Dark Pulse|p1a: Kyurem
|-damage|p1a: Kyurem|62/100
|-damage|p2a: Taylor Swift|0 fnt|[from] item: Life Orb
|faint|p2a: Taylor Swift
|
|-heal|p1a: Kyurem|68/100|[from] item: Leftovers
|upkeep
|
|t:|1760458856
|switch|p2a: Chappell Roan|Landorus-Therian, M, shiny|9/100
|-damage|p2a: Chappell Roan|0 fnt|[from] Stealth Rock
|faint|p2a: Chappell Roan
|
|win|boldenhauer
|raw|boldenhauer's rating: 1441 &rarr; <strong>1462</strong><br />(+21 for winning)
|raw|Alx247's rating: 1462 &rarr; <strong>1441</strong><br />(-21 for losing)
|l|☆boldenhauer
|player|p1|
|c|☆Alx247|ggwp
|l|☆Alx247
|player|p2|
