|j|☆gdstonda
|j|☆Juste1doigt
|t:|1760458958
|gametype|singles
|player|p1|gdstonda|red|1113
|player|p2|Juste1doigt|fisherman-gen4|1079
|gen|9
|tier|[Gen 9] OU
|rated|
|rule|HP Percentage Mod: HP is shown in percentages
|rule|Endless Battle Clause: Forcing endless battles is banned
|rule|Species Clause: Limit one of each Pokémon
|rule|OHKO Clause: OHKO moves are banned
|rule|Evasion Items Clause: Evasion items are banned
|rule|Evasion Moves Clause: Evasion moves are banned
|rule|Evasion Abilities Clause: Evasion abilities are banned
|rule|Sleep Moves Clause: Sleep-inducing moves are banned
|clearpoke
|poke|p1|Iron Valiant|
|poke|p1|Raging Bolt|
|poke|p1|Dragonite, F|
|poke|p1|Darkrai|
|poke|p1|Glimmora, F|
|poke|p1|Gholdengo|
|poke|p2|Umbreon, M|
|poke|p2|Gengar, F|
|poke|p2|Goodra-Hisui, F|
|poke|p2|Maushold-Four|
|poke|p2|Mimikyu, M|
|poke|p2|Diancie|
|teampreview
|
|t:|1760458977
|teamsize|p1|6
|teamsize|p2|6
|start
|switch|p1a: Glimmora|Glimmora, F|100/100
|switch|p2a: Diancie|Diancie, shiny|100/100
|turn|1
|inactive|Battle timer is ON: inactive players will automatically lose when time's up. (requested by gdstonda)
|
|t:|1760458990
|move|p1a: Glimmora|Stealth Rock|p2a: Diancie
|-sidestart|p2: Juste1doigt|move: Stealth Rock
|move|p2a: Diancie|Encore|p1a: Glimmora
|-start|p1a: Glimmora|Encore
|
|upkeep
|turn|2
|
|t:|1760459000
|switch|p1a: Gholdengo|Gholdengo|100/100
|move|p2a: Diancie|Spikes|p1a: Gholdengo
|-sidestart|p1: gdstonda|Spikes
|
|upkeep
|turn|3
|
|t:|1760459011
|-terastallize|p2a: Diancie|Water
|move|p1a: Gholdengo|Nasty Plot|p1a: Gholdengo
|-boost|p1a: Gholdengo|spa|2
|move|p2a: Diancie|Body Press|p1a: Gholdengo
|-immune|p1a: Gholdengo
|
|upkeep
|turn|4
|
|t:|1760459034
|move|p1a: Gholdengo|Shadow Ball|p2a: Diancie
|-damage|p2a: Diancie|44/100
|move|p2a: Diancie|Encore|p1a: Gholdengo
|-immune|p1a: Gholdengo|[from] ability: Good as Gold
|
|-heal|p2a: Diancie|50/100|[from] item: Leftovers
|upkeep
|turn|5
|
|t:|1760459043
|move|p1a: Gholdengo|Make It Rain|p2a: Diancie
|-resisted|p2a: Diancie
|-damage|p2a: Diancie|5/100
|-unboost|p1a: Gholdengo|spa|1
|move|p2a: Diancie|Diamond Storm|p1a: Gholdengo
|-resisted|p1a: Gholdengo
|-damage|p1a: Gholdengo|82/100
|-boost|p2a: Diancie|def|2
|
|-heal|p2a: Diancie|12/100|[from] item: Leftovers
|upkeep
|turn|6
|
|t:|1760459055
|move|p1a: Gholdengo|Shadow Ball|p2a: Diancie
|-damage|p2a: Diancie|0 fnt
|faint|p2a: Diancie
|
|upkeep
|
|t:|1760459069
|switch|p2a: Mimikyu|Mimikyu, M, shiny|100/100
|-damage|p2a: Mimikyu|88/100|[from] Stealth Rock
|turn|7
|
|t:|1760459083
|move|p1a: Gholdengo|Shadow Ball|p2a: Mimikyu
|-activate|p2a: Mimikyu|ability: Disguise
|-damage|p2a: Mimikyu|88/100
|detailschange|p2a: Mimikyu|Mimikyu-Busted, M, shiny
|-damage|p2a: Mimikyu|76/100|[from] pokemon: Mimikyu-Busted
|move|p2a: Mimikyu|Shadow Claw|p1a: Gholdengo
|-supereffective|p1a: Gholdengo
|-damage|p1a: Gholdengo|0 fnt
|faint|p1a: Gholdengo
|-damage|p2a: Mimikyu|66/100|[from] item: Life Orb
|
|upkeep
|
|t:|1760459093
|switch|p1a: Iron Valiant|Iron Valiant|100/100
|-damage|p1a: Iron Valiant|88/100|[from] Spikes
|-enditem|p1a: Iron Valiant|Booster Energy
|-activate|p1a: Iron Valiant|ability: Quark Drive|[fromitem]
|-start|p1a: Iron Valiant|quarkdrivespe
|turn|8
|
|t:|1760459100
|move|p1a: Iron Valiant|Moonblast|p2a: Mimikyu
|-damage|p2a: Mimikyu|14/100
|move|p2a: Mimikyu|Shadow Claw|p1a: Iron Valiant
|-damage|p1a: Iron Valiant|42/100
|-damage|p2a: Mimikyu|4/100|[from] item: Life Orb
|
|upkeep
|turn|9
|
|t:|1760459109
|move|p2a: Mimikyu|Shadow Sneak|p1a: Iron Valiant
|-damage|p1a: Iron Valiant|16/100
|-damage|p2a: Mimikyu|0 fnt|[from] item: Life Orb
|faint|p2a: Mimikyu
|move|p1a: Iron Valiant|Moonblast|p2: Mimikyu|[notarget]
|-fail|p1a: Iron Valiant
|
|upkeep
|
|t:|1760459120
|switch|p2a: Umbreon|Umbreon, M, shiny|100/100
|-damage|p2a: Umbreon|88/100|[from] Stealth Rock
|turn|10
|
|t:|1760459125
|move|p1a: Iron Valiant|Destiny Bond|p1a: Iron Valiant
|-singlemove|p1a: Iron Valiant|Destiny Bond
|move|p2a: Umbreon|Toxic|p1a: Iron Valiant
|-status|p1a: Iron Valiant|tox
|
|-heal|p2a: Umbreon|94/100|[from] item: Leftovers
|-damage|p1a: Iron Valiant|9/100 tox|[from] psn
|upkeep
|turn|11
|
|t:|1760459134
|move|p2a: Umbreon|Protect|p2a: Umbreon
|-singleturn|p2a: Umbreon|Protect
|move|p1a: Iron Valiant|Close Combat|p2a: Umbreon
|-activate|p2a: Umbreon|move: Protect
|
|-heal|p2a: Umbreon|99/100|[from] item: Leftovers
|-damage|p1a: Iron Valiant|0 fnt|[from] psn
|faint|p1a: Iron Valiant
|-end|p1a: Iron Valiant|Quark Drive|[silent]
|upkeep
|
|t:|1760459142
|switch|p1a: Glimmora|Glimmora, F|100/100
|-damage|p1a: Glimmora|88/100|[from] Spikes
|turn|12
|
|t:|1760459151
|switch|p2a: Goodra|Goodra-Hisui, F, shiny|100/100
|-damage|p2a: Goodra|94/100|[from] Stealth Rock
|move|p1a: Glimmora|Mortal Spin|p2a: Goodra
|-immune|p2a: Goodra
|
|upkeep
|turn|13
|
|t:|1760459163
|move|p1a: Glimmora|Earth Power|p2a: Goodra
|-supereffective|p2a: Goodra
|-damage|p2a: Goodra|69/100
|move|p2a: Goodra|Flash Cannon|p1a: Glimmora
|-supereffective|p1a: Glimmora
|-damage|p1a: Glimmora|0 fnt
|faint|p1a: Glimmora
|
|upkeep
|
|t:|1760459168
|switch|p1a: Darkrai|Darkrai|100/100
|-damage|p1a: Darkrai|88/100|[from] Spikes
|turn|14
|
|t:|1760459176
|move|p1a: Darkrai|Nasty Plot|p1a: Darkrai
|-boost|p1a: Darkrai|spa|2
|move|p2a: Goodra|Draco Meteor|p1a: Darkrai
|-damage|p1a: Darkrai|13/100
|-unboost|p2a: Goodra|spa|2
|
|-heal|p1a: Darkrai|19/100|[from] item: Leftovers
|upkeep
|turn|15
|
|t:|1760459192
|move|p1a: Darkrai|Focus Blast|p2a: Goodra
|-supereffective|p2a: Goodra
|-damage|p2a: Goodra|0 fnt
|faint|p2a: Goodra
|
|-heal|p1a: Darkrai|25/100|[from] item: Leftovers
|upkeep
|
|t:|1760459204
|switch|p2a: Umbreon|Umbreon, M, shiny|99/100
|-damage|p2a: Umbreon|88/100|[from] Stealth Rock
|turn|16
|
|t:|1760459210
|move|p1a: Darkrai|Focus Blast|p2a: Umbreon
|-supereffective|p2a: Umbreon
|-crit|p2a: Umbreon
|-damage|p2a: Umbreon|0 fnt
|faint|p2a: Umbreon
|
|-heal|p1a: Darkrai|31/100|[from] item: Leftovers
|upkeep
|
|t:|1760459218
|switch|p2a: Gengar|Gengar, F, shiny|100/100
|turn|17
|
|t:|1760459226
|-terastallize|p1a: Darkrai|Poison
|move|p1a: Darkrai|Dark Pulse|p2a: Gengar
|-supereffective|p2a: Gengar
|-damage|p2a: Gengar|0 fnt
|-start|p1a: Darkrai|Disable|Dark Pulse|[from] ability: Cursed Body|[of] p2a: Gengar
|faint|p2a: Gengar
|
|-heal|p1a: Darkrai|38/100|[from] item: Leftovers
|upkeep
|
|t:|1760459237
|switch|p2a: Maushold|Maushold-Four|100/100
|-damage|p2a: Maushold|88/100|[from] Stealth Rock
|turn|18
|
|t:|1760459243
|move|p1a: Darkrai|Focus Blast|p2a: Maushold
|-supereffective|p2a: Maushold
|-damage|p2a: Maushold|0 fnt
|faint|p2a: Maushold
|
|win|gdstonda
|raw|gdstonda's rating: 1113 &rarr; <strong>1136</strong><br />(+23 for winning)
|raw|Juste1doigt's rating: 1079 &rarr; <strong>1059</strong><br />(-20 for losing)
