|j|☆Megumin's Husband
|j|☆Mega$crafty
|t:|1760304474
|gametype|singles
|player|p1|Megumin's Husband|alder|1543
|player|p2|Mega$crafty|169|1520
|gen|9
|tier|[Gen 9] OU
|rated|
|rule|HP Percentage Mod: HP is shown in percentages
|rule|Endless Battle Clause: Forcing endless battles is banned
|rule|Species Clause: Limit one of each Pokémon
|rule|OHKO Clause: OHKO moves are banned
|rule|Evasion Items Clause: Evasion items are banned
|rule|Evasion Moves Clause: Evasion moves are banned
|rule|Evasion Abilities Clause: Evasion abilities are banned
|rule|Sleep Moves Clause: Sleep-inducing moves are banned
|clearpoke
|poke|p1|Pecharunt|
|poke|p1|Primarina, F|
|poke|p1|Heatran, M|
|poke|p1|Great Tusk|
|poke|p1|Weavile, F|
|poke|p1|Ogerpon, F|
|poke|p2|Lapras, F|
|poke|p2|Slowking-Galar, F|
|poke|p2|Great Tusk|
|poke|p2|Ninetales-Alola, F|
|poke|p2|Kyurem|
|poke|p2|Cinderace, F|
|teampreview
|
|t:|1760304491
|teamsize|p1|6
|teamsize|p2|6
|start
|switch|p1a: Yamawaro|Ogerpon, F|100/100
|switch|p2a: Cinderace|Cinderace, F|100/100
|turn|1
|
|t:|1760304494
|switch|p1a: Pecharunt|Pecharunt|100/100
|move|p2a: Cinderace|U-turn|p1a: Pecharunt
|-resisted|p1a: Pecharunt
|-damage|p1a: Pecharunt|98/100
|-damage|p2a: Cinderace|84/100|[from] item: Rocky Helmet|[of] p1a: Pecharunt
|inactive|Battle timer is ON: inactive players will automatically lose when time's up. (requested by Megumin's Husband)
|
|t:|1760304509
|switch|p2a: Slowking|Slowking-Galar, F|100/100|[from] U-turn
|
|upkeep
|turn|2
|
|t:|1760304515
|move|p1a: Pecharunt|Parting Shot|p2a: Slowking
|-unboost|p2a: Slowking|atk|1
|-unboost|p2a: Slowking|spa|1
|
|t:|1760304518
|switch|p1a: Heatran|Heatran, M, shiny|100/100|[from] Parting Shot
|-item|p1a: Heatran|Air Balloon
|-prepare|p2a: Slowking|Chilly Reception|[premajor]
|move|p2a: Slowking|Chilly Reception|p2a: Slowking
|-weather|Snowscape
|
|t:|1760304535
|switch|p2a: Cinderace|Cinderace, F|84/100|[from] Chilly Reception
|
|-weather|Snowscape|[upkeep]
|upkeep
|turn|3
|inactive|Megumin's Husband has 120 seconds left.
|
|t:|1760304572
|switch|p1a: Pecharunt|Pecharunt|98/100
|move|p2a: Cinderace|U-turn|p1a: Pecharunt
|-resisted|p1a: Pecharunt
|-damage|p1a: Pecharunt|96/100
|-damage|p2a: Cinderace|67/100|[from] item: Rocky Helmet|[of] p1a: Pecharunt
|
|t:|1760304582
|switch|p2a: Slowking|Slowking-Galar, F|100/100|[from] U-turn
|
|-weather|Snowscape|[upkeep]
|upkeep
|turn|4
|
|t:|1760304586
|move|p1a: Pecharunt|Parting Shot|p2a: Slowking
|-unboost|p2a: Slowking|atk|1
|-unboost|p2a: Slowking|spa|1
|
|t:|1760304587
|switch|p1a: Heatran|Heatran, M, shiny|100/100|[from] Parting Shot
|-item|p1a: Heatran|Air Balloon
|move|p2a: Slowking|Future Sight|p1a: Heatran
|-start|p2a: Slowking|move: Future Sight
|
|-weather|Snowscape|[upkeep]
|upkeep
|turn|5
|
|t:|1760304593
|move|p1a: Heatran|Stealth Rock|p2a: Slowking
|-sidestart|p2: Mega$crafty|move: Stealth Rock
|move|p2a: Slowking|Thunder Wave|p1a: Heatran
|-status|p1a: Heatran|par
|
|-weather|Snowscape|[upkeep]
|upkeep
|turn|6
|
|t:|1760304607
|switch|p1a: Chomusuke|Weavile, F|100/100
|-ability|p1a: Chomusuke|Pressure
|-prepare|p2a: Slowking|Chilly Reception|[premajor]
|move|p2a: Slowking|Chilly Reception|p2a: Slowking
|
|t:|1760304621
|switch|p2a: Cinderace|Cinderace, F|67/100|[from] Chilly Reception
|
|-weather|none
|-end|p1a: Chomusuke|move: Future Sight
|-immune|p1a: Chomusuke
|upkeep
|turn|7
|
|t:|1760304630
|move|p1a: Chomusuke|Knock Off|p2a: Cinderace
|-damage|p2a: Cinderace|0 fnt
|-enditem|p2a: Cinderace|Heavy-Duty Boots|[from] move: Knock Off|[of] p1a: Chomusuke
|faint|p2a: Cinderace
|
|upkeep
|
|t:|1760304635
|switch|p2a: Great Tusk|Great Tusk|100/100
|-damage|p2a: Great Tusk|98/100|[from] Stealth Rock
|-enditem|p2a: Great Tusk|Booster Energy
|-activate|p2a: Great Tusk|ability: Protosynthesis|[fromitem]
|-start|p2a: Great Tusk|protosynthesisspe
|turn|8
|inactive|Megumin's Husband has 120 seconds left.
|
|t:|1760304675
|switch|p1a: Pecharunt|Pecharunt|96/100
|move|p2a: Great Tusk|Bulk Up|p2a: Great Tusk
|-boost|p2a: Great Tusk|atk|1
|-boost|p2a: Great Tusk|def|1
|
|upkeep
|turn|9
|inactive|Mega$crafty has 120 seconds left.
|
|t:|1760304712
|-terastallize|p1a: Pecharunt|Ghost
|move|p2a: Great Tusk|Bulk Up|p2a: Great Tusk
|-boost|p2a: Great Tusk|atk|1
|-boost|p2a: Great Tusk|def|1
|move|p1a: Pecharunt|Malignant Chain|p2a: Great Tusk
|-resisted|p2a: Great Tusk
|-damage|p2a: Great Tusk|77/100
|
|upkeep
|turn|10
|inactive|Megumin's Husband has 120 seconds left.
|inactive|Mega$crafty has 120 seconds left.
|
|t:|1760304737
|-end|p2a: Great Tusk|Protosynthesis|[silent]
|switch|p2a: Slowking|Slowking-Galar, F|100/100
|move|p1a: Pecharunt|Malignant Chain|p2a: Slowking
|-resisted|p2a: Slowking
|-damage|p2a: Slowking|88/100
|
|upkeep
|turn|11
|inactive|Megumin's Husband has 120 seconds left.
|
|t:|1760304743
|move|p1a: Pecharunt|Parting Shot|p2a: Slowking
|-unboost|p2a: Slowking|atk|1
|-unboost|p2a: Slowking|spa|1
|
|t:|1760304744
|switch|p1a: Heatran|Heatran, M, shiny|100/100 par|[from] Parting Shot
|-item|p1a: Heatran|Air Balloon
|move|p2a: Slowking|Thunder Wave|p1a: Heatran
|-fail|p1a: Heatran|par
|
|upkeep
|turn|12
|inactive|Mega$crafty has 120 seconds left.
|
|t:|1760304751
|switch|p1a: Chomusuke|Weavile, F|100/100
|-ability|p1a: Chomusuke|Pressure
|move|p2a: Slowking|Future Sight|p1a: Chomusuke
|-start|p2a: Slowking|move: Future Sight
|
|upkeep
|turn|13
|
|t:|1760304757
|switch|p2a: Ninetales|Ninetales-Alola, F|100/100
|-damage|p2a: Ninetales|76/100|[from] Stealth Rock
|-weather|Snowscape|[from] ability: Snow Warning|[of] p2a: Ninetales
|move|p1a: Chomusuke|Triple Axel|p2a: Ninetales
|-resisted|p2a: Ninetales
|-damage|p2a: Ninetales|70/100
|-resisted|p2a: Ninetales
|-damage|p2a: Ninetales|57/100
|-resisted|p2a: Ninetales
|-damage|p2a: Ninetales|38/100
|-hitcount|p2a: Ninetales|3
|
|-weather|Snowscape|[upkeep]
|upkeep
|turn|14
|
|t:|1760304767
|move|p1a: Chomusuke|Triple Axel|p2a: Ninetales
|-resisted|p2a: Ninetales
|-damage|p2a: Ninetales|32/100
|-resisted|p2a: Ninetales
|-damage|p2a: Ninetales|19/100
|-resisted|p2a: Ninetales
|-damage|p2a: Ninetales|1/100
|-hitcount|p2a: Ninetales|3
|move|p2a: Ninetales|Aurora Veil|p2a: Ninetales
|-sidestart|p2: Mega$crafty|move: Aurora Veil
|
|-weather|Snowscape|[upkeep]
|-end|p1a: Chomusuke|move: Future Sight
|-immune|p1a: Chomusuke
|upkeep
|turn|15
|
|t:|1760304778
|move|p1a: Chomusuke|Triple Axel|p2a: Ninetales
|-resisted|p2a: Ninetales
|-damage|p2a: Ninetales|0 fnt
|faint|p2a: Ninetales
|-hitcount|p2: Ninetales|1
|
|-weather|Snowscape|[upkeep]
|upkeep
|
|t:|1760304781
|switch|p2a: Kyurem|Kyurem|100/100
|-damage|p2a: Kyurem|76/100|[from] Stealth Rock
|-ability|p2a: Kyurem|Pressure
|turn|16
|
|t:|1760304787
|move|p1a: Chomusuke|Triple Axel|p2a: Kyurem
|-damage|p2a: Kyurem|71/100
|-damage|p2a: Kyurem|62/100
|-damage|p2a: Kyurem|47/100
|-hitcount|p2a: Kyurem|3
|move|p2a: Kyurem|Dragon Dance|p2a: Kyurem
|-boost|p2a: Kyurem|atk|1
|-boost|p2a: Kyurem|spe|1
|
|-weather|Snowscape|[upkeep]
|upkeep
|turn|17
|
|t:|1760304803
|move|p2a: Kyurem|Dragon Dance|p2a: Kyurem
|-boost|p2a: Kyurem|atk|1
|-boost|p2a: Kyurem|spe|1
|move|p1a: Chomusuke|Triple Axel|p2a: Kyurem
|-damage|p2a: Kyurem|42/100
|-damage|p2a: Kyurem|33/100
|-damage|p2a: Kyurem|19/100
|-hitcount|p2a: Kyurem|3
|
|-weather|none
|upkeep
|turn|18
|
|t:|1760304819
|switch|p1a: Great Tusk|Great Tusk|100/100
|move|p2a: Kyurem|Scale Shot|p1a: Great Tusk
|-damage|p1a: Great Tusk|82/100
|-damage|p1a: Great Tusk|63/100
|-damage|p1a: Great Tusk|44/100
|-damage|p1a: Great Tusk|26/100
|-damage|p1a: Great Tusk|7/100
|-hitcount|p1a: Great Tusk|5
|-unboost|p2a: Kyurem|def|1
|-boost|p2a: Kyurem|spe|1
|
|upkeep
|turn|19
|
|t:|1760304828
|move|p2a: Kyurem|Icicle Spear|p1a: Great Tusk
|-supereffective|p1a: Great Tusk
|-damage|p1a: Great Tusk|0 fnt
|faint|p1a: Great Tusk
|-end|p1a: Great Tusk|Protosynthesis|[silent]
|-hitcount|p1: Great Tusk|1
|
|upkeep
|
|t:|1760304831
|switch|p1a: Heatran|Heatran, M, shiny|100/100 par
|-item|p1a: Heatran|Air Balloon
|turn|20
|
|t:|1760304835
|-terastallize|p2a: Kyurem|Fire
|move|p2a: Kyurem|Tera Blast|p1a: Heatran|[anim] Tera Blast Fire
|-start|p1a: Heatran|ability: Flash Fire
|move|p1a: Heatran|Lava Plume|p2a: Kyurem
|-resisted|p2a: Kyurem
|-damage|p2a: Kyurem|6/100
|
|upkeep
|turn|21
|
|t:|1760304839
|move|p2a: Kyurem|Scale Shot|p1a: Heatran
|-resisted|p1a: Heatran
|-damage|p1a: Heatran|90/100 par
|-enditem|p1a: Heatran|Air Balloon
|-resisted|p1a: Heatran
|-damage|p1a: Heatran|78/100 par
|-resisted|p1a: Heatran
|-damage|p1a: Heatran|67/100 par
|-resisted|p1a: Heatran
|-damage|p1a: Heatran|56/100 par
|-hitcount|p1a: Heatran|4
|-unboost|p2a: Kyurem|def|1
|-boost|p2a: Kyurem|spe|1
|move|p1a: Heatran|Earth Power|p2a: Kyurem
|-supereffective|p2a: Kyurem
|-damage|p2a: Kyurem|0 fnt
|faint|p2a: Kyurem
|
|-sideend|p2: Mega$crafty|move: Aurora Veil
|upkeep
|
|t:|1760304853
|switch|p2a: Lapras|Lapras, F|100/100
|turn|22
|
|t:|1760304857
|move|p2a: Lapras|Hydro Pump|p1a: Heatran
|-supereffective|p1a: Heatran
|-damage|p1a: Heatran|17/100 par
|move|p1a: Heatran|Taunt|p2a: Lapras
|-start|p2a: Lapras|move: Taunt
|
|upkeep
|turn|23
|
|t:|1760304866
|move|p2a: Lapras|Hydro Pump|p1a: Heatran|[miss]
|-miss|p2a: Lapras|p1a: Heatran
|move|p1a: Heatran|Lava Plume|p2a: Lapras
|-damage|p2a: Lapras|64/100
|-status|p2a: Lapras|brn
|
|-damage|p2a: Lapras|58/100 brn|[from] brn
|upkeep
|turn|24
|
|t:|1760304872
|move|p2a: Lapras|Hydro Pump|p1a: Heatran
|-supereffective|p1a: Heatran
|-damage|p1a: Heatran|0 fnt
|faint|p1a: Heatran
|
|-damage|p2a: Lapras|52/100 brn|[from] brn
|upkeep
|
|t:|1760304882
|switch|p1a: Yamawaro|Ogerpon, F|100/100
|turn|25
|
|t:|1760304888
|move|p1a: Yamawaro|Knock Off|p2a: Lapras
|-damage|p2a: Lapras|22/100 brn
|-enditem|p2a: Lapras|Heavy-Duty Boots|[from] move: Knock Off|[of] p1a: Yamawaro
|move|p2a: Lapras|Freeze-Dry|p1a: Yamawaro
|-supereffective|p1a: Yamawaro
|-damage|p1a: Yamawaro|55/100
|
|-damage|p2a: Lapras|15/100 brn|[from] brn
|-end|p2a: Lapras|move: Taunt
|upkeep
|turn|26
|
|t:|1760304896
|switch|p2a: Slowking|Slowking-Galar, F|100/100
|move|p1a: Yamawaro|Knock Off|p2a: Slowking
|-supereffective|p2a: Slowking
|-damage|p2a: Slowking|4/100
|-enditem|p2a: Slowking|Heavy-Duty Boots|[from] move: Knock Off|[of] p1a: Yamawaro
|
|upkeep
|turn|27
|
|t:|1760304901
|move|p1a: Yamawaro|Knock Off|p2a: Slowking
|-supereffective|p2a: Slowking
|-damage|p2a: Slowking|0 fnt
|faint|p2a: Slowking
|
|upkeep
|
|t:|1760304903
|switch|p2a: Great Tusk|Great Tusk|77/100
|-damage|p2a: Great Tusk|74/100|[from] Stealth Rock
|turn|28
|
|t:|1760304909
|switch|p1a: Pecharunt|Pecharunt, tera:Ghost|96/100
|move|p2a: Great Tusk|Rapid Spin|p1a: Pecharunt
|-immune|p1a: Pecharunt
|
|upkeep
|turn|29
|
|t:|1760304913
|move|p2a: Great Tusk|Bulk Up|p2a: Great Tusk
|-boost|p2a: Great Tusk|atk|1
|-boost|p2a: Great Tusk|def|1
|move|p1a: Pecharunt|Malignant Chain|p2a: Great Tusk
|-resisted|p2a: Great Tusk
|-damage|p2a: Great Tusk|52/100
|-status|p2a: Great Tusk|tox
|-start|p2a: Great Tusk|confusion|[from] ability: Poison Puppeteer|[of] p1a: Pecharunt
|
|-damage|p2a: Great Tusk|46/100 tox|[from] psn
|upkeep
|turn|30
|
|t:|1760304917
|-activate|p2a: Great Tusk|confusion
|move|p2a: Great Tusk|Bulk Up|p2a: Great Tusk
|-boost|p2a: Great Tusk|atk|1
|-boost|p2a: Great Tusk|def|1
|move|p1a: Pecharunt|Shadow Ball|p2a: Great Tusk
|-damage|p2a: Great Tusk|0 fnt
|faint|p2a: Great Tusk
|-end|p2a: Great Tusk|Protosynthesis|[silent]
|
|upkeep
|
|t:|1760304922
|switch|p2a: Lapras|Lapras, F|15/100 brn
|-damage|p2a: Lapras|0 fnt|[from] Stealth Rock
|faint|p2a: Lapras
|
|win|Megumin's Husband
|raw|Megumin&apos;s Husband's rating: 1543 &rarr; <strong>1562</strong><br />(+19 for winning)
|raw|Mega$crafty's rating: 1520 &rarr; <strong>1501</strong><br />(-19 for losing)
|l|☆Mega$crafty
|player|p2|
|l|☆Megumin's Husband
|player|p1|
