|j|☆alchora
|j|☆Sneasel Squad 彡
|t:|1760340080
|gametype|singles
|player|p1|alchora|flannery|1079
|player|p2|Sneasel Squad 彡|silver|1201
|gen|9
|tier|[Gen 9] OU
|rated|
|rule|HP Percentage Mod: HP is shown in percentages
|rule|Endless Battle Clause: Forcing endless battles is banned
|rule|Species Clause: Limit one of each Pokémon
|rule|OHKO Clause: OHKO moves are banned
|rule|Evasion Items Clause: Evasion items are banned
|rule|Evasion Moves Clause: Evasion moves are banned
|rule|Evasion Abilities Clause: Evasion abilities are banned
|rule|Sleep Moves Clause: Sleep-inducing moves are banned
|clearpoke
|poke|p1|Scizor, M|
|poke|p1|Jolteon, M|
|poke|p1|Quaquaval, F|
|poke|p1|Hoopa-Unbound|
|poke|p1|Rotom-Wash|
|poke|p1|Azelf|
|poke|p2|Samurott-Hisui, M|
|poke|p2|Dragonite, M|
|poke|p2|Kingambit, M|
|poke|p2|Iron Moth|
|poke|p2|Iron Valiant|
|poke|p2|Moltres-Galar|
|teampreview
|inactive|Battle timer is ON: inactive players will automatically lose when time's up. (requested by Sneasel Squad 彡)
|
|t:|1760340093
|teamsize|p1|6
|teamsize|p2|6
|start
|switch|p1a: Azelf|Azelf|100/100
|switch|p2a: Moltres|Moltres-Galar|100/100
|turn|1
|
|t:|1760340107
|move|p1a: Azelf|Thunderbolt|p2a: Moltres
|-supereffective|p2a: Moltres
|-damage|p2a: Moltres|46/100
|-ability|p2a: Moltres|Berserk|boost
|-boost|p2a: Moltres|spa|1
|-enditem|p2a: Moltres|Sitrus Berry|[eat]
|-heal|p2a: Moltres|71/100|[from] item: Sitrus Berry
|move|p2a: Moltres|Agility|p2a: Moltres
|-boost|p2a: Moltres|spe|2
|
|upkeep
|turn|2
|
|t:|1760340118
|move|p2a: Moltres|Nasty Plot|p2a: Moltres
|-boost|p2a: Moltres|spa|2
|move|p1a: Azelf|Thunderbolt|p2a: Moltres
|-supereffective|p2a: Moltres
|-damage|p2a: Moltres|15/100
|-ability|p2a: Moltres|Berserk|boost
|-boost|p2a: Moltres|spa|1
|
|upkeep
|turn|3
|
|t:|1760340140
|move|p2a: Moltres|Fiery Wrath|p1a: Azelf
|-supereffective|p1a: Azelf
|-enditem|p1a: Azelf|Focus Sash
|-damage|p1a: Azelf|1/100
|move|p1a: Azelf|Flamethrower|p2a: Moltres
|-damage|p2a: Moltres|0 fnt
|faint|p2a: Moltres
|
|upkeep
|
|t:|1760340152
|switch|p2a: Dragonite|Dragonite, M|100/100
|turn|4
|
|t:|1760340165
|move|p1a: Azelf|Dazzling Gleam|p2a: Dragonite
|-supereffective|p2a: Dragonite
|-damage|p2a: Dragonite|71/100
|move|p2a: Dragonite|Dragon Dance|p2a: Dragonite
|-boost|p2a: Dragonite|atk|1
|-boost|p2a: Dragonite|spe|1
|
|upkeep
|turn|5
|
|t:|1760340173
|-terastallize|p2a: Dragonite|Normal
|move|p2a: Dragonite|Dragon Dance|p2a: Dragonite
|-boost|p2a: Dragonite|atk|1
|-boost|p2a: Dragonite|spe|1
|move|p1a: Azelf|Thunderbolt|p2a: Dragonite
|-damage|p2a: Dragonite|38/100
|
|upkeep
|turn|6
|
|t:|1760340183
|move|p2a: Dragonite|Extreme Speed|p1a: Azelf
|-damage|p1a: Azelf|0 fnt
|faint|p1a: Azelf
|
|upkeep
|
|t:|1760340207
|switch|p1a: Scizor|Scizor, M, shiny|100/100
|turn|7
|
|t:|1760340216
|move|p2a: Dragonite|Dragon Dance|p2a: Dragonite
|-boost|p2a: Dragonite|atk|1
|-boost|p2a: Dragonite|spe|1
|move|p1a: Scizor|Dual Wingbeat|p2a: Dragonite
|-damage|p2a: Dragonite|15/100
|-damage|p2a: Dragonite|0 fnt
|faint|p2a: Dragonite
|-hitcount|p2: Dragonite|2
|
|upkeep
|
|t:|1760340223
|switch|p2a: Iron Moth|Iron Moth|100/100
|-enditem|p2a: Iron Moth|Booster Energy
|-activate|p2a: Iron Moth|ability: Quark Drive|[fromitem]
|-start|p2a: Iron Moth|quarkdrivespe
|turn|8
|
|t:|1760340230
|switch|p1a: Rotom|Rotom-Wash|100/100
|move|p2a: Iron Moth|Fiery Dance|p1a: Rotom
|-resisted|p1a: Rotom
|-damage|p1a: Rotom|84/100
|-boost|p2a: Iron Moth|spa|1
|
|-heal|p1a: Rotom|91/100|[from] item: Leftovers
|upkeep
|turn|9
|
|t:|1760340237
|move|p1a: Rotom|Protect|p1a: Rotom
|-singleturn|p1a: Rotom|Protect
|move|p2a: Iron Moth|Sludge Wave|p1a: Rotom
|-activate|p1a: Rotom|move: Protect
|
|-heal|p1a: Rotom|97/100|[from] item: Leftovers
|upkeep
|turn|10
|
|t:|1760340244
|move|p2a: Iron Moth|Sludge Wave|p1a: Rotom
|-damage|p1a: Rotom|39/100
|move|p1a: Rotom|Hydro Pump|p2a: Iron Moth
|-supereffective|p2a: Iron Moth
|-damage|p2a: Iron Moth|10/100
|
|-heal|p1a: Rotom|46/100|[from] item: Leftovers
|upkeep
|turn|11
|
|t:|1760340254
|move|p1a: Rotom|Protect|p1a: Rotom
|-singleturn|p1a: Rotom|Protect
|move|p2a: Iron Moth|Sludge Wave|p1a: Rotom
|-activate|p1a: Rotom|move: Protect
|
|-heal|p1a: Rotom|52/100|[from] item: Leftovers
|upkeep
|turn|12
|
|t:|1760340263
|switch|p1a: Scizor|Scizor, M, shiny|100/100
|move|p2a: Iron Moth|Sludge Wave|p1a: Scizor
|-immune|p1a: Scizor
|
|upkeep
|turn|13
|
|t:|1760340278
|move|p1a: Scizor|Bullet Punch|p2a: Iron Moth
|-resisted|p2a: Iron Moth
|-damage|p2a: Iron Moth|0 fnt
|faint|p2a: Iron Moth
|-end|p2a: Iron Moth|Quark Drive|[silent]
|
|upkeep
|
|t:|1760340285
|switch|p2a: Samurott|Samurott-Hisui, M|100/100
|turn|14
|
|t:|1760340294
|move|p2a: Samurott|Ceaseless Edge|p1a: Scizor
|-damage|p1a: Scizor|52/100
|-sidestart|p1: alchora|Spikes
|move|p1a: Scizor|Trailblaze|p2a: Samurott
|-supereffective|p2a: Samurott
|-damage|p2a: Samurott|29/100
|-boost|p1a: Scizor|spe|1
|
|upkeep
|turn|15
|l|☆Sneasel Squad 彡
|inactive|Sneasel Squad 彡 disconnected and has a minute to reconnect!
|player|p2|
|j|☆Sneasel Squad 彡
|inactive|Sneasel Squad 彡 reconnected and has 110 seconds left.
|player|p2|Sneasel Squad 彡|silver|
|
|t:|1760340342
|move|p2a: Samurott|Sucker Punch|p1a: Scizor
|-damage|p1a: Scizor|16/100
|move|p1a: Scizor|Trailblaze|p2a: Samurott
|-supereffective|p2a: Samurott
|-damage|p2a: Samurott|0 fnt
|-boost|p1a: Scizor|spe|1
|faint|p2a: Samurott
|
|upkeep
|
|t:|1760340345
|switch|p2a: Kingambit|Kingambit, M|100/100
|-activate|p2a: Kingambit|ability: Supreme Overlord
|-start|p2a: Kingambit|fallen4|[silent]
|-item|p2a: Kingambit|Air Balloon
|turn|16
|l|☆alchora
|inactive|alchora disconnected and has a minute to reconnect!
|player|p1|
|inactive|alchora has 30 seconds to reconnect!
|inactive|alchora has 20 seconds to reconnect!
|inactive|alchora has 15 seconds to reconnect!
|inactive|alchora has 10 seconds to reconnect!
|j|☆alchora
|inactive|alchora reconnected and has 90 seconds left.
|player|p1|alchora|flannery|
|
|t:|1760340415
|move|p1a: Scizor|U-turn|p2a: Kingambit
|-crit|p2a: Kingambit
|-damage|p2a: Kingambit|56/100
|-enditem|p2a: Kingambit|Air Balloon
|
|t:|1760340424
|switch|p1a: Rotom|Rotom-Wash|52/100|[from] U-turn
|move|p2a: Kingambit|Swords Dance|p2a: Kingambit
|-boost|p2a: Kingambit|atk|2
|
|-heal|p1a: Rotom|58/100|[from] item: Leftovers
|upkeep
|turn|17
|
|t:|1760340431
|move|p1a: Rotom|Will-O-Wisp|p2a: Kingambit
|-status|p2a: Kingambit|brn
|move|p2a: Kingambit|Swords Dance|p2a: Kingambit
|-boost|p2a: Kingambit|atk|2
|
|-heal|p1a: Rotom|64/100|[from] item: Leftovers
|-damage|p2a: Kingambit|50/100 brn|[from] brn
|upkeep
|turn|18
|inactive|alchora has 90 seconds left.
|
|t:|1760340439
|move|p2a: Kingambit|Sucker Punch|p1a: Rotom
|-damage|p1a: Rotom|0 fnt
|faint|p1a: Rotom
|
|-damage|p2a: Kingambit|44/100 brn|[from] brn
|upkeep
|inactive|alchora has 90 seconds left.
|
|t:|1760340450
|switch|p1a: Scizor|Scizor, M, shiny|16/100
|-damage|p1a: Scizor|4/100|[from] Spikes
|turn|19
|
|t:|1760340458
|move|p1a: Scizor|Bullet Punch|p2a: Kingambit
|-resisted|p2a: Kingambit
|-damage|p2a: Kingambit|31/100 brn
|move|p2a: Kingambit|Iron Head|p1a: Scizor
|-resisted|p1a: Scizor
|-damage|p1a: Scizor|0 fnt
|faint|p1a: Scizor
|
|-damage|p2a: Kingambit|25/100 brn|[from] brn
|upkeep
|inactive|alchora has 90 seconds left.
|
|t:|1760340472
|switch|p1a: Jolteon|Jolteon, M|100/100
|-damage|p1a: Jolteon|88/100|[from] Spikes
|turn|20
|
|t:|1760340477
|move|p1a: Jolteon|Protect|p1a: Jolteon
|-singleturn|p1a: Jolteon|Protect
|move|p2a: Kingambit|Sucker Punch||[still]
|-fail|p2a: Kingambit
|
|-damage|p2a: Kingambit|19/100 brn|[from] brn
|-status|p1a: Jolteon|brn|[from] item: Flame Orb
|upkeep
|turn|21
|
|t:|1760340490
|move|p1a: Jolteon|Protect||[still]
|-fail|p1a: Jolteon
|move|p2a: Kingambit|Sucker Punch||[still]
|-fail|p2a: Kingambit
|
|-damage|p1a: Jolteon|82/100 brn|[from] brn
|-damage|p2a: Kingambit|13/100 brn|[from] brn
|upkeep
|turn|22
|
|t:|1760340504
|move|p1a: Jolteon|Protect|p1a: Jolteon
|-singleturn|p1a: Jolteon|Protect
|move|p2a: Kingambit|Swords Dance|p2a: Kingambit
|-boost|p2a: Kingambit|atk|2
|
|-damage|p1a: Jolteon|77/100 brn|[from] brn
|-damage|p2a: Kingambit|7/100 brn|[from] brn
|upkeep
|turn|23
|
|t:|1760340515
|move|p1a: Jolteon|Protect||[still]
|-fail|p1a: Jolteon
|move|p2a: Kingambit|Iron Head|p1a: Jolteon
|-resisted|p1a: Jolteon
|-damage|p1a: Jolteon|0 fnt
|faint|p1a: Jolteon
|
|-damage|p2a: Kingambit|1/100 brn|[from] brn
|upkeep
|inactive|alchora has 90 seconds left.
|
|t:|1760340546
|switch|p1a: Hoopa|Hoopa-Unbound|100/100
|-damage|p1a: Hoopa|88/100|[from] Spikes
|turn|24
|
|t:|1760340550
|move|p2a: Kingambit|Sucker Punch||[still]
|-fail|p2a: Kingambit
|move|p1a: Hoopa|Thunder Wave|p2a: Kingambit|[miss]
|-miss|p1a: Hoopa|p2a: Kingambit
|
|-damage|p2a: Kingambit|0 fnt|[from] brn
|faint|p2a: Kingambit
|-end|p2a: Kingambit|fallen4|[silent]
|upkeep
|
|t:|1760340562
|switch|p2a: Iron Valiant|Iron Valiant|100/100
|-enditem|p2a: Iron Valiant|Booster Energy
|-activate|p2a: Iron Valiant|ability: Quark Drive|[fromitem]
|-start|p2a: Iron Valiant|quarkdrivespe
|turn|25
|-message|Sneasel Squad 彡 forfeited.
|
|win|alchora
|raw|alchora's rating: 1079 &rarr; <strong>1117</strong><br />(+38 for winning)
|raw|Sneasel Squad 彡's rating: 1201 &rarr; <strong>1168</strong><br />(-33 for losing)
|l|☆Sneasel Squad 彡
|player|p2|
|l|☆alchora
|player|p1|
