|j|☆ensyde
|j|☆Mreda
|t:|1760451380
|gametype|singles
|player|p1|ensyde|burglar|1355
|player|p2|Mreda|102|1392
|gen|9
|tier|[Gen 9] OU
|rated|
|rule|HP Percentage Mod: HP is shown in percentages
|rule|Endless Battle Clause: Forcing endless battles is banned
|rule|Species Clause: Limit one of each Pokémon
|rule|OHKO Clause: OHKO moves are banned
|rule|Evasion Items Clause: Evasion items are banned
|rule|Evasion Moves Clause: Evasion moves are banned
|rule|Evasion Abilities Clause: Evasion abilities are banned
|rule|Sleep Moves Clause: Sleep-inducing moves are banned
|clearpoke
|poke|p1|Ting-Lu|
|poke|p1|Glimmora, M|
|poke|p1|Dragonite, M|
|poke|p1|Iron Moth|
|poke|p1|Zamazenta-*|
|poke|p1|Scizor, M|
|poke|p2|Moltres|
|poke|p2|Zamazenta-*|
|poke|p2|Corviknight, M|
|poke|p2|Garchomp, M|
|poke|p2|Clodsire, M|
|poke|p2|Kingambit, M|
|teampreview
|inactive|Battle timer is ON: inactive players will automatically lose when time's up. (requested by ensyde)
|
|t:|1760451387
|teamsize|p1|6
|teamsize|p2|6
|start
|switch|p1a: envy|Scizor, M, shiny|100/100
|switch|p2a: Megalodon|Garchomp, M|100/100
|turn|1
|
|t:|1760451394
|switch|p2a: Marco|Moltres|100/100
|move|p1a: envy|Swords Dance|p1a: envy
|-boost|p1a: envy|atk|2
|
|upkeep
|turn|2
|
|t:|1760451401
|switch|p1a: litter|Glimmora, M, shiny|100/100
|move|p2a: Marco|Flamethrower|p1a: litter
|-resisted|p1a: litter
|-damage|p1a: litter|78/100
|
|upkeep
|turn|3
|
|t:|1760451409
|switch|p2a: Megalodon|Garchomp, M|100/100
|move|p1a: litter|Earth Power|p2a: Megalodon
|-damage|p2a: Megalodon|69/100
|-unboost|p2a: Megalodon|spd|1
|
|upkeep
|turn|4
|
|t:|1760451421
|move|p2a: Megalodon|Scale Shot|p1a: litter
|-damage|p1a: litter|61/100
|-activate|p1a: litter|ability: Toxic Debris
|-sidestart|p2: Mreda|move: Toxic Spikes
|-damage|p1a: litter|45/100
|-activate|p1a: litter|ability: Toxic Debris
|-sidestart|p2: Mreda|move: Toxic Spikes
|-damage|p1a: litter|28/100
|-crit|p1a: litter
|-damage|p1a: litter|6/100
|-damage|p1a: litter|0 fnt
|faint|p1a: litter
|-hitcount|p1: litter|5
|-unboost|p2a: Megalodon|def|1
|-boost|p2a: Megalodon|spe|1
|
|upkeep
|
|t:|1760451430
|switch|p1a: wrath|Iron Moth, shiny|100/100
|-enditem|p1a: wrath|Booster Energy
|-activate|p1a: wrath|ability: Quark Drive|[fromitem]
|-start|p1a: wrath|quarkdrivespe
|turn|5
|
|t:|1760451440
|switch|p2a: Jogäider|Clodsire, M|100/100
|-sideend|p2: Mreda|move: Toxic Spikes|[of] p2a: Jogäider
|move|p1a: wrath|Dazzling Gleam|p2a: Jogäider
|-resisted|p2a: Jogäider
|-damage|p2a: Jogäider|94/100
|
|-heal|p2a: Jogäider|99/100|[from] item: Leftovers
|upkeep
|turn|6
|
|t:|1760451450
|-end|p1a: wrath|Quark Drive|[silent]
|switch|p1a: kindness|Dragonite, M, shiny|100/100
|move|p2a: Jogäider|Earthquake|p1a: kindness
|-immune|p1a: kindness
|
|-heal|p2a: Jogäider|100/100|[from] item: Leftovers
|upkeep
|turn|7
|-message|ensyde forfeited.
|
|win|Mreda
|raw|ensyde's rating: 1355 &rarr; <strong>1337</strong><br />(-18 for losing)
|raw|Mreda's rating: 1392 &rarr; <strong>1410</strong><br />(+18 for winning)
|c|☆ensyde|shit not fun
|c|☆Mreda|What
|l|☆ensyde
|player|p1|
