|j|☆spoons_R_bent
|j|☆gsgah
|t:|1760342833
|gametype|singles
|player|p1|spoons_R_bent|clerkf|1090
|player|p2|gsgah|102|1073
|gen|9
|tier|[Gen 9] OU
|rated|
|rule|HP Percentage Mod: HP is shown in percentages
|rule|Endless Battle Clause: Forcing endless battles is banned
|rule|Species Clause: Limit one of each Pokémon
|rule|OHKO Clause: OHKO moves are banned
|rule|Evasion Items Clause: Evasion items are banned
|rule|Evasion Moves Clause: Evasion moves are banned
|rule|Evasion Abilities Clause: Evasion abilities are banned
|rule|Sleep Moves Clause: Sleep-inducing moves are banned
|clearpoke
|poke|p1|Ninetales, F|
|poke|p1|Rillaboom, F|
|poke|p1|Leavanny, M|
|poke|p1|Lilligant-Hisui, F|
|poke|p1|Cinderace, M|
|poke|p1|Skeledirge, M|
|poke|p2|Samurott-Hisui, F|
|poke|p2|Zapdos|
|poke|p2|Iron Treads|
|poke|p2|Salamence, F|
|poke|p2|Hariyama, M|
|poke|p2|Alomomola, F|
|teampreview
|inactive|Battle timer is ON: inactive players will automatically lose when time's up. (requested by spoons_R_bent)
|
|t:|1760342855
|teamsize|p1|6
|teamsize|p2|6
|start
|switch|p1a: Rillaboom|Rillaboom, F|100/100
|switch|p2a: Zapdos|Zapdos|100/100
|-fieldstart|move: Grassy Terrain|[from] ability: Grassy Surge|[of] p1a: Rillaboom
|turn|1
|inactive|spoons_R_bent has 120 seconds left.
|
|t:|1760342888
|switch|p1a: Ninetales|Ninetales, F|100/100
|-weather|SunnyDay|[from] ability: Drought|[of] p1a: Ninetales
|move|p2a: Zapdos|U-turn|p1a: Ninetales
|-resisted|p1a: Ninetales
|-damage|p1a: Ninetales|91/100
|
|t:|1760342896
|switch|p2a: Samurott|Samurott-Hisui, F|100/100|[from] U-turn
|
|-weather|SunnyDay|[upkeep]
|-heal|p1a: Ninetales|97/100|[from] Grassy Terrain
|upkeep
|turn|2
|
|t:|1760342912
|switch|p1a: Rillaboom|Rillaboom, F|100/100
|move|p2a: Samurott|Aqua Cutter|p1a: Rillaboom
|-resisted|p1a: Rillaboom
|-damage|p1a: Rillaboom|89/100
|
|-weather|SunnyDay|[upkeep]
|-heal|p1a: Rillaboom|95/100|[from] Grassy Terrain
|upkeep
|turn|3
|inactive|spoons_R_bent has 120 seconds left.
|
|t:|1760342928
|switch|p2a: Salamence|Salamence, F|100/100
|-ability|p2a: Salamence|Intimidate|boost
|-unboost|p1a: Rillaboom|atk|1
|move|p1a: Rillaboom|Wood Hammer|p2a: Salamence
|-resisted|p2a: Salamence
|-damage|p2a: Salamence|84/100
|-damage|p1a: Rillaboom|90/100|[from] Recoil
|
|-weather|SunnyDay|[upkeep]
|-heal|p1a: Rillaboom|97/100|[from] Grassy Terrain
|upkeep
|turn|4
|inactive|spoons_R_bent has 120 seconds left.
|
|t:|1760342957
|switch|p1a: Cinderace|Cinderace, M|100/100
|move|p2a: Salamence|Dragon Dance|p2a: Salamence
|-boost|p2a: Salamence|atk|1
|-boost|p2a: Salamence|spe|1
|
|-weather|SunnyDay|[upkeep]
|upkeep
|turn|5
|
|t:|1760342967
|move|p2a: Salamence|Outrage|p1a: Cinderace
|-damage|p1a: Cinderace|0 fnt
|faint|p1a: Cinderace
|-damage|p2a: Salamence|74/100|[from] item: Life Orb
|
|-weather|SunnyDay|[upkeep]
|upkeep
|
|t:|1760342974
|switch|p1a: Leavanny|Leavanny, M|100/100
|turn|6
|
|t:|1760342978
|move|p1a: Leavanny|Triple Axel|p2a: Salamence
|-supereffective|p2a: Salamence
|-damage|p2a: Salamence|48/100
|-supereffective|p2a: Salamence
|-damage|p2a: Salamence|0 fnt
|faint|p2a: Salamence
|-hitcount|p2: Salamence|2
|
|-weather|SunnyDay|[upkeep]
|upkeep
|
|t:|1760342998
|switch|p2a: Hariyama|Hariyama, M|100/100
|turn|7
|
|t:|1760343014
|move|p1a: Leavanny|Leaf Storm|p2a: Hariyama
|-damage|p2a: Hariyama|30/100
|-unboost|p1a: Leavanny|spa|2
|-enditem|p1a: Leavanny|Eject Pack
|
|t:|1760343019
|switch|p1a: Skeledirge|Skeledirge, M|100/100
|move|p2a: Hariyama|Close Combat|p1a: Skeledirge
|-immune|p1a: Skeledirge
|
|-weather|SunnyDay|[upkeep]
|-heal|p2a: Hariyama|36/100|[from] Grassy Terrain
|-status|p2a: Hariyama|brn|[from] item: Flame Orb
|upkeep
|turn|8
|
|t:|1760343046
|switch|p2a: Zapdos|Zapdos|100/100
|move|p1a: Skeledirge|Torch Song|p2a: Zapdos
|-damage|p2a: Zapdos|70/100
|-boost|p1a: Skeledirge|spa|1
|
|-weather|none
|-fieldend|move: Grassy Terrain
|upkeep
|turn|9
|
|t:|1760343060
|switch|p1a: Rillaboom|Rillaboom, F|97/100
|-fieldstart|move: Grassy Terrain|[from] ability: Grassy Surge|[of] p1a: Rillaboom
|move|p2a: Zapdos|Thunderbolt|p1a: Rillaboom
|-resisted|p1a: Rillaboom
|-damage|p1a: Rillaboom|77/100
|
|-heal|p1a: Rillaboom|83/100|[from] Grassy Terrain
|upkeep
|turn|10
|
|t:|1760343071
|move|p2a: Zapdos|U-turn|p1a: Rillaboom
|-supereffective|p1a: Rillaboom
|-damage|p1a: Rillaboom|59/100
|inactive|gsgah has 120 seconds left.
|
|t:|1760343083
|switch|p2a: Hariyama|Hariyama, M|36/100 brn|[from] U-turn
|move|p1a: Rillaboom|Drain Punch|p2a: Hariyama
|-damage|p2a: Hariyama|10/100 brn
|-heal|p1a: Rillaboom|75/100|[from] drain|[of] p2a: Hariyama
|
|-heal|p1a: Rillaboom|81/100|[from] Grassy Terrain
|-heal|p2a: Hariyama|16/100 brn|[from] Grassy Terrain
|-damage|p2a: Hariyama|10/100 brn|[from] brn
|upkeep
|turn|11
|inactive|gsgah has 120 seconds left.
|
|t:|1760343097
|move|p1a: Rillaboom|Grassy Glide|p2a: Hariyama
|-crit|p2a: Hariyama
|-damage|p2a: Hariyama|0 fnt
|faint|p2a: Hariyama
|
|-heal|p1a: Rillaboom|87/100|[from] Grassy Terrain
|upkeep
|inactive|gsgah has 120 seconds left.
|
|t:|1760343108
|switch|p2a: Samurott|Samurott-Hisui, F|100/100
|turn|12
|
|t:|1760343113
|move|p1a: Rillaboom|Grassy Glide|p2a: Samurott
|-supereffective|p2a: Samurott
|-damage|p2a: Samurott|10/100
|move|p2a: Samurott|X-Scissor|p1a: Rillaboom
|-supereffective|p1a: Rillaboom
|-damage|p1a: Rillaboom|25/100
|
|-heal|p2a: Samurott|17/100|[from] Grassy Terrain
|-heal|p1a: Rillaboom|31/100|[from] Grassy Terrain
|upkeep
|turn|13
|
|t:|1760343126
|move|p1a: Rillaboom|Grassy Glide|p2a: Samurott
|-supereffective|p2a: Samurott
|-damage|p2a: Samurott|0 fnt
|faint|p2a: Samurott
|
|-heal|p1a: Rillaboom|37/100|[from] Grassy Terrain
|upkeep
|
|t:|1760343136
|switch|p2a: Zapdos|Zapdos|70/100
|turn|14
|
|t:|1760343143
|switch|p1a: Lilligant|Lilligant-Hisui, F|100/100
|move|p2a: Zapdos|U-turn|p1a: Lilligant
|-damage|p1a: Lilligant|86/100
|
|t:|1760343149
|switch|p2a: Iron Treads|Iron Treads|100/100|[from] U-turn
|
|-heal|p1a: Lilligant|92/100|[from] Grassy Terrain
|upkeep
|turn|15
|-message|gsgah forfeited.
|
|win|spoons_R_bent
|raw|spoons_R_bent's rating: 1090 &rarr; <strong>1115</strong><br />(+25 for winning)
|raw|gsgah's rating: 1073 &rarr; <strong>1053</strong><br />(-20 for losing)
|l|☆gsgah
|player|p2|
|l|☆spoons_R_bent
|player|p1|
