|j|☆Kickerich
|j|‽zippitytippity
|t:|1760439926
|gametype|singles
|player|p1|Kickerich|rocketgrunt|1500
|player|p2|zippitytippity|cynthia-masters3|1535
|gen|9
|tier|[Gen 9] OU
|rated|
|rule|HP Percentage Mod: HP is shown in percentages
|rule|Endless Battle Clause: Forcing endless battles is banned
|rule|Species Clause: Limit one of each Pokémon
|rule|OHKO Clause: OHKO moves are banned
|rule|Evasion Items Clause: Evasion items are banned
|rule|Evasion Moves Clause: Evasion moves are banned
|rule|Evasion Abilities Clause: Evasion abilities are banned
|rule|Sleep Moves Clause: Sleep-inducing moves are banned
|clearpoke
|poke|p1|Scizor, F|
|poke|p1|Garganacl, M|
|poke|p1|Raging Bolt|
|poke|p1|Great Tusk|
|poke|p1|Toxapex, F|
|poke|p1|Sinistcha|
|poke|p2|Ursaluna, M|
|poke|p2|Cresselia, F|
|poke|p2|Iron Valiant|
|poke|p2|Hatterene, F|
|poke|p2|Keldeo-Resolute|
|poke|p2|Ogerpon, F|
|teampreview
|
|t:|1760439952
|teamsize|p1|6
|teamsize|p2|6
|start
|switch|p1a: Scizor|Scizor, F|100/100
|switch|p2a: Cresselia|Cresselia, F, shiny|100/100
|turn|1
|
|t:|1760439957
|move|p1a: Scizor|Knock Off|p2a: Cresselia
|-supereffective|p2a: Cresselia
|-damage|p2a: Cresselia|38/100
|-damage|p1a: Scizor|84/100|[from] item: Rocky Helmet|[of] p2a: Cresselia
|-enditem|p2a: Cresselia|Rocky Helmet|[from] move: Knock Off|[of] p1a: Scizor
|move|p2a: Cresselia|Trick Room|p2a: Cresselia
|-fieldstart|move: Trick Room|[of] p2a: Cresselia
|
|upkeep
|turn|2
|inactive|Battle timer is ON: inactive players will automatically lose when time's up. (requested by zippitytippity)
|
|t:|1760439965
|move|p2a: Cresselia|Lunar Dance|p2a: Cresselia
|faint|p2a: Cresselia
|move|p1a: Scizor|Knock Off|p2: Cresselia|[notarget]
|-fail|p1a: Scizor
|
|upkeep
|
|t:|1760439969
|switch|p2a: Ursaluna|Ursaluna, M, shiny|100/100
|turn|3
|
|t:|1760439974
|switch|p1a: Sinistcha|Sinistcha|100/100
|move|p2a: Ursaluna|Fire Punch|p1a: Sinistcha
|-supereffective|p1a: Sinistcha
|-damage|p1a: Sinistcha|79/100
|-status|p1a: Sinistcha|brn
|
|-damage|p1a: Sinistcha|76/100 brn|[from] brn
|-status|p2a: Ursaluna|brn|[from] item: Flame Orb
|upkeep
|turn|4
|
|t:|1760439979
|move|p2a: Ursaluna|Ice Punch|p1a: Sinistcha
|-supereffective|p1a: Sinistcha
|-damage|p1a: Sinistcha|11/100 brn
|move|p1a: Sinistcha|Strength Sap|p2a: Ursaluna
|-unboost|p2a: Ursaluna|atk|1
|-heal|p1a: Sinistcha|100/100 brn
|
|-damage|p2a: Ursaluna|94/100 brn|[from] brn
|-damage|p1a: Sinistcha|98/100 brn|[from] brn
|upkeep
|turn|5
|
|t:|1760439985
|switch|p2a: Ogerpon|Ogerpon, F|100/100
|move|p1a: Sinistcha|Matcha Gotcha|p2a: Ogerpon
|-resisted|p2a: Ogerpon
|-damage|p2a: Ogerpon|83/100
|-heal|p1a: Sinistcha|100/100 brn|[from] drain|[of] p2a: Ogerpon
|
|-damage|p1a: Sinistcha|98/100 brn|[from] brn
|-fieldend|move: Trick Room
|upkeep
|turn|6
|
|t:|1760439990
|switch|p1a: Toxapex|Toxapex, F|100/100
|move|p2a: Ogerpon|Knock Off|p1a: Toxapex
|-damage|p1a: Toxapex|64/100
|-damage|p2a: Ogerpon|67/100|[from] item: Rocky Helmet|[of] p1a: Toxapex
|-enditem|p1a: Toxapex|Rocky Helmet|[from] move: Knock Off|[of] p2a: Ogerpon
|
|upkeep
|turn|7
|
|t:|1760439998
|switch|p2a: Ursaluna|Ursaluna, M, shiny|94/100 brn
|-heal|p2a: Ursaluna|100/100|[from] move: Lunar Dance
|move|p1a: Toxapex|Infestation|p2a: Ursaluna
|-damage|p2a: Ursaluna|98/100
|-activate|p2a: Ursaluna|move: Infestation|[of] p1a: Toxapex
|
|-damage|p2a: Ursaluna|86/100|[from] move: Infestation|[partiallytrapped]
|-status|p2a: Ursaluna|brn|[from] item: Flame Orb
|upkeep
|turn|8
|
|t:|1760440006
|move|p1a: Toxapex|Baneful Bunker|p1a: Toxapex
|-singleturn|p1a: Toxapex|move: Protect
|move|p2a: Ursaluna|Headlong Rush|p1a: Toxapex
|-activate|p1a: Toxapex|move: Protect
|
|-damage|p2a: Ursaluna|80/100 brn|[from] brn
|-damage|p2a: Ursaluna|67/100 brn|[from] move: Infestation|[partiallytrapped]
|upkeep
|turn|9
|
|t:|1760440009
|switch|p1a: Sinistcha|Sinistcha|98/100 brn
|move|p2a: Ursaluna|Headlong Rush|p1a: Sinistcha
|-resisted|p1a: Sinistcha
|-crit|p1a: Sinistcha
|-damage|p1a: Sinistcha|40/100 brn
|-unboost|p2a: Ursaluna|def|1
|-unboost|p2a: Ursaluna|spd|1
|
|-damage|p1a: Sinistcha|37/100 brn|[from] brn
|-damage|p2a: Ursaluna|61/100 brn|[from] brn
|-end|p2a: Ursaluna|Infestation|[partiallytrapped]|[silent]
|upkeep
|turn|10
|
|t:|1760440012
|switch|p2a: Ogerpon|Ogerpon, F|67/100
|move|p1a: Sinistcha|Matcha Gotcha|p2a: Ogerpon
|-resisted|p2a: Ogerpon
|-damage|p2a: Ogerpon|46/100
|-heal|p1a: Sinistcha|46/100 brn|[from] drain|[of] p2a: Ogerpon
|
|-damage|p1a: Sinistcha|44/100 brn|[from] brn
|upkeep
|turn|11
|
|t:|1760440016
|switch|p1a: Toxapex|Toxapex, F|97/100
|move|p2a: Ogerpon|Knock Off|p1a: Toxapex
|-damage|p1a: Toxapex|71/100
|
|upkeep
|turn|12
|
|t:|1760440020
|switch|p2a: Hatterene|Hatterene, F, shiny|100/100
|move|p1a: Toxapex|Infestation|p2a: Hatterene
|-damage|p2a: Hatterene|97/100
|-activate|p2a: Hatterene|move: Infestation|[of] p1a: Toxapex
|
|-damage|p2a: Hatterene|85/100|[from] move: Infestation|[partiallytrapped]
|upkeep
|turn|13
|
|t:|1760440024
|switch|p1a: Scizor|Scizor, F|84/100
|move|p2a: Hatterene|Psychic Noise|p1a: Scizor
|-resisted|p1a: Scizor
|-damage|p1a: Scizor|57/100
|-start|p1a: Scizor|move: Heal Block
|
|-end|p2a: Hatterene|Infestation|[partiallytrapped]|[silent]
|upkeep
|turn|14
|
|t:|1760440028
|switch|p2a: Keldeo|Keldeo-Resolute|100/100
|move|p1a: Scizor|U-turn|p2a: Keldeo
|-resisted|p2a: Keldeo
|-damage|p2a: Keldeo|64/100
|
|t:|1760440030
|switch|p1a: Raging Bolt|Raging Bolt|100/100|[from] U-turn
|-enditem|p1a: Raging Bolt|Booster Energy
|-activate|p1a: Raging Bolt|ability: Protosynthesis|[fromitem]
|-start|p1a: Raging Bolt|protosynthesisspa
|
|upkeep
|turn|15
|
|t:|1760440036
|switch|p2a: Hatterene|Hatterene, F, shiny|85/100
|move|p1a: Raging Bolt|Dragon Pulse|p2a: Hatterene
|-immune|p2a: Hatterene
|
|upkeep
|turn|16
|
|t:|1760440041
|move|p1a: Raging Bolt|Thunderbolt|p2a: Hatterene
|-damage|p2a: Hatterene|18/100
|move|p2a: Hatterene|Trick Room|p2a: Hatterene
|-fieldstart|move: Trick Room|[of] p2a: Hatterene
|
|upkeep
|turn|17
|
|t:|1760440045
|move|p2a: Hatterene|Healing Wish|p2a: Hatterene
|faint|p2a: Hatterene
|move|p1a: Raging Bolt|Calm Mind|p1a: Raging Bolt
|-boost|p1a: Raging Bolt|spa|1
|-boost|p1a: Raging Bolt|spd|1
|
|upkeep
|
|t:|1760440047
|switch|p2a: Ursaluna|Ursaluna, M, shiny|61/100 brn
|-heal|p2a: Ursaluna|100/100|[from] move: Healing Wish
|turn|18
|
|t:|1760440056
|-terastallize|p1a: Raging Bolt|Fairy
|move|p2a: Ursaluna|Facade|p1a: Raging Bolt
|-damage|p1a: Raging Bolt|64/100
|move|p1a: Raging Bolt|Dragon Pulse|p2a: Ursaluna
|-damage|p2a: Ursaluna|12/100
|
|-status|p2a: Ursaluna|brn|[from] item: Flame Orb
|upkeep
|turn|19
|
|t:|1760440067
|-terastallize|p2a: Ursaluna|Normal
|move|p2a: Ursaluna|Facade|p1a: Raging Bolt
|-damage|p1a: Raging Bolt|0 fnt
|faint|p1a: Raging Bolt
|-end|p1a: Raging Bolt|Protosynthesis|[silent]
|
|-damage|p2a: Ursaluna|5/100 brn|[from] brn
|upkeep
|
|t:|1760440069
|switch|p1a: Scizor|Scizor, F|57/100
|turn|20
|
|t:|1760440072
|switch|p2a: Keldeo|Keldeo-Resolute|64/100
|move|p1a: Scizor|Bullet Punch|p2a: Keldeo
|-resisted|p2a: Keldeo
|-damage|p2a: Keldeo|36/100
|
|-fieldend|move: Trick Room
|upkeep
|turn|21
|
|t:|1760440077
|switch|p1a: Toxapex|Toxapex, F|100/100
|move|p2a: Keldeo|Flip Turn|p1a: Toxapex
|-resisted|p1a: Toxapex
|-damage|p1a: Toxapex|95/100
|
|t:|1760440084
|switch|p2a: Ogerpon|Ogerpon, F|46/100|[from] Flip Turn
|
|upkeep
|turn|22
|
|t:|1760440087
|move|p2a: Ogerpon|Ivy Cudgel|p1a: Toxapex
|-crit|p1a: Toxapex
|-damage|p1a: Toxapex|1/100
|move|p1a: Toxapex|Infestation|p2a: Ogerpon
|-supereffective|p2a: Ogerpon
|-damage|p2a: Ogerpon|40/100
|-activate|p2a: Ogerpon|move: Infestation|[of] p1a: Toxapex
|
|-damage|p2a: Ogerpon|27/100|[from] move: Infestation|[partiallytrapped]
|upkeep
|turn|23
|
|t:|1760440090
|move|p1a: Toxapex|Baneful Bunker|p1a: Toxapex
|-singleturn|p1a: Toxapex|move: Protect
|move|p2a: Ogerpon|Ivy Cudgel|p1a: Toxapex
|-activate|p1a: Toxapex|move: Protect
|
|-damage|p2a: Ogerpon|15/100|[from] move: Infestation|[partiallytrapped]
|upkeep
|turn|24
|
|t:|1760440094
|switch|p1a: Sinistcha|Sinistcha|44/100 brn
|move|p2a: Ogerpon|Ivy Cudgel|p1a: Sinistcha
|-resisted|p1a: Sinistcha
|-damage|p1a: Sinistcha|17/100 brn
|
|-damage|p1a: Sinistcha|14/100 brn|[from] brn
|-end|p2a: Ogerpon|Infestation|[partiallytrapped]|[silent]
|upkeep
|turn|25
|
|t:|1760440096
|move|p2a: Ogerpon|Ivy Cudgel|p1a: Sinistcha
|-resisted|p1a: Sinistcha
|-damage|p1a: Sinistcha|0 fnt
|faint|p1a: Sinistcha
|
|upkeep
|
|t:|1760440098
|switch|p1a: Scizor|Scizor, F|57/100
|turn|26
|
|t:|1760440101
|switch|p2a: Ursaluna|Ursaluna, M, shiny, tera:Normal|5/100 brn
|move|p1a: Scizor|Bullet Punch|p2a: Ursaluna
|-damage|p2a: Ursaluna|0 fnt
|faint|p2a: Ursaluna
|
|upkeep
|
|t:|1760440104
|switch|p2a: Keldeo|Keldeo-Resolute|36/100
|turn|27
|
|t:|1760440107
|switch|p1a: Toxapex|Toxapex, F|34/100
|move|p2a: Keldeo|Surf|p1a: Toxapex
|-resisted|p1a: Toxapex
|-damage|p1a: Toxapex|11/100
|
|upkeep
|turn|28
|
|t:|1760440113
|move|p2a: Keldeo|Surf|p1a: Toxapex
|-resisted|p1a: Toxapex
|-damage|p1a: Toxapex|0 fnt
|faint|p1a: Toxapex
|
|upkeep
|
|t:|1760440118
|switch|p1a: Garganacl|Garganacl, M|100/100
|turn|29
|
|t:|1760440120
|move|p2a: Keldeo|Surf|p1a: Garganacl
|-supereffective|p1a: Garganacl
|-damage|p1a: Garganacl|0 fnt
|faint|p1a: Garganacl
|
|upkeep
|
|t:|1760440123
|switch|p1a: Scizor|Scizor, F|57/100
|turn|30
|
|t:|1760440134
|move|p1a: Scizor|Bullet Punch|p2a: Keldeo
|-resisted|p2a: Keldeo
|-damage|p2a: Keldeo|6/100
|move|p2a: Keldeo|Surf|p1a: Scizor
|-damage|p1a: Scizor|0 fnt
|faint|p1a: Scizor
|
|upkeep
|
|t:|1760440136
|switch|p1a: Great Tusk|Great Tusk|100/100
|turn|31
|
|t:|1760440138
|move|p2a: Keldeo|Surf|p1a: Great Tusk
|-supereffective|p1a: Great Tusk
|-damage|p1a: Great Tusk|0 fnt
|faint|p1a: Great Tusk
|-end|p1a: Great Tusk|Protosynthesis|[silent]
|
|win|zippitytippity
|raw|Kickerich's rating: 1500 &rarr; <strong>1482</strong><br />(-18 for losing)
|raw|zippitytippity's rating: 1535 &rarr; <strong>1553</strong><br />(+18 for winning)
|l|☆Kickerich
|player|p1|
|l|‽zippitytippity
|player|p2|
