|j|☆MyGoodBuddyMason
|j|☆biscuitkhan
|t:|1760306187
|gametype|singles
|player|p1|MyGoodBuddyMason|ghetsis|1318
|player|p2|biscuitkhan|2|1306
|gen|9
|tier|[Gen 9] OU
|rated|
|rule|HP Percentage Mod: HP is shown in percentages
|rule|Endless Battle Clause: Forcing endless battles is banned
|rule|Species Clause: Limit one of each Pokémon
|rule|OHKO Clause: OHKO moves are banned
|rule|Evasion Items Clause: Evasion items are banned
|rule|Evasion Moves Clause: Evasion moves are banned
|rule|Evasion Abilities Clause: Evasion abilities are banned
|rule|Sleep Moves Clause: Sleep-inducing moves are banned
|clearpoke
|poke|p1|Zapdos|
|poke|p1|Eiscue, M|
|poke|p1|Empoleon, M|
|poke|p1|Garchomp, F|
|poke|p1|Donphan, F|
|poke|p1|Lokix, M|
|poke|p2|Pelipper, F|
|poke|p2|Barraskewda, F|
|poke|p2|Corviknight, M|
|poke|p2|Zapdos|
|poke|p2|Swampert, M|
|poke|p2|Clodsire, F|
|teampreview
|inactive|Battle timer is ON: inactive players will automatically lose when time's up. (requested by biscuitkhan)
|
|t:|1760306229
|teamsize|p1|6
|teamsize|p2|6
|start
|switch|p1a: Shock Tuah|Zapdos|100/100
|switch|p2a: Swampert|Swampert, M|100/100
|turn|1
|
|t:|1760306236
|move|p1a: Shock Tuah|Hurricane|p2a: Swampert
|-damage|p2a: Swampert|73/100
|move|p2a: Swampert|Stealth Rock|p1a: Shock Tuah
|-sidestart|p1: MyGoodBuddyMason|move: Stealth Rock
|
|-heal|p2a: Swampert|79/100|[from] item: Leftovers
|upkeep
|turn|2
|
|t:|1760306243
|move|p1a: Shock Tuah|U-turn|p2a: Swampert
|-damage|p2a: Swampert|67/100
|
|t:|1760306245
|switch|p1a: Steel Beam Enjoyer|Empoleon, M|100/100|[from] U-turn
|-damage|p1a: Steel Beam Enjoyer|94/100|[from] Stealth Rock
|move|p2a: Swampert|Knock Off|p1a: Steel Beam Enjoyer
|-damage|p1a: Steel Beam Enjoyer|71/100
|-enditem|p1a: Steel Beam Enjoyer|Leftovers|[from] move: Knock Off|[of] p2a: Swampert
|
|-heal|p2a: Swampert|73/100|[from] item: Leftovers
|upkeep
|turn|3
|
|t:|1760306256
|switch|p1a: Shock Tuah|Zapdos|100/100
|move|p2a: Swampert|Earthquake|p1a: Shock Tuah
|-immune|p1a: Shock Tuah
|
|-heal|p2a: Swampert|79/100|[from] item: Leftovers
|upkeep
|turn|4
|
|t:|1760306264
|move|p1a: Shock Tuah|U-turn|p2a: Swampert
|-damage|p2a: Swampert|67/100
|
|t:|1760306269
|switch|p1a: Mr. Freeze|Eiscue, M|100/100|[from] U-turn
|-damage|p1a: Mr. Freeze|76/100|[from] Stealth Rock
|move|p2a: Swampert|Knock Off|p1a: Mr. Freeze
|-activate|p1a: Mr. Freeze|ability: Ice Face
|-damage|p1a: Mr. Freeze|76/100
|-damage|p2a: Swampert|51/100|[from] item: Rocky Helmet|[of] p1a: Mr. Freeze
|-enditem|p1a: Mr. Freeze|Rocky Helmet|[from] move: Knock Off|[of] p2a: Swampert
|detailschange|p1a: Mr. Freeze|Eiscue-Noice, M
|
|-heal|p2a: Swampert|57/100|[from] item: Leftovers
|upkeep
|turn|5
|
|t:|1760306283
|move|p1a: Mr. Freeze|Freeze-Dry|p2a: Swampert
|-supereffective|p2a: Swampert
|-damage|p2a: Swampert|0 fnt
|faint|p2a: Swampert
|
|upkeep
|
|t:|1760306297
|switch|p2a: Barraskewda|Barraskewda, F|100/100
|turn|6
|
|t:|1760306308
|switch|p1a: Shock Tuah|Zapdos|100/100
|move|p2a: Barraskewda|Close Combat|p1a: Shock Tuah
|-resisted|p1a: Shock Tuah
|-damage|p1a: Shock Tuah|78/100
|-unboost|p2a: Barraskewda|def|1
|-unboost|p2a: Barraskewda|spd|1
|
|upkeep
|turn|7
|
|t:|1760306316
|switch|p2a: Clodsire|Clodsire, F|100/100
|move|p1a: Shock Tuah|Discharge|p2a: Clodsire
|-immune|p2a: Clodsire
|
|upkeep
|turn|8
|
|t:|1760306322
|move|p1a: Shock Tuah|U-turn|p2a: Clodsire
|-resisted|p2a: Clodsire
|-damage|p2a: Clodsire|93/100
|
|t:|1760306326
|switch|p1a: Sharkry|Garchomp, F|100/100|[from] U-turn
|-damage|p1a: Sharkry|94/100|[from] Stealth Rock
|move|p2a: Clodsire|Toxic|p1a: Sharkry
|-status|p1a: Sharkry|tox
|
|-heal|p2a: Clodsire|99/100|[from] item: Black Sludge
|-damage|p1a: Sharkry|88/100 tox|[from] psn
|upkeep
|turn|9
|
|t:|1760306339
|switch|p2a: Corviknight|Corviknight, M|100/100
|move|p1a: Sharkry|Stealth Rock|p2a: Corviknight
|-sidestart|p2: biscuitkhan|move: Stealth Rock
|
|-damage|p1a: Sharkry|76/100 tox|[from] psn
|upkeep
|turn|10
|
|t:|1760306349
|switch|p1a: Steel Beam Enjoyer|Empoleon, M|71/100
|-damage|p1a: Steel Beam Enjoyer|64/100|[from] Stealth Rock
|move|p2a: Corviknight|Brave Bird|p1a: Steel Beam Enjoyer
|-resisted|p1a: Steel Beam Enjoyer
|-damage|p1a: Steel Beam Enjoyer|45/100
|-damage|p2a: Corviknight|94/100|[from] Recoil
|
|-heal|p2a: Corviknight|100/100|[from] item: Leftovers
|upkeep
|turn|11
|
|t:|1760306361
|move|p2a: Corviknight|U-turn|p1a: Steel Beam Enjoyer
|-resisted|p1a: Steel Beam Enjoyer
|-damage|p1a: Steel Beam Enjoyer|38/100
|
|t:|1760306366
|switch|p2a: Zapdos|Zapdos|100/100|[from] U-turn
|move|p1a: Steel Beam Enjoyer|Roost|p1a: Steel Beam Enjoyer
|-heal|p1a: Steel Beam Enjoyer|88/100
|-singleturn|p1a: Steel Beam Enjoyer|move: Roost
|
|upkeep
|turn|12
|
|t:|1760306376
|move|p2a: Zapdos|Hurricane|p1a: Steel Beam Enjoyer
|-resisted|p1a: Steel Beam Enjoyer
|-damage|p1a: Steel Beam Enjoyer|69/100
|move|p1a: Steel Beam Enjoyer|Flip Turn|p2a: Zapdos
|-damage|p2a: Zapdos|79/100
|
|t:|1760306394
|switch|p1a: Sharkry|Garchomp, F|76/100 tox|[from] Flip Turn
|-damage|p1a: Sharkry|70/100 tox|[from] Stealth Rock
|
|-damage|p1a: Sharkry|63/100 tox|[from] psn
|upkeep
|turn|13
|
|t:|1760306407
|switch|p2a: Corviknight|Corviknight, M|100/100
|-damage|p2a: Corviknight|88/100|[from] Stealth Rock
|move|p1a: Sharkry|Spikes|p2a: Corviknight
|-sidestart|p2: biscuitkhan|Spikes
|
|-heal|p2a: Corviknight|94/100|[from] item: Leftovers
|-damage|p1a: Sharkry|51/100 tox|[from] psn
|upkeep
|turn|14
|
|t:|1760306418
|move|p2a: Corviknight|Defog|p1a: Sharkry
|-unboost|p1a: Sharkry|evasion|1
|-sideend|p1: MyGoodBuddyMason|Stealth Rock|[from] move: Defog|[of] p2a: Corviknight
|-sideend|p2: biscuitkhan|Spikes|[from] move: Defog|[of] p2a: Corviknight
|-sideend|p2: biscuitkhan|Stealth Rock|[from] move: Defog|[of] p2a: Corviknight
|move|p1a: Sharkry|Dragon Tail|p2a: Corviknight|[miss]
|-miss|p1a: Sharkry|p2a: Corviknight
|
|-heal|p2a: Corviknight|100/100|[from] item: Leftovers
|-damage|p1a: Sharkry|32/100 tox|[from] psn
|upkeep
|turn|15
|
|t:|1760306428
|move|p1a: Sharkry|Stealth Rock|p2a: Corviknight
|-sidestart|p2: biscuitkhan|move: Stealth Rock
|move|p2a: Corviknight|Brave Bird|p1a: Sharkry
|-damage|p1a: Sharkry|9/100 tox
|-damage|p2a: Corviknight|88/100|[from] ability: Rough Skin|[of] p1a: Sharkry
|-damage|p2a: Corviknight|71/100|[from] item: Rocky Helmet|[of] p1a: Sharkry
|-damage|p2a: Corviknight|63/100|[from] Recoil
|
|-heal|p2a: Corviknight|69/100|[from] item: Leftovers
|-damage|p1a: Sharkry|0 fnt|[from] psn
|faint|p1a: Sharkry
|upkeep
|
|t:|1760306440
|switch|p1a: Shock Tuah|Zapdos|78/100
|turn|16
|
|t:|1760306443
|move|p1a: Shock Tuah|Discharge|p2a: Corviknight
|-supereffective|p2a: Corviknight
|-damage|p2a: Corviknight|0 fnt
|faint|p2a: Corviknight
|
|upkeep
|
|t:|1760306449
|switch|p2a: Pelipper|Pelipper, F|100/100
|-damage|p2a: Pelipper|75/100|[from] Stealth Rock
|-weather|RainDance|[from] ability: Drizzle|[of] p2a: Pelipper
|turn|17
|
|t:|1760306455
|switch|p2a: Clodsire|Clodsire, F|99/100
|-damage|p2a: Clodsire|93/100|[from] Stealth Rock
|move|p1a: Shock Tuah|Discharge|p2a: Clodsire
|-immune|p2a: Clodsire
|
|-weather|RainDance|[upkeep]
|-heal|p2a: Clodsire|99/100|[from] item: Black Sludge
|upkeep
|turn|18
|
|t:|1760306466
|move|p1a: Shock Tuah|U-turn|p2a: Clodsire
|-resisted|p2a: Clodsire
|-damage|p2a: Clodsire|93/100
|
|t:|1760306470
|switch|p1a: Steel Beam Enjoyer|Empoleon, M|69/100|[from] U-turn
|move|p2a: Clodsire|Stealth Rock|p1a: Steel Beam Enjoyer
|-sidestart|p1: MyGoodBuddyMason|move: Stealth Rock
|
|-weather|RainDance|[upkeep]
|-heal|p2a: Clodsire|99/100|[from] item: Black Sludge
|upkeep
|turn|19
|
|t:|1760306478
|move|p1a: Steel Beam Enjoyer|Flip Turn|p2a: Clodsire
|-supereffective|p2a: Clodsire
|-damage|p2a: Clodsire|40/100
|
|t:|1760306482
|switch|p1a: Long Snout|Donphan, F, shiny|100/100|[from] Flip Turn
|move|p2a: Clodsire|Earthquake|p1a: Long Snout
|-damage|p1a: Long Snout|81/100
|
|-weather|RainDance|[upkeep]
|-heal|p2a: Clodsire|46/100|[from] item: Black Sludge
|upkeep
|turn|20
|
|t:|1760306494
|move|p1a: Long Snout|Rapid Spin|p2a: Clodsire
|-damage|p2a: Clodsire|30/100
|-boost|p1a: Long Snout|spe|1
|-sideend|p1: MyGoodBuddyMason|Stealth Rock|[from] move: Rapid Spin|[of] p1a: Long Snout
|move|p2a: Clodsire|Toxic|p1a: Long Snout
|-status|p1a: Long Snout|tox
|
|-weather|RainDance|[upkeep]
|-heal|p2a: Clodsire|36/100|[from] item: Black Sludge
|-damage|p1a: Long Snout|75/100 tox|[from] psn
|upkeep
|turn|21
|
|t:|1760306504
|move|p1a: Long Snout|Knock Off|p2a: Clodsire
|-damage|p2a: Clodsire|8/100
|-enditem|p2a: Clodsire|Black Sludge|[from] move: Knock Off|[of] p1a: Long Snout
|move|p2a: Clodsire|Stealth Rock|p1a: Long Snout
|-sidestart|p1: MyGoodBuddyMason|move: Stealth Rock
|
|-weather|RainDance|[upkeep]
|-damage|p1a: Long Snout|62/100 tox|[from] psn
|upkeep
|turn|22
|
|t:|1760306515
|move|p1a: Long Snout|Rapid Spin|p2a: Clodsire
|-damage|p2a: Clodsire|0 fnt
|-boost|p1a: Long Snout|spe|1
|-sideend|p1: MyGoodBuddyMason|Stealth Rock|[from] move: Rapid Spin|[of] p1a: Long Snout
|faint|p2a: Clodsire
|
|-weather|RainDance|[upkeep]
|-damage|p1a: Long Snout|43/100 tox|[from] psn
|upkeep
|
|t:|1760306522
|switch|p2a: Barraskewda|Barraskewda, F|100/100
|-damage|p2a: Barraskewda|88/100|[from] Stealth Rock
|turn|23
|
|t:|1760306527
|-terastallize|p2a: Barraskewda|Water
|move|p1a: Long Snout|Ice Shard|p2a: Barraskewda
|-resisted|p2a: Barraskewda
|-damage|p2a: Barraskewda|75/100
|move|p2a: Barraskewda|Liquidation|p1a: Long Snout
|-supereffective|p1a: Long Snout
|-damage|p1a: Long Snout|0 fnt
|faint|p1a: Long Snout
|
|-weather|RainDance|[upkeep]
|upkeep
|
|t:|1760306533
|switch|p1a: Zero-One|Lokix, M, shiny|100/100
|turn|24
|
|t:|1760306538
|-terastallize|p1a: Zero-One|Bug
|move|p1a: Zero-One|First Impression|p2a: Barraskewda
|-damage|p2a: Barraskewda|0 fnt
|faint|p2a: Barraskewda
|
|-weather|none
|upkeep
|
|t:|1760306544
|switch|p2a: Zapdos|Zapdos|79/100
|turn|25
|
|t:|1760306556
|switch|p1a: Steel Beam Enjoyer|Empoleon, M|69/100
|move|p2a: Zapdos|Volt Switch|p1a: Steel Beam Enjoyer
|-supereffective|p1a: Steel Beam Enjoyer
|-damage|p1a: Steel Beam Enjoyer|17/100
|
|t:|1760306562
|switch|p2a: Pelipper|Pelipper, F|75/100|[from] Volt Switch
|-damage|p2a: Pelipper|50/100|[from] Stealth Rock
|-weather|RainDance|[from] ability: Drizzle|[of] p2a: Pelipper
|
|-weather|RainDance|[upkeep]
|upkeep
|turn|26
|
|t:|1760306570
|move|p2a: Pelipper|Roost|p2a: Pelipper
|-heal|p2a: Pelipper|100/100
|-singleturn|p2a: Pelipper|move: Roost
|move|p1a: Steel Beam Enjoyer|Roost|p1a: Steel Beam Enjoyer
|-heal|p1a: Steel Beam Enjoyer|67/100
|-singleturn|p1a: Steel Beam Enjoyer|move: Roost
|
|-weather|RainDance|[upkeep]
|upkeep
|turn|27
|
|t:|1760306578
|move|p2a: Pelipper|U-turn|p1a: Steel Beam Enjoyer
|-resisted|p1a: Steel Beam Enjoyer
|-damage|p1a: Steel Beam Enjoyer|62/100
|
|t:|1760306581
|switch|p2a: Zapdos|Zapdos|79/100|[from] U-turn
|move|p1a: Steel Beam Enjoyer|Flip Turn|p2a: Zapdos
|-damage|p2a: Zapdos|48/100
|-status|p1a: Steel Beam Enjoyer|par|[from] ability: Static|[of] p2a: Zapdos
|
|t:|1760306584
|switch|p1a: Shock Tuah|Zapdos|78/100|[from] Flip Turn
|
|-weather|RainDance|[upkeep]
|upkeep
|turn|28
|
|t:|1760306593
|move|p2a: Zapdos|Roost|p2a: Zapdos
|-heal|p2a: Zapdos|98/100
|-singleturn|p2a: Zapdos|move: Roost
|move|p1a: Shock Tuah|Discharge|p2a: Zapdos
|-resisted|p2a: Zapdos
|-damage|p2a: Zapdos|80/100
|
|-weather|RainDance|[upkeep]
|upkeep
|turn|29
|
|t:|1760306601
|move|p2a: Zapdos|Thunder|p1a: Shock Tuah
|-damage|p1a: Shock Tuah|23/100
|move|p1a: Shock Tuah|Discharge|p2a: Zapdos
|-crit|p2a: Zapdos
|-damage|p2a: Zapdos|19/100
|
|-weather|RainDance|[upkeep]
|upkeep
|turn|30
|
|t:|1760306612
|move|p2a: Zapdos|Thunder|p1a: Shock Tuah
|-damage|p1a: Shock Tuah|0 fnt
|faint|p1a: Shock Tuah
|
|-weather|RainDance|[upkeep]
|upkeep
|
|t:|1760306618
|switch|p1a: Zero-One|Lokix, M, shiny, tera:Bug|100/100
|turn|31
|
|t:|1760306621
|move|p1a: Zero-One|First Impression|p2a: Zapdos
|-resisted|p2a: Zapdos
|-damage|p2a: Zapdos|0 fnt
|faint|p2a: Zapdos
|
|-weather|RainDance|[upkeep]
|upkeep
|
|t:|1760306626
|switch|p2a: Pelipper|Pelipper, F|100/100
|-damage|p2a: Pelipper|75/100|[from] Stealth Rock
|turn|32
|
|t:|1760306634
|switch|p1a: Steel Beam Enjoyer|Empoleon, M|62/100 par
|move|p2a: Pelipper|Surf|p1a: Steel Beam Enjoyer
|-resisted|p1a: Steel Beam Enjoyer
|-damage|p1a: Steel Beam Enjoyer|48/100 par
|
|-weather|none
|upkeep
|turn|33
|
|t:|1760306643
|move|p2a: Pelipper|Surf|p1a: Steel Beam Enjoyer
|-resisted|p1a: Steel Beam Enjoyer
|-damage|p1a: Steel Beam Enjoyer|37/100 par
|cant|p1a: Steel Beam Enjoyer|par
|
|upkeep
|turn|34
|
|t:|1760306651
|move|p2a: Pelipper|U-turn|p1a: Steel Beam Enjoyer
|-resisted|p1a: Steel Beam Enjoyer
|-damage|p1a: Steel Beam Enjoyer|33/100 par
|cant|p1a: Steel Beam Enjoyer|par
|
|upkeep
|turn|35
|
|t:|1760306656
|move|p2a: Pelipper|Hurricane|p1a: Steel Beam Enjoyer|[miss]
|-miss|p2a: Pelipper|p1a: Steel Beam Enjoyer
|move|p1a: Steel Beam Enjoyer|Flip Turn|p2a: Pelipper
|-resisted|p2a: Pelipper
|-damage|p2a: Pelipper|68/100
|
|t:|1760306659
|switch|p1a: Mr. Freeze|Eiscue-Noice, M|76/100|[from] Flip Turn
|
|upkeep
|turn|36
|
|t:|1760306666
|move|p1a: Mr. Freeze|Freeze-Dry|p2a: Pelipper
|-supereffective|p2a: Pelipper
|-damage|p2a: Pelipper|0 fnt
|faint|p2a: Pelipper
|
|win|MyGoodBuddyMason
|raw|MyGoodBuddyMason's rating: 1318 &rarr; <strong>1337</strong><br />(+19 for winning)
|raw|biscuitkhan's rating: 1306 &rarr; <strong>1287</strong><br />(-19 for losing)
|l|☆biscuitkhan
|player|p2|
|l|☆MyGoodBuddyMason
|player|p1|
