|j|☆eros maniac
|j|☆drop a baby
|t:|1760447622
|gametype|singles
|player|p1|eros maniac|hilbert-wonderlauncher|1750
|player|p2|drop a baby|chase|1769
|gen|9
|tier|[Gen 9] OU
|rated|
|rule|HP Percentage Mod: HP is shown in percentages
|rule|Endless Battle Clause: Forcing endless battles is banned
|rule|Species Clause: Limit one of each Pokémon
|rule|OHKO Clause: OHKO moves are banned
|rule|Evasion Items Clause: Evasion items are banned
|rule|Evasion Moves Clause: Evasion moves are banned
|rule|Evasion Abilities Clause: Evasion abilities are banned
|rule|Sleep Moves Clause: Sleep-inducing moves are banned
|clearpoke
|poke|p1|Frosmoth, F|
|poke|p1|Maushold-Four|
|poke|p1|Krookodile, F|
|poke|p1|Sinistcha|
|poke|p1|Alomomola, M|
|poke|p1|Weezing-Galar, F|
|poke|p2|Iron Moth|
|poke|p2|Kingambit, M|
|poke|p2|Dragonite, F|
|poke|p2|Ogerpon-Cornerstone, F|
|poke|p2|Iron Valiant|
|poke|p2|Raging Bolt|
|teampreview
|inactive|Battle timer is ON: inactive players will automatically lose when time's up. (requested by eros maniac)
|
|t:|1760447634
|teamsize|p1|6
|teamsize|p2|6
|start
|switch|p1a: Krookodile|Krookodile, F|100/100
|switch|p2a: Ogerpon|Ogerpon-Cornerstone, F|100/100
|-ability|p1a: Krookodile|Intimidate|boost
|-unboost|p2a: Ogerpon|atk|1
|turn|1
|
|t:|1760447643
|move|p2a: Ogerpon|Power Whip|p1a: Krookodile
|-supereffective|p1a: Krookodile
|-damage|p1a: Krookodile|0 fnt
|faint|p1a: Krookodile
|
|upkeep
|
|t:|1760447647
|switch|p1a: Maushold|Maushold-Four|100/100
|turn|2
|
|t:|1760447657
|move|p1a: Maushold|Tidy Up|p1a: Maushold
|-boost|p1a: Maushold|atk|1
|-boost|p1a: Maushold|spe|1
|move|p2a: Ogerpon|Ivy Cudgel|p1a: Maushold|[anim] Ivy Cudgel Rock
|-damage|p1a: Maushold|43/100
|
|upkeep
|turn|3
|
|t:|1760447661
|switch|p2a: Iron Moth|Iron Moth|100/100
|-enditem|p2a: Iron Moth|Booster Energy
|-activate|p2a: Iron Moth|ability: Quark Drive|[fromitem]
|-start|p2a: Iron Moth|quarkdrivespe
|move|p1a: Maushold|Population Bomb|p2a: Iron Moth
|-damage|p2a: Iron Moth|79/100
|-crit|p2a: Iron Moth
|-damage|p2a: Iron Moth|42/100
|-damage|p2a: Iron Moth|19/100
|-damage|p2a: Iron Moth|0 fnt
|faint|p2a: Iron Moth
|-end|p2a: Iron Moth|Quark Drive|[silent]
|-hitcount|p2: Iron Moth|4
|
|upkeep
|
|t:|1760447664
|switch|p2a: Iron Valiant|Iron Valiant|100/100
|-enditem|p2a: Iron Valiant|Booster Energy
|-activate|p2a: Iron Valiant|ability: Quark Drive|[fromitem]
|-start|p2a: Iron Valiant|quarkdrivespe
|turn|4
|
|t:|1760447667
|switch|p1a: Weezing|Weezing-Galar, F|100/100
|-ability|p1a: Weezing|Neutralizing Gas
|move|p2a: Iron Valiant|Knock Off|p1a: Weezing
|-resisted|p1a: Weezing
|-damage|p1a: Weezing|89/100
|-enditem|p1a: Weezing|Shuca Berry|[from] move: Knock Off|[of] p2a: Iron Valiant
|
|upkeep
|turn|5
|
|t:|1760447670
|-end|p2a: Iron Valiant|Quark Drive|[silent]
|switch|p2a: Raging Bolt|Raging Bolt|100/100
|move|p1a: Weezing|Strange Steam|p2a: Raging Bolt
|-supereffective|p2a: Raging Bolt
|-crit|p2a: Raging Bolt
|-damage|p2a: Raging Bolt|28/100
|
|upkeep
|turn|6
|
|t:|1760447676
|-end|p2a: Raging Bolt|Protosynthesis|[silent]
|switch|p2a: Ogerpon|Ogerpon-Cornerstone, F|100/100
|-end|p1a: Weezing|ability: Neutralizing Gas
|switch|p1a: Frosmoth|Frosmoth, F, shiny|100/100
|
|upkeep
|turn|7
|
|t:|1760447680
|switch|p1a: Weezing|Weezing-Galar, F|89/100
|-ability|p1a: Weezing|Neutralizing Gas
|move|p2a: Ogerpon|Ivy Cudgel|p1a: Weezing|[anim] Ivy Cudgel Rock
|-damage|p1a: Weezing|47/100
|
|upkeep
|turn|8
|
|t:|1760447686
|switch|p2a: Kingambit|Kingambit, M|100/100
|move|p1a: Weezing|Toxic|p2a: Kingambit
|-immune|p2a: Kingambit
|
|upkeep
|turn|9
|
|t:|1760447692
|-end|p2a: Kingambit|fallenundefined|[silent]
|switch|p2a: Raging Bolt|Raging Bolt|28/100
|-end|p1a: Weezing|ability: Neutralizing Gas
|switch|p1a: Alomomola|Alomomola, M, shiny|100/100
|-enditem|p2a: Raging Bolt|Booster Energy
|-activate|p2a: Raging Bolt|ability: Protosynthesis|[fromitem]
|-start|p2a: Raging Bolt|protosynthesisspa
|
|upkeep
|turn|10
|
|t:|1760447700
|move|p2a: Raging Bolt|Thunderbolt|p1a: Alomomola
|-supereffective|p1a: Alomomola
|-crit|p1a: Alomomola
|-damage|p1a: Alomomola|0 fnt
|faint|p1a: Alomomola
|
|upkeep
|
|t:|1760447704
|switch|p1a: Frosmoth|Frosmoth, F, shiny|100/100
|turn|11
|
|t:|1760447706
|-end|p2a: Raging Bolt|Protosynthesis|[silent]
|switch|p2a: Ogerpon|Ogerpon-Cornerstone, F|100/100
|move|p1a: Frosmoth|Substitute|p1a: Frosmoth
|-start|p1a: Frosmoth|Substitute
|-damage|p1a: Frosmoth|75/100
|
|-heal|p1a: Frosmoth|82/100|[from] item: Leftovers
|upkeep
|turn|12
|
|t:|1760447708
|move|p2a: Ogerpon|Ivy Cudgel|p1a: Frosmoth|[anim] Ivy Cudgel Rock
|-supereffective|p1a: Frosmoth
|-end|p1a: Frosmoth|Substitute
|move|p1a: Frosmoth|Ice Beam|p2a: Ogerpon
|-supereffective|p2a: Ogerpon
|-damage|p2a: Ogerpon|19/100
|
|-heal|p1a: Frosmoth|88/100|[from] item: Leftovers
|upkeep
|turn|13
|
|t:|1760447711
|switch|p1a: Weezing|Weezing-Galar, F|47/100
|-ability|p1a: Weezing|Neutralizing Gas
|move|p2a: Ogerpon|Swords Dance|p2a: Ogerpon
|-boost|p2a: Ogerpon|atk|2
|
|upkeep
|turn|14
|
|t:|1760447714
|move|p2a: Ogerpon|Ivy Cudgel|p1a: Weezing|[anim] Ivy Cudgel Rock
|-damage|p1a: Weezing|0 fnt
|faint|p1a: Weezing
|-end|p1a: Weezing|ability: Neutralizing Gas
|
|upkeep
|
|t:|1760447715
|switch|p1a: Maushold|Maushold-Four|43/100
|turn|15
|inactive|eros maniac has 120 seconds left.
|
|t:|1760447757
|switch|p2a: Raging Bolt|Raging Bolt|28/100
|move|p1a: Maushold|Population Bomb|p2a: Raging Bolt
|-damage|p2a: Raging Bolt|17/100
|-damage|p2a: Raging Bolt|6/100
|-damage|p2a: Raging Bolt|0 fnt
|faint|p2a: Raging Bolt
|-end|p2a: Raging Bolt|Protosynthesis|[silent]
|-hitcount|p2: Raging Bolt|3
|
|upkeep
|
|t:|1760447771
|switch|p2a: Kingambit|Kingambit, M|100/100
|-activate|p2a: Kingambit|ability: Supreme Overlord
|-start|p2a: Kingambit|fallen2|[silent]
|turn|16
|
|t:|1760447774
|move|p1a: Maushold|Low Kick|p2a: Kingambit
|-supereffective|p2a: Kingambit
|-damage|p2a: Kingambit|20/100
|move|p2a: Kingambit|Kowtow Cleave|p1a: Maushold
|-damage|p1a: Maushold|0 fnt
|faint|p1a: Maushold
|
|upkeep
|
|t:|1760447780
|switch|p1a: Sinistcha|Sinistcha, shiny|100/100
|turn|17
|
|t:|1760447784
|move|p2a: Kingambit|Kowtow Cleave|p1a: Sinistcha
|-supereffective|p1a: Sinistcha
|-enditem|p1a: Sinistcha|Colbur Berry|[eat]
|-enditem|p1a: Sinistcha|Colbur Berry|[weaken]
|-damage|p1a: Sinistcha|62/100
|move|p1a: Sinistcha|Matcha Gotcha|p2a: Kingambit
|-resisted|p2a: Kingambit
|-damage|p2a: Kingambit|0 fnt
|-heal|p1a: Sinistcha|72/100|[from] drain|[of] p2a: Kingambit
|faint|p2a: Kingambit
|-end|p2a: Kingambit|fallen2|[silent]
|
|upkeep
|
|t:|1760447789
|switch|p2a: Dragonite|Dragonite, F|100/100
|turn|18
|
|t:|1760447792
|move|p2a: Dragonite|Dragon Dance|p2a: Dragonite
|-boost|p2a: Dragonite|atk|1
|-boost|p2a: Dragonite|spe|1
|move|p1a: Sinistcha|Strength Sap|p2a: Dragonite
|-unboost|p2a: Dragonite|atk|1
|-heal|p1a: Sinistcha|100/100
|
|upkeep
|turn|19
|
|t:|1760447794
|move|p2a: Dragonite|Dragon Dance|p2a: Dragonite
|-boost|p2a: Dragonite|atk|1
|-boost|p2a: Dragonite|spe|1
|move|p1a: Sinistcha|Shadow Ball|p2a: Dragonite
|-damage|p2a: Dragonite|83/100
|
|upkeep
|turn|20
|
|t:|1760447797
|-terastallize|p2a: Dragonite|Flying
|move|p2a: Dragonite|Tera Blast|p1a: Sinistcha|[anim] Tera Blast Flying
|-supereffective|p1a: Sinistcha
|-damage|p1a: Sinistcha|0 fnt
|faint|p1a: Sinistcha
|
|upkeep
|-message|eros maniac forfeited.
|
|win|drop a baby
|raw|eros maniac's rating: 1750 &rarr; <strong>1731</strong><br />(-19 for losing)
|raw|drop a baby's rating: 1769 &rarr; <strong>1788</strong><br />(+19 for winning)
|l|☆eros maniac
|player|p1|
|l|☆drop a baby
|player|p2|
