|j|☆scar_bracho
|j|☆Ejdlcvuu
|t:|1760337067
|gametype|singles
|player|p1|scar_bracho|shadowtriad|1095
|player|p2|Ejdlcvuu|pokemonbreeder-gen4|1118
|gen|9
|tier|[Gen 9] OU
|rated|
|rule|HP Percentage Mod: HP is shown in percentages
|rule|Endless Battle Clause: Forcing endless battles is banned
|rule|Species Clause: Limit one of each Pokémon
|rule|OHKO Clause: OHKO moves are banned
|rule|Evasion Items Clause: Evasion items are banned
|rule|Evasion Moves Clause: Evasion moves are banned
|rule|Evasion Abilities Clause: Evasion abilities are banned
|rule|Sleep Moves Clause: Sleep-inducing moves are banned
|clearpoke
|poke|p1|Infernape, F|
|poke|p1|Scizor, F|
|poke|p1|Torkoal, M|
|poke|p1|Sableye, F|
|poke|p1|Ambipom, M|
|poke|p1|Darkrai|
|poke|p2|Chesnaught, M|
|poke|p2|Skeledirge, F|
|poke|p2|Greninja-*, M|
|poke|p2|Infernape, M|
|poke|p2|Blaziken, F|
|poke|p2|Decidueye, M|
|teampreview
|inactive|Battle timer is ON: inactive players will automatically lose when time's up. (requested by scar_bracho)
|
|t:|1760337078
|teamsize|p1|6
|teamsize|p2|6
|start
|switch|p1a: Torkoal|Torkoal, M|100/100
|switch|p2a: Chesnaught|Chesnaught, M|100/100
|-weather|SunnyDay|[from] ability: Drought|[of] p1a: Torkoal
|turn|1
|
|t:|1760337089
|move|p2a: Chesnaught|Leech Seed|p1a: Torkoal
|-start|p1a: Torkoal|move: Leech Seed
|move|p1a: Torkoal|Stealth Rock|p2a: Chesnaught
|-sidestart|p2: Ejdlcvuu|move: Stealth Rock
|
|-weather|SunnyDay|[upkeep]
|-damage|p1a: Torkoal|88/100|[from] Leech Seed|[of] p2a: Chesnaught
|upkeep
|turn|2
|
|t:|1760337101
|move|p2a: Chesnaught|Iron Defense|p2a: Chesnaught
|-boost|p2a: Chesnaught|def|2
|move|p1a: Torkoal|Weather Ball|p2a: Chesnaught
|-immune|p2a: Chesnaught|[from] ability: Bulletproof
|
|-weather|SunnyDay|[upkeep]
|-damage|p1a: Torkoal|76/100|[from] Leech Seed|[of] p2a: Chesnaught
|upkeep
|turn|3
|
|t:|1760337109
|move|p2a: Chesnaught|Iron Defense|p2a: Chesnaught
|-boost|p2a: Chesnaught|def|2
|move|p1a: Torkoal|Will-O-Wisp|p2a: Chesnaught|[miss]
|-miss|p1a: Torkoal|p2a: Chesnaught
|
|-weather|SunnyDay|[upkeep]
|-damage|p1a: Torkoal|64/100|[from] Leech Seed|[of] p2a: Chesnaught
|upkeep
|turn|4
|
|t:|1760337115
|move|p2a: Chesnaught|Spiky Shield|p2a: Chesnaught
|-singleturn|p2a: Chesnaught|move: Protect
|move|p1a: Torkoal|Will-O-Wisp|p2a: Chesnaught
|-activate|p2a: Chesnaught|move: Protect
|
|-weather|SunnyDay|[upkeep]
|-damage|p1a: Torkoal|52/100|[from] Leech Seed|[of] p2a: Chesnaught
|upkeep
|turn|5
|
|t:|1760337124
|switch|p1a: Sableye|Sableye, F|100/100
|move|p2a: Chesnaught|Giga Drain|p1a: Sableye
|-damage|p1a: Sableye|74/100
|
|-weather|SunnyDay|[upkeep]
|-heal|p1a: Sableye|80/100|[from] item: Leftovers
|upkeep
|turn|6
|
|t:|1760337131
|move|p1a: Sableye|Encore|p2a: Chesnaught
|-start|p2a: Chesnaught|Encore
|move|p2a: Chesnaught|Giga Drain|p1a: Sableye
|-damage|p1a: Sableye|54/100
|
|-weather|SunnyDay|[upkeep]
|-heal|p1a: Sableye|60/100|[from] item: Leftovers
|upkeep
|turn|7
|
|t:|1760337138
|move|p1a: Sableye|Will-O-Wisp|p2a: Chesnaught
|-status|p2a: Chesnaught|brn
|move|p2a: Chesnaught|Giga Drain|p1a: Sableye
|-damage|p1a: Sableye|33/100
|
|-weather|SunnyDay|[upkeep]
|-heal|p1a: Sableye|39/100|[from] item: Leftovers
|-damage|p2a: Chesnaught|95/100 brn|[from] brn
|upkeep
|turn|8
|
|t:|1760337146
|move|p2a: Chesnaught|Giga Drain|p1a: Sableye
|-damage|p1a: Sableye|10/100
|-heal|p2a: Chesnaught|100/100 brn|[from] drain|[of] p1a: Sableye
|move|p1a: Sableye|Knock Off|p2a: Chesnaught
|-resisted|p2a: Chesnaught
|-damage|p2a: Chesnaught|98/100 brn
|-enditem|p2a: Chesnaught|Leftovers|[from] move: Knock Off|[of] p1a: Sableye
|
|-weather|none
|-heal|p1a: Sableye|17/100|[from] item: Leftovers
|-damage|p2a: Chesnaught|92/100 brn|[from] brn
|-end|p2a: Chesnaught|Encore
|upkeep
|turn|9
|
|t:|1760337157
|switch|p1a: Torkoal|Torkoal, M|52/100
|-weather|SunnyDay|[from] ability: Drought|[of] p1a: Torkoal
|move|p2a: Chesnaught|Leech Seed|p1a: Torkoal
|-start|p1a: Torkoal|move: Leech Seed
|
|-weather|SunnyDay|[upkeep]
|-damage|p1a: Torkoal|39/100|[from] Leech Seed|[of] p2a: Chesnaught
|-heal|p2a: Chesnaught|100/100 brn|[silent]
|-damage|p2a: Chesnaught|95/100 brn|[from] brn
|upkeep
|turn|10
|
|t:|1760337171
|move|p2a: Chesnaught|Iron Defense|p2a: Chesnaught
|-boost|p2a: Chesnaught|def|2
|move|p1a: Torkoal|Rapid Spin|p2a: Chesnaught
|-damage|p2a: Chesnaught|93/100 brn
|-boost|p1a: Torkoal|spe|1
|-end|p1a: Torkoal|Leech Seed|[from] move: Rapid Spin|[of] p1a: Torkoal
|
|-weather|SunnyDay|[upkeep]
|-damage|p2a: Chesnaught|87/100 brn|[from] brn
|upkeep
|turn|11
|
|t:|1760337180
|switch|p1a: Infernape|Infernape, F|100/100
|move|p2a: Chesnaught|Leech Seed|p1a: Infernape
|-start|p1a: Infernape|move: Leech Seed
|
|-weather|SunnyDay|[upkeep]
|-damage|p1a: Infernape|88/100|[from] Leech Seed|[of] p2a: Chesnaught
|-heal|p2a: Chesnaught|98/100 brn|[silent]
|-damage|p2a: Chesnaught|92/100 brn|[from] brn
|upkeep
|turn|12
|
|t:|1760337188
|move|p2a: Chesnaught|Spiky Shield|p2a: Chesnaught
|-singleturn|p2a: Chesnaught|move: Protect
|move|p1a: Infernape|Overheat|p2a: Chesnaught
|-activate|p2a: Chesnaught|move: Protect
|
|-weather|SunnyDay|[upkeep]
|-damage|p1a: Infernape|76/100|[from] Leech Seed|[of] p2a: Chesnaught
|-heal|p2a: Chesnaught|100/100 brn|[silent]
|-damage|p2a: Chesnaught|95/100 brn|[from] brn
|upkeep
|turn|13
|
|t:|1760337208
|switch|p2a: Greninja|Greninja, M|100/100
|-damage|p2a: Greninja|88/100|[from] Stealth Rock
|move|p1a: Infernape|Focus Energy|p1a: Infernape
|-start|p1a: Infernape|move: Focus Energy
|
|-weather|SunnyDay|[upkeep]
|-damage|p1a: Infernape|64/100|[from] Leech Seed|[of] p2a: Greninja
|-heal|p2a: Greninja|100/100|[silent]
|upkeep
|turn|14
|
|t:|1760337222
|move|p1a: Infernape|Vacuum Wave|p2a: Greninja
|-supereffective|p2a: Greninja
|-crit|p2a: Greninja
|-damage|p2a: Greninja|16/100
|move|p2a: Greninja|Extrasensory|p1a: Infernape
|-supereffective|p1a: Infernape
|-damage|p1a: Infernape|0 fnt
|faint|p1a: Infernape
|-ability|p2a: Greninja|Battle Bond|boost
|-boost|p2a: Greninja|atk|1
|-boost|p2a: Greninja|spa|1
|-boost|p2a: Greninja|spe|1
|-activate|p2a: Greninja|ability: Battle Bond
|
|-weather|SunnyDay|[upkeep]
|upkeep
|
|t:|1760337227
|switch|p1a: Scizor|Scizor, F|100/100
|turn|15
|
|t:|1760337234
|move|p1a: Scizor|Bullet Punch|p2a: Greninja
|-resisted|p2a: Greninja
|-damage|p2a: Greninja|0 fnt
|faint|p2a: Greninja
|
|-weather|SunnyDay|[upkeep]
|upkeep
|
|t:|1760337241
|switch|p2a: Chesnaught|Chesnaught, M|95/100 brn
|-damage|p2a: Chesnaught|89/100 brn|[from] Stealth Rock
|turn|16
|
|t:|1760337246
|move|p1a: Scizor|Swords Dance|p1a: Scizor
|-boost|p1a: Scizor|atk|2
|move|p2a: Chesnaught|Iron Defense|p2a: Chesnaught
|-boost|p2a: Chesnaught|def|2
|
|-weather|none
|-damage|p2a: Chesnaught|83/100 brn|[from] brn
|upkeep
|turn|17
|
|t:|1760337252
|move|p1a: Scizor|Swords Dance|p1a: Scizor
|-boost|p1a: Scizor|atk|2
|move|p2a: Chesnaught|Leech Seed|p1a: Scizor
|-start|p1a: Scizor|move: Leech Seed
|
|-damage|p1a: Scizor|88/100|[from] Leech Seed|[of] p2a: Chesnaught
|-heal|p2a: Chesnaught|96/100 brn|[silent]
|-damage|p2a: Chesnaught|90/100 brn|[from] brn
|upkeep
|turn|18
|
|t:|1760337259
|move|p1a: Scizor|Swords Dance|p1a: Scizor
|-boost|p1a: Scizor|atk|2
|move|p2a: Chesnaught|Iron Defense|p2a: Chesnaught
|-boost|p2a: Chesnaught|def|2
|
|-damage|p1a: Scizor|76/100|[from] Leech Seed|[of] p2a: Chesnaught
|-heal|p2a: Chesnaught|100/100 brn|[silent]
|-damage|p2a: Chesnaught|95/100 brn|[from] brn
|upkeep
|turn|19
|
|t:|1760337266
|move|p1a: Scizor|Bullet Punch|p2a: Chesnaught
|-damage|p2a: Chesnaught|64/100 brn
|move|p2a: Chesnaught|Iron Defense|p2a: Chesnaught
|-boost|p2a: Chesnaught|def|2
|
|-damage|p1a: Scizor|64/100|[from] Leech Seed|[of] p2a: Chesnaught
|-heal|p2a: Chesnaught|77/100 brn|[silent]
|-damage|p2a: Chesnaught|71/100 brn|[from] brn
|upkeep
|turn|20
|
|t:|1760337276
|move|p2a: Chesnaught|Spiky Shield|p2a: Chesnaught
|-singleturn|p2a: Chesnaught|move: Protect
|move|p1a: Scizor|Bullet Punch|p2a: Chesnaught
|-activate|p2a: Chesnaught|move: Protect
|-damage|p1a: Scizor|52/100|[from] Spiky Shield|[of] p2a: Chesnaught
|
|-damage|p1a: Scizor|39/100|[from] Leech Seed|[of] p2a: Chesnaught
|-heal|p2a: Chesnaught|84/100 brn|[silent]
|-damage|p2a: Chesnaught|78/100 brn|[from] brn
|upkeep
|turn|21
|
|t:|1760337285
|move|p1a: Scizor|Bullet Punch|p2a: Chesnaught
|-damage|p2a: Chesnaught|54/100 brn
|move|p2a: Chesnaught|Giga Drain|p1a: Scizor
|-resisted|p1a: Scizor
|-damage|p1a: Scizor|31/100
|-heal|p2a: Chesnaught|59/100 brn|[from] drain|[of] p1a: Scizor
|
|-damage|p1a: Scizor|19/100|[from] Leech Seed|[of] p2a: Chesnaught
|-heal|p2a: Chesnaught|72/100 brn|[silent]
|-damage|p2a: Chesnaught|66/100 brn|[from] brn
|upkeep
|turn|22
|
|t:|1760337294
|move|p2a: Chesnaught|Spiky Shield|p2a: Chesnaught
|-singleturn|p2a: Chesnaught|move: Protect
|move|p1a: Scizor|Swords Dance|p1a: Scizor
|-boost|p1a: Scizor|atk|0
|
|-damage|p1a: Scizor|7/100|[from] Leech Seed|[of] p2a: Chesnaught
|-heal|p2a: Chesnaught|79/100 brn|[silent]
|-damage|p2a: Chesnaught|73/100 brn|[from] brn
|upkeep
|turn|23
|
|t:|1760337309
|move|p1a: Scizor|Bullet Punch|p2a: Chesnaught
|-damage|p2a: Chesnaught|50/100 brn
|move|p2a: Chesnaught|Leech Seed||[still]
|-fail|p2a: Chesnaught
|
|-damage|p1a: Scizor|0 fnt|[from] Leech Seed|[of] p2a: Chesnaught
|-heal|p2a: Chesnaught|57/100 brn|[silent]
|faint|p1a: Scizor
|-damage|p2a: Chesnaught|51/100 brn|[from] brn
|upkeep
|
|t:|1760337318
|switch|p1a: Darkrai|Darkrai|100/100
|turn|24
|
|t:|1760337329
|move|p1a: Darkrai|Psychic|p2a: Chesnaught
|-supereffective|p2a: Chesnaught
|-damage|p2a: Chesnaught|0 fnt
|faint|p2a: Chesnaught
|
|upkeep
|
|t:|1760337345
|switch|p2a: Blaziken|Blaziken, F|100/100
|-damage|p2a: Blaziken|88/100|[from] Stealth Rock
|turn|25
|
|t:|1760337349
|move|p2a: Blaziken|Protect|p2a: Blaziken
|-singleturn|p2a: Blaziken|Protect
|move|p1a: Darkrai|Psychic|p2a: Blaziken
|-activate|p2a: Blaziken|move: Protect
|
|-ability|p2a: Blaziken|Speed Boost|boost
|-boost|p2a: Blaziken|spe|1
|upkeep
|turn|26
|
|t:|1760337363
|-terastallize|p1a: Darkrai|Ghost
|move|p2a: Blaziken|Close Combat|p1a: Darkrai
|-immune|p1a: Darkrai
|move|p1a: Darkrai|Psychic|p2a: Blaziken
|-supereffective|p2a: Blaziken
|-damage|p2a: Blaziken|0 fnt
|faint|p2a: Blaziken
|
|upkeep
|inactive|Ejdlcvuu has 120 seconds left.
|
|t:|1760337390
|switch|p2a: Decidueye|Decidueye, M|100/100
|turn|27
|
|t:|1760337400
|switch|p1a: Torkoal|Torkoal, M|39/100
|-weather|SunnyDay|[from] ability: Drought|[of] p1a: Torkoal
|move|p2a: Decidueye|Protect||[still]
|-fail|p2a: Decidueye
|
|-weather|SunnyDay|[upkeep]
|upkeep
|turn|28
|
|t:|1760337409
|move|p2a: Decidueye|Poltergeist|p1a: Torkoal
|-activate|p1a: Torkoal|move: Poltergeist|Heat Rock
|-damage|p1a: Torkoal|0 fnt
|faint|p1a: Torkoal
|
|-weather|SunnyDay|[upkeep]
|upkeep
|
|t:|1760337432
|switch|p1a: Darkrai|Darkrai, tera:Ghost|100/100
|turn|29
|
|t:|1760337442
|move|p2a: Decidueye|Protect|p2a: Decidueye
|-singleturn|p2a: Decidueye|Protect
|move|p1a: Darkrai|Dark Pulse|p2a: Decidueye
|-activate|p2a: Decidueye|move: Protect
|
|-weather|SunnyDay|[upkeep]
|upkeep
|turn|30
|
|t:|1760337449
|-terastallize|p2a: Decidueye|Steel
|move|p1a: Darkrai|Dark Pulse|p2a: Decidueye
|-damage|p2a: Decidueye|27/100
|move|p2a: Decidueye|Poltergeist|p1a: Darkrai
|-activate|p1a: Darkrai|move: Poltergeist|Choice Specs
|-supereffective|p1a: Darkrai
|-crit|p1a: Darkrai
|-damage|p1a: Darkrai|0 fnt
|faint|p1a: Darkrai
|
|-weather|SunnyDay|[upkeep]
|upkeep
|
|t:|1760337457
|switch|p1a: Ambipom|Ambipom, M|100/100
|turn|31
|
|t:|1760337464
|move|p1a: Ambipom|Fake Out|p2a: Decidueye
|-resisted|p2a: Decidueye
|-damage|p2a: Decidueye|5/100
|cant|p2a: Decidueye|flinch
|
|-weather|SunnyDay|[upkeep]
|upkeep
|turn|32
|
|t:|1760337469
|move|p1a: Ambipom|Double Hit|p2a: Decidueye
|-resisted|p2a: Decidueye
|-damage|p2a: Decidueye|0 fnt
|faint|p2a: Decidueye
|-hitcount|p2: Decidueye|1
|
|-weather|SunnyDay|[upkeep]
|upkeep
|
|t:|1760337477
|switch|p2a: Infernape|Infernape, M|100/100
|-damage|p2a: Infernape|88/100|[from] Stealth Rock
|turn|33
|
|t:|1760337492
|switch|p1a: Sableye|Sableye, F|17/100
|move|p2a: Infernape|Flare Blitz|p1a: Sableye
|-damage|p1a: Sableye|0 fnt
|faint|p1a: Sableye
|-damage|p2a: Infernape|83/100|[from] Recoil
|-damage|p2a: Infernape|73/100|[from] item: Life Orb
|
|-weather|SunnyDay|[upkeep]
|upkeep
|
|t:|1760337496
|switch|p1a: Ambipom|Ambipom, M|100/100
|turn|34
|
|t:|1760337506
|move|p1a: Ambipom|Fake Out|p2a: Infernape
|-damage|p2a: Infernape|27/100
|cant|p2a: Infernape|flinch
|
|-weather|none
|upkeep
|turn|35
|
|t:|1760337512
|move|p1a: Ambipom|Double Hit|p2a: Infernape|[miss]
|-miss|p1a: Ambipom|p2a: Infernape
|move|p2a: Infernape|Close Combat|p1a: Ambipom
|-supereffective|p1a: Ambipom
|-crit|p1a: Ambipom
|-damage|p1a: Ambipom|0 fnt
|-unboost|p2a: Infernape|def|1
|-unboost|p2a: Infernape|spd|1
|faint|p1a: Ambipom
|-damage|p2a: Infernape|17/100|[from] item: Life Orb
|
|win|Ejdlcvuu
|raw|scar_bracho's rating: 1095 &rarr; <strong>1072</strong><br />(-23 for losing)
|raw|Ejdlcvuu's rating: 1118 &rarr; <strong>1141</strong><br />(+23 for winning)
|l|☆scar_bracho
|player|p1|
|c|☆Ejdlcvuu|gg
|l|☆Ejdlcvuu
|player|p2|
