|j|☆K-Pop-tassiumMan
|j|☆random05
|t:|1760453004
|gametype|singles
|player|p1|K-Pop-tassiumMan|blaine|1174
|player|p2|random05|steven|1146
|gen|9
|tier|[Gen 9] OU
|rated|
|rule|HP Percentage Mod: HP is shown in percentages
|rule|Endless Battle Clause: Forcing endless battles is banned
|rule|Species Clause: Limit one of each Pokémon
|rule|OHKO Clause: OHKO moves are banned
|rule|Evasion Items Clause: Evasion items are banned
|rule|Evasion Moves Clause: Evasion moves are banned
|rule|Evasion Abilities Clause: Evasion abilities are banned
|rule|Sleep Moves Clause: Sleep-inducing moves are banned
|clearpoke
|poke|p1|Maushold-Four|
|poke|p1|Grimmsnarl, M|
|poke|p1|Amoonguss, F|
|poke|p1|Gliscor, F|
|poke|p1|Gholdengo|
|poke|p1|Kingambit, F|
|poke|p2|Clefable, M|
|poke|p2|Corviknight, M|
|poke|p2|Iron Crown|
|poke|p2|Heracross, F|
|poke|p2|Bronzong|
|poke|p2|Persian-Alola, M|
|teampreview
|inactive|Battle timer is ON: inactive players will automatically lose when time's up. (requested by K-Pop-tassiumMan)
|
|t:|1760453022
|teamsize|p1|6
|teamsize|p2|6
|start
|switch|p1a: Gliscor|Gliscor, F|100/100
|switch|p2a: Persian|Persian-Alola, M|100/100
|turn|1
|
|t:|1760453029
|move|p2a: Persian|Knock Off|p1a: Gliscor
|-damage|p1a: Gliscor|84/100
|-enditem|p1a: Gliscor|Toxic Orb|[from] move: Knock Off|[of] p2a: Persian
|move|p1a: Gliscor|Knock Off|p2a: Persian
|-resisted|p2a: Persian
|-damage|p2a: Persian|92/100
|-enditem|p2a: Persian|Heavy-Duty Boots|[from] move: Knock Off|[of] p1a: Gliscor
|
|upkeep
|turn|2
|
|t:|1760453038
|move|p2a: Persian|Taunt|p1a: Gliscor
|-start|p1a: Gliscor|move: Taunt
|cant|p1a: Gliscor|move: Taunt|Toxic
|
|upkeep
|turn|3
|
|t:|1760453043
|move|p2a: Persian|Parting Shot|p1a: Gliscor
|-unboost|p1a: Gliscor|atk|1
|-unboost|p1a: Gliscor|spa|1
|
|t:|1760453046
|switch|p2a: Bronzong|Bronzong|100/100|[from] Parting Shot
|move|p1a: Gliscor|Earthquake|p2a: Bronzong
|-immune|p2a: Bronzong|[from] ability: Levitate
|
|upkeep
|turn|4
|
|t:|1760453075
|switch|p1a: Grimmsnarl|Grimmsnarl, M|100/100
|move|p2a: Bronzong|Iron Defense|p2a: Bronzong
|-boost|p2a: Bronzong|def|2
|
|upkeep
|turn|5
|
|t:|1760453082
|move|p1a: Grimmsnarl|Thunder Wave|p2a: Bronzong
|-status|p2a: Bronzong|par
|cant|p2a: Bronzong|par
|
|upkeep
|turn|6
|
|t:|1760453096
|move|p1a: Grimmsnarl|Reflect|p1a: Grimmsnarl
|-sidestart|p1: K-Pop-tassiumMan|Reflect
|move|p2a: Bronzong|Calm Mind|p2a: Bronzong
|-boost|p2a: Bronzong|spa|1
|-boost|p2a: Bronzong|spd|1
|
|upkeep
|turn|7
|
|t:|1760453099
|move|p1a: Grimmsnarl|Light Screen|p1a: Grimmsnarl
|-sidestart|p1: K-Pop-tassiumMan|move: Light Screen
|move|p2a: Bronzong|Calm Mind|p2a: Bronzong
|-boost|p2a: Bronzong|spa|1
|-boost|p2a: Bronzong|spd|1
|
|upkeep
|turn|8
|
|t:|1760453102
|move|p1a: Grimmsnarl|Parting Shot|p2a: Bronzong
|-unboost|p2a: Bronzong|atk|1
|-unboost|p2a: Bronzong|spa|1
|
|t:|1760453114
|switch|p1a: Gholdengo|Gholdengo|100/100|[from] Parting Shot
|move|p2a: Bronzong|Iron Defense|p2a: Bronzong
|-boost|p2a: Bronzong|def|2
|
|upkeep
|turn|9
|
|t:|1760453120
|move|p1a: Gholdengo|Nasty Plot|p1a: Gholdengo
|-boost|p1a: Gholdengo|spa|2
|move|p2a: Bronzong|Calm Mind|p2a: Bronzong
|-boost|p2a: Bronzong|spa|1
|-boost|p2a: Bronzong|spd|1
|
|upkeep
|turn|10
|
|t:|1760453126
|move|p1a: Gholdengo|Nasty Plot|p1a: Gholdengo
|-boost|p1a: Gholdengo|spa|2
|cant|p2a: Bronzong|par
|
|upkeep
|turn|11
|
|t:|1760453131
|move|p1a: Gholdengo|Nasty Plot|p1a: Gholdengo
|-boost|p1a: Gholdengo|spa|2
|cant|p2a: Bronzong|par
|
|upkeep
|turn|12
|
|t:|1760453133
|move|p1a: Gholdengo|Shadow Ball|p2a: Bronzong
|-supereffective|p2a: Bronzong
|-damage|p2a: Bronzong|25/100 par
|-unboost|p2a: Bronzong|spd|1
|move|p2a: Bronzong|Calm Mind|p2a: Bronzong
|-boost|p2a: Bronzong|spa|1
|-boost|p2a: Bronzong|spd|1
|
|-heal|p2a: Bronzong|32/100 par|[from] item: Leftovers
|upkeep
|turn|13
|-message|random05 forfeited.
|
|win|K-Pop-tassiumMan
|raw|K-Pop-tassiumMan's rating: 1174 &rarr; <strong>1197</strong><br />(+23 for winning)
|raw|random05's rating: 1146 &rarr; <strong>1123</strong><br />(-23 for losing)
|l|☆random05
|player|p2|
|l|☆K-Pop-tassiumMan
|player|p1|
