|j|☆Ghost_DZ
|j|☆ivon_neeeeeee
|t:|1760361928
|gametype|singles
|player|p1|Ghost_DZ|volkner|1563
|player|p2|ivon_neeeeeee|acetrainerf|1618
|gen|9
|tier|[Gen 9] OU
|rated|
|rule|HP Percentage Mod: HP is shown in percentages
|rule|Endless Battle Clause: Forcing endless battles is banned
|rule|Species Clause: Limit one of each Pokémon
|rule|OHKO Clause: OHKO moves are banned
|rule|Evasion Items Clause: Evasion items are banned
|rule|Evasion Moves Clause: Evasion moves are banned
|rule|Evasion Abilities Clause: Evasion abilities are banned
|rule|Sleep Moves Clause: Sleep-inducing moves are banned
|clearpoke
|poke|p1|Toxapex, M|
|poke|p1|Gliscor, F|
|poke|p1|Blissey, F|
|poke|p1|Dondozo, F|
|poke|p1|Moltres|
|poke|p1|Cresselia, F|
|poke|p2|Iron Valiant|
|poke|p2|Klefki, F|
|poke|p2|Alomomola, F|
|poke|p2|Kingambit, M|
|poke|p2|Gliscor, F|
|poke|p2|Slowking-Galar, F|
|teampreview
|inactive|Battle timer is ON: inactive players will automatically lose when time's up. (requested by Ghost_DZ)
|
|t:|1760361940
|teamsize|p1|6
|teamsize|p2|6
|start
|switch|p1a: Gliscor|Gliscor, F|100/100
|switch|p2a: Slowking|Slowking-Galar, F|100/100
|turn|1
|
|t:|1760361948
|move|p1a: Gliscor|Protect|p1a: Gliscor
|-singleturn|p1a: Gliscor|Protect
|-prepare|p2a: Slowking|Chilly Reception|[premajor]
|move|p2a: Slowking|Chilly Reception|p2a: Slowking
|-weather|Snowscape
|
|t:|1760361956
|switch|p2a: Klefki|Klefki, F|100/100|[from] Chilly Reception
|
|-weather|Snowscape|[upkeep]
|-status|p1a: Gliscor|tox|[from] item: Toxic Orb
|upkeep
|turn|2
|
|t:|1760361963
|move|p2a: Klefki|Spikes|p1a: Gliscor
|-sidestart|p1: Ghost_DZ|Spikes
|move|p1a: Gliscor|Knock Off|p2a: Klefki
|-resisted|p2a: Klefki
|-damage|p2a: Klefki|91/100
|-damage|p1a: Gliscor|84/100 tox|[from] item: Rocky Helmet|[of] p2a: Klefki
|-enditem|p2a: Klefki|Rocky Helmet|[from] move: Knock Off|[of] p1a: Gliscor
|
|-weather|Snowscape|[upkeep]
|-heal|p1a: Gliscor|97/100 tox|[from] ability: Poison Heal
|upkeep
|turn|3
|
|t:|1760361972
|move|p2a: Klefki|Spikes|p1a: Gliscor
|-sidestart|p1: Ghost_DZ|Spikes
|move|p1a: Gliscor|Spikes|p2a: Klefki
|-sidestart|p2: ivon_neeeeeee|Spikes
|
|-weather|Snowscape|[upkeep]
|-heal|p1a: Gliscor|100/100 tox|[from] ability: Poison Heal
|upkeep
|turn|4
|
|t:|1760361979
|move|p2a: Klefki|Spikes|p1a: Gliscor
|-sidestart|p1: Ghost_DZ|Spikes
|move|p1a: Gliscor|Spikes|p2a: Klefki
|-sidestart|p2: ivon_neeeeeee|Spikes
|
|-weather|Snowscape|[upkeep]
|upkeep
|turn|5
|
|t:|1760361996
|switch|p2a: Slowking|Slowking-Galar, F|100/100
|move|p1a: Gliscor|Spikes|p2a: Slowking
|-sidestart|p2: ivon_neeeeeee|Spikes
|
|-weather|none
|upkeep
|turn|6
|
|t:|1760362002
|move|p1a: Gliscor|Knock Off|p2a: Slowking
|-supereffective|p2a: Slowking
|-damage|p2a: Slowking|57/100
|-enditem|p2a: Slowking|Heavy-Duty Boots|[from] move: Knock Off|[of] p1a: Gliscor
|move|p2a: Slowking|Future Sight|p1a: Gliscor
|-start|p2a: Slowking|move: Future Sight
|
|upkeep
|turn|7
|
|t:|1760362007
|move|p1a: Gliscor|Knock Off|p2a: Slowking
|-supereffective|p2a: Slowking
|-damage|p2a: Slowking|25/100
|-prepare|p2a: Slowking|Chilly Reception|[premajor]
|move|p2a: Slowking|Chilly Reception|p2a: Slowking
|-weather|Snowscape
|
|t:|1760362021
|switch|p2a: Gliscor|Gliscor, F|100/100|[from] Chilly Reception
|
|-weather|Snowscape|[upkeep]
|-status|p2a: Gliscor|tox|[from] item: Toxic Orb
|upkeep
|turn|8
|
|t:|1760362028
|move|p1a: Gliscor|Protect|p1a: Gliscor
|-singleturn|p1a: Gliscor|Protect
|move|p2a: Gliscor|U-turn|p1a: Gliscor
|-activate|p1a: Gliscor|move: Protect
|
|-weather|Snowscape|[upkeep]
|-end|p1a: Gliscor|move: Future Sight
|-damage|p1a: Gliscor|47/100 tox
|-heal|p1a: Gliscor|59/100 tox|[from] ability: Poison Heal
|upkeep
|turn|9
|
|t:|1760362037
|move|p1a: Gliscor|Knock Off|p2a: Gliscor
|-damage|p2a: Gliscor|84/100 tox
|-enditem|p2a: Gliscor|Toxic Orb|[from] move: Knock Off|[of] p1a: Gliscor
|move|p2a: Gliscor|U-turn|p1a: Gliscor
|-resisted|p1a: Gliscor
|-damage|p1a: Gliscor|54/100 tox
|
|t:|1760362043
|switch|p2a: Iron Valiant|Iron Valiant|100/100|[from] U-turn
|
|-weather|Snowscape|[upkeep]
|-heal|p1a: Gliscor|67/100 tox|[from] ability: Poison Heal
|upkeep
|turn|10
|
|t:|1760362049
|-terastallize|p2a: Iron Valiant|Fairy
|move|p1a: Gliscor|Protect|p1a: Gliscor
|-singleturn|p1a: Gliscor|Protect
|move|p2a: Iron Valiant|Moonblast|p1a: Gliscor
|-activate|p1a: Gliscor|move: Protect
|
|-weather|Snowscape|[upkeep]
|-heal|p1a: Gliscor|79/100 tox|[from] ability: Poison Heal
|upkeep
|turn|11
|inactive|ivon_neeeeeee has 120 seconds left.
|
|t:|1760362083
|switch|p1a: Toxapex|Toxapex, M|100/100
|move|p2a: Iron Valiant|Moonblast|p1a: Toxapex
|-resisted|p1a: Toxapex
|-damage|p1a: Toxapex|71/100
|
|-weather|none
|upkeep
|turn|12
|
|t:|1760362090
|-end|p2a: Iron Valiant|Quark Drive|[silent]
|switch|p2a: Gliscor|Gliscor, F|84/100 tox
|move|p1a: Toxapex|Baneful Bunker||[still]
|-fail|p1a: Toxapex
|
|-heal|p2a: Gliscor|96/100 tox|[from] ability: Poison Heal
|upkeep
|turn|13
|
|t:|1760362097
|switch|p1a: Gliscor|Gliscor, F|79/100 tox
|move|p2a: Gliscor|Knock Off|p1a: Gliscor
|-crit|p1a: Gliscor
|-damage|p1a: Gliscor|61/100 tox
|-enditem|p1a: Gliscor|Toxic Orb|[from] move: Knock Off|[of] p2a: Gliscor
|
|-heal|p2a: Gliscor|100/100 tox|[from] ability: Poison Heal
|-heal|p1a: Gliscor|73/100 tox|[from] ability: Poison Heal
|upkeep
|turn|14
|
|t:|1760362106
|move|p2a: Gliscor|U-turn|p1a: Gliscor
|-resisted|p1a: Gliscor
|-damage|p1a: Gliscor|68/100 tox
|
|t:|1760362115
|switch|p2a: Alomomola|Alomomola, F|100/100|[from] U-turn
|move|p1a: Gliscor|Knock Off|p2a: Alomomola
|-damage|p2a: Alomomola|89/100
|-enditem|p2a: Alomomola|Heavy-Duty Boots|[from] move: Knock Off|[of] p1a: Gliscor
|
|-heal|p1a: Gliscor|81/100 tox|[from] ability: Poison Heal
|upkeep
|turn|15
|
|t:|1760362134
|switch|p1a: Blissey|Blissey, F|100/100
|move|p2a: Alomomola|Flip Turn|p1a: Blissey
|-damage|p1a: Blissey|69/100
|
|t:|1760362139
|switch|p2a: Iron Valiant|Iron Valiant, tera:Fairy|100/100|[from] Flip Turn
|
|upkeep
|turn|16
|
|t:|1760362145
|switch|p1a: Toxapex|Toxapex, M|100/100
|move|p2a: Iron Valiant|Knock Off|p1a: Toxapex
|-damage|p1a: Toxapex|84/100
|-enditem|p1a: Toxapex|Heavy-Duty Boots|[from] move: Knock Off|[of] p2a: Iron Valiant
|
|upkeep
|turn|17
|j| But The Government
|
|t:|1760362157
|-end|p2a: Iron Valiant|Quark Drive|[silent]
|switch|p2a: Slowking|Slowking-Galar, F|59/100
|-damage|p2a: Slowking|34/100|[from] Spikes
|switch|p1a: Dondozo|Dondozo, F|100/100
|
|upkeep
|turn|18
|
|t:|1760362164
|move|p1a: Dondozo|Curse|p1a: Dondozo
|-unboost|p1a: Dondozo|spe|1
|-boost|p1a: Dondozo|atk|1
|-boost|p1a: Dondozo|def|1
|move|p2a: Slowking|Future Sight|p1a: Dondozo
|-start|p2a: Slowking|move: Future Sight
|
|upkeep
|turn|19
|
|t:|1760362174
|switch|p2a: Alomomola|Alomomola, F|100/100
|-damage|p2a: Alomomola|76/100|[from] Spikes
|move|p1a: Dondozo|Waterfall|p2a: Alomomola
|-resisted|p2a: Alomomola
|-damage|p2a: Alomomola|64/100
|
|upkeep
|turn|20
|
|t:|1760362182
|move|p2a: Alomomola|Wish|p2a: Alomomola
|move|p1a: Dondozo|Curse|p1a: Dondozo
|-unboost|p1a: Dondozo|spe|1
|-boost|p1a: Dondozo|atk|1
|-boost|p1a: Dondozo|def|1
|
|-end|p1a: Dondozo|move: Future Sight
|-damage|p1a: Dondozo|60/100
|upkeep
|turn|21
|
|t:|1760362192
|move|p2a: Alomomola|Tickle|p1a: Dondozo
|-unboost|p1a: Dondozo|atk|1
|-unboost|p1a: Dondozo|def|1
|move|p1a: Dondozo|Waterfall|p2a: Alomomola
|-resisted|p2a: Alomomola
|-damage|p2a: Alomomola|53/100
|
|-heal|p2a: Alomomola|100/100|[from] move: Wish|[wisher] Alomomola
|upkeep
|turn|22
|
|t:|1760362200
|move|p2a: Alomomola|Tickle|p1a: Dondozo
|-unboost|p1a: Dondozo|atk|1
|-unboost|p1a: Dondozo|def|1
|move|p1a: Dondozo|Curse|p1a: Dondozo
|-unboost|p1a: Dondozo|spe|1
|-boost|p1a: Dondozo|atk|1
|-boost|p1a: Dondozo|def|1
|
|upkeep
|turn|23
|
|t:|1760362207
|switch|p1a: Toxapex|Toxapex, M|100/100
|-damage|p1a: Toxapex|76/100|[from] Spikes
|move|p2a: Alomomola|Tickle|p1a: Toxapex
|-unboost|p1a: Toxapex|atk|1
|-unboost|p1a: Toxapex|def|1
|
|upkeep
|turn|24
|
|t:|1760362215
|move|p2a: Alomomola|Flip Turn|p1a: Toxapex
|-resisted|p1a: Toxapex
|-damage|p1a: Toxapex|69/100
|
|t:|1760362218
|switch|p2a: Gliscor|Gliscor, F|100/100 tox|[from] Flip Turn
|move|p1a: Toxapex|Poison Jab|p2a: Gliscor
|-resisted|p2a: Gliscor
|-damage|p2a: Gliscor|95/100 tox
|
|-heal|p2a: Gliscor|100/100 tox|[from] ability: Poison Heal
|upkeep
|turn|25
|
|t:|1760362229
|move|p2a: Gliscor|U-turn|p1a: Toxapex
|-resisted|p1a: Toxapex
|-damage|p1a: Toxapex|62/100
|
|t:|1760362234
|switch|p2a: Slowking|Slowking-Galar, F|67/100|[from] U-turn
|-damage|p2a: Slowking|42/100|[from] Spikes
|move|p1a: Toxapex|Toxic Spikes|p2a: Slowking
|-sidestart|p2: ivon_neeeeeee|move: Toxic Spikes
|
|upkeep
|turn|26
|
|t:|1760362242
|switch|p1a: Gliscor|Gliscor, F|81/100 tox
|move|p2a: Slowking|Future Sight|p1a: Gliscor
|-start|p2a: Slowking|move: Future Sight
|
|-heal|p1a: Gliscor|93/100 tox|[from] ability: Poison Heal
|upkeep
|turn|27
|
|t:|1760362254
|switch|p2a: Gliscor|Gliscor, F|100/100 tox
|move|p1a: Gliscor|Knock Off|p2a: Gliscor
|-damage|p2a: Gliscor|89/100 tox
|
|-heal|p2a: Gliscor|100/100 tox|[from] ability: Poison Heal
|-heal|p1a: Gliscor|100/100 tox|[from] ability: Poison Heal
|upkeep
|turn|28
|l| But The Government
|
|t:|1760362262
|move|p1a: Gliscor|Protect|p1a: Gliscor
|-singleturn|p1a: Gliscor|Protect
|move|p2a: Gliscor|U-turn|p1a: Gliscor
|-activate|p1a: Gliscor|move: Protect
|
|-end|p1a: Gliscor|move: Future Sight
|-damage|p1a: Gliscor|45/100 tox
|-heal|p1a: Gliscor|58/100 tox|[from] ability: Poison Heal
|upkeep
|turn|29
|
|t:|1760362271
|move|p2a: Gliscor|U-turn|p1a: Gliscor
|-resisted|p1a: Gliscor
|-damage|p1a: Gliscor|53/100 tox
|
|t:|1760362274
|switch|p2a: Slowking|Slowking-Galar, F|75/100|[from] U-turn
|-damage|p2a: Slowking|50/100|[from] Spikes
|-sideend|p2: ivon_neeeeeee|move: Toxic Spikes|[of] p2a: Slowking
|move|p1a: Gliscor|Earthquake|p2a: Slowking
|-supereffective|p2a: Slowking
|-damage|p2a: Slowking|0 fnt
|faint|p2a: Slowking
|
|-heal|p1a: Gliscor|66/100 tox|[from] ability: Poison Heal
|upkeep
|
|t:|1760362285
|switch|p2a: Iron Valiant|Iron Valiant, tera:Fairy|100/100
|turn|30
|
|t:|1760362291
|move|p1a: Gliscor|Protect|p1a: Gliscor
|-singleturn|p1a: Gliscor|Protect
|move|p2a: Iron Valiant|Thunderbolt|p1a: Gliscor
|-activate|p1a: Gliscor|move: Protect
|
|-heal|p1a: Gliscor|78/100 tox|[from] ability: Poison Heal
|upkeep
|turn|31
|
|t:|1760362313
|switch|p1a: Moltres|Moltres|100/100
|move|p2a: Iron Valiant|Moonblast|p1a: Moltres
|-resisted|p1a: Moltres
|-damage|p1a: Moltres|65/100
|-unboost|p1a: Moltres|spa|1
|
|upkeep
|turn|32
|
|t:|1760362321
|move|p2a: Iron Valiant|Thunderbolt|p1a: Moltres
|-supereffective|p1a: Moltres
|-damage|p1a: Moltres|4/100
|move|p1a: Moltres|Will-O-Wisp|p2a: Iron Valiant|[miss]
|-miss|p1a: Moltres|p2a: Iron Valiant
|
|upkeep
|turn|33
|
|t:|1760362339
|switch|p1a: Blissey|Blissey, F|69/100
|move|p2a: Iron Valiant|Moonblast|p1a: Blissey
|-damage|p1a: Blissey|48/100
|
|upkeep
|turn|34
|
|t:|1760362347
|switch|p1a: Toxapex|Toxapex, M|96/100
|-damage|p1a: Toxapex|71/100|[from] Spikes
|move|p2a: Iron Valiant|Close Combat|p1a: Toxapex
|-resisted|p1a: Toxapex
|-damage|p1a: Toxapex|56/100
|-unboost|p2a: Iron Valiant|def|1
|-unboost|p2a: Iron Valiant|spd|1
|
|upkeep
|turn|35
|
|t:|1760362359
|-terastallize|p1a: Toxapex|Bug
|move|p2a: Iron Valiant|Thunderbolt|p1a: Toxapex
|-damage|p1a: Toxapex|30/100
|-status|p1a: Toxapex|par
|move|p1a: Toxapex|Toxic Spikes|p2a: Iron Valiant
|-sidestart|p2: ivon_neeeeeee|move: Toxic Spikes
|
|upkeep
|turn|36
|
|t:|1760362372
|switch|p1a: Gliscor|Gliscor, F|78/100 tox
|move|p2a: Iron Valiant|Moonblast|p1a: Gliscor
|-damage|p1a: Gliscor|0 fnt
|faint|p1a: Gliscor
|
|upkeep
|
|t:|1760362378
|switch|p1a: Toxapex|Toxapex, M, tera:Bug|63/100 par
|-damage|p1a: Toxapex|38/100 par|[from] Spikes
|turn|37
|
|t:|1760362384
|move|p2a: Iron Valiant|Moonblast|p1a: Toxapex
|-damage|p1a: Toxapex|0 fnt
|faint|p1a: Toxapex
|
|upkeep
|
|t:|1760362389
|switch|p1a: Cresselia|Cresselia, F|100/100
|turn|38
|
|t:|1760362393
|-end|p2a: Iron Valiant|Quark Drive|[silent]
|switch|p2a: Kingambit|Kingambit, M|100/100
|-damage|p2a: Kingambit|76/100|[from] Spikes
|-activate|p2a: Kingambit|ability: Supreme Overlord
|-start|p2a: Kingambit|fallen1|[silent]
|move|p1a: Cresselia|Calm Mind|p1a: Cresselia
|-boost|p1a: Cresselia|spa|1
|-boost|p1a: Cresselia|spd|1
|
|upkeep
|turn|39
|
|t:|1760362401
|switch|p1a: Moltres|Moltres|4/100
|move|p2a: Kingambit|Kowtow Cleave|p1a: Moltres
|-damage|p1a: Moltres|0 fnt
|faint|p1a: Moltres
|
|upkeep
|
|t:|1760362405
|switch|p1a: Dondozo|Dondozo, F|60/100
|turn|40
|
|t:|1760362416
|-end|p2a: Kingambit|fallen1|[silent]
|switch|p2a: Iron Valiant|Iron Valiant, tera:Fairy|100/100
|move|p1a: Dondozo|Curse|p1a: Dondozo
|-unboost|p1a: Dondozo|spe|1
|-boost|p1a: Dondozo|atk|1
|-boost|p1a: Dondozo|def|1
|
|upkeep
|turn|41
|
|t:|1760362424
|switch|p1a: Blissey|Blissey, F|48/100
|move|p2a: Iron Valiant|Moonblast|p1a: Blissey
|-damage|p1a: Blissey|28/100
|
|upkeep
|turn|42
|
|t:|1760362429
|move|p2a: Iron Valiant|Knock Off|p1a: Blissey
|-damage|p1a: Blissey|0 fnt
|-enditem|p1a: Blissey|Heavy-Duty Boots|[from] move: Knock Off|[of] p2a: Iron Valiant
|faint|p1a: Blissey
|
|upkeep
|
|t:|1760362431
|switch|p1a: Cresselia|Cresselia, F|100/100
|turn|43
|
|t:|1760362439
|-end|p2a: Iron Valiant|Quark Drive|[silent]
|switch|p2a: Klefki|Klefki, F|91/100
|-damage|p2a: Klefki|66/100|[from] Spikes
|move|p1a: Cresselia|Calm Mind|p1a: Cresselia
|-boost|p1a: Cresselia|spa|1
|-boost|p1a: Cresselia|spd|1
|
|upkeep
|turn|44
|
|t:|1760362446
|move|p2a: Klefki|Thunder Wave|p1a: Cresselia
|-status|p1a: Cresselia|par
|move|p1a: Cresselia|Calm Mind|p1a: Cresselia
|-boost|p1a: Cresselia|spa|1
|-boost|p1a: Cresselia|spd|1
|
|upkeep
|turn|45
|
|t:|1760362452
|move|p2a: Klefki|Foul Play|p1a: Cresselia
|-supereffective|p1a: Cresselia
|-damage|p1a: Cresselia|85/100 par
|cant|p1a: Cresselia|par
|
|upkeep
|turn|46
|
|t:|1760362458
|move|p2a: Klefki|Foul Play|p1a: Cresselia
|-supereffective|p1a: Cresselia
|-damage|p1a: Cresselia|70/100 par
|move|p1a: Cresselia|Calm Mind|p1a: Cresselia
|-boost|p1a: Cresselia|spa|1
|-boost|p1a: Cresselia|spd|1
|
|upkeep
|turn|47
|
|t:|1760362464
|switch|p2a: Gliscor|Gliscor, F|100/100 tox
|cant|p1a: Cresselia|par
|
|upkeep
|turn|48
|
|t:|1760362473
|move|p2a: Gliscor|Knock Off|p1a: Cresselia
|-supereffective|p1a: Cresselia
|-damage|p1a: Cresselia|43/100 par
|-enditem|p1a: Cresselia|Covert Cloak|[from] move: Knock Off|[of] p2a: Gliscor
|cant|p1a: Cresselia|par
|
|upkeep
|turn|49
|
|t:|1760362479
|move|p2a: Gliscor|Knock Off|p1a: Cresselia
|-supereffective|p1a: Cresselia
|-crit|p1a: Cresselia
|-damage|p1a: Cresselia|19/100 par
|cant|p1a: Cresselia|par
|
|upkeep
|turn|50
|
|t:|1760362484
|move|p2a: Gliscor|U-turn|p1a: Cresselia
|-supereffective|p1a: Cresselia
|-damage|p1a: Cresselia|0 fnt
|faint|p1a: Cresselia
|
|t:|1760362488
|switch|p2a: Iron Valiant|Iron Valiant, tera:Fairy|100/100|[from] U-turn
|
|upkeep
|-message|Ghost_DZ forfeited.
|
|win|ivon_neeeeeee
|raw|Ghost_DZ's rating: 1563 &rarr; <strong>1546</strong><br />(-17 for losing)
|raw|ivon_neeeeeee's rating: 1618 &rarr; <strong>1635</strong><br />(+17 for winning)
|l|☆Ghost_DZ
|player|p1|
|l|☆ivon_neeeeeee
|player|p2|
