|j|☆botcanou
|j|☆Buhf Luxray
|t:|1760347248
|gametype|singles
|player|p1|botcanou|1|1420
|player|p2|Buhf Luxray|policeman-gen4|1407
|gen|9
|tier|[Gen 9] OU
|rated|
|rule|HP Percentage Mod: HP is shown in percentages
|rule|Endless Battle Clause: Forcing endless battles is banned
|rule|Species Clause: Limit one of each Pokémon
|rule|OHKO Clause: OHKO moves are banned
|rule|Evasion Items Clause: Evasion items are banned
|rule|Evasion Moves Clause: Evasion moves are banned
|rule|Evasion Abilities Clause: Evasion abilities are banned
|rule|Sleep Moves Clause: Sleep-inducing moves are banned
|clearpoke
|poke|p1|Gliscor, F|
|poke|p1|Primarina, M|
|poke|p1|Zoroark-Hisui, M|
|poke|p1|Skeledirge, M|
|poke|p1|Maushold|
|poke|p1|Kingambit, M|
|poke|p2|Ninetales-Alola, F|
|poke|p2|Iron Valiant|
|poke|p2|Ogerpon-Wellspring, F|
|poke|p2|Great Tusk|
|poke|p2|Iron Boulder|
|poke|p2|Iron Moth|
|teampreview
|
|t:|1760347255
|teamsize|p1|6
|teamsize|p2|6
|start
|switch|p1a: El Racista|Gliscor, F|100/100
|switch|p2a: Ninetales|Ninetales-Alola, F, shiny|100/100
|-weather|Snowscape|[from] ability: Snow Warning|[of] p2a: Ninetales
|turn|1
|
|t:|1760347264
|move|p2a: Ninetales|Aurora Veil|p2a: Ninetales
|-sidestart|p2: Buhf Luxray|move: Aurora Veil
|move|p1a: El Racista|Toxic|p2a: Ninetales
|-status|p2a: Ninetales|tox
|
|-weather|Snowscape|[upkeep]
|-damage|p2a: Ninetales|94/100 tox|[from] psn
|-status|p1a: El Racista|tox|[from] item: Toxic Orb
|upkeep
|turn|2
|
|t:|1760347281
|switch|p2a: Ogerpon|Ogerpon-Wellspring, F|100/100
|move|p1a: El Racista|Stealth Rock|p2a: Ogerpon
|-sidestart|p2: Buhf Luxray|move: Stealth Rock
|
|-weather|Snowscape|[upkeep]
|upkeep
|turn|3
|
|t:|1760347291
|move|p1a: El Racista|Protect|p1a: El Racista
|-singleturn|p1a: El Racista|Protect
|move|p2a: Ogerpon|Substitute|p2a: Ogerpon
|-start|p2a: Ogerpon|Substitute
|-damage|p2a: Ogerpon|76/100
|
|-weather|Snowscape|[upkeep]
|upkeep
|turn|4
|
|t:|1760347299
|move|p2a: Ogerpon|Swords Dance|p2a: Ogerpon
|-boost|p2a: Ogerpon|atk|2
|move|p1a: El Racista|Knock Off|p2a: Ogerpon
|-activate|p2a: Ogerpon|move: Substitute|[damage]
|
|-weather|Snowscape|[upkeep]
|upkeep
|turn|5
|
|t:|1760347309
|-terastallize|p2a: Ogerpon|Water
|detailschange|p2a: Ogerpon|Ogerpon-Wellspring-Tera, F, tera:Water
|-ability|p2a: Ogerpon|Embody Aspect (Wellspring)|boost
|-boost|p2a: Ogerpon|spd|1
|move|p2a: Ogerpon|Ivy Cudgel|p1a: El Racista|[anim] Ivy Cudgel Water
|-supereffective|p1a: El Racista
|-damage|p1a: El Racista|0 fnt
|faint|p1a: El Racista
|
|-weather|none
|upkeep
|
|t:|1760347326
|switch|p1a: Kingambit|Kingambit, M|100/100
|turn|6
|
|t:|1760347335
|move|p1a: Kingambit|Hyper Voice|p2a: Ogerpon
|-damage|p2a: Ogerpon|48/100
|move|p2a: Ogerpon|Ivy Cudgel|p1a: Kingambit|[anim] Ivy Cudgel Water
|-damage|p1a: Kingambit|0 fnt
|replace|p1a: Zoroark|Zoroark-Hisui, M
|-end|p1a: Zoroark|Illusion
|faint|p1a: Zoroark
|
|upkeep
|
|t:|1760347346
|switch|p1a: Hydrogen baby|Maushold, shiny|100/100
|turn|7
|
|t:|1760347356
|move|p1a: Hydrogen baby|Population Bomb|p2a: Ogerpon
|-activate|p2a: Ogerpon|move: Substitute|[damage]
|-activate|p2a: Ogerpon|move: Substitute|[damage]
|-end|p2a: Ogerpon|Substitute
|-damage|p2a: Ogerpon|40/100
|-damage|p2a: Ogerpon|32/100
|-damage|p2a: Ogerpon|25/100
|-damage|p2a: Ogerpon|18/100
|-damage|p2a: Ogerpon|11/100
|-damage|p2a: Ogerpon|4/100
|-damage|p2a: Ogerpon|0 fnt
|faint|p2a: Ogerpon
|detailschange|p2: Ogerpon|Ogerpon-Wellspring, F|[silent]
|-hitcount|p2: Ogerpon|10
|
|upkeep
|
|t:|1760347375
|switch|p2a: Great Tusk|Great Tusk, shiny|100/100
|-damage|p2a: Great Tusk|97/100|[from] Stealth Rock
|-enditem|p2a: Great Tusk|Booster Energy
|-activate|p2a: Great Tusk|ability: Protosynthesis|[fromitem]
|-start|p2a: Great Tusk|protosynthesisspe
|turn|8
|
|t:|1760347383
|switch|p1a: Coughing bomb|Primarina, M|100/100
|move|p2a: Great Tusk|Rapid Spin|p1a: Coughing bomb
|-damage|p1a: Coughing bomb|84/100
|-boost|p2a: Great Tusk|spe|1
|-sideend|p2: Buhf Luxray|Stealth Rock|[from] move: Rapid Spin|[of] p2a: Great Tusk
|
|-sideend|p2: Buhf Luxray|move: Aurora Veil
|upkeep
|turn|9
|
|t:|1760347410
|-end|p2a: Great Tusk|Protosynthesis|[silent]
|switch|p2a: Ninetales|Ninetales-Alola, F, shiny|94/100 tox
|-weather|Snowscape|[from] ability: Snow Warning|[of] p2a: Ninetales
|move|p1a: Coughing bomb|Hyper Voice|p2a: Ninetales
|-damage|p2a: Ninetales|22/100 tox
|
|-weather|Snowscape|[upkeep]
|-damage|p2a: Ninetales|16/100 tox|[from] psn
|upkeep
|turn|10
|
|t:|1760347420
|move|p2a: Ninetales|Aurora Veil|p2a: Ninetales
|-sidestart|p2: Buhf Luxray|move: Aurora Veil
|move|p1a: Coughing bomb|Hyper Voice|p2a: Ninetales
|-damage|p2a: Ninetales|0 fnt
|faint|p2a: Ninetales
|
|-weather|Snowscape|[upkeep]
|upkeep
|
|t:|1760347454
|switch|p2a: Iron Moth|Iron Moth|100/100
|-enditem|p2a: Iron Moth|Booster Energy
|-activate|p2a: Iron Moth|ability: Quark Drive|[fromitem]
|-start|p2a: Iron Moth|quarkdrivespa
|turn|11
|
|t:|1760347468
|move|p2a: Iron Moth|Sludge Wave|p1a: Coughing bomb
|-supereffective|p1a: Coughing bomb
|-damage|p1a: Coughing bomb|0 fnt
|faint|p1a: Coughing bomb
|
|-weather|Snowscape|[upkeep]
|upkeep
|
|t:|1760347477
|switch|p1a: Hydrogen baby|Maushold, shiny|100/100
|turn|12
|
|t:|1760347486
|move|p1a: Hydrogen baby|Population Bomb|p2a: Iron Moth
|-damage|p2a: Iron Moth|91/100
|-damage|p2a: Iron Moth|82/100
|-damage|p2a: Iron Moth|73/100
|-damage|p2a: Iron Moth|62/100
|-damage|p2a: Iron Moth|53/100
|-damage|p2a: Iron Moth|43/100
|-damage|p2a: Iron Moth|34/100
|-damage|p2a: Iron Moth|24/100
|-damage|p2a: Iron Moth|16/100
|-damage|p2a: Iron Moth|6/100
|-hitcount|p2a: Iron Moth|10
|move|p2a: Iron Moth|Agility|p2a: Iron Moth
|-boost|p2a: Iron Moth|spe|2
|
|-weather|Snowscape|[upkeep]
|upkeep
|turn|13
|
|t:|1760347509
|move|p2a: Iron Moth|Fiery Dance|p1a: Hydrogen baby
|-damage|p1a: Hydrogen baby|12/100
|move|p1a: Hydrogen baby|Population Bomb|p2a: Iron Moth
|-crit|p2a: Iron Moth
|-damage|p2a: Iron Moth|0 fnt
|faint|p2a: Iron Moth
|-end|p2a: Iron Moth|Quark Drive|[silent]
|-hitcount|p2: Iron Moth|1
|
|-weather|none
|upkeep
|
|t:|1760347518
|switch|p2a: Iron Boulder|Iron Boulder|100/100
|-enditem|p2a: Iron Boulder|Booster Energy
|-activate|p2a: Iron Boulder|ability: Quark Drive|[fromitem]
|-start|p2a: Iron Boulder|quarkdrivespe
|turn|14
|
|t:|1760347526
|move|p2a: Iron Boulder|Mighty Cleave|p1a: Hydrogen baby
|-damage|p1a: Hydrogen baby|0 fnt
|faint|p1a: Hydrogen baby
|
|upkeep
|
|t:|1760347532
|switch|p1a: Skeledirge|Skeledirge, M|100/100
|turn|15
|
|t:|1760347537
|move|p2a: Iron Boulder|Mighty Cleave|p1a: Skeledirge
|-supereffective|p1a: Skeledirge
|-damage|p1a: Skeledirge|29/100
|move|p1a: Skeledirge|Will-O-Wisp|p2a: Iron Boulder|[miss]
|-miss|p1a: Skeledirge|p2a: Iron Boulder
|
|upkeep
|turn|16
|
|t:|1760347546
|move|p2a: Iron Boulder|Mighty Cleave|p1a: Skeledirge
|-supereffective|p1a: Skeledirge
|-damage|p1a: Skeledirge|0 fnt
|faint|p1a: Skeledirge
|
|upkeep
|
|t:|1760347551
|switch|p1a: Kingambit|Kingambit, M|100/100
|-activate|p1a: Kingambit|ability: Supreme Overlord
|-start|p1a: Kingambit|fallen5|[silent]
|turn|17
|
|t:|1760347556
|-end|p2a: Iron Boulder|Quark Drive|[silent]
|switch|p2a: Iron Valiant|Iron Valiant, shiny|100/100
|-enditem|p2a: Iron Valiant|Booster Energy
|-activate|p2a: Iron Valiant|ability: Quark Drive|[fromitem]
|-start|p2a: Iron Valiant|quarkdrivespe
|-terastallize|p1a: Kingambit|Dark
|move|p1a: Kingambit|Sucker Punch||[still]
|-fail|p1a: Kingambit
|
|-sideend|p2: Buhf Luxray|move: Aurora Veil
|upkeep
|turn|18
|
|t:|1760347569
|move|p2a: Iron Valiant|Close Combat|p1a: Kingambit
|-supereffective|p1a: Kingambit
|-damage|p1a: Kingambit|5/100
|-unboost|p2a: Iron Valiant|def|1
|-unboost|p2a: Iron Valiant|spd|1
|move|p1a: Kingambit|Iron Head|p2a: Iron Valiant
|-supereffective|p2a: Iron Valiant
|-damage|p2a: Iron Valiant|0 fnt
|faint|p2a: Iron Valiant
|-end|p2a: Iron Valiant|Quark Drive|[silent]
|
|-heal|p1a: Kingambit|11/100|[from] item: Leftovers
|upkeep
|
|t:|1760347579
|switch|p2a: Great Tusk|Great Tusk, shiny|97/100
|turn|19
|
|t:|1760347585
|move|p1a: Kingambit|Sucker Punch|p2a: Great Tusk
|-resisted|p2a: Great Tusk
|-damage|p2a: Great Tusk|71/100
|move|p2a: Great Tusk|Headlong Rush|p1a: Kingambit
|-damage|p1a: Kingambit|0 fnt
|-unboost|p2a: Great Tusk|def|1
|-unboost|p2a: Great Tusk|spd|1
|faint|p1a: Kingambit
|-end|p1a: Kingambit|fallen5|[silent]
|
|win|Buhf Luxray
|raw|botcanou's rating: 1420 &rarr; <strong>1399</strong><br />(-21 for losing)
|raw|Buhf Luxray's rating: 1407 &rarr; <strong>1428</strong><br />(+21 for winning)
|l|☆Buhf Luxray
|player|p2|
|l|☆botcanou
|player|p1|
