|j|☆bigunc101
|j|☆YourFriendSanti
|t:|1760374785
|gametype|singles
|player|p1|bigunc101|lucas-gen4pt|1111
|player|p2|YourFriendSanti|hilbert-wonderlauncher|1180
|gen|9
|tier|[Gen 9] OU
|rated|
|rule|HP Percentage Mod: HP is shown in percentages
|rule|Endless Battle Clause: Forcing endless battles is banned
|rule|Species Clause: Limit one of each Pokémon
|rule|OHKO Clause: OHKO moves are banned
|rule|Evasion Items Clause: Evasion items are banned
|rule|Evasion Moves Clause: Evasion moves are banned
|rule|Evasion Abilities Clause: Evasion abilities are banned
|rule|Sleep Moves Clause: Sleep-inducing moves are banned
|clearpoke
|poke|p1|Blastoise, M|
|poke|p1|Milotic, M|
|poke|p1|Gliscor, M|
|poke|p1|Latias, F|
|poke|p1|Cinderace, F|
|poke|p1|Misdreavus, M|
|poke|p2|Dedenne, F|
|poke|p2|Pincurchin, M|
|poke|p2|Excadrill, M|
|poke|p2|Pelipper, M|
|poke|p2|Overqwil, M|
|poke|p2|Goodra, F|
|teampreview
|inactive|Battle timer is ON: inactive players will automatically lose when time's up. (requested by bigunc101)
|
|t:|1760374790
|teamsize|p1|6
|teamsize|p2|6
|start
|switch|p1a: squirlo|Blastoise, M|100/100
|switch|p2a: Pelipper|Pelipper, M|100/100
|-weather|RainDance|[from] ability: Drizzle|[of] p2a: Pelipper
|turn|1
|
|t:|1760374801
|switch|p2a: Overqwil|Overqwil, M|100/100
|move|p1a: squirlo|Shell Smash|p1a: squirlo
|-unboost|p1a: squirlo|def|1
|-unboost|p1a: squirlo|spd|1
|-boost|p1a: squirlo|atk|2
|-boost|p1a: squirlo|spa|2
|-boost|p1a: squirlo|spe|2
|
|-weather|RainDance|[upkeep]
|upkeep
|turn|2
|
|t:|1760374811
|move|p2a: Overqwil|Swords Dance|p2a: Overqwil
|-boost|p2a: Overqwil|atk|2
|move|p1a: squirlo|Water Spout|p2a: Overqwil
|-enditem|p2a: Overqwil|Focus Sash
|-damage|p2a: Overqwil|1/100
|
|-weather|RainDance|[upkeep]
|upkeep
|turn|3
|
|t:|1760374819
|move|p2a: Overqwil|Poison Jab|p1a: squirlo
|-damage|p1a: squirlo|27/100
|-status|p1a: squirlo|psn
|move|p1a: squirlo|Rapid Spin|p2a: Overqwil
|-damage|p2a: Overqwil|0 fnt
|-boost|p1a: squirlo|spe|1
|faint|p2a: Overqwil
|
|-weather|RainDance|[upkeep]
|-heal|p1a: squirlo|33/100 psn|[from] item: Leftovers
|-damage|p1a: squirlo|21/100 psn|[from] psn
|upkeep
|
|t:|1760374830
|switch|p2a: Pelipper|Pelipper, M|100/100
|turn|4
|
|t:|1760374836
|move|p1a: squirlo|Ice Beam|p2a: Pelipper
|-damage|p2a: Pelipper|53/100
|move|p2a: Pelipper|Hurricane|p1a: squirlo
|-damage|p1a: squirlo|0 fnt
|faint|p1a: squirlo
|
|-weather|RainDance|[upkeep]
|upkeep
|
|t:|1760374848
|switch|p1a: dreavy|Misdreavus, M|100/100
|turn|5
|
|t:|1760374854
|switch|p2a: Goodra|Goodra, F|100/100
|move|p1a: dreavy|Will-O-Wisp|p2a: Goodra
|-status|p2a: Goodra|brn
|
|-weather|RainDance|[upkeep]
|-activate|p2a: Goodra|ability: Hydration
|-curestatus|p2a: Goodra|brn|[msg]
|upkeep
|turn|6
|
|t:|1760374864
|move|p1a: dreavy|Taunt|p2a: Goodra
|-start|p2a: Goodra|move: Taunt
|cant|p2a: Goodra|move: Taunt|Toxic
|
|-weather|RainDance|[upkeep]
|upkeep
|turn|7
|
|t:|1760374877
|move|p1a: dreavy|Hex|p2a: Goodra
|-damage|p2a: Goodra|92/100
|move|p2a: Goodra|Dragon Pulse|p1a: dreavy
|-damage|p1a: dreavy|83/100
|
|-weather|RainDance|[upkeep]
|-heal|p2a: Goodra|98/100|[from] item: Leftovers
|upkeep
|turn|8
|
|t:|1760374885
|move|p1a: dreavy|Hex|p2a: Goodra
|-damage|p2a: Goodra|89/100
|move|p2a: Goodra|Dragon Pulse|p1a: dreavy
|-damage|p1a: dreavy|66/100
|
|-weather|none
|-heal|p2a: Goodra|96/100|[from] item: Leftovers
|-end|p2a: Goodra|move: Taunt
|upkeep
|turn|9
|
|t:|1760374893
|switch|p2a: Pelipper|Pelipper, M|53/100
|-weather|RainDance|[from] ability: Drizzle|[of] p2a: Pelipper
|move|p1a: dreavy|Taunt|p2a: Pelipper
|-start|p2a: Pelipper|move: Taunt
|
|-weather|RainDance|[upkeep]
|upkeep
|turn|10
|
|t:|1760374903
|switch|p2a: Goodra|Goodra, F|96/100
|move|p1a: dreavy|Hex|p2a: Goodra
|-damage|p2a: Goodra|86/100
|
|-weather|RainDance|[upkeep]
|-heal|p2a: Goodra|92/100|[from] item: Leftovers
|upkeep
|turn|11
|
|t:|1760374910
|move|p1a: dreavy|Taunt|p2a: Goodra
|-start|p2a: Goodra|move: Taunt
|move|p2a: Goodra|Dragon Pulse|p1a: dreavy
|-damage|p1a: dreavy|48/100
|
|-weather|RainDance|[upkeep]
|-heal|p2a: Goodra|99/100|[from] item: Leftovers
|upkeep
|turn|12
|
|t:|1760374917
|move|p1a: dreavy|Hex|p2a: Goodra
|-damage|p2a: Goodra|89/100
|move|p2a: Goodra|Dragon Pulse|p1a: dreavy
|-damage|p1a: dreavy|29/100
|
|-weather|RainDance|[upkeep]
|-heal|p2a: Goodra|96/100|[from] item: Leftovers
|upkeep
|turn|13
|
|t:|1760374925
|move|p1a: dreavy|Pain Split|p2a: Goodra
|-sethp|p2a: Goodra|60/100|[from] move: Pain Split|[silent]
|-sethp|p1a: dreavy|71/100|[from] move: Pain Split
|move|p2a: Goodra|Dragon Pulse|p1a: dreavy
|-damage|p1a: dreavy|52/100
|
|-weather|RainDance|[upkeep]
|-heal|p2a: Goodra|66/100|[from] item: Leftovers
|-end|p2a: Goodra|move: Taunt
|upkeep
|turn|14
|
|t:|1760374935
|switch|p2a: Dedene|Dedenne, F|100/100
|move|p1a: dreavy|Pain Split|p2a: Dedene
|-sethp|p2a: Dedene|81/100|[from] move: Pain Split|[silent]
|-sethp|p1a: dreavy|69/100|[from] move: Pain Split
|
|-weather|RainDance|[upkeep]
|upkeep
|turn|15
|
|t:|1760374944
|move|p2a: Dedene|Charge Beam|p1a: dreavy
|-damage|p1a: dreavy|58/100
|-boost|p2a: Dedene|spa|1
|move|p1a: dreavy|Will-O-Wisp|p2a: Dedene
|-status|p2a: Dedene|brn
|
|-weather|RainDance|[upkeep]
|-damage|p2a: Dedene|75/100 brn|[from] brn
|upkeep
|turn|16
|
|t:|1760374954
|move|p2a: Dedene|Charge Beam|p1a: dreavy
|-damage|p1a: dreavy|41/100
|-boost|p2a: Dedene|spa|1
|move|p1a: dreavy|Hex|p2a: Dedene
|-damage|p2a: Dedene|10/100 brn
|-enditem|p2a: Dedene|Petaya Berry|[eat]
|-boost|p2a: Dedene|spa|1|[from] item: Petaya Berry
|-heal|p2a: Dedene|43/100 brn|[from] ability: Cheek Pouch
|
|-weather|none
|-damage|p2a: Dedene|37/100 brn|[from] brn
|upkeep
|turn|17
|
|t:|1760374965
|move|p2a: Dedene|Thunderbolt|p1a: dreavy
|-damage|p1a: dreavy|0 fnt
|faint|p1a: dreavy
|
|-damage|p2a: Dedene|31/100 brn|[from] brn
|upkeep
|
|t:|1760374970
|switch|p1a: gliggy|Gliscor, M|100/100
|turn|18
|
|t:|1760374974
|move|p2a: Dedene|Dazzling Gleam|p1a: gliggy
|-crit|p1a: gliggy
|-damage|p1a: gliggy|0 fnt
|faint|p1a: gliggy
|
|-damage|p2a: Dedene|24/100 brn|[from] brn
|upkeep
|
|t:|1760374979
|switch|p1a: scorsy|Cinderace, F|100/100
|turn|19
|
|t:|1760374985
|move|p1a: scorsy|Pyro Ball|p2a: Dedene
|-damage|p2a: Dedene|0 fnt
|faint|p2a: Dedene
|
|upkeep
|
|t:|1760374989
|switch|p2a: Pelipper|Pelipper, M|53/100
|-weather|RainDance|[from] ability: Drizzle|[of] p2a: Pelipper
|turn|20
|
|t:|1760374997
|move|p1a: scorsy|U-turn|p2a: Pelipper
|-start|p1a: scorsy|typechange|Bug|[from] ability: Libero
|-resisted|p2a: Pelipper
|-damage|p2a: Pelipper|40/100
|
|t:|1760375003
|switch|p1a: latatat|Latias, F|100/100|[from] U-turn
|move|p2a: Pelipper|Roost|p2a: Pelipper
|-heal|p2a: Pelipper|91/100
|-singleturn|p2a: Pelipper|move: Roost
|
|-weather|RainDance|[upkeep]
|upkeep
|turn|21
|
|t:|1760375016
|move|p1a: latatat|Thunder Wave|p2a: Pelipper
|-status|p2a: Pelipper|par
|move|p2a: Pelipper|Tailwind|p2a: Pelipper
|-sidestart|p2: YourFriendSanti|move: Tailwind
|
|-weather|RainDance|[upkeep]
|upkeep
|turn|22
|
|t:|1760375024
|switch|p2a: Excadrill|Excadrill, M|100/100
|-ability|p2a: Excadrill|Mold Breaker
|move|p1a: latatat|Psyshock|p2a: Excadrill
|-resisted|p2a: Excadrill
|-damage|p2a: Excadrill|64/100
|-damage|p1a: latatat|91/100|[from] item: Life Orb
|
|-weather|RainDance|[upkeep]
|upkeep
|turn|23
|
|t:|1760375040
|move|p2a: Excadrill|Swords Dance|p2a: Excadrill
|-boost|p2a: Excadrill|atk|2
|move|p1a: latatat|Psyshock|p2a: Excadrill
|-resisted|p2a: Excadrill
|-damage|p2a: Excadrill|29/100
|-damage|p1a: latatat|81/100|[from] item: Life Orb
|
|-weather|RainDance|[upkeep]
|upkeep
|turn|24
|
|t:|1760375048
|move|p2a: Excadrill|Iron Head|p1a: latatat
|-damage|p1a: latatat|0 fnt
|faint|p1a: latatat
|-damage|p2a: Excadrill|19/100|[from] item: Life Orb
|
|-weather|RainDance|[upkeep]
|-sideend|p2: YourFriendSanti|move: Tailwind
|upkeep
|
|t:|1760375051
|switch|p1a: milotonin|Milotic, M|100/100
|turn|25
|
|t:|1760375059
|move|p2a: Excadrill|Earthquake|p1a: milotonin
|-damage|p1a: milotonin|0 fnt
|faint|p1a: milotonin
|-damage|p2a: Excadrill|9/100|[from] item: Life Orb
|
|-weather|RainDance|[upkeep]
|upkeep
|
|t:|1760375062
|switch|p1a: scorsy|Cinderace, F|100/100
|turn|26
|
|t:|1760375068
|switch|p2a: Pelipper|Pelipper, M|91/100 par
|-terastallize|p1a: scorsy|Ghost
|move|p1a: scorsy|Sucker Punch||[still]
|-fail|p1a: scorsy
|
|-weather|RainDance|[upkeep]
|upkeep
|turn|27
|
|t:|1760375076
|move|p1a: scorsy|High Jump Kick|p2a: Pelipper|[miss]
|-miss|p1a: scorsy|p2a: Pelipper
|-damage|p1a: scorsy|51/100|[from] highjumpkick
|move|p2a: Pelipper|Weather Ball|p1a: scorsy
|-damage|p1a: scorsy|0 fnt
|faint|p1a: scorsy
|
|win|YourFriendSanti
|raw|bigunc101's rating: 1111 &rarr; <strong>1091</strong><br />(-20 for losing)
|raw|YourFriendSanti's rating: 1180 &rarr; <strong>1200</strong><br />(+20 for winning)
|l|☆bigunc101
|player|p1|
|l|☆YourFriendSanti
|player|p2|
