|j|☆Lil Spodie
|j|☆Tailwind Lobbyist
|t:|1760462162
|gametype|singles
|player|p1|Lil Spodie|266|1205
|player|p2|Tailwind Lobbyist|clerkf|1273
|gen|9
|tier|[Gen 9] OU
|rated|
|rule|HP Percentage Mod: HP is shown in percentages
|rule|Endless Battle Clause: Forcing endless battles is banned
|rule|Species Clause: Limit one of each Pokémon
|rule|OHKO Clause: OHKO moves are banned
|rule|Evasion Items Clause: Evasion items are banned
|rule|Evasion Moves Clause: Evasion moves are banned
|rule|Evasion Abilities Clause: Evasion abilities are banned
|rule|Sleep Moves Clause: Sleep-inducing moves are banned
|clearpoke
|poke|p1|Kingambit, F|
|poke|p1|Cinderace, F|
|poke|p1|Landorus-Therian, M|
|poke|p1|Iron Valiant|
|poke|p1|Kyurem|
|poke|p1|Slowking-Galar, M|
|poke|p2|Blaziken, F|
|poke|p2|Ting-Lu|
|poke|p2|Slowking-Galar, M|
|poke|p2|Rillaboom, M|
|poke|p2|Raging Bolt|
|poke|p2|Primarina, M|
|teampreview
|inactive|Battle timer is ON: inactive players will automatically lose when time's up. (requested by Lil Spodie)
|
|t:|1760462174
|teamsize|p1|6
|teamsize|p2|6
|start
|switch|p1a: Cinderace|Cinderace, F, shiny|100/100
|switch|p2a: Ting-Lu|Ting-Lu|100/100
|-ability|p2a: Ting-Lu|Vessel of Ruin
|turn|1
|
|t:|1760462184
|move|p1a: Cinderace|Will-O-Wisp|p2a: Ting-Lu
|-status|p2a: Ting-Lu|brn
|move|p2a: Ting-Lu|Ruination|p1a: Cinderace|[miss]
|-miss|p2a: Ting-Lu|p1a: Cinderace
|
|-damage|p2a: Ting-Lu|94/100 brn|[from] brn
|upkeep
|turn|2
|
|t:|1760462192
|move|p1a: Cinderace|U-turn|p2a: Ting-Lu
|-supereffective|p2a: Ting-Lu
|-crit|p2a: Ting-Lu
|-damage|p2a: Ting-Lu|66/100 brn
|
|t:|1760462199
|switch|p1a: Slowking|Slowking-Galar, M, shiny|100/100|[from] U-turn
|move|p2a: Ting-Lu|Ruination|p1a: Slowking
|-damage|p1a: Slowking|51/100
|
|-heal|p2a: Ting-Lu|72/100 brn|[from] item: Leftovers
|-damage|p2a: Ting-Lu|66/100 brn|[from] brn
|upkeep
|turn|3
|
|t:|1760462206
|move|p2a: Ting-Lu|Stealth Rock|p1a: Slowking
|-sidestart|p1: Lil Spodie|move: Stealth Rock
|-prepare|p1a: Slowking|Chilly Reception|[premajor]
|move|p1a: Slowking|Chilly Reception|p1a: Slowking
|-weather|Snowscape
|
|t:|1760462214
|switch|p1a: Kyurem|Kyurem, shiny|100/100|[from] Chilly Reception
|-damage|p1a: Kyurem|76/100|[from] Stealth Rock
|-ability|p1a: Kyurem|Pressure
|
|-weather|Snowscape|[upkeep]
|-heal|p1a: Kyurem|82/100|[from] item: Leftovers
|-heal|p2a: Ting-Lu|72/100 brn|[from] item: Leftovers
|-damage|p2a: Ting-Lu|66/100 brn|[from] brn
|upkeep
|turn|4
|
|t:|1760462217
|-terastallize|p2a: Ting-Lu|Water
|move|p1a: Kyurem|Substitute|p1a: Kyurem
|-start|p1a: Kyurem|Substitute
|-damage|p1a: Kyurem|57/100
|move|p2a: Ting-Lu|Whirlwind|p1a: Kyurem
|drag|p1a: Slowking|Slowking-Galar, M, shiny|84/100
|
|-weather|Snowscape|[upkeep]
|-heal|p2a: Ting-Lu|72/100 brn|[from] item: Leftovers
|-damage|p2a: Ting-Lu|66/100 brn|[from] brn
|upkeep
|turn|5
|
|t:|1760462245
|move|p2a: Ting-Lu|Earthquake|p1a: Slowking
|-supereffective|p1a: Slowking
|-damage|p1a: Slowking|47/100
|move|p1a: Slowking|Psychic Noise|p2a: Ting-Lu
|-crit|p2a: Ting-Lu
|-damage|p2a: Ting-Lu|49/100 brn
|-start|p2a: Ting-Lu|move: Heal Block
|
|-weather|Snowscape|[upkeep]
|-damage|p2a: Ting-Lu|43/100 brn|[from] brn
|upkeep
|turn|6
|
|t:|1760462260
|switch|p1a: Landorus|Landorus-Therian, M, shiny|100/100
|-damage|p1a: Landorus|88/100|[from] Stealth Rock
|-ability|p1a: Landorus|Intimidate|boost
|-unboost|p2a: Ting-Lu|atk|1
|move|p2a: Ting-Lu|Whirlwind|p1a: Landorus
|drag|p1a: Kingambit|Kingambit, F|100/100
|-damage|p1a: Kingambit|94/100|[from] Stealth Rock
|
|-weather|Snowscape|[upkeep]
|-heal|p1a: Kingambit|100/100|[from] item: Leftovers
|-damage|p2a: Ting-Lu|37/100 brn|[from] brn
|-end|p2a: Ting-Lu|move: Heal Block
|upkeep
|turn|7
|
|t:|1760462272
|-end|p1a: Kingambit|fallenundefined|[silent]
|switch|p1a: Cinderace|Cinderace, F, shiny|100/100
|move|p2a: Ting-Lu|Ruination|p1a: Cinderace
|-damage|p1a: Cinderace|51/100
|
|-weather|none
|-heal|p2a: Ting-Lu|43/100 brn|[from] item: Leftovers
|-damage|p2a: Ting-Lu|37/100 brn|[from] brn
|upkeep
|turn|8
|
|t:|1760462279
|move|p1a: Cinderace|Court Change|p1a: Cinderace
|-swapsideconditions
|-activate|p1a: Cinderace|move: Court Change
|move|p2a: Ting-Lu|Whirlwind|p1a: Cinderace
|drag|p1a: Kingambit|Kingambit, F|100/100
|
|-heal|p2a: Ting-Lu|43/100 brn|[from] item: Leftovers
|-damage|p2a: Ting-Lu|37/100 brn|[from] brn
|upkeep
|turn|9
|
|t:|1760462292
|move|p1a: Kingambit|Kowtow Cleave|p2a: Ting-Lu
|-damage|p2a: Ting-Lu|9/100 brn
|move|p2a: Ting-Lu|Ruination|p1a: Kingambit
|-damage|p1a: Kingambit|51/100
|
|-heal|p1a: Kingambit|57/100|[from] item: Leftovers
|-heal|p2a: Ting-Lu|16/100 brn|[from] item: Leftovers
|-damage|p2a: Ting-Lu|9/100 brn|[from] brn
|upkeep
|turn|10
|inactive|Tailwind Lobbyist has 120 seconds left.
|inactive|Tailwind Lobbyist has 90 seconds left.
|
|t:|1760462358
|move|p1a: Kingambit|Kowtow Cleave|p2a: Ting-Lu
|-damage|p2a: Ting-Lu|0 fnt
|faint|p2a: Ting-Lu
|
|-heal|p1a: Kingambit|63/100|[from] item: Leftovers
|upkeep
|
|t:|1760462369
|switch|p2a: Raging Bolt|Raging Bolt|100/100
|-damage|p2a: Raging Bolt|88/100|[from] Stealth Rock
|turn|11
|
|t:|1760462380
|-end|p1a: Kingambit|fallenundefined|[silent]
|switch|p1a: Slowking|Slowking-Galar, M, shiny|80/100
|move|p2a: Raging Bolt|Draco Meteor|p1a: Slowking
|-damage|p1a: Slowking|6/100
|-unboost|p2a: Raging Bolt|spa|2
|
|upkeep
|turn|12
|inactive|Tailwind Lobbyist has 90 seconds left.
|
|t:|1760462394
|switch|p1a: Landorus|Landorus-Therian, M, shiny|88/100
|-ability|p1a: Landorus|Intimidate|boost
|-unboost|p2a: Raging Bolt|atk|1
|move|p2a: Raging Bolt|Draco Meteor|p1a: Landorus|[miss]
|-miss|p2a: Raging Bolt|p1a: Landorus
|
|upkeep
|turn|13
|
|t:|1760462403
|switch|p1a: Slowking|Slowking-Galar, M, shiny|39/100
|-end|p2a: Raging Bolt|Protosynthesis|[silent]
|switch|p2a: Rillaboom|Rillaboom, M|100/100
|-fieldstart|move: Grassy Terrain|[from] ability: Grassy Surge|[of] p2a: Rillaboom
|
|-heal|p1a: Slowking|45/100|[from] Grassy Terrain
|upkeep
|turn|14
|
|t:|1760462413
|switch|p1a: Landorus|Landorus-Therian, M, shiny|88/100
|-ability|p1a: Landorus|Intimidate|boost
|-unboost|p2a: Rillaboom|atk|1
|move|p2a: Rillaboom|Knock Off|p1a: Landorus
|-damage|p1a: Landorus|66/100
|-damage|p2a: Rillaboom|84/100|[from] item: Rocky Helmet|[of] p1a: Landorus
|-enditem|p1a: Landorus|Rocky Helmet|[from] move: Knock Off|[of] p2a: Rillaboom
|
|-heal|p2a: Rillaboom|90/100|[from] Grassy Terrain
|upkeep
|turn|15
|
|t:|1760462419
|move|p1a: Landorus|U-turn|p2a: Rillaboom
|-supereffective|p2a: Rillaboom
|-damage|p2a: Rillaboom|45/100
|
|t:|1760462428
|switch|p1a: Slowking|Slowking-Galar, M, shiny|79/100|[from] U-turn
|move|p2a: Rillaboom|U-turn|p1a: Slowking
|-damage|p1a: Slowking|60/100
|
|t:|1760462443
|switch|p2a: Raging Bolt|Raging Bolt|88/100|[from] U-turn
|-damage|p2a: Raging Bolt|76/100|[from] Stealth Rock
|
|-heal|p2a: Raging Bolt|82/100|[from] Grassy Terrain
|-heal|p1a: Slowking|66/100|[from] Grassy Terrain
|upkeep
|turn|16
|
|t:|1760462454
|switch|p1a: Iron Valiant|Iron Valiant|100/100
|-enditem|p1a: Iron Valiant|Booster Energy
|-activate|p1a: Iron Valiant|ability: Quark Drive|[fromitem]
|-start|p1a: Iron Valiant|quarkdrivespe
|move|p2a: Raging Bolt|Draco Meteor|p1a: Iron Valiant
|-immune|p1a: Iron Valiant
|
|-heal|p2a: Raging Bolt|88/100|[from] Grassy Terrain
|upkeep
|turn|17
|
|t:|1760462465
|-end|p2a: Raging Bolt|Protosynthesis|[silent]
|switch|p2a: Slowking|Slowking-Galar, M|100/100
|move|p1a: Iron Valiant|Calm Mind|p1a: Iron Valiant
|-boost|p1a: Iron Valiant|spa|1
|-boost|p1a: Iron Valiant|spd|1
|
|-fieldend|move: Grassy Terrain
|upkeep
|turn|18
|
|t:|1760462470
|-terastallize|p1a: Iron Valiant|Ghost
|move|p1a: Iron Valiant|Shadow Ball|p2a: Slowking
|-supereffective|p2a: Slowking
|-damage|p2a: Slowking|26/100
|move|p2a: Slowking|Toxic|p1a: Iron Valiant
|-status|p1a: Iron Valiant|tox
|
|-damage|p1a: Iron Valiant|94/100 tox|[from] psn
|upkeep
|turn|19
|
|t:|1760462478
|move|p1a: Iron Valiant|Moonblast|p2a: Slowking
|-resisted|p2a: Slowking
|-damage|p2a: Slowking|5/100
|move|p2a: Slowking|Future Sight|p1a: Iron Valiant
|-start|p2a: Slowking|move: Future Sight
|
|-damage|p1a: Iron Valiant|82/100 tox|[from] psn
|upkeep
|turn|20
|
|t:|1760462483
|move|p1a: Iron Valiant|Moonblast|p2a: Slowking
|-resisted|p2a: Slowking
|-damage|p2a: Slowking|0 fnt
|faint|p2a: Slowking
|
|-damage|p1a: Iron Valiant|63/100 tox|[from] psn
|upkeep
|
|t:|1760462485
|switch|p2a: Rillaboom|Rillaboom, M|45/100
|-fieldstart|move: Grassy Terrain|[from] ability: Grassy Surge|[of] p2a: Rillaboom
|turn|21
|
|t:|1760462492
|-end|p1a: Iron Valiant|Quark Drive|[silent]
|switch|p1a: Landorus|Landorus-Therian, M, shiny|66/100
|-ability|p1a: Landorus|Intimidate|boost
|-unboost|p2a: Rillaboom|atk|1
|move|p2a: Rillaboom|Grassy Glide|p1a: Landorus
|-damage|p1a: Landorus|42/100
|
|-end|p1a: Landorus|move: Future Sight
|-damage|p1a: Landorus|0 fnt
|faint|p1a: Landorus
|-heal|p2a: Rillaboom|51/100|[from] Grassy Terrain
|upkeep
|
|t:|1760462506
|switch|p1a: Cinderace|Cinderace, F, shiny|51/100
|turn|22
|
|t:|1760462511
|switch|p2a: Raging Bolt|Raging Bolt|88/100
|-damage|p2a: Raging Bolt|76/100|[from] Stealth Rock
|move|p1a: Cinderace|U-turn|p2a: Raging Bolt
|-damage|p2a: Raging Bolt|59/100
|
|t:|1760462519
|switch|p1a: Iron Valiant|Iron Valiant, tera:Ghost|63/100 tox|[from] U-turn
|
|-heal|p1a: Iron Valiant|69/100 tox|[from] Grassy Terrain
|-heal|p2a: Raging Bolt|65/100|[from] Grassy Terrain
|-damage|p1a: Iron Valiant|63/100 tox|[from] psn
|upkeep
|turn|23
|
|t:|1760462528
|move|p2a: Raging Bolt|Thunderclap|p1a: Iron Valiant
|-damage|p1a: Iron Valiant|0 fnt
|faint|p1a: Iron Valiant
|-end|p1a: Iron Valiant|Quark Drive|[silent]
|
|-heal|p2a: Raging Bolt|71/100|[from] Grassy Terrain
|upkeep
|
|t:|1760462534
|switch|p1a: Slowking|Slowking-Galar, M, shiny|99/100
|turn|24
|
|t:|1760462543
|-end|p2a: Raging Bolt|Protosynthesis|[silent]
|switch|p2a: Rillaboom|Rillaboom, M|51/100
|move|p1a: Slowking|Psychic Noise|p2a: Rillaboom
|-damage|p2a: Rillaboom|20/100
|-start|p2a: Rillaboom|move: Heal Block
|
|-heal|p1a: Slowking|100/100|[from] Grassy Terrain
|upkeep
|turn|25
|
|t:|1760462566
|move|p2a: Rillaboom|Knock Off|p1a: Slowking
|-supereffective|p1a: Slowking
|-damage|p1a: Slowking|24/100
|-enditem|p1a: Slowking|Heavy-Duty Boots|[from] move: Knock Off|[of] p2a: Rillaboom
|move|p1a: Slowking|Sludge Bomb|p2a: Rillaboom
|-supereffective|p2a: Rillaboom
|-damage|p2a: Rillaboom|0 fnt
|faint|p2a: Rillaboom
|
|-heal|p1a: Slowking|30/100|[from] Grassy Terrain
|-fieldend|move: Grassy Terrain
|upkeep
|
|t:|1760462570
|switch|p2a: Raging Bolt|Raging Bolt|71/100
|-damage|p2a: Raging Bolt|59/100|[from] Stealth Rock
|turn|26
|
|t:|1760462578
|switch|p1a: Cinderace|Cinderace, F, shiny|51/100
|move|p2a: Raging Bolt|Volt Switch|p1a: Cinderace
|-damage|p1a: Cinderace|0 fnt
|faint|p1a: Cinderace
|
|t:|1760462593
|-end|p2a: Raging Bolt|Protosynthesis|[silent]
|switch|p2a: Blaziken|Blaziken, F, shiny|100/100|[from] Volt Switch
|-damage|p2a: Blaziken|88/100|[from] Stealth Rock
|
|upkeep
|
|t:|1760462599
|switch|p1a: Kyurem|Kyurem, shiny|57/100
|-ability|p1a: Kyurem|Pressure
|turn|27
|
|t:|1760462605
|move|p1a: Kyurem|Substitute|p1a: Kyurem
|-start|p1a: Kyurem|Substitute
|-damage|p1a: Kyurem|32/100
|move|p2a: Blaziken|Close Combat|p1a: Kyurem
|-supereffective|p1a: Kyurem
|-end|p1a: Kyurem|Substitute
|-unboost|p2a: Blaziken|def|1
|-unboost|p2a: Blaziken|spd|1
|-damage|p2a: Blaziken|78/100|[from] item: Life Orb
|
|-heal|p1a: Kyurem|38/100|[from] item: Leftovers
|-ability|p2a: Blaziken|Speed Boost|boost
|-boost|p2a: Blaziken|spe|1
|upkeep
|turn|28
|
|t:|1760462613
|move|p2a: Blaziken|Close Combat|p1a: Kyurem
|-supereffective|p1a: Kyurem
|-damage|p1a: Kyurem|0 fnt
|-unboost|p2a: Blaziken|def|1
|-unboost|p2a: Blaziken|spd|1
|faint|p1a: Kyurem
|-damage|p2a: Blaziken|68/100|[from] item: Life Orb
|
|-ability|p2a: Blaziken|Speed Boost|boost
|-boost|p2a: Blaziken|spe|1
|upkeep
|-message|Lil Spodie forfeited.
|
|win|Tailwind Lobbyist
|raw|Lil Spodie's rating: 1205 &rarr; <strong>1185</strong><br />(-20 for losing)
|raw|Tailwind Lobbyist's rating: 1273 &rarr; <strong>1293</strong><br />(+20 for winning)
|l|☆Lil Spodie
|player|p1|
