|badge|p2|bronze|gen9ou|100-7
|uhtml|medal-msg|<div class="broadcast-blue">Curious what those medals under the avatar are? PS now has Ladder Seasons! For more information, check out the <a href="https://www.smogon.com/forums/threads/3740067/">thread on Smogon.</a></div>
|j|☆MiaTaylor612
|j|☆Trainer #39
|t:|1760433492
|gametype|singles
|player|p1|MiaTaylor612|idol|1693
|player|p2|Trainer #39|bugsy|1902
|gen|9
|tier|[Gen 9] OU
|rated|
|rule|HP Percentage Mod: HP is shown in percentages
|rule|Endless Battle Clause: Forcing endless battles is banned
|rule|Species Clause: Limit one of each Pokémon
|rule|OHKO Clause: OHKO moves are banned
|rule|Evasion Items Clause: Evasion items are banned
|rule|Evasion Moves Clause: Evasion moves are banned
|rule|Evasion Abilities Clause: Evasion abilities are banned
|rule|Sleep Moves Clause: Sleep-inducing moves are banned
|clearpoke
|poke|p1|Hoopa-Unbound|
|poke|p1|Pecharunt|
|poke|p1|Slowking-Galar, M|
|poke|p1|Great Tusk|
|poke|p1|Corviknight, F|
|poke|p1|Cinderace, M|
|poke|p2|Blissey, F|
|poke|p2|Corviknight, M|
|poke|p2|Dondozo, M|
|poke|p2|Gliscor, M|
|poke|p2|Clefable, M|
|poke|p2|Slowking-Galar, M|
|teampreview
|inactive|Battle timer is ON: inactive players will automatically lose when time's up. (requested by MiaTaylor612)
|
|t:|1760433505
|teamsize|p1|6
|teamsize|p2|6
|start
|switch|p1a: Great Tusk|Great Tusk|100/100
|switch|p2a: 🇮🇱=stop genocide|Gliscor, M|100/100
|turn|1
|
|t:|1760433510
|move|p2a: 🇮🇱=stop genocide|Protect|p2a: 🇮🇱=stop genocide
|-singleturn|p2a: 🇮🇱=stop genocide|Protect
|move|p1a: Great Tusk|Ice Spinner|p2a: 🇮🇱=stop genocide
|-activate|p2a: 🇮🇱=stop genocide|move: Protect
|
|-status|p2a: 🇮🇱=stop genocide|tox|[from] item: Toxic Orb
|upkeep
|turn|2
|j| Rizzofreko
|
|t:|1760433522
|move|p1a: Great Tusk|Stealth Rock|p2a: 🇮🇱=stop genocide
|-sidestart|p2: Trainer #39|move: Stealth Rock
|move|p2a: 🇮🇱=stop genocide|Toxic|p1a: Great Tusk
|-status|p1a: Great Tusk|tox
|
|-damage|p1a: Great Tusk|94/100 tox|[from] psn
|upkeep
|turn|3
|
|t:|1760433526
|-end|p1a: Great Tusk|Protosynthesis|[silent]
|switch|p1a: Corviknight|Corviknight, F|100/100
|-ability|p1a: Corviknight|Pressure
|switch|p2a: Charlie Kirk: idc|Corviknight, M|100/100
|-damage|p2a: Charlie Kirk: idc|88/100|[from] Stealth Rock
|-ability|p2a: Charlie Kirk: idc|Pressure
|
|upkeep
|turn|4
|
|t:|1760433529
|move|p2a: Charlie Kirk: idc|Defog|p1a: Corviknight
|-unboost|p1a: Corviknight|evasion|1
|-sideend|p2: Trainer #39|Stealth Rock|[from] move: Defog|[of] p2a: Charlie Kirk: idc
|move|p1a: Corviknight|Iron Defense|p1a: Corviknight
|-boost|p1a: Corviknight|def|2
|
|upkeep
|turn|5
|
|t:|1760433533
|switch|p2a: LeJ/ovni/la lettre|Slowking-Galar, M|100/100
|move|p1a: Corviknight|U-turn|p2a: LeJ/ovni/la lettre
|-damage|p2a: LeJ/ovni/la lettre|85/100
|
|t:|1760433537
|switch|p1a: Hoopa|Hoopa-Unbound|100/100|[from] U-turn
|
|upkeep
|turn|6
|
|t:|1760433540
|move|p1a: Hoopa|Knock Off|p2a: LeJ/ovni/la lettre
|-supereffective|p2a: LeJ/ovni/la lettre
|-damage|p2a: LeJ/ovni/la lettre|0 fnt
|-enditem|p2a: LeJ/ovni/la lettre|Choice Scarf|[from] move: Knock Off|[of] p1a: Hoopa
|faint|p2a: LeJ/ovni/la lettre
|
|upkeep
|
|t:|1760433542
|switch|p2a: Charlie Kirk: idc|Corviknight, M|88/100
|-ability|p2a: Charlie Kirk: idc|Pressure
|turn|7
|
|t:|1760433548
|-terastallize|p1a: Hoopa|Fairy
|move|p1a: Hoopa|Thunderbolt|p2a: Charlie Kirk: idc
|-supereffective|p2a: Charlie Kirk: idc
|-damage|p2a: Charlie Kirk: idc|2/100
|-status|p2a: Charlie Kirk: idc|par
|move|p2a: Charlie Kirk: idc|U-turn|p1a: Hoopa
|-resisted|p1a: Hoopa
|-damage|p1a: Hoopa|88/100
|
|t:|1760433550
|switch|p2a: 🇮🇱=stop genocide|Gliscor, M|100/100 tox|[from] U-turn
|
|upkeep
|turn|8
|
|t:|1760433555
|switch|p1a: Great Tusk|Great Tusk|94/100 tox
|move|p2a: 🇮🇱=stop genocide|Toxic|p1a: Great Tusk
|-fail|p1a: Great Tusk|tox
|
|-damage|p1a: Great Tusk|88/100 tox|[from] psn
|upkeep
|turn|9
|
|t:|1760433560
|move|p1a: Great Tusk|Ice Spinner|p2a: 🇮🇱=stop genocide
|-supereffective|p2a: 🇮🇱=stop genocide
|-damage|p2a: 🇮🇱=stop genocide|26/100 tox
|move|p2a: 🇮🇱=stop genocide|Earthquake|p1a: Great Tusk
|-damage|p1a: Great Tusk|64/100 tox
|
|-damage|p1a: Great Tusk|52/100 tox|[from] psn
|-heal|p2a: 🇮🇱=stop genocide|38/100 tox|[from] ability: Poison Heal
|upkeep
|turn|10
|
|t:|1760433562
|switch|p2a: Charlie Kirk: idc|Corviknight, M|2/100 par
|-ability|p2a: Charlie Kirk: idc|Pressure
|move|p1a: Great Tusk|Stealth Rock|p2a: Charlie Kirk: idc
|-sidestart|p2: Trainer #39|move: Stealth Rock
|
|-damage|p1a: Great Tusk|33/100 tox|[from] psn
|upkeep
|turn|11
|
|t:|1760433565
|move|p1a: Great Tusk|Ice Spinner|p2a: Charlie Kirk: idc
|-damage|p2a: Charlie Kirk: idc|0 fnt
|-damage|p1a: Great Tusk|17/100 tox|[from] item: Rocky Helmet|[of] p2a: Charlie Kirk: idc
|faint|p2a: Charlie Kirk: idc
|
|-damage|p1a: Great Tusk|0 fnt|[from] psn
|faint|p1a: Great Tusk
|-end|p1a: Great Tusk|Protosynthesis|[silent]
|upkeep
|
|t:|1760433568
|switch|p1a: Hoopa|Hoopa-Unbound, tera:Fairy|88/100
|switch|p2a: Charli xcx|Clefable, M|100/100
|turn|12
|
|t:|1760433572
|move|p1a: Hoopa|Knock Off|p2a: Charli xcx
|-resisted|p2a: Charli xcx
|-damage|p2a: Charli xcx|71/100
|-enditem|p2a: Charli xcx|Heavy-Duty Boots|[from] move: Knock Off|[of] p1a: Hoopa
|move|p2a: Charli xcx|Moonblast|p1a: Hoopa
|-damage|p1a: Hoopa|70/100
|
|upkeep
|turn|13
|
|t:|1760433577
|move|p1a: Hoopa|Psychic Noise|p2a: Charli xcx
|-damage|p2a: Charli xcx|34/100
|-start|p2a: Charli xcx|move: Heal Block
|move|p2a: Charli xcx|Knock Off|p1a: Hoopa
|-resisted|p1a: Hoopa
|-damage|p1a: Hoopa|56/100
|-enditem|p1a: Hoopa|Assault Vest|[from] move: Knock Off|[of] p2a: Charli xcx
|
|upkeep
|turn|14
|
|t:|1760433581
|move|p1a: Hoopa|Psychic Noise|p2a: Charli xcx
|-damage|p2a: Charli xcx|1/100
|move|p2a: Charli xcx|Moonblast|p1a: Hoopa
|-damage|p1a: Hoopa|29/100
|
|-end|p2a: Charli xcx|move: Heal Block
|upkeep
|turn|15
|
|t:|1760433589
|move|p1a: Hoopa|Psychic Noise|p2a: Charli xcx
|-damage|p2a: Charli xcx|0 fnt
|faint|p2a: Charli xcx
|
|upkeep
|
|t:|1760433592
|switch|p2a: 808 and curses|Dondozo, M|100/100
|-damage|p2a: 808 and curses|88/100|[from] Stealth Rock
|turn|16
|
|t:|1760433596
|switch|p1a: Slowking|Slowking-Galar, M|100/100
|-terastallize|p2a: 808 and curses|Dragon
|move|p2a: 808 and curses|Waterfall|p1a: Slowking
|-damage|p1a: Slowking|70/100
|
|-heal|p2a: 808 and curses|94/100|[from] item: Leftovers
|upkeep
|turn|17
|
|t:|1760433601
|switch|p2a: brat|Blissey, F|100/100
|move|p1a: Slowking|Psychic Noise|p2a: brat
|-damage|p2a: brat|91/100
|-start|p2a: brat|move: Heal Block
|
|upkeep
|turn|18
|
|t:|1760433605
|move|p2a: brat|Stealth Rock|p1a: Slowking
|-sidestart|p1: MiaTaylor612|move: Stealth Rock
|-prepare|p1a: Slowking|Chilly Reception|[premajor]
|move|p1a: Slowking|Chilly Reception|p1a: Slowking
|-weather|Snowscape
|
|t:|1760433607
|switch|p1a: Hoopa|Hoopa-Unbound, tera:Fairy|29/100|[from] Chilly Reception
|-damage|p1a: Hoopa|16/100|[from] Stealth Rock
|
|-weather|Snowscape|[upkeep]
|-end|p2a: brat|move: Heal Block
|upkeep
|turn|19
|
|t:|1760433609
|switch|p2a: 808 and curses|Dondozo, M, tera:Dragon|94/100
|-damage|p2a: 808 and curses|82/100|[from] Stealth Rock
|move|p1a: Hoopa|Drain Punch|p2a: 808 and curses
|-damage|p2a: 808 and curses|71/100
|-heal|p1a: Hoopa|25/100|[from] drain|[of] p2a: 808 and curses
|-item|p1a: Hoopa|Leftovers|[from] ability: Magician|[of] p2a: 808 and curses
|
|-weather|Snowscape|[upkeep]
|-heal|p1a: Hoopa|31/100|[from] item: Leftovers
|upkeep
|turn|20
|
|t:|1760433618
|switch|p1a: Slowking|Slowking-Galar, M|100/100
|move|p2a: 808 and curses|Waterfall|p1a: Slowking
|-damage|p1a: Slowking|71/100
|
|-weather|Snowscape|[upkeep]
|upkeep
|turn|21
|
|t:|1760433623
|move|p2a: 808 and curses|Waterfall|p1a: Slowking
|-damage|p1a: Slowking|40/100
|move|p1a: Slowking|Psychic Noise|p2a: 808 and curses
|-damage|p2a: 808 and curses|43/100
|-start|p2a: 808 and curses|move: Heal Block
|
|-weather|Snowscape|[upkeep]
|upkeep
|turn|22
|
|t:|1760433626
|move|p2a: 808 and curses|Waterfall|p1a: Slowking
|-damage|p1a: Slowking|11/100
|-prepare|p1a: Slowking|Chilly Reception|[premajor]
|move|p1a: Slowking|Chilly Reception|p1a: Slowking
|
|t:|1760433628
|switch|p1a: Hoopa|Hoopa-Unbound, tera:Fairy|31/100|[from] Chilly Reception
|-damage|p1a: Hoopa|19/100|[from] Stealth Rock
|
|-weather|none
|-heal|p1a: Hoopa|25/100|[from] item: Leftovers
|-end|p2a: 808 and curses|move: Heal Block
|upkeep
|turn|23
|
|t:|1760433630
|move|p1a: Hoopa|Psychic Noise|p2a: 808 and curses
|-damage|p2a: 808 and curses|0 fnt
|faint|p2a: 808 and curses
|
|-heal|p1a: Hoopa|31/100|[from] item: Leftovers
|upkeep
|
|t:|1760433638
|switch|p2a: 🇮🇱=stop genocide|Gliscor, M|38/100 tox
|-damage|p2a: 🇮🇱=stop genocide|26/100 tox|[from] Stealth Rock
|turn|24
|
|t:|1760433640
|move|p2a: 🇮🇱=stop genocide|Protect|p2a: 🇮🇱=stop genocide
|-singleturn|p2a: 🇮🇱=stop genocide|Protect
|move|p1a: Hoopa|Psychic Noise|p2a: 🇮🇱=stop genocide
|-activate|p2a: 🇮🇱=stop genocide|move: Protect
|
|-heal|p1a: Hoopa|37/100|[from] item: Leftovers
|-heal|p2a: 🇮🇱=stop genocide|38/100 tox|[from] ability: Poison Heal
|upkeep
|turn|25
|
|t:|1760433642
|move|p1a: Hoopa|Psychic Noise|p2a: 🇮🇱=stop genocide
|-damage|p2a: 🇮🇱=stop genocide|0 fnt
|faint|p2a: 🇮🇱=stop genocide
|
|-heal|p1a: Hoopa|44/100|[from] item: Leftovers
|upkeep
|-message|Trainer #39 forfeited.
|
|win|MiaTaylor612
|raw|MiaTaylor612's rating: 1693 &rarr; <strong>1724</strong><br />(+31 for winning)
|raw|Trainer #39's rating: 1902 &rarr; <strong>1871</strong><br />(-31 for losing)
|l|☆Trainer #39
|player|p2|
|l| Rizzofreko
|l|☆MiaTaylor612
|player|p1|
