|j|☆murchy4
|j|☆hehedaruma2
|t:|1760445676
|gametype|singles
|player|p1|murchy4|102|1609
|player|p2|hehedaruma2|blackbelt-gen4dp|1601
|gen|9
|tier|[Gen 9] OU
|rated|
|rule|HP Percentage Mod: HP is shown in percentages
|rule|Endless Battle Clause: Forcing endless battles is banned
|rule|Species Clause: Limit one of each Pokémon
|rule|OHKO Clause: OHKO moves are banned
|rule|Evasion Items Clause: Evasion items are banned
|rule|Evasion Moves Clause: Evasion moves are banned
|rule|Evasion Abilities Clause: Evasion abilities are banned
|rule|Sleep Moves Clause: Sleep-inducing moves are banned
|clearpoke
|poke|p1|Pelipper, F|
|poke|p1|Tornadus-Therian, M|
|poke|p1|Iron Treads|
|poke|p1|Decidueye-Hisui, F|
|poke|p1|Barraskewda, M|
|poke|p1|Raging Bolt|
|poke|p2|Dondozo, M|
|poke|p2|Blissey, F|
|poke|p2|Corviknight, F|
|poke|p2|Weezing-Galar, M|
|poke|p2|Gliscor, F|
|poke|p2|Toxapex, M|
|teampreview
|inactive|Battle timer is ON: inactive players will automatically lose when time's up. (requested by hehedaruma2)
|j| Reynnyer
|
|t:|1760445689
|teamsize|p1|6
|teamsize|p2|6
|start
|switch|p1a: Barraskewda|Barraskewda, M|100/100
|switch|p2a: Gliscor|Gliscor, F|100/100
|turn|1
|l| Reynnyer
|
|t:|1760445713
|move|p1a: Barraskewda|Flip Turn|p2a: Gliscor
|-supereffective|p2a: Gliscor
|-damage|p2a: Gliscor|35/100
|-damage|p1a: Barraskewda|91/100|[from] item: Life Orb
|
|t:|1760445717
|switch|p1a: Pelipper|Pelipper, F|100/100|[from] Flip Turn
|-weather|RainDance|[from] ability: Drizzle|[of] p1a: Pelipper
|move|p2a: Gliscor|Knock Off|p1a: Pelipper
|-damage|p1a: Pelipper|83/100
|-enditem|p1a: Pelipper|Damp Rock|[from] move: Knock Off|[of] p2a: Gliscor
|
|-weather|RainDance|[upkeep]
|-status|p2a: Gliscor|tox|[from] item: Toxic Orb
|upkeep
|turn|2
|
|t:|1760445721
|move|p2a: Gliscor|Protect|p2a: Gliscor
|-singleturn|p2a: Gliscor|Protect
|move|p1a: Pelipper|U-turn|p2a: Gliscor
|-activate|p2a: Gliscor|move: Protect
|
|-weather|RainDance|[upkeep]
|-heal|p2a: Gliscor|48/100 tox|[from] ability: Poison Heal
|upkeep
|turn|3
|
|t:|1760445725
|switch|p2a: Toxapex|Toxapex, M|100/100
|move|p1a: Pelipper|Hurricane|p2a: Toxapex
|-damage|p2a: Toxapex|79/100
|-start|p2a: Toxapex|confusion
|
|-weather|RainDance|[upkeep]
|-heal|p2a: Toxapex|85/100|[from] item: Leftovers
|upkeep
|turn|4
|
|t:|1760445727
|move|p1a: Pelipper|U-turn|p2a: Toxapex
|-resisted|p2a: Toxapex
|-damage|p2a: Toxapex|82/100
|
|t:|1760445736
|switch|p1a: Iron Treads|Iron Treads|100/100|[from] U-turn
|-activate|p2a: Toxapex|confusion
|move|p2a: Toxapex|Toxic|p1a: Iron Treads
|-immune|p1a: Iron Treads
|
|-weather|RainDance|[upkeep]
|-heal|p2a: Toxapex|88/100|[from] item: Leftovers
|upkeep
|turn|5
|
|t:|1760445742
|switch|p2a: Dondozo|Dondozo, M|100/100
|move|p1a: Iron Treads|Stealth Rock|p2a: Dondozo
|-sidestart|p2: hehedaruma2|move: Stealth Rock
|
|-weather|RainDance|[upkeep]
|upkeep
|turn|6
|
|t:|1760445748
|-end|p1a: Iron Treads|Quark Drive|[silent]
|switch|p1a: Decidueye|Decidueye-Hisui, F|100/100
|move|p2a: Dondozo|Body Press|p1a: Decidueye
|-damage|p1a: Decidueye|81/100
|-damage|p2a: Dondozo|84/100|[from] item: Rocky Helmet|[of] p1a: Decidueye
|
|-weather|RainDance|[upkeep]
|-heal|p2a: Dondozo|90/100|[from] item: Leftovers
|upkeep
|turn|7
|
|t:|1760445754
|switch|p2a: Weezing|Weezing-Galar, M|100/100
|-ability|p2a: Weezing|Neutralizing Gas
|move|p1a: Decidueye|U-turn|p2a: Weezing
|-resisted|p2a: Weezing
|-damage|p2a: Weezing|98/100
|
|t:|1760445762
|switch|p1a: Barraskewda|Barraskewda, M|91/100|[from] U-turn
|
|-weather|RainDance|[upkeep]
|upkeep
|turn|8
|
|t:|1760445765
|move|p1a: Barraskewda|Flip Turn|p2a: Weezing
|-damage|p2a: Weezing|58/100
|-damage|p1a: Barraskewda|81/100|[from] item: Life Orb
|
|t:|1760445771
|switch|p1a: Decidueye|Decidueye-Hisui, F|81/100|[from] Flip Turn
|move|p2a: Weezing|Will-O-Wisp|p1a: Decidueye
|-status|p1a: Decidueye|brn
|
|-weather|none
|-damage|p1a: Decidueye|75/100 brn|[from] brn
|upkeep
|turn|9
|
|t:|1760445774
|switch|p1a: Pelipper|Pelipper, F|83/100
|move|p2a: Weezing|Pain Split|p1a: Pelipper
|-sethp|p1a: Pelipper|72/100|[from] move: Pain Split|[silent]
|-sethp|p2a: Weezing|69/100|[from] move: Pain Split
|
|upkeep
|turn|10
|
|t:|1760445780
|move|p2a: Weezing|Strange Steam|p1a: Pelipper
|-damage|p1a: Pelipper|31/100
|move|p1a: Pelipper|U-turn|p2a: Weezing
|-resisted|p2a: Weezing
|-damage|p2a: Weezing|68/100
|
|t:|1760445784
|switch|p1a: Iron Treads|Iron Treads|100/100|[from] U-turn
|
|upkeep
|turn|11
|
|t:|1760445788
|-end|p1a: Iron Treads|Quark Drive|[silent]
|switch|p1a: Pelipper|Pelipper, F|31/100
|move|p2a: Weezing|Will-O-Wisp|p1a: Pelipper
|-status|p1a: Pelipper|brn
|
|-damage|p1a: Pelipper|25/100 brn|[from] brn
|upkeep
|turn|12
|
|t:|1760445794
|switch|p1a: Tornadus|Tornadus-Therian, M|100/100
|move|p2a: Weezing|Defog|p1a: Tornadus
|-unboost|p1a: Tornadus|evasion|1
|-sideend|p2: hehedaruma2|Stealth Rock|[from] move: Defog|[of] p2a: Weezing
|
|upkeep
|turn|13
|
|t:|1760445797
|move|p1a: Tornadus|Hurricane|p2a: Weezing
|-damage|p2a: Weezing|0 fnt
|faint|p2a: Weezing
|-end|p2a: Weezing|ability: Neutralizing Gas
|
|upkeep
|
|t:|1760445799
|switch|p2a: Blissey|Blissey, F|100/100
|turn|14
|
|t:|1760445801
|switch|p1a: Pelipper|Pelipper, F|25/100 brn
|-weather|RainDance|[from] ability: Drizzle|[of] p1a: Pelipper
|move|p2a: Blissey|Stealth Rock|p1a: Pelipper
|-sidestart|p1: murchy4|move: Stealth Rock
|
|-weather|RainDance|[upkeep]
|-damage|p1a: Pelipper|19/100 brn|[from] brn
|upkeep
|turn|15
|
|t:|1760445804
|move|p2a: Blissey|Seismic Toss|p1a: Pelipper
|-damage|p1a: Pelipper|0 fnt
|faint|p1a: Pelipper
|
|-weather|RainDance|[upkeep]
|upkeep
|
|t:|1760445814
|switch|p1a: Barraskewda|Barraskewda, M|81/100
|-damage|p1a: Barraskewda|69/100|[from] Stealth Rock
|turn|16
|
|t:|1760445823
|switch|p2a: Corviknight|Corviknight, F|100/100
|-ability|p2a: Corviknight|Pressure
|move|p1a: Barraskewda|Flip Turn|p2a: Corviknight
|-damage|p2a: Corviknight|64/100
|-damage|p1a: Barraskewda|59/100|[from] item: Life Orb
|
|t:|1760445827
|switch|p1a: Raging Bolt|Raging Bolt|100/100|[from] Flip Turn
|-damage|p1a: Raging Bolt|88/100|[from] Stealth Rock
|-enditem|p1a: Raging Bolt|Booster Energy
|-activate|p1a: Raging Bolt|ability: Protosynthesis|[fromitem]
|-start|p1a: Raging Bolt|protosynthesisspa
|
|-weather|RainDance|[upkeep]
|-heal|p2a: Corviknight|71/100|[from] item: Leftovers
|upkeep
|turn|17
|
|t:|1760445829
|switch|p2a: Blissey|Blissey, F|100/100
|move|p1a: Raging Bolt|Thunder|p2a: Blissey
|-damage|p2a: Blissey|73/100
|
|-weather|RainDance|[upkeep]
|-heal|p2a: Blissey|79/100|[from] item: Leftovers
|upkeep
|turn|18
|
|t:|1760445832
|move|p1a: Raging Bolt|Thunder|p2a: Blissey
|-damage|p2a: Blissey|52/100
|move|p2a: Blissey|Seismic Toss|p1a: Raging Bolt
|-damage|p1a: Raging Bolt|64/100
|
|-weather|none
|-heal|p2a: Blissey|58/100|[from] item: Leftovers
|upkeep
|turn|19
|
|t:|1760445837
|-end|p1a: Raging Bolt|Protosynthesis|[silent]
|switch|p1a: Iron Treads|Iron Treads|100/100
|-damage|p1a: Iron Treads|98/100|[from] Stealth Rock
|move|p2a: Blissey|Soft-Boiled|p2a: Blissey
|-heal|p2a: Blissey|100/100
|
|-heal|p1a: Iron Treads|100/100|[from] item: Leftovers
|upkeep
|turn|20
|
|t:|1760445841
|switch|p2a: Gliscor|Gliscor, F|48/100 tox
|move|p1a: Iron Treads|Rapid Spin|p2a: Gliscor
|-damage|p2a: Gliscor|38/100 tox
|-boost|p1a: Iron Treads|spe|1
|-sideend|p1: murchy4|Stealth Rock|[from] move: Rapid Spin|[of] p1a: Iron Treads
|
|-heal|p2a: Gliscor|50/100 tox|[from] ability: Poison Heal
|upkeep
|turn|21
|
|t:|1760445844
|move|p1a: Iron Treads|Stealth Rock|p2a: Gliscor
|-sidestart|p2: hehedaruma2|move: Stealth Rock
|move|p2a: Gliscor|Knock Off|p1a: Iron Treads
|-damage|p1a: Iron Treads|85/100
|-enditem|p1a: Iron Treads|Leftovers|[from] move: Knock Off|[of] p2a: Gliscor
|
|-heal|p2a: Gliscor|63/100 tox|[from] ability: Poison Heal
|upkeep
|turn|22
|
|t:|1760445849
|-end|p1a: Iron Treads|Quark Drive|[silent]
|switch|p1a: Tornadus|Tornadus-Therian, M|100/100
|move|p2a: Gliscor|Earthquake|p1a: Tornadus
|-immune|p1a: Tornadus
|
|-heal|p2a: Gliscor|75/100 tox|[from] ability: Poison Heal
|upkeep
|turn|23
|
|t:|1760445855
|move|p2a: Gliscor|Protect|p2a: Gliscor
|-singleturn|p2a: Gliscor|Protect
|move|p1a: Tornadus|Hurricane|p2a: Gliscor
|-activate|p2a: Gliscor|move: Protect
|
|-heal|p2a: Gliscor|88/100 tox|[from] ability: Poison Heal
|upkeep
|turn|24
|
|t:|1760445858
|switch|p1a: Iron Treads|Iron Treads|85/100
|switch|p2a: Toxapex|Toxapex, M|100/100
|-damage|p2a: Toxapex|88/100|[from] Stealth Rock
|
|-heal|p2a: Toxapex|94/100|[from] item: Leftovers
|upkeep
|turn|25
|
|t:|1760445861
|switch|p2a: Gliscor|Gliscor, F|88/100 tox
|-damage|p2a: Gliscor|75/100 tox|[from] Stealth Rock
|move|p1a: Iron Treads|Knock Off|p2a: Gliscor
|-damage|p2a: Gliscor|57/100 tox
|-enditem|p2a: Gliscor|Toxic Orb|[from] move: Knock Off|[of] p1a: Iron Treads
|
|-heal|p2a: Gliscor|70/100 tox|[from] ability: Poison Heal
|upkeep
|turn|26
|
|t:|1760445867
|-end|p1a: Iron Treads|Quark Drive|[silent]
|switch|p1a: Raging Bolt|Raging Bolt|64/100
|move|p2a: Gliscor|Knock Off|p1a: Raging Bolt
|-damage|p1a: Raging Bolt|52/100
|
|-heal|p2a: Gliscor|82/100 tox|[from] ability: Poison Heal
|upkeep
|turn|27
|
|t:|1760445873
|-end|p1a: Raging Bolt|Protosynthesis|[silent]
|switch|p1a: Tornadus|Tornadus-Therian, M|100/100
|move|p2a: Gliscor|Earthquake|p1a: Tornadus
|-immune|p1a: Tornadus
|
|-heal|p2a: Gliscor|95/100 tox|[from] ability: Poison Heal
|upkeep
|turn|28
|
|t:|1760445875
|move|p1a: Tornadus|Hurricane|p2a: Gliscor|[miss]
|-miss|p1a: Tornadus|p2a: Gliscor
|move|p2a: Gliscor|Knock Off|p1a: Tornadus
|-damage|p1a: Tornadus|71/100
|-enditem|p1a: Tornadus|Choice Specs|[from] move: Knock Off|[of] p2a: Gliscor
|
|-heal|p2a: Gliscor|100/100 tox|[from] ability: Poison Heal
|upkeep
|turn|29
|
|t:|1760445880
|move|p1a: Tornadus|Hurricane|p2a: Gliscor|[miss]
|-miss|p1a: Tornadus|p2a: Gliscor
|move|p2a: Gliscor|Spikes|p1a: Tornadus
|-sidestart|p1: murchy4|Spikes
|
|upkeep
|turn|30
|
|t:|1760445883
|move|p1a: Tornadus|Hurricane|p2a: Gliscor
|-damage|p2a: Gliscor|60/100 tox
|-start|p2a: Gliscor|confusion
|-activate|p2a: Gliscor|confusion
|move|p2a: Gliscor|Spikes|p1a: Tornadus
|-sidestart|p1: murchy4|Spikes
|
|-heal|p2a: Gliscor|73/100 tox|[from] ability: Poison Heal
|upkeep
|turn|31
|
|t:|1760445887
|switch|p2a: Corviknight|Corviknight, F|71/100
|-damage|p2a: Corviknight|58/100|[from] Stealth Rock
|-ability|p2a: Corviknight|Pressure
|move|p1a: Tornadus|Hurricane|p2a: Corviknight
|-resisted|p2a: Corviknight
|-damage|p2a: Corviknight|32/100
|
|-heal|p2a: Corviknight|39/100|[from] item: Leftovers
|upkeep
|turn|32
|
|t:|1760445893
|move|p1a: Tornadus|Focus Blast|p2a: Corviknight
|-damage|p2a: Corviknight|1/100
|move|p2a: Corviknight|Roost|p2a: Corviknight
|-heal|p2a: Corviknight|51/100
|-singleturn|p2a: Corviknight|move: Roost
|
|-heal|p2a: Corviknight|57/100|[from] item: Leftovers
|upkeep
|turn|33
|l|☆murchy4
|inactive|murchy4 disconnected and has a minute to reconnect!
|player|p1|
|inactive|murchy4 has 30 seconds to reconnect!
|inactive|murchy4 has 20 seconds to reconnect!
|inactive|murchy4 has 15 seconds to reconnect!
|inactive|murchy4 has 10 seconds to reconnect!
|inactive|murchy4 has 5 seconds to reconnect!
|-message|murchy4 lost due to inactivity.
|
|win|hehedaruma2
|raw|murchy4's rating: 1609 &rarr; <strong>1589</strong><br />(-20 for losing)
|raw|hehedaruma2's rating: 1601 &rarr; <strong>1621</strong><br />(+20 for winning)
|l|☆hehedaruma2
|player|p2|
