|j|‽Crabpears
|j|☆GrxmIsTaken
|t:|1760323263
|gametype|singles
|player|p1|Crabpears|preschooler|1475
|player|p2|GrxmIsTaken|blaine|1452
|gen|9
|tier|[Gen 9] OU
|rated|
|rule|HP Percentage Mod: HP is shown in percentages
|rule|Endless Battle Clause: Forcing endless battles is banned
|rule|Species Clause: Limit one of each Pokémon
|rule|OHKO Clause: OHKO moves are banned
|rule|Evasion Items Clause: Evasion items are banned
|rule|Evasion Moves Clause: Evasion moves are banned
|rule|Evasion Abilities Clause: Evasion abilities are banned
|rule|Sleep Moves Clause: Sleep-inducing moves are banned
|clearpoke
|poke|p1|Scizor, M|
|poke|p1|Great Tusk|
|poke|p1|Raging Bolt|
|poke|p1|Primarina, M|
|poke|p1|Corviknight, M|
|poke|p1|Darkrai|
|poke|p2|Crabominable, M|
|poke|p2|Zapdos|
|poke|p2|Ogerpon-Wellspring, F|
|poke|p2|Great Tusk|
|poke|p2|Heatran, F|
|poke|p2|Rillaboom, F|
|teampreview
|inactive|Battle timer is ON: inactive players will automatically lose when time's up. (requested by Crabpears)
|
|t:|1760323277
|teamsize|p1|6
|teamsize|p2|6
|start
|switch|p1a: Raging Bolt|Raging Bolt|100/100
|switch|p2a: BoomBoom|Rillaboom, F|100/100
|-fieldstart|move: Grassy Terrain|[from] ability: Grassy Surge|[of] p2a: BoomBoom
|turn|1
|
|t:|1760323280
|-end|p1a: Raging Bolt|Protosynthesis|[silent]
|switch|p1a: Corviknight|Corviknight, M|100/100
|-ability|p1a: Corviknight|Pressure
|move|p2a: BoomBoom|Knock Off|p1a: Corviknight
|-damage|p1a: Corviknight|84/100
|-damage|p2a: BoomBoom|84/100|[from] item: Rocky Helmet|[of] p1a: Corviknight
|-enditem|p1a: Corviknight|Rocky Helmet|[from] move: Knock Off|[of] p2a: BoomBoom
|
|-heal|p2a: BoomBoom|90/100|[from] Grassy Terrain
|upkeep
|turn|2
|
|t:|1760323283
|move|p2a: BoomBoom|U-turn|p1a: Corviknight
|-resisted|p1a: Corviknight
|-damage|p1a: Corviknight|81/100
|
|t:|1760323286
|switch|p2a: Hawaii|Heatran, F|100/100|[from] U-turn
|move|p1a: Corviknight|U-turn|p2a: Hawaii
|-resisted|p2a: Hawaii
|-damage|p2a: Hawaii|98/100
|
|t:|1760323292
|switch|p1a: Great Tusk|Great Tusk|100/100|[from] U-turn
|
|-heal|p2a: Hawaii|100/100|[from] Grassy Terrain
|upkeep
|turn|3
|
|t:|1760323302
|move|p1a: Great Tusk|Headlong Rush|p2a: Hawaii
|-supereffective|p2a: Hawaii
|-damage|p2a: Hawaii|0 fnt
|-unboost|p1a: Great Tusk|def|1
|-unboost|p1a: Great Tusk|spd|1
|faint|p2a: Hawaii
|
|upkeep
|
|t:|1760323314
|switch|p2a: Yeti King|Crabominable, M|100/100
|turn|4
|
|t:|1760323321
|-end|p1a: Great Tusk|Protosynthesis|[silent]
|switch|p1a: Corviknight|Corviknight, M|81/100
|-ability|p1a: Corviknight|Pressure
|move|p2a: Yeti King|Ice Hammer|p1a: Corviknight
|-damage|p1a: Corviknight|18/100
|-unboost|p2a: Yeti King|spe|1
|
|upkeep
|turn|5
|
|t:|1760323326
|switch|p2a: Astalos|Zapdos|100/100
|move|p1a: Corviknight|Roost|p1a: Corviknight
|-heal|p1a: Corviknight|68/100
|-singleturn|p1a: Corviknight|move: Roost
|
|-heal|p1a: Corviknight|74/100|[from] Grassy Terrain
|-fieldend|move: Grassy Terrain
|upkeep
|turn|6
|
|t:|1760323338
|switch|p1a: Raging Bolt|Raging Bolt|100/100
|move|p2a: Astalos|Hurricane|p1a: Raging Bolt
|-resisted|p1a: Raging Bolt
|-damage|p1a: Raging Bolt|79/100
|-start|p1a: Raging Bolt|confusion
|
|-heal|p1a: Raging Bolt|85/100|[from] item: Leftovers
|upkeep
|turn|7
|
|t:|1760323355
|switch|p2a: Great Beast|Great Tusk|100/100
|-activate|p1a: Raging Bolt|confusion
|move|p1a: Raging Bolt|Dragon Pulse|p2a: Great Beast
|-damage|p2a: Great Beast|29/100
|
|-heal|p1a: Raging Bolt|91/100|[from] item: Leftovers
|upkeep
|turn|8
|
|t:|1760323362
|-end|p1a: Raging Bolt|Protosynthesis|[silent]
|switch|p1a: Corviknight|Corviknight, M|74/100
|-ability|p1a: Corviknight|Pressure
|move|p2a: Great Beast|Headlong Rush|p1a: Corviknight
|-immune|p1a: Corviknight
|
|upkeep
|turn|9
|
|t:|1760323369
|move|p2a: Great Beast|Temper Flare|p1a: Corviknight
|-supereffective|p1a: Corviknight
|-crit|p1a: Corviknight
|-damage|p1a: Corviknight|0 fnt
|faint|p1a: Corviknight
|
|upkeep
|
|t:|1760323374
|switch|p1a: Darkrai|Darkrai|100/100
|turn|10
|
|t:|1760323388
|-end|p2a: Great Beast|Protosynthesis|[silent]
|switch|p2a: Yeti King|Crabominable, M|100/100
|move|p1a: Darkrai|Sludge Bomb|p2a: Yeti King
|-damage|p2a: Yeti King|58/100
|-status|p2a: Yeti King|psn
|
|-damage|p2a: Yeti King|46/100 psn|[from] psn
|upkeep
|turn|11
|
|t:|1760323400
|switch|p1a: Scizor|Scizor, M, shiny|100/100
|move|p2a: Yeti King|Ice Hammer|p1a: Scizor
|-resisted|p1a: Scizor
|-damage|p1a: Scizor|48/100
|-unboost|p2a: Yeti King|spe|1
|
|-damage|p2a: Yeti King|34/100 psn|[from] psn
|upkeep
|turn|12
|
|t:|1760323404
|switch|p2a: Astalos|Zapdos|100/100
|move|p1a: Scizor|U-turn|p2a: Astalos
|-resisted|p2a: Astalos
|-damage|p2a: Astalos|80/100
|
|t:|1760323407
|switch|p1a: Raging Bolt|Raging Bolt|91/100|[from] U-turn
|
|-heal|p1a: Raging Bolt|97/100|[from] item: Leftovers
|upkeep
|turn|13
|
|t:|1760323415
|switch|p2a: Great Beast|Great Tusk|29/100
|move|p1a: Raging Bolt|Dragon Pulse|p2a: Great Beast
|-damage|p2a: Great Beast|0 fnt
|faint|p2a: Great Beast
|-end|p2a: Great Beast|Protosynthesis|[silent]
|
|-heal|p1a: Raging Bolt|100/100|[from] item: Leftovers
|upkeep
|-message|GrxmIsTaken forfeited.
|
|win|Crabpears
|raw|Crabpears's rating: 1475 &rarr; <strong>1494</strong><br />(+19 for winning)
|raw|GrxmIsTaken's rating: 1452 &rarr; <strong>1433</strong><br />(-19 for losing)
|l|☆GrxmIsTaken
|player|p2|
|l|‽Crabpears
|player|p1|
