|j|☆Jdjdjdjdjnv
|j|☆bluboi11
|t:|1760332641
|gametype|singles
|player|p1|Jdjdjdjdjnv|artist-gen4|1116
|player|p2|bluboi11|170|1117
|gen|9
|tier|[Gen 9] OU
|rated|
|rule|HP Percentage Mod: HP is shown in percentages
|rule|Endless Battle Clause: Forcing endless battles is banned
|rule|Species Clause: Limit one of each Pokémon
|rule|OHKO Clause: OHKO moves are banned
|rule|Evasion Items Clause: Evasion items are banned
|rule|Evasion Moves Clause: Evasion moves are banned
|rule|Evasion Abilities Clause: Evasion abilities are banned
|rule|Sleep Moves Clause: Sleep-inducing moves are banned
|clearpoke
|poke|p1|Hatterene, F|
|poke|p1|Ambipom, M|
|poke|p1|Iron Crown|
|poke|p1|Fezandipiti, M|
|poke|p1|Sandy Shocks|
|poke|p1|Mienshao, F|
|poke|p2|Umbreon, M|
|poke|p2|Espeon, F|
|poke|p2|Leafeon, F|
|poke|p2|Vaporeon, F|
|poke|p2|Sylveon, M|
|poke|p2|Flareon, M|
|teampreview
|
|t:|1760332645
|teamsize|p1|6
|teamsize|p2|6
|start
|switch|p1a: PpButt|Ambipom, M, shiny|100/100
|switch|p2a: Umbreon|Umbreon, M, shiny|100/100
|turn|1
|
|t:|1760332649
|move|p1a: PpButt|Fake Out|p2a: Umbreon
|-damage|p2a: Umbreon|75/100
|cant|p2a: Umbreon|flinch
|
|-heal|p2a: Umbreon|81/100|[from] item: Leftovers
|upkeep
|turn|2
|
|t:|1760332652
|move|p1a: PpButt|U-turn|p2a: Umbreon
|-supereffective|p2a: Umbreon
|-damage|p2a: Umbreon|49/100
|
|t:|1760332657
|switch|p1a: Fezandipiti|Fezandipiti, M|100/100|[from] U-turn
|move|p2a: Umbreon|Toxic|p1a: Fezandipiti
|-immune|p1a: Fezandipiti
|
|-heal|p2a: Umbreon|55/100|[from] item: Leftovers
|upkeep
|turn|3
|
|t:|1760332666
|switch|p2a: Vaporeon|Vaporeon, F|100/100
|move|p1a: Fezandipiti|Poison Jab|p2a: Vaporeon
|-damage|p2a: Vaporeon|42/100
|
|upkeep
|turn|4
|inactive|Battle timer is ON: inactive players will automatically lose when time's up. (requested by Jdjdjdjdjnv)
|
|t:|1760332675
|move|p1a: Fezandipiti|Poison Jab|p2a: Vaporeon
|-damage|p2a: Vaporeon|0 fnt
|faint|p2a: Vaporeon
|
|upkeep
|
|t:|1760332678
|switch|p2a: Flareon|Flareon, M|100/100
|turn|5
|
|t:|1760332684
|move|p1a: Fezandipiti|Poison Jab|p2a: Flareon
|-damage|p2a: Flareon|30/100
|move|p2a: Flareon|Sunny Day|p2a: Flareon
|-weather|SunnyDay
|
|-weather|SunnyDay|[upkeep]
|-status|p2a: Flareon|tox|[from] item: Toxic Orb
|upkeep
|turn|6
|
|t:|1760332696
|move|p2a: Flareon|Protect|p2a: Flareon
|-singleturn|p2a: Flareon|Protect
|move|p1a: Fezandipiti|Poison Jab|p2a: Flareon
|-activate|p2a: Flareon|move: Protect
|
|-weather|SunnyDay|[upkeep]
|-damage|p2a: Flareon|24/100 tox|[from] psn
|upkeep
|turn|7
|
|t:|1760332707
|move|p1a: Fezandipiti|Poison Jab|p2a: Flareon
|-damage|p2a: Flareon|0 fnt
|faint|p2a: Flareon
|
|-weather|SunnyDay|[upkeep]
|upkeep
|
|t:|1760332709
|switch|p2a: Leafeon|Leafeon, F|100/100
|turn|8
|
|t:|1760332720
|move|p2a: Leafeon|Knock Off|p1a: Fezandipiti
|-resisted|p1a: Fezandipiti
|-damage|p1a: Fezandipiti|73/100
|-enditem|p1a: Fezandipiti|Choice Band|[from] move: Knock Off|[of] p2a: Leafeon
|-damage|p2a: Leafeon|91/100|[from] item: Life Orb
|move|p1a: Fezandipiti|Poison Jab|p2a: Leafeon
|-supereffective|p2a: Leafeon
|-damage|p2a: Leafeon|21/100
|-status|p2a: Leafeon|tox|[from] ability: Toxic Chain|[of] p1a: Fezandipiti
|
|-weather|SunnyDay|[upkeep]
|-damage|p2a: Leafeon|15/100 tox|[from] psn
|upkeep
|turn|9
|
|t:|1760332730
|move|p2a: Leafeon|Leaf Blade|p1a: Fezandipiti
|-resisted|p1a: Fezandipiti
|-damage|p1a: Fezandipiti|34/100
|-damage|p2a: Leafeon|5/100 tox|[from] item: Life Orb
|move|p1a: Fezandipiti|U-turn|p2a: Leafeon
|-supereffective|p2a: Leafeon
|-damage|p2a: Leafeon|0 fnt
|faint|p2a: Leafeon
|
|t:|1760332733
|switch|p1a: Sandy Shocks|Sandy Shocks|100/100|[from] U-turn
|-activate|p1a: Sandy Shocks|ability: Protosynthesis
|-start|p1a: Sandy Shocks|protosynthesisspa
|
|-weather|none
|-end|p1a: Sandy Shocks|Protosynthesis
|upkeep
|
|t:|1760332739
|switch|p2a: Sylveon|Sylveon, M, shiny|100/100
|turn|10
|
|t:|1760332750
|move|p1a: Sandy Shocks|Volt Switch|p2a: Sylveon
|-damage|p2a: Sylveon|75/100
|
|t:|1760332752
|-end|p1a: Sandy Shocks|Protosynthesis|[silent]
|switch|p1a: Hatterene|Hatterene, F|100/100|[from] Volt Switch
|move|p2a: Sylveon|Hyper Voice|p1a: Hatterene
|-damage|p1a: Hatterene|21/100
|-enditem|p1a: Hatterene|Eject Button
|
|t:|1760332754
|switch|p1a: Iron Crown|Iron Crown|100/100
|
|upkeep
|turn|11
|
|t:|1760332766
|switch|p2a: Espeon|Espeon, F|100/100
|move|p1a: Iron Crown|Tachyon Cutter|p2a: Espeon
|-damage|p2a: Espeon|60/100
|-damage|p2a: Espeon|16/100
|-hitcount|p2a: Espeon|2
|
|-heal|p2a: Espeon|22/100|[from] item: Leftovers
|upkeep
|turn|12
|
|t:|1760332791
|-end|p1a: Iron Crown|Quark Drive|[silent]
|switch|p1a: Hatterene|Hatterene, F|21/100
|move|p2a: Espeon|Light Screen|p2a: Espeon
|-sidestart|p2: bluboi11|move: Light Screen
|
|-heal|p2a: Espeon|28/100|[from] item: Leftovers
|upkeep
|turn|13
|
|t:|1760332801
|move|p2a: Espeon|Draining Kiss|p1a: Hatterene
|-damage|p1a: Hatterene|5/100
|-heal|p2a: Espeon|40/100|[from] drain|[of] p1a: Hatterene
|move|p1a: Hatterene|Nuzzle|p2a: Espeon
|-damage|p2a: Espeon|34/100
|-status|p2a: Espeon|par
|-activate|p2a: Espeon|ability: Synchronize
|-status|p1a: Hatterene|par
|
|-heal|p2a: Espeon|40/100 par|[from] item: Leftovers
|upkeep
|turn|14
|
|t:|1760332805
|move|p2a: Espeon|Draining Kiss|p1a: Hatterene
|-damage|p1a: Hatterene|0 fnt
|-heal|p2a: Espeon|43/100 par|[from] drain|[of] p1a: Hatterene
|faint|p1a: Hatterene
|
|-heal|p2a: Espeon|49/100 par|[from] item: Leftovers
|upkeep
|
|t:|1760332808
|switch|p1a: PpButt|Ambipom, M, shiny|100/100
|turn|15
|
|t:|1760332811
|move|p1a: PpButt|Fake Out|p2a: Espeon
|-damage|p2a: Espeon|4/100 par
|cant|p2a: Espeon|flinch
|
|-heal|p2a: Espeon|10/100 par|[from] item: Leftovers
|upkeep
|turn|16
|
|t:|1760332815
|move|p1a: PpButt|Knock Off|p2a: Espeon
|-supereffective|p2a: Espeon
|-damage|p2a: Espeon|0 fnt
|-enditem|p2a: Espeon|Leftovers|[from] move: Knock Off|[of] p1a: PpButt
|faint|p2a: Espeon
|
|-sideend|p2: bluboi11|move: Light Screen
|upkeep
|
|t:|1760332819
|switch|p2a: Umbreon|Umbreon, M, shiny|55/100
|turn|17
|
|t:|1760332822
|move|p1a: PpButt|U-turn|p2a: Umbreon
|-supereffective|p2a: Umbreon
|-damage|p2a: Umbreon|24/100
|
|t:|1760332824
|switch|p1a: Fezandipiti|Fezandipiti, M|34/100|[from] U-turn
|move|p2a: Umbreon|Substitute|p2a: Umbreon
|-fail|p2a: Umbreon|move: Substitute|[weak]
|
|-heal|p2a: Umbreon|30/100|[from] item: Leftovers
|upkeep
|turn|18
|
|t:|1760332828
|move|p2a: Umbreon|Protect|p2a: Umbreon
|-singleturn|p2a: Umbreon|Protect
|move|p1a: Fezandipiti|Poison Jab|p2a: Umbreon
|-activate|p2a: Umbreon|move: Protect
|
|-heal|p2a: Umbreon|36/100|[from] item: Leftovers
|upkeep
|turn|19
|
|t:|1760332832
|move|p1a: Fezandipiti|Poison Jab|p2a: Umbreon
|-damage|p2a: Umbreon|10/100
|move|p2a: Umbreon|Substitute|p2a: Umbreon
|-fail|p2a: Umbreon|move: Substitute|[weak]
|
|-heal|p2a: Umbreon|16/100|[from] item: Leftovers
|upkeep
|turn|20
|
|t:|1760332837
|move|p2a: Umbreon|Protect|p2a: Umbreon
|-singleturn|p2a: Umbreon|Protect
|move|p1a: Fezandipiti|Play Rough|p2a: Umbreon
|-activate|p2a: Umbreon|move: Protect
|
|-heal|p2a: Umbreon|22/100|[from] item: Leftovers
|upkeep
|turn|21
|
|t:|1760332840
|move|p1a: Fezandipiti|Poison Jab|p2a: Umbreon
|-damage|p2a: Umbreon|0 fnt
|faint|p2a: Umbreon
|
|upkeep
|
|t:|1760332843
|switch|p2a: Sylveon|Sylveon, M, shiny|75/100
|turn|22
|
|t:|1760332855
|-terastallize|p2a: Sylveon|Fairy
|move|p1a: Fezandipiti|Poison Jab|p2a: Sylveon
|-supereffective|p2a: Sylveon
|-damage|p2a: Sylveon|0 fnt
|faint|p2a: Sylveon
|
|win|Jdjdjdjdjnv
|raw|Jdjdjdjdjnv's rating: 1116 &rarr; <strong>1141</strong><br />(+25 for winning)
|raw|bluboi11's rating: 1117 &rarr; <strong>1092</strong><br />(-25 for losing)
|l|☆bluboi11
|player|p2|
|l|☆Jdjdjdjdjnv
|player|p1|
