|j|☆exo444
|j|☆the.ramen.gang
|t:|1760451557
|gametype|singles
|player|p1|exo444|bruno|1093
|player|p2|the.ramen.gang|266|1126
|gen|9
|tier|[Gen 9] OU
|rated|
|rule|HP Percentage Mod: HP is shown in percentages
|rule|Endless Battle Clause: Forcing endless battles is banned
|rule|Species Clause: Limit one of each Pokémon
|rule|OHKO Clause: OHKO moves are banned
|rule|Evasion Items Clause: Evasion items are banned
|rule|Evasion Moves Clause: Evasion moves are banned
|rule|Evasion Abilities Clause: Evasion abilities are banned
|rule|Sleep Moves Clause: Sleep-inducing moves are banned
|clearpoke
|poke|p1|Hoopa-Unbound|
|poke|p1|Alomomola, F|
|poke|p1|Weezing-Galar, F|
|poke|p1|Gliscor, F|
|poke|p1|Kingambit, F|
|poke|p1|Dragapult, F|
|poke|p2|Sableye, M|
|poke|p2|Hitmontop, M|
|poke|p2|Toedscruel, F|
|poke|p2|Pincurchin, M|
|poke|p2|Swanna, F|
|poke|p2|Clawitzer, F|
|teampreview
|
|t:|1760451563
|teamsize|p1|6
|teamsize|p2|6
|start
|switch|p1a: Dragapult|Dragapult, F|100/100
|switch|p2a: Clawitzer|Clawitzer, F|100/100
|turn|1
|inactive|Battle timer is ON: inactive players will automatically lose when time's up. (requested by the.ramen.gang)
|
|t:|1760451581
|move|p1a: Dragapult|Dragon Darts|p2a: Clawitzer
|-damage|p2a: Clawitzer|77/100
|-anim|p1a: Dragapult|Dragon Darts|p2a: Clawitzer
|-damage|p2a: Clawitzer|55/100
|move|p2a: Clawitzer|Dragon Pulse|p1a: Dragapult
|-supereffective|p1a: Dragapult
|-damage|p1a: Dragapult|0 fnt
|faint|p1a: Dragapult
|
|upkeep
|
|t:|1760451605
|switch|p1a: Hoopa|Hoopa-Unbound|100/100
|turn|2
|
|t:|1760451610
|move|p1a: Hoopa|Thunderbolt|p2a: Clawitzer
|-supereffective|p2a: Clawitzer
|-damage|p2a: Clawitzer|0 fnt
|faint|p2a: Clawitzer
|
|upkeep
|
|t:|1760451617
|switch|p2a: Sableye|Sableye, M|100/100
|turn|3
|
|t:|1760451626
|move|p1a: Hoopa|Knock Off|p2a: Sableye
|-crit|p2a: Sableye
|-damage|p2a: Sableye|13/100
|-enditem|p2a: Sableye|Leftovers|[from] move: Knock Off|[of] p1a: Hoopa
|move|p2a: Sableye|Knock Off|p1a: Hoopa
|-damage|p1a: Hoopa|58/100
|-enditem|p1a: Hoopa|Assault Vest|[from] move: Knock Off|[of] p2a: Sableye
|
|upkeep
|turn|4
|
|t:|1760451633
|move|p2a: Sableye|Recover|p2a: Sableye
|-heal|p2a: Sableye|63/100
|move|p1a: Hoopa|Knock Off|p2a: Sableye
|-damage|p2a: Sableye|25/100
|
|upkeep
|turn|5
|inactive|exo444 has 120 seconds left.
|
|t:|1760451679
|move|p2a: Sableye|Recover|p2a: Sableye
|-heal|p2a: Sableye|75/100
|move|p1a: Hoopa|Knock Off|p2a: Sableye
|-damage|p2a: Sableye|40/100
|
|upkeep
|turn|6
|
|t:|1760451687
|move|p2a: Sableye|Recover|p2a: Sableye
|-heal|p2a: Sableye|90/100
|move|p1a: Hoopa|Knock Off|p2a: Sableye
|-damage|p2a: Sableye|53/100
|
|upkeep
|turn|7
|
|t:|1760451695
|move|p1a: Hoopa|Drain Punch|p2a: Sableye
|-immune|p2a: Sableye
|move|p2a: Sableye|Knock Off|p1a: Hoopa
|-damage|p1a: Hoopa|31/100
|
|upkeep
|turn|8
|inactive|exo444 has 120 seconds left.
|
|t:|1760451711
|move|p1a: Hoopa|Psychic Noise|p2a: Sableye
|-immune|p2a: Sableye
|move|p2a: Sableye|Knock Off|p1a: Hoopa
|-damage|p1a: Hoopa|4/100
|
|upkeep
|turn|9
|
|t:|1760451727
|move|p1a: Hoopa|Thunderbolt|p2a: Sableye
|-damage|p2a: Sableye|0 fnt
|faint|p2a: Sableye
|
|upkeep
|
|t:|1760451731
|switch|p2a: Hitmontop|Hitmontop, M|100/100
|turn|10
|inactive|exo444 has 120 seconds left.
|
|t:|1760451741
|move|p2a: Hitmontop|Fake Out|p1a: Hoopa
|-damage|p1a: Hoopa|0 fnt
|faint|p1a: Hoopa
|
|upkeep
|inactive|exo444 has 90 seconds left.
|
|t:|1760451788
|switch|p1a: Alomomola|Alomomola, F|100/100
|turn|11
|
|t:|1760451810
|switch|p2a: Toedscruel|Toedscruel, F|100/100
|move|p1a: Alomomola|Tickle|p2a: Toedscruel
|-unboost|p2a: Toedscruel|atk|1
|-unboost|p2a: Toedscruel|def|1
|
|upkeep
|turn|12
|inactive|exo444 has 60 seconds left.
|
|t:|1760451828
|move|p1a: Alomomola|Tickle|p2a: Toedscruel
|-unboost|p2a: Toedscruel|atk|1
|-unboost|p2a: Toedscruel|def|1
|move|p2a: Toedscruel|Leech Seed|p1a: Alomomola
|-start|p1a: Alomomola|move: Leech Seed
|
|-damage|p1a: Alomomola|88/100|[from] Leech Seed|[of] p2a: Toedscruel
|upkeep
|turn|13
|inactive|exo444 has 60 seconds left.
|
|t:|1760451846
|switch|p1a: Gliscor|Gliscor, F|100/100
|move|p2a: Toedscruel|Giga Drain|p1a: Gliscor
|-damage|p1a: Gliscor|81/100
|
|-status|p1a: Gliscor|tox|[from] item: Toxic Orb
|upkeep
|turn|14
|inactive|exo444 has 60 seconds left.
|
|t:|1760451855
|move|p1a: Gliscor|Swords Dance|p1a: Gliscor
|-boost|p1a: Gliscor|atk|2
|move|p2a: Toedscruel|Leech Seed|p1a: Gliscor|[miss]
|-miss|p2a: Toedscruel|p1a: Gliscor
|
|-heal|p1a: Gliscor|94/100 tox|[from] ability: Poison Heal
|upkeep
|turn|15
|inactive|exo444 has 60 seconds left.
|
|t:|1760451872
|-terastallize|p1a: Gliscor|Normal
|move|p1a: Gliscor|Facade|p2a: Toedscruel
|-damage|p2a: Toedscruel|0 fnt
|faint|p2a: Toedscruel
|
|-heal|p1a: Gliscor|100/100 tox|[from] ability: Poison Heal
|upkeep
|
|t:|1760451877
|switch|p2a: Hitmontop|Hitmontop, M|100/100
|turn|16
|
|t:|1760451886
|move|p2a: Hitmontop|Fake Out|p1a: Gliscor
|-damage|p1a: Gliscor|85/100 tox
|cant|p1a: Gliscor|flinch
|
|-heal|p1a: Gliscor|97/100 tox|[from] ability: Poison Heal
|upkeep
|turn|17
|
|t:|1760451894
|move|p2a: Hitmontop|Mach Punch|p1a: Gliscor
|-supereffective|p1a: Gliscor
|-damage|p1a: Gliscor|56/100 tox
|move|p1a: Gliscor|Earthquake|p2a: Hitmontop
|-damage|p2a: Hitmontop|28/100
|
|-heal|p1a: Gliscor|68/100 tox|[from] ability: Poison Heal
|upkeep
|turn|18
|
|t:|1760451902
|move|p1a: Gliscor|Protect|p1a: Gliscor
|-singleturn|p1a: Gliscor|Protect
|move|p2a: Hitmontop|Mach Punch|p1a: Gliscor
|-activate|p1a: Gliscor|move: Protect
|
|-heal|p1a: Gliscor|81/100 tox|[from] ability: Poison Heal
|upkeep
|turn|19
|
|t:|1760451909
|move|p2a: Hitmontop|Mach Punch|p1a: Gliscor
|-supereffective|p1a: Gliscor
|-damage|p1a: Gliscor|38/100 tox
|move|p1a: Gliscor|Earthquake|p2a: Hitmontop
|-damage|p2a: Hitmontop|0 fnt
|faint|p2a: Hitmontop
|
|-heal|p1a: Gliscor|51/100 tox|[from] ability: Poison Heal
|upkeep
|
|t:|1760451916
|switch|p2a: Swanna|Swanna, F|100/100
|turn|20
|inactive|exo444 has 90 seconds left.
|
|t:|1760451922
|move|p1a: Gliscor|Protect|p1a: Gliscor
|-singleturn|p1a: Gliscor|Protect
|move|p2a: Swanna|Hydro Pump|p1a: Gliscor
|-activate|p1a: Gliscor|move: Protect
|
|-heal|p1a: Gliscor|63/100 tox|[from] ability: Poison Heal
|upkeep
|turn|21
|
|t:|1760451931
|move|p1a: Gliscor|Facade|p2a: Swanna
|-damage|p2a: Swanna|0 fnt
|faint|p2a: Swanna
|
|-heal|p1a: Gliscor|76/100 tox|[from] ability: Poison Heal
|upkeep
|
|t:|1760451937
|switch|p2a: Pincurchin|Pincurchin, M|100/100
|turn|22
|
|t:|1760451947
|-terastallize|p2a: Pincurchin|Flying
|move|p1a: Gliscor|Earthquake|p2a: Pincurchin
|-immune|p2a: Pincurchin
|move|p2a: Pincurchin|Curse|p2a: Pincurchin
|-unboost|p2a: Pincurchin|spe|1
|-boost|p2a: Pincurchin|atk|1
|-boost|p2a: Pincurchin|def|1
|
|-heal|p1a: Gliscor|88/100 tox|[from] ability: Poison Heal
|upkeep
|turn|23
|
|t:|1760451958
|move|p1a: Gliscor|Facade|p2a: Pincurchin
|-damage|p2a: Pincurchin|51/100
|-damage|p1a: Gliscor|72/100 tox|[from] item: Rocky Helmet|[of] p2a: Pincurchin
|move|p2a: Pincurchin|Curse|p2a: Pincurchin
|-unboost|p2a: Pincurchin|spe|1
|-boost|p2a: Pincurchin|atk|1
|-boost|p2a: Pincurchin|def|1
|
|-heal|p1a: Gliscor|84/100 tox|[from] ability: Poison Heal
|upkeep
|turn|24
|
|t:|1760451968
|move|p1a: Gliscor|Facade|p2a: Pincurchin
|-damage|p2a: Pincurchin|13/100
|-damage|p1a: Gliscor|68/100 tox|[from] item: Rocky Helmet|[of] p2a: Pincurchin
|move|p2a: Pincurchin|Recover|p2a: Pincurchin
|-heal|p2a: Pincurchin|63/100
|
|-heal|p1a: Gliscor|80/100 tox|[from] ability: Poison Heal
|upkeep
|turn|25
|
|t:|1760451976
|move|p1a: Gliscor|Swords Dance|p1a: Gliscor
|-boost|p1a: Gliscor|atk|2
|move|p2a: Pincurchin|Curse|p2a: Pincurchin
|-unboost|p2a: Pincurchin|spe|1
|-boost|p2a: Pincurchin|atk|1
|-boost|p2a: Pincurchin|def|1
|
|-heal|p1a: Gliscor|93/100 tox|[from] ability: Poison Heal
|upkeep
|turn|26
|
|t:|1760451984
|move|p1a: Gliscor|Swords Dance|p1a: Gliscor
|-boost|p1a: Gliscor|atk|2
|move|p2a: Pincurchin|Recover|p2a: Pincurchin
|-heal|p2a: Pincurchin|100/100
|
|-heal|p1a: Gliscor|100/100 tox|[from] ability: Poison Heal
|upkeep
|turn|27
|inactive|exo444 has 120 seconds left.
|
|t:|1760451991
|move|p1a: Gliscor|Facade|p2a: Pincurchin
|-damage|p2a: Pincurchin|42/100
|-damage|p1a: Gliscor|84/100 tox|[from] item: Rocky Helmet|[of] p2a: Pincurchin
|move|p2a: Pincurchin|Curse|p2a: Pincurchin
|-unboost|p2a: Pincurchin|spe|1
|-boost|p2a: Pincurchin|atk|1
|-boost|p2a: Pincurchin|def|1
|
|-heal|p1a: Gliscor|97/100 tox|[from] ability: Poison Heal
|upkeep
|turn|28
|
|t:|1760452000
|move|p1a: Gliscor|Facade|p2a: Pincurchin
|-damage|p2a: Pincurchin|0 fnt
|-damage|p1a: Gliscor|80/100 tox|[from] item: Rocky Helmet|[of] p2a: Pincurchin
|faint|p2a: Pincurchin
|
|win|exo444
|raw|exo444's rating: 1093 &rarr; <strong>1122</strong><br />(+29 for winning)
|raw|the.ramen.gang's rating: 1126 &rarr; <strong>1099</strong><br />(-27 for losing)
|l|☆the.ramen.gang
|player|p2|
|l|☆exo444
|player|p1|
