|j|☆elpets
|j|☆K3c8ge4
|t:|1760361440
|gametype|singles
|player|p1|elpets|infielder|1748
|player|p2|K3c8ge4|elesa|1792
|gen|9
|tier|[Gen 9] OU
|rated|
|rule|HP Percentage Mod: HP is shown in percentages
|rule|Endless Battle Clause: Forcing endless battles is banned
|rule|Species Clause: Limit one of each Pokémon
|rule|OHKO Clause: OHKO moves are banned
|rule|Evasion Items Clause: Evasion items are banned
|rule|Evasion Moves Clause: Evasion moves are banned
|rule|Evasion Abilities Clause: Evasion abilities are banned
|rule|Sleep Moves Clause: Sleep-inducing moves are banned
|clearpoke
|poke|p1|Hatterene, F|
|poke|p1|Dragonite, F|
|poke|p1|Breloom, F|
|poke|p1|Azumarill, F|
|poke|p1|Great Tusk|
|poke|p1|Skeledirge, F|
|poke|p2|Scizor, M|
|poke|p2|Raging Bolt|
|poke|p2|Primarina, M|
|poke|p2|Ogerpon-Cornerstone, F|
|poke|p2|Great Tusk|
|poke|p2|Zamazenta-*|
|teampreview
|inactive|Battle timer is ON: inactive players will automatically lose when time's up. (requested by K3c8ge4)
|
|t:|1760361457
|teamsize|p1|6
|teamsize|p2|6
|start
|switch|p1a: Ippo|Breloom, F|100/100
|switch|p2a: Ogerpon|Ogerpon-Cornerstone, F|100/100
|turn|1
|
|t:|1760361477
|switch|p2a: Primarina|Primarina, M|100/100
|move|p1a: Ippo|Bullet Seed|p2a: Primarina
|-supereffective|p2a: Primarina
|-damage|p2a: Primarina|51/100
|-supereffective|p2a: Primarina
|-damage|p2a: Primarina|0 fnt
|faint|p2a: Primarina
|-hitcount|p2: Primarina|2
|
|upkeep
|inactive|K3c8ge4 has 120 seconds left.
|
|t:|1760361493
|switch|p2a: Scizor|Scizor, M|100/100
|turn|2
|
|t:|1760361495
|switch|p1a: Skeledirge|Skeledirge, F|100/100
|move|p2a: Scizor|Dual Wingbeat|p1a: Skeledirge
|-damage|p1a: Skeledirge|79/100
|-damage|p1a: Skeledirge|60/100
|-hitcount|p1a: Skeledirge|2
|
|upkeep
|turn|3
|
|t:|1760361500
|switch|p2a: Raging Bolt|Raging Bolt|100/100
|move|p1a: Skeledirge|Torch Song|p2a: Raging Bolt
|-resisted|p2a: Raging Bolt
|-damage|p2a: Raging Bolt|88/100
|-boost|p1a: Skeledirge|spa|1
|
|upkeep
|turn|4
|
|t:|1760361505
|switch|p1a: Great Tusk|Great Tusk|100/100
|-enditem|p1a: Great Tusk|Booster Energy
|-activate|p1a: Great Tusk|ability: Protosynthesis|[fromitem]
|-start|p1a: Great Tusk|protosynthesisatk
|move|p2a: Raging Bolt|Draco Meteor|p1a: Great Tusk
|-damage|p1a: Great Tusk|0 fnt
|-unboost|p2a: Raging Bolt|spa|2
|faint|p1a: Great Tusk
|-end|p1a: Great Tusk|Protosynthesis|[silent]
|
|upkeep
|
|t:|1760361508
|switch|p1a: Azumarill|Azumarill, F|100/100
|turn|5
|
|t:|1760361511
|-end|p2a: Raging Bolt|Protosynthesis|[silent]
|switch|p2a: Ogerpon|Ogerpon-Cornerstone, F|100/100
|move|p1a: Azumarill|Knock Off|p2a: Ogerpon
|-damage|p2a: Ogerpon|62/100
|
|upkeep
|turn|6
|
|t:|1760361516
|move|p2a: Ogerpon|Power Whip|p1a: Azumarill
|-supereffective|p1a: Azumarill
|-damage|p1a: Azumarill|0 fnt
|faint|p1a: Azumarill
|
|upkeep
|
|t:|1760361520
|switch|p1a: Ippo|Breloom, F|100/100
|turn|7
|
|t:|1760361530
|switch|p2a: Scizor|Scizor, M|100/100
|move|p1a: Ippo|Swords Dance|p1a: Ippo
|-boost|p1a: Ippo|atk|2
|
|upkeep
|turn|8
|
|t:|1760361543
|move|p1a: Ippo|Mach Punch|p2a: Scizor
|-damage|p2a: Scizor|26/100
|move|p2a: Scizor|Dual Wingbeat|p1a: Ippo
|-supereffective|p1a: Ippo
|-enditem|p1a: Ippo|Focus Sash
|-damage|p1a: Ippo|1/100
|-supereffective|p1a: Ippo
|-damage|p1a: Ippo|0 fnt
|faint|p1a: Ippo
|-hitcount|p1: Ippo|2
|
|upkeep
|
|t:|1760361547
|switch|p1a: Dragonite|Dragonite, F|100/100
|turn|9
|
|t:|1760361550
|switch|p2a: Great Tusk|Great Tusk|100/100
|move|p1a: Dragonite|Dragon Dance|p1a: Dragonite
|-boost|p1a: Dragonite|atk|1
|-boost|p1a: Dragonite|spe|1
|
|upkeep
|turn|10
|
|t:|1760361552
|move|p1a: Dragonite|Dragon Dance|p1a: Dragonite
|-boost|p1a: Dragonite|atk|1
|-boost|p1a: Dragonite|spe|1
|move|p2a: Great Tusk|Ice Spinner|p1a: Dragonite
|-supereffective|p1a: Dragonite
|-damage|p1a: Dragonite|45/100
|
|upkeep
|turn|11
|
|t:|1760361560
|move|p1a: Dragonite|Outrage|p2a: Great Tusk
|-damage|p2a: Great Tusk|20/100
|move|p2a: Great Tusk|Ice Spinner|p1a: Dragonite
|-supereffective|p1a: Dragonite
|-damage|p1a: Dragonite|0 fnt
|faint|p1a: Dragonite
|
|upkeep
|
|t:|1760361565
|switch|p1a: Hatterene|Hatterene, F|100/100
|turn|12
|
|t:|1760361568
|move|p2a: Great Tusk|Headlong Rush|p1a: Hatterene
|-damage|p1a: Hatterene|44/100
|-unboost|p2a: Great Tusk|def|1
|-unboost|p2a: Great Tusk|spd|1
|move|p1a: Hatterene|Trick Room|p1a: Hatterene
|-fieldstart|move: Trick Room|[of] p1a: Hatterene
|
|-heal|p1a: Hatterene|50/100|[from] item: Leftovers
|upkeep
|turn|13
|
|t:|1760361576
|move|p1a: Hatterene|Draining Kiss|p2a: Great Tusk
|-supereffective|p2a: Great Tusk
|-damage|p2a: Great Tusk|0 fnt
|-heal|p1a: Hatterene|70/100|[from] drain|[of] p2a: Great Tusk
|faint|p2a: Great Tusk
|-end|p2a: Great Tusk|Protosynthesis|[silent]
|
|-heal|p1a: Hatterene|76/100|[from] item: Leftovers
|upkeep
|
|t:|1760361592
|switch|p2a: Scizor|Scizor, M|26/100
|turn|14
|
|t:|1760361596
|switch|p1a: Skeledirge|Skeledirge, F|60/100
|move|p2a: Scizor|Bullet Punch|p1a: Skeledirge
|-resisted|p1a: Skeledirge
|-damage|p1a: Skeledirge|45/100
|
|upkeep
|turn|15
|
|t:|1760361598
|switch|p2a: Raging Bolt|Raging Bolt|88/100
|move|p1a: Skeledirge|Torch Song|p2a: Raging Bolt
|-resisted|p2a: Raging Bolt
|-damage|p2a: Raging Bolt|74/100
|-boost|p1a: Skeledirge|spa|1
|
|upkeep
|turn|16
|
|t:|1760361601
|move|p1a: Skeledirge|Shadow Ball|p2a: Raging Bolt
|-damage|p2a: Raging Bolt|35/100
|move|p2a: Raging Bolt|Volt Switch|p1a: Skeledirge
|-damage|p1a: Skeledirge|0 fnt
|faint|p1a: Skeledirge
|
|t:|1760361606
|-end|p2a: Raging Bolt|Protosynthesis|[silent]
|switch|p2a: Scizor|Scizor, M|26/100|[from] Volt Switch
|
|-fieldend|move: Trick Room
|upkeep
|
|t:|1760361608
|switch|p1a: Hatterene|Hatterene, F|76/100
|turn|17
|
|t:|1760361613
|-terastallize|p2a: Scizor|Steel
|-terastallize|p1a: Hatterene|Fire
|move|p2a: Scizor|Bullet Punch|p1a: Hatterene
|-resisted|p1a: Hatterene
|-damage|p1a: Hatterene|40/100
|move|p1a: Hatterene|Trick Room|p1a: Hatterene
|-fieldstart|move: Trick Room|[of] p1a: Hatterene
|
|-heal|p1a: Hatterene|46/100|[from] item: Leftovers
|upkeep
|turn|18
|
|t:|1760361619
|move|p2a: Scizor|Bullet Punch|p1a: Hatterene
|-resisted|p1a: Hatterene
|-damage|p1a: Hatterene|5/100
|move|p1a: Hatterene|Mystical Fire|p2a: Scizor
|-supereffective|p2a: Scizor
|-damage|p2a: Scizor|0 fnt
|faint|p2a: Scizor
|
|-heal|p1a: Hatterene|11/100|[from] item: Leftovers
|upkeep
|
|t:|1760361625
|switch|p2a: Raging Bolt|Raging Bolt|35/100
|turn|19
|
|t:|1760361633
|move|p2a: Raging Bolt|Thunderclap||[still]
|-fail|p2a: Raging Bolt
|move|p1a: Hatterene|Trick Room|p1a: Hatterene
|-fieldend|move: Trick Room
|
|-heal|p1a: Hatterene|17/100|[from] item: Leftovers
|upkeep
|turn|20
|
|t:|1760361636
|move|p2a: Raging Bolt|Thunderclap||[still]
|-fail|p2a: Raging Bolt
|move|p1a: Hatterene|Trick Room|p1a: Hatterene
|-fieldstart|move: Trick Room|[of] p1a: Hatterene
|
|-heal|p1a: Hatterene|23/100|[from] item: Leftovers
|upkeep
|turn|21
|
|t:|1760361640
|move|p2a: Raging Bolt|Thunderclap|p1a: Hatterene
|-damage|p1a: Hatterene|0 fnt
|faint|p1a: Hatterene
|
|win|K3c8ge4
|raw|elpets's rating: 1748 &rarr; <strong>1731</strong><br />(-17 for losing)
|raw|K3c8ge4's rating: 1792 &rarr; <strong>1809</strong><br />(+17 for winning)
|l|☆K3c8ge4
|player|p2|
|l|☆elpets
|player|p1|
|j|☆elpets
|player|p1|elpets|infielder|
|l|☆elpets
|player|p1|
