|j|☆Swaddling Sewaddle
|j|☆SpeedSweep
|t:|1760366595
|gametype|singles
|player|p1|Swaddling Sewaddle|roxanne|1182
|player|p2|SpeedSweep|169|1147
|gen|9
|tier|[Gen 9] OU
|rated|
|rule|HP Percentage Mod: HP is shown in percentages
|rule|Endless Battle Clause: Forcing endless battles is banned
|rule|Species Clause: Limit one of each Pokémon
|rule|OHKO Clause: OHKO moves are banned
|rule|Evasion Items Clause: Evasion items are banned
|rule|Evasion Moves Clause: Evasion moves are banned
|rule|Evasion Abilities Clause: Evasion abilities are banned
|rule|Sleep Moves Clause: Sleep-inducing moves are banned
|clearpoke
|poke|p1|Ogerpon-Cornerstone, F|
|poke|p1|Florges-White, F|
|poke|p1|Espeon, F|
|poke|p1|Sandy Shocks|
|poke|p1|Ninetales-Alola, M|
|poke|p1|Zoroark-Hisui, M|
|poke|p2|Enamorus, F|
|poke|p2|Serperior, M|
|poke|p2|Ribombee, F|
|poke|p2|Cinderace, F|
|poke|p2|Kingambit, M|
|poke|p2|Malamar, M|
|teampreview
|inactive|Battle timer is ON: inactive players will automatically lose when time's up. (requested by SpeedSweep)
|
|t:|1760366603
|teamsize|p1|6
|teamsize|p2|6
|start
|switch|p1a: Sandy Shocks|Sandy Shocks|100/100
|switch|p2a: Ribombee|Ribombee, F, shiny|100/100
|-enditem|p1a: Sandy Shocks|Booster Energy
|-activate|p1a: Sandy Shocks|ability: Protosynthesis|[fromitem]
|-start|p1a: Sandy Shocks|protosynthesisspe
|turn|1
|
|t:|1760366613
|move|p1a: Sandy Shocks|Power Gem|p2a: Ribombee
|-supereffective|p2a: Ribombee
|-damage|p2a: Ribombee|8/100
|move|p2a: Ribombee|Sticky Web|p1a: Sandy Shocks
|-sidestart|p1: Swaddling Sewaddle|move: Sticky Web
|
|upkeep
|turn|2
|
|t:|1760366625
|move|p1a: Sandy Shocks|Stealth Rock|p2a: Ribombee
|-sidestart|p2: SpeedSweep|move: Stealth Rock
|move|p2a: Ribombee|Stun Spore|p1a: Sandy Shocks
|-immune|p1a: Sandy Shocks
|
|upkeep
|turn|3
|
|t:|1760366630
|move|p1a: Sandy Shocks|Power Gem|p2a: Ribombee
|-supereffective|p2a: Ribombee
|-damage|p2a: Ribombee|0 fnt
|faint|p2a: Ribombee
|
|upkeep
|
|t:|1760366634
|switch|p2a: Cinderace|Cinderace, F|100/100
|turn|4
|c|☆Swaddling Sewaddle|Both Ground and Electric
|c|☆Swaddling Sewaddle|Plus Protosynthesis
|
|t:|1760366662
|move|p1a: Sandy Shocks|Earth Power|p2a: Cinderace
|-supereffective|p2a: Cinderace
|-damage|p2a: Cinderace|0 fnt
|faint|p2a: Cinderace
|
|upkeep
|c|☆SpeedSweep|not sure ur seeing the bigger picture here
|
|t:|1760366678
|switch|p2a: Serperior|Serperior, M, shiny|100/100
|-damage|p2a: Serperior|88/100|[from] Stealth Rock
|turn|5
|inactive|Swaddling Sewaddle has 120 seconds left.
|
|t:|1760366709
|move|p1a: Sandy Shocks|Power Gem|p2a: Serperior
|-damage|p2a: Serperior|57/100
|move|p2a: Serperior|Substitute|p2a: Serperior
|-start|p2a: Serperior|Substitute
|-damage|p2a: Serperior|32/100
|
|upkeep
|turn|6
|c|☆Swaddling Sewaddle|Probably. I tend to miss obvious things lol
|c|☆SpeedSweep|lmao no worries thisll be fun for both of us
|inactive|Swaddling Sewaddle has 90 seconds left.
|
|t:|1760366752
|-end|p1a: Sandy Shocks|Protosynthesis|[silent]
|switch|p1a: Espeon|Espeon, F|100/100
|-activate|p1a: Espeon|move: Sticky Web
|-unboost|p1a: Espeon|spe|1
|move|p2a: Serperior|Giga Drain|p1a: Espeon
|-damage|p1a: Espeon|35/100
|-heal|p2a: Serperior|60/100|[from] drain|[of] p1a: Espeon
|replace|p1a: Zoroark|Zoroark-Hisui, M
|-end|p1a: Zoroark|Illusion
|-damage|p2a: Serperior|50/100|[from] item: Life Orb
|
|upkeep
|turn|7
|
|t:|1760366761
|move|p2a: Serperior|Leaf Storm|p1a: Zoroark
|-damage|p1a: Zoroark|0 fnt
|-boost|p2a: Serperior|spa|2
|faint|p1a: Zoroark
|-damage|p2a: Serperior|41/100|[from] item: Life Orb
|
|upkeep
|
|t:|1760366776
|switch|p1a: Ninetales|Ninetales-Alola, M|100/100
|-activate|p1a: Ninetales|move: Sticky Web
|-unboost|p1a: Ninetales|spe|1
|-weather|Snowscape|[from] ability: Snow Warning|[of] p1a: Ninetales
|turn|8
|c|☆Swaddling Sewaddle|Well, there goes plan B lol
|
|t:|1760366789
|move|p2a: Serperior|Leaf Storm|p1a: Ninetales
|-damage|p1a: Ninetales|0 fnt
|-boost|p2a: Serperior|spa|2
|faint|p1a: Ninetales
|-damage|p2a: Serperior|31/100|[from] item: Life Orb
|
|-weather|Snowscape|[upkeep]
|upkeep
|
|t:|1760366798
|switch|p1a: Espeon|Espeon, F|100/100
|-activate|p1a: Espeon|move: Sticky Web
|-unboost|p1a: Espeon|spe|1
|turn|9
|
|t:|1760366811
|move|p2a: Serperior|Giga Drain|p1a: Espeon
|-damage|p1a: Espeon|1/100
|-heal|p2a: Serperior|77/100|[from] drain|[of] p1a: Espeon
|-damage|p2a: Serperior|67/100|[from] item: Life Orb
|move|p1a: Espeon|Psyshock|p2a: Serperior
|-end|p2a: Serperior|Substitute
|
|-weather|Snowscape|[upkeep]
|upkeep
|turn|10
|
|t:|1760366820
|move|p2a: Serperior|Giga Drain|p1a: Espeon
|-damage|p1a: Espeon|0 fnt
|-heal|p2a: Serperior|67/100|[from] drain|[of] p1a: Espeon
|faint|p1a: Espeon
|-damage|p2a: Serperior|57/100|[from] item: Life Orb
|
|-weather|Snowscape|[upkeep]
|upkeep
|
|t:|1760366826
|switch|p1a: Florges|Florges-White, F|100/100
|-activate|p1a: Florges|move: Sticky Web
|-unboost|p1a: Florges|spe|1
|turn|11
|c|☆Swaddling Sewaddle|This would be plan D
|
|t:|1760366838
|-terastallize|p2a: Serperior|Stellar
|move|p2a: Serperior|Tera Blast|p1a: Florges|[anim] Tera Blast Stellar
|-damage|p1a: Florges|18/100
|-boost|p2a: Serperior|atk|1
|-boost|p2a: Serperior|spa|1
|-enditem|p1a: Florges|Aguav Berry|[eat]
|-heal|p1a: Florges|51/100|[from] item: Aguav Berry
|-damage|p2a: Serperior|47/100|[from] item: Life Orb
|move|p1a: Florges|Draining Kiss|p2a: Serperior
|-crit|p2a: Serperior
|-damage|p2a: Serperior|4/100
|-heal|p1a: Florges|83/100|[from] drain|[of] p2a: Serperior
|
|-weather|Snowscape|[upkeep]
|upkeep
|turn|12
|c|☆SpeedSweep|man florges' spdef is crazy high
|c|☆Swaddling Sewaddle|You can tera into Stellar?
|c|☆SpeedSweep|that is crazy
|
|t:|1760366861
|move|p2a: Serperior|Giga Drain|p1a: Florges
|-damage|p1a: Florges|0 fnt
|-heal|p2a: Serperior|46/100|[from] drain|[of] p1a: Florges
|faint|p1a: Florges
|-damage|p2a: Serperior|36/100|[from] item: Life Orb
|
|-weather|none
|upkeep
|c|☆SpeedSweep|well yeah ofc i can
|c|☆Swaddling Sewaddle|I'm actually not a man
|
|t:|1760366871
|switch|p1a: Ogerpon|Ogerpon-Cornerstone, F|100/100
|-activate|p1a: Ogerpon|move: Sticky Web
|-unboost|p1a: Ogerpon|spe|1
|turn|13
|c|☆SpeedSweep|oh mb
|
|t:|1760366879
|move|p2a: Serperior|Tera Blast|p1a: Ogerpon|[anim] Tera Blast Stellar
|-ability|p1a: Ogerpon|Sturdy
|-damage|p1a: Ogerpon|1/100
|-boost|p2a: Serperior|atk|1
|-boost|p2a: Serperior|spa|1
|-damage|p2a: Serperior|27/100|[from] item: Life Orb
|move|p1a: Ogerpon|U-turn|p2a: Serperior
|-supereffective|p2a: Serperior
|-damage|p2a: Serperior|0 fnt
|faint|p2a: Serperior
|
|t:|1760366891
|switch|p1a: Sandy Shocks|Sandy Shocks|100/100|[from] U-turn
|-activate|p1a: Sandy Shocks|move: Sticky Web
|-unboost|p1a: Sandy Shocks|spe|1
|
|upkeep
|c|☆SpeedSweep|wait why didnt u go into that before lmao
|c|☆SpeedSweep|forgot u had that
|
|t:|1760366905
|switch|p2a: Enamorus|Enamorus, F, shiny|100/100
|-damage|p2a: Enamorus|76/100|[from] Stealth Rock
|turn|14
|c|☆Swaddling Sewaddle|Because I forgot it had Sturdy lol
|
|t:|1760366916
|move|p2a: Enamorus|Superpower|p1a: Sandy Shocks
|-damage|p1a: Sandy Shocks|56/100
|-boost|p2a: Enamorus|atk|1
|-boost|p2a: Enamorus|def|1
|move|p1a: Sandy Shocks|Thunderbolt|p2a: Enamorus
|-supereffective|p2a: Enamorus
|-damage|p2a: Enamorus|0 fnt
|faint|p2a: Enamorus
|
|upkeep
|c|☆SpeedSweep|lol
|c|☆Swaddling Sewaddle|Hey, at least I am honest about it xD
|c|☆SpeedSweep|i think u may win this
|
|t:|1760366938
|switch|p2a: Malamar|Malamar, M, shiny|100/100
|-damage|p2a: Malamar|88/100|[from] Stealth Rock
|turn|15
|c|☆Swaddling Sewaddle|I'm a bit Sceptile-cal about it
|c|☆SpeedSweep|me too but lets see
|
|t:|1760366954
|move|p2a: Malamar|Superpower|p1a: Sandy Shocks
|-damage|p1a: Sandy Shocks|22/100
|-boost|p2a: Malamar|atk|1
|-boost|p2a: Malamar|def|1
|move|p1a: Sandy Shocks|Thunderbolt|p2a: Malamar
|-damage|p2a: Malamar|33/100
|
|upkeep
|turn|16
|
|t:|1760366962
|move|p2a: Malamar|Superpower|p1a: Sandy Shocks
|-damage|p1a: Sandy Shocks|0 fnt
|-boost|p2a: Malamar|atk|1
|-boost|p2a: Malamar|def|1
|faint|p1a: Sandy Shocks
|-end|p1a: Sandy Shocks|Protosynthesis|[silent]
|
|upkeep
|
|t:|1760366968
|switch|p1a: Ogerpon|Ogerpon-Cornerstone, F|1/100
|-activate|p1a: Ogerpon|move: Sticky Web
|-unboost|p1a: Ogerpon|spe|1
|turn|17
|
|t:|1760366976
|move|p2a: Malamar|Knock Off|p1a: Ogerpon
|-crit|p1a: Ogerpon
|-damage|p1a: Ogerpon|0 fnt
|faint|p1a: Ogerpon
|
|win|SpeedSweep
|raw|Swaddling Sewaddle's rating: 1182 &rarr; <strong>1154</strong><br />(-28 for losing)
|raw|SpeedSweep's rating: 1147 &rarr; <strong>1175</strong><br />(+28 for winning)
|c|☆SpeedSweep|oof
|c|☆Swaddling Sewaddle|Well poop
|c|☆SpeedSweep|gg
|c|☆SpeedSweep|ah well
|c|☆Swaddling Sewaddle|At least you were a fun opponent
|c|☆SpeedSweep|ill tell u my strat
|c|☆SpeedSweep|so basically i was gonna use court change on cinderace
|c|☆SpeedSweep|when i set up webs
|c|☆SpeedSweep|so basically sticky web would come to my sid
|c|☆SpeedSweep|and then i come in with contrary mons
|c|☆SpeedSweep|and get stat buffs instead of debuffs, 1.5x speed
|c|☆SpeedSweep|cuz thats what contrary does
|c|☆SpeedSweep|turns debuffs into buffs
|c|☆Swaddling Sewaddle|That's clever
|c|☆SpeedSweep|so basically
|c|☆Swaddling Sewaddle|My team is like all surprise factor anyway
|c|☆SpeedSweep|that wouldve swept
|c|☆SpeedSweep|oh mine is purely for the memes
|c|☆Swaddling Sewaddle|My Zoroark was gonna Curse you lol
|c|☆SpeedSweep|not to win just to annoy lol
|c|☆SpeedSweep|yeah i saw that coming
|c|☆Swaddling Sewaddle|Curse goes through Substitute
|c|☆SpeedSweep|i had a feeling that u would go for that
|c|☆SpeedSweep|but i also knew u might have forgotten that ogre had sturdy
|c|☆SpeedSweep|so u either tera'd or went for an ailment move
|c|☆SpeedSweep|ll
|c|☆SpeedSweep|lol
|c|☆Swaddling Sewaddle|Oh well
|c|☆SpeedSweep|ggs tho
|l|☆SpeedSweep
|player|p2|
|c|☆Swaddling Sewaddle|Thanks for the battle!
|l|☆Swaddling Sewaddle
|player|p1|
