|j|☆solocosmata
|j|☆1Loss15Pushups
|t:|1760435784
|gametype|singles
|player|p1|solocosmata|psychic-gen4|1119
|player|p2|1Loss15Pushups|102|1137
|gen|9
|tier|[Gen 9] OU
|rated|
|rule|HP Percentage Mod: HP is shown in percentages
|rule|Endless Battle Clause: Forcing endless battles is banned
|rule|Species Clause: Limit one of each Pokémon
|rule|OHKO Clause: OHKO moves are banned
|rule|Evasion Items Clause: Evasion items are banned
|rule|Evasion Moves Clause: Evasion moves are banned
|rule|Evasion Abilities Clause: Evasion abilities are banned
|rule|Sleep Moves Clause: Sleep-inducing moves are banned
|clearpoke
|poke|p1|Clodsire, M|
|poke|p1|Reuniclus, F|
|poke|p1|Rillaboom, M|
|poke|p1|Ceruledge, M|
|poke|p1|Azumarill, M|
|poke|p1|Ninetales-Alola, M|
|poke|p2|Great Tusk|
|poke|p2|Dragonite, M|
|poke|p2|Ogerpon-Wellspring, F|
|poke|p2|Maushold|
|poke|p2|Gholdengo|
|poke|p2|Moltres|
|teampreview
|c|☆1Loss15Pushups|yooo every loss i have to do 15 pushups
|c|☆1Loss15Pushups|glhf get me ripped
|c|☆solocosmata|damn glhf
|
|t:|1760435823
|teamsize|p1|6
|teamsize|p2|6
|start
|switch|p1a: Mattress|Clodsire, M, shiny|100/100
|switch|p2a: Maushold|Maushold|100/100
|turn|1
|
|t:|1760435829
|move|p2a: Maushold|Population Bomb|p1a: Mattress
|-damage|p1a: Mattress|92/100
|-damage|p1a: Mattress|83/100
|-damage|p1a: Mattress|75/100
|-damage|p1a: Mattress|66/100
|-damage|p1a: Mattress|56/100
|-damage|p1a: Mattress|48/100
|-damage|p1a: Mattress|39/100
|-damage|p1a: Mattress|29/100
|-damage|p1a: Mattress|21/100
|-damage|p1a: Mattress|12/100
|-hitcount|p1a: Mattress|10
|move|p1a: Mattress|Toxic|p2a: Maushold
|-status|p2a: Maushold|tox
|
|-damage|p2a: Maushold|94/100 tox|[from] psn
|upkeep
|turn|2
|
|t:|1760435848
|switch|p2a: Ogerpon|Ogerpon-Wellspring, F|100/100
|switch|p1a: Devas|Ceruledge, M|100/100
|
|upkeep
|turn|3
|
|t:|1760435857
|switch|p1a: Sticks|Rillaboom, M|100/100
|-fieldstart|move: Grassy Terrain|[from] ability: Grassy Surge|[of] p1a: Sticks
|move|p2a: Ogerpon|Ivy Cudgel|p1a: Sticks|[anim] Ivy Cudgel Water
|-resisted|p1a: Sticks
|-damage|p1a: Sticks|67/100
|
|-heal|p1a: Sticks|73/100|[from] Grassy Terrain
|upkeep
|turn|4
|
|t:|1760435867
|switch|p2a: Moltres|Moltres|100/100
|move|p1a: Sticks|U-turn|p2a: Moltres
|-resisted|p2a: Moltres
|-damage|p2a: Moltres|94/100
|
|t:|1760435881
|switch|p1a: Devas|Ceruledge, M|100/100|[from] U-turn
|
|upkeep
|turn|5
|
|t:|1760435885
|move|p1a: Devas|Swords Dance|p1a: Devas
|-boost|p1a: Devas|atk|2
|move|p2a: Moltres|Hurricane|p1a: Devas
|-damage|p1a: Devas|49/100
|
|-heal|p1a: Devas|55/100|[from] Grassy Terrain
|upkeep
|turn|6
|
|t:|1760435894
|move|p1a: Devas|Poltergeist|p2a: Moltres
|-activate|p2a: Moltres|move: Poltergeist|Heavy-Duty Boots
|-damage|p2a: Moltres|18/100
|move|p2a: Moltres|Hurricane|p1a: Devas
|-damage|p1a: Devas|0 fnt
|faint|p1a: Devas
|
|upkeep
|
|t:|1760435904
|switch|p1a: Meringue|Azumarill, M, shiny|100/100
|turn|7
|c|☆1Loss15Pushups|imagine hitting 2 hurricanes
|
|t:|1760435914
|switch|p2a: Ogerpon|Ogerpon-Wellspring, F|100/100
|move|p1a: Meringue|Belly Drum|p1a: Meringue
|-damage|p1a: Meringue|50/100
|-setboost|p1a: Meringue|atk|6|[from] move: Belly Drum
|-enditem|p1a: Meringue|Sitrus Berry|[eat]
|-heal|p1a: Meringue|75/100|[from] item: Sitrus Berry
|
|-heal|p1a: Meringue|81/100|[from] Grassy Terrain
|-fieldend|move: Grassy Terrain
|upkeep
|turn|8
|
|t:|1760435925
|move|p2a: Ogerpon|Encore|p1a: Meringue
|-start|p1a: Meringue|Encore
|move|p1a: Meringue|Belly Drum||[still]
|-fail|p1a: Meringue
|
|upkeep
|turn|9
|
|t:|1760435932
|switch|p2a: Moltres|Moltres|18/100
|move|p1a: Meringue|Belly Drum||[still]
|-fail|p1a: Meringue
|
|upkeep
|turn|10
|
|t:|1760435937
|move|p2a: Moltres|U-turn|p1a: Meringue
|-resisted|p1a: Meringue
|-damage|p1a: Meringue|73/100
|
|t:|1760435939
|switch|p2a: Ogerpon|Ogerpon-Wellspring, F|100/100|[from] U-turn
|move|p1a: Meringue|Belly Drum||[still]
|-fail|p1a: Meringue
|
|-end|p1a: Meringue|Encore
|upkeep
|turn|11
|
|t:|1760435946
|move|p2a: Ogerpon|Encore|p1a: Meringue
|-start|p1a: Meringue|Encore
|move|p1a: Meringue|Belly Drum||[still]
|-fail|p1a: Meringue
|
|upkeep
|turn|12
|
|t:|1760435952
|move|p2a: Ogerpon|Play Rough|p1a: Meringue
|-damage|p1a: Meringue|27/100
|move|p1a: Meringue|Belly Drum||[still]
|-fail|p1a: Meringue
|
|upkeep
|turn|13
|
|t:|1760435959
|move|p2a: Ogerpon|Play Rough|p1a: Meringue
|-damage|p1a: Meringue|0 fnt
|faint|p1a: Meringue
|
|upkeep
|
|t:|1760435971
|switch|p1a: Rune|Reuniclus, F, shiny|100/100
|turn|14
|
|t:|1760435976
|move|p2a: Ogerpon|Ivy Cudgel|p1a: Rune|[anim] Ivy Cudgel Water
|-crit|p1a: Rune
|-damage|p1a: Rune|35/100
|move|p1a: Rune|Psychic Noise|p2a: Ogerpon
|-damage|p2a: Ogerpon|61/100
|-start|p2a: Ogerpon|move: Heal Block
|
|-heal|p1a: Rune|42/100|[from] item: Leftovers
|upkeep
|turn|15
|
|t:|1760435985
|move|p2a: Ogerpon|Ivy Cudgel|p1a: Rune|[anim] Ivy Cudgel Water
|-damage|p1a: Rune|0 fnt
|faint|p1a: Rune
|
|-end|p2a: Ogerpon|move: Heal Block
|upkeep
|
|t:|1760435996
|switch|p1a: Sticks|Rillaboom, M|73/100
|-fieldstart|move: Grassy Terrain|[from] ability: Grassy Surge|[of] p1a: Sticks
|turn|16
|-message|solocosmata forfeited.
|
|win|1Loss15Pushups
|raw|solocosmata's rating: 1119 &rarr; <strong>1095</strong><br />(-24 for losing)
|raw|1Loss15Pushups's rating: 1137 &rarr; <strong>1161</strong><br />(+24 for winning)
|l|☆solocosmata
|player|p1|
|l|☆1Loss15Pushups
|player|p2|
