|j|☆little infinity
|j|☆Bruthathechosen
|t:|1760459667
|gametype|singles
|player|p1|little infinity|miku-ghost|1188
|player|p2|Bruthathechosen|lady-gen4|1228
|gen|9
|tier|[Gen 9] OU
|rated|
|rule|HP Percentage Mod: HP is shown in percentages
|rule|Endless Battle Clause: Forcing endless battles is banned
|rule|Species Clause: Limit one of each Pokémon
|rule|OHKO Clause: OHKO moves are banned
|rule|Evasion Items Clause: Evasion items are banned
|rule|Evasion Moves Clause: Evasion moves are banned
|rule|Evasion Abilities Clause: Evasion abilities are banned
|rule|Sleep Moves Clause: Sleep-inducing moves are banned
|clearpoke
|poke|p1|Ceruledge, F|
|poke|p1|Gholdengo|
|poke|p1|Dragapult, F|
|poke|p1|Palossand, F|
|poke|p1|Gengar, M|
|poke|p1|Sinistcha|
|poke|p2|Pecharunt|
|poke|p2|Ting-Lu|
|poke|p2|Latios, M|
|poke|p2|Tinkaton, F|
|poke|p2|Zamazenta-*|
|poke|p2|Moltres|
|teampreview
|
|t:|1760459681
|teamsize|p1|6
|teamsize|p2|6
|start
|switch|p1a: Evil Twin|Gengar, M, shiny|100/100
|switch|p2a: Tinkaton|Tinkaton, F|100/100
|-item|p2a: Tinkaton|Air Balloon
|turn|1
|
|t:|1760459690
|switch|p1a: Dark Tower|Palossand, F, shiny|100/100
|move|p2a: Tinkaton|Thunder Wave|p1a: Dark Tower
|-immune|p1a: Dark Tower
|
|upkeep
|turn|2
|
|t:|1760459696
|move|p2a: Tinkaton|Stealth Rock|p1a: Dark Tower
|-sidestart|p1: little infinity|move: Stealth Rock
|move|p1a: Dark Tower|Stealth Rock|p2a: Tinkaton
|-sidestart|p2: Bruthathechosen|move: Stealth Rock
|
|upkeep
|turn|3
|
|t:|1760459700
|move|p2a: Tinkaton|Encore|p1a: Dark Tower
|-start|p1a: Dark Tower|Encore
|move|p1a: Dark Tower|Stealth Rock||[still]
|-fail|p1a: Dark Tower
|
|upkeep
|turn|4
|
|t:|1760459717
|switch|p2a: Latios|Latios, M|100/100
|-damage|p2a: Latios|88/100|[from] Stealth Rock
|switch|p1a: Crypt Keeper|Gholdengo, shiny|100/100
|-damage|p1a: Crypt Keeper|94/100|[from] Stealth Rock
|
|-heal|p1a: Crypt Keeper|100/100|[from] item: Leftovers
|upkeep
|turn|5
|
|t:|1760459730
|move|p2a: Latios|Flip Turn|p1a: Crypt Keeper
|-damage|p1a: Crypt Keeper|93/100
|
|t:|1760459733
|switch|p2a: Ting-Lu|Ting-Lu|100/100|[from] Flip Turn
|-damage|p2a: Ting-Lu|94/100|[from] Stealth Rock
|-ability|p2a: Ting-Lu|Vessel of Ruin
|move|p1a: Crypt Keeper|Thunder Wave|p2a: Ting-Lu
|-immune|p2a: Ting-Lu
|
|-heal|p1a: Crypt Keeper|99/100|[from] item: Leftovers
|-heal|p2a: Ting-Lu|100/100|[from] item: Leftovers
|upkeep
|turn|6
|
|t:|1760459744
|switch|p1a: Evil Twin|Gengar, M, shiny|100/100
|-damage|p1a: Evil Twin|88/100|[from] Stealth Rock
|move|p2a: Ting-Lu|Spikes|p1a: Evil Twin
|-sidestart|p1: little infinity|Spikes
|
|upkeep
|turn|7
|
|t:|1760459761
|move|p1a: Evil Twin|Trick|p2a: Ting-Lu
|-activate|p1a: Evil Twin|move: Trick|[of] p2a: Ting-Lu
|-item|p2a: Ting-Lu|Choice Scarf|[from] move: Trick
|-item|p1a: Evil Twin|Leftovers|[from] move: Trick
|move|p2a: Ting-Lu|Spikes|p1a: Evil Twin
|-sidestart|p1: little infinity|Spikes
|
|-heal|p1a: Evil Twin|94/100|[from] item: Leftovers
|upkeep
|turn|8
|
|t:|1760459789
|switch|p1a: Dust Devil|Dragapult, F, shiny|100/100
|-damage|p1a: Dust Devil|88/100|[from] Stealth Rock
|-damage|p1a: Dust Devil|72/100|[from] Spikes
|move|p2a: Ting-Lu|Spikes|p1a: Dust Devil
|-sidestart|p1: little infinity|Spikes
|
|-heal|p1a: Dust Devil|78/100|[from] item: Leftovers
|upkeep
|turn|9
|
|t:|1760459802
|switch|p2a: Tinkaton|Tinkaton, F|100/100
|-damage|p2a: Tinkaton|94/100|[from] Stealth Rock
|-item|p2a: Tinkaton|Air Balloon
|move|p1a: Dust Devil|Substitute|p1a: Dust Devil
|-start|p1a: Dust Devil|Substitute
|-damage|p1a: Dust Devil|53/100
|
|-heal|p1a: Dust Devil|59/100|[from] item: Leftovers
|upkeep
|turn|10
|
|t:|1760459812
|move|p1a: Dust Devil|Phantom Force||[still]
|-prepare|p1a: Dust Devil|Phantom Force
|move|p2a: Tinkaton|Gigaton Hammer|p1a: Dust Devil|[miss]
|-miss|p2a: Tinkaton|p1a: Dust Devil
|
|-heal|p1a: Dust Devil|65/100|[from] item: Leftovers
|upkeep
|turn|11
|
|t:|1760459820
|move|p1a: Dust Devil|Phantom Force|p2a: Tinkaton|[from] lockedmove
|-damage|p2a: Tinkaton|40/100
|-enditem|p2a: Tinkaton|Air Balloon
|-enditem|p1a: Dust Devil|Leftovers|[silent]|[from] ability: Pickpocket|[of] p1a: Dust Devil
|-item|p2a: Tinkaton|Leftovers|[from] ability: Pickpocket|[of] p1a: Dust Devil
|move|p2a: Tinkaton|Encore|p1a: Dust Devil
|-start|p1a: Dust Devil|Encore
|
|-heal|p2a: Tinkaton|46/100|[from] item: Leftovers
|upkeep
|turn|12
|
|t:|1760459835
|move|p1a: Dust Devil|Phantom Force||[still]
|-prepare|p1a: Dust Devil|Phantom Force
|move|p2a: Tinkaton|Gigaton Hammer|p1a: Dust Devil|[miss]
|-miss|p2a: Tinkaton|p1a: Dust Devil
|
|-heal|p2a: Tinkaton|52/100|[from] item: Leftovers
|upkeep
|turn|13
|
|t:|1760459841
|switch|p2a: Ting-Lu|Ting-Lu|100/100
|-damage|p2a: Ting-Lu|94/100|[from] Stealth Rock
|-ability|p2a: Ting-Lu|Vessel of Ruin
|move|p1a: Dust Devil|Phantom Force|p2a: Ting-Lu|[from] lockedmove
|-resisted|p2a: Ting-Lu
|-damage|p2a: Ting-Lu|80/100
|
|upkeep
|turn|14
|
|t:|1760459850
|move|p1a: Dust Devil|Phantom Force||[still]
|-prepare|p1a: Dust Devil|Phantom Force
|move|p2a: Ting-Lu|Whirlwind|p1a: Dust Devil|[miss]
|-miss|p2a: Ting-Lu|p1a: Dust Devil
|
|-end|p1a: Dust Devil|Encore
|upkeep
|turn|15
|
|t:|1760459876
|switch|p2a: Moltres|Moltres|100/100
|move|p1a: Dust Devil|Phantom Force|p2a: Moltres|[from] lockedmove
|-damage|p2a: Moltres|64/100
|
|upkeep
|turn|16
|
|t:|1760459883
|move|p1a: Dust Devil|Dragon Dance|p1a: Dust Devil
|-boost|p1a: Dust Devil|atk|1
|-boost|p1a: Dust Devil|spe|1
|move|p2a: Moltres|Flamethrower|p1a: Dust Devil
|-resisted|p1a: Dust Devil
|-crit|p1a: Dust Devil
|-end|p1a: Dust Devil|Substitute
|
|upkeep
|turn|17
|
|t:|1760459891
|move|p1a: Dust Devil|Substitute|p1a: Dust Devil
|-start|p1a: Dust Devil|Substitute
|-damage|p1a: Dust Devil|40/100
|move|p2a: Moltres|Roost|p2a: Moltres
|-heal|p2a: Moltres|100/100
|-singleturn|p2a: Moltres|move: Roost
|
|upkeep
|turn|18
|
|t:|1760459898
|move|p1a: Dust Devil|Dragon Darts|p2a: Moltres
|-damage|p2a: Moltres|72/100
|-anim|p1a: Dust Devil|Dragon Darts|p2a: Moltres
|-damage|p2a: Moltres|45/100
|move|p2a: Moltres|Flamethrower|p1a: Dust Devil
|-resisted|p1a: Dust Devil
|-end|p1a: Dust Devil|Substitute
|
|upkeep
|turn|19
|
|t:|1760459915
|switch|p2a: Tinkaton|Tinkaton, F|52/100
|-damage|p2a: Tinkaton|46/100|[from] Stealth Rock
|move|p1a: Dust Devil|Dragon Darts|p2a: Tinkaton
|-immune|p2a: Tinkaton
|
|-heal|p2a: Tinkaton|52/100|[from] item: Leftovers
|upkeep
|turn|20
|
|t:|1760459922
|move|p1a: Dust Devil|Phantom Force||[still]
|-prepare|p1a: Dust Devil|Phantom Force
|move|p2a: Tinkaton|Gigaton Hammer|p1a: Dust Devil|[miss]
|-miss|p2a: Tinkaton|p1a: Dust Devil
|
|-heal|p2a: Tinkaton|58/100|[from] item: Leftovers
|upkeep
|turn|21
|
|t:|1760459931
|move|p1a: Dust Devil|Phantom Force|p2a: Tinkaton|[from] lockedmove
|-damage|p2a: Tinkaton|0 fnt
|faint|p2a: Tinkaton
|
|upkeep
|
|t:|1760459936
|switch|p2a: Ting-Lu|Ting-Lu|80/100
|-damage|p2a: Ting-Lu|74/100|[from] Stealth Rock
|-ability|p2a: Ting-Lu|Vessel of Ruin
|turn|22
|
|t:|1760459942
|move|p1a: Dust Devil|Dragon Darts|p2a: Ting-Lu
|-damage|p2a: Ting-Lu|50/100
|-anim|p1a: Dust Devil|Dragon Darts|p2a: Ting-Lu
|-damage|p2a: Ting-Lu|27/100
|move|p2a: Ting-Lu|Earthquake|p1a: Dust Devil
|-crit|p1a: Dust Devil
|-damage|p1a: Dust Devil|0 fnt
|faint|p1a: Dust Devil
|
|upkeep
|
|t:|1760459957
|switch|p1a: Hell Knight|Ceruledge, F, shiny|100/100
|turn|23
|
|t:|1760459962
|-terastallize|p1a: Hell Knight|Bug
|move|p1a: Hell Knight|Bulk Up|p1a: Hell Knight
|-boost|p1a: Hell Knight|atk|1
|-boost|p1a: Hell Knight|def|1
|move|p2a: Ting-Lu|Earthquake|p1a: Hell Knight
|-resisted|p1a: Hell Knight
|-damage|p1a: Hell Knight|85/100
|
|upkeep
|turn|24
|
|t:|1760459971
|move|p1a: Hell Knight|Bitter Blade|p2a: Ting-Lu
|-damage|p2a: Ting-Lu|0 fnt
|-heal|p1a: Hell Knight|100/100|[from] drain|[of] p2a: Ting-Lu
|faint|p2a: Ting-Lu
|
|upkeep
|
|t:|1760459974
|switch|p2a: Moltres|Moltres|45/100
|turn|25
|
|t:|1760459982
|move|p2a: Moltres|Roost|p2a: Moltres
|-heal|p2a: Moltres|96/100
|-singleturn|p2a: Moltres|move: Roost
|move|p1a: Hell Knight|Bulk Up|p1a: Hell Knight
|-boost|p1a: Hell Knight|atk|1
|-boost|p1a: Hell Knight|def|1
|
|upkeep
|turn|26
|
|t:|1760459989
|move|p2a: Moltres|Will-O-Wisp|p1a: Hell Knight
|-start|p1a: Hell Knight|ability: Flash Fire
|move|p1a: Hell Knight|Bulk Up|p1a: Hell Knight
|-boost|p1a: Hell Knight|atk|1
|-boost|p1a: Hell Knight|def|1
|
|upkeep
|turn|27
|
|t:|1760459996
|move|p2a: Moltres|U-turn|p1a: Hell Knight
|-damage|p1a: Hell Knight|93/100
|
|t:|1760459998
|switch|p2a: Pecharunt|Pecharunt|100/100|[from] U-turn
|move|p1a: Hell Knight|Bitter Blade|p2a: Pecharunt
|-damage|p2a: Pecharunt|22/100
|-heal|p1a: Hell Knight|100/100|[from] drain|[of] p2a: Pecharunt
|
|upkeep
|turn|28
|-message|Bruthathechosen forfeited.
|
|win|little infinity
|raw|little infinity's rating: 1188 &rarr; <strong>1216</strong><br />(+28 for winning)
|raw|Bruthathechosen's rating: 1228 &rarr; <strong>1200</strong><br />(-28 for losing)
|l|☆Bruthathechosen
|player|p2|
|l|☆little infinity
|player|p1|
