|j|☆Reco_is2
|j|☆oprbolx
|t:|1760404437
|gametype|singles
|player|p1|Reco_is2|102|1083
|player|p2|oprbolx|juggler|1088
|gen|9
|tier|[Gen 9] OU
|rated|
|rule|HP Percentage Mod: HP is shown in percentages
|rule|Endless Battle Clause: Forcing endless battles is banned
|rule|Species Clause: Limit one of each Pokémon
|rule|OHKO Clause: OHKO moves are banned
|rule|Evasion Items Clause: Evasion items are banned
|rule|Evasion Moves Clause: Evasion moves are banned
|rule|Evasion Abilities Clause: Evasion abilities are banned
|rule|Sleep Moves Clause: Sleep-inducing moves are banned
|clearpoke
|poke|p1|Great Tusk|
|poke|p1|Zapdos|
|poke|p1|Meowscarada, F|
|poke|p1|Kingambit, F|
|poke|p1|Dragapult, F|
|poke|p1|Clefable, F|
|poke|p2|Gliscor, M|
|poke|p2|Garganacl, F|
|poke|p2|Iron Boulder|
|poke|p2|Scizor, M|
|poke|p2|Iron Valiant|
|poke|p2|Kingambit, M|
|teampreview
|inactive|Battle timer is ON: inactive players will automatically lose when time's up. (requested by Reco_is2)
|inactive|oprbolx has 120 seconds left.
|
|t:|1760404468
|teamsize|p1|6
|teamsize|p2|6
|start
|switch|p1a: Dragapult|Dragapult, F|100/100
|switch|p2a: Escórpion|Gliscor, M|100/100
|turn|1
|
|t:|1760404477
|move|p1a: Dragapult|Substitute|p1a: Dragapult
|-start|p1a: Dragapult|Substitute
|-damage|p1a: Dragapult|76/100
|move|p2a: Escórpion|Spikes|p1a: Dragapult
|-sidestart|p1: Reco_is2|Spikes
|
|-heal|p1a: Dragapult|82/100|[from] item: Leftovers
|-status|p2a: Escórpion|tox|[from] item: Toxic Orb
|upkeep
|turn|2
|
|t:|1760404489
|move|p2a: Escórpion|Protect|p2a: Escórpion
|-singleturn|p2a: Escórpion|Protect
|move|p1a: Dragapult|Hex|p2a: Escórpion
|-activate|p2a: Escórpion|move: Protect
|
|-heal|p1a: Dragapult|88/100|[from] item: Leftovers
|upkeep
|turn|3
|
|t:|1760404499
|move|p1a: Dragapult|Thunder Wave|p2a: Escórpion
|-immune|p2a: Escórpion
|move|p2a: Escórpion|Spikes|p1a: Dragapult
|-sidestart|p1: Reco_is2|Spikes
|
|-heal|p1a: Dragapult|94/100|[from] item: Leftovers
|upkeep
|turn|4
|
|t:|1760404508
|move|p1a: Dragapult|Hex|p2a: Escórpion
|-damage|p2a: Escórpion|49/100 tox
|move|p2a: Escórpion|Spikes|p1a: Dragapult
|-sidestart|p1: Reco_is2|Spikes
|
|-heal|p1a: Dragapult|99/100|[from] item: Leftovers
|-heal|p2a: Escórpion|62/100 tox|[from] ability: Poison Heal
|upkeep
|turn|5
|
|t:|1760404518
|move|p2a: Escórpion|Protect|p2a: Escórpion
|-singleturn|p2a: Escórpion|Protect
|move|p1a: Dragapult|Thunder Wave|p2a: Escórpion
|-activate|p2a: Escórpion|move: Protect
|
|-heal|p1a: Dragapult|100/100|[from] item: Leftovers
|-heal|p2a: Escórpion|74/100 tox|[from] ability: Poison Heal
|upkeep
|turn|6
|
|t:|1760404528
|move|p1a: Dragapult|Hex|p2a: Escórpion
|-damage|p2a: Escórpion|24/100 tox
|move|p2a: Escórpion|Earthquake|p1a: Dragapult
|-end|p1a: Dragapult|Substitute
|
|-heal|p2a: Escórpion|37/100 tox|[from] ability: Poison Heal
|upkeep
|turn|7
|
|t:|1760404537
|move|p1a: Dragapult|Substitute|p1a: Dragapult
|-start|p1a: Dragapult|Substitute
|-damage|p1a: Dragapult|76/100
|move|p2a: Escórpion|Earthquake|p1a: Dragapult
|-end|p1a: Dragapult|Substitute
|
|-heal|p1a: Dragapult|82/100|[from] item: Leftovers
|-heal|p2a: Escórpion|49/100 tox|[from] ability: Poison Heal
|upkeep
|turn|8
|
|t:|1760404546
|move|p1a: Dragapult|Thunder Wave|p2a: Escórpion
|-immune|p2a: Escórpion
|move|p2a: Escórpion|Earthquake|p1a: Dragapult
|-damage|p1a: Dragapult|31/100
|
|-heal|p1a: Dragapult|37/100|[from] item: Leftovers
|-heal|p2a: Escórpion|62/100 tox|[from] ability: Poison Heal
|upkeep
|turn|9
|
|t:|1760404556
|move|p2a: Escórpion|Protect|p2a: Escórpion
|-singleturn|p2a: Escórpion|Protect
|move|p1a: Dragapult|Substitute|p1a: Dragapult
|-start|p1a: Dragapult|Substitute
|-damage|p1a: Dragapult|12/100
|
|-heal|p1a: Dragapult|18/100|[from] item: Leftovers
|-heal|p2a: Escórpion|74/100 tox|[from] ability: Poison Heal
|upkeep
|turn|10
|
|t:|1760404566
|move|p1a: Dragapult|Hex|p2a: Escórpion
|-damage|p2a: Escórpion|25/100 tox
|move|p2a: Escórpion|Earthquake|p1a: Dragapult
|-end|p1a: Dragapult|Substitute
|
|-heal|p1a: Dragapult|24/100|[from] item: Leftovers
|-heal|p2a: Escórpion|37/100 tox|[from] ability: Poison Heal
|upkeep
|turn|11
|
|t:|1760404576
|move|p1a: Dragapult|Hex|p2a: Escórpion
|-damage|p2a: Escórpion|0 fnt
|faint|p2a: Escórpion
|
|-heal|p1a: Dragapult|30/100|[from] item: Leftovers
|upkeep
|
|t:|1760404583
|switch|p2a: Scizor|Scizor, M|100/100
|turn|12
|
|t:|1760404592
|switch|p1a: Zapdos|Zapdos|100/100
|move|p2a: Scizor|Bullet Punch|p1a: Zapdos
|-resisted|p1a: Zapdos
|-damage|p1a: Zapdos|81/100
|-status|p2a: Scizor|par|[from] ability: Static|[of] p1a: Zapdos
|
|upkeep
|turn|13
|
|t:|1760404610
|move|p2a: Scizor|Bullet Punch|p1a: Zapdos
|-resisted|p1a: Zapdos
|-damage|p1a: Zapdos|61/100
|move|p1a: Zapdos|Volt Switch|p2a: Scizor
|-damage|p2a: Scizor|69/100 par
|
|t:|1760404615
|switch|p1a: Great Tusk|Great Tusk|100/100|[from] Volt Switch
|
|upkeep
|turn|14
|
|t:|1760404624
|move|p1a: Great Tusk|Rapid Spin|p2a: Scizor
|-resisted|p2a: Scizor
|-damage|p2a: Scizor|60/100 par
|-boost|p1a: Great Tusk|spe|1
|-sideend|p1: Reco_is2|Spikes|[from] move: Rapid Spin|[of] p1a: Great Tusk
|move|p2a: Scizor|Close Combat|p1a: Great Tusk
|-damage|p1a: Great Tusk|70/100
|-unboost|p2a: Scizor|def|1
|-unboost|p2a: Scizor|spd|1
|
|upkeep
|turn|15
|
|t:|1760404640
|move|p1a: Great Tusk|Temper Flare|p2a: Scizor
|-supereffective|p2a: Scizor
|-damage|p2a: Scizor|0 fnt
|faint|p2a: Scizor
|
|upkeep
|
|t:|1760404650
|switch|p2a: Iron Boulder|Iron Boulder|100/100
|-enditem|p2a: Iron Boulder|Booster Energy
|-activate|p2a: Iron Boulder|ability: Quark Drive|[fromitem]
|-start|p2a: Iron Boulder|quarkdrivespe
|turn|16
|
|t:|1760404665
|move|p2a: Iron Boulder|Zen Headbutt|p1a: Great Tusk|[miss]
|-miss|p2a: Iron Boulder|p1a: Great Tusk
|move|p1a: Great Tusk|Headlong Rush|p2a: Iron Boulder
|-supereffective|p2a: Iron Boulder
|-damage|p2a: Iron Boulder|0 fnt
|-unboost|p1a: Great Tusk|def|1
|-unboost|p1a: Great Tusk|spd|1
|faint|p2a: Iron Boulder
|-end|p2a: Iron Boulder|Quark Drive|[silent]
|
|upkeep
|
|t:|1760404676
|switch|p2a: Garganacl|Garganacl, F|100/100
|turn|17
|
|t:|1760404694
|-terastallize|p2a: Garganacl|Water
|move|p1a: Great Tusk|Headlong Rush|p2a: Garganacl
|-damage|p2a: Garganacl|59/100
|-unboost|p1a: Great Tusk|def|1
|-unboost|p1a: Great Tusk|spd|1
|move|p2a: Garganacl|Iron Defense|p2a: Garganacl
|-boost|p2a: Garganacl|def|2
|
|-heal|p2a: Garganacl|65/100|[from] item: Leftovers
|upkeep
|turn|18
|
|t:|1760404714
|-end|p1a: Great Tusk|Protosynthesis|[silent]
|switch|p1a: Zapdos|Zapdos|61/100
|move|p2a: Garganacl|Salt Cure|p1a: Zapdos
|-supereffective|p1a: Zapdos
|-damage|p1a: Zapdos|36/100
|-start|p1a: Zapdos|Salt Cure
|
|-heal|p2a: Garganacl|71/100|[from] item: Leftovers
|-damage|p1a: Zapdos|23/100|[from] Salt Cure
|upkeep
|turn|19
|
|t:|1760404726
|move|p1a: Zapdos|Roost|p1a: Zapdos
|-heal|p1a: Zapdos|73/100
|-singleturn|p1a: Zapdos|move: Roost
|move|p2a: Garganacl|Recover|p2a: Garganacl
|-heal|p2a: Garganacl|100/100
|
|-damage|p1a: Zapdos|61/100|[from] Salt Cure
|upkeep
|turn|20
|
|t:|1760404748
|-terastallize|p1a: Zapdos|Water
|move|p1a: Zapdos|Roost|p1a: Zapdos
|-heal|p1a: Zapdos|100/100
|move|p2a: Garganacl|Body Press|p1a: Zapdos
|-damage|p1a: Zapdos|53/100
|
|-damage|p1a: Zapdos|28/100|[from] Salt Cure
|upkeep
|turn|21
|
|t:|1760404759
|move|p1a: Zapdos|Volt Switch|p2a: Garganacl
|-supereffective|p2a: Garganacl
|-damage|p2a: Garganacl|64/100
|
|t:|1760404770
|switch|p1a: Dragapult|Dragapult, F|30/100|[from] Volt Switch
|move|p2a: Garganacl|Body Press|p1a: Dragapult
|-immune|p1a: Dragapult
|
|-heal|p1a: Dragapult|36/100|[from] item: Leftovers
|-heal|p2a: Garganacl|71/100|[from] item: Leftovers
|upkeep
|turn|22
|
|t:|1760404781
|move|p1a: Dragapult|Substitute|p1a: Dragapult
|-start|p1a: Dragapult|Substitute
|-damage|p1a: Dragapult|12/100
|move|p2a: Garganacl|Salt Cure|p1a: Dragapult
|-activate|p1a: Dragapult|move: Substitute|[damage]
|
|-heal|p1a: Dragapult|18/100|[from] item: Leftovers
|-heal|p2a: Garganacl|77/100|[from] item: Leftovers
|upkeep
|turn|23
|
|t:|1760404791
|move|p1a: Dragapult|Thunder Wave|p2a: Garganacl
|-immune|p2a: Garganacl|[from] ability: Purifying Salt
|move|p2a: Garganacl|Salt Cure|p1a: Dragapult
|-end|p1a: Dragapult|Substitute
|
|-heal|p1a: Dragapult|24/100|[from] item: Leftovers
|-heal|p2a: Garganacl|83/100|[from] item: Leftovers
|upkeep
|turn|24
|
|t:|1760404801
|move|p1a: Dragapult|Dragon Darts|p2a: Garganacl
|-damage|p2a: Garganacl|76/100
|-anim|p1a: Dragapult|Dragon Darts|p2a: Garganacl
|-damage|p2a: Garganacl|69/100
|move|p2a: Garganacl|Salt Cure|p1a: Dragapult
|-damage|p1a: Dragapult|3/100
|-start|p1a: Dragapult|Salt Cure
|
|-heal|p1a: Dragapult|9/100|[from] item: Leftovers
|-heal|p2a: Garganacl|75/100|[from] item: Leftovers
|-damage|p1a: Dragapult|0 fnt|[from] Salt Cure
|faint|p1a: Dragapult
|upkeep
|
|t:|1760404805
|switch|p1a: Meowscarada|Meowscarada, F|100/100
|turn|25
|
|t:|1760404818
|move|p1a: Meowscarada|Flower Trick|p2a: Garganacl
|-start|p1a: Meowscarada|typechange|Grass|[from] ability: Protean
|-supereffective|p2a: Garganacl
|-crit|p2a: Garganacl
|-damage|p2a: Garganacl|0 fnt
|faint|p2a: Garganacl
|
|upkeep
|
|t:|1760404826
|switch|p2a: Iron Valiant|Iron Valiant|100/100
|-enditem|p2a: Iron Valiant|Booster Energy
|-activate|p2a: Iron Valiant|ability: Quark Drive|[fromitem]
|-start|p2a: Iron Valiant|quarkdrivespa
|turn|26
|
|t:|1760404838
|switch|p1a: Clefable|Clefable, F|100/100
|move|p2a: Iron Valiant|Calm Mind|p2a: Iron Valiant
|-boost|p2a: Iron Valiant|spa|1
|-boost|p2a: Iron Valiant|spd|1
|
|upkeep
|turn|27
|
|t:|1760404849
|move|p2a: Iron Valiant|Moonblast|p1a: Clefable
|-damage|p1a: Clefable|32/100
|move|p1a: Clefable|Thunder Wave|p2a: Iron Valiant
|-status|p2a: Iron Valiant|par
|
|-heal|p1a: Clefable|38/100|[from] item: Leftovers
|upkeep
|turn|28
|
|t:|1760404860
|switch|p1a: Zapdos|Zapdos, tera:Water|28/100
|move|p2a: Iron Valiant|Moonblast|p1a: Zapdos
|-crit|p1a: Zapdos
|-damage|p1a: Zapdos|0 fnt
|faint|p1a: Zapdos
|
|upkeep
|
|t:|1760404867
|switch|p1a: Meowscarada|Meowscarada, F|100/100
|turn|29
|
|t:|1760404874
|move|p1a: Meowscarada|Knock Off|p2a: Iron Valiant
|-start|p1a: Meowscarada|typechange|Dark|[from] ability: Protean
|-resisted|p2a: Iron Valiant
|-damage|p2a: Iron Valiant|85/100 par
|move|p2a: Iron Valiant|Moonblast|p1a: Meowscarada
|-supereffective|p1a: Meowscarada
|-damage|p1a: Meowscarada|0 fnt
|faint|p1a: Meowscarada
|
|upkeep
|
|t:|1760404894
|switch|p1a: Clefable|Clefable, F|38/100
|turn|30
|
|t:|1760404906
|cant|p2a: Iron Valiant|par
|move|p1a: Clefable|Moonlight|p1a: Clefable
|-heal|p1a: Clefable|88/100
|
|-heal|p1a: Clefable|94/100|[from] item: Leftovers
|upkeep
|turn|31
|
|t:|1760404915
|cant|p2a: Iron Valiant|par
|move|p1a: Clefable|Moonblast|p2a: Iron Valiant
|-supereffective|p2a: Iron Valiant
|-damage|p2a: Iron Valiant|13/100 par
|-unboost|p2a: Iron Valiant|spa|1
|
|-heal|p1a: Clefable|99/100|[from] item: Leftovers
|upkeep
|turn|32
|
|t:|1760404924
|cant|p2a: Iron Valiant|par
|move|p1a: Clefable|Moonblast|p2a: Iron Valiant
|-supereffective|p2a: Iron Valiant
|-damage|p2a: Iron Valiant|0 fnt
|faint|p2a: Iron Valiant
|-end|p2a: Iron Valiant|Quark Drive|[silent]
|
|-heal|p1a: Clefable|100/100|[from] item: Leftovers
|upkeep
|c|☆Reco_is2|dang
|
|t:|1760404933
|switch|p2a: Kingambit|Kingambit, M|100/100
|-activate|p2a: Kingambit|ability: Supreme Overlord
|-start|p2a: Kingambit|fallen5|[silent]
|turn|33
|
|t:|1760404940
|move|p1a: Clefable|Thunder Wave|p2a: Kingambit
|-status|p2a: Kingambit|par
|move|p2a: Kingambit|Swords Dance|p2a: Kingambit
|-boost|p2a: Kingambit|atk|2
|
|upkeep
|turn|34
|
|t:|1760404950
|cant|p2a: Kingambit|par
|move|p1a: Clefable|Moonblast|p2a: Kingambit
|-damage|p2a: Kingambit|70/100 par
|
|upkeep
|turn|35
|
|t:|1760404965
|switch|p1a: Great Tusk|Great Tusk|70/100
|cant|p2a: Kingambit|par
|
|upkeep
|turn|36
|
|t:|1760404972
|move|p1a: Great Tusk|Headlong Rush|p2a: Kingambit
|-supereffective|p2a: Kingambit
|-damage|p2a: Kingambit|0 fnt
|-unboost|p1a: Great Tusk|def|1
|-unboost|p1a: Great Tusk|spd|1
|faint|p2a: Kingambit
|-end|p2a: Kingambit|fallen5|[silent]
|
|win|Reco_is2
|raw|Reco_is2's rating: 1083 &rarr; <strong>1111</strong><br />(+28 for winning)
|raw|oprbolx's rating: 1088 &rarr; <strong>1064</strong><br />(-24 for losing)
|c|☆Reco_is2|unlucky
|c|☆oprbolx|I KNOW
|c|☆Reco_is2|5 para
|c|☆oprbolx|I HATE RNG
