|j|☆sveinung12321
|j|☆raichu a luv songg
|t:|1760365546
|gametype|singles
|player|p1|sveinung12321|1|1482
|player|p2|raichu a luv songg|101|1432
|gen|9
|tier|[Gen 9] OU
|rated|
|rule|HP Percentage Mod: HP is shown in percentages
|rule|Endless Battle Clause: Forcing endless battles is banned
|rule|Species Clause: Limit one of each Pokémon
|rule|OHKO Clause: OHKO moves are banned
|rule|Evasion Items Clause: Evasion items are banned
|rule|Evasion Moves Clause: Evasion moves are banned
|rule|Evasion Abilities Clause: Evasion abilities are banned
|rule|Sleep Moves Clause: Sleep-inducing moves are banned
|clearpoke
|poke|p1|Tyranitar, M|
|poke|p1|Landorus-Therian, M|
|poke|p1|Tornadus-Therian, M|
|poke|p1|Dondozo, M|
|poke|p1|Dragapult, F|
|poke|p1|Weezing-Galar, F|
|poke|p2|Greninja-*, M|
|poke|p2|Gliscor, M|
|poke|p2|Cyclizar, F|
|poke|p2|Clefable, M|
|poke|p2|Dondozo, M|
|poke|p2|Zapdos|
|teampreview
|inactive|Battle timer is ON: inactive players will automatically lose when time's up. (requested by sveinung12321)
|
|t:|1760365580
|teamsize|p1|6
|teamsize|p2|6
|start
|switch|p1a: Landorus|Landorus-Therian, M|100/100
|switch|p2a: Clefable|Clefable, M|100/100
|-ability|p1a: Landorus|Intimidate|boost
|-unboost|p2a: Clefable|atk|1
|turn|1
|
|t:|1760365606
|move|p1a: Landorus|U-turn|p2a: Clefable
|-resisted|p2a: Clefable
|-damage|p2a: Clefable|84/100
|
|t:|1760365610
|switch|p1a: Tornadus|Tornadus-Therian, M|100/100|[from] U-turn
|move|p2a: Clefable|Stealth Rock|p1a: Tornadus
|-sidestart|p1: sveinung12321|move: Stealth Rock
|
|-heal|p2a: Clefable|90/100|[from] item: Leftovers
|upkeep
|turn|2
|
|t:|1760365618
|switch|p2a: Zapdos|Zapdos|100/100
|move|p1a: Tornadus|Knock Off|p2a: Zapdos
|-damage|p2a: Zapdos|82/100
|-enditem|p2a: Zapdos|Heavy-Duty Boots|[from] move: Knock Off|[of] p1a: Tornadus
|
|upkeep
|turn|3
|
|t:|1760365627
|switch|p1a: Tyranitar|Tyranitar, M|100/100
|-damage|p1a: Tyranitar|88/100|[from] Stealth Rock
|-weather|Sandstorm|[from] ability: Sand Stream|[of] p1a: Tyranitar
|move|p2a: Zapdos|Thunder Wave|p1a: Tyranitar
|-status|p1a: Tyranitar|par
|
|-weather|Sandstorm|[upkeep]
|-damage|p2a: Zapdos|76/100|[from] Sandstorm
|-heal|p1a: Tyranitar|94/100 par|[from] item: Leftovers
|upkeep
|turn|4
|
|t:|1760365642
|switch|p2a: Dondozo|Dondozo, M|100/100
|move|p1a: Tyranitar|Stealth Rock|p2a: Dondozo
|-sidestart|p2: raichu a luv songg|move: Stealth Rock
|
|-weather|Sandstorm|[upkeep]
|-damage|p2a: Dondozo|94/100|[from] Sandstorm
|-heal|p1a: Tyranitar|100/100 par|[from] item: Leftovers
|upkeep
|turn|5
|
|t:|1760365657
|switch|p2a: Gliscor|Gliscor, M|100/100
|-damage|p2a: Gliscor|88/100|[from] Stealth Rock
|switch|p1a: Tornadus|Tornadus-Therian, M|100/100
|-damage|p1a: Tornadus|76/100|[from] Stealth Rock
|
|-weather|Sandstorm|[upkeep]
|-damage|p1a: Tornadus|69/100|[from] Sandstorm
|-status|p2a: Gliscor|tox|[from] item: Toxic Orb
|upkeep
|turn|6
|
|t:|1760365663
|move|p1a: Tornadus|U-turn|p2a: Gliscor
|-resisted|p2a: Gliscor
|-damage|p2a: Gliscor|80/100 tox
|
|t:|1760365667
|switch|p1a: Weezing|Weezing-Galar, F|100/100|[from] U-turn
|-ability|p1a: Weezing|Neutralizing Gas
|-damage|p1a: Weezing|88/100|[from] Stealth Rock
|move|p2a: Gliscor|Spikes|p1a: Weezing
|-sidestart|p1: sveinung12321|Spikes
|
|-weather|Sandstorm|[upkeep]
|-damage|p1a: Weezing|82/100|[from] Sandstorm
|-heal|p1a: Weezing|88/100|[from] item: Leftovers
|-damage|p2a: Gliscor|74/100 tox|[from] psn
|upkeep
|turn|7
|
|t:|1760365673
|move|p2a: Gliscor|Earthquake|p1a: Weezing
|-supereffective|p1a: Weezing
|-damage|p1a: Weezing|47/100
|move|p1a: Weezing|Strange Steam|p2a: Gliscor
|-damage|p2a: Gliscor|50/100 tox
|
|-weather|none
|-heal|p1a: Weezing|53/100|[from] item: Leftovers
|-damage|p2a: Gliscor|38/100 tox|[from] psn
|upkeep
|turn|8
|
|t:|1760365677
|move|p2a: Gliscor|Earthquake|p1a: Weezing
|-supereffective|p1a: Weezing
|-damage|p1a: Weezing|9/100
|move|p1a: Weezing|Strange Steam|p2a: Gliscor
|-damage|p2a: Gliscor|11/100 tox
|
|-heal|p1a: Weezing|15/100|[from] item: Leftovers
|-damage|p2a: Gliscor|0 fnt|[from] psn
|faint|p2a: Gliscor
|upkeep
|
|t:|1760365696
|switch|p2a: Greninja|Greninja, M|100/100
|-damage|p2a: Greninja|88/100|[from] Stealth Rock
|turn|9
|
|t:|1760365720
|move|p2a: Greninja|Dark Pulse|p1a: Weezing
|-resisted|p1a: Weezing
|-damage|p1a: Weezing|0 fnt
|faint|p1a: Weezing
|-end|p1a: Weezing|ability: Neutralizing Gas
|-damage|p2a: Greninja|78/100|[from] item: Life Orb
|
|upkeep
|
|t:|1760365724
|switch|p1a: Dragapult|Dragapult, F|100/100
|turn|10
|
|t:|1760365729
|switch|p2a: Clefable|Clefable, M|90/100
|move|p1a: Dragapult|Draco Meteor|p2a: Clefable
|-immune|p2a: Clefable
|
|-heal|p2a: Clefable|96/100|[from] item: Leftovers
|upkeep
|turn|11
|
|t:|1760365735
|move|p1a: Dragapult|Thunder Wave|p2a: Clefable
|-status|p2a: Clefable|par
|move|p2a: Clefable|Moonblast|p1a: Dragapult
|-supereffective|p1a: Dragapult
|-damage|p1a: Dragapult|12/100
|
|-heal|p2a: Clefable|100/100 par|[from] item: Leftovers
|upkeep
|turn|12
|
|t:|1760365738
|move|p1a: Dragapult|Hex|p2a: Clefable
|-damage|p2a: Clefable|59/100 par
|move|p2a: Clefable|Moonblast|p1a: Dragapult
|-supereffective|p1a: Dragapult
|-damage|p1a: Dragapult|0 fnt
|faint|p1a: Dragapult
|
|-heal|p2a: Clefable|65/100 par|[from] item: Leftovers
|upkeep
|
|t:|1760365741
|switch|p1a: Landorus|Landorus-Therian, M|100/100
|-damage|p1a: Landorus|88/100|[from] Stealth Rock
|-ability|p1a: Landorus|Intimidate|boost
|-unboost|p2a: Clefable|atk|1
|turn|13
|
|t:|1760365747
|-terastallize|p1a: Landorus|Flying
|move|p2a: Clefable|Protect|p2a: Clefable
|-singleturn|p2a: Clefable|Protect
|move|p1a: Landorus|Tera Blast|p2a: Clefable|[anim] Tera Blast Flying
|-activate|p2a: Clefable|move: Protect
|
|-heal|p2a: Clefable|72/100 par|[from] item: Leftovers
|upkeep
|turn|14
|
|t:|1760365752
|switch|p2a: Zapdos|Zapdos|76/100
|-damage|p2a: Zapdos|51/100|[from] Stealth Rock
|move|p1a: Landorus|Tera Blast|p2a: Zapdos|[anim] Tera Blast Flying
|-resisted|p2a: Zapdos
|-damage|p2a: Zapdos|25/100
|
|upkeep
|turn|15
|
|t:|1760365757
|move|p1a: Landorus|Tera Blast|p2a: Zapdos|[anim] Tera Blast Flying
|-resisted|p2a: Zapdos
|-damage|p2a: Zapdos|1/100
|move|p2a: Zapdos|Roost|p2a: Zapdos
|-heal|p2a: Zapdos|51/100
|-singleturn|p2a: Zapdos|move: Roost
|
|upkeep
|turn|16
|
|t:|1760365760
|switch|p1a: Tyranitar|Tyranitar, M|100/100 par
|-damage|p1a: Tyranitar|88/100 par|[from] Stealth Rock
|-damage|p1a: Tyranitar|76/100 par|[from] Spikes
|-weather|Sandstorm|[from] ability: Sand Stream|[of] p1a: Tyranitar
|move|p2a: Zapdos|Roost|p2a: Zapdos
|-heal|p2a: Zapdos|100/100
|-singleturn|p2a: Zapdos|move: Roost
|
|-weather|Sandstorm|[upkeep]
|-damage|p2a: Zapdos|94/100|[from] Sandstorm
|-heal|p1a: Tyranitar|82/100 par|[from] item: Leftovers
|upkeep
|turn|17
|
|t:|1760365764
|switch|p2a: Cyclizar|Cyclizar, F|100/100
|-damage|p2a: Cyclizar|88/100|[from] Stealth Rock
|move|p1a: Tyranitar|Knock Off|p2a: Cyclizar
|-damage|p2a: Cyclizar|28/100
|-enditem|p2a: Cyclizar|Assault Vest|[from] move: Knock Off|[of] p1a: Tyranitar
|
|-weather|Sandstorm|[upkeep]
|-damage|p2a: Cyclizar|22/100|[from] Sandstorm
|-heal|p1a: Tyranitar|88/100 par|[from] item: Leftovers
|upkeep
|turn|18
|
|t:|1760365768
|move|p2a: Cyclizar|Rapid Spin|p1a: Tyranitar
|-resisted|p1a: Tyranitar
|-damage|p1a: Tyranitar|81/100 par
|-boost|p2a: Cyclizar|spe|1
|-sideend|p2: raichu a luv songg|Stealth Rock|[from] move: Rapid Spin|[of] p2a: Cyclizar
|move|p1a: Tyranitar|Knock Off|p2a: Cyclizar
|-damage|p2a: Cyclizar|0 fnt
|faint|p2a: Cyclizar
|
|-weather|Sandstorm|[upkeep]
|-heal|p1a: Tyranitar|87/100 par|[from] item: Leftovers
|upkeep
|
|t:|1760365781
|switch|p2a: Greninja|Greninja, M|78/100
|turn|19
|
|t:|1760365784
|move|p2a: Greninja|Low Kick|p1a: Tyranitar
|-start|p2a: Greninja|typechange|Fighting|[from] ability: Protean
|-supereffective|p1a: Tyranitar
|-damage|p1a: Tyranitar|0 fnt
|faint|p1a: Tyranitar
|-damage|p2a: Greninja|69/100|[from] item: Life Orb
|
|-weather|Sandstorm|[upkeep]
|-damage|p2a: Greninja|63/100|[from] Sandstorm
|upkeep
|
|t:|1760365787
|switch|p1a: Landorus|Landorus-Therian, M, tera:Flying|88/100
|-damage|p1a: Landorus|64/100|[from] Stealth Rock
|-ability|p1a: Landorus|Intimidate|boost
|-unboost|p2a: Greninja|atk|1
|turn|20
|
|t:|1760365790
|switch|p2a: Zapdos|Zapdos|94/100
|move|p1a: Landorus|Stone Edge|p2a: Zapdos
|-supereffective|p2a: Zapdos
|-damage|p2a: Zapdos|33/100
|
|-weather|none
|upkeep
|turn|21
|
|t:|1760365794
|switch|p2a: Dondozo|Dondozo, M|94/100
|move|p1a: Landorus|Stone Edge|p2a: Dondozo|[miss]
|-miss|p1a: Landorus|p2a: Dondozo
|
|upkeep
|turn|22
|
|t:|1760365798
|switch|p1a: Tornadus|Tornadus-Therian, M|100/100
|-damage|p1a: Tornadus|76/100|[from] Stealth Rock
|switch|p2a: Zapdos|Zapdos|33/100
|
|upkeep
|turn|23
|
|t:|1760365802
|move|p1a: Tornadus|Knock Off|p2a: Zapdos
|-damage|p2a: Zapdos|21/100
|move|p2a: Zapdos|Roost|p2a: Zapdos
|-heal|p2a: Zapdos|71/100
|-singleturn|p2a: Zapdos|move: Roost
|
|upkeep
|turn|24
|
|t:|1760365809
|switch|p1a: Landorus|Landorus-Therian, M, tera:Flying|64/100
|-damage|p1a: Landorus|39/100|[from] Stealth Rock
|-ability|p1a: Landorus|Intimidate|boost
|-unboost|p2a: Zapdos|atk|1
|move|p2a: Zapdos|Roost|p2a: Zapdos
|-heal|p2a: Zapdos|100/100
|-singleturn|p2a: Zapdos|move: Roost
|
|upkeep
|turn|25
|
|t:|1760365819
|switch|p2a: Dondozo|Dondozo, M|94/100
|move|p1a: Landorus|Earthquake|p2a: Dondozo
|-damage|p2a: Dondozo|66/100
|
|upkeep
|turn|26
|
|t:|1760365844
|switch|p1a: Dondozo|Dondozo, M|100/100
|-damage|p1a: Dondozo|88/100|[from] Stealth Rock
|-damage|p1a: Dondozo|75/100|[from] Spikes
|switch|p2a: Zapdos|Zapdos|100/100
|
|-heal|p1a: Dondozo|82/100|[from] item: Leftovers
|upkeep
|turn|27
|inactive|sveinung12321 has 120 seconds left.
|
|t:|1760365885
|move|p2a: Zapdos|Thunderbolt|p1a: Dondozo
|-supereffective|p1a: Dondozo
|-damage|p1a: Dondozo|27/100
|move|p1a: Dondozo|Liquidation|p2a: Zapdos
|-damage|p2a: Zapdos|79/100
|-status|p1a: Dondozo|par|[from] ability: Static|[of] p2a: Zapdos
|
|-heal|p1a: Dondozo|33/100 par|[from] item: Leftovers
|upkeep
|turn|28
|-message|sveinung12321 forfeited.
|
|win|raichu a luv songg
|raw|sveinung12321's rating: 1482 &rarr; <strong>1459</strong><br />(-23 for losing)
|raw|raichu a luv songg's rating: 1432 &rarr; <strong>1455</strong><br />(+23 for winning)
|l|☆sveinung12321
|player|p1|
