|j|☆Captain Brusin'
|j|☆Manbaby319
|t:|1760330709
|gametype|singles
|player|p1|Captain Brusin'|harlequin|1121
|player|p2|Manbaby319|marlon|1159
|gen|9
|tier|[Gen 9] OU
|rated|
|rule|HP Percentage Mod: HP is shown in percentages
|rule|Endless Battle Clause: Forcing endless battles is banned
|rule|Species Clause: Limit one of each Pokémon
|rule|OHKO Clause: OHKO moves are banned
|rule|Evasion Items Clause: Evasion items are banned
|rule|Evasion Moves Clause: Evasion moves are banned
|rule|Evasion Abilities Clause: Evasion abilities are banned
|rule|Sleep Moves Clause: Sleep-inducing moves are banned
|clearpoke
|poke|p1|Hydreigon, F|
|poke|p1|Tornadus-Therian, M|
|poke|p1|Corviknight, M|
|poke|p1|Grimmsnarl, M|
|poke|p1|Gastrodon-East, M|
|poke|p1|Leafeon, F|
|poke|p2|Wo-Chien|
|poke|p2|Great Tusk|
|poke|p2|Dragonite, M|
|poke|p2|Frosmoth, F|
|poke|p2|Rotom-Heat|
|poke|p2|Alomomola, F|
|teampreview
|
|t:|1760330733
|teamsize|p1|6
|teamsize|p2|6
|start
|switch|p1a: Jet2holiday|Tornadus-Therian, M, shiny|100/100
|switch|p2a: Snail Trai|Wo-Chien, shiny|100/100
|-ability|p2a: Snail Trai|Tablets of Ruin
|turn|1
|
|t:|1760330742
|move|p1a: Jet2holiday|Bleakwind Storm|p2a: Snail Trai
|-supereffective|p2a: Snail Trai
|-damage|p2a: Snail Trai|12/100
|-damage|p1a: Jet2holiday|91/100|[from] item: Life Orb
|move|p2a: Snail Trai|Knock Off|p1a: Jet2holiday
|-damage|p1a: Jet2holiday|48/100
|-enditem|p1a: Jet2holiday|Life Orb|[from] move: Knock Off|[of] p2a: Snail Trai
|
|-heal|p2a: Snail Trai|18/100|[from] item: Leftovers
|upkeep
|turn|2
|
|t:|1760330754
|move|p2a: Snail Trai|Protect|p2a: Snail Trai
|-singleturn|p2a: Snail Trai|Protect
|move|p1a: Jet2holiday|Icy Wind|p2a: Snail Trai
|-activate|p2a: Snail Trai|move: Protect
|
|-heal|p2a: Snail Trai|24/100|[from] item: Leftovers
|upkeep
|turn|3
|
|t:|1760330768
|switch|p2a: Frosmoth|Frosmoth, F, shiny|100/100
|move|p1a: Jet2holiday|Bleakwind Storm|p2a: Frosmoth
|-supereffective|p2a: Frosmoth
|-damage|p2a: Frosmoth|52/100
|
|-heal|p2a: Frosmoth|58/100|[from] item: Leftovers
|upkeep
|turn|4
|
|t:|1760330777
|move|p1a: Jet2holiday|Heat Wave|p2a: Frosmoth|[miss]
|-miss|p1a: Jet2holiday|p2a: Frosmoth
|move|p2a: Frosmoth|Quiver Dance|p2a: Frosmoth
|-boost|p2a: Frosmoth|spa|1
|-boost|p2a: Frosmoth|spd|1
|-boost|p2a: Frosmoth|spe|1
|
|-heal|p2a: Frosmoth|64/100|[from] item: Leftovers
|upkeep
|turn|5
|
|t:|1760330788
|-terastallize|p1a: Jet2holiday|Steel
|move|p1a: Jet2holiday|Heat Wave|p2a: Frosmoth
|-supereffective|p2a: Frosmoth
|-damage|p2a: Frosmoth|20/100
|move|p2a: Frosmoth|Ice Beam|p1a: Jet2holiday
|-resisted|p1a: Jet2holiday
|-damage|p1a: Jet2holiday|13/100
|
|-heal|p2a: Frosmoth|26/100|[from] item: Leftovers
|upkeep
|turn|6
|
|t:|1760330807
|switch|p2a: Alomomola|Alomomola, F|100/100
|move|p1a: Jet2holiday|Heat Wave|p2a: Alomomola
|-resisted|p2a: Alomomola
|-damage|p2a: Alomomola|88/100
|
|upkeep
|turn|7
|
|t:|1760330812
|switch|p1a: Gastrodon|Gastrodon-East, M, shiny|100/100
|move|p2a: Alomomola|Aqua Jet|p1a: Gastrodon
|-ability|p1a: Gastrodon|Storm Drain|boost
|-boost|p1a: Gastrodon|spa|1
|
|upkeep
|turn|8
|
|t:|1760330825
|move|p2a: Alomomola|Wish|p2a: Alomomola
|move|p1a: Gastrodon|Earth Power|p2a: Alomomola
|-damage|p2a: Alomomola|36/100
|
|upkeep
|turn|9
|
|t:|1760330832
|switch|p2a: Snail Trai|Wo-Chien, shiny|24/100
|-ability|p2a: Snail Trai|Tablets of Ruin
|move|p1a: Gastrodon|Earth Power|p2a: Snail Trai
|-resisted|p2a: Snail Trai
|-damage|p2a: Snail Trai|1/100
|
|-heal|p2a: Snail Trai|72/100|[from] move: Wish|[wisher] Alomomola
|-heal|p2a: Snail Trai|78/100|[from] item: Leftovers
|upkeep
|turn|10
|
|t:|1760330845
|switch|p1a: Earl|Corviknight, M|100/100
|-ability|p1a: Earl|Pressure
|move|p2a: Snail Trai|Knock Off|p1a: Earl
|-damage|p1a: Earl|82/100
|-enditem|p1a: Earl|Leftovers|[from] move: Knock Off|[of] p2a: Snail Trai
|
|-heal|p2a: Snail Trai|84/100|[from] item: Leftovers
|upkeep
|turn|11
|
|t:|1760330855
|move|p2a: Snail Trai|Leech Seed|p1a: Earl
|-start|p1a: Earl|move: Leech Seed
|move|p1a: Earl|U-turn|p2a: Snail Trai
|-supereffective|p2a: Snail Trai
|-damage|p2a: Snail Trai|52/100
|
|t:|1760330866
|switch|p1a: Jet2holiday|Tornadus-Therian, M, shiny, tera:Steel|46/100|[from] U-turn
|
|-heal|p2a: Snail Trai|58/100|[from] item: Leftovers
|upkeep
|turn|12
|
|t:|1760330870
|move|p2a: Snail Trai|Protect|p2a: Snail Trai
|-singleturn|p2a: Snail Trai|Protect
|move|p1a: Jet2holiday|Bleakwind Storm|p2a: Snail Trai
|-activate|p2a: Snail Trai|move: Protect
|
|-heal|p2a: Snail Trai|64/100|[from] item: Leftovers
|upkeep
|turn|13
|
|t:|1760330879
|move|p1a: Jet2holiday|Bleakwind Storm|p2a: Snail Trai|[miss]
|-miss|p1a: Jet2holiday|p2a: Snail Trai
|move|p2a: Snail Trai|Leech Seed|p1a: Jet2holiday
|-start|p1a: Jet2holiday|move: Leech Seed
|
|-heal|p2a: Snail Trai|70/100|[from] item: Leftovers
|-damage|p1a: Jet2holiday|34/100|[from] Leech Seed|[of] p2a: Snail Trai
|-heal|p2a: Snail Trai|81/100|[silent]
|upkeep
|turn|14
|
|t:|1760330887
|switch|p1a: 10% Gambler|Hydreigon, F, shiny|100/100
|move|p2a: Snail Trai|Ruination|p1a: 10% Gambler
|-damage|p1a: 10% Gambler|51/100
|
|-heal|p2a: Snail Trai|87/100|[from] item: Leftovers
|upkeep
|turn|15
|
|t:|1760330897
|move|p1a: 10% Gambler|Dragon Dance|p1a: 10% Gambler
|-boost|p1a: 10% Gambler|atk|1
|-boost|p1a: 10% Gambler|spe|1
|move|p2a: Snail Trai|Leech Seed|p1a: 10% Gambler
|-start|p1a: 10% Gambler|move: Leech Seed
|
|-heal|p2a: Snail Trai|93/100|[from] item: Leftovers
|-damage|p1a: 10% Gambler|38/100|[from] Leech Seed|[of] p2a: Snail Trai
|-heal|p2a: Snail Trai|100/100|[silent]
|upkeep
|turn|16
|
|t:|1760330905
|move|p1a: 10% Gambler|Dragon Dance|p1a: 10% Gambler
|-boost|p1a: 10% Gambler|atk|1
|-boost|p1a: 10% Gambler|spe|1
|move|p2a: Snail Trai|Knock Off|p1a: 10% Gambler
|-resisted|p1a: 10% Gambler
|-damage|p1a: 10% Gambler|23/100
|-enditem|p1a: 10% Gambler|Loaded Dice|[from] move: Knock Off|[of] p2a: Snail Trai
|
|-damage|p1a: 10% Gambler|11/100|[from] Leech Seed|[of] p2a: Snail Trai
|upkeep
|turn|17
|
|t:|1760330916
|switch|p1a: Leafeon|Leafeon, F|100/100
|move|p2a: Snail Trai|Protect||[still]
|-fail|p2a: Snail Trai
|
|upkeep
|turn|18
|
|t:|1760330919
|move|p1a: Leafeon|Wish|p1a: Leafeon
|move|p2a: Snail Trai|Knock Off|p1a: Leafeon
|-damage|p1a: Leafeon|78/100
|-enditem|p1a: Leafeon|Leftovers|[from] move: Knock Off|[of] p2a: Snail Trai
|
|upkeep
|turn|19
|
|t:|1760330930
|switch|p1a: Earl|Corviknight, M|82/100
|-ability|p1a: Earl|Pressure
|move|p2a: Snail Trai|Ruination|p1a: Earl
|-damage|p1a: Earl|41/100
|
|-heal|p1a: Earl|83/100|[from] move: Wish|[wisher] Leafeon
|upkeep
|turn|20
|
|t:|1760330938
|move|p2a: Snail Trai|Leech Seed|p1a: Earl
|-start|p1a: Earl|move: Leech Seed
|move|p1a: Earl|U-turn|p2a: Snail Trai
|-supereffective|p2a: Snail Trai
|-damage|p2a: Snail Trai|68/100
|
|t:|1760330942
|switch|p1a: Leafeon|Leafeon, F|78/100|[from] U-turn
|
|-heal|p2a: Snail Trai|74/100|[from] item: Leftovers
|upkeep
|turn|21
|
|t:|1760330947
|move|p1a: Leafeon|Wish|p1a: Leafeon
|move|p2a: Snail Trai|Ruination|p1a: Leafeon
|-damage|p1a: Leafeon|39/100
|
|-heal|p2a: Snail Trai|80/100|[from] item: Leftovers
|upkeep
|turn|22
|
|t:|1760330955
|switch|p1a: 10% Gambler|Hydreigon, F, shiny|11/100
|move|p2a: Snail Trai|Leech Seed|p1a: 10% Gambler|[miss]
|-miss|p2a: Snail Trai|p1a: 10% Gambler
|
|-heal|p1a: 10% Gambler|62/100|[from] move: Wish|[wisher] Leafeon
|-heal|p2a: Snail Trai|86/100|[from] item: Leftovers
|upkeep
|turn|23
|
|t:|1760330969
|switch|p1a: Jet2holiday|Tornadus-Therian, M, shiny, tera:Steel|67/100
|move|p2a: Snail Trai|Leech Seed|p1a: Jet2holiday
|-start|p1a: Jet2holiday|move: Leech Seed
|
|-heal|p2a: Snail Trai|92/100|[from] item: Leftovers
|-damage|p1a: Jet2holiday|55/100|[from] Leech Seed|[of] p2a: Snail Trai
|-heal|p2a: Snail Trai|100/100|[silent]
|upkeep
|turn|24
|
|t:|1760330976
|move|p1a: Jet2holiday|Bleakwind Storm|p2a: Snail Trai
|-supereffective|p2a: Snail Trai
|-damage|p2a: Snail Trai|28/100
|-unboost|p2a: Snail Trai|spe|1
|move|p2a: Snail Trai|Ruination|p1a: Jet2holiday
|-damage|p1a: Jet2holiday|28/100
|
|-heal|p2a: Snail Trai|34/100|[from] item: Leftovers
|-damage|p1a: Jet2holiday|15/100|[from] Leech Seed|[of] p2a: Snail Trai
|-heal|p2a: Snail Trai|46/100|[silent]
|upkeep
|turn|25
|
|t:|1760330990
|switch|p1a: Grimmsnarl|Grimmsnarl, M|100/100
|move|p2a: Snail Trai|Protect||[still]
|-fail|p2a: Snail Trai
|
|-heal|p2a: Snail Trai|52/100|[from] item: Leftovers
|upkeep
|turn|26
|
|t:|1760330999
|move|p1a: Grimmsnarl|Trick|p2a: Snail Trai
|-activate|p1a: Grimmsnarl|move: Trick|[of] p2a: Snail Trai
|-item|p2a: Snail Trai|Choice Band|[from] move: Trick
|-item|p1a: Grimmsnarl|Leftovers|[from] move: Trick
|move|p2a: Snail Trai|Knock Off|p1a: Grimmsnarl
|-resisted|p1a: Grimmsnarl
|-damage|p1a: Grimmsnarl|87/100
|-enditem|p1a: Grimmsnarl|Leftovers|[from] move: Knock Off|[of] p2a: Snail Trai
|-enditem|p2a: Snail Trai|Choice Band|[silent]|[from] ability: Pickpocket|[of] p2a: Snail Trai
|-item|p1a: Grimmsnarl|Choice Band|[from] ability: Pickpocket|[of] p2a: Snail Trai
|
|upkeep
|turn|27
|
|t:|1760331009
|move|p1a: Grimmsnarl|Parting Shot|p2a: Snail Trai
|-unboost|p2a: Snail Trai|atk|1
|-unboost|p2a: Snail Trai|spa|1
|
|t:|1760331017
|switch|p1a: Jet2holiday|Tornadus-Therian, M, shiny, tera:Steel|48/100|[from] Parting Shot
|move|p2a: Snail Trai|Knock Off|p1a: Jet2holiday
|-crit|p1a: Jet2holiday
|-damage|p1a: Jet2holiday|5/100
|
|upkeep
|turn|28
|
|t:|1760331029
|switch|p1a: Leafeon|Leafeon, F|39/100
|move|p2a: Snail Trai|Protect||[still]
|-fail|p2a: Snail Trai
|
|upkeep
|turn|29
|-message|Captain Brusin' forfeited.
|
|win|Manbaby319
|raw|Captain Brusin&apos;'s rating: 1121 &rarr; <strong>1099</strong><br />(-22 for losing)
|raw|Manbaby319's rating: 1159 &rarr; <strong>1181</strong><br />(+22 for winning)
|l|☆Captain Brusin'
|player|p1|
|l|☆Manbaby319
|player|p2|
