|j|☆aadviksdaddy
|j|☆boifmister
|t:|1760452664
|gametype|singles
|player|p1|aadviksdaddy|170|1101
|player|p2|boifmister|1|1093
|gen|9
|tier|[Gen 9] OU
|rated|
|rule|HP Percentage Mod: HP is shown in percentages
|rule|Endless Battle Clause: Forcing endless battles is banned
|rule|Species Clause: Limit one of each Pokémon
|rule|OHKO Clause: OHKO moves are banned
|rule|Evasion Items Clause: Evasion items are banned
|rule|Evasion Moves Clause: Evasion moves are banned
|rule|Evasion Abilities Clause: Evasion abilities are banned
|rule|Sleep Moves Clause: Sleep-inducing moves are banned
|clearpoke
|poke|p1|Torkoal, F|
|poke|p1|Walking Wake|
|poke|p1|Venusaur, F|
|poke|p1|Dragonite, M|
|poke|p1|Brute Bonnet|
|poke|p1|Iron Moth|
|poke|p2|Slowbro-Galar, F|
|poke|p2|Indeedee, M|
|poke|p2|Reuniclus, M|
|poke|p2|Hatterene, F|
|poke|p2|Meloetta|
|poke|p2|Darkrai|
|teampreview
|inactive|Battle timer is ON: inactive players will automatically lose when time's up. (requested by aadviksdaddy)
|
|t:|1760452679
|teamsize|p1|6
|teamsize|p2|6
|start
|switch|p1a: Torkoal|Torkoal, F|100/100
|switch|p2a: Indeedee|Indeedee, M|100/100
|-fieldstart|move: Psychic Terrain|[from] ability: Psychic Surge|[of] p2a: Indeedee
|-weather|SunnyDay|[from] ability: Drought|[of] p1a: Torkoal
|turn|1
|
|t:|1760452688
|switch|p1a: Brute Bonnet|Brute Bonnet|100/100
|-activate|p1a: Brute Bonnet|ability: Protosynthesis
|-start|p1a: Brute Bonnet|protosynthesisatk
|move|p2a: Indeedee|Expanding Force|p1a: Brute Bonnet
|-immune|p1a: Brute Bonnet
|
|-weather|SunnyDay|[upkeep]
|upkeep
|turn|2
|
|t:|1760452696
|-terastallize|p2a: Indeedee|Fairy
|move|p2a: Indeedee|Dazzling Gleam|p1a: Brute Bonnet
|-supereffective|p1a: Brute Bonnet
|-damage|p1a: Brute Bonnet|54/100
|move|p1a: Brute Bonnet|Crunch|p2a: Indeedee
|-resisted|p2a: Indeedee
|-damage|p2a: Indeedee|42/100
|
|-weather|SunnyDay|[upkeep]
|upkeep
|turn|3
|
|t:|1760452712
|-end|p1a: Brute Bonnet|Protosynthesis|[silent]
|switch|p1a: Venusaur|Venusaur, F|100/100
|move|p2a: Indeedee|Dazzling Gleam|p1a: Venusaur
|-resisted|p1a: Venusaur
|-damage|p1a: Venusaur|82/100
|
|-weather|SunnyDay|[upkeep]
|upkeep
|turn|4
|
|t:|1760452720
|move|p1a: Venusaur|Sludge Bomb|p2a: Indeedee
|-supereffective|p2a: Indeedee
|-damage|p2a: Indeedee|0 fnt
|faint|p2a: Indeedee
|
|-weather|SunnyDay|[upkeep]
|upkeep
|
|t:|1760452732
|switch|p2a: Darkrai|Darkrai|100/100
|turn|5
|
|t:|1760452747
|move|p2a: Darkrai|Ice Beam|p1a: Venusaur
|-supereffective|p1a: Venusaur
|-damage|p1a: Venusaur|6/100
|move|p1a: Venusaur|Giga Drain|p2a: Darkrai
|-damage|p2a: Darkrai|50/100
|-heal|p1a: Venusaur|30/100|[from] drain|[of] p2a: Darkrai
|
|-weather|SunnyDay|[upkeep]
|upkeep
|turn|6
|
|t:|1760452768
|switch|p1a: Torkoal|Torkoal, F|100/100
|move|p2a: Darkrai|Ice Beam|p1a: Torkoal
|-resisted|p1a: Torkoal
|-damage|p1a: Torkoal|86/100
|
|-weather|SunnyDay|[upkeep]
|upkeep
|turn|7
|
|t:|1760452775
|switch|p2a: Hatterene|Hatterene, F|100/100
|move|p1a: Torkoal|Fire Spin|p2a: Hatterene
|-damage|p2a: Hatterene|92/100
|-activate|p2a: Hatterene|move: Fire Spin|[of] p1a: Torkoal
|
|-weather|SunnyDay|[upkeep]
|-damage|p2a: Hatterene|79/100|[from] move: Fire Spin|[partiallytrapped]
|upkeep
|turn|8
|inactive|aadviksdaddy has 120 seconds left.
|
|t:|1760452804
|move|p2a: Hatterene|Expanding Force|p1a: Torkoal
|-damage|p1a: Torkoal|6/100
|move|p1a: Torkoal|Earthquake|p2a: Hatterene
|-damage|p2a: Hatterene|55/100
|
|-weather|none
|-damage|p2a: Hatterene|43/100|[from] move: Fire Spin|[partiallytrapped]
|-fieldend|move: Psychic Terrain
|upkeep
|turn|9
|inactive|aadviksdaddy has 120 seconds left.
|
|t:|1760452822
|switch|p1a: Brute Bonnet|Brute Bonnet|54/100
|move|p2a: Hatterene|Draining Kiss|p1a: Brute Bonnet
|-supereffective|p1a: Brute Bonnet
|-damage|p1a: Brute Bonnet|19/100
|-heal|p2a: Hatterene|73/100|[from] drain|[of] p1a: Brute Bonnet
|
|-end|p2a: Hatterene|Fire Spin|[partiallytrapped]|[silent]
|upkeep
|turn|10
|inactive|aadviksdaddy has 120 seconds left.
|
|t:|1760452830
|-end|p1a: Brute Bonnet|Protosynthesis|[silent]
|switch|p1a: Torkoal|Torkoal, F|6/100
|-weather|SunnyDay|[from] ability: Drought|[of] p1a: Torkoal
|move|p2a: Hatterene|Draining Kiss|p1a: Torkoal
|-resisted|p1a: Torkoal
|-damage|p1a: Torkoal|0 fnt
|-heal|p2a: Hatterene|77/100|[from] drain|[of] p1a: Torkoal
|faint|p1a: Torkoal
|
|-weather|SunnyDay|[upkeep]
|upkeep
|inactive|aadviksdaddy has 120 seconds left.
|
|t:|1760452841
|switch|p1a: Venusaur|Venusaur, F|30/100
|turn|11
|inactive|aadviksdaddy has 120 seconds left.
|
|t:|1760452851
|switch|p2a: Reuniclus|Reuniclus, M|100/100
|move|p1a: Venusaur|Sludge Bomb|p2a: Reuniclus
|-damage|p2a: Reuniclus|73/100
|
|-weather|SunnyDay|[upkeep]
|-heal|p2a: Reuniclus|80/100|[from] item: Leftovers
|upkeep
|turn|12
|inactive|aadviksdaddy has 120 seconds left.
|
|t:|1760452872
|move|p1a: Venusaur|Giga Drain|p2a: Reuniclus
|-damage|p2a: Reuniclus|57/100
|-heal|p1a: Venusaur|46/100|[from] drain|[of] p2a: Reuniclus
|move|p2a: Reuniclus|Calm Mind|p2a: Reuniclus
|-boost|p2a: Reuniclus|spa|1
|-boost|p2a: Reuniclus|spd|1
|
|-weather|SunnyDay|[upkeep]
|-heal|p2a: Reuniclus|63/100|[from] item: Leftovers
|upkeep
|turn|13
|inactive|boifmister has 120 seconds left.
|
|t:|1760452910
|move|p1a: Venusaur|Weather Ball|p2a: Reuniclus
|-damage|p2a: Reuniclus|42/100
|move|p2a: Reuniclus|Recover|p2a: Reuniclus
|-heal|p2a: Reuniclus|92/100
|
|-weather|SunnyDay|[upkeep]
|-heal|p2a: Reuniclus|98/100|[from] item: Leftovers
|upkeep
|turn|14
|inactive|aadviksdaddy has 120 seconds left.
|inactive|boifmister has 120 seconds left.
|
|t:|1760452923
|move|p1a: Venusaur|Giga Drain|p2a: Reuniclus
|-damage|p2a: Reuniclus|83/100
|-heal|p1a: Venusaur|56/100|[from] drain|[of] p2a: Reuniclus
|move|p2a: Reuniclus|Acid Armor|p2a: Reuniclus
|-boost|p2a: Reuniclus|def|2
|
|-weather|SunnyDay|[upkeep]
|-heal|p2a: Reuniclus|89/100|[from] item: Leftovers
|upkeep
|turn|15
|
|t:|1760452932
|switch|p1a: Brute Bonnet|Brute Bonnet|19/100
|-activate|p1a: Brute Bonnet|ability: Protosynthesis
|-start|p1a: Brute Bonnet|protosynthesisatk
|move|p2a: Reuniclus|Stored Power|p1a: Brute Bonnet
|-immune|p1a: Brute Bonnet
|
|-weather|SunnyDay|[upkeep]
|-heal|p2a: Reuniclus|96/100|[from] item: Leftovers
|upkeep
|turn|16
|
|t:|1760452941
|move|p1a: Brute Bonnet|Sucker Punch||[still]
|-fail|p1a: Brute Bonnet
|move|p2a: Reuniclus|Recover|p2a: Reuniclus
|-heal|p2a: Reuniclus|100/100
|
|-weather|SunnyDay|[upkeep]
|upkeep
|turn|17
|
|t:|1760452948
|move|p1a: Brute Bonnet|Sucker Punch||[still]
|-fail|p1a: Brute Bonnet
|move|p2a: Reuniclus|Acid Armor|p2a: Reuniclus
|-boost|p2a: Reuniclus|def|2
|
|-weather|none
|-end|p1a: Brute Bonnet|Protosynthesis
|upkeep
|turn|18
|
|t:|1760452955
|move|p1a: Brute Bonnet|Crunch|p2a: Reuniclus
|-supereffective|p2a: Reuniclus
|-damage|p2a: Reuniclus|67/100
|move|p2a: Reuniclus|Acid Armor|p2a: Reuniclus
|-boost|p2a: Reuniclus|def|2
|
|-heal|p2a: Reuniclus|73/100|[from] item: Leftovers
|upkeep
|turn|19
|
|t:|1760452962
|move|p1a: Brute Bonnet|Crunch|p2a: Reuniclus
|-supereffective|p2a: Reuniclus
|-damage|p2a: Reuniclus|47/100
|move|p2a: Reuniclus|Calm Mind|p2a: Reuniclus
|-boost|p2a: Reuniclus|spa|1
|-boost|p2a: Reuniclus|spd|1
|
|-heal|p2a: Reuniclus|53/100|[from] item: Leftovers
|upkeep
|turn|20
|
|t:|1760452969
|move|p1a: Brute Bonnet|Crunch|p2a: Reuniclus
|-supereffective|p2a: Reuniclus
|-damage|p2a: Reuniclus|29/100
|move|p2a: Reuniclus|Recover|p2a: Reuniclus
|-heal|p2a: Reuniclus|79/100
|
|-heal|p2a: Reuniclus|85/100|[from] item: Leftovers
|upkeep
|turn|21
|
|t:|1760452981
|-end|p1a: Brute Bonnet|Protosynthesis|[silent]
|switch|p1a: Walking Wake|Walking Wake|100/100
|move|p2a: Reuniclus|Recover|p2a: Reuniclus
|-heal|p2a: Reuniclus|100/100
|
|upkeep
|turn|22
|
|t:|1760452986
|move|p1a: Walking Wake|Sunny Day|p1a: Walking Wake
|-weather|SunnyDay
|-activate|p1a: Walking Wake|ability: Protosynthesis
|-start|p1a: Walking Wake|protosynthesisspa
|move|p2a: Reuniclus|Stored Power|p1a: Walking Wake
|-damage|p1a: Walking Wake|0 fnt
|faint|p1a: Walking Wake
|-end|p1a: Walking Wake|Protosynthesis|[silent]
|
|-weather|SunnyDay|[upkeep]
|upkeep
|
|t:|1760452994
|switch|p1a: Brute Bonnet|Brute Bonnet|19/100
|-activate|p1a: Brute Bonnet|ability: Protosynthesis
|-start|p1a: Brute Bonnet|protosynthesisatk
|turn|23
|
|t:|1760453009
|move|p1a: Brute Bonnet|Sucker Punch||[still]
|-fail|p1a: Brute Bonnet
|move|p2a: Reuniclus|Calm Mind|p2a: Reuniclus
|-boost|p2a: Reuniclus|spa|1
|-boost|p2a: Reuniclus|spd|1
|
|-weather|SunnyDay|[upkeep]
|upkeep
|turn|24
|
|t:|1760453015
|move|p1a: Brute Bonnet|Crunch|p2a: Reuniclus
|-supereffective|p2a: Reuniclus
|-damage|p2a: Reuniclus|73/100
|move|p2a: Reuniclus|Calm Mind|p2a: Reuniclus
|-boost|p2a: Reuniclus|spa|1
|-boost|p2a: Reuniclus|spd|1
|
|-weather|SunnyDay|[upkeep]
|-heal|p2a: Reuniclus|79/100|[from] item: Leftovers
|upkeep
|turn|25
|-message|aadviksdaddy forfeited.
|
|win|boifmister
|raw|aadviksdaddy's rating: 1101 &rarr; <strong>1075</strong><br />(-26 for losing)
|raw|boifmister's rating: 1093 &rarr; <strong>1120</strong><br />(+27 for winning)
|l|☆aadviksdaddy
|player|p1|
|l|☆boifmister
|player|p2|
