|j|☆Penguinxdd
|j|☆ayyyyyyuhsucconme
|t:|1760440697
|gametype|singles
|player|p1|Penguinxdd|veteran|1291
|player|p2|ayyyyyyuhsucconme|linebacker|1327
|gen|9
|tier|[Gen 9] OU
|rated|
|rule|HP Percentage Mod: HP is shown in percentages
|rule|Endless Battle Clause: Forcing endless battles is banned
|rule|Species Clause: Limit one of each Pokémon
|rule|OHKO Clause: OHKO moves are banned
|rule|Evasion Items Clause: Evasion items are banned
|rule|Evasion Moves Clause: Evasion moves are banned
|rule|Evasion Abilities Clause: Evasion abilities are banned
|rule|Sleep Moves Clause: Sleep-inducing moves are banned
|clearpoke
|poke|p1|Meowscarada, M|
|poke|p1|Rillaboom, M|
|poke|p1|Fezandipiti, M|
|poke|p1|Heatran, F|
|poke|p1|Weezing-Galar, M|
|poke|p1|Walking Wake|
|poke|p2|Gholdengo|
|poke|p2|Clodsire, F|
|poke|p2|Skarmory, F|
|poke|p2|Gliscor, F|
|poke|p2|Quaquaval, M|
|poke|p2|Goodra-Hisui, M|
|teampreview
|
|t:|1760440711
|teamsize|p1|6
|teamsize|p2|6
|start
|switch|p1a: Rillaboom|Rillaboom, M|100/100
|switch|p2a: Clodsire|Clodsire, F, shiny|100/100
|-fieldstart|move: Grassy Terrain|[from] ability: Grassy Surge|[of] p1a: Rillaboom
|turn|1
|inactive|Battle timer is ON: inactive players will automatically lose when time's up. (requested by ayyyyyyuhsucconme)
|inactive|Penguinxdd has 120 seconds left.
|
|t:|1760440779
|switch|p1a: Weezing|Weezing-Galar, M|100/100
|-ability|p1a: Weezing|Neutralizing Gas
|switch|p2a: Skarmory|Skarmory, F|100/100
|
|upkeep
|turn|2
|
|t:|1760440789
|move|p1a: Weezing|Will-O-Wisp|p2a: Skarmory
|-status|p2a: Skarmory|brn
|move|p2a: Skarmory|Roar|p1a: Weezing
|-end|p1a: Weezing|ability: Neutralizing Gas
|drag|p1a: Rillaboom|Rillaboom, M|100/100
|
|-damage|p2a: Skarmory|95/100 brn|[from] brn
|upkeep
|turn|3
|
|t:|1760440794
|move|p1a: Rillaboom|Knock Off|p2a: Skarmory
|-damage|p2a: Skarmory|74/100 brn
|-damage|p1a: Rillaboom|84/100|[from] item: Rocky Helmet|[of] p2a: Skarmory
|-enditem|p2a: Skarmory|Rocky Helmet|[from] move: Knock Off|[of] p1a: Rillaboom
|move|p2a: Skarmory|Spikes|p1a: Rillaboom
|-sidestart|p1: Penguinxdd|Spikes
|
|-heal|p1a: Rillaboom|90/100|[from] Grassy Terrain
|-damage|p2a: Skarmory|68/100 brn|[from] brn
|upkeep
|turn|4
|
|t:|1760440800
|switch|p1a: Weezing|Weezing-Galar, M|100/100
|-ability|p1a: Weezing|Neutralizing Gas
|move|p2a: Skarmory|Spikes|p1a: Weezing
|-sidestart|p1: Penguinxdd|Spikes
|
|-damage|p2a: Skarmory|62/100 brn|[from] brn
|upkeep
|turn|5
|
|t:|1760440804
|switch|p2a: Gholdengo|Gholdengo|100/100
|-item|p2a: Gholdengo|Air Balloon
|move|p1a: Weezing|Defog|p2a: Gholdengo
|-unboost|p2a: Gholdengo|evasion|1
|-sideend|p1: Penguinxdd|Spikes|[from] move: Defog|[of] p1a: Weezing
|-fieldend|move: Grassy Terrain
|
|upkeep
|turn|6
|
|t:|1760440809
|-end|p1a: Weezing|ability: Neutralizing Gas
|switch|p1a: Heatran|Heatran, F|100/100
|move|p2a: Gholdengo|Make It Rain|p1a: Heatran
|-resisted|p1a: Heatran
|-damage|p1a: Heatran|90/100
|-unboost|p2a: Gholdengo|spa|1
|
|-heal|p1a: Heatran|97/100|[from] item: Leftovers
|upkeep
|turn|7
|-message|ayyyyyyuhsucconme forfeited.
|
|win|Penguinxdd
|raw|Penguinxdd's rating: 1291 &rarr; <strong>1319</strong><br />(+28 for winning)
|raw|ayyyyyyuhsucconme's rating: 1327 &rarr; <strong>1305</strong><br />(-22 for losing)
|l|☆ayyyyyyuhsucconme
|player|p2|
|l|☆Penguinxdd
|player|p1|
