|j|☆miggy009
|j|‽battler12312001
|t:|1760333477
|gametype|singles
|player|p1|miggy009|lucas|1275
|player|p2|battler12312001|hilbert-wonderlauncher|1247
|gen|9
|tier|[Gen 9] OU
|rated|
|rule|HP Percentage Mod: HP is shown in percentages
|rule|Endless Battle Clause: Forcing endless battles is banned
|rule|Species Clause: Limit one of each Pokémon
|rule|OHKO Clause: OHKO moves are banned
|rule|Evasion Items Clause: Evasion items are banned
|rule|Evasion Moves Clause: Evasion moves are banned
|rule|Evasion Abilities Clause: Evasion abilities are banned
|rule|Sleep Moves Clause: Sleep-inducing moves are banned
|clearpoke
|poke|p1|Gallade, M|
|poke|p1|Grimmsnarl, M|
|poke|p1|Tyranitar, M|
|poke|p1|Clodsire, F|
|poke|p1|Dragapult, M|
|poke|p1|Galvantula, M|
|poke|p2|Okidogi, M|
|poke|p2|Primarina, M|
|poke|p2|Moltres|
|poke|p2|Lokix, M|
|poke|p2|Thundurus-Therian, M|
|poke|p2|Golurk|
|teampreview
|
|t:|1760333509
|teamsize|p1|6
|teamsize|p2|6
|start
|switch|p1a: Galli|Galvantula, M, shiny|100/100
|switch|p2a: Thundurus|Thundurus-Therian, M, shiny|100/100
|turn|1
|inactive|Battle timer is ON: inactive players will automatically lose when time's up. (requested by battler12312001)
|
|t:|1760333521
|move|p1a: Galli|Sticky Web|p2a: Thundurus
|-sidestart|p2: battler12312001|move: Sticky Web
|move|p2a: Thundurus|Nasty Plot|p2a: Thundurus
|-boost|p2a: Thundurus|spa|2
|
|upkeep
|turn|2
|
|t:|1760333539
|switch|p1a: Fecal Fish|Clodsire, F, shiny|100/100
|move|p2a: Thundurus|Sludge Bomb|p1a: Fecal Fish
|-resisted|p1a: Fecal Fish
|-damage|p1a: Fecal Fish|94/100
|-damage|p2a: Thundurus|91/100|[from] item: Life Orb
|
|-heal|p1a: Fecal Fish|99/100|[from] item: Black Sludge
|upkeep
|turn|3
|
|t:|1760333550
|move|p2a: Thundurus|Dark Pulse|p1a: Fecal Fish
|-damage|p1a: Fecal Fish|75/100
|-damage|p2a: Thundurus|81/100|[from] item: Life Orb
|move|p1a: Fecal Fish|Stealth Rock|p2a: Thundurus
|-sidestart|p2: battler12312001|move: Stealth Rock
|
|-heal|p1a: Fecal Fish|81/100|[from] item: Black Sludge
|upkeep
|turn|4
|
|t:|1760333561
|move|p2a: Thundurus|Nasty Plot|p2a: Thundurus
|-boost|p2a: Thundurus|spa|2
|move|p1a: Fecal Fish|Earthquake|p2a: Thundurus
|-immune|p2a: Thundurus
|
|-heal|p1a: Fecal Fish|87/100|[from] item: Black Sludge
|upkeep
|turn|5
|
|t:|1760333571
|move|p2a: Thundurus|Nasty Plot|p2a: Thundurus
|-boost|p2a: Thundurus|spa|2
|move|p1a: Fecal Fish|Recover|p1a: Fecal Fish
|-heal|p1a: Fecal Fish|100/100
|
|upkeep
|turn|6
|
|t:|1760333588
|move|p2a: Thundurus|Dark Pulse|p1a: Fecal Fish
|-damage|p1a: Fecal Fish|74/100
|-damage|p2a: Thundurus|71/100|[from] item: Life Orb
|move|p1a: Fecal Fish|Stealth Rock||[still]
|-fail|p1a: Fecal Fish
|
|-heal|p1a: Fecal Fish|81/100|[from] item: Black Sludge
|upkeep
|turn|7
|
|t:|1760333617
|move|p2a: Thundurus|Dark Pulse|p1a: Fecal Fish
|-damage|p1a: Fecal Fish|57/100
|-damage|p2a: Thundurus|62/100|[from] item: Life Orb
|move|p1a: Fecal Fish|Stealth Rock||[still]
|-fail|p1a: Fecal Fish
|
|-heal|p1a: Fecal Fish|63/100|[from] item: Black Sludge
|upkeep
|turn|8
|
|t:|1760333632
|move|p2a: Thundurus|Dark Pulse|p1a: Fecal Fish
|-damage|p1a: Fecal Fish|37/100
|-damage|p2a: Thundurus|52/100|[from] item: Life Orb
|move|p1a: Fecal Fish|Stealth Rock||[still]
|-fail|p1a: Fecal Fish
|
|-heal|p1a: Fecal Fish|44/100|[from] item: Black Sludge
|upkeep
|turn|9
|
|t:|1760333642
|move|p2a: Thundurus|Dark Pulse|p1a: Fecal Fish
|-damage|p1a: Fecal Fish|17/100
|-damage|p2a: Thundurus|42/100|[from] item: Life Orb
|cant|p1a: Fecal Fish|flinch
|
|-heal|p1a: Fecal Fish|23/100|[from] item: Black Sludge
|upkeep
|turn|10
|
|t:|1760333651
|move|p2a: Thundurus|Dark Pulse|p1a: Fecal Fish
|-damage|p1a: Fecal Fish|0 fnt
|faint|p1a: Fecal Fish
|-damage|p2a: Thundurus|33/100|[from] item: Life Orb
|
|upkeep
|
|t:|1760333658
|switch|p1a: Grimmsnarl|Grimmsnarl, M, shiny|100/100
|turn|11
|
|t:|1760333662
|move|p1a: Grimmsnarl|Sucker Punch|p2a: Thundurus
|-damage|p2a: Thundurus|0 fnt
|faint|p2a: Thundurus
|
|upkeep
|
|t:|1760333684
|switch|p2a: Golurk|Golurk, shiny|100/100
|-activate|p2a: Golurk|move: Sticky Web
|-unboost|p2a: Golurk|spe|1
|-damage|p2a: Golurk|94/100|[from] Stealth Rock
|turn|12
|
|t:|1760333692
|switch|p1a: Tyranitar|Tyranitar, M|100/100
|-weather|Sandstorm|[from] ability: Sand Stream|[of] p1a: Tyranitar
|move|p2a: Golurk|Substitute|p2a: Golurk
|-start|p2a: Golurk|Substitute
|-damage|p2a: Golurk|70/100
|
|-weather|Sandstorm|[upkeep]
|-heal|p2a: Golurk|76/100|[from] item: Leftovers
|upkeep
|turn|13
|
|t:|1760333710
|move|p1a: Tyranitar|Knock Off|p2a: Golurk
|-supereffective|p2a: Golurk
|-end|p2a: Golurk|Substitute
|move|p2a: Golurk|Dynamic Punch|p1a: Tyranitar
|-supereffective|p1a: Tyranitar
|-damage|p1a: Tyranitar|0 fnt
|faint|p1a: Tyranitar
|
|-weather|Sandstorm|[upkeep]
|-heal|p2a: Golurk|82/100|[from] item: Leftovers
|upkeep
|-message|miggy009 forfeited.
|
|win|battler12312001
|raw|miggy009's rating: 1275 &rarr; <strong>1248</strong><br />(-27 for losing)
|raw|battler12312001's rating: 1247 &rarr; <strong>1274</strong><br />(+27 for winning)
|l|‽battler12312001
|player|p2|
|l|☆miggy009
|player|p1|
|j|☆miggy009
|player|p1|miggy009|lucas|
|l|☆miggy009
|player|p1|
