|j|☆AlexCHZ
|j|☆PriceP0tato
|t:|1760328975
|gametype|singles
|player|p1|AlexCHZ|hilbert-wonderlauncher|1165
|player|p2|PriceP0tato|shauntal|1120
|gen|9
|tier|[Gen 9] OU
|rated|
|rule|HP Percentage Mod: HP is shown in percentages
|rule|Endless Battle Clause: Forcing endless battles is banned
|rule|Species Clause: Limit one of each Pokémon
|rule|OHKO Clause: OHKO moves are banned
|rule|Evasion Items Clause: Evasion items are banned
|rule|Evasion Moves Clause: Evasion moves are banned
|rule|Evasion Abilities Clause: Evasion abilities are banned
|rule|Sleep Moves Clause: Sleep-inducing moves are banned
|clearpoke
|poke|p1|Raichu, F|
|poke|p1|Pelipper, M|
|poke|p1|Basculegion, M|
|poke|p1|Goodra, M|
|poke|p1|Scizor, F|
|poke|p1|Charizard, F|
|poke|p2|Lycanroc-Dusk, F|
|poke|p2|Reuniclus, F|
|poke|p2|Corviknight, F|
|poke|p2|Tentacruel, F|
|poke|p2|Rotom-Heat|
|poke|p2|Flygon, M|
|teampreview
|
|t:|1760328985
|teamsize|p1|6
|teamsize|p2|6
|start
|switch|p1a: Scizor|Scizor, F|100/100
|switch|p2a: Lycanroc|Lycanroc-Dusk, F|100/100
|turn|1
|
|t:|1760328992
|move|p2a: Lycanroc|Fire Fang|p1a: Scizor
|-supereffective|p1a: Scizor
|-damage|p1a: Scizor|0 fnt
|faint|p1a: Scizor
|
|upkeep
|
|t:|1760329005
|switch|p1a: Raichu|Raichu, F|100/100
|turn|2
|
|t:|1760329010
|move|p1a: Raichu|Surf|p2a: Lycanroc
|-supereffective|p2a: Lycanroc
|-damage|p2a: Lycanroc|8/100
|move|p2a: Lycanroc|Taunt|p1a: Raichu
|-start|p1a: Raichu|move: Taunt
|
|upkeep
|turn|3
|
|t:|1760329016
|move|p2a: Lycanroc|Accelerock|p1a: Raichu
|-damage|p1a: Raichu|40/100
|move|p1a: Raichu|Surf|p2a: Lycanroc
|-supereffective|p2a: Lycanroc
|-damage|p2a: Lycanroc|0 fnt
|faint|p2a: Lycanroc
|
|upkeep
|
|t:|1760329026
|switch|p2a: Tentacruel|Tentacruel, F|100/100
|turn|4
|
|t:|1760329029
|move|p1a: Raichu|Thunderbolt|p2a: Tentacruel
|-supereffective|p2a: Tentacruel
|-crit|p2a: Tentacruel
|-damage|p2a: Tentacruel|15/100
|move|p2a: Tentacruel|Sludge Wave|p1a: Raichu
|-damage|p1a: Raichu|0 fnt
|faint|p1a: Raichu
|
|-heal|p2a: Tentacruel|21/100|[from] item: Black Sludge
|upkeep
|
|t:|1760329042
|switch|p1a: Charizard|Charizard, F|100/100
|turn|5
|
|t:|1760329052
|-terastallize|p1a: Charizard|Electric
|move|p1a: Charizard|Tera Blast|p2a: Tentacruel|[anim] Tera Blast Electric
|-supereffective|p2a: Tentacruel
|-damage|p2a: Tentacruel|0 fnt
|faint|p2a: Tentacruel
|
|upkeep
|
|t:|1760329057
|switch|p2a: Flygon|Flygon, M|100/100
|turn|6
|
|t:|1760329063
|move|p1a: Charizard|Hurricane|p2a: Flygon
|-damage|p2a: Flygon|31/100
|move|p2a: Flygon|Dragon Dance|p2a: Flygon
|-boost|p2a: Flygon|atk|1
|-boost|p2a: Flygon|spe|1
|
|upkeep
|turn|7
|
|t:|1760329071
|move|p2a: Flygon|Outrage|p1a: Charizard
|-damage|p1a: Charizard|0 fnt
|faint|p1a: Charizard
|
|upkeep
|
|t:|1760329076
|switch|p1a: Pelipper|Pelipper, M|100/100
|-weather|RainDance|[from] ability: Drizzle|[of] p1a: Pelipper
|turn|8
|
|t:|1760329082
|move|p2a: Flygon|Outrage|p1a: Pelipper|[from] lockedmove
|-damage|p1a: Pelipper|28/100
|move|p1a: Pelipper|Hurricane|p2a: Flygon
|-damage|p2a: Flygon|0 fnt
|faint|p2a: Flygon
|
|-weather|RainDance|[upkeep]
|upkeep
|
|t:|1760329092
|switch|p2a: Rotom|Rotom-Heat|100/100
|turn|9
|
|t:|1760329096
|-terastallize|p2a: Rotom|Water
|move|p2a: Rotom|Tera Blast|p1a: Pelipper|[anim] Tera Blast Water
|-resisted|p1a: Pelipper
|-crit|p1a: Pelipper
|-damage|p1a: Pelipper|0 fnt
|faint|p1a: Pelipper
|
|-weather|RainDance|[upkeep]
|upkeep
|
|t:|1760329105
|switch|p1a: Basculegion|Basculegion, M|100/100
|turn|10
|
|t:|1760329110
|move|p1a: Basculegion|Flip Turn|p2a: Rotom
|-resisted|p2a: Rotom
|-damage|p2a: Rotom|63/100
|-damage|p1a: Basculegion|91/100|[from] item: Life Orb
|
|t:|1760329115
|switch|p1a: Goodra|Goodra, M|100/100|[from] Flip Turn
|move|p2a: Rotom|Tera Blast|p1a: Goodra|[anim] Tera Blast Water
|-resisted|p1a: Goodra
|-damage|p1a: Goodra|74/100
|
|-weather|RainDance|[upkeep]
|-heal|p1a: Goodra|80/100|[from] item: Leftovers
|upkeep
|turn|11
|
|t:|1760329131
|switch|p2a: Reuniclus|Reuniclus, F|100/100
|move|p1a: Goodra|Draco Meteor|p2a: Reuniclus
|-crit|p2a: Reuniclus
|-damage|p2a: Reuniclus|24/100
|-unboost|p1a: Goodra|spa|2
|
|-weather|RainDance|[upkeep]
|-heal|p1a: Goodra|86/100|[from] item: Leftovers
|-heal|p2a: Reuniclus|30/100|[from] item: Leftovers
|upkeep
|turn|12
|
|t:|1760329144
|switch|p2a: Corviknight|Corviknight, F|100/100
|move|p1a: Goodra|Scald|p2a: Corviknight
|-damage|p2a: Corviknight|77/100
|
|-weather|RainDance|[upkeep]
|-heal|p1a: Goodra|93/100|[from] item: Leftovers
|upkeep
|turn|13
|
|t:|1760329153
|switch|p1a: Basculegion|Basculegion, M|91/100
|move|p2a: Corviknight|Iron Head|p1a: Basculegion
|-resisted|p1a: Basculegion
|-damage|p1a: Basculegion|73/100
|
|-weather|RainDance|[upkeep]
|upkeep
|turn|14
|
|t:|1760329166
|move|p1a: Basculegion|Wave Crash|p2a: Corviknight
|-damage|p2a: Corviknight|0 fnt
|-damage|p1a: Basculegion|56/100|[from] item: Rocky Helmet|[of] p2a: Corviknight
|faint|p2a: Corviknight
|-damage|p1a: Basculegion|37/100|[from] Recoil
|-damage|p1a: Basculegion|27/100|[from] item: Life Orb
|
|-weather|RainDance|[upkeep]
|upkeep
|
|t:|1760329174
|switch|p2a: Rotom|Rotom-Heat, tera:Water|63/100
|turn|15
|
|t:|1760329177
|move|p1a: Basculegion|Flip Turn|p2a: Rotom
|-resisted|p2a: Rotom
|-damage|p2a: Rotom|25/100
|-damage|p1a: Basculegion|17/100|[from] item: Life Orb
|
|t:|1760329182
|switch|p1a: Goodra|Goodra, M|93/100|[from] Flip Turn
|move|p2a: Rotom|Volt Switch|p1a: Goodra
|-resisted|p1a: Goodra
|-damage|p1a: Goodra|79/100
|
|t:|1760329188
|switch|p2a: Reuniclus|Reuniclus, F|63/100|[from] Volt Switch
|
|-weather|none
|-heal|p1a: Goodra|85/100|[from] item: Leftovers
|-heal|p2a: Reuniclus|70/100|[from] item: Leftovers
|upkeep
|turn|16
|
|t:|1760329196
|move|p1a: Goodra|Draco Meteor|p2a: Reuniclus|[miss]
|-miss|p1a: Goodra|p2a: Reuniclus
|move|p2a: Reuniclus|Psychic Noise|p1a: Goodra
|-damage|p1a: Goodra|59/100
|-start|p1a: Goodra|move: Heal Block
|
|-heal|p2a: Reuniclus|76/100|[from] item: Leftovers
|upkeep
|turn|17
|
|t:|1760329206
|move|p1a: Goodra|Draco Meteor|p2a: Reuniclus
|-damage|p2a: Reuniclus|24/100
|-unboost|p1a: Goodra|spa|2
|move|p2a: Reuniclus|Psychic Noise|p1a: Goodra
|-damage|p1a: Goodra|34/100
|
|-heal|p2a: Reuniclus|30/100|[from] item: Leftovers
|-end|p1a: Goodra|move: Heal Block
|upkeep
|turn|18
|
|t:|1760329217
|move|p1a: Goodra|Rain Dance|p1a: Goodra
|-weather|RainDance
|move|p2a: Reuniclus|Psychic Noise|p1a: Goodra
|-damage|p1a: Goodra|10/100
|-start|p1a: Goodra|move: Heal Block
|
|-weather|RainDance|[upkeep]
|-heal|p2a: Reuniclus|36/100|[from] item: Leftovers
|upkeep
|turn|19
|
|t:|1760329227
|move|p1a: Goodra|Scald|p2a: Reuniclus
|-damage|p2a: Reuniclus|17/100
|move|p2a: Reuniclus|Psychic Noise|p1a: Goodra
|-damage|p1a: Goodra|0 fnt
|faint|p1a: Goodra
|
|-weather|RainDance|[upkeep]
|-heal|p2a: Reuniclus|24/100|[from] item: Leftovers
|upkeep
|
|t:|1760329238
|switch|p1a: Basculegion|Basculegion, M|17/100
|turn|20
|
|t:|1760329244
|switch|p2a: Rotom|Rotom-Heat, tera:Water|25/100
|move|p1a: Basculegion|Flip Turn|p2a: Rotom
|-resisted|p2a: Rotom
|-damage|p2a: Rotom|0 fnt
|faint|p2a: Rotom
|-damage|p1a: Basculegion|7/100|[from] item: Life Orb
|
|-weather|RainDance|[upkeep]
|upkeep
|
|t:|1760329252
|switch|p2a: Reuniclus|Reuniclus, F|57/100
|turn|21
|
|t:|1760329257
|move|p1a: Basculegion|Wave Crash|p2a: Reuniclus
|-damage|p2a: Reuniclus|0 fnt
|faint|p2a: Reuniclus
|-damage|p1a: Basculegion|0 fnt|[from] Recoil
|faint|p1a: Basculegion
|
|win|AlexCHZ
|raw|AlexCHZ's rating: 1165 &rarr; <strong>1187</strong><br />(+22 for winning)
|raw|PriceP0tato's rating: 1120 &rarr; <strong>1098</strong><br />(-22 for losing)
