|j|☆Themusiqking
|j|☆arataomega1
|t:|1760433726
|gametype|singles
|player|p1|Themusiqking|1|1245
|player|p2|arataomega1|marnie-masters3|1326
|gen|9
|tier|[Gen 9] OU
|rated|
|rule|HP Percentage Mod: HP is shown in percentages
|rule|Endless Battle Clause: Forcing endless battles is banned
|rule|Species Clause: Limit one of each Pokémon
|rule|OHKO Clause: OHKO moves are banned
|rule|Evasion Items Clause: Evasion items are banned
|rule|Evasion Moves Clause: Evasion moves are banned
|rule|Evasion Abilities Clause: Evasion abilities are banned
|rule|Sleep Moves Clause: Sleep-inducing moves are banned
|clearpoke
|poke|p1|Scizor, F|
|poke|p1|Dondozo, M|
|poke|p1|Zamazenta-*|
|poke|p1|Garganacl, F|
|poke|p1|Cresselia, F|
|poke|p1|Gliscor, F|
|poke|p2|Slowking, F|
|poke|p2|Okidogi, M|
|poke|p2|Donphan, M|
|poke|p2|Salamence, F|
|poke|p2|Rotom-Wash|
|poke|p2|Kingambit, F|
|teampreview
|
|t:|1760433746
|teamsize|p1|6
|teamsize|p2|6
|start
|switch|p1a: Gliscor|Gliscor, F|100/100
|switch|p2a: Phamphan|Donphan, M, shiny|100/100
|turn|1
|
|t:|1760433754
|move|p1a: Gliscor|Earthquake|p2a: Phamphan
|-damage|p2a: Phamphan|76/100
|move|p2a: Phamphan|Knock Off|p1a: Gliscor
|-damage|p1a: Gliscor|81/100
|-enditem|p1a: Gliscor|Toxic Orb|[from] move: Knock Off|[of] p2a: Phamphan
|
|-heal|p2a: Phamphan|82/100|[from] item: Leftovers
|upkeep
|turn|2
|
|t:|1760433765
|move|p1a: Gliscor|Protect|p1a: Gliscor
|-singleturn|p1a: Gliscor|Protect
|move|p2a: Phamphan|Stealth Rock|p1a: Gliscor
|-sidestart|p1: Themusiqking|move: Stealth Rock
|
|-heal|p2a: Phamphan|89/100|[from] item: Leftovers
|upkeep
|turn|3
|
|t:|1760433780
|switch|p1a: Dondozo|Dondozo, M|100/100
|-damage|p1a: Dondozo|88/100|[from] Stealth Rock
|switch|p2a: St Honoré|Slowking, F, shiny|100/100
|
|-heal|p1a: Dondozo|94/100|[from] item: Leftovers
|upkeep
|turn|4
|
|t:|1760433803
|move|p1a: Dondozo|Wave Crash|p2a: St Honoré
|-resisted|p2a: St Honoré
|-crit|p2a: St Honoré
|-damage|p2a: St Honoré|77/100
|-damage|p1a: Dondozo|88/100|[from] Recoil
|move|p2a: St Honoré|Future Sight|p1a: Dondozo
|-start|p2a: St Honoré|move: Future Sight
|
|-heal|p1a: Dondozo|94/100|[from] item: Leftovers
|upkeep
|turn|5
|
|t:|1760433834
|move|p1a: Dondozo|Wave Crash|p2a: St Honoré
|-resisted|p2a: St Honoré
|-damage|p2a: St Honoré|61/100
|-damage|p1a: Dondozo|90/100|[from] Recoil
|-prepare|p2a: St Honoré|Chilly Reception|[premajor]
|move|p2a: St Honoré|Chilly Reception|p2a: St Honoré
|-weather|Snowscape
|
|t:|1760433842
|switch|p2a: Le fourbe|Okidogi, M|100/100|[from] Chilly Reception
|
|-weather|Snowscape|[upkeep]
|-heal|p1a: Dondozo|97/100|[from] item: Leftovers
|upkeep
|turn|6
|
|t:|1760433878
|move|p2a: Le fourbe|Knock Off|p1a: Dondozo
|-damage|p1a: Dondozo|78/100
|-enditem|p1a: Dondozo|Leftovers|[from] move: Knock Off|[of] p2a: Le fourbe
|move|p1a: Dondozo|Wave Crash|p2a: Le fourbe
|-damage|p2a: Le fourbe|61/100
|-damage|p1a: Dondozo|70/100|[from] Recoil
|
|-weather|Snowscape|[upkeep]
|-end|p1a: Dondozo|move: Future Sight
|-damage|p1a: Dondozo|36/100
|upkeep
|turn|7
|inactive|Battle timer is ON: inactive players will automatically lose when time's up. (requested by arataomega1)
|inactive|Themusiqking has 120 seconds left.
|
|t:|1760433938
|switch|p2a: I'm back|Rotom-Wash, shiny|100/100
|move|p1a: Dondozo|Curse|p1a: Dondozo
|-unboost|p1a: Dondozo|spe|1
|-boost|p1a: Dondozo|atk|1
|-boost|p1a: Dondozo|def|1
|
|-weather|Snowscape|[upkeep]
|upkeep
|turn|8
|inactive|Themusiqking has 120 seconds left.
|inactive|Themusiqking has 90 seconds left.
|inactive|Themusiqking has 60 seconds left.
|inactive|Themusiqking has 30 seconds left.
|inactive|Themusiqking has 20 seconds left.
|inactive|Themusiqking has 15 seconds left.
|inactive|Themusiqking has 10 seconds left.
|inactive|Themusiqking has 5 seconds left.
|-message|Themusiqking lost due to inactivity.
|
|win|arataomega1
|raw|Themusiqking's rating: 1245 &rarr; <strong>1226</strong><br />(-19 for losing)
|raw|arataomega1's rating: 1326 &rarr; <strong>1341</strong><br />(+15 for winning)
|l|☆arataomega1
|player|p2|
