|j|☆itachiisgoated69
|j|☆jwhi
|t:|1760329129
|gametype|singles
|player|p1|itachiisgoated69|lance|1363
|player|p2|jwhi|ingo|1333
|gen|9
|tier|[Gen 9] OU
|rated|
|rule|HP Percentage Mod: HP is shown in percentages
|rule|Endless Battle Clause: Forcing endless battles is banned
|rule|Species Clause: Limit one of each Pokémon
|rule|OHKO Clause: OHKO moves are banned
|rule|Evasion Items Clause: Evasion items are banned
|rule|Evasion Moves Clause: Evasion moves are banned
|rule|Evasion Abilities Clause: Evasion abilities are banned
|rule|Sleep Moves Clause: Sleep-inducing moves are banned
|clearpoke
|poke|p1|Necrozma|
|poke|p1|Kingambit, F|
|poke|p1|Samurott-Hisui, F|
|poke|p1|Iron Treads|
|poke|p1|Pecharunt|
|poke|p1|Enamorus, F|
|poke|p2|Floatzel, F|
|poke|p2|Pelipper, M|
|poke|p2|Dragonite, F|
|poke|p2|Ambipom, F|
|poke|p2|Arcanine-Hisui, M|
|poke|p2|Talonflame, M|
|teampreview
|inactive|Battle timer is ON: inactive players will automatically lose when time's up. (requested by jwhi)
|
|t:|1760329143
|teamsize|p1|6
|teamsize|p2|6
|start
|switch|p1a: Medusa|Enamorus, F, shiny|100/100
|switch|p2a: Arcanine|Arcanine-Hisui, M|100/100
|turn|1
|
|t:|1760329148
|move|p1a: Medusa|Earth Power|p2a: Arcanine
|-supereffective|p2a: Arcanine
|-crit|p2a: Arcanine
|-enditem|p2a: Arcanine|Focus Sash
|-damage|p2a: Arcanine|1/100
|move|p2a: Arcanine|Head Smash|p1a: Medusa
|-supereffective|p1a: Medusa
|-damage|p1a: Medusa|0 fnt
|faint|p1a: Medusa
|
|upkeep
|
|t:|1760329156
|switch|p1a: Musashi|Samurott-Hisui, F, shiny|100/100
|turn|2
|
|t:|1760329170
|move|p2a: Arcanine|Extreme Speed|p1a: Musashi
|-damage|p1a: Musashi|68/100
|move|p1a: Musashi|Aqua Jet|p2a: Arcanine
|-supereffective|p2a: Arcanine
|-damage|p2a: Arcanine|0 fnt
|faint|p2a: Arcanine
|
|upkeep
|
|t:|1760329182
|switch|p2a: Ambipom|Ambipom, F|100/100
|turn|3
|
|t:|1760329192
|move|p2a: Ambipom|Fake Out|p1a: Musashi
|-damage|p1a: Musashi|36/100
|cant|p1a: Musashi|flinch
|
|upkeep
|turn|4
|inactive|itachiisgoated69 has 120 seconds left.
|
|t:|1760329228
|-terastallize|p1a: Musashi|Water
|move|p1a: Musashi|Aqua Jet|p2a: Ambipom
|-damage|p2a: Ambipom|37/100
|move|p2a: Ambipom|Knock Off|p1a: Musashi
|-damage|p1a: Musashi|2/100
|-enditem|p1a: Musashi|Choice Band|[from] move: Knock Off|[of] p2a: Ambipom
|
|upkeep
|turn|5
|
|t:|1760329238
|switch|p2a: Pelipper|Pelipper, M|100/100
|-weather|RainDance|[from] ability: Drizzle|[of] p2a: Pelipper
|move|p1a: Musashi|Aqua Jet|p2a: Pelipper
|-resisted|p2a: Pelipper
|-damage|p2a: Pelipper|85/100
|
|-weather|RainDance|[upkeep]
|upkeep
|turn|6
|inactive|itachiisgoated69 has 120 seconds left.
|
|t:|1760329259
|switch|p1a: Star fragment|Necrozma, shiny|100/100
|move|p2a: Pelipper|U-turn|p1a: Star fragment
|-supereffective|p1a: Star fragment
|-damage|p1a: Star fragment|90/100
|
|t:|1760329264
|switch|p2a: Floatzel|Floatzel, F|100/100|[from] U-turn
|
|-weather|RainDance|[upkeep]
|upkeep
|turn|7
|inactive|itachiisgoated69 has 120 seconds left.
|
|t:|1760329285
|switch|p1a: Mochi Mochi|Pecharunt|100/100
|-item|p1a: Mochi Mochi|Air Balloon
|-terastallize|p2a: Floatzel|Water
|move|p2a: Floatzel|Wave Crash|p1a: Mochi Mochi
|-damage|p1a: Mochi Mochi|9/100
|-enditem|p1a: Mochi Mochi|Air Balloon
|-damage|p2a: Floatzel|65/100|[from] Recoil
|
|-weather|RainDance|[upkeep]
|upkeep
|turn|8
|
|t:|1760329297
|move|p2a: Floatzel|Aqua Jet|p1a: Mochi Mochi
|-damage|p1a: Mochi Mochi|0 fnt
|faint|p1a: Mochi Mochi
|
|-weather|RainDance|[upkeep]
|upkeep
|
|t:|1760329309
|switch|p1a: Checkmate|Kingambit, F, shiny|100/100
|-activate|p1a: Checkmate|ability: Supreme Overlord
|-start|p1a: Checkmate|fallen2|[silent]
|turn|9
|
|t:|1760329316
|move|p2a: Floatzel|Aqua Jet|p1a: Checkmate
|-damage|p1a: Checkmate|68/100
|move|p1a: Checkmate|Sucker Punch||[still]
|-fail|p1a: Checkmate
|
|-weather|RainDance|[upkeep]
|upkeep
|turn|10
|
|t:|1760329322
|move|p1a: Checkmate|Sucker Punch|p2a: Floatzel
|-damage|p2a: Floatzel|0 fnt
|faint|p2a: Floatzel
|
|-weather|RainDance|[upkeep]
|upkeep
|
|t:|1760329332
|switch|p2a: Pelipper|Pelipper, M|85/100
|turn|11
|
|t:|1760329344
|move|p2a: Pelipper|Hydro Pump|p1a: Checkmate
|-damage|p1a: Checkmate|14/100
|move|p1a: Checkmate|Kowtow Cleave|p2a: Pelipper
|-damage|p2a: Pelipper|29/100
|
|-weather|RainDance|[upkeep]
|upkeep
|turn|12
|
|t:|1760329352
|move|p1a: Checkmate|Sucker Punch|p2a: Pelipper
|-damage|p2a: Pelipper|0 fnt
|faint|p2a: Pelipper
|
|-weather|none
|upkeep
|
|t:|1760329360
|switch|p2a: Ambipom|Ambipom, F|37/100
|turn|13
|
|t:|1760329366
|move|p2a: Ambipom|Fake Out|p1a: Checkmate
|-resisted|p1a: Checkmate
|-damage|p1a: Checkmate|4/100
|cant|p1a: Checkmate|flinch
|
|upkeep
|turn|14
|
|t:|1760329373
|switch|p2a: Dragonite|Dragonite, F|100/100
|move|p1a: Checkmate|Sucker Punch||[still]
|-fail|p1a: Checkmate
|
|upkeep
|turn|15
|
|t:|1760329385
|-end|p1a: Checkmate|fallen2|[silent]
|switch|p1a: Star fragment|Necrozma, shiny|90/100
|move|p2a: Dragonite|Dragon Dance|p2a: Dragonite
|-boost|p2a: Dragonite|atk|1
|-boost|p2a: Dragonite|spe|1
|
|upkeep
|turn|16
|
|t:|1760329391
|move|p2a: Dragonite|Outrage|p1a: Star fragment
|-damage|p1a: Star fragment|0 fnt
|faint|p1a: Star fragment
|
|upkeep
|inactive|itachiisgoated69 has 120 seconds left.
|
|t:|1760329422
|switch|p1a: Donphandroid|Iron Treads|100/100
|turn|17
|
|t:|1760329432
|move|p2a: Dragonite|Outrage|p1a: Donphandroid|[from] lockedmove
|-resisted|p1a: Donphandroid
|-damage|p1a: Donphandroid|53/100
|-start|p2a: Dragonite|confusion|[fatigue]
|-enditem|p2a: Dragonite|Lum Berry|[eat]
|-end|p2a: Dragonite|confusion
|move|p1a: Donphandroid|Ice Spinner|p2a: Dragonite
|-supereffective|p2a: Dragonite
|-damage|p2a: Dragonite|47/100
|
|upkeep
|turn|18
|
|t:|1760329442
|move|p2a: Dragonite|Fire Punch|p1a: Donphandroid
|-supereffective|p1a: Donphandroid
|-damage|p1a: Donphandroid|0 fnt
|faint|p1a: Donphandroid
|-end|p1a: Donphandroid|Quark Drive|[silent]
|
|upkeep
|inactive|itachiisgoated69 has 120 seconds left.
|
|t:|1760329478
|switch|p1a: Checkmate|Kingambit, F, shiny|4/100
|-activate|p1a: Checkmate|ability: Supreme Overlord
|-start|p1a: Checkmate|fallen4|[silent]
|turn|19
|
|t:|1760329484
|move|p2a: Dragonite|Extreme Speed|p1a: Checkmate
|-resisted|p1a: Checkmate
|-damage|p1a: Checkmate|0 fnt
|faint|p1a: Checkmate
|-end|p1a: Checkmate|fallen4|[silent]
|
|upkeep
|
|t:|1760329487
|switch|p1a: Musashi|Samurott-Hisui, F, shiny, tera:Water|2/100
|turn|20
|
|t:|1760329493
|move|p2a: Dragonite|Extreme Speed|p1a: Musashi
|-damage|p1a: Musashi|0 fnt
|faint|p1a: Musashi
|
|win|jwhi
|raw|itachiisgoated69's rating: 1363 &rarr; <strong>1341</strong><br />(-22 for losing)
|raw|jwhi's rating: 1333 &rarr; <strong>1355</strong><br />(+22 for winning)
|l|☆itachiisgoated69
|player|p1|
|l|☆jwhi
|player|p2|
