|j|☆ineverhaxed
|j|☆BlRD BOY
|t:|1760459737
|gametype|singles
|player|p1|ineverhaxed|102|1350
|player|p2|BlRD BOY|102|1387
|gen|9
|tier|[Gen 9] OU
|rated|
|rule|HP Percentage Mod: HP is shown in percentages
|rule|Endless Battle Clause: Forcing endless battles is banned
|rule|Species Clause: Limit one of each Pokémon
|rule|OHKO Clause: OHKO moves are banned
|rule|Evasion Items Clause: Evasion items are banned
|rule|Evasion Moves Clause: Evasion moves are banned
|rule|Evasion Abilities Clause: Evasion abilities are banned
|rule|Sleep Moves Clause: Sleep-inducing moves are banned
|clearpoke
|poke|p1|Electrode-Hisui|
|poke|p1|Cloyster, F|
|poke|p1|Blissey, F|
|poke|p1|Darkrai|
|poke|p1|Cinderace, F|
|poke|p1|Lokix, F|
|poke|p2|Indeedee, M|
|poke|p2|Deoxys-Speed|
|poke|p2|Zamazenta-*|
|poke|p2|Iron Crown|
|poke|p2|Cinderace, F|
|poke|p2|Ogerpon-Wellspring, F|
|teampreview
|inactive|Battle timer is ON: inactive players will automatically lose when time's up. (requested by ineverhaxed)
|inactive|BlRD BOY has 120 seconds left.
|c|☆BlRD BOY|glhf
|c|☆ineverhaxed|Noo
|
|t:|1760459815
|teamsize|p1|6
|teamsize|p2|6
|start
|switch|p1a: Darkrai|Darkrai|100/100
|switch|p2a: Indeedee|Indeedee, M|100/100
|-fieldstart|move: Psychic Terrain|[from] ability: Psychic Surge|[of] p2a: Indeedee
|turn|1
|
|t:|1760459839
|switch|p2a: Zamazenta|Zamazenta, shiny|100/100
|-ability|p2a: Zamazenta|Dauntless Shield|boost
|-boost|p2a: Zamazenta|def|1
|move|p1a: Darkrai|Dark Pulse|p2a: Zamazenta
|-resisted|p2a: Zamazenta
|-damage|p2a: Zamazenta|86/100
|
|upkeep
|turn|2
|
|t:|1760459846
|switch|p1a: Electrode|Electrode-Hisui|100/100
|move|p2a: Zamazenta|Close Combat|p1a: Electrode
|-damage|p1a: Electrode|0 fnt
|-unboost|p2a: Zamazenta|def|1
|-unboost|p2a: Zamazenta|spd|1
|faint|p1a: Electrode
|
|upkeep
|
|t:|1760459854
|switch|p1a: Cloyster|Cloyster, F|100/100
|turn|3
|
|t:|1760459861
|-terastallize|p1a: Cloyster|Ghost
|move|p2a: Zamazenta|Close Combat|p1a: Cloyster
|-immune|p1a: Cloyster
|move|p1a: Cloyster|Shell Smash|p1a: Cloyster
|-unboost|p1a: Cloyster|def|1
|-unboost|p1a: Cloyster|spd|1
|-boost|p1a: Cloyster|atk|2
|-boost|p1a: Cloyster|spa|2
|-boost|p1a: Cloyster|spe|2
|
|upkeep
|turn|4
|
|t:|1760459870
|move|p1a: Cloyster|Shell Smash|p1a: Cloyster
|-unboost|p1a: Cloyster|def|1
|-unboost|p1a: Cloyster|spd|1
|-boost|p1a: Cloyster|atk|2
|-boost|p1a: Cloyster|spa|2
|-boost|p1a: Cloyster|spe|2
|move|p2a: Zamazenta|Crunch|p1a: Cloyster
|-supereffective|p1a: Cloyster
|-enditem|p1a: Cloyster|Focus Sash
|-damage|p1a: Cloyster|1/100
|
|upkeep
|turn|5
|
|t:|1760459885
|-terastallize|p2a: Zamazenta|Steel
|move|p1a: Cloyster|Icicle Spear|p2a: Zamazenta
|-resisted|p2a: Zamazenta
|-damage|p2a: Zamazenta|69/100
|-resisted|p2a: Zamazenta
|-damage|p2a: Zamazenta|54/100
|-resisted|p2a: Zamazenta
|-damage|p2a: Zamazenta|37/100
|-resisted|p2a: Zamazenta
|-damage|p2a: Zamazenta|22/100
|-resisted|p2a: Zamazenta
|-damage|p2a: Zamazenta|5/100
|-hitcount|p2a: Zamazenta|5
|move|p2a: Zamazenta|Crunch|p1a: Cloyster
|-supereffective|p1a: Cloyster
|-damage|p1a: Cloyster|0 fnt
|faint|p1a: Cloyster
|
|upkeep
|
|t:|1760459899
|switch|p1a: Darkrai|Darkrai|100/100
|turn|6
|
|t:|1760459908
|move|p1a: Darkrai|Dark Pulse|p2a: Zamazenta
|-damage|p2a: Zamazenta|0 fnt
|faint|p2a: Zamazenta
|
|upkeep
|
|t:|1760459920
|switch|p2a: Ogerpon|Ogerpon-Wellspring, F|100/100
|turn|7
|
|t:|1760459924
|move|p1a: Darkrai|Dark Pulse|p2a: Ogerpon
|-damage|p2a: Ogerpon|47/100
|move|p2a: Ogerpon|Ivy Cudgel|p1a: Darkrai|[anim] Ivy Cudgel Water
|-damage|p1a: Darkrai|19/100
|
|upkeep
|turn|8
|
|t:|1760459941
|move|p1a: Darkrai|Dark Pulse|p2a: Ogerpon
|-damage|p2a: Ogerpon|0 fnt
|faint|p2a: Ogerpon
|
|-fieldend|move: Psychic Terrain
|upkeep
|
|t:|1760459945
|switch|p2a: Iron Crown|Iron Crown|100/100
|turn|9
|
|t:|1760459948
|move|p1a: Darkrai|Dark Pulse|p2a: Iron Crown
|-supereffective|p2a: Iron Crown
|-damage|p2a: Iron Crown|5/100
|move|p2a: Iron Crown|Volt Switch|p1a: Darkrai
|-damage|p1a: Darkrai|0 fnt
|faint|p1a: Darkrai
|
|t:|1760459952
|-end|p2a: Iron Crown|Quark Drive|[silent]
|switch|p2a: Indeedee|Indeedee, M|100/100|[from] Volt Switch
|-fieldstart|move: Psychic Terrain|[from] ability: Psychic Surge|[of] p2a: Indeedee
|
|upkeep
|
|t:|1760459957
|switch|p1a: Lokix|Lokix, F|100/100
|turn|10
|
|t:|1760459964
|move|p1a: Lokix|U-turn|p2a: Indeedee
|-supereffective|p2a: Indeedee
|-damage|p2a: Indeedee|25/100
|
|t:|1760459967
|switch|p1a: Blissey|Blissey, F|100/100|[from] U-turn
|move|p2a: Indeedee|Dazzling Gleam|p1a: Blissey
|-damage|p1a: Blissey|92/100
|
|-heal|p1a: Blissey|98/100|[from] item: Leftovers
|upkeep
|turn|11
|
|t:|1760459974
|move|p2a: Indeedee|Healing Wish|p2a: Indeedee
|faint|p2a: Indeedee
|move|p1a: Blissey|Thunderbolt|p2: Indeedee|[notarget]
|-fail|p1a: Blissey
|
|-heal|p1a: Blissey|100/100|[from] item: Leftovers
|upkeep
|
|t:|1760459982
|switch|p2a: Iron Crown|Iron Crown|5/100
|-heal|p2a: Iron Crown|100/100|[from] move: Healing Wish
|turn|12
|
|t:|1760459984
|move|p2a: Iron Crown|Volt Switch|p1a: Blissey
|-damage|p1a: Blissey|86/100
|
|t:|1760459987
|-end|p2a: Iron Crown|Quark Drive|[silent]
|switch|p2a: Cinderace|Cinderace, F|100/100|[from] Volt Switch
|move|p1a: Blissey|Flamethrower|p2a: Cinderace
|-resisted|p2a: Cinderace
|-damage|p2a: Cinderace|87/100
|
|-heal|p1a: Blissey|93/100|[from] item: Leftovers
|upkeep
|turn|13
|
|t:|1760459991
|move|p2a: Cinderace|Pyro Ball|p1a: Blissey
|-damage|p1a: Blissey|50/100
|-status|p1a: Blissey|brn
|move|p1a: Blissey|Thunderbolt|p2a: Cinderace
|-damage|p2a: Cinderace|64/100
|
|-heal|p1a: Blissey|56/100 brn|[from] item: Leftovers
|-damage|p1a: Blissey|50/100 brn|[from] brn
|upkeep
|turn|14
|
|t:|1760460000
|move|p2a: Cinderace|U-turn|p1a: Blissey
|-damage|p1a: Blissey|32/100 brn
|
|t:|1760460003
|switch|p2a: Deoxys|Deoxys-Speed|100/100|[from] U-turn
|-ability|p2a: Deoxys|Pressure
|move|p1a: Blissey|Thunderbolt|p2a: Deoxys
|-damage|p2a: Deoxys|67/100
|
|-heal|p1a: Blissey|39/100 brn|[from] item: Leftovers
|-damage|p1a: Blissey|32/100 brn|[from] brn
|upkeep
|turn|15
|
|t:|1760460010
|move|p2a: Deoxys|Superpower|p1a: Blissey
|-supereffective|p1a: Blissey
|-damage|p1a: Blissey|0 fnt
|-unboost|p2a: Deoxys|atk|1
|-unboost|p2a: Deoxys|def|1
|faint|p1a: Blissey
|-damage|p2a: Deoxys|57/100|[from] item: Life Orb
|
|upkeep
|
|t:|1760460021
|switch|p1a: Cinderace|Cinderace, F|100/100
|turn|16
|
|t:|1760460024
|switch|p1a: Lokix|Lokix, F|100/100
|move|p2a: Deoxys|Expanding Force|p1a: Lokix
|-immune|p1a: Lokix
|
|-fieldend|move: Psychic Terrain
|upkeep
|turn|17
|
|t:|1760460030
|move|p1a: Lokix|First Impression|p2a: Deoxys
|-supereffective|p2a: Deoxys
|-damage|p2a: Deoxys|0 fnt
|faint|p2a: Deoxys
|
|upkeep
|
|t:|1760460035
|switch|p2a: Iron Crown|Iron Crown|100/100
|turn|18
|
|t:|1760460038
|move|p1a: Lokix|Sucker Punch|p2a: Iron Crown
|-supereffective|p2a: Iron Crown
|-crit|p2a: Iron Crown
|-damage|p2a: Iron Crown|0 fnt
|faint|p2a: Iron Crown
|-end|p2a: Iron Crown|Quark Drive|[silent]
|
|upkeep
|
|t:|1760460042
|switch|p2a: Cinderace|Cinderace, F|64/100
|turn|19
|
|t:|1760460045
|move|p2a: Cinderace|Will-O-Wisp|p1a: Lokix
|-status|p1a: Lokix|brn
|move|p1a: Lokix|U-turn|p2a: Cinderace
|-resisted|p2a: Cinderace
|-damage|p2a: Cinderace|43/100
|
|t:|1760460050
|switch|p1a: Cinderace|Cinderace, F|100/100|[from] U-turn
|
|upkeep
|turn|20
|
|t:|1760460054
|move|p2a: Cinderace|Pyro Ball|p1a: Cinderace
|-resisted|p1a: Cinderace
|-damage|p1a: Cinderace|70/100
|move|p1a: Cinderace|Acrobatics|p2a: Cinderace
|-start|p1a: Cinderace|typechange|Flying|[from] ability: Libero
|-damage|p2a: Cinderace|12/100
|
|upkeep
|turn|21
|
|t:|1760460061
|move|p2a: Cinderace|Pyro Ball|p1a: Cinderace
|-damage|p1a: Cinderace|0 fnt
|faint|p1a: Cinderace
|
|upkeep
|
|t:|1760460064
|switch|p1a: Lokix|Lokix, F|100/100 brn
|turn|22
|
|t:|1760460069
|move|p1a: Lokix|First Impression|p2a: Cinderace
|-resisted|p2a: Cinderace
|-damage|p2a: Cinderace|0 fnt
|faint|p2a: Cinderace
|
|win|ineverhaxed
|raw|ineverhaxed's rating: 1350 &rarr; <strong>1372</strong><br />(+22 for winning)
|raw|BlRD BOY's rating: 1387 &rarr; <strong>1365</strong><br />(-22 for losing)
|l|☆BlRD BOY
|player|p2|
|l|☆ineverhaxed
|player|p1|
