|j|☆hariolos
|j|☆fujizen
|t:|1760376768
|gametype|singles
|player|p1|hariolos|hooligans|1355
|player|p2|fujizen|lance-gen1|1404
|gen|9
|tier|[Gen 9] OU
|rated|
|rule|HP Percentage Mod: HP is shown in percentages
|rule|Endless Battle Clause: Forcing endless battles is banned
|rule|Species Clause: Limit one of each Pokémon
|rule|OHKO Clause: OHKO moves are banned
|rule|Evasion Items Clause: Evasion items are banned
|rule|Evasion Moves Clause: Evasion moves are banned
|rule|Evasion Abilities Clause: Evasion abilities are banned
|rule|Sleep Moves Clause: Sleep-inducing moves are banned
|clearpoke
|poke|p1|Landorus-Therian, M|
|poke|p1|Rillaboom, F|
|poke|p1|Cinderace, M|
|poke|p1|Iron Valiant|
|poke|p1|Porygon-Z|
|poke|p1|Slowking-Galar, M|
|poke|p2|Greninja-*, M|
|poke|p2|Landorus-Therian, M|
|poke|p2|Dondozo, F|
|poke|p2|Clodsire, F|
|poke|p2|Dragapult, F|
|poke|p2|Cresselia, F|
|teampreview
|inactive|Battle timer is ON: inactive players will automatically lose when time's up. (requested by fujizen)
|
|t:|1760376777
|teamsize|p1|6
|teamsize|p2|6
|start
|switch|p1a: Landorus|Landorus-Therian, M|100/100
|switch|p2a: Joseph Korman|Dragapult, F|100/100
|-ability|p1a: Landorus|Intimidate|boost
|-unboost|p2a: Joseph Korman|atk|1
|turn|1
|
|t:|1760376782
|move|p2a: Joseph Korman|Dragon Darts|p1a: Landorus
|-damage|p1a: Landorus|76/100
|-anim|p2a: Joseph Korman|Dragon Darts|p1a: Landorus
|-damage|p1a: Landorus|52/100
|move|p1a: Landorus|Stealth Rock|p2a: Joseph Korman
|-sidestart|p2: fujizen|move: Stealth Rock
|
|upkeep
|turn|2
|
|t:|1760376787
|-terastallize|p2a: Joseph Korman|Dragon
|move|p2a: Joseph Korman|Dragon Darts|p1a: Landorus
|-damage|p1a: Landorus|17/100
|-anim|p2a: Joseph Korman|Dragon Darts|p1a: Landorus
|-damage|p1a: Landorus|0 fnt
|faint|p1a: Landorus
|
|upkeep
|
|t:|1760376790
|switch|p1a: Iron Valiant|Iron Valiant|100/100
|-enditem|p1a: Iron Valiant|Booster Energy
|-activate|p1a: Iron Valiant|ability: Quark Drive|[fromitem]
|-start|p1a: Iron Valiant|quarkdrivespe
|turn|3
|
|t:|1760376795
|switch|p2a: Taylor Swift|Cresselia, F, shiny|100/100
|-damage|p2a: Taylor Swift|88/100|[from] Stealth Rock
|move|p1a: Iron Valiant|Shadow Ball|p2a: Taylor Swift
|-supereffective|p2a: Taylor Swift
|-damage|p2a: Taylor Swift|54/100
|
|-heal|p2a: Taylor Swift|60/100|[from] item: Leftovers
|upkeep
|turn|4
|
|t:|1760376805
|-end|p1a: Iron Valiant|Quark Drive|[silent]
|switch|p1a: Porygon-Z|Porygon-Z|100/100
|move|p2a: Taylor Swift|Calm Mind|p2a: Taylor Swift
|-boost|p2a: Taylor Swift|spa|1
|-boost|p2a: Taylor Swift|spd|1
|
|-heal|p2a: Taylor Swift|66/100|[from] item: Leftovers
|upkeep
|turn|5
|
|t:|1760376823
|move|p1a: Porygon-Z|Tera Blast|p2a: Taylor Swift
|-damage|p2a: Taylor Swift|28/100
|move|p2a: Taylor Swift|Calm Mind|p2a: Taylor Swift
|-boost|p2a: Taylor Swift|spa|1
|-boost|p2a: Taylor Swift|spd|1
|
|-heal|p2a: Taylor Swift|34/100|[from] item: Leftovers
|upkeep
|turn|6
|
|t:|1760376836
|switch|p1a: Rillaboom|Rillaboom, F|100/100
|-fieldstart|move: Grassy Terrain|[from] ability: Grassy Surge|[of] p1a: Rillaboom
|move|p2a: Taylor Swift|Moonlight|p2a: Taylor Swift
|-heal|p2a: Taylor Swift|84/100
|
|-heal|p2a: Taylor Swift|90/100|[from] item: Leftovers
|upkeep
|turn|7
|
|t:|1760376857
|-terastallize|p1a: Rillaboom|Grass
|move|p1a: Rillaboom|Wood Hammer|p2a: Taylor Swift
|-damage|p2a: Taylor Swift|0 fnt
|faint|p2a: Taylor Swift
|-damage|p1a: Rillaboom|62/100|[from] Recoil
|
|-heal|p1a: Rillaboom|68/100|[from] Grassy Terrain
|upkeep
|
|t:|1760376860
|switch|p2a: John McCane|Landorus-Therian, M, shiny|100/100
|-damage|p2a: John McCane|88/100|[from] Stealth Rock
|-ability|p2a: John McCane|Intimidate|boost
|-unboost|p1a: Rillaboom|atk|1
|turn|8
|
|t:|1760376870
|switch|p1a: Cinderace|Cinderace, M|100/100
|move|p2a: John McCane|Brick Break|p1a: Cinderace
|-damage|p1a: Cinderace|52/100
|
|-heal|p1a: Cinderace|58/100|[from] Grassy Terrain
|upkeep
|turn|9
|
|t:|1760376874
|switch|p2a: Kim Kardashian|Dondozo, F, shiny|100/100
|move|p1a: Cinderace|Will-O-Wisp|p2a: Kim Kardashian
|-status|p2a: Kim Kardashian|brn
|
|-heal|p1a: Cinderace|65/100|[from] Grassy Terrain
|-damage|p2a: Kim Kardashian|94/100 brn|[from] brn
|upkeep
|turn|10
|
|t:|1760376878
|move|p1a: Cinderace|U-turn|p2a: Kim Kardashian
|-start|p1a: Cinderace|typechange|Bug|[from] ability: Libero
|-damage|p2a: Kim Kardashian|76/100 brn
|
|t:|1760376880
|switch|p1a: Slowking|Slowking-Galar, M|100/100|[from] U-turn
|move|p2a: Kim Kardashian|Rest|p2a: Kim Kardashian
|-status|p2a: Kim Kardashian|slp|[from] move: Rest
|-heal|p2a: Kim Kardashian|100/100 slp|[silent]
|
|-fieldend|move: Grassy Terrain
|upkeep
|turn|11
|
|t:|1760376887
|cant|p2a: Kim Kardashian|slp
|move|p2a: Kim Kardashian|Sleep Talk|p2a: Kim Kardashian
|move|p2a: Kim Kardashian|Rest||[from] move: Sleep Talk|[still]
|-fail|p2a: Kim Kardashian
|move|p1a: Slowking|Grass Knot|p2a: Kim Kardashian
|-supereffective|p2a: Kim Kardashian
|-damage|p2a: Kim Kardashian|47/100 slp
|
|upkeep
|turn|12
|
|t:|1760376895
|switch|p2a: Joseph Korman|Dragapult, F, tera:Dragon|100/100
|-damage|p2a: Joseph Korman|88/100|[from] Stealth Rock
|move|p1a: Slowking|Grass Knot|p2a: Joseph Korman
|-resisted|p2a: Joseph Korman
|-damage|p2a: Joseph Korman|74/100
|
|upkeep
|turn|13
|
|t:|1760376902
|switch|p1a: Porygon-Z|Porygon-Z|100/100
|move|p2a: Joseph Korman|Psychic Fangs|p1a: Porygon-Z
|-damage|p1a: Porygon-Z|42/100
|
|upkeep
|turn|14
|
|t:|1760376918
|move|p2a: Joseph Korman|Psychic Fangs|p1a: Porygon-Z
|-damage|p1a: Porygon-Z|0 fnt
|faint|p1a: Porygon-Z
|
|upkeep
|
|t:|1760376922
|switch|p1a: Rillaboom|Rillaboom, F, tera:Grass|68/100
|-fieldstart|move: Grassy Terrain|[from] ability: Grassy Surge|[of] p1a: Rillaboom
|turn|15
|
|t:|1760376938
|switch|p2a: John McCane|Landorus-Therian, M, shiny|88/100
|-damage|p2a: John McCane|76/100|[from] Stealth Rock
|-ability|p2a: John McCane|Intimidate|boost
|-unboost|p1a: Rillaboom|atk|1
|move|p1a: Rillaboom|Wood Hammer|p2a: John McCane
|-damage|p2a: John McCane|0 fnt
|faint|p2a: John McCane
|-damage|p1a: Rillaboom|44/100|[from] Recoil
|
|-heal|p1a: Rillaboom|51/100|[from] Grassy Terrain
|upkeep
|
|t:|1760376940
|switch|p2a: Joseph Korman|Dragapult, F, tera:Dragon|74/100
|-damage|p2a: Joseph Korman|62/100|[from] Stealth Rock
|turn|16
|
|t:|1760376952
|switch|p1a: Cinderace|Cinderace, M|65/100
|move|p2a: Joseph Korman|U-turn|p1a: Cinderace
|-resisted|p1a: Cinderace
|-damage|p1a: Cinderace|46/100
|
|t:|1760376959
|switch|p2a: Zendaya|Greninja, M|100/100|[from] U-turn
|
|-heal|p1a: Cinderace|52/100|[from] Grassy Terrain
|upkeep
|turn|17
|
|t:|1760376967
|switch|p1a: Slowking|Slowking-Galar, M|100/100
|move|p2a: Zendaya|Surf|p1a: Slowking
|-crit|p1a: Slowking
|-damage|p1a: Slowking|75/100
|
|-heal|p1a: Slowking|81/100|[from] Grassy Terrain
|upkeep
|turn|18
|inactive|fujizen has 120 seconds left.
|
|t:|1760377003
|move|p2a: Zendaya|Dark Pulse|p1a: Slowking
|-supereffective|p1a: Slowking
|-damage|p1a: Slowking|50/100
|move|p1a: Slowking|Sludge Bomb|p2a: Zendaya
|-damage|p2a: Zendaya|50/100
|
|-heal|p2a: Zendaya|56/100|[from] Grassy Terrain
|-heal|p1a: Slowking|56/100|[from] Grassy Terrain
|upkeep
|turn|19
|
|t:|1760377011
|switch|p1a: Iron Valiant|Iron Valiant|100/100
|move|p2a: Zendaya|Dark Pulse|p1a: Iron Valiant
|-resisted|p1a: Iron Valiant
|-damage|p1a: Iron Valiant|84/100
|
|-heal|p2a: Zendaya|62/100|[from] Grassy Terrain
|-heal|p1a: Iron Valiant|90/100|[from] Grassy Terrain
|-fieldend|move: Grassy Terrain
|upkeep
|turn|20
|
|t:|1760377016
|move|p2a: Zendaya|Surf|p1a: Iron Valiant
|-damage|p1a: Iron Valiant|15/100
|move|p1a: Iron Valiant|Moonblast|p2a: Zendaya
|-supereffective|p2a: Zendaya
|-damage|p2a: Zendaya|0 fnt
|faint|p2a: Zendaya
|
|upkeep
|
|t:|1760377020
|switch|p2a: Joseph Korman|Dragapult, F, tera:Dragon|62/100
|-damage|p2a: Joseph Korman|50/100|[from] Stealth Rock
|turn|21
|
|t:|1760377022
|move|p2a: Joseph Korman|U-turn|p1a: Iron Valiant
|-resisted|p1a: Iron Valiant
|-damage|p1a: Iron Valiant|4/100
|
|t:|1760377026
|switch|p2a: Ethan Mohammed|Clodsire, F|100/100|[from] U-turn
|move|p1a: Iron Valiant|Moonblast|p2a: Ethan Mohammed
|-resisted|p2a: Ethan Mohammed
|-damage|p2a: Ethan Mohammed|82/100
|-unboost|p2a: Ethan Mohammed|spa|1
|
|upkeep
|turn|22
|
|t:|1760377031
|move|p1a: Iron Valiant|Shadow Ball|p2a: Ethan Mohammed
|-damage|p2a: Ethan Mohammed|64/100
|move|p2a: Ethan Mohammed|Gunk Shot|p1a: Iron Valiant
|-supereffective|p1a: Iron Valiant
|-damage|p1a: Iron Valiant|0 fnt
|faint|p1a: Iron Valiant
|-end|p1a: Iron Valiant|Quark Drive|[silent]
|
|upkeep
|
|t:|1760377034
|switch|p1a: Slowking|Slowking-Galar, M|90/100
|turn|23
|
|t:|1760377036
|move|p1a: Slowking|Psychic Noise|p2a: Ethan Mohammed
|-supereffective|p2a: Ethan Mohammed
|-damage|p2a: Ethan Mohammed|20/100
|-start|p2a: Ethan Mohammed|move: Heal Block
|move|p2a: Ethan Mohammed|Earthquake|p1a: Slowking
|-supereffective|p1a: Slowking
|-damage|p1a: Slowking|10/100
|
|upkeep
|turn|24
|
|t:|1760377042
|move|p1a: Slowking|Psychic Noise|p2a: Ethan Mohammed
|-supereffective|p2a: Ethan Mohammed
|-damage|p2a: Ethan Mohammed|0 fnt
|faint|p2a: Ethan Mohammed
|
|upkeep
|inactive|fujizen has 120 seconds left.
|
|t:|1760377084
|switch|p2a: Kim Kardashian|Dondozo, F, shiny|47/100 slp
|turn|25
|
|t:|1760377087
|cant|p2a: Kim Kardashian|slp
|move|p2a: Kim Kardashian|Sleep Talk|p2a: Kim Kardashian
|move|p2a: Kim Kardashian|Wave Crash|p1a: Slowking|[from] move: Sleep Talk
|-damage|p1a: Slowking|0 fnt
|faint|p1a: Slowking
|-damage|p2a: Kim Kardashian|44/100 slp|[from] Recoil
|
|upkeep
|
|t:|1760377097
|switch|p1a: Rillaboom|Rillaboom, F, tera:Grass|51/100
|-fieldstart|move: Grassy Terrain|[from] ability: Grassy Surge|[of] p1a: Rillaboom
|turn|26
|inactive|fujizen has 120 seconds left.
|
|t:|1760377124
|move|p1a: Rillaboom|Grassy Glide|p2a: Kim Kardashian
|-supereffective|p2a: Kim Kardashian
|-damage|p2a: Kim Kardashian|0 fnt
|faint|p2a: Kim Kardashian
|
|-heal|p1a: Rillaboom|57/100|[from] Grassy Terrain
|upkeep
|
|t:|1760377127
|switch|p2a: Joseph Korman|Dragapult, F, tera:Dragon|50/100
|-damage|p2a: Joseph Korman|37/100|[from] Stealth Rock
|turn|27
|
|t:|1760377133
|move|p1a: Rillaboom|Grassy Glide|p2a: Joseph Korman
|-resisted|p2a: Joseph Korman
|-damage|p2a: Joseph Korman|0 fnt
|faint|p2a: Joseph Korman
|
|win|hariolos
|raw|hariolos's rating: 1355 &rarr; <strong>1378</strong><br />(+23 for winning)
|raw|fujizen's rating: 1404 &rarr; <strong>1381</strong><br />(-23 for losing)
|l|☆fujizen
|player|p2|
|l|☆hariolos
|player|p1|
