|badge|p2|silver|gen9doublesou|30-7
|badge|p2|bronze|gen9ru|100-7
|uhtml|medal-msg|<div class="broadcast-blue">Curious what those medals under the avatar are? PS now has Ladder Seasons! For more information, check out the <a href="https://www.smogon.com/forums/threads/3740067/">thread on Smogon.</a></div>
|j|☆RexxRaptorr
|j|☆3idk
|t:|1760434745
|gametype|singles
|player|p1|RexxRaptorr|hilbert-wonderlauncher|1634
|player|p2|3idk|cynthia-masters|1671
|gen|9
|tier|[Gen 9] OU
|rated|
|rule|HP Percentage Mod: HP is shown in percentages
|rule|Endless Battle Clause: Forcing endless battles is banned
|rule|Species Clause: Limit one of each Pokémon
|rule|OHKO Clause: OHKO moves are banned
|rule|Evasion Items Clause: Evasion items are banned
|rule|Evasion Moves Clause: Evasion moves are banned
|rule|Evasion Abilities Clause: Evasion abilities are banned
|rule|Sleep Moves Clause: Sleep-inducing moves are banned
|clearpoke
|poke|p1|Dragonite, F|
|poke|p1|Great Tusk|
|poke|p1|Iron Crown|
|poke|p1|Iron Moth|
|poke|p1|Ogerpon, F|
|poke|p1|Primarina, M|
|poke|p2|Pelipper, F|
|poke|p2|Tornadus-Therian, M|
|poke|p2|Iron Treads|
|poke|p2|Decidueye-Hisui, F|
|poke|p2|Barraskewda, M|
|poke|p2|Raging Bolt|
|teampreview
|inactive|Battle timer is ON: inactive players will automatically lose when time's up. (requested by RexxRaptorr)
|inactive|3idk also wants the timer to be on.
|
|t:|1760434753
|teamsize|p1|6
|teamsize|p2|6
|start
|switch|p1a: Iron Crown|Iron Crown|100/100
|switch|p2a: Tornadus|Tornadus-Therian, M|100/100
|turn|1
|
|t:|1760434779
|move|p2a: Tornadus|U-turn|p1a: Iron Crown
|-damage|p1a: Iron Crown|85/100
|
|t:|1760434783
|switch|p2a: Iron Treads|Iron Treads|100/100|[from] U-turn
|move|p1a: Iron Crown|Tachyon Cutter|p2a: Iron Treads
|-resisted|p2a: Iron Treads
|-damage|p2a: Iron Treads|85/100
|-resisted|p2a: Iron Treads
|-crit|p2a: Iron Treads
|-damage|p2a: Iron Treads|63/100
|-hitcount|p2a: Iron Treads|2
|
|-heal|p2a: Iron Treads|69/100|[from] item: Leftovers
|upkeep
|turn|2
|
|t:|1760434787
|-end|p1a: Iron Crown|Quark Drive|[silent]
|switch|p1a: Great Tusk|Great Tusk|100/100
|move|p2a: Iron Treads|Stealth Rock|p1a: Great Tusk
|-sidestart|p1: RexxRaptorr|move: Stealth Rock
|
|-heal|p2a: Iron Treads|75/100|[from] item: Leftovers
|upkeep
|turn|3
|
|t:|1760434793
|-end|p2a: Iron Treads|Quark Drive|[silent]
|switch|p2a: Pelipper|Pelipper, F|100/100
|-weather|RainDance|[from] ability: Drizzle|[of] p2a: Pelipper
|move|p1a: Great Tusk|Stealth Rock|p2a: Pelipper
|-sidestart|p2: 3idk|move: Stealth Rock
|
|-weather|RainDance|[upkeep]
|upkeep
|turn|4
|
|t:|1760434802
|move|p1a: Great Tusk|Rapid Spin|p2a: Pelipper
|-damage|p2a: Pelipper|86/100
|-boost|p1a: Great Tusk|spe|1
|-sideend|p1: RexxRaptorr|Stealth Rock|[from] move: Rapid Spin|[of] p1a: Great Tusk
|move|p2a: Pelipper|Hurricane|p1a: Great Tusk
|-supereffective|p1a: Great Tusk
|-damage|p1a: Great Tusk|0 fnt
|faint|p1a: Great Tusk
|-end|p1a: Great Tusk|Protosynthesis|[silent]
|
|-weather|RainDance|[upkeep]
|upkeep
|
|t:|1760434806
|switch|p1a: Iron Crown|Iron Crown|85/100
|turn|5
|
|t:|1760434816
|switch|p2a: Iron Treads|Iron Treads|75/100
|-damage|p2a: Iron Treads|72/100|[from] Stealth Rock
|move|p1a: Iron Crown|Focus Blast|p2a: Iron Treads|[miss]
|-miss|p1a: Iron Crown|p2a: Iron Treads
|
|-weather|RainDance|[upkeep]
|-heal|p2a: Iron Treads|78/100|[from] item: Leftovers
|upkeep
|turn|6
|
|t:|1760434827
|-end|p2a: Iron Treads|Quark Drive|[silent]
|switch|p2a: Tornadus|Tornadus-Therian, M|100/100
|-damage|p2a: Tornadus|76/100|[from] Stealth Rock
|move|p1a: Iron Crown|Focus Blast|p2a: Tornadus
|-resisted|p2a: Tornadus
|-damage|p2a: Tornadus|38/100
|
|-weather|RainDance|[upkeep]
|upkeep
|turn|7
|
|t:|1760434839
|-end|p1a: Iron Crown|Quark Drive|[silent]
|switch|p1a: Primarina|Primarina, M|100/100
|move|p2a: Tornadus|Hurricane|p1a: Primarina
|-damage|p1a: Primarina|39/100
|
|-weather|RainDance|[upkeep]
|-heal|p1a: Primarina|45/100|[from] item: Leftovers
|upkeep
|turn|8
|
|t:|1760434847
|switch|p1a: Iron Crown|Iron Crown|85/100
|move|p2a: Tornadus|Hurricane|p1a: Iron Crown
|-resisted|p1a: Iron Crown
|-damage|p1a: Iron Crown|50/100
|
|-weather|RainDance|[upkeep]
|upkeep
|turn|9
|
|t:|1760434851
|switch|p2a: Iron Treads|Iron Treads|78/100
|-damage|p2a: Iron Treads|75/100|[from] Stealth Rock
|move|p1a: Iron Crown|Tachyon Cutter|p2a: Iron Treads
|-resisted|p2a: Iron Treads
|-damage|p2a: Iron Treads|60/100
|-resisted|p2a: Iron Treads
|-crit|p2a: Iron Treads
|-damage|p2a: Iron Treads|36/100
|-hitcount|p2a: Iron Treads|2
|
|-weather|RainDance|[upkeep]
|-heal|p2a: Iron Treads|42/100|[from] item: Leftovers
|upkeep
|turn|10
|
|t:|1760434860
|move|p1a: Iron Crown|Tachyon Cutter|p2a: Iron Treads
|-resisted|p2a: Iron Treads
|-damage|p2a: Iron Treads|27/100
|-resisted|p2a: Iron Treads
|-damage|p2a: Iron Treads|12/100
|-hitcount|p2a: Iron Treads|2
|move|p2a: Iron Treads|Rapid Spin|p1a: Iron Crown
|-resisted|p1a: Iron Crown
|-damage|p1a: Iron Crown|43/100
|-boost|p2a: Iron Treads|spe|1
|-sideend|p2: 3idk|Stealth Rock|[from] move: Rapid Spin|[of] p2a: Iron Treads
|
|-weather|none
|-heal|p2a: Iron Treads|18/100|[from] item: Leftovers
|upkeep
|turn|11
|
|t:|1760434872
|move|p2a: Iron Treads|Stealth Rock|p1a: Iron Crown
|-sidestart|p1: RexxRaptorr|move: Stealth Rock
|move|p1a: Iron Crown|Tachyon Cutter|p2a: Iron Treads
|-resisted|p2a: Iron Treads
|-damage|p2a: Iron Treads|4/100
|-resisted|p2a: Iron Treads
|-damage|p2a: Iron Treads|0 fnt
|faint|p2a: Iron Treads
|-end|p2a: Iron Treads|Quark Drive|[silent]
|-hitcount|p2: Iron Treads|2
|
|upkeep
|
|t:|1760434876
|switch|p2a: Barraskewda|Barraskewda, M|100/100
|turn|12
|
|t:|1760434881
|-end|p1a: Iron Crown|Quark Drive|[silent]
|switch|p1a: Ogerpon|Ogerpon, F|100/100
|move|p2a: Barraskewda|Flip Turn|p1a: Ogerpon
|-resisted|p1a: Ogerpon
|-damage|p1a: Ogerpon|70/100
|-damage|p2a: Barraskewda|91/100|[from] item: Life Orb
|
|t:|1760434885
|switch|p2a: Tornadus|Tornadus-Therian, M|71/100|[from] Flip Turn
|
|upkeep
|turn|13
|
|t:|1760434891
|move|p2a: Tornadus|U-turn|p1a: Ogerpon
|-supereffective|p1a: Ogerpon
|-damage|p1a: Ogerpon|31/100
|
|t:|1760434895
|switch|p2a: Decidueye|Decidueye-Hisui, F|100/100|[from] U-turn
|move|p1a: Ogerpon|Knock Off|p2a: Decidueye
|-resisted|p2a: Decidueye
|-damage|p2a: Decidueye|89/100
|-damage|p1a: Ogerpon|15/100|[from] item: Rocky Helmet|[of] p2a: Decidueye
|-enditem|p2a: Decidueye|Rocky Helmet|[from] move: Knock Off|[of] p1a: Ogerpon
|
|upkeep
|turn|14
|
|t:|1760434908
|move|p1a: Ogerpon|U-turn|p2a: Decidueye
|-damage|p2a: Decidueye|73/100
|
|t:|1760434913
|switch|p1a: Primarina|Primarina, M|45/100|[from] U-turn
|-damage|p1a: Primarina|33/100|[from] Stealth Rock
|move|p2a: Decidueye|U-turn|p1a: Primarina
|-resisted|p1a: Primarina
|-damage|p1a: Primarina|25/100
|inactive|3idk has 120 seconds left.
|
|t:|1760434955
|switch|p2a: Barraskewda|Barraskewda, M|91/100|[from] U-turn
|
|-heal|p1a: Primarina|31/100|[from] item: Leftovers
|upkeep
|turn|15
|
|t:|1760434962
|move|p2a: Barraskewda|Liquidation|p1a: Primarina
|-resisted|p1a: Primarina
|-damage|p1a: Primarina|5/100
|-damage|p2a: Barraskewda|81/100|[from] item: Life Orb
|move|p1a: Primarina|Draining Kiss|p2a: Barraskewda
|-damage|p2a: Barraskewda|36/100
|-heal|p1a: Primarina|30/100|[from] drain|[of] p2a: Barraskewda
|
|-heal|p1a: Primarina|36/100|[from] item: Leftovers
|upkeep
|turn|16
|inactive|3idk has 120 seconds left.
|
|t:|1760434997
|move|p2a: Barraskewda|Flip Turn|p1a: Primarina
|-resisted|p1a: Primarina
|-crit|p1a: Primarina
|-damage|p1a: Primarina|9/100
|-damage|p2a: Barraskewda|26/100|[from] item: Life Orb
|
|t:|1760435001
|switch|p2a: Tornadus|Tornadus-Therian, M|100/100|[from] Flip Turn
|move|p1a: Primarina|Draining Kiss|p2a: Tornadus
|-damage|p2a: Tornadus|74/100
|-heal|p1a: Primarina|26/100|[from] drain|[of] p2a: Tornadus
|
|-heal|p1a: Primarina|32/100|[from] item: Leftovers
|upkeep
|turn|17
|
|t:|1760435003
|move|p2a: Tornadus|Hurricane|p1a: Primarina|[miss]
|-miss|p2a: Tornadus|p1a: Primarina
|move|p1a: Primarina|Draining Kiss|p2a: Tornadus
|-damage|p2a: Tornadus|47/100
|-heal|p1a: Primarina|48/100|[from] drain|[of] p2a: Tornadus
|
|-heal|p1a: Primarina|54/100|[from] item: Leftovers
|upkeep
|turn|18
|
|t:|1760435009
|move|p2a: Tornadus|Hurricane|p1a: Primarina
|-damage|p1a: Primarina|0 fnt
|faint|p1a: Primarina
|
|upkeep
|
|t:|1760435019
|switch|p1a: Iron Crown|Iron Crown|43/100
|-damage|p1a: Iron Crown|37/100|[from] Stealth Rock
|turn|19
|inactive|3idk has 120 seconds left.
|
|t:|1760435046
|switch|p2a: Raging Bolt|Raging Bolt|100/100
|-enditem|p2a: Raging Bolt|Booster Energy
|-activate|p2a: Raging Bolt|ability: Protosynthesis|[fromitem]
|-start|p2a: Raging Bolt|protosynthesisspa
|move|p1a: Iron Crown|Volt Switch|p2a: Raging Bolt
|-resisted|p2a: Raging Bolt
|-damage|p2a: Raging Bolt|93/100
|
|t:|1760435064
|-end|p1a: Iron Crown|Quark Drive|[silent]
|switch|p1a: Dragonite|Dragonite, F|100/100|[from] Volt Switch
|-damage|p1a: Dragonite|76/100|[from] Stealth Rock
|
|upkeep
|turn|20
|
|t:|1760435078
|move|p1a: Dragonite|Earthquake|p2a: Raging Bolt
|-supereffective|p2a: Raging Bolt
|-damage|p2a: Raging Bolt|0 fnt
|faint|p2a: Raging Bolt
|-end|p2a: Raging Bolt|Protosynthesis|[silent]
|
|upkeep
|
|t:|1760435082
|switch|p2a: Tornadus|Tornadus-Therian, M|80/100
|turn|21
|
|t:|1760435097
|switch|p1a: Ogerpon|Ogerpon, F|15/100
|move|p2a: Tornadus|Hurricane|p1a: Ogerpon
|-supereffective|p1a: Ogerpon
|-damage|p1a: Ogerpon|0 fnt
|faint|p1a: Ogerpon
|
|upkeep
|
|t:|1760435107
|switch|p1a: Iron Crown|Iron Crown|37/100
|-damage|p1a: Iron Crown|30/100|[from] Stealth Rock
|turn|22
|
|t:|1760435114
|-terastallize|p2a: Tornadus|Flying
|move|p2a: Tornadus|Hurricane|p1a: Iron Crown
|-resisted|p1a: Iron Crown
|-damage|p1a: Iron Crown|0 fnt
|faint|p1a: Iron Crown
|-end|p1a: Iron Crown|Quark Drive|[silent]
|
|upkeep
|
|t:|1760435128
|switch|p1a: Dragonite|Dragonite, F|76/100
|-damage|p1a: Dragonite|51/100|[from] Stealth Rock
|turn|23
|
|t:|1760435133
|-terastallize|p1a: Dragonite|Normal
|move|p1a: Dragonite|Extreme Speed|p2a: Tornadus
|-damage|p2a: Tornadus|0 fnt
|faint|p2a: Tornadus
|
|upkeep
|j| hadtomakesomebands
|
|t:|1760435139
|switch|p2a: Pelipper|Pelipper, F|86/100
|-weather|RainDance|[from] ability: Drizzle|[of] p2a: Pelipper
|turn|24
|
|t:|1760435145
|switch|p2a: Decidueye|Decidueye-Hisui, F|73/100
|move|p1a: Dragonite|Extreme Speed|p2a: Decidueye
|-damage|p2a: Decidueye|20/100
|
|-weather|RainDance|[upkeep]
|upkeep
|turn|25
|
|t:|1760435150
|move|p1a: Dragonite|Extreme Speed|p2a: Decidueye
|-damage|p2a: Decidueye|0 fnt
|faint|p2a: Decidueye
|
|-weather|RainDance|[upkeep]
|upkeep
|
|t:|1760435153
|switch|p2a: Pelipper|Pelipper, F|86/100
|turn|26
|
|t:|1760435157
|move|p1a: Dragonite|Extreme Speed|p2a: Pelipper
|-damage|p2a: Pelipper|29/100
|move|p2a: Pelipper|Roost|p2a: Pelipper
|-heal|p2a: Pelipper|79/100
|-singleturn|p2a: Pelipper|move: Roost
|
|-weather|RainDance|[upkeep]
|upkeep
|turn|27
|l| hadtomakesomebands
|
|t:|1760435163
|move|p1a: Dragonite|Extreme Speed|p2a: Pelipper
|-damage|p2a: Pelipper|26/100
|move|p2a: Pelipper|Hurricane|p1a: Dragonite
|-damage|p1a: Dragonite|11/100
|
|-weather|RainDance|[upkeep]
|upkeep
|turn|28
|
|t:|1760435168
|move|p1a: Dragonite|Extreme Speed|p2a: Pelipper
|-damage|p2a: Pelipper|0 fnt
|faint|p2a: Pelipper
|
|-weather|RainDance|[upkeep]
|upkeep
|
|t:|1760435170
|switch|p2a: Barraskewda|Barraskewda, M|26/100
|turn|29
|c|☆RexxRaptorr|Gg
|
|t:|1760435174
|move|p1a: Dragonite|Extreme Speed|p2a: Barraskewda
|-damage|p2a: Barraskewda|0 fnt
|faint|p2a: Barraskewda
|
|win|RexxRaptorr
|raw|RexxRaptorr's rating: 1634 &rarr; <strong>1655</strong><br />(+21 for winning)
|raw|3idk's rating: 1651 &rarr; <strong>1630</strong><br />(-21 for losing)
|l|☆3idk
|player|p2|
|l|☆RexxRaptorr
|player|p1|
