|j|☆models&baddies
|j|☆I L0VE MY WIF3
|t:|1760391296
|gametype|singles
|player|p1|models&baddies|benga|1468
|player|p2|I L0VE MY WIF3|miku-ground|1479
|gen|9
|tier|[Gen 9] OU
|rated|
|rule|HP Percentage Mod: HP is shown in percentages
|rule|Endless Battle Clause: Forcing endless battles is banned
|rule|Species Clause: Limit one of each Pokémon
|rule|OHKO Clause: OHKO moves are banned
|rule|Evasion Items Clause: Evasion items are banned
|rule|Evasion Moves Clause: Evasion moves are banned
|rule|Evasion Abilities Clause: Evasion abilities are banned
|rule|Sleep Moves Clause: Sleep-inducing moves are banned
|clearpoke
|poke|p1|Rillaboom, M|
|poke|p1|Salazzle, F|
|poke|p1|Latias, F|
|poke|p1|Espeon, M|
|poke|p1|Milotic, F|
|poke|p1|Hitmontop, M|
|poke|p2|Ogerpon-Cornerstone, F|
|poke|p2|Samurott-Hisui, M|
|poke|p2|Meowscarada, F|
|poke|p2|Araquanid, M|
|poke|p2|Great Tusk|
|poke|p2|Gholdengo|
|teampreview
|
|t:|1760391305
|teamsize|p1|6
|teamsize|p2|6
|start
|switch|p1a: Hitmontop|Hitmontop, M|100/100
|switch|p2a: Meowscarada|Meowscarada, F|100/100
|turn|1
|
|t:|1760391311
|move|p1a: Hitmontop|Mach Punch|p2a: Meowscarada
|-supereffective|p2a: Meowscarada
|-damage|p2a: Meowscarada|10/100
|move|p2a: Meowscarada|Flower Trick|p1a: Hitmontop
|-start|p2a: Meowscarada|typechange|Grass|[from] ability: Protean
|-crit|p1a: Hitmontop
|-damage|p1a: Hitmontop|15/100
|
|upkeep
|turn|2
|
|t:|1760391329
|switch|p2a: Araquanid|Araquanid, M, shiny|100/100
|move|p1a: Hitmontop|Mach Punch|p2a: Araquanid
|-resisted|p2a: Araquanid
|-damage|p2a: Araquanid|86/100
|
|upkeep
|turn|3
|
|t:|1760391336
|switch|p1a: Latias|Latias, F|100/100
|move|p2a: Araquanid|Surf|p1a: Latias
|-resisted|p1a: Latias
|-damage|p1a: Latias|77/100
|
|upkeep
|turn|4
|
|t:|1760391341
|move|p1a: Latias|Trick|p2a: Araquanid
|-activate|p1a: Latias|move: Trick|[of] p2a: Araquanid
|-item|p2a: Araquanid|Choice Scarf|[from] move: Trick
|-item|p1a: Latias|Custap Berry|[from] move: Trick
|move|p2a: Araquanid|Sticky Web|p1a: Latias
|-sidestart|p1: models&baddies|move: Sticky Web
|
|upkeep
|turn|5
|
|t:|1760391346
|switch|p1a: Milotic|Milotic, F|100/100
|-activate|p1a: Milotic|move: Sticky Web
|-unboost|p1a: Milotic|spe|1
|-ability|p1a: Milotic|Competitive|boost
|-boost|p1a: Milotic|spa|2
|switch|p2a: Kaladin|Samurott-Hisui, M, shiny|100/100
|
|upkeep
|turn|6
|
|t:|1760391351
|move|p2a: Kaladin|Ceaseless Edge|p1a: Milotic
|-damage|p1a: Milotic|59/100
|-sidestart|p1: models&baddies|Spikes
|move|p1a: Milotic|Scald|p2a: Kaladin
|-resisted|p2a: Kaladin
|-damage|p2a: Kaladin|82/100
|-status|p2a: Kaladin|brn
|
|-heal|p1a: Milotic|65/100|[from] item: Leftovers
|-damage|p2a: Kaladin|76/100 brn|[from] brn
|upkeep
|turn|7
|
|t:|1760391357
|move|p2a: Kaladin|Ceaseless Edge|p1a: Milotic
|-damage|p1a: Milotic|45/100
|-sidestart|p1: models&baddies|Spikes
|move|p1a: Milotic|Recover|p1a: Milotic
|-heal|p1a: Milotic|95/100
|
|-heal|p1a: Milotic|100/100|[from] item: Leftovers
|-damage|p2a: Kaladin|70/100 brn|[from] brn
|upkeep
|turn|8
|
|t:|1760391363
|move|p2a: Kaladin|Knock Off|p1a: Milotic
|-damage|p1a: Milotic|81/100
|-enditem|p1a: Milotic|Leftovers|[from] move: Knock Off|[of] p2a: Kaladin
|move|p1a: Milotic|Scald|p2a: Kaladin
|-resisted|p2a: Kaladin
|-damage|p2a: Kaladin|52/100 brn
|
|-damage|p2a: Kaladin|46/100 brn|[from] brn
|upkeep
|turn|9
|
|t:|1760391371
|move|p2a: Kaladin|Ceaseless Edge|p1a: Milotic
|-damage|p1a: Milotic|63/100
|-sidestart|p1: models&baddies|Spikes
|move|p1a: Milotic|Scald|p2a: Kaladin
|-resisted|p2a: Kaladin
|-damage|p2a: Kaladin|26/100 brn
|
|-damage|p2a: Kaladin|20/100 brn|[from] brn
|upkeep
|turn|10
|
|t:|1760391385
|move|p2a: Kaladin|Ceaseless Edge|p1a: Milotic
|-damage|p1a: Milotic|41/100
|move|p1a: Milotic|Recover|p1a: Milotic
|-heal|p1a: Milotic|91/100
|
|-damage|p2a: Kaladin|14/100 brn|[from] brn
|upkeep
|turn|11
|
|t:|1760391391
|switch|p1a: Rillaboom|Rillaboom, M|100/100
|-activate|p1a: Rillaboom|move: Sticky Web
|-unboost|p1a: Rillaboom|spe|1
|-damage|p1a: Rillaboom|75/100|[from] Spikes
|-fieldstart|move: Grassy Terrain|[from] ability: Grassy Surge|[of] p1a: Rillaboom
|move|p2a: Kaladin|Knock Off|p1a: Rillaboom
|-damage|p1a: Rillaboom|58/100
|-enditem|p1a: Rillaboom|Terrain Extender|[from] move: Knock Off|[of] p2a: Kaladin
|
|-heal|p2a: Kaladin|20/100 brn|[from] Grassy Terrain
|-heal|p1a: Rillaboom|65/100|[from] Grassy Terrain
|-damage|p2a: Kaladin|14/100 brn|[from] brn
|upkeep
|turn|12
|
|t:|1760391409
|switch|p1a: Milotic|Milotic, F|91/100
|-activate|p1a: Milotic|move: Sticky Web
|-unboost|p1a: Milotic|spe|1
|-ability|p1a: Milotic|Competitive|boost
|-boost|p1a: Milotic|spa|2
|-damage|p1a: Milotic|66/100|[from] Spikes
|move|p2a: Kaladin|Sucker Punch||[still]
|-fail|p2a: Kaladin
|
|-heal|p2a: Kaladin|20/100 brn|[from] Grassy Terrain
|-heal|p1a: Milotic|72/100|[from] Grassy Terrain
|-damage|p2a: Kaladin|14/100 brn|[from] brn
|upkeep
|turn|13
|
|t:|1760391420
|switch|p2a: Stonerpon|Ogerpon-Cornerstone, F|100/100
|move|p1a: Milotic|Recover|p1a: Milotic
|-heal|p1a: Milotic|100/100
|
|upkeep
|turn|14
|
|t:|1760391440
|-terastallize|p1a: Milotic|Dragon
|move|p2a: Stonerpon|Swords Dance|p2a: Stonerpon
|-boost|p2a: Stonerpon|atk|2
|move|p1a: Milotic|Scald|p2a: Stonerpon
|-damage|p2a: Stonerpon|35/100
|
|-heal|p2a: Stonerpon|41/100|[from] Grassy Terrain
|upkeep
|turn|15
|
|t:|1760391451
|switch|p1a: Salazzle|Salazzle, F|100/100
|-activate|p1a: Salazzle|move: Sticky Web
|-unboost|p1a: Salazzle|spe|1
|-damage|p1a: Salazzle|76/100|[from] Spikes
|move|p2a: Stonerpon|Ivy Cudgel|p1a: Salazzle|[anim] Ivy Cudgel Rock
|-supereffective|p1a: Salazzle
|-crit|p1a: Salazzle
|-damage|p1a: Salazzle|0 fnt
|faint|p1a: Salazzle
|
|-heal|p2a: Stonerpon|47/100|[from] Grassy Terrain
|upkeep
|
|t:|1760391455
|switch|p1a: Latias|Latias, F|77/100
|turn|16
|
|t:|1760391461
|switch|p2a: Kaladin|Samurott-Hisui, M, shiny|14/100 brn
|move|p1a: Latias|Draco Meteor|p2a: Kaladin
|-damage|p2a: Kaladin|0 fnt
|-unboost|p1a: Latias|spa|2
|faint|p2a: Kaladin
|
|upkeep
|
|t:|1760391467
|switch|p2a: Meowscarada|Meowscarada, F|10/100
|turn|17
|
|t:|1760391484
|move|p2a: Meowscarada|U-turn|p1a: Latias
|-start|p2a: Meowscarada|typechange|Bug|[from] ability: Protean
|-supereffective|p1a: Latias
|-damage|p1a: Latias|0 fnt
|faint|p1a: Latias
|
|t:|1760391491
|switch|p2a: Stonerpon|Ogerpon-Cornerstone, F|47/100|[from] U-turn
|
|-heal|p2a: Stonerpon|53/100|[from] Grassy Terrain
|upkeep
|
|t:|1760391506
|switch|p1a: Oh no…|Espeon, M|100/100
|-activate|p1a: Oh no…|move: Sticky Web
|-unboost|p1a: Oh no…|spe|1
|-damage|p1a: Oh no…|76/100|[from] Spikes
|-enditem|p1a: Oh no…|Grassy Seed
|-boost|p1a: Oh no…|def|1|[from] item: Grassy Seed
|turn|18
|
|t:|1760391514
|switch|p2a: Meowscarada|Meowscarada, F|10/100
|move|p1a: Oh no…|Calm Mind|p1a: Oh no…
|-boost|p1a: Oh no…|spa|1
|-boost|p1a: Oh no…|spd|1
|
|-heal|p2a: Meowscarada|17/100|[from] Grassy Terrain
|-heal|p1a: Oh no…|82/100|[from] Grassy Terrain
|-fieldend|move: Grassy Terrain
|upkeep
|turn|19
|
|t:|1760391521
|move|p2a: Meowscarada|U-turn|p1a: Oh no…
|-start|p2a: Meowscarada|typechange|Bug|[from] ability: Protean
|-supereffective|p1a: Oh no…
|-damage|p1a: Oh no…|10/100
|
|t:|1760391527
|switch|p2a: Araquanid|Araquanid, M, shiny|86/100|[from] U-turn
|move|p1a: Oh no…|Morning Sun|p1a: Oh no…
|-heal|p1a: Oh no…|60/100
|
|upkeep
|turn|20
|
|t:|1760391533
|move|p2a: Araquanid|Surf|p1a: Oh no…
|-damage|p1a: Oh no…|21/100
|move|p1a: Oh no…|Calm Mind|p1a: Oh no…
|-boost|p1a: Oh no…|spa|1
|-boost|p1a: Oh no…|spd|1
|
|upkeep
|turn|21
|
|t:|1760391537
|move|p2a: Araquanid|Surf|p1a: Oh no…
|-damage|p1a: Oh no…|0 fnt
|faint|p1a: Oh no…
|
|upkeep
|-message|models&baddies forfeited.
|
|win|I L0VE MY WIF3
|raw|models&amp;baddies's rating: 1468 &rarr; <strong>1449</strong><br />(-19 for losing)
|raw|I L0VE MY WIF3's rating: 1479 &rarr; <strong>1498</strong><br />(+19 for winning)
|l|☆models&baddies
|player|p1|
|l|☆I L0VE MY WIF3
|player|p2|
