|j|☆SSJ Kil
|j|☆roommate108
|t:|1760416983
|gametype|singles
|player|p1|SSJ Kil|n|1580
|player|p2|roommate108|102|1547
|gen|9
|tier|[Gen 9] OU
|rated|
|rule|HP Percentage Mod: HP is shown in percentages
|rule|Endless Battle Clause: Forcing endless battles is banned
|rule|Species Clause: Limit one of each Pokémon
|rule|OHKO Clause: OHKO moves are banned
|rule|Evasion Items Clause: Evasion items are banned
|rule|Evasion Moves Clause: Evasion moves are banned
|rule|Evasion Abilities Clause: Evasion abilities are banned
|rule|Sleep Moves Clause: Sleep-inducing moves are banned
|clearpoke
|poke|p1|Zoroark-Hisui, M|
|poke|p1|Corviknight, F|
|poke|p1|Ogerpon-Wellspring, F|
|poke|p1|Sandy Shocks|
|poke|p1|Lokix, M|
|poke|p1|Cinderace, M|
|poke|p2|Charizard, M|
|poke|p2|Torkoal, F|
|poke|p2|Walking Wake|
|poke|p2|Raging Bolt|
|poke|p2|Hatterene, F|
|poke|p2|Leavanny, F|
|teampreview
|inactive|Battle timer is ON: inactive players will automatically lose when time's up. (requested by SSJ Kil)
|
|t:|1760416992
|teamsize|p1|6
|teamsize|p2|6
|start
|switch|p1a: Sandy Shocks|Sandy Shocks|100/100
|switch|p2a: Torkoal|Torkoal, F|100/100
|-weather|SunnyDay|[from] ability: Drought|[of] p2a: Torkoal
|-activate|p1a: Sandy Shocks|ability: Protosynthesis
|-start|p1a: Sandy Shocks|protosynthesisspa
|turn|1
|
|t:|1760417001
|switch|p2a: Hatterene|Hatterene, F|100/100
|move|p1a: Sandy Shocks|Earth Power|p2a: Hatterene
|-damage|p2a: Hatterene|35/100
|-enditem|p2a: Hatterene|Eject Button
|
|t:|1760417004
|switch|p2a: Walking Wake|Walking Wake|100/100
|-activate|p2a: Walking Wake|ability: Protosynthesis
|-start|p2a: Walking Wake|protosynthesisspe
|
|-weather|SunnyDay|[upkeep]
|upkeep
|turn|2
|
|t:|1760417009
|-end|p1a: Sandy Shocks|Protosynthesis|[silent]
|switch|p1a: Corviknight|Corviknight, F|100/100
|-ability|p1a: Corviknight|Pressure
|move|p2a: Walking Wake|Draco Meteor|p1a: Corviknight
|-resisted|p1a: Corviknight
|-damage|p1a: Corviknight|51/100
|-unboost|p2a: Walking Wake|spa|2
|
|-weather|SunnyDay|[upkeep]
|upkeep
|turn|3
|
|t:|1760417017
|-end|p2a: Walking Wake|Protosynthesis|[silent]
|switch|p2a: Raging Bolt|Raging Bolt|100/100
|-activate|p2a: Raging Bolt|ability: Protosynthesis
|-start|p2a: Raging Bolt|protosynthesisspa
|switch|p1a: Sandy Shocks|Sandy Shocks|100/100
|-activate|p1a: Sandy Shocks|ability: Protosynthesis
|-start|p1a: Sandy Shocks|protosynthesisspa
|
|-weather|SunnyDay|[upkeep]
|upkeep
|turn|4
|
|t:|1760417024
|-end|p2a: Raging Bolt|Protosynthesis|[silent]
|switch|p2a: Hatterene|Hatterene, F|35/100
|move|p1a: Sandy Shocks|Earth Power|p2a: Hatterene
|-damage|p2a: Hatterene|0 fnt
|faint|p2a: Hatterene
|
|-weather|SunnyDay|[upkeep]
|upkeep
|
|t:|1760417026
|switch|p2a: Walking Wake|Walking Wake|100/100
|-activate|p2a: Walking Wake|ability: Protosynthesis
|-start|p2a: Walking Wake|protosynthesisspe
|turn|5
|
|t:|1760417029
|-end|p1a: Sandy Shocks|Protosynthesis|[silent]
|switch|p1a: Corviknight|Corviknight, F|51/100
|-ability|p1a: Corviknight|Pressure
|move|p2a: Walking Wake|Draco Meteor|p1a: Corviknight
|-resisted|p1a: Corviknight
|-crit|p1a: Corviknight
|-damage|p1a: Corviknight|0 fnt
|-unboost|p2a: Walking Wake|spa|2
|faint|p1a: Corviknight
|
|-weather|SunnyDay|[upkeep]
|upkeep
|
|t:|1760417030
|switch|p1a: Lokix|Lokix, M|100/100
|turn|6
|
|t:|1760417036
|-end|p2a: Walking Wake|Protosynthesis|[silent]
|switch|p2a: Torkoal|Torkoal, F|100/100
|move|p1a: Lokix|U-turn|p2a: Torkoal
|-resisted|p2a: Torkoal
|-damage|p2a: Torkoal|74/100
|
|t:|1760417038
|switch|p1a: Sandy Shocks|Sandy Shocks|100/100|[from] U-turn
|-activate|p1a: Sandy Shocks|ability: Protosynthesis
|-start|p1a: Sandy Shocks|protosynthesisspa
|
|-weather|SunnyDay|[upkeep]
|upkeep
|turn|7
|
|t:|1760417043
|switch|p2a: Walking Wake|Walking Wake|100/100
|-activate|p2a: Walking Wake|ability: Protosynthesis
|-start|p2a: Walking Wake|protosynthesisspe
|move|p1a: Sandy Shocks|Volt Switch|p2a: Walking Wake
|-damage|p2a: Walking Wake|52/100
|
|t:|1760417045
|-end|p1a: Sandy Shocks|Protosynthesis|[silent]
|switch|p1a: Lokix|Lokix, M|100/100|[from] Volt Switch
|
|-weather|SunnyDay|[upkeep]
|upkeep
|turn|8
|
|t:|1760417052
|-end|p2a: Walking Wake|Protosynthesis|[silent]
|switch|p2a: Charizard|Charizard, M|100/100
|move|p1a: Lokix|First Impression|p2a: Charizard
|-resisted|p2a: Charizard
|-damage|p2a: Charizard|58/100
|
|-weather|none
|upkeep
|turn|9
|
|t:|1760417056
|switch|p1a: Cinderace|Cinderace, M, shiny|100/100
|move|p2a: Charizard|Overheat|p1a: Cinderace
|-resisted|p1a: Cinderace
|-damage|p1a: Cinderace|33/100
|-unboost|p2a: Charizard|spa|2
|
|upkeep
|turn|10
|
|t:|1760417061
|move|p1a: Cinderace|Gunk Shot|p2a: Charizard
|-start|p1a: Cinderace|typechange|Poison|[from] ability: Libero
|-damage|p2a: Charizard|0 fnt
|faint|p2a: Charizard
|
|upkeep
|
|t:|1760417064
|switch|p2a: Torkoal|Torkoal, F|74/100
|-weather|SunnyDay|[from] ability: Drought|[of] p2a: Torkoal
|turn|11
|
|t:|1760417068
|switch|p1a: Sandy Shocks|Sandy Shocks|100/100
|-activate|p1a: Sandy Shocks|ability: Protosynthesis
|-start|p1a: Sandy Shocks|protosynthesisspa
|move|p2a: Torkoal|Weather Ball|p1a: Sandy Shocks
|-damage|p1a: Sandy Shocks|45/100
|
|-weather|SunnyDay|[upkeep]
|upkeep
|turn|12
|
|t:|1760417074
|switch|p2a: Raging Bolt|Raging Bolt|100/100
|-activate|p2a: Raging Bolt|ability: Protosynthesis
|-start|p2a: Raging Bolt|protosynthesisspa
|move|p1a: Sandy Shocks|Volt Switch|p2a: Raging Bolt
|-resisted|p2a: Raging Bolt
|-damage|p2a: Raging Bolt|89/100
|
|t:|1760417079
|-end|p1a: Sandy Shocks|Protosynthesis|[silent]
|switch|p1a: Cinderace|Cinderace, M, shiny|100/100|[from] Volt Switch
|
|-weather|SunnyDay|[upkeep]
|upkeep
|turn|13
|
|t:|1760417083
|move|p2a: Raging Bolt|Thunderclap|p1a: Cinderace
|-damage|p1a: Cinderace|0 fnt
|replace|p1a: Zoroark|Zoroark-Hisui, M, shiny
|-end|p1a: Zoroark|Illusion
|faint|p1a: Zoroark
|-damage|p2a: Raging Bolt|79/100|[from] item: Life Orb
|
|-weather|SunnyDay|[upkeep]
|upkeep
|
|t:|1760417086
|switch|p1a: Sandy Shocks|Sandy Shocks|45/100
|-activate|p1a: Sandy Shocks|ability: Protosynthesis
|-start|p1a: Sandy Shocks|protosynthesisspa
|turn|14
|
|t:|1760417090
|-end|p2a: Raging Bolt|Protosynthesis|[silent]
|switch|p2a: Leavanny|Leavanny, F|100/100
|move|p1a: Sandy Shocks|Earth Power|p2a: Leavanny
|-resisted|p2a: Leavanny
|-damage|p2a: Leavanny|79/100
|
|-weather|SunnyDay|[upkeep]
|upkeep
|turn|15
|
|t:|1760417096
|-end|p1a: Sandy Shocks|Protosynthesis|[silent]
|switch|p1a: Ogerpon|Ogerpon-Wellspring, F|100/100
|move|p2a: Leavanny|Leaf Blade|p1a: Ogerpon
|-crit|p1a: Ogerpon
|-damage|p1a: Ogerpon|16/100
|
|-weather|SunnyDay|[upkeep]
|upkeep
|turn|16
|
|t:|1760417101
|move|p2a: Leavanny|Knock Off|p1a: Ogerpon
|-crit|p1a: Ogerpon
|-damage|p1a: Ogerpon|0 fnt
|faint|p1a: Ogerpon
|
|-weather|SunnyDay|[upkeep]
|upkeep
|
|t:|1760417102
|switch|p1a: Lokix|Lokix, M|100/100
|turn|17
|
|t:|1760417108
|move|p2a: Leavanny|Sticky Web|p1a: Lokix
|-sidestart|p1: SSJ Kil|move: Sticky Web
|move|p1a: Lokix|U-turn|p2a: Leavanny
|-supereffective|p2a: Leavanny
|-damage|p2a: Leavanny|0 fnt
|faint|p2a: Leavanny
|
|t:|1760417112
|switch|p1a: Sandy Shocks|Sandy Shocks|45/100|[from] U-turn
|-activate|p1a: Sandy Shocks|ability: Protosynthesis
|-start|p1a: Sandy Shocks|protosynthesisspa
|
|-weather|SunnyDay|[upkeep]
|upkeep
|
|t:|1760417114
|switch|p2a: Walking Wake|Walking Wake|52/100
|-activate|p2a: Walking Wake|ability: Protosynthesis
|-start|p2a: Walking Wake|protosynthesisspe
|turn|18
|
|t:|1760417117
|-end|p1a: Sandy Shocks|Protosynthesis|[silent]
|switch|p1a: Cinderace|Cinderace, M, shiny|33/100
|-activate|p1a: Cinderace|move: Sticky Web
|-unboost|p1a: Cinderace|spe|1
|move|p2a: Walking Wake|Hydro Steam|p1a: Cinderace
|-supereffective|p1a: Cinderace
|-damage|p1a: Cinderace|0 fnt
|faint|p1a: Cinderace
|
|-weather|none
|-end|p2a: Walking Wake|Protosynthesis
|upkeep
|
|t:|1760417118
|switch|p1a: Lokix|Lokix, M|100/100
|-activate|p1a: Lokix|move: Sticky Web
|-unboost|p1a: Lokix|spe|1
|turn|19
|
|t:|1760417121
|-end|p2a: Walking Wake|Protosynthesis|[silent]
|switch|p2a: Torkoal|Torkoal, F|74/100
|-weather|SunnyDay|[from] ability: Drought|[of] p2a: Torkoal
|move|p1a: Lokix|U-turn|p2a: Torkoal
|-resisted|p2a: Torkoal
|-damage|p2a: Torkoal|42/100
|
|t:|1760417123
|switch|p1a: Sandy Shocks|Sandy Shocks|45/100|[from] U-turn
|-activate|p1a: Sandy Shocks|ability: Protosynthesis
|-start|p1a: Sandy Shocks|protosynthesisspa
|
|-weather|SunnyDay|[upkeep]
|upkeep
|turn|20
|
|t:|1760417125
|move|p1a: Sandy Shocks|Volt Switch|p2a: Torkoal
|-damage|p2a: Torkoal|0 fnt
|faint|p2a: Torkoal
|
|t:|1760417126
|-end|p1a: Sandy Shocks|Protosynthesis|[silent]
|switch|p1a: Lokix|Lokix, M|100/100|[from] Volt Switch
|-activate|p1a: Lokix|move: Sticky Web
|-unboost|p1a: Lokix|spe|1
|
|-weather|SunnyDay|[upkeep]
|upkeep
|
|t:|1760417129
|switch|p2a: Raging Bolt|Raging Bolt|79/100
|-activate|p2a: Raging Bolt|ability: Protosynthesis
|-start|p2a: Raging Bolt|protosynthesisspa
|turn|21
|
|t:|1760417131
|move|p2a: Raging Bolt|Thunderbolt|p1a: Lokix
|-damage|p1a: Lokix|0 fnt
|faint|p1a: Lokix
|-damage|p2a: Raging Bolt|69/100|[from] item: Life Orb
|
|-weather|SunnyDay|[upkeep]
|upkeep
|
|t:|1760417137
|switch|p1a: Sandy Shocks|Sandy Shocks|45/100
|-activate|p1a: Sandy Shocks|ability: Protosynthesis
|-start|p1a: Sandy Shocks|protosynthesisspa
|turn|22
|
|t:|1760417138
|move|p1a: Sandy Shocks|Stealth Rock|p2a: Raging Bolt
|-sidestart|p2: roommate108|move: Stealth Rock
|move|p2a: Raging Bolt|Draco Meteor|p1a: Sandy Shocks
|-damage|p1a: Sandy Shocks|0 fnt
|-unboost|p2a: Raging Bolt|spa|2
|faint|p1a: Sandy Shocks
|-end|p1a: Sandy Shocks|Protosynthesis|[silent]
|-damage|p2a: Raging Bolt|59/100|[from] item: Life Orb
|
|win|roommate108
|raw|SSJ Kil's rating: 1580 &rarr; <strong>1558</strong><br />(-22 for losing)
|raw|roommate108's rating: 1547 &rarr; <strong>1569</strong><br />(+22 for winning)
|l|☆SSJ Kil
|player|p1|
|l|☆roommate108
|player|p2|
