|j|☆neopaq
|j|☆Walking Waste
|t:|1760364541
|gametype|singles
|player|p1|neopaq|gambler|1356
|player|p2|Walking Waste|burglar-gen2|1384
|gen|9
|tier|[Gen 9] OU
|rated|
|rule|HP Percentage Mod: HP is shown in percentages
|rule|Endless Battle Clause: Forcing endless battles is banned
|rule|Species Clause: Limit one of each Pokémon
|rule|OHKO Clause: OHKO moves are banned
|rule|Evasion Items Clause: Evasion items are banned
|rule|Evasion Moves Clause: Evasion moves are banned
|rule|Evasion Abilities Clause: Evasion abilities are banned
|rule|Sleep Moves Clause: Sleep-inducing moves are banned
|clearpoke
|poke|p1|Iron Crown|
|poke|p1|Kingambit, M|
|poke|p1|Samurott-Hisui, F|
|poke|p1|Landorus-Therian, M|
|poke|p1|Primarina, M|
|poke|p1|Dragonite, F|
|poke|p2|Kyurem|
|poke|p2|Great Tusk|
|poke|p2|Dragapult, M|
|poke|p2|Dragonite, M|
|poke|p2|Haxorus, M|
|poke|p2|Galvantula, F|
|teampreview
|inactive|Battle timer is ON: inactive players will automatically lose when time's up. (requested by Walking Waste)
|
|t:|1760364565
|teamsize|p1|6
|teamsize|p2|6
|start
|switch|p1a: Landorus|Landorus-Therian, M, shiny|100/100
|switch|p2a: Darkling|Galvantula, F|100/100
|-ability|p1a: Landorus|Intimidate|boost
|-unboost|p2a: Darkling|atk|1
|turn|1
|
|t:|1760364584
|switch|p1a: Dragonite|Dragonite, F|100/100
|move|p2a: Darkling|Sticky Web|p1a: Dragonite
|-sidestart|p1: neopaq|move: Sticky Web
|
|upkeep
|turn|2
|
|t:|1760364590
|move|p2a: Darkling|Thunder Wave|p1a: Dragonite
|-status|p1a: Dragonite|par
|move|p1a: Dragonite|Dragon Dance|p1a: Dragonite
|-boost|p1a: Dragonite|atk|1
|-boost|p1a: Dragonite|spe|1
|
|upkeep
|turn|3
|
|t:|1760364612
|switch|p2a: Dragapult|Dragapult, M|100/100
|move|p1a: Dragonite|Dragon Dance|p1a: Dragonite
|-boost|p1a: Dragonite|atk|1
|-boost|p1a: Dragonite|spe|1
|
|upkeep
|turn|4
|
|t:|1760364624
|-terastallize|p1a: Dragonite|Normal
|move|p2a: Dragapult|Dragon Darts|p1a: Dragonite
|-damage|p1a: Dragonite|82/100 par
|-anim|p2a: Dragapult|Dragon Darts|p1a: Dragonite
|-damage|p1a: Dragonite|47/100 par
|-damage|p2a: Dragapult|91/100|[from] item: Life Orb
|cant|p1a: Dragonite|par
|
|upkeep
|turn|5
|
|t:|1760364635
|move|p2a: Dragapult|Dragon Darts|p1a: Dragonite
|-crit|p1a: Dragonite
|-damage|p1a: Dragonite|0 fnt
|faint|p1a: Dragonite
|-damage|p2a: Dragapult|81/100|[from] item: Life Orb
|
|upkeep
|
|t:|1760364640
|switch|p1a: Samurott|Samurott-Hisui, F, shiny|100/100
|turn|6
|
|t:|1760364656
|move|p2a: Dragapult|Dragon Darts|p1a: Samurott
|-damage|p1a: Samurott|62/100
|-anim|p2a: Dragapult|Dragon Darts|p1a: Samurott
|-damage|p1a: Samurott|24/100
|-damage|p2a: Dragapult|71/100|[from] item: Life Orb
|move|p1a: Samurott|Ceaseless Edge|p2a: Dragapult
|-supereffective|p2a: Dragapult
|-damage|p2a: Dragapult|0 fnt
|-sidestart|p2: Walking Waste|Spikes
|faint|p2a: Dragapult
|
|upkeep
|
|t:|1760364670
|switch|p2a: Great Tusk|Great Tusk|100/100
|-damage|p2a: Great Tusk|88/100|[from] Spikes
|-enditem|p2a: Great Tusk|Booster Energy
|-activate|p2a: Great Tusk|ability: Protosynthesis|[fromitem]
|-start|p2a: Great Tusk|protosynthesisatk
|turn|7
|
|t:|1760364676
|move|p2a: Great Tusk|Rapid Spin|p1a: Samurott
|-damage|p1a: Samurott|0 fnt
|-boost|p2a: Great Tusk|spe|1
|-sideend|p2: Walking Waste|Spikes|[from] move: Rapid Spin|[of] p2a: Great Tusk
|faint|p1a: Samurott
|
|upkeep
|
|t:|1760364684
|switch|p1a: Landorus|Landorus-Therian, M, shiny|100/100
|-ability|p1a: Landorus|Intimidate|boost
|-unboost|p2a: Great Tusk|atk|1
|turn|8
|-message|neopaq forfeited.
|
|win|Walking Waste
|raw|neopaq's rating: 1356 &rarr; <strong>1338</strong><br />(-18 for losing)
|raw|Walking Waste's rating: 1384 &rarr; <strong>1402</strong><br />(+18 for winning)
|l|☆neopaq
|player|p1|
|l|☆Walking Waste
|player|p2|
