|j|☆pkmbb
|j|☆jruss310
|t:|1760391422
|gametype|singles
|player|p1|pkmbb|170|1140
|player|p2|jruss310|169|1148
|gen|9
|tier|[Gen 9] OU
|rated|
|rule|HP Percentage Mod: HP is shown in percentages
|rule|Endless Battle Clause: Forcing endless battles is banned
|rule|Species Clause: Limit one of each Pokémon
|rule|OHKO Clause: OHKO moves are banned
|rule|Evasion Items Clause: Evasion items are banned
|rule|Evasion Moves Clause: Evasion moves are banned
|rule|Evasion Abilities Clause: Evasion abilities are banned
|rule|Sleep Moves Clause: Sleep-inducing moves are banned
|clearpoke
|poke|p1|Heracross, M|
|poke|p1|Araquanid, F|
|poke|p1|Illumise, F|
|poke|p1|Scizor, M|
|poke|p1|Lokix, F|
|poke|p1|Forretress, F|
|poke|p2|Garganacl, M|
|poke|p2|Iron Moth|
|poke|p2|Breloom, F|
|poke|p2|Great Tusk|
|poke|p2|Corviknight, F|
|poke|p2|Rotom-Wash|
|teampreview
|
|t:|1760391438
|teamsize|p1|6
|teamsize|p2|6
|start
|switch|p1a: Illmatic|Illumise, F|100/100
|switch|p2a: Bleach|Rotom-Wash|100/100
|turn|1
|inactive|Battle timer is ON: inactive players will automatically lose when time's up. (requested by jruss310)
|
|t:|1760391449
|move|p1a: Illmatic|Wish|p1a: Illmatic
|move|p2a: Bleach|Trick|p1a: Illmatic
|-activate|p2a: Bleach|move: Trick|[of] p1a: Illmatic
|-item|p1a: Illmatic|Choice Scarf|[from] move: Trick
|-item|p2a: Bleach|Heavy-Duty Boots|[from] move: Trick
|
|upkeep
|turn|2
|
|t:|1760391460
|switch|p2a: Sit Arthur|Corviknight, F, shiny|100/100
|-ability|p2a: Sit Arthur|Pressure
|move|p1a: Illmatic|Encore||[still]
|-fail|p1a: Illmatic
|
|upkeep
|turn|3
|
|t:|1760391471
|switch|p1a: Aquimini|Araquanid, F, shiny|100/100
|move|p2a: Sit Arthur|Brave Bird|p1a: Aquimini
|-supereffective|p1a: Aquimini
|-damage|p1a: Aquimini|28/100
|-damage|p2a: Sit Arthur|80/100|[from] Recoil
|
|-heal|p1a: Aquimini|34/100|[from] item: Leftovers
|upkeep
|turn|4
|
|t:|1760391480
|move|p2a: Sit Arthur|Defog|p1a: Aquimini
|-unboost|p1a: Aquimini|evasion|1
|move|p1a: Aquimini|Sticky Web|p2a: Sit Arthur
|-sidestart|p2: jruss310|move: Sticky Web
|
|-heal|p1a: Aquimini|40/100|[from] item: Leftovers
|upkeep
|turn|5
|
|t:|1760391486
|move|p2a: Sit Arthur|Defog|p1a: Aquimini
|-unboost|p1a: Aquimini|evasion|1
|-sideend|p2: jruss310|Sticky Web|[from] move: Defog|[of] p2a: Sit Arthur
|move|p1a: Aquimini|Hydro Pump|p2a: Sit Arthur
|-damage|p2a: Sit Arthur|17/100
|
|-heal|p1a: Aquimini|46/100|[from] item: Leftovers
|upkeep
|turn|6
|
|t:|1760391492
|move|p2a: Sit Arthur|Brave Bird|p1a: Aquimini
|-supereffective|p1a: Aquimini
|-damage|p1a: Aquimini|0 fnt
|faint|p1a: Aquimini
|-damage|p2a: Sit Arthur|4/100|[from] Recoil
|
|upkeep
|
|t:|1760391498
|switch|p1a: 36 chambers|Lokix, F|100/100
|turn|7
|
|t:|1760391501
|move|p1a: 36 chambers|First Impression|p2a: Sit Arthur
|-resisted|p2a: Sit Arthur
|-damage|p2a: Sit Arthur|0 fnt
|-damage|p1a: 36 chambers|84/100|[from] item: Rocky Helmet|[of] p2a: Sit Arthur
|faint|p2a: Sit Arthur
|
|upkeep
|
|t:|1760391523
|switch|p2a: Sun Dial 911|Iron Moth|100/100
|turn|8
|
|t:|1760391534
|switch|p1a: Illmatic|Illumise, F|100/100
|move|p2a: Sun Dial 911|Overheat|p1a: Illmatic
|-supereffective|p1a: Illmatic
|-damage|p1a: Illmatic|0 fnt
|-unboost|p2a: Sun Dial 911|spa|2
|faint|p1a: Illmatic
|
|upkeep
|
|t:|1760391553
|switch|p1a: Liquid Swords|Heracross, M|100/100
|turn|9
|
|t:|1760391557
|-terastallize|p1a: Liquid Swords|Fighting
|move|p2a: Sun Dial 911|Overheat|p1a: Liquid Swords
|-damage|p1a: Liquid Swords|41/100
|-unboost|p2a: Sun Dial 911|spa|2
|move|p1a: Liquid Swords|Earthquake|p2a: Sun Dial 911
|-supereffective|p2a: Sun Dial 911
|-damage|p2a: Sun Dial 911|0 fnt
|faint|p2a: Sun Dial 911
|-end|p2a: Sun Dial 911|Quark Drive|[silent]
|-ability|p1a: Liquid Swords|Moxie|boost
|-boost|p1a: Liquid Swords|atk|1
|
|upkeep
|
|t:|1760391563
|switch|p2a: Bleach|Rotom-Wash|100/100
|turn|10
|
|t:|1760391569
|move|p1a: Liquid Swords|Earthquake|p2a: Bleach
|-immune|p2a: Bleach|[from] ability: Levitate
|move|p2a: Bleach|Hydro Pump|p1a: Liquid Swords
|-damage|p1a: Liquid Swords|0 fnt
|faint|p1a: Liquid Swords
|
|upkeep
|
|t:|1760391575
|switch|p1a: Midnight Merauder|Forretress, F|100/100
|turn|11
|
|t:|1760391584
|move|p2a: Bleach|Will-O-Wisp|p1a: Midnight Merauder|[miss]
|-miss|p2a: Bleach|p1a: Midnight Merauder
|move|p1a: Midnight Merauder|Spikes|p2a: Bleach
|-sidestart|p2: jruss310|Spikes
|
|upkeep
|turn|12
|
|t:|1760391590
|move|p2a: Bleach|Will-O-Wisp|p1a: Midnight Merauder
|-status|p1a: Midnight Merauder|brn
|move|p1a: Midnight Merauder|Stealth Rock|p2a: Bleach
|-sidestart|p2: jruss310|move: Stealth Rock
|
|-damage|p1a: Midnight Merauder|94/100 brn|[from] brn
|upkeep
|turn|13
|
|t:|1760391596
|switch|p2a: Salty?|Garganacl, M|100/100
|-damage|p2a: Salty?|88/100|[from] Spikes
|-damage|p2a: Salty?|76/100|[from] Stealth Rock
|move|p1a: Midnight Merauder|Spikes|p2a: Salty?
|-sidestart|p2: jruss310|Spikes
|
|-heal|p2a: Salty?|82/100|[from] item: Leftovers
|-damage|p1a: Midnight Merauder|88/100 brn|[from] brn
|upkeep
|turn|14
|
|t:|1760391603
|-terastallize|p2a: Salty?|Water
|move|p1a: Midnight Merauder|Spikes|p2a: Salty?
|-sidestart|p2: jruss310|Spikes
|move|p2a: Salty?|Curse|p2a: Salty?
|-unboost|p2a: Salty?|spe|1
|-boost|p2a: Salty?|atk|1
|-boost|p2a: Salty?|def|1
|
|-heal|p2a: Salty?|88/100|[from] item: Leftovers
|-damage|p1a: Midnight Merauder|82/100 brn|[from] brn
|upkeep
|turn|15
|
|t:|1760391609
|move|p1a: Midnight Merauder|Explosion|p2a: Salty?
|-damage|p2a: Salty?|77/100
|faint|p1a: Midnight Merauder
|move|p2a: Salty?|Stealth Rock|p1: Midnight Merauder
|-sidestart|p1: pkmbb|move: Stealth Rock
|
|-heal|p2a: Salty?|84/100|[from] item: Leftovers
|upkeep
|
|t:|1760391615
|switch|p1a: 36 chambers|Lokix, F|84/100
|-damage|p1a: 36 chambers|59/100|[from] Stealth Rock
|turn|16
|
|t:|1760391619
|move|p1a: 36 chambers|First Impression|p2a: Salty?
|-damage|p2a: Salty?|69/100
|move|p2a: Salty?|Recover|p2a: Salty?
|-heal|p2a: Salty?|100/100
|
|upkeep
|turn|17
|
|t:|1760391624
|move|p1a: 36 chambers|Knock Off|p2a: Salty?
|-damage|p2a: Salty?|84/100
|-enditem|p2a: Salty?|Leftovers|[from] move: Knock Off|[of] p1a: 36 chambers
|move|p2a: Salty?|Salt Cure|p1a: 36 chambers
|-supereffective|p1a: 36 chambers
|-damage|p1a: 36 chambers|1/100
|-start|p1a: 36 chambers|Salt Cure
|
|-damage|p1a: 36 chambers|0 fnt|[from] Salt Cure
|faint|p1a: 36 chambers
|upkeep
|
|t:|1760391631
|switch|p1a: Supa Dupa Fly|Scizor, M|100/100
|-damage|p1a: Supa Dupa Fly|88/100|[from] Stealth Rock
|turn|18
|
|t:|1760391633
|move|p1a: Supa Dupa Fly|Swords Dance|p1a: Supa Dupa Fly
|-boost|p1a: Supa Dupa Fly|atk|2
|move|p2a: Salty?|Salt Cure|p1a: Supa Dupa Fly
|-damage|p1a: Supa Dupa Fly|66/100
|-start|p1a: Supa Dupa Fly|Salt Cure
|
|-damage|p1a: Supa Dupa Fly|42/100|[from] Salt Cure
|upkeep
|turn|19
|
|t:|1760391638
|move|p1a: Supa Dupa Fly|Bullet Punch|p2a: Salty?
|-resisted|p2a: Salty?
|-damage|p2a: Salty?|69/100
|move|p2a: Salty?|Recover|p2a: Salty?
|-heal|p2a: Salty?|100/100
|
|-damage|p1a: Supa Dupa Fly|17/100|[from] Salt Cure
|upkeep
|-enditem|p1a: Supa Dupa Fly|Salac Berry|[eat]
|-boost|p1a: Supa Dupa Fly|spe|1|[from] item: Salac Berry
|turn|20
|
|t:|1760391642
|move|p1a: Supa Dupa Fly|Dual Wingbeat|p2a: Salty?
|-damage|p2a: Salty?|83/100
|-damage|p2a: Salty?|63/100
|-hitcount|p2a: Salty?|2
|move|p2a: Salty?|Salt Cure|p1a: Supa Dupa Fly
|-damage|p1a: Supa Dupa Fly|0 fnt
|faint|p1a: Supa Dupa Fly
|
|win|jruss310
|raw|pkmbb's rating: 1140 &rarr; <strong>1116</strong><br />(-24 for losing)
|raw|jruss310's rating: 1148 &rarr; <strong>1172</strong><br />(+24 for winning)
|l|☆pkmbb
|player|p1|
