|j|☆King L5
|j|☆Sea town
|t:|1760338007
|gametype|singles
|player|p1|King L5|#dcliiinfernalarmory|1475
|player|p2|Sea town|2|1514
|gen|9
|tier|[Gen 9] OU
|rated|
|rule|HP Percentage Mod: HP is shown in percentages
|rule|Endless Battle Clause: Forcing endless battles is banned
|rule|Species Clause: Limit one of each Pokémon
|rule|OHKO Clause: OHKO moves are banned
|rule|Evasion Items Clause: Evasion items are banned
|rule|Evasion Moves Clause: Evasion moves are banned
|rule|Evasion Abilities Clause: Evasion abilities are banned
|rule|Sleep Moves Clause: Sleep-inducing moves are banned
|clearpoke
|poke|p1|Raging Bolt|
|poke|p1|Darkrai|
|poke|p1|Landorus-Therian, M|
|poke|p1|Tinkaton, F|
|poke|p1|Vulpix, M|
|poke|p1|Scovillain, M|
|poke|p2|Ninetales-Alola, F|
|poke|p2|Garganacl, F|
|poke|p2|Cinderace, F|
|poke|p2|Corviknight, M|
|poke|p2|Primarina, F|
|poke|p2|Kommo-o, M|
|teampreview
|inactive|Battle timer is ON: inactive players will automatically lose when time's up. (requested by Sea town)
|
|t:|1760338030
|teamsize|p1|6
|teamsize|p2|6
|start
|switch|p1a: Raging Bolt|Raging Bolt|100/100
|switch|p2a: Primarina|Primarina, F|100/100
|turn|1
|
|t:|1760338036
|move|p1a: Raging Bolt|Volt Switch|p2a: Primarina
|-supereffective|p2a: Primarina
|-damage|p2a: Primarina|30/100
|
|t:|1760338043
|-end|p1a: Raging Bolt|Protosynthesis|[silent]
|switch|p1a: Tinkaton|Tinkaton, F|100/100|[from] Volt Switch
|-ability|p1a: Tinkaton|Mold Breaker
|move|p2a: Primarina|Moonblast|p1a: Tinkaton
|-resisted|p1a: Tinkaton
|-damage|p1a: Tinkaton|64/100
|-unboost|p1a: Tinkaton|spa|1
|
|upkeep
|turn|2
|
|t:|1760338049
|switch|p2a: Corviknight|Corviknight, M|100/100
|-ability|p2a: Corviknight|Pressure
|move|p1a: Tinkaton|Stealth Rock|p2a: Corviknight
|-sidestart|p2: Sea town|move: Stealth Rock
|
|upkeep
|turn|3
|
|t:|1760338055
|move|p1a: Tinkaton|Thunder Wave|p2a: Corviknight
|-status|p2a: Corviknight|par
|move|p2a: Corviknight|U-turn|p1a: Tinkaton
|-resisted|p1a: Tinkaton
|-damage|p1a: Tinkaton|60/100
|-damage|p2a: Corviknight|84/100 par|[from] item: Rocky Helmet|[of] p1a: Tinkaton
|
|t:|1760338058
|switch|p2a: Cinderace|Cinderace, F|100/100|[from] U-turn
|
|upkeep
|turn|4
|
|t:|1760338064
|move|p2a: Cinderace|Will-O-Wisp|p1a: Tinkaton
|-status|p1a: Tinkaton|brn
|move|p1a: Tinkaton|Stealth Rock||[still]
|-fail|p1a: Tinkaton
|
|-damage|p1a: Tinkaton|54/100 brn|[from] brn
|upkeep
|turn|5
|
|t:|1760338070
|move|p2a: Cinderace|Pyro Ball|p1a: Tinkaton
|-supereffective|p1a: Tinkaton
|-damage|p1a: Tinkaton|0 fnt
|faint|p1a: Tinkaton
|
|upkeep
|
|t:|1760338073
|switch|p1a: Landorus|Landorus-Therian, M|100/100
|-ability|p1a: Landorus|Intimidate|boost
|-unboost|p2a: Cinderace|atk|1
|turn|6
|
|t:|1760338075
|switch|p2a: Corviknight|Corviknight, M|84/100 par
|-damage|p2a: Corviknight|72/100 par|[from] Stealth Rock
|-ability|p2a: Corviknight|Pressure
|move|p1a: Landorus|U-turn|p2a: Corviknight
|-resisted|p2a: Corviknight
|-damage|p2a: Corviknight|68/100 par
|-damage|p1a: Landorus|84/100|[from] item: Rocky Helmet|[of] p2a: Corviknight
|
|t:|1760338077
|switch|p1a: Vulpix|Vulpix, M|100/100|[from] U-turn
|-weather|SunnyDay|[from] ability: Drought|[of] p1a: Vulpix
|
|-weather|SunnyDay|[upkeep]
|upkeep
|turn|7
|
|t:|1760338084
|switch|p1a: Scovillain|Scovillain, M|100/100
|move|p2a: Corviknight|U-turn|p1a: Scovillain
|-damage|p1a: Scovillain|75/100
|
|t:|1760338089
|switch|p2a: Ninetales|Ninetales-Alola, F|100/100|[from] U-turn
|-damage|p2a: Ninetales|76/100|[from] Stealth Rock
|-weather|Snowscape|[from] ability: Snow Warning|[of] p2a: Ninetales
|
|-weather|Snowscape|[upkeep]
|upkeep
|turn|8
|
|t:|1760338093
|-terastallize|p1a: Scovillain|Fire
|move|p2a: Ninetales|Aurora Veil|p2a: Ninetales
|-sidestart|p2: Sea town|move: Aurora Veil
|move|p1a: Scovillain|Flamethrower|p2a: Ninetales
|-supereffective|p2a: Ninetales
|-damage|p2a: Ninetales|0 fnt
|faint|p2a: Ninetales
|
|-weather|Snowscape|[upkeep]
|upkeep
|
|t:|1760338105
|switch|p2a: Garganacl|Garganacl, F|100/100
|-damage|p2a: Garganacl|88/100|[from] Stealth Rock
|turn|9
|
|t:|1760338120
|switch|p1a: Landorus|Landorus-Therian, M|84/100
|-ability|p1a: Landorus|Intimidate|boost
|-unboost|p2a: Garganacl|atk|1
|move|p2a: Garganacl|Iron Defense|p2a: Garganacl
|-boost|p2a: Garganacl|def|2
|
|-weather|Snowscape|[upkeep]
|-heal|p2a: Garganacl|94/100|[from] item: Leftovers
|upkeep
|turn|10
|
|t:|1760338124
|move|p1a: Landorus|U-turn|p2a: Garganacl
|-damage|p2a: Garganacl|90/100
|
|t:|1760338127
|switch|p1a: Vulpix|Vulpix, M|100/100|[from] U-turn
|-weather|SunnyDay|[from] ability: Drought|[of] p1a: Vulpix
|move|p2a: Garganacl|Salt Cure|p1a: Vulpix
|-supereffective|p1a: Vulpix
|-damage|p1a: Vulpix|50/100
|-start|p1a: Vulpix|Salt Cure
|
|-weather|SunnyDay|[upkeep]
|-heal|p2a: Garganacl|96/100|[from] item: Leftovers
|-damage|p1a: Vulpix|38/100|[from] Salt Cure
|upkeep
|turn|11
|
|t:|1760338133
|switch|p1a: Landorus|Landorus-Therian, M|84/100
|-ability|p1a: Landorus|Intimidate|boost
|-unboost|p2a: Garganacl|atk|1
|move|p2a: Garganacl|Body Press|p1a: Landorus
|-resisted|p1a: Landorus
|-damage|p1a: Landorus|59/100
|
|-weather|SunnyDay|[upkeep]
|-heal|p2a: Garganacl|100/100|[from] item: Leftovers
|upkeep
|turn|12
|
|t:|1760338144
|move|p1a: Landorus|U-turn|p2a: Garganacl
|-crit|p2a: Garganacl
|-damage|p2a: Garganacl|75/100
|
|t:|1760338149
|switch|p1a: Raging Bolt|Raging Bolt|100/100|[from] U-turn
|-activate|p1a: Raging Bolt|ability: Protosynthesis
|-start|p1a: Raging Bolt|protosynthesisspa
|move|p2a: Garganacl|Salt Cure|p1a: Raging Bolt
|-damage|p1a: Raging Bolt|94/100
|-start|p1a: Raging Bolt|Salt Cure
|
|-weather|SunnyDay|[upkeep]
|-heal|p2a: Garganacl|81/100|[from] item: Leftovers
|-damage|p1a: Raging Bolt|82/100|[from] Salt Cure
|upkeep
|turn|13
|
|t:|1760338156
|move|p1a: Raging Bolt|Volt Switch|p2a: Garganacl
|-damage|p2a: Garganacl|63/100
|
|t:|1760338166
|-end|p1a: Raging Bolt|Protosynthesis|[silent]
|switch|p1a: Landorus|Landorus-Therian, M|59/100|[from] Volt Switch
|-ability|p1a: Landorus|Intimidate|boost
|-unboost|p2a: Garganacl|atk|1
|move|p2a: Garganacl|Body Press|p1a: Landorus
|-resisted|p1a: Landorus
|-damage|p1a: Landorus|34/100
|
|-weather|SunnyDay|[upkeep]
|-heal|p2a: Garganacl|69/100|[from] item: Leftovers
|upkeep
|turn|14
|
|t:|1760338171
|move|p1a: Landorus|U-turn|p2a: Garganacl
|-damage|p2a: Garganacl|64/100
|
|t:|1760338173
|switch|p1a: Raging Bolt|Raging Bolt|82/100|[from] U-turn
|-activate|p1a: Raging Bolt|ability: Protosynthesis
|-start|p1a: Raging Bolt|protosynthesisspa
|move|p2a: Garganacl|Recover|p2a: Garganacl
|-heal|p2a: Garganacl|100/100
|
|-weather|SunnyDay|[upkeep]
|upkeep
|turn|15
|
|t:|1760338191
|move|p1a: Raging Bolt|Volt Switch|p2a: Garganacl
|-damage|p2a: Garganacl|83/100
|
|t:|1760338193
|-end|p1a: Raging Bolt|Protosynthesis|[silent]
|switch|p1a: Landorus|Landorus-Therian, M|34/100|[from] Volt Switch
|-ability|p1a: Landorus|Intimidate|boost
|-unboost|p2a: Garganacl|atk|1
|move|p2a: Garganacl|Salt Cure|p1a: Landorus
|-damage|p1a: Landorus|29/100
|-start|p1a: Landorus|Salt Cure
|
|-weather|SunnyDay|[upkeep]
|-heal|p2a: Garganacl|89/100|[from] item: Leftovers
|-damage|p1a: Landorus|16/100|[from] Salt Cure
|-sideend|p2: Sea town|move: Aurora Veil
|upkeep
|turn|16
|
|t:|1760338201
|switch|p2a: Corviknight|Corviknight, M|68/100 par
|-damage|p2a: Corviknight|56/100 par|[from] Stealth Rock
|-ability|p2a: Corviknight|Pressure
|move|p1a: Landorus|U-turn|p2a: Corviknight
|-resisted|p2a: Corviknight
|-damage|p2a: Corviknight|52/100 par
|-damage|p1a: Landorus|0 fnt|[from] item: Rocky Helmet|[of] p2a: Corviknight
|faint|p1a: Landorus
|
|-weather|SunnyDay|[upkeep]
|upkeep
|
|t:|1760338204
|switch|p1a: Scovillain|Scovillain, M, tera:Fire|75/100
|turn|17
|
|t:|1760338213
|move|p1a: Scovillain|Flamethrower|p2a: Corviknight
|-supereffective|p2a: Corviknight
|-damage|p2a: Corviknight|0 fnt
|faint|p2a: Corviknight
|
|-weather|none
|upkeep
|
|t:|1760338215
|switch|p2a: Cinderace|Cinderace, F|100/100
|turn|18
|
|t:|1760338221
|move|p2a: Cinderace|Court Change|p2a: Cinderace
|-start|p2a: Cinderace|typechange|Normal|[from] ability: Libero
|-swapsideconditions
|-activate|p2a: Cinderace|move: Court Change
|move|p1a: Scovillain|Flamethrower|p2a: Cinderace
|-damage|p2a: Cinderace|0 fnt
|faint|p2a: Cinderace
|
|upkeep
|
|t:|1760338227
|switch|p2a: Garganacl|Garganacl, F|89/100
|turn|19
|c|☆King L5|we scoVILLAINS
|
|t:|1760338236
|switch|p1a: Vulpix|Vulpix, M|38/100
|-damage|p1a: Vulpix|13/100|[from] Stealth Rock
|-weather|SunnyDay|[from] ability: Drought|[of] p1a: Vulpix
|move|p2a: Garganacl|Salt Cure|p1a: Vulpix
|-supereffective|p1a: Vulpix
|-damage|p1a: Vulpix|0 fnt
|faint|p1a: Vulpix
|
|-weather|SunnyDay|[upkeep]
|-heal|p2a: Garganacl|95/100|[from] item: Leftovers
|upkeep
|
|t:|1760338238
|switch|p1a: Scovillain|Scovillain, M, tera:Fire|75/100
|-damage|p1a: Scovillain|51/100|[from] Stealth Rock
|turn|20
|inactive|King L5 has 120 seconds left.
|
|t:|1760338272
|move|p1a: Scovillain|Fire Blast|p2a: Garganacl
|-resisted|p2a: Garganacl
|-damage|p2a: Garganacl|44/100
|move|p2a: Garganacl|Salt Cure|p1a: Scovillain
|-supereffective|p1a: Scovillain
|-damage|p1a: Scovillain|1/100
|-start|p1a: Scovillain|Salt Cure
|
|-weather|SunnyDay|[upkeep]
|-heal|p2a: Garganacl|50/100|[from] item: Leftovers
|-damage|p1a: Scovillain|0 fnt|[from] Salt Cure
|faint|p1a: Scovillain
|upkeep
|inactive|King L5 has 120 seconds left.
|
|t:|1760338278
|switch|p1a: Raging Bolt|Raging Bolt|82/100
|-activate|p1a: Raging Bolt|ability: Protosynthesis
|-start|p1a: Raging Bolt|protosynthesisspa
|turn|21
|
|t:|1760338284
|move|p1a: Raging Bolt|Draco Meteor|p2a: Garganacl
|-damage|p2a: Garganacl|0 fnt
|-unboost|p1a: Raging Bolt|spa|2
|faint|p2a: Garganacl
|
|-weather|SunnyDay|[upkeep]
|upkeep
|
|t:|1760338286
|switch|p2a: Primarina|Primarina, F|30/100
|turn|22
|
|t:|1760338290
|move|p1a: Raging Bolt|Volt Switch|p2a: Primarina
|-supereffective|p2a: Primarina
|-damage|p2a: Primarina|0 fnt
|faint|p2a: Primarina
|
|t:|1760338292
|-end|p1a: Raging Bolt|Protosynthesis|[silent]
|switch|p1a: Darkrai|Darkrai|100/100|[from] Volt Switch
|-damage|p1a: Darkrai|88/100|[from] Stealth Rock
|
|-weather|SunnyDay|[upkeep]
|upkeep
|
|t:|1760338296
|switch|p2a: Kommo-o|Kommo-o, M|100/100
|turn|23
|
|t:|1760338301
|-terastallize|p2a: Kommo-o|Steel
|move|p1a: Darkrai|Ice Beam|p2a: Kommo-o
|-resisted|p2a: Kommo-o
|-damage|p2a: Kommo-o|81/100
|-damage|p1a: Darkrai|78/100|[from] item: Life Orb
|move|p2a: Kommo-o|Substitute|p2a: Kommo-o
|-start|p2a: Kommo-o|Substitute
|-damage|p2a: Kommo-o|56/100
|
|-weather|SunnyDay|[upkeep]
|upkeep
|turn|24
|
|t:|1760338310
|move|p1a: Darkrai|Dark Pulse|p2a: Kommo-o
|-end|p2a: Kommo-o|Substitute
|-damage|p1a: Darkrai|68/100|[from] item: Life Orb
|move|p2a: Kommo-o|Belly Drum|p2a: Kommo-o
|-damage|p2a: Kommo-o|6/100
|-setboost|p2a: Kommo-o|atk|6|[from] move: Belly Drum
|-enditem|p2a: Kommo-o|Salac Berry|[eat]
|-boost|p2a: Kommo-o|spe|1|[from] item: Salac Berry
|
|-weather|SunnyDay|[upkeep]
|upkeep
|turn|25
|
|t:|1760338319
|move|p2a: Kommo-o|Drain Punch|p1a: Darkrai
|-supereffective|p1a: Darkrai
|-damage|p1a: Darkrai|0 fnt
|-heal|p2a: Kommo-o|36/100|[from] drain|[of] p1a: Darkrai
|faint|p1a: Darkrai
|
|-weather|SunnyDay|[upkeep]
|upkeep
|
|t:|1760338320
|switch|p1a: Raging Bolt|Raging Bolt|82/100
|-activate|p1a: Raging Bolt|ability: Protosynthesis
|-start|p1a: Raging Bolt|protosynthesisspa
|turn|26
|
|t:|1760338338
|move|p2a: Kommo-o|Ice Punch|p1a: Raging Bolt
|-supereffective|p1a: Raging Bolt
|-damage|p1a: Raging Bolt|0 fnt
|faint|p1a: Raging Bolt
|-end|p1a: Raging Bolt|Protosynthesis|[silent]
|
|win|Sea town
|raw|King L5's rating: 1475 &rarr; <strong>1457</strong><br />(-18 for losing)
|raw|Sea town's rating: 1514 &rarr; <strong>1532</strong><br />(+18 for winning)
|l|☆King L5
|player|p1|
|c|☆Sea town|Hmm
|l|☆Sea town
|player|p2|
