|j|☆aboda
|j|☆exo444
|t:|1760434574
|gametype|singles
|player|p1|aboda|pokemonranger-gen4|1152
|player|p2|exo444|bruno|1157
|gen|9
|tier|[Gen 9] OU
|rated|
|rule|HP Percentage Mod: HP is shown in percentages
|rule|Endless Battle Clause: Forcing endless battles is banned
|rule|Species Clause: Limit one of each Pokémon
|rule|OHKO Clause: OHKO moves are banned
|rule|Evasion Items Clause: Evasion items are banned
|rule|Evasion Moves Clause: Evasion moves are banned
|rule|Evasion Abilities Clause: Evasion abilities are banned
|rule|Sleep Moves Clause: Sleep-inducing moves are banned
|clearpoke
|poke|p1|Charizard, F|
|poke|p1|Torkoal, M|
|poke|p1|Venusaur, F|
|poke|p1|Corviknight, M|
|poke|p1|Florges, F|
|poke|p1|Great Tusk|
|poke|p2|Hoopa-Unbound|
|poke|p2|Alomomola, F|
|poke|p2|Weezing-Galar, F|
|poke|p2|Gliscor, F|
|poke|p2|Kingambit, F|
|poke|p2|Dragapult, M|
|teampreview
|inactive|Battle timer is ON: inactive players will automatically lose when time's up. (requested by aboda)
|
|t:|1760434585
|teamsize|p1|6
|teamsize|p2|6
|start
|switch|p1a: Torkoal|Torkoal, M|100/100
|switch|p2a: Hoopa|Hoopa-Unbound|100/100
|-weather|SunnyDay|[from] ability: Drought|[of] p1a: Torkoal
|turn|1
|
|t:|1760434593
|move|p2a: Hoopa|Knock Off|p1a: Torkoal
|-damage|p1a: Torkoal|56/100
|-enditem|p1a: Torkoal|Eject Button|[from] move: Knock Off|[of] p2a: Hoopa
|move|p1a: Torkoal|Stealth Rock|p2a: Hoopa
|-sidestart|p2: exo444|move: Stealth Rock
|
|-weather|SunnyDay|[upkeep]
|upkeep
|turn|2
|
|t:|1760434608
|switch|p1a: Charizard|Charizard, F|100/100
|move|p2a: Hoopa|Knock Off|p1a: Charizard
|-damage|p1a: Charizard|24/100
|-enditem|p1a: Charizard|Heavy-Duty Boots|[from] move: Knock Off|[of] p2a: Hoopa
|
|-weather|SunnyDay|[upkeep]
|-damage|p1a: Charizard|11/100|[from] ability: Solar Power|[of] p1a: Charizard
|upkeep
|turn|3
|
|t:|1760434625
|switch|p2a: Alomomola|Alomomola, F|100/100
|-damage|p2a: Alomomola|88/100|[from] Stealth Rock
|move|p1a: Charizard|Heat Wave|p2a: Alomomola
|-resisted|p2a: Alomomola
|-damage|p2a: Alomomola|39/100
|
|-weather|SunnyDay|[upkeep]
|-damage|p1a: Charizard|0 fnt|[from] ability: Solar Power|[of] p1a: Charizard
|faint|p1a: Charizard
|upkeep
|
|t:|1760434629
|switch|p1a: Venusaur|Venusaur, F|100/100
|turn|4
|
|t:|1760434638
|switch|p2a: Weezing|Weezing-Galar, F|100/100
|-ability|p2a: Weezing|Neutralizing Gas
|move|p1a: Venusaur|Energy Ball|p2a: Weezing
|-resisted|p2a: Weezing
|-damage|p2a: Weezing|64/100
|-damage|p1a: Venusaur|91/100|[from] item: Life Orb
|
|-weather|SunnyDay|[upkeep]
|upkeep
|turn|5
|
|t:|1760434650
|switch|p1a: Corviknight|Corviknight, M|100/100
|move|p2a: Weezing|Defog|p1a: Corviknight
|-unboost|p1a: Corviknight|evasion|1
|-sideend|p2: exo444|Stealth Rock|[from] move: Defog|[of] p2a: Weezing
|
|-weather|none
|upkeep
|turn|6
|
|t:|1760434671
|-end|p2a: Weezing|ability: Neutralizing Gas
|-ability|p1a: Corviknight|Pressure
|switch|p2a: Gliscor|Gliscor, F|100/100
|move|p1a: Corviknight|Iron Head|p2a: Gliscor
|-damage|p2a: Gliscor|80/100
|
|-status|p2a: Gliscor|tox|[from] item: Toxic Orb
|upkeep
|turn|7
|
|t:|1760434685
|move|p2a: Gliscor|Swords Dance|p2a: Gliscor
|-boost|p2a: Gliscor|atk|2
|move|p1a: Corviknight|Iron Head|p2a: Gliscor
|-damage|p2a: Gliscor|60/100 tox
|
|-heal|p2a: Gliscor|73/100 tox|[from] ability: Poison Heal
|upkeep
|turn|8
|
|t:|1760434696
|move|p2a: Gliscor|Swords Dance|p2a: Gliscor
|-boost|p2a: Gliscor|atk|2
|move|p1a: Corviknight|Dual Wingbeat|p2a: Gliscor|[miss]
|-miss|p1a: Corviknight|p2a: Gliscor
|
|-heal|p2a: Gliscor|85/100 tox|[from] ability: Poison Heal
|upkeep
|turn|9
|
|t:|1760434708
|move|p2a: Gliscor|Facade|p1a: Corviknight
|-resisted|p1a: Corviknight
|-damage|p1a: Corviknight|72/100
|-damage|p2a: Gliscor|69/100 tox|[from] item: Rocky Helmet|[of] p1a: Corviknight
|move|p1a: Corviknight|Dual Wingbeat|p2a: Gliscor
|-damage|p2a: Gliscor|59/100 tox
|-damage|p2a: Gliscor|49/100 tox
|-hitcount|p2a: Gliscor|2
|
|-heal|p2a: Gliscor|62/100 tox|[from] ability: Poison Heal
|upkeep
|turn|10
|
|t:|1760434724
|move|p2a: Gliscor|Protect|p2a: Gliscor
|-singleturn|p2a: Gliscor|Protect
|move|p1a: Corviknight|Dual Wingbeat|p2a: Gliscor
|-activate|p2a: Gliscor|move: Protect
|
|-heal|p2a: Gliscor|74/100 tox|[from] ability: Poison Heal
|upkeep
|turn|11
|
|t:|1760434730
|move|p2a: Gliscor|Facade|p1a: Corviknight
|-resisted|p1a: Corviknight
|-damage|p1a: Corviknight|45/100
|-damage|p2a: Gliscor|58/100 tox|[from] item: Rocky Helmet|[of] p1a: Corviknight
|move|p1a: Corviknight|Dual Wingbeat|p2a: Gliscor
|-damage|p2a: Gliscor|47/100 tox
|-damage|p2a: Gliscor|37/100 tox
|-hitcount|p2a: Gliscor|2
|
|-heal|p2a: Gliscor|49/100 tox|[from] ability: Poison Heal
|upkeep
|turn|12
|
|t:|1760434742
|move|p2a: Gliscor|Protect|p2a: Gliscor
|-singleturn|p2a: Gliscor|Protect
|move|p1a: Corviknight|Roost|p1a: Corviknight
|-heal|p1a: Corviknight|95/100
|-singleturn|p1a: Corviknight|move: Roost
|
|-heal|p2a: Gliscor|62/100 tox|[from] ability: Poison Heal
|upkeep
|turn|13
|
|t:|1760434769
|switch|p2a: Alomomola|Alomomola, F|72/100
|move|p1a: Corviknight|Iron Head|p2a: Alomomola
|-resisted|p2a: Alomomola
|-damage|p2a: Alomomola|64/100
|-damage|p1a: Corviknight|78/100|[from] item: Rocky Helmet|[of] p2a: Alomomola
|
|upkeep
|turn|14
|
|t:|1760434786
|switch|p1a: Florges|Florges, F|100/100
|move|p2a: Alomomola|Wish|p2a: Alomomola
|
|upkeep
|turn|15
|inactive|exo444 has 120 seconds left.
|
|t:|1760434801
|switch|p2a: Weezing|Weezing-Galar, F|64/100
|-ability|p2a: Weezing|Neutralizing Gas
|move|p1a: Florges|Psychic Noise|p2a: Weezing
|-supereffective|p2a: Weezing
|-damage|p2a: Weezing|15/100
|-start|p2a: Weezing|move: Heal Block
|
|upkeep
|turn|16
|inactive|exo444 has 120 seconds left.
|
|t:|1760434815
|-end|p2a: Weezing|ability: Neutralizing Gas
|switch|p2a: Alomomola|Alomomola, F|98/100
|move|p1a: Florges|Psychic Noise|p2a: Alomomola
|-damage|p2a: Alomomola|80/100
|-start|p2a: Alomomola|move: Heal Block
|
|upkeep
|turn|17
|inactive|aboda has 120 seconds left.
|
|t:|1760434865
|move|p1a: Florges|Psychic Noise|p2a: Alomomola
|-damage|p2a: Alomomola|64/100
|move|p2a: Alomomola|Tickle|p1a: Florges
|-unboost|p1a: Florges|atk|1
|-unboost|p1a: Florges|def|1
|
|-end|p2a: Alomomola|move: Heal Block
|upkeep
|turn|18
|inactive|exo444 has 120 seconds left.
|
|t:|1760434890
|move|p1a: Florges|Sunny Day|p1a: Florges
|-weather|SunnyDay
|move|p2a: Alomomola|Tickle|p1a: Florges
|-unboost|p1a: Florges|atk|1
|-unboost|p1a: Florges|def|1
|
|-weather|SunnyDay|[upkeep]
|upkeep
|turn|19
|inactive|exo444 has 120 seconds left.
|
|t:|1760434897
|move|p1a: Florges|Psychic Noise|p2a: Alomomola
|-damage|p2a: Alomomola|46/100
|-start|p2a: Alomomola|move: Heal Block
|move|p2a: Alomomola|Flip Turn|p1a: Florges
|-damage|p1a: Florges|80/100
|inactive|exo444 has 120 seconds left.
|
|t:|1760434906
|switch|p2a: Weezing|Weezing-Galar, F|15/100|[from] Flip Turn
|-ability|p2a: Weezing|Neutralizing Gas
|
|-weather|SunnyDay|[upkeep]
|-heal|p1a: Florges|87/100|[from] item: Leftovers
|upkeep
|turn|20
|inactive|aboda has 120 seconds left.
|inactive|exo444 has 120 seconds left.
|
|t:|1760434917
|switch|p1a: Corviknight|Corviknight, M|78/100
|-end|p2a: Weezing|ability: Neutralizing Gas
|-ability|p1a: Corviknight|Pressure
|switch|p2a: Gliscor|Gliscor, F|62/100 tox
|
|-weather|SunnyDay|[upkeep]
|-heal|p2a: Gliscor|74/100 tox|[from] ability: Poison Heal
|upkeep
|turn|21
|inactive|exo444 has 120 seconds left.
|
|t:|1760434930
|switch|p2a: Alomomola|Alomomola, F|80/100
|move|p1a: Corviknight|Iron Head|p2a: Alomomola
|-resisted|p2a: Alomomola
|-damage|p2a: Alomomola|72/100
|-damage|p1a: Corviknight|62/100|[from] item: Rocky Helmet|[of] p2a: Alomomola
|
|-weather|SunnyDay|[upkeep]
|upkeep
|turn|22
|
|t:|1760434938
|switch|p1a: Florges|Florges, F|87/100
|move|p2a: Alomomola|Wish|p2a: Alomomola
|
|-weather|none
|-heal|p1a: Florges|93/100|[from] item: Leftovers
|upkeep
|turn|23
|
|t:|1760434944
|move|p1a: Florges|Sunny Day|p1a: Florges
|-weather|SunnyDay
|move|p2a: Alomomola|Tickle|p1a: Florges
|-unboost|p1a: Florges|atk|1
|-unboost|p1a: Florges|def|1
|
|-weather|SunnyDay|[upkeep]
|-heal|p2a: Alomomola|100/100|[from] move: Wish|[wisher] Alomomola
|-heal|p1a: Florges|99/100|[from] item: Leftovers
|upkeep
|turn|24
|
|t:|1760434957
|switch|p1a: Venusaur|Venusaur, F|91/100
|move|p2a: Alomomola|Wish|p2a: Alomomola
|
|-weather|SunnyDay|[upkeep]
|upkeep
|turn|25
|
|t:|1760434971
|switch|p2a: Gliscor|Gliscor, F|74/100 tox
|move|p1a: Venusaur|Energy Ball|p2a: Gliscor
|-damage|p2a: Gliscor|22/100 tox
|-damage|p1a: Venusaur|81/100|[from] item: Life Orb
|
|-weather|SunnyDay|[upkeep]
|-heal|p2a: Gliscor|89/100 tox|[from] move: Wish|[wisher] Alomomola
|-heal|p2a: Gliscor|100/100 tox|[from] ability: Poison Heal
|upkeep
|turn|26
|
|t:|1760434987
|switch|p1a: Corviknight|Corviknight, M|62/100
|-ability|p1a: Corviknight|Pressure
|move|p2a: Gliscor|Swords Dance|p2a: Gliscor
|-boost|p2a: Gliscor|atk|2
|
|-weather|SunnyDay|[upkeep]
|upkeep
|turn|27
|inactive|exo444 has 120 seconds left.
|
|t:|1760435004
|move|p2a: Gliscor|Facade|p1a: Corviknight
|-resisted|p1a: Corviknight
|-damage|p1a: Corviknight|44/100
|-damage|p2a: Gliscor|84/100 tox|[from] item: Rocky Helmet|[of] p1a: Corviknight
|move|p1a: Corviknight|Iron Head|p2a: Gliscor
|-damage|p2a: Gliscor|64/100 tox
|
|-weather|none
|-heal|p2a: Gliscor|77/100 tox|[from] ability: Poison Heal
|upkeep
|turn|28
|
|t:|1760435013
|move|p2a: Gliscor|Swords Dance|p2a: Gliscor
|-boost|p2a: Gliscor|atk|2
|move|p1a: Corviknight|Roost|p1a: Corviknight
|-heal|p1a: Corviknight|94/100
|-singleturn|p1a: Corviknight|move: Roost
|
|-heal|p2a: Gliscor|89/100 tox|[from] ability: Poison Heal
|upkeep
|turn|29
|
|t:|1760435021
|move|p2a: Gliscor|Swords Dance|p2a: Gliscor
|-boost|p2a: Gliscor|atk|2
|move|p1a: Corviknight|Dual Wingbeat|p2a: Gliscor
|-damage|p2a: Gliscor|80/100 tox
|-damage|p2a: Gliscor|69/100 tox
|-hitcount|p2a: Gliscor|2
|
|-heal|p2a: Gliscor|82/100 tox|[from] ability: Poison Heal
|upkeep
|turn|30
|inactive|aboda has 120 seconds left.
|
|t:|1760435066
|move|p2a: Gliscor|Facade|p1a: Corviknight
|-resisted|p1a: Corviknight
|-damage|p1a: Corviknight|59/100
|-damage|p2a: Gliscor|65/100 tox|[from] item: Rocky Helmet|[of] p1a: Corviknight
|move|p1a: Corviknight|Dual Wingbeat|p2a: Gliscor
|-damage|p2a: Gliscor|56/100 tox
|-damage|p2a: Gliscor|45/100 tox
|-hitcount|p2a: Gliscor|2
|
|-heal|p2a: Gliscor|58/100 tox|[from] ability: Poison Heal
|upkeep
|turn|31
|
|t:|1760435081
|move|p2a: Gliscor|Facade|p1a: Corviknight
|-resisted|p1a: Corviknight
|-damage|p1a: Corviknight|21/100
|-damage|p2a: Gliscor|41/100 tox|[from] item: Rocky Helmet|[of] p1a: Corviknight
|move|p1a: Corviknight|Roost|p1a: Corviknight
|-heal|p1a: Corviknight|71/100
|-singleturn|p1a: Corviknight|move: Roost
|
|-heal|p2a: Gliscor|54/100 tox|[from] ability: Poison Heal
|upkeep
|turn|32
|
|t:|1760435091
|move|p2a: Gliscor|Protect|p2a: Gliscor
|-singleturn|p2a: Gliscor|Protect
|move|p1a: Corviknight|Roost|p1a: Corviknight
|-heal|p1a: Corviknight|100/100
|-singleturn|p1a: Corviknight|move: Roost
|
|-heal|p2a: Gliscor|66/100 tox|[from] ability: Poison Heal
|upkeep
|turn|33
|
|t:|1760435106
|-terastallize|p2a: Gliscor|Normal
|move|p2a: Gliscor|Facade|p1a: Corviknight
|-resisted|p1a: Corviknight
|-damage|p1a: Corviknight|50/100
|-damage|p2a: Gliscor|50/100 tox|[from] item: Rocky Helmet|[of] p1a: Corviknight
|move|p1a: Corviknight|Dual Wingbeat|p2a: Gliscor
|-damage|p2a: Gliscor|40/100 tox
|-damage|p2a: Gliscor|30/100 tox
|-hitcount|p2a: Gliscor|2
|
|-heal|p2a: Gliscor|43/100 tox|[from] ability: Poison Heal
|upkeep
|turn|34
|inactive|aboda has 120 seconds left.
|inactive|aboda has 90 seconds left.
|
|t:|1760435151
|move|p2a: Gliscor|Facade|p1a: Corviknight
|-resisted|p1a: Corviknight
|-damage|p1a: Corviknight|0 fnt
|-damage|p2a: Gliscor|26/100 tox|[from] item: Rocky Helmet|[of] p1a: Corviknight
|faint|p1a: Corviknight
|
|-heal|p2a: Gliscor|39/100 tox|[from] ability: Poison Heal
|upkeep
|
|t:|1760435160
|switch|p1a: Great Tusk|Great Tusk|100/100
|turn|35
|
|t:|1760435164
|move|p2a: Gliscor|Protect|p2a: Gliscor
|-singleturn|p2a: Gliscor|Protect
|move|p1a: Great Tusk|Close Combat|p2a: Gliscor
|-activate|p2a: Gliscor|move: Protect
|
|-heal|p2a: Gliscor|51/100 tox|[from] ability: Poison Heal
|upkeep
|turn|36
|
|t:|1760435185
|move|p2a: Gliscor|Earthquake|p1a: Great Tusk
|-damage|p1a: Great Tusk|20/100
|move|p1a: Great Tusk|Close Combat|p2a: Gliscor
|-supereffective|p2a: Gliscor
|-damage|p2a: Gliscor|0 fnt
|-unboost|p1a: Great Tusk|def|1
|-unboost|p1a: Great Tusk|spd|1
|faint|p2a: Gliscor
|
|-heal|p1a: Great Tusk|26/100|[from] item: Leftovers
|upkeep
|
|t:|1760435197
|switch|p2a: Dragapult|Dragapult, M|100/100
|turn|37
|
|t:|1760435204
|-end|p1a: Great Tusk|Protosynthesis|[silent]
|switch|p1a: Florges|Florges, F|99/100
|move|p2a: Dragapult|U-turn|p1a: Florges
|-resisted|p1a: Florges
|-damage|p1a: Florges|86/100
|
|t:|1760435211
|switch|p2a: Alomomola|Alomomola, F|100/100|[from] U-turn
|
|-heal|p1a: Florges|92/100|[from] item: Leftovers
|upkeep
|turn|38
|inactive|aboda has 120 seconds left.
|
|t:|1760435220
|move|p1a: Florges|Psychic Noise|p2a: Alomomola
|-damage|p2a: Alomomola|82/100
|-start|p2a: Alomomola|move: Heal Block
|move|p2a: Alomomola|Tickle|p1a: Florges
|-unboost|p1a: Florges|atk|1
|-unboost|p1a: Florges|def|1
|
|-heal|p1a: Florges|98/100|[from] item: Leftovers
|upkeep
|turn|39
|
|t:|1760435230
|move|p1a: Florges|Sunny Day|p1a: Florges
|-weather|SunnyDay
|move|p2a: Alomomola|Tickle|p1a: Florges
|-unboost|p1a: Florges|atk|1
|-unboost|p1a: Florges|def|1
|
|-weather|SunnyDay|[upkeep]
|-heal|p1a: Florges|100/100|[from] item: Leftovers
|-end|p2a: Alomomola|move: Heal Block
|upkeep
|turn|40
|
|t:|1760435238
|move|p1a: Florges|Psychic Noise|p2a: Alomomola
|-damage|p2a: Alomomola|64/100
|-start|p2a: Alomomola|move: Heal Block
|cant|p2a: Alomomola|move: Heal Block|Wish
|
|-weather|SunnyDay|[upkeep]
|upkeep
|turn|41
|inactive|aboda has 120 seconds left.
|
|t:|1760435266
|move|p1a: Florges|Moonblast|p2a: Alomomola
|-damage|p2a: Alomomola|30/100
|move|p2a: Alomomola|Tickle|p1a: Florges
|-unboost|p1a: Florges|atk|1
|-unboost|p1a: Florges|def|1
|
|-weather|SunnyDay|[upkeep]
|-end|p2a: Alomomola|move: Heal Block
|upkeep
|turn|42
|
|t:|1760435276
|switch|p2a: Kingambit|Kingambit, F|100/100
|-activate|p2a: Kingambit|ability: Supreme Overlord
|-start|p2a: Kingambit|fallen1|[silent]
|move|p1a: Florges|Moonblast|p2a: Kingambit
|-damage|p2a: Kingambit|64/100
|
|-weather|SunnyDay|[upkeep]
|-heal|p2a: Kingambit|70/100|[from] item: Leftovers
|upkeep
|turn|43
|
|t:|1760435289
|switch|p1a: Torkoal|Torkoal, M|56/100
|move|p2a: Kingambit|Iron Head|p1a: Torkoal
|-resisted|p1a: Torkoal
|-damage|p1a: Torkoal|35/100
|
|-weather|none
|-heal|p2a: Kingambit|76/100|[from] item: Leftovers
|upkeep
|turn|44
|
|t:|1760435297
|-end|p2a: Kingambit|fallen1|[silent]
|switch|p2a: Alomomola|Alomomola, F|63/100
|move|p1a: Torkoal|Body Press|p2a: Alomomola
|-damage|p2a: Alomomola|48/100
|-damage|p1a: Torkoal|18/100|[from] item: Rocky Helmet|[of] p2a: Alomomola
|
|upkeep
|turn|45
|
|t:|1760435306
|move|p2a: Alomomola|Wish|p2a: Alomomola
|move|p1a: Torkoal|Stealth Rock|p2a: Alomomola
|-sidestart|p2: exo444|move: Stealth Rock
|
|upkeep
|turn|46
|
|t:|1760435311
|move|p2a: Alomomola|Flip Turn|p1a: Torkoal
|-supereffective|p1a: Torkoal
|-damage|p1a: Torkoal|0 fnt
|faint|p1a: Torkoal
|
|t:|1760435316
|switch|p2a: Weezing|Weezing-Galar, F|15/100|[from] Flip Turn
|-ability|p2a: Weezing|Neutralizing Gas
|
|-heal|p2a: Weezing|86/100|[from] move: Wish|[wisher] Alomomola
|upkeep
|c|☆exo444|hihi
|
|t:|1760435329
|switch|p1a: Great Tusk|Great Tusk|26/100
|turn|47
|
|t:|1760435348
|-end|p2a: Weezing|ability: Neutralizing Gas
|switch|p2a: Dragapult|Dragapult, M|100/100
|move|p1a: Great Tusk|Headlong Rush|p2a: Dragapult
|-damage|p2a: Dragapult|22/100
|-unboost|p1a: Great Tusk|def|1
|-unboost|p1a: Great Tusk|spd|1
|
|-heal|p1a: Great Tusk|33/100|[from] item: Leftovers
|upkeep
|turn|48
|
|t:|1760435361
|-end|p1a: Great Tusk|Protosynthesis|[silent]
|switch|p1a: Florges|Florges, F|100/100
|move|p2a: Dragapult|Dragon Darts|p1a: Florges
|-immune|p1a: Florges
|
|upkeep
|turn|49
|
|t:|1760435369
|move|p2a: Dragapult|U-turn|p1a: Florges
|-resisted|p1a: Florges
|-damage|p1a: Florges|87/100
|
|t:|1760435372
|switch|p2a: Alomomola|Alomomola, F|81/100|[from] U-turn
|-damage|p2a: Alomomola|69/100|[from] Stealth Rock
|move|p1a: Florges|Moonblast|p2a: Alomomola
|-damage|p2a: Alomomola|37/100
|-unboost|p2a: Alomomola|spa|1
|
|-heal|p1a: Florges|93/100|[from] item: Leftovers
|upkeep
|turn|50
|
|t:|1760435388
|switch|p2a: Kingambit|Kingambit, F|76/100
|-damage|p2a: Kingambit|70/100|[from] Stealth Rock
|-activate|p2a: Kingambit|ability: Supreme Overlord
|-start|p2a: Kingambit|fallen1|[silent]
|move|p1a: Florges|Moonblast|p2a: Kingambit
|-damage|p2a: Kingambit|36/100
|-unboost|p2a: Kingambit|spa|1
|
|-heal|p1a: Florges|99/100|[from] item: Leftovers
|-heal|p2a: Kingambit|42/100|[from] item: Leftovers
|upkeep
|turn|51
|
|t:|1760435403
|move|p1a: Florges|Moonblast|p2a: Kingambit
|-damage|p2a: Kingambit|5/100
|-unboost|p2a: Kingambit|spa|1
|move|p2a: Kingambit|Iron Head|p1a: Florges
|-supereffective|p1a: Florges
|-damage|p1a: Florges|0 fnt
|faint|p1a: Florges
|
|-heal|p2a: Kingambit|11/100|[from] item: Leftovers
|upkeep
|
|t:|1760435412
|switch|p1a: Great Tusk|Great Tusk|33/100
|turn|52
|c|☆exo444|haaaaaaaaa
|c|☆exo444|faaaa faaaa faaa faaa
|
|t:|1760435427
|-end|p2a: Kingambit|fallen1|[silent]
|switch|p2a: Alomomola|Alomomola, F|70/100
|-damage|p2a: Alomomola|58/100|[from] Stealth Rock
|move|p1a: Great Tusk|Headlong Rush|p2a: Alomomola
|-damage|p2a: Alomomola|17/100
|-unboost|p1a: Great Tusk|def|1
|-unboost|p1a: Great Tusk|spd|1
|-damage|p1a: Great Tusk|16/100|[from] item: Rocky Helmet|[of] p2a: Alomomola
|
|-heal|p1a: Great Tusk|22/100|[from] item: Leftovers
|upkeep
|turn|53
|
|t:|1760435439
|move|p2a: Alomomola|Protect|p2a: Alomomola
|-singleturn|p2a: Alomomola|Protect
|move|p1a: Great Tusk|Headlong Rush|p2a: Alomomola
|-activate|p2a: Alomomola|move: Protect
|
|-heal|p1a: Great Tusk|29/100|[from] item: Leftovers
|upkeep
|turn|54
|
|t:|1760435459
|switch|p2a: Hoopa|Hoopa-Unbound|100/100
|-damage|p2a: Hoopa|88/100|[from] Stealth Rock
|move|p1a: Great Tusk|Headlong Rush|p2a: Hoopa
|-damage|p2a: Hoopa|0 fnt
|-unboost|p1a: Great Tusk|def|1
|-unboost|p1a: Great Tusk|spd|1
|faint|p2a: Hoopa
|
|-heal|p1a: Great Tusk|35/100|[from] item: Leftovers
|upkeep
|inactive|exo444 has 120 seconds left.
|
|t:|1760435473
|switch|p2a: Kingambit|Kingambit, F|11/100
|-damage|p2a: Kingambit|5/100|[from] Stealth Rock
|-activate|p2a: Kingambit|ability: Supreme Overlord
|-start|p2a: Kingambit|fallen2|[silent]
|turn|55
|
|t:|1760435478
|move|p2a: Kingambit|Sucker Punch|p1a: Great Tusk
|-resisted|p1a: Great Tusk
|-damage|p1a: Great Tusk|3/100
|move|p1a: Great Tusk|Headlong Rush|p2a: Kingambit
|-supereffective|p2a: Kingambit
|-damage|p2a: Kingambit|0 fnt
|-unboost|p1a: Great Tusk|def|1
|-unboost|p1a: Great Tusk|spd|1
|faint|p2a: Kingambit
|-end|p2a: Kingambit|fallen2|[silent]
|
|-heal|p1a: Great Tusk|9/100|[from] item: Leftovers
|upkeep
|
|t:|1760435492
|switch|p2a: Alomomola|Alomomola, F|51/100
|-damage|p2a: Alomomola|38/100|[from] Stealth Rock
|turn|56
|
|t:|1760435501
|switch|p2a: Weezing|Weezing-Galar, F|86/100
|-ability|p2a: Weezing|Neutralizing Gas
|move|p1a: Great Tusk|Headlong Rush|p2a: Weezing
|-supereffective|p2a: Weezing
|-damage|p2a: Weezing|0 fnt
|-unboost|p1a: Great Tusk|def|1
|-unboost|p1a: Great Tusk|spd|1
|faint|p2a: Weezing
|-end|p2a: Weezing|ability: Neutralizing Gas
|
|-heal|p1a: Great Tusk|15/100|[from] item: Leftovers
|upkeep
|
|t:|1760435513
|switch|p2a: Dragapult|Dragapult, M|22/100
|turn|57
|
|t:|1760435516
|move|p2a: Dragapult|U-turn|p1a: Great Tusk
|-resisted|p1a: Great Tusk
|-crit|p1a: Great Tusk
|-damage|p1a: Great Tusk|0 fnt
|faint|p1a: Great Tusk
|-end|p1a: Great Tusk|Protosynthesis|[silent]
|
|t:|1760435520
|switch|p2a: Alomomola|Alomomola, F|72/100|[from] U-turn
|-damage|p2a: Alomomola|59/100|[from] Stealth Rock
|
|upkeep
|
|t:|1760435523
|switch|p1a: Venusaur|Venusaur, F|81/100
|turn|58
|
|t:|1760435527
|move|p1a: Venusaur|Energy Ball|p2a: Alomomola
|-supereffective|p2a: Alomomola
|-damage|p2a: Alomomola|0 fnt
|faint|p2a: Alomomola
|-damage|p1a: Venusaur|71/100|[from] item: Life Orb
|
|upkeep
|
|t:|1760435533
|switch|p2a: Dragapult|Dragapult, M|22/100
|turn|59
|c|☆exo444|Time to know
|
|t:|1760435549
|move|p2a: Dragapult|U-turn|p1a: Venusaur
|-damage|p1a: Venusaur|43/100
|move|p1a: Venusaur|Energy Ball|p2a: Dragapult
|-resisted|p2a: Dragapult
|-damage|p2a: Dragapult|0 fnt
|faint|p2a: Dragapult
|-damage|p1a: Venusaur|33/100|[from] item: Life Orb
|
|win|aboda
|raw|aboda's rating: 1152 &rarr; <strong>1177</strong><br />(+25 for winning)
|raw|exo444's rating: 1157 &rarr; <strong>1132</strong><br />(-25 for losing)
|c|☆aboda|babuskaaa....
|c|☆exo444|snif
|c|☆aboda|hell yeah...
|l|☆aboda
|player|p1|
|c|☆exo444|gg
|c|☆exo444|boubakakaaa
|l|☆exo444
|player|p2|
