|j|☆Terrarnova
|j|‽i win 99.9%
|t:|1760347180
|gametype|singles
|player|p1|Terrarnova|1|1259
|player|p2|i win 99.9%|265|1210
|gen|9
|tier|[Gen 9] OU
|rated|
|rule|HP Percentage Mod: HP is shown in percentages
|rule|Endless Battle Clause: Forcing endless battles is banned
|rule|Species Clause: Limit one of each Pokémon
|rule|OHKO Clause: OHKO moves are banned
|rule|Evasion Items Clause: Evasion items are banned
|rule|Evasion Moves Clause: Evasion moves are banned
|rule|Evasion Abilities Clause: Evasion abilities are banned
|rule|Sleep Moves Clause: Sleep-inducing moves are banned
|clearpoke
|poke|p1|Ting-Lu|
|poke|p1|Hatterene, F|
|poke|p1|Ogerpon-Wellspring, F|
|poke|p1|Garganacl, F|
|poke|p1|Primarina, F|
|poke|p1|Slowking-Galar, F|
|poke|p2|Clefable, F|
|poke|p2|Jirachi|
|poke|p2|Iron Moth|
|poke|p2|Weavile, F|
|poke|p2|Iron Leaves|
|poke|p2|Walking Wake|
|teampreview
|inactive|Battle timer is ON: inactive players will automatically lose when time's up. (requested by i win 99.9%)
|
|t:|1760347192
|teamsize|p1|6
|teamsize|p2|6
|start
|switch|p1a: Ting-Lu|Ting-Lu|100/100
|switch|p2a: Jirachi|Jirachi|100/100
|-ability|p1a: Ting-Lu|Vessel of Ruin
|turn|1
|
|t:|1760347195
|move|p2a: Jirachi|U-turn|p1a: Ting-Lu
|-supereffective|p1a: Ting-Lu
|-damage|p1a: Ting-Lu|76/100
|
|t:|1760347198
|switch|p2a: Iron Leaves|Iron Leaves|100/100|[from] U-turn
|-enditem|p2a: Iron Leaves|Booster Energy
|-activate|p2a: Iron Leaves|ability: Quark Drive|[fromitem]
|-start|p2a: Iron Leaves|quarkdrivespe
|move|p1a: Ting-Lu|Earthquake|p2a: Iron Leaves
|-resisted|p2a: Iron Leaves
|-damage|p2a: Iron Leaves|67/100
|-damage|p1a: Ting-Lu|66/100|[from] item: Life Orb
|
|upkeep
|turn|2
|
|t:|1760347206
|switch|p1a: Slowking|Slowking-Galar, F|100/100
|move|p2a: Iron Leaves|Swords Dance|p2a: Iron Leaves
|-boost|p2a: Iron Leaves|atk|2
|
|upkeep
|turn|3
|
|t:|1760347212
|move|p2a: Iron Leaves|Psyblade|p1a: Slowking
|-damage|p1a: Slowking|17/100
|move|p1a: Slowking|Sludge Wave|p2a: Iron Leaves
|-supereffective|p2a: Iron Leaves
|-damage|p2a: Iron Leaves|0 fnt
|faint|p2a: Iron Leaves
|-end|p2a: Iron Leaves|Quark Drive|[silent]
|
|upkeep
|
|t:|1760347217
|switch|p2a: Iron Moth|Iron Moth|100/100
|-enditem|p2a: Iron Moth|Booster Energy
|-activate|p2a: Iron Moth|ability: Quark Drive|[fromitem]
|-start|p2a: Iron Moth|quarkdrivespe
|turn|4
|
|t:|1760347222
|move|p2a: Iron Moth|Fiery Dance|p1a: Slowking
|-damage|p1a: Slowking|0 fnt
|-boost|p2a: Iron Moth|spa|1
|faint|p1a: Slowking
|
|upkeep
|
|t:|1760347234
|switch|p1a: Ting-Lu|Ting-Lu|66/100
|-ability|p1a: Ting-Lu|Vessel of Ruin
|turn|5
|
|t:|1760347238
|move|p2a: Iron Moth|Energy Ball|p1a: Ting-Lu
|-supereffective|p1a: Ting-Lu
|-damage|p1a: Ting-Lu|14/100
|move|p1a: Ting-Lu|Earthquake|p2a: Iron Moth
|-supereffective|p2a: Iron Moth
|-damage|p2a: Iron Moth|0 fnt
|faint|p2a: Iron Moth
|-end|p2a: Iron Moth|Quark Drive|[silent]
|-damage|p1a: Ting-Lu|4/100|[from] item: Life Orb
|
|upkeep
|
|t:|1760347242
|switch|p2a: Jirachi|Jirachi|100/100
|turn|6
|inactive|Terrarnova has 120 seconds left.
|
|t:|1760347280
|move|p2a: Jirachi|U-turn|p1a: Ting-Lu
|-supereffective|p1a: Ting-Lu
|-damage|p1a: Ting-Lu|0 fnt
|faint|p1a: Ting-Lu
|
|t:|1760347283
|switch|p2a: Weavile|Weavile, F|100/100|[from] U-turn
|
|upkeep
|
|t:|1760347287
|switch|p1a: Primarina|Primarina, F|100/100
|turn|7
|
|t:|1760347315
|move|p2a: Weavile|Fake Out|p1a: Primarina
|-damage|p1a: Primarina|88/100
|cant|p1a: Primarina|flinch
|
|-heal|p1a: Primarina|94/100|[from] item: Leftovers
|upkeep
|turn|8
|
|t:|1760347320
|move|p2a: Weavile|Knock Off|p1a: Primarina
|-resisted|p1a: Primarina
|-damage|p1a: Primarina|74/100
|-enditem|p1a: Primarina|Leftovers|[from] move: Knock Off|[of] p2a: Weavile
|move|p1a: Primarina|Calm Mind|p1a: Primarina
|-boost|p1a: Primarina|spa|1
|-boost|p1a: Primarina|spd|1
|
|upkeep
|turn|9
|
|t:|1760347323
|switch|p2a: Clefable|Clefable, F|100/100
|move|p1a: Primarina|Draining Kiss|p2a: Clefable
|-damage|p2a: Clefable|79/100
|-heal|p1a: Primarina|91/100|[from] drain|[of] p2a: Clefable
|-enditem|p2a: Clefable|Red Card|[of] p1a: Primarina
|drag|p1a: Ogerpon|Ogerpon-Wellspring, F|100/100
|
|upkeep
|turn|10
|
|t:|1760347329
|move|p1a: Ogerpon|Swords Dance|p1a: Ogerpon
|-boost|p1a: Ogerpon|atk|2
|move|p2a: Clefable|Moonblast|p1a: Ogerpon
|-damage|p1a: Ogerpon|53/100
|
|upkeep
|turn|11
|
|t:|1760347334
|move|p1a: Ogerpon|Horn Leech|p2a: Clefable
|-damage|p2a: Clefable|32/100
|-heal|p1a: Ogerpon|84/100|[from] drain|[of] p2a: Clefable
|move|p2a: Clefable|Moonblast|p1a: Ogerpon
|-damage|p1a: Ogerpon|36/100
|-unboost|p1a: Ogerpon|spa|1
|
|upkeep
|turn|12
|
|t:|1760347337
|move|p1a: Ogerpon|Horn Leech|p2a: Clefable
|-damage|p2a: Clefable|0 fnt
|-heal|p1a: Ogerpon|57/100|[from] drain|[of] p2a: Clefable
|faint|p2a: Clefable
|
|upkeep
|
|t:|1760347344
|switch|p2a: Jirachi|Jirachi|100/100
|turn|13
|
|t:|1760347360
|move|p2a: Jirachi|Iron Head|p1a: Ogerpon
|-resisted|p1a: Ogerpon
|-damage|p1a: Ogerpon|31/100
|cant|p1a: Ogerpon|flinch
|
|upkeep
|turn|14
|
|t:|1760347364
|move|p1a: Ogerpon|Spiky Shield|p1a: Ogerpon
|-singleturn|p1a: Ogerpon|move: Protect
|move|p2a: Jirachi|Iron Head|p1a: Ogerpon
|-activate|p1a: Ogerpon|move: Protect
|-damage|p2a: Jirachi|88/100|[from] Spiky Shield|[of] p1a: Ogerpon
|
|upkeep
|turn|15
|
|t:|1760347371
|move|p2a: Jirachi|Iron Head|p1a: Ogerpon
|-resisted|p1a: Ogerpon
|-damage|p1a: Ogerpon|5/100
|cant|p1a: Ogerpon|flinch
|
|upkeep
|turn|16
|
|t:|1760347375
|move|p1a: Ogerpon|Spiky Shield|p1a: Ogerpon
|-singleturn|p1a: Ogerpon|move: Protect
|move|p2a: Jirachi|Iron Head|p1a: Ogerpon
|-activate|p1a: Ogerpon|move: Protect
|-damage|p2a: Jirachi|76/100|[from] Spiky Shield|[of] p1a: Ogerpon
|
|upkeep
|turn|17
|
|t:|1760347383
|move|p1a: Ogerpon|Spiky Shield||[still]
|-fail|p1a: Ogerpon
|move|p2a: Jirachi|Iron Head|p1a: Ogerpon
|-resisted|p1a: Ogerpon
|-damage|p1a: Ogerpon|0 fnt
|faint|p1a: Ogerpon
|
|upkeep
|
|t:|1760347391
|switch|p1a: Hatterene|Hatterene, F|100/100
|turn|18
|
|t:|1760347400
|-terastallize|p1a: Hatterene|Steel
|move|p2a: Jirachi|Iron Head|p1a: Hatterene
|-resisted|p1a: Hatterene
|-damage|p1a: Hatterene|80/100
|cant|p1a: Hatterene|flinch
|
|-heal|p1a: Hatterene|86/100|[from] item: Leftovers
|upkeep
|turn|19
|
|t:|1760347405
|switch|p2a: Weavile|Weavile, F|100/100
|move|p1a: Hatterene|Trick Room|p1a: Hatterene
|-fieldstart|move: Trick Room|[of] p1a: Hatterene
|
|-heal|p1a: Hatterene|92/100|[from] item: Leftovers
|upkeep
|turn|20
|
|t:|1760347412
|move|p1a: Hatterene|Mystical Fire|p2a: Weavile
|-supereffective|p2a: Weavile
|-damage|p2a: Weavile|41/100
|-unboost|p2a: Weavile|spa|1
|-enditem|p2a: Weavile|Sitrus Berry|[eat]
|-heal|p2a: Weavile|66/100|[from] item: Sitrus Berry
|move|p2a: Weavile|Knock Off|p1a: Hatterene
|-damage|p1a: Hatterene|40/100
|-enditem|p1a: Hatterene|Leftovers|[from] move: Knock Off|[of] p2a: Weavile
|
|upkeep
|turn|21
|
|t:|1760347416
|move|p1a: Hatterene|Mystical Fire|p2a: Weavile
|-supereffective|p2a: Weavile
|-damage|p2a: Weavile|1/100
|-unboost|p2a: Weavile|spa|1
|move|p2a: Weavile|Knock Off|p1a: Hatterene
|-damage|p1a: Hatterene|2/100
|
|upkeep
|turn|22
|
|t:|1760347419
|move|p1a: Hatterene|Mystical Fire|p2a: Weavile
|-supereffective|p2a: Weavile
|-damage|p2a: Weavile|0 fnt
|faint|p2a: Weavile
|
|upkeep
|
|t:|1760347431
|switch|p2a: Jirachi|Jirachi|76/100
|turn|23
|
|t:|1760347435
|-terastallize|p2a: Jirachi|Fighting
|move|p1a: Hatterene|Mystical Fire|p2a: Jirachi
|-damage|p2a: Jirachi|56/100
|-unboost|p2a: Jirachi|spa|1
|move|p2a: Jirachi|Drain Punch|p1a: Hatterene
|-supereffective|p1a: Hatterene
|-damage|p1a: Hatterene|0 fnt
|-heal|p2a: Jirachi|57/100|[from] drain|[of] p1a: Hatterene
|faint|p1a: Hatterene
|
|-fieldend|move: Trick Room
|upkeep
|
|t:|1760347438
|switch|p1a: Primarina|Primarina, F|91/100
|turn|24
|
|t:|1760347440
|switch|p2a: Walking Wake|Walking Wake|100/100
|move|p1a: Primarina|Draining Kiss|p2a: Walking Wake
|-supereffective|p2a: Walking Wake
|-damage|p2a: Walking Wake|53/100
|-heal|p1a: Primarina|100/100|[from] drain|[of] p2a: Walking Wake
|
|upkeep
|turn|25
|
|t:|1760347450
|move|p2a: Walking Wake|Hurricane|p1a: Primarina
|-damage|p1a: Primarina|55/100
|move|p1a: Primarina|Calm Mind|p1a: Primarina
|-boost|p1a: Primarina|spa|1
|-boost|p1a: Primarina|spd|1
|
|upkeep
|turn|26
|
|t:|1760347452
|move|p2a: Walking Wake|Hurricane|p1a: Primarina
|-damage|p1a: Primarina|23/100
|-start|p1a: Primarina|confusion
|-activate|p1a: Primarina|confusion
|move|p1a: Primarina|Draining Kiss|p2a: Walking Wake
|-supereffective|p2a: Walking Wake
|-damage|p2a: Walking Wake|0 fnt
|-heal|p1a: Primarina|60/100|[from] drain|[of] p2a: Walking Wake
|faint|p2a: Walking Wake
|-end|p2a: Walking Wake|Protosynthesis|[silent]
|
|upkeep
|
|t:|1760347456
|switch|p2a: Jirachi|Jirachi, tera:Fighting|57/100
|turn|27
|
|t:|1760347458
|switch|p1a: Garganacl|Garganacl, F|100/100
|move|p2a: Jirachi|Iron Head|p1a: Garganacl
|-supereffective|p1a: Garganacl
|-crit|p1a: Garganacl
|-damage|p1a: Garganacl|29/100
|
|-heal|p1a: Garganacl|35/100|[from] item: Leftovers
|upkeep
|turn|28
|
|t:|1760347463
|move|p2a: Jirachi|Iron Head|p1a: Garganacl
|-supereffective|p1a: Garganacl
|-damage|p1a: Garganacl|0 fnt
|faint|p1a: Garganacl
|
|upkeep
|
|t:|1760347465
|switch|p1a: Primarina|Primarina, F|60/100
|turn|29
|
|t:|1760347468
|move|p2a: Jirachi|Iron Head|p1a: Primarina
|-damage|p1a: Primarina|27/100
|cant|p1a: Primarina|flinch
|
|upkeep
|turn|30
|
|t:|1760347470
|move|p2a: Jirachi|Iron Head|p1a: Primarina
|-damage|p1a: Primarina|0 fnt
|faint|p1a: Primarina
|
|win|i win 99.9%
|raw|Terrarnova's rating: 1259 &rarr; <strong>1230</strong><br />(-29 for losing)
|raw|i win 99.9%'s rating: 1210 &rarr; <strong>1239</strong><br />(+29 for winning)
|l|☆Terrarnova
|player|p1|
|l|‽i win 99.9%
|player|p2|
