|j|☆DrSpada
|j|☆nonoth
|t:|1760338559
|gametype|singles
|player|p1|DrSpada|169|1382
|player|p2|nonoth|265|1414
|gen|9
|tier|[Gen 9] OU
|rated|
|rule|HP Percentage Mod: HP is shown in percentages
|rule|Endless Battle Clause: Forcing endless battles is banned
|rule|Species Clause: Limit one of each Pokémon
|rule|OHKO Clause: OHKO moves are banned
|rule|Evasion Items Clause: Evasion items are banned
|rule|Evasion Moves Clause: Evasion moves are banned
|rule|Evasion Abilities Clause: Evasion abilities are banned
|rule|Sleep Moves Clause: Sleep-inducing moves are banned
|clearpoke
|poke|p1|Kommo-o, M|
|poke|p1|Gholdengo|
|poke|p1|Ninetales-Alola, M|
|poke|p1|Hatterene, F|
|poke|p1|Zamazenta-*|
|poke|p1|Kingambit, F|
|poke|p2|Pelipper, F|
|poke|p2|Hatterene, F|
|poke|p2|Iron Treads|
|poke|p2|Toxicroak, F|
|poke|p2|Barraskewda, F|
|poke|p2|Zapdos|
|teampreview
|inactive|Battle timer is ON: inactive players will automatically lose when time's up. (requested by DrSpada)
|
|t:|1760338570
|teamsize|p1|6
|teamsize|p2|6
|start
|switch|p1a: Ninetales|Ninetales-Alola, M|100/100
|switch|p2a: Pelipper|Pelipper, F|100/100
|-weather|Snowscape|[from] ability: Snow Warning|[of] p1a: Ninetales
|-weather|RainDance|[from] ability: Drizzle|[of] p2a: Pelipper
|turn|1
|
|t:|1760338578
|switch|p1a: Hatterene|Hatterene, F|100/100
|switch|p2a: Iron Treads|Iron Treads|100/100
|
|-weather|RainDance|[upkeep]
|upkeep
|turn|2
|
|t:|1760338598
|switch|p1a: Kingambit|Kingambit, F|100/100
|-item|p1a: Kingambit|Air Balloon
|move|p2a: Iron Treads|Volt Switch|p1a: Kingambit
|-damage|p1a: Kingambit|89/100
|-enditem|p1a: Kingambit|Air Balloon
|inactive|nonoth has 120 seconds left.
|
|t:|1760338625
|-end|p2a: Iron Treads|Quark Drive|[silent]
|switch|p2a: Toxicroak|Toxicroak, F|100/100|[from] Volt Switch
|
|-weather|RainDance|[upkeep]
|upkeep
|turn|3
|
|t:|1760338637
|-end|p1a: Kingambit|fallenundefined|[silent]
|switch|p1a: Zamazenta|Zamazenta|100/100
|-ability|p1a: Zamazenta|Dauntless Shield|boost
|-boost|p1a: Zamazenta|def|1
|move|p2a: Toxicroak|Knock Off|p1a: Zamazenta
|-resisted|p1a: Zamazenta
|-damage|p1a: Zamazenta|93/100
|-enditem|p1a: Zamazenta|Life Orb|[from] move: Knock Off|[of] p2a: Toxicroak
|
|-weather|RainDance|[upkeep]
|upkeep
|turn|4
|
|t:|1760338654
|move|p1a: Zamazenta|Heavy Slam|p2a: Toxicroak
|-damage|p2a: Toxicroak|68/100
|-damage|p1a: Zamazenta|76/100|[from] item: Rocky Helmet|[of] p2a: Toxicroak
|move|p2a: Toxicroak|Toxic|p1a: Zamazenta
|-status|p1a: Zamazenta|tox
|
|-weather|RainDance|[upkeep]
|-heal|p2a: Toxicroak|81/100|[from] ability: Dry Skin
|-damage|p1a: Zamazenta|70/100 tox|[from] psn
|upkeep
|turn|5
|
|t:|1760338662
|move|p1a: Zamazenta|Heavy Slam|p2a: Toxicroak
|-damage|p2a: Toxicroak|52/100
|-damage|p1a: Zamazenta|54/100 tox|[from] item: Rocky Helmet|[of] p2a: Toxicroak
|move|p2a: Toxicroak|Drain Punch|p1a: Zamazenta
|-damage|p1a: Zamazenta|36/100 tox
|-heal|p2a: Toxicroak|60/100|[from] drain|[of] p1a: Zamazenta
|
|-weather|RainDance|[upkeep]
|-heal|p2a: Toxicroak|72/100|[from] ability: Dry Skin
|-damage|p1a: Zamazenta|24/100 tox|[from] psn
|upkeep
|turn|6
|
|t:|1760338673
|move|p1a: Zamazenta|Heavy Slam|p2a: Toxicroak
|-damage|p2a: Toxicroak|43/100
|-damage|p1a: Zamazenta|7/100 tox|[from] item: Rocky Helmet|[of] p2a: Toxicroak
|move|p2a: Toxicroak|Drain Punch|p1a: Zamazenta
|-damage|p1a: Zamazenta|0 fnt
|-heal|p2a: Toxicroak|46/100|[from] drain|[of] p1a: Zamazenta
|faint|p1a: Zamazenta
|
|-weather|RainDance|[upkeep]
|-heal|p2a: Toxicroak|58/100|[from] ability: Dry Skin
|upkeep
|
|t:|1760338691
|switch|p1a: Ninetales|Ninetales-Alola, M|100/100
|-weather|Snowscape|[from] ability: Snow Warning|[of] p1a: Ninetales
|turn|7
|
|t:|1760338710
|switch|p2a: Pelipper|Pelipper, F|100/100
|-weather|RainDance|[from] ability: Drizzle|[of] p2a: Pelipper
|move|p1a: Ninetales|Freeze-Dry|p2a: Pelipper
|-supereffective|p2a: Pelipper
|-damage|p2a: Pelipper|22/100
|
|-weather|RainDance|[upkeep]
|upkeep
|turn|8
|
|t:|1760338717
|switch|p2a: Iron Treads|Iron Treads|100/100
|move|p1a: Ninetales|Freeze-Dry|p2a: Iron Treads
|-damage|p2a: Iron Treads|85/100
|
|-weather|RainDance|[upkeep]
|-heal|p2a: Iron Treads|91/100|[from] item: Leftovers
|upkeep
|turn|9
|
|t:|1760338730
|switch|p1a: Hatterene|Hatterene, F|100/100
|move|p2a: Iron Treads|Volt Switch|p1a: Hatterene
|-damage|p1a: Hatterene|89/100
|inactive|nonoth has 120 seconds left.
|inactive|nonoth has 90 seconds left.
|
|t:|1760338791
|-end|p2a: Iron Treads|Quark Drive|[silent]
|switch|p2a: Barraskewda|Barraskewda, F|100/100|[from] Volt Switch
|
|-weather|RainDance|[upkeep]
|upkeep
|turn|10
|
|t:|1760338811
|-terastallize|p1a: Hatterene|Water
|move|p2a: Barraskewda|Flip Turn|p1a: Hatterene
|-resisted|p1a: Hatterene
|-damage|p1a: Hatterene|58/100
|
|t:|1760338820
|switch|p2a: Iron Treads|Iron Treads|91/100|[from] Flip Turn
|move|p1a: Hatterene|Nuzzle|p2a: Iron Treads
|-immune|p2a: Iron Treads
|
|-weather|RainDance|[upkeep]
|-heal|p2a: Iron Treads|97/100|[from] item: Leftovers
|upkeep
|turn|11
|
|t:|1760338830
|switch|p1a: Gholdengo|Gholdengo|100/100
|move|p2a: Iron Treads|Volt Switch|p1a: Gholdengo
|-damage|p1a: Gholdengo|88/100
|
|t:|1760338836
|-end|p2a: Iron Treads|Quark Drive|[silent]
|switch|p2a: Barraskewda|Barraskewda, F|100/100|[from] Volt Switch
|
|-weather|RainDance|[upkeep]
|upkeep
|turn|12
|
|t:|1760338844
|move|p2a: Barraskewda|Flip Turn|p1a: Gholdengo
|-damage|p1a: Gholdengo|4/100
|
|t:|1760338852
|switch|p2a: Iron Treads|Iron Treads|97/100|[from] Flip Turn
|move|p1a: Gholdengo|Shadow Ball|p2a: Iron Treads
|-damage|p2a: Iron Treads|60/100
|-unboost|p2a: Iron Treads|spd|1
|
|-weather|RainDance|[upkeep]
|-heal|p2a: Iron Treads|66/100|[from] item: Leftovers
|upkeep
|turn|13
|inactive|DrSpada has 120 seconds left.
|-enditem|p1a: Gholdengo|Custap Berry|[eat]
|-activate|p1a: Gholdengo|item: Custap Berry|[consumed]
|
|t:|1760338885
|move|p1a: Gholdengo|Focus Blast|p2a: Iron Treads
|-supereffective|p2a: Iron Treads
|-damage|p2a: Iron Treads|0 fnt
|faint|p2a: Iron Treads
|-end|p2a: Iron Treads|Quark Drive|[silent]
|
|-weather|RainDance|[upkeep]
|upkeep
|
|t:|1760338900
|switch|p2a: Barraskewda|Barraskewda, F|100/100
|turn|14
|
|t:|1760338905
|move|p2a: Barraskewda|Flip Turn|p1a: Gholdengo
|-damage|p1a: Gholdengo|0 fnt
|faint|p1a: Gholdengo
|
|t:|1760338914
|switch|p2a: Zapdos|Zapdos|100/100|[from] Flip Turn
|
|-weather|none
|upkeep
|
|t:|1760338934
|switch|p1a: Ninetales|Ninetales-Alola, M|100/100
|-weather|Snowscape|[from] ability: Snow Warning|[of] p1a: Ninetales
|turn|15
|
|t:|1760338942
|switch|p2a: Hatterene|Hatterene, F|100/100
|move|p1a: Ninetales|Aurora Veil|p1a: Ninetales
|-sidestart|p1: DrSpada|move: Aurora Veil
|
|-weather|Snowscape|[upkeep]
|upkeep
|turn|16
|
|t:|1760338957
|switch|p1a: Hatterene|Hatterene, F, tera:Water|58/100
|move|p2a: Hatterene|Nuzzle|p1a: Hatterene
|-supereffective|p1a: Hatterene
|-damage|p1a: Hatterene|55/100
|
|-weather|Snowscape|[upkeep]
|upkeep
|turn|17
|
|t:|1760338976
|switch|p2a: Zapdos|Zapdos|100/100
|move|p1a: Hatterene|Calm Mind|p1a: Hatterene
|-boost|p1a: Hatterene|spa|1
|-boost|p1a: Hatterene|spd|1
|
|-weather|Snowscape|[upkeep]
|upkeep
|turn|18
|
|t:|1760338985
|move|p2a: Zapdos|Thunder|p1a: Hatterene|[miss]
|-miss|p2a: Zapdos|p1a: Hatterene
|move|p1a: Hatterene|Calm Mind|p1a: Hatterene
|-boost|p1a: Hatterene|spa|1
|-boost|p1a: Hatterene|spd|1
|
|-weather|Snowscape|[upkeep]
|upkeep
|turn|19
|
|t:|1760338993
|switch|p2a: Pelipper|Pelipper, F|22/100
|-weather|RainDance|[from] ability: Drizzle|[of] p2a: Pelipper
|move|p1a: Hatterene|Draining Kiss|p2a: Pelipper
|-damage|p2a: Pelipper|0 fnt
|-heal|p1a: Hatterene|71/100|[from] drain|[of] p2a: Pelipper
|faint|p2a: Pelipper
|
|-weather|RainDance|[upkeep]
|upkeep
|
|t:|1760338997
|switch|p2a: Zapdos|Zapdos|100/100
|turn|20
|
|t:|1760339003
|move|p2a: Zapdos|Volt Switch|p1a: Hatterene
|-supereffective|p1a: Hatterene
|-damage|p1a: Hatterene|41/100
|
|t:|1760339006
|switch|p2a: Hatterene|Hatterene, F|100/100|[from] Volt Switch
|move|p1a: Hatterene|Draining Kiss|p2a: Hatterene
|-damage|p2a: Hatterene|52/100
|-heal|p1a: Hatterene|78/100|[from] drain|[of] p2a: Hatterene
|-enditem|p2a: Hatterene|Eject Button
|
|t:|1760339009
|switch|p2a: Zapdos|Zapdos|100/100
|
|-weather|RainDance|[upkeep]
|upkeep
|turn|21
|
|t:|1760339013
|move|p2a: Zapdos|Thunder|p1a: Hatterene
|-supereffective|p1a: Hatterene
|-damage|p1a: Hatterene|32/100
|move|p1a: Hatterene|Draining Kiss|p2a: Zapdos
|-damage|p2a: Zapdos|50/100
|-heal|p1a: Hatterene|70/100|[from] drain|[of] p2a: Zapdos
|-status|p1a: Hatterene|par|[from] ability: Static|[of] p2a: Zapdos
|
|-weather|RainDance|[upkeep]
|upkeep
|turn|22
|
|t:|1760339020
|move|p2a: Zapdos|Thunder|p1a: Hatterene
|-supereffective|p1a: Hatterene
|-damage|p1a: Hatterene|30/100 par
|move|p1a: Hatterene|Draining Kiss|p2a: Zapdos
|-damage|p2a: Zapdos|0 fnt
|-heal|p1a: Hatterene|68/100 par|[from] drain|[of] p2a: Zapdos
|faint|p2a: Zapdos
|
|-weather|RainDance|[upkeep]
|-sideend|p1: DrSpada|move: Aurora Veil
|upkeep
|-message|nonoth forfeited.
|
|win|DrSpada
|raw|DrSpada's rating: 1382 &rarr; <strong>1404</strong><br />(+22 for winning)
|raw|nonoth's rating: 1414 &rarr; <strong>1392</strong><br />(-22 for losing)
|l|☆nonoth
|player|p2|
|l|☆DrSpada
|player|p1|
