|j|☆YourFriendSanti
|j|☆Anna Komnenos
|t:|1760304051
|gametype|singles
|player|p1|YourFriendSanti|hilbert-wonderlauncher|1116
|player|p2|Anna Komnenos|lady|1094
|gen|9
|tier|[Gen 9] OU
|rated|
|rule|HP Percentage Mod: HP is shown in percentages
|rule|Endless Battle Clause: Forcing endless battles is banned
|rule|Species Clause: Limit one of each Pokémon
|rule|OHKO Clause: OHKO moves are banned
|rule|Evasion Items Clause: Evasion items are banned
|rule|Evasion Moves Clause: Evasion moves are banned
|rule|Evasion Abilities Clause: Evasion abilities are banned
|rule|Sleep Moves Clause: Sleep-inducing moves are banned
|clearpoke
|poke|p1|Dedenne, M|
|poke|p1|Pincurchin, M|
|poke|p1|Excadrill, M|
|poke|p1|Pelipper, M|
|poke|p1|Overqwil, F|
|poke|p1|Goodra, M|
|poke|p2|Ninetales-Alola, F|
|poke|p2|Mamoswine, F|
|poke|p2|Lapras, F|
|poke|p2|Froslass, F|
|poke|p2|Weavile, F|
|poke|p2|Dewgong, F|
|teampreview
|
|t:|1760304068
|teamsize|p1|6
|teamsize|p2|6
|start
|switch|p1a: Pincurchin|Pincurchin, M|100/100
|switch|p2a: Ninetales|Ninetales-Alola, F|100/100
|-weather|Snowscape|[from] ability: Snow Warning|[of] p2a: Ninetales
|-fieldstart|move: Electric Terrain|[from] ability: Electric Surge|[of] p1a: Pincurchin
|turn|1
|inactive|Battle timer is ON: inactive players will automatically lose when time's up. (requested by YourFriendSanti)
|
|t:|1760304079
|move|p2a: Ninetales|Aurora Veil|p2a: Ninetales
|-sidestart|p2: Anna Komnenos|move: Aurora Veil
|move|p1a: Pincurchin|Memento|p2a: Ninetales
|-unboost|p2a: Ninetales|atk|2
|-unboost|p2a: Ninetales|spa|2
|faint|p1a: Pincurchin
|
|-weather|Snowscape|[upkeep]
|upkeep
|
|t:|1760304090
|switch|p1a: Dedene|Dedenne, M|100/100
|turn|2
|
|t:|1760304093
|switch|p2a: Mamoswine|Mamoswine, F|100/100
|move|p1a: Dedene|Charge Beam|p2a: Mamoswine
|-immune|p2a: Mamoswine
|
|-weather|Snowscape|[upkeep]
|upkeep
|turn|3
|
|t:|1760304105
|move|p1a: Dedene|Dazzling Gleam|p2a: Mamoswine
|-damage|p2a: Mamoswine|78/100
|move|p2a: Mamoswine|Earthquake|p1a: Dedene
|-supereffective|p1a: Dedene
|-damage|p1a: Dedene|0 fnt
|faint|p1a: Dedene
|
|-weather|Snowscape|[upkeep]
|upkeep
|
|t:|1760304116
|switch|p1a: Pelipper|Pelipper, M|100/100
|-weather|RainDance|[from] ability: Drizzle|[of] p1a: Pelipper
|turn|4
|
|t:|1760304123
|switch|p2a: Ninetales|Ninetales-Alola, F|100/100
|-weather|Snowscape|[from] ability: Snow Warning|[of] p2a: Ninetales
|switch|p1a: Goodra|Goodra, M|100/100
|
|-weather|Snowscape|[upkeep]
|upkeep
|turn|5
|
|t:|1760304133
|switch|p1a: Pelipper|Pelipper, M|100/100
|-weather|RainDance|[from] ability: Drizzle|[of] p1a: Pelipper
|move|p2a: Ninetales|Blizzard|p1a: Pelipper|[miss]
|-miss|p2a: Ninetales|p1a: Pelipper
|
|-weather|RainDance|[upkeep]
|upkeep
|turn|6
|
|t:|1760304140
|switch|p2a: Lapras|Lapras, F|100/100
|switch|p1a: Overqwil|Overqwil, F|100/100
|
|-weather|RainDance|[upkeep]
|upkeep
|turn|7
|
|t:|1760304148
|move|p1a: Overqwil|Poison Jab|p2a: Lapras
|-damage|p2a: Lapras|81/100
|move|p2a: Lapras|Surf|p1a: Overqwil
|-damage|p1a: Overqwil|15/100
|
|-weather|RainDance|[upkeep]
|-heal|p2a: Lapras|87/100|[from] item: Leftovers
|upkeep
|turn|8
|
|t:|1760304163
|switch|p1a: Goodra|Goodra, M|100/100
|move|p2a: Lapras|Surf|p1a: Goodra
|-resisted|p1a: Goodra
|-damage|p1a: Goodra|87/100
|
|-weather|RainDance|[upkeep]
|-heal|p1a: Goodra|93/100|[from] item: Leftovers
|-heal|p2a: Lapras|94/100|[from] item: Leftovers
|-sideend|p2: Anna Komnenos|move: Aurora Veil
|-fieldend|move: Electric Terrain
|upkeep
|turn|9
|
|t:|1760304171
|move|p1a: Goodra|Curse|p1a: Goodra
|-unboost|p1a: Goodra|spe|1
|-boost|p1a: Goodra|atk|1
|-boost|p1a: Goodra|def|1
|move|p2a: Lapras|Freeze-Dry|p1a: Goodra
|-supereffective|p1a: Goodra
|-damage|p1a: Goodra|66/100
|
|-weather|RainDance|[upkeep]
|-heal|p2a: Lapras|99/100|[from] item: Leftovers
|-heal|p1a: Goodra|72/100|[from] item: Leftovers
|upkeep
|turn|10
|
|t:|1760304181
|switch|p2a: Ninetales|Ninetales-Alola, F|100/100
|-weather|Snowscape|[from] ability: Snow Warning|[of] p2a: Ninetales
|move|p1a: Goodra|Toxic|p2a: Ninetales
|-status|p2a: Ninetales|tox
|
|-weather|Snowscape|[upkeep]
|-heal|p1a: Goodra|79/100|[from] item: Leftovers
|-damage|p2a: Ninetales|95/100 tox|[from] psn
|upkeep
|turn|11
|
|t:|1760304191
|move|p1a: Goodra|Protect|p1a: Goodra
|-singleturn|p1a: Goodra|Protect
|move|p2a: Ninetales|Blizzard|p1a: Goodra
|-activate|p1a: Goodra|move: Protect
|
|-weather|Snowscape|[upkeep]
|-heal|p1a: Goodra|85/100|[from] item: Leftovers
|-damage|p2a: Ninetales|83/100 tox|[from] psn
|upkeep
|turn|12
|
|t:|1760304199
|switch|p1a: Pelipper|Pelipper, M|100/100
|-weather|RainDance|[from] ability: Drizzle|[of] p1a: Pelipper
|move|p2a: Ninetales|Moonblast|p1a: Pelipper
|-damage|p1a: Pelipper|49/100
|-unboost|p1a: Pelipper|spa|1
|
|-weather|RainDance|[upkeep]
|-damage|p2a: Ninetales|65/100 tox|[from] psn
|upkeep
|turn|13
|inactive|YourFriendSanti has 120 seconds left.
|
|t:|1760304236
|move|p2a: Ninetales|Moonblast|p1a: Pelipper
|-damage|p1a: Pelipper|0 fnt
|faint|p1a: Pelipper
|
|-weather|RainDance|[upkeep]
|-damage|p2a: Ninetales|41/100 tox|[from] psn
|upkeep
|
|t:|1760304243
|switch|p1a: Overqwil|Overqwil, F|15/100
|turn|14
|
|t:|1760304247
|switch|p2a: Lapras|Lapras, F|99/100
|move|p1a: Overqwil|Poison Jab|p2a: Lapras
|-damage|p2a: Lapras|60/100
|
|-weather|RainDance|[upkeep]
|-heal|p2a: Lapras|66/100|[from] item: Leftovers
|upkeep
|turn|15
|
|t:|1760304258
|move|p1a: Overqwil|Poison Jab|p2a: Lapras
|-damage|p2a: Lapras|30/100
|-status|p2a: Lapras|psn
|move|p2a: Lapras|Surf|p1a: Overqwil
|-damage|p1a: Overqwil|0 fnt
|faint|p1a: Overqwil
|
|-weather|RainDance|[upkeep]
|-heal|p2a: Lapras|36/100 psn|[from] item: Leftovers
|-damage|p2a: Lapras|24/100 psn|[from] psn
|upkeep
|inactive|YourFriendSanti has 120 seconds left.
|
|t:|1760304281
|switch|p1a: Excadrill|Excadrill, M|100/100
|-ability|p1a: Excadrill|Mold Breaker
|turn|16
|
|t:|1760304287
|switch|p2a: Ninetales|Ninetales-Alola, F|41/100 tox
|-weather|Snowscape|[from] ability: Snow Warning|[of] p2a: Ninetales
|move|p1a: Excadrill|Rapid Spin|p2a: Ninetales
|-damage|p2a: Ninetales|14/100 tox
|-boost|p1a: Excadrill|spe|1
|-damage|p1a: Excadrill|91/100|[from] item: Life Orb
|
|-weather|Snowscape|[upkeep]
|-damage|p2a: Ninetales|8/100 tox|[from] psn
|upkeep
|turn|17
|inactive|YourFriendSanti has 120 seconds left.
|
|t:|1760304299
|move|p1a: Excadrill|Earthquake|p2a: Ninetales
|-crit|p2a: Ninetales
|-damage|p2a: Ninetales|0 fnt
|faint|p2a: Ninetales
|-damage|p1a: Excadrill|81/100|[from] item: Life Orb
|
|-weather|Snowscape|[upkeep]
|upkeep
|
|t:|1760304304
|switch|p2a: Mamoswine|Mamoswine, F|78/100
|turn|18
|
|t:|1760304308
|move|p2a: Mamoswine|Ice Shard|p1a: Excadrill
|-damage|p1a: Excadrill|49/100
|move|p1a: Excadrill|Iron Head|p2a: Mamoswine
|-supereffective|p2a: Mamoswine
|-damage|p2a: Mamoswine|0 fnt
|faint|p2a: Mamoswine
|-damage|p1a: Excadrill|39/100|[from] item: Life Orb
|
|-weather|Snowscape|[upkeep]
|upkeep
|
|t:|1760304311
|switch|p2a: Weavile|Weavile, F|100/100
|-ability|p2a: Weavile|Pressure
|turn|19
|
|t:|1760304315
|move|p2a: Weavile|Ice Shard|p1a: Excadrill
|-damage|p1a: Excadrill|11/100
|move|p1a: Excadrill|Iron Head|p2a: Weavile
|-supereffective|p2a: Weavile
|-damage|p2a: Weavile|0 fnt
|faint|p2a: Weavile
|-damage|p1a: Excadrill|1/100|[from] item: Life Orb
|
|-weather|Snowscape|[upkeep]
|upkeep
|
|t:|1760304320
|switch|p2a: Dewgong|Dewgong, F|100/100
|turn|20
|
|t:|1760304326
|move|p2a: Dewgong|Aqua Jet|p1a: Excadrill
|-supereffective|p1a: Excadrill
|-damage|p1a: Excadrill|0 fnt
|faint|p1a: Excadrill
|
|-weather|none
|upkeep
|
|t:|1760304331
|switch|p1a: Goodra|Goodra, M|85/100
|turn|21
|
|t:|1760304335
|switch|p2a: Froslass|Froslass, F|100/100
|move|p1a: Goodra|Toxic|p2a: Froslass
|-status|p2a: Froslass|tox
|
|-heal|p1a: Goodra|91/100|[from] item: Leftovers
|-damage|p2a: Froslass|94/100 tox|[from] psn
|upkeep
|turn|22
|
|t:|1760304345
|-terastallize|p1a: Goodra|Steel
|move|p2a: Froslass|Thunder Wave|p1a: Goodra|[miss]
|-miss|p2a: Froslass|p1a: Goodra
|move|p1a: Goodra|Curse|p1a: Goodra
|-unboost|p1a: Goodra|spe|1
|-boost|p1a: Goodra|atk|1
|-boost|p1a: Goodra|def|1
|
|-heal|p1a: Goodra|97/100|[from] item: Leftovers
|-damage|p2a: Froslass|82/100 tox|[from] psn
|upkeep
|turn|23
|
|t:|1760304359
|move|p2a: Froslass|Thunder Wave|p1a: Goodra
|-status|p1a: Goodra|par
|move|p1a: Goodra|Curse|p1a: Goodra
|-unboost|p1a: Goodra|spe|1
|-boost|p1a: Goodra|atk|1
|-boost|p1a: Goodra|def|1
|
|-heal|p1a: Goodra|100/100 par|[from] item: Leftovers
|-damage|p2a: Froslass|64/100 tox|[from] psn
|upkeep
|turn|24
|
|t:|1760304366
|move|p2a: Froslass|Hex|p1a: Goodra
|-damage|p1a: Goodra|75/100 par
|move|p1a: Goodra|Dragon Tail|p2a: Froslass
|-damage|p2a: Froslass|0 fnt
|-start|p1a: Goodra|Disable|Dragon Tail|[from] ability: Cursed Body|[of] p2a: Froslass
|faint|p2a: Froslass
|
|-heal|p1a: Goodra|81/100 par|[from] item: Leftovers
|upkeep
|
|t:|1760304371
|switch|p2a: Dewgong|Dewgong, F|100/100
|turn|25
|
|t:|1760304378
|move|p2a: Dewgong|Curse|p2a: Dewgong
|-unboost|p2a: Dewgong|spe|1
|-boost|p2a: Dewgong|atk|1
|-boost|p2a: Dewgong|def|1
|cant|p1a: Goodra|par
|
|-heal|p1a: Goodra|87/100 par|[from] item: Leftovers
|upkeep
|turn|26
|
|t:|1760304385
|move|p2a: Dewgong|Curse|p2a: Dewgong
|-unboost|p2a: Dewgong|spe|1
|-boost|p2a: Dewgong|atk|1
|-boost|p2a: Dewgong|def|1
|move|p1a: Goodra|Toxic|p2a: Dewgong
|-status|p2a: Dewgong|tox
|
|-heal|p1a: Goodra|93/100 par|[from] item: Leftovers
|-damage|p2a: Dewgong|94/100 tox|[from] psn
|upkeep
|turn|27
|
|t:|1760304395
|move|p1a: Goodra|Protect|p1a: Goodra
|-singleturn|p1a: Goodra|Protect
|move|p2a: Dewgong|Curse|p2a: Dewgong
|-unboost|p2a: Dewgong|spe|1
|-boost|p2a: Dewgong|atk|1
|-boost|p2a: Dewgong|def|1
|
|-heal|p2a: Dewgong|100/100 tox|[from] item: Leftovers
|-heal|p1a: Goodra|99/100 par|[from] item: Leftovers
|-damage|p2a: Dewgong|88/100 tox|[from] psn
|-end|p1a: Goodra|Disable
|upkeep
|turn|28
|
|t:|1760304405
|move|p2a: Dewgong|Curse|p2a: Dewgong
|-unboost|p2a: Dewgong|spe|1
|-boost|p2a: Dewgong|atk|1
|-boost|p2a: Dewgong|def|1
|cant|p1a: Goodra|par
|
|-heal|p2a: Dewgong|94/100 tox|[from] item: Leftovers
|-heal|p1a: Goodra|100/100 par|[from] item: Leftovers
|-damage|p2a: Dewgong|75/100 tox|[from] psn
|upkeep
|turn|29
|
|t:|1760304413
|move|p2a: Dewgong|Rest|p2a: Dewgong
|-status|p2a: Dewgong|slp|[from] move: Rest
|-heal|p2a: Dewgong|100/100 slp|[silent]
|move|p1a: Goodra|Dragon Tail|p2a: Dewgong
|-damage|p2a: Dewgong|85/100 slp
|drag|p2a: Lapras|Lapras, F|24/100 psn
|
|-heal|p2a: Lapras|30/100 psn|[from] item: Leftovers
|-damage|p2a: Lapras|18/100 psn|[from] psn
|upkeep
|turn|30
|
|t:|1760304422
|move|p2a: Lapras|Snowscape|p2a: Lapras
|-weather|Snowscape
|move|p1a: Goodra|Dragon Tail|p2a: Lapras
|-damage|p2a: Lapras|0 fnt
|faint|p2a: Lapras
|
|-weather|Snowscape|[upkeep]
|upkeep
|
|t:|1760304424
|switch|p2a: Dewgong|Dewgong, F|85/100 slp
|turn|31
|
|t:|1760304426
|cant|p2a: Dewgong|slp
|move|p1a: Goodra|Dragon Tail|p2a: Dewgong
|-damage|p2a: Dewgong|55/100 slp
|
|-weather|Snowscape|[upkeep]
|-heal|p2a: Dewgong|61/100 slp|[from] item: Leftovers
|upkeep
|turn|32
|
|t:|1760304433
|cant|p2a: Dewgong|slp
|cant|p1a: Goodra|par
|
|-weather|Snowscape|[upkeep]
|-heal|p2a: Dewgong|67/100 slp|[from] item: Leftovers
|upkeep
|turn|33
|
|t:|1760304436
|-curestatus|p2a: Dewgong|slp|[msg]
|move|p2a: Dewgong|Curse|p2a: Dewgong
|-unboost|p2a: Dewgong|spe|1
|-boost|p2a: Dewgong|atk|1
|-boost|p2a: Dewgong|def|1
|move|p1a: Goodra|Dragon Tail|p2a: Dewgong
|-damage|p2a: Dewgong|46/100
|
|-weather|Snowscape|[upkeep]
|-heal|p2a: Dewgong|52/100|[from] item: Leftovers
|upkeep
|turn|34
|
|t:|1760304446
|move|p2a: Dewgong|Curse|p2a: Dewgong
|-unboost|p2a: Dewgong|spe|1
|-boost|p2a: Dewgong|atk|1
|-boost|p2a: Dewgong|def|1
|move|p1a: Goodra|Toxic|p2a: Dewgong
|-status|p2a: Dewgong|tox
|
|-weather|none
|-heal|p2a: Dewgong|58/100 tox|[from] item: Leftovers
|-damage|p2a: Dewgong|52/100 tox|[from] psn
|upkeep
|turn|35
|
|t:|1760304452
|move|p2a: Dewgong|Rest|p2a: Dewgong
|-status|p2a: Dewgong|slp|[from] move: Rest
|-heal|p2a: Dewgong|100/100 slp|[silent]
|move|p1a: Goodra|Curse|p1a: Goodra
|-unboost|p1a: Goodra|spe|1
|-boost|p1a: Goodra|atk|1
|-boost|p1a: Goodra|def|1
|
|upkeep
|turn|36
|
|t:|1760304459
|cant|p2a: Dewgong|slp
|move|p1a: Goodra|Curse|p1a: Goodra
|-unboost|p1a: Goodra|spe|1
|-boost|p1a: Goodra|atk|1
|-boost|p1a: Goodra|def|1
|
|upkeep
|turn|37
|
|t:|1760304463
|cant|p2a: Dewgong|slp
|move|p1a: Goodra|Dragon Tail|p2a: Dewgong
|-damage|p2a: Dewgong|65/100 slp
|
|-heal|p2a: Dewgong|71/100 slp|[from] item: Leftovers
|upkeep
|turn|38
|
|t:|1760304469
|-curestatus|p2a: Dewgong|slp|[msg]
|move|p2a: Dewgong|Curse|p2a: Dewgong
|-unboost|p2a: Dewgong|spe|1
|-boost|p2a: Dewgong|atk|1
|-boost|p2a: Dewgong|def|1
|move|p1a: Goodra|Toxic|p2a: Dewgong
|-status|p2a: Dewgong|tox
|
|-heal|p2a: Dewgong|77/100 tox|[from] item: Leftovers
|-damage|p2a: Dewgong|71/100 tox|[from] psn
|upkeep
|turn|39
|
|t:|1760304479
|move|p2a: Dewgong|Curse|p2a: Dewgong
|-unboost|p2a: Dewgong|spe|1
|-boost|p2a: Dewgong|atk|1
|-boost|p2a: Dewgong|def|1
|move|p1a: Goodra|Curse|p1a: Goodra
|-unboost|p1a: Goodra|spe|1
|-boost|p1a: Goodra|atk|1
|-boost|p1a: Goodra|def|1
|
|-heal|p2a: Dewgong|77/100 tox|[from] item: Leftovers
|-damage|p2a: Dewgong|65/100 tox|[from] psn
|upkeep
|turn|40
|
|t:|1760304485
|move|p2a: Dewgong|Curse|p2a: Dewgong
|-unboost|p2a: Dewgong|spe|1
|-boost|p2a: Dewgong|atk|1
|-boost|p2a: Dewgong|def|1
|move|p1a: Goodra|Curse|p1a: Goodra
|-unboost|p1a: Goodra|spe|1
|-boost|p1a: Goodra|atk|1
|-boost|p1a: Goodra|def|1
|
|-heal|p2a: Dewgong|71/100 tox|[from] item: Leftovers
|-damage|p2a: Dewgong|52/100 tox|[from] psn
|upkeep
|turn|41
|
|t:|1760304495
|move|p2a: Dewgong|Rest|p2a: Dewgong
|-status|p2a: Dewgong|slp|[from] move: Rest
|-heal|p2a: Dewgong|100/100 slp|[silent]
|move|p1a: Goodra|Dragon Tail|p2a: Dewgong
|-damage|p2a: Dewgong|74/100 slp
|
|-heal|p2a: Dewgong|80/100 slp|[from] item: Leftovers
|upkeep
|turn|42
|
|t:|1760304501
|cant|p2a: Dewgong|slp
|move|p1a: Goodra|Dragon Tail|p2a: Dewgong
|-damage|p2a: Dewgong|54/100 slp
|
|-heal|p2a: Dewgong|60/100 slp|[from] item: Leftovers
|upkeep
|turn|43
|
|t:|1760304506
|cant|p2a: Dewgong|slp
|move|p1a: Goodra|Dragon Tail|p2a: Dewgong
|-damage|p2a: Dewgong|35/100 slp
|
|-heal|p2a: Dewgong|42/100 slp|[from] item: Leftovers
|upkeep
|turn|44
|
|t:|1760304509
|-curestatus|p2a: Dewgong|slp|[msg]
|move|p2a: Dewgong|Rest|p2a: Dewgong
|-status|p2a: Dewgong|slp|[from] move: Rest
|-heal|p2a: Dewgong|100/100 slp|[silent]
|move|p1a: Goodra|Toxic||[still]
|-fail|p1a: Goodra
|
|upkeep
|turn|45
|
|t:|1760304523
|cant|p2a: Dewgong|slp
|cant|p1a: Goodra|par
|
|upkeep
|turn|46
|
|t:|1760304526
|cant|p2a: Dewgong|slp
|move|p1a: Goodra|Curse|p1a: Goodra
|
|upkeep
|turn|47
|
|t:|1760304531
|-curestatus|p2a: Dewgong|slp|[msg]
|move|p2a: Dewgong|Curse|p2a: Dewgong
|-unboost|p2a: Dewgong|spe|1
|-boost|p2a: Dewgong|atk|1
|-boost|p2a: Dewgong|def|1
|move|p1a: Goodra|Toxic|p2a: Dewgong
|-status|p2a: Dewgong|tox
|
|-damage|p2a: Dewgong|94/100 tox|[from] psn
|upkeep
|turn|48
|
|t:|1760304543
|cant|p1a: Goodra|par
|move|p2a: Dewgong|Play Rough|p1a: Goodra
|-resisted|p1a: Goodra
|-damage|p1a: Goodra|87/100 par
|
|-heal|p2a: Dewgong|100/100 tox|[from] item: Leftovers
|-heal|p1a: Goodra|94/100 par|[from] item: Leftovers
|-damage|p2a: Dewgong|88/100 tox|[from] psn
|upkeep
|turn|49
|
|t:|1760304547
|move|p1a: Goodra|Protect|p1a: Goodra
|-singleturn|p1a: Goodra|Protect
|move|p2a: Dewgong|Play Rough|p1a: Goodra
|-activate|p1a: Goodra|move: Protect
|
|-heal|p2a: Dewgong|94/100 tox|[from] item: Leftovers
|-heal|p1a: Goodra|99/100 par|[from] item: Leftovers
|-damage|p2a: Dewgong|75/100 tox|[from] psn
|upkeep
|turn|50
|
|t:|1760304556
|move|p1a: Goodra|Protect||[still]
|-fail|p1a: Goodra
|move|p2a: Dewgong|Play Rough|p1a: Goodra
|-resisted|p1a: Goodra
|-damage|p1a: Goodra|86/100 par
|
|-heal|p2a: Dewgong|82/100 tox|[from] item: Leftovers
|-heal|p1a: Goodra|92/100 par|[from] item: Leftovers
|-damage|p2a: Dewgong|57/100 tox|[from] psn
|upkeep
|turn|51
|
|t:|1760304566
|move|p2a: Dewgong|Play Rough|p1a: Goodra
|-resisted|p1a: Goodra
|-damage|p1a: Goodra|78/100 par
|cant|p1a: Goodra|par
|
|-heal|p2a: Dewgong|63/100 tox|[from] item: Leftovers
|-heal|p1a: Goodra|84/100 par|[from] item: Leftovers
|-damage|p2a: Dewgong|32/100 tox|[from] psn
|upkeep
|turn|52
|
|t:|1760304577
|move|p2a: Dewgong|Rest|p2a: Dewgong
|-status|p2a: Dewgong|slp|[from] move: Rest
|-heal|p2a: Dewgong|100/100 slp|[silent]
|cant|p1a: Goodra|par
|
|-heal|p1a: Goodra|91/100 par|[from] item: Leftovers
|upkeep
|turn|53
|
|t:|1760304589
|cant|p2a: Dewgong|slp
|cant|p1a: Goodra|par
|
|-heal|p1a: Goodra|97/100 par|[from] item: Leftovers
|upkeep
|turn|54
|
|t:|1760304592
|cant|p2a: Dewgong|slp
|move|p1a: Goodra|Curse|p1a: Goodra
|
|-heal|p1a: Goodra|100/100 par|[from] item: Leftovers
|upkeep
|turn|55
|inactive|Anna Komnenos has 120 seconds left.
|
|t:|1760304622
|-curestatus|p2a: Dewgong|slp|[msg]
|move|p2a: Dewgong|Aqua Jet|p1a: Goodra
|-damage|p1a: Goodra|83/100 par
|cant|p1a: Goodra|par
|
|-heal|p1a: Goodra|89/100 par|[from] item: Leftovers
|upkeep
|turn|56
|
|t:|1760304629
|move|p2a: Dewgong|Aqua Jet|p1a: Goodra
|-damage|p1a: Goodra|71/100 par
|move|p1a: Goodra|Toxic|p2a: Dewgong
|-status|p2a: Dewgong|tox
|
|-heal|p1a: Goodra|78/100 par|[from] item: Leftovers
|-damage|p2a: Dewgong|94/100 tox|[from] psn
|upkeep
|turn|57
|
|t:|1760304637
|move|p2a: Dewgong|Aqua Jet|p1a: Goodra
|-damage|p1a: Goodra|60/100 par
|move|p1a: Goodra|Curse|p1a: Goodra
|
|-heal|p2a: Dewgong|100/100 tox|[from] item: Leftovers
|-heal|p1a: Goodra|67/100 par|[from] item: Leftovers
|-damage|p2a: Dewgong|88/100 tox|[from] psn
|upkeep
|turn|58
|
|t:|1760304643
|move|p2a: Dewgong|Aqua Jet|p1a: Goodra
|-damage|p1a: Goodra|48/100 par
|cant|p1a: Goodra|par
|
|-heal|p2a: Dewgong|94/100 tox|[from] item: Leftovers
|-heal|p1a: Goodra|55/100 par|[from] item: Leftovers
|-damage|p2a: Dewgong|75/100 tox|[from] psn
|upkeep
|turn|59
|
|t:|1760304651
|move|p2a: Dewgong|Aqua Jet|p1a: Goodra
|-damage|p1a: Goodra|38/100 par
|move|p1a: Goodra|Curse|p1a: Goodra
|
|-heal|p2a: Dewgong|82/100 tox|[from] item: Leftovers
|-heal|p1a: Goodra|44/100 par|[from] item: Leftovers
|-damage|p2a: Dewgong|57/100 tox|[from] psn
|upkeep
|turn|60
|
|t:|1760304656
|cant|p1a: Goodra|par
|move|p2a: Dewgong|Aqua Jet|p1a: Goodra
|-damage|p1a: Goodra|27/100 par
|
|-heal|p2a: Dewgong|63/100 tox|[from] item: Leftovers
|-heal|p1a: Goodra|33/100 par|[from] item: Leftovers
|-damage|p2a: Dewgong|32/100 tox|[from] psn
|upkeep
|turn|61
|
|t:|1760304660
|move|p1a: Goodra|Protect|p1a: Goodra
|-singleturn|p1a: Goodra|Protect
|move|p2a: Dewgong|Rest|p2a: Dewgong
|-status|p2a: Dewgong|slp|[from] move: Rest
|-heal|p2a: Dewgong|100/100 slp|[silent]
|
|-heal|p1a: Goodra|39/100 par|[from] item: Leftovers
|upkeep
|turn|62
|
|t:|1760304667
|cant|p2a: Dewgong|slp
|move|p1a: Goodra|Curse|p1a: Goodra
|
|-heal|p1a: Goodra|46/100 par|[from] item: Leftovers
|upkeep
|turn|63
|
|t:|1760304671
|cant|p2a: Dewgong|slp
|move|p1a: Goodra|Curse|p1a: Goodra
|
|-heal|p1a: Goodra|52/100 par|[from] item: Leftovers
|upkeep
|turn|64
|
|t:|1760304680
|-curestatus|p2a: Dewgong|slp|[msg]
|move|p2a: Dewgong|Aqua Jet|p1a: Goodra
|-damage|p1a: Goodra|33/100 par
|move|p1a: Goodra|Toxic|p2a: Dewgong
|-status|p2a: Dewgong|tox
|
|-heal|p1a: Goodra|39/100 par|[from] item: Leftovers
|-damage|p2a: Dewgong|94/100 tox|[from] psn
|upkeep
|turn|65
|
|t:|1760304685
|move|p1a: Goodra|Protect|p1a: Goodra
|-singleturn|p1a: Goodra|Protect
|move|p2a: Dewgong|Aqua Jet|p1a: Goodra
|-activate|p1a: Goodra|move: Protect
|
|-heal|p2a: Dewgong|100/100 tox|[from] item: Leftovers
|-heal|p1a: Goodra|46/100 par|[from] item: Leftovers
|-damage|p2a: Dewgong|88/100 tox|[from] psn
|upkeep
|turn|66
|
|t:|1760304693
|move|p1a: Goodra|Protect||[still]
|-fail|p1a: Goodra
|move|p2a: Dewgong|Aqua Jet|p1a: Goodra
|-damage|p1a: Goodra|27/100 par
|
|-heal|p2a: Dewgong|94/100 tox|[from] item: Leftovers
|-heal|p1a: Goodra|33/100 par|[from] item: Leftovers
|-damage|p2a: Dewgong|75/100 tox|[from] psn
|upkeep
|turn|67
|
|t:|1760304697
|move|p2a: Dewgong|Aqua Jet|p1a: Goodra
|-damage|p1a: Goodra|15/100 par
|move|p1a: Goodra|Curse|p1a: Goodra
|
|-heal|p2a: Dewgong|82/100 tox|[from] item: Leftovers
|-heal|p1a: Goodra|21/100 par|[from] item: Leftovers
|-damage|p2a: Dewgong|57/100 tox|[from] psn
|upkeep
|turn|68
|
|t:|1760304704
|move|p1a: Goodra|Protect|p1a: Goodra
|-singleturn|p1a: Goodra|Protect
|move|p2a: Dewgong|Aqua Jet|p1a: Goodra
|-activate|p1a: Goodra|move: Protect
|
|-heal|p2a: Dewgong|63/100 tox|[from] item: Leftovers
|-heal|p1a: Goodra|28/100 par|[from] item: Leftovers
|-damage|p2a: Dewgong|32/100 tox|[from] psn
|upkeep
|turn|69
|
|t:|1760304712
|move|p1a: Goodra|Protect||[still]
|-fail|p1a: Goodra
|move|p2a: Dewgong|Rest|p2a: Dewgong
|-status|p2a: Dewgong|slp|[from] move: Rest
|-heal|p2a: Dewgong|100/100 slp|[silent]
|
|-heal|p1a: Goodra|34/100 par|[from] item: Leftovers
|upkeep
|turn|70
|
|t:|1760304719
|cant|p2a: Dewgong|slp
|move|p1a: Goodra|Curse|p1a: Goodra
|
|-heal|p1a: Goodra|40/100 par|[from] item: Leftovers
|upkeep
|turn|71
|
|t:|1760304724
|cant|p2a: Dewgong|slp
|move|p1a: Goodra|Curse|p1a: Goodra
|
|-heal|p1a: Goodra|46/100 par|[from] item: Leftovers
|upkeep
|turn|72
|
|t:|1760304730
|-curestatus|p2a: Dewgong|slp|[msg]
|move|p2a: Dewgong|Aqua Jet|p1a: Goodra
|-damage|p1a: Goodra|29/100 par
|cant|p1a: Goodra|par
|
|-heal|p1a: Goodra|35/100 par|[from] item: Leftovers
|upkeep
|turn|73
|
|t:|1760304738
|move|p2a: Dewgong|Aqua Jet|p1a: Goodra
|-damage|p1a: Goodra|19/100 par
|move|p1a: Goodra|Toxic|p2a: Dewgong|[miss]
|-miss|p1a: Goodra|p2a: Dewgong
|
|-heal|p1a: Goodra|25/100 par|[from] item: Leftovers
|upkeep
|turn|74
|
|t:|1760304743
|move|p1a: Goodra|Protect|p1a: Goodra
|-singleturn|p1a: Goodra|Protect
|move|p2a: Dewgong|Aqua Jet|p1a: Goodra
|-activate|p1a: Goodra|move: Protect
|
|-heal|p1a: Goodra|31/100 par|[from] item: Leftovers
|upkeep
|turn|75
|
|t:|1760304746
|move|p2a: Dewgong|Aqua Jet|p1a: Goodra
|-damage|p1a: Goodra|13/100 par
|cant|p1a: Goodra|par
|
|-heal|p1a: Goodra|20/100 par|[from] item: Leftovers
|upkeep
|turn|76
|
|t:|1760304752
|move|p1a: Goodra|Protect|p1a: Goodra
|-singleturn|p1a: Goodra|Protect
|move|p2a: Dewgong|Aqua Jet|p1a: Goodra
|-activate|p1a: Goodra|move: Protect
|
|-heal|p1a: Goodra|26/100 par|[from] item: Leftovers
|upkeep
|turn|77
|
|t:|1760304754
|move|p2a: Dewgong|Aqua Jet|p1a: Goodra
|-damage|p1a: Goodra|7/100 par
|cant|p1a: Goodra|par
|
|-heal|p1a: Goodra|13/100 par|[from] item: Leftovers
|upkeep
|turn|78
|
|t:|1760304759
|move|p1a: Goodra|Protect|p1a: Goodra
|-singleturn|p1a: Goodra|Protect
|move|p2a: Dewgong|Aqua Jet|p1a: Goodra
|-activate|p1a: Goodra|move: Protect
|
|-heal|p1a: Goodra|19/100 par|[from] item: Leftovers
|upkeep
|turn|79
|
|t:|1760304761
|move|p2a: Dewgong|Aqua Jet|p1a: Goodra
|-damage|p1a: Goodra|3/100 par
|move|p1a: Goodra|Toxic|p2a: Dewgong
|-status|p2a: Dewgong|tox
|
|-heal|p1a: Goodra|9/100 par|[from] item: Leftovers
|-damage|p2a: Dewgong|94/100 tox|[from] psn
|upkeep
|turn|80
|
|t:|1760304769
|move|p1a: Goodra|Protect|p1a: Goodra
|-singleturn|p1a: Goodra|Protect
|move|p2a: Dewgong|Aqua Jet|p1a: Goodra
|-activate|p1a: Goodra|move: Protect
|
|-heal|p2a: Dewgong|100/100 tox|[from] item: Leftovers
|-heal|p1a: Goodra|15/100 par|[from] item: Leftovers
|-damage|p2a: Dewgong|88/100 tox|[from] psn
|upkeep
|turn|81
|
|t:|1760304777
|move|p1a: Goodra|Protect||[still]
|-fail|p1a: Goodra
|move|p2a: Dewgong|Aqua Jet|p1a: Goodra
|-damage|p1a: Goodra|0 fnt
|faint|p1a: Goodra
|
|win|Anna Komnenos
|raw|YourFriendSanti's rating: 1116 &rarr; <strong>1089</strong><br />(-27 for losing)
|raw|Anna Komnenos's rating: 1094 &rarr; <strong>1122</strong><br />(+28 for winning)
|l|☆YourFriendSanti
|player|p1|
|c|☆Anna Komnenos|ICE ICE BABY
|l|☆Anna Komnenos
|player|p2|
