|j|☆Chocokoala VGC
|j|☆seethemalldie
|t:|1760443111
|gametype|singles
|player|p1|Chocokoala VGC|aaron|1336
|player|p2|seethemalldie|unknown|1278
|gen|9
|tier|[Gen 9] OU
|rated|
|rule|HP Percentage Mod: HP is shown in percentages
|rule|Endless Battle Clause: Forcing endless battles is banned
|rule|Species Clause: Limit one of each Pokémon
|rule|OHKO Clause: OHKO moves are banned
|rule|Evasion Items Clause: Evasion items are banned
|rule|Evasion Moves Clause: Evasion moves are banned
|rule|Evasion Abilities Clause: Evasion abilities are banned
|rule|Sleep Moves Clause: Sleep-inducing moves are banned
|clearpoke
|poke|p1|Indeedee, M|
|poke|p1|Armarouge, F|
|poke|p1|Hatterene, F|
|poke|p1|Polteageist|
|poke|p1|Hawlucha, F|
|poke|p1|Maushold|
|poke|p2|Scizor, F|
|poke|p2|Toxtricity-Low-Key, M|
|poke|p2|Hydreigon, M|
|poke|p2|Iron Valiant|
|poke|p2|Ogerpon-Wellspring, F|
|poke|p2|Arcanine-Hisui, M|
|teampreview
|inactive|Battle timer is ON: inactive players will automatically lose when time's up. (requested by seethemalldie)
|inactive|Chocokoala VGC also wants the timer to be on.
|
|t:|1760443124
|teamsize|p1|6
|teamsize|p2|6
|start
|switch|p1a: Indeedee|Indeedee, M|100/100
|switch|p2a: Berry|Ogerpon-Wellspring, F|100/100
|-fieldstart|move: Psychic Terrain|[from] ability: Psychic Surge|[of] p1a: Indeedee
|turn|1
|
|t:|1760443134
|switch|p1a: Hawlucha|Hawlucha, F|100/100
|-enditem|p1a: Hawlucha|Psychic Seed
|-boost|p1a: Hawlucha|spd|1|[from] item: Psychic Seed
|move|p2a: Berry|Knock Off|p1a: Hawlucha
|-resisted|p1a: Hawlucha
|-crit|p1a: Hawlucha
|-damage|p1a: Hawlucha|76/100
|
|upkeep
|turn|2
|
|t:|1760443151
|switch|p2a: Chili|Toxtricity-Low-Key, M|100/100
|move|p1a: Hawlucha|Acrobatics|p2a: Chili
|-resisted|p2a: Chili
|-damage|p2a: Chili|59/100
|
|upkeep
|turn|3
|
|t:|1760443160
|-terastallize|p1a: Hawlucha|Ground
|move|p1a: Hawlucha|Swords Dance|p1a: Hawlucha
|-boost|p1a: Hawlucha|atk|2
|move|p2a: Chili|Boomburst|p1a: Hawlucha
|-damage|p1a: Hawlucha|0 fnt
|faint|p1a: Hawlucha
|
|upkeep
|
|t:|1760443170
|switch|p1a: Maushold|Maushold|100/100
|turn|4
|
|t:|1760443179
|switch|p2a: Trip|Hydreigon, M, shiny|100/100
|move|p1a: Maushold|Population Bomb|p2a: Trip
|-damage|p2a: Trip|87/100
|-damage|p2a: Trip|73/100
|-damage|p2a: Trip|60/100
|-damage|p2a: Trip|47/100
|-damage|p2a: Trip|35/100
|-damage|p2a: Trip|22/100
|-damage|p2a: Trip|9/100
|-damage|p2a: Trip|0 fnt
|faint|p2a: Trip
|-hitcount|p2: Trip|8
|
|upkeep
|
|t:|1760443200
|switch|p2a: Solid|Scizor, F|100/100
|turn|5
|
|t:|1760443204
|move|p1a: Maushold|Population Bomb|p2a: Solid
|-resisted|p2a: Solid
|-damage|p2a: Solid|95/100
|-resisted|p2a: Solid
|-damage|p2a: Solid|90/100
|-resisted|p2a: Solid
|-damage|p2a: Solid|85/100
|-resisted|p2a: Solid
|-damage|p2a: Solid|80/100
|-resisted|p2a: Solid
|-damage|p2a: Solid|75/100
|-resisted|p2a: Solid
|-damage|p2a: Solid|70/100
|-resisted|p2a: Solid
|-damage|p2a: Solid|65/100
|-resisted|p2a: Solid
|-damage|p2a: Solid|60/100
|-resisted|p2a: Solid
|-damage|p2a: Solid|55/100
|-resisted|p2a: Solid
|-crit|p2a: Solid
|-damage|p2a: Solid|48/100
|-hitcount|p2a: Solid|10
|move|p2a: Solid|U-turn|p1a: Maushold
|-damage|p1a: Maushold|45/100
|
|t:|1760443224
|switch|p2a: Archie|Arcanine-Hisui, M|100/100|[from] U-turn
|
|upkeep
|turn|6
|
|t:|1760443236
|move|p1a: Maushold|Population Bomb|p2a: Archie
|-resisted|p2a: Archie
|-damage|p2a: Archie|94/100
|-resisted|p2a: Archie
|-damage|p2a: Archie|88/100
|-resisted|p2a: Archie
|-damage|p2a: Archie|81/100
|-resisted|p2a: Archie
|-damage|p2a: Archie|73/100
|-resisted|p2a: Archie
|-damage|p2a: Archie|67/100
|-resisted|p2a: Archie
|-damage|p2a: Archie|60/100
|-resisted|p2a: Archie
|-damage|p2a: Archie|54/100
|-resisted|p2a: Archie
|-damage|p2a: Archie|47/100
|-resisted|p2a: Archie
|-damage|p2a: Archie|41/100
|-resisted|p2a: Archie
|-damage|p2a: Archie|34/100
|-hitcount|p2a: Archie|10
|move|p2a: Archie|Double-Edge|p1a: Maushold
|-damage|p1a: Maushold|0 fnt
|faint|p1a: Maushold
|
|upkeep
|
|t:|1760443242
|switch|p1a: Hatterene|Hatterene, F|100/100
|turn|7
|
|t:|1760443261
|switch|p2a: Berry|Ogerpon-Wellspring, F|100/100
|move|p1a: Hatterene|Nuzzle|p2a: Berry
|-damage|p2a: Berry|96/100
|-status|p2a: Berry|par
|
|upkeep
|turn|8
|
|t:|1760443277
|move|p2a: Berry|Knock Off|p1a: Hatterene
|-damage|p1a: Hatterene|68/100
|-enditem|p1a: Hatterene|Eject Button|[from] move: Knock Off|[of] p2a: Berry
|move|p1a: Hatterene|Draining Kiss|p2a: Berry
|-damage|p2a: Berry|71/100 par
|-heal|p1a: Hatterene|86/100|[from] drain|[of] p2a: Berry
|
|-fieldend|move: Psychic Terrain
|upkeep
|turn|9
|
|t:|1760443288
|move|p2a: Berry|Ivy Cudgel|p1a: Hatterene|[anim] Ivy Cudgel Water
|-damage|p1a: Hatterene|39/100
|move|p1a: Hatterene|Draining Kiss|p2a: Berry
|-damage|p2a: Berry|45/100 par
|-heal|p1a: Hatterene|57/100|[from] drain|[of] p2a: Berry
|
|upkeep
|turn|10
|
|t:|1760443299
|cant|p2a: Berry|par
|move|p1a: Hatterene|Draining Kiss|p2a: Berry
|-damage|p2a: Berry|21/100 par
|-heal|p1a: Hatterene|74/100|[from] drain|[of] p2a: Berry
|
|upkeep
|turn|11
|
|t:|1760443306
|cant|p2a: Berry|par
|move|p1a: Hatterene|Draining Kiss|p2a: Berry
|-damage|p2a: Berry|0 fnt
|-heal|p1a: Hatterene|89/100|[from] drain|[of] p2a: Berry
|faint|p2a: Berry
|
|upkeep
|
|t:|1760443322
|switch|p2a: Solid|Scizor, F|48/100
|turn|12
|
|t:|1760443327
|move|p2a: Solid|U-turn|p1a: Hatterene
|-damage|p1a: Hatterene|59/100
|
|t:|1760443332
|switch|p2a: Archie|Arcanine-Hisui, M|34/100|[from] U-turn
|move|p1a: Hatterene|Mystical Fire|p2a: Archie
|-resisted|p2a: Archie
|-damage|p2a: Archie|30/100
|-unboost|p2a: Archie|spa|1
|
|upkeep
|turn|13
|
|t:|1760443340
|switch|p1a: Indeedee|Indeedee, M|100/100
|-fieldstart|move: Psychic Terrain|[from] ability: Psychic Surge|[of] p1a: Indeedee
|move|p2a: Archie|Head Smash|p1a: Indeedee
|-damage|p1a: Indeedee|0 fnt
|faint|p1a: Indeedee
|
|upkeep
|
|t:|1760443346
|switch|p1a: Armarouge|Armarouge, F|100/100
|turn|14
|
|t:|1760443350
|move|p1a: Armarouge|Endure|p1a: Armarouge
|-singleturn|p1a: Armarouge|move: Endure
|move|p2a: Archie|Head Smash|p1a: Armarouge
|-supereffective|p1a: Armarouge
|-activate|p1a: Armarouge|move: Endure
|-damage|p1a: Armarouge|1/100
|-ability|p1a: Armarouge|Weak Armor|boost
|-unboost|p1a: Armarouge|def|1
|-boost|p1a: Armarouge|spe|2
|-enditem|p1a: Armarouge|Weakness Policy
|-boost|p1a: Armarouge|atk|2|[from] item: Weakness Policy
|-boost|p1a: Armarouge|spa|2|[from] item: Weakness Policy
|
|upkeep
|turn|15
|inactive|seethemalldie has 120 seconds left.
|
|t:|1760443387
|move|p1a: Armarouge|Expanding Force|p2a: Archie
|-damage|p2a: Archie|0 fnt
|faint|p2a: Archie
|
|upkeep
|
|t:|1760443399
|switch|p2a: Solid|Scizor, F|48/100
|turn|16
|
|t:|1760443420
|switch|p2a: Chili|Toxtricity-Low-Key, M|59/100
|move|p1a: Armarouge|Armor Cannon|p2a: Chili
|-damage|p2a: Chili|0 fnt
|-unboost|p1a: Armarouge|def|1
|-unboost|p1a: Armarouge|spd|1
|faint|p2a: Chili
|
|upkeep
|
|t:|1760443428
|switch|p2a: Nite|Iron Valiant, shiny|100/100
|turn|17
|
|t:|1760443433
|-end|p2a: Nite|Quark Drive|[silent]
|switch|p2a: Solid|Scizor, F|48/100
|move|p1a: Armarouge|Endure||[still]
|-fail|p1a: Armarouge
|
|upkeep
|turn|18
|
|t:|1760443453
|-terastallize|p2a: Solid|Water
|move|p1a: Armarouge|Armor Cannon|p2a: Solid
|-resisted|p2a: Solid
|-damage|p2a: Solid|0 fnt
|-unboost|p1a: Armarouge|def|1
|-unboost|p1a: Armarouge|spd|1
|faint|p2a: Solid
|
|upkeep
|
|t:|1760443461
|switch|p2a: Nite|Iron Valiant, shiny|100/100
|turn|19
|
|t:|1760443465
|move|p1a: Armarouge|Expanding Force|p2a: Nite
|-supereffective|p2a: Nite
|-damage|p2a: Nite|0 fnt
|faint|p2a: Nite
|-end|p2a: Nite|Quark Drive|[silent]
|
|win|Chocokoala VGC
|raw|Chocokoala VGC's rating: 1336 &rarr; <strong>1353</strong><br />(+17 for winning)
|raw|seethemalldie's rating: 1278 &rarr; <strong>1257</strong><br />(-21 for losing)
|l|☆seethemalldie
|player|p2|
|l|☆Chocokoala VGC
|player|p1|
