|j|☆Kadeerkarim64
|j|☆sixludicolos
|t:|1760329471
|gametype|singles
|player|p1|Kadeerkarim64|iris-gen5bw2|1177
|player|p2|sixludicolos|roxie|1240
|gen|9
|tier|[Gen 9] OU
|rated|
|rule|HP Percentage Mod: HP is shown in percentages
|rule|Endless Battle Clause: Forcing endless battles is banned
|rule|Species Clause: Limit one of each Pokémon
|rule|OHKO Clause: OHKO moves are banned
|rule|Evasion Items Clause: Evasion items are banned
|rule|Evasion Moves Clause: Evasion moves are banned
|rule|Evasion Abilities Clause: Evasion abilities are banned
|rule|Sleep Moves Clause: Sleep-inducing moves are banned
|clearpoke
|poke|p1|Bastiodon, M|
|poke|p1|Rhydon, M|
|poke|p1|Goodra, M|
|poke|p1|Flareon, F|
|poke|p1|Blastoise, F|
|poke|p1|Slaking, M|
|poke|p2|Pelipper, F|
|poke|p2|Hatterene, F|
|poke|p2|Iron Treads|
|poke|p2|Toxicroak, F|
|poke|p2|Barraskewda, F|
|poke|p2|Zapdos|
|teampreview
|
|t:|1760329496
|teamsize|p1|6
|teamsize|p2|6
|start
|switch|p1a: Bastiodon|Bastiodon, M|100/100
|switch|p2a: Hatterene|Hatterene, F|100/100
|turn|1
|
|t:|1760329528
|switch|p1a: Flareon|Flareon, F|100/100
|move|p2a: Hatterene|Nuzzle|p1a: Flareon
|-damage|p1a: Flareon|97/100
|-status|p1a: Flareon|par
|
|-heal|p1a: Flareon|100/100 par|[from] item: Leftovers
|upkeep
|turn|2
|
|t:|1760329562
|move|p2a: Hatterene|Psychic Noise|p1a: Flareon
|-damage|p1a: Flareon|68/100 par
|-start|p1a: Flareon|move: Heal Block
|cant|p1a: Flareon|par
|
|upkeep
|turn|3
|
|t:|1760329575
|move|p2a: Hatterene|Psychic Noise|p1a: Flareon
|-damage|p1a: Flareon|37/100 par
|move|p1a: Flareon|Calm Mind|p1a: Flareon
|-boost|p1a: Flareon|spa|1
|-boost|p1a: Flareon|spd|1
|
|-end|p1a: Flareon|move: Heal Block
|upkeep
|turn|4
|
|t:|1760329585
|move|p2a: Hatterene|Psychic Noise|p1a: Flareon
|-damage|p1a: Flareon|16/100 par
|-start|p1a: Flareon|move: Heal Block
|cant|p1a: Flareon|move: Heal Block|Wish
|
|upkeep
|turn|5
|
|t:|1760329603
|move|p2a: Hatterene|Psychic Noise|p1a: Flareon
|-damage|p1a: Flareon|0 fnt
|faint|p1a: Flareon
|
|upkeep
|
|t:|1760329612
|switch|p1a: Slaking|Slaking, M|100/100
|turn|6
|
|t:|1760329618
|move|p1a: Slaking|Double-Edge|p2a: Hatterene
|-crit|p2a: Hatterene
|-damage|p2a: Hatterene|0 fnt
|faint|p2a: Hatterene
|-damage|p1a: Slaking|77/100|[from] Recoil
|-damage|p1a: Slaking|67/100|[from] item: Life Orb
|
|upkeep
|
|t:|1760329626
|switch|p2a: Pelipper|Pelipper, F|100/100
|-weather|RainDance|[from] ability: Drizzle|[of] p2a: Pelipper
|turn|7
|
|t:|1760329639
|switch|p1a: Blastoise|Blastoise, F|100/100
|move|p2a: Pelipper|U-turn|p1a: Blastoise
|-damage|p1a: Blastoise|92/100
|
|t:|1760329648
|switch|p2a: Zapdos|Zapdos|100/100|[from] U-turn
|
|-weather|RainDance|[upkeep]
|-heal|p1a: Blastoise|98/100|[from] ability: Rain Dish
|-heal|p1a: Blastoise|100/100|[from] item: Leftovers
|upkeep
|turn|8
|
|t:|1760329659
|move|p2a: Zapdos|Volt Switch|p1a: Blastoise
|-supereffective|p1a: Blastoise
|-damage|p1a: Blastoise|0 fnt
|faint|p1a: Blastoise
|
|t:|1760329666
|switch|p2a: Barraskewda|Barraskewda, F|100/100|[from] Volt Switch
|
|-weather|RainDance|[upkeep]
|upkeep
|
|t:|1760329673
|switch|p1a: Bastiodon|Bastiodon, M|100/100
|turn|9
|
|t:|1760329680
|move|p2a: Barraskewda|Liquidation|p1a: Bastiodon
|-supereffective|p1a: Bastiodon
|-ability|p1a: Bastiodon|Sturdy
|-damage|p1a: Bastiodon|1/100
|move|p1a: Bastiodon|Stealth Rock|p2a: Barraskewda
|-sidestart|p2: sixludicolos|move: Stealth Rock
|
|-weather|RainDance|[upkeep]
|-heal|p1a: Bastiodon|7/100|[from] item: Leftovers
|upkeep
|turn|10
|
|t:|1760329691
|move|p2a: Barraskewda|Liquidation|p1a: Bastiodon
|-supereffective|p1a: Bastiodon
|-damage|p1a: Bastiodon|0 fnt
|faint|p1a: Bastiodon
|
|-weather|RainDance|[upkeep]
|upkeep
|
|t:|1760329698
|switch|p1a: Rhydon|Rhydon, M|100/100
|turn|11
|
|t:|1760329703
|-terastallize|p1a: Rhydon|Dragon
|move|p2a: Barraskewda|Liquidation|p1a: Rhydon
|-resisted|p1a: Rhydon
|-damage|p1a: Rhydon|75/100
|move|p1a: Rhydon|Supercell Slam|p2a: Barraskewda
|-supereffective|p2a: Barraskewda
|-damage|p2a: Barraskewda|0 fnt
|faint|p2a: Barraskewda
|
|-weather|RainDance|[upkeep]
|upkeep
|
|t:|1760329721
|switch|p2a: Iron Treads|Iron Treads|100/100
|-damage|p2a: Iron Treads|98/100|[from] Stealth Rock
|turn|12
|
|t:|1760329746
|-terastallize|p2a: Iron Treads|Normal
|move|p2a: Iron Treads|Rapid Spin|p1a: Rhydon
|-damage|p1a: Rhydon|64/100
|-boost|p2a: Iron Treads|spe|1
|-sideend|p2: sixludicolos|Stealth Rock|[from] move: Rapid Spin|[of] p2a: Iron Treads
|move|p1a: Rhydon|Earthquake|p2a: Iron Treads
|-damage|p2a: Iron Treads|61/100
|
|-weather|RainDance|[upkeep]
|-heal|p2a: Iron Treads|67/100|[from] item: Leftovers
|upkeep
|turn|13
|
|t:|1760329764
|move|p2a: Iron Treads|Earthquake|p1a: Rhydon
|-damage|p1a: Rhydon|46/100
|move|p1a: Rhydon|Stone Edge|p2a: Iron Treads
|-damage|p2a: Iron Treads|29/100
|
|-weather|RainDance|[upkeep]
|-heal|p2a: Iron Treads|35/100|[from] item: Leftovers
|upkeep
|turn|14
|
|t:|1760329777
|move|p2a: Iron Treads|Volt Switch|p1a: Rhydon
|-resisted|p1a: Rhydon
|-damage|p1a: Rhydon|42/100
|
|t:|1760329783
|-end|p2a: Iron Treads|Quark Drive|[silent]
|switch|p2a: Toxicroak|Toxicroak, F|100/100|[from] Volt Switch
|move|p1a: Rhydon|Stone Edge|p2a: Toxicroak
|-resisted|p2a: Toxicroak
|-damage|p2a: Toxicroak|81/100
|
|-weather|none
|upkeep
|turn|15
|
|t:|1760329799
|move|p2a: Toxicroak|Toxic|p1a: Rhydon
|-status|p1a: Rhydon|tox
|move|p1a: Rhydon|Earthquake|p2a: Toxicroak
|-supereffective|p2a: Toxicroak
|-damage|p2a: Toxicroak|0 fnt
|faint|p2a: Toxicroak
|
|-damage|p1a: Rhydon|36/100 tox|[from] psn
|upkeep
|
|t:|1760329808
|switch|p2a: Pelipper|Pelipper, F|100/100
|-weather|RainDance|[from] ability: Drizzle|[of] p2a: Pelipper
|turn|16
|
|t:|1760329821
|move|p2a: Pelipper|Hurricane|p1a: Rhydon
|-damage|p1a: Rhydon|12/100 tox
|move|p1a: Rhydon|Stone Edge|p2a: Pelipper
|-supereffective|p2a: Pelipper
|-damage|p2a: Pelipper|7/100
|
|-weather|RainDance|[upkeep]
|-damage|p1a: Rhydon|0 fnt|[from] psn
|faint|p1a: Rhydon
|upkeep
|
|t:|1760329846
|switch|p1a: Goodra|Goodra, M|100/100
|turn|17
|
|t:|1760329856
|move|p1a: Goodra|Acid Spray|p2a: Pelipper
|-damage|p2a: Pelipper|0 fnt
|faint|p2a: Pelipper
|
|-weather|RainDance|[upkeep]
|upkeep
|
|t:|1760329865
|switch|p2a: Zapdos|Zapdos|100/100
|turn|18
|
|t:|1760329871
|move|p2a: Zapdos|Hurricane|p1a: Goodra
|-damage|p1a: Goodra|67/100
|move|p1a: Goodra|Acid Spray|p2a: Zapdos
|-damage|p2a: Zapdos|84/100
|-unboost|p2a: Zapdos|spd|2
|
|-weather|RainDance|[upkeep]
|upkeep
|turn|19
|
|t:|1760329880
|move|p2a: Zapdos|Hurricane|p1a: Goodra
|-damage|p1a: Goodra|31/100
|move|p1a: Goodra|Hydro Pump|p2a: Zapdos
|-damage|p2a: Zapdos|0 fnt
|faint|p2a: Zapdos
|
|-weather|RainDance|[upkeep]
|upkeep
|
|t:|1760329887
|switch|p2a: Iron Treads|Iron Treads, tera:Normal|35/100
|turn|20
|
|t:|1760329891
|move|p2a: Iron Treads|Earthquake|p1a: Goodra
|-damage|p1a: Goodra|0 fnt
|faint|p1a: Goodra
|
|-weather|RainDance|[upkeep]
|-heal|p2a: Iron Treads|41/100|[from] item: Leftovers
|upkeep
|
|t:|1760329899
|switch|p1a: Slaking|Slaking, M|67/100
|turn|21
|
|t:|1760329906
|move|p1a: Slaking|Double-Edge|p2a: Iron Treads
|-damage|p2a: Iron Treads|0 fnt
|faint|p2a: Iron Treads
|-end|p2a: Iron Treads|Quark Drive|[silent]
|-damage|p1a: Slaking|55/100|[from] Recoil
|-damage|p1a: Slaking|45/100|[from] item: Life Orb
|
|win|Kadeerkarim64
|raw|Kadeerkarim64's rating: 1177 &rarr; <strong>1206</strong><br />(+29 for winning)
|raw|sixludicolos's rating: 1240 &rarr; <strong>1211</strong><br />(-29 for losing)
|c|☆sixludicolos|gg
|c|☆Kadeerkarim64|Ggs
|l|☆Kadeerkarim64
|player|p1|
|l|☆sixludicolos
|player|p2|
