|j|‽clodsirebiggestfan
|j|☆Rj yoip
|t:|1760444688
|gametype|singles
|player|p1|clodsirebiggestfan|miku-ghost|1665
|player|p2|Rj yoip|caitlin-masters|1670
|gen|9
|tier|[Gen 9] OU
|rated|
|rule|HP Percentage Mod: HP is shown in percentages
|rule|Endless Battle Clause: Forcing endless battles is banned
|rule|Species Clause: Limit one of each Pokémon
|rule|OHKO Clause: OHKO moves are banned
|rule|Evasion Items Clause: Evasion items are banned
|rule|Evasion Moves Clause: Evasion moves are banned
|rule|Evasion Abilities Clause: Evasion abilities are banned
|rule|Sleep Moves Clause: Sleep-inducing moves are banned
|clearpoke
|poke|p1|Kingambit, F|
|poke|p1|Clodsire, F|
|poke|p1|Zamazenta-*|
|poke|p1|Weezing-Galar, M|
|poke|p1|Ogerpon, F|
|poke|p1|Raging Bolt|
|poke|p2|Iron Treads|
|poke|p2|Landorus-Therian, M|
|poke|p2|Iron Valiant|
|poke|p2|Kingambit, F|
|poke|p2|Zamazenta-*|
|poke|p2|Primarina, F|
|teampreview
|
|t:|1760444693
|teamsize|p1|6
|teamsize|p2|6
|start
|switch|p1a: Ogerpon|Ogerpon, F|100/100
|switch|p2a: Landorus|Landorus-Therian, M|100/100
|-ability|p2a: Landorus|Intimidate|boost
|-unboost|p1a: Ogerpon|atk|1
|-ability|p1a: Ogerpon|Defiant|boost
|-boost|p1a: Ogerpon|atk|2
|turn|1
|
|t:|1760444700
|-terastallize|p1a: Ogerpon|Grass
|detailschange|p1a: Ogerpon|Ogerpon-Teal-Tera, F, tera:Grass
|-ability|p1a: Ogerpon|Embody Aspect (Teal)|boost
|-boost|p1a: Ogerpon|spe|1
|move|p1a: Ogerpon|Ivy Cudgel|p2a: Landorus
|-damage|p2a: Landorus|4/100
|move|p2a: Landorus|U-turn|p1a: Ogerpon
|-supereffective|p1a: Ogerpon
|-damage|p1a: Ogerpon|45/100
|
|t:|1760444706
|switch|p2a: Zamazenta|Zamazenta|100/100|[from] U-turn
|-ability|p2a: Zamazenta|Dauntless Shield|boost
|-boost|p2a: Zamazenta|def|1
|
|upkeep
|turn|2
|
|t:|1760444710
|switch|p1a: Clodsire|Clodsire, F|100/100
|switch|p2a: Landorus|Landorus-Therian, M|4/100
|-ability|p2a: Landorus|Intimidate|boost
|-unboost|p1a: Clodsire|atk|1
|
|upkeep
|turn|3
|
|t:|1760444714
|move|p2a: Landorus|Stealth Rock|p1a: Clodsire
|-sidestart|p1: clodsirebiggestfan|move: Stealth Rock
|move|p1a: Clodsire|Stealth Rock|p2a: Landorus
|-sidestart|p2: Rj yoip|move: Stealth Rock
|
|upkeep
|turn|4
|
|t:|1760444718
|switch|p1a: Weezing|Weezing-Galar, M|100/100
|-damage|p1a: Weezing|88/100|[from] Stealth Rock
|move|p2a: Landorus|Taunt|p1a: Weezing
|-start|p1a: Weezing|move: Taunt
|
|-heal|p1a: Weezing|94/100|[from] item: Leftovers
|upkeep
|turn|5
|
|t:|1760444724
|move|p2a: Landorus|Earth Power|p1a: Weezing
|-immune|p1a: Weezing|[from] ability: Levitate
|move|p1a: Weezing|Flamethrower|p2a: Landorus
|-damage|p2a: Landorus|0 fnt
|faint|p2a: Landorus
|
|-heal|p1a: Weezing|99/100|[from] item: Leftovers
|upkeep
|
|t:|1760444726
|switch|p2a: Iron Treads|Iron Treads|100/100
|-damage|p2a: Iron Treads|97/100|[from] Stealth Rock
|-enditem|p2a: Iron Treads|Booster Energy
|-activate|p2a: Iron Treads|ability: Quark Drive|[fromitem]
|-start|p2a: Iron Treads|quarkdrivespe
|turn|6
|inactive|Battle timer is ON: inactive players will automatically lose when time's up. (requested by Rj yoip)
|
|t:|1760444733
|move|p2a: Iron Treads|Iron Head|p1a: Weezing
|-supereffective|p1a: Weezing
|-damage|p1a: Weezing|55/100
|cant|p1a: Weezing|flinch
|
|-heal|p1a: Weezing|61/100|[from] item: Leftovers
|-end|p1a: Weezing|move: Taunt
|upkeep
|turn|7
|
|t:|1760444739
|move|p2a: Iron Treads|Iron Head|p1a: Weezing
|-supereffective|p1a: Weezing
|-damage|p1a: Weezing|10/100
|cant|p1a: Weezing|flinch
|
|-heal|p1a: Weezing|16/100|[from] item: Leftovers
|upkeep
|turn|8
|
|t:|1760444744
|move|p2a: Iron Treads|Iron Head|p1a: Weezing
|-supereffective|p1a: Weezing
|-damage|p1a: Weezing|0 fnt
|faint|p1a: Weezing
|
|upkeep
|j| imwqshed
|
|t:|1760444748
|switch|p1a: Ogerpon|Ogerpon-Teal-Tera, F, tera:Grass|45/100
|-damage|p1a: Ogerpon|33/100|[from] Stealth Rock
|-ability|p1a: Ogerpon|Embody Aspect (Teal)|boost
|-boost|p1a: Ogerpon|spe|1
|turn|9
|c|☆Rj yoip|Now why would you stay ib
|
|t:|1760444752
|move|p1a: Ogerpon|Ivy Cudgel|p2a: Iron Treads
|-damage|p2a: Iron Treads|15/100
|move|p2a: Iron Treads|Ice Spinner|p1a: Ogerpon
|-supereffective|p1a: Ogerpon
|-damage|p1a: Ogerpon|0 fnt
|faint|p1a: Ogerpon
|detailschange|p1: Ogerpon|Ogerpon, F|[silent]
|
|upkeep
|
|t:|1760444758
|switch|p1a: Kingambit|Kingambit, F|100/100
|-damage|p1a: Kingambit|94/100|[from] Stealth Rock
|-activate|p1a: Kingambit|ability: Supreme Overlord
|-start|p1a: Kingambit|fallen2|[silent]
|turn|10
|c|☆Rj yoip|In
|
|t:|1760444762
|move|p1a: Kingambit|Sucker Punch|p2a: Iron Treads
|-damage|p2a: Iron Treads|0 fnt
|faint|p2a: Iron Treads
|-end|p2a: Iron Treads|Quark Drive|[silent]
|
|-heal|p1a: Kingambit|100/100|[from] item: Leftovers
|upkeep
|
|t:|1760444765
|switch|p2a: Zamazenta|Zamazenta|100/100
|-damage|p2a: Zamazenta|94/100|[from] Stealth Rock
|turn|11
|
|t:|1760444773
|-end|p1a: Kingambit|fallen2|[silent]
|switch|p1a: Clodsire|Clodsire, F|100/100
|move|p2a: Zamazenta|Roar|p1a: Clodsire
|drag|p1a: Raging Bolt|Raging Bolt|100/100
|-damage|p1a: Raging Bolt|88/100|[from] Stealth Rock
|
|-heal|p2a: Zamazenta|100/100|[from] item: Leftovers
|-heal|p1a: Raging Bolt|94/100|[from] item: Leftovers
|upkeep
|turn|12
|
|t:|1760444778
|move|p1a: Raging Bolt|Thunderbolt|p2a: Zamazenta
|-damage|p2a: Zamazenta|71/100
|move|p2a: Zamazenta|Roar|p1a: Raging Bolt
|-end|p1a: Raging Bolt|Protosynthesis|[silent]
|drag|p1a: Kingambit|Kingambit, F|100/100
|-damage|p1a: Kingambit|94/100|[from] Stealth Rock
|-activate|p1a: Kingambit|ability: Supreme Overlord
|-start|p1a: Kingambit|fallen2|[silent]
|
|-heal|p2a: Zamazenta|77/100|[from] item: Leftovers
|-heal|p1a: Kingambit|100/100|[from] item: Leftovers
|upkeep
|turn|13
|
|t:|1760444781
|-end|p1a: Kingambit|fallen2|[silent]
|switch|p1a: Clodsire|Clodsire, F|100/100
|move|p2a: Zamazenta|Iron Defense|p2a: Zamazenta
|-boost|p2a: Zamazenta|def|2
|
|-heal|p2a: Zamazenta|83/100|[from] item: Leftovers
|upkeep
|turn|14
|
|t:|1760444786
|-terastallize|p2a: Zamazenta|Poison
|move|p2a: Zamazenta|Iron Defense|p2a: Zamazenta
|-boost|p2a: Zamazenta|def|2
|move|p1a: Clodsire|Toxic|p2a: Zamazenta
|-immune|p2a: Zamazenta
|
|-heal|p2a: Zamazenta|90/100|[from] item: Leftovers
|upkeep
|turn|15
|
|t:|1760444791
|move|p2a: Zamazenta|Body Press|p1a: Clodsire
|-resisted|p1a: Clodsire
|-damage|p1a: Clodsire|81/100
|move|p1a: Clodsire|Earthquake|p2a: Zamazenta
|-supereffective|p2a: Zamazenta
|-damage|p2a: Zamazenta|53/100
|
|-heal|p2a: Zamazenta|59/100|[from] item: Leftovers
|upkeep
|turn|16
|
|t:|1760444794
|move|p1a: Clodsire|Earthquake|p2a: Zamazenta
|-supereffective|p2a: Zamazenta
|-damage|p2a: Zamazenta|17/100
|move|p2a: Zamazenta|Roar|p1a: Clodsire
|drag|p1a: Kingambit|Kingambit, F|100/100
|-damage|p1a: Kingambit|94/100|[from] Stealth Rock
|-activate|p1a: Kingambit|ability: Supreme Overlord
|-start|p1a: Kingambit|fallen2|[silent]
|
|-heal|p2a: Zamazenta|23/100|[from] item: Leftovers
|-heal|p1a: Kingambit|100/100|[from] item: Leftovers
|upkeep
|turn|17
|
|t:|1760444798
|-end|p1a: Kingambit|fallen2|[silent]
|switch|p1a: Clodsire|Clodsire, F|81/100
|move|p2a: Zamazenta|Body Press|p1a: Clodsire
|-resisted|p1a: Clodsire
|-damage|p1a: Clodsire|63/100
|
|-heal|p2a: Zamazenta|29/100|[from] item: Leftovers
|upkeep
|turn|18
|
|t:|1760444801
|move|p1a: Clodsire|Earthquake|p2a: Zamazenta
|-supereffective|p2a: Zamazenta
|-damage|p2a: Zamazenta|0 fnt
|faint|p2a: Zamazenta
|
|upkeep
|
|t:|1760444803
|switch|p2a: Primarina|Primarina, F|100/100
|-damage|p2a: Primarina|88/100|[from] Stealth Rock
|turn|19
|
|t:|1760444809
|switch|p1a: Kingambit|Kingambit, F|100/100
|-damage|p1a: Kingambit|94/100|[from] Stealth Rock
|-activate|p1a: Kingambit|ability: Supreme Overlord
|-start|p1a: Kingambit|fallen2|[silent]
|move|p2a: Primarina|Surf|p1a: Kingambit
|-damage|p1a: Kingambit|43/100
|
|-heal|p1a: Kingambit|50/100|[from] item: Leftovers
|upkeep
|turn|20
|j| drspg
|
|t:|1760444818
|move|p1a: Kingambit|Sucker Punch|p2a: Primarina
|-resisted|p2a: Primarina
|-damage|p2a: Primarina|60/100
|move|p2a: Primarina|Moonblast|p1a: Kingambit
|-damage|p1a: Kingambit|0 fnt
|faint|p1a: Kingambit
|-end|p1a: Kingambit|fallen2|[silent]
|
|upkeep
|
|t:|1760444824
|switch|p1a: Raging Bolt|Raging Bolt|94/100
|-damage|p1a: Raging Bolt|82/100|[from] Stealth Rock
|turn|21
|
|t:|1760444826
|move|p2a: Primarina|Moonblast|p1a: Raging Bolt
|-supereffective|p1a: Raging Bolt
|-damage|p1a: Raging Bolt|0 fnt
|faint|p1a: Raging Bolt
|-end|p1a: Raging Bolt|Protosynthesis|[silent]
|
|upkeep
|c|☆Rj yoip|0 speed raging bolt…
|
|t:|1760444835
|switch|p1a: Zamazenta|Zamazenta|100/100
|-damage|p1a: Zamazenta|94/100|[from] Stealth Rock
|-ability|p1a: Zamazenta|Dauntless Shield|boost
|-boost|p1a: Zamazenta|def|1
|turn|22
|
|t:|1760444838
|move|p2a: Primarina|Moonblast|p1a: Zamazenta
|-supereffective|p1a: Zamazenta
|-damage|p1a: Zamazenta|7/100
|move|p1a: Zamazenta|Roar|p2a: Primarina
|drag|p2a: Iron Valiant|Iron Valiant|100/100
|-damage|p2a: Iron Valiant|94/100|[from] Stealth Rock
|
|-heal|p1a: Zamazenta|13/100|[from] item: Leftovers
|upkeep
|turn|23
|
|t:|1760444842
|move|p1a: Zamazenta|Body Press|p2a: Iron Valiant
|-resisted|p2a: Iron Valiant
|-damage|p2a: Iron Valiant|64/100
|move|p2a: Iron Valiant|Moonblast|p1a: Zamazenta
|-supereffective|p1a: Zamazenta
|-damage|p1a: Zamazenta|0 fnt
|faint|p1a: Zamazenta
|
|upkeep
|
|t:|1760444843
|switch|p1a: Clodsire|Clodsire, F|63/100
|turn|24
|
|t:|1760444846
|move|p2a: Iron Valiant|Knock Off|p1a: Clodsire
|-damage|p1a: Clodsire|32/100
|-enditem|p1a: Clodsire|Heavy-Duty Boots|[from] move: Knock Off|[of] p2a: Iron Valiant
|move|p1a: Clodsire|Recover|p1a: Clodsire
|-heal|p1a: Clodsire|82/100
|
|upkeep
|turn|25
|
|t:|1760444851
|-end|p2a: Iron Valiant|Quark Drive|[silent]
|switch|p2a: Primarina|Primarina, F|60/100
|-damage|p2a: Primarina|48/100|[from] Stealth Rock
|move|p1a: Clodsire|Recover|p1a: Clodsire
|-heal|p1a: Clodsire|100/100
|
|upkeep
|turn|26
|
|t:|1760444854
|move|p2a: Primarina|Surf|p1a: Clodsire
|-supereffective|p1a: Clodsire
|-crit|p1a: Clodsire
|-damage|p1a: Clodsire|25/100
|move|p1a: Clodsire|Toxic|p2a: Primarina
|-status|p2a: Primarina|tox
|
|-damage|p2a: Primarina|42/100 tox|[from] psn
|upkeep
|turn|27
|-message|clodsirebiggestfan forfeited.
|
|win|Rj yoip
|raw|clodsirebiggestfan's rating: 1665 &rarr; <strong>1645</strong><br />(-20 for losing)
|raw|Rj yoip's rating: 1670 &rarr; <strong>1690</strong><br />(+20 for winning)
|l|‽clodsirebiggestfan
|player|p1|
|l|☆Rj yoip
|player|p2|
|l| drspg
|l| imwqshed
