|j|☆JimmyWings
|j|☆javi9529
|t:|1760454581
|gametype|singles
|player|p1|JimmyWings|#tagxs|1109
|player|p2|javi9529|170|1098
|gen|9
|tier|[Gen 9] OU
|rated|
|rule|HP Percentage Mod: HP is shown in percentages
|rule|Endless Battle Clause: Forcing endless battles is banned
|rule|Species Clause: Limit one of each Pokémon
|rule|OHKO Clause: OHKO moves are banned
|rule|Evasion Items Clause: Evasion items are banned
|rule|Evasion Moves Clause: Evasion moves are banned
|rule|Evasion Abilities Clause: Evasion abilities are banned
|rule|Sleep Moves Clause: Sleep-inducing moves are banned
|clearpoke
|poke|p1|Comfey, F|
|poke|p1|Cinccino, F|
|poke|p1|Zamazenta-*|
|poke|p1|Dondozo, F|
|poke|p1|Darkrai|
|poke|p1|Electrode-Hisui|
|poke|p2|Houndoom, F|
|poke|p2|Golem, F|
|poke|p2|Kingdra, F|
|poke|p2|Electivire, M|
|poke|p2|Venusaur, F|
|poke|p2|Sandslash-Alola, F|
|teampreview
|inactive|Battle timer is ON: inactive players will automatically lose when time's up. (requested by javi9529)
|
|t:|1760454596
|teamsize|p1|6
|teamsize|p2|6
|start
|switch|p1a: Joe|Electrode-Hisui, shiny|100/100
|switch|p2a: Golem|Golem, F|100/100
|turn|1
|
|t:|1760454613
|switch|p1a: keep station clear|Cinccino, F|100/100
|move|p2a: Golem|Stealth Rock|p1a: keep station clear
|-sidestart|p1: JimmyWings|move: Stealth Rock
|
|upkeep
|turn|2
|
|t:|1760454620
|move|p1a: keep station clear|Bullet Seed|p2a: Golem
|-supereffective|p2a: Golem
|-damage|p2a: Golem|65/100
|-supereffective|p2a: Golem
|-damage|p2a: Golem|30/100
|-enditem|p2a: Golem|Sitrus Berry|[eat]
|-heal|p2a: Golem|55/100|[from] item: Sitrus Berry
|-supereffective|p2a: Golem
|-damage|p2a: Golem|20/100
|-supereffective|p2a: Golem
|-damage|p2a: Golem|0 fnt
|faint|p2a: Golem
|-hitcount|p2: Golem|4
|
|upkeep
|
|t:|1760454631
|switch|p2a: Sandslash|Sandslash-Alola, F|100/100
|turn|3
|
|t:|1760454637
|switch|p1a: Yamayenta|Zamazenta|100/100
|-damage|p1a: Yamayenta|94/100|[from] Stealth Rock
|-ability|p1a: Yamayenta|Dauntless Shield|boost
|-boost|p1a: Yamayenta|def|1
|move|p2a: Sandslash|Swords Dance|p2a: Sandslash
|-boost|p2a: Sandslash|atk|2
|
|-heal|p1a: Yamayenta|100/100|[from] item: Leftovers
|upkeep
|turn|4
|
|t:|1760454651
|move|p1a: Yamayenta|Body Press|p2a: Sandslash
|-supereffective|p2a: Sandslash
|-damage|p2a: Sandslash|0 fnt
|faint|p2a: Sandslash
|
|upkeep
|
|t:|1760454657
|switch|p2a: Venusaur|Venusaur, F|100/100
|turn|5
|inactive|JimmyWings has 120 seconds left.
|
|t:|1760454710
|move|p1a: Yamayenta|Substitute|p1a: Yamayenta
|-start|p1a: Yamayenta|Substitute
|-damage|p1a: Yamayenta|76/100
|move|p2a: Venusaur|Sludge Bomb|p1a: Yamayenta
|-end|p1a: Yamayenta|Substitute
|
|-heal|p1a: Yamayenta|82/100|[from] item: Leftovers
|upkeep
|turn|6
|
|t:|1760454719
|move|p1a: Yamayenta|Iron Defense|p1a: Yamayenta
|-boost|p1a: Yamayenta|def|2
|move|p2a: Venusaur|Sludge Bomb|p1a: Yamayenta
|-damage|p1a: Yamayenta|50/100
|-status|p1a: Yamayenta|psn
|
|-heal|p1a: Yamayenta|56/100 psn|[from] item: Leftovers
|-damage|p1a: Yamayenta|44/100 psn|[from] psn
|upkeep
|turn|7
|
|t:|1760454729
|move|p1a: Yamayenta|Body Press|p2a: Venusaur
|-resisted|p2a: Venusaur
|-damage|p2a: Venusaur|45/100
|move|p2a: Venusaur|Sludge Bomb|p1a: Yamayenta
|-damage|p1a: Yamayenta|12/100 psn
|
|-heal|p1a: Yamayenta|18/100 psn|[from] item: Leftovers
|-heal|p2a: Venusaur|51/100|[from] item: Leftovers
|-damage|p1a: Yamayenta|5/100 psn|[from] psn
|upkeep
|turn|8
|
|t:|1760454739
|move|p1a: Yamayenta|Body Press|p2a: Venusaur
|-resisted|p2a: Venusaur
|-damage|p2a: Venusaur|0 fnt
|faint|p2a: Venusaur
|
|-heal|p1a: Yamayenta|12/100 psn|[from] item: Leftovers
|-damage|p1a: Yamayenta|0 fnt|[from] psn
|faint|p1a: Yamayenta
|upkeep
|
|t:|1760454753
|switch|p1a: Joe|Electrode-Hisui, shiny|100/100
|switch|p2a: Houndoom|Houndoom, F|100/100
|-damage|p1a: Joe|88/100|[from] Stealth Rock
|turn|9
|
|t:|1760454760
|move|p1a: Joe|Volt Switch|p2a: Houndoom
|-damage|p2a: Houndoom|41/100
|
|t:|1760454765
|switch|p1a: Johnbozo|Dondozo, F|100/100|[from] Volt Switch
|-damage|p1a: Johnbozo|88/100|[from] Stealth Rock
|move|p2a: Houndoom|Flamethrower|p1a: Johnbozo
|-resisted|p1a: Johnbozo
|-damage|p1a: Johnbozo|65/100
|
|-heal|p1a: Johnbozo|71/100|[from] item: Leftovers
|upkeep
|turn|10
|
|t:|1760454776
|switch|p2a: Electivire|Electivire, M|100/100
|move|p1a: Johnbozo|Earthquake|p2a: Electivire
|-supereffective|p2a: Electivire
|-damage|p2a: Electivire|3/100
|
|-heal|p1a: Johnbozo|77/100|[from] item: Leftovers
|upkeep
|turn|11
|
|t:|1760454785
|move|p2a: Electivire|Wild Charge|p1a: Johnbozo
|-supereffective|p1a: Johnbozo
|-damage|p1a: Johnbozo|4/100
|-damage|p2a: Electivire|0 fnt|[from] Recoil
|faint|p2a: Electivire
|move|p1a: Johnbozo|Earthquake|p2: Electivire|[notarget]
|-fail|p1a: Johnbozo
|
|-heal|p1a: Johnbozo|10/100|[from] item: Leftovers
|upkeep
|
|t:|1760454794
|switch|p2a: Kingdra|Kingdra, F, shiny|100/100
|turn|12
|
|t:|1760454801
|move|p2a: Kingdra|Draco Meteor|p1a: Johnbozo
|-damage|p1a: Johnbozo|0 fnt
|-unboost|p2a: Kingdra|spa|2
|faint|p1a: Johnbozo
|
|upkeep
|
|t:|1760454805
|switch|p1a: a calm flower|Comfey, F|100/100
|-damage|p1a: a calm flower|88/100|[from] Stealth Rock
|turn|13
|
|t:|1760454811
|switch|p2a: Houndoom|Houndoom, F|41/100
|move|p1a: a calm flower|Encore||[still]
|-fail|p1a: a calm flower
|
|upkeep
|turn|14
|
|t:|1760454818
|move|p1a: a calm flower|Calm Mind|p1a: a calm flower
|-boost|p1a: a calm flower|spa|1
|-boost|p1a: a calm flower|spd|1
|move|p2a: Houndoom|Flamethrower|p1a: a calm flower
|-damage|p1a: a calm flower|49/100
|
|upkeep
|turn|15
|
|t:|1760454827
|move|p1a: a calm flower|Draining Kiss|p2a: Houndoom
|-damage|p2a: Houndoom|3/100
|-heal|p1a: a calm flower|83/100|[from] drain|[of] p2a: Houndoom
|move|p2a: Houndoom|Flamethrower|p1a: a calm flower
|-damage|p1a: a calm flower|43/100
|
|upkeep
|turn|16
|
|t:|1760454835
|move|p1a: a calm flower|Draining Kiss|p2a: Houndoom
|-damage|p2a: Houndoom|0 fnt
|-heal|p1a: a calm flower|45/100|[from] drain|[of] p2a: Houndoom
|faint|p2a: Houndoom
|
|upkeep
|
|t:|1760454841
|switch|p2a: Kingdra|Kingdra, F, shiny|100/100
|turn|17
|
|t:|1760454845
|move|p1a: a calm flower|Draining Kiss|p2a: Kingdra
|-supereffective|p2a: Kingdra
|-damage|p2a: Kingdra|33/100
|-heal|p1a: a calm flower|100/100|[from] drain|[of] p2a: Kingdra
|move|p2a: Kingdra|Hydro Pump|p1a: a calm flower|[miss]
|-miss|p2a: Kingdra|p1a: a calm flower
|
|upkeep
|turn|18
|
|t:|1760454852
|move|p1a: a calm flower|Draining Kiss|p2a: Kingdra
|-supereffective|p2a: Kingdra
|-damage|p2a: Kingdra|0 fnt
|faint|p2a: Kingdra
|
|win|JimmyWings
|raw|JimmyWings's rating: 1109 &rarr; <strong>1133</strong><br />(+24 for winning)
|raw|javi9529's rating: 1098 &rarr; <strong>1074</strong><br />(-24 for losing)
|l|☆JimmyWings
|player|p1|
|l|☆javi9529
|player|p2|
