|j|☆Ayayaphone
|j|☆Yo nuby cake
|t:|1760441565
|gametype|singles
|player|p1|Ayayaphone|2|1396
|player|p2|Yo nuby cake|1|1382
|gen|9
|tier|[Gen 9] OU
|rated|
|rule|HP Percentage Mod: HP is shown in percentages
|rule|Endless Battle Clause: Forcing endless battles is banned
|rule|Species Clause: Limit one of each Pokémon
|rule|OHKO Clause: OHKO moves are banned
|rule|Evasion Items Clause: Evasion items are banned
|rule|Evasion Moves Clause: Evasion moves are banned
|rule|Evasion Abilities Clause: Evasion abilities are banned
|rule|Sleep Moves Clause: Sleep-inducing moves are banned
|clearpoke
|poke|p1|Tinkaton, F|
|poke|p1|Gallade, M|
|poke|p1|Zapdos|
|poke|p1|Serperior, F|
|poke|p1|Tentacruel, F|
|poke|p1|Gliscor, M|
|poke|p2|Gholdengo|
|poke|p2|Landorus-Therian, M|
|poke|p2|Kingambit, M|
|poke|p2|Cinderace, F|
|poke|p2|Raging Bolt|
|poke|p2|Samurott-Hisui, F|
|teampreview
|inactive|Battle timer is ON: inactive players will automatically lose when time's up. (requested by Ayayaphone)
|
|t:|1760441571
|teamsize|p1|6
|teamsize|p2|6
|start
|switch|p1a: Serperior|Serperior, F|100/100
|switch|p2a: Landorus|Landorus-Therian, M|100/100
|-ability|p2a: Landorus|Intimidate|boost
|-boost|p1a: Serperior|atk|1
|turn|1
|
|t:|1760441577
|move|p1a: Serperior|Substitute|p1a: Serperior
|-start|p1a: Serperior|Substitute
|-damage|p1a: Serperior|76/100
|move|p2a: Landorus|U-turn|p1a: Serperior
|-supereffective|p1a: Serperior
|-end|p1a: Serperior|Substitute
|
|t:|1760441582
|switch|p2a: Cinderace|Cinderace, F|100/100|[from] U-turn
|
|-heal|p1a: Serperior|82/100|[from] item: Leftovers
|upkeep
|turn|2
|
|t:|1760441592
|switch|p1a: Gliscor|Gliscor, M|100/100
|move|p2a: Cinderace|Pyro Ball|p1a: Gliscor
|-damage|p1a: Gliscor|58/100
|
|-status|p1a: Gliscor|tox|[from] item: Toxic Orb
|upkeep
|turn|3
|
|t:|1760441602
|switch|p2a: Samurott|Samurott-Hisui, F|100/100
|move|p1a: Gliscor|U-turn|p2a: Samurott
|-supereffective|p2a: Samurott
|-damage|p2a: Samurott|61/100
|
|t:|1760441609
|switch|p1a: Serperior|Serperior, F|82/100|[from] U-turn
|
|-heal|p1a: Serperior|88/100|[from] item: Leftovers
|upkeep
|turn|4
|
|t:|1760441613
|move|p1a: Serperior|Leaf Storm|p2a: Samurott
|-supereffective|p2a: Samurott
|-damage|p2a: Samurott|0 fnt
|-boost|p1a: Serperior|spa|2
|faint|p2a: Samurott
|
|-heal|p1a: Serperior|94/100|[from] item: Leftovers
|upkeep
|
|t:|1760441616
|switch|p2a: Cinderace|Cinderace, F|100/100
|turn|5
|
|t:|1760441622
|switch|p1a: Gliscor|Gliscor, M|58/100 tox
|-terastallize|p2a: Cinderace|Ice
|move|p2a: Cinderace|Tera Blast|p1a: Gliscor|[anim] Tera Blast Ice
|-supereffective|p1a: Gliscor
|-damage|p1a: Gliscor|0 fnt
|faint|p1a: Gliscor
|
|upkeep
|
|t:|1760441627
|switch|p1a: Tinkaton|Tinkaton, F|100/100
|-ability|p1a: Tinkaton|Mold Breaker
|turn|6
|
|t:|1760441635
|switch|p2a: Gholdengo|Gholdengo|100/100
|-item|p2a: Gholdengo|Air Balloon
|move|p1a: Tinkaton|Thunder Wave|p2a: Gholdengo
|-status|p2a: Gholdengo|par
|
|upkeep
|turn|7
|
|t:|1760441644
|move|p1a: Tinkaton|Stealth Rock|p2a: Gholdengo
|-sidestart|p2: Yo nuby cake|move: Stealth Rock
|move|p2a: Gholdengo|Nasty Plot|p2a: Gholdengo
|-boost|p2a: Gholdengo|spa|2
|
|upkeep
|turn|8
|
|t:|1760441651
|switch|p1a: Tentacruel|Tentacruel, F|100/100
|move|p2a: Gholdengo|Shadow Ball|p1a: Tentacruel
|-damage|p1a: Tentacruel|51/100
|
|-heal|p1a: Tentacruel|57/100|[from] item: Black Sludge
|upkeep
|turn|9
|
|t:|1760441659
|cant|p2a: Gholdengo|par
|move|p1a: Tentacruel|Mirror Coat||[still]
|-fail|p1a: Tentacruel
|
|-heal|p1a: Tentacruel|63/100|[from] item: Black Sludge
|upkeep
|turn|10
|
|t:|1760441662
|move|p2a: Gholdengo|Nasty Plot|p2a: Gholdengo
|-boost|p2a: Gholdengo|spa|2
|move|p1a: Tentacruel|Mirror Coat||[still]
|-fail|p1a: Tentacruel
|
|-heal|p1a: Tentacruel|69/100|[from] item: Black Sludge
|upkeep
|turn|11
|
|t:|1760441668
|move|p1a: Tentacruel|Protect|p1a: Tentacruel
|-singleturn|p1a: Tentacruel|Protect
|move|p2a: Gholdengo|Nasty Plot|p2a: Gholdengo
|-boost|p2a: Gholdengo|spa|2
|
|-heal|p1a: Tentacruel|75/100|[from] item: Black Sludge
|upkeep
|turn|12
|
|t:|1760441674
|move|p2a: Gholdengo|Shadow Ball|p1a: Tentacruel
|-damage|p1a: Tentacruel|0 fnt
|faint|p1a: Tentacruel
|
|upkeep
|
|t:|1760441680
|switch|p1a: Zapdos|Zapdos|100/100
|turn|13
|
|t:|1760441684
|move|p1a: Zapdos|Volt Switch|p2a: Gholdengo
|-damage|p2a: Gholdengo|64/100 par
|-enditem|p2a: Gholdengo|Air Balloon
|
|t:|1760441688
|switch|p1a: Tinkaton|Tinkaton, F|100/100|[from] Volt Switch
|-ability|p1a: Tinkaton|Mold Breaker
|move|p2a: Gholdengo|Shadow Ball|p1a: Tinkaton
|-damage|p1a: Tinkaton|0 fnt
|faint|p1a: Tinkaton
|
|upkeep
|
|t:|1760441690
|switch|p1a: Gallade|Gallade, M|100/100
|turn|14
|
|t:|1760441696
|move|p1a: Gallade|Psycho Cut|p2a: Gholdengo
|-resisted|p2a: Gholdengo
|-crit|p2a: Gholdengo
|-damage|p2a: Gholdengo|16/100 par
|move|p2a: Gholdengo|Shadow Ball|p1a: Gallade
|-supereffective|p1a: Gallade
|-damage|p1a: Gallade|0 fnt
|faint|p1a: Gallade
|
|upkeep
|-message|Ayayaphone forfeited.
|
|win|Yo nuby cake
|raw|Ayayaphone's rating: 1396 &rarr; <strong>1375</strong><br />(-21 for losing)
|raw|Yo nuby cake's rating: 1382 &rarr; <strong>1403</strong><br />(+21 for winning)
|l|☆Ayayaphone
|player|p1|
|l|☆Yo nuby cake
|player|p2|
