|j|☆Barron_Mitch
|j|☆figurativeiq
|t:|1760302074
|gametype|singles
|player|p1|Barron_Mitch|guitarist|
|player|p2|figurativeiq|ballguy|
|gen|9
|tier|[Gen 9] OU
|rule|HP Percentage Mod: HP is shown in percentages
|rule|Endless Battle Clause: Forcing endless battles is banned
|rule|Species Clause: Limit one of each Pokémon
|rule|OHKO Clause: OHKO moves are banned
|rule|Evasion Items Clause: Evasion items are banned
|rule|Evasion Moves Clause: Evasion moves are banned
|rule|Evasion Abilities Clause: Evasion abilities are banned
|rule|Sleep Moves Clause: Sleep-inducing moves are banned
|clearpoke
|poke|p1|Dragapult, F|
|poke|p1|Latias, F|
|poke|p1|Kyurem|
|poke|p1|Raging Bolt|
|poke|p1|Goodra-Hisui, M|
|poke|p1|Walking Wake|
|poke|p2|Hatterene, F|
|poke|p2|Deoxys-Speed|
|poke|p2|Iron Crown|
|poke|p2|Scream Tail|
|poke|p2|Latios, M|
|poke|p2|Iron Treads|
|teampreview
|j| Karpsy
|
|t:|1760302160
|teamsize|p1|6
|teamsize|p2|6
|start
|switch|p1a: SR-71 Blackbird|Dragapult, F|100/100
|switch|p2a: Best girl|Latios, M, shiny|100/100
|turn|1
|
|t:|1760302180
|move|p1a: SR-71 Blackbird|Light Screen|p1a: SR-71 Blackbird
|-sidestart|p1: Barron_Mitch|move: Light Screen
|move|p2a: Best girl|Dragon Pulse|p1a: SR-71 Blackbird
|-supereffective|p1a: SR-71 Blackbird
|-damage|p1a: SR-71 Blackbird|26/100
|
|upkeep
|turn|2
|
|t:|1760302187
|move|p1a: SR-71 Blackbird|U-turn|p2a: Best girl
|-supereffective|p2a: Best girl
|-damage|p2a: Best girl|33/100
|
|t:|1760302195
|switch|p1a: 192.168.43.241|Kyurem|100/100|[from] U-turn
|-ability|p1a: 192.168.43.241|Pressure
|move|p2a: Best girl|Dragon Pulse|p1a: 192.168.43.241
|-supereffective|p1a: 192.168.43.241
|-damage|p1a: 192.168.43.241|48/100
|
|upkeep
|turn|3
|
|t:|1760302207
|move|p2a: Best girl|Dragon Pulse|p1a: 192.168.43.241
|-supereffective|p1a: 192.168.43.241
|-damage|p1a: 192.168.43.241|0 fnt
|faint|p1a: 192.168.43.241
|
|upkeep
|
|t:|1760302213
|switch|p1a: SR-71 Blackbird|Dragapult, F|26/100
|turn|4
|
|t:|1760302217
|move|p1a: SR-71 Blackbird|U-turn|p2a: Best girl
|-supereffective|p2a: Best girl
|-damage|p2a: Best girl|0 fnt
|faint|p2a: Best girl
|
|t:|1760302225
|switch|p1a: Piss Dragon|Latias, F, shiny|100/100|[from] U-turn
|
|upkeep
|
|t:|1760302259
|switch|p2a: Trans rights|Hatterene, F|100/100
|turn|5
|
|t:|1760302271
|move|p1a: Piss Dragon|Shadow Ball|p2a: Trans rights
|-supereffective|p2a: Trans rights
|-damage|p2a: Trans rights|46/100
|move|p2a: Trans rights|Trick Room|p2a: Trans rights
|-fieldstart|move: Trick Room|[of] p2a: Trans rights
|
|-heal|p2a: Trans rights|52/100|[from] item: Leftovers
|upkeep
|turn|6
|
|t:|1760302280
|move|p2a: Trans rights|Dazzling Gleam|p1a: Piss Dragon
|-supereffective|p1a: Piss Dragon
|-damage|p1a: Piss Dragon|56/100
|move|p1a: Piss Dragon|Shadow Ball|p2a: Trans rights
|-supereffective|p2a: Trans rights
|-damage|p2a: Trans rights|0 fnt
|faint|p2a: Trans rights
|
|-heal|p1a: Piss Dragon|62/100|[from] item: Leftovers
|upkeep
|
|t:|1760302317
|switch|p2a: Address me|Iron Treads|100/100
|-enditem|p2a: Address me|Booster Energy
|-activate|p2a: Address me|ability: Quark Drive|[fromitem]
|-start|p2a: Address me|quarkdrivespe
|turn|7
|
|t:|1760302332
|-terastallize|p2a: Address me|Psychic
|move|p1a: Piss Dragon|Shadow Ball|p2a: Address me
|-supereffective|p2a: Address me
|-damage|p2a: Address me|31/100
|move|p2a: Address me|Knock Off|p1a: Piss Dragon
|-supereffective|p1a: Piss Dragon
|-damage|p1a: Piss Dragon|5/100
|-enditem|p1a: Piss Dragon|Leftovers|[from] move: Knock Off|[of] p2a: Address me
|
|upkeep
|turn|8
|
|t:|1760302347
|move|p1a: Piss Dragon|Shadow Ball|p2a: Address me
|-supereffective|p2a: Address me
|-damage|p2a: Address me|0 fnt
|faint|p2a: Address me
|-end|p2a: Address me|Quark Drive|[silent]
|
|-sideend|p1: Barron_Mitch|move: Light Screen
|upkeep
|
|t:|1760302371
|switch|p2a: Athos|Iron Crown|100/100
|-enditem|p2a: Athos|Booster Energy
|-activate|p2a: Athos|ability: Quark Drive|[fromitem]
|-start|p2a: Athos|quarkdrivespa
|turn|9
|
|t:|1760302387
|move|p1a: Piss Dragon|Shadow Ball|p2a: Athos
|-supereffective|p2a: Athos
|-damage|p2a: Athos|48/100
|move|p2a: Athos|Psychic Noise|p1a: Piss Dragon
|-resisted|p1a: Piss Dragon
|-damage|p1a: Piss Dragon|0 fnt
|faint|p1a: Piss Dragon
|
|-fieldend|move: Trick Room
|upkeep
|
|t:|1760302397
|switch|p1a: SR-71 Blackbird|Dragapult, F|26/100
|turn|10
|
|t:|1760302410
|move|p1a: SR-71 Blackbird|Phantom Force||[still]
|-prepare|p1a: SR-71 Blackbird|Phantom Force
|move|p2a: Athos|Tachyon Cutter|p1a: SR-71 Blackbird|[miss]
|-miss|p2a: Athos|p1a: SR-71 Blackbird
|
|upkeep
|turn|11
|
|t:|1760302457
|move|p1a: SR-71 Blackbird|Phantom Force|p2a: Athos|[from] lockedmove
|-supereffective|p2a: Athos
|-damage|p2a: Athos|0 fnt
|faint|p2a: Athos
|-end|p2a: Athos|Quark Drive|[silent]
|
|upkeep
|
|t:|1760302461
|switch|p2a: Kachow|Deoxys-Speed|100/100
|-ability|p2a: Kachow|Pressure
|turn|12
|
|t:|1760302480
|move|p2a: Kachow|Dark Pulse|p1a: SR-71 Blackbird
|-supereffective|p1a: SR-71 Blackbird
|-damage|p1a: SR-71 Blackbird|0 fnt
|faint|p1a: SR-71 Blackbird
|
|upkeep
|
|t:|1760302510
|switch|p1a: Father Dagon|Walking Wake|100/100
|-enditem|p1a: Father Dagon|Booster Energy
|-activate|p1a: Father Dagon|ability: Protosynthesis|[fromitem]
|-start|p1a: Father Dagon|protosynthesisspe
|turn|13
|
|t:|1760302532
|-terastallize|p1a: Father Dagon|Dragon
|move|p1a: Father Dagon|Dragon Pulse|p2a: Kachow
|-damage|p2a: Kachow|18/100
|move|p2a: Kachow|Calm Mind|p2a: Kachow
|-boost|p2a: Kachow|spa|1
|-boost|p2a: Kachow|spd|1
|
|upkeep
|turn|14
|
|t:|1760302540
|move|p1a: Father Dagon|Dragon Pulse|p2a: Kachow
|-damage|p2a: Kachow|0 fnt
|faint|p2a: Kachow
|
|upkeep
|
|t:|1760302544
|switch|p2a: AAAAAAAAAAHHHHHHHH|Scream Tail|100/100
|turn|15
|
|t:|1760302558
|move|p1a: Father Dagon|Flamethrower|p2a: AAAAAAAAAAHHHHHHHH
|-crit|p2a: AAAAAAAAAAHHHHHHHH
|-damage|p2a: AAAAAAAAAAHHHHHHHH|67/100
|move|p2a: AAAAAAAAAAHHHHHHHH|Dazzling Gleam|p1a: Father Dagon
|-supereffective|p1a: Father Dagon
|-damage|p1a: Father Dagon|32/100
|
|upkeep
|turn|16
|
|t:|1760302572
|move|p1a: Father Dagon|Flamethrower|p2a: AAAAAAAAAAHHHHHHHH
|-damage|p2a: AAAAAAAAAAHHHHHHHH|46/100
|move|p2a: AAAAAAAAAAHHHHHHHH|Dazzling Gleam|p1a: Father Dagon
|-supereffective|p1a: Father Dagon
|-damage|p1a: Father Dagon|0 fnt
|faint|p1a: Father Dagon
|-end|p1a: Father Dagon|Protosynthesis|[silent]
|
|upkeep
|
|t:|1760302579
|switch|p1a: EscargoFYourself|Goodra-Hisui, M|100/100
|turn|17
|
|t:|1760302584
|move|p2a: AAAAAAAAAAHHHHHHHH|Thunder Wave|p1a: EscargoFYourself|[miss]
|-miss|p2a: AAAAAAAAAAHHHHHHHH|p1a: EscargoFYourself
|move|p1a: EscargoFYourself|Flash Cannon|p2a: AAAAAAAAAAHHHHHHHH
|-supereffective|p2a: AAAAAAAAAAHHHHHHHH
|-damage|p2a: AAAAAAAAAAHHHHHHHH|0 fnt
|faint|p2a: AAAAAAAAAAHHHHHHHH
|-end|p2a: AAAAAAAAAAHHHHHHHH|Protosynthesis|[silent]
|
|win|Barron_Mitch
