|j|☆MaykolSV
|j|☆gigapoophater
|t:|1760387665
|gametype|singles
|player|p1|MaykolSV|hilbert|1097
|player|p2|gigapoophater|swimmer|1121
|gen|9
|tier|[Gen 9] OU
|rated|
|rule|HP Percentage Mod: HP is shown in percentages
|rule|Endless Battle Clause: Forcing endless battles is banned
|rule|Species Clause: Limit one of each Pokémon
|rule|OHKO Clause: OHKO moves are banned
|rule|Evasion Items Clause: Evasion items are banned
|rule|Evasion Moves Clause: Evasion moves are banned
|rule|Evasion Abilities Clause: Evasion abilities are banned
|rule|Sleep Moves Clause: Sleep-inducing moves are banned
|clearpoke
|poke|p1|Dragapult, M|
|poke|p1|Corviknight, M|
|poke|p1|Great Tusk|
|poke|p1|Heatran, F|
|poke|p1|Rotom-Wash|
|poke|p1|Iron Valiant|
|poke|p2|Brambleghast, F|
|poke|p2|Hatterene, F|
|poke|p2|Yanmega, F|
|poke|p2|Weavile, M|
|poke|p2|Chandelure, M|
|poke|p2|Flamigo, F|
|teampreview
|inactive|Battle timer is ON: inactive players will automatically lose when time's up. (requested by MaykolSV)
|
|t:|1760387672
|teamsize|p1|6
|teamsize|p2|6
|start
|switch|p1a: Great Tusk|Great Tusk, shiny|100/100
|switch|p2a: Weavile|Weavile, M|100/100
|-ability|p2a: Weavile|Pressure
|turn|1
|
|t:|1760387680
|-singleturn|p2a: Weavile|move: Focus Punch
|move|p1a: Great Tusk|Stealth Rock|p2a: Weavile
|-sidestart|p2: gigapoophater|move: Stealth Rock
|move|p2a: Weavile|Focus Punch|p1a: Great Tusk
|-damage|p1a: Great Tusk|69/100
|-damage|p2a: Weavile|84/100|[from] item: Rocky Helmet|[of] p1a: Great Tusk
|-damage|p2a: Weavile|74/100|[from] item: Life Orb
|
|upkeep
|turn|2
|
|t:|1760387690
|move|p2a: Weavile|Triple Axel|p1a: Great Tusk
|-supereffective|p1a: Great Tusk
|-damage|p1a: Great Tusk|56/100
|-damage|p2a: Weavile|58/100|[from] item: Rocky Helmet|[of] p1a: Great Tusk
|-supereffective|p1a: Great Tusk
|-damage|p1a: Great Tusk|32/100
|-damage|p2a: Weavile|41/100|[from] item: Rocky Helmet|[of] p1a: Great Tusk
|-supereffective|p1a: Great Tusk
|-damage|p1a: Great Tusk|0 fnt
|-damage|p2a: Weavile|25/100|[from] item: Rocky Helmet|[of] p1a: Great Tusk
|faint|p1a: Great Tusk
|-end|p1a: Great Tusk|Protosynthesis|[silent]
|-hitcount|p1: Great Tusk|3
|-damage|p2a: Weavile|15/100|[from] item: Life Orb
|
|upkeep
|
|t:|1760387710
|switch|p1a: Corviknight|Corviknight, M, shiny|100/100
|-ability|p1a: Corviknight|Pressure
|turn|3
|
|t:|1760387717
|move|p2a: Weavile|Knock Off|p1a: Corviknight
|-damage|p1a: Corviknight|61/100
|-enditem|p1a: Corviknight|Leftovers|[from] move: Knock Off|[of] p2a: Weavile
|-damage|p2a: Weavile|5/100|[from] item: Life Orb
|move|p1a: Corviknight|Iron Defense|p1a: Corviknight
|-boost|p1a: Corviknight|def|2
|
|upkeep
|turn|4
|
|t:|1760387731
|move|p2a: Weavile|Triple Axel|p1a: Corviknight
|-damage|p1a: Corviknight|57/100
|-damage|p1a: Corviknight|48/100
|-damage|p1a: Corviknight|35/100
|-hitcount|p1a: Corviknight|3
|-damage|p2a: Weavile|0 fnt|[from] item: Life Orb
|faint|p2a: Weavile
|move|p1a: Corviknight|Roost|p1a: Corviknight
|-heal|p1a: Corviknight|85/100
|-singleturn|p1a: Corviknight|move: Roost
|
|upkeep
|
|t:|1760387745
|switch|p2a: Chandelure|Chandelure, M|100/100
|-damage|p2a: Chandelure|76/100|[from] Stealth Rock
|turn|5
|
|t:|1760387754
|-terastallize|p1a: Corviknight|Water
|move|p2a: Chandelure|Inferno|p1a: Corviknight
|-resisted|p1a: Corviknight
|-damage|p1a: Corviknight|62/100
|-status|p1a: Corviknight|brn
|move|p1a: Corviknight|Iron Defense|p1a: Corviknight
|-boost|p1a: Corviknight|def|2
|
|-damage|p1a: Corviknight|56/100 brn|[from] brn
|upkeep
|turn|6
|
|t:|1760387773
|move|p2a: Chandelure|Inferno|p1a: Corviknight
|-resisted|p1a: Corviknight
|-damage|p1a: Corviknight|31/100 brn
|move|p1a: Corviknight|Roost|p1a: Corviknight
|-heal|p1a: Corviknight|81/100 brn
|
|-damage|p1a: Corviknight|75/100 brn|[from] brn
|upkeep
|turn|7
|
|t:|1760387782
|move|p2a: Chandelure|Inferno|p1a: Corviknight
|-resisted|p1a: Corviknight
|-damage|p1a: Corviknight|52/100 brn
|move|p1a: Corviknight|Iron Defense|p1a: Corviknight
|-boost|p1a: Corviknight|def|2
|
|-damage|p1a: Corviknight|45/100 brn|[from] brn
|upkeep
|turn|8
|
|t:|1760387793
|move|p2a: Chandelure|Calm Mind|p2a: Chandelure
|-boost|p2a: Chandelure|spa|1
|-boost|p2a: Chandelure|spd|1
|move|p1a: Corviknight|Roost|p1a: Corviknight
|-heal|p1a: Corviknight|95/100 brn
|
|-damage|p1a: Corviknight|89/100 brn|[from] brn
|upkeep
|turn|9
|
|t:|1760387803
|switch|p1a: Rotom|Rotom-Wash, shiny|100/100
|-terastallize|p2a: Chandelure|Grass
|move|p2a: Chandelure|Energy Ball|p1a: Rotom
|-supereffective|p1a: Rotom
|-damage|p1a: Rotom|0 fnt
|faint|p1a: Rotom
|
|upkeep
|
|t:|1760387818
|switch|p1a: Corviknight|Corviknight, M, shiny, tera:Water|89/100 brn
|-ability|p1a: Corviknight|Pressure
|turn|10
|
|t:|1760387826
|switch|p1a: Heatran|Heatran, F, shiny|100/100
|move|p2a: Chandelure|Energy Ball|p1a: Heatran
|-resisted|p1a: Heatran
|-damage|p1a: Heatran|90/100
|
|-heal|p1a: Heatran|96/100|[from] item: Leftovers
|upkeep
|turn|11
|
|t:|1760387833
|move|p2a: Chandelure|Shadow Ball|p1a: Heatran
|-damage|p1a: Heatran|55/100
|move|p1a: Heatran|Magma Storm|p2a: Chandelure
|-start|p2a: Chandelure|ability: Flash Fire
|
|-heal|p1a: Heatran|62/100|[from] item: Leftovers
|upkeep
|turn|12
|inactive|MaykolSV has 120 seconds left.
|
|t:|1760387875
|move|p2a: Chandelure|Calm Mind|p2a: Chandelure
|-boost|p2a: Chandelure|spa|1
|-boost|p2a: Chandelure|spd|1
|move|p1a: Heatran|Taunt|p2a: Chandelure
|-start|p2a: Chandelure|move: Taunt
|
|-heal|p1a: Heatran|68/100|[from] item: Leftovers
|upkeep
|turn|13
|
|t:|1760387883
|move|p2a: Chandelure|Shadow Ball|p1a: Heatran
|-damage|p1a: Heatran|12/100
|move|p1a: Heatran|Earth Power|p2a: Chandelure
|-resisted|p2a: Chandelure
|-damage|p2a: Chandelure|66/100
|
|-heal|p1a: Heatran|19/100|[from] item: Leftovers
|upkeep
|turn|14
|inactive|MaykolSV has 120 seconds left.
|
|t:|1760387897
|move|p1a: Heatran|Protect|p1a: Heatran
|-singleturn|p1a: Heatran|Protect
|move|p2a: Chandelure|Inferno|p1a: Heatran
|-activate|p1a: Heatran|move: Protect
|
|-heal|p1a: Heatran|25/100|[from] item: Leftovers
|upkeep
|turn|15
|inactive|MaykolSV has 120 seconds left.
|
|t:|1760387908
|switch|p1a: Corviknight|Corviknight, M, shiny, tera:Water|89/100 brn
|-ability|p1a: Corviknight|Pressure
|move|p2a: Chandelure|Inferno|p1a: Corviknight
|-resisted|p1a: Corviknight
|-damage|p1a: Corviknight|10/100 brn
|
|-damage|p1a: Corviknight|4/100 brn|[from] brn
|-end|p2a: Chandelure|move: Taunt
|upkeep
|turn|16
|inactive|MaykolSV has 120 seconds left.
|
|t:|1760387922
|move|p2a: Chandelure|Shadow Ball|p1a: Corviknight
|-damage|p1a: Corviknight|0 fnt
|faint|p1a: Corviknight
|
|upkeep
|inactive|MaykolSV has 120 seconds left.
|
|t:|1760387930
|switch|p1a: Iron Valiant|Iron Valiant, shiny|100/100
|-enditem|p1a: Iron Valiant|Booster Energy
|-activate|p1a: Iron Valiant|ability: Quark Drive|[fromitem]
|-start|p1a: Iron Valiant|quarkdrivespe
|turn|17
|
|t:|1760387937
|move|p1a: Iron Valiant|Moonblast|p2a: Chandelure
|-damage|p2a: Chandelure|41/100
|move|p2a: Chandelure|Energy Ball|p1a: Iron Valiant
|-damage|p1a: Iron Valiant|0 fnt
|faint|p1a: Iron Valiant
|-end|p1a: Iron Valiant|Quark Drive|[silent]
|
|upkeep
|-message|MaykolSV forfeited.
|
|win|gigapoophater
|raw|MaykolSV's rating: 1097 &rarr; <strong>1074</strong><br />(-23 for losing)
|raw|gigapoophater's rating: 1121 &rarr; <strong>1144</strong><br />(+23 for winning)
|l|☆MaykolSV
|player|p1|
