|j|☆fkjgkdhkd
|j|☆spacemeatsheep
|t:|1760332792
|gametype|singles
|player|p1|fkjgkdhkd|101|1103
|player|p2|spacemeatsheep|bugsy|1081
|gen|9
|tier|[Gen 9] OU
|rated|
|rule|HP Percentage Mod: HP is shown in percentages
|rule|Endless Battle Clause: Forcing endless battles is banned
|rule|Species Clause: Limit one of each Pokémon
|rule|OHKO Clause: OHKO moves are banned
|rule|Evasion Items Clause: Evasion items are banned
|rule|Evasion Moves Clause: Evasion moves are banned
|rule|Evasion Abilities Clause: Evasion abilities are banned
|rule|Sleep Moves Clause: Sleep-inducing moves are banned
|clearpoke
|poke|p1|Lokix, M|
|poke|p1|Heatran, F|
|poke|p1|Glimmora, M|
|poke|p1|Rotom-Wash|
|poke|p1|Iron Valiant|
|poke|p1|Landorus-Therian, M|
|poke|p2|Hatterene, F|
|poke|p2|Araquanid, F|
|poke|p2|Cresselia, F|
|poke|p2|Gyarados, F|
|poke|p2|Hydrapple, M|
|poke|p2|Arcanine-Hisui, F|
|teampreview
|inactive|Battle timer is ON: inactive players will automatically lose when time's up. (requested by fkjgkdhkd)
|
|t:|1760332809
|teamsize|p1|6
|teamsize|p2|6
|start
|switch|p1a: Glimmora|Glimmora, M|100/100
|switch|p2a: Hatterene|Hatterene, F|100/100
|turn|1
|
|t:|1760332815
|-terastallize|p2a: Hatterene|Psychic
|move|p1a: Glimmora|Mortal Spin|p2a: Hatterene
|-damage|p2a: Hatterene|93/100
|-status|p2a: Hatterene|psn
|move|p2a: Hatterene|Trick Room|p2a: Hatterene
|-fieldstart|move: Trick Room|[of] p2a: Hatterene
|
|-heal|p2a: Hatterene|99/100 psn|[from] item: Leftovers
|-damage|p2a: Hatterene|87/100 psn|[from] psn
|upkeep
|turn|2
|
|t:|1760332829
|switch|p2a: Gyarados|Gyarados, F|100/100
|move|p1a: Glimmora|Spiky Shield||[still]
|-fail|p1a: Glimmora
|
|upkeep
|turn|3
|
|t:|1760332836
|move|p2a: Gyarados|Earthquake|p1a: Glimmora
|-supereffective|p1a: Glimmora
|-enditem|p1a: Glimmora|Focus Sash
|-damage|p1a: Glimmora|1/100
|-activate|p1a: Glimmora|ability: Toxic Debris
|-sidestart|p2: spacemeatsheep|move: Toxic Spikes
|move|p1a: Glimmora|Stealth Rock|p2a: Gyarados
|-sidestart|p2: spacemeatsheep|move: Stealth Rock
|
|upkeep
|turn|4
|
|t:|1760332848
|move|p1a: Glimmora|Spiky Shield|p1a: Glimmora
|-singleturn|p1a: Glimmora|move: Protect
|move|p2a: Gyarados|Dragon Dance|p2a: Gyarados
|-boost|p2a: Gyarados|atk|1
|-boost|p2a: Gyarados|spe|1
|
|upkeep
|turn|5
|
|t:|1760332851
|move|p1a: Glimmora|Explosion|p2a: Gyarados
|-damage|p2a: Gyarados|57/100
|faint|p1a: Glimmora
|move|p2a: Gyarados|Earthquake|p1: Glimmora|[notarget]
|-fail|p2a: Gyarados
|
|-fieldend|move: Trick Room
|upkeep
|
|t:|1760332864
|switch|p1a: Rotom|Rotom-Wash|100/100
|turn|6
|inactive|spacemeatsheep has 120 seconds left.
|
|t:|1760332896
|switch|p2a: Cresselia|Cresselia, F|100/100
|-damage|p2a: Cresselia|88/100|[from] Stealth Rock
|move|p1a: Rotom|Volt Switch|p2a: Cresselia
|-damage|p2a: Cresselia|72/100
|
|t:|1760332907
|switch|p1a: Lokix|Lokix, M|100/100|[from] Volt Switch
|
|upkeep
|turn|7
|inactive|spacemeatsheep has 120 seconds left.
|
|t:|1760332938
|switch|p2a: Hydrapple|Hydrapple, M|100/100
|-status|p2a: Hydrapple|psn
|-damage|p2a: Hydrapple|88/100 psn|[from] Stealth Rock
|-terastallize|p1a: Lokix|Bug
|move|p1a: Lokix|U-turn|p2a: Hydrapple
|-supereffective|p2a: Hydrapple
|-damage|p2a: Hydrapple|22/100 psn
|-message|spacemeatsheep forfeited.
|
|win|fkjgkdhkd
|raw|fkjgkdhkd's rating: 1103 &rarr; <strong>1126</strong><br />(+23 for winning)
|raw|spacemeatsheep's rating: 1081 &rarr; <strong>1060</strong><br />(-21 for losing)
|l|☆spacemeatsheep
|player|p2|
|l|☆fkjgkdhkd
|player|p1|
