|j|☆aalhadk
|j|☆adv 1v1
|t:|1760441021
|gametype|singles
|player|p1|aalhadk|102|1581
|player|p2|adv 1v1|lisia|1647
|gen|9
|tier|[Gen 9] OU
|rated|
|rule|HP Percentage Mod: HP is shown in percentages
|rule|Endless Battle Clause: Forcing endless battles is banned
|rule|Species Clause: Limit one of each Pokémon
|rule|OHKO Clause: OHKO moves are banned
|rule|Evasion Items Clause: Evasion items are banned
|rule|Evasion Moves Clause: Evasion moves are banned
|rule|Evasion Abilities Clause: Evasion abilities are banned
|rule|Sleep Moves Clause: Sleep-inducing moves are banned
|clearpoke
|poke|p1|Rillaboom, M|
|poke|p1|Zamazenta-*|
|poke|p1|Heatran, M|
|poke|p1|Great Tusk|
|poke|p1|Raging Bolt|
|poke|p1|Comfey, F|
|poke|p2|Jirachi|
|poke|p2|Ursaluna, M|
|poke|p2|Iron Hands|
|poke|p2|Volcanion|
|poke|p2|Moltres-Galar|
|poke|p2|Rillaboom, F|
|teampreview
|inactive|Battle timer is ON: inactive players will automatically lose when time's up. (requested by adv 1v1)
|
|t:|1760441032
|teamsize|p1|6
|teamsize|p2|6
|start
|switch|p1a: Hulk|Rillaboom, M|100/100
|switch|p2a: Rillaboom|Rillaboom, F|100/100
|-fieldstart|move: Grassy Terrain|[from] ability: Grassy Surge|[of] p2a: Rillaboom
|turn|1
|
|t:|1760441045
|switch|p1a: Iron Man|Heatran, M|100/100
|move|p2a: Rillaboom|Fake Out|p1a: Iron Man
|-resisted|p1a: Iron Man
|-damage|p1a: Iron Man|92/100
|-damage|p2a: Rillaboom|91/100|[from] item: Life Orb
|
|-heal|p2a: Rillaboom|97/100|[from] Grassy Terrain
|-heal|p1a: Iron Man|98/100|[from] Grassy Terrain
|-heal|p1a: Iron Man|100/100|[from] item: Leftovers
|upkeep
|turn|2
|
|t:|1760441049
|move|p2a: Rillaboom|High Horsepower|p1a: Iron Man
|-supereffective|p1a: Iron Man
|-damage|p1a: Iron Man|0 fnt
|-status|p2a: Rillaboom|brn|[from] ability: Flame Body|[of] p1a: Iron Man
|faint|p1a: Iron Man
|-damage|p2a: Rillaboom|87/100 brn|[from] item: Life Orb
|
|-heal|p2a: Rillaboom|93/100 brn|[from] Grassy Terrain
|-damage|p2a: Rillaboom|87/100 brn|[from] brn
|upkeep
|
|t:|1760441054
|switch|p1a: Hulk|Rillaboom, M|100/100
|turn|3
|
|t:|1760441058
|switch|p2a: Moltres|Moltres-Galar|100/100
|move|p1a: Hulk|U-turn|p2a: Moltres
|-damage|p2a: Moltres|62/100
|
|t:|1760441068
|switch|p1a: God of Thunder|Raging Bolt|100/100|[from] U-turn
|-enditem|p1a: God of Thunder|Booster Energy
|-activate|p1a: God of Thunder|ability: Protosynthesis|[fromitem]
|-start|p1a: God of Thunder|protosynthesisspa
|
|-heal|p2a: Moltres|69/100|[from] item: Leftovers
|upkeep
|turn|4
|
|t:|1760441073
|move|p1a: God of Thunder|Dragon Pulse|p2a: Moltres
|-damage|p2a: Moltres|30/100
|-ability|p2a: Moltres|Berserk|boost
|-boost|p2a: Moltres|spa|1
|move|p2a: Moltres|U-turn|p1a: God of Thunder
|-damage|p1a: God of Thunder|88/100
|
|t:|1760441080
|switch|p2a: Ursaluna|Ursaluna, M|100/100|[from] U-turn
|
|-heal|p1a: God of Thunder|94/100|[from] Grassy Terrain
|-status|p2a: Ursaluna|brn|[from] item: Flame Orb
|upkeep
|turn|5
|
|t:|1760441082
|move|p1a: God of Thunder|Dragon Pulse|p2a: Ursaluna
|-damage|p2a: Ursaluna|29/100 brn
|move|p2a: Ursaluna|Headlong Rush|p1a: God of Thunder
|-supereffective|p1a: God of Thunder
|-damage|p1a: God of Thunder|0 fnt
|-unboost|p2a: Ursaluna|def|1
|-unboost|p2a: Ursaluna|spd|1
|faint|p1a: God of Thunder
|-end|p1a: God of Thunder|Protosynthesis|[silent]
|
|-heal|p2a: Ursaluna|35/100 brn|[from] Grassy Terrain
|-damage|p2a: Ursaluna|29/100 brn|[from] brn
|-fieldend|move: Grassy Terrain
|upkeep
|
|t:|1760441087
|switch|p1a: Hulk|Rillaboom, M|100/100
|-fieldstart|move: Grassy Terrain|[from] ability: Grassy Surge|[of] p1a: Hulk
|turn|6
|
|t:|1760441090
|switch|p2a: Moltres|Moltres-Galar|30/100
|move|p1a: Hulk|Wood Hammer|p2a: Moltres
|-resisted|p2a: Moltres
|-damage|p2a: Moltres|0 fnt
|faint|p2a: Moltres
|-damage|p1a: Hulk|90/100|[from] Recoil
|
|-heal|p1a: Hulk|96/100|[from] Grassy Terrain
|upkeep
|
|t:|1760441097
|switch|p2a: Rillaboom|Rillaboom, F|87/100 brn
|turn|7
|
|t:|1760441100
|move|p2a: Rillaboom|Wood Hammer|p1a: Hulk
|-resisted|p1a: Hulk
|-damage|p1a: Hulk|63/100
|-damage|p2a: Rillaboom|76/100 brn|[from] Recoil
|-damage|p2a: Rillaboom|66/100 brn|[from] item: Life Orb
|move|p1a: Hulk|Wood Hammer|p2a: Rillaboom
|-resisted|p2a: Rillaboom
|-damage|p2a: Rillaboom|0 fnt
|faint|p2a: Rillaboom
|-damage|p1a: Hulk|42/100|[from] Recoil
|
|-heal|p1a: Hulk|48/100|[from] Grassy Terrain
|upkeep
|
|t:|1760441103
|switch|p2a: Jirachi|Jirachi|100/100
|turn|8
|
|t:|1760441107
|switch|p1a: Rhino|Great Tusk|100/100
|-enditem|p1a: Rhino|Booster Energy
|-activate|p1a: Rhino|ability: Protosynthesis|[fromitem]
|-start|p1a: Rhino|protosynthesisspe
|move|p2a: Jirachi|U-turn|p1a: Rhino
|-resisted|p1a: Rhino
|-damage|p1a: Rhino|94/100
|
|t:|1760441109
|switch|p2a: Volcanion|Volcanion|100/100|[from] U-turn
|
|-heal|p1a: Rhino|99/100|[from] Grassy Terrain
|upkeep
|turn|9
|
|t:|1760441111
|move|p1a: Rhino|Headlong Rush|p2a: Volcanion
|-supereffective|p2a: Volcanion
|-damage|p2a: Volcanion|17/100
|-unboost|p1a: Rhino|def|1
|-unboost|p1a: Rhino|spd|1
|move|p2a: Volcanion|Steam Eruption|p1a: Rhino
|-supereffective|p1a: Rhino
|-damage|p1a: Rhino|0 fnt
|faint|p1a: Rhino
|-end|p1a: Rhino|Protosynthesis|[silent]
|
|-heal|p2a: Volcanion|23/100|[from] Grassy Terrain
|upkeep
|
|t:|1760441120
|switch|p1a: Captain America|Zamazenta|100/100
|-ability|p1a: Captain America|Dauntless Shield|boost
|-boost|p1a: Captain America|def|1
|turn|10
|
|t:|1760441123
|switch|p2a: Jirachi|Jirachi|100/100
|move|p1a: Captain America|Body Press|p2a: Jirachi
|-damage|p2a: Jirachi|52/100
|
|-heal|p2a: Jirachi|58/100|[from] Grassy Terrain
|-fieldend|move: Grassy Terrain
|upkeep
|turn|11
|
|t:|1760441126
|move|p2a: Jirachi|Trick|p1a: Captain America
|-activate|p2a: Jirachi|move: Trick|[of] p1a: Captain America
|-item|p1a: Captain America|Choice Scarf|[from] move: Trick
|-item|p2a: Jirachi|Leftovers|[from] move: Trick
|move|p1a: Captain America|Iron Defense|p1a: Captain America
|-boost|p1a: Captain America|def|2
|
|-heal|p2a: Jirachi|64/100|[from] item: Leftovers
|upkeep
|turn|12
|
|t:|1760441135
|switch|p1a: Hulk|Rillaboom, M|48/100
|-fieldstart|move: Grassy Terrain|[from] ability: Grassy Surge|[of] p1a: Hulk
|move|p2a: Jirachi|Iron Head|p1a: Hulk
|-damage|p1a: Hulk|3/100
|
|-heal|p2a: Jirachi|70/100|[from] Grassy Terrain
|-heal|p2a: Jirachi|76/100|[from] item: Leftovers
|-heal|p1a: Hulk|9/100|[from] Grassy Terrain
|upkeep
|turn|13
|
|t:|1760441142
|switch|p1a: Captain America|Zamazenta|100/100
|move|p2a: Jirachi|Iron Head|p1a: Captain America
|-damage|p1a: Captain America|71/100
|
|-heal|p1a: Captain America|77/100|[from] Grassy Terrain
|-heal|p2a: Jirachi|83/100|[from] Grassy Terrain
|-heal|p2a: Jirachi|89/100|[from] item: Leftovers
|upkeep
|turn|14
|
|t:|1760441155
|move|p1a: Captain America|Body Press|p2a: Jirachi
|-damage|p2a: Jirachi|54/100
|move|p2a: Jirachi|U-turn|p1a: Captain America
|-resisted|p1a: Captain America
|-damage|p1a: Captain America|69/100
|
|t:|1760441158
|switch|p2a: Iron Hands|Iron Hands|100/100|[from] U-turn
|-enditem|p2a: Iron Hands|Booster Energy
|-activate|p2a: Iron Hands|ability: Quark Drive|[fromitem]
|-start|p2a: Iron Hands|quarkdriveatk
|
|-heal|p1a: Captain America|75/100|[from] Grassy Terrain
|upkeep
|turn|15
|
|t:|1760441160
|move|p1a: Captain America|Body Press|p2a: Iron Hands
|-damage|p2a: Iron Hands|82/100
|move|p2a: Iron Hands|Drain Punch|p1a: Captain America
|-damage|p1a: Captain America|33/100
|-heal|p2a: Iron Hands|100/100|[from] drain|[of] p1a: Captain America
|
|-heal|p1a: Captain America|39/100|[from] Grassy Terrain
|upkeep
|turn|16
|
|t:|1760441164
|move|p1a: Captain America|Body Press|p2a: Iron Hands
|-damage|p2a: Iron Hands|80/100
|move|p2a: Iron Hands|Drain Punch|p1a: Captain America
|-damage|p1a: Captain America|0 fnt
|-heal|p2a: Iron Hands|97/100|[from] drain|[of] p1a: Captain America
|faint|p1a: Captain America
|
|-heal|p2a: Iron Hands|100/100|[from] Grassy Terrain
|-fieldend|move: Grassy Terrain
|upkeep
|
|t:|1760441166
|switch|p1a: Hulk|Rillaboom, M|9/100
|-fieldstart|move: Grassy Terrain|[from] ability: Grassy Surge|[of] p1a: Hulk
|turn|17
|
|t:|1760441175
|-terastallize|p2a: Iron Hands|Flying
|move|p1a: Hulk|Wood Hammer|p2a: Iron Hands
|-resisted|p2a: Iron Hands
|-damage|p2a: Iron Hands|60/100
|-damage|p1a: Hulk|0 fnt|[from] Recoil
|faint|p1a: Hulk
|move|p2a: Iron Hands|Drain Punch|p1: Hulk|[notarget]
|-fail|p2a: Iron Hands
|
|upkeep
|
|t:|1760441180
|switch|p1a: Scarlet Witch|Comfey, F|100/100
|-enditem|p1a: Scarlet Witch|Grassy Seed
|-boost|p1a: Scarlet Witch|def|1|[from] item: Grassy Seed
|turn|18
|
|t:|1760441181
|move|p1a: Scarlet Witch|Calm Mind|p1a: Scarlet Witch
|-boost|p1a: Scarlet Witch|spa|1
|-boost|p1a: Scarlet Witch|spd|1
|move|p2a: Iron Hands|Heavy Slam|p1a: Scarlet Witch
|-supereffective|p1a: Scarlet Witch
|-damage|p1a: Scarlet Witch|33/100
|
|-heal|p1a: Scarlet Witch|39/100|[from] Grassy Terrain
|upkeep
|turn|19
|
|t:|1760441188
|-terastallize|p1a: Scarlet Witch|Steel
|move|p1a: Scarlet Witch|Calm Mind|p1a: Scarlet Witch
|-boost|p1a: Scarlet Witch|spa|1
|-boost|p1a: Scarlet Witch|spd|1
|move|p2a: Iron Hands|Heavy Slam|p1a: Scarlet Witch
|-resisted|p1a: Scarlet Witch
|-damage|p1a: Scarlet Witch|22/100
|
|-heal|p1a: Scarlet Witch|29/100|[from] Grassy Terrain
|upkeep
|turn|20
|
|t:|1760441194
|move|p1a: Scarlet Witch|Synthesis|p1a: Scarlet Witch
|-heal|p1a: Scarlet Witch|79/100
|move|p2a: Iron Hands|Drain Punch|p1a: Scarlet Witch
|-supereffective|p1a: Scarlet Witch
|-damage|p1a: Scarlet Witch|14/100
|-heal|p2a: Iron Hands|82/100|[from] drain|[of] p1a: Scarlet Witch
|
|-heal|p1a: Scarlet Witch|20/100|[from] Grassy Terrain
|upkeep
|turn|21
|
|t:|1760441199
|move|p1a: Scarlet Witch|Stored Power|p2a: Iron Hands
|-damage|p2a: Iron Hands|36/100
|move|p2a: Iron Hands|Drain Punch|p1a: Scarlet Witch
|-supereffective|p1a: Scarlet Witch
|-crit|p1a: Scarlet Witch
|-damage|p1a: Scarlet Witch|0 fnt
|-heal|p2a: Iron Hands|43/100|[from] drain|[of] p1a: Scarlet Witch
|faint|p1a: Scarlet Witch
|
|win|adv 1v1
|raw|aalhadk's rating: 1581 &rarr; <strong>1565</strong><br />(-16 for losing)
|raw|adv 1v1's rating: 1647 &rarr; <strong>1663</strong><br />(+16 for winning)
|l|☆adv 1v1
|player|p2|
|l|☆aalhadk
|player|p1|
