|badge|p2|bronze|gen9ou|100-7
|uhtml|medal-msg|<div class="broadcast-blue">Curious what those medals under the avatar are? PS now has Ladder Seasons! For more information, check out the <a href="https://www.smogon.com/forums/threads/3740067/">thread on Smogon.</a></div>
|j|☆MooFarmer
|j|☆Johnny tots
|t:|1760318773
|gametype|singles
|player|p1|MooFarmer|2|1838
|player|p2|Johnny tots|102|1804
|gen|9
|tier|[Gen 9] OU
|rated|
|rule|HP Percentage Mod: HP is shown in percentages
|rule|Endless Battle Clause: Forcing endless battles is banned
|rule|Species Clause: Limit one of each Pokémon
|rule|OHKO Clause: OHKO moves are banned
|rule|Evasion Items Clause: Evasion items are banned
|rule|Evasion Moves Clause: Evasion moves are banned
|rule|Evasion Abilities Clause: Evasion abilities are banned
|rule|Sleep Moves Clause: Sleep-inducing moves are banned
|clearpoke
|poke|p1|Kyurem|
|poke|p1|Corviknight, F|
|poke|p1|Ting-Lu|
|poke|p1|Dondozo, M|
|poke|p1|Slowking-Galar, L99, F|
|poke|p1|Cinderace, M|
|poke|p2|Rillaboom, F|
|poke|p2|Klefki, F|
|poke|p2|Manaphy|
|poke|p2|Ogerpon-Wellspring, F|
|poke|p2|Clefable, F|
|poke|p2|Dragapult, F|
|teampreview
|l|☆Johnny tots
|player|p2|
|j| lamebiz
|j|☆Johnny tots
|player|p2|Johnny tots|102|
|c|☆Johnny tots|U on tilt ?
|inactive|Battle timer is ON: inactive players will automatically lose when time's up. (requested by MooFarmer)
|inactive|Johnny tots has 120 seconds left.
|
|t:|1760318861
|teamsize|p1|6
|teamsize|p2|6
|start
|switch|p1a: Slowking|Slowking-Galar, L99, F|100/100
|switch|p2a: Klefki|Klefki, F|100/100
|turn|1
|l|☆Johnny tots
|inactive|Johnny tots disconnected and has a minute to reconnect!
|player|p2|
|inactive|MooFarmer has 120 seconds left.
|
|t:|1760318907
|move|p2a: Klefki|Thunder Wave|p1a: Slowking
|-status|p1a: Slowking|par
|move|p1a: Slowking|Future Sight|p2a: Klefki
|-start|p1a: Slowking|move: Future Sight
|
|upkeep
|turn|2
|inactive|MooFarmer has 90 seconds left.
|j|☆Johnny tots
|inactive|Johnny tots reconnected and has 125 seconds left.
|player|p2|Johnny tots|102|
|inactive|Johnny tots has 120 seconds left.
|l|☆Johnny tots
|inactive|Johnny tots disconnected and has a minute to reconnect!
|player|p2|
|
|t:|1760318953
|switch|p1a: Ting-Lu|Ting-Lu|100/100
|-ability|p1a: Ting-Lu|Vessel of Ruin
|move|p2a: Klefki|Light Screen|p2a: Klefki
|-sidestart|p2: Johnny tots|move: Light Screen
|
|upkeep
|turn|3
|j|☆Johnny tots
|inactive|Johnny tots reconnected and has 115 seconds left.
|player|p2|Johnny tots|102|
|inactive|MooFarmer has 60 seconds left.
|
|t:|1760318999
|move|p2a: Klefki|Reflect|p2a: Klefki
|-sidestart|p2: Johnny tots|Reflect
|move|p1a: Ting-Lu|Earthquake|p2a: Klefki
|-supereffective|p2a: Klefki
|-damage|p2a: Klefki|69/100
|
|-end|p2a: Klefki|move: Future Sight
|-resisted|p2a: Klefki
|-damage|p2a: Klefki|60/100
|upkeep
|turn|4
|j| OP Earthquakes
|
|t:|1760319009
|switch|p1a: Slowking|Slowking-Galar, L99, F|100/100 par
|move|p2a: Klefki|Spikes|p1a: Slowking
|-sidestart|p1: MooFarmer|Spikes
|
|upkeep
|turn|5
|
|t:|1760319017
|switch|p2a: Rillaboom|Rillaboom, F|100/100
|-fieldstart|move: Grassy Terrain|[from] ability: Grassy Surge|[of] p2a: Rillaboom
|move|p1a: Slowking|Future Sight|p2a: Rillaboom
|-start|p1a: Slowking|move: Future Sight
|
|upkeep
|turn|6
|
|t:|1760319025
|switch|p1a: Corviknight|Corviknight, F|100/100
|-ability|p1a: Corviknight|Pressure
|move|p2a: Rillaboom|Knock Off|p1a: Corviknight
|-damage|p1a: Corviknight|77/100
|-damage|p2a: Rillaboom|84/100|[from] item: Rocky Helmet|[of] p1a: Corviknight
|-enditem|p1a: Corviknight|Rocky Helmet|[from] move: Knock Off|[of] p2a: Rillaboom
|
|-heal|p2a: Rillaboom|90/100|[from] Grassy Terrain
|upkeep
|turn|7
|
|t:|1760319035
|switch|p2a: Klefki|Klefki, F|60/100
|move|p1a: Corviknight|Defog|p2a: Klefki
|-unboost|p2a: Klefki|evasion|1
|-sideend|p2: Johnny tots|Reflect
|-sideend|p2: Johnny tots|move: Light Screen
|-sideend|p1: MooFarmer|Spikes|[from] move: Defog|[of] p1a: Corviknight
|-fieldend|move: Grassy Terrain
|
|-end|p2a: Klefki|move: Future Sight
|-resisted|p2a: Klefki
|-damage|p2a: Klefki|33/100
|upkeep
|turn|8
|inactive|MooFarmer has 60 seconds left.
|
|t:|1760319044
|switch|p1a: Ting-Lu|Ting-Lu|100/100
|-ability|p1a: Ting-Lu|Vessel of Ruin
|move|p2a: Klefki|Reflect|p2a: Klefki
|-sidestart|p2: Johnny tots|Reflect
|
|upkeep
|turn|9
|
|t:|1760319052
|switch|p2a: Rillaboom|Rillaboom, F|90/100
|-fieldstart|move: Grassy Terrain|[from] ability: Grassy Surge|[of] p2a: Rillaboom
|switch|p1a: Kyurem|Kyurem|100/100
|-ability|p1a: Kyurem|Pressure
|
|-heal|p2a: Rillaboom|96/100|[from] Grassy Terrain
|upkeep
|turn|10
|
|t:|1760319060
|switch|p2a: Clefable|Clefable, F|100/100
|move|p1a: Kyurem|Freeze-Dry|p2a: Clefable
|-damage|p2a: Clefable|64/100
|
|-heal|p2a: Clefable|70/100|[from] Grassy Terrain
|-heal|p2a: Clefable|76/100|[from] item: Leftovers
|upkeep
|turn|11
|
|t:|1760319070
|-terastallize|p1a: Kyurem|Ground
|move|p1a: Kyurem|Earth Power|p2a: Clefable
|-damage|p2a: Clefable|36/100
|move|p2a: Clefable|Calm Mind|p2a: Clefable
|-boost|p2a: Clefable|spa|1
|-boost|p2a: Clefable|spd|1
|
|-heal|p2a: Clefable|42/100|[from] Grassy Terrain
|-heal|p2a: Clefable|48/100|[from] item: Leftovers
|upkeep
|turn|12
|
|t:|1760319080
|move|p1a: Kyurem|Freeze-Dry|p2a: Clefable
|-damage|p2a: Clefable|27/100
|move|p2a: Clefable|Moonblast|p1a: Kyurem
|-damage|p1a: Kyurem|42/100
|
|-heal|p1a: Kyurem|48/100|[from] Grassy Terrain
|-heal|p1a: Kyurem|54/100|[from] item: Leftovers
|-heal|p2a: Clefable|33/100|[from] Grassy Terrain
|-heal|p2a: Clefable|39/100|[from] item: Leftovers
|upkeep
|turn|13
|
|t:|1760319089
|move|p1a: Kyurem|Earth Power|p2a: Clefable
|-damage|p2a: Clefable|9/100
|move|p2a: Clefable|Moonblast|p1a: Kyurem
|-damage|p1a: Kyurem|0 fnt
|faint|p1a: Kyurem
|
|-heal|p2a: Clefable|16/100|[from] Grassy Terrain
|-heal|p2a: Clefable|22/100|[from] item: Leftovers
|upkeep
|inactive|MooFarmer has 60 seconds left.
|
|t:|1760319136
|switch|p1a: Cinderace|Cinderace, M|100/100
|turn|14
|inactive|MooFarmer has 30 seconds left.
|l| lamebiz
|inactive|MooFarmer has 20 seconds left.
|inactive|MooFarmer has 15 seconds left.
|j| DragonHunter994
|inactive|MooFarmer has 10 seconds left.
|
|t:|1760319182
|move|p1a: Cinderace|Pyro Ball|p2a: Clefable
|-damage|p2a: Clefable|0 fnt
|faint|p2a: Clefable
|
|upkeep
|
|t:|1760319204
|switch|p2a: Ogerpon|Ogerpon-Wellspring, F|100/100
|turn|15
|inactive|MooFarmer has 25 seconds left this turn.
|inactive|MooFarmer has 20 seconds left.
|
|t:|1760319212
|move|p1a: Cinderace|Will-O-Wisp|p2a: Ogerpon
|-status|p2a: Ogerpon|brn
|move|p2a: Ogerpon|Ivy Cudgel|p1a: Cinderace|[anim] Ivy Cudgel Water
|-supereffective|p1a: Cinderace
|-crit|p1a: Cinderace
|-damage|p1a: Cinderace|1/100
|
|-heal|p1a: Cinderace|7/100|[from] Grassy Terrain
|-damage|p2a: Ogerpon|95/100 brn|[from] brn
|-sideend|p2: Johnny tots|Reflect
|upkeep
|turn|16
|inactive|MooFarmer has 30 seconds left this turn.
|
|t:|1760319221
|move|p1a: Cinderace|Pyro Ball|p2a: Ogerpon
|-damage|p2a: Ogerpon|0 fnt
|faint|p2a: Ogerpon
|
|-heal|p1a: Cinderace|13/100|[from] Grassy Terrain
|-fieldend|move: Grassy Terrain
|upkeep
|
|t:|1760319224
|switch|p2a: Rillaboom|Rillaboom, F|96/100
|-fieldstart|move: Grassy Terrain|[from] ability: Grassy Surge|[of] p2a: Rillaboom
|turn|17
|
|t:|1760319233
|switch|p1a: Corviknight|Corviknight, F|77/100
|-ability|p1a: Corviknight|Pressure
|move|p2a: Rillaboom|Grassy Glide|p1a: Corviknight
|-resisted|p1a: Corviknight
|-crit|p1a: Corviknight
|-damage|p1a: Corviknight|68/100
|
|-heal|p2a: Rillaboom|100/100|[from] Grassy Terrain
|upkeep
|turn|18
|
|t:|1760319242
|switch|p2a: Klefki|Klefki, F|33/100
|move|p1a: Corviknight|Roost|p1a: Corviknight
|-heal|p1a: Corviknight|100/100
|-singleturn|p1a: Corviknight|move: Roost
|
|-heal|p2a: Klefki|39/100|[from] Grassy Terrain
|upkeep
|turn|19
|
|t:|1760319250
|switch|p1a: Slowking|Slowking-Galar, L99, F|100/100 par
|move|p2a: Klefki|Reflect|p2a: Klefki
|-sidestart|p2: Johnny tots|Reflect
|
|-heal|p2a: Klefki|45/100|[from] Grassy Terrain
|upkeep
|turn|20
|
|t:|1760319258
|move|p2a: Klefki|Light Screen|p2a: Klefki
|-sidestart|p2: Johnny tots|move: Light Screen
|move|p1a: Slowking|Future Sight|p2a: Klefki
|-start|p1a: Slowking|move: Future Sight
|
|-heal|p2a: Klefki|50/100|[from] Grassy Terrain
|upkeep
|turn|21
|
|t:|1760319267
|switch|p2a: Manaphy|Manaphy|100/100
|move|p1a: Slowking|Toxic|p2a: Manaphy
|-status|p2a: Manaphy|tox
|
|-damage|p2a: Manaphy|94/100 tox|[from] psn
|upkeep
|turn|22
|inactive|MooFarmer has 60 seconds left.
|
|t:|1760319276
|move|p2a: Manaphy|Take Heart|p2a: Manaphy
|-boost|p2a: Manaphy|spa|1
|-boost|p2a: Manaphy|spd|1
|-curestatus|p2a: Manaphy|tox|[msg]
|move|p1a: Slowking|Sludge Bomb|p2a: Manaphy
|-damage|p2a: Manaphy|84/100
|
|-end|p2a: Manaphy|move: Future Sight
|-damage|p2a: Manaphy|71/100
|-heal|p2a: Manaphy|77/100|[from] Grassy Terrain
|-heal|p2a: Manaphy|83/100|[from] item: Leftovers
|upkeep
|turn|23
|
|t:|1760319285
|move|p2a: Manaphy|Acid Armor|p2a: Manaphy
|-boost|p2a: Manaphy|def|2
|move|p1a: Slowking|Toxic|p2a: Manaphy
|-status|p2a: Manaphy|tox
|
|-heal|p2a: Manaphy|89/100 tox|[from] Grassy Terrain
|-heal|p2a: Manaphy|95/100 tox|[from] item: Leftovers
|-damage|p2a: Manaphy|89/100 tox|[from] psn
|upkeep
|turn|24
|
|t:|1760319294
|move|p2a: Manaphy|Take Heart|p2a: Manaphy
|-boost|p2a: Manaphy|spa|1
|-boost|p2a: Manaphy|spd|1
|-curestatus|p2a: Manaphy|tox|[msg]
|move|p1a: Slowking|Future Sight|p2a: Manaphy
|-start|p1a: Slowking|move: Future Sight
|
|-heal|p2a: Manaphy|95/100|[from] Grassy Terrain
|-heal|p2a: Manaphy|100/100|[from] item: Leftovers
|-fieldend|move: Grassy Terrain
|upkeep
|turn|25
|
|t:|1760319302
|move|p2a: Manaphy|Take Heart|p2a: Manaphy
|-boost|p2a: Manaphy|spa|1
|-boost|p2a: Manaphy|spd|1
|move|p1a: Slowking|Toxic|p2a: Manaphy
|-status|p2a: Manaphy|tox
|
|-damage|p2a: Manaphy|94/100 tox|[from] psn
|upkeep
|turn|26
|
|t:|1760319311
|switch|p1a: Dondozo|Dondozo, M|100/100
|move|p2a: Manaphy|Take Heart|p2a: Manaphy
|-boost|p2a: Manaphy|spa|1
|-boost|p2a: Manaphy|spd|1
|-curestatus|p2a: Manaphy|tox|[msg]
|
|-end|p2a: Manaphy|move: Future Sight
|-damage|p2a: Manaphy|88/100
|-heal|p2a: Manaphy|94/100|[from] item: Leftovers
|-sideend|p2: Johnny tots|Reflect
|upkeep
|turn|27
|
|t:|1760319319
|switch|p1a: Ting-Lu|Ting-Lu|100/100
|-ability|p1a: Ting-Lu|Vessel of Ruin
|move|p2a: Manaphy|Take Heart|p2a: Manaphy
|-boost|p2a: Manaphy|spa|1
|-boost|p2a: Manaphy|spd|1
|
|-heal|p2a: Manaphy|99/100|[from] item: Leftovers
|-sideend|p2: Johnny tots|move: Light Screen
|upkeep
|turn|28
|inactive|MooFarmer has 90 seconds left.
|c|☆Johnny tots|Would of gave ya the match if u answered
|inactive|MooFarmer has 60 seconds left.
|
|t:|1760319365
|switch|p1a: Dondozo|Dondozo, M|100/100
|move|p2a: Manaphy|Take Heart|p2a: Manaphy
|-boost|p2a: Manaphy|spa|1
|-boost|p2a: Manaphy|spd|1
|
|-heal|p2a: Manaphy|100/100|[from] item: Leftovers
|upkeep
|turn|29
|j| gibbereesh
|inactive|MooFarmer has 30 seconds left.
|inactive|MooFarmer has 20 seconds left.
|inactive|MooFarmer has 15 seconds left.
|
|t:|1760319411
|switch|p1a: Ting-Lu|Ting-Lu|100/100
|-ability|p1a: Ting-Lu|Vessel of Ruin
|move|p2a: Manaphy|Acid Armor|p2a: Manaphy
|-boost|p2a: Manaphy|def|2
|
|upkeep
|turn|30
|inactive|MooFarmer has 25 seconds left this turn.
|inactive|MooFarmer has 20 seconds left.
|
|t:|1760319420
|switch|p1a: Dondozo|Dondozo, M|100/100
|move|p2a: Manaphy|Scald|p1a: Dondozo
|-resisted|p1a: Dondozo
|-damage|p1a: Dondozo|82/100
|
|-heal|p1a: Dondozo|88/100|[from] item: Leftovers
|upkeep
|turn|31
|inactive|MooFarmer has 30 seconds left this turn.
|
|t:|1760319429
|switch|p1a: Ting-Lu|Ting-Lu|100/100
|-ability|p1a: Ting-Lu|Vessel of Ruin
|move|p2a: Manaphy|Stored Power|p1a: Ting-Lu
|-immune|p1a: Ting-Lu
|
|upkeep
|turn|32
|inactive|MooFarmer has 30 seconds left.
|
|t:|1760319437
|switch|p1a: Dondozo|Dondozo, M|88/100
|move|p2a: Manaphy|Scald|p1a: Dondozo
|-resisted|p1a: Dondozo
|-damage|p1a: Dondozo|70/100
|
|-heal|p1a: Dondozo|76/100|[from] item: Leftovers
|upkeep
|turn|33
|
|t:|1760319448
|switch|p1a: Ting-Lu|Ting-Lu|100/100
|-ability|p1a: Ting-Lu|Vessel of Ruin
|move|p2a: Manaphy|Stored Power|p1a: Ting-Lu
|-immune|p1a: Ting-Lu
|
|upkeep
|turn|34
|
|t:|1760319457
|switch|p1a: Dondozo|Dondozo, M|76/100
|move|p2a: Manaphy|Scald|p1a: Dondozo
|-resisted|p1a: Dondozo
|-damage|p1a: Dondozo|57/100
|
|-heal|p1a: Dondozo|63/100|[from] item: Leftovers
|upkeep
|turn|35
|
|t:|1760319465
|switch|p1a: Ting-Lu|Ting-Lu|100/100
|-ability|p1a: Ting-Lu|Vessel of Ruin
|move|p2a: Manaphy|Scald|p1a: Ting-Lu
|-supereffective|p1a: Ting-Lu
|-damage|p1a: Ting-Lu|0 fnt
|faint|p1a: Ting-Lu
|
|upkeep
|
|t:|1760319474
|switch|p1a: Cinderace|Cinderace, M|13/100
|turn|36
|c|☆Johnny tots|Moo moo
|
|t:|1760319483
|move|p1a: Cinderace|U-turn|p2a: Manaphy
|-damage|p2a: Manaphy|95/100
|
|t:|1760319492
|switch|p1a: Corviknight|Corviknight, F|100/100|[from] U-turn
|-ability|p1a: Corviknight|Pressure
|move|p2a: Manaphy|Stored Power|p1a: Corviknight
|-resisted|p1a: Corviknight
|-damage|p1a: Corviknight|0 fnt
|faint|p1a: Corviknight
|
|-heal|p2a: Manaphy|100/100|[from] item: Leftovers
|upkeep
|
|t:|1760319500
|switch|p1a: Cinderace|Cinderace, M|13/100
|turn|37
|
|t:|1760319508
|move|p1a: Cinderace|U-turn|p2a: Manaphy
|-damage|p2a: Manaphy|95/100
|
|t:|1760319515
|switch|p1a: Dondozo|Dondozo, M|63/100|[from] U-turn
|move|p2a: Manaphy|Stored Power|p1a: Dondozo
|-damage|p1a: Dondozo|0 fnt
|faint|p1a: Dondozo
|
|-heal|p2a: Manaphy|100/100|[from] item: Leftovers
|upkeep
|
|t:|1760319523
|switch|p1a: Cinderace|Cinderace, M|13/100
|turn|38
|inactive|MooFarmer has 60 seconds left.
|
|t:|1760319531
|move|p1a: Cinderace|Pyro Ball|p2a: Manaphy
|-resisted|p2a: Manaphy
|-damage|p2a: Manaphy|89/100
|move|p2a: Manaphy|Scald|p1a: Cinderace
|-supereffective|p1a: Cinderace
|-damage|p1a: Cinderace|0 fnt
|faint|p1a: Cinderace
|
|-heal|p2a: Manaphy|95/100|[from] item: Leftovers
|upkeep
|inactive|MooFarmer has 60 seconds left.
|
|t:|1760319536
|switch|p1a: Slowking|Slowking-Galar, L99, F|100/100 par
|turn|39
|
|t:|1760319540
|move|p2a: Manaphy|Stored Power|p1a: Slowking
|-damage|p1a: Slowking|0 fnt
|faint|p1a: Slowking
|
|win|Johnny tots
|raw|MooFarmer's rating: 1838 &rarr; <strong>1816</strong><br />(-22 for losing)
|raw|Johnny tots's rating: 1804 &rarr; <strong>1826</strong><br />(+22 for winning)
|l|☆MooFarmer
|player|p1|
|l| OP Earthquakes
|l| gibbereesh
