|j|☆DontMissMantine
|j|☆volcaronaisboss
|t:|1760380868
|gametype|singles
|player|p1|DontMissMantine|lucas|1821
|player|p2|volcaronaisboss|burglar-gen3|1692
|gen|9
|tier|[Gen 9] OU
|rated|
|rule|HP Percentage Mod: HP is shown in percentages
|rule|Endless Battle Clause: Forcing endless battles is banned
|rule|Species Clause: Limit one of each Pokémon
|rule|OHKO Clause: OHKO moves are banned
|rule|Evasion Items Clause: Evasion items are banned
|rule|Evasion Moves Clause: Evasion moves are banned
|rule|Evasion Abilities Clause: Evasion abilities are banned
|rule|Sleep Moves Clause: Sleep-inducing moves are banned
|clearpoke
|poke|p1|Pelipper, M|
|poke|p1|Beartic, F|
|poke|p1|Barraskewda, F|
|poke|p1|Ogerpon-Wellspring, F|
|poke|p1|Zapdos|
|poke|p1|Hatterene, F|
|poke|p2|Comfey, F|
|poke|p2|Whimsicott, M|
|poke|p2|Iron Moth|
|poke|p2|Walking Wake|
|poke|p2|Great Tusk|
|poke|p2|Ninetales, F|
|teampreview
|inactive|Battle timer is ON: inactive players will automatically lose when time's up. (requested by volcaronaisboss)
|
|t:|1760380877
|teamsize|p1|6
|teamsize|p2|6
|start
|switch|p1a: Pelipper|Pelipper, M|100/100
|switch|p2a: Walking Wake|Walking Wake|100/100
|-weather|RainDance|[from] ability: Drizzle|[of] p1a: Pelipper
|turn|1
|
|t:|1760380887
|switch|p1a: Hatterene|Hatterene, F|100/100
|move|p2a: Walking Wake|Flip Turn|p1a: Hatterene
|-damage|p1a: Hatterene|81/100
|-enditem|p1a: Hatterene|Eject Button
|
|t:|1760380893
|switch|p1a: Ogerpon|Ogerpon-Wellspring, F|100/100
|
|-weather|RainDance|[upkeep]
|upkeep
|turn|2
|
|t:|1760380898
|move|p1a: Ogerpon|Ivy Cudgel|p2a: Walking Wake|[anim] Ivy Cudgel Water
|-resisted|p2a: Walking Wake
|-damage|p2a: Walking Wake|79/100
|move|p2a: Walking Wake|Draco Meteor|p1a: Ogerpon
|-damage|p1a: Ogerpon|33/100
|-unboost|p2a: Walking Wake|spa|2
|
|-weather|RainDance|[upkeep]
|upkeep
|turn|3
|inactive|DontMissMantine has 120 seconds left.
|
|t:|1760380952
|move|p1a: Ogerpon|Play Rough|p2a: Walking Wake
|-supereffective|p2a: Walking Wake
|-damage|p2a: Walking Wake|14/100
|move|p2a: Walking Wake|Draco Meteor|p1a: Ogerpon
|-damage|p1a: Ogerpon|0 fnt
|-unboost|p2a: Walking Wake|spa|2
|faint|p1a: Ogerpon
|
|-weather|RainDance|[upkeep]
|upkeep
|
|t:|1760380963
|switch|p1a: Barraskewda|Barraskewda, F|100/100
|turn|4
|
|t:|1760380967
|move|p1a: Barraskewda|Liquidation|p2a: Walking Wake
|-resisted|p2a: Walking Wake
|-damage|p2a: Walking Wake|0 fnt
|faint|p2a: Walking Wake
|-end|p2a: Walking Wake|Protosynthesis|[silent]
|
|-weather|RainDance|[upkeep]
|upkeep
|
|t:|1760380969
|switch|p2a: Ninetales|Ninetales, F|100/100
|-weather|SunnyDay|[from] ability: Drought|[of] p2a: Ninetales
|turn|5
|
|t:|1760380980
|move|p1a: Barraskewda|Flip Turn|p2a: Ninetales
|-supereffective|p2a: Ninetales
|-damage|p2a: Ninetales|49/100
|
|t:|1760380984
|switch|p1a: Pelipper|Pelipper, M|100/100|[from] Flip Turn
|-weather|RainDance|[from] ability: Drizzle|[of] p1a: Pelipper
|move|p2a: Ninetales|Weather Ball|p1a: Pelipper
|-resisted|p1a: Pelipper
|-damage|p1a: Pelipper|79/100
|
|-weather|RainDance|[upkeep]
|upkeep
|turn|6
|inactive|DontMissMantine has 120 seconds left.
|
|t:|1760380994
|switch|p2a: Great Tusk|Great Tusk|100/100
|move|p1a: Pelipper|U-turn|p2a: Great Tusk
|-resisted|p2a: Great Tusk
|-damage|p2a: Great Tusk|98/100
|-damage|p1a: Pelipper|63/100|[from] item: Rocky Helmet|[of] p2a: Great Tusk
|inactive|DontMissMantine has 120 seconds left.
|
|t:|1760381005
|switch|p1a: Barraskewda|Barraskewda, F|100/100|[from] U-turn
|
|-weather|RainDance|[upkeep]
|upkeep
|turn|7
|inactive|DontMissMantine has 120 seconds left.
|
|t:|1760381013
|-end|p2a: Great Tusk|Protosynthesis|[silent]
|switch|p2a: Ninetales|Ninetales, F|49/100
|-weather|SunnyDay|[from] ability: Drought|[of] p2a: Ninetales
|move|p1a: Barraskewda|Liquidation|p2a: Ninetales
|-supereffective|p2a: Ninetales
|-damage|p2a: Ninetales|0 fnt
|faint|p2a: Ninetales
|
|-weather|SunnyDay|[upkeep]
|upkeep
|
|t:|1760381015
|switch|p2a: Comfey|Comfey, F|100/100
|turn|8
|inactive|DontMissMantine has 120 seconds left.
|
|t:|1760381035
|switch|p1a: Zapdos|Zapdos|100/100
|move|p2a: Comfey|Growth|p2a: Comfey
|-boost|p2a: Comfey|atk|2
|-boost|p2a: Comfey|spa|2
|
|-weather|SunnyDay|[upkeep]
|upkeep
|turn|9
|inactive|DontMissMantine has 120 seconds left.
|
|t:|1760381047
|move|p1a: Zapdos|Weather Ball|p2a: Comfey
|-damage|p2a: Comfey|50/100
|move|p2a: Comfey|Growth|p2a: Comfey
|-boost|p2a: Comfey|atk|2
|-boost|p2a: Comfey|spa|2
|
|-weather|SunnyDay|[upkeep]
|upkeep
|turn|10
|
|t:|1760381054
|move|p2a: Comfey|Draining Kiss|p1a: Zapdos
|-damage|p1a: Zapdos|39/100
|-heal|p2a: Comfey|98/100|[from] drain|[of] p1a: Zapdos
|-status|p2a: Comfey|par|[from] ability: Static|[of] p1a: Zapdos
|-damage|p2a: Comfey|88/100 par|[from] item: Life Orb
|move|p1a: Zapdos|Weather Ball|p2a: Comfey
|-damage|p2a: Comfey|40/100 par
|
|-weather|SunnyDay|[upkeep]
|upkeep
|turn|11
|
|t:|1760381069
|move|p2a: Comfey|Draining Kiss|p1a: Zapdos
|-damage|p1a: Zapdos|0 fnt
|-heal|p2a: Comfey|70/100 par|[from] drain|[of] p1a: Zapdos
|faint|p1a: Zapdos
|-damage|p2a: Comfey|60/100 par|[from] item: Life Orb
|
|-weather|SunnyDay|[upkeep]
|upkeep
|
|t:|1760381078
|switch|p1a: Pelipper|Pelipper, M|63/100
|-weather|RainDance|[from] ability: Drizzle|[of] p1a: Pelipper
|turn|12
|
|t:|1760381088
|-terastallize|p1a: Pelipper|Steel
|move|p2a: Comfey|Draining Kiss|p1a: Pelipper
|-resisted|p1a: Pelipper
|-damage|p1a: Pelipper|5/100
|-heal|p2a: Comfey|100/100 par|[from] drain|[of] p1a: Pelipper
|-damage|p2a: Comfey|91/100 par|[from] item: Life Orb
|move|p1a: Pelipper|Hurricane|p2a: Comfey
|-damage|p2a: Comfey|56/100 par
|
|-weather|RainDance|[upkeep]
|upkeep
|turn|13
|
|t:|1760381100
|move|p2a: Comfey|Draining Kiss|p1a: Pelipper
|-resisted|p1a: Pelipper
|-damage|p1a: Pelipper|0 fnt
|-heal|p2a: Comfey|60/100 par|[from] drain|[of] p1a: Pelipper
|faint|p1a: Pelipper
|-damage|p2a: Comfey|50/100 par|[from] item: Life Orb
|
|-weather|RainDance|[upkeep]
|upkeep
|
|t:|1760381108
|switch|p1a: Beartic|Beartic, F|100/100
|turn|14
|
|t:|1760381116
|-terastallize|p2a: Comfey|Water
|move|p2a: Comfey|Draining Kiss|p1a: Beartic
|-damage|p1a: Beartic|0 fnt
|-heal|p2a: Comfey|100/100 par|[from] drain|[of] p1a: Beartic
|faint|p1a: Beartic
|-damage|p2a: Comfey|91/100 par|[from] item: Life Orb
|
|-weather|RainDance|[upkeep]
|upkeep
|-message|DontMissMantine forfeited.
|
|win|volcaronaisboss
|raw|DontMissMantine's rating: 1821 &rarr; <strong>1794</strong><br />(-27 for losing)
|raw|volcaronaisboss's rating: 1692 &rarr; <strong>1719</strong><br />(+27 for winning)
|l|☆DontMissMantine
|player|p1|
|l|☆volcaronaisboss
|player|p2|
