|j|☆310YM4N74N3R0
|j|☆miriasa
|t:|1760337299
|gametype|singles
|player|p1|310YM4N74N3R0|pokemonrangerf|1597
|player|p2|miriasa|marley|1566
|gen|9
|tier|[Gen 9] OU
|rated|
|rule|HP Percentage Mod: HP is shown in percentages
|rule|Endless Battle Clause: Forcing endless battles is banned
|rule|Species Clause: Limit one of each Pokémon
|rule|OHKO Clause: OHKO moves are banned
|rule|Evasion Items Clause: Evasion items are banned
|rule|Evasion Moves Clause: Evasion moves are banned
|rule|Evasion Abilities Clause: Evasion abilities are banned
|rule|Sleep Moves Clause: Sleep-inducing moves are banned
|clearpoke
|poke|p1|Yanmega, F|
|poke|p1|Indeedee, M|
|poke|p1|Rillaboom, F|
|poke|p1|Blaziken, M|
|poke|p1|Blastoise, M|
|poke|p1|Tyranitar, F|
|poke|p2|Lokix, F|
|poke|p2|Hatterene, F|
|poke|p2|Ting-Lu|
|poke|p2|Dondozo, F|
|poke|p2|Dragapult, F|
|poke|p2|Gholdengo|
|teampreview
|inactive|Battle timer is ON: inactive players will automatically lose when time's up. (requested by 310YM4N74N3R0)
|
|t:|1760337321
|teamsize|p1|6
|teamsize|p2|6
|start
|switch|p1a: Yanmega|Yanmega, F|100/100
|switch|p2a: Dragapult|Dragapult, F|100/100
|turn|1
|
|t:|1760337326
|move|p1a: Yanmega|Protect|p1a: Yanmega
|-singleturn|p1a: Yanmega|Protect
|move|p2a: Dragapult|Draco Meteor|p1a: Yanmega
|-activate|p1a: Yanmega|move: Protect
|
|-ability|p1a: Yanmega|Speed Boost|boost
|-boost|p1a: Yanmega|spe|1
|upkeep
|turn|2
|
|t:|1760337332
|move|p1a: Yanmega|Air Slash|p2a: Dragapult
|-damage|p2a: Dragapult|45/100
|move|p2a: Dragapult|Draco Meteor|p1a: Yanmega
|-damage|p1a: Yanmega|9/100
|-unboost|p2a: Dragapult|spa|2
|
|-ability|p1a: Yanmega|Speed Boost|boost
|-boost|p1a: Yanmega|spe|1
|upkeep
|turn|3
|
|t:|1760337340
|switch|p2a: Ting-Lu|Ting-Lu|100/100
|-ability|p2a: Ting-Lu|Vessel of Ruin
|move|p1a: Yanmega|Air Slash|p2a: Ting-Lu
|-damage|p2a: Ting-Lu|83/100
|
|-heal|p2a: Ting-Lu|89/100|[from] item: Leftovers
|-ability|p1a: Yanmega|Speed Boost|boost
|-boost|p1a: Yanmega|spe|1
|upkeep
|turn|4
|
|t:|1760337345
|move|p1a: Yanmega|Bug Buzz|p2a: Ting-Lu
|-supereffective|p2a: Ting-Lu
|-damage|p2a: Ting-Lu|51/100
|-unboost|p2a: Ting-Lu|spd|1
|-enditem|p1a: Yanmega|Throat Spray
|-boost|p1a: Yanmega|spa|1|[from] item: Throat Spray
|move|p2a: Ting-Lu|Stealth Rock|p1a: Yanmega
|-sidestart|p1: 310YM4N74N3R0|move: Stealth Rock
|
|-heal|p2a: Ting-Lu|58/100|[from] item: Leftovers
|-ability|p1a: Yanmega|Speed Boost|boost
|-boost|p1a: Yanmega|spe|1
|upkeep
|turn|5
|
|t:|1760337355
|move|p1a: Yanmega|Bug Buzz|p2a: Ting-Lu
|-supereffective|p2a: Ting-Lu
|-damage|p2a: Ting-Lu|0 fnt
|faint|p2a: Ting-Lu
|
|-ability|p1a: Yanmega|Speed Boost|boost
|-boost|p1a: Yanmega|spe|1
|upkeep
|
|t:|1760337360
|switch|p2a: Lokix|Lokix, F|100/100
|turn|6
|
|t:|1760337362
|move|p1a: Yanmega|Protect|p1a: Yanmega
|-singleturn|p1a: Yanmega|Protect
|move|p2a: Lokix|First Impression|p1a: Yanmega
|-activate|p1a: Yanmega|move: Protect
|
|-ability|p1a: Yanmega|Speed Boost|boost
|-boost|p1a: Yanmega|spe|1
|upkeep
|turn|7
|
|t:|1760337370
|switch|p2a: Dragapult|Dragapult, F|45/100
|move|p1a: Yanmega|Protect||[still]
|-fail|p1a: Yanmega
|
|upkeep
|turn|8
|
|t:|1760337379
|move|p1a: Yanmega|Air Slash|p2a: Dragapult
|-damage|p2a: Dragapult|0 fnt
|faint|p2a: Dragapult
|
|upkeep
|
|t:|1760337381
|switch|p2a: Gholdengo|Gholdengo|100/100
|turn|9
|
|t:|1760337390
|move|p1a: Yanmega|Protect|p1a: Yanmega
|-singleturn|p1a: Yanmega|Protect
|move|p2a: Gholdengo|Shadow Ball|p1a: Yanmega
|-activate|p1a: Yanmega|move: Protect
|
|upkeep
|turn|10
|
|t:|1760337409
|move|p1a: Yanmega|Air Slash|p2a: Gholdengo
|-resisted|p2a: Gholdengo
|-damage|p2a: Gholdengo|64/100
|cant|p2a: Gholdengo|flinch
|
|upkeep
|turn|11
|
|t:|1760337417
|move|p1a: Yanmega|Air Slash|p2a: Gholdengo
|-resisted|p2a: Gholdengo
|-damage|p2a: Gholdengo|27/100
|cant|p2a: Gholdengo|flinch
|
|upkeep
|turn|12
|
|t:|1760337423
|move|p1a: Yanmega|Air Slash|p2a: Gholdengo
|-resisted|p2a: Gholdengo
|-damage|p2a: Gholdengo|0 fnt
|faint|p2a: Gholdengo
|
|upkeep
|
|t:|1760337425
|switch|p2a: Dondozo|Dondozo, F, shiny|100/100
|turn|13
|
|t:|1760337430
|move|p1a: Yanmega|Air Slash|p2a: Dondozo
|-damage|p2a: Dondozo|61/100
|cant|p2a: Dondozo|flinch
|
|-heal|p2a: Dondozo|67/100|[from] item: Leftovers
|upkeep
|turn|14
|
|t:|1760337435
|move|p1a: Yanmega|Bug Buzz|p2a: Dondozo
|-damage|p2a: Dondozo|25/100
|move|p2a: Dondozo|Liquidation|p1a: Yanmega
|-damage|p1a: Yanmega|0 fnt
|faint|p1a: Yanmega
|
|-heal|p2a: Dondozo|32/100|[from] item: Leftovers
|upkeep
|
|t:|1760337460
|switch|p1a: Tyranitar|Tyranitar, F, shiny|100/100
|-damage|p1a: Tyranitar|88/100|[from] Stealth Rock
|-weather|Sandstorm|[from] ability: Sand Stream|[of] p1a: Tyranitar
|turn|15
|
|t:|1760337465
|move|p1a: Tyranitar|Stone Edge|p2a: Dondozo
|-crit|p2a: Dondozo
|-damage|p2a: Dondozo|0 fnt
|faint|p2a: Dondozo
|
|-weather|Sandstorm|[upkeep]
|upkeep
|
|t:|1760337468
|switch|p2a: Lokix|Lokix, F|100/100
|turn|16
|
|t:|1760337477
|move|p2a: Lokix|U-turn|p1a: Tyranitar
|-supereffective|p1a: Tyranitar
|-damage|p1a: Tyranitar|1/100
|-enditem|p1a: Tyranitar|Salac Berry|[eat]
|-boost|p1a: Tyranitar|spe|1|[from] item: Salac Berry
|
|t:|1760337479
|switch|p2a: Hatterene|Hatterene, F, shiny|100/100|[from] U-turn
|move|p1a: Tyranitar|Stone Edge|p2a: Hatterene
|-damage|p2a: Hatterene|34/100
|
|-weather|Sandstorm|[upkeep]
|-damage|p2a: Hatterene|28/100|[from] Sandstorm
|upkeep
|turn|17
|
|t:|1760337487
|move|p1a: Tyranitar|Iron Head|p2a: Hatterene
|-supereffective|p2a: Hatterene
|-damage|p2a: Hatterene|0 fnt
|faint|p2a: Hatterene
|
|-weather|Sandstorm|[upkeep]
|upkeep
|-message|miriasa forfeited.
|
|win|310YM4N74N3R0
|raw|310YM4N74N3R0's rating: 1597 &rarr; <strong>1615</strong><br />(+18 for winning)
|raw|miriasa's rating: 1566 &rarr; <strong>1548</strong><br />(-18 for losing)
|l|☆miriasa
|player|p2|
|l|☆310YM4N74N3R0
|player|p1|
