|j|☆fhfghbffg随便取的
|j|☆Rocksane
|t:|1760440013
|gametype|singles
|player|p1|fhfghbffg随便取的|iono|1515
|player|p2|Rocksane|sabrina|1572
|gen|9
|tier|[Gen 9] OU
|rated|
|rule|HP Percentage Mod: HP is shown in percentages
|rule|Endless Battle Clause: Forcing endless battles is banned
|rule|Species Clause: Limit one of each Pokémon
|rule|OHKO Clause: OHKO moves are banned
|rule|Evasion Items Clause: Evasion items are banned
|rule|Evasion Moves Clause: Evasion moves are banned
|rule|Evasion Abilities Clause: Evasion abilities are banned
|rule|Sleep Moves Clause: Sleep-inducing moves are banned
|clearpoke
|poke|p1|Blaziken, F|
|poke|p1|Grimmsnarl, M|
|poke|p1|Kingambit, F|
|poke|p1|Ogerpon-Wellspring, F|
|poke|p1|Ninetales-Alola, M|
|poke|p1|Kyurem|
|poke|p2|Alomomola, F|
|poke|p2|Hydrapple, M|
|poke|p2|Slowking-Galar, M|
|poke|p2|Hoopa-Unbound|
|poke|p2|Kingambit, M|
|poke|p2|Great Tusk|
|teampreview
|inactive|Battle timer is ON: inactive players will automatically lose when time's up. (requested by fhfghbffg随便取的)
|
|t:|1760440026
|teamsize|p1|6
|teamsize|p2|6
|start
|switch|p1a: Ninetales|Ninetales-Alola, M|100/100
|switch|p2a: Hoopa|Hoopa-Unbound|100/100
|-weather|Snowscape|[from] ability: Snow Warning|[of] p1a: Ninetales
|turn|1
|
|t:|1760440033
|move|p1a: Ninetales|Aurora Veil|p1a: Ninetales
|-sidestart|p1: fhfghbffg随便取的|move: Aurora Veil
|move|p2a: Hoopa|Knock Off|p1a: Ninetales
|-resisted|p1a: Ninetales
|-damage|p1a: Ninetales|81/100
|-enditem|p1a: Ninetales|Light Clay|[from] move: Knock Off|[of] p2a: Hoopa
|
|-weather|Snowscape|[upkeep]
|upkeep
|turn|2
|
|t:|1760440041
|switch|p2a: Slowking|Slowking-Galar, M|100/100
|move|p1a: Ninetales|Moonblast|p2a: Slowking
|-resisted|p2a: Slowking
|-damage|p2a: Slowking|92/100
|
|-weather|Snowscape|[upkeep]
|upkeep
|turn|3
|
|t:|1760440050
|switch|p1a: Kyurem|Kyurem|100/100
|-ability|p1a: Kyurem|Pressure
|-prepare|p2a: Slowking|Chilly Reception|[premajor]
|move|p2a: Slowking|Chilly Reception|p2a: Slowking
|
|t:|1760440074
|switch|p2a: Hydrapple|Hydrapple, M|100/100|[from] Chilly Reception
|
|-weather|Snowscape|[upkeep]
|upkeep
|turn|4
|
|t:|1760440082
|-terastallize|p1a: Kyurem|Ice
|-terastallize|p2a: Hydrapple|Fairy
|move|p1a: Kyurem|Dragon Dance|p1a: Kyurem
|-boost|p1a: Kyurem|atk|1
|-boost|p1a: Kyurem|spe|1
|move|p2a: Hydrapple|Fickle Beam|p1a: Kyurem
|-damage|p1a: Kyurem|84/100
|
|-weather|Snowscape|[upkeep]
|-heal|p1a: Kyurem|91/100|[from] item: Leftovers
|upkeep
|turn|5
|
|t:|1760440095
|move|p1a: Kyurem|Icicle Spear|p2a: Hydrapple
|-damage|p2a: Hydrapple|89/100
|-damage|p2a: Hydrapple|76/100
|-hitcount|p2a: Hydrapple|2
|move|p2a: Hydrapple|Giga Drain|p1a: Kyurem
|-damage|p1a: Kyurem|75/100
|-heal|p2a: Hydrapple|84/100|[from] drain|[of] p1a: Kyurem
|
|-weather|none
|-heal|p1a: Kyurem|81/100|[from] item: Leftovers
|upkeep
|turn|6
|
|t:|1760440106
|move|p1a: Kyurem|Dragon Dance|p1a: Kyurem
|-boost|p1a: Kyurem|atk|1
|-boost|p1a: Kyurem|spe|1
|move|p2a: Hydrapple|Nasty Plot|p2a: Hydrapple
|-boost|p2a: Hydrapple|spa|2
|
|-heal|p1a: Kyurem|87/100|[from] item: Leftovers
|upkeep
|turn|7
|
|t:|1760440121
|move|p1a: Kyurem|Icicle Spear|p2a: Hydrapple
|-damage|p2a: Hydrapple|69/100
|-damage|p2a: Hydrapple|52/100
|-damage|p2a: Hydrapple|36/100
|-hitcount|p2a: Hydrapple|3
|move|p2a: Hydrapple|Giga Drain|p1a: Kyurem
|-damage|p1a: Kyurem|57/100
|-heal|p2a: Hydrapple|50/100|[from] drain|[of] p1a: Kyurem
|
|-heal|p1a: Kyurem|63/100|[from] item: Leftovers
|upkeep
|turn|8
|
|t:|1760440133
|move|p1a: Kyurem|Icicle Spear|p2a: Hydrapple
|-damage|p2a: Hydrapple|33/100
|-damage|p2a: Hydrapple|17/100
|-damage|p2a: Hydrapple|1/100
|-damage|p2a: Hydrapple|0 fnt
|faint|p2a: Hydrapple
|-hitcount|p2: Hydrapple|4
|
|-heal|p1a: Kyurem|69/100|[from] item: Leftovers
|-sideend|p1: fhfghbffg随便取的|move: Aurora Veil
|upkeep
|inactive|Rocksane has 120 seconds left.
|l|☆Rocksane
|inactive|Rocksane disconnected and has a minute to reconnect!
|player|p2|
|inactive|Rocksane has 30 seconds to reconnect!
|inactive|Rocksane has 20 seconds to reconnect!
|inactive|Rocksane has 15 seconds to reconnect!
|inactive|Rocksane has 10 seconds to reconnect!
|inactive|Rocksane has 5 seconds to reconnect!
|-message|Rocksane lost due to inactivity.
|
|win|fhfghbffg随便取的
|raw|fhfghbffg随便取的's rating: 1515 &rarr; <strong>1538</strong><br />(+23 for winning)
|raw|Rocksane's rating: 1572 &rarr; <strong>1549</strong><br />(-23 for losing)
|l|☆fhfghbffg随便取的
|player|p1|
