|j|☆clouddaearth
|j|☆Mazu623
|t:|1760331157
|gametype|singles
|player|p1|clouddaearth|265|1187
|player|p2|Mazu623|102|1125
|gen|9
|tier|[Gen 9] OU
|rated|
|rule|HP Percentage Mod: HP is shown in percentages
|rule|Endless Battle Clause: Forcing endless battles is banned
|rule|Species Clause: Limit one of each Pokémon
|rule|OHKO Clause: OHKO moves are banned
|rule|Evasion Items Clause: Evasion items are banned
|rule|Evasion Moves Clause: Evasion moves are banned
|rule|Evasion Abilities Clause: Evasion abilities are banned
|rule|Sleep Moves Clause: Sleep-inducing moves are banned
|clearpoke
|poke|p1|Gallade, M|
|poke|p1|Whimsicott, M|
|poke|p1|Ceruledge, F|
|poke|p1|Jolteon, M|
|poke|p1|Quaquaval, F|
|poke|p1|Garchomp, M|
|poke|p2|Bronzong|
|poke|p2|Toxapex, F|
|poke|p2|Ursaluna, F|
|poke|p2|Porygon2|
|poke|p2|Scizor, M|
|poke|p2|Skeledirge, F|
|teampreview
|
|t:|1760331166
|teamsize|p1|6
|teamsize|p2|6
|start
|switch|p1a: Whimsicott|Whimsicott, M|100/100
|switch|p2a: Bronzong|Bronzong|100/100
|turn|1
|
|t:|1760331171
|move|p1a: Whimsicott|Substitute|p1a: Whimsicott
|-start|p1a: Whimsicott|Substitute
|-damage|p1a: Whimsicott|76/100
|move|p2a: Bronzong|Trick Room|p2a: Bronzong
|-fieldstart|move: Trick Room|[of] p2a: Bronzong
|
|-heal|p1a: Whimsicott|82/100|[from] item: Leftovers
|upkeep
|turn|2
|
|t:|1760331179
|move|p1a: Whimsicott|Encore|p2a: Bronzong
|-start|p2a: Bronzong|Encore
|move|p2a: Bronzong|Trick Room|p2a: Bronzong
|-fieldend|move: Trick Room
|
|-heal|p1a: Whimsicott|88/100|[from] item: Leftovers
|upkeep
|turn|3
|
|t:|1760331191
|move|p1a: Whimsicott|Leech Seed|p2a: Bronzong
|-start|p2a: Bronzong|move: Leech Seed
|move|p2a: Bronzong|Trick Room|p2a: Bronzong
|-fieldstart|move: Trick Room|[of] p2a: Bronzong
|
|-heal|p1a: Whimsicott|94/100|[from] item: Leftovers
|-damage|p2a: Bronzong|88/100|[from] Leech Seed|[of] p1a: Whimsicott
|-heal|p1a: Whimsicott|100/100|[silent]
|upkeep
|turn|4
|
|t:|1760331200
|switch|p2a: Scizor|Scizor, M|100/100
|move|p1a: Whimsicott|Leech Seed|p2a: Scizor
|-start|p2a: Scizor|move: Leech Seed
|
|-damage|p2a: Scizor|88/100|[from] Leech Seed|[of] p1a: Whimsicott
|upkeep
|turn|5
|
|t:|1760331209
|move|p2a: Scizor|Bullet Punch|p1a: Whimsicott
|-supereffective|p1a: Whimsicott
|-end|p1a: Whimsicott|Substitute
|move|p1a: Whimsicott|Substitute|p1a: Whimsicott
|-start|p1a: Whimsicott|Substitute
|-damage|p1a: Whimsicott|76/100
|
|-heal|p1a: Whimsicott|82/100|[from] item: Leftovers
|-damage|p2a: Scizor|76/100|[from] Leech Seed|[of] p1a: Whimsicott
|-heal|p1a: Whimsicott|95/100|[silent]
|upkeep
|turn|6
|
|t:|1760331233
|move|p1a: Whimsicott|Leech Seed||[still]
|-fail|p1a: Whimsicott
|move|p2a: Scizor|U-turn|p1a: Whimsicott
|-end|p1a: Whimsicott|Substitute
|
|t:|1760331243
|switch|p2a: Bronzong|Bronzong|88/100|[from] U-turn
|
|-heal|p2a: Bronzong|94/100|[from] item: Leftovers
|-heal|p1a: Whimsicott|100/100|[from] item: Leftovers
|upkeep
|turn|7
|
|t:|1760331250
|move|p1a: Whimsicott|Substitute|p1a: Whimsicott
|-start|p1a: Whimsicott|Substitute
|-damage|p1a: Whimsicott|76/100
|move|p2a: Bronzong|Gyro Ball|p1a: Whimsicott
|-supereffective|p1a: Whimsicott
|-end|p1a: Whimsicott|Substitute
|
|-heal|p2a: Bronzong|100/100|[from] item: Leftovers
|-heal|p1a: Whimsicott|82/100|[from] item: Leftovers
|-fieldend|move: Trick Room
|upkeep
|turn|8
|
|t:|1760331267
|switch|p2a: Skeledirge|Skeledirge, F|100/100
|move|p1a: Whimsicott|Substitute|p1a: Whimsicott
|-start|p1a: Whimsicott|Substitute
|-damage|p1a: Whimsicott|57/100
|
|-heal|p1a: Whimsicott|63/100|[from] item: Leftovers
|upkeep
|turn|9
|
|t:|1760331278
|switch|p1a: Garchomp|Garchomp, M|100/100
|move|p2a: Skeledirge|Torch Song|p1a: Garchomp
|-resisted|p1a: Garchomp
|-damage|p1a: Garchomp|78/100
|-boost|p2a: Skeledirge|spa|1
|
|upkeep
|turn|10
|
|t:|1760331295
|switch|p2a: Toxapex|Toxapex, F|100/100
|move|p1a: Garchomp|Swords Dance|p1a: Garchomp
|-boost|p1a: Garchomp|atk|2
|
|upkeep
|turn|11
|
|t:|1760331302
|move|p1a: Garchomp|Earthquake|p2a: Toxapex
|-supereffective|p2a: Toxapex
|-damage|p2a: Toxapex|0 fnt
|faint|p2a: Toxapex
|
|upkeep
|inactive|Battle timer is ON: inactive players will automatically lose when time's up. (requested by clouddaearth)
|
|t:|1760331319
|switch|p2a: Skeledirge|Skeledirge, F|100/100
|turn|12
|
|t:|1760331322
|move|p1a: Garchomp|Earthquake|p2a: Skeledirge
|-supereffective|p2a: Skeledirge
|-damage|p2a: Skeledirge|9/100
|move|p2a: Skeledirge|Will-O-Wisp|p1a: Garchomp
|-status|p1a: Garchomp|brn
|
|-damage|p1a: Garchomp|72/100 brn|[from] brn
|upkeep
|turn|13
|
|t:|1760331336
|switch|p2a: Bronzong|Bronzong|100/100
|move|p1a: Garchomp|Iron Head|p2a: Bronzong
|-resisted|p2a: Bronzong
|-damage|p2a: Bronzong|89/100
|
|-heal|p2a: Bronzong|95/100|[from] item: Leftovers
|-damage|p1a: Garchomp|66/100 brn|[from] brn
|upkeep
|turn|14
|
|t:|1760331346
|move|p1a: Garchomp|Swords Dance|p1a: Garchomp
|-boost|p1a: Garchomp|atk|2
|move|p2a: Bronzong|Trick Room|p2a: Bronzong
|-fieldstart|move: Trick Room|[of] p2a: Bronzong
|
|-heal|p2a: Bronzong|100/100|[from] item: Leftovers
|-damage|p1a: Garchomp|60/100 brn|[from] brn
|upkeep
|turn|15
|
|t:|1760331358
|-terastallize|p2a: Bronzong|Steel
|move|p2a: Bronzong|Gyro Ball|p1a: Garchomp
|-damage|p1a: Garchomp|0 fnt
|-damage|p2a: Bronzong|88/100|[from] ability: Rough Skin|[of] p1a: Garchomp
|-damage|p2a: Bronzong|72/100|[from] item: Rocky Helmet|[of] p1a: Garchomp
|faint|p1a: Garchomp
|
|-heal|p2a: Bronzong|78/100|[from] item: Leftovers
|upkeep
|
|t:|1760331368
|switch|p1a: Ceruledge|Ceruledge, F|100/100
|turn|16
|
|t:|1760331380
|move|p2a: Bronzong|Earthquake|p1a: Ceruledge
|-supereffective|p1a: Ceruledge
|-damage|p1a: Ceruledge|10/100
|move|p1a: Ceruledge|Bitter Blade|p2a: Bronzong
|-supereffective|p2a: Bronzong
|-damage|p2a: Bronzong|0 fnt
|-heal|p1a: Ceruledge|55/100|[from] drain|[of] p2a: Bronzong
|faint|p2a: Bronzong
|
|upkeep
|
|t:|1760331392
|switch|p2a: Ursaluna|Ursaluna, F|100/100
|turn|17
|
|t:|1760331397
|switch|p1a: Whimsicott|Whimsicott, M|63/100
|move|p2a: Ursaluna|Swords Dance|p2a: Ursaluna
|-boost|p2a: Ursaluna|atk|2
|
|-heal|p1a: Whimsicott|70/100|[from] item: Leftovers
|-status|p2a: Ursaluna|brn|[from] item: Flame Orb
|upkeep
|turn|18
|
|t:|1760331406
|move|p1a: Whimsicott|Encore|p2a: Ursaluna
|-start|p2a: Ursaluna|Encore
|move|p2a: Ursaluna|Swords Dance|p2a: Ursaluna
|-boost|p2a: Ursaluna|atk|2
|
|-heal|p1a: Whimsicott|76/100|[from] item: Leftovers
|-damage|p2a: Ursaluna|94/100 brn|[from] brn
|-fieldend|move: Trick Room
|upkeep
|turn|19
|
|t:|1760331420
|switch|p2a: Porygon2|Porygon2|100/100
|-ability|p2a: Porygon2|Download|boost
|-boost|p2a: Porygon2|spa|1
|move|p1a: Whimsicott|Leech Seed|p2a: Porygon2
|-start|p2a: Porygon2|move: Leech Seed
|
|-heal|p1a: Whimsicott|82/100|[from] item: Leftovers
|-damage|p2a: Porygon2|88/100|[from] Leech Seed|[of] p1a: Whimsicott
|-heal|p1a: Whimsicott|96/100|[silent]
|upkeep
|turn|20
|
|t:|1760331432
|move|p1a: Whimsicott|Moonblast|p2a: Porygon2
|-damage|p2a: Porygon2|71/100
|move|p2a: Porygon2|Psyshock|p1a: Whimsicott
|-damage|p1a: Whimsicott|64/100
|
|-heal|p1a: Whimsicott|70/100|[from] item: Leftovers
|-damage|p2a: Porygon2|59/100|[from] Leech Seed|[of] p1a: Whimsicott
|-heal|p1a: Whimsicott|84/100|[silent]
|upkeep
|turn|21
|
|t:|1760331442
|move|p1a: Whimsicott|Moonblast|p2a: Porygon2
|-damage|p2a: Porygon2|42/100
|move|p2a: Porygon2|Trick Room|p2a: Porygon2
|-fieldstart|move: Trick Room|[of] p2a: Porygon2
|
|-heal|p1a: Whimsicott|90/100|[from] item: Leftovers
|-damage|p2a: Porygon2|30/100|[from] Leech Seed|[of] p1a: Whimsicott
|-heal|p1a: Whimsicott|100/100|[silent]
|upkeep
|turn|22
|
|t:|1760331450
|move|p1a: Whimsicott|Encore|p2a: Porygon2
|-start|p2a: Porygon2|Encore
|move|p2a: Porygon2|Trick Room|p2a: Porygon2
|-fieldend|move: Trick Room
|
|-damage|p2a: Porygon2|17/100|[from] Leech Seed|[of] p1a: Whimsicott
|upkeep
|turn|23
|
|t:|1760331466
|switch|p2a: Ursaluna|Ursaluna, F|94/100 brn
|move|p1a: Whimsicott|Moonblast|p2a: Ursaluna
|-damage|p2a: Ursaluna|73/100 brn
|
|-damage|p2a: Ursaluna|67/100 brn|[from] brn
|upkeep
|turn|24
|
|t:|1760331475
|move|p1a: Whimsicott|Substitute|p1a: Whimsicott
|-start|p1a: Whimsicott|Substitute
|-damage|p1a: Whimsicott|76/100
|move|p2a: Ursaluna|Facade|p1a: Whimsicott
|-end|p1a: Whimsicott|Substitute
|
|-heal|p1a: Whimsicott|82/100|[from] item: Leftovers
|-damage|p2a: Ursaluna|61/100 brn|[from] brn
|upkeep
|turn|25
|
|t:|1760331485
|move|p1a: Whimsicott|Substitute|p1a: Whimsicott
|-start|p1a: Whimsicott|Substitute
|-damage|p1a: Whimsicott|57/100
|move|p2a: Ursaluna|Fire Punch|p1a: Whimsicott
|-supereffective|p1a: Whimsicott
|-end|p1a: Whimsicott|Substitute
|
|-heal|p1a: Whimsicott|63/100|[from] item: Leftovers
|-damage|p2a: Ursaluna|55/100 brn|[from] brn
|upkeep
|turn|26
|
|t:|1760331498
|move|p1a: Whimsicott|Substitute|p1a: Whimsicott
|-start|p1a: Whimsicott|Substitute
|-damage|p1a: Whimsicott|39/100
|move|p2a: Ursaluna|Facade|p1a: Whimsicott
|-end|p1a: Whimsicott|Substitute
|
|-heal|p1a: Whimsicott|45/100|[from] item: Leftovers
|-damage|p2a: Ursaluna|49/100 brn|[from] brn
|upkeep
|turn|27
|
|t:|1760331508
|move|p1a: Whimsicott|Substitute|p1a: Whimsicott
|-start|p1a: Whimsicott|Substitute
|-damage|p1a: Whimsicott|20/100
|move|p2a: Ursaluna|Facade|p1a: Whimsicott
|-end|p1a: Whimsicott|Substitute
|
|-heal|p1a: Whimsicott|26/100|[from] item: Leftovers
|-damage|p2a: Ursaluna|43/100 brn|[from] brn
|upkeep
|turn|28
|
|t:|1760331517
|move|p1a: Whimsicott|Substitute|p1a: Whimsicott
|-start|p1a: Whimsicott|Substitute
|-damage|p1a: Whimsicott|1/100
|move|p2a: Ursaluna|Facade|p1a: Whimsicott
|-end|p1a: Whimsicott|Substitute
|
|-heal|p1a: Whimsicott|8/100|[from] item: Leftovers
|-damage|p2a: Ursaluna|37/100 brn|[from] brn
|upkeep
|turn|29
|
|t:|1760331529
|move|p1a: Whimsicott|Moonblast|p2a: Ursaluna
|-damage|p2a: Ursaluna|11/100 brn
|move|p2a: Ursaluna|Headlong Rush|p1a: Whimsicott
|-resisted|p1a: Whimsicott
|-damage|p1a: Whimsicott|0 fnt
|-unboost|p2a: Ursaluna|def|1
|-unboost|p2a: Ursaluna|spd|1
|faint|p1a: Whimsicott
|
|-damage|p2a: Ursaluna|5/100 brn|[from] brn
|upkeep
|
|t:|1760331542
|switch|p1a: Ceruledge|Ceruledge, F|55/100
|turn|30
|
|t:|1760331560
|switch|p2a: Porygon2|Porygon2|17/100
|-ability|p2a: Porygon2|Download|boost
|-boost|p2a: Porygon2|atk|1
|move|p1a: Ceruledge|Bitter Blade|p2a: Porygon2
|-damage|p2a: Porygon2|0 fnt
|-heal|p1a: Ceruledge|66/100|[from] drain|[of] p2a: Porygon2
|faint|p2a: Porygon2
|
|upkeep
|
|t:|1760331572
|switch|p2a: Scizor|Scizor, M|76/100
|turn|31
|
|t:|1760331576
|move|p1a: Ceruledge|Bitter Blade|p2a: Scizor
|-supereffective|p2a: Scizor
|-damage|p2a: Scizor|0 fnt
|-heal|p1a: Ceruledge|100/100|[from] drain|[of] p2a: Scizor
|faint|p2a: Scizor
|
|upkeep
|
|t:|1760331581
|switch|p2a: Skeledirge|Skeledirge, F|9/100
|turn|32
|
|t:|1760331585
|move|p1a: Ceruledge|Shadow Sneak|p2a: Skeledirge
|-supereffective|p2a: Skeledirge
|-damage|p2a: Skeledirge|0 fnt
|faint|p2a: Skeledirge
|
|upkeep
|
|t:|1760331589
|switch|p2a: Ursaluna|Ursaluna, F|5/100 brn
|turn|33
|
|t:|1760331592
|move|p1a: Ceruledge|Swords Dance|p1a: Ceruledge
|-boost|p1a: Ceruledge|atk|2
|move|p2a: Ursaluna|Headlong Rush|p1a: Ceruledge
|-supereffective|p1a: Ceruledge
|-enditem|p1a: Ceruledge|Focus Sash
|-damage|p1a: Ceruledge|1/100
|-unboost|p2a: Ursaluna|def|1
|-unboost|p2a: Ursaluna|spd|1
|
|-damage|p2a: Ursaluna|0 fnt|[from] brn
|faint|p2a: Ursaluna
|
|win|clouddaearth
|raw|clouddaearth's rating: 1187 &rarr; <strong>1208</strong><br />(+21 for winning)
|raw|Mazu623's rating: 1125 &rarr; <strong>1104</strong><br />(-21 for losing)
|l|☆Mazu623
|player|p2|
|l|☆clouddaearth
|player|p1|
