|j|☆azurw
|j|☆dogindustries
|t:|1760452486
|gametype|singles
|player|p1|azurw|cheryl|1463
|player|p2|dogindustries|backersf|1428
|gen|9
|tier|[Gen 9] OU
|rated|
|rule|HP Percentage Mod: HP is shown in percentages
|rule|Endless Battle Clause: Forcing endless battles is banned
|rule|Species Clause: Limit one of each Pokémon
|rule|OHKO Clause: OHKO moves are banned
|rule|Evasion Items Clause: Evasion items are banned
|rule|Evasion Moves Clause: Evasion moves are banned
|rule|Evasion Abilities Clause: Evasion abilities are banned
|rule|Sleep Moves Clause: Sleep-inducing moves are banned
|clearpoke
|poke|p1|Glimmora, F|
|poke|p1|Iron Valiant|
|poke|p1|Raging Bolt|
|poke|p1|Ogerpon-Wellspring, F|
|poke|p1|Kingambit, M|
|poke|p1|Ceruledge, M|
|poke|p2|Quagsire, M|
|poke|p2|Blissey, F|
|poke|p2|Toxapex, M|
|poke|p2|Sinistcha|
|poke|p2|Gliscor, M|
|poke|p2|Corviknight, M|
|teampreview
|inactive|Battle timer is ON: inactive players will automatically lose when time's up. (requested by dogindustries)
|inactive|azurw has 120 seconds left.
|
|t:|1760452524
|teamsize|p1|6
|teamsize|p2|6
|start
|switch|p1a: Raille-Cou|Raging Bolt|100/100
|switch|p2a: Toxapex|Toxapex, M|100/100
|turn|1
|
|t:|1760452536
|move|p1a: Raille-Cou|Calm Mind|p1a: Raille-Cou
|-boost|p1a: Raille-Cou|spa|1
|-boost|p1a: Raille-Cou|spd|1
|move|p2a: Toxapex|Toxic|p1a: Raille-Cou
|-status|p1a: Raille-Cou|tox
|
|-damage|p1a: Raille-Cou|94/100 tox|[from] psn
|upkeep
|turn|2
|
|t:|1760452542
|switch|p2a: Blissey|Blissey, F|100/100
|move|p1a: Raille-Cou|Dragon Pulse|p2a: Blissey
|-damage|p2a: Blissey|77/100
|
|-heal|p1a: Raille-Cou|100/100 tox|[from] item: Leftovers
|-damage|p1a: Raille-Cou|88/100 tox|[from] psn
|upkeep
|turn|3
|
|t:|1760452553
|-end|p1a: Raille-Cou|Protosynthesis|[silent]
|switch|p1a: Masqurécage|Ogerpon-Wellspring, F|100/100
|move|p2a: Blissey|Soft-Boiled|p2a: Blissey
|-heal|p2a: Blissey|100/100
|
|upkeep
|turn|4
|
|t:|1760452559
|switch|p2a: Toxapex|Toxapex, M|100/100
|move|p1a: Masqurécage|Swords Dance|p1a: Masqurécage
|-boost|p1a: Masqurécage|atk|2
|
|upkeep
|turn|5
|
|t:|1760452582
|-terastallize|p2a: Toxapex|Steel
|move|p1a: Masqurécage|Swords Dance|p1a: Masqurécage
|-boost|p1a: Masqurécage|atk|2
|move|p2a: Toxapex|Toxic|p1a: Masqurécage
|-status|p1a: Masqurécage|tox
|
|-damage|p1a: Masqurécage|95/100 tox|[from] psn
|upkeep
|turn|6
|
|t:|1760452593
|move|p1a: Masqurécage|Ivy Cudgel|p2a: Toxapex|[anim] Ivy Cudgel Water
|-damage|p2a: Toxapex|0 fnt
|faint|p2a: Toxapex
|
|-damage|p1a: Masqurécage|83/100 tox|[from] psn
|upkeep
|
|t:|1760452606
|switch|p2a: Quagsire|Quagsire, M|100/100
|turn|7
|
|t:|1760452610
|switch|p2a: Gliscor|Gliscor, M|100/100
|move|p1a: Masqurécage|Horn Leech|p2a: Gliscor
|-damage|p2a: Gliscor|0 fnt
|-heal|p1a: Masqurécage|100/100 tox|[from] drain|[of] p2a: Gliscor
|faint|p2a: Gliscor
|
|-damage|p1a: Masqurécage|83/100 tox|[from] psn
|upkeep
|-message|dogindustries forfeited.
|
|win|azurw
|raw|azurw's rating: 1463 &rarr; <strong>1481</strong><br />(+18 for winning)
|raw|dogindustries's rating: 1428 &rarr; <strong>1410</strong><br />(-18 for losing)
|c|☆azurw|lol
|l|☆dogindustries
|player|p2|
|l|☆azurw
|player|p1|
