|j|☆dr. drake6782
|j|☆G00D00D
|t:|1760393130
|gametype|singles
|player|p1|dr. drake6782|hilbert-masters|1794
|player|p2|G00D00D|170|1754
|gen|9
|tier|[Gen 9] OU
|rated|
|rule|HP Percentage Mod: HP is shown in percentages
|rule|Endless Battle Clause: Forcing endless battles is banned
|rule|Species Clause: Limit one of each Pokémon
|rule|OHKO Clause: OHKO moves are banned
|rule|Evasion Items Clause: Evasion items are banned
|rule|Evasion Moves Clause: Evasion moves are banned
|rule|Evasion Abilities Clause: Evasion abilities are banned
|rule|Sleep Moves Clause: Sleep-inducing moves are banned
|clearpoke
|poke|p1|Pelipper, F|
|poke|p1|Tornadus-Therian, M|
|poke|p1|Iron Treads|
|poke|p1|Decidueye-Hisui, M|
|poke|p1|Barraskewda, M|
|poke|p1|Raging Bolt|
|poke|p2|Alomomola, M|
|poke|p2|Darkrai|
|poke|p2|Iron Crown|
|poke|p2|Weezing-Galar, F|
|poke|p2|Lokix, F|
|poke|p2|Landorus-Therian, M|
|teampreview
|inactive|Battle timer is ON: inactive players will automatically lose when time's up. (requested by dr. drake6782)
|
|t:|1760393142
|teamsize|p1|6
|teamsize|p2|6
|start
|switch|p1a: Barraskewda|Barraskewda, M, shiny|100/100
|switch|p2a: Lokix|Lokix, F|100/100
|turn|1
|
|t:|1760393148
|switch|p1a: Decidueye|Decidueye-Hisui, M, shiny|100/100
|-terastallize|p2a: Lokix|Bug
|move|p2a: Lokix|First Impression|p1a: Decidueye
|-damage|p1a: Decidueye|36/100
|-damage|p2a: Lokix|84/100|[from] item: Rocky Helmet|[of] p1a: Decidueye
|
|upkeep
|turn|2
|
|t:|1760393157
|switch|p2a: Landorus|Landorus-Therian, M|100/100
|-ability|p2a: Landorus|Intimidate|boost
|-fail|p1a: Decidueye|unboost|Attack|[from] ability: Scrappy|[of] p1a: Decidueye
|move|p1a: Decidueye|U-turn|p2a: Landorus
|-resisted|p2a: Landorus
|-damage|p2a: Landorus|92/100
|-damage|p1a: Decidueye|19/100|[from] item: Rocky Helmet|[of] p2a: Landorus
|
|t:|1760393159
|switch|p1a: Pelipper|Pelipper, F|100/100|[from] U-turn
|-weather|RainDance|[from] ability: Drizzle|[of] p1a: Pelipper
|
|-weather|RainDance|[upkeep]
|upkeep
|turn|3
|
|t:|1760393169
|move|p2a: Landorus|U-turn|p1a: Pelipper
|-resisted|p1a: Pelipper
|-damage|p1a: Pelipper|92/100
|
|t:|1760393172
|switch|p2a: Alomomola|Alomomola, M|100/100|[from] U-turn
|move|p1a: Pelipper|Surf|p2a: Alomomola
|-resisted|p2a: Alomomola
|-damage|p2a: Alomomola|73/100
|-enditem|p2a: Alomomola|Eject Button
|
|t:|1760393177
|switch|p2a: Lokix|Lokix, F, tera:Bug|84/100
|
|-weather|RainDance|[upkeep]
|upkeep
|turn|4
|
|t:|1760393182
|move|p2a: Lokix|U-turn|p1a: Pelipper
|-resisted|p1a: Pelipper
|-damage|p1a: Pelipper|39/100
|
|t:|1760393185
|switch|p2a: Alomomola|Alomomola, M|100/100|[from] U-turn
|move|p1a: Pelipper|Hurricane|p2a: Alomomola
|-damage|p2a: Alomomola|55/100
|-start|p2a: Alomomola|confusion
|
|-weather|RainDance|[upkeep]
|upkeep
|turn|5
|
|t:|1760393193
|switch|p2a: Iron Crown|Iron Crown|100/100
|move|p1a: Pelipper|U-turn|p2a: Iron Crown
|-damage|p2a: Iron Crown|92/100
|
|t:|1760393196
|switch|p1a: Barraskewda|Barraskewda, M, shiny|100/100|[from] U-turn
|
|-weather|RainDance|[upkeep]
|upkeep
|turn|6
|
|t:|1760393201
|-end|p2a: Iron Crown|Quark Drive|[silent]
|switch|p2a: Alomomola|Alomomola, M|88/100
|move|p1a: Barraskewda|Flip Turn|p2a: Alomomola
|-resisted|p2a: Alomomola
|-damage|p2a: Alomomola|71/100
|-damage|p1a: Barraskewda|91/100|[from] item: Life Orb
|
|t:|1760393203
|switch|p1a: Raging Bolt|Raging Bolt|100/100|[from] Flip Turn
|-enditem|p1a: Raging Bolt|Booster Energy
|-activate|p1a: Raging Bolt|ability: Protosynthesis|[fromitem]
|-start|p1a: Raging Bolt|protosynthesisspa
|
|-weather|RainDance|[upkeep]
|upkeep
|turn|7
|
|t:|1760393213
|switch|p2a: Iron Crown|Iron Crown|92/100
|move|p1a: Raging Bolt|Thunder|p2a: Iron Crown
|-damage|p2a: Iron Crown|39/100
|
|-weather|RainDance|[upkeep]
|upkeep
|turn|8
|
|t:|1760393221
|move|p2a: Iron Crown|Psychic Noise|p1a: Raging Bolt
|-damage|p1a: Raging Bolt|69/100
|-start|p1a: Raging Bolt|move: Heal Block
|move|p1a: Raging Bolt|Thunder|p2a: Iron Crown
|-damage|p2a: Iron Crown|0 fnt
|faint|p2a: Iron Crown
|-end|p2a: Iron Crown|Quark Drive|[silent]
|
|-weather|RainDance|[upkeep]
|upkeep
|
|t:|1760393230
|switch|p2a: Lokix|Lokix, F, tera:Bug|84/100
|turn|9
|
|t:|1760393235
|-end|p1a: Raging Bolt|Protosynthesis|[silent]
|switch|p1a: Decidueye|Decidueye-Hisui, M, shiny|19/100
|move|p2a: Lokix|Leech Life|p1a: Decidueye
|-damage|p1a: Decidueye|0 fnt
|-heal|p2a: Lokix|97/100|[from] drain|[of] p1a: Decidueye
|-damage|p2a: Lokix|80/100|[from] item: Rocky Helmet|[of] p1a: Decidueye
|faint|p1a: Decidueye
|
|-weather|none
|upkeep
|
|t:|1760393239
|switch|p1a: Tornadus|Tornadus-Therian, M|100/100
|turn|10
|
|t:|1760393246
|switch|p2a: Alomomola|Alomomola, M|100/100
|move|p1a: Tornadus|Hurricane|p2a: Alomomola
|-damage|p2a: Alomomola|3/100
|
|upkeep
|turn|11
|
|t:|1760393257
|switch|p2a: Darkrai|Darkrai|100/100
|move|p1a: Tornadus|Hurricane|p2a: Darkrai
|-damage|p2a: Darkrai|0 fnt
|faint|p2a: Darkrai
|
|upkeep
|
|t:|1760393263
|switch|p2a: Lokix|Lokix, F, tera:Bug|80/100
|turn|12
|
|t:|1760393266
|switch|p1a: Pelipper|Pelipper, F|39/100
|-weather|RainDance|[from] ability: Drizzle|[of] p1a: Pelipper
|move|p2a: Lokix|U-turn|p1a: Pelipper
|-resisted|p1a: Pelipper
|-damage|p1a: Pelipper|0 fnt
|faint|p1a: Pelipper
|c|☆dr. drake6782|gg
|
|t:|1760393279
|switch|p2a: Landorus|Landorus-Therian, M|92/100|[from] U-turn
|
|-weather|RainDance|[upkeep]
|upkeep
|
|t:|1760393281
|switch|p1a: Tornadus|Tornadus-Therian, M|100/100
|turn|13
|
|t:|1760393290
|switch|p2a: Weezing|Weezing-Galar, F|100/100
|-ability|p2a: Weezing|Neutralizing Gas
|-terastallize|p1a: Tornadus|Flying
|move|p1a: Tornadus|Hurricane|p2a: Weezing
|-damage|p2a: Weezing|0 fnt
|faint|p2a: Weezing
|-end|p2a: Weezing|ability: Neutralizing Gas
|
|-weather|RainDance|[upkeep]
|upkeep
|
|t:|1760393300
|switch|p2a: Lokix|Lokix, F, tera:Bug|80/100
|turn|14
|
|t:|1760393305
|switch|p1a: Raging Bolt|Raging Bolt|69/100
|move|p2a: Lokix|First Impression|p1a: Raging Bolt
|-damage|p1a: Raging Bolt|0 fnt
|faint|p1a: Raging Bolt
|-end|p1a: Raging Bolt|Protosynthesis|[silent]
|
|-weather|RainDance|[upkeep]
|upkeep
|
|t:|1760393307
|switch|p1a: Tornadus|Tornadus-Therian, M, tera:Flying|100/100
|turn|15
|
|t:|1760393314
|switch|p2a: Landorus|Landorus-Therian, M|92/100
|-ability|p2a: Landorus|Intimidate|boost
|-unboost|p1a: Tornadus|atk|1
|move|p1a: Tornadus|Hurricane|p2a: Landorus
|-damage|p2a: Landorus|0 fnt
|faint|p2a: Landorus
|
|-weather|RainDance|[upkeep]
|upkeep
|
|t:|1760393323
|switch|p2a: Lokix|Lokix, F, tera:Bug|80/100
|turn|16
|
|t:|1760393327
|switch|p1a: Barraskewda|Barraskewda, M, shiny|91/100
|move|p2a: Lokix|U-turn|p1a: Barraskewda
|-damage|p1a: Barraskewda|0 fnt
|faint|p1a: Barraskewda
|
|t:|1760393333
|switch|p2a: Alomomola|Alomomola, M|36/100|[from] U-turn
|
|-weather|RainDance|[upkeep]
|upkeep
|
|t:|1760393336
|switch|p1a: Tornadus|Tornadus-Therian, M, tera:Flying|100/100
|turn|17
|
|t:|1760393340
|move|p2a: Alomomola|Protect|p2a: Alomomola
|-singleturn|p2a: Alomomola|Protect
|move|p1a: Tornadus|Hurricane|p2a: Alomomola
|-activate|p2a: Alomomola|move: Protect
|
|-weather|RainDance|[upkeep]
|upkeep
|turn|18
|
|t:|1760393346
|move|p2a: Alomomola|Protect||[still]
|-fail|p2a: Alomomola
|move|p1a: Tornadus|Hurricane|p2a: Alomomola
|-crit|p2a: Alomomola
|-damage|p2a: Alomomola|0 fnt
|faint|p2a: Alomomola
|
|-weather|RainDance|[upkeep]
|upkeep
|-message|G00D00D forfeited.
|
|win|dr. drake6782
|raw|dr. drake6782's rating: 1794 &rarr; <strong>1812</strong><br />(+18 for winning)
|raw|G00D00D's rating: 1754 &rarr; <strong>1736</strong><br />(-18 for losing)
|l|☆G00D00D
|player|p2|
|l|☆dr. drake6782
|player|p1|
