|j|☆SML Shrek
|j|☆LionX_Pro
|t:|1760434728
|gametype|singles
|player|p1|SML Shrek|170|1286
|player|p2|LionX_Pro|steven|1362
|gen|9
|tier|[Gen 9] OU
|rated|
|rule|HP Percentage Mod: HP is shown in percentages
|rule|Endless Battle Clause: Forcing endless battles is banned
|rule|Species Clause: Limit one of each Pokémon
|rule|OHKO Clause: OHKO moves are banned
|rule|Evasion Items Clause: Evasion items are banned
|rule|Evasion Moves Clause: Evasion moves are banned
|rule|Evasion Abilities Clause: Evasion abilities are banned
|rule|Sleep Moves Clause: Sleep-inducing moves are banned
|clearpoke
|poke|p1|Ribombee, F|
|poke|p1|Cinderace, F|
|poke|p1|Great Tusk|
|poke|p1|Ting-Lu|
|poke|p1|Gholdengo|
|poke|p1|Sinistcha-Masterpiece|
|poke|p2|Shiftry, M|
|poke|p2|Glimmora, F|
|poke|p2|Incineroar, F|
|poke|p2|Gliscor, F|
|poke|p2|Garganacl, F|
|poke|p2|Quaquaval, F|
|teampreview
|
|t:|1760434732
|teamsize|p1|6
|teamsize|p2|6
|start
|switch|p1a: Ribombee|Ribombee, F, shiny|100/100
|switch|p2a: Shiftry|Shiftry, M|100/100
|turn|1
|inactive|Battle timer is ON: inactive players will automatically lose when time's up. (requested by SML Shrek)
|
|t:|1760434737
|move|p1a: Ribombee|Sticky Web|p2a: Shiftry
|-sidestart|p2: LionX_Pro|move: Sticky Web
|move|p2a: Shiftry|Tailwind|p2a: Shiftry
|-sidestart|p2: LionX_Pro|move: Tailwind
|-ability|p2a: Shiftry|Wind Rider|boost
|-boost|p2a: Shiftry|atk|1
|
|upkeep
|turn|2
|
|t:|1760434755
|switch|p1a: Ting-Lu|Ting-Lu|100/100
|-ability|p1a: Ting-Lu|Vessel of Ruin
|move|p2a: Shiftry|Knock Off|p1a: Ting-Lu
|-resisted|p1a: Ting-Lu
|-damage|p1a: Ting-Lu|81/100
|-enditem|p1a: Ting-Lu|Leftovers|[from] move: Knock Off|[of] p2a: Shiftry
|
|upkeep
|turn|3
|
|t:|1760434765
|switch|p2a: Quaquaval|Quaquaval, F|100/100
|-activate|p2a: Quaquaval|move: Sticky Web
|-unboost|p2a: Quaquaval|spe|1
|-terastallize|p1a: Ting-Lu|Ghost
|move|p1a: Ting-Lu|Spikes|p2a: Quaquaval
|-sidestart|p2: LionX_Pro|Spikes
|
|upkeep
|turn|4
|
|t:|1760434772
|move|p2a: Quaquaval|Aqua Step|p1a: Ting-Lu
|-damage|p1a: Ting-Lu|61/100
|-boost|p2a: Quaquaval|spe|1
|move|p1a: Ting-Lu|Spikes|p2a: Quaquaval
|-sidestart|p2: LionX_Pro|Spikes
|
|-sideend|p2: LionX_Pro|move: Tailwind
|upkeep
|turn|5
|
|t:|1760434781
|move|p2a: Quaquaval|Aqua Step|p1a: Ting-Lu
|-damage|p1a: Ting-Lu|40/100
|-boost|p2a: Quaquaval|spe|1
|move|p1a: Ting-Lu|Spikes|p2a: Quaquaval
|-sidestart|p2: LionX_Pro|Spikes
|
|upkeep
|turn|6
|
|t:|1760434795
|move|p2a: Quaquaval|Aqua Step|p1a: Ting-Lu
|-damage|p1a: Ting-Lu|20/100
|-boost|p2a: Quaquaval|spe|1
|move|p1a: Ting-Lu|Whirlwind|p2a: Quaquaval
|drag|p2a: Garganacl|Garganacl, F|100/100
|-activate|p2a: Garganacl|move: Sticky Web
|-unboost|p2a: Garganacl|spe|1
|-damage|p2a: Garganacl|75/100|[from] Spikes
|
|-heal|p2a: Garganacl|82/100|[from] item: Leftovers
|upkeep
|turn|7
|
|t:|1760434805
|move|p1a: Ting-Lu|Stealth Rock|p2a: Garganacl
|-sidestart|p2: LionX_Pro|move: Stealth Rock
|move|p2a: Garganacl|Salt Cure|p1a: Ting-Lu
|-damage|p1a: Ting-Lu|12/100
|-start|p1a: Ting-Lu|Salt Cure
|
|-heal|p2a: Garganacl|88/100|[from] item: Leftovers
|-damage|p1a: Ting-Lu|0 fnt|[from] Salt Cure
|faint|p1a: Ting-Lu
|upkeep
|
|t:|1760434814
|switch|p1a: Ribombee|Ribombee, F, shiny|100/100
|turn|8
|
|t:|1760434818
|move|p1a: Ribombee|Skill Swap|p2a: Garganacl
|-activate|p1a: Ribombee|move: Skill Swap|Purifying Salt|Shield Dust|[of] p2a: Garganacl
|move|p2a: Garganacl|Salt Cure|p1a: Ribombee
|-supereffective|p1a: Ribombee
|-damage|p1a: Ribombee|55/100
|-start|p1a: Ribombee|Salt Cure
|
|-heal|p2a: Garganacl|94/100|[from] item: Leftovers
|-damage|p1a: Ribombee|43/100|[from] Salt Cure
|upkeep
|turn|9
|
|t:|1760434828
|move|p1a: Ribombee|Stun Spore|p2a: Garganacl
|-status|p2a: Garganacl|par
|cant|p2a: Garganacl|par
|
|-heal|p2a: Garganacl|99/100 par|[from] item: Leftovers
|-damage|p1a: Ribombee|31/100|[from] Salt Cure
|upkeep
|turn|10
|
|t:|1760434839
|switch|p1a: Great Tusk|Great Tusk|100/100
|move|p2a: Garganacl|Salt Cure|p1a: Great Tusk
|-resisted|p1a: Great Tusk
|-crit|p1a: Great Tusk
|-damage|p1a: Great Tusk|97/100
|-start|p1a: Great Tusk|Salt Cure
|
|-heal|p2a: Garganacl|100/100 par|[from] item: Leftovers
|-damage|p1a: Great Tusk|85/100|[from] Salt Cure
|upkeep
|turn|11
|
|t:|1760434854
|move|p2a: Garganacl|Protect|p2a: Garganacl
|-singleturn|p2a: Garganacl|Protect
|move|p1a: Great Tusk|Knock Off|p2a: Garganacl
|-activate|p2a: Garganacl|move: Protect
|
|-damage|p1a: Great Tusk|72/100|[from] Salt Cure
|upkeep
|turn|12
|
|t:|1760434875
|switch|p2a: Glimmora|Glimmora, F|100/100
|-activate|p2a: Glimmora|move: Sticky Web
|-unboost|p2a: Glimmora|spe|1
|-damage|p2a: Glimmora|76/100|[from] Spikes
|-damage|p2a: Glimmora|63/100|[from] Stealth Rock
|move|p1a: Great Tusk|Knock Off|p2a: Glimmora
|-damage|p2a: Glimmora|23/100
|-activate|p2a: Glimmora|ability: Toxic Debris
|-sidestart|p1: SML Shrek|move: Toxic Spikes
|-enditem|p2a: Glimmora|Power Herb|[from] move: Knock Off|[of] p1a: Great Tusk
|
|-damage|p1a: Great Tusk|60/100|[from] Salt Cure
|upkeep
|turn|13
|
|t:|1760434887
|move|p2a: Glimmora|Spiky Shield|p2a: Glimmora
|-singleturn|p2a: Glimmora|move: Protect
|move|p1a: Great Tusk|Headlong Rush|p2a: Glimmora
|-activate|p2a: Glimmora|move: Protect
|-damage|p1a: Great Tusk|48/100|[from] Spiky Shield|[of] p2a: Glimmora
|
|-damage|p1a: Great Tusk|35/100|[from] Salt Cure
|upkeep
|turn|14
|
|t:|1760434900
|-end|p1a: Great Tusk|Protosynthesis|[silent]
|switch|p1a: Gholdengo|Gholdengo|100/100
|-item|p1a: Gholdengo|Air Balloon
|move|p2a: Glimmora|Sludge Wave|p1a: Gholdengo
|-immune|p1a: Gholdengo
|
|upkeep
|turn|15
|
|t:|1760434907
|move|p1a: Gholdengo|Nasty Plot|p1a: Gholdengo
|-boost|p1a: Gholdengo|spa|2
|move|p2a: Glimmora|Meteor Beam||[still]
|-prepare|p2a: Glimmora|Meteor Beam
|-boost|p2a: Glimmora|spa|1
|
|upkeep
|turn|16
|
|t:|1760434913
|move|p1a: Gholdengo|Shadow Ball|p2a: Glimmora
|-damage|p2a: Glimmora|0 fnt
|faint|p2a: Glimmora
|
|upkeep
|
|t:|1760434917
|switch|p2a: Garganacl|Garganacl, F|100/100 par
|-activate|p2a: Garganacl|move: Sticky Web
|-unboost|p2a: Garganacl|spe|1
|-damage|p2a: Garganacl|75/100 par|[from] Spikes
|-damage|p2a: Garganacl|63/100 par|[from] Stealth Rock
|turn|17
|
|t:|1760434924
|-terastallize|p2a: Garganacl|Water
|move|p1a: Gholdengo|Make It Rain|p2a: Garganacl
|-resisted|p2a: Garganacl
|-damage|p2a: Garganacl|20/100 par
|-unboost|p1a: Gholdengo|spa|1
|move|p2a: Garganacl|Salt Cure|p1a: Gholdengo
|-resisted|p1a: Gholdengo
|-damage|p1a: Gholdengo|92/100
|-start|p1a: Gholdengo|Salt Cure
|-enditem|p1a: Gholdengo|Air Balloon
|
|-heal|p2a: Garganacl|26/100 par|[from] item: Leftovers
|-damage|p1a: Gholdengo|67/100|[from] Salt Cure
|upkeep
|turn|18
|
|t:|1760434939
|move|p2a: Garganacl|Protect|p2a: Garganacl
|-singleturn|p2a: Garganacl|Protect
|move|p1a: Gholdengo|Nasty Plot|p1a: Gholdengo
|-boost|p1a: Gholdengo|spa|2
|
|-heal|p2a: Garganacl|32/100 par|[from] item: Leftovers
|-damage|p1a: Gholdengo|42/100|[from] Salt Cure
|upkeep
|turn|19
|
|t:|1760434947
|move|p1a: Gholdengo|Shadow Ball|p2a: Garganacl
|-damage|p2a: Garganacl|0 fnt
|faint|p2a: Garganacl
|
|-damage|p1a: Gholdengo|17/100|[from] Salt Cure
|upkeep
|
|t:|1760434954
|switch|p2a: Gliscor|Gliscor, F|100/100
|-damage|p2a: Gliscor|88/100|[from] Stealth Rock
|turn|20
|
|t:|1760434961
|switch|p1a: Ribombee|Ribombee, F, shiny|31/100
|-status|p1a: Ribombee|psn
|move|p2a: Gliscor|Protect||[still]
|-fail|p2a: Gliscor
|
|-damage|p1a: Ribombee|18/100 psn|[from] psn
|-status|p2a: Gliscor|tox|[from] item: Toxic Orb
|upkeep
|turn|21
|
|t:|1760434972
|move|p1a: Ribombee|Skill Swap|p2a: Gliscor
|-activate|p1a: Ribombee|move: Skill Swap|Poison Heal|Shield Dust|[of] p2a: Gliscor
|move|p2a: Gliscor|Stealth Rock|p1a: Ribombee
|-sidestart|p1: SML Shrek|move: Stealth Rock
|
|-heal|p1a: Ribombee|31/100 psn|[from] ability: Poison Heal
|-damage|p2a: Gliscor|82/100 tox|[from] psn
|upkeep
|turn|22
|
|t:|1760434984
|switch|p1a: Gholdengo|Gholdengo|17/100
|-damage|p1a: Gholdengo|11/100|[from] Stealth Rock
|switch|p2a: Quaquaval|Quaquaval, F|100/100
|-activate|p2a: Quaquaval|move: Sticky Web
|-unboost|p2a: Quaquaval|spe|1
|-damage|p2a: Quaquaval|76/100|[from] Spikes
|-damage|p2a: Quaquaval|70/100|[from] Stealth Rock
|
|upkeep
|turn|23
|
|t:|1760434996
|move|p1a: Gholdengo|Shadow Ball|p2a: Quaquaval
|-damage|p2a: Quaquaval|6/100
|-unboost|p2a: Quaquaval|spd|1
|move|p2a: Quaquaval|Aqua Step|p1a: Gholdengo
|-damage|p1a: Gholdengo|0 fnt
|-boost|p2a: Quaquaval|spe|1
|faint|p1a: Gholdengo
|-ability|p2a: Quaquaval|Moxie|boost
|-boost|p2a: Quaquaval|atk|1
|
|upkeep
|
|t:|1760435007
|switch|p1a: Cinderace|Cinderace, F|100/100
|turn|24
|
|t:|1760435012
|move|p1a: Cinderace|U-turn|p2a: Quaquaval
|-start|p1a: Cinderace|typechange|Bug|[from] ability: Libero
|-resisted|p2a: Quaquaval
|-damage|p2a: Quaquaval|0 fnt
|faint|p2a: Quaquaval
|
|t:|1760435020
|switch|p1a: Ribombee|Ribombee, F, shiny|31/100 psn|[from] U-turn
|-damage|p1a: Ribombee|6/100 psn|[from] Stealth Rock
|
|-damage|p1a: Ribombee|0 fnt|[from] psn
|faint|p1a: Ribombee
|upkeep
|
|t:|1760435033
|switch|p1a: Sinistcha|Sinistcha-Masterpiece|100/100
|switch|p2a: Shiftry|Shiftry, M|100/100
|-activate|p2a: Shiftry|move: Sticky Web
|-unboost|p2a: Shiftry|spe|1
|-damage|p2a: Shiftry|76/100|[from] Spikes
|-damage|p2a: Shiftry|63/100|[from] Stealth Rock
|-status|p1a: Sinistcha|psn
|-damage|p1a: Sinistcha|88/100 psn|[from] Stealth Rock
|turn|25
|
|t:|1760435045
|move|p1a: Sinistcha|Strength Sap|p2a: Shiftry
|-unboost|p2a: Shiftry|atk|1
|-heal|p1a: Sinistcha|100/100 psn
|move|p2a: Shiftry|Tailwind|p2a: Shiftry
|-sidestart|p2: LionX_Pro|move: Tailwind
|-ability|p2a: Shiftry|Wind Rider|boost
|-boost|p2a: Shiftry|atk|1
|
|-damage|p1a: Sinistcha|88/100 psn|[from] psn
|upkeep
|turn|26
|
|t:|1760435056
|move|p2a: Shiftry|Knock Off|p1a: Sinistcha
|-supereffective|p1a: Sinistcha
|-damage|p1a: Sinistcha|9/100 psn
|-enditem|p1a: Sinistcha|Leftovers|[from] move: Knock Off|[of] p2a: Shiftry
|move|p1a: Sinistcha|Calm Mind|p1a: Sinistcha
|-boost|p1a: Sinistcha|spa|1
|-boost|p1a: Sinistcha|spd|1
|
|-damage|p1a: Sinistcha|0 fnt|[from] psn
|faint|p1a: Sinistcha
|upkeep
|
|t:|1760435067
|switch|p1a: Cinderace|Cinderace, F|100/100
|turn|27
|
|t:|1760435071
|move|p1a: Cinderace|U-turn|p2a: Shiftry
|-start|p1a: Cinderace|typechange|Bug|[from] ability: Libero
|-supereffective|p2a: Shiftry
|-damage|p2a: Shiftry|0 fnt
|faint|p2a: Shiftry
|
|t:|1760435076
|switch|p1a: Great Tusk|Great Tusk|35/100|[from] U-turn
|
|upkeep
|-message|SML Shrek forfeited.
|
|win|LionX_Pro
|raw|SML Shrek's rating: 1286 &rarr; <strong>1268</strong><br />(-18 for losing)
|raw|LionX_Pro's rating: 1385 &rarr; <strong>1399</strong><br />(+14 for winning)
|l|☆SML Shrek
|player|p1|
|l|☆LionX_Pro
|player|p2|
