|badge|p2|silver|gen9doublesou|30-7
|badge|p2|bronze|gen9ru|100-7
|uhtml|medal-msg|<div class="broadcast-blue">Curious what those medals under the avatar are? PS now has Ladder Seasons! For more information, check out the <a href="https://www.smogon.com/forums/threads/3740067/">thread on Smogon.</a></div>
|j|☆bellaisbad
|j|☆3idk
|t:|1760419386
|gametype|singles
|player|p1|bellaisbad|sabrina|1678
|player|p2|3idk|cynthia-masters|1646
|gen|9
|tier|[Gen 9] OU
|rated|
|rule|HP Percentage Mod: HP is shown in percentages
|rule|Endless Battle Clause: Forcing endless battles is banned
|rule|Species Clause: Limit one of each Pokémon
|rule|OHKO Clause: OHKO moves are banned
|rule|Evasion Items Clause: Evasion items are banned
|rule|Evasion Moves Clause: Evasion moves are banned
|rule|Evasion Abilities Clause: Evasion abilities are banned
|rule|Sleep Moves Clause: Sleep-inducing moves are banned
|clearpoke
|poke|p1|Kyurem|
|poke|p1|Corviknight, F|
|poke|p1|Ting-Lu|
|poke|p1|Suicune|
|poke|p1|Slowking-Galar, F|
|poke|p1|Cinderace, F|
|poke|p2|Pelipper, M|
|poke|p2|Tornadus-Therian, M|
|poke|p2|Iron Treads|
|poke|p2|Decidueye-Hisui, F|
|poke|p2|Barraskewda, F|
|poke|p2|Raging Bolt|
|teampreview
|inactive|Battle timer is ON: inactive players will automatically lose when time's up. (requested by 3idk)
|
|t:|1760419406
|teamsize|p1|6
|teamsize|p2|6
|start
|switch|p1a: Slowking|Slowking-Galar, F|100/100
|switch|p2a: Iron Treads|Iron Treads|100/100
|turn|1
|
|t:|1760419411
|move|p2a: Iron Treads|Knock Off|p1a: Slowking
|-supereffective|p1a: Slowking
|-damage|p1a: Slowking|53/100
|-enditem|p1a: Slowking|Heavy-Duty Boots|[from] move: Knock Off|[of] p2a: Iron Treads
|-prepare|p1a: Slowking|Chilly Reception|[premajor]
|move|p1a: Slowking|Chilly Reception|p1a: Slowking
|-weather|Snowscape
|
|t:|1760419415
|switch|p1a: Cinderace|Cinderace, F|100/100|[from] Chilly Reception
|
|-weather|Snowscape|[upkeep]
|upkeep
|turn|2
|
|t:|1760419420
|move|p1a: Cinderace|U-turn|p2a: Iron Treads
|-resisted|p2a: Iron Treads
|-damage|p2a: Iron Treads|93/100
|
|t:|1760419424
|switch|p1a: Corviknight|Corviknight, F|100/100|[from] U-turn
|-ability|p1a: Corviknight|Pressure
|move|p2a: Iron Treads|Stealth Rock|p1a: Corviknight
|-sidestart|p1: bellaisbad|move: Stealth Rock
|
|-weather|Snowscape|[upkeep]
|-heal|p2a: Iron Treads|99/100|[from] item: Leftovers
|upkeep
|turn|3
|
|t:|1760419427
|move|p2a: Iron Treads|Knock Off|p1a: Corviknight
|-damage|p1a: Corviknight|85/100
|-damage|p2a: Iron Treads|82/100|[from] item: Rocky Helmet|[of] p1a: Corviknight
|-enditem|p1a: Corviknight|Rocky Helmet|[from] move: Knock Off|[of] p2a: Iron Treads
|move|p1a: Corviknight|Defog|p2a: Iron Treads
|-unboost|p2a: Iron Treads|evasion|1
|-sideend|p1: bellaisbad|Stealth Rock|[from] move: Defog|[of] p1a: Corviknight
|
|-weather|Snowscape|[upkeep]
|-heal|p2a: Iron Treads|88/100|[from] item: Leftovers
|upkeep
|turn|4
|
|t:|1760419436
|switch|p1a: Cinderace|Cinderace, F|100/100
|move|p2a: Iron Treads|Stealth Rock|p1a: Cinderace
|-sidestart|p1: bellaisbad|move: Stealth Rock
|
|-weather|Snowscape|[upkeep]
|-heal|p2a: Iron Treads|94/100|[from] item: Leftovers
|upkeep
|turn|5
|
|t:|1760419441
|-end|p2a: Iron Treads|Quark Drive|[silent]
|switch|p2a: Pelipper|Pelipper, M|100/100
|-weather|RainDance|[from] ability: Drizzle|[of] p2a: Pelipper
|move|p1a: Cinderace|Pyro Ball|p2a: Pelipper
|-resisted|p2a: Pelipper
|-damage|p2a: Pelipper|91/100
|
|-weather|RainDance|[upkeep]
|upkeep
|turn|6
|
|t:|1760419445
|move|p1a: Cinderace|Court Change|p1a: Cinderace
|-swapsideconditions
|-activate|p1a: Cinderace|move: Court Change
|move|p2a: Pelipper|U-turn|p1a: Cinderace
|-resisted|p1a: Cinderace
|-damage|p1a: Cinderace|95/100
|
|t:|1760419449
|switch|p2a: Tornadus|Tornadus-Therian, M|100/100|[from] U-turn
|-damage|p2a: Tornadus|76/100|[from] Stealth Rock
|
|-weather|RainDance|[upkeep]
|upkeep
|turn|7
|
|t:|1760419453
|switch|p1a: Slowking|Slowking-Galar, F|87/100
|move|p2a: Tornadus|Hurricane|p1a: Slowking
|-damage|p1a: Slowking|45/100
|-start|p1a: Slowking|confusion
|
|-weather|RainDance|[upkeep]
|upkeep
|turn|8
|
|t:|1760419458
|switch|p1a: Ting-Lu|Ting-Lu|100/100
|-ability|p1a: Ting-Lu|Vessel of Ruin
|-terastallize|p2a: Tornadus|Flying
|move|p2a: Tornadus|Hurricane|p1a: Ting-Lu
|-damage|p1a: Ting-Lu|59/100
|
|-weather|RainDance|[upkeep]
|-heal|p1a: Ting-Lu|65/100|[from] item: Leftovers
|upkeep
|turn|9
|
|t:|1760419463
|move|p2a: Tornadus|Hurricane|p1a: Ting-Lu
|-damage|p1a: Ting-Lu|27/100
|-start|p1a: Ting-Lu|confusion
|-activate|p1a: Ting-Lu|confusion
|move|p1a: Ting-Lu|Rest|p1a: Ting-Lu
|-status|p1a: Ting-Lu|slp|[from] move: Rest
|-heal|p1a: Ting-Lu|100/100 slp|[silent]
|
|-weather|RainDance|[upkeep]
|upkeep
|turn|10
|
|t:|1760419468
|switch|p2a: Decidueye|Decidueye-Hisui, F|100/100
|-damage|p2a: Decidueye|94/100|[from] Stealth Rock
|cant|p1a: Ting-Lu|slp
|-activate|p1a: Ting-Lu|confusion
|move|p1a: Ting-Lu|Sleep Talk|p1a: Ting-Lu
|move|p1a: Ting-Lu|Earthquake|p2a: Decidueye|[from] move: Sleep Talk
|-resisted|p2a: Decidueye
|-damage|p2a: Decidueye|80/100
|
|-weather|RainDance|[upkeep]
|upkeep
|turn|11
|
|t:|1760419472
|switch|p1a: Corviknight|Corviknight, F|85/100
|-ability|p1a: Corviknight|Pressure
|move|p2a: Decidueye|Defog|p1a: Corviknight
|-unboost|p1a: Corviknight|evasion|1
|-sideend|p2: 3idk|Stealth Rock|[from] move: Defog|[of] p2a: Decidueye
|
|-weather|RainDance|[upkeep]
|upkeep
|turn|12
|
|t:|1760419480
|switch|p2a: Tornadus|Tornadus-Therian, M, tera:Flying|100/100
|move|p1a: Corviknight|Body Press|p2a: Tornadus
|-resisted|p2a: Tornadus
|-damage|p2a: Tornadus|81/100
|
|-weather|none
|upkeep
|turn|13
|
|t:|1760419491
|switch|p1a: Ting-Lu|Ting-Lu|100/100 slp
|-ability|p1a: Ting-Lu|Vessel of Ruin
|move|p2a: Tornadus|Hurricane|p1a: Ting-Lu
|-damage|p1a: Ting-Lu|56/100 slp
|
|-heal|p1a: Ting-Lu|62/100 slp|[from] item: Leftovers
|upkeep
|turn|14
|
|t:|1760419497
|move|p2a: Tornadus|Hurricane|p1a: Ting-Lu
|-damage|p1a: Ting-Lu|23/100 slp
|cant|p1a: Ting-Lu|slp
|move|p1a: Ting-Lu|Sleep Talk|p1a: Ting-Lu
|move|p1a: Ting-Lu|Payback|p2a: Tornadus|[from] move: Sleep Talk
|-damage|p2a: Tornadus|28/100
|
|-heal|p1a: Ting-Lu|30/100 slp|[from] item: Leftovers
|upkeep
|turn|15
|
|t:|1760419503
|move|p2a: Tornadus|Hurricane|p1a: Ting-Lu
|-damage|p1a: Ting-Lu|0 fnt
|faint|p1a: Ting-Lu
|
|upkeep
|
|t:|1760419505
|switch|p1a: Kyurem|Kyurem|100/100
|-ability|p1a: Kyurem|Pressure
|turn|16
|
|t:|1760419510
|switch|p2a: Iron Treads|Iron Treads|94/100
|move|p1a: Kyurem|Freeze-Dry|p2a: Iron Treads
|-damage|p2a: Iron Treads|67/100
|
|-heal|p2a: Iron Treads|73/100|[from] item: Leftovers
|upkeep
|turn|17
|
|t:|1760419515
|move|p1a: Kyurem|Earth Power|p2a: Iron Treads
|-supereffective|p2a: Iron Treads
|-damage|p2a: Iron Treads|21/100
|move|p2a: Iron Treads|Stealth Rock|p1a: Kyurem
|-sidestart|p1: bellaisbad|move: Stealth Rock
|
|-heal|p2a: Iron Treads|27/100|[from] item: Leftovers
|upkeep
|turn|18
|
|t:|1760419520
|move|p1a: Kyurem|Freeze-Dry|p2a: Iron Treads
|-damage|p2a: Iron Treads|0 fnt
|faint|p2a: Iron Treads
|-end|p2a: Iron Treads|Quark Drive|[silent]
|
|upkeep
|
|t:|1760419525
|switch|p2a: Barraskewda|Barraskewda, F|100/100
|turn|19
|
|t:|1760419528
|move|p1a: Kyurem|Protect|p1a: Kyurem
|-singleturn|p1a: Kyurem|Protect
|move|p2a: Barraskewda|Close Combat|p1a: Kyurem
|-activate|p1a: Kyurem|move: Protect
|
|upkeep
|turn|20
|
|t:|1760419531
|move|p2a: Barraskewda|Flip Turn|p1a: Kyurem
|-resisted|p1a: Kyurem
|-damage|p1a: Kyurem|81/100
|-damage|p2a: Barraskewda|91/100|[from] item: Life Orb
|
|t:|1760419540
|switch|p2a: Decidueye|Decidueye-Hisui, F|80/100|[from] Flip Turn
|move|p1a: Kyurem|Freeze-Dry|p2a: Decidueye
|-supereffective|p2a: Decidueye
|-damage|p2a: Decidueye|17/100
|
|-heal|p1a: Kyurem|87/100|[from] item: Leftovers
|upkeep
|turn|21
|
|t:|1760419544
|move|p1a: Kyurem|Protect|p1a: Kyurem
|-singleturn|p1a: Kyurem|Protect
|move|p2a: Decidueye|Triple Arrows|p1a: Kyurem
|-activate|p1a: Kyurem|move: Protect
|
|-heal|p1a: Kyurem|94/100|[from] item: Leftovers
|upkeep
|turn|22
|
|t:|1760419546
|move|p1a: Kyurem|Freeze-Dry|p2a: Decidueye
|-supereffective|p2a: Decidueye
|-damage|p2a: Decidueye|0 fnt
|faint|p2a: Decidueye
|
|-heal|p1a: Kyurem|99/100|[from] item: Leftovers
|upkeep
|
|t:|1760419549
|switch|p2a: Barraskewda|Barraskewda, F|91/100
|turn|23
|
|t:|1760419551
|move|p1a: Kyurem|Protect|p1a: Kyurem
|-singleturn|p1a: Kyurem|Protect
|move|p2a: Barraskewda|Close Combat|p1a: Kyurem
|-activate|p1a: Kyurem|move: Protect
|
|-heal|p1a: Kyurem|100/100|[from] item: Leftovers
|upkeep
|turn|24
|
|t:|1760419556
|move|p2a: Barraskewda|Close Combat|p1a: Kyurem
|-supereffective|p1a: Kyurem
|-damage|p1a: Kyurem|0 fnt
|-unboost|p2a: Barraskewda|def|1
|-unboost|p2a: Barraskewda|spd|1
|faint|p1a: Kyurem
|-damage|p2a: Barraskewda|81/100|[from] item: Life Orb
|
|upkeep
|
|t:|1760419561
|switch|p1a: Suicune|Suicune|100/100
|-damage|p1a: Suicune|88/100|[from] Stealth Rock
|-ability|p1a: Suicune|Pressure
|turn|25
|
|t:|1760419566
|move|p2a: Barraskewda|Close Combat|p1a: Suicune
|-damage|p1a: Suicune|55/100
|-unboost|p2a: Barraskewda|def|1
|-unboost|p2a: Barraskewda|spd|1
|-damage|p2a: Barraskewda|71/100|[from] item: Life Orb
|move|p1a: Suicune|Calm Mind|p1a: Suicune
|-boost|p1a: Suicune|spa|1
|-boost|p1a: Suicune|spd|1
|
|-heal|p1a: Suicune|61/100|[from] item: Leftovers
|upkeep
|turn|26
|
|t:|1760419573
|switch|p2a: Pelipper|Pelipper, M|91/100
|-weather|RainDance|[from] ability: Drizzle|[of] p2a: Pelipper
|move|p1a: Suicune|Calm Mind|p1a: Suicune
|-boost|p1a: Suicune|spa|1
|-boost|p1a: Suicune|spd|1
|
|-weather|RainDance|[upkeep]
|-heal|p1a: Suicune|68/100|[from] item: Leftovers
|upkeep
|turn|27
|
|t:|1760419578
|switch|p2a: Raging Bolt|Raging Bolt|100/100
|-enditem|p2a: Raging Bolt|Booster Energy
|-activate|p2a: Raging Bolt|ability: Protosynthesis|[fromitem]
|-start|p2a: Raging Bolt|protosynthesisspa
|move|p1a: Suicune|Protect||[still]
|-fail|p1a: Suicune
|
|-weather|RainDance|[upkeep]
|-heal|p1a: Suicune|74/100|[from] item: Leftovers
|upkeep
|turn|28
|
|t:|1760419584
|move|p1a: Suicune|Protect|p1a: Suicune
|-singleturn|p1a: Suicune|Protect
|move|p2a: Raging Bolt|Thunder|p1a: Suicune
|-activate|p1a: Suicune|move: Protect
|
|-weather|RainDance|[upkeep]
|-heal|p1a: Suicune|80/100|[from] item: Leftovers
|upkeep
|turn|29
|
|t:|1760419604
|-terastallize|p1a: Suicune|Fairy
|move|p2a: Raging Bolt|Thunder|p1a: Suicune
|-damage|p1a: Suicune|49/100
|move|p1a: Suicune|Calm Mind|p1a: Suicune
|-boost|p1a: Suicune|spa|1
|-boost|p1a: Suicune|spd|1
|
|-weather|RainDance|[upkeep]
|-heal|p1a: Suicune|55/100|[from] item: Leftovers
|upkeep
|turn|30
|
|t:|1760419609
|move|p1a: Suicune|Protect|p1a: Suicune
|-singleturn|p1a: Suicune|Protect
|move|p2a: Raging Bolt|Thunder|p1a: Suicune
|-activate|p1a: Suicune|move: Protect
|
|-weather|RainDance|[upkeep]
|-heal|p1a: Suicune|61/100|[from] item: Leftovers
|upkeep
|turn|31
|
|t:|1760419623
|move|p2a: Raging Bolt|Thunder|p1a: Suicune
|-damage|p1a: Suicune|34/100
|move|p1a: Suicune|Scald|p2a: Raging Bolt
|-resisted|p2a: Raging Bolt
|-damage|p2a: Raging Bolt|58/100
|
|-weather|RainDance|[upkeep]
|-heal|p1a: Suicune|40/100|[from] item: Leftovers
|upkeep
|turn|32
|
|t:|1760419630
|move|p1a: Suicune|Protect|p1a: Suicune
|-singleturn|p1a: Suicune|Protect
|move|p2a: Raging Bolt|Thunder|p1a: Suicune
|-activate|p1a: Suicune|move: Protect
|
|-weather|RainDance|[upkeep]
|-heal|p1a: Suicune|47/100|[from] item: Leftovers
|upkeep
|turn|33
|
|t:|1760419633
|move|p2a: Raging Bolt|Thunder|p1a: Suicune
|-damage|p1a: Suicune|21/100
|-status|p1a: Suicune|par
|move|p1a: Suicune|Scald|p2a: Raging Bolt
|-resisted|p2a: Raging Bolt
|-damage|p2a: Raging Bolt|13/100
|-status|p2a: Raging Bolt|brn
|
|-weather|none
|-heal|p1a: Suicune|27/100 par|[from] item: Leftovers
|-damage|p2a: Raging Bolt|7/100 brn|[from] brn
|upkeep
|turn|34
|
|t:|1760419640
|move|p1a: Suicune|Protect|p1a: Suicune
|-singleturn|p1a: Suicune|Protect
|move|p2a: Raging Bolt|Thunder|p1a: Suicune
|-activate|p1a: Suicune|move: Protect
|
|-heal|p1a: Suicune|33/100 par|[from] item: Leftovers
|-damage|p2a: Raging Bolt|1/100 brn|[from] brn
|upkeep
|turn|35
|
|t:|1760419647
|move|p1a: Suicune|Protect||[still]
|-fail|p1a: Suicune
|move|p2a: Raging Bolt|Thunder|p1a: Suicune
|-damage|p1a: Suicune|8/100 par
|
|-heal|p1a: Suicune|15/100 par|[from] item: Leftovers
|-damage|p2a: Raging Bolt|0 fnt|[from] brn
|faint|p2a: Raging Bolt
|-end|p2a: Raging Bolt|Protosynthesis|[silent]
|upkeep
|
|t:|1760419652
|switch|p2a: Barraskewda|Barraskewda, F|71/100
|turn|36
|
|t:|1760419655
|move|p1a: Suicune|Protect|p1a: Suicune
|-singleturn|p1a: Suicune|Protect
|move|p2a: Barraskewda|Liquidation|p1a: Suicune
|-activate|p1a: Suicune|move: Protect
|
|-heal|p1a: Suicune|21/100 par|[from] item: Leftovers
|upkeep
|turn|37
|
|t:|1760419662
|move|p2a: Barraskewda|Liquidation|p1a: Suicune
|-damage|p1a: Suicune|0 fnt
|faint|p1a: Suicune
|-damage|p2a: Barraskewda|61/100|[from] item: Life Orb
|
|upkeep
|
|t:|1760419667
|switch|p1a: Corviknight|Corviknight, F|85/100
|-damage|p1a: Corviknight|73/100|[from] Stealth Rock
|-ability|p1a: Corviknight|Pressure
|turn|38
|
|t:|1760419671
|switch|p2a: Pelipper|Pelipper, M|91/100
|-weather|RainDance|[from] ability: Drizzle|[of] p2a: Pelipper
|move|p1a: Corviknight|Roost|p1a: Corviknight
|-heal|p1a: Corviknight|100/100
|-singleturn|p1a: Corviknight|move: Roost
|
|-weather|RainDance|[upkeep]
|upkeep
|turn|39
|
|t:|1760419678
|move|p1a: Corviknight|Iron Defense|p1a: Corviknight
|-boost|p1a: Corviknight|def|2
|move|p2a: Pelipper|Surf|p1a: Corviknight
|-damage|p1a: Corviknight|54/100
|
|-weather|RainDance|[upkeep]
|upkeep
|turn|40
|
|t:|1760419682
|move|p1a: Corviknight|Roost|p1a: Corviknight
|-heal|p1a: Corviknight|100/100
|-singleturn|p1a: Corviknight|move: Roost
|move|p2a: Pelipper|Surf|p1a: Corviknight
|-damage|p1a: Corviknight|57/100
|
|-weather|RainDance|[upkeep]
|upkeep
|turn|41
|
|t:|1760419686
|move|p1a: Corviknight|Roost|p1a: Corviknight
|-heal|p1a: Corviknight|100/100
|-singleturn|p1a: Corviknight|move: Roost
|move|p2a: Pelipper|Surf|p1a: Corviknight
|-damage|p1a: Corviknight|54/100
|
|-weather|RainDance|[upkeep]
|upkeep
|turn|42
|
|t:|1760419689
|move|p1a: Corviknight|Roost|p1a: Corviknight
|-heal|p1a: Corviknight|100/100
|-singleturn|p1a: Corviknight|move: Roost
|move|p2a: Pelipper|Surf|p1a: Corviknight
|-damage|p1a: Corviknight|58/100
|
|-weather|RainDance|[upkeep]
|upkeep
|turn|43
|
|t:|1760419692
|move|p1a: Corviknight|Roost|p1a: Corviknight
|-heal|p1a: Corviknight|100/100
|-singleturn|p1a: Corviknight|move: Roost
|move|p2a: Pelipper|Surf|p1a: Corviknight
|-damage|p1a: Corviknight|58/100
|
|-weather|RainDance|[upkeep]
|upkeep
|turn|44
|
|t:|1760419695
|move|p1a: Corviknight|Roost|p1a: Corviknight
|-heal|p1a: Corviknight|100/100
|-singleturn|p1a: Corviknight|move: Roost
|move|p2a: Pelipper|Surf|p1a: Corviknight
|-damage|p1a: Corviknight|57/100
|
|-weather|RainDance|[upkeep]
|upkeep
|turn|45
|
|t:|1760419697
|move|p1a: Corviknight|Roost|p1a: Corviknight
|-heal|p1a: Corviknight|100/100
|-singleturn|p1a: Corviknight|move: Roost
|move|p2a: Pelipper|Surf|p1a: Corviknight
|-damage|p1a: Corviknight|57/100
|
|-weather|none
|upkeep
|turn|46
|
|t:|1760419701
|move|p1a: Corviknight|Roost|p1a: Corviknight
|-heal|p1a: Corviknight|100/100
|-singleturn|p1a: Corviknight|move: Roost
|move|p2a: Pelipper|U-turn|p1a: Corviknight
|-resisted|p1a: Corviknight
|-damage|p1a: Corviknight|99/100
|
|t:|1760419704
|switch|p2a: Tornadus|Tornadus-Therian, M, tera:Flying|61/100|[from] U-turn
|
|upkeep
|turn|47
|
|t:|1760419708
|switch|p1a: Slowking|Slowking-Galar, F|78/100
|-damage|p1a: Slowking|66/100|[from] Stealth Rock
|move|p2a: Tornadus|Focus Blast|p1a: Slowking
|-resisted|p1a: Slowking
|-damage|p1a: Slowking|58/100
|
|upkeep
|turn|48
|
|t:|1760419713
|switch|p2a: Pelipper|Pelipper, M|91/100
|-weather|RainDance|[from] ability: Drizzle|[of] p2a: Pelipper
|move|p1a: Slowking|Sludge Bomb|p2a: Pelipper
|-damage|p2a: Pelipper|42/100
|-status|p2a: Pelipper|psn
|
|-weather|RainDance|[upkeep]
|-damage|p2a: Pelipper|30/100 psn|[from] psn
|upkeep
|turn|49
|
|t:|1760419718
|move|p2a: Pelipper|Roost|p2a: Pelipper
|-heal|p2a: Pelipper|80/100 psn
|-singleturn|p2a: Pelipper|move: Roost
|-prepare|p1a: Slowking|Chilly Reception|[premajor]
|move|p1a: Slowking|Chilly Reception|p1a: Slowking
|-weather|Snowscape
|
|t:|1760419722
|switch|p1a: Cinderace|Cinderace, F|95/100|[from] Chilly Reception
|
|-weather|Snowscape|[upkeep]
|-damage|p2a: Pelipper|68/100 psn|[from] psn
|upkeep
|turn|50
|
|t:|1760419725
|move|p1a: Cinderace|Court Change|p1a: Cinderace
|-swapsideconditions
|-activate|p1a: Cinderace|move: Court Change
|move|p2a: Pelipper|U-turn|p1a: Cinderace
|-resisted|p1a: Cinderace
|-damage|p1a: Cinderace|90/100
|
|t:|1760419730
|switch|p2a: Barraskewda|Barraskewda, F|61/100|[from] U-turn
|-damage|p2a: Barraskewda|49/100|[from] Stealth Rock
|
|-weather|Snowscape|[upkeep]
|upkeep
|turn|51
|inactive|bellaisbad has 120 seconds left.
|
|t:|1760419760
|switch|p1a: Corviknight|Corviknight, F|99/100
|-ability|p1a: Corviknight|Pressure
|move|p2a: Barraskewda|Aqua Jet|p1a: Corviknight
|-damage|p1a: Corviknight|81/100
|-damage|p2a: Barraskewda|39/100|[from] item: Life Orb
|
|-weather|Snowscape|[upkeep]
|upkeep
|turn|52
|
|t:|1760419765
|move|p2a: Barraskewda|Flip Turn|p1a: Corviknight
|-damage|p1a: Corviknight|57/100
|-damage|p2a: Barraskewda|29/100|[from] item: Life Orb
|
|t:|1760419772
|switch|p2a: Pelipper|Pelipper, M|68/100 psn|[from] Flip Turn
|-damage|p2a: Pelipper|43/100 psn|[from] Stealth Rock
|-weather|RainDance|[from] ability: Drizzle|[of] p2a: Pelipper
|move|p1a: Corviknight|Body Press|p2a: Pelipper
|-resisted|p2a: Pelipper
|-damage|p2a: Pelipper|33/100 psn
|
|-weather|RainDance|[upkeep]
|-damage|p2a: Pelipper|20/100 psn|[from] psn
|upkeep
|turn|53
|
|t:|1760419778
|switch|p1a: Slowking|Slowking-Galar, F|91/100
|move|p2a: Pelipper|Roost|p2a: Pelipper
|-heal|p2a: Pelipper|70/100 psn
|-singleturn|p2a: Pelipper|move: Roost
|
|-weather|RainDance|[upkeep]
|-damage|p2a: Pelipper|58/100 psn|[from] psn
|upkeep
|turn|54
|
|t:|1760419781
|move|p2a: Pelipper|U-turn|p1a: Slowking
|-damage|p1a: Slowking|82/100
|
|t:|1760419784
|switch|p2a: Tornadus|Tornadus-Therian, M, tera:Flying|94/100|[from] U-turn
|-damage|p2a: Tornadus|69/100|[from] Stealth Rock
|-prepare|p1a: Slowking|Chilly Reception|[premajor]
|move|p1a: Slowking|Chilly Reception|p1a: Slowking
|-weather|Snowscape
|
|t:|1760419787
|switch|p1a: Cinderace|Cinderace, F|90/100|[from] Chilly Reception
|
|-weather|Snowscape|[upkeep]
|upkeep
|turn|55
|
|t:|1760419789
|move|p2a: Tornadus|Hurricane|p1a: Cinderace
|-damage|p1a: Cinderace|0 fnt
|faint|p1a: Cinderace
|
|-weather|Snowscape|[upkeep]
|upkeep
|
|t:|1760419792
|switch|p1a: Slowking|Slowking-Galar, F|100/100
|turn|56
|
|t:|1760419795
|move|p2a: Tornadus|Hurricane|p1a: Slowking
|-damage|p1a: Slowking|37/100
|move|p1a: Slowking|Sludge Bomb|p2a: Tornadus
|-damage|p2a: Tornadus|31/100
|-status|p2a: Tornadus|psn
|
|-weather|Snowscape|[upkeep]
|-damage|p2a: Tornadus|19/100 psn|[from] psn
|upkeep
|turn|57
|
|t:|1760419808
|move|p2a: Tornadus|Hurricane|p1a: Slowking
|-crit|p1a: Slowking
|-damage|p1a: Slowking|0 fnt
|faint|p1a: Slowking
|
|-weather|Snowscape|[upkeep]
|-damage|p2a: Tornadus|6/100 psn|[from] psn
|upkeep
|
|t:|1760419810
|switch|p1a: Corviknight|Corviknight, F|57/100
|-ability|p1a: Corviknight|Pressure
|turn|58
|
|t:|1760419814
|move|p2a: Tornadus|Hurricane|p1a: Corviknight
|-resisted|p1a: Corviknight
|-damage|p1a: Corviknight|9/100
|move|p1a: Corviknight|Body Press|p2a: Tornadus
|-resisted|p2a: Tornadus
|-damage|p2a: Tornadus|0 fnt
|faint|p2a: Tornadus
|
|-weather|none
|upkeep
|
|t:|1760419817
|switch|p2a: Barraskewda|Barraskewda, F|29/100
|-damage|p2a: Barraskewda|17/100|[from] Stealth Rock
|turn|59
|c|☆3idk|ggs
|c|☆bellaisbad|gg
|
|t:|1760419822
|move|p2a: Barraskewda|Liquidation|p1a: Corviknight
|-damage|p1a: Corviknight|0 fnt
|faint|p1a: Corviknight
|-damage|p2a: Barraskewda|7/100|[from] item: Life Orb
|
|win|3idk
|raw|bellaisbad's rating: 1678 &rarr; <strong>1655</strong><br />(-23 for losing)
|raw|3idk's rating: 1624 &rarr; <strong>1647</strong><br />(+23 for winning)
|l|☆bellaisbad
|player|p1|
