|j|☆OUZQ Crocodile
|j|☆DIGIWAYNE123
|t:|1760434637
|gametype|singles
|player|p1|OUZQ Crocodile|gentleman-gen4dp|1638
|player|p2|DIGIWAYNE123|swimmerf-gen4|1683
|gen|9
|tier|[Gen 9] OU
|rated|
|rule|HP Percentage Mod: HP is shown in percentages
|rule|Endless Battle Clause: Forcing endless battles is banned
|rule|Species Clause: Limit one of each Pokémon
|rule|OHKO Clause: OHKO moves are banned
|rule|Evasion Items Clause: Evasion items are banned
|rule|Evasion Moves Clause: Evasion moves are banned
|rule|Evasion Abilities Clause: Evasion abilities are banned
|rule|Sleep Moves Clause: Sleep-inducing moves are banned
|clearpoke
|poke|p1|Okidogi, M|
|poke|p1|Rillaboom, F|
|poke|p1|Kingambit, F|
|poke|p1|Raging Bolt|
|poke|p1|Ogerpon-Wellspring, F|
|poke|p1|Heatran, M|
|poke|p2|Armarouge, M|
|poke|p2|Indeedee, M|
|poke|p2|Great Tusk|
|poke|p2|Hoopa-Unbound|
|poke|p2|Scream Tail|
|poke|p2|Drednaw, M|
|teampreview
|inactive|Battle timer is ON: inactive players will automatically lose when time's up. (requested by OUZQ Crocodile)
|
|t:|1760434652
|teamsize|p1|6
|teamsize|p2|6
|start
|switch|p1a: Ogerpon|Ogerpon-Wellspring, F|100/100
|switch|p2a: Scream Tail|Scream Tail|100/100
|-enditem|p2a: Scream Tail|Booster Energy
|-activate|p2a: Scream Tail|ability: Protosynthesis|[fromitem]
|-start|p2a: Scream Tail|protosynthesisspe
|turn|1
|
|t:|1760434656
|move|p2a: Scream Tail|Thunder Wave|p1a: Ogerpon
|-status|p1a: Ogerpon|par
|move|p1a: Ogerpon|Swords Dance|p1a: Ogerpon
|-boost|p1a: Ogerpon|atk|2
|
|upkeep
|turn|2
|
|t:|1760434660
|move|p2a: Scream Tail|Stealth Rock|p1a: Ogerpon
|-sidestart|p1: OUZQ Crocodile|move: Stealth Rock
|cant|p1a: Ogerpon|par
|
|upkeep
|turn|3
|
|t:|1760434675
|-end|p2a: Scream Tail|Protosynthesis|[silent]
|switch|p2a: Indeedee|Indeedee, M|100/100
|-fieldstart|move: Psychic Terrain|[from] ability: Psychic Surge|[of] p2a: Indeedee
|move|p1a: Ogerpon|Ivy Cudgel|p2a: Indeedee|[anim] Ivy Cudgel Water
|-damage|p2a: Indeedee|0 fnt
|faint|p2a: Indeedee
|
|upkeep
|
|t:|1760434677
|switch|p2a: Armarouge|Armarouge, M|100/100
|turn|4
|
|t:|1760434687
|move|p2a: Armarouge|Expanding Force|p1a: Ogerpon
|-damage|p1a: Ogerpon|8/100 par
|move|p1a: Ogerpon|Ivy Cudgel|p2a: Armarouge|[anim] Ivy Cudgel Water
|-supereffective|p2a: Armarouge
|-enditem|p2a: Armarouge|Focus Sash
|-damage|p2a: Armarouge|1/100
|-ability|p2a: Armarouge|Weak Armor|boost
|-unboost|p2a: Armarouge|def|1
|-boost|p2a: Armarouge|spe|2
|
|upkeep
|turn|5
|j| wgw2333
|
|t:|1760434694
|move|p2a: Armarouge|Expanding Force|p1a: Ogerpon
|-damage|p1a: Ogerpon|0 fnt
|faint|p1a: Ogerpon
|
|upkeep
|
|t:|1760434697
|switch|p1a: Rillaboom|Rillaboom, F|100/100
|-damage|p1a: Rillaboom|88/100|[from] Stealth Rock
|-fieldstart|move: Grassy Terrain|[from] ability: Grassy Surge|[of] p1a: Rillaboom
|turn|6
|
|t:|1760434701
|switch|p2a: Scream Tail|Scream Tail|100/100
|move|p1a: Rillaboom|Grassy Glide|p2a: Scream Tail
|-damage|p2a: Scream Tail|70/100
|
|-heal|p2a: Scream Tail|77/100|[from] Grassy Terrain
|-heal|p1a: Rillaboom|94/100|[from] Grassy Terrain
|upkeep
|turn|7
|
|t:|1760434705
|move|p2a: Scream Tail|Wish|p2a: Scream Tail
|move|p1a: Rillaboom|U-turn|p2a: Scream Tail
|-damage|p2a: Scream Tail|58/100
|
|t:|1760434712
|switch|p1a: Heatran|Heatran, M|100/100|[from] U-turn
|-damage|p1a: Heatran|88/100|[from] Stealth Rock
|
|-heal|p2a: Scream Tail|65/100|[from] Grassy Terrain
|-heal|p1a: Heatran|94/100|[from] Grassy Terrain
|-heal|p1a: Heatran|99/100|[from] item: Leftovers
|upkeep
|turn|8
|
|t:|1760434715
|move|p2a: Scream Tail|Thunder Wave|p1a: Heatran|[miss]
|-miss|p2a: Scream Tail|p1a: Heatran
|move|p1a: Heatran|Magma Storm|p2a: Scream Tail
|-damage|p2a: Scream Tail|28/100
|-activate|p2a: Scream Tail|move: Magma Storm|[of] p1a: Heatran
|
|-heal|p2a: Scream Tail|78/100|[from] move: Wish|[wisher] Scream Tail
|-heal|p2a: Scream Tail|84/100|[from] Grassy Terrain
|-heal|p1a: Heatran|100/100|[from] Grassy Terrain
|-damage|p2a: Scream Tail|72/100|[from] move: Magma Storm|[partiallytrapped]
|upkeep
|turn|9
|
|t:|1760434720
|move|p2a: Scream Tail|Thunder Wave|p1a: Heatran
|-status|p1a: Heatran|par
|move|p1a: Heatran|Taunt|p2a: Scream Tail
|-start|p2a: Scream Tail|move: Taunt
|
|-heal|p2a: Scream Tail|78/100|[from] Grassy Terrain
|-damage|p2a: Scream Tail|65/100|[from] move: Magma Storm|[partiallytrapped]
|upkeep
|turn|10
|
|t:|1760434729
|move|p2a: Scream Tail|Misty Explosion|p1a: Heatran
|-resisted|p1a: Heatran
|-damage|p1a: Heatran|95/100 par
|faint|p2a: Scream Tail
|-end|p2a: Scream Tail|Protosynthesis|[silent]
|move|p1a: Heatran|Magma Storm|p2: Scream Tail|[notarget]
|-fail|p1a: Heatran
|
|-heal|p1a: Heatran|100/100 par|[from] Grassy Terrain
|upkeep
|
|t:|1760434737
|switch|p2a: Hoopa|Hoopa-Unbound|100/100
|turn|11
|
|t:|1760434744
|move|p2a: Hoopa|Dark Pulse|p1a: Heatran
|-damage|p1a: Heatran|46/100 par
|cant|p1a: Heatran|flinch
|
|-heal|p1a: Heatran|52/100 par|[from] Grassy Terrain
|-heal|p1a: Heatran|58/100 par|[from] item: Leftovers
|upkeep
|turn|12
|
|t:|1760434750
|switch|p1a: Okidogi|Okidogi, M|100/100
|-damage|p1a: Okidogi|94/100|[from] Stealth Rock
|move|p2a: Hoopa|Dark Pulse|p1a: Okidogi
|-resisted|p1a: Okidogi
|-damage|p1a: Okidogi|72/100
|
|-heal|p1a: Okidogi|78/100|[from] Grassy Terrain
|-heal|p1a: Okidogi|84/100|[from] item: Leftovers
|upkeep
|turn|13
|
|t:|1760434752
|move|p1a: Okidogi|Bulk Up|p1a: Okidogi
|-boost|p1a: Okidogi|atk|1
|-boost|p1a: Okidogi|def|1
|move|p2a: Hoopa|Expanding Force|p1a: Okidogi
|-supereffective|p1a: Okidogi
|-damage|p1a: Okidogi|0 fnt
|faint|p1a: Okidogi
|
|-fieldend|move: Grassy Terrain
|upkeep
|
|t:|1760434763
|switch|p1a: Rillaboom|Rillaboom, F|94/100
|-damage|p1a: Rillaboom|82/100|[from] Stealth Rock
|-fieldstart|move: Grassy Terrain|[from] ability: Grassy Surge|[of] p1a: Rillaboom
|turn|14
|
|t:|1760434769
|switch|p2a: Armarouge|Armarouge, M|1/100
|move|p1a: Rillaboom|U-turn|p2a: Armarouge
|-damage|p2a: Armarouge|0 fnt
|faint|p2a: Armarouge
|
|t:|1760434774
|switch|p1a: Raging Bolt|Raging Bolt|100/100|[from] U-turn
|-damage|p1a: Raging Bolt|88/100|[from] Stealth Rock
|-enditem|p1a: Raging Bolt|Grassy Seed
|-boost|p1a: Raging Bolt|def|1|[from] item: Grassy Seed
|
|-heal|p1a: Raging Bolt|94/100|[from] Grassy Terrain
|upkeep
|
|t:|1760434779
|switch|p2a: Drednaw|Drednaw, M|100/100
|turn|15
|inactive|OUZQ Crocodile has 120 seconds left.
|inactive|OUZQ Crocodile has 90 seconds left.
|
|t:|1760434843
|-terastallize|p2a: Drednaw|Ground
|move|p2a: Drednaw|Shell Smash|p2a: Drednaw
|-unboost|p2a: Drednaw|def|1
|-unboost|p2a: Drednaw|spd|1
|-boost|p2a: Drednaw|atk|2
|-boost|p2a: Drednaw|spa|2
|-boost|p2a: Drednaw|spe|2
|move|p1a: Raging Bolt|Thunderbolt|p2a: Drednaw
|-immune|p2a: Drednaw
|
|-heal|p1a: Raging Bolt|100/100|[from] Grassy Terrain
|upkeep
|turn|16
|inactive|OUZQ Crocodile has 90 seconds left.
|
|t:|1760434858
|move|p2a: Drednaw|Ice Fang|p1a: Raging Bolt
|-supereffective|p1a: Raging Bolt
|-damage|p1a: Raging Bolt|44/100
|move|p1a: Raging Bolt|Dragon Pulse|p2a: Drednaw
|-damage|p2a: Drednaw|9/100
|
|-heal|p2a: Drednaw|15/100|[from] Grassy Terrain
|-heal|p1a: Raging Bolt|50/100|[from] Grassy Terrain
|upkeep
|turn|17
|inactive|OUZQ Crocodile has 90 seconds left.
|
|t:|1760434865
|-end|p1a: Raging Bolt|Protosynthesis|[silent]
|switch|p1a: Heatran|Heatran, M|58/100 par
|-damage|p1a: Heatran|46/100 par|[from] Stealth Rock
|move|p2a: Drednaw|Ice Fang|p1a: Heatran
|-resisted|p1a: Heatran
|-damage|p1a: Heatran|32/100 par
|
|-heal|p2a: Drednaw|21/100|[from] Grassy Terrain
|-heal|p1a: Heatran|38/100 par|[from] Grassy Terrain
|-heal|p1a: Heatran|44/100 par|[from] item: Leftovers
|upkeep
|turn|18
|
|t:|1760434871
|move|p2a: Drednaw|Liquidation|p1a: Heatran
|-supereffective|p1a: Heatran
|-damage|p1a: Heatran|0 fnt
|faint|p1a: Heatran
|
|-heal|p2a: Drednaw|28/100|[from] Grassy Terrain
|upkeep
|
|t:|1760434873
|switch|p1a: Rillaboom|Rillaboom, F|82/100
|-damage|p1a: Rillaboom|69/100|[from] Stealth Rock
|turn|19
|
|t:|1760434876
|move|p1a: Rillaboom|Grassy Glide|p2a: Drednaw
|-supereffective|p2a: Drednaw
|-crit|p2a: Drednaw
|-damage|p2a: Drednaw|0 fnt
|faint|p2a: Drednaw
|
|-heal|p1a: Rillaboom|75/100|[from] Grassy Terrain
|upkeep
|
|t:|1760434879
|switch|p2a: Great Tusk|Great Tusk|100/100
|-enditem|p2a: Great Tusk|Booster Energy
|-activate|p2a: Great Tusk|ability: Protosynthesis|[fromitem]
|-start|p2a: Great Tusk|protosynthesisspe
|turn|20
|
|t:|1760434882
|-terastallize|p1a: Rillaboom|Grass
|move|p1a: Rillaboom|Grassy Glide|p2a: Great Tusk
|-supereffective|p2a: Great Tusk
|-damage|p2a: Great Tusk|27/100
|move|p2a: Great Tusk|Ice Spinner|p1a: Rillaboom
|-supereffective|p1a: Rillaboom
|-damage|p1a: Rillaboom|30/100
|-fieldend|move: Grassy Terrain
|
|upkeep
|turn|21
|
|t:|1760434891
|switch|p1a: Raging Bolt|Raging Bolt|50/100
|-damage|p1a: Raging Bolt|38/100|[from] Stealth Rock
|move|p2a: Great Tusk|Headlong Rush|p1a: Raging Bolt
|-supereffective|p1a: Raging Bolt
|-damage|p1a: Raging Bolt|0 fnt
|-unboost|p2a: Great Tusk|def|1
|-unboost|p2a: Great Tusk|spd|1
|faint|p1a: Raging Bolt
|-end|p1a: Raging Bolt|Protosynthesis|[silent]
|
|upkeep
|
|t:|1760434894
|switch|p1a: Kingambit|Kingambit, F|100/100
|-damage|p1a: Kingambit|94/100|[from] Stealth Rock
|-activate|p1a: Kingambit|ability: Supreme Overlord
|-start|p1a: Kingambit|fallen4|[silent]
|-item|p1a: Kingambit|Air Balloon
|turn|22
|
|t:|1760434897
|move|p2a: Great Tusk|Headlong Rush|p1a: Kingambit
|-immune|p1a: Kingambit
|move|p1a: Kingambit|Iron Head|p2a: Great Tusk
|-damage|p2a: Great Tusk|0 fnt
|faint|p2a: Great Tusk
|-end|p2a: Great Tusk|Protosynthesis|[silent]
|
|upkeep
|
|t:|1760434899
|switch|p2a: Hoopa|Hoopa-Unbound|100/100
|turn|23
|
|t:|1760434902
|move|p1a: Kingambit|Sucker Punch|p2a: Hoopa
|-damage|p2a: Hoopa|15/100
|move|p2a: Hoopa|Drain Punch|p1a: Kingambit
|-supereffective|p1a: Kingambit
|-damage|p1a: Kingambit|17/100
|-heal|p2a: Hoopa|54/100|[from] drain|[of] p1a: Kingambit
|-enditem|p1a: Kingambit|Air Balloon
|
|upkeep
|turn|24
|-message|DIGIWAYNE123 forfeited.
|
|win|OUZQ Crocodile
|raw|OUZQ Crocodile's rating: 1638 &rarr; <strong>1661</strong><br />(+23 for winning)
|raw|DIGIWAYNE123's rating: 1683 &rarr; <strong>1660</strong><br />(-23 for losing)
|l|☆DIGIWAYNE123
|player|p2|
|l|☆OUZQ Crocodile
|player|p1|
