|j|☆SamiFawad
|j|☆modegobelin
|t:|1760328681
|gametype|singles
|player|p1|SamiFawad|2|1605
|player|p2|modegobelin|169|1601
|gen|9
|tier|[Gen 9] OU
|rated|
|rule|HP Percentage Mod: HP is shown in percentages
|rule|Endless Battle Clause: Forcing endless battles is banned
|rule|Species Clause: Limit one of each Pokémon
|rule|OHKO Clause: OHKO moves are banned
|rule|Evasion Items Clause: Evasion items are banned
|rule|Evasion Moves Clause: Evasion moves are banned
|rule|Evasion Abilities Clause: Evasion abilities are banned
|rule|Sleep Moves Clause: Sleep-inducing moves are banned
|clearpoke
|poke|p1|Slowbro, F|
|poke|p1|Heatran, M|
|poke|p1|Landorus-Therian, M|
|poke|p1|Ogerpon-Cornerstone, F|
|poke|p1|Clodsire, M|
|poke|p1|Great Tusk|
|poke|p2|Pelipper, F|
|poke|p2|Inteleon, M|
|poke|p2|Raging Bolt|
|poke|p2|Barraskewda, F|
|poke|p2|Iron Treads|
|poke|p2|Hydrapple, M|
|teampreview
|
|t:|1760328687
|teamsize|p1|6
|teamsize|p2|6
|start
|switch|p1a: Clodsire|Clodsire, M|100/100
|switch|p2a: Pelipper|Pelipper, F|100/100
|-weather|RainDance|[from] ability: Drizzle|[of] p2a: Pelipper
|turn|1
|
|t:|1760328692
|switch|p2a: Iron Treads|Iron Treads|100/100
|move|p1a: Clodsire|Toxic|p2a: Iron Treads
|-immune|p2a: Iron Treads
|
|-weather|RainDance|[upkeep]
|upkeep
|turn|2
|
|t:|1760328699
|switch|p1a: Slowbro|Slowbro, F|100/100
|move|p2a: Iron Treads|Stealth Rock|p1a: Slowbro
|-sidestart|p1: SamiFawad|move: Stealth Rock
|
|-weather|RainDance|[upkeep]
|upkeep
|turn|3
|
|t:|1760328705
|-end|p2a: Iron Treads|Quark Drive|[silent]
|switch|p2a: Hydrapple|Hydrapple, M|100/100
|move|p1a: Slowbro|Scald|p2a: Hydrapple
|-resisted|p2a: Hydrapple
|-damage|p2a: Hydrapple|91/100
|-status|p2a: Hydrapple|brn
|
|-weather|RainDance|[upkeep]
|-damage|p2a: Hydrapple|85/100 brn|[from] brn
|upkeep
|turn|4
|
|t:|1760328711
|switch|p2a: Inteleon|Inteleon, M|100/100
|switch|p1a: Clodsire|Clodsire, M|100/100
|-damage|p1a: Clodsire|94/100|[from] Stealth Rock
|
|-weather|RainDance|[upkeep]
|-heal|p1a: Clodsire|100/100|[from] item: Leftovers
|upkeep
|turn|5
|j| OP Earthquakes
|
|t:|1760328719
|switch|p2a: Hydrapple|Hydrapple, M|100/100 brn
|move|p1a: Clodsire|Earthquake|p2a: Hydrapple
|-resisted|p2a: Hydrapple
|-damage|p2a: Hydrapple|94/100 brn
|
|-weather|RainDance|[upkeep]
|-damage|p2a: Hydrapple|87/100 brn|[from] brn
|upkeep
|turn|6
|
|t:|1760328725
|move|p2a: Hydrapple|Earth Power|p1a: Clodsire
|-supereffective|p1a: Clodsire
|-damage|p1a: Clodsire|72/100
|move|p1a: Clodsire|Toxic||[still]
|-fail|p1a: Clodsire
|
|-weather|RainDance|[upkeep]
|-heal|p1a: Clodsire|79/100|[from] item: Leftovers
|-damage|p2a: Hydrapple|81/100 brn|[from] brn
|upkeep
|turn|7
|
|t:|1760328729
|move|p2a: Hydrapple|Giga Drain|p1a: Clodsire
|-damage|p1a: Clodsire|63/100
|-heal|p2a: Hydrapple|90/100 brn|[from] drain|[of] p1a: Clodsire
|move|p1a: Clodsire|Earthquake|p2a: Hydrapple
|-resisted|p2a: Hydrapple
|-damage|p2a: Hydrapple|82/100 brn
|
|-weather|RainDance|[upkeep]
|-heal|p1a: Clodsire|69/100|[from] item: Leftovers
|-damage|p2a: Hydrapple|76/100 brn|[from] brn
|upkeep
|turn|8
|
|t:|1760328733
|move|p2a: Hydrapple|Nasty Plot|p2a: Hydrapple
|-boost|p2a: Hydrapple|spa|2
|move|p1a: Clodsire|Earthquake|p2a: Hydrapple
|-resisted|p2a: Hydrapple
|-damage|p2a: Hydrapple|69/100 brn
|
|-weather|none
|-heal|p1a: Clodsire|76/100|[from] item: Leftovers
|-damage|p2a: Hydrapple|63/100 brn|[from] brn
|upkeep
|turn|9
|j| theviolator3000
|
|t:|1760328745
|move|p2a: Hydrapple|Fickle Beam|p1a: Clodsire
|-damage|p1a: Clodsire|40/100
|move|p1a: Clodsire|Recover|p1a: Clodsire
|-heal|p1a: Clodsire|90/100
|
|-heal|p1a: Clodsire|96/100|[from] item: Leftovers
|-damage|p2a: Hydrapple|57/100 brn|[from] brn
|upkeep
|turn|10
|
|t:|1760328748
|switch|p1a: Heatran|Heatran, M|100/100
|-damage|p1a: Heatran|88/100|[from] Stealth Rock
|move|p2a: Hydrapple|Fickle Beam|p1a: Heatran
|-resisted|p1a: Heatran
|-damage|p1a: Heatran|55/100
|
|-damage|p2a: Hydrapple|51/100 brn|[from] brn
|upkeep
|turn|11
|
|t:|1760328753
|switch|p2a: Pelipper|Pelipper, F|100/100
|-weather|RainDance|[from] ability: Drizzle|[of] p2a: Pelipper
|move|p1a: Heatran|Flamethrower|p2a: Pelipper
|-resisted|p2a: Pelipper
|-damage|p2a: Pelipper|89/100
|
|-weather|RainDance|[upkeep]
|upkeep
|turn|12
|
|t:|1760328757
|switch|p1a: Slowbro|Slowbro, F|100/100
|-damage|p1a: Slowbro|88/100|[from] Stealth Rock
|move|p2a: Pelipper|U-turn|p1a: Slowbro
|-supereffective|p1a: Slowbro
|-damage|p1a: Slowbro|78/100
|-damage|p2a: Pelipper|73/100|[from] item: Rocky Helmet|[of] p1a: Slowbro
|
|t:|1760328758
|switch|p2a: Raging Bolt|Raging Bolt|100/100|[from] U-turn
|
|-weather|RainDance|[upkeep]
|upkeep
|turn|13
|
|t:|1760328762
|switch|p1a: Clodsire|Clodsire, M|96/100
|-damage|p1a: Clodsire|90/100|[from] Stealth Rock
|move|p2a: Raging Bolt|Weather Ball|p1a: Clodsire
|-heal|p1a: Clodsire|100/100|[from] ability: Water Absorb|[of] p2a: Raging Bolt
|
|-weather|RainDance|[upkeep]
|upkeep
|turn|14
|
|t:|1760328770
|-end|p2a: Raging Bolt|Protosynthesis|[silent]
|switch|p2a: Hydrapple|Hydrapple, M|84/100 brn
|switch|p1a: Great Tusk|Great Tusk|100/100
|-damage|p1a: Great Tusk|98/100|[from] Stealth Rock
|
|-weather|RainDance|[upkeep]
|-damage|p2a: Hydrapple|78/100 brn|[from] brn
|upkeep
|turn|15
|
|t:|1760328777
|-terastallize|p1a: Great Tusk|Ghost
|move|p1a: Great Tusk|Rapid Spin|p2a: Hydrapple
|-damage|p2a: Hydrapple|70/100 brn
|-boost|p1a: Great Tusk|spe|1
|-sideend|p1: SamiFawad|Stealth Rock|[from] move: Rapid Spin|[of] p1a: Great Tusk
|move|p2a: Hydrapple|Giga Drain|p1a: Great Tusk
|-damage|p1a: Great Tusk|59/100
|-heal|p2a: Hydrapple|90/100 brn|[from] drain|[of] p1a: Great Tusk
|
|-weather|RainDance|[upkeep]
|-damage|p2a: Hydrapple|84/100 brn|[from] brn
|upkeep
|turn|16
|
|t:|1760328783
|move|p1a: Great Tusk|Knock Off|p2a: Hydrapple
|-damage|p2a: Hydrapple|70/100 brn
|-enditem|p2a: Hydrapple|Heavy-Duty Boots|[from] move: Knock Off|[of] p1a: Great Tusk
|move|p2a: Hydrapple|Fickle Beam|p1a: Great Tusk
|-damage|p1a: Great Tusk|14/100
|
|-weather|RainDance|[upkeep]
|-damage|p2a: Hydrapple|64/100 brn|[from] brn
|upkeep
|turn|17
|
|t:|1760328790
|switch|p2a: Barraskewda|Barraskewda, F|100/100
|move|p1a: Great Tusk|Stealth Rock|p2a: Barraskewda
|-sidestart|p2: modegobelin|move: Stealth Rock
|
|-weather|RainDance|[upkeep]
|upkeep
|turn|18
|
|t:|1760328814
|switch|p2a: Hydrapple|Hydrapple, M|97/100 brn
|-damage|p2a: Hydrapple|85/100 brn|[from] Stealth Rock
|move|p1a: Great Tusk|Body Press|p2a: Hydrapple
|-damage|p2a: Hydrapple|56/100 brn
|
|-weather|none
|-damage|p2a: Hydrapple|50/100 brn|[from] brn
|upkeep
|turn|19
|
|t:|1760328820
|move|p1a: Great Tusk|Body Press|p2a: Hydrapple
|-damage|p2a: Hydrapple|24/100 brn
|move|p2a: Hydrapple|Giga Drain|p1a: Great Tusk
|-damage|p1a: Great Tusk|0 fnt
|-heal|p2a: Hydrapple|31/100 brn|[from] drain|[of] p1a: Great Tusk
|faint|p1a: Great Tusk
|-end|p1a: Great Tusk|Protosynthesis|[silent]
|
|-damage|p2a: Hydrapple|25/100 brn|[from] brn
|upkeep
|
|t:|1760328832
|switch|p1a: Landorus|Landorus-Therian, M|100/100
|-ability|p1a: Landorus|Intimidate|boost
|-unboost|p2a: Hydrapple|atk|1
|turn|20
|
|t:|1760328838
|switch|p2a: Pelipper|Pelipper, F|73/100
|-damage|p2a: Pelipper|48/100|[from] Stealth Rock
|-weather|RainDance|[from] ability: Drizzle|[of] p2a: Pelipper
|move|p1a: Landorus|U-turn|p2a: Pelipper
|-resisted|p2a: Pelipper
|-damage|p2a: Pelipper|33/100
|
|t:|1760328842
|switch|p1a: Ogerpon|Ogerpon-Cornerstone, F|100/100|[from] U-turn
|
|-weather|RainDance|[upkeep]
|upkeep
|turn|21
|
|t:|1760328847
|switch|p2a: Iron Treads|Iron Treads|100/100
|-damage|p2a: Iron Treads|97/100|[from] Stealth Rock
|move|p1a: Ogerpon|Ivy Cudgel|p2a: Iron Treads|[anim] Ivy Cudgel Rock
|-resisted|p2a: Iron Treads
|-crit|p2a: Iron Treads
|-damage|p2a: Iron Treads|81/100
|
|-weather|RainDance|[upkeep]
|-heal|p2a: Iron Treads|87/100|[from] item: Leftovers
|upkeep
|turn|22
|
|t:|1760328850
|move|p1a: Ogerpon|Low Kick|p2a: Iron Treads
|-supereffective|p2a: Iron Treads
|-damage|p2a: Iron Treads|14/100
|move|p2a: Iron Treads|Rapid Spin|p1a: Ogerpon
|-resisted|p1a: Ogerpon
|-damage|p1a: Ogerpon|92/100
|-boost|p2a: Iron Treads|spe|1
|-sideend|p2: modegobelin|Stealth Rock|[from] move: Rapid Spin|[of] p2a: Iron Treads
|
|-weather|RainDance|[upkeep]
|-heal|p2a: Iron Treads|20/100|[from] item: Leftovers
|upkeep
|turn|23
|
|t:|1760328858
|move|p2a: Iron Treads|Stealth Rock|p1a: Ogerpon
|-sidestart|p1: SamiFawad|move: Stealth Rock
|move|p1a: Ogerpon|Horn Leech|p2a: Iron Treads
|-damage|p2a: Iron Treads|0 fnt
|-heal|p1a: Ogerpon|100/100|[from] drain|[of] p2a: Iron Treads
|faint|p2a: Iron Treads
|-end|p2a: Iron Treads|Quark Drive|[silent]
|
|-weather|RainDance|[upkeep]
|upkeep
|
|t:|1760328867
|switch|p2a: Barraskewda|Barraskewda, F|100/100
|turn|24
|
|t:|1760328873
|move|p2a: Barraskewda|Flip Turn|p1a: Ogerpon
|-damage|p1a: Ogerpon|27/100
|
|t:|1760328877
|switch|p2a: Raging Bolt|Raging Bolt|100/100|[from] Flip Turn
|move|p1a: Ogerpon|Ivy Cudgel|p2a: Raging Bolt|[anim] Ivy Cudgel Rock
|-damage|p2a: Raging Bolt|45/100
|
|-weather|RainDance|[upkeep]
|upkeep
|turn|25
|
|t:|1760328882
|switch|p1a: Clodsire|Clodsire, M|100/100
|-damage|p1a: Clodsire|94/100|[from] Stealth Rock
|move|p2a: Raging Bolt|Thunderclap||[still]
|-fail|p2a: Raging Bolt
|
|-weather|RainDance|[upkeep]
|-heal|p1a: Clodsire|100/100|[from] item: Leftovers
|upkeep
|turn|26
|
|t:|1760328888
|switch|p1a: Ogerpon|Ogerpon-Cornerstone, F|27/100
|-damage|p1a: Ogerpon|14/100|[from] Stealth Rock
|move|p2a: Raging Bolt|Draco Meteor|p1a: Ogerpon
|-damage|p1a: Ogerpon|0 fnt
|-unboost|p2a: Raging Bolt|spa|2
|faint|p1a: Ogerpon
|
|-weather|RainDance|[upkeep]
|upkeep
|
|t:|1760328895
|switch|p1a: Landorus|Landorus-Therian, M|100/100
|-damage|p1a: Landorus|88/100|[from] Stealth Rock
|-ability|p1a: Landorus|Intimidate|boost
|-unboost|p2a: Raging Bolt|atk|1
|turn|27
|
|t:|1760328905
|-end|p2a: Raging Bolt|Protosynthesis|[silent]
|switch|p2a: Hydrapple|Hydrapple, M|58/100 brn
|move|p1a: Landorus|U-turn|p2a: Hydrapple
|-supereffective|p2a: Hydrapple
|-damage|p2a: Hydrapple|27/100 brn
|
|t:|1760328908
|switch|p1a: Heatran|Heatran, M|55/100|[from] U-turn
|-damage|p1a: Heatran|43/100|[from] Stealth Rock
|
|-weather|none
|-damage|p2a: Hydrapple|20/100 brn|[from] brn
|upkeep
|turn|28
|
|t:|1760328911
|switch|p2a: Inteleon|Inteleon, M|100/100
|move|p1a: Heatran|Flash Cannon|p2a: Inteleon
|-resisted|p2a: Inteleon
|-damage|p2a: Inteleon|64/100
|
|upkeep
|turn|29
|
|t:|1760328917
|switch|p1a: Clodsire|Clodsire, M|100/100
|-damage|p1a: Clodsire|94/100|[from] Stealth Rock
|move|p2a: Inteleon|Snipe Shot|p1a: Clodsire
|-heal|p1a: Clodsire|100/100|[from] ability: Water Absorb|[of] p2a: Inteleon
|
|upkeep
|turn|30
|
|t:|1760328920
|move|p2a: Inteleon|Ice Beam|p1a: Clodsire
|-supereffective|p1a: Clodsire
|-damage|p1a: Clodsire|69/100
|move|p1a: Clodsire|Earthquake|p2a: Inteleon
|-damage|p2a: Inteleon|14/100
|
|-heal|p1a: Clodsire|76/100|[from] item: Leftovers
|upkeep
|turn|31
|
|t:|1760328923
|move|p2a: Inteleon|Ice Beam|p1a: Clodsire
|-supereffective|p1a: Clodsire
|-damage|p1a: Clodsire|45/100
|move|p1a: Clodsire|Toxic|p2a: Inteleon
|-status|p2a: Inteleon|tox
|
|-heal|p1a: Clodsire|51/100|[from] item: Leftovers
|-damage|p2a: Inteleon|8/100 tox|[from] psn
|upkeep
|turn|32
|
|t:|1760328927
|move|p2a: Inteleon|Dark Pulse|p1a: Clodsire
|-damage|p1a: Clodsire|36/100
|move|p1a: Clodsire|Recover|p1a: Clodsire
|-heal|p1a: Clodsire|86/100
|
|-heal|p1a: Clodsire|93/100|[from] item: Leftovers
|-damage|p2a: Inteleon|0 fnt|[from] psn
|faint|p2a: Inteleon
|upkeep
|
|t:|1760328932
|switch|p2a: Hydrapple|Hydrapple, M|54/100 brn
|turn|33
|
|t:|1760328944
|switch|p2a: Pelipper|Pelipper, F|33/100
|-weather|RainDance|[from] ability: Drizzle|[of] p2a: Pelipper
|switch|p1a: Slowbro|Slowbro, F|100/100
|-damage|p1a: Slowbro|88/100|[from] Stealth Rock
|
|-weather|RainDance|[upkeep]
|upkeep
|turn|34
|
|t:|1760328950
|switch|p2a: Raging Bolt|Raging Bolt|45/100
|move|p1a: Slowbro|Foul Play|p2a: Raging Bolt
|-damage|p2a: Raging Bolt|31/100
|
|-weather|RainDance|[upkeep]
|upkeep
|turn|35
|
|t:|1760328954
|switch|p1a: Clodsire|Clodsire, M|93/100
|-damage|p1a: Clodsire|86/100|[from] Stealth Rock
|move|p2a: Raging Bolt|Draco Meteor|p1a: Clodsire
|-damage|p1a: Clodsire|45/100
|-unboost|p2a: Raging Bolt|spa|2
|
|-weather|RainDance|[upkeep]
|-heal|p1a: Clodsire|51/100|[from] item: Leftovers
|upkeep
|turn|36
|
|t:|1760328960
|-end|p2a: Raging Bolt|Protosynthesis|[silent]
|switch|p2a: Hydrapple|Hydrapple, M|87/100 brn
|switch|p1a: Heatran|Heatran, M|43/100
|-damage|p1a: Heatran|31/100|[from] Stealth Rock
|
|-weather|RainDance|[upkeep]
|-damage|p2a: Hydrapple|81/100 brn|[from] brn
|upkeep
|turn|37
|
|t:|1760328964
|move|p1a: Heatran|Flash Cannon|p2a: Hydrapple
|-damage|p2a: Hydrapple|39/100 brn
|-unboost|p2a: Hydrapple|spd|1
|move|p2a: Hydrapple|Earth Power|p1a: Heatran
|-supereffective|p1a: Heatran
|-damage|p1a: Heatran|0 fnt
|faint|p1a: Heatran
|
|-weather|RainDance|[upkeep]
|-damage|p2a: Hydrapple|33/100 brn|[from] brn
|upkeep
|
|t:|1760328969
|switch|p1a: Landorus|Landorus-Therian, M|88/100
|-damage|p1a: Landorus|76/100|[from] Stealth Rock
|-ability|p1a: Landorus|Intimidate|boost
|-unboost|p2a: Hydrapple|atk|1
|turn|38
|
|t:|1760328971
|switch|p2a: Pelipper|Pelipper, F|33/100
|move|p1a: Landorus|U-turn|p2a: Pelipper
|-resisted|p2a: Pelipper
|-damage|p2a: Pelipper|18/100
|
|t:|1760328975
|switch|p1a: Clodsire|Clodsire, M|51/100|[from] U-turn
|-damage|p1a: Clodsire|45/100|[from] Stealth Rock
|
|-weather|RainDance|[upkeep]
|-heal|p1a: Clodsire|51/100|[from] item: Leftovers
|upkeep
|turn|39
|
|t:|1760328978
|move|p2a: Pelipper|Knock Off|p1a: Clodsire
|-damage|p1a: Clodsire|36/100
|-enditem|p1a: Clodsire|Leftovers|[from] move: Knock Off|[of] p2a: Pelipper
|move|p1a: Clodsire|Recover|p1a: Clodsire
|-heal|p1a: Clodsire|86/100
|
|-weather|RainDance|[upkeep]
|upkeep
|turn|40
|
|t:|1760328981
|switch|p2a: Hydrapple|Hydrapple, M|66/100 brn
|switch|p1a: Landorus|Landorus-Therian, M|76/100
|-damage|p1a: Landorus|64/100|[from] Stealth Rock
|-ability|p1a: Landorus|Intimidate|boost
|-unboost|p2a: Hydrapple|atk|1
|
|-weather|none
|-damage|p2a: Hydrapple|60/100 brn|[from] brn
|upkeep
|turn|41
|
|t:|1760328983
|switch|p2a: Pelipper|Pelipper, F|18/100
|-weather|RainDance|[from] ability: Drizzle|[of] p2a: Pelipper
|move|p1a: Landorus|U-turn|p2a: Pelipper
|-resisted|p2a: Pelipper
|-damage|p2a: Pelipper|2/100
|
|t:|1760328987
|switch|p1a: Slowbro|Slowbro, F|100/100|[from] U-turn
|-damage|p1a: Slowbro|88/100|[from] Stealth Rock
|
|-weather|RainDance|[upkeep]
|upkeep
|turn|42
|
|t:|1760328992
|move|p2a: Pelipper|Roost|p2a: Pelipper
|-heal|p2a: Pelipper|52/100
|-singleturn|p2a: Pelipper|move: Roost
|move|p1a: Slowbro|Foul Play|p2a: Pelipper
|-damage|p2a: Pelipper|40/100
|
|-weather|RainDance|[upkeep]
|upkeep
|turn|43
|
|t:|1760328996
|move|p2a: Pelipper|Roost|p2a: Pelipper
|-heal|p2a: Pelipper|90/100
|-singleturn|p2a: Pelipper|move: Roost
|move|p1a: Slowbro|Thunder Wave|p2a: Pelipper
|-status|p2a: Pelipper|par
|
|-weather|RainDance|[upkeep]
|upkeep
|turn|44
|
|t:|1760328998
|switch|p1a: Clodsire|Clodsire, M|86/100
|-damage|p1a: Clodsire|80/100|[from] Stealth Rock
|switch|p2a: Hydrapple|Hydrapple, M|94/100 brn
|
|-weather|RainDance|[upkeep]
|-damage|p2a: Hydrapple|87/100 brn|[from] brn
|upkeep
|turn|45
|
|t:|1760329002
|move|p2a: Hydrapple|Nasty Plot|p2a: Hydrapple
|-boost|p2a: Hydrapple|spa|2
|move|p1a: Clodsire|Earthquake|p2a: Hydrapple
|-resisted|p2a: Hydrapple
|-damage|p2a: Hydrapple|80/100 brn
|
|-weather|RainDance|[upkeep]
|-damage|p2a: Hydrapple|74/100 brn|[from] brn
|upkeep
|turn|46
|
|t:|1760329004
|move|p2a: Hydrapple|Giga Drain|p1a: Clodsire
|-damage|p1a: Clodsire|47/100
|-heal|p2a: Hydrapple|93/100 brn|[from] drain|[of] p1a: Clodsire
|move|p1a: Clodsire|Earthquake|p2a: Hydrapple
|-resisted|p2a: Hydrapple
|-damage|p2a: Hydrapple|85/100 brn
|
|-weather|RainDance|[upkeep]
|-damage|p2a: Hydrapple|79/100 brn|[from] brn
|upkeep
|turn|47
|
|t:|1760329007
|move|p2a: Hydrapple|Earth Power|p1a: Clodsire
|-supereffective|p1a: Clodsire
|-damage|p1a: Clodsire|0 fnt
|faint|p1a: Clodsire
|
|-weather|RainDance|[upkeep]
|-damage|p2a: Hydrapple|73/100 brn|[from] brn
|upkeep
|
|t:|1760329009
|switch|p1a: Landorus|Landorus-Therian, M|64/100
|-damage|p1a: Landorus|52/100|[from] Stealth Rock
|-ability|p1a: Landorus|Intimidate|boost
|-unboost|p2a: Hydrapple|atk|1
|turn|48
|
|t:|1760329014
|move|p1a: Landorus|U-turn|p2a: Hydrapple
|-supereffective|p2a: Hydrapple
|-crit|p2a: Hydrapple
|-damage|p2a: Hydrapple|25/100 brn
|
|t:|1760329016
|switch|p1a: Slowbro|Slowbro, F|100/100|[from] U-turn
|-damage|p1a: Slowbro|88/100|[from] Stealth Rock
|move|p2a: Hydrapple|Giga Drain|p1a: Slowbro
|-supereffective|p1a: Slowbro
|-damage|p1a: Slowbro|0 fnt
|-heal|p2a: Hydrapple|66/100 brn|[from] drain|[of] p1a: Slowbro
|faint|p1a: Slowbro
|
|-weather|none
|-damage|p2a: Hydrapple|60/100 brn|[from] brn
|upkeep
|
|t:|1760329017
|switch|p1a: Landorus|Landorus-Therian, M|52/100
|-damage|p1a: Landorus|39/100|[from] Stealth Rock
|-ability|p1a: Landorus|Intimidate|boost
|-unboost|p2a: Hydrapple|atk|1
|turn|49
|
|t:|1760329019
|move|p1a: Landorus|U-turn|p2a: Hydrapple
|-supereffective|p2a: Hydrapple
|-damage|p2a: Hydrapple|29/100 brn
|move|p2a: Hydrapple|Fickle Beam|p1a: Landorus|[anim] Fickle Beam All Out
|-activate|p2a: Hydrapple|move: Fickle Beam
|-damage|p1a: Landorus|0 fnt
|faint|p1a: Landorus
|
|win|modegobelin
|raw|SamiFawad's rating: 1605 &rarr; <strong>1585</strong><br />(-20 for losing)
|raw|modegobelin's rating: 1601 &rarr; <strong>1621</strong><br />(+20 for winning)
|l|☆modegobelin
|player|p2|
|l|☆SamiFawad
|player|p1|
