|j|☆Twink for fent
|j|☆pat25
|t:|1760382631
|gametype|singles
|player|p1|Twink for fent|youngster|1409
|player|p2|pat25|ghetsis|1357
|gen|9
|tier|[Gen 9] OU
|rated|
|rule|HP Percentage Mod: HP is shown in percentages
|rule|Endless Battle Clause: Forcing endless battles is banned
|rule|Species Clause: Limit one of each Pokémon
|rule|OHKO Clause: OHKO moves are banned
|rule|Evasion Items Clause: Evasion items are banned
|rule|Evasion Moves Clause: Evasion moves are banned
|rule|Evasion Abilities Clause: Evasion abilities are banned
|rule|Sleep Moves Clause: Sleep-inducing moves are banned
|clearpoke
|poke|p1|Kingambit, F|
|poke|p1|Deoxys-Speed|
|poke|p1|Great Tusk|
|poke|p1|Dragonite, F|
|poke|p1|Iron Moth|
|poke|p1|Primarina, M|
|poke|p2|Typhlosion-Hisui, M|
|poke|p2|Morpeko, M|
|poke|p2|Cresselia, F|
|poke|p2|Empoleon, M|
|poke|p2|Pecharunt|
|poke|p2|Rhyperior, M|
|teampreview
|inactive|Battle timer is ON: inactive players will automatically lose when time's up. (requested by Twink for fent)
|
|t:|1760382640
|teamsize|p1|6
|teamsize|p2|6
|start
|switch|p1a: Sea puppy|Primarina, M|100/100
|switch|p2a: Morpeko|Morpeko, M|100/100
|turn|1
|
|t:|1760382648
|switch|p1a: Ye olde donphan|Great Tusk|100/100
|-enditem|p1a: Ye olde donphan|Booster Energy
|-activate|p1a: Ye olde donphan|ability: Protosynthesis|[fromitem]
|-start|p1a: Ye olde donphan|protosynthesisatk
|move|p2a: Morpeko|Fake Out|p1a: Ye olde donphan
|-damage|p1a: Ye olde donphan|92/100
|
|-formechange|p2a: Morpeko|Morpeko-Hangry||[from] ability: Hunger Switch
|upkeep
|turn|2
|
|t:|1760382655
|switch|p2a: Cresselia|Cresselia, F|100/100
|move|p1a: Ye olde donphan|Rapid Spin|p2a: Cresselia
|-damage|p2a: Cresselia|85/100
|-boost|p1a: Ye olde donphan|spe|1
|
|upkeep
|turn|3
|
|t:|1760382660
|-end|p1a: Ye olde donphan|Protosynthesis|[silent]
|switch|p1a: Sea puppy|Primarina, M|100/100
|move|p2a: Cresselia|Ice Beam|p1a: Sea puppy
|-resisted|p1a: Sea puppy
|-damage|p1a: Sea puppy|91/100
|-damage|p2a: Cresselia|75/100|[from] item: Life Orb
|
|upkeep
|turn|4
|
|t:|1760382663
|move|p2a: Cresselia|Thunder Wave|p1a: Sea puppy
|-status|p1a: Sea puppy|par
|move|p1a: Sea puppy|Moonblast|p2a: Cresselia
|-damage|p2a: Cresselia|39/100
|
|upkeep
|turn|5
|
|t:|1760382669
|move|p2a: Cresselia|Moonlight|p2a: Cresselia
|-heal|p2a: Cresselia|89/100
|move|p1a: Sea puppy|Flip Turn|p2a: Cresselia
|-damage|p2a: Cresselia|78/100
|
|t:|1760382682
|switch|p1a: D nite|Dragonite, F|100/100|[from] Flip Turn
|
|upkeep
|turn|6
|
|t:|1760382685
|move|p1a: D nite|Outrage|p2a: Cresselia
|-damage|p2a: Cresselia|6/100
|move|p2a: Cresselia|Ice Beam|p1a: D nite
|-supereffective|p1a: D nite
|-damage|p1a: D nite|41/100
|-damage|p2a: Cresselia|0 fnt|[from] item: Life Orb
|faint|p2a: Cresselia
|
|upkeep
|
|t:|1760382694
|switch|p2a: Pecharunt|Pecharunt|100/100
|turn|7
|
|t:|1760382700
|move|p1a: D nite|Outrage|p2a: Pecharunt|[from] lockedmove
|-damage|p2a: Pecharunt|49/100
|-damage|p1a: D nite|24/100|[from] item: Rocky Helmet|[of] p2a: Pecharunt
|move|p2a: Pecharunt|Recover|p2a: Pecharunt
|-heal|p2a: Pecharunt|99/100
|
|upkeep
|turn|8
|
|t:|1760382704
|move|p1a: D nite|Outrage|p2a: Pecharunt|[from] lockedmove
|-damage|p2a: Pecharunt|54/100
|-damage|p1a: D nite|8/100|[from] item: Rocky Helmet|[of] p2a: Pecharunt
|-start|p1a: D nite|confusion|[fatigue]
|move|p2a: Pecharunt|Recover|p2a: Pecharunt
|-heal|p2a: Pecharunt|100/100
|
|upkeep
|turn|9
|
|t:|1760382715
|switch|p1a: Sea puppy|Primarina, M|91/100 par
|move|p2a: Pecharunt|Malignant Chain|p1a: Sea puppy
|-supereffective|p1a: Sea puppy
|-damage|p1a: Sea puppy|51/100 par
|
|upkeep
|turn|10
|
|t:|1760382718
|move|p2a: Pecharunt|Parting Shot|p1a: Sea puppy
|-unboost|p1a: Sea puppy|atk|1
|-unboost|p1a: Sea puppy|spa|1
|
|t:|1760382720
|switch|p2a: Empoleon|Empoleon, M|100/100|[from] Parting Shot
|move|p1a: Sea puppy|Psychic Noise|p2a: Empoleon
|-resisted|p2a: Empoleon
|-damage|p2a: Empoleon|94/100
|-start|p2a: Empoleon|move: Heal Block
|
|upkeep
|turn|11
|
|t:|1760382726
|move|p2a: Empoleon|Stealth Rock|p1a: Sea puppy
|-sidestart|p1: Twink for fent|move: Stealth Rock
|cant|p1a: Sea puppy|par
|
|-end|p2a: Empoleon|move: Heal Block
|upkeep
|turn|12
|
|t:|1760382731
|cant|p1a: Sea puppy|par
|move|p2a: Empoleon|Roar|p1a: Sea puppy
|drag|p1a: King|Kingambit, F|100/100
|-damage|p1a: King|94/100|[from] Stealth Rock
|
|-heal|p2a: Empoleon|100/100|[from] item: Leftovers
|upkeep
|turn|13
|
|t:|1760382736
|-end|p1a: King|fallenundefined|[silent]
|switch|p1a: D nite|Dragonite, F|8/100
|-damage|p1a: D nite|0 fnt|[from] Stealth Rock
|faint|p1a: D nite
|switch|p2a: Pecharunt|Pecharunt|100/100
|
|upkeep
|
|t:|1760382739
|switch|p1a: King|Kingambit, F|94/100
|-damage|p1a: King|88/100|[from] Stealth Rock
|-activate|p1a: King|ability: Supreme Overlord
|-start|p1a: King|fallen1|[silent]
|turn|14
|
|t:|1760382742
|move|p2a: Pecharunt|Curse|p1a: King
|-start|p1a: King|Curse|[of] p2a: Pecharunt
|-damage|p2a: Pecharunt|50/100
|move|p1a: King|Swords Dance|p1a: King
|-boost|p1a: King|atk|2
|
|-damage|p1a: King|64/100|[from] Curse
|upkeep
|turn|15
|
|t:|1760382748
|move|p2a: Pecharunt|Recover|p2a: Pecharunt
|-heal|p2a: Pecharunt|100/100
|move|p1a: King|Kowtow Cleave|p2a: Pecharunt
|-supereffective|p2a: Pecharunt
|-damage|p2a: Pecharunt|0 fnt
|-damage|p1a: King|47/100|[from] item: Rocky Helmet|[of] p2a: Pecharunt
|faint|p2a: Pecharunt
|
|-damage|p1a: King|22/100|[from] Curse
|upkeep
|
|t:|1760382754
|switch|p2a: Morpeko|Morpeko, M|100/100
|turn|16
|
|t:|1760382757
|move|p2a: Morpeko|Fake Out|p1a: King
|-resisted|p1a: King
|-damage|p1a: King|18/100
|cant|p1a: King|flinch
|
|-damage|p1a: King|0 fnt|[from] Curse
|faint|p1a: King
|-end|p1a: King|fallen1|[silent]
|-formechange|p2a: Morpeko|Morpeko-Hangry||[from] ability: Hunger Switch
|upkeep
|
|t:|1760382761
|switch|p1a: Ye olde donphan|Great Tusk|92/100
|-damage|p1a: Ye olde donphan|89/100|[from] Stealth Rock
|turn|17
|
|t:|1760382769
|move|p2a: Morpeko|Parting Shot|p1a: Ye olde donphan
|-unboost|p1a: Ye olde donphan|atk|1
|-unboost|p1a: Ye olde donphan|spa|1
|
|t:|1760382772
|switch|p2a: Rhyperior|Rhyperior, M|100/100|[from] Parting Shot
|move|p1a: Ye olde donphan|Rapid Spin|p2a: Rhyperior
|-resisted|p2a: Rhyperior
|-damage|p2a: Rhyperior|96/100
|-boost|p1a: Ye olde donphan|spe|1
|-sideend|p1: Twink for fent|Stealth Rock|[from] move: Rapid Spin|[of] p1a: Ye olde donphan
|
|upkeep
|turn|18
|
|t:|1760382779
|move|p1a: Ye olde donphan|Headlong Rush|p2a: Rhyperior
|-supereffective|p2a: Rhyperior
|-damage|p2a: Rhyperior|30/100
|-unboost|p1a: Ye olde donphan|def|1
|-unboost|p1a: Ye olde donphan|spd|1
|move|p2a: Rhyperior|Swords Dance|p2a: Rhyperior
|-boost|p2a: Rhyperior|atk|2
|
|upkeep
|turn|19
|
|t:|1760382793
|move|p1a: Ye olde donphan|Headlong Rush|p2a: Rhyperior
|-supereffective|p2a: Rhyperior
|-damage|p2a: Rhyperior|0 fnt
|-unboost|p1a: Ye olde donphan|def|1
|-unboost|p1a: Ye olde donphan|spd|1
|faint|p2a: Rhyperior
|
|upkeep
|
|t:|1760382806
|switch|p2a: Typhlosion|Typhlosion-Hisui, M|100/100
|turn|20
|
|t:|1760382809
|move|p1a: Ye olde donphan|Headlong Rush|p2a: Typhlosion
|-supereffective|p2a: Typhlosion
|-damage|p2a: Typhlosion|0 fnt
|-unboost|p1a: Ye olde donphan|def|1
|-unboost|p1a: Ye olde donphan|spd|1
|faint|p2a: Typhlosion
|
|upkeep
|-message|pat25 forfeited.
|
|win|Twink for fent
|raw|Twink for fent's rating: 1409 &rarr; <strong>1426</strong><br />(+17 for winning)
|raw|pat25's rating: 1357 &rarr; <strong>1340</strong><br />(-17 for losing)
|l|☆pat25
|player|p2|
|l|☆Twink for fent
|player|p1|
