|j|☆Jinghan Yu
|j|☆Typhon-06
|t:|1760346124
|gametype|singles
|player|p1|Jinghan Yu|nate|1179
|player|p2|Typhon-06|2|1180
|gen|9
|tier|[Gen 9] OU
|rated|
|rule|HP Percentage Mod: HP is shown in percentages
|rule|Endless Battle Clause: Forcing endless battles is banned
|rule|Species Clause: Limit one of each Pokémon
|rule|OHKO Clause: OHKO moves are banned
|rule|Evasion Items Clause: Evasion items are banned
|rule|Evasion Moves Clause: Evasion moves are banned
|rule|Evasion Abilities Clause: Evasion abilities are banned
|rule|Sleep Moves Clause: Sleep-inducing moves are banned
|clearpoke
|poke|p1|Scizor, M|
|poke|p1|Tyranitar, M|
|poke|p1|Dragonite, M|
|poke|p1|Gyarados, M|
|poke|p1|Gengar, M|
|poke|p1|Excadrill, M|
|poke|p2|Dragapult, M|
|poke|p2|Landorus-Therian, M|
|poke|p2|Raging Bolt|
|poke|p2|Great Tusk|
|poke|p2|Samurott-Hisui, F|
|poke|p2|Kyurem|
|teampreview
|inactive|Battle timer is ON: inactive players will automatically lose when time's up. (requested by Typhon-06)
|
|t:|1760346129
|teamsize|p1|6
|teamsize|p2|6
|start
|switch|p1a: Osten|Gyarados, M, shiny|100/100
|switch|p2a: Samurott|Samurott-Hisui, F|100/100
|-ability|p1a: Osten|Intimidate|boost
|-unboost|p2a: Samurott|atk|1
|turn|1
|
|t:|1760346133
|move|p2a: Samurott|Ceaseless Edge|p1a: Osten
|-damage|p1a: Osten|61/100
|-sidestart|p1: Jinghan Yu|Spikes
|move|p1a: Osten|Dragon Dance|p1a: Osten
|-boost|p1a: Osten|atk|1
|-boost|p1a: Osten|spe|1
|
|-heal|p1a: Osten|67/100|[from] item: Leftovers
|upkeep
|turn|2
|
|t:|1760346137
|move|p1a: Osten|Waterfall|p2a: Samurott
|-resisted|p2a: Samurott
|-damage|p2a: Samurott|58/100
|move|p2a: Samurott|Ceaseless Edge|p1a: Osten
|-damage|p1a: Osten|31/100
|-sidestart|p1: Jinghan Yu|Spikes
|
|-heal|p1a: Osten|37/100|[from] item: Leftovers
|upkeep
|turn|3
|
|t:|1760346142
|-terastallize|p1a: Osten|Flying
|move|p1a: Osten|Tera Blast|p2a: Samurott|[anim] Tera Blast Flying
|-damage|p2a: Samurott|0 fnt
|faint|p2a: Samurott
|
|-heal|p1a: Osten|43/100|[from] item: Leftovers
|upkeep
|
|t:|1760346148
|switch|p2a: Raging Bolt|Raging Bolt|100/100
|turn|4
|
|t:|1760346151
|switch|p1a: Timothy|Tyranitar, M|100/100
|-damage|p1a: Timothy|84/100|[from] Spikes
|-weather|Sandstorm|[from] ability: Sand Stream|[of] p1a: Timothy
|move|p2a: Raging Bolt|Thunderbolt|p1a: Timothy
|-damage|p1a: Timothy|46/100
|
|-weather|Sandstorm|[upkeep]
|-damage|p2a: Raging Bolt|94/100|[from] Sandstorm
|upkeep
|turn|5
|
|t:|1760346158
|move|p1a: Timothy|Earthquake|p2a: Raging Bolt
|-supereffective|p2a: Raging Bolt
|-damage|p2a: Raging Bolt|29/100
|move|p2a: Raging Bolt|Draco Meteor|p1a: Timothy
|-damage|p1a: Timothy|0 fnt
|-unboost|p2a: Raging Bolt|spa|2
|faint|p1a: Timothy
|
|-weather|Sandstorm|[upkeep]
|-damage|p2a: Raging Bolt|23/100|[from] Sandstorm
|upkeep
|
|t:|1760346165
|switch|p1a: Emmett|Excadrill, M|100/100
|-item|p1a: Emmett|Air Balloon
|turn|6
|
|t:|1760346169
|-end|p2a: Raging Bolt|Protosynthesis|[silent]
|switch|p2a: Landorus|Landorus-Therian, M|100/100
|-ability|p2a: Landorus|Intimidate|boost
|-unboost|p1a: Emmett|atk|1
|move|p1a: Emmett|Swords Dance|p1a: Emmett
|-boost|p1a: Emmett|atk|2
|
|-weather|Sandstorm|[upkeep]
|upkeep
|turn|7
|
|t:|1760346174
|switch|p1a: Osten|Gyarados, M, shiny, tera:Flying|43/100
|-ability|p1a: Osten|Intimidate|boost
|-unboost|p2a: Landorus|atk|1
|move|p2a: Landorus|Taunt|p1a: Osten
|-start|p1a: Osten|move: Taunt
|
|-weather|Sandstorm|[upkeep]
|-damage|p1a: Osten|37/100|[from] Sandstorm
|-heal|p1a: Osten|43/100|[from] item: Leftovers
|upkeep
|turn|8
|
|t:|1760346180
|move|p2a: Landorus|U-turn|p1a: Osten
|-resisted|p1a: Osten
|-damage|p1a: Osten|35/100
|
|t:|1760346187
|switch|p2a: Dragapult|Dragapult, M|100/100|[from] U-turn
|move|p1a: Osten|Waterfall|p2a: Dragapult
|-resisted|p2a: Dragapult
|-damage|p2a: Dragapult|70/100
|
|-weather|Sandstorm|[upkeep]
|-damage|p2a: Dragapult|64/100|[from] Sandstorm
|-damage|p1a: Osten|29/100|[from] Sandstorm
|-heal|p1a: Osten|35/100|[from] item: Leftovers
|upkeep
|turn|9
|
|t:|1760346196
|move|p2a: Dragapult|Dragon Darts|p1a: Osten
|-damage|p1a: Osten|0 fnt
|faint|p1a: Osten
|
|-weather|Sandstorm|[upkeep]
|-damage|p2a: Dragapult|58/100|[from] Sandstorm
|upkeep
|
|t:|1760346201
|switch|p1a: Boden|Scizor, M, shiny|100/100
|-damage|p1a: Boden|84/100|[from] Spikes
|turn|10
|
|t:|1760346205
|switch|p2a: Landorus|Landorus-Therian, M|100/100
|-ability|p2a: Landorus|Intimidate|boost
|-unboost|p1a: Boden|atk|1
|move|p1a: Boden|Swords Dance|p1a: Boden
|-boost|p1a: Boden|atk|2
|
|-weather|Sandstorm|[upkeep]
|upkeep
|turn|11
|
|t:|1760346207
|move|p2a: Landorus|Taunt|p1a: Boden
|-start|p1a: Boden|move: Taunt
|move|p1a: Boden|Dual Wingbeat|p2a: Landorus|[miss]
|-miss|p1a: Boden|p2a: Landorus
|
|-weather|none
|upkeep
|turn|12
|
|t:|1760346213
|move|p2a: Landorus|Earth Power|p1a: Boden
|-damage|p1a: Boden|46/100
|move|p1a: Boden|Dual Wingbeat|p2a: Landorus
|-damage|p2a: Landorus|65/100
|-damage|p1a: Boden|30/100|[from] item: Rocky Helmet|[of] p2a: Landorus
|-damage|p2a: Landorus|29/100
|-damage|p1a: Boden|14/100|[from] item: Rocky Helmet|[of] p2a: Landorus
|-hitcount|p2a: Landorus|2
|
|upkeep
|turn|13
|
|t:|1760346222
|move|p1a: Boden|Bullet Punch|p2a: Landorus
|-damage|p2a: Landorus|0 fnt
|-damage|p1a: Boden|0 fnt|[from] item: Rocky Helmet|[of] p2a: Landorus
|faint|p2a: Landorus
|faint|p1a: Boden
|
|upkeep
|
|t:|1760346230
|switch|p2a: Dragapult|Dragapult, M|58/100
|switch|p1a: Nasim|Gengar, M|100/100
|-damage|p1a: Nasim|84/100|[from] Spikes
|turn|14
|
|t:|1760346236
|move|p1a: Nasim|Endure|p1a: Nasim
|-singleturn|p1a: Nasim|move: Endure
|move|p2a: Dragapult|Dragon Darts|p1a: Nasim
|-damage|p1a: Nasim|15/100
|-enditem|p1a: Nasim|Salac Berry|[eat]
|-boost|p1a: Nasim|spe|1|[from] item: Salac Berry
|-anim|p2a: Dragapult|Dragon Darts|p1a: Nasim
|-activate|p1a: Nasim|move: Endure
|-damage|p1a: Nasim|1/100
|
|upkeep
|turn|15
|
|t:|1760346248
|move|p1a: Nasim|Hex|p2a: Dragapult
|-supereffective|p2a: Dragapult
|-damage|p2a: Dragapult|0 fnt
|faint|p2a: Dragapult
|
|upkeep
|
|t:|1760346250
|switch|p2a: Raging Bolt|Raging Bolt|23/100
|turn|16
|
|t:|1760346253
|move|p2a: Raging Bolt|Thunderclap||[still]
|-fail|p2a: Raging Bolt
|move|p1a: Nasim|Nasty Plot|p1a: Nasim
|-boost|p1a: Nasim|spa|2
|
|upkeep
|turn|17
|
|t:|1760346258
|move|p1a: Nasim|Endure|p1a: Nasim
|-singleturn|p1a: Nasim|move: Endure
|move|p2a: Raging Bolt|Thunderclap||[still]
|-fail|p2a: Raging Bolt
|
|upkeep
|turn|18
|
|t:|1760346262
|move|p2a: Raging Bolt|Thunderclap||[still]
|-fail|p2a: Raging Bolt
|move|p1a: Nasim|Nasty Plot|p1a: Nasim
|-boost|p1a: Nasim|spa|2
|
|upkeep
|turn|19
|
|t:|1760346266
|move|p1a: Nasim|Endure|p1a: Nasim
|-singleturn|p1a: Nasim|move: Endure
|move|p2a: Raging Bolt|Thunderclap||[still]
|-fail|p2a: Raging Bolt
|
|upkeep
|turn|20
|
|t:|1760346279
|move|p2a: Raging Bolt|Thunderclap||[still]
|-fail|p2a: Raging Bolt
|move|p1a: Nasim|Nasty Plot|p1a: Nasim
|-boost|p1a: Nasim|spa|2
|
|upkeep
|turn|21
|
|t:|1760346286
|move|p1a: Nasim|Endure|p1a: Nasim
|-singleturn|p1a: Nasim|move: Endure
|move|p2a: Raging Bolt|Thunderclap||[still]
|-fail|p2a: Raging Bolt
|
|upkeep
|turn|22
|
|t:|1760346300
|move|p1a: Nasim|Dazzling Gleam|p2a: Raging Bolt
|-supereffective|p2a: Raging Bolt
|-damage|p2a: Raging Bolt|0 fnt
|faint|p2a: Raging Bolt
|-end|p2a: Raging Bolt|Protosynthesis|[silent]
|
|upkeep
|-message|Typhon-06 forfeited.
|
|win|Jinghan Yu
|raw|Jinghan Yu's rating: 1179 &rarr; <strong>1204</strong><br />(+25 for winning)
|raw|Typhon-06's rating: 1180 &rarr; <strong>1155</strong><br />(-25 for losing)
|l|☆Typhon-06
|player|p2|
|l|☆Jinghan Yu
|player|p1|
