|badge|p2|bronze|gen9randombattle|100-7
|uhtml|medal-msg|<div class="broadcast-blue">Curious what those medals under the avatar are? PS now has Ladder Seasons! For more information, check out the <a href="https://www.smogon.com/forums/threads/3740067/">thread on Smogon.</a></div>
|j|☆biryanilover
|j|☆psychoplasm
|t:|1760446883
|gametype|singles
|player|p1|biryanilover|102|1459
|player|p2|psychoplasm|ghetsis|1445
|gen|9
|tier|[Gen 9] OU
|rated|
|rule|HP Percentage Mod: HP is shown in percentages
|rule|Endless Battle Clause: Forcing endless battles is banned
|rule|Species Clause: Limit one of each Pokémon
|rule|OHKO Clause: OHKO moves are banned
|rule|Evasion Items Clause: Evasion items are banned
|rule|Evasion Moves Clause: Evasion moves are banned
|rule|Evasion Abilities Clause: Evasion abilities are banned
|rule|Sleep Moves Clause: Sleep-inducing moves are banned
|clearpoke
|poke|p1|Okidogi, M|
|poke|p1|Rillaboom, M|
|poke|p1|Zapdos|
|poke|p1|Zamazenta-*|
|poke|p1|Heatran, F|
|poke|p1|Great Tusk|
|poke|p2|Hoopa-Unbound|
|poke|p2|Hydrapple, M|
|poke|p2|Gliscor, M|
|poke|p2|Cinderace, M|
|poke|p2|Alomomola, F|
|poke|p2|Gholdengo|
|teampreview
|inactive|Battle timer is ON: inactive players will automatically lose when time's up. (requested by biryanilover)
|
|t:|1760446899
|teamsize|p1|6
|teamsize|p2|6
|start
|switch|p1a: Rillaboom|Rillaboom, M|100/100
|switch|p2a: Gliscor|Gliscor, M|100/100
|-fieldstart|move: Grassy Terrain|[from] ability: Grassy Surge|[of] p1a: Rillaboom
|turn|1
|
|t:|1760446903
|move|p2a: Gliscor|Protect|p2a: Gliscor
|-singleturn|p2a: Gliscor|Protect
|move|p1a: Rillaboom|Knock Off|p2a: Gliscor
|-activate|p2a: Gliscor|move: Protect
|
|-status|p2a: Gliscor|tox|[from] item: Toxic Orb
|upkeep
|turn|2
|
|t:|1760446909
|switch|p2a: Hydrapple|Hydrapple, M, shiny|100/100
|-terastallize|p1a: Rillaboom|Grass
|move|p1a: Rillaboom|Wood Hammer|p2a: Hydrapple
|-resisted|p2a: Hydrapple
|-damage|p2a: Hydrapple|81/100
|-damage|p1a: Rillaboom|84/100|[from] item: Rocky Helmet|[of] p2a: Hydrapple
|-damage|p1a: Rillaboom|77/100|[from] Recoil
|
|-heal|p1a: Rillaboom|83/100|[from] Grassy Terrain
|-heal|p2a: Hydrapple|87/100|[from] Grassy Terrain
|upkeep
|turn|3
|
|t:|1760446924
|move|p1a: Rillaboom|Knock Off|p2a: Hydrapple
|-damage|p2a: Hydrapple|62/100
|-damage|p1a: Rillaboom|67/100|[from] item: Rocky Helmet|[of] p2a: Hydrapple
|-enditem|p2a: Hydrapple|Rocky Helmet|[from] move: Knock Off|[of] p1a: Rillaboom
|move|p2a: Hydrapple|Giga Drain|p1a: Rillaboom
|-resisted|p1a: Rillaboom
|-crit|p1a: Rillaboom
|-damage|p1a: Rillaboom|27/100
|-heal|p2a: Hydrapple|81/100|[from] drain|[of] p1a: Rillaboom
|
|-heal|p1a: Rillaboom|33/100|[from] Grassy Terrain
|-heal|p2a: Hydrapple|87/100|[from] Grassy Terrain
|upkeep
|turn|4
|
|t:|1760446932
|move|p1a: Rillaboom|U-turn|p2a: Hydrapple
|-supereffective|p2a: Hydrapple
|-damage|p2a: Hydrapple|53/100
|
|t:|1760446935
|switch|p1a: Zapdos|Zapdos|100/100|[from] U-turn
|move|p2a: Hydrapple|Fickle Beam|p1a: Zapdos
|-damage|p1a: Zapdos|60/100
|
|-heal|p2a: Hydrapple|59/100|[from] Grassy Terrain
|upkeep
|turn|5
|
|t:|1760446950
|switch|p2a: Gliscor|Gliscor, M|100/100 tox
|move|p1a: Zapdos|Hurricane|p2a: Gliscor|[miss]
|-miss|p1a: Zapdos|p2a: Gliscor
|
|upkeep
|turn|6
|
|t:|1760446955
|switch|p1a: Heatran|Heatran, F|100/100
|move|p2a: Gliscor|Toxic|p1a: Heatran
|-immune|p1a: Heatran
|
|upkeep
|turn|7
|
|t:|1760446962
|switch|p2a: Alomomola|Alomomola, F|100/100
|switch|p1a: Rillaboom|Rillaboom, M, tera:Grass|33/100
|
|-heal|p1a: Rillaboom|39/100|[from] Grassy Terrain
|upkeep
|turn|8
|
|t:|1760446964
|switch|p2a: Hydrapple|Hydrapple, M, shiny|92/100
|move|p1a: Rillaboom|Wood Hammer|p2a: Hydrapple
|-resisted|p2a: Hydrapple
|-damage|p2a: Hydrapple|72/100
|-damage|p1a: Rillaboom|32/100|[from] Recoil
|
|-heal|p1a: Rillaboom|38/100|[from] Grassy Terrain
|-heal|p2a: Hydrapple|78/100|[from] Grassy Terrain
|-fieldend|move: Grassy Terrain
|upkeep
|turn|9
|
|t:|1760446980
|move|p1a: Rillaboom|U-turn|p2a: Hydrapple
|-supereffective|p2a: Hydrapple
|-damage|p2a: Hydrapple|46/100
|
|t:|1760446985
|switch|p1a: Zapdos|Zapdos|60/100|[from] U-turn
|move|p2a: Hydrapple|Earth Power|p1a: Zapdos
|-immune|p1a: Zapdos
|
|upkeep
|turn|10
|
|t:|1760446991
|switch|p1a: Rillaboom|Rillaboom, M, tera:Grass|38/100
|-fieldstart|move: Grassy Terrain|[from] ability: Grassy Surge|[of] p1a: Rillaboom
|switch|p2a: Alomomola|Alomomola, F|100/100
|
|-heal|p1a: Rillaboom|44/100|[from] Grassy Terrain
|upkeep
|turn|11
|
|t:|1760446994
|switch|p2a: Hydrapple|Hydrapple, M, shiny|79/100
|move|p1a: Rillaboom|Knock Off|p2a: Hydrapple
|-damage|p2a: Hydrapple|62/100
|
|-heal|p1a: Rillaboom|50/100|[from] Grassy Terrain
|-heal|p2a: Hydrapple|69/100|[from] Grassy Terrain
|upkeep
|turn|12
|
|t:|1760446999
|move|p1a: Rillaboom|U-turn|p2a: Hydrapple
|-supereffective|p2a: Hydrapple
|-damage|p2a: Hydrapple|36/100
|
|t:|1760447001
|switch|p1a: Heatran|Heatran, F|100/100|[from] U-turn
|move|p2a: Hydrapple|Fickle Beam|p1a: Heatran|[anim] Fickle Beam All Out
|-activate|p2a: Hydrapple|move: Fickle Beam
|-resisted|p1a: Heatran
|-damage|p1a: Heatran|75/100
|
|-heal|p1a: Heatran|81/100|[from] Grassy Terrain
|-heal|p1a: Heatran|87/100|[from] item: Leftovers
|-heal|p2a: Hydrapple|42/100|[from] Grassy Terrain
|upkeep
|turn|13
|
|t:|1760447007
|switch|p2a: Alomomola|Alomomola, F|100/100
|move|p1a: Heatran|Magma Storm|p2a: Alomomola|[miss]
|-miss|p1a: Heatran|p2a: Alomomola
|
|-heal|p1a: Heatran|94/100|[from] Grassy Terrain
|-heal|p1a: Heatran|99/100|[from] item: Leftovers
|upkeep
|turn|14
|
|t:|1760447009
|move|p1a: Heatran|Stealth Rock|p2a: Alomomola
|-sidestart|p2: psychoplasm|move: Stealth Rock
|move|p2a: Alomomola|Flip Turn|p1a: Heatran
|-supereffective|p1a: Heatran
|-damage|p1a: Heatran|72/100
|
|t:|1760447014
|switch|p2a: Hydrapple|Hydrapple, M, shiny|75/100|[from] Flip Turn
|-damage|p2a: Hydrapple|63/100|[from] Stealth Rock
|
|-heal|p1a: Heatran|78/100|[from] Grassy Terrain
|-heal|p1a: Heatran|84/100|[from] item: Leftovers
|-heal|p2a: Hydrapple|69/100|[from] Grassy Terrain
|upkeep
|turn|15
|
|t:|1760447020
|switch|p1a: Rillaboom|Rillaboom, M, tera:Grass|50/100
|move|p2a: Hydrapple|Earth Power|p1a: Rillaboom
|-resisted|p1a: Rillaboom
|-damage|p1a: Rillaboom|33/100
|
|-heal|p1a: Rillaboom|39/100|[from] Grassy Terrain
|-heal|p2a: Hydrapple|75/100|[from] Grassy Terrain
|upkeep
|turn|16
|
|t:|1760447025
|move|p1a: Rillaboom|U-turn|p2a: Hydrapple
|-supereffective|p2a: Hydrapple
|-damage|p2a: Hydrapple|38/100
|
|t:|1760447028
|switch|p1a: Heatran|Heatran, F|84/100|[from] U-turn
|move|p2a: Hydrapple|Giga Drain|p1a: Heatran
|-resisted|p1a: Heatran
|-damage|p1a: Heatran|77/100
|-heal|p2a: Hydrapple|41/100|[from] drain|[of] p1a: Heatran
|
|-heal|p1a: Heatran|83/100|[from] Grassy Terrain
|-heal|p1a: Heatran|89/100|[from] item: Leftovers
|-heal|p2a: Hydrapple|47/100|[from] Grassy Terrain
|upkeep
|turn|17
|
|t:|1760447035
|switch|p1a: Rillaboom|Rillaboom, M, tera:Grass|39/100
|switch|p2a: Alomomola|Alomomola, F|100/100
|-damage|p2a: Alomomola|88/100|[from] Stealth Rock
|
|-heal|p1a: Rillaboom|45/100|[from] Grassy Terrain
|-heal|p2a: Alomomola|94/100|[from] Grassy Terrain
|-fieldend|move: Grassy Terrain
|upkeep
|turn|18
|
|t:|1760447038
|switch|p2a: Hydrapple|Hydrapple, M, shiny|81/100
|-damage|p2a: Hydrapple|68/100|[from] Stealth Rock
|move|p1a: Rillaboom|U-turn|p2a: Hydrapple
|-supereffective|p2a: Hydrapple
|-damage|p2a: Hydrapple|34/100
|
|t:|1760447041
|switch|p1a: Heatran|Heatran, F|89/100|[from] U-turn
|
|-heal|p1a: Heatran|95/100|[from] item: Leftovers
|upkeep
|turn|19
|
|t:|1760447044
|switch|p2a: Alomomola|Alomomola, F|100/100
|-damage|p2a: Alomomola|88/100|[from] Stealth Rock
|move|p1a: Heatran|Magma Storm|p2a: Alomomola|[miss]
|-miss|p1a: Heatran|p2a: Alomomola
|
|-heal|p1a: Heatran|100/100|[from] item: Leftovers
|upkeep
|turn|20
|
|t:|1760447046
|move|p1a: Heatran|Taunt|p2a: Alomomola
|-start|p2a: Alomomola|move: Taunt
|move|p2a: Alomomola|Flip Turn|p1a: Heatran
|-supereffective|p1a: Heatran
|-damage|p1a: Heatran|73/100
|
|t:|1760447056
|switch|p2a: Gliscor|Gliscor, M|100/100 tox|[from] Flip Turn
|-damage|p2a: Gliscor|88/100 tox|[from] Stealth Rock
|
|-heal|p1a: Heatran|79/100|[from] item: Leftovers
|-heal|p2a: Gliscor|100/100 tox|[from] ability: Poison Heal
|upkeep
|turn|21
|
|t:|1760447061
|switch|p1a: Zapdos|Zapdos|60/100
|move|p2a: Gliscor|Toxic|p1a: Zapdos
|-status|p1a: Zapdos|tox
|
|-damage|p1a: Zapdos|54/100 tox|[from] psn
|upkeep
|turn|22
|
|t:|1760447065
|move|p2a: Gliscor|Spikes|p1a: Zapdos
|-sidestart|p1: biryanilover|Spikes
|move|p1a: Zapdos|Hurricane|p2a: Gliscor|[miss]
|-miss|p1a: Zapdos|p2a: Gliscor
|
|-damage|p1a: Zapdos|42/100 tox|[from] psn
|upkeep
|turn|23
|
|t:|1760447070
|switch|p1a: Great Tusk|Great Tusk|100/100
|move|p2a: Gliscor|Spikes|p1a: Great Tusk
|-sidestart|p1: biryanilover|Spikes
|
|upkeep
|turn|24
|
|t:|1760447074
|switch|p2a: Gholdengo|Gholdengo|100/100
|-damage|p2a: Gholdengo|94/100|[from] Stealth Rock
|-item|p2a: Gholdengo|Air Balloon
|move|p1a: Great Tusk|Ice Spinner|p2a: Gholdengo
|-resisted|p2a: Gholdengo
|-damage|p2a: Gholdengo|87/100
|-enditem|p2a: Gholdengo|Air Balloon
|
|upkeep
|turn|25
|
|t:|1760447085
|move|p1a: Great Tusk|Headlong Rush|p2a: Gholdengo
|-supereffective|p2a: Gholdengo
|-damage|p2a: Gholdengo|15/100
|-unboost|p1a: Great Tusk|def|1
|-unboost|p1a: Great Tusk|spd|1
|move|p2a: Gholdengo|Make It Rain|p1a: Great Tusk
|-damage|p1a: Great Tusk|0 fnt
|-unboost|p2a: Gholdengo|spa|1
|faint|p1a: Great Tusk
|-end|p1a: Great Tusk|Protosynthesis|[silent]
|
|upkeep
|
|t:|1760447092
|switch|p1a: Rillaboom|Rillaboom, M, tera:Grass|45/100
|-damage|p1a: Rillaboom|28/100|[from] Spikes
|-fieldstart|move: Grassy Terrain|[from] ability: Grassy Surge|[of] p1a: Rillaboom
|turn|26
|
|t:|1760447101
|switch|p2a: Gliscor|Gliscor, M|100/100 tox
|-damage|p2a: Gliscor|88/100 tox|[from] Stealth Rock
|move|p1a: Rillaboom|Knock Off|p2a: Gliscor
|-damage|p2a: Gliscor|61/100 tox
|-enditem|p2a: Gliscor|Toxic Orb|[from] move: Knock Off|[of] p1a: Rillaboom
|
|-heal|p1a: Rillaboom|34/100|[from] Grassy Terrain
|-heal|p2a: Gliscor|74/100 tox|[from] ability: Poison Heal
|upkeep
|turn|27
|
|t:|1760447109
|switch|p2a: Hydrapple|Hydrapple, M, shiny|68/100
|-damage|p2a: Hydrapple|55/100|[from] Stealth Rock
|move|p1a: Rillaboom|Wood Hammer|p2a: Hydrapple
|-resisted|p2a: Hydrapple
|-damage|p2a: Hydrapple|37/100
|-damage|p1a: Rillaboom|28/100|[from] Recoil
|
|-heal|p1a: Rillaboom|34/100|[from] Grassy Terrain
|-heal|p2a: Hydrapple|43/100|[from] Grassy Terrain
|upkeep
|turn|28
|
|t:|1760447124
|move|p1a: Rillaboom|U-turn|p2a: Hydrapple
|-supereffective|p2a: Hydrapple
|-damage|p2a: Hydrapple|8/100
|
|t:|1760447127
|switch|p1a: Zapdos|Zapdos|42/100 tox|[from] U-turn
|move|p2a: Hydrapple|Giga Drain|p1a: Zapdos
|-resisted|p1a: Zapdos
|-damage|p1a: Zapdos|17/100 tox
|-heal|p2a: Hydrapple|19/100|[from] drain|[of] p1a: Zapdos
|
|-heal|p2a: Hydrapple|25/100|[from] Grassy Terrain
|-damage|p1a: Zapdos|11/100 tox|[from] psn
|upkeep
|turn|29
|
|t:|1760447141
|switch|p2a: Alomomola|Alomomola, F|100/100
|-damage|p2a: Alomomola|88/100|[from] Stealth Rock
|move|p1a: Zapdos|Hurricane|p2a: Alomomola|[miss]
|-miss|p1a: Zapdos|p2a: Alomomola
|
|-heal|p2a: Alomomola|94/100|[from] Grassy Terrain
|-damage|p1a: Zapdos|0 fnt|[from] psn
|faint|p1a: Zapdos
|upkeep
|c|☆biryanilover|0 magma storms hit
|c|☆biryanilover|0 hurricanes hit
|
|t:|1760447164
|switch|p1a: Zamazenta|Zamazenta|100/100
|-damage|p1a: Zamazenta|84/100|[from] Spikes
|-ability|p1a: Zamazenta|Dauntless Shield|boost
|-boost|p1a: Zamazenta|def|1
|turn|30
|
|t:|1760447170
|move|p1a: Zamazenta|Iron Defense|p1a: Zamazenta
|-boost|p1a: Zamazenta|def|2
|move|p2a: Alomomola|Flip Turn|p1a: Zamazenta
|-damage|p1a: Zamazenta|79/100
|
|t:|1760447178
|switch|p2a: Hoopa|Hoopa-Unbound|100/100|[from] Flip Turn
|-damage|p2a: Hoopa|88/100|[from] Stealth Rock
|
|-heal|p2a: Hoopa|94/100|[from] Grassy Terrain
|-heal|p1a: Zamazenta|85/100|[from] Grassy Terrain
|-heal|p1a: Zamazenta|91/100|[from] item: Leftovers
|upkeep
|turn|31
|
|t:|1760447185
|move|p2a: Hoopa|Psychic Noise|p1a: Zamazenta
|-supereffective|p1a: Zamazenta
|-damage|p1a: Zamazenta|26/100
|-start|p1a: Zamazenta|move: Heal Block
|move|p1a: Zamazenta|Body Press|p2a: Hoopa
|-damage|p2a: Hoopa|0 fnt
|faint|p2a: Hoopa
|
|upkeep
|
|t:|1760447199
|switch|p2a: Alomomola|Alomomola, F|100/100
|-damage|p2a: Alomomola|88/100|[from] Stealth Rock
|turn|32
|
|t:|1760447204
|move|p1a: Zamazenta|Iron Defense|p1a: Zamazenta
|-boost|p1a: Zamazenta|def|2
|move|p2a: Alomomola|Scald|p1a: Zamazenta
|-damage|p1a: Zamazenta|15/100
|
|-heal|p2a: Alomomola|94/100|[from] Grassy Terrain
|-end|p1a: Zamazenta|move: Heal Block
|upkeep
|turn|33
|
|t:|1760447209
|move|p1a: Zamazenta|Body Press|p2a: Alomomola
|-damage|p2a: Alomomola|10/100
|move|p2a: Alomomola|Scald|p1a: Zamazenta
|-damage|p1a: Zamazenta|5/100
|
|-heal|p1a: Zamazenta|11/100|[from] Grassy Terrain
|-heal|p1a: Zamazenta|17/100|[from] item: Leftovers
|-heal|p2a: Alomomola|16/100|[from] Grassy Terrain
|-fieldend|move: Grassy Terrain
|upkeep
|turn|34
|
|t:|1760447214
|move|p1a: Zamazenta|Body Press|p2a: Alomomola
|-damage|p2a: Alomomola|0 fnt
|faint|p2a: Alomomola
|
|-heal|p1a: Zamazenta|23/100|[from] item: Leftovers
|upkeep
|
|t:|1760447221
|switch|p2a: Cinderace|Cinderace, M|100/100
|turn|35
|
|t:|1760447226
|-terastallize|p2a: Cinderace|Ghost
|move|p1a: Zamazenta|Body Press|p2a: Cinderace
|-immune|p2a: Cinderace
|move|p2a: Cinderace|Will-O-Wisp|p1a: Zamazenta
|-status|p1a: Zamazenta|brn
|
|-heal|p1a: Zamazenta|30/100 brn|[from] item: Leftovers
|-damage|p1a: Zamazenta|23/100 brn|[from] brn
|upkeep
|turn|36
|
|t:|1760447236
|switch|p2a: Gliscor|Gliscor, M|74/100 tox
|-damage|p2a: Gliscor|61/100 tox|[from] Stealth Rock
|move|p1a: Zamazenta|Crunch|p2a: Gliscor
|-damage|p2a: Gliscor|53/100 tox
|
|-heal|p1a: Zamazenta|30/100 brn|[from] item: Leftovers
|-heal|p2a: Gliscor|66/100 tox|[from] ability: Poison Heal
|-damage|p1a: Zamazenta|23/100 brn|[from] brn
|upkeep
|turn|37
|
|t:|1760447245
|move|p2a: Gliscor|Protect|p2a: Gliscor
|-singleturn|p2a: Gliscor|Protect
|move|p1a: Zamazenta|Body Press|p2a: Gliscor
|-activate|p2a: Gliscor|move: Protect
|
|-heal|p1a: Zamazenta|30/100 brn|[from] item: Leftovers
|-heal|p2a: Gliscor|78/100 tox|[from] ability: Poison Heal
|-damage|p1a: Zamazenta|23/100 brn|[from] brn
|upkeep
|turn|38
|
|t:|1760447247
|move|p1a: Zamazenta|Body Press|p2a: Gliscor
|-resisted|p2a: Gliscor
|-damage|p2a: Gliscor|54/100 tox
|move|p2a: Gliscor|Earthquake|p1a: Zamazenta
|-damage|p1a: Zamazenta|16/100 brn
|
|-heal|p1a: Zamazenta|23/100 brn|[from] item: Leftovers
|-heal|p2a: Gliscor|66/100 tox|[from] ability: Poison Heal
|-damage|p1a: Zamazenta|16/100 brn|[from] brn
|upkeep
|turn|39
|
|t:|1760447255
|move|p2a: Gliscor|Earthquake|p1a: Zamazenta
|-damage|p1a: Zamazenta|9/100 brn
|move|p1a: Zamazenta|Roar|p2a: Gliscor
|drag|p2a: Hydrapple|Hydrapple, M, shiny|58/100
|-damage|p2a: Hydrapple|46/100|[from] Stealth Rock
|
|-heal|p1a: Zamazenta|15/100 brn|[from] item: Leftovers
|-damage|p1a: Zamazenta|9/100 brn|[from] brn
|upkeep
|turn|40
|
|t:|1760447261
|switch|p2a: Gliscor|Gliscor, M|66/100 tox
|-damage|p2a: Gliscor|54/100 tox|[from] Stealth Rock
|move|p1a: Zamazenta|Crunch|p2a: Gliscor
|-damage|p2a: Gliscor|45/100 tox
|
|-heal|p1a: Zamazenta|15/100 brn|[from] item: Leftovers
|-heal|p2a: Gliscor|57/100 tox|[from] ability: Poison Heal
|-damage|p1a: Zamazenta|9/100 brn|[from] brn
|upkeep
|turn|41
|
|t:|1760447264
|move|p2a: Gliscor|Earthquake|p1a: Zamazenta
|-damage|p1a: Zamazenta|2/100 brn
|move|p1a: Zamazenta|Roar|p2a: Gliscor
|drag|p2a: Cinderace|Cinderace, M, tera:Ghost|100/100
|
|-heal|p1a: Zamazenta|8/100 brn|[from] item: Leftovers
|-damage|p1a: Zamazenta|2/100 brn|[from] brn
|upkeep
|turn|42
|
|t:|1760447269
|move|p1a: Zamazenta|Crunch|p2a: Cinderace
|-supereffective|p2a: Cinderace
|-damage|p2a: Cinderace|74/100
|move|p2a: Cinderace|U-turn|p1a: Zamazenta
|-resisted|p1a: Zamazenta
|-damage|p1a: Zamazenta|0 fnt
|faint|p1a: Zamazenta
|inactive|psychoplasm has 120 seconds left.
|
|t:|1760447302
|switch|p2a: Gliscor|Gliscor, M|57/100 tox|[from] U-turn
|-damage|p2a: Gliscor|45/100 tox|[from] Stealth Rock
|
|-heal|p2a: Gliscor|57/100 tox|[from] ability: Poison Heal
|upkeep
|
|t:|1760447304
|switch|p1a: Rillaboom|Rillaboom, M, tera:Grass|34/100
|-damage|p1a: Rillaboom|18/100|[from] Spikes
|-fieldstart|move: Grassy Terrain|[from] ability: Grassy Surge|[of] p1a: Rillaboom
|turn|43
|
|t:|1760447312
|move|p2a: Gliscor|Protect|p2a: Gliscor
|-singleturn|p2a: Gliscor|Protect
|move|p1a: Rillaboom|Wood Hammer|p2a: Gliscor
|-activate|p2a: Gliscor|move: Protect
|
|-heal|p1a: Rillaboom|24/100|[from] Grassy Terrain
|-heal|p2a: Gliscor|70/100 tox|[from] ability: Poison Heal
|upkeep
|turn|44
|
|t:|1760447317
|switch|p2a: Hydrapple|Hydrapple, M, shiny|79/100
|-damage|p2a: Hydrapple|67/100|[from] Stealth Rock
|move|p1a: Rillaboom|U-turn|p2a: Hydrapple
|-supereffective|p2a: Hydrapple
|-damage|p2a: Hydrapple|32/100
|
|t:|1760447319
|switch|p1a: Okidogi|Okidogi, M|100/100|[from] U-turn
|-damage|p1a: Okidogi|84/100|[from] Spikes
|
|-heal|p1a: Okidogi|90/100|[from] Grassy Terrain
|-heal|p1a: Okidogi|96/100|[from] item: Leftovers
|-heal|p2a: Hydrapple|38/100|[from] Grassy Terrain
|upkeep
|turn|45
|
|t:|1760447328
|switch|p2a: Gliscor|Gliscor, M|70/100 tox
|-damage|p2a: Gliscor|57/100 tox|[from] Stealth Rock
|move|p1a: Okidogi|Ice Punch|p2a: Gliscor
|-supereffective|p2a: Gliscor
|-damage|p2a: Gliscor|0 fnt
|faint|p2a: Gliscor
|
|-heal|p1a: Okidogi|100/100|[from] Grassy Terrain
|upkeep
|
|t:|1760447336
|switch|p2a: Cinderace|Cinderace, M, tera:Ghost|74/100
|turn|46
|
|t:|1760447346
|switch|p1a: Heatran|Heatran, F|79/100
|-damage|p1a: Heatran|62/100|[from] Spikes
|move|p2a: Cinderace|U-turn|p1a: Heatran
|-resisted|p1a: Heatran
|-damage|p1a: Heatran|58/100
|
|t:|1760447351
|switch|p2a: Hydrapple|Hydrapple, M, shiny|71/100|[from] U-turn
|-damage|p2a: Hydrapple|59/100|[from] Stealth Rock
|
|-heal|p1a: Heatran|64/100|[from] Grassy Terrain
|-heal|p1a: Heatran|71/100|[from] item: Leftovers
|-heal|p2a: Hydrapple|65/100|[from] Grassy Terrain
|upkeep
|turn|47
|
|t:|1760447355
|move|p1a: Heatran|Magma Storm|p2a: Hydrapple|[miss]
|-miss|p1a: Heatran|p2a: Hydrapple
|move|p2a: Hydrapple|Earth Power|p1a: Heatran
|-supereffective|p1a: Heatran
|-damage|p1a: Heatran|0 fnt
|faint|p1a: Heatran
|
|-heal|p2a: Hydrapple|71/100|[from] Grassy Terrain
|upkeep
|c|☆biryanilover|come on
|
|t:|1760447362
|switch|p1a: Okidogi|Okidogi, M|100/100
|-damage|p1a: Okidogi|84/100|[from] Spikes
|turn|48
|
|t:|1760447375
|switch|p2a: Gholdengo|Gholdengo|15/100
|-damage|p2a: Gholdengo|9/100|[from] Stealth Rock
|move|p1a: Okidogi|Ice Punch|p2a: Gholdengo
|-resisted|p2a: Gholdengo
|-damage|p2a: Gholdengo|2/100
|
|-heal|p1a: Okidogi|90/100|[from] Grassy Terrain
|-heal|p1a: Okidogi|96/100|[from] item: Leftovers
|-heal|p2a: Gholdengo|8/100|[from] Grassy Terrain
|upkeep
|turn|49
|
|t:|1760447381
|move|p1a: Okidogi|Knock Off|p2a: Gholdengo
|-supereffective|p2a: Gholdengo
|-damage|p2a: Gholdengo|0 fnt
|faint|p2a: Gholdengo
|
|-heal|p1a: Okidogi|100/100|[from] Grassy Terrain
|upkeep
|
|t:|1760447383
|switch|p2a: Cinderace|Cinderace, M, tera:Ghost|74/100
|turn|50
|
|t:|1760447386
|move|p2a: Cinderace|Will-O-Wisp|p1a: Okidogi
|-status|p1a: Okidogi|brn
|move|p1a: Okidogi|Bulk Up|p1a: Okidogi
|-boost|p1a: Okidogi|atk|1
|-boost|p1a: Okidogi|def|1
|
|-heal|p2a: Cinderace|81/100|[from] Grassy Terrain
|-damage|p1a: Okidogi|94/100 brn|[from] brn
|-fieldend|move: Grassy Terrain
|upkeep
|turn|51
|
|t:|1760447401
|move|p2a: Cinderace|U-turn|p1a: Okidogi
|-resisted|p1a: Okidogi
|-damage|p1a: Okidogi|92/100 brn
|
|t:|1760447402
|switch|p2a: Hydrapple|Hydrapple, M, shiny|100/100|[from] U-turn
|-damage|p2a: Hydrapple|88/100|[from] Stealth Rock
|move|p1a: Okidogi|Bulk Up|p1a: Okidogi
|-boost|p1a: Okidogi|atk|1
|-boost|p1a: Okidogi|def|1
|
|-heal|p1a: Okidogi|98/100 brn|[from] item: Leftovers
|-damage|p1a: Okidogi|92/100 brn|[from] brn
|upkeep
|turn|52
|
|t:|1760447406
|move|p1a: Okidogi|Ice Punch|p2a: Hydrapple
|-supereffective|p2a: Hydrapple
|-damage|p2a: Hydrapple|27/100
|move|p2a: Hydrapple|Fickle Beam|p1a: Okidogi
|-damage|p1a: Okidogi|60/100 brn
|
|-heal|p1a: Okidogi|66/100 brn|[from] item: Leftovers
|-damage|p1a: Okidogi|60/100 brn|[from] brn
|upkeep
|turn|53
|
|t:|1760447413
|switch|p2a: Cinderace|Cinderace, M, tera:Ghost|81/100
|move|p1a: Okidogi|Knock Off|p2a: Cinderace
|-supereffective|p2a: Cinderace
|-damage|p2a: Cinderace|10/100
|-enditem|p2a: Cinderace|Heavy-Duty Boots|[from] move: Knock Off|[of] p1a: Okidogi
|
|-heal|p1a: Okidogi|66/100 brn|[from] item: Leftovers
|-damage|p1a: Okidogi|60/100 brn|[from] brn
|upkeep
|turn|54
|
|t:|1760447419
|move|p2a: Cinderace|Pyro Ball|p1a: Okidogi
|-damage|p1a: Okidogi|33/100 brn
|move|p1a: Okidogi|Ice Punch|p2a: Cinderace
|-damage|p2a: Cinderace|0 fnt
|faint|p2a: Cinderace
|
|-heal|p1a: Okidogi|39/100 brn|[from] item: Leftovers
|-damage|p1a: Okidogi|33/100 brn|[from] brn
|upkeep
|
|t:|1760447420
|switch|p2a: Hydrapple|Hydrapple, M, shiny|60/100
|-damage|p2a: Hydrapple|47/100|[from] Stealth Rock
|turn|55
|
|t:|1760447424
|move|p1a: Okidogi|Ice Punch|p2a: Hydrapple
|-supereffective|p2a: Hydrapple
|-damage|p2a: Hydrapple|0 fnt
|faint|p2a: Hydrapple
|
|win|biryanilover
|raw|biryanilover's rating: 1459 &rarr; <strong>1478</strong><br />(+19 for winning)
|raw|psychoplasm's rating: 1445 &rarr; <strong>1426</strong><br />(-19 for losing)
|l|☆psychoplasm
|player|p2|
