|j|☆witdflow
|j|☆Final boss11
|t:|1760364416
|gametype|singles
|player|p1|witdflow|norman|1261
|player|p2|Final boss11|cynthia-gen4|1268
|gen|9
|tier|[Gen 9] OU
|rated|
|rule|HP Percentage Mod: HP is shown in percentages
|rule|Endless Battle Clause: Forcing endless battles is banned
|rule|Species Clause: Limit one of each Pokémon
|rule|OHKO Clause: OHKO moves are banned
|rule|Evasion Items Clause: Evasion items are banned
|rule|Evasion Moves Clause: Evasion moves are banned
|rule|Evasion Abilities Clause: Evasion abilities are banned
|rule|Sleep Moves Clause: Sleep-inducing moves are banned
|clearpoke
|poke|p1|Clefable, F|
|poke|p1|Ting-Lu|
|poke|p1|Alomomola, F|
|poke|p1|Slowking-Galar, M|
|poke|p1|Ditto|
|poke|p1|Clodsire, M|
|poke|p2|Torkoal, M|
|poke|p2|Great Tusk|
|poke|p2|Walking Wake|
|poke|p2|Iron Valiant|
|poke|p2|Hatterene, F|
|poke|p2|Ogerpon-Cornerstone, F|
|teampreview
|inactive|Battle timer is ON: inactive players will automatically lose when time's up. (requested by Final boss11)
|
|t:|1760364426
|teamsize|p1|6
|teamsize|p2|6
|start
|switch|p1a: Clodsire|Clodsire, M|100/100
|switch|p2a: Torkoal|Torkoal, M|100/100
|-weather|SunnyDay|[from] ability: Drought|[of] p2a: Torkoal
|turn|1
|
|t:|1760364432
|switch|p2a: Hatterene|Hatterene, F|100/100
|move|p1a: Clodsire|Toxic|p2a: Hatterene
|move|p2a: Hatterene|Toxic|p1a: Clodsire|[from] ability: Magic Bounce|[miss]
|-miss|p2a: Hatterene|p1a: Clodsire
|
|-weather|SunnyDay|[upkeep]
|upkeep
|turn|2
|
|t:|1760364448
|move|p2a: Hatterene|Future Sight|p1a: Clodsire
|-start|p2a: Hatterene|move: Future Sight
|move|p1a: Clodsire|Toxic|p2a: Hatterene
|move|p2a: Hatterene|Toxic|p1a: Clodsire|[from] ability: Magic Bounce|[miss]
|-miss|p2a: Hatterene|p1a: Clodsire
|
|-weather|SunnyDay|[upkeep]
|upkeep
|turn|3
|c|☆Final boss11|Sit
|c|☆witdflow|bruh whutt
|c|☆Final boss11|Sir
|c|☆Final boss11|if it didn’t work the first time
|c|☆witdflow|why do i keep avoiding the attack?
|inactive|Final boss11 has 120 seconds left.
|c|☆witdflow|i thought poison types couldn't miss?
|c|☆Final boss11|Cuz it’s not a poison
|c|☆witdflow|ohh it's as if you used toxic
|c|☆Final boss11|Yeah
|c|☆witdflow|interesting
|c|☆Final boss11|double 10% miss lol
|c|☆witdflow|epic
|inactive|Final boss11 has 90 seconds left.
|c|☆witdflow|xD
|
|t:|1760364511
|switch|p1a: Ting-Lu|Ting-Lu, shiny|100/100
|-ability|p1a: Ting-Lu|Vessel of Ruin
|move|p2a: Hatterene|Draining Kiss|p1a: Ting-Lu
|-supereffective|p1a: Ting-Lu
|-crit|p1a: Ting-Lu
|-damage|p1a: Ting-Lu|65/100
|
|-weather|SunnyDay|[upkeep]
|-heal|p1a: Ting-Lu|72/100|[from] item: Leftovers
|upkeep
|turn|4
|inactive|Final boss11 has 90 seconds left.
|c|☆witdflow|double miss into crit
|
|t:|1760364533
|switch|p2a: Walking Wake|Walking Wake|100/100
|-activate|p2a: Walking Wake|ability: Protosynthesis
|-start|p2a: Walking Wake|protosynthesisspe
|move|p1a: Ting-Lu|Ruination|p2a: Walking Wake
|-damage|p2a: Walking Wake|50/100
|
|-weather|SunnyDay|[upkeep]
|-end|p1a: Ting-Lu|move: Future Sight
|-immune|p1a: Ting-Lu
|-heal|p1a: Ting-Lu|78/100|[from] item: Leftovers
|upkeep
|turn|5
|c|☆witdflow|we love it!
|
|t:|1760364545
|switch|p1a: Clodsire|Clodsire, M|100/100
|move|p2a: Walking Wake|Hydro Steam|p1a: Clodsire
|-immune|p1a: Clodsire|[from] ability: Water Absorb
|
|-weather|SunnyDay|[upkeep]
|upkeep
|turn|6
|
|t:|1760364553
|-end|p2a: Walking Wake|Protosynthesis|[silent]
|switch|p2a: Hatterene|Hatterene, F|100/100
|move|p1a: Clodsire|Toxic|p2a: Hatterene
|move|p2a: Hatterene|Toxic|p1a: Clodsire|[from] ability: Magic Bounce
|-immune|p1a: Clodsire
|
|-weather|SunnyDay|[upkeep]
|upkeep
|turn|7
|
|t:|1760364569
|move|p2a: Hatterene|Draining Kiss|p1a: Clodsire
|-resisted|p1a: Clodsire
|-damage|p1a: Clodsire|89/100
|move|p1a: Clodsire|Stomping Tantrum|p2a: Hatterene
|-damage|p2a: Hatterene|51/100
|
|-weather|SunnyDay|[upkeep]
|-heal|p1a: Clodsire|95/100|[from] item: Leftovers
|upkeep
|turn|8
|
|t:|1760364576
|move|p2a: Hatterene|Future Sight|p1a: Clodsire
|-start|p2a: Hatterene|move: Future Sight
|move|p1a: Clodsire|Stomping Tantrum|p2a: Hatterene
|-damage|p2a: Hatterene|28/100
|
|-weather|none
|-heal|p1a: Clodsire|100/100|[from] item: Leftovers
|upkeep
|turn|9
|
|t:|1760364584
|switch|p2a: Iron Valiant|Iron Valiant|100/100
|-enditem|p2a: Iron Valiant|Booster Energy
|-activate|p2a: Iron Valiant|ability: Quark Drive|[fromitem]
|-start|p2a: Iron Valiant|quarkdrivespe
|move|p1a: Clodsire|Stomping Tantrum|p2a: Iron Valiant
|-damage|p2a: Iron Valiant|75/100
|
|upkeep
|turn|10
|inactive|Final boss11 has 90 seconds left.
|
|t:|1760364600
|-terastallize|p1a: Clodsire|Flying
|move|p2a: Iron Valiant|Close Combat|p1a: Clodsire
|-resisted|p1a: Clodsire
|-damage|p1a: Clodsire|81/100
|-unboost|p2a: Iron Valiant|def|1
|-unboost|p2a: Iron Valiant|spd|1
|move|p1a: Clodsire|Counter|p2a: Iron Valiant
|-damage|p2a: Iron Valiant|12/100
|
|-end|p1a: Clodsire|move: Future Sight
|-damage|p1a: Clodsire|28/100
|-heal|p1a: Clodsire|34/100|[from] item: Leftovers
|upkeep
|turn|11
|
|t:|1760364630
|switch|p1a: Slowking|Slowking-Galar, M, shiny|100/100
|move|p2a: Iron Valiant|Moonblast|p1a: Slowking
|-resisted|p1a: Slowking
|-damage|p1a: Slowking|89/100
|
|-heal|p1a: Slowking|95/100|[from] item: Leftovers
|upkeep
|turn|12
|
|t:|1760364635
|move|p2a: Iron Valiant|Knock Off|p1a: Slowking
|-supereffective|p1a: Slowking
|-damage|p1a: Slowking|33/100
|-enditem|p1a: Slowking|Leftovers|[from] move: Knock Off|[of] p2a: Iron Valiant
|move|p1a: Slowking|Future Sight|p2a: Iron Valiant
|-start|p1a: Slowking|move: Future Sight
|
|upkeep
|turn|13
|
|t:|1760364650
|switch|p1a: Clefable|Clefable, F, shiny|100/100
|move|p2a: Iron Valiant|Knock Off|p1a: Clefable
|-resisted|p1a: Clefable
|-damage|p1a: Clefable|83/100
|-enditem|p1a: Clefable|Leftovers|[from] move: Knock Off|[of] p2a: Iron Valiant
|
|upkeep
|turn|14
|
|t:|1760364659
|move|p2a: Iron Valiant|Moonblast|p1a: Clefable
|-damage|p1a: Clefable|52/100
|move|p1a: Clefable|Wish|p1a: Clefable
|
|-end|p2a: Iron Valiant|move: Future Sight
|-supereffective|p2a: Iron Valiant
|-damage|p2a: Iron Valiant|0 fnt
|faint|p2a: Iron Valiant
|-end|p2a: Iron Valiant|Quark Drive|[silent]
|upkeep
|
|t:|1760364688
|switch|p2a: Great Tusk|Great Tusk|100/100
|turn|15
|
|t:|1760364696
|move|p2a: Great Tusk|Stealth Rock|p1a: Clefable
|-sidestart|p1: witdflow|move: Stealth Rock
|move|p1a: Clefable|Moonblast|p2a: Great Tusk
|-supereffective|p2a: Great Tusk
|-damage|p2a: Great Tusk|7/100
|
|-heal|p1a: Clefable|100/100|[from] move: Wish|[wisher] Clefable
|upkeep
|turn|16
|
|t:|1760364702
|-end|p2a: Great Tusk|Protosynthesis|[silent]
|switch|p2a: Torkoal|Torkoal, M|100/100
|-weather|SunnyDay|[from] ability: Drought|[of] p2a: Torkoal
|switch|p1a: Alomomola|Alomomola, F|100/100
|-damage|p1a: Alomomola|88/100|[from] Stealth Rock
|
|-weather|SunnyDay|[upkeep]
|upkeep
|turn|17
|
|t:|1760364709
|switch|p2a: Hatterene|Hatterene, F|28/100
|move|p1a: Alomomola|Light Screen|p1a: Alomomola
|-sidestart|p1: witdflow|move: Light Screen
|
|-weather|SunnyDay|[upkeep]
|upkeep
|turn|18
|
|t:|1760364713
|move|p1a: Alomomola|Flip Turn|p2a: Hatterene
|-damage|p2a: Hatterene|19/100
|
|t:|1760364719
|switch|p1a: Ting-Lu|Ting-Lu, shiny|78/100|[from] Flip Turn
|-damage|p1a: Ting-Lu|72/100|[from] Stealth Rock
|-ability|p1a: Ting-Lu|Vessel of Ruin
|move|p2a: Hatterene|Draining Kiss|p1a: Ting-Lu
|-supereffective|p1a: Ting-Lu
|-damage|p1a: Ting-Lu|58/100
|-heal|p2a: Hatterene|36/100|[from] drain|[of] p1a: Ting-Lu
|
|-weather|SunnyDay|[upkeep]
|-heal|p1a: Ting-Lu|65/100|[from] item: Leftovers
|upkeep
|turn|19
|
|t:|1760364730
|move|p1a: Ting-Lu|Sand Tomb|p2a: Hatterene
|-damage|p2a: Hatterene|22/100
|-activate|p2a: Hatterene|move: Sand Tomb|[of] p1a: Ting-Lu
|move|p2a: Hatterene|Draining Kiss|p1a: Ting-Lu
|-supereffective|p1a: Ting-Lu
|-damage|p1a: Ting-Lu|53/100
|-heal|p2a: Hatterene|36/100|[from] drain|[of] p1a: Ting-Lu
|
|-weather|SunnyDay|[upkeep]
|-heal|p1a: Ting-Lu|59/100|[from] item: Leftovers
|-damage|p2a: Hatterene|24/100|[from] move: Sand Tomb|[partiallytrapped]
|upkeep
|turn|20
|
|t:|1760364736
|move|p1a: Ting-Lu|Rock Slide|p2a: Hatterene
|-damage|p2a: Hatterene|1/100
|cant|p2a: Hatterene|flinch
|
|-weather|SunnyDay|[upkeep]
|-heal|p1a: Ting-Lu|66/100|[from] item: Leftovers
|-damage|p2a: Hatterene|0 fnt|[from] move: Sand Tomb|[partiallytrapped]
|faint|p2a: Hatterene
|upkeep
|inactive|Final boss11 has 90 seconds left.
|
|t:|1760364752
|switch|p2a: Walking Wake|Walking Wake|50/100
|-activate|p2a: Walking Wake|ability: Protosynthesis
|-start|p2a: Walking Wake|protosynthesisspe
|turn|21
|
|t:|1760364756
|switch|p1a: Clodsire|Clodsire, M, tera:Flying|34/100
|-damage|p1a: Clodsire|9/100|[from] Stealth Rock
|move|p2a: Walking Wake|Flamethrower|p1a: Clodsire
|-damage|p1a: Clodsire|0 fnt
|faint|p1a: Clodsire
|
|-weather|SunnyDay|[upkeep]
|-sideend|p1: witdflow|move: Light Screen
|upkeep
|
|t:|1760364759
|switch|p1a: Ditto|Ditto|100/100
|-damage|p1a: Ditto|88/100|[from] Stealth Rock
|-transform|p1a: Ditto|p2a: Walking Wake|[from] ability: Imposter
|turn|22
|
|t:|1760364766
|-end|p2a: Walking Wake|Protosynthesis|[silent]
|switch|p2a: Great Tusk|Great Tusk|7/100
|-activate|p2a: Great Tusk|ability: Protosynthesis
|-start|p2a: Great Tusk|protosynthesisdef
|move|p1a: Ditto|Dragon Pulse|p2a: Great Tusk
|-damage|p2a: Great Tusk|0 fnt
|faint|p2a: Great Tusk
|-end|p2a: Great Tusk|Protosynthesis|[silent]
|
|-weather|SunnyDay|[upkeep]
|upkeep
|
|t:|1760364773
|switch|p2a: Ogerpon|Ogerpon-Cornerstone, F|100/100
|turn|23
|
|t:|1760364790
|-end|p1a: Ditto|Protosynthesis|[silent]
|switch|p1a: Alomomola|Alomomola, F|100/100
|-damage|p1a: Alomomola|88/100|[from] Stealth Rock
|move|p2a: Ogerpon|Ivy Cudgel|p1a: Alomomola|[anim] Ivy Cudgel Rock
|-damage|p1a: Alomomola|59/100
|
|-weather|none
|upkeep
|turn|24
|
|t:|1760364806
|move|p2a: Ogerpon|Horn Leech|p1a: Alomomola
|-supereffective|p1a: Alomomola
|-damage|p1a: Alomomola|8/100
|-damage|p2a: Ogerpon|84/100|[from] item: Rocky Helmet|[of] p1a: Alomomola
|move|p1a: Alomomola|Flip Turn|p2a: Ogerpon
|-damage|p2a: Ogerpon|61/100
|
|t:|1760364816
|switch|p1a: Slowking|Slowking-Galar, M, shiny|67/100|[from] Flip Turn
|-damage|p1a: Slowking|54/100|[from] Stealth Rock
|
|upkeep
|turn|25
|
|t:|1760364832
|-terastallize|p2a: Ogerpon|Rock
|detailschange|p2a: Ogerpon|Ogerpon-Cornerstone-Tera, F, tera:Rock
|-ability|p2a: Ogerpon|Embody Aspect (Cornerstone)|boost
|-boost|p2a: Ogerpon|def|1
|move|p2a: Ogerpon|Ivy Cudgel|p1a: Slowking|[anim] Ivy Cudgel Rock
|-damage|p1a: Slowking|0 fnt
|faint|p1a: Slowking
|
|upkeep
|c|☆witdflow|oww
|
|t:|1760364841
|switch|p1a: Ditto|Ditto|88/100
|-damage|p1a: Ditto|76/100|[from] Stealth Rock
|turn|26
|c|☆witdflow|oh
|-message|witdflow forfeited.
|
|win|Final boss11
|raw|witdflow's rating: 1261 &rarr; <strong>1237</strong><br />(-24 for losing)
|raw|Final boss11's rating: 1268 &rarr; <strong>1292</strong><br />(+24 for winning)
|l|☆witdflow
|player|p1|
|c|☆Final boss11|What
