|j|☆YumeKasumi76
|j|☆GODKUD
|t:|1760380465
|gametype|singles
|player|p1|YumeKasumi76|265|1305
|player|p2|GODKUD|ghetsis-gen5bw|1371
|gen|9
|tier|[Gen 9] OU
|rated|
|rule|HP Percentage Mod: HP is shown in percentages
|rule|Endless Battle Clause: Forcing endless battles is banned
|rule|Species Clause: Limit one of each Pokémon
|rule|OHKO Clause: OHKO moves are banned
|rule|Evasion Items Clause: Evasion items are banned
|rule|Evasion Moves Clause: Evasion moves are banned
|rule|Evasion Abilities Clause: Evasion abilities are banned
|rule|Sleep Moves Clause: Sleep-inducing moves are banned
|clearpoke
|poke|p1|Heracross, M|
|poke|p1|Latias, F|
|poke|p1|Honchkrow, M|
|poke|p1|Heatran, M|
|poke|p1|Brambleghast, M|
|poke|p1|Suicune|
|poke|p2|Hydreigon, M|
|poke|p2|Landorus-Therian, M|
|poke|p2|Pecharunt|
|poke|p2|Iron Crown|
|poke|p2|Iron Valiant|
|poke|p2|Ogerpon-Wellspring, F|
|teampreview
|inactive|Battle timer is ON: inactive players will automatically lose when time's up. (requested by GODKUD)
|
|t:|1760380489
|teamsize|p1|6
|teamsize|p2|6
|start
|switch|p1a: Purifier|Suicune|100/100
|switch|p2a: Landorus|Landorus-Therian, M|100/100
|-ability|p2a: Landorus|Intimidate|boost
|-unboost|p1a: Purifier|atk|1
|-ability|p1a: Purifier|Pressure
|turn|1
|
|t:|1760380495
|move|p2a: Landorus|Stealth Rock|p1a: Purifier
|-sidestart|p1: YumeKasumi76|move: Stealth Rock
|move|p1a: Purifier|Icy Wind|p2a: Landorus
|-supereffective|p2a: Landorus
|-damage|p2a: Landorus|48/100
|-unboost|p2a: Landorus|spe|1
|
|upkeep
|turn|2
|
|t:|1760380500
|move|p1a: Purifier|Tailwind|p1a: Purifier
|-sidestart|p1: YumeKasumi76|move: Tailwind
|move|p2a: Landorus|U-turn|p1a: Purifier
|-damage|p1a: Purifier|86/100
|
|t:|1760380503
|switch|p2a: Iron Crown|Iron Crown|100/100|[from] U-turn
|
|-heal|p1a: Purifier|92/100|[from] item: Leftovers
|upkeep
|turn|3
|
|t:|1760380525
|move|p1a: Purifier|Scald|p2a: Iron Crown
|-damage|p2a: Iron Crown|84/100
|move|p2a: Iron Crown|Future Sight|p1a: Purifier
|-start|p2a: Iron Crown|move: Future Sight
|
|-heal|p1a: Purifier|98/100|[from] item: Leftovers
|upkeep
|turn|4
|
|t:|1760380536
|switch|p1a: Shinetori|Honchkrow, M|100/100
|-damage|p1a: Shinetori|76/100|[from] Stealth Rock
|move|p2a: Iron Crown|Volt Switch|p1a: Shinetori
|-supereffective|p1a: Shinetori
|-damage|p1a: Shinetori|0 fnt
|faint|p1a: Shinetori
|
|t:|1760380544
|-end|p2a: Iron Crown|Quark Drive|[silent]
|switch|p2a: Pecharunt|Pecharunt|100/100|[from] Volt Switch
|
|upkeep
|
|t:|1760380549
|switch|p1a: MapoTofu|Heatran, M|100/100
|-damage|p1a: MapoTofu|88/100|[from] Stealth Rock
|turn|5
|
|t:|1760380553
|move|p1a: MapoTofu|Stealth Rock|p2a: Pecharunt
|-sidestart|p2: GODKUD|move: Stealth Rock
|move|p2a: Pecharunt|Parting Shot|p1a: MapoTofu
|-unboost|p1a: MapoTofu|atk|1
|-unboost|p1a: MapoTofu|spa|1
|
|t:|1760380556
|switch|p2a: Landorus|Landorus-Therian, M|48/100|[from] Parting Shot
|-damage|p2a: Landorus|36/100|[from] Stealth Rock
|-ability|p2a: Landorus|Intimidate|boost
|-unboost|p1a: MapoTofu|atk|1
|
|-end|p1a: MapoTofu|move: Future Sight
|-resisted|p1a: MapoTofu
|-damage|p1a: MapoTofu|68/100
|-heal|p1a: MapoTofu|74/100|[from] item: Leftovers
|-sideend|p1: YumeKasumi76|move: Tailwind
|upkeep
|turn|6
|
|t:|1760380561
|switch|p1a: Purifier|Suicune|98/100
|-damage|p1a: Purifier|86/100|[from] Stealth Rock
|-ability|p1a: Purifier|Pressure
|move|p2a: Landorus|Taunt|p1a: Purifier
|-start|p1a: Purifier|move: Taunt
|
|-heal|p1a: Purifier|92/100|[from] item: Leftovers
|upkeep
|turn|7
|
|t:|1760380565
|move|p2a: Landorus|U-turn|p1a: Purifier
|-damage|p1a: Purifier|79/100
|
|t:|1760380567
|switch|p2a: Pecharunt|Pecharunt|100/100|[from] U-turn
|move|p1a: Purifier|Icy Wind|p2a: Pecharunt
|-damage|p2a: Pecharunt|88/100
|-unboost|p2a: Pecharunt|spe|1
|
|-heal|p1a: Purifier|85/100|[from] item: Leftovers
|upkeep
|turn|8
|
|t:|1760380573
|move|p1a: Purifier|Scald|p2a: Pecharunt
|-damage|p2a: Pecharunt|60/100
|move|p2a: Pecharunt|Parting Shot|p1a: Purifier
|-unboost|p1a: Purifier|atk|1
|-unboost|p1a: Purifier|spa|1
|
|t:|1760380577
|switch|p2a: Ogerpon|Ogerpon-Wellspring, F|100/100|[from] Parting Shot
|-damage|p2a: Ogerpon|88/100|[from] Stealth Rock
|
|-heal|p1a: Purifier|91/100|[from] item: Leftovers
|-end|p1a: Purifier|move: Taunt
|upkeep
|turn|9
|
|t:|1760380579
|move|p2a: Ogerpon|Spikes|p1a: Purifier
|-sidestart|p1: YumeKasumi76|Spikes
|move|p1a: Purifier|Roar|p2a: Ogerpon
|drag|p2a: Landorus|Landorus-Therian, M|36/100
|-damage|p2a: Landorus|23/100|[from] Stealth Rock
|-ability|p2a: Landorus|Intimidate|boost
|-unboost|p1a: Purifier|atk|1
|
|-heal|p1a: Purifier|98/100|[from] item: Leftovers
|upkeep
|turn|10
|
|t:|1760380584
|switch|p1a: Bianca|Latias, F|100/100
|-damage|p1a: Bianca|88/100|[from] Stealth Rock
|move|p2a: Landorus|Earthquake|p1a: Bianca
|-immune|p1a: Bianca|[from] ability: Levitate
|
|upkeep
|turn|11
|
|t:|1760380587
|move|p2a: Landorus|U-turn|p1a: Bianca
|-supereffective|p1a: Bianca
|-damage|p1a: Bianca|48/100
|
|t:|1760380590
|switch|p2a: Iron Crown|Iron Crown|84/100|[from] U-turn
|-damage|p2a: Iron Crown|77/100|[from] Stealth Rock
|move|p1a: Bianca|Tailwind|p1a: Bianca
|-sidestart|p1: YumeKasumi76|move: Tailwind
|
|upkeep
|turn|12
|
|t:|1760380596
|switch|p1a: MapoTofu|Heatran, M|74/100
|-damage|p1a: MapoTofu|61/100|[from] Stealth Rock
|-damage|p1a: MapoTofu|49/100|[from] Spikes
|move|p2a: Iron Crown|Future Sight|p1a: MapoTofu
|-start|p2a: Iron Crown|move: Future Sight
|
|-heal|p1a: MapoTofu|55/100|[from] item: Leftovers
|upkeep
|turn|13
|
|t:|1760380602
|-end|p2a: Iron Crown|Quark Drive|[silent]
|switch|p2a: Landorus|Landorus-Therian, M|23/100
|-damage|p2a: Landorus|11/100|[from] Stealth Rock
|-ability|p2a: Landorus|Intimidate|boost
|-unboost|p1a: MapoTofu|atk|1
|move|p1a: MapoTofu|Magma Storm|p2a: Landorus
|-damage|p2a: Landorus|0 fnt
|faint|p2a: Landorus
|
|-heal|p1a: MapoTofu|61/100|[from] item: Leftovers
|upkeep
|
|t:|1760380615
|switch|p2a: Ogerpon|Ogerpon-Wellspring, F|88/100
|-damage|p2a: Ogerpon|76/100|[from] Stealth Rock
|turn|14
|l|☆YumeKasumi76
|inactive|YumeKasumi76 disconnected and has a minute to reconnect!
|player|p1|
|j|☆YumeKasumi76
|inactive|YumeKasumi76 reconnected and has 150 seconds left.
|player|p1|YumeKasumi76|265|
|
|t:|1760380628
|move|p1a: MapoTofu|Taunt|p2a: Ogerpon
|-start|p2a: Ogerpon|move: Taunt
|move|p2a: Ogerpon|Ivy Cudgel|p1a: MapoTofu|[anim] Ivy Cudgel Water
|-supereffective|p1a: MapoTofu
|-damage|p1a: MapoTofu|0 fnt
|faint|p1a: MapoTofu
|
|-hint|Future Sight did not hit because the target is fainted.
|-sideend|p1: YumeKasumi76|move: Tailwind
|upkeep
|
|t:|1760380641
|switch|p1a: Bianca|Latias, F|48/100
|-damage|p1a: Bianca|36/100|[from] Stealth Rock
|turn|15
|
|t:|1760380646
|-terastallize|p2a: Ogerpon|Water
|detailschange|p2a: Ogerpon|Ogerpon-Wellspring-Tera, F, tera:Water
|-ability|p2a: Ogerpon|Embody Aspect (Wellspring)|boost
|-boost|p2a: Ogerpon|spd|1
|move|p2a: Ogerpon|Ivy Cudgel|p1a: Bianca|[anim] Ivy Cudgel Water
|-resisted|p1a: Bianca
|-crit|p1a: Bianca
|-damage|p1a: Bianca|0 fnt
|faint|p1a: Bianca
|
|upkeep
|
|t:|1760380657
|switch|p1a: BigKusa|Brambleghast, M|100/100
|turn|16
|
|t:|1760380661
|switch|p2a: Pecharunt|Pecharunt|60/100
|move|p1a: BigKusa|Rapid Spin|p2a: Pecharunt
|-immune|p2a: Pecharunt
|
|upkeep
|turn|17
|
|t:|1760380666
|move|p1a: BigKusa|Poltergeist|p2a: Pecharunt|[miss]
|-miss|p1a: BigKusa|p2a: Pecharunt
|move|p2a: Pecharunt|Malignant Chain|p1a: BigKusa
|-damage|p1a: BigKusa|43/100
|-status|p1a: BigKusa|tox
|-start|p1a: BigKusa|confusion|[from] ability: Poison Puppeteer|[of] p2a: Pecharunt
|
|-damage|p1a: BigKusa|37/100 tox|[from] psn
|upkeep
|turn|18
|-message|YumeKasumi76 forfeited.
|
|win|GODKUD
|raw|YumeKasumi76's rating: 1305 &rarr; <strong>1289</strong><br />(-16 for losing)
|raw|GODKUD's rating: 1371 &rarr; <strong>1387</strong><br />(+16 for winning)
|l|☆YumeKasumi76
|player|p1|
|l|☆GODKUD
|player|p2|
