|j|☆venjazanzhes123
|j|☆marching_cubes
|t:|1760445829
|gametype|singles
|player|p1|venjazanzhes123|wallace|1426
|player|p2|marching_cubes|1|1452
|gen|9
|tier|[Gen 9] OU
|rated|
|rule|HP Percentage Mod: HP is shown in percentages
|rule|Endless Battle Clause: Forcing endless battles is banned
|rule|Species Clause: Limit one of each Pokémon
|rule|OHKO Clause: OHKO moves are banned
|rule|Evasion Items Clause: Evasion items are banned
|rule|Evasion Moves Clause: Evasion moves are banned
|rule|Evasion Abilities Clause: Evasion abilities are banned
|rule|Sleep Moves Clause: Sleep-inducing moves are banned
|clearpoke
|poke|p1|Dragonite, M|
|poke|p1|Kyurem|
|poke|p1|Corviknight, M|
|poke|p1|Hatterene, F|
|poke|p1|Weavile, M|
|poke|p1|Quagsire, M|
|poke|p2|Wo-Chien|
|poke|p2|Gholdengo|
|poke|p2|Garchomp, F|
|poke|p2|Iron Treads|
|poke|p2|Dragapult, F|
|poke|p2|Scizor, F|
|teampreview
|inactive|Battle timer is ON: inactive players will automatically lose when time's up. (requested by marching_cubes)
|
|t:|1760445846
|teamsize|p1|6
|teamsize|p2|6
|start
|switch|p1a: Kyurem|Kyurem|100/100
|switch|p2a: Scizor|Scizor, F|100/100
|-ability|p1a: Kyurem|Pressure
|turn|1
|
|t:|1760445851
|switch|p1a: Corviknight|Corviknight, M|100/100
|move|p2a: Scizor|Bullet Punch|p1a: Corviknight
|-resisted|p1a: Corviknight
|-damage|p1a: Corviknight|85/100
|-damage|p2a: Scizor|84/100|[from] item: Rocky Helmet|[of] p1a: Corviknight
|
|upkeep
|turn|2
|
|t:|1760445858
|switch|p2a: Dragapult|Dragapult, F|100/100
|move|p1a: Corviknight|Bulk Up|p1a: Corviknight
|-boost|p1a: Corviknight|atk|1
|-boost|p1a: Corviknight|def|1
|
|upkeep
|turn|3
|
|t:|1760445864
|move|p2a: Dragapult|Will-O-Wisp|p1a: Corviknight
|-status|p1a: Corviknight|brn
|move|p1a: Corviknight|Brave Bird|p2a: Dragapult
|-damage|p2a: Dragapult|66/100
|-damage|p1a: Corviknight|76/100 brn|[from] Recoil
|
|-damage|p1a: Corviknight|70/100 brn|[from] brn
|upkeep
|turn|4
|
|t:|1760445871
|move|p2a: Dragapult|Hex|p1a: Corviknight
|-damage|p1a: Corviknight|10/100 brn
|move|p1a: Corviknight|Roost|p1a: Corviknight
|-heal|p1a: Corviknight|60/100 brn
|-singleturn|p1a: Corviknight|move: Roost
|
|-damage|p1a: Corviknight|54/100 brn|[from] brn
|upkeep
|turn|5
|
|t:|1760445875
|move|p2a: Dragapult|Hex|p1a: Corviknight
|-damage|p1a: Corviknight|0 fnt
|faint|p1a: Corviknight
|
|upkeep
|
|t:|1760445878
|switch|p1a: Hatterene|Hatterene, F|100/100
|turn|6
|
|t:|1760445884
|move|p2a: Dragapult|Hex|p1a: Hatterene
|-supereffective|p1a: Hatterene
|-damage|p1a: Hatterene|59/100
|move|p1a: Hatterene|Nuzzle|p2a: Dragapult
|-resisted|p2a: Dragapult
|-damage|p2a: Dragapult|63/100
|-status|p2a: Dragapult|par
|
|upkeep
|turn|7
|
|t:|1760445889
|switch|p2a: Scizor|Scizor, F|84/100
|move|p1a: Hatterene|Draining Kiss|p2a: Scizor
|-resisted|p2a: Scizor
|-crit|p2a: Scizor
|-damage|p2a: Scizor|56/100
|-heal|p1a: Hatterene|78/100|[from] drain|[of] p2a: Scizor
|
|upkeep
|turn|8
|
|t:|1760445893
|switch|p1a: Quagsire|Quagsire, M|100/100
|move|p2a: Scizor|Bullet Punch|p1a: Quagsire
|-resisted|p1a: Quagsire
|-damage|p1a: Quagsire|82/100
|
|-heal|p1a: Quagsire|88/100|[from] item: Leftovers
|upkeep
|turn|9
|
|t:|1760445903
|switch|p2a: Garchomp|Garchomp, F|100/100
|move|p1a: Quagsire|Counter||[still]
|-fail|p1a: Quagsire
|
|-heal|p1a: Quagsire|94/100|[from] item: Leftovers
|upkeep
|turn|10
|
|t:|1760445906
|switch|p1a: Hatterene|Hatterene, F|78/100
|move|p2a: Garchomp|Earthquake|p1a: Hatterene
|-damage|p1a: Hatterene|36/100
|
|upkeep
|turn|11
|
|t:|1760445911
|move|p2a: Garchomp|Earthquake|p1a: Hatterene
|-damage|p1a: Hatterene|0 fnt
|faint|p1a: Hatterene
|
|upkeep
|
|t:|1760445915
|switch|p1a: Weavile|Weavile, M|100/100
|-ability|p1a: Weavile|Pressure
|turn|12
|
|t:|1760445918
|-terastallize|p2a: Garchomp|Ghost
|move|p1a: Weavile|Swords Dance|p1a: Weavile
|-boost|p1a: Weavile|atk|2
|move|p2a: Garchomp|Stealth Rock|p1a: Weavile
|-sidestart|p1: venjazanzhes123|move: Stealth Rock
|
|upkeep
|turn|13
|
|t:|1760445924
|switch|p2a: Wo-Chien|Wo-Chien|100/100
|-ability|p2a: Wo-Chien|Tablets of Ruin
|move|p1a: Weavile|Knock Off|p2a: Wo-Chien
|-resisted|p2a: Wo-Chien
|-damage|p2a: Wo-Chien|76/100
|-enditem|p2a: Wo-Chien|Leftovers|[from] move: Knock Off|[of] p1a: Weavile
|
|upkeep
|turn|14
|
|t:|1760445928
|switch|p2a: Garchomp|Garchomp, F, tera:Ghost|100/100
|move|p1a: Weavile|Icicle Crash|p2a: Garchomp
|-damage|p2a: Garchomp|47/100
|
|upkeep
|turn|15
|
|t:|1760445936
|switch|p2a: Wo-Chien|Wo-Chien|76/100
|-ability|p2a: Wo-Chien|Tablets of Ruin
|move|p1a: Weavile|Icicle Crash|p2a: Wo-Chien
|-supereffective|p2a: Wo-Chien
|-damage|p2a: Wo-Chien|0 fnt
|faint|p2a: Wo-Chien
|
|upkeep
|
|t:|1760445938
|switch|p2a: Scizor|Scizor, F|56/100
|turn|16
|
|t:|1760445943
|move|p2a: Scizor|Bullet Punch|p1a: Weavile
|-supereffective|p1a: Weavile
|-enditem|p1a: Weavile|Focus Sash
|-damage|p1a: Weavile|1/100
|move|p1a: Weavile|Knock Off|p2a: Scizor
|-damage|p2a: Scizor|0 fnt
|-enditem|p2a: Scizor|Choice Band|[from] move: Knock Off|[of] p1a: Weavile
|faint|p2a: Scizor
|
|upkeep
|
|t:|1760445954
|switch|p2a: Gholdengo|Gholdengo|100/100
|turn|17
|
|t:|1760445958
|switch|p2a: Garchomp|Garchomp, F, tera:Ghost|47/100
|move|p1a: Weavile|Knock Off|p2a: Garchomp
|-supereffective|p2a: Garchomp
|-damage|p2a: Garchomp|0 fnt
|-damage|p1a: Weavile|0 fnt|[from] ability: Rough Skin|[of] p2a: Garchomp
|faint|p2a: Garchomp
|faint|p1a: Weavile
|
|upkeep
|
|t:|1760445967
|switch|p1a: Kyurem|Kyurem|100/100
|switch|p2a: Gholdengo|Gholdengo|100/100
|-damage|p1a: Kyurem|76/100|[from] Stealth Rock
|-ability|p1a: Kyurem|Pressure
|turn|18
|
|t:|1760445970
|move|p1a: Kyurem|Earth Power|p2a: Gholdengo
|-supereffective|p2a: Gholdengo
|-damage|p2a: Gholdengo|7/100
|move|p2a: Gholdengo|Make It Rain|p1a: Kyurem
|-supereffective|p1a: Kyurem
|-damage|p1a: Kyurem|0 fnt
|-unboost|p2a: Gholdengo|spa|1
|faint|p1a: Kyurem
|
|upkeep
|
|t:|1760445973
|switch|p1a: Dragonite|Dragonite, M|100/100
|turn|19
|
|t:|1760445975
|move|p1a: Dragonite|Dragon Dance|p1a: Dragonite
|-boost|p1a: Dragonite|atk|1
|-boost|p1a: Dragonite|spe|1
|move|p2a: Gholdengo|Thunder Wave|p1a: Dragonite
|-status|p1a: Dragonite|par
|
|upkeep
|turn|20
|
|t:|1760445982
|move|p2a: Gholdengo|Shadow Ball|p1a: Dragonite
|-damage|p1a: Dragonite|88/100 par
|move|p1a: Dragonite|Earthquake|p2a: Gholdengo
|-supereffective|p2a: Gholdengo
|-damage|p2a: Gholdengo|0 fnt
|faint|p2a: Gholdengo
|
|upkeep
|
|t:|1760445984
|switch|p2a: Iron Treads|Iron Treads|100/100
|-item|p2a: Iron Treads|Air Balloon
|turn|21
|
|t:|1760445988
|move|p2a: Iron Treads|Ice Spinner|p1a: Dragonite
|-supereffective|p1a: Dragonite
|-damage|p1a: Dragonite|0 fnt
|faint|p1a: Dragonite
|
|upkeep
|
|t:|1760445990
|switch|p1a: Quagsire|Quagsire, M|94/100
|-damage|p1a: Quagsire|88/100|[from] Stealth Rock
|turn|22
|
|t:|1760445996
|move|p2a: Iron Treads|Earthquake|p1a: Quagsire
|-damage|p1a: Quagsire|56/100
|move|p1a: Quagsire|Counter|p2a: Iron Treads
|-damage|p2a: Iron Treads|22/100
|-enditem|p2a: Iron Treads|Air Balloon
|
|-heal|p1a: Quagsire|62/100|[from] item: Leftovers
|upkeep
|turn|23
|
|t:|1760446001
|move|p2a: Iron Treads|Earthquake|p1a: Quagsire
|-damage|p1a: Quagsire|27/100
|move|p1a: Quagsire|Recover|p1a: Quagsire
|-heal|p1a: Quagsire|77/100
|
|-heal|p1a: Quagsire|83/100|[from] item: Leftovers
|upkeep
|turn|24
|
|t:|1760446006
|move|p2a: Iron Treads|Knock Off|p1a: Quagsire
|-damage|p1a: Quagsire|63/100
|-enditem|p1a: Quagsire|Leftovers|[from] move: Knock Off|[of] p2a: Iron Treads
|move|p1a: Quagsire|Recover|p1a: Quagsire
|-heal|p1a: Quagsire|100/100
|
|upkeep
|turn|25
|
|t:|1760446009
|move|p2a: Iron Treads|Earthquake|p1a: Quagsire
|-damage|p1a: Quagsire|66/100
|move|p1a: Quagsire|Earthquake|p2a: Iron Treads
|-supereffective|p2a: Iron Treads
|-damage|p2a: Iron Treads|0 fnt
|faint|p2a: Iron Treads
|-end|p2a: Iron Treads|Quark Drive|[silent]
|
|upkeep
|
|t:|1760446012
|switch|p2a: Dragapult|Dragapult, F|63/100 par
|turn|26
|
|t:|1760446015
|move|p2a: Dragapult|Will-O-Wisp|p1a: Quagsire
|-status|p1a: Quagsire|brn
|move|p1a: Quagsire|Earthquake|p2a: Dragapult
|-crit|p2a: Dragapult
|-damage|p2a: Dragapult|34/100 par
|
|-damage|p1a: Quagsire|60/100 brn|[from] brn
|upkeep
|turn|27
|
|t:|1760446021
|cant|p2a: Dragapult|par
|move|p1a: Quagsire|Earthquake|p2a: Dragapult
|-damage|p2a: Dragapult|14/100 par
|
|-damage|p1a: Quagsire|54/100 brn|[from] brn
|upkeep
|turn|28
|
|t:|1760446025
|move|p2a: Dragapult|Hex|p1a: Quagsire
|-damage|p1a: Quagsire|0 fnt
|faint|p1a: Quagsire
|
|win|marching_cubes
|raw|venjazanzhes123's rating: 1426 &rarr; <strong>1407</strong><br />(-19 for losing)
|raw|marching_cubes's rating: 1452 &rarr; <strong>1471</strong><br />(+19 for winning)
|l|☆venjazanzhes123
|player|p1|
|l|☆marching_cubes
|player|p2|
