|j|☆deus3xmachina
|j|☆Playm4ker52
|t:|1760391314
|gametype|singles
|player|p1|deus3xmachina|rika|1316
|player|p2|Playm4ker52|lucas|1344
|gen|9
|tier|[Gen 9] OU
|rated|
|rule|HP Percentage Mod: HP is shown in percentages
|rule|Endless Battle Clause: Forcing endless battles is banned
|rule|Species Clause: Limit one of each Pokémon
|rule|OHKO Clause: OHKO moves are banned
|rule|Evasion Items Clause: Evasion items are banned
|rule|Evasion Moves Clause: Evasion moves are banned
|rule|Evasion Abilities Clause: Evasion abilities are banned
|rule|Sleep Moves Clause: Sleep-inducing moves are banned
|clearpoke
|poke|p1|Raging Bolt|
|poke|p1|Gliscor, F|
|poke|p1|Cinderace, F|
|poke|p1|Iron Valiant|
|poke|p1|Alomomola, M|
|poke|p1|Blissey, F|
|poke|p2|Primarina, F|
|poke|p2|Kyurem|
|poke|p2|Corviknight, F|
|poke|p2|Iron Valiant|
|poke|p2|Dragonite, M|
|poke|p2|Gengar, F|
|teampreview
|c|☆deus3xmachina|glhf
|
|t:|1760391330
|teamsize|p1|6
|teamsize|p2|6
|start
|switch|p1a: Raging Bolt|Raging Bolt|100/100
|switch|p2a: Kyurem|Kyurem|100/100
|-ability|p2a: Kyurem|Pressure
|turn|1
|
|t:|1760391339
|-end|p1a: Raging Bolt|Protosynthesis|[silent]
|switch|p1a: Blissey|Blissey, F|100/100
|move|p2a: Kyurem|Icicle Spear|p1a: Blissey
|-damage|p1a: Blissey|87/100
|-damage|p1a: Blissey|71/100
|-damage|p1a: Blissey|56/100
|-damage|p1a: Blissey|41/100
|-crit|p1a: Blissey
|-damage|p1a: Blissey|20/100
|-hitcount|p1a: Blissey|5
|
|upkeep
|turn|2
|inactive|Battle timer is ON: inactive players will automatically lose when time's up. (requested by deus3xmachina)
|
|t:|1760391380
|switch|p1a: Alomomola|Alomomola, M|100/100
|move|p2a: Kyurem|Dragon Dance|p2a: Kyurem
|-boost|p2a: Kyurem|atk|1
|-boost|p2a: Kyurem|spe|1
|
|upkeep
|turn|3
|
|t:|1760391388
|move|p2a: Kyurem|Freeze-Dry|p1a: Alomomola
|-supereffective|p1a: Alomomola
|-damage|p1a: Alomomola|31/100
|move|p1a: Alomomola|Scald|p2a: Kyurem
|-resisted|p2a: Kyurem
|-damage|p2a: Kyurem|94/100
|
|upkeep
|turn|4
|
|t:|1760391399
|switch|p1a: Blissey|Blissey, F|20/100
|move|p2a: Kyurem|Freeze-Dry|p1a: Blissey
|-damage|p1a: Blissey|10/100
|
|upkeep
|turn|5
|
|t:|1760391405
|move|p2a: Kyurem|Icicle Spear|p1a: Blissey
|-damage|p1a: Blissey|0 fnt
|faint|p1a: Blissey
|-hitcount|p1: Blissey|1
|
|upkeep
|
|t:|1760391410
|switch|p1a: Iron Valiant|Iron Valiant|100/100
|-enditem|p1a: Iron Valiant|Booster Energy
|-activate|p1a: Iron Valiant|ability: Quark Drive|[fromitem]
|-start|p1a: Iron Valiant|quarkdrivespe
|turn|6
|
|t:|1760391414
|-terastallize|p2a: Kyurem|Ground
|move|p1a: Iron Valiant|Moonblast|p2a: Kyurem
|-damage|p2a: Kyurem|43/100
|move|p2a: Kyurem|Dragon Dance|p2a: Kyurem
|-boost|p2a: Kyurem|atk|1
|-boost|p2a: Kyurem|spe|1
|
|upkeep
|turn|7
|
|t:|1760391423
|move|p2a: Kyurem|Icicle Spear|p1a: Iron Valiant
|-damage|p1a: Iron Valiant|66/100
|-damage|p1a: Iron Valiant|31/100
|-damage|p1a: Iron Valiant|0 fnt
|faint|p1a: Iron Valiant
|-end|p1a: Iron Valiant|Quark Drive|[silent]
|-hitcount|p1: Iron Valiant|3
|
|upkeep
|-message|deus3xmachina forfeited.
|
|win|Playm4ker52
|raw|deus3xmachina's rating: 1316 &rarr; <strong>1298</strong><br />(-18 for losing)
|raw|Playm4ker52's rating: 1344 &rarr; <strong>1362</strong><br />(+18 for winning)
|c|☆deus3xmachina|cheers
|l|☆deus3xmachina
|player|p1|
|c|☆Playm4ker52|Gg
