|badge|p2|bronze|gen9ou|100-7
|badge|p2|silver|gen9ubers|30-7
|uhtml|medal-msg|<div class="broadcast-blue">Curious what those medals under the avatar are? PS now has Ladder Seasons! For more information, check out the <a href="https://www.smogon.com/forums/threads/3740067/">thread on Smogon.</a></div>
|j|☆jemaisjepa
|j|☆qways
|t:|1760368107
|gametype|singles
|player|p1|jemaisjepa|marlon|1851
|player|p2|qways|102|1910
|gen|9
|tier|[Gen 9] OU
|rated|
|rule|HP Percentage Mod: HP is shown in percentages
|rule|Endless Battle Clause: Forcing endless battles is banned
|rule|Species Clause: Limit one of each Pokémon
|rule|OHKO Clause: OHKO moves are banned
|rule|Evasion Items Clause: Evasion items are banned
|rule|Evasion Moves Clause: Evasion moves are banned
|rule|Evasion Abilities Clause: Evasion abilities are banned
|rule|Sleep Moves Clause: Sleep-inducing moves are banned
|clearpoke
|poke|p1|Weezing-Galar, F|
|poke|p1|Alomomola, M|
|poke|p1|Dragonite, F|
|poke|p1|Great Tusk|
|poke|p1|Zamazenta-*|
|poke|p1|Ogerpon-Wellspring, F|
|poke|p2|Ninetales, F|
|poke|p2|Zamazenta-*|
|poke|p2|Cinderace, F|
|poke|p2|Walking Wake|
|poke|p2|Slither Wing|
|poke|p2|Raging Bolt|
|teampreview
|inactive|Battle timer is ON: inactive players will automatically lose when time's up. (requested by jemaisjepa)
|
|t:|1760368127
|teamsize|p1|6
|teamsize|p2|6
|start
|switch|p1a: Zamazenta|Zamazenta, shiny|100/100
|switch|p2a: Ninetales|Ninetales, F|100/100
|-ability|p1a: Zamazenta|Dauntless Shield|boost
|-boost|p1a: Zamazenta|def|1
|-weather|SunnyDay|[from] ability: Drought|[of] p2a: Ninetales
|turn|1
|
|t:|1760368138
|switch|p2a: Zamazenta|Zamazenta|100/100
|-ability|p2a: Zamazenta|Dauntless Shield|boost
|-boost|p2a: Zamazenta|def|1
|move|p1a: Zamazenta|Close Combat|p2a: Zamazenta
|-damage|p2a: Zamazenta|46/100
|-unboost|p1a: Zamazenta|def|1
|-unboost|p1a: Zamazenta|spd|1
|
|-weather|SunnyDay|[upkeep]
|-heal|p2a: Zamazenta|52/100|[from] item: Leftovers
|upkeep
|turn|2
|
|t:|1760368150
|switch|p1a: Weezing|Weezing-Galar, F, shiny|100/100
|-ability|p1a: Weezing|Neutralizing Gas
|move|p2a: Zamazenta|Body Press|p1a: Weezing
|-resisted|p1a: Weezing
|-damage|p1a: Weezing|92/100
|
|-weather|SunnyDay|[upkeep]
|-heal|p2a: Zamazenta|59/100|[from] item: Leftovers
|upkeep
|turn|3
|j| jejejeiejejsi
|l| jejejeiejejsi
|
|t:|1760368158
|switch|p2a: Cinderace|Cinderace, F|100/100
|move|p1a: Weezing|Sludge Bomb|p2a: Cinderace
|-damage|p2a: Cinderace|61/100
|
|-weather|SunnyDay|[upkeep]
|upkeep
|turn|4
|
|t:|1760368165
|move|p2a: Cinderace|Will-O-Wisp|p1a: Weezing
|-status|p1a: Weezing|brn
|move|p1a: Weezing|Sludge Bomb|p2a: Cinderace
|-damage|p2a: Cinderace|21/100
|
|-weather|SunnyDay|[upkeep]
|-damage|p1a: Weezing|86/100 brn|[from] brn
|upkeep
|turn|5
|
|t:|1760368170
|move|p2a: Cinderace|Pyro Ball|p1a: Weezing
|-damage|p1a: Weezing|28/100 brn
|move|p1a: Weezing|Sludge Bomb|p2a: Cinderace
|-damage|p2a: Cinderace|0 fnt
|faint|p2a: Cinderace
|
|-weather|SunnyDay|[upkeep]
|-damage|p1a: Weezing|22/100 brn|[from] brn
|upkeep
|
|t:|1760368175
|switch|p2a: Raging Bolt|Raging Bolt|100/100
|turn|6
|
|t:|1760368180
|move|p2a: Raging Bolt|Solar Beam||[still]
|-prepare|p2a: Raging Bolt|Solar Beam
|-anim|p2a: Raging Bolt|Solar Beam|p1a: Weezing
|-resisted|p1a: Weezing
|-damage|p1a: Weezing|0 fnt
|faint|p1a: Weezing
|-end|p1a: Weezing|ability: Neutralizing Gas
|-activate|p2a: Raging Bolt|ability: Protosynthesis
|-start|p2a: Raging Bolt|protosynthesisspa
|
|-weather|SunnyDay|[upkeep]
|upkeep
|
|t:|1760368185
|switch|p1a: Great Tusk|Great Tusk|100/100
|-activate|p1a: Great Tusk|ability: Protosynthesis
|-start|p1a: Great Tusk|protosynthesisatk
|turn|7
|
|t:|1760368189
|-terastallize|p2a: Raging Bolt|Fairy
|move|p1a: Great Tusk|Headlong Rush|p2a: Raging Bolt
|-damage|p2a: Raging Bolt|40/100
|-unboost|p1a: Great Tusk|def|1
|-unboost|p1a: Great Tusk|spd|1
|move|p2a: Raging Bolt|Solar Beam||[still]
|-prepare|p2a: Raging Bolt|Solar Beam
|-anim|p2a: Raging Bolt|Solar Beam|p1a: Great Tusk
|-supereffective|p1a: Great Tusk
|-damage|p1a: Great Tusk|0 fnt
|faint|p1a: Great Tusk
|-end|p1a: Great Tusk|Protosynthesis|[silent]
|
|-weather|SunnyDay|[upkeep]
|upkeep
|
|t:|1760368196
|switch|p1a: Zamazenta|Zamazenta, shiny|100/100
|turn|8
|inactive|qways has 120 seconds left.
|
|t:|1760368234
|move|p1a: Zamazenta|Stone Edge|p2a: Raging Bolt|[miss]
|-miss|p1a: Zamazenta|p2a: Raging Bolt
|move|p2a: Raging Bolt|Weather Ball|p1a: Zamazenta
|-damage|p1a: Zamazenta|42/100
|
|-weather|none
|-end|p2a: Raging Bolt|Protosynthesis
|upkeep
|turn|9
|inactive|qways has 120 seconds left.
|
|t:|1760368262
|switch|p1a: Alomomola|Alomomola, M, shiny|100/100
|move|p2a: Raging Bolt|Dragon Pulse|p1a: Alomomola
|-damage|p1a: Alomomola|75/100
|
|upkeep
|turn|10
|
|t:|1760368265
|-end|p2a: Raging Bolt|Protosynthesis|[silent]
|switch|p2a: Ninetales|Ninetales, F|100/100
|-weather|SunnyDay|[from] ability: Drought|[of] p2a: Ninetales
|move|p1a: Alomomola|Mirror Coat||[still]
|-fail|p1a: Alomomola
|
|-weather|SunnyDay|[upkeep]
|upkeep
|turn|11
|
|t:|1760368274
|move|p2a: Ninetales|Encore|p1a: Alomomola
|-start|p1a: Alomomola|Encore
|move|p1a: Alomomola|Mirror Coat||[still]
|-fail|p1a: Alomomola
|
|-weather|SunnyDay|[upkeep]
|upkeep
|turn|12
|inactive|qways has 120 seconds left.
|
|t:|1760368291
|switch|p2a: Zamazenta|Zamazenta|59/100
|switch|p1a: Zamazenta|Zamazenta, shiny|42/100
|
|-weather|SunnyDay|[upkeep]
|-heal|p2a: Zamazenta|65/100|[from] item: Leftovers
|upkeep
|turn|13
|
|t:|1760368298
|move|p1a: Zamazenta|Close Combat|p2a: Zamazenta
|-damage|p2a: Zamazenta|0 fnt
|-unboost|p1a: Zamazenta|def|1
|-unboost|p1a: Zamazenta|spd|1
|faint|p2a: Zamazenta
|
|-weather|SunnyDay|[upkeep]
|upkeep
|
|t:|1760368302
|switch|p2a: Walking Wake|Walking Wake|100/100
|-activate|p2a: Walking Wake|ability: Protosynthesis
|-start|p2a: Walking Wake|protosynthesisspe
|turn|14
|
|t:|1760368308
|switch|p1a: Alomomola|Alomomola, M, shiny|100/100
|move|p2a: Walking Wake|Dragon Pulse|p1a: Alomomola
|-damage|p1a: Alomomola|64/100
|
|-weather|SunnyDay|[upkeep]
|upkeep
|turn|15
|
|t:|1760368314
|move|p2a: Walking Wake|Dragon Pulse|p1a: Alomomola
|-damage|p1a: Alomomola|27/100
|move|p1a: Alomomola|Mirror Coat|p2a: Walking Wake
|-damage|p2a: Walking Wake|0 fnt
|faint|p2a: Walking Wake
|-end|p2a: Walking Wake|Protosynthesis|[silent]
|
|-weather|SunnyDay|[upkeep]
|upkeep
|
|t:|1760368317
|switch|p2a: Raging Bolt|Raging Bolt, tera:Fairy|40/100
|-activate|p2a: Raging Bolt|ability: Protosynthesis
|-start|p2a: Raging Bolt|protosynthesisspa
|turn|16
|
|t:|1760368325
|move|p1a: Alomomola|Aqua Jet|p2a: Raging Bolt
|-damage|p2a: Raging Bolt|36/100
|move|p2a: Raging Bolt|Dragon Pulse|p1a: Alomomola
|-damage|p1a: Alomomola|0 fnt
|faint|p1a: Alomomola
|
|-weather|SunnyDay|[upkeep]
|upkeep
|
|t:|1760368333
|switch|p1a: Dragonite|Dragonite, F, shiny|100/100
|turn|17
|j| shyahngyoo
|
|t:|1760368342
|-terastallize|p1a: Dragonite|Normal
|move|p2a: Raging Bolt|Dragon Pulse|p1a: Dragonite
|-damage|p1a: Dragonite|78/100
|move|p1a: Dragonite|Roost|p1a: Dragonite
|-heal|p1a: Dragonite|100/100
|
|-weather|none
|-end|p2a: Raging Bolt|Protosynthesis
|upkeep
|turn|18
|
|t:|1760368348
|-end|p2a: Raging Bolt|Protosynthesis|[silent]
|switch|p2a: Ninetales|Ninetales, F|100/100
|-weather|SunnyDay|[from] ability: Drought|[of] p2a: Ninetales
|move|p1a: Dragonite|Extreme Speed|p2a: Ninetales
|-damage|p2a: Ninetales|43/100
|
|-weather|SunnyDay|[upkeep]
|upkeep
|turn|19
|
|t:|1760368357
|move|p1a: Dragonite|Extreme Speed|p2a: Ninetales
|-damage|p2a: Ninetales|0 fnt
|faint|p2a: Ninetales
|
|-weather|SunnyDay|[upkeep]
|upkeep
|
|t:|1760368360
|switch|p2a: Slither Wing|Slither Wing|100/100
|-activate|p2a: Slither Wing|ability: Protosynthesis
|-start|p2a: Slither Wing|protosynthesisatk
|turn|20
|
|t:|1760368374
|switch|p1a: Ogerpon|Ogerpon-Wellspring, F|100/100
|move|p2a: Slither Wing|Close Combat|p1a: Ogerpon
|-damage|p1a: Ogerpon|0 fnt
|-unboost|p2a: Slither Wing|def|1
|-unboost|p2a: Slither Wing|spd|1
|faint|p1a: Ogerpon
|
|-weather|SunnyDay|[upkeep]
|upkeep
|
|t:|1760368376
|switch|p1a: Zamazenta|Zamazenta, shiny|42/100
|turn|21
|
|t:|1760368384
|-end|p2a: Slither Wing|Protosynthesis|[silent]
|switch|p2a: Raging Bolt|Raging Bolt, tera:Fairy|36/100
|-activate|p2a: Raging Bolt|ability: Protosynthesis
|-start|p2a: Raging Bolt|protosynthesisspa
|move|p1a: Zamazenta|Stone Edge|p2a: Raging Bolt
|-damage|p2a: Raging Bolt|0 fnt
|faint|p2a: Raging Bolt
|-end|p2a: Raging Bolt|Protosynthesis|[silent]
|
|-weather|SunnyDay|[upkeep]
|upkeep
|
|t:|1760368386
|switch|p2a: Slither Wing|Slither Wing|100/100
|-activate|p2a: Slither Wing|ability: Protosynthesis
|-start|p2a: Slither Wing|protosynthesisatk
|turn|22
|inactive|qways has 120 seconds left.
|
|t:|1760368421
|move|p1a: Zamazenta|Stone Edge|p2a: Slither Wing|[miss]
|-miss|p1a: Zamazenta|p2a: Slither Wing
|move|p2a: Slither Wing|Close Combat|p1a: Zamazenta
|-crit|p1a: Zamazenta
|-damage|p1a: Zamazenta|0 fnt
|-unboost|p2a: Slither Wing|def|1
|-unboost|p2a: Slither Wing|spd|1
|faint|p1a: Zamazenta
|
|-weather|SunnyDay|[upkeep]
|upkeep
|
|t:|1760368424
|switch|p1a: Dragonite|Dragonite, F, shiny, tera:Normal|100/100
|turn|23
|
|t:|1760368427
|move|p1a: Dragonite|Extreme Speed|p2a: Slither Wing
|-damage|p2a: Slither Wing|18/100
|move|p2a: Slither Wing|Close Combat|p1a: Dragonite
|-supereffective|p1a: Dragonite
|-damage|p1a: Dragonite|0 fnt
|-unboost|p2a: Slither Wing|def|1
|-unboost|p2a: Slither Wing|spd|1
|faint|p1a: Dragonite
|
|win|qways
|raw|jemaisjepa's rating: 1851 &rarr; <strong>1834</strong><br />(-17 for losing)
|raw|qways's rating: 1910 &rarr; <strong>1927</strong><br />(+17 for winning)
|l|☆qways
|player|p2|
|c|☆jemaisjepa|yeah my luck
|l|☆jemaisjepa
|player|p1|
