|j|☆lab addict
|j|☆burningpain
|t:|1760400158
|gametype|singles
|player|p1|lab addict|colress|1583
|player|p2|burningpain|2|1479
|gen|9
|tier|[Gen 9] OU
|rated|
|rule|HP Percentage Mod: HP is shown in percentages
|rule|Endless Battle Clause: Forcing endless battles is banned
|rule|Species Clause: Limit one of each Pokémon
|rule|OHKO Clause: OHKO moves are banned
|rule|Evasion Items Clause: Evasion items are banned
|rule|Evasion Moves Clause: Evasion moves are banned
|rule|Evasion Abilities Clause: Evasion abilities are banned
|rule|Sleep Moves Clause: Sleep-inducing moves are banned
|clearpoke
|poke|p1|Hatterene, F|
|poke|p1|Slowking-Galar, M|
|poke|p1|Raging Bolt|
|poke|p1|Great Tusk|
|poke|p1|Zapdos|
|poke|p1|Meowscarada, F|
|poke|p2|Quagsire, F|
|poke|p2|Blissey, F|
|poke|p2|Toxapex, F|
|poke|p2|Weezing-Galar, F|
|poke|p2|Gliscor, F|
|poke|p2|Corviknight, M|
|teampreview
|j| Kyurem
|
|t:|1760400190
|teamsize|p1|6
|teamsize|p2|6
|start
|switch|p1a: Meowscarada|Meowscarada, F, shiny|100/100
|switch|p2a: Gliscor|Gliscor, F|100/100
|turn|1
|j| paternozzo
|
|t:|1760400205
|move|p2a: Gliscor|Protect|p2a: Gliscor
|-singleturn|p2a: Gliscor|Protect
|move|p1a: Meowscarada|Knock Off|p2a: Gliscor
|-start|p1a: Meowscarada|typechange|Dark|[from] ability: Protean
|-activate|p2a: Gliscor|move: Protect
|
|-status|p2a: Gliscor|tox|[from] item: Toxic Orb
|upkeep
|turn|2
|
|t:|1760400219
|switch|p1a: Hatterene|Hatterene, F|100/100
|switch|p2a: Corviknight|Corviknight, M|100/100
|-ability|p2a: Corviknight|Pressure
|
|upkeep
|turn|3
|
|t:|1760400228
|switch|p2a: Blissey|Blissey, F|100/100
|switch|p1a: Zapdos|Zapdos|100/100
|
|upkeep
|turn|4
|l| paternozzo
|
|t:|1760400233
|switch|p1a: Slowking|Slowking-Galar, M|100/100
|move|p2a: Blissey|Stealth Rock|p1a: Slowking
|-sidestart|p1: lab addict|move: Stealth Rock
|
|upkeep
|turn|5
|
|t:|1760400249
|switch|p2a: Gliscor|Gliscor, F|100/100 tox
|move|p1a: Slowking|Future Sight|p2a: Gliscor
|-start|p1a: Slowking|move: Future Sight
|
|upkeep
|turn|6
|
|t:|1760400266
|switch|p2a: Toxapex|Toxapex, F|100/100
|move|p1a: Slowking|Sludge Bomb|p2a: Toxapex
|-resisted|p2a: Toxapex
|-crit|p2a: Toxapex
|-damage|p2a: Toxapex|86/100
|
|-heal|p2a: Toxapex|92/100|[from] item: Leftovers
|upkeep
|turn|7
|
|t:|1760400282
|switch|p2a: Blissey|Blissey, F|100/100
|-prepare|p1a: Slowking|Chilly Reception|[premajor]
|move|p1a: Slowking|Chilly Reception|p1a: Slowking
|-weather|Snowscape
|
|t:|1760400290
|switch|p1a: Meowscarada|Meowscarada, F, shiny|100/100|[from] Chilly Reception
|-damage|p1a: Meowscarada|88/100|[from] Stealth Rock
|
|-weather|Snowscape|[upkeep]
|-end|p2a: Blissey|move: Future Sight
|-damage|p2a: Blissey|87/100
|-heal|p2a: Blissey|93/100|[from] item: Leftovers
|upkeep
|turn|8
|
|t:|1760400299
|switch|p2a: Corviknight|Corviknight, M|100/100
|-ability|p2a: Corviknight|Pressure
|move|p1a: Meowscarada|Knock Off|p2a: Corviknight
|-start|p1a: Meowscarada|typechange|Dark|[from] ability: Protean
|-damage|p2a: Corviknight|68/100
|-damage|p1a: Meowscarada|72/100|[from] item: Rocky Helmet|[of] p2a: Corviknight
|-enditem|p2a: Corviknight|Rocky Helmet|[from] move: Knock Off|[of] p1a: Meowscarada
|
|-weather|Snowscape|[upkeep]
|upkeep
|turn|9
|
|t:|1760400312
|switch|p1a: Hatterene|Hatterene, F|100/100
|-damage|p1a: Hatterene|88/100|[from] Stealth Rock
|move|p2a: Corviknight|Roost|p2a: Corviknight
|-heal|p2a: Corviknight|100/100
|-singleturn|p2a: Corviknight|move: Roost
|
|-weather|Snowscape|[upkeep]
|upkeep
|turn|10
|
|t:|1760400317
|switch|p2a: Blissey|Blissey, F|93/100
|move|p1a: Hatterene|Psychic Noise|p2a: Blissey
|-damage|p2a: Blissey|79/100
|-start|p2a: Blissey|move: Heal Block
|
|-weather|Snowscape|[upkeep]
|upkeep
|turn|11
|
|t:|1760400323
|switch|p1a: Great Tusk|Great Tusk|100/100
|move|p2a: Blissey|Shadow Ball|p1a: Great Tusk
|-damage|p1a: Great Tusk|81/100
|
|-weather|none
|-end|p2a: Blissey|move: Heal Block
|upkeep
|turn|12
|
|t:|1760400334
|switch|p2a: Quagsire|Quagsire, F|100/100
|move|p1a: Great Tusk|Rapid Spin|p2a: Quagsire
|-damage|p2a: Quagsire|90/100
|-boost|p1a: Great Tusk|spe|1
|-sideend|p1: lab addict|Stealth Rock|[from] move: Rapid Spin|[of] p1a: Great Tusk
|
|-heal|p2a: Quagsire|96/100|[from] item: Leftovers
|upkeep
|turn|13
|
|t:|1760400344
|move|p1a: Great Tusk|Stealth Rock|p2a: Quagsire
|-sidestart|p2: burningpain|move: Stealth Rock
|move|p2a: Quagsire|Earthquake|p1a: Great Tusk
|-damage|p1a: Great Tusk|62/100
|
|-heal|p2a: Quagsire|100/100|[from] item: Leftovers
|upkeep
|turn|14
|
|t:|1760400351
|-end|p1a: Great Tusk|Protosynthesis|[silent]
|switch|p1a: Slowking|Slowking-Galar, M|100/100
|move|p2a: Quagsire|Toxic|p1a: Slowking
|-immune|p1a: Slowking
|
|upkeep
|turn|15
|
|t:|1760400355
|move|p2a: Quagsire|Earthquake|p1a: Slowking
|-supereffective|p1a: Slowking
|-damage|p1a: Slowking|41/100
|-prepare|p1a: Slowking|Chilly Reception|[premajor]
|move|p1a: Slowking|Chilly Reception|p1a: Slowking
|-weather|Snowscape
|
|t:|1760400358
|switch|p1a: Meowscarada|Meowscarada, F, shiny|72/100|[from] Chilly Reception
|
|-weather|Snowscape|[upkeep]
|upkeep
|turn|16
|
|t:|1760400365
|switch|p2a: Corviknight|Corviknight, M|100/100
|-damage|p2a: Corviknight|88/100|[from] Stealth Rock
|-ability|p2a: Corviknight|Pressure
|move|p1a: Meowscarada|U-turn|p2a: Corviknight
|-start|p1a: Meowscarada|typechange|Bug|[from] ability: Protean
|-resisted|p2a: Corviknight
|-damage|p2a: Corviknight|83/100
|
|t:|1760400367
|switch|p1a: Raging Bolt|Raging Bolt|100/100|[from] U-turn
|
|-weather|Snowscape|[upkeep]
|upkeep
|turn|17
|
|t:|1760400374
|switch|p2a: Blissey|Blissey, F|79/100
|-damage|p2a: Blissey|67/100|[from] Stealth Rock
|move|p1a: Raging Bolt|Volt Switch|p2a: Blissey
|-damage|p2a: Blissey|48/100
|
|t:|1760400377
|-end|p1a: Raging Bolt|Protosynthesis|[silent]
|switch|p1a: Meowscarada|Meowscarada, F, shiny|72/100|[from] Volt Switch
|
|-weather|Snowscape|[upkeep]
|-heal|p2a: Blissey|54/100|[from] item: Leftovers
|upkeep
|turn|18
|
|t:|1760400386
|switch|p2a: Toxapex|Toxapex, F|100/100
|-damage|p2a: Toxapex|88/100|[from] Stealth Rock
|move|p1a: Meowscarada|Knock Off|p2a: Toxapex
|-start|p1a: Meowscarada|typechange|Dark|[from] ability: Protean
|-damage|p2a: Toxapex|53/100
|-enditem|p2a: Toxapex|Leftovers|[from] move: Knock Off|[of] p1a: Meowscarada
|
|-weather|Snowscape|[upkeep]
|upkeep
|turn|19
|
|t:|1760400395
|switch|p1a: Hatterene|Hatterene, F|88/100
|move|p2a: Toxapex|Toxic|p1a: Hatterene
|move|p1a: Hatterene|Toxic|p2a: Toxapex|[from] ability: Magic Bounce
|-immune|p2a: Toxapex
|
|-weather|none
|upkeep
|turn|20
|
|t:|1760400400
|move|p2a: Toxapex|Baneful Bunker|p2a: Toxapex
|-singleturn|p2a: Toxapex|move: Protect
|move|p1a: Hatterene|Psychic Noise|p2a: Toxapex
|-activate|p2a: Toxapex|move: Protect
|
|upkeep
|turn|21
|
|t:|1760400410
|switch|p2a: Corviknight|Corviknight, M|83/100
|-damage|p2a: Corviknight|71/100|[from] Stealth Rock
|-ability|p2a: Corviknight|Pressure
|move|p1a: Hatterene|Psychic Noise|p2a: Corviknight
|-resisted|p2a: Corviknight
|-damage|p2a: Corviknight|47/100
|-start|p2a: Corviknight|move: Heal Block
|
|upkeep
|turn|22
|
|t:|1760400414
|move|p2a: Corviknight|Defog|p1a: Hatterene
|move|p1a: Hatterene|Defog|p2a: Corviknight|[from] ability: Magic Bounce
|-unboost|p2a: Corviknight|evasion|1
|-sideend|p2: burningpain|Stealth Rock|[from] move: Defog|[of] p1a: Hatterene
|move|p1a: Hatterene|Mystical Fire|p2a: Corviknight
|-supereffective|p2a: Corviknight
|-damage|p2a: Corviknight|0 fnt
|faint|p2a: Corviknight
|
|upkeep
|
|t:|1760400435
|switch|p2a: Blissey|Blissey, F|54/100
|turn|23
|
|t:|1760400442
|switch|p1a: Great Tusk|Great Tusk|62/100
|move|p2a: Blissey|Soft-Boiled|p2a: Blissey
|-heal|p2a: Blissey|100/100
|
|upkeep
|turn|24
|
|t:|1760400457
|switch|p2a: Weezing|Weezing-Galar, F|100/100
|-ability|p2a: Weezing|Neutralizing Gas
|move|p1a: Great Tusk|Headlong Rush|p2a: Weezing
|-supereffective|p2a: Weezing
|-damage|p2a: Weezing|26/100
|-unboost|p1a: Great Tusk|def|1
|-unboost|p1a: Great Tusk|spd|1
|
|-heal|p2a: Weezing|32/100|[from] item: Leftovers
|upkeep
|turn|25
|
|t:|1760400471
|-end|p2a: Weezing|ability: Neutralizing Gas
|switch|p2a: Gliscor|Gliscor, F|100/100 tox
|move|p1a: Great Tusk|Headlong Rush|p2a: Gliscor
|-immune|p2a: Gliscor
|
|upkeep
|turn|26
|
|t:|1760400482
|switch|p2a: Toxapex|Toxapex, F|86/100
|move|p1a: Great Tusk|Stealth Rock|p2a: Toxapex
|-sidestart|p2: burningpain|move: Stealth Rock
|
|upkeep
|turn|27
|
|t:|1760400494
|-end|p1a: Great Tusk|Protosynthesis|[silent]
|switch|p1a: Zapdos|Zapdos|100/100
|switch|p2a: Gliscor|Gliscor, F|100/100 tox
|-damage|p2a: Gliscor|88/100 tox|[from] Stealth Rock
|
|-heal|p2a: Gliscor|100/100 tox|[from] ability: Poison Heal
|upkeep
|turn|28
|
|t:|1760400500
|move|p2a: Gliscor|Swords Dance|p2a: Gliscor
|-boost|p2a: Gliscor|atk|2
|move|p1a: Zapdos|Heat Wave|p2a: Gliscor
|-crit|p2a: Gliscor
|-damage|p2a: Gliscor|55/100 tox
|
|-heal|p2a: Gliscor|68/100 tox|[from] ability: Poison Heal
|upkeep
|turn|29
|
|t:|1760400511
|move|p2a: Gliscor|Protect|p2a: Gliscor
|-singleturn|p2a: Gliscor|Protect
|move|p1a: Zapdos|Heat Wave|p2a: Gliscor
|-activate|p2a: Gliscor|move: Protect
|
|-heal|p2a: Gliscor|80/100 tox|[from] ability: Poison Heal
|upkeep
|turn|30
|
|t:|1760400514
|move|p2a: Gliscor|Swords Dance|p2a: Gliscor
|-boost|p2a: Gliscor|atk|2
|move|p1a: Zapdos|Heat Wave|p2a: Gliscor
|-damage|p2a: Gliscor|50/100 tox
|
|-heal|p2a: Gliscor|63/100 tox|[from] ability: Poison Heal
|upkeep
|turn|31
|
|t:|1760400519
|move|p2a: Gliscor|Protect|p2a: Gliscor
|-singleturn|p2a: Gliscor|Protect
|move|p1a: Zapdos|Heat Wave|p2a: Gliscor
|-activate|p2a: Gliscor|move: Protect
|
|-heal|p2a: Gliscor|75/100 tox|[from] ability: Poison Heal
|upkeep
|turn|32
|
|t:|1760400525
|move|p2a: Gliscor|Facade|p1a: Zapdos
|-damage|p1a: Zapdos|36/100
|-damage|p2a: Gliscor|59/100 tox|[from] item: Rocky Helmet|[of] p1a: Zapdos
|move|p1a: Zapdos|Heat Wave|p2a: Gliscor
|-damage|p2a: Gliscor|25/100 tox
|
|-heal|p2a: Gliscor|37/100 tox|[from] ability: Poison Heal
|upkeep
|turn|33
|
|t:|1760400538
|move|p2a: Gliscor|Protect|p2a: Gliscor
|-singleturn|p2a: Gliscor|Protect
|move|p1a: Zapdos|Roost|p1a: Zapdos
|-heal|p1a: Zapdos|86/100
|-singleturn|p1a: Zapdos|move: Roost
|
|-heal|p2a: Gliscor|50/100 tox|[from] ability: Poison Heal
|upkeep
|turn|34
|
|t:|1760400546
|move|p2a: Gliscor|Knock Off|p1a: Zapdos
|-damage|p1a: Zapdos|41/100
|-damage|p2a: Gliscor|33/100 tox|[from] item: Rocky Helmet|[of] p1a: Zapdos
|-enditem|p1a: Zapdos|Rocky Helmet|[from] move: Knock Off|[of] p2a: Gliscor
|move|p1a: Zapdos|Heat Wave|p2a: Gliscor
|-damage|p2a: Gliscor|3/100 tox
|
|-heal|p2a: Gliscor|16/100 tox|[from] ability: Poison Heal
|upkeep
|turn|35
|
|t:|1760400550
|move|p2a: Gliscor|Protect|p2a: Gliscor
|-singleturn|p2a: Gliscor|Protect
|move|p1a: Zapdos|Heat Wave|p2a: Gliscor
|-activate|p2a: Gliscor|move: Protect
|
|-heal|p2a: Gliscor|28/100 tox|[from] ability: Poison Heal
|upkeep
|turn|36
|
|t:|1760400557
|switch|p2a: Blissey|Blissey, F|100/100
|-damage|p2a: Blissey|88/100|[from] Stealth Rock
|move|p1a: Zapdos|Heat Wave|p2a: Blissey|[miss]
|-miss|p1a: Zapdos|p2a: Blissey
|
|-heal|p2a: Blissey|94/100|[from] item: Leftovers
|upkeep
|turn|37
|
|t:|1760400561
|move|p1a: Zapdos|Roost|p1a: Zapdos
|-heal|p1a: Zapdos|91/100
|-singleturn|p1a: Zapdos|move: Roost
|move|p2a: Blissey|Stealth Rock|p1a: Zapdos
|-sidestart|p1: lab addict|move: Stealth Rock
|
|-heal|p2a: Blissey|99/100|[from] item: Leftovers
|upkeep
|turn|38
|
|t:|1760400567
|switch|p1a: Slowking|Slowking-Galar, M|74/100
|switch|p2a: Quagsire|Quagsire, F|100/100
|-damage|p2a: Quagsire|94/100|[from] Stealth Rock
|
|-heal|p2a: Quagsire|100/100|[from] item: Leftovers
|upkeep
|turn|39
|
|t:|1760400571
|move|p2a: Quagsire|Earthquake|p1a: Slowking
|-supereffective|p1a: Slowking
|-damage|p1a: Slowking|9/100
|-prepare|p1a: Slowking|Chilly Reception|[premajor]
|move|p1a: Slowking|Chilly Reception|p1a: Slowking
|-weather|Snowscape
|
|t:|1760400573
|switch|p1a: Great Tusk|Great Tusk|62/100|[from] Chilly Reception
|
|-weather|Snowscape|[upkeep]
|upkeep
|turn|40
|
|t:|1760400578
|move|p1a: Great Tusk|Rapid Spin|p2a: Quagsire
|-damage|p2a: Quagsire|91/100
|-boost|p1a: Great Tusk|spe|1
|-sideend|p1: lab addict|Stealth Rock|[from] move: Rapid Spin|[of] p1a: Great Tusk
|move|p2a: Quagsire|Toxic|p1a: Great Tusk
|-status|p1a: Great Tusk|tox
|
|-weather|Snowscape|[upkeep]
|-heal|p2a: Quagsire|97/100|[from] item: Leftovers
|-damage|p1a: Great Tusk|55/100 tox|[from] psn
|upkeep
|turn|41
|
|t:|1760400584
|-end|p1a: Great Tusk|Protosynthesis|[silent]
|switch|p1a: Hatterene|Hatterene, F|88/100
|switch|p2a: Gliscor|Gliscor, F|28/100 tox
|-damage|p2a: Gliscor|16/100 tox|[from] Stealth Rock
|
|-weather|Snowscape|[upkeep]
|-heal|p2a: Gliscor|28/100 tox|[from] ability: Poison Heal
|upkeep
|turn|42
|
|t:|1760400593
|move|p2a: Gliscor|Protect|p2a: Gliscor
|-singleturn|p2a: Gliscor|Protect
|move|p1a: Hatterene|Psychic Noise|p2a: Gliscor
|-activate|p2a: Gliscor|move: Protect
|
|-weather|Snowscape|[upkeep]
|-heal|p2a: Gliscor|41/100 tox|[from] ability: Poison Heal
|upkeep
|turn|43
|
|t:|1760400604
|switch|p2a: Blissey|Blissey, F|99/100
|-damage|p2a: Blissey|88/100|[from] Stealth Rock
|move|p1a: Hatterene|Psychic Noise|p2a: Blissey
|-damage|p2a: Blissey|75/100
|-start|p2a: Blissey|move: Heal Block
|
|-weather|none
|upkeep
|turn|44
|
|t:|1760400612
|switch|p1a: Slowking|Slowking-Galar, M|42/100
|move|p2a: Blissey|Shadow Ball|p1a: Slowking
|-supereffective|p1a: Slowking
|-damage|p1a: Slowking|25/100
|-unboost|p1a: Slowking|spd|1
|
|-end|p2a: Blissey|move: Heal Block
|upkeep
|turn|45
|
|t:|1760400615
|switch|p1a: Meowscarada|Meowscarada, F, shiny|72/100
|move|p2a: Blissey|Shadow Ball|p1a: Meowscarada
|-resisted|p1a: Meowscarada
|-damage|p1a: Meowscarada|62/100
|
|-heal|p2a: Blissey|81/100|[from] item: Leftovers
|upkeep
|turn|46
|
|t:|1760400649
|switch|p2a: Toxapex|Toxapex, F|100/100
|-damage|p2a: Toxapex|88/100|[from] Stealth Rock
|move|p1a: Meowscarada|U-turn|p2a: Toxapex
|-start|p1a: Meowscarada|typechange|Bug|[from] ability: Protean
|-resisted|p2a: Toxapex
|-damage|p2a: Toxapex|75/100
|
|t:|1760400652
|switch|p1a: Raging Bolt|Raging Bolt|100/100|[from] U-turn
|
|upkeep
|turn|47
|
|t:|1760400658
|move|p2a: Toxapex|Baneful Bunker|p2a: Toxapex
|-singleturn|p2a: Toxapex|move: Protect
|move|p1a: Raging Bolt|Draco Meteor|p2a: Toxapex
|-activate|p2a: Toxapex|move: Protect
|
|upkeep
|turn|48
|
|t:|1760400664
|switch|p2a: Weezing|Weezing-Galar, F|32/100
|-ability|p2a: Weezing|Neutralizing Gas
|-damage|p2a: Weezing|20/100|[from] Stealth Rock
|move|p1a: Raging Bolt|Draco Meteor|p2a: Weezing
|-immune|p2a: Weezing
|
|-heal|p2a: Weezing|26/100|[from] item: Leftovers
|upkeep
|turn|49
|
|t:|1760400669
|-end|p1a: Raging Bolt|Protosynthesis|[silent]
|switch|p1a: Great Tusk|Great Tusk|55/100 tox
|move|p2a: Weezing|Defog|p1a: Great Tusk
|-unboost|p1a: Great Tusk|evasion|1
|-sideend|p2: burningpain|Stealth Rock|[from] move: Defog|[of] p2a: Weezing
|
|-heal|p2a: Weezing|32/100|[from] item: Leftovers
|-damage|p1a: Great Tusk|49/100 tox|[from] psn
|upkeep
|turn|50
|
|t:|1760400677
|-end|p2a: Weezing|ability: Neutralizing Gas
|switch|p2a: Quagsire|Quagsire, F|97/100
|move|p1a: Great Tusk|Stealth Rock|p2a: Quagsire
|-sidestart|p2: burningpain|move: Stealth Rock
|
|-heal|p2a: Quagsire|100/100|[from] item: Leftovers
|-damage|p1a: Great Tusk|37/100 tox|[from] psn
|upkeep
|turn|51
|
|t:|1760400685
|-end|p1a: Great Tusk|Protosynthesis|[silent]
|switch|p1a: Hatterene|Hatterene, F|88/100
|move|p2a: Quagsire|Spikes|p1a: Hatterene
|move|p1a: Hatterene|Spikes|p2a: Quagsire|[from] ability: Magic Bounce
|-sidestart|p2: burningpain|Spikes
|
|upkeep
|turn|52
|
|t:|1760400701
|switch|p2a: Blissey|Blissey, F|81/100
|-damage|p2a: Blissey|69/100|[from] Stealth Rock
|-damage|p2a: Blissey|57/100|[from] Spikes
|move|p1a: Hatterene|Psychic Noise|p2a: Blissey
|-damage|p2a: Blissey|42/100
|-start|p2a: Blissey|move: Heal Block
|
|upkeep
|turn|53
|
|t:|1760400715
|switch|p2a: Gliscor|Gliscor, F|41/100 tox
|-damage|p2a: Gliscor|28/100 tox|[from] Stealth Rock
|switch|p1a: Great Tusk|Great Tusk|37/100 tox
|
|-heal|p2a: Gliscor|41/100 tox|[from] ability: Poison Heal
|-damage|p1a: Great Tusk|31/100 tox|[from] psn
|upkeep
|turn|54
|
|t:|1760400724
|move|p2a: Gliscor|Protect|p2a: Gliscor
|-singleturn|p2a: Gliscor|Protect
|move|p1a: Great Tusk|Ice Spinner|p2a: Gliscor
|-activate|p2a: Gliscor|move: Protect
|
|-heal|p2a: Gliscor|53/100 tox|[from] ability: Poison Heal
|-damage|p1a: Great Tusk|18/100 tox|[from] psn
|upkeep
|turn|55
|
|t:|1760400759
|switch|p2a: Toxapex|Toxapex, F|100/100
|-damage|p2a: Toxapex|88/100|[from] Stealth Rock
|-damage|p2a: Toxapex|76/100|[from] Spikes
|move|p1a: Great Tusk|Ice Spinner|p2a: Toxapex
|-resisted|p2a: Toxapex
|-damage|p2a: Toxapex|67/100
|
|-damage|p1a: Great Tusk|0 fnt|[from] psn
|faint|p1a: Great Tusk
|-end|p1a: Great Tusk|Protosynthesis|[silent]
|upkeep
|
|t:|1760400766
|switch|p1a: Hatterene|Hatterene, F|88/100
|turn|56
|
|t:|1760400772
|move|p2a: Toxapex|Baneful Bunker|p2a: Toxapex
|-singleturn|p2a: Toxapex|move: Protect
|move|p1a: Hatterene|Psychic Noise|p2a: Toxapex
|-activate|p2a: Toxapex|move: Protect
|
|upkeep
|turn|57
|
|t:|1760400787
|move|p2a: Toxapex|Toxic|p1a: Hatterene
|move|p1a: Hatterene|Toxic|p2a: Toxapex|[from] ability: Magic Bounce
|-immune|p2a: Toxapex
|move|p1a: Hatterene|Psychic Noise|p2a: Toxapex
|-supereffective|p2a: Toxapex
|-damage|p2a: Toxapex|11/100
|-start|p2a: Toxapex|move: Heal Block
|
|upkeep
|turn|58
|
|t:|1760400793
|move|p2a: Toxapex|Baneful Bunker|p2a: Toxapex
|-singleturn|p2a: Toxapex|move: Protect
|move|p1a: Hatterene|Psychic Noise|p2a: Toxapex
|-activate|p2a: Toxapex|move: Protect
|
|-end|p2a: Toxapex|move: Heal Block
|upkeep
|turn|59
|
|t:|1760400796
|move|p2a: Toxapex|Baneful Bunker|p2a: Toxapex
|-singleturn|p2a: Toxapex|move: Protect
|move|p1a: Hatterene|Psychic Noise|p2a: Toxapex
|-activate|p2a: Toxapex|move: Protect
|
|upkeep
|turn|60
|
|t:|1760400800
|move|p2a: Toxapex|Recover|p2a: Toxapex
|-heal|p2a: Toxapex|62/100
|move|p1a: Hatterene|Psychic Noise|p2a: Toxapex
|-supereffective|p2a: Toxapex
|-damage|p2a: Toxapex|1/100
|-start|p2a: Toxapex|move: Heal Block
|
|upkeep
|turn|61
|
|t:|1760400804
|move|p2a: Toxapex|Baneful Bunker|p2a: Toxapex
|-singleturn|p2a: Toxapex|move: Protect
|move|p1a: Hatterene|Mystical Fire|p2a: Toxapex
|-activate|p2a: Toxapex|move: Protect
|
|-end|p2a: Toxapex|move: Heal Block
|upkeep
|turn|62
|
|t:|1760400813
|move|p2a: Toxapex|Recover|p2a: Toxapex
|-heal|p2a: Toxapex|52/100
|move|p1a: Hatterene|Psychic Noise|p2a: Toxapex
|-supereffective|p2a: Toxapex
|-damage|p2a: Toxapex|0 fnt
|faint|p2a: Toxapex
|
|upkeep
|
|t:|1760400825
|switch|p2a: Weezing|Weezing-Galar, F|32/100
|-ability|p2a: Weezing|Neutralizing Gas
|-damage|p2a: Weezing|19/100|[from] Stealth Rock
|-damage|p2a: Weezing|7/100|[from] Spikes
|turn|63
|
|t:|1760400831
|switch|p1a: Raging Bolt|Raging Bolt|100/100
|move|p2a: Weezing|Defog|p1a: Raging Bolt
|-unboost|p1a: Raging Bolt|evasion|1
|-sideend|p2: burningpain|Spikes|[from] move: Defog|[of] p2a: Weezing
|-sideend|p2: burningpain|Stealth Rock|[from] move: Defog|[of] p2a: Weezing
|
|-heal|p2a: Weezing|13/100|[from] item: Leftovers
|upkeep
|turn|64
|
|t:|1760400846
|-end|p2a: Weezing|ability: Neutralizing Gas
|switch|p2a: Gliscor|Gliscor, F|53/100 tox
|move|p1a: Raging Bolt|Draco Meteor|p2a: Gliscor
|-damage|p2a: Gliscor|0 fnt
|-unboost|p1a: Raging Bolt|spa|2
|faint|p2a: Gliscor
|
|upkeep
|-message|burningpain forfeited.
|
|win|lab addict
|raw|lab addict's rating: 1583 &rarr; <strong>1597</strong><br />(+14 for winning)
|raw|burningpain's rating: 1479 &rarr; <strong>1465</strong><br />(-14 for losing)
|l|☆burningpain
|player|p2|
|l|☆lab addict
|player|p1|
