|j|☆pcklee
|j|☆god of joe
|t:|1760337623
|gametype|singles
|player|p1|pcklee|1|1607
|player|p2|god of joe|fisherman|1664
|gen|9
|tier|[Gen 9] OU
|rated|
|rule|HP Percentage Mod: HP is shown in percentages
|rule|Endless Battle Clause: Forcing endless battles is banned
|rule|Species Clause: Limit one of each Pokémon
|rule|OHKO Clause: OHKO moves are banned
|rule|Evasion Items Clause: Evasion items are banned
|rule|Evasion Moves Clause: Evasion moves are banned
|rule|Evasion Abilities Clause: Evasion abilities are banned
|rule|Sleep Moves Clause: Sleep-inducing moves are banned
|clearpoke
|poke|p1|Kingambit, F|
|poke|p1|Great Tusk|
|poke|p1|Dragapult, M|
|poke|p1|Iron Valiant|
|poke|p1|Heatran, M|
|poke|p1|Rillaboom, M|
|poke|p2|Dragapult, M|
|poke|p2|Glimmora, M|
|poke|p2|Great Tusk|
|poke|p2|Ting-Lu|
|poke|p2|Gholdengo|
|poke|p2|Moltres|
|teampreview
|
|t:|1760337655
|teamsize|p1|6
|teamsize|p2|6
|start
|switch|p1a: Dragapult|Dragapult, M|100/100
|switch|p2a: Dragapult|Dragapult, M|100/100
|turn|1
|
|t:|1760337690
|switch|p2a: Ting-Lu|Ting-Lu|100/100
|-ability|p2a: Ting-Lu|Vessel of Ruin
|move|p1a: Dragapult|Draco Meteor|p2a: Ting-Lu
|-damage|p2a: Ting-Lu|78/100
|-unboost|p1a: Dragapult|spa|2
|
|-heal|p2a: Ting-Lu|84/100|[from] item: Leftovers
|upkeep
|turn|2
|
|t:|1760337713
|move|p1a: Dragapult|U-turn|p2a: Ting-Lu
|-supereffective|p2a: Ting-Lu
|-damage|p2a: Ting-Lu|67/100
|
|t:|1760337716
|switch|p1a: Rillaboom|Rillaboom, M|100/100|[from] U-turn
|-fieldstart|move: Grassy Terrain|[from] ability: Grassy Surge|[of] p1a: Rillaboom
|move|p2a: Ting-Lu|Ruination|p1a: Rillaboom
|-damage|p1a: Rillaboom|51/100
|
|-heal|p1a: Rillaboom|57/100|[from] Grassy Terrain
|-heal|p2a: Ting-Lu|73/100|[from] Grassy Terrain
|-heal|p2a: Ting-Lu|80/100|[from] item: Leftovers
|upkeep
|turn|3
|
|t:|1760337756
|switch|p2a: Moltres|Moltres|100/100
|move|p1a: Rillaboom|Knock Off|p2a: Moltres
|-damage|p2a: Moltres|66/100
|-status|p1a: Rillaboom|brn|[from] ability: Flame Body|[of] p2a: Moltres
|-enditem|p2a: Moltres|Heavy-Duty Boots|[from] move: Knock Off|[of] p1a: Rillaboom
|
|-heal|p1a: Rillaboom|63/100 brn|[from] Grassy Terrain
|-damage|p1a: Rillaboom|57/100 brn|[from] brn
|upkeep
|turn|4
|
|t:|1760337770
|switch|p1a: Heatran|Heatran, M|100/100
|move|p2a: Moltres|U-turn|p1a: Heatran
|-resisted|p1a: Heatran
|-damage|p1a: Heatran|98/100
|
|t:|1760337783
|switch|p2a: Ting-Lu|Ting-Lu|80/100|[from] U-turn
|-ability|p2a: Ting-Lu|Vessel of Ruin
|
|-heal|p1a: Heatran|100/100|[from] Grassy Terrain
|-heal|p2a: Ting-Lu|86/100|[from] Grassy Terrain
|-heal|p2a: Ting-Lu|92/100|[from] item: Leftovers
|upkeep
|turn|5
|
|t:|1760337797
|move|p1a: Heatran|Stealth Rock|p2a: Ting-Lu
|-sidestart|p2: god of joe|move: Stealth Rock
|move|p2a: Ting-Lu|Ruination|p1a: Heatran
|-damage|p1a: Heatran|51/100
|
|-heal|p1a: Heatran|57/100|[from] Grassy Terrain
|-heal|p1a: Heatran|63/100|[from] item: Leftovers
|-heal|p2a: Ting-Lu|98/100|[from] Grassy Terrain
|-heal|p2a: Ting-Lu|100/100|[from] item: Leftovers
|upkeep
|turn|6
|j| SupaGmoney
|
|t:|1760337814
|switch|p1a: Rillaboom|Rillaboom, M|57/100 brn
|move|p2a: Ting-Lu|Earthquake|p1a: Rillaboom
|-resisted|p1a: Rillaboom
|-damage|p1a: Rillaboom|49/100 brn
|
|-heal|p1a: Rillaboom|55/100 brn|[from] Grassy Terrain
|-damage|p1a: Rillaboom|49/100 brn|[from] brn
|-fieldend|move: Grassy Terrain
|upkeep
|turn|7
|c| SupaGmoney|no fun mon
|c|☆pcklee|which one lmao
|c| SupaGmoney|god of joe
|c|☆pcklee|joe who?
|c|☆god of joe|well thats not nice
|j| Narwhale37
|c|☆pcklee|what da hellll
|c|☆pcklee|what da hell
|
|t:|1760337863
|switch|p2a: Moltres|Moltres|66/100
|-damage|p2a: Moltres|16/100|[from] Stealth Rock
|move|p1a: Rillaboom|U-turn|p2a: Moltres
|-resisted|p2a: Moltres
|-damage|p2a: Moltres|13/100
|c|☆pcklee|now i feel like a celebrity
|c| SupaGmoney|boooooo
|c|☆god of joe|what i do
|c| SupaGmoney|not even a leavanny
|c|☆god of joe|leavanny a punk ass bitch
|
|t:|1760337891
|switch|p1a: Dragapult|Dragapult, M|100/100|[from] U-turn
|
|upkeep
|turn|8
|
|t:|1760337915
|switch|p2a: Ting-Lu|Ting-Lu|100/100
|-damage|p2a: Ting-Lu|94/100|[from] Stealth Rock
|-ability|p2a: Ting-Lu|Vessel of Ruin
|move|p1a: Dragapult|Shadow Ball|p2a: Ting-Lu
|-resisted|p2a: Ting-Lu
|-damage|p2a: Ting-Lu|86/100
|
|-heal|p2a: Ting-Lu|93/100|[from] item: Leftovers
|upkeep
|turn|9
|
|t:|1760337930
|switch|p1a: Rillaboom|Rillaboom, M|49/100 brn
|-fieldstart|move: Grassy Terrain|[from] ability: Grassy Surge|[of] p1a: Rillaboom
|move|p2a: Ting-Lu|Spikes|p1a: Rillaboom
|-sidestart|p1: pcklee|Spikes
|
|-heal|p1a: Rillaboom|55/100 brn|[from] Grassy Terrain
|-heal|p2a: Ting-Lu|99/100|[from] Grassy Terrain
|-heal|p2a: Ting-Lu|100/100|[from] item: Leftovers
|-damage|p1a: Rillaboom|49/100 brn|[from] brn
|upkeep
|turn|10
|
|t:|1760337942
|switch|p2a: Moltres|Moltres|13/100
|-damage|p2a: Moltres|0 fnt|[from] Stealth Rock
|faint|p2a: Moltres
|move|p1a: Rillaboom|Wood Hammer|p2: Moltres|[notarget]
|-fail|p1a: Rillaboom
|
|-heal|p1a: Rillaboom|55/100 brn|[from] Grassy Terrain
|-damage|p1a: Rillaboom|49/100 brn|[from] brn
|upkeep
|
|t:|1760337947
|switch|p2a: Dragapult|Dragapult, M|100/100
|-damage|p2a: Dragapult|88/100|[from] Stealth Rock
|turn|11
|
|t:|1760337996
|switch|p1a: Heatran|Heatran, M|63/100
|-damage|p1a: Heatran|51/100|[from] Spikes
|move|p2a: Dragapult|U-turn|p1a: Heatran
|-resisted|p1a: Heatran
|-damage|p1a: Heatran|47/100
|j| CyborgParrot127
|
|t:|1760338013
|switch|p2a: Great Tusk|Great Tusk|100/100|[from] U-turn
|-damage|p2a: Great Tusk|98/100|[from] Stealth Rock
|
|-heal|p2a: Great Tusk|100/100|[from] Grassy Terrain
|-heal|p1a: Heatran|53/100|[from] Grassy Terrain
|-heal|p1a: Heatran|59/100|[from] item: Leftovers
|upkeep
|turn|12
|
|t:|1760338034
|move|p2a: Great Tusk|Headlong Rush|p1a: Heatran
|-supereffective|p1a: Heatran
|-damage|p1a: Heatran|0 fnt
|-unboost|p2a: Great Tusk|def|1
|-unboost|p2a: Great Tusk|spd|1
|faint|p1a: Heatran
|
|upkeep
|
|t:|1760338080
|switch|p1a: Great Tusk|Great Tusk|100/100
|-damage|p1a: Great Tusk|88/100|[from] Spikes
|-enditem|p1a: Great Tusk|Booster Energy
|-activate|p1a: Great Tusk|ability: Protosynthesis|[fromitem]
|-start|p1a: Great Tusk|protosynthesisspe
|turn|13
|
|t:|1760338097
|move|p1a: Great Tusk|Ice Spinner|p2a: Great Tusk
|-supereffective|p2a: Great Tusk
|-damage|p2a: Great Tusk|50/100
|-fieldend|move: Grassy Terrain
|move|p2a: Great Tusk|Headlong Rush|p1a: Great Tusk
|-damage|p1a: Great Tusk|24/100
|-unboost|p2a: Great Tusk|def|1
|-unboost|p2a: Great Tusk|spd|1
|
|upkeep
|turn|14
|j| Lamp0821
|
|t:|1760338111
|-end|p2a: Great Tusk|Protosynthesis|[silent]
|switch|p2a: Gholdengo|Gholdengo|100/100
|-damage|p2a: Gholdengo|94/100|[from] Stealth Rock
|move|p1a: Great Tusk|Ice Spinner|p2a: Gholdengo
|-resisted|p2a: Gholdengo
|-damage|p2a: Gholdengo|85/100
|-damage|p1a: Great Tusk|8/100|[from] item: Rocky Helmet|[of] p2a: Gholdengo
|
|upkeep
|turn|15
|l| Lamp0821
|
|t:|1760338123
|move|p1a: Great Tusk|Headlong Rush|p2a: Gholdengo
|-supereffective|p2a: Gholdengo
|-damage|p2a: Gholdengo|8/100
|-unboost|p1a: Great Tusk|def|1
|-unboost|p1a: Great Tusk|spd|1
|-damage|p1a: Great Tusk|0 fnt|[from] item: Rocky Helmet|[of] p2a: Gholdengo
|faint|p1a: Great Tusk
|-end|p1a: Great Tusk|Protosynthesis|[silent]
|move|p2a: Gholdengo|Recover|p2a: Gholdengo
|-heal|p2a: Gholdengo|58/100
|
|upkeep
|
|t:|1760338146
|switch|p1a: Dragapult|Dragapult, M|100/100
|turn|16
|
|t:|1760338163
|switch|p2a: Ting-Lu|Ting-Lu|100/100
|-damage|p2a: Ting-Lu|94/100|[from] Stealth Rock
|-ability|p2a: Ting-Lu|Vessel of Ruin
|move|p1a: Dragapult|Shadow Ball|p2a: Ting-Lu
|-resisted|p2a: Ting-Lu
|-damage|p2a: Ting-Lu|87/100
|-unboost|p2a: Ting-Lu|spd|1
|
|-heal|p2a: Ting-Lu|93/100|[from] item: Leftovers
|upkeep
|turn|17
|
|t:|1760338177
|switch|p1a: Rillaboom|Rillaboom, M|49/100 brn
|-damage|p1a: Rillaboom|36/100 brn|[from] Spikes
|-fieldstart|move: Grassy Terrain|[from] ability: Grassy Surge|[of] p1a: Rillaboom
|move|p2a: Ting-Lu|Whirlwind|p1a: Rillaboom
|drag|p1a: Iron Valiant|Iron Valiant|100/100
|-damage|p1a: Iron Valiant|88/100|[from] Spikes
|-enditem|p1a: Iron Valiant|Booster Energy
|-activate|p1a: Iron Valiant|ability: Quark Drive|[fromitem]
|-start|p1a: Iron Valiant|quarkdrivespe
|
|-heal|p1a: Iron Valiant|94/100|[from] Grassy Terrain
|-heal|p2a: Ting-Lu|99/100|[from] Grassy Terrain
|-heal|p2a: Ting-Lu|100/100|[from] item: Leftovers
|upkeep
|turn|18
|
|t:|1760338202
|switch|p2a: Glimmora|Glimmora, M|100/100
|-damage|p2a: Glimmora|88/100|[from] Stealth Rock
|move|p1a: Iron Valiant|Moonblast|p2a: Glimmora
|-resisted|p2a: Glimmora
|-damage|p2a: Glimmora|56/100
|-unboost|p2a: Glimmora|spa|1
|-enditem|p2a: Glimmora|Red Card|[of] p1a: Iron Valiant
|-end|p1a: Iron Valiant|Quark Drive|[silent]
|drag|p1a: Kingambit|Kingambit, F|100/100
|-damage|p1a: Kingambit|88/100|[from] Spikes
|-activate|p1a: Kingambit|ability: Supreme Overlord
|-start|p1a: Kingambit|fallen2|[silent]
|
|-heal|p2a: Glimmora|62/100|[from] Grassy Terrain
|-heal|p1a: Kingambit|94/100|[from] Grassy Terrain
|-heal|p1a: Kingambit|100/100|[from] item: Leftovers
|upkeep
|turn|19
|
|t:|1760338257
|switch|p2a: Ting-Lu|Ting-Lu|100/100
|-damage|p2a: Ting-Lu|94/100|[from] Stealth Rock
|-ability|p2a: Ting-Lu|Vessel of Ruin
|move|p1a: Kingambit|Kowtow Cleave|p2a: Ting-Lu
|-resisted|p2a: Ting-Lu
|-damage|p2a: Ting-Lu|76/100
|
|-heal|p2a: Ting-Lu|83/100|[from] Grassy Terrain
|-heal|p2a: Ting-Lu|89/100|[from] item: Leftovers
|upkeep
|turn|20
|
|t:|1760338284
|-end|p1a: Kingambit|fallen2|[silent]
|switch|p1a: Rillaboom|Rillaboom, M|36/100 brn
|-damage|p1a: Rillaboom|24/100 brn|[from] Spikes
|move|p2a: Ting-Lu|Ruination|p1a: Rillaboom
|-damage|p1a: Rillaboom|12/100 brn
|
|-heal|p1a: Rillaboom|19/100 brn|[from] Grassy Terrain
|-heal|p2a: Ting-Lu|95/100|[from] Grassy Terrain
|-heal|p2a: Ting-Lu|100/100|[from] item: Leftovers
|-damage|p1a: Rillaboom|12/100 brn|[from] brn
|upkeep
|turn|21
|
|t:|1760338296
|switch|p2a: Gholdengo|Gholdengo|58/100
|-damage|p2a: Gholdengo|52/100|[from] Stealth Rock
|move|p1a: Rillaboom|Wood Hammer|p2a: Gholdengo
|-resisted|p2a: Gholdengo
|-damage|p2a: Gholdengo|27/100
|-damage|p1a: Rillaboom|0 fnt|[from] item: Rocky Helmet|[of] p2a: Gholdengo
|faint|p1a: Rillaboom
|
|-heal|p2a: Gholdengo|33/100|[from] Grassy Terrain
|-fieldend|move: Grassy Terrain
|upkeep
|
|t:|1760338333
|switch|p1a: Dragapult|Dragapult, M|100/100
|turn|22
|
|t:|1760338338
|switch|p1a: Iron Valiant|Iron Valiant|94/100
|-damage|p1a: Iron Valiant|82/100|[from] Spikes
|switch|p2a: Ting-Lu|Ting-Lu|100/100
|-damage|p2a: Ting-Lu|94/100|[from] Stealth Rock
|-ability|p2a: Ting-Lu|Vessel of Ruin
|
|-heal|p2a: Ting-Lu|100/100|[from] item: Leftovers
|upkeep
|turn|23
|
|t:|1760338349
|switch|p2a: Glimmora|Glimmora, M|62/100
|-damage|p2a: Glimmora|49/100|[from] Stealth Rock
|move|p1a: Iron Valiant|Calm Mind|p1a: Iron Valiant
|-boost|p1a: Iron Valiant|spa|1
|-boost|p1a: Iron Valiant|spd|1
|
|upkeep
|turn|24
|
|t:|1760338376
|move|p1a: Iron Valiant|Thunderbolt|p2a: Glimmora
|-crit|p2a: Glimmora
|-damage|p2a: Glimmora|0 fnt
|faint|p2a: Glimmora
|
|upkeep
|
|t:|1760338385
|switch|p2a: Ting-Lu|Ting-Lu|100/100
|-damage|p2a: Ting-Lu|94/100|[from] Stealth Rock
|-ability|p2a: Ting-Lu|Vessel of Ruin
|turn|25
|
|t:|1760338394
|move|p1a: Iron Valiant|Moonblast|p2a: Ting-Lu
|-supereffective|p2a: Ting-Lu
|-damage|p2a: Ting-Lu|34/100
|move|p2a: Ting-Lu|Whirlwind|p1a: Iron Valiant
|-end|p1a: Iron Valiant|Quark Drive|[silent]
|drag|p1a: Kingambit|Kingambit, F|100/100
|-damage|p1a: Kingambit|88/100|[from] Spikes
|-activate|p1a: Kingambit|ability: Supreme Overlord
|-start|p1a: Kingambit|fallen3|[silent]
|
|-heal|p1a: Kingambit|94/100|[from] item: Leftovers
|-heal|p2a: Ting-Lu|40/100|[from] item: Leftovers
|upkeep
|turn|26
|j| ocean eyez
|
|t:|1760338414
|move|p1a: Kingambit|Swords Dance|p1a: Kingambit
|-boost|p1a: Kingambit|atk|2
|move|p2a: Ting-Lu|Earthquake|p1a: Kingambit
|-supereffective|p1a: Kingambit
|-damage|p1a: Kingambit|39/100
|
|-heal|p1a: Kingambit|45/100|[from] item: Leftovers
|-heal|p2a: Ting-Lu|46/100|[from] item: Leftovers
|upkeep
|turn|27
|
|t:|1760338422
|switch|p2a: Gholdengo|Gholdengo|33/100
|-damage|p2a: Gholdengo|27/100|[from] Stealth Rock
|move|p1a: Kingambit|Iron Head|p2a: Gholdengo
|-resisted|p2a: Gholdengo
|-damage|p2a: Gholdengo|0 fnt
|-damage|p1a: Kingambit|29/100|[from] item: Rocky Helmet|[of] p2a: Gholdengo
|faint|p2a: Gholdengo
|
|-heal|p1a: Kingambit|35/100|[from] item: Leftovers
|upkeep
|
|t:|1760338425
|switch|p2a: Great Tusk|Great Tusk|50/100
|-damage|p2a: Great Tusk|47/100|[from] Stealth Rock
|turn|28
|
|t:|1760338454
|-terastallize|p1a: Kingambit|Flying
|move|p2a: Great Tusk|Headlong Rush|p1a: Kingambit
|-immune|p1a: Kingambit
|move|p1a: Kingambit|Iron Head|p2a: Great Tusk
|-damage|p2a: Great Tusk|0 fnt
|faint|p2a: Great Tusk
|-end|p2a: Great Tusk|Protosynthesis|[silent]
|
|-heal|p1a: Kingambit|41/100|[from] item: Leftovers
|upkeep
|
|t:|1760338460
|switch|p2a: Ting-Lu|Ting-Lu|46/100
|-damage|p2a: Ting-Lu|40/100|[from] Stealth Rock
|-ability|p2a: Ting-Lu|Vessel of Ruin
|turn|29
|l| ocean eyez
|
|t:|1760338467
|move|p1a: Kingambit|Iron Head|p2a: Ting-Lu
|-damage|p2a: Ting-Lu|0 fnt
|faint|p2a: Ting-Lu
|
|-heal|p1a: Kingambit|47/100|[from] item: Leftovers
|upkeep
|-message|god of joe forfeited.
|
|win|pcklee
