|j|☆only ocean
|j|☆missingyat
|t:|1760457742
|gametype|singles
|player|p1|only ocean|preschooler|1062
|player|p2|missingyat|clerk|1067
|gen|9
|tier|[Gen 9] OU
|rated|
|rule|HP Percentage Mod: HP is shown in percentages
|rule|Endless Battle Clause: Forcing endless battles is banned
|rule|Species Clause: Limit one of each Pokémon
|rule|OHKO Clause: OHKO moves are banned
|rule|Evasion Items Clause: Evasion items are banned
|rule|Evasion Moves Clause: Evasion moves are banned
|rule|Evasion Abilities Clause: Evasion abilities are banned
|rule|Sleep Moves Clause: Sleep-inducing moves are banned
|clearpoke
|poke|p1|Articuno-Galar|
|poke|p1|Poliwrath, M|
|poke|p1|Florges-White, F|
|poke|p1|Wugtrio, M|
|poke|p1|Vileplume, M|
|poke|p1|Victreebel, F|
|poke|p2|Spidops, M|
|poke|p2|Clefable, M|
|poke|p2|Passimian, F|
|poke|p2|Mabosstiff, F|
|poke|p2|Granbull, M|
|poke|p2|Cryogonal|
|teampreview
|l|☆missingyat
|player|p2|
|inactive|Battle timer is ON: inactive players will automatically lose when time's up. (requested by only ocean)
|inactive|missingyat has 30 seconds to reconnect!
|j|☆missingyat
|inactive|missingyat reconnected and has 115 seconds left.
|player|p2|missingyat|clerk|
|
|t:|1760457821
|teamsize|p1|6
|teamsize|p2|6
|start
|switch|p1a: Articuno|Articuno-Galar|100/100
|switch|p2a: Spidops|Spidops, M|100/100
|turn|1
|
|t:|1760457832
|-terastallize|p1a: Articuno|Fairy
|move|p2a: Spidops|First Impression|p1a: Articuno
|-resisted|p1a: Articuno
|-crit|p1a: Articuno
|-damage|p1a: Articuno|78/100
|move|p1a: Articuno|Hurricane|p2a: Spidops
|-supereffective|p2a: Spidops
|-enditem|p2a: Spidops|Focus Sash
|-damage|p2a: Spidops|1/100
|
|upkeep
|turn|2
|inactive|missingyat has 120 seconds left.
|
|t:|1760457864
|switch|p1a: Florges|Florges-White, F|100/100
|switch|p2a: Granbull|Granbull, M|100/100
|-ability|p2a: Granbull|Intimidate|boost
|-unboost|p1a: Florges|atk|1
|
|upkeep
|turn|3
|inactive|missingyat has 120 seconds left.
|
|t:|1760457881
|move|p1a: Florges|Trailblaze|p2a: Granbull
|-damage|p2a: Granbull|93/100
|-boost|p1a: Florges|spe|1
|move|p2a: Granbull|Play Rough|p1a: Florges|[miss]
|-miss|p2a: Granbull|p1a: Florges
|
|upkeep
|turn|4
|inactive|missingyat has 120 seconds left.
|
|t:|1760457889
|move|p1a: Florges|Giga Drain|p2a: Granbull
|-damage|p2a: Granbull|78/100
|move|p2a: Granbull|Play Rough|p1a: Florges
|-damage|p1a: Florges|42/100
|
|upkeep
|turn|5
|
|t:|1760457895
|move|p1a: Florges|Giga Drain|p2a: Granbull
|-damage|p2a: Granbull|64/100
|-heal|p1a: Florges|49/100|[from] drain|[of] p2a: Granbull
|move|p2a: Granbull|Play Rough|p1a: Florges
|-damage|p1a: Florges|0 fnt
|faint|p1a: Florges
|
|upkeep
|
|t:|1760457904
|switch|p1a: Articuno|Articuno-Galar, tera:Fairy|78/100
|turn|6
|
|t:|1760457912
|move|p1a: Articuno|Freezing Glare|p2a: Granbull
|-damage|p2a: Granbull|25/100
|move|p2a: Granbull|Trailblaze|p1a: Articuno
|-damage|p1a: Articuno|58/100
|-boost|p2a: Granbull|spe|1
|
|upkeep
|turn|7
|
|t:|1760457929
|move|p1a: Articuno|Freezing Glare|p2a: Granbull
|-crit|p2a: Granbull
|-damage|p2a: Granbull|0 fnt
|faint|p2a: Granbull
|
|upkeep
|inactive|missingyat has 120 seconds left.
|
|t:|1760457955
|switch|p2a: Cryogonal|Cryogonal|100/100
|turn|8
|
|t:|1760457960
|switch|p1a: Poliwrath|Poliwrath, M|100/100
|move|p2a: Cryogonal|Freeze-Dry|p1a: Poliwrath
|-supereffective|p1a: Poliwrath
|-damage|p1a: Poliwrath|37/100
|
|upkeep
|turn|9
|
|t:|1760457971
|move|p2a: Cryogonal|Freeze-Dry|p1a: Poliwrath
|-supereffective|p1a: Poliwrath
|-damage|p1a: Poliwrath|0 fnt
|faint|p1a: Poliwrath
|
|upkeep
|
|t:|1760457977
|switch|p1a: Wugtrio|Wugtrio, M|100/100
|turn|10
|
|t:|1760457983
|move|p2a: Cryogonal|Freeze-Dry|p1a: Wugtrio
|-supereffective|p1a: Wugtrio
|-damage|p1a: Wugtrio|35/100
|move|p1a: Wugtrio|Throat Chop|p2a: Cryogonal
|-damage|p2a: Cryogonal|62/100
|-start|p2a: Cryogonal|Throat Chop|[silent]
|
|upkeep
|turn|11
|
|t:|1760457989
|move|p1a: Wugtrio|Sucker Punch|p2a: Cryogonal
|-damage|p2a: Cryogonal|32/100
|move|p2a: Cryogonal|Freeze-Dry|p1a: Wugtrio
|-supereffective|p1a: Wugtrio
|-damage|p1a: Wugtrio|0 fnt
|faint|p1a: Wugtrio
|
|-end|p2a: Cryogonal|Throat Chop|[silent]
|upkeep
|
|t:|1760457997
|switch|p1a: Articuno|Articuno-Galar, tera:Fairy|58/100
|turn|12
|
|t:|1760458005
|move|p1a: Articuno|Shadow Ball|p2a: Cryogonal
|-damage|p2a: Cryogonal|10/100
|move|p2a: Cryogonal|Recover|p2a: Cryogonal
|-heal|p2a: Cryogonal|60/100
|
|upkeep
|turn|13
|
|t:|1760458011
|switch|p1a: Victreebel|Victreebel, F|100/100
|move|p2a: Cryogonal|Recover|p2a: Cryogonal
|-heal|p2a: Cryogonal|100/100
|
|upkeep
|turn|14
|
|t:|1760458019
|move|p2a: Cryogonal|Freeze-Dry|p1a: Victreebel
|-supereffective|p1a: Victreebel
|-damage|p1a: Victreebel|59/100
|move|p1a: Victreebel|Power Whip|p2a: Cryogonal|[miss]
|-miss|p1a: Victreebel|p2a: Cryogonal
|
|upkeep
|turn|15
|
|t:|1760458023
|move|p2a: Cryogonal|Freeze-Dry|p1a: Victreebel
|-supereffective|p1a: Victreebel
|-damage|p1a: Victreebel|13/100
|move|p1a: Victreebel|Grassy Glide|p2a: Cryogonal
|-damage|p2a: Cryogonal|59/100
|
|upkeep
|turn|16
|
|t:|1760458033
|move|p2a: Cryogonal|Freeze-Dry|p1a: Victreebel
|-supereffective|p1a: Victreebel
|-damage|p1a: Victreebel|0 fnt
|faint|p1a: Victreebel
|
|upkeep
|
|t:|1760458035
|switch|p1a: Articuno|Articuno-Galar, tera:Fairy|58/100
|turn|17
|l|☆missingyat
|inactive|missingyat disconnected and has a minute to reconnect!
|player|p2|
|j|☆missingyat
|inactive|missingyat reconnected and has 110 seconds left.
|player|p2|missingyat|clerk|
|c|☆only ocean|Are you havking bro?
|
|t:|1760458084
|move|p1a: Articuno|Freezing Glare|p2a: Cryogonal
|-damage|p2a: Cryogonal|20/100
|move|p2a: Cryogonal|Freeze-Dry|p1a: Articuno
|-damage|p1a: Articuno|26/100
|
|upkeep
|turn|18
|c|☆only ocean|Haking*
|inactive|missingyat has 90 seconds left.
|c|☆only ocean|How its super effective in water types?
|c|☆only ocean|Freeze dry
|
|t:|1760458133
|move|p1a: Articuno|Freezing Glare|p2a: Cryogonal
|-damage|p2a: Cryogonal|0 fnt
|faint|p2a: Cryogonal
|
|upkeep
|inactive|missingyat has 60 seconds left.
|c|☆only ocean|Bro
|c|☆only ocean|Are you hacking?
|
|t:|1760458159
|switch|p2a: Clefable|Clefable, M|100/100
|turn|19
|
|t:|1760458165
|switch|p1a: Vileplume|Vileplume, M|100/100
|move|p2a: Clefable|Ice Beam|p1a: Vileplume
|-supereffective|p1a: Vileplume
|-damage|p1a: Vileplume|50/100
|
|upkeep
|turn|20
|inactive|missingyat has 60 seconds left.
|
|t:|1760458175
|move|p2a: Clefable|Fire Blast|p1a: Vileplume
|-supereffective|p1a: Vileplume
|-damage|p1a: Vileplume|0 fnt
|faint|p1a: Vileplume
|
|upkeep
|
|t:|1760458178
|switch|p1a: Articuno|Articuno-Galar, tera:Fairy|26/100
|turn|21
|
|t:|1760458182
|move|p1a: Articuno|Freezing Glare|p2a: Clefable
|-damage|p2a: Clefable|54/100
|move|p2a: Clefable|Fire Blast|p1a: Articuno
|-crit|p1a: Articuno
|-damage|p1a: Articuno|0 fnt
|faint|p1a: Articuno
|
|win|missingyat
|raw|only ocean's rating: 1062 &rarr; <strong>1042</strong><br />(-20 for losing)
|raw|missingyat's rating: 1048 &rarr; <strong>1082</strong><br />(+34 for winning)
|l|☆only ocean
|player|p1|
|l|☆missingyat
|player|p2|
