|j|☆localdealerr
|j|☆Jolly1244
|t:|1760388778
|gametype|singles
|player|p1|localdealerr|102|1749
|player|p2|Jolly1244|depotagent|1691
|gen|9
|tier|[Gen 9] OU
|rated|
|rule|HP Percentage Mod: HP is shown in percentages
|rule|Endless Battle Clause: Forcing endless battles is banned
|rule|Species Clause: Limit one of each Pokémon
|rule|OHKO Clause: OHKO moves are banned
|rule|Evasion Items Clause: Evasion items are banned
|rule|Evasion Moves Clause: Evasion moves are banned
|rule|Evasion Abilities Clause: Evasion abilities are banned
|rule|Sleep Moves Clause: Sleep-inducing moves are banned
|clearpoke
|poke|p1|Ninetales-Alola, F|
|poke|p1|Iron Hands|
|poke|p1|Kyurem|
|poke|p1|Zapdos|
|poke|p1|Alomomola, M|
|poke|p1|Iron Treads|
|poke|p2|Tyranitar, F|
|poke|p2|Excadrill, M|
|poke|p2|Latios, M|
|poke|p2|Pecharunt|
|poke|p2|Tornadus-Therian, M|
|poke|p2|Hatterene, F|
|teampreview
|c|☆Jolly1244|hf
|c|☆localdealerr|u2
|
|t:|1760388793
|teamsize|p1|6
|teamsize|p2|6
|start
|switch|p1a: Chains and Whips|Iron Treads|100/100
|switch|p2a: Pecharunt|Pecharunt|100/100
|turn|1
|
|t:|1760388801
|switch|p2a: Hatterene|Hatterene, F|100/100
|move|p1a: Chains and Whips|Knock Off|p2a: Hatterene
|-damage|p2a: Hatterene|80/100
|-enditem|p2a: Hatterene|Leftovers|[from] move: Knock Off|[of] p1a: Chains and Whips
|
|upkeep
|turn|2
|
|t:|1760388813
|move|p1a: Chains and Whips|Earthquake|p2a: Hatterene
|-damage|p2a: Hatterene|51/100
|move|p2a: Hatterene|Nuzzle|p1a: Chains and Whips
|-immune|p1a: Chains and Whips
|
|upkeep
|turn|3
|
|t:|1760388820
|switch|p2a: Tornadus|Tornadus-Therian, M|100/100
|move|p1a: Chains and Whips|Volt Switch|p2a: Tornadus
|-supereffective|p2a: Tornadus
|-damage|p2a: Tornadus|87/100
|
|t:|1760388831
|-end|p1a: Chains and Whips|Quark Drive|[silent]
|switch|p1a: TheBirdsDontSing|Zapdos|100/100|[from] Volt Switch
|
|upkeep
|turn|4
|
|t:|1760388841
|move|p1a: TheBirdsDontSing|Thunderbolt|p2a: Tornadus
|-supereffective|p2a: Tornadus
|-damage|p2a: Tornadus|30/100
|-status|p2a: Tornadus|par
|move|p2a: Tornadus|Knock Off|p1a: TheBirdsDontSing
|-damage|p1a: TheBirdsDontSing|75/100
|-enditem|p1a: TheBirdsDontSing|Choice Scarf|[from] move: Knock Off|[of] p2a: Tornadus
|
|upkeep
|turn|5
|
|t:|1760388854
|switch|p2a: Tyranitar|Tyranitar, F|100/100
|-weather|Sandstorm|[from] ability: Sand Stream|[of] p2a: Tyranitar
|move|p1a: TheBirdsDontSing|Volt Switch|p2a: Tyranitar
|-damage|p2a: Tyranitar|79/100
|
|t:|1760388858
|switch|p1a: FICO|Ninetales-Alola, F|100/100|[from] Volt Switch
|-weather|Snowscape|[from] ability: Snow Warning|[of] p1a: FICO
|
|-weather|Snowscape|[upkeep]
|upkeep
|turn|6
|
|t:|1760388864
|switch|p2a: Pecharunt|Pecharunt|100/100
|move|p1a: FICO|Aurora Veil|p1a: FICO
|-sidestart|p1: localdealerr|move: Aurora Veil
|
|-weather|Snowscape|[upkeep]
|upkeep
|turn|7
|
|t:|1760388869
|switch|p1a: Chains and Whips|Iron Treads|100/100
|move|p2a: Pecharunt|Parting Shot|p1a: Chains and Whips
|-unboost|p1a: Chains and Whips|atk|1
|-unboost|p1a: Chains and Whips|spa|1
|
|t:|1760388885
|switch|p2a: Latios|Latios, M|100/100|[from] Parting Shot
|
|-weather|Snowscape|[upkeep]
|upkeep
|turn|8
|
|t:|1760388888
|move|p2a: Latios|Flip Turn|p1a: Chains and Whips
|-supereffective|p1a: Chains and Whips
|-damage|p1a: Chains and Whips|92/100
|
|t:|1760388892
|switch|p2a: Hatterene|Hatterene, F|51/100|[from] Flip Turn
|move|p1a: Chains and Whips|Knock Off|p2a: Hatterene
|-damage|p2a: Hatterene|41/100
|
|-weather|Snowscape|[upkeep]
|upkeep
|turn|9
|
|t:|1760388899
|switch|p2a: Latios|Latios, M|100/100
|move|p1a: Chains and Whips|Volt Switch|p2a: Latios
|-resisted|p2a: Latios
|-damage|p2a: Latios|97/100
|
|t:|1760388907
|-end|p1a: Chains and Whips|Quark Drive|[silent]
|switch|p1a: TheBirdsDontSing|Zapdos|75/100|[from] Volt Switch
|
|-weather|none
|upkeep
|turn|10
|
|t:|1760388914
|switch|p2a: Tyranitar|Tyranitar, F|79/100
|-weather|Sandstorm|[from] ability: Sand Stream|[of] p2a: Tyranitar
|switch|p1a: Chains and Whips|Iron Treads|92/100
|
|-weather|Sandstorm|[upkeep]
|upkeep
|turn|11
|
|t:|1760388924
|move|p1a: Chains and Whips|Volt Switch|p2a: Tyranitar
|-damage|p2a: Tyranitar|71/100
|
|t:|1760388931
|-end|p1a: Chains and Whips|Quark Drive|[silent]
|switch|p1a: Ace Trumpets|Alomomola, M|100/100|[from] Volt Switch
|move|p2a: Tyranitar|Low Kick|p1a: Ace Trumpets
|-damage|p1a: Ace Trumpets|90/100
|
|-weather|Sandstorm|[upkeep]
|-damage|p1a: Ace Trumpets|83/100|[from] Sandstorm
|upkeep
|turn|12
|
|t:|1760388939
|switch|p2a: Pecharunt|Pecharunt|100/100
|move|p1a: Ace Trumpets|Flip Turn|p2a: Pecharunt
|-damage|p2a: Pecharunt|93/100
|-damage|p1a: Ace Trumpets|67/100|[from] item: Rocky Helmet|[of] p2a: Pecharunt
|
|t:|1760388944
|switch|p1a: TheBirdsDontSing|Zapdos|75/100|[from] Flip Turn
|
|-weather|Sandstorm|[upkeep]
|-damage|p1a: TheBirdsDontSing|68/100|[from] Sandstorm
|-damage|p2a: Pecharunt|87/100|[from] Sandstorm
|upkeep
|turn|13
|
|t:|1760388953
|move|p1a: TheBirdsDontSing|Thunderbolt|p2a: Pecharunt
|-damage|p2a: Pecharunt|43/100
|move|p2a: Pecharunt|Parting Shot|p1a: TheBirdsDontSing
|-unboost|p1a: TheBirdsDontSing|atk|1
|-unboost|p1a: TheBirdsDontSing|spa|1
|
|t:|1760388959
|switch|p2a: Excadrill|Excadrill, M|100/100|[from] Parting Shot
|
|-weather|Sandstorm|[upkeep]
|-damage|p1a: TheBirdsDontSing|62/100|[from] Sandstorm
|-sideend|p1: localdealerr|move: Aurora Veil
|upkeep
|turn|14
|
|t:|1760388967
|switch|p1a: FICO|Ninetales-Alola, F|100/100
|-weather|Snowscape|[from] ability: Snow Warning|[of] p1a: FICO
|move|p2a: Excadrill|Earthquake|p1a: FICO
|-damage|p1a: FICO|52/100
|
|-weather|Snowscape|[upkeep]
|upkeep
|turn|15
|
|t:|1760388976
|switch|p1a: TheBirdsDontSing|Zapdos|62/100
|move|p2a: Excadrill|Iron Head|p1a: TheBirdsDontSing
|-resisted|p1a: TheBirdsDontSing
|-damage|p1a: TheBirdsDontSing|33/100
|
|-weather|Snowscape|[upkeep]
|upkeep
|turn|16
|
|t:|1760388986
|move|p1a: TheBirdsDontSing|Weather Ball|p2a: Excadrill
|-damage|p2a: Excadrill|53/100
|move|p2a: Excadrill|Earthquake|p1a: TheBirdsDontSing
|-immune|p1a: TheBirdsDontSing
|
|-weather|Snowscape|[upkeep]
|upkeep
|turn|17
|
|t:|1760388995
|switch|p2a: Tyranitar|Tyranitar, F|71/100
|-weather|Sandstorm|[from] ability: Sand Stream|[of] p2a: Tyranitar
|move|p1a: TheBirdsDontSing|Weather Ball|p2a: Tyranitar
|-damage|p2a: Tyranitar|49/100
|
|-weather|Sandstorm|[upkeep]
|-damage|p1a: TheBirdsDontSing|27/100|[from] Sandstorm
|upkeep
|turn|18
|
|t:|1760389000
|move|p1a: TheBirdsDontSing|Volt Switch|p2a: Tyranitar
|-damage|p2a: Tyranitar|26/100
|
|t:|1760389002
|switch|p1a: Ace Trumpets|Alomomola, M|99/100|[from] Volt Switch
|move|p2a: Tyranitar|Knock Off|p1a: Ace Trumpets
|-damage|p1a: Ace Trumpets|45/100
|-enditem|p1a: Ace Trumpets|Heavy-Duty Boots|[from] move: Knock Off|[of] p2a: Tyranitar
|
|-weather|Sandstorm|[upkeep]
|-damage|p1a: Ace Trumpets|38/100|[from] Sandstorm
|upkeep
|turn|19
|
|t:|1760389011
|move|p2a: Tyranitar|Knock Off|p1a: Ace Trumpets
|-damage|p1a: Ace Trumpets|6/100
|move|p1a: Ace Trumpets|Flip Turn|p2a: Tyranitar
|-supereffective|p2a: Tyranitar
|-damage|p2a: Tyranitar|0 fnt
|faint|p2a: Tyranitar
|
|t:|1760389015
|switch|p1a: FICO|Ninetales-Alola, F|52/100|[from] Flip Turn
|-weather|Snowscape|[from] ability: Snow Warning|[of] p1a: FICO
|
|-weather|Snowscape|[upkeep]
|upkeep
|
|t:|1760389022
|switch|p2a: Latios|Latios, M|97/100
|turn|20
|
|t:|1760389025
|switch|p1a: Chains and Whips|Iron Treads|92/100
|move|p2a: Latios|Luster Purge|p1a: Chains and Whips
|-resisted|p1a: Chains and Whips
|-damage|p1a: Chains and Whips|71/100
|-unboost|p1a: Chains and Whips|spd|1
|
|-weather|Snowscape|[upkeep]
|upkeep
|turn|21
|
|t:|1760389031
|switch|p2a: Hatterene|Hatterene, F|41/100
|move|p1a: Chains and Whips|Knock Off|p2a: Hatterene
|-damage|p2a: Hatterene|27/100
|
|-weather|Snowscape|[upkeep]
|upkeep
|turn|22
|
|t:|1760389038
|switch|p2a: Tornadus|Tornadus-Therian, M|63/100 par
|move|p1a: Chains and Whips|Earthquake|p2a: Tornadus
|-immune|p2a: Tornadus
|
|-weather|Snowscape|[upkeep]
|upkeep
|turn|23
|
|t:|1760389041
|move|p1a: Chains and Whips|Knock Off|p2a: Tornadus
|-damage|p2a: Tornadus|33/100 par
|-enditem|p2a: Tornadus|Assault Vest|[from] move: Knock Off|[of] p1a: Chains and Whips
|move|p2a: Tornadus|U-turn|p1a: Chains and Whips
|-resisted|p1a: Chains and Whips
|-damage|p1a: Chains and Whips|65/100
|
|t:|1760389055
|switch|p2a: Latios|Latios, M|97/100|[from] U-turn
|
|-weather|none
|upkeep
|turn|24
|
|t:|1760389067
|move|p2a: Latios|Aura Sphere|p1a: Chains and Whips
|-supereffective|p1a: Chains and Whips
|-crit|p1a: Chains and Whips
|-damage|p1a: Chains and Whips|0 fnt
|faint|p1a: Chains and Whips
|-end|p1a: Chains and Whips|Quark Drive|[silent]
|
|upkeep
|
|t:|1760389077
|switch|p1a: FICO|Ninetales-Alola, F|52/100
|-weather|Snowscape|[from] ability: Snow Warning|[of] p1a: FICO
|turn|25
|c|☆Jolly1244|did u just not have rocks or where u just preventing hatt from coming in?
|
|t:|1760389087
|move|p2a: Latios|Aura Sphere|p1a: FICO
|-damage|p1a: FICO|9/100
|move|p1a: FICO|Aurora Veil|p1a: FICO
|-sidestart|p1: localdealerr|move: Aurora Veil
|
|-weather|Snowscape|[upkeep]
|upkeep
|turn|26
|c|☆localdealerr|i didnt expect u to have aura sphere
|c|☆Jolly1244|catches gambit on switch ins
|c|☆localdealerr|and im AV treads
|c|☆Jolly1244|ohh
|c|☆Jolly1244|i see
|
|t:|1760389141
|move|p2a: Latios|Aura Sphere|p1a: FICO
|-damage|p1a: FICO|0 fnt
|faint|p1a: FICO
|
|-weather|Snowscape|[upkeep]
|upkeep
|
|t:|1760389162
|switch|p1a: MTBTTF|Iron Hands|100/100
|-enditem|p1a: MTBTTF|Booster Energy
|-activate|p1a: MTBTTF|ability: Quark Drive|[fromitem]
|-start|p1a: MTBTTF|quarkdriveatk
|turn|27
|
|t:|1760389169
|switch|p2a: Pecharunt|Pecharunt|43/100
|move|p1a: MTBTTF|Swords Dance|p1a: MTBTTF
|-boost|p1a: MTBTTF|atk|2
|
|-weather|Snowscape|[upkeep]
|upkeep
|turn|28
|
|t:|1760389175
|move|p2a: Pecharunt|Recover|p2a: Pecharunt
|-heal|p2a: Pecharunt|93/100
|move|p1a: MTBTTF|Thunder Punch|p2a: Pecharunt
|-damage|p2a: Pecharunt|36/100
|-status|p2a: Pecharunt|par
|-damage|p1a: MTBTTF|84/100|[from] item: Rocky Helmet|[of] p2a: Pecharunt
|
|-weather|Snowscape|[upkeep]
|upkeep
|turn|29
|c|☆Jolly1244|smh
|
|t:|1760389183
|move|p1a: MTBTTF|Thunder Punch|p2a: Pecharunt
|-damage|p2a: Pecharunt|0 fnt
|-damage|p1a: MTBTTF|68/100|[from] item: Rocky Helmet|[of] p2a: Pecharunt
|faint|p2a: Pecharunt
|
|-weather|none
|upkeep
|
|t:|1760389191
|switch|p2a: Excadrill|Excadrill, M|53/100
|turn|30
|
|t:|1760389195
|switch|p2a: Tornadus|Tornadus-Therian, M|67/100 par
|-terastallize|p1a: MTBTTF|Flying
|move|p1a: MTBTTF|Drain Punch|p2a: Tornadus
|-resisted|p2a: Tornadus
|-crit|p2a: Tornadus
|-damage|p2a: Tornadus|0 fnt
|-heal|p1a: MTBTTF|94/100|[from] drain|[of] p2a: Tornadus
|faint|p2a: Tornadus
|
|upkeep
|c|☆localdealerr|damn im getting very lucky out here
|c|☆Jolly1244|ofc ts be happing on the game to 1700 sob
|
|t:|1760389224
|switch|p2a: Excadrill|Excadrill, M|53/100
|turn|31
|
|t:|1760389236
|-terastallize|p2a: Excadrill|Ice
|move|p2a: Excadrill|Tera Blast|p1a: MTBTTF|[anim] Tera Blast Ice
|-supereffective|p1a: MTBTTF
|-damage|p1a: MTBTTF|59/100
|move|p1a: MTBTTF|Drain Punch|p2a: Excadrill
|-supereffective|p2a: Excadrill
|-crit|p2a: Excadrill
|-damage|p2a: Excadrill|0 fnt
|-heal|p1a: MTBTTF|80/100|[from] drain|[of] p2a: Excadrill
|faint|p2a: Excadrill
|
|upkeep
|
|t:|1760389242
|switch|p2a: Latios|Latios, M|97/100
|turn|32
|
|t:|1760389245
|move|p2a: Latios|Flip Turn|p1a: MTBTTF
|-damage|p1a: MTBTTF|76/100
|
|t:|1760389247
|switch|p2a: Hatterene|Hatterene, F|27/100|[from] Flip Turn
|move|p1a: MTBTTF|Ice Punch|p2a: Hatterene
|-damage|p2a: Hatterene|0 fnt
|faint|p2a: Hatterene
|
|-sideend|p1: localdealerr|move: Aurora Veil
|upkeep
|
|t:|1760389248
|switch|p2a: Latios|Latios, M|97/100
|turn|33
|
|t:|1760389257
|move|p2a: Latios|Draco Meteor|p1a: MTBTTF
|-damage|p1a: MTBTTF|0 fnt
|-unboost|p2a: Latios|spa|2
|faint|p1a: MTBTTF
|-end|p1a: MTBTTF|Quark Drive|[silent]
|
|upkeep
|c|☆Jolly1244|we critting these all frfr
|
|t:|1760389265
|switch|p1a: Ace Trumpets|Alomomola, M|39/100
|turn|34
|
|t:|1760389268
|move|p1a: Ace Trumpets|Protect|p1a: Ace Trumpets
|-singleturn|p1a: Ace Trumpets|Protect
|move|p2a: Latios|Draco Meteor|p1a: Ace Trumpets
|-activate|p1a: Ace Trumpets|move: Protect
|
|upkeep
|turn|35
|
|t:|1760389277
|switch|p1a: TheBirdsDontSing|Zapdos|27/100
|move|p2a: Latios|Draco Meteor|p1a: TheBirdsDontSing
|-damage|p1a: TheBirdsDontSing|0 fnt
|-unboost|p2a: Latios|spa|2
|faint|p1a: TheBirdsDontSing
|
|upkeep
|
|t:|1760389279
|switch|p1a: Ace Trumpets|Alomomola, M|72/100
|turn|36
|
|t:|1760389282
|move|p1a: Ace Trumpets|Protect|p1a: Ace Trumpets
|-singleturn|p1a: Ace Trumpets|Protect
|move|p2a: Latios|Draco Meteor|p1a: Ace Trumpets
|-activate|p1a: Ace Trumpets|move: Protect
|
|upkeep
|turn|37
|
|t:|1760389287
|move|p2a: Latios|Draco Meteor|p1a: Ace Trumpets
|-damage|p1a: Ace Trumpets|44/100
|-unboost|p2a: Latios|spa|2
|move|p1a: Ace Trumpets|Wish|p1a: Ace Trumpets
|
|upkeep
|turn|38
|
|t:|1760389290
|move|p1a: Ace Trumpets|Protect|p1a: Ace Trumpets
|-singleturn|p1a: Ace Trumpets|Protect
|move|p2a: Latios|Draco Meteor|p1a: Ace Trumpets
|-activate|p1a: Ace Trumpets|move: Protect
|
|-heal|p1a: Ace Trumpets|94/100|[from] move: Wish|[wisher] Ace Trumpets
|upkeep
|turn|39
|c|☆Jolly1244|CRITTT
|
|t:|1760389295
|move|p2a: Latios|Draco Meteor|p1a: Ace Trumpets
|-damage|p1a: Ace Trumpets|70/100
|move|p1a: Ace Trumpets|Wish|p1a: Ace Trumpets
|
|upkeep
|turn|40
|c|☆Jolly1244|ggs
|-message|Jolly1244 forfeited.
|
|win|localdealerr
|raw|localdealerr's rating: 1749 &rarr; <strong>1766</strong><br />(+17 for winning)
|raw|Jolly1244's rating: 1691 &rarr; <strong>1674</strong><br />(-17 for losing)
|l|☆Jolly1244
|player|p2|
|c|☆localdealerr|gg
|l|☆localdealerr
|player|p1|
