|j|☆siddd7890
|j|☆MODELIZE
|t:|1760335610
|gametype|singles
|player|p1|siddd7890|unknown|1151
|player|p2|MODELIZE|pokemaniac|1063
|gen|9
|tier|[Gen 9] OU
|rated|
|rule|HP Percentage Mod: HP is shown in percentages
|rule|Endless Battle Clause: Forcing endless battles is banned
|rule|Species Clause: Limit one of each Pokémon
|rule|OHKO Clause: OHKO moves are banned
|rule|Evasion Items Clause: Evasion items are banned
|rule|Evasion Moves Clause: Evasion moves are banned
|rule|Evasion Abilities Clause: Evasion abilities are banned
|rule|Sleep Moves Clause: Sleep-inducing moves are banned
|clearpoke
|poke|p1|Regidrago|
|poke|p1|Ogerpon-Wellspring, F|
|poke|p1|Blaziken, F|
|poke|p1|Granbull, M|
|poke|p1|Gholdengo|
|poke|p1|Enamorus, F|
|poke|p2|Dondozo, M|
|poke|p2|Blissey, F|
|poke|p2|Corviknight, M|
|poke|p2|Weezing-Galar, F|
|poke|p2|Gliscor, F|
|poke|p2|Toxapex, F|
|teampreview
|inactive|Battle timer is ON: inactive players will automatically lose when time's up. (requested by siddd7890)
|
|t:|1760335621
|teamsize|p1|6
|teamsize|p2|6
|start
|switch|p1a: Regidrago|Regidrago|100/100
|switch|p2a: Gliscor|Gliscor, F|100/100
|turn|1
|
|t:|1760335628
|move|p1a: Regidrago|Dragon Energy|p2a: Gliscor
|-damage|p2a: Gliscor|16/100
|move|p2a: Gliscor|Toxic|p1a: Regidrago
|-status|p1a: Regidrago|tox
|
|-damage|p1a: Regidrago|94/100 tox|[from] psn
|-status|p2a: Gliscor|tox|[from] item: Toxic Orb
|upkeep
|turn|2
|
|t:|1760335636
|move|p2a: Gliscor|Protect|p2a: Gliscor
|-singleturn|p2a: Gliscor|Protect
|move|p1a: Regidrago|Dragon Energy|p2a: Gliscor
|-activate|p2a: Gliscor|move: Protect
|
|-damage|p1a: Regidrago|82/100 tox|[from] psn
|-heal|p2a: Gliscor|28/100 tox|[from] ability: Poison Heal
|upkeep
|turn|3
|
|t:|1760335649
|switch|p2a: Dondozo|Dondozo, M|100/100
|move|p1a: Regidrago|Dragon Energy|p2a: Dondozo
|-damage|p2a: Dondozo|21/100
|
|-heal|p2a: Dondozo|27/100|[from] item: Leftovers
|-damage|p1a: Regidrago|64/100 tox|[from] psn
|upkeep
|turn|4
|
|t:|1760335654
|move|p1a: Regidrago|Dragon Energy|p2a: Dondozo
|-damage|p2a: Dondozo|0 fnt
|faint|p2a: Dondozo
|
|-damage|p1a: Regidrago|40/100 tox|[from] psn
|upkeep
|
|t:|1760335667
|switch|p2a: Blissey|Blissey, F|100/100
|turn|5
|
|t:|1760335680
|switch|p1a: Granbull|Granbull, M|100/100
|-ability|p1a: Granbull|Intimidate|boost
|-unboost|p2a: Blissey|atk|1
|move|p2a: Blissey|Soft-Boiled||[still]
|-fail|p2a: Blissey|heal
|
|upkeep
|turn|6
|
|t:|1760335690
|switch|p2a: Toxapex|Toxapex, F|100/100
|move|p1a: Granbull|Close Combat|p2a: Toxapex
|-resisted|p2a: Toxapex
|-damage|p2a: Toxapex|79/100
|-unboost|p1a: Granbull|def|1
|-unboost|p1a: Granbull|spd|1
|-damage|p1a: Granbull|91/100|[from] item: Life Orb
|
|-heal|p2a: Toxapex|85/100|[from] item: Leftovers
|upkeep
|turn|7
|
|t:|1760335702
|switch|p1a: Gholdengo|Gholdengo|100/100
|move|p2a: Toxapex|Toxic|p1a: Gholdengo
|-immune|p1a: Gholdengo|[from] ability: Good as Gold
|
|-heal|p2a: Toxapex|92/100|[from] item: Leftovers
|upkeep
|turn|8
|
|t:|1760335720
|switch|p2a: Gliscor|Gliscor, F|28/100 tox
|move|p1a: Gholdengo|Nasty Plot|p1a: Gholdengo
|-boost|p1a: Gholdengo|spa|2
|
|-heal|p2a: Gliscor|41/100 tox|[from] ability: Poison Heal
|upkeep
|turn|9
|
|t:|1760335732
|move|p1a: Gholdengo|Shadow Ball|p2a: Gliscor
|-damage|p2a: Gliscor|0 fnt
|faint|p2a: Gliscor
|-damage|p1a: Gholdengo|91/100|[from] item: Life Orb
|
|upkeep
|
|t:|1760335746
|switch|p2a: Weezing|Weezing-Galar, F|100/100
|-ability|p2a: Weezing|Neutralizing Gas
|turn|10
|
|t:|1760335762
|move|p1a: Gholdengo|Make It Rain|p2a: Weezing
|-supereffective|p2a: Weezing
|-damage|p2a: Weezing|0 fnt
|-unboost|p1a: Gholdengo|spa|1
|faint|p2a: Weezing
|-end|p2a: Weezing|ability: Neutralizing Gas
|-damage|p1a: Gholdengo|81/100|[from] item: Life Orb
|
|upkeep
|-message|MODELIZE forfeited.
|
|win|siddd7890
|raw|siddd7890's rating: 1151 &rarr; <strong>1170</strong><br />(+19 for winning)
|raw|MODELIZE's rating: 1063 &rarr; <strong>1048</strong><br />(-15 for losing)
|l|☆MODELIZE
|player|p2|
|l|☆siddd7890
|player|p1|
