|j|☆LusterSN
|j|☆XX420STALLGOD69XX
|t:|1760395251
|gametype|singles
|player|p1|LusterSN|lucas-gen4pt|1705
|player|p2|XX420STALLGOD69XX|266|1703
|gen|9
|tier|[Gen 9] OU
|rated|
|rule|HP Percentage Mod: HP is shown in percentages
|rule|Endless Battle Clause: Forcing endless battles is banned
|rule|Species Clause: Limit one of each Pokémon
|rule|OHKO Clause: OHKO moves are banned
|rule|Evasion Items Clause: Evasion items are banned
|rule|Evasion Moves Clause: Evasion moves are banned
|rule|Evasion Abilities Clause: Evasion abilities are banned
|rule|Sleep Moves Clause: Sleep-inducing moves are banned
|clearpoke
|poke|p1|Gastrodon, M|
|poke|p1|Clefable, F|
|poke|p1|Latios, M|
|poke|p1|Meowscarada, F|
|poke|p1|Gholdengo|
|poke|p1|Ursaluna, M|
|poke|p2|Dragapult, M|
|poke|p2|Kingambit, M|
|poke|p2|Gholdengo|
|poke|p2|Iron Valiant|
|poke|p2|Rotom-Wash|
|poke|p2|Garchomp, M|
|teampreview
|inactive|Battle timer is ON: inactive players will automatically lose when time's up. (requested by XX420STALLGOD69XX)
|inactive|LusterSN has 120 seconds left.
|inactive|LusterSN has 90 seconds left.
|
|t:|1760395317
|teamsize|p1|6
|teamsize|p2|6
|start
|switch|p1a: Clefable|Clefable, F|100/100
|switch|p2a: Rotom|Rotom-Wash, shiny|100/100
|turn|1
|
|t:|1760395331
|move|p2a: Rotom|Trick|p1a: Clefable
|-activate|p2a: Rotom|move: Trick|[of] p1a: Clefable
|-item|p1a: Clefable|Choice Scarf|[from] move: Trick
|-item|p2a: Rotom|Leftovers|[from] move: Trick
|move|p1a: Clefable|Stealth Rock|p2a: Rotom
|-sidestart|p2: XX420STALLGOD69XX|move: Stealth Rock
|
|upkeep
|turn|2
|inactive|XX420STALLGOD69XX has 120 seconds left.
|
|t:|1760395370
|switch|p1a: Gastrodon|Gastrodon, M|100/100
|move|p2a: Rotom|Volt Switch|p1a: Gastrodon
|-immune|p1a: Gastrodon
|
|upkeep
|turn|3
|inactive|XX420STALLGOD69XX has 120 seconds left.
|
|t:|1760395386
|switch|p2a: Gholdengo|Gholdengo|100/100
|-damage|p2a: Gholdengo|94/100|[from] Stealth Rock
|move|p1a: Gastrodon|Spikes|p2a: Gholdengo
|-sidestart|p2: XX420STALLGOD69XX|Spikes
|
|upkeep
|turn|4
|inactive|XX420STALLGOD69XX has 120 seconds left.
|
|t:|1760395401
|move|p2a: Gholdengo|Shadow Ball|p1a: Gastrodon
|-damage|p1a: Gastrodon|44/100
|move|p1a: Gastrodon|Bulldoze|p2a: Gholdengo
|-supereffective|p2a: Gholdengo
|-damage|p2a: Gholdengo|56/100
|-unboost|p2a: Gholdengo|spe|1
|
|upkeep
|turn|5
|inactive|XX420STALLGOD69XX has 120 seconds left.
|
|t:|1760395411
|switch|p2a: Iron Valiant|Iron Valiant, shiny|100/100
|-damage|p2a: Iron Valiant|94/100|[from] Stealth Rock
|-damage|p2a: Iron Valiant|82/100|[from] Spikes
|-enditem|p2a: Iron Valiant|Booster Energy
|-activate|p2a: Iron Valiant|ability: Quark Drive|[fromitem]
|-start|p2a: Iron Valiant|quarkdrivespe
|switch|p1a: Ursaluna|Ursaluna, M|100/100
|
|-status|p1a: Ursaluna|brn|[from] item: Flame Orb
|upkeep
|turn|6
|
|t:|1760395417
|switch|p1a: Clefable|Clefable, F|100/100
|move|p2a: Iron Valiant|Close Combat|p1a: Clefable
|-resisted|p1a: Clefable
|-damage|p1a: Clefable|75/100
|-unboost|p2a: Iron Valiant|def|1
|-unboost|p2a: Iron Valiant|spd|1
|
|upkeep
|turn|7
|
|t:|1760395422
|-end|p2a: Iron Valiant|Quark Drive|[silent]
|switch|p2a: Gholdengo|Gholdengo|56/100
|-damage|p2a: Gholdengo|50/100|[from] Stealth Rock
|-damage|p2a: Gholdengo|37/100|[from] Spikes
|move|p1a: Clefable|Moonblast|p2a: Gholdengo
|-resisted|p2a: Gholdengo
|-crit|p2a: Gholdengo
|-damage|p2a: Gholdengo|12/100
|
|upkeep
|turn|8
|
|t:|1760395431
|switch|p1a: Gastrodon|Gastrodon, M|44/100
|move|p2a: Gholdengo|Shadow Ball|p1a: Gastrodon
|-damage|p1a: Gastrodon|0 fnt
|faint|p1a: Gastrodon
|
|upkeep
|
|t:|1760395439
|switch|p1a: Meowscarada|Meowscarada, F|100/100
|turn|9
|
|t:|1760395445
|move|p1a: Meowscarada|Knock Off|p2a: Gholdengo
|-start|p1a: Meowscarada|typechange|Dark|[from] ability: Protean
|-supereffective|p2a: Gholdengo
|-damage|p2a: Gholdengo|0 fnt
|-enditem|p2a: Gholdengo|Choice Specs|[from] move: Knock Off|[of] p1a: Meowscarada
|faint|p2a: Gholdengo
|
|upkeep
|
|t:|1760395451
|switch|p2a: Iron Valiant|Iron Valiant, shiny|82/100
|-damage|p2a: Iron Valiant|76/100|[from] Stealth Rock
|-damage|p2a: Iron Valiant|63/100|[from] Spikes
|turn|10
|
|t:|1760395457
|move|p1a: Meowscarada|U-turn|p2a: Iron Valiant
|-resisted|p2a: Iron Valiant
|-damage|p2a: Iron Valiant|56/100
|
|t:|1760395468
|switch|p1a: Gholdengo|Gholdengo|100/100|[from] U-turn
|-item|p1a: Gholdengo|Air Balloon
|move|p2a: Iron Valiant|Spirit Break|p1a: Gholdengo
|-resisted|p1a: Gholdengo
|-damage|p1a: Gholdengo|78/100
|-unboost|p1a: Gholdengo|spa|1
|-enditem|p1a: Gholdengo|Air Balloon
|
|upkeep
|turn|11
|inactive|XX420STALLGOD69XX has 120 seconds left.
|
|t:|1760395511
|-end|p2a: Iron Valiant|Quark Drive|[silent]
|switch|p2a: Garchomp|Garchomp, M, shiny|100/100
|-damage|p2a: Garchomp|94/100|[from] Stealth Rock
|-damage|p2a: Garchomp|82/100|[from] Spikes
|move|p1a: Gholdengo|Focus Blast|p2a: Garchomp
|-damage|p2a: Garchomp|50/100
|
|upkeep
|turn|12
|inactive|XX420STALLGOD69XX has 120 seconds left.
|
|t:|1760395530
|switch|p1a: Clefable|Clefable, F|75/100
|move|p2a: Garchomp|Stealth Rock|p1a: Clefable
|-sidestart|p1: LusterSN|move: Stealth Rock
|
|upkeep
|turn|13
|
|t:|1760395538
|move|p2a: Garchomp|Earthquake|p1a: Clefable
|-damage|p1a: Clefable|34/100
|-damage|p2a: Garchomp|41/100|[from] item: Life Orb
|move|p1a: Clefable|Moonblast|p2a: Garchomp
|-supereffective|p2a: Garchomp
|-damage|p2a: Garchomp|0 fnt
|faint|p2a: Garchomp
|
|upkeep
|
|t:|1760395559
|switch|p2a: Rotom|Rotom-Wash, shiny|100/100
|-damage|p2a: Rotom|88/100|[from] Stealth Rock
|turn|14
|
|t:|1760395565
|move|p2a: Rotom|Hydro Pump|p1a: Clefable
|-damage|p1a: Clefable|0 fnt
|faint|p1a: Clefable
|
|-heal|p2a: Rotom|94/100|[from] item: Leftovers
|upkeep
|
|t:|1760395574
|switch|p1a: Meowscarada|Meowscarada, F|100/100
|turn|15
|
|t:|1760395581
|move|p1a: Meowscarada|U-turn|p2a: Rotom
|-start|p1a: Meowscarada|typechange|Bug|[from] ability: Protean
|-crit|p2a: Rotom
|-damage|p2a: Rotom|26/100
|
|t:|1760395584
|switch|p1a: Latios|Latios, M|100/100|[from] U-turn
|-damage|p1a: Latios|88/100|[from] Stealth Rock
|move|p2a: Rotom|Volt Switch|p1a: Latios
|-resisted|p1a: Latios
|-damage|p1a: Latios|72/100
|inactive|XX420STALLGOD69XX has 120 seconds left.
|j| dilf huntr
|
|t:|1760395596
|switch|p2a: Iron Valiant|Iron Valiant, shiny|56/100|[from] Volt Switch
|-damage|p2a: Iron Valiant|50/100|[from] Stealth Rock
|-damage|p2a: Iron Valiant|38/100|[from] Spikes
|
|upkeep
|turn|16
|
|t:|1760395601
|switch|p1a: Gholdengo|Gholdengo|78/100
|-damage|p1a: Gholdengo|72/100|[from] Stealth Rock
|move|p2a: Iron Valiant|Spirit Break|p1a: Gholdengo
|-resisted|p1a: Gholdengo
|-damage|p1a: Gholdengo|50/100
|-unboost|p1a: Gholdengo|spa|1
|
|upkeep
|turn|17
|
|t:|1760395610
|move|p2a: Iron Valiant|Knock Off|p1a: Gholdengo
|-supereffective|p1a: Gholdengo
|-damage|p1a: Gholdengo|0 fnt
|faint|p1a: Gholdengo
|
|upkeep
|
|t:|1760395615
|switch|p1a: Meowscarada|Meowscarada, F|100/100
|turn|18
|
|t:|1760395624
|-end|p2a: Iron Valiant|Quark Drive|[silent]
|switch|p2a: Rotom|Rotom-Wash, shiny|26/100
|-damage|p2a: Rotom|13/100|[from] Stealth Rock
|move|p1a: Meowscarada|Flower Trick|p2a: Rotom
|-start|p1a: Meowscarada|typechange|Grass|[from] ability: Protean
|-supereffective|p2a: Rotom
|-crit|p2a: Rotom
|-damage|p2a: Rotom|0 fnt
|faint|p2a: Rotom
|
|upkeep
|
|t:|1760395643
|switch|p2a: Dragapult|Dragapult, M, shiny|100/100
|-damage|p2a: Dragapult|88/100|[from] Stealth Rock
|-damage|p2a: Dragapult|76/100|[from] Spikes
|turn|19
|
|t:|1760395651
|move|p1a: Meowscarada|Sucker Punch|p2a: Dragapult
|-supereffective|p2a: Dragapult
|-damage|p2a: Dragapult|18/100
|move|p2a: Dragapult|Dragon Darts|p1a: Meowscarada
|-damage|p1a: Meowscarada|35/100
|-anim|p2a: Dragapult|Dragon Darts|p1a: Meowscarada
|-damage|p1a: Meowscarada|0 fnt
|faint|p1a: Meowscarada
|
|upkeep
|
|t:|1760395665
|switch|p1a: Ursaluna|Ursaluna, M|100/100 brn
|-damage|p1a: Ursaluna|94/100 brn|[from] Stealth Rock
|turn|20
|
|t:|1760395669
|move|p2a: Dragapult|Dragon Darts|p1a: Ursaluna
|-damage|p1a: Ursaluna|59/100 brn
|-anim|p2a: Dragapult|Dragon Darts|p1a: Ursaluna
|-damage|p1a: Ursaluna|25/100 brn
|move|p1a: Ursaluna|Fire Punch|p2a: Dragapult
|-resisted|p2a: Dragapult
|-damage|p2a: Dragapult|0 fnt
|faint|p2a: Dragapult
|
|-damage|p1a: Ursaluna|19/100 brn|[from] brn
|upkeep
|
|t:|1760395671
|switch|p2a: Iron Valiant|Iron Valiant, shiny|38/100
|-damage|p2a: Iron Valiant|31/100|[from] Stealth Rock
|-damage|p2a: Iron Valiant|19/100|[from] Spikes
|turn|21
|
|t:|1760395677
|move|p2a: Iron Valiant|Spirit Break|p1a: Ursaluna
|-damage|p1a: Ursaluna|0 fnt
|faint|p1a: Ursaluna
|
|upkeep
|
|t:|1760395678
|switch|p1a: Latios|Latios, M|72/100
|-damage|p1a: Latios|60/100|[from] Stealth Rock
|turn|22
|
|t:|1760395683
|-terastallize|p1a: Latios|Dragon
|move|p2a: Iron Valiant|Knock Off|p1a: Latios
|-damage|p1a: Latios|15/100
|-enditem|p1a: Latios|Choice Specs|[from] move: Knock Off|[of] p2a: Iron Valiant
|move|p1a: Latios|Aura Sphere|p2a: Iron Valiant
|-resisted|p2a: Iron Valiant
|-crit|p2a: Iron Valiant
|-damage|p2a: Iron Valiant|0 fnt
|faint|p2a: Iron Valiant
|-end|p2a: Iron Valiant|Quark Drive|[silent]
|
|upkeep
|
|t:|1760395686
|switch|p2a: Kingambit|Kingambit, M, shiny|100/100
|-damage|p2a: Kingambit|94/100|[from] Stealth Rock
|-damage|p2a: Kingambit|82/100|[from] Spikes
|-activate|p2a: Kingambit|ability: Supreme Overlord
|-start|p2a: Kingambit|fallen5|[silent]
|turn|23
|
|t:|1760395694
|move|p2a: Kingambit|Sucker Punch||[still]
|-fail|p2a: Kingambit
|move|p1a: Latios|Trick|p2a: Kingambit
|-activate|p1a: Latios|move: Trick|[of] p2a: Kingambit
|-enditem|p2a: Kingambit|Lum Berry|[silent]|[from] move: Trick
|-item|p1a: Latios|Lum Berry|[from] move: Trick
|
|upkeep
|turn|24
|
|t:|1760395698
|move|p2a: Kingambit|Sucker Punch|p1a: Latios
|-damage|p1a: Latios|0 fnt
|faint|p1a: Latios
|
|win|XX420STALLGOD69XX
|raw|LusterSN's rating: 1705 &rarr; <strong>1685</strong><br />(-20 for losing)
|raw|XX420STALLGOD69XX's rating: 1703 &rarr; <strong>1723</strong><br />(+20 for winning)
|l|☆LusterSN
|player|p1|
|l| dilf huntr
