|j|☆vghhjg
|j|☆Potential Man
|t:|1760386080
|gametype|singles
|player|p1|vghhjg|101|1618
|player|p2|Potential Man|brock-gen2|1594
|gen|9
|tier|[Gen 9] OU
|rated|
|rule|HP Percentage Mod: HP is shown in percentages
|rule|Endless Battle Clause: Forcing endless battles is banned
|rule|Species Clause: Limit one of each Pokémon
|rule|OHKO Clause: OHKO moves are banned
|rule|Evasion Items Clause: Evasion items are banned
|rule|Evasion Moves Clause: Evasion moves are banned
|rule|Evasion Abilities Clause: Evasion abilities are banned
|rule|Sleep Moves Clause: Sleep-inducing moves are banned
|clearpoke
|poke|p1|Ribombee, M|
|poke|p1|Gholdengo|
|poke|p1|Dragonite, M|
|poke|p1|Primarina, M|
|poke|p1|Great Tusk|
|poke|p1|Dragapult, M|
|poke|p2|Toxtricity, M|
|poke|p2|Darkrai|
|poke|p2|Samurott-Hisui, M|
|poke|p2|Rillaboom, M|
|poke|p2|Zapdos|
|poke|p2|Hatterene, F|
|teampreview
|
|t:|1760386097
|teamsize|p1|6
|teamsize|p2|6
|start
|switch|p1a: Ribombee|Ribombee, M|100/100
|switch|p2a: Hatterene|Hatterene, F|100/100
|turn|1
|
|t:|1760386108
|move|p1a: Ribombee|Skill Swap|p2a: Hatterene
|-activate|p1a: Ribombee|move: Skill Swap|Magic Bounce|Shield Dust|[of] p2a: Hatterene
|move|p2a: Hatterene|Draining Kiss|p1a: Ribombee
|-crit|p1a: Ribombee
|-damage|p1a: Ribombee|40/100
|
|upkeep
|turn|2
|
|t:|1760386114
|move|p1a: Ribombee|Sticky Web|p2a: Hatterene
|-sidestart|p2: Potential Man|move: Sticky Web
|move|p2a: Hatterene|Draining Kiss|p1a: Ribombee
|-damage|p1a: Ribombee|1/100
|
|upkeep
|turn|3
|
|t:|1760386118
|move|p1a: Ribombee|Stun Spore|p2a: Hatterene
|-status|p2a: Hatterene|par
|cant|p2a: Hatterene|par
|
|upkeep
|turn|4
|
|t:|1760386125
|move|p1a: Ribombee|Psychic Noise|p2a: Hatterene
|-resisted|p2a: Hatterene
|-damage|p2a: Hatterene|90/100 par
|cant|p2a: Hatterene|par
|
|-heal|p2a: Hatterene|96/100 par|[from] item: Leftovers
|upkeep
|turn|5
|
|t:|1760386128
|move|p1a: Ribombee|Psychic Noise|p2a: Hatterene
|-resisted|p2a: Hatterene
|-damage|p2a: Hatterene|85/100 par
|move|p2a: Hatterene|Nuzzle|p1a: Ribombee
|-crit|p1a: Ribombee
|-damage|p1a: Ribombee|0 fnt
|faint|p1a: Ribombee
|
|-heal|p2a: Hatterene|91/100 par|[from] item: Leftovers
|upkeep
|
|t:|1760386134
|switch|p1a: Great Tusk|Great Tusk|100/100
|turn|6
|
|t:|1760386136
|move|p1a: Great Tusk|Stealth Rock|p2a: Hatterene
|-sidestart|p2: Potential Man|move: Stealth Rock
|move|p2a: Hatterene|Psychic Noise|p1a: Great Tusk
|-supereffective|p1a: Great Tusk
|-damage|p1a: Great Tusk|15/100
|-start|p1a: Great Tusk|move: Heal Block
|
|-heal|p2a: Hatterene|97/100 par|[from] item: Leftovers
|upkeep
|turn|7
|
|t:|1760386140
|move|p1a: Great Tusk|Knock Off|p2a: Hatterene
|-damage|p2a: Hatterene|76/100 par
|-enditem|p2a: Hatterene|Leftovers|[from] move: Knock Off|[of] p1a: Great Tusk
|move|p2a: Hatterene|Psychic Noise|p1a: Great Tusk
|-supereffective|p1a: Great Tusk
|-damage|p1a: Great Tusk|0 fnt
|faint|p1a: Great Tusk
|-end|p1a: Great Tusk|Protosynthesis|[silent]
|
|upkeep
|
|t:|1760386150
|switch|p1a: Primarina|Primarina, M|100/100
|turn|8
|
|t:|1760386178
|switch|p2a: Zapdos|Zapdos|100/100
|move|p1a: Primarina|Substitute|p1a: Primarina
|-start|p1a: Primarina|Substitute
|-damage|p1a: Primarina|76/100
|
|-heal|p1a: Primarina|82/100|[from] item: Leftovers
|upkeep
|turn|9
|
|t:|1760386182
|move|p1a: Primarina|Substitute|p1a: Primarina
|-fail|p1a: Primarina|move: Substitute
|move|p2a: Zapdos|Discharge|p1a: Primarina
|-supereffective|p1a: Primarina
|-end|p1a: Primarina|Substitute
|
|-heal|p1a: Primarina|88/100|[from] item: Leftovers
|upkeep
|turn|10
|
|t:|1760386189
|switch|p1a: Dragapult|Dragapult, M|100/100
|move|p2a: Zapdos|Discharge|p1a: Dragapult
|-resisted|p1a: Dragapult
|-damage|p1a: Dragapult|77/100
|
|upkeep
|turn|11
|
|t:|1760386196
|switch|p2a: Samurott|Samurott-Hisui, M, shiny|100/100
|move|p1a: Dragapult|Dragon Darts|p2a: Samurott
|-crit|p2a: Samurott
|-damage|p2a: Samurott|35/100
|-anim|p1a: Dragapult|Dragon Darts|p2a: Samurott
|-damage|p2a: Samurott|0 fnt
|faint|p2a: Samurott
|
|upkeep
|
|t:|1760386198
|switch|p2a: Hatterene|Hatterene, F|76/100 par
|-activate|p2a: Hatterene|move: Sticky Web
|-unboost|p2a: Hatterene|spe|1
|-damage|p2a: Hatterene|64/100 par|[from] Stealth Rock
|turn|12
|
|t:|1760386204
|switch|p1a: Primarina|Primarina, M|88/100
|move|p2a: Hatterene|Nuzzle|p1a: Primarina
|-supereffective|p1a: Primarina
|-damage|p1a: Primarina|77/100
|-status|p1a: Primarina|par
|
|-heal|p1a: Primarina|83/100 par|[from] item: Leftovers
|upkeep
|turn|13
|
|t:|1760386211
|switch|p2a: Zapdos|Zapdos|100/100
|cant|p1a: Primarina|par
|
|-heal|p1a: Primarina|89/100 par|[from] item: Leftovers
|upkeep
|turn|14
|
|t:|1760386216
|move|p2a: Zapdos|Discharge|p1a: Primarina
|-supereffective|p1a: Primarina
|-damage|p1a: Primarina|27/100 par
|move|p1a: Primarina|Moonblast|p2a: Zapdos
|-damage|p2a: Zapdos|70/100
|-unboost|p2a: Zapdos|spa|1
|
|-heal|p1a: Primarina|33/100 par|[from] item: Leftovers
|upkeep
|turn|15
|
|t:|1760386220
|move|p2a: Zapdos|Discharge|p1a: Primarina
|-supereffective|p1a: Primarina
|-damage|p1a: Primarina|0 fnt
|faint|p1a: Primarina
|
|upkeep
|
|t:|1760386230
|switch|p1a: Gholdengo|Gholdengo|100/100
|-item|p1a: Gholdengo|Air Balloon
|turn|16
|
|t:|1760386233
|move|p1a: Gholdengo|Shadow Ball|p2a: Zapdos
|-damage|p2a: Zapdos|38/100
|move|p2a: Zapdos|U-turn|p1a: Gholdengo
|-resisted|p1a: Gholdengo
|-damage|p1a: Gholdengo|97/100
|-enditem|p1a: Gholdengo|Air Balloon
|
|t:|1760386241
|switch|p2a: Bad Amp|Toxtricity, M, shiny|100/100|[from] U-turn
|-activate|p2a: Bad Amp|move: Sticky Web
|-unboost|p2a: Bad Amp|spe|1
|-damage|p2a: Bad Amp|88/100|[from] Stealth Rock
|
|upkeep
|turn|17
|
|t:|1760386245
|move|p1a: Gholdengo|Psyshock|p2a: Bad Amp
|-supereffective|p2a: Bad Amp
|-damage|p2a: Bad Amp|2/100
|move|p2a: Bad Amp|Overdrive|p1a: Gholdengo
|-damage|p1a: Gholdengo|2/100
|
|upkeep
|turn|18
|
|t:|1760386251
|switch|p2a: Darkrai|Darkrai|100/100
|move|p1a: Gholdengo|Shadow Ball|p2a: Darkrai
|-resisted|p2a: Darkrai
|-damage|p2a: Darkrai|72/100
|-unboost|p2a: Darkrai|spd|1
|
|upkeep
|turn|19
|
|t:|1760386255
|move|p2a: Darkrai|Ice Beam|p1a: Gholdengo
|-resisted|p1a: Gholdengo
|-damage|p1a: Gholdengo|0 fnt
|faint|p1a: Gholdengo
|
|upkeep
|
|t:|1760386267
|switch|p1a: Dragapult|Dragapult, M|77/100
|turn|20
|
|t:|1760386273
|switch|p2a: Bad Amp|Toxtricity, M, shiny|2/100
|-activate|p2a: Bad Amp|move: Sticky Web
|-unboost|p2a: Bad Amp|spe|1
|-damage|p2a: Bad Amp|0 fnt|[from] Stealth Rock
|faint|p2a: Bad Amp
|move|p1a: Dragapult|U-turn|p2: Bad Amp|[notarget]
|-fail|p1a: Dragapult
|
|upkeep
|
|t:|1760386278
|switch|p2a: Zapdos|Zapdos|38/100
|turn|21
|
|t:|1760386288
|switch|p1a: Dragonite|Dragonite, M, shiny|100/100
|move|p2a: Zapdos|Roost|p2a: Zapdos
|-heal|p2a: Zapdos|88/100
|-singleturn|p2a: Zapdos|move: Roost
|
|upkeep
|turn|22
|
|t:|1760386293
|move|p1a: Dragonite|Encore|p2a: Zapdos
|-start|p2a: Zapdos|Encore
|move|p2a: Zapdos|Roost|p2a: Zapdos
|-heal|p2a: Zapdos|100/100
|-singleturn|p2a: Zapdos|move: Roost
|
|upkeep
|turn|23
|
|t:|1760386305
|switch|p2a: Rillaboom|Rillaboom, M|100/100
|-activate|p2a: Rillaboom|move: Sticky Web
|-unboost|p2a: Rillaboom|spe|1
|-damage|p2a: Rillaboom|88/100|[from] Stealth Rock
|-fieldstart|move: Grassy Terrain|[from] ability: Grassy Surge|[of] p2a: Rillaboom
|move|p1a: Dragonite|Dragon Dance|p1a: Dragonite
|-boost|p1a: Dragonite|atk|1
|-boost|p1a: Dragonite|spe|1
|
|-heal|p2a: Rillaboom|94/100|[from] Grassy Terrain
|upkeep
|turn|24
|
|t:|1760386309
|-terastallize|p1a: Dragonite|Flying
|move|p1a: Dragonite|Tera Blast|p2a: Rillaboom|[anim] Tera Blast Flying
|-supereffective|p2a: Rillaboom
|-damage|p2a: Rillaboom|0 fnt
|faint|p2a: Rillaboom
|
|upkeep
|
|t:|1760386312
|switch|p2a: Zapdos|Zapdos|100/100
|turn|25
|
|t:|1760386318
|-terastallize|p2a: Zapdos|Steel
|move|p1a: Dragonite|Tera Blast|p2a: Zapdos|[anim] Tera Blast Flying
|-resisted|p2a: Zapdos
|-damage|p2a: Zapdos|58/100
|move|p2a: Zapdos|Discharge|p1a: Dragonite
|-supereffective|p1a: Dragonite
|-crit|p1a: Dragonite
|-damage|p1a: Dragonite|46/100
|
|-heal|p1a: Dragonite|53/100|[from] item: Leftovers
|-heal|p2a: Zapdos|64/100|[from] Grassy Terrain
|upkeep
|turn|26
|inactive|Battle timer is ON: inactive players will automatically lose when time's up. (requested by Potential Man)
|inactive|vghhjg has 120 seconds left.
|
|t:|1760386378
|switch|p1a: Dragapult|Dragapult, M|77/100
|move|p2a: Zapdos|Discharge|p1a: Dragapult
|-resisted|p1a: Dragapult
|-damage|p1a: Dragapult|54/100
|-status|p1a: Dragapult|par
|
|-heal|p2a: Zapdos|70/100|[from] Grassy Terrain
|-heal|p1a: Dragapult|60/100 par|[from] Grassy Terrain
|upkeep
|turn|27
|
|t:|1760386391
|move|p2a: Zapdos|Hurricane|p1a: Dragapult
|-damage|p1a: Dragapult|0 fnt
|faint|p1a: Dragapult
|
|-heal|p2a: Zapdos|76/100|[from] Grassy Terrain
|-fieldend|move: Grassy Terrain
|upkeep
|
|t:|1760386396
|switch|p1a: Dragonite|Dragonite, M, shiny, tera:Flying|53/100
|turn|28
|
|t:|1760386398
|move|p1a: Dragonite|Dragon Dance|p1a: Dragonite
|-boost|p1a: Dragonite|atk|1
|-boost|p1a: Dragonite|spe|1
|move|p2a: Zapdos|Discharge|p1a: Dragonite
|-supereffective|p1a: Dragonite
|-damage|p1a: Dragonite|0 fnt
|faint|p1a: Dragonite
|
|win|Potential Man
|raw|vghhjg's rating: 1596 &rarr; <strong>1576</strong><br />(-20 for losing)
|raw|Potential Man's rating: 1594 &rarr; <strong>1614</strong><br />(+20 for winning)
|c|☆Potential Man|gg!
|c|☆vghhjg|gg wp :D
|l|☆vghhjg
|player|p1|
|l|☆Potential Man
|player|p2|
