|j|‽clodsirebiggestfan
|j|☆drop a baby
|t:|1760450805
|gametype|singles
|player|p1|clodsirebiggestfan|miku-ghost|1769
|player|p2|drop a baby|chase|1859
|gen|9
|tier|[Gen 9] OU
|rated|
|rule|HP Percentage Mod: HP is shown in percentages
|rule|Endless Battle Clause: Forcing endless battles is banned
|rule|Species Clause: Limit one of each Pokémon
|rule|OHKO Clause: OHKO moves are banned
|rule|Evasion Items Clause: Evasion items are banned
|rule|Evasion Moves Clause: Evasion moves are banned
|rule|Evasion Abilities Clause: Evasion abilities are banned
|rule|Sleep Moves Clause: Sleep-inducing moves are banned
|clearpoke
|poke|p1|Kingambit, M|
|poke|p1|Clodsire, F|
|poke|p1|Zamazenta-*|
|poke|p1|Weezing-Galar, F|
|poke|p1|Ogerpon, F|
|poke|p1|Raging Bolt|
|poke|p2|Iron Moth|
|poke|p2|Kingambit, M|
|poke|p2|Dragonite, M|
|poke|p2|Ogerpon-Cornerstone, F|
|poke|p2|Iron Valiant|
|poke|p2|Raging Bolt|
|teampreview
|j| mamay07
|
|t:|1760450830
|teamsize|p1|6
|teamsize|p2|6
|start
|switch|p1a: Ogerpon|Ogerpon, F|100/100
|switch|p2a: Iron Valiant|Iron Valiant|100/100
|-enditem|p2a: Iron Valiant|Booster Energy
|-activate|p2a: Iron Valiant|ability: Quark Drive|[fromitem]
|-start|p2a: Iron Valiant|quarkdrivespe
|turn|1
|
|t:|1760450835
|-terastallize|p1a: Ogerpon|Grass
|detailschange|p1a: Ogerpon|Ogerpon-Teal-Tera, F, tera:Grass
|-ability|p1a: Ogerpon|Embody Aspect (Teal)|boost
|-boost|p1a: Ogerpon|spe|1
|move|p2a: Iron Valiant|Swords Dance|p2a: Iron Valiant
|-boost|p2a: Iron Valiant|atk|2
|move|p1a: Ogerpon|Ivy Cudgel|p2a: Iron Valiant
|-damage|p2a: Iron Valiant|0 fnt
|faint|p2a: Iron Valiant
|-end|p2a: Iron Valiant|Quark Drive|[silent]
|
|upkeep
|inactive|Battle timer is ON: inactive players will automatically lose when time's up. (requested by drop a baby)
|
|t:|1760450842
|switch|p2a: Iron Moth|Iron Moth|100/100
|-enditem|p2a: Iron Moth|Booster Energy
|-activate|p2a: Iron Moth|ability: Quark Drive|[fromitem]
|-start|p2a: Iron Moth|quarkdrivespe
|turn|2
|
|t:|1760450844
|switch|p1a: Clodsire|Clodsire, F|100/100
|-end|p2a: Iron Moth|Quark Drive|[silent]
|switch|p2a: Ogerpon|Ogerpon-Cornerstone, F|100/100
|
|upkeep
|turn|3
|
|t:|1760450848
|switch|p1a: Weezing|Weezing-Galar, F|100/100
|move|p2a: Ogerpon|Ivy Cudgel|p1a: Weezing|[anim] Ivy Cudgel Rock
|-damage|p1a: Weezing|64/100
|
|upkeep
|turn|4
|
|t:|1760450851
|switch|p2a: Iron Moth|Iron Moth|100/100
|move|p1a: Weezing|Flamethrower|p2a: Iron Moth
|-resisted|p2a: Iron Moth
|-damage|p2a: Iron Moth|92/100
|
|upkeep
|turn|5
|j| 3idk
|
|t:|1760450856
|-end|p2a: Iron Moth|Quark Drive|[silent]
|switch|p2a: Ogerpon|Ogerpon-Cornerstone, F|100/100
|switch|p1a: Clodsire|Clodsire, F|100/100
|
|upkeep
|turn|6
|
|t:|1760450859
|switch|p1a: Weezing|Weezing-Galar, F|64/100
|move|p2a: Ogerpon|Swords Dance|p2a: Ogerpon
|-boost|p2a: Ogerpon|atk|2
|
|upkeep
|turn|7
|
|t:|1760450861
|move|p2a: Ogerpon|Ivy Cudgel|p1a: Weezing|[anim] Ivy Cudgel Rock
|-damage|p1a: Weezing|0 fnt
|faint|p1a: Weezing
|
|upkeep
|
|t:|1760450863
|switch|p1a: Zamazenta|Zamazenta|100/100
|-ability|p1a: Zamazenta|Dauntless Shield|boost
|-boost|p1a: Zamazenta|def|1
|turn|8
|
|t:|1760450866
|move|p1a: Zamazenta|Body Press|p2a: Ogerpon
|-supereffective|p2a: Ogerpon
|-ability|p2a: Ogerpon|Sturdy
|-damage|p2a: Ogerpon|1/100
|move|p2a: Ogerpon|Power Whip|p1a: Zamazenta
|-damage|p1a: Zamazenta|28/100
|
|-heal|p1a: Zamazenta|34/100|[from] item: Leftovers
|upkeep
|turn|9
|
|t:|1760450873
|switch|p2a: Iron Moth|Iron Moth|92/100
|move|p1a: Zamazenta|Body Press|p2a: Iron Moth
|-resisted|p2a: Iron Moth
|-damage|p2a: Iron Moth|53/100
|
|-heal|p1a: Zamazenta|40/100|[from] item: Leftovers
|upkeep
|turn|10
|
|t:|1760450878
|move|p1a: Zamazenta|Body Press|p2a: Iron Moth
|-resisted|p2a: Iron Moth
|-damage|p2a: Iron Moth|18/100
|move|p2a: Iron Moth|Dazzling Gleam|p1a: Zamazenta
|-supereffective|p1a: Zamazenta
|-damage|p1a: Zamazenta|0 fnt
|faint|p1a: Zamazenta
|
|upkeep
|l| mamay07
|
|t:|1760450881
|switch|p1a: Clodsire|Clodsire, F|100/100
|turn|11
|
|t:|1760450884
|move|p2a: Iron Moth|Fiery Dance|p1a: Clodsire
|-damage|p1a: Clodsire|80/100
|-boost|p2a: Iron Moth|spa|1
|move|p1a: Clodsire|Stealth Rock|p2a: Iron Moth
|-sidestart|p2: drop a baby|move: Stealth Rock
|
|upkeep
|turn|12
|
|t:|1760450887
|move|p2a: Iron Moth|Fiery Dance|p1a: Clodsire
|-crit|p1a: Clodsire
|-damage|p1a: Clodsire|47/100
|-boost|p2a: Iron Moth|spa|1
|move|p1a: Clodsire|Earthquake|p2a: Iron Moth
|-supereffective|p2a: Iron Moth
|-damage|p2a: Iron Moth|0 fnt
|faint|p2a: Iron Moth
|-end|p2a: Iron Moth|Quark Drive|[silent]
|
|upkeep
|
|t:|1760450892
|switch|p2a: Dragonite|Dragonite, M|100/100
|turn|13
|
|t:|1760450897
|move|p2a: Dragonite|Earthquake|p1a: Clodsire
|-supereffective|p1a: Clodsire
|-damage|p1a: Clodsire|0 fnt
|faint|p1a: Clodsire
|
|upkeep
|
|t:|1760450904
|switch|p1a: Raging Bolt|Raging Bolt|100/100
|turn|14
|
|t:|1760450907
|switch|p2a: Ogerpon|Ogerpon-Cornerstone, F|1/100
|-damage|p2a: Ogerpon|0 fnt|[from] Stealth Rock
|faint|p2a: Ogerpon
|move|p1a: Raging Bolt|Dragon Pulse|p2: Ogerpon|[notarget]
|-fail|p1a: Raging Bolt
|
|upkeep
|
|t:|1760450911
|switch|p2a: Raging Bolt|Raging Bolt|100/100
|-damage|p2a: Raging Bolt|88/100|[from] Stealth Rock
|-enditem|p2a: Raging Bolt|Booster Energy
|-activate|p2a: Raging Bolt|ability: Protosynthesis|[fromitem]
|-start|p2a: Raging Bolt|protosynthesisspa
|turn|15
|
|t:|1760450913
|move|p2a: Raging Bolt|Dragon Pulse|p1a: Raging Bolt
|-supereffective|p1a: Raging Bolt
|-damage|p1a: Raging Bolt|3/100
|move|p1a: Raging Bolt|Dragon Pulse|p2a: Raging Bolt
|-supereffective|p2a: Raging Bolt
|-damage|p2a: Raging Bolt|13/100
|
|-heal|p1a: Raging Bolt|10/100|[from] item: Leftovers
|upkeep
|turn|16
|
|t:|1760450916
|move|p2a: Raging Bolt|Thunderclap|p1a: Raging Bolt
|-resisted|p1a: Raging Bolt
|-damage|p1a: Raging Bolt|0 fnt
|faint|p1a: Raging Bolt
|-end|p1a: Raging Bolt|Protosynthesis|[silent]
|
|upkeep
|
|t:|1760450917
|switch|p1a: Kingambit|Kingambit, M|100/100
|-activate|p1a: Kingambit|ability: Supreme Overlord
|-start|p1a: Kingambit|fallen4|[silent]
|turn|17
|
|t:|1760450920
|move|p2a: Raging Bolt|Thunderclap|p1a: Kingambit
|-damage|p1a: Kingambit|56/100
|move|p1a: Kingambit|Sucker Punch||[still]
|-fail|p1a: Kingambit
|
|-heal|p1a: Kingambit|62/100|[from] item: Leftovers
|upkeep
|turn|18
|
|t:|1760450925
|move|p2a: Raging Bolt|Thunderbolt|p1a: Kingambit
|-damage|p1a: Kingambit|0 fnt
|faint|p1a: Kingambit
|-end|p1a: Kingambit|fallen4|[silent]
|
|upkeep
|
|t:|1760450927
|switch|p1a: Ogerpon|Ogerpon-Teal-Tera, F, tera:Grass|100/100
|-ability|p1a: Ogerpon|Embody Aspect (Teal)|boost
|-boost|p1a: Ogerpon|spe|1
|turn|19
|-message|clodsirebiggestfan forfeited.
|
|win|drop a baby
|raw|clodsirebiggestfan's rating: 1769 &rarr; <strong>1754</strong><br />(-15 for losing)
|raw|drop a baby's rating: 1859 &rarr; <strong>1874</strong><br />(+15 for winning)
|l|‽clodsirebiggestfan
|player|p1|
|l| 3idk
|l|☆drop a baby
|player|p2|
|j|☆drop a baby
|player|p2|drop a baby|chase|
|l|☆drop a baby
|player|p2|
