|j|☆fhfghbffg随便取的
|j|☆henry151th
|t:|1760441063
|gametype|singles
|player|p1|fhfghbffg随便取的|iono|1574
|player|p2|henry151th|wallace|1690
|gen|9
|tier|[Gen 9] OU
|rated|
|rule|HP Percentage Mod: HP is shown in percentages
|rule|Endless Battle Clause: Forcing endless battles is banned
|rule|Species Clause: Limit one of each Pokémon
|rule|OHKO Clause: OHKO moves are banned
|rule|Evasion Items Clause: Evasion items are banned
|rule|Evasion Moves Clause: Evasion moves are banned
|rule|Evasion Abilities Clause: Evasion abilities are banned
|rule|Sleep Moves Clause: Sleep-inducing moves are banned
|clearpoke
|poke|p1|Blaziken, F|
|poke|p1|Grimmsnarl, M|
|poke|p1|Kingambit, F|
|poke|p1|Ogerpon-Wellspring, F|
|poke|p1|Ninetales-Alola, F|
|poke|p1|Kyurem|
|poke|p2|Indeedee, M|
|poke|p2|Hatterene, F|
|poke|p2|Ursaluna, F|
|poke|p2|Iron Hands|
|poke|p2|Hoopa-Unbound|
|poke|p2|Mimikyu, F|
|teampreview
|inactive|Battle timer is ON: inactive players will automatically lose when time's up. (requested by fhfghbffg随便取的)
|
|t:|1760441069
|teamsize|p1|6
|teamsize|p2|6
|start
|switch|p1a: Ninetales|Ninetales-Alola, F|100/100
|switch|p2a: William afton|Iron Hands|100/100
|-weather|Snowscape|[from] ability: Snow Warning|[of] p1a: Ninetales
|-enditem|p2a: William afton|Booster Energy
|-activate|p2a: William afton|ability: Quark Drive|[fromitem]
|-start|p2a: William afton|quarkdriveatk
|turn|1
|
|t:|1760441072
|move|p1a: Ninetales|Aurora Veil|p1a: Ninetales
|-sidestart|p1: fhfghbffg随便取的|move: Aurora Veil
|move|p2a: William afton|Heavy Slam|p1a: Ninetales
|-supereffective|p1a: Ninetales
|-damage|p1a: Ninetales|0 fnt
|faint|p1a: Ninetales
|
|-weather|Snowscape|[upkeep]
|upkeep
|
|t:|1760441084
|switch|p1a: Ogerpon|Ogerpon-Wellspring, F|100/100
|turn|2
|
|t:|1760441087
|move|p1a: Ogerpon|Encore|p2a: William afton
|-start|p2a: William afton|Encore
|move|p2a: William afton|Heavy Slam|p1a: Ogerpon
|-resisted|p1a: Ogerpon
|-damage|p1a: Ogerpon|80/100
|
|-weather|Snowscape|[upkeep]
|upkeep
|turn|3
|
|t:|1760441091
|-end|p2a: William afton|Quark Drive|[silent]
|switch|p2a: Charlie|Indeedee, M, shiny|100/100
|-fieldstart|move: Psychic Terrain|[from] ability: Psychic Surge|[of] p2a: Charlie
|move|p1a: Ogerpon|Swords Dance|p1a: Ogerpon
|-boost|p1a: Ogerpon|atk|2
|
|-weather|Snowscape|[upkeep]
|upkeep
|turn|4
|
|t:|1760441096
|move|p1a: Ogerpon|Ivy Cudgel|p2a: Charlie|[anim] Ivy Cudgel Water
|-damage|p2a: Charlie|0 fnt
|faint|p2a: Charlie
|
|-weather|Snowscape|[upkeep]
|upkeep
|
|t:|1760441102
|switch|p2a: Mommy|Mimikyu, F, shiny|100/100
|turn|5
|
|t:|1760441108
|move|p1a: Ogerpon|Horn Leech|p2a: Mommy
|-activate|p2a: Mommy|ability: Disguise
|-damage|p2a: Mommy|100/100
|detailschange|p2a: Mommy|Mimikyu-Busted, F, shiny
|-damage|p2a: Mommy|88/100|[from] pokemon: Mimikyu-Busted
|-enditem|p2a: Mommy|Red Card|[of] p1a: Ogerpon
|drag|p1a: Blaziken|Blaziken, F|100/100
|move|p2a: Mommy|Trick Room|p2a: Mommy
|-fieldstart|move: Trick Room|[of] p2a: Mommy
|
|-weather|none
|upkeep
|turn|6
|
|t:|1760441120
|switch|p2a: Fweedy|Ursaluna, F, shiny|100/100
|move|p1a: Blaziken|Swords Dance|p1a: Blaziken
|-boost|p1a: Blaziken|atk|2
|
|-status|p2a: Fweedy|brn|[from] item: Flame Orb
|-ability|p1a: Blaziken|Speed Boost|boost
|-boost|p1a: Blaziken|spe|1
|upkeep
|turn|7
|
|t:|1760441128
|-terastallize|p2a: Fweedy|Normal
|move|p2a: Fweedy|Facade|p1a: Blaziken
|-damage|p1a: Blaziken|0 fnt
|faint|p1a: Blaziken
|
|-damage|p2a: Fweedy|94/100 brn|[from] brn
|upkeep
|
|t:|1760441138
|switch|p1a: Kyurem|Kyurem|100/100
|-ability|p1a: Kyurem|Pressure
|turn|8
|
|t:|1760441148
|move|p2a: Fweedy|Facade|p1a: Kyurem
|-damage|p1a: Kyurem|8/100
|move|p1a: Kyurem|Earth Power|p2a: Fweedy
|-damage|p2a: Fweedy|66/100 brn
|
|-heal|p1a: Kyurem|14/100|[from] item: Leftovers
|-damage|p2a: Fweedy|59/100 brn|[from] brn
|-sideend|p1: fhfghbffg随便取的|move: Aurora Veil
|upkeep
|turn|9
|
|t:|1760441153
|move|p2a: Fweedy|Facade|p1a: Kyurem
|-damage|p1a: Kyurem|0 fnt
|faint|p1a: Kyurem
|
|-damage|p2a: Fweedy|53/100 brn|[from] brn
|-fieldend|move: Trick Room
|upkeep
|
|t:|1760441159
|switch|p1a: Grimmsnarl|Grimmsnarl, M|100/100
|turn|10
|
|t:|1760441161
|move|p1a: Grimmsnarl|Reflect|p1a: Grimmsnarl
|-sidestart|p1: fhfghbffg随便取的|Reflect
|move|p2a: Fweedy|Facade|p1a: Grimmsnarl
|-damage|p1a: Grimmsnarl|0 fnt
|faint|p1a: Grimmsnarl
|
|-damage|p2a: Fweedy|47/100 brn|[from] brn
|-fieldend|move: Psychic Terrain
|upkeep
|
|t:|1760441166
|switch|p1a: Ogerpon|Ogerpon-Wellspring, F|80/100
|turn|11
|
|t:|1760441171
|move|p1a: Ogerpon|Ivy Cudgel|p2a: Fweedy|[anim] Ivy Cudgel Water
|-damage|p2a: Fweedy|3/100 brn
|move|p2a: Fweedy|Facade|p1a: Ogerpon
|-damage|p1a: Ogerpon|0 fnt
|faint|p1a: Ogerpon
|
|-damage|p2a: Fweedy|0 fnt|[from] brn
|faint|p2a: Fweedy
|upkeep
|
|t:|1760441176
|switch|p1a: Kingambit|Kingambit, F|100/100
|switch|p2a: William afton|Iron Hands|100/100
|-activate|p1a: Kingambit|ability: Supreme Overlord
|-start|p1a: Kingambit|fallen5|[silent]
|-item|p1a: Kingambit|Air Balloon
|turn|12
|
|t:|1760441181
|-terastallize|p1a: Kingambit|Fairy
|move|p1a: Kingambit|Swords Dance|p1a: Kingambit
|-boost|p1a: Kingambit|atk|2
|move|p2a: William afton|Close Combat|p1a: Kingambit
|-resisted|p1a: Kingambit
|-damage|p1a: Kingambit|85/100
|-unboost|p2a: William afton|def|1
|-unboost|p2a: William afton|spd|1
|-enditem|p1a: Kingambit|Air Balloon
|
|upkeep
|turn|13
|
|t:|1760441189
|-end|p2a: William afton|Quark Drive|[silent]
|switch|p2a: Mommy|Mimikyu-Busted, F, shiny|88/100
|move|p1a: Kingambit|Iron Head|p2a: Mommy
|-supereffective|p2a: Mommy
|-damage|p2a: Mommy|0 fnt
|faint|p2a: Mommy
|
|upkeep
|
|t:|1760441191
|switch|p2a: William afton|Iron Hands|100/100
|turn|14
|
|t:|1760441193
|move|p1a: Kingambit|Iron Head|p2a: William afton
|-resisted|p2a: William afton
|-damage|p2a: William afton|52/100
|move|p2a: William afton|Heavy Slam|p1a: Kingambit
|-supereffective|p1a: Kingambit
|-damage|p1a: Kingambit|60/100
|
|upkeep
|turn|15
|
|t:|1760441202
|move|p1a: Kingambit|Kowtow Cleave|p2a: William afton
|-resisted|p2a: William afton
|-damage|p2a: William afton|6/100
|move|p2a: William afton|Heavy Slam|p1a: Kingambit
|-supereffective|p1a: Kingambit
|-damage|p1a: Kingambit|31/100
|
|upkeep
|turn|16
|
|t:|1760441207
|move|p1a: Kingambit|Iron Head|p2a: William afton
|-resisted|p2a: William afton
|-damage|p2a: William afton|0 fnt
|faint|p2a: William afton
|-end|p2a: William afton|Quark Drive|[silent]
|
|upkeep
|
|t:|1760441210
|switch|p2a: Springtrap|Hoopa-Unbound|100/100
|turn|17
|
|t:|1760441212
|move|p1a: Kingambit|Sucker Punch||[still]
|-fail|p1a: Kingambit
|move|p2a: Springtrap|Trick Room|p2a: Springtrap
|-fieldstart|move: Trick Room|[of] p2a: Springtrap
|
|-sideend|p1: fhfghbffg随便取的|Reflect
|upkeep
|turn|18
|
|t:|1760441217
|move|p1a: Kingambit|Sucker Punch|p2a: Springtrap
|-damage|p2a: Springtrap|0 fnt
|faint|p2a: Springtrap
|
|upkeep
|
|t:|1760441219
|switch|p2a: Aftons wife|Hatterene, F, shiny|100/100
|turn|19
|
|t:|1760441223
|move|p1a: Kingambit|Sucker Punch|p2a: Aftons wife
|-damage|p2a: Aftons wife|0 fnt
|faint|p2a: Aftons wife
|
|win|fhfghbffg随便取的
|raw|fhfghbffg随便取的's rating: 1574 &rarr; <strong>1600</strong><br />(+26 for winning)
|raw|henry151th's rating: 1690 &rarr; <strong>1664</strong><br />(-26 for losing)
|l|☆fhfghbffg随便取的
|player|p1|
