|j|☆texett
|j|☆drop a baby
|t:|1760393736
|gametype|singles
|player|p1|texett|lady|1534
|player|p2|drop a baby|chase|1666
|gen|9
|tier|[Gen 9] OU
|rated|
|rule|HP Percentage Mod: HP is shown in percentages
|rule|Endless Battle Clause: Forcing endless battles is banned
|rule|Species Clause: Limit one of each Pokémon
|rule|OHKO Clause: OHKO moves are banned
|rule|Evasion Items Clause: Evasion items are banned
|rule|Evasion Moves Clause: Evasion moves are banned
|rule|Evasion Abilities Clause: Evasion abilities are banned
|rule|Sleep Moves Clause: Sleep-inducing moves are banned
|clearpoke
|poke|p1|Diancie|
|poke|p1|Ninetales-Alola, F|
|poke|p1|Hatterene, F|
|poke|p1|Ceruledge, M|
|poke|p1|Dragonite, M|
|poke|p1|Great Tusk|
|poke|p2|Ninetales, F|
|poke|p2|Ceruledge, M|
|poke|p2|Walking Wake|
|poke|p2|Venusaur, M|
|poke|p2|Hatterene, F|
|poke|p2|Great Tusk|
|teampreview
|inactive|Battle timer is ON: inactive players will automatically lose when time's up. (requested by texett)
|
|t:|1760393744
|teamsize|p1|6
|teamsize|p2|6
|start
|switch|p1a: Ninetales|Ninetales-Alola, F, shiny|100/100
|switch|p2a: Walking Wake|Walking Wake|100/100
|-weather|Snowscape|[from] ability: Snow Warning|[of] p1a: Ninetales
|turn|1
|
|t:|1760393747
|-end|p2a: Walking Wake|Protosynthesis|[silent]
|switch|p2a: Ninetales|Ninetales, F|100/100
|-weather|SunnyDay|[from] ability: Drought|[of] p2a: Ninetales
|move|p1a: Ninetales|Aurora Veil||[still]
|-fail|p1a: Ninetales
|
|-weather|SunnyDay|[upkeep]
|upkeep
|turn|2
|
|t:|1760393754
|switch|p2a: Walking Wake|Walking Wake|100/100
|-activate|p2a: Walking Wake|ability: Protosynthesis
|-start|p2a: Walking Wake|protosynthesisspa
|move|p1a: Ninetales|Snowscape|p1a: Ninetales
|-weather|Snowscape
|-end|p2a: Walking Wake|Protosynthesis
|
|-weather|Snowscape|[upkeep]
|upkeep
|turn|3
|
|t:|1760393757
|-end|p2a: Walking Wake|Protosynthesis|[silent]
|switch|p2a: Ninetales|Ninetales, F|100/100
|-weather|SunnyDay|[from] ability: Drought|[of] p2a: Ninetales
|move|p1a: Ninetales|Aurora Veil||[still]
|-fail|p1a: Ninetales
|
|-weather|SunnyDay|[upkeep]
|upkeep
|turn|4
|
|t:|1760393759
|move|p1a: Ninetales|Snowscape|p1a: Ninetales
|-weather|Snowscape
|move|p2a: Ninetales|Encore|p1a: Ninetales
|-start|p1a: Ninetales|Encore
|
|-weather|Snowscape|[upkeep]
|upkeep
|turn|5
|
|t:|1760393769
|switch|p1a: Ceruledge|Ceruledge, M, shiny|100/100
|switch|p2a: Walking Wake|Walking Wake|100/100
|
|-weather|Snowscape|[upkeep]
|upkeep
|turn|6
|
|t:|1760393774
|move|p2a: Walking Wake|Hydro Steam|p1a: Ceruledge
|-supereffective|p1a: Ceruledge
|-enditem|p1a: Ceruledge|Focus Sash
|-damage|p1a: Ceruledge|1/100
|move|p1a: Ceruledge|Poltergeist|p2a: Walking Wake
|-activate|p2a: Walking Wake|move: Poltergeist|Choice Specs
|-damage|p2a: Walking Wake|40/100
|
|-weather|Snowscape|[upkeep]
|upkeep
|turn|7
|
|t:|1760393780
|switch|p1a: Dragonite|Dragonite, M, shiny|100/100
|move|p2a: Walking Wake|Hydro Steam|p1a: Dragonite
|-resisted|p1a: Dragonite
|-damage|p1a: Dragonite|83/100
|
|-weather|Snowscape|[upkeep]
|upkeep
|turn|8
|
|t:|1760393783
|-end|p2a: Walking Wake|Protosynthesis|[silent]
|switch|p2a: Great Tusk|Great Tusk|100/100
|move|p1a: Dragonite|Dragon Dance|p1a: Dragonite
|-boost|p1a: Dragonite|atk|1
|-boost|p1a: Dragonite|spe|1
|
|-weather|none
|upkeep
|turn|9
|
|t:|1760393786
|switch|p1a: Hatterene|Hatterene, F, shiny|100/100
|move|p2a: Great Tusk|Ice Spinner|p1a: Hatterene
|-damage|p1a: Hatterene|83/100
|-enditem|p1a: Hatterene|Eject Button
|
|t:|1760393791
|switch|p1a: Ninetales|Ninetales-Alola, F, shiny|100/100
|-weather|Snowscape|[from] ability: Snow Warning|[of] p1a: Ninetales
|
|-weather|Snowscape|[upkeep]
|upkeep
|turn|10
|
|t:|1760393812
|move|p1a: Ninetales|Encore|p2a: Great Tusk
|-start|p2a: Great Tusk|Encore
|move|p2a: Great Tusk|Ice Spinner|p1a: Ninetales
|-resisted|p1a: Ninetales
|-damage|p1a: Ninetales|90/100
|
|-weather|Snowscape|[upkeep]
|upkeep
|turn|11
|
|t:|1760393821
|-end|p2a: Great Tusk|Protosynthesis|[silent]
|switch|p2a: Ninetales|Ninetales, F|100/100
|-weather|SunnyDay|[from] ability: Drought|[of] p2a: Ninetales
|move|p1a: Ninetales|Snowscape|p1a: Ninetales
|-weather|Snowscape
|
|-weather|Snowscape|[upkeep]
|upkeep
|turn|12
|
|t:|1760393827
|move|p1a: Ninetales|Aurora Veil|p1a: Ninetales
|-sidestart|p1: texett|move: Aurora Veil
|move|p2a: Ninetales|Will-O-Wisp|p1a: Ninetales
|-status|p1a: Ninetales|brn
|
|-weather|Snowscape|[upkeep]
|-damage|p1a: Ninetales|84/100 brn|[from] brn
|upkeep
|turn|13
|
|t:|1760393835
|switch|p1a: Ceruledge|Ceruledge, M, shiny|1/100
|move|p2a: Ninetales|Will-O-Wisp|p1a: Ceruledge|[miss]
|-miss|p2a: Ninetales|p1a: Ceruledge
|
|-weather|Snowscape|[upkeep]
|upkeep
|turn|14
|
|t:|1760393840
|move|p2a: Ninetales|Weather Ball|p1a: Ceruledge
|-resisted|p1a: Ceruledge
|-damage|p1a: Ceruledge|0 fnt
|faint|p1a: Ceruledge
|
|-weather|Snowscape|[upkeep]
|upkeep
|
|t:|1760393846
|switch|p1a: Diancie|Diancie, shiny|100/100
|turn|15
|
|t:|1760393864
|switch|p2a: Walking Wake|Walking Wake|40/100
|move|p1a: Diancie|Rock Polish|p1a: Diancie
|-boost|p1a: Diancie|spe|2
|
|-weather|none
|upkeep
|turn|16
|
|t:|1760393867
|move|p1a: Diancie|Diamond Storm|p2a: Walking Wake
|-damage|p2a: Walking Wake|8/100
|-boost|p1a: Diancie|def|2
|move|p2a: Walking Wake|Hydro Steam|p1a: Diancie
|-supereffective|p1a: Diancie
|-damage|p1a: Diancie|55/100
|-enditem|p1a: Diancie|Weakness Policy
|-boost|p1a: Diancie|atk|2|[from] item: Weakness Policy
|-boost|p1a: Diancie|spa|2|[from] item: Weakness Policy
|
|upkeep
|turn|17
|
|t:|1760393876
|-end|p2a: Walking Wake|Protosynthesis|[silent]
|switch|p2a: Hatterene|Hatterene, F|100/100
|move|p1a: Diancie|Diamond Storm|p2a: Hatterene
|-damage|p2a: Hatterene|47/100
|-enditem|p2a: Hatterene|Eject Button
|
|t:|1760393886
|switch|p2a: Ninetales|Ninetales, F|100/100
|-weather|SunnyDay|[from] ability: Drought|[of] p2a: Ninetales
|
|-weather|SunnyDay|[upkeep]
|upkeep
|turn|18
|
|t:|1760393896
|switch|p2a: Walking Wake|Walking Wake|8/100
|-activate|p2a: Walking Wake|ability: Protosynthesis
|-start|p2a: Walking Wake|protosynthesisspa
|move|p1a: Diancie|Stored Power|p2a: Walking Wake
|-damage|p2a: Walking Wake|0 fnt
|faint|p2a: Walking Wake
|-end|p2a: Walking Wake|Protosynthesis|[silent]
|
|-weather|SunnyDay|[upkeep]
|upkeep
|
|t:|1760393898
|switch|p2a: Hatterene|Hatterene, F|47/100
|turn|19
|
|t:|1760393912
|-terastallize|p1a: Diancie|Electric
|move|p1a: Diancie|Rock Polish|p1a: Diancie
|-boost|p1a: Diancie|spe|2
|move|p2a: Hatterene|Nuzzle|p1a: Diancie
|-resisted|p1a: Diancie
|-damage|p1a: Diancie|54/100
|
|-weather|SunnyDay|[upkeep]
|-sideend|p1: texett|move: Aurora Veil
|upkeep
|turn|20
|
|t:|1760393920
|move|p1a: Diancie|Stored Power|p2a: Hatterene
|-resisted|p2a: Hatterene
|-damage|p2a: Hatterene|0 fnt
|faint|p2a: Hatterene
|
|-weather|SunnyDay|[upkeep]
|upkeep
|
|t:|1760393926
|switch|p2a: Ceruledge|Ceruledge, M|100/100
|turn|21
|
|t:|1760393930
|move|p1a: Diancie|Diamond Storm|p2a: Ceruledge
|-supereffective|p2a: Ceruledge
|-damage|p2a: Ceruledge|0 fnt
|-boost|p1a: Diancie|def|2
|faint|p2a: Ceruledge
|
|-weather|SunnyDay|[upkeep]
|upkeep
|
|t:|1760393932
|switch|p2a: Venusaur|Venusaur, M|100/100
|turn|22
|
|t:|1760393942
|move|p1a: Diancie|Stored Power|p2a: Venusaur
|-supereffective|p2a: Venusaur
|-damage|p2a: Venusaur|0 fnt
|faint|p2a: Venusaur
|
|-weather|SunnyDay|[upkeep]
|upkeep
|
|t:|1760393944
|switch|p2a: Ninetales|Ninetales, F|100/100
|turn|23
|
|t:|1760393950
|move|p1a: Diancie|Diamond Storm|p2a: Ninetales
|-supereffective|p2a: Ninetales
|-damage|p2a: Ninetales|0 fnt
|-boost|p1a: Diancie|def|2
|faint|p2a: Ninetales
|
|-weather|SunnyDay|[upkeep]
|upkeep
|
|t:|1760393952
|switch|p2a: Great Tusk|Great Tusk|100/100
|-activate|p2a: Great Tusk|ability: Protosynthesis
|-start|p2a: Great Tusk|protosynthesisspe
|turn|24
|
|t:|1760393959
|move|p1a: Diancie|Stored Power|p2a: Great Tusk
|-supereffective|p2a: Great Tusk
|-crit|p2a: Great Tusk
|-damage|p2a: Great Tusk|0 fnt
|faint|p2a: Great Tusk
|-end|p2a: Great Tusk|Protosynthesis|[silent]
|
|win|texett
|raw|texett's rating: 1534 &rarr; <strong>1561</strong><br />(+27 for winning)
|raw|drop a baby's rating: 1666 &rarr; <strong>1639</strong><br />(-27 for losing)
|l|☆drop a baby
|player|p2|
|l|☆texett
|player|p1|
