|j|☆GlormbusTemples
|j|☆Perfect Legend23
|t:|1760459826
|gametype|singles
|player|p1|GlormbusTemples|pokekid|1250
|player|p2|Perfect Legend23|tuber|1235
|gen|9
|tier|[Gen 9] OU
|rated|
|rule|HP Percentage Mod: HP is shown in percentages
|rule|Endless Battle Clause: Forcing endless battles is banned
|rule|Species Clause: Limit one of each Pokémon
|rule|OHKO Clause: OHKO moves are banned
|rule|Evasion Items Clause: Evasion items are banned
|rule|Evasion Moves Clause: Evasion moves are banned
|rule|Evasion Abilities Clause: Evasion abilities are banned
|rule|Sleep Moves Clause: Sleep-inducing moves are banned
|clearpoke
|poke|p1|Zapdos|
|poke|p1|Slowking-Galar, F|
|poke|p1|Jirachi|
|poke|p1|Landorus-Therian, M|
|poke|p1|Alomomola, M|
|poke|p1|Kingambit, F|
|poke|p2|Cinderace, M|
|poke|p2|Greninja-*, M|
|poke|p2|Meowscarada, M|
|poke|p2|Pecharunt|
|poke|p2|Iron Treads|
|poke|p2|Zamazenta-*|
|teampreview
|
|t:|1760459841
|teamsize|p1|6
|teamsize|p2|6
|start
|switch|p1a: Landorus|Landorus-Therian, M|100/100
|switch|p2a: Strider|Greninja, M, shiny|100/100
|-ability|p1a: Landorus|Intimidate|boost
|-unboost|p2a: Strider|atk|1
|turn|1
|
|t:|1760459844
|switch|p1a: Alomomola|Alomomola, M|100/100
|move|p2a: Strider|Ice Beam|p1a: Alomomola
|-start|p2a: Strider|typechange|Ice|[from] ability: Protean
|-resisted|p1a: Alomomola
|-damage|p1a: Alomomola|79/100
|
|upkeep
|turn|2
|
|t:|1760459853
|switch|p2a: T'Challa|Meowscarada, M, shiny|100/100
|move|p1a: Alomomola|Flip Turn|p2a: T'Challa
|-resisted|p2a: T'Challa
|-damage|p2a: T'Challa|88/100
|-enditem|p2a: T'Challa|Eject Button
|
|t:|1760459867
|switch|p2a: Strider|Greninja, M, shiny|100/100
|
|upkeep
|turn|3
|
|t:|1760459880
|move|p1a: Alomomola|Protect|p1a: Alomomola
|-singleturn|p1a: Alomomola|Protect
|move|p2a: Strider|Sludge Wave|p1a: Alomomola
|-start|p2a: Strider|typechange|Poison|[from] ability: Protean
|-activate|p1a: Alomomola|move: Protect
|
|upkeep
|turn|4
|
|t:|1760459888
|switch|p1a: Slowking|Slowking-Galar, F|100/100
|move|p2a: Strider|Sludge Wave|p1a: Slowking
|-resisted|p1a: Slowking
|-damage|p1a: Slowking|87/100
|
|upkeep
|turn|5
|
|t:|1760459902
|move|p2a: Strider|Dark Pulse|p1a: Slowking
|-supereffective|p1a: Slowking
|-damage|p1a: Slowking|51/100
|move|p1a: Slowking|Thunder Wave|p2a: Strider
|-status|p2a: Strider|par
|
|upkeep
|turn|6
|
|t:|1760459910
|switch|p1a: Alomomola|Alomomola, M|100/100
|cant|p2a: Strider|par
|
|upkeep
|turn|7
|
|t:|1760459915
|switch|p1a: Slowking|Slowking-Galar, F|84/100
|cant|p2a: Strider|par
|
|upkeep
|turn|8
|
|t:|1760459924
|move|p2a: Strider|Dark Pulse|p1a: Slowking
|-supereffective|p1a: Slowking
|-damage|p1a: Slowking|53/100
|move|p1a: Slowking|Psychic Noise|p2a: Strider
|-supereffective|p2a: Strider
|-damage|p2a: Strider|7/100 par
|-start|p2a: Strider|move: Heal Block
|
|upkeep
|turn|9
|
|t:|1760459933
|switch|p1a: Kingambit|Kingambit, F|100/100
|move|p2a: Strider|Dark Pulse|p1a: Kingambit
|-resisted|p1a: Kingambit
|-damage|p1a: Kingambit|86/100
|
|-heal|p1a: Kingambit|92/100|[from] item: Leftovers
|-end|p2a: Strider|move: Heal Block
|upkeep
|turn|10
|
|t:|1760459941
|move|p1a: Kingambit|Kowtow Cleave|p2a: Strider
|-damage|p2a: Strider|0 fnt
|faint|p2a: Strider
|
|-heal|p1a: Kingambit|98/100|[from] item: Leftovers
|upkeep
|
|t:|1760459949
|switch|p2a: Mbappé|Cinderace, M, shiny|100/100
|turn|11
|
|t:|1760459959
|-end|p1a: Kingambit|fallenundefined|[silent]
|switch|p1a: Alomomola|Alomomola, M|100/100
|move|p2a: Mbappé|Pyro Ball|p1a: Alomomola
|-resisted|p1a: Alomomola
|-damage|p1a: Alomomola|84/100
|
|upkeep
|turn|12
|
|t:|1760459967
|move|p2a: Mbappé|U-turn|p1a: Alomomola
|-start|p2a: Mbappé|typechange|Bug|[from] ability: Libero
|-damage|p1a: Alomomola|66/100
|
|t:|1760459974
|switch|p2a: T'Challa|Meowscarada, M, shiny|88/100|[from] U-turn
|move|p1a: Alomomola|Flip Turn|p2a: T'Challa
|-resisted|p2a: T'Challa
|-damage|p2a: T'Challa|76/100
|
|t:|1760459987
|switch|p1a: Landorus|Landorus-Therian, M|100/100|[from] Flip Turn
|-ability|p1a: Landorus|Intimidate|boost
|-unboost|p2a: T'Challa|atk|1
|
|upkeep
|turn|13
|
|t:|1760460002
|switch|p2a: Roomba|Iron Treads, shiny|100/100
|-item|p2a: Roomba|Air Balloon
|switch|p1a: Zapdos|Zapdos|100/100
|
|upkeep
|turn|14
|
|t:|1760460012
|move|p2a: Roomba|Stealth Rock|p1a: Zapdos
|-sidestart|p1: GlormbusTemples|move: Stealth Rock
|move|p1a: Zapdos|Substitute|p1a: Zapdos
|-start|p1a: Zapdos|Substitute
|-damage|p1a: Zapdos|76/100
|
|upkeep
|turn|15
|
|t:|1760460017
|move|p2a: Roomba|Ice Spinner|p1a: Zapdos
|-supereffective|p1a: Zapdos
|-end|p1a: Zapdos|Substitute
|move|p1a: Zapdos|Hurricane|p2a: Roomba
|-resisted|p2a: Roomba
|-damage|p2a: Roomba|68/100
|-start|p2a: Roomba|confusion
|-enditem|p2a: Roomba|Air Balloon
|
|upkeep
|turn|16
|
|t:|1760460026
|-activate|p2a: Roomba|confusion
|-damage|p2a: Roomba|57/100|[from] confusion
|move|p1a: Zapdos|Substitute|p1a: Zapdos
|-start|p1a: Zapdos|Substitute
|-damage|p1a: Zapdos|51/100
|
|upkeep
|turn|17
|
|t:|1760460031
|-activate|p2a: Roomba|confusion
|move|p2a: Roomba|Ice Spinner|p1a: Zapdos
|-supereffective|p1a: Zapdos
|-end|p1a: Zapdos|Substitute
|move|p1a: Zapdos|Roost|p1a: Zapdos
|-heal|p1a: Zapdos|100/100
|-singleturn|p1a: Zapdos|move: Roost
|
|upkeep
|turn|18
|
|t:|1760460039
|-end|p2a: Roomba|confusion
|move|p2a: Roomba|Ice Spinner|p1a: Zapdos
|-supereffective|p1a: Zapdos
|-damage|p1a: Zapdos|66/100
|move|p1a: Zapdos|Hurricane|p2a: Roomba
|-resisted|p2a: Roomba
|-damage|p2a: Roomba|24/100
|
|upkeep
|turn|19
|
|t:|1760460046
|move|p2a: Roomba|Ice Spinner|p1a: Zapdos
|-supereffective|p1a: Zapdos
|-damage|p1a: Zapdos|27/100
|move|p1a: Zapdos|Roost|p1a: Zapdos
|-heal|p1a: Zapdos|77/100
|-singleturn|p1a: Zapdos|move: Roost
|
|upkeep
|turn|20
|
|t:|1760460055
|move|p2a: Roomba|Ice Spinner|p1a: Zapdos
|-supereffective|p1a: Zapdos
|-damage|p1a: Zapdos|38/100
|-status|p2a: Roomba|par|[from] ability: Static|[of] p1a: Zapdos
|move|p1a: Zapdos|Roost|p1a: Zapdos
|-heal|p1a: Zapdos|88/100
|-singleturn|p1a: Zapdos|move: Roost
|
|upkeep
|turn|21
|
|t:|1760460064
|switch|p1a: Alomomola|Alomomola, M|99/100
|move|p2a: Roomba|Ice Spinner|p1a: Alomomola
|-resisted|p1a: Alomomola
|-damage|p1a: Alomomola|93/100
|
|upkeep
|turn|22
|
|t:|1760460070
|-end|p2a: Roomba|Quark Drive|[silent]
|switch|p2a: Fetty Wap on JBLs|Pecharunt|100/100
|move|p1a: Alomomola|Flip Turn|p2a: Fetty Wap on JBLs
|-damage|p2a: Fetty Wap on JBLs|89/100
|
|t:|1760460079
|switch|p1a: Landorus|Landorus-Therian, M|100/100|[from] Flip Turn
|-damage|p1a: Landorus|88/100|[from] Stealth Rock
|-ability|p1a: Landorus|Intimidate|boost
|-unboost|p2a: Fetty Wap on JBLs|atk|1
|
|upkeep
|turn|23
|
|t:|1760460086
|switch|p2a: Roomba|Iron Treads, shiny|24/100 par
|move|p1a: Landorus|Earth Power|p2a: Roomba
|-supereffective|p2a: Roomba
|-damage|p2a: Roomba|0 fnt
|faint|p2a: Roomba
|-end|p2a: Roomba|Quark Drive|[silent]
|
|upkeep
|
|t:|1760460095
|switch|p2a: T'Challa|Meowscarada, M, shiny|76/100
|turn|24
|
|t:|1760460116
|switch|p1a: Alomomola|Alomomola, M|100/100
|move|p2a: T'Challa|Knock Off|p1a: Alomomola
|-start|p2a: T'Challa|typechange|Dark|[from] ability: Protean
|-damage|p1a: Alomomola|74/100
|-enditem|p1a: Alomomola|Heavy-Duty Boots|[from] move: Knock Off|[of] p2a: T'Challa
|
|upkeep
|turn|25
|
|t:|1760460126
|switch|p1a: Zapdos|Zapdos|88/100
|move|p2a: T'Challa|Flower Trick|p1a: Zapdos
|-resisted|p1a: Zapdos
|-crit|p1a: Zapdos
|-damage|p1a: Zapdos|77/100
|
|upkeep
|turn|26
|
|t:|1760460134
|switch|p2a: Fetty Wap on JBLs|Pecharunt|89/100
|move|p1a: Zapdos|Discharge|p2a: Fetty Wap on JBLs
|-damage|p2a: Fetty Wap on JBLs|64/100
|
|upkeep
|turn|27
|
|t:|1760460140
|switch|p1a: Slowking|Slowking-Galar, F|86/100
|move|p2a: Fetty Wap on JBLs|Malignant Chain|p1a: Slowking
|-resisted|p1a: Slowking
|-damage|p1a: Slowking|76/100
|
|upkeep
|turn|28
|
|t:|1760460152
|move|p2a: Fetty Wap on JBLs|Parting Shot|p1a: Slowking
|-unboost|p1a: Slowking|atk|1
|-unboost|p1a: Slowking|spa|1
|
|t:|1760460156
|switch|p2a: T'Challa|Meowscarada, M, shiny|76/100|[from] Parting Shot
|move|p1a: Slowking|Thunder Wave|p2a: T'Challa
|-status|p2a: T'Challa|par
|
|upkeep
|turn|29
|
|t:|1760460172
|switch|p1a: Zapdos|Zapdos|77/100
|move|p2a: T'Challa|Knock Off|p1a: Zapdos
|-start|p2a: T'Challa|typechange|Dark|[from] ability: Protean
|-damage|p1a: Zapdos|43/100
|-enditem|p1a: Zapdos|Heavy-Duty Boots|[from] move: Knock Off|[of] p2a: T'Challa
|
|upkeep
|turn|30
|
|t:|1760460195
|switch|p2a: Fido|Zamazenta, shiny|100/100
|-ability|p2a: Fido|Dauntless Shield|boost
|-boost|p2a: Fido|def|1
|move|p1a: Zapdos|Roost|p1a: Zapdos
|-heal|p1a: Zapdos|93/100
|-singleturn|p1a: Zapdos|move: Roost
|
|upkeep
|turn|31
|
|t:|1760460203
|move|p2a: Fido|Stone Edge|p1a: Zapdos|[miss]
|-miss|p2a: Fido|p1a: Zapdos
|move|p1a: Zapdos|Discharge|p2a: Fido
|-damage|p2a: Fido|82/100
|-status|p2a: Fido|par
|
|upkeep
|turn|32
|
|t:|1760460211
|move|p1a: Zapdos|Substitute|p1a: Zapdos
|-start|p1a: Zapdos|Substitute
|-damage|p1a: Zapdos|68/100
|cant|p2a: Fido|par
|
|upkeep
|turn|33
|
|t:|1760460218
|move|p1a: Zapdos|Hurricane|p2a: Fido
|-supereffective|p2a: Fido
|-damage|p2a: Fido|31/100 par
|-start|p2a: Fido|confusion
|-activate|p2a: Fido|confusion
|cant|p2a: Fido|par
|
|upkeep
|turn|34
|
|t:|1760460226
|move|p1a: Zapdos|Hurricane|p2a: Fido
|-supereffective|p2a: Fido
|-damage|p2a: Fido|0 fnt
|faint|p2a: Fido
|
|upkeep
|c|☆Perfect Legend23|god damn it
|-message|Perfect Legend23 forfeited.
|
|win|GlormbusTemples
|raw|GlormbusTemples's rating: 1250 &rarr; <strong>1274</strong><br />(+24 for winning)
|raw|Perfect Legend23's rating: 1235 &rarr; <strong>1211</strong><br />(-24 for losing)
|l|☆Perfect Legend23
|player|p2|
