|j|☆splishsplish12
|j|☆LamarTDB1
|t:|1760337030
|gametype|singles
|player|p1|splishsplish12|steven|1079
|player|p2|LamarTDB1|102|1099
|gen|9
|tier|[Gen 9] OU
|rated|
|rule|HP Percentage Mod: HP is shown in percentages
|rule|Endless Battle Clause: Forcing endless battles is banned
|rule|Species Clause: Limit one of each Pokémon
|rule|OHKO Clause: OHKO moves are banned
|rule|Evasion Items Clause: Evasion items are banned
|rule|Evasion Moves Clause: Evasion moves are banned
|rule|Evasion Abilities Clause: Evasion abilities are banned
|rule|Sleep Moves Clause: Sleep-inducing moves are banned
|clearpoke
|poke|p1|Ting-Lu|
|poke|p1|Pecharunt|
|poke|p1|Registeel|
|poke|p1|Dragapult, F|
|poke|p1|Kubfu, F|
|poke|p1|Snivy, M|
|poke|p2|Garchomp, M|
|poke|p2|Typhlosion-Hisui, M|
|poke|p2|Rotom-Wash|
|poke|p2|Azumarill, F|
|poke|p2|Sceptile, F|
|poke|p2|Polteageist-Antique|
|teampreview
|inactive|Battle timer is ON: inactive players will automatically lose when time's up. (requested by LamarTDB1)
|
|t:|1760337038
|teamsize|p1|6
|teamsize|p2|6
|start
|switch|p1a: Dragapult|Dragapult, F|100/100
|switch|p2a: Azumarill|Azumarill, F|100/100
|turn|1
|
|t:|1760337047
|switch|p1a: Registeel|Registeel|100/100
|move|p2a: Azumarill|Belly Drum|p2a: Azumarill
|-damage|p2a: Azumarill|50/100
|-setboost|p2a: Azumarill|atk|6|[from] move: Belly Drum
|-enditem|p2a: Azumarill|Sitrus Berry|[eat]
|-heal|p2a: Azumarill|75/100|[from] item: Sitrus Berry
|
|upkeep
|turn|2
|
|t:|1760337056
|move|p2a: Azumarill|Play Rough|p1a: Registeel
|-resisted|p1a: Registeel
|-damage|p1a: Registeel|29/100
|move|p1a: Registeel|Heavy Slam|p2a: Azumarill
|-damage|p2a: Azumarill|41/100
|
|-heal|p1a: Registeel|35/100|[from] item: Leftovers
|upkeep
|turn|3
|
|t:|1760337061
|move|p2a: Azumarill|Play Rough|p1a: Registeel
|-resisted|p1a: Registeel
|-damage|p1a: Registeel|0 fnt
|faint|p1a: Registeel
|
|upkeep
|
|t:|1760337065
|switch|p1a: Kubfu|Kubfu, F|100/100
|turn|4
|
|t:|1760337068
|move|p2a: Azumarill|Aqua Jet|p1a: Kubfu
|-enditem|p1a: Kubfu|Focus Sash
|-damage|p1a: Kubfu|1/100
|move|p1a: Kubfu|Counter|p2a: Azumarill
|-damage|p2a: Azumarill|0 fnt
|faint|p2a: Azumarill
|
|upkeep
|
|t:|1760337075
|switch|p2a: Rotom|Rotom-Wash|100/100
|turn|5
|
|t:|1760337078
|move|p2a: Rotom|Volt Switch|p1a: Kubfu
|-damage|p1a: Kubfu|0 fnt
|faint|p1a: Kubfu
|
|t:|1760337085
|switch|p2a: Garchomp|Garchomp, M, shiny|100/100|[from] Volt Switch
|
|upkeep
|
|t:|1760337090
|switch|p1a: Dragapult|Dragapult, F|100/100
|turn|6
|
|t:|1760337098
|switch|p2a: Rotom|Rotom-Wash|100/100
|move|p1a: Dragapult|Draco Meteor|p2a: Rotom
|-damage|p2a: Rotom|0 fnt
|-unboost|p1a: Dragapult|spa|2
|faint|p2a: Rotom
|
|upkeep
|
|t:|1760337103
|switch|p2a: Typhlosion|Typhlosion-Hisui, M, shiny|100/100
|turn|7
|
|t:|1760337114
|switch|p1a: Ting-Lu|Ting-Lu|100/100
|-ability|p1a: Ting-Lu|Vessel of Ruin
|move|p2a: Typhlosion|Infernal Parade|p1a: Ting-Lu
|-resisted|p1a: Ting-Lu
|-damage|p1a: Ting-Lu|92/100
|
|upkeep
|turn|8
|
|t:|1760337120
|switch|p2a: Polteageist|Polteageist-Antique|100/100
|move|p1a: Ting-Lu|Earthquake|p2a: Polteageist
|-damage|p2a: Polteageist|29/100
|-start|p1a: Ting-Lu|Disable|Earthquake|[from] ability: Cursed Body|[of] p2a: Polteageist
|
|upkeep
|turn|9
|
|t:|1760337140
|move|p2a: Polteageist|Shadow Ball|p1a: Ting-Lu
|-resisted|p1a: Ting-Lu
|-crit|p1a: Ting-Lu
|-damage|p1a: Ting-Lu|73/100
|move|p1a: Ting-Lu|Stealth Rock|p2a: Polteageist
|-sidestart|p2: LamarTDB1|move: Stealth Rock
|
|upkeep
|turn|10
|inactive|LamarTDB1 has 120 seconds left.
|
|t:|1760337195
|move|p2a: Polteageist|Giga Drain|p1a: Ting-Lu
|-supereffective|p1a: Ting-Lu
|-damage|p1a: Ting-Lu|37/100
|-heal|p2a: Polteageist|64/100|[from] drain|[of] p1a: Ting-Lu
|move|p1a: Ting-Lu|Spikes|p2a: Polteageist
|-sidestart|p2: LamarTDB1|Spikes
|
|upkeep
|turn|11
|
|t:|1760337215
|move|p2a: Polteageist|Giga Drain|p1a: Ting-Lu
|-supereffective|p1a: Ting-Lu
|-damage|p1a: Ting-Lu|3/100
|-heal|p2a: Polteageist|98/100|[from] drain|[of] p1a: Ting-Lu
|move|p1a: Ting-Lu|Ruination|p2a: Polteageist
|-damage|p2a: Polteageist|50/100
|
|-end|p1a: Ting-Lu|Disable
|upkeep
|turn|12
|
|t:|1760337225
|move|p2a: Polteageist|Giga Drain|p1a: Ting-Lu
|-supereffective|p1a: Ting-Lu
|-crit|p1a: Ting-Lu
|-damage|p1a: Ting-Lu|0 fnt
|-heal|p2a: Polteageist|52/100|[from] drain|[of] p1a: Ting-Lu
|faint|p1a: Ting-Lu
|
|upkeep
|
|t:|1760337241
|switch|p1a: Dragapult|Dragapult, F|100/100
|turn|13
|
|t:|1760337245
|move|p1a: Dragapult|Shadow Ball|p2a: Polteageist
|-supereffective|p2a: Polteageist
|-damage|p2a: Polteageist|0 fnt
|faint|p2a: Polteageist
|
|upkeep
|inactive|LamarTDB1 has 120 seconds left.
|
|t:|1760337250
|switch|p2a: Sceptile|Sceptile, F|100/100
|-damage|p2a: Sceptile|88/100|[from] Stealth Rock
|-damage|p2a: Sceptile|76/100|[from] Spikes
|turn|14
|inactive|LamarTDB1 has 120 seconds left.
|inactive|LamarTDB1 has 90 seconds left.
|inactive|LamarTDB1 has 60 seconds left.
|
|t:|1760337330
|move|p1a: Dragapult|Shadow Ball|p2a: Sceptile
|-damage|p2a: Sceptile|8/100
|move|p2a: Sceptile|Acrobatics|p1a: Dragapult
|-damage|p1a: Dragapult|79/100
|
|upkeep
|turn|15
|
|t:|1760337340
|move|p1a: Dragapult|Shadow Ball|p2a: Sceptile
|-crit|p2a: Sceptile
|-damage|p2a: Sceptile|0 fnt
|faint|p2a: Sceptile
|
|upkeep
|
|t:|1760337345
|switch|p2a: Garchomp|Garchomp, M, shiny|100/100
|-damage|p2a: Garchomp|94/100|[from] Stealth Rock
|-damage|p2a: Garchomp|82/100|[from] Spikes
|turn|16
|
|t:|1760337350
|switch|p1a: Pecharunt|Pecharunt|100/100
|move|p2a: Garchomp|Scale Shot|p1a: Pecharunt
|-damage|p1a: Pecharunt|95/100
|-damage|p1a: Pecharunt|88/100
|-damage|p1a: Pecharunt|82/100
|-damage|p1a: Pecharunt|76/100
|-hitcount|p1a: Pecharunt|4
|-unboost|p2a: Garchomp|def|1
|-boost|p2a: Garchomp|spe|1
|
|-heal|p1a: Pecharunt|82/100|[from] item: Leftovers
|upkeep
|turn|17
|
|t:|1760337355
|move|p2a: Garchomp|Swords Dance|p2a: Garchomp
|-boost|p2a: Garchomp|atk|2
|move|p1a: Pecharunt|Malignant Chain|p2a: Garchomp
|-resisted|p2a: Garchomp
|-damage|p2a: Garchomp|69/100
|-status|p2a: Garchomp|tox
|-start|p2a: Garchomp|confusion|[from] ability: Poison Puppeteer|[of] p1a: Pecharunt
|
|-heal|p1a: Pecharunt|88/100|[from] item: Leftovers
|-damage|p2a: Garchomp|62/100 tox|[from] psn
|upkeep
|turn|18
|
|t:|1760337360
|-activate|p2a: Garchomp|confusion
|move|p2a: Garchomp|Earthquake|p1a: Pecharunt
|-supereffective|p1a: Pecharunt
|-damage|p1a: Pecharunt|0 fnt
|faint|p1a: Pecharunt
|
|-damage|p2a: Garchomp|50/100 tox|[from] psn
|upkeep
|
|t:|1760337366
|switch|p1a: AstralSnivff|Snivy, M|100/100
|turn|19
|
|t:|1760337369
|-activate|p2a: Garchomp|confusion
|move|p2a: Garchomp|Scale Shot|p1a: AstralSnivff
|-damage|p1a: AstralSnivff|57/100
|-damage|p1a: AstralSnivff|19/100
|-crit|p1a: AstralSnivff
|-damage|p1a: AstralSnivff|0 fnt
|faint|p1a: AstralSnivff
|-hitcount|p1: AstralSnivff|3
|-unboost|p2a: Garchomp|def|1
|-boost|p2a: Garchomp|spe|1
|
|-damage|p2a: Garchomp|32/100 tox|[from] psn
|upkeep
|
|t:|1760337372
|switch|p1a: Dragapult|Dragapult, F|79/100
|turn|20
|
|t:|1760337379
|-terastallize|p1a: Dragapult|Ground
|-activate|p2a: Garchomp|confusion
|move|p2a: Garchomp|Scale Shot|p1a: Dragapult
|-damage|p1a: Dragapult|53/100
|-damage|p1a: Dragapult|23/100
|-damage|p1a: Dragapult|0 fnt
|faint|p1a: Dragapult
|-hitcount|p1: Dragapult|3
|
|win|LamarTDB1
|raw|splishsplish12's rating: 1079 &rarr; <strong>1058</strong><br />(-21 for losing)
|raw|LamarTDB1's rating: 1099 &rarr; <strong>1123</strong><br />(+24 for winning)
|l|☆splishsplish12
|player|p1|
|l|☆LamarTDB1
|player|p2|
