|j|☆wobbuffet24
|j|☆Zorark love fans
|t:|1760449016
|gametype|singles
|player|p1|wobbuffet24|266|1067
|player|p2|Zorark love fans|brendan|1000
|gen|9
|tier|[Gen 9] OU
|rated|
|rule|HP Percentage Mod: HP is shown in percentages
|rule|Endless Battle Clause: Forcing endless battles is banned
|rule|Species Clause: Limit one of each Pokémon
|rule|OHKO Clause: OHKO moves are banned
|rule|Evasion Items Clause: Evasion items are banned
|rule|Evasion Moves Clause: Evasion moves are banned
|rule|Evasion Abilities Clause: Evasion abilities are banned
|rule|Sleep Moves Clause: Sleep-inducing moves are banned
|clearpoke
|poke|p1|Conkeldurr, F|
|poke|p1|Mew|
|poke|p1|Hawlucha, F|
|poke|p1|Staraptor, F|
|poke|p1|Scizor, F|
|poke|p1|Weezing-Galar, M|
|poke|p2|Zoroark, F|
|poke|p2|Chandelure, F|
|poke|p2|Kingambit, M|
|poke|p2|Sylveon, F|
|poke|p2|Rhydon, M|
|poke|p2|Conkeldurr, M|
|teampreview
|
|t:|1760449034
|teamsize|p1|6
|teamsize|p2|6
|start
|switch|p1a: Mew|Mew, shiny|100/100
|switch|p2a: Chandelure|Chandelure, F|100/100
|turn|1
|inactive|Battle timer is ON: inactive players will automatically lose when time's up. (requested by wobbuffet24)
|
|t:|1760449047
|move|p1a: Mew|Taunt|p2a: Chandelure
|-start|p2a: Chandelure|move: Taunt
|move|p2a: Chandelure|Dark Pulse|p1a: Mew
|-supereffective|p1a: Mew
|-damage|p1a: Mew|0 fnt
|faint|p1a: Mew
|
|upkeep
|
|t:|1760449058
|switch|p1a: Weezing|Weezing-Galar, M|100/100
|-ability|p1a: Weezing|Neutralizing Gas
|replace|p2a: Zoroark|Zoroark, F
|-end|p2a: Zoroark|Illusion
|turn|2
|
|t:|1760449067
|switch|p2a: Rhydon|Rhydon, M|100/100
|move|p1a: Weezing|Sludge Bomb|p2a: Rhydon
|-resisted|p2a: Rhydon
|-damage|p2a: Rhydon|93/100
|
|upkeep
|turn|3
|
|t:|1760449075
|move|p1a: Weezing|Will-O-Wisp|p2a: Rhydon
|-status|p2a: Rhydon|brn
|move|p2a: Rhydon|Swords Dance|p2a: Rhydon
|-boost|p2a: Rhydon|atk|2
|
|-damage|p2a: Rhydon|87/100 brn|[from] brn
|upkeep
|turn|4
|
|t:|1760449092
|move|p1a: Weezing|Sludge Bomb|p2a: Rhydon
|-resisted|p2a: Rhydon
|-damage|p2a: Rhydon|80/100 brn
|move|p2a: Rhydon|Rock Slide|p1a: Weezing
|-damage|p1a: Weezing|74/100
|
|-damage|p2a: Rhydon|74/100 brn|[from] brn
|upkeep
|turn|5
|
|t:|1760449101
|-end|p1a: Weezing|ability: Neutralizing Gas
|switch|p1a: Scizor|Scizor, F, shiny|100/100
|move|p2a: Rhydon|Swords Dance|p2a: Rhydon
|-boost|p2a: Rhydon|atk|2
|
|-damage|p2a: Rhydon|68/100 brn|[from] brn
|upkeep
|turn|6
|
|t:|1760449112
|move|p1a: Scizor|Bullet Punch|p2a: Rhydon
|-supereffective|p2a: Rhydon
|-damage|p2a: Rhydon|18/100 brn
|move|p2a: Rhydon|Earthquake|p1a: Scizor
|-damage|p1a: Scizor|6/100
|
|-damage|p2a: Rhydon|12/100 brn|[from] brn
|upkeep
|turn|7
|
|t:|1760449121
|move|p1a: Scizor|Bullet Punch|p2a: Rhydon
|-supereffective|p2a: Rhydon
|-damage|p2a: Rhydon|0 fnt
|faint|p2a: Rhydon
|
|upkeep
|
|t:|1760449127
|switch|p2a: Conkeldurr|Conkeldurr, M, shiny|100/100
|turn|8
|
|t:|1760449133
|switch|p1a: Weezing|Weezing-Galar, M|74/100
|-ability|p1a: Weezing|Neutralizing Gas
|move|p2a: Conkeldurr|Mach Punch|p1a: Weezing
|-resisted|p1a: Weezing
|-damage|p1a: Weezing|70/100
|
|-status|p2a: Conkeldurr|brn|[from] item: Flame Orb
|upkeep
|turn|9
|
|t:|1760449146
|switch|p2a: Kingambit|Kingambit, M|100/100
|move|p1a: Weezing|Sludge Bomb|p2a: Kingambit
|-immune|p2a: Kingambit
|
|upkeep
|turn|10
|
|t:|1760449156
|move|p1a: Weezing|Will-O-Wisp|p2a: Kingambit
|-status|p2a: Kingambit|brn
|move|p2a: Kingambit|Swords Dance|p2a: Kingambit
|-boost|p2a: Kingambit|atk|2
|
|-damage|p2a: Kingambit|94/100 brn|[from] brn
|upkeep
|turn|11
|
|t:|1760449167
|-end|p1a: Weezing|ability: Neutralizing Gas
|-activate|p2a: Kingambit|ability: Supreme Overlord
|-start|p2a: Kingambit|fallen1|[silent]
|switch|p1a: Staraptor|Staraptor, F|100/100
|move|p2a: Kingambit|Iron Head|p1a: Staraptor
|-damage|p1a: Staraptor|28/100
|
|-heal|p2a: Kingambit|100/100 brn|[from] item: Leftovers
|-damage|p2a: Kingambit|94/100 brn|[from] brn
|upkeep
|turn|12
|
|t:|1760449181
|move|p2a: Kingambit|Sucker Punch|p1a: Staraptor
|-damage|p1a: Staraptor|0 fnt
|faint|p1a: Staraptor
|
|-heal|p2a: Kingambit|100/100 brn|[from] item: Leftovers
|-damage|p2a: Kingambit|94/100 brn|[from] brn
|upkeep
|
|t:|1760449191
|switch|p1a: Conkeldurr|Conkeldurr, F|100/100
|turn|13
|
|t:|1760449205
|-terastallize|p2a: Kingambit|Dark
|move|p2a: Kingambit|Sucker Punch|p1a: Conkeldurr
|-resisted|p1a: Conkeldurr
|-damage|p1a: Conkeldurr|72/100
|move|p1a: Conkeldurr|Bulldoze|p2a: Kingambit
|-damage|p2a: Kingambit|69/100 brn
|
|-heal|p2a: Kingambit|75/100 brn|[from] item: Leftovers
|-damage|p2a: Kingambit|69/100 brn|[from] brn
|upkeep
|turn|14
|
|t:|1760449219
|move|p1a: Conkeldurr|Ice Punch|p2a: Kingambit
|-damage|p2a: Kingambit|35/100 brn
|move|p2a: Kingambit|Kowtow Cleave|p1a: Conkeldurr
|-resisted|p1a: Conkeldurr
|-damage|p1a: Conkeldurr|36/100
|
|-heal|p2a: Kingambit|41/100 brn|[from] item: Leftovers
|-damage|p2a: Kingambit|35/100 brn|[from] brn
|upkeep
|turn|15
|
|t:|1760449230
|move|p2a: Kingambit|Sucker Punch|p1a: Conkeldurr
|-resisted|p1a: Conkeldurr
|-damage|p1a: Conkeldurr|6/100
|move|p1a: Conkeldurr|Thunder Punch|p2a: Kingambit
|-damage|p2a: Kingambit|1/100 brn
|
|-heal|p2a: Kingambit|8/100 brn|[from] item: Leftovers
|-damage|p2a: Kingambit|1/100 brn|[from] brn
|upkeep
|turn|16
|
|t:|1760449243
|move|p1a: Conkeldurr|Ice Punch|p2a: Kingambit
|-damage|p2a: Kingambit|0 fnt
|faint|p2a: Kingambit
|-end|p2a: Kingambit|fallen1|[silent]
|
|upkeep
|
|t:|1760449250
|switch|p2a: Conkeldurr|Conkeldurr, M, shiny|100/100 brn
|turn|17
|
|t:|1760449256
|move|p1a: Conkeldurr|Thunder Punch|p2a: Conkeldurr
|-damage|p2a: Conkeldurr|61/100 brn
|move|p2a: Conkeldurr|Knock Off|p1a: Conkeldurr
|-resisted|p1a: Conkeldurr
|-damage|p1a: Conkeldurr|0 fnt
|-enditem|p1a: Conkeldurr|Life Orb|[from] move: Knock Off|[of] p2a: Conkeldurr
|faint|p1a: Conkeldurr
|
|-damage|p2a: Conkeldurr|55/100 brn|[from] brn
|upkeep
|
|t:|1760449270
|switch|p1a: Weezing|Weezing-Galar, M|70/100
|-ability|p1a: Weezing|Neutralizing Gas
|turn|18
|
|t:|1760449286
|switch|p2a: Zoroark|Zoroark, F|100/100
|move|p1a: Weezing|Sludge Bomb|p2a: Zoroark
|-crit|p2a: Zoroark
|-damage|p2a: Zoroark|18/100
|
|upkeep
|turn|19
|
|t:|1760449293
|move|p2a: Zoroark|Psychic|p1a: Weezing
|-supereffective|p1a: Weezing
|-damage|p1a: Weezing|0 fnt
|faint|p1a: Weezing
|-end|p1a: Weezing|ability: Neutralizing Gas
|
|upkeep
|
|t:|1760449298
|switch|p1a: Scizor|Scizor, F, shiny|6/100
|turn|20
|
|t:|1760449305
|switch|p2a: Conkeldurr|Conkeldurr, M, shiny|55/100 brn
|move|p1a: Scizor|U-turn|p2a: Conkeldurr
|-resisted|p2a: Conkeldurr
|-damage|p2a: Conkeldurr|30/100 brn
|
|t:|1760449311
|switch|p1a: Hawlucha|Hawlucha, F, shiny|100/100|[from] U-turn
|
|-damage|p2a: Conkeldurr|24/100 brn|[from] brn
|upkeep
|turn|21
|
|t:|1760449318
|move|p2a: Conkeldurr|Mach Punch|p1a: Hawlucha
|-resisted|p1a: Hawlucha
|-damage|p1a: Hawlucha|74/100
|move|p1a: Hawlucha|Fly||[still]
|-prepare|p1a: Hawlucha|Fly
|-enditem|p1a: Hawlucha|Power Herb
|-anim|p1a: Hawlucha|Fly|p2a: Conkeldurr
|-supereffective|p2a: Conkeldurr
|-damage|p2a: Conkeldurr|0 fnt
|faint|p2a: Conkeldurr
|
|upkeep
|
|t:|1760449331
|switch|p2a: Chandelure|Chandelure, F|100/100
|turn|22
|
|t:|1760449336
|move|p1a: Hawlucha|Acrobatics|p2a: Chandelure
|-damage|p2a: Chandelure|50/100
|move|p2a: Chandelure|Trick Room|p2a: Chandelure
|-fieldstart|move: Trick Room|[of] p2a: Chandelure
|
|upkeep
|turn|23
|
|t:|1760449347
|move|p2a: Chandelure|Flamethrower|p1a: Hawlucha
|-damage|p1a: Hawlucha|0 fnt
|faint|p1a: Hawlucha
|
|upkeep
|
|t:|1760449352
|switch|p1a: Scizor|Scizor, F, shiny|6/100
|turn|24
|
|t:|1760449357
|move|p2a: Chandelure|Flamethrower|p1a: Scizor
|-supereffective|p1a: Scizor
|-damage|p1a: Scizor|0 fnt
|faint|p1a: Scizor
|
|win|Zorark love fans
|raw|wobbuffet24's rating: 1067 &rarr; <strong>1043</strong><br />(-24 for losing)
|raw|Zorark love fans's rating: 1000 &rarr; <strong>1048</strong><br />(+48 for winning)
|c|☆wobbuffet24|gg
