|j|☆Le Chemiste
|j|☆DIGIWAYNE123
|t:|1760431885
|gametype|singles
|player|p1|Le Chemiste|266|1495
|player|p2|DIGIWAYNE123|swimmerf-gen4|1593
|gen|9
|tier|[Gen 9] OU
|rated|
|rule|HP Percentage Mod: HP is shown in percentages
|rule|Endless Battle Clause: Forcing endless battles is banned
|rule|Species Clause: Limit one of each Pokémon
|rule|OHKO Clause: OHKO moves are banned
|rule|Evasion Items Clause: Evasion items are banned
|rule|Evasion Moves Clause: Evasion moves are banned
|rule|Evasion Abilities Clause: Evasion abilities are banned
|rule|Sleep Moves Clause: Sleep-inducing moves are banned
|clearpoke
|poke|p1|Iron Crown|
|poke|p1|Samurott-Hisui, M|
|poke|p1|Zapdos|
|poke|p1|Dragapult, M|
|poke|p1|Great Tusk|
|poke|p1|Iron Boulder|
|poke|p2|Armarouge, M|
|poke|p2|Indeedee, M|
|poke|p2|Great Tusk|
|poke|p2|Hoopa-Unbound|
|poke|p2|Scream Tail|
|poke|p2|Drednaw, M|
|teampreview
|inactive|Battle timer is ON: inactive players will automatically lose when time's up. (requested by Le Chemiste)
|inactive|DIGIWAYNE123 has 120 seconds left.
|
|t:|1760431982
|teamsize|p1|6
|teamsize|p2|6
|start
|switch|p1a: Everytime We Touch|Samurott-Hisui, M|100/100
|switch|p2a: Scream Tail|Scream Tail|100/100
|-enditem|p2a: Scream Tail|Booster Energy
|-activate|p2a: Scream Tail|ability: Protosynthesis|[fromitem]
|-start|p2a: Scream Tail|protosynthesisspe
|turn|1
|
|t:|1760431994
|switch|p1a: Mindreader|Iron Crown|100/100
|move|p2a: Scream Tail|Stealth Rock|p1a: Mindreader
|-sidestart|p1: Le Chemiste|move: Stealth Rock
|
|upkeep
|turn|2
|
|t:|1760431997
|move|p2a: Scream Tail|Thunder Wave|p1a: Mindreader
|-status|p1a: Mindreader|par
|cant|p1a: Mindreader|par
|
|upkeep
|turn|3
|
|t:|1760432006
|-end|p2a: Scream Tail|Protosynthesis|[silent]
|switch|p2a: Hoopa|Hoopa-Unbound|100/100
|cant|p1a: Mindreader|par
|
|upkeep
|turn|4
|c|☆Le Chemiste|ah yes
|
|t:|1760432023
|-end|p1a: Mindreader|Quark Drive|[silent]
|switch|p1a: Everytime We Touch|Samurott-Hisui, M|100/100
|-damage|p1a: Everytime We Touch|88/100|[from] Stealth Rock
|move|p2a: Hoopa|Thunderbolt|p1a: Everytime We Touch
|-supereffective|p1a: Everytime We Touch
|-damage|p1a: Everytime We Touch|0 fnt
|faint|p1a: Everytime We Touch
|
|upkeep
|
|t:|1760432028
|switch|p1a: Parasite|Dragapult, M|100/100
|-damage|p1a: Parasite|88/100|[from] Stealth Rock
|turn|5
|
|t:|1760432031
|switch|p2a: Scream Tail|Scream Tail|100/100
|move|p1a: Parasite|U-turn|p2a: Scream Tail
|-damage|p2a: Scream Tail|77/100
|
|t:|1760432036
|switch|p1a: Mindreader|Iron Crown|100/100 par|[from] U-turn
|-damage|p1a: Mindreader|94/100 par|[from] Stealth Rock
|
|upkeep
|turn|6
|
|t:|1760432039
|move|p2a: Scream Tail|Wish|p2a: Scream Tail
|move|p1a: Mindreader|Tachyon Cutter|p2a: Scream Tail
|-supereffective|p2a: Scream Tail
|-damage|p2a: Scream Tail|25/100
|-supereffective|p2a: Scream Tail
|-crit|p2a: Scream Tail
|-damage|p2a: Scream Tail|0 fnt
|faint|p2a: Scream Tail
|-end|p2a: Scream Tail|Protosynthesis|[silent]
|-hitcount|p2: Scream Tail|2
|
|upkeep
|
|t:|1760432042
|switch|p2a: Hoopa|Hoopa-Unbound|100/100
|turn|7
|
|t:|1760432046
|-terastallize|p1a: Mindreader|Steel
|move|p2a: Hoopa|Expanding Force|p1a: Mindreader
|-resisted|p1a: Mindreader
|-damage|p1a: Mindreader|64/100 par
|move|p1a: Mindreader|Tachyon Cutter|p2a: Hoopa
|-damage|p2a: Hoopa|75/100
|-damage|p2a: Hoopa|52/100
|-hitcount|p2a: Hoopa|2
|
|-heal|p2a: Hoopa|100/100|[from] move: Wish|[wisher] Scream Tail
|upkeep
|turn|8
|
|t:|1760432054
|move|p2a: Hoopa|Drain Punch|p1a: Mindreader
|-supereffective|p1a: Mindreader
|-damage|p1a: Mindreader|10/100 par
|cant|p1a: Mindreader|par
|
|upkeep
|turn|9
|c|☆Le Chemiste|3 out of 4 nice
|
|t:|1760432070
|-end|p1a: Mindreader|Quark Drive|[silent]
|switch|p1a: Hurikan|Zapdos|100/100
|move|p2a: Hoopa|Expanding Force|p1a: Hurikan
|-damage|p1a: Hurikan|48/100
|
|upkeep
|turn|10
|
|t:|1760432076
|switch|p2a: Great Tusk|Great Tusk|100/100
|-enditem|p2a: Great Tusk|Booster Energy
|-activate|p2a: Great Tusk|ability: Protosynthesis|[fromitem]
|-start|p2a: Great Tusk|protosynthesisspe
|move|p1a: Hurikan|U-turn|p2a: Great Tusk
|-resisted|p2a: Great Tusk
|-damage|p2a: Great Tusk|96/100
|
|t:|1760432086
|switch|p1a: Pump It|Great Tusk|100/100|[from] U-turn
|
|upkeep
|turn|11
|
|t:|1760432091
|move|p2a: Great Tusk|Ice Spinner|p1a: Pump It
|-supereffective|p1a: Pump It
|-damage|p1a: Pump It|67/100
|move|p1a: Pump It|Rapid Spin|p2a: Great Tusk
|-damage|p2a: Great Tusk|83/100
|-boost|p1a: Pump It|spe|1
|-sideend|p1: Le Chemiste|Stealth Rock|[from] move: Rapid Spin|[of] p1a: Pump It
|
|upkeep
|turn|12
|
|t:|1760432096
|move|p1a: Pump It|Ice Spinner|p2a: Great Tusk
|-supereffective|p2a: Great Tusk
|-damage|p2a: Great Tusk|43/100
|move|p2a: Great Tusk|Ice Spinner|p1a: Pump It
|-supereffective|p1a: Pump It
|-damage|p1a: Pump It|34/100
|
|upkeep
|turn|13
|
|t:|1760432108
|move|p2a: Great Tusk|Ice Spinner|p1a: Pump It
|-supereffective|p1a: Pump It
|-damage|p1a: Pump It|0 fnt
|faint|p1a: Pump It
|-end|p1a: Pump It|Protosynthesis|[silent]
|
|upkeep
|
|t:|1760432113
|switch|p1a: Revery|Iron Boulder|100/100
|-enditem|p1a: Revery|Booster Energy
|-activate|p1a: Revery|ability: Quark Drive|[fromitem]
|-start|p1a: Revery|quarkdrivespe
|turn|14
|
|t:|1760432121
|-terastallize|p2a: Great Tusk|Grass
|move|p1a: Revery|Zen Headbutt|p2a: Great Tusk
|-damage|p2a: Great Tusk|15/100
|move|p2a: Great Tusk|Headlong Rush|p1a: Revery
|-supereffective|p1a: Revery
|-damage|p1a: Revery|0 fnt
|-unboost|p2a: Great Tusk|def|1
|-unboost|p2a: Great Tusk|spd|1
|faint|p1a: Revery
|-end|p1a: Revery|Quark Drive|[silent]
|
|upkeep
|
|t:|1760432129
|switch|p1a: Parasite|Dragapult, M|88/100
|turn|15
|
|t:|1760432133
|move|p2a: Great Tusk|Knock Off|p1a: Parasite
|-supereffective|p1a: Parasite
|-damage|p1a: Parasite|17/100
|-enditem|p1a: Parasite|Choice Band|[from] move: Knock Off|[of] p2a: Great Tusk
|move|p1a: Parasite|U-turn|p2a: Great Tusk
|-supereffective|p2a: Great Tusk
|-damage|p2a: Great Tusk|0 fnt
|faint|p2a: Great Tusk
|-end|p2a: Great Tusk|Protosynthesis|[silent]
|
|t:|1760432136
|switch|p1a: Hurikan|Zapdos|48/100|[from] U-turn
|
|upkeep
|
|t:|1760432138
|switch|p2a: Indeedee|Indeedee, M|100/100
|-fieldstart|move: Psychic Terrain|[from] ability: Psychic Surge|[of] p2a: Indeedee
|turn|16
|
|t:|1760432143
|move|p2a: Indeedee|Expanding Force|p1a: Hurikan
|-damage|p1a: Hurikan|0 fnt
|faint|p1a: Hurikan
|
|upkeep
|
|t:|1760432145
|switch|p1a: Parasite|Dragapult, M|17/100
|turn|17
|
|t:|1760432148
|switch|p2a: Armarouge|Armarouge, M|100/100
|move|p1a: Parasite|U-turn|p2a: Armarouge
|-damage|p2a: Armarouge|75/100
|-ability|p2a: Armarouge|Weak Armor|boost
|-unboost|p2a: Armarouge|def|1
|-boost|p2a: Armarouge|spe|2
|
|t:|1760432150
|switch|p1a: Mindreader|Iron Crown, tera:Steel|10/100 par|[from] U-turn
|
|upkeep
|turn|18
|
|t:|1760432154
|move|p2a: Armarouge|Expanding Force|p1a: Mindreader
|-resisted|p1a: Mindreader
|-damage|p1a: Mindreader|0 fnt
|faint|p1a: Mindreader
|-end|p1a: Mindreader|Quark Drive|[silent]
|
|upkeep
|-message|Le Chemiste forfeited.
|
|win|DIGIWAYNE123
|raw|Le Chemiste's rating: 1495 &rarr; <strong>1480</strong><br />(-15 for losing)
|raw|DIGIWAYNE123's rating: 1593 &rarr; <strong>1608</strong><br />(+15 for winning)
|l|☆Le Chemiste
|player|p1|
