|j|☆R.para ti
|j|‽lpdboo
|t:|1760441111
|gametype|singles
|player|p1|R.para ti|265|1226
|player|p2|lpdboo|norman|1247
|gen|9
|tier|[Gen 9] OU
|rated|
|rule|HP Percentage Mod: HP is shown in percentages
|rule|Endless Battle Clause: Forcing endless battles is banned
|rule|Species Clause: Limit one of each Pokémon
|rule|OHKO Clause: OHKO moves are banned
|rule|Evasion Items Clause: Evasion items are banned
|rule|Evasion Moves Clause: Evasion moves are banned
|rule|Evasion Abilities Clause: Evasion abilities are banned
|rule|Sleep Moves Clause: Sleep-inducing moves are banned
|clearpoke
|poke|p1|Empoleon, M|
|poke|p1|Kingambit, F|
|poke|p1|Ogerpon, F|
|poke|p1|Meowstic-F, F|
|poke|p1|Cinderace, M|
|poke|p1|Ribombee, F|
|poke|p2|Raging Bolt|
|poke|p2|Iron Treads|
|poke|p2|Ting-Lu|
|poke|p2|Gholdengo|
|poke|p2|Zamazenta-*|
|poke|p2|Tornadus-Therian, M|
|teampreview
|
|t:|1760441152
|teamsize|p1|6
|teamsize|p2|6
|start
|switch|p1a: Ribombee|Ribombee, F|100/100
|switch|p2a: Ting-Lu|Ting-Lu|100/100
|-ability|p2a: Ting-Lu|Vessel of Ruin
|turn|1
|
|t:|1760441163
|move|p1a: Ribombee|Sticky Web|p2a: Ting-Lu
|-sidestart|p2: lpdboo|move: Sticky Web
|move|p2a: Ting-Lu|Ruination|p1a: Ribombee
|-damage|p1a: Ribombee|50/100
|
|upkeep
|turn|2
|inactive|Battle timer is ON: inactive players will automatically lose when time's up. (requested by lpdboo)
|
|t:|1760441170
|move|p1a: Ribombee|Quiver Dance|p1a: Ribombee
|-boost|p1a: Ribombee|spa|1
|-boost|p1a: Ribombee|spd|1
|-boost|p1a: Ribombee|spe|1
|move|p2a: Ting-Lu|Stealth Rock|p1a: Ribombee
|-sidestart|p1: R.para ti|move: Stealth Rock
|
|upkeep
|turn|3
|
|t:|1760441177
|move|p1a: Ribombee|Draining Kiss|p2a: Ting-Lu
|-supereffective|p2a: Ting-Lu
|-damage|p2a: Ting-Lu|74/100
|-heal|p1a: Ribombee|83/100|[from] drain|[of] p2a: Ting-Lu
|-enditem|p2a: Ting-Lu|Weakness Policy
|-boost|p2a: Ting-Lu|atk|2|[from] item: Weakness Policy
|-boost|p2a: Ting-Lu|spa|2|[from] item: Weakness Policy
|move|p2a: Ting-Lu|Ruination|p1a: Ribombee
|-damage|p1a: Ribombee|42/100
|
|upkeep
|turn|4
|
|t:|1760441186
|move|p1a: Ribombee|Draining Kiss|p2a: Ting-Lu
|-supereffective|p2a: Ting-Lu
|-crit|p2a: Ting-Lu
|-damage|p2a: Ting-Lu|34/100
|-heal|p1a: Ribombee|89/100|[from] drain|[of] p2a: Ting-Lu
|move|p2a: Ting-Lu|Payback|p1a: Ribombee
|-resisted|p1a: Ribombee
|-damage|p1a: Ribombee|30/100
|
|upkeep
|turn|5
|
|t:|1760441193
|move|p1a: Ribombee|Draining Kiss|p2a: Ting-Lu
|-supereffective|p2a: Ting-Lu
|-damage|p2a: Ting-Lu|5/100
|-heal|p1a: Ribombee|64/100|[from] drain|[of] p2a: Ting-Lu
|move|p2a: Ting-Lu|Payback|p1a: Ribombee
|-resisted|p1a: Ribombee
|-damage|p1a: Ribombee|6/100
|
|upkeep
|turn|6
|
|t:|1760441196
|move|p1a: Ribombee|Draining Kiss|p2a: Ting-Lu
|-supereffective|p2a: Ting-Lu
|-damage|p2a: Ting-Lu|0 fnt
|-heal|p1a: Ribombee|12/100|[from] drain|[of] p2a: Ting-Lu
|faint|p2a: Ting-Lu
|
|upkeep
|
|t:|1760441204
|switch|p2a: Tornadus|Tornadus-Therian, M|100/100
|turn|7
|
|t:|1760441208
|move|p1a: Ribombee|Draining Kiss|p2a: Tornadus
|-damage|p2a: Tornadus|68/100
|-heal|p1a: Ribombee|34/100|[from] drain|[of] p2a: Tornadus
|move|p2a: Tornadus|Dark Pulse|p1a: Ribombee
|-resisted|p1a: Ribombee
|-damage|p1a: Ribombee|22/100
|-damage|p2a: Tornadus|59/100|[from] item: Life Orb
|
|upkeep
|turn|8
|
|t:|1760441213
|move|p1a: Ribombee|Draining Kiss|p2a: Tornadus
|-damage|p2a: Tornadus|29/100
|-heal|p1a: Ribombee|43/100|[from] drain|[of] p2a: Tornadus
|move|p2a: Tornadus|Bleakwind Storm|p1a: Ribombee
|-supereffective|p1a: Ribombee
|-damage|p1a: Ribombee|0 fnt
|faint|p1a: Ribombee
|-damage|p2a: Tornadus|19/100|[from] item: Life Orb
|
|upkeep
|
|t:|1760441222
|switch|p1a: Cinderace|Cinderace, M|100/100
|turn|9
|
|t:|1760441241
|switch|p2a: Zamazenta|Zamazenta|100/100
|-activate|p2a: Zamazenta|move: Sticky Web
|-unboost|p2a: Zamazenta|spe|1
|-ability|p2a: Zamazenta|Dauntless Shield|boost
|-boost|p2a: Zamazenta|def|1
|move|p1a: Cinderace|Court Change|p1a: Cinderace
|-start|p1a: Cinderace|typechange|Normal|[from] ability: Libero
|-swapsideconditions
|-activate|p1a: Cinderace|move: Court Change
|
|upkeep
|turn|10
|
|t:|1760441251
|move|p1a: Cinderace|U-turn|p2a: Zamazenta
|-resisted|p2a: Zamazenta
|-damage|p2a: Zamazenta|94/100
|
|t:|1760441255
|switch|p1a: Meowstic|Meowstic-F, F|100/100|[from] U-turn
|-activate|p1a: Meowstic|move: Sticky Web
|-unboost|p1a: Meowstic|spe|1
|-ability|p1a: Meowstic|Competitive|boost
|-boost|p1a: Meowstic|spa|2
|-enditem|p1a: Meowstic|White Herb
|-clearnegativeboost|p1a: Meowstic|[silent]
|move|p2a: Zamazenta|Iron Defense|p2a: Zamazenta
|-boost|p2a: Zamazenta|def|2
|
|-heal|p2a: Zamazenta|100/100|[from] item: Leftovers
|upkeep
|turn|11
|
|t:|1760441262
|switch|p2a: Gholdengo|Gholdengo|100/100
|-damage|p2a: Gholdengo|94/100|[from] Stealth Rock
|-item|p2a: Gholdengo|Air Balloon
|move|p1a: Meowstic|Alluring Voice|p2a: Gholdengo
|-resisted|p2a: Gholdengo
|-damage|p2a: Gholdengo|76/100
|-enditem|p2a: Gholdengo|Air Balloon
|
|upkeep
|turn|12
|
|t:|1760441269
|move|p1a: Meowstic|Dark Pulse|p2a: Gholdengo
|-supereffective|p2a: Gholdengo
|-damage|p2a: Gholdengo|0 fnt
|faint|p2a: Gholdengo
|
|upkeep
|
|t:|1760441274
|switch|p2a: Tornadus|Tornadus-Therian, M|52/100
|-damage|p2a: Tornadus|27/100|[from] Stealth Rock
|turn|13
|
|t:|1760441284
|-terastallize|p2a: Tornadus|Dark
|-terastallize|p1a: Meowstic|Fairy
|move|p2a: Tornadus|Dark Pulse|p1a: Meowstic
|-resisted|p1a: Meowstic
|-damage|p1a: Meowstic|65/100
|-damage|p2a: Tornadus|18/100|[from] item: Life Orb
|cant|p1a: Meowstic|flinch
|
|upkeep
|turn|14
|
|t:|1760441295
|move|p2a: Tornadus|Bleakwind Storm|p1a: Meowstic
|-damage|p1a: Meowstic|0 fnt
|faint|p1a: Meowstic
|-damage|p2a: Tornadus|8/100|[from] item: Life Orb
|
|upkeep
|
|t:|1760441308
|switch|p1a: Kingambit|Kingambit, F|100/100
|-activate|p1a: Kingambit|move: Sticky Web
|-unboost|p1a: Kingambit|spe|1
|-ability|p1a: Kingambit|Defiant|boost
|-boost|p1a: Kingambit|atk|2
|turn|15
|
|t:|1760441313
|switch|p2a: Iron Treads|Iron Treads|100/100
|-damage|p2a: Iron Treads|98/100|[from] Stealth Rock
|-enditem|p2a: Iron Treads|Booster Energy
|-activate|p2a: Iron Treads|ability: Quark Drive|[fromitem]
|-start|p2a: Iron Treads|quarkdrivespe
|move|p1a: Kingambit|Iron Head|p2a: Iron Treads
|-resisted|p2a: Iron Treads
|-damage|p2a: Iron Treads|57/100
|
|upkeep
|turn|16
|
|t:|1760441316
|move|p2a: Iron Treads|Rapid Spin|p1a: Kingambit
|-resisted|p1a: Kingambit
|-crit|p1a: Kingambit
|-damage|p1a: Kingambit|93/100
|-boost|p2a: Iron Treads|spe|1
|-sideend|p2: lpdboo|Stealth Rock|[from] move: Rapid Spin|[of] p2a: Iron Treads
|move|p1a: Kingambit|Kowtow Cleave|p2a: Iron Treads
|-damage|p2a: Iron Treads|0 fnt
|faint|p2a: Iron Treads
|-end|p2a: Iron Treads|Quark Drive|[silent]
|
|upkeep
|
|t:|1760441319
|switch|p2a: Zamazenta|Zamazenta|100/100
|turn|17
|
|t:|1760441327
|move|p2a: Zamazenta|Body Press|p1a: Kingambit
|-supereffective|p1a: Kingambit
|-damage|p1a: Kingambit|0 fnt
|faint|p1a: Kingambit
|
|upkeep
|
|t:|1760441336
|switch|p1a: Cinderace|Cinderace, M|100/100
|turn|18
|
|t:|1760441340
|move|p2a: Zamazenta|Iron Defense|p2a: Zamazenta
|-boost|p2a: Zamazenta|def|2
|move|p1a: Cinderace|Pyro Ball|p2a: Zamazenta
|-damage|p2a: Zamazenta|79/100
|-status|p2a: Zamazenta|brn
|
|-heal|p2a: Zamazenta|85/100 brn|[from] item: Leftovers
|-damage|p2a: Zamazenta|79/100 brn|[from] brn
|upkeep
|turn|19
|
|t:|1760441345
|move|p2a: Zamazenta|Iron Defense|p2a: Zamazenta
|-boost|p2a: Zamazenta|def|2
|move|p1a: Cinderace|U-turn|p2a: Zamazenta
|-start|p1a: Cinderace|typechange|Bug|[from] ability: Libero
|-resisted|p2a: Zamazenta
|-crit|p2a: Zamazenta
|-damage|p2a: Zamazenta|60/100 brn
|
|t:|1760441348
|switch|p1a: Ogerpon|Ogerpon, F|100/100|[from] U-turn
|-activate|p1a: Ogerpon|move: Sticky Web
|-unboost|p1a: Ogerpon|spe|1
|-ability|p1a: Ogerpon|Defiant|boost
|-boost|p1a: Ogerpon|atk|2
|-enditem|p1a: Ogerpon|White Herb
|-clearnegativeboost|p1a: Ogerpon|[silent]
|
|-heal|p2a: Zamazenta|66/100 brn|[from] item: Leftovers
|-damage|p2a: Zamazenta|60/100 brn|[from] brn
|upkeep
|turn|20
|
|t:|1760441356
|move|p2a: Zamazenta|Body Press|p1a: Ogerpon
|-damage|p1a: Ogerpon|39/100
|move|p1a: Ogerpon|Play Rough|p2a: Zamazenta
|-supereffective|p2a: Zamazenta
|-damage|p2a: Zamazenta|25/100 brn
|
|-heal|p2a: Zamazenta|32/100 brn|[from] item: Leftovers
|-damage|p2a: Zamazenta|25/100 brn|[from] brn
|upkeep
|turn|21
|
|t:|1760441360
|move|p2a: Zamazenta|Body Press|p1a: Ogerpon
|-crit|p1a: Ogerpon
|-damage|p1a: Ogerpon|0 fnt
|faint|p1a: Ogerpon
|
|-heal|p2a: Zamazenta|32/100 brn|[from] item: Leftovers
|-damage|p2a: Zamazenta|25/100 brn|[from] brn
|upkeep
|
|t:|1760441362
|switch|p1a: Cinderace|Cinderace, M|100/100
|turn|22
|
|t:|1760441376
|move|p2a: Zamazenta|Body Press|p1a: Cinderace
|-damage|p1a: Cinderace|15/100
|move|p1a: Cinderace|Pyro Ball|p2a: Zamazenta
|-damage|p2a: Zamazenta|12/100 brn
|
|-heal|p2a: Zamazenta|18/100 brn|[from] item: Leftovers
|-damage|p2a: Zamazenta|12/100 brn|[from] brn
|upkeep
|turn|23
|
|t:|1760441381
|move|p2a: Zamazenta|Body Press|p1a: Cinderace
|-damage|p1a: Cinderace|0 fnt
|faint|p1a: Cinderace
|
|-heal|p2a: Zamazenta|18/100 brn|[from] item: Leftovers
|-damage|p2a: Zamazenta|12/100 brn|[from] brn
|upkeep
|l|☆R.para ti
|inactive|R.para ti disconnected and has a minute to reconnect!
|player|p1|
|inactive|R.para ti has 30 seconds to reconnect!
|inactive|R.para ti has 20 seconds to reconnect!
|inactive|R.para ti has 15 seconds to reconnect!
|inactive|R.para ti has 10 seconds to reconnect!
|inactive|R.para ti has 5 seconds to reconnect!
|-message|R.para ti lost due to inactivity.
|
|win|lpdboo
|raw|R.para ti's rating: 1226 &rarr; <strong>1203</strong><br />(-23 for losing)
|raw|lpdboo's rating: 1247 &rarr; <strong>1270</strong><br />(+23 for winning)
|l|‽lpdboo
|player|p2|
