|j|☆PG Spectating
|j|☆Chillmaxxer
|t:|1760306848
|gametype|singles
|player|p1|PG Spectating|yancy|1426
|player|p2|Chillmaxxer|scientist-gen4|1371
|gen|9
|tier|[Gen 9] OU
|rated|
|rule|HP Percentage Mod: HP is shown in percentages
|rule|Endless Battle Clause: Forcing endless battles is banned
|rule|Species Clause: Limit one of each Pokémon
|rule|OHKO Clause: OHKO moves are banned
|rule|Evasion Items Clause: Evasion items are banned
|rule|Evasion Moves Clause: Evasion moves are banned
|rule|Evasion Abilities Clause: Evasion abilities are banned
|rule|Sleep Moves Clause: Sleep-inducing moves are banned
|clearpoke
|poke|p1|Samurott-Hisui, M|
|poke|p1|Ogerpon-Wellspring, F|
|poke|p1|Thundurus-Therian, M|
|poke|p1|Latios, M|
|poke|p1|Glimmora, M|
|poke|p1|Metagross|
|poke|p2|Pelipper, M|
|poke|p2|Pawmot, M|
|poke|p2|Quaquaval, M|
|poke|p2|Beartic, M|
|poke|p2|Basculegion, M|
|poke|p2|Dragapult, M|
|teampreview
|
|t:|1760306859
|teamsize|p1|6
|teamsize|p2|6
|start
|switch|p1a: Sapphire|Glimmora, M|100/100
|switch|p2a: Pelipper|Pelipper, M|100/100
|-weather|RainDance|[from] ability: Drizzle|[of] p2a: Pelipper
|turn|1
|
|t:|1760306867
|switch|p2a: Quaquaval|Quaquaval, M|100/100
|move|p1a: Sapphire|Meteor Beam||[still]
|-prepare|p1a: Sapphire|Meteor Beam
|-boost|p1a: Sapphire|spa|1
|-enditem|p1a: Sapphire|Power Herb
|-anim|p1a: Sapphire|Meteor Beam|p2a: Quaquaval
|-resisted|p2a: Quaquaval
|-damage|p2a: Quaquaval|36/100
|
|-weather|RainDance|[upkeep]
|upkeep
|turn|2
|
|t:|1760306880
|switch|p1a: Watercolour|Ogerpon-Wellspring, F|100/100
|move|p2a: Quaquaval|Substitute|p2a: Quaquaval
|-start|p2a: Quaquaval|Substitute
|-damage|p2a: Quaquaval|11/100
|-enditem|p2a: Quaquaval|Liechi Berry|[eat]
|-boost|p2a: Quaquaval|atk|1|[from] item: Liechi Berry
|
|-weather|RainDance|[upkeep]
|upkeep
|turn|3
|
|t:|1760306884
|move|p1a: Watercolour|Horn Leech|p2a: Quaquaval
|-supereffective|p2a: Quaquaval
|-end|p2a: Quaquaval|Substitute
|move|p2a: Quaquaval|Close Combat|p1a: Watercolour
|-damage|p1a: Watercolour|0 fnt
|-unboost|p2a: Quaquaval|def|1
|-unboost|p2a: Quaquaval|spd|1
|faint|p1a: Watercolour
|
|-weather|RainDance|[upkeep]
|upkeep
|
|t:|1760306891
|switch|p1a: Blue (Da Ba Dee)|Samurott-Hisui, M|100/100
|turn|4
|
|t:|1760306895
|move|p1a: Blue (Da Ba Dee)|Ceaseless Edge|p2a: Quaquaval
|-resisted|p2a: Quaquaval
|-crit|p2a: Quaquaval
|-damage|p2a: Quaquaval|0 fnt
|-sidestart|p2: Chillmaxxer|Spikes
|faint|p2a: Quaquaval
|
|-weather|RainDance|[upkeep]
|upkeep
|
|t:|1760306902
|switch|p2a: Pawmot|Pawmot, M|100/100
|-damage|p2a: Pawmot|88/100|[from] Spikes
|turn|5
|
|t:|1760306906
|move|p2a: Pawmot|Revival Blessing|p2a: Pawmot
|-enditem|p2a: Pawmot|Leppa Berry|[eat]
|-activate|p2a: Pawmot|item: Leppa Berry|Revival Blessing|[consumed]
|
|t:|1760306909
|-heal|p2: Quaquaval|50/100|[from] move: Revival Blessing
|move|p1a: Blue (Da Ba Dee)|Razor Shell|p2a: Pawmot
|-damage|p2a: Pawmot|0 fnt
|faint|p2a: Pawmot
|
|-weather|RainDance|[upkeep]
|upkeep
|
|t:|1760306920
|switch|p2a: Pelipper|Pelipper, M|100/100
|turn|6
|
|t:|1760306922
|move|p1a: Blue (Da Ba Dee)|Ceaseless Edge|p2a: Pelipper
|-damage|p2a: Pelipper|64/100
|-sidestart|p2: Chillmaxxer|Spikes
|move|p2a: Pelipper|U-turn|p1a: Blue (Da Ba Dee)
|-supereffective|p1a: Blue (Da Ba Dee)
|-damage|p1a: Blue (Da Ba Dee)|79/100
|
|t:|1760306937
|switch|p2a: Quaquaval|Quaquaval, M|50/100|[from] U-turn
|-damage|p2a: Quaquaval|34/100|[from] Spikes
|
|-weather|RainDance|[upkeep]
|upkeep
|turn|7
|
|t:|1760306946
|move|p2a: Quaquaval|Rapid Spin|p1a: Blue (Da Ba Dee)
|-damage|p1a: Blue (Da Ba Dee)|59/100
|-boost|p2a: Quaquaval|spe|1
|-sideend|p2: Chillmaxxer|Spikes|[from] move: Rapid Spin|[of] p2a: Quaquaval
|move|p1a: Blue (Da Ba Dee)|Razor Shell|p2a: Quaquaval
|-resisted|p2a: Quaquaval
|-damage|p2a: Quaquaval|0 fnt
|faint|p2a: Quaquaval
|
|-weather|RainDance|[upkeep]
|upkeep
|
|t:|1760306955
|switch|p2a: Beartic|Beartic, M|100/100
|turn|8
|
|t:|1760306958
|switch|p1a: Blue Monday|Metagross|100/100
|move|p2a: Beartic|Close Combat|p1a: Blue Monday
|-damage|p1a: Blue Monday|61/100
|-unboost|p2a: Beartic|def|1
|-unboost|p2a: Beartic|spd|1
|-damage|p2a: Beartic|91/100|[from] item: Life Orb
|
|-weather|none
|upkeep
|turn|9
|
|t:|1760306963
|switch|p2a: Pelipper|Pelipper, M|64/100
|-weather|RainDance|[from] ability: Drizzle|[of] p2a: Pelipper
|move|p1a: Blue Monday|Psychic Fangs|p2a: Pelipper
|-damage|p2a: Pelipper|34/100
|
|-weather|RainDance|[upkeep]
|upkeep
|turn|10
|
|t:|1760306968
|move|p1a: Blue Monday|Psychic Fangs|p2a: Pelipper
|-damage|p2a: Pelipper|0 fnt
|faint|p2a: Pelipper
|
|-weather|RainDance|[upkeep]
|upkeep
|
|t:|1760306975
|switch|p2a: Basculegion|Basculegion, M|100/100
|turn|11
|
|t:|1760306978
|move|p2a: Basculegion|Wave Crash|p1a: Blue Monday
|-damage|p1a: Blue Monday|0 fnt
|faint|p1a: Blue Monday
|-damage|p2a: Basculegion|81/100|[from] Recoil
|
|-weather|RainDance|[upkeep]
|upkeep
|
|t:|1760306984
|switch|p1a: Pale Blue Eyes|Latios, M|100/100
|turn|12
|
|t:|1760306987
|-terastallize|p2a: Basculegion|Water
|move|p2a: Basculegion|Wave Crash|p1a: Pale Blue Eyes
|-resisted|p1a: Pale Blue Eyes
|-crit|p1a: Pale Blue Eyes
|-damage|p1a: Pale Blue Eyes|0 fnt
|faint|p1a: Pale Blue Eyes
|-damage|p2a: Basculegion|55/100|[from] Recoil
|
|-weather|RainDance|[upkeep]
|upkeep
|
|t:|1760306997
|switch|p1a: Blue (Da Ba Dee)|Samurott-Hisui, M|59/100
|turn|13
|
|t:|1760306999
|move|p1a: Blue (Da Ba Dee)|Aqua Jet|p2a: Basculegion
|-resisted|p2a: Basculegion
|-damage|p2a: Basculegion|38/100
|move|p2a: Basculegion|Wave Crash|p1a: Blue (Da Ba Dee)
|-resisted|p1a: Blue (Da Ba Dee)
|-damage|p1a: Blue (Da Ba Dee)|0 fnt
|faint|p1a: Blue (Da Ba Dee)
|-damage|p2a: Basculegion|21/100|[from] Recoil
|
|-weather|RainDance|[upkeep]
|upkeep
|
|t:|1760307005
|switch|p1a: Sapphire|Glimmora, M|100/100
|turn|14
|
|t:|1760307007
|move|p2a: Basculegion|Wave Crash|p1a: Sapphire
|-supereffective|p1a: Sapphire
|-damage|p1a: Sapphire|0 fnt
|-activate|p1a: Sapphire|ability: Toxic Debris
|-sidestart|p2: Chillmaxxer|move: Toxic Spikes
|faint|p1a: Sapphire
|-damage|p2a: Basculegion|0 fnt|[from] Recoil
|faint|p2a: Basculegion
|
|-weather|RainDance|[upkeep]
|upkeep
|
|t:|1760307011
|switch|p1a: Mr. Blue Sky|Thundurus-Therian, M|100/100
|switch|p2a: Beartic|Beartic, M|91/100
|-status|p2a: Beartic|psn
|turn|15
|
|t:|1760307013
|-terastallize|p1a: Mr. Blue Sky|Electric
|move|p1a: Mr. Blue Sky|Thunderbolt|p2a: Beartic
|-damage|p2a: Beartic|2/100 psn
|move|p2a: Beartic|Icicle Crash|p1a: Mr. Blue Sky
|-damage|p1a: Mr. Blue Sky|18/100
|-damage|p2a: Beartic|0 fnt|[from] item: Life Orb
|faint|p2a: Beartic
|
|-weather|RainDance|[upkeep]
|upkeep
|
|t:|1760307016
|switch|p2a: Dragapult|Dragapult, M|100/100
|-status|p2a: Dragapult|psn
|turn|16
|
|t:|1760307019
|move|p1a: Mr. Blue Sky|Thunderbolt|p2a: Dragapult
|-resisted|p2a: Dragapult
|-damage|p2a: Dragapult|58/100 psn
|move|p2a: Dragapult|Shadow Ball|p1a: Mr. Blue Sky
|-damage|p1a: Mr. Blue Sky|0 fnt
|faint|p1a: Mr. Blue Sky
|-damage|p2a: Dragapult|48/100 psn|[from] item: Life Orb
|
|win|Chillmaxxer
|raw|PG Spectating's rating: 1426 &rarr; <strong>1403</strong><br />(-23 for losing)
|raw|Chillmaxxer's rating: 1371 &rarr; <strong>1394</strong><br />(+23 for winning)
|l|☆PG Spectating
|player|p1|
