|j|☆Mr Tpen
|j|☆jemaisjepa
|t:|1760361579
|gametype|singles
|player|p1|Mr Tpen|170|1801
|player|p2|jemaisjepa|marlon|1812
|gen|9
|tier|[Gen 9] OU
|rated|
|rule|HP Percentage Mod: HP is shown in percentages
|rule|Endless Battle Clause: Forcing endless battles is banned
|rule|Species Clause: Limit one of each Pokémon
|rule|OHKO Clause: OHKO moves are banned
|rule|Evasion Items Clause: Evasion items are banned
|rule|Evasion Moves Clause: Evasion moves are banned
|rule|Evasion Abilities Clause: Evasion abilities are banned
|rule|Sleep Moves Clause: Sleep-inducing moves are banned
|clearpoke
|poke|p1|Enamorus, F|
|poke|p1|Kyurem|
|poke|p1|Landorus-Therian, M|
|poke|p1|Kingambit, F|
|poke|p1|Ogerpon-Wellspring, F|
|poke|p1|Glimmora, F|
|poke|p2|Weezing-Galar, F|
|poke|p2|Alomomola, M|
|poke|p2|Dragonite, M|
|poke|p2|Great Tusk|
|poke|p2|Zamazenta-*|
|poke|p2|Ogerpon-Wellspring, F|
|teampreview
|inactive|Battle timer is ON: inactive players will automatically lose when time's up. (requested by jemaisjepa)
|inactive|Mr Tpen has 120 seconds left.
|l|☆Mr Tpen
|inactive|Mr Tpen disconnected and has a minute to reconnect!
|player|p1|
|j|☆Mr Tpen
|inactive|Mr Tpen reconnected and has 105 seconds left.
|player|p1|Mr Tpen|170|
|
|t:|1760361634
|teamsize|p1|6
|teamsize|p2|6
|start
|switch|p1a: Ogerpon|Ogerpon-Wellspring, F|100/100
|switch|p2a: Zamazenta|Zamazenta, shiny|100/100
|-ability|p2a: Zamazenta|Dauntless Shield|boost
|-boost|p2a: Zamazenta|def|1
|turn|1
|
|t:|1760361644
|switch|p1a: Glimmora|Glimmora, F|100/100
|move|p2a: Zamazenta|Close Combat|p1a: Glimmora
|-damage|p1a: Glimmora|32/100
|-unboost|p2a: Zamazenta|def|1
|-unboost|p2a: Zamazenta|spd|1
|-activate|p1a: Glimmora|ability: Toxic Debris
|-sidestart|p2: jemaisjepa|move: Toxic Spikes
|-enditem|p1a: Glimmora|Red Card|[of] p2a: Zamazenta
|drag|p2a: Weezing|Weezing-Galar, F, shiny|100/100
|-ability|p2a: Weezing|Neutralizing Gas
|-sideend|p2: jemaisjepa|move: Toxic Spikes|[of] p2a: Weezing
|
|upkeep
|turn|2
|
|t:|1760361655
|-end|p2a: Weezing|ability: Neutralizing Gas
|switch|p2a: Dragonite|Dragonite, M, shiny|100/100
|move|p1a: Glimmora|Earth Power|p2a: Dragonite
|-immune|p2a: Dragonite
|
|upkeep
|turn|3
|
|t:|1760361668
|switch|p2a: Alomomola|Alomomola, M, shiny|100/100
|move|p1a: Glimmora|Mortal Spin|p2a: Alomomola
|-damage|p2a: Alomomola|96/100
|-status|p2a: Alomomola|psn
|
|-damage|p2a: Alomomola|84/100 psn|[from] psn
|upkeep
|turn|4
|
|t:|1760361676
|switch|p1a: Ogerpon|Ogerpon-Wellspring, F|100/100
|move|p2a: Alomomola|Flip Turn|p1a: Ogerpon
|-immune|p1a: Ogerpon|[from] ability: Water Absorb
|
|-damage|p2a: Alomomola|71/100 psn|[from] psn
|upkeep
|turn|5
|
|t:|1760361679
|switch|p2a: Weezing|Weezing-Galar, F, shiny|100/100
|-ability|p2a: Weezing|Neutralizing Gas
|move|p1a: Ogerpon|Knock Off|p2a: Weezing
|-resisted|p2a: Weezing
|-damage|p2a: Weezing|88/100
|-enditem|p2a: Weezing|Heavy-Duty Boots|[from] move: Knock Off|[of] p1a: Ogerpon
|
|upkeep
|turn|6
|j| wgw2333
|
|t:|1760361682
|move|p1a: Ogerpon|Taunt|p2a: Weezing
|-start|p2a: Weezing|move: Taunt
|cant|p2a: Weezing|move: Taunt|Will-O-Wisp
|
|upkeep
|turn|7
|j| ouww miguel o hara
|
|t:|1760361685
|move|p1a: Ogerpon|U-turn|p2a: Weezing
|-resisted|p2a: Weezing
|-damage|p2a: Weezing|84/100
|
|t:|1760361687
|switch|p1a: Landorus|Landorus-Therian, M|100/100|[from] U-turn
|move|p2a: Weezing|Sludge Bomb|p1a: Landorus
|-resisted|p1a: Landorus
|-damage|p1a: Landorus|85/100
|
|upkeep
|turn|8
|
|t:|1760361691
|-end|p2a: Weezing|ability: Neutralizing Gas
|-ability|p1a: Landorus|Intimidate|boost
|-unboost|p2a: Weezing|atk|1
|switch|p2a: Alomomola|Alomomola, M, shiny|100/100 psn
|move|p1a: Landorus|Stealth Rock|p2a: Alomomola
|-sidestart|p2: jemaisjepa|move: Stealth Rock
|
|-damage|p2a: Alomomola|88/100 psn|[from] psn
|upkeep
|turn|9
|
|t:|1760361695
|move|p1a: Landorus|Taunt|p2a: Alomomola
|-start|p2a: Alomomola|move: Taunt
|move|p2a: Alomomola|Body Slam|p1a: Landorus
|-damage|p1a: Landorus|70/100
|-damage|p2a: Alomomola|71/100 psn|[from] item: Rocky Helmet|[of] p1a: Landorus
|
|-damage|p2a: Alomomola|59/100 psn|[from] psn
|upkeep
|turn|10
|
|t:|1760361706
|switch|p1a: Ogerpon|Ogerpon-Wellspring, F|100/100
|move|p2a: Alomomola|Flip Turn|p1a: Ogerpon
|-immune|p1a: Ogerpon|[from] ability: Water Absorb
|
|-damage|p2a: Alomomola|46/100 psn|[from] psn
|upkeep
|turn|11
|
|t:|1760361709
|switch|p2a: Weezing|Weezing-Galar, F, shiny|84/100
|-ability|p2a: Weezing|Neutralizing Gas
|-damage|p2a: Weezing|72/100|[from] Stealth Rock
|move|p1a: Ogerpon|Knock Off|p2a: Weezing
|-resisted|p2a: Weezing
|-damage|p2a: Weezing|63/100
|
|upkeep
|turn|12
|
|t:|1760361714
|move|p1a: Ogerpon|Taunt|p2a: Weezing
|-start|p2a: Weezing|move: Taunt
|move|p2a: Weezing|Sludge Bomb|p1a: Ogerpon
|-supereffective|p1a: Ogerpon
|-damage|p1a: Ogerpon|34/100
|
|upkeep
|turn|13
|
|t:|1760361717
|move|p1a: Ogerpon|U-turn|p2a: Weezing
|-resisted|p2a: Weezing
|-damage|p2a: Weezing|59/100
|
|t:|1760361719
|switch|p1a: Landorus|Landorus-Therian, M|70/100|[from] U-turn
|move|p2a: Weezing|Sludge Bomb|p1a: Landorus
|-resisted|p1a: Landorus
|-damage|p1a: Landorus|56/100
|
|upkeep
|turn|14
|
|t:|1760361723
|switch|p1a: Ogerpon|Ogerpon-Wellspring, F|34/100
|move|p2a: Weezing|Sludge Bomb|p1a: Ogerpon
|-supereffective|p1a: Ogerpon
|-damage|p1a: Ogerpon|0 fnt
|faint|p1a: Ogerpon
|
|-end|p2a: Weezing|move: Taunt
|upkeep
|
|t:|1760361727
|switch|p1a: Landorus|Landorus-Therian, M|56/100
|turn|15
|
|t:|1760361736
|-end|p2a: Weezing|ability: Neutralizing Gas
|-ability|p1a: Landorus|Intimidate|boost
|-unboost|p2a: Weezing|atk|1
|switch|p2a: Dragonite|Dragonite, M, shiny|100/100
|move|p1a: Landorus|Taunt|p2a: Dragonite
|-start|p2a: Dragonite|move: Taunt
|
|upkeep
|turn|16
|
|t:|1760361738
|move|p1a: Landorus|Smack Down|p2a: Dragonite
|-supereffective|p2a: Dragonite
|-damage|p2a: Dragonite|87/100
|-start|p2a: Dragonite|Smack Down
|move|p2a: Dragonite|Dragon Tail|p1a: Landorus|[miss]
|-miss|p2a: Dragonite|p1a: Landorus
|
|upkeep
|turn|17
|
|t:|1760361744
|move|p1a: Landorus|Earthquake|p2a: Dragonite
|-damage|p2a: Dragonite|42/100
|move|p2a: Dragonite|Dragon Tail|p1a: Landorus|[miss]
|-miss|p2a: Dragonite|p1a: Landorus
|
|-end|p2a: Dragonite|move: Taunt
|upkeep
|turn|18
|
|t:|1760361753
|switch|p2a: Great Tusk|Great Tusk|100/100
|-damage|p2a: Great Tusk|98/100|[from] Stealth Rock
|-enditem|p2a: Great Tusk|Booster Energy
|-activate|p2a: Great Tusk|ability: Protosynthesis|[fromitem]
|-start|p2a: Great Tusk|protosynthesisatk
|move|p1a: Landorus|Earthquake|p2a: Great Tusk
|-damage|p2a: Great Tusk|66/100
|
|upkeep
|turn|19
|
|t:|1760361757
|move|p1a: Landorus|Taunt|p2a: Great Tusk
|-start|p2a: Great Tusk|move: Taunt
|move|p2a: Great Tusk|Ice Spinner|p1a: Landorus
|-supereffective|p1a: Landorus
|-damage|p1a: Landorus|0 fnt
|-damage|p2a: Great Tusk|49/100|[from] item: Rocky Helmet|[of] p1a: Landorus
|faint|p1a: Landorus
|
|upkeep
|
|t:|1760361760
|switch|p1a: Enamorus|Enamorus, F|100/100
|turn|20
|
|t:|1760361766
|-end|p2a: Great Tusk|Protosynthesis|[silent]
|switch|p2a: Weezing|Weezing-Galar, F, shiny|59/100
|-ability|p2a: Weezing|Neutralizing Gas
|-damage|p2a: Weezing|47/100|[from] Stealth Rock
|move|p1a: Enamorus|Moonblast|p2a: Weezing
|-resisted|p2a: Weezing
|-damage|p2a: Weezing|12/100
|
|upkeep
|turn|21
|
|t:|1760361773
|move|p1a: Enamorus|Moonblast|p2a: Weezing
|-resisted|p2a: Weezing
|-damage|p2a: Weezing|0 fnt
|faint|p2a: Weezing
|-end|p2a: Weezing|ability: Neutralizing Gas
|
|upkeep
|
|t:|1760361782
|switch|p2a: Alomomola|Alomomola, M, shiny|80/100 psn
|-damage|p2a: Alomomola|67/100 psn|[from] Stealth Rock
|turn|22
|
|t:|1760361784
|move|p1a: Enamorus|Superpower|p2a: Alomomola
|-damage|p2a: Alomomola|47/100 psn
|-boost|p1a: Enamorus|atk|1
|-boost|p1a: Enamorus|def|1
|move|p2a: Alomomola|Flip Turn|p1a: Enamorus
|-damage|p1a: Enamorus|84/100
|inactive|jemaisjepa has 120 seconds left.
|
|t:|1760361816
|switch|p2a: Zamazenta|Zamazenta, shiny|100/100|[from] Flip Turn
|-damage|p2a: Zamazenta|94/100|[from] Stealth Rock
|
|upkeep
|turn|23
|
|t:|1760361818
|move|p2a: Zamazenta|Stone Edge|p1a: Enamorus
|-supereffective|p1a: Enamorus
|-damage|p1a: Enamorus|0 fnt
|faint|p1a: Enamorus
|
|upkeep
|
|t:|1760361821
|switch|p1a: Glimmora|Glimmora, F|32/100
|turn|24
|
|t:|1760361825
|move|p2a: Zamazenta|Stone Edge|p1a: Glimmora
|-damage|p1a: Glimmora|0 fnt
|-activate|p1a: Glimmora|ability: Toxic Debris
|-sidestart|p2: jemaisjepa|move: Toxic Spikes
|faint|p1a: Glimmora
|
|upkeep
|
|t:|1760361828
|switch|p1a: Kingambit|Kingambit, F|100/100
|-activate|p1a: Kingambit|ability: Supreme Overlord
|-start|p1a: Kingambit|fallen4|[silent]
|-item|p1a: Kingambit|Air Balloon
|turn|25
|
|t:|1760361836
|switch|p2a: Dragonite|Dragonite, M, shiny|42/100
|move|p1a: Kingambit|Swords Dance|p1a: Kingambit
|-boost|p1a: Kingambit|atk|2
|
|upkeep
|turn|26
|
|t:|1760361840
|move|p1a: Kingambit|Iron Head|p2a: Dragonite
|-damage|p2a: Dragonite|0 fnt
|faint|p2a: Dragonite
|
|upkeep
|
|t:|1760361845
|switch|p2a: Great Tusk|Great Tusk|49/100
|-damage|p2a: Great Tusk|46/100|[from] Stealth Rock
|-status|p2a: Great Tusk|psn
|turn|27
|
|t:|1760361848
|-terastallize|p1a: Kingambit|Ghost
|move|p2a: Great Tusk|Ice Spinner|p1a: Kingambit
|-damage|p1a: Kingambit|77/100
|-enditem|p1a: Kingambit|Air Balloon
|move|p1a: Kingambit|Swords Dance|p1a: Kingambit
|-boost|p1a: Kingambit|atk|2
|
|-damage|p2a: Great Tusk|34/100 psn|[from] psn
|upkeep
|turn|28
|
|t:|1760361856
|move|p2a: Great Tusk|Headlong Rush|p1a: Kingambit
|-damage|p1a: Kingambit|24/100
|-unboost|p2a: Great Tusk|def|1
|-unboost|p2a: Great Tusk|spd|1
|move|p1a: Kingambit|Low Kick|p2a: Great Tusk
|-damage|p2a: Great Tusk|0 fnt
|faint|p2a: Great Tusk
|-end|p2a: Great Tusk|Protosynthesis|[silent]
|
|upkeep
|l| ouww miguel o hara
|
|t:|1760361863
|switch|p2a: Zamazenta|Zamazenta, shiny|94/100
|-damage|p2a: Zamazenta|88/100|[from] Stealth Rock
|-status|p2a: Zamazenta|psn
|turn|29
|inactive|jemaisjepa has 120 seconds left.
|
|t:|1760361896
|move|p1a: Kingambit|Sucker Punch|p2a: Zamazenta
|-resisted|p2a: Zamazenta
|-damage|p2a: Zamazenta|13/100 psn
|move|p2a: Zamazenta|Crunch|p1a: Kingambit
|-supereffective|p1a: Kingambit
|-damage|p1a: Kingambit|0 fnt
|faint|p1a: Kingambit
|-end|p1a: Kingambit|fallen4|[silent]
|
|-damage|p2a: Zamazenta|1/100 psn|[from] psn
|upkeep
|
|t:|1760361898
|switch|p1a: Kyurem|Kyurem|100/100
|-ability|p1a: Kyurem|Pressure
|turn|30
|
|t:|1760361901
|move|p1a: Kyurem|Freeze-Dry|p2a: Zamazenta
|-damage|p2a: Zamazenta|0 fnt
|faint|p2a: Zamazenta
|
|upkeep
|
|t:|1760361907
|switch|p2a: Alomomola|Alomomola, M, shiny|80/100 psn
|-damage|p2a: Alomomola|68/100 psn|[from] Stealth Rock
|turn|31
|
|t:|1760361921
|move|p1a: Kyurem|Freeze-Dry|p2a: Alomomola
|-supereffective|p2a: Alomomola
|-damage|p2a: Alomomola|25/100 psn
|move|p2a: Alomomola|Mirror Coat|p1a: Kyurem
|-damage|p1a: Kyurem|0 fnt
|faint|p1a: Kyurem
|
|win|jemaisjepa
|raw|Mr Tpen's rating: 1801 &rarr; <strong>1782</strong><br />(-19 for losing)
|raw|jemaisjepa's rating: 1812 &rarr; <strong>1831</strong><br />(+19 for winning)
|l|☆Mr Tpen
|player|p1|
|c|☆jemaisjepa|gg
|l|☆jemaisjepa
|player|p2|
