|j|☆TheyStoleMyLogs
|j|☆DeadlockedTheory
|t:|1760389347
|gametype|singles
|player|p1|TheyStoleMyLogs|lance|1661
|player|p2|DeadlockedTheory|169|1649
|gen|9
|tier|[Gen 9] OU
|rated|
|rule|HP Percentage Mod: HP is shown in percentages
|rule|Endless Battle Clause: Forcing endless battles is banned
|rule|Species Clause: Limit one of each Pokémon
|rule|OHKO Clause: OHKO moves are banned
|rule|Evasion Items Clause: Evasion items are banned
|rule|Evasion Moves Clause: Evasion moves are banned
|rule|Evasion Abilities Clause: Evasion abilities are banned
|rule|Sleep Moves Clause: Sleep-inducing moves are banned
|clearpoke
|poke|p1|Houndstone, F|
|poke|p1|Ting-Lu|
|poke|p1|Scizor, M|
|poke|p1|Arcanine-Hisui, F|
|poke|p1|Zapdos|
|poke|p1|Ogerpon-Wellspring, F|
|poke|p2|Lokix, F|
|poke|p2|Cinderace, M|
|poke|p2|Great Tusk|
|poke|p2|Alomomola, M|
|poke|p2|Enamorus, F|
|poke|p2|Slowking-Galar, F|
|teampreview
|
|t:|1760389357
|teamsize|p1|6
|teamsize|p2|6
|start
|switch|p1a: Zapdos|Zapdos|100/100
|switch|p2a: Lokix|Lokix, F|100/100
|turn|1
|
|t:|1760389372
|switch|p2a: Alomomola|Alomomola, M|100/100
|move|p1a: Zapdos|Hurricane|p2a: Alomomola
|-damage|p2a: Alomomola|62/100
|
|upkeep
|turn|2
|
|t:|1760389379
|switch|p1a: what's skill|Ogerpon-Wellspring, F|100/100
|move|p2a: Alomomola|Mirror Coat||[still]
|-fail|p2a: Alomomola
|
|upkeep
|turn|3
|
|t:|1760389391
|move|p1a: what's skill|Spikes|p2a: Alomomola
|-sidestart|p2: DeadlockedTheory|Spikes
|move|p2a: Alomomola|Body Slam|p1a: what's skill
|-damage|p1a: what's skill|82/100
|
|upkeep
|turn|4
|
|t:|1760389398
|switch|p2a: Slowking|Slowking-Galar, F|100/100
|-damage|p2a: Slowking|88/100|[from] Spikes
|move|p1a: what's skill|Knock Off|p2a: Slowking
|-supereffective|p2a: Slowking
|-damage|p2a: Slowking|33/100
|-enditem|p2a: Slowking|Shuca Berry|[from] move: Knock Off|[of] p1a: what's skill
|
|upkeep
|turn|5
|
|t:|1760389408
|move|p1a: what's skill|Ivy Cudgel|p2a: Slowking|[anim] Ivy Cudgel Water
|-damage|p2a: Slowking|0 fnt
|faint|p2a: Slowking
|
|upkeep
|
|t:|1760389415
|switch|p2a: Lokix|Lokix, F|100/100
|-damage|p2a: Lokix|88/100|[from] Spikes
|turn|6
|
|t:|1760389434
|switch|p1a: Ting-Lu|Ting-Lu|100/100
|-ability|p1a: Ting-Lu|Vessel of Ruin
|move|p2a: Lokix|Knock Off|p1a: Ting-Lu
|-resisted|p1a: Ting-Lu
|-damage|p1a: Ting-Lu|64/100
|-enditem|p1a: Ting-Lu|Leftovers|[from] move: Knock Off|[of] p2a: Lokix
|
|upkeep
|turn|7
|
|t:|1760389443
|switch|p2a: Great Tusk|Great Tusk|100/100
|-damage|p2a: Great Tusk|88/100|[from] Spikes
|move|p1a: Ting-Lu|Payback|p2a: Great Tusk
|-resisted|p2a: Great Tusk
|-damage|p2a: Great Tusk|83/100
|
|-heal|p2a: Great Tusk|89/100|[from] item: Leftovers
|upkeep
|turn|8
|
|t:|1760389462
|switch|p1a: Houndstone|Houndstone, F|100/100
|move|p2a: Great Tusk|Bulk Up|p2a: Great Tusk
|-boost|p2a: Great Tusk|atk|1
|-boost|p2a: Great Tusk|def|1
|
|-heal|p2a: Great Tusk|96/100|[from] item: Leftovers
|upkeep
|turn|9
|
|t:|1760389470
|move|p2a: Great Tusk|Bulk Up|p2a: Great Tusk
|-boost|p2a: Great Tusk|atk|1
|-boost|p2a: Great Tusk|def|1
|move|p1a: Houndstone|Charm|p2a: Great Tusk
|-unboost|p2a: Great Tusk|atk|2
|
|-heal|p2a: Great Tusk|100/100|[from] item: Leftovers
|upkeep
|turn|10
|
|t:|1760389479
|move|p2a: Great Tusk|Knock Off|p1a: Houndstone
|-supereffective|p1a: Houndstone
|-crit|p1a: Houndstone
|-damage|p1a: Houndstone|68/100
|-enditem|p1a: Houndstone|Leftovers|[from] move: Knock Off|[of] p2a: Great Tusk
|move|p1a: Houndstone|Night Shade|p2a: Great Tusk
|-damage|p2a: Great Tusk|77/100
|
|-heal|p2a: Great Tusk|84/100|[from] item: Leftovers
|upkeep
|turn|11
|
|t:|1760389502
|-end|p2a: Great Tusk|Protosynthesis|[silent]
|switch|p2a: Lokix|Lokix, F|88/100
|-damage|p2a: Lokix|76/100|[from] Spikes
|move|p1a: Houndstone|Charm|p2a: Lokix
|-unboost|p2a: Lokix|atk|2
|
|upkeep
|turn|12
|
|t:|1760389510
|move|p2a: Lokix|U-turn|p1a: Houndstone
|-resisted|p1a: Houndstone
|-damage|p1a: Houndstone|58/100
|
|t:|1760389517
|switch|p2a: Enamorus|Enamorus, F|100/100|[from] U-turn
|move|p1a: Houndstone|Night Shade|p2a: Enamorus
|-damage|p2a: Enamorus|66/100
|
|upkeep
|turn|13
|
|t:|1760389528
|switch|p1a: Arcanine|Arcanine-Hisui, F|100/100
|-terastallize|p2a: Enamorus|Stellar
|move|p2a: Enamorus|Tera Blast|p1a: Arcanine|[anim] Tera Blast Stellar
|-damage|p1a: Arcanine|41/100
|-boost|p2a: Enamorus|atk|1
|-boost|p2a: Enamorus|spa|1
|
|upkeep
|turn|14
|
|t:|1760389558
|-terastallize|p1a: Arcanine|Normal
|move|p1a: Arcanine|Extreme Speed|p2a: Enamorus
|-damage|p2a: Enamorus|0 fnt
|faint|p2a: Enamorus
|
|upkeep
|
|t:|1760389570
|switch|p2a: Cinderace|Cinderace, M|100/100
|turn|15
|
|t:|1760389591
|switch|p1a: Scizor|Scizor, M|100/100
|move|p2a: Cinderace|Pyro Ball|p1a: Scizor
|-supereffective|p1a: Scizor
|-damage|p1a: Scizor|0 fnt
|faint|p1a: Scizor
|
|upkeep
|
|t:|1760389596
|switch|p1a: Ting-Lu|Ting-Lu|64/100
|-ability|p1a: Ting-Lu|Vessel of Ruin
|turn|16
|
|t:|1760389602
|move|p2a: Cinderace|Will-O-Wisp|p1a: Ting-Lu
|-status|p1a: Ting-Lu|brn
|move|p1a: Ting-Lu|Earthquake|p2a: Cinderace
|-supereffective|p2a: Cinderace
|-damage|p2a: Cinderace|53/100
|
|-damage|p1a: Ting-Lu|58/100 brn|[from] brn
|upkeep
|turn|17
|
|t:|1760389611
|move|p2a: Cinderace|Pyro Ball|p1a: Ting-Lu|[miss]
|-miss|p2a: Cinderace|p1a: Ting-Lu
|move|p1a: Ting-Lu|Rest|p1a: Ting-Lu
|-status|p1a: Ting-Lu|slp|[from] move: Rest
|-heal|p1a: Ting-Lu|100/100 slp|[silent]
|
|upkeep
|turn|18
|
|t:|1760389619
|move|p2a: Cinderace|Court Change|p2a: Cinderace
|-swapsideconditions
|-activate|p2a: Cinderace|move: Court Change
|cant|p1a: Ting-Lu|slp
|move|p1a: Ting-Lu|Sleep Talk|p1a: Ting-Lu
|move|p1a: Ting-Lu|Payback|p2a: Cinderace|[from] move: Sleep Talk
|-damage|p2a: Cinderace|8/100
|
|upkeep
|turn|19
|
|t:|1760389628
|move|p2a: Cinderace|U-turn|p1a: Ting-Lu
|-supereffective|p1a: Ting-Lu
|-damage|p1a: Ting-Lu|81/100 slp
|
|t:|1760389631
|switch|p2a: Great Tusk|Great Tusk|84/100|[from] U-turn
|cant|p1a: Ting-Lu|slp
|move|p1a: Ting-Lu|Sleep Talk|p1a: Ting-Lu
|move|p1a: Ting-Lu|Payback|p2a: Great Tusk|[from] move: Sleep Talk
|-resisted|p2a: Great Tusk
|-damage|p2a: Great Tusk|78/100
|
|-heal|p2a: Great Tusk|84/100|[from] item: Leftovers
|upkeep
|turn|20
|
|t:|1760389658
|switch|p1a: Houndstone|Houndstone, F|58/100
|-damage|p1a: Houndstone|45/100|[from] Spikes
|move|p2a: Great Tusk|Rapid Spin|p1a: Houndstone
|-immune|p1a: Houndstone
|
|-heal|p2a: Great Tusk|91/100|[from] item: Leftovers
|upkeep
|turn|21
|
|t:|1760389674
|move|p2a: Great Tusk|Earthquake|p1a: Houndstone
|-damage|p1a: Houndstone|12/100
|move|p1a: Houndstone|Night Shade|p2a: Great Tusk
|-damage|p2a: Great Tusk|68/100
|
|-heal|p2a: Great Tusk|74/100|[from] item: Leftovers
|upkeep
|turn|22
|
|t:|1760389683
|move|p2a: Great Tusk|Knock Off|p1a: Houndstone
|-supereffective|p1a: Houndstone
|-damage|p1a: Houndstone|0 fnt
|faint|p1a: Houndstone
|
|-heal|p2a: Great Tusk|80/100|[from] item: Leftovers
|upkeep
|
|t:|1760389685
|switch|p1a: Zapdos|Zapdos|100/100
|turn|23
|
|t:|1760389698
|-end|p2a: Great Tusk|Protosynthesis|[silent]
|switch|p2a: Alomomola|Alomomola, M|96/100
|move|p1a: Zapdos|Hurricane|p2a: Alomomola|[miss]
|-miss|p1a: Zapdos|p2a: Alomomola
|
|upkeep
|turn|24
|
|t:|1760389707
|switch|p1a: what's skill|Ogerpon-Wellspring, F|82/100
|-damage|p1a: what's skill|69/100|[from] Spikes
|move|p2a: Alomomola|Body Slam|p1a: what's skill
|-damage|p1a: what's skill|49/100
|
|upkeep
|turn|25
|
|t:|1760389717
|move|p1a: what's skill|Knock Off|p2a: Alomomola
|-damage|p2a: Alomomola|65/100
|-enditem|p2a: Alomomola|Assault Vest|[from] move: Knock Off|[of] p1a: what's skill
|move|p2a: Alomomola|Body Slam|p1a: what's skill
|-damage|p1a: what's skill|30/100
|
|upkeep
|turn|26
|
|t:|1760389729
|move|p1a: what's skill|U-turn|p2a: Alomomola
|-damage|p2a: Alomomola|45/100
|
|t:|1760389731
|switch|p1a: Zapdos|Zapdos|100/100|[from] U-turn
|move|p2a: Alomomola|Body Slam|p1a: Zapdos
|-damage|p1a: Zapdos|81/100
|
|upkeep
|turn|27
|
|t:|1760389742
|move|p1a: Zapdos|Hurricane|p2a: Alomomola
|-damage|p2a: Alomomola|0 fnt
|faint|p2a: Alomomola
|
|upkeep
|
|t:|1760389750
|switch|p2a: Cinderace|Cinderace, M|8/100
|turn|28
|
|t:|1760389768
|move|p2a: Cinderace|Pyro Ball|p1a: Zapdos
|-damage|p1a: Zapdos|0 fnt
|faint|p1a: Zapdos
|
|upkeep
|
|t:|1760389778
|switch|p1a: Arcanine|Arcanine-Hisui, F, tera:Normal|41/100
|-damage|p1a: Arcanine|29/100|[from] Spikes
|turn|29
|
|t:|1760389802
|switch|p2a: Great Tusk|Great Tusk|80/100
|move|p1a: Arcanine|Extreme Speed|p2a: Great Tusk
|-damage|p2a: Great Tusk|49/100
|
|-heal|p2a: Great Tusk|55/100|[from] item: Leftovers
|upkeep
|turn|30
|
|t:|1760389817
|switch|p1a: Ting-Lu|Ting-Lu|81/100 slp
|-damage|p1a: Ting-Lu|68/100 slp|[from] Spikes
|-ability|p1a: Ting-Lu|Vessel of Ruin
|move|p2a: Great Tusk|Earthquake|p1a: Ting-Lu
|-damage|p1a: Ting-Lu|46/100 slp
|
|-heal|p2a: Great Tusk|61/100|[from] item: Leftovers
|upkeep
|turn|31
|
|t:|1760389831
|switch|p1a: what's skill|Ogerpon-Wellspring, F|30/100
|-damage|p1a: what's skill|18/100|[from] Spikes
|move|p2a: Great Tusk|Bulk Up|p2a: Great Tusk
|-boost|p2a: Great Tusk|atk|1
|-boost|p2a: Great Tusk|def|1
|
|-heal|p2a: Great Tusk|67/100|[from] item: Leftovers
|upkeep
|turn|32
|
|t:|1760389842
|move|p1a: what's skill|Ivy Cudgel|p2a: Great Tusk|[anim] Ivy Cudgel Water
|-supereffective|p2a: Great Tusk
|-damage|p2a: Great Tusk|27/100
|move|p2a: Great Tusk|Rapid Spin|p1a: what's skill
|-damage|p1a: what's skill|0 fnt
|-boost|p2a: Great Tusk|spe|1
|faint|p1a: what's skill
|
|-heal|p2a: Great Tusk|33/100|[from] item: Leftovers
|upkeep
|
|t:|1760389848
|switch|p1a: Ting-Lu|Ting-Lu|46/100 slp
|-damage|p1a: Ting-Lu|34/100 slp|[from] Spikes
|-ability|p1a: Ting-Lu|Vessel of Ruin
|turn|33
|
|t:|1760389857
|move|p2a: Great Tusk|Earthquake|p1a: Ting-Lu
|-damage|p1a: Ting-Lu|0 fnt
|faint|p1a: Ting-Lu
|
|-heal|p2a: Great Tusk|39/100|[from] item: Leftovers
|upkeep
|
|t:|1760389859
|switch|p1a: Arcanine|Arcanine-Hisui, F, tera:Normal|29/100
|-damage|p1a: Arcanine|17/100|[from] Spikes
|turn|34
|
|t:|1760389868
|move|p1a: Arcanine|Extreme Speed|p2a: Great Tusk
|-crit|p2a: Great Tusk
|-damage|p2a: Great Tusk|0 fnt
|faint|p2a: Great Tusk
|-end|p2a: Great Tusk|Protosynthesis|[silent]
|
|upkeep
|
|t:|1760389873
|switch|p2a: Lokix|Lokix, F|76/100
|turn|35
|c|☆TheyStoleMyLogs|mb
|c|☆DeadlockedTheory|I think i lose
|c|☆DeadlockedTheory|Bruh
|c|☆DeadlockedTheory|gg
|
|t:|1760389890
|move|p1a: Arcanine|Extreme Speed|p2a: Lokix
|-damage|p2a: Lokix|0 fnt
|faint|p2a: Lokix
|
|upkeep
|
|t:|1760389895
|switch|p2a: Cinderace|Cinderace, M|8/100
|turn|36
|c|☆TheyStoleMyLogs|gg
|
|t:|1760389901
|move|p1a: Arcanine|Extreme Speed|p2a: Cinderace
|-damage|p2a: Cinderace|0 fnt
|faint|p2a: Cinderace
|
|win|TheyStoleMyLogs
|raw|TheyStoleMyLogs's rating: 1661 &rarr; <strong>1680</strong><br />(+19 for winning)
|raw|DeadlockedTheory's rating: 1649 &rarr; <strong>1630</strong><br />(-19 for losing)
|c|☆TheyStoleMyLogs|yeah I hate these moment
|c|☆DeadlockedTheory|It is what it is
|c|☆DeadlockedTheory|Gg
|c|☆TheyStoleMyLogs|*moments
|c|☆TheyStoleMyLogs|gg
|c|☆DeadlockedTheory|Yeah
|c|☆TheyStoleMyLogs|I had it happen in ADV
|c|☆DeadlockedTheory|rip
|c|☆TheyStoleMyLogs|Got rock slide flinched at a critical time
|c|☆DeadlockedTheory|Thats mons
|c|☆TheyStoleMyLogs|this kind of thing doesn't happen as often here though
|c|☆TheyStoleMyLogs|That's what I don't like about ADV
|c|☆TheyStoleMyLogs|It has almost everything right but the hax is atrocious
|c|☆TheyStoleMyLogs|Gen 9 rn is fine
|l|☆TheyStoleMyLogs
|player|p1|
