|j|‽ReyLly
|j|☆mahjini
|t:|1760430788
|gametype|singles
|player|p1|ReyLly|flannery|1233
|player|p2|mahjini|hoopster|1274
|gen|9
|tier|[Gen 9] OU
|rated|
|rule|HP Percentage Mod: HP is shown in percentages
|rule|Endless Battle Clause: Forcing endless battles is banned
|rule|Species Clause: Limit one of each Pokémon
|rule|OHKO Clause: OHKO moves are banned
|rule|Evasion Items Clause: Evasion items are banned
|rule|Evasion Moves Clause: Evasion moves are banned
|rule|Evasion Abilities Clause: Evasion abilities are banned
|rule|Sleep Moves Clause: Sleep-inducing moves are banned
|clearpoke
|poke|p1|Ceruledge, F|
|poke|p1|Dragonite, F|
|poke|p1|Primarina, M|
|poke|p1|Scizor, F|
|poke|p1|Ambipom, M|
|poke|p1|Gliscor, M|
|poke|p2|Ribombee, F|
|poke|p2|Empoleon, M|
|poke|p2|Cresselia, F|
|poke|p2|Kingambit, M|
|poke|p2|Hatterene, F|
|poke|p2|Raging Bolt|
|teampreview
|inactive|Battle timer is ON: inactive players will automatically lose when time's up. (requested by mahjini)
|
|t:|1760430796
|teamsize|p1|6
|teamsize|p2|6
|start
|switch|p1a: Ceruledge|Ceruledge, F|100/100
|switch|p2a: Cresselia|Cresselia, F|100/100
|turn|1
|
|t:|1760430809
|move|p1a: Ceruledge|Swords Dance|p1a: Ceruledge
|-boost|p1a: Ceruledge|atk|2
|move|p2a: Cresselia|Trick Room|p2a: Cresselia
|-fieldstart|move: Trick Room|[of] p2a: Cresselia
|
|upkeep
|turn|2
|
|t:|1760430825
|move|p2a: Cresselia|Lunar Dance|p2a: Cresselia
|faint|p2a: Cresselia
|move|p1a: Ceruledge|Bitter Blade|p2: Cresselia|[notarget]
|-fail|p1a: Ceruledge
|
|upkeep
|
|t:|1760430829
|switch|p2a: Kingambit|Kingambit, M|100/100
|turn|3
|
|t:|1760430832
|move|p2a: Kingambit|Kowtow Cleave|p1a: Ceruledge
|-supereffective|p1a: Ceruledge
|-enditem|p1a: Ceruledge|Focus Sash
|-damage|p1a: Ceruledge|1/100
|-ability|p1a: Ceruledge|Weak Armor|boost
|-unboost|p1a: Ceruledge|def|1
|-boost|p1a: Ceruledge|spe|2
|-damage|p2a: Kingambit|91/100|[from] item: Life Orb
|move|p1a: Ceruledge|Bitter Blade|p2a: Kingambit
|-supereffective|p2a: Kingambit
|-damage|p2a: Kingambit|0 fnt
|-heal|p1a: Ceruledge|63/100|[from] drain|[of] p2a: Kingambit
|faint|p2a: Kingambit
|
|upkeep
|
|t:|1760430838
|switch|p2a: Empoleon|Empoleon, M|100/100
|turn|4
|
|t:|1760430843
|-terastallize|p1a: Ceruledge|Ghost
|move|p1a: Ceruledge|Shadow Sneak|p2a: Empoleon
|-damage|p2a: Empoleon|48/100
|move|p2a: Empoleon|Hydro Pump|p1a: Ceruledge
|-damage|p1a: Ceruledge|0 fnt
|faint|p1a: Ceruledge
|
|upkeep
|
|t:|1760430850
|switch|p1a: Ambipom|Ambipom, M|100/100
|turn|5
|
|t:|1760430873
|move|p1a: Ambipom|Fake Out|p2a: Empoleon
|-resisted|p2a: Empoleon
|-damage|p2a: Empoleon|35/100
|cant|p2a: Empoleon|flinch
|
|-fieldend|move: Trick Room
|upkeep
|turn|6
|
|t:|1760430883
|move|p1a: Ambipom|Knock Off|p2a: Empoleon
|-damage|p2a: Empoleon|5/100
|-enditem|p2a: Empoleon|Choice Specs|[from] move: Knock Off|[of] p1a: Ambipom
|move|p2a: Empoleon|Hydro Pump|p1a: Ambipom
|-damage|p1a: Ambipom|16/100
|
|upkeep
|turn|7
|
|t:|1760430890
|move|p2a: Empoleon|Vacuum Wave|p1a: Ambipom
|-supereffective|p1a: Ambipom
|-damage|p1a: Ambipom|0 fnt
|faint|p1a: Ambipom
|
|upkeep
|
|t:|1760430893
|switch|p1a: Scizor|Scizor, F|100/100
|turn|8
|
|t:|1760430901
|move|p1a: Scizor|Bullet Punch|p2a: Empoleon
|-resisted|p2a: Empoleon
|-damage|p2a: Empoleon|0 fnt
|faint|p2a: Empoleon
|
|upkeep
|
|t:|1760430903
|switch|p2a: Ribombee|Ribombee, F|100/100
|turn|9
|
|t:|1760430910
|move|p1a: Scizor|Bullet Punch|p2a: Ribombee
|-supereffective|p2a: Ribombee
|-enditem|p2a: Ribombee|Focus Sash
|-damage|p2a: Ribombee|1/100
|move|p2a: Ribombee|Stun Spore|p1a: Scizor
|-status|p1a: Scizor|par
|
|upkeep
|turn|10
|
|t:|1760430917
|move|p1a: Scizor|Bullet Punch|p2a: Ribombee
|-supereffective|p2a: Ribombee
|-damage|p2a: Ribombee|0 fnt
|faint|p2a: Ribombee
|
|upkeep
|
|t:|1760430919
|switch|p2a: Hatterene|Hatterene, F|100/100
|turn|11
|
|t:|1760430925
|-terastallize|p2a: Hatterene|Ghost
|move|p1a: Scizor|Bullet Punch|p2a: Hatterene
|-damage|p2a: Hatterene|60/100
|move|p2a: Hatterene|Trick Room|p2a: Hatterene
|-fieldstart|move: Trick Room|[of] p2a: Hatterene
|
|upkeep
|turn|12
|
|t:|1760430929
|switch|p2a: Raging Bolt|Raging Bolt|100/100
|-enditem|p2a: Raging Bolt|Booster Energy
|-activate|p2a: Raging Bolt|ability: Protosynthesis|[fromitem]
|-start|p2a: Raging Bolt|protosynthesisspa
|cant|p1a: Scizor|par
|
|upkeep
|turn|13
|
|t:|1760430940
|move|p1a: Scizor|Knock Off|p2a: Raging Bolt
|-damage|p2a: Raging Bolt|79/100
|move|p2a: Raging Bolt|Thunderbolt|p1a: Scizor
|-damage|p1a: Scizor|18/100 par
|-enditem|p1a: Scizor|Sitrus Berry|[eat]
|-heal|p1a: Scizor|43/100 par|[from] item: Sitrus Berry
|
|upkeep
|turn|14
|
|t:|1760430945
|move|p1a: Scizor|Bullet Punch|p2a: Raging Bolt
|-resisted|p2a: Raging Bolt
|-damage|p2a: Raging Bolt|64/100
|move|p2a: Raging Bolt|Thunderclap||[still]
|-fail|p2a: Raging Bolt
|
|upkeep
|turn|15
|
|t:|1760430948
|move|p1a: Scizor|Bullet Punch|p2a: Raging Bolt
|-resisted|p2a: Raging Bolt
|-damage|p2a: Raging Bolt|49/100
|move|p2a: Raging Bolt|Thunderbolt|p1a: Scizor
|-damage|p1a: Scizor|0 fnt
|faint|p1a: Scizor
|
|-fieldend|move: Trick Room
|upkeep
|
|t:|1760430955
|switch|p1a: Gliscor|Gliscor, M|100/100
|turn|16
|
|t:|1760430966
|move|p1a: Gliscor|Swords Dance|p1a: Gliscor
|-boost|p1a: Gliscor|atk|2
|move|p2a: Raging Bolt|Dragon Pulse|p1a: Gliscor
|-damage|p1a: Gliscor|49/100
|
|-status|p1a: Gliscor|tox|[from] item: Toxic Orb
|upkeep
|turn|17
|
|t:|1760430971
|move|p1a: Gliscor|Protect|p1a: Gliscor
|-singleturn|p1a: Gliscor|Protect
|move|p2a: Raging Bolt|Dragon Pulse|p1a: Gliscor
|-activate|p1a: Gliscor|move: Protect
|
|-heal|p1a: Gliscor|61/100 tox|[from] ability: Poison Heal
|upkeep
|turn|18
|
|t:|1760430980
|move|p1a: Gliscor|Facade|p2a: Raging Bolt
|-damage|p2a: Raging Bolt|0 fnt
|faint|p2a: Raging Bolt
|-end|p2a: Raging Bolt|Protosynthesis|[silent]
|
|-heal|p1a: Gliscor|74/100 tox|[from] ability: Poison Heal
|upkeep
|
|t:|1760430984
|switch|p2a: Hatterene|Hatterene, F, tera:Ghost|60/100
|-heal|p2a: Hatterene|100/100|[from] move: Lunar Dance
|turn|19
|
|t:|1760430989
|move|p1a: Gliscor|Knock Off|p2a: Hatterene
|-supereffective|p2a: Hatterene
|-damage|p2a: Hatterene|2/100
|-enditem|p2a: Hatterene|Focus Sash|[from] move: Knock Off|[of] p1a: Gliscor
|move|p2a: Hatterene|Giga Drain|p1a: Gliscor
|-damage|p1a: Gliscor|47/100 tox
|-heal|p2a: Hatterene|17/100|[from] drain|[of] p1a: Gliscor
|
|-heal|p1a: Gliscor|59/100 tox|[from] ability: Poison Heal
|upkeep
|turn|20
|
|t:|1760430996
|move|p1a: Gliscor|Knock Off|p2a: Hatterene
|-supereffective|p2a: Hatterene
|-damage|p2a: Hatterene|0 fnt
|faint|p2a: Hatterene
|
|win|ReyLly
|raw|ReyLly's rating: 1233 &rarr; <strong>1261</strong><br />(+28 for winning)
|raw|mahjini's rating: 1274 &rarr; <strong>1246</strong><br />(-28 for losing)
|l|☆mahjini
|player|p2|
|l|‽ReyLly
|player|p1|
