|j|☆BUMREGELE
|j|☆NolanTheLEGGGG
|t:|1760317024
|gametype|singles
|player|p1|BUMREGELE|ghetsis|1004
|player|p2|NolanTheLEGGGG|266|1000
|gen|9
|tier|[Gen 9] OU
|rated|
|rule|HP Percentage Mod: HP is shown in percentages
|rule|Endless Battle Clause: Forcing endless battles is banned
|rule|Species Clause: Limit one of each Pokémon
|rule|OHKO Clause: OHKO moves are banned
|rule|Evasion Items Clause: Evasion items are banned
|rule|Evasion Moves Clause: Evasion moves are banned
|rule|Evasion Abilities Clause: Evasion abilities are banned
|rule|Sleep Moves Clause: Sleep-inducing moves are banned
|clearpoke
|poke|p1|Ting-Lu|
|poke|p1|Iron Moth|
|poke|p1|Enamorus, F|
|poke|p1|Mismagius, M|
|poke|p1|Zoroark-Hisui, M|
|poke|p1|Pecharunt|
|poke|p2|Raichu-Alola, M|
|poke|p2|Hitmonlee, M|
|poke|p2|Weavile, M|
|poke|p2|Exeggutor-Alola, M|
|poke|p2|Zoroark, M|
|poke|p2|Hawlucha, M|
|teampreview
|c|☆NolanTheLEGGGG|prepare to get rekt
|
|t:|1760317041
|teamsize|p1|6
|teamsize|p2|6
|start
|switch|p1a: Mismagius|Mismagius, M|100/100
|switch|p2a: Hitmonlee|Hitmonlee, M|100/100
|turn|1
|c|☆BUMREGELE|👶
|c|☆NolanTheLEGGGG|shush
|
|t:|1760317072
|move|p2a: Hitmonlee|Fake Out|p1a: Mismagius
|-immune|p1a: Mismagius
|move|p1a: Mismagius|Will-O-Wisp|p2a: Hitmonlee|[miss]
|-miss|p1a: Mismagius|p2a: Hitmonlee
|
|upkeep
|turn|2
|c|☆NolanTheLEGGGG|ummm
|
|t:|1760317086
|move|p1a: Mismagius|Will-O-Wisp|p2a: Hitmonlee|[miss]
|-miss|p1a: Mismagius|p2a: Hitmonlee
|move|p2a: Hitmonlee|Knock Off|p1a: Mismagius
|-supereffective|p1a: Mismagius
|-enditem|p1a: Mismagius|Focus Sash
|-damage|p1a: Mismagius|1/100
|
|upkeep
|turn|3
|c|☆BUMREGELE|👶
|
|t:|1760317097
|move|p1a: Mismagius|Destiny Bond|p1a: Mismagius
|-singlemove|p1a: Mismagius|Destiny Bond
|move|p2a: Hitmonlee|Blaze Kick|p1a: Mismagius
|-damage|p1a: Mismagius|0 fnt
|faint|p1a: Mismagius
|-activate|p1a: Mismagius|move: Destiny Bond
|faint|p2a: Hitmonlee
|
|upkeep
|c|☆NolanTheLEGGGG|NAH
|c|☆NolanTheLEGGGG|MY hitmonlee
|c|☆NolanTheLEGGGG|bruh
|c|☆BUMREGELE|🤡
|
|t:|1760317122
|switch|p1a: Iron Moth|Iron Moth|100/100
|switch|p2a: Exeggutor|Exeggutor-Alola, M|100/100
|-item|p1a: Iron Moth|Choice Specs|[from] ability: Frisk|[of] p2a: Exeggutor
|turn|4
|c|☆NolanTheLEGGGG|great
|
|t:|1760317158
|move|p1a: Iron Moth|Shadow Ball|p2a: Exeggutor
|-damage|p2a: Exeggutor|13/100
|move|p2a: Exeggutor|Draco Meteor|p1a: Iron Moth
|-damage|p1a: Iron Moth|0 fnt
|-unboost|p2a: Exeggutor|spa|2
|replace|p1a: Zoroark|Zoroark-Hisui, M
|-end|p1a: Zoroark|Illusion
|faint|p1a: Zoroark
|
|upkeep
|
|t:|1760317175
|switch|p1a: Iron Moth|Iron Moth|100/100
|-enditem|p1a: Iron Moth|Booster Energy
|-activate|p1a: Iron Moth|ability: Quark Drive|[fromitem]
|-start|p1a: Iron Moth|quarkdrivespe
|turn|5
|
|t:|1760317182
|move|p1a: Iron Moth|Fiery Dance|p2a: Exeggutor
|-damage|p2a: Exeggutor|0 fnt
|faint|p2a: Exeggutor
|
|upkeep
|
|t:|1760317191
|switch|p2a: Hawlucha|Hawlucha, M|100/100
|turn|6
|
|t:|1760317206
|move|p1a: Iron Moth|Fiery Dance|p2a: Hawlucha
|-damage|p2a: Hawlucha|39/100
|-enditem|p2a: Hawlucha|Sitrus Berry|[eat]
|-heal|p2a: Hawlucha|63/100|[from] item: Sitrus Berry
|move|p2a: Hawlucha|Acrobatics|p1a: Iron Moth
|-damage|p1a: Iron Moth|24/100
|
|upkeep
|turn|7
|c|☆NolanTheLEGGGG|how is that faster
|
|t:|1760317216
|move|p2a: Hawlucha|Acrobatics|p1a: Iron Moth
|-damage|p1a: Iron Moth|0 fnt
|faint|p1a: Iron Moth
|-end|p1a: Iron Moth|Quark Drive|[silent]
|
|upkeep
|
|t:|1760317222
|switch|p1a: Ting-Lu|Ting-Lu|100/100
|-ability|p1a: Ting-Lu|Vessel of Ruin
|turn|8
|c|☆BUMREGELE|🤡
|c|☆NolanTheLEGGGG|bye bot
|
|t:|1760317230
|move|p2a: Hawlucha|High Jump Kick|p1a: Ting-Lu
|-supereffective|p1a: Ting-Lu
|-damage|p1a: Ting-Lu|58/100
|move|p1a: Ting-Lu|Stealth Rock|p2a: Hawlucha
|-sidestart|p2: NolanTheLEGGGG|move: Stealth Rock
|
|-heal|p1a: Ting-Lu|65/100|[from] item: Leftovers
|upkeep
|turn|9
|
|t:|1760317244
|-terastallize|p2a: Hawlucha|Fighting
|move|p2a: Hawlucha|High Jump Kick|p1a: Ting-Lu
|-supereffective|p1a: Ting-Lu
|-damage|p1a: Ting-Lu|9/100
|move|p1a: Ting-Lu|Whirlwind|p2a: Hawlucha
|drag|p2a: Hawlucha|Hawlucha, M|100/100
|-damage|p2a: Hawlucha|88/100|[from] Stealth Rock
|
|-heal|p1a: Ting-Lu|15/100|[from] item: Leftovers
|upkeep
|-start|p2a: Hawlucha|typechange|Fighting|[silent]
|turn|10
|c|☆NolanTheLEGGGG|why am I fighting a bot
|
|t:|1760317259
|move|p2a: Hawlucha|U-turn|p1a: Ting-Lu
|-supereffective|p1a: Ting-Lu
|-damage|p1a: Ting-Lu|0 fnt
|faint|p1a: Ting-Lu
|-damage|p2a: Hawlucha|78/100|[from] item: Life Orb
|
|t:|1760317265
|switch|p2a: Raichu|Raichu-Alola, M|100/100|[from] U-turn
|-damage|p2a: Raichu|88/100|[from] Stealth Rock
|
|upkeep
|
|t:|1760317270
|switch|p1a: Pecharunt|Pecharunt|100/100
|turn|11
|
|t:|1760317275
|move|p2a: Raichu|Nasty Plot|p2a: Raichu
|-boost|p2a: Raichu|spa|2
|move|p1a: Pecharunt|Malignant Chain|p2a: Raichu
|-damage|p2a: Raichu|38/100
|-status|p2a: Raichu|tox
|-start|p2a: Raichu|confusion|[from] ability: Poison Puppeteer|[of] p1a: Pecharunt
|
|-damage|p2a: Raichu|32/100 tox|[from] psn
|upkeep
|turn|12
|
|t:|1760317292
|-activate|p2a: Raichu|confusion
|move|p2a: Raichu|Thunderbolt|p1a: Pecharunt
|-damage|p1a: Pecharunt|28/100
|-damage|p2a: Raichu|22/100 tox|[from] item: Life Orb
|move|p1a: Pecharunt|Malignant Chain|p2a: Raichu
|-crit|p2a: Raichu
|-damage|p2a: Raichu|0 fnt
|faint|p2a: Raichu
|
|-heal|p1a: Pecharunt|34/100|[from] item: Leftovers
|upkeep
|
|t:|1760317305
|switch|p2a: Hawlucha|Hawlucha, M|78/100
|-damage|p2a: Hawlucha|66/100|[from] Stealth Rock
|turn|13
|
|t:|1760317315
|move|p2a: Hawlucha|Flamethrower|p1a: Pecharunt
|-damage|p1a: Pecharunt|5/100
|-damage|p2a: Hawlucha|56/100|[from] item: Life Orb
|move|p1a: Pecharunt|Malignant Chain|p2a: Hawlucha
|-damage|p2a: Hawlucha|0 fnt
|replace|p2a: Zoroark|Zoroark, M
|-end|p2a: Zoroark|Illusion
|faint|p2a: Zoroark
|
|-heal|p1a: Pecharunt|11/100|[from] item: Leftovers
|upkeep
|c|☆NolanTheLEGGGG|how
|c|☆BUMREGELE|🤡
|
|t:|1760317327
|switch|p2a: Hawlucha|Hawlucha, M, tera:Fighting|63/100
|-damage|p2a: Hawlucha|57/100|[from] Stealth Rock
|turn|14
|
|t:|1760317335
|move|p2a: Hawlucha|Acrobatics|p1a: Pecharunt
|-damage|p1a: Pecharunt|0 fnt
|faint|p1a: Pecharunt
|
|upkeep
|
|t:|1760317339
|switch|p1a: Enamorus|Enamorus, F|100/100
|-item|p1a: Enamorus|Air Balloon
|turn|15
|c|☆NolanTheLEGGGG|lame pokemon
|
|t:|1760317357
|move|p2a: Hawlucha|Acrobatics|p1a: Enamorus
|-damage|p1a: Enamorus|32/100
|-enditem|p1a: Enamorus|Air Balloon
|move|p1a: Enamorus|Play Rough|p2a: Hawlucha
|-supereffective|p2a: Hawlucha
|-damage|p2a: Hawlucha|0 fnt
|faint|p2a: Hawlucha
|
|upkeep
|c|☆NolanTheLEGGGG|get that trash out
|
|t:|1760317366
|switch|p2a: Weavile|Weavile, M|100/100
|-ability|p2a: Weavile|Pressure
|turn|16
|c|☆BUMREGELE|🤡
|
|t:|1760317377
|-terastallize|p1a: Enamorus|Fighting
|move|p2a: Weavile|Ice Shard|p1a: Enamorus
|-damage|p1a: Enamorus|1/100
|move|p1a: Enamorus|Superpower|p2a: Weavile
|-supereffective|p2a: Weavile
|-damage|p2a: Weavile|0 fnt
|-boost|p1a: Enamorus|atk|1
|-boost|p1a: Enamorus|def|1
|faint|p2a: Weavile
|
|win|BUMREGELE
|raw|BUMREGELE's rating: 1004 &rarr; <strong>1043</strong><br />(+39 for winning)
|raw|NolanTheLEGGGG's rating: 1000 &rarr; <strong>1000</strong><br />(+0 for losing)
|c|☆BUMREGELE|🤡🤡🤡🤡
|c|☆BUMREGELE|ez
|c|☆NolanTheLEGGGG|nah
|c|☆BUMREGELE|gtfo noob
|c|☆BUMREGELE|XDXDXDXDX HAHAHA
|l|☆NolanTheLEGGGG
|player|p2|
|c|☆BUMREGELE|🤡🤡🤡
