|j|☆vadd
|j|☆wintermoon0
|t:|1760459539
|gametype|singles
|player|p1|vadd|102|1330
|player|p2|wintermoon0|170|1365
|gen|9
|tier|[Gen 9] OU
|rated|
|rule|HP Percentage Mod: HP is shown in percentages
|rule|Endless Battle Clause: Forcing endless battles is banned
|rule|Species Clause: Limit one of each Pokémon
|rule|OHKO Clause: OHKO moves are banned
|rule|Evasion Items Clause: Evasion items are banned
|rule|Evasion Moves Clause: Evasion moves are banned
|rule|Evasion Abilities Clause: Evasion abilities are banned
|rule|Sleep Moves Clause: Sleep-inducing moves are banned
|clearpoke
|poke|p1|Ogerpon-Wellspring, F|
|poke|p1|Kingambit, F|
|poke|p1|Landorus-Therian, M|
|poke|p1|Glimmora, F|
|poke|p1|Dragapult, M|
|poke|p1|Iron Valiant|
|poke|p2|Pelipper, M|
|poke|p2|Barraskewda, M|
|poke|p2|Kleavor, F|
|poke|p2|Sandy Shocks|
|poke|p2|Walking Wake|
|poke|p2|Deoxys-Speed|
|teampreview
|inactive|Battle timer is ON: inactive players will automatically lose when time's up. (requested by wintermoon0)
|inactive|vadd has 120 seconds left.
|
|t:|1760459577
|teamsize|p1|6
|teamsize|p2|6
|start
|switch|p1a: Glimmora|Glimmora, F|100/100
|switch|p2a: Deoxys|Deoxys-Speed|100/100
|-ability|p2a: Deoxys|Pressure
|turn|1
|
|t:|1760459593
|move|p2a: Deoxys|Taunt|p1a: Glimmora
|-start|p1a: Glimmora|move: Taunt
|move|p1a: Glimmora|Mortal Spin|p2a: Deoxys
|-damage|p2a: Deoxys|91/100
|-status|p2a: Deoxys|psn
|
|-damage|p2a: Deoxys|78/100 psn|[from] psn
|upkeep
|turn|2
|
|t:|1760459612
|move|p2a: Deoxys|Psycho Boost|p1a: Glimmora
|-supereffective|p1a: Glimmora
|-damage|p1a: Glimmora|0 fnt
|-unboost|p2a: Deoxys|spa|2
|faint|p1a: Glimmora
|
|-damage|p2a: Deoxys|66/100 psn|[from] psn
|upkeep
|
|t:|1760459624
|switch|p1a: Landorus|Landorus-Therian, M|100/100
|-ability|p1a: Landorus|Intimidate|boost
|-unboost|p2a: Deoxys|atk|1
|turn|3
|
|t:|1760459629
|move|p2a: Deoxys|Taunt|p1a: Landorus
|-start|p1a: Landorus|move: Taunt
|move|p1a: Landorus|U-turn|p2a: Deoxys
|-supereffective|p2a: Deoxys
|-damage|p2a: Deoxys|0 fnt
|faint|p2a: Deoxys
|
|t:|1760459641
|switch|p1a: Dragapult|Dragapult, M|100/100|[from] U-turn
|
|upkeep
|
|t:|1760459646
|switch|p2a: Kleavor|Kleavor, F|100/100
|turn|4
|
|t:|1760459653
|move|p1a: Dragapult|Shadow Ball|p2a: Kleavor
|-damage|p2a: Kleavor|10/100
|-unboost|p2a: Kleavor|spd|1
|move|p2a: Kleavor|Stone Axe|p1a: Dragapult
|-damage|p1a: Dragapult|24/100
|-sidestart|p1: vadd|move: Stealth Rock
|
|upkeep
|turn|5
|
|t:|1760459661
|move|p1a: Dragapult|Shadow Ball|p2a: Kleavor
|-damage|p2a: Kleavor|0 fnt
|faint|p2a: Kleavor
|
|upkeep
|
|t:|1760459665
|switch|p2a: Pelipper|Pelipper, M|100/100
|-weather|RainDance|[from] ability: Drizzle|[of] p2a: Pelipper
|turn|6
|
|t:|1760459668
|move|p1a: Dragapult|Shadow Ball|p2a: Pelipper
|-damage|p2a: Pelipper|23/100
|move|p2a: Pelipper|U-turn|p1a: Dragapult
|-resisted|p1a: Dragapult
|-damage|p1a: Dragapult|18/100
|
|t:|1760459677
|switch|p2a: Barraskewda|Barraskewda, M|100/100|[from] U-turn
|
|-weather|RainDance|[upkeep]
|upkeep
|turn|7
|
|t:|1760459679
|switch|p1a: Ogerpon|Ogerpon-Wellspring, F|100/100
|-damage|p1a: Ogerpon|88/100|[from] Stealth Rock
|move|p2a: Barraskewda|Poison Jab|p1a: Ogerpon
|-supereffective|p1a: Ogerpon
|-damage|p1a: Ogerpon|0 fnt
|faint|p1a: Ogerpon
|
|-weather|RainDance|[upkeep]
|upkeep
|-message|vadd forfeited.
|
|win|wintermoon0
|raw|vadd's rating: 1330 &rarr; <strong>1312</strong><br />(-18 for losing)
|raw|wintermoon0's rating: 1365 &rarr; <strong>1383</strong><br />(+18 for winning)
|l|☆vadd
|player|p1|
|l|☆wintermoon0
|player|p2|
