|j|☆happyorunhappy春和景明
|j|☆luxgia
|t:|1760439711
|gametype|singles
|player|p1|happyorunhappy春和景明|iono|1583
|player|p2|luxgia|byron|1575
|gen|9
|tier|[Gen 9] OU
|rated|
|rule|HP Percentage Mod: HP is shown in percentages
|rule|Endless Battle Clause: Forcing endless battles is banned
|rule|Species Clause: Limit one of each Pokémon
|rule|OHKO Clause: OHKO moves are banned
|rule|Evasion Items Clause: Evasion items are banned
|rule|Evasion Moves Clause: Evasion moves are banned
|rule|Evasion Abilities Clause: Evasion abilities are banned
|rule|Sleep Moves Clause: Sleep-inducing moves are banned
|clearpoke
|poke|p1|Torkoal, M|
|poke|p1|Hatterene, F|
|poke|p1|Great Tusk|
|poke|p1|Walking Wake|
|poke|p1|Iron Moth|
|poke|p1|Leafeon, F|
|poke|p2|Zamazenta-*|
|poke|p2|Tornadus-Therian, M|
|poke|p2|Pecharunt|
|poke|p2|Ting-Lu|
|poke|p2|Cinderace, F|
|poke|p2|Dragonite, F|
|teampreview
|
|t:|1760439735
|teamsize|p1|6
|teamsize|p2|6
|start
|switch|p1a: Walking Wake|Walking Wake|100/100
|switch|p2a: Jinn|Tornadus-Therian, M|100/100
|turn|1
|
|t:|1760439741
|move|p2a: Jinn|Air Slash|p1a: Walking Wake
|-damage|p1a: Walking Wake|52/100
|-damage|p2a: Jinn|91/100|[from] item: Life Orb
|cant|p1a: Walking Wake|flinch
|
|upkeep
|turn|2
|c|☆happyorunhappy春和景明|wow
|
|t:|1760439755
|move|p2a: Jinn|Air Slash|p1a: Walking Wake
|-damage|p1a: Walking Wake|3/100
|-damage|p2a: Jinn|81/100|[from] item: Life Orb
|cant|p1a: Walking Wake|flinch
|
|upkeep
|turn|3
|c|☆happyorunhappy春和景明|wtf
|
|t:|1760439763
|-end|p1a: Walking Wake|Protosynthesis|[silent]
|switch|p1a: Torkoal|Torkoal, M|100/100
|-weather|SunnyDay|[from] ability: Drought|[of] p1a: Torkoal
|move|p2a: Jinn|Grass Knot|p1a: Torkoal
|-resisted|p1a: Torkoal
|-damage|p1a: Torkoal|79/100
|-damage|p2a: Jinn|71/100|[from] item: Life Orb
|
|-weather|SunnyDay|[upkeep]
|upkeep
|turn|4
|
|t:|1760439767
|switch|p1a: Hatterene|Hatterene, F|100/100
|-item|p1a: Hatterene|Air Balloon
|move|p2a: Jinn|Air Slash|p1a: Hatterene
|-damage|p1a: Hatterene|55/100
|-enditem|p1a: Hatterene|Air Balloon
|-damage|p2a: Jinn|62/100|[from] item: Life Orb
|
|-weather|SunnyDay|[upkeep]
|upkeep
|turn|5
|
|t:|1760439774
|move|p2a: Jinn|Heat Wave|p1a: Hatterene
|-damage|p1a: Hatterene|0 fnt
|faint|p1a: Hatterene
|-damage|p2a: Jinn|52/100|[from] item: Life Orb
|
|-weather|SunnyDay|[upkeep]
|upkeep
|
|t:|1760439778
|switch|p1a: Walking Wake|Walking Wake|3/100
|-activate|p1a: Walking Wake|ability: Protosynthesis
|-start|p1a: Walking Wake|protosynthesisspe
|turn|6
|
|t:|1760439783
|switch|p2a: Begru|Ting-Lu|100/100
|-ability|p2a: Begru|Vessel of Ruin
|move|p1a: Walking Wake|Hydro Steam|p2a: Begru
|-supereffective|p2a: Begru
|-damage|p2a: Begru|25/100
|
|-weather|SunnyDay|[upkeep]
|-heal|p2a: Begru|32/100|[from] item: Leftovers
|upkeep
|turn|7
|
|t:|1760439789
|switch|p2a: Jinn|Tornadus-Therian, M|85/100
|move|p1a: Walking Wake|Hydro Steam|p2a: Jinn
|-damage|p2a: Jinn|0 fnt
|faint|p2a: Jinn
|
|-weather|none
|-end|p1a: Walking Wake|Protosynthesis
|upkeep
|
|t:|1760439791
|switch|p2a: Tboz|Dragonite, F|100/100
|turn|8
|
|t:|1760439794
|-end|p1a: Walking Wake|Protosynthesis|[silent]
|switch|p1a: Great Tusk|Great Tusk|100/100
|move|p2a: Tboz|Dragon Dance|p2a: Tboz
|-boost|p2a: Tboz|atk|1
|-boost|p2a: Tboz|spe|1
|
|upkeep
|turn|9
|
|t:|1760439799
|switch|p2a: Khoukha|Pecharunt|100/100
|move|p1a: Great Tusk|Ice Spinner|p2a: Khoukha
|-damage|p2a: Khoukha|86/100
|
|upkeep
|turn|10
|
|t:|1760439804
|move|p1a: Great Tusk|Headlong Rush|p2a: Khoukha
|-supereffective|p2a: Khoukha
|-damage|p2a: Khoukha|28/100
|-unboost|p1a: Great Tusk|def|1
|-unboost|p1a: Great Tusk|spd|1
|move|p2a: Khoukha|Parting Shot|p1a: Great Tusk
|-unboost|p1a: Great Tusk|atk|1
|-unboost|p1a: Great Tusk|spa|1
|
|t:|1760439807
|switch|p2a: Tboz|Dragonite, F|100/100|[from] Parting Shot
|
|upkeep
|turn|11
|
|t:|1760439811
|-terastallize|p2a: Tboz|Normal
|move|p2a: Tboz|Dragon Dance|p2a: Tboz
|-boost|p2a: Tboz|atk|1
|-boost|p2a: Tboz|spe|1
|move|p1a: Great Tusk|Ice Spinner|p2a: Tboz
|-damage|p2a: Tboz|90/100
|
|upkeep
|turn|12
|
|t:|1760439814
|-end|p1a: Great Tusk|Protosynthesis|[silent]
|switch|p1a: Torkoal|Torkoal, M|79/100
|-weather|SunnyDay|[from] ability: Drought|[of] p1a: Torkoal
|move|p2a: Tboz|Ice Spinner|p1a: Torkoal
|-resisted|p1a: Torkoal
|-damage|p1a: Torkoal|63/100
|
|-weather|SunnyDay|[upkeep]
|upkeep
|turn|13
|
|t:|1760439819
|move|p2a: Tboz|Earthquake|p1a: Torkoal
|-supereffective|p1a: Torkoal
|-damage|p1a: Torkoal|0 fnt
|faint|p1a: Torkoal
|
|-weather|SunnyDay|[upkeep]
|upkeep
|
|t:|1760439822
|switch|p1a: Great Tusk|Great Tusk|100/100
|-activate|p1a: Great Tusk|ability: Protosynthesis
|-start|p1a: Great Tusk|protosynthesisatk
|turn|14
|
|t:|1760439826
|move|p2a: Tboz|Ice Spinner|p1a: Great Tusk
|-supereffective|p1a: Great Tusk
|-damage|p1a: Great Tusk|36/100
|move|p1a: Great Tusk|Headlong Rush|p2a: Tboz
|-damage|p2a: Tboz|0 fnt
|-unboost|p1a: Great Tusk|def|1
|-unboost|p1a: Great Tusk|spd|1
|faint|p2a: Tboz
|
|-weather|SunnyDay|[upkeep]
|upkeep
|
|t:|1760439837
|switch|p2a: Sir Sir|Cinderace, F|100/100
|turn|15
|
|t:|1760439841
|-end|p1a: Great Tusk|Protosynthesis|[silent]
|switch|p1a: Walking Wake|Walking Wake|3/100
|-activate|p1a: Walking Wake|ability: Protosynthesis
|-start|p1a: Walking Wake|protosynthesisspe
|move|p2a: Sir Sir|Pyro Ball|p1a: Walking Wake
|-resisted|p1a: Walking Wake
|-damage|p1a: Walking Wake|0 fnt
|faint|p1a: Walking Wake
|-end|p1a: Walking Wake|Protosynthesis|[silent]
|
|-weather|SunnyDay|[upkeep]
|upkeep
|
|t:|1760439843
|switch|p1a: Iron Moth|Iron Moth|100/100
|turn|16
|
|t:|1760439848
|move|p2a: Sir Sir|Pyro Ball|p1a: Iron Moth
|-resisted|p1a: Iron Moth
|-damage|p1a: Iron Moth|32/100
|move|p1a: Iron Moth|Sludge Wave|p2a: Sir Sir
|-damage|p2a: Sir Sir|0 fnt
|faint|p2a: Sir Sir
|
|-weather|none
|upkeep
|
|t:|1760439856
|switch|p2a: Begru|Ting-Lu|32/100
|-ability|p2a: Begru|Vessel of Ruin
|turn|17
|
|t:|1760439860
|move|p1a: Iron Moth|Sludge Wave|p2a: Begru
|-resisted|p2a: Begru
|-damage|p2a: Begru|17/100
|move|p2a: Begru|Earthquake|p1a: Iron Moth
|-supereffective|p1a: Iron Moth
|-damage|p1a: Iron Moth|0 fnt
|faint|p1a: Iron Moth
|-end|p1a: Iron Moth|Quark Drive|[silent]
|
|-heal|p2a: Begru|23/100|[from] item: Leftovers
|upkeep
|
|t:|1760439863
|switch|p1a: Great Tusk|Great Tusk|36/100
|turn|18
|
|t:|1760439867
|move|p1a: Great Tusk|Rapid Spin|p2a: Begru
|-crit|p2a: Begru
|-damage|p2a: Begru|9/100
|-boost|p1a: Great Tusk|spe|1
|move|p2a: Begru|Whirlwind|p1a: Great Tusk
|-end|p1a: Great Tusk|Protosynthesis|[silent]
|drag|p1a: Leafeon|Leafeon, F, shiny|100/100
|
|-heal|p2a: Begru|15/100|[from] item: Leftovers
|upkeep
|turn|19
|
|t:|1760439871
|move|p1a: Leafeon|Knock Off|p2a: Begru
|-resisted|p2a: Begru
|-damage|p2a: Begru|3/100
|-enditem|p2a: Begru|Leftovers|[from] move: Knock Off|[of] p1a: Leafeon
|-damage|p1a: Leafeon|91/100|[from] item: Life Orb
|move|p2a: Begru|Stealth Rock|p1a: Leafeon
|-sidestart|p1: happyorunhappy春和景明|move: Stealth Rock
|
|upkeep
|turn|20
|
|t:|1760439877
|move|p1a: Leafeon|Swords Dance|p1a: Leafeon
|-boost|p1a: Leafeon|atk|2
|move|p2a: Begru|Whirlwind|p1a: Leafeon
|drag|p1a: Great Tusk|Great Tusk|36/100
|
|upkeep
|turn|21
|
|t:|1760439880
|switch|p2a: Khoukha|Pecharunt|28/100
|move|p1a: Great Tusk|Rapid Spin|p2a: Khoukha
|-immune|p2a: Khoukha
|
|upkeep
|turn|22
|
|t:|1760439882
|switch|p2a: Begru|Ting-Lu|3/100
|-ability|p2a: Begru|Vessel of Ruin
|move|p1a: Great Tusk|Headlong Rush|p2a: Begru
|-damage|p2a: Begru|0 fnt
|-unboost|p1a: Great Tusk|def|1
|-unboost|p1a: Great Tusk|spd|1
|faint|p2a: Begru
|
|upkeep
|
|t:|1760439889
|switch|p2a: Dibu|Zamazenta|100/100
|-ability|p2a: Dibu|Dauntless Shield|boost
|-boost|p2a: Dibu|def|1
|turn|23
|
|t:|1760439894
|move|p2a: Dibu|Close Combat|p1a: Great Tusk
|-damage|p1a: Great Tusk|0 fnt
|-unboost|p2a: Dibu|def|1
|-unboost|p2a: Dibu|spd|1
|faint|p1a: Great Tusk
|-end|p1a: Great Tusk|Protosynthesis|[silent]
|-damage|p2a: Dibu|91/100|[from] item: Life Orb
|
|upkeep
|
|t:|1760439896
|switch|p1a: Leafeon|Leafeon, F, shiny|91/100
|-damage|p1a: Leafeon|78/100|[from] Stealth Rock
|turn|24
|
|t:|1760439899
|switch|p2a: Khoukha|Pecharunt|28/100
|-terastallize|p1a: Leafeon|Fire
|move|p1a: Leafeon|Tera Blast|p2a: Khoukha|[anim] Tera Blast Fire
|-damage|p2a: Khoukha|4/100
|-damage|p1a: Leafeon|68/100|[from] item: Life Orb
|
|upkeep
|turn|25
|
|t:|1760439905
|move|p1a: Leafeon|Knock Off|p2a: Khoukha
|-supereffective|p2a: Khoukha
|-damage|p2a: Khoukha|0 fnt
|-enditem|p2a: Khoukha|Heavy-Duty Boots|[from] move: Knock Off|[of] p1a: Leafeon
|faint|p2a: Khoukha
|-damage|p1a: Leafeon|58/100|[from] item: Life Orb
|
|upkeep
|
|t:|1760439906
|switch|p2a: Dibu|Zamazenta|91/100
|turn|26
|
|t:|1760439909
|move|p2a: Dibu|Close Combat|p1a: Leafeon
|-damage|p1a: Leafeon|0 fnt
|-unboost|p2a: Dibu|def|1
|-unboost|p2a: Dibu|spd|1
|faint|p1a: Leafeon
|-damage|p2a: Dibu|81/100|[from] item: Life Orb
|
|win|luxgia
|raw|happyorunhappy春和景明's rating: 1583 &rarr; <strong>1563</strong><br />(-20 for losing)
|raw|luxgia's rating: 1575 &rarr; <strong>1595</strong><br />(+20 for winning)
|l|☆happyorunhappy春和景明
|player|p1|
|l|☆luxgia
|player|p2|
