|j|☆Whatsapp Liligant
|j|☆Shuckle Brother888
|t:|1760457147
|gametype|singles
|player|p1|Whatsapp Liligant|cheryl|1494
|player|p2|Shuckle Brother888|170|1504
|gen|9
|tier|[Gen 9] OU
|rated|
|rule|HP Percentage Mod: HP is shown in percentages
|rule|Endless Battle Clause: Forcing endless battles is banned
|rule|Species Clause: Limit one of each Pokémon
|rule|OHKO Clause: OHKO moves are banned
|rule|Evasion Items Clause: Evasion items are banned
|rule|Evasion Moves Clause: Evasion moves are banned
|rule|Evasion Abilities Clause: Evasion abilities are banned
|rule|Sleep Moves Clause: Sleep-inducing moves are banned
|clearpoke
|poke|p1|Breloom, M|
|poke|p1|Alomomola, M|
|poke|p1|Raging Bolt|
|poke|p1|Scizor, F|
|poke|p1|Landorus-Therian, M|
|poke|p1|Dragapult, F|
|poke|p2|Darkrai|
|poke|p2|Garganacl, F|
|poke|p2|Iron Crown|
|poke|p2|Great Tusk|
|poke|p2|Dragonite, M|
|poke|p2|Iron Valiant|
|teampreview
|inactive|Battle timer is ON: inactive players will automatically lose when time's up. (requested by Shuckle Brother888)
|inactive|Whatsapp Liligant has 120 seconds left.
|
|t:|1760457196
|teamsize|p1|6
|teamsize|p2|6
|start
|switch|p1a: Dragapult|Dragapult, F|100/100
|switch|p2a: Darkrai|Darkrai|100/100
|turn|1
|
|t:|1760457203
|move|p1a: Dragapult|Draco Meteor|p2a: Darkrai|[miss]
|-miss|p1a: Dragapult|p2a: Darkrai
|move|p2a: Darkrai|Dark Pulse|p1a: Dragapult
|-supereffective|p1a: Dragapult
|-damage|p1a: Dragapult|0 fnt
|faint|p1a: Dragapult
|
|upkeep
|
|t:|1760457217
|switch|p1a: Breloom|Breloom, M|100/100
|turn|2
|
|t:|1760457223
|-terastallize|p2a: Darkrai|Poison
|move|p2a: Darkrai|Sludge Bomb|p1a: Breloom
|-supereffective|p1a: Breloom
|-damage|p1a: Breloom|0 fnt
|faint|p1a: Breloom
|
|upkeep
|
|t:|1760457227
|switch|p1a: Landorus|Landorus-Therian, M|100/100
|-ability|p1a: Landorus|Intimidate|boost
|-unboost|p2a: Darkrai|atk|1
|turn|3
|
|t:|1760457231
|move|p2a: Darkrai|Ice Beam|p1a: Landorus
|-supereffective|p1a: Landorus
|-damage|p1a: Landorus|0 fnt
|faint|p1a: Landorus
|
|upkeep
|
|t:|1760457236
|switch|p1a: Alomomola|Alomomola, M|100/100
|turn|4
|
|t:|1760457240
|move|p2a: Darkrai|Sludge Bomb|p1a: Alomomola
|-damage|p1a: Alomomola|72/100
|move|p1a: Alomomola|Mirror Coat|p2a: Darkrai
|-damage|p2a: Darkrai|4/100
|
|upkeep
|turn|5
|
|t:|1760457245
|move|p2a: Darkrai|Knock Off|p1a: Alomomola
|-damage|p1a: Alomomola|59/100
|-enditem|p1a: Alomomola|Assault Vest|[from] move: Knock Off|[of] p2a: Darkrai
|move|p1a: Alomomola|Flip Turn|p2a: Darkrai
|-damage|p2a: Darkrai|0 fnt
|faint|p2a: Darkrai
|
|t:|1760457251
|switch|p1a: Scizor|Scizor, F|100/100|[from] Flip Turn
|
|upkeep
|
|t:|1760457260
|switch|p2a: Great Tusk|Great Tusk|100/100
|-enditem|p2a: Great Tusk|Booster Energy
|-activate|p2a: Great Tusk|ability: Protosynthesis|[fromitem]
|-start|p2a: Great Tusk|protosynthesisspe
|turn|6
|
|t:|1760457268
|switch|p1a: Alomomola|Alomomola, M|93/100
|move|p2a: Great Tusk|Knock Off|p1a: Alomomola
|-damage|p1a: Alomomola|81/100
|
|upkeep
|turn|7
|
|t:|1760457276
|-end|p2a: Great Tusk|Protosynthesis|[silent]
|switch|p2a: Iron Crown|Iron Crown|100/100
|move|p1a: Alomomola|Scald|p2a: Iron Crown
|-damage|p2a: Iron Crown|90/100
|
|upkeep
|turn|8
|
|t:|1760457282
|move|p2a: Iron Crown|Volt Switch|p1a: Alomomola
|-supereffective|p1a: Alomomola
|-damage|p1a: Alomomola|39/100
|
|t:|1760457289
|-end|p2a: Iron Crown|Quark Drive|[silent]
|switch|p2a: Garganacl|Garganacl, F|100/100|[from] Volt Switch
|move|p1a: Alomomola|Mirror Coat|p2a: Garganacl
|-damage|p2a: Garganacl|2/100
|
|-heal|p2a: Garganacl|9/100|[from] item: Leftovers
|upkeep
|turn|9
|
|t:|1760457294
|move|p1a: Alomomola|Flip Turn|p2a: Garganacl
|-supereffective|p2a: Garganacl
|-damage|p2a: Garganacl|0 fnt
|faint|p2a: Garganacl
|
|t:|1760457299
|switch|p1a: Scizor|Scizor, F|100/100|[from] Flip Turn
|
|upkeep
|
|t:|1760457312
|switch|p2a: Great Tusk|Great Tusk|100/100
|turn|10
|
|t:|1760457328
|move|p2a: Great Tusk|Headlong Rush|p1a: Scizor
|-damage|p1a: Scizor|47/100
|-unboost|p2a: Great Tusk|def|1
|-unboost|p2a: Great Tusk|spd|1
|-enditem|p1a: Scizor|Sitrus Berry|[eat]
|-heal|p1a: Scizor|72/100|[from] item: Sitrus Berry
|move|p1a: Scizor|U-turn|p2a: Great Tusk
|-resisted|p2a: Great Tusk
|-damage|p2a: Great Tusk|83/100
|
|t:|1760457335
|switch|p1a: Alomomola|Alomomola, M|72/100|[from] U-turn
|
|upkeep
|turn|11
|
|t:|1760457340
|-end|p2a: Great Tusk|Protosynthesis|[silent]
|switch|p2a: Iron Crown|Iron Crown|90/100
|move|p1a: Alomomola|Scald|p2a: Iron Crown
|-damage|p2a: Iron Crown|81/100
|
|upkeep
|turn|12
|
|t:|1760457348
|move|p2a: Iron Crown|Tachyon Cutter|p1a: Alomomola
|-resisted|p1a: Alomomola
|-damage|p1a: Alomomola|63/100
|-resisted|p1a: Alomomola
|-damage|p1a: Alomomola|52/100
|-hitcount|p1a: Alomomola|2
|move|p1a: Alomomola|Mirror Coat|p2a: Iron Crown
|-damage|p2a: Iron Crown|48/100
|
|upkeep
|turn|13
|
|t:|1760457362
|move|p2a: Iron Crown|Tachyon Cutter|p1a: Alomomola
|-resisted|p1a: Alomomola
|-damage|p1a: Alomomola|42/100
|-resisted|p1a: Alomomola
|-damage|p1a: Alomomola|32/100
|-hitcount|p1a: Alomomola|2
|move|p1a: Alomomola|Mirror Coat|p2a: Iron Crown
|-damage|p2a: Iron Crown|16/100
|
|upkeep
|turn|14
|
|t:|1760457366
|switch|p1a: Raging Bolt|Raging Bolt|100/100
|move|p2a: Iron Crown|Volt Switch|p1a: Raging Bolt
|-resisted|p1a: Raging Bolt
|-damage|p1a: Raging Bolt|95/100
|
|t:|1760457372
|-end|p2a: Iron Crown|Quark Drive|[silent]
|switch|p2a: Iron Valiant|Iron Valiant|100/100|[from] Volt Switch
|-enditem|p2a: Iron Valiant|Booster Energy
|-activate|p2a: Iron Valiant|ability: Quark Drive|[fromitem]
|-start|p2a: Iron Valiant|quarkdrivespe
|
|upkeep
|turn|15
|
|t:|1760457377
|-end|p1a: Raging Bolt|Protosynthesis|[silent]
|switch|p1a: Scizor|Scizor, F|72/100
|move|p2a: Iron Valiant|Moonblast|p1a: Scizor
|-resisted|p1a: Scizor
|-damage|p1a: Scizor|45/100
|
|upkeep
|turn|16
|
|t:|1760457385
|-end|p2a: Iron Valiant|Quark Drive|[silent]
|switch|p2a: Great Tusk|Great Tusk|83/100
|move|p1a: Scizor|U-turn|p2a: Great Tusk
|-resisted|p2a: Great Tusk
|-damage|p2a: Great Tusk|71/100
|
|t:|1760457390
|switch|p1a: Alomomola|Alomomola, M|65/100|[from] U-turn
|
|upkeep
|turn|17
|
|t:|1760457400
|move|p2a: Great Tusk|Headlong Rush|p1a: Alomomola
|-damage|p1a: Alomomola|28/100
|-unboost|p2a: Great Tusk|def|1
|-unboost|p2a: Great Tusk|spd|1
|move|p1a: Alomomola|Scald|p2a: Great Tusk
|-supereffective|p2a: Great Tusk
|-damage|p2a: Great Tusk|20/100
|
|upkeep
|turn|18
|
|t:|1760457408
|move|p2a: Great Tusk|Headlong Rush|p1a: Alomomola
|-damage|p1a: Alomomola|0 fnt
|-unboost|p2a: Great Tusk|def|1
|-unboost|p2a: Great Tusk|spd|1
|faint|p1a: Alomomola
|
|upkeep
|
|t:|1760457410
|switch|p1a: Scizor|Scizor, F|45/100
|turn|19
|
|t:|1760457414
|-end|p2a: Great Tusk|Protosynthesis|[silent]
|switch|p2a: Iron Crown|Iron Crown|16/100
|move|p1a: Scizor|Bullet Punch|p2a: Iron Crown
|-resisted|p2a: Iron Crown
|-damage|p2a: Iron Crown|0 fnt
|faint|p2a: Iron Crown
|-end|p2a: Iron Crown|Quark Drive|[silent]
|
|upkeep
|
|t:|1760457420
|switch|p2a: Dragonite|Dragonite, M|100/100
|turn|20
|
|t:|1760457431
|move|p2a: Dragonite|Dragon Dance|p2a: Dragonite
|-boost|p2a: Dragonite|atk|1
|-boost|p2a: Dragonite|spe|1
|move|p1a: Scizor|U-turn|p2a: Dragonite
|-resisted|p2a: Dragonite
|-damage|p2a: Dragonite|88/100
|
|t:|1760457434
|switch|p1a: Raging Bolt|Raging Bolt|95/100|[from] U-turn
|
|upkeep
|turn|21
|
|t:|1760457453
|move|p1a: Raging Bolt|Thunderclap|p2a: Dragonite
|-damage|p2a: Dragonite|27/100
|-damage|p1a: Raging Bolt|85/100|[from] item: Life Orb
|move|p2a: Dragonite|Earthquake|p1a: Raging Bolt
|-supereffective|p1a: Raging Bolt
|-damage|p1a: Raging Bolt|0 fnt
|faint|p1a: Raging Bolt
|-end|p1a: Raging Bolt|Protosynthesis|[silent]
|
|upkeep
|
|t:|1760457458
|switch|p1a: Scizor|Scizor, F|45/100
|turn|22
|
|t:|1760457479
|-terastallize|p1a: Scizor|Steel
|move|p2a: Dragonite|Extreme Speed|p1a: Scizor
|-resisted|p1a: Scizor
|-damage|p1a: Scizor|23/100
|move|p1a: Scizor|Bullet Punch|p2a: Dragonite
|-damage|p2a: Dragonite|0 fnt
|faint|p2a: Dragonite
|
|upkeep
|
|t:|1760457486
|switch|p2a: Iron Valiant|Iron Valiant|100/100
|turn|23
|
|t:|1760457490
|move|p1a: Scizor|Bullet Punch|p2a: Iron Valiant
|-supereffective|p2a: Iron Valiant
|-damage|p2a: Iron Valiant|0 fnt
|faint|p2a: Iron Valiant
|-end|p2a: Iron Valiant|Quark Drive|[silent]
|
|upkeep
|-message|Shuckle Brother888 forfeited.
|
|win|Whatsapp Liligant
|raw|Whatsapp Liligant's rating: 1494 &rarr; <strong>1515</strong><br />(+21 for winning)
|raw|Shuckle Brother888's rating: 1504 &rarr; <strong>1483</strong><br />(-21 for losing)
|l|☆Shuckle Brother888
|player|p2|
|c|☆Whatsapp Liligant|holy shit
