|j|☆jop90
|j|☆willow16
|t:|1760414759
|gametype|singles
|player|p1|jop90|266|1418
|player|p2|willow16|266|1402
|gen|9
|tier|[Gen 9] OU
|rated|
|rule|HP Percentage Mod: HP is shown in percentages
|rule|Endless Battle Clause: Forcing endless battles is banned
|rule|Species Clause: Limit one of each Pokémon
|rule|OHKO Clause: OHKO moves are banned
|rule|Evasion Items Clause: Evasion items are banned
|rule|Evasion Moves Clause: Evasion moves are banned
|rule|Evasion Abilities Clause: Evasion abilities are banned
|rule|Sleep Moves Clause: Sleep-inducing moves are banned
|clearpoke
|poke|p1|Araquanid, M|
|poke|p1|Scizor, F|
|poke|p1|Lokix, F|
|poke|p1|Yanmega, F|
|poke|p1|Forretress, F|
|poke|p1|Ribombee, M|
|poke|p2|Kingambit, M|
|poke|p2|Gliscor, F|
|poke|p2|Gholdengo|
|poke|p2|Corviknight, M|
|poke|p2|Ting-Lu|
|poke|p2|Slowking-Galar, M|
|teampreview
|
|t:|1760414830
|teamsize|p1|6
|teamsize|p2|6
|start
|switch|p1a: Ribombee|Ribombee, M|100/100
|switch|p2a: Slowking|Slowking-Galar, M|100/100
|turn|1
|inactive|Battle timer is ON: inactive players will automatically lose when time's up. (requested by willow16)
|
|t:|1760414847
|switch|p1a: Araquanid|Araquanid, M|100/100
|move|p2a: Slowking|Sludge Bomb|p1a: Araquanid
|-damage|p1a: Araquanid|77/100
|-status|p1a: Araquanid|psn
|
|-damage|p1a: Araquanid|64/100 psn|[from] psn
|upkeep
|turn|2
|
|t:|1760414875
|switch|p2a: Corviknight|Corviknight, M|100/100
|-ability|p2a: Corviknight|Pressure
|move|p1a: Araquanid|Liquidation|p2a: Corviknight
|-crit|p2a: Corviknight
|-damage|p2a: Corviknight|43/100
|-damage|p1a: Araquanid|48/100 psn|[from] item: Rocky Helmet|[of] p2a: Corviknight
|
|-damage|p1a: Araquanid|35/100 psn|[from] psn
|upkeep
|turn|3
|
|t:|1760414898
|switch|p1a: Yanmega|Yanmega, F|100/100
|move|p2a: Corviknight|Roost|p2a: Corviknight
|-heal|p2a: Corviknight|93/100
|-singleturn|p2a: Corviknight|move: Roost
|
|upkeep
|turn|4
|
|t:|1760414913
|move|p1a: Yanmega|Air Slash|p2a: Corviknight
|-resisted|p2a: Corviknight
|-damage|p2a: Corviknight|45/100
|move|p2a: Corviknight|U-turn|p1a: Yanmega
|-resisted|p1a: Yanmega
|-damage|p1a: Yanmega|92/100
|
|t:|1760414920
|switch|p2a: Slowking|Slowking-Galar, M|100/100|[from] U-turn
|
|upkeep
|turn|5
|
|t:|1760414929
|switch|p1a: Araquanid|Araquanid, M|35/100 psn
|move|p2a: Slowking|Flamethrower|p1a: Araquanid
|-damage|p1a: Araquanid|27/100 psn
|
|-damage|p1a: Araquanid|14/100 psn|[from] psn
|upkeep
|turn|6
|
|t:|1760414938
|move|p1a: Araquanid|Liquidation|p2a: Slowking
|-damage|p2a: Slowking|40/100
|move|p2a: Slowking|Future Sight|p1a: Araquanid
|-start|p2a: Slowking|move: Future Sight
|
|-heal|p2a: Slowking|46/100|[from] item: Leftovers
|-damage|p1a: Araquanid|2/100 psn|[from] psn
|upkeep
|turn|7
|
|t:|1760414947
|switch|p2a: Corviknight|Corviknight, M|45/100
|-ability|p2a: Corviknight|Pressure
|move|p1a: Araquanid|Liquidation|p2a: Corviknight
|-damage|p2a: Corviknight|12/100
|-damage|p1a: Araquanid|0 fnt|[from] item: Rocky Helmet|[of] p2a: Corviknight
|faint|p1a: Araquanid
|
|upkeep
|
|t:|1760414955
|switch|p1a: Lokix|Lokix, F|100/100
|turn|8
|
|t:|1760414962
|switch|p2a: Gliscor|Gliscor, F|100/100
|move|p1a: Lokix|Knock Off|p2a: Gliscor
|-damage|p2a: Gliscor|63/100
|-enditem|p2a: Gliscor|Toxic Orb|[from] move: Knock Off|[of] p1a: Lokix
|
|-end|p1a: Lokix|move: Future Sight
|-immune|p1a: Lokix
|upkeep
|turn|9
|
|t:|1760414971
|switch|p1a: Yanmega|Yanmega, F|92/100
|move|p2a: Gliscor|Spikes|p1a: Yanmega
|-sidestart|p1: jop90|Spikes
|
|upkeep
|turn|10
|
|t:|1760414976
|move|p1a: Yanmega|Bug Buzz|p2a: Gliscor
|-resisted|p2a: Gliscor
|-damage|p2a: Gliscor|0 fnt
|faint|p2a: Gliscor
|
|upkeep
|
|t:|1760414984
|switch|p2a: Slowking|Slowking-Galar, M|79/100
|turn|11
|
|t:|1760414991
|move|p1a: Yanmega|Bug Buzz|p2a: Slowking
|-damage|p2a: Slowking|27/100
|move|p2a: Slowking|Flamethrower|p1a: Yanmega
|-supereffective|p1a: Yanmega
|-damage|p1a: Yanmega|0 fnt
|faint|p1a: Yanmega
|
|-heal|p2a: Slowking|33/100|[from] item: Leftovers
|upkeep
|
|t:|1760414999
|switch|p1a: Lokix|Lokix, F|100/100
|-damage|p1a: Lokix|88/100|[from] Spikes
|turn|12
|
|t:|1760415005
|switch|p2a: Corviknight|Corviknight, M|12/100
|-ability|p2a: Corviknight|Pressure
|move|p1a: Lokix|Knock Off|p2a: Corviknight
|-damage|p2a: Corviknight|0 fnt
|-damage|p1a: Lokix|72/100|[from] item: Rocky Helmet|[of] p2a: Corviknight
|-enditem|p2a: Corviknight|Rocky Helmet|[from] move: Knock Off|[of] p1a: Lokix
|faint|p2a: Corviknight
|
|upkeep
|
|t:|1760415015
|switch|p2a: Kingambit|Kingambit, M, shiny|100/100
|-activate|p2a: Kingambit|ability: Supreme Overlord
|-start|p2a: Kingambit|fallen2|[silent]
|turn|13
|
|t:|1760415026
|switch|p1a: Forretress|Forretress, F|100/100
|-damage|p1a: Forretress|88/100|[from] Spikes
|-end|p2a: Kingambit|fallen2|[silent]
|switch|p2a: Slowking|Slowking-Galar, M|66/100
|
|-heal|p2a: Slowking|73/100|[from] item: Leftovers
|-heal|p1a: Forretress|94/100|[from] item: Leftovers
|upkeep
|turn|14
|
|t:|1760415044
|move|p2a: Slowking|Flamethrower|p1a: Forretress
|-supereffective|p1a: Forretress
|-damage|p1a: Forretress|0 fnt
|faint|p1a: Forretress
|
|-heal|p2a: Slowking|79/100|[from] item: Leftovers
|upkeep
|
|t:|1760415047
|switch|p1a: Lokix|Lokix, F|72/100
|-damage|p1a: Lokix|59/100|[from] Spikes
|turn|15
|
|t:|1760415056
|switch|p2a: Ting-Lu|Ting-Lu|100/100
|-ability|p2a: Ting-Lu|Vessel of Ruin
|move|p1a: Lokix|Knock Off|p2a: Ting-Lu
|-resisted|p2a: Ting-Lu
|-damage|p2a: Ting-Lu|65/100
|-enditem|p2a: Ting-Lu|Leftovers|[from] move: Knock Off|[of] p1a: Lokix
|
|upkeep
|turn|16
|
|t:|1760415060
|switch|p1a: Ribombee|Ribombee, M|100/100
|-damage|p1a: Ribombee|88/100|[from] Spikes
|move|p2a: Ting-Lu|Stealth Rock|p1a: Ribombee
|-sidestart|p1: jop90|move: Stealth Rock
|
|upkeep
|turn|17
|
|t:|1760415079
|switch|p2a: Slowking|Slowking-Galar, M|100/100
|move|p1a: Ribombee|Moonblast|p2a: Slowking
|-resisted|p2a: Slowking
|-damage|p2a: Slowking|86/100
|
|-heal|p2a: Slowking|92/100|[from] item: Leftovers
|upkeep
|turn|18
|
|t:|1760415086
|-terastallize|p1a: Ribombee|Ground
|move|p1a: Ribombee|Tera Blast|p2a: Slowking|[anim] Tera Blast Ground
|-supereffective|p2a: Slowking
|-damage|p2a: Slowking|34/100
|move|p2a: Slowking|Flamethrower|p1a: Ribombee
|-damage|p1a: Ribombee|32/100
|
|-heal|p2a: Slowking|40/100|[from] item: Leftovers
|upkeep
|turn|19
|
|t:|1760415107
|switch|p2a: Gholdengo|Gholdengo|100/100
|-item|p2a: Gholdengo|Air Balloon
|move|p1a: Ribombee|Tera Blast|p2a: Gholdengo|[anim] Tera Blast Ground
|-immune|p2a: Gholdengo
|
|upkeep
|turn|20
|
|t:|1760415115
|move|p1a: Ribombee|Moonblast|p2a: Gholdengo
|-resisted|p2a: Gholdengo
|-damage|p2a: Gholdengo|78/100
|-enditem|p2a: Gholdengo|Air Balloon
|move|p2a: Gholdengo|Shadow Ball|p1a: Ribombee
|-damage|p1a: Ribombee|0 fnt
|faint|p1a: Ribombee
|
|upkeep
|
|t:|1760415126
|switch|p1a: Lokix|Lokix, F|59/100
|-damage|p1a: Lokix|47/100|[from] Spikes
|-damage|p1a: Lokix|22/100|[from] Stealth Rock
|turn|21
|
|t:|1760415132
|move|p1a: Lokix|U-turn|p2a: Gholdengo
|-resisted|p2a: Gholdengo
|-damage|p2a: Gholdengo|53/100
|-message|jop90 forfeited.
|
|win|willow16
|raw|jop90's rating: 1418 &rarr; <strong>1397</strong><br />(-21 for losing)
|raw|willow16's rating: 1402 &rarr; <strong>1423</strong><br />(+21 for winning)
|l|☆jop90
|player|p1|
|l|☆willow16
|player|p2|
