|j|☆kurobots
|j|☆dia90
|t:|1760449867
|gametype|singles
|player|p1|kurobots|ghetsis-gen5bw|1707
|player|p2|dia90|2|1612
|gen|9
|tier|[Gen 9] OU
|rated|
|rule|HP Percentage Mod: HP is shown in percentages
|rule|Endless Battle Clause: Forcing endless battles is banned
|rule|Species Clause: Limit one of each Pokémon
|rule|OHKO Clause: OHKO moves are banned
|rule|Evasion Items Clause: Evasion items are banned
|rule|Evasion Moves Clause: Evasion moves are banned
|rule|Evasion Abilities Clause: Evasion abilities are banned
|rule|Sleep Moves Clause: Sleep-inducing moves are banned
|clearpoke
|poke|p1|Skeledirge, F|
|poke|p1|Ogerpon-Wellspring, F|
|poke|p1|Dragapult, F|
|poke|p1|Weezing-Galar, F|
|poke|p1|Ting-Lu|
|poke|p1|Corviknight, F|
|poke|p2|Ursaluna, F|
|poke|p2|Raging Bolt|
|poke|p2|Cinderace, F|
|poke|p2|Pecharunt|
|poke|p2|Ogerpon, F|
|poke|p2|Scizor, F|
|teampreview
|inactive|Battle timer is ON: inactive players will automatically lose when time's up. (requested by kurobots)
|
|t:|1760449879
|teamsize|p1|6
|teamsize|p2|6
|start
|switch|p1a: Ogerpon|Ogerpon-Wellspring, F|100/100
|switch|p2a: Scizor|Scizor, F|100/100
|turn|1
|
|t:|1760449886
|switch|p1a: Corviknight|Corviknight, F|100/100
|-ability|p1a: Corviknight|Pressure
|move|p2a: Scizor|Knock Off|p1a: Corviknight
|-damage|p1a: Corviknight|69/100
|-damage|p2a: Scizor|84/100|[from] item: Rocky Helmet|[of] p1a: Corviknight
|-enditem|p1a: Corviknight|Rocky Helmet|[from] move: Knock Off|[of] p2a: Scizor
|
|upkeep
|turn|2
|
|t:|1760449898
|switch|p2a: Pecharunt|Pecharunt|100/100
|move|p1a: Corviknight|U-turn|p2a: Pecharunt
|-resisted|p2a: Pecharunt
|-damage|p2a: Pecharunt|99/100
|
|t:|1760449923
|switch|p1a: Ting-Lu|Ting-Lu, shiny|100/100|[from] U-turn
|-ability|p1a: Ting-Lu|Vessel of Ruin
|
|-heal|p2a: Pecharunt|100/100|[from] item: Leftovers
|upkeep
|turn|3
|
|t:|1760449929
|move|p2a: Pecharunt|Malignant Chain|p1a: Ting-Lu
|-resisted|p1a: Ting-Lu
|-damage|p1a: Ting-Lu|93/100
|-status|p1a: Ting-Lu|tox
|-start|p1a: Ting-Lu|confusion|[from] ability: Poison Puppeteer|[of] p2a: Pecharunt
|-activate|p1a: Ting-Lu|confusion
|move|p1a: Ting-Lu|Stealth Rock|p2a: Pecharunt
|-sidestart|p2: dia90|move: Stealth Rock
|
|-heal|p1a: Ting-Lu|99/100 tox|[from] item: Leftovers
|-damage|p1a: Ting-Lu|93/100 tox|[from] psn
|upkeep
|turn|4
|
|t:|1760449940
|move|p2a: Pecharunt|Parting Shot|p1a: Ting-Lu
|-unboost|p1a: Ting-Lu|atk|1
|-unboost|p1a: Ting-Lu|spa|1
|
|t:|1760449944
|switch|p2a: Scizor|Scizor, F|84/100|[from] Parting Shot
|-damage|p2a: Scizor|71/100|[from] Stealth Rock
|-end|p1a: Ting-Lu|confusion
|move|p1a: Ting-Lu|Earthquake|p2a: Scizor
|-damage|p2a: Scizor|48/100
|
|-heal|p1a: Ting-Lu|99/100 tox|[from] item: Leftovers
|-damage|p1a: Ting-Lu|87/100 tox|[from] psn
|upkeep
|turn|5
|
|t:|1760449960
|switch|p1a: Corviknight|Corviknight, F|69/100
|-ability|p1a: Corviknight|Pressure
|move|p2a: Scizor|U-turn|p1a: Corviknight
|-resisted|p1a: Corviknight
|-damage|p1a: Corviknight|60/100
|
|t:|1760449969
|switch|p2a: Cinderace|Cinderace, F|100/100|[from] U-turn
|
|upkeep
|turn|6
|
|t:|1760449979
|switch|p1a: Ting-Lu|Ting-Lu, shiny|87/100 tox
|-ability|p1a: Ting-Lu|Vessel of Ruin
|move|p2a: Cinderace|Court Change|p2a: Cinderace
|-start|p2a: Cinderace|typechange|Normal|[from] ability: Libero
|-swapsideconditions
|-activate|p2a: Cinderace|move: Court Change
|
|-heal|p1a: Ting-Lu|93/100 tox|[from] item: Leftovers
|-damage|p1a: Ting-Lu|87/100 tox|[from] psn
|upkeep
|turn|7
|
|t:|1760449990
|move|p2a: Cinderace|High Jump Kick|p1a: Ting-Lu
|-supereffective|p1a: Ting-Lu
|-damage|p1a: Ting-Lu|44/100 tox
|move|p1a: Ting-Lu|Stealth Rock|p2a: Cinderace
|-sidestart|p2: dia90|move: Stealth Rock
|
|-heal|p1a: Ting-Lu|51/100 tox|[from] item: Leftovers
|-damage|p1a: Ting-Lu|38/100 tox|[from] psn
|upkeep
|turn|8
|
|t:|1760449999
|switch|p1a: Weezing|Weezing-Galar, F|100/100
|-ability|p1a: Weezing|Neutralizing Gas
|move|p2a: Cinderace|U-turn|p1a: Weezing
|-resisted|p1a: Weezing
|-damage|p1a: Weezing|96/100
|
|t:|1760450010
|switch|p2a: Pecharunt|Pecharunt|100/100|[from] U-turn
|-damage|p2a: Pecharunt|88/100|[from] Stealth Rock
|
|-heal|p2a: Pecharunt|94/100|[from] item: Leftovers
|upkeep
|turn|9
|
|t:|1760450020
|-end|p1a: Weezing|ability: Neutralizing Gas
|switch|p1a: Ting-Lu|Ting-Lu, shiny|38/100 tox
|-damage|p1a: Ting-Lu|32/100 tox|[from] Stealth Rock
|-ability|p1a: Ting-Lu|Vessel of Ruin
|move|p2a: Pecharunt|Hex|p1a: Ting-Lu
|-resisted|p1a: Ting-Lu
|-damage|p1a: Ting-Lu|23/100 tox
|
|-heal|p2a: Pecharunt|99/100|[from] item: Leftovers
|-heal|p1a: Ting-Lu|29/100 tox|[from] item: Leftovers
|-damage|p1a: Ting-Lu|23/100 tox|[from] psn
|upkeep
|turn|10
|
|t:|1760450035
|move|p2a: Pecharunt|Parting Shot|p1a: Ting-Lu
|-unboost|p1a: Ting-Lu|atk|1
|-unboost|p1a: Ting-Lu|spa|1
|
|t:|1760450039
|switch|p2a: Scizor|Scizor, F|48/100|[from] Parting Shot
|-damage|p2a: Scizor|36/100|[from] Stealth Rock
|move|p1a: Ting-Lu|Rest|p1a: Ting-Lu
|-status|p1a: Ting-Lu|slp|[from] move: Rest
|-heal|p1a: Ting-Lu|100/100 slp|[silent]
|
|upkeep
|turn|11
|
|t:|1760450053
|switch|p1a: Corviknight|Corviknight, F|60/100
|-damage|p1a: Corviknight|47/100|[from] Stealth Rock
|-ability|p1a: Corviknight|Pressure
|move|p2a: Scizor|U-turn|p1a: Corviknight
|-resisted|p1a: Corviknight
|-damage|p1a: Corviknight|38/100
|
|t:|1760450060
|switch|p2a: Cinderace|Cinderace, F|100/100|[from] U-turn
|
|upkeep
|turn|12
|
|t:|1760450066
|switch|p1a: Weezing|Weezing-Galar, F|96/100
|-ability|p1a: Weezing|Neutralizing Gas
|move|p2a: Cinderace|U-turn|p1a: Weezing
|-resisted|p1a: Weezing
|-damage|p1a: Weezing|92/100
|
|t:|1760450078
|switch|p2a: Raging Bolt|Raging Bolt|100/100|[from] U-turn
|-damage|p2a: Raging Bolt|88/100|[from] Stealth Rock
|
|upkeep
|turn|13
|
|t:|1760450086
|-end|p1a: Weezing|ability: Neutralizing Gas
|switch|p1a: Skeledirge|Skeledirge, F|100/100
|move|p2a: Raging Bolt|Volt Switch|p1a: Skeledirge
|-damage|p1a: Skeledirge|57/100
|
|t:|1760450096
|-end|p2a: Raging Bolt|Protosynthesis|[silent]
|switch|p2a: Pecharunt|Pecharunt|99/100|[from] Volt Switch
|-damage|p2a: Pecharunt|88/100|[from] Stealth Rock
|
|-heal|p2a: Pecharunt|94/100|[from] item: Leftovers
|upkeep
|turn|14
|
|t:|1760450105
|switch|p1a: Ting-Lu|Ting-Lu, shiny|100/100 slp
|-damage|p1a: Ting-Lu|94/100 slp|[from] Stealth Rock
|-ability|p1a: Ting-Lu|Vessel of Ruin
|move|p2a: Pecharunt|Parting Shot|p1a: Ting-Lu
|-unboost|p1a: Ting-Lu|atk|1
|-unboost|p1a: Ting-Lu|spa|1
|
|t:|1760450113
|switch|p2a: Cinderace|Cinderace, F|100/100|[from] Parting Shot
|
|-heal|p1a: Ting-Lu|100/100 slp|[from] item: Leftovers
|upkeep
|turn|15
|
|t:|1760450119
|move|p2a: Cinderace|U-turn|p1a: Ting-Lu
|-start|p2a: Cinderace|typechange|Bug|[from] ability: Libero
|-supereffective|p1a: Ting-Lu
|-crit|p1a: Ting-Lu
|-damage|p1a: Ting-Lu|43/100 slp
|
|t:|1760450123
|switch|p2a: Ursaluna|Ursaluna, F|100/100|[from] U-turn
|-damage|p2a: Ursaluna|94/100|[from] Stealth Rock
|cant|p1a: Ting-Lu|slp
|
|-heal|p1a: Ting-Lu|49/100 slp|[from] item: Leftovers
|upkeep
|turn|16
|
|t:|1760450139
|switch|p1a: Ogerpon|Ogerpon-Wellspring, F|100/100
|-damage|p1a: Ogerpon|88/100|[from] Stealth Rock
|move|p2a: Ursaluna|Double-Edge|p1a: Ogerpon
|-damage|p1a: Ogerpon|0 fnt
|faint|p1a: Ogerpon
|-damage|p2a: Ursaluna|72/100|[from] Recoil
|
|upkeep
|
|t:|1760450146
|switch|p1a: Dragapult|Dragapult, F|100/100
|-damage|p1a: Dragapult|88/100|[from] Stealth Rock
|turn|17
|
|t:|1760450155
|switch|p2a: Pecharunt|Pecharunt|94/100
|-damage|p2a: Pecharunt|82/100|[from] Stealth Rock
|move|p1a: Dragapult|Draco Meteor|p2a: Pecharunt
|-damage|p2a: Pecharunt|0 fnt
|-unboost|p1a: Dragapult|spa|2
|faint|p2a: Pecharunt
|
|upkeep
|
|t:|1760450168
|switch|p2a: Cinderace|Cinderace, F|100/100
|turn|18
|
|t:|1760450176
|switch|p1a: Weezing|Weezing-Galar, F|92/100
|-ability|p1a: Weezing|Neutralizing Gas
|move|p2a: Cinderace|Pyro Ball|p1a: Weezing|[miss]
|-miss|p2a: Cinderace|p1a: Weezing
|
|upkeep
|turn|19
|
|t:|1760450187
|move|p2a: Cinderace|Pyro Ball|p1a: Weezing
|-damage|p1a: Weezing|48/100
|move|p1a: Weezing|Will-O-Wisp|p2a: Cinderace|[miss]
|-miss|p1a: Weezing|p2a: Cinderace
|
|upkeep
|turn|20
|
|t:|1760450192
|move|p2a: Cinderace|Pyro Ball|p1a: Weezing
|-damage|p1a: Weezing|5/100
|move|p1a: Weezing|Pain Split|p2a: Cinderace
|-sethp|p2a: Cinderace|53/100|[from] move: Pain Split|[silent]
|-sethp|p1a: Weezing|48/100|[from] move: Pain Split
|
|upkeep
|turn|21
|
|t:|1760450198
|move|p2a: Cinderace|Pyro Ball|p1a: Weezing
|-damage|p1a: Weezing|3/100
|move|p1a: Weezing|Sludge Bomb|p2a: Cinderace
|-damage|p2a: Cinderace|11/100
|
|upkeep
|turn|22
|
|t:|1760450208
|move|p2a: Cinderace|U-turn|p1a: Weezing
|-resisted|p1a: Weezing
|-damage|p1a: Weezing|0 fnt
|faint|p1a: Weezing
|-end|p1a: Weezing|ability: Neutralizing Gas
|
|t:|1760450213
|switch|p2a: Scizor|Scizor, F|36/100|[from] U-turn
|-damage|p2a: Scizor|23/100|[from] Stealth Rock
|
|upkeep
|
|t:|1760450216
|switch|p1a: Skeledirge|Skeledirge, F|57/100
|turn|23
|
|t:|1760450220
|move|p1a: Skeledirge|Torch Song|p2a: Scizor
|-supereffective|p2a: Scizor
|-damage|p2a: Scizor|0 fnt
|-boost|p1a: Skeledirge|spa|1
|faint|p2a: Scizor
|
|upkeep
|
|t:|1760450227
|switch|p2a: Ursaluna|Ursaluna, F|72/100
|-damage|p2a: Ursaluna|65/100|[from] Stealth Rock
|turn|24
|
|t:|1760450234
|move|p1a: Skeledirge|Will-O-Wisp|p2a: Ursaluna
|-status|p2a: Ursaluna|brn
|move|p2a: Ursaluna|Supercell Slam|p1a: Skeledirge
|-damage|p1a: Skeledirge|0 fnt
|faint|p1a: Skeledirge
|
|-damage|p2a: Ursaluna|59/100 brn|[from] brn
|upkeep
|
|t:|1760450242
|switch|p1a: Ting-Lu|Ting-Lu, shiny|49/100 slp
|-damage|p1a: Ting-Lu|43/100 slp|[from] Stealth Rock
|-ability|p1a: Ting-Lu|Vessel of Ruin
|turn|25
|
|t:|1760450250
|switch|p2a: Cinderace|Cinderace, F|11/100
|switch|p1a: Corviknight|Corviknight, F|38/100
|-damage|p1a: Corviknight|26/100|[from] Stealth Rock
|-ability|p1a: Corviknight|Pressure
|
|upkeep
|turn|26
|
|t:|1760450258
|move|p2a: Cinderace|Pyro Ball|p1a: Corviknight
|-supereffective|p1a: Corviknight
|-damage|p1a: Corviknight|0 fnt
|faint|p1a: Corviknight
|
|upkeep
|
|t:|1760450260
|switch|p1a: Dragapult|Dragapult, F|88/100
|-damage|p1a: Dragapult|76/100|[from] Stealth Rock
|turn|27
|
|t:|1760450266
|move|p1a: Dragapult|U-turn|p2a: Cinderace
|-resisted|p2a: Cinderace
|-damage|p2a: Cinderace|0 fnt
|faint|p2a: Cinderace
|
|t:|1760450268
|switch|p1a: Ting-Lu|Ting-Lu, shiny|43/100 slp|[from] U-turn
|-damage|p1a: Ting-Lu|37/100 slp|[from] Stealth Rock
|-ability|p1a: Ting-Lu|Vessel of Ruin
|
|-heal|p1a: Ting-Lu|43/100 slp|[from] item: Leftovers
|upkeep
|
|t:|1760450276
|switch|p2a: Ursaluna|Ursaluna, F|59/100 brn
|-damage|p2a: Ursaluna|53/100 brn|[from] Stealth Rock
|turn|28
|
|t:|1760450283
|move|p2a: Ursaluna|Headlong Rush|p1a: Ting-Lu
|-damage|p1a: Ting-Lu|0 fnt
|-unboost|p2a: Ursaluna|def|1
|-unboost|p2a: Ursaluna|spd|1
|faint|p1a: Ting-Lu
|
|-damage|p2a: Ursaluna|47/100 brn|[from] brn
|upkeep
|
|t:|1760450286
|switch|p1a: Dragapult|Dragapult, F|76/100
|-damage|p1a: Dragapult|64/100|[from] Stealth Rock
|turn|29
|
|t:|1760450293
|move|p1a: Dragapult|Draco Meteor|p2a: Ursaluna
|-damage|p2a: Ursaluna|0 fnt
|-unboost|p1a: Dragapult|spa|2
|faint|p2a: Ursaluna
|
|upkeep
|
|t:|1760450298
|switch|p2a: Ogerpon|Ogerpon, F|100/100
|-damage|p2a: Ogerpon|88/100|[from] Stealth Rock
|turn|30
|
|t:|1760450303
|-terastallize|p2a: Ogerpon|Grass
|detailschange|p2a: Ogerpon|Ogerpon-Teal-Tera, F, tera:Grass
|-ability|p2a: Ogerpon|Embody Aspect (Teal)|boost
|-boost|p2a: Ogerpon|spe|1
|move|p2a: Ogerpon|Knock Off|p1a: Dragapult
|-supereffective|p1a: Dragapult
|-damage|p1a: Dragapult|0 fnt
|-enditem|p1a: Dragapult|Choice Specs|[from] move: Knock Off|[of] p2a: Ogerpon
|faint|p1a: Dragapult
|
|win|dia90
|raw|kurobots's rating: 1707 &rarr; <strong>1682</strong><br />(-25 for losing)
|raw|dia90's rating: 1612 &rarr; <strong>1637</strong><br />(+25 for winning)
|l|☆kurobots
|player|p1|
|l|☆dia90
|player|p2|
