|j|☆itachiisgoated69
|j|☆bukeezy2
|t:|1760328087
|gametype|singles
|player|p1|itachiisgoated69|lance|1363
|player|p2|bukeezy2|102|1325
|gen|9
|tier|[Gen 9] OU
|rated|
|rule|HP Percentage Mod: HP is shown in percentages
|rule|Endless Battle Clause: Forcing endless battles is banned
|rule|Species Clause: Limit one of each Pokémon
|rule|OHKO Clause: OHKO moves are banned
|rule|Evasion Items Clause: Evasion items are banned
|rule|Evasion Moves Clause: Evasion moves are banned
|rule|Evasion Abilities Clause: Evasion abilities are banned
|rule|Sleep Moves Clause: Sleep-inducing moves are banned
|clearpoke
|poke|p1|Necrozma|
|poke|p1|Kingambit, F|
|poke|p1|Samurott-Hisui, F|
|poke|p1|Iron Treads|
|poke|p1|Pecharunt|
|poke|p1|Enamorus, F|
|poke|p2|Meowscarada, F|
|poke|p2|Dragapult, F|
|poke|p2|Primarina, F|
|poke|p2|Great Tusk|
|poke|p2|Heatran, F|
|poke|p2|Rillaboom, M|
|teampreview
|inactive|Battle timer is ON: inactive players will automatically lose when time's up. (requested by bukeezy2)
|
|t:|1760328099
|teamsize|p1|6
|teamsize|p2|6
|start
|switch|p1a: Medusa|Enamorus, F, shiny|100/100
|switch|p2a: Meowscarada|Meowscarada, F|100/100
|turn|1
|
|t:|1760328104
|move|p2a: Meowscarada|Triple Axel|p1a: Medusa
|-start|p2a: Meowscarada|typechange|Ice|[from] ability: Protean
|-supereffective|p1a: Medusa
|-damage|p1a: Medusa|71/100
|-supereffective|p1a: Medusa
|-damage|p1a: Medusa|11/100
|-hitcount|p1a: Medusa|2
|move|p1a: Medusa|Moonblast|p2a: Meowscarada
|-damage|p2a: Meowscarada|10/100
|
|upkeep
|turn|2
|inactive|itachiisgoated69 has 120 seconds left.
|
|t:|1760328145
|switch|p1a: Checkmate|Kingambit, F, shiny|100/100
|move|p2a: Meowscarada|Triple Axel|p1a: Checkmate
|-resisted|p1a: Checkmate
|-damage|p1a: Checkmate|97/100
|-resisted|p1a: Checkmate
|-damage|p1a: Checkmate|90/100
|-resisted|p1a: Checkmate
|-damage|p1a: Checkmate|80/100
|-hitcount|p1a: Checkmate|3
|
|upkeep
|turn|3
|
|t:|1760328151
|switch|p2a: Heatran|Heatran, F|100/100
|move|p1a: Checkmate|Kowtow Cleave|p2a: Heatran
|-damage|p2a: Heatran|50/100
|
|-heal|p2a: Heatran|57/100|[from] item: Leftovers
|upkeep
|turn|4
|inactive|itachiisgoated69 has 120 seconds left.
|
|t:|1760328164
|-end|p1a: Checkmate|fallenundefined|[silent]
|switch|p1a: Musashi|Samurott-Hisui, F, shiny|100/100
|move|p2a: Heatran|Stealth Rock|p1a: Musashi
|-sidestart|p1: itachiisgoated69|move: Stealth Rock
|
|-heal|p2a: Heatran|63/100|[from] item: Leftovers
|upkeep
|turn|5
|inactive|itachiisgoated69 has 120 seconds left.
|
|t:|1760328173
|switch|p2a: Primarina|Primarina, F|100/100
|move|p1a: Musashi|Razor Shell|p2a: Primarina
|-resisted|p2a: Primarina
|-damage|p2a: Primarina|47/100
|
|-heal|p2a: Primarina|53/100|[from] item: Leftovers
|upkeep
|turn|6
|
|t:|1760328181
|move|p1a: Musashi|Razor Shell|p2a: Primarina
|-resisted|p2a: Primarina
|-damage|p2a: Primarina|0 fnt
|faint|p2a: Primarina
|
|upkeep
|
|t:|1760328184
|switch|p2a: Rillaboom|Rillaboom, M|100/100
|-fieldstart|move: Grassy Terrain|[from] ability: Grassy Surge|[of] p2a: Rillaboom
|turn|7
|inactive|itachiisgoated69 has 120 seconds left.
|
|t:|1760328215
|move|p1a: Musashi|Razor Shell|p2a: Rillaboom
|-resisted|p2a: Rillaboom
|-damage|p2a: Rillaboom|53/100
|-unboost|p2a: Rillaboom|def|1
|move|p2a: Rillaboom|U-turn|p1a: Musashi
|-supereffective|p1a: Musashi
|-damage|p1a: Musashi|0 fnt
|faint|p1a: Musashi
|
|t:|1760328227
|switch|p2a: Dragapult|Dragapult, F|100/100|[from] U-turn
|
|upkeep
|inactive|itachiisgoated69 has 120 seconds left.
|
|t:|1760328243
|switch|p1a: Medusa|Enamorus, F, shiny|11/100
|-damage|p1a: Medusa|0 fnt|[from] Stealth Rock
|faint|p1a: Medusa
|
|t:|1760328261
|switch|p1a: Checkmate|Kingambit, F, shiny|80/100
|-damage|p1a: Checkmate|74/100|[from] Stealth Rock
|-activate|p1a: Checkmate|ability: Supreme Overlord
|-start|p1a: Checkmate|fallen2|[silent]
|turn|8
|
|t:|1760328276
|switch|p2a: Great Tusk|Great Tusk|100/100
|move|p1a: Checkmate|Kowtow Cleave|p2a: Great Tusk
|-resisted|p2a: Great Tusk
|-damage|p2a: Great Tusk|74/100
|
|-heal|p2a: Great Tusk|80/100|[from] Grassy Terrain
|-heal|p1a: Checkmate|80/100|[from] Grassy Terrain
|upkeep
|turn|9
|inactive|itachiisgoated69 has 90 seconds left.
|
|t:|1760328298
|-end|p2a: Great Tusk|Protosynthesis|[silent]
|switch|p2a: Heatran|Heatran, F|63/100
|-end|p1a: Checkmate|fallen2|[silent]
|switch|p1a: Star fragment|Necrozma, shiny|100/100
|-damage|p1a: Star fragment|88/100|[from] Stealth Rock
|
|-heal|p2a: Heatran|69/100|[from] Grassy Terrain
|-heal|p2a: Heatran|75/100|[from] item: Leftovers
|-heal|p1a: Star fragment|94/100|[from] Grassy Terrain
|upkeep
|turn|10
|
|t:|1760328311
|move|p2a: Heatran|Magma Storm|p1a: Star fragment|[miss]
|-miss|p2a: Heatran|p1a: Star fragment
|move|p1a: Star fragment|Earth Power|p2a: Heatran
|-supereffective|p2a: Heatran
|-damage|p2a: Heatran|0 fnt
|faint|p2a: Heatran
|
|-heal|p1a: Star fragment|99/100|[from] Grassy Terrain
|upkeep
|
|t:|1760328317
|switch|p2a: Dragapult|Dragapult, F|100/100
|turn|11
|
|t:|1760328328
|-terastallize|p1a: Star fragment|Fairy
|move|p2a: Dragapult|U-turn|p1a: Star fragment
|-resisted|p1a: Star fragment
|-damage|p1a: Star fragment|85/100
|l|☆bukeezy2
|inactive|bukeezy2 disconnected and has a minute to reconnect!
|player|p2|
|inactive|bukeezy2 has 30 seconds to reconnect!
|inactive|bukeezy2 has 20 seconds to reconnect!
|inactive|bukeezy2 has 15 seconds to reconnect!
|inactive|bukeezy2 has 10 seconds to reconnect!
|inactive|bukeezy2 has 5 seconds to reconnect!
|-message|bukeezy2 lost due to inactivity.
|
|win|itachiisgoated69
|raw|itachiisgoated69's rating: 1363 &rarr; <strong>1381</strong><br />(+18 for winning)
|raw|bukeezy2's rating: 1325 &rarr; <strong>1307</strong><br />(-18 for losing)
|l|☆itachiisgoated69
|player|p1|
