|j|☆Buhf Luxray
|j|☆jstewartlambert
|t:|1760334193
|gametype|singles
|player|p1|Buhf Luxray|policeman-gen4|1272
|player|p2|jstewartlambert|ltsurge|1340
|gen|9
|tier|[Gen 9] OU
|rated|
|rule|HP Percentage Mod: HP is shown in percentages
|rule|Endless Battle Clause: Forcing endless battles is banned
|rule|Species Clause: Limit one of each Pokémon
|rule|OHKO Clause: OHKO moves are banned
|rule|Evasion Items Clause: Evasion items are banned
|rule|Evasion Moves Clause: Evasion moves are banned
|rule|Evasion Abilities Clause: Evasion abilities are banned
|rule|Sleep Moves Clause: Sleep-inducing moves are banned
|clearpoke
|poke|p1|Ninetales-Alola, F|
|poke|p1|Iron Valiant|
|poke|p1|Ogerpon-Wellspring, F|
|poke|p1|Great Tusk|
|poke|p1|Iron Hands|
|poke|p1|Iron Crown|
|poke|p2|Clefable, F|
|poke|p2|Gliscor, M|
|poke|p2|Jirachi|
|poke|p2|Serperior, F|
|poke|p2|Kyurem|
|poke|p2|Skeledirge, F|
|teampreview
|inactive|Battle timer is ON: inactive players will automatically lose when time's up. (requested by jstewartlambert)
|
|t:|1760334224
|teamsize|p1|6
|teamsize|p2|6
|start
|switch|p1a: Ninetales|Ninetales-Alola, F, shiny|100/100
|switch|p2a: Gringetta|Clefable, F, shiny|100/100
|-weather|Snowscape|[from] ability: Snow Warning|[of] p1a: Ninetales
|turn|1
|
|t:|1760334231
|move|p1a: Ninetales|Aurora Veil|p1a: Ninetales
|-sidestart|p1: Buhf Luxray|move: Aurora Veil
|move|p2a: Gringetta|Thunder Wave|p1a: Ninetales
|-status|p1a: Ninetales|par
|
|-weather|Snowscape|[upkeep]
|upkeep
|turn|2
|
|t:|1760334246
|move|p1a: Ninetales|Encore|p2a: Gringetta
|-start|p2a: Gringetta|Encore
|move|p2a: Gringetta|Thunder Wave|p1a: Ninetales|[miss]
|-miss|p2a: Gringetta|p1a: Ninetales
|
|-weather|Snowscape|[upkeep]
|upkeep
|turn|3
|
|t:|1760334258
|switch|p1a: Iron Hands|Iron Hands, shiny|100/100
|switch|p2a: 很痛苦|Skeledirge, F|100/100
|
|-weather|Snowscape|[upkeep]
|upkeep
|turn|4
|
|t:|1760334281
|-end|p1a: Iron Hands|Quark Drive|[silent]
|switch|p1a: Great Tusk|Great Tusk, shiny|100/100
|-enditem|p1a: Great Tusk|Booster Energy
|-activate|p1a: Great Tusk|ability: Protosynthesis|[fromitem]
|-start|p1a: Great Tusk|protosynthesisspe
|move|p2a: 很痛苦|Will-O-Wisp|p1a: Great Tusk
|-status|p1a: Great Tusk|brn
|
|-weather|Snowscape|[upkeep]
|-damage|p1a: Great Tusk|94/100 brn|[from] brn
|upkeep
|turn|5
|
|t:|1760334294
|switch|p2a: Gringetta|Clefable, F, shiny|100/100
|move|p1a: Great Tusk|Stealth Rock|p2a: Gringetta
|-sidestart|p2: jstewartlambert|move: Stealth Rock
|
|-weather|none
|-damage|p1a: Great Tusk|88/100 brn|[from] brn
|upkeep
|turn|6
|
|t:|1760334309
|move|p1a: Great Tusk|Headlong Rush|p2a: Gringetta
|-damage|p2a: Gringetta|79/100
|-unboost|p1a: Great Tusk|def|1
|-unboost|p1a: Great Tusk|spd|1
|move|p2a: Gringetta|Moonblast|p1a: Great Tusk
|-supereffective|p1a: Great Tusk
|-damage|p1a: Great Tusk|27/100 brn
|
|-heal|p2a: Gringetta|85/100|[from] item: Leftovers
|-damage|p1a: Great Tusk|21/100 brn|[from] brn
|upkeep
|turn|7
|
|t:|1760334328
|-end|p1a: Great Tusk|Protosynthesis|[silent]
|switch|p1a: Iron Crown|Iron Crown|100/100
|-enditem|p1a: Iron Crown|Booster Energy
|-activate|p1a: Iron Crown|ability: Quark Drive|[fromitem]
|-start|p1a: Iron Crown|quarkdrivespe
|move|p2a: Gringetta|Moonblast|p1a: Iron Crown
|-resisted|p1a: Iron Crown
|-damage|p1a: Iron Crown|93/100
|
|-heal|p2a: Gringetta|91/100|[from] item: Leftovers
|upkeep
|turn|8
|
|t:|1760334347
|move|p1a: Iron Crown|Tachyon Cutter|p2a: Gringetta
|-supereffective|p2a: Gringetta
|-crit|p2a: Gringetta
|-damage|p2a: Gringetta|28/100
|-supereffective|p2a: Gringetta
|-damage|p2a: Gringetta|0 fnt
|faint|p2a: Gringetta
|-hitcount|p2: Gringetta|2
|
|-sideend|p1: Buhf Luxray|move: Aurora Veil
|upkeep
|
|t:|1760334353
|switch|p2a: 很痛苦|Skeledirge, F|100/100
|turn|9
|inactive|Buhf Luxray has 120 seconds left.
|c|☆jstewartlambert|...
|
|t:|1760334381
|-end|p1a: Iron Crown|Quark Drive|[silent]
|switch|p1a: Great Tusk|Great Tusk, shiny|21/100 brn
|move|p2a: 很痛苦|Will-O-Wisp|p1a: Great Tusk
|-fail|p1a: Great Tusk|brn
|
|-damage|p1a: Great Tusk|14/100 brn|[from] brn
|upkeep
|turn|10
|
|t:|1760334391
|switch|p2a: aunt lysan|Gliscor, M|100/100
|-damage|p2a: aunt lysan|88/100|[from] Stealth Rock
|move|p1a: Great Tusk|Headlong Rush|p2a: aunt lysan
|-immune|p2a: aunt lysan
|
|-damage|p1a: Great Tusk|8/100 brn|[from] brn
|-status|p2a: aunt lysan|tox|[from] item: Toxic Orb
|upkeep
|turn|11
|inactive|Buhf Luxray has 120 seconds left.
|
|t:|1760334409
|move|p1a: Great Tusk|Ice Spinner|p2a: aunt lysan
|-supereffective|p2a: aunt lysan
|-damage|p2a: aunt lysan|60/100 tox
|move|p2a: aunt lysan|Substitute|p2a: aunt lysan
|-start|p2a: aunt lysan|Substitute
|-damage|p2a: aunt lysan|35/100 tox
|
|-heal|p2a: aunt lysan|47/100 tox|[from] ability: Poison Heal
|-damage|p1a: Great Tusk|2/100 brn|[from] brn
|upkeep
|turn|12
|inactive|Buhf Luxray has 120 seconds left.
|
|t:|1760334420
|move|p2a: aunt lysan|Protect|p2a: aunt lysan
|-singleturn|p2a: aunt lysan|Protect
|move|p1a: Great Tusk|Ice Spinner|p2a: aunt lysan
|-activate|p2a: aunt lysan|move: Protect
|
|-heal|p2a: aunt lysan|60/100 tox|[from] ability: Poison Heal
|-damage|p1a: Great Tusk|0 fnt|[from] brn
|faint|p1a: Great Tusk
|-end|p1a: Great Tusk|Protosynthesis|[silent]
|upkeep
|inactive|Buhf Luxray has 120 seconds left.
|
|t:|1760334438
|switch|p1a: Ninetales|Ninetales-Alola, F, shiny|100/100 par
|-weather|Snowscape|[from] ability: Snow Warning|[of] p1a: Ninetales
|turn|13
|
|t:|1760334456
|move|p2a: aunt lysan|Earthquake|p1a: Ninetales
|-damage|p1a: Ninetales|74/100 par
|move|p1a: Ninetales|Aurora Veil|p1a: Ninetales
|-sidestart|p1: Buhf Luxray|move: Aurora Veil
|
|-weather|Snowscape|[upkeep]
|-heal|p2a: aunt lysan|72/100 tox|[from] ability: Poison Heal
|upkeep
|turn|14
|inactive|Buhf Luxray has 120 seconds left.
|
|t:|1760334466
|move|p2a: aunt lysan|Earthquake|p1a: Ninetales
|-damage|p1a: Ninetales|62/100 par
|move|p1a: Ninetales|Freeze-Dry|p2a: aunt lysan
|-supereffective|p2a: aunt lysan
|-end|p2a: aunt lysan|Substitute
|
|-weather|Snowscape|[upkeep]
|-heal|p2a: aunt lysan|85/100 tox|[from] ability: Poison Heal
|upkeep
|turn|15
|inactive|Buhf Luxray has 120 seconds left.
|
|t:|1760334475
|move|p2a: aunt lysan|Protect|p2a: aunt lysan
|-singleturn|p2a: aunt lysan|Protect
|cant|p1a: Ninetales|par
|
|-weather|Snowscape|[upkeep]
|-heal|p2a: aunt lysan|97/100 tox|[from] ability: Poison Heal
|upkeep
|turn|16
|
|t:|1760334485
|move|p2a: aunt lysan|Substitute|p2a: aunt lysan
|-start|p2a: aunt lysan|Substitute
|-damage|p2a: aunt lysan|72/100 tox
|move|p1a: Ninetales|Freeze-Dry|p2a: aunt lysan
|-supereffective|p2a: aunt lysan
|-end|p2a: aunt lysan|Substitute
|
|-weather|Snowscape|[upkeep]
|-heal|p2a: aunt lysan|85/100 tox|[from] ability: Poison Heal
|upkeep
|turn|17
|inactive|Buhf Luxray has 120 seconds left.
|
|t:|1760334505
|switch|p2a: 很痛苦|Skeledirge, F|100/100
|switch|p1a: Ogerpon|Ogerpon-Wellspring, F|100/100
|
|-weather|none
|upkeep
|turn|18
|inactive|Buhf Luxray has 120 seconds left.
|
|t:|1760334514
|-terastallize|p1a: Ogerpon|Water
|detailschange|p1a: Ogerpon|Ogerpon-Wellspring-Tera, F, tera:Water
|-ability|p1a: Ogerpon|Embody Aspect (Wellspring)|boost
|-boost|p1a: Ogerpon|spd|1
|-terastallize|p2a: 很痛苦|Steel
|move|p1a: Ogerpon|Ivy Cudgel|p2a: 很痛苦|[anim] Ivy Cudgel Water
|-damage|p2a: 很痛苦|39/100
|move|p2a: 很痛苦|Will-O-Wisp|p1a: Ogerpon|[miss]
|-miss|p2a: 很痛苦|p1a: Ogerpon
|
|upkeep
|turn|19
|inactive|Buhf Luxray has 120 seconds left.
|
|t:|1760334528
|move|p1a: Ogerpon|Substitute|p1a: Ogerpon
|-start|p1a: Ogerpon|Substitute
|-damage|p1a: Ogerpon|76/100
|move|p2a: 很痛苦|Will-O-Wisp||[still]
|-fail|p2a: 很痛苦
|
|upkeep
|turn|20
|
|t:|1760334537
|move|p1a: Ogerpon|Swords Dance|p1a: Ogerpon
|-boost|p1a: Ogerpon|atk|2
|move|p2a: 很痛苦|Hex|p1a: Ogerpon
|-activate|p1a: Ogerpon|move: Substitute|[damage]
|
|-sideend|p1: Buhf Luxray|move: Aurora Veil
|upkeep
|turn|21
|
|t:|1760334545
|move|p1a: Ogerpon|Ivy Cudgel|p2a: 很痛苦|[anim] Ivy Cudgel Water
|-damage|p2a: 很痛苦|0 fnt
|faint|p2a: 很痛苦
|
|upkeep
|
|t:|1760334547
|switch|p2a: freakbob|Kyurem|100/100
|-damage|p2a: freakbob|76/100|[from] Stealth Rock
|-ability|p2a: freakbob|Pressure
|turn|22
|
|t:|1760334556
|move|p1a: Ogerpon|Ivy Cudgel|p2a: freakbob|[anim] Ivy Cudgel Water
|-resisted|p2a: freakbob
|-damage|p2a: freakbob|0 fnt
|faint|p2a: freakbob
|
|upkeep
|
|t:|1760334562
|switch|p2a: 真倒霉|Jirachi|100/100
|-damage|p2a: 真倒霉|94/100|[from] Stealth Rock
|turn|23
|
|t:|1760334566
|move|p1a: Ogerpon|Ivy Cudgel|p2a: 真倒霉|[anim] Ivy Cudgel Water
|-damage|p2a: 真倒霉|0 fnt
|faint|p2a: 真倒霉
|
|upkeep
|
|t:|1760334572
|switch|p2a: Gilbere|Serperior, F|100/100
|-damage|p2a: Gilbere|88/100|[from] Stealth Rock
|turn|24
|
|t:|1760334577
|move|p2a: Gilbere|Leaf Storm|p1a: Ogerpon
|-supereffective|p1a: Ogerpon
|-end|p1a: Ogerpon|Substitute
|-boost|p2a: Gilbere|spa|2
|move|p1a: Ogerpon|Ivy Cudgel|p2a: Gilbere|[anim] Ivy Cudgel Water
|-resisted|p2a: Gilbere
|-damage|p2a: Gilbere|0 fnt
|faint|p2a: Gilbere
|
|upkeep
|l|☆jstewartlambert
|inactive|jstewartlambert disconnected and has a minute to reconnect!
|player|p2|
|c|☆Buhf Luxray|lol
|inactive|jstewartlambert has 30 seconds to reconnect!
|inactive|jstewartlambert has 20 seconds to reconnect!
|inactive|jstewartlambert has 15 seconds to reconnect!
|inactive|jstewartlambert has 10 seconds to reconnect!
|inactive|jstewartlambert has 5 seconds to reconnect!
|-message|jstewartlambert lost due to inactivity.
|
|win|Buhf Luxray
|raw|Buhf Luxray's rating: 1272 &rarr; <strong>1302</strong><br />(+30 for winning)
|raw|jstewartlambert's rating: 1340 &rarr; <strong>1316</strong><br />(-24 for losing)
