|j|☆enormouschilli
|j|☆CroCop93
|t:|1760357729
|gametype|singles
|player|p1|enormouschilli|169|1584
|player|p2|CroCop93|169|1548
|gen|9
|tier|[Gen 9] OU
|rated|
|rule|HP Percentage Mod: HP is shown in percentages
|rule|Endless Battle Clause: Forcing endless battles is banned
|rule|Species Clause: Limit one of each Pokémon
|rule|OHKO Clause: OHKO moves are banned
|rule|Evasion Items Clause: Evasion items are banned
|rule|Evasion Moves Clause: Evasion moves are banned
|rule|Evasion Abilities Clause: Evasion abilities are banned
|rule|Sleep Moves Clause: Sleep-inducing moves are banned
|clearpoke
|poke|p1|Iron Moth|
|poke|p1|Kingambit, M|
|poke|p1|Deoxys-Speed|
|poke|p1|Raging Bolt|
|poke|p1|Rillaboom, M|
|poke|p1|Bisharp, F|
|poke|p2|Alomomola, F|
|poke|p2|Moltres-Galar|
|poke|p2|Porygon2|
|poke|p2|Clodsire, M|
|poke|p2|Cinderace, M|
|poke|p2|Iron Valiant|
|teampreview
|inactive|Battle timer is ON: inactive players will automatically lose when time's up. (requested by enormouschilli)
|
|t:|1760357748
|teamsize|p1|6
|teamsize|p2|6
|start
|switch|p1a: Raging Bolt|Raging Bolt|100/100
|switch|p2a: Alomomola|Alomomola, F|100/100
|-enditem|p1a: Raging Bolt|Booster Energy
|-activate|p1a: Raging Bolt|ability: Protosynthesis|[fromitem]
|-start|p1a: Raging Bolt|protosynthesisspa
|turn|1
|
|t:|1760357765
|-end|p1a: Raging Bolt|Protosynthesis|[silent]
|switch|p1a: Rillaboom|Rillaboom, M|100/100
|-fieldstart|move: Grassy Terrain|[from] ability: Grassy Surge|[of] p1a: Rillaboom
|switch|p2a: Clodsire|Clodsire, M|100/100
|
|upkeep
|turn|2
|
|t:|1760357782
|switch|p2a: Moltres|Moltres-Galar|100/100
|move|p1a: Rillaboom|Knock Off|p2a: Moltres
|-resisted|p2a: Moltres
|-damage|p2a: Moltres|82/100
|-enditem|p2a: Moltres|Choice Scarf|[from] move: Knock Off|[of] p1a: Rillaboom
|
|upkeep
|turn|3
|
|t:|1760357790
|switch|p1a: Anomаly|Iron Moth|100/100
|-enditem|p1a: Anomаly|Booster Energy
|-activate|p1a: Anomаly|ability: Quark Drive|[fromitem]
|-start|p1a: Anomаly|quarkdrivespe
|move|p2a: Moltres|U-turn|p1a: Anomаly
|-resisted|p1a: Anomаly
|-damage|p1a: Anomаly|93/100
|
|t:|1760357809
|switch|p2a: Porygon2|Porygon2|100/100|[from] U-turn
|
|-heal|p1a: Anomаly|99/100|[from] Grassy Terrain
|upkeep
|turn|4
|
|t:|1760357819
|move|p1a: Anomаly|Substitute|p1a: Anomаly
|-start|p1a: Anomаly|Substitute
|-damage|p1a: Anomаly|74/100
|move|p2a: Porygon2|Tera Blast|p1a: Anomаly
|-end|p1a: Anomаly|Substitute
|
|-heal|p1a: Anomаly|80/100|[from] Grassy Terrain
|upkeep
|turn|5
|
|t:|1760357823
|move|p1a: Anomаly|Fiery Dance|p2a: Porygon2
|-damage|p2a: Porygon2|75/100
|-boost|p1a: Anomаly|spa|1
|move|p2a: Porygon2|Tera Blast|p1a: Anomаly
|-damage|p1a: Anomаly|42/100
|
|-heal|p1a: Anomаly|48/100|[from] Grassy Terrain
|-heal|p2a: Porygon2|81/100|[from] Grassy Terrain
|upkeep
|turn|6
|j| dionysos
|
|t:|1760357843
|move|p1a: Anomаly|Sludge Wave|p2a: Porygon2
|-damage|p2a: Porygon2|35/100
|move|p2a: Porygon2|Tera Blast|p1a: Anomаly
|-damage|p1a: Anomаly|6/100
|
|-heal|p1a: Anomаly|12/100|[from] Grassy Terrain
|-heal|p2a: Porygon2|41/100|[from] Grassy Terrain
|upkeep
|turn|7
|l| dionysos
|inactive|enormouschilli has 120 seconds left.
|j| dionysos
|l| dionysos
|
|t:|1760357890
|-terastallize|p2a: Porygon2|Poison
|move|p1a: Anomаly|Sludge Wave|p2a: Porygon2
|-resisted|p2a: Porygon2
|-damage|p2a: Porygon2|18/100
|move|p2a: Porygon2|Recover|p2a: Porygon2
|-heal|p2a: Porygon2|69/100
|
|-heal|p1a: Anomаly|18/100|[from] Grassy Terrain
|-heal|p2a: Porygon2|75/100|[from] Grassy Terrain
|upkeep
|turn|8
|
|t:|1760357897
|move|p1a: Anomаly|Fiery Dance|p2a: Porygon2
|-damage|p2a: Porygon2|38/100
|move|p2a: Porygon2|Shadow Ball|p1a: Anomаly
|-damage|p1a: Anomаly|0 fnt
|faint|p1a: Anomаly
|-end|p1a: Anomаly|Quark Drive|[silent]
|
|-heal|p2a: Porygon2|44/100|[from] Grassy Terrain
|-fieldend|move: Grassy Terrain
|upkeep
|inactive|enormouschilli has 90 seconds left.
|
|t:|1760357936
|switch|p1a: Bisharp|Bisharp, F|100/100
|turn|9
|
|t:|1760357949
|switch|p2a: Alomomola|Alomomola, F|100/100
|move|p1a: Bisharp|Swords Dance|p1a: Bisharp
|-boost|p1a: Bisharp|atk|2
|
|upkeep
|turn|10
|inactive|enormouschilli has 90 seconds left.
|inactive|enormouschilli has 60 seconds left.
|
|t:|1760358010
|move|p1a: Bisharp|Iron Head|p2a: Alomomola
|-resisted|p2a: Alomomola
|-crit|p2a: Alomomola
|-damage|p2a: Alomomola|58/100
|move|p2a: Alomomola|Liquidation|p1a: Bisharp
|-damage|p1a: Bisharp|55/100
|
|upkeep
|turn|11
|
|t:|1760358023
|move|p1a: Bisharp|Iron Head|p2a: Alomomola
|-resisted|p2a: Alomomola
|-damage|p2a: Alomomola|30/100
|move|p2a: Alomomola|Liquidation|p1a: Bisharp
|-crit|p1a: Bisharp
|-damage|p1a: Bisharp|0 fnt
|faint|p1a: Bisharp
|
|upkeep
|inactive|enormouschilli has 30 seconds left.
|inactive|enormouschilli has 20 seconds left.
|
|t:|1760358058
|switch|p1a: Deoxys|Deoxys-Speed|100/100
|-ability|p1a: Deoxys|Pressure
|turn|12
|inactive|enormouschilli has 30 seconds left this turn.
|
|t:|1760358068
|switch|p2a: Porygon2|Porygon2, tera:Poison|44/100
|move|p1a: Deoxys|Nasty Plot|p1a: Deoxys
|-boost|p1a: Deoxys|spa|2
|
|upkeep
|turn|13
|inactive|enormouschilli has 30 seconds left.
|inactive|enormouschilli has 20 seconds left.
|inactive|enormouschilli has 15 seconds left.
|inactive|enormouschilli has 10 seconds left.
|inactive|enormouschilli has 5 seconds left.
|-message|enormouschilli lost due to inactivity.
|
|win|CroCop93
|raw|enormouschilli's rating: 1584 &rarr; <strong>1562</strong><br />(-22 for losing)
|raw|CroCop93's rating: 1548 &rarr; <strong>1570</strong><br />(+22 for winning)
|l|☆enormouschilli
|player|p1|
|l|☆CroCop93
|player|p2|
