|j|☆Andrewtre
|j|☆soft eggs
|t:|1760393417
|gametype|singles
|player|p1|Andrewtre|psychic|1183
|player|p2|soft eggs|red|1107
|gen|9
|tier|[Gen 9] OU
|rated|
|rule|HP Percentage Mod: HP is shown in percentages
|rule|Endless Battle Clause: Forcing endless battles is banned
|rule|Species Clause: Limit one of each Pokémon
|rule|OHKO Clause: OHKO moves are banned
|rule|Evasion Items Clause: Evasion items are banned
|rule|Evasion Moves Clause: Evasion moves are banned
|rule|Evasion Abilities Clause: Evasion abilities are banned
|rule|Sleep Moves Clause: Sleep-inducing moves are banned
|clearpoke
|poke|p1|Slowking, F|
|poke|p1|Farigiraf, F|
|poke|p1|Hatterene, F|
|poke|p1|Gengar, M|
|poke|p1|Golurk|
|poke|p1|Golduck, F|
|poke|p2|Pikachu-Original, M|
|poke|p2|Venusaur, M|
|poke|p2|Blastoise, F|
|poke|p2|Charizard, F|
|poke|p2|Snorlax, F|
|poke|p2|Lapras, F|
|teampreview
|inactive|Battle timer is ON: inactive players will automatically lose when time's up. (requested by Andrewtre)
|
|t:|1760393439
|teamsize|p1|6
|teamsize|p2|6
|start
|switch|p1a: Hatterene|Hatterene, F|100/100
|switch|p2a: Venusaur|Venusaur, M|100/100
|turn|1
|
|t:|1760393452
|move|p2a: Venusaur|Sludge Bomb|p1a: Hatterene
|-supereffective|p1a: Hatterene
|-damage|p1a: Hatterene|12/100
|-status|p1a: Hatterene|psn
|move|p1a: Hatterene|Trick Room|p1a: Hatterene
|-fieldstart|move: Trick Room|[of] p1a: Hatterene
|
|-damage|p1a: Hatterene|0 fnt|[from] psn
|faint|p1a: Hatterene
|upkeep
|
|t:|1760393456
|switch|p1a: Golurk|Golurk|100/100
|turn|2
|
|t:|1760393470
|move|p1a: Golurk|Earthquake|p2a: Venusaur
|-damage|p2a: Venusaur|1/100
|-damage|p1a: Golurk|91/100|[from] item: Life Orb
|move|p2a: Venusaur|Giga Drain|p1a: Golurk
|-supereffective|p1a: Golurk
|-damage|p1a: Golurk|10/100
|-heal|p2a: Venusaur|46/100|[from] drain|[of] p1a: Golurk
|
|-heal|p2a: Venusaur|52/100|[from] item: Leftovers
|upkeep
|turn|3
|
|t:|1760393499
|switch|p2a: Charizard|Charizard, F|100/100
|move|p1a: Golurk|Poltergeist|p2a: Charizard
|-activate|p2a: Charizard|move: Poltergeist|Life Orb
|-damage|p2a: Charizard|0 fnt
|faint|p2a: Charizard
|-damage|p1a: Golurk|0 fnt|[from] item: Life Orb
|faint|p1a: Golurk
|
|upkeep
|inactive|soft eggs has 120 seconds left.
|
|t:|1760393511
|switch|p1a: Slowking|Slowking, F|100/100
|switch|p2a: Snorlax|Snorlax, F|100/100
|turn|4
|
|t:|1760393516
|move|p1a: Slowking|Psychic|p2a: Snorlax
|-damage|p2a: Snorlax|68/100
|-damage|p1a: Slowking|91/100|[from] item: Life Orb
|move|p2a: Snorlax|Belly Drum|p2a: Snorlax
|-damage|p2a: Snorlax|18/100
|-setboost|p2a: Snorlax|atk|6|[from] move: Belly Drum
|-enditem|p2a: Snorlax|Aguav Berry|[eat]
|-heal|p2a: Snorlax|51/100|[from] item: Aguav Berry
|
|upkeep
|turn|5
|
|t:|1760393528
|move|p1a: Slowking|Psychic|p2a: Snorlax
|-damage|p2a: Snorlax|20/100
|-damage|p1a: Slowking|81/100|[from] item: Life Orb
|move|p2a: Snorlax|Crunch|p1a: Slowking
|-supereffective|p1a: Slowking
|-damage|p1a: Slowking|0 fnt
|faint|p1a: Slowking
|
|-fieldend|move: Trick Room
|upkeep
|
|t:|1760393537
|switch|p1a: Gengar|Gengar, M, shiny|100/100
|turn|6
|
|t:|1760393545
|move|p1a: Gengar|Sludge Bomb|p2a: Snorlax
|-damage|p2a: Snorlax|0 fnt
|faint|p2a: Snorlax
|
|upkeep
|
|t:|1760393554
|switch|p2a: Venusaur|Venusaur, M|52/100
|turn|7
|
|t:|1760393562
|move|p1a: Gengar|Sludge Bomb|p2a: Venusaur
|-damage|p2a: Venusaur|0 fnt
|faint|p2a: Venusaur
|
|upkeep
|
|t:|1760393573
|switch|p2a: Lapras|Lapras, F|100/100
|turn|8
|
|t:|1760393577
|move|p1a: Gengar|Sludge Bomb|p2a: Lapras
|-damage|p2a: Lapras|61/100
|-status|p2a: Lapras|psn
|move|p2a: Lapras|Psychic|p1a: Gengar
|-supereffective|p1a: Gengar
|-damage|p1a: Gengar|15/100
|
|-heal|p2a: Lapras|67/100 psn|[from] item: Leftovers
|-damage|p2a: Lapras|55/100 psn|[from] psn
|upkeep
|turn|9
|
|t:|1760393593
|move|p1a: Gengar|Sludge Bomb|p2a: Lapras
|-damage|p2a: Lapras|16/100 psn
|move|p2a: Lapras|Brine|p1a: Gengar
|-damage|p1a: Gengar|0 fnt
|faint|p1a: Gengar
|
|-heal|p2a: Lapras|23/100 psn|[from] item: Leftovers
|-damage|p2a: Lapras|10/100 psn|[from] psn
|upkeep
|
|t:|1760393599
|switch|p1a: Golduck|Golduck, F, shiny|100/100
|turn|10
|
|t:|1760393611
|move|p1a: Golduck|Ice Beam|p2a: Lapras
|-resisted|p2a: Lapras
|-damage|p2a: Lapras|5/100 psn
|move|p2a: Lapras|Body Slam|p1a: Golduck
|-damage|p1a: Golduck|78/100
|
|-heal|p2a: Lapras|11/100 psn|[from] item: Leftovers
|-damage|p2a: Lapras|0 fnt|[from] psn
|faint|p2a: Lapras
|upkeep
|
|t:|1760393620
|switch|p2a: Pikachu|Pikachu-Original, M|100/100
|turn|11
|
|t:|1760393636
|move|p2a: Pikachu|Wild Charge|p1a: Golduck
|-supereffective|p1a: Golduck
|-damage|p1a: Golduck|0 fnt
|faint|p1a: Golduck
|-damage|p2a: Pikachu|73/100|[from] Recoil
|
|upkeep
|
|t:|1760393643
|switch|p1a: Farigiraf|Farigiraf, F|100/100
|turn|12
|
|t:|1760393656
|move|p2a: Pikachu|Wild Charge|p1a: Farigiraf
|-damage|p1a: Farigiraf|44/100
|-damage|p2a: Pikachu|44/100|[from] Recoil
|move|p1a: Farigiraf|Trick Room|p1a: Farigiraf
|-fieldstart|move: Trick Room|[of] p1a: Farigiraf
|
|upkeep
|turn|13
|
|t:|1760393670
|move|p1a: Farigiraf|Twin Beam|p2a: Pikachu
|-damage|p2a: Pikachu|0 fnt
|faint|p2a: Pikachu
|-hitcount|p2: Pikachu|1
|-damage|p1a: Farigiraf|35/100|[from] item: Life Orb
|
|upkeep
|
|t:|1760393676
|switch|p2a: Blastoise|Blastoise, F|100/100
|turn|14
|
|t:|1760393683
|move|p1a: Farigiraf|Twin Beam|p2a: Blastoise
|-damage|p2a: Blastoise|74/100
|-damage|p2a: Blastoise|50/100
|-hitcount|p2a: Blastoise|2
|-damage|p1a: Farigiraf|25/100|[from] item: Life Orb
|move|p2a: Blastoise|Hydro Pump|p1a: Farigiraf
|-damage|p1a: Farigiraf|0 fnt
|faint|p1a: Farigiraf
|
|win|soft eggs
|raw|Andrewtre's rating: 1183 &rarr; <strong>1153</strong><br />(-30 for losing)
|raw|soft eggs's rating: 1107 &rarr; <strong>1137</strong><br />(+30 for winning)
|l|☆Andrewtre
|player|p1|
