|j|☆melkarkameron
|j|☆Thy_Zebra
|t:|1760438375
|gametype|singles
|player|p1|melkarkameron|brycenman|1174
|player|p2|Thy_Zebra|elesa|1224
|gen|9
|tier|[Gen 9] OU
|rated|
|rule|HP Percentage Mod: HP is shown in percentages
|rule|Endless Battle Clause: Forcing endless battles is banned
|rule|Species Clause: Limit one of each Pokémon
|rule|OHKO Clause: OHKO moves are banned
|rule|Evasion Items Clause: Evasion items are banned
|rule|Evasion Moves Clause: Evasion moves are banned
|rule|Evasion Abilities Clause: Evasion abilities are banned
|rule|Sleep Moves Clause: Sleep-inducing moves are banned
|clearpoke
|poke|p1|Polteageist|
|poke|p1|Blastoise, M|
|poke|p1|Cloyster, M|
|poke|p1|Drednaw, M|
|poke|p1|Torterra, M|
|poke|p1|Minior|
|poke|p2|Ceruledge, F|
|poke|p2|Ninetales, M|
|poke|p2|Leavanny, M|
|poke|p2|Great Tusk|
|poke|p2|Walking Wake|
|poke|p2|Raging Bolt|
|teampreview
|inactive|Battle timer is ON: inactive players will automatically lose when time's up. (requested by melkarkameron)
|
|t:|1760438392
|teamsize|p1|6
|teamsize|p2|6
|start
|switch|p1a: Minior|Minior|100/100
|switch|p2a: Leavanny|Leavanny, M|100/100
|-formechange|p1a: Minior|Minior-Meteor||[from] ability: Shields Down
|turn|1
|
|t:|1760438401
|move|p2a: Leavanny|Sticky Web|p1a: Minior
|-sidestart|p1: melkarkameron|move: Sticky Web
|move|p1a: Minior|Shell Smash|p1a: Minior
|-unboost|p1a: Minior|def|1
|-unboost|p1a: Minior|spd|1
|-boost|p1a: Minior|atk|2
|-boost|p1a: Minior|spa|2
|-boost|p1a: Minior|spe|2
|-enditem|p1a: Minior|White Herb
|-clearnegativeboost|p1a: Minior|[silent]
|
|upkeep
|turn|2
|
|t:|1760438410
|move|p1a: Minior|Acrobatics|p2a: Leavanny
|-supereffective|p2a: Leavanny
|-damage|p2a: Leavanny|0 fnt
|faint|p2a: Leavanny
|
|upkeep
|
|t:|1760438415
|switch|p2a: Ninetales|Ninetales, M|100/100
|-weather|SunnyDay|[from] ability: Drought|[of] p2a: Ninetales
|turn|3
|
|t:|1760438421
|switch|p2a: Raging Bolt|Raging Bolt|100/100
|-activate|p2a: Raging Bolt|ability: Protosynthesis
|-start|p2a: Raging Bolt|protosynthesisspa
|move|p1a: Minior|Stone Edge|p2a: Raging Bolt
|-damage|p2a: Raging Bolt|33/100
|
|-weather|SunnyDay|[upkeep]
|upkeep
|turn|4
|
|t:|1760438429
|-terastallize|p1a: Minior|Ground
|move|p2a: Raging Bolt|Thunderclap|p1a: Minior
|-immune|p1a: Minior
|move|p1a: Minior|Earthquake|p2a: Raging Bolt
|-supereffective|p2a: Raging Bolt
|-damage|p2a: Raging Bolt|0 fnt
|faint|p2a: Raging Bolt
|-end|p2a: Raging Bolt|Protosynthesis|[silent]
|
|-weather|SunnyDay|[upkeep]
|upkeep
|
|t:|1760438439
|switch|p2a: Walking Wake|Walking Wake|100/100
|-activate|p2a: Walking Wake|ability: Protosynthesis
|-start|p2a: Walking Wake|protosynthesisspa
|turn|5
|
|t:|1760438445
|move|p1a: Minior|Earthquake|p2a: Walking Wake
|-damage|p2a: Walking Wake|24/100
|move|p2a: Walking Wake|Hydro Steam|p1a: Minior
|-supereffective|p1a: Minior
|-damage|p1a: Minior|0 fnt
|faint|p1a: Minior
|
|-weather|SunnyDay|[upkeep]
|upkeep
|
|t:|1760438456
|switch|p1a: Blastoise|Blastoise, M|100/100
|-activate|p1a: Blastoise|move: Sticky Web
|-unboost|p1a: Blastoise|spe|1
|-enditem|p1a: Blastoise|White Herb
|-clearnegativeboost|p1a: Blastoise|[silent]
|turn|6
|
|t:|1760438463
|-end|p2a: Walking Wake|Protosynthesis|[silent]
|switch|p2a: Ceruledge|Ceruledge, F|100/100
|move|p1a: Blastoise|Shell Smash|p1a: Blastoise
|-unboost|p1a: Blastoise|def|1
|-unboost|p1a: Blastoise|spd|1
|-boost|p1a: Blastoise|atk|2
|-boost|p1a: Blastoise|spa|2
|-boost|p1a: Blastoise|spe|2
|
|-weather|SunnyDay|[upkeep]
|upkeep
|turn|7
|
|t:|1760438473
|move|p1a: Blastoise|Surf|p2a: Ceruledge
|-supereffective|p2a: Ceruledge
|-damage|p2a: Ceruledge|17/100
|move|p2a: Ceruledge|Solar Blade||[still]
|-prepare|p2a: Ceruledge|Solar Blade
|-anim|p2a: Ceruledge|Solar Blade|p1a: Blastoise
|-supereffective|p1a: Blastoise
|-damage|p1a: Blastoise|0 fnt
|faint|p1a: Blastoise
|
|-weather|SunnyDay|[upkeep]
|upkeep
|
|t:|1760438483
|switch|p1a: Polteageist|Polteageist|100/100
|-activate|p1a: Polteageist|move: Sticky Web
|-unboost|p1a: Polteageist|spe|1
|turn|8
|
|t:|1760438491
|move|p2a: Ceruledge|Bitter Blade|p1a: Polteageist
|-enditem|p1a: Polteageist|Focus Sash
|-damage|p1a: Polteageist|1/100
|-heal|p2a: Ceruledge|62/100|[from] drain|[of] p1a: Polteageist
|-ability|p1a: Polteageist|Weak Armor|boost
|-unboost|p1a: Polteageist|def|1
|-boost|p1a: Polteageist|spe|2
|move|p1a: Polteageist|Shadow Ball|p2a: Ceruledge
|-supereffective|p2a: Ceruledge
|-damage|p2a: Ceruledge|0 fnt
|faint|p2a: Ceruledge
|
|-weather|SunnyDay|[upkeep]
|upkeep
|
|t:|1760438509
|switch|p2a: Great Tusk|Great Tusk|100/100
|-activate|p2a: Great Tusk|ability: Protosynthesis
|-start|p2a: Great Tusk|protosynthesisatk
|turn|9
|
|t:|1760438521
|move|p1a: Polteageist|Shadow Ball|p2a: Great Tusk
|-crit|p2a: Great Tusk
|-damage|p2a: Great Tusk|0 fnt
|faint|p2a: Great Tusk
|-end|p2a: Great Tusk|Protosynthesis|[silent]
|
|-weather|SunnyDay|[upkeep]
|upkeep
|
|t:|1760438528
|switch|p2a: Ninetales|Ninetales, M|100/100
|turn|10
|
|t:|1760438532
|move|p1a: Polteageist|Shadow Ball|p2a: Ninetales
|-damage|p2a: Ninetales|58/100
|move|p2a: Ninetales|Scorching Sands|p1a: Polteageist
|-damage|p1a: Polteageist|0 fnt
|faint|p1a: Polteageist
|
|-weather|none
|upkeep
|
|t:|1760438540
|switch|p1a: Cloyster|Cloyster, M|100/100
|-activate|p1a: Cloyster|move: Sticky Web
|-unboost|p1a: Cloyster|spe|1
|-enditem|p1a: Cloyster|White Herb
|-clearnegativeboost|p1a: Cloyster|[silent]
|turn|11
|
|t:|1760438552
|switch|p2a: Walking Wake|Walking Wake|24/100
|move|p1a: Cloyster|Rock Blast|p2a: Walking Wake|[miss]
|-miss|p1a: Cloyster|p2a: Walking Wake
|
|upkeep
|turn|12
|
|t:|1760438557
|-end|p2a: Walking Wake|Protosynthesis|[silent]
|switch|p2a: Ninetales|Ninetales, M|58/100
|-weather|SunnyDay|[from] ability: Drought|[of] p2a: Ninetales
|move|p1a: Cloyster|Rock Blast|p2a: Ninetales
|-supereffective|p2a: Ninetales
|-crit|p2a: Ninetales
|-damage|p2a: Ninetales|26/100
|-supereffective|p2a: Ninetales
|-damage|p2a: Ninetales|7/100
|-supereffective|p2a: Ninetales
|-damage|p2a: Ninetales|0 fnt
|faint|p2a: Ninetales
|-hitcount|p2: Ninetales|3
|
|-weather|SunnyDay|[upkeep]
|upkeep
|
|t:|1760438569
|switch|p2a: Walking Wake|Walking Wake|24/100
|-activate|p2a: Walking Wake|ability: Protosynthesis
|-start|p2a: Walking Wake|protosynthesisspa
|turn|13
|
|t:|1760438574
|-terastallize|p2a: Walking Wake|Water
|move|p2a: Walking Wake|Hydro Steam|p1a: Cloyster
|-resisted|p1a: Cloyster
|-damage|p1a: Cloyster|0 fnt
|faint|p1a: Cloyster
|
|-weather|SunnyDay|[upkeep]
|upkeep
|
|t:|1760438580
|switch|p1a: Torterra|Torterra, M|100/100
|-activate|p1a: Torterra|move: Sticky Web
|-unboost|p1a: Torterra|spe|1
|turn|14
|
|t:|1760438584
|move|p2a: Walking Wake|Hydro Steam|p1a: Torterra
|-damage|p1a: Torterra|0 fnt
|faint|p1a: Torterra
|
|-weather|SunnyDay|[upkeep]
|upkeep
|
|t:|1760438588
|switch|p1a: Drednaw|Drednaw, M|100/100
|-activate|p1a: Drednaw|move: Sticky Web
|-unboost|p1a: Drednaw|spe|1
|-enditem|p1a: Drednaw|White Herb
|-clearnegativeboost|p1a: Drednaw|[silent]
|turn|15
|
|t:|1760438593
|move|p2a: Walking Wake|Hydro Steam|p1a: Drednaw
|-damage|p1a: Drednaw|0 fnt
|faint|p1a: Drednaw
|
|win|Thy_Zebra
|raw|melkarkameron's rating: 1174 &rarr; <strong>1153</strong><br />(-21 for losing)
|raw|Thy_Zebra's rating: 1224 &rarr; <strong>1245</strong><br />(+21 for winning)
|l|☆melkarkameron
|player|p1|
|l|☆Thy_Zebra
|player|p2|
