|j|☆Beasteucloid123
|j|☆ZeBoomer
|t:|1760371048
|gametype|singles
|player|p1|Beasteucloid123|1|1195
|player|p2|ZeBoomer|scientist-gen4dp|1221
|gen|9
|tier|[Gen 9] OU
|rated|
|rule|HP Percentage Mod: HP is shown in percentages
|rule|Endless Battle Clause: Forcing endless battles is banned
|rule|Species Clause: Limit one of each Pokémon
|rule|OHKO Clause: OHKO moves are banned
|rule|Evasion Items Clause: Evasion items are banned
|rule|Evasion Moves Clause: Evasion moves are banned
|rule|Evasion Abilities Clause: Evasion abilities are banned
|rule|Sleep Moves Clause: Sleep-inducing moves are banned
|clearpoke
|poke|p1|Dragapult, M|
|poke|p1|Weavile, M|
|poke|p1|Iron Moth|
|poke|p1|Mandibuzz, F|
|poke|p1|Iron Treads|
|poke|p1|Azumarill, M|
|poke|p2|Orthworm, M|
|poke|p2|Graveler, F|
|poke|p2|Dragapult, F|
|poke|p2|Darkrai|
|poke|p2|Weavile, M|
|poke|p2|Weezing-Galar, F|
|teampreview
|inactive|Battle timer is ON: inactive players will automatically lose when time's up. (requested by ZeBoomer)
|inactive|Beasteucloid123 has 120 seconds left.
|
|t:|1760371104
|teamsize|p1|6
|teamsize|p2|6
|start
|switch|p1a: Mandibuzz|Mandibuzz, F|100/100
|switch|p2a: Weavile|Weavile, M|100/100
|turn|1
|inactive|Beasteucloid123 has 120 seconds left.
|
|t:|1760371135
|-terastallize|p1a: Mandibuzz|Water
|move|p2a: Weavile|Fake Out|p1a: Mandibuzz
|-damage|p1a: Mandibuzz|93/100
|cant|p1a: Mandibuzz|flinch
|
|upkeep
|turn|2
|
|t:|1760371148
|move|p2a: Weavile|Knock Off|p1a: Mandibuzz
|-damage|p1a: Mandibuzz|65/100
|-enditem|p1a: Mandibuzz|Heavy-Duty Boots|[from] move: Knock Off|[of] p2a: Weavile
|move|p1a: Mandibuzz|Foul Play|p2a: Weavile
|-resisted|p2a: Weavile
|-damage|p2a: Weavile|63/100
|
|upkeep
|turn|3
|inactive|Beasteucloid123 has 120 seconds left.
|
|t:|1760371164
|switch|p2a: Weezing|Weezing-Galar, F|100/100
|-ability|p2a: Weezing|Neutralizing Gas
|move|p1a: Mandibuzz|Roost|p1a: Mandibuzz
|-heal|p1a: Mandibuzz|100/100
|
|upkeep
|turn|4
|inactive|Beasteucloid123 has 120 seconds left.
|
|t:|1760371188
|switch|p1a: Iron Moth|Iron Moth|100/100
|move|p2a: Weezing|Will-O-Wisp|p1a: Iron Moth
|-immune|p1a: Iron Moth
|
|upkeep
|turn|5
|inactive|ZeBoomer has 120 seconds left.
|
|t:|1760371219
|-end|p2a: Weezing|ability: Neutralizing Gas
|switch|p2a: Dragapult|Dragapult, F|100/100
|-enditem|p1a: Iron Moth|Booster Energy
|-activate|p1a: Iron Moth|ability: Quark Drive|[fromitem]
|-start|p1a: Iron Moth|quarkdrivespe
|move|p1a: Iron Moth|Substitute|p1a: Iron Moth
|-start|p1a: Iron Moth|Substitute
|-damage|p1a: Iron Moth|76/100
|
|upkeep
|turn|6
|inactive|ZeBoomer has 120 seconds left.
|
|t:|1760371239
|move|p1a: Iron Moth|Fiery Dance|p2a: Dragapult
|-resisted|p2a: Dragapult
|-damage|p2a: Dragapult|75/100
|-boost|p1a: Iron Moth|spa|1
|move|p2a: Dragapult|Dragon Darts|p1a: Iron Moth
|-end|p1a: Iron Moth|Substitute
|-anim|p2a: Dragapult|Dragon Darts|p1a: Iron Moth
|-damage|p1a: Iron Moth|46/100
|
|upkeep
|turn|7
|inactive|ZeBoomer has 120 seconds left.
|inactive|Beasteucloid123 has 90 seconds left.
|
|t:|1760371270
|-end|p1a: Iron Moth|Quark Drive|[silent]
|switch|p1a: Iron Treads|Iron Treads|100/100
|-item|p1a: Iron Treads|Air Balloon
|move|p2a: Dragapult|Light Screen|p2a: Dragapult
|-sidestart|p2: ZeBoomer|move: Light Screen
|
|upkeep
|turn|8
|inactive|Beasteucloid123 has 90 seconds left.
|inactive|ZeBoomer has 120 seconds left.
|
|t:|1760371286
|move|p2a: Dragapult|Flamethrower|p1a: Iron Treads
|-supereffective|p1a: Iron Treads
|-damage|p1a: Iron Treads|64/100
|-enditem|p1a: Iron Treads|Air Balloon
|move|p1a: Iron Treads|Stealth Rock|p2a: Dragapult
|-sidestart|p2: ZeBoomer|move: Stealth Rock
|
|upkeep
|turn|9
|inactive|Beasteucloid123 has 90 seconds left.
|
|t:|1760371299
|move|p2a: Dragapult|Reflect|p2a: Dragapult
|-sidestart|p2: ZeBoomer|Reflect
|move|p1a: Iron Treads|Ice Spinner|p2a: Dragapult
|-supereffective|p2a: Dragapult
|-damage|p2a: Dragapult|47/100
|
|upkeep
|turn|10
|inactive|ZeBoomer has 120 seconds left.
|inactive|Beasteucloid123 has 90 seconds left.
|
|t:|1760371317
|-end|p1a: Iron Treads|Quark Drive|[silent]
|switch|p1a: Dragapult|Dragapult, M|100/100
|move|p2a: Dragapult|Flamethrower|p1a: Dragapult
|-resisted|p1a: Dragapult
|-damage|p1a: Dragapult|86/100
|
|upkeep
|turn|11
|inactive|Beasteucloid123 has 90 seconds left.
|
|t:|1760371328
|move|p2a: Dragapult|Dragon Darts|p1a: Dragapult
|-supereffective|p1a: Dragapult
|-damage|p1a: Dragapult|27/100
|-anim|p2a: Dragapult|Dragon Darts|p1a: Dragapult
|-supereffective|p1a: Dragapult
|-damage|p1a: Dragapult|0 fnt
|faint|p1a: Dragapult
|
|upkeep
|
|t:|1760371349
|switch|p1a: Azumarill|Azumarill, M|100/100
|turn|12
|inactive|Beasteucloid123 has 60 seconds left.
|
|t:|1760371372
|switch|p2a: Weezing|Weezing-Galar, F|100/100
|-ability|p2a: Weezing|Neutralizing Gas
|move|p1a: Azumarill|Play Rough|p2a: Weezing
|-resisted|p2a: Weezing
|-damage|p2a: Weezing|96/100
|-unboost|p2a: Weezing|atk|1
|
|upkeep
|turn|13
|inactive|Beasteucloid123 has 60 seconds left.
|
|t:|1760371391
|switch|p1a: Iron Moth|Iron Moth|46/100
|move|p2a: Weezing|Strange Steam|p1a: Iron Moth|[miss]
|-miss|p2a: Weezing|p1a: Iron Moth
|
|upkeep
|turn|14
|inactive|Beasteucloid123 has 60 seconds left.
|inactive|ZeBoomer has 120 seconds left.
|
|t:|1760371417
|-end|p2a: Weezing|ability: Neutralizing Gas
|switch|p2a: Dragapult|Dragapult, F|47/100
|-damage|p2a: Dragapult|35/100|[from] Stealth Rock
|move|p1a: Iron Moth|Substitute|p1a: Iron Moth
|-start|p1a: Iron Moth|Substitute
|-damage|p1a: Iron Moth|21/100
|
|-sideend|p2: ZeBoomer|move: Light Screen
|upkeep
|turn|15
|
|t:|1760371429
|move|p2a: Dragapult|Dragon Darts|p1a: Iron Moth
|-end|p1a: Iron Moth|Substitute
|-anim|p2a: Dragapult|Dragon Darts|p1a: Iron Moth
|-damage|p1a: Iron Moth|0 fnt
|faint|p1a: Iron Moth
|-end|p1a: Iron Moth|Quark Drive|[silent]
|
|upkeep
|
|t:|1760371449
|switch|p1a: Mandibuzz|Mandibuzz, F, tera:Water|100/100
|turn|16
|
|t:|1760371457
|move|p2a: Dragapult|Dragon Darts|p1a: Mandibuzz
|-damage|p1a: Mandibuzz|89/100
|-anim|p2a: Dragapult|Dragon Darts|p1a: Mandibuzz
|-damage|p1a: Mandibuzz|77/100
|move|p1a: Mandibuzz|Foul Play|p2a: Dragapult
|-supereffective|p2a: Dragapult
|-damage|p2a: Dragapult|0 fnt
|-start|p1a: Mandibuzz|Disable|Foul Play|[from] ability: Cursed Body|[of] p2a: Dragapult
|faint|p2a: Dragapult
|
|-sideend|p2: ZeBoomer|Reflect
|upkeep
|
|t:|1760371469
|switch|p2a: Weavile|Weavile, M|63/100
|-damage|p2a: Weavile|38/100|[from] Stealth Rock
|turn|17
|
|t:|1760371479
|move|p2a: Weavile|Fake Out|p1a: Mandibuzz
|-damage|p1a: Mandibuzz|69/100
|cant|p1a: Mandibuzz|flinch
|
|upkeep
|turn|18
|inactive|Beasteucloid123 has 60 seconds left.
|
|t:|1760371484
|move|p2a: Weavile|Triple Axel|p1a: Mandibuzz
|-resisted|p1a: Mandibuzz
|-crit|p1a: Mandibuzz
|-damage|p1a: Mandibuzz|65/100
|-resisted|p1a: Mandibuzz
|-damage|p1a: Mandibuzz|59/100
|-resisted|p1a: Mandibuzz
|-damage|p1a: Mandibuzz|51/100
|-hitcount|p1a: Mandibuzz|3
|move|p1a: Mandibuzz|U-turn|p2a: Weavile
|-supereffective|p2a: Weavile
|-damage|p2a: Weavile|0 fnt
|faint|p2a: Weavile
|inactive|Beasteucloid123 has 60 seconds left.
|
|t:|1760371518
|switch|p1a: Azumarill|Azumarill, M|100/100|[from] U-turn
|
|upkeep
|
|t:|1760371530
|switch|p2a: Weezing|Weezing-Galar, F|96/100
|-ability|p2a: Weezing|Neutralizing Gas
|turn|19
|
|t:|1760371548
|switch|p1a: Iron Treads|Iron Treads|64/100
|move|p2a: Weezing|Will-O-Wisp|p1a: Iron Treads
|-status|p1a: Iron Treads|brn
|
|-damage|p1a: Iron Treads|58/100 brn|[from] brn
|upkeep
|turn|20
|inactive|Beasteucloid123 has 30 seconds left.
|
|t:|1760371567
|move|p1a: Iron Treads|Earthquake|p2a: Weezing
|-supereffective|p2a: Weezing
|-damage|p2a: Weezing|71/100
|move|p2a: Weezing|Pain Split|p1a: Iron Treads
|-sethp|p1a: Iron Treads|60/100 brn|[from] move: Pain Split|[silent]
|-sethp|p2a: Weezing|69/100|[from] move: Pain Split
|
|-damage|p1a: Iron Treads|54/100 brn|[from] brn
|upkeep
|turn|21
|inactive|Beasteucloid123 has 30 seconds left.
|
|t:|1760371584
|move|p1a: Iron Treads|Earthquake|p2a: Weezing
|-supereffective|p2a: Weezing
|-damage|p2a: Weezing|42/100
|move|p2a: Weezing|Defog|p1a: Iron Treads
|-unboost|p1a: Iron Treads|evasion|1
|-sideend|p2: ZeBoomer|Stealth Rock|[from] move: Defog|[of] p2a: Weezing
|
|-damage|p1a: Iron Treads|48/100 brn|[from] brn
|upkeep
|turn|22
|
|t:|1760371595
|move|p1a: Iron Treads|Earthquake|p2a: Weezing
|-supereffective|p2a: Weezing
|-damage|p2a: Weezing|16/100
|move|p2a: Weezing|Pain Split|p1a: Iron Treads
|-sethp|p1a: Iron Treads|31/100 brn|[from] move: Pain Split|[silent]
|-sethp|p2a: Weezing|36/100|[from] move: Pain Split
|
|-damage|p1a: Iron Treads|25/100 brn|[from] brn
|upkeep
|turn|23
|
|t:|1760371605
|move|p1a: Iron Treads|Earthquake|p2a: Weezing
|-supereffective|p2a: Weezing
|-crit|p2a: Weezing
|-damage|p2a: Weezing|0 fnt
|faint|p2a: Weezing
|-end|p2a: Weezing|ability: Neutralizing Gas
|
|-damage|p1a: Iron Treads|19/100 brn|[from] brn
|upkeep
|
|t:|1760371614
|switch|p2a: Darkrai|Darkrai|100/100
|turn|24
|inactive|Beasteucloid123 has 30 seconds left.
|inactive|Beasteucloid123 has 20 seconds left.
|inactive|Beasteucloid123 has 15 seconds left.
|inactive|Beasteucloid123 has 10 seconds left.
|
|t:|1760371662
|move|p2a: Darkrai|Dark Pulse|p1a: Iron Treads
|-damage|p1a: Iron Treads|0 fnt
|faint|p1a: Iron Treads
|-end|p1a: Iron Treads|Quark Drive|[silent]
|
|upkeep
|inactive|Beasteucloid123 has 15 seconds left this turn.
|inactive|Beasteucloid123 has 10 seconds left.
|inactive|Beasteucloid123 has 5 seconds left.
|
|t:|1760371672
|switch|p1a: Mandibuzz|Mandibuzz, F, tera:Water|51/100
|turn|25
|inactive|Beasteucloid123 has 15 seconds left this turn.
|inactive|Beasteucloid123 has 10 seconds left.
|
|t:|1760371679
|move|p2a: Darkrai|Dark Pulse|p1a: Mandibuzz
|-damage|p1a: Mandibuzz|13/100
|cant|p1a: Mandibuzz|flinch
|
|upkeep
|turn|26
|inactive|Beasteucloid123 has 20 seconds left this turn.
|inactive|Beasteucloid123 has 15 seconds left.
|inactive|Beasteucloid123 has 10 seconds left.
|
|t:|1760371690
|switch|p1a: Weavile|Weavile, M|100/100
|-ability|p1a: Weavile|Pressure
|move|p2a: Darkrai|Dark Pulse|p1a: Weavile
|-resisted|p1a: Weavile
|-damage|p1a: Weavile|69/100
|
|upkeep
|turn|27
|inactive|Beasteucloid123 has 20 seconds left this turn.
|inactive|Beasteucloid123 has 15 seconds left.
|
|t:|1760371698
|switch|p2a: Orthworm|Orthworm, M|100/100
|move|p1a: Weavile|Triple Axel|p2a: Orthworm
|-resisted|p2a: Orthworm
|-damage|p2a: Orthworm|97/100
|-resisted|p2a: Orthworm
|-damage|p2a: Orthworm|90/100
|-resisted|p2a: Orthworm
|-damage|p2a: Orthworm|80/100
|-hitcount|p2a: Orthworm|3
|
|upkeep
|turn|28
|inactive|Beasteucloid123 has 25 seconds left this turn.
|inactive|Beasteucloid123 has 20 seconds left.
|inactive|Beasteucloid123 has 15 seconds left.
|inactive|Beasteucloid123 has 10 seconds left.
|
|t:|1760371716
|switch|p1a: Mandibuzz|Mandibuzz, F, tera:Water|13/100
|move|p2a: Orthworm|Coil|p2a: Orthworm
|-boost|p2a: Orthworm|atk|1
|-boost|p2a: Orthworm|def|1
|-boost|p2a: Orthworm|accuracy|1
|
|upkeep
|turn|29
|inactive|Beasteucloid123 has 20 seconds left this turn.
|inactive|Beasteucloid123 has 15 seconds left.
|inactive|Beasteucloid123 has 10 seconds left.
|
|t:|1760371728
|move|p2a: Orthworm|Body Press|p1a: Mandibuzz
|-damage|p1a: Mandibuzz|0 fnt
|faint|p1a: Mandibuzz
|
|upkeep
|inactive|Beasteucloid123 has 15 seconds left this turn.
|inactive|Beasteucloid123 has 10 seconds left.
|inactive|Beasteucloid123 has 5 seconds left.
|
|t:|1760371741
|switch|p1a: Azumarill|Azumarill, M|100/100
|turn|30
|inactive|Beasteucloid123 has 15 seconds left this turn.
|inactive|Beasteucloid123 has 10 seconds left.
|
|t:|1760371749
|move|p1a: Azumarill|Belly Drum|p1a: Azumarill
|-damage|p1a: Azumarill|50/100
|-setboost|p1a: Azumarill|atk|6|[from] move: Belly Drum
|-enditem|p1a: Azumarill|Sitrus Berry|[eat]
|-heal|p1a: Azumarill|75/100|[from] item: Sitrus Berry
|move|p2a: Orthworm|Coil|p2a: Orthworm
|-boost|p2a: Orthworm|atk|1
|-boost|p2a: Orthworm|def|1
|-boost|p2a: Orthworm|accuracy|1
|
|upkeep
|turn|31
|inactive|Beasteucloid123 has 20 seconds left this turn.
|inactive|Beasteucloid123 has 15 seconds left.
|inactive|Beasteucloid123 has 10 seconds left.
|
|t:|1760371762
|move|p1a: Azumarill|Liquidation|p2a: Orthworm
|-damage|p2a: Orthworm|5/100
|move|p2a: Orthworm|Body Press|p1a: Azumarill
|-resisted|p1a: Azumarill
|-damage|p1a: Azumarill|43/100
|
|upkeep
|turn|32
|inactive|Beasteucloid123 has 20 seconds left this turn.
|inactive|Beasteucloid123 has 15 seconds left.
|inactive|Beasteucloid123 has 10 seconds left.
|
|t:|1760371777
|move|p1a: Azumarill|Aqua Jet|p2a: Orthworm
|-damage|p2a: Orthworm|0 fnt
|faint|p2a: Orthworm
|
|upkeep
|
|t:|1760371791
|switch|p2a: Graveler|Graveler, F|100/100
|turn|33
|inactive|Beasteucloid123 has 25 seconds left this turn.
|inactive|Beasteucloid123 has 20 seconds left.
|
|t:|1760371802
|move|p1a: Azumarill|Aqua Jet|p2a: Graveler
|-supereffective|p2a: Graveler
|-ability|p2a: Graveler|Sturdy
|-damage|p2a: Graveler|1/100
|move|p2a: Graveler|Earthquake|p1a: Azumarill
|-damage|p1a: Azumarill|0 fnt
|faint|p1a: Azumarill
|
|upkeep
|inactive|Beasteucloid123 has 25 seconds left this turn.
|inactive|Beasteucloid123 has 20 seconds left.
|
|t:|1760371810
|switch|p1a: Weavile|Weavile, M|69/100
|-ability|p1a: Weavile|Pressure
|turn|34
|inactive|Beasteucloid123 has 30 seconds left this turn.
|
|t:|1760371817
|move|p1a: Weavile|Ice Shard|p2a: Graveler
|-supereffective|p2a: Graveler
|-crit|p2a: Graveler
|-damage|p2a: Graveler|0 fnt
|faint|p2a: Graveler
|
|upkeep
|
|t:|1760371819
|switch|p2a: Darkrai|Darkrai|100/100
|turn|35
|
|t:|1760371828
|move|p2a: Darkrai|Sludge Bomb|p1a: Weavile
|-damage|p1a: Weavile|23/100
|move|p1a: Weavile|Low Kick|p2a: Darkrai
|-supereffective|p2a: Darkrai
|-damage|p2a: Darkrai|34/100
|
|upkeep
|turn|36
|
|t:|1760371837
|move|p1a: Weavile|Ice Shard|p2a: Darkrai
|-damage|p2a: Darkrai|6/100
|move|p2a: Darkrai|Sludge Bomb|p1a: Weavile
|-damage|p1a: Weavile|0 fnt
|faint|p1a: Weavile
|
|win|ZeBoomer
|raw|Beasteucloid123's rating: 1195 &rarr; <strong>1172</strong><br />(-23 for losing)
|raw|ZeBoomer's rating: 1221 &rarr; <strong>1244</strong><br />(+23 for winning)
|c|☆ZeBoomer|gg
|l|☆Beasteucloid123
|player|p1|
|l|☆ZeBoomer
|player|p2|
