|j|☆Mr.X&Y97
|j|☆AnOriginalName3
|t:|1760449563
|gametype|singles
|player|p1|Mr.X&Y97|ingo|1619
|player|p2|AnOriginalName3|2|1572
|gen|9
|tier|[Gen 9] OU
|rated|
|rule|HP Percentage Mod: HP is shown in percentages
|rule|Endless Battle Clause: Forcing endless battles is banned
|rule|Species Clause: Limit one of each Pokémon
|rule|OHKO Clause: OHKO moves are banned
|rule|Evasion Items Clause: Evasion items are banned
|rule|Evasion Moves Clause: Evasion moves are banned
|rule|Evasion Abilities Clause: Evasion abilities are banned
|rule|Sleep Moves Clause: Sleep-inducing moves are banned
|clearpoke
|poke|p1|Indeedee, M|
|poke|p1|Armarouge, M|
|poke|p1|Hatterene, F|
|poke|p1|Polteageist|
|poke|p1|Hawlucha, F|
|poke|p1|Maushold|
|poke|p2|Samurott-Hisui, M|
|poke|p2|Iron Crown|
|poke|p2|Sinistcha|
|poke|p2|Landorus-Therian, M|
|poke|p2|Ceruledge, M|
|poke|p2|Quaquaval, M|
|teampreview
|inactive|Battle timer is ON: inactive players will automatically lose when time's up. (requested by Mr.X&Y97)
|
|t:|1760449587
|teamsize|p1|6
|teamsize|p2|6
|start
|switch|p1a: Indeedee|Indeedee, M|100/100
|switch|p2a: Samurott|Samurott-Hisui, M|100/100
|-fieldstart|move: Psychic Terrain|[from] ability: Psychic Surge|[of] p1a: Indeedee
|turn|1
|
|t:|1760449595
|switch|p1a: Hatterene|Hatterene, F|100/100
|move|p2a: Samurott|Ceaseless Edge|p1a: Hatterene
|-damage|p1a: Hatterene|66/100
|-sidestart|p1: Mr.X&Y97|Spikes
|-enditem|p1a: Hatterene|Eject Button
|
|t:|1760449613
|switch|p1a: Hawlucha|Hawlucha, F|100/100
|-enditem|p1a: Hawlucha|Psychic Seed
|-boost|p1a: Hawlucha|spd|1|[from] item: Psychic Seed
|
|upkeep
|turn|2
|
|t:|1760449619
|switch|p2a: Landorus|Landorus-Therian, M|100/100
|-ability|p2a: Landorus|Intimidate|boost
|-unboost|p1a: Hawlucha|atk|1
|move|p1a: Hawlucha|Swords Dance|p1a: Hawlucha
|-boost|p1a: Hawlucha|atk|2
|
|upkeep
|turn|3
|
|t:|1760449626
|move|p1a: Hawlucha|Swords Dance|p1a: Hawlucha
|-boost|p1a: Hawlucha|atk|2
|move|p2a: Landorus|Taunt|p1a: Hawlucha
|-start|p1a: Hawlucha|move: Taunt
|
|upkeep
|turn|4
|
|t:|1760449631
|move|p1a: Hawlucha|Acrobatics|p2a: Landorus
|-crit|p2a: Landorus
|-damage|p2a: Landorus|0 fnt
|-damage|p1a: Hawlucha|84/100|[from] item: Rocky Helmet|[of] p2a: Landorus
|faint|p2a: Landorus
|
|upkeep
|
|t:|1760449650
|switch|p2a: Iron Crown|Iron Crown|100/100
|turn|5
|
|t:|1760449652
|move|p1a: Hawlucha|Close Combat|p2a: Iron Crown
|-damage|p2a: Iron Crown|0 fnt
|-unboost|p1a: Hawlucha|def|1
|-unboost|p1a: Hawlucha|spd|1
|faint|p2a: Iron Crown
|-end|p2a: Iron Crown|Quark Drive|[silent]
|
|upkeep
|
|t:|1760449659
|switch|p2a: Sinistcha|Sinistcha|100/100
|turn|6
|
|t:|1760449662
|-terastallize|p2a: Sinistcha|Poison
|move|p1a: Hawlucha|Acrobatics|p2a: Sinistcha
|-damage|p2a: Sinistcha|22/100
|move|p2a: Sinistcha|Matcha Gotcha|p1a: Hawlucha
|-resisted|p1a: Hawlucha
|-damage|p1a: Hawlucha|59/100
|-heal|p2a: Sinistcha|35/100|[from] drain|[of] p1a: Hawlucha
|
|-end|p1a: Hawlucha|move: Taunt
|upkeep
|turn|7
|
|t:|1760449670
|move|p1a: Hawlucha|Acrobatics|p2a: Sinistcha
|-damage|p2a: Sinistcha|0 fnt
|faint|p2a: Sinistcha
|
|upkeep
|
|t:|1760449672
|switch|p2a: Samurott|Samurott-Hisui, M|100/100
|turn|8
|
|t:|1760449683
|-terastallize|p1a: Hawlucha|Fighting
|move|p1a: Hawlucha|Close Combat|p2a: Samurott
|-supereffective|p2a: Samurott
|-damage|p2a: Samurott|0 fnt
|-unboost|p1a: Hawlucha|def|1
|-unboost|p1a: Hawlucha|spd|1
|faint|p2a: Samurott
|
|-fieldend|move: Psychic Terrain
|upkeep
|
|t:|1760449685
|switch|p2a: Ceruledge|Ceruledge, M|100/100
|turn|9
|
|t:|1760449693
|move|p2a: Ceruledge|Shadow Sneak|p1a: Hawlucha
|-damage|p1a: Hawlucha|20/100
|move|p1a: Hawlucha|Acrobatics|p2a: Ceruledge
|-damage|p2a: Ceruledge|0 fnt
|faint|p2a: Ceruledge
|
|upkeep
|-message|AnOriginalName3 forfeited.
|
|win|Mr.X&Y97
|raw|Mr.X&amp;Y97's rating: 1619 &rarr; <strong>1636</strong><br />(+17 for winning)
|raw|AnOriginalName3's rating: 1572 &rarr; <strong>1555</strong><br />(-17 for losing)
|l|☆AnOriginalName3
|player|p2|
