|j|☆ChickenTalk2006
|j|☆Barronmaster
|t:|1760315893
|gametype|singles
|player|p1|ChickenTalk2006|galacticgrunt|1655
|player|p2|Barronmaster|palmer|1640
|gen|9
|tier|[Gen 9] OU
|rated|
|rule|HP Percentage Mod: HP is shown in percentages
|rule|Endless Battle Clause: Forcing endless battles is banned
|rule|Species Clause: Limit one of each Pokémon
|rule|OHKO Clause: OHKO moves are banned
|rule|Evasion Items Clause: Evasion items are banned
|rule|Evasion Moves Clause: Evasion moves are banned
|rule|Evasion Abilities Clause: Evasion abilities are banned
|rule|Sleep Moves Clause: Sleep-inducing moves are banned
|clearpoke
|poke|p1|Enamorus, F|
|poke|p1|Iron Hands|
|poke|p1|Kingambit, F|
|poke|p1|Cinderace, F|
|poke|p1|Rhyperior, F|
|poke|p1|Volcanion|
|poke|p2|Hoopa-Unbound|
|poke|p2|Ninetales-Alola, F|
|poke|p2|Slowking-Galar, M|
|poke|p2|Cloyster, F|
|poke|p2|Zoroark, M|
|poke|p2|Indeedee, M|
|teampreview
|
|t:|1760315898
|teamsize|p1|6
|teamsize|p2|6
|start
|switch|p1a: Cinderace|Cinderace, F|100/100
|switch|p2a: Hoopa|Hoopa-Unbound|100/100
|turn|1
|
|t:|1760315907
|-terastallize|p2a: Hoopa|Fire
|move|p2a: Hoopa|Sucker Punch|p1a: Cinderace
|-damage|p1a: Cinderace|39/100
|-damage|p2a: Hoopa|91/100|[from] item: Life Orb
|move|p1a: Cinderace|High Jump Kick|p2a: Hoopa
|-start|p1a: Cinderace|typechange|Fighting|[from] ability: Libero
|-damage|p2a: Hoopa|0 fnt
|replace|p2a: Zoroark|Zoroark, M
|-end|p2a: Zoroark|Illusion
|faint|p2a: Zoroark
|
|upkeep
|
|t:|1760315913
|switch|p2a: Slowking|Slowking-Galar, M|100/100
|turn|2
|
|t:|1760315939
|move|p1a: Cinderace|Pyro Ball|p2a: Slowking
|-damage|p2a: Slowking|57/100
|move|p2a: Slowking|Flamethrower|p1a: Cinderace
|-damage|p1a: Cinderace|0 fnt
|faint|p1a: Cinderace
|
|-heal|p2a: Slowking|63/100|[from] item: Leftovers
|upkeep
|
|t:|1760315945
|switch|p1a: Rhyperior|Rhyperior, F, shiny|100/100
|turn|3
|
|t:|1760315973
|switch|p2a: Ninetales|Ninetales-Alola, F|100/100
|-weather|Snowscape|[from] ability: Snow Warning|[of] p2a: Ninetales
|move|p1a: Rhyperior|Earthquake|p2a: Ninetales
|-damage|p2a: Ninetales|38/100
|
|-weather|Snowscape|[upkeep]
|upkeep
|turn|4
|
|t:|1760315978
|move|p2a: Ninetales|Aurora Veil|p2a: Ninetales
|-sidestart|p2: Barronmaster|move: Aurora Veil
|move|p1a: Rhyperior|Earthquake|p2a: Ninetales
|-damage|p2a: Ninetales|6/100
|
|-weather|Snowscape|[upkeep]
|upkeep
|turn|5
|
|t:|1760315984
|switch|p2a: Cloyster|Cloyster, F|100/100
|switch|p1a: Kingambit|Kingambit, F|100/100
|-activate|p1a: Kingambit|ability: Supreme Overlord
|-start|p1a: Kingambit|fallen1|[silent]
|
|-weather|Snowscape|[upkeep]
|upkeep
|turn|6
|
|t:|1760315991
|move|p2a: Cloyster|Shell Smash|p2a: Cloyster
|-unboost|p2a: Cloyster|def|1
|-unboost|p2a: Cloyster|spd|1
|-boost|p2a: Cloyster|atk|2
|-boost|p2a: Cloyster|spa|2
|-boost|p2a: Cloyster|spe|2
|move|p1a: Kingambit|Swords Dance|p1a: Kingambit
|-boost|p1a: Kingambit|atk|2
|
|-weather|Snowscape|[upkeep]
|upkeep
|turn|7
|
|t:|1760315995
|move|p2a: Cloyster|Icicle Spear|p1a: Kingambit
|-resisted|p1a: Kingambit
|-damage|p1a: Kingambit|91/100
|-resisted|p1a: Kingambit
|-damage|p1a: Kingambit|83/100
|-resisted|p1a: Kingambit
|-damage|p1a: Kingambit|74/100
|-resisted|p1a: Kingambit
|-damage|p1a: Kingambit|65/100
|-resisted|p1a: Kingambit
|-damage|p1a: Kingambit|56/100
|-hitcount|p1a: Kingambit|5
|move|p1a: Kingambit|Iron Head|p2a: Cloyster
|-damage|p2a: Cloyster|61/100
|
|-weather|none
|upkeep
|turn|8
|
|t:|1760315998
|move|p1a: Kingambit|Sucker Punch|p2a: Cloyster
|-damage|p2a: Cloyster|8/100
|move|p2a: Cloyster|Icicle Spear|p1a: Kingambit
|-resisted|p1a: Kingambit
|-damage|p1a: Kingambit|47/100
|-resisted|p1a: Kingambit
|-damage|p1a: Kingambit|38/100
|-resisted|p1a: Kingambit
|-damage|p1a: Kingambit|30/100
|-resisted|p1a: Kingambit
|-damage|p1a: Kingambit|20/100
|-resisted|p1a: Kingambit
|-crit|p1a: Kingambit
|-damage|p1a: Kingambit|7/100
|-hitcount|p1a: Kingambit|5
|
|upkeep
|turn|9
|
|t:|1760316000
|move|p2a: Cloyster|Ice Shard|p1a: Kingambit
|-resisted|p1a: Kingambit
|-crit|p1a: Kingambit
|-damage|p1a: Kingambit|0 fnt
|faint|p1a: Kingambit
|-end|p1a: Kingambit|fallen1|[silent]
|
|upkeep
|
|t:|1760316004
|switch|p1a: Iron Hands|Iron Hands|100/100
|turn|10
|
|t:|1760316015
|move|p2a: Cloyster|Icicle Spear|p1a: Iron Hands
|-damage|p1a: Iron Hands|86/100
|-damage|p1a: Iron Hands|69/100
|-damage|p1a: Iron Hands|55/100
|-crit|p1a: Iron Hands
|-damage|p1a: Iron Hands|33/100
|-damage|p1a: Iron Hands|17/100
|-hitcount|p1a: Iron Hands|5
|move|p1a: Iron Hands|Drain Punch|p2a: Cloyster
|-supereffective|p2a: Cloyster
|-damage|p2a: Cloyster|0 fnt
|-heal|p1a: Iron Hands|19/100|[from] drain|[of] p2a: Cloyster
|faint|p2a: Cloyster
|
|upkeep
|
|t:|1760316027
|switch|p2a: Ninetales|Ninetales-Alola, F|6/100
|-weather|Snowscape|[from] ability: Snow Warning|[of] p2a: Ninetales
|turn|11
|
|t:|1760316032
|move|p2a: Ninetales|Moonblast|p1a: Iron Hands
|-supereffective|p1a: Iron Hands
|-damage|p1a: Iron Hands|0 fnt
|faint|p1a: Iron Hands
|-end|p1a: Iron Hands|Quark Drive|[silent]
|
|-weather|Snowscape|[upkeep]
|-sideend|p2: Barronmaster|move: Aurora Veil
|upkeep
|
|t:|1760316036
|switch|p1a: Rhyperior|Rhyperior, F, shiny|100/100
|turn|12
|
|t:|1760316039
|move|p2a: Ninetales|Aurora Veil|p2a: Ninetales
|-sidestart|p2: Barronmaster|move: Aurora Veil
|move|p1a: Rhyperior|Earthquake|p2a: Ninetales
|-damage|p2a: Ninetales|0 fnt
|faint|p2a: Ninetales
|
|-weather|Snowscape|[upkeep]
|upkeep
|
|t:|1760316043
|switch|p2a: Indeedee|Indeedee, M|100/100
|-fieldstart|move: Psychic Terrain|[from] ability: Psychic Surge|[of] p2a: Indeedee
|turn|13
|
|t:|1760316054
|-terastallize|p1a: Rhyperior|Ground
|move|p2a: Indeedee|Expanding Force|p1a: Rhyperior
|-damage|p1a: Rhyperior|2/100
|-damage|p2a: Indeedee|91/100|[from] item: Life Orb
|move|p1a: Rhyperior|Earthquake|p2a: Indeedee
|-damage|p2a: Indeedee|7/100
|
|-weather|Snowscape|[upkeep]
|upkeep
|turn|14
|
|t:|1760316094
|switch|p1a: Volcanion|Volcanion|100/100
|move|p2a: Indeedee|Expanding Force|p1a: Volcanion
|-damage|p1a: Volcanion|0 fnt
|faint|p1a: Volcanion
|-damage|p2a: Indeedee|0 fnt|[from] item: Life Orb
|faint|p2a: Indeedee
|
|-weather|Snowscape|[upkeep]
|upkeep
|
|t:|1760316123
|switch|p2a: Hoopa|Hoopa-Unbound|100/100
|switch|p1a: Enamorus|Enamorus, F|100/100
|turn|15
|
|t:|1760316133
|move|p1a: Enamorus|Moonblast|p2a: Hoopa
|-supereffective|p2a: Hoopa
|-damage|p2a: Hoopa|75/100
|move|p2a: Hoopa|Psychic Noise|p1a: Enamorus
|-damage|p1a: Enamorus|12/100
|-start|p1a: Enamorus|move: Heal Block
|
|-weather|none
|upkeep
|turn|16
|j| Nikator98
|
|t:|1760316138
|move|p1a: Enamorus|Moonblast|p2a: Hoopa
|-supereffective|p2a: Hoopa
|-damage|p2a: Hoopa|46/100
|move|p2a: Hoopa|Psychic Noise|p1a: Enamorus
|-damage|p1a: Enamorus|0 fnt
|faint|p1a: Enamorus
|
|upkeep
|
|t:|1760316140
|switch|p1a: Rhyperior|Rhyperior, F, shiny, tera:Ground|2/100
|turn|17
|-activate|p1a: Rhyperior|item: Quick Claw
|
|t:|1760316142
|move|p1a: Rhyperior|Earthquake|p2a: Hoopa
|-damage|p2a: Hoopa|0 fnt
|faint|p2a: Hoopa
|
|-fieldend|move: Psychic Terrain
|upkeep
|
|t:|1760316144
|switch|p2a: Slowking|Slowking-Galar, M|96/100
|turn|18
|
|t:|1760316147
|move|p1a: Rhyperior|Earthquake|p2a: Slowking
|-supereffective|p2a: Slowking
|-damage|p2a: Slowking|5/100
|move|p2a: Slowking|Psychic Noise|p1a: Rhyperior
|-damage|p1a: Rhyperior|0 fnt
|faint|p1a: Rhyperior
|
|win|Barronmaster
|raw|ChickenTalk2006's rating: 1655 &rarr; <strong>1634</strong><br />(-21 for losing)
|raw|Barronmaster's rating: 1640 &rarr; <strong>1661</strong><br />(+21 for winning)
|l|☆ChickenTalk2006
|player|p1|
|l|☆Barronmaster
|player|p2|
