|j|☆Dr. Yoshimistu
|j|☆Gsa7
|t:|1760406794
|gametype|singles
|player|p1|Dr. Yoshimistu|liza|1400
|player|p2|Gsa7|collector|1440
|gen|9
|tier|[Gen 9] OU
|rated|
|rule|HP Percentage Mod: HP is shown in percentages
|rule|Endless Battle Clause: Forcing endless battles is banned
|rule|Species Clause: Limit one of each Pokémon
|rule|OHKO Clause: OHKO moves are banned
|rule|Evasion Items Clause: Evasion items are banned
|rule|Evasion Moves Clause: Evasion moves are banned
|rule|Evasion Abilities Clause: Evasion abilities are banned
|rule|Sleep Moves Clause: Sleep-inducing moves are banned
|clearpoke
|poke|p1|Slowking-Galar, M|
|poke|p1|Great Tusk|
|poke|p1|Iron Valiant|
|poke|p1|Inteleon, F|
|poke|p1|Kleavor, M|
|poke|p1|Zapdos|
|poke|p2|Hatterene, F|
|poke|p2|Rotom-Wash|
|poke|p2|Ceruledge, F|
|poke|p2|Hippowdon, F|
|poke|p2|Goodra-Hisui, F|
|poke|p2|Hawlucha, M|
|teampreview
|
|t:|1760406799
|teamsize|p1|6
|teamsize|p2|6
|start
|switch|p1a: Inteleon|Inteleon, F|100/100
|switch|p2a: Rotom|Rotom-Wash|100/100
|turn|1
|inactive|Battle timer is ON: inactive players will automatically lose when time's up. (requested by Gsa7)
|
|t:|1760406806
|move|p2a: Rotom|Trick|p1a: Inteleon
|-activate|p2a: Rotom|move: Trick|[of] p1a: Inteleon
|-item|p1a: Inteleon|Choice Scarf|[from] move: Trick
|-item|p2a: Rotom|Choice Specs|[from] move: Trick
|move|p1a: Inteleon|U-turn|p2a: Rotom
|-damage|p2a: Rotom|83/100
|
|t:|1760406810
|switch|p1a: Zapdos|Zapdos|100/100|[from] U-turn
|
|upkeep
|turn|2
|
|t:|1760406817
|move|p2a: Rotom|Hydro Pump|p1a: Zapdos
|-damage|p1a: Zapdos|26/100
|move|p1a: Zapdos|Hurricane|p2a: Rotom
|-resisted|p2a: Rotom
|-damage|p2a: Rotom|51/100
|
|upkeep
|turn|3
|
|t:|1760406829
|move|p2a: Rotom|Hydro Pump|p1a: Zapdos
|-damage|p1a: Zapdos|0 fnt
|faint|p1a: Zapdos
|
|upkeep
|
|t:|1760406839
|switch|p1a: Slowking|Slowking-Galar, M|100/100
|turn|4
|
|t:|1760406842
|move|p2a: Rotom|Hydro Pump|p1a: Slowking|[miss]
|-miss|p2a: Rotom|p1a: Slowking
|-prepare|p1a: Slowking|Chilly Reception|[premajor]
|move|p1a: Slowking|Chilly Reception|p1a: Slowking
|-weather|Snowscape
|
|t:|1760406850
|switch|p1a: Kleavor|Kleavor, M|100/100|[from] Chilly Reception
|
|-weather|Snowscape|[upkeep]
|upkeep
|turn|5
|
|t:|1760406860
|move|p1a: Kleavor|U-turn|p2a: Rotom
|-damage|p2a: Rotom|3/100
|
|t:|1760406863
|switch|p1a: Slowking|Slowking-Galar, M|100/100|[from] U-turn
|move|p2a: Rotom|Hydro Pump|p1a: Slowking
|-damage|p1a: Slowking|54/100
|
|-weather|Snowscape|[upkeep]
|-heal|p1a: Slowking|60/100|[from] item: Black Sludge
|upkeep
|turn|6
|
|t:|1760406872
|move|p2a: Rotom|Hydro Pump|p1a: Slowking
|-damage|p1a: Slowking|16/100
|move|p1a: Slowking|Future Sight|p2a: Rotom
|-start|p1a: Slowking|move: Future Sight
|
|-weather|Snowscape|[upkeep]
|-heal|p1a: Slowking|22/100|[from] item: Black Sludge
|upkeep
|turn|7
|
|t:|1760406883
|switch|p1a: Inteleon|Inteleon, F|100/100
|move|p2a: Rotom|Hydro Pump|p1a: Inteleon
|-resisted|p1a: Inteleon
|-damage|p1a: Inteleon|42/100
|
|-weather|Snowscape|[upkeep]
|upkeep
|turn|8
|
|t:|1760406892
|switch|p2a: Goodra|Goodra-Hisui, F|100/100
|move|p1a: Inteleon|U-turn|p2a: Goodra
|-resisted|p2a: Goodra
|-damage|p2a: Goodra|94/100
|
|t:|1760406897
|switch|p1a: Great Tusk|Great Tusk|100/100|[from] U-turn
|
|-weather|none
|-end|p2a: Goodra|move: Future Sight
|-resisted|p2a: Goodra
|-damage|p2a: Goodra|84/100
|upkeep
|turn|9
|
|t:|1760406906
|switch|p2a: Hippowdon|Hippowdon, F|100/100
|-weather|Sandstorm|[from] ability: Sand Stream|[of] p2a: Hippowdon
|move|p1a: Great Tusk|Rapid Spin|p2a: Hippowdon
|-damage|p2a: Hippowdon|92/100
|-boost|p1a: Great Tusk|spe|1
|-damage|p1a: Great Tusk|84/100|[from] item: Rocky Helmet|[of] p2a: Hippowdon
|
|-weather|Sandstorm|[upkeep]
|-heal|p1a: Great Tusk|90/100|[from] item: Leftovers
|upkeep
|turn|10
|
|t:|1760406918
|-end|p1a: Great Tusk|Protosynthesis|[silent]
|switch|p1a: Inteleon|Inteleon, F|42/100
|move|p2a: Hippowdon|Stealth Rock|p1a: Inteleon
|-sidestart|p1: Dr. Yoshimistu|move: Stealth Rock
|
|-weather|Sandstorm|[upkeep]
|-damage|p1a: Inteleon|36/100|[from] Sandstorm
|upkeep
|turn|11
|
|t:|1760406928
|switch|p2a: Goodra|Goodra-Hisui, F|84/100
|move|p1a: Inteleon|Ice Beam|p2a: Goodra
|-damage|p2a: Goodra|72/100
|
|-weather|Sandstorm|[upkeep]
|-damage|p1a: Inteleon|30/100|[from] Sandstorm
|upkeep
|turn|12
|
|t:|1760406937
|switch|p1a: Slowking|Slowking-Galar, M|55/100
|-damage|p1a: Slowking|43/100|[from] Stealth Rock
|move|p2a: Goodra|Dragon Pulse|p1a: Slowking
|-damage|p1a: Slowking|15/100
|
|-weather|Sandstorm|[upkeep]
|-damage|p1a: Slowking|9/100|[from] Sandstorm
|-heal|p1a: Slowking|15/100|[from] item: Black Sludge
|upkeep
|turn|13
|
|t:|1760406948
|switch|p1a: Kleavor|Kleavor, M|100/100
|-damage|p1a: Kleavor|76/100|[from] Stealth Rock
|move|p2a: Goodra|Flash Cannon|p1a: Kleavor
|-supereffective|p1a: Kleavor
|-damage|p1a: Kleavor|0 fnt
|faint|p1a: Kleavor
|
|-weather|none
|upkeep
|
|t:|1760406954
|switch|p1a: Great Tusk|Great Tusk|90/100
|-damage|p1a: Great Tusk|87/100|[from] Stealth Rock
|turn|14
|
|t:|1760406962
|switch|p2a: Hippowdon|Hippowdon, F|92/100
|-weather|Sandstorm|[from] ability: Sand Stream|[of] p2a: Hippowdon
|move|p1a: Great Tusk|Rapid Spin|p2a: Hippowdon
|-damage|p2a: Hippowdon|83/100
|-boost|p1a: Great Tusk|spe|1
|-damage|p1a: Great Tusk|71/100|[from] item: Rocky Helmet|[of] p2a: Hippowdon
|-sideend|p1: Dr. Yoshimistu|Stealth Rock|[from] move: Rapid Spin|[of] p1a: Great Tusk
|
|-weather|Sandstorm|[upkeep]
|-heal|p1a: Great Tusk|77/100|[from] item: Leftovers
|upkeep
|turn|15
|
|t:|1760406974
|move|p1a: Great Tusk|Ice Spinner|p2a: Hippowdon
|-supereffective|p2a: Hippowdon
|-damage|p2a: Hippowdon|54/100
|-damage|p1a: Great Tusk|61/100|[from] item: Rocky Helmet|[of] p2a: Hippowdon
|move|p2a: Hippowdon|Stealth Rock|p1a: Great Tusk
|-sidestart|p1: Dr. Yoshimistu|move: Stealth Rock
|
|-weather|Sandstorm|[upkeep]
|-heal|p1a: Great Tusk|67/100|[from] item: Leftovers
|upkeep
|turn|16
|-message|Dr. Yoshimistu forfeited.
|
|win|Gsa7
|raw|Dr. Yoshimistu's rating: 1400 &rarr; <strong>1382</strong><br />(-18 for losing)
|raw|Gsa7's rating: 1440 &rarr; <strong>1458</strong><br />(+18 for winning)
|l|☆Dr. Yoshimistu
|player|p1|
|l|☆Gsa7
|player|p2|
