|j|☆deathflower
|j|☆ShadowSneak79
|t:|1760414339
|gametype|singles
|player|p1|deathflower|iris|1186
|player|p2|ShadowSneak79|2|1162
|gen|9
|tier|[Gen 9] OU
|rated|
|rule|HP Percentage Mod: HP is shown in percentages
|rule|Endless Battle Clause: Forcing endless battles is banned
|rule|Species Clause: Limit one of each Pokémon
|rule|OHKO Clause: OHKO moves are banned
|rule|Evasion Items Clause: Evasion items are banned
|rule|Evasion Moves Clause: Evasion moves are banned
|rule|Evasion Abilities Clause: Evasion abilities are banned
|rule|Sleep Moves Clause: Sleep-inducing moves are banned
|clearpoke
|poke|p1|Typhlosion-Hisui, F|
|poke|p1|Dragonite, F|
|poke|p1|Araquanid, M|
|poke|p1|Tsareena, F|
|poke|p1|Reuniclus, M|
|poke|p1|Vivillon-Jungle, F|
|poke|p2|Great Tusk|
|poke|p2|Kingambit, M|
|poke|p2|Raging Bolt|
|poke|p2|Walking Wake|
|poke|p2|Ninetales, F|
|poke|p2|Ceruledge, M|
|teampreview
|inactive|Battle timer is ON: inactive players will automatically lose when time's up. (requested by ShadowSneak79)
|
|t:|1760414346
|teamsize|p1|6
|teamsize|p2|6
|start
|switch|p1a: Araquanid|Araquanid, M, shiny|100/100
|switch|p2a: Ninetales|Ninetales, F|100/100
|-weather|SunnyDay|[from] ability: Drought|[of] p2a: Ninetales
|turn|1
|
|t:|1760414371
|-terastallize|p2a: Ninetales|Ghost
|move|p2a: Ninetales|Overheat|p1a: Araquanid
|-damage|p1a: Araquanid|71/100
|-unboost|p2a: Ninetales|spa|2
|move|p1a: Araquanid|Sticky Web|p2a: Ninetales
|-sidestart|p2: ShadowSneak79|move: Sticky Web
|
|-weather|SunnyDay|[upkeep]
|upkeep
|turn|2
|
|t:|1760414394
|move|p2a: Ninetales|Encore|p1a: Araquanid
|-start|p1a: Araquanid|Encore
|move|p1a: Araquanid|Sticky Web||[still]
|-fail|p1a: Araquanid
|
|-weather|SunnyDay|[upkeep]
|upkeep
|turn|3
|
|t:|1760414403
|switch|p2a: Great Tusk|Great Tusk|100/100
|-activate|p2a: Great Tusk|move: Sticky Web
|-unboost|p2a: Great Tusk|spe|1
|-activate|p2a: Great Tusk|ability: Protosynthesis
|-start|p2a: Great Tusk|protosynthesisatk
|switch|p1a: Reuniclus|Reuniclus, M|100/100
|
|-weather|SunnyDay|[upkeep]
|upkeep
|turn|4
|
|t:|1760414407
|move|p2a: Great Tusk|Ice Spinner|p1a: Reuniclus
|-damage|p1a: Reuniclus|75/100
|move|p1a: Reuniclus|Calm Mind|p1a: Reuniclus
|-boost|p1a: Reuniclus|spa|1
|-boost|p1a: Reuniclus|spd|1
|
|-weather|SunnyDay|[upkeep]
|upkeep
|turn|5
|
|t:|1760414412
|move|p2a: Great Tusk|Rapid Spin|p1a: Reuniclus
|-damage|p1a: Reuniclus|56/100
|-boost|p2a: Great Tusk|spe|1
|-sideend|p2: ShadowSneak79|Sticky Web|[from] move: Rapid Spin|[of] p2a: Great Tusk
|move|p1a: Reuniclus|Recover|p1a: Reuniclus
|-heal|p1a: Reuniclus|100/100
|
|-weather|SunnyDay|[upkeep]
|upkeep
|turn|6
|
|t:|1760414415
|move|p2a: Great Tusk|Temper Flare|p1a: Reuniclus
|-damage|p1a: Reuniclus|59/100
|move|p1a: Reuniclus|Calm Mind|p1a: Reuniclus
|-boost|p1a: Reuniclus|spa|1
|-boost|p1a: Reuniclus|spd|1
|
|-weather|SunnyDay|[upkeep]
|upkeep
|turn|7
|
|t:|1760414420
|move|p2a: Great Tusk|Headlong Rush|p1a: Reuniclus
|-damage|p1a: Reuniclus|0 fnt
|-unboost|p2a: Great Tusk|def|1
|-unboost|p2a: Great Tusk|spd|1
|faint|p1a: Reuniclus
|
|-weather|SunnyDay|[upkeep]
|upkeep
|
|t:|1760414423
|switch|p1a: Dragonite|Dragonite, F|100/100
|turn|8
|
|t:|1760414434
|-end|p2a: Great Tusk|Protosynthesis|[silent]
|switch|p2a: Ninetales|Ninetales, F, tera:Ghost|100/100
|-terastallize|p1a: Dragonite|Normal
|move|p1a: Dragonite|Dragon Dance|p1a: Dragonite
|-boost|p1a: Dragonite|atk|1
|-boost|p1a: Dragonite|spe|1
|
|-weather|none
|upkeep
|turn|9
|
|t:|1760414444
|move|p1a: Dragonite|Earthquake|p2a: Ninetales
|-damage|p2a: Ninetales|11/100
|move|p2a: Ninetales|Encore|p1a: Dragonite
|-start|p1a: Dragonite|Encore
|
|upkeep
|turn|10
|
|t:|1760414460
|switch|p2a: Walking Wake|Walking Wake|100/100
|move|p1a: Dragonite|Earthquake|p2a: Walking Wake
|-damage|p2a: Walking Wake|42/100
|
|upkeep
|turn|11
|
|t:|1760414462
|move|p1a: Dragonite|Earthquake|p2a: Walking Wake
|-damage|p2a: Walking Wake|0 fnt
|faint|p2a: Walking Wake
|-end|p2a: Walking Wake|Protosynthesis|[silent]
|
|upkeep
|
|t:|1760414466
|switch|p2a: Ninetales|Ninetales, F, tera:Ghost|11/100
|-weather|SunnyDay|[from] ability: Drought|[of] p2a: Ninetales
|turn|12
|
|t:|1760414470
|move|p1a: Dragonite|Earthquake|p2a: Ninetales
|-damage|p2a: Ninetales|0 fnt
|faint|p2a: Ninetales
|
|-weather|SunnyDay|[upkeep]
|-end|p1a: Dragonite|Encore
|upkeep
|
|t:|1760414472
|switch|p2a: Great Tusk|Great Tusk|100/100
|-activate|p2a: Great Tusk|ability: Protosynthesis
|-start|p2a: Great Tusk|protosynthesisatk
|turn|13
|
|t:|1760414478
|move|p1a: Dragonite|Extreme Speed|p2a: Great Tusk
|-damage|p2a: Great Tusk|49/100
|move|p2a: Great Tusk|Ice Spinner|p1a: Dragonite
|-damage|p1a: Dragonite|78/100
|
|-weather|SunnyDay|[upkeep]
|upkeep
|turn|14
|
|t:|1760414482
|move|p1a: Dragonite|Extreme Speed|p2a: Great Tusk
|-damage|p2a: Great Tusk|1/100
|move|p2a: Great Tusk|Headlong Rush|p1a: Dragonite
|-damage|p1a: Dragonite|0 fnt
|-unboost|p2a: Great Tusk|def|1
|-unboost|p2a: Great Tusk|spd|1
|faint|p1a: Dragonite
|
|-weather|SunnyDay|[upkeep]
|upkeep
|
|t:|1760414494
|switch|p1a: Tsareena|Tsareena, F|100/100
|turn|15
|
|t:|1760414497
|move|p1a: Tsareena|Trailblaze|p2a: Great Tusk
|-supereffective|p2a: Great Tusk
|-damage|p2a: Great Tusk|0 fnt
|-boost|p1a: Tsareena|spe|1
|faint|p2a: Great Tusk
|-end|p2a: Great Tusk|Protosynthesis|[silent]
|
|-weather|SunnyDay|[upkeep]
|upkeep
|
|t:|1760414501
|switch|p2a: Ceruledge|Ceruledge, M|100/100
|turn|16
|
|t:|1760414505
|move|p1a: Tsareena|Endure|p1a: Tsareena
|-singleturn|p1a: Tsareena|move: Endure
|move|p2a: Ceruledge|Swords Dance|p2a: Ceruledge
|-boost|p2a: Ceruledge|atk|2
|
|-weather|SunnyDay|[upkeep]
|upkeep
|turn|17
|
|t:|1760414511
|move|p1a: Tsareena|Trailblaze|p2a: Ceruledge
|-resisted|p2a: Ceruledge
|-damage|p2a: Ceruledge|86/100
|-boost|p1a: Tsareena|spe|1
|-ability|p2a: Ceruledge|Weak Armor|boost
|-unboost|p2a: Ceruledge|def|1
|-boost|p2a: Ceruledge|spe|2
|move|p2a: Ceruledge|Swords Dance|p2a: Ceruledge
|-boost|p2a: Ceruledge|atk|2
|
|-weather|SunnyDay|[upkeep]
|upkeep
|turn|18
|
|t:|1760414520
|move|p1a: Tsareena|Trailblaze|p2a: Ceruledge
|-resisted|p2a: Ceruledge
|-damage|p2a: Ceruledge|66/100
|-boost|p1a: Tsareena|spe|1
|-ability|p2a: Ceruledge|Weak Armor|boost
|-unboost|p2a: Ceruledge|def|1
|-boost|p2a: Ceruledge|spe|2
|move|p2a: Ceruledge|Bitter Blade|p1a: Tsareena
|-supereffective|p1a: Tsareena
|-damage|p1a: Tsareena|0 fnt
|-heal|p2a: Ceruledge|100/100|[from] drain|[of] p1a: Tsareena
|faint|p1a: Tsareena
|
|-weather|SunnyDay|[upkeep]
|upkeep
|
|t:|1760414524
|switch|p1a: Typhlosion|Typhlosion-Hisui, F|100/100
|-item|p2a: Ceruledge|Focus Sash|[from] ability: Frisk|[of] p1a: Typhlosion
|turn|19
|inactive|deathflower has 120 seconds left.
|inactive|deathflower has 90 seconds left.
|inactive|deathflower has 60 seconds left.
|inactive|deathflower has 30 seconds left.
|inactive|deathflower has 20 seconds left.
|inactive|deathflower has 15 seconds left.
|inactive|deathflower has 10 seconds left.
|inactive|deathflower has 5 seconds left.
|-message|deathflower lost due to inactivity.
|
|win|ShadowSneak79
|raw|deathflower's rating: 1186 &rarr; <strong>1159</strong><br />(-27 for losing)
|raw|ShadowSneak79's rating: 1162 &rarr; <strong>1189</strong><br />(+27 for winning)
|l|☆ShadowSneak79
|player|p2|
|l|☆deathflower
|player|p1|
