|j|☆LastGREATEST
|j|☆lousiv
|t:|1760335079
|gametype|singles
|player|p1|LastGREATEST|ryuki|1193
|player|p2|lousiv|guitarist|1164
|gen|9
|tier|[Gen 9] OU
|rated|
|rule|HP Percentage Mod: HP is shown in percentages
|rule|Endless Battle Clause: Forcing endless battles is banned
|rule|Species Clause: Limit one of each Pokémon
|rule|OHKO Clause: OHKO moves are banned
|rule|Evasion Items Clause: Evasion items are banned
|rule|Evasion Moves Clause: Evasion moves are banned
|rule|Evasion Abilities Clause: Evasion abilities are banned
|rule|Sleep Moves Clause: Sleep-inducing moves are banned
|clearpoke
|poke|p1|Pelipper, M|
|poke|p1|Kingdra, F|
|poke|p1|Primarina, M|
|poke|p1|Toxicroak, F|
|poke|p1|Iron Treads|
|poke|p1|Lokix, M|
|poke|p2|Reuniclus, F|
|poke|p2|Ursaluna, M|
|poke|p2|Granbull, M|
|poke|p2|Quagsire, F|
|poke|p2|Magnezone|
|poke|p2|Drifblim, M|
|teampreview
|inactive|Battle timer is ON: inactive players will automatically lose when time's up. (requested by lousiv)
|
|t:|1760335116
|teamsize|p1|6
|teamsize|p2|6
|start
|switch|p1a: AQUAFINA|Primarina, M, shiny|100/100
|switch|p2a: Granbull|Granbull, M|100/100
|-ability|p2a: Granbull|Intimidate|boost
|-unboost|p1a: AQUAFINA|atk|1
|turn|1
|
|t:|1760335122
|move|p1a: AQUAFINA|Whirlpool|p2a: Granbull
|-damage|p2a: Granbull|84/100
|-activate|p2a: Granbull|move: Whirlpool|[of] p1a: AQUAFINA
|move|p2a: Granbull|Thunder Punch|p1a: AQUAFINA
|-supereffective|p1a: AQUAFINA
|-damage|p1a: AQUAFINA|23/100
|
|-heal|p1a: AQUAFINA|29/100|[from] item: Leftovers
|-damage|p2a: Granbull|72/100|[from] move: Whirlpool|[partiallytrapped]
|upkeep
|turn|2
|
|t:|1760335132
|move|p1a: AQUAFINA|Moonblast|p2a: Granbull
|-damage|p2a: Granbull|28/100
|-unboost|p2a: Granbull|spa|1
|move|p2a: Granbull|Earthquake|p1a: AQUAFINA
|-damage|p1a: AQUAFINA|0 fnt
|faint|p1a: AQUAFINA
|
|-end|p2a: Granbull|Whirlpool|[partiallytrapped]|[silent]
|upkeep
|
|t:|1760335142
|switch|p1a: BUGSAW|Lokix, M|100/100
|turn|3
|
|t:|1760335147
|switch|p2a: Quagsire|Quagsire, F|100/100
|move|p1a: BUGSAW|U-turn|p2a: Quagsire
|-damage|p2a: Quagsire|69/100
|
|t:|1760335155
|switch|p1a: TOILET|Pelipper, M|100/100|[from] U-turn
|-weather|RainDance|[from] ability: Drizzle|[of] p1a: TOILET
|
|-weather|RainDance|[upkeep]
|-heal|p2a: Quagsire|75/100|[from] item: Leftovers
|upkeep
|turn|4
|
|t:|1760335167
|move|p1a: TOILET|Ice Beam|p2a: Quagsire
|-damage|p2a: Quagsire|52/100
|move|p2a: Quagsire|Recover|p2a: Quagsire
|-heal|p2a: Quagsire|100/100
|
|-weather|RainDance|[upkeep]
|upkeep
|turn|5
|
|t:|1760335173
|switch|p2a: Magnezone|Magnezone|100/100
|move|p1a: TOILET|U-turn|p2a: Magnezone
|-resisted|p2a: Magnezone
|-damage|p2a: Magnezone|96/100
|
|t:|1760335193
|switch|p1a: QUEENDRA|Kingdra, F, shiny|100/100|[from] U-turn
|
|-weather|RainDance|[upkeep]
|upkeep
|turn|6
|
|t:|1760335197
|move|p1a: QUEENDRA|Weather Ball|p2a: Magnezone
|-damage|p2a: Magnezone|0 fnt
|faint|p2a: Magnezone
|
|-weather|RainDance|[upkeep]
|upkeep
|
|t:|1760335206
|switch|p2a: Reuniclus|Reuniclus, F|100/100
|turn|7
|
|t:|1760335211
|switch|p1a: BUGSAW|Lokix, M|100/100
|move|p2a: Reuniclus|Trick Room|p2a: Reuniclus
|-fieldstart|move: Trick Room|[of] p2a: Reuniclus
|
|-weather|RainDance|[upkeep]
|upkeep
|turn|8
|
|t:|1760335215
|switch|p2a: Quagsire|Quagsire, F|100/100
|move|p1a: BUGSAW|First Impression|p2a: Quagsire
|-damage|p2a: Quagsire|59/100
|
|-weather|RainDance|[upkeep]
|-heal|p2a: Quagsire|65/100|[from] item: Leftovers
|upkeep
|turn|9
|
|t:|1760335224
|switch|p1a: QUEENDRA|Kingdra, F, shiny|100/100
|move|p2a: Quagsire|Stealth Rock|p1a: QUEENDRA
|-sidestart|p1: LastGREATEST|move: Stealth Rock
|
|-weather|RainDance|[upkeep]
|-heal|p2a: Quagsire|72/100|[from] item: Leftovers
|upkeep
|turn|10
|
|t:|1760335231
|move|p2a: Quagsire|Toxic|p1a: QUEENDRA
|-status|p1a: QUEENDRA|tox
|move|p1a: QUEENDRA|Draco Meteor|p2a: Quagsire
|-damage|p2a: Quagsire|0 fnt
|-unboost|p1a: QUEENDRA|spa|2
|faint|p2a: Quagsire
|
|-weather|none
|-damage|p1a: QUEENDRA|94/100 tox|[from] psn
|upkeep
|
|t:|1760335237
|switch|p2a: Granbull|Granbull, M|28/100
|-ability|p2a: Granbull|Intimidate|boost
|-unboost|p1a: QUEENDRA|atk|1
|turn|11
|
|t:|1760335243
|switch|p1a: ELON TUSK|Iron Treads|100/100
|move|p2a: Granbull|Play Rough|p1a: ELON TUSK
|-resisted|p1a: ELON TUSK
|-damage|p1a: ELON TUSK|78/100
|
|-fieldend|move: Trick Room
|upkeep
|turn|12
|
|t:|1760335250
|move|p1a: ELON TUSK|Stealth Rock|p2a: Granbull
|-sidestart|p2: lousiv|move: Stealth Rock
|move|p2a: Granbull|Close Combat|p1a: ELON TUSK
|-supereffective|p1a: ELON TUSK
|-damage|p1a: ELON TUSK|3/100
|-unboost|p2a: Granbull|def|1
|-unboost|p2a: Granbull|spd|1
|
|upkeep
|turn|13
|
|t:|1760335255
|move|p1a: ELON TUSK|Rapid Spin|p2a: Granbull
|-damage|p2a: Granbull|3/100
|-boost|p1a: ELON TUSK|spe|1
|-sideend|p1: LastGREATEST|Stealth Rock|[from] move: Rapid Spin|[of] p1a: ELON TUSK
|move|p2a: Granbull|Earthquake|p1a: ELON TUSK
|-supereffective|p1a: ELON TUSK
|-damage|p1a: ELON TUSK|0 fnt
|faint|p1a: ELON TUSK
|-end|p1a: ELON TUSK|Quark Drive|[silent]
|
|upkeep
|
|t:|1760335259
|switch|p1a: TOILET|Pelipper, M|100/100
|-weather|RainDance|[from] ability: Drizzle|[of] p1a: TOILET
|turn|14
|
|t:|1760335261
|move|p1a: TOILET|U-turn|p2a: Granbull
|-resisted|p2a: Granbull
|-damage|p2a: Granbull|0 fnt
|faint|p2a: Granbull
|
|t:|1760335267
|switch|p1a: QUEENDRA|Kingdra, F, shiny|94/100 tox|[from] U-turn
|
|-weather|RainDance|[upkeep]
|-damage|p1a: QUEENDRA|88/100 tox|[from] psn
|upkeep
|
|t:|1760335285
|switch|p2a: Reuniclus|Reuniclus, F|100/100
|turn|15
|
|t:|1760335289
|move|p1a: QUEENDRA|Weather Ball|p2a: Reuniclus
|-crit|p2a: Reuniclus
|-damage|p2a: Reuniclus|0 fnt
|faint|p2a: Reuniclus
|
|-weather|RainDance|[upkeep]
|-damage|p1a: QUEENDRA|76/100 tox|[from] psn
|upkeep
|
|t:|1760335292
|switch|p2a: Drifblim|Drifblim, M|100/100
|turn|16
|
|t:|1760335295
|move|p1a: QUEENDRA|Weather Ball|p2a: Drifblim
|-damage|p2a: Drifblim|31/100
|move|p2a: Drifblim|Strength Sap|p1a: QUEENDRA
|-unboost|p1a: QUEENDRA|atk|1
|-heal|p2a: Drifblim|65/100
|
|-weather|RainDance|[upkeep]
|-damage|p1a: QUEENDRA|57/100 tox|[from] psn
|upkeep
|turn|17
|
|t:|1760335299
|move|p1a: QUEENDRA|Weather Ball|p2a: Drifblim
|-damage|p2a: Drifblim|0 fnt
|faint|p2a: Drifblim
|
|-weather|RainDance|[upkeep]
|-damage|p1a: QUEENDRA|32/100 tox|[from] psn
|upkeep
|
|t:|1760335300
|switch|p2a: Ursaluna|Ursaluna, M|100/100
|-damage|p2a: Ursaluna|94/100|[from] Stealth Rock
|turn|18
|
|t:|1760335304
|-terastallize|p2a: Ursaluna|Ghost
|move|p1a: QUEENDRA|Weather Ball|p2a: Ursaluna
|-damage|p2a: Ursaluna|4/100
|move|p2a: Ursaluna|Drain Punch|p1a: QUEENDRA
|-damage|p1a: QUEENDRA|0 fnt
|-heal|p2a: Ursaluna|14/100|[from] drain|[of] p1a: QUEENDRA
|faint|p1a: QUEENDRA
|
|-weather|RainDance|[upkeep]
|-status|p2a: Ursaluna|brn|[from] item: Flame Orb
|upkeep
|
|t:|1760335313
|switch|p1a: WART|Toxicroak, F|100/100
|turn|19
|
|t:|1760335318
|move|p1a: WART|Encore|p2a: Ursaluna
|-start|p2a: Ursaluna|Encore
|move|p2a: Ursaluna|Drain Punch|p1a: WART
|-resisted|p1a: WART
|-damage|p1a: WART|79/100
|-heal|p2a: Ursaluna|23/100 brn|[from] drain|[of] p1a: WART
|-damage|p2a: Ursaluna|6/100 brn|[from] item: Rocky Helmet|[of] p1a: WART
|
|-weather|RainDance|[upkeep]
|-heal|p1a: WART|91/100|[from] ability: Dry Skin
|-damage|p2a: Ursaluna|0 fnt|[from] brn
|faint|p2a: Ursaluna
|
|win|LastGREATEST
|raw|LastGREATEST's rating: 1193 &rarr; <strong>1216</strong><br />(+23 for winning)
|raw|lousiv's rating: 1164 &rarr; <strong>1141</strong><br />(-23 for losing)
|l|☆LastGREATEST
|player|p1|
|l|☆lousiv
|player|p2|
