|j|☆Kis Vegallomas
|j|☆bestquest
|t:|1760441072
|gametype|singles
|player|p1|Kis Vegallomas|170|1426
|player|p2|bestquest|preschooler|1338
|gen|9
|tier|[Gen 9] OU
|rated|
|rule|HP Percentage Mod: HP is shown in percentages
|rule|Endless Battle Clause: Forcing endless battles is banned
|rule|Species Clause: Limit one of each Pokémon
|rule|OHKO Clause: OHKO moves are banned
|rule|Evasion Items Clause: Evasion items are banned
|rule|Evasion Moves Clause: Evasion moves are banned
|rule|Evasion Abilities Clause: Evasion abilities are banned
|rule|Sleep Moves Clause: Sleep-inducing moves are banned
|clearpoke
|poke|p1|Garchomp, M|
|poke|p1|Slowking-Galar, M|
|poke|p1|Keldeo-Resolute|
|poke|p1|Grimmsnarl, M|
|poke|p1|Iron Crown|
|poke|p1|Primeape, F|
|poke|p2|Serperior, M|
|poke|p2|Ribombee, M|
|poke|p2|Cinderace, F|
|poke|p2|Hatterene, F|
|poke|p2|Alomomola, F|
|poke|p2|Kingambit, M|
|teampreview
|inactive|Battle timer is ON: inactive players will automatically lose when time's up. (requested by Kis Vegallomas)
|
|t:|1760441095
|teamsize|p1|6
|teamsize|p2|6
|start
|switch|p1a: Grimmsnarl|Grimmsnarl, M|100/100
|switch|p2a: Ribombee|Ribombee, M|100/100
|turn|1
|
|t:|1760441101
|move|p1a: Grimmsnarl|Light Screen|p1a: Grimmsnarl
|-sidestart|p1: Kis Vegallomas|move: Light Screen
|move|p2a: Ribombee|Sticky Web|p1a: Grimmsnarl
|-sidestart|p1: Kis Vegallomas|move: Sticky Web
|
|upkeep
|turn|2
|
|t:|1760441104
|move|p1a: Grimmsnarl|Reflect|p1a: Grimmsnarl
|-sidestart|p1: Kis Vegallomas|Reflect
|move|p2a: Ribombee|U-turn|p1a: Grimmsnarl
|-damage|p1a: Grimmsnarl|92/100
|
|t:|1760441108
|switch|p2a: Cinderace|Cinderace, F|100/100|[from] U-turn
|
|upkeep
|turn|3
|
|t:|1760441119
|move|p2a: Cinderace|Court Change|p2a: Cinderace
|-start|p2a: Cinderace|typechange|Normal|[from] ability: Libero
|-swapsideconditions
|-activate|p2a: Cinderace|move: Court Change
|move|p1a: Grimmsnarl|Foul Play|p2a: Cinderace
|-damage|p2a: Cinderace|66/100
|
|upkeep
|turn|4
|
|t:|1760441125
|move|p1a: Grimmsnarl|Reflect|p1a: Grimmsnarl
|-sidestart|p1: Kis Vegallomas|Reflect
|move|p2a: Cinderace|Gunk Shot|p1a: Grimmsnarl
|-supereffective|p1a: Grimmsnarl
|-damage|p1a: Grimmsnarl|45/100
|
|upkeep
|turn|5
|
|t:|1760441130
|move|p1a: Grimmsnarl|Light Screen|p1a: Grimmsnarl
|-sidestart|p1: Kis Vegallomas|move: Light Screen
|move|p2a: Cinderace|Gunk Shot|p1a: Grimmsnarl
|-supereffective|p1a: Grimmsnarl
|-damage|p1a: Grimmsnarl|0 fnt
|faint|p1a: Grimmsnarl
|
|upkeep
|
|t:|1760441137
|switch|p1a: Iron Crown|Iron Crown|100/100
|turn|6
|
|t:|1760441143
|switch|p2a: Kingambit|Kingambit, M|100/100
|-activate|p2a: Kingambit|move: Sticky Web
|-unboost|p2a: Kingambit|spe|1
|-ability|p2a: Kingambit|Defiant|boost
|-boost|p2a: Kingambit|atk|2
|move|p1a: Iron Crown|Agility|p1a: Iron Crown
|-boost|p1a: Iron Crown|spe|2
|
|upkeep
|turn|7
|
|t:|1760441152
|-terastallize|p1a: Iron Crown|Fighting
|move|p1a: Iron Crown|Tera Blast|p2a: Kingambit|[anim] Tera Blast Fighting
|-supereffective|p2a: Kingambit
|-damage|p2a: Kingambit|45/100
|move|p2a: Kingambit|Kowtow Cleave|p1a: Iron Crown
|-resisted|p1a: Iron Crown
|-damage|p1a: Iron Crown|77/100
|
|upkeep
|turn|8
|
|t:|1760441161
|switch|p2a: Hatterene|Hatterene, F|100/100
|-activate|p2a: Hatterene|move: Sticky Web
|-unboost|p2a: Hatterene|spe|1
|move|p1a: Iron Crown|Tera Blast|p2a: Hatterene|[anim] Tera Blast Fighting
|-resisted|p2a: Hatterene
|-damage|p2a: Hatterene|95/100
|
|-heal|p2a: Hatterene|100/100|[from] item: Leftovers
|-sideend|p2: bestquest|move: Light Screen
|upkeep
|turn|9
|
|t:|1760441169
|move|p1a: Iron Crown|Tachyon Cutter|p2a: Hatterene
|-supereffective|p2a: Hatterene
|-damage|p2a: Hatterene|50/100
|-supereffective|p2a: Hatterene
|-crit|p2a: Hatterene
|-damage|p2a: Hatterene|0 fnt
|faint|p2a: Hatterene
|-hitcount|p2: Hatterene|2
|
|-sideend|p2: bestquest|Reflect
|upkeep
|
|t:|1760441181
|switch|p2a: Alomomola|Alomomola, F|100/100
|-activate|p2a: Alomomola|move: Sticky Web
|-unboost|p2a: Alomomola|spe|1
|turn|10
|
|t:|1760441186
|move|p1a: Iron Crown|Agility|p1a: Iron Crown
|-boost|p1a: Iron Crown|spe|2
|move|p2a: Alomomola|Scald|p1a: Iron Crown
|-damage|p1a: Iron Crown|70/100
|
|upkeep
|turn|11
|
|t:|1760441192
|move|p1a: Iron Crown|Agility|p1a: Iron Crown
|-boost|p1a: Iron Crown|spe|2
|move|p2a: Alomomola|Wish|p2a: Alomomola
|
|-sideend|p1: Kis Vegallomas|Reflect
|upkeep
|turn|12
|
|t:|1760441198
|move|p1a: Iron Crown|Stored Power|p2a: Alomomola
|-damage|p2a: Alomomola|4/100
|move|p2a: Alomomola|Flip Turn|p1a: Iron Crown
|-damage|p1a: Iron Crown|56/100
|
|t:|1760441203
|switch|p2a: Kingambit|Kingambit, M|45/100|[from] Flip Turn
|-activate|p2a: Kingambit|move: Sticky Web
|-unboost|p2a: Kingambit|spe|1
|-ability|p2a: Kingambit|Defiant|boost
|-boost|p2a: Kingambit|atk|2
|
|-heal|p2a: Kingambit|100/100|[from] move: Wish|[wisher] Alomomola
|-sideend|p1: Kis Vegallomas|move: Light Screen
|upkeep
|turn|13
|
|t:|1760441212
|-terastallize|p2a: Kingambit|Ghost
|move|p1a: Iron Crown|Tachyon Cutter|p2a: Kingambit
|-damage|p2a: Kingambit|82/100
|-damage|p2a: Kingambit|64/100
|-hitcount|p2a: Kingambit|2
|move|p2a: Kingambit|Shadow Claw|p1a: Iron Crown
|-damage|p1a: Iron Crown|0 fnt
|faint|p1a: Iron Crown
|-end|p1a: Iron Crown|Quark Drive|[silent]
|
|upkeep
|
|t:|1760441228
|switch|p1a: Slowking|Slowking-Galar, M|100/100
|turn|14
|
|t:|1760441231
|move|p1a: Slowking|Trick|p2a: Kingambit
|-activate|p1a: Slowking|move: Trick|[of] p2a: Kingambit
|-item|p2a: Kingambit|Choice Specs|[from] move: Trick
|-item|p1a: Slowking|Assault Vest|[from] move: Trick
|move|p2a: Kingambit|Shadow Claw|p1a: Slowking
|-supereffective|p1a: Slowking
|-damage|p1a: Slowking|0 fnt
|faint|p1a: Slowking
|
|upkeep
|
|t:|1760441243
|switch|p1a: Primeape|Primeape, F|100/100
|turn|15
|
|t:|1760441246
|move|p1a: Primeape|Bulk Up|p1a: Primeape
|-boost|p1a: Primeape|atk|1
|-boost|p1a: Primeape|def|1
|move|p2a: Kingambit|Shadow Claw|p1a: Primeape
|-damage|p1a: Primeape|41/100
|
|upkeep
|turn|16
|
|t:|1760441252
|move|p1a: Primeape|Rage Fist|p2a: Kingambit
|-supereffective|p2a: Kingambit
|-damage|p2a: Kingambit|6/100
|move|p2a: Kingambit|Shadow Claw|p1a: Primeape
|-damage|p1a: Primeape|0 fnt
|faint|p1a: Primeape
|
|upkeep
|
|t:|1760441258
|switch|p1a: Garchomp|Garchomp, M|100/100
|turn|17
|
|t:|1760441264
|switch|p2a: Cinderace|Cinderace, F|66/100
|move|p1a: Garchomp|Poison Jab|p2a: Cinderace
|-damage|p2a: Cinderace|23/100
|
|upkeep
|turn|18
|
|t:|1760441272
|move|p2a: Cinderace|Pyro Ball|p1a: Garchomp
|-resisted|p1a: Garchomp
|-damage|p1a: Garchomp|78/100
|move|p1a: Garchomp|Scale Shot|p2a: Cinderace
|-damage|p2a: Cinderace|5/100
|-damage|p2a: Cinderace|0 fnt
|faint|p2a: Cinderace
|-hitcount|p2: Cinderace|2
|-unboost|p1a: Garchomp|def|1
|-boost|p1a: Garchomp|spe|1
|
|upkeep
|
|t:|1760441283
|switch|p2a: Ribombee|Ribombee, M|100/100
|-activate|p2a: Ribombee|move: Sticky Web
|-unboost|p2a: Ribombee|spe|1
|turn|19
|inactive|Kis Vegallomas has 120 seconds left.
|
|t:|1760441336
|move|p1a: Garchomp|Poison Jab|p2a: Ribombee
|-supereffective|p2a: Ribombee
|-crit|p2a: Ribombee
|-enditem|p2a: Ribombee|Focus Sash
|-damage|p2a: Ribombee|1/100
|move|p2a: Ribombee|Moonblast|p1a: Garchomp
|-supereffective|p1a: Garchomp
|-damage|p1a: Garchomp|0 fnt
|faint|p1a: Garchomp
|
|upkeep
|
|t:|1760441339
|switch|p1a: Keldeo|Keldeo-Resolute|100/100
|turn|20
|
|t:|1760441354
|switch|p2a: Alomomola|Alomomola, F|38/100
|-activate|p2a: Alomomola|move: Sticky Web
|-unboost|p2a: Alomomola|spe|1
|move|p1a: Keldeo|Calm Mind|p1a: Keldeo
|-boost|p1a: Keldeo|spa|1
|-boost|p1a: Keldeo|spd|1
|
|upkeep
|turn|21
|
|t:|1760441361
|switch|p2a: Ribombee|Ribombee, M|1/100
|-activate|p2a: Ribombee|move: Sticky Web
|-unboost|p2a: Ribombee|spe|1
|move|p1a: Keldeo|Calm Mind|p1a: Keldeo
|-boost|p1a: Keldeo|spa|1
|-boost|p1a: Keldeo|spd|1
|
|upkeep
|turn|22
|
|t:|1760441368
|move|p1a: Keldeo|Vacuum Wave|p2a: Ribombee
|-resisted|p2a: Ribombee
|-damage|p2a: Ribombee|0 fnt
|faint|p2a: Ribombee
|
|upkeep
|
|t:|1760441371
|switch|p2a: Alomomola|Alomomola, F|71/100
|-activate|p2a: Alomomola|move: Sticky Web
|-unboost|p2a: Alomomola|spe|1
|turn|23
|
|t:|1760441375
|move|p1a: Keldeo|Calm Mind|p1a: Keldeo
|-boost|p1a: Keldeo|spa|1
|-boost|p1a: Keldeo|spd|1
|move|p2a: Alomomola|Healing Wish|p2a: Alomomola
|faint|p2a: Alomomola
|
|upkeep
|
|t:|1760441380
|switch|p2a: Kingambit|Kingambit, M, tera:Ghost|6/100
|-heal|p2a: Kingambit|100/100|[from] move: Healing Wish
|-activate|p2a: Kingambit|move: Sticky Web
|-unboost|p2a: Kingambit|spe|1
|-ability|p2a: Kingambit|Defiant|boost
|-boost|p2a: Kingambit|atk|2
|turn|24
|
|t:|1760441386
|move|p1a: Keldeo|Surf|p2a: Kingambit
|-damage|p2a: Kingambit|0 fnt
|faint|p2a: Kingambit
|
|upkeep
|
|t:|1760441390
|switch|p2a: Serperior|Serperior, M|100/100
|-activate|p2a: Serperior|move: Sticky Web
|-boost|p2a: Serperior|spe|1
|turn|25
|
|t:|1760441393
|move|p2a: Serperior|Leaf Storm|p1a: Keldeo
|-supereffective|p1a: Keldeo
|-damage|p1a: Keldeo|58/100
|-boost|p2a: Serperior|spa|2
|move|p1a: Keldeo|Secret Sword|p2a: Serperior
|-damage|p2a: Serperior|0 fnt
|faint|p2a: Serperior
|
|win|Kis Vegallomas
|raw|Kis Vegallomas's rating: 1426 &rarr; <strong>1441</strong><br />(+15 for winning)
|raw|bestquest's rating: 1338 &rarr; <strong>1323</strong><br />(-15 for losing)
|c|☆Kis Vegallomas|Gg
