|j|☆AEFAA2
|j|☆gligarfnboy
|t:|1760311186
|gametype|singles
|player|p1|AEFAA2|scientist-gen4dp|1172
|player|p2|gligarfnboy|saturn|1157
|gen|9
|tier|[Gen 9] OU
|rated|
|rule|HP Percentage Mod: HP is shown in percentages
|rule|Endless Battle Clause: Forcing endless battles is banned
|rule|Species Clause: Limit one of each Pokémon
|rule|OHKO Clause: OHKO moves are banned
|rule|Evasion Items Clause: Evasion items are banned
|rule|Evasion Moves Clause: Evasion moves are banned
|rule|Evasion Abilities Clause: Evasion abilities are banned
|rule|Sleep Moves Clause: Sleep-inducing moves are banned
|clearpoke
|poke|p1|Torkoal, M|
|poke|p1|Goodra-Hisui, F|
|poke|p1|Great Tusk|
|poke|p1|Scovillain, M|
|poke|p1|Ninetales, F|
|poke|p1|Walking Wake|
|poke|p2|Gliscor, M|
|poke|p2|Cinderace, M|
|poke|p2|Rotom-Wash|
|poke|p2|Gholdengo|
|poke|p2|Clefable, M|
|poke|p2|Rillaboom, F|
|teampreview
|inactive|Battle timer is ON: inactive players will automatically lose when time's up. (requested by gligarfnboy)
|
|t:|1760311198
|teamsize|p1|6
|teamsize|p2|6
|start
|switch|p1a: Torkoal|Torkoal, M|100/100
|switch|p2a: Rotom|Rotom-Wash|100/100
|-weather|SunnyDay|[from] ability: Drought|[of] p1a: Torkoal
|turn|1
|
|t:|1760311213
|switch|p1a: Walking Wake|Walking Wake|100/100
|-activate|p1a: Walking Wake|ability: Protosynthesis
|-start|p1a: Walking Wake|protosynthesisspe
|move|p2a: Rotom|Thunder Wave|p1a: Walking Wake
|-status|p1a: Walking Wake|par
|
|-weather|SunnyDay|[upkeep]
|upkeep
|turn|2
|
|t:|1760311223
|move|p1a: Walking Wake|Hydro Steam|p2a: Rotom
|-resisted|p2a: Rotom
|-damage|p2a: Rotom|51/100
|move|p2a: Rotom|Volt Switch|p1a: Walking Wake
|-damage|p1a: Walking Wake|72/100 par
|
|t:|1760311230
|switch|p2a: Clefable|Clefable, M|100/100|[from] Volt Switch
|
|-weather|SunnyDay|[upkeep]
|upkeep
|turn|3
|
|t:|1760311237
|-terastallize|p1a: Walking Wake|Water
|move|p1a: Walking Wake|Hydro Steam|p2a: Clefable
|-damage|p2a: Clefable|2/100
|move|p2a: Clefable|Stealth Rock|p1a: Walking Wake
|-sidestart|p1: AEFAA2|move: Stealth Rock
|
|-weather|SunnyDay|[upkeep]
|-heal|p2a: Clefable|8/100|[from] item: Leftovers
|upkeep
|turn|4
|
|t:|1760311245
|move|p1a: Walking Wake|Hydro Steam|p2a: Clefable
|-damage|p2a: Clefable|0 fnt
|faint|p2a: Clefable
|
|-weather|SunnyDay|[upkeep]
|upkeep
|
|t:|1760311250
|switch|p2a: Rillaboom|Rillaboom, F|100/100
|-fieldstart|move: Grassy Terrain|[from] ability: Grassy Surge|[of] p2a: Rillaboom
|turn|5
|
|t:|1760311269
|-end|p1a: Walking Wake|Protosynthesis|[silent]
|switch|p1a: Scovillain|Scovillain, M|100/100
|-damage|p1a: Scovillain|76/100|[from] Stealth Rock
|move|p2a: Rillaboom|Low Kick|p1a: Scovillain
|-damage|p1a: Scovillain|51/100
|
|-weather|SunnyDay|[upkeep]
|-heal|p1a: Scovillain|57/100|[from] Grassy Terrain
|upkeep
|turn|6
|
|t:|1760311276
|move|p1a: Scovillain|Flamethrower|p2a: Rillaboom
|-supereffective|p2a: Rillaboom
|-damage|p2a: Rillaboom|0 fnt
|faint|p2a: Rillaboom
|
|-weather|SunnyDay|[upkeep]
|-heal|p1a: Scovillain|63/100|[from] Grassy Terrain
|upkeep
|
|t:|1760311280
|switch|p2a: Gliscor|Gliscor, M|100/100
|turn|7
|
|t:|1760311287
|move|p1a: Scovillain|Flamethrower|p2a: Gliscor
|-damage|p2a: Gliscor|17/100
|move|p2a: Gliscor|Swords Dance|p2a: Gliscor
|-boost|p2a: Gliscor|atk|2
|
|-weather|SunnyDay|[upkeep]
|-heal|p1a: Scovillain|69/100|[from] Grassy Terrain
|-status|p2a: Gliscor|tox|[from] item: Toxic Orb
|upkeep
|turn|8
|-message|gligarfnboy forfeited.
|
|win|AEFAA2
|raw|AEFAA2's rating: 1172 &rarr; <strong>1196</strong><br />(+24 for winning)
|raw|gligarfnboy's rating: 1157 &rarr; <strong>1133</strong><br />(-24 for losing)
|l|☆gligarfnboy
|player|p2|
