|j|☆PPKMINE
|j|☆bkhiywyr
|inactive|Battle timer is ON: inactive players will automatically lose when time's up.
|t:|1760333417
|gametype|singles
|player|p1|PPKMINE|265|
|player|p2|bkhiywyr|102|
|gen|9
|tier|[Gen 9] OU
|rated|Tournament battle
|rule|HP Percentage Mod: HP is shown in percentages
|rule|Endless Battle Clause: Forcing endless battles is banned
|rule|Species Clause: Limit one of each Pokémon
|rule|OHKO Clause: OHKO moves are banned
|rule|Evasion Items Clause: Evasion items are banned
|rule|Evasion Moves Clause: Evasion moves are banned
|rule|Evasion Abilities Clause: Evasion abilities are banned
|rule|Sleep Moves Clause: Sleep-inducing moves are banned
|raw|<div class="infobox"><details class="readmore"><summary><strong>15 custom rules:</strong></summary> -burmy, -caterpie, -combee, -kricketot, -magikarp, -scatterbug, -sunkern, -tynamo, -typenull, -weedle, -wurmple, -cosmog, -blipbug, -snom, -wynaut</details></div>
|clearpoke
|poke|p1|Yanma, F|
|poke|p1|Surskit, F|
|poke|p1|Malamar, F|
|poke|p2|Toedscruel, M|
|poke|p2|Froakie, F|
|poke|p2|Swablu, M|
|teampreview
|j|*Lady Monita ☀
|
|t:|1760333423
|teamsize|p1|3
|teamsize|p2|3
|start
|switch|p1a: Surskit|Surskit, F|100/100
|switch|p2a: Toedscruel|Toedscruel, M|100/100
|turn|1
|
|t:|1760333427
|move|p1a: Surskit|Sticky Web|p2a: Toedscruel
|-sidestart|p2: bkhiywyr|move: Sticky Web
|move|p2a: Toedscruel|Toxic Spikes|p1a: Surskit
|-sidestart|p1: PPKMINE|move: Toxic Spikes
|
|upkeep
|turn|2
|
|t:|1760333435
|switch|p1a: Malamar|Malamar, F|100/100
|-status|p1a: Malamar|psn
|move|p2a: Toedscruel|Toxic Spikes|p1a: Malamar
|-sidestart|p1: PPKMINE|move: Toxic Spikes
|
|-damage|p1a: Malamar|88/100 psn|[from] psn
|upkeep
|turn|3
|
|t:|1760333441
|move|p2a: Toedscruel|Rapid Spin|p1a: Malamar
|-damage|p1a: Malamar|80/100 psn
|-boost|p2a: Toedscruel|spe|1
|-sideend|p2: bkhiywyr|Sticky Web|[from] move: Rapid Spin|[of] p2a: Toedscruel
|move|p1a: Malamar|Superpower|p2a: Toedscruel
|-crit|p2a: Toedscruel
|-damage|p2a: Toedscruel|33/100
|-boost|p1a: Malamar|atk|1
|-boost|p1a: Malamar|def|1
|
|-damage|p1a: Malamar|68/100 psn|[from] psn
|upkeep
|turn|4
|
|t:|1760333457
|move|p1a: Malamar|Rest|p1a: Malamar
|-status|p1a: Malamar|slp|[from] move: Rest
|-heal|p1a: Malamar|100/100 slp|[silent]
|-enditem|p1a: Malamar|Chesto Berry|[eat]
|-curestatus|p1a: Malamar|slp|[msg]
|move|p2a: Toedscruel|Spikes|p1a: Malamar
|-sidestart|p1: PPKMINE|Spikes
|
|upkeep
|turn|5
|
|t:|1760333464
|move|p2a: Toedscruel|Giga Drain|p1a: Malamar
|-damage|p1a: Malamar|76/100
|-heal|p2a: Toedscruel|46/100|[from] drain|[of] p1a: Malamar
|move|p1a: Malamar|Superpower|p2a: Toedscruel
|-damage|p2a: Toedscruel|0 fnt
|-boost|p1a: Malamar|atk|1
|-boost|p1a: Malamar|def|1
|faint|p2a: Toedscruel
|
|upkeep
|
|t:|1760333476
|switch|p2a: Swablu|Swablu, M|100/100
|turn|6
|
|t:|1760333482
|move|p1a: Malamar|Knock Off|p2a: Swablu
|-damage|p2a: Swablu|0 fnt
|-enditem|p2a: Swablu|Eviolite|[from] move: Knock Off|[of] p1a: Malamar
|faint|p2a: Swablu
|
|upkeep
|
|t:|1760333484
|switch|p2a: Froakie|Froakie, F|100/100
|turn|7
|
|t:|1760333501
|-terastallize|p2a: Froakie|Stellar
|move|p2a: Froakie|Hydro Pump|p1a: Malamar
|-damage|p1a: Malamar|0 fnt
|faint|p1a: Malamar
|
|upkeep
|
|t:|1760333507
|switch|p1a: Surskit|Surskit, F|100/100
|-status|p1a: Surskit|tox
|-damage|p1a: Surskit|88/100 tox|[from] Spikes
|turn|8
|
|t:|1760333514
|move|p2a: Froakie|Hydro Pump|p1a: Surskit
|-resisted|p1a: Surskit
|-damage|p1a: Surskit|20/100 tox
|move|p1a: Surskit|Mud Shot|p2a: Froakie
|-damage|p2a: Froakie|67/100
|-unboost|p2a: Froakie|spe|1
|
|-damage|p1a: Surskit|14/100 tox|[from] psn
|upkeep
|turn|9
|
|t:|1760333523
|move|p1a: Surskit|Aqua Jet|p2a: Froakie
|-resisted|p2a: Froakie
|-damage|p2a: Froakie|60/100
|move|p2a: Froakie|Hydro Pump|p1a: Surskit
|-resisted|p1a: Surskit
|-damage|p1a: Surskit|0 fnt
|faint|p1a: Surskit
|
|upkeep
|
|t:|1760333527
|switch|p1a: Yanma|Yanma, F|100/100
|turn|10
|
|t:|1760333531
|move|p1a: Yanma|Detect|p1a: Yanma
|-singleturn|p1a: Yanma|Protect
|move|p2a: Froakie|Hydro Pump|p1a: Yanma
|-activate|p1a: Yanma|move: Protect
|
|-ability|p1a: Yanma|Speed Boost|boost
|-boost|p1a: Yanma|spe|1
|upkeep
|turn|11
|
|t:|1760333539
|move|p1a: Yanma|Bug Buzz|p2a: Froakie
|-damage|p2a: Froakie|0 fnt
|faint|p2a: Froakie
|-damage|p1a: Yanma|91/100|[from] item: Life Orb
|
|win|PPKMINE
|n|☆PPKMINE|ppkmine
|n|☆bkhiywyr|bkhiywyr
|n|*Lady Monita ☀|ladymonita
