|j|☆aryan.w
|j|☆Mithyk Noob
|t:|1760438473
|gametype|singles
|player|p1|aryan.w|alder|1107
|player|p2|Mithyk Noob|gentleman-gen4|1127
|gen|9
|tier|[Gen 9] OU
|rated|
|rule|HP Percentage Mod: HP is shown in percentages
|rule|Endless Battle Clause: Forcing endless battles is banned
|rule|Species Clause: Limit one of each Pokémon
|rule|OHKO Clause: OHKO moves are banned
|rule|Evasion Items Clause: Evasion items are banned
|rule|Evasion Moves Clause: Evasion moves are banned
|rule|Evasion Abilities Clause: Evasion abilities are banned
|rule|Sleep Moves Clause: Sleep-inducing moves are banned
|clearpoke
|poke|p1|Ceruledge, M|
|poke|p1|Iron Hands|
|poke|p1|Greninja-*, M|
|poke|p1|Gengar, F|
|poke|p1|Hydrapple, M|
|poke|p1|Kingambit, M|
|poke|p2|Tauros-Paldea-Aqua, M|
|poke|p2|Flygon, M|
|poke|p2|Incineroar, M|
|poke|p2|Tsareena, F|
|poke|p2|Bronzong|
|poke|p2|Vaporeon, M|
|teampreview
|
|t:|1760438486
|teamsize|p1|6
|teamsize|p2|6
|start
|switch|p1a: Allah-hu-akbar|Gengar, F|100/100
|switch|p2a: Baferdédéga|Flygon, M|100/100
|turn|1
|
|t:|1760438499
|move|p2a: Baferdédéga|U-turn|p1a: Allah-hu-akbar
|-resisted|p1a: Allah-hu-akbar
|-crit|p1a: Allah-hu-akbar
|-damage|p1a: Allah-hu-akbar|88/100
|
|t:|1760438504
|switch|p2a: 6G Flashback|Vaporeon, M|100/100|[from] U-turn
|move|p1a: Allah-hu-akbar|Toxic Spikes|p2a: 6G Flashback
|-sidestart|p2: Mithyk Noob|move: Toxic Spikes
|
|upkeep
|turn|2
|
|t:|1760438517
|move|p1a: Allah-hu-akbar|Thunderbolt|p2a: 6G Flashback
|-supereffective|p2a: 6G Flashback
|-damage|p2a: 6G Flashback|59/100
|move|p2a: 6G Flashback|Scald|p1a: Allah-hu-akbar
|-damage|p1a: Allah-hu-akbar|44/100
|-status|p1a: Allah-hu-akbar|brn
|
|-damage|p1a: Allah-hu-akbar|38/100 brn|[from] brn
|upkeep
|turn|3
|
|t:|1760438528
|move|p2a: 6G Flashback|Protect|p2a: 6G Flashback
|-singleturn|p2a: 6G Flashback|Protect
|move|p1a: Allah-hu-akbar|Destiny Bond|p1a: Allah-hu-akbar
|-singlemove|p1a: Allah-hu-akbar|Destiny Bond
|
|-damage|p1a: Allah-hu-akbar|32/100 brn|[from] brn
|upkeep
|turn|4
|inactive|Battle timer is ON: inactive players will automatically lose when time's up. (requested by Mithyk Noob)
|
|t:|1760438546
|switch|p1a: Sweeper|Hydrapple, M|100/100
|move|p2a: 6G Flashback|Wish|p2a: 6G Flashback
|
|upkeep
|turn|5
|
|t:|1760438553
|move|p2a: 6G Flashback|Protect|p2a: 6G Flashback
|-singleturn|p2a: 6G Flashback|Protect
|move|p1a: Sweeper|Giga Drain|p2a: 6G Flashback
|-activate|p2a: 6G Flashback|move: Protect
|
|-heal|p2a: 6G Flashback|100/100|[from] move: Wish|[wisher] 6G Flashback
|upkeep
|turn|6
|
|t:|1760438563
|switch|p2a: j'pezdanlgame|Bronzong|100/100
|move|p1a: Sweeper|Giga Drain|p2a: j'pezdanlgame
|-resisted|p2a: j'pezdanlgame
|-damage|p2a: j'pezdanlgame|87/100
|
|-heal|p2a: j'pezdanlgame|93/100|[from] item: Leftovers
|upkeep
|turn|7
|
|t:|1760438574
|switch|p1a: Allah-hu-akbar|Gengar, F|32/100 brn
|move|p2a: j'pezdanlgame|Stealth Rock|p1a: Allah-hu-akbar
|-sidestart|p1: aryan.w|move: Stealth Rock
|
|-heal|p2a: j'pezdanlgame|99/100|[from] item: Leftovers
|-damage|p1a: Allah-hu-akbar|26/100 brn|[from] brn
|upkeep
|turn|8
|
|t:|1760438586
|switch|p2a: Baferdédéga|Flygon, M|100/100
|move|p1a: Allah-hu-akbar|Poltergeist|p2a: Baferdédéga
|-activate|p2a: Baferdédéga|move: Poltergeist|Choice Scarf
|-damage|p2a: Baferdédéga|86/100
|
|-damage|p1a: Allah-hu-akbar|20/100 brn|[from] brn
|upkeep
|turn|9
|
|t:|1760438597
|move|p2a: Baferdédéga|Earthquake|p1a: Allah-hu-akbar
|-supereffective|p1a: Allah-hu-akbar
|-damage|p1a: Allah-hu-akbar|0 fnt
|faint|p1a: Allah-hu-akbar
|
|upkeep
|
|t:|1760438617
|switch|p1a: Thick|Iron Hands|100/100
|-damage|p1a: Thick|94/100|[from] Stealth Rock
|turn|10
|
|t:|1760438628
|switch|p2a: j'pezdanlgame|Bronzong|99/100
|-terastallize|p1a: Thick|Ice
|move|p1a: Thick|Ice Punch|p2a: j'pezdanlgame
|-resisted|p2a: j'pezdanlgame
|-damage|p2a: j'pezdanlgame|84/100
|
|-heal|p1a: Thick|100/100|[from] item: Leftovers
|-heal|p2a: j'pezdanlgame|90/100|[from] item: Leftovers
|upkeep
|turn|11
|
|t:|1760438643
|move|p1a: Thick|Drain Punch|p2a: j'pezdanlgame
|-damage|p2a: j'pezdanlgame|59/100
|move|p2a: j'pezdanlgame|Iron Defense|p2a: j'pezdanlgame
|-boost|p2a: j'pezdanlgame|def|2
|
|-heal|p2a: j'pezdanlgame|65/100|[from] item: Leftovers
|upkeep
|turn|12
|
|t:|1760438653
|move|p1a: Thick|Play Rough|p2a: j'pezdanlgame
|-resisted|p2a: j'pezdanlgame
|-damage|p2a: j'pezdanlgame|60/100
|move|p2a: j'pezdanlgame|Body Press|p1a: Thick
|-supereffective|p1a: Thick
|-damage|p1a: Thick|40/100
|
|-heal|p1a: Thick|46/100|[from] item: Leftovers
|-heal|p2a: j'pezdanlgame|66/100|[from] item: Leftovers
|upkeep
|turn|13
|
|t:|1760438667
|-end|p1a: Thick|Quark Drive|[silent]
|switch|p1a: Ceruledge|Ceruledge, M|100/100
|move|p2a: j'pezdanlgame|Body Press|p1a: Ceruledge
|-immune|p1a: Ceruledge
|
|-heal|p2a: j'pezdanlgame|72/100|[from] item: Leftovers
|upkeep
|turn|14
|
|t:|1760438683
|switch|p2a: The Truth Reigns|Incineroar, M|100/100
|-ability|p2a: The Truth Reigns|Intimidate|boost
|-unboost|p1a: Ceruledge|atk|1
|move|p1a: Ceruledge|Shadow Sneak|p2a: The Truth Reigns
|-resisted|p2a: The Truth Reigns
|-damage|p2a: The Truth Reigns|94/100
|
|upkeep
|turn|15
|
|t:|1760438696
|switch|p1a: Speedy boy|Greninja, M, shiny|100/100
|-damage|p1a: Speedy boy|88/100|[from] Stealth Rock
|move|p2a: The Truth Reigns|Knock Off|p1a: Speedy boy
|-resisted|p1a: Speedy boy
|-damage|p1a: Speedy boy|52/100
|-enditem|p1a: Speedy boy|Choice Specs|[from] move: Knock Off|[of] p2a: The Truth Reigns
|
|upkeep
|turn|16
|
|t:|1760438712
|switch|p2a: Antastesia|Tsareena, F|100/100
|-status|p2a: Antastesia|psn
|move|p1a: Speedy boy|Hydro Pump|p2a: Antastesia|[miss]
|-start|p1a: Speedy boy|typechange|Water|[from] ability: Protean
|-miss|p1a: Speedy boy|p2a: Antastesia
|
|-damage|p2a: Antastesia|88/100 psn|[from] psn
|upkeep
|turn|17
|
|t:|1760438727
|move|p1a: Speedy boy|Ice Beam|p2a: Antastesia
|-supereffective|p2a: Antastesia
|-damage|p2a: Antastesia|28/100 psn
|move|p2a: Antastesia|Rapid Spin|p1a: Speedy boy
|-damage|p1a: Speedy boy|21/100
|-boost|p2a: Antastesia|spe|1
|-sideend|p2: Mithyk Noob|Toxic Spikes|[from] move: Rapid Spin|[of] p2a: Antastesia
|
|-damage|p2a: Antastesia|16/100 psn|[from] psn
|upkeep
|turn|18
|
|t:|1760438738
|move|p2a: Antastesia|Petal Blizzard|p1a: Speedy boy
|-supereffective|p1a: Speedy boy
|-damage|p1a: Speedy boy|0 fnt
|faint|p1a: Speedy boy
|
|-damage|p2a: Antastesia|3/100 psn|[from] psn
|upkeep
|inactive|aryan.w has 120 seconds left.
|
|t:|1760438759
|switch|p1a: Ceruledge|Ceruledge, M|100/100
|turn|19
|
|t:|1760438764
|move|p1a: Ceruledge|Shadow Sneak||[still]
|cant|p2a: Antastesia|ability: Queenly Majesty|Shadow Sneak|[of] p1a: Ceruledge
|move|p2a: Antastesia|Knock Off|p1a: Ceruledge
|-supereffective|p1a: Ceruledge
|-damage|p1a: Ceruledge|14/100
|-enditem|p1a: Ceruledge|Heavy-Duty Boots|[from] move: Knock Off|[of] p2a: Antastesia
|
|-damage|p2a: Antastesia|0 fnt|[from] psn
|faint|p2a: Antastesia
|upkeep
|
|t:|1760438771
|switch|p2a: Yvan Cornet|Tauros-Paldea-Aqua, M|100/100
|-ability|p2a: Yvan Cornet|Intimidate|boost
|-unboost|p1a: Ceruledge|atk|1
|turn|20
|inactive|aryan.w has 120 seconds left.
|
|t:|1760438788
|switch|p1a: Sweeper|Hydrapple, M|100/100
|-damage|p1a: Sweeper|88/100|[from] Stealth Rock
|move|p2a: Yvan Cornet|Aqua Jet|p1a: Sweeper
|-resisted|p1a: Sweeper
|-damage|p1a: Sweeper|82/100
|
|upkeep
|turn|21
|inactive|aryan.w has 120 seconds left.
|
|t:|1760438799
|switch|p2a: The Truth Reigns|Incineroar, M|94/100
|-ability|p2a: The Truth Reigns|Intimidate|boost
|-unboost|p1a: Sweeper|atk|1
|move|p1a: Sweeper|Giga Drain|p2a: The Truth Reigns
|-resisted|p2a: The Truth Reigns
|-damage|p2a: The Truth Reigns|79/100
|-heal|p1a: Sweeper|90/100|[from] drain|[of] p2a: The Truth Reigns
|
|upkeep
|turn|22
|inactive|aryan.w has 120 seconds left.
|
|t:|1760438817
|switch|p1a: Ceruledge|Ceruledge, M|14/100
|-damage|p1a: Ceruledge|0 fnt|[from] Stealth Rock
|faint|p1a: Ceruledge
|move|p2a: The Truth Reigns|Swords Dance|p2a: The Truth Reigns
|-boost|p2a: The Truth Reigns|atk|2
|
|upkeep
|
|t:|1760438834
|switch|p1a: Sweeper|Hydrapple, M|100/100
|-damage|p1a: Sweeper|88/100|[from] Stealth Rock
|turn|23
|
|t:|1760438842
|move|p1a: Sweeper|Hydro Pump|p2a: The Truth Reigns
|-supereffective|p2a: The Truth Reigns
|-damage|p2a: The Truth Reigns|25/100
|move|p2a: The Truth Reigns|Knock Off|p1a: Sweeper
|-damage|p1a: Sweeper|21/100
|-enditem|p1a: Sweeper|Choice Band|[from] move: Knock Off|[of] p2a: The Truth Reigns
|
|upkeep
|turn|24
|
|t:|1760438858
|move|p1a: Sweeper|Hydro Pump|p2a: The Truth Reigns
|-supereffective|p2a: The Truth Reigns
|-damage|p2a: The Truth Reigns|0 fnt
|faint|p2a: The Truth Reigns
|
|upkeep
|
|t:|1760438863
|switch|p2a: Baferdédéga|Flygon, M|86/100
|turn|25
|
|t:|1760438869
|move|p2a: Baferdédéga|U-turn|p1a: Sweeper
|-supereffective|p1a: Sweeper
|-damage|p1a: Sweeper|0 fnt
|faint|p1a: Sweeper
|
|t:|1760438877
|switch|p2a: j'pezdanlgame|Bronzong|72/100|[from] U-turn
|
|-heal|p2a: j'pezdanlgame|78/100|[from] item: Leftovers
|upkeep
|inactive|aryan.w has 120 seconds left.
|
|t:|1760438889
|switch|p1a: Sekiro|Kingambit, M|100/100
|-damage|p1a: Sekiro|94/100|[from] Stealth Rock
|-activate|p1a: Sekiro|ability: Supreme Overlord
|-start|p1a: Sekiro|fallen4|[silent]
|turn|26
|inactive|aryan.w has 120 seconds left.
|
|t:|1760438896
|move|p1a: Sekiro|Kowtow Cleave|p2a: j'pezdanlgame
|-supereffective|p2a: j'pezdanlgame
|-damage|p2a: j'pezdanlgame|0 fnt
|faint|p2a: j'pezdanlgame
|
|-heal|p1a: Sekiro|100/100|[from] item: Leftovers
|upkeep
|
|t:|1760438901
|switch|p2a: Yvan Cornet|Tauros-Paldea-Aqua, M|100/100
|-ability|p2a: Yvan Cornet|Intimidate|boost
|-unboost|p1a: Sekiro|atk|1
|turn|27
|inactive|aryan.w has 120 seconds left.
|
|t:|1760438935
|-end|p1a: Sekiro|fallen4|[silent]
|switch|p1a: Thick|Iron Hands, tera:Ice|46/100
|-damage|p1a: Thick|21/100|[from] Stealth Rock
|move|p2a: Yvan Cornet|Close Combat|p1a: Thick
|-supereffective|p1a: Thick
|-damage|p1a: Thick|0 fnt
|-unboost|p2a: Yvan Cornet|def|1
|-unboost|p2a: Yvan Cornet|spd|1
|faint|p1a: Thick
|-end|p1a: Thick|Quark Drive|[silent]
|
|upkeep
|
|t:|1760438945
|switch|p1a: Sekiro|Kingambit, M|100/100
|-damage|p1a: Sekiro|94/100|[from] Stealth Rock
|-activate|p1a: Sekiro|ability: Supreme Overlord
|-start|p1a: Sekiro|fallen5|[silent]
|turn|28
|
|t:|1760438956
|switch|p2a: 6G Flashback|Vaporeon, M|100/100
|move|p1a: Sekiro|Poison Jab|p2a: 6G Flashback
|-damage|p2a: 6G Flashback|73/100
|
|-heal|p1a: Sekiro|100/100|[from] item: Leftovers
|upkeep
|turn|29
|
|t:|1760438971
|move|p1a: Sekiro|Iron Head|p2a: 6G Flashback
|-resisted|p2a: 6G Flashback
|-damage|p2a: 6G Flashback|53/100
|move|p2a: 6G Flashback|Scald|p1a: Sekiro
|-damage|p1a: Sekiro|69/100
|
|-heal|p1a: Sekiro|75/100|[from] item: Leftovers
|upkeep
|turn|30
|
|t:|1760438980
|move|p1a: Sekiro|Kowtow Cleave|p2a: 6G Flashback
|-crit|p2a: 6G Flashback
|-damage|p2a: 6G Flashback|0 fnt
|faint|p2a: 6G Flashback
|
|-heal|p1a: Sekiro|81/100|[from] item: Leftovers
|upkeep
|
|t:|1760438983
|switch|p2a: Yvan Cornet|Tauros-Paldea-Aqua, M|100/100
|-ability|p2a: Yvan Cornet|Intimidate|boost
|-unboost|p1a: Sekiro|atk|1
|turn|31
|inactive|aryan.w has 120 seconds left.
|
|t:|1760438991
|move|p2a: Yvan Cornet|Close Combat|p1a: Sekiro
|-supereffective|p1a: Sekiro
|-damage|p1a: Sekiro|0 fnt
|-unboost|p2a: Yvan Cornet|def|1
|-unboost|p2a: Yvan Cornet|spd|1
|faint|p1a: Sekiro
|-end|p1a: Sekiro|fallen5|[silent]
|
|win|Mithyk Noob
|raw|aryan.w's rating: 1107 &rarr; <strong>1083</strong><br />(-24 for losing)
|raw|Mithyk Noob's rating: 1127 &rarr; <strong>1151</strong><br />(+24 for winning)
|l|☆aryan.w
|player|p1|
|j|☆aryan.w
|player|p1|aryan.w|alder|
|l|☆aryan.w
|player|p1|
|l|☆Mithyk Noob
|player|p2|
