|j|☆ArionSerwind
|j|☆OddSketchy
|t:|1760380447
|gametype|singles
|player|p1|ArionSerwind|silver|1324
|player|p2|OddSketchy|265|1371
|gen|9
|tier|[Gen 9] OU
|rated|
|rule|HP Percentage Mod: HP is shown in percentages
|rule|Endless Battle Clause: Forcing endless battles is banned
|rule|Species Clause: Limit one of each Pokémon
|rule|OHKO Clause: OHKO moves are banned
|rule|Evasion Items Clause: Evasion items are banned
|rule|Evasion Moves Clause: Evasion moves are banned
|rule|Evasion Abilities Clause: Evasion abilities are banned
|rule|Sleep Moves Clause: Sleep-inducing moves are banned
|clearpoke
|poke|p1|Goodra, M|
|poke|p1|Bisharp, M|
|poke|p1|Dragonite, M|
|poke|p1|Heatran, F|
|poke|p1|Rotom-Wash|
|poke|p1|Iron Valiant|
|poke|p2|Garchomp, F|
|poke|p2|Iron Crown|
|poke|p2|Kingambit, M|
|poke|p2|Ninetales-Alola, M|
|poke|p2|Okidogi, M|
|poke|p2|Sinistcha-Masterpiece|
|teampreview
|
|t:|1760380459
|teamsize|p1|6
|teamsize|p2|6
|start
|switch|p1a: Heatran|Heatran, F|100/100
|switch|p2a: Garchomp|Garchomp, F|100/100
|-item|p1a: Heatran|Air Balloon
|turn|1
|
|t:|1760380467
|move|p1a: Heatran|Will-O-Wisp|p2a: Garchomp
|-status|p2a: Garchomp|brn
|move|p2a: Garchomp|Dragon Tail|p1a: Heatran|[miss]
|-miss|p2a: Garchomp|p1a: Heatran
|
|-damage|p2a: Garchomp|94/100 brn|[from] brn
|upkeep
|turn|2
|
|t:|1760380474
|move|p2a: Garchomp|Stealth Rock|p1a: Heatran
|-sidestart|p1: ArionSerwind|move: Stealth Rock
|move|p1a: Heatran|Stealth Rock|p2a: Garchomp
|-sidestart|p2: OddSketchy|move: Stealth Rock
|
|-damage|p2a: Garchomp|88/100 brn|[from] brn
|upkeep
|turn|3
|
|t:|1760380478
|move|p1a: Heatran|Flash Cannon|p2a: Garchomp
|-damage|p2a: Garchomp|53/100 brn
|move|p2a: Garchomp|Dragon Tail|p1a: Heatran
|-resisted|p1a: Heatran
|-damage|p1a: Heatran|95/100
|-enditem|p1a: Heatran|Air Balloon
|drag|p1a: Iron Valiant|Iron Valiant, shiny|100/100
|-damage|p1a: Iron Valiant|94/100|[from] Stealth Rock
|-enditem|p1a: Iron Valiant|Booster Energy
|-activate|p1a: Iron Valiant|ability: Quark Drive|[fromitem]
|-start|p1a: Iron Valiant|quarkdrivespe
|
|-damage|p2a: Garchomp|46/100 brn|[from] brn
|upkeep
|turn|4
|
|t:|1760380495
|switch|p2a: Iron Crown|Iron Crown|100/100
|-damage|p2a: Iron Crown|94/100|[from] Stealth Rock
|-enditem|p2a: Iron Crown|Booster Energy
|-activate|p2a: Iron Crown|ability: Quark Drive|[fromitem]
|-start|p2a: Iron Crown|quarkdrivespe
|move|p1a: Iron Valiant|Swords Dance|p1a: Iron Valiant
|-boost|p1a: Iron Valiant|atk|2
|
|upkeep
|turn|5
|
|t:|1760380506
|move|p1a: Iron Valiant|Drain Punch|p2a: Iron Crown
|-damage|p2a: Iron Crown|19/100
|-heal|p1a: Iron Valiant|100/100|[from] drain|[of] p2a: Iron Crown
|move|p2a: Iron Crown|Tachyon Cutter|p1a: Iron Valiant
|-supereffective|p1a: Iron Valiant
|-damage|p1a: Iron Valiant|11/100
|-supereffective|p1a: Iron Valiant
|-damage|p1a: Iron Valiant|0 fnt
|faint|p1a: Iron Valiant
|-end|p1a: Iron Valiant|Quark Drive|[silent]
|-hitcount|p1: Iron Valiant|2
|
|upkeep
|
|t:|1760380519
|switch|p1a: Goodra|Goodra, M, shiny|100/100
|-damage|p1a: Goodra|88/100|[from] Stealth Rock
|turn|6
|
|t:|1760380527
|move|p2a: Iron Crown|Psyshock|p1a: Goodra
|-damage|p1a: Goodra|50/100
|move|p1a: Goodra|Scald|p2a: Iron Crown
|-damage|p2a: Iron Crown|0 fnt
|faint|p2a: Iron Crown
|-end|p2a: Iron Crown|Quark Drive|[silent]
|
|-heal|p1a: Goodra|57/100|[from] item: Leftovers
|upkeep
|inactive|Battle timer is ON: inactive players will automatically lose when time's up. (requested by ArionSerwind)
|
|t:|1760380553
|switch|p2a: Ninetales|Ninetales-Alola, M, shiny|100/100
|-damage|p2a: Ninetales|76/100|[from] Stealth Rock
|-weather|Snowscape|[from] ability: Snow Warning|[of] p2a: Ninetales
|turn|7
|
|t:|1760380556
|move|p2a: Ninetales|Aurora Veil|p2a: Ninetales
|-sidestart|p2: OddSketchy|move: Aurora Veil
|move|p1a: Goodra|Toxic|p2a: Ninetales
|-status|p2a: Ninetales|tox
|
|-weather|Snowscape|[upkeep]
|-heal|p1a: Goodra|63/100|[from] item: Leftovers
|-damage|p2a: Ninetales|70/100 tox|[from] psn
|upkeep
|turn|8
|
|t:|1760380562
|move|p2a: Ninetales|Encore|p1a: Goodra
|-start|p1a: Goodra|Encore
|move|p1a: Goodra|Toxic|p2a: Ninetales
|-fail|p2a: Ninetales|tox
|
|-weather|Snowscape|[upkeep]
|-heal|p1a: Goodra|69/100|[from] item: Leftovers
|-damage|p2a: Ninetales|58/100 tox|[from] psn
|upkeep
|turn|9
|
|t:|1760380575
|switch|p2a: Kingambit|Kingambit, M|100/100
|-damage|p2a: Kingambit|94/100|[from] Stealth Rock
|-activate|p2a: Kingambit|ability: Supreme Overlord
|-start|p2a: Kingambit|fallen1|[silent]
|switch|p1a: Heatran|Heatran, F|95/100
|-damage|p1a: Heatran|82/100|[from] Stealth Rock
|
|-weather|Snowscape|[upkeep]
|upkeep
|turn|10
|
|t:|1760380590
|-end|p2a: Kingambit|fallen1|[silent]
|switch|p2a: Garchomp|Garchomp, F|46/100 brn
|-damage|p2a: Garchomp|40/100 brn|[from] Stealth Rock
|move|p1a: Heatran|Will-O-Wisp|p2a: Garchomp
|-fail|p2a: Garchomp|brn
|
|-weather|Snowscape|[upkeep]
|-damage|p2a: Garchomp|34/100 brn|[from] brn
|upkeep
|turn|11
|
|t:|1760380598
|move|p2a: Garchomp|Earthquake|p1a: Heatran
|-supereffective|p1a: Heatran
|-damage|p1a: Heatran|6/100
|move|p1a: Heatran|Flash Cannon|p2a: Garchomp
|-damage|p2a: Garchomp|19/100 brn
|-unboost|p2a: Garchomp|spd|1
|
|-weather|none
|-damage|p2a: Garchomp|13/100 brn|[from] brn
|upkeep
|turn|12
|
|t:|1760380605
|move|p1a: Heatran|Flash Cannon|p2a: Garchomp
|-damage|p2a: Garchomp|0 fnt
|faint|p2a: Garchomp
|
|upkeep
|inactive|OddSketchy has 120 seconds left.
|
|t:|1760380642
|switch|p2a: Kingambit|Kingambit, M|94/100
|-damage|p2a: Kingambit|88/100|[from] Stealth Rock
|-activate|p2a: Kingambit|ability: Supreme Overlord
|-start|p2a: Kingambit|fallen2|[silent]
|turn|13
|inactive|OddSketchy has 120 seconds left.
|
|t:|1760380653
|-terastallize|p2a: Kingambit|Flying
|move|p1a: Heatran|Will-O-Wisp|p2a: Kingambit
|-status|p2a: Kingambit|brn
|move|p2a: Kingambit|Kowtow Cleave|p1a: Heatran
|-damage|p1a: Heatran|0 fnt
|faint|p1a: Heatran
|
|-damage|p2a: Kingambit|82/100 brn|[from] brn
|upkeep
|
|t:|1760380661
|switch|p1a: Rotom|Rotom-Wash|100/100
|-damage|p1a: Rotom|88/100|[from] Stealth Rock
|turn|14
|
|t:|1760380668
|-end|p2a: Kingambit|fallen2|[silent]
|switch|p2a: Sinistcha|Sinistcha-Masterpiece|100/100
|-damage|p2a: Sinistcha|88/100|[from] Stealth Rock
|move|p1a: Rotom|Trick|p2a: Sinistcha
|-activate|p1a: Rotom|move: Trick|[of] p2a: Sinistcha
|-item|p2a: Sinistcha|Choice Specs|[from] move: Trick
|-item|p1a: Rotom|Weakness Policy|[from] move: Trick
|
|-sideend|p2: OddSketchy|move: Aurora Veil
|upkeep
|turn|15
|
|t:|1760380680
|move|p1a: Rotom|Volt Switch|p2a: Sinistcha
|-resisted|p2a: Sinistcha
|-damage|p2a: Sinistcha|69/100
|
|t:|1760380683
|switch|p1a: Bisharp|Bisharp, M, shiny|100/100|[from] Volt Switch
|-damage|p1a: Bisharp|95/100|[from] Stealth Rock
|move|p2a: Sinistcha|Matcha Gotcha|p1a: Bisharp
|-resisted|p1a: Bisharp
|-damage|p1a: Bisharp|68/100
|-heal|p2a: Sinistcha|83/100|[from] drain|[of] p1a: Bisharp
|
|upkeep
|turn|16
|
|t:|1760380697
|switch|p2a: Okidogi|Okidogi, M|100/100
|-damage|p2a: Okidogi|95/100|[from] Stealth Rock
|move|p1a: Bisharp|Swords Dance|p1a: Bisharp
|-boost|p1a: Bisharp|atk|2
|
|upkeep
|turn|17
|
|t:|1760380705
|move|p1a: Bisharp|Sucker Punch|p2a: Okidogi
|-resisted|p2a: Okidogi
|-damage|p2a: Okidogi|61/100
|move|p2a: Okidogi|Drain Punch|p1a: Bisharp
|-supereffective|p1a: Bisharp
|-damage|p1a: Bisharp|0 fnt
|-heal|p2a: Okidogi|92/100|[from] drain|[of] p1a: Bisharp
|faint|p1a: Bisharp
|
|upkeep
|
|t:|1760380711
|switch|p1a: Dragonite|Dragonite, M|100/100
|-damage|p1a: Dragonite|76/100|[from] Stealth Rock
|turn|18
|
|t:|1760380723
|switch|p2a: Sinistcha|Sinistcha-Masterpiece|83/100
|-damage|p2a: Sinistcha|71/100|[from] Stealth Rock
|move|p1a: Dragonite|Dragon Dance|p1a: Dragonite
|-boost|p1a: Dragonite|atk|1
|-boost|p1a: Dragonite|spe|1
|
|-heal|p1a: Dragonite|82/100|[from] item: Leftovers
|upkeep
|turn|19
|
|t:|1760380731
|move|p1a: Dragonite|Roost|p1a: Dragonite
|-heal|p1a: Dragonite|100/100
|-singleturn|p1a: Dragonite|move: Roost
|move|p2a: Sinistcha|Strength Sap|p1a: Dragonite
|-unboost|p1a: Dragonite|atk|1
|-heal|p2a: Sinistcha|100/100
|
|upkeep
|turn|20
|
|t:|1760380744
|switch|p1a: Goodra|Goodra, M, shiny|69/100
|-damage|p1a: Goodra|57/100|[from] Stealth Rock
|switch|p2a: Ninetales|Ninetales-Alola, M, shiny|58/100 tox
|-damage|p2a: Ninetales|33/100 tox|[from] Stealth Rock
|-weather|Snowscape|[from] ability: Snow Warning|[of] p2a: Ninetales
|
|-weather|Snowscape|[upkeep]
|-heal|p1a: Goodra|63/100|[from] item: Leftovers
|-damage|p2a: Ninetales|27/100 tox|[from] psn
|upkeep
|turn|21
|
|t:|1760380758
|move|p2a: Ninetales|Aurora Veil|p2a: Ninetales
|-sidestart|p2: OddSketchy|move: Aurora Veil
|move|p1a: Goodra|Scald|p2a: Ninetales
|-damage|p2a: Ninetales|17/100 tox
|
|-weather|Snowscape|[upkeep]
|-heal|p1a: Goodra|69/100|[from] item: Leftovers
|-damage|p2a: Ninetales|5/100 tox|[from] psn
|upkeep
|turn|22
|
|t:|1760380771
|move|p2a: Ninetales|Encore|p1a: Goodra
|-start|p1a: Goodra|Encore
|move|p1a: Goodra|Scald|p2a: Ninetales
|-damage|p2a: Ninetales|0 fnt
|faint|p2a: Ninetales
|
|-weather|Snowscape|[upkeep]
|-heal|p1a: Goodra|75/100|[from] item: Leftovers
|upkeep
|
|t:|1760380784
|switch|p2a: Sinistcha|Sinistcha-Masterpiece|100/100
|-damage|p2a: Sinistcha|88/100|[from] Stealth Rock
|turn|23
|
|t:|1760380792
|move|p1a: Goodra|Scald|p2a: Sinistcha
|-resisted|p2a: Sinistcha
|-damage|p2a: Sinistcha|81/100
|-status|p2a: Sinistcha|brn
|move|p2a: Sinistcha|Matcha Gotcha|p1a: Goodra
|-resisted|p1a: Goodra
|-damage|p1a: Goodra|59/100
|-heal|p2a: Sinistcha|90/100 brn|[from] drain|[of] p1a: Goodra
|
|-weather|Snowscape|[upkeep]
|-heal|p1a: Goodra|65/100|[from] item: Leftovers
|-damage|p2a: Sinistcha|87/100 brn|[from] brn
|upkeep
|turn|24
|
|t:|1760380804
|move|p1a: Goodra|Scald|p2a: Sinistcha
|-resisted|p2a: Sinistcha
|-damage|p2a: Sinistcha|80/100 brn
|move|p2a: Sinistcha|Matcha Gotcha|p1a: Goodra|[miss]
|-miss|p2a: Sinistcha|p1a: Goodra
|
|-weather|none
|-heal|p1a: Goodra|72/100|[from] item: Leftovers
|-damage|p2a: Sinistcha|76/100 brn|[from] brn
|-end|p1a: Goodra|Encore
|upkeep
|turn|25
|
|t:|1760380818
|move|p1a: Goodra|Draco Meteor|p2a: Sinistcha
|-damage|p2a: Sinistcha|47/100 brn
|-unboost|p1a: Goodra|spa|2
|move|p2a: Sinistcha|Matcha Gotcha|p1a: Goodra
|-resisted|p1a: Goodra
|-damage|p1a: Goodra|56/100
|-heal|p2a: Sinistcha|55/100 brn|[from] drain|[of] p1a: Goodra
|
|-heal|p1a: Goodra|62/100|[from] item: Leftovers
|-damage|p2a: Sinistcha|52/100 brn|[from] brn
|upkeep
|turn|26
|
|t:|1760380829
|switch|p1a: Dragonite|Dragonite, M|100/100
|-damage|p1a: Dragonite|76/100|[from] Stealth Rock
|move|p2a: Sinistcha|Matcha Gotcha|p1a: Dragonite
|-resisted|p1a: Dragonite
|-damage|p1a: Dragonite|62/100
|-heal|p2a: Sinistcha|59/100 brn|[from] drain|[of] p1a: Dragonite
|
|-heal|p1a: Dragonite|68/100|[from] item: Leftovers
|-damage|p2a: Sinistcha|56/100 brn|[from] brn
|upkeep
|turn|27
|
|t:|1760380847
|move|p1a: Dragonite|Dragon Dance|p1a: Dragonite
|-boost|p1a: Dragonite|atk|1
|-boost|p1a: Dragonite|spe|1
|move|p2a: Sinistcha|Matcha Gotcha|p1a: Dragonite
|-resisted|p1a: Dragonite
|-damage|p1a: Dragonite|55/100
|-heal|p2a: Sinistcha|63/100 brn|[from] drain|[of] p1a: Dragonite
|
|-heal|p1a: Dragonite|61/100|[from] item: Leftovers
|-damage|p2a: Sinistcha|60/100 brn|[from] brn
|upkeep
|turn|28
|
|t:|1760380859
|move|p1a: Dragonite|Dragon Dance|p1a: Dragonite
|-boost|p1a: Dragonite|atk|1
|-boost|p1a: Dragonite|spe|1
|move|p2a: Sinistcha|Matcha Gotcha|p1a: Dragonite
|-resisted|p1a: Dragonite
|-damage|p1a: Dragonite|47/100
|-heal|p2a: Sinistcha|67/100 brn|[from] drain|[of] p1a: Dragonite
|
|-heal|p1a: Dragonite|53/100|[from] item: Leftovers
|-damage|p2a: Sinistcha|64/100 brn|[from] brn
|-sideend|p2: OddSketchy|move: Aurora Veil
|upkeep
|turn|29
|
|t:|1760380869
|move|p1a: Dragonite|Dragon Claw|p2a: Sinistcha
|-damage|p2a: Sinistcha|0 fnt
|faint|p2a: Sinistcha
|
|-heal|p1a: Dragonite|59/100|[from] item: Leftovers
|upkeep
|
|t:|1760380878
|switch|p2a: Okidogi|Okidogi, M|92/100
|-damage|p2a: Okidogi|86/100|[from] Stealth Rock
|turn|30
|
|t:|1760380895
|move|p1a: Dragonite|Earthquake|p2a: Okidogi
|-supereffective|p2a: Okidogi
|-damage|p2a: Okidogi|0 fnt
|faint|p2a: Okidogi
|
|-heal|p1a: Dragonite|66/100|[from] item: Leftovers
|upkeep
|
|t:|1760380905
|switch|p2a: Kingambit|Kingambit, M, tera:Flying|82/100 brn
|-damage|p2a: Kingambit|57/100 brn|[from] Stealth Rock
|-activate|p2a: Kingambit|ability: Supreme Overlord
|-start|p2a: Kingambit|fallen5|[silent]
|turn|31
|
|t:|1760380928
|move|p1a: Dragonite|Dragon Claw|p2a: Kingambit
|-damage|p2a: Kingambit|0 fnt
|faint|p2a: Kingambit
|-end|p2a: Kingambit|fallen5|[silent]
|
|win|ArionSerwind
|raw|ArionSerwind's rating: 1324 &rarr; <strong>1347</strong><br />(+23 for winning)
|raw|OddSketchy's rating: 1371 &rarr; <strong>1348</strong><br />(-23 for losing)
|l|☆OddSketchy
|player|p2|
|l|☆ArionSerwind
|player|p1|
