|j|☆jamosb test
|j|☆suaiaj
|t:|1760357984
|gametype|singles
|player|p1|jamosb test|2|1436
|player|p2|suaiaj|steven|1473
|gen|9
|tier|[Gen 9] OU
|rated|
|rule|HP Percentage Mod: HP is shown in percentages
|rule|Endless Battle Clause: Forcing endless battles is banned
|rule|Species Clause: Limit one of each Pokémon
|rule|OHKO Clause: OHKO moves are banned
|rule|Evasion Items Clause: Evasion items are banned
|rule|Evasion Moves Clause: Evasion moves are banned
|rule|Evasion Abilities Clause: Evasion abilities are banned
|rule|Sleep Moves Clause: Sleep-inducing moves are banned
|clearpoke
|poke|p1|Rillaboom, M|
|poke|p1|Okidogi, M|
|poke|p1|Zamazenta-*|
|poke|p1|Iron Treads|
|poke|p1|Clefable, F|
|poke|p1|Walking Wake|
|poke|p2|Raging Bolt|
|poke|p2|Dragonite, F|
|poke|p2|Kingambit, F|
|poke|p2|Cinderace, M|
|poke|p2|Landorus-Therian, M|
|poke|p2|Scizor, M|
|teampreview
|inactive|Battle timer is ON: inactive players will automatically lose when time's up. (requested by jamosb test)
|
|t:|1760357998
|teamsize|p1|6
|teamsize|p2|6
|start
|switch|p1a: Okidogi|Okidogi, M|100/100
|switch|p2a: Landorus|Landorus-Therian, M|100/100
|-ability|p2a: Landorus|Intimidate|boost
|-unboost|p1a: Okidogi|atk|1
|turn|1
|
|t:|1760358018
|switch|p1a: Rillaboom|Rillaboom, M|100/100
|-fieldstart|move: Grassy Terrain|[from] ability: Grassy Surge|[of] p1a: Rillaboom
|move|p2a: Landorus|Earthquake|p1a: Rillaboom
|-resisted|p1a: Rillaboom
|-damage|p1a: Rillaboom|87/100
|
|-heal|p1a: Rillaboom|93/100|[from] Grassy Terrain
|upkeep
|turn|2
|
|t:|1760358030
|switch|p2a: Scizor|Scizor, M|100/100
|move|p1a: Rillaboom|Knock Off|p2a: Scizor
|-damage|p2a: Scizor|64/100
|-enditem|p2a: Scizor|Metal Coat|[from] move: Knock Off|[of] p1a: Rillaboom
|
|-heal|p1a: Rillaboom|99/100|[from] Grassy Terrain
|-heal|p2a: Scizor|70/100|[from] Grassy Terrain
|upkeep
|turn|3
|
|t:|1760358041
|switch|p1a: Okidogi|Okidogi, M|100/100
|move|p2a: Scizor|Swords Dance|p2a: Scizor
|-boost|p2a: Scizor|atk|2
|
|-heal|p2a: Scizor|76/100|[from] Grassy Terrain
|upkeep
|turn|4
|
|t:|1760358050
|move|p1a: Okidogi|Bulk Up|p1a: Okidogi
|-boost|p1a: Okidogi|atk|1
|-boost|p1a: Okidogi|def|1
|move|p2a: Scizor|Dual Wingbeat|p1a: Okidogi
|-supereffective|p1a: Okidogi
|-damage|p1a: Okidogi|48/100
|-supereffective|p1a: Okidogi
|-damage|p1a: Okidogi|0 fnt
|faint|p1a: Okidogi
|-hitcount|p1: Okidogi|2
|
|-heal|p2a: Scizor|82/100|[from] Grassy Terrain
|upkeep
|
|t:|1760358059
|switch|p1a: Walking Wake|Walking Wake|100/100
|turn|5
|
|t:|1760358068
|-terastallize|p2a: Scizor|Water
|move|p1a: Walking Wake|Flamethrower|p2a: Scizor
|-resisted|p2a: Scizor
|-damage|p2a: Scizor|50/100
|move|p2a: Scizor|Dual Wingbeat|p1a: Walking Wake
|-damage|p1a: Walking Wake|47/100
|-damage|p1a: Walking Wake|0 fnt
|faint|p1a: Walking Wake
|-end|p1a: Walking Wake|Protosynthesis|[silent]
|-hitcount|p1: Walking Wake|2
|
|-heal|p2a: Scizor|57/100|[from] Grassy Terrain
|upkeep
|
|t:|1760358089
|switch|p1a: Rillaboom|Rillaboom, M|99/100
|turn|6
|
|t:|1760358104
|switch|p2a: Cinderace|Cinderace, M|100/100
|move|p1a: Rillaboom|Wood Hammer|p2a: Cinderace
|-resisted|p2a: Cinderace
|-damage|p2a: Cinderace|44/100
|-damage|p1a: Rillaboom|84/100|[from] Recoil
|
|-heal|p2a: Cinderace|50/100|[from] Grassy Terrain
|-heal|p1a: Rillaboom|91/100|[from] Grassy Terrain
|upkeep
|turn|7
|inactive|jamosb test has 120 seconds left.
|
|t:|1760358148
|switch|p1a: Zamazenta|Zamazenta|100/100
|-ability|p1a: Zamazenta|Dauntless Shield|boost
|-boost|p1a: Zamazenta|def|1
|move|p2a: Cinderace|Pyro Ball|p1a: Zamazenta
|-damage|p1a: Zamazenta|60/100
|-damage|p2a: Cinderace|40/100|[from] item: Life Orb
|
|-heal|p1a: Zamazenta|66/100|[from] Grassy Terrain
|-heal|p1a: Zamazenta|72/100|[from] item: Leftovers
|-heal|p2a: Cinderace|46/100|[from] Grassy Terrain
|upkeep
|turn|8
|
|t:|1760358166
|switch|p2a: Raging Bolt|Raging Bolt|100/100
|-enditem|p2a: Raging Bolt|Booster Energy
|-activate|p2a: Raging Bolt|ability: Protosynthesis|[fromitem]
|-start|p2a: Raging Bolt|protosynthesisspa
|move|p1a: Zamazenta|Iron Defense|p1a: Zamazenta
|-boost|p1a: Zamazenta|def|2
|
|-heal|p1a: Zamazenta|78/100|[from] Grassy Terrain
|-heal|p1a: Zamazenta|84/100|[from] item: Leftovers
|-fieldend|move: Grassy Terrain
|upkeep
|turn|9
|
|t:|1760358183
|move|p1a: Zamazenta|Body Press|p2a: Raging Bolt
|-damage|p2a: Raging Bolt|21/100
|move|p2a: Raging Bolt|Draco Meteor|p1a: Zamazenta
|-damage|p1a: Zamazenta|0 fnt
|-unboost|p2a: Raging Bolt|spa|2
|faint|p1a: Zamazenta
|
|upkeep
|inactive|jamosb test has 120 seconds left.
|
|t:|1760358194
|switch|p1a: Clefable|Clefable, F|100/100
|turn|10
|
|t:|1760358201
|move|p2a: Raging Bolt|Calm Mind|p2a: Raging Bolt
|-boost|p2a: Raging Bolt|spa|1
|-boost|p2a: Raging Bolt|spd|1
|move|p1a: Clefable|Calm Mind|p1a: Clefable
|-boost|p1a: Clefable|spa|1
|-boost|p1a: Clefable|spd|1
|
|upkeep
|turn|11
|
|t:|1760358212
|-end|p2a: Raging Bolt|Protosynthesis|[silent]
|switch|p2a: Scizor|Scizor, M, tera:Water|57/100
|move|p1a: Clefable|Moonblast|p2a: Scizor
|-damage|p2a: Scizor|0 fnt
|faint|p2a: Scizor
|
|upkeep
|
|t:|1760358220
|switch|p2a: Kingambit|Kingambit, F|100/100
|-activate|p2a: Kingambit|ability: Supreme Overlord
|-start|p2a: Kingambit|fallen1|[silent]
|turn|12
|
|t:|1760358225
|move|p1a: Clefable|Thunder Wave|p2a: Kingambit
|-status|p2a: Kingambit|par
|move|p2a: Kingambit|Iron Head|p1a: Clefable
|-supereffective|p1a: Clefable
|-damage|p1a: Clefable|1/100
|-damage|p2a: Kingambit|91/100 par|[from] item: Life Orb
|
|-heal|p1a: Clefable|7/100|[from] item: Leftovers
|upkeep
|turn|13
|
|t:|1760358235
|-terastallize|p1a: Clefable|Water
|move|p1a: Clefable|Moonlight|p1a: Clefable
|-heal|p1a: Clefable|57/100
|cant|p2a: Kingambit|par
|
|-heal|p1a: Clefable|63/100|[from] item: Leftovers
|upkeep
|turn|14
|
|t:|1760358249
|move|p1a: Clefable|Moonblast|p2a: Kingambit
|-damage|p2a: Kingambit|46/100 par
|-unboost|p2a: Kingambit|spa|1
|move|p2a: Kingambit|Zen Headbutt|p1a: Clefable|[miss]
|-miss|p2a: Kingambit|p1a: Clefable
|
|-heal|p1a: Clefable|69/100|[from] item: Leftovers
|upkeep
|turn|15
|
|t:|1760358259
|move|p2a: Kingambit|Sucker Punch|p1a: Clefable
|-damage|p1a: Clefable|24/100
|-damage|p2a: Kingambit|36/100 par|[from] item: Life Orb
|move|p1a: Clefable|Moonblast|p2a: Kingambit
|-damage|p2a: Kingambit|0 fnt
|faint|p2a: Kingambit
|-end|p2a: Kingambit|fallen1|[silent]
|
|-heal|p1a: Clefable|30/100|[from] item: Leftovers
|upkeep
|
|t:|1760358273
|switch|p2a: Dragonite|Dragonite, F|100/100
|turn|16
|
|t:|1760358279
|move|p2a: Dragonite|Dragon Dance|p2a: Dragonite
|-boost|p2a: Dragonite|atk|1
|-boost|p2a: Dragonite|spe|1
|move|p1a: Clefable|Moonlight|p1a: Clefable
|-heal|p1a: Clefable|80/100
|
|-heal|p1a: Clefable|86/100|[from] item: Leftovers
|upkeep
|turn|17
|
|t:|1760358289
|move|p2a: Dragonite|Dragon Claw|p1a: Clefable
|-damage|p1a: Clefable|29/100
|move|p1a: Clefable|Thunder Wave|p2a: Dragonite
|-status|p2a: Dragonite|par
|
|-heal|p1a: Clefable|35/100|[from] item: Leftovers
|upkeep
|turn|18
|
|t:|1760358301
|move|p2a: Dragonite|Dragon Claw|p1a: Clefable
|-damage|p1a: Clefable|0 fnt
|faint|p1a: Clefable
|
|upkeep
|
|t:|1760358306
|switch|p1a: Iron Treads|Iron Treads|100/100
|turn|19
|
|t:|1760358314
|move|p1a: Iron Treads|Rapid Spin|p2a: Dragonite
|-damage|p2a: Dragonite|94/100 par
|-boost|p1a: Iron Treads|spe|1
|move|p2a: Dragonite|Earthquake|p1a: Iron Treads
|-supereffective|p1a: Iron Treads
|-damage|p1a: Iron Treads|13/100
|
|-heal|p1a: Iron Treads|19/100|[from] item: Leftovers
|upkeep
|turn|20
|
|t:|1760358324
|-end|p1a: Iron Treads|Quark Drive|[silent]
|switch|p1a: Rillaboom|Rillaboom, M|91/100
|-fieldstart|move: Grassy Terrain|[from] ability: Grassy Surge|[of] p1a: Rillaboom
|move|p2a: Dragonite|Extreme Speed|p1a: Rillaboom
|-damage|p1a: Rillaboom|44/100
|
|-heal|p1a: Rillaboom|50/100|[from] Grassy Terrain
|upkeep
|turn|21
|
|t:|1760358335
|cant|p2a: Dragonite|par
|move|p1a: Rillaboom|Knock Off|p2a: Dragonite
|-damage|p2a: Dragonite|52/100 par
|-enditem|p2a: Dragonite|Weakness Policy|[from] move: Knock Off|[of] p1a: Rillaboom
|
|-heal|p1a: Rillaboom|56/100|[from] Grassy Terrain
|upkeep
|turn|22
|
|t:|1760358346
|move|p2a: Dragonite|Extreme Speed|p1a: Rillaboom
|-damage|p1a: Rillaboom|10/100
|move|p1a: Rillaboom|Wood Hammer|p2a: Dragonite
|-resisted|p2a: Dragonite
|-damage|p2a: Dragonite|28/100 par
|-damage|p1a: Rillaboom|4/100|[from] Recoil
|
|-heal|p1a: Rillaboom|10/100|[from] Grassy Terrain
|upkeep
|turn|23
|
|t:|1760358358
|move|p2a: Dragonite|Extreme Speed|p1a: Rillaboom
|-damage|p1a: Rillaboom|0 fnt
|faint|p1a: Rillaboom
|
|upkeep
|
|t:|1760358360
|switch|p1a: Iron Treads|Iron Treads|19/100
|turn|24
|
|t:|1760358366
|cant|p2a: Dragonite|par
|move|p1a: Iron Treads|Knock Off|p2a: Dragonite
|-crit|p2a: Dragonite
|-damage|p2a: Dragonite|0 fnt
|faint|p2a: Dragonite
|
|-heal|p1a: Iron Treads|25/100|[from] Grassy Terrain
|-heal|p1a: Iron Treads|31/100|[from] item: Leftovers
|upkeep
|
|t:|1760358376
|switch|p2a: Landorus|Landorus-Therian, M|100/100
|-ability|p2a: Landorus|Intimidate|boost
|-unboost|p1a: Iron Treads|atk|1
|turn|25
|-message|jamosb test forfeited.
|
|win|suaiaj
|raw|jamosb test's rating: 1436 &rarr; <strong>1418</strong><br />(-18 for losing)
|raw|suaiaj's rating: 1473 &rarr; <strong>1491</strong><br />(+18 for winning)
|l|☆jamosb test
|player|p1|
|l|☆suaiaj
|player|p2|
