|j|☆elpets
|j|☆jemaisjepa
|t:|1760361968
|gametype|singles
|player|p1|elpets|infielder|1746
|player|p2|jemaisjepa|marlon|1831
|gen|9
|tier|[Gen 9] OU
|rated|
|rule|HP Percentage Mod: HP is shown in percentages
|rule|Endless Battle Clause: Forcing endless battles is banned
|rule|Species Clause: Limit one of each Pokémon
|rule|OHKO Clause: OHKO moves are banned
|rule|Evasion Items Clause: Evasion items are banned
|rule|Evasion Moves Clause: Evasion moves are banned
|rule|Evasion Abilities Clause: Evasion abilities are banned
|rule|Sleep Moves Clause: Sleep-inducing moves are banned
|clearpoke
|poke|p1|Hatterene, F|
|poke|p1|Dragonite, F|
|poke|p1|Breloom, F|
|poke|p1|Azumarill, F|
|poke|p1|Great Tusk|
|poke|p1|Skeledirge, F|
|poke|p2|Weezing-Galar, F|
|poke|p2|Alomomola, F|
|poke|p2|Dragonite, M|
|poke|p2|Great Tusk|
|poke|p2|Zamazenta-*|
|poke|p2|Ogerpon-Wellspring, F|
|teampreview
|inactive|Battle timer is ON: inactive players will automatically lose when time's up. (requested by jemaisjepa)
|inactive|jemaisjepa has 120 seconds left.
|inactive|jemaisjepa has 90 seconds left.
|
|t:|1760362034
|teamsize|p1|6
|teamsize|p2|6
|start
|switch|p1a: Hatterene|Hatterene, F|100/100
|switch|p2a: Alomomola|Alomomola, F, shiny|100/100
|turn|1
|
|t:|1760362044
|move|p2a: Alomomola|Body Slam|p1a: Hatterene
|-damage|p1a: Hatterene|84/100
|move|p1a: Hatterene|Trick Room|p1a: Hatterene
|-fieldstart|move: Trick Room|[of] p1a: Hatterene
|
|-heal|p1a: Hatterene|89/100|[from] item: Leftovers
|upkeep
|turn|2
|
|t:|1760362054
|switch|p1a: Azumarill|Azumarill, F|100/100
|move|p2a: Alomomola|Flip Turn|p1a: Azumarill
|-resisted|p1a: Azumarill
|-damage|p1a: Azumarill|92/100
|
|t:|1760362061
|switch|p2a: Weezing|Weezing-Galar, F, shiny|100/100|[from] Flip Turn
|-ability|p2a: Weezing|Neutralizing Gas
|
|upkeep
|turn|3
|
|t:|1760362069
|move|p1a: Azumarill|Knock Off|p2a: Weezing
|-resisted|p2a: Weezing
|-damage|p2a: Weezing|93/100
|-enditem|p2a: Weezing|Heavy-Duty Boots|[from] move: Knock Off|[of] p1a: Azumarill
|move|p2a: Weezing|Sludge Bomb|p1a: Azumarill
|-supereffective|p1a: Azumarill
|-damage|p1a: Azumarill|56/100
|
|upkeep
|turn|4
|
|t:|1760362077
|move|p1a: Azumarill|Liquidation|p2a: Weezing
|-damage|p2a: Weezing|77/100
|move|p2a: Weezing|Will-O-Wisp|p1a: Azumarill
|-status|p1a: Azumarill|brn
|
|-damage|p1a: Azumarill|50/100 brn|[from] brn
|upkeep
|turn|5
|
|t:|1760362085
|-end|p2a: Weezing|ability: Neutralizing Gas
|switch|p2a: Ogerpon|Ogerpon-Wellspring, F|100/100
|move|p1a: Azumarill|Knock Off|p2a: Ogerpon
|-damage|p2a: Ogerpon|84/100
|
|-damage|p1a: Azumarill|44/100 brn|[from] brn
|-fieldend|move: Trick Room
|upkeep
|turn|6
|
|t:|1760362090
|move|p2a: Ogerpon|Ivy Cudgel|p1a: Azumarill|[anim] Ivy Cudgel Water
|-resisted|p1a: Azumarill
|-damage|p1a: Azumarill|14/100 brn
|move|p1a: Azumarill|Play Rough|p2a: Ogerpon
|-damage|p2a: Ogerpon|49/100
|
|-damage|p1a: Azumarill|8/100 brn|[from] brn
|upkeep
|turn|7
|
|t:|1760362095
|move|p2a: Ogerpon|Ivy Cudgel|p1a: Azumarill|[anim] Ivy Cudgel Water
|-resisted|p1a: Azumarill
|-damage|p1a: Azumarill|0 fnt
|faint|p1a: Azumarill
|
|upkeep
|
|t:|1760362096
|switch|p1a: Dragonite|Dragonite, F|100/100
|turn|8
|
|t:|1760362098
|move|p2a: Ogerpon|U-turn|p1a: Dragonite
|-resisted|p1a: Dragonite
|-damage|p1a: Dragonite|92/100
|
|t:|1760362102
|switch|p2a: Dragonite|Dragonite, M, shiny|100/100|[from] U-turn
|move|p1a: Dragonite|Dragon Dance|p1a: Dragonite
|-boost|p1a: Dragonite|atk|1
|-boost|p1a: Dragonite|spe|1
|
|upkeep
|turn|9
|
|t:|1760362105
|move|p1a: Dragonite|Outrage|p2a: Dragonite
|-supereffective|p2a: Dragonite
|-damage|p2a: Dragonite|9/100
|move|p2a: Dragonite|Dragon Tail|p1a: Dragonite
|-supereffective|p1a: Dragonite
|-damage|p1a: Dragonite|11/100
|drag|p1a: Skeledirge|Skeledirge, F|100/100
|
|upkeep
|turn|10
|
|t:|1760362116
|move|p2a: Dragonite|Extreme Speed|p1a: Skeledirge
|-immune|p1a: Skeledirge
|move|p1a: Skeledirge|Torch Song|p2a: Dragonite
|-resisted|p2a: Dragonite
|-damage|p2a: Dragonite|0 fnt
|-boost|p1a: Skeledirge|spa|1
|faint|p2a: Dragonite
|
|upkeep
|
|t:|1760362119
|switch|p2a: Ogerpon|Ogerpon-Wellspring, F|49/100
|turn|11
|
|t:|1760362123
|-terastallize|p1a: Skeledirge|Water
|move|p2a: Ogerpon|Ivy Cudgel|p1a: Skeledirge|[anim] Ivy Cudgel Water
|-resisted|p1a: Skeledirge
|-damage|p1a: Skeledirge|82/100
|move|p1a: Skeledirge|Torch Song|p2a: Ogerpon
|-damage|p2a: Ogerpon|0 fnt
|-boost|p1a: Skeledirge|spa|1
|faint|p2a: Ogerpon
|
|upkeep
|
|t:|1760362127
|switch|p2a: Zamazenta|Zamazenta, shiny|100/100
|-ability|p2a: Zamazenta|Dauntless Shield|boost
|-boost|p2a: Zamazenta|def|1
|turn|12
|j| But The Government
|l| But The Government
|
|t:|1760362140
|-terastallize|p2a: Zamazenta|Fighting
|move|p2a: Zamazenta|Close Combat|p1a: Skeledirge
|-damage|p1a: Skeledirge|9/100
|-unboost|p2a: Zamazenta|def|1
|-unboost|p2a: Zamazenta|spd|1
|move|p1a: Skeledirge|Slack Off|p1a: Skeledirge
|-heal|p1a: Skeledirge|59/100
|
|upkeep
|turn|13
|
|t:|1760362146
|switch|p1a: Hatterene|Hatterene, F|89/100
|move|p2a: Zamazenta|Close Combat|p1a: Hatterene
|-resisted|p1a: Hatterene
|-damage|p1a: Hatterene|57/100
|-unboost|p2a: Zamazenta|def|1
|-unboost|p2a: Zamazenta|spd|1
|
|-heal|p1a: Hatterene|63/100|[from] item: Leftovers
|upkeep
|turn|14
|
|t:|1760362152
|switch|p2a: Alomomola|Alomomola, F, shiny|100/100
|move|p1a: Hatterene|Psyshock|p2a: Alomomola
|-damage|p2a: Alomomola|69/100
|
|-heal|p1a: Hatterene|69/100|[from] item: Leftovers
|upkeep
|turn|15
|
|t:|1760362160
|switch|p1a: Dragonite|Dragonite, F|11/100
|move|p2a: Alomomola|Body Slam|p1a: Dragonite
|-damage|p1a: Dragonite|0 fnt
|faint|p1a: Dragonite
|
|upkeep
|
|t:|1760362166
|switch|p1a: Great Tusk|Great Tusk|100/100
|-enditem|p1a: Great Tusk|Booster Energy
|-activate|p1a: Great Tusk|ability: Protosynthesis|[fromitem]
|-start|p1a: Great Tusk|protosynthesisatk
|turn|16
|
|t:|1760362172
|move|p1a: Great Tusk|Rapid Spin|p2a: Alomomola
|-damage|p2a: Alomomola|55/100
|-boost|p1a: Great Tusk|spe|1
|move|p2a: Alomomola|Flip Turn|p1a: Great Tusk
|-supereffective|p1a: Great Tusk
|-damage|p1a: Great Tusk|76/100
|
|t:|1760362179
|switch|p2a: Great Tusk|Great Tusk|100/100|[from] Flip Turn
|-enditem|p2a: Great Tusk|Booster Energy
|-activate|p2a: Great Tusk|ability: Protosynthesis|[fromitem]
|-start|p2a: Great Tusk|protosynthesisatk
|
|upkeep
|turn|17
|
|t:|1760362187
|move|p1a: Great Tusk|Ice Spinner|p2a: Great Tusk
|-supereffective|p2a: Great Tusk
|-damage|p2a: Great Tusk|44/100
|move|p2a: Great Tusk|Headlong Rush|p1a: Great Tusk
|-damage|p1a: Great Tusk|15/100
|-unboost|p2a: Great Tusk|def|1
|-unboost|p2a: Great Tusk|spd|1
|
|upkeep
|turn|18
|
|t:|1760362193
|-end|p2a: Great Tusk|Protosynthesis|[silent]
|switch|p2a: Alomomola|Alomomola, F, shiny|89/100
|move|p1a: Great Tusk|Headlong Rush|p2a: Alomomola
|-damage|p2a: Alomomola|36/100
|-unboost|p1a: Great Tusk|def|1
|-unboost|p1a: Great Tusk|spd|1
|
|upkeep
|turn|19
|
|t:|1760362199
|switch|p2a: Great Tusk|Great Tusk|44/100
|move|p1a: Great Tusk|Headlong Rush|p2a: Great Tusk
|-damage|p2a: Great Tusk|0 fnt
|-unboost|p1a: Great Tusk|def|1
|-unboost|p1a: Great Tusk|spd|1
|faint|p2a: Great Tusk
|-end|p2a: Great Tusk|Protosynthesis|[silent]
|
|upkeep
|
|t:|1760362201
|switch|p2a: Alomomola|Alomomola, F, shiny|69/100
|turn|20
|
|t:|1760362212
|move|p1a: Great Tusk|Supercell Slam|p2a: Alomomola
|-supereffective|p2a: Alomomola
|-damage|p2a: Alomomola|10/100
|move|p2a: Alomomola|Flip Turn|p1a: Great Tusk
|-supereffective|p1a: Great Tusk
|-damage|p1a: Great Tusk|0 fnt
|faint|p1a: Great Tusk
|-end|p1a: Great Tusk|Protosynthesis|[silent]
|
|t:|1760362218
|switch|p2a: Zamazenta|Zamazenta, shiny, tera:Fighting|100/100|[from] Flip Turn
|
|upkeep
|
|t:|1760362220
|switch|p1a: Hatterene|Hatterene, F|69/100
|turn|21
|
|t:|1760362225
|move|p2a: Zamazenta|Heavy Slam|p1a: Hatterene
|-supereffective|p1a: Hatterene
|-damage|p1a: Hatterene|0 fnt
|faint|p1a: Hatterene
|
|upkeep
|
|t:|1760362228
|switch|p1a: Skeledirge|Skeledirge, F, tera:Water|59/100
|turn|22
|
|t:|1760362232
|switch|p2a: Weezing|Weezing-Galar, F, shiny|77/100
|-ability|p2a: Weezing|Neutralizing Gas
|move|p1a: Skeledirge|Torch Song|p2a: Weezing
|-damage|p2a: Weezing|38/100
|-boost|p1a: Skeledirge|spa|1
|
|upkeep
|turn|23
|
|t:|1760362238
|move|p1a: Skeledirge|Torch Song|p2a: Weezing
|-damage|p2a: Weezing|0 fnt
|-boost|p1a: Skeledirge|spa|1
|faint|p2a: Weezing
|-end|p2a: Weezing|ability: Neutralizing Gas
|
|upkeep
|
|t:|1760362241
|switch|p2a: Zamazenta|Zamazenta, shiny, tera:Fighting|100/100
|turn|24
|
|t:|1760362243
|move|p2a: Zamazenta|Close Combat|p1a: Skeledirge
|-damage|p1a: Skeledirge|0 fnt
|-unboost|p2a: Zamazenta|def|1
|-unboost|p2a: Zamazenta|spd|1
|faint|p1a: Skeledirge
|
|upkeep
|
|t:|1760362245
|switch|p1a: Ippo|Breloom, F|100/100
|turn|25
|
|t:|1760362253
|move|p2a: Zamazenta|Close Combat|p1a: Ippo
|-enditem|p1a: Ippo|Focus Sash
|-damage|p1a: Ippo|1/100
|-unboost|p2a: Zamazenta|def|1
|-unboost|p2a: Zamazenta|spd|1
|move|p1a: Ippo|Bullet Seed|p2a: Zamazenta
|-damage|p2a: Zamazenta|64/100
|-damage|p2a: Zamazenta|22/100
|-hitcount|p2a: Zamazenta|2
|
|upkeep
|turn|26
|
|t:|1760362258
|switch|p2a: Alomomola|Alomomola, F, shiny|44/100
|move|p1a: Ippo|Mach Punch|p2a: Alomomola
|-damage|p2a: Alomomola|23/100
|
|upkeep
|turn|27
|
|t:|1760362263
|move|p1a: Ippo|Bullet Seed|p2a: Alomomola
|-supereffective|p2a: Alomomola
|-damage|p2a: Alomomola|0 fnt
|faint|p2a: Alomomola
|-hitcount|p2: Alomomola|1
|
|upkeep
|
|t:|1760362264
|switch|p2a: Zamazenta|Zamazenta, shiny, tera:Fighting|22/100
|turn|28
|
|t:|1760362266
|move|p1a: Ippo|Mach Punch|p2a: Zamazenta
|-damage|p2a: Zamazenta|0 fnt
|faint|p2a: Zamazenta
|
|win|elpets
|raw|elpets's rating: 1746 &rarr; <strong>1771</strong><br />(+25 for winning)
|raw|jemaisjepa's rating: 1831 &rarr; <strong>1806</strong><br />(-25 for losing)
|l|☆elpets
|player|p1|
|l|☆jemaisjepa
|player|p2|
