|j|☆CC Foot Soldier
|j|☆OehtWasHere
|t:|1760381631
|gametype|singles
|player|p1|CC Foot Soldier|waiter-gen4|1729
|player|p2|OehtWasHere|chase|1721
|gen|9
|tier|[Gen 9] OU
|rated|
|rule|HP Percentage Mod: HP is shown in percentages
|rule|Endless Battle Clause: Forcing endless battles is banned
|rule|Species Clause: Limit one of each Pokémon
|rule|OHKO Clause: OHKO moves are banned
|rule|Evasion Items Clause: Evasion items are banned
|rule|Evasion Moves Clause: Evasion moves are banned
|rule|Evasion Abilities Clause: Evasion abilities are banned
|rule|Sleep Moves Clause: Sleep-inducing moves are banned
|clearpoke
|poke|p1|Kyurem|
|poke|p1|Ninetales-Alola, F|
|poke|p1|Hatterene, F|
|poke|p1|Alomomola, F|
|poke|p1|Maushold|
|poke|p1|Scizor, F|
|poke|p2|Ninetales-Alola, F|
|poke|p2|Dragonite, F|
|poke|p2|Ceruledge, F|
|poke|p2|Great Tusk|
|poke|p2|Glimmora, F|
|poke|p2|Hatterene, F|
|teampreview
|inactive|Battle timer is ON: inactive players will automatically lose when time's up. (requested by OehtWasHere)
|c|☆CC Foot Soldier|hf
|inactive|CC Foot Soldier has 120 seconds left.
|
|t:|1760381664
|teamsize|p1|6
|teamsize|p2|6
|start
|switch|p1a: Hatterene|Hatterene, F|100/100
|switch|p2a: Ceruledge|Ceruledge, F|100/100
|turn|1
|
|t:|1760381671
|move|p2a: Ceruledge|Bulk Up|p2a: Ceruledge
|-boost|p2a: Ceruledge|atk|1
|-boost|p2a: Ceruledge|def|1
|move|p1a: Hatterene|Psychic Noise|p2a: Ceruledge
|-damage|p2a: Ceruledge|47/100
|
|upkeep
|turn|2
|j| pacmanz
|j| Jimmy Powka
|
|t:|1760381679
|move|p2a: Ceruledge|Bitter Blade|p1a: Hatterene
|-damage|p1a: Hatterene|14/100
|-heal|p2a: Ceruledge|92/100|[from] drain|[of] p1a: Hatterene
|move|p1a: Hatterene|Psychic Noise|p2a: Ceruledge
|-damage|p2a: Ceruledge|40/100
|
|upkeep
|turn|3
|
|t:|1760381687
|move|p2a: Ceruledge|Bitter Blade|p1a: Hatterene
|-damage|p1a: Hatterene|0 fnt
|-heal|p2a: Ceruledge|46/100|[from] drain|[of] p1a: Hatterene
|faint|p1a: Hatterene
|
|upkeep
|
|t:|1760381705
|switch|p1a: Alomomola|Alomomola, F|100/100
|turn|4
|
|t:|1760381717
|move|p2a: Ceruledge|Bitter Blade|p1a: Alomomola
|-resisted|p1a: Alomomola
|-damage|p1a: Alomomola|77/100
|-heal|p2a: Ceruledge|65/100|[from] drain|[of] p1a: Alomomola
|move|p1a: Alomomola|Scald|p2a: Ceruledge
|-supereffective|p2a: Ceruledge
|-damage|p2a: Ceruledge|32/100
|
|upkeep
|turn|5
|
|t:|1760381725
|move|p2a: Ceruledge|Bitter Blade|p1a: Alomomola
|-resisted|p1a: Alomomola
|-damage|p1a: Alomomola|54/100
|-heal|p2a: Ceruledge|50/100|[from] drain|[of] p1a: Alomomola
|move|p1a: Alomomola|Flip Turn|p2a: Ceruledge
|-supereffective|p2a: Ceruledge
|-damage|p2a: Ceruledge|22/100
|
|t:|1760381735
|switch|p1a: Maushold|Maushold|100/100|[from] Flip Turn
|
|upkeep
|turn|6
|
|t:|1760381739
|move|p1a: Maushold|Bite|p2a: Ceruledge
|-supereffective|p2a: Ceruledge
|-damage|p2a: Ceruledge|0 fnt
|faint|p2a: Ceruledge
|
|upkeep
|
|t:|1760381741
|switch|p2a: Glimmora|Glimmora, F|100/100
|turn|7
|
|t:|1760381747
|move|p1a: Maushold|Tidy Up|p1a: Maushold
|-boost|p1a: Maushold|atk|1
|-boost|p1a: Maushold|spe|1
|move|p2a: Glimmora|Meteor Beam||[still]
|-prepare|p2a: Glimmora|Meteor Beam
|-boost|p2a: Glimmora|spa|1
|-enditem|p2a: Glimmora|Power Herb
|-anim|p2a: Glimmora|Meteor Beam|p1a: Maushold
|-damage|p1a: Maushold|0 fnt
|faint|p1a: Maushold
|
|upkeep
|
|t:|1760381764
|switch|p1a: Scizor|Scizor, F|100/100
|turn|8
|
|t:|1760381767
|move|p2a: Glimmora|Stealth Rock|p1a: Scizor
|-sidestart|p1: CC Foot Soldier|move: Stealth Rock
|move|p1a: Scizor|Swords Dance|p1a: Scizor
|-boost|p1a: Scizor|atk|2
|
|upkeep
|turn|9
|
|t:|1760381771
|move|p1a: Scizor|Bullet Punch|p2a: Glimmora
|-supereffective|p2a: Glimmora
|-damage|p2a: Glimmora|0 fnt
|-activate|p2a: Glimmora|ability: Toxic Debris
|-sidestart|p1: CC Foot Soldier|move: Toxic Spikes
|faint|p2a: Glimmora
|
|upkeep
|
|t:|1760381777
|switch|p2a: Dragonite|Dragonite, F|100/100
|turn|10
|
|t:|1760381786
|-terastallize|p1a: Scizor|Steel
|move|p1a: Scizor|Bullet Punch|p2a: Dragonite
|-damage|p2a: Dragonite|45/100
|move|p2a: Dragonite|Dragon Dance|p2a: Dragonite
|-boost|p2a: Dragonite|atk|1
|-boost|p2a: Dragonite|spe|1
|
|upkeep
|turn|11
|
|t:|1760381808
|move|p1a: Scizor|Bullet Punch|p2a: Dragonite
|-damage|p2a: Dragonite|0 fnt
|faint|p2a: Dragonite
|
|upkeep
|
|t:|1760381811
|switch|p2a: Hatterene|Hatterene, F|100/100
|turn|12
|
|t:|1760381814
|-terastallize|p2a: Hatterene|Water
|move|p1a: Scizor|Bullet Punch|p2a: Hatterene
|-resisted|p2a: Hatterene
|-damage|p2a: Hatterene|58/100
|move|p2a: Hatterene|Mystical Fire|p1a: Scizor
|-supereffective|p1a: Scizor
|-damage|p1a: Scizor|38/100
|-unboost|p1a: Scizor|spa|1
|
|-heal|p2a: Hatterene|64/100|[from] item: Leftovers
|upkeep
|turn|13
|
|t:|1760381825
|move|p1a: Scizor|Close Combat|p2a: Hatterene
|-damage|p2a: Hatterene|0 fnt
|-unboost|p1a: Scizor|def|1
|-unboost|p1a: Scizor|spd|1
|faint|p2a: Hatterene
|
|upkeep
|
|t:|1760381827
|switch|p2a: Great Tusk|Great Tusk|100/100
|-enditem|p2a: Great Tusk|Booster Energy
|-activate|p2a: Great Tusk|ability: Protosynthesis|[fromitem]
|-start|p2a: Great Tusk|protosynthesisspe
|turn|14
|
|t:|1760381834
|move|p1a: Scizor|Bullet Punch|p2a: Great Tusk
|-damage|p2a: Great Tusk|34/100
|move|p2a: Great Tusk|Earthquake|p1a: Scizor
|-supereffective|p1a: Scizor
|-damage|p1a: Scizor|0 fnt
|faint|p1a: Scizor
|
|upkeep
|
|t:|1760381856
|switch|p1a: Kyurem|Kyurem|100/100
|-damage|p1a: Kyurem|76/100|[from] Stealth Rock
|-status|p1a: Kyurem|psn
|-ability|p1a: Kyurem|Pressure
|turn|15
|
|t:|1760381861
|move|p2a: Great Tusk|Earthquake|p1a: Kyurem
|-damage|p1a: Kyurem|37/100 psn
|move|p1a: Kyurem|Icicle Spear|p2a: Great Tusk
|-supereffective|p2a: Great Tusk
|-damage|p2a: Great Tusk|16/100
|-supereffective|p2a: Great Tusk
|-crit|p2a: Great Tusk
|-damage|p2a: Great Tusk|0 fnt
|faint|p2a: Great Tusk
|-end|p2a: Great Tusk|Protosynthesis|[silent]
|-hitcount|p2: Great Tusk|2
|
|-damage|p1a: Kyurem|25/100 psn|[from] psn
|upkeep
|
|t:|1760381872
|switch|p2a: Ninetales|Ninetales-Alola, F|100/100
|-weather|Snowscape|[from] ability: Snow Warning|[of] p2a: Ninetales
|turn|16
|
|t:|1760381881
|move|p2a: Ninetales|Aurora Veil|p2a: Ninetales
|-sidestart|p2: OehtWasHere|move: Aurora Veil
|move|p1a: Kyurem|Dragon Dance|p1a: Kyurem
|-boost|p1a: Kyurem|atk|1
|-boost|p1a: Kyurem|spe|1
|
|-weather|Snowscape|[upkeep]
|-damage|p1a: Kyurem|13/100 psn|[from] psn
|upkeep
|turn|17
|
|t:|1760381888
|move|p1a: Kyurem|Icicle Spear|p2a: Ninetales
|-resisted|p2a: Ninetales
|-damage|p2a: Ninetales|96/100
|-resisted|p2a: Ninetales
|-damage|p2a: Ninetales|92/100
|-resisted|p2a: Ninetales
|-damage|p2a: Ninetales|88/100
|-resisted|p2a: Ninetales
|-damage|p2a: Ninetales|84/100
|-resisted|p2a: Ninetales
|-damage|p2a: Ninetales|80/100
|-hitcount|p2a: Ninetales|5
|move|p2a: Ninetales|Freeze-Dry|p1a: Kyurem
|-damage|p1a: Kyurem|0 fnt
|faint|p1a: Kyurem
|
|-weather|Snowscape|[upkeep]
|upkeep
|
|t:|1760381903
|switch|p1a: Ninetales|Ninetales-Alola, F|100/100
|-damage|p1a: Ninetales|76/100|[from] Stealth Rock
|-status|p1a: Ninetales|psn
|turn|18
|
|t:|1760381914
|move|p2a: Ninetales|Freeze-Dry|p1a: Ninetales
|-resisted|p1a: Ninetales
|-damage|p1a: Ninetales|65/100 psn
|move|p1a: Ninetales|Freeze-Dry|p2a: Ninetales
|-resisted|p2a: Ninetales
|-crit|p2a: Ninetales
|-damage|p2a: Ninetales|64/100
|
|-weather|Snowscape|[upkeep]
|-damage|p1a: Ninetales|53/100 psn|[from] psn
|upkeep
|turn|19
|
|t:|1760381922
|move|p2a: Ninetales|Freeze-Dry|p1a: Ninetales
|-resisted|p1a: Ninetales
|-damage|p1a: Ninetales|44/100 psn
|move|p1a: Ninetales|Freeze-Dry|p2a: Ninetales
|-resisted|p2a: Ninetales
|-damage|p2a: Ninetales|60/100
|
|-weather|Snowscape|[upkeep]
|-damage|p1a: Ninetales|31/100 psn|[from] psn
|upkeep
|turn|20
|
|t:|1760381930
|move|p1a: Ninetales|Freeze-Dry|p2a: Ninetales
|-resisted|p2a: Ninetales
|-damage|p2a: Ninetales|55/100
|move|p2a: Ninetales|Freeze-Dry|p1a: Ninetales
|-resisted|p1a: Ninetales
|-damage|p1a: Ninetales|22/100 psn
|
|-weather|none
|-damage|p1a: Ninetales|10/100 psn|[from] psn
|upkeep
|turn|21
|c|☆CC Foot Soldier|gg wp
|
|t:|1760381939
|move|p1a: Ninetales|Freeze-Dry|p2a: Ninetales
|-resisted|p2a: Ninetales
|-damage|p2a: Ninetales|50/100
|move|p2a: Ninetales|Freeze-Dry|p1a: Ninetales
|-resisted|p1a: Ninetales
|-damage|p1a: Ninetales|0 fnt
|faint|p1a: Ninetales
|
|upkeep
|
|t:|1760381945
|switch|p1a: Alomomola|Alomomola, F|88/100
|-damage|p1a: Alomomola|75/100|[from] Stealth Rock
|-status|p1a: Alomomola|psn
|turn|22
|
|t:|1760381951
|move|p2a: Ninetales|Freeze-Dry|p1a: Alomomola
|-supereffective|p1a: Alomomola
|-damage|p1a: Alomomola|51/100 psn
|move|p1a: Alomomola|Mirror Coat|p2a: Ninetales
|-damage|p2a: Ninetales|0 fnt
|faint|p2a: Ninetales
|
|win|CC Foot Soldier
|raw|CC Foot Soldier's rating: 1729 &rarr; <strong>1749</strong><br />(+20 for winning)
|raw|OehtWasHere's rating: 1721 &rarr; <strong>1701</strong><br />(-20 for losing)
|l|☆OehtWasHere
|player|p2|
|l|☆CC Foot Soldier
|player|p1|
|l| pacmanz
|l| Jimmy Powka
