|j|☆bruhitsjoe14
|j|☆hannah borshun
|t:|1760416012
|gametype|singles
|player|p1|bruhitsjoe14|acetrainerf|1186
|player|p2|hannah borshun|iris-gen5bw2|1165
|gen|9
|tier|[Gen 9] OU
|rated|
|rule|HP Percentage Mod: HP is shown in percentages
|rule|Endless Battle Clause: Forcing endless battles is banned
|rule|Species Clause: Limit one of each Pokémon
|rule|OHKO Clause: OHKO moves are banned
|rule|Evasion Items Clause: Evasion items are banned
|rule|Evasion Moves Clause: Evasion moves are banned
|rule|Evasion Abilities Clause: Evasion abilities are banned
|rule|Sleep Moves Clause: Sleep-inducing moves are banned
|clearpoke
|poke|p1|Hippowdon, F|
|poke|p1|Excadrill, F|
|poke|p1|Great Tusk|
|poke|p1|Gliscor, F|
|poke|p1|Ting-Lu|
|poke|p1|Clodsire, F|
|poke|p2|Ditto|
|poke|p2|Latias, F|
|poke|p2|Overqwil, F|
|poke|p2|Araquanid, M|
|poke|p2|Mew|
|poke|p2|Polteageist|
|teampreview
|inactive|Battle timer is ON: inactive players will automatically lose when time's up. (requested by bruhitsjoe14)
|inactive|bruhitsjoe14 has 120 seconds left.
|inactive|bruhitsjoe14 has 90 seconds left.
|
|t:|1760416099
|teamsize|p1|6
|teamsize|p2|6
|start
|switch|p1a: Ting-Lu|Ting-Lu|100/100
|switch|p2a: Polteageist|Polteageist|100/100
|-ability|p1a: Ting-Lu|Vessel of Ruin
|turn|1
|
|t:|1760416110
|move|p2a: Polteageist|Shell Smash|p2a: Polteageist
|-unboost|p2a: Polteageist|def|1
|-unboost|p2a: Polteageist|spd|1
|-boost|p2a: Polteageist|atk|2
|-boost|p2a: Polteageist|spa|2
|-boost|p2a: Polteageist|spe|2
|move|p1a: Ting-Lu|Stealth Rock|p2a: Polteageist
|-sidestart|p2: hannah borshun|move: Stealth Rock
|
|upkeep
|turn|2
|
|t:|1760416118
|-terastallize|p2a: Polteageist|Fighting
|move|p1a: Ting-Lu|Endure|p1a: Ting-Lu
|-singleturn|p1a: Ting-Lu|move: Endure
|move|p2a: Polteageist|Tera Blast|p1a: Ting-Lu|[anim] Tera Blast Fighting
|-supereffective|p1a: Ting-Lu
|-damage|p1a: Ting-Lu|26/100
|-enditem|p1a: Ting-Lu|Red Card|[of] p2a: Polteageist
|drag|p2a: Latias|Latias, F|100/100
|-damage|p2a: Latias|88/100|[from] Stealth Rock
|
|-heal|p2a: Latias|94/100|[from] item: Leftovers
|upkeep
|turn|3
|
|t:|1760416131
|move|p2a: Latias|Chilling Water|p1a: Ting-Lu
|-supereffective|p1a: Ting-Lu
|-damage|p1a: Ting-Lu|15/100
|-unboost|p1a: Ting-Lu|atk|1
|move|p1a: Ting-Lu|Ruination|p2a: Latias
|-damage|p2a: Latias|47/100
|
|-heal|p2a: Latias|54/100|[from] item: Leftovers
|upkeep
|turn|4
|inactive|hannah borshun has 120 seconds left.
|
|t:|1760416170
|move|p2a: Latias|Recover|p2a: Latias
|-heal|p2a: Latias|100/100
|move|p1a: Ting-Lu|Whirlwind|p2a: Latias
|drag|p2a: Polteageist|Polteageist, tera:Fighting|100/100
|-damage|p2a: Polteageist|94/100|[from] Stealth Rock
|
|upkeep
|turn|5
|inactive|hannah borshun has 120 seconds left.
|
|t:|1760416188
|move|p2a: Polteageist|Shell Smash|p2a: Polteageist
|-unboost|p2a: Polteageist|def|1
|-unboost|p2a: Polteageist|spd|1
|-boost|p2a: Polteageist|atk|2
|-boost|p2a: Polteageist|spa|2
|-boost|p2a: Polteageist|spe|2
|move|p1a: Ting-Lu|Whirlwind|p2a: Polteageist
|drag|p2a: Overqwil|Overqwil, F|100/100
|-damage|p2a: Overqwil|88/100|[from] Stealth Rock
|-ability|p2a: Overqwil|Intimidate|boost
|-unboost|p1a: Ting-Lu|atk|1
|
|upkeep
|turn|6
|inactive|hannah borshun has 120 seconds left.
|inactive|hannah borshun has 90 seconds left.
|
|t:|1760416247
|move|p2a: Overqwil|Barb Barrage|p1a: Ting-Lu
|-resisted|p1a: Ting-Lu
|-damage|p1a: Ting-Lu|8/100
|-status|p1a: Ting-Lu|psn
|move|p1a: Ting-Lu|Whirlwind|p2a: Overqwil
|drag|p2a: Ditto|Ditto|100/100
|-damage|p2a: Ditto|88/100|[from] Stealth Rock
|-transform|p2a: Ditto|p1a: Ting-Lu|[from] ability: Imposter
|-ability|p2a: Ditto|Vessel of Ruin
|
|-damage|p1a: Ting-Lu|0 fnt|[from] psn
|faint|p1a: Ting-Lu
|upkeep
|
|t:|1760416262
|switch|p1a: Hippowdon|Hippowdon, F|100/100
|-weather|Sandstorm|[from] ability: Sand Stream|[of] p1a: Hippowdon
|turn|7
|
|t:|1760416273
|move|p1a: Hippowdon|Body Press|p2a: Ditto
|-supereffective|p2a: Ditto
|-damage|p2a: Ditto|37/100
|move|p2a: Ditto|Stealth Rock|p1a: Hippowdon
|-sidestart|p1: bruhitsjoe14|move: Stealth Rock
|
|-weather|Sandstorm|[upkeep]
|upkeep
|turn|8
|inactive|hannah borshun has 90 seconds left.
|inactive|hannah borshun has 60 seconds left.
|
|t:|1760416316
|switch|p2a: Overqwil|Overqwil, F|88/100
|-damage|p2a: Overqwil|76/100|[from] Stealth Rock
|-ability|p2a: Overqwil|Intimidate|boost
|-unboost|p1a: Hippowdon|atk|1
|move|p1a: Hippowdon|Body Press|p2a: Overqwil
|-damage|p2a: Overqwil|57/100
|-damage|p1a: Hippowdon|84/100|[from] item: Rocky Helmet|[of] p2a: Overqwil
|
|-weather|Sandstorm|[upkeep]
|-damage|p2a: Overqwil|51/100|[from] Sandstorm
|upkeep
|turn|9
|inactive|hannah borshun has 60 seconds left.
|inactive|hannah borshun has 30 seconds left.
|inactive|hannah borshun has 20 seconds left.
|inactive|hannah borshun has 15 seconds left.
|inactive|hannah borshun has 10 seconds left.
|
|t:|1760416376
|move|p2a: Overqwil|Spikes|p1a: Hippowdon
|-sidestart|p1: bruhitsjoe14|Spikes
|move|p1a: Hippowdon|Roar|p2a: Overqwil
|drag|p2a: Latias|Latias, F|100/100
|-damage|p2a: Latias|88/100|[from] Stealth Rock
|
|-weather|Sandstorm|[upkeep]
|-damage|p2a: Latias|82/100|[from] Sandstorm
|-heal|p2a: Latias|88/100|[from] item: Leftovers
|upkeep
|turn|10
|inactive|hannah borshun has 20 seconds left this turn.
|inactive|bruhitsjoe14 has 120 seconds left.
|
|t:|1760416406
|move|p2a: Latias|Chilling Water|p1a: Hippowdon
|-supereffective|p1a: Hippowdon
|-damage|p1a: Hippowdon|62/100
|-unboost|p1a: Hippowdon|atk|1
|move|p1a: Hippowdon|Roar|p2a: Latias
|drag|p2a: Polteageist|Polteageist, tera:Fighting|94/100
|-damage|p2a: Polteageist|88/100|[from] Stealth Rock
|
|-weather|Sandstorm|[upkeep]
|-damage|p2a: Polteageist|82/100|[from] Sandstorm
|upkeep
|turn|11
|inactive|hannah borshun has 30 seconds left this turn.
|inactive|bruhitsjoe14 has 120 seconds left.
|
|t:|1760416446
|move|p2a: Polteageist|Tera Blast|p1a: Hippowdon|[anim] Tera Blast Fighting
|-damage|p1a: Hippowdon|23/100
|move|p1a: Hippowdon|Roar|p2a: Polteageist
|drag|p2a: Mew|Mew|100/100
|-damage|p2a: Mew|88/100|[from] Stealth Rock
|
|-weather|Sandstorm|[upkeep]
|-damage|p2a: Mew|82/100|[from] Sandstorm
|upkeep
|turn|12
|inactive|hannah borshun has 30 seconds left.
|inactive|bruhitsjoe14 has 90 seconds left.
|inactive|hannah borshun has 20 seconds left.
|inactive|hannah borshun has 15 seconds left.
|
|t:|1760416467
|move|p2a: Mew|Psychic Fangs|p1a: Hippowdon
|-damage|p1a: Hippowdon|2/100
|move|p1a: Hippowdon|Roar|p2a: Mew
|drag|p2a: Araquanid|Araquanid, M|100/100
|-damage|p2a: Araquanid|76/100|[from] Stealth Rock
|
|-weather|Sandstorm|[upkeep]
|-damage|p2a: Araquanid|70/100|[from] Sandstorm
|upkeep
|turn|13
|inactive|hannah borshun has 25 seconds left this turn.
|inactive|hannah borshun has 20 seconds left.
|
|t:|1760416475
|move|p1a: Hippowdon|Slack Off|p1a: Hippowdon
|-heal|p1a: Hippowdon|52/100
|move|p2a: Araquanid|Leech Life|p1a: Hippowdon
|-damage|p1a: Hippowdon|32/100
|-heal|p2a: Araquanid|81/100|[from] drain|[of] p1a: Hippowdon
|
|-weather|Sandstorm|[upkeep]
|-damage|p2a: Araquanid|75/100|[from] Sandstorm
|upkeep
|turn|14
|inactive|hannah borshun has 30 seconds left this turn.
|
|t:|1760416482
|move|p1a: Hippowdon|Slack Off|p1a: Hippowdon
|-heal|p1a: Hippowdon|83/100
|move|p2a: Araquanid|Liquidation|p1a: Hippowdon
|-supereffective|p1a: Hippowdon
|-damage|p1a: Hippowdon|7/100
|
|-weather|none
|upkeep
|turn|15
|inactive|hannah borshun has 30 seconds left.
|
|t:|1760416488
|move|p1a: Hippowdon|Protect|p1a: Hippowdon
|-singleturn|p1a: Hippowdon|Protect
|move|p2a: Araquanid|Liquidation|p1a: Hippowdon
|-activate|p1a: Hippowdon|move: Protect
|
|upkeep
|turn|16
|
|t:|1760416491
|switch|p1a: Clodsire|Clodsire, F|100/100
|-damage|p1a: Clodsire|94/100|[from] Stealth Rock
|-damage|p1a: Clodsire|82/100|[from] Spikes
|move|p2a: Araquanid|Liquidation|p1a: Clodsire
|-heal|p1a: Clodsire|100/100|[from] ability: Water Absorb|[of] p2a: Araquanid
|
|upkeep
|turn|17
|inactive|bruhitsjoe14 has 120 seconds left.
|
|t:|1760416503
|switch|p2a: Latias|Latias, F|88/100
|-damage|p2a: Latias|76/100|[from] Stealth Rock
|move|p1a: Clodsire|Spikes|p2a: Latias
|-sidestart|p2: hannah borshun|Spikes
|
|-heal|p2a: Latias|82/100|[from] item: Leftovers
|upkeep
|turn|18
|inactive|hannah borshun has 30 seconds left.
|inactive|hannah borshun has 20 seconds left.
|inactive|hannah borshun has 15 seconds left.
|inactive|hannah borshun has 10 seconds left.
|inactive|hannah borshun has 5 seconds left.
|-message|hannah borshun lost due to inactivity.
|
|win|bruhitsjoe14
|raw|bruhitsjoe14's rating: 1186 &rarr; <strong>1209</strong><br />(+23 for winning)
|raw|hannah borshun's rating: 1165 &rarr; <strong>1142</strong><br />(-23 for losing)
|l|☆bruhitsjoe14
|player|p1|
|l|☆hannah borshun
|player|p2|
