|j|☆2dixjohnson
|j|☆Sepublic
|t:|1760453413
|gametype|singles
|player|p1|2dixjohnson|bertha|1367
|player|p2|Sepublic|266|1427
|gen|9
|tier|[Gen 9] OU
|rated|
|rule|HP Percentage Mod: HP is shown in percentages
|rule|Endless Battle Clause: Forcing endless battles is banned
|rule|Species Clause: Limit one of each Pokémon
|rule|OHKO Clause: OHKO moves are banned
|rule|Evasion Items Clause: Evasion items are banned
|rule|Evasion Moves Clause: Evasion moves are banned
|rule|Evasion Abilities Clause: Evasion abilities are banned
|rule|Sleep Moves Clause: Sleep-inducing moves are banned
|clearpoke
|poke|p1|Enamorus, F|
|poke|p1|Kyurem|
|poke|p1|Landorus-Therian, M|
|poke|p1|Kingambit, F|
|poke|p1|Ogerpon-Wellspring, F|
|poke|p1|Glimmora, F|
|poke|p2|Enamorus, F|
|poke|p2|Walking Wake|
|poke|p2|Landorus-Therian, M|
|poke|p2|Kingambit, F|
|poke|p2|Ogerpon-Wellspring, F|
|poke|p2|Glimmora, F|
|teampreview
|inactive|Battle timer is ON: inactive players will automatically lose when time's up. (requested by 2dixjohnson)
|c|☆Sepublic|what
|c|☆2dixjohnson|I like your team
|c|☆Sepublic|I just queued the first game with this team, just switched out kyurem
|c|☆Sepublic|lmao
|inactive|Sepublic has 120 seconds left.
|
|t:|1760453451
|teamsize|p1|6
|teamsize|p2|6
|start
|switch|p1a: Glimmora|Glimmora, F|100/100
|switch|p2a: Walking Wake|Walking Wake|100/100
|turn|1
|c|☆2dixjohnson|lol wake might be a better choice
|inactive|2dixjohnson has 120 seconds left.
|
|t:|1760453484
|switch|p1a: Ogerpon|Ogerpon-Wellspring, F|100/100
|move|p2a: Walking Wake|Draco Meteor|p1a: Ogerpon|[miss]
|-miss|p2a: Walking Wake|p1a: Ogerpon
|
|upkeep
|turn|2
|c|☆2dixjohnson|Sorry
|
|t:|1760453495
|-end|p2a: Walking Wake|Protosynthesis|[silent]
|switch|p2a: Glimmora|Glimmora, F|100/100
|switch|p1a: Enamorus|Enamorus, F|100/100
|
|upkeep
|turn|3
|
|t:|1760453504
|move|p1a: Enamorus|Earth Power|p2a: Glimmora
|-supereffective|p2a: Glimmora
|-damage|p2a: Glimmora|0 fnt
|faint|p2a: Glimmora
|
|upkeep
|
|t:|1760453532
|switch|p2a: Ogerpon|Ogerpon-Wellspring, F|100/100
|turn|4
|
|t:|1760453537
|move|p2a: Ogerpon|U-turn|p1a: Enamorus
|-resisted|p1a: Enamorus
|-damage|p1a: Enamorus|89/100
|
|t:|1760453541
|switch|p2a: Kingambit|Kingambit, F|100/100|[from] U-turn
|-activate|p2a: Kingambit|ability: Supreme Overlord
|-start|p2a: Kingambit|fallen1|[silent]
|-item|p2a: Kingambit|Air Balloon
|move|p1a: Enamorus|Superpower|p2a: Kingambit
|-supereffective|p2a: Kingambit
|-damage|p2a: Kingambit|0 fnt
|-boost|p1a: Enamorus|atk|1
|-boost|p1a: Enamorus|def|1
|-enditem|p2a: Kingambit|Air Balloon
|faint|p2a: Kingambit
|-end|p2a: Kingambit|fallen1|[silent]
|
|upkeep
|
|t:|1760453543
|switch|p2a: Walking Wake|Walking Wake|100/100
|turn|5
|
|t:|1760453548
|move|p2a: Walking Wake|Hydro Steam|p1a: Enamorus
|-damage|p1a: Enamorus|12/100
|move|p1a: Enamorus|Moonblast|p2a: Walking Wake
|-supereffective|p2a: Walking Wake
|-damage|p2a: Walking Wake|0 fnt
|faint|p2a: Walking Wake
|-end|p2a: Walking Wake|Protosynthesis|[silent]
|
|upkeep
|
|t:|1760453571
|switch|p2a: Ogerpon|Ogerpon-Wellspring, F|100/100
|turn|6
|
|t:|1760453575
|switch|p1a: Glimmora|Glimmora, F|100/100
|move|p2a: Ogerpon|U-turn|p1a: Glimmora
|-resisted|p1a: Glimmora
|-damage|p1a: Glimmora|91/100
|-activate|p1a: Glimmora|ability: Toxic Debris
|-sidestart|p2: Sepublic|move: Toxic Spikes
|-enditem|p1a: Glimmora|Red Card|[of] p2a: Ogerpon
|drag|p2a: Enamorus|Enamorus, F|100/100
|
|upkeep
|turn|7
|
|t:|1760453586
|-terastallize|p1a: Glimmora|Ghost
|move|p2a: Enamorus|Superpower|p1a: Glimmora
|-immune|p1a: Glimmora
|move|p1a: Glimmora|Power Gem|p2a: Enamorus
|-supereffective|p2a: Enamorus
|-damage|p2a: Enamorus|0 fnt
|faint|p2a: Enamorus
|
|upkeep
|-message|Sepublic forfeited.
|
|win|2dixjohnson
|raw|2dixjohnson's rating: 1367 &rarr; <strong>1390</strong><br />(+23 for winning)
|raw|Sepublic's rating: 1427 &rarr; <strong>1404</strong><br />(-23 for losing)
|l|☆Sepublic
|player|p2|
