|j|☆pepinoloko
|j|☆Sandysuit
|t:|1760447109
|gametype|singles
|player|p1|pepinoloko|palmer|1651
|player|p2|Sandysuit|266|1644
|gen|9
|tier|[Gen 9] OU
|rated|
|rule|HP Percentage Mod: HP is shown in percentages
|rule|Endless Battle Clause: Forcing endless battles is banned
|rule|Species Clause: Limit one of each Pokémon
|rule|OHKO Clause: OHKO moves are banned
|rule|Evasion Items Clause: Evasion items are banned
|rule|Evasion Moves Clause: Evasion moves are banned
|rule|Evasion Abilities Clause: Evasion abilities are banned
|rule|Sleep Moves Clause: Sleep-inducing moves are banned
|clearpoke
|poke|p1|Cinderace, M|
|poke|p1|Landorus-Therian, M|
|poke|p1|Corviknight, M|
|poke|p1|Conkeldurr, M|
|poke|p1|Tyranitar, M|
|poke|p1|Dragapult, F|
|poke|p2|Dragapult, F|
|poke|p2|Garganacl, F|
|poke|p2|Samurott-Hisui, M|
|poke|p2|Scizor, F|
|poke|p2|Weezing-Galar, M|
|poke|p2|Gholdengo|
|teampreview
|inactive|Battle timer is ON: inactive players will automatically lose when time's up. (requested by Sandysuit)
|
|t:|1760447132
|teamsize|p1|6
|teamsize|p2|6
|start
|switch|p1a: God is always good|Landorus-Therian, M|100/100
|switch|p2a: Dragapult|Dragapult, F|100/100
|-ability|p1a: God is always good|Intimidate|boost
|-fail|p2a: Dragapult|unboost|[from] ability: Clear Body|[of] p2a: Dragapult
|turn|1
|
|t:|1760447149
|move|p1a: God is always good|U-turn|p2a: Dragapult
|-resisted|p2a: Dragapult
|-crit|p2a: Dragapult
|-damage|p2a: Dragapult|73/100
|
|t:|1760447151
|switch|p1a: I AM PRESSURE|Corviknight, M|100/100|[from] U-turn
|-ability|p1a: I AM PRESSURE|Pressure
|move|p2a: Dragapult|Draco Meteor|p1a: I AM PRESSURE
|-resisted|p1a: I AM PRESSURE
|-damage|p1a: I AM PRESSURE|67/100
|-unboost|p2a: Dragapult|spa|2
|
|upkeep
|turn|2
|
|t:|1760447163
|switch|p2a: Weezing|Weezing-Galar, M|100/100
|move|p1a: I AM PRESSURE|U-turn|p2a: Weezing
|-resisted|p2a: Weezing
|-damage|p2a: Weezing|98/100
|
|t:|1760447168
|switch|p1a: I U-turn on U|Cinderace, M|100/100|[from] U-turn
|
|-heal|p2a: Weezing|100/100|[from] item: Leftovers
|upkeep
|turn|3
|
|t:|1760447193
|move|p1a: I U-turn on U|Pyro Ball|p2a: Weezing
|-damage|p2a: Weezing|61/100
|move|p2a: Weezing|Will-O-Wisp|p1a: I U-turn on U
|-immune|p1a: I U-turn on U
|
|-heal|p2a: Weezing|67/100|[from] item: Leftovers
|upkeep
|turn|4
|
|t:|1760447203
|switch|p1a: SteinBahn|Tyranitar, M, shiny|100/100
|-weather|Sandstorm|[from] ability: Sand Stream|[of] p1a: SteinBahn
|move|p2a: Weezing|Pain Split|p1a: SteinBahn
|-sethp|p1a: SteinBahn|77/100|[from] move: Pain Split|[silent]
|-sethp|p2a: Weezing|97/100|[from] move: Pain Split
|
|-weather|Sandstorm|[upkeep]
|-damage|p2a: Weezing|91/100|[from] Sandstorm
|-heal|p2a: Weezing|97/100|[from] item: Leftovers
|upkeep
|turn|5
|
|t:|1760447217
|move|p2a: Weezing|Will-O-Wisp|p1a: SteinBahn
|-status|p1a: SteinBahn|brn
|move|p1a: SteinBahn|Knock Off|p2a: Weezing
|-resisted|p2a: Weezing
|-damage|p2a: Weezing|87/100
|-enditem|p2a: Weezing|Leftovers|[from] move: Knock Off|[of] p1a: SteinBahn
|
|-weather|Sandstorm|[upkeep]
|-damage|p2a: Weezing|81/100|[from] Sandstorm
|-damage|p1a: SteinBahn|71/100 brn|[from] brn
|upkeep
|turn|6
|
|t:|1760447228
|switch|p1a: I U-turn on U|Cinderace, M|100/100
|move|p2a: Weezing|Strange Steam|p1a: I U-turn on U
|-resisted|p1a: I U-turn on U
|-damage|p1a: I U-turn on U|81/100
|-start|p1a: I U-turn on U|confusion
|
|-weather|Sandstorm|[upkeep]
|-damage|p1a: I U-turn on U|75/100|[from] Sandstorm
|-damage|p2a: Weezing|75/100|[from] Sandstorm
|upkeep
|turn|7
|
|t:|1760447239
|-activate|p1a: I U-turn on U|confusion
|move|p1a: I U-turn on U|Pyro Ball|p2a: Weezing
|-damage|p2a: Weezing|39/100
|move|p2a: Weezing|Pain Split|p1a: I U-turn on U
|-sethp|p1a: I U-turn on U|58/100|[from] move: Pain Split|[silent]
|-sethp|p2a: Weezing|54/100|[from] move: Pain Split
|
|-weather|Sandstorm|[upkeep]
|-damage|p1a: I U-turn on U|52/100|[from] Sandstorm
|-damage|p2a: Weezing|48/100|[from] Sandstorm
|upkeep
|turn|8
|
|t:|1760447249
|switch|p2a: Garganacl|Garganacl, F|100/100
|-end|p1a: I U-turn on U|confusion
|move|p1a: I U-turn on U|Pyro Ball|p2a: Garganacl
|-resisted|p2a: Garganacl
|-damage|p2a: Garganacl|80/100
|
|-weather|none
|-heal|p2a: Garganacl|87/100|[from] item: Leftovers
|upkeep
|turn|9
|
|t:|1760447259
|move|p1a: I U-turn on U|U-turn|p2a: Garganacl
|-start|p1a: I U-turn on U|typechange|Bug|[from] ability: Libero
|-crit|p2a: Garganacl
|-damage|p2a: Garganacl|51/100
|
|t:|1760447267
|switch|p1a: SteinBahn|Tyranitar, M, shiny|71/100 brn|[from] U-turn
|-weather|Sandstorm|[from] ability: Sand Stream|[of] p1a: SteinBahn
|move|p2a: Garganacl|Salt Cure|p1a: SteinBahn
|-damage|p1a: SteinBahn|60/100 brn
|-start|p1a: SteinBahn|Salt Cure
|
|-weather|Sandstorm|[upkeep]
|-heal|p2a: Garganacl|57/100|[from] item: Leftovers
|-damage|p1a: SteinBahn|54/100 brn|[from] brn
|-damage|p1a: SteinBahn|42/100 brn|[from] Salt Cure
|upkeep
|turn|10
|
|t:|1760447284
|switch|p1a: Steinbrecher|Conkeldurr, M, shiny|100/100
|move|p2a: Garganacl|Recover|p2a: Garganacl
|-heal|p2a: Garganacl|100/100
|
|-weather|Sandstorm|[upkeep]
|-damage|p1a: Steinbrecher|95/100|[from] Sandstorm
|-status|p1a: Steinbrecher|brn|[from] item: Flame Orb
|upkeep
|turn|11
|
|t:|1760447295
|-terastallize|p2a: Garganacl|Water
|move|p1a: Steinbrecher|Knock Off|p2a: Garganacl
|-damage|p2a: Garganacl|60/100
|-enditem|p2a: Garganacl|Leftovers|[from] move: Knock Off|[of] p1a: Steinbrecher
|move|p2a: Garganacl|Salt Cure|p1a: Steinbrecher
|-resisted|p1a: Steinbrecher
|-damage|p1a: Steinbrecher|87/100 brn
|-start|p1a: Steinbrecher|Salt Cure
|
|-weather|Sandstorm|[upkeep]
|-damage|p1a: Steinbrecher|81/100 brn|[from] Sandstorm
|-damage|p2a: Garganacl|54/100|[from] Sandstorm
|-damage|p1a: Steinbrecher|75/100 brn|[from] brn
|-damage|p1a: Steinbrecher|63/100 brn|[from] Salt Cure
|upkeep
|turn|12
|
|t:|1760447310
|switch|p2a: Gholdengo|Gholdengo|100/100
|move|p1a: Steinbrecher|Knock Off|p2a: Gholdengo
|-supereffective|p2a: Gholdengo
|-damage|p2a: Gholdengo|4/100
|-enditem|p2a: Gholdengo|Leftovers|[from] move: Knock Off|[of] p1a: Steinbrecher
|
|-weather|Sandstorm|[upkeep]
|-damage|p1a: Steinbrecher|57/100 brn|[from] Sandstorm
|-damage|p1a: Steinbrecher|51/100 brn|[from] brn
|-damage|p1a: Steinbrecher|39/100 brn|[from] Salt Cure
|upkeep
|turn|13
|
|t:|1760447324
|switch|p1a: SteinBahn|Tyranitar, M, shiny|42/100 brn
|move|p2a: Gholdengo|Dazzling Gleam|p1a: SteinBahn
|-supereffective|p1a: SteinBahn
|-damage|p1a: SteinBahn|25/100 brn
|
|-weather|none
|-damage|p1a: SteinBahn|19/100 brn|[from] brn
|upkeep
|turn|14
|
|t:|1760447334
|move|p2a: Gholdengo|Recover|p2a: Gholdengo
|-heal|p2a: Gholdengo|54/100
|move|p1a: SteinBahn|Earthquake|p2a: Gholdengo
|-supereffective|p2a: Gholdengo
|-damage|p2a: Gholdengo|20/100
|
|-damage|p1a: SteinBahn|12/100 brn|[from] brn
|upkeep
|turn|15
|
|t:|1760447343
|switch|p1a: I U-turn on U|Cinderace, M|52/100
|move|p2a: Gholdengo|Recover|p2a: Gholdengo
|-heal|p2a: Gholdengo|70/100
|
|upkeep
|turn|16
|
|t:|1760447352
|switch|p2a: Garganacl|Garganacl, F, tera:Water|54/100
|move|p1a: I U-turn on U|U-turn|p2a: Garganacl
|-start|p1a: I U-turn on U|typechange|Bug|[from] ability: Libero
|-damage|p2a: Garganacl|32/100
|
|t:|1760447355
|switch|p1a: Steinbrecher|Conkeldurr, M, shiny|39/100 brn|[from] U-turn
|
|-damage|p1a: Steinbrecher|33/100 brn|[from] brn
|upkeep
|turn|17
|
|t:|1760447370
|switch|p2a: Scizor|Scizor, F|100/100
|move|p1a: Steinbrecher|Close Combat|p2a: Scizor
|-damage|p2a: Scizor|0 fnt
|-unboost|p1a: Steinbrecher|def|1
|-unboost|p1a: Steinbrecher|spd|1
|faint|p2a: Scizor
|
|-damage|p1a: Steinbrecher|27/100 brn|[from] brn
|upkeep
|
|t:|1760447385
|switch|p2a: Dragapult|Dragapult, F|73/100
|turn|18
|
|t:|1760447388
|switch|p1a: SteinBahn|Tyranitar, M, shiny|12/100 brn
|-weather|Sandstorm|[from] ability: Sand Stream|[of] p1a: SteinBahn
|move|p2a: Dragapult|Shadow Ball|p1a: SteinBahn
|-resisted|p1a: SteinBahn
|-damage|p1a: SteinBahn|3/100 brn
|-unboost|p1a: SteinBahn|spd|1
|
|-weather|Sandstorm|[upkeep]
|-damage|p2a: Dragapult|67/100|[from] Sandstorm
|-damage|p1a: SteinBahn|0 fnt|[from] brn
|faint|p1a: SteinBahn
|upkeep
|
|t:|1760447391
|switch|p1a: God is always good|Landorus-Therian, M|100/100
|-ability|p1a: God is always good|Intimidate|boost
|-fail|p2a: Dragapult|unboost|[from] ability: Clear Body|[of] p2a: Dragapult
|turn|19
|
|t:|1760447411
|switch|p2a: Weezing|Weezing-Galar, M|48/100
|move|p1a: God is always good|Earthquake|p2a: Weezing
|-immune|p2a: Weezing|[from] ability: Levitate
|
|-weather|Sandstorm|[upkeep]
|-damage|p2a: Weezing|42/100|[from] Sandstorm
|upkeep
|turn|20
|
|t:|1760447430
|switch|p1a: Perhapps|Dragapult, F, shiny|100/100
|switch|p2a: Dragapult|Dragapult, F|67/100
|
|-weather|Sandstorm|[upkeep]
|-damage|p2a: Dragapult|61/100|[from] Sandstorm
|-damage|p1a: Perhapps|95/100|[from] Sandstorm
|upkeep
|turn|21
|
|t:|1760447440
|move|p2a: Dragapult|Shadow Ball|p1a: Perhapps
|-supereffective|p1a: Perhapps
|-crit|p1a: Perhapps
|-damage|p1a: Perhapps|0 fnt
|faint|p1a: Perhapps
|
|-weather|Sandstorm|[upkeep]
|-damage|p2a: Dragapult|55/100|[from] Sandstorm
|upkeep
|
|t:|1760447444
|switch|p1a: God is always good|Landorus-Therian, M|100/100
|-ability|p1a: God is always good|Intimidate|boost
|-fail|p2a: Dragapult|unboost|[from] ability: Clear Body|[of] p2a: Dragapult
|turn|22
|c|☆Sandysuit|Lucky me, unfort
|
|t:|1760447452
|move|p1a: God is always good|U-turn|p2a: Dragapult
|-resisted|p2a: Dragapult
|-damage|p2a: Dragapult|38/100
|-message|pepinoloko forfeited.
|
|win|Sandysuit
|raw|pepinoloko's rating: 1651 &rarr; <strong>1631</strong><br />(-20 for losing)
|raw|Sandysuit's rating: 1644 &rarr; <strong>1664</strong><br />(+20 for winning)
|l|☆pepinoloko
|player|p1|
|l|☆Sandysuit
|player|p2|
