|j|☆luck is skilll
|j|☆DIGIWAYNE123
|t:|1760365617
|gametype|singles
|player|p1|luck is skilll|266|1525
|player|p2|DIGIWAYNE123|swimmerf-gen4|1571
|gen|9
|tier|[Gen 9] OU
|rated|
|rule|HP Percentage Mod: HP is shown in percentages
|rule|Endless Battle Clause: Forcing endless battles is banned
|rule|Species Clause: Limit one of each Pokémon
|rule|OHKO Clause: OHKO moves are banned
|rule|Evasion Items Clause: Evasion items are banned
|rule|Evasion Moves Clause: Evasion moves are banned
|rule|Evasion Abilities Clause: Evasion abilities are banned
|rule|Sleep Moves Clause: Sleep-inducing moves are banned
|clearpoke
|poke|p1|Torkoal, F|
|poke|p1|Tinkaton, F|
|poke|p1|Great Tusk|
|poke|p1|Walking Wake|
|poke|p1|Raging Bolt|
|poke|p1|Slither Wing|
|poke|p2|Armarouge, F|
|poke|p2|Indeedee, M|
|poke|p2|Great Tusk|
|poke|p2|Hoopa-Unbound|
|poke|p2|Scream Tail|
|poke|p2|Drednaw, F|
|teampreview
|inactive|Battle timer is ON: inactive players will automatically lose when time's up. (requested by luck is skilll)
|
|t:|1760365627
|teamsize|p1|6
|teamsize|p2|6
|start
|switch|p1a: Tinkaton|Tinkaton, F|100/100
|switch|p2a: Hoopa|Hoopa-Unbound|100/100
|-ability|p1a: Tinkaton|Mold Breaker
|-item|p1a: Tinkaton|Air Balloon
|turn|1
|
|t:|1760365634
|switch|p2a: Great Tusk|Great Tusk|100/100
|-enditem|p2a: Great Tusk|Booster Energy
|-activate|p2a: Great Tusk|ability: Protosynthesis|[fromitem]
|-start|p2a: Great Tusk|protosynthesisspe
|move|p1a: Tinkaton|Stealth Rock|p2a: Great Tusk
|-sidestart|p2: DIGIWAYNE123|move: Stealth Rock
|
|upkeep
|turn|2
|
|t:|1760365641
|switch|p1a: Walking Wake|Walking Wake|100/100
|move|p2a: Great Tusk|Knock Off|p1a: Walking Wake
|-damage|p1a: Walking Wake|72/100
|-enditem|p1a: Walking Wake|Choice Specs|[from] move: Knock Off|[of] p2a: Great Tusk
|
|upkeep
|turn|3
|
|t:|1760365646
|-terastallize|p2a: Great Tusk|Grass
|move|p2a: Great Tusk|Rapid Spin|p1a: Walking Wake
|-damage|p1a: Walking Wake|56/100
|-boost|p2a: Great Tusk|spe|1
|-sideend|p2: DIGIWAYNE123|Stealth Rock|[from] move: Rapid Spin|[of] p2a: Great Tusk
|move|p1a: Walking Wake|Hydro Steam|p2a: Great Tusk
|-resisted|p2a: Great Tusk
|-damage|p2a: Great Tusk|77/100
|
|upkeep
|turn|4
|
|t:|1760365655
|-end|p1a: Walking Wake|Protosynthesis|[silent]
|switch|p1a: Slither Wing|Slither Wing|100/100
|move|p2a: Great Tusk|Knock Off|p1a: Slither Wing
|-resisted|p1a: Slither Wing
|-damage|p1a: Slither Wing|81/100
|-enditem|p1a: Slither Wing|Choice Band|[from] move: Knock Off|[of] p2a: Great Tusk
|
|upkeep
|turn|5
|
|t:|1760365658
|-end|p2a: Great Tusk|Protosynthesis|[silent]
|switch|p2a: Scream Tail|Scream Tail|100/100
|-enditem|p2a: Scream Tail|Booster Energy
|-activate|p2a: Scream Tail|ability: Protosynthesis|[fromitem]
|-start|p2a: Scream Tail|protosynthesisspe
|move|p1a: Slither Wing|U-turn|p2a: Scream Tail
|-damage|p2a: Scream Tail|71/100
|
|t:|1760365664
|-end|p1a: Slither Wing|Protosynthesis|[silent]
|switch|p1a: Torkoal|Torkoal, F|100/100|[from] U-turn
|-weather|SunnyDay|[from] ability: Drought|[of] p1a: Torkoal
|
|-weather|SunnyDay|[upkeep]
|upkeep
|turn|6
|
|t:|1760365667
|move|p2a: Scream Tail|Stealth Rock|p1a: Torkoal
|-sidestart|p1: luck is skilll|move: Stealth Rock
|move|p1a: Torkoal|Stealth Rock|p2a: Scream Tail
|-sidestart|p2: DIGIWAYNE123|move: Stealth Rock
|
|-weather|SunnyDay|[upkeep]
|upkeep
|turn|7
|
|t:|1760365670
|move|p2a: Scream Tail|Thunder Wave|p1a: Torkoal
|-status|p1a: Torkoal|par
|cant|p1a: Torkoal|par
|
|-weather|SunnyDay|[upkeep]
|upkeep
|turn|8
|
|t:|1760365675
|move|p2a: Scream Tail|Misty Explosion|p1a: Torkoal
|-resisted|p1a: Torkoal
|-damage|p1a: Torkoal|88/100 par
|faint|p2a: Scream Tail
|-end|p2a: Scream Tail|Protosynthesis|[silent]
|move|p1a: Torkoal|Rapid Spin|p2: Scream Tail|[notarget]
|-fail|p1a: Torkoal
|
|-weather|SunnyDay|[upkeep]
|upkeep
|
|t:|1760365677
|switch|p2a: Great Tusk|Great Tusk, tera:Grass|77/100
|-damage|p2a: Great Tusk|64/100|[from] Stealth Rock
|-activate|p2a: Great Tusk|ability: Protosynthesis
|-start|p2a: Great Tusk|protosynthesisspe
|turn|9
|
|t:|1760365683
|switch|p1a: Slither Wing|Slither Wing|81/100
|-damage|p1a: Slither Wing|68/100|[from] Stealth Rock
|-activate|p1a: Slither Wing|ability: Protosynthesis
|-start|p1a: Slither Wing|protosynthesisatk
|move|p2a: Great Tusk|Rapid Spin|p1a: Slither Wing
|-damage|p1a: Slither Wing|50/100
|-boost|p2a: Great Tusk|spe|1
|-sideend|p2: DIGIWAYNE123|Stealth Rock|[from] move: Rapid Spin|[of] p2a: Great Tusk
|
|-weather|SunnyDay|[upkeep]
|upkeep
|turn|10
|
|t:|1760365687
|-end|p2a: Great Tusk|Protosynthesis|[silent]
|switch|p2a: Indeedee|Indeedee, M|100/100
|-fieldstart|move: Psychic Terrain|[from] ability: Psychic Surge|[of] p2a: Indeedee
|move|p1a: Slither Wing|U-turn|p2a: Indeedee
|-supereffective|p2a: Indeedee
|-damage|p2a: Indeedee|0 fnt
|faint|p2a: Indeedee
|
|t:|1760365693
|-end|p1a: Slither Wing|Protosynthesis|[silent]
|switch|p1a: Walking Wake|Walking Wake|56/100|[from] U-turn
|-damage|p1a: Walking Wake|43/100|[from] Stealth Rock
|-activate|p1a: Walking Wake|ability: Protosynthesis
|-start|p1a: Walking Wake|protosynthesisspe
|
|-weather|SunnyDay|[upkeep]
|upkeep
|
|t:|1760365697
|switch|p2a: Drednaw|Drednaw, F|100/100
|turn|11
|
|t:|1760365703
|move|p1a: Walking Wake|Hydro Steam|p2a: Drednaw
|-damage|p2a: Drednaw|9/100
|move|p2a: Drednaw|Shell Smash|p2a: Drednaw
|-unboost|p2a: Drednaw|def|1
|-unboost|p2a: Drednaw|spd|1
|-boost|p2a: Drednaw|atk|2
|-boost|p2a: Drednaw|spa|2
|-boost|p2a: Drednaw|spe|2
|
|-weather|SunnyDay|[upkeep]
|upkeep
|turn|12
|
|t:|1760365715
|move|p2a: Drednaw|Earthquake|p1a: Walking Wake
|-damage|p1a: Walking Wake|0 fnt
|faint|p1a: Walking Wake
|-end|p1a: Walking Wake|Protosynthesis|[silent]
|
|-weather|none
|upkeep
|
|t:|1760365719
|switch|p1a: Tinkaton|Tinkaton, F|100/100
|-damage|p1a: Tinkaton|94/100|[from] Stealth Rock
|-ability|p1a: Tinkaton|Mold Breaker
|-item|p1a: Tinkaton|Air Balloon
|turn|13
|
|t:|1760365721
|move|p2a: Drednaw|Liquidation|p1a: Tinkaton
|-damage|p1a: Tinkaton|5/100
|-enditem|p1a: Tinkaton|Air Balloon
|move|p1a: Tinkaton|Knock Off|p2a: Drednaw
|-damage|p2a: Drednaw|0 fnt
|-enditem|p2a: Drednaw|Focus Sash|[from] move: Knock Off|[of] p1a: Tinkaton
|faint|p2a: Drednaw
|
|upkeep
|
|t:|1760365726
|switch|p2a: Great Tusk|Great Tusk, tera:Grass|64/100
|turn|14
|
|t:|1760365735
|move|p1a: Tinkaton|Gigaton Hammer|p2a: Great Tusk
|-damage|p2a: Great Tusk|34/100
|move|p2a: Great Tusk|Rapid Spin|p1a: Tinkaton
|-resisted|p1a: Tinkaton
|-damage|p1a: Tinkaton|0 fnt
|-boost|p2a: Great Tusk|spe|1
|faint|p1a: Tinkaton
|
|upkeep
|
|t:|1760365747
|switch|p1a: Great Tusk|Great Tusk|100/100
|-damage|p1a: Great Tusk|98/100|[from] Stealth Rock
|turn|15
|
|t:|1760365750
|-end|p2a: Great Tusk|Protosynthesis|[silent]
|switch|p2a: Armarouge|Armarouge, F|100/100
|move|p1a: Great Tusk|Ice Spinner|p2a: Armarouge
|-resisted|p2a: Armarouge
|-damage|p2a: Armarouge|87/100
|-ability|p2a: Armarouge|Weak Armor|boost
|-unboost|p2a: Armarouge|def|1
|-boost|p2a: Armarouge|spe|2
|-fieldend|move: Psychic Terrain
|
|upkeep
|turn|16
|
|t:|1760365753
|move|p2a: Armarouge|Expanding Force|p1a: Great Tusk
|-supereffective|p1a: Great Tusk
|-damage|p1a: Great Tusk|28/100
|move|p1a: Great Tusk|Headlong Rush|p2a: Armarouge
|-supereffective|p2a: Armarouge
|-damage|p2a: Armarouge|0 fnt
|-unboost|p1a: Great Tusk|def|1
|-unboost|p1a: Great Tusk|spd|1
|faint|p2a: Armarouge
|
|upkeep
|
|t:|1760365756
|switch|p2a: Great Tusk|Great Tusk, tera:Grass|34/100
|turn|17
|
|t:|1760365763
|move|p1a: Great Tusk|Ice Spinner|p2a: Great Tusk
|-supereffective|p2a: Great Tusk
|-crit|p2a: Great Tusk
|-damage|p2a: Great Tusk|0 fnt
|faint|p2a: Great Tusk
|-end|p2a: Great Tusk|Protosynthesis|[silent]
|
|upkeep
|-message|DIGIWAYNE123 forfeited.
|
|win|luck is skilll
|raw|luck is skilll's rating: 1525 &rarr; <strong>1548</strong><br />(+23 for winning)
|raw|DIGIWAYNE123's rating: 1571 &rarr; <strong>1548</strong><br />(-23 for losing)
|l|☆DIGIWAYNE123
|player|p2|
|l|☆luck is skilll
|player|p1|
