|inactive|Battle timer is ON: inactive players will automatically lose when time's up.
|badge|p2|bronze|gen9randombattle|100-7
|uhtml|medal-msg|<div class="broadcast-blue">Curious what those medals under the avatar are? PS now has Ladder Seasons! For more information, check out the <a href="https://www.smogon.com/forums/threads/3740067/">thread on Smogon.</a></div>
|t:|1760454132
|gametype|singles
|player|p1|dorapult|dawn|
|player|p2|Separation|acetrainerf-gen4dp|
|gen|9
|tier|[Gen 9] OU
|rule|HP Percentage Mod: HP is shown in percentages
|rule|Endless Battle Clause: Forcing endless battles is banned
|rule|Species Clause: Limit one of each Pokémon
|rule|OHKO Clause: OHKO moves are banned
|rule|Evasion Items Clause: Evasion items are banned
|rule|Evasion Moves Clause: Evasion moves are banned
|rule|Evasion Abilities Clause: Evasion abilities are banned
|rule|Sleep Moves Clause: Sleep-inducing moves are banned
|clearpoke
|poke|p1|Zapdos|
|poke|p1|Walking Wake|
|poke|p1|Great Tusk|
|poke|p1|Hoopa-Unbound|
|poke|p1|Rillaboom, M|
|poke|p1|Gholdengo|
|poke|p2|Dragonite, F|
|poke|p2|Zamazenta-*|
|poke|p2|Hatterene, F|
|poke|p2|Kyurem|
|poke|p2|Iron Treads|
|poke|p2|Iron Moth|
|teampreview
|c|☆dorapult|hf
|c|☆Separation|hf my friend
|inactive|dorapult has 270 seconds left.
|inactive|Separation has 270 seconds left.
|inactive|dorapult has 240 seconds left.
|inactive|Separation has 240 seconds left.
|inactive|dorapult has 210 seconds left.
|
|t:|1760454225
|teamsize|p1|6
|teamsize|p2|6
|start
|switch|p1a: Gholdengo|Gholdengo|100/100
|switch|p2a: Hatterene|Hatterene, F|100/100
|turn|1
|inactive|dorapult has 270 seconds left.
|
|t:|1760454247
|switch|p1a: Great Tusk|Great Tusk|100/100
|switch|p2a: Iron Moth|Iron Moth|100/100
|-enditem|p2a: Iron Moth|Booster Energy
|-activate|p2a: Iron Moth|ability: Quark Drive|[fromitem]
|-start|p2a: Iron Moth|quarkdrivespe
|
|upkeep
|turn|2
|inactive|dorapult has 240 seconds left.
|
|t:|1760454304
|-end|p2a: Iron Moth|Quark Drive|[silent]
|switch|p2a: Iron Treads|Iron Treads|100/100
|-item|p2a: Iron Treads|Air Balloon
|move|p1a: Great Tusk|Headlong Rush|p2a: Iron Treads
|-immune|p2a: Iron Treads
|
|upkeep
|turn|3
|inactive|dorapult has 210 seconds left.
|
|t:|1760454323
|-end|p2a: Iron Treads|Quark Drive|[silent]
|switch|p2a: Hatterene|Hatterene, F|100/100
|move|p1a: Great Tusk|Rapid Spin|p2a: Hatterene
|-damage|p2a: Hatterene|87/100
|-boost|p1a: Great Tusk|spe|1
|-damage|p1a: Great Tusk|84/100|[from] item: Rocky Helmet|[of] p2a: Hatterene
|
|-heal|p1a: Great Tusk|90/100|[from] item: Leftovers
|upkeep
|turn|4
|
|t:|1760454337
|-end|p1a: Great Tusk|Protosynthesis|[silent]
|switch|p1a: Zapdos|Zapdos|100/100
|move|p2a: Hatterene|Draining Kiss|p1a: Zapdos
|-damage|p1a: Zapdos|79/100
|-heal|p2a: Hatterene|100/100|[from] drain|[of] p1a: Zapdos
|
|upkeep
|turn|5
|inactive|dorapult has 210 seconds left.
|inactive|Separation has 270 seconds left.
|
|t:|1760454380
|switch|p2a: Iron Moth|Iron Moth|100/100
|move|p1a: Zapdos|Hurricane|p2a: Iron Moth
|-damage|p2a: Iron Moth|50/100
|
|upkeep
|turn|6
|inactive|dorapult has 210 seconds left.
|
|t:|1760454394
|move|p2a: Iron Moth|Toxic Spikes|p1a: Zapdos
|-sidestart|p1: dorapult|move: Toxic Spikes
|move|p1a: Zapdos|Thunder Wave|p2a: Iron Moth
|-status|p2a: Iron Moth|par
|
|upkeep
|turn|7
|inactive|dorapult has 210 seconds left.
|
|t:|1760454406
|-end|p2a: Iron Moth|Quark Drive|[silent]
|switch|p2a: Kyurem|Kyurem|100/100
|-ability|p2a: Kyurem|Pressure
|move|p1a: Zapdos|Hurricane|p2a: Kyurem
|-damage|p2a: Kyurem|72/100
|
|upkeep
|turn|8
|inactive|dorapult has 210 seconds left.
|inactive|dorapult has 180 seconds left.
|inactive|dorapult has 150 seconds left.
|
|t:|1760454477
|switch|p1a: Gholdengo|Gholdengo|100/100
|move|p2a: Kyurem|Ice Beam|p1a: Gholdengo
|-resisted|p1a: Gholdengo
|-damage|p1a: Gholdengo|73/100
|
|upkeep
|turn|9
|inactive|dorapult has 150 seconds left.
|inactive|Separation has 270 seconds left.
|
|t:|1760454496
|switch|p2a: Iron Moth|Iron Moth|50/100 par
|move|p1a: Gholdengo|Make It Rain|p2a: Iron Moth
|-resisted|p2a: Iron Moth
|-damage|p2a: Iron Moth|14/100 par
|-unboost|p1a: Gholdengo|spa|1
|
|upkeep
|turn|10
|inactive|dorapult has 150 seconds left.
|inactive|Separation has 270 seconds left.
|
|t:|1760454514
|-end|p2a: Iron Moth|Quark Drive|[silent]
|switch|p2a: Iron Treads|Iron Treads|100/100
|-item|p2a: Iron Treads|Air Balloon
|move|p1a: Gholdengo|Make It Rain|p2a: Iron Treads
|-resisted|p2a: Iron Treads
|-crit|p2a: Iron Treads
|-damage|p2a: Iron Treads|30/100
|-unboost|p1a: Gholdengo|spa|1
|-enditem|p2a: Iron Treads|Air Balloon
|
|upkeep
|turn|11
|inactive|Separation has 270 seconds left.
|inactive|dorapult has 150 seconds left.
|
|t:|1760454541
|switch|p1a: Great Tusk|Great Tusk|90/100
|-status|p1a: Great Tusk|psn
|move|p2a: Iron Treads|Stealth Rock|p1a: Great Tusk
|-sidestart|p1: dorapult|move: Stealth Rock
|
|-heal|p1a: Great Tusk|96/100 psn|[from] item: Leftovers
|-damage|p1a: Great Tusk|84/100 psn|[from] psn
|upkeep
|turn|12
|inactive|Separation has 240 seconds left.
|
|t:|1760454571
|move|p2a: Iron Treads|Earthquake|p1a: Great Tusk
|-damage|p1a: Great Tusk|53/100 psn
|move|p1a: Great Tusk|Stealth Rock|p2a: Iron Treads
|-sidestart|p2: Separation|move: Stealth Rock
|
|-heal|p1a: Great Tusk|59/100 psn|[from] item: Leftovers
|-damage|p1a: Great Tusk|46/100 psn|[from] psn
|upkeep
|turn|13
|inactive|dorapult has 150 seconds left.
|inactive|Separation has 240 seconds left.
|
|t:|1760454583
|-terastallize|p2a: Iron Treads|Ghost
|move|p2a: Iron Treads|Rapid Spin|p1a: Great Tusk
|-damage|p1a: Great Tusk|37/100 psn
|-boost|p2a: Iron Treads|spe|1
|-sideend|p2: Separation|Stealth Rock|[from] move: Rapid Spin|[of] p2a: Iron Treads
|move|p1a: Great Tusk|Rapid Spin|p2a: Iron Treads
|-immune|p2a: Iron Treads
|
|-heal|p1a: Great Tusk|43/100 psn|[from] item: Leftovers
|-damage|p1a: Great Tusk|31/100 psn|[from] psn
|upkeep
|turn|14
|inactive|dorapult has 150 seconds left.
|inactive|Separation has 240 seconds left.
|
|t:|1760454596
|-end|p1a: Great Tusk|Protosynthesis|[silent]
|switch|p1a: Zapdos|Zapdos|79/100
|move|p2a: Iron Treads|Earthquake|p1a: Zapdos
|-immune|p1a: Zapdos
|
|upkeep
|turn|15
|inactive|dorapult has 150 seconds left.
|
|t:|1760454614
|-end|p2a: Iron Treads|Quark Drive|[silent]
|switch|p2a: Iron Moth|Iron Moth|14/100 par
|move|p1a: Zapdos|Roost|p1a: Zapdos
|-heal|p1a: Zapdos|100/100
|-singleturn|p1a: Zapdos|move: Roost
|
|upkeep
|turn|16
|inactive|dorapult has 150 seconds left.
|
|t:|1760454628
|move|p1a: Zapdos|Volt Switch|p2a: Iron Moth
|-damage|p2a: Iron Moth|0 fnt
|faint|p2a: Iron Moth
|-end|p2a: Iron Moth|Quark Drive|[silent]
|
|t:|1760454630
|switch|p1a: Gholdengo|Gholdengo|73/100|[from] Volt Switch
|-damage|p1a: Gholdengo|67/100|[from] Stealth Rock
|
|upkeep
|
|t:|1760454657
|switch|p2a: Dragonite|Dragonite, F|100/100
|turn|17
|inactive|dorapult has 150 seconds left.
|
|t:|1760454685
|move|p1a: Gholdengo|Trick|p2a: Dragonite
|-activate|p1a: Gholdengo|move: Trick|[of] p2a: Dragonite
|-item|p2a: Dragonite|Choice Scarf|[from] move: Trick
|-item|p1a: Gholdengo|Leftovers|[from] move: Trick
|move|p2a: Dragonite|Dragon Dance|p2a: Dragonite
|-boost|p2a: Dragonite|atk|1
|-boost|p2a: Dragonite|spe|1
|
|-heal|p1a: Gholdengo|73/100|[from] item: Leftovers
|upkeep
|turn|18
|
|t:|1760454697
|switch|p2a: Zamazenta|Zamazenta|100/100
|-ability|p2a: Zamazenta|Dauntless Shield|boost
|-boost|p2a: Zamazenta|def|1
|move|p1a: Gholdengo|Shadow Ball|p2a: Zamazenta
|-damage|p2a: Zamazenta|58/100
|
|-heal|p2a: Zamazenta|64/100|[from] item: Leftovers
|-heal|p1a: Gholdengo|79/100|[from] item: Leftovers
|upkeep
|turn|19
|
|t:|1760454710
|switch|p2a: Kyurem|Kyurem|72/100
|-ability|p2a: Kyurem|Pressure
|switch|p1a: Zapdos|Zapdos|100/100
|
|upkeep
|turn|20
|
|t:|1760454730
|switch|p1a: Great Tusk|Great Tusk|31/100 psn
|-damage|p1a: Great Tusk|28/100 psn|[from] Stealth Rock
|move|p2a: Kyurem|Ice Beam|p1a: Great Tusk
|-supereffective|p1a: Great Tusk
|-damage|p1a: Great Tusk|0 fnt
|faint|p1a: Great Tusk
|-end|p1a: Great Tusk|Protosynthesis|[silent]
|
|upkeep
|
|t:|1760454744
|switch|p1a: Hoopa|Hoopa-Unbound|100/100
|-status|p1a: Hoopa|psn
|-damage|p1a: Hoopa|88/100 psn|[from] Stealth Rock
|turn|21
|inactive|Separation has 270 seconds left.
|inactive|dorapult has 120 seconds left.
|inactive|dorapult has 90 seconds left.
|
|t:|1760454798
|switch|p2a: Dragonite|Dragonite, F|100/100
|-terastallize|p1a: Hoopa|Poison
|move|p1a: Hoopa|Dark Pulse|p2a: Dragonite
|-damage|p2a: Dragonite|72/100
|
|-damage|p1a: Hoopa|76/100 psn|[from] psn
|upkeep
|turn|22
|inactive|dorapult has 90 seconds left.
|inactive|Separation has 270 seconds left.
|
|t:|1760454818
|switch|p1a: Zapdos|Zapdos|100/100
|move|p2a: Dragonite|Rock Slide|p1a: Zapdos
|-supereffective|p1a: Zapdos
|-damage|p1a: Zapdos|61/100
|
|upkeep
|turn|23
|inactive|dorapult has 90 seconds left.
|inactive|Separation has 270 seconds left.
|
|t:|1760454839
|switch|p2a: Zamazenta|Zamazenta|64/100
|move|p1a: Zapdos|Thunder Wave|p2a: Zamazenta|[miss]
|-miss|p1a: Zapdos|p2a: Zamazenta
|
|-heal|p2a: Zamazenta|70/100|[from] item: Leftovers
|upkeep
|turn|24
|
|t:|1760454852
|switch|p2a: Hatterene|Hatterene, F|100/100
|move|p1a: Zapdos|Thunder Wave|p2a: Hatterene
|move|p2a: Hatterene|Thunder Wave|p1a: Zapdos|[from] ability: Magic Bounce
|-immune|p1a: Zapdos
|
|upkeep
|turn|25
|
|t:|1760454859
|move|p1a: Zapdos|Roost|p1a: Zapdos
|-heal|p1a: Zapdos|100/100
|-singleturn|p1a: Zapdos|move: Roost
|move|p2a: Hatterene|Psychic Noise|p1a: Zapdos
|-damage|p1a: Zapdos|67/100
|-start|p1a: Zapdos|move: Heal Block
|
|upkeep
|turn|26
|inactive|Separation has 270 seconds left.
|
|t:|1760454875
|switch|p2a: Kyurem|Kyurem|72/100
|-ability|p2a: Kyurem|Pressure
|move|p1a: Zapdos|Volt Switch|p2a: Kyurem
|-resisted|p2a: Kyurem
|-damage|p2a: Kyurem|63/100
|
|t:|1760454878
|switch|p1a: Hoopa|Hoopa-Unbound, tera:Poison|76/100 psn|[from] Volt Switch
|-sideend|p1: dorapult|move: Toxic Spikes|[of] p1a: Hoopa
|-damage|p1a: Hoopa|63/100 psn|[from] Stealth Rock
|
|-damage|p1a: Hoopa|51/100 psn|[from] psn
|upkeep
|turn|27
|inactive|dorapult has 90 seconds left.
|
|t:|1760454912
|switch|p2a: Dragonite|Dragonite, F|72/100
|move|p1a: Hoopa|Dark Pulse|p2a: Dragonite
|-damage|p2a: Dragonite|13/100
|
|-damage|p1a: Hoopa|39/100 psn|[from] psn
|upkeep
|turn|28
|inactive|dorapult has 90 seconds left.
|
|t:|1760454921
|switch|p1a: Rillaboom|Rillaboom, M|100/100
|-damage|p1a: Rillaboom|88/100|[from] Stealth Rock
|-fieldstart|move: Grassy Terrain|[from] ability: Grassy Surge|[of] p1a: Rillaboom
|move|p2a: Dragonite|Earthquake|p1a: Rillaboom
|-resisted|p1a: Rillaboom
|-crit|p1a: Rillaboom
|-damage|p1a: Rillaboom|72/100
|
|-heal|p1a: Rillaboom|79/100|[from] Grassy Terrain
|upkeep
|turn|29
|inactive|dorapult has 90 seconds left.
|
|t:|1760454935
|switch|p2a: Hatterene|Hatterene, F|100/100
|move|p1a: Rillaboom|Wood Hammer|p2a: Hatterene
|-damage|p2a: Hatterene|33/100
|-damage|p1a: Rillaboom|62/100|[from] item: Rocky Helmet|[of] p2a: Hatterene
|-damage|p1a: Rillaboom|41/100|[from] Recoil
|
|-heal|p1a: Rillaboom|47/100|[from] Grassy Terrain
|-heal|p2a: Hatterene|39/100|[from] Grassy Terrain
|upkeep
|turn|30
|
|t:|1760454944
|move|p1a: Rillaboom|Wood Hammer|p2a: Hatterene
|-damage|p2a: Hatterene|0 fnt
|-damage|p1a: Rillaboom|31/100|[from] item: Rocky Helmet|[of] p2a: Hatterene
|faint|p2a: Hatterene
|-damage|p1a: Rillaboom|19/100|[from] Recoil
|
|-heal|p1a: Rillaboom|25/100|[from] Grassy Terrain
|upkeep
|
|t:|1760454946
|switch|p2a: Kyurem|Kyurem|63/100
|-ability|p2a: Kyurem|Pressure
|turn|31
|
|t:|1760454967
|move|p1a: Rillaboom|Wood Hammer|p2a: Kyurem
|-resisted|p2a: Kyurem
|-damage|p2a: Kyurem|34/100
|-damage|p1a: Rillaboom|15/100|[from] Recoil
|move|p2a: Kyurem|Ancient Power|p1a: Rillaboom
|-damage|p1a: Rillaboom|0 fnt
|-boost|p2a: Kyurem|atk|1
|-boost|p2a: Kyurem|def|1
|-boost|p2a: Kyurem|spa|1
|-boost|p2a: Kyurem|spd|1
|-boost|p2a: Kyurem|spe|1
|faint|p1a: Rillaboom
|
|-heal|p2a: Kyurem|40/100|[from] Grassy Terrain
|upkeep
|inactive|dorapult has 90 seconds left.
|inactive|dorapult has 60 seconds left.
|
|t:|1760455020
|switch|p1a: Walking Wake|Walking Wake|100/100
|-damage|p1a: Walking Wake|88/100|[from] Stealth Rock
|turn|32
|
|t:|1760455025
|move|p2a: Kyurem|Freeze-Dry|p1a: Walking Wake
|-supereffective|p1a: Walking Wake
|-damage|p1a: Walking Wake|0 fnt
|faint|p1a: Walking Wake
|-end|p1a: Walking Wake|Protosynthesis|[silent]
|
|-heal|p2a: Kyurem|46/100|[from] Grassy Terrain
|-fieldend|move: Grassy Terrain
|upkeep
|
|t:|1760455043
|switch|p1a: Hoopa|Hoopa-Unbound, tera:Poison|39/100 psn
|-damage|p1a: Hoopa|26/100 psn|[from] Stealth Rock
|turn|33
|
|t:|1760455047
|move|p2a: Kyurem|Earth Power|p1a: Hoopa
|-supereffective|p1a: Hoopa
|-damage|p1a: Hoopa|0 fnt
|faint|p1a: Hoopa
|
|upkeep
|-message|dorapult forfeited.
|
|win|Separation
|c|☆Separation|sry
|c|☆dorapult|gg
|player|p1|
