|j|☆leoleboo
|j|☆Don Birria
|t:|1760347914
|gametype|singles
|player|p1|leoleboo|acetrainercouple|1148
|player|p2|Don Birria|265|1165
|gen|9
|tier|[Gen 9] OU
|rated|
|rule|HP Percentage Mod: HP is shown in percentages
|rule|Endless Battle Clause: Forcing endless battles is banned
|rule|Species Clause: Limit one of each Pokémon
|rule|OHKO Clause: OHKO moves are banned
|rule|Evasion Items Clause: Evasion items are banned
|rule|Evasion Moves Clause: Evasion moves are banned
|rule|Evasion Abilities Clause: Evasion abilities are banned
|rule|Sleep Moves Clause: Sleep-inducing moves are banned
|clearpoke
|poke|p1|Slowking, M|
|poke|p1|Goodra-Hisui, M|
|poke|p1|Toxapex, F|
|poke|p1|Noctowl, M|
|poke|p1|Clefable, F|
|poke|p1|Trevenant, F|
|poke|p2|Meowscarada, M|
|poke|p2|Vaporeon, M|
|poke|p2|Muk-Alola, M|
|poke|p2|Cinderace, M|
|poke|p2|Hydrapple, F|
|poke|p2|Grimmsnarl, M|
|teampreview
|inactive|Battle timer is ON: inactive players will automatically lose when time's up. (requested by Don Birria)
|
|t:|1760347933
|teamsize|p1|6
|teamsize|p2|6
|start
|switch|p1a: Toxapex|Toxapex, F|100/100
|switch|p2a: Luceroi|Muk-Alola, M|100/100
|turn|1
|inactive|leoleboo has 120 seconds left.
|
|t:|1760347972
|move|p1a: Toxapex|Baneful Bunker|p1a: Toxapex
|-singleturn|p1a: Toxapex|move: Protect
|move|p2a: Luceroi|Knock Off|p1a: Toxapex
|-activate|p1a: Toxapex|move: Protect
|
|upkeep
|turn|2
|inactive|leoleboo has 120 seconds left.
|inactive|leoleboo has 90 seconds left.
|
|t:|1760348016
|switch|p1a: Goodra|Goodra-Hisui, M|100/100
|move|p2a: Luceroi|Knock Off|p1a: Goodra
|-damage|p1a: Goodra|53/100
|-enditem|p1a: Goodra|Leftovers|[from] move: Knock Off|[of] p2a: Luceroi
|
|upkeep
|turn|3
|inactive|leoleboo has 90 seconds left.
|
|t:|1760348026
|move|p1a: Goodra|Iron Head|p2a: Luceroi
|-damage|p2a: Luceroi|69/100
|move|p2a: Luceroi|Drain Punch|p1a: Goodra
|-supereffective|p1a: Goodra
|-damage|p1a: Goodra|7/100
|-heal|p2a: Luceroi|90/100|[from] drain|[of] p1a: Goodra
|
|-heal|p2a: Luceroi|96/100|[from] item: Black Sludge
|upkeep
|turn|4
|inactive|leoleboo has 90 seconds left.
|
|t:|1760348041
|move|p2a: Luceroi|Shadow Sneak|p1a: Goodra
|-damage|p1a: Goodra|0 fnt
|faint|p1a: Goodra
|
|-heal|p2a: Luceroi|100/100|[from] item: Black Sludge
|upkeep
|inactive|leoleboo has 60 seconds left.
|
|t:|1760348074
|switch|p1a: Trevenant|Trevenant, F|100/100
|turn|5
|
|t:|1760348103
|move|p1a: Trevenant|Wood Hammer|p2a: Luceroi
|-resisted|p2a: Luceroi
|-damage|p2a: Luceroi|59/100
|-damage|p1a: Trevenant|85/100|[from] Recoil
|move|p2a: Luceroi|Knock Off|p1a: Trevenant
|-supereffective|p1a: Trevenant
|-damage|p1a: Trevenant|0 fnt
|-enditem|p1a: Trevenant|Choice Band|[from] move: Knock Off|[of] p2a: Luceroi
|faint|p1a: Trevenant
|
|-heal|p2a: Luceroi|65/100|[from] item: Black Sludge
|upkeep
|
|t:|1760348116
|switch|p1a: Clefable|Clefable, F|100/100
|turn|6
|
|t:|1760348124
|move|p1a: Clefable|Moonblast|p2a: Luceroi
|-damage|p2a: Luceroi|40/100
|-unboost|p2a: Luceroi|spa|1
|move|p2a: Luceroi|Knock Off|p1a: Clefable
|-resisted|p1a: Clefable
|-damage|p1a: Clefable|75/100
|-enditem|p1a: Clefable|Leftovers|[from] move: Knock Off|[of] p2a: Luceroi
|
|-heal|p2a: Luceroi|46/100|[from] item: Black Sludge
|upkeep
|turn|7
|
|t:|1760348136
|switch|p2a: Migg|Cinderace, M|100/100
|move|p1a: Clefable|Moonblast|p2a: Migg
|-resisted|p2a: Migg
|-damage|p2a: Migg|80/100
|-unboost|p2a: Migg|spa|1
|
|upkeep
|turn|8
|
|t:|1760348153
|switch|p1a: Toxapex|Toxapex, F|100/100
|move|p2a: Migg|Iron Head|p1a: Toxapex
|-start|p2a: Migg|typechange|Steel|[from] ability: Libero
|-resisted|p1a: Toxapex
|-damage|p1a: Toxapex|86/100
|
|-heal|p1a: Toxapex|92/100|[from] item: Black Sludge
|upkeep
|turn|9
|
|t:|1760348168
|switch|p1a: Slowking|Slowking, M|100/100
|move|p2a: Migg|Will-O-Wisp|p1a: Slowking
|-status|p1a: Slowking|brn
|
|-damage|p1a: Slowking|94/100 brn|[from] brn
|upkeep
|turn|10
|
|t:|1760348182
|switch|p2a: Vaporwave|Vaporeon, M, shiny|100/100
|move|p1a: Slowking|Future Sight|p2a: Vaporwave
|-start|p1a: Slowking|move: Future Sight
|
|-damage|p1a: Slowking|88/100 brn|[from] brn
|upkeep
|turn|11
|
|t:|1760348190
|move|p2a: Vaporwave|Calm Mind|p2a: Vaporwave
|-boost|p2a: Vaporwave|spa|1
|-boost|p2a: Vaporwave|spd|1
|-prepare|p1a: Slowking|Chilly Reception|[premajor]
|move|p1a: Slowking|Chilly Reception|p1a: Slowking
|-weather|Snowscape
|
|t:|1760348203
|switch|p1a: Toxapex|Toxapex, F|100/100|[from] Chilly Reception
|
|-weather|Snowscape|[upkeep]
|upkeep
|turn|12
|
|t:|1760348212
|-terastallize|p2a: Vaporwave|Steel
|move|p2a: Vaporwave|Calm Mind|p2a: Vaporwave
|-boost|p2a: Vaporwave|spa|1
|-boost|p2a: Vaporwave|spd|1
|move|p1a: Toxapex|Poison Jab|p2a: Vaporwave
|-immune|p2a: Vaporwave
|
|-weather|Snowscape|[upkeep]
|-end|p2a: Vaporwave|move: Future Sight
|-resisted|p2a: Vaporwave
|-damage|p2a: Vaporwave|93/100
|-heal|p2a: Vaporwave|99/100|[from] item: Leftovers
|upkeep
|turn|13
|
|t:|1760348232
|switch|p1a: Noctowl|Noctowl, M|100/100
|move|p2a: Vaporwave|Calm Mind|p2a: Vaporwave
|-boost|p2a: Vaporwave|spa|1
|-boost|p2a: Vaporwave|spd|1
|
|-weather|Snowscape|[upkeep]
|-heal|p2a: Vaporwave|100/100|[from] item: Leftovers
|upkeep
|turn|14
|
|t:|1760348242
|move|p1a: Noctowl|Air Slash|p2a: Vaporwave
|-resisted|p2a: Vaporwave
|-damage|p2a: Vaporwave|97/100
|move|p2a: Vaporwave|Ice Beam|p1a: Noctowl
|-supereffective|p1a: Noctowl
|-damage|p1a: Noctowl|6/100
|
|-weather|Snowscape|[upkeep]
|-heal|p2a: Vaporwave|100/100|[from] item: Leftovers
|upkeep
|turn|15
|
|t:|1760348250
|move|p1a: Noctowl|Roost|p1a: Noctowl
|-heal|p1a: Noctowl|56/100
|-singleturn|p1a: Noctowl|move: Roost
|move|p2a: Vaporwave|Aqua Ring|p2a: Vaporwave
|-start|p2a: Vaporwave|Aqua Ring
|
|-weather|none
|upkeep
|turn|16
|
|t:|1760348257
|move|p1a: Noctowl|Roost|p1a: Noctowl
|-heal|p1a: Noctowl|100/100
|-singleturn|p1a: Noctowl|move: Roost
|move|p2a: Vaporwave|Ice Beam|p1a: Noctowl
|-damage|p1a: Noctowl|51/100
|
|upkeep
|turn|17
|
|t:|1760348273
|move|p1a: Noctowl|Reflect|p1a: Noctowl
|-sidestart|p1: leoleboo|Reflect
|move|p2a: Vaporwave|Calm Mind|p2a: Vaporwave
|-boost|p2a: Vaporwave|spa|1
|-boost|p2a: Vaporwave|spd|1
|
|upkeep
|turn|18
|
|t:|1760348281
|move|p1a: Noctowl|Roost|p1a: Noctowl
|-heal|p1a: Noctowl|100/100
|-singleturn|p1a: Noctowl|move: Roost
|move|p2a: Vaporwave|Ice Beam|p1a: Noctowl
|-damage|p1a: Noctowl|38/100
|
|upkeep
|turn|19
|inactive|leoleboo has 90 seconds left.
|
|t:|1760348290
|move|p1a: Noctowl|Roost|p1a: Noctowl
|-heal|p1a: Noctowl|88/100
|-singleturn|p1a: Noctowl|move: Roost
|move|p2a: Vaporwave|Ice Beam|p1a: Noctowl
|-damage|p1a: Noctowl|25/100
|
|upkeep
|turn|20
|-message|leoleboo forfeited.
|
|win|Don Birria
|raw|leoleboo's rating: 1148 &rarr; <strong>1124</strong><br />(-24 for losing)
|raw|Don Birria's rating: 1165 &rarr; <strong>1189</strong><br />(+24 for winning)
|l|☆leoleboo
|player|p1|
|l|☆Don Birria
|player|p2|
