|j|☆NebulaTrainer
|j|☆argadini
|t:|1760455356
|gametype|singles
|player|p1|NebulaTrainer|cynthia-gen4|1480
|player|p2|argadini|miku-ice|1458
|gen|9
|tier|[Gen 9] OU
|rated|
|rule|HP Percentage Mod: HP is shown in percentages
|rule|Endless Battle Clause: Forcing endless battles is banned
|rule|Species Clause: Limit one of each Pokémon
|rule|OHKO Clause: OHKO moves are banned
|rule|Evasion Items Clause: Evasion items are banned
|rule|Evasion Moves Clause: Evasion moves are banned
|rule|Evasion Abilities Clause: Evasion abilities are banned
|rule|Sleep Moves Clause: Sleep-inducing moves are banned
|clearpoke
|poke|p1|Hippowdon, M|
|poke|p1|Excadrill, M|
|poke|p1|Hydrapple, F|
|poke|p1|Tornadus-Therian, M|
|poke|p1|Heatran, M|
|poke|p1|Keldeo-Resolute|
|poke|p2|Glimmora, F|
|poke|p2|Ogerpon-Wellspring, F|
|poke|p2|Hatterene, F|
|poke|p2|Iron Moth|
|poke|p2|Dragonite, F|
|poke|p2|Kingambit, F|
|teampreview
|inactive|Battle timer is ON: inactive players will automatically lose when time's up. (requested by argadini)
|
|t:|1760455368
|teamsize|p1|6
|teamsize|p2|6
|start
|switch|p1a: Keldeo|Keldeo-Resolute|100/100
|switch|p2a: Glimmora|Glimmora, F|100/100
|turn|1
|
|t:|1760455377
|move|p1a: Keldeo|Hydro Pump|p2a: Glimmora
|-supereffective|p2a: Glimmora
|-enditem|p2a: Glimmora|Focus Sash
|-damage|p2a: Glimmora|1/100
|move|p2a: Glimmora|Stealth Rock|p1a: Keldeo
|-sidestart|p1: NebulaTrainer|move: Stealth Rock
|
|upkeep
|turn|2
|
|t:|1760455385
|switch|p1a: Heatran|Heatran, M, shiny|100/100
|-damage|p1a: Heatran|88/100|[from] Stealth Rock
|move|p2a: Glimmora|Energy Ball|p1a: Heatran
|-resisted|p1a: Heatran
|-crit|p1a: Heatran
|-damage|p1a: Heatran|80/100
|
|-heal|p1a: Heatran|86/100|[from] item: Leftovers
|upkeep
|turn|3
|
|t:|1760455397
|switch|p1a: Tornadus|Tornadus-Therian, M, shiny|100/100
|-damage|p1a: Tornadus|76/100|[from] Stealth Rock
|move|p2a: Glimmora|Mud Shot|p1a: Tornadus
|-immune|p1a: Tornadus
|
|upkeep
|turn|4
|
|t:|1760455405
|switch|p2a: Hatterene|Hatterene, F|100/100
|move|p1a: Tornadus|Hurricane|p2a: Hatterene
|-damage|p2a: Hatterene|58/100
|
|-heal|p2a: Hatterene|64/100|[from] item: Leftovers
|upkeep
|turn|5
|
|t:|1760455413
|move|p1a: Tornadus|U-turn|p2a: Hatterene
|-damage|p2a: Hatterene|51/100
|
|t:|1760455421
|switch|p1a: Hippowdon|Hippowdon, M, shiny|100/100|[from] U-turn
|-damage|p1a: Hippowdon|94/100|[from] Stealth Rock
|-weather|Sandstorm|[from] ability: Sand Stream|[of] p1a: Hippowdon
|move|p2a: Hatterene|Psychic Noise|p1a: Hippowdon
|-damage|p1a: Hippowdon|61/100
|-start|p1a: Hippowdon|move: Heal Block
|
|-weather|Sandstorm|[upkeep]
|-damage|p2a: Hatterene|45/100|[from] Sandstorm
|-heal|p2a: Hatterene|51/100|[from] item: Leftovers
|upkeep
|turn|6
|
|t:|1760455438
|switch|p1a: Excadrill|Excadrill, M, shiny|100/100
|-damage|p1a: Excadrill|97/100|[from] Stealth Rock
|move|p2a: Hatterene|Draining Kiss|p1a: Excadrill
|-resisted|p1a: Excadrill
|-damage|p1a: Excadrill|82/100
|-heal|p2a: Hatterene|64/100|[from] drain|[of] p1a: Excadrill
|
|-weather|Sandstorm|[upkeep]
|-damage|p2a: Hatterene|58/100|[from] Sandstorm
|-heal|p1a: Excadrill|89/100|[from] item: Leftovers
|-heal|p2a: Hatterene|64/100|[from] item: Leftovers
|upkeep
|turn|7
|
|t:|1760455450
|move|p1a: Excadrill|Rapid Spin|p2a: Hatterene
|-damage|p2a: Hatterene|50/100
|-boost|p1a: Excadrill|spe|1
|-sideend|p1: NebulaTrainer|Stealth Rock|[from] move: Rapid Spin|[of] p1a: Excadrill
|move|p2a: Hatterene|Mystical Fire|p1a: Excadrill
|-supereffective|p1a: Excadrill
|-damage|p1a: Excadrill|29/100
|-unboost|p1a: Excadrill|spa|1
|
|-weather|Sandstorm|[upkeep]
|-damage|p2a: Hatterene|44/100|[from] Sandstorm
|-heal|p1a: Excadrill|35/100|[from] item: Leftovers
|-heal|p2a: Hatterene|50/100|[from] item: Leftovers
|upkeep
|turn|8
|
|t:|1760455462
|switch|p2a: Glimmora|Glimmora, F|1/100
|move|p1a: Excadrill|Iron Head|p2a: Glimmora
|-supereffective|p2a: Glimmora
|-damage|p2a: Glimmora|0 fnt
|-activate|p2a: Glimmora|ability: Toxic Debris
|-sidestart|p1: NebulaTrainer|move: Toxic Spikes
|faint|p2a: Glimmora
|
|-weather|Sandstorm|[upkeep]
|-heal|p1a: Excadrill|41/100|[from] item: Leftovers
|upkeep
|
|t:|1760455469
|switch|p2a: Dragonite|Dragonite, F|100/100
|turn|9
|
|t:|1760455478
|-terastallize|p2a: Dragonite|Ghost
|move|p1a: Excadrill|Rapid Spin|p2a: Dragonite
|-immune|p2a: Dragonite
|move|p2a: Dragonite|Dragon Dance|p2a: Dragonite
|-boost|p2a: Dragonite|atk|1
|-boost|p2a: Dragonite|spe|1
|
|-weather|Sandstorm|[upkeep]
|-damage|p2a: Dragonite|94/100|[from] Sandstorm
|-heal|p1a: Excadrill|48/100|[from] item: Leftovers
|upkeep
|turn|10
|
|t:|1760455489
|move|p1a: Excadrill|Iron Head|p2a: Dragonite
|-damage|p2a: Dragonite|47/100
|move|p2a: Dragonite|Ice Spinner|p1a: Excadrill
|-damage|p1a: Excadrill|0 fnt
|faint|p1a: Excadrill
|
|-weather|Sandstorm|[upkeep]
|-damage|p2a: Dragonite|40/100|[from] Sandstorm
|upkeep
|
|t:|1760455503
|switch|p1a: Hydrapple|Hydrapple, F|100/100
|turn|11
|
|t:|1760455508
|-terastallize|p1a: Hydrapple|Fairy
|move|p2a: Dragonite|Ice Spinner|p1a: Hydrapple
|-damage|p1a: Hydrapple|64/100
|move|p1a: Hydrapple|Fickle Beam|p2a: Dragonite|[anim] Fickle Beam All Out
|-activate|p1a: Hydrapple|move: Fickle Beam
|-damage|p2a: Dragonite|0 fnt
|faint|p2a: Dragonite
|
|-weather|Sandstorm|[upkeep]
|-damage|p1a: Hydrapple|58/100|[from] Sandstorm
|upkeep
|l|☆NebulaTrainer
|inactive|NebulaTrainer disconnected and has a minute to reconnect!
|player|p1|
|
|t:|1760455515
|switch|p2a: Iron Moth|Iron Moth|100/100
|-enditem|p2a: Iron Moth|Booster Energy
|-activate|p2a: Iron Moth|ability: Quark Drive|[fromitem]
|-start|p2a: Iron Moth|quarkdrivespe
|turn|12
|j|☆NebulaTrainer
|inactive|NebulaTrainer reconnected and has 145 seconds left.
|player|p1|NebulaTrainer|cynthia-gen4|
|
|t:|1760455525
|switch|p1a: Heatran|Heatran, M, shiny|86/100
|move|p2a: Iron Moth|Sludge Wave|p1a: Heatran
|-immune|p1a: Heatran
|
|-weather|none
|-heal|p1a: Heatran|92/100|[from] item: Leftovers
|upkeep
|turn|13
|
|t:|1760455534
|-end|p2a: Iron Moth|Quark Drive|[silent]
|switch|p2a: Ogerpon|Ogerpon-Wellspring, F|100/100
|move|p1a: Heatran|Magma Storm|p2a: Ogerpon
|-crit|p2a: Ogerpon
|-damage|p2a: Ogerpon|30/100
|-activate|p2a: Ogerpon|move: Magma Storm|[of] p1a: Heatran
|
|-heal|p1a: Heatran|99/100|[from] item: Leftovers
|-damage|p2a: Ogerpon|18/100|[from] move: Magma Storm|[partiallytrapped]
|upkeep
|turn|14
|
|t:|1760455544
|move|p1a: Heatran|Protect|p1a: Heatran
|-singleturn|p1a: Heatran|Protect
|move|p2a: Ogerpon|Ivy Cudgel|p1a: Heatran|[anim] Ivy Cudgel Water
|-activate|p1a: Heatran|move: Protect
|
|-heal|p1a: Heatran|100/100|[from] item: Leftovers
|-damage|p2a: Ogerpon|6/100|[from] move: Magma Storm|[partiallytrapped]
|upkeep
|turn|15
|
|t:|1760455554
|switch|p1a: Tornadus|Tornadus-Therian, M, shiny|100/100
|move|p2a: Ogerpon|Ivy Cudgel|p1a: Tornadus|[anim] Ivy Cudgel Water
|-damage|p1a: Tornadus|28/100
|
|-end|p2a: Ogerpon|Magma Storm|[partiallytrapped]|[silent]
|upkeep
|turn|16
|
|t:|1760455560
|move|p1a: Tornadus|U-turn|p2a: Ogerpon
|-supereffective|p2a: Ogerpon
|-damage|p2a: Ogerpon|0 fnt
|faint|p2a: Ogerpon
|
|t:|1760455565
|switch|p1a: Heatran|Heatran, M, shiny|100/100|[from] U-turn
|
|upkeep
|-message|argadini forfeited.
|
|win|NebulaTrainer
|raw|NebulaTrainer's rating: 1480 &rarr; <strong>1499</strong><br />(+19 for winning)
|raw|argadini's rating: 1458 &rarr; <strong>1439</strong><br />(-19 for losing)
|l|☆argadini
|player|p2|
|l|☆NebulaTrainer
|player|p1|
