|j|☆mansonabuluting
|j|☆naxduck
|t:|1760308126
|gametype|singles
|player|p1|mansonabuluting|bellelba|1757
|player|p2|naxduck|102|1748
|gen|9
|tier|[Gen 9] OU
|rated|
|rule|HP Percentage Mod: HP is shown in percentages
|rule|Endless Battle Clause: Forcing endless battles is banned
|rule|Species Clause: Limit one of each Pokémon
|rule|OHKO Clause: OHKO moves are banned
|rule|Evasion Items Clause: Evasion items are banned
|rule|Evasion Moves Clause: Evasion moves are banned
|rule|Evasion Abilities Clause: Evasion abilities are banned
|rule|Sleep Moves Clause: Sleep-inducing moves are banned
|clearpoke
|poke|p1|Rillaboom, F|
|poke|p1|Hawlucha, F|
|poke|p1|Thundurus-Therian, M|
|poke|p1|Great Tusk|
|poke|p1|Volcanion|
|poke|p1|Goodra-Hisui, F|
|poke|p2|Raging Bolt|
|poke|p2|Slowking-Galar, F|
|poke|p2|Corviknight, M|
|poke|p2|Ogerpon, F|
|poke|p2|Ting-Lu|
|poke|p2|Volcanion|
|teampreview
|inactive|Battle timer is ON: inactive players will automatically lose when time's up. (requested by naxduck)
|j| crowv2
|inactive|naxduck has 120 seconds left.
|
|t:|1760308157
|teamsize|p1|6
|teamsize|p2|6
|start
|switch|p1a: Thundurus|Thundurus-Therian, M|100/100
|switch|p2a: Slowking|Slowking-Galar, F|100/100
|turn|1
|
|t:|1760308170
|move|p1a: Thundurus|Volt Switch|p2a: Slowking
|-damage|p2a: Slowking|74/100
|
|t:|1760308175
|switch|p1a: Volcanion|Volcanion|100/100|[from] Volt Switch
|move|p2a: Slowking|Future Sight|p1a: Volcanion
|-start|p2a: Slowking|move: Future Sight
|
|upkeep
|turn|2
|
|t:|1760308184
|move|p1a: Volcanion|Earth Power|p2a: Slowking
|-supereffective|p2a: Slowking
|-damage|p2a: Slowking|15/100
|-prepare|p2a: Slowking|Chilly Reception|[premajor]
|move|p2a: Slowking|Chilly Reception|p2a: Slowking
|-weather|Snowscape
|
|t:|1760308194
|switch|p2a: Ogerpon|Ogerpon, F|100/100|[from] Chilly Reception
|
|-weather|Snowscape|[upkeep]
|upkeep
|turn|3
|
|t:|1760308200
|switch|p1a: Goodra|Goodra-Hisui, F|100/100
|move|p2a: Ogerpon|Ivy Cudgel|p1a: Goodra
|-resisted|p1a: Goodra
|-crit|p1a: Goodra
|-damage|p1a: Goodra|76/100
|
|-weather|Snowscape|[upkeep]
|-end|p1a: Goodra|move: Future Sight
|-resisted|p1a: Goodra
|-damage|p1a: Goodra|66/100
|upkeep
|turn|4
|
|t:|1760308204
|switch|p2a: Slowking|Slowking-Galar, F|48/100
|move|p1a: Goodra|Flamethrower|p2a: Slowking
|-damage|p2a: Slowking|31/100
|
|-weather|Snowscape|[upkeep]
|upkeep
|turn|5
|
|t:|1760308209
|switch|p2a: Corviknight|Corviknight, M|100/100
|-ability|p2a: Corviknight|Pressure
|move|p1a: Goodra|Draco Meteor|p2a: Corviknight
|-resisted|p2a: Corviknight
|-damage|p2a: Corviknight|70/100
|-unboost|p1a: Goodra|spa|2
|
|-weather|Snowscape|[upkeep]
|upkeep
|turn|6
|
|t:|1760308213
|switch|p1a: Volcanion|Volcanion|100/100
|move|p2a: Corviknight|U-turn|p1a: Volcanion
|-resisted|p1a: Volcanion
|-damage|p1a: Volcanion|95/100
|j| Kwohru
|j| KappaHalo
|
|t:|1760308225
|switch|p2a: Ogerpon|Ogerpon, F|100/100|[from] U-turn
|
|-weather|none
|upkeep
|turn|7
|
|t:|1760308229
|-terastallize|p2a: Ogerpon|Grass
|detailschange|p2a: Ogerpon|Ogerpon-Teal-Tera, F, tera:Grass
|-ability|p2a: Ogerpon|Embody Aspect (Teal)|boost
|-boost|p2a: Ogerpon|spe|1
|move|p2a: Ogerpon|Ivy Cudgel|p1a: Volcanion
|-crit|p1a: Volcanion
|-damage|p1a: Volcanion|0 fnt
|faint|p1a: Volcanion
|
|upkeep
|
|t:|1760308234
|switch|p1a: Rillaboom|Rillaboom, F|100/100
|-fieldstart|move: Grassy Terrain|[from] ability: Grassy Surge|[of] p1a: Rillaboom
|turn|8
|
|t:|1760308238
|switch|p2a: Corviknight|Corviknight, M|70/100
|-ability|p2a: Corviknight|Pressure
|move|p1a: Rillaboom|U-turn|p2a: Corviknight
|-resisted|p2a: Corviknight
|-damage|p2a: Corviknight|64/100
|-damage|p1a: Rillaboom|84/100|[from] item: Rocky Helmet|[of] p2a: Corviknight
|
|t:|1760308242
|switch|p1a: Goodra|Goodra-Hisui, F|66/100|[from] U-turn
|
|-heal|p1a: Goodra|72/100|[from] Grassy Terrain
|upkeep
|turn|9
|
|t:|1760308245
|switch|p2a: Slowking|Slowking-Galar, F|64/100
|move|p1a: Goodra|Flamethrower|p2a: Slowking
|-damage|p2a: Slowking|48/100
|-status|p2a: Slowking|brn
|
|-heal|p1a: Goodra|78/100|[from] Grassy Terrain
|-heal|p2a: Slowking|54/100 brn|[from] Grassy Terrain
|-damage|p2a: Slowking|48/100 brn|[from] brn
|upkeep
|turn|10
|
|t:|1760308249
|move|p1a: Goodra|Draco Meteor|p2a: Slowking
|-damage|p2a: Slowking|9/100 brn
|-unboost|p1a: Goodra|spa|2
|move|p2a: Slowking|Thunder Wave|p1a: Goodra
|-status|p1a: Goodra|par
|
|-heal|p1a: Goodra|84/100 par|[from] Grassy Terrain
|-heal|p2a: Slowking|15/100 brn|[from] Grassy Terrain
|-damage|p2a: Slowking|9/100 brn|[from] brn
|upkeep
|turn|11
|
|t:|1760308254
|switch|p2a: Corviknight|Corviknight, M|64/100
|-ability|p2a: Corviknight|Pressure
|move|p1a: Goodra|Flamethrower|p2a: Corviknight
|-supereffective|p2a: Corviknight
|-damage|p2a: Corviknight|37/100
|
|-heal|p1a: Goodra|90/100 par|[from] Grassy Terrain
|upkeep
|turn|12
|
|t:|1760308264
|switch|p1a: Great Tusk|Great Tusk|100/100
|move|p2a: Corviknight|Roost|p2a: Corviknight
|-heal|p2a: Corviknight|87/100
|-singleturn|p2a: Corviknight|move: Roost
|
|-heal|p2a: Corviknight|93/100|[from] Grassy Terrain
|-fieldend|move: Grassy Terrain
|upkeep
|turn|13
|
|t:|1760308267
|move|p1a: Great Tusk|Stealth Rock|p2a: Corviknight
|-sidestart|p2: naxduck|move: Stealth Rock
|move|p2a: Corviknight|U-turn|p1a: Great Tusk
|-resisted|p1a: Great Tusk
|-damage|p1a: Great Tusk|97/100
|-damage|p2a: Corviknight|76/100|[from] item: Rocky Helmet|[of] p1a: Great Tusk
|
|t:|1760308270
|switch|p2a: Ogerpon|Ogerpon-Teal-Tera, F, tera:Grass|100/100|[from] U-turn
|-damage|p2a: Ogerpon|88/100|[from] Stealth Rock
|-ability|p2a: Ogerpon|Embody Aspect (Teal)|boost
|-boost|p2a: Ogerpon|spe|1
|
|upkeep
|turn|14
|
|t:|1760308277
|-end|p1a: Great Tusk|Protosynthesis|[silent]
|switch|p1a: Rillaboom|Rillaboom, F|84/100
|-fieldstart|move: Grassy Terrain|[from] ability: Grassy Surge|[of] p1a: Rillaboom
|move|p2a: Ogerpon|Low Kick|p1a: Rillaboom
|-damage|p1a: Rillaboom|47/100
|
|-heal|p2a: Ogerpon|94/100|[from] Grassy Terrain
|-heal|p1a: Rillaboom|53/100|[from] Grassy Terrain
|upkeep
|turn|15
|
|t:|1760308282
|switch|p2a: Corviknight|Corviknight, M|76/100
|-damage|p2a: Corviknight|64/100|[from] Stealth Rock
|-ability|p2a: Corviknight|Pressure
|move|p1a: Rillaboom|U-turn|p2a: Corviknight
|-resisted|p2a: Corviknight
|-damage|p2a: Corviknight|58/100
|-damage|p1a: Rillaboom|36/100|[from] item: Rocky Helmet|[of] p2a: Corviknight
|
|t:|1760308291
|switch|p1a: Thundurus|Thundurus-Therian, M|100/100|[from] U-turn
|
|upkeep
|turn|16
|
|t:|1760308295
|switch|p2a: Raging Bolt|Raging Bolt|100/100
|-damage|p2a: Raging Bolt|88/100|[from] Stealth Rock
|move|p1a: Thundurus|Grass Knot|p2a: Raging Bolt
|-resisted|p2a: Raging Bolt
|-damage|p2a: Raging Bolt|74/100
|
|-heal|p2a: Raging Bolt|80/100|[from] Grassy Terrain
|upkeep
|turn|17
|
|t:|1760308299
|switch|p1a: Goodra|Goodra-Hisui, F|90/100 par
|move|p2a: Raging Bolt|Draco Meteor|p1a: Goodra
|-damage|p1a: Goodra|57/100 par
|-unboost|p2a: Raging Bolt|spa|2
|
|-heal|p2a: Raging Bolt|86/100|[from] Grassy Terrain
|-heal|p1a: Goodra|63/100 par|[from] Grassy Terrain
|upkeep
|turn|18
|
|t:|1760308303
|move|p2a: Raging Bolt|Volt Switch|p1a: Goodra
|-resisted|p1a: Goodra
|-damage|p1a: Goodra|58/100 par
|
|t:|1760308307
|-end|p2a: Raging Bolt|Protosynthesis|[silent]
|switch|p2a: Corviknight|Corviknight, M|58/100|[from] Volt Switch
|-damage|p2a: Corviknight|46/100|[from] Stealth Rock
|-ability|p2a: Corviknight|Pressure
|move|p1a: Goodra|Draco Meteor|p2a: Corviknight
|-resisted|p2a: Corviknight
|-damage|p2a: Corviknight|13/100
|-unboost|p1a: Goodra|spa|2
|
|-heal|p1a: Goodra|64/100 par|[from] Grassy Terrain
|-fieldend|move: Grassy Terrain
|upkeep
|turn|19
|j| Scoob252525
|
|t:|1760308313
|move|p2a: Corviknight|Roost|p2a: Corviknight
|-heal|p2a: Corviknight|63/100
|-singleturn|p2a: Corviknight|move: Roost
|move|p1a: Goodra|Flamethrower|p2a: Corviknight
|-supereffective|p2a: Corviknight
|-damage|p2a: Corviknight|31/100
|
|upkeep
|turn|20
|
|t:|1760308320
|switch|p2a: Ting-Lu|Ting-Lu|100/100
|-damage|p2a: Ting-Lu|94/100|[from] Stealth Rock
|-ability|p2a: Ting-Lu|Vessel of Ruin
|switch|p1a: Rillaboom|Rillaboom, F|36/100
|-fieldstart|move: Grassy Terrain|[from] ability: Grassy Surge|[of] p1a: Rillaboom
|
|-heal|p1a: Rillaboom|42/100|[from] Grassy Terrain
|-heal|p2a: Ting-Lu|100/100|[from] Grassy Terrain
|upkeep
|turn|21
|
|t:|1760308324
|switch|p2a: Corviknight|Corviknight, M|31/100
|-damage|p2a: Corviknight|19/100|[from] Stealth Rock
|-ability|p2a: Corviknight|Pressure
|move|p1a: Rillaboom|U-turn|p2a: Corviknight
|-resisted|p2a: Corviknight
|-damage|p2a: Corviknight|13/100
|-damage|p1a: Rillaboom|26/100|[from] item: Rocky Helmet|[of] p2a: Corviknight
|l| Kwohru
|
|t:|1760308329
|switch|p1a: Thundurus|Thundurus-Therian, M|100/100|[from] U-turn
|
|upkeep
|turn|22
|
|t:|1760308332
|switch|p2a: Raging Bolt|Raging Bolt|86/100
|-damage|p2a: Raging Bolt|74/100|[from] Stealth Rock
|move|p1a: Thundurus|Volt Switch|p2a: Raging Bolt
|-resisted|p2a: Raging Bolt
|-damage|p2a: Raging Bolt|68/100
|
|t:|1760308335
|switch|p1a: Goodra|Goodra-Hisui, F|64/100 par|[from] Volt Switch
|
|-heal|p2a: Raging Bolt|74/100|[from] Grassy Terrain
|-heal|p1a: Goodra|70/100 par|[from] Grassy Terrain
|upkeep
|turn|23
|
|t:|1760308340
|move|p2a: Raging Bolt|Volt Switch|p1a: Goodra
|-resisted|p1a: Goodra
|-damage|p1a: Goodra|61/100 par
|
|t:|1760308342
|-end|p2a: Raging Bolt|Protosynthesis|[silent]
|switch|p2a: Ting-Lu|Ting-Lu|100/100|[from] Volt Switch
|-damage|p2a: Ting-Lu|94/100|[from] Stealth Rock
|-ability|p2a: Ting-Lu|Vessel of Ruin
|move|p1a: Goodra|Flash Cannon|p2a: Ting-Lu
|-damage|p2a: Ting-Lu|77/100
|
|-heal|p2a: Ting-Lu|83/100|[from] Grassy Terrain
|-heal|p2a: Ting-Lu|90/100|[from] item: Leftovers
|-heal|p1a: Goodra|67/100 par|[from] Grassy Terrain
|upkeep
|turn|24
|
|t:|1760308347
|switch|p1a: Great Tusk|Great Tusk|97/100
|move|p2a: Ting-Lu|Stealth Rock|p1a: Great Tusk
|-sidestart|p1: mansonabuluting|move: Stealth Rock
|
|-heal|p1a: Great Tusk|100/100|[from] Grassy Terrain
|-heal|p2a: Ting-Lu|96/100|[from] Grassy Terrain
|-heal|p2a: Ting-Lu|100/100|[from] item: Leftovers
|-fieldend|move: Grassy Terrain
|upkeep
|turn|25
|
|t:|1760308352
|move|p1a: Great Tusk|Rapid Spin|p2a: Ting-Lu
|-damage|p2a: Ting-Lu|92/100
|-boost|p1a: Great Tusk|spe|1
|-sideend|p1: mansonabuluting|Stealth Rock|[from] move: Rapid Spin|[of] p1a: Great Tusk
|move|p2a: Ting-Lu|Ruination|p1a: Great Tusk
|-damage|p1a: Great Tusk|51/100
|
|-heal|p2a: Ting-Lu|98/100|[from] item: Leftovers
|upkeep
|turn|26
|
|t:|1760308362
|-end|p1a: Great Tusk|Protosynthesis|[silent]
|switch|p1a: Hawlucha|Hawlucha, F|100/100
|move|p2a: Ting-Lu|Earthquake|p1a: Hawlucha
|-immune|p1a: Hawlucha
|
|-heal|p2a: Ting-Lu|100/100|[from] item: Leftovers
|upkeep
|turn|27
|
|t:|1760308364
|move|p1a: Hawlucha|Close Combat|p2a: Ting-Lu
|-supereffective|p2a: Ting-Lu
|-damage|p2a: Ting-Lu|45/100
|-unboost|p1a: Hawlucha|def|1
|-unboost|p1a: Hawlucha|spd|1
|move|p2a: Ting-Lu|Whirlwind|p1a: Hawlucha
|drag|p1a: Goodra|Goodra-Hisui, F|67/100 par
|
|-heal|p2a: Ting-Lu|51/100|[from] item: Leftovers
|upkeep
|turn|28
|
|t:|1760308372
|switch|p1a: Great Tusk|Great Tusk|51/100
|move|p2a: Ting-Lu|Stealth Rock|p1a: Great Tusk
|-sidestart|p1: mansonabuluting|move: Stealth Rock
|
|-heal|p2a: Ting-Lu|58/100|[from] item: Leftovers
|upkeep
|turn|29
|
|t:|1760308377
|move|p1a: Great Tusk|Rapid Spin|p2a: Ting-Lu
|-damage|p2a: Ting-Lu|49/100
|-boost|p1a: Great Tusk|spe|1
|-sideend|p1: mansonabuluting|Stealth Rock|[from] move: Rapid Spin|[of] p1a: Great Tusk
|move|p2a: Ting-Lu|Earthquake|p1a: Great Tusk
|-damage|p1a: Great Tusk|32/100
|
|-heal|p2a: Ting-Lu|55/100|[from] item: Leftovers
|upkeep
|turn|30
|
|t:|1760308389
|switch|p2a: Slowking|Slowking-Galar, F|42/100 brn
|move|p1a: Great Tusk|Ice Spinner|p2a: Slowking
|-damage|p2a: Slowking|19/100 brn
|
|-damage|p2a: Slowking|13/100 brn|[from] brn
|upkeep
|turn|31
|
|t:|1760308393
|move|p1a: Great Tusk|Ice Spinner|p2a: Slowking
|-damage|p2a: Slowking|0 fnt
|faint|p2a: Slowking
|
|upkeep
|
|t:|1760308394
|switch|p2a: Ogerpon|Ogerpon-Teal-Tera, F, tera:Grass|94/100
|-damage|p2a: Ogerpon|82/100|[from] Stealth Rock
|-ability|p2a: Ogerpon|Embody Aspect (Teal)|boost
|-boost|p2a: Ogerpon|spe|1
|turn|32
|
|t:|1760308416
|move|p2a: Ogerpon|U-turn|p1a: Great Tusk
|-resisted|p1a: Great Tusk
|-damage|p1a: Great Tusk|24/100
|-damage|p2a: Ogerpon|65/100|[from] item: Rocky Helmet|[of] p1a: Great Tusk
|
|t:|1760308420
|switch|p2a: Corviknight|Corviknight, M|13/100|[from] U-turn
|-damage|p2a: Corviknight|1/100|[from] Stealth Rock
|-ability|p2a: Corviknight|Pressure
|move|p1a: Great Tusk|Ice Spinner|p2a: Corviknight
|-damage|p2a: Corviknight|0 fnt
|-damage|p1a: Great Tusk|8/100|[from] item: Rocky Helmet|[of] p2a: Corviknight
|faint|p2a: Corviknight
|
|upkeep
|
|t:|1760308424
|switch|p2a: Ogerpon|Ogerpon-Teal-Tera, F, tera:Grass|65/100
|-damage|p2a: Ogerpon|53/100|[from] Stealth Rock
|-ability|p2a: Ogerpon|Embody Aspect (Teal)|boost
|-boost|p2a: Ogerpon|spe|1
|turn|33
|
|t:|1760308429
|move|p2a: Ogerpon|U-turn|p1a: Great Tusk
|-resisted|p1a: Great Tusk
|-damage|p1a: Great Tusk|0 fnt
|-damage|p2a: Ogerpon|36/100|[from] item: Rocky Helmet|[of] p1a: Great Tusk
|faint|p1a: Great Tusk
|-end|p1a: Great Tusk|Protosynthesis|[silent]
|
|t:|1760308432
|switch|p2a: Volcanion|Volcanion|100/100|[from] U-turn
|
|upkeep
|
|t:|1760308436
|switch|p1a: Thundurus|Thundurus-Therian, M|100/100
|turn|34
|
|t:|1760308442
|switch|p2a: Ting-Lu|Ting-Lu|55/100
|-damage|p2a: Ting-Lu|49/100|[from] Stealth Rock
|-ability|p2a: Ting-Lu|Vessel of Ruin
|move|p1a: Thundurus|Grass Knot|p2a: Ting-Lu
|-supereffective|p2a: Ting-Lu
|-crit|p2a: Ting-Lu
|-damage|p2a: Ting-Lu|0 fnt
|faint|p2a: Ting-Lu
|
|upkeep
|
|t:|1760308445
|switch|p2a: Raging Bolt|Raging Bolt|74/100
|-damage|p2a: Raging Bolt|62/100|[from] Stealth Rock
|turn|35
|
|t:|1760308452
|switch|p1a: Rillaboom|Rillaboom, F|26/100
|-fieldstart|move: Grassy Terrain|[from] ability: Grassy Surge|[of] p1a: Rillaboom
|move|p2a: Raging Bolt|Draco Meteor|p1a: Rillaboom
|-damage|p1a: Rillaboom|0 fnt
|-unboost|p2a: Raging Bolt|spa|2
|faint|p1a: Rillaboom
|
|-heal|p2a: Raging Bolt|68/100|[from] Grassy Terrain
|upkeep
|
|t:|1760308454
|switch|p1a: Goodra|Goodra-Hisui, F|67/100 par
|turn|36
|
|t:|1760308457
|move|p2a: Raging Bolt|Volt Switch|p1a: Goodra
|-resisted|p1a: Goodra
|-damage|p1a: Goodra|63/100 par
|
|t:|1760308459
|-end|p2a: Raging Bolt|Protosynthesis|[silent]
|switch|p2a: Volcanion|Volcanion|100/100|[from] Volt Switch
|move|p1a: Goodra|Draco Meteor|p2a: Volcanion
|-damage|p2a: Volcanion|27/100
|-unboost|p1a: Goodra|spa|2
|
|-heal|p2a: Volcanion|33/100|[from] Grassy Terrain
|-heal|p1a: Goodra|69/100 par|[from] Grassy Terrain
|upkeep
|turn|37
|
|t:|1760308467
|move|p2a: Volcanion|Flamethrower|p1a: Goodra
|-damage|p1a: Goodra|47/100 par
|move|p1a: Goodra|Draco Meteor|p2a: Volcanion
|-damage|p2a: Volcanion|0 fnt
|-unboost|p1a: Goodra|spa|2
|faint|p2a: Volcanion
|
|-heal|p1a: Goodra|53/100 par|[from] Grassy Terrain
|upkeep
|
|t:|1760308471
|switch|p2a: Ogerpon|Ogerpon-Teal-Tera, F, tera:Grass|36/100
|-damage|p2a: Ogerpon|24/100|[from] Stealth Rock
|-ability|p2a: Ogerpon|Embody Aspect (Teal)|boost
|-boost|p2a: Ogerpon|spe|1
|turn|38
|
|t:|1760308477
|switch|p1a: Thundurus|Thundurus-Therian, M|100/100
|move|p2a: Ogerpon|U-turn|p1a: Thundurus
|-resisted|p1a: Thundurus
|-damage|p1a: Thundurus|75/100
|
|t:|1760308479
|switch|p2a: Raging Bolt|Raging Bolt|68/100|[from] U-turn
|-damage|p2a: Raging Bolt|56/100|[from] Stealth Rock
|
|-heal|p2a: Raging Bolt|62/100|[from] Grassy Terrain
|upkeep
|turn|39
|
|t:|1760308483
|move|p1a: Thundurus|Volt Switch|p2a: Raging Bolt
|-resisted|p2a: Raging Bolt
|-damage|p2a: Raging Bolt|55/100
|
|t:|1760308498
|switch|p1a: Hawlucha|Hawlucha, F|100/100|[from] Volt Switch
|-enditem|p1a: Hawlucha|Grassy Seed
|-boost|p1a: Hawlucha|def|1|[from] item: Grassy Seed
|move|p2a: Raging Bolt|Draco Meteor|p1a: Hawlucha
|-damage|p1a: Hawlucha|0 fnt
|-unboost|p2a: Raging Bolt|spa|2
|faint|p1a: Hawlucha
|
|-heal|p2a: Raging Bolt|62/100|[from] Grassy Terrain
|-fieldend|move: Grassy Terrain
|upkeep
|
|t:|1760308500
|switch|p1a: Goodra|Goodra-Hisui, F|53/100 par
|turn|40
|inactive|naxduck has 120 seconds left.
|
|t:|1760308542
|move|p2a: Raging Bolt|Volt Switch|p1a: Goodra
|-resisted|p1a: Goodra
|-damage|p1a: Goodra|49/100 par
|
|t:|1760308544
|-end|p2a: Raging Bolt|Protosynthesis|[silent]
|switch|p2a: Ogerpon|Ogerpon-Teal-Tera, F, tera:Grass|24/100|[from] Volt Switch
|-damage|p2a: Ogerpon|12/100|[from] Stealth Rock
|-ability|p2a: Ogerpon|Embody Aspect (Teal)|boost
|-boost|p2a: Ogerpon|spe|1
|cant|p1a: Goodra|par
|
|upkeep
|turn|41
|inactive|naxduck has 120 seconds left.
|
|t:|1760308552
|move|p2a: Ogerpon|Knock Off|p1a: Goodra
|-damage|p1a: Goodra|6/100 par
|-ability|p1a: Goodra|Gooey
|-unboost|p2a: Ogerpon|spe|1
|-enditem|p1a: Goodra|Assault Vest|[from] move: Knock Off|[of] p2a: Ogerpon
|move|p1a: Goodra|Flamethrower|p2a: Ogerpon
|-supereffective|p2a: Ogerpon
|-damage|p2a: Ogerpon|0 fnt
|faint|p2a: Ogerpon
|detailschange|p2: Ogerpon|Ogerpon, F|[silent]
|
|upkeep
|
|t:|1760308555
|switch|p2a: Raging Bolt|Raging Bolt|62/100
|-damage|p2a: Raging Bolt|49/100|[from] Stealth Rock
|turn|42
|
|t:|1760308558
|move|p2a: Raging Bolt|Volt Switch|p1a: Goodra
|-resisted|p1a: Goodra
|-damage|p1a: Goodra|0 fnt
|faint|p1a: Goodra
|
|upkeep
|c|☆mansonabuluting|the para saved you
|
|t:|1760308565
|switch|p1a: Thundurus|Thundurus-Therian, M|75/100
|turn|43
|c|☆naxduck|i got so lucky
|
|t:|1760308571
|move|p1a: Thundurus|Tera Blast|p2a: Raging Bolt
|-damage|p2a: Raging Bolt|31/100
|move|p2a: Raging Bolt|Draco Meteor|p1a: Thundurus
|-damage|p1a: Thundurus|0 fnt
|-unboost|p2a: Raging Bolt|spa|2
|faint|p1a: Thundurus
|
|win|naxduck
|raw|mansonabuluting's rating: 1757 &rarr; <strong>1736</strong><br />(-21 for losing)
|raw|naxduck's rating: 1748 &rarr; <strong>1769</strong><br />(+21 for winning)
|l|☆mansonabuluting
|player|p1|
|l|☆naxduck
|player|p2|
|l| KappaHalo
