|j|☆syno_mako
|j|☆KingOfKanto69
|t:|1760378365
|gametype|singles
|player|p1|syno_mako|102|1238
|player|p2|KingOfKanto69|101|1281
|gen|9
|tier|[Gen 9] OU
|rated|
|rule|HP Percentage Mod: HP is shown in percentages
|rule|Endless Battle Clause: Forcing endless battles is banned
|rule|Species Clause: Limit one of each Pokémon
|rule|OHKO Clause: OHKO moves are banned
|rule|Evasion Items Clause: Evasion items are banned
|rule|Evasion Moves Clause: Evasion moves are banned
|rule|Evasion Abilities Clause: Evasion abilities are banned
|rule|Sleep Moves Clause: Sleep-inducing moves are banned
|clearpoke
|poke|p1|Gliscor, F|
|poke|p1|Darkrai|
|poke|p1|Corviknight, F|
|poke|p1|Dragapult, F|
|poke|p1|Heatran, M|
|poke|p1|Ogerpon-Wellspring, F|
|poke|p2|Gliscor, M|
|poke|p2|Ceruledge, F|
|poke|p2|Kyurem|
|poke|p2|Lokix, F|
|poke|p2|Tornadus-Therian, M|
|poke|p2|Alomomola, M|
|teampreview
|inactive|Battle timer is ON: inactive players will automatically lose when time's up. (requested by KingOfKanto69)
|
|t:|1760378373
|teamsize|p1|6
|teamsize|p2|6
|start
|switch|p1a: Darkrai|Darkrai|100/100
|switch|p2a: Kyurem|Kyurem|100/100
|-ability|p2a: Kyurem|Pressure
|turn|1
|
|t:|1760378379
|switch|p1a: Ogerpon|Ogerpon-Wellspring, F|100/100
|move|p2a: Kyurem|Dragon Dance|p2a: Kyurem
|-boost|p2a: Kyurem|atk|1
|-boost|p2a: Kyurem|spe|1
|
|upkeep
|turn|2
|
|t:|1760378384
|move|p2a: Kyurem|Icicle Spear|p1a: Ogerpon
|-crit|p1a: Ogerpon
|-damage|p1a: Ogerpon|58/100
|-damage|p1a: Ogerpon|28/100
|-damage|p1a: Ogerpon|0 fnt
|faint|p1a: Ogerpon
|-hitcount|p1: Ogerpon|3
|
|upkeep
|
|t:|1760378388
|switch|p1a: Heatran|Heatran, M|100/100
|turn|3
|
|t:|1760378393
|move|p2a: Kyurem|Dragon Dance|p2a: Kyurem
|-boost|p2a: Kyurem|atk|1
|-boost|p2a: Kyurem|spe|1
|move|p1a: Heatran|Magma Storm|p2a: Kyurem
|-damage|p2a: Kyurem|52/100
|-activate|p2a: Kyurem|move: Magma Storm|[of] p1a: Heatran
|
|-damage|p2a: Kyurem|40/100|[from] move: Magma Storm|[partiallytrapped]
|upkeep
|turn|4
|
|t:|1760378402
|move|p2a: Kyurem|Scale Shot|p1a: Heatran
|-resisted|p1a: Heatran
|-damage|p1a: Heatran|88/100
|-resisted|p1a: Heatran
|-damage|p1a: Heatran|76/100
|-resisted|p1a: Heatran
|-damage|p1a: Heatran|64/100
|-resisted|p1a: Heatran
|-damage|p1a: Heatran|51/100
|-hitcount|p1a: Heatran|4
|-unboost|p2a: Kyurem|def|1
|-boost|p2a: Kyurem|spe|1
|move|p1a: Heatran|Dragon Pulse|p2a: Kyurem
|-supereffective|p2a: Kyurem
|-damage|p2a: Kyurem|0 fnt
|faint|p2a: Kyurem
|
|upkeep
|
|t:|1760378414
|switch|p2a: Gliscor|Gliscor, M|100/100
|turn|5
|
|t:|1760378428
|switch|p1a: Gliscor|Gliscor, F|100/100
|move|p2a: Gliscor|Swords Dance|p2a: Gliscor
|-boost|p2a: Gliscor|atk|2
|
|-status|p2a: Gliscor|tox|[from] item: Toxic Orb
|-status|p1a: Gliscor|tox|[from] item: Toxic Orb
|upkeep
|turn|6
|c|☆KingOfKanto69|you make my earfquak
|
|t:|1760378437
|move|p2a: Gliscor|Facade|p1a: Gliscor
|-damage|p1a: Gliscor|40/100 tox
|move|p1a: Gliscor|Stealth Rock|p2a: Gliscor
|-sidestart|p2: KingOfKanto69|move: Stealth Rock
|
|-heal|p1a: Gliscor|53/100 tox|[from] ability: Poison Heal
|upkeep
|turn|7
|
|t:|1760378444
|move|p2a: Gliscor|Facade|p1a: Gliscor
|-damage|p1a: Gliscor|0 fnt
|faint|p1a: Gliscor
|
|upkeep
|
|t:|1760378446
|switch|p1a: Darkrai|Darkrai|100/100
|turn|8
|
|t:|1760378450
|move|p1a: Darkrai|Ice Beam|p2a: Gliscor
|-supereffective|p2a: Gliscor
|-damage|p2a: Gliscor|0 fnt
|faint|p2a: Gliscor
|
|upkeep
|
|t:|1760378457
|switch|p2a: Lokix|Lokix, F|100/100
|-damage|p2a: Lokix|76/100|[from] Stealth Rock
|turn|9
|inactive|syno_mako has 120 seconds left.
|
|t:|1760378498
|-terastallize|p1a: Darkrai|Flying
|move|p2a: Lokix|First Impression|p1a: Darkrai
|-resisted|p1a: Darkrai
|-damage|p1a: Darkrai|34/100
|-damage|p2a: Lokix|66/100|[from] item: Life Orb
|move|p1a: Darkrai|Ice Beam|p2a: Lokix
|-damage|p2a: Lokix|0 fnt
|faint|p2a: Lokix
|
|upkeep
|
|t:|1760378513
|switch|p2a: Tornadus|Tornadus-Therian, M|100/100
|-damage|p2a: Tornadus|76/100|[from] Stealth Rock
|turn|10
|
|t:|1760378520
|move|p1a: Darkrai|Ice Beam|p2a: Tornadus
|-supereffective|p2a: Tornadus
|-damage|p2a: Tornadus|0 fnt
|faint|p2a: Tornadus
|
|upkeep
|
|t:|1760378522
|switch|p2a: Alomomola|Alomomola, M|100/100
|-damage|p2a: Alomomola|88/100|[from] Stealth Rock
|turn|11
|
|t:|1760378531
|switch|p1a: Corviknight|Corviknight, F|100/100
|move|p2a: Alomomola|Scald|p1a: Corviknight
|-damage|p1a: Corviknight|88/100
|
|-heal|p2a: Alomomola|94/100|[from] item: Leftovers
|upkeep
|turn|12
|
|t:|1760378534
|move|p1a: Corviknight|Body Press|p2a: Alomomola
|-damage|p2a: Alomomola|80/100
|move|p2a: Alomomola|Scald|p1a: Corviknight
|-damage|p1a: Corviknight|75/100
|
|-heal|p2a: Alomomola|86/100|[from] item: Leftovers
|upkeep
|turn|13
|
|t:|1760378548
|move|p1a: Corviknight|Body Press|p2a: Alomomola
|-damage|p2a: Alomomola|73/100
|move|p2a: Alomomola|Scald|p1a: Corviknight
|-damage|p1a: Corviknight|61/100
|-status|p1a: Corviknight|brn
|
|-heal|p2a: Alomomola|79/100|[from] item: Leftovers
|-damage|p1a: Corviknight|55/100 brn|[from] brn
|upkeep
|turn|14
|
|t:|1760378569
|move|p1a: Corviknight|Roost|p1a: Corviknight
|-heal|p1a: Corviknight|100/100 brn
|-singleturn|p1a: Corviknight|move: Roost
|move|p2a: Alomomola|Wish|p2a: Alomomola
|
|-heal|p2a: Alomomola|85/100|[from] item: Leftovers
|-damage|p1a: Corviknight|94/100 brn|[from] brn
|upkeep
|turn|15
|
|t:|1760378579
|switch|p1a: Dragapult|Dragapult, F|100/100
|move|p2a: Alomomola|Scald|p1a: Dragapult
|-resisted|p1a: Dragapult
|-damage|p1a: Dragapult|91/100
|-status|p1a: Dragapult|brn
|
|-heal|p2a: Alomomola|100/100|[from] move: Wish|[wisher] Alomomola
|-damage|p1a: Dragapult|85/100 brn|[from] brn
|upkeep
|turn|16
|
|t:|1760378589
|move|p1a: Dragapult|U-turn|p2a: Alomomola
|-damage|p2a: Alomomola|91/100
|
|t:|1760378591
|switch|p1a: Darkrai|Darkrai, tera:Flying|34/100|[from] U-turn
|move|p2a: Alomomola|Scald|p1a: Darkrai
|-damage|p1a: Darkrai|17/100
|
|-heal|p2a: Alomomola|97/100|[from] item: Leftovers
|upkeep
|turn|17
|
|t:|1760378599
|move|p1a: Darkrai|Thunder|p2a: Alomomola
|-supereffective|p2a: Alomomola
|-damage|p2a: Alomomola|0 fnt
|faint|p2a: Alomomola
|
|upkeep
|
|t:|1760378601
|switch|p2a: Ceruledge|Ceruledge, F|100/100
|-damage|p2a: Ceruledge|76/100|[from] Stealth Rock
|turn|18
|
|t:|1760378608
|move|p2a: Ceruledge|Shadow Sneak|p1a: Darkrai
|-damage|p1a: Darkrai|0 fnt
|faint|p1a: Darkrai
|
|upkeep
|
|t:|1760378618
|switch|p1a: Heatran|Heatran, M|51/100
|turn|19
|
|t:|1760378624
|move|p2a: Ceruledge|Poltergeist|p1a: Heatran
|-activate|p1a: Heatran|move: Poltergeist|Assault Vest
|-damage|p1a: Heatran|1/100
|move|p1a: Heatran|Earth Power|p2a: Ceruledge
|-supereffective|p2a: Ceruledge
|-damage|p2a: Ceruledge|3/100
|-enditem|p2a: Ceruledge|Weakness Policy
|-boost|p2a: Ceruledge|atk|2|[from] item: Weakness Policy
|-boost|p2a: Ceruledge|spa|2|[from] item: Weakness Policy
|
|upkeep
|turn|20
|
|t:|1760378634
|move|p2a: Ceruledge|Shadow Sneak|p1a: Heatran
|-damage|p1a: Heatran|0 fnt
|faint|p1a: Heatran
|
|upkeep
|
|t:|1760378635
|switch|p1a: Dragapult|Dragapult, F|85/100 brn
|turn|21
|
|t:|1760378639
|move|p2a: Ceruledge|Shadow Sneak|p1a: Dragapult
|-supereffective|p1a: Dragapult
|-damage|p1a: Dragapult|0 fnt
|faint|p1a: Dragapult
|
|upkeep
|
|t:|1760378640
|switch|p1a: Corviknight|Corviknight, F|94/100 brn
|turn|22
|
|t:|1760378644
|-terastallize|p2a: Ceruledge|Fire
|move|p2a: Ceruledge|Bitter Blade|p1a: Corviknight
|-supereffective|p1a: Corviknight
|-damage|p1a: Corviknight|0 fnt
|-heal|p2a: Ceruledge|68/100|[from] drain|[of] p1a: Corviknight
|faint|p1a: Corviknight
|
|win|KingOfKanto69
|raw|syno_mako's rating: 1238 &rarr; <strong>1216</strong><br />(-22 for losing)
|raw|KingOfKanto69's rating: 1281 &rarr; <strong>1303</strong><br />(+22 for winning)
|l|☆syno_mako
|player|p1|
|c|☆KingOfKanto69|CERULEEEEEEDGEEEE
