|j|☆dishes_ttv
|j|☆crazey19
|t:|1760301466
|gametype|singles
|player|p1|dishes_ttv|102|1497
|player|p2|crazey19|169|1477
|gen|9
|tier|[Gen 9] OU
|rated|
|rule|HP Percentage Mod: HP is shown in percentages
|rule|Endless Battle Clause: Forcing endless battles is banned
|rule|Species Clause: Limit one of each Pokémon
|rule|OHKO Clause: OHKO moves are banned
|rule|Evasion Items Clause: Evasion items are banned
|rule|Evasion Moves Clause: Evasion moves are banned
|rule|Evasion Abilities Clause: Evasion abilities are banned
|rule|Sleep Moves Clause: Sleep-inducing moves are banned
|clearpoke
|poke|p1|Gholdengo|
|poke|p1|Dragonite, M|
|poke|p1|Clefable, M|
|poke|p1|Arcanine-Hisui, M|
|poke|p1|Araquanid, F|
|poke|p1|Iron Treads|
|poke|p2|Scizor, M|
|poke|p2|Heatran, F|
|poke|p2|Garchomp, M|
|poke|p2|Thundurus-Therian, M|
|poke|p2|Glimmora, M|
|poke|p2|Zarude-Dada|
|teampreview
|inactive|Battle timer is ON: inactive players will automatically lose when time's up. (requested by crazey19)
|
|t:|1760301488
|teamsize|p1|6
|teamsize|p2|6
|start
|switch|p1a: Gholdengo|Gholdengo|100/100
|switch|p2a: Glimmora|Glimmora, M, shiny|100/100
|turn|1
|
|t:|1760301494
|move|p1a: Gholdengo|Make It Rain|p2a: Glimmora
|-supereffective|p2a: Glimmora
|-enditem|p2a: Glimmora|Focus Sash
|-damage|p2a: Glimmora|1/100
|-unboost|p1a: Gholdengo|spa|1
|move|p2a: Glimmora|Stealth Rock|p1a: Gholdengo
|-sidestart|p1: dishes_ttv|move: Stealth Rock
|
|upkeep
|turn|2
|
|t:|1760301499
|move|p1a: Gholdengo|Make It Rain|p2a: Glimmora
|-supereffective|p2a: Glimmora
|-damage|p2a: Glimmora|0 fnt
|-unboost|p1a: Gholdengo|spa|1
|faint|p2a: Glimmora
|
|upkeep
|
|t:|1760301509
|switch|p2a: Zarude|Zarude-Dada|100/100
|turn|3
|
|t:|1760301514
|switch|p1a: Clefable|Clefable, M|100/100
|move|p2a: Zarude|Swords Dance|p2a: Zarude
|-boost|p2a: Zarude|atk|2
|
|upkeep
|turn|4
|
|t:|1760301519
|move|p2a: Zarude|Knock Off|p1a: Clefable
|-resisted|p1a: Clefable
|-damage|p1a: Clefable|62/100
|-enditem|p1a: Clefable|Leftovers|[from] move: Knock Off|[of] p2a: Zarude
|move|p1a: Clefable|Thunder Wave|p2a: Zarude
|-status|p2a: Zarude|par
|
|upkeep
|turn|5
|
|t:|1760301525
|move|p2a: Zarude|Trailblaze|p1a: Clefable
|-damage|p1a: Clefable|22/100
|-boost|p2a: Zarude|spe|1
|move|p1a: Clefable|Moonblast|p2a: Zarude
|-supereffective|p2a: Zarude
|-damage|p2a: Zarude|42/100 par
|
|upkeep
|turn|6
|
|t:|1760301537
|switch|p2a: Scizor|Scizor, M|100/100
|switch|p1a: Dragonite|Dragonite, M|100/100
|
|upkeep
|turn|7
|
|t:|1760301557
|switch|p1a: Iron Treads|Iron Treads|100/100
|-damage|p1a: Iron Treads|97/100|[from] Stealth Rock
|move|p2a: Scizor|Knock Off|p1a: Iron Treads
|-damage|p1a: Iron Treads|69/100
|-enditem|p1a: Iron Treads|Leftovers|[from] move: Knock Off|[of] p2a: Scizor
|
|upkeep
|turn|8
|
|t:|1760301565
|move|p1a: Iron Treads|Rapid Spin|p2a: Scizor
|-resisted|p2a: Scizor
|-damage|p2a: Scizor|94/100
|-boost|p1a: Iron Treads|spe|1
|-sideend|p1: dishes_ttv|Stealth Rock|[from] move: Rapid Spin|[of] p1a: Iron Treads
|move|p2a: Scizor|U-turn|p1a: Iron Treads
|-resisted|p1a: Iron Treads
|-damage|p1a: Iron Treads|52/100
|
|t:|1760301592
|switch|p2a: Zarude|Zarude-Dada|42/100 par|[from] U-turn
|
|upkeep
|turn|9
|inactive|crazey19 has 120 seconds left.
|
|t:|1760301617
|move|p1a: Iron Treads|Volt Switch|p2a: Zarude
|-resisted|p2a: Zarude
|-damage|p2a: Zarude|37/100 par
|
|t:|1760301621
|-end|p1a: Iron Treads|Quark Drive|[silent]
|switch|p1a: Clefable|Clefable, M|22/100|[from] Volt Switch
|move|p2a: Zarude|Close Combat|p1a: Clefable
|-resisted|p1a: Clefable
|-crit|p1a: Clefable
|-damage|p1a: Clefable|1/100
|-unboost|p2a: Zarude|def|1
|-unboost|p2a: Zarude|spd|1
|
|upkeep
|turn|10
|inactive|crazey19 has 120 seconds left.
|
|t:|1760301640
|move|p2a: Zarude|Trailblaze|p1a: Clefable
|-damage|p1a: Clefable|0 fnt
|-boost|p2a: Zarude|spe|1
|faint|p1a: Clefable
|
|upkeep
|
|t:|1760301654
|switch|p1a: Arcanine|Arcanine-Hisui, M|100/100
|turn|11
|
|t:|1760301663
|move|p1a: Arcanine|Close Combat|p2a: Zarude
|-supereffective|p2a: Zarude
|-damage|p2a: Zarude|0 fnt
|-unboost|p1a: Arcanine|def|1
|-unboost|p1a: Arcanine|spd|1
|faint|p2a: Zarude
|
|upkeep
|
|t:|1760301669
|switch|p2a: Heatran|Heatran, F|100/100
|-item|p2a: Heatran|Air Balloon
|turn|12
|
|t:|1760301678
|switch|p1a: Araquanid|Araquanid, F|100/100
|move|p2a: Heatran|Scorching Sands|p1a: Araquanid
|-resisted|p1a: Araquanid
|-damage|p1a: Araquanid|94/100
|
|upkeep
|turn|13
|
|t:|1760301688
|switch|p2a: Thundurus|Thundurus-Therian, M, shiny|100/100
|move|p1a: Araquanid|Sticky Web|p2a: Thundurus
|-sidestart|p2: crazey19|move: Sticky Web
|
|upkeep
|turn|14
|
|t:|1760301697
|switch|p1a: Iron Treads|Iron Treads|52/100
|move|p2a: Thundurus|Volt Switch|p1a: Iron Treads
|-immune|p1a: Iron Treads
|
|upkeep
|turn|15
|
|t:|1760301704
|switch|p2a: Heatran|Heatran, F|100/100
|-item|p2a: Heatran|Air Balloon
|move|p1a: Iron Treads|Knock Off|p2a: Heatran
|-crit|p2a: Heatran
|-damage|p2a: Heatran|76/100
|-enditem|p2a: Heatran|Air Balloon
|
|upkeep
|turn|16
|
|t:|1760301718
|move|p1a: Iron Treads|Earthquake|p2a: Heatran
|-supereffective|p2a: Heatran
|-damage|p2a: Heatran|0 fnt
|faint|p2a: Heatran
|
|upkeep
|
|t:|1760301723
|switch|p2a: Garchomp|Garchomp, M|100/100
|-activate|p2a: Garchomp|move: Sticky Web
|-unboost|p2a: Garchomp|spe|1
|turn|17
|
|t:|1760301729
|move|p1a: Iron Treads|Knock Off|p2a: Garchomp
|-damage|p2a: Garchomp|75/100
|-damage|p1a: Iron Treads|40/100|[from] ability: Rough Skin|[of] p2a: Garchomp
|-enditem|p2a: Garchomp|Loaded Dice|[from] move: Knock Off|[of] p1a: Iron Treads
|move|p2a: Garchomp|Earthquake|p1a: Iron Treads
|-supereffective|p1a: Iron Treads
|-damage|p1a: Iron Treads|0 fnt
|faint|p1a: Iron Treads
|-end|p1a: Iron Treads|Quark Drive|[silent]
|
|upkeep
|
|t:|1760301740
|switch|p1a: Dragonite|Dragonite, M|100/100
|turn|18
|inactive|dishes_ttv has 120 seconds left.
|
|t:|1760301772
|-terastallize|p1a: Dragonite|Fairy
|-terastallize|p2a: Garchomp|Fire
|move|p1a: Dragonite|Tera Blast|p2a: Garchomp|[anim] Tera Blast Fairy
|-resisted|p2a: Garchomp
|-damage|p2a: Garchomp|52/100
|move|p2a: Garchomp|Scale Shot|p1a: Dragonite
|-immune|p1a: Dragonite
|
|upkeep
|turn|19
|
|t:|1760301777
|move|p1a: Dragonite|Earthquake|p2a: Garchomp
|-supereffective|p2a: Garchomp
|-damage|p2a: Garchomp|0 fnt
|faint|p2a: Garchomp
|
|upkeep
|
|t:|1760301781
|switch|p2a: Scizor|Scizor, M|94/100
|-activate|p2a: Scizor|move: Sticky Web
|-unboost|p2a: Scizor|spe|1
|turn|20
|
|t:|1760301784
|move|p2a: Scizor|Bullet Punch|p1a: Dragonite
|-supereffective|p1a: Dragonite
|-damage|p1a: Dragonite|61/100
|move|p1a: Dragonite|Earthquake|p2a: Scizor
|-damage|p2a: Scizor|54/100
|
|upkeep
|turn|21
|
|t:|1760301789
|move|p2a: Scizor|Bullet Punch|p1a: Dragonite
|-supereffective|p1a: Dragonite
|-damage|p1a: Dragonite|0 fnt
|faint|p1a: Dragonite
|
|upkeep
|
|t:|1760301796
|switch|p1a: Gholdengo|Gholdengo|100/100
|turn|22
|
|t:|1760301800
|move|p1a: Gholdengo|Shadow Ball|p2a: Scizor
|-damage|p2a: Scizor|7/100
|-enditem|p2a: Scizor|Sitrus Berry|[eat]
|-heal|p2a: Scizor|32/100|[from] item: Sitrus Berry
|move|p2a: Scizor|Knock Off|p1a: Gholdengo
|-supereffective|p1a: Gholdengo
|-damage|p1a: Gholdengo|11/100
|-enditem|p1a: Gholdengo|Choice Scarf|[from] move: Knock Off|[of] p2a: Scizor
|
|upkeep
|turn|23
|
|t:|1760301805
|move|p2a: Scizor|Bullet Punch|p1a: Gholdengo
|-resisted|p1a: Gholdengo
|-damage|p1a: Gholdengo|0 fnt
|faint|p1a: Gholdengo
|
|upkeep
|
|t:|1760301808
|switch|p1a: Araquanid|Araquanid, F|94/100
|turn|24
|
|t:|1760301811
|switch|p2a: Thundurus|Thundurus-Therian, M, shiny|100/100
|move|p1a: Araquanid|Liquidation|p2a: Thundurus
|-damage|p2a: Thundurus|30/100
|
|upkeep
|turn|25
|
|t:|1760301820
|move|p2a: Thundurus|Thunderbolt|p1a: Araquanid
|-supereffective|p1a: Araquanid
|-damage|p1a: Araquanid|26/100
|move|p1a: Araquanid|Liquidation|p2a: Thundurus
|-damage|p2a: Thundurus|0 fnt
|faint|p2a: Thundurus
|
|upkeep
|
|t:|1760301822
|switch|p2a: Scizor|Scizor, M|32/100
|-activate|p2a: Scizor|move: Sticky Web
|-unboost|p2a: Scizor|spe|1
|turn|26
|-message|crazey19 forfeited.
|
|win|dishes_ttv
|raw|dishes_ttv's rating: 1497 &rarr; <strong>1516</strong><br />(+19 for winning)
|raw|crazey19's rating: 1477 &rarr; <strong>1458</strong><br />(-19 for losing)
|l|☆crazey19
|player|p2|
|l|☆dishes_ttv
|player|p1|
