|j|☆yaotaiwon
|j|☆SillyScallop
|t:|1760385521
|gametype|singles
|player|p1|yaotaiwon|265|1523
|player|p2|SillyScallop|maid|1521
|gen|9
|tier|[Gen 9] OU
|rated|
|rule|HP Percentage Mod: HP is shown in percentages
|rule|Endless Battle Clause: Forcing endless battles is banned
|rule|Species Clause: Limit one of each Pokémon
|rule|OHKO Clause: OHKO moves are banned
|rule|Evasion Items Clause: Evasion items are banned
|rule|Evasion Moves Clause: Evasion moves are banned
|rule|Evasion Abilities Clause: Evasion abilities are banned
|rule|Sleep Moves Clause: Sleep-inducing moves are banned
|clearpoke
|poke|p1|Grimmsnarl, M|
|poke|p1|Garganacl, F|
|poke|p1|Sinistcha|
|poke|p1|Skeledirge, F|
|poke|p1|Corviknight, F|
|poke|p1|Iron Valiant|
|poke|p2|Slowking-Galar, F|
|poke|p2|Hydrapple, F|
|poke|p2|Iron Treads|
|poke|p2|Mandibuzz, F|
|poke|p2|Clefable, M|
|poke|p2|Tauros-Paldea-Aqua, M|
|teampreview
|
|t:|1760385529
|teamsize|p1|6
|teamsize|p2|6
|start
|switch|p1a: Grimmsnarl|Grimmsnarl, M|100/100
|switch|p2a: Slowking|Slowking-Galar, F|100/100
|turn|1
|
|t:|1760385533
|move|p1a: Grimmsnarl|Fake Out|p2a: Slowking
|-crit|p2a: Slowking
|-damage|p2a: Slowking|83/100
|cant|p2a: Slowking|flinch
|
|-heal|p2a: Slowking|89/100|[from] item: Black Sludge
|upkeep
|turn|2
|
|t:|1760385536
|move|p1a: Grimmsnarl|Parting Shot|p2a: Slowking
|-unboost|p2a: Slowking|atk|1
|-unboost|p2a: Slowking|spa|1
|
|t:|1760385539
|switch|p1a: Garganacl|Garganacl, F|100/100|[from] Parting Shot
|move|p2a: Slowking|Trick|p1a: Garganacl
|-activate|p2a: Slowking|move: Trick|[of] p1a: Garganacl
|-item|p1a: Garganacl|Black Sludge|[from] move: Trick
|-item|p2a: Slowking|Leftovers|[from] move: Trick
|
|-damage|p1a: Garganacl|88/100|[from] item: Black Sludge
|-heal|p2a: Slowking|95/100|[from] item: Leftovers
|upkeep
|turn|3
|inactive|Battle timer is ON: inactive players will automatically lose when time's up. (requested by SillyScallop)
|
|t:|1760385545
|move|p1a: Garganacl|Stealth Rock|p2a: Slowking
|-sidestart|p2: SillyScallop|move: Stealth Rock
|-prepare|p2a: Slowking|Chilly Reception|[premajor]
|move|p2a: Slowking|Chilly Reception|p2a: Slowking
|-weather|Snowscape
|
|t:|1760385551
|switch|p2a: Tauros|Tauros-Paldea-Aqua, M|100/100|[from] Chilly Reception
|-damage|p2a: Tauros|94/100|[from] Stealth Rock
|-ability|p2a: Tauros|Intimidate|boost
|-unboost|p1a: Garganacl|atk|1
|
|-weather|Snowscape|[upkeep]
|-heal|p2a: Tauros|100/100|[from] item: Leftovers
|-damage|p1a: Garganacl|76/100|[from] item: Black Sludge
|upkeep
|turn|4
|
|t:|1760385558
|switch|p1a: Corviknight|Corviknight, F|100/100
|-ability|p1a: Corviknight|Pressure
|move|p2a: Tauros|Bulk Up|p2a: Tauros
|-boost|p2a: Tauros|atk|1
|-boost|p2a: Tauros|def|1
|
|-weather|Snowscape|[upkeep]
|upkeep
|turn|5
|
|t:|1760385568
|move|p2a: Tauros|Raging Bull|p1a: Corviknight
|-damage|p1a: Corviknight|69/100
|move|p1a: Corviknight|U-turn|p2a: Tauros
|-resisted|p2a: Tauros
|-damage|p2a: Tauros|97/100
|
|t:|1760385573
|switch|p1a: Grimmsnarl|Grimmsnarl, M|100/100|[from] U-turn
|
|-weather|Snowscape|[upkeep]
|-heal|p2a: Tauros|100/100|[from] item: Leftovers
|upkeep
|turn|6
|
|t:|1760385579
|move|p1a: Grimmsnarl|Fake Out|p2a: Tauros
|-damage|p2a: Tauros|96/100
|cant|p2a: Tauros|flinch
|
|-weather|Snowscape|[upkeep]
|-heal|p2a: Tauros|100/100|[from] item: Leftovers
|upkeep
|turn|7
|
|t:|1760385582
|move|p1a: Grimmsnarl|Reflect|p1a: Grimmsnarl
|-sidestart|p1: yaotaiwon|Reflect
|move|p2a: Tauros|Bulk Up|p2a: Tauros
|-boost|p2a: Tauros|atk|1
|-boost|p2a: Tauros|def|1
|
|-weather|none
|upkeep
|turn|8
|
|t:|1760385586
|move|p1a: Grimmsnarl|Parting Shot|p2a: Tauros
|-unboost|p2a: Tauros|atk|1
|-unboost|p2a: Tauros|spa|1
|
|t:|1760385591
|switch|p1a: Sinistcha|Sinistcha|100/100|[from] Parting Shot
|move|p2a: Tauros|Bulk Up|p2a: Tauros
|-boost|p2a: Tauros|atk|1
|-boost|p2a: Tauros|def|1
|
|upkeep
|turn|9
|
|t:|1760385607
|switch|p2a: Iron Treads|Iron Treads|100/100
|-damage|p2a: Iron Treads|97/100|[from] Stealth Rock
|move|p1a: Sinistcha|Strength Sap|p2a: Iron Treads
|-unboost|p2a: Iron Treads|atk|1
|
|-heal|p2a: Iron Treads|100/100|[from] item: Leftovers
|upkeep
|turn|10
|
|t:|1760385615
|move|p2a: Iron Treads|Stealth Rock|p1a: Sinistcha
|-sidestart|p1: yaotaiwon|move: Stealth Rock
|move|p1a: Sinistcha|Calm Mind|p1a: Sinistcha
|-boost|p1a: Sinistcha|spa|1
|-boost|p1a: Sinistcha|spd|1
|
|upkeep
|turn|11
|
|t:|1760385625
|-end|p2a: Iron Treads|Quark Drive|[silent]
|switch|p2a: Clefable|Clefable, M|100/100
|-damage|p2a: Clefable|88/100|[from] Stealth Rock
|move|p1a: Sinistcha|Shadow Ball|p2a: Clefable
|-crit|p2a: Clefable
|-damage|p2a: Clefable|42/100
|
|-heal|p2a: Clefable|48/100|[from] item: Leftovers
|upkeep
|turn|12
|
|t:|1760385629
|move|p1a: Sinistcha|Shadow Ball|p2a: Clefable
|-damage|p2a: Clefable|20/100
|move|p2a: Clefable|Moonlight|p2a: Clefable
|-heal|p2a: Clefable|70/100
|
|-heal|p2a: Clefable|76/100|[from] item: Leftovers
|upkeep
|turn|13
|
|t:|1760385634
|move|p1a: Sinistcha|Calm Mind|p1a: Sinistcha
|-boost|p1a: Sinistcha|spa|1
|-boost|p1a: Sinistcha|spd|1
|move|p2a: Clefable|Calm Mind|p2a: Clefable
|-boost|p2a: Clefable|spa|1
|-boost|p2a: Clefable|spd|1
|
|-heal|p2a: Clefable|82/100|[from] item: Leftovers
|upkeep
|turn|14
|
|t:|1760385637
|move|p1a: Sinistcha|Shadow Ball|p2a: Clefable
|-damage|p2a: Clefable|63/100
|move|p2a: Clefable|Calm Mind|p2a: Clefable
|-boost|p2a: Clefable|spa|1
|-boost|p2a: Clefable|spd|1
|
|-heal|p2a: Clefable|69/100|[from] item: Leftovers
|-sideend|p1: yaotaiwon|Reflect
|upkeep
|turn|15
|
|t:|1760385641
|move|p1a: Sinistcha|Shadow Ball|p2a: Clefable
|-damage|p2a: Clefable|54/100
|move|p2a: Clefable|Moonlight|p2a: Clefable
|-heal|p2a: Clefable|100/100
|
|upkeep
|turn|16
|
|t:|1760385649
|switch|p1a: Skeledirge|Skeledirge, F|100/100
|-damage|p1a: Skeledirge|75/100|[from] Stealth Rock
|move|p2a: Clefable|Calm Mind|p2a: Clefable
|-boost|p2a: Clefable|spa|1
|-boost|p2a: Clefable|spd|1
|
|-heal|p1a: Skeledirge|82/100|[from] item: Leftovers
|upkeep
|turn|17
|
|t:|1760385672
|switch|p2a: Slowking|Slowking-Galar, F|100/100
|-damage|p2a: Slowking|88/100|[from] Stealth Rock
|move|p1a: Skeledirge|Will-O-Wisp|p2a: Slowking
|-status|p2a: Slowking|brn
|
|-heal|p1a: Skeledirge|88/100|[from] item: Leftovers
|-heal|p2a: Slowking|94/100 brn|[from] item: Leftovers
|-damage|p2a: Slowking|88/100 brn|[from] brn
|upkeep
|turn|18
|
|t:|1760385676
|switch|p1a: Corviknight|Corviknight, F|69/100
|-damage|p1a: Corviknight|56/100|[from] Stealth Rock
|-ability|p1a: Corviknight|Pressure
|-prepare|p2a: Slowking|Chilly Reception|[premajor]
|move|p2a: Slowking|Chilly Reception|p2a: Slowking
|-weather|Snowscape
|
|t:|1760385684
|switch|p2a: Iron Treads|Iron Treads|100/100|[from] Chilly Reception
|-damage|p2a: Iron Treads|97/100|[from] Stealth Rock
|
|-weather|Snowscape|[upkeep]
|-heal|p2a: Iron Treads|100/100|[from] item: Leftovers
|-heal|p1a: Corviknight|62/100|[from] item: Leftovers
|upkeep
|turn|19
|
|t:|1760385696
|switch|p1a: Sinistcha|Sinistcha|100/100
|-damage|p1a: Sinistcha|88/100|[from] Stealth Rock
|move|p2a: Iron Treads|Knock Off|p1a: Sinistcha
|-supereffective|p1a: Sinistcha
|-damage|p1a: Sinistcha|50/100
|-enditem|p1a: Sinistcha|Leftovers|[from] move: Knock Off|[of] p2a: Iron Treads
|
|-weather|Snowscape|[upkeep]
|upkeep
|turn|20
|
|t:|1760385705
|-end|p2a: Iron Treads|Quark Drive|[silent]
|switch|p2a: Clefable|Clefable, M|100/100
|-damage|p2a: Clefable|88/100|[from] Stealth Rock
|move|p1a: Sinistcha|Strength Sap|p2a: Clefable
|-unboost|p2a: Clefable|atk|1
|-heal|p1a: Sinistcha|87/100
|
|-weather|Snowscape|[upkeep]
|-heal|p2a: Clefable|94/100|[from] item: Leftovers
|upkeep
|turn|21
|
|t:|1760385708
|switch|p1a: Skeledirge|Skeledirge, F|88/100
|-damage|p1a: Skeledirge|63/100|[from] Stealth Rock
|move|p2a: Clefable|Calm Mind|p2a: Clefable
|-boost|p2a: Clefable|spa|1
|-boost|p2a: Clefable|spd|1
|
|-weather|Snowscape|[upkeep]
|-heal|p1a: Skeledirge|69/100|[from] item: Leftovers
|-heal|p2a: Clefable|99/100|[from] item: Leftovers
|upkeep
|turn|22
|
|t:|1760385716
|switch|p2a: Slowking|Slowking-Galar, F|100/100 brn
|-damage|p2a: Slowking|88/100 brn|[from] Stealth Rock
|move|p1a: Skeledirge|Torch Song|p2a: Slowking
|-damage|p2a: Slowking|71/100 brn
|-boost|p1a: Skeledirge|spa|1
|
|-weather|none
|-heal|p1a: Skeledirge|75/100|[from] item: Leftovers
|-heal|p2a: Slowking|77/100 brn|[from] item: Leftovers
|-damage|p2a: Slowking|71/100 brn|[from] brn
|upkeep
|turn|23
|
|t:|1760385720
|move|p1a: Skeledirge|Hex|p2a: Slowking
|-supereffective|p2a: Slowking
|-damage|p2a: Slowking|0 fnt
|faint|p2a: Slowking
|
|-heal|p1a: Skeledirge|81/100|[from] item: Leftovers
|upkeep
|
|t:|1760385726
|switch|p2a: Tauros|Tauros-Paldea-Aqua, M|100/100
|-damage|p2a: Tauros|94/100|[from] Stealth Rock
|-ability|p2a: Tauros|Intimidate|boost
|-unboost|p1a: Skeledirge|atk|1
|turn|24
|
|t:|1760385737
|switch|p1a: Sinistcha|Sinistcha|87/100
|-damage|p1a: Sinistcha|75/100|[from] Stealth Rock
|move|p2a: Tauros|Raging Bull|p1a: Sinistcha
|-resisted|p1a: Sinistcha
|-damage|p1a: Sinistcha|63/100
|
|-heal|p2a: Tauros|100/100|[from] item: Leftovers
|upkeep
|turn|25
|
|t:|1760385747
|switch|p2a: Clefable|Clefable, M|99/100
|-damage|p2a: Clefable|88/100|[from] Stealth Rock
|move|p1a: Sinistcha|Strength Sap|p2a: Clefable
|-unboost|p2a: Clefable|atk|1
|-heal|p1a: Sinistcha|100/100
|
|-heal|p2a: Clefable|94/100|[from] item: Leftovers
|upkeep
|turn|26
|
|t:|1760385753
|switch|p1a: Corviknight|Corviknight, F|62/100
|-damage|p1a: Corviknight|50/100|[from] Stealth Rock
|-ability|p1a: Corviknight|Pressure
|move|p2a: Clefable|Moonblast|p1a: Corviknight
|-resisted|p1a: Corviknight
|-damage|p1a: Corviknight|36/100
|
|-heal|p1a: Corviknight|42/100|[from] item: Leftovers
|-heal|p2a: Clefable|99/100|[from] item: Leftovers
|upkeep
|turn|27
|
|t:|1760385755
|move|p1a: Corviknight|Defog|p2a: Clefable
|-unboost|p2a: Clefable|evasion|1
|-sideend|p2: SillyScallop|Stealth Rock|[from] move: Defog|[of] p1a: Corviknight
|-sideend|p1: yaotaiwon|Stealth Rock|[from] move: Defog|[of] p1a: Corviknight
|move|p2a: Clefable|Flamethrower|p1a: Corviknight
|-supereffective|p1a: Corviknight
|-damage|p1a: Corviknight|6/100
|
|-heal|p1a: Corviknight|13/100|[from] item: Leftovers
|-heal|p2a: Clefable|100/100|[from] item: Leftovers
|upkeep
|turn|28
|
|t:|1760385760
|move|p1a: Corviknight|Roost|p1a: Corviknight
|-heal|p1a: Corviknight|63/100
|-singleturn|p1a: Corviknight|move: Roost
|move|p2a: Clefable|Moonblast|p1a: Corviknight
|-resisted|p1a: Corviknight
|-damage|p1a: Corviknight|50/100
|
|-heal|p1a: Corviknight|56/100|[from] item: Leftovers
|upkeep
|turn|29
|
|t:|1760385763
|move|p1a: Corviknight|Roost|p1a: Corviknight
|-heal|p1a: Corviknight|100/100
|-singleturn|p1a: Corviknight|move: Roost
|move|p2a: Clefable|Calm Mind|p2a: Clefable
|-boost|p2a: Clefable|spa|1
|-boost|p2a: Clefable|spd|1
|
|upkeep
|turn|30
|
|t:|1760385766
|move|p1a: Corviknight|U-turn|p2a: Clefable
|-resisted|p2a: Clefable
|-damage|p2a: Clefable|95/100
|
|t:|1760385767
|switch|p1a: Skeledirge|Skeledirge, F|81/100|[from] U-turn
|move|p2a: Clefable|Flamethrower|p1a: Skeledirge
|-resisted|p1a: Skeledirge
|-damage|p1a: Skeledirge|74/100
|
|-heal|p1a: Skeledirge|80/100|[from] item: Leftovers
|-heal|p2a: Clefable|100/100|[from] item: Leftovers
|upkeep
|turn|31
|
|t:|1760385789
|switch|p2a: Iron Treads|Iron Treads|100/100
|move|p1a: Skeledirge|Will-O-Wisp|p2a: Iron Treads
|-status|p2a: Iron Treads|brn
|
|-heal|p1a: Skeledirge|86/100|[from] item: Leftovers
|-damage|p2a: Iron Treads|94/100 brn|[from] brn
|upkeep
|turn|32
|
|t:|1760385794
|switch|p1a: Sinistcha|Sinistcha|100/100
|move|p2a: Iron Treads|Stealth Rock|p1a: Sinistcha
|-sidestart|p1: yaotaiwon|move: Stealth Rock
|
|-heal|p2a: Iron Treads|100/100 brn|[from] item: Leftovers
|-damage|p2a: Iron Treads|94/100 brn|[from] brn
|upkeep
|turn|33
|
|t:|1760385799
|-end|p2a: Iron Treads|Quark Drive|[silent]
|switch|p2a: Clefable|Clefable, M|100/100
|move|p1a: Sinistcha|Shadow Ball|p2a: Clefable
|-damage|p2a: Clefable|72/100
|
|-heal|p2a: Clefable|78/100|[from] item: Leftovers
|upkeep
|turn|34
|
|t:|1760385803
|switch|p1a: Corviknight|Corviknight, F|100/100
|-damage|p1a: Corviknight|88/100|[from] Stealth Rock
|-ability|p1a: Corviknight|Pressure
|move|p2a: Clefable|Calm Mind|p2a: Clefable
|-boost|p2a: Clefable|spa|1
|-boost|p2a: Clefable|spd|1
|
|-heal|p1a: Corviknight|94/100|[from] item: Leftovers
|-heal|p2a: Clefable|84/100|[from] item: Leftovers
|upkeep
|turn|35
|
|t:|1760385805
|move|p1a: Corviknight|Defog|p2a: Clefable
|-unboost|p2a: Clefable|evasion|1
|-sideend|p1: yaotaiwon|Stealth Rock|[from] move: Defog|[of] p1a: Corviknight
|move|p2a: Clefable|Flamethrower|p1a: Corviknight
|-supereffective|p1a: Corviknight
|-damage|p1a: Corviknight|46/100
|
|-heal|p1a: Corviknight|52/100|[from] item: Leftovers
|-heal|p2a: Clefable|90/100|[from] item: Leftovers
|upkeep
|turn|36
|
|t:|1760385812
|switch|p2a: Iron Treads|Iron Treads|94/100 brn
|move|p1a: Corviknight|U-turn|p2a: Iron Treads
|-resisted|p2a: Iron Treads
|-damage|p2a: Iron Treads|89/100 brn
|
|t:|1760385817
|switch|p1a: Grimmsnarl|Grimmsnarl, M|100/100|[from] U-turn
|
|-heal|p2a: Iron Treads|95/100 brn|[from] item: Leftovers
|-damage|p2a: Iron Treads|89/100 brn|[from] brn
|upkeep
|turn|37
|
|t:|1760385820
|move|p1a: Grimmsnarl|Fake Out|p2a: Iron Treads
|-resisted|p2a: Iron Treads
|-damage|p2a: Iron Treads|85/100 brn
|cant|p2a: Iron Treads|flinch
|
|-heal|p2a: Iron Treads|91/100 brn|[from] item: Leftovers
|-damage|p2a: Iron Treads|85/100 brn|[from] brn
|upkeep
|turn|38
|
|t:|1760385826
|move|p1a: Grimmsnarl|Parting Shot|p2a: Iron Treads
|-unboost|p2a: Iron Treads|atk|1
|-unboost|p2a: Iron Treads|spa|1
|
|t:|1760385828
|switch|p1a: Corviknight|Corviknight, F|52/100|[from] Parting Shot
|-ability|p1a: Corviknight|Pressure
|move|p2a: Iron Treads|Stealth Rock|p1a: Corviknight
|-sidestart|p1: yaotaiwon|move: Stealth Rock
|
|-heal|p2a: Iron Treads|91/100 brn|[from] item: Leftovers
|-heal|p1a: Corviknight|58/100|[from] item: Leftovers
|-damage|p2a: Iron Treads|85/100 brn|[from] brn
|upkeep
|turn|39
|
|t:|1760385834
|move|p2a: Iron Treads|Knock Off|p1a: Corviknight
|-damage|p1a: Corviknight|53/100
|-enditem|p1a: Corviknight|Leftovers|[from] move: Knock Off|[of] p2a: Iron Treads
|move|p1a: Corviknight|Roost|p1a: Corviknight
|-heal|p1a: Corviknight|100/100
|-singleturn|p1a: Corviknight|move: Roost
|
|-heal|p2a: Iron Treads|91/100 brn|[from] item: Leftovers
|-damage|p2a: Iron Treads|85/100 brn|[from] brn
|upkeep
|turn|40
|
|t:|1760385851
|-end|p2a: Iron Treads|Quark Drive|[silent]
|switch|p2a: Hydrapple|Hydrapple, F|100/100
|move|p1a: Corviknight|Defog|p2a: Hydrapple
|-unboost|p2a: Hydrapple|evasion|1
|-sideend|p1: yaotaiwon|Stealth Rock|[from] move: Defog|[of] p1a: Corviknight
|
|upkeep
|turn|41
|
|t:|1760385854
|move|p1a: Corviknight|U-turn|p2a: Hydrapple
|-supereffective|p2a: Hydrapple
|-damage|p2a: Hydrapple|86/100
|
|t:|1760385860
|switch|p1a: Grimmsnarl|Grimmsnarl, M|100/100|[from] U-turn
|move|p2a: Hydrapple|Nasty Plot|p2a: Hydrapple
|-boost|p2a: Hydrapple|spa|2
|
|-heal|p2a: Hydrapple|92/100|[from] item: Leftovers
|upkeep
|turn|42
|
|t:|1760385865
|move|p1a: Grimmsnarl|Fake Out|p2a: Hydrapple
|-damage|p2a: Hydrapple|86/100
|cant|p2a: Hydrapple|flinch
|
|-heal|p2a: Hydrapple|92/100|[from] item: Leftovers
|upkeep
|turn|43
|
|t:|1760385871
|move|p1a: Grimmsnarl|Light Screen|p1a: Grimmsnarl
|-sidestart|p1: yaotaiwon|move: Light Screen
|move|p2a: Hydrapple|Giga Drain|p1a: Grimmsnarl
|-damage|p1a: Grimmsnarl|75/100
|-heal|p2a: Hydrapple|100/100|[from] drain|[of] p1a: Grimmsnarl
|
|upkeep
|turn|44
|
|t:|1760385873
|move|p1a: Grimmsnarl|Parting Shot|p2a: Hydrapple
|-unboost|p2a: Hydrapple|atk|1
|-unboost|p2a: Hydrapple|spa|1
|
|t:|1760385882
|switch|p1a: Skeledirge|Skeledirge, F|86/100|[from] Parting Shot
|move|p2a: Hydrapple|Nasty Plot|p2a: Hydrapple
|-boost|p2a: Hydrapple|spa|2
|
|-heal|p1a: Skeledirge|92/100|[from] item: Leftovers
|upkeep
|turn|45
|
|t:|1760385903
|switch|p2a: Iron Treads|Iron Treads|85/100 brn
|move|p1a: Skeledirge|Torch Song|p2a: Iron Treads
|-supereffective|p2a: Iron Treads
|-damage|p2a: Iron Treads|38/100 brn
|-boost|p1a: Skeledirge|spa|1
|
|-heal|p2a: Iron Treads|44/100 brn|[from] item: Leftovers
|-heal|p1a: Skeledirge|98/100|[from] item: Leftovers
|-damage|p2a: Iron Treads|38/100 brn|[from] brn
|upkeep
|turn|46
|
|t:|1760385908
|switch|p1a: Corviknight|Corviknight, F|100/100
|-ability|p1a: Corviknight|Pressure
|move|p2a: Iron Treads|Stealth Rock|p1a: Corviknight
|-sidestart|p1: yaotaiwon|move: Stealth Rock
|
|-heal|p2a: Iron Treads|44/100 brn|[from] item: Leftovers
|-damage|p2a: Iron Treads|38/100 brn|[from] brn
|upkeep
|turn|47
|inactive|SillyScallop has 120 seconds left.
|
|t:|1760385939
|-end|p2a: Iron Treads|Quark Drive|[silent]
|switch|p2a: Tauros|Tauros-Paldea-Aqua, M|100/100
|-ability|p2a: Tauros|Intimidate|boost
|-unboost|p1a: Corviknight|atk|1
|move|p1a: Corviknight|Defog|p2a: Tauros
|-unboost|p2a: Tauros|evasion|1
|-sideend|p1: yaotaiwon|Stealth Rock|[from] move: Defog|[of] p1a: Corviknight
|
|upkeep
|turn|48
|
|t:|1760385948
|move|p2a: Tauros|Raging Bull|p1a: Corviknight
|-sideend|p1: yaotaiwon|move: Light Screen
|-damage|p1a: Corviknight|78/100
|move|p1a: Corviknight|U-turn|p2a: Tauros
|-resisted|p2a: Tauros
|-damage|p2a: Tauros|97/100
|
|t:|1760385952
|switch|p1a: Skeledirge|Skeledirge, F|98/100|[from] U-turn
|
|-heal|p2a: Tauros|100/100|[from] item: Leftovers
|-heal|p1a: Skeledirge|100/100|[from] item: Leftovers
|upkeep
|turn|49
|
|t:|1760385961
|switch|p1a: Sinistcha|Sinistcha|100/100
|-terastallize|p2a: Tauros|Fire
|move|p2a: Tauros|Raging Bull|p1a: Sinistcha
|-resisted|p1a: Sinistcha
|-damage|p1a: Sinistcha|89/100
|
|upkeep
|turn|50
|
|t:|1760385968
|switch|p2a: Clefable|Clefable, M|90/100
|move|p1a: Sinistcha|Strength Sap|p2a: Clefable
|-unboost|p2a: Clefable|atk|1
|-heal|p1a: Sinistcha|100/100
|
|-heal|p2a: Clefable|96/100|[from] item: Leftovers
|upkeep
|turn|51
|
|t:|1760385976
|switch|p1a: Skeledirge|Skeledirge, F|100/100
|move|p2a: Clefable|Calm Mind|p2a: Clefable
|-boost|p2a: Clefable|spa|1
|-boost|p2a: Clefable|spd|1
|
|-heal|p2a: Clefable|100/100|[from] item: Leftovers
|upkeep
|turn|52
|
|t:|1760385979
|switch|p2a: Tauros|Tauros-Paldea-Aqua, M, tera:Fire|100/100
|-ability|p2a: Tauros|Intimidate|boost
|-unboost|p1a: Skeledirge|atk|1
|move|p1a: Skeledirge|Torch Song|p2a: Tauros
|-resisted|p2a: Tauros
|-damage|p2a: Tauros|80/100
|-boost|p1a: Skeledirge|spa|1
|
|-heal|p2a: Tauros|86/100|[from] item: Leftovers
|upkeep
|turn|53
|
|t:|1760385986
|switch|p1a: Sinistcha|Sinistcha|100/100
|move|p2a: Tauros|Raging Bull|p1a: Sinistcha
|-resisted|p1a: Sinistcha
|-damage|p1a: Sinistcha|88/100
|
|-heal|p2a: Tauros|93/100|[from] item: Leftovers
|upkeep
|turn|54
|
|t:|1760385990
|switch|p2a: Clefable|Clefable, M|100/100
|move|p1a: Sinistcha|Shadow Ball|p2a: Clefable
|-damage|p2a: Clefable|69/100
|
|-heal|p2a: Clefable|75/100|[from] item: Leftovers
|upkeep
|turn|55
|
|t:|1760385996
|switch|p1a: Skeledirge|Skeledirge, F|100/100
|move|p2a: Clefable|Calm Mind|p2a: Clefable
|-boost|p2a: Clefable|spa|1
|-boost|p2a: Clefable|spd|1
|
|-heal|p2a: Clefable|81/100|[from] item: Leftovers
|upkeep
|turn|56
|
|t:|1760386001
|move|p1a: Skeledirge|Hex|p2a: Clefable
|-damage|p2a: Clefable|60/100
|move|p2a: Clefable|Moonblast|p1a: Skeledirge
|-resisted|p1a: Skeledirge
|-damage|p1a: Skeledirge|88/100
|
|-heal|p1a: Skeledirge|94/100|[from] item: Leftovers
|-heal|p2a: Clefable|66/100|[from] item: Leftovers
|upkeep
|turn|57
|
|t:|1760386005
|switch|p2a: Tauros|Tauros-Paldea-Aqua, M, tera:Fire|93/100
|-ability|p2a: Tauros|Intimidate|boost
|-unboost|p1a: Skeledirge|atk|1
|move|p1a: Skeledirge|Will-O-Wisp|p2a: Tauros
|-immune|p2a: Tauros
|
|-heal|p2a: Tauros|99/100|[from] item: Leftovers
|-heal|p1a: Skeledirge|100/100|[from] item: Leftovers
|upkeep
|turn|58
|
|t:|1760386015
|switch|p2a: Mandibuzz|Mandibuzz, F|100/100
|switch|p1a: Sinistcha|Sinistcha|88/100
|
|upkeep
|turn|59
|
|t:|1760386023
|switch|p1a: Garganacl|Garganacl, F|76/100
|move|p2a: Mandibuzz|Foul Play|p1a: Garganacl
|-damage|p1a: Garganacl|58/100
|
|-damage|p1a: Garganacl|45/100|[from] item: Black Sludge
|upkeep
|turn|60
|
|t:|1760386034
|switch|p2a: Tauros|Tauros-Paldea-Aqua, M, tera:Fire|99/100
|-ability|p2a: Tauros|Intimidate|boost
|-unboost|p1a: Garganacl|atk|1
|move|p1a: Garganacl|Recover|p1a: Garganacl
|-heal|p1a: Garganacl|95/100
|
|-heal|p2a: Tauros|100/100|[from] item: Leftovers
|-damage|p1a: Garganacl|83/100|[from] item: Black Sludge
|upkeep
|turn|61
|
|t:|1760386043
|switch|p1a: Sinistcha|Sinistcha|88/100
|move|p2a: Tauros|Bulk Up|p2a: Tauros
|-boost|p2a: Tauros|atk|1
|-boost|p2a: Tauros|def|1
|
|upkeep
|turn|62
|
|t:|1760386045
|move|p2a: Tauros|Raging Bull|p1a: Sinistcha
|-resisted|p1a: Sinistcha
|-crit|p1a: Sinistcha
|-damage|p1a: Sinistcha|61/100
|move|p1a: Sinistcha|Strength Sap|p2a: Tauros
|-unboost|p2a: Tauros|atk|1
|-heal|p1a: Sinistcha|100/100
|
|upkeep
|turn|63
|
|t:|1760386049
|switch|p2a: Clefable|Clefable, M|66/100
|move|p1a: Sinistcha|Shadow Ball|p2a: Clefable
|-damage|p2a: Clefable|35/100
|-unboost|p2a: Clefable|spd|1
|
|-heal|p2a: Clefable|41/100|[from] item: Leftovers
|upkeep
|turn|64
|
|t:|1760386054
|switch|p2a: Mandibuzz|Mandibuzz, F|100/100
|move|p1a: Sinistcha|Calm Mind|p1a: Sinistcha
|-boost|p1a: Sinistcha|spa|1
|-boost|p1a: Sinistcha|spd|1
|
|upkeep
|turn|65
|
|t:|1760386058
|switch|p1a: Garganacl|Garganacl, F|83/100
|move|p2a: Mandibuzz|Foul Play|p1a: Garganacl
|-damage|p1a: Garganacl|64/100
|
|-damage|p1a: Garganacl|51/100|[from] item: Black Sludge
|upkeep
|turn|66
|
|t:|1760386065
|move|p2a: Mandibuzz|Foul Play|p1a: Garganacl
|-damage|p1a: Garganacl|31/100
|move|p1a: Garganacl|Stealth Rock|p2a: Mandibuzz
|-sidestart|p2: SillyScallop|move: Stealth Rock
|
|-damage|p1a: Garganacl|19/100|[from] item: Black Sludge
|upkeep
|turn|67
|
|t:|1760386070
|move|p2a: Mandibuzz|Foul Play|p1a: Garganacl
|-damage|p1a: Garganacl|0 fnt
|faint|p1a: Garganacl
|
|upkeep
|
|t:|1760386083
|switch|p1a: Skeledirge|Skeledirge, F|100/100
|turn|68
|
|t:|1760386094
|switch|p2a: Tauros|Tauros-Paldea-Aqua, M, tera:Fire|100/100
|-damage|p2a: Tauros|76/100|[from] Stealth Rock
|-ability|p2a: Tauros|Intimidate|boost
|-unboost|p1a: Skeledirge|atk|1
|move|p1a: Skeledirge|Will-O-Wisp|p2a: Tauros|[miss]
|-miss|p1a: Skeledirge|p2a: Tauros
|
|-heal|p2a: Tauros|82/100|[from] item: Leftovers
|upkeep
|turn|69
|
|t:|1760386101
|switch|p2a: Mandibuzz|Mandibuzz, F|100/100
|switch|p1a: Sinistcha|Sinistcha|100/100
|
|upkeep
|turn|70
|
|t:|1760386107
|switch|p1a: Skeledirge|Skeledirge, F|100/100
|move|p2a: Mandibuzz|Defog|p1a: Skeledirge
|-unboost|p1a: Skeledirge|evasion|1
|-sideend|p2: SillyScallop|Stealth Rock|[from] move: Defog|[of] p2a: Mandibuzz
|
|upkeep
|turn|71
|
|t:|1760386111
|switch|p2a: Tauros|Tauros-Paldea-Aqua, M, tera:Fire|82/100
|-ability|p2a: Tauros|Intimidate|boost
|-unboost|p1a: Skeledirge|atk|1
|move|p1a: Skeledirge|Torch Song|p2a: Tauros
|-resisted|p2a: Tauros
|-damage|p2a: Tauros|63/100
|-boost|p1a: Skeledirge|spa|1
|
|-heal|p2a: Tauros|69/100|[from] item: Leftovers
|upkeep
|turn|72
|
|t:|1760386122
|switch|p1a: Grimmsnarl|Grimmsnarl, M|75/100
|move|p2a: Tauros|Raging Bull|p1a: Grimmsnarl
|-damage|p1a: Grimmsnarl|40/100
|
|-heal|p2a: Tauros|76/100|[from] item: Leftovers
|upkeep
|turn|73
|
|t:|1760386126
|move|p1a: Grimmsnarl|Fake Out|p2a: Tauros
|-damage|p2a: Tauros|68/100
|cant|p2a: Tauros|flinch
|
|-heal|p2a: Tauros|74/100|[from] item: Leftovers
|upkeep
|turn|74
|
|t:|1760386133
|switch|p2a: Mandibuzz|Mandibuzz, F|100/100
|move|p1a: Grimmsnarl|Reflect|p1a: Grimmsnarl
|-sidestart|p1: yaotaiwon|Reflect
|
|upkeep
|turn|75
|
|t:|1760386141
|switch|p1a: Skeledirge|Skeledirge, F|100/100
|move|p2a: Mandibuzz|Defog|p1a: Skeledirge
|-unboost|p1a: Skeledirge|evasion|1
|-sideend|p1: yaotaiwon|Reflect
|
|upkeep
|turn|76
|
|t:|1760386144
|switch|p2a: Tauros|Tauros-Paldea-Aqua, M, tera:Fire|74/100
|-ability|p2a: Tauros|Intimidate|boost
|-unboost|p1a: Skeledirge|atk|1
|move|p1a: Skeledirge|Will-O-Wisp|p2a: Tauros|[miss]
|-miss|p1a: Skeledirge|p2a: Tauros
|
|-heal|p2a: Tauros|80/100|[from] item: Leftovers
|upkeep
|turn|77
|
|t:|1760386150
|switch|p1a: Sinistcha|Sinistcha|100/100
|move|p2a: Tauros|Bulk Up|p2a: Tauros
|-boost|p2a: Tauros|atk|1
|-boost|p2a: Tauros|def|1
|
|-heal|p2a: Tauros|87/100|[from] item: Leftovers
|upkeep
|turn|78
|
|t:|1760386153
|switch|p2a: Mandibuzz|Mandibuzz, F|100/100
|move|p1a: Sinistcha|Strength Sap|p2a: Mandibuzz
|-unboost|p2a: Mandibuzz|atk|1
|
|upkeep
|turn|79
|
|t:|1760386156
|move|p2a: Mandibuzz|Foul Play|p1a: Sinistcha
|-supereffective|p1a: Sinistcha
|-damage|p1a: Sinistcha|76/100
|move|p1a: Sinistcha|Calm Mind|p1a: Sinistcha
|-boost|p1a: Sinistcha|spa|1
|-boost|p1a: Sinistcha|spd|1
|
|upkeep
|turn|80
|
|t:|1760386173
|move|p2a: Mandibuzz|Foul Play|p1a: Sinistcha
|-supereffective|p1a: Sinistcha
|-damage|p1a: Sinistcha|53/100
|move|p1a: Sinistcha|Shadow Ball|p2a: Mandibuzz
|-resisted|p2a: Mandibuzz
|-damage|p2a: Mandibuzz|80/100
|-unboost|p2a: Mandibuzz|spd|1
|
|upkeep
|turn|81
|
|t:|1760386183
|switch|p2a: Tauros|Tauros-Paldea-Aqua, M, tera:Fire|87/100
|-ability|p2a: Tauros|Intimidate|boost
|-unboost|p1a: Sinistcha|atk|1
|move|p1a: Sinistcha|Strength Sap|p2a: Tauros
|-unboost|p2a: Tauros|atk|1
|-heal|p1a: Sinistcha|100/100
|
|-heal|p2a: Tauros|93/100|[from] item: Leftovers
|upkeep
|turn|82
|
|t:|1760386187
|move|p2a: Tauros|Bulk Up|p2a: Tauros
|-boost|p2a: Tauros|atk|1
|-boost|p2a: Tauros|def|1
|move|p1a: Sinistcha|Shadow Ball|p2a: Tauros
|-damage|p2a: Tauros|30/100
|
|-heal|p2a: Tauros|36/100|[from] item: Leftovers
|upkeep
|turn|83
|
|t:|1760386202
|move|p2a: Tauros|Protect|p2a: Tauros
|-singleturn|p2a: Tauros|Protect
|move|p1a: Sinistcha|Strength Sap|p2a: Tauros
|-activate|p2a: Tauros|move: Protect
|
|-heal|p2a: Tauros|43/100|[from] item: Leftovers
|upkeep
|turn|84
|
|t:|1760386209
|switch|p2a: Mandibuzz|Mandibuzz, F|80/100
|move|p1a: Sinistcha|Strength Sap|p2a: Mandibuzz
|-unboost|p2a: Mandibuzz|atk|1
|
|upkeep
|turn|85
|
|t:|1760386213
|move|p2a: Mandibuzz|Foul Play|p1a: Sinistcha
|-supereffective|p1a: Sinistcha
|-crit|p1a: Sinistcha
|-damage|p1a: Sinistcha|66/100
|move|p1a: Sinistcha|Shadow Ball|p2a: Mandibuzz
|-resisted|p2a: Mandibuzz
|-damage|p2a: Mandibuzz|59/100
|
|upkeep
|turn|86
|
|t:|1760386219
|move|p2a: Mandibuzz|Roost|p2a: Mandibuzz
|-heal|p2a: Mandibuzz|100/100
|-singleturn|p2a: Mandibuzz|move: Roost
|move|p1a: Sinistcha|Strength Sap|p2a: Mandibuzz
|-unboost|p2a: Mandibuzz|atk|1
|-heal|p1a: Sinistcha|98/100
|
|upkeep
|turn|87
|
|t:|1760386221
|move|p2a: Mandibuzz|Foul Play|p1a: Sinistcha
|-supereffective|p1a: Sinistcha
|-damage|p1a: Sinistcha|81/100
|move|p1a: Sinistcha|Shadow Ball|p2a: Mandibuzz
|-resisted|p2a: Mandibuzz
|-damage|p2a: Mandibuzz|81/100
|-unboost|p2a: Mandibuzz|spd|1
|
|upkeep
|turn|88
|
|t:|1760386231
|move|p2a: Mandibuzz|Foul Play|p1a: Sinistcha
|-supereffective|p1a: Sinistcha
|-damage|p1a: Sinistcha|65/100
|move|p1a: Sinistcha|Calm Mind|p1a: Sinistcha
|-boost|p1a: Sinistcha|spa|1
|-boost|p1a: Sinistcha|spd|1
|
|upkeep
|turn|89
|
|t:|1760386235
|move|p2a: Mandibuzz|Roost|p2a: Mandibuzz
|-heal|p2a: Mandibuzz|100/100
|-singleturn|p2a: Mandibuzz|move: Roost
|move|p1a: Sinistcha|Strength Sap|p2a: Mandibuzz
|-unboost|p2a: Mandibuzz|atk|1
|-heal|p1a: Sinistcha|89/100
|
|upkeep
|turn|90
|
|t:|1760386243
|move|p2a: Mandibuzz|Foul Play|p1a: Sinistcha
|-supereffective|p1a: Sinistcha
|-damage|p1a: Sinistcha|75/100
|move|p1a: Sinistcha|Shadow Ball|p2a: Mandibuzz
|-resisted|p2a: Mandibuzz
|-damage|p2a: Mandibuzz|62/100
|-unboost|p2a: Mandibuzz|spd|1
|
|upkeep
|turn|91
|
|t:|1760386249
|move|p2a: Mandibuzz|Roost|p2a: Mandibuzz
|-heal|p2a: Mandibuzz|100/100
|-singleturn|p2a: Mandibuzz|move: Roost
|move|p1a: Sinistcha|Shadow Ball|p2a: Mandibuzz
|-resisted|p2a: Mandibuzz
|-damage|p2a: Mandibuzz|45/100
|
|upkeep
|turn|92
|l|☆yaotaiwon
|inactive|yaotaiwon disconnected and has a minute to reconnect!
|player|p1|
|inactive|yaotaiwon has 30 seconds to reconnect!
|inactive|yaotaiwon has 20 seconds to reconnect!
|inactive|yaotaiwon has 15 seconds to reconnect!
|inactive|yaotaiwon has 10 seconds to reconnect!
|inactive|yaotaiwon has 5 seconds to reconnect!
|-message|yaotaiwon lost due to inactivity.
|
|win|SillyScallop
|raw|yaotaiwon's rating: 1523 &rarr; <strong>1503</strong><br />(-20 for losing)
|raw|SillyScallop's rating: 1521 &rarr; <strong>1541</strong><br />(+20 for winning)
|l|☆SillyScallop
|player|p2|
|j|☆yaotaiwon
|player|p1|yaotaiwon|265|
|l|☆yaotaiwon
|player|p1|
