|j|☆caeluskasai
|j|☆anamchara
|t:|1760360137
|gametype|singles
|player|p1|caeluskasai|burglar|1491
|player|p2|anamchara|170|1445
|gen|9
|tier|[Gen 9] OU
|rated|
|rule|HP Percentage Mod: HP is shown in percentages
|rule|Endless Battle Clause: Forcing endless battles is banned
|rule|Species Clause: Limit one of each Pokémon
|rule|OHKO Clause: OHKO moves are banned
|rule|Evasion Items Clause: Evasion items are banned
|rule|Evasion Moves Clause: Evasion moves are banned
|rule|Evasion Abilities Clause: Evasion abilities are banned
|rule|Sleep Moves Clause: Sleep-inducing moves are banned
|clearpoke
|poke|p1|Volcanion|
|poke|p1|Talonflame, M|
|poke|p1|Chandelure, M|
|poke|p1|Rotom-Heat|
|poke|p1|Iron Moth|
|poke|p1|Blaziken, F|
|poke|p2|Slowking-Galar, F|
|poke|p2|Meowscarada, F|
|poke|p2|Iron Valiant|
|poke|p2|Ogerpon-Wellspring, F|
|poke|p2|Glimmora, M|
|poke|p2|Samurott-Hisui, M|
|teampreview
|
|t:|1760360146
|teamsize|p1|6
|teamsize|p2|6
|start
|switch|p1a: Chandelure|Chandelure, M|100/100
|switch|p2a: Glimmora|Glimmora, M|100/100
|turn|1
|
|t:|1760360160
|move|p1a: Chandelure|Shadow Ball|p2a: Glimmora
|-damage|p2a: Glimmora|45/100
|-unboost|p2a: Glimmora|spd|1
|move|p2a: Glimmora|Power Gem|p1a: Chandelure
|-supereffective|p1a: Chandelure
|-damage|p1a: Chandelure|0 fnt
|faint|p1a: Chandelure
|-damage|p2a: Glimmora|36/100|[from] item: Life Orb
|
|upkeep
|
|t:|1760360172
|switch|p1a: Rotom|Rotom-Heat|100/100
|turn|2
|
|t:|1760360186
|move|p2a: Glimmora|Power Gem|p1a: Rotom
|-supereffective|p1a: Rotom
|-crit|p1a: Rotom
|-damage|p1a: Rotom|0 fnt
|faint|p1a: Rotom
|-damage|p2a: Glimmora|26/100|[from] item: Life Orb
|
|upkeep
|
|t:|1760360191
|switch|p1a: Iron Moth|Iron Moth|100/100
|-enditem|p1a: Iron Moth|Booster Energy
|-activate|p1a: Iron Moth|ability: Quark Drive|[fromitem]
|-start|p1a: Iron Moth|quarkdrivespa
|turn|3
|
|t:|1760360196
|switch|p2a: Slowking|Slowking-Galar, F|100/100
|move|p1a: Iron Moth|Fiery Dance|p2a: Slowking
|-damage|p2a: Slowking|72/100
|
|upkeep
|turn|4
|
|t:|1760360236
|move|p1a: Iron Moth|Fiery Dance|p2a: Slowking
|-damage|p2a: Slowking|39/100
|-boost|p1a: Iron Moth|spa|1
|move|p2a: Slowking|Psychic Noise|p1a: Iron Moth
|-supereffective|p1a: Iron Moth
|-damage|p1a: Iron Moth|28/100
|-start|p1a: Iron Moth|move: Heal Block
|
|upkeep
|turn|5
|
|t:|1760360245
|switch|p2a: Glimmora|Glimmora, M|26/100
|move|p1a: Iron Moth|Fiery Dance|p2a: Glimmora
|-resisted|p2a: Glimmora
|-damage|p2a: Glimmora|0 fnt
|-boost|p1a: Iron Moth|spa|1
|faint|p2a: Glimmora
|
|-end|p1a: Iron Moth|move: Heal Block
|upkeep
|
|t:|1760360253
|switch|p2a: Samurott|Samurott-Hisui, M|100/100
|turn|6
|
|t:|1760360273
|move|p2a: Samurott|Sucker Punch|p1a: Iron Moth
|-damage|p1a: Iron Moth|0 fnt
|faint|p1a: Iron Moth
|-end|p1a: Iron Moth|Quark Drive|[silent]
|
|upkeep
|
|t:|1760360277
|switch|p1a: Blaziken|Blaziken, F|100/100
|turn|7
|
|t:|1760360282
|move|p1a: Blaziken|Swords Dance|p1a: Blaziken
|-boost|p1a: Blaziken|atk|2
|move|p2a: Samurott|Flip Turn|p1a: Blaziken
|-supereffective|p1a: Blaziken
|-enditem|p1a: Blaziken|Focus Sash
|-damage|p1a: Blaziken|1/100
|
|t:|1760360291
|switch|p2a: Meowscarada|Meowscarada, F|100/100|[from] Flip Turn
|
|-ability|p1a: Blaziken|Speed Boost|boost
|-boost|p1a: Blaziken|spe|1
|upkeep
|turn|8
|
|t:|1760360294
|move|p2a: Meowscarada|U-turn|p1a: Blaziken
|-start|p2a: Meowscarada|typechange|Bug|[from] ability: Protean
|-resisted|p1a: Blaziken
|-damage|p1a: Blaziken|0 fnt
|faint|p1a: Blaziken
|
|t:|1760360297
|switch|p2a: Samurott|Samurott-Hisui, M|100/100|[from] U-turn
|
|upkeep
|
|t:|1760360302
|switch|p1a: Talonflame|Talonflame, M|100/100
|turn|9
|
|t:|1760360350
|move|p1a: Talonflame|Air Slash|p2a: Samurott
|-damage|p2a: Samurott|77/100
|move|p2a: Samurott|Flip Turn|p1a: Talonflame
|-supereffective|p1a: Talonflame
|-damage|p1a: Talonflame|18/100
|
|t:|1760360352
|switch|p2a: Slowking|Slowking-Galar, F|73/100|[from] Flip Turn
|
|upkeep
|turn|10
|
|t:|1760360355
|move|p1a: Talonflame|Tailwind|p1a: Talonflame
|-sidestart|p1: caeluskasai|move: Tailwind
|move|p2a: Slowking|Sludge Bomb|p1a: Talonflame
|-damage|p1a: Talonflame|0 fnt
|faint|p1a: Talonflame
|
|upkeep
|
|t:|1760360360
|switch|p1a: Volcanion|Volcanion|100/100
|turn|11
|
|t:|1760360365
|move|p1a: Volcanion|Steam Eruption|p2a: Slowking
|-damage|p2a: Slowking|42/100
|move|p2a: Slowking|Sludge Bomb|p1a: Volcanion
|-damage|p1a: Volcanion|70/100
|-status|p1a: Volcanion|psn
|
|-damage|p1a: Volcanion|58/100 psn|[from] psn
|upkeep
|turn|12
|
|t:|1760360370
|move|p1a: Volcanion|Steam Eruption|p2a: Slowking
|-damage|p2a: Slowking|10/100
|-status|p2a: Slowking|brn
|move|p2a: Slowking|Sludge Bomb|p1a: Volcanion
|-damage|p1a: Volcanion|27/100 psn
|
|-damage|p1a: Volcanion|15/100 psn|[from] psn
|-damage|p2a: Slowking|4/100 brn|[from] brn
|upkeep
|turn|13
|
|t:|1760360374
|move|p1a: Volcanion|Steam Eruption|p2a: Slowking
|-damage|p2a: Slowking|0 fnt
|faint|p2a: Slowking
|
|-damage|p1a: Volcanion|2/100 psn|[from] psn
|-sideend|p1: caeluskasai|move: Tailwind
|upkeep
|
|t:|1760360387
|switch|p2a: Ogerpon|Ogerpon-Wellspring, F|100/100
|turn|14
|
|t:|1760360390
|move|p2a: Ogerpon|Trailblaze|p1a: Volcanion
|-damage|p1a: Volcanion|0 fnt
|-boost|p2a: Ogerpon|spe|1
|faint|p1a: Volcanion
|
|win|anamchara
|raw|caeluskasai's rating: 1491 &rarr; <strong>1468</strong><br />(-23 for losing)
|raw|anamchara's rating: 1445 &rarr; <strong>1468</strong><br />(+23 for winning)
|l|☆caeluskasai
|player|p1|
|l|☆anamchara
|player|p2|
