|j|☆hi im squid
|j|☆dinusrmu
|t:|1760398151
|gametype|singles
|player|p1|hi im squid|unknown|1179
|player|p2|dinusrmu|ninjaboy|1151
|gen|9
|tier|[Gen 9] OU
|rated|
|rule|HP Percentage Mod: HP is shown in percentages
|rule|Endless Battle Clause: Forcing endless battles is banned
|rule|Species Clause: Limit one of each Pokémon
|rule|OHKO Clause: OHKO moves are banned
|rule|Evasion Items Clause: Evasion items are banned
|rule|Evasion Moves Clause: Evasion moves are banned
|rule|Evasion Abilities Clause: Evasion abilities are banned
|rule|Sleep Moves Clause: Sleep-inducing moves are banned
|clearpoke
|poke|p1|Metagross|
|poke|p1|Forretress, F|
|poke|p1|Slither Wing|
|poke|p1|Basculegion-F, F|
|poke|p1|Glimmora, M|
|poke|p1|Magneton|
|poke|p2|Ogerpon-Wellspring, F|
|poke|p2|Iron Valiant|
|poke|p2|Garganacl, M|
|poke|p2|Slowking-Galar, F|
|poke|p2|Corviknight, F|
|poke|p2|Rotom-Wash|
|teampreview
|inactive|Battle timer is ON: inactive players will automatically lose when time's up. (requested by hi im squid)
|
|t:|1760398167
|teamsize|p1|6
|teamsize|p2|6
|start
|switch|p1a: Slither Wing|Slither Wing|100/100
|switch|p2a: Slowking|Slowking-Galar, F|100/100
|-enditem|p1a: Slither Wing|Booster Energy
|-activate|p1a: Slither Wing|ability: Protosynthesis|[fromitem]
|-start|p1a: Slither Wing|protosynthesisatk
|turn|1
|
|t:|1760398174
|switch|p2a: Corviknight|Corviknight, F|100/100
|move|p1a: Slither Wing|Trailblaze|p2a: Corviknight
|-resisted|p2a: Corviknight
|-damage|p2a: Corviknight|97/100
|-boost|p1a: Slither Wing|spe|1
|-damage|p1a: Slither Wing|84/100|[from] item: Rocky Helmet|[of] p2a: Corviknight
|
|upkeep
|turn|2
|
|t:|1760398184
|move|p1a: Slither Wing|Close Combat|p2a: Corviknight
|-damage|p2a: Corviknight|49/100
|-unboost|p1a: Slither Wing|def|1
|-unboost|p1a: Slither Wing|spd|1
|-damage|p1a: Slither Wing|68/100|[from] item: Rocky Helmet|[of] p2a: Corviknight
|move|p2a: Corviknight|U-turn|p1a: Slither Wing
|-resisted|p1a: Slither Wing
|-damage|p1a: Slither Wing|53/100
|inactive|dinusrmu has 120 seconds left.
|
|t:|1760398217
|switch|p2a: Rotom|Rotom-Wash|100/100|[from] U-turn
|
|upkeep
|turn|3
|
|t:|1760398223
|move|p1a: Slither Wing|Trailblaze|p2a: Rotom
|-supereffective|p2a: Rotom
|-damage|p2a: Rotom|56/100
|-boost|p1a: Slither Wing|spe|1
|move|p2a: Rotom|Volt Switch|p1a: Slither Wing
|-damage|p1a: Slither Wing|8/100
|
|t:|1760398232
|switch|p2a: Corviknight|Corviknight, F|49/100|[from] Volt Switch
|
|upkeep
|turn|4
|
|t:|1760398238
|move|p1a: Slither Wing|Close Combat|p2a: Corviknight
|-damage|p2a: Corviknight|0 fnt
|-unboost|p1a: Slither Wing|def|1
|-unboost|p1a: Slither Wing|spd|1
|-damage|p1a: Slither Wing|0 fnt|[from] item: Rocky Helmet|[of] p2a: Corviknight
|faint|p2a: Corviknight
|faint|p1a: Slither Wing
|-end|p1a: Slither Wing|Protosynthesis|[silent]
|
|upkeep
|
|t:|1760398248
|switch|p1a: Forretress|Forretress, F|100/100
|switch|p2a: Rotom|Rotom-Wash|56/100
|turn|5
|
|t:|1760398260
|move|p2a: Rotom|Pain Split|p1a: Forretress
|-sethp|p1a: Forretress|74/100|[from] move: Pain Split|[silent]
|-sethp|p2a: Rotom|86/100|[from] move: Pain Split
|move|p1a: Forretress|Stealth Rock|p2a: Rotom
|-sidestart|p2: dinusrmu|move: Stealth Rock
|
|-heal|p2a: Rotom|92/100|[from] item: Leftovers
|upkeep
|turn|6
|
|t:|1760398267
|move|p2a: Rotom|Volt Switch|p1a: Forretress
|-damage|p1a: Forretress|39/100
|-enditem|p1a: Forretress|Red Card|[of] p2a: Rotom
|drag|p2a: Iron Valiant|Iron Valiant|100/100
|-damage|p2a: Iron Valiant|94/100|[from] Stealth Rock
|move|p1a: Forretress|Spikes|p2a: Iron Valiant
|-sidestart|p2: dinusrmu|Spikes
|
|upkeep
|turn|7
|
|t:|1760398289
|move|p2a: Iron Valiant|Aura Sphere|p1a: Forretress
|-damage|p1a: Forretress|0 fnt
|faint|p1a: Forretress
|-damage|p2a: Iron Valiant|85/100|[from] item: Life Orb
|
|upkeep
|
|t:|1760398308
|switch|p1a: Glimmora|Glimmora, M, shiny|100/100
|turn|8
|
|t:|1760398317
|-end|p2a: Iron Valiant|Quark Drive|[silent]
|switch|p2a: Slowking|Slowking-Galar, F|100/100
|-damage|p2a: Slowking|88/100|[from] Stealth Rock
|-damage|p2a: Slowking|76/100|[from] Spikes
|move|p1a: Glimmora|Sludge Wave|p2a: Slowking
|-resisted|p2a: Slowking
|-damage|p2a: Slowking|61/100
|
|-heal|p2a: Slowking|67/100|[from] item: Black Sludge
|upkeep
|turn|9
|
|t:|1760398328
|switch|p1a: Basculegion|Basculegion-F, F, shiny|100/100
|move|p2a: Slowking|Psyshock|p1a: Basculegion
|-damage|p1a: Basculegion|65/100
|
|-heal|p2a: Slowking|73/100|[from] item: Black Sludge
|upkeep
|turn|10
|
|t:|1760398339
|switch|p2a: Ogerpon|Ogerpon-Wellspring, F|100/100
|-damage|p2a: Ogerpon|88/100|[from] Stealth Rock
|-damage|p2a: Ogerpon|76/100|[from] Spikes
|move|p1a: Basculegion|Shadow Ball|p2a: Ogerpon
|-damage|p2a: Ogerpon|34/100
|-unboost|p2a: Ogerpon|spd|1
|
|upkeep
|turn|11
|
|t:|1760398349
|switch|p1a: Magneton|Magneton|100/100
|move|p2a: Ogerpon|Horn Leech|p1a: Magneton
|-resisted|p1a: Magneton
|-crit|p1a: Magneton
|-damage|p1a: Magneton|80/100
|-heal|p2a: Ogerpon|44/100|[from] drain|[of] p1a: Magneton
|
|upkeep
|turn|12
|
|t:|1760398354
|move|p2a: Ogerpon|Ivy Cudgel|p1a: Magneton|[anim] Ivy Cudgel Water
|-damage|p1a: Magneton|44/100
|move|p1a: Magneton|Flash Cannon|p2a: Ogerpon
|-resisted|p2a: Ogerpon
|-damage|p2a: Ogerpon|6/100
|
|upkeep
|turn|13
|
|t:|1760398359
|move|p2a: Ogerpon|Ivy Cudgel|p1a: Magneton|[anim] Ivy Cudgel Water
|-damage|p1a: Magneton|6/100
|move|p1a: Magneton|Charge Beam|p2a: Ogerpon|[miss]
|-miss|p1a: Magneton|p2a: Ogerpon
|
|upkeep
|turn|14
|
|t:|1760398363
|move|p2a: Ogerpon|Ivy Cudgel|p1a: Magneton|[anim] Ivy Cudgel Water
|-crit|p1a: Magneton
|-damage|p1a: Magneton|0 fnt
|faint|p1a: Magneton
|
|upkeep
|
|t:|1760398366
|switch|p1a: Glimmora|Glimmora, M, shiny|100/100
|turn|15
|
|t:|1760398373
|move|p1a: Glimmora|Sludge Wave|p2a: Ogerpon
|-supereffective|p2a: Ogerpon
|-damage|p2a: Ogerpon|0 fnt
|faint|p2a: Ogerpon
|
|upkeep
|
|t:|1760398387
|switch|p2a: Garganacl|Garganacl, M|100/100
|-damage|p2a: Garganacl|88/100|[from] Stealth Rock
|-damage|p2a: Garganacl|76/100|[from] Spikes
|turn|16
|
|t:|1760398395
|move|p1a: Glimmora|Sludge Wave|p2a: Garganacl
|-resisted|p2a: Garganacl
|-damage|p2a: Garganacl|55/100
|move|p2a: Garganacl|Salt Cure|p1a: Glimmora
|-damage|p1a: Glimmora|84/100
|-start|p1a: Glimmora|Salt Cure
|-activate|p1a: Glimmora|ability: Toxic Debris
|-sidestart|p2: dinusrmu|move: Toxic Spikes
|
|-heal|p2a: Garganacl|61/100|[from] item: Leftovers
|-damage|p1a: Glimmora|72/100|[from] Salt Cure
|upkeep
|turn|17
|
|t:|1760398402
|switch|p1a: Basculegion|Basculegion-F, F, shiny|65/100
|move|p2a: Garganacl|Recover|p2a: Garganacl
|-heal|p2a: Garganacl|100/100
|
|upkeep
|turn|18
|
|t:|1760398413
|switch|p2a: Slowking|Slowking-Galar, F|100/100
|-damage|p2a: Slowking|88/100|[from] Stealth Rock
|-damage|p2a: Slowking|76/100|[from] Spikes
|-sideend|p2: dinusrmu|move: Toxic Spikes|[of] p2a: Slowking
|move|p1a: Basculegion|Surf|p2a: Slowking
|-damage|p2a: Slowking|52/100
|
|-heal|p2a: Slowking|58/100|[from] item: Black Sludge
|upkeep
|turn|19
|
|t:|1760398423
|move|p1a: Basculegion|Shadow Ball|p2a: Slowking
|-supereffective|p2a: Slowking
|-damage|p2a: Slowking|17/100
|move|p2a: Slowking|Psyshock|p1a: Basculegion
|-damage|p1a: Basculegion|33/100
|
|-heal|p2a: Slowking|23/100|[from] item: Black Sludge
|upkeep
|turn|20
|
|t:|1760398430
|switch|p2a: Garganacl|Garganacl, M|100/100
|-damage|p2a: Garganacl|88/100|[from] Stealth Rock
|-damage|p2a: Garganacl|76/100|[from] Spikes
|move|p1a: Basculegion|Shadow Ball|p2a: Garganacl
|-damage|p2a: Garganacl|57/100
|
|-heal|p2a: Garganacl|63/100|[from] item: Leftovers
|upkeep
|turn|21
|
|t:|1760398438
|switch|p2a: Rotom|Rotom-Wash|92/100
|-damage|p2a: Rotom|80/100|[from] Stealth Rock
|move|p1a: Basculegion|Surf|p2a: Rotom
|-resisted|p2a: Rotom
|-damage|p2a: Rotom|58/100
|
|-heal|p2a: Rotom|64/100|[from] item: Leftovers
|upkeep
|turn|22
|
|t:|1760398444
|move|p2a: Rotom|Volt Switch|p1a: Basculegion
|-supereffective|p1a: Basculegion
|-damage|p1a: Basculegion|10/100
|
|t:|1760398448
|switch|p2a: Slowking|Slowking-Galar, F|56/100|[from] Volt Switch
|-damage|p2a: Slowking|44/100|[from] Stealth Rock
|-damage|p2a: Slowking|31/100|[from] Spikes
|move|p1a: Basculegion|Shadow Ball|p2a: Slowking
|-supereffective|p2a: Slowking
|-damage|p2a: Slowking|0 fnt
|faint|p2a: Slowking
|
|upkeep
|
|t:|1760398453
|switch|p2a: Rotom|Rotom-Wash|64/100
|-damage|p2a: Rotom|52/100|[from] Stealth Rock
|turn|23
|
|t:|1760398457
|move|p2a: Rotom|Volt Switch|p1a: Basculegion
|-supereffective|p1a: Basculegion
|-damage|p1a: Basculegion|0 fnt
|faint|p1a: Basculegion
|
|t:|1760398468
|switch|p2a: Iron Valiant|Iron Valiant|85/100|[from] Volt Switch
|-damage|p2a: Iron Valiant|78/100|[from] Stealth Rock
|-damage|p2a: Iron Valiant|66/100|[from] Spikes
|
|upkeep
|
|t:|1760398475
|switch|p1a: Glimmora|Glimmora, M, shiny|72/100
|turn|24
|
|t:|1760398483
|-end|p2a: Iron Valiant|Quark Drive|[silent]
|switch|p2a: Garganacl|Garganacl, M|63/100
|-damage|p2a: Garganacl|51/100|[from] Stealth Rock
|-damage|p2a: Garganacl|38/100|[from] Spikes
|move|p1a: Glimmora|Sludge Wave|p2a: Garganacl
|-resisted|p2a: Garganacl
|-damage|p2a: Garganacl|15/100
|
|-heal|p2a: Garganacl|22/100|[from] item: Leftovers
|upkeep
|turn|25
|
|t:|1760398490
|move|p2a: Garganacl|Protect|p2a: Garganacl
|-singleturn|p2a: Garganacl|Protect
|move|p1a: Glimmora|Sludge Wave|p2a: Garganacl
|-activate|p2a: Garganacl|move: Protect
|
|-heal|p2a: Garganacl|28/100|[from] item: Leftovers
|upkeep
|turn|26
|
|t:|1760398495
|move|p1a: Glimmora|Sludge Wave|p2a: Garganacl
|-resisted|p2a: Garganacl
|-damage|p2a: Garganacl|7/100
|move|p2a: Garganacl|Recover|p2a: Garganacl
|-heal|p2a: Garganacl|57/100
|
|-heal|p2a: Garganacl|63/100|[from] item: Leftovers
|upkeep
|turn|27
|
|t:|1760398501
|switch|p1a: Metagross|Metagross|100/100
|move|p2a: Garganacl|Recover|p2a: Garganacl
|-heal|p2a: Garganacl|100/100
|
|upkeep
|turn|28
|
|t:|1760398506
|switch|p2a: Rotom|Rotom-Wash|52/100
|-damage|p2a: Rotom|40/100|[from] Stealth Rock
|move|p1a: Metagross|Earthquake|p2a: Rotom
|-immune|p2a: Rotom|[from] ability: Levitate
|
|-heal|p2a: Rotom|46/100|[from] item: Leftovers
|upkeep
|turn|29
|
|t:|1760398513
|move|p2a: Rotom|Will-O-Wisp|p1a: Metagross
|-status|p1a: Metagross|brn
|move|p1a: Metagross|Agility|p1a: Metagross
|-boost|p1a: Metagross|spe|2
|
|-heal|p2a: Rotom|52/100|[from] item: Leftovers
|-damage|p1a: Metagross|95/100 brn|[from] brn
|upkeep
|turn|30
|
|t:|1760398521
|move|p1a: Metagross|Psychic Fangs|p2a: Rotom
|-damage|p2a: Rotom|27/100
|move|p2a: Rotom|Pain Split|p1a: Metagross
|-sethp|p1a: Metagross|61/100 brn|[from] move: Pain Split|[silent]
|-sethp|p2a: Rotom|60/100|[from] move: Pain Split
|
|-heal|p2a: Rotom|66/100|[from] item: Leftovers
|-damage|p1a: Metagross|55/100 brn|[from] brn
|upkeep
|turn|31
|
|t:|1760398528
|move|p1a: Metagross|Psychic Fangs|p2a: Rotom
|-damage|p2a: Rotom|40/100
|move|p2a: Rotom|Hydro Pump|p1a: Metagross
|-crit|p1a: Metagross
|-damage|p1a: Metagross|0 fnt
|faint|p1a: Metagross
|
|-heal|p2a: Rotom|46/100|[from] item: Leftovers
|upkeep
|
|t:|1760398531
|switch|p1a: Glimmora|Glimmora, M, shiny|72/100
|turn|32
|
|t:|1760398535
|move|p1a: Glimmora|Energy Ball|p2a: Rotom
|-supereffective|p2a: Rotom
|-damage|p2a: Rotom|0 fnt
|faint|p2a: Rotom
|
|upkeep
|
|t:|1760398550
|switch|p2a: Garganacl|Garganacl, M|100/100
|-damage|p2a: Garganacl|88/100|[from] Stealth Rock
|-damage|p2a: Garganacl|76/100|[from] Spikes
|turn|33
|
|t:|1760398553
|-terastallize|p2a: Garganacl|Rock
|move|p1a: Glimmora|Energy Ball|p2a: Garganacl
|-supereffective|p2a: Garganacl
|-damage|p2a: Garganacl|17/100
|move|p2a: Garganacl|Salt Cure|p1a: Glimmora
|-damage|p1a: Glimmora|40/100
|-start|p1a: Glimmora|Salt Cure
|-activate|p1a: Glimmora|ability: Toxic Debris
|-sidestart|p2: dinusrmu|move: Toxic Spikes
|
|-heal|p2a: Garganacl|24/100|[from] item: Leftovers
|-damage|p1a: Glimmora|28/100|[from] Salt Cure
|upkeep
|turn|34
|
|t:|1760398568
|move|p2a: Garganacl|Protect|p2a: Garganacl
|-singleturn|p2a: Garganacl|Protect
|move|p1a: Glimmora|Energy Ball|p2a: Garganacl
|-activate|p2a: Garganacl|move: Protect
|
|-heal|p2a: Garganacl|30/100|[from] item: Leftovers
|-damage|p1a: Glimmora|15/100|[from] Salt Cure
|upkeep
|turn|35
|
|t:|1760398575
|move|p2a: Garganacl|Protect||[still]
|-fail|p2a: Garganacl
|move|p1a: Glimmora|Energy Ball|p2a: Garganacl
|-supereffective|p2a: Garganacl
|-damage|p2a: Garganacl|0 fnt
|faint|p2a: Garganacl
|
|-damage|p1a: Glimmora|3/100|[from] Salt Cure
|upkeep
|
|t:|1760398577
|switch|p2a: Iron Valiant|Iron Valiant|66/100
|-damage|p2a: Iron Valiant|60/100|[from] Stealth Rock
|-damage|p2a: Iron Valiant|47/100|[from] Spikes
|-status|p2a: Iron Valiant|psn
|turn|36
|
|t:|1760398583
|-terastallize|p1a: Glimmora|Fire
|move|p1a: Glimmora|Energy Ball|p2a: Iron Valiant
|-damage|p2a: Iron Valiant|0 fnt
|faint|p2a: Iron Valiant
|-end|p2a: Iron Valiant|Quark Drive|[silent]
|
|win|hi im squid
|raw|hi im squid's rating: 1179 &rarr; <strong>1202</strong><br />(+23 for winning)
|raw|dinusrmu's rating: 1151 &rarr; <strong>1128</strong><br />(-23 for losing)
|c|☆hi im squid|gg
|c|☆dinusrmu|is scarf?
|c|☆hi im squid|yes
|c|☆dinusrmu|wow
|c|☆dinusrmu|gg
|l|☆hi im squid
|player|p1|
|l|☆dinusrmu
|player|p2|
|j|☆hi im squid
|player|p1|hi im squid|unknown|
