|j|☆youjustgotnoobed
|j|☆aa78
|t:|1760307472
|gametype|singles
|player|p1|youjustgotnoobed|lady|1304
|player|p2|aa78|1|1370
|gen|9
|tier|[Gen 9] OU
|rated|
|rule|HP Percentage Mod: HP is shown in percentages
|rule|Endless Battle Clause: Forcing endless battles is banned
|rule|Species Clause: Limit one of each Pokémon
|rule|OHKO Clause: OHKO moves are banned
|rule|Evasion Items Clause: Evasion items are banned
|rule|Evasion Moves Clause: Evasion moves are banned
|rule|Evasion Abilities Clause: Evasion abilities are banned
|rule|Sleep Moves Clause: Sleep-inducing moves are banned
|clearpoke
|poke|p1|Tyranitar, M|
|poke|p1|Gholdengo|
|poke|p1|Excadrill, F|
|poke|p1|Tornadus-Therian, M|
|poke|p1|Ogerpon-Wellspring, F|
|poke|p1|Landorus-Therian, M|
|poke|p2|Torkoal, F|
|poke|p2|Hatterene, F|
|poke|p2|Raging Bolt|
|poke|p2|Houndoom, M|
|poke|p2|Walking Wake|
|poke|p2|Iron Valiant|
|teampreview
|inactive|Battle timer is ON: inactive players will automatically lose when time's up. (requested by youjustgotnoobed)
|
|t:|1760307486
|teamsize|p1|6
|teamsize|p2|6
|start
|switch|p1a: Ogerpon|Ogerpon-Wellspring, F|100/100
|switch|p2a: Houndoom|Houndoom, M|100/100
|turn|1
|
|t:|1760307489
|switch|p2a: Torkoal|Torkoal, F|100/100
|-weather|SunnyDay|[from] ability: Drought|[of] p2a: Torkoal
|move|p1a: Ogerpon|Ivy Cudgel|p2a: Torkoal|[anim] Ivy Cudgel Water
|-supereffective|p2a: Torkoal
|-damage|p2a: Torkoal|55/100
|
|-weather|SunnyDay|[upkeep]
|upkeep
|turn|2
|
|t:|1760307494
|switch|p1a: Tyranitar|Tyranitar, M|100/100
|-weather|Sandstorm|[from] ability: Sand Stream|[of] p1a: Tyranitar
|switch|p2a: Walking Wake|Walking Wake|100/100
|
|-weather|Sandstorm|[upkeep]
|-damage|p2a: Walking Wake|94/100|[from] Sandstorm
|upkeep
|turn|3
|
|t:|1760307499
|move|p2a: Walking Wake|Flip Turn|p1a: Tyranitar
|-supereffective|p1a: Tyranitar
|-damage|p1a: Tyranitar|77/100
|
|t:|1760307506
|-end|p2a: Walking Wake|Protosynthesis|[silent]
|switch|p2a: Houndoom|Houndoom, M|100/100|[from] Flip Turn
|move|p1a: Tyranitar|Knock Off|p2a: Houndoom
|-resisted|p2a: Houndoom
|-damage|p2a: Houndoom|11/100
|-enditem|p2a: Houndoom|Heavy-Duty Boots|[from] move: Knock Off|[of] p1a: Tyranitar
|
|-weather|Sandstorm|[upkeep]
|-damage|p2a: Houndoom|5/100|[from] Sandstorm
|upkeep
|turn|4
|
|t:|1760307516
|switch|p1a: Landorus|Landorus-Therian, M|100/100
|-ability|p1a: Landorus|Intimidate|boost
|-unboost|p2a: Houndoom|atk|1
|move|p2a: Houndoom|Burning Jealousy|p1a: Landorus
|-damage|p1a: Landorus|68/100
|
|-weather|Sandstorm|[upkeep]
|-damage|p2a: Houndoom|0 fnt|[from] Sandstorm
|faint|p2a: Houndoom
|upkeep
|
|t:|1760307526
|switch|p2a: Torkoal|Torkoal, F|55/100
|-weather|SunnyDay|[from] ability: Drought|[of] p2a: Torkoal
|turn|5
|
|t:|1760307534
|switch|p2a: Hatterene|Hatterene, F|100/100
|-item|p2a: Hatterene|Air Balloon
|move|p1a: Landorus|Earthquake|p2a: Hatterene
|-immune|p2a: Hatterene
|
|-weather|SunnyDay|[upkeep]
|upkeep
|turn|6
|
|t:|1760307542
|switch|p2a: Iron Valiant|Iron Valiant|100/100
|-enditem|p2a: Iron Valiant|Booster Energy
|-activate|p2a: Iron Valiant|ability: Quark Drive|[fromitem]
|-start|p2a: Iron Valiant|quarkdrivespe
|move|p1a: Landorus|U-turn|p2a: Iron Valiant
|-resisted|p2a: Iron Valiant
|-damage|p2a: Iron Valiant|94/100
|
|t:|1760307557
|switch|p1a: Gholdengo|Gholdengo|100/100|[from] U-turn
|
|-weather|SunnyDay|[upkeep]
|upkeep
|turn|7
|
|t:|1760307564
|-terastallize|p2a: Iron Valiant|Dark
|move|p2a: Iron Valiant|Swords Dance|p2a: Iron Valiant
|-boost|p2a: Iron Valiant|atk|2
|move|p1a: Gholdengo|Make It Rain|p2a: Iron Valiant
|-damage|p2a: Iron Valiant|0 fnt
|-unboost|p1a: Gholdengo|spa|1
|faint|p2a: Iron Valiant
|-end|p2a: Iron Valiant|Quark Drive|[silent]
|
|-weather|SunnyDay|[upkeep]
|upkeep
|
|t:|1760307573
|switch|p2a: Walking Wake|Walking Wake|94/100
|-activate|p2a: Walking Wake|ability: Protosynthesis
|-start|p2a: Walking Wake|protosynthesisspe
|turn|8
|
|t:|1760307578
|switch|p1a: Ogerpon|Ogerpon-Wellspring, F|100/100
|move|p2a: Walking Wake|Dragon Pulse|p1a: Ogerpon
|-damage|p1a: Ogerpon|26/100
|
|-weather|SunnyDay|[upkeep]
|upkeep
|turn|9
|
|t:|1760307585
|switch|p1a: Tyranitar|Tyranitar, M|77/100
|-weather|Sandstorm|[from] ability: Sand Stream|[of] p1a: Tyranitar
|-end|p2a: Walking Wake|Protosynthesis
|move|p2a: Walking Wake|Dragon Pulse|p1a: Tyranitar
|-damage|p1a: Tyranitar|41/100
|
|-weather|Sandstorm|[upkeep]
|-damage|p2a: Walking Wake|88/100|[from] Sandstorm
|upkeep
|turn|10
|
|t:|1760307593
|-end|p2a: Walking Wake|Protosynthesis|[silent]
|switch|p2a: Torkoal|Torkoal, F|55/100
|-weather|SunnyDay|[from] ability: Drought|[of] p2a: Torkoal
|switch|p1a: Gholdengo|Gholdengo|100/100
|
|-weather|SunnyDay|[upkeep]
|upkeep
|turn|11
|
|t:|1760307600
|switch|p2a: Walking Wake|Walking Wake|88/100
|-activate|p2a: Walking Wake|ability: Protosynthesis
|-start|p2a: Walking Wake|protosynthesisspe
|move|p1a: Gholdengo|Shadow Ball|p2a: Walking Wake
|-damage|p2a: Walking Wake|2/100
|
|-weather|SunnyDay|[upkeep]
|upkeep
|turn|12
|
|t:|1760307605
|switch|p1a: Tyranitar|Tyranitar, M|41/100
|-weather|Sandstorm|[from] ability: Sand Stream|[of] p1a: Tyranitar
|-end|p2a: Walking Wake|Protosynthesis
|move|p2a: Walking Wake|Weather Ball|p1a: Tyranitar
|-damage|p1a: Tyranitar|13/100
|
|-weather|Sandstorm|[upkeep]
|-damage|p2a: Walking Wake|0 fnt|[from] Sandstorm
|faint|p2a: Walking Wake
|-end|p2a: Walking Wake|Protosynthesis|[silent]
|upkeep
|
|t:|1760307611
|switch|p2a: Torkoal|Torkoal, F|55/100
|-weather|SunnyDay|[from] ability: Drought|[of] p2a: Torkoal
|turn|13
|
|t:|1760307618
|switch|p1a: Landorus|Landorus-Therian, M|68/100
|-ability|p1a: Landorus|Intimidate|boost
|-unboost|p2a: Torkoal|atk|1
|move|p2a: Torkoal|Stealth Rock|p1a: Landorus
|-sidestart|p1: youjustgotnoobed|move: Stealth Rock
|
|-weather|SunnyDay|[upkeep]
|upkeep
|turn|14
|
|t:|1760307624
|switch|p2a: Hatterene|Hatterene, F|100/100
|-item|p2a: Hatterene|Air Balloon
|move|p1a: Landorus|Earthquake|p2a: Hatterene
|-immune|p2a: Hatterene
|
|-weather|SunnyDay|[upkeep]
|upkeep
|turn|15
|
|t:|1760307629
|move|p1a: Landorus|U-turn|p2a: Hatterene
|-damage|p2a: Hatterene|83/100
|-enditem|p2a: Hatterene|Air Balloon
|
|t:|1760307633
|switch|p1a: Gholdengo|Gholdengo|100/100|[from] U-turn
|-damage|p1a: Gholdengo|94/100|[from] Stealth Rock
|move|p2a: Hatterene|Dazzling Gleam|p1a: Gholdengo
|-resisted|p1a: Gholdengo
|-damage|p1a: Gholdengo|74/100
|
|-weather|SunnyDay|[upkeep]
|upkeep
|turn|16
|
|t:|1760307638
|switch|p2a: Raging Bolt|Raging Bolt|100/100
|-activate|p2a: Raging Bolt|ability: Protosynthesis
|-start|p2a: Raging Bolt|protosynthesisspa
|move|p1a: Gholdengo|Shadow Ball|p2a: Raging Bolt
|-damage|p2a: Raging Bolt|39/100
|
|-weather|SunnyDay|[upkeep]
|upkeep
|turn|17
|
|t:|1760307645
|move|p1a: Gholdengo|Shadow Ball|p2a: Raging Bolt
|-damage|p2a: Raging Bolt|0 fnt
|faint|p2a: Raging Bolt
|-end|p2a: Raging Bolt|Protosynthesis|[silent]
|
|-weather|SunnyDay|[upkeep]
|upkeep
|-message|aa78 forfeited.
|
|win|youjustgotnoobed
|raw|youjustgotnoobed's rating: 1304 &rarr; <strong>1328</strong><br />(+24 for winning)
|raw|aa78's rating: 1370 &rarr; <strong>1346</strong><br />(-24 for losing)
|l|☆aa78
|player|p2|
|l|☆youjustgotnoobed
|player|p1|
