|j|☆krytto
|j|☆ghjnp
|t:|1760329781
|gametype|singles
|player|p1|krytto|steven|1119
|player|p2|ghjnp|ruinmaniac|1083
|gen|9
|tier|[Gen 9] OU
|rated|
|rule|HP Percentage Mod: HP is shown in percentages
|rule|Endless Battle Clause: Forcing endless battles is banned
|rule|Species Clause: Limit one of each Pokémon
|rule|OHKO Clause: OHKO moves are banned
|rule|Evasion Items Clause: Evasion items are banned
|rule|Evasion Moves Clause: Evasion moves are banned
|rule|Evasion Abilities Clause: Evasion abilities are banned
|rule|Sleep Moves Clause: Sleep-inducing moves are banned
|clearpoke
|poke|p1|Suicune|
|poke|p1|Deoxys-Speed|
|poke|p1|Hydreigon, M|
|poke|p1|Heracross, F|
|poke|p1|Thundurus-Therian, M|
|poke|p1|Clodsire, M|
|poke|p2|Kyurem|
|poke|p2|Corviknight, F|
|poke|p2|Ting-Lu|
|poke|p2|Dondozo, M|
|poke|p2|Slowking-Galar, L99, F|
|poke|p2|Cinderace, F|
|teampreview
|inactive|Battle timer is ON: inactive players will automatically lose when time's up. (requested by ghjnp)
|
|t:|1760329789
|teamsize|p1|6
|teamsize|p2|6
|start
|switch|p1a: Deoxys|Deoxys-Speed|100/100
|switch|p2a: Ting-Lu|Ting-Lu|100/100
|-ability|p1a: Deoxys|Pressure
|-ability|p2a: Ting-Lu|Vessel of Ruin
|turn|1
|
|t:|1760329793
|move|p1a: Deoxys|Stealth Rock|p2a: Ting-Lu
|-sidestart|p2: ghjnp|move: Stealth Rock
|move|p2a: Ting-Lu|Payback|p1a: Deoxys
|-supereffective|p1a: Deoxys
|-enditem|p1a: Deoxys|Focus Sash
|-damage|p1a: Deoxys|1/100
|
|upkeep
|turn|2
|
|t:|1760329805
|switch|p1a: Clodsire|Clodsire, M|100/100
|move|p2a: Ting-Lu|Payback|p1a: Clodsire
|-damage|p1a: Clodsire|83/100
|
|-heal|p1a: Clodsire|89/100|[from] item: Leftovers
|upkeep
|turn|3
|
|t:|1760329812
|move|p2a: Ting-Lu|Earthquake|p1a: Clodsire
|-supereffective|p1a: Clodsire
|-damage|p1a: Clodsire|20/100
|move|p1a: Clodsire|Toxic|p2a: Ting-Lu
|-status|p2a: Ting-Lu|tox
|
|-heal|p1a: Clodsire|26/100|[from] item: Leftovers
|-damage|p2a: Ting-Lu|94/100 tox|[from] psn
|upkeep
|turn|4
|
|t:|1760329818
|switch|p2a: Cinderace|Cinderace, F|100/100
|switch|p1a: Thundurus|Thundurus-Therian, M|100/100
|
|upkeep
|turn|5
|
|t:|1760329832
|-terastallize|p1a: Thundurus|Electric
|move|p2a: Cinderace|Court Change|p2a: Cinderace
|-swapsideconditions
|-activate|p2a: Cinderace|move: Court Change
|move|p1a: Thundurus|Thunderbolt|p2a: Cinderace
|-crit|p2a: Cinderace
|-damage|p2a: Cinderace|0 fnt
|faint|p2a: Cinderace
|
|upkeep
|
|t:|1760329840
|switch|p2a: Ting-Lu|Ting-Lu|94/100 tox
|-ability|p2a: Ting-Lu|Vessel of Ruin
|turn|6
|
|t:|1760329852
|switch|p1a: Hydreigon|Hydreigon, M|100/100
|-damage|p1a: Hydreigon|88/100|[from] Stealth Rock
|move|p2a: Ting-Lu|Earthquake|p1a: Hydreigon
|-immune|p1a: Hydreigon|[from] ability: Levitate
|
|-heal|p2a: Ting-Lu|100/100 tox|[from] item: Leftovers
|-damage|p2a: Ting-Lu|94/100 tox|[from] psn
|upkeep
|turn|7
|
|t:|1760329863
|switch|p2a: Slowking|Slowking-Galar, L99, F|100/100
|move|p1a: Hydreigon|Focus Energy|p1a: Hydreigon
|-start|p1a: Hydreigon|move: Focus Energy
|
|upkeep
|turn|8
|
|t:|1760329873
|move|p1a: Hydreigon|Dark Pulse|p2a: Slowking
|-supereffective|p2a: Slowking
|-crit|p2a: Slowking
|-damage|p2a: Slowking|28/100
|move|p2a: Slowking|Toxic|p1a: Hydreigon
|-status|p1a: Hydreigon|tox
|
|-damage|p1a: Hydreigon|82/100 tox|[from] psn
|upkeep
|turn|9
|
|t:|1760329880
|switch|p2a: Ting-Lu|Ting-Lu|94/100 tox
|-ability|p2a: Ting-Lu|Vessel of Ruin
|move|p1a: Hydreigon|Dark Pulse|p2a: Ting-Lu
|-resisted|p2a: Ting-Lu
|-crit|p2a: Ting-Lu
|-damage|p2a: Ting-Lu|82/100 tox
|
|-heal|p2a: Ting-Lu|88/100 tox|[from] item: Leftovers
|-damage|p1a: Hydreigon|70/100 tox|[from] psn
|-damage|p2a: Ting-Lu|82/100 tox|[from] psn
|upkeep
|turn|10
|
|t:|1760329884
|move|p1a: Hydreigon|Draco Meteor|p2a: Ting-Lu
|-crit|p2a: Ting-Lu
|-damage|p2a: Ting-Lu|38/100 tox
|-unboost|p1a: Hydreigon|spa|2
|move|p2a: Ting-Lu|Rest|p2a: Ting-Lu
|-status|p2a: Ting-Lu|slp|[from] move: Rest
|-heal|p2a: Ting-Lu|100/100 slp|[silent]
|
|-damage|p1a: Hydreigon|51/100 tox|[from] psn
|upkeep
|turn|11
|
|t:|1760329895
|switch|p1a: Suicune|Suicune|100/100
|-damage|p1a: Suicune|88/100|[from] Stealth Rock
|-ability|p1a: Suicune|Pressure
|cant|p2a: Ting-Lu|slp
|move|p2a: Ting-Lu|Sleep Talk|p2a: Ting-Lu
|move|p2a: Ting-Lu|Earthquake|p1a: Suicune|[from] move: Sleep Talk
|-damage|p1a: Suicune|63/100
|
|-heal|p1a: Suicune|69/100|[from] item: Leftovers
|upkeep
|turn|12
|l|☆ghjnp
|inactive|ghjnp disconnected and has a minute to reconnect!
|player|p2|
|j| adsde2
|c| adsde2|np
|l| adsde2
|j|☆ghjnp
|inactive|ghjnp reconnected and has 120 seconds left.
|player|p2|ghjnp|ruinmaniac|
|
|t:|1760329935
|switch|p2a: Kyurem|Kyurem|100/100
|-ability|p2a: Kyurem|Pressure
|move|p1a: Suicune|Substitute|p1a: Suicune
|-start|p1a: Suicune|Substitute
|-damage|p1a: Suicune|44/100
|
|-heal|p1a: Suicune|50/100|[from] item: Leftovers
|upkeep
|turn|13
|
|t:|1760329942
|move|p2a: Kyurem|Freeze-Dry|p1a: Suicune
|-supereffective|p1a: Suicune
|-end|p1a: Suicune|Substitute
|move|p1a: Suicune|Calm Mind|p1a: Suicune
|-boost|p1a: Suicune|spa|1
|-boost|p1a: Suicune|spd|1
|
|-heal|p1a: Suicune|56/100|[from] item: Leftovers
|upkeep
|turn|14
|
|t:|1760329949
|move|p2a: Kyurem|Freeze-Dry|p1a: Suicune
|-supereffective|p1a: Suicune
|-damage|p1a: Suicune|25/100
|move|p1a: Suicune|Calm Mind|p1a: Suicune
|-boost|p1a: Suicune|spa|1
|-boost|p1a: Suicune|spd|1
|
|-heal|p1a: Suicune|31/100|[from] item: Leftovers
|upkeep
|turn|15
|
|t:|1760329955
|move|p2a: Kyurem|Freeze-Dry|p1a: Suicune
|-supereffective|p1a: Suicune
|-crit|p1a: Suicune
|-damage|p1a: Suicune|0 fnt
|faint|p1a: Suicune
|
|upkeep
|
|t:|1760329959
|switch|p1a: Deoxys|Deoxys-Speed|1/100
|-damage|p1a: Deoxys|0 fnt|[from] Stealth Rock
|faint|p1a: Deoxys
|
|t:|1760329961
|switch|p1a: Thundurus|Thundurus-Therian, M, tera:Electric|100/100
|turn|16
|
|t:|1760329964
|move|p2a: Kyurem|Protect|p2a: Kyurem
|-singleturn|p2a: Kyurem|Protect
|move|p1a: Thundurus|Thunder Wave|p2a: Kyurem
|-activate|p2a: Kyurem|move: Protect
|
|upkeep
|turn|17
|
|t:|1760329968
|switch|p2a: Ting-Lu|Ting-Lu|100/100 slp
|-ability|p2a: Ting-Lu|Vessel of Ruin
|move|p1a: Thundurus|Volt Switch|p2a: Ting-Lu
|-immune|p2a: Ting-Lu
|
|upkeep
|turn|18
|
|t:|1760329971
|move|p1a: Thundurus|Grass Knot|p2a: Ting-Lu
|-supereffective|p2a: Ting-Lu
|-damage|p2a: Ting-Lu|63/100 slp
|cant|p2a: Ting-Lu|slp
|move|p2a: Ting-Lu|Sleep Talk|p2a: Ting-Lu
|move|p2a: Ting-Lu|Payback|p1a: Thundurus|[from] move: Sleep Talk
|-damage|p1a: Thundurus|41/100
|
|-heal|p2a: Ting-Lu|69/100 slp|[from] item: Leftovers
|upkeep
|turn|19
|
|t:|1760329978
|switch|p2a: Slowking|Slowking-Galar, L99, F|61/100
|move|p1a: Thundurus|Grass Knot|p2a: Slowking
|-resisted|p2a: Slowking
|-damage|p2a: Slowking|53/100
|
|upkeep
|turn|20
|
|t:|1760329982
|move|p1a: Thundurus|Volt Switch|p2a: Slowking
|-damage|p2a: Slowking|19/100
|
|t:|1760329986
|switch|p1a: Hydreigon|Hydreigon, M|51/100 tox|[from] Volt Switch
|-damage|p1a: Hydreigon|39/100 tox|[from] Stealth Rock
|-prepare|p2a: Slowking|Chilly Reception|[premajor]
|move|p2a: Slowking|Chilly Reception|p2a: Slowking
|-weather|Snowscape
|
|t:|1760329996
|switch|p2a: Ting-Lu|Ting-Lu|69/100 slp|[from] Chilly Reception
|-ability|p2a: Ting-Lu|Vessel of Ruin
|
|-weather|Snowscape|[upkeep]
|-heal|p2a: Ting-Lu|76/100 slp|[from] item: Leftovers
|-damage|p1a: Hydreigon|33/100 tox|[from] psn
|upkeep
|turn|21
|
|t:|1760330000
|move|p1a: Hydreigon|Draco Meteor|p2a: Ting-Lu
|-damage|p2a: Ting-Lu|50/100 slp
|-unboost|p1a: Hydreigon|spa|2
|-curestatus|p2a: Ting-Lu|slp|[msg]
|move|p2a: Ting-Lu|Payback|p1a: Hydreigon
|-resisted|p1a: Hydreigon
|-damage|p1a: Hydreigon|14/100 tox
|
|-weather|Snowscape|[upkeep]
|-heal|p2a: Ting-Lu|56/100|[from] item: Leftovers
|-damage|p1a: Hydreigon|1/100 tox|[from] psn
|upkeep
|turn|22
|
|t:|1760330003
|move|p1a: Hydreigon|Focus Energy|p1a: Hydreigon
|-start|p1a: Hydreigon|move: Focus Energy
|move|p2a: Ting-Lu|Rest|p2a: Ting-Lu
|-status|p2a: Ting-Lu|slp|[from] move: Rest
|-heal|p2a: Ting-Lu|100/100 slp|[silent]
|
|-weather|Snowscape|[upkeep]
|-damage|p1a: Hydreigon|0 fnt|[from] psn
|faint|p1a: Hydreigon
|upkeep
|
|t:|1760330009
|switch|p1a: Heracross|Heracross, F|100/100
|-damage|p1a: Heracross|88/100|[from] Stealth Rock
|turn|23
|
|t:|1760330012
|switch|p2a: Corviknight|Corviknight, F|100/100
|-ability|p2a: Corviknight|Pressure
|move|p1a: Heracross|Trailblaze|p2a: Corviknight
|-resisted|p2a: Corviknight
|-damage|p2a: Corviknight|97/100
|-boost|p1a: Heracross|spe|1
|-damage|p1a: Heracross|72/100|[from] item: Rocky Helmet|[of] p2a: Corviknight
|
|-weather|Snowscape|[upkeep]
|-status|p1a: Heracross|brn|[from] item: Flame Orb
|upkeep
|turn|24
|
|t:|1760330020
|move|p1a: Heracross|Close Combat|p2a: Corviknight
|-damage|p2a: Corviknight|35/100
|-unboost|p1a: Heracross|def|1
|-unboost|p1a: Heracross|spd|1
|-damage|p1a: Heracross|55/100 brn|[from] item: Rocky Helmet|[of] p2a: Corviknight
|move|p2a: Corviknight|Brave Bird|p1a: Heracross
|-supereffective|p1a: Heracross
|-damage|p1a: Heracross|0 fnt
|faint|p1a: Heracross
|-damage|p2a: Corviknight|22/100|[from] Recoil
|
|-weather|none
|upkeep
|
|t:|1760330024
|switch|p1a: Clodsire|Clodsire, M|26/100
|-damage|p1a: Clodsire|20/100|[from] Stealth Rock
|turn|25
|
|t:|1760330027
|move|p2a: Corviknight|Brave Bird|p1a: Clodsire
|-crit|p1a: Clodsire
|-damage|p1a: Clodsire|0 fnt
|faint|p1a: Clodsire
|-damage|p2a: Corviknight|14/100|[from] Recoil
|
|upkeep
|
|t:|1760330029
|switch|p1a: Thundurus|Thundurus-Therian, M, tera:Electric|41/100
|turn|26
|
|t:|1760330035
|move|p1a: Thundurus|Thunderbolt|p2a: Corviknight
|-supereffective|p2a: Corviknight
|-damage|p2a: Corviknight|0 fnt
|faint|p2a: Corviknight
|
|upkeep
|
|t:|1760330039
|switch|p2a: Kyurem|Kyurem|100/100
|-ability|p2a: Kyurem|Pressure
|turn|27
|
|t:|1760330041
|move|p1a: Thundurus|Thunderbolt|p2a: Kyurem
|-resisted|p2a: Kyurem
|-damage|p2a: Kyurem|69/100
|move|p2a: Kyurem|Earth Power|p1a: Thundurus
|-supereffective|p1a: Thundurus
|-damage|p1a: Thundurus|0 fnt
|faint|p1a: Thundurus
|
|win|ghjnp
|raw|krytto's rating: 1119 &rarr; <strong>1091</strong><br />(-28 for losing)
|raw|ghjnp's rating: 1083 &rarr; <strong>1113</strong><br />(+30 for winning)
|l|☆ghjnp
|player|p2|
|l|☆krytto
|player|p1|
