|j|☆chasmis_bauna
|j|☆Pyrax69
|t:|1760443252
|gametype|singles
|player|p1|chasmis_bauna|tuber|1432
|player|p2|Pyrax69|cynthia-gen4|1424
|gen|9
|tier|[Gen 9] OU
|rated|
|rule|HP Percentage Mod: HP is shown in percentages
|rule|Endless Battle Clause: Forcing endless battles is banned
|rule|Species Clause: Limit one of each Pokémon
|rule|OHKO Clause: OHKO moves are banned
|rule|Evasion Items Clause: Evasion items are banned
|rule|Evasion Moves Clause: Evasion moves are banned
|rule|Evasion Abilities Clause: Evasion abilities are banned
|rule|Sleep Moves Clause: Sleep-inducing moves are banned
|clearpoke
|poke|p1|Toxapex, M|
|poke|p1|Ogerpon-Wellspring, F|
|poke|p1|Iron Moth|
|poke|p1|Kingambit, M|
|poke|p1|Oricorio-Pom-Pom, M|
|poke|p1|Kyurem|
|poke|p2|Iron Valiant|
|poke|p2|Gholdengo|
|poke|p2|Great Tusk|
|poke|p2|Raging Bolt|
|poke|p2|Volcanion|
|poke|p2|Weavile, F|
|teampreview
|inactive|Battle timer is ON: inactive players will automatically lose when time's up. (requested by chasmis_bauna)
|
|t:|1760443262
|teamsize|p1|6
|teamsize|p2|6
|start
|switch|p1a: jodio|Oricorio-Pom-Pom, M|100/100
|switch|p2a: Great Tusk|Great Tusk|100/100
|turn|1
|
|t:|1760443273
|move|p1a: jodio|Quiver Dance|p1a: jodio
|-boost|p1a: jodio|spa|1
|-boost|p1a: jodio|spd|1
|-boost|p1a: jodio|spe|1
|move|p2a: Great Tusk|Stealth Rock|p1a: jodio
|-sidestart|p1: chasmis_bauna|move: Stealth Rock
|
|upkeep
|turn|2
|
|t:|1760443280
|move|p1a: jodio|Substitute|p1a: jodio
|-start|p1a: jodio|Substitute
|-damage|p1a: jodio|76/100
|move|p2a: Great Tusk|Ice Spinner|p1a: jodio
|-supereffective|p1a: jodio
|-end|p1a: jodio|Substitute
|
|upkeep
|turn|3
|
|t:|1760443288
|move|p1a: jodio|Alluring Voice|p2a: Great Tusk
|-supereffective|p2a: Great Tusk
|-damage|p2a: Great Tusk|0 fnt
|faint|p2a: Great Tusk
|-end|p2a: Great Tusk|Protosynthesis|[silent]
|
|upkeep
|
|t:|1760443295
|switch|p2a: Iron Valiant|Iron Valiant|100/100
|-enditem|p2a: Iron Valiant|Booster Energy
|-activate|p2a: Iron Valiant|ability: Quark Drive|[fromitem]
|-start|p2a: Iron Valiant|quarkdrivespe
|turn|4
|
|t:|1760443307
|move|p2a: Iron Valiant|Close Combat|p1a: jodio
|-resisted|p1a: jodio
|-damage|p1a: jodio|27/100
|-unboost|p2a: Iron Valiant|def|1
|-unboost|p2a: Iron Valiant|spd|1
|move|p1a: jodio|Quiver Dance|p1a: jodio
|-boost|p1a: jodio|spa|1
|-boost|p1a: jodio|spd|1
|-boost|p1a: jodio|spe|1
|
|upkeep
|turn|5
|
|t:|1760443330
|move|p1a: jodio|Alluring Voice|p2a: Iron Valiant
|-supereffective|p2a: Iron Valiant
|-damage|p2a: Iron Valiant|0 fnt
|faint|p2a: Iron Valiant
|-end|p2a: Iron Valiant|Quark Drive|[silent]
|
|upkeep
|
|t:|1760443337
|switch|p2a: Weavile|Weavile, F|100/100
|-ability|p2a: Weavile|Pressure
|turn|6
|
|t:|1760443343
|move|p2a: Weavile|Ice Shard|p1a: jodio
|-supereffective|p1a: jodio
|-damage|p1a: jodio|0 fnt
|faint|p1a: jodio
|
|upkeep
|
|t:|1760443351
|switch|p1a: giorno|Iron Moth|100/100
|-damage|p1a: giorno|76/100|[from] Stealth Rock
|-enditem|p1a: giorno|Booster Energy
|-activate|p1a: giorno|ability: Quark Drive|[fromitem]
|-start|p1a: giorno|quarkdrivespe
|turn|7
|
|t:|1760443364
|switch|p2a: Raging Bolt|Raging Bolt|100/100
|-enditem|p2a: Raging Bolt|Booster Energy
|-activate|p2a: Raging Bolt|ability: Protosynthesis|[fromitem]
|-start|p2a: Raging Bolt|protosynthesisspa
|move|p1a: giorno|Fiery Dance|p2a: Raging Bolt
|-resisted|p2a: Raging Bolt
|-damage|p2a: Raging Bolt|84/100
|-boost|p1a: giorno|spa|1
|
|upkeep
|turn|8
|
|t:|1760443383
|move|p1a: giorno|Psychic|p2a: Raging Bolt
|-damage|p2a: Raging Bolt|44/100
|move|p2a: Raging Bolt|Thunderbolt|p1a: giorno
|-damage|p1a: giorno|10/100
|
|upkeep
|turn|9
|
|t:|1760443389
|move|p2a: Raging Bolt|Thunderclap|p1a: giorno
|-damage|p1a: giorno|0 fnt
|faint|p1a: giorno
|-end|p1a: giorno|Quark Drive|[silent]
|
|upkeep
|
|t:|1760443397
|switch|p1a: jonathan|Kyurem, shiny|100/100
|-damage|p1a: jonathan|76/100|[from] Stealth Rock
|-ability|p1a: jonathan|Pressure
|turn|10
|
|t:|1760443407
|move|p1a: jonathan|Scale Shot|p2a: Raging Bolt
|-supereffective|p2a: Raging Bolt
|-crit|p2a: Raging Bolt
|-damage|p2a: Raging Bolt|9/100
|-supereffective|p2a: Raging Bolt
|-damage|p2a: Raging Bolt|0 fnt
|faint|p2a: Raging Bolt
|-end|p2a: Raging Bolt|Protosynthesis|[silent]
|-hitcount|p2: Raging Bolt|2
|-unboost|p1a: jonathan|def|1
|-boost|p1a: jonathan|spe|1
|
|upkeep
|
|t:|1760443419
|switch|p2a: Gholdengo|Gholdengo|100/100
|turn|11
|
|t:|1760443425
|move|p2a: Gholdengo|Make It Rain|p1a: jonathan
|-supereffective|p1a: jonathan
|-damage|p1a: jonathan|0 fnt
|-unboost|p2a: Gholdengo|spa|1
|faint|p1a: jonathan
|
|upkeep
|
|t:|1760443433
|switch|p1a: josuke|Kingambit, M, shiny|100/100
|-damage|p1a: josuke|94/100|[from] Stealth Rock
|-activate|p1a: josuke|ability: Supreme Overlord
|-start|p1a: josuke|fallen3|[silent]
|turn|12
|
|t:|1760443441
|switch|p2a: Volcanion|Volcanion|100/100
|move|p1a: josuke|Sucker Punch||[still]
|-fail|p1a: josuke
|
|-heal|p1a: josuke|100/100|[from] item: Leftovers
|upkeep
|turn|13
|
|t:|1760443454
|-terastallize|p2a: Volcanion|Ground
|-terastallize|p1a: josuke|Flying
|move|p2a: Volcanion|Earth Power|p1a: josuke
|-immune|p1a: josuke
|move|p1a: josuke|Low Kick|p2a: Volcanion
|-damage|p2a: Volcanion|48/100
|
|upkeep
|turn|14
|-message|Pyrax69 forfeited.
|
|win|chasmis_bauna
|raw|chasmis_bauna's rating: 1432 &rarr; <strong>1452</strong><br />(+20 for winning)
|raw|Pyrax69's rating: 1424 &rarr; <strong>1404</strong><br />(-20 for losing)
|l|☆Pyrax69
|player|p2|
|l|☆chasmis_bauna
|player|p1|
