|j|☆XinFeng
|j|☆smilingkyogre
|t:|1760405772
|gametype|singles
|player|p1|XinFeng|bellelba|1453
|player|p2|smilingkyogre|pokekid|1451
|gen|9
|tier|[Gen 9] OU
|rated|
|rule|HP Percentage Mod: HP is shown in percentages
|rule|Endless Battle Clause: Forcing endless battles is banned
|rule|Species Clause: Limit one of each Pokémon
|rule|OHKO Clause: OHKO moves are banned
|rule|Evasion Items Clause: Evasion items are banned
|rule|Evasion Moves Clause: Evasion moves are banned
|rule|Evasion Abilities Clause: Evasion abilities are banned
|rule|Sleep Moves Clause: Sleep-inducing moves are banned
|clearpoke
|poke|p1|Rillaboom, F|
|poke|p1|Slowking-Galar, F|
|poke|p1|Landorus-Therian, M|
|poke|p1|Cinderace, F|
|poke|p1|Raging Bolt|
|poke|p1|Scizor, F|
|poke|p2|Hatterene, F|
|poke|p2|Hydrapple, F|
|poke|p2|Kingambit, F|
|poke|p2|Great Tusk|
|poke|p2|Moltres|
|poke|p2|Zamazenta-*|
|teampreview
|inactive|Battle timer is ON: inactive players will automatically lose when time's up. (requested by smilingkyogre)
|
|t:|1760405778
|teamsize|p1|6
|teamsize|p2|6
|start
|switch|p1a: Landorus|Landorus-Therian, M, shiny|100/100
|switch|p2a: Hydrapple|Hydrapple, F|100/100
|-ability|p1a: Landorus|Intimidate|boost
|-unboost|p2a: Hydrapple|atk|1
|turn|1
|
|t:|1760405781
|move|p1a: Landorus|U-turn|p2a: Hydrapple
|-supereffective|p2a: Hydrapple
|-damage|p2a: Hydrapple|65/100
|
|t:|1760405788
|switch|p1a: Scizor|Scizor, F, shiny|100/100|[from] U-turn
|move|p2a: Hydrapple|Leaf Storm|p1a: Scizor
|-resisted|p1a: Scizor
|-damage|p1a: Scizor|69/100
|-unboost|p2a: Hydrapple|spa|2
|
|upkeep
|turn|2
|
|t:|1760405794
|switch|p2a: Great Tusk|Great Tusk|100/100
|move|p1a: Scizor|U-turn|p2a: Great Tusk
|-resisted|p2a: Great Tusk
|-damage|p2a: Great Tusk|78/100
|-damage|p1a: Scizor|52/100|[from] item: Rocky Helmet|[of] p2a: Great Tusk
|
|t:|1760405800
|switch|p1a: Rillaboom|Rillaboom, F, shiny|100/100|[from] U-turn
|-fieldstart|move: Grassy Terrain|[from] ability: Grassy Surge|[of] p1a: Rillaboom
|
|-heal|p2a: Great Tusk|84/100|[from] Grassy Terrain
|upkeep
|turn|3
|
|t:|1760405804
|-end|p2a: Great Tusk|Protosynthesis|[silent]
|switch|p2a: Moltres|Moltres|100/100
|-terastallize|p1a: Rillaboom|Fire
|move|p1a: Rillaboom|Wood Hammer|p2a: Moltres
|-resisted|p2a: Moltres
|-crit|p2a: Moltres
|-damage|p2a: Moltres|54/100
|-damage|p1a: Rillaboom|83/100|[from] Recoil
|
|-heal|p1a: Rillaboom|90/100|[from] Grassy Terrain
|upkeep
|turn|4
|inactive|smilingkyogre has 120 seconds left.
|
|t:|1760405836
|switch|p1a: Slowking|Slowking-Galar, F, shiny|100/100
|move|p2a: Moltres|Roost|p2a: Moltres
|-heal|p2a: Moltres|100/100
|-singleturn|p2a: Moltres|move: Roost
|
|upkeep
|turn|5
|
|t:|1760405845
|move|p1a: Slowking|Toxic|p2a: Moltres
|-status|p2a: Moltres|tox
|move|p2a: Moltres|Roar|p1a: Slowking
|drag|p1a: Scizor|Scizor, F, shiny|52/100
|
|-heal|p1a: Scizor|58/100|[from] Grassy Terrain
|-damage|p2a: Moltres|94/100 tox|[from] psn
|upkeep
|turn|6
|
|t:|1760405852
|switch|p1a: Slowking|Slowking-Galar, F, shiny|100/100
|move|p2a: Moltres|Flamethrower|p1a: Slowking
|-damage|p1a: Slowking|79/100
|
|-heal|p1a: Slowking|85/100|[from] Grassy Terrain
|-damage|p2a: Moltres|82/100 tox|[from] psn
|-fieldend|move: Grassy Terrain
|upkeep
|turn|7
|
|t:|1760405859
|switch|p2a: Kingambit|Kingambit, F|100/100
|move|p1a: Slowking|Future Sight|p2a: Kingambit
|-start|p1a: Slowking|move: Future Sight
|
|upkeep
|turn|8
|
|t:|1760405863
|switch|p1a: Landorus|Landorus-Therian, M, shiny|100/100
|-ability|p1a: Landorus|Intimidate|boost
|-unboost|p2a: Kingambit|atk|1
|move|p2a: Kingambit|Kowtow Cleave|p1a: Landorus
|-damage|p1a: Landorus|78/100
|-damage|p2a: Kingambit|84/100|[from] item: Rocky Helmet|[of] p1a: Landorus
|
|-heal|p2a: Kingambit|90/100|[from] item: Leftovers
|upkeep
|turn|9
|
|t:|1760405869
|-end|p2a: Kingambit|fallenundefined|[silent]
|switch|p2a: Hatterene|Hatterene, F|100/100
|move|p1a: Landorus|U-turn|p2a: Hatterene
|-damage|p2a: Hatterene|81/100
|
|t:|1760405873
|switch|p1a: Scizor|Scizor, F, shiny|58/100|[from] U-turn
|
|-end|p2a: Hatterene|move: Future Sight
|-resisted|p2a: Hatterene
|-damage|p2a: Hatterene|57/100
|-heal|p2a: Hatterene|63/100|[from] item: Leftovers
|upkeep
|turn|10
|
|t:|1760405879
|switch|p2a: Zamazenta|Zamazenta|100/100
|-ability|p2a: Zamazenta|Dauntless Shield|boost
|-boost|p2a: Zamazenta|def|1
|move|p1a: Scizor|U-turn|p2a: Zamazenta
|-resisted|p2a: Zamazenta
|-damage|p2a: Zamazenta|87/100
|
|t:|1760405886
|switch|p1a: Slowking|Slowking-Galar, F, shiny|100/100|[from] U-turn
|
|-heal|p2a: Zamazenta|93/100|[from] item: Leftovers
|upkeep
|turn|11
|
|t:|1760405889
|switch|p2a: Kingambit|Kingambit, F|90/100
|move|p1a: Slowking|Toxic|p2a: Kingambit
|-immune|p2a: Kingambit
|
|-heal|p2a: Kingambit|96/100|[from] item: Leftovers
|upkeep
|turn|12
|
|t:|1760405894
|-end|p2a: Kingambit|fallenundefined|[silent]
|switch|p2a: Great Tusk|Great Tusk|84/100
|switch|p1a: Landorus|Landorus-Therian, M, shiny|78/100
|-ability|p1a: Landorus|Intimidate|boost
|-unboost|p2a: Great Tusk|atk|1
|
|upkeep
|turn|13
|
|t:|1760405902
|move|p2a: Great Tusk|Ice Spinner|p1a: Landorus
|-supereffective|p1a: Landorus
|-damage|p1a: Landorus|25/100
|-damage|p2a: Great Tusk|68/100|[from] item: Rocky Helmet|[of] p1a: Landorus
|move|p1a: Landorus|U-turn|p2a: Great Tusk
|-resisted|p2a: Great Tusk
|-damage|p2a: Great Tusk|60/100
|-damage|p1a: Landorus|8/100|[from] item: Rocky Helmet|[of] p2a: Great Tusk
|
|t:|1760405918
|switch|p1a: Rillaboom|Rillaboom, F, shiny, tera:Fire|90/100|[from] U-turn
|-fieldstart|move: Grassy Terrain|[from] ability: Grassy Surge|[of] p1a: Rillaboom
|
|-heal|p2a: Great Tusk|66/100|[from] Grassy Terrain
|-heal|p1a: Rillaboom|96/100|[from] Grassy Terrain
|upkeep
|turn|14
|
|t:|1760405930
|-end|p2a: Great Tusk|Protosynthesis|[silent]
|switch|p2a: Hydrapple|Hydrapple, F|98/100
|move|p1a: Rillaboom|U-turn|p2a: Hydrapple
|-supereffective|p2a: Hydrapple
|-damage|p2a: Hydrapple|48/100
|
|t:|1760405936
|switch|p1a: Scizor|Scizor, F, shiny|58/100|[from] U-turn
|
|-heal|p1a: Scizor|64/100|[from] Grassy Terrain
|-heal|p2a: Hydrapple|54/100|[from] Grassy Terrain
|upkeep
|turn|15
|
|t:|1760405939
|switch|p2a: Moltres|Moltres|82/100 tox
|move|p1a: Scizor|U-turn|p2a: Moltres
|-resisted|p2a: Moltres
|-damage|p2a: Moltres|67/100 tox
|
|t:|1760405946
|switch|p1a: Raging Bolt|Raging Bolt|100/100|[from] U-turn
|
|-damage|p2a: Moltres|61/100 tox|[from] psn
|upkeep
|turn|16
|
|t:|1760405954
|switch|p2a: Hatterene|Hatterene, F|63/100
|move|p1a: Raging Bolt|Draco Meteor|p2a: Hatterene
|-immune|p2a: Hatterene
|
|-heal|p2a: Hatterene|69/100|[from] Grassy Terrain
|-heal|p2a: Hatterene|75/100|[from] item: Leftovers
|upkeep
|turn|17
|
|t:|1760405963
|-end|p1a: Raging Bolt|Protosynthesis|[silent]
|switch|p1a: Slowking|Slowking-Galar, F, shiny|100/100
|move|p2a: Hatterene|Dazzling Gleam|p1a: Slowking
|-resisted|p1a: Slowking
|-damage|p1a: Slowking|90/100
|
|-heal|p2a: Hatterene|81/100|[from] Grassy Terrain
|-heal|p2a: Hatterene|87/100|[from] item: Leftovers
|-heal|p1a: Slowking|96/100|[from] Grassy Terrain
|-fieldend|move: Grassy Terrain
|upkeep
|turn|18
|
|t:|1760405969
|switch|p2a: Kingambit|Kingambit, F|96/100
|-prepare|p1a: Slowking|Chilly Reception|[premajor]
|move|p1a: Slowking|Chilly Reception|p1a: Slowking
|-weather|Snowscape
|
|t:|1760405973
|switch|p1a: Landorus|Landorus-Therian, M, shiny|8/100|[from] Chilly Reception
|-ability|p1a: Landorus|Intimidate|boost
|-unboost|p2a: Kingambit|atk|1
|
|-weather|Snowscape|[upkeep]
|-heal|p2a: Kingambit|100/100|[from] item: Leftovers
|upkeep
|turn|19
|
|t:|1760405977
|-end|p2a: Kingambit|fallenundefined|[silent]
|switch|p2a: Hatterene|Hatterene, F|87/100
|move|p1a: Landorus|Stealth Rock|p2a: Hatterene
|move|p2a: Hatterene|Stealth Rock|p1a: Landorus|[from] ability: Magic Bounce
|-sidestart|p1: XinFeng|move: Stealth Rock
|
|-weather|Snowscape|[upkeep]
|-heal|p2a: Hatterene|93/100|[from] item: Leftovers
|upkeep
|turn|20
|
|t:|1760405984
|move|p1a: Landorus|U-turn|p2a: Hatterene
|-damage|p2a: Hatterene|76/100
|
|t:|1760405987
|switch|p1a: Cinderace|Cinderace, F, shiny|100/100|[from] U-turn
|move|p2a: Hatterene|Nuzzle|p1a: Cinderace
|-crit|p1a: Cinderace
|-damage|p1a: Cinderace|93/100
|-status|p1a: Cinderace|par
|
|-weather|Snowscape|[upkeep]
|-heal|p2a: Hatterene|82/100|[from] item: Leftovers
|upkeep
|turn|21
|
|t:|1760405993
|switch|p2a: Great Tusk|Great Tusk|66/100
|move|p1a: Cinderace|Court Change|p1a: Cinderace
|-start|p1a: Cinderace|typechange|Normal|[from] ability: Libero
|-swapsideconditions
|-activate|p1a: Cinderace|move: Court Change
|
|-weather|Snowscape|[upkeep]
|upkeep
|turn|22
|
|t:|1760405997
|move|p2a: Great Tusk|Rapid Spin|p1a: Cinderace
|-damage|p1a: Cinderace|68/100 par
|-boost|p2a: Great Tusk|spe|1
|-sideend|p2: smilingkyogre|Stealth Rock|[from] move: Rapid Spin|[of] p2a: Great Tusk
|cant|p1a: Cinderace|par
|
|-weather|none
|upkeep
|turn|23
|
|t:|1760406005
|switch|p1a: Landorus|Landorus-Therian, M, shiny|8/100
|-ability|p1a: Landorus|Intimidate|boost
|-unboost|p2a: Great Tusk|atk|1
|move|p2a: Great Tusk|Close Combat|p1a: Landorus
|-resisted|p1a: Landorus
|-damage|p1a: Landorus|0 fnt
|-unboost|p2a: Great Tusk|def|1
|-unboost|p2a: Great Tusk|spd|1
|-damage|p2a: Great Tusk|49/100|[from] item: Rocky Helmet|[of] p1a: Landorus
|faint|p1a: Landorus
|
|upkeep
|
|t:|1760406016
|switch|p1a: Rillaboom|Rillaboom, F, shiny, tera:Fire|96/100
|-fieldstart|move: Grassy Terrain|[from] ability: Grassy Surge|[of] p1a: Rillaboom
|turn|24
|
|t:|1760406022
|-end|p2a: Great Tusk|Protosynthesis|[silent]
|switch|p2a: Moltres|Moltres|61/100 tox
|move|p1a: Rillaboom|Grassy Glide|p2a: Moltres
|-resisted|p2a: Moltres
|-damage|p2a: Moltres|48/100 tox
|
|-heal|p1a: Rillaboom|100/100|[from] Grassy Terrain
|-damage|p2a: Moltres|42/100 tox|[from] psn
|upkeep
|turn|25
|
|t:|1760406027
|switch|p1a: Cinderace|Cinderace, F, shiny|68/100 par
|move|p2a: Moltres|Roost|p2a: Moltres
|-heal|p2a: Moltres|92/100 tox
|-singleturn|p2a: Moltres|move: Roost
|
|-heal|p2a: Moltres|98/100 tox|[from] Grassy Terrain
|-heal|p1a: Cinderace|74/100 par|[from] Grassy Terrain
|-damage|p2a: Moltres|86/100 tox|[from] psn
|upkeep
|turn|26
|
|t:|1760406032
|move|p2a: Moltres|Brave Bird|p1a: Cinderace
|-damage|p1a: Cinderace|9/100 par
|-damage|p2a: Moltres|68/100 tox|[from] Recoil
|cant|p1a: Cinderace|par
|
|-heal|p1a: Cinderace|15/100 par|[from] Grassy Terrain
|-damage|p2a: Moltres|50/100 tox|[from] psn
|upkeep
|turn|27
|
|t:|1760406038
|cant|p1a: Cinderace|par
|move|p2a: Moltres|Roost|p2a: Moltres
|-heal|p2a: Moltres|99/100 tox
|-singleturn|p2a: Moltres|move: Roost
|
|-heal|p2a: Moltres|100/100 tox|[from] Grassy Terrain
|-heal|p1a: Cinderace|21/100 par|[from] Grassy Terrain
|-damage|p2a: Moltres|76/100 tox|[from] psn
|upkeep
|turn|28
|
|t:|1760406043
|move|p2a: Moltres|Brave Bird|p1a: Cinderace
|-damage|p1a: Cinderace|0 fnt
|faint|p1a: Cinderace
|-damage|p2a: Moltres|71/100 tox|[from] Recoil
|
|-damage|p2a: Moltres|40/100 tox|[from] psn
|-fieldend|move: Grassy Terrain
|upkeep
|
|t:|1760406047
|switch|p1a: Raging Bolt|Raging Bolt|100/100
|turn|29
|
|t:|1760406052
|switch|p2a: Great Tusk|Great Tusk|49/100
|move|p1a: Raging Bolt|Volt Switch|p2a: Great Tusk
|-immune|p2a: Great Tusk
|
|upkeep
|turn|30
|
|t:|1760406059
|move|p2a: Great Tusk|Headlong Rush|p1a: Raging Bolt
|-supereffective|p1a: Raging Bolt
|-damage|p1a: Raging Bolt|0 fnt
|-unboost|p2a: Great Tusk|def|1
|-unboost|p2a: Great Tusk|spd|1
|faint|p1a: Raging Bolt
|-end|p1a: Raging Bolt|Protosynthesis|[silent]
|
|upkeep
|-message|XinFeng forfeited.
|
|win|smilingkyogre
|raw|XinFeng's rating: 1453 &rarr; <strong>1433</strong><br />(-20 for losing)
|raw|smilingkyogre's rating: 1451 &rarr; <strong>1471</strong><br />(+20 for winning)
|l|☆XinFeng
|player|p1|
