|j|☆enceggs
|j|☆Minytank
|t:|1760320320
|gametype|singles
|player|p1|enceggs|ltsurge|1467
|player|p2|Minytank|170|1407
|gen|9
|tier|[Gen 9] OU
|rated|
|rule|HP Percentage Mod: HP is shown in percentages
|rule|Endless Battle Clause: Forcing endless battles is banned
|rule|Species Clause: Limit one of each Pokémon
|rule|OHKO Clause: OHKO moves are banned
|rule|Evasion Items Clause: Evasion items are banned
|rule|Evasion Moves Clause: Evasion moves are banned
|rule|Evasion Abilities Clause: Evasion abilities are banned
|rule|Sleep Moves Clause: Sleep-inducing moves are banned
|clearpoke
|poke|p1|Ogerpon-Cornerstone, F|
|poke|p1|Sandy Shocks|
|poke|p1|Alomomola, M|
|poke|p1|Kyurem|
|poke|p1|Zamazenta-*|
|poke|p1|Mandibuzz, F|
|poke|p2|Alomomola, M|
|poke|p2|Garganacl, M|
|poke|p2|Goodra-Hisui, F|
|poke|p2|Landorus-Therian, M|
|poke|p2|Corviknight, M|
|poke|p2|Florges, F|
|teampreview
|inactive|Battle timer is ON: inactive players will automatically lose when time's up. (requested by Minytank)
|
|t:|1760320329
|teamsize|p1|6
|teamsize|p2|6
|start
|switch|p1a: Sandy Shocks|Sandy Shocks|100/100
|switch|p2a: Landorus|Landorus-Therian, M|100/100
|-ability|p2a: Landorus|Intimidate|boost
|-unboost|p1a: Sandy Shocks|atk|1
|turn|1
|
|t:|1760320334
|-end|p1a: Sandy Shocks|Protosynthesis|[silent]
|switch|p1a: Mandibuzz|Mandibuzz, F|100/100
|move|p2a: Landorus|Earthquake|p1a: Mandibuzz
|-immune|p1a: Mandibuzz
|
|upkeep
|turn|2
|
|t:|1760320339
|switch|p2a: Garganacl|Garganacl, M|100/100
|move|p1a: Mandibuzz|Toxic|p2a: Garganacl
|-immune|p2a: Garganacl|[from] ability: Purifying Salt
|
|upkeep
|turn|3
|
|t:|1760320341
|move|p1a: Mandibuzz|Knock Off|p2a: Garganacl
|-damage|p2a: Garganacl|89/100
|-enditem|p2a: Garganacl|Leftovers|[from] move: Knock Off|[of] p1a: Mandibuzz
|move|p2a: Garganacl|Salt Cure|p1a: Mandibuzz
|-supereffective|p1a: Mandibuzz
|-damage|p1a: Mandibuzz|81/100
|-start|p1a: Mandibuzz|Salt Cure
|
|-damage|p1a: Mandibuzz|68/100|[from] Salt Cure
|upkeep
|turn|4
|
|t:|1760320349
|move|p1a: Mandibuzz|U-turn|p2a: Garganacl
|-damage|p2a: Garganacl|83/100
|
|t:|1760320353
|switch|p1a: Sandy Shocks|Sandy Shocks|100/100|[from] U-turn
|move|p2a: Garganacl|Salt Cure|p1a: Sandy Shocks
|-resisted|p1a: Sandy Shocks
|-damage|p1a: Sandy Shocks|92/100
|-start|p1a: Sandy Shocks|Salt Cure
|
|-damage|p1a: Sandy Shocks|80/100|[from] Salt Cure
|upkeep
|turn|5
|
|t:|1760320357
|-end|p1a: Sandy Shocks|Protosynthesis|[silent]
|switch|p1a: Alomomola|Alomomola, M, shiny|100/100
|switch|p2a: Landorus|Landorus-Therian, M|100/100
|-ability|p2a: Landorus|Intimidate|boost
|-unboost|p1a: Alomomola|atk|1
|
|upkeep
|turn|6
|
|t:|1760320364
|move|p2a: Landorus|U-turn|p1a: Alomomola
|-damage|p1a: Alomomola|78/100
|
|t:|1760320370
|switch|p2a: Florges|Florges, F|100/100|[from] U-turn
|move|p1a: Alomomola|Flip Turn|p2a: Florges
|-damage|p2a: Florges|84/100
|
|t:|1760320380
|switch|p1a: Ogerpon|Ogerpon-Cornerstone, F|100/100|[from] Flip Turn
|
|-heal|p2a: Florges|90/100|[from] item: Leftovers
|upkeep
|turn|7
|
|t:|1760320387
|switch|p2a: Corviknight|Corviknight, M|100/100
|-ability|p2a: Corviknight|Pressure
|move|p1a: Ogerpon|Swords Dance|p1a: Ogerpon
|-boost|p1a: Ogerpon|atk|2
|
|upkeep
|turn|8
|
|t:|1760320391
|-terastallize|p1a: Ogerpon|Rock
|detailschange|p1a: Ogerpon|Ogerpon-Cornerstone-Tera, F, tera:Rock
|-ability|p1a: Ogerpon|Embody Aspect (Cornerstone)|boost
|-boost|p1a: Ogerpon|def|1
|move|p1a: Ogerpon|Ivy Cudgel|p2a: Corviknight|[anim] Ivy Cudgel Rock
|-damage|p2a: Corviknight|14/100
|move|p2a: Corviknight|Body Press|p1a: Ogerpon
|-supereffective|p1a: Ogerpon
|-damage|p1a: Ogerpon|51/100
|
|upkeep
|turn|9
|
|t:|1760320402
|move|p1a: Ogerpon|Trailblaze|p2a: Corviknight
|-resisted|p2a: Corviknight
|-damage|p2a: Corviknight|6/100
|-boost|p1a: Ogerpon|spe|1
|-damage|p1a: Ogerpon|35/100|[from] item: Rocky Helmet|[of] p2a: Corviknight
|move|p2a: Corviknight|Roost|p2a: Corviknight
|-heal|p2a: Corviknight|56/100
|-singleturn|p2a: Corviknight|move: Roost
|
|upkeep
|turn|10
|
|t:|1760320416
|switch|p2a: Landorus|Landorus-Therian, M|100/100
|-ability|p2a: Landorus|Intimidate|boost
|-unboost|p1a: Ogerpon|atk|1
|move|p1a: Ogerpon|Ivy Cudgel|p2a: Landorus|[anim] Ivy Cudgel Rock
|-damage|p2a: Landorus|0 fnt
|faint|p2a: Landorus
|
|upkeep
|
|t:|1760320431
|switch|p2a: Goodra|Goodra-Hisui, F|100/100
|turn|11
|
|t:|1760320435
|move|p1a: Ogerpon|Ivy Cudgel|p2a: Goodra|[anim] Ivy Cudgel Rock
|-resisted|p2a: Goodra
|-damage|p2a: Goodra|43/100
|move|p2a: Goodra|Heavy Slam|p1a: Ogerpon
|-supereffective|p1a: Ogerpon
|-damage|p1a: Ogerpon|0 fnt
|faint|p1a: Ogerpon
|detailschange|p1: Ogerpon|Ogerpon-Cornerstone, F|[silent]
|
|upkeep
|
|t:|1760320444
|switch|p1a: Zamazenta|Zamazenta, shiny|100/100
|-ability|p1a: Zamazenta|Dauntless Shield|boost
|-boost|p1a: Zamazenta|def|1
|turn|12
|
|t:|1760320448
|switch|p2a: Corviknight|Corviknight, M|56/100
|-ability|p2a: Corviknight|Pressure
|move|p1a: Zamazenta|Close Combat|p2a: Corviknight
|-damage|p2a: Corviknight|2/100
|-unboost|p1a: Zamazenta|def|1
|-unboost|p1a: Zamazenta|spd|1
|-damage|p1a: Zamazenta|84/100|[from] item: Rocky Helmet|[of] p2a: Corviknight
|
|upkeep
|turn|13
|
|t:|1760320451
|switch|p2a: Florges|Florges, F|90/100
|move|p1a: Zamazenta|Close Combat|p2a: Florges
|-resisted|p2a: Florges
|-damage|p2a: Florges|28/100
|-unboost|p1a: Zamazenta|def|1
|-unboost|p1a: Zamazenta|spd|1
|
|-heal|p2a: Florges|34/100|[from] item: Leftovers
|upkeep
|turn|14
|
|t:|1760320458
|switch|p2a: Corviknight|Corviknight, M|2/100
|-ability|p2a: Corviknight|Pressure
|move|p1a: Zamazenta|Close Combat|p2a: Corviknight
|-damage|p2a: Corviknight|0 fnt
|-unboost|p1a: Zamazenta|def|1
|-unboost|p1a: Zamazenta|spd|1
|-damage|p1a: Zamazenta|67/100|[from] item: Rocky Helmet|[of] p2a: Corviknight
|faint|p2a: Corviknight
|
|upkeep
|
|t:|1760320460
|switch|p2a: Garganacl|Garganacl, M|83/100
|turn|15
|
|t:|1760320468
|-terastallize|p2a: Garganacl|Ghost
|move|p1a: Zamazenta|Close Combat|p2a: Garganacl
|-immune|p2a: Garganacl
|move|p2a: Garganacl|Salt Cure|p1a: Zamazenta
|-resisted|p1a: Zamazenta
|-damage|p1a: Zamazenta|53/100
|-start|p1a: Zamazenta|Salt Cure
|
|-damage|p1a: Zamazenta|41/100|[from] Salt Cure
|upkeep
|turn|16
|
|t:|1760320472
|switch|p1a: Alomomola|Alomomola, M, shiny|100/100
|move|p2a: Garganacl|Salt Cure|p1a: Alomomola
|-damage|p1a: Alomomola|92/100
|-start|p1a: Alomomola|Salt Cure
|
|-damage|p1a: Alomomola|67/100|[from] Salt Cure
|upkeep
|turn|17
|
|t:|1760320477
|switch|p2a: Alomomola|Alomomola, M|100/100
|move|p1a: Alomomola|Flip Turn|p2a: Alomomola
|-resisted|p2a: Alomomola
|-damage|p2a: Alomomola|95/100
|
|t:|1760320481
|switch|p1a: Sandy Shocks|Sandy Shocks|80/100|[from] Flip Turn
|
|-heal|p2a: Alomomola|100/100|[from] item: Leftovers
|upkeep
|turn|18
|
|t:|1760320485
|move|p2a: Alomomola|Protect|p2a: Alomomola
|-singleturn|p2a: Alomomola|Protect
|move|p1a: Sandy Shocks|Volt Switch|p2a: Alomomola
|-activate|p2a: Alomomola|move: Protect
|
|upkeep
|turn|19
|
|t:|1760320489
|switch|p2a: Goodra|Goodra-Hisui, F|43/100
|move|p1a: Sandy Shocks|Volt Switch|p2a: Goodra
|-resisted|p2a: Goodra
|-damage|p2a: Goodra|37/100
|
|t:|1760320493
|-end|p1a: Sandy Shocks|Protosynthesis|[silent]
|switch|p1a: Zamazenta|Zamazenta, shiny|41/100|[from] Volt Switch
|
|upkeep
|turn|20
|
|t:|1760320497
|switch|p2a: Alomomola|Alomomola, M|100/100
|move|p1a: Zamazenta|Crunch|p2a: Alomomola
|-damage|p2a: Alomomola|79/100
|
|-heal|p2a: Alomomola|85/100|[from] item: Leftovers
|upkeep
|turn|21
|
|t:|1760320500
|switch|p1a: Alomomola|Alomomola, M, shiny|100/100
|move|p2a: Alomomola|Wish|p2a: Alomomola
|
|-heal|p2a: Alomomola|91/100|[from] item: Leftovers
|upkeep
|turn|22
|
|t:|1760320504
|switch|p2a: Goodra|Goodra-Hisui, F|37/100
|move|p1a: Alomomola|Wish|p1a: Alomomola
|
|-heal|p2a: Goodra|100/100|[from] move: Wish|[wisher] Alomomola
|upkeep
|turn|23
|
|t:|1760320507
|switch|p2a: Alomomola|Alomomola, M|100/100
|move|p1a: Alomomola|Flip Turn|p2a: Alomomola
|-resisted|p2a: Alomomola
|-damage|p2a: Alomomola|95/100
|
|t:|1760320511
|switch|p1a: Sandy Shocks|Sandy Shocks|80/100|[from] Flip Turn
|
|-heal|p1a: Sandy Shocks|100/100|[from] move: Wish|[wisher] Alomomola
|-heal|p2a: Alomomola|100/100|[from] item: Leftovers
|upkeep
|turn|24
|
|t:|1760320513
|move|p2a: Alomomola|Protect|p2a: Alomomola
|-singleturn|p2a: Alomomola|Protect
|move|p1a: Sandy Shocks|Volt Switch|p2a: Alomomola
|-activate|p2a: Alomomola|move: Protect
|
|upkeep
|turn|25
|
|t:|1760320517
|switch|p2a: Goodra|Goodra-Hisui, F|100/100
|move|p1a: Sandy Shocks|Volt Switch|p2a: Goodra
|-resisted|p2a: Goodra
|-damage|p2a: Goodra|95/100
|
|t:|1760320521
|-end|p1a: Sandy Shocks|Protosynthesis|[silent]
|switch|p1a: Zamazenta|Zamazenta, shiny|41/100|[from] Volt Switch
|
|upkeep
|turn|26
|
|t:|1760320526
|switch|p2a: Garganacl|Garganacl, M, tera:Ghost|83/100
|move|p1a: Zamazenta|Close Combat|p2a: Garganacl
|-immune|p2a: Garganacl
|
|upkeep
|turn|27
|
|t:|1760320528
|switch|p1a: Alomomola|Alomomola, M, shiny|100/100
|move|p2a: Garganacl|Salt Cure|p1a: Alomomola
|-damage|p1a: Alomomola|92/100
|-start|p1a: Alomomola|Salt Cure
|
|-damage|p1a: Alomomola|67/100|[from] Salt Cure
|upkeep
|turn|28
|
|t:|1760320531
|move|p1a: Alomomola|Flip Turn|p2a: Garganacl
|-damage|p2a: Garganacl|74/100
|
|t:|1760320533
|switch|p1a: Sandy Shocks|Sandy Shocks|100/100|[from] Flip Turn
|move|p2a: Garganacl|Earthquake|p1a: Sandy Shocks
|-supereffective|p1a: Sandy Shocks
|-damage|p1a: Sandy Shocks|52/100
|
|upkeep
|turn|29
|
|t:|1760320538
|move|p1a: Sandy Shocks|Volt Switch|p2a: Garganacl
|-damage|p2a: Garganacl|45/100
|
|t:|1760320541
|-end|p1a: Sandy Shocks|Protosynthesis|[silent]
|switch|p1a: Alomomola|Alomomola, M, shiny|100/100|[from] Volt Switch
|move|p2a: Garganacl|Earthquake|p1a: Alomomola
|-damage|p1a: Alomomola|86/100
|
|upkeep
|turn|30
|
|t:|1760320544
|move|p1a: Alomomola|Wish|p1a: Alomomola
|move|p2a: Garganacl|Salt Cure|p1a: Alomomola
|-damage|p1a: Alomomola|78/100
|-start|p1a: Alomomola|Salt Cure
|
|-damage|p1a: Alomomola|53/100|[from] Salt Cure
|upkeep
|turn|31
|
|t:|1760320548
|switch|p1a: Zamazenta|Zamazenta, shiny|41/100
|move|p2a: Garganacl|Salt Cure|p1a: Zamazenta
|-resisted|p1a: Zamazenta
|-damage|p1a: Zamazenta|34/100
|-start|p1a: Zamazenta|Salt Cure
|
|-heal|p1a: Zamazenta|100/100|[from] move: Wish|[wisher] Alomomola
|-damage|p1a: Zamazenta|88/100|[from] Salt Cure
|upkeep
|turn|32
|
|t:|1760320551
|move|p1a: Zamazenta|Crunch|p2a: Garganacl
|-supereffective|p2a: Garganacl
|-damage|p2a: Garganacl|5/100
|-unboost|p2a: Garganacl|def|1
|move|p2a: Garganacl|Recover|p2a: Garganacl
|-heal|p2a: Garganacl|55/100
|
|-damage|p1a: Zamazenta|76/100|[from] Salt Cure
|upkeep
|turn|33
|
|t:|1760320559
|switch|p2a: Alomomola|Alomomola, M|100/100
|move|p1a: Zamazenta|Crunch|p2a: Alomomola
|-damage|p2a: Alomomola|81/100
|
|-heal|p2a: Alomomola|87/100|[from] item: Leftovers
|-damage|p1a: Zamazenta|64/100|[from] Salt Cure
|upkeep
|turn|34
|
|t:|1760320564
|switch|p1a: Alomomola|Alomomola, M, shiny|86/100
|move|p2a: Alomomola|Flip Turn|p1a: Alomomola
|-resisted|p1a: Alomomola
|-damage|p1a: Alomomola|81/100
|
|t:|1760320570
|switch|p2a: Goodra|Goodra-Hisui, F|95/100|[from] Flip Turn
|
|upkeep
|turn|35
|
|t:|1760320577
|move|p1a: Alomomola|Flip Turn|p2a: Goodra
|-resisted|p2a: Goodra
|-damage|p2a: Goodra|86/100
|
|t:|1760320581
|switch|p1a: Mandibuzz|Mandibuzz, F|68/100|[from] Flip Turn
|move|p2a: Goodra|Draco Meteor|p1a: Mandibuzz
|-damage|p1a: Mandibuzz|40/100
|-unboost|p2a: Goodra|spa|2
|
|upkeep
|turn|36
|
|t:|1760320586
|move|p1a: Mandibuzz|Knock Off|p2a: Goodra
|-damage|p2a: Goodra|63/100
|-enditem|p2a: Goodra|Assault Vest|[from] move: Knock Off|[of] p1a: Mandibuzz
|move|p2a: Goodra|Heavy Slam|p1a: Mandibuzz
|-damage|p1a: Mandibuzz|7/100
|
|upkeep
|turn|37
|
|t:|1760320593
|move|p1a: Mandibuzz|U-turn|p2a: Goodra
|-resisted|p2a: Goodra
|-damage|p2a: Goodra|58/100
|
|t:|1760320594
|switch|p1a: Alomomola|Alomomola, M, shiny|100/100|[from] U-turn
|move|p2a: Goodra|Heavy Slam|p1a: Alomomola
|-resisted|p1a: Alomomola
|-damage|p1a: Alomomola|88/100
|
|upkeep
|turn|38
|
|t:|1760320598
|move|p1a: Alomomola|Wish|p1a: Alomomola
|move|p2a: Goodra|Knock Off|p1a: Alomomola
|-damage|p1a: Alomomola|75/100
|-enditem|p1a: Alomomola|Mystic Water|[from] move: Knock Off|[of] p2a: Goodra
|
|upkeep
|turn|39
|
|t:|1760320606
|move|p1a: Alomomola|Flip Turn|p2a: Goodra
|-resisted|p2a: Goodra
|-damage|p2a: Goodra|51/100
|
|t:|1760320610
|switch|p1a: Zamazenta|Zamazenta, shiny|64/100|[from] Flip Turn
|move|p2a: Goodra|Dragon Tail|p1a: Zamazenta
|-damage|p1a: Zamazenta|40/100
|drag|p1a: Sandy Shocks|Sandy Shocks|52/100
|
|-heal|p1a: Sandy Shocks|100/100|[from] move: Wish|[wisher] Alomomola
|upkeep
|turn|40
|
|t:|1760320615
|move|p1a: Sandy Shocks|Earth Power|p2a: Goodra
|-supereffective|p2a: Goodra
|-damage|p2a: Goodra|3/100
|move|p2a: Goodra|Knock Off|p1a: Sandy Shocks
|-damage|p1a: Sandy Shocks|74/100
|-enditem|p1a: Sandy Shocks|Choice Scarf|[from] move: Knock Off|[of] p2a: Goodra
|
|upkeep
|turn|41
|
|t:|1760320624
|switch|p2a: Alomomola|Alomomola, M|100/100
|move|p1a: Sandy Shocks|Volt Switch|p2a: Alomomola
|-supereffective|p2a: Alomomola
|-damage|p2a: Alomomola|15/100
|
|t:|1760320630
|-end|p1a: Sandy Shocks|Protosynthesis|[silent]
|switch|p1a: Kyurem|Kyurem|100/100|[from] Volt Switch
|-ability|p1a: Kyurem|Pressure
|
|-heal|p2a: Alomomola|21/100|[from] item: Leftovers
|upkeep
|turn|42
|
|t:|1760320634
|move|p2a: Alomomola|Protect|p2a: Alomomola
|-singleturn|p2a: Alomomola|Protect
|move|p1a: Kyurem|Dragon Dance|p1a: Kyurem
|-boost|p1a: Kyurem|atk|1
|-boost|p1a: Kyurem|spe|1
|
|-heal|p2a: Alomomola|27/100|[from] item: Leftovers
|upkeep
|turn|43
|
|t:|1760320639
|move|p1a: Kyurem|Scale Shot|p2a: Alomomola
|-damage|p2a: Alomomola|17/100
|-damage|p2a: Alomomola|7/100
|-damage|p2a: Alomomola|0 fnt
|faint|p2a: Alomomola
|-hitcount|p2: Alomomola|3
|-unboost|p1a: Kyurem|def|1
|-boost|p1a: Kyurem|spe|1
|
|upkeep
|-message|Minytank forfeited.
|
|win|enceggs
|raw|enceggs's rating: 1467 &rarr; <strong>1484</strong><br />(+17 for winning)
|raw|Minytank's rating: 1407 &rarr; <strong>1390</strong><br />(-17 for losing)
|l|☆Minytank
|player|p2|
|l|☆enceggs
|player|p1|
