|j|☆Denvertzzz
|j|☆No Skill Involved
|t:|1760429499
|gametype|singles
|player|p1|Denvertzzz|266|1166
|player|p2|No Skill Involved|266|1182
|gen|9
|tier|[Gen 9] OU
|rated|
|rule|HP Percentage Mod: HP is shown in percentages
|rule|Endless Battle Clause: Forcing endless battles is banned
|rule|Species Clause: Limit one of each Pokémon
|rule|OHKO Clause: OHKO moves are banned
|rule|Evasion Items Clause: Evasion items are banned
|rule|Evasion Moves Clause: Evasion moves are banned
|rule|Evasion Abilities Clause: Evasion abilities are banned
|rule|Sleep Moves Clause: Sleep-inducing moves are banned
|clearpoke
|poke|p1|Politoed, F|
|poke|p1|Quaquaval, M|
|poke|p1|Grimmsnarl, M|
|poke|p1|Drednaw, M|
|poke|p1|Dragonite, M|
|poke|p1|Registeel|
|poke|p2|Garchomp, M|
|poke|p2|Gallade, M|
|poke|p2|Clefable, M|
|poke|p2|Pecharunt|
|poke|p2|Iron Treads|
|poke|p2|Shaymin|
|teampreview
|inactive|Battle timer is ON: inactive players will automatically lose when time's up. (requested by No Skill Involved)
|
|t:|1760429525
|teamsize|p1|6
|teamsize|p2|6
|start
|switch|p1a: Lotta Cox|Grimmsnarl, M|100/100
|switch|p2a: Garchomp|Garchomp, M|100/100
|turn|1
|
|t:|1760429533
|move|p1a: Lotta Cox|Reflect|p1a: Lotta Cox
|-sidestart|p1: Denvertzzz|Reflect
|move|p2a: Garchomp|Stealth Rock|p1a: Lotta Cox
|-sidestart|p1: Denvertzzz|move: Stealth Rock
|
|upkeep
|turn|2
|
|t:|1760429538
|move|p2a: Garchomp|Spikes|p1a: Lotta Cox
|-sidestart|p1: Denvertzzz|Spikes
|move|p1a: Lotta Cox|Spirit Break|p2a: Garchomp
|-supereffective|p2a: Garchomp
|-damage|p2a: Garchomp|66/100
|-unboost|p2a: Garchomp|spa|1
|-damage|p1a: Lotta Cox|88/100|[from] ability: Rough Skin|[of] p2a: Garchomp
|-damage|p1a: Lotta Cox|72/100|[from] item: Rocky Helmet|[of] p2a: Garchomp
|
|upkeep
|turn|3
|
|t:|1760429551
|switch|p2a: Clefable|Clefable, M|100/100
|move|p1a: Lotta Cox|Parting Shot|p2a: Clefable
|-unboost|p2a: Clefable|atk|1
|-unboost|p2a: Clefable|spa|1
|
|t:|1760429558
|switch|p1a: Ligma Bolzak|Politoed, F, shiny|100/100|[from] Parting Shot
|-damage|p1a: Ligma Bolzak|88/100|[from] Stealth Rock
|-damage|p1a: Ligma Bolzak|76/100|[from] Spikes
|-weather|RainDance|[from] ability: Drizzle|[of] p1a: Ligma Bolzak
|
|-weather|RainDance|[upkeep]
|upkeep
|turn|4
|
|t:|1760429581
|move|p1a: Ligma Bolzak|Weather Ball|p2a: Clefable
|-damage|p2a: Clefable|41/100
|move|p2a: Clefable|Knock Off|p1a: Ligma Bolzak
|-damage|p1a: Ligma Bolzak|69/100
|-enditem|p1a: Ligma Bolzak|Damp Rock|[from] move: Knock Off|[of] p2a: Clefable
|
|-weather|RainDance|[upkeep]
|-heal|p2a: Clefable|47/100|[from] item: Leftovers
|upkeep
|turn|5
|
|t:|1760429591
|switch|p2a: Shaymin|Shaymin, shiny|100/100
|move|p1a: Ligma Bolzak|Weather Ball|p2a: Shaymin
|-resisted|p2a: Shaymin
|-damage|p2a: Shaymin|72/100
|
|-weather|RainDance|[upkeep]
|upkeep
|turn|6
|
|t:|1760429603
|switch|p1a: Buster Hyman|Registeel, shiny|100/100
|-damage|p1a: Buster Hyman|94/100|[from] Stealth Rock
|-damage|p1a: Buster Hyman|82/100|[from] Spikes
|move|p2a: Shaymin|Seed Flare|p1a: Buster Hyman
|-resisted|p1a: Buster Hyman
|-damage|p1a: Buster Hyman|61/100
|-damage|p2a: Shaymin|62/100|[from] item: Life Orb
|
|-weather|RainDance|[upkeep]
|upkeep
|turn|7
|
|t:|1760429616
|switch|p2a: Iron Treads|Iron Treads|100/100
|-item|p2a: Iron Treads|Air Balloon
|move|p1a: Buster Hyman|Stealth Rock|p2a: Iron Treads
|-sidestart|p2: No Skill Involved|move: Stealth Rock
|
|-weather|RainDance|[upkeep]
|upkeep
|turn|8
|
|t:|1760429624
|-terastallize|p1a: Buster Hyman|Fighting
|move|p2a: Iron Treads|Rapid Spin|p1a: Buster Hyman
|-damage|p1a: Buster Hyman|58/100
|-boost|p2a: Iron Treads|spe|1
|-sideend|p2: No Skill Involved|Stealth Rock|[from] move: Rapid Spin|[of] p2a: Iron Treads
|move|p1a: Buster Hyman|Body Press|p2a: Iron Treads
|-supereffective|p2a: Iron Treads
|-damage|p2a: Iron Treads|15/100
|-enditem|p2a: Iron Treads|Air Balloon
|
|-weather|RainDance|[upkeep]
|-sideend|p1: Denvertzzz|Reflect
|upkeep
|turn|9
|
|t:|1760429640
|move|p2a: Iron Treads|Volt Switch|p1a: Buster Hyman
|-damage|p1a: Buster Hyman|51/100
|
|t:|1760429646
|-end|p2a: Iron Treads|Quark Drive|[silent]
|switch|p2a: Clefable|Clefable, M|47/100|[from] Volt Switch
|move|p1a: Buster Hyman|Body Press|p2a: Clefable
|-resisted|p2a: Clefable
|-damage|p2a: Clefable|23/100
|
|-weather|RainDance|[upkeep]
|-heal|p2a: Clefable|29/100|[from] item: Leftovers
|upkeep
|turn|10
|
|t:|1760429654
|move|p2a: Clefable|Moonlight|p2a: Clefable
|-heal|p2a: Clefable|54/100
|move|p1a: Buster Hyman|Thunder Wave|p2a: Clefable
|-status|p2a: Clefable|par
|
|-weather|none
|-heal|p2a: Clefable|60/100 par|[from] item: Leftovers
|upkeep
|turn|11
|
|t:|1760429666
|move|p1a: Buster Hyman|Iron Defense|p1a: Buster Hyman
|-boost|p1a: Buster Hyman|def|2
|move|p2a: Clefable|Moonlight|p2a: Clefable
|-heal|p2a: Clefable|100/100 par
|
|upkeep
|turn|12
|
|t:|1760429671
|move|p1a: Buster Hyman|Iron Defense|p1a: Buster Hyman
|-boost|p1a: Buster Hyman|def|2
|move|p2a: Clefable|Moonblast|p1a: Buster Hyman
|-supereffective|p1a: Buster Hyman
|-damage|p1a: Buster Hyman|11/100
|
|upkeep
|turn|13
|
|t:|1760429678
|switch|p2a: Garchomp|Garchomp, M|66/100
|move|p1a: Buster Hyman|Body Press|p2a: Garchomp
|-damage|p2a: Garchomp|0 fnt
|-damage|p1a: Buster Hyman|0 fnt|[from] ability: Rough Skin|[of] p2a: Garchomp
|faint|p2a: Garchomp
|faint|p1a: Buster Hyman
|
|upkeep
|
|t:|1760429687
|switch|p2a: Gallade|Gallade, M, shiny|100/100
|switch|p1a: Drew Peacock|Quaquaval, M|100/100
|turn|14
|
|t:|1760429694
|move|p1a: Drew Peacock|Rapid Spin|p2a: Gallade
|-damage|p2a: Gallade|73/100
|-boost|p1a: Drew Peacock|spe|1
|-sideend|p1: Denvertzzz|Spikes|[from] move: Rapid Spin|[of] p1a: Drew Peacock
|-sideend|p1: Denvertzzz|Stealth Rock|[from] move: Rapid Spin|[of] p1a: Drew Peacock
|move|p2a: Gallade|Psycho Cut|p1a: Drew Peacock
|-supereffective|p1a: Drew Peacock
|-damage|p1a: Drew Peacock|0 fnt
|faint|p1a: Drew Peacock
|
|upkeep
|
|t:|1760429716
|switch|p1a: Lotta Cox|Grimmsnarl, M|72/100
|turn|15
|
|t:|1760429722
|move|p1a: Lotta Cox|Reflect|p1a: Lotta Cox
|-sidestart|p1: Denvertzzz|Reflect
|move|p2a: Gallade|Sacred Sword|p1a: Lotta Cox
|-damage|p1a: Lotta Cox|26/100
|
|upkeep
|turn|16
|
|t:|1760429728
|move|p1a: Lotta Cox|Parting Shot|p2a: Gallade
|-unboost|p2a: Gallade|atk|1
|-unboost|p2a: Gallade|spa|1
|
|t:|1760429732
|switch|p1a: Ligma Bolzak|Politoed, F, shiny|69/100|[from] Parting Shot
|-weather|RainDance|[from] ability: Drizzle|[of] p1a: Ligma Bolzak
|move|p2a: Gallade|Sacred Sword|p1a: Ligma Bolzak
|-damage|p1a: Ligma Bolzak|33/100
|
|-weather|RainDance|[upkeep]
|upkeep
|turn|17
|
|t:|1760429741
|move|p2a: Gallade|Sacred Sword|p1a: Ligma Bolzak
|-damage|p1a: Ligma Bolzak|0 fnt
|faint|p1a: Ligma Bolzak
|
|-weather|RainDance|[upkeep]
|upkeep
|
|t:|1760429755
|switch|p1a: Hugh Jass|Dragonite, M, shiny|100/100
|turn|18
|
|t:|1760429766
|switch|p2a: Iron Treads|Iron Treads|15/100
|move|p1a: Hugh Jass|Dragon Dance|p1a: Hugh Jass
|-boost|p1a: Hugh Jass|atk|1
|-boost|p1a: Hugh Jass|spe|1
|
|-weather|RainDance|[upkeep]
|upkeep
|turn|19
|
|t:|1760429795
|move|p1a: Hugh Jass|Earthquake|p2a: Iron Treads
|-supereffective|p2a: Iron Treads
|-damage|p2a: Iron Treads|0 fnt
|faint|p2a: Iron Treads
|-end|p2a: Iron Treads|Quark Drive|[silent]
|
|-weather|RainDance|[upkeep]
|upkeep
|
|t:|1760429798
|switch|p2a: Pecharunt|Pecharunt|100/100
|turn|20
|
|t:|1760429819
|-terastallize|p2a: Pecharunt|Dark
|move|p1a: Hugh Jass|Earthquake|p2a: Pecharunt
|-damage|p2a: Pecharunt|75/100
|move|p2a: Pecharunt|Parting Shot|p1a: Hugh Jass
|-unboost|p1a: Hugh Jass|atk|1
|-unboost|p1a: Hugh Jass|spa|1
|
|t:|1760429823
|switch|p2a: Clefable|Clefable, M|100/100 par|[from] Parting Shot
|
|-weather|none
|upkeep
|turn|21
|
|t:|1760429830
|move|p1a: Hugh Jass|Dragon Dance|p1a: Hugh Jass
|-boost|p1a: Hugh Jass|atk|1
|-boost|p1a: Hugh Jass|spe|1
|move|p2a: Clefable|Thunder Wave|p1a: Hugh Jass
|-status|p1a: Hugh Jass|par
|
|upkeep
|turn|22
|
|t:|1760429836
|move|p1a: Hugh Jass|Dragon Dance|p1a: Hugh Jass
|-boost|p1a: Hugh Jass|atk|1
|-boost|p1a: Hugh Jass|spe|1
|cant|p2a: Clefable|par
|
|-sideend|p1: Denvertzzz|Reflect
|upkeep
|turn|23
|
|t:|1760429842
|move|p1a: Hugh Jass|Dragon Dance|p1a: Hugh Jass
|-boost|p1a: Hugh Jass|atk|1
|-boost|p1a: Hugh Jass|spe|1
|move|p2a: Clefable|Knock Off|p1a: Hugh Jass
|-damage|p1a: Hugh Jass|92/100 par
|-enditem|p1a: Hugh Jass|Heavy-Duty Boots|[from] move: Knock Off|[of] p2a: Clefable
|
|upkeep
|turn|24
|
|t:|1760429849
|move|p1a: Hugh Jass|Dragon Dance|p1a: Hugh Jass
|-boost|p1a: Hugh Jass|atk|1
|-boost|p1a: Hugh Jass|spe|1
|move|p2a: Clefable|Moonblast|p1a: Hugh Jass
|-supereffective|p1a: Hugh Jass
|-damage|p1a: Hugh Jass|21/100 par
|
|upkeep
|turn|25
|
|t:|1760429858
|move|p1a: Hugh Jass|Earthquake|p2a: Clefable
|-damage|p2a: Clefable|8/100 par
|move|p2a: Clefable|Moonblast|p1a: Hugh Jass
|-supereffective|p1a: Hugh Jass
|-damage|p1a: Hugh Jass|0 fnt
|faint|p1a: Hugh Jass
|
|-heal|p2a: Clefable|14/100 par|[from] item: Leftovers
|upkeep
|
|t:|1760429867
|switch|p1a: Lotta Cox|Grimmsnarl, M|26/100
|turn|26
|
|t:|1760429873
|move|p1a: Lotta Cox|Light Screen|p1a: Lotta Cox
|-sidestart|p1: Denvertzzz|move: Light Screen
|move|p2a: Clefable|Moonlight|p2a: Clefable
|-heal|p2a: Clefable|64/100 par
|
|-heal|p2a: Clefable|71/100 par|[from] item: Leftovers
|upkeep
|turn|27
|
|t:|1760429896
|move|p1a: Lotta Cox|Spirit Break|p2a: Clefable
|-damage|p2a: Clefable|49/100 par
|-unboost|p2a: Clefable|spa|1
|move|p2a: Clefable|Thunder Wave|p1a: Lotta Cox
|-status|p1a: Lotta Cox|par
|
|-heal|p2a: Clefable|55/100 par|[from] item: Leftovers
|upkeep
|turn|28
|
|t:|1760429905
|cant|p1a: Lotta Cox|par
|move|p2a: Clefable|Moonlight|p2a: Clefable
|-heal|p2a: Clefable|100/100 par
|
|upkeep
|turn|29
|
|t:|1760429913
|move|p1a: Lotta Cox|Spirit Break|p2a: Clefable
|-crit|p2a: Clefable
|-damage|p2a: Clefable|67/100 par
|-unboost|p2a: Clefable|spa|1
|move|p2a: Clefable|Moonblast|p1a: Lotta Cox
|-supereffective|p1a: Lotta Cox
|-damage|p1a: Lotta Cox|14/100 par
|
|-heal|p2a: Clefable|73/100 par|[from] item: Leftovers
|upkeep
|turn|30
|
|t:|1760429922
|move|p2a: Clefable|Knock Off|p1a: Lotta Cox
|-resisted|p1a: Lotta Cox
|-damage|p1a: Lotta Cox|10/100 par
|-enditem|p1a: Lotta Cox|Light Clay|[from] move: Knock Off|[of] p2a: Clefable
|move|p1a: Lotta Cox|Spirit Break|p2a: Clefable
|-damage|p2a: Clefable|49/100 par
|-unboost|p2a: Clefable|spa|1
|
|-heal|p2a: Clefable|55/100 par|[from] item: Leftovers
|upkeep
|turn|31
|
|t:|1760429933
|move|p1a: Lotta Cox|Parting Shot|p2a: Clefable
|-unboost|p2a: Clefable|atk|1
|-unboost|p2a: Clefable|spa|1
|
|t:|1760429937
|switch|p1a: Yuri Tarted|Drednaw, M, shiny|100/100|[from] Parting Shot
|cant|p2a: Clefable|par
|
|-heal|p2a: Clefable|61/100 par|[from] item: Leftovers
|upkeep
|turn|32
|
|t:|1760429943
|move|p1a: Yuri Tarted|Shell Smash|p1a: Yuri Tarted
|-unboost|p1a: Yuri Tarted|def|1
|-unboost|p1a: Yuri Tarted|spd|1
|-boost|p1a: Yuri Tarted|atk|2
|-boost|p1a: Yuri Tarted|spa|2
|-boost|p1a: Yuri Tarted|spe|2
|-enditem|p1a: Yuri Tarted|White Herb
|-clearnegativeboost|p1a: Yuri Tarted|[silent]
|move|p2a: Clefable|Thunder Wave|p1a: Yuri Tarted
|-status|p1a: Yuri Tarted|par
|
|-heal|p2a: Clefable|67/100 par|[from] item: Leftovers
|upkeep
|turn|33
|
|t:|1760429954
|cant|p1a: Yuri Tarted|par
|move|p2a: Clefable|Moonblast|p1a: Yuri Tarted
|-damage|p1a: Yuri Tarted|93/100 par
|
|-heal|p2a: Clefable|73/100 par|[from] item: Leftovers
|-sideend|p1: Denvertzzz|move: Light Screen
|upkeep
|turn|34
|
|t:|1760429961
|switch|p2a: Pecharunt|Pecharunt, tera:Dark|75/100
|cant|p1a: Yuri Tarted|par
|
|upkeep
|turn|35
|
|t:|1760429967
|move|p1a: Yuri Tarted|Waterfall|p2a: Pecharunt
|-damage|p2a: Pecharunt|35/100
|move|p2a: Pecharunt|Foul Play|p1a: Yuri Tarted
|-damage|p1a: Yuri Tarted|0 fnt
|faint|p1a: Yuri Tarted
|
|upkeep
|
|t:|1760429978
|switch|p1a: Lotta Cox|Grimmsnarl, M|10/100 par
|turn|36
|
|t:|1760429982
|move|p2a: Pecharunt|Malignant Chain|p1a: Lotta Cox
|-supereffective|p1a: Lotta Cox
|-damage|p1a: Lotta Cox|0 fnt
|faint|p1a: Lotta Cox
|
|win|No Skill Involved
|raw|Denvertzzz's rating: 1188 &rarr; <strong>1163</strong><br />(-25 for losing)
|raw|No Skill Involved's rating: 1182 &rarr; <strong>1207</strong><br />(+25 for winning)
|l|☆Denvertzzz
|player|p1|
|l|☆No Skill Involved
|player|p2|
